{"id": "gen9randombattle-2641477652", "format": "[Gen 9] Random Battle", "players": ["shamu142", "dc inversion"], "log": "|badge|p2|bronze|gen9randombattle|100-9\n|html|<div class=\"broadcast-red\"><strong>This battle is required to be public due to one or more player having a season medal.</strong><br />During the public phase, you can discuss the state of the ladder <a href=\"/seasondiscussion\">in a special chatroom.</a></div>\n|uhtml|medal-msg|<div class=\"broadcast-blue\">Curious what those medals under the avatar are? PS now has Ladder Seasons! For more information, check out the <a href=\"https://www.smogon.com/forums/threads/3740067/\">thread on Smogon.</a></div>\n|j|\u2606shamu142\n|j|\u2606dc inversion\n|t:|1782791048\n|gametype|singles\n|player|p1|shamu142|baker|2189\n|player|p2|dc inversion|102|2318\n|gen|9\n|tier|[Gen 9] Random Battle\n|rated|\n|rule|Species Clause: Limit one of each Pok\u00e9mon\n|rule|HP Percentage Mod: HP is shown in percentages\n|rule|Sleep Clause Mod: Limit one foe put to sleep\n|rule|Illusion Level Mod: Illusion disguises the Pok\u00e9mon's true level\n|\n|t:|1782791048\n|teamsize|p1|6\n|teamsize|p2|6\n|start\n|switch|p1a: Yanmega|Yanmega, L82, F|275/275\n|switch|p2a: Espeon|Espeon, L84, M|246/246\n|turn|1\n|\n|t:|1782791062\n|switch|p2a: Gholdengo|Gholdengo, L77|261/261\n|move|p1a: Yanmega|U-turn|p2a: Gholdengo\n|-resisted|p2a: Gholdengo\n|-damage|p2a: Gholdengo|231/261\n|\n|t:|1782791068\n|switch|p1a: Toucannon|Toucannon, L88, F|284/284|[from] U-turn\n|\n|-heal|p2a: Gholdengo|247/261|[from] item: Leftovers\n|upkeep\n|turn|2\n|\n|t:|1782791074\n|move|p2a: Gholdengo|Make It Rain|p1a: Toucannon\n|-damage|p1a: Toucannon|149/284\n|-unboost|p2a: Gholdengo|spa|1\n|move|p1a: Toucannon|Knock Off|p2a: Gholdengo\n|-supereffective|p2a: Gholdengo\n|-damage|p2a: Gholdengo|71/261\n|-enditem|p2a: Gholdengo|Leftovers|[from] move: Knock Off|[of] p1a: Toucannon\n|\n|upkeep\n|turn|3\n|\n|t:|1782791083\n|move|p2a: Gholdengo|Recover|p2a: Gholdengo\n|-heal|p2a: Gholdengo|202/261\n|move|p1a: Toucannon|Roost|p1a: Toucannon\n|-heal|p1a: Toucannon|284/284\n|-singleturn|p1a: Toucannon|move: Roost\n|\n|upkeep\n|turn|4\n|inactive|Battle timer is ON: inactive players will automatically lose when time's up. (requested by dc inversion)\n|\n|t:|1782791134\n|switch|p2a: Sandaconda|Sandaconda, L84, F|258/258\n|switch|p1a: Zebstrika|Zebstrika, L87, M|272/272\n|\n|upkeep\n|turn|5\n|\n|t:|1782791140\n|switch|p1a: Chesnaught|Chesnaught, L84, M|285/285\n|move|p2a: Sandaconda|Stealth Rock|p1a: Chesnaught\n|-sidestart|p1: shamu142|move: Stealth Rock\n|\n|upkeep\n|turn|6\n|\n|t:|1782791146\n|switch|p2a: Espeon|Espeon, L84, M|246/246\n|move|p1a: Chesnaught|Knock Off|p2a: Espeon\n|-supereffective|p2a: Espeon\n|-damage|p2a: Espeon|66/246\n|-enditem|p2a: Espeon|Life Orb|[from] move: Knock Off|[of] p1a: Chesnaught\n|\n|upkeep\n|turn|7\n|\n|t:|1782791155\n|move|p2a: Espeon|Psyshock|p1a: Chesnaught\n|-supereffective|p1a: Chesnaught\n|-damage|p1a: Chesnaught|129/285\n|move|p1a: Chesnaught|Knock Off|p2a: Espeon\n|-supereffective|p2a: Espeon\n|-damage|p2a: Espeon|0 fnt\n|faint|p2a: Espeon\n|\n|-heal|p1a: Chesnaught|146/285|[from] item: Leftovers\n|upkeep\n|\n|t:|1782791163\n|switch|p2a: Dragapult|Dragapult, L77, M|262/262\n|turn|8\n|\n|t:|1782791168\n|switch|p1a: Farigiraf|Farigiraf, L90, F|362/362\n|-damage|p1a: Farigiraf|317/362|[from] Stealth Rock\n|move|p2a: Dragapult|Fire Blast|p1a: Farigiraf\n|-crit|p1a: Farigiraf\n|-damage|p1a: Farigiraf|160/362\n|-damage|p2a: Dragapult|236/262|[from] item: Life Orb\n|\n|-heal|p1a: Farigiraf|182/362|[from] item: Leftovers\n|upkeep\n|turn|9\n|\n|t:|1782791177\n|move|p2a: Dragapult|Dragon Dance|p2a: Dragapult\n|-boost|p2a: Dragapult|atk|1\n|-boost|p2a: Dragapult|spe|1\n|move|p1a: Farigiraf|Psychic Noise|p2a: Dragapult\n|-damage|p2a: Dragapult|103/262\n|-start|p2a: Dragapult|move: Heal Block\n|\n|-heal|p1a: Farigiraf|204/362|[from] item: Leftovers\n|upkeep\n|turn|10\n|\n|t:|1782791182\n|switch|p1a: Gholdengo|Gholdengo, L77|261/261\n|-damage|p1a: Gholdengo|245/261|[from] Stealth Rock\n|move|p2a: Dragapult|Dragon Darts|p1a: Gholdengo\n|-resisted|p1a: Gholdengo\n|-damage|p1a: Gholdengo|190/261\n|-anim|p2a: Dragapult|Dragon Darts|p1a: Gholdengo\n|-resisted|p1a: Gholdengo\n|-damage|p1a: Gholdengo|139/261\n|-damage|p2a: Dragapult|77/262|[from] item: Life Orb\n|\n|-end|p2a: Dragapult|move: Heal Block\n|upkeep\n|turn|11\n|\n|t:|1782791194\n|switch|p1a: Toucannon|Toucannon, L88, F|284/284\n|-terastallize|p2a: Dragapult|Ghost\n|move|p2a: Dragapult|Tera Blast|p1a: Toucannon|[anim] Tera Blast Ghost\n|-immune|p1a: Toucannon\n|\n|upkeep\n|turn|12\n|\n|t:|1782791197\n|move|p2a: Dragapult|Dragon Darts|p1a: Toucannon\n|-damage|p1a: Toucannon|181/284\n|-anim|p2a: Dragapult|Dragon Darts|p1a: Toucannon\n|-damage|p1a: Toucannon|60/284\n|-damage|p2a: Dragapult|51/262|[from] item: Life Orb\n|move|p1a: Toucannon|Knock Off|p2a: Dragapult\n|-supereffective|p2a: Dragapult\n|-damage|p2a: Dragapult|0 fnt\n|-enditem|p2a: Dragapult|Life Orb|[from] move: Knock Off|[of] p1a: Toucannon\n|faint|p2a: Dragapult\n|\n|upkeep\n|\n|t:|1782791212\n|switch|p2a: Sandaconda|Sandaconda, L84, F|258/258\n|turn|13\n|\n|t:|1782791216\n|switch|p1a: Chesnaught|Chesnaught, L84, M|146/285\n|-damage|p1a: Chesnaught|129/285|[from] Stealth Rock\n|move|p2a: Sandaconda|Stone Edge|p1a: Chesnaught\n|-resisted|p1a: Chesnaught\n|-crit|p1a: Chesnaught\n|-damage|p1a: Chesnaught|82/285\n|\n|-heal|p1a: Chesnaught|99/285|[from] item: Leftovers\n|upkeep\n|turn|14\n|\n|t:|1782791219\n|move|p2a: Sandaconda|Glare|p1a: Chesnaught\n|-status|p1a: Chesnaught|par\n|cant|p1a: Chesnaught|par\n|\n|-heal|p1a: Chesnaught|116/285 par|[from] item: Leftovers\n|upkeep\n|turn|15\n|\n|t:|1782791225\n|switch|p2a: Gholdengo|Gholdengo, L77|202/261\n|move|p1a: Chesnaught|Synthesis|p1a: Chesnaught\n|-heal|p1a: Chesnaught|258/285 par\n|\n|-heal|p1a: Chesnaught|275/285 par|[from] item: Leftovers\n|upkeep\n|turn|16\n|\n|t:|1782791233\n|switch|p1a: Zebstrika|Zebstrika, L87, M|272/272\n|-damage|p1a: Zebstrika|238/272|[from] Stealth Rock\n|move|p2a: Gholdengo|Nasty Plot|p2a: Gholdengo\n|-boost|p2a: Gholdengo|spa|2\n|\n|upkeep\n|turn|17\n|\n|t:|1782791240\n|switch|p2a: Porygon2|Porygon2, L81|270/270\n|-ability|p2a: Porygon2|Download|boost\n|-boost|p2a: Porygon2|spa|1\n|move|p1a: Zebstrika|Overheat|p2a: Porygon2\n|-damage|p2a: Porygon2|199/270\n|-unboost|p1a: Zebstrika|spa|2\n|-damage|p1a: Zebstrika|211/272|[from] item: Life Orb\n|\n|upkeep\n|turn|18\n|\n|t:|1782791247\n|move|p1a: Zebstrika|Volt Switch|p2a: Porygon2\n|-damage|p2a: Porygon2|168/270\n|-damage|p1a: Zebstrika|184/272|[from] item: Life Orb\n|\n|t:|1782791249\n|switch|p1a: Gholdengo|Gholdengo, L77|139/261|[from] Volt Switch\n|-damage|p1a: Gholdengo|123/261|[from] Stealth Rock\n|move|p2a: Porygon2|Discharge|p1a: Gholdengo\n|-damage|p1a: Gholdengo|27/261\n|\n|upkeep\n|turn|19\n|\n|t:|1782791254\n|move|p1a: Gholdengo|Trick|p2a: Porygon2\n|-activate|p1a: Gholdengo|move: Trick|[of] p2a: Porygon2\n|-item|p2a: Porygon2|Choice Scarf|[from] move: Trick\n|-item|p1a: Gholdengo|Eviolite|[from] move: Trick\n|move|p2a: Porygon2|Discharge|p1a: Gholdengo\n|-damage|p1a: Gholdengo|0 fnt\n|faint|p1a: Gholdengo\n|\n|upkeep\n|\n|t:|1782791259\n|switch|p1a: Chesnaught|Chesnaught, L84, M|275/285 par\n|-damage|p1a: Chesnaught|258/285 par|[from] Stealth Rock\n|turn|20\n|\n|t:|1782791264\n|switch|p2a: Gholdengo|Gholdengo, L77|202/261\n|move|p1a: Chesnaught|Wood Hammer|p2a: Gholdengo\n|-resisted|p2a: Gholdengo\n|-damage|p2a: Gholdengo|135/261\n|-damage|p1a: Chesnaught|236/285 par|[from] Recoil\n|\n|-heal|p1a: Chesnaught|253/285 par|[from] item: Leftovers\n|upkeep\n|turn|21\n|\n|t:|1782791276\n|switch|p1a: Zebstrika|Zebstrika, L87, M|184/272\n|-damage|p1a: Zebstrika|150/272|[from] Stealth Rock\n|move|p2a: Gholdengo|Recover|p2a: Gholdengo\n|-heal|p2a: Gholdengo|261/261\n|\n|upkeep\n|turn|22\n|\n|t:|1782791280\n|switch|p2a: Porygon2|Porygon2, L81|168/270\n|-ability|p2a: Porygon2|Download|boost\n|-boost|p2a: Porygon2|spa|1\n|move|p1a: Zebstrika|Overheat|p2a: Porygon2\n|-damage|p2a: Porygon2|63/270\n|-unboost|p1a: Zebstrika|spa|2\n|-damage|p1a: Zebstrika|123/272|[from] item: Life Orb\n|\n|upkeep\n|turn|23\n|\n|t:|1782791287\n|switch|p1a: Yanmega|Yanmega, L82, F|275/275\n|-damage|p1a: Yanmega|138/275|[from] Stealth Rock\n|move|p2a: Porygon2|Recover|p2a: Porygon2\n|-heal|p2a: Porygon2|198/270\n|\n|upkeep\n|turn|24\n|\n|t:|1782791292\n|switch|p2a: Gholdengo|Gholdengo, L77|261/261\n|move|p1a: Yanmega|Air Slash|p2a: Gholdengo\n|-resisted|p2a: Gholdengo\n|-damage|p2a: Gholdengo|117/261\n|\n|upkeep\n|turn|25\n|\n|t:|1782791306\n|switch|p2a: Porygon2|Porygon2, L81|198/270\n|-ability|p2a: Porygon2|Download|boost\n|-boost|p2a: Porygon2|spa|1\n|move|p1a: Yanmega|Air Slash|p2a: Porygon2\n|-damage|p2a: Porygon2|78/270\n|\n|upkeep\n|turn|26\n|\n|t:|1782791320\n|switch|p1a: Toucannon|Toucannon, L88, F|60/284\n|move|p2a: Porygon2|Ice Beam|p1a: Toucannon\n|-supereffective|p1a: Toucannon\n|-damage|p1a: Toucannon|0 fnt\n|faint|p1a: Toucannon\n|\n|upkeep\n|\n|t:|1782791322\n|switch|p1a: Farigiraf|Farigiraf, L90, F|204/362\n|-damage|p1a: Farigiraf|159/362|[from] Stealth Rock\n|turn|27\n|\n|t:|1782791338\n|switch|p2a: Gholdengo|Gholdengo, L77|117/261\n|move|p1a: Farigiraf|Wish|p1a: Farigiraf\n|\n|-heal|p1a: Farigiraf|181/362|[from] item: Leftovers\n|upkeep\n|turn|28\n|\n|t:|1782791343\n|move|p2a: Gholdengo|Recover|p2a: Gholdengo\n|-heal|p2a: Gholdengo|248/261\n|move|p1a: Farigiraf|Psychic Noise|p2a: Gholdengo\n|-resisted|p2a: Gholdengo\n|-damage|p2a: Gholdengo|192/261\n|-start|p2a: Gholdengo|move: Heal Block\n|\n|-heal|p1a: Farigiraf|362/362|[from] move: Wish|[wisher] Farigiraf\n|upkeep\n|turn|29\n|\n|t:|1782791349\n|switch|p1a: Zebstrika|Zebstrika, L87, M|123/272\n|-damage|p1a: Zebstrika|89/272|[from] Stealth Rock\n|move|p2a: Gholdengo|Nasty Plot|p2a: Gholdengo\n|-boost|p2a: Gholdengo|spa|2\n|\n|-end|p2a: Gholdengo|move: Heal Block\n|upkeep\n|turn|30\n|\n|t:|1782791358\n|move|p1a: Zebstrika|Overheat|p2a: Gholdengo\n|-supereffective|p2a: Gholdengo\n|-damage|p2a: Gholdengo|0 fnt\n|-unboost|p1a: Zebstrika|spa|2\n|faint|p2a: Gholdengo\n|-damage|p1a: Zebstrika|62/272|[from] item: Life Orb\n|\n|upkeep\n|\n|t:|1782791365\n|switch|p2a: Sandaconda|Sandaconda, L84, F|258/258\n|turn|31\n|\n|t:|1782791370\n|switch|p2a: Porygon2|Porygon2, L81|78/270\n|-ability|p2a: Porygon2|Download|boost\n|-boost|p2a: Porygon2|spa|1\n|move|p1a: Zebstrika|Volt Switch|p2a: Porygon2\n|-damage|p2a: Porygon2|31/270\n|-damage|p1a: Zebstrika|35/272|[from] item: Life Orb\n|\n|t:|1782791373\n|switch|p1a: Farigiraf|Farigiraf, L90, F|362/362|[from] Volt Switch\n|-damage|p1a: Farigiraf|317/362|[from] Stealth Rock\n|\n|-heal|p1a: Farigiraf|339/362|[from] item: Leftovers\n|upkeep\n|turn|32\n|\n|t:|1782791381\n|move|p2a: Porygon2|Tri Attack|p1a: Farigiraf\n|-damage|p1a: Farigiraf|192/362\n|-status|p1a: Farigiraf|frz\n|cant|p1a: Farigiraf|frz\n|\n|-heal|p1a: Farigiraf|214/362 frz|[from] item: Leftovers\n|upkeep\n|turn|33\n|\n|t:|1782791406\n|move|p2a: Porygon2|Tri Attack|p1a: Farigiraf\n|-damage|p1a: Farigiraf|70/362 frz\n|cant|p1a: Farigiraf|frz\n|\n|-heal|p1a: Farigiraf|92/362 frz|[from] item: Leftovers\n|upkeep\n|turn|34\n|\n|t:|1782791413\n|move|p2a: Porygon2|Tri Attack|p1a: Farigiraf\n|-damage|p1a: Farigiraf|0 fnt\n|faint|p1a: Farigiraf\n|\n|upkeep\n|\n|t:|1782791414\n|switch|p1a: Zebstrika|Zebstrika, L87, M|35/272\n|-damage|p1a: Zebstrika|1/272|[from] Stealth Rock\n|turn|35\n|\n|t:|1782791422\n|switch|p2a: Sandaconda|Sandaconda, L84, F|258/258\n|move|p1a: Zebstrika|Overheat|p2a: Sandaconda|[miss]\n|-miss|p1a: Zebstrika|p2a: Sandaconda\n|\n|upkeep\n|turn|36\n|\n|t:|1782791430\n|switch|p1a: Chesnaught|Chesnaught, L84, M|253/285 par\n|-damage|p1a: Chesnaught|236/285 par|[from] Stealth Rock\n|move|p2a: Sandaconda|Earthquake|p1a: Chesnaught\n|-resisted|p1a: Chesnaught\n|-damage|p1a: Chesnaught|188/285 par\n|\n|-heal|p1a: Chesnaught|205/285 par|[from] item: Leftovers\n|upkeep\n|turn|37\n|\n|t:|1782791434\n|switch|p2a: Volbeat|Volbeat, L90, M|263/263\n|move|p1a: Chesnaught|Knock Off|p2a: Volbeat\n|-damage|p2a: Volbeat|179/263\n|-enditem|p2a: Volbeat|Heavy-Duty Boots|[from] move: Knock Off|[of] p1a: Chesnaught\n|\n|-heal|p1a: Chesnaught|222/285 par|[from] item: Leftovers\n|upkeep\n|turn|38\n|\n|t:|1782791447\n|move|p2a: Volbeat|Roost|p2a: Volbeat\n|-heal|p2a: Volbeat|263/263\n|-singleturn|p2a: Volbeat|move: Roost\n|move|p1a: Chesnaught|Body Press|p2a: Volbeat\n|-resisted|p2a: Volbeat\n|-damage|p2a: Volbeat|211/263\n|\n|-heal|p1a: Chesnaught|239/285 par|[from] item: Leftovers\n|upkeep\n|turn|39\n|\n|t:|1782791454\n|move|p2a: Volbeat|Encore|p1a: Chesnaught\n|-start|p1a: Chesnaught|Encore\n|move|p1a: Chesnaught|Body Press|p2a: Volbeat\n|-resisted|p2a: Volbeat\n|-damage|p2a: Volbeat|161/263\n|\n|-heal|p1a: Chesnaught|256/285 par|[from] item: Leftovers\n|upkeep\n|turn|40\n|\n|t:|1782791463\n|move|p2a: Volbeat|Roost|p2a: Volbeat\n|-heal|p2a: Volbeat|263/263\n|-singleturn|p2a: Volbeat|move: Roost\n|move|p1a: Chesnaught|Body Press|p2a: Volbeat\n|-resisted|p2a: Volbeat\n|-damage|p2a: Volbeat|210/263\n|\n|-heal|p1a: Chesnaught|273/285 par|[from] item: Leftovers\n|upkeep\n|turn|41\n|\n|t:|1782791465\n|move|p2a: Volbeat|U-turn|p1a: Chesnaught\n|-damage|p1a: Chesnaught|221/285 par\n|\n|t:|1782791468\n|switch|p2a: Sandaconda|Sandaconda, L84, F|258/258|[from] U-turn\n|cant|p1a: Chesnaught|par\n|\n|-heal|p1a: Chesnaught|238/285 par|[from] item: Leftovers\n|-end|p1a: Chesnaught|Encore\n|upkeep\n|turn|42\n|\n|t:|1782791472\n|switch|p2a: Volbeat|Volbeat, L90, M|210/263\n|move|p1a: Chesnaught|Wood Hammer|p2a: Volbeat\n|-resisted|p2a: Volbeat\n|-damage|p2a: Volbeat|141/263\n|-damage|p1a: Chesnaught|215/285 par|[from] Recoil\n|\n|-heal|p1a: Chesnaught|232/285 par|[from] item: Leftovers\n|upkeep\n|turn|43\n|\n|t:|1782791479\n|move|p2a: Volbeat|Encore|p1a: Chesnaught\n|-start|p1a: Chesnaught|Encore\n|move|p1a: Chesnaught|Wood Hammer|p2a: Volbeat\n|-resisted|p2a: Volbeat\n|-damage|p2a: Volbeat|72/263\n|-damage|p1a: Chesnaught|209/285 par|[from] Recoil\n|\n|-heal|p1a: Chesnaught|226/285 par|[from] item: Leftovers\n|upkeep\n|turn|44\n|\n|t:|1782791484\n|move|p2a: Volbeat|Roost|p2a: Volbeat\n|-heal|p2a: Volbeat|204/263\n|-singleturn|p2a: Volbeat|move: Roost\n|move|p1a: Chesnaught|Wood Hammer|p2a: Volbeat\n|-resisted|p2a: Volbeat\n|-damage|p2a: Volbeat|134/263\n|-damage|p1a: Chesnaught|203/285 par|[from] Recoil\n|\n|-heal|p1a: Chesnaught|220/285 par|[from] item: Leftovers\n|upkeep\n|turn|45\n|\n|t:|1782791487\n|move|p2a: Volbeat|Roost|p2a: Volbeat\n|-heal|p2a: Volbeat|263/263\n|-singleturn|p2a: Volbeat|move: Roost\n|cant|p1a: Chesnaught|par\n|\n|-heal|p1a: Chesnaught|237/285 par|[from] item: Leftovers\n|-end|p1a: Chesnaught|Encore\n|upkeep\n|turn|46\n|j| starf0x\n|\n|t:|1782791507\n|move|p2a: Volbeat|Encore|p1a: Chesnaught\n|-start|p1a: Chesnaught|Encore\n|move|p1a: Chesnaught|Wood Hammer|p2a: Volbeat\n|-resisted|p2a: Volbeat\n|-damage|p2a: Volbeat|194/263\n|-damage|p1a: Chesnaught|214/285 par|[from] Recoil\n|\n|-heal|p1a: Chesnaught|231/285 par|[from] item: Leftovers\n|upkeep\n|turn|47\n|\n|t:|1782791517\n|move|p2a: Volbeat|U-turn|p1a: Chesnaught\n|-damage|p1a: Chesnaught|180/285 par\n|\n|t:|1782791519\n|switch|p2a: Sandaconda|Sandaconda, L84, F|258/258|[from] U-turn\n|move|p1a: Chesnaught|Wood Hammer|p2a: Sandaconda\n|-supereffective|p2a: Sandaconda\n|-damage|p2a: Sandaconda|46/258\n|-damage|p1a: Chesnaught|110/285 par|[from] Recoil\n|\n|-heal|p2a: Sandaconda|62/258|[from] item: Leftovers\n|-heal|p1a: Chesnaught|127/285 par|[from] item: Leftovers\n|upkeep\n|turn|48\n|\n|t:|1782791538\n|move|p2a: Sandaconda|Earthquake|p1a: Chesnaught\n|-resisted|p1a: Chesnaught\n|-damage|p1a: Chesnaught|85/285 par\n|cant|p1a: Chesnaught|par\n|\n|-heal|p2a: Sandaconda|78/258|[from] item: Leftovers\n|-heal|p1a: Chesnaught|102/285 par|[from] item: Leftovers\n|-end|p1a: Chesnaught|Encore\n|upkeep\n|turn|49\n|\n|t:|1782791542\n|switch|p2a: Volbeat|Volbeat, L90, M|194/263\n|move|p1a: Chesnaught|Synthesis|p1a: Chesnaught\n|-heal|p1a: Chesnaught|244/285 par\n|\n|-heal|p1a: Chesnaught|261/285 par|[from] item: Leftovers\n|upkeep\n|turn|50\n|\n|t:|1782791547\n|move|p2a: Volbeat|Encore|p1a: Chesnaught\n|-start|p1a: Chesnaught|Encore\n|move|p1a: Chesnaught|Synthesis|p1a: Chesnaught\n|-heal|p1a: Chesnaught|285/285 par\n|\n|upkeep\n|turn|51\n|\n|t:|1782791549\n|move|p2a: Volbeat|U-turn|p1a: Chesnaught\n|-damage|p1a: Chesnaught|234/285 par\n|\n|t:|1782791552\n|switch|p2a: Porygon2|Porygon2, L81|31/270|[from] U-turn\n|-ability|p2a: Porygon2|Download|boost\n|-boost|p2a: Porygon2|spa|1\n|move|p1a: Chesnaught|Synthesis|p1a: Chesnaught\n|-heal|p1a: Chesnaught|285/285 par\n|\n|upkeep\n|turn|52\n|\n|t:|1782791555\n|move|p2a: Porygon2|Ice Beam|p1a: Chesnaught\n|-supereffective|p1a: Chesnaught\n|-damage|p1a: Chesnaught|63/285 par\n|move|p1a: Chesnaught|Synthesis|p1a: Chesnaught\n|-heal|p1a: Chesnaught|205/285 par\n|\n|-heal|p1a: Chesnaught|222/285 par|[from] item: Leftovers\n|-end|p1a: Chesnaught|Encore\n|upkeep\n|turn|53\n|\n|t:|1782791559\n|switch|p2a: Volbeat|Volbeat, L90, M|194/263\n|-terastallize|p1a: Chesnaught|Water\n|cant|p1a: Chesnaught|par\n|\n|-heal|p1a: Chesnaught|239/285 par|[from] item: Leftovers\n|upkeep\n|turn|54\n|\n|t:|1782791566\n|move|p2a: Volbeat|Encore|p1a: Chesnaught\n|-start|p1a: Chesnaught|Encore\n|move|p1a: Chesnaught|Synthesis|p1a: Chesnaught\n|-heal|p1a: Chesnaught|285/285 par\n|\n|upkeep\n|turn|55\n|\n|t:|1782791585\n|move|p2a: Volbeat|U-turn|p1a: Chesnaught\n|-damage|p1a: Chesnaught|231/285 par\n|\n|t:|1782791588\n|switch|p2a: Porygon2|Porygon2, L81|31/270|[from] U-turn\n|-ability|p2a: Porygon2|Download|boost\n|-boost|p2a: Porygon2|spa|1\n|move|p1a: Chesnaught|Synthesis|p1a: Chesnaught\n|-heal|p1a: Chesnaught|285/285 par\n|\n|upkeep\n|turn|56\n|\n|t:|1782791593\n|move|p2a: Porygon2|Discharge|p1a: Chesnaught\n|-supereffective|p1a: Chesnaught\n|-damage|p1a: Chesnaught|93/285 par\n|move|p1a: Chesnaught|Synthesis|p1a: Chesnaught\n|-heal|p1a: Chesnaught|235/285 par\n|\n|-heal|p1a: Chesnaught|252/285 par|[from] item: Leftovers\n|-end|p1a: Chesnaught|Encore\n|upkeep\n|turn|57\n|\n|t:|1782791598\n|switch|p2a: Volbeat|Volbeat, L90, M|194/263\n|move|p1a: Chesnaught|Body Press|p2a: Volbeat\n|-resisted|p2a: Volbeat\n|-damage|p2a: Volbeat|137/263\n|\n|-heal|p1a: Chesnaught|269/285 par|[from] item: Leftovers\n|upkeep\n|turn|58\n|-message|shamu142 forfeited.\n|\n|win|dc inversion\n", "inputlog": ">version f8ac14003a5f27e1bdc8d8c59608a773c1cb96e5\n>start {\"formatid\":\"gen9randombattle\",\"seed\":\"sodium,1bc607cf3a61c23fe702b5e8d9421660\",\"rated\":\"Rated battle\"}\n>player p1 {\"name\":\"shamu142\",\"avatar\":\"baker\",\"rating\":2189,\"seed\":\"sodium,bac23f45d4bc30349c598b1905a08c36\"}\n>player p2 {\"name\":\"dc inversion\",\"avatar\":\"102\",\"rating\":2318,\"seed\":\"sodium,0bbeae9573a5a07ea2b2eb4b7c77e6c2\"}\n>p1 move uturn\n>p2 switch 3\n>p1 switch 5\n>p1 move knockoff\n>p2 move makeitrain\n>p1 move roost\n>p2 move recover\n>p1 switch 4\n>p2 switch 2\n>p1 switch 2\n>p2 move stealthrock\n>p1 move knockoff\n>p2 switch 3\n>p1 move knockoff\n>p2 move psyshock\n>p2 switch 4\n>p1 switch 6\n>p2 move fireblast\n>p1 move psychicnoise\n>p2 move dragondance\n>p1 switch 3\n>p2 move dragondarts\n>p1 switch 4\n>p2 move terablast terastallize\n>p1 move knockoff\n>p2 move dragondarts\n>p2 switch 3\n>p1 switch 6\n>p2 move stoneedge\n>p1 move synthesis\n>p2 move glare\n>p1 move synthesis\n>p2 switch 2\n>p1 switch 2\n>p2 move nastyplot\n>p1 move overheat\n>p2 switch 6\n>p1 move voltswitch\n>p2 move discharge\n>p1 switch 4\n>p1 move trick\n>p2 move discharge\n>p1 switch 2\n>p1 move woodhammer\n>p2 switch 6\n>p1 switch 4\n>p2 move recover\n>p1 move overheat\n>p2 switch 6\n>p1 switch 5\n>p2 move recover\n>p1 move airslash\n>p2 switch 6\n>p1 move airslash\n>p2 switch 6\n>p1 switch 6\n>p2 move icebeam\n>p1 switch 3\n>p1 move wish\n>p2 switch 6\n>p1 move psychicnoise\n>p2 move recover\n>p1 switch 5\n>p2 move nastyplot\n>p1 move overheat\n>p2 move shadowball\n>p2 switch 2\n>p1 move voltswitch\n>p2 switch 6\n>p1 switch 5\n>p1 move bodyslam\n>p2 move triattack\n>p1 move bodyslam\n>p2 move triattack\n>p1 move wish\n>p2 move triattack\n>p1 switch 5\n>p1 move overheat\n>p2 switch 6\n>p1 switch 4\n>p2 move earthquake\n>p1 move knockoff\n>p2 switch 5\n>p1 move bodypress\n>p2 move roost\n>p1 move bodypress\n>p2 move encore\n>p1 move bodypress\n>p2 move roost\n>p1 move bodypress\n>p2 move uturn\n>p2 switch 5\n>p1 move woodhammer\n>p2 switch 5\n>p1 move bodypress\n>p2 move encore\n>p1 move woodhammer\n>p2 move roost\n>p1 move woodhammer\n>p2 move roost\n>p1 move bodypress\n>p2 move encore\n>p1 move woodhammer\n>p2 move uturn\n>p2 switch 5\n>p1 move woodhammer\n>p2 move earthquake\n>p1 move synthesis\n>p2 switch 5\n>p1 move knockoff\n>p2 move encore\n>p1 move synthesis\n>p2 move uturn\n>p2 switch 6\n>p1 move synthesis\n>p2 move icebeam\n>p1 move knockoff terastallize\n>p2 switch 6\n>p1 move knockoff\n>p2 move encore\n>p1 move synthesis\n>p2 move uturn\n>p2 switch 6\n>p1 move synthesis\n>p2 move discharge\n>p1 move bodypress\n>p2 switch 6\n>forcelose p1", "uploadtime": 1782791050, "views": 6, "formatid": "gen9randombattle", "rating": null, "private": 0, "password": null, "player_dets": [{"name": "shamu142", "avatar": "baker", "rating": 2189, "seed": "sodium,bac23f45d4bc30349c598b1905a08c36"}, {"name": "dc inversion", "avatar": "102", "rating": 2318, "seed": "sodium,0bbeae9573a5a07ea2b2eb4b7c77e6c2"}], "teams_full": [{"Yanmega": {"name": "Yanmega", "species": "Yanmega", "speciesId": "yanmega", "gender": "F", "shiny": false, "level": 82, "moves": ["airslash", "gigadrain", "bugbuzz", "uturn"], "ability": "Tinted Lens", "evs": {"hp": 85, "atk": 85, "def": 85, "spa": 85, "spd": 85, "spe": 85}, "ivs": {"hp": 31, "atk": 31, "def": 31, "spa": 31, "spd": 31, "spe": 31}, "item": "Choice Specs", "teraType": "Bug", "role": "Wallbreaker", "bvs": {"hp": 86, "atk": 76, "def": 86, "spa": 116, "spd": 56, "spe": 95}, "stats": {"hp": 275, "atk": 172, "def": 188, "spa": 237, "spd": 139, "spe": 203}, "types": ["Bug", "Flying"]}, "Chesnaught": {"name": "Chesnaught", "species": "Chesnaught", "speciesId": "chesnaught", "gender": "M", "shiny": false, "level": 84, "moves": ["synthesis", "woodhammer", "bodypress", "knockoff"], "ability": "Bulletproof", "evs": {"hp": 85, "atk": 85, "def": 85, "spa": 85, "spd": 85, "spe": 85}, "ivs": {"hp": 31, "atk": 31, "def": 31, "spa": 31, "spd": 31, "spe": 31}, "item": "Leftovers", "teraType": "Water", "role": "Bulky Support", "bvs": {"hp": 88, "atk": 107, "def": 122, "spa": 74, "spd": 75, "spe": 64}, "stats": {"hp": 285, "atk": 228, "def": 253, "spa": 173, "spd": 174, "spe": 156}, "types": ["Grass", "Fighting"]}, "Gholdengo": {"name": "Gholdengo", "species": "Gholdengo", "speciesId": "gholdengo", "gender": "N", "shiny": false, "level": 77, "moves": ["makeitrain", "trick", "focusblast", "shadowball"], "ability": "Good as Gold", "evs": {"hp": 85, "atk": 0, "def": 85, "spa": 85, "spd": 85, "spe": 85}, "ivs": {"hp": 31, "atk": 0, "def": 31, "spa": 31, "spd": 31, "spe": 31}, "item": "Choice Scarf", "teraType": "Fighting", "role": "Bulky Attacker", "bvs": {"hp": 87, "atk": 60, "def": 95, "spa": 133, "spd": 91, "spe": 84}, "stats": {"hp": 261, "atk": 97, "def": 191, "spa": 249, "spd": 185, "spe": 174}, "types": ["Steel", "Ghost"]}, "Zebstrika": {"name": "Zebstrika", "species": "Zebstrika", "speciesId": "zebstrika", "gender": "M", "shiny": false, "level": 87, "moves": ["voltswitch", "highhorsepower", "supercellslam", "overheat"], "ability": "Sap Sipper", "evs": {"hp": 85, "atk": 85, "def": 85, "spa": 85, "spd": 85, "spe": 85}, "ivs": {"hp": 31, "atk": 31, "def": 31, "spa": 31, "spd": 31, "spe": 31}, "item": "Life Orb", "teraType": "Ground", "role": "Fast Attacker", "bvs": {"hp": 75, "atk": 100, "def": 63, "spa": 80, "spd": 63, "spe": 116}, "stats": {"hp": 272, "atk": 224, "def": 159, "spa": 189, "spd": 159, "spe": 252}, "types": ["Electric"]}, "Toucannon": {"name": "Toucannon", "species": "Toucannon", "speciesId": "toucannon", "gender": "F", "shiny": false, "level": 88, "moves": ["roost", "boomburst", "knockoff", "beakblast"], "ability": "Keen Eye", "evs": {"hp": 85, "atk": 85, "def": 85, "spa": 85, "spd": 85, "spe": 85}, "ivs": {"hp": 31, "atk": 31, "def": 31, "spa": 31, "spd": 31, "spe": 31}, "item": "Heavy-Duty Boots", "teraType": "Steel", "role": "Bulky Support", "bvs": {"hp": 80, "atk": 120, "def": 75, "spa": 75, "spd": 75, "spe": 60}, "stats": {"hp": 284, "atk": 261, "def": 182, "spa": 182, "spd": 182, "spe": 156}, "types": ["Normal", "Flying"]}, "Farigiraf": {"name": "Farigiraf", "species": "Farigiraf", "speciesId": "farigiraf", "gender": "F", "shiny": false, "level": 90, "moves": ["psychicnoise", "protect", "wish", "bodyslam"], "ability": "Sap Sipper", "evs": {"hp": 85, "atk": 85, "def": 85, "spa": 85, "spd": 85, "spe": 85}, "ivs": {"hp": 31, "atk": 31, "def": 31, "spa": 31, "spd": 31, "spe": 31}, "item": "Leftovers", "teraType": "Water", "role": "Bulky Support", "bvs": {"hp": 120, "atk": 90, "def": 70, "spa": 110, "spd": 70, "spe": 60}, "stats": {"hp": 362, "atk": 213, "def": 177, "spa": 249, "spd": 177, "spe": 159}, "types": ["Normal", "Psychic"]}}, {"Espeon": {"name": "Espeon", "species": "Espeon", "speciesId": "espeon", "gender": "M", "shiny": false, "level": 84, "moves": ["shadowball", "calmmind", "alluringvoice", "psyshock"], "ability": "Magic Bounce", "evs": {"hp": 85, "atk": 0, "def": 85, "spa": 85, "spd": 85, "spe": 85}, "ivs": {"hp": 31, "atk": 0, "def": 31, "spa": 31, "spd": 31, "spe": 31}, "item": "Life Orb", "teraType": "Psychic", "role": "Fast Attacker", "bvs": {"hp": 65, "atk": 65, "def": 60, "spa": 130, "spd": 95, "spe": 110}, "stats": {"hp": 246, "atk": 114, "def": 149, "spa": 267, "spd": 208, "spe": 233}, "types": ["Psychic"]}, "Sandaconda": {"name": "Sandaconda", "species": "Sandaconda", "speciesId": "sandaconda", "gender": "F", "shiny": false, "level": 84, "moves": ["glare", "stoneedge", "stealthrock", "earthquake"], "ability": "Shed Skin", "evs": {"hp": 85, "atk": 85, "def": 85, "spa": 85, "spd": 85, "spe": 85}, "ivs": {"hp": 31, "atk": 31, "def": 31, "spa": 31, "spd": 31, "spe": 31}, "item": "Leftovers", "teraType": "Water", "role": "Bulky Attacker", "bvs": {"hp": 72, "atk": 107, "def": 125, "spa": 65, "spd": 70, "spe": 71}, "stats": {"hp": 258, "atk": 228, "def": 258, "spa": 157, "spd": 166, "spe": 167}, "types": ["Ground"]}, "Gholdengo": {"name": "Gholdengo", "species": "Gholdengo", "speciesId": "gholdengo", "gender": "N", "shiny": false, "level": 77, "moves": ["recover", "nastyplot", "shadowball", "makeitrain"], "ability": "Good as Gold", "evs": {"hp": 85, "atk": 0, "def": 85, "spa": 85, "spd": 85, "spe": 85}, "ivs": {"hp": 31, "atk": 0, "def": 31, "spa": 31, "spd": 31, "spe": 31}, "item": "Leftovers", "teraType": "Steel", "role": "Bulky Support", "bvs": {"hp": 87, "atk": 60, "def": 95, "spa": 133, "spd": 91, "spe": 84}, "stats": {"hp": 261, "atk": 97, "def": 191, "spa": 249, "spd": 185, "spe": 174}, "types": ["Steel", "Ghost"]}, "Dragapult": {"name": "Dragapult", "species": "Dragapult", "speciesId": "dragapult", "gender": "M", "shiny": false, "level": 77, "moves": ["dragondance", "dragondarts", "fireblast", "terablast"], "ability": "Clear Body", "evs": {"hp": 85, "atk": 85, "def": 85, "spa": 85, "spd": 85, "spe": 85}, "ivs": {"hp": 31, "atk": 31, "def": 31, "spa": 31, "spd": 31, "spe": 31}, "item": "Life Orb", "teraType": "Ghost", "role": "Tera Blast user", "bvs": {"hp": 88, "atk": 120, "def": 75, "spa": 100, "spd": 75, "spe": 142}, "stats": {"hp": 262, "atk": 229, "def": 160, "spa": 199, "spd": 160, "spe": 263}, "types": ["Dragon", "Ghost"]}, "Volbeat": {"name": "Volbeat", "species": "Volbeat", "speciesId": "volbeat", "gender": "M", "shiny": false, "level": 90, "moves": ["encore", "thunderwave", "roost", "uturn"], "ability": "Prankster", "evs": {"hp": 85, "atk": 85, "def": 85, "spa": 85, "spd": 85, "spe": 85}, "ivs": {"hp": 31, "atk": 31, "def": 31, "spa": 31, "spd": 31, "spe": 31}, "item": "Heavy-Duty Boots", "teraType": "Water", "role": "Bulky Support", "bvs": {"hp": 65, "atk": 73, "def": 75, "spa": 47, "spd": 85, "spe": 85}, "stats": {"hp": 263, "atk": 183, "def": 186, "spa": 136, "spd": 204, "spe": 204}, "types": ["Bug"]}, "Porygon2": {"name": "Porygon2", "species": "Porygon2", "speciesId": "porygon2", "gender": "N", "shiny": false, "level": 81, "moves": ["icebeam", "recover", "discharge", "triattack"], "ability": "Download", "evs": {"hp": 85, "atk": 0, "def": 85, "spa": 85, "spd": 85, "spe": 85}, "ivs": {"hp": 31, "atk": 0, "def": 31, "spa": 31, "spd": 31, "spe": 31}, "item": "Eviolite", "teraType": "Ghost", "role": "Bulky Support", "bvs": {"hp": 85, "atk": 80, "def": 90, "spa": 105, "spd": 95, "spe": 60}, "stats": {"hp": 270, "atk": 134, "def": 192, "spa": 217, "spd": 201, "spe": 144}, "types": ["Normal"]}}]}