{"id": "gen9randombattle-2641269260", "format": "[Gen 9] Random Battle", "players": ["Dorothyyyy", "RodmanJones"], "log": "|j|\u2606Dorothyyyy\n|j|\u2606RodmanJones\n|t:|1782761414\n|gametype|singles\n|player|p1|Dorothyyyy|cheryl|1475\n|player|p2|RodmanJones|veteran|1497\n|gen|9\n|tier|[Gen 9] Random Battle\n|rated|\n|rule|Species Clause: Limit one of each Pok\u00e9mon\n|rule|HP Percentage Mod: HP is shown in percentages\n|rule|Sleep Clause Mod: Limit one foe put to sleep\n|rule|Illusion Level Mod: Illusion disguises the Pok\u00e9mon's true level\n|\n|t:|1782761414\n|teamsize|p1|6\n|teamsize|p2|6\n|start\n|switch|p1a: Seviper|Seviper, L93, F|287/287\n|switch|p2a: Swanna|Swanna, L89, F|278/278\n|turn|1\n|inactive|Battle timer is ON: inactive players will automatically lose when time's up. (requested by Dorothyyyy)\n|\n|t:|1782761426\n|move|p2a: Swanna|Brave Bird|p1a: Seviper\n|-damage|p1a: Seviper|127/287\n|-damage|p2a: Swanna|225/278|[from] Recoil\n|move|p1a: Seviper|Gunk Shot|p2a: Swanna\n|-damage|p2a: Swanna|32/278\n|-status|p2a: Swanna|psn\n|\n|-heal|p1a: Seviper|144/287|[from] item: Leftovers\n|-damage|p2a: Swanna|0 fnt|[from] psn\n|faint|p2a: Swanna\n|upkeep\n|\n|t:|1782761443\n|switch|p2a: Palafin|Palafin, L77, M|281/281\n|turn|2\n|\n|t:|1782761471\n|detailschange|p2a: Palafin|Palafin-Hero, L77, M\n|switch|p2a: Trevenant|Trevenant, L89, M|296/296\n|move|p1a: Seviper|Trailblaze|p2a: Trevenant\n|-resisted|p2a: Trevenant\n|-damage|p2a: Trevenant|271/296\n|-boost|p1a: Seviper|spe|1\n|\n|-heal|p1a: Seviper|161/287|[from] item: Leftovers\n|upkeep\n|turn|3\n|\n|t:|1782761485\n|move|p1a: Seviper|Gunk Shot|p2a: Trevenant\n|-damage|p2a: Trevenant|117/296\n|-enditem|p2a: Trevenant|Sitrus Berry|[eat]\n|-heal|p2a: Trevenant|191/296|[from] item: Sitrus Berry\n|move|p2a: Trevenant|Poltergeist|p1a: Seviper\n|-activate|p1a: Seviper|move: Poltergeist|Leftovers\n|-damage|p1a: Seviper|0 fnt\n|faint|p1a: Seviper\n|\n|-item|p2a: Trevenant|Sitrus Berry|[from] ability: Harvest\n|upkeep\n|\n|t:|1782761497\n|switch|p1a: Eelektross|Eelektross, L87, M|290/290\n|turn|4\n|\n|t:|1782761504\n|move|p2a: Trevenant|Toxic|p1a: Eelektross\n|-status|p1a: Eelektross|tox\n|move|p1a: Eelektross|Flamethrower|p2a: Trevenant\n|-supereffective|p2a: Trevenant\n|-damage|p2a: Trevenant|57/296\n|-enditem|p2a: Trevenant|Sitrus Berry|[eat]\n|-heal|p2a: Trevenant|131/296|[from] item: Sitrus Berry\n|\n|-damage|p1a: Eelektross|272/290 tox|[from] psn\n|-item|p2a: Trevenant|Sitrus Berry|[from] ability: Harvest\n|upkeep\n|-enditem|p2a: Trevenant|Sitrus Berry|[eat]\n|-heal|p2a: Trevenant|205/296|[from] item: Sitrus Berry\n|turn|5\n|\n|t:|1782761517\n|move|p2a: Trevenant|Protect|p2a: Trevenant\n|-singleturn|p2a: Trevenant|Protect\n|move|p1a: Eelektross|Dragon Tail|p2a: Trevenant\n|-activate|p2a: Trevenant|move: Protect\n|\n|-damage|p1a: Eelektross|236/290 tox|[from] psn\n|-item|p2a: Trevenant|Sitrus Berry|[from] ability: Harvest\n|upkeep\n|turn|6\n|\n|t:|1782761528\n|move|p2a: Trevenant|Poltergeist|p1a: Eelektross|[miss]\n|-miss|p2a: Trevenant|p1a: Eelektross\n|move|p1a: Eelektross|Dragon Tail|p2a: Trevenant\n|-damage|p2a: Trevenant|146/296\n|-enditem|p2a: Trevenant|Sitrus Berry|[eat]\n|-heal|p2a: Trevenant|220/296|[from] item: Sitrus Berry\n|drag|p2a: Arboliva|Arboliva, L91, M|288/288\n|\n|-damage|p1a: Eelektross|182/290 tox|[from] psn\n|upkeep\n|turn|7\n|\n|t:|1782761545\n|move|p1a: Eelektross|Flamethrower|p2a: Arboliva\n|-supereffective|p2a: Arboliva\n|-damage|p2a: Arboliva|166/288\n|move|p2a: Arboliva|Substitute|p2a: Arboliva\n|-start|p2a: Arboliva|Substitute\n|-damage|p2a: Arboliva|94/288\n|-enditem|p2a: Arboliva|Sitrus Berry|[eat]\n|-heal|p2a: Arboliva|166/288|[from] item: Sitrus Berry\n|\n|-damage|p1a: Eelektross|110/290 tox|[from] psn\n|-item|p2a: Arboliva|Sitrus Berry|[from] ability: Harvest\n|upkeep\n|turn|8\n|\n|t:|1782761557\n|move|p2a: Arboliva|Protect|p2a: Arboliva\n|-singleturn|p2a: Arboliva|Protect\n|move|p1a: Eelektross|Flamethrower|p2a: Arboliva\n|-activate|p2a: Arboliva|move: Protect\n|\n|-damage|p1a: Eelektross|20/290 tox|[from] psn\n|upkeep\n|turn|9\n|\n|t:|1782761569\n|move|p2a: Arboliva|Protect|p2a: Arboliva\n|-singleturn|p2a: Arboliva|Protect\n|move|p1a: Eelektross|Flamethrower|p2a: Arboliva\n|-activate|p2a: Arboliva|move: Protect\n|\n|-damage|p1a: Eelektross|0 fnt|[from] psn\n|faint|p1a: Eelektross\n|upkeep\n|\n|t:|1782761581\n|switch|p1a: Braviary|Braviary-Hisui, L85, M|326/326\n|turn|10\n|\n|t:|1782761587\n|move|p1a: Braviary|Esper Wing|p2a: Arboliva\n|-crit|p2a: Arboliva\n|-end|p2a: Arboliva|Substitute\n|-boost|p1a: Braviary|spe|1\n|move|p2a: Arboliva|Leech Seed|p1a: Braviary\n|-start|p1a: Braviary|move: Leech Seed\n|\n|-damage|p1a: Braviary|286/326|[from] Leech Seed|[of] p2a: Arboliva\n|-heal|p2a: Arboliva|206/288|[silent]\n|upkeep\n|turn|11\n|\n|t:|1782761599\n|move|p2a: Arboliva|Protect|p2a: Arboliva\n|-singleturn|p2a: Arboliva|Protect\n|move|p1a: Braviary|Hurricane|p2a: Arboliva\n|-activate|p2a: Arboliva|move: Protect\n|\n|-damage|p1a: Braviary|246/326|[from] Leech Seed|[of] p2a: Arboliva\n|-heal|p2a: Arboliva|246/288|[silent]\n|upkeep\n|turn|12\n|\n|t:|1782761613\n|move|p1a: Braviary|Hurricane|p2a: Arboliva\n|-supereffective|p2a: Arboliva\n|-damage|p2a: Arboliva|46/288\n|-start|p2a: Arboliva|confusion\n|-enditem|p2a: Arboliva|Sitrus Berry|[eat]\n|-heal|p2a: Arboliva|118/288|[from] item: Sitrus Berry\n|-activate|p2a: Arboliva|confusion\n|move|p2a: Arboliva|Substitute|p2a: Arboliva\n|-start|p2a: Arboliva|Substitute\n|-damage|p2a: Arboliva|46/288\n|\n|-damage|p1a: Braviary|206/326|[from] Leech Seed|[of] p2a: Arboliva\n|-heal|p2a: Arboliva|86/288|[silent]\n|upkeep\n|turn|13\n|\n|t:|1782761630\n|switch|p1a: Inteleon|Inteleon, L81, F|246/246\n|-activate|p2a: Arboliva|confusion\n|move|p2a: Arboliva|Protect||[still]\n|-fail|p2a: Arboliva\n|\n|upkeep\n|turn|14\n|\n|t:|1782761636\n|-end|p2a: Arboliva|confusion\n|move|p2a: Arboliva|Protect|p2a: Arboliva\n|-singleturn|p2a: Arboliva|Protect\n|move|p1a: Inteleon|U-turn|p2a: Arboliva\n|-activate|p2a: Arboliva|move: Protect\n|\n|upkeep\n|turn|15\n|\n|t:|1782761647\n|move|p1a: Inteleon|U-turn|p2a: Arboliva\n|-supereffective|p2a: Arboliva\n|-end|p2a: Arboliva|Substitute\n|\n|t:|1782761653\n|switch|p1a: Braviary|Braviary-Hisui, L85, M|206/326|[from] U-turn\n|move|p2a: Arboliva|Substitute|p2a: Arboliva\n|-start|p2a: Arboliva|Substitute\n|-damage|p2a: Arboliva|14/288\n|\n|-item|p2a: Arboliva|Sitrus Berry|[from] ability: Harvest\n|upkeep\n|-enditem|p2a: Arboliva|Sitrus Berry|[eat]\n|-heal|p2a: Arboliva|86/288|[from] item: Sitrus Berry\n|turn|16\n|\n|t:|1782761665\n|move|p2a: Arboliva|Protect|p2a: Arboliva\n|-singleturn|p2a: Arboliva|Protect\n|move|p1a: Braviary|Esper Wing|p2a: Arboliva\n|-activate|p2a: Arboliva|move: Protect\n|\n|upkeep\n|turn|17\n|\n|t:|1782761676\n|move|p1a: Braviary|Esper Wing|p2a: Arboliva\n|-end|p2a: Arboliva|Substitute\n|-boost|p1a: Braviary|spe|1\n|move|p2a: Arboliva|Substitute|p2a: Arboliva\n|-start|p2a: Arboliva|Substitute\n|-damage|p2a: Arboliva|14/288\n|\n|upkeep\n|turn|18\n|\n|t:|1782761683\n|move|p2a: Arboliva|Protect|p2a: Arboliva\n|-singleturn|p2a: Arboliva|Protect\n|move|p1a: Braviary|Roost|p1a: Braviary\n|-heal|p1a: Braviary|326/326\n|-singleturn|p1a: Braviary|move: Roost\n|\n|-item|p2a: Arboliva|Sitrus Berry|[from] ability: Harvest\n|upkeep\n|-enditem|p2a: Arboliva|Sitrus Berry|[eat]\n|-heal|p2a: Arboliva|86/288|[from] item: Sitrus Berry\n|turn|19\n|\n|t:|1782761693\n|move|p1a: Braviary|Esper Wing|p2a: Arboliva\n|-end|p2a: Arboliva|Substitute\n|-boost|p1a: Braviary|spe|1\n|move|p2a: Arboliva|Leech Seed|p1a: Braviary\n|-start|p1a: Braviary|move: Leech Seed\n|\n|-damage|p1a: Braviary|286/326|[from] Leech Seed|[of] p2a: Arboliva\n|-heal|p2a: Arboliva|126/288|[silent]\n|upkeep\n|turn|20\n|\n|t:|1782761701\n|move|p2a: Arboliva|Protect|p2a: Arboliva\n|-singleturn|p2a: Arboliva|Protect\n|move|p1a: Braviary|Defog|p2a: Arboliva\n|-activate|p2a: Arboliva|move: Protect\n|\n|-damage|p1a: Braviary|246/326|[from] Leech Seed|[of] p2a: Arboliva\n|-heal|p2a: Arboliva|166/288|[silent]\n|upkeep\n|turn|21\n|\n|t:|1782761709\n|move|p1a: Braviary|Defog|p2a: Arboliva\n|-unboost|p2a: Arboliva|evasion|1\n|move|p2a: Arboliva|Substitute|p2a: Arboliva\n|-start|p2a: Arboliva|Substitute\n|-damage|p2a: Arboliva|94/288\n|\n|-damage|p1a: Braviary|206/326|[from] Leech Seed|[of] p2a: Arboliva\n|-heal|p2a: Arboliva|134/288|[silent]\n|upkeep\n|turn|22\n|\n|t:|1782761718\n|move|p1a: Braviary|Hurricane|p2a: Arboliva\n|-supereffective|p2a: Arboliva\n|-end|p2a: Arboliva|Substitute\n|move|p2a: Arboliva|Hyper Voice|p1a: Braviary\n|-damage|p1a: Braviary|41/326\n|\n|-damage|p1a: Braviary|1/326|[from] Leech Seed|[of] p2a: Arboliva\n|-heal|p2a: Arboliva|174/288|[silent]\n|upkeep\n|turn|23\n|\n|t:|1782761727\n|move|p2a: Arboliva|Protect|p2a: Arboliva\n|-singleturn|p2a: Arboliva|Protect\n|move|p1a: Braviary|Roost|p1a: Braviary\n|-heal|p1a: Braviary|164/326\n|-singleturn|p1a: Braviary|move: Roost\n|\n|-damage|p1a: Braviary|124/326|[from] Leech Seed|[of] p2a: Arboliva\n|-heal|p2a: Arboliva|214/288|[silent]\n|-item|p2a: Arboliva|Sitrus Berry|[from] ability: Harvest\n|upkeep\n|turn|24\n|\n|t:|1782761739\n|switch|p2a: Eelektross|Eelektross, L87, M|290/290\n|move|p1a: Braviary|Hurricane|p2a: Eelektross\n|-resisted|p2a: Eelektross\n|-damage|p2a: Eelektross|146/290\n|-start|p2a: Eelektross|confusion\n|\n|-heal|p2a: Eelektross|164/290|[from] item: Leftovers\n|-damage|p1a: Braviary|84/326|[from] Leech Seed|[of] p2a: Eelektross\n|-heal|p2a: Eelektross|204/290|[silent]\n|upkeep\n|turn|25\n|\n|t:|1782761751\n|switch|p1a: Comfey|Comfey, L85, F|225/225\n|-activate|p2a: Eelektross|confusion\n|move|p2a: Eelektross|Knock Off|p1a: Comfey\n|-resisted|p1a: Comfey\n|-damage|p1a: Comfey|182/225\n|-enditem|p1a: Comfey|Leftovers|[from] move: Knock Off|[of] p2a: Eelektross\n|\n|-heal|p2a: Eelektross|222/290|[from] item: Leftovers\n|upkeep\n|turn|26\n|\n|t:|1782761762\n|move|p1a: Comfey|Calm Mind|p1a: Comfey\n|-boost|p1a: Comfey|spa|1\n|-boost|p1a: Comfey|spd|1\n|-activate|p2a: Eelektross|confusion\n|move|p2a: Eelektross|Supercell Slam|p1a: Comfey|[miss]\n|-miss|p2a: Eelektross|p1a: Comfey\n|-damage|p2a: Eelektross|77/290|[from] supercellslam\n|\n|-heal|p2a: Eelektross|95/290|[from] item: Leftovers\n|upkeep\n|turn|27\n|\n|t:|1782761773\n|move|p1a: Comfey|Calm Mind|p1a: Comfey\n|-boost|p1a: Comfey|spa|1\n|-boost|p1a: Comfey|spd|1\n|-activate|p2a: Eelektross|confusion\n|-damage|p2a: Eelektross|57/290|[from] confusion\n|\n|-heal|p2a: Eelektross|75/290|[from] item: Leftovers\n|upkeep\n|turn|28\n|\n|t:|1782761780\n|move|p1a: Comfey|Draining Kiss|p2a: Eelektross\n|-damage|p2a: Eelektross|0 fnt\n|-heal|p1a: Comfey|225/225|[from] drain|[of] p2a: Eelektross\n|faint|p2a: Eelektross\n|\n|upkeep\n|\n|t:|1782761783\n|switch|p2a: Trevenant|Trevenant, L89, M|220/296\n|turn|29\n|\n|t:|1782761791\n|move|p1a: Comfey|Draining Kiss|p2a: Trevenant\n|-damage|p2a: Trevenant|126/296\n|move|p2a: Trevenant|Toxic|p1a: Comfey\n|-status|p1a: Comfey|tox\n|\n|-damage|p1a: Comfey|211/225 tox|[from] psn\n|-item|p2a: Trevenant|Sitrus Berry|[from] ability: Harvest\n|upkeep\n|-enditem|p2a: Trevenant|Sitrus Berry|[eat]\n|-heal|p2a: Trevenant|200/296|[from] item: Sitrus Berry\n|turn|30\n|\n|t:|1782761805\n|switch|p1a: Braviary|Braviary-Hisui, L85, M|84/326\n|move|p2a: Trevenant|Protect||[still]\n|-fail|p2a: Trevenant\n|\n|-item|p2a: Trevenant|Sitrus Berry|[from] ability: Harvest\n|upkeep\n|turn|31\n|\n|t:|1782761818\n|-terastallize|p2a: Trevenant|Dark\n|move|p1a: Braviary|Roost|p1a: Braviary\n|-heal|p1a: Braviary|247/326\n|-singleturn|p1a: Braviary|move: Roost\n|move|p2a: Trevenant|Toxic|p1a: Braviary\n|-status|p1a: Braviary|tox\n|\n|-damage|p1a: Braviary|227/326 tox|[from] psn\n|upkeep\n|turn|32\n|\n|t:|1782761828\n|move|p2a: Trevenant|Protect|p2a: Trevenant\n|-singleturn|p2a: Trevenant|Protect\n|move|p1a: Braviary|Hurricane|p2a: Trevenant\n|-activate|p2a: Trevenant|move: Protect\n|\n|-damage|p1a: Braviary|187/326 tox|[from] psn\n|upkeep\n|turn|33\n|\n|t:|1782761840\n|move|p1a: Braviary|Hurricane|p2a: Trevenant|[miss]\n|-miss|p1a: Braviary|p2a: Trevenant\n|move|p2a: Trevenant|Poltergeist|p1a: Braviary\n|-activate|p1a: Braviary|move: Poltergeist|Heavy-Duty Boots\n|-supereffective|p1a: Braviary\n|-damage|p1a: Braviary|0 fnt\n|faint|p1a: Braviary\n|\n|upkeep\n|\n|t:|1782761851\n|switch|p1a: Inteleon|Inteleon, L81, F|246/246\n|turn|34\n|\n|t:|1782761859\n|move|p1a: Inteleon|U-turn|p2a: Trevenant\n|-supereffective|p2a: Trevenant\n|-damage|p2a: Trevenant|114/296\n|-enditem|p2a: Trevenant|Sitrus Berry|[eat]\n|-heal|p2a: Trevenant|188/296|[from] item: Sitrus Berry\n|\n|t:|1782761863\n|switch|p1a: Comfey|Comfey, L85, F|211/225 tox|[from] U-turn\n|move|p2a: Trevenant|Toxic|p1a: Comfey\n|-fail|p1a: Comfey|tox\n|\n|-damage|p1a: Comfey|197/225 tox|[from] psn\n|upkeep\n|turn|35\n|\n|t:|1782761884\n|switch|p2a: Hitmonchan|Hitmonchan, L87, M|229/229\n|move|p1a: Comfey|Calm Mind|p1a: Comfey\n|-boost|p1a: Comfey|spa|1\n|-boost|p1a: Comfey|spd|1\n|\n|-damage|p1a: Comfey|169/225 tox|[from] psn\n|upkeep\n|turn|36\n|\n|t:|1782761892\n|move|p1a: Comfey|Draining Kiss|p2a: Hitmonchan\n|-supereffective|p2a: Hitmonchan\n|-crit|p2a: Hitmonchan\n|-damage|p2a: Hitmonchan|59/229\n|-heal|p1a: Comfey|225/225 tox|[from] drain|[of] p2a: Hitmonchan\n|move|p2a: Hitmonchan|Poison Jab|p1a: Comfey\n|-supereffective|p1a: Comfey\n|-damage|p1a: Comfey|107/225 tox\n|\n|-heal|p2a: Hitmonchan|73/229|[from] item: Leftovers\n|-damage|p1a: Comfey|65/225 tox|[from] psn\n|upkeep\n|turn|37\n|\n|t:|1782761906\n|move|p1a: Comfey|Draining Kiss|p2a: Hitmonchan\n|-supereffective|p2a: Hitmonchan\n|-damage|p2a: Hitmonchan|0 fnt\n|-heal|p1a: Comfey|120/225 tox|[from] drain|[of] p2a: Hitmonchan\n|faint|p2a: Hitmonchan\n|\n|-damage|p1a: Comfey|64/225 tox|[from] psn\n|upkeep\n|\n|t:|1782761912\n|switch|p2a: Arboliva|Arboliva, L91, M|214/288\n|turn|38\n|\n|t:|1782761916\n|move|p1a: Comfey|Draining Kiss|p2a: Arboliva\n|-damage|p2a: Arboliva|153/288\n|-heal|p1a: Comfey|110/225 tox|[from] drain|[of] p2a: Arboliva\n|move|p2a: Arboliva|Leech Seed|p1a: Comfey\n|-start|p1a: Comfey|move: Leech Seed\n|\n|-damage|p1a: Comfey|82/225 tox|[from] Leech Seed|[of] p2a: Arboliva\n|-heal|p2a: Arboliva|181/288|[silent]\n|-damage|p1a: Comfey|12/225 tox|[from] psn\n|upkeep\n|turn|39\n|\n|t:|1782761926\n|move|p1a: Comfey|Draining Kiss|p2a: Arboliva\n|-damage|p2a: Arboliva|120/288\n|-heal|p1a: Comfey|58/225 tox|[from] drain|[of] p2a: Arboliva\n|-enditem|p2a: Arboliva|Sitrus Berry|[eat]\n|-heal|p2a: Arboliva|192/288|[from] item: Sitrus Berry\n|move|p2a: Arboliva|Substitute|p2a: Arboliva\n|-start|p2a: Arboliva|Substitute\n|-damage|p2a: Arboliva|120/288\n|\n|-damage|p1a: Comfey|30/225 tox|[from] Leech Seed|[of] p2a: Arboliva\n|-heal|p2a: Arboliva|148/288|[silent]\n|-damage|p1a: Comfey|0 fnt|[from] psn\n|faint|p1a: Comfey\n|-item|p2a: Arboliva|Sitrus Berry|[from] ability: Harvest\n|upkeep\n|\n|t:|1782761935\n|switch|p1a: Inteleon|Inteleon, L81, F|246/246\n|turn|40\n|\n|t:|1782761941\n|move|p1a: Inteleon|U-turn|p2a: Arboliva\n|-supereffective|p2a: Arboliva\n|-end|p2a: Arboliva|Substitute\n|\n|t:|1782761944\n|switch|p1a: Zacian|Zacian, L69|241/241|[from] U-turn\n|-ability|p1a: Zacian|Intrepid Sword|boost\n|-boost|p1a: Zacian|atk|1\n|move|p2a: Arboliva|Substitute|p2a: Arboliva\n|-start|p2a: Arboliva|Substitute\n|-damage|p2a: Arboliva|76/288\n|-enditem|p2a: Arboliva|Sitrus Berry|[eat]\n|-heal|p2a: Arboliva|148/288|[from] item: Sitrus Berry\n|\n|upkeep\n|turn|41\n|\n|t:|1782761953\n|move|p1a: Zacian|Close Combat|p2a: Arboliva\n|-supereffective|p2a: Arboliva\n|-end|p2a: Arboliva|Substitute\n|-unboost|p1a: Zacian|def|1\n|-unboost|p1a: Zacian|spd|1\n|move|p2a: Arboliva|Leech Seed|p1a: Zacian\n|-start|p1a: Zacian|move: Leech Seed\n|\n|-damage|p1a: Zacian|211/241|[from] Leech Seed|[of] p2a: Arboliva\n|-heal|p2a: Arboliva|178/288|[silent]\n|upkeep\n|turn|42\n|\n|t:|1782761964\n|switch|p2a: Trevenant|Trevenant, L89, M, tera:Dark|188/296\n|move|p1a: Zacian|Close Combat|p2a: Trevenant\n|-supereffective|p2a: Trevenant\n|-damage|p2a: Trevenant|0 fnt\n|-unboost|p1a: Zacian|def|1\n|-unboost|p1a: Zacian|spd|1\n|faint|p2a: Trevenant\n|\n|upkeep\n|\n|t:|1782761973\n|switch|p2a: Palafin|Palafin-Hero, L77, M|281/281\n|-activate|p2a: Palafin|ability: Zero to Hero\n|turn|43\n|\n|t:|1782761986\n|switch|p1a: Inteleon|Inteleon, L81, F|246/246\n|move|p2a: Palafin|Bulk Up|p2a: Palafin\n|-boost|p2a: Palafin|atk|1\n|-boost|p2a: Palafin|def|1\n|\n|upkeep\n|turn|44\n|\n|t:|1782761996\n|move|p1a: Inteleon|Scald|p2a: Palafin\n|-resisted|p2a: Palafin\n|-damage|p2a: Palafin|202/281\n|-status|p2a: Palafin|brn\n|move|p2a: Palafin|Bulk Up|p2a: Palafin\n|-boost|p2a: Palafin|atk|1\n|-boost|p2a: Palafin|def|1\n|\n|-heal|p2a: Palafin|219/281 brn|[from] item: Leftovers\n|-damage|p2a: Palafin|202/281 brn|[from] brn\n|upkeep\n|turn|45\n|\n|t:|1782762004\n|move|p1a: Inteleon|Scald|p2a: Palafin\n|-resisted|p2a: Palafin\n|-damage|p2a: Palafin|124/281 brn\n|move|p2a: Palafin|Drain Punch|p1a: Inteleon\n|-damage|p1a: Inteleon|158/246\n|-heal|p2a: Palafin|168/281 brn|[from] drain|[of] p1a: Inteleon\n|\n|-heal|p2a: Palafin|185/281 brn|[from] item: Leftovers\n|-damage|p2a: Palafin|168/281 brn|[from] brn\n|upkeep\n|turn|46\n|\n|t:|1782762014\n|move|p1a: Inteleon|Scald|p2a: Palafin\n|-resisted|p2a: Palafin\n|-crit|p2a: Palafin\n|-damage|p2a: Palafin|55/281 brn\n|move|p2a: Palafin|Drain Punch|p1a: Inteleon\n|-damage|p1a: Inteleon|74/246\n|-heal|p2a: Palafin|97/281 brn|[from] drain|[of] p1a: Inteleon\n|\n|-heal|p2a: Palafin|114/281 brn|[from] item: Leftovers\n|-damage|p2a: Palafin|97/281 brn|[from] brn\n|upkeep\n|turn|47\n|\n|t:|1782762029\n|move|p1a: Inteleon|Scald|p2a: Palafin\n|-resisted|p2a: Palafin\n|-damage|p2a: Palafin|0 fnt\n|faint|p2a: Palafin\n|\n|upkeep\n|\n|t:|1782762032\n|switch|p2a: Arboliva|Arboliva, L91, M|178/288\n|turn|48\n|\n|t:|1782762042\n|switch|p1a: Zacian|Zacian, L69|211/241\n|move|p2a: Arboliva|Protect||[still]\n|-fail|p2a: Arboliva\n|\n|upkeep\n|turn|49\n|c|\u2606Dorothyyyy|fuckin 2 harvest pokes got baffled\n|inactive|Dorothyyyy has 120 seconds left.\n|\n|t:|1782762074\n|move|p1a: Zacian|Close Combat|p2a: Arboliva\n|-supereffective|p2a: Arboliva\n|-crit|p2a: Arboliva\n|-damage|p2a: Arboliva|0 fnt\n|-unboost|p1a: Zacian|def|1\n|-unboost|p1a: Zacian|spd|1\n|faint|p2a: Arboliva\n|\n|win|Dorothyyyy\n|raw|Dorothyyyy's rating: 1475 &rarr; <strong>1496</strong><br />(+21 for winning)\n|raw|RodmanJones's rating: 1497 &rarr; <strong>1476</strong><br />(-21 for losing)\n|l|\u2606RodmanJones\n|player|p2|\n", "inputlog": ">version f8ac14003a5f27e1bdc8d8c59608a773c1cb96e5\n>start {\"formatid\":\"gen9randombattle\",\"seed\":\"sodium,0b38349693b124d7305c0fa286682ee2\",\"rated\":\"Rated battle\"}\n>player p1 {\"name\":\"Dorothyyyy\",\"avatar\":\"cheryl\",\"rating\":1475,\"seed\":\"sodium,109d96815e581a8747603e57c26856da\"}\n>player p2 {\"name\":\"RodmanJones\",\"avatar\":\"veteran\",\"rating\":1497,\"seed\":\"sodium,81cf8dd533305251e4c70bbcb8a83c5b\"}\n>p1 move gunkshot\n>p2 move bravebird\n>p2 switch 2\n>p1 move trailblaze\n>p2 switch 3\n>p1 move gunkshot\n>p2 move poltergeist\n>p1 switch 3\n>p1 move flamethrower\n>p2 move toxic\n>p1 move dragontail\n>p2 move protect\n>p1 move dragontail\n>p2 move poltergeist\n>p1 move flamethrower\n>p2 move substitute\n>p1 move flamethrower\n>p2 move protect\n>p1 move flamethrower\n>p2 move protect\n>p1 switch 6\n>p1 move esperwing\n>p2 move leechseed\n>p1 move hurricane\n>p2 move protect\n>p1 move hurricane\n>p2 move substitute\n>p1 switch 2\n>p2 move protect\n>p1 move uturn\n>p2 move protect\n>p1 move uturn\n>p2 move substitute\n>p1 switch 2\n>p1 move esperwing\n>p2 move protect\n>p1 move esperwing\n>p2 move substitute\n>p1 move roost\n>p2 move protect\n>p1 move esperwing\n>p2 move leechseed\n>p1 move defog\n>p2 move protect\n>p1 move defog\n>p2 move substitute\n>p1 move hurricane\n>p2 move hypervoice\n>p1 move roost\n>p2 move protect\n>p1 move hurricane\n>p2 switch 6\n>p1 switch 4\n>p2 move knockoff\n>p1 move calmmind\n>p2 move supercellslam\n>p1 move calmmind\n>p2 move supercellslam\n>p1 move drainingkiss\n>p2 move supercellslam\n>p2 switch 5\n>p1 move drainingkiss\n>p2 move toxic\n>p1 switch 4\n>p2 move protect\n>p1 move roost\n>p2 move toxic terastallize\n>p1 move hurricane\n>p2 move protect\n>p1 move hurricane\n>p2 move poltergeist\n>p1 switch 2\n>p1 move uturn\n>p2 move toxic\n>p1 switch 4\n>p1 move calmmind\n>p2 switch 4\n>p1 move drainingkiss\n>p2 move poisonjab\n>p1 move drainingkiss\n>p2 move poisonjab\n>p2 switch 6\n>p1 move drainingkiss\n>p2 move leechseed\n>p1 move drainingkiss\n>p2 move substitute\n>p1 switch 4\n>p1 move uturn\n>p2 move substitute\n>p1 switch 5\n>p1 move closecombat\n>p2 move leechseed\n>p1 move closecombat\n>p2 switch 4\n>p2 switch 3\n>p1 switch 5\n>p2 move bulkup\n>p1 move scald\n>p2 move bulkup\n>p1 move scald\n>p2 move drainpunch\n>p1 move scald\n>p2 move drainpunch\n>p1 move scald\n>p2 move drainpunch\n>p2 switch 4\n>p1 switch 5\n>p2 move protect\n>chat \u2606Dorothyyyy|fuckin 2 harvest pokes got baffled \n>p1 move closecombat\n>p2 move leechseed", "uploadtime": 1782762084, "views": 10, "formatid": "gen9randombattle", "rating": 1476, "private": 0, "password": null, "player_dets": [{"name": "Dorothyyyy", "avatar": "cheryl", "rating": 1475, "seed": "sodium,109d96815e581a8747603e57c26856da"}, {"name": "RodmanJones", "avatar": "veteran", "rating": 1497, "seed": "sodium,81cf8dd533305251e4c70bbcb8a83c5b"}], "teams_full": [{"Seviper": {"name": "Seviper", "species": "Seviper", "speciesId": "seviper", "gender": "F", "shiny": false, "level": 93, "moves": ["gunkshot", "swordsdance", "earthquake", "trailblaze"], "ability": "Shed Skin", "evs": {"hp": 85, "atk": 85, "def": 85, "spa": 85, "spd": 85, "spe": 85}, "ivs": {"hp": 31, "atk": 31, "def": 31, "spa": 31, "spd": 31, "spe": 31}, "item": "Leftovers", "teraType": "Grass", "role": "Bulky Setup", "bvs": {"hp": 73, "atk": 100, "def": 60, "spa": 100, "spd": 60, "spe": 65}, "stats": {"hp": 287, "atk": 239, "def": 164, "spa": 239, "spd": 164, "spe": 174}, "types": ["Poison"]}, "Inteleon": {"name": "Inteleon", "species": "Inteleon", "speciesId": "inteleon", "gender": "F", "shiny": false, "level": 81, "moves": ["icebeam", "scald", "hydropump", "uturn"], "ability": "Torrent", "evs": {"hp": 85, "atk": 85, "def": 85, "spa": 85, "spd": 85, "spe": 85}, "ivs": {"hp": 31, "atk": 31, "def": 31, "spa": 31, "spd": 31, "spe": 31}, "item": "Choice Specs", "teraType": "Water", "role": "Wallbreaker", "bvs": {"hp": 70, "atk": 85, "def": 65, "spa": 125, "spd": 65, "spe": 120}, "stats": {"hp": 246, "atk": 184, "def": 152, "spa": 249, "spd": 152, "spe": 241}, "types": ["Water"]}, "Eelektross": {"name": "Eelektross", "species": "Eelektross", "speciesId": "eelektross", "gender": "M", "shiny": false, "level": 87, "moves": ["flamethrower", "dragontail", "discharge", "uturn"], "ability": "Levitate", "evs": {"hp": 85, "atk": 85, "def": 85, "spa": 85, "spd": 85, "spe": 85}, "ivs": {"hp": 31, "atk": 31, "def": 31, "spa": 31, "spd": 31, "spe": 31}, "item": "Assault Vest", "teraType": "Poison", "role": "AV Pivot", "bvs": {"hp": 85, "atk": 115, "def": 80, "spa": 105, "spd": 80, "spe": 50}, "stats": {"hp": 290, "atk": 250, "def": 189, "spa": 232, "spd": 189, "spe": 137}, "types": ["Electric"]}, "Comfey": {"name": "Comfey", "species": "Comfey", "speciesId": "comfey", "gender": "F", "shiny": false, "level": 85, "moves": ["gigadrain", "terablast", "drainingkiss", "calmmind"], "ability": "Triage", "evs": {"hp": 85, "atk": 0, "def": 85, "spa": 85, "spd": 85, "spe": 85}, "ivs": {"hp": 31, "atk": 0, "def": 31, "spa": 31, "spd": 31, "spe": 31}, "item": "Leftovers", "teraType": "Ground", "role": "Tera Blast user", "bvs": {"hp": 51, "atk": 52, "def": 90, "spa": 82, "spd": 110, "spe": 100}, "stats": {"hp": 225, "atk": 93, "def": 202, "spa": 188, "spd": 236, "spe": 219}, "types": ["Fairy"]}, "Zacian": {"name": "Zacian", "species": "Zacian", "speciesId": "zacian", "gender": "N", "shiny": false, "level": 69, "moves": ["wildcharge", "closecombat", "psychicfangs", "playrough"], "ability": "Intrepid Sword", "evs": {"hp": 85, "atk": 85, "def": 85, "spa": 85, "spd": 85, "spe": 85}, "ivs": {"hp": 31, "atk": 31, "def": 31, "spa": 31, "spd": 31, "spe": 31}, "item": "Choice Band", "teraType": "Fighting", "role": "Fast Attacker", "bvs": {"hp": 92, "atk": 120, "def": 115, "spa": 80, "spd": 115, "spe": 138}, "stats": {"hp": 241, "atk": 206, "def": 199, "spa": 151, "spd": 199, "spe": 231}, "types": ["Fairy"]}, "Braviary": {"name": "Braviary", "species": "Braviary-Hisui", "speciesId": "braviaryhisui", "gender": "M", "shiny": false, "level": 85, "moves": ["defog", "roost", "hurricane", "esperwing"], "ability": "Tinted Lens", "evs": {"hp": 85, "atk": 0, "def": 85, "spa": 85, "spd": 85, "spe": 85}, "ivs": {"hp": 31, "atk": 0, "def": 31, "spa": 31, "spd": 31, "spe": 31}, "item": "Heavy-Duty Boots", "teraType": "Steel", "role": "Bulky Attacker", "bvs": {"hp": 110, "atk": 83, "def": 70, "spa": 112, "spd": 70, "spe": 65}, "stats": {"hp": 326, "atk": 146, "def": 168, "spa": 239, "spd": 168, "spe": 159}, "types": ["Psychic", "Flying"]}}, {"Swanna": {"name": "Swanna", "species": "Swanna", "speciesId": "swanna", "gender": "F", "shiny": false, "level": 89, "moves": ["hydropump", "roost", "defog", "bravebird"], "ability": "Hydration", "evs": {"hp": 85, "atk": 85, "def": 85, "spa": 85, "spd": 85, "spe": 85}, "ivs": {"hp": 31, "atk": 31, "def": 31, "spa": 31, "spd": 31, "spe": 31}, "item": "Heavy-Duty Boots", "teraType": "Ground", "role": "Bulky Support", "bvs": {"hp": 75, "atk": 87, "def": 63, "spa": 87, "spd": 63, "spe": 98}, "stats": {"hp": 278, "atk": 206, "def": 163, "spa": 206, "spd": 163, "spe": 225}, "types": ["Water", "Flying"]}, "Palafin": {"name": "Palafin", "species": "Palafin", "speciesId": "palafin", "gender": "M", "shiny": false, "level": 77, "moves": ["bulkup", "drainpunch", "jetpunch", "icepunch"], "ability": "Zero to Hero", "evs": {"hp": 85, "atk": 85, "def": 85, "spa": 85, "spd": 85, "spe": 85}, "ivs": {"hp": 31, "atk": 31, "def": 31, "spa": 31, "spd": 31, "spe": 31}, "item": "Leftovers", "teraType": "Steel", "role": "Bulky Setup", "bvs": {"hp": 100, "atk": 70, "def": 72, "spa": 53, "spd": 62, "spe": 100}, "stats": {"hp": 281, "atk": 152, "def": 155, "spa": 126, "spd": 140, "spe": 199}, "types": ["Water"]}, "Trevenant": {"name": "Trevenant", "species": "Trevenant", "speciesId": "trevenant", "gender": "M", "shiny": false, "level": 89, "moves": ["protect", "poltergeist", "drainpunch", "toxic"], "ability": "Harvest", "evs": {"hp": 85, "atk": 85, "def": 85, "spa": 85, "spd": 85, "spe": 85}, "ivs": {"hp": 31, "atk": 31, "def": 31, "spa": 31, "spd": 31, "spe": 31}, "item": "Sitrus Berry", "teraType": "Dark", "role": "Bulky Support", "bvs": {"hp": 85, "atk": 110, "def": 76, "spa": 65, "spd": 82, "spe": 56}, "stats": {"hp": 296, "atk": 247, "def": 186, "spa": 166, "spd": 197, "spe": 150}, "types": ["Ghost", "Grass"]}, "Hitmonchan": {"name": "Hitmonchan", "species": "Hitmonchan", "speciesId": "hitmonchan", "gender": "M", "shiny": false, "level": 87, "moves": ["bulkup", "poisonjab", "drainpunch", "knockoff"], "ability": "Iron Fist", "evs": {"hp": 85, "atk": 85, "def": 85, "spa": 85, "spd": 85, "spe": 85}, "ivs": {"hp": 31, "atk": 31, "def": 31, "spa": 31, "spd": 31, "spe": 31}, "item": "Leftovers", "teraType": "Dark", "role": "Bulky Setup", "bvs": {"hp": 50, "atk": 105, "def": 79, "spa": 35, "spd": 110, "spe": 76}, "stats": {"hp": 229, "atk": 232, "def": 187, "spa": 111, "spd": 241, "spe": 182}, "types": ["Fighting"]}, "Arboliva": {"name": "Arboliva", "species": "Arboliva", "speciesId": "arboliva", "gender": "M", "shiny": false, "level": 91, "moves": ["leechseed", "hypervoice", "protect", "substitute"], "ability": "Harvest", "evs": {"hp": 77, "atk": 0, "def": 85, "spa": 85, "spd": 85, "spe": 85}, "ivs": {"hp": 31, "atk": 0, "def": 31, "spa": 31, "spd": 31, "spe": 31}, "item": "Sitrus Berry", "teraType": "Poison", "role": "Bulky Support", "bvs": {"hp": 78, "atk": 69, "def": 90, "spa": 125, "spd": 109, "spe": 39}, "stats": {"hp": 288, "atk": 130, "def": 216, "spa": 279, "spd": 250, "spe": 123}, "types": ["Grass", "Normal"]}, "Eelektross": {"name": "Eelektross", "species": "Eelektross", "speciesId": "eelektross", "gender": "M", "shiny": false, "level": 87, "moves": ["knockoff", "supercellslam", "coil", "drainpunch"], "ability": "Levitate", "evs": {"hp": 85, "atk": 85, "def": 85, "spa": 85, "spd": 85, "spe": 85}, "ivs": {"hp": 31, "atk": 31, "def": 31, "spa": 31, "spd": 31, "spe": 31}, "item": "Leftovers", "teraType": "Fighting", "role": "Bulky Setup", "bvs": {"hp": 85, "atk": 115, "def": 80, "spa": 105, "spd": 80, "spe": 50}, "stats": {"hp": 290, "atk": 250, "def": 189, "spa": 232, "spd": 189, "spe": 137}, "types": ["Electric"]}}]}