{"id": "gen9randombattle-2641541006", "format": "[Gen 9] Random Battle", "players": ["ohohiwantmore", "ftaochaphet"], "log": "|j|\u2606ohohiwantmore\n|j|\u2606ftaochaphet\n|t:|1782804011\n|gametype|singles\n|player|p1|ohohiwantmore|169|2271\n|player|p2|ftaochaphet|170|2220\n|gen|9\n|tier|[Gen 9] Random Battle\n|rated|\n|rule|Species Clause: Limit one of each Pok\u00e9mon\n|rule|HP Percentage Mod: HP is shown in percentages\n|rule|Sleep Clause Mod: Limit one foe put to sleep\n|rule|Illusion Level Mod: Illusion disguises the Pok\u00e9mon's true level\n|\n|t:|1782804011\n|teamsize|p1|6\n|teamsize|p2|6\n|start\n|switch|p1a: Farigiraf|Farigiraf, L90, F|362/362\n|switch|p2a: Magearna|Magearna, L77|250/250\n|turn|1\n|inactive|Battle timer is ON: inactive players will automatically lose when time's up. (requested by ohohiwantmore)\n|\n|t:|1782804022\n|move|p1a: Farigiraf|Body Slam|p2a: Magearna\n|-resisted|p2a: Magearna\n|-damage|p2a: Magearna|209/250\n|move|p2a: Magearna|Shift Gear|p2a: Magearna\n|-boost|p2a: Magearna|spe|2\n|-boost|p2a: Magearna|atk|1\n|\n|upkeep\n|turn|2\n|\n|t:|1782804029\n|switch|p1a: Illumise|Illumise, L91, F|266/266\n|move|p2a: Magearna|Iron Head|p1a: Illumise\n|-damage|p1a: Illumise|157/266\n|\n|upkeep\n|turn|3\n|\n|t:|1782804038\n|switch|p2a: Rotom|Rotom-Wash, L82|216/216\n|move|p1a: Illumise|Thunder Wave|p2a: Rotom\n|-immune|p2a: Rotom\n|\n|upkeep\n|turn|4\n|\n|t:|1782804052\n|move|p2a: Rotom|Volt Switch|p1a: Illumise\n|-damage|p1a: Illumise|88/266\n|\n|t:|1782804057\n|switch|p2a: Umbreon|Umbreon, L84, M|297/297|[from] Volt Switch\n|move|p1a: Illumise|Bug Buzz|p2a: Umbreon\n|-supereffective|p2a: Umbreon\n|-crit|p2a: Umbreon\n|-damage|p2a: Umbreon|91/297\n|\n|-heal|p2a: Umbreon|109/297|[from] item: Leftovers\n|upkeep\n|turn|5\n|\n|t:|1782804065\n|move|p2a: Umbreon|Protect|p2a: Umbreon\n|-singleturn|p2a: Umbreon|Protect\n|move|p1a: Illumise|Bug Buzz|p2a: Umbreon\n|-activate|p2a: Umbreon|move: Protect\n|\n|-heal|p2a: Umbreon|127/297|[from] item: Leftovers\n|upkeep\n|turn|6\n|\n|t:|1782804070\n|switch|p2a: Vespiquen|Vespiquen, L99, F|299/299\n|-ability|p2a: Vespiquen|Pressure\n|move|p1a: Illumise|Roost|p1a: Illumise\n|-heal|p1a: Illumise|221/266\n|-singleturn|p1a: Illumise|move: Roost\n|\n|upkeep\n|turn|7\n|\n|t:|1782804076\n|switch|p1a: Toucannon|Toucannon, L88, M|284/284\n|move|p2a: Vespiquen|Toxic Spikes|p1a: Toucannon\n|-sidestart|p1: ohohiwantmore|move: Toxic Spikes\n|\n|upkeep\n|turn|8\n|\n|t:|1782804086\n|move|p1a: Toucannon|Boomburst|p2a: Vespiquen\n|-crit|p2a: Vespiquen\n|-damage|p2a: Vespiquen|145/299\n|move|p2a: Vespiquen|Toxic Spikes|p1a: Toucannon\n|-sidestart|p1: ohohiwantmore|move: Toxic Spikes\n|\n|upkeep\n|turn|9\n|\n|t:|1782804093\n|switch|p2a: Rotom|Rotom-Wash, L82|216/216\n|move|p1a: Toucannon|Boomburst|p2a: Rotom\n|-damage|p2a: Rotom|95/216\n|\n|upkeep\n|turn|10\n|\n|t:|1782804107\n|move|p2a: Rotom|Volt Switch|p1a: Toucannon\n|-supereffective|p1a: Toucannon\n|-damage|p1a: Toucannon|132/284\n|\n|t:|1782804109\n|switch|p2a: Magearna|Magearna, L77|209/250|[from] Volt Switch\n|move|p1a: Toucannon|Roost|p1a: Toucannon\n|-heal|p1a: Toucannon|274/284\n|-singleturn|p1a: Toucannon|move: Roost\n|\n|upkeep\n|turn|11\n|\n|t:|1782804114\n|move|p1a: Toucannon|U-turn|p2a: Magearna\n|-resisted|p2a: Magearna\n|-damage|p2a: Magearna|194/250\n|\n|t:|1782804117\n|switch|p1a: Illumise|Illumise, L91, F|221/266|[from] U-turn\n|move|p2a: Magearna|Fleur Cannon|p1a: Illumise\n|-crit|p1a: Illumise\n|-damage|p1a: Illumise|17/266\n|-unboost|p2a: Magearna|spa|2\n|\n|upkeep\n|turn|12\n|\n|t:|1782804123\n|switch|p2a: Stonjourner|Stonjourner, L91, M|330/330\n|move|p1a: Illumise|Roost|p1a: Illumise\n|-heal|p1a: Illumise|150/266\n|-singleturn|p1a: Illumise|move: Roost\n|\n|upkeep\n|turn|13\n|\n|t:|1782804130\n|switch|p1a: Farigiraf|Farigiraf, L90, F|362/362\n|-status|p1a: Farigiraf|tox\n|move|p2a: Stonjourner|Heat Crash|p1a: Farigiraf\n|-damage|p1a: Farigiraf|244/362 tox\n|-damage|p2a: Stonjourner|297/330|[from] item: Life Orb\n|\n|-heal|p1a: Farigiraf|266/362 tox|[from] item: Leftovers\n|-damage|p1a: Farigiraf|244/362 tox|[from] psn\n|upkeep\n|turn|14\n|\n|t:|1782804134\n|move|p2a: Stonjourner|Stealth Rock|p1a: Farigiraf\n|-sidestart|p1: ohohiwantmore|move: Stealth Rock\n|move|p1a: Farigiraf|Wish|p1a: Farigiraf\n|\n|-heal|p1a: Farigiraf|266/362 tox|[from] item: Leftovers\n|-damage|p1a: Farigiraf|222/362 tox|[from] psn\n|upkeep\n|turn|15\n|\n|t:|1782804139\n|switch|p2a: Magearna|Magearna, L77|194/250\n|move|p1a: Farigiraf|Psychic Noise|p2a: Magearna\n|-resisted|p2a: Magearna\n|-damage|p2a: Magearna|152/250\n|-start|p2a: Magearna|move: Heal Block\n|\n|-heal|p1a: Farigiraf|362/362 tox|[from] move: Wish|[wisher] Farigiraf\n|-damage|p1a: Farigiraf|296/362 tox|[from] psn\n|upkeep\n|turn|16\n|\n|t:|1782804142\n|move|p1a: Farigiraf|Body Slam|p2a: Magearna\n|-resisted|p2a: Magearna\n|-crit|p2a: Magearna\n|-damage|p2a: Magearna|83/250\n|move|p2a: Magearna|Fleur Cannon|p1a: Farigiraf\n|-damage|p1a: Farigiraf|130/362 tox\n|-unboost|p2a: Magearna|spa|2\n|\n|-heal|p1a: Farigiraf|152/362 tox|[from] item: Leftovers\n|-damage|p1a: Farigiraf|64/362 tox|[from] psn\n|-end|p2a: Magearna|move: Heal Block\n|upkeep\n|turn|17\n|\n|t:|1782804152\n|switch|p2a: Rotom|Rotom-Wash, L82|95/216\n|move|p1a: Farigiraf|Body Slam|p2a: Rotom\n|-damage|p2a: Rotom|8/216\n|\n|-heal|p1a: Farigiraf|86/362 tox|[from] item: Leftovers\n|-damage|p1a: Farigiraf|0 fnt|[from] psn\n|faint|p1a: Farigiraf\n|upkeep\n|\n|t:|1782804161\n|switch|p1a: Illumise|Illumise, L91, F|150/266\n|turn|18\n|\n|t:|1782804167\n|move|p2a: Rotom|Trick|p1a: Illumise\n|-activate|p2a: Rotom|move: Trick|[of] p1a: Illumise\n|-item|p1a: Illumise|Choice Scarf|[from] move: Trick\n|-item|p2a: Rotom|Heavy-Duty Boots|[from] move: Trick\n|move|p1a: Illumise|Bug Buzz|p2a: Rotom\n|-damage|p2a: Rotom|0 fnt\n|faint|p2a: Rotom\n|\n|upkeep\n|\n|t:|1782804180\n|switch|p2a: Magearna|Magearna, L77|83/250\n|turn|19\n|\n|t:|1782804187\n|switch|p1a: Toucannon|Toucannon, L88, M|274/284\n|move|p2a: Magearna|Shift Gear|p2a: Magearna\n|-boost|p2a: Magearna|spe|2\n|-boost|p2a: Magearna|atk|1\n|\n|upkeep\n|turn|20\n|\n|t:|1782804192\n|-singleturn|p1a: Toucannon|move: Beak Blast\n|move|p2a: Magearna|Iron Head|p1a: Toucannon\n|-damage|p1a: Toucannon|151/284\n|-status|p2a: Magearna|brn\n|cant|p1a: Toucannon|flinch\n|\n|-damage|p2a: Magearna|68/250 brn|[from] brn\n|upkeep\n|turn|21\n|\n|t:|1782804195\n|move|p2a: Magearna|Fleur Cannon|p1a: Toucannon\n|-damage|p1a: Toucannon|0 fnt\n|-unboost|p2a: Magearna|spa|2\n|faint|p1a: Toucannon\n|-ability|p2a: Magearna|Soul-Heart|boost\n|-boost|p2a: Magearna|spa|1\n|\n|-damage|p2a: Magearna|53/250 brn|[from] brn\n|upkeep\n|\n|t:|1782804201\n|switch|p1a: Lugia|Lugia, L73|275/275\n|turn|22\n|\n|t:|1782804207\n|switch|p2a: Umbreon|Umbreon, L84, M|127/297\n|move|p1a: Lugia|Calm Mind|p1a: Lugia\n|-boost|p1a: Lugia|spa|1\n|-boost|p1a: Lugia|spd|1\n|\n|-heal|p2a: Umbreon|145/297|[from] item: Leftovers\n|upkeep\n|turn|23\n|\n|t:|1782804226\n|move|p1a: Lugia|Aeroblast|p2a: Umbreon\n|-damage|p2a: Umbreon|64/297\n|move|p2a: Umbreon|Wish|p2a: Umbreon\n|\n|-heal|p2a: Umbreon|82/297|[from] item: Leftovers\n|upkeep\n|turn|24\n|\n|t:|1782804234\n|switch|p1a: Bastiodon|Bastiodon, L89, F|252/252\n|-damage|p1a: Bastiodon|237/252|[from] Stealth Rock\n|move|p2a: Umbreon|Toxic|p1a: Bastiodon\n|-immune|p1a: Bastiodon\n|\n|-heal|p2a: Umbreon|230/297|[from] move: Wish|[wisher] Umbreon\n|-heal|p2a: Umbreon|248/297|[from] item: Leftovers\n|upkeep\n|turn|25\n|\n|t:|1782804240\n|switch|p2a: Magearna|Magearna, L77|53/250 brn\n|move|p1a: Bastiodon|Iron Defense|p1a: Bastiodon\n|-boost|p1a: Bastiodon|def|2\n|\n|-damage|p2a: Magearna|38/250 brn|[from] brn\n|upkeep\n|turn|26\n|\n|t:|1782804250\n|switch|p1a: Lugia|Lugia, L73|275/275\n|-terastallize|p2a: Magearna|Ground\n|move|p2a: Magearna|Tera Blast|p1a: Lugia|[anim] Tera Blast Ground\n|-immune|p1a: Lugia\n|\n|-damage|p2a: Magearna|23/250 brn|[from] brn\n|upkeep\n|turn|27\n|\n|t:|1782804258\n|switch|p2a: Farigiraf|Farigiraf, L90, F|362/362\n|move|p1a: Lugia|Aeroblast|p2a: Farigiraf\n|-damage|p2a: Farigiraf|284/362\n|\n|-heal|p2a: Farigiraf|306/362|[from] item: Leftovers\n|upkeep\n|turn|28\n|\n|t:|1782804263\n|move|p1a: Lugia|Psychic Noise|p2a: Farigiraf\n|-resisted|p2a: Farigiraf\n|-damage|p2a: Farigiraf|276/362\n|-start|p2a: Farigiraf|move: Heal Block\n|move|p2a: Farigiraf|Body Slam|p1a: Lugia\n|-damage|p1a: Lugia|233/275\n|\n|upkeep\n|turn|29\n|\n|t:|1782804272\n|switch|p1a: Illumise|Illumise, L91, F|150/266\n|-status|p1a: Illumise|tox\n|-damage|p1a: Illumise|84/266 tox|[from] Stealth Rock\n|move|p2a: Farigiraf|Body Slam|p1a: Illumise\n|-damage|p1a: Illumise|0 fnt\n|faint|p1a: Illumise\n|\n|-end|p2a: Farigiraf|move: Heal Block\n|upkeep\n|\n|t:|1782804277\n|switch|p1a: Passimian|Passimian, L83, M|302/302\n|-status|p1a: Passimian|tox\n|-damage|p1a: Passimian|284/302 tox|[from] Stealth Rock\n|turn|30\n|\n|t:|1782804281\n|move|p1a: Passimian|Close Combat|p2a: Farigiraf\n|-damage|p2a: Farigiraf|24/362\n|-unboost|p1a: Passimian|def|1\n|-unboost|p1a: Passimian|spd|1\n|move|p2a: Farigiraf|Wish|p2a: Farigiraf\n|\n|-heal|p2a: Farigiraf|46/362|[from] item: Leftovers\n|-damage|p1a: Passimian|266/302 tox|[from] psn\n|upkeep\n|turn|31\n|\n|t:|1782804286\n|move|p2a: Farigiraf|Protect|p2a: Farigiraf\n|-singleturn|p2a: Farigiraf|Protect\n|move|p1a: Passimian|Close Combat|p2a: Farigiraf\n|-activate|p2a: Farigiraf|move: Protect\n|\n|-heal|p2a: Farigiraf|227/362|[from] move: Wish|[wisher] Farigiraf\n|-heal|p2a: Farigiraf|249/362|[from] item: Leftovers\n|-damage|p1a: Passimian|230/302 tox|[from] psn\n|upkeep\n|turn|32\n|\n|t:|1782804288\n|switch|p2a: Vespiquen|Vespiquen, L99, F|145/299\n|-ability|p2a: Vespiquen|Pressure\n|move|p1a: Passimian|Close Combat|p2a: Vespiquen\n|-resisted|p2a: Vespiquen\n|-damage|p2a: Vespiquen|101/299\n|-unboost|p1a: Passimian|def|1\n|-unboost|p1a: Passimian|spd|1\n|\n|-damage|p1a: Passimian|176/302 tox|[from] psn\n|upkeep\n|turn|33\n|\n|t:|1782804292\n|move|p1a: Passimian|Close Combat|p2a: Vespiquen\n|-resisted|p2a: Vespiquen\n|-crit|p2a: Vespiquen\n|-damage|p2a: Vespiquen|41/299\n|-unboost|p1a: Passimian|def|1\n|-unboost|p1a: Passimian|spd|1\n|move|p2a: Vespiquen|Roost|p2a: Vespiquen\n|-heal|p2a: Vespiquen|191/299\n|-singleturn|p2a: Vespiquen|move: Roost\n|\n|-damage|p1a: Passimian|104/302 tox|[from] psn\n|upkeep\n|turn|34\n|\n|t:|1782804295\n|move|p1a: Passimian|Close Combat|p2a: Vespiquen\n|-resisted|p2a: Vespiquen\n|-damage|p2a: Vespiquen|151/299\n|-unboost|p1a: Passimian|def|1\n|-unboost|p1a: Passimian|spd|1\n|move|p2a: Vespiquen|Spikes|p1a: Passimian\n|-sidestart|p1: ohohiwantmore|Spikes\n|\n|-damage|p1a: Passimian|14/302 tox|[from] psn\n|upkeep\n|turn|35\n|\n|t:|1782804303\n|-activate|p1a: Passimian|move: Struggle\n|move|p1a: Passimian|Struggle|p2a: Vespiquen\n|-damage|p2a: Vespiquen|103/299\n|-damage|p1a: Passimian|0 fnt|[from] recoil\n|faint|p1a: Passimian\n|move|p2a: Vespiquen|Spikes|p1: Passimian\n|-sidestart|p1: ohohiwantmore|Spikes\n|\n|upkeep\n|\n|t:|1782804309\n|switch|p1a: Lugia|Lugia, L73|233/275\n|turn|36\n|\n|t:|1782804314\n|switch|p2a: Umbreon|Umbreon, L84, M|248/297\n|move|p1a: Lugia|Psychic Noise|p2a: Umbreon\n|-immune|p2a: Umbreon\n|\n|-heal|p2a: Umbreon|266/297|[from] item: Leftovers\n|upkeep\n|turn|37\n|\n|t:|1782804317\n|switch|p1a: Bastiodon|Bastiodon, L89, F|237/252\n|-damage|p1a: Bastiodon|222/252|[from] Stealth Rock\n|-damage|p1a: Bastiodon|180/252|[from] Spikes\n|move|p2a: Umbreon|Toxic|p1a: Bastiodon\n|-immune|p1a: Bastiodon\n|\n|-heal|p2a: Umbreon|284/297|[from] item: Leftovers\n|upkeep\n|turn|38\n|\n|t:|1782804321\n|move|p2a: Umbreon|Wish|p2a: Umbreon\n|move|p1a: Bastiodon|Iron Defense|p1a: Bastiodon\n|-boost|p1a: Bastiodon|def|2\n|\n|-heal|p2a: Umbreon|297/297|[from] item: Leftovers\n|upkeep\n|turn|39\n|\n|t:|1782804327\n|switch|p2a: Vespiquen|Vespiquen, L99, F|103/299\n|-ability|p2a: Vespiquen|Pressure\n|move|p1a: Bastiodon|Body Press|p2a: Vespiquen\n|-resisted|p2a: Vespiquen\n|-damage|p2a: Vespiquen|68/299\n|\n|-heal|p2a: Vespiquen|216/299|[from] move: Wish|[wisher] Umbreon\n|upkeep\n|turn|40\n|\n|t:|1782804331\n|move|p2a: Vespiquen|Air Slash|p1a: Bastiodon\n|-resisted|p1a: Bastiodon\n|-damage|p1a: Bastiodon|165/252\n|move|p1a: Bastiodon|Iron Defense|p1a: Bastiodon\n|-boost|p1a: Bastiodon|def|2\n|\n|upkeep\n|turn|41\n|\n|t:|1782804336\n|move|p2a: Vespiquen|Air Slash|p1a: Bastiodon\n|-resisted|p1a: Bastiodon\n|-damage|p1a: Bastiodon|150/252\n|move|p1a: Bastiodon|Iron Defense|p1a: Bastiodon\n|-boost|p1a: Bastiodon|def|2\n|\n|upkeep\n|turn|42\n|\n|t:|1782804346\n|move|p2a: Vespiquen|Air Slash|p1a: Bastiodon\n|-resisted|p1a: Bastiodon\n|-damage|p1a: Bastiodon|134/252\n|move|p1a: Bastiodon|Body Press|p2a: Vespiquen\n|-resisted|p2a: Vespiquen\n|-damage|p2a: Vespiquen|142/299\n|\n|upkeep\n|turn|43\n|\n|t:|1782804352\n|move|p2a: Vespiquen|Air Slash|p1a: Bastiodon\n|-resisted|p1a: Bastiodon\n|-damage|p1a: Bastiodon|119/252\n|cant|p1a: Bastiodon|flinch\n|\n|upkeep\n|turn|44\n|\n|t:|1782804356\n|move|p2a: Vespiquen|Air Slash|p1a: Bastiodon\n|-resisted|p1a: Bastiodon\n|-damage|p1a: Bastiodon|103/252\n|cant|p1a: Bastiodon|flinch\n|\n|upkeep\n|turn|45\n|\n|t:|1782804363\n|move|p2a: Vespiquen|Air Slash|p1a: Bastiodon|[miss]\n|-miss|p2a: Vespiquen|p1a: Bastiodon\n|move|p1a: Bastiodon|Foul Play|p2a: Vespiquen\n|-damage|p2a: Vespiquen|99/299\n|\n|upkeep\n|turn|46\n|\n|t:|1782804369\n|move|p2a: Vespiquen|Air Slash|p1a: Bastiodon\n|-resisted|p1a: Bastiodon\n|-damage|p1a: Bastiodon|88/252\n|move|p1a: Bastiodon|Body Press|p2a: Vespiquen\n|-resisted|p2a: Vespiquen\n|-damage|p2a: Vespiquen|24/299\n|\n|upkeep\n|turn|47\n|\n|t:|1782804377\n|move|p2a: Vespiquen|Air Slash|p1a: Bastiodon\n|-resisted|p1a: Bastiodon\n|-crit|p1a: Bastiodon\n|-damage|p1a: Bastiodon|65/252\n|move|p1a: Bastiodon|Rest|p1a: Bastiodon\n|-status|p1a: Bastiodon|slp|[from] move: Rest\n|-heal|p1a: Bastiodon|252/252 slp|[silent]\n|-enditem|p1a: Bastiodon|Chesto Berry|[eat]\n|-curestatus|p1a: Bastiodon|slp|[msg]\n|\n|upkeep\n|turn|48\n|\n|t:|1782804384\n|move|p2a: Vespiquen|Air Slash|p1a: Bastiodon\n|-resisted|p1a: Bastiodon\n|-damage|p1a: Bastiodon|238/252\n|cant|p1a: Bastiodon|flinch\n|\n|upkeep\n|turn|49\n|\n|t:|1782804388\n|move|p2a: Vespiquen|Air Slash|p1a: Bastiodon\n|-resisted|p1a: Bastiodon\n|-damage|p1a: Bastiodon|222/252\n|move|p1a: Bastiodon|Body Press|p2a: Vespiquen\n|-resisted|p2a: Vespiquen\n|-damage|p2a: Vespiquen|0 fnt\n|faint|p2a: Vespiquen\n|\n|upkeep\n|\n|t:|1782804397\n|switch|p2a: Farigiraf|Farigiraf, L90, F|249/362\n|turn|50\n|\n|t:|1782804402\n|move|p2a: Farigiraf|Wish|p2a: Farigiraf\n|move|p1a: Bastiodon|Body Press|p2a: Farigiraf\n|-damage|p2a: Farigiraf|0 fnt\n|faint|p2a: Farigiraf\n|\n|upkeep\n|\n|t:|1782804404\n|switch|p2a: Magearna|Magearna, L77, tera:Ground|23/250 brn\n|turn|51\n|\n|t:|1782804412\n|-terastallize|p1a: Bastiodon|Fighting\n|move|p2a: Magearna|Fleur Cannon|p1a: Bastiodon\n|-supereffective|p1a: Bastiodon\n|-damage|p1a: Bastiodon|24/252\n|-unboost|p2a: Magearna|spa|2\n|move|p1a: Bastiodon|Body Press|p2a: Magearna\n|-damage|p2a: Magearna|0 fnt\n|faint|p2a: Magearna\n|\n|upkeep\n|\n|t:|1782804417\n|switch|p2a: Stonjourner|Stonjourner, L91, M|297/330\n|turn|52\n|\n|t:|1782804421\n|move|p2a: Stonjourner|Earthquake|p1a: Bastiodon\n|-damage|p1a: Bastiodon|3/252\n|-damage|p2a: Stonjourner|264/330|[from] item: Life Orb\n|move|p1a: Bastiodon|Body Press|p2a: Stonjourner\n|-supereffective|p2a: Stonjourner\n|-damage|p2a: Stonjourner|0 fnt\n|faint|p2a: Stonjourner\n|\n|upkeep\n|\n|t:|1782804424\n|switch|p2a: Umbreon|Umbreon, L84, M|297/297\n|turn|53\n|\n|t:|1782804428\n|move|p2a: Umbreon|Foul Play|p1a: Bastiodon\n|-resisted|p1a: Bastiodon\n|-damage|p1a: Bastiodon|0 fnt\n|faint|p1a: Bastiodon\n|\n|upkeep\n|\n|t:|1782804430\n|switch|p1a: Lugia|Lugia, L73|233/275\n|turn|54\n|\n|t:|1782804432\n|move|p1a: Lugia|Calm Mind|p1a: Lugia\n|-boost|p1a: Lugia|spa|1\n|-boost|p1a: Lugia|spd|1\n|move|p2a: Umbreon|Toxic|p1a: Lugia|[miss]\n|-miss|p2a: Umbreon|p1a: Lugia\n|\n|upkeep\n|turn|55\n|\n|t:|1782804437\n|move|p1a: Lugia|Aeroblast|p2a: Umbreon|[miss]\n|-miss|p1a: Lugia|p2a: Umbreon\n|move|p2a: Umbreon|Toxic|p1a: Lugia\n|-status|p1a: Lugia|tox\n|\n|-damage|p1a: Lugia|216/275 tox|[from] psn\n|upkeep\n|turn|56\n|\n|t:|1782804440\n|move|p1a: Lugia|Calm Mind|p1a: Lugia\n|-boost|p1a: Lugia|spa|1\n|-boost|p1a: Lugia|spd|1\n|move|p2a: Umbreon|Wish|p2a: Umbreon\n|\n|-damage|p1a: Lugia|182/275 tox|[from] psn\n|upkeep\n|turn|57\n|\n|t:|1782804443\n|move|p1a: Lugia|Aeroblast|p2a: Umbreon\n|-damage|p2a: Umbreon|177/297\n|move|p2a: Umbreon|Foul Play|p1a: Lugia\n|-supereffective|p1a: Lugia\n|-damage|p1a: Lugia|68/275 tox\n|\n|-heal|p2a: Umbreon|297/297|[from] move: Wish|[wisher] Umbreon\n|-damage|p1a: Lugia|17/275 tox|[from] psn\n|upkeep\n|turn|58\n|\n|t:|1782804447\n|move|p1a: Lugia|Recover|p1a: Lugia\n|-heal|p1a: Lugia|155/275 tox\n|move|p2a: Umbreon|Foul Play|p1a: Lugia\n|-supereffective|p1a: Lugia\n|-damage|p1a: Lugia|41/275 tox\n|\n|-damage|p1a: Lugia|0 fnt|[from] psn\n|faint|p1a: Lugia\n|\n|win|ftaochaphet\n", "inputlog": ">version f8ac14003a5f27e1bdc8d8c59608a773c1cb96e5\n>start {\"formatid\":\"gen9randombattle\",\"seed\":\"sodium,50e359ce1eed122d6c9b4da0b0f65ec1\",\"rated\":\"Rated battle\"}\n>player p1 {\"name\":\"ohohiwantmore\",\"avatar\":\"169\",\"rating\":2271,\"seed\":\"sodium,bf315359dde4159dbeef46cab1b230b6\"}\n>player p2 {\"name\":\"ftaochaphet\",\"avatar\":\"170\",\"rating\":2220,\"seed\":\"sodium,075a891fe2aed4e940c012c709cf2a8c\"}\n>p1 move bodyslam\n>p2 move shiftgear\n>p1 switch 5\n>p2 move ironhead\n>p1 move thunderwave\n>p2 switch 4\n>p1 move bugbuzz\n>p2 move voltswitch\n>p2 switch 6\n>p1 move bugbuzz\n>p2 move protect\n>p1 move roost\n>p2 switch 5\n>p1 switch 6\n>p2 move toxicspikes\n>p1 move boomburst\n>p2 move toxicspikes\n>p1 move boomburst\n>p2 switch 6\n>p1 move roost\n>p2 move voltswitch\n>p2 switch 4\n>p1 move uturn\n>p2 move fleurcannon\n>p1 switch 6\n>p1 move roost\n>p2 switch 2\n>p1 switch 5\n>p2 move heatcrash\n>p1 move wish\n>p2 move stealthrock\n>p1 move psychicnoise\n>p2 switch 2\n>p1 move bodyslam\n>p2 move fleurcannon\n>p1 move bodyslam\n>p2 switch 4\n>p1 switch 5\n>p1 move bugbuzz\n>p2 move trick\n>p2 switch 4\n>p1 switch 6\n>p2 move shiftgear\n>p1 move beakblast\n>p2 move ironhead\n>p1 move roost\n>p2 move fleurcannon\n>p1 switch 4\n>p1 move calmmind\n>p2 switch 5\n>p1 move aeroblast\n>p2 move wish\n>p1 switch 2\n>p2 move toxic\n>p1 move irondefense\n>p2 switch 5\n>p1 switch 2\n>p2 move terablast terastallize\n>p1 move aeroblast\n>p2 switch 3\n>p1 move psychicnoise\n>p2 move bodyslam\n>p1 switch 6\n>p2 move bodyslam\n>p1 switch 3\n>p1 move closecombat\n>p2 move wish\n>p1 move closecombat\n>p2 move protect\n>p1 move closecombat\n>p2 switch 6\n>p1 move closecombat\n>p2 move roost\n>p1 move closecombat\n>p2 move spikes\n>p1 move struggle\n>p2 move spikes\n>p1 switch 6\n>p1 move psychicnoise\n>p2 switch 5\n>p1 switch 2\n>p2 move toxic\n>p1 move irondefense\n>p2 move wish\n>p1 move bodypress\n>p2 switch 5\n>p1 move irondefense\n>p2 move airslash\n>p1 move irondefense\n>p2 move airslash\n>p1 move bodypress\n>p2 move airslash\n>p1 move foulplay\n>p2 move airslash\n>p1 move foulplay\n>p2 move airslash\n>p1 move foulplay\n>p2 move airslash\n>p1 move bodypress\n>p2 move airslash\n>p1 move rest\n>p2 move airslash\n>p1 move bodypress\n>p2 move airslash\n>p1 move bodypress\n>p2 move airslash\n>p2 switch 6\n>p1 move bodypress\n>p2 move wish\n>p2 switch 3\n>p1 move bodypress terastallize\n>p2 move fleurcannon\n>p2 switch 2\n>p1 move bodypress\n>p2 move earthquake\n>p2 switch 5\n>p1 move bodypress\n>p2 move foulplay\n>p1 switch 2\n>p1 move calmmind\n>p2 move toxic\n>p1 move aeroblast\n>p2 move toxic\n>p1 move calmmind\n>p2 move wish\n>p1 move aeroblast\n>p2 move foulplay\n>p1 move recover\n>p2 move foulplay", "uploadtime": 1782804013, "views": 3, "formatid": "gen9randombattle", "rating": null, "private": 0, "password": null, "player_dets": [{"name": "ohohiwantmore", "avatar": "169", "rating": 2271, "seed": "sodium,bf315359dde4159dbeef46cab1b230b6"}, {"name": "ftaochaphet", "avatar": "170", "rating": 2220, "seed": "sodium,075a891fe2aed4e940c012c709cf2a8c"}], "teams_full": [{"Farigiraf": {"name": "Farigiraf", "species": "Farigiraf", "speciesId": "farigiraf", "gender": "F", "shiny": false, "level": 90, "moves": ["protect", "bodyslam", "wish", "psychicnoise"], "ability": "Sap Sipper", "evs": {"hp": 85, "atk": 85, "def": 85, "spa": 85, "spd": 85, "spe": 85}, "ivs": {"hp": 31, "atk": 31, "def": 31, "spa": 31, "spd": 31, "spe": 31}, "item": "Leftovers", "teraType": "Water", "role": "Bulky Support", "bvs": {"hp": 120, "atk": 90, "def": 70, "spa": 110, "spd": 70, "spe": 60}, "stats": {"hp": 362, "atk": 213, "def": 177, "spa": 249, "spd": 177, "spe": 159}, "types": ["Normal", "Psychic"]}, "Bastiodon": {"name": "Bastiodon", "species": "Bastiodon", "speciesId": "bastiodon", "gender": "F", "shiny": false, "level": 89, "moves": ["foulplay", "irondefense", "bodypress", "rest"], "ability": "Soundproof", "evs": {"hp": 85, "atk": 0, "def": 85, "spa": 85, "spd": 85, "spe": 85}, "ivs": {"hp": 31, "atk": 0, "def": 31, "spa": 31, "spd": 31, "spe": 31}, "item": "Chesto Berry", "teraType": "Fighting", "role": "Bulky Setup", "bvs": {"hp": 60, "atk": 52, "def": 168, "spa": 47, "spd": 138, "spe": 30}, "stats": {"hp": 252, "atk": 97, "def": 350, "spa": 134, "spd": 296, "spe": 104}, "types": ["Rock", "Steel"]}, "Passimian": {"name": "Passimian", "species": "Passimian", "speciesId": "passimian", "gender": "M", "shiny": false, "level": 83, "moves": ["rockslide", "knockoff", "closecombat", "earthquake"], "ability": "Defiant", "evs": {"hp": 85, "atk": 85, "def": 85, "spa": 85, "spd": 85, "spe": 85}, "ivs": {"hp": 31, "atk": 31, "def": 31, "spa": 31, "spd": 31, "spe": 31}, "item": "Choice Band", "teraType": "Fighting", "role": "Fast Attacker", "bvs": {"hp": 100, "atk": 120, "def": 90, "spa": 40, "spd": 60, "spe": 80}, "stats": {"hp": 302, "atk": 247, "def": 197, "spa": 114, "spd": 147, "spe": 180}, "types": ["Fighting"]}, "Lugia": {"name": "Lugia", "species": "Lugia", "speciesId": "lugia", "gender": "N", "shiny": false, "level": 73, "moves": ["psychicnoise", "calmmind", "recover", "aeroblast"], "ability": "Multiscale", "evs": {"hp": 85, "atk": 0, "def": 85, "spa": 85, "spd": 85, "spe": 85}, "ivs": {"hp": 31, "atk": 0, "def": 31, "spa": 31, "spd": 31, "spe": 31}, "item": "Heavy-Duty Boots", "teraType": "Steel", "role": "Setup Sweeper", "bvs": {"hp": 106, "atk": 90, "def": 130, "spa": 90, "spd": 154, "spe": 110}, "stats": {"hp": 275, "atk": 136, "def": 232, "spa": 174, "spd": 267, "spe": 203}, "types": ["Psychic", "Flying"]}, "Illumise": {"name": "Illumise", "species": "Illumise", "speciesId": "illumise", "gender": "F", "shiny": false, "level": 91, "moves": ["encore", "bugbuzz", "roost", "thunderwave"], "ability": "Prankster", "evs": {"hp": 85, "atk": 0, "def": 85, "spa": 85, "spd": 85, "spe": 85}, "ivs": {"hp": 31, "atk": 0, "def": 31, "spa": 31, "spd": 31, "spe": 31}, "item": "Heavy-Duty Boots", "teraType": "Water", "role": "Bulky Support", "bvs": {"hp": 65, "atk": 47, "def": 75, "spa": 73, "spd": 85, "spe": 85}, "stats": {"hp": 266, "atk": 90, "def": 188, "spa": 185, "spd": 207, "spe": 207}, "types": ["Bug"]}, "Toucannon": {"name": "Toucannon", "species": "Toucannon", "speciesId": "toucannon", "gender": "M", "shiny": false, "level": 88, "moves": ["boomburst", "uturn", "beakblast", "roost"], "ability": "Keen Eye", "evs": {"hp": 85, "atk": 85, "def": 85, "spa": 85, "spd": 85, "spe": 85}, "ivs": {"hp": 31, "atk": 31, "def": 31, "spa": 31, "spd": 31, "spe": 31}, "item": "Heavy-Duty Boots", "teraType": "Steel", "role": "Bulky Support", "bvs": {"hp": 80, "atk": 120, "def": 75, "spa": 75, "spd": 75, "spe": 60}, "stats": {"hp": 284, "atk": 261, "def": 182, "spa": 182, "spd": 182, "spe": 156}, "types": ["Normal", "Flying"]}}, {"Magearna": {"name": "Magearna", "species": "Magearna", "speciesId": "magearna", "gender": "N", "shiny": false, "level": 77, "moves": ["ironhead", "shiftgear", "fleurcannon", "terablast"], "ability": "Soul-Heart", "evs": {"hp": 85, "atk": 85, "def": 85, "spa": 85, "spd": 85, "spe": 85}, "ivs": {"hp": 31, "atk": 31, "def": 31, "spa": 31, "spd": 31, "spe": 31}, "item": "Weakness Policy", "teraType": "Ground", "role": "Tera Blast user", "bvs": {"hp": 80, "atk": 95, "def": 115, "spa": 130, "spd": 115, "spe": 65}, "stats": {"hp": 250, "atk": 191, "def": 222, "spa": 245, "spd": 222, "spe": 145}, "types": ["Steel", "Fairy"]}, "Stonjourner": {"name": "Stonjourner", "species": "Stonjourner", "speciesId": "stonjourner", "gender": "M", "shiny": false, "level": 91, "moves": ["earthquake", "stoneedge", "heatcrash", "stealthrock"], "ability": "Power Spot", "evs": {"hp": 85, "atk": 85, "def": 85, "spa": 85, "spd": 85, "spe": 85}, "ivs": {"hp": 31, "atk": 31, "def": 31, "spa": 31, "spd": 31, "spe": 31}, "item": "Life Orb", "teraType": "Ground", "role": "Fast Attacker", "bvs": {"hp": 100, "atk": 125, "def": 135, "spa": 20, "spd": 20, "spe": 70}, "stats": {"hp": 330, "atk": 279, "def": 298, "spa": 88, "spd": 88, "spe": 179}, "types": ["Rock"]}, "Farigiraf": {"name": "Farigiraf", "species": "Farigiraf", "speciesId": "farigiraf", "gender": "F", "shiny": false, "level": 90, "moves": ["protect", "psychicnoise", "wish", "bodyslam"], "ability": "Sap Sipper", "evs": {"hp": 85, "atk": 85, "def": 85, "spa": 85, "spd": 85, "spe": 85}, "ivs": {"hp": 31, "atk": 31, "def": 31, "spa": 31, "spd": 31, "spe": 31}, "item": "Leftovers", "teraType": "Ground", "role": "Bulky Support", "bvs": {"hp": 120, "atk": 90, "def": 70, "spa": 110, "spd": 70, "spe": 60}, "stats": {"hp": 362, "atk": 213, "def": 177, "spa": 249, "spd": 177, "spe": 159}, "types": ["Normal", "Psychic"]}, "Rotom": {"name": "Rotom", "species": "Rotom-Wash", "speciesId": "rotomwash", "gender": "N", "shiny": false, "level": 82, "moves": ["thunderbolt", "hydropump", "voltswitch", "trick"], "ability": "Levitate", "evs": {"hp": 85, "atk": 0, "def": 85, "spa": 85, "spd": 85, "spe": 85}, "ivs": {"hp": 31, "atk": 0, "def": 31, "spa": 31, "spd": 31, "spe": 31}, "item": "Choice Scarf", "teraType": "Steel", "role": "Bulky Attacker", "bvs": {"hp": 50, "atk": 65, "def": 107, "spa": 105, "spd": 107, "spe": 86}, "stats": {"hp": 216, "atk": 111, "def": 223, "spa": 219, "spd": 223, "spe": 188}, "types": ["Electric", "Water"]}, "Vespiquen": {"name": "Vespiquen", "species": "Vespiquen", "speciesId": "vespiquen", "gender": "F", "shiny": false, "level": 99, "moves": ["airslash", "toxicspikes", "spikes", "roost"], "ability": "Pressure", "evs": {"hp": 85, "atk": 0, "def": 85, "spa": 85, "spd": 85, "spe": 85}, "ivs": {"hp": 31, "atk": 0, "def": 31, "spa": 31, "spd": 31, "spe": 31}, "item": "Heavy-Duty Boots", "teraType": "Steel", "role": "Bulky Support", "bvs": {"hp": 70, "atk": 80, "def": 102, "spa": 80, "spd": 102, "spe": 40}, "stats": {"hp": 299, "atk": 163, "def": 258, "spa": 214, "spd": 258, "spe": 135}, "types": ["Bug", "Flying"]}, "Umbreon": {"name": "Umbreon", "species": "Umbreon", "speciesId": "umbreon", "gender": "M", "shiny": false, "level": 84, "moves": ["toxic", "wish", "foulplay", "protect"], "ability": "Synchronize", "evs": {"hp": 85, "atk": 0, "def": 85, "spa": 85, "spd": 85, "spe": 85}, "ivs": {"hp": 31, "atk": 0, "def": 31, "spa": 31, "spd": 31, "spe": 31}, "item": "Leftovers", "teraType": "Poison", "role": "Bulky Support", "bvs": {"hp": 95, "atk": 65, "def": 110, "spa": 60, "spd": 130, "spe": 65}, "stats": {"hp": 297, "atk": 114, "def": 233, "spa": 149, "spd": 267, "spe": 157}, "types": ["Dark"]}}]}