{"id": "gen9randombattle-2641140313", "format": "[Gen 9] Random Battle", "players": ["letslar", "keysup"], "log": "|j|\u2606letslar\n|j|\u2606keysup\n|t:|1782745494\n|gametype|singles\n|player|p1|letslar|benga|1271\n|player|p2|keysup|169|1271\n|gen|9\n|tier|[Gen 9] Random Battle\n|rated|\n|rule|Species Clause: Limit one of each Pok\u00e9mon\n|rule|HP Percentage Mod: HP is shown in percentages\n|rule|Sleep Clause Mod: Limit one foe put to sleep\n|rule|Illusion Level Mod: Illusion disguises the Pok\u00e9mon's true level\n|\n|t:|1782745494\n|teamsize|p1|6\n|teamsize|p2|6\n|start\n|switch|p1a: Politoed|Politoed, L88, F|302/302\n|switch|p2a: Ariados|Ariados, L95, M|287/287\n|-weather|RainDance|[from] ability: Drizzle|[of] p1a: Politoed\n|turn|1\n|inactive|Battle timer is ON: inactive players will automatically lose when time's up. (requested by keysup)\n|\n|t:|1782745509\n|move|p1a: Politoed|Ice Beam|p2a: Ariados\n|-damage|p2a: Ariados|221/287\n|move|p2a: Ariados|Sticky Web|p1a: Politoed\n|-sidestart|p1: letslar|move: Sticky Web\n|\n|-weather|RainDance|[upkeep]\n|upkeep\n|turn|2\n|\n|t:|1782745521\n|move|p1a: Politoed|Hydro Pump|p2a: Ariados\n|-damage|p2a: Ariados|28/287\n|move|p2a: Ariados|Knock Off|p1a: Politoed\n|-damage|p1a: Politoed|210/302\n|-enditem|p1a: Politoed|Chesto Berry|[from] move: Knock Off|[of] p2a: Ariados\n|\n|-weather|RainDance|[upkeep]\n|upkeep\n|turn|3\n|\n|t:|1782745530\n|move|p1a: Politoed|Ice Beam|p2a: Ariados\n|-damage|p2a: Ariados|0 fnt\n|faint|p2a: Ariados\n|\n|-weather|RainDance|[upkeep]\n|upkeep\n|\n|t:|1782745537\n|switch|p2a: Dedenne|Dedenne, L88, F|261/261\n|turn|4\n|\n|t:|1782745547\n|move|p2a: Dedenne|Super Fang|p1a: Politoed\n|-damage|p1a: Politoed|105/302\n|move|p1a: Politoed|Encore|p2a: Dedenne\n|-start|p2a: Dedenne|Encore\n|\n|-weather|RainDance|[upkeep]\n|upkeep\n|turn|5\n|\n|t:|1782745559\n|move|p2a: Dedenne|Super Fang|p1a: Politoed\n|-damage|p1a: Politoed|53/302\n|move|p1a: Politoed|Hydro Pump|p2a: Dedenne\n|-damage|p2a: Dedenne|56/261\n|-enditem|p2a: Dedenne|Sitrus Berry|[eat]\n|-heal|p2a: Dedenne|121/261|[from] item: Sitrus Berry\n|-heal|p2a: Dedenne|208/261|[from] ability: Cheek Pouch\n|\n|-weather|none\n|upkeep\n|turn|6\n|\n|t:|1782745570\n|move|p2a: Dedenne|Super Fang|p1a: Politoed\n|-damage|p1a: Politoed|27/302\n|move|p1a: Politoed|Hydro Pump|p2a: Dedenne\n|-damage|p2a: Dedenne|69/261\n|\n|upkeep\n|turn|7\n|\n|t:|1782745577\n|move|p2a: Dedenne|Super Fang|p1a: Politoed\n|-damage|p1a: Politoed|14/302\n|move|p1a: Politoed|Rest|p1a: Politoed\n|-status|p1a: Politoed|slp|[from] move: Rest\n|-heal|p1a: Politoed|302/302 slp|[silent]\n|\n|-end|p2a: Dedenne|Encore\n|upkeep\n|turn|8\n|\n|t:|1782745587\n|move|p2a: Dedenne|Thunderbolt|p1a: Politoed\n|-supereffective|p1a: Politoed\n|-damage|p1a: Politoed|134/302 slp\n|cant|p1a: Politoed|slp\n|\n|upkeep\n|turn|9\n|\n|t:|1782745593\n|move|p2a: Dedenne|Thunderbolt|p1a: Politoed\n|-supereffective|p1a: Politoed\n|-damage|p1a: Politoed|0 fnt\n|faint|p1a: Politoed\n|\n|upkeep\n|\n|t:|1782745600\n|switch|p1a: Drifblim|Drifblim, L86, M|398/398\n|turn|10\n|inactive|letslar has 120 seconds left.\n|\n|t:|1782745636\n|-terastallize|p1a: Drifblim|Dark\n|move|p2a: Dedenne|Thunderbolt|p1a: Drifblim\n|-damage|p1a: Drifblim|260/398\n|move|p1a: Drifblim|Shadow Ball|p2a: Dedenne\n|-crit|p2a: Dedenne\n|-damage|p2a: Dedenne|0 fnt\n|faint|p2a: Dedenne\n|\n|upkeep\n|\n|t:|1782745644\n|switch|p2a: Metagross|Metagross, L79|256/256\n|turn|11\n|\n|t:|1782745655\n|move|p1a: Drifblim|Shadow Ball|p2a: Metagross\n|-supereffective|p2a: Metagross\n|-damage|p2a: Metagross|92/256\n|-enditem|p2a: Metagross|Weakness Policy\n|-boost|p2a: Metagross|atk|2|[from] item: Weakness Policy\n|-boost|p2a: Metagross|spa|2|[from] item: Weakness Policy\n|move|p2a: Metagross|Heavy Slam|p1a: Drifblim\n|-damage|p1a: Drifblim|0 fnt\n|-damage|p2a: Metagross|28/256|[from] ability: Aftermath|[of] p1a: Drifblim\n|faint|p1a: Drifblim\n|\n|upkeep\n|inactive|letslar has 120 seconds left.\n|\n|t:|1782745672\n|switch|p1a: Palafin|Palafin, L77, M|281/281\n|-activate|p1a: Palafin|move: Sticky Web\n|-unboost|p1a: Palafin|spe|1\n|turn|12\n|inactive|letslar has 120 seconds left.\n|\n|t:|1782745694\n|move|p1a: Palafin|Jet Punch|p2a: Metagross\n|-damage|p2a: Metagross|0 fnt\n|faint|p2a: Metagross\n|\n|upkeep\n|\n|t:|1782745701\n|switch|p2a: Raging Bolt|Raging Bolt, L78|323/323\n|turn|13\n|inactive|letslar has 120 seconds left.\n|\n|t:|1782745714\n|detailschange|p1a: Palafin|Palafin-Hero, L77, M\n|switch|p1a: Probopass|Probopass, L91, M|257/257\n|-activate|p1a: Probopass|move: Sticky Web\n|-unboost|p1a: Probopass|spe|1\n|move|p2a: Raging Bolt|Thunderclap||[still]\n|-fail|p2a: Raging Bolt\n|\n|upkeep\n|turn|14\n|inactive|letslar has 120 seconds left.\n|\n|t:|1782745732\n|move|p2a: Raging Bolt|Calm Mind|p2a: Raging Bolt\n|-boost|p2a: Raging Bolt|spa|1\n|-boost|p2a: Raging Bolt|spd|1\n|move|p1a: Probopass|Iron Defense|p1a: Probopass\n|-boost|p1a: Probopass|def|2\n|\n|upkeep\n|turn|15\n|\n|t:|1782745740\n|-terastallize|p2a: Raging Bolt|Electric\n|move|p2a: Raging Bolt|Thunderbolt|p1a: Probopass\n|-damage|p1a: Probopass|123/257\n|move|p1a: Probopass|Iron Defense|p1a: Probopass\n|-boost|p1a: Probopass|def|2\n|\n|-heal|p1a: Probopass|139/257|[from] item: Leftovers\n|upkeep\n|turn|16\n|\n|t:|1782745753\n|move|p2a: Raging Bolt|Thunderbolt|p1a: Probopass\n|-damage|p1a: Probopass|1/257\n|move|p1a: Probopass|Body Press|p2a: Raging Bolt\n|-damage|p2a: Raging Bolt|23/323\n|\n|-heal|p2a: Raging Bolt|43/323|[from] item: Leftovers\n|-heal|p1a: Probopass|17/257|[from] item: Leftovers\n|upkeep\n|turn|17\n|\n|t:|1782745765\n|move|p2a: Raging Bolt|Thunderclap|p1a: Probopass\n|-damage|p1a: Probopass|0 fnt\n|faint|p1a: Probopass\n|\n|-heal|p2a: Raging Bolt|63/323|[from] item: Leftovers\n|upkeep\n|\n|t:|1782745775\n|switch|p1a: Clefable|Clefable, L83, F|293/293\n|-activate|p1a: Clefable|move: Sticky Web\n|-unboost|p1a: Clefable|spe|1\n|turn|18\n|\n|t:|1782745786\n|move|p2a: Raging Bolt|Thunderbolt|p1a: Clefable\n|-damage|p1a: Clefable|91/293\n|move|p1a: Clefable|Moonblast|p2a: Raging Bolt\n|-damage|p2a: Raging Bolt|0 fnt\n|faint|p2a: Raging Bolt\n|-end|p2a: Raging Bolt|Protosynthesis|[silent]\n|\n|upkeep\n|\n|t:|1782745790\n|switch|p2a: Volbeat|Volbeat, L90, M|263/263\n|turn|19\n|\n|t:|1782745800\n|move|p2a: Volbeat|Thunder Wave|p1a: Clefable\n|-status|p1a: Clefable|par\n|move|p1a: Clefable|Thunder Wave|p2a: Volbeat\n|-status|p2a: Volbeat|par\n|\n|upkeep\n|turn|20\n|\n|t:|1782745808\n|cant|p2a: Volbeat|par\n|move|p1a: Clefable|Moonlight|p1a: Clefable\n|-heal|p1a: Clefable|237/293 par\n|\n|upkeep\n|turn|21\n|\n|t:|1782745818\n|move|p2a: Volbeat|Lunge|p1a: Clefable\n|-resisted|p1a: Clefable\n|-damage|p1a: Clefable|194/293 par\n|-unboost|p1a: Clefable|atk|1\n|move|p1a: Clefable|Moonblast|p2a: Volbeat\n|-damage|p2a: Volbeat|145/263 par\n|\n|upkeep\n|turn|22\n|\n|t:|1782745826\n|move|p2a: Volbeat|Lunge|p1a: Clefable\n|-resisted|p1a: Clefable\n|-damage|p1a: Clefable|146/293 par\n|-unboost|p1a: Clefable|atk|1\n|move|p1a: Clefable|Stealth Rock|p2a: Volbeat\n|-sidestart|p2: keysup|move: Stealth Rock\n|\n|upkeep\n|turn|23\n|\n|t:|1782745834\n|move|p2a: Volbeat|Lunge|p1a: Clefable\n|-resisted|p1a: Clefable\n|-damage|p1a: Clefable|100/293 par\n|-unboost|p1a: Clefable|atk|1\n|cant|p1a: Clefable|par\n|\n|upkeep\n|turn|24\n|\n|t:|1782745841\n|cant|p2a: Volbeat|par\n|move|p1a: Clefable|Moonlight|p1a: Clefable\n|-heal|p1a: Clefable|246/293 par\n|\n|upkeep\n|turn|25\n|\n|t:|1782745850\n|move|p2a: Volbeat|Lunge|p1a: Clefable\n|-resisted|p1a: Clefable\n|-damage|p1a: Clefable|196/293 par\n|-unboost|p1a: Clefable|atk|1\n|move|p1a: Clefable|Moonblast|p2a: Volbeat\n|-damage|p2a: Volbeat|32/263 par\n|\n|upkeep\n|turn|26\n|\n|t:|1782745858\n|cant|p2a: Volbeat|par\n|cant|p1a: Clefable|par\n|\n|upkeep\n|turn|27\n|\n|t:|1782745864\n|move|p2a: Volbeat|Roost|p2a: Volbeat\n|-heal|p2a: Volbeat|164/263 par\n|-singleturn|p2a: Volbeat|move: Roost\n|move|p1a: Clefable|Moonblast|p2a: Volbeat\n|-damage|p2a: Volbeat|35/263 par\n|\n|upkeep\n|turn|28\n|\n|t:|1782745871\n|move|p2a: Volbeat|Roost|p2a: Volbeat\n|-heal|p2a: Volbeat|167/263 par\n|-singleturn|p2a: Volbeat|move: Roost\n|move|p1a: Clefable|Moonblast|p2a: Volbeat\n|-damage|p2a: Volbeat|45/263 par\n|\n|upkeep\n|turn|29\n|\n|t:|1782745885\n|cant|p2a: Volbeat|par\n|move|p1a: Clefable|Moonblast|p2a: Volbeat\n|-crit|p2a: Volbeat\n|-damage|p2a: Volbeat|0 fnt\n|faint|p2a: Volbeat\n|\n|upkeep\n|\n|t:|1782745887\n|switch|p2a: Milotic|Milotic, L83, M|293/293\n|-damage|p2a: Milotic|257/293|[from] Stealth Rock\n|turn|30\n|\n|t:|1782745899\n|move|p2a: Milotic|Scald|p1a: Clefable\n|-damage|p1a: Clefable|111/293 par\n|move|p1a: Clefable|Thunder Wave|p2a: Milotic\n|-status|p2a: Milotic|par\n|\n|-heal|p2a: Milotic|275/293 par|[from] item: Leftovers\n|upkeep\n|turn|31\n|\n|t:|1782745909\n|move|p2a: Milotic|Ice Beam|p1a: Clefable\n|-damage|p1a: Clefable|51/293 par\n|move|p1a: Clefable|Moonblast|p2a: Milotic\n|-damage|p2a: Milotic|174/293 par\n|\n|-heal|p2a: Milotic|192/293 par|[from] item: Leftovers\n|upkeep\n|turn|32\n|\n|t:|1782745918\n|cant|p2a: Milotic|par\n|move|p1a: Clefable|Moonblast|p2a: Milotic\n|-damage|p2a: Milotic|102/293 par\n|\n|-heal|p2a: Milotic|120/293 par|[from] item: Leftovers\n|upkeep\n|turn|33\n|\n|t:|1782745926\n|move|p2a: Milotic|Recover|p2a: Milotic\n|-heal|p2a: Milotic|267/293 par\n|cant|p1a: Clefable|par\n|\n|-heal|p2a: Milotic|285/293 par|[from] item: Leftovers\n|upkeep\n|turn|34\n|\n|t:|1782745934\n|cant|p2a: Milotic|par\n|move|p1a: Clefable|Moonlight|p1a: Clefable\n|-heal|p1a: Clefable|197/293 par\n|\n|-heal|p2a: Milotic|293/293 par|[from] item: Leftovers\n|upkeep\n|turn|35\n|\n|t:|1782745942\n|move|p2a: Milotic|Ice Beam|p1a: Clefable\n|-damage|p1a: Clefable|138/293 par\n|move|p1a: Clefable|Moonblast|p2a: Milotic\n|-damage|p2a: Milotic|202/293 par\n|\n|-heal|p2a: Milotic|220/293 par|[from] item: Leftovers\n|upkeep\n|turn|36\n|\n|t:|1782745951\n|cant|p2a: Milotic|par\n|cant|p1a: Clefable|par\n|\n|-heal|p2a: Milotic|238/293 par|[from] item: Leftovers\n|upkeep\n|turn|37\n|\n|t:|1782745958\n|move|p2a: Milotic|Scald|p1a: Clefable\n|-damage|p1a: Clefable|56/293 par\n|move|p1a: Clefable|Moonlight|p1a: Clefable\n|-heal|p1a: Clefable|202/293 par\n|\n|-heal|p2a: Milotic|256/293 par|[from] item: Leftovers\n|upkeep\n|turn|38\n|\n|t:|1782745968\n|move|p2a: Milotic|Scald|p1a: Clefable\n|-damage|p1a: Clefable|117/293 par\n|move|p1a: Clefable|Moonblast|p2a: Milotic\n|-damage|p2a: Milotic|153/293 par\n|-unboost|p2a: Milotic|spa|1\n|-ability|p2a: Milotic|Competitive|boost\n|-boost|p2a: Milotic|spa|2\n|\n|-heal|p2a: Milotic|171/293 par|[from] item: Leftovers\n|upkeep\n|turn|39\n|\n|t:|1782745979\n|move|p2a: Milotic|Scald|p1a: Clefable\n|-damage|p1a: Clefable|0 fnt\n|faint|p1a: Clefable\n|\n|-heal|p2a: Milotic|189/293 par|[from] item: Leftovers\n|upkeep\n|\n|t:|1782745990\n|switch|p1a: Palafin|Palafin-Hero, L77, M|281/281\n|-activate|p1a: Palafin|move: Sticky Web\n|-unboost|p1a: Palafin|spe|1\n|-activate|p1a: Palafin|ability: Zero to Hero\n|turn|40\n|\n|t:|1782746003\n|move|p1a: Palafin|Bulk Up|p1a: Palafin\n|-boost|p1a: Palafin|atk|1\n|-boost|p1a: Palafin|def|1\n|move|p2a: Milotic|Scald|p1a: Palafin\n|-resisted|p1a: Palafin\n|-crit|p1a: Palafin\n|-damage|p1a: Palafin|176/281\n|-status|p1a: Palafin|brn\n|\n|-heal|p1a: Palafin|193/281 brn|[from] item: Leftovers\n|-heal|p2a: Milotic|207/293 par|[from] item: Leftovers\n|-damage|p1a: Palafin|176/281 brn|[from] brn\n|upkeep\n|turn|41\n|\n|t:|1782746023\n|move|p1a: Palafin|Drain Punch|p2a: Milotic\n|-damage|p2a: Milotic|156/293 par\n|-heal|p1a: Palafin|202/281 brn|[from] drain|[of] p2a: Milotic\n|move|p2a: Milotic|Ice Beam|p1a: Palafin\n|-resisted|p1a: Palafin\n|-damage|p1a: Palafin|154/281 brn\n|\n|-heal|p1a: Palafin|171/281 brn|[from] item: Leftovers\n|-heal|p2a: Milotic|174/293 par|[from] item: Leftovers\n|-damage|p1a: Palafin|154/281 brn|[from] brn\n|upkeep\n|turn|42\n|\n|t:|1782746035\n|move|p1a: Palafin|Bulk Up|p1a: Palafin\n|-boost|p1a: Palafin|atk|1\n|-boost|p1a: Palafin|def|1\n|move|p2a: Milotic|Ice Beam|p1a: Palafin\n|-resisted|p1a: Palafin\n|-damage|p1a: Palafin|106/281 brn\n|\n|-heal|p1a: Palafin|123/281 brn|[from] item: Leftovers\n|-heal|p2a: Milotic|192/293 par|[from] item: Leftovers\n|-damage|p1a: Palafin|106/281 brn|[from] brn\n|upkeep\n|turn|43\n|\n|t:|1782746046\n|move|p1a: Palafin|Drain Punch|p2a: Milotic\n|-damage|p2a: Milotic|123/293 par\n|-heal|p1a: Palafin|141/281 brn|[from] drain|[of] p2a: Milotic\n|move|p2a: Milotic|Ice Beam|p1a: Palafin\n|-resisted|p1a: Palafin\n|-damage|p1a: Palafin|85/281 brn\n|\n|-heal|p1a: Palafin|102/281 brn|[from] item: Leftovers\n|-heal|p2a: Milotic|141/293 par|[from] item: Leftovers\n|-damage|p1a: Palafin|85/281 brn|[from] brn\n|upkeep\n|turn|44\n|\n|t:|1782746058\n|move|p1a: Palafin|Drain Punch|p2a: Milotic\n|-damage|p2a: Milotic|74/293 par\n|-heal|p1a: Palafin|119/281 brn|[from] drain|[of] p2a: Milotic\n|move|p2a: Milotic|Recover|p2a: Milotic\n|-heal|p2a: Milotic|221/293 par\n|\n|-heal|p1a: Palafin|136/281 brn|[from] item: Leftovers\n|-heal|p2a: Milotic|239/293 par|[from] item: Leftovers\n|-damage|p1a: Palafin|119/281 brn|[from] brn\n|upkeep\n|turn|45\n|\n|t:|1782746070\n|move|p1a: Palafin|Bulk Up|p1a: Palafin\n|-boost|p1a: Palafin|atk|1\n|-boost|p1a: Palafin|def|1\n|cant|p2a: Milotic|par\n|\n|-heal|p1a: Palafin|136/281 brn|[from] item: Leftovers\n|-heal|p2a: Milotic|257/293 par|[from] item: Leftovers\n|-damage|p1a: Palafin|119/281 brn|[from] brn\n|upkeep\n|turn|46\n|\n|t:|1782746081\n|move|p1a: Palafin|Bulk Up|p1a: Palafin\n|-boost|p1a: Palafin|atk|1\n|-boost|p1a: Palafin|def|1\n|move|p2a: Milotic|Haze|p2a: Milotic\n|-clearallboost\n|\n|-heal|p1a: Palafin|136/281 brn|[from] item: Leftovers\n|-heal|p2a: Milotic|275/293 par|[from] item: Leftovers\n|-damage|p1a: Palafin|119/281 brn|[from] brn\n|upkeep\n|turn|47\n|\n|t:|1782746098\n|move|p1a: Palafin|Drain Punch|p2a: Milotic\n|-damage|p2a: Milotic|236/293 par\n|-heal|p1a: Palafin|139/281 brn|[from] drain|[of] p2a: Milotic\n|cant|p2a: Milotic|par\n|\n|-heal|p1a: Palafin|156/281 brn|[from] item: Leftovers\n|-heal|p2a: Milotic|254/293 par|[from] item: Leftovers\n|-damage|p1a: Palafin|139/281 brn|[from] brn\n|upkeep\n|turn|48\n|\n|t:|1782746109\n|move|p1a: Palafin|Bulk Up|p1a: Palafin\n|-boost|p1a: Palafin|atk|1\n|-boost|p1a: Palafin|def|1\n|cant|p2a: Milotic|par\n|\n|-heal|p1a: Palafin|156/281 brn|[from] item: Leftovers\n|-heal|p2a: Milotic|272/293 par|[from] item: Leftovers\n|-damage|p1a: Palafin|139/281 brn|[from] brn\n|upkeep\n|turn|49\n|\n|t:|1782746119\n|move|p1a: Palafin|Bulk Up|p1a: Palafin\n|-boost|p1a: Palafin|atk|1\n|-boost|p1a: Palafin|def|1\n|move|p2a: Milotic|Ice Beam|p1a: Palafin\n|-resisted|p1a: Palafin\n|-damage|p1a: Palafin|106/281 brn\n|\n|-heal|p1a: Palafin|123/281 brn|[from] item: Leftovers\n|-heal|p2a: Milotic|290/293 par|[from] item: Leftovers\n|-damage|p1a: Palafin|106/281 brn|[from] brn\n|upkeep\n|turn|50\n|\n|t:|1782746130\n|move|p1a: Palafin|Drain Punch|p2a: Milotic\n|-damage|p2a: Milotic|213/293 par\n|-heal|p1a: Palafin|145/281 brn|[from] drain|[of] p2a: Milotic\n|move|p2a: Milotic|Ice Beam|p1a: Palafin\n|-resisted|p1a: Palafin\n|-damage|p1a: Palafin|113/281 brn\n|\n|-heal|p1a: Palafin|130/281 brn|[from] item: Leftovers\n|-heal|p2a: Milotic|231/293 par|[from] item: Leftovers\n|-damage|p1a: Palafin|113/281 brn|[from] brn\n|upkeep\n|turn|51\n|\n|t:|1782746142\n|move|p1a: Palafin|Bulk Up|p1a: Palafin\n|-boost|p1a: Palafin|atk|1\n|-boost|p1a: Palafin|def|1\n|move|p2a: Milotic|Ice Beam|p1a: Palafin\n|-resisted|p1a: Palafin\n|-damage|p1a: Palafin|77/281 brn\n|\n|-heal|p1a: Palafin|94/281 brn|[from] item: Leftovers\n|-heal|p2a: Milotic|249/293 par|[from] item: Leftovers\n|-damage|p1a: Palafin|77/281 brn|[from] brn\n|upkeep\n|turn|52\n|\n|t:|1782746154\n|move|p1a: Palafin|Drain Punch|p2a: Milotic\n|-damage|p2a: Milotic|151/293 par\n|-heal|p1a: Palafin|126/281 brn|[from] drain|[of] p2a: Milotic\n|move|p2a: Milotic|Scald|p1a: Palafin\n|-resisted|p1a: Palafin\n|-damage|p1a: Palafin|76/281 brn\n|\n|-heal|p1a: Palafin|93/281 brn|[from] item: Leftovers\n|-heal|p2a: Milotic|169/293 par|[from] item: Leftovers\n|-damage|p1a: Palafin|76/281 brn|[from] brn\n|upkeep\n|turn|53\n|\n|t:|1782746166\n|move|p1a: Palafin|Drain Punch|p2a: Milotic\n|-damage|p2a: Milotic|84/293 par\n|-heal|p1a: Palafin|119/281 brn|[from] drain|[of] p2a: Milotic\n|move|p2a: Milotic|Scald|p1a: Palafin\n|-resisted|p1a: Palafin\n|-damage|p1a: Palafin|77/281 brn\n|\n|-heal|p1a: Palafin|94/281 brn|[from] item: Leftovers\n|-heal|p2a: Milotic|102/293 par|[from] item: Leftovers\n|-damage|p1a: Palafin|77/281 brn|[from] brn\n|upkeep\n|turn|54\n|\n|t:|1782746178\n|move|p1a: Palafin|Drain Punch|p2a: Milotic\n|-damage|p2a: Milotic|9/293 par\n|-heal|p1a: Palafin|124/281 brn|[from] drain|[of] p2a: Milotic\n|cant|p2a: Milotic|par\n|\n|-heal|p1a: Palafin|141/281 brn|[from] item: Leftovers\n|-heal|p2a: Milotic|27/293 par|[from] item: Leftovers\n|-damage|p1a: Palafin|124/281 brn|[from] brn\n|upkeep\n|turn|55\n|-message|keysup forfeited.\n|\n|win|letslar\n|raw|letslar's rating: 1271 &rarr; <strong>1296</strong><br />(+25 for winning)\n|raw|keysup's rating: 1271 &rarr; <strong>1246</strong><br />(-25 for losing)\n|l|\u2606keysup\n|player|p2|\n", "inputlog": ">version f8ac14003a5f27e1bdc8d8c59608a773c1cb96e5\n>start {\"formatid\":\"gen9randombattle\",\"seed\":\"sodium,9d33ea005fb8b248005bc0623eed8c45\",\"rated\":\"Rated battle\"}\n>player p1 {\"name\":\"letslar\",\"avatar\":\"benga\",\"rating\":1271,\"seed\":\"sodium,7b25623e2abe7e70c1fc052efa96d3aa\"}\n>player p2 {\"name\":\"keysup\",\"avatar\":\"169\",\"rating\":1271,\"seed\":\"sodium,26246a3b68a1932dca9e1ee2f1164188\"}\n>p1 move icebeam\n>p2 move stickyweb\n>p1 move hydropump\n>p2 move knockoff\n>p1 move icebeam\n>p2 move poisonjab\n>p2 switch 4\n>p1 move encore\n>p2 move superfang\n>p1 move hydropump\n>p2 move superfang\n>p1 move hydropump\n>p2 move superfang\n>p1 move rest\n>p2 move superfang\n>p1 move hydropump\n>p2 move thunderbolt\n>p1 move hydropump\n>p2 move thunderbolt\n>p1 switch 3\n>p1 move shadowball terastallize\n>p2 move thunderbolt\n>p2 switch 5\n>p1 move shadowball\n>p2 move heavyslam\n>p1 switch 4\n>p1 move jetpunch\n>p2 move earthquake\n>p2 switch 6\n>p1 switch 6\n>p2 move thunderclap\n>p1 move irondefense\n>p2 move calmmind\n>p1 move irondefense\n>p2 move thunderbolt terastallize\n>p1 move bodypress\n>p2 move thunderbolt\n>p1 move flashcannon\n>p2 move thunderclap\n>p1 switch 5\n>p1 move moonblast\n>p2 move thunderbolt\n>p2 switch 2\n>p1 move thunderwave\n>p2 move thunderwave\n>p1 move moonlight\n>p2 move encore\n>p1 move moonblast\n>p2 move lunge\n>p1 move stealthrock\n>p2 move lunge\n>p1 move moonblast\n>p2 move lunge\n>p1 move moonlight\n>p2 move lunge\n>p1 move moonblast\n>p2 move lunge\n>p1 move moonblast\n>p2 move roost\n>p1 move moonblast\n>p2 move roost\n>p1 move moonblast\n>p2 move roost\n>p1 move moonblast\n>p2 move roost\n>p2 switch 3\n>p1 move thunderwave\n>p2 move scald\n>p1 move moonblast\n>p2 move icebeam\n>p1 move moonblast\n>p2 move icebeam\n>p1 move moonlight\n>p2 move recover\n>p1 move moonlight\n>p2 move icebeam\n>p1 move moonblast\n>p2 move icebeam\n>p1 move moonblast\n>p2 move scald\n>p1 move moonlight\n>p2 move scald\n>p1 move moonblast\n>p2 move scald\n>p1 move moonlight\n>p2 move scald\n>p1 switch 6\n>p1 move bulkup\n>p2 move scald\n>p1 move drainpunch\n>p2 move icebeam\n>p1 move bulkup\n>p2 move icebeam\n>p1 move drainpunch\n>p2 move icebeam\n>p1 move drainpunch\n>p2 move recover\n>p1 move bulkup\n>p2 move icebeam\n>p1 move bulkup\n>p2 move haze\n>p1 move drainpunch\n>p2 move icebeam\n>p1 move bulkup\n>p2 move icebeam\n>p1 move bulkup\n>p2 move icebeam\n>p1 move drainpunch\n>p2 move icebeam\n>p1 move bulkup\n>p2 move icebeam\n>p1 move drainpunch\n>p2 move scald\n>p1 move drainpunch\n>p2 move scald\n>p1 move drainpunch\n>p2 move recover\n>forcelose p2", "uploadtime": 1782746199, "views": 12, "formatid": "gen9randombattle", "rating": 1246, "private": 0, "password": null, "player_dets": [{"name": "letslar", "avatar": "benga", "rating": 1271, "seed": "sodium,7b25623e2abe7e70c1fc052efa96d3aa"}, {"name": "keysup", "avatar": "169", "rating": 1271, "seed": "sodium,26246a3b68a1932dca9e1ee2f1164188"}], "teams_full": [{"Politoed": {"name": "Politoed", "species": "Politoed", "speciesId": "politoed", "gender": "F", "shiny": false, "level": 88, "moves": ["encore", "hydropump", "icebeam", "rest"], "ability": "Drizzle", "evs": {"hp": 85, "atk": 0, "def": 85, "spa": 85, "spd": 85, "spe": 85}, "ivs": {"hp": 31, "atk": 0, "def": 31, "spa": 31, "spd": 31, "spe": 31}, "item": "Chesto Berry", "teraType": "Steel", "role": "Bulky Attacker", "bvs": {"hp": 90, "atk": 75, "def": 75, "spa": 90, "spd": 100, "spe": 70}, "stats": {"hp": 302, "atk": 137, "def": 182, "spa": 209, "spd": 226, "spe": 173}, "types": ["Water"]}, "Blaziken": {"name": "Blaziken", "species": "Blaziken", "speciesId": "blaziken", "gender": "F", "shiny": false, "level": 76, "moves": ["swordsdance", "closecombat", "flareblitz", "knockoff"], "ability": "Speed Boost", "evs": {"hp": 85, "atk": 85, "def": 85, "spa": 85, "spd": 85, "spe": 85}, "ivs": {"hp": 31, "atk": 31, "def": 31, "spa": 31, "spd": 31, "spe": 31}, "item": "Life Orb", "teraType": "Dark", "role": "Setup Sweeper", "bvs": {"hp": 80, "atk": 120, "def": 70, "spa": 110, "spd": 70, "spe": 80}, "stats": {"hp": 247, "atk": 226, "def": 150, "spa": 211, "spd": 150, "spe": 166}, "types": ["Fire", "Fighting"]}, "Drifblim": {"name": "Drifblim", "species": "Drifblim", "speciesId": "drifblim", "gender": "M", "shiny": false, "level": 86, "moves": ["airslash", "shadowball", "defog", "strengthsap"], "ability": "Aftermath", "evs": {"hp": 85, "atk": 0, "def": 85, "spa": 85, "spd": 85, "spe": 85}, "ivs": {"hp": 31, "atk": 0, "def": 31, "spa": 31, "spd": 31, "spe": 31}, "item": "Heavy-Duty Boots", "teraType": "Dark", "role": "Bulky Attacker", "bvs": {"hp": 150, "atk": 80, "def": 44, "spa": 90, "spd": 54, "spe": 80}, "stats": {"hp": 398, "atk": 142, "def": 125, "spa": 204, "spd": 142, "spe": 187}, "types": ["Ghost", "Flying"]}, "Palafin": {"name": "Palafin", "species": "Palafin", "speciesId": "palafin", "gender": "M", "shiny": false, "level": 77, "moves": ["wavecrash", "drainpunch", "jetpunch", "bulkup"], "ability": "Zero to Hero", "evs": {"hp": 85, "atk": 85, "def": 85, "spa": 85, "spd": 85, "spe": 85}, "ivs": {"hp": 31, "atk": 31, "def": 31, "spa": 31, "spd": 31, "spe": 31}, "item": "Leftovers", "teraType": "Dragon", "role": "Bulky Setup", "bvs": {"hp": 100, "atk": 70, "def": 72, "spa": 53, "spd": 62, "spe": 100}, "stats": {"hp": 281, "atk": 152, "def": 155, "spa": 126, "spd": 140, "spe": 199}, "types": ["Water"]}, "Clefable": {"name": "Clefable", "species": "Clefable", "speciesId": "clefable", "gender": "F", "shiny": false, "level": 83, "moves": ["stealthrock", "thunderwave", "moonblast", "moonlight"], "ability": "Magic Guard", "evs": {"hp": 85, "atk": 0, "def": 85, "spa": 85, "spd": 85, "spe": 85}, "ivs": {"hp": 31, "atk": 0, "def": 31, "spa": 31, "spd": 31, "spe": 31}, "item": "Life Orb", "teraType": "Steel", "role": "Bulky Support", "bvs": {"hp": 95, "atk": 70, "def": 73, "spa": 95, "spd": 90, "spe": 60}, "stats": {"hp": 293, "atk": 121, "def": 169, "spa": 205, "spd": 197, "spe": 147}, "types": ["Fairy"]}, "Probopass": {"name": "Probopass", "species": "Probopass", "speciesId": "probopass", "gender": "M", "shiny": false, "level": 91, "moves": ["bodypress", "irondefense", "powergem", "flashcannon"], "ability": "Magnet Pull", "evs": {"hp": 85, "atk": 0, "def": 85, "spa": 85, "spd": 85, "spe": 85}, "ivs": {"hp": 31, "atk": 0, "def": 31, "spa": 31, "spd": 31, "spe": 31}, "item": "Leftovers", "teraType": "Fighting", "role": "Bulky Setup", "bvs": {"hp": 60, "atk": 55, "def": 145, "spa": 75, "spd": 150, "spe": 40}, "stats": {"hp": 257, "atk": 105, "def": 316, "spa": 188, "spd": 325, "spe": 125}, "types": ["Rock", "Steel"]}}, {"Ariados": {"name": "Ariados", "species": "Ariados", "speciesId": "ariados", "gender": "M", "shiny": false, "level": 95, "moves": ["poisonjab", "megahorn", "stickyweb", "knockoff"], "ability": "Insomnia", "evs": {"hp": 85, "atk": 85, "def": 85, "spa": 85, "spd": 85, "spe": 85}, "ivs": {"hp": 31, "atk": 31, "def": 31, "spa": 31, "spd": 31, "spe": 31}, "item": "Focus Sash", "teraType": "Ghost", "role": "Fast Support", "bvs": {"hp": 70, "atk": 90, "def": 70, "spa": 60, "spd": 70, "spe": 40}, "stats": {"hp": 287, "atk": 225, "def": 187, "spa": 168, "spd": 187, "spe": 130}, "types": ["Bug", "Poison"]}, "Volbeat": {"name": "Volbeat", "species": "Volbeat", "speciesId": "volbeat", "gender": "M", "shiny": false, "level": 90, "moves": ["thunderwave", "encore", "roost", "lunge"], "ability": "Prankster", "evs": {"hp": 85, "atk": 85, "def": 85, "spa": 85, "spd": 85, "spe": 85}, "ivs": {"hp": 31, "atk": 31, "def": 31, "spa": 31, "spd": 31, "spe": 31}, "item": "Heavy-Duty Boots", "teraType": "Water", "role": "Bulky Attacker", "bvs": {"hp": 65, "atk": 73, "def": 75, "spa": 47, "spd": 85, "spe": 85}, "stats": {"hp": 263, "atk": 183, "def": 186, "spa": 136, "spd": 204, "spe": 204}, "types": ["Bug"]}, "Milotic": {"name": "Milotic", "species": "Milotic", "speciesId": "milotic", "gender": "M", "shiny": false, "level": 83, "moves": ["scald", "haze", "recover", "icebeam"], "ability": "Competitive", "evs": {"hp": 85, "atk": 0, "def": 85, "spa": 85, "spd": 85, "spe": 85}, "ivs": {"hp": 31, "atk": 0, "def": 31, "spa": 31, "spd": 31, "spe": 31}, "item": "Leftovers", "teraType": "Dragon", "role": "Bulky Attacker", "bvs": {"hp": 95, "atk": 60, "def": 79, "spa": 100, "spd": 125, "spe": 81}, "stats": {"hp": 293, "atk": 104, "def": 179, "spa": 214, "spd": 255, "spe": 182}, "types": ["Water"]}, "Dedenne": {"name": "Dedenne", "species": "Dedenne", "speciesId": "dedenne", "gender": "F", "shiny": false, "level": 88, "moves": ["dazzlinggleam", "thunderbolt", "superfang", "uturn"], "ability": "Cheek Pouch", "evs": {"hp": 85, "atk": 85, "def": 85, "spa": 85, "spd": 85, "spe": 85}, "ivs": {"hp": 31, "atk": 31, "def": 31, "spa": 31, "spd": 31, "spe": 31}, "item": "Sitrus Berry", "teraType": "Flying", "role": "Fast Support", "bvs": {"hp": 67, "atk": 58, "def": 57, "spa": 81, "spd": 67, "spe": 101}, "stats": {"hp": 261, "atk": 152, "def": 151, "spa": 193, "spd": 168, "spe": 228}, "types": ["Electric", "Fairy"]}, "Metagross": {"name": "Metagross", "species": "Metagross", "speciesId": "metagross", "gender": "N", "shiny": false, "level": 79, "moves": ["psychicfangs", "agility", "earthquake", "heavyslam"], "ability": "Clear Body", "evs": {"hp": 85, "atk": 85, "def": 85, "spa": 85, "spd": 85, "spe": 85}, "ivs": {"hp": 31, "atk": 31, "def": 31, "spa": 31, "spd": 31, "spe": 31}, "item": "Weakness Policy", "teraType": "Ground", "role": "Bulky Setup", "bvs": {"hp": 80, "atk": 135, "def": 130, "spa": 95, "spd": 90, "spe": 70}, "stats": {"hp": 256, "atk": 259, "def": 251, "spa": 196, "spd": 188, "spe": 156}, "types": ["Steel", "Psychic"]}, "Raging Bolt": {"name": "Raging Bolt", "species": "Raging Bolt", "speciesId": "ragingbolt", "gender": "N", "shiny": false, "level": 78, "moves": ["calmmind", "thunderbolt", "dracometeor", "thunderclap"], "ability": "Protosynthesis", "evs": {"hp": 85, "atk": 0, "def": 85, "spa": 85, "spd": 85, "spe": 85}, "ivs": {"hp": 31, "atk": 0, "def": 31, "spa": 31, "spd": 31, "spe": 31}, "item": "Leftovers", "teraType": "Electric", "role": "Bulky Setup", "bvs": {"hp": 125, "atk": 73, "def": 91, "spa": 137, "spd": 89, "spe": 75}, "stats": {"hp": 323, "atk": 118, "def": 187, "spa": 259, "spd": 184, "spe": 162}, "types": ["Electric", "Dragon"]}}]}