{"id": "gen9randombattle-2641069750", "format": "[Gen 9] Random Battle", "players": ["mayqueen nyannyan", "JayClaw"], "log": "|j|\u2606mayqueen nyannyan\n|j|\u2606JayClaw\n|t:|1782735905\n|gametype|singles\n|player|p1|mayqueen nyannyan|102|2103\n|player|p2|JayClaw|red|2079\n|gen|9\n|tier|[Gen 9] Random Battle\n|rated|\n|rule|Species Clause: Limit one of each Pok\u00e9mon\n|rule|HP Percentage Mod: HP is shown in percentages\n|rule|Sleep Clause Mod: Limit one foe put to sleep\n|rule|Illusion Level Mod: Illusion disguises the Pok\u00e9mon's true level\n|\n|t:|1782735905\n|teamsize|p1|6\n|teamsize|p2|6\n|start\n|switch|p1a: Arbok|Arbok, L87, M|246/246\n|switch|p2a: Feraligatr|Feraligatr, L79, F|264/264\n|-ability|p1a: Arbok|Intimidate|boost\n|-unboost|p2a: Feraligatr|atk|1\n|turn|1\n|inactive|Battle timer is ON: inactive players will automatically lose when time's up. (requested by mayqueen nyannyan)\n|inactive|JayClaw has 120 seconds left.\n|\n|t:|1782735948\n|switch|p2a: Hitmontop|Hitmontop, L88, M|231/231\n|-ability|p2a: Hitmontop|Intimidate|boost\n|-unboost|p1a: Arbok|atk|1\n|move|p1a: Arbok|Coil|p1a: Arbok\n|-boost|p1a: Arbok|atk|1\n|-boost|p1a: Arbok|def|1\n|-boost|p1a: Arbok|accuracy|1\n|\n|upkeep\n|turn|2\n|\n|t:|1782735962\n|switch|p2a: Dondozo|Dondozo, L78, F|362/362\n|move|p1a: Arbok|Coil|p1a: Arbok\n|-boost|p1a: Arbok|atk|1\n|-boost|p1a: Arbok|def|1\n|-boost|p1a: Arbok|accuracy|1\n|\n|upkeep\n|turn|3\n|inactive|mayqueen nyannyan has 120 seconds left.\n|\n|t:|1782735993\n|switch|p1a: Empoleon|Empoleon, L84, F|278/278\n|move|p2a: Dondozo|Wave Crash|p1a: Empoleon\n|-resisted|p1a: Empoleon\n|-damage|p1a: Empoleon|218/278\n|-damage|p2a: Dondozo|342/362|[from] Recoil\n|\n|-heal|p1a: Empoleon|235/278|[from] item: Leftovers\n|-heal|p2a: Dondozo|362/362|[from] item: Leftovers\n|upkeep\n|turn|4\n|inactive|JayClaw has 120 seconds left.\n|\n|t:|1782736033\n|move|p1a: Empoleon|Stealth Rock|p2a: Dondozo\n|-sidestart|p2: JayClaw|move: Stealth Rock\n|move|p2a: Dondozo|Curse|p2a: Dondozo\n|-unboost|p2a: Dondozo|spe|1\n|-boost|p2a: Dondozo|atk|1\n|-boost|p2a: Dondozo|def|1\n|\n|-heal|p1a: Empoleon|252/278|[from] item: Leftovers\n|upkeep\n|turn|5\n|\n|t:|1782736043\n|switch|p1a: Giratina|Giratina, L75|349/349\n|-ability|p1a: Giratina|Pressure\n|move|p2a: Dondozo|Curse|p2a: Dondozo\n|-unboost|p2a: Dondozo|spe|1\n|-boost|p2a: Dondozo|atk|1\n|-boost|p2a: Dondozo|def|1\n|\n|upkeep\n|turn|6\n|inactive|JayClaw has 120 seconds left.\n|\n|t:|1782736050\n|move|p1a: Giratina|Shadow Ball|p2a: Dondozo\n|-damage|p2a: Dondozo|257/362\n|move|p2a: Dondozo|Wave Crash|p1a: Giratina\n|-resisted|p1a: Giratina\n|-damage|p1a: Giratina|257/349\n|-damage|p2a: Dondozo|227/362|[from] Recoil\n|\n|-heal|p1a: Giratina|278/349|[from] item: Leftovers\n|-heal|p2a: Dondozo|249/362|[from] item: Leftovers\n|upkeep\n|turn|7\n|inactive|JayClaw has 120 seconds left.\n|inactive|mayqueen nyannyan has 120 seconds left.\n|\n|t:|1782736089\n|move|p2a: Dondozo|Wave Crash|p1a: Giratina\n|-resisted|p1a: Giratina\n|-damage|p1a: Giratina|184/349\n|-damage|p2a: Dondozo|218/362|[from] Recoil\n|move|p1a: Giratina|Dragon Tail|p2a: Dondozo\n|-damage|p2a: Dondozo|193/362\n|drag|p2a: Hitmonchan|Hitmonchan, L87, M|229/229\n|-damage|p2a: Hitmonchan|215/229|[from] Stealth Rock\n|\n|-heal|p1a: Giratina|205/349|[from] item: Leftovers\n|upkeep\n|turn|8\n|inactive|mayqueen nyannyan has 120 seconds left.\n|inactive|JayClaw has 120 seconds left.\n|\n|t:|1782736105\n|switch|p2a: Dondozo|Dondozo, L78, F|193/362\n|-damage|p2a: Dondozo|148/362|[from] Stealth Rock\n|switch|p1a: Arbok|Arbok, L87, M|246/246\n|-ability|p1a: Arbok|Intimidate|boost\n|-unboost|p2a: Dondozo|atk|1\n|\n|-heal|p2a: Dondozo|170/362|[from] item: Leftovers\n|upkeep\n|turn|9\n|inactive|JayClaw has 120 seconds left.\n|inactive|mayqueen nyannyan has 120 seconds left.\n|\n|t:|1782736122\n|switch|p1a: Giratina|Giratina, L75|205/349\n|-ability|p1a: Giratina|Pressure\n|move|p2a: Dondozo|Rest|p2a: Dondozo\n|-status|p2a: Dondozo|slp|[from] move: Rest\n|-heal|p2a: Dondozo|362/362 slp|[silent]\n|\n|-heal|p1a: Giratina|226/349|[from] item: Leftovers\n|upkeep\n|turn|10\n|inactive|JayClaw has 120 seconds left.\n|inactive|JayClaw has 90 seconds left.\n|\n|t:|1782736167\n|move|p1a: Giratina|Shadow Ball|p2a: Dondozo\n|-damage|p2a: Dondozo|269/362 slp\n|-unboost|p2a: Dondozo|spd|1\n|cant|p2a: Dondozo|slp\n|move|p2a: Dondozo|Sleep Talk|p2a: Dondozo\n|move|p2a: Dondozo|Rest||[from] move: Sleep Talk|[still]\n|-fail|p2a: Dondozo\n|\n|-heal|p1a: Giratina|247/349|[from] item: Leftovers\n|-heal|p2a: Dondozo|291/362 slp|[from] item: Leftovers\n|upkeep\n|turn|11\n|inactive|JayClaw has 90 seconds left.\n|\n|t:|1782736173\n|switch|p2a: Ambipom|Ambipom, L84, F|263/263\n|-damage|p2a: Ambipom|231/263|[from] Stealth Rock\n|move|p1a: Giratina|Shadow Ball|p2a: Ambipom\n|-immune|p2a: Ambipom\n|\n|-heal|p1a: Giratina|268/349|[from] item: Leftovers\n|upkeep\n|turn|12\n|\n|t:|1782736182\n|switch|p1a: Empoleon|Empoleon, L84, F|252/278\n|move|p2a: Ambipom|U-turn|p1a: Empoleon\n|-resisted|p1a: Empoleon\n|-damage|p1a: Empoleon|212/278\n|\n|t:|1782736186\n|switch|p2a: Hitmonchan|Hitmonchan, L87, M|215/229|[from] U-turn\n|-damage|p2a: Hitmonchan|201/229|[from] Stealth Rock\n|\n|-heal|p1a: Empoleon|229/278|[from] item: Leftovers\n|upkeep\n|turn|13\n|inactive|JayClaw has 90 seconds left.\n|inactive|mayqueen nyannyan has 120 seconds left.\n|\n|t:|1782736241\n|switch|p1a: Arbok|Arbok, L87, M|246/246\n|-ability|p1a: Arbok|Intimidate|boost\n|-unboost|p2a: Hitmonchan|atk|1\n|move|p2a: Hitmonchan|Knock Off|p1a: Arbok\n|-damage|p1a: Arbok|171/246\n|-enditem|p1a: Arbok|Leftovers|[from] move: Knock Off|[of] p2a: Hitmonchan\n|-damage|p2a: Hitmonchan|179/229|[from] item: Life Orb\n|\n|upkeep\n|turn|14\n|inactive|JayClaw has 90 seconds left.\n|\n|t:|1782736263\n|switch|p2a: Hitmontop|Hitmontop, L88, M|231/231\n|-damage|p2a: Hitmontop|217/231|[from] Stealth Rock\n|-ability|p2a: Hitmontop|Intimidate|boost\n|-unboost|p1a: Arbok|atk|1\n|move|p1a: Arbok|Gunk Shot|p2a: Hitmontop\n|-damage|p2a: Hitmontop|133/231\n|\n|upkeep\n|turn|15\n|\n|t:|1782736277\n|move|p1a: Arbok|Gunk Shot|p2a: Hitmontop\n|-damage|p2a: Hitmontop|54/231\n|move|p2a: Hitmontop|Earthquake|p1a: Arbok\n|-supereffective|p1a: Arbok\n|-damage|p1a: Arbok|0 fnt\n|faint|p1a: Arbok\n|\n|upkeep\n|inactive|mayqueen nyannyan has 90 seconds left.\n|\n|t:|1782736319\n|switch|p1a: Ceruledge|Ceruledge, L78, F|245/245\n|turn|16\n|inactive|JayClaw has 90 seconds left.\n|\n|t:|1782736348\n|switch|p2a: Dondozo|Dondozo, L78, F|291/362 slp\n|-damage|p2a: Dondozo|246/362 slp|[from] Stealth Rock\n|move|p1a: Ceruledge|Bitter Blade|p2a: Dondozo\n|-resisted|p2a: Dondozo\n|-damage|p2a: Dondozo|202/362 slp\n|\n|-heal|p2a: Dondozo|224/362 slp|[from] item: Leftovers\n|upkeep\n|turn|17\n|\n|t:|1782736366\n|switch|p1a: Giratina|Giratina, L75|268/349\n|-ability|p1a: Giratina|Pressure\n|cant|p2a: Dondozo|slp\n|move|p2a: Dondozo|Sleep Talk|p2a: Dondozo\n|move|p2a: Dondozo|Curse|p2a: Dondozo|[from] move: Sleep Talk\n|-unboost|p2a: Dondozo|spe|1\n|-boost|p2a: Dondozo|atk|1\n|-boost|p2a: Dondozo|def|1\n|\n|-heal|p1a: Giratina|289/349|[from] item: Leftovers\n|-heal|p2a: Dondozo|246/362 slp|[from] item: Leftovers\n|upkeep\n|turn|18\n|inactive|JayClaw has 60 seconds left.\n|\n|t:|1782736405\n|move|p1a: Giratina|Shadow Ball|p2a: Dondozo\n|-damage|p2a: Dondozo|144/362 slp\n|-curestatus|p2a: Dondozo|slp|[msg]\n|move|p2a: Dondozo|Wave Crash|p1a: Giratina\n|-resisted|p1a: Giratina\n|-crit|p1a: Giratina\n|-damage|p1a: Giratina|183/349\n|-damage|p2a: Dondozo|109/362|[from] Recoil\n|\n|-heal|p1a: Giratina|204/349|[from] item: Leftovers\n|-heal|p2a: Dondozo|131/362|[from] item: Leftovers\n|upkeep\n|turn|19\n|inactive|mayqueen nyannyan has 90 seconds left.\n|\n|t:|1782736413\n|move|p2a: Dondozo|Rest|p2a: Dondozo\n|-status|p2a: Dondozo|slp|[from] move: Rest\n|-heal|p2a: Dondozo|362/362 slp|[silent]\n|move|p1a: Giratina|Dragon Tail|p2a: Dondozo\n|-crit|p2a: Dondozo\n|-damage|p2a: Dondozo|296/362 slp\n|drag|p2a: Registeel|Registeel, L81|262/262\n|-damage|p2a: Registeel|246/262|[from] Stealth Rock\n|\n|-heal|p1a: Giratina|225/349|[from] item: Leftovers\n|upkeep\n|turn|20\n|\n|t:|1782736429\n|move|p2a: Registeel|Iron Head|p1a: Giratina\n|-damage|p1a: Giratina|173/349\n|move|p1a: Giratina|Dragon Tail|p2a: Registeel\n|-resisted|p2a: Registeel\n|-damage|p2a: Registeel|228/262\n|drag|p2a: Dondozo|Dondozo, L78, F|296/362 slp\n|-damage|p2a: Dondozo|251/362 slp|[from] Stealth Rock\n|\n|-heal|p1a: Giratina|194/349|[from] item: Leftovers\n|-heal|p2a: Dondozo|273/362 slp|[from] item: Leftovers\n|upkeep\n|turn|21\n|\n|t:|1782736448\n|move|p1a: Giratina|Rest|p1a: Giratina\n|-status|p1a: Giratina|slp|[from] move: Rest\n|-heal|p1a: Giratina|349/349 slp|[silent]\n|cant|p2a: Dondozo|slp\n|move|p2a: Dondozo|Sleep Talk|p2a: Dondozo\n|move|p2a: Dondozo|Curse|p2a: Dondozo|[from] move: Sleep Talk\n|-unboost|p2a: Dondozo|spe|1\n|-boost|p2a: Dondozo|atk|1\n|-boost|p2a: Dondozo|def|1\n|\n|-heal|p2a: Dondozo|295/362 slp|[from] item: Leftovers\n|upkeep\n|turn|22\n|inactive|JayClaw has 30 seconds left.\n|\n|t:|1782736479\n|cant|p1a: Giratina|slp\n|move|p1a: Giratina|Sleep Talk|p1a: Giratina\n|move|p1a: Giratina|Dragon Tail|p2a: Dondozo|[from] move: Sleep Talk\n|-damage|p2a: Dondozo|262/362 slp\n|drag|p2a: Ambipom|Ambipom, L84, F|231/263\n|-damage|p2a: Ambipom|199/263|[from] Stealth Rock\n|\n|upkeep\n|turn|23\n|inactive|JayClaw has 30 seconds left.\n|\n|t:|1782736501\n|switch|p1a: Empoleon|Empoleon, L84, F|229/278\n|move|p2a: Ambipom|U-turn|p1a: Empoleon\n|-resisted|p1a: Empoleon\n|-damage|p1a: Empoleon|190/278\n|inactive|JayClaw has 30 seconds left this turn.\n|\n|t:|1782736510\n|switch|p2a: Hitmonchan|Hitmonchan, L87, M|179/229|[from] U-turn\n|-damage|p2a: Hitmonchan|165/229|[from] Stealth Rock\n|\n|-heal|p1a: Empoleon|207/278|[from] item: Leftovers\n|upkeep\n|turn|24\n|inactive|JayClaw has 30 seconds left.\n|\n|t:|1782736521\n|switch|p1a: Zacian|Zacian, L69|241/241\n|-ability|p1a: Zacian|Intrepid Sword|boost\n|-boost|p1a: Zacian|atk|1\n|move|p2a: Hitmonchan|Swords Dance|p2a: Hitmonchan\n|-boost|p2a: Hitmonchan|atk|2\n|\n|upkeep\n|turn|25\n|\n|t:|1782736528\n|switch|p2a: Registeel|Registeel, L81|228/262\n|-damage|p2a: Registeel|212/262|[from] Stealth Rock\n|move|p1a: Zacian|Play Rough|p2a: Registeel\n|-resisted|p2a: Registeel\n|-damage|p2a: Registeel|154/262\n|\n|upkeep\n|turn|26\n|inactive|JayClaw has 30 seconds left.\n|\n|t:|1782736546\n|switch|p1a: Giratina|Giratina, L75|349/349 slp\n|-ability|p1a: Giratina|Pressure\n|move|p2a: Registeel|Iron Head|p1a: Giratina\n|-damage|p1a: Giratina|286/349 slp\n|\n|-heal|p1a: Giratina|307/349 slp|[from] item: Leftovers\n|upkeep\n|turn|27\n|\n|t:|1782736566\n|switch|p2a: Dondozo|Dondozo, L78, F|262/362 slp\n|-damage|p2a: Dondozo|217/362 slp|[from] Stealth Rock\n|cant|p1a: Giratina|slp\n|move|p1a: Giratina|Sleep Talk|p1a: Giratina\n|move|p1a: Giratina|Shadow Ball|p2a: Dondozo|[from] move: Sleep Talk\n|-damage|p2a: Dondozo|115/362 slp\n|\n|-heal|p1a: Giratina|328/349 slp|[from] item: Leftovers\n|-heal|p2a: Dondozo|137/362 slp|[from] item: Leftovers\n|upkeep\n|turn|28\n|\n|t:|1782736582\n|-curestatus|p1a: Giratina|slp|[msg]\n|move|p1a: Giratina|Shadow Ball|p2a: Dondozo\n|-damage|p2a: Dondozo|47/362 slp\n|cant|p2a: Dondozo|slp\n|move|p2a: Dondozo|Sleep Talk|p2a: Dondozo\n|move|p2a: Dondozo|Rest||[from] move: Sleep Talk|[still]\n|-fail|p2a: Dondozo\n|\n|-heal|p1a: Giratina|349/349|[from] item: Leftovers\n|-heal|p2a: Dondozo|69/362 slp|[from] item: Leftovers\n|upkeep\n|turn|29\n|inactive|mayqueen nyannyan has 120 seconds left.\n|\n|t:|1782736602\n|switch|p2a: Ambipom|Ambipom, L84, F|199/263\n|-damage|p2a: Ambipom|167/263|[from] Stealth Rock\n|move|p1a: Giratina|Shadow Ball|p2a: Ambipom\n|-immune|p2a: Ambipom\n|\n|upkeep\n|turn|30\n|\n|t:|1782736616\n|switch|p1a: Empoleon|Empoleon, L84, F|207/278\n|move|p2a: Ambipom|U-turn|p1a: Empoleon\n|-resisted|p1a: Empoleon\n|-damage|p1a: Empoleon|171/278\n|\n|t:|1782736620\n|switch|p2a: Hitmonchan|Hitmonchan, L87, M|165/229|[from] U-turn\n|-damage|p2a: Hitmonchan|151/229|[from] Stealth Rock\n|\n|-heal|p1a: Empoleon|188/278|[from] item: Leftovers\n|upkeep\n|turn|31\n|\n|t:|1782736625\n|switch|p1a: Zacian|Zacian, L69|241/241\n|move|p2a: Hitmonchan|Drain Punch|p1a: Zacian\n|-resisted|p1a: Zacian\n|-damage|p1a: Zacian|170/241\n|-heal|p2a: Hitmonchan|187/229|[from] drain|[of] p1a: Zacian\n|-damage|p2a: Hitmonchan|165/229|[from] item: Life Orb\n|\n|upkeep\n|turn|32\n|\n|t:|1782736632\n|switch|p2a: Registeel|Registeel, L81|154/262\n|-damage|p2a: Registeel|138/262|[from] Stealth Rock\n|move|p1a: Zacian|Close Combat|p2a: Registeel\n|-supereffective|p2a: Registeel\n|-damage|p2a: Registeel|0 fnt\n|-unboost|p1a: Zacian|def|1\n|-unboost|p1a: Zacian|spd|1\n|faint|p2a: Registeel\n|\n|upkeep\n|\n|t:|1782736655\n|switch|p2a: Ambipom|Ambipom, L84, F|167/263\n|-damage|p2a: Ambipom|135/263|[from] Stealth Rock\n|turn|33\n|\n|t:|1782736674\n|switch|p1a: Empoleon|Empoleon, L84, F|188/278\n|move|p2a: Ambipom|Knock Off|p1a: Empoleon\n|-damage|p1a: Empoleon|80/278\n|-enditem|p1a: Empoleon|Leftovers|[from] move: Knock Off|[of] p2a: Ambipom\n|\n|upkeep\n|turn|34\n|\n|t:|1782736685\n|switch|p2a: Hitmonchan|Hitmonchan, L87, M|165/229\n|-damage|p2a: Hitmonchan|151/229|[from] Stealth Rock\n|move|p1a: Empoleon|Roost|p1a: Empoleon\n|-heal|p1a: Empoleon|219/278\n|-singleturn|p1a: Empoleon|move: Roost\n|\n|upkeep\n|turn|35\n|\n|t:|1782736702\n|switch|p1a: Zacian|Zacian, L69|170/241\n|move|p2a: Hitmonchan|Drain Punch|p1a: Zacian\n|-resisted|p1a: Zacian\n|-damage|p1a: Zacian|96/241\n|-heal|p2a: Hitmonchan|188/229|[from] drain|[of] p1a: Zacian\n|-damage|p2a: Hitmonchan|166/229|[from] item: Life Orb\n|\n|upkeep\n|turn|36\n|\n|t:|1782736713\n|switch|p2a: Dondozo|Dondozo, L78, F|69/362 slp\n|-damage|p2a: Dondozo|24/362 slp|[from] Stealth Rock\n|move|p1a: Zacian|Play Rough|p2a: Dondozo\n|-damage|p2a: Dondozo|0 fnt\n|faint|p2a: Dondozo\n|\n|upkeep\n|\n|t:|1782736720\n|switch|p2a: Ambipom|Ambipom, L84, F|135/263\n|-damage|p2a: Ambipom|103/263|[from] Stealth Rock\n|turn|37\n|inactive|mayqueen nyannyan has 120 seconds left.\n|\n|t:|1782736752\n|switch|p1a: Empoleon|Empoleon, L84, F|219/278\n|move|p2a: Ambipom|U-turn|p1a: Empoleon\n|-resisted|p1a: Empoleon\n|-damage|p1a: Empoleon|178/278\n|\n|t:|1782736765\n|switch|p2a: Hitmonchan|Hitmonchan, L87, M|166/229|[from] U-turn\n|-damage|p2a: Hitmonchan|152/229|[from] Stealth Rock\n|\n|upkeep\n|turn|38\n|\n|t:|1782736773\n|switch|p1a: Zacian|Zacian, L69|96/241\n|move|p2a: Hitmonchan|Drain Punch|p1a: Zacian\n|-resisted|p1a: Zacian\n|-damage|p1a: Zacian|26/241\n|-heal|p2a: Hitmonchan|187/229|[from] drain|[of] p1a: Zacian\n|-damage|p2a: Hitmonchan|165/229|[from] item: Life Orb\n|\n|upkeep\n|turn|39\n|\n|t:|1782736776\n|move|p2a: Hitmonchan|Mach Punch|p1a: Zacian\n|-resisted|p1a: Zacian\n|-damage|p1a: Zacian|0 fnt\n|faint|p1a: Zacian\n|-damage|p2a: Hitmonchan|143/229|[from] item: Life Orb\n|\n|upkeep\n|inactive|mayqueen nyannyan has 120 seconds left.\n|\n|t:|1782736825\n|switch|p1a: Ceruledge|Ceruledge, L78, F|245/245\n|turn|40\n|inactive|JayClaw has 60 seconds left.\n|\n|t:|1782736847\n|move|p2a: Hitmonchan|Swords Dance|p2a: Hitmonchan\n|-boost|p2a: Hitmonchan|atk|2\n|move|p1a: Ceruledge|Poltergeist|p2a: Hitmonchan\n|-activate|p2a: Hitmonchan|move: Poltergeist|Life Orb\n|-damage|p2a: Hitmonchan|23/229\n|\n|upkeep\n|turn|41\n|inactive|JayClaw has 60 seconds left.\n|\n|t:|1782736866\n|move|p2a: Hitmonchan|Knock Off|p1a: Ceruledge\n|-supereffective|p1a: Ceruledge\n|-damage|p1a: Ceruledge|0 fnt\n|-enditem|p1a: Ceruledge|Heavy-Duty Boots|[from] move: Knock Off|[of] p2a: Hitmonchan\n|faint|p1a: Ceruledge\n|-damage|p2a: Hitmonchan|1/229|[from] item: Life Orb\n|\n|upkeep\n|\n|t:|1782736871\n|switch|p1a: Deoxys|Deoxys, L74|196/196\n|-ability|p1a: Deoxys|Pressure\n|turn|42\n|\n|t:|1782736881\n|switch|p1a: Empoleon|Empoleon, L84, F|178/278\n|move|p2a: Hitmonchan|Mach Punch|p1a: Empoleon\n|-supereffective|p1a: Empoleon\n|-damage|p1a: Empoleon|0 fnt\n|faint|p1a: Empoleon\n|-damage|p2a: Hitmonchan|0 fnt|[from] item: Life Orb\n|faint|p2a: Hitmonchan\n|\n|upkeep\n|inactive|JayClaw has 60 seconds left.\n|\n|t:|1782736904\n|switch|p2a: Hitmontop|Hitmontop, L88, M|54/231\n|switch|p1a: Deoxys|Deoxys, L74|196/196\n|-ability|p1a: Deoxys|Pressure\n|-damage|p2a: Hitmontop|40/231|[from] Stealth Rock\n|-ability|p2a: Hitmontop|Intimidate|boost\n|-unboost|p1a: Deoxys|atk|1\n|turn|43\n|\n|t:|1782736919\n|switch|p1a: Giratina|Giratina, L75|349/349\n|-ability|p1a: Giratina|Pressure\n|move|p2a: Hitmontop|Sucker Punch||[still]\n|-fail|p2a: Hitmontop\n|\n|upkeep\n|turn|44\n|inactive|JayClaw has 60 seconds left.\n|\n|t:|1782736937\n|switch|p2a: Feraligatr|Feraligatr, L79, F|264/264\n|-damage|p2a: Feraligatr|231/264|[from] Stealth Rock\n|move|p1a: Giratina|Shadow Ball|p2a: Feraligatr\n|-crit|p2a: Feraligatr\n|-damage|p2a: Feraligatr|101/264\n|\n|upkeep\n|turn|45\n|inactive|JayClaw has 60 seconds left.\n|inactive|mayqueen nyannyan has 90 seconds left.\n|\n|t:|1782736974\n|move|p2a: Feraligatr|Ice Punch|p1a: Giratina\n|-supereffective|p1a: Giratina\n|-damage|p1a: Giratina|203/349\n|move|p1a: Giratina|Dragon Tail|p2a: Feraligatr\n|-damage|p2a: Feraligatr|47/264\n|drag|p2a: Ambipom|Ambipom, L84, F|103/263\n|-damage|p2a: Ambipom|71/263|[from] Stealth Rock\n|\n|-heal|p1a: Giratina|224/349|[from] item: Leftovers\n|upkeep\n|turn|46\n|inactive|mayqueen nyannyan has 90 seconds left.\n|inactive|JayClaw has 60 seconds left.\n|\n|t:|1782736983\n|move|p2a: Ambipom|Triple Axel|p1a: Giratina\n|-supereffective|p1a: Giratina\n|-damage|p1a: Giratina|170/349\n|-supereffective|p1a: Giratina\n|-damage|p1a: Giratina|64/349\n|-supereffective|p1a: Giratina\n|-damage|p1a: Giratina|0 fnt\n|faint|p1a: Giratina\n|-hitcount|p1: Giratina|3\n|\n|upkeep\n|inactive|mayqueen nyannyan has 90 seconds left.\n|\n|t:|1782737016\n|switch|p1a: Deoxys|Deoxys, L74|196/196\n|-ability|p1a: Deoxys|Pressure\n|turn|47\n|\n|t:|1782737023\n|move|p1a: Deoxys|Knock Off|p2a: Ambipom\n|-damage|p2a: Ambipom|0 fnt\n|-enditem|p2a: Ambipom|Choice Band|[from] move: Knock Off|[of] p1a: Deoxys\n|faint|p2a: Ambipom\n|-damage|p1a: Deoxys|177/196|[from] item: Life Orb\n|\n|upkeep\n|\n|t:|1782737030\n|switch|p2a: Feraligatr|Feraligatr, L79, F|47/264\n|-damage|p2a: Feraligatr|14/264|[from] Stealth Rock\n|turn|48\n|\n|t:|1782737033\n|move|p1a: Deoxys|Knock Off|p2a: Feraligatr\n|-damage|p2a: Feraligatr|0 fnt\n|-enditem|p2a: Feraligatr|Life Orb|[from] move: Knock Off|[of] p1a: Deoxys\n|faint|p2a: Feraligatr\n|-damage|p1a: Deoxys|158/196|[from] item: Life Orb\n|\n|upkeep\n|\n|t:|1782737037\n|switch|p2a: Hitmontop|Hitmontop, L88, M|40/231\n|-damage|p2a: Hitmontop|26/231|[from] Stealth Rock\n|-ability|p2a: Hitmontop|Intimidate|boost\n|-unboost|p1a: Deoxys|atk|1\n|turn|49\n|inactive|mayqueen nyannyan has 90 seconds left.\n|\n|t:|1782737047\n|move|p2a: Hitmontop|Sucker Punch|p1a: Deoxys\n|-supereffective|p1a: Deoxys\n|-damage|p1a: Deoxys|0 fnt\n|faint|p1a: Deoxys\n|\n|win|JayClaw\n", "inputlog": ">version 3f8ef8cf60cebd2b18892af2794d10415e14a302\n>start {\"formatid\":\"gen9randombattle\",\"seed\":\"sodium,c811a3cba02be2dcb5d0bf2f3c091795\",\"rated\":\"Rated battle\"}\n>player p1 {\"name\":\"mayqueen nyannyan\",\"avatar\":\"102\",\"rating\":2103,\"seed\":\"sodium,8f46915a374e0df68c848295cddb9313\"}\n>player p2 {\"name\":\"JayClaw\",\"avatar\":\"red\",\"rating\":2079,\"seed\":\"sodium,f9dd882f1a5691fbb2532c2469b93837\"}\n>p1 move coil\n>p2 switch 2\n>p1 move coil\n>p2 switch 3\n>p1 switch 3\n>p2 move wavecrash\n>p1 move stealthrock\n>p2 move curse\n>p1 switch 5\n>p2 move curse\n>p1 move shadowball\n>p2 move wavecrash\n>p1 move dragontail\n>p2 move wavecrash\n>p1 switch 3\n>p2 switch 5\n>p1 switch 3\n>p2 move rest\n>p1 move shadowball\n>p2 move sleeptalk\n>p1 move shadowball\n>p2 switch 4\n>p1 switch 5\n>p2 move uturn\n>p2 switch 5\n>p1 switch 3\n>p2 move knockoff\n>p1 move gunkshot\n>p2 switch 3\n>p1 move gunkshot\n>p2 move earthquake\n>p1 switch 2\n>p1 move bitterblade\n>p2 switch 4\n>p1 switch 5\n>p2 move sleeptalk\n>p1 move shadowball\n>p2 move wavecrash\n>p1 move dragontail\n>p2 move rest\n>p1 move dragontail\n>p2 move ironhead\n>p1 move rest\n>p2 move sleeptalk\n>p1 move sleeptalk\n>p2 move sleeptalk\n>p1 switch 3\n>p2 move uturn\n>p2 switch 3\n>p1 switch 4\n>p2 move swordsdance\n>p1 move playrough\n>p2 switch 6\n>p1 switch 3\n>p2 move ironhead\n>p1 move sleeptalk\n>p2 switch 5\n>p1 move shadowball\n>p2 move sleeptalk\n>p1 move shadowball\n>p2 switch 3\n>p1 switch 4\n>p2 move uturn\n>p2 switch 6\n>p1 switch 3\n>p2 move drainpunch\n>p1 move closecombat\n>p2 switch 5\n>p2 switch 6\n>p1 switch 3\n>p2 move knockoff\n>p1 move roost\n>p2 switch 5\n>p1 switch 3\n>p2 move drainpunch\n>p1 move playrough\n>p2 switch 3\n>p2 switch 5\n>p1 switch 3\n>p2 move uturn\n>p2 switch 3\n>p1 switch 3\n>p2 move drainpunch\n>p1 move playrough\n>p2 move machpunch\n>p1 switch 5\n>p1 move poltergeist\n>p2 move swordsdance\n>p1 move bitterblade\n>p2 move knockoff\n>p1 switch 6\n>p1 switch 3\n>p2 move machpunch\n>p1 switch 3\n>p2 switch 4\n>p1 switch 4\n>p2 move suckerpunch\n>p1 move shadowball\n>p2 switch 2\n>p1 move dragontail\n>p2 move icepunch\n>p1 move rest\n>p2 move tripleaxel\n>p1 switch 4\n>p1 move knockoff\n>p2 move tripleaxel\n>p2 switch 3\n>p1 move knockoff\n>p2 move liquidation\n>p2 switch 2\n>p1 move knockoff\n>p2 move suckerpunch", "uploadtime": 1782735907, "views": 4, "formatid": "gen9randombattle", "rating": null, "private": 0, "password": null, "player_dets": [{"name": "mayqueen nyannyan", "avatar": "102", "rating": 2103, "seed": "sodium,8f46915a374e0df68c848295cddb9313"}, {"name": "JayClaw", "avatar": "red", "rating": 2079, "seed": "sodium,f9dd882f1a5691fbb2532c2469b93837"}], "teams_full": [{"Arbok": {"name": "Arbok", "species": "Arbok", "speciesId": "arbok", "gender": "M", "shiny": false, "level": 87, "moves": ["coil", "suckerpunch", "earthquake", "gunkshot"], "ability": "Intimidate", "evs": {"hp": 85, "atk": 85, "def": 85, "spa": 85, "spd": 85, "spe": 85}, "ivs": {"hp": 31, "atk": 31, "def": 31, "spa": 31, "spd": 31, "spe": 31}, "item": "Leftovers", "teraType": "Ground", "role": "Bulky Attacker", "bvs": {"hp": 60, "atk": 95, "def": 69, "spa": 65, "spd": 79, "spe": 80}, "stats": {"hp": 246, "atk": 215, "def": 170, "spa": 163, "spd": 187, "spe": 189}, "types": ["Poison"]}, "Ceruledge": {"name": "Ceruledge", "species": "Ceruledge", "speciesId": "ceruledge", "gender": "F", "shiny": false, "level": 78, "moves": ["swordsdance", "poltergeist", "bitterblade", "closecombat"], "ability": "Weak Armor", "evs": {"hp": 85, "atk": 85, "def": 85, "spa": 85, "spd": 85, "spe": 85}, "ivs": {"hp": 31, "atk": 31, "def": 31, "spa": 31, "spd": 31, "spe": 31}, "item": "Heavy-Duty Boots", "teraType": "Fighting", "role": "Setup Sweeper", "bvs": {"hp": 75, "atk": 125, "def": 80, "spa": 60, "spd": 100, "spe": 85}, "stats": {"hp": 245, "atk": 240, "def": 170, "spa": 139, "spd": 201, "spe": 178}, "types": ["Fire", "Ghost"]}, "Empoleon": {"name": "Empoleon", "species": "Empoleon", "speciesId": "empoleon", "gender": "F", "shiny": false, "level": 84, "moves": ["stealthrock", "surf", "icebeam", "roost"], "ability": "Competitive", "evs": {"hp": 85, "atk": 0, "def": 85, "spa": 85, "spd": 85, "spe": 85}, "ivs": {"hp": 31, "atk": 0, "def": 31, "spa": 31, "spd": 31, "spe": 31}, "item": "Leftovers", "teraType": "Flying", "role": "Bulky Support", "bvs": {"hp": 84, "atk": 86, "def": 88, "spa": 111, "spd": 101, "spe": 60}, "stats": {"hp": 278, "atk": 149, "def": 196, "spa": 235, "spd": 218, "spe": 149}, "types": ["Water", "Steel"]}, "Zacian": {"name": "Zacian", "species": "Zacian", "speciesId": "zacian", "gender": "N", "shiny": false, "level": 69, "moves": ["closecombat", "crunch", "playrough", "wildcharge"], "ability": "Intrepid Sword", "evs": {"hp": 85, "atk": 85, "def": 85, "spa": 85, "spd": 85, "spe": 85}, "ivs": {"hp": 31, "atk": 31, "def": 31, "spa": 31, "spd": 31, "spe": 31}, "item": "Choice Band", "teraType": "Fighting", "role": "Fast Attacker", "bvs": {"hp": 92, "atk": 120, "def": 115, "spa": 80, "spd": 115, "spe": 138}, "stats": {"hp": 241, "atk": 206, "def": 199, "spa": 151, "spd": 199, "spe": 231}, "types": ["Fairy"]}, "Giratina": {"name": "Giratina", "species": "Giratina", "speciesId": "giratina", "gender": "N", "shiny": false, "level": 75, "moves": ["rest", "shadowball", "sleeptalk", "dragontail"], "ability": "Pressure", "evs": {"hp": 85, "atk": 85, "def": 85, "spa": 85, "spd": 85, "spe": 85}, "ivs": {"hp": 31, "atk": 31, "def": 31, "spa": 31, "spd": 31, "spe": 31}, "item": "Leftovers", "teraType": "Fairy", "role": "Bulky Attacker", "bvs": {"hp": 150, "atk": 100, "def": 120, "spa": 100, "spd": 120, "spe": 90}, "stats": {"hp": 349, "atk": 194, "def": 224, "spa": 194, "spd": 224, "spe": 179}, "types": ["Ghost", "Dragon"]}, "Deoxys": {"name": "Deoxys", "species": "Deoxys", "speciesId": "deoxys", "gender": "N", "shiny": false, "level": 74, "moves": ["psychoboost", "knockoff", "icebeam", "superpower"], "ability": "Pressure", "evs": {"hp": 85, "atk": 85, "def": 85, "spa": 85, "spd": 85, "spe": 85}, "ivs": {"hp": 31, "atk": 31, "def": 31, "spa": 31, "spd": 31, "spe": 31}, "item": "Life Orb", "teraType": "Psychic", "role": "Wallbreaker", "bvs": {"hp": 50, "atk": 150, "def": 50, "spa": 150, "spd": 50, "spe": 150}, "stats": {"hp": 196, "atk": 265, "def": 117, "spa": 265, "spd": 117, "spe": 265}, "types": ["Psychic"]}}, {"Feraligatr": {"name": "Feraligatr", "species": "Feraligatr", "speciesId": "feraligatr", "gender": "F", "shiny": false, "level": 79, "moves": ["icepunch", "trailblaze", "liquidation", "dragondance"], "ability": "Sheer Force", "evs": {"hp": 85, "atk": 85, "def": 85, "spa": 85, "spd": 85, "spe": 85}, "ivs": {"hp": 31, "atk": 31, "def": 31, "spa": 31, "spd": 31, "spe": 31}, "item": "Life Orb", "teraType": "Water", "role": "Setup Sweeper", "bvs": {"hp": 85, "atk": 105, "def": 100, "spa": 79, "spd": 83, "spe": 78}, "stats": {"hp": 264, "atk": 211, "def": 204, "spa": 170, "spd": 177, "spe": 169}, "types": ["Water"]}, "Hitmontop": {"name": "Hitmontop", "species": "Hitmontop", "speciesId": "hitmontop", "gender": "M", "shiny": false, "level": 88, "moves": ["rapidspin", "suckerpunch", "closecombat", "earthquake"], "ability": "Intimidate", "evs": {"hp": 85, "atk": 85, "def": 85, "spa": 85, "spd": 85, "spe": 85}, "ivs": {"hp": 31, "atk": 31, "def": 31, "spa": 31, "spd": 31, "spe": 31}, "item": "Assault Vest", "teraType": "Steel", "role": "Bulky Support", "bvs": {"hp": 50, "atk": 95, "def": 95, "spa": 35, "spd": 110, "spe": 70}, "stats": {"hp": 231, "atk": 217, "def": 217, "spa": 112, "spd": 244, "spe": 173}, "types": ["Fighting"]}, "Dondozo": {"name": "Dondozo", "species": "Dondozo", "speciesId": "dondozo", "gender": "F", "shiny": false, "level": 78, "moves": ["curse", "wavecrash", "sleeptalk", "rest"], "ability": "Unaware", "evs": {"hp": 85, "atk": 85, "def": 85, "spa": 85, "spd": 85, "spe": 85}, "ivs": {"hp": 31, "atk": 31, "def": 31, "spa": 31, "spd": 31, "spe": 31}, "item": "Leftovers", "teraType": "Dragon", "role": "Bulky Setup", "bvs": {"hp": 150, "atk": 100, "def": 115, "spa": 65, "spd": 65, "spe": 35}, "stats": {"hp": 362, "atk": 201, "def": 224, "spa": 146, "spd": 146, "spe": 100}, "types": ["Water"]}, "Ambipom": {"name": "Ambipom", "species": "Ambipom", "speciesId": "ambipom", "gender": "F", "shiny": false, "level": 84, "moves": ["tripleaxel", "doubleedge", "knockoff", "uturn"], "ability": "Technician", "evs": {"hp": 85, "atk": 85, "def": 85, "spa": 85, "spd": 85, "spe": 85}, "ivs": {"hp": 31, "atk": 31, "def": 31, "spa": 31, "spd": 31, "spe": 31}, "item": "Choice Band", "teraType": "Ice", "role": "Fast Attacker", "bvs": {"hp": 75, "atk": 100, "def": 66, "spa": 60, "spd": 66, "spe": 115}, "stats": {"hp": 263, "atk": 216, "def": 159, "spa": 149, "spd": 159, "spe": 241}, "types": ["Normal"]}, "Hitmonchan": {"name": "Hitmonchan", "species": "Hitmonchan", "speciesId": "hitmonchan", "gender": "M", "shiny": false, "level": 87, "moves": ["machpunch", "swordsdance", "drainpunch", "knockoff"], "ability": "Iron Fist", "evs": {"hp": 85, "atk": 85, "def": 85, "spa": 85, "spd": 85, "spe": 85}, "ivs": {"hp": 31, "atk": 31, "def": 31, "spa": 31, "spd": 31, "spe": 31}, "item": "Life Orb", "teraType": "Dark", "role": "Setup Sweeper", "bvs": {"hp": 50, "atk": 105, "def": 79, "spa": 35, "spd": 110, "spe": 76}, "stats": {"hp": 229, "atk": 232, "def": 187, "spa": 111, "spd": 241, "spe": 182}, "types": ["Fighting"]}, "Registeel": {"name": "Registeel", "species": "Registeel", "speciesId": "registeel", "gender": "N", "shiny": false, "level": 81, "moves": ["bodypress", "rest", "irondefense", "ironhead"], "ability": "Clear Body", "evs": {"hp": 85, "atk": 85, "def": 85, "spa": 85, "spd": 85, "spe": 85}, "ivs": {"hp": 31, "atk": 31, "def": 31, "spa": 31, "spd": 31, "spe": 31}, "item": "Chesto Berry", "teraType": "Fighting", "role": "Bulky Setup", "bvs": {"hp": 80, "atk": 75, "def": 150, "spa": 75, "spd": 150, "spe": 50}, "stats": {"hp": 262, "atk": 168, "def": 290, "spa": 168, "spd": 290, "spe": 128}, "types": ["Steel"]}}]}