{"id": "gen9randombattle-2641097929", "format": "[Gen 9] Random Battle", "players": ["notmetbh102", "buzbee2000"], "log": "|j|\u2606notmetbh102\n|j|\u203dbuzbee2000\n|t:|1782740079\n|gametype|singles\n|player|p1|notmetbh102|2|2067\n|player|p2|buzbee2000|rood|2098\n|gen|9\n|tier|[Gen 9] Random Battle\n|rated|\n|rule|Species Clause: Limit one of each Pok\u00e9mon\n|rule|HP Percentage Mod: HP is shown in percentages\n|rule|Sleep Clause Mod: Limit one foe put to sleep\n|rule|Illusion Level Mod: Illusion disguises the Pok\u00e9mon's true level\n|\n|t:|1782740079\n|teamsize|p1|6\n|teamsize|p2|6\n|start\n|switch|p1a: Regidrago|Regidrago, L77|435/435\n|switch|p2a: Giratina|Giratina-Origin, L72|335/335\n|turn|1\n|inactive|Battle timer is ON: inactive players will automatically lose when time's up. (requested by notmetbh102)\n|c|\u2606notmetbh102|hf\n|\n|t:|1782740093\n|switch|p1a: Clodsire|Clodsire, L81, M|343/343\n|move|p2a: Giratina|Draco Meteor|p1a: Clodsire\n|-damage|p1a: Clodsire|196/343\n|-unboost|p2a: Giratina|spa|2\n|\n|-heal|p1a: Clodsire|217/343|[from] item: Leftovers\n|upkeep\n|turn|2\n|\n|t:|1782740102\n|switch|p2a: Clodsire|Clodsire, L81, F|343/343\n|move|p1a: Clodsire|Stealth Rock|p2a: Clodsire\n|-sidestart|p2: buzbee2000|move: Stealth Rock\n|\n|-heal|p1a: Clodsire|238/343|[from] item: Leftovers\n|upkeep\n|turn|3\n|\n|t:|1782740104\n|switch|p1a: Gliscor|Gliscor, L76, F|239/239\n|move|p2a: Clodsire|Stealth Rock|p1a: Gliscor\n|-sidestart|p1: notmetbh102|move: Stealth Rock\n|\n|-status|p1a: Gliscor|tox|[from] item: Toxic Orb\n|upkeep\n|turn|4\n|\n|t:|1782740114\n|switch|p2a: Scizor|Scizor, L79, F|240/240\n|-damage|p2a: Scizor|210/240|[from] Stealth Rock\n|move|p1a: Gliscor|Knock Off|p2a: Scizor\n|-damage|p2a: Scizor|153/240\n|-enditem|p2a: Scizor|Life Orb|[from] move: Knock Off|[of] p1a: Gliscor\n|\n|upkeep\n|turn|5\n|\n|t:|1782740121\n|move|p1a: Gliscor|Earthquake|p2a: Scizor\n|-damage|p2a: Scizor|75/240\n|move|p2a: Scizor|Swords Dance|p2a: Scizor\n|-boost|p2a: Scizor|atk|2\n|\n|upkeep\n|turn|6\n|\n|t:|1782740123\n|move|p2a: Scizor|Bullet Punch|p1a: Gliscor\n|-damage|p1a: Gliscor|113/239 tox\n|move|p1a: Gliscor|Earthquake|p2a: Scizor\n|-damage|p2a: Scizor|0 fnt\n|faint|p2a: Scizor\n|\n|-heal|p1a: Gliscor|142/239 tox|[from] ability: Poison Heal\n|upkeep\n|\n|t:|1782740127\n|switch|p2a: Annihilape|Annihilape, L76, F|292/292\n|-damage|p2a: Annihilape|274/292|[from] Stealth Rock\n|turn|7\n|\n|t:|1782740129\n|move|p1a: Gliscor|Knock Off|p2a: Annihilape\n|-damage|p2a: Annihilape|210/292\n|-enditem|p2a: Annihilape|Chesto Berry|[from] move: Knock Off|[of] p1a: Gliscor\n|move|p2a: Annihilape|Bulk Up|p2a: Annihilape\n|-boost|p2a: Annihilape|atk|1\n|-boost|p2a: Annihilape|def|1\n|\n|-heal|p1a: Gliscor|171/239 tox|[from] ability: Poison Heal\n|upkeep\n|turn|8\n|\n|t:|1782740133\n|switch|p1a: Volcarona|Volcarona, L77, F|257/257\n|move|p2a: Annihilape|Bulk Up|p2a: Annihilape\n|-boost|p2a: Annihilape|atk|1\n|-boost|p2a: Annihilape|def|1\n|\n|upkeep\n|turn|9\n|\n|t:|1782740135\n|move|p1a: Volcarona|Fire Blast|p2a: Annihilape\n|-damage|p2a: Annihilape|68/292\n|move|p2a: Annihilape|Rage Fist|p1a: Volcarona\n|-damage|p1a: Volcarona|0 fnt\n|faint|p1a: Volcarona\n|\n|upkeep\n|\n|t:|1782740135\n|switch|p1a: Sneasler|Sneasler, L74, M|240/240\n|-damage|p1a: Sneasler|225/240|[from] Stealth Rock\n|turn|10\n|\n|t:|1782740140\n|-terastallize|p1a: Sneasler|Dark\n|move|p1a: Sneasler|Throat Chop|p2a: Annihilape\n|-damage|p2a: Annihilape|0 fnt\n|faint|p2a: Annihilape\n|\n|upkeep\n|\n|t:|1782740146\n|switch|p2a: Morpeko|Morpeko, L88, F|245/245\n|turn|11\n|\n|t:|1782740148\n|switch|p1a: Gliscor|Gliscor, L76, F|171/239 tox\n|-damage|p1a: Gliscor|142/239 tox|[from] Stealth Rock\n|move|p2a: Morpeko|Rapid Spin|p1a: Gliscor\n|-damage|p1a: Gliscor|108/239 tox\n|-boost|p2a: Morpeko|spe|1\n|-sideend|p2: buzbee2000|Stealth Rock|[from] move: Rapid Spin|[of] p2a: Morpeko\n|\n|-heal|p1a: Gliscor|137/239 tox|[from] ability: Poison Heal\n|-formechange|p2a: Morpeko|Morpeko-Hangry||[from] ability: Hunger Switch\n|upkeep\n|turn|12\n|\n|t:|1782740153\n|move|p1a: Gliscor|Protect|p1a: Gliscor\n|-singleturn|p1a: Gliscor|Protect\n|move|p2a: Morpeko|Parting Shot|p1a: Gliscor\n|-activate|p1a: Gliscor|move: Protect\n|\n|-heal|p1a: Gliscor|166/239 tox|[from] ability: Poison Heal\n|-formechange|p2a: Morpeko|Morpeko||[from] ability: Hunger Switch\n|upkeep\n|turn|13\n|\n|t:|1782740157\n|move|p2a: Morpeko|Parting Shot|p1a: Gliscor\n|-unboost|p1a: Gliscor|atk|1\n|-unboost|p1a: Gliscor|spa|1\n|\n|t:|1782740162\n|switch|p2a: Giratina|Giratina-Origin, L72|335/335|[from] Parting Shot\n|move|p1a: Gliscor|Knock Off|p2a: Giratina\n|-supereffective|p2a: Giratina\n|-damage|p2a: Giratina|281/335\n|\n|-heal|p1a: Gliscor|195/239 tox|[from] ability: Poison Heal\n|upkeep\n|turn|14\n|\n|t:|1782740166\n|move|p1a: Gliscor|Protect|p1a: Gliscor\n|-singleturn|p1a: Gliscor|Protect\n|move|p2a: Giratina|Draco Meteor|p1a: Gliscor\n|-activate|p1a: Gliscor|move: Protect\n|\n|-heal|p1a: Gliscor|224/239 tox|[from] ability: Poison Heal\n|upkeep\n|turn|15\n|\n|t:|1782740168\n|move|p1a: Gliscor|Knock Off|p2a: Giratina\n|-supereffective|p2a: Giratina\n|-damage|p2a: Giratina|227/335\n|move|p2a: Giratina|Draco Meteor|p1a: Gliscor\n|-damage|p1a: Gliscor|40/239 tox\n|-unboost|p2a: Giratina|spa|2\n|\n|-heal|p1a: Gliscor|69/239 tox|[from] ability: Poison Heal\n|upkeep\n|turn|16\n|\n|t:|1782740170\n|switch|p1a: Sneasler|Sneasler, L74, M, tera:Dark|225/240\n|-damage|p1a: Sneasler|195/240|[from] Stealth Rock\n|move|p2a: Giratina|Poltergeist|p1a: Sneasler\n|-activate|p1a: Sneasler|move: Poltergeist|Choice Band\n|-resisted|p1a: Sneasler\n|-damage|p1a: Sneasler|111/240\n|\n|upkeep\n|turn|17\n|\n|t:|1782740177\n|switch|p2a: Clodsire|Clodsire, L81, F|343/343\n|move|p1a: Sneasler|Throat Chop|p2a: Clodsire\n|-damage|p2a: Clodsire|187/343\n|-start|p2a: Clodsire|Throat Chop|[silent]\n|\n|-heal|p2a: Clodsire|208/343|[from] item: Leftovers\n|upkeep\n|turn|18\n|\n|t:|1782740181\n|move|p1a: Sneasler|Throat Chop|p2a: Clodsire\n|-damage|p2a: Clodsire|45/343\n|move|p2a: Clodsire|Recover|p2a: Clodsire\n|-heal|p2a: Clodsire|217/343\n|\n|-heal|p2a: Clodsire|238/343|[from] item: Leftovers\n|-end|p2a: Clodsire|Throat Chop|[silent]\n|upkeep\n|turn|19\n|\n|t:|1782740188\n|switch|p2a: Morpeko|Morpeko, L88, F|245/245\n|move|p1a: Sneasler|Throat Chop|p2a: Morpeko\n|-resisted|p2a: Morpeko\n|-damage|p2a: Morpeko|164/245\n|-start|p2a: Morpeko|Throat Chop|[silent]\n|\n|-formechange|p2a: Morpeko|Morpeko-Hangry||[from] ability: Hunger Switch\n|upkeep\n|turn|20\n|\n|t:|1782740190\n|move|p2a: Morpeko|Aura Wheel|p1a: Sneasler\n|-resisted|p1a: Sneasler\n|-damage|p1a: Sneasler|14/240\n|-boost|p2a: Morpeko|spe|1\n|move|p1a: Sneasler|Throat Chop|p2a: Morpeko\n|-resisted|p2a: Morpeko\n|-damage|p2a: Morpeko|79/245\n|\n|-end|p2a: Morpeko|Throat Chop|[silent]\n|-formechange|p2a: Morpeko|Morpeko||[from] ability: Hunger Switch\n|upkeep\n|turn|21\n|\n|t:|1782740194\n|switch|p1a: Clodsire|Clodsire, L81, M|238/343\n|-damage|p1a: Clodsire|217/343|[from] Stealth Rock\n|move|p2a: Morpeko|Rapid Spin|p1a: Clodsire\n|-damage|p1a: Clodsire|161/343\n|-boost|p2a: Morpeko|spe|1\n|\n|-heal|p1a: Clodsire|182/343|[from] item: Leftovers\n|-formechange|p2a: Morpeko|Morpeko-Hangry||[from] ability: Hunger Switch\n|upkeep\n|turn|22\n|\n|t:|1782740197\n|move|p2a: Morpeko|Aura Wheel|p1a: Clodsire\n|-damage|p1a: Clodsire|22/343\n|-boost|p2a: Morpeko|spe|1\n|move|p1a: Clodsire|Recover|p1a: Clodsire\n|-heal|p1a: Clodsire|194/343\n|\n|-heal|p1a: Clodsire|215/343|[from] item: Leftovers\n|-formechange|p2a: Morpeko|Morpeko||[from] ability: Hunger Switch\n|upkeep\n|turn|23\n|\n|t:|1782740205\n|move|p2a: Morpeko|Parting Shot|p1a: Clodsire\n|-unboost|p1a: Clodsire|atk|1\n|-unboost|p1a: Clodsire|spa|1\n|\n|t:|1782740207\n|switch|p2a: Giratina|Giratina-Origin, L72|227/335|[from] Parting Shot\n|move|p1a: Clodsire|Recover|p1a: Clodsire\n|-heal|p1a: Clodsire|343/343\n|\n|upkeep\n|turn|24\n|\n|t:|1782740210\n|move|p2a: Giratina|Poltergeist|p1a: Clodsire\n|-activate|p1a: Clodsire|move: Poltergeist|Leftovers\n|-damage|p1a: Clodsire|166/343\n|move|p1a: Clodsire|Stealth Rock|p2a: Giratina\n|-sidestart|p2: buzbee2000|move: Stealth Rock\n|\n|-heal|p1a: Clodsire|187/343|[from] item: Leftovers\n|upkeep\n|turn|25\n|\n|t:|1782740216\n|move|p2a: Giratina|Poltergeist|p1a: Clodsire\n|-activate|p1a: Clodsire|move: Poltergeist|Leftovers\n|-damage|p1a: Clodsire|24/343\n|move|p1a: Clodsire|Recover|p1a: Clodsire\n|-heal|p1a: Clodsire|196/343\n|\n|-heal|p1a: Clodsire|217/343|[from] item: Leftovers\n|upkeep\n|turn|26\n|\n|t:|1782740223\n|move|p2a: Giratina|Poltergeist|p1a: Clodsire\n|-activate|p1a: Clodsire|move: Poltergeist|Leftovers\n|-damage|p1a: Clodsire|55/343\n|move|p1a: Clodsire|Recover|p1a: Clodsire\n|-heal|p1a: Clodsire|227/343\n|\n|-heal|p1a: Clodsire|248/343|[from] item: Leftovers\n|upkeep\n|turn|27\n|\n|t:|1782740225\n|move|p1a: Clodsire|Recover|p1a: Clodsire\n|-heal|p1a: Clodsire|343/343\n|move|p2a: Giratina|Dragon Tail|p1a: Clodsire|[miss]\n|-miss|p2a: Giratina|p1a: Clodsire\n|\n|upkeep\n|turn|28\n|\n|t:|1782740227\n|move|p1a: Clodsire|Gunk Shot|p2a: Giratina\n|-resisted|p2a: Giratina\n|-damage|p2a: Giratina|195/335\n|move|p2a: Giratina|Dragon Tail|p1a: Clodsire\n|-damage|p1a: Clodsire|247/343\n|drag|p1a: Sneasler|Sneasler, L74, M, tera:Dark|14/240\n|-damage|p1a: Sneasler|0 fnt|[from] Stealth Rock\n|faint|p1a: Sneasler\n|\n|upkeep\n|\n|t:|1782740228\n|switch|p1a: Clodsire|Clodsire, L81, M|247/343\n|-damage|p1a: Clodsire|226/343|[from] Stealth Rock\n|turn|29\n|\n|t:|1782740233\n|move|p1a: Clodsire|Recover|p1a: Clodsire\n|-heal|p1a: Clodsire|343/343\n|move|p2a: Giratina|Dragon Tail|p1a: Clodsire\n|-damage|p1a: Clodsire|250/343\n|drag|p1a: Regidrago|Regidrago, L77|435/435\n|-damage|p1a: Regidrago|381/435|[from] Stealth Rock\n|\n|upkeep\n|turn|30\n|\n|t:|1782740239\n|switch|p1a: Gliscor|Gliscor, L76, F|69/239 tox\n|-damage|p1a: Gliscor|40/239 tox|[from] Stealth Rock\n|-terastallize|p2a: Giratina|Fairy\n|move|p2a: Giratina|Draco Meteor|p1a: Gliscor\n|-damage|p1a: Gliscor|0 fnt\n|-unboost|p2a: Giratina|spa|2\n|faint|p1a: Gliscor\n|\n|upkeep\n|\n|t:|1782740240\n|switch|p1a: Clodsire|Clodsire, L81, M|250/343\n|-damage|p1a: Clodsire|229/343|[from] Stealth Rock\n|turn|31\n|\n|t:|1782740244\n|switch|p2a: Clodsire|Clodsire, L81, F|238/343\n|-damage|p2a: Clodsire|217/343|[from] Stealth Rock\n|move|p1a: Clodsire|Gunk Shot|p2a: Clodsire\n|-resisted|p2a: Clodsire\n|-damage|p2a: Clodsire|186/343\n|\n|-heal|p2a: Clodsire|207/343|[from] item: Leftovers\n|-heal|p1a: Clodsire|250/343|[from] item: Leftovers\n|upkeep\n|turn|32\n|\n|t:|1782740249\n|move|p2a: Clodsire|Earthquake|p1a: Clodsire\n|-supereffective|p1a: Clodsire\n|-damage|p1a: Clodsire|34/343\n|move|p1a: Clodsire|Earthquake|p2a: Clodsire\n|-supereffective|p2a: Clodsire\n|-damage|p2a: Clodsire|0 fnt\n|faint|p2a: Clodsire\n|\n|-heal|p1a: Clodsire|55/343|[from] item: Leftovers\n|upkeep\n|\n|t:|1782740253\n|switch|p2a: Morpeko|Morpeko, L88, F|79/245\n|turn|33\n|\n|t:|1782740256\n|move|p2a: Morpeko|Rapid Spin|p1a: Clodsire\n|-damage|p1a: Clodsire|3/343\n|-boost|p2a: Morpeko|spe|1\n|-sideend|p2: buzbee2000|Stealth Rock|[from] move: Rapid Spin|[of] p2a: Morpeko\n|move|p1a: Clodsire|Recover|p1a: Clodsire\n|-heal|p1a: Clodsire|175/343\n|\n|-heal|p1a: Clodsire|196/343|[from] item: Leftovers\n|-formechange|p2a: Morpeko|Morpeko-Hangry||[from] ability: Hunger Switch\n|upkeep\n|turn|34\n|\n|t:|1782740259\n|move|p2a: Morpeko|Aura Wheel|p1a: Clodsire\n|-damage|p1a: Clodsire|33/343\n|-boost|p2a: Morpeko|spe|1\n|move|p1a: Clodsire|Recover|p1a: Clodsire\n|-heal|p1a: Clodsire|205/343\n|\n|-heal|p1a: Clodsire|226/343|[from] item: Leftovers\n|-formechange|p2a: Morpeko|Morpeko||[from] ability: Hunger Switch\n|upkeep\n|turn|35\n|\n|t:|1782740264\n|move|p2a: Morpeko|Protect|p2a: Morpeko\n|-singleturn|p2a: Morpeko|Protect\n|move|p1a: Clodsire|Gunk Shot|p2a: Morpeko\n|-activate|p2a: Morpeko|move: Protect\n|\n|-heal|p1a: Clodsire|247/343|[from] item: Leftovers\n|-formechange|p2a: Morpeko|Morpeko-Hangry||[from] ability: Hunger Switch\n|upkeep\n|turn|36\n|\n|t:|1782740266\n|move|p2a: Morpeko|Aura Wheel|p1a: Clodsire\n|-damage|p1a: Clodsire|87/343\n|-boost|p2a: Morpeko|spe|1\n|move|p1a: Clodsire|Stealth Rock|p2a: Morpeko\n|-sidestart|p2: buzbee2000|move: Stealth Rock\n|\n|-heal|p1a: Clodsire|108/343|[from] item: Leftovers\n|-formechange|p2a: Morpeko|Morpeko||[from] ability: Hunger Switch\n|upkeep\n|turn|37\n|\n|t:|1782740270\n|switch|p1a: Rabsca|Rabsca, L91, M|284/284\n|move|p2a: Morpeko|Protect||[still]\n|-fail|p2a: Morpeko\n|\n|-formechange|p2a: Morpeko|Morpeko-Hangry||[from] ability: Hunger Switch\n|upkeep\n|turn|38\n|\n|t:|1782740272\n|move|p2a: Morpeko|Aura Wheel|p1a: Rabsca\n|-supereffective|p1a: Rabsca\n|-damage|p1a: Rabsca|42/284\n|-boost|p2a: Morpeko|spe|1\n|move|p1a: Rabsca|Trick Room|p1a: Rabsca\n|-fieldstart|move: Trick Room|[of] p1a: Rabsca\n|\n|-formechange|p2a: Morpeko|Morpeko||[from] ability: Hunger Switch\n|upkeep\n|turn|39\n|\n|t:|1782740277\n|move|p2a: Morpeko|Protect|p2a: Morpeko\n|-singleturn|p2a: Morpeko|Protect\n|move|p1a: Rabsca|Bug Buzz|p2a: Morpeko\n|-activate|p2a: Morpeko|move: Protect\n|\n|-formechange|p2a: Morpeko|Morpeko-Hangry||[from] ability: Hunger Switch\n|upkeep\n|turn|40\n|\n|t:|1782740282\n|move|p1a: Rabsca|Bug Buzz|p2a: Morpeko\n|-supereffective|p2a: Morpeko\n|-damage|p2a: Morpeko|0 fnt\n|faint|p2a: Morpeko\n|\n|upkeep\n|\n|t:|1782740291\n|switch|p2a: Vikavolt|Vikavolt, L83, M|263/263\n|turn|41\n|\n|t:|1782740295\n|move|p1a: Rabsca|Bug Buzz|p2a: Vikavolt\n|-damage|p2a: Vikavolt|122/263\n|move|p2a: Vikavolt|Bug Buzz|p1a: Rabsca\n|-supereffective|p1a: Rabsca\n|-damage|p1a: Rabsca|0 fnt\n|faint|p1a: Rabsca\n|\n|upkeep\n|\n|t:|1782740296\n|switch|p1a: Clodsire|Clodsire, L81, M|108/343\n|-damage|p1a: Clodsire|87/343|[from] Stealth Rock\n|turn|42\n|\n|t:|1782740300\n|move|p1a: Clodsire|Gunk Shot|p2a: Vikavolt|[miss]\n|-miss|p1a: Clodsire|p2a: Vikavolt\n|move|p2a: Vikavolt|Energy Ball|p1a: Clodsire\n|-damage|p1a: Clodsire|8/343\n|\n|-heal|p1a: Clodsire|29/343|[from] item: Leftovers\n|-fieldend|move: Trick Room\n|upkeep\n|turn|43\n|\n|t:|1782740302\n|switch|p1a: Regidrago|Regidrago, L77|381/435\n|-damage|p1a: Regidrago|327/435|[from] Stealth Rock\n|move|p2a: Vikavolt|Energy Ball|p1a: Regidrago\n|-resisted|p1a: Regidrago\n|-damage|p1a: Regidrago|260/435\n|\n|upkeep\n|turn|44\n|\n|t:|1782740306\n|switch|p1a: Clodsire|Clodsire, L81, M|29/343\n|-damage|p1a: Clodsire|8/343|[from] Stealth Rock\n|move|p2a: Vikavolt|Energy Ball|p1a: Clodsire\n|-damage|p1a: Clodsire|0 fnt\n|faint|p1a: Clodsire\n|\n|upkeep\n|\n|t:|1782740307\n|switch|p1a: Regidrago|Regidrago, L77|260/435\n|-damage|p1a: Regidrago|206/435|[from] Stealth Rock\n|turn|45\n|\n|t:|1782740309\n|move|p1a: Regidrago|Draco Meteor|p2a: Vikavolt|[miss]\n|-miss|p1a: Regidrago|p2a: Vikavolt\n|move|p2a: Vikavolt|Bug Buzz|p1a: Regidrago\n|-damage|p1a: Regidrago|7/435\n|\n|upkeep\n|turn|46\n|\n|t:|1782740310\n|move|p1a: Regidrago|Draco Meteor|p2a: Vikavolt\n|-damage|p2a: Vikavolt|0 fnt\n|-unboost|p1a: Regidrago|spa|2\n|faint|p2a: Vikavolt\n|\n|upkeep\n|\n|t:|1782740312\n|switch|p2a: Giratina|Giratina-Origin, L72, tera:Fairy|195/335\n|-damage|p2a: Giratina|154/335|[from] Stealth Rock\n|turn|47\n|\n|t:|1782740317\n|move|p2a: Giratina|Draco Meteor|p1a: Regidrago\n|-supereffective|p1a: Regidrago\n|-damage|p1a: Regidrago|0 fnt\n|-unboost|p2a: Giratina|spa|2\n|faint|p1a: Regidrago\n|\n|win|buzbee2000\n|raw|notmetbh102's rating: 2067 &rarr; <strong>2049</strong><br />(-18 for losing)\n|raw|buzbee2000's rating: 2098 &rarr; <strong>2116</strong><br />(+18 for winning)\n|c|\u2606notmetbh102|gg\n", "inputlog": ">version f8ac14003a5f27e1bdc8d8c59608a773c1cb96e5\n>start {\"formatid\":\"gen9randombattle\",\"seed\":\"sodium,f18c6b82dcaf8fe4180b38fdfa949b0a\",\"rated\":\"Rated battle\"}\n>player p1 {\"name\":\"notmetbh102\",\"avatar\":\"2\",\"rating\":2067,\"seed\":\"sodium,90b0e1cdca9c1aa47cd4bd4702762892\"}\n>player p2 {\"name\":\"buzbee2000\",\"avatar\":\"rood\",\"rating\":2098,\"seed\":\"sodium,8c1d553584d1c8c850f3a21c42cf25cd\"}\n>chat \u2606notmetbh102|hf\n>p1 switch 5\n>p2 move dracometeor\n>p1 move stealthrock\n>p2 switch 6\n>p1 switch 2\n>p2 move stealthrock\n>p1 move knockoff\n>p2 switch 4\n>p1 move earthquake\n>p2 move swordsdance\n>p1 move earthquake\n>p2 move bulletpunch\n>p2 switch 3\n>p1 move knockoff\n>p2 move bulkup\n>p1 switch 6\n>p2 move bulkup\n>p1 move fireblast\n>p2 move ragefist\n>p1 switch 3\n>p1 move throatchop terastallize\n>p2 move rest\n>p2 switch 2\n>p1 switch 6\n>p2 move rapidspin\n>p1 move protect\n>p2 move partingshot\n>p1 move knockoff\n>p2 move partingshot\n>p2 switch 6\n>p1 move protect\n>p2 move dracometeor\n>p1 move knockoff\n>p2 move dracometeor\n>p1 switch 6\n>p2 move poltergeist\n>p1 move throatchop\n>p2 switch 4\n>p1 move throatchop\n>p2 move recover\n>p1 move throatchop\n>p2 switch 6\n>p1 move throatchop\n>p2 move aurawheel\n>p1 switch 2\n>p2 move rapidspin\n>p1 move recover\n>p2 move aurawheel\n>p1 move recover\n>p2 move partingshot\n>p2 switch 4\n>p1 move stealthrock\n>p2 move poltergeist\n>p1 move recover\n>p2 move poltergeist\n>p1 move recover\n>p2 move poltergeist\n>p1 move recover\n>p2 move dragontail\n>p1 move gunkshot\n>p2 move dragontail\n>p1 switch 2\n>p1 move recover\n>p2 move dragontail\n>p1 switch 6\n>p2 move dracometeor terastallize\n>p1 switch 5\n>p1 move gunkshot\n>p2 switch 6\n>p1 move earthquake\n>p2 move earthquake\n>p2 switch 4\n>p1 move recover\n>p2 move rapidspin\n>p1 move recover\n>p2 move aurawheel\n>p1 move gunkshot\n>p2 move protect\n>p1 move stealthrock\n>p2 move aurawheel\n>p1 switch 4\n>p2 move protect\n>p1 move trickroom\n>p2 move aurawheel\n>p1 move bugbuzz\n>p2 move protect\n>p1 move bugbuzz\n>p2 move rapidspin\n>p2 switch 5\n>p1 move bugbuzz\n>p2 move bugbuzz\n>p1 switch 4\n>p1 move gunkshot\n>p2 move energyball\n>p1 switch 6\n>p2 move energyball\n>p1 switch 6\n>p2 move energyball\n>p1 switch 6\n>p1 move dracometeor\n>p2 move bugbuzz\n>p1 move dracometeor\n>p2 move bugbuzz\n>p2 switch 6\n>p1 move earthquake\n>p2 move dracometeor", "uploadtime": 1782740081, "views": 6, "formatid": "gen9randombattle", "rating": 2049, "private": 0, "password": null, "player_dets": [{"name": "notmetbh102", "avatar": "2", "rating": 2067, "seed": "sodium,90b0e1cdca9c1aa47cd4bd4702762892"}, {"name": "buzbee2000", "avatar": "rood", "rating": 2098, "seed": "sodium,8c1d553584d1c8c850f3a21c42cf25cd"}], "teams_full": [{"Regidrago": {"name": "Regidrago", "species": "Regidrago", "speciesId": "regidrago", "gender": "N", "shiny": false, "level": 77, "moves": ["outrage", "earthquake", "dracometeor", "dragondance"], "ability": "Dragon's Maw", "evs": {"hp": 85, "atk": 85, "def": 85, "spa": 85, "spd": 85, "spe": 85}, "ivs": {"hp": 31, "atk": 31, "def": 31, "spa": 31, "spd": 31, "spe": 31}, "item": "Lum Berry", "teraType": "Dragon", "role": "Setup Sweeper", "bvs": {"hp": 200, "atk": 100, "def": 50, "spa": 100, "spd": 50, "spe": 80}, "stats": {"hp": 435, "atk": 199, "def": 122, "spa": 199, "spd": 122, "spe": 168}, "types": ["Dragon"]}, "Gliscor": {"name": "Gliscor", "species": "Gliscor", "speciesId": "gliscor", "gender": "F", "shiny": false, "level": 76, "moves": ["toxicspikes", "earthquake", "protect", "knockoff"], "ability": "Poison Heal", "evs": {"hp": 85, "atk": 85, "def": 85, "spa": 85, "spd": 85, "spe": 85}, "ivs": {"hp": 31, "atk": 31, "def": 31, "spa": 31, "spd": 31, "spe": 31}, "item": "Toxic Orb", "teraType": "Water", "role": "Bulky Support", "bvs": {"hp": 75, "atk": 95, "def": 125, "spa": 45, "spd": 75, "spe": 95}, "stats": {"hp": 239, "atk": 188, "def": 234, "spa": 112, "spd": 158, "spe": 188}, "types": ["Ground", "Flying"]}, "Sneasler": {"name": "Sneasler", "species": "Sneasler", "speciesId": "sneasler", "gender": "M", "shiny": false, "level": 74, "moves": ["direclaw", "closecombat", "throatchop", "uturn"], "ability": "Poison Touch", "evs": {"hp": 85, "atk": 85, "def": 85, "spa": 85, "spd": 85, "spe": 85}, "ivs": {"hp": 31, "atk": 31, "def": 31, "spa": 31, "spd": 31, "spe": 31}, "item": "Choice Band", "teraType": "Dark", "role": "Fast Attacker", "bvs": {"hp": 80, "atk": 130, "def": 60, "spa": 40, "spd": 80, "spe": 120}, "stats": {"hp": 240, "atk": 235, "def": 132, "spa": 102, "spd": 161, "spe": 221}, "types": ["Fighting", "Poison"]}, "Rabsca": {"name": "Rabsca", "species": "Rabsca", "speciesId": "rabsca", "gender": "M", "shiny": false, "level": 91, "moves": ["psychic", "trickroom", "revivalblessing", "bugbuzz"], "ability": "Synchronize", "evs": {"hp": 85, "atk": 0, "def": 85, "spa": 85, "spd": 85, "spe": 0}, "ivs": {"hp": 31, "atk": 0, "def": 31, "spa": 31, "spd": 31, "spe": 0}, "item": "Heavy-Duty Boots", "teraType": "Steel", "role": "Wallbreaker", "bvs": {"hp": 75, "atk": 50, "def": 85, "spa": 115, "spd": 100, "spe": 45}, "stats": {"hp": 284, "atk": 96, "def": 207, "spa": 261, "spd": 234, "spe": 86}, "types": ["Bug", "Psychic"]}, "Clodsire": {"name": "Clodsire", "species": "Clodsire", "speciesId": "clodsire", "gender": "M", "shiny": false, "level": 81, "moves": ["stealthrock", "recover", "earthquake", "gunkshot"], "ability": "Water Absorb", "evs": {"hp": 85, "atk": 85, "def": 85, "spa": 85, "spd": 85, "spe": 85}, "ivs": {"hp": 31, "atk": 31, "def": 31, "spa": 31, "spd": 31, "spe": 31}, "item": "Leftovers", "teraType": "Flying", "role": "Bulky Attacker", "bvs": {"hp": 130, "atk": 75, "def": 60, "spa": 45, "spd": 100, "spe": 20}, "stats": {"hp": 343, "atk": 168, "def": 144, "spa": 120, "spd": 209, "spe": 79}, "types": ["Poison", "Ground"]}, "Volcarona": {"name": "Volcarona", "species": "Volcarona", "speciesId": "volcarona", "gender": "F", "shiny": false, "level": 77, "moves": ["quiverdance", "fireblast", "gigadrain", "bugbuzz"], "ability": "Flame Body", "evs": {"hp": 85, "atk": 0, "def": 85, "spa": 85, "spd": 85, "spe": 85}, "ivs": {"hp": 31, "atk": 0, "def": 31, "spa": 31, "spd": 31, "spe": 31}, "item": "Heavy-Duty Boots", "teraType": "Fire", "role": "Fast Bulky Setup", "bvs": {"hp": 85, "atk": 60, "def": 65, "spa": 135, "spd": 105, "spe": 100}, "stats": {"hp": 257, "atk": 97, "def": 145, "spa": 252, "spd": 206, "spe": 199}, "types": ["Bug", "Fire"]}}, {"Giratina": {"name": "Giratina", "species": "Giratina-Origin", "speciesId": "giratinaorigin", "gender": "N", "shiny": false, "level": 72, "moves": ["dragontail", "defog", "dracometeor", "poltergeist"], "ability": "Levitate", "evs": {"hp": 85, "atk": 85, "def": 85, "spa": 85, "spd": 85, "spe": 85}, "ivs": {"hp": 31, "atk": 31, "def": 31, "spa": 31, "spd": 31, "spe": 31}, "item": "Griseous Core", "teraType": "Fairy", "role": "Fast Attacker", "bvs": {"hp": 150, "atk": 120, "def": 100, "spa": 120, "spd": 100, "spe": 90}, "stats": {"hp": 335, "atk": 215, "def": 186, "spa": 215, "spd": 186, "spe": 172}, "types": ["Ghost", "Dragon"]}, "Morpeko": {"name": "Morpeko", "species": "Morpeko", "speciesId": "morpeko", "gender": "F", "shiny": false, "level": 88, "moves": ["partingshot", "protect", "aurawheel", "rapidspin"], "ability": "Hunger Switch", "evs": {"hp": 85, "atk": 85, "def": 85, "spa": 85, "spd": 85, "spe": 85}, "ivs": {"hp": 31, "atk": 31, "def": 31, "spa": 31, "spd": 31, "spe": 31}, "item": "Heavy-Duty Boots", "teraType": "Electric", "role": "Fast Support", "bvs": {"hp": 58, "atk": 95, "def": 58, "spa": 70, "spd": 58, "spe": 97}, "stats": {"hp": 245, "atk": 217, "def": 152, "spa": 173, "spd": 152, "spe": 221}, "types": ["Electric", "Dark"]}, "Annihilape": {"name": "Annihilape", "species": "Annihilape", "speciesId": "annihilape", "gender": "F", "shiny": false, "level": 76, "moves": ["bulkup", "ragefist", "drainpunch", "rest"], "ability": "Defiant", "evs": {"hp": 85, "atk": 85, "def": 85, "spa": 85, "spd": 85, "spe": 85}, "ivs": {"hp": 31, "atk": 31, "def": 31, "spa": 31, "spd": 31, "spe": 31}, "item": "Chesto Berry", "teraType": "Water", "role": "Bulky Setup", "bvs": {"hp": 110, "atk": 115, "def": 80, "spa": 50, "spd": 90, "spe": 90}, "stats": {"hp": 292, "atk": 219, "def": 166, "spa": 120, "spd": 181, "spe": 181}, "types": ["Fighting", "Ghost"]}, "Scizor": {"name": "Scizor", "species": "Scizor", "speciesId": "scizor", "gender": "F", "shiny": false, "level": 79, "moves": ["bulletpunch", "closecombat", "swordsdance", "bugbite"], "ability": "Technician", "evs": {"hp": 85, "atk": 85, "def": 85, "spa": 85, "spd": 85, "spe": 85}, "ivs": {"hp": 31, "atk": 31, "def": 31, "spa": 31, "spd": 31, "spe": 31}, "item": "Life Orb", "teraType": "Steel", "role": "Setup Sweeper", "bvs": {"hp": 70, "atk": 130, "def": 100, "spa": 55, "spd": 80, "spe": 65}, "stats": {"hp": 240, "atk": 251, "def": 204, "spa": 132, "spd": 172, "spe": 148}, "types": ["Bug", "Steel"]}, "Vikavolt": {"name": "Vikavolt", "species": "Vikavolt", "speciesId": "vikavolt", "gender": "M", "shiny": false, "level": 83, "moves": ["discharge", "bugbuzz", "stickyweb", "energyball"], "ability": "Levitate", "evs": {"hp": 85, "atk": 0, "def": 85, "spa": 85, "spd": 85, "spe": 85}, "ivs": {"hp": 31, "atk": 0, "def": 31, "spa": 31, "spd": 31, "spe": 31}, "item": "Heavy-Duty Boots", "teraType": "Electric", "role": "Bulky Support", "bvs": {"hp": 77, "atk": 70, "def": 90, "spa": 145, "spd": 75, "spe": 43}, "stats": {"hp": 263, "atk": 121, "def": 197, "spa": 288, "spd": 172, "spe": 119}, "types": ["Bug", "Electric"]}, "Clodsire": {"name": "Clodsire", "species": "Clodsire", "speciesId": "clodsire", "gender": "F", "shiny": false, "level": 81, "moves": ["gunkshot", "stealthrock", "earthquake", "recover"], "ability": "Unaware", "evs": {"hp": 85, "atk": 85, "def": 85, "spa": 85, "spd": 85, "spe": 85}, "ivs": {"hp": 31, "atk": 31, "def": 31, "spa": 31, "spd": 31, "spe": 31}, "item": "Leftovers", "teraType": "Flying", "role": "Bulky Attacker", "bvs": {"hp": 130, "atk": 75, "def": 60, "spa": 45, "spd": 100, "spe": 20}, "stats": {"hp": 343, "atk": 168, "def": 144, "spa": 120, "spd": 209, "spe": 79}, "types": ["Poison", "Ground"]}}]}