{"id": "gen9randombattle-2641643036", "format": "[Gen 9] Random Battle", "players": ["ctoork", "Sebman"], "log": "|j|\u2606ctoork\n|j|\u2606Sebman\n|t:|1782823791\n|gametype|singles\n|player|p1|ctoork|102|1961\n|player|p2|Sebman|palmer|2000\n|gen|9\n|tier|[Gen 9] Random Battle\n|rated|\n|rule|Species Clause: Limit one of each Pok\u00e9mon\n|rule|HP Percentage Mod: HP is shown in percentages\n|rule|Sleep Clause Mod: Limit one foe put to sleep\n|rule|Illusion Level Mod: Illusion disguises the Pok\u00e9mon's true level\n|\n|t:|1782823791\n|teamsize|p1|6\n|teamsize|p2|6\n|start\n|switch|p1a: Ditto|Ditto, L87|225/225\n|switch|p2a: Kingambit|Kingambit, L74, F|270/270\n|-transform|p1a: Ditto|p2a: Kingambit|[from] ability: Imposter\n|turn|1\n|inactive|Battle timer is ON: inactive players will automatically lose when time's up. (requested by Sebman)\n|\n|t:|1782823803\n|-end|p1a: Ditto|fallenundefined|[silent]\n|switch|p1a: Bellibolt|Bellibolt, L84, M|320/320\n|-end|p2a: Kingambit|fallenundefined|[silent]\n|switch|p2a: Orthworm|Orthworm, L88, M|266/266\n|\n|upkeep\n|turn|2\n|\n|t:|1782823808\n|switch|p2a: Electivire|Electivire, L84, M|263/263\n|move|p1a: Bellibolt|Thunderbolt|p2a: Electivire\n|-ability|p2a: Electivire|Motor Drive|boost\n|-boost|p2a: Electivire|spe|1\n|\n|upkeep\n|turn|3\n|\n|t:|1782823813\n|move|p2a: Electivire|Earthquake|p1a: Bellibolt\n|-supereffective|p1a: Bellibolt\n|-damage|p1a: Bellibolt|94/320\n|-start|p1a: Bellibolt|Charge|Earthquake|[from] ability: Electromorphosis\n|-damage|p2a: Electivire|237/263|[from] item: Life Orb\n|move|p1a: Bellibolt|Muddy Water|p2a: Electivire|[miss]\n|-miss|p1a: Bellibolt|p2a: Electivire\n|\n|-heal|p1a: Bellibolt|114/320|[from] item: Leftovers\n|upkeep\n|turn|4\n|\n|t:|1782823821\n|switch|p1a: Salamence|Salamence, L77, M|273/273\n|-ability|p1a: Salamence|Intimidate|boost\n|-unboost|p2a: Electivire|atk|1\n|move|p2a: Electivire|Earthquake|p1a: Salamence\n|-immune|p1a: Salamence\n|\n|upkeep\n|turn|5\n|\n|t:|1782823829\n|switch|p2a: Orthworm|Orthworm, L88, M|266/266\n|move|p1a: Salamence|Dragon Dance|p1a: Salamence\n|-boost|p1a: Salamence|atk|1\n|-boost|p1a: Salamence|spe|1\n|\n|upkeep\n|turn|6\n|\n|t:|1782823837\n|move|p1a: Salamence|Dragon Dance|p1a: Salamence\n|-boost|p1a: Salamence|atk|1\n|-boost|p1a: Salamence|spe|1\n|move|p2a: Orthworm|Coil|p2a: Orthworm\n|-boost|p2a: Orthworm|atk|1\n|-boost|p2a: Orthworm|def|1\n|-boost|p2a: Orthworm|accuracy|1\n|\n|upkeep\n|turn|7\n|\n|t:|1782823842\n|switch|p1a: Typhlosion|Typhlosion-Hisui, L83, F|257/257\n|move|p2a: Orthworm|Coil|p2a: Orthworm\n|-boost|p2a: Orthworm|atk|1\n|-boost|p2a: Orthworm|def|1\n|-boost|p2a: Orthworm|accuracy|1\n|\n|upkeep\n|turn|8\n|\n|t:|1782823850\n|switch|p2a: Inteleon|Inteleon, L81, F|246/246\n|move|p1a: Typhlosion|Eruption|p2a: Inteleon\n|-resisted|p2a: Inteleon\n|-damage|p2a: Inteleon|78/246\n|\n|upkeep\n|turn|9\n|\n|t:|1782823858\n|switch|p1a: Abomasnow|Abomasnow, L84, F|287/287\n|-weather|Snowscape|[from] ability: Snow Warning|[of] p1a: Abomasnow\n|move|p2a: Inteleon|Hydro Pump|p1a: Abomasnow\n|-resisted|p1a: Abomasnow\n|-damage|p1a: Abomasnow|135/287\n|\n|-weather|Snowscape|[upkeep]\n|upkeep\n|turn|10\n|\n|t:|1782823862\n|move|p2a: Inteleon|Hydro Pump|p1a: Abomasnow|[miss]\n|-miss|p2a: Inteleon|p1a: Abomasnow\n|move|p1a: Abomasnow|Blizzard|p2a: Inteleon\n|-resisted|p2a: Inteleon\n|-damage|p2a: Inteleon|12/246\n|\n|-weather|Snowscape|[upkeep]\n|upkeep\n|turn|11\n|\n|t:|1782823866\n|move|p2a: Inteleon|Hydro Pump|p1a: Abomasnow\n|-resisted|p1a: Abomasnow\n|-damage|p1a: Abomasnow|0 fnt\n|faint|p1a: Abomasnow\n|\n|-weather|Snowscape|[upkeep]\n|upkeep\n|\n|t:|1782823869\n|switch|p1a: Ditto|Ditto, L87|225/225\n|-transform|p1a: Ditto|p2a: Inteleon|[from] ability: Imposter\n|turn|12\n|\n|t:|1782823877\n|move|p1a: Ditto|Scald|p2a: Inteleon\n|-resisted|p2a: Inteleon\n|-damage|p2a: Inteleon|0 fnt\n|faint|p2a: Inteleon\n|\n|-weather|Snowscape|[upkeep]\n|upkeep\n|\n|t:|1782823879\n|switch|p2a: Exeggutor|Exeggutor, L89, F|312/312\n|turn|13\n|\n|t:|1782823886\n|switch|p1a: Scream Tail|Scream Tail, L84|330/330\n|move|p2a: Exeggutor|Substitute|p2a: Exeggutor\n|-start|p2a: Exeggutor|Substitute\n|-damage|p2a: Exeggutor|234/312\n|\n|-weather|none\n|upkeep\n|turn|14\n|\n|t:|1782823890\n|move|p1a: Scream Tail|Encore|p2a: Exeggutor\n|-start|p2a: Exeggutor|Encore\n|move|p2a: Exeggutor|Substitute|p2a: Exeggutor\n|-fail|p2a: Exeggutor|move: Substitute\n|\n|upkeep\n|turn|15\n|\n|t:|1782823896\n|switch|p2a: Orthworm|Orthworm, L88, M|266/266\n|move|p1a: Scream Tail|Dazzling Gleam|p2a: Orthworm\n|-resisted|p2a: Orthworm\n|-crit|p2a: Orthworm\n|-damage|p2a: Orthworm|206/266\n|\n|upkeep\n|turn|16\n|\n|t:|1782823906\n|-end|p1a: Scream Tail|Protosynthesis|[silent]\n|switch|p1a: Bellibolt|Bellibolt, L84, M|114/320\n|move|p2a: Orthworm|Iron Tail|p1a: Bellibolt\n|-resisted|p1a: Bellibolt\n|-damage|p1a: Bellibolt|62/320\n|-start|p1a: Bellibolt|Charge|Iron Tail|[from] ability: Electromorphosis\n|\n|-heal|p1a: Bellibolt|82/320|[from] item: Leftovers\n|upkeep\n|turn|17\n|\n|t:|1782823912\n|move|p2a: Orthworm|Body Press|p1a: Bellibolt\n|-damage|p1a: Bellibolt|1/320\n|-start|p1a: Bellibolt|Charge|Body Press|[from] ability: Electromorphosis\n|move|p1a: Bellibolt|Slack Off|p1a: Bellibolt\n|-heal|p1a: Bellibolt|161/320\n|\n|-heal|p1a: Bellibolt|181/320|[from] item: Leftovers\n|upkeep\n|turn|18\n|\n|t:|1782823918\n|switch|p2a: Electivire|Electivire, L84, M|237/263\n|move|p1a: Bellibolt|Slack Off|p1a: Bellibolt\n|-heal|p1a: Bellibolt|320/320\n|\n|upkeep\n|turn|19\n|\n|t:|1782823926\n|move|p2a: Electivire|Knock Off|p1a: Bellibolt\n|-damage|p1a: Bellibolt|224/320\n|-start|p1a: Bellibolt|Charge|Knock Off|[from] ability: Electromorphosis\n|-enditem|p1a: Bellibolt|Leftovers|[from] move: Knock Off|[of] p2a: Electivire\n|-damage|p2a: Electivire|211/263|[from] item: Life Orb\n|move|p1a: Bellibolt|Muddy Water|p2a: Electivire\n|-damage|p2a: Electivire|140/263\n|\n|upkeep\n|turn|20\n|\n|t:|1782823934\n|switch|p1a: Salamence|Salamence, L77, M|273/273\n|-ability|p1a: Salamence|Intimidate|boost\n|-unboost|p2a: Electivire|atk|1\n|move|p2a: Electivire|Earthquake|p1a: Salamence\n|-immune|p1a: Salamence\n|\n|upkeep\n|turn|21\n|\n|t:|1782823944\n|switch|p2a: Orthworm|Orthworm, L88, M|206/266\n|move|p1a: Salamence|Outrage|p2a: Orthworm\n|-resisted|p2a: Orthworm\n|-damage|p2a: Orthworm|160/266\n|\n|upkeep\n|turn|22\n|\n|t:|1782823949\n|move|p1a: Salamence|Outrage|p2a: Orthworm|[from] lockedmove\n|-resisted|p2a: Orthworm\n|-damage|p2a: Orthworm|118/266\n|-start|p1a: Salamence|confusion|[fatigue]\n|move|p2a: Orthworm|Coil|p2a: Orthworm\n|-boost|p2a: Orthworm|atk|1\n|-boost|p2a: Orthworm|def|1\n|-boost|p2a: Orthworm|accuracy|1\n|\n|upkeep\n|turn|23\n|\n|t:|1782823954\n|switch|p1a: Typhlosion|Typhlosion-Hisui, L83, F|257/257\n|move|p2a: Orthworm|Iron Tail|p1a: Typhlosion\n|-resisted|p1a: Typhlosion\n|-damage|p1a: Typhlosion|168/257\n|\n|upkeep\n|turn|24\n|\n|t:|1782823961\n|switch|p2a: Electivire|Electivire, L84, M|140/263\n|move|p1a: Typhlosion|Eruption|p2a: Electivire\n|-damage|p2a: Electivire|0 fnt\n|faint|p2a: Electivire\n|\n|upkeep\n|\n|t:|1782823964\n|switch|p2a: Quaquaval|Quaquaval, L79, F|264/264\n|turn|25\n|\n|t:|1782823971\n|switch|p1a: Salamence|Salamence, L77, M|273/273\n|-ability|p1a: Salamence|Intimidate|boost\n|-unboost|p2a: Quaquaval|atk|1\n|move|p2a: Quaquaval|Aqua Step|p1a: Salamence\n|-resisted|p1a: Salamence\n|-damage|p1a: Salamence|226/273\n|-boost|p2a: Quaquaval|spe|1\n|-damage|p2a: Quaquaval|238/264|[from] item: Life Orb\n|\n|upkeep\n|turn|26\n|\n|t:|1782823977\n|switch|p2a: Orthworm|Orthworm, L88, M|118/266\n|move|p1a: Salamence|Dragon Dance|p1a: Salamence\n|-boost|p1a: Salamence|atk|1\n|-boost|p1a: Salamence|spe|1\n|\n|upkeep\n|turn|27\n|\n|t:|1782823982\n|move|p1a: Salamence|Outrage|p2a: Orthworm\n|-resisted|p2a: Orthworm\n|-damage|p2a: Orthworm|46/266\n|move|p2a: Orthworm|Rest|p2a: Orthworm\n|-status|p2a: Orthworm|slp|[from] move: Rest\n|-heal|p2a: Orthworm|266/266 slp|[silent]\n|-enditem|p2a: Orthworm|Chesto Berry|[eat]\n|-curestatus|p2a: Orthworm|slp|[msg]\n|\n|upkeep\n|turn|28\n|\n|t:|1782823988\n|move|p1a: Salamence|Outrage|p2a: Orthworm|[from] lockedmove\n|-resisted|p2a: Orthworm\n|-damage|p2a: Orthworm|205/266\n|-start|p1a: Salamence|confusion|[fatigue]\n|move|p2a: Orthworm|Coil|p2a: Orthworm\n|-boost|p2a: Orthworm|atk|1\n|-boost|p2a: Orthworm|def|1\n|-boost|p2a: Orthworm|accuracy|1\n|\n|upkeep\n|turn|29\n|\n|t:|1782823991\n|switch|p1a: Typhlosion|Typhlosion-Hisui, L83, F|168/257\n|move|p2a: Orthworm|Iron Tail|p1a: Typhlosion\n|-resisted|p1a: Typhlosion\n|-damage|p1a: Typhlosion|85/257\n|-unboost|p1a: Typhlosion|def|1\n|\n|upkeep\n|turn|30\n|\n|t:|1782823999\n|move|p1a: Typhlosion|Fire Blast|p2a: Orthworm\n|-supereffective|p2a: Orthworm\n|-damage|p2a: Orthworm|0 fnt\n|faint|p2a: Orthworm\n|\n|upkeep\n|\n|t:|1782824000\n|switch|p2a: Quaquaval|Quaquaval, L79, F|238/264\n|turn|31\n|\n|t:|1782824004\n|switch|p1a: Salamence|Salamence, L77, M|226/273\n|-ability|p1a: Salamence|Intimidate|boost\n|-unboost|p2a: Quaquaval|atk|1\n|move|p2a: Quaquaval|Aqua Step|p1a: Salamence\n|-resisted|p1a: Salamence\n|-damage|p1a: Salamence|182/273\n|-boost|p2a: Quaquaval|spe|1\n|-damage|p2a: Quaquaval|212/264|[from] item: Life Orb\n|\n|upkeep\n|turn|32\n|\n|t:|1782824008\n|move|p2a: Quaquaval|Triple Axel|p1a: Salamence\n|-supereffective|p1a: Salamence\n|-damage|p1a: Salamence|114/273\n|-supereffective|p1a: Salamence\n|-damage|p1a: Salamence|0 fnt\n|faint|p1a: Salamence\n|-ability|p2a: Quaquaval|Moxie|boost\n|-boost|p2a: Quaquaval|atk|1\n|-hitcount|p1: Salamence|2\n|-damage|p2a: Quaquaval|186/264|[from] item: Life Orb\n|\n|upkeep\n|\n|t:|1782824014\n|switch|p1a: Scream Tail|Scream Tail, L84|330/330\n|turn|33\n|\n|t:|1782824019\n|switch|p2a: Kingambit|Kingambit, L74, F|270/270\n|-activate|p2a: Kingambit|ability: Supreme Overlord\n|-start|p2a: Kingambit|fallen3|[silent]\n|move|p1a: Scream Tail|Dazzling Gleam|p2a: Kingambit\n|-damage|p2a: Kingambit|197/270\n|\n|-heal|p2a: Kingambit|213/270|[from] item: Leftovers\n|upkeep\n|turn|34\n|\n|t:|1782824033\n|-end|p2a: Kingambit|fallen3|[silent]\n|switch|p2a: Exeggutor|Exeggutor, L89, F|234/312\n|move|p1a: Scream Tail|Wish|p1a: Scream Tail\n|\n|upkeep\n|turn|35\n|\n|t:|1782824039\n|move|p1a: Scream Tail|Dazzling Gleam|p2a: Exeggutor\n|-damage|p2a: Exeggutor|165/312\n|move|p2a: Exeggutor|Sleep Powder|p1a: Scream Tail\n|-status|p1a: Scream Tail|slp|[from] move: Sleep Powder\n|\n|upkeep\n|turn|36\n|\n|t:|1782824051\n|cant|p1a: Scream Tail|slp\n|move|p2a: Exeggutor|Leech Seed|p1a: Scream Tail\n|-start|p1a: Scream Tail|move: Leech Seed\n|\n|-damage|p1a: Scream Tail|289/330 slp|[from] Leech Seed|[of] p2a: Exeggutor\n|-heal|p2a: Exeggutor|206/312|[silent]\n|upkeep\n|turn|37\n|\n|t:|1782824058\n|cant|p1a: Scream Tail|slp\n|move|p2a: Exeggutor|Substitute|p2a: Exeggutor\n|-start|p2a: Exeggutor|Substitute\n|-damage|p2a: Exeggutor|128/312\n|-enditem|p2a: Exeggutor|Sitrus Berry|[eat]\n|-heal|p2a: Exeggutor|206/312|[from] item: Sitrus Berry\n|\n|-heal|p1a: Scream Tail|309/330 slp|[from] item: Leftovers\n|-damage|p1a: Scream Tail|268/330 slp|[from] Leech Seed|[of] p2a: Exeggutor\n|-heal|p2a: Exeggutor|247/312|[silent]\n|upkeep\n|turn|38\n|\n|t:|1782824061\n|-curestatus|p1a: Scream Tail|slp|[msg]\n|move|p1a: Scream Tail|Encore|p2a: Exeggutor\n|-start|p2a: Exeggutor|Encore\n|move|p2a: Exeggutor|Substitute|p2a: Exeggutor\n|-fail|p2a: Exeggutor|move: Substitute\n|\n|-heal|p1a: Scream Tail|288/330|[from] item: Leftovers\n|-damage|p1a: Scream Tail|247/330|[from] Leech Seed|[of] p2a: Exeggutor\n|-heal|p2a: Exeggutor|288/312|[silent]\n|-item|p2a: Exeggutor|Sitrus Berry|[from] ability: Harvest\n|upkeep\n|turn|39\n|\n|t:|1782824063\n|move|p1a: Scream Tail|Wish|p1a: Scream Tail\n|move|p2a: Exeggutor|Substitute|p2a: Exeggutor\n|-fail|p2a: Exeggutor|move: Substitute\n|\n|-heal|p1a: Scream Tail|267/330|[from] item: Leftovers\n|-damage|p1a: Scream Tail|226/330|[from] Leech Seed|[of] p2a: Exeggutor\n|-heal|p2a: Exeggutor|312/312|[silent]\n|upkeep\n|turn|40\n|\n|t:|1782824069\n|move|p1a: Scream Tail|Dazzling Gleam|p2a: Exeggutor\n|-activate|p2a: Exeggutor|move: Substitute|[damage]\n|move|p2a: Exeggutor|Substitute|p2a: Exeggutor\n|-fail|p2a: Exeggutor|move: Substitute\n|\n|-heal|p1a: Scream Tail|330/330|[from] move: Wish|[wisher] Scream Tail\n|-damage|p1a: Scream Tail|289/330|[from] Leech Seed|[of] p2a: Exeggutor\n|-end|p2a: Exeggutor|Encore\n|upkeep\n|turn|41\n|\n|t:|1782824074\n|move|p1a: Scream Tail|Encore|p2a: Exeggutor\n|-start|p2a: Exeggutor|Encore\n|move|p2a: Exeggutor|Substitute|p2a: Exeggutor\n|-fail|p2a: Exeggutor|move: Substitute\n|\n|-heal|p1a: Scream Tail|309/330|[from] item: Leftovers\n|-damage|p1a: Scream Tail|268/330|[from] Leech Seed|[of] p2a: Exeggutor\n|upkeep\n|turn|42\n|\n|t:|1782824080\n|switch|p2a: Kingambit|Kingambit, L74, F|213/270\n|-activate|p2a: Kingambit|ability: Supreme Overlord\n|-start|p2a: Kingambit|fallen3|[silent]\n|move|p1a: Scream Tail|Wish|p1a: Scream Tail\n|\n|-heal|p1a: Scream Tail|288/330|[from] item: Leftovers\n|-heal|p2a: Kingambit|229/270|[from] item: Leftovers\n|-damage|p1a: Scream Tail|247/330|[from] Leech Seed|[of] p2a: Kingambit\n|-heal|p2a: Kingambit|270/270|[silent]\n|upkeep\n|turn|43\n|\n|t:|1782824089\n|-end|p1a: Scream Tail|Protosynthesis|[silent]\n|switch|p1a: Typhlosion|Typhlosion-Hisui, L83, F|85/257\n|move|p2a: Kingambit|Swords Dance|p2a: Kingambit\n|-boost|p2a: Kingambit|atk|2\n|\n|-heal|p1a: Typhlosion|250/257|[from] move: Wish|[wisher] Scream Tail\n|upkeep\n|turn|44\n|\n|t:|1782824096\n|-terastallize|p1a: Typhlosion|Fire\n|move|p2a: Kingambit|Sucker Punch|p1a: Typhlosion\n|-damage|p1a: Typhlosion|31/257\n|move|p1a: Typhlosion|Fire Blast|p2a: Kingambit|[miss]\n|-miss|p1a: Typhlosion|p2a: Kingambit\n|\n|upkeep\n|turn|45\n|c|\u2606ctoork|ffs\n|\n|t:|1782824107\n|move|p2a: Kingambit|Sucker Punch|p1a: Typhlosion\n|-damage|p1a: Typhlosion|0 fnt\n|faint|p1a: Typhlosion\n|\n|upkeep\n|\n|t:|1782824109\n|switch|p1a: Bellibolt|Bellibolt, L84, M|224/320\n|turn|46\n|\n|t:|1782824115\n|-end|p2a: Kingambit|fallen3|[silent]\n|switch|p2a: Exeggutor|Exeggutor, L89, F|312/312\n|move|p1a: Bellibolt|Thunderbolt|p2a: Exeggutor\n|-resisted|p2a: Exeggutor\n|-damage|p2a: Exeggutor|257/312\n|\n|upkeep\n|turn|47\n|\n|t:|1782824121\n|move|p2a: Exeggutor|Sleep Powder|p1a: Bellibolt\n|-status|p1a: Bellibolt|slp|[from] move: Sleep Powder\n|cant|p1a: Bellibolt|slp\n|\n|upkeep\n|turn|48\n|\n|t:|1782824124\n|switch|p1a: Scream Tail|Scream Tail, L84|247/330\n|move|p2a: Exeggutor|Leech Seed|p1a: Scream Tail\n|-start|p1a: Scream Tail|move: Leech Seed\n|\n|-heal|p1a: Scream Tail|267/330|[from] item: Leftovers\n|-damage|p1a: Scream Tail|226/330|[from] Leech Seed|[of] p2a: Exeggutor\n|-heal|p2a: Exeggutor|298/312|[silent]\n|upkeep\n|turn|49\n|\n|t:|1782824129\n|move|p1a: Scream Tail|Encore|p2a: Exeggutor\n|-start|p2a: Exeggutor|Encore\n|move|p2a: Exeggutor|Leech Seed||[still]\n|-fail|p2a: Exeggutor\n|\n|-heal|p1a: Scream Tail|246/330|[from] item: Leftovers\n|-damage|p1a: Scream Tail|205/330|[from] Leech Seed|[of] p2a: Exeggutor\n|-heal|p2a: Exeggutor|312/312|[silent]\n|upkeep\n|turn|50\n|\n|t:|1782824135\n|switch|p2a: Kingambit|Kingambit, L74, F|270/270\n|-activate|p2a: Kingambit|ability: Supreme Overlord\n|-start|p2a: Kingambit|fallen3|[silent]\n|move|p1a: Scream Tail|Dazzling Gleam|p2a: Kingambit\n|-damage|p2a: Kingambit|195/270\n|\n|-heal|p1a: Scream Tail|225/330|[from] item: Leftovers\n|-heal|p2a: Kingambit|211/270|[from] item: Leftovers\n|-damage|p1a: Scream Tail|184/330|[from] Leech Seed|[of] p2a: Kingambit\n|-heal|p2a: Kingambit|252/270|[silent]\n|upkeep\n|turn|51\n|\n|t:|1782824143\n|move|p1a: Scream Tail|Wish|p1a: Scream Tail\n|move|p2a: Kingambit|Kowtow Cleave|p1a: Scream Tail\n|-damage|p1a: Scream Tail|72/330\n|\n|-heal|p1a: Scream Tail|92/330|[from] item: Leftovers\n|-heal|p2a: Kingambit|268/270|[from] item: Leftovers\n|-damage|p1a: Scream Tail|51/330|[from] Leech Seed|[of] p2a: Kingambit\n|-heal|p2a: Kingambit|270/270|[silent]\n|upkeep\n|turn|52\n|\n|t:|1782824148\n|move|p1a: Scream Tail|Protect|p1a: Scream Tail\n|-singleturn|p1a: Scream Tail|Protect\n|move|p2a: Kingambit|Kowtow Cleave|p1a: Scream Tail\n|-activate|p1a: Scream Tail|move: Protect\n|\n|-heal|p1a: Scream Tail|216/330|[from] move: Wish|[wisher] Scream Tail\n|-heal|p1a: Scream Tail|236/330|[from] item: Leftovers\n|-damage|p1a: Scream Tail|195/330|[from] Leech Seed|[of] p2a: Kingambit\n|upkeep\n|turn|53\n|\n|t:|1782824151\n|-end|p1a: Scream Tail|Protosynthesis|[silent]\n|switch|p1a: Bellibolt|Bellibolt, L84, M|224/320 slp\n|move|p2a: Kingambit|Iron Head|p1a: Bellibolt\n|-resisted|p1a: Bellibolt\n|-damage|p1a: Bellibolt|170/320 slp\n|-start|p1a: Bellibolt|Charge|Iron Head|[from] ability: Electromorphosis\n|\n|upkeep\n|turn|54\n|\n|t:|1782824156\n|-end|p2a: Kingambit|fallen3|[silent]\n|switch|p2a: Exeggutor|Exeggutor, L89, F|312/312\n|-curestatus|p1a: Bellibolt|slp|[msg]\n|move|p1a: Bellibolt|Thunderbolt|p2a: Exeggutor\n|-resisted|p2a: Exeggutor\n|-damage|p2a: Exeggutor|201/312\n|-end|p1a: Bellibolt|Charge|[silent]\n|\n|upkeep\n|turn|55\n|\n|t:|1782824162\n|move|p2a: Exeggutor|Substitute|p2a: Exeggutor\n|-start|p2a: Exeggutor|Substitute\n|-damage|p2a: Exeggutor|123/312\n|-enditem|p2a: Exeggutor|Sitrus Berry|[eat]\n|-heal|p2a: Exeggutor|201/312|[from] item: Sitrus Berry\n|move|p1a: Bellibolt|Volt Switch|p2a: Exeggutor\n|-resisted|p2a: Exeggutor\n|-activate|p2a: Exeggutor|move: Substitute|[damage]\n|\n|t:|1782824165\n|switch|p1a: Scream Tail|Scream Tail, L84|195/330|[from] Volt Switch\n|\n|-heal|p1a: Scream Tail|215/330|[from] item: Leftovers\n|upkeep\n|turn|56\n|\n|t:|1782824173\n|switch|p2a: Kingambit|Kingambit, L74, F|270/270\n|-activate|p2a: Kingambit|ability: Supreme Overlord\n|-start|p2a: Kingambit|fallen3|[silent]\n|move|p1a: Scream Tail|Encore||[still]\n|-fail|p1a: Scream Tail\n|\n|-heal|p1a: Scream Tail|235/330|[from] item: Leftovers\n|upkeep\n|turn|57\n|\n|t:|1782824182\n|move|p1a: Scream Tail|Wish|p1a: Scream Tail\n|move|p2a: Kingambit|Kowtow Cleave|p1a: Scream Tail\n|-damage|p1a: Scream Tail|126/330\n|\n|-heal|p1a: Scream Tail|146/330|[from] item: Leftovers\n|upkeep\n|turn|58\n|\n|t:|1782824191\n|-end|p2a: Kingambit|fallen3|[silent]\n|switch|p2a: Exeggutor|Exeggutor, L89, F|201/312\n|move|p1a: Scream Tail|Encore||[still]\n|-fail|p1a: Scream Tail\n|\n|-heal|p1a: Scream Tail|311/330|[from] move: Wish|[wisher] Scream Tail\n|-heal|p1a: Scream Tail|330/330|[from] item: Leftovers\n|upkeep\n|turn|59\n|\n|t:|1782824201\n|move|p1a: Scream Tail|Dazzling Gleam|p2a: Exeggutor\n|-damage|p2a: Exeggutor|135/312\n|move|p2a: Exeggutor|Sleep Powder|p1a: Scream Tail|[miss]\n|-miss|p2a: Exeggutor|p1a: Scream Tail\n|\n|-item|p2a: Exeggutor|Sitrus Berry|[from] ability: Harvest\n|upkeep\n|-enditem|p2a: Exeggutor|Sitrus Berry|[eat]\n|-heal|p2a: Exeggutor|213/312|[from] item: Sitrus Berry\n|turn|60\n|\n|t:|1782824209\n|move|p1a: Scream Tail|Dazzling Gleam|p2a: Exeggutor\n|-damage|p2a: Exeggutor|143/312\n|move|p2a: Exeggutor|Sleep Powder|p1a: Scream Tail|[miss]\n|-miss|p2a: Exeggutor|p1a: Scream Tail\n|\n|upkeep\n|turn|61\n|\n|t:|1782824215\n|move|p1a: Scream Tail|Dazzling Gleam|p2a: Exeggutor\n|-damage|p2a: Exeggutor|74/312\n|move|p2a: Exeggutor|Sleep Powder|p1a: Scream Tail|[miss]\n|-miss|p2a: Exeggutor|p1a: Scream Tail\n|\n|-item|p2a: Exeggutor|Sitrus Berry|[from] ability: Harvest\n|upkeep\n|-enditem|p2a: Exeggutor|Sitrus Berry|[eat]\n|-heal|p2a: Exeggutor|152/312|[from] item: Sitrus Berry\n|turn|62\n|\n|t:|1782824219\n|move|p1a: Scream Tail|Dazzling Gleam|p2a: Exeggutor\n|-damage|p2a: Exeggutor|86/312\n|move|p2a: Exeggutor|Leech Seed|p1a: Scream Tail\n|-start|p1a: Scream Tail|move: Leech Seed\n|\n|-damage|p1a: Scream Tail|289/330|[from] Leech Seed|[of] p2a: Exeggutor\n|-heal|p2a: Exeggutor|127/312|[silent]\n|-item|p2a: Exeggutor|Sitrus Berry|[from] ability: Harvest\n|upkeep\n|-enditem|p2a: Exeggutor|Sitrus Berry|[eat]\n|-heal|p2a: Exeggutor|205/312|[from] item: Sitrus Berry\n|turn|63\n|\n|t:|1782824225\n|switch|p2a: Kingambit|Kingambit, L74, F|270/270\n|-activate|p2a: Kingambit|ability: Supreme Overlord\n|-start|p2a: Kingambit|fallen3|[silent]\n|move|p1a: Scream Tail|Encore||[still]\n|-fail|p1a: Scream Tail\n|\n|-heal|p1a: Scream Tail|309/330|[from] item: Leftovers\n|-damage|p1a: Scream Tail|268/330|[from] Leech Seed|[of] p2a: Kingambit\n|upkeep\n|turn|64\n|c|\u2606ctoork|well enjoy the hax\n|l|\u2606ctoork\n|inactive|ctoork disconnected and has a minute to reconnect!\n|player|p1|\n|inactive|ctoork has 30 seconds to reconnect!\n|inactive|ctoork has 20 seconds to reconnect!\n|inactive|ctoork has 15 seconds to reconnect!\n|inactive|ctoork has 10 seconds to reconnect!\n|inactive|ctoork has 5 seconds to reconnect!\n|-message|ctoork lost due to inactivity.\n|\n|win|Sebman\n", "inputlog": ">version f8ac14003a5f27e1bdc8d8c59608a773c1cb96e5\n>start {\"formatid\":\"gen9randombattle\",\"seed\":\"sodium,96b1b43b79ea679a7cc418554d69a533\",\"rated\":\"Rated battle\"}\n>player p1 {\"name\":\"ctoork\",\"avatar\":\"102\",\"rating\":1961,\"seed\":\"sodium,772a7887026d8123596ad964a29557a9\"}\n>player p2 {\"name\":\"Sebman\",\"avatar\":\"palmer\",\"rating\":2000,\"seed\":\"sodium,0ff49ef8196de71f1bf79b2fb00095a2\"}\n>p1 switch 6\n>p2 switch 4\n>p1 move thunderbolt\n>p2 switch 3\n>p1 move muddywater\n>p2 move earthquake\n>p1 switch 3\n>p2 move earthquake\n>p1 move dragondance\n>p2 switch 3\n>p1 move dragondance\n>p2 move coil\n>p1 switch 5\n>p2 move coil\n>p1 move eruption\n>p2 switch 6\n>p1 switch 2\n>p2 move hydropump\n>p1 move blizzard\n>p2 move hydropump\n>p1 move auroraveil\n>p2 move hydropump\n>p1 switch 6\n>p1 move scald\n>p2 move hydropump\n>p2 switch 2\n>p1 switch 4\n>p2 move substitute\n>p1 move encore\n>p2 move sleeppowder\n>p1 move dazzlinggleam\n>p2 switch 6\n>p1 switch 3\n>p2 move irontail\n>p1 move slackoff\n>p2 move bodypress\n>p1 move slackoff\n>p2 switch 3\n>p1 move muddywater\n>p2 move knockoff\n>p1 switch 5\n>p2 move earthquake\n>p1 move outrage\n>p2 switch 3\n>p1 move outrage\n>p2 move coil\n>p1 switch 2\n>p2 move irontail\n>p1 move eruption\n>p2 switch 3\n>p2 switch 5\n>p1 switch 2\n>p2 move aquastep\n>p1 move dragondance\n>p2 switch 3\n>p1 move outrage\n>p2 move rest\n>p1 move outrage\n>p2 move coil\n>p1 switch 2\n>p2 move irontail\n>p1 move fireblast\n>p2 move irontail\n>p2 switch 3\n>p1 switch 2\n>p2 move aquastep\n>p1 move dragondance\n>p2 move tripleaxel\n>p1 switch 3\n>p1 move dazzlinggleam\n>p2 switch 4\n>p1 move wish\n>p2 switch 6\n>p1 move dazzlinggleam\n>p2 move sleeppowder\n>p1 move dazzlinggleam\n>p2 move leechseed\n>p1 move encore\n>p2 move substitute\n>p1 move encore\n>p2 move psychic\n>p1 move wish\n>p2 move substitute\n>p1 move dazzlinggleam\n>p2 move substitute\n>p1 move encore\n>p2 move psychic\n>p1 move wish\n>p2 switch 6\n>p1 switch 2\n>p2 move swordsdance\n>p1 move fireblast terastallize\n>p2 move suckerpunch\n>chat \u2606ctoork|ffs\n>p1 move fireblast\n>p2 move suckerpunch\n>p1 switch 5\n>p1 move thunderbolt\n>p2 switch 6\n>p1 move voltswitch\n>p2 move sleeppowder\n>p1 switch 2\n>p2 move leechseed\n>p1 move encore\n>p2 move psychic\n>p1 move dazzlinggleam\n>p2 switch 6\n>p1 move wish\n>p2 move kowtowcleave\n>p1 move protect\n>p2 move kowtowcleave\n>p1 switch 2\n>p2 move ironhead\n>p1 move thunderbolt\n>p2 switch 6\n>p1 move voltswitch\n>p2 move substitute\n>p1 switch 2\n>p1 move encore\n>p2 switch 6\n>p1 move wish\n>p2 move kowtowcleave\n>p1 move encore\n>p2 switch 6\n>p1 move dazzlinggleam\n>p2 move sleeppowder\n>p1 move dazzlinggleam\n>p2 move sleeppowder\n>p1 move dazzlinggleam\n>p2 move sleeppowder\n>p1 move dazzlinggleam\n>p2 move leechseed\n>p1 move encore\n>p2 switch 6\n>chat \u2606ctoork|well enjoy the hax\n>forcelose p1", "uploadtime": 1782823792, "views": 3, "formatid": "gen9randombattle", "rating": null, "private": 0, "password": null, "player_dets": [{"name": "ctoork", "avatar": "102", "rating": 1961, "seed": "sodium,772a7887026d8123596ad964a29557a9"}, {"name": "Sebman", "avatar": "palmer", "rating": 2000, "seed": "sodium,0ff49ef8196de71f1bf79b2fb00095a2"}], "teams_full": [{"Ditto": {"name": "Ditto", "species": "Ditto", "speciesId": "ditto", "gender": "N", "shiny": false, "level": 87, "moves": ["transform"], "ability": "Imposter", "evs": {"hp": 85, "atk": 85, "def": 85, "spa": 85, "spd": 85, "spe": 85}, "ivs": {"hp": 31, "atk": 31, "def": 31, "spa": 31, "spd": 31, "spe": 31}, "item": "Choice Scarf", "teraType": "Ghost", "role": "Fast Support", "bvs": {"hp": 48, "atk": 48, "def": 48, "spa": 48, "spd": 48, "spe": 48}, "stats": {"hp": 225, "atk": 133, "def": 133, "spa": 133, "spd": 133, "spe": 133}, "types": ["Normal"]}, "Abomasnow": {"name": "Abomasnow", "species": "Abomasnow", "speciesId": "abomasnow", "gender": "F", "shiny": false, "level": 84, "moves": ["woodhammer", "auroraveil", "blizzard", "earthquake"], "ability": "Snow Warning", "evs": {"hp": 77, "atk": 85, "def": 85, "spa": 85, "spd": 85, "spe": 85}, "ivs": {"hp": 31, "atk": 31, "def": 31, "spa": 31, "spd": 31, "spe": 31}, "item": "Light Clay", "teraType": "Water", "role": "Bulky Support", "bvs": {"hp": 90, "atk": 92, "def": 75, "spa": 92, "spd": 85, "spe": 60}, "stats": {"hp": 287, "atk": 203, "def": 174, "spa": 203, "spd": 191, "spe": 149}, "types": ["Grass", "Ice"]}, "Salamence": {"name": "Salamence", "species": "Salamence", "speciesId": "salamence", "gender": "M", "shiny": false, "level": 77, "moves": ["dragondance", "earthquake", "outrage", "dualwingbeat"], "ability": "Intimidate", "evs": {"hp": 85, "atk": 85, "def": 85, "spa": 85, "spd": 85, "spe": 85}, "ivs": {"hp": 31, "atk": 31, "def": 31, "spa": 31, "spd": 31, "spe": 31}, "item": "Heavy-Duty Boots", "teraType": "Dragon", "role": "Setup Sweeper", "bvs": {"hp": 95, "atk": 135, "def": 80, "spa": 110, "spd": 80, "spe": 100}, "stats": {"hp": 273, "atk": 252, "def": 168, "spa": 214, "spd": 168, "spe": 199}, "types": ["Dragon", "Flying"]}, "Scream Tail": {"name": "Scream Tail", "species": "Scream Tail", "speciesId": "screamtail", "gender": "N", "shiny": false, "level": 84, "moves": ["wish", "protect", "encore", "dazzlinggleam"], "ability": "Protosynthesis", "evs": {"hp": 85, "atk": 0, "def": 85, "spa": 85, "spd": 85, "spe": 85}, "ivs": {"hp": 31, "atk": 0, "def": 31, "spa": 31, "spd": 31, "spe": 31}, "item": "Leftovers", "teraType": "Steel", "role": "Bulky Attacker", "bvs": {"hp": 115, "atk": 65, "def": 99, "spa": 65, "spd": 115, "spe": 111}, "stats": {"hp": 330, "atk": 114, "def": 215, "spa": 157, "spd": 241, "spe": 235}, "types": ["Fairy", "Psychic"]}, "Typhlosion": {"name": "Typhlosion", "species": "Typhlosion-Hisui", "speciesId": "typhlosionhisui", "gender": "F", "shiny": false, "level": 83, "moves": ["focusblast", "eruption", "shadowball", "fireblast"], "ability": "Blaze", "evs": {"hp": 85, "atk": 0, "def": 85, "spa": 85, "spd": 85, "spe": 85}, "ivs": {"hp": 31, "atk": 0, "def": 31, "spa": 31, "spd": 31, "spe": 31}, "item": "Choice Specs", "teraType": "Fire", "role": "Fast Attacker", "bvs": {"hp": 73, "atk": 84, "def": 78, "spa": 119, "spd": 85, "spe": 95}, "stats": {"hp": 257, "atk": 144, "def": 177, "spa": 245, "spd": 189, "spe": 205}, "types": ["Fire", "Ghost"]}, "Bellibolt": {"name": "Bellibolt", "species": "Bellibolt", "speciesId": "bellibolt", "gender": "M", "shiny": false, "level": 84, "moves": ["voltswitch", "slackoff", "thunderbolt", "muddywater"], "ability": "Electromorphosis", "evs": {"hp": 85, "atk": 0, "def": 85, "spa": 85, "spd": 85, "spe": 85}, "ivs": {"hp": 31, "atk": 0, "def": 31, "spa": 31, "spd": 31, "spe": 31}, "item": "Leftovers", "teraType": "Electric", "role": "Bulky Attacker", "bvs": {"hp": 109, "atk": 64, "def": 91, "spa": 103, "spd": 83, "spe": 45}, "stats": {"hp": 320, "atk": 112, "def": 201, "spa": 221, "spd": 188, "spe": 124}, "types": ["Electric"]}}, {"Kingambit": {"name": "Kingambit", "species": "Kingambit", "speciesId": "kingambit", "gender": "F", "shiny": false, "level": 74, "moves": ["suckerpunch", "swordsdance", "kowtowcleave", "ironhead"], "ability": "Supreme Overlord", "evs": {"hp": 85, "atk": 85, "def": 85, "spa": 85, "spd": 85, "spe": 85}, "ivs": {"hp": 31, "atk": 31, "def": 31, "spa": 31, "spd": 31, "spe": 31}, "item": "Leftovers", "teraType": "Dark", "role": "Bulky Attacker", "bvs": {"hp": 100, "atk": 135, "def": 120, "spa": 60, "spd": 85, "spe": 50}, "stats": {"hp": 270, "atk": 243, "def": 221, "spa": 132, "spd": 169, "spe": 117}, "types": ["Dark", "Steel"]}, "Exeggutor": {"name": "Exeggutor", "species": "Exeggutor", "speciesId": "exeggutor", "gender": "F", "shiny": false, "level": 89, "moves": ["leechseed", "psychic", "substitute", "sleeppowder"], "ability": "Harvest", "evs": {"hp": 77, "atk": 0, "def": 85, "spa": 85, "spd": 85, "spe": 85}, "ivs": {"hp": 31, "atk": 0, "def": 31, "spa": 31, "spd": 31, "spe": 31}, "item": "Sitrus Berry", "teraType": "Steel", "role": "Bulky Support", "bvs": {"hp": 95, "atk": 95, "def": 85, "spa": 125, "spd": 75, "spe": 55}, "stats": {"hp": 312, "atk": 174, "def": 202, "spa": 273, "spd": 184, "spe": 149}, "types": ["Grass", "Psychic"]}, "Electivire": {"name": "Electivire", "species": "Electivire", "speciesId": "electivire", "gender": "M", "shiny": false, "level": 84, "moves": ["knockoff", "flamethrower", "supercellslam", "earthquake"], "ability": "Motor Drive", "evs": {"hp": 85, "atk": 85, "def": 85, "spa": 85, "spd": 85, "spe": 85}, "ivs": {"hp": 31, "atk": 31, "def": 31, "spa": 31, "spd": 31, "spe": 31}, "item": "Life Orb", "teraType": "Dark", "role": "Fast Attacker", "bvs": {"hp": 75, "atk": 123, "def": 67, "spa": 95, "spd": 85, "spe": 95}, "stats": {"hp": 263, "atk": 255, "def": 161, "spa": 208, "spd": 191, "spe": 208}, "types": ["Electric"]}, "Orthworm": {"name": "Orthworm", "species": "Orthworm", "speciesId": "orthworm", "gender": "M", "shiny": false, "level": 88, "moves": ["coil", "bodypress", "rest", "irontail"], "ability": "Earth Eater", "evs": {"hp": 85, "atk": 85, "def": 85, "spa": 85, "spd": 85, "spe": 85}, "ivs": {"hp": 31, "atk": 31, "def": 31, "spa": 31, "spd": 31, "spe": 31}, "item": "Chesto Berry", "teraType": "Fighting", "role": "Bulky Setup", "bvs": {"hp": 70, "atk": 85, "def": 145, "spa": 60, "spd": 55, "spe": 65}, "stats": {"hp": 266, "atk": 200, "def": 305, "spa": 156, "spd": 147, "spe": 165}, "types": ["Steel"]}, "Quaquaval": {"name": "Quaquaval", "species": "Quaquaval", "speciesId": "quaquaval", "gender": "F", "shiny": false, "level": 79, "moves": ["tripleaxel", "aquastep", "closecombat", "swordsdance"], "ability": "Moxie", "evs": {"hp": 85, "atk": 85, "def": 85, "spa": 85, "spd": 85, "spe": 85}, "ivs": {"hp": 31, "atk": 31, "def": 31, "spa": 31, "spd": 31, "spe": 31}, "item": "Life Orb", "teraType": "Water", "role": "Setup Sweeper", "bvs": {"hp": 85, "atk": 120, "def": 80, "spa": 85, "spd": 75, "spe": 85}, "stats": {"hp": 264, "atk": 235, "def": 172, "spa": 180, "spd": 164, "spe": 180}, "types": ["Water", "Fighting"]}, "Inteleon": {"name": "Inteleon", "species": "Inteleon", "speciesId": "inteleon", "gender": "F", "shiny": false, "level": 81, "moves": ["hydropump", "icebeam", "uturn", "scald"], "ability": "Torrent", "evs": {"hp": 85, "atk": 85, "def": 85, "spa": 85, "spd": 85, "spe": 85}, "ivs": {"hp": 31, "atk": 31, "def": 31, "spa": 31, "spd": 31, "spe": 31}, "item": "Choice Specs", "teraType": "Water", "role": "Wallbreaker", "bvs": {"hp": 70, "atk": 85, "def": 65, "spa": 125, "spd": 65, "spe": 120}, "stats": {"hp": 246, "atk": 184, "def": 152, "spa": 249, "spd": 152, "spe": 241}, "types": ["Water"]}}]}