{"id": "gen9randombattle-2641181138", "format": "[Gen 9] Random Battle", "players": ["get red-y", "Bleach Your Soul"], "log": "|j|\u2606get red-y\n|j|\u2606Bleach Your Soul\n|t:|1782750470\n|gametype|singles\n|player|p1|get red-y|red-gen1|1351\n|player|p2|Bleach Your Soul|102|1364\n|gen|9\n|tier|[Gen 9] Random Battle\n|rated|\n|rule|Species Clause: Limit one of each Pok\u00e9mon\n|rule|HP Percentage Mod: HP is shown in percentages\n|rule|Sleep Clause Mod: Limit one foe put to sleep\n|rule|Illusion Level Mod: Illusion disguises the Pok\u00e9mon's true level\n|\n|t:|1782750470\n|teamsize|p1|6\n|teamsize|p2|6\n|start\n|switch|p1a: Gogoat|Gogoat, L88, F|360/360\n|switch|p2a: Skarmory|Skarmory, L80, M|235/235\n|turn|1\n|j| Lady Berenice\n|\n|t:|1782750491\n|switch|p1a: Dragapult|Dragapult, L77, M|262/262\n|move|p2a: Skarmory|Stealth Rock|p1a: Dragapult\n|-sidestart|p1: get red-y|move: Stealth Rock\n|\n|upkeep\n|turn|2\n|l| Lady Berenice\n|\n|t:|1782750502\n|switch|p2a: Alcremie|Alcremie-Caramel-Swirl, L90, F|263/263\n|move|p1a: Dragapult|Fire Blast|p2a: Alcremie|[miss]\n|-miss|p1a: Dragapult|p2a: Alcremie\n|\n|upkeep\n|turn|3\n|\n|t:|1782750515\n|move|p1a: Dragapult|Fire Blast|p2a: Alcremie\n|-damage|p2a: Alcremie|186/263\n|move|p2a: Alcremie|Alluring Voice|p1a: Dragapult\n|-supereffective|p1a: Dragapult\n|-damage|p1a: Dragapult|0 fnt\n|faint|p1a: Dragapult\n|\n|-heal|p2a: Alcremie|202/263|[from] item: Leftovers\n|upkeep\n|\n|t:|1782750529\n|switch|p1a: Florges|Florges-White, L85, F|271/271\n|-damage|p1a: Florges|238/271|[from] Stealth Rock\n|turn|4\n|\n|t:|1782750541\n|move|p1a: Florges|Calm Mind|p1a: Florges\n|-boost|p1a: Florges|spa|1\n|-boost|p1a: Florges|spd|1\n|move|p2a: Alcremie|Alluring Voice|p1a: Florges\n|-crit|p1a: Florges\n|-damage|p1a: Florges|132/271\n|-start|p1a: Florges|confusion\n|\n|-heal|p1a: Florges|148/271|[from] item: Leftovers\n|-heal|p2a: Alcremie|218/263|[from] item: Leftovers\n|upkeep\n|turn|5\n|\n|t:|1782750551\n|switch|p2a: Iron Treads|Iron Treads, L77|265/265\n|-activate|p1a: Florges|confusion\n|-damage|p1a: Florges|129/271|[from] confusion\n|\n|-heal|p1a: Florges|145/271|[from] item: Leftovers\n|upkeep\n|turn|6\n|\n|t:|1782750560\n|move|p2a: Iron Treads|Iron Head|p1a: Florges\n|-supereffective|p1a: Florges\n|-damage|p1a: Florges|0 fnt\n|faint|p1a: Florges\n|\n|upkeep\n|\n|t:|1782750568\n|switch|p1a: Walking Wake|Walking Wake, L79|286/286\n|-damage|p1a: Walking Wake|251/286|[from] Stealth Rock\n|turn|7\n|\n|t:|1782750575\n|-end|p2a: Iron Treads|Quark Drive|[silent]\n|switch|p2a: Ogerpon|Ogerpon-Wellspring, L76, F|247/247\n|move|p1a: Walking Wake|Sunny Day|p1a: Walking Wake\n|-weather|SunnyDay\n|-activate|p1a: Walking Wake|ability: Protosynthesis\n|-start|p1a: Walking Wake|protosynthesisspa\n|\n|-weather|SunnyDay|[upkeep]\n|upkeep\n|turn|8\n|\n|t:|1782750589\n|move|p1a: Walking Wake|Draco Meteor|p2a: Ogerpon\n|-damage|p2a: Ogerpon|0 fnt\n|-unboost|p1a: Walking Wake|spa|2\n|faint|p2a: Ogerpon\n|-damage|p1a: Walking Wake|223/286|[from] item: Life Orb\n|\n|-weather|SunnyDay|[upkeep]\n|upkeep\n|\n|t:|1782750609\n|switch|p2a: Iron Treads|Iron Treads, L77|265/265\n|turn|9\n|\n|t:|1782750616\n|move|p1a: Walking Wake|Hydro Steam|p2a: Iron Treads\n|-supereffective|p2a: Iron Treads\n|-damage|p2a: Iron Treads|47/265\n|-damage|p1a: Walking Wake|195/286|[from] item: Life Orb\n|move|p2a: Iron Treads|Earthquake|p1a: Walking Wake\n|-damage|p1a: Walking Wake|86/286\n|\n|-weather|SunnyDay|[upkeep]\n|upkeep\n|turn|10\n|\n|t:|1782750630\n|-end|p2a: Iron Treads|Quark Drive|[silent]\n|switch|p2a: Alcremie|Alcremie-Caramel-Swirl, L90, F|218/263\n|move|p1a: Walking Wake|Flamethrower|p2a: Alcremie\n|-damage|p2a: Alcremie|152/263\n|-damage|p1a: Walking Wake|58/286|[from] item: Life Orb\n|\n|-weather|SunnyDay|[upkeep]\n|-heal|p2a: Alcremie|168/263|[from] item: Leftovers\n|upkeep\n|turn|11\n|\n|t:|1782750640\n|move|p1a: Walking Wake|Hydro Steam|p2a: Alcremie\n|-damage|p2a: Alcremie|81/263\n|-damage|p1a: Walking Wake|30/286|[from] item: Life Orb\n|move|p2a: Alcremie|Recover|p2a: Alcremie\n|-heal|p2a: Alcremie|213/263\n|\n|-weather|none\n|-end|p1a: Walking Wake|Protosynthesis\n|-heal|p2a: Alcremie|229/263|[from] item: Leftovers\n|upkeep\n|turn|12\n|\n|t:|1782750650\n|move|p1a: Walking Wake|Hydro Steam|p2a: Alcremie\n|-damage|p2a: Alcremie|189/263\n|-damage|p1a: Walking Wake|2/286|[from] item: Life Orb\n|move|p2a: Alcremie|Alluring Voice|p1a: Walking Wake\n|-supereffective|p1a: Walking Wake\n|-damage|p1a: Walking Wake|0 fnt\n|faint|p1a: Walking Wake\n|-end|p1a: Walking Wake|Protosynthesis|[silent]\n|\n|-heal|p2a: Alcremie|205/263|[from] item: Leftovers\n|upkeep\n|\n|t:|1782750664\n|switch|p1a: Gogoat|Gogoat, L88, F|360/360\n|-damage|p1a: Gogoat|315/360|[from] Stealth Rock\n|turn|13\n|\n|t:|1782750671\n|switch|p2a: Skarmory|Skarmory, L80, M|235/235\n|move|p1a: Gogoat|Bulk Up|p1a: Gogoat\n|-boost|p1a: Gogoat|atk|1\n|-boost|p1a: Gogoat|def|1\n|\n|-heal|p1a: Gogoat|337/360|[from] item: Leftovers\n|upkeep\n|turn|14\n|\n|t:|1782750679\n|move|p1a: Gogoat|Bulk Up|p1a: Gogoat\n|-boost|p1a: Gogoat|atk|1\n|-boost|p1a: Gogoat|def|1\n|move|p2a: Skarmory|Brave Bird|p1a: Gogoat\n|-supereffective|p1a: Gogoat\n|-damage|p1a: Gogoat|209/360\n|-damage|p2a: Skarmory|193/235|[from] Recoil\n|\n|-heal|p1a: Gogoat|231/360|[from] item: Leftovers\n|-heal|p2a: Skarmory|207/235|[from] item: Leftovers\n|upkeep\n|turn|15\n|\n|t:|1782750689\n|move|p1a: Gogoat|Horn Leech|p2a: Skarmory\n|-resisted|p2a: Skarmory\n|-damage|p2a: Skarmory|177/235\n|-heal|p1a: Gogoat|246/360|[from] drain|[of] p2a: Skarmory\n|move|p2a: Skarmory|Brave Bird|p1a: Gogoat\n|-supereffective|p1a: Gogoat\n|-damage|p1a: Gogoat|120/360\n|-damage|p2a: Skarmory|135/235|[from] Recoil\n|\n|-heal|p1a: Gogoat|142/360|[from] item: Leftovers\n|-heal|p2a: Skarmory|149/235|[from] item: Leftovers\n|upkeep\n|turn|16\n|\n|t:|1782750699\n|move|p1a: Gogoat|Horn Leech|p2a: Skarmory\n|-resisted|p2a: Skarmory\n|-damage|p2a: Skarmory|118/235\n|-heal|p1a: Gogoat|158/360|[from] drain|[of] p2a: Skarmory\n|move|p2a: Skarmory|Brave Bird|p1a: Gogoat\n|-supereffective|p1a: Gogoat\n|-damage|p1a: Gogoat|42/360\n|-damage|p2a: Skarmory|80/235|[from] Recoil\n|\n|-heal|p1a: Gogoat|64/360|[from] item: Leftovers\n|-heal|p2a: Skarmory|94/235|[from] item: Leftovers\n|upkeep\n|turn|17\n|\n|t:|1782750709\n|move|p1a: Gogoat|Horn Leech|p2a: Skarmory\n|-resisted|p2a: Skarmory\n|-damage|p2a: Skarmory|63/235\n|-heal|p1a: Gogoat|80/360|[from] drain|[of] p2a: Skarmory\n|move|p2a: Skarmory|Brave Bird|p1a: Gogoat\n|-supereffective|p1a: Gogoat\n|-damage|p1a: Gogoat|0 fnt\n|faint|p1a: Gogoat\n|-damage|p2a: Skarmory|37/235|[from] Recoil\n|\n|-heal|p2a: Skarmory|51/235|[from] item: Leftovers\n|upkeep\n|\n|t:|1782750720\n|switch|p1a: Passimian|Passimian, L83, F|302/302\n|-damage|p1a: Passimian|284/302|[from] Stealth Rock\n|turn|18\n|\n|t:|1782750734\n|switch|p2a: Iron Treads|Iron Treads, L77|47/265\n|move|p1a: Passimian|Knock Off|p2a: Iron Treads\n|-damage|p2a: Iron Treads|0 fnt\n|-enditem|p2a: Iron Treads|Assault Vest|[from] move: Knock Off|[of] p1a: Passimian\n|faint|p2a: Iron Treads\n|-end|p2a: Iron Treads|Quark Drive|[silent]\n|\n|upkeep\n|\n|t:|1782750745\n|switch|p2a: Emboar|Emboar, L84, F|322/322\n|turn|19\n|\n|t:|1782750754\n|move|p1a: Passimian|Knock Off|p2a: Emboar\n|-resisted|p2a: Emboar\n|-damage|p2a: Emboar|254/322\n|-enditem|p2a: Emboar|Choice Band|[from] move: Knock Off|[of] p1a: Passimian\n|move|p2a: Emboar|Flare Blitz|p1a: Passimian\n|-damage|p1a: Passimian|92/302\n|-damage|p2a: Emboar|191/322|[from] Recoil\n|\n|upkeep\n|turn|20\n|\n|t:|1782750765\n|move|p1a: Passimian|Knock Off|p2a: Emboar\n|-resisted|p2a: Emboar\n|-damage|p2a: Emboar|143/322\n|move|p2a: Emboar|Flare Blitz|p1a: Passimian\n|-damage|p1a: Passimian|0 fnt\n|faint|p1a: Passimian\n|-damage|p2a: Emboar|113/322|[from] Recoil\n|\n|upkeep\n|\n|t:|1782750769\n|switch|p1a: Ariados|Ariados, L95, M|287/287\n|turn|21\n|inactive|Battle timer is ON: inactive players will automatically lose when time's up. (requested by get red-y)\n|\n|t:|1782750781\n|-terastallize|p1a: Ariados|Ghost\n|move|p2a: Emboar|Flare Blitz|p1a: Ariados\n|-damage|p1a: Ariados|103/287\n|-damage|p2a: Emboar|52/322|[from] Recoil\n|move|p1a: Ariados|Poison Jab|p2a: Emboar\n|-crit|p2a: Emboar\n|-damage|p2a: Emboar|0 fnt\n|faint|p2a: Emboar\n|\n|upkeep\n|\n|t:|1782750790\n|switch|p2a: Skarmory|Skarmory, L80, M|51/235\n|turn|22\n|\n|t:|1782750797\n|move|p2a: Skarmory|Roost|p2a: Skarmory\n|-heal|p2a: Skarmory|169/235\n|-singleturn|p2a: Skarmory|move: Roost\n|move|p1a: Ariados|Megahorn|p2a: Skarmory\n|-resisted|p2a: Skarmory\n|-damage|p2a: Skarmory|111/235\n|\n|-heal|p2a: Skarmory|125/235|[from] item: Leftovers\n|upkeep\n|turn|23\n|\n|t:|1782750807\n|move|p2a: Skarmory|Roost|p2a: Skarmory\n|-heal|p2a: Skarmory|235/235\n|-singleturn|p2a: Skarmory|move: Roost\n|move|p1a: Ariados|Megahorn|p2a: Skarmory\n|-resisted|p2a: Skarmory\n|-damage|p2a: Skarmory|178/235\n|\n|-heal|p2a: Skarmory|192/235|[from] item: Leftovers\n|upkeep\n|turn|24\n|\n|t:|1782750818\n|move|p2a: Skarmory|Body Press|p1a: Ariados\n|-immune|p1a: Ariados\n|move|p1a: Ariados|Megahorn|p2a: Skarmory\n|-resisted|p2a: Skarmory\n|-damage|p2a: Skarmory|166/235\n|\n|-heal|p2a: Skarmory|180/235|[from] item: Leftovers\n|upkeep\n|turn|25\n|\n|t:|1782750827\n|move|p2a: Skarmory|Body Press|p1a: Ariados\n|-immune|p1a: Ariados\n|move|p1a: Ariados|Megahorn|p2a: Skarmory\n|-resisted|p2a: Skarmory\n|-damage|p2a: Skarmory|154/235\n|\n|-heal|p2a: Skarmory|168/235|[from] item: Leftovers\n|upkeep\n|turn|26\n|\n|t:|1782750834\n|move|p2a: Skarmory|Body Press|p1a: Ariados\n|-immune|p1a: Ariados\n|move|p1a: Ariados|Megahorn|p2a: Skarmory|[miss]\n|-miss|p1a: Ariados|p2a: Skarmory\n|\n|-heal|p2a: Skarmory|182/235|[from] item: Leftovers\n|upkeep\n|turn|27\n|\n|t:|1782750836\n|move|p2a: Skarmory|Body Press|p1a: Ariados\n|-immune|p1a: Ariados\n|move|p1a: Ariados|Megahorn|p2a: Skarmory\n|-resisted|p2a: Skarmory\n|-damage|p2a: Skarmory|152/235\n|\n|-heal|p2a: Skarmory|166/235|[from] item: Leftovers\n|upkeep\n|turn|28\n|\n|t:|1782750838\n|move|p2a: Skarmory|Body Press|p1a: Ariados\n|-immune|p1a: Ariados\n|move|p1a: Ariados|Megahorn|p2a: Skarmory|[miss]\n|-miss|p1a: Ariados|p2a: Skarmory\n|\n|-heal|p2a: Skarmory|180/235|[from] item: Leftovers\n|upkeep\n|turn|29\n|\n|t:|1782750839\n|move|p2a: Skarmory|Body Press|p1a: Ariados\n|-immune|p1a: Ariados\n|move|p1a: Ariados|Megahorn|p2a: Skarmory\n|-resisted|p2a: Skarmory\n|-damage|p2a: Skarmory|151/235\n|\n|-heal|p2a: Skarmory|165/235|[from] item: Leftovers\n|upkeep\n|turn|30\n|\n|t:|1782750842\n|move|p2a: Skarmory|Body Press|p1a: Ariados\n|-immune|p1a: Ariados\n|move|p1a: Ariados|Megahorn|p2a: Skarmory\n|-resisted|p2a: Skarmory\n|-damage|p2a: Skarmory|135/235\n|\n|-heal|p2a: Skarmory|149/235|[from] item: Leftovers\n|upkeep\n|turn|31\n|\n|t:|1782750847\n|move|p2a: Skarmory|Body Press|p1a: Ariados\n|-immune|p1a: Ariados\n|move|p1a: Ariados|Megahorn|p2a: Skarmory\n|-resisted|p2a: Skarmory\n|-damage|p2a: Skarmory|121/235\n|\n|-heal|p2a: Skarmory|135/235|[from] item: Leftovers\n|upkeep\n|turn|32\n|\n|t:|1782750848\n|move|p2a: Skarmory|Body Press|p1a: Ariados\n|-immune|p1a: Ariados\n|move|p1a: Ariados|Sticky Web|p2a: Skarmory\n|-sidestart|p2: Bleach Your Soul|move: Sticky Web\n|\n|-heal|p2a: Skarmory|149/235|[from] item: Leftovers\n|upkeep\n|turn|33\n|\n|t:|1782750850\n|move|p2a: Skarmory|Body Press|p1a: Ariados\n|-immune|p1a: Ariados\n|move|p1a: Ariados|Sticky Web||[still]\n|-fail|p1a: Ariados\n|\n|-heal|p2a: Skarmory|163/235|[from] item: Leftovers\n|upkeep\n|turn|34\n|\n|t:|1782750853\n|move|p2a: Skarmory|Body Press|p1a: Ariados\n|-immune|p1a: Ariados\n|move|p1a: Ariados|Sticky Web||[still]\n|-fail|p1a: Ariados\n|\n|-heal|p2a: Skarmory|177/235|[from] item: Leftovers\n|upkeep\n|turn|35\n|\n|t:|1782750854\n|move|p2a: Skarmory|Body Press|p1a: Ariados\n|-immune|p1a: Ariados\n|move|p1a: Ariados|Sticky Web||[still]\n|-fail|p1a: Ariados\n|\n|-heal|p2a: Skarmory|191/235|[from] item: Leftovers\n|upkeep\n|turn|36\n|\n|t:|1782750856\n|move|p2a: Skarmory|Body Press|p1a: Ariados\n|-immune|p1a: Ariados\n|move|p1a: Ariados|Sticky Web||[still]\n|-fail|p1a: Ariados\n|\n|-heal|p2a: Skarmory|205/235|[from] item: Leftovers\n|upkeep\n|turn|37\n|\n|t:|1782750860\n|move|p2a: Skarmory|Stealth Rock||[still]\n|-fail|p2a: Skarmory\n|move|p1a: Ariados|Sticky Web||[still]\n|-fail|p1a: Ariados\n|\n|-heal|p2a: Skarmory|219/235|[from] item: Leftovers\n|upkeep\n|turn|38\n|\n|t:|1782750862\n|move|p2a: Skarmory|Stealth Rock||[still]\n|-fail|p2a: Skarmory\n|move|p1a: Ariados|Sticky Web||[still]\n|-fail|p1a: Ariados\n|\n|-heal|p2a: Skarmory|233/235|[from] item: Leftovers\n|upkeep\n|turn|39\n|\n|t:|1782750864\n|move|p2a: Skarmory|Stealth Rock||[still]\n|-fail|p2a: Skarmory\n|move|p1a: Ariados|Sticky Web||[still]\n|-fail|p1a: Ariados\n|\n|-heal|p2a: Skarmory|235/235|[from] item: Leftovers\n|upkeep\n|turn|40\n|\n|t:|1782750866\n|move|p2a: Skarmory|Stealth Rock||[still]\n|-fail|p2a: Skarmory\n|move|p1a: Ariados|Sticky Web||[still]\n|-fail|p1a: Ariados\n|\n|upkeep\n|turn|41\n|\n|t:|1782750868\n|move|p2a: Skarmory|Stealth Rock||[still]\n|-fail|p2a: Skarmory\n|move|p1a: Ariados|Sticky Web||[still]\n|-fail|p1a: Ariados\n|\n|upkeep\n|turn|42\n|\n|t:|1782750870\n|move|p2a: Skarmory|Stealth Rock||[still]\n|-fail|p2a: Skarmory\n|move|p1a: Ariados|Sticky Web||[still]\n|-fail|p1a: Ariados\n|\n|upkeep\n|turn|43\n|\n|t:|1782750872\n|move|p2a: Skarmory|Stealth Rock||[still]\n|-fail|p2a: Skarmory\n|move|p1a: Ariados|Sticky Web||[still]\n|-fail|p1a: Ariados\n|\n|upkeep\n|turn|44\n|\n|t:|1782750873\n|move|p2a: Skarmory|Stealth Rock||[still]\n|-fail|p2a: Skarmory\n|move|p1a: Ariados|Sticky Web||[still]\n|-fail|p1a: Ariados\n|\n|upkeep\n|turn|45\n|\n|t:|1782750874\n|move|p2a: Skarmory|Stealth Rock||[still]\n|-fail|p2a: Skarmory\n|move|p1a: Ariados|Sticky Web||[still]\n|-fail|p1a: Ariados\n|\n|upkeep\n|turn|46\n|\n|t:|1782750875\n|move|p2a: Skarmory|Stealth Rock||[still]\n|-fail|p2a: Skarmory\n|move|p1a: Ariados|Sticky Web||[still]\n|-fail|p1a: Ariados\n|\n|upkeep\n|turn|47\n|\n|t:|1782750877\n|move|p2a: Skarmory|Stealth Rock||[still]\n|-fail|p2a: Skarmory\n|move|p1a: Ariados|Sticky Web||[still]\n|-fail|p1a: Ariados\n|\n|upkeep\n|turn|48\n|\n|t:|1782750878\n|move|p2a: Skarmory|Stealth Rock||[still]\n|-fail|p2a: Skarmory\n|move|p1a: Ariados|Sticky Web||[still]\n|-fail|p1a: Ariados\n|\n|upkeep\n|turn|49\n|\n|t:|1782750879\n|move|p2a: Skarmory|Stealth Rock||[still]\n|-fail|p2a: Skarmory\n|move|p1a: Ariados|Sticky Web||[still]\n|-fail|p1a: Ariados\n|\n|upkeep\n|turn|50\n|\n|t:|1782750880\n|move|p2a: Skarmory|Stealth Rock||[still]\n|-fail|p2a: Skarmory\n|move|p1a: Ariados|Sticky Web||[still]\n|-fail|p1a: Ariados\n|\n|upkeep\n|turn|51\n|\n|t:|1782750881\n|move|p2a: Skarmory|Stealth Rock||[still]\n|-fail|p2a: Skarmory\n|move|p1a: Ariados|Sticky Web||[still]\n|-fail|p1a: Ariados\n|\n|upkeep\n|turn|52\n|\n|t:|1782750882\n|move|p2a: Skarmory|Stealth Rock||[still]\n|-fail|p2a: Skarmory\n|move|p1a: Ariados|Sticky Web||[still]\n|-fail|p1a: Ariados\n|\n|upkeep\n|turn|53\n|\n|t:|1782750883\n|move|p2a: Skarmory|Stealth Rock||[still]\n|-fail|p2a: Skarmory\n|move|p1a: Ariados|Sticky Web||[still]\n|-fail|p1a: Ariados\n|\n|upkeep\n|turn|54\n|\n|t:|1782750884\n|move|p2a: Skarmory|Stealth Rock||[still]\n|-fail|p2a: Skarmory\n|move|p1a: Ariados|Sticky Web||[still]\n|-fail|p1a: Ariados\n|\n|upkeep\n|turn|55\n|\n|t:|1782750885\n|move|p2a: Skarmory|Stealth Rock||[still]\n|-fail|p2a: Skarmory\n|move|p1a: Ariados|Sticky Web||[still]\n|-fail|p1a: Ariados\n|\n|upkeep\n|turn|56\n|\n|t:|1782750886\n|move|p2a: Skarmory|Stealth Rock||[still]\n|-fail|p2a: Skarmory\n|move|p1a: Ariados|Sticky Web||[still]\n|-fail|p1a: Ariados\n|\n|upkeep\n|turn|57\n|\n|t:|1782750887\n|move|p2a: Skarmory|Stealth Rock||[still]\n|-fail|p2a: Skarmory\n|move|p1a: Ariados|Sticky Web||[still]\n|-fail|p1a: Ariados\n|\n|upkeep\n|turn|58\n|\n|t:|1782750888\n|move|p2a: Skarmory|Stealth Rock||[still]\n|-fail|p2a: Skarmory\n|move|p1a: Ariados|Sticky Web||[still]\n|-fail|p1a: Ariados\n|\n|upkeep\n|turn|59\n|\n|t:|1782750889\n|move|p2a: Skarmory|Stealth Rock||[still]\n|-fail|p2a: Skarmory\n|move|p1a: Ariados|Sticky Web||[still]\n|-fail|p1a: Ariados\n|\n|upkeep\n|turn|60\n|\n|t:|1782750895\n|move|p2a: Skarmory|Stealth Rock||[still]\n|-fail|p2a: Skarmory\n|move|p1a: Ariados|Sticky Web||[still]\n|-fail|p1a: Ariados\n|\n|upkeep\n|turn|61\n|\n|t:|1782750896\n|move|p2a: Skarmory|Stealth Rock||[still]\n|-fail|p2a: Skarmory\n|move|p1a: Ariados|Sticky Web||[still]\n|-fail|p1a: Ariados\n|\n|upkeep\n|turn|62\n|\n|t:|1782750897\n|move|p2a: Skarmory|Stealth Rock||[still]\n|-fail|p2a: Skarmory\n|move|p1a: Ariados|Sticky Web||[still]\n|-fail|p1a: Ariados\n|\n|upkeep\n|turn|63\n|\n|t:|1782750898\n|move|p2a: Skarmory|Stealth Rock||[still]\n|-fail|p2a: Skarmory\n|move|p1a: Ariados|Sticky Web||[still]\n|-fail|p1a: Ariados\n|\n|upkeep\n|turn|64\n|\n|t:|1782750899\n|move|p2a: Skarmory|Stealth Rock||[still]\n|-fail|p2a: Skarmory\n|move|p1a: Ariados|Poison Jab|p2a: Skarmory\n|-immune|p2a: Skarmory\n|\n|upkeep\n|turn|65\n|\n|t:|1782750901\n|move|p2a: Skarmory|Body Press|p1a: Ariados\n|-immune|p1a: Ariados\n|move|p1a: Ariados|Poison Jab|p2a: Skarmory\n|-immune|p2a: Skarmory\n|\n|upkeep\n|turn|66\n|\n|t:|1782750903\n|move|p2a: Skarmory|Stealth Rock||[still]\n|-fail|p2a: Skarmory\n|move|p1a: Ariados|Poison Jab|p2a: Skarmory\n|-immune|p2a: Skarmory\n|\n|upkeep\n|turn|67\n|\n|t:|1782750905\n|move|p2a: Skarmory|Body Press|p1a: Ariados\n|-immune|p1a: Ariados\n|move|p1a: Ariados|Poison Jab|p2a: Skarmory\n|-immune|p2a: Skarmory\n|\n|upkeep\n|turn|68\n|\n|t:|1782750912\n|move|p2a: Skarmory|Brave Bird|p1a: Ariados\n|-damage|p1a: Ariados|0 fnt\n|faint|p1a: Ariados\n|-damage|p2a: Skarmory|201/235|[from] Recoil\n|\n|win|Bleach Your Soul\n|raw|get red-y's rating: 1351 &rarr; <strong>1332</strong><br />(-19 for losing)\n|raw|Bleach Your Soul's rating: 1364 &rarr; <strong>1383</strong><br />(+19 for winning)\n|l|\u2606get red-y\n|player|p1|\n", "inputlog": ">version f8ac14003a5f27e1bdc8d8c59608a773c1cb96e5\n>start {\"formatid\":\"gen9randombattle\",\"seed\":\"sodium,3af8fe3712af9b222e723676e714ec38\",\"rated\":\"Rated battle\"}\n>player p1 {\"name\":\"get red-y\",\"avatar\":\"red-gen1\",\"rating\":1351,\"seed\":\"sodium,7e5aa61aafa1df2eb3afe3958a1d8b4d\"}\n>player p2 {\"name\":\"Bleach Your Soul\",\"avatar\":\"102\",\"rating\":1364,\"seed\":\"sodium,bb60854fdde0cc520d5cdaa719fccf3e\"}\n>p1 switch 4\n>p2 move stealthrock\n>p1 move fireblast\n>p2 switch 6\n>p1 move fireblast\n>p2 move alluringvoice\n>p1 switch 3\n>p1 move calmmind\n>p2 move alluringvoice\n>p1 move moonblast\n>p2 switch 4\n>p1 move moonblast\n>p2 move ironhead\n>p1 switch 5\n>p1 move sunnyday\n>p2 switch 3\n>p1 move dracometeor\n>p2 move synthesis\n>p2 switch 3\n>p1 move hydrosteam\n>p2 move earthquake\n>p1 move flamethrower\n>p2 switch 4\n>p1 move hydrosteam\n>p2 move recover\n>p1 move hydrosteam\n>p2 move alluringvoice\n>p1 switch 4\n>p1 move bulkup\n>p2 switch 6\n>p1 move bulkup\n>p2 move bravebird\n>p1 move hornleech\n>p2 move bravebird\n>p1 move hornleech\n>p2 move bravebird\n>p1 move hornleech\n>p2 move bravebird\n>p1 switch 6\n>p1 move knockoff\n>p2 switch 4\n>p2 switch 5\n>p1 move knockoff\n>p2 move flareblitz\n>p1 move knockoff\n>p2 move flareblitz\n>p1 switch 2\n>p1 move poisonjab terastallize\n>p2 move flareblitz\n>p2 switch 4\n>p1 move megahorn\n>p2 move roost\n>p1 move megahorn\n>p2 move roost\n>p1 move megahorn\n>p2 move bodypress\n>p1 move megahorn\n>p2 move bodypress\n>p1 move megahorn\n>p2 move bodypress\n>p1 move megahorn\n>p2 move bodypress\n>p1 move megahorn\n>p2 move bodypress\n>p1 move megahorn\n>p2 move bodypress\n>p1 move megahorn\n>p2 move bodypress\n>p1 move megahorn\n>p2 move bodypress\n>p1 move stickyweb\n>p2 move bodypress\n>p1 move stickyweb\n>p2 move bodypress\n>p1 move stickyweb\n>p2 move bodypress\n>p1 move stickyweb\n>p2 move bodypress\n>p1 move stickyweb\n>p2 move bodypress\n>p1 move stickyweb\n>p2 move stealthrock\n>p1 move stickyweb\n>p2 move stealthrock\n>p1 move stickyweb\n>p2 move stealthrock\n>p1 move stickyweb\n>p2 move stealthrock\n>p1 move stickyweb\n>p2 move stealthrock\n>p1 move stickyweb\n>p2 move stealthrock\n>p1 move stickyweb\n>p2 move stealthrock\n>p1 move stickyweb\n>p2 move stealthrock\n>p1 move stickyweb\n>p2 move stealthrock\n>p1 move stickyweb\n>p2 move stealthrock\n>p1 move stickyweb\n>p2 move stealthrock\n>p1 move stickyweb\n>p2 move stealthrock\n>p1 move stickyweb\n>p2 move stealthrock\n>p1 move stickyweb\n>p2 move stealthrock\n>p1 move stickyweb\n>p2 move stealthrock\n>p1 move stickyweb\n>p2 move stealthrock\n>p1 move stickyweb\n>p2 move stealthrock\n>p1 move stickyweb\n>p2 move stealthrock\n>p1 move stickyweb\n>p2 move stealthrock\n>p1 move stickyweb\n>p2 move stealthrock\n>p1 move stickyweb\n>p2 move stealthrock\n>p1 move stickyweb\n>p2 move stealthrock\n>p1 move stickyweb\n>p2 move stealthrock\n>p1 move stickyweb\n>p2 move stealthrock\n>p1 move stickyweb\n>p2 move stealthrock\n>p1 move stickyweb\n>p2 move stealthrock\n>p1 move stickyweb\n>p2 move stealthrock\n>p1 move poisonjab\n>p2 move stealthrock\n>p1 move poisonjab\n>p2 move bodypress\n>p1 move poisonjab\n>p2 move stealthrock\n>p1 move poisonjab\n>p2 move bodypress\n>p1 move poisonjab\n>p2 move bravebird", "uploadtime": 1782750915, "views": 4, "formatid": "gen9randombattle", "rating": 1332, "private": 0, "password": null, "player_dets": [{"name": "get red-y", "avatar": "red-gen1", "rating": 1351, "seed": "sodium,7e5aa61aafa1df2eb3afe3958a1d8b4d"}, {"name": "Bleach Your Soul", "avatar": "102", "rating": 1364, "seed": "sodium,bb60854fdde0cc520d5cdaa719fccf3e"}], "teams_full": [{"Gogoat": {"name": "Gogoat", "species": "Gogoat", "speciesId": "gogoat", "gender": "F", "shiny": false, "level": 88, "moves": ["milkdrink", "hornleech", "bulkup", "earthquake"], "ability": "Sap Sipper", "evs": {"hp": 85, "atk": 85, "def": 85, "spa": 85, "spd": 85, "spe": 85}, "ivs": {"hp": 31, "atk": 31, "def": 31, "spa": 31, "spd": 31, "spe": 31}, "item": "Leftovers", "teraType": "Water", "role": "Bulky Setup", "bvs": {"hp": 123, "atk": 100, "def": 62, "spa": 97, "spd": 81, "spe": 68}, "stats": {"hp": 360, "atk": 226, "def": 159, "spa": 221, "spd": 193, "spe": 170}, "types": ["Grass"]}, "Ariados": {"name": "Ariados", "species": "Ariados", "speciesId": "ariados", "gender": "M", "shiny": false, "level": 95, "moves": ["poisonjab", "stickyweb", "megahorn", "suckerpunch"], "ability": "Insomnia", "evs": {"hp": 85, "atk": 85, "def": 85, "spa": 85, "spd": 85, "spe": 85}, "ivs": {"hp": 31, "atk": 31, "def": 31, "spa": 31, "spd": 31, "spe": 31}, "item": "Heavy-Duty Boots", "teraType": "Ghost", "role": "Fast Support", "bvs": {"hp": 70, "atk": 90, "def": 70, "spa": 60, "spd": 70, "spe": 40}, "stats": {"hp": 287, "atk": 225, "def": 187, "spa": 168, "spd": 187, "spe": 130}, "types": ["Bug", "Poison"]}, "Florges": {"name": "Florges", "species": "Florges-White", "speciesId": "florges", "gender": "F", "shiny": false, "level": 85, "moves": ["protect", "wish", "moonblast", "calmmind"], "ability": "Flower Veil", "evs": {"hp": 85, "atk": 0, "def": 85, "spa": 85, "spd": 85, "spe": 85}, "ivs": {"hp": 31, "atk": 0, "def": 31, "spa": 31, "spd": 31, "spe": 31}, "item": "Leftovers", "teraType": "Steel", "role": "Bulky Setup", "bvs": {"hp": 78, "atk": 65, "def": 68, "spa": 112, "spd": 154, "spe": 75}, "stats": {"hp": 271, "atk": 115, "def": 164, "spa": 239, "spd": 311, "spe": 176}, "types": ["Fairy"]}, "Dragapult": {"name": "Dragapult", "species": "Dragapult", "speciesId": "dragapult", "gender": "M", "shiny": false, "level": 77, "moves": ["fireblast", "shadowball", "uturn", "dracometeor"], "ability": "Infiltrator", "evs": {"hp": 85, "atk": 85, "def": 85, "spa": 85, "spd": 85, "spe": 85}, "ivs": {"hp": 31, "atk": 31, "def": 31, "spa": 31, "spd": 31, "spe": 31}, "item": "Choice Specs", "teraType": "Ghost", "role": "Fast Attacker", "bvs": {"hp": 88, "atk": 120, "def": 75, "spa": 100, "spd": 75, "spe": 142}, "stats": {"hp": 262, "atk": 229, "def": 160, "spa": 199, "spd": 160, "spe": 263}, "types": ["Dragon", "Ghost"]}, "Walking Wake": {"name": "Walking Wake", "species": "Walking Wake", "speciesId": "walkingwake", "gender": "N", "shiny": false, "level": 79, "moves": ["hydrosteam", "sunnyday", "dracometeor", "flamethrower"], "ability": "Protosynthesis", "evs": {"hp": 85, "atk": 0, "def": 85, "spa": 85, "spd": 85, "spe": 85}, "ivs": {"hp": 31, "atk": 0, "def": 31, "spa": 31, "spd": 31, "spe": 31}, "item": "Life Orb", "teraType": "Fire", "role": "Fast Attacker", "bvs": {"hp": 99, "atk": 83, "def": 91, "spa": 125, "spd": 83, "spe": 109}, "stats": {"hp": 286, "atk": 136, "def": 189, "spa": 243, "spd": 177, "spe": 218}, "types": ["Water", "Dragon"]}, "Passimian": {"name": "Passimian", "species": "Passimian", "speciesId": "passimian", "gender": "F", "shiny": false, "level": 83, "moves": ["rockslide", "knockoff", "closecombat", "gunkshot"], "ability": "Defiant", "evs": {"hp": 85, "atk": 85, "def": 85, "spa": 85, "spd": 85, "spe": 85}, "ivs": {"hp": 31, "atk": 31, "def": 31, "spa": 31, "spd": 31, "spe": 31}, "item": "Choice Band", "teraType": "Poison", "role": "Fast Attacker", "bvs": {"hp": 100, "atk": 120, "def": 90, "spa": 40, "spd": 60, "spe": 80}, "stats": {"hp": 302, "atk": 247, "def": 197, "spa": 114, "spd": 147, "spe": 180}, "types": ["Fighting"]}}, {"Skarmory": {"name": "Skarmory", "species": "Skarmory", "speciesId": "skarmory", "gender": "M", "shiny": false, "level": 80, "moves": ["stealthrock", "bodypress", "roost", "bravebird"], "ability": "Sturdy", "evs": {"hp": 85, "atk": 85, "def": 85, "spa": 85, "spd": 85, "spe": 85}, "ivs": {"hp": 31, "atk": 31, "def": 31, "spa": 31, "spd": 31, "spe": 31}, "item": "Leftovers", "teraType": "Fighting", "role": "Bulky Attacker", "bvs": {"hp": 65, "atk": 80, "def": 140, "spa": 40, "spd": 70, "spe": 70}, "stats": {"hp": 235, "atk": 174, "def": 270, "spa": 110, "spd": 158, "spe": 158}, "types": ["Steel", "Flying"]}, "Avalugg": {"name": "Avalugg", "species": "Avalugg", "speciesId": "avalugg", "gender": "F", "shiny": false, "level": 88, "moves": ["avalanche", "recover", "rapidspin", "bodypress"], "ability": "Sturdy", "evs": {"hp": 85, "atk": 85, "def": 85, "spa": 85, "spd": 85, "spe": 85}, "ivs": {"hp": 31, "atk": 31, "def": 31, "spa": 31, "spd": 31, "spe": 31}, "item": "Heavy-Duty Boots", "teraType": "Fighting", "role": "Bulky Support", "bvs": {"hp": 95, "atk": 117, "def": 184, "spa": 44, "spd": 46, "spe": 28}, "stats": {"hp": 310, "atk": 256, "def": 374, "spa": 128, "spd": 131, "spe": 100}, "types": ["Ice"]}, "Ogerpon": {"name": "Ogerpon", "species": "Ogerpon-Wellspring", "speciesId": "ogerponwellspring", "gender": "F", "shiny": false, "level": 76, "moves": ["synthesis", "ivycudgel", "woodhammer", "spikes"], "ability": "Water Absorb", "evs": {"hp": 85, "atk": 85, "def": 85, "spa": 85, "spd": 85, "spe": 85}, "ivs": {"hp": 31, "atk": 31, "def": 31, "spa": 31, "spd": 31, "spe": 31}, "item": "Wellspring Mask", "teraType": "Water", "role": "Bulky Attacker", "bvs": {"hp": 80, "atk": 120, "def": 84, "spa": 60, "spd": 96, "spe": 110}, "stats": {"hp": 247, "atk": 226, "def": 172, "spa": 135, "spd": 190, "spe": 211}, "types": ["Grass", "Water"]}, "Iron Treads": {"name": "Iron Treads", "species": "Iron Treads", "speciesId": "irontreads", "gender": "N", "shiny": false, "level": 77, "moves": ["voltswitch", "earthquake", "ironhead", "knockoff"], "ability": "Quark Drive", "evs": {"hp": 85, "atk": 85, "def": 85, "spa": 85, "spd": 85, "spe": 85}, "ivs": {"hp": 31, "atk": 31, "def": 31, "spa": 31, "spd": 31, "spe": 31}, "item": "Assault Vest", "teraType": "Dragon", "role": "Bulky Support", "bvs": {"hp": 90, "atk": 112, "def": 120, "spa": 72, "spd": 70, "spe": 106}, "stats": {"hp": 265, "atk": 217, "def": 229, "spa": 155, "spd": 152, "spe": 208}, "types": ["Ground", "Steel"]}, "Emboar": {"name": "Emboar", "species": "Emboar", "speciesId": "emboar", "gender": "F", "shiny": false, "level": 84, "moves": ["wildcharge", "flareblitz", "headsmash", "closecombat"], "ability": "Reckless", "evs": {"hp": 85, "atk": 85, "def": 85, "spa": 85, "spd": 85, "spe": 85}, "ivs": {"hp": 31, "atk": 31, "def": 31, "spa": 31, "spd": 31, "spe": 31}, "item": "Choice Band", "teraType": "Fire", "role": "Fast Attacker", "bvs": {"hp": 110, "atk": 123, "def": 65, "spa": 100, "spd": 65, "spe": 65}, "stats": {"hp": 322, "atk": 255, "def": 157, "spa": 216, "spd": 157, "spe": 157}, "types": ["Fire", "Fighting"]}, "Alcremie": {"name": "Alcremie", "species": "Alcremie-Caramel-Swirl", "speciesId": "alcremie", "gender": "F", "shiny": false, "level": 90, "moves": ["terablast", "alluringvoice", "calmmind", "recover"], "ability": "Aroma Veil", "evs": {"hp": 85, "atk": 0, "def": 85, "spa": 85, "spd": 85, "spe": 85}, "ivs": {"hp": 31, "atk": 0, "def": 31, "spa": 31, "spd": 31, "spe": 31}, "item": "Leftovers", "teraType": "Ground", "role": "Tera Blast user", "bvs": {"hp": 65, "atk": 60, "def": 75, "spa": 110, "spd": 121, "spe": 64}, "stats": {"hp": 263, "atk": 113, "def": 186, "spa": 249, "spd": 269, "spe": 167}, "types": ["Fairy"]}}]}