{"id": "gen9randombattle-2641263607", "format": "[Gen 9] Random Battle", "players": ["Eu por ai", "crysisok"], "log": "|j|\u2606Eu por ai\n|j|\u2606crysisok\n|t:|1782760749\n|gametype|singles\n|player|p1|Eu por ai|unknown|1312\n|player|p2|crysisok|lass-gen4|1270\n|gen|9\n|tier|[Gen 9] Random Battle\n|rated|\n|rule|Species Clause: Limit one of each Pok\u00e9mon\n|rule|HP Percentage Mod: HP is shown in percentages\n|rule|Sleep Clause Mod: Limit one foe put to sleep\n|rule|Illusion Level Mod: Illusion disguises the Pok\u00e9mon's true level\n|\n|t:|1782760749\n|teamsize|p1|6\n|teamsize|p2|6\n|start\n|switch|p1a: Altaria|Altaria, L89, F|278/278\n|switch|p2a: Tropius|Tropius, L91, F|328/328\n|turn|1\n|\n|t:|1782760758\n|-terastallize|p2a: Tropius|Steel\n|move|p1a: Altaria|Dragon Dance|p1a: Altaria\n|-boost|p1a: Altaria|atk|1\n|-boost|p1a: Altaria|spe|1\n|move|p2a: Tropius|Leech Seed|p1a: Altaria\n|-start|p1a: Altaria|move: Leech Seed\n|\n|-damage|p1a: Altaria|244/278|[from] Leech Seed|[of] p2a: Tropius\n|upkeep\n|turn|2\n|\n|t:|1782760767\n|move|p1a: Altaria|Dragon Dance|p1a: Altaria\n|-boost|p1a: Altaria|atk|1\n|-boost|p1a: Altaria|spe|1\n|move|p2a: Tropius|Substitute|p2a: Tropius\n|-start|p2a: Tropius|Substitute\n|-damage|p2a: Tropius|246/328\n|\n|-damage|p1a: Altaria|210/278|[from] Leech Seed|[of] p2a: Tropius\n|-heal|p2a: Tropius|280/328|[silent]\n|upkeep\n|turn|3\n|inactive|Battle timer is ON: inactive players will automatically lose when time's up. (requested by Eu por ai)\n|\n|t:|1782760780\n|move|p2a: Tropius|Protect|p2a: Tropius\n|-singleturn|p2a: Tropius|Protect\n|move|p1a: Altaria|Earthquake|p2a: Tropius\n|-activate|p2a: Tropius|move: Protect\n|\n|-damage|p1a: Altaria|176/278|[from] Leech Seed|[of] p2a: Tropius\n|-heal|p2a: Tropius|314/328|[silent]\n|upkeep\n|turn|4\n|\n|t:|1782760788\n|move|p1a: Altaria|Roost|p1a: Altaria\n|-heal|p1a: Altaria|278/278\n|-singleturn|p1a: Altaria|move: Roost\n|move|p2a: Tropius|Substitute|p2a: Tropius\n|-fail|p2a: Tropius|move: Substitute\n|\n|-damage|p1a: Altaria|244/278|[from] Leech Seed|[of] p2a: Tropius\n|-heal|p2a: Tropius|328/328|[silent]\n|upkeep\n|turn|5\n|\n|t:|1782760797\n|move|p2a: Tropius|Protect|p2a: Tropius\n|-singleturn|p2a: Tropius|Protect\n|move|p1a: Altaria|Earthquake|p2a: Tropius\n|-activate|p2a: Tropius|move: Protect\n|\n|-damage|p1a: Altaria|210/278|[from] Leech Seed|[of] p2a: Tropius\n|upkeep\n|turn|6\n|\n|t:|1782760806\n|move|p1a: Altaria|Earthquake|p2a: Tropius\n|-supereffective|p2a: Tropius\n|-end|p2a: Tropius|Substitute\n|move|p2a: Tropius|Substitute|p2a: Tropius\n|-start|p2a: Tropius|Substitute\n|-damage|p2a: Tropius|246/328\n|\n|-damage|p1a: Altaria|176/278|[from] Leech Seed|[of] p2a: Tropius\n|-heal|p2a: Tropius|280/328|[silent]\n|upkeep\n|turn|7\n|\n|t:|1782760815\n|move|p1a: Altaria|Roost|p1a: Altaria\n|-heal|p1a: Altaria|278/278\n|-singleturn|p1a: Altaria|move: Roost\n|move|p2a: Tropius|Air Slash|p1a: Altaria\n|-damage|p1a: Altaria|214/278\n|\n|-damage|p1a: Altaria|180/278|[from] Leech Seed|[of] p2a: Tropius\n|-heal|p2a: Tropius|314/328|[silent]\n|upkeep\n|turn|8\n|\n|t:|1782760827\n|move|p2a: Tropius|Protect|p2a: Tropius\n|-singleturn|p2a: Tropius|Protect\n|move|p1a: Altaria|Earthquake|p2a: Tropius\n|-activate|p2a: Tropius|move: Protect\n|\n|-damage|p1a: Altaria|146/278|[from] Leech Seed|[of] p2a: Tropius\n|-heal|p2a: Tropius|328/328|[silent]\n|upkeep\n|turn|9\n|\n|t:|1782760835\n|move|p1a: Altaria|Earthquake|p2a: Tropius\n|-supereffective|p2a: Tropius\n|-end|p2a: Tropius|Substitute\n|move|p2a: Tropius|Substitute|p2a: Tropius\n|-start|p2a: Tropius|Substitute\n|-damage|p2a: Tropius|246/328\n|\n|-damage|p1a: Altaria|112/278|[from] Leech Seed|[of] p2a: Tropius\n|-heal|p2a: Tropius|280/328|[silent]\n|upkeep\n|turn|10\n|\n|t:|1782760843\n|move|p1a: Altaria|Roost|p1a: Altaria\n|-heal|p1a: Altaria|251/278\n|-singleturn|p1a: Altaria|move: Roost\n|move|p2a: Tropius|Air Slash|p1a: Altaria\n|-damage|p1a: Altaria|194/278\n|\n|-damage|p1a: Altaria|160/278|[from] Leech Seed|[of] p2a: Tropius\n|-heal|p2a: Tropius|314/328|[silent]\n|upkeep\n|turn|11\n|\n|t:|1782760855\n|switch|p1a: Rhyperior|Rhyperior, L82, F|323/323\n|move|p2a: Tropius|Protect||[still]\n|-fail|p2a: Tropius\n|\n|upkeep\n|turn|12\n|\n|t:|1782760860\n|move|p2a: Tropius|Leech Seed|p1a: Rhyperior\n|-start|p1a: Rhyperior|move: Leech Seed\n|move|p1a: Rhyperior|Earthquake|p2a: Tropius\n|-supereffective|p2a: Tropius\n|-end|p2a: Tropius|Substitute\n|\n|-damage|p1a: Rhyperior|283/323|[from] Leech Seed|[of] p2a: Tropius\n|-heal|p2a: Tropius|328/328|[silent]\n|upkeep\n|turn|13\n|\n|t:|1782760867\n|move|p2a: Tropius|Substitute|p2a: Tropius\n|-start|p2a: Tropius|Substitute\n|-damage|p2a: Tropius|246/328\n|move|p1a: Rhyperior|Earthquake|p2a: Tropius\n|-supereffective|p2a: Tropius\n|-end|p2a: Tropius|Substitute\n|\n|-damage|p1a: Rhyperior|243/323|[from] Leech Seed|[of] p2a: Tropius\n|-heal|p2a: Tropius|286/328|[silent]\n|upkeep\n|turn|14\n|\n|t:|1782760875\n|switch|p1a: Dondozo|Dondozo, L78, F|362/362\n|move|p2a: Tropius|Substitute|p2a: Tropius\n|-start|p2a: Tropius|Substitute\n|-damage|p2a: Tropius|204/328\n|\n|upkeep\n|turn|15\n|\n|t:|1782760881\n|move|p2a: Tropius|Leech Seed|p1a: Dondozo\n|-start|p1a: Dondozo|move: Leech Seed\n|move|p1a: Dondozo|Curse|p1a: Dondozo\n|-unboost|p1a: Dondozo|spe|1\n|-boost|p1a: Dondozo|atk|1\n|-boost|p1a: Dondozo|def|1\n|\n|-damage|p1a: Dondozo|317/362|[from] Leech Seed|[of] p2a: Tropius\n|-heal|p2a: Tropius|249/328|[silent]\n|upkeep\n|turn|16\n|\n|t:|1782760889\n|move|p2a: Tropius|Air Slash|p1a: Dondozo\n|-damage|p1a: Dondozo|221/362\n|move|p1a: Dondozo|Curse|p1a: Dondozo\n|-unboost|p1a: Dondozo|spe|1\n|-boost|p1a: Dondozo|atk|1\n|-boost|p1a: Dondozo|def|1\n|\n|-heal|p1a: Dondozo|243/362|[from] item: Leftovers\n|-damage|p1a: Dondozo|198/362|[from] Leech Seed|[of] p2a: Tropius\n|-heal|p2a: Tropius|294/328|[silent]\n|upkeep\n|turn|17\n|\n|t:|1782760898\n|move|p2a: Tropius|Air Slash|p1a: Dondozo\n|-damage|p1a: Dondozo|102/362\n|move|p1a: Dondozo|Rest|p1a: Dondozo\n|-status|p1a: Dondozo|slp|[from] move: Rest\n|-heal|p1a: Dondozo|362/362 slp|[silent]\n|\n|-damage|p1a: Dondozo|317/362 slp|[from] Leech Seed|[of] p2a: Tropius\n|-heal|p2a: Tropius|328/328|[silent]\n|upkeep\n|turn|18\n|\n|t:|1782760906\n|move|p2a: Tropius|Air Slash|p1a: Dondozo\n|-damage|p1a: Dondozo|215/362 slp\n|cant|p1a: Dondozo|slp\n|cant|p1a: Dondozo|flinch\n|\n|-heal|p1a: Dondozo|237/362 slp|[from] item: Leftovers\n|-damage|p1a: Dondozo|192/362 slp|[from] Leech Seed|[of] p2a: Tropius\n|upkeep\n|turn|19\n|\n|t:|1782760914\n|move|p2a: Tropius|Air Slash|p1a: Dondozo\n|-damage|p1a: Dondozo|86/362 slp\n|cant|p1a: Dondozo|slp\n|move|p1a: Dondozo|Sleep Talk|p1a: Dondozo\n|move|p1a: Dondozo|Wave Crash|p2a: Tropius|[from] move: Sleep Talk\n|-end|p2a: Tropius|Substitute\n|-damage|p1a: Dondozo|59/362 slp|[from] Recoil|[of] p2a: Tropius\n|\n|-heal|p1a: Dondozo|81/362 slp|[from] item: Leftovers\n|-damage|p1a: Dondozo|36/362 slp|[from] Leech Seed|[of] p2a: Tropius\n|upkeep\n|turn|20\n|\n|t:|1782760925\n|move|p2a: Tropius|Air Slash|p1a: Dondozo\n|-damage|p1a: Dondozo|0 fnt\n|faint|p1a: Dondozo\n|\n|upkeep\n|\n|t:|1782760942\n|switch|p1a: Okidogi|Okidogi, L77, M|262/262\n|turn|21\n|\n|t:|1782760953\n|move|p1a: Okidogi|Drain Punch|p2a: Tropius\n|-supereffective|p2a: Tropius\n|-damage|p2a: Tropius|166/328\n|move|p2a: Tropius|Leech Seed|p1a: Okidogi\n|-start|p1a: Okidogi|move: Leech Seed\n|\n|-damage|p1a: Okidogi|230/262|[from] Leech Seed|[of] p2a: Tropius\n|-heal|p2a: Tropius|198/328|[silent]\n|upkeep\n|turn|22\n|\n|t:|1782760965\n|switch|p1a: Dialga|Dialga, L73|266/266\n|-ability|p1a: Dialga|Pressure\n|move|p2a: Tropius|Protect||[still]\n|-fail|p2a: Tropius\n|\n|upkeep\n|turn|23\n|\n|t:|1782760973\n|move|p1a: Dialga|Fire Blast|p2a: Tropius\n|-supereffective|p2a: Tropius\n|-damage|p2a: Tropius|38/328\n|-status|p2a: Tropius|brn\n|-enditem|p2a: Tropius|Sitrus Berry|[eat]\n|-heal|p2a: Tropius|120/328 brn|[from] item: Sitrus Berry\n|move|p2a: Tropius|Leech Seed|p1a: Dialga\n|-start|p1a: Dialga|move: Leech Seed\n|\n|-damage|p1a: Dialga|233/266|[from] Leech Seed|[of] p2a: Tropius\n|-heal|p2a: Tropius|153/328 brn|[silent]\n|-damage|p2a: Tropius|133/328 brn|[from] brn\n|-item|p2a: Tropius|Sitrus Berry|[from] ability: Harvest\n|upkeep\n|-enditem|p2a: Tropius|Sitrus Berry|[eat]\n|-heal|p2a: Tropius|215/328 brn|[from] item: Sitrus Berry\n|turn|24\n|\n|t:|1782760998\n|switch|p1a: Okidogi|Okidogi, L77, M|230/262\n|move|p2a: Tropius|Protect||[still]\n|-fail|p2a: Tropius\n|\n|-damage|p2a: Tropius|195/328 brn|[from] brn\n|-item|p2a: Tropius|Sitrus Berry|[from] ability: Harvest\n|upkeep\n|turn|25\n|\n|t:|1782761007\n|move|p1a: Okidogi|Drain Punch|p2a: Tropius\n|-supereffective|p2a: Tropius\n|-damage|p2a: Tropius|25/328 brn\n|-heal|p1a: Okidogi|262/262|[from] drain|[of] p2a: Tropius\n|-enditem|p2a: Tropius|Sitrus Berry|[eat]\n|-heal|p2a: Tropius|107/328 brn|[from] item: Sitrus Berry\n|move|p2a: Tropius|Leech Seed|p1a: Okidogi\n|-start|p1a: Okidogi|move: Leech Seed\n|\n|-damage|p1a: Okidogi|230/262|[from] Leech Seed|[of] p2a: Tropius\n|-heal|p2a: Tropius|139/328 brn|[silent]\n|-damage|p2a: Tropius|119/328 brn|[from] brn\n|-item|p2a: Tropius|Sitrus Berry|[from] ability: Harvest\n|upkeep\n|-enditem|p2a: Tropius|Sitrus Berry|[eat]\n|-heal|p2a: Tropius|201/328 brn|[from] item: Sitrus Berry\n|turn|26\n|\n|t:|1782761022\n|move|p2a: Tropius|Protect|p2a: Tropius\n|-singleturn|p2a: Tropius|Protect\n|move|p1a: Okidogi|Knock Off|p2a: Tropius\n|-activate|p2a: Tropius|move: Protect\n|\n|-damage|p1a: Okidogi|198/262|[from] Leech Seed|[of] p2a: Tropius\n|-heal|p2a: Tropius|233/328 brn|[silent]\n|-damage|p2a: Tropius|213/328 brn|[from] brn\n|-item|p2a: Tropius|Sitrus Berry|[from] ability: Harvest\n|upkeep\n|turn|27\n|\n|t:|1782761032\n|move|p1a: Okidogi|Knock Off|p2a: Tropius\n|-damage|p2a: Tropius|138/328 brn\n|-enditem|p2a: Tropius|Sitrus Berry|[from] move: Knock Off|[of] p1a: Okidogi\n|move|p2a: Tropius|Substitute|p2a: Tropius\n|-start|p2a: Tropius|Substitute\n|-damage|p2a: Tropius|56/328 brn\n|\n|-damage|p1a: Okidogi|166/262|[from] Leech Seed|[of] p2a: Tropius\n|-heal|p2a: Tropius|88/328 brn|[silent]\n|-damage|p2a: Tropius|68/328 brn|[from] brn\n|upkeep\n|turn|28\n|\n|t:|1782761042\n|move|p2a: Tropius|Protect|p2a: Tropius\n|-singleturn|p2a: Tropius|Protect\n|move|p1a: Okidogi|Drain Punch|p2a: Tropius\n|-activate|p2a: Tropius|move: Protect\n|\n|-damage|p1a: Okidogi|134/262|[from] Leech Seed|[of] p2a: Tropius\n|-heal|p2a: Tropius|100/328 brn|[silent]\n|-damage|p2a: Tropius|80/328 brn|[from] brn\n|upkeep\n|turn|29\n|\n|t:|1782761066\n|move|p1a: Okidogi|Drain Punch|p2a: Tropius\n|-supereffective|p2a: Tropius\n|-end|p2a: Tropius|Substitute\n|-heal|p1a: Okidogi|175/262|[from] drain|[of] p2a: Tropius\n|move|p2a: Tropius|Air Slash|p1a: Okidogi\n|-supereffective|p1a: Okidogi\n|-damage|p1a: Okidogi|59/262\n|\n|-damage|p1a: Okidogi|27/262|[from] Leech Seed|[of] p2a: Tropius\n|-heal|p2a: Tropius|112/328 brn|[silent]\n|-damage|p2a: Tropius|92/328 brn|[from] brn\n|upkeep\n|turn|30\n|\n|t:|1782761076\n|move|p2a: Tropius|Protect|p2a: Tropius\n|-singleturn|p2a: Tropius|Protect\n|move|p1a: Okidogi|Drain Punch|p2a: Tropius\n|-activate|p2a: Tropius|move: Protect\n|\n|-damage|p1a: Okidogi|0 fnt|[from] Leech Seed|[of] p2a: Tropius\n|-heal|p2a: Tropius|119/328 brn|[silent]\n|faint|p1a: Okidogi\n|-damage|p2a: Tropius|99/328 brn|[from] brn\n|upkeep\n|\n|t:|1782761081\n|switch|p1a: Spectrier|Spectrier, L75|274/274\n|turn|31\n|inactive|crysisok has 120 seconds left.\n|\n|t:|1782761123\n|move|p1a: Spectrier|Shadow Ball|p2a: Tropius\n|-damage|p2a: Tropius|0 fnt\n|faint|p2a: Tropius\n|-ability|p1a: Spectrier|Grim Neigh|boost\n|-boost|p1a: Spectrier|spa|1\n|-damage|p1a: Spectrier|247/274|[from] item: Life Orb\n|\n|upkeep\n|\n|t:|1782761132\n|switch|p2a: Okidogi|Okidogi, L77, M|262/262\n|turn|32\n|\n|t:|1782761139\n|move|p1a: Spectrier|Shadow Ball|p2a: Okidogi\n|-damage|p2a: Okidogi|51/262\n|-unboost|p2a: Okidogi|spd|1\n|-damage|p1a: Spectrier|220/274|[from] item: Life Orb\n|move|p2a: Okidogi|Knock Off|p1a: Spectrier\n|-supereffective|p1a: Spectrier\n|-damage|p1a: Spectrier|24/274\n|-enditem|p1a: Spectrier|Life Orb|[from] move: Knock Off|[of] p2a: Okidogi\n|\n|-heal|p2a: Okidogi|67/262|[from] item: Leftovers\n|upkeep\n|turn|33\n|inactive|crysisok has 120 seconds left.\n|\n|t:|1782761153\n|switch|p2a: Chansey|Chansey, L85, F|564/564\n|-terastallize|p1a: Spectrier|Fairy\n|move|p1a: Spectrier|Draining Kiss|p2a: Chansey\n|-damage|p2a: Chansey|498/564\n|-heal|p1a: Spectrier|74/274|[from] drain|[of] p2a: Chansey\n|\n|upkeep\n|turn|34\n|inactive|crysisok has 120 seconds left.\n|\n|t:|1782761166\n|move|p1a: Spectrier|Nasty Plot|p1a: Spectrier\n|-boost|p1a: Spectrier|spa|2\n|move|p2a: Chansey|Thunder Wave|p1a: Spectrier\n|-status|p1a: Spectrier|par\n|\n|upkeep\n|turn|35\n|inactive|crysisok has 120 seconds left.\n|\n|t:|1782761172\n|move|p2a: Chansey|Seismic Toss|p1a: Spectrier\n|-damage|p1a: Spectrier|0 fnt\n|faint|p1a: Spectrier\n|\n|upkeep\n|\n|t:|1782761178\n|switch|p1a: Rhyperior|Rhyperior, L82, F|243/323\n|turn|36\n|\n|t:|1782761190\n|switch|p2a: Rotom|Rotom, L88|231/231\n|move|p1a: Rhyperior|Rock Polish|p1a: Rhyperior\n|-boost|p1a: Rhyperior|spe|2\n|\n|upkeep\n|turn|37\n|\n|t:|1782761199\n|move|p2a: Rotom|Trick|p1a: Rhyperior\n|-activate|p2a: Rotom|move: Trick|[of] p1a: Rhyperior\n|-item|p1a: Rhyperior|Choice Scarf|[from] move: Trick\n|-item|p2a: Rotom|Weakness Policy|[from] move: Trick\n|move|p1a: Rhyperior|Stone Edge|p2a: Rotom\n|-damage|p2a: Rotom|89/231\n|\n|upkeep\n|turn|38\n|\n|t:|1782761209\n|move|p1a: Rhyperior|Stone Edge|p2a: Rotom\n|-crit|p2a: Rotom\n|-damage|p2a: Rotom|0 fnt\n|faint|p2a: Rotom\n|\n|upkeep\n|\n|t:|1782761215\n|switch|p2a: Wugtrio|Wugtrio, L91, F|212/212\n|turn|39\n|\n|t:|1782761223\n|switch|p1a: Altaria|Altaria, L89, F|160/278\n|move|p2a: Wugtrio|Liquidation|p1a: Altaria\n|-resisted|p1a: Altaria\n|-damage|p1a: Altaria|91/278\n|-unboost|p1a: Altaria|def|1\n|\n|upkeep\n|turn|40\n|\n|t:|1782761231\n|move|p2a: Wugtrio|Liquidation|p1a: Altaria\n|-resisted|p1a: Altaria\n|-damage|p1a: Altaria|0 fnt\n|faint|p1a: Altaria\n|\n|upkeep\n|\n|t:|1782761237\n|switch|p1a: Dialga|Dialga, L73|233/266\n|-ability|p1a: Dialga|Pressure\n|turn|41\n|\n|t:|1782761246\n|switch|p2a: Chansey|Chansey, L85, F|498/564\n|move|p1a: Dialga|Draco Meteor|p2a: Chansey|[miss]\n|-miss|p1a: Dialga|p2a: Chansey\n|\n|-heal|p1a: Dialga|249/266|[from] item: Leftovers\n|upkeep\n|turn|42\n|\n|t:|1782761253\n|move|p1a: Dialga|Thunder Wave|p2a: Chansey\n|-status|p2a: Chansey|par\n|cant|p2a: Chansey|par\n|\n|-heal|p1a: Dialga|265/266|[from] item: Leftovers\n|upkeep\n|turn|43\n|\n|t:|1782761261\n|switch|p1a: Rhyperior|Rhyperior, L82, F|243/323\n|move|p2a: Chansey|Thunder Wave|p1a: Rhyperior\n|-immune|p1a: Rhyperior\n|\n|upkeep\n|turn|44\n|\n|t:|1782761273\n|-curestatus|p2a: Chansey|par|[from] ability: Natural Cure|[silent]\n|switch|p2a: Okidogi|Okidogi, L77, M|67/262\n|move|p1a: Rhyperior|Earthquake|p2a: Okidogi\n|-supereffective|p2a: Okidogi\n|-damage|p2a: Okidogi|0 fnt\n|faint|p2a: Okidogi\n|\n|upkeep\n|\n|t:|1782761282\n|switch|p2a: Wugtrio|Wugtrio, L91, F|212/212\n|turn|45\n|\n|t:|1782761289\n|switch|p1a: Dialga|Dialga, L73|265/266\n|-ability|p1a: Dialga|Pressure\n|move|p2a: Wugtrio|Liquidation|p1a: Dialga\n|-resisted|p1a: Dialga\n|-damage|p1a: Dialga|196/266\n|\n|-heal|p1a: Dialga|212/266|[from] item: Leftovers\n|upkeep\n|turn|46\n|\n|t:|1782761300\n|switch|p2a: Chansey|Chansey, L85, F|498/564\n|move|p1a: Dialga|Thunder Wave|p2a: Chansey|[miss]\n|-miss|p1a: Dialga|p2a: Chansey\n|\n|-heal|p1a: Dialga|228/266|[from] item: Leftovers\n|upkeep\n|turn|47\n|\n|t:|1782761308\n|move|p1a: Dialga|Heavy Slam|p2a: Chansey\n|-damage|p2a: Chansey|213/564\n|move|p2a: Chansey|Seismic Toss|p1a: Dialga\n|-damage|p1a: Dialga|143/266\n|\n|-heal|p1a: Dialga|159/266|[from] item: Leftovers\n|upkeep\n|turn|48\n|\n|t:|1782761320\n|switch|p2a: Heracross|Heracross, L80, M|259/259\n|move|p1a: Dialga|Heavy Slam|p2a: Heracross\n|-damage|p2a: Heracross|130/259\n|\n|-heal|p1a: Dialga|175/266|[from] item: Leftovers\n|upkeep\n|turn|49\n|\n|t:|1782761333\n|move|p2a: Heracross|Close Combat|p1a: Dialga\n|-supereffective|p1a: Dialga\n|-damage|p1a: Dialga|0 fnt\n|-unboost|p2a: Heracross|def|1\n|-unboost|p2a: Heracross|spd|1\n|faint|p1a: Dialga\n|-ability|p2a: Heracross|Moxie|boost\n|-boost|p2a: Heracross|atk|1\n|\n|upkeep\n|\n|t:|1782761337\n|switch|p1a: Rhyperior|Rhyperior, L82, F|243/323\n|turn|50\n|\n|t:|1782761342\n|move|p2a: Heracross|Close Combat|p1a: Rhyperior\n|-supereffective|p1a: Rhyperior\n|-damage|p1a: Rhyperior|0 fnt\n|-unboost|p2a: Heracross|def|1\n|-unboost|p2a: Heracross|spd|1\n|faint|p1a: Rhyperior\n|\n|win|crysisok\n|raw|Eu por ai's rating: 1312 &rarr; <strong>1290</strong><br />(-22 for losing)\n|raw|crysisok's rating: 1270 &rarr; <strong>1298</strong><br />(+28 for winning)\n|l|\u2606Eu por ai\n|player|p1|\n|l|\u2606crysisok\n|player|p2|\n|j|\u2606crysisok\n|player|p2|crysisok|lass-gen4|\n", "inputlog": ">version f8ac14003a5f27e1bdc8d8c59608a773c1cb96e5\n>start {\"formatid\":\"gen9randombattle\",\"seed\":\"sodium,23d86aedb1c6962a9ef3e76b389a1149\",\"rated\":\"Rated battle\"}\n>player p1 {\"name\":\"Eu por ai\",\"avatar\":\"unknown\",\"rating\":1312,\"seed\":\"sodium,2d0b7d49ce17eeb6de1713a19df3991a\"}\n>player p2 {\"name\":\"crysisok\",\"avatar\":\"lass-gen4\",\"rating\":1270,\"seed\":\"sodium,96068a3de7f1dcd77daaee44f5c2209c\"}\n>p1 move dragondance\n>p2 move leechseed terastallize\n>p1 move dragondance\n>p2 move substitute\n>p1 move earthquake\n>p2 move protect\n>p1 move roost\n>p2 move substitute\n>p1 move earthquake\n>p2 move protect\n>p1 move earthquake\n>p2 move substitute\n>p1 move roost\n>p2 move airslash\n>p1 move earthquake\n>p2 move protect\n>p1 move earthquake\n>p2 move substitute\n>p1 move roost\n>p2 move airslash\n>p1 switch 5\n>p2 move protect\n>p1 move earthquake\n>p2 move leechseed\n>p1 move earthquake\n>p2 move substitute\n>p1 switch 6\n>p2 move substitute\n>p1 move curse\n>p2 move leechseed\n>p1 move curse\n>p2 move airslash\n>p1 move rest\n>p2 move airslash\n>p1 move sleeptalk\n>p2 move airslash\n>p1 move sleeptalk\n>p2 move airslash\n>p1 move rest\n>p2 move airslash\n>p1 switch 2\n>p1 move drainpunch\n>p2 move leechseed\n>p1 switch 4\n>p2 move protect\n>p1 move fireblast\n>p2 move leechseed\n>p1 switch 4\n>p2 move protect\n>p1 move drainpunch\n>p2 move leechseed\n>p1 move knockoff\n>p2 move protect\n>p1 move knockoff\n>p2 move substitute\n>p1 move drainpunch\n>p2 move protect\n>p1 move drainpunch\n>p2 move airslash\n>p1 move drainpunch\n>p2 move protect\n>p1 switch 3\n>p1 move shadowball\n>p2 move leechseed\n>p2 switch 5\n>p1 move shadowball\n>p2 move knockoff\n>p1 move drainingkiss terastallize\n>p2 switch 3\n>p1 move nastyplot\n>p2 move thunderwave\n>p1 move drainingkiss\n>p2 move seismictoss\n>p1 switch 6\n>p1 move rockpolish\n>p2 switch 6\n>p1 move stoneedge\n>p2 move trick\n>p1 move stoneedge\n>p2 move shadowball\n>p2 switch 2\n>p1 switch 5\n>p2 move liquidation\n>p1 move earthquake\n>p2 move liquidation\n>p1 switch 4\n>p1 move dracometeor\n>p2 switch 6\n>p1 move thunderwave\n>p2 move thunderwave\n>p1 switch 5\n>p2 move thunderwave\n>p1 move earthquake\n>p2 switch 3\n>p2 switch 6\n>p1 switch 5\n>p2 move liquidation\n>p1 move thunderwave\n>p2 switch 3\n>p1 move heavyslam\n>p2 move seismictoss\n>p1 move heavyslam\n>p2 switch 4\n>p1 move fireblast\n>p2 move closecombat\n>p1 switch 5\n>p1 move stoneedge\n>p2 move closecombat", "uploadtime": 1782761375, "views": 4, "formatid": "gen9randombattle", "rating": 1290, "private": 0, "password": null, "player_dets": [{"name": "Eu por ai", "avatar": "unknown", "rating": 1312, "seed": "sodium,2d0b7d49ce17eeb6de1713a19df3991a"}, {"name": "crysisok", "avatar": "lass-gen4", "rating": 1270, "seed": "sodium,96068a3de7f1dcd77daaee44f5c2209c"}], "teams_full": [{"Altaria": {"name": "Altaria", "species": "Altaria", "speciesId": "altaria", "gender": "F", "shiny": false, "level": 89, "moves": ["roost", "dragondance", "bravebird", "earthquake"], "ability": "Natural Cure", "evs": {"hp": 85, "atk": 85, "def": 85, "spa": 85, "spd": 85, "spe": 85}, "ivs": {"hp": 31, "atk": 31, "def": 31, "spa": 31, "spd": 31, "spe": 31}, "item": "Heavy-Duty Boots", "teraType": "Steel", "role": "Bulky Setup", "bvs": {"hp": 75, "atk": 70, "def": 90, "spa": 70, "spd": 105, "spe": 80}, "stats": {"hp": 278, "atk": 175, "def": 211, "spa": 175, "spd": 238, "spe": 193}, "types": ["Dragon", "Flying"]}, "Okidogi": {"name": "Okidogi", "species": "Okidogi", "speciesId": "okidogi", "gender": "M", "shiny": false, "level": 77, "moves": ["knockoff", "drainpunch", "gunkshot", "highhorsepower"], "ability": "Toxic Chain", "evs": {"hp": 85, "atk": 85, "def": 85, "spa": 85, "spd": 85, "spe": 85}, "ivs": {"hp": 31, "atk": 31, "def": 31, "spa": 31, "spd": 31, "spe": 31}, "item": "Assault Vest", "teraType": "Dark", "role": "AV Pivot", "bvs": {"hp": 88, "atk": 128, "def": 115, "spa": 58, "spd": 86, "spe": 80}, "stats": {"hp": 262, "atk": 242, "def": 222, "spa": 134, "spd": 177, "spe": 168}, "types": ["Poison", "Fighting"]}, "Spectrier": {"name": "Spectrier", "species": "Spectrier", "speciesId": "spectrier", "gender": "N", "shiny": false, "level": 75, "moves": ["nastyplot", "drainingkiss", "shadowball", "darkpulse"], "ability": "Grim Neigh", "evs": {"hp": 85, "atk": 0, "def": 85, "spa": 85, "spd": 85, "spe": 85}, "ivs": {"hp": 31, "atk": 0, "def": 31, "spa": 31, "spd": 31, "spe": 31}, "item": "Life Orb", "teraType": "Fairy", "role": "Setup Sweeper", "bvs": {"hp": 100, "atk": 65, "def": 60, "spa": 145, "spd": 80, "spe": 130}, "stats": {"hp": 274, "atk": 102, "def": 134, "spa": 261, "spd": 164, "spe": 239}, "types": ["Ghost"]}, "Dialga": {"name": "Dialga", "species": "Dialga", "speciesId": "dialga", "gender": "N", "shiny": false, "level": 73, "moves": ["dracometeor", "fireblast", "heavyslam", "thunderwave"], "ability": "Pressure", "evs": {"hp": 85, "atk": 85, "def": 85, "spa": 85, "spd": 85, "spe": 85}, "ivs": {"hp": 31, "atk": 31, "def": 31, "spa": 31, "spd": 31, "spe": 31}, "item": "Leftovers", "teraType": "Flying", "role": "Bulky Attacker", "bvs": {"hp": 100, "atk": 120, "def": 120, "spa": 150, "spd": 100, "spe": 90}, "stats": {"hp": 266, "atk": 218, "def": 218, "spa": 261, "spd": 188, "spe": 174}, "types": ["Steel", "Dragon"]}, "Rhyperior": {"name": "Rhyperior", "species": "Rhyperior", "speciesId": "rhyperior", "gender": "F", "shiny": false, "level": 82, "moves": ["megahorn", "stoneedge", "rockpolish", "earthquake"], "ability": "Solid Rock", "evs": {"hp": 85, "atk": 85, "def": 85, "spa": 85, "spd": 85, "spe": 85}, "ivs": {"hp": 31, "atk": 31, "def": 31, "spa": 31, "spd": 31, "spe": 31}, "item": "Weakness Policy", "teraType": "Bug", "role": "Bulky Setup", "bvs": {"hp": 115, "atk": 140, "def": 130, "spa": 55, "spd": 55, "spe": 40}, "stats": {"hp": 323, "atk": 277, "def": 260, "spa": 137, "spd": 137, "spe": 113}, "types": ["Ground", "Rock"]}, "Dondozo": {"name": "Dondozo", "species": "Dondozo", "speciesId": "dondozo", "gender": "F", "shiny": false, "level": 78, "moves": ["rest", "wavecrash", "curse", "sleeptalk"], "ability": "Unaware", "evs": {"hp": 85, "atk": 85, "def": 85, "spa": 85, "spd": 85, "spe": 85}, "ivs": {"hp": 31, "atk": 31, "def": 31, "spa": 31, "spd": 31, "spe": 31}, "item": "Leftovers", "teraType": "Dragon", "role": "Bulky Setup", "bvs": {"hp": 150, "atk": 100, "def": 115, "spa": 65, "spd": 65, "spe": 35}, "stats": {"hp": 362, "atk": 201, "def": 224, "spa": 146, "spd": 146, "spe": 100}, "types": ["Water"]}}, {"Tropius": {"name": "Tropius", "species": "Tropius", "speciesId": "tropius", "gender": "F", "shiny": false, "level": 91, "moves": ["substitute", "protect", "leechseed", "airslash"], "ability": "Harvest", "evs": {"hp": 85, "atk": 0, "def": 85, "spa": 85, "spd": 85, "spe": 85}, "ivs": {"hp": 31, "atk": 0, "def": 31, "spa": 31, "spd": 31, "spe": 31}, "item": "Sitrus Berry", "teraType": "Steel", "role": "Bulky Support", "bvs": {"hp": 99, "atk": 68, "def": 83, "spa": 72, "spd": 87, "spe": 51}, "stats": {"hp": 328, "atk": 128, "def": 203, "spa": 183, "spd": 210, "spe": 145}, "types": ["Grass", "Flying"]}, "Wugtrio": {"name": "Wugtrio", "species": "Wugtrio", "speciesId": "wugtrio", "gender": "F", "shiny": false, "level": 91, "moves": ["stompingtantrum", "liquidation", "throatchop", "aquajet"], "ability": "Gooey", "evs": {"hp": 85, "atk": 85, "def": 85, "spa": 85, "spd": 85, "spe": 85}, "ivs": {"hp": 31, "atk": 31, "def": 31, "spa": 31, "spd": 31, "spe": 31}, "item": "Choice Band", "teraType": "Ground", "role": "Fast Attacker", "bvs": {"hp": 35, "atk": 100, "def": 50, "spa": 50, "spd": 70, "spe": 120}, "stats": {"hp": 212, "atk": 234, "def": 143, "spa": 143, "spd": 179, "spe": 270}, "types": ["Water"]}, "Chansey": {"name": "Chansey", "species": "Chansey", "speciesId": "chansey", "gender": "F", "shiny": false, "level": 85, "moves": ["thunderwave", "softboiled", "stealthrock", "seismictoss"], "ability": "Natural Cure", "evs": {"hp": 85, "atk": 0, "def": 85, "spa": 85, "spd": 85, "spe": 85}, "ivs": {"hp": 31, "atk": 0, "def": 31, "spa": 31, "spd": 31, "spe": 31}, "item": "Eviolite", "teraType": "Dark", "role": "Bulky Support", "bvs": {"hp": 250, "atk": 5, "def": 5, "spa": 35, "spd": 105, "spe": 50}, "stats": {"hp": 564, "atk": 13, "def": 57, "spa": 108, "spd": 227, "spe": 134}, "types": ["Normal"]}, "Heracross": {"name": "Heracross", "species": "Heracross", "speciesId": "heracross", "gender": "M", "shiny": false, "level": 80, "moves": ["knockoff", "megahorn", "stoneedge", "closecombat"], "ability": "Moxie", "evs": {"hp": 85, "atk": 85, "def": 85, "spa": 85, "spd": 85, "spe": 85}, "ivs": {"hp": 31, "atk": 31, "def": 31, "spa": 31, "spd": 31, "spe": 31}, "item": "Choice Band", "teraType": "Fighting", "role": "Fast Attacker", "bvs": {"hp": 80, "atk": 125, "def": 75, "spa": 40, "spd": 95, "spe": 85}, "stats": {"hp": 259, "atk": 246, "def": 166, "spa": 110, "spd": 198, "spe": 182}, "types": ["Bug", "Fighting"]}, "Okidogi": {"name": "Okidogi", "species": "Okidogi", "speciesId": "okidogi", "gender": "M", "shiny": false, "level": 77, "moves": ["drainpunch", "bulkup", "gunkshot", "knockoff"], "ability": "Toxic Chain", "evs": {"hp": 85, "atk": 85, "def": 85, "spa": 85, "spd": 85, "spe": 85}, "ivs": {"hp": 31, "atk": 31, "def": 31, "spa": 31, "spd": 31, "spe": 31}, "item": "Leftovers", "teraType": "Dark", "role": "Bulky Setup", "bvs": {"hp": 88, "atk": 128, "def": 115, "spa": 58, "spd": 86, "spe": 80}, "stats": {"hp": 262, "atk": 242, "def": 222, "spa": 134, "spd": 177, "spe": 168}, "types": ["Poison", "Fighting"]}, "Rotom": {"name": "Rotom", "species": "Rotom", "speciesId": "rotom", "gender": "N", "shiny": false, "level": 88, "moves": ["voltswitch", "trick", "shadowball", "thunderbolt"], "ability": "Levitate", "evs": {"hp": 85, "atk": 0, "def": 85, "spa": 85, "spd": 85, "spe": 85}, "ivs": {"hp": 31, "atk": 0, "def": 31, "spa": 31, "spd": 31, "spe": 31}, "item": "Choice Scarf", "teraType": "Ghost", "role": "Fast Attacker", "bvs": {"hp": 50, "atk": 50, "def": 77, "spa": 95, "spd": 77, "spe": 91}, "stats": {"hp": 231, "atk": 93, "def": 186, "spa": 217, "spd": 186, "spe": 210}, "types": ["Electric", "Ghost"]}}]}