{"id": "gen9randombattle-2641222009", "format": "[Gen 9] Random Battle", "players": ["Christmasrieth12", "mr clevage"], "log": "|j|\u2606Christmasrieth12\n|j|\u2606mr clevage\n|t:|1782755606\n|gametype|singles\n|player|p1|Christmasrieth12|102|2131\n|player|p2|mr clevage|blaine|2140\n|gen|9\n|tier|[Gen 9] Random Battle\n|rated|\n|rule|Species Clause: Limit one of each Pok\u00e9mon\n|rule|HP Percentage Mod: HP is shown in percentages\n|rule|Sleep Clause Mod: Limit one foe put to sleep\n|rule|Illusion Level Mod: Illusion disguises the Pok\u00e9mon's true level\n|\n|t:|1782755606\n|teamsize|p1|6\n|teamsize|p2|6\n|start\n|switch|p1a: Magnezone|Magnezone, L85|258/258\n|switch|p2a: Carbink|Carbink, L90|236/236\n|turn|1\n|\n|t:|1782755615\n|switch|p2a: Gastrodon|Gastrodon-East, L86, F|331/331\n|move|p1a: Magnezone|Flash Cannon|p2a: Gastrodon\n|-resisted|p2a: Gastrodon\n|-damage|p2a: Gastrodon|253/331\n|\n|-heal|p2a: Gastrodon|273/331|[from] item: Leftovers\n|upkeep\n|turn|2\n|\n|t:|1782755624\n|switch|p1a: Trevenant|Trevenant, L89, F|296/296\n|move|p2a: Gastrodon|Surf|p1a: Trevenant\n|-resisted|p1a: Trevenant\n|-damage|p1a: Trevenant|250/296\n|\n|-heal|p2a: Gastrodon|293/331|[from] item: Leftovers\n|upkeep\n|turn|3\n|\n|t:|1782755638\n|switch|p2a: Amoonguss|Amoonguss, L82, M|321/321\n|move|p1a: Trevenant|Toxic|p2a: Amoonguss\n|-immune|p2a: Amoonguss\n|\n|upkeep\n|turn|4\n|\n|t:|1782755645\n|move|p1a: Trevenant|Poltergeist|p2a: Amoonguss\n|-activate|p2a: Amoonguss|move: Poltergeist|Leftovers\n|-damage|p2a: Amoonguss|152/321\n|move|p2a: Amoonguss|Toxic|p1a: Trevenant\n|-status|p1a: Trevenant|tox\n|\n|-heal|p2a: Amoonguss|172/321|[from] item: Leftovers\n|-damage|p1a: Trevenant|232/296 tox|[from] psn\n|upkeep\n|turn|5\n|\n|t:|1782755653\n|switch|p1a: Chi-Yu|Chi-Yu, L77|211/211\n|-ability|p1a: Chi-Yu|Beads of Ruin\n|switch|p2a: Illumise|Illumise, L91, F|266/266\n|\n|upkeep\n|turn|6\n|\n|t:|1782755669\n|switch|p2a: Grumpig|Grumpig, L92, F|297/297\n|move|p1a: Chi-Yu|Dark Pulse|p2a: Grumpig\n|-supereffective|p2a: Grumpig\n|-damage|p2a: Grumpig|27/297\n|\n|-heal|p2a: Grumpig|45/297|[from] item: Leftovers\n|upkeep\n|turn|7\n|\n|t:|1782755677\n|switch|p1a: Wigglytuff|Wigglytuff, L96, F|424/424\n|move|p2a: Grumpig|Focus Blast|p1a: Wigglytuff\n|-damage|p1a: Wigglytuff|293/424\n|\n|-heal|p2a: Grumpig|63/297|[from] item: Leftovers\n|-heal|p1a: Wigglytuff|319/424|[from] item: Leftovers\n|upkeep\n|turn|8\n|\n|t:|1782755685\n|switch|p2a: Amoonguss|Amoonguss, L82, M|279/321\n|move|p1a: Wigglytuff|Alluring Voice|p2a: Amoonguss\n|-resisted|p2a: Amoonguss\n|-damage|p2a: Amoonguss|219/321\n|\n|-heal|p1a: Wigglytuff|345/424|[from] item: Leftovers\n|-heal|p2a: Amoonguss|239/321|[from] item: Leftovers\n|upkeep\n|turn|9\n|\n|t:|1782755691\n|move|p1a: Wigglytuff|Thunder Wave|p2a: Amoonguss\n|-status|p2a: Amoonguss|par\n|move|p2a: Amoonguss|Sludge Bomb|p1a: Wigglytuff\n|-supereffective|p1a: Wigglytuff\n|-damage|p1a: Wigglytuff|133/424\n|-status|p1a: Wigglytuff|psn\n|\n|-heal|p1a: Wigglytuff|159/424 psn|[from] item: Leftovers\n|-heal|p2a: Amoonguss|259/321 par|[from] item: Leftovers\n|-damage|p1a: Wigglytuff|106/424 psn|[from] psn\n|upkeep\n|turn|10\n|\n|t:|1782755705\n|switch|p1a: Trevenant|Trevenant, L89, F|232/296 tox\n|cant|p2a: Amoonguss|par\n|\n|-heal|p2a: Amoonguss|279/321 par|[from] item: Leftovers\n|-damage|p1a: Trevenant|214/296 tox|[from] psn\n|upkeep\n|turn|11\n|\n|t:|1782755712\n|move|p1a: Trevenant|Poltergeist|p2a: Amoonguss\n|-activate|p2a: Amoonguss|move: Poltergeist|Leftovers\n|-damage|p2a: Amoonguss|102/321 par\n|move|p2a: Amoonguss|Sludge Bomb|p1a: Trevenant\n|-damage|p1a: Trevenant|133/296 tox\n|-enditem|p1a: Trevenant|Sitrus Berry|[eat]\n|-heal|p1a: Trevenant|207/296 tox|[from] item: Sitrus Berry\n|\n|-heal|p2a: Amoonguss|122/321 par|[from] item: Leftovers\n|-damage|p1a: Trevenant|171/296 tox|[from] psn\n|-item|p1a: Trevenant|Sitrus Berry|[from] ability: Harvest\n|upkeep\n|turn|12\n|\n|t:|1782755729\n|switch|p2a: Grumpig|Grumpig, L92, F|63/297\n|move|p1a: Trevenant|Poltergeist|p2a: Grumpig\n|-activate|p2a: Grumpig|move: Poltergeist|Leftovers\n|-supereffective|p2a: Grumpig\n|-damage|p2a: Grumpig|0 fnt\n|faint|p2a: Grumpig\n|\n|-damage|p1a: Trevenant|117/296 tox|[from] psn\n|upkeep\n|-enditem|p1a: Trevenant|Sitrus Berry|[eat]\n|-heal|p1a: Trevenant|191/296 tox|[from] item: Sitrus Berry\n|\n|t:|1782755733\n|switch|p2a: Lilligant|Lilligant-Hisui, L79, F|240/240\n|turn|13\n|\n|t:|1782755739\n|move|p2a: Lilligant|Victory Dance|p2a: Lilligant\n|-boost|p2a: Lilligant|atk|1\n|-boost|p2a: Lilligant|def|1\n|-boost|p2a: Lilligant|spe|1\n|move|p1a: Trevenant|Poltergeist|p2a: Lilligant\n|-activate|p2a: Lilligant|move: Poltergeist|Wide Lens\n|-damage|p2a: Lilligant|122/240\n|\n|-damage|p1a: Trevenant|119/296 tox|[from] psn\n|upkeep\n|turn|14\n|\n|t:|1782755744\n|move|p2a: Lilligant|Victory Dance|p2a: Lilligant\n|-boost|p2a: Lilligant|atk|1\n|-boost|p2a: Lilligant|def|1\n|-boost|p2a: Lilligant|spe|1\n|move|p1a: Trevenant|Toxic|p2a: Lilligant\n|-status|p2a: Lilligant|tox\n|\n|-damage|p2a: Lilligant|107/240 tox|[from] psn\n|-damage|p1a: Trevenant|29/296 tox|[from] psn\n|-item|p1a: Trevenant|Sitrus Berry|[from] ability: Harvest\n|upkeep\n|-enditem|p1a: Trevenant|Sitrus Berry|[eat]\n|-heal|p1a: Trevenant|103/296 tox|[from] item: Sitrus Berry\n|turn|15\n|\n|t:|1782755753\n|switch|p1a: Magnezone|Magnezone, L85|258/258\n|move|p2a: Lilligant|Ice Spinner|p1a: Magnezone\n|-resisted|p1a: Magnezone\n|-damage|p1a: Magnezone|198/258\n|\n|-damage|p2a: Lilligant|77/240 tox|[from] psn\n|upkeep\n|turn|16\n|\n|t:|1782755756\n|switch|p1a: Trevenant|Trevenant, L89, F|103/296 tox\n|move|p2a: Lilligant|Ice Spinner|p1a: Trevenant\n|-supereffective|p1a: Trevenant\n|-damage|p1a: Trevenant|0 fnt\n|faint|p1a: Trevenant\n|\n|-damage|p2a: Lilligant|32/240 tox|[from] psn\n|upkeep\n|\n|t:|1782755767\n|switch|p1a: Wigglytuff|Wigglytuff, L96, F|106/424 psn\n|turn|17\n|\n|t:|1782755772\n|move|p1a: Wigglytuff|Protect|p1a: Wigglytuff\n|-singleturn|p1a: Wigglytuff|Protect\n|move|p2a: Lilligant|Close Combat|p1a: Wigglytuff\n|-activate|p1a: Wigglytuff|move: Protect\n|\n|-heal|p1a: Wigglytuff|132/424 psn|[from] item: Leftovers\n|-damage|p2a: Lilligant|0 fnt|[from] psn\n|faint|p2a: Lilligant\n|-damage|p1a: Wigglytuff|79/424 psn|[from] psn\n|upkeep\n|\n|t:|1782755789\n|switch|p2a: Carbink|Carbink, L90|236/236\n|turn|18\n|\n|t:|1782755800\n|move|p1a: Wigglytuff|Thunder Wave|p2a: Carbink\n|-status|p2a: Carbink|par\n|move|p2a: Carbink|Body Press|p1a: Wigglytuff\n|-damage|p1a: Wigglytuff|0 fnt\n|faint|p1a: Wigglytuff\n|\n|upkeep\n|\n|t:|1782755806\n|switch|p1a: Magnezone|Magnezone, L85|198/258\n|turn|19\n|\n|t:|1782755810\n|switch|p1a: Chi-Yu|Chi-Yu, L77|211/211\n|-ability|p1a: Chi-Yu|Beads of Ruin\n|switch|p2a: Gastrodon|Gastrodon-East, L86, F|293/331\n|\n|-heal|p2a: Gastrodon|313/331|[from] item: Leftovers\n|upkeep\n|turn|20\n|\n|t:|1782755813\n|-terastallize|p1a: Chi-Yu|Dark\n|move|p1a: Chi-Yu|Dark Pulse|p2a: Gastrodon\n|-damage|p2a: Gastrodon|73/331\n|move|p2a: Gastrodon|Earthquake|p1a: Chi-Yu\n|-damage|p1a: Chi-Yu|97/211\n|\n|-heal|p2a: Gastrodon|93/331|[from] item: Leftovers\n|upkeep\n|turn|21\n|\n|t:|1782755822\n|switch|p2a: Carbink|Carbink, L90|236/236 par\n|move|p1a: Chi-Yu|Dark Pulse|p2a: Carbink\n|-resisted|p2a: Carbink\n|-damage|p2a: Carbink|164/236 par\n|\n|upkeep\n|turn|22\n|\n|t:|1782755837\n|switch|p1a: Magnezone|Magnezone, L85|198/258\n|move|p2a: Carbink|Rest|p2a: Carbink\n|-status|p2a: Carbink|slp|[from] move: Rest\n|-heal|p2a: Carbink|236/236 slp|[silent]\n|-enditem|p2a: Carbink|Chesto Berry|[eat]\n|-curestatus|p2a: Carbink|slp|[msg]\n|\n|upkeep\n|turn|23\n|\n|t:|1782755849\n|-terastallize|p2a: Carbink|Fighting\n|move|p1a: Magnezone|Volt Switch|p2a: Carbink\n|-damage|p2a: Carbink|179/236\n|\n|t:|1782755854\n|switch|p1a: Blastoise|Blastoise, L80, M|258/258|[from] Volt Switch\n|move|p2a: Carbink|Iron Defense|p2a: Carbink\n|-boost|p2a: Carbink|def|2\n|\n|upkeep\n|turn|24\n|\n|t:|1782755861\n|switch|p2a: Illumise|Illumise, L91, F|266/266\n|move|p1a: Blastoise|Shell Smash|p1a: Blastoise\n|-unboost|p1a: Blastoise|def|1\n|-unboost|p1a: Blastoise|spd|1\n|-boost|p1a: Blastoise|atk|2\n|-boost|p1a: Blastoise|spa|2\n|-boost|p1a: Blastoise|spe|2\n|-enditem|p1a: Blastoise|White Herb\n|-clearnegativeboost|p1a: Blastoise|[silent]\n|\n|upkeep\n|turn|25\n|\n|t:|1782755872\n|switch|p1a: Magnezone|Magnezone, L85|198/258\n|switch|p2a: Gastrodon|Gastrodon-East, L86, F|93/331\n|\n|-heal|p2a: Gastrodon|113/331|[from] item: Leftovers\n|upkeep\n|turn|26\n|\n|t:|1782755876\n|move|p1a: Magnezone|Body Press|p2a: Gastrodon\n|-damage|p2a: Gastrodon|40/331\n|move|p2a: Gastrodon|Recover|p2a: Gastrodon\n|-heal|p2a: Gastrodon|206/331\n|\n|-heal|p2a: Gastrodon|226/331|[from] item: Leftovers\n|upkeep\n|turn|27\n|\n|t:|1782755881\n|move|p1a: Magnezone|Body Press|p2a: Gastrodon\n|-damage|p2a: Gastrodon|146/331\n|move|p2a: Gastrodon|Earthquake|p1a: Magnezone\n|-supereffective|p1a: Magnezone\n|-damage|p1a: Magnezone|0 fnt\n|faint|p1a: Magnezone\n|\n|-heal|p2a: Gastrodon|166/331|[from] item: Leftovers\n|upkeep\n|\n|t:|1782755885\n|switch|p1a: Chi-Yu|Chi-Yu, L77, tera:Dark|97/211\n|-ability|p1a: Chi-Yu|Beads of Ruin\n|turn|28\n|\n|t:|1782755891\n|move|p1a: Chi-Yu|Dark Pulse|p2a: Gastrodon\n|-damage|p2a: Gastrodon|0 fnt\n|faint|p2a: Gastrodon\n|\n|upkeep\n|\n|t:|1782755895\n|switch|p2a: Carbink|Carbink, L90, tera:Fighting|179/236\n|turn|29\n|\n|t:|1782755899\n|switch|p1a: Blastoise|Blastoise, L80, M|258/258\n|move|p2a: Carbink|Body Press|p1a: Blastoise\n|-damage|p1a: Blastoise|125/258\n|\n|upkeep\n|turn|30\n|\n|t:|1782755905\n|move|p1a: Blastoise|Hydro Pump|p2a: Carbink\n|-damage|p2a: Carbink|119/236\n|move|p2a: Carbink|Body Press|p1a: Blastoise\n|-damage|p1a: Blastoise|0 fnt\n|faint|p1a: Blastoise\n|\n|upkeep\n|\n|t:|1782755908\n|switch|p1a: Chi-Yu|Chi-Yu, L77, tera:Dark|97/211\n|-ability|p1a: Chi-Yu|Beads of Ruin\n|turn|31\n|\n|t:|1782755914\n|move|p1a: Chi-Yu|Psychic|p2a: Carbink\n|-supereffective|p2a: Carbink\n|-damage|p2a: Carbink|0 fnt\n|faint|p2a: Carbink\n|\n|upkeep\n|\n|t:|1782755918\n|switch|p2a: Illumise|Illumise, L91, F|266/266\n|turn|32\n|\n|t:|1782755921\n|switch|p1a: Excadrill|Excadrill, L79, F|303/303\n|-ability|p1a: Excadrill|Mold Breaker\n|move|p2a: Illumise|Bug Buzz|p1a: Excadrill\n|-resisted|p1a: Excadrill\n|-damage|p1a: Excadrill|261/303\n|\n|upkeep\n|turn|33\n|\n|t:|1782755929\n|move|p2a: Illumise|Bug Buzz|p1a: Excadrill\n|-resisted|p1a: Excadrill\n|-damage|p1a: Excadrill|223/303\n|move|p1a: Excadrill|Earthquake|p2a: Illumise\n|-resisted|p2a: Illumise\n|-damage|p2a: Illumise|203/266\n|\n|upkeep\n|turn|34\n|\n|t:|1782755935\n|switch|p1a: Chi-Yu|Chi-Yu, L77, tera:Dark|97/211\n|-ability|p1a: Chi-Yu|Beads of Ruin\n|move|p2a: Illumise|Bug Buzz|p1a: Chi-Yu\n|-supereffective|p1a: Chi-Yu\n|-damage|p1a: Chi-Yu|0 fnt\n|faint|p1a: Chi-Yu\n|\n|upkeep\n|\n|t:|1782755937\n|switch|p1a: Excadrill|Excadrill, L79, F|223/303\n|-ability|p1a: Excadrill|Mold Breaker\n|turn|35\n|\n|t:|1782755940\n|move|p2a: Illumise|Bug Buzz|p1a: Excadrill\n|-resisted|p1a: Excadrill\n|-damage|p1a: Excadrill|186/303\n|move|p1a: Excadrill|Rock Slide|p2a: Illumise\n|-supereffective|p2a: Illumise\n|-damage|p2a: Illumise|83/266\n|\n|upkeep\n|turn|36\n|\n|t:|1782755948\n|move|p2a: Illumise|Roost|p2a: Illumise\n|-heal|p2a: Illumise|216/266\n|-singleturn|p2a: Illumise|move: Roost\n|move|p1a: Excadrill|Rock Slide|p2a: Illumise\n|-supereffective|p2a: Illumise\n|-damage|p2a: Illumise|92/266\n|\n|upkeep\n|turn|37\n|\n|t:|1782755951\n|move|p2a: Illumise|Roost|p2a: Illumise\n|-heal|p2a: Illumise|225/266\n|-singleturn|p2a: Illumise|move: Roost\n|move|p1a: Excadrill|Rock Slide|p2a: Illumise\n|-supereffective|p2a: Illumise\n|-damage|p2a: Illumise|97/266\n|\n|upkeep\n|turn|38\n|\n|t:|1782755954\n|move|p2a: Illumise|Roost|p2a: Illumise\n|-heal|p2a: Illumise|230/266\n|-singleturn|p2a: Illumise|move: Roost\n|move|p1a: Excadrill|Rock Slide|p2a: Illumise\n|-supereffective|p2a: Illumise\n|-damage|p2a: Illumise|102/266\n|\n|upkeep\n|turn|39\n|\n|t:|1782755958\n|move|p2a: Illumise|Roost|p2a: Illumise\n|-heal|p2a: Illumise|235/266\n|-singleturn|p2a: Illumise|move: Roost\n|move|p1a: Excadrill|Rock Slide|p2a: Illumise\n|-supereffective|p2a: Illumise\n|-damage|p2a: Illumise|115/266\n|\n|upkeep\n|turn|40\n|\n|t:|1782755962\n|move|p2a: Illumise|Roost|p2a: Illumise\n|-heal|p2a: Illumise|248/266\n|-singleturn|p2a: Illumise|move: Roost\n|move|p1a: Excadrill|Rock Slide|p2a: Illumise\n|-supereffective|p2a: Illumise\n|-damage|p2a: Illumise|128/266\n|\n|upkeep\n|turn|41\n|\n|t:|1782755965\n|move|p2a: Illumise|Roost|p2a: Illumise\n|-heal|p2a: Illumise|261/266\n|-singleturn|p2a: Illumise|move: Roost\n|move|p1a: Excadrill|Rock Slide|p2a: Illumise|[miss]\n|-miss|p1a: Excadrill|p2a: Illumise\n|\n|upkeep\n|turn|42\n|\n|t:|1782755968\n|move|p2a: Illumise|Bug Buzz|p1a: Excadrill\n|-resisted|p1a: Excadrill\n|-damage|p1a: Excadrill|147/303\n|-unboost|p1a: Excadrill|spd|1\n|move|p1a: Excadrill|Rock Slide|p2a: Illumise\n|-supereffective|p2a: Illumise\n|-damage|p2a: Illumise|129/266\n|\n|upkeep\n|turn|43\n|\n|t:|1782755975\n|move|p2a: Illumise|Roost|p2a: Illumise\n|-heal|p2a: Illumise|262/266\n|-singleturn|p2a: Illumise|move: Roost\n|move|p1a: Excadrill|Rock Slide|p2a: Illumise\n|-supereffective|p2a: Illumise\n|-damage|p2a: Illumise|140/266\n|\n|upkeep\n|turn|44\n|\n|t:|1782755978\n|move|p2a: Illumise|Bug Buzz|p1a: Excadrill\n|-resisted|p1a: Excadrill\n|-damage|p1a: Excadrill|87/303\n|move|p1a: Excadrill|Rock Slide|p2a: Illumise\n|-supereffective|p2a: Illumise\n|-damage|p2a: Illumise|0 fnt\n|faint|p2a: Illumise\n|\n|upkeep\n|\n|t:|1782755982\n|switch|p2a: Amoonguss|Amoonguss, L82, M|229/321 par\n|turn|45\n|\n|t:|1782755985\n|move|p1a: Excadrill|Iron Head|p2a: Amoonguss\n|-damage|p2a: Amoonguss|115/321 par\n|move|p2a: Amoonguss|Spore|p1a: Excadrill\n|-status|p1a: Excadrill|slp|[from] move: Spore\n|\n|-heal|p2a: Amoonguss|135/321 par|[from] item: Leftovers\n|upkeep\n|turn|46\n|\n|t:|1782755990\n|cant|p1a: Excadrill|slp\n|move|p2a: Amoonguss|Giga Drain|p1a: Excadrill\n|-damage|p1a: Excadrill|0 fnt\n|-heal|p2a: Amoonguss|179/321 par|[from] drain|[of] p1a: Excadrill\n|faint|p1a: Excadrill\n|\n|win|mr clevage\n|raw|Christmasrieth12's rating: 2131 &rarr; <strong>2112</strong><br />(-19 for losing)\n|raw|mr clevage's rating: 2140 &rarr; <strong>2159</strong><br />(+19 for winning)\n", "inputlog": ">version f8ac14003a5f27e1bdc8d8c59608a773c1cb96e5\n>start {\"formatid\":\"gen9randombattle\",\"seed\":\"sodium,e41b696231d408037d3d79e1ed9d1d2e\",\"rated\":\"Rated battle\"}\n>player p1 {\"name\":\"Christmasrieth12\",\"avatar\":\"102\",\"rating\":2131,\"seed\":\"sodium,ae8227eb534b65a77b6d18a31c24f858\"}\n>player p2 {\"name\":\"mr clevage\",\"avatar\":\"blaine\",\"rating\":2140,\"seed\":\"sodium,acba8fd62beb0685af3fa35cb3e609a5\"}\n>p1 move flashcannon\n>p2 switch 2\n>p1 switch 6\n>p2 move surf\n>p1 move toxic\n>p2 switch 4\n>p1 move poltergeist\n>p2 move toxic\n>p1 switch 4\n>p2 switch 6\n>p1 move darkpulse\n>p2 switch 5\n>p1 switch 3\n>p2 move focusblast\n>p1 move alluringvoice\n>p2 switch 6\n>p1 move thunderwave\n>p2 move sludgebomb\n>p1 switch 4\n>p2 move sludgebomb\n>p1 move poltergeist\n>p2 move sludgebomb\n>p1 move poltergeist\n>p2 switch 6\n>p2 switch 3\n>p1 move poltergeist\n>p2 move victorydance\n>p1 move toxic\n>p2 move victorydance\n>p1 switch 6\n>p2 move icespinner\n>p1 switch 6\n>p2 move icespinner\n>p1 switch 4\n>p1 move protect\n>p2 move closecombat\n>p2 switch 2\n>p1 move thunderwave\n>p2 move bodypress\n>p1 switch 6\n>p1 switch 3\n>p2 switch 4\n>p1 move darkpulse terastallize\n>p2 move earthquake\n>p1 move darkpulse\n>p2 switch 4\n>p1 switch 3\n>p2 move rest\n>p1 move voltswitch\n>p2 move irondefense terastallize\n>p1 switch 5\n>p1 move shellsmash\n>p2 switch 5\n>p1 switch 5\n>p2 switch 4\n>p1 move bodypress\n>p2 move recover\n>p1 move bodypress\n>p2 move earthquake\n>p1 switch 3\n>p1 move darkpulse\n>p2 move recover\n>p2 switch 5\n>p1 switch 5\n>p2 move bodypress\n>p1 move hydropump\n>p2 move bodypress\n>p1 switch 5\n>p1 move psychic\n>p2 move bodypress\n>p2 switch 4\n>p1 switch 2\n>p2 move bugbuzz\n>p1 move earthquake\n>p2 move bugbuzz\n>p1 switch 2\n>p2 move bugbuzz\n>p1 switch 2\n>p1 move rockslide\n>p2 move bugbuzz\n>p1 move rockslide\n>p2 move roost\n>p1 move rockslide\n>p2 move roost\n>p1 move rockslide\n>p2 move roost\n>p1 move rockslide\n>p2 move roost\n>p1 move rockslide\n>p2 move roost\n>p1 move rockslide\n>p2 move roost\n>p1 move rockslide\n>p2 move bugbuzz\n>p1 move rockslide\n>p2 move roost\n>p1 move rockslide\n>p2 move bugbuzz\n>p2 switch 6\n>p1 move ironhead\n>p2 move spore\n>p1 move earthquake\n>p2 move gigadrain", "uploadtime": 1782755990, "views": 9, "formatid": "gen9randombattle", "rating": 2112, "private": 0, "password": null, "player_dets": [{"name": "Christmasrieth12", "avatar": "102", "rating": 2131, "seed": "sodium,ae8227eb534b65a77b6d18a31c24f858"}, {"name": "mr clevage", "avatar": "blaine", "rating": 2140, "seed": "sodium,acba8fd62beb0685af3fa35cb3e609a5"}], "teams_full": [{"Magnezone": {"name": "Magnezone", "species": "Magnezone", "speciesId": "magnezone", "gender": "N", "shiny": false, "level": 85, "moves": ["voltswitch", "bodypress", "thunderbolt", "flashcannon"], "ability": "Analytic", "evs": {"hp": 85, "atk": 0, "def": 85, "spa": 85, "spd": 85, "spe": 85}, "ivs": {"hp": 31, "atk": 0, "def": 31, "spa": 31, "spd": 31, "spe": 31}, "item": "Assault Vest", "teraType": "Flying", "role": "AV Pivot", "bvs": {"hp": 70, "atk": 70, "def": 115, "spa": 130, "spd": 90, "spe": 60}, "stats": {"hp": 258, "atk": 124, "def": 244, "spa": 270, "spd": 202, "spe": 151}, "types": ["Electric", "Steel"]}, "Excadrill": {"name": "Excadrill", "species": "Excadrill", "speciesId": "excadrill", "gender": "F", "shiny": false, "level": 79, "moves": ["rockslide", "ironhead", "earthquake", "rapidspin"], "ability": "Mold Breaker", "evs": {"hp": 85, "atk": 85, "def": 85, "spa": 85, "spd": 85, "spe": 85}, "ivs": {"hp": 31, "atk": 31, "def": 31, "spa": 31, "spd": 31, "spe": 31}, "item": "Assault Vest", "teraType": "Grass", "role": "AV Pivot", "bvs": {"hp": 110, "atk": 135, "def": 60, "spa": 50, "spd": 65, "spe": 88}, "stats": {"hp": 303, "atk": 259, "def": 140, "spa": 125, "spd": 148, "spe": 185}, "types": ["Ground", "Steel"]}, "Wigglytuff": {"name": "Wigglytuff", "species": "Wigglytuff", "speciesId": "wigglytuff", "gender": "F", "shiny": false, "level": 96, "moves": ["alluringvoice", "thunderwave", "protect", "wish"], "ability": "Competitive", "evs": {"hp": 85, "atk": 0, "def": 85, "spa": 85, "spd": 85, "spe": 85}, "ivs": {"hp": 31, "atk": 0, "def": 31, "spa": 31, "spd": 31, "spe": 31}, "item": "Leftovers", "teraType": "Steel", "role": "Bulky Support", "bvs": {"hp": 140, "atk": 70, "def": 45, "spa": 85, "spd": 50, "spe": 45}, "stats": {"hp": 424, "atk": 139, "def": 141, "spa": 218, "spd": 150, "spe": 141}, "types": ["Normal", "Fairy"]}, "Chi-Yu": {"name": "Chi-Yu", "species": "Chi-Yu", "speciesId": "chiyu", "gender": "N", "shiny": false, "level": 77, "moves": ["psychic", "darkpulse", "overheat", "flamethrower"], "ability": "Beads of Ruin", "evs": {"hp": 85, "atk": 0, "def": 85, "spa": 85, "spd": 85, "spe": 85}, "ivs": {"hp": 31, "atk": 0, "def": 31, "spa": 31, "spd": 31, "spe": 31}, "item": "Choice Specs", "teraType": "Dark", "role": "Fast Attacker", "bvs": {"hp": 55, "atk": 80, "def": 80, "spa": 135, "spd": 120, "spe": 100}, "stats": {"hp": 211, "atk": 128, "def": 168, "spa": 252, "spd": 229, "spe": 199}, "types": ["Dark", "Fire"]}, "Blastoise": {"name": "Blastoise", "species": "Blastoise", "speciesId": "blastoise", "gender": "M", "shiny": false, "level": 80, "moves": ["terablast", "hydropump", "icebeam", "shellsmash"], "ability": "Torrent", "evs": {"hp": 85, "atk": 0, "def": 85, "spa": 85, "spd": 85, "spe": 85}, "ivs": {"hp": 31, "atk": 0, "def": 31, "spa": 31, "spd": 31, "spe": 31}, "item": "White Herb", "teraType": "Electric", "role": "Tera Blast user", "bvs": {"hp": 79, "atk": 83, "def": 100, "spa": 85, "spd": 105, "spe": 78}, "stats": {"hp": 258, "atk": 137, "def": 206, "spa": 182, "spd": 214, "spe": 171}, "types": ["Water"]}, "Trevenant": {"name": "Trevenant", "species": "Trevenant", "speciesId": "trevenant", "gender": "F", "shiny": false, "level": 89, "moves": ["protect", "poltergeist", "toxic", "drainpunch"], "ability": "Harvest", "evs": {"hp": 85, "atk": 85, "def": 85, "spa": 85, "spd": 85, "spe": 85}, "ivs": {"hp": 31, "atk": 31, "def": 31, "spa": 31, "spd": 31, "spe": 31}, "item": "Sitrus Berry", "teraType": "Fairy", "role": "Bulky Support", "bvs": {"hp": 85, "atk": 110, "def": 76, "spa": 65, "spd": 82, "spe": 56}, "stats": {"hp": 296, "atk": 247, "def": 186, "spa": 166, "spd": 197, "spe": 150}, "types": ["Ghost", "Grass"]}}, {"Carbink": {"name": "Carbink", "species": "Carbink", "speciesId": "carbink", "gender": "N", "shiny": false, "level": 90, "moves": ["irondefense", "rest", "bodypress", "moonblast"], "ability": "Clear Body", "evs": {"hp": 85, "atk": 0, "def": 85, "spa": 85, "spd": 85, "spe": 85}, "ivs": {"hp": 31, "atk": 0, "def": 31, "spa": 31, "spd": 31, "spe": 31}, "item": "Chesto Berry", "teraType": "Fighting", "role": "Fast Bulky Setup", "bvs": {"hp": 50, "atk": 50, "def": 150, "spa": 50, "spd": 150, "spe": 50}, "stats": {"hp": 236, "atk": 95, "def": 321, "spa": 141, "spd": 321, "spe": 141}, "types": ["Rock", "Fairy"]}, "Gastrodon": {"name": "Gastrodon", "species": "Gastrodon-East", "speciesId": "gastrodon", "gender": "F", "shiny": false, "level": 86, "moves": ["recover", "earthquake", "surf", "sludgebomb"], "ability": "Storm Drain", "evs": {"hp": 85, "atk": 85, "def": 85, "spa": 85, "spd": 85, "spe": 85}, "ivs": {"hp": 31, "atk": 31, "def": 31, "spa": 31, "spd": 31, "spe": 31}, "item": "Leftovers", "teraType": "Poison", "role": "Bulky Support", "bvs": {"hp": 111, "atk": 83, "def": 68, "spa": 92, "spd": 82, "spe": 39}, "stats": {"hp": 331, "atk": 192, "def": 166, "spa": 207, "spd": 190, "spe": 116}, "types": ["Water", "Ground"]}, "Lilligant": {"name": "Lilligant", "species": "Lilligant-Hisui", "speciesId": "lilliganthisui", "gender": "F", "shiny": false, "level": 79, "moves": ["icespinner", "leafblade", "closecombat", "victorydance"], "ability": "Hustle", "evs": {"hp": 85, "atk": 85, "def": 85, "spa": 85, "spd": 85, "spe": 85}, "ivs": {"hp": 31, "atk": 31, "def": 31, "spa": 31, "spd": 31, "spe": 31}, "item": "Wide Lens", "teraType": "Steel", "role": "Setup Sweeper", "bvs": {"hp": 70, "atk": 105, "def": 75, "spa": 50, "spd": 75, "spe": 105}, "stats": {"hp": 240, "atk": 211, "def": 164, "spa": 125, "spd": 164, "spe": 211}, "types": ["Grass", "Fighting"]}, "Amoonguss": {"name": "Amoonguss", "species": "Amoonguss", "speciesId": "amoonguss", "gender": "M", "shiny": false, "level": 82, "moves": ["gigadrain", "sludgebomb", "toxic", "spore"], "ability": "Regenerator", "evs": {"hp": 85, "atk": 0, "def": 85, "spa": 85, "spd": 85, "spe": 85}, "ivs": {"hp": 31, "atk": 0, "def": 31, "spa": 31, "spd": 31, "spe": 31}, "item": "Leftovers", "teraType": "Water", "role": "Bulky Support", "bvs": {"hp": 114, "atk": 85, "def": 70, "spa": 85, "spd": 80, "spe": 30}, "stats": {"hp": 321, "atk": 144, "def": 162, "spa": 187, "spd": 178, "spe": 96}, "types": ["Grass", "Poison"]}, "Grumpig": {"name": "Grumpig", "species": "Grumpig", "speciesId": "grumpig", "gender": "F", "shiny": false, "level": 92, "moves": ["focusblast", "psychic", "shadowball", "nastyplot"], "ability": "Thick Fat", "evs": {"hp": 85, "atk": 0, "def": 85, "spa": 85, "spd": 85, "spe": 85}, "ivs": {"hp": 31, "atk": 0, "def": 31, "spa": 31, "spd": 31, "spe": 31}, "item": "Leftovers", "teraType": "Fighting", "role": "Bulky Setup", "bvs": {"hp": 80, "atk": 45, "def": 65, "spa": 90, "spd": 110, "spe": 80}, "stats": {"hp": 297, "atk": 87, "def": 172, "spa": 218, "spd": 255, "spe": 200}, "types": ["Psychic"]}, "Illumise": {"name": "Illumise", "species": "Illumise", "speciesId": "illumise", "gender": "F", "shiny": false, "level": 91, "moves": ["roost", "thunderwave", "encore", "bugbuzz"], "ability": "Prankster", "evs": {"hp": 85, "atk": 0, "def": 85, "spa": 85, "spd": 85, "spe": 85}, "ivs": {"hp": 31, "atk": 0, "def": 31, "spa": 31, "spd": 31, "spe": 31}, "item": "Heavy-Duty Boots", "teraType": "Steel", "role": "Bulky Support", "bvs": {"hp": 65, "atk": 47, "def": 75, "spa": 73, "spd": 85, "spe": 85}, "stats": {"hp": 266, "atk": 90, "def": 188, "spa": 185, "spd": 207, "spe": 207}, "types": ["Bug"]}}]}