{"id": "gen9randombattle-2641239557", "format": "[Gen 9] Random Battle", "players": ["MadeInChina123", "ParanoidDandroid"], "log": "|j|\u2606MadeInChina123\n|j|\u2606ParanoidDandroid\n|t:|1782757735\n|gametype|singles\n|player|p1|MadeInChina123|teamrocket|1902\n|player|p2|ParanoidDandroid|265|1960\n|gen|9\n|tier|[Gen 9] Random Battle\n|rated|\n|rule|Species Clause: Limit one of each Pok\u00e9mon\n|rule|HP Percentage Mod: HP is shown in percentages\n|rule|Sleep Clause Mod: Limit one foe put to sleep\n|rule|Illusion Level Mod: Illusion disguises the Pok\u00e9mon's true level\n|\n|t:|1782757735\n|teamsize|p1|6\n|teamsize|p2|6\n|start\n|switch|p1a: Wugtrio|Wugtrio, L91, M|212/212\n|switch|p2a: Iron Bundle|Iron Bundle, L78|215/215\n|turn|1\n|\n|t:|1782757756\n|switch|p1a: Chansey|Chansey, L85, F|564/564\n|move|p2a: Iron Bundle|Flip Turn|p1a: Chansey\n|-damage|p1a: Chansey|461/564\n|\n|t:|1782757769\n|-end|p2a: Iron Bundle|Quark Drive|[silent]\n|switch|p2a: Grumpig|Grumpig, L92, M|297/297|[from] Flip Turn\n|\n|upkeep\n|turn|2\n|\n|t:|1782757785\n|move|p2a: Grumpig|Trick|p1a: Chansey\n|-activate|p2a: Grumpig|move: Trick|[of] p1a: Chansey\n|-item|p1a: Chansey|Choice Scarf|[from] move: Trick\n|-item|p2a: Grumpig|Eviolite|[from] move: Trick\n|move|p1a: Chansey|Thunder Wave|p2a: Grumpig|[miss]\n|-miss|p1a: Chansey|p2a: Grumpig\n|\n|upkeep\n|turn|3\n|\n|t:|1782757800\n|switch|p2a: Klefki|Klefki, L84, F|233/233\n|move|p1a: Chansey|Thunder Wave|p2a: Klefki\n|-status|p2a: Klefki|par\n|\n|upkeep\n|turn|4\n|\n|t:|1782757827\n|switch|p1a: Deoxys|Deoxys-Defense, L84|221/221\n|-ability|p1a: Deoxys|Pressure\n|move|p2a: Klefki|Spikes|p1a: Deoxys\n|-sidestart|p1: MadeInChina123|Spikes\n|\n|upkeep\n|turn|5\n|\n|t:|1782757833\n|move|p2a: Klefki|Thunder Wave|p1a: Deoxys\n|-status|p1a: Deoxys|par\n|move|p1a: Deoxys|Spikes|p2a: Klefki\n|-sidestart|p2: ParanoidDandroid|Spikes\n|\n|upkeep\n|turn|6\n|\n|t:|1782757841\n|switch|p2a: Terapagos|Terapagos, L77, F|219/219\n|-damage|p2a: Terapagos|192/219|[from] Spikes\n|move|p1a: Deoxys|Spikes|p2a: Terapagos\n|-sidestart|p2: ParanoidDandroid|Spikes\n|\n|upkeep\n|turn|7\n|\n|t:|1782757852\n|switch|p1a: Chansey|Chansey, L85, F|461/564\n|-damage|p1a: Chansey|391/564|[from] Spikes\n|move|p2a: Terapagos|Poltergeist|p1a: Chansey\n|-immune|p1a: Chansey\n|\n|upkeep\n|turn|8\n|\n|t:|1782757862\n|switch|p2a: Klefki|Klefki, L84, F|233/233 par\n|-damage|p2a: Klefki|195/233 par|[from] Spikes\n|move|p1a: Chansey|Seismic Toss|p2a: Klefki\n|-damage|p2a: Klefki|110/233 par\n|\n|-heal|p2a: Klefki|124/233 par|[from] item: Leftovers\n|upkeep\n|turn|9\n|\n|t:|1782757873\n|switch|p2a: Terapagos|Terapagos, L77, F|192/219\n|-damage|p2a: Terapagos|156/219|[from] Spikes\n|move|p1a: Chansey|Seismic Toss|p2a: Terapagos\n|-immune|p2a: Terapagos\n|\n|upkeep\n|turn|10\n|\n|t:|1782757885\n|switch|p1a: Wugtrio|Wugtrio, L91, M|212/212\n|-damage|p1a: Wugtrio|186/212|[from] Spikes\n|move|p2a: Terapagos|Focus Blast|p1a: Wugtrio|[miss]\n|-miss|p2a: Terapagos|p1a: Wugtrio\n|\n|upkeep\n|turn|11\n|\n|t:|1782757894\n|switch|p2a: Vaporeon|Vaporeon, L86, M|364/364\n|-damage|p2a: Vaporeon|304/364|[from] Spikes\n|move|p1a: Wugtrio|Liquidation|p2a: Vaporeon\n|-heal|p2a: Vaporeon|364/364|[from] ability: Water Absorb|[of] p1a: Wugtrio\n|\n|upkeep\n|turn|12\n|\n|t:|1782757907\n|switch|p1a: Chansey|Chansey, L85, F|391/564\n|-damage|p1a: Chansey|321/564|[from] Spikes\n|move|p2a: Vaporeon|Wish|p2a: Vaporeon\n|\n|upkeep\n|turn|13\n|\n|t:|1782757918\n|switch|p2a: Klefki|Klefki, L84, F|124/233 par\n|-damage|p2a: Klefki|86/233 par|[from] Spikes\n|move|p1a: Chansey|Soft-Boiled|p1a: Chansey\n|-heal|p1a: Chansey|564/564\n|\n|-heal|p2a: Klefki|233/233 par|[from] move: Wish|[wisher] Vaporeon\n|upkeep\n|turn|14\n|\n|t:|1782757927\n|switch|p1a: Deoxys|Deoxys-Defense, L84|221/221 par\n|-damage|p1a: Deoxys|194/221 par|[from] Spikes\n|-ability|p1a: Deoxys|Pressure\n|move|p2a: Klefki|Spikes|p1a: Deoxys\n|-sidestart|p1: MadeInChina123|Spikes\n|\n|upkeep\n|turn|15\n|\n|t:|1782757944\n|cant|p1a: Deoxys|par\n|move|p2a: Klefki|Play Rough|p1a: Deoxys\n|-damage|p1a: Deoxys|145/221 par\n|-damage|p2a: Klefki|195/233 par|[from] item: Rocky Helmet|[of] p1a: Deoxys\n|\n|-heal|p2a: Klefki|209/233 par|[from] item: Leftovers\n|upkeep\n|turn|16\n|\n|t:|1782757983\n|switch|p2a: Terapagos|Terapagos, L77, F|156/219\n|-damage|p2a: Terapagos|120/219|[from] Spikes\n|move|p1a: Deoxys|Recover|p1a: Deoxys\n|-heal|p1a: Deoxys|221/221 par\n|\n|upkeep\n|turn|17\n|\n|t:|1782757991\n|switch|p1a: Chansey|Chansey, L85, F|564/564\n|-damage|p1a: Chansey|470/564|[from] Spikes\n|move|p2a: Terapagos|Poltergeist|p1a: Chansey\n|-immune|p1a: Chansey\n|\n|upkeep\n|turn|18\n|\n|t:|1782758000\n|switch|p2a: Klefki|Klefki, L84, F|209/233 par\n|-damage|p2a: Klefki|171/233 par|[from] Spikes\n|move|p1a: Chansey|Seismic Toss|p2a: Klefki\n|-damage|p2a: Klefki|86/233 par\n|\n|-heal|p2a: Klefki|100/233 par|[from] item: Leftovers\n|upkeep\n|turn|19\n|\n|t:|1782758010\n|cant|p2a: Klefki|par\n|move|p1a: Chansey|Seismic Toss|p2a: Klefki\n|-damage|p2a: Klefki|15/233 par\n|\n|-heal|p2a: Klefki|29/233 par|[from] item: Leftovers\n|upkeep\n|turn|20\n|\n|t:|1782758019\n|move|p2a: Klefki|Spikes|p1a: Chansey\n|-sidestart|p1: MadeInChina123|Spikes\n|move|p1a: Chansey|Seismic Toss|p2a: Klefki\n|-damage|p2a: Klefki|0 fnt\n|faint|p2a: Klefki\n|\n|upkeep\n|\n|t:|1782758025\n|switch|p2a: Terapagos|Terapagos, L77, F|120/219\n|-damage|p2a: Terapagos|84/219|[from] Spikes\n|turn|21\n|\n|t:|1782758030\n|move|p2a: Terapagos|Focus Blast|p1a: Chansey|[miss]\n|-miss|p2a: Terapagos|p1a: Chansey\n|move|p1a: Chansey|Seismic Toss|p2a: Terapagos\n|-immune|p2a: Terapagos\n|\n|upkeep\n|turn|22\n|inactive|Battle timer is ON: inactive players will automatically lose when time's up. (requested by ParanoidDandroid)\n|\n|t:|1782758083\n|switch|p1a: Deoxys|Deoxys-Defense, L84|221/221 par\n|-damage|p1a: Deoxys|166/221 par|[from] Spikes\n|-ability|p1a: Deoxys|Pressure\n|move|p2a: Terapagos|Will-O-Wisp|p1a: Deoxys|[miss]\n|-miss|p2a: Terapagos|p1a: Deoxys\n|\n|upkeep\n|turn|23\n|\n|t:|1782758104\n|move|p2a: Terapagos|Poltergeist|p1a: Deoxys\n|-activate|p1a: Deoxys|move: Poltergeist|Rocky Helmet\n|-supereffective|p1a: Deoxys\n|-damage|p1a: Deoxys|0 fnt\n|faint|p1a: Deoxys\n|-damage|p2a: Terapagos|63/219|[from] item: Life Orb\n|\n|upkeep\n|inactive|MadeInChina123 has 120 seconds left.\n|inactive|MadeInChina123 has 90 seconds left.\n|\n|t:|1782758158\n|switch|p1a: Abomasnow|Abomasnow, L84, M|287/287\n|-damage|p1a: Abomasnow|216/287|[from] Spikes\n|-weather|Snowscape|[from] ability: Snow Warning|[of] p1a: Abomasnow\n|turn|24\n|\n|t:|1782758168\n|switch|p2a: Grumpig|Grumpig, L92, M|297/297\n|-damage|p2a: Grumpig|248/297|[from] Spikes\n|move|p1a: Abomasnow|Aurora Veil|p1a: Abomasnow\n|-sidestart|p1: MadeInChina123|move: Aurora Veil\n|\n|-weather|Snowscape|[upkeep]\n|upkeep\n|turn|25\n|inactive|MadeInChina123 has 90 seconds left.\n|\n|t:|1782758191\n|move|p2a: Grumpig|Focus Blast|p1a: Abomasnow\n|-supereffective|p1a: Abomasnow\n|-damage|p1a: Abomasnow|114/287\n|move|p1a: Abomasnow|Wood Hammer|p2a: Grumpig\n|-damage|p2a: Grumpig|112/297\n|-damage|p1a: Abomasnow|69/287|[from] Recoil\n|\n|-weather|Snowscape|[upkeep]\n|upkeep\n|turn|26\n|inactive|MadeInChina123 has 90 seconds left.\n|\n|t:|1782758201\n|move|p2a: Grumpig|Focus Blast|p1a: Abomasnow\n|-supereffective|p1a: Abomasnow\n|-damage|p1a: Abomasnow|0 fnt\n|faint|p1a: Abomasnow\n|\n|-weather|Snowscape|[upkeep]\n|upkeep\n|inactive|MadeInChina123 has 90 seconds left.\n|\n|t:|1782758222\n|switch|p1a: Jumpluff|Jumpluff, L87, M|271/271\n|turn|27\n|\n|t:|1782758229\n|move|p1a: Jumpluff|Substitute|p1a: Jumpluff\n|-start|p1a: Jumpluff|Substitute\n|-damage|p1a: Jumpluff|204/271\n|move|p2a: Grumpig|Psyshock|p1a: Jumpluff\n|-activate|p1a: Jumpluff|move: Substitute|[damage]\n|\n|-weather|Snowscape|[upkeep]\n|upkeep\n|turn|28\n|\n|t:|1782758240\n|move|p1a: Jumpluff|Acrobatics|p2a: Grumpig\n|-damage|p2a: Grumpig|24/297\n|move|p2a: Grumpig|Psyshock|p1a: Jumpluff\n|-end|p1a: Jumpluff|Substitute\n|\n|-weather|none\n|upkeep\n|turn|29\n|\n|t:|1782758252\n|move|p1a: Jumpluff|Substitute|p1a: Jumpluff\n|-start|p1a: Jumpluff|Substitute\n|-damage|p1a: Jumpluff|137/271\n|move|p2a: Grumpig|Psyshock|p1a: Jumpluff\n|-activate|p1a: Jumpluff|move: Substitute|[damage]\n|\n|upkeep\n|turn|30\n|\n|t:|1782758258\n|move|p1a: Jumpluff|Acrobatics|p2a: Grumpig\n|-damage|p2a: Grumpig|0 fnt\n|faint|p2a: Grumpig\n|\n|upkeep\n|\n|t:|1782758267\n|switch|p2a: Iron Bundle|Iron Bundle, L78|215/215\n|-damage|p2a: Iron Bundle|180/215|[from] Spikes\n|turn|31\n|inactive|MadeInChina123 has 90 seconds left.\n|\n|t:|1782758285\n|move|p2a: Iron Bundle|Flip Turn|p1a: Jumpluff\n|-resisted|p1a: Jumpluff\n|-activate|p1a: Jumpluff|move: Substitute|[damage]\n|\n|t:|1782758288\n|-end|p2a: Iron Bundle|Quark Drive|[silent]\n|switch|p2a: Vaporeon|Vaporeon, L86, M|364/364|[from] Flip Turn\n|-damage|p2a: Vaporeon|304/364|[from] Spikes\n|move|p1a: Jumpluff|Acrobatics|p2a: Vaporeon\n|-damage|p2a: Vaporeon|202/364\n|\n|-heal|p2a: Vaporeon|224/364|[from] item: Leftovers\n|-sideend|p1: MadeInChina123|move: Aurora Veil\n|upkeep\n|turn|32\n|\n|t:|1782758298\n|move|p1a: Jumpluff|Leech Seed|p2a: Vaporeon\n|-start|p2a: Vaporeon|move: Leech Seed\n|move|p2a: Vaporeon|Wish|p2a: Vaporeon\n|\n|-heal|p2a: Vaporeon|246/364|[from] item: Leftovers\n|-damage|p2a: Vaporeon|201/364|[from] Leech Seed|[of] p1a: Jumpluff\n|-heal|p1a: Jumpluff|182/271|[silent]\n|upkeep\n|turn|33\n|\n|t:|1782758309\n|switch|p2a: Iron Bundle|Iron Bundle, L78|180/215\n|-damage|p2a: Iron Bundle|145/215|[from] Spikes\n|move|p1a: Jumpluff|Acrobatics|p2a: Iron Bundle\n|-damage|p2a: Iron Bundle|66/215\n|\n|-heal|p2a: Iron Bundle|215/215|[from] move: Wish|[wisher] Vaporeon\n|upkeep\n|turn|34\n|\n|t:|1782758331\n|move|p2a: Iron Bundle|Ice Beam|p1a: Jumpluff\n|-supereffective|p1a: Jumpluff\n|-end|p1a: Jumpluff|Substitute\n|move|p1a: Jumpluff|Acrobatics|p2a: Iron Bundle\n|-damage|p2a: Iron Bundle|145/215\n|\n|upkeep\n|turn|35\n|\n|t:|1782758337\n|switch|p1a: Chansey|Chansey, L85, F|470/564\n|-damage|p1a: Chansey|329/564|[from] Spikes\n|move|p2a: Iron Bundle|Ice Beam|p1a: Chansey\n|-damage|p1a: Chansey|197/564\n|\n|upkeep\n|turn|36\n|\n|t:|1782758348\n|-end|p2a: Iron Bundle|Quark Drive|[silent]\n|switch|p2a: Vaporeon|Vaporeon, L86, M|201/364\n|-damage|p2a: Vaporeon|141/364|[from] Spikes\n|move|p1a: Chansey|Thunder Wave|p2a: Vaporeon\n|-status|p2a: Vaporeon|par\n|\n|-heal|p2a: Vaporeon|163/364 par|[from] item: Leftovers\n|upkeep\n|turn|37\n|\n|t:|1782758356\n|switch|p1a: Jumpluff|Jumpluff, L87, M|182/271\n|move|p2a: Vaporeon|Wish|p2a: Vaporeon\n|\n|-heal|p2a: Vaporeon|185/364 par|[from] item: Leftovers\n|upkeep\n|turn|38\n|\n|t:|1782758362\n|switch|p2a: Iron Bundle|Iron Bundle, L78|145/215\n|-damage|p2a: Iron Bundle|110/215|[from] Spikes\n|move|p1a: Jumpluff|Leech Seed|p2a: Iron Bundle\n|-start|p2a: Iron Bundle|move: Leech Seed\n|\n|-heal|p2a: Iron Bundle|215/215|[from] move: Wish|[wisher] Vaporeon\n|-damage|p2a: Iron Bundle|189/215|[from] Leech Seed|[of] p1a: Jumpluff\n|-heal|p1a: Jumpluff|208/271|[silent]\n|upkeep\n|turn|39\n|\n|t:|1782758374\n|switch|p1a: Chansey|Chansey, L85, F|197/564\n|-damage|p1a: Chansey|56/564|[from] Spikes\n|move|p2a: Iron Bundle|Hydro Pump|p1a: Chansey\n|-damage|p1a: Chansey|0 fnt\n|faint|p1a: Chansey\n|\n|upkeep\n|inactive|MadeInChina123 has 120 seconds left.\n|\n|t:|1782758396\n|switch|p1a: Wugtrio|Wugtrio, L91, M|186/212\n|-damage|p1a: Wugtrio|133/212|[from] Spikes\n|turn|40\n|\n|t:|1782758405\n|-end|p2a: Iron Bundle|Quark Drive|[silent]\n|switch|p2a: Terapagos|Terapagos, L77, F|63/219\n|-damage|p2a: Terapagos|27/219|[from] Spikes\n|move|p1a: Wugtrio|Throat Chop|p2a: Terapagos\n|-supereffective|p2a: Terapagos\n|-damage|p2a: Terapagos|0 fnt\n|replace|p2a: Zoroark|Zoroark-Hisui, L80, M\n|-end|p2a: Zoroark|Illusion\n|-hint|Illusion Level Mod is active, so this Pok\u00e9mon's true level was hidden.\n|faint|p2a: Zoroark\n|\n|upkeep\n|\n|t:|1782758416\n|switch|p2a: Terapagos|Terapagos, L77, F|265/265\n|-activate|p2a: Terapagos|ability: Tera Shift\n|detailschange|p2a: Terapagos|Terapagos-Terastal, L77, F\n|-heal|p2a: Terapagos|273/273|[silent]\n|-damage|p2a: Terapagos|228/273|[from] Spikes\n|turn|41\n|\n|t:|1782758432\n|switch|p1a: Salazzle|Salazzle, L83, F|249/249\n|move|p2a: Terapagos|Calm Mind|p2a: Terapagos\n|-boost|p2a: Terapagos|spa|1\n|-boost|p2a: Terapagos|spd|1\n|\n|upkeep\n|turn|42\n|\n|t:|1782758439\n|move|p1a: Salazzle|Nasty Plot|p1a: Salazzle\n|-boost|p1a: Salazzle|spa|2\n|move|p2a: Terapagos|Tera Starstorm|p1a: Salazzle\n|-damage|p1a: Salazzle|20/249\n|\n|upkeep\n|turn|43\n|\n|t:|1782758448\n|move|p1a: Salazzle|Fire Blast|p2a: Terapagos\n|-damage|p2a: Terapagos|65/273\n|move|p2a: Terapagos|Tera Starstorm|p1a: Salazzle\n|-damage|p1a: Salazzle|0 fnt\n|faint|p1a: Salazzle\n|\n|upkeep\n|\n|t:|1782758461\n|switch|p1a: Jumpluff|Jumpluff, L87, M|208/271\n|turn|44\n|\n|t:|1782758473\n|move|p1a: Jumpluff|Substitute|p1a: Jumpluff\n|-start|p1a: Jumpluff|Substitute\n|-damage|p1a: Jumpluff|141/271\n|move|p2a: Terapagos|Rest|p2a: Terapagos\n|-status|p2a: Terapagos|slp|[from] move: Rest\n|-heal|p2a: Terapagos|273/273 slp|[silent]\n|-enditem|p2a: Terapagos|Chesto Berry|[eat]\n|-curestatus|p2a: Terapagos|slp|[msg]\n|\n|upkeep\n|turn|45\n|\n|t:|1782758483\n|-terastallize|p2a: Terapagos|Stellar\n|detailschange|p2a: Terapagos|Terapagos-Stellar, L77, F, tera:Stellar\n|-heal|p2a: Terapagos|373/373|[silent]\n|move|p1a: Jumpluff|Leech Seed|p2a: Terapagos\n|-start|p2a: Terapagos|move: Leech Seed\n|move|p2a: Terapagos|Tera Starstorm|p1a: Jumpluff\n|-end|p1a: Jumpluff|Substitute\n|\n|-damage|p2a: Terapagos|327/373|[from] Leech Seed|[of] p1a: Jumpluff\n|-heal|p1a: Jumpluff|187/271|[silent]\n|upkeep\n|turn|46\n|\n|t:|1782758495\n|switch|p2a: Iron Bundle|Iron Bundle, L78|189/215\n|-damage|p2a: Iron Bundle|154/215|[from] Spikes\n|move|p1a: Jumpluff|Substitute|p1a: Jumpluff\n|-start|p1a: Jumpluff|Substitute\n|-damage|p1a: Jumpluff|120/271\n|\n|upkeep\n|turn|47\n|\n|t:|1782758518\n|move|p2a: Iron Bundle|Ice Beam|p1a: Jumpluff\n|-supereffective|p1a: Jumpluff\n|-end|p1a: Jumpluff|Substitute\n|move|p1a: Jumpluff|Strength Sap|p2a: Iron Bundle\n|-unboost|p2a: Iron Bundle|atk|1\n|-heal|p1a: Jumpluff|271/271\n|\n|upkeep\n|turn|48\n|\n|t:|1782758535\n|-terastallize|p1a: Jumpluff|Steel\n|move|p2a: Iron Bundle|Ice Beam|p1a: Jumpluff\n|-resisted|p1a: Jumpluff\n|-crit|p1a: Jumpluff\n|-damage|p1a: Jumpluff|168/271\n|move|p1a: Jumpluff|Leech Seed|p2a: Iron Bundle|[miss]\n|-miss|p1a: Jumpluff|p2a: Iron Bundle\n|\n|upkeep\n|turn|49\n|\n|t:|1782758544\n|-end|p2a: Iron Bundle|Quark Drive|[silent]\n|switch|p2a: Vaporeon|Vaporeon, L86, M|185/364 par\n|-damage|p2a: Vaporeon|125/364 par|[from] Spikes\n|move|p1a: Jumpluff|Leech Seed|p2a: Vaporeon\n|-start|p2a: Vaporeon|move: Leech Seed\n|\n|-heal|p2a: Vaporeon|147/364 par|[from] item: Leftovers\n|-damage|p2a: Vaporeon|102/364 par|[from] Leech Seed|[of] p1a: Jumpluff\n|-heal|p1a: Jumpluff|213/271|[silent]\n|upkeep\n|turn|50\n|\n|t:|1782758562\n|move|p1a: Jumpluff|Substitute|p1a: Jumpluff\n|-start|p1a: Jumpluff|Substitute\n|-damage|p1a: Jumpluff|146/271\n|move|p2a: Vaporeon|Wish|p2a: Vaporeon\n|\n|-heal|p2a: Vaporeon|124/364 par|[from] item: Leftovers\n|-damage|p2a: Vaporeon|79/364 par|[from] Leech Seed|[of] p1a: Jumpluff\n|-heal|p1a: Jumpluff|191/271|[silent]\n|upkeep\n|turn|51\n|inactive|MadeInChina123 has 120 seconds left.\n|\n|t:|1782758592\n|switch|p2a: Iron Bundle|Iron Bundle, L78|154/215\n|-damage|p2a: Iron Bundle|119/215|[from] Spikes\n|move|p1a: Jumpluff|Leech Seed|p2a: Iron Bundle\n|-start|p2a: Iron Bundle|move: Leech Seed\n|\n|-heal|p2a: Iron Bundle|215/215|[from] move: Wish|[wisher] Vaporeon\n|-damage|p2a: Iron Bundle|189/215|[from] Leech Seed|[of] p1a: Jumpluff\n|-heal|p1a: Jumpluff|217/271|[silent]\n|upkeep\n|turn|52\n|\n|t:|1782758601\n|move|p2a: Iron Bundle|Hydro Pump|p1a: Jumpluff|[miss]\n|-miss|p2a: Iron Bundle|p1a: Jumpluff\n|move|p1a: Jumpluff|Acrobatics|p2a: Iron Bundle\n|-damage|p2a: Iron Bundle|119/215\n|\n|-damage|p2a: Iron Bundle|93/215|[from] Leech Seed|[of] p1a: Jumpluff\n|-heal|p1a: Jumpluff|243/271|[silent]\n|upkeep\n|turn|53\n|\n|t:|1782758608\n|move|p2a: Iron Bundle|Hydro Pump|p1a: Jumpluff\n|-end|p1a: Jumpluff|Substitute\n|move|p1a: Jumpluff|Acrobatics|p2a: Iron Bundle\n|-crit|p2a: Iron Bundle\n|-damage|p2a: Iron Bundle|0 fnt\n|faint|p2a: Iron Bundle\n|-end|p2a: Iron Bundle|Quark Drive|[silent]\n|\n|upkeep\n|\n|t:|1782758617\n|switch|p2a: Terapagos|Terapagos-Stellar, L77, F, tera:Stellar|327/373\n|-damage|p2a: Terapagos|265/373|[from] Spikes\n|turn|54\n|\n|t:|1782758636\n|move|p1a: Jumpluff|Acrobatics|p2a: Terapagos\n|-damage|p2a: Terapagos|187/373\n|move|p2a: Terapagos|Tera Starstorm|p1a: Jumpluff\n|-supereffective|p1a: Jumpluff\n|-damage|p1a: Jumpluff|61/271\n|\n|upkeep\n|turn|55\n|\n|t:|1782758643\n|move|p1a: Jumpluff|Acrobatics|p2a: Terapagos\n|-damage|p2a: Terapagos|105/373\n|move|p2a: Terapagos|Tera Starstorm|p1a: Jumpluff\n|-supereffective|p1a: Jumpluff\n|-damage|p1a: Jumpluff|0 fnt\n|faint|p1a: Jumpluff\n|\n|upkeep\n|\n|t:|1782758648\n|switch|p1a: Wugtrio|Wugtrio, L91, M|133/212\n|-damage|p1a: Wugtrio|80/212|[from] Spikes\n|turn|56\n|\n|t:|1782758657\n|move|p1a: Wugtrio|Throat Chop|p2a: Terapagos\n|-damage|p2a: Terapagos|12/373\n|-start|p2a: Terapagos|Throat Chop|[silent]\n|move|p2a: Terapagos|Tera Starstorm|p1a: Wugtrio\n|-crit|p1a: Wugtrio\n|-damage|p1a: Wugtrio|0 fnt\n|faint|p1a: Wugtrio\n|\n|win|ParanoidDandroid\n|raw|MadeInChina123's rating: 1902 &rarr; <strong>1885</strong><br />(-17 for losing)\n|raw|ParanoidDandroid's rating: 1960 &rarr; <strong>1977</strong><br />(+17 for winning)\n|l|\u2606MadeInChina123\n|player|p1|\n|c|\u2606ParanoidDandroid|gg\n", "inputlog": ">version f8ac14003a5f27e1bdc8d8c59608a773c1cb96e5\n>start {\"formatid\":\"gen9randombattle\",\"seed\":\"sodium,f8052ef46086b08c6cbae7224d9108b2\",\"rated\":\"Rated battle\"}\n>player p1 {\"name\":\"MadeInChina123\",\"avatar\":\"teamrocket\",\"rating\":1902,\"seed\":\"sodium,d38c60f03edf6780d7386e1ddda64963\"}\n>player p2 {\"name\":\"ParanoidDandroid\",\"avatar\":\"265\",\"rating\":1960,\"seed\":\"sodium,6bd704202da1286a590d5f553a85626e\"}\n>p1 switch 5\n>p2 move flipturn\n>p2 switch 3\n>p1 move thunderwave\n>p2 move trick\n>p1 move thunderwave\n>p2 switch 5\n>p1 switch 6\n>p2 move spikes\n>p1 move spikes\n>p2 move thunderwave\n>p1 move spikes\n>p2 switch 2\n>p1 switch 6\n>p2 move poltergeist\n>p1 move seismictoss\n>p2 switch 2\n>p1 move seismictoss\n>p2 switch 2\n>p1 switch 5\n>p2 move focusblast\n>p1 move liquidation\n>p2 switch 4\n>p1 switch 5\n>p2 move wish\n>p1 move softboiled\n>p2 switch 2\n>p1 switch 6\n>p2 move spikes\n>p1 move spikes\n>p2 move playrough\n>p1 move recover\n>p2 switch 4\n>p1 switch 6\n>p2 move poltergeist\n>p1 move seismictoss\n>p2 switch 4\n>p1 move seismictoss\n>p2 move thunderwave\n>p1 move seismictoss\n>p2 move spikes\n>p2 switch 4\n>p1 move seismictoss\n>p2 move focusblast\n>p1 switch 6\n>p2 move willowisp\n>p1 move knockoff\n>p2 move poltergeist\n>p1 switch 2\n>p1 move auroraveil\n>p2 switch 5\n>p1 move woodhammer\n>p2 move focusblast\n>p1 move woodhammer\n>p2 move focusblast\n>p1 switch 3\n>p1 move substitute\n>p2 move psyshock\n>p1 move acrobatics\n>p2 move psyshock\n>p1 move substitute\n>p2 move psyshock\n>p1 move acrobatics\n>p2 move psyshock\n>p2 switch 3\n>p1 move acrobatics\n>p2 move flipturn\n>p2 switch 2\n>p1 move leechseed\n>p2 move wish\n>p1 move acrobatics\n>p2 switch 2\n>p1 move acrobatics\n>p2 move icebeam\n>p1 switch 6\n>p2 move icebeam\n>p1 move thunderwave\n>p2 switch 2\n>p1 switch 6\n>p2 move wish\n>p1 move leechseed\n>p2 switch 2\n>p1 switch 6\n>p2 move hydropump\n>p1 switch 5\n>p1 move throatchop\n>p2 switch 5\n>p2 switch 6\n>p1 switch 4\n>p2 move calmmind\n>p1 move nastyplot\n>p2 move terastarstorm\n>p1 move fireblast\n>p2 move terastarstorm\n>p1 switch 6\n>p1 move substitute\n>p2 move rest\n>p1 move leechseed\n>p2 move terastarstorm terastallize\n>p1 move substitute\n>p2 switch 5\n>p1 move strengthsap\n>p2 move icebeam\n>p1 move leechseed terastallize\n>p2 move icebeam\n>p1 move leechseed\n>p2 switch 2\n>p1 move substitute\n>p2 move wish\n>p1 move leechseed\n>p2 switch 2\n>p1 move acrobatics\n>p2 move hydropump\n>p1 move acrobatics\n>p2 move hydropump\n>p2 switch 5\n>p1 move acrobatics\n>p2 move terastarstorm\n>p1 move acrobatics\n>p2 move terastarstorm\n>p1 switch 4\n>p1 move throatchop\n>p2 move terastarstorm", "uploadtime": 1782757737, "views": 6, "formatid": "gen9randombattle", "rating": 1885, "private": 0, "password": null, "player_dets": [{"name": "MadeInChina123", "avatar": "teamrocket", "rating": 1902, "seed": "sodium,d38c60f03edf6780d7386e1ddda64963"}, {"name": "ParanoidDandroid", "avatar": "265", "rating": 1960, "seed": "sodium,6bd704202da1286a590d5f553a85626e"}], "teams_full": [{"Wugtrio": {"name": "Wugtrio", "species": "Wugtrio", "speciesId": "wugtrio", "gender": "M", "shiny": false, "level": 91, "moves": ["throatchop", "stompingtantrum", "aquajet", "liquidation"], "ability": "Gooey", "evs": {"hp": 85, "atk": 85, "def": 85, "spa": 85, "spd": 85, "spe": 85}, "ivs": {"hp": 31, "atk": 31, "def": 31, "spa": 31, "spd": 31, "spe": 31}, "item": "Choice Band", "teraType": "Dark", "role": "Fast Attacker", "bvs": {"hp": 35, "atk": 100, "def": 50, "spa": 50, "spd": 70, "spe": 120}, "stats": {"hp": 212, "atk": 234, "def": 143, "spa": 143, "spd": 179, "spe": 270}, "types": ["Water"]}, "Abomasnow": {"name": "Abomasnow", "species": "Abomasnow", "speciesId": "abomasnow", "gender": "M", "shiny": false, "level": 84, "moves": ["woodhammer", "iceshard", "auroraveil", "blizzard"], "ability": "Snow Warning", "evs": {"hp": 77, "atk": 85, "def": 85, "spa": 85, "spd": 85, "spe": 85}, "ivs": {"hp": 31, "atk": 31, "def": 31, "spa": 31, "spd": 31, "spe": 31}, "item": "Light Clay", "teraType": "Ghost", "role": "Bulky Support", "bvs": {"hp": 90, "atk": 92, "def": 75, "spa": 92, "spd": 85, "spe": 60}, "stats": {"hp": 287, "atk": 203, "def": 174, "spa": 203, "spd": 191, "spe": 149}, "types": ["Grass", "Ice"]}, "Jumpluff": {"name": "Jumpluff", "species": "Jumpluff", "speciesId": "jumpluff", "gender": "M", "shiny": false, "level": 87, "moves": ["substitute", "leechseed", "acrobatics", "strengthsap"], "ability": "Infiltrator", "evs": {"hp": 81, "atk": 85, "def": 85, "spa": 85, "spd": 85, "spe": 85}, "ivs": {"hp": 31, "atk": 31, "def": 31, "spa": 31, "spd": 31, "spe": 31}, "item": "", "teraType": "Steel", "role": "Bulky Support", "bvs": {"hp": 75, "atk": 55, "def": 70, "spa": 55, "spd": 95, "spe": 110}, "stats": {"hp": 271, "atk": 145, "def": 172, "spa": 145, "spd": 215, "spe": 241}, "types": ["Grass", "Flying"]}, "Salazzle": {"name": "Salazzle", "species": "Salazzle", "speciesId": "salazzle", "gender": "F", "shiny": false, "level": 83, "moves": ["terablast", "fireblast", "sludgewave", "nastyplot"], "ability": "Corrosion", "evs": {"hp": 85, "atk": 0, "def": 85, "spa": 85, "spd": 85, "spe": 85}, "ivs": {"hp": 31, "atk": 0, "def": 31, "spa": 31, "spd": 31, "spe": 31}, "item": "Heavy-Duty Boots", "teraType": "Grass", "role": "Tera Blast user", "bvs": {"hp": 68, "atk": 64, "def": 60, "spa": 111, "spd": 60, "spe": 117}, "stats": {"hp": 249, "atk": 111, "def": 147, "spa": 232, "spd": 147, "spe": 242}, "types": ["Poison", "Fire"]}, "Chansey": {"name": "Chansey", "species": "Chansey", "speciesId": "chansey", "gender": "F", "shiny": false, "level": 85, "moves": ["thunderwave", "softboiled", "healbell", "seismictoss"], "ability": "Natural Cure", "evs": {"hp": 85, "atk": 0, "def": 85, "spa": 85, "spd": 85, "spe": 85}, "ivs": {"hp": 31, "atk": 0, "def": 31, "spa": 31, "spd": 31, "spe": 31}, "item": "Eviolite", "teraType": "Poison", "role": "Bulky Support", "bvs": {"hp": 250, "atk": 5, "def": 5, "spa": 35, "spd": 105, "spe": 50}, "stats": {"hp": 564, "atk": 13, "def": 57, "spa": 108, "spd": 227, "spe": 134}, "types": ["Normal"]}, "Deoxys": {"name": "Deoxys", "species": "Deoxys-Defense", "speciesId": "deoxysdefense", "gender": "N", "shiny": false, "level": 84, "moves": ["knockoff", "spikes", "recover", "psychicnoise"], "ability": "Pressure", "evs": {"hp": 85, "atk": 85, "def": 85, "spa": 85, "spd": 85, "spe": 85}, "ivs": {"hp": 31, "atk": 31, "def": 31, "spa": 31, "spd": 31, "spe": 31}, "item": "Rocky Helmet", "teraType": "Dark", "role": "Bulky Support", "bvs": {"hp": 50, "atk": 70, "def": 160, "spa": 70, "spd": 160, "spe": 90}, "stats": {"hp": 221, "atk": 166, "def": 317, "spa": 166, "spd": 317, "spe": 199}, "types": ["Psychic"]}}, {"Iron Bundle": {"name": "Iron Bundle", "species": "Iron Bundle", "speciesId": "ironbundle", "gender": "N", "shiny": false, "level": 78, "moves": ["flipturn", "freezedry", "hydropump", "icebeam"], "ability": "Quark Drive", "evs": {"hp": 85, "atk": 85, "def": 85, "spa": 85, "spd": 85, "spe": 85}, "ivs": {"hp": 31, "atk": 31, "def": 31, "spa": 31, "spd": 31, "spe": 31}, "item": "Choice Specs", "teraType": "Ice", "role": "Fast Attacker", "bvs": {"hp": 56, "atk": 80, "def": 114, "spa": 124, "spd": 60, "spe": 136}, "stats": {"hp": 215, "atk": 170, "def": 223, "spa": 239, "spd": 139, "spe": 257}, "types": ["Ice", "Water"]}, "Zoroark": {"name": "Zoroark", "species": "Zoroark-Hisui", "speciesId": "zoroarkhisui", "gender": "M", "shiny": false, "level": 80, "moves": ["hypervoice", "focusblast", "willowisp", "poltergeist"], "ability": "Illusion", "evs": {"hp": 85, "atk": 85, "def": 85, "spa": 85, "spd": 85, "spe": 85}, "ivs": {"hp": 31, "atk": 31, "def": 31, "spa": 31, "spd": 31, "spe": 31}, "item": "Life Orb", "teraType": "Fighting", "role": "Fast Attacker", "bvs": {"hp": 55, "atk": 100, "def": 60, "spa": 125, "spd": 60, "spe": 110}, "stats": {"hp": 219, "atk": 206, "def": 142, "spa": 246, "spd": 142, "spe": 222}, "types": ["Normal", "Ghost"]}, "Grumpig": {"name": "Grumpig", "species": "Grumpig", "speciesId": "grumpig", "gender": "M", "shiny": false, "level": 92, "moves": ["psyshock", "trick", "earthpower", "focusblast"], "ability": "Thick Fat", "evs": {"hp": 85, "atk": 0, "def": 85, "spa": 85, "spd": 85, "spe": 85}, "ivs": {"hp": 31, "atk": 0, "def": 31, "spa": 31, "spd": 31, "spe": 31}, "item": "Choice Scarf", "teraType": "Ground", "role": "Bulky Attacker", "bvs": {"hp": 80, "atk": 45, "def": 65, "spa": 90, "spd": 110, "spe": 80}, "stats": {"hp": 297, "atk": 87, "def": 172, "spa": 218, "spd": 255, "spe": 200}, "types": ["Psychic"]}, "Vaporeon": {"name": "Vaporeon", "species": "Vaporeon", "speciesId": "vaporeon", "gender": "M", "shiny": false, "level": 86, "moves": ["wish", "calmmind", "scald", "protect"], "ability": "Water Absorb", "evs": {"hp": 85, "atk": 0, "def": 85, "spa": 85, "spd": 85, "spe": 85}, "ivs": {"hp": 31, "atk": 0, "def": 31, "spa": 31, "spd": 31, "spe": 31}, "item": "Leftovers", "teraType": "Ground", "role": "Bulky Setup", "bvs": {"hp": 130, "atk": 65, "def": 60, "spa": 110, "spd": 95, "spe": 65}, "stats": {"hp": 364, "atk": 116, "def": 152, "spa": 238, "spd": 213, "spe": 161}, "types": ["Water"]}, "Klefki": {"name": "Klefki", "species": "Klefki", "speciesId": "klefki", "gender": "F", "shiny": false, "level": 84, "moves": ["magnetrise", "playrough", "thunderwave", "spikes"], "ability": "Prankster", "evs": {"hp": 85, "atk": 85, "def": 85, "spa": 85, "spd": 85, "spe": 85}, "ivs": {"hp": 31, "atk": 31, "def": 31, "spa": 31, "spd": 31, "spe": 31}, "item": "Leftovers", "teraType": "Water", "role": "Bulky Support", "bvs": {"hp": 57, "atk": 80, "def": 91, "spa": 80, "spd": 87, "spe": 75}, "stats": {"hp": 233, "atk": 183, "def": 201, "spa": 183, "spd": 194, "spe": 174}, "types": ["Steel", "Fairy"]}, "Terapagos": {"name": "Terapagos", "species": "Terapagos", "speciesId": "terapagos", "gender": "F", "shiny": false, "level": 77, "moves": ["terastarstorm", "rest", "darkpulse", "calmmind"], "ability": "Tera Shift", "evs": {"hp": 85, "atk": 0, "def": 85, "spa": 85, "spd": 85, "spe": 85}, "ivs": {"hp": 31, "atk": 0, "def": 31, "spa": 31, "spd": 31, "spe": 31}, "item": "Chesto Berry", "teraType": "Stellar", "role": "Setup Sweeper", "bvs": {"hp": 90, "atk": 65, "def": 85, "spa": 65, "spd": 85, "spe": 60}, "stats": {"hp": 265, "atk": 105, "def": 175, "spa": 145, "spd": 175, "spe": 137}, "types": ["Normal"]}}]}