{"id": "gen9randombattle-2641602022", "format": "[Gen 9] Random Battle", "players": ["thedeadflagblues", "pokemon theori"], "log": "|j|\u2606thedeadflagblues\n|j|\u2606pokemon theori\n|t:|1782816703\n|gametype|singles\n|player|p1|thedeadflagblues|169|2070\n|player|p2|pokemon theori|giovanni|2089\n|gen|9\n|tier|[Gen 9] Random Battle\n|rated|\n|rule|Species Clause: Limit one of each Pok\u00e9mon\n|rule|HP Percentage Mod: HP is shown in percentages\n|rule|Sleep Clause Mod: Limit one foe put to sleep\n|rule|Illusion Level Mod: Illusion disguises the Pok\u00e9mon's true level\n|\n|t:|1782816703\n|teamsize|p1|6\n|teamsize|p2|6\n|start\n|switch|p1a: Jolteon|Jolteon, L84, F|246/246\n|switch|p2a: Wigglytuff|Wigglytuff, L96, F|424/424\n|turn|1\n|inactive|Battle timer is ON: inactive players will automatically lose when time's up. (requested by pokemon theori)\n|\n|t:|1782816713\n|move|p1a: Jolteon|Substitute|p1a: Jolteon\n|-start|p1a: Jolteon|Substitute\n|-damage|p1a: Jolteon|185/246\n|move|p2a: Wigglytuff|Alluring Voice|p1a: Jolteon\n|-damage|p1a: Jolteon|88/246\n|\n|-heal|p1a: Jolteon|103/246|[from] item: Leftovers\n|upkeep\n|turn|2\n|\n|t:|1782816717\n|move|p1a: Jolteon|Calm Mind|p1a: Jolteon\n|-boost|p1a: Jolteon|spa|1\n|-boost|p1a: Jolteon|spd|1\n|move|p2a: Wigglytuff|Alluring Voice|p1a: Jolteon\n|-damage|p1a: Jolteon|45/246\n|-start|p1a: Jolteon|confusion\n|\n|-heal|p1a: Jolteon|60/246|[from] item: Leftovers\n|upkeep\n|turn|3\n|\n|t:|1782816723\n|-activate|p1a: Jolteon|confusion\n|-damage|p1a: Jolteon|38/246|[from] confusion\n|move|p2a: Wigglytuff|Alluring Voice|p1a: Jolteon\n|-damage|p1a: Jolteon|0 fnt\n|faint|p1a: Jolteon\n|\n|upkeep\n|\n|t:|1782816740\n|switch|p1a: Armarouge|Armarouge, L80, F|267/267\n|turn|4\n|\n|t:|1782816750\n|switch|p2a: Tentacruel|Tentacruel, L84, M|272/272\n|move|p1a: Armarouge|Armor Cannon|p2a: Tentacruel\n|-resisted|p2a: Tentacruel\n|-damage|p2a: Tentacruel|188/272\n|-unboost|p1a: Armarouge|def|1\n|-unboost|p1a: Armarouge|spd|1\n|\n|-heal|p2a: Tentacruel|205/272|[from] item: Leftovers\n|upkeep\n|turn|5\n|\n|t:|1782816764\n|switch|p1a: Cryogonal|Cryogonal, L89|287/287\n|move|p2a: Tentacruel|Surf|p1a: Cryogonal\n|-crit|p1a: Cryogonal\n|-damage|p1a: Cryogonal|202/287\n|\n|-heal|p2a: Tentacruel|222/272|[from] item: Leftovers\n|upkeep\n|turn|6\n|inactive|pokemon theori has 120 seconds left.\n|\n|t:|1782816796\n|move|p1a: Cryogonal|Freeze-Dry|p2a: Tentacruel\n|-supereffective|p2a: Tentacruel\n|-damage|p2a: Tentacruel|102/272\n|move|p2a: Tentacruel|Toxic|p1a: Cryogonal\n|-status|p1a: Cryogonal|tox\n|\n|-heal|p2a: Tentacruel|119/272|[from] item: Leftovers\n|-damage|p1a: Cryogonal|185/287 tox|[from] psn\n|upkeep\n|turn|7\n|\n|t:|1782816806\n|switch|p2a: Wigglytuff|Wigglytuff, L96, F|424/424\n|move|p1a: Cryogonal|Freeze-Dry|p2a: Wigglytuff\n|-damage|p2a: Wigglytuff|313/424\n|\n|-heal|p2a: Wigglytuff|339/424|[from] item: Leftovers\n|-damage|p1a: Cryogonal|151/287 tox|[from] psn\n|upkeep\n|turn|8\n|\n|t:|1782816818\n|switch|p1a: Armarouge|Armarouge, L80, F|267/267\n|move|p2a: Wigglytuff|Knock Off|p1a: Armarouge\n|-supereffective|p1a: Armarouge\n|-damage|p1a: Armarouge|133/267\n|-ability|p1a: Armarouge|Weak Armor|boost\n|-unboost|p1a: Armarouge|def|1\n|-boost|p1a: Armarouge|spe|2\n|-enditem|p1a: Armarouge|Choice Specs|[from] move: Knock Off|[of] p2a: Wigglytuff\n|\n|-heal|p2a: Wigglytuff|365/424|[from] item: Leftovers\n|upkeep\n|turn|9\n|\n|t:|1782816825\n|move|p1a: Armarouge|Psyshock|p2a: Wigglytuff\n|-damage|p2a: Wigglytuff|238/424\n|move|p2a: Wigglytuff|Knock Off|p1a: Armarouge\n|-supereffective|p1a: Armarouge\n|-damage|p1a: Armarouge|0 fnt\n|faint|p1a: Armarouge\n|\n|-heal|p2a: Wigglytuff|264/424|[from] item: Leftovers\n|upkeep\n|\n|t:|1782816829\n|switch|p1a: Salazzle|Salazzle, L83, F|249/249\n|turn|10\n|\n|t:|1782816841\n|switch|p2a: Tentacruel|Tentacruel, L84, M|119/272\n|move|p1a: Salazzle|Substitute|p1a: Salazzle\n|-start|p1a: Salazzle|Substitute\n|-damage|p1a: Salazzle|187/249\n|\n|-heal|p1a: Salazzle|202/249|[from] item: Leftovers\n|-heal|p2a: Tentacruel|136/272|[from] item: Leftovers\n|upkeep\n|turn|11\n|\n|t:|1782816850\n|move|p1a: Salazzle|Toxic|p2a: Tentacruel\n|-status|p2a: Tentacruel|tox\n|move|p2a: Tentacruel|Surf|p1a: Salazzle\n|-supereffective|p1a: Salazzle\n|-end|p1a: Salazzle|Substitute\n|\n|-heal|p1a: Salazzle|217/249|[from] item: Leftovers\n|-heal|p2a: Tentacruel|153/272 tox|[from] item: Leftovers\n|-damage|p2a: Tentacruel|136/272 tox|[from] psn\n|upkeep\n|turn|12\n|\n|t:|1782816855\n|move|p1a: Salazzle|Protect|p1a: Salazzle\n|-singleturn|p1a: Salazzle|Protect\n|move|p2a: Tentacruel|Surf|p1a: Salazzle\n|-activate|p1a: Salazzle|move: Protect\n|\n|-heal|p1a: Salazzle|232/249|[from] item: Leftovers\n|-heal|p2a: Tentacruel|153/272 tox|[from] item: Leftovers\n|-damage|p2a: Tentacruel|119/272 tox|[from] psn\n|upkeep\n|turn|13\n|\n|t:|1782816860\n|switch|p2a: Wigglytuff|Wigglytuff, L96, F|264/424\n|move|p1a: Salazzle|Substitute|p1a: Salazzle\n|-start|p1a: Salazzle|Substitute\n|-damage|p1a: Salazzle|170/249\n|\n|-heal|p1a: Salazzle|185/249|[from] item: Leftovers\n|-heal|p2a: Wigglytuff|290/424|[from] item: Leftovers\n|upkeep\n|turn|14\n|\n|t:|1782816865\n|switch|p2a: Tentacruel|Tentacruel, L84, M|119/272 tox\n|move|p1a: Salazzle|Toxic|p2a: Tentacruel\n|-fail|p2a: Tentacruel|tox\n|\n|-heal|p1a: Salazzle|200/249|[from] item: Leftovers\n|-heal|p2a: Tentacruel|136/272 tox|[from] item: Leftovers\n|-damage|p2a: Tentacruel|119/272 tox|[from] psn\n|upkeep\n|turn|15\n|\n|t:|1782816870\n|move|p1a: Salazzle|Protect|p1a: Salazzle\n|-singleturn|p1a: Salazzle|Protect\n|move|p2a: Tentacruel|Surf|p1a: Salazzle\n|-activate|p1a: Salazzle|move: Protect\n|\n|-heal|p1a: Salazzle|215/249|[from] item: Leftovers\n|-heal|p2a: Tentacruel|136/272 tox|[from] item: Leftovers\n|-damage|p2a: Tentacruel|102/272 tox|[from] psn\n|upkeep\n|turn|16\n|\n|t:|1782816872\n|move|p1a: Salazzle|Flamethrower|p2a: Tentacruel\n|-resisted|p2a: Tentacruel\n|-damage|p2a: Tentacruel|63/272 tox\n|move|p2a: Tentacruel|Surf|p1a: Salazzle\n|-supereffective|p1a: Salazzle\n|-end|p1a: Salazzle|Substitute\n|\n|-heal|p1a: Salazzle|230/249|[from] item: Leftovers\n|-heal|p2a: Tentacruel|80/272 tox|[from] item: Leftovers\n|-damage|p2a: Tentacruel|29/272 tox|[from] psn\n|upkeep\n|turn|17\n|\n|t:|1782816879\n|move|p1a: Salazzle|Substitute|p1a: Salazzle\n|-start|p1a: Salazzle|Substitute\n|-damage|p1a: Salazzle|168/249\n|move|p2a: Tentacruel|Surf|p1a: Salazzle\n|-supereffective|p1a: Salazzle\n|-end|p1a: Salazzle|Substitute\n|\n|-heal|p1a: Salazzle|183/249|[from] item: Leftovers\n|-heal|p2a: Tentacruel|46/272 tox|[from] item: Leftovers\n|-damage|p2a: Tentacruel|0 fnt|[from] psn\n|faint|p2a: Tentacruel\n|upkeep\n|\n|t:|1782816881\n|switch|p2a: Hypno|Hypno, L95, F|315/315\n|turn|18\n|\n|t:|1782816887\n|switch|p1a: Cryogonal|Cryogonal, L89|151/287 tox\n|move|p2a: Hypno|Psychic Noise|p1a: Cryogonal\n|-damage|p1a: Cryogonal|94/287 tox\n|-start|p1a: Cryogonal|move: Heal Block\n|\n|-damage|p1a: Cryogonal|77/287 tox|[from] psn\n|upkeep\n|turn|19\n|\n|t:|1782816902\n|switch|p2a: Wigglytuff|Wigglytuff, L96, F|290/424\n|move|p1a: Cryogonal|Freeze-Dry|p2a: Wigglytuff\n|-damage|p2a: Wigglytuff|185/424\n|\n|-heal|p2a: Wigglytuff|211/424|[from] item: Leftovers\n|-damage|p1a: Cryogonal|43/287 tox|[from] psn\n|-end|p1a: Cryogonal|move: Heal Block\n|upkeep\n|turn|20\n|\n|t:|1782816908\n|switch|p1a: Salazzle|Salazzle, L83, F|183/249\n|move|p2a: Wigglytuff|Wish|p2a: Wigglytuff\n|\n|-heal|p1a: Salazzle|198/249|[from] item: Leftovers\n|-heal|p2a: Wigglytuff|237/424|[from] item: Leftovers\n|upkeep\n|turn|21\n|\n|t:|1782816913\n|move|p1a: Salazzle|Substitute|p1a: Salazzle\n|-start|p1a: Salazzle|Substitute\n|-damage|p1a: Salazzle|136/249\n|move|p2a: Wigglytuff|Knock Off|p1a: Salazzle\n|-end|p1a: Salazzle|Substitute\n|\n|-heal|p2a: Wigglytuff|424/424|[from] move: Wish|[wisher] Wigglytuff\n|-heal|p1a: Salazzle|151/249|[from] item: Leftovers\n|upkeep\n|turn|22\n|\n|t:|1782816916\n|switch|p2a: Hypno|Hypno, L95, F|315/315\n|move|p1a: Salazzle|Toxic|p2a: Hypno\n|-status|p2a: Hypno|tox\n|\n|-heal|p1a: Salazzle|166/249|[from] item: Leftovers\n|-damage|p2a: Hypno|296/315 tox|[from] psn\n|upkeep\n|turn|23\n|\n|t:|1782816922\n|move|p1a: Salazzle|Protect|p1a: Salazzle\n|-singleturn|p1a: Salazzle|Protect\n|move|p2a: Hypno|Psychic Noise|p1a: Salazzle\n|-activate|p1a: Salazzle|move: Protect\n|\n|-heal|p1a: Salazzle|181/249|[from] item: Leftovers\n|-heal|p2a: Hypno|315/315 tox|[from] item: Leftovers\n|-damage|p2a: Hypno|277/315 tox|[from] psn\n|upkeep\n|turn|24\n|\n|t:|1782816925\n|switch|p1a: Urshifu|Urshifu, L74, M|270/270\n|switch|p2a: Wigglytuff|Wigglytuff, L96, F|424/424\n|\n|upkeep\n|turn|25\n|\n|t:|1782816934\n|switch|p1a: Salazzle|Salazzle, L83, F|181/249\n|move|p2a: Wigglytuff|Alluring Voice|p1a: Salazzle\n|-resisted|p1a: Salazzle\n|-damage|p1a: Salazzle|149/249\n|\n|-heal|p1a: Salazzle|164/249|[from] item: Leftovers\n|upkeep\n|turn|26\n|\n|t:|1782816939\n|move|p1a: Salazzle|Toxic|p2a: Wigglytuff\n|-status|p2a: Wigglytuff|tox\n|move|p2a: Wigglytuff|Knock Off|p1a: Salazzle\n|-damage|p1a: Salazzle|69/249\n|-enditem|p1a: Salazzle|Leftovers|[from] move: Knock Off|[of] p2a: Wigglytuff\n|\n|-damage|p2a: Wigglytuff|398/424 tox|[from] psn\n|upkeep\n|turn|27\n|\n|t:|1782816953\n|switch|p1a: Cryogonal|Cryogonal, L89|43/287 tox\n|switch|p2a: Hypno|Hypno, L95, F|277/315 tox\n|\n|-heal|p2a: Hypno|296/315 tox|[from] item: Leftovers\n|-damage|p1a: Cryogonal|26/287 tox|[from] psn\n|-damage|p2a: Hypno|277/315 tox|[from] psn\n|upkeep\n|turn|28\n|\n|t:|1782816958\n|switch|p2a: Wigglytuff|Wigglytuff, L96, F|398/424 tox\n|move|p1a: Cryogonal|Recover|p1a: Cryogonal\n|-heal|p1a: Cryogonal|170/287 tox\n|\n|-heal|p2a: Wigglytuff|424/424 tox|[from] item: Leftovers\n|-damage|p1a: Cryogonal|136/287 tox|[from] psn\n|-damage|p2a: Wigglytuff|398/424 tox|[from] psn\n|upkeep\n|turn|29\n|\n|t:|1782816969\n|switch|p1a: Salazzle|Salazzle, L83, F|69/249\n|move|p2a: Wigglytuff|Alluring Voice|p1a: Salazzle\n|-resisted|p1a: Salazzle\n|-damage|p1a: Salazzle|33/249\n|\n|-heal|p2a: Wigglytuff|424/424 tox|[from] item: Leftovers\n|-damage|p2a: Wigglytuff|372/424 tox|[from] psn\n|upkeep\n|turn|30\n|\n|t:|1782816975\n|move|p1a: Salazzle|Flamethrower|p2a: Wigglytuff\n|-damage|p2a: Wigglytuff|236/424 tox\n|move|p2a: Wigglytuff|Alluring Voice|p1a: Salazzle\n|-resisted|p1a: Salazzle\n|-damage|p1a: Salazzle|2/249\n|\n|-heal|p2a: Wigglytuff|262/424 tox|[from] item: Leftovers\n|-damage|p2a: Wigglytuff|184/424 tox|[from] psn\n|upkeep\n|turn|31\n|\n|t:|1782816982\n|move|p1a: Salazzle|Flamethrower|p2a: Wigglytuff\n|-damage|p2a: Wigglytuff|42/424 tox\n|move|p2a: Wigglytuff|Wish|p2a: Wigglytuff\n|\n|-heal|p2a: Wigglytuff|68/424 tox|[from] item: Leftovers\n|-damage|p2a: Wigglytuff|0 fnt|[from] psn\n|faint|p2a: Wigglytuff\n|upkeep\n|\n|t:|1782816989\n|switch|p2a: Hypno|Hypno, L95, F|277/315 tox\n|turn|32\n|\n|t:|1782816996\n|switch|p1a: Cryogonal|Cryogonal, L89|136/287 tox\n|move|p2a: Hypno|Thunder Wave||[still]\n|-fail|p2a: Hypno\n|\n|-heal|p2a: Hypno|315/315 tox|[from] move: Wish|[wisher] Wigglytuff\n|-damage|p1a: Cryogonal|119/287 tox|[from] psn\n|-damage|p2a: Hypno|296/315 tox|[from] psn\n|upkeep\n|turn|33\n|\n|t:|1782817001\n|switch|p1a: Urshifu|Urshifu, L74, M|270/270\n|move|p2a: Hypno|Psychic Noise|p1a: Urshifu\n|-immune|p1a: Urshifu\n|\n|-heal|p2a: Hypno|315/315 tox|[from] item: Leftovers\n|-damage|p2a: Hypno|277/315 tox|[from] psn\n|upkeep\n|turn|34\n|\n|t:|1782817006\n|-terastallize|p1a: Urshifu|Dark\n|move|p1a: Urshifu|Wicked Blow|p2a: Hypno\n|-supereffective|p2a: Hypno\n|-crit|p2a: Hypno\n|-damage|p2a: Hypno|0 fnt\n|faint|p2a: Hypno\n|-damage|p1a: Urshifu|243/270|[from] item: Life Orb\n|\n|upkeep\n|\n|t:|1782817013\n|switch|p2a: Mimikyu|Mimikyu, L79, M|216/216\n|turn|35\n|\n|t:|1782817019\n|move|p2a: Mimikyu|Play Rough|p1a: Urshifu\n|-supereffective|p1a: Urshifu\n|-damage|p1a: Urshifu|9/270\n|-damage|p2a: Mimikyu|195/216|[from] item: Life Orb\n|move|p1a: Urshifu|Wicked Blow|p2a: Mimikyu\n|-activate|p2a: Mimikyu|ability: Disguise\n|-damage|p2a: Mimikyu|195/216\n|detailschange|p2a: Mimikyu|Mimikyu-Busted, L79, M\n|-damage|p2a: Mimikyu|168/216|[from] pokemon: Mimikyu-Busted\n|-damage|p1a: Urshifu|0 fnt|[from] item: Life Orb\n|faint|p1a: Urshifu\n|\n|upkeep\n|\n|t:|1782817042\n|switch|p1a: Cryogonal|Cryogonal, L89|119/287 tox\n|turn|36\n|\n|t:|1782817048\n|move|p1a: Cryogonal|Freeze-Dry|p2a: Mimikyu\n|-damage|p2a: Mimikyu|98/216\n|move|p2a: Mimikyu|Swords Dance|p2a: Mimikyu\n|-boost|p2a: Mimikyu|atk|2\n|\n|-damage|p1a: Cryogonal|102/287 tox|[from] psn\n|upkeep\n|turn|37\n|\n|t:|1782817052\n|move|p1a: Cryogonal|Haze|p1a: Cryogonal\n|-clearallboost\n|move|p2a: Mimikyu|Drain Punch|p1a: Cryogonal\n|-supereffective|p1a: Cryogonal\n|-damage|p1a: Cryogonal|0 fnt\n|-heal|p2a: Mimikyu|149/216|[from] drain|[of] p1a: Cryogonal\n|faint|p1a: Cryogonal\n|-damage|p2a: Mimikyu|128/216|[from] item: Life Orb\n|\n|upkeep\n|\n|t:|1782817056\n|switch|p1a: Tatsugiri|Tatsugiri, L87, M|260/260\n|turn|38\n|\n|t:|1782817067\n|move|p2a: Mimikyu|Play Rough|p1a: Tatsugiri\n|-supereffective|p1a: Tatsugiri\n|-damage|p1a: Tatsugiri|10/260\n|-damage|p2a: Mimikyu|107/216|[from] item: Life Orb\n|move|p1a: Tatsugiri|Surf|p2a: Mimikyu\n|-damage|p2a: Mimikyu|0 fnt\n|faint|p2a: Mimikyu\n|\n|upkeep\n|\n|t:|1782817082\n|switch|p2a: Polteageist|Polteageist, L78|222/222\n|turn|39\n|\n|t:|1782817086\n|move|p1a: Tatsugiri|Draco Meteor|p2a: Polteageist\n|-damage|p2a: Polteageist|62/222\n|-unboost|p1a: Tatsugiri|spa|2\n|move|p2a: Polteageist|Shell Smash|p2a: Polteageist\n|-unboost|p2a: Polteageist|def|1\n|-unboost|p2a: Polteageist|spd|1\n|-boost|p2a: Polteageist|atk|2\n|-boost|p2a: Polteageist|spa|2\n|-boost|p2a: Polteageist|spe|2\n|-enditem|p2a: Polteageist|White Herb\n|-clearnegativeboost|p2a: Polteageist|[silent]\n|\n|upkeep\n|turn|40\n|-message|thedeadflagblues forfeited.\n|\n|win|pokemon theori\n|raw|thedeadflagblues's rating: 2070 &rarr; <strong>2051</strong><br />(-19 for losing)\n|raw|pokemon theori's rating: 2089 &rarr; <strong>2108</strong><br />(+19 for winning)\n", "inputlog": ">version f8ac14003a5f27e1bdc8d8c59608a773c1cb96e5\n>start {\"formatid\":\"gen9randombattle\",\"seed\":\"sodium,1aff3f3df3eae7d156f86416fca550e8\",\"rated\":\"Rated battle\"}\n>player p1 {\"name\":\"thedeadflagblues\",\"avatar\":\"169\",\"rating\":2070,\"seed\":\"sodium,896398a5307e357fb0620f4af4428468\"}\n>player p2 {\"name\":\"pokemon theori\",\"avatar\":\"giovanni\",\"rating\":2089,\"seed\":\"sodium,a3d1cc041775d5e2578f8417665c15ed\"}\n>p1 move substitute\n>p2 move alluringvoice\n>p1 move calmmind\n>p2 move alluringvoice\n>p1 move calmmind\n>p2 move alluringvoice\n>p1 switch 2\n>p1 move armorcannon\n>p2 switch 5\n>p1 switch 4\n>p2 move surf\n>p1 move freezedry\n>p2 move toxic\n>p1 move freezedry\n>p2 switch 5\n>p1 switch 4\n>p2 move knockoff\n>p1 move psyshock\n>p2 move knockoff\n>p1 switch 3\n>p1 move substitute\n>p2 switch 5\n>p1 move toxic\n>p2 move surf\n>p1 move protect\n>p2 move surf\n>p1 move substitute\n>p2 switch 5\n>p1 move toxic\n>p2 switch 5\n>p1 move protect\n>p2 move surf\n>p1 move flamethrower\n>p2 move surf\n>p1 move substitute\n>p2 move surf\n>p2 switch 3\n>p1 switch 4\n>p2 move psychicnoise\n>p1 move freezedry\n>p2 switch 5\n>p1 switch 4\n>p2 move wish\n>p1 move substitute\n>p2 move knockoff\n>p1 move toxic\n>p2 switch 5\n>p1 move protect\n>p2 move psychicnoise\n>p1 switch 5\n>p2 switch 5\n>p1 switch 5\n>p2 move alluringvoice\n>p1 move toxic\n>p2 move knockoff\n>p1 switch 4\n>p2 switch 5\n>p1 move recover\n>p2 switch 5\n>p1 switch 4\n>p2 move alluringvoice\n>p1 move flamethrower\n>p2 move alluringvoice\n>p1 move flamethrower\n>p2 move wish\n>p2 switch 5\n>p1 switch 4\n>p2 move thunderwave\n>p1 switch 5\n>p2 move psychicnoise\n>p1 move wickedblow terastallize\n>p2 move thunderwave\n>p2 switch 2\n>p1 move wickedblow\n>p2 move playrough\n>p1 switch 5\n>p1 move freezedry\n>p2 move swordsdance\n>p1 move haze\n>p2 move drainpunch\n>p1 switch 6\n>p1 move surf\n>p2 move playrough\n>p2 switch 4\n>p1 move dracometeor\n>p2 move shellsmash\n>forcelose p1", "uploadtime": 1782816705, "views": 6, "formatid": "gen9randombattle", "rating": 2051, "private": 0, "password": null, "player_dets": [{"name": "thedeadflagblues", "avatar": "169", "rating": 2070, "seed": "sodium,896398a5307e357fb0620f4af4428468"}, {"name": "pokemon theori", "avatar": "giovanni", "rating": 2089, "seed": "sodium,a3d1cc041775d5e2578f8417665c15ed"}], "teams_full": [{"Jolteon": {"name": "Jolteon", "species": "Jolteon", "speciesId": "jolteon", "gender": "F", "shiny": false, "level": 84, "moves": ["terablast", "substitute", "calmmind", "thunderbolt"], "ability": "Volt Absorb", "evs": {"hp": 85, "atk": 0, "def": 85, "spa": 85, "spd": 85, "spe": 85}, "ivs": {"hp": 31, "atk": 0, "def": 31, "spa": 31, "spd": 31, "spe": 31}, "item": "Leftovers", "teraType": "Ice", "role": "Tera Blast user", "bvs": {"hp": 65, "atk": 65, "def": 60, "spa": 110, "spd": 95, "spe": 130}, "stats": {"hp": 246, "atk": 114, "def": 149, "spa": 233, "spd": 208, "spe": 267}, "types": ["Electric"]}, "Armarouge": {"name": "Armarouge", "species": "Armarouge", "speciesId": "armarouge", "gender": "F", "shiny": false, "level": 80, "moves": ["psyshock", "armorcannon", "energyball", "focusblast"], "ability": "Weak Armor", "evs": {"hp": 85, "atk": 0, "def": 85, "spa": 85, "spd": 85, "spe": 85}, "ivs": {"hp": 31, "atk": 0, "def": 31, "spa": 31, "spd": 31, "spe": 31}, "item": "Choice Specs", "teraType": "Fighting", "role": "Wallbreaker", "bvs": {"hp": 85, "atk": 60, "def": 100, "spa": 125, "spd": 80, "spe": 75}, "stats": {"hp": 267, "atk": 101, "def": 206, "spa": 246, "spd": 174, "spe": 166}, "types": ["Fire", "Psychic"]}, "Salazzle": {"name": "Salazzle", "species": "Salazzle", "speciesId": "salazzle", "gender": "F", "shiny": false, "level": 83, "moves": ["substitute", "flamethrower", "toxic", "protect"], "ability": "Corrosion", "evs": {"hp": 85, "atk": 0, "def": 85, "spa": 85, "spd": 85, "spe": 85}, "ivs": {"hp": 31, "atk": 0, "def": 31, "spa": 31, "spd": 31, "spe": 31}, "item": "Leftovers", "teraType": "Grass", "role": "Fast Support", "bvs": {"hp": 68, "atk": 64, "def": 60, "spa": 111, "spd": 60, "spe": 117}, "stats": {"hp": 249, "atk": 111, "def": 147, "spa": 232, "spd": 147, "spe": 242}, "types": ["Poison", "Fire"]}, "Cryogonal": {"name": "Cryogonal", "species": "Cryogonal", "speciesId": "cryogonal", "gender": "N", "shiny": false, "level": 89, "moves": ["rapidspin", "recover", "haze", "freezedry"], "ability": "Levitate", "evs": {"hp": 85, "atk": 85, "def": 85, "spa": 85, "spd": 85, "spe": 85}, "ivs": {"hp": 31, "atk": 31, "def": 31, "spa": 31, "spd": 31, "spe": 31}, "item": "Heavy-Duty Boots", "teraType": "Steel", "role": "Bulky Support", "bvs": {"hp": 80, "atk": 50, "def": 50, "spa": 95, "spd": 135, "spe": 105}, "stats": {"hp": 287, "atk": 140, "def": 140, "spa": 220, "spd": 291, "spe": 238}, "types": ["Ice"]}, "Urshifu": {"name": "Urshifu", "species": "Urshifu", "speciesId": "urshifu", "gender": "M", "shiny": false, "level": 74, "moves": ["wickedblow", "closecombat", "suckerpunch", "swordsdance"], "ability": "Unseen Fist", "evs": {"hp": 85, "atk": 85, "def": 85, "spa": 85, "spd": 85, "spe": 85}, "ivs": {"hp": 31, "atk": 31, "def": 31, "spa": 31, "spd": 31, "spe": 31}, "item": "Life Orb", "teraType": "Dark", "role": "Fast Attacker", "bvs": {"hp": 100, "atk": 130, "def": 100, "spa": 63, "spd": 60, "spe": 97}, "stats": {"hp": 270, "atk": 235, "def": 191, "spa": 136, "spd": 132, "spe": 187}, "types": ["Fighting", "Dark"]}, "Tatsugiri": {"name": "Tatsugiri", "species": "Tatsugiri", "speciesId": "tatsugiri", "gender": "M", "shiny": false, "level": 87, "moves": ["dracometeor", "surf", "rapidspin", "nastyplot"], "ability": "Storm Drain", "evs": {"hp": 85, "atk": 85, "def": 85, "spa": 85, "spd": 85, "spe": 85}, "ivs": {"hp": 31, "atk": 31, "def": 31, "spa": 31, "spd": 31, "spe": 31}, "item": "Heavy-Duty Boots", "teraType": "Water", "role": "Fast Support", "bvs": {"hp": 68, "atk": 50, "def": 60, "spa": 120, "spd": 95, "spe": 82}, "stats": {"hp": 260, "atk": 137, "def": 154, "spa": 259, "spd": 215, "spe": 192}, "types": ["Dragon", "Water"]}}, {"Wigglytuff": {"name": "Wigglytuff", "species": "Wigglytuff", "speciesId": "wigglytuff", "gender": "F", "shiny": false, "level": 96, "moves": ["knockoff", "protect", "alluringvoice", "wish"], "ability": "Competitive", "evs": {"hp": 85, "atk": 85, "def": 85, "spa": 85, "spd": 85, "spe": 85}, "ivs": {"hp": 31, "atk": 31, "def": 31, "spa": 31, "spd": 31, "spe": 31}, "item": "Leftovers", "teraType": "Poison", "role": "Bulky Support", "bvs": {"hp": 140, "atk": 70, "def": 45, "spa": 85, "spd": 50, "spe": 45}, "stats": {"hp": 424, "atk": 189, "def": 141, "spa": 218, "spd": 150, "spe": 141}, "types": ["Normal", "Fairy"]}, "Mimikyu": {"name": "Mimikyu", "species": "Mimikyu", "speciesId": "mimikyu", "gender": "M", "shiny": false, "level": 79, "moves": ["playrough", "swordsdance", "shadowsneak", "drainpunch"], "ability": "Disguise", "evs": {"hp": 85, "atk": 85, "def": 85, "spa": 85, "spd": 85, "spe": 85}, "ivs": {"hp": 31, "atk": 31, "def": 31, "spa": 31, "spd": 31, "spe": 31}, "item": "Life Orb", "teraType": "Fairy", "role": "Setup Sweeper", "bvs": {"hp": 55, "atk": 90, "def": 80, "spa": 50, "spd": 105, "spe": 96}, "stats": {"hp": 216, "atk": 188, "def": 172, "spa": 125, "spd": 211, "spe": 197}, "types": ["Ghost", "Fairy"]}, "Hypno": {"name": "Hypno", "species": "Hypno", "speciesId": "hypno", "gender": "F", "shiny": false, "level": 95, "moves": ["thunderwave", "encore", "psychicnoise", "knockoff"], "ability": "Insomnia", "evs": {"hp": 85, "atk": 85, "def": 85, "spa": 85, "spd": 85, "spe": 85}, "ivs": {"hp": 31, "atk": 31, "def": 31, "spa": 31, "spd": 31, "spe": 31}, "item": "Leftovers", "teraType": "Dark", "role": "Bulky Support", "bvs": {"hp": 85, "atk": 73, "def": 70, "spa": 73, "spd": 115, "spe": 67}, "stats": {"hp": 315, "atk": 193, "def": 187, "spa": 193, "spd": 272, "spe": 181}, "types": ["Psychic"]}, "Polteageist": {"name": "Polteageist", "species": "Polteageist", "speciesId": "polteageist", "gender": "N", "shiny": false, "level": 78, "moves": ["storedpower", "terablast", "shadowball", "shellsmash"], "ability": "Cursed Body", "evs": {"hp": 85, "atk": 0, "def": 85, "spa": 85, "spd": 85, "spe": 85}, "ivs": {"hp": 31, "atk": 0, "def": 31, "spa": 31, "spd": 31, "spe": 31}, "item": "White Herb", "teraType": "Fighting", "role": "Tera Blast user", "bvs": {"hp": 60, "atk": 65, "def": 65, "spa": 134, "spd": 114, "spe": 70}, "stats": {"hp": 222, "atk": 106, "def": 146, "spa": 254, "spd": 223, "spe": 154}, "types": ["Ghost"]}, "Tentacruel": {"name": "Tentacruel", "species": "Tentacruel", "speciesId": "tentacruel", "gender": "M", "shiny": false, "level": 84, "moves": ["sludgebomb", "surf", "rapidspin", "toxic"], "ability": "Liquid Ooze", "evs": {"hp": 85, "atk": 85, "def": 85, "spa": 85, "spd": 85, "spe": 85}, "ivs": {"hp": 31, "atk": 31, "def": 31, "spa": 31, "spd": 31, "spe": 31}, "item": "Leftovers", "teraType": "Grass", "role": "Bulky Support", "bvs": {"hp": 80, "atk": 70, "def": 65, "spa": 80, "spd": 120, "spe": 100}, "stats": {"hp": 272, "atk": 166, "def": 157, "spa": 183, "spd": 250, "spe": 216}, "types": ["Water", "Poison"]}, "Sandaconda": {"name": "Sandaconda", "species": "Sandaconda", "speciesId": "sandaconda", "gender": "F", "shiny": false, "level": 84, "moves": ["stoneedge", "rest", "earthquake", "coil"], "ability": "Shed Skin", "evs": {"hp": 85, "atk": 85, "def": 85, "spa": 85, "spd": 85, "spe": 85}, "ivs": {"hp": 31, "atk": 31, "def": 31, "spa": 31, "spd": 31, "spe": 31}, "item": "Leftovers", "teraType": "Dragon", "role": "Bulky Setup", "bvs": {"hp": 72, "atk": 107, "def": 125, "spa": 65, "spd": 70, "spe": 71}, "stats": {"hp": 258, "atk": 228, "def": 258, "spa": 157, "spd": 166, "spe": 167}, "types": ["Ground"]}}]}