{"id": "gen9randombattle-2641221110", "format": "[Gen 9] Random Battle", "players": ["pnm123", "notmetbh102"], "log": "|badge|p2|bronze|gen9randombattle|100-9\n|html|<div class=\"broadcast-red\"><strong>This battle is required to be public due to one or more player having a season medal.</strong><br />During the public phase, you can discuss the state of the ladder <a href=\"/seasondiscussion\">in a special chatroom.</a></div>\n|uhtml|medal-msg|<div class=\"broadcast-blue\">Curious what those medals under the avatar are? PS now has Ladder Seasons! For more information, check out the <a href=\"https://www.smogon.com/forums/threads/3740067/\">thread on Smogon.</a></div>\n|raw|<div class=\"broadcast-blue\"><strong>This battle is required to be public due to a player having a name starting with 'medal'.</div>\n|j|\u203dpnm123\n|j|\u2606notmetbh102\n|t:|1782755497\n|gametype|singles\n|player|p1|pnm123|fisherman-gen4|2214\n|player|p2|notmetbh102|2|2343\n|gen|9\n|tier|[Gen 9] Random Battle\n|rated|\n|rule|Species Clause: Limit one of each Pok\u00e9mon\n|rule|HP Percentage Mod: HP is shown in percentages\n|rule|Sleep Clause Mod: Limit one foe put to sleep\n|rule|Illusion Level Mod: Illusion disguises the Pok\u00e9mon's true level\n|\n|t:|1782755497\n|teamsize|p1|6\n|teamsize|p2|6\n|start\n|switch|p1a: Gliscor|Gliscor, L76, M|239/239\n|switch|p2a: Blastoise|Blastoise, L80, F|258/258\n|turn|1\n|inactive|Battle timer is ON: inactive players will automatically lose when time's up. (requested by notmetbh102)\n|inactive|pnm123 also wants the timer to be on.\n|c|\u2606notmetbh102|hf\n|\n|t:|1782755503\n|move|p1a: Gliscor|Substitute|p1a: Gliscor\n|-start|p1a: Gliscor|Substitute\n|-damage|p1a: Gliscor|180/239\n|move|p2a: Blastoise|Shell Smash|p2a: Blastoise\n|-unboost|p2a: Blastoise|def|1\n|-unboost|p2a: Blastoise|spd|1\n|-boost|p2a: Blastoise|atk|2\n|-boost|p2a: Blastoise|spa|2\n|-boost|p2a: Blastoise|spe|2\n|-enditem|p2a: Blastoise|White Herb\n|-clearnegativeboost|p2a: Blastoise|[silent]\n|\n|-status|p1a: Gliscor|tox|[from] item: Toxic Orb\n|upkeep\n|turn|2\n|\n|t:|1782755506\n|move|p1a: Gliscor|Protect|p1a: Gliscor\n|-singleturn|p1a: Gliscor|Protect\n|move|p2a: Blastoise|Hydro Pump|p1a: Gliscor\n|-activate|p1a: Gliscor|move: Protect\n|\n|-heal|p1a: Gliscor|209/239 tox|[from] ability: Poison Heal\n|upkeep\n|turn|3\n|\n|t:|1782755508\n|move|p2a: Blastoise|Ice Beam|p1a: Gliscor\n|-supereffective|p1a: Gliscor\n|-end|p1a: Gliscor|Substitute\n|move|p1a: Gliscor|Toxic|p2a: Blastoise\n|-status|p2a: Blastoise|tox\n|\n|-damage|p2a: Blastoise|242/258 tox|[from] psn\n|-heal|p1a: Gliscor|238/239 tox|[from] ability: Poison Heal\n|upkeep\n|turn|4\n|\n|t:|1782755513\n|switch|p2a: Frosmoth|Frosmoth, L82, F|249/249\n|switch|p1a: Alomomola|Alomomola, L87, F|429/429\n|\n|upkeep\n|turn|5\n|\n|t:|1782755515\n|move|p1a: Alomomola|Flip Turn|p2a: Frosmoth\n|-damage|p2a: Frosmoth|173/249\n|\n|t:|1782755520\n|switch|p1a: Archaludon|Archaludon, L78, F|268/268|[from] Flip Turn\n|move|p2a: Frosmoth|Quiver Dance|p2a: Frosmoth\n|-boost|p2a: Frosmoth|spa|1\n|-boost|p2a: Frosmoth|spd|1\n|-boost|p2a: Frosmoth|spe|1\n|\n|upkeep\n|turn|6\n|\n|t:|1782755522\n|-terastallize|p2a: Frosmoth|Water\n|move|p2a: Frosmoth|Quiver Dance|p2a: Frosmoth\n|-boost|p2a: Frosmoth|spa|1\n|-boost|p2a: Frosmoth|spd|1\n|-boost|p2a: Frosmoth|spe|1\n|move|p1a: Archaludon|Dragon Tail|p2a: Frosmoth\n|-damage|p2a: Frosmoth|88/249\n|drag|p2a: Cresselia|Cresselia, L80, F|323/323\n|\n|upkeep\n|turn|7\n|\n|t:|1782755529\n|switch|p1a: Gliscor|Gliscor, L76, M|238/239 tox\n|move|p2a: Cresselia|Calm Mind|p2a: Cresselia\n|-boost|p2a: Cresselia|spa|1\n|-boost|p2a: Cresselia|spd|1\n|\n|-heal|p1a: Gliscor|239/239 tox|[from] ability: Poison Heal\n|upkeep\n|turn|8\n|\n|t:|1782755531\n|move|p1a: Gliscor|Toxic|p2a: Cresselia\n|-status|p2a: Cresselia|tox\n|move|p2a: Cresselia|Calm Mind|p2a: Cresselia\n|-boost|p2a: Cresselia|spa|1\n|-boost|p2a: Cresselia|spd|1\n|\n|-damage|p2a: Cresselia|303/323 tox|[from] psn\n|upkeep\n|turn|9\n|\n|t:|1782755533\n|switch|p2a: Sandy Shocks|Sandy Shocks, L80|267/267\n|move|p1a: Gliscor|Substitute|p1a: Gliscor\n|-start|p1a: Gliscor|Substitute\n|-damage|p1a: Gliscor|180/239 tox\n|\n|-heal|p1a: Gliscor|209/239 tox|[from] ability: Poison Heal\n|upkeep\n|turn|10\n|\n|t:|1782755537\n|-end|p2a: Sandy Shocks|Protosynthesis|[silent]\n|switch|p2a: Cresselia|Cresselia, L80, F|303/323 tox\n|move|p1a: Gliscor|Toxic|p2a: Cresselia\n|-fail|p2a: Cresselia|tox\n|\n|-heal|p2a: Cresselia|323/323 tox|[from] item: Leftovers\n|-heal|p1a: Gliscor|238/239 tox|[from] ability: Poison Heal\n|-damage|p2a: Cresselia|303/323 tox|[from] psn\n|upkeep\n|turn|11\n|\n|t:|1782755541\n|switch|p2a: Brute Bonnet|Brute Bonnet, L80|309/309\n|move|p1a: Gliscor|Earthquake|p2a: Brute Bonnet\n|-resisted|p2a: Brute Bonnet\n|-damage|p2a: Brute Bonnet|265/309\n|\n|-heal|p2a: Brute Bonnet|284/309|[from] item: Leftovers\n|-heal|p1a: Gliscor|239/239 tox|[from] ability: Poison Heal\n|upkeep\n|turn|12\n|\n|t:|1782755544\n|-end|p2a: Brute Bonnet|Protosynthesis|[silent]\n|switch|p2a: Cresselia|Cresselia, L80, F|303/323 tox\n|move|p1a: Gliscor|Toxic|p2a: Cresselia|[miss]\n|-miss|p1a: Gliscor|p2a: Cresselia\n|\n|-heal|p2a: Cresselia|323/323 tox|[from] item: Leftovers\n|-damage|p2a: Cresselia|303/323 tox|[from] psn\n|upkeep\n|turn|13\n|\n|t:|1782755546\n|move|p1a: Gliscor|Earthquake|p2a: Cresselia\n|-immune|p2a: Cresselia|[from] ability: Levitate\n|move|p2a: Cresselia|Psyshock|p1a: Gliscor\n|-activate|p1a: Gliscor|move: Substitute|[damage]\n|\n|-heal|p2a: Cresselia|323/323 tox|[from] item: Leftovers\n|-damage|p2a: Cresselia|283/323 tox|[from] psn\n|upkeep\n|turn|14\n|\n|t:|1782755549\n|move|p1a: Gliscor|Toxic|p2a: Cresselia\n|-fail|p2a: Cresselia|tox\n|move|p2a: Cresselia|Calm Mind|p2a: Cresselia\n|-boost|p2a: Cresselia|spa|1\n|-boost|p2a: Cresselia|spd|1\n|\n|-heal|p2a: Cresselia|303/323 tox|[from] item: Leftovers\n|-damage|p2a: Cresselia|243/323 tox|[from] psn\n|upkeep\n|turn|15\n|\n|t:|1782755551\n|move|p1a: Gliscor|Toxic|p2a: Cresselia\n|-fail|p2a: Cresselia|tox\n|move|p2a: Cresselia|Moonlight|p2a: Cresselia\n|-heal|p2a: Cresselia|323/323 tox\n|\n|-damage|p2a: Cresselia|243/323 tox|[from] psn\n|upkeep\n|turn|16\n|\n|t:|1782755554\n|move|p1a: Gliscor|Toxic|p2a: Cresselia|[miss]\n|-miss|p1a: Gliscor|p2a: Cresselia\n|move|p2a: Cresselia|Moonlight|p2a: Cresselia\n|-heal|p2a: Cresselia|323/323 tox\n|\n|-damage|p2a: Cresselia|223/323 tox|[from] psn\n|upkeep\n|turn|17\n|\n|t:|1782755555\n|move|p1a: Gliscor|Earthquake|p2a: Cresselia\n|-immune|p2a: Cresselia|[from] ability: Levitate\n|move|p2a: Cresselia|Moonlight|p2a: Cresselia\n|-heal|p2a: Cresselia|323/323 tox\n|\n|-damage|p2a: Cresselia|203/323 tox|[from] psn\n|upkeep\n|turn|18\n|\n|t:|1782755558\n|switch|p2a: Brute Bonnet|Brute Bonnet, L80|284/309\n|move|p1a: Gliscor|Toxic|p2a: Brute Bonnet\n|-status|p2a: Brute Bonnet|tox\n|\n|-heal|p2a: Brute Bonnet|303/309 tox|[from] item: Leftovers\n|-damage|p2a: Brute Bonnet|284/309 tox|[from] psn\n|upkeep\n|turn|19\n|\n|t:|1782755561\n|-end|p2a: Brute Bonnet|Protosynthesis|[silent]\n|switch|p2a: Cresselia|Cresselia, L80, F|203/323 tox\n|move|p1a: Gliscor|Earthquake|p2a: Cresselia\n|-immune|p2a: Cresselia|[from] ability: Levitate\n|\n|-heal|p2a: Cresselia|223/323 tox|[from] item: Leftovers\n|-damage|p2a: Cresselia|203/323 tox|[from] psn\n|upkeep\n|turn|20\n|\n|t:|1782755564\n|move|p1a: Gliscor|Protect|p1a: Gliscor\n|-singleturn|p1a: Gliscor|Protect\n|move|p2a: Cresselia|Moonlight|p2a: Cresselia\n|-heal|p2a: Cresselia|323/323 tox\n|\n|-damage|p2a: Cresselia|283/323 tox|[from] psn\n|upkeep\n|turn|21\n|\n|t:|1782755568\n|move|p1a: Gliscor|Substitute|p1a: Gliscor\n|-fail|p1a: Gliscor|move: Substitute\n|move|p2a: Cresselia|Calm Mind|p2a: Cresselia\n|-boost|p2a: Cresselia|spa|1\n|-boost|p2a: Cresselia|spd|1\n|\n|-heal|p2a: Cresselia|303/323 tox|[from] item: Leftovers\n|-damage|p2a: Cresselia|243/323 tox|[from] psn\n|upkeep\n|turn|22\n|\n|t:|1782755570\n|switch|p2a: Sandy Shocks|Sandy Shocks, L80|267/267\n|move|p1a: Gliscor|Protect||[still]\n|-fail|p1a: Gliscor\n|\n|upkeep\n|turn|23\n|\n|t:|1782755572\n|-end|p2a: Sandy Shocks|Protosynthesis|[silent]\n|switch|p2a: Cresselia|Cresselia, L80, F|243/323 tox\n|move|p1a: Gliscor|Earthquake|p2a: Cresselia\n|-immune|p2a: Cresselia|[from] ability: Levitate\n|\n|-heal|p2a: Cresselia|263/323 tox|[from] item: Leftovers\n|-damage|p2a: Cresselia|243/323 tox|[from] psn\n|upkeep\n|turn|24\n|\n|t:|1782755576\n|switch|p2a: Brute Bonnet|Brute Bonnet, L80|284/309 tox\n|move|p1a: Gliscor|Protect||[still]\n|-fail|p1a: Gliscor\n|\n|-heal|p2a: Brute Bonnet|303/309 tox|[from] item: Leftovers\n|-damage|p2a: Brute Bonnet|284/309 tox|[from] psn\n|upkeep\n|turn|25\n|\n|t:|1782755579\n|-end|p2a: Brute Bonnet|Protosynthesis|[silent]\n|switch|p2a: Cresselia|Cresselia, L80, F|243/323 tox\n|move|p1a: Gliscor|Earthquake|p2a: Cresselia\n|-immune|p2a: Cresselia|[from] ability: Levitate\n|\n|-heal|p2a: Cresselia|263/323 tox|[from] item: Leftovers\n|-damage|p2a: Cresselia|243/323 tox|[from] psn\n|upkeep\n|turn|26\n|inactive|pnm123 has 120 seconds left.\n|\n|t:|1782755619\n|move|p1a: Gliscor|Earthquake|p2a: Cresselia\n|-immune|p2a: Cresselia|[from] ability: Levitate\n|move|p2a: Cresselia|Calm Mind|p2a: Cresselia\n|-boost|p2a: Cresselia|spa|1\n|-boost|p2a: Cresselia|spd|1\n|\n|-heal|p2a: Cresselia|263/323 tox|[from] item: Leftovers\n|-damage|p2a: Cresselia|223/323 tox|[from] psn\n|upkeep\n|turn|27\n|\n|t:|1782755621\n|switch|p2a: Cyclizar|Cyclizar, L83, M|252/252\n|move|p1a: Gliscor|Earthquake|p2a: Cyclizar\n|-damage|p2a: Cyclizar|135/252\n|\n|upkeep\n|turn|28\n|\n|t:|1782755625\n|move|p2a: Cyclizar|Draco Meteor|p1a: Gliscor\n|-crit|p1a: Gliscor\n|-end|p1a: Gliscor|Substitute\n|-unboost|p2a: Cyclizar|spa|2\n|move|p1a: Gliscor|Earthquake|p2a: Cyclizar\n|-damage|p2a: Cyclizar|21/252\n|\n|upkeep\n|turn|29\n|\n|t:|1782755632\n|switch|p2a: Cresselia|Cresselia, L80, F|223/323 tox\n|switch|p1a: Entei|Entei, L78|307/307\n|\n|-heal|p2a: Cresselia|243/323 tox|[from] item: Leftovers\n|-damage|p2a: Cresselia|223/323 tox|[from] psn\n|upkeep\n|turn|30\n|\n|t:|1782755635\n|move|p1a: Entei|Sacred Fire|p2a: Cresselia\n|-damage|p2a: Cresselia|81/323 tox\n|move|p2a: Cresselia|Moonlight|p2a: Cresselia\n|-heal|p2a: Cresselia|242/323 tox\n|\n|-heal|p2a: Cresselia|262/323 tox|[from] item: Leftovers\n|-damage|p2a: Cresselia|222/323 tox|[from] psn\n|upkeep\n|turn|31\n|\n|t:|1782755637\n|switch|p2a: Blastoise|Blastoise, L80, F|242/258 tox\n|move|p1a: Entei|Sacred Fire|p2a: Blastoise\n|-resisted|p2a: Blastoise\n|-damage|p2a: Blastoise|163/258 tox\n|\n|-damage|p2a: Blastoise|147/258 tox|[from] psn\n|upkeep\n|turn|32\n|\n|t:|1782755640\n|switch|p1a: Alomomola|Alomomola, L87, F|429/429\n|move|p2a: Blastoise|Hydro Pump|p1a: Alomomola|[miss]\n|-miss|p2a: Blastoise|p1a: Alomomola\n|\n|-damage|p2a: Blastoise|115/258 tox|[from] psn\n|upkeep\n|turn|33\n|\n|t:|1782755643\n|move|p2a: Blastoise|Shell Smash|p2a: Blastoise\n|-unboost|p2a: Blastoise|def|1\n|-unboost|p2a: Blastoise|spd|1\n|-boost|p2a: Blastoise|atk|2\n|-boost|p2a: Blastoise|spa|2\n|-boost|p2a: Blastoise|spe|2\n|move|p1a: Alomomola|Flip Turn|p2a: Blastoise\n|-resisted|p2a: Blastoise\n|-damage|p2a: Blastoise|78/258 tox\n|\n|t:|1782755646\n|switch|p1a: Gliscor|Gliscor, L76, M|239/239 tox|[from] Flip Turn\n|\n|-damage|p2a: Blastoise|30/258 tox|[from] psn\n|upkeep\n|turn|34\n|\n|t:|1782755649\n|switch|p2a: Cyclizar|Cyclizar, L83, M|105/252\n|switch|p1a: Alomomola|Alomomola, L87, F|429/429\n|\n|upkeep\n|turn|35\n|\n|t:|1782755651\n|switch|p2a: Blastoise|Blastoise, L80, F|30/258 tox\n|move|p1a: Alomomola|Flip Turn|p2a: Blastoise\n|-resisted|p2a: Blastoise\n|-damage|p2a: Blastoise|2/258 tox\n|\n|t:|1782755654\n|switch|p1a: Entei|Entei, L78|307/307|[from] Flip Turn\n|\n|-damage|p2a: Blastoise|0 fnt|[from] psn\n|faint|p2a: Blastoise\n|upkeep\n|\n|t:|1782755655\n|switch|p2a: Sandy Shocks|Sandy Shocks, L80|267/267\n|turn|36\n|\n|t:|1782755663\n|move|p2a: Sandy Shocks|Earth Power|p1a: Entei\n|-supereffective|p1a: Entei\n|-damage|p1a: Entei|37/307\n|move|p1a: Entei|Sacred Fire|p2a: Sandy Shocks\n|-damage|p2a: Sandy Shocks|120/267\n|\n|-heal|p2a: Sandy Shocks|136/267|[from] item: Leftovers\n|upkeep\n|turn|37\n|\n|t:|1782755669\n|switch|p1a: Gliscor|Gliscor, L76, M|239/239 tox\n|move|p2a: Sandy Shocks|Earth Power|p1a: Gliscor\n|-immune|p1a: Gliscor\n|\n|-heal|p2a: Sandy Shocks|152/267|[from] item: Leftovers\n|upkeep\n|turn|38\n|\n|t:|1782755672\n|-end|p2a: Sandy Shocks|Protosynthesis|[silent]\n|switch|p2a: Cresselia|Cresselia, L80, F|222/323 tox\n|move|p1a: Gliscor|Toxic|p2a: Cresselia\n|-fail|p2a: Cresselia|tox\n|\n|-heal|p2a: Cresselia|242/323 tox|[from] item: Leftovers\n|-damage|p2a: Cresselia|222/323 tox|[from] psn\n|upkeep\n|turn|39\n|\n|t:|1782755674\n|switch|p1a: Alomomola|Alomomola, L87, F|429/429\n|move|p2a: Cresselia|Psyshock|p1a: Alomomola\n|-damage|p1a: Alomomola|357/429\n|\n|-heal|p2a: Cresselia|242/323 tox|[from] item: Leftovers\n|-damage|p2a: Cresselia|202/323 tox|[from] psn\n|upkeep\n|turn|40\n|\n|t:|1782755675\n|switch|p2a: Cyclizar|Cyclizar, L83, M|189/252\n|move|p1a: Alomomola|Wish|p1a: Alomomola\n|\n|upkeep\n|turn|41\n|\n|t:|1782755677\n|move|p2a: Cyclizar|Shed Tail|p2a: Cyclizar\n|-start|p2a: Cyclizar|Substitute|[from] move: Shed Tail\n|-damage|p2a: Cyclizar|63/252\n|\n|t:|1782755678\n|switch|p2a: Sandy Shocks|Sandy Shocks, L80|152/267|[from] Shed Tail\n|move|p1a: Alomomola|Flip Turn|p2a: Sandy Shocks\n|-supereffective|p2a: Sandy Shocks\n|-end|p2a: Sandy Shocks|Substitute\n|\n|t:|1782755679\n|switch|p1a: Entei|Entei, L78|37/307|[from] Flip Turn\n|\n|-heal|p1a: Entei|251/307|[from] move: Wish|[wisher] Alomomola\n|-heal|p2a: Sandy Shocks|168/267|[from] item: Leftovers\n|upkeep\n|turn|42\n|\n|t:|1782755681\n|switch|p1a: Gliscor|Gliscor, L76, M|239/239 tox\n|move|p2a: Sandy Shocks|Earth Power|p1a: Gliscor\n|-immune|p1a: Gliscor\n|\n|-heal|p2a: Sandy Shocks|184/267|[from] item: Leftovers\n|upkeep\n|turn|43\n|\n|t:|1782755684\n|-end|p2a: Sandy Shocks|Protosynthesis|[silent]\n|switch|p2a: Cresselia|Cresselia, L80, F|202/323 tox\n|move|p1a: Gliscor|Toxic|p2a: Cresselia\n|-fail|p2a: Cresselia|tox\n|\n|-heal|p2a: Cresselia|222/323 tox|[from] item: Leftovers\n|-damage|p2a: Cresselia|202/323 tox|[from] psn\n|upkeep\n|turn|44\n|\n|t:|1782755686\n|switch|p1a: Alomomola|Alomomola, L87, F|429/429\n|move|p2a: Cresselia|Moonlight|p2a: Cresselia\n|-heal|p2a: Cresselia|323/323 tox\n|\n|-damage|p2a: Cresselia|283/323 tox|[from] psn\n|upkeep\n|turn|45\n|\n|t:|1782755688\n|switch|p2a: Cyclizar|Cyclizar, L83, M|147/252\n|move|p1a: Alomomola|Wish|p1a: Alomomola\n|\n|upkeep\n|turn|46\n|\n|t:|1782755689\n|move|p2a: Cyclizar|Shed Tail|p2a: Cyclizar\n|-start|p2a: Cyclizar|Substitute|[from] move: Shed Tail\n|-damage|p2a: Cyclizar|21/252\n|\n|t:|1782755690\n|switch|p2a: Brute Bonnet|Brute Bonnet, L80|284/309 tox|[from] Shed Tail\n|move|p1a: Alomomola|Flip Turn|p2a: Brute Bonnet\n|-resisted|p2a: Brute Bonnet\n|-activate|p2a: Brute Bonnet|move: Substitute|[damage]\n|\n|t:|1782755694\n|switch|p1a: Entei|Entei, L78|251/307|[from] Flip Turn\n|\n|-heal|p1a: Entei|307/307|[from] move: Wish|[wisher] Alomomola\n|-heal|p2a: Brute Bonnet|303/309 tox|[from] item: Leftovers\n|-damage|p2a: Brute Bonnet|284/309 tox|[from] psn\n|upkeep\n|turn|47\n|\n|t:|1782755698\n|switch|p1a: Gliscor|Gliscor, L76, M|239/239 tox\n|move|p2a: Brute Bonnet|Crunch|p1a: Gliscor\n|-damage|p1a: Gliscor|154/239 tox\n|\n|-heal|p2a: Brute Bonnet|303/309 tox|[from] item: Leftovers\n|-heal|p1a: Gliscor|183/239 tox|[from] ability: Poison Heal\n|-damage|p2a: Brute Bonnet|265/309 tox|[from] psn\n|upkeep\n|turn|48\n|\n|t:|1782755701\n|move|p1a: Gliscor|Substitute|p1a: Gliscor\n|-start|p1a: Gliscor|Substitute\n|-damage|p1a: Gliscor|124/239 tox\n|move|p2a: Brute Bonnet|Crunch|p1a: Gliscor\n|-end|p1a: Gliscor|Substitute\n|\n|-heal|p2a: Brute Bonnet|284/309 tox|[from] item: Leftovers\n|-heal|p1a: Gliscor|153/239 tox|[from] ability: Poison Heal\n|-damage|p2a: Brute Bonnet|227/309 tox|[from] psn\n|upkeep\n|turn|49\n|\n|t:|1782755703\n|-end|p2a: Brute Bonnet|Protosynthesis|[silent]\n|switch|p2a: Cresselia|Cresselia, L80, F|283/323 tox\n|move|p1a: Gliscor|Earthquake|p2a: Cresselia\n|-immune|p2a: Cresselia|[from] ability: Levitate\n|\n|-heal|p2a: Cresselia|303/323 tox|[from] item: Leftovers\n|-heal|p1a: Gliscor|182/239 tox|[from] ability: Poison Heal\n|-damage|p2a: Cresselia|283/323 tox|[from] psn\n|upkeep\n|turn|50\n|\n|t:|1782755706\n|move|p1a: Gliscor|Protect|p1a: Gliscor\n|-singleturn|p1a: Gliscor|Protect\n|move|p2a: Cresselia|Calm Mind|p2a: Cresselia\n|-boost|p2a: Cresselia|spa|1\n|-boost|p2a: Cresselia|spd|1\n|\n|-heal|p2a: Cresselia|303/323 tox|[from] item: Leftovers\n|-heal|p1a: Gliscor|211/239 tox|[from] ability: Poison Heal\n|-damage|p2a: Cresselia|263/323 tox|[from] psn\n|upkeep\n|turn|51\n|\n|t:|1782755717\n|switch|p1a: Crawdaunt|Crawdaunt, L84, M|243/243\n|move|p2a: Cresselia|Psyshock|p1a: Crawdaunt\n|-immune|p1a: Crawdaunt\n|\n|-heal|p2a: Cresselia|283/323 tox|[from] item: Leftovers\n|-damage|p2a: Cresselia|223/323 tox|[from] psn\n|upkeep\n|turn|52\n|\n|t:|1782755721\n|switch|p1a: Alomomola|Alomomola, L87, F|429/429\n|move|p2a: Cresselia|Thunderbolt|p1a: Alomomola\n|-supereffective|p1a: Alomomola\n|-damage|p1a: Alomomola|217/429\n|\n|-heal|p2a: Cresselia|243/323 tox|[from] item: Leftovers\n|-damage|p2a: Cresselia|163/323 tox|[from] psn\n|upkeep\n|turn|53\n|\n|t:|1782755724\n|switch|p2a: Sandy Shocks|Sandy Shocks, L80|184/267\n|move|p1a: Alomomola|Protect||[still]\n|-fail|p1a: Alomomola\n|\n|-heal|p2a: Sandy Shocks|200/267|[from] item: Leftovers\n|upkeep\n|turn|54\n|\n|t:|1782755726\n|switch|p1a: Gliscor|Gliscor, L76, M|211/239 tox\n|move|p2a: Sandy Shocks|Spikes|p1a: Gliscor\n|-sidestart|p1: pnm123|Spikes\n|\n|-heal|p2a: Sandy Shocks|216/267|[from] item: Leftovers\n|-heal|p1a: Gliscor|239/239 tox|[from] ability: Poison Heal\n|upkeep\n|turn|55\n|\n|t:|1782755731\n|-end|p2a: Sandy Shocks|Protosynthesis|[silent]\n|switch|p2a: Cresselia|Cresselia, L80, F|163/323 tox\n|switch|p1a: Alomomola|Alomomola, L87, F|360/429\n|\n|-heal|p2a: Cresselia|183/323 tox|[from] item: Leftovers\n|-damage|p2a: Cresselia|163/323 tox|[from] psn\n|upkeep\n|turn|56\n|\n|t:|1782755734\n|move|p2a: Cresselia|Moonlight|p2a: Cresselia\n|-heal|p2a: Cresselia|323/323 tox\n|move|p1a: Alomomola|Wish|p1a: Alomomola\n|\n|-damage|p2a: Cresselia|283/323 tox|[from] psn\n|upkeep\n|turn|57\n|\n|t:|1782755737\n|switch|p2a: Cyclizar|Cyclizar, L83, M|105/252\n|move|p1a: Alomomola|Flip Turn|p2a: Cyclizar\n|-resisted|p2a: Cyclizar\n|-damage|p2a: Cyclizar|72/252\n|\n|t:|1782755742\n|switch|p1a: Entei|Entei, L78|307/307|[from] Flip Turn\n|-damage|p1a: Entei|269/307|[from] Spikes\n|\n|-heal|p1a: Entei|307/307|[from] move: Wish|[wisher] Alomomola\n|upkeep\n|turn|58\n|\n|t:|1782755746\n|switch|p2a: Sandy Shocks|Sandy Shocks, L80|216/267\n|move|p1a: Entei|Sacred Fire|p2a: Sandy Shocks\n|-damage|p2a: Sandy Shocks|53/267\n|\n|-heal|p2a: Sandy Shocks|69/267|[from] item: Leftovers\n|upkeep\n|turn|59\n|\n|t:|1782755749\n|move|p2a: Sandy Shocks|Earth Power|p1a: Entei\n|-supereffective|p1a: Entei\n|-damage|p1a: Entei|73/307\n|move|p1a: Entei|Sacred Fire|p2a: Sandy Shocks\n|-damage|p2a: Sandy Shocks|0 fnt\n|faint|p2a: Sandy Shocks\n|-end|p2a: Sandy Shocks|Protosynthesis|[silent]\n|\n|upkeep\n|\n|t:|1782755750\n|switch|p2a: Cyclizar|Cyclizar, L83, M|156/252\n|turn|60\n|\n|t:|1782755753\n|switch|p1a: Alomomola|Alomomola, L87, F|429/429\n|move|p2a: Cyclizar|Draco Meteor|p1a: Alomomola|[miss]\n|-miss|p2a: Cyclizar|p1a: Alomomola\n|\n|upkeep\n|turn|61\n|\n|t:|1782755756\n|move|p2a: Cyclizar|Shed Tail|p2a: Cyclizar\n|-start|p2a: Cyclizar|Substitute|[from] move: Shed Tail\n|-damage|p2a: Cyclizar|30/252\n|\n|t:|1782755756\n|switch|p2a: Frosmoth|Frosmoth, L82, F, tera:Water|88/249|[from] Shed Tail\n|move|p1a: Alomomola|Wish|p1a: Alomomola\n|\n|upkeep\n|turn|62\n|\n|t:|1782755760\n|move|p1a: Alomomola|Flip Turn|p2a: Frosmoth\n|-resisted|p2a: Frosmoth\n|-activate|p2a: Frosmoth|move: Substitute|[damage]\n|\n|t:|1782755761\n|switch|p1a: Entei|Entei, L78|73/307|[from] Flip Turn\n|-damage|p1a: Entei|35/307|[from] Spikes\n|move|p2a: Frosmoth|Hurricane|p1a: Entei\n|-damage|p1a: Entei|0 fnt\n|faint|p1a: Entei\n|\n|upkeep\n|\n|t:|1782755770\n|switch|p1a: Regirock|Regirock, L83|268/268\n|-damage|p1a: Regirock|235/268|[from] Spikes\n|turn|63\n|\n|t:|1782755773\n|move|p2a: Frosmoth|Giga Drain|p1a: Regirock\n|-supereffective|p1a: Regirock\n|-damage|p1a: Regirock|121/268\n|-heal|p2a: Frosmoth|145/249|[from] drain|[of] p1a: Regirock\n|move|p1a: Regirock|Body Press|p2a: Frosmoth\n|-end|p2a: Frosmoth|Substitute\n|\n|upkeep\n|turn|64\n|\n|t:|1782755777\n|move|p2a: Frosmoth|Giga Drain|p1a: Regirock\n|-supereffective|p1a: Regirock\n|-damage|p1a: Regirock|5/268\n|-heal|p2a: Frosmoth|203/249|[from] drain|[of] p1a: Regirock\n|move|p1a: Regirock|Rest|p1a: Regirock\n|-status|p1a: Regirock|slp|[from] move: Rest\n|-heal|p1a: Regirock|268/268 slp|[silent]\n|-enditem|p1a: Regirock|Chesto Berry|[eat]\n|-curestatus|p1a: Regirock|slp|[msg]\n|\n|upkeep\n|turn|65\n|\n|t:|1782755779\n|-terastallize|p1a: Regirock|Fighting\n|move|p2a: Frosmoth|Giga Drain|p1a: Regirock\n|-damage|p1a: Regirock|210/268\n|-heal|p2a: Frosmoth|232/249|[from] drain|[of] p1a: Regirock\n|move|p1a: Regirock|Body Press|p2a: Frosmoth\n|-damage|p2a: Frosmoth|39/249\n|\n|upkeep\n|turn|66\n|\n|t:|1782755781\n|move|p2a: Frosmoth|Ice Beam|p1a: Regirock\n|-damage|p1a: Regirock|99/268\n|move|p1a: Regirock|Body Press|p2a: Frosmoth\n|-damage|p2a: Frosmoth|0 fnt\n|faint|p2a: Frosmoth\n|\n|upkeep\n|\n|t:|1782755782\n|switch|p2a: Cyclizar|Cyclizar, L83, M|114/252\n|turn|67\n|\n|t:|1782755784\n|move|p2a: Cyclizar|Draco Meteor|p1a: Regirock\n|-damage|p1a: Regirock|0 fnt\n|-unboost|p2a: Cyclizar|spa|2\n|faint|p1a: Regirock\n|\n|upkeep\n|\n|t:|1782755792\n|switch|p1a: Alomomola|Alomomola, L87, F|429/429\n|turn|68\n|\n|t:|1782755794\n|switch|p2a: Brute Bonnet|Brute Bonnet, L80|227/309 tox\n|move|p1a: Alomomola|Flip Turn|p2a: Brute Bonnet\n|-resisted|p2a: Brute Bonnet\n|-damage|p2a: Brute Bonnet|201/309 tox\n|\n|t:|1782755799\n|switch|p1a: Archaludon|Archaludon, L78, F|268/268|[from] Flip Turn\n|-damage|p1a: Archaludon|235/268|[from] Spikes\n|\n|-heal|p2a: Brute Bonnet|220/309 tox|[from] item: Leftovers\n|-damage|p2a: Brute Bonnet|201/309 tox|[from] psn\n|upkeep\n|turn|69\n|\n|t:|1782755801\n|move|p1a: Archaludon|Body Press|p2a: Brute Bonnet\n|-supereffective|p2a: Brute Bonnet\n|-damage|p2a: Brute Bonnet|75/309 tox\n|move|p2a: Brute Bonnet|Close Combat|p1a: Archaludon\n|-supereffective|p1a: Archaludon\n|-damage|p1a: Archaludon|73/268\n|-unboost|p2a: Brute Bonnet|def|1\n|-unboost|p2a: Brute Bonnet|spd|1\n|-ability|p1a: Archaludon|Stamina|boost\n|-boost|p1a: Archaludon|def|1\n|\n|-heal|p2a: Brute Bonnet|94/309 tox|[from] item: Leftovers\n|-damage|p2a: Brute Bonnet|56/309 tox|[from] psn\n|upkeep\n|turn|70\n|\n|t:|1782755803\n|move|p1a: Archaludon|Body Press|p2a: Brute Bonnet\n|-supereffective|p2a: Brute Bonnet\n|-crit|p2a: Brute Bonnet\n|-damage|p2a: Brute Bonnet|0 fnt\n|faint|p2a: Brute Bonnet\n|-end|p2a: Brute Bonnet|Protosynthesis|[silent]\n|\n|upkeep\n|\n|t:|1782755804\n|switch|p2a: Cyclizar|Cyclizar, L83, M|198/252\n|turn|71\n|\n|t:|1782755806\n|switch|p1a: Alomomola|Alomomola, L87, F|429/429\n|move|p2a: Cyclizar|Draco Meteor|p1a: Alomomola\n|-damage|p1a: Alomomola|245/429\n|-unboost|p2a: Cyclizar|spa|2\n|\n|upkeep\n|turn|72\n|\n|t:|1782755808\n|move|p2a: Cyclizar|Knock Off|p1a: Alomomola\n|-damage|p1a: Alomomola|173/429\n|-enditem|p1a: Alomomola|Heavy-Duty Boots|[from] move: Knock Off|[of] p2a: Cyclizar\n|move|p1a: Alomomola|Wish|p1a: Alomomola\n|\n|upkeep\n|turn|73\n|\n|t:|1782755810\n|switch|p2a: Cresselia|Cresselia, L80, F|283/323 tox\n|move|p1a: Alomomola|Flip Turn|p2a: Cresselia\n|-damage|p2a: Cresselia|237/323 tox\n|\n|t:|1782755812\n|switch|p1a: Archaludon|Archaludon, L78, F|73/268|[from] Flip Turn\n|-damage|p1a: Archaludon|40/268|[from] Spikes\n|\n|-heal|p1a: Archaludon|254/268|[from] move: Wish|[wisher] Alomomola\n|-heal|p2a: Cresselia|257/323 tox|[from] item: Leftovers\n|-damage|p2a: Cresselia|237/323 tox|[from] psn\n|upkeep\n|turn|74\n|\n|t:|1782755815\n|switch|p2a: Cyclizar|Cyclizar, L83, M|252/252\n|move|p1a: Archaludon|Dragon Tail|p2a: Cyclizar\n|-supereffective|p2a: Cyclizar\n|-damage|p2a: Cyclizar|100/252\n|drag|p2a: Cresselia|Cresselia, L80, F|237/323 tox\n|\n|-heal|p2a: Cresselia|257/323 tox|[from] item: Leftovers\n|-damage|p2a: Cresselia|237/323 tox|[from] psn\n|upkeep\n|turn|75\n|\n|t:|1782755822\n|switch|p2a: Cyclizar|Cyclizar, L83, M|184/252\n|move|p1a: Archaludon|Flash Cannon|p2a: Cyclizar\n|-damage|p2a: Cyclizar|69/252\n|\n|upkeep\n|turn|76\n|\n|t:|1782755825\n|switch|p2a: Cresselia|Cresselia, L80, F|237/323 tox\n|move|p1a: Archaludon|Flash Cannon|p2a: Cresselia\n|-damage|p2a: Cresselia|162/323 tox\n|\n|-heal|p2a: Cresselia|182/323 tox|[from] item: Leftovers\n|-damage|p2a: Cresselia|162/323 tox|[from] psn\n|upkeep\n|turn|77\n|\n|t:|1782755827\n|switch|p2a: Cyclizar|Cyclizar, L83, M|153/252\n|move|p1a: Archaludon|Flash Cannon|p2a: Cyclizar\n|-damage|p2a: Cyclizar|36/252\n|\n|upkeep\n|turn|78\n|\n|t:|1782755829\n|switch|p2a: Cresselia|Cresselia, L80, F|162/323 tox\n|move|p1a: Archaludon|Flash Cannon|p2a: Cresselia\n|-damage|p2a: Cresselia|86/323 tox\n|\n|-heal|p2a: Cresselia|106/323 tox|[from] item: Leftovers\n|-damage|p2a: Cresselia|86/323 tox|[from] psn\n|upkeep\n|turn|79\n|\n|t:|1782755830\n|move|p2a: Cresselia|Moonlight|p2a: Cresselia\n|-heal|p2a: Cresselia|247/323 tox\n|move|p1a: Archaludon|Flash Cannon|p2a: Cresselia\n|-damage|p2a: Cresselia|172/323 tox\n|-unboost|p2a: Cresselia|spd|1\n|\n|-heal|p2a: Cresselia|192/323 tox|[from] item: Leftovers\n|-damage|p2a: Cresselia|152/323 tox|[from] psn\n|upkeep\n|turn|80\n|\n|t:|1782755832\n|switch|p2a: Cyclizar|Cyclizar, L83, M|120/252\n|move|p1a: Archaludon|Flash Cannon|p2a: Cyclizar\n|-damage|p2a: Cyclizar|12/252\n|\n|upkeep\n|turn|81\n|\n|t:|1782755834\n|switch|p2a: Cresselia|Cresselia, L80, F|152/323 tox\n|move|p1a: Archaludon|Flash Cannon|p2a: Cresselia\n|-damage|p2a: Cresselia|80/323 tox\n|\n|-heal|p2a: Cresselia|100/323 tox|[from] item: Leftovers\n|-damage|p2a: Cresselia|80/323 tox|[from] psn\n|upkeep\n|turn|82\n|\n|t:|1782755835\n|move|p2a: Cresselia|Thunderbolt|p1a: Archaludon\n|-resisted|p1a: Archaludon\n|-damage|p1a: Archaludon|231/268\n|-status|p1a: Archaludon|par\n|-ability|p1a: Archaludon|Stamina|boost\n|-boost|p1a: Archaludon|def|1\n|move|p1a: Archaludon|Flash Cannon|p2a: Cresselia\n|-damage|p2a: Cresselia|1/323 tox\n|-unboost|p2a: Cresselia|spd|1\n|\n|-heal|p2a: Cresselia|21/323 tox|[from] item: Leftovers\n|-damage|p2a: Cresselia|0 fnt|[from] psn\n|faint|p2a: Cresselia\n|upkeep\n|\n|t:|1782755836\n|switch|p2a: Cyclizar|Cyclizar, L83, M|96/252\n|turn|83\n|\n|t:|1782755839\n|move|p2a: Cyclizar|Knock Off|p1a: Archaludon\n|-damage|p1a: Archaludon|195/268 par\n|-ability|p1a: Archaludon|Stamina|boost\n|-boost|p1a: Archaludon|def|1\n|-enditem|p1a: Archaludon|Assault Vest|[from] move: Knock Off|[of] p2a: Cyclizar\n|move|p1a: Archaludon|Flash Cannon|p2a: Cyclizar\n|-damage|p2a: Cyclizar|0 fnt\n|faint|p2a: Cyclizar\n|\n|win|pnm123\n|raw|pnm123's rating: 2235 &rarr; <strong>2261</strong><br />(+26 for winning)\n|raw|notmetbh102's rating: 2343 &rarr; <strong>2317</strong><br />(-26 for losing)\n|c|\u2606notmetbh102|gg\n", "inputlog": ">version f8ac14003a5f27e1bdc8d8c59608a773c1cb96e5\n>start {\"formatid\":\"gen9randombattle\",\"seed\":\"sodium,e4a321986048c7e8826f309e1ce4e652\",\"rated\":\"Rated battle\"}\n>player p1 {\"name\":\"pnm123\",\"avatar\":\"fisherman-gen4\",\"rating\":2214,\"seed\":\"sodium,8f46a11efe712bf8482a95fe8a5cd67d\"}\n>player p2 {\"name\":\"notmetbh102\",\"avatar\":\"2\",\"rating\":2343,\"seed\":\"sodium,4eb570e05ee00d0151dfd344137c8316\"}\n>chat \u2606notmetbh102|hf\n>p1 move substitute\n>p2 move shellsmash\n>p1 move protect\n>p2 move hydropump\n>p1 move toxic\n>p2 move icebeam\n>p1 switch 2\n>p2 switch 5\n>p1 move flipturn\n>p2 move quiverdance\n>p1 switch 6\n>p1 move dragontail\n>p2 move quiverdance terastallize\n>p1 switch 2\n>p2 move calmmind\n>p1 move toxic\n>p2 move calmmind\n>p1 move substitute\n>p2 switch 3\n>p1 move toxic\n>p2 switch 3\n>p1 move earthquake\n>p2 switch 6\n>p1 move toxic\n>p2 switch 6\n>p1 move earthquake\n>p2 move psyshock\n>p1 move toxic\n>p2 move calmmind\n>p1 move toxic\n>p2 move moonlight\n>p1 move toxic\n>p2 move moonlight\n>p1 move earthquake\n>p2 move moonlight\n>p1 move toxic\n>p2 switch 6\n>p1 move earthquake\n>p2 switch 6\n>p1 move protect\n>p2 move moonlight\n>p1 move substitute\n>p2 move calmmind\n>p1 move protect\n>p2 switch 3\n>p1 move earthquake\n>p2 switch 3\n>p1 move protect\n>p2 switch 6\n>p1 move earthquake\n>p2 switch 6\n>p1 move earthquake\n>p2 move calmmind\n>p1 move earthquake\n>p2 switch 4\n>p1 move earthquake\n>p2 move dracometeor\n>p1 switch 3\n>p2 switch 4\n>p1 move sacredfire\n>p2 move moonlight\n>p1 move sacredfire\n>p2 switch 5\n>p1 switch 6\n>p2 move hydropump\n>p1 move flipturn\n>p2 move shellsmash\n>p1 switch 3\n>p1 switch 3\n>p2 switch 4\n>p1 move flipturn\n>p2 switch 4\n>p1 switch 6\n>p2 switch 3\n>p1 move sacredfire\n>p2 move earthpower\n>p1 switch 3\n>p2 move earthpower\n>p1 move toxic\n>p2 switch 5\n>p1 switch 6\n>p2 move psyshock\n>p1 move wish\n>p2 switch 4\n>p1 move flipturn\n>p2 move shedtail\n>p2 switch 5\n>p1 switch 3\n>p1 switch 6\n>p2 move earthpower\n>p1 move toxic\n>p2 switch 4\n>p1 switch 3\n>p2 move moonlight\n>p1 move wish\n>p2 switch 5\n>p1 move flipturn\n>p2 move shedtail\n>p2 switch 6\n>p1 switch 6\n>p1 switch 3\n>p2 move crunch\n>p1 move substitute\n>p2 move crunch\n>p1 move earthquake\n>p2 switch 5\n>p1 move protect\n>p2 move calmmind\n>p1 switch 5\n>p2 move psyshock\n>p1 switch 6\n>p2 move thunderbolt\n>p1 move protect\n>p2 switch 4\n>p1 switch 5\n>p2 move spikes\n>p1 switch 5\n>p2 switch 4\n>p1 move wish\n>p2 move moonlight\n>p1 move flipturn\n>p2 switch 6\n>p1 switch 3\n>p1 move sacredfire\n>p2 switch 4\n>p1 move sacredfire\n>p2 move earthpower\n>p2 switch 4\n>p1 switch 3\n>p2 move dracometeor\n>p1 move wish\n>p2 move shedtail\n>p2 switch 2\n>p1 move flipturn\n>p2 move hurricane\n>p1 switch 3\n>p1 switch 4\n>p1 move bodypress\n>p2 move gigadrain\n>p1 move rest\n>p2 move gigadrain\n>p1 move bodypress terastallize\n>p2 move gigadrain\n>p1 move bodypress\n>p2 move icebeam\n>p2 switch 2\n>p1 move bodypress\n>p2 move dracometeor\n>p1 switch 3\n>p1 move flipturn\n>p2 switch 5\n>p1 switch 2\n>p1 move bodypress\n>p2 move closecombat\n>p1 move bodypress\n>p2 move closecombat\n>p2 switch 5\n>p1 switch 2\n>p2 move dracometeor\n>p1 move wish\n>p2 move knockoff\n>p1 move flipturn\n>p2 switch 6\n>p1 switch 2\n>p1 move dragontail\n>p2 switch 6\n>p1 move flashcannon\n>p2 switch 6\n>p1 move flashcannon\n>p2 switch 6\n>p1 move flashcannon\n>p2 switch 6\n>p1 move flashcannon\n>p2 switch 6\n>p1 move flashcannon\n>p2 move moonlight\n>p1 move flashcannon\n>p2 switch 6\n>p1 move flashcannon\n>p2 switch 6\n>p1 move flashcannon\n>p2 move thunderbolt\n>p2 switch 6\n>p1 move flashcannon\n>p2 move knockoff", "uploadtime": 1782755840, "views": 7, "formatid": "gen9randombattle", "rating": 2261, "private": 0, "password": null, "player_dets": [{"name": "pnm123", "avatar": "fisherman-gen4", "rating": 2214, "seed": "sodium,8f46a11efe712bf8482a95fe8a5cd67d"}, {"name": "notmetbh102", "avatar": "2", "rating": 2343, "seed": "sodium,4eb570e05ee00d0151dfd344137c8316"}], "teams_full": [{"Gliscor": {"name": "Gliscor", "species": "Gliscor", "speciesId": "gliscor", "gender": "M", "shiny": false, "level": 76, "moves": ["protect", "toxic", "earthquake", "substitute"], "ability": "Poison Heal", "evs": {"hp": 85, "atk": 85, "def": 85, "spa": 85, "spd": 85, "spe": 85}, "ivs": {"hp": 31, "atk": 31, "def": 31, "spa": 31, "spd": 31, "spe": 31}, "item": "Toxic Orb", "teraType": "Water", "role": "Fast Support", "bvs": {"hp": 75, "atk": 95, "def": 125, "spa": 45, "spd": 75, "spe": 95}, "stats": {"hp": 239, "atk": 188, "def": 234, "spa": 112, "spd": 158, "spe": 188}, "types": ["Ground", "Flying"]}, "Alomomola": {"name": "Alomomola", "species": "Alomomola", "speciesId": "alomomola", "gender": "F", "shiny": false, "level": 87, "moves": ["scald", "flipturn", "protect", "wish"], "ability": "Regenerator", "evs": {"hp": 85, "atk": 85, "def": 85, "spa": 85, "spd": 85, "spe": 85}, "ivs": {"hp": 31, "atk": 31, "def": 31, "spa": 31, "spd": 31, "spe": 31}, "item": "Heavy-Duty Boots", "teraType": "Steel", "role": "Fast Support", "bvs": {"hp": 165, "atk": 75, "def": 80, "spa": 40, "spd": 45, "spe": 65}, "stats": {"hp": 429, "atk": 180, "def": 189, "spa": 119, "spd": 128, "spe": 163}, "types": ["Water"]}, "Entei": {"name": "Entei", "species": "Entei", "speciesId": "entei", "gender": "N", "shiny": false, "level": 78, "moves": ["extremespeed", "stompingtantrum", "sacredfire", "flareblitz"], "ability": "Inner Focus", "evs": {"hp": 85, "atk": 85, "def": 85, "spa": 85, "spd": 85, "spe": 85}, "ivs": {"hp": 31, "atk": 31, "def": 31, "spa": 31, "spd": 31, "spe": 31}, "item": "Choice Band", "teraType": "Fire", "role": "Wallbreaker", "bvs": {"hp": 115, "atk": 115, "def": 85, "spa": 90, "spd": 75, "spe": 100}, "stats": {"hp": 307, "atk": 224, "def": 178, "spa": 185, "spd": 162, "spe": 201}, "types": ["Fire"]}, "Regirock": {"name": "Regirock", "species": "Regirock", "speciesId": "regirock", "gender": "N", "shiny": false, "level": 83, "moves": ["stoneedge", "irondefense", "bodypress", "rest"], "ability": "Clear Body", "evs": {"hp": 85, "atk": 85, "def": 85, "spa": 85, "spd": 85, "spe": 85}, "ivs": {"hp": 31, "atk": 31, "def": 31, "spa": 31, "spd": 31, "spe": 31}, "item": "Chesto Berry", "teraType": "Fighting", "role": "Bulky Setup", "bvs": {"hp": 80, "atk": 100, "def": 200, "spa": 50, "spd": 100, "spe": 50}, "stats": {"hp": 268, "atk": 214, "def": 380, "spa": 131, "spd": 214, "spe": 131}, "types": ["Rock"]}, "Crawdaunt": {"name": "Crawdaunt", "species": "Crawdaunt", "speciesId": "crawdaunt", "gender": "M", "shiny": false, "level": 84, "moves": ["knockoff", "dragondance", "crabhammer", "aquajet"], "ability": "Adaptability", "evs": {"hp": 85, "atk": 85, "def": 85, "spa": 85, "spd": 85, "spe": 85}, "ivs": {"hp": 31, "atk": 31, "def": 31, "spa": 31, "spd": 31, "spe": 31}, "item": "Life Orb", "teraType": "Water", "role": "Setup Sweeper", "bvs": {"hp": 63, "atk": 120, "def": 85, "spa": 90, "spd": 55, "spe": 55}, "stats": {"hp": 243, "atk": 250, "def": 191, "spa": 199, "spd": 141, "spe": 141}, "types": ["Water", "Dark"]}, "Archaludon": {"name": "Archaludon", "species": "Archaludon", "speciesId": "archaludon", "gender": "F", "shiny": false, "level": 78, "moves": ["dracometeor", "bodypress", "flashcannon", "dragontail"], "ability": "Stamina", "evs": {"hp": 85, "atk": 85, "def": 85, "spa": 85, "spd": 85, "spe": 85}, "ivs": {"hp": 31, "atk": 31, "def": 31, "spa": 31, "spd": 31, "spe": 31}, "item": "Assault Vest", "teraType": "Fighting", "role": "Bulky Attacker", "bvs": {"hp": 90, "atk": 105, "def": 130, "spa": 125, "spd": 65, "spe": 85}, "stats": {"hp": 268, "atk": 209, "def": 248, "spa": 240, "spd": 146, "spe": 178}, "types": ["Steel", "Dragon"]}}, {"Blastoise": {"name": "Blastoise", "species": "Blastoise", "speciesId": "blastoise", "gender": "F", "shiny": false, "level": 80, "moves": ["shellsmash", "hydropump", "earthquake", "icebeam"], "ability": "Torrent", "evs": {"hp": 85, "atk": 85, "def": 85, "spa": 85, "spd": 85, "spe": 85}, "ivs": {"hp": 31, "atk": 31, "def": 31, "spa": 31, "spd": 31, "spe": 31}, "item": "White Herb", "teraType": "Steel", "role": "Setup Sweeper", "bvs": {"hp": 79, "atk": 83, "def": 100, "spa": 85, "spd": 105, "spe": 78}, "stats": {"hp": 258, "atk": 179, "def": 206, "spa": 182, "spd": 214, "spe": 171}, "types": ["Water"]}, "Cresselia": {"name": "Cresselia", "species": "Cresselia", "speciesId": "cresselia", "gender": "F", "shiny": false, "level": 80, "moves": ["moonlight", "psyshock", "calmmind", "thunderbolt"], "ability": "Levitate", "evs": {"hp": 85, "atk": 0, "def": 85, "spa": 85, "spd": 85, "spe": 85}, "ivs": {"hp": 31, "atk": 0, "def": 31, "spa": 31, "spd": 31, "spe": 31}, "item": "Leftovers", "teraType": "Electric", "role": "Bulky Setup", "bvs": {"hp": 120, "atk": 70, "def": 110, "spa": 75, "spd": 120, "spe": 85}, "stats": {"hp": 323, "atk": 117, "def": 222, "spa": 166, "spd": 238, "spe": 182}, "types": ["Psychic"]}, "Sandy Shocks": {"name": "Sandy Shocks", "species": "Sandy Shocks", "speciesId": "sandyshocks", "gender": "N", "shiny": false, "level": 80, "moves": ["thunderbolt", "spikes", "thunderwave", "earthpower"], "ability": "Protosynthesis", "evs": {"hp": 85, "atk": 0, "def": 85, "spa": 85, "spd": 85, "spe": 85}, "ivs": {"hp": 31, "atk": 0, "def": 31, "spa": 31, "spd": 31, "spe": 31}, "item": "Leftovers", "teraType": "Grass", "role": "Fast Support", "bvs": {"hp": 85, "atk": 81, "def": 97, "spa": 121, "spd": 85, "spe": 101}, "stats": {"hp": 267, "atk": 134, "def": 201, "spa": 240, "spd": 182, "spe": 208}, "types": ["Electric", "Ground"]}, "Cyclizar": {"name": "Cyclizar", "species": "Cyclizar", "speciesId": "cyclizar", "gender": "M", "shiny": false, "level": 83, "moves": ["dracometeor", "rapidspin", "shedtail", "knockoff"], "ability": "Regenerator", "evs": {"hp": 85, "atk": 85, "def": 85, "spa": 85, "spd": 85, "spe": 85}, "ivs": {"hp": 31, "atk": 31, "def": 31, "spa": 31, "spd": 31, "spe": 31}, "item": "Heavy-Duty Boots", "teraType": "Ghost", "role": "Fast Support", "bvs": {"hp": 70, "atk": 95, "def": 65, "spa": 85, "spd": 65, "spe": 121}, "stats": {"hp": 252, "atk": 205, "def": 156, "spa": 189, "spd": 156, "spe": 249}, "types": ["Dragon", "Normal"]}, "Frosmoth": {"name": "Frosmoth", "species": "Frosmoth", "speciesId": "frosmoth", "gender": "F", "shiny": false, "level": 82, "moves": ["gigadrain", "quiverdance", "hurricane", "icebeam"], "ability": "Ice Scales", "evs": {"hp": 85, "atk": 0, "def": 85, "spa": 85, "spd": 85, "spe": 85}, "ivs": {"hp": 31, "atk": 0, "def": 31, "spa": 31, "spd": 31, "spe": 31}, "item": "Heavy-Duty Boots", "teraType": "Water", "role": "Setup Sweeper", "bvs": {"hp": 70, "atk": 65, "def": 60, "spa": 125, "spd": 90, "spe": 65}, "stats": {"hp": 249, "atk": 111, "def": 146, "spa": 252, "spd": 195, "spe": 154}, "types": ["Ice", "Bug"]}, "Brute Bonnet": {"name": "Brute Bonnet", "species": "Brute Bonnet", "speciesId": "brutebonnet", "gender": "N", "shiny": false, "level": 80, "moves": ["crunch", "closecombat", "suckerpunch", "spore"], "ability": "Protosynthesis", "evs": {"hp": 85, "atk": 85, "def": 85, "spa": 85, "spd": 85, "spe": 85}, "ivs": {"hp": 31, "atk": 31, "def": 31, "spa": 31, "spd": 31, "spe": 31}, "item": "Leftovers", "teraType": "Poison", "role": "Bulky Attacker", "bvs": {"hp": 111, "atk": 127, "def": 99, "spa": 79, "spd": 99, "spe": 55}, "stats": {"hp": 309, "atk": 249, "def": 205, "spa": 173, "spd": 205, "spe": 134}, "types": ["Grass", "Dark"]}}]}