{"id": "gen9randombattle-2641347008", "format": "[Gen 9] Random Battle", "players": ["polite96rg", "notmetbh102"], "log": "|j|\u2606polite96rg\n|j|\u2606notmetbh102\n|t:|1782770971\n|gametype|singles\n|inactive|Battle timer is ON: inactive players will automatically lose when time's up. (requested by notmetbh102)\n|player|p1|polite96rg|1|2164\n|player|p2|notmetbh102|2|2288\n|gen|9\n|tier|[Gen 9] Random Battle\n|rated|\n|rule|Species Clause: Limit one of each Pok\u00e9mon\n|rule|HP Percentage Mod: HP is shown in percentages\n|rule|Sleep Clause Mod: Limit one foe put to sleep\n|rule|Illusion Level Mod: Illusion disguises the Pok\u00e9mon's true level\n|\n|t:|1782770971\n|teamsize|p1|6\n|teamsize|p2|6\n|start\n|switch|p1a: Salamence|Salamence, L77, M|273/273\n|switch|p2a: Annihilape|Annihilape, L76, F|292/292\n|-ability|p1a: Salamence|Intimidate|boost\n|-unboost|p2a: Annihilape|atk|1\n|-ability|p2a: Annihilape|Defiant|boost\n|-boost|p2a: Annihilape|atk|2\n|turn|1\n|inactive|polite96rg also wants the timer to be on.\n|c|\u2606notmetbh102|hf\n|inactive|polite96rg has 120 seconds left.\n|\n|t:|1782771009\n|switch|p2a: Eiscue|Eiscue, L88, F|274/274\n|move|p1a: Salamence|Dragon Dance|p1a: Salamence\n|-boost|p1a: Salamence|atk|1\n|-boost|p1a: Salamence|spe|1\n|\n|upkeep\n|turn|2\n|\n|t:|1782771024\n|switch|p1a: Toxtricity|Toxtricity, L82, M|257/257\n|move|p2a: Eiscue|Ice Spinner|p1a: Toxtricity\n|-damage|p1a: Toxtricity|166/257\n|\n|upkeep\n|turn|3\n|\n|t:|1782771031\n|move|p1a: Toxtricity|Volt Switch|p2a: Eiscue\n|-damage|p2a: Eiscue|195/274\n|\n|t:|1782771034\n|switch|p1a: Empoleon|Empoleon, L84, M|278/278|[from] Volt Switch\n|move|p2a: Eiscue|Ice Spinner|p1a: Empoleon\n|-resisted|p1a: Empoleon\n|-damage|p1a: Empoleon|259/278\n|\n|-heal|p1a: Empoleon|276/278|[from] item: Leftovers\n|upkeep\n|turn|4\n|\n|t:|1782771038\n|switch|p2a: Magearna|Magearna, L77|250/250\n|move|p1a: Empoleon|Surf|p2a: Magearna\n|-damage|p2a: Magearna|159/250\n|\n|-heal|p1a: Empoleon|278/278|[from] item: Leftovers\n|-heal|p2a: Magearna|174/250|[from] item: Leftovers\n|upkeep\n|turn|5\n|\n|t:|1782771041\n|switch|p2a: Annihilape|Annihilape, L76, F|292/292\n|move|p1a: Empoleon|Flip Turn|p2a: Annihilape\n|-damage|p2a: Annihilape|220/292\n|\n|t:|1782771048\n|switch|p1a: Toxtricity|Toxtricity, L82, M|166/257|[from] Flip Turn\n|\n|upkeep\n|turn|6\n|\n|t:|1782771051\n|-terastallize|p2a: Annihilape|Ghost\n|move|p1a: Toxtricity|Overdrive|p2a: Annihilape\n|-damage|p2a: Annihilape|93/292\n|move|p2a: Annihilape|Rage Fist|p1a: Toxtricity\n|-damage|p1a: Toxtricity|0 fnt\n|faint|p1a: Toxtricity\n|\n|upkeep\n|\n|t:|1782771057\n|switch|p1a: Banette|Banette, L93, M|270/270\n|turn|7\n|\n|t:|1782771059\n|switch|p2a: Zamazenta|Zamazenta, L71|248/248\n|-ability|p2a: Zamazenta|Dauntless Shield|boost\n|-boost|p2a: Zamazenta|def|1\n|move|p1a: Banette|Shadow Sneak|p2a: Zamazenta\n|-damage|p2a: Zamazenta|193/248\n|-damage|p1a: Banette|243/270|[from] item: Life Orb\n|\n|-heal|p2a: Zamazenta|208/248|[from] item: Leftovers\n|upkeep\n|turn|8\n|\n|t:|1782771061\n|move|p2a: Zamazenta|Iron Defense|p2a: Zamazenta\n|-boost|p2a: Zamazenta|def|2\n|move|p1a: Banette|Thunder Wave|p2a: Zamazenta\n|-status|p2a: Zamazenta|par\n|\n|-heal|p2a: Zamazenta|223/248 par|[from] item: Leftovers\n|upkeep\n|turn|9\n|\n|t:|1782771067\n|switch|p1a: Ceruledge|Ceruledge, L78, M|245/245\n|cant|p2a: Zamazenta|par\n|\n|-heal|p2a: Zamazenta|238/248 par|[from] item: Leftovers\n|upkeep\n|turn|10\n|\n|t:|1782771070\n|move|p1a: Ceruledge|Swords Dance|p1a: Ceruledge\n|-boost|p1a: Ceruledge|atk|2\n|move|p2a: Zamazenta|Stone Edge|p1a: Ceruledge|[miss]\n|-miss|p2a: Zamazenta|p1a: Ceruledge\n|\n|-heal|p2a: Zamazenta|248/248 par|[from] item: Leftovers\n|upkeep\n|turn|11\n|\n|t:|1782771074\n|move|p1a: Ceruledge|Poltergeist|p2a: Zamazenta\n|-activate|p2a: Zamazenta|move: Poltergeist|Leftovers\n|-damage|p2a: Zamazenta|151/248 par\n|move|p2a: Zamazenta|Stone Edge|p1a: Ceruledge\n|-supereffective|p1a: Ceruledge\n|-damage|p1a: Ceruledge|95/245\n|-ability|p1a: Ceruledge|Weak Armor|boost\n|-unboost|p1a: Ceruledge|def|1\n|-boost|p1a: Ceruledge|spe|2\n|\n|-heal|p2a: Zamazenta|166/248 par|[from] item: Leftovers\n|upkeep\n|turn|12\n|\n|t:|1782771092\n|-terastallize|p1a: Ceruledge|Ghost\n|move|p1a: Ceruledge|Bitter Blade|p2a: Zamazenta\n|-damage|p2a: Zamazenta|85/248 par\n|-heal|p1a: Ceruledge|136/245|[from] drain|[of] p2a: Zamazenta\n|move|p2a: Zamazenta|Stone Edge|p1a: Ceruledge|[miss]\n|-miss|p2a: Zamazenta|p1a: Ceruledge\n|\n|-heal|p2a: Zamazenta|100/248 par|[from] item: Leftovers\n|upkeep\n|turn|13\n|\n|t:|1782771098\n|move|p1a: Ceruledge|Poltergeist|p2a: Zamazenta\n|-activate|p2a: Zamazenta|move: Poltergeist|Leftovers\n|-damage|p2a: Zamazenta|0 fnt\n|faint|p2a: Zamazenta\n|\n|upkeep\n|\n|t:|1782771099\n|switch|p2a: Eiscue|Eiscue, L88, F|195/274\n|turn|14\n|\n|t:|1782771104\n|move|p1a: Ceruledge|Bitter Blade|p2a: Eiscue\n|-activate|p2a: Eiscue|ability: Ice Face\n|-damage|p2a: Eiscue|195/274\n|detailschange|p2a: Eiscue|Eiscue-Noice, L88, F\n|move|p2a: Eiscue|Ice Spinner|p1a: Ceruledge\n|-damage|p1a: Ceruledge|0 fnt\n|faint|p1a: Ceruledge\n|\n|upkeep\n|\n|t:|1782771111\n|switch|p1a: Empoleon|Empoleon, L84, M|278/278\n|turn|15\n|\n|t:|1782771113\n|switch|p2a: Dachsbun|Dachsbun, L92, M|254/254\n|move|p1a: Empoleon|Surf|p2a: Dachsbun\n|-damage|p2a: Dachsbun|148/254\n|\n|-heal|p2a: Dachsbun|163/254|[from] item: Leftovers\n|upkeep\n|turn|16\n|\n|t:|1782771115\n|move|p2a: Dachsbun|Wish|p2a: Dachsbun\n|move|p1a: Empoleon|Surf|p2a: Dachsbun\n|-damage|p2a: Dachsbun|63/254\n|\n|-heal|p2a: Dachsbun|78/254|[from] item: Leftovers\n|upkeep\n|turn|17\n|\n|t:|1782771131\n|move|p2a: Dachsbun|Protect|p2a: Dachsbun\n|-singleturn|p2a: Dachsbun|Protect\n|move|p1a: Empoleon|Surf|p2a: Dachsbun\n|-activate|p2a: Dachsbun|move: Protect\n|\n|-heal|p2a: Dachsbun|205/254|[from] move: Wish|[wisher] Dachsbun\n|-heal|p2a: Dachsbun|220/254|[from] item: Leftovers\n|upkeep\n|turn|18\n|\n|t:|1782771148\n|move|p2a: Dachsbun|Wish|p2a: Dachsbun\n|move|p1a: Empoleon|Surf|p2a: Dachsbun\n|-damage|p2a: Dachsbun|118/254\n|\n|-heal|p2a: Dachsbun|133/254|[from] item: Leftovers\n|upkeep\n|turn|19\n|\n|t:|1782771151\n|move|p2a: Dachsbun|Protect|p2a: Dachsbun\n|-singleturn|p2a: Dachsbun|Protect\n|move|p1a: Empoleon|Surf|p2a: Dachsbun\n|-activate|p2a: Dachsbun|move: Protect\n|\n|-heal|p2a: Dachsbun|254/254|[from] move: Wish|[wisher] Dachsbun\n|upkeep\n|turn|20\n|\n|t:|1782771158\n|move|p2a: Dachsbun|Wish|p2a: Dachsbun\n|move|p1a: Empoleon|Flip Turn|p2a: Dachsbun\n|-damage|p2a: Dachsbun|212/254\n|\n|t:|1782771160\n|switch|p1a: Banette|Banette, L93, M|243/270|[from] Flip Turn\n|\n|-heal|p2a: Dachsbun|227/254|[from] item: Leftovers\n|upkeep\n|turn|21\n|\n|t:|1782771164\n|switch|p2a: Magearna|Magearna, L77|174/250\n|move|p1a: Banette|Thunder Wave|p2a: Magearna\n|-status|p2a: Magearna|par\n|\n|-heal|p2a: Magearna|250/250 par|[from] move: Wish|[wisher] Dachsbun\n|upkeep\n|turn|22\n|\n|t:|1782771170\n|switch|p1a: Empoleon|Empoleon, L84, M|278/278\n|move|p2a: Magearna|Fleur Cannon|p1a: Empoleon|[miss]\n|-miss|p2a: Magearna|p1a: Empoleon\n|\n|upkeep\n|turn|23\n|\n|t:|1782771174\n|move|p1a: Empoleon|Surf|p2a: Magearna\n|-damage|p2a: Magearna|160/250 par\n|move|p2a: Magearna|Calm Mind|p2a: Magearna\n|-boost|p2a: Magearna|spa|1\n|-boost|p2a: Magearna|spd|1\n|\n|-heal|p2a: Magearna|175/250 par|[from] item: Leftovers\n|upkeep\n|turn|24\n|\n|t:|1782771177\n|move|p1a: Empoleon|Surf|p2a: Magearna\n|-damage|p2a: Magearna|109/250 par\n|cant|p2a: Magearna|par\n|\n|-heal|p2a: Magearna|124/250 par|[from] item: Leftovers\n|upkeep\n|turn|25\n|\n|t:|1782771179\n|move|p1a: Empoleon|Surf|p2a: Magearna\n|-damage|p2a: Magearna|58/250 par\n|move|p2a: Magearna|Fleur Cannon|p1a: Empoleon\n|-resisted|p1a: Empoleon\n|-damage|p1a: Empoleon|172/278\n|-unboost|p2a: Magearna|spa|2\n|\n|-heal|p1a: Empoleon|189/278|[from] item: Leftovers\n|-heal|p2a: Magearna|73/250 par|[from] item: Leftovers\n|upkeep\n|turn|26\n|\n|t:|1782771181\n|move|p1a: Empoleon|Surf|p2a: Magearna\n|-damage|p2a: Magearna|13/250 par\n|move|p2a: Magearna|Fleur Cannon|p1a: Empoleon\n|-resisted|p1a: Empoleon\n|-damage|p1a: Empoleon|141/278\n|-unboost|p2a: Magearna|spa|2\n|\n|-heal|p1a: Empoleon|158/278|[from] item: Leftovers\n|-heal|p2a: Magearna|28/250 par|[from] item: Leftovers\n|upkeep\n|turn|27\n|\n|t:|1782771183\n|switch|p2a: Annihilape|Annihilape, L76, F, tera:Ghost|93/292\n|move|p1a: Empoleon|Roost|p1a: Empoleon\n|-heal|p1a: Empoleon|278/278\n|-singleturn|p1a: Empoleon|move: Roost\n|\n|upkeep\n|turn|28\n|\n|t:|1782771189\n|move|p2a: Annihilape|Rest|p2a: Annihilape\n|-status|p2a: Annihilape|slp|[from] move: Rest\n|-heal|p2a: Annihilape|292/292 slp|[silent]\n|-enditem|p2a: Annihilape|Chesto Berry|[eat]\n|-curestatus|p2a: Annihilape|slp|[msg]\n|move|p1a: Empoleon|Surf|p2a: Annihilape\n|-damage|p2a: Annihilape|168/292\n|\n|upkeep\n|turn|29\n|\n|t:|1782771193\n|move|p2a: Annihilape|Drain Punch|p1a: Empoleon\n|-supereffective|p1a: Empoleon\n|-damage|p1a: Empoleon|114/278\n|-heal|p2a: Annihilape|250/292|[from] drain|[of] p1a: Empoleon\n|move|p1a: Empoleon|Surf|p2a: Annihilape\n|-damage|p2a: Annihilape|136/292\n|\n|-heal|p1a: Empoleon|131/278|[from] item: Leftovers\n|upkeep\n|turn|30\n|\n|t:|1782771196\n|switch|p1a: Banette|Banette, L93, M|243/270\n|move|p2a: Annihilape|Rage Fist|p1a: Banette\n|-supereffective|p1a: Banette\n|-damage|p1a: Banette|0 fnt\n|faint|p1a: Banette\n|\n|upkeep\n|\n|t:|1782771198\n|switch|p1a: Salamence|Salamence, L77, M|273/273\n|-ability|p1a: Salamence|Intimidate|boost\n|-unboost|p2a: Annihilape|atk|1\n|-ability|p2a: Annihilape|Defiant|boost\n|-boost|p2a: Annihilape|atk|2\n|turn|31\n|\n|t:|1782771202\n|move|p1a: Salamence|Outrage|p2a: Annihilape\n|-damage|p2a: Annihilape|0 fnt\n|faint|p2a: Annihilape\n|\n|upkeep\n|\n|t:|1782771202\n|switch|p2a: Dachsbun|Dachsbun, L92, M|227/254\n|turn|32\n|\n|t:|1782771204\n|move|p2a: Dachsbun|Play Rough|p1a: Salamence\n|-supereffective|p1a: Salamence\n|-damage|p1a: Salamence|57/273\n|move|p1a: Salamence|Outrage|p2a: Dachsbun|[from] lockedmove\n|-immune|p2a: Dachsbun\n|\n|-heal|p2a: Dachsbun|242/254|[from] item: Leftovers\n|upkeep\n|turn|33\n|\n|t:|1782771206\n|switch|p1a: Empoleon|Empoleon, L84, M|131/278\n|move|p2a: Dachsbun|Play Rough|p1a: Empoleon\n|-resisted|p1a: Empoleon\n|-damage|p1a: Empoleon|84/278\n|\n|-heal|p2a: Dachsbun|254/254|[from] item: Leftovers\n|-heal|p1a: Empoleon|101/278|[from] item: Leftovers\n|upkeep\n|turn|34\n|\n|t:|1782771210\n|move|p2a: Dachsbun|Yawn|p1a: Empoleon\n|-start|p1a: Empoleon|move: Yawn|[of] p2a: Dachsbun\n|move|p1a: Empoleon|Roost|p1a: Empoleon\n|-heal|p1a: Empoleon|240/278\n|-singleturn|p1a: Empoleon|move: Roost\n|\n|-heal|p1a: Empoleon|257/278|[from] item: Leftovers\n|upkeep\n|turn|35\n|\n|t:|1782771212\n|move|p2a: Dachsbun|Play Rough|p1a: Empoleon\n|-resisted|p1a: Empoleon\n|-damage|p1a: Empoleon|212/278\n|move|p1a: Empoleon|Flip Turn|p2a: Dachsbun\n|-damage|p2a: Dachsbun|214/254\n|\n|t:|1782771215\n|switch|p1a: Salamence|Salamence, L77, M|57/273|[from] Flip Turn\n|-ability|p1a: Salamence|Intimidate|boost\n|-unboost|p2a: Dachsbun|atk|1\n|\n|-heal|p2a: Dachsbun|229/254|[from] item: Leftovers\n|upkeep\n|turn|36\n|\n|t:|1782771216\n|switch|p1a: Empoleon|Empoleon, L84, M|212/278\n|move|p2a: Dachsbun|Yawn|p1a: Empoleon\n|-start|p1a: Empoleon|move: Yawn|[of] p2a: Dachsbun\n|\n|-heal|p2a: Dachsbun|244/254|[from] item: Leftovers\n|-heal|p1a: Empoleon|229/278|[from] item: Leftovers\n|upkeep\n|turn|37\n|\n|t:|1782771219\n|move|p2a: Dachsbun|Wish|p2a: Dachsbun\n|move|p1a: Empoleon|Flip Turn|p2a: Dachsbun\n|-damage|p2a: Dachsbun|198/254\n|\n|t:|1782771221\n|switch|p1a: Salamence|Salamence, L77, M|57/273|[from] Flip Turn\n|-ability|p1a: Salamence|Intimidate|boost\n|-unboost|p2a: Dachsbun|atk|1\n|\n|-heal|p2a: Dachsbun|213/254|[from] item: Leftovers\n|upkeep\n|turn|38\n|\n|t:|1782771224\n|move|p2a: Dachsbun|Yawn|p1a: Salamence\n|-start|p1a: Salamence|move: Yawn|[of] p2a: Dachsbun\n|move|p1a: Salamence|Roost|p1a: Salamence\n|-heal|p1a: Salamence|194/273\n|-singleturn|p1a: Salamence|move: Roost\n|\n|-heal|p2a: Dachsbun|254/254|[from] move: Wish|[wisher] Dachsbun\n|upkeep\n|turn|39\n|\n|t:|1782771226\n|switch|p1a: Empoleon|Empoleon, L84, M|229/278\n|move|p2a: Dachsbun|Yawn|p1a: Empoleon\n|-start|p1a: Empoleon|move: Yawn|[of] p2a: Dachsbun\n|\n|-heal|p1a: Empoleon|246/278|[from] item: Leftovers\n|upkeep\n|turn|40\n|\n|t:|1782771228\n|move|p2a: Dachsbun|Protect|p2a: Dachsbun\n|-singleturn|p2a: Dachsbun|Protect\n|move|p1a: Empoleon|Flip Turn|p2a: Dachsbun\n|-activate|p2a: Dachsbun|move: Protect\n|\n|-heal|p1a: Empoleon|263/278|[from] item: Leftovers\n|-end|p1a: Empoleon|move: Yawn|[silent]\n|-status|p1a: Empoleon|slp\n|upkeep\n|turn|41\n|\n|t:|1782771231\n|move|p2a: Dachsbun|Play Rough|p1a: Empoleon\n|-resisted|p1a: Empoleon\n|-damage|p1a: Empoleon|239/278 slp\n|cant|p1a: Empoleon|slp\n|\n|-heal|p1a: Empoleon|256/278 slp|[from] item: Leftovers\n|upkeep\n|turn|42\n|\n|t:|1782771233\n|move|p2a: Dachsbun|Wish|p2a: Dachsbun\n|cant|p1a: Empoleon|slp\n|\n|-heal|p1a: Empoleon|273/278 slp|[from] item: Leftovers\n|upkeep\n|turn|43\n|\n|t:|1782771235\n|switch|p2a: Magearna|Magearna, L77|28/250 par\n|cant|p1a: Empoleon|slp\n|\n|-heal|p2a: Magearna|155/250 par|[from] move: Wish|[wisher] Dachsbun\n|-heal|p1a: Empoleon|278/278 slp|[from] item: Leftovers\n|-heal|p2a: Magearna|170/250 par|[from] item: Leftovers\n|upkeep\n|turn|44\n|\n|t:|1782771238\n|switch|p2a: Dachsbun|Dachsbun, L92, M|254/254\n|-curestatus|p1a: Empoleon|slp|[msg]\n|move|p1a: Empoleon|Surf|p2a: Dachsbun\n|-damage|p2a: Dachsbun|155/254\n|\n|-heal|p2a: Dachsbun|170/254|[from] item: Leftovers\n|upkeep\n|turn|45\n|\n|t:|1782771241\n|move|p2a: Dachsbun|Wish|p2a: Dachsbun\n|move|p1a: Empoleon|Surf|p2a: Dachsbun\n|-damage|p2a: Dachsbun|67/254\n|\n|-heal|p2a: Dachsbun|82/254|[from] item: Leftovers\n|upkeep\n|turn|46\n|\n|t:|1782771244\n|switch|p1a: Salamence|Salamence, L77, M|194/273\n|-ability|p1a: Salamence|Intimidate|boost\n|-unboost|p2a: Dachsbun|atk|1\n|move|p2a: Dachsbun|Protect||[still]\n|-fail|p2a: Dachsbun\n|\n|-heal|p2a: Dachsbun|209/254|[from] move: Wish|[wisher] Dachsbun\n|-heal|p2a: Dachsbun|224/254|[from] item: Leftovers\n|upkeep\n|turn|47\n|\n|t:|1782771247\n|switch|p1a: Empoleon|Empoleon, L84, M|278/278\n|move|p2a: Dachsbun|Wish|p2a: Dachsbun\n|\n|-heal|p2a: Dachsbun|239/254|[from] item: Leftovers\n|upkeep\n|turn|48\n|\n|t:|1782771253\n|switch|p2a: Magearna|Magearna, L77|170/250 par\n|move|p1a: Empoleon|Surf|p2a: Magearna\n|-damage|p2a: Magearna|73/250 par\n|\n|-heal|p2a: Magearna|200/250 par|[from] move: Wish|[wisher] Dachsbun\n|-heal|p2a: Magearna|215/250 par|[from] item: Leftovers\n|upkeep\n|turn|49\n|\n|t:|1782771257\n|switch|p2a: Dachsbun|Dachsbun, L92, M|239/254\n|move|p1a: Empoleon|Surf|p2a: Dachsbun\n|-damage|p2a: Dachsbun|142/254\n|\n|-heal|p2a: Dachsbun|157/254|[from] item: Leftovers\n|upkeep\n|turn|50\n|\n|t:|1782771260\n|move|p2a: Dachsbun|Protect|p2a: Dachsbun\n|-singleturn|p2a: Dachsbun|Protect\n|move|p1a: Empoleon|Flip Turn|p2a: Dachsbun\n|-activate|p2a: Dachsbun|move: Protect\n|\n|-heal|p2a: Dachsbun|172/254|[from] item: Leftovers\n|upkeep\n|turn|51\n|\n|t:|1782771264\n|move|p2a: Dachsbun|Wish|p2a: Dachsbun\n|move|p1a: Empoleon|Flip Turn|p2a: Dachsbun\n|-crit|p2a: Dachsbun\n|-damage|p2a: Dachsbun|111/254\n|\n|t:|1782771265\n|switch|p1a: Salamence|Salamence, L77, M|194/273|[from] Flip Turn\n|-ability|p1a: Salamence|Intimidate|boost\n|-unboost|p2a: Dachsbun|atk|1\n|\n|-heal|p2a: Dachsbun|126/254|[from] item: Leftovers\n|upkeep\n|turn|52\n|\n|t:|1782771269\n|switch|p1a: Empoleon|Empoleon, L84, M|278/278\n|move|p2a: Dachsbun|Yawn|p1a: Empoleon\n|-start|p1a: Empoleon|move: Yawn|[of] p2a: Dachsbun\n|\n|-heal|p2a: Dachsbun|253/254|[from] move: Wish|[wisher] Dachsbun\n|-heal|p2a: Dachsbun|254/254|[from] item: Leftovers\n|upkeep\n|turn|53\n|\n|t:|1782771271\n|switch|p2a: Magearna|Magearna, L77|215/250 par\n|switch|p1a: Salamence|Salamence, L77, M|194/273\n|-ability|p1a: Salamence|Intimidate|boost\n|-unboost|p2a: Magearna|atk|1\n|\n|-heal|p2a: Magearna|230/250 par|[from] item: Leftovers\n|upkeep\n|turn|54\n|\n|t:|1782771274\n|switch|p1a: Empoleon|Empoleon, L84, M|278/278\n|move|p2a: Magearna|Calm Mind|p2a: Magearna\n|-boost|p2a: Magearna|spa|1\n|-boost|p2a: Magearna|spd|1\n|\n|-heal|p2a: Magearna|245/250 par|[from] item: Leftovers\n|upkeep\n|turn|55\n|\n|t:|1782771278\n|move|p1a: Empoleon|Surf|p2a: Magearna\n|-damage|p2a: Magearna|179/250 par\n|move|p2a: Magearna|Shift Gear|p2a: Magearna\n|-boost|p2a: Magearna|spe|2\n|-boost|p2a: Magearna|atk|1\n|\n|-heal|p2a: Magearna|194/250 par|[from] item: Leftovers\n|upkeep\n|turn|56\n|\n|t:|1782771281\n|move|p1a: Empoleon|Surf|p2a: Magearna\n|-damage|p2a: Magearna|133/250 par\n|move|p2a: Magearna|Fleur Cannon|p1a: Empoleon\n|-resisted|p1a: Empoleon\n|-damage|p1a: Empoleon|176/278\n|-unboost|p2a: Magearna|spa|2\n|\n|-heal|p1a: Empoleon|193/278|[from] item: Leftovers\n|-heal|p2a: Magearna|148/250 par|[from] item: Leftovers\n|upkeep\n|turn|57\n|\n|t:|1782771283\n|move|p1a: Empoleon|Surf|p2a: Magearna\n|-damage|p2a: Magearna|88/250 par\n|move|p2a: Magearna|Calm Mind|p2a: Magearna\n|-boost|p2a: Magearna|spa|1\n|-boost|p2a: Magearna|spd|1\n|\n|-heal|p1a: Empoleon|210/278|[from] item: Leftovers\n|-heal|p2a: Magearna|103/250 par|[from] item: Leftovers\n|upkeep\n|turn|58\n|\n|t:|1782771285\n|move|p1a: Empoleon|Surf|p2a: Magearna\n|-damage|p2a: Magearna|51/250 par\n|cant|p2a: Magearna|par\n|\n|-heal|p1a: Empoleon|227/278|[from] item: Leftovers\n|-heal|p2a: Magearna|66/250 par|[from] item: Leftovers\n|upkeep\n|turn|59\n|\n|t:|1782771286\n|move|p1a: Empoleon|Surf|p2a: Magearna\n|-damage|p2a: Magearna|17/250 par\n|move|p2a: Magearna|Fleur Cannon|p1a: Empoleon\n|-resisted|p1a: Empoleon\n|-damage|p1a: Empoleon|164/278\n|-unboost|p2a: Magearna|spa|2\n|\n|-heal|p1a: Empoleon|181/278|[from] item: Leftovers\n|-heal|p2a: Magearna|32/250 par|[from] item: Leftovers\n|upkeep\n|turn|60\n|\n|t:|1782771288\n|move|p1a: Empoleon|Surf|p2a: Magearna\n|-damage|p2a: Magearna|0 fnt\n|faint|p2a: Magearna\n|\n|-heal|p1a: Empoleon|198/278|[from] item: Leftovers\n|upkeep\n|\n|t:|1782771289\n|switch|p2a: Ho-Oh|Ho-Oh, L71|268/268\n|turn|61\n|\n|t:|1782771296\n|switch|p1a: Goodra|Goodra, L85, F|292/292\n|move|p2a: Ho-Oh|Sacred Fire|p1a: Goodra\n|-resisted|p1a: Goodra\n|-damage|p1a: Goodra|232/292\n|-status|p1a: Goodra|brn\n|\n|-damage|p1a: Goodra|214/292 brn|[from] brn\n|upkeep\n|turn|62\n|\n|t:|1782771299\n|move|p1a: Goodra|Sludge Bomb|p2a: Ho-Oh\n|-damage|p2a: Ho-Oh|209/268\n|-status|p2a: Ho-Oh|psn\n|move|p2a: Ho-Oh|Sacred Fire|p1a: Goodra|[miss]\n|-miss|p2a: Ho-Oh|p1a: Goodra\n|\n|-damage|p2a: Ho-Oh|176/268 psn|[from] psn\n|-damage|p1a: Goodra|196/292 brn|[from] brn\n|upkeep\n|turn|63\n|\n|t:|1782771304\n|switch|p2a: Dachsbun|Dachsbun, L92, M|254/254\n|move|p1a: Goodra|Draco Meteor|p2a: Dachsbun\n|-immune|p2a: Dachsbun\n|\n|-damage|p1a: Goodra|178/292 brn|[from] brn\n|upkeep\n|turn|64\n|\n|t:|1782771305\n|move|p2a: Dachsbun|Yawn||[still]\n|-fail|p2a: Dachsbun\n|move|p1a: Goodra|Sludge Bomb|p2a: Dachsbun\n|-supereffective|p2a: Dachsbun\n|-damage|p2a: Dachsbun|122/254\n|\n|-heal|p2a: Dachsbun|137/254|[from] item: Leftovers\n|-damage|p1a: Goodra|160/292 brn|[from] brn\n|upkeep\n|turn|65\n|\n|t:|1782771307\n|move|p2a: Dachsbun|Play Rough|p1a: Goodra\n|-supereffective|p1a: Goodra\n|-damage|p1a: Goodra|0 fnt\n|faint|p1a: Goodra\n|\n|-heal|p2a: Dachsbun|152/254|[from] item: Leftovers\n|upkeep\n|\n|t:|1782771312\n|switch|p1a: Empoleon|Empoleon, L84, M|198/278\n|turn|66\n|\n|t:|1782771314\n|move|p2a: Dachsbun|Yawn|p1a: Empoleon\n|-start|p1a: Empoleon|move: Yawn|[of] p2a: Dachsbun\n|move|p1a: Empoleon|Surf|p2a: Dachsbun\n|-crit|p2a: Dachsbun\n|-damage|p2a: Dachsbun|1/254\n|\n|-heal|p2a: Dachsbun|16/254|[from] item: Leftovers\n|-heal|p1a: Empoleon|215/278|[from] item: Leftovers\n|upkeep\n|turn|67\n|\n|t:|1782771318\n|switch|p1a: Salamence|Salamence, L77, M|194/273\n|-ability|p1a: Salamence|Intimidate|boost\n|-unboost|p2a: Dachsbun|atk|1\n|move|p2a: Dachsbun|Protect||[still]\n|-fail|p2a: Dachsbun\n|\n|-heal|p2a: Dachsbun|31/254|[from] item: Leftovers\n|upkeep\n|turn|68\n|\n|t:|1782771327\n|move|p2a: Dachsbun|Yawn|p1a: Salamence\n|-start|p1a: Salamence|move: Yawn|[of] p2a: Dachsbun\n|move|p1a: Salamence|Dragon Dance|p1a: Salamence\n|-boost|p1a: Salamence|atk|1\n|-boost|p1a: Salamence|spe|1\n|\n|-heal|p2a: Dachsbun|46/254|[from] item: Leftovers\n|upkeep\n|turn|69\n|\n|t:|1782771329\n|switch|p1a: Empoleon|Empoleon, L84, M|215/278\n|move|p2a: Dachsbun|Protect||[still]\n|-fail|p2a: Dachsbun\n|\n|-heal|p2a: Dachsbun|61/254|[from] item: Leftovers\n|-heal|p1a: Empoleon|232/278|[from] item: Leftovers\n|upkeep\n|turn|70\n|\n|t:|1782771333\n|move|p2a: Dachsbun|Wish|p2a: Dachsbun\n|move|p1a: Empoleon|Surf|p2a: Dachsbun\n|-damage|p2a: Dachsbun|0 fnt\n|faint|p2a: Dachsbun\n|\n|-heal|p1a: Empoleon|249/278|[from] item: Leftovers\n|upkeep\n|\n|t:|1782771334\n|switch|p2a: Eiscue|Eiscue-Noice, L88, F|195/274\n|turn|71\n|\n|t:|1782771340\n|switch|p2a: Ho-Oh|Ho-Oh, L71|265/268 psn\n|move|p1a: Empoleon|Flip Turn|p2a: Ho-Oh\n|-supereffective|p2a: Ho-Oh\n|-damage|p2a: Ho-Oh|121/268 psn\n|\n|t:|1782771342\n|switch|p1a: Salamence|Salamence, L77, M|194/273|[from] Flip Turn\n|-ability|p1a: Salamence|Intimidate|boost\n|-unboost|p2a: Ho-Oh|atk|1\n|\n|-heal|p2a: Ho-Oh|248/268 psn|[from] move: Wish|[wisher] Dachsbun\n|-damage|p2a: Ho-Oh|215/268 psn|[from] psn\n|upkeep\n|turn|72\n|\n|t:|1782771347\n|move|p1a: Salamence|Dragon Dance|p1a: Salamence\n|-boost|p1a: Salamence|atk|1\n|-boost|p1a: Salamence|spe|1\n|move|p2a: Ho-Oh|Sacred Fire|p1a: Salamence\n|-resisted|p1a: Salamence\n|-damage|p1a: Salamence|155/273\n|\n|-damage|p2a: Ho-Oh|182/268 psn|[from] psn\n|upkeep\n|turn|73\n|\n|t:|1782771350\n|switch|p2a: Eiscue|Eiscue-Noice, L88, F|195/274\n|move|p1a: Salamence|Outrage|p2a: Eiscue\n|-damage|p2a: Eiscue|0 fnt\n|faint|p2a: Eiscue\n|\n|upkeep\n|\n|t:|1782771351\n|switch|p2a: Ho-Oh|Ho-Oh, L71|268/268 psn\n|turn|74\n|\n|t:|1782771352\n|move|p1a: Salamence|Outrage|p2a: Ho-Oh|[from] lockedmove\n|-damage|p2a: Ho-Oh|22/268 psn\n|move|p2a: Ho-Oh|Recover|p2a: Ho-Oh\n|-heal|p2a: Ho-Oh|156/268 psn\n|\n|-damage|p2a: Ho-Oh|123/268 psn|[from] psn\n|upkeep\n|turn|75\n|\n|t:|1782771354\n|move|p1a: Salamence|Outrage|p2a: Ho-Oh|[from] lockedmove\n|-damage|p2a: Ho-Oh|0 fnt\n|faint|p2a: Ho-Oh\n|-start|p1a: Salamence|confusion|[fatigue]\n|\n|win|polite96rg\n|raw|polite96rg's rating: 2164 &rarr; <strong>2191</strong><br />(+27 for winning)\n|raw|notmetbh102's rating: 2288 &rarr; <strong>2261</strong><br />(-27 for losing)\n|c|\u2606notmetbh102|gg\n", "inputlog": ">version f8ac14003a5f27e1bdc8d8c59608a773c1cb96e5\n>start {\"formatid\":\"gen9randombattle\",\"seed\":\"sodium,5d7ae2a59633ff3a7b2dc97786cd7d97\",\"rated\":\"Rated battle\"}\n>player p1 {\"name\":\"polite96rg\",\"avatar\":\"1\",\"rating\":2164,\"seed\":\"sodium,9feb390ffb9fa76e2cfdebefb4a12cc2\"}\n>player p2 {\"name\":\"notmetbh102\",\"avatar\":\"2\",\"rating\":2288,\"seed\":\"sodium,89dc50f79c3e54bce18f88407bdead28\"}\n>chat \u2606notmetbh102|hf\n>p1 move dragondance\n>p2 switch 3\n>p1 switch 3\n>p2 move icespinner\n>p1 move voltswitch\n>p2 move icespinner\n>p1 switch 4\n>p1 move surf\n>p2 switch 4\n>p1 move flipturn\n>p2 switch 3\n>p1 switch 4\n>p1 move overdrive\n>p2 move ragefist terastallize\n>p1 switch 2\n>p1 move shadowsneak\n>p2 switch 5\n>p1 move thunderwave\n>p2 move irondefense\n>p1 switch 5\n>p2 move stoneedge\n>p1 move swordsdance\n>p2 move stoneedge\n>p1 move poltergeist\n>p2 move stoneedge\n>p1 move bitterblade terastallize\n>p2 move stoneedge\n>p1 move poltergeist\n>p2 move stoneedge\n>p2 switch 4\n>p1 move bitterblade\n>p2 move icespinner\n>p1 switch 4\n>p1 move surf\n>p2 switch 6\n>p1 move surf\n>p2 move wish\n>p1 move surf\n>p2 move protect\n>p1 move surf\n>p2 move wish\n>p1 move surf\n>p2 move protect\n>p1 move flipturn\n>p2 move wish\n>p1 switch 5\n>p1 move thunderwave\n>p2 switch 3\n>p1 switch 5\n>p2 move fleurcannon\n>p1 move surf\n>p2 move calmmind\n>p1 move surf\n>p2 move fleurcannon\n>p1 move surf\n>p2 move fleurcannon\n>p1 move surf\n>p2 move fleurcannon\n>p1 move roost\n>p2 switch 5\n>p1 move surf\n>p2 move rest\n>p1 move surf\n>p2 move drainpunch\n>p1 switch 5\n>p2 move ragefist\n>p1 switch 3\n>p1 move outrage\n>p2 move ragefist\n>p2 switch 3\n>p1 move outrage\n>p2 move playrough\n>p1 switch 5\n>p2 move playrough\n>p1 move roost\n>p2 move yawn\n>p1 move flipturn\n>p2 move playrough\n>p1 switch 5\n>p1 switch 5\n>p2 move yawn\n>p1 move flipturn\n>p2 move wish\n>p1 switch 5\n>p1 move roost\n>p2 move yawn\n>p1 switch 5\n>p2 move yawn\n>p1 move flipturn\n>p2 move protect\n>p1 move surf\n>p2 move playrough\n>p1 move surf\n>p2 move wish\n>p1 move surf\n>p2 switch 5\n>p1 move surf\n>p2 switch 5\n>p1 move surf\n>p2 move wish\n>p1 switch 5\n>p2 move protect\n>p1 switch 5\n>p2 move wish\n>p1 move surf\n>p2 switch 5\n>p1 move surf\n>p2 switch 5\n>p1 move flipturn\n>p2 move protect\n>p1 move flipturn\n>p2 move wish\n>p1 switch 5\n>p1 switch 5\n>p2 move yawn\n>p1 switch 5\n>p2 switch 5\n>p1 switch 5\n>p2 move calmmind\n>p1 move surf\n>p2 move shiftgear\n>p1 move surf\n>p2 move fleurcannon\n>p1 move surf\n>p2 move calmmind\n>p1 move surf\n>p2 move fleurcannon\n>p1 move surf\n>p2 move fleurcannon\n>p1 move surf\n>p2 move flashcannon\n>p2 switch 2\n>p1 switch 6\n>p2 move sacredfire\n>p1 move sludgebomb\n>p2 move sacredfire\n>p1 move dracometeor\n>p2 switch 5\n>p1 move sludgebomb\n>p2 move yawn\n>p1 move sludgebomb\n>p2 move playrough\n>p1 switch 6\n>p1 move surf\n>p2 move yawn\n>p1 switch 5\n>p2 move protect\n>p1 move dragondance\n>p2 move yawn\n>p1 switch 5\n>p2 move protect\n>p1 move surf\n>p2 move wish\n>p2 switch 6\n>p1 move flipturn\n>p2 switch 5\n>p1 switch 5\n>p1 move dragondance\n>p2 move sacredfire\n>p1 move outrage\n>p2 switch 5\n>p2 switch 5\n>p1 move outrage\n>p2 move recover\n>p1 move outrage\n>p2 move earthquake", "uploadtime": 1782771354, "views": 4, "formatid": "gen9randombattle", "rating": 2191, "private": 0, "password": null, "player_dets": [{"name": "polite96rg", "avatar": "1", "rating": 2164, "seed": "sodium,9feb390ffb9fa76e2cfdebefb4a12cc2"}, {"name": "notmetbh102", "avatar": "2", "rating": 2288, "seed": "sodium,89dc50f79c3e54bce18f88407bdead28"}], "teams_full": [{"Salamence": {"name": "Salamence", "species": "Salamence", "speciesId": "salamence", "gender": "M", "shiny": false, "level": 77, "moves": ["dualwingbeat", "dragondance", "outrage", "roost"], "ability": "Intimidate", "evs": {"hp": 85, "atk": 85, "def": 85, "spa": 85, "spd": 85, "spe": 85}, "ivs": {"hp": 31, "atk": 31, "def": 31, "spa": 31, "spd": 31, "spe": 31}, "item": "Heavy-Duty Boots", "teraType": "Dragon", "role": "Setup Sweeper", "bvs": {"hp": 95, "atk": 135, "def": 80, "spa": 110, "spd": 80, "spe": 100}, "stats": {"hp": 273, "atk": 252, "def": 168, "spa": 214, "spd": 168, "spe": 199}, "types": ["Dragon", "Flying"]}, "Banette": {"name": "Banette", "species": "Banette", "speciesId": "banette", "gender": "M", "shiny": false, "level": 93, "moves": ["poltergeist", "gunkshot", "shadowsneak", "thunderwave"], "ability": "Insomnia", "evs": {"hp": 85, "atk": 85, "def": 85, "spa": 85, "spd": 85, "spe": 85}, "ivs": {"hp": 31, "atk": 31, "def": 31, "spa": 31, "spd": 31, "spe": 31}, "item": "Life Orb", "teraType": "Ghost", "role": "Wallbreaker", "bvs": {"hp": 64, "atk": 115, "def": 65, "spa": 83, "spd": 63, "spe": 65}, "stats": {"hp": 270, "atk": 267, "def": 174, "spa": 207, "spd": 170, "spe": 174}, "types": ["Ghost"]}, "Toxtricity": {"name": "Toxtricity", "species": "Toxtricity", "speciesId": "toxtricity", "gender": "M", "shiny": false, "level": 82, "moves": ["voltswitch", "overdrive", "boomburst", "sludgewave"], "ability": "Punk Rock", "evs": {"hp": 85, "atk": 0, "def": 85, "spa": 85, "spd": 85, "spe": 85}, "ivs": {"hp": 31, "atk": 0, "def": 31, "spa": 31, "spd": 31, "spe": 31}, "item": "Choice Scarf", "teraType": "Normal", "role": "Fast Attacker", "bvs": {"hp": 75, "atk": 98, "def": 70, "spa": 114, "spd": 70, "spe": 75}, "stats": {"hp": 257, "atk": 165, "def": 162, "spa": 234, "spd": 162, "spe": 170}, "types": ["Electric", "Poison"]}, "Empoleon": {"name": "Empoleon", "species": "Empoleon", "speciesId": "empoleon", "gender": "M", "shiny": false, "level": 84, "moves": ["roost", "surf", "icebeam", "flipturn"], "ability": "Competitive", "evs": {"hp": 85, "atk": 85, "def": 85, "spa": 85, "spd": 85, "spe": 85}, "ivs": {"hp": 31, "atk": 31, "def": 31, "spa": 31, "spd": 31, "spe": 31}, "item": "Leftovers", "teraType": "Flying", "role": "Bulky Support", "bvs": {"hp": 84, "atk": 86, "def": 88, "spa": 111, "spd": 101, "spe": 60}, "stats": {"hp": 278, "atk": 193, "def": 196, "spa": 235, "spd": 218, "spe": 149}, "types": ["Water", "Steel"]}, "Ceruledge": {"name": "Ceruledge", "species": "Ceruledge", "speciesId": "ceruledge", "gender": "M", "shiny": false, "level": 78, "moves": ["swordsdance", "bitterblade", "closecombat", "poltergeist"], "ability": "Weak Armor", "evs": {"hp": 85, "atk": 85, "def": 85, "spa": 85, "spd": 85, "spe": 85}, "ivs": {"hp": 31, "atk": 31, "def": 31, "spa": 31, "spd": 31, "spe": 31}, "item": "Heavy-Duty Boots", "teraType": "Ghost", "role": "Setup Sweeper", "bvs": {"hp": 75, "atk": 125, "def": 80, "spa": 60, "spd": 100, "spe": 85}, "stats": {"hp": 245, "atk": 240, "def": 170, "spa": 139, "spd": 201, "spe": 178}, "types": ["Fire", "Ghost"]}, "Goodra": {"name": "Goodra", "species": "Goodra", "speciesId": "goodra", "gender": "F", "shiny": false, "level": 85, "moves": ["earthquake", "powerwhip", "dracometeor", "sludgebomb"], "ability": "Sap Sipper", "evs": {"hp": 85, "atk": 85, "def": 85, "spa": 85, "spd": 85, "spe": 85}, "ivs": {"hp": 31, "atk": 31, "def": 31, "spa": 31, "spd": 31, "spe": 31}, "item": "Assault Vest", "teraType": "Poison", "role": "AV Pivot", "bvs": {"hp": 90, "atk": 100, "def": 70, "spa": 110, "spd": 150, "spe": 80}, "stats": {"hp": 292, "atk": 219, "def": 168, "spa": 236, "spd": 304, "spe": 185}, "types": ["Dragon"]}}, {"Annihilape": {"name": "Annihilape", "species": "Annihilape", "speciesId": "annihilape", "gender": "F", "shiny": false, "level": 76, "moves": ["ragefist", "drainpunch", "rest", "bulkup"], "ability": "Defiant", "evs": {"hp": 85, "atk": 85, "def": 85, "spa": 85, "spd": 85, "spe": 85}, "ivs": {"hp": 31, "atk": 31, "def": 31, "spa": 31, "spd": 31, "spe": 31}, "item": "Chesto Berry", "teraType": "Ghost", "role": "Bulky Setup", "bvs": {"hp": 110, "atk": 115, "def": 80, "spa": 50, "spd": 90, "spe": 90}, "stats": {"hp": 292, "atk": 219, "def": 166, "spa": 120, "spd": 181, "spe": 181}, "types": ["Fighting", "Ghost"]}, "Ho-Oh": {"name": "Ho-Oh", "species": "Ho-Oh", "speciesId": "hooh", "gender": "N", "shiny": false, "level": 71, "moves": ["recover", "bravebird", "earthquake", "sacredfire"], "ability": "Regenerator", "evs": {"hp": 85, "atk": 85, "def": 85, "spa": 85, "spd": 85, "spe": 85}, "ivs": {"hp": 31, "atk": 31, "def": 31, "spa": 31, "spd": 31, "spe": 31}, "item": "Heavy-Duty Boots", "teraType": "Ground", "role": "Bulky Attacker", "bvs": {"hp": 106, "atk": 130, "def": 90, "spa": 110, "spd": 154, "spe": 90}, "stats": {"hp": 268, "atk": 226, "def": 169, "spa": 198, "spd": 260, "spe": 169}, "types": ["Fire", "Flying"]}, "Eiscue": {"name": "Eiscue", "species": "Eiscue", "speciesId": "eiscue", "gender": "F", "shiny": false, "level": 88, "moves": ["liquidation", "bellydrum", "icespinner", "ironhead"], "ability": "Ice Face", "evs": {"hp": 81, "atk": 85, "def": 85, "spa": 85, "spd": 85, "spe": 85}, "ivs": {"hp": 31, "atk": 31, "def": 31, "spa": 31, "spd": 31, "spe": 31}, "item": "Sitrus Berry", "teraType": "Water", "role": "Setup Sweeper", "bvs": {"hp": 75, "atk": 80, "def": 110, "spa": 65, "spd": 90, "spe": 50}, "stats": {"hp": 274, "atk": 191, "def": 244, "spa": 165, "spd": 209, "spe": 138}, "types": ["Ice"]}, "Magearna": {"name": "Magearna", "species": "Magearna", "speciesId": "magearna", "gender": "N", "shiny": false, "level": 77, "moves": ["shiftgear", "calmmind", "fleurcannon", "flashcannon"], "ability": "Soul-Heart", "evs": {"hp": 85, "atk": 0, "def": 85, "spa": 85, "spd": 85, "spe": 85}, "ivs": {"hp": 31, "atk": 0, "def": 31, "spa": 31, "spd": 31, "spe": 31}, "item": "Leftovers", "teraType": "Water", "role": "Bulky Setup", "bvs": {"hp": 80, "atk": 95, "def": 115, "spa": 130, "spd": 115, "spe": 65}, "stats": {"hp": 250, "atk": 151, "def": 222, "spa": 245, "spd": 222, "spe": 145}, "types": ["Steel", "Fairy"]}, "Zamazenta": {"name": "Zamazenta", "species": "Zamazenta", "speciesId": "zamazenta", "gender": "N", "shiny": false, "level": 71, "moves": ["irondefense", "bodypress", "substitute", "stoneedge"], "ability": "Dauntless Shield", "evs": {"hp": 85, "atk": 85, "def": 85, "spa": 85, "spd": 85, "spe": 85}, "ivs": {"hp": 31, "atk": 31, "def": 31, "spa": 31, "spd": 31, "spe": 31}, "item": "Leftovers", "teraType": "Fighting", "role": "Bulky Setup", "bvs": {"hp": 92, "atk": 120, "def": 115, "spa": 80, "spd": 115, "spe": 138}, "stats": {"hp": 248, "atk": 212, "def": 205, "spa": 155, "spd": 205, "spe": 237}, "types": ["Fighting"]}, "Dachsbun": {"name": "Dachsbun", "species": "Dachsbun", "speciesId": "dachsbun", "gender": "M", "shiny": false, "level": 92, "moves": ["wish", "protect", "playrough", "yawn"], "ability": "Well-Baked Body", "evs": {"hp": 85, "atk": 85, "def": 85, "spa": 85, "spd": 85, "spe": 85}, "ivs": {"hp": 31, "atk": 31, "def": 31, "spa": 31, "spd": 31, "spe": 31}, "item": "Leftovers", "teraType": "Steel", "role": "Bulky Support", "bvs": {"hp": 57, "atk": 80, "def": 115, "spa": 50, "spd": 80, "spe": 95}, "stats": {"hp": 254, "atk": 200, "def": 264, "spa": 144, "spd": 200, "spe": 227}, "types": ["Fairy"]}}]}