{"id": "gen9randombattle-2641554506", "format": "[Gen 9] Random Battle", "players": ["justinprim", "hcff"], "log": "|j|\u2606justinprim\n|j|\u2606hcff\n|t:|1782806884\n|gametype|singles\n|player|p1|justinprim|1|2185\n|player|p2|hcff|ingo|2239\n|gen|9\n|tier|[Gen 9] Random Battle\n|rated|\n|rule|Species Clause: Limit one of each Pok\u00e9mon\n|rule|HP Percentage Mod: HP is shown in percentages\n|rule|Sleep Clause Mod: Limit one foe put to sleep\n|rule|Illusion Level Mod: Illusion disguises the Pok\u00e9mon's true level\n|\n|t:|1782806884\n|teamsize|p1|6\n|teamsize|p2|6\n|start\n|switch|p1a: Munkidori|Munkidori, L79, M|269/269\n|switch|p2a: Okidogi|Okidogi, L77, M|262/262\n|turn|1\n|inactive|Battle timer is ON: inactive players will automatically lose when time's up. (requested by justinprim)\n|\n|t:|1782806918\n|switch|p2a: Spidops|Spidops, L96, M|271/271\n|move|p1a: Munkidori|U-turn|p2a: Spidops\n|-damage|p2a: Spidops|242/271\n|\n|t:|1782806925\n|switch|p1a: Flamigo|Flamigo, L82, M|269/269|[from] U-turn\n|\n|upkeep\n|turn|2\n|\n|t:|1782806929\n|switch|p2a: Latias|Latias, L79, F|256/256\n|move|p1a: Flamigo|U-turn|p2a: Latias\n|-supereffective|p2a: Latias\n|-damage|p2a: Latias|148/256\n|\n|t:|1782806935\n|switch|p1a: Metagross|Metagross, L79|256/256|[from] U-turn\n|\n|upkeep\n|turn|3\n|\n|t:|1782806940\n|switch|p2a: Regigigas|Regigigas, L84|322/322\n|-start|p2a: Regigigas|ability: Slow Start\n|move|p1a: Metagross|Heavy Slam|p2a: Regigigas\n|-damage|p2a: Regigigas|282/322\n|\n|-heal|p2a: Regigigas|302/322|[from] item: Leftovers\n|upkeep\n|turn|4\n|\n|t:|1782806950\n|switch|p1a: Hariyama|Hariyama, L87, F|392/392\n|move|p2a: Regigigas|Substitute|p2a: Regigigas\n|-start|p2a: Regigigas|Substitute\n|-damage|p2a: Regigigas|222/322\n|\n|-heal|p2a: Regigigas|242/322|[from] item: Leftovers\n|-status|p1a: Hariyama|brn|[from] item: Flame Orb\n|upkeep\n|turn|5\n|\n|t:|1782806952\n|move|p2a: Regigigas|Protect|p2a: Regigigas\n|-singleturn|p2a: Regigigas|Protect\n|move|p1a: Hariyama|Knock Off|p2a: Regigigas\n|-activate|p2a: Regigigas|move: Protect\n|\n|-heal|p2a: Regigigas|262/322|[from] item: Leftovers\n|-damage|p1a: Hariyama|368/392 brn|[from] brn\n|upkeep\n|turn|6\n|\n|t:|1782806958\n|move|p1a: Hariyama|Knock Off|p2a: Regigigas\n|-end|p2a: Regigigas|Substitute\n|move|p2a: Regigigas|Substitute|p2a: Regigigas\n|-start|p2a: Regigigas|Substitute\n|-damage|p2a: Regigigas|182/322\n|\n|-heal|p2a: Regigigas|202/322|[from] item: Leftovers\n|-damage|p1a: Hariyama|344/392 brn|[from] brn\n|upkeep\n|turn|7\n|\n|t:|1782806961\n|move|p2a: Regigigas|Protect|p2a: Regigigas\n|-singleturn|p2a: Regigigas|Protect\n|move|p1a: Hariyama|Knock Off|p2a: Regigigas\n|-activate|p2a: Regigigas|move: Protect\n|\n|-heal|p2a: Regigigas|222/322|[from] item: Leftovers\n|-damage|p1a: Hariyama|320/392 brn|[from] brn\n|upkeep\n|turn|8\n|\n|t:|1782806967\n|move|p1a: Hariyama|Knock Off|p2a: Regigigas\n|-end|p2a: Regigigas|Substitute\n|move|p2a: Regigigas|Substitute|p2a: Regigigas\n|-start|p2a: Regigigas|Substitute\n|-damage|p2a: Regigigas|142/322\n|\n|-heal|p2a: Regigigas|162/322|[from] item: Leftovers\n|-damage|p1a: Hariyama|296/392 brn|[from] brn\n|-end|p2a: Regigigas|Slow Start\n|upkeep\n|turn|9\n|\n|t:|1782806970\n|move|p2a: Regigigas|Protect|p2a: Regigigas\n|-singleturn|p2a: Regigigas|Protect\n|move|p1a: Hariyama|Knock Off|p2a: Regigigas\n|-activate|p2a: Regigigas|move: Protect\n|\n|-heal|p2a: Regigigas|182/322|[from] item: Leftovers\n|-damage|p1a: Hariyama|272/392 brn|[from] brn\n|upkeep\n|turn|10\n|\n|t:|1782806972\n|move|p2a: Regigigas|Body Slam|p1a: Hariyama\n|-damage|p1a: Hariyama|92/392 brn\n|move|p1a: Hariyama|Knock Off|p2a: Regigigas\n|-end|p2a: Regigigas|Substitute\n|\n|-heal|p2a: Regigigas|202/322|[from] item: Leftovers\n|-damage|p1a: Hariyama|68/392 brn|[from] brn\n|upkeep\n|turn|11\n|\n|t:|1782806975\n|move|p2a: Regigigas|Protect|p2a: Regigigas\n|-singleturn|p2a: Regigigas|Protect\n|move|p1a: Hariyama|Bullet Punch|p2a: Regigigas\n|-activate|p2a: Regigigas|move: Protect\n|\n|-heal|p2a: Regigigas|222/322|[from] item: Leftovers\n|-damage|p1a: Hariyama|44/392 brn|[from] brn\n|upkeep\n|turn|12\n|\n|t:|1782806978\n|move|p1a: Hariyama|Bullet Punch|p2a: Regigigas\n|-damage|p2a: Regigigas|180/322\n|move|p2a: Regigigas|Body Slam|p1a: Hariyama\n|-damage|p1a: Hariyama|0 fnt\n|faint|p1a: Hariyama\n|\n|-heal|p2a: Regigigas|200/322|[from] item: Leftovers\n|upkeep\n|\n|t:|1782806983\n|switch|p1a: Flamigo|Flamigo, L82, M|269/269\n|turn|13\n|\n|t:|1782806999\n|move|p2a: Regigigas|Protect|p2a: Regigigas\n|-singleturn|p2a: Regigigas|Protect\n|move|p1a: Flamigo|Close Combat|p2a: Regigigas\n|-activate|p2a: Regigigas|move: Protect\n|\n|-heal|p2a: Regigigas|220/322|[from] item: Leftovers\n|upkeep\n|turn|14\n|\n|t:|1782807010\n|-terastallize|p2a: Regigigas|Poison\n|move|p1a: Flamigo|Close Combat|p2a: Regigigas\n|-resisted|p2a: Regigigas\n|-damage|p2a: Regigigas|166/322\n|-unboost|p1a: Flamigo|def|1\n|-unboost|p1a: Flamigo|spd|1\n|move|p2a: Regigigas|Substitute|p2a: Regigigas\n|-start|p2a: Regigigas|Substitute\n|-damage|p2a: Regigigas|86/322\n|\n|-heal|p2a: Regigigas|106/322|[from] item: Leftovers\n|upkeep\n|turn|15\n|\n|t:|1782807017\n|switch|p1a: Metagross|Metagross, L79|256/256\n|move|p2a: Regigigas|Body Slam|p1a: Metagross\n|-resisted|p1a: Metagross\n|-damage|p1a: Metagross|201/256\n|\n|-heal|p2a: Regigigas|126/322|[from] item: Leftovers\n|upkeep\n|turn|16\n|\n|t:|1782807029\n|move|p2a: Regigigas|Protect|p2a: Regigigas\n|-singleturn|p2a: Regigigas|Protect\n|move|p1a: Metagross|Agility|p1a: Metagross\n|-boost|p1a: Metagross|spe|2\n|\n|-heal|p2a: Regigigas|146/322|[from] item: Leftovers\n|upkeep\n|turn|17\n|\n|t:|1782807036\n|move|p1a: Metagross|Psychic Fangs|p2a: Regigigas\n|-supereffective|p2a: Regigigas\n|-end|p2a: Regigigas|Substitute\n|move|p2a: Regigigas|Body Slam|p1a: Metagross\n|-resisted|p1a: Metagross\n|-damage|p1a: Metagross|146/256\n|\n|-heal|p2a: Regigigas|166/322|[from] item: Leftovers\n|upkeep\n|turn|18\n|\n|t:|1782807046\n|move|p2a: Regigigas|Protect|p2a: Regigigas\n|-singleturn|p2a: Regigigas|Protect\n|move|p1a: Metagross|Psychic Fangs|p2a: Regigigas\n|-activate|p2a: Regigigas|move: Protect\n|\n|-heal|p2a: Regigigas|186/322|[from] item: Leftovers\n|upkeep\n|turn|19\n|\n|t:|1782807049\n|switch|p2a: Spidops|Spidops, L96, M|242/271\n|move|p1a: Metagross|Psychic Fangs|p2a: Spidops\n|-damage|p2a: Spidops|148/271\n|\n|upkeep\n|turn|20\n|\n|t:|1782807053\n|move|p1a: Metagross|Heavy Slam|p2a: Spidops\n|-damage|p2a: Spidops|13/271\n|move|p2a: Spidops|U-turn|p1a: Metagross\n|-damage|p1a: Metagross|77/256\n|\n|t:|1782807057\n|switch|p2a: Appletun|Appletun, L92, M|352/352|[from] U-turn\n|\n|upkeep\n|turn|21\n|\n|t:|1782807061\n|move|p1a: Metagross|Heavy Slam|p2a: Appletun\n|-damage|p2a: Appletun|196/352\n|move|p2a: Appletun|Dragon Tail|p1a: Metagross\n|-resisted|p1a: Metagross\n|-damage|p1a: Metagross|48/256\n|drag|p1a: Piloswine|Piloswine, L85, F|309/309\n|\n|-heal|p2a: Appletun|218/352|[from] item: Leftovers\n|upkeep\n|turn|22\n|\n|t:|1782807071\n|move|p1a: Piloswine|Stealth Rock|p2a: Appletun\n|-sidestart|p2: hcff|move: Stealth Rock\n|move|p2a: Appletun|Recover|p2a: Appletun\n|-heal|p2a: Appletun|352/352\n|\n|upkeep\n|turn|23\n|\n|t:|1782807075\n|switch|p2a: Seviper|Seviper, L93, M|287/287\n|-damage|p2a: Seviper|252/287|[from] Stealth Rock\n|move|p1a: Piloswine|Icicle Crash|p2a: Seviper\n|-damage|p2a: Seviper|128/287\n|\n|upkeep\n|turn|24\n|\n|t:|1782807080\n|switch|p1a: Metagross|Metagross, L79|48/256\n|move|p2a: Seviper|Switcheroo|p1a: Metagross\n|-activate|p2a: Seviper|move: Trick|[of] p1a: Metagross\n|-item|p1a: Metagross|Choice Scarf|[from] move: Switcheroo\n|-item|p2a: Seviper|Weakness Policy|[from] move: Switcheroo\n|\n|upkeep\n|turn|25\n|\n|t:|1782807089\n|switch|p2a: Appletun|Appletun, L92, M|352/352\n|-damage|p2a: Appletun|308/352|[from] Stealth Rock\n|move|p1a: Metagross|Psychic Fangs|p2a: Appletun\n|-damage|p2a: Appletun|202/352\n|\n|-heal|p2a: Appletun|224/352|[from] item: Leftovers\n|upkeep\n|turn|26\n|\n|t:|1782807092\n|switch|p1a: Piloswine|Piloswine, L85, F|309/309\n|move|p2a: Appletun|Recover|p2a: Appletun\n|-heal|p2a: Appletun|352/352\n|\n|upkeep\n|turn|27\n|\n|t:|1782807101\n|switch|p2a: Okidogi|Okidogi, L77, M|262/262\n|-damage|p2a: Okidogi|246/262|[from] Stealth Rock\n|move|p1a: Piloswine|Icicle Crash|p2a: Okidogi\n|-crit|p2a: Okidogi\n|-damage|p2a: Okidogi|126/262\n|\n|-heal|p2a: Okidogi|142/262|[from] item: Leftovers\n|upkeep\n|turn|28\n|\n|t:|1782807104\n|move|p2a: Okidogi|Drain Punch|p1a: Piloswine\n|-supereffective|p1a: Piloswine\n|-crit|p1a: Piloswine\n|-damage|p1a: Piloswine|145/309\n|-heal|p2a: Okidogi|224/262|[from] drain|[of] p1a: Piloswine\n|move|p1a: Piloswine|Earthquake|p2a: Okidogi\n|-supereffective|p2a: Okidogi\n|-damage|p2a: Okidogi|24/262\n|\n|-heal|p2a: Okidogi|40/262|[from] item: Leftovers\n|upkeep\n|turn|29\n|\n|t:|1782807111\n|switch|p1a: Flamigo|Flamigo, L82, M|269/269\n|move|p2a: Okidogi|Drain Punch|p1a: Flamigo\n|-resisted|p1a: Flamigo\n|-damage|p1a: Flamigo|224/269\n|-heal|p2a: Okidogi|63/262|[from] drain|[of] p1a: Flamigo\n|-status|p1a: Flamigo|tox|[from] ability: Toxic Chain|[of] p2a: Okidogi\n|\n|-heal|p2a: Okidogi|79/262|[from] item: Leftovers\n|-damage|p1a: Flamigo|208/269 tox|[from] psn\n|upkeep\n|turn|30\n|\n|t:|1782807121\n|move|p1a: Flamigo|Brave Bird|p2a: Okidogi\n|-supereffective|p2a: Okidogi\n|-damage|p2a: Okidogi|0 fnt\n|faint|p2a: Okidogi\n|-damage|p1a: Flamigo|182/269 tox|[from] Recoil\n|\n|-damage|p1a: Flamigo|150/269 tox|[from] psn\n|upkeep\n|\n|t:|1782807129\n|switch|p2a: Regigigas|Regigigas, L84, tera:Poison|186/322\n|-damage|p2a: Regigigas|146/322|[from] Stealth Rock\n|-start|p2a: Regigigas|ability: Slow Start\n|turn|31\n|\n|t:|1782807135\n|switch|p1a: Metagross|Metagross, L79|48/256\n|move|p2a: Regigigas|Body Slam|p1a: Metagross\n|-resisted|p1a: Metagross\n|-damage|p1a: Metagross|22/256\n|-status|p1a: Metagross|par\n|\n|-heal|p2a: Regigigas|166/322|[from] item: Leftovers\n|upkeep\n|turn|32\n|\n|t:|1782807140\n|move|p2a: Regigigas|Protect|p2a: Regigigas\n|-singleturn|p2a: Regigigas|Protect\n|move|p1a: Metagross|Psychic Fangs|p2a: Regigigas\n|-activate|p2a: Regigigas|move: Protect\n|\n|-heal|p2a: Regigigas|186/322|[from] item: Leftovers\n|upkeep\n|turn|33\n|\n|t:|1782807142\n|move|p1a: Metagross|Psychic Fangs|p2a: Regigigas\n|-supereffective|p2a: Regigigas\n|-damage|p2a: Regigigas|12/322\n|move|p2a: Regigigas|Substitute|p2a: Regigigas\n|-fail|p2a: Regigigas|move: Substitute|[weak]\n|\n|-heal|p2a: Regigigas|32/322|[from] item: Leftovers\n|upkeep\n|turn|34\n|\n|t:|1782807145\n|move|p1a: Metagross|Psychic Fangs|p2a: Regigigas\n|-supereffective|p2a: Regigigas\n|-damage|p2a: Regigigas|0 fnt\n|faint|p2a: Regigigas\n|-end|p2a: Regigigas|Slow Start|[silent]\n|\n|upkeep\n|\n|t:|1782807147\n|switch|p2a: Latias|Latias, L79, F|148/256\n|-damage|p2a: Latias|116/256|[from] Stealth Rock\n|turn|35\n|\n|t:|1782807154\n|move|p2a: Latias|Recover|p2a: Latias\n|-heal|p2a: Latias|244/256\n|move|p1a: Metagross|Psychic Fangs|p2a: Latias\n|-resisted|p2a: Latias\n|-damage|p2a: Latias|188/256\n|\n|upkeep\n|turn|36\n|\n|t:|1782807162\n|switch|p1a: Flamigo|Flamigo, L82, M|150/269 tox\n|move|p2a: Latias|Calm Mind|p2a: Latias\n|-boost|p2a: Latias|spa|1\n|-boost|p2a: Latias|spd|1\n|\n|-damage|p1a: Flamigo|134/269 tox|[from] psn\n|upkeep\n|turn|37\n|\n|t:|1782807165\n|move|p1a: Flamigo|Throat Chop|p2a: Latias\n|-supereffective|p2a: Latias\n|-damage|p2a: Latias|62/256\n|-start|p2a: Latias|Throat Chop|[silent]\n|move|p2a: Latias|Recover|p2a: Latias\n|-heal|p2a: Latias|190/256\n|\n|-damage|p1a: Flamigo|102/269 tox|[from] psn\n|upkeep\n|turn|38\n|\n|t:|1782807168\n|move|p1a: Flamigo|Throat Chop|p2a: Latias\n|-supereffective|p2a: Latias\n|-damage|p2a: Latias|72/256\n|move|p2a: Latias|Recover|p2a: Latias\n|-heal|p2a: Latias|200/256\n|\n|-damage|p1a: Flamigo|54/269 tox|[from] psn\n|-end|p2a: Latias|Throat Chop|[silent]\n|upkeep\n|turn|39\n|\n|t:|1782807176\n|move|p1a: Flamigo|Throat Chop|p2a: Latias\n|-supereffective|p2a: Latias\n|-damage|p2a: Latias|60/256\n|-start|p2a: Latias|Throat Chop|[silent]\n|move|p2a: Latias|Recover|p2a: Latias\n|-heal|p2a: Latias|188/256\n|\n|-damage|p1a: Flamigo|0 fnt|[from] psn\n|faint|p1a: Flamigo\n|upkeep\n|\n|t:|1782807183\n|switch|p1a: Piloswine|Piloswine, L85, F|145/309\n|turn|40\n|\n|t:|1782807188\n|move|p2a: Latias|Draco Meteor|p1a: Piloswine|[miss]\n|-miss|p2a: Latias|p1a: Piloswine\n|move|p1a: Piloswine|Icicle Crash|p2a: Latias|[miss]\n|-miss|p1a: Piloswine|p2a: Latias\n|\n|-end|p2a: Latias|Throat Chop|[silent]\n|upkeep\n|turn|41\n|\n|t:|1782807193\n|move|p2a: Latias|Draco Meteor|p1a: Piloswine\n|-damage|p1a: Piloswine|0 fnt\n|-unboost|p2a: Latias|spa|2\n|faint|p1a: Piloswine\n|\n|upkeep\n|\n|t:|1782807196\n|switch|p1a: Munkidori|Munkidori, L79, M|269/269\n|turn|42\n|\n|t:|1782807211\n|move|p2a: Latias|Psyshock|p1a: Munkidori\n|-damage|p1a: Munkidori|178/269\n|move|p1a: Munkidori|Sludge Wave|p2a: Latias\n|-damage|p2a: Latias|100/256\n|\n|upkeep\n|turn|43\n|\n|t:|1782807217\n|move|p2a: Latias|Recover|p2a: Latias\n|-heal|p2a: Latias|228/256\n|move|p1a: Munkidori|Sludge Wave|p2a: Latias\n|-damage|p2a: Latias|146/256\n|\n|upkeep\n|turn|44\n|\n|t:|1782807224\n|move|p2a: Latias|Psyshock|p1a: Munkidori\n|-damage|p1a: Munkidori|91/269\n|move|p1a: Munkidori|Sludge Wave|p2a: Latias\n|-damage|p2a: Latias|64/256\n|\n|upkeep\n|turn|45\n|\n|t:|1782807230\n|move|p2a: Latias|Recover|p2a: Latias\n|-heal|p2a: Latias|192/256\n|move|p1a: Munkidori|Sludge Wave|p2a: Latias\n|-crit|p2a: Latias\n|-damage|p2a: Latias|2/256\n|-status|p2a: Latias|tox|[from] ability: Toxic Chain|[of] p1a: Munkidori\n|\n|-damage|p2a: Latias|0 fnt|[from] psn\n|faint|p2a: Latias\n|upkeep\n|\n|t:|1782807235\n|switch|p2a: Seviper|Seviper, L93, M|128/287\n|-damage|p2a: Seviper|93/287|[from] Stealth Rock\n|turn|46\n|\n|t:|1782807244\n|switch|p1a: Metagross|Metagross, L79|22/256 par\n|move|p2a: Seviper|Earthquake|p1a: Metagross\n|-supereffective|p1a: Metagross\n|-damage|p1a: Metagross|0 fnt\n|faint|p1a: Metagross\n|\n|upkeep\n|\n|t:|1782807247\n|switch|p1a: Munkidori|Munkidori, L79, M|91/269\n|turn|47\n|\n|t:|1782807257\n|move|p1a: Munkidori|Psyshock|p2a: Seviper\n|-supereffective|p2a: Seviper\n|-damage|p2a: Seviper|0 fnt\n|faint|p2a: Seviper\n|\n|upkeep\n|\n|t:|1782807258\n|switch|p2a: Appletun|Appletun, L92, M|352/352\n|-damage|p2a: Appletun|308/352|[from] Stealth Rock\n|turn|48\n|\n|t:|1782807263\n|switch|p1a: Gastrodon|Gastrodon, L86, F|331/331\n|move|p2a: Appletun|Dragon Pulse|p1a: Gastrodon\n|-damage|p1a: Gastrodon|211/331\n|\n|-heal|p1a: Gastrodon|231/331|[from] item: Leftovers\n|-heal|p2a: Appletun|330/352|[from] item: Leftovers\n|upkeep\n|turn|49\n|\n|t:|1782807277\n|move|p1a: Gastrodon|Sludge Bomb|p2a: Appletun\n|-supereffective|p2a: Appletun\n|-damage|p2a: Appletun|202/352\n|move|p2a: Appletun|Apple Acid|p1a: Gastrodon\n|-supereffective|p1a: Gastrodon\n|-damage|p1a: Gastrodon|0 fnt\n|faint|p1a: Gastrodon\n|\n|-heal|p2a: Appletun|224/352|[from] item: Leftovers\n|upkeep\n|\n|t:|1782807306\n|switch|p1a: Munkidori|Munkidori, L79, M|91/269\n|turn|50\n|\n|t:|1782807310\n|-terastallize|p1a: Munkidori|Poison\n|move|p1a: Munkidori|Sludge Wave|p2a: Appletun\n|-supereffective|p2a: Appletun\n|-damage|p2a: Appletun|0 fnt\n|faint|p2a: Appletun\n|\n|upkeep\n|\n|t:|1782807312\n|switch|p2a: Spidops|Spidops, L96, M|13/271\n|turn|51\n|\n|t:|1782807314\n|move|p1a: Munkidori|Sludge Wave|p2a: Spidops\n|-damage|p2a: Spidops|0 fnt\n|faint|p2a: Spidops\n|\n|win|justinprim\n", "inputlog": ">version f8ac14003a5f27e1bdc8d8c59608a773c1cb96e5\n>start {\"formatid\":\"gen9randombattle\",\"seed\":\"sodium,0cc08f7ef6ed2c953deaf657a851087a\",\"rated\":\"Rated battle\"}\n>player p1 {\"name\":\"justinprim\",\"avatar\":\"1\",\"rating\":2185,\"seed\":\"sodium,4c26cd5b0eeb7a2daf7197b43899afe6\"}\n>player p2 {\"name\":\"hcff\",\"avatar\":\"ingo\",\"rating\":2239,\"seed\":\"sodium,f64bf1e36a9f86517d03e4a1d757d77d\"}\n>p1 move uturn\n>p2 switch 3\n>p1 switch 3\n>p1 move uturn\n>p2 switch 4\n>p1 switch 5\n>p1 move heavyslam\n>p2 switch 6\n>p1 switch 4\n>p2 move substitute\n>p1 move knockoff\n>p2 move protect\n>p1 move knockoff\n>p2 move substitute\n>p1 move knockoff\n>p2 move protect\n>p1 move knockoff\n>p2 move substitute\n>p1 move knockoff\n>p2 move protect\n>p1 move knockoff\n>p2 move bodyslam\n>p1 move bulletpunch\n>p2 move protect\n>p1 move bulletpunch\n>p2 move bodyslam\n>p1 switch 5\n>p1 move closecombat\n>p2 move protect\n>p1 move closecombat\n>p2 move substitute terastallize\n>p1 switch 4\n>p2 move bodyslam\n>p1 move agility\n>p2 move protect\n>p1 move psychicfangs\n>p2 move bodyslam\n>p1 move psychicfangs\n>p2 move protect\n>p1 move psychicfangs\n>p2 switch 4\n>p1 move heavyslam\n>p2 move uturn\n>p2 switch 2\n>p1 move heavyslam\n>p2 move dragontail\n>p1 move stealthrock\n>p2 move recover\n>p1 move iciclecrash\n>p2 switch 5\n>p1 switch 2\n>p2 move switcheroo\n>p1 move psychicfangs\n>p2 switch 5\n>p1 switch 2\n>p2 move recover\n>p1 move iciclecrash\n>p2 switch 3\n>p1 move earthquake\n>p2 move drainpunch\n>p1 switch 4\n>p2 move drainpunch\n>p1 move bravebird\n>p2 move gunkshot\n>p2 switch 4\n>p1 switch 2\n>p2 move bodyslam\n>p1 move psychicfangs\n>p2 move protect\n>p1 move psychicfangs\n>p2 move substitute\n>p1 move psychicfangs\n>p2 move bodyslam\n>p2 switch 6\n>p1 move psychicfangs\n>p2 move recover\n>p1 switch 2\n>p2 move calmmind\n>p1 move throatchop\n>p2 move recover\n>p1 move throatchop\n>p2 move recover\n>p1 move throatchop\n>p2 move recover\n>p1 switch 4\n>p1 move iciclecrash\n>p2 move dracometeor\n>p1 move iciclecrash\n>p2 move dracometeor\n>p1 switch 3\n>p1 move sludgewave\n>p2 move psyshock\n>p1 move sludgewave\n>p2 move recover\n>p1 move sludgewave\n>p2 move psyshock\n>p1 move sludgewave\n>p2 move recover\n>p2 switch 5\n>p1 switch 2\n>p2 move earthquake\n>p1 switch 2\n>p1 move psyshock\n>p2 move earthquake\n>p2 switch 3\n>p1 switch 6\n>p2 move dragonpulse\n>p1 move sludgebomb\n>p2 move appleacid\n>p1 switch 6\n>p1 move sludgewave terastallize\n>p2 move dragonpulse\n>p2 switch 2\n>p1 move sludgewave\n>p2 move knockoff", "uploadtime": 1782806886, "views": 6, "formatid": "gen9randombattle", "rating": null, "private": 0, "password": null, "player_dets": [{"name": "justinprim", "avatar": "1", "rating": 2185, "seed": "sodium,4c26cd5b0eeb7a2daf7197b43899afe6"}, {"name": "hcff", "avatar": "ingo", "rating": 2239, "seed": "sodium,f64bf1e36a9f86517d03e4a1d757d77d"}], "teams_full": [{"Munkidori": {"name": "Munkidori", "species": "Munkidori", "speciesId": "munkidori", "gender": "M", "shiny": false, "level": 79, "moves": ["focusblast", "psyshock", "uturn", "sludgewave"], "ability": "Toxic Chain", "evs": {"hp": 85, "atk": 85, "def": 85, "spa": 85, "spd": 85, "spe": 85}, "ivs": {"hp": 31, "atk": 31, "def": 31, "spa": 31, "spd": 31, "spe": 31}, "item": "Choice Specs", "teraType": "Poison", "role": "Fast Attacker", "bvs": {"hp": 88, "atk": 75, "def": 66, "spa": 130, "spd": 90, "spe": 106}, "stats": {"hp": 269, "atk": 164, "def": 150, "spa": 251, "spd": 188, "spe": 213}, "types": ["Poison", "Psychic"]}, "Piloswine": {"name": "Piloswine", "species": "Piloswine", "speciesId": "piloswine", "gender": "F", "shiny": false, "level": 85, "moves": ["iciclecrash", "stealthrock", "iceshard", "earthquake"], "ability": "Thick Fat", "evs": {"hp": 85, "atk": 85, "def": 85, "spa": 85, "spd": 85, "spe": 85}, "ivs": {"hp": 31, "atk": 31, "def": 31, "spa": 31, "spd": 31, "spe": 31}, "item": "Eviolite", "teraType": "Poison", "role": "Bulky Support", "bvs": {"hp": 100, "atk": 100, "def": 80, "spa": 60, "spd": 60, "spe": 50}, "stats": {"hp": 309, "atk": 219, "def": 185, "spa": 151, "spd": 151, "spe": 134}, "types": ["Ice", "Ground"]}, "Flamigo": {"name": "Flamigo", "species": "Flamigo", "speciesId": "flamigo", "gender": "M", "shiny": false, "level": 82, "moves": ["closecombat", "uturn", "throatchop", "bravebird"], "ability": "Scrappy", "evs": {"hp": 85, "atk": 85, "def": 85, "spa": 85, "spd": 85, "spe": 85}, "ivs": {"hp": 31, "atk": 31, "def": 31, "spa": 31, "spd": 31, "spe": 31}, "item": "Choice Scarf", "teraType": "Fighting", "role": "Fast Attacker", "bvs": {"hp": 82, "atk": 115, "def": 74, "spa": 75, "spd": 64, "spe": 90}, "stats": {"hp": 269, "atk": 236, "def": 169, "spa": 170, "spd": 152, "spe": 195}, "types": ["Flying", "Fighting"]}, "Hariyama": {"name": "Hariyama", "species": "Hariyama", "speciesId": "hariyama", "gender": "F", "shiny": false, "level": 87, "moves": ["facade", "knockoff", "closecombat", "bulletpunch"], "ability": "Guts", "evs": {"hp": 85, "atk": 85, "def": 85, "spa": 85, "spd": 85, "spe": 85}, "ivs": {"hp": 31, "atk": 31, "def": 31, "spa": 31, "spd": 31, "spe": 31}, "item": "Flame Orb", "teraType": "Normal", "role": "Wallbreaker", "bvs": {"hp": 144, "atk": 120, "def": 60, "spa": 40, "spd": 60, "spe": 50}, "stats": {"hp": 392, "atk": 259, "def": 154, "spa": 119, "spd": 154, "spe": 137}, "types": ["Fighting"]}, "Metagross": {"name": "Metagross", "species": "Metagross", "speciesId": "metagross", "gender": "N", "shiny": false, "level": 79, "moves": ["agility", "psychicfangs", "earthquake", "heavyslam"], "ability": "Clear Body", "evs": {"hp": 85, "atk": 85, "def": 85, "spa": 85, "spd": 85, "spe": 85}, "ivs": {"hp": 31, "atk": 31, "def": 31, "spa": 31, "spd": 31, "spe": 31}, "item": "Weakness Policy", "teraType": "Ground", "role": "Bulky Setup", "bvs": {"hp": 80, "atk": 135, "def": 130, "spa": 95, "spd": 90, "spe": 70}, "stats": {"hp": 256, "atk": 259, "def": 251, "spa": 196, "spd": 188, "spe": 156}, "types": ["Steel", "Psychic"]}, "Gastrodon": {"name": "Gastrodon", "species": "Gastrodon", "speciesId": "gastrodon", "gender": "F", "shiny": false, "level": 86, "moves": ["surf", "earthquake", "recover", "sludgebomb"], "ability": "Storm Drain", "evs": {"hp": 85, "atk": 85, "def": 85, "spa": 85, "spd": 85, "spe": 85}, "ivs": {"hp": 31, "atk": 31, "def": 31, "spa": 31, "spd": 31, "spe": 31}, "item": "Leftovers", "teraType": "Poison", "role": "Bulky Support", "bvs": {"hp": 111, "atk": 83, "def": 68, "spa": 92, "spd": 82, "spe": 39}, "stats": {"hp": 331, "atk": 192, "def": 166, "spa": 207, "spd": 190, "spe": 116}, "types": ["Water", "Ground"]}}, {"Okidogi": {"name": "Okidogi", "species": "Okidogi", "speciesId": "okidogi", "gender": "M", "shiny": false, "level": 77, "moves": ["knockoff", "gunkshot", "bulkup", "drainpunch"], "ability": "Toxic Chain", "evs": {"hp": 85, "atk": 85, "def": 85, "spa": 85, "spd": 85, "spe": 85}, "ivs": {"hp": 31, "atk": 31, "def": 31, "spa": 31, "spd": 31, "spe": 31}, "item": "Leftovers", "teraType": "Dark", "role": "Bulky Setup", "bvs": {"hp": 88, "atk": 128, "def": 115, "spa": 58, "spd": 86, "spe": 80}, "stats": {"hp": 262, "atk": 242, "def": 222, "spa": 134, "spd": 177, "spe": 168}, "types": ["Poison", "Fighting"]}, "Appletun": {"name": "Appletun", "species": "Appletun", "speciesId": "appletun", "gender": "M", "shiny": false, "level": 92, "moves": ["recover", "dragontail", "dragonpulse", "appleacid"], "ability": "Thick Fat", "evs": {"hp": 85, "atk": 85, "def": 85, "spa": 85, "spd": 85, "spe": 85}, "ivs": {"hp": 31, "atk": 31, "def": 31, "spa": 31, "spd": 31, "spe": 31}, "item": "Leftovers", "teraType": "Steel", "role": "Bulky Attacker", "bvs": {"hp": 110, "atk": 85, "def": 80, "spa": 100, "spd": 80, "spe": 30}, "stats": {"hp": 352, "atk": 209, "def": 200, "spa": 236, "spd": 200, "spe": 108}, "types": ["Grass", "Dragon"]}, "Spidops": {"name": "Spidops", "species": "Spidops", "speciesId": "spidops", "gender": "M", "shiny": false, "level": 96, "moves": ["knockoff", "circlethrow", "uturn", "stickyweb"], "ability": "Stakeout", "evs": {"hp": 85, "atk": 85, "def": 85, "spa": 85, "spd": 85, "spe": 85}, "ivs": {"hp": 31, "atk": 31, "def": 31, "spa": 31, "spd": 31, "spe": 31}, "item": "Heavy-Duty Boots", "teraType": "Ghost", "role": "Bulky Support", "bvs": {"hp": 60, "atk": 79, "def": 92, "spa": 52, "spd": 86, "spe": 35}, "stats": {"hp": 271, "atk": 206, "def": 231, "spa": 154, "spd": 220, "spe": 122}, "types": ["Bug"]}, "Latias": {"name": "Latias", "species": "Latias", "speciesId": "latias", "gender": "F", "shiny": false, "level": 79, "moves": ["calmmind", "dracometeor", "recover", "psyshock"], "ability": "Levitate", "evs": {"hp": 85, "atk": 0, "def": 85, "spa": 85, "spd": 85, "spe": 85}, "ivs": {"hp": 31, "atk": 0, "def": 31, "spa": 31, "spd": 31, "spe": 31}, "item": "Soul Dew", "teraType": "Steel", "role": "Fast Bulky Setup", "bvs": {"hp": 80, "atk": 80, "def": 90, "spa": 110, "spd": 130, "spe": 110}, "stats": {"hp": 256, "atk": 131, "def": 188, "spa": 219, "spd": 251, "spe": 219}, "types": ["Dragon", "Psychic"]}, "Seviper": {"name": "Seviper", "species": "Seviper", "speciesId": "seviper", "gender": "M", "shiny": false, "level": 93, "moves": ["flamethrower", "switcheroo", "gunkshot", "earthquake"], "ability": "Infiltrator", "evs": {"hp": 85, "atk": 85, "def": 85, "spa": 85, "spd": 85, "spe": 85}, "ivs": {"hp": 31, "atk": 31, "def": 31, "spa": 31, "spd": 31, "spe": 31}, "item": "Choice Scarf", "teraType": "Ground", "role": "Fast Attacker", "bvs": {"hp": 73, "atk": 100, "def": 60, "spa": 100, "spd": 60, "spe": 65}, "stats": {"hp": 287, "atk": 239, "def": 164, "spa": 239, "spd": 164, "spe": 174}, "types": ["Poison"]}, "Regigigas": {"name": "Regigigas", "species": "Regigigas", "speciesId": "regigigas", "gender": "N", "shiny": false, "level": 84, "moves": ["knockoff", "protect", "bodyslam", "substitute"], "ability": "Slow Start", "evs": {"hp": 85, "atk": 85, "def": 85, "spa": 85, "spd": 85, "spe": 85}, "ivs": {"hp": 31, "atk": 31, "def": 31, "spa": 31, "spd": 31, "spe": 31}, "item": "Leftovers", "teraType": "Poison", "role": "Bulky Attacker", "bvs": {"hp": 110, "atk": 160, "def": 110, "spa": 80, "spd": 110, "spe": 100}, "stats": {"hp": 322, "atk": 317, "def": 233, "spa": 183, "spd": 233, "spe": 216}, "types": ["Normal"]}}]}