{"id": "gen9randombattle-2641229463", "format": "[Gen 9] Random Battle", "players": ["pnm123", "notmetbh102"], "log": "|badge|p2|bronze|gen9randombattle|100-9\n|html|<div class=\"broadcast-red\"><strong>This battle is required to be public due to one or more player having a season medal.</strong><br />During the public phase, you can discuss the state of the ladder <a href=\"/seasondiscussion\">in a special chatroom.</a></div>\n|uhtml|medal-msg|<div class=\"broadcast-blue\">Curious what those medals under the avatar are? PS now has Ladder Seasons! For more information, check out the <a href=\"https://www.smogon.com/forums/threads/3740067/\">thread on Smogon.</a></div>\n|raw|<div class=\"broadcast-blue\"><strong>This battle is required to be public due to a player having a name starting with 'medal'.</div>\n|j|\u203dpnm123\n|j|\u2606notmetbh102\n|t:|1782756463\n|gametype|singles\n|player|p1|pnm123|fisherman-gen4|2277\n|player|p2|notmetbh102|2|2261\n|gen|9\n|tier|[Gen 9] Random Battle\n|rated|\n|rule|Species Clause: Limit one of each Pok\u00e9mon\n|rule|HP Percentage Mod: HP is shown in percentages\n|rule|Sleep Clause Mod: Limit one foe put to sleep\n|rule|Illusion Level Mod: Illusion disguises the Pok\u00e9mon's true level\n|\n|t:|1782756463\n|teamsize|p1|6\n|teamsize|p2|6\n|start\n|switch|p1a: Brambleghast|Brambleghast, L88, F|240/240\n|switch|p2a: Volcanion|Volcanion, L79|256/256\n|turn|1\n|inactive|Battle timer is ON: inactive players will automatically lose when time's up. (requested by notmetbh102)\n|inactive|pnm123 also wants the timer to be on.\n|c|\u2606notmetbh102|hf\n|\n|t:|1782756492\n|switch|p1a: Barraskewda|Barraskewda, L81, F|231/231\n|move|p2a: Volcanion|Flamethrower|p1a: Barraskewda\n|-resisted|p1a: Barraskewda\n|-damage|p1a: Barraskewda|151/231\n|\n|upkeep\n|turn|2\n|\n|t:|1782756495\n|move|p1a: Barraskewda|Close Combat|p2a: Volcanion\n|-damage|p2a: Volcanion|126/256\n|-unboost|p1a: Barraskewda|def|1\n|-unboost|p1a: Barraskewda|spd|1\n|move|p2a: Volcanion|Steam Eruption|p1a: Barraskewda\n|-resisted|p1a: Barraskewda\n|-damage|p1a: Barraskewda|4/231\n|\n|upkeep\n|turn|3\n|\n|t:|1782756501\n|switch|p2a: Medicham|Medicham, L86, M|243/243\n|move|p1a: Barraskewda|Close Combat|p2a: Medicham\n|-resisted|p2a: Medicham\n|-damage|p2a: Medicham|166/243\n|-unboost|p1a: Barraskewda|def|1\n|-unboost|p1a: Barraskewda|spd|1\n|\n|upkeep\n|turn|4\n|\n|t:|1782756503\n|move|p2a: Medicham|Bullet Punch|p1a: Barraskewda\n|-resisted|p1a: Barraskewda\n|-damage|p1a: Barraskewda|0 fnt\n|faint|p1a: Barraskewda\n|\n|upkeep\n|\n|t:|1782756506\n|switch|p1a: Brambleghast|Brambleghast, L88, F|240/240\n|turn|5\n|\n|t:|1782756507\n|switch|p2a: Ninetales|Ninetales-Alola, L78, M|242/242\n|-weather|Snowscape|[from] ability: Snow Warning|[of] p2a: Ninetales\n|move|p1a: Brambleghast|Spikes|p2a: Ninetales\n|-sidestart|p2: notmetbh102|Spikes\n|\n|-weather|Snowscape|[upkeep]\n|upkeep\n|turn|6\n|\n|t:|1782756513\n|switch|p1a: Dedenne|Dedenne, L88, M|261/261\n|move|p2a: Ninetales|Aurora Veil|p2a: Ninetales\n|-sidestart|p2: notmetbh102|move: Aurora Veil\n|\n|-weather|Snowscape|[upkeep]\n|upkeep\n|turn|7\n|\n|t:|1782756516\n|move|p1a: Dedenne|Nuzzle|p2a: Ninetales\n|-damage|p2a: Ninetales|236/242\n|-status|p2a: Ninetales|par\n|cant|p2a: Ninetales|par\n|\n|-weather|Snowscape|[upkeep]\n|upkeep\n|turn|8\n|\n|t:|1782756517\n|switch|p2a: Medicham|Medicham, L86, M|166/243\n|-damage|p2a: Medicham|136/243|[from] Spikes\n|move|p1a: Dedenne|Super Fang|p2a: Medicham\n|-damage|p2a: Medicham|68/243\n|\n|-weather|Snowscape|[upkeep]\n|upkeep\n|turn|9\n|\n|t:|1782756520\n|switch|p2a: Volcanion|Volcanion, L79|126/256\n|move|p1a: Dedenne|Dazzling Gleam|p2a: Volcanion\n|-resisted|p2a: Volcanion\n|-damage|p2a: Volcanion|107/256\n|\n|-weather|none\n|upkeep\n|turn|10\n|\n|t:|1782756523\n|-terastallize|p2a: Volcanion|Fire\n|move|p1a: Dedenne|Thunderbolt|p2a: Volcanion\n|-damage|p2a: Volcanion|58/256\n|move|p2a: Volcanion|Sludge Bomb|p1a: Dedenne\n|-supereffective|p1a: Dedenne\n|-damage|p1a: Dedenne|81/261\n|-status|p1a: Dedenne|psn\n|-enditem|p1a: Dedenne|Sitrus Berry|[eat]\n|-heal|p1a: Dedenne|146/261 psn|[from] item: Sitrus Berry\n|-heal|p1a: Dedenne|233/261 psn|[from] ability: Cheek Pouch\n|\n|-damage|p1a: Dedenne|201/261 psn|[from] psn\n|upkeep\n|turn|11\n|\n|t:|1782756526\n|move|p1a: Dedenne|Thunderbolt|p2a: Volcanion\n|-damage|p2a: Volcanion|7/256\n|move|p2a: Volcanion|Flamethrower|p1a: Dedenne\n|-damage|p1a: Dedenne|35/261 psn\n|\n|-damage|p1a: Dedenne|3/261 psn|[from] psn\n|upkeep\n|turn|12\n|\n|t:|1782756528\n|switch|p2a: Malamar|Malamar, L82, F|275/275\n|-damage|p2a: Malamar|241/275|[from] Spikes\n|move|p1a: Dedenne|Nuzzle|p2a: Malamar\n|-damage|p2a: Malamar|233/275\n|-status|p2a: Malamar|par\n|\n|-heal|p2a: Malamar|250/275 par|[from] item: Leftovers\n|-damage|p1a: Dedenne|0 fnt|[from] psn\n|faint|p1a: Dedenne\n|upkeep\n|\n|t:|1782756554\n|switch|p1a: Ting-Lu|Ting-Lu, L78|370/370\n|-ability|p1a: Ting-Lu|Vessel of Ruin\n|turn|13\n|\n|t:|1782756556\n|move|p1a: Ting-Lu|Spikes|p2a: Malamar\n|-sidestart|p2: notmetbh102|Spikes\n|move|p2a: Malamar|Superpower|p1a: Ting-Lu\n|-supereffective|p1a: Ting-Lu\n|-damage|p1a: Ting-Lu|244/370\n|-boost|p2a: Malamar|atk|1\n|-boost|p2a: Malamar|def|1\n|\n|-heal|p1a: Ting-Lu|267/370|[from] item: Leftovers\n|-heal|p2a: Malamar|267/275 par|[from] item: Leftovers\n|-sideend|p2: notmetbh102|move: Aurora Veil\n|upkeep\n|turn|14\n|\n|t:|1782756558\n|move|p2a: Malamar|Superpower|p1a: Ting-Lu\n|-supereffective|p1a: Ting-Lu\n|-damage|p1a: Ting-Lu|85/370\n|-boost|p2a: Malamar|atk|1\n|-boost|p2a: Malamar|def|1\n|move|p1a: Ting-Lu|Whirlwind|p2a: Malamar\n|drag|p2a: Registeel|Registeel, L81|262/262\n|-damage|p2a: Registeel|219/262|[from] Spikes\n|\n|-heal|p2a: Registeel|235/262|[from] item: Leftovers\n|-heal|p1a: Ting-Lu|108/370|[from] item: Leftovers\n|upkeep\n|turn|15\n|\n|t:|1782756566\n|move|p2a: Registeel|Iron Head|p1a: Ting-Lu\n|-damage|p1a: Ting-Lu|53/370\n|move|p1a: Ting-Lu|Spikes|p2a: Registeel\n|-sidestart|p2: notmetbh102|Spikes\n|\n|-heal|p2a: Registeel|251/262|[from] item: Leftovers\n|-heal|p1a: Ting-Lu|76/370|[from] item: Leftovers\n|upkeep\n|turn|16\n|\n|t:|1782756577\n|switch|p1a: Brambleghast|Brambleghast, L88, F|240/240\n|move|p2a: Registeel|Iron Head|p1a: Brambleghast\n|-damage|p1a: Brambleghast|162/240\n|\n|-heal|p1a: Brambleghast|177/240|[from] item: Leftovers\n|-heal|p2a: Registeel|262/262|[from] item: Leftovers\n|upkeep\n|turn|17\n|\n|t:|1782756581\n|move|p1a: Brambleghast|Poltergeist|p2a: Registeel\n|-activate|p2a: Registeel|move: Poltergeist|Leftovers\n|-damage|p2a: Registeel|159/262\n|move|p2a: Registeel|Thunder Wave|p1a: Brambleghast\n|-status|p1a: Brambleghast|par\n|\n|-heal|p2a: Registeel|175/262|[from] item: Leftovers\n|-heal|p1a: Brambleghast|192/240 par|[from] item: Leftovers\n|upkeep\n|turn|18\n|\n|t:|1782756584\n|move|p2a: Registeel|Stealth Rock|p1a: Brambleghast\n|-sidestart|p1: pnm123|move: Stealth Rock\n|move|p1a: Brambleghast|Poltergeist|p2a: Registeel\n|-activate|p2a: Registeel|move: Poltergeist|Leftovers\n|-damage|p2a: Registeel|70/262\n|\n|-heal|p2a: Registeel|86/262|[from] item: Leftovers\n|-heal|p1a: Brambleghast|207/240 par|[from] item: Leftovers\n|upkeep\n|turn|19\n|\n|t:|1782756587\n|move|p2a: Registeel|Iron Head|p1a: Brambleghast\n|-damage|p1a: Brambleghast|135/240 par\n|cant|p1a: Brambleghast|flinch\n|\n|-heal|p2a: Registeel|102/262|[from] item: Leftovers\n|-heal|p1a: Brambleghast|150/240 par|[from] item: Leftovers\n|upkeep\n|turn|20\n|\n|t:|1782756590\n|move|p2a: Registeel|Iron Head|p1a: Brambleghast\n|-damage|p1a: Brambleghast|83/240 par\n|move|p1a: Brambleghast|Poltergeist|p2a: Registeel\n|-activate|p2a: Registeel|move: Poltergeist|Leftovers\n|-damage|p2a: Registeel|2/262\n|\n|-heal|p2a: Registeel|18/262|[from] item: Leftovers\n|-heal|p1a: Brambleghast|98/240 par|[from] item: Leftovers\n|upkeep\n|turn|21\n|\n|t:|1782756593\n|move|p2a: Registeel|Iron Head|p1a: Brambleghast\n|-damage|p1a: Brambleghast|20/240 par\n|move|p1a: Brambleghast|Strength Sap|p2a: Registeel\n|-fail|p2a: Registeel|unboost|[from] ability: Clear Body|[of] p2a: Registeel\n|-heal|p1a: Brambleghast|188/240 par\n|\n|-heal|p2a: Registeel|34/262|[from] item: Leftovers\n|-heal|p1a: Brambleghast|203/240 par|[from] item: Leftovers\n|upkeep\n|turn|22\n|\n|t:|1782756595\n|move|p2a: Registeel|Iron Head|p1a: Brambleghast\n|-damage|p1a: Brambleghast|127/240 par\n|move|p1a: Brambleghast|Poltergeist|p2a: Registeel\n|-activate|p2a: Registeel|move: Poltergeist|Leftovers\n|-damage|p2a: Registeel|0 fnt\n|faint|p2a: Registeel\n|\n|-heal|p1a: Brambleghast|142/240 par|[from] item: Leftovers\n|upkeep\n|\n|t:|1782756596\n|switch|p2a: Volcanion|Volcanion, L79, tera:Fire|7/256\n|turn|23\n|\n|t:|1782756601\n|move|p2a: Volcanion|Flamethrower|p1a: Brambleghast\n|-supereffective|p1a: Brambleghast\n|-damage|p1a: Brambleghast|0 fnt\n|faint|p1a: Brambleghast\n|\n|upkeep\n|\n|t:|1782756607\n|switch|p1a: Jumpluff|Jumpluff, L87, F|271/271\n|-damage|p1a: Jumpluff|204/271|[from] Stealth Rock\n|turn|24\n|\n|t:|1782756609\n|switch|p2a: Ninetales|Ninetales-Alola, L78, M|236/242 par\n|-damage|p2a: Ninetales|176/242 par|[from] Spikes\n|-weather|Snowscape|[from] ability: Snow Warning|[of] p2a: Ninetales\n|move|p1a: Jumpluff|Acrobatics|p2a: Ninetales\n|-damage|p2a: Ninetales|110/242 par\n|\n|-weather|Snowscape|[upkeep]\n|upkeep\n|turn|25\n|\n|t:|1782756612\n|move|p1a: Jumpluff|Substitute|p1a: Jumpluff\n|-start|p1a: Jumpluff|Substitute\n|-damage|p1a: Jumpluff|137/271\n|move|p2a: Ninetales|Freeze-Dry|p1a: Jumpluff\n|-supereffective|p1a: Jumpluff\n|-end|p1a: Jumpluff|Substitute\n|\n|-weather|Snowscape|[upkeep]\n|upkeep\n|turn|26\n|\n|t:|1782756614\n|move|p1a: Jumpluff|Substitute|p1a: Jumpluff\n|-start|p1a: Jumpluff|Substitute\n|-damage|p1a: Jumpluff|70/271\n|cant|p2a: Ninetales|par\n|\n|-weather|Snowscape|[upkeep]\n|upkeep\n|turn|27\n|\n|t:|1782756617\n|move|p1a: Jumpluff|Leech Seed|p2a: Ninetales\n|-start|p2a: Ninetales|move: Leech Seed\n|move|p2a: Ninetales|Aurora Veil|p2a: Ninetales\n|-sidestart|p2: notmetbh102|move: Aurora Veil\n|\n|-weather|Snowscape|[upkeep]\n|-damage|p2a: Ninetales|80/242 par|[from] Leech Seed|[of] p1a: Jumpluff\n|-heal|p1a: Jumpluff|100/271|[silent]\n|upkeep\n|turn|28\n|\n|t:|1782756621\n|move|p1a: Jumpluff|Strength Sap|p2a: Ninetales\n|-unboost|p2a: Ninetales|atk|1\n|-heal|p1a: Jumpluff|209/271\n|move|p2a: Ninetales|Freeze-Dry|p1a: Jumpluff\n|-supereffective|p1a: Jumpluff\n|-end|p1a: Jumpluff|Substitute\n|\n|-weather|none\n|-damage|p2a: Ninetales|50/242 par|[from] Leech Seed|[of] p1a: Jumpluff\n|-heal|p1a: Jumpluff|239/271|[silent]\n|upkeep\n|turn|29\n|\n|t:|1782756622\n|move|p1a: Jumpluff|Substitute|p1a: Jumpluff\n|-start|p1a: Jumpluff|Substitute\n|-damage|p1a: Jumpluff|172/271\n|cant|p2a: Ninetales|par\n|\n|-damage|p2a: Ninetales|20/242 par|[from] Leech Seed|[of] p1a: Jumpluff\n|-heal|p1a: Jumpluff|202/271|[silent]\n|upkeep\n|turn|30\n|\n|t:|1782756625\n|move|p1a: Jumpluff|Acrobatics|p2a: Ninetales\n|-damage|p2a: Ninetales|0 fnt\n|faint|p2a: Ninetales\n|\n|upkeep\n|\n|t:|1782756626\n|switch|p2a: Malamar|Malamar, L82, F|267/275 par\n|-damage|p2a: Malamar|199/275 par|[from] Spikes\n|turn|31\n|\n|t:|1782756630\n|move|p1a: Jumpluff|Leech Seed|p2a: Malamar|[miss]\n|-miss|p1a: Jumpluff|p2a: Malamar\n|move|p2a: Malamar|Superpower|p1a: Jumpluff\n|-resisted|p1a: Jumpluff\n|-activate|p1a: Jumpluff|move: Substitute|[damage]\n|-boost|p2a: Malamar|atk|1\n|-boost|p2a: Malamar|def|1\n|\n|-heal|p2a: Malamar|216/275 par|[from] item: Leftovers\n|upkeep\n|turn|32\n|\n|t:|1782756633\n|move|p1a: Jumpluff|Leech Seed|p2a: Malamar\n|-start|p2a: Malamar|move: Leech Seed\n|cant|p2a: Malamar|par\n|\n|-heal|p2a: Malamar|233/275 par|[from] item: Leftovers\n|-damage|p2a: Malamar|199/275 par|[from] Leech Seed|[of] p1a: Jumpluff\n|-heal|p1a: Jumpluff|236/271|[silent]\n|upkeep\n|turn|33\n|\n|t:|1782756636\n|move|p1a: Jumpluff|Acrobatics|p2a: Malamar\n|-damage|p2a: Malamar|142/275 par\n|cant|p2a: Malamar|par\n|\n|-heal|p2a: Malamar|159/275 par|[from] item: Leftovers\n|-damage|p2a: Malamar|125/275 par|[from] Leech Seed|[of] p1a: Jumpluff\n|-heal|p1a: Jumpluff|270/271|[silent]\n|upkeep\n|turn|34\n|\n|t:|1782756638\n|move|p1a: Jumpluff|Acrobatics|p2a: Malamar\n|-damage|p2a: Malamar|67/275 par\n|cant|p2a: Malamar|par\n|\n|-heal|p2a: Malamar|84/275 par|[from] item: Leftovers\n|-damage|p2a: Malamar|50/275 par|[from] Leech Seed|[of] p1a: Jumpluff\n|-heal|p1a: Jumpluff|271/271|[silent]\n|-sideend|p2: notmetbh102|move: Aurora Veil\n|upkeep\n|turn|35\n|\n|t:|1782756640\n|move|p1a: Jumpluff|Acrobatics|p2a: Malamar\n|-damage|p2a: Malamar|0 fnt\n|faint|p2a: Malamar\n|\n|upkeep\n|\n|t:|1782756640\n|switch|p2a: Volcanion|Volcanion, L79, tera:Fire|7/256\n|turn|36\n|\n|t:|1782756642\n|switch|p2a: Medicham|Medicham, L86, M|68/243\n|-damage|p2a: Medicham|8/243|[from] Spikes\n|move|p1a: Jumpluff|Acrobatics|p2a: Medicham\n|-supereffective|p2a: Medicham\n|-damage|p2a: Medicham|0 fnt\n|faint|p2a: Medicham\n|\n|upkeep\n|\n|t:|1782756643\n|switch|p2a: Lapras|Lapras, L87, F|367/367\n|-damage|p2a: Lapras|276/367|[from] Spikes\n|turn|37\n|\n|t:|1782756646\n|move|p1a: Jumpluff|Leech Seed|p2a: Lapras\n|-start|p2a: Lapras|move: Leech Seed\n|move|p2a: Lapras|Hydro Pump|p1a: Jumpluff\n|-resisted|p1a: Jumpluff\n|-end|p1a: Jumpluff|Substitute\n|\n|-damage|p2a: Lapras|231/367|[from] Leech Seed|[of] p1a: Jumpluff\n|upkeep\n|turn|38\n|\n|t:|1782756649\n|move|p1a: Jumpluff|Substitute|p1a: Jumpluff\n|-start|p1a: Jumpluff|Substitute\n|-damage|p1a: Jumpluff|204/271\n|move|p2a: Lapras|Hydro Pump|p1a: Jumpluff\n|-resisted|p1a: Jumpluff\n|-end|p1a: Jumpluff|Substitute\n|\n|-damage|p2a: Lapras|186/367|[from] Leech Seed|[of] p1a: Jumpluff\n|-heal|p1a: Jumpluff|249/271|[silent]\n|upkeep\n|turn|39\n|\n|t:|1782756651\n|move|p1a: Jumpluff|Substitute|p1a: Jumpluff\n|-start|p1a: Jumpluff|Substitute\n|-damage|p1a: Jumpluff|182/271\n|move|p2a: Lapras|Hydro Pump|p1a: Jumpluff\n|-resisted|p1a: Jumpluff\n|-end|p1a: Jumpluff|Substitute\n|\n|-damage|p2a: Lapras|141/367|[from] Leech Seed|[of] p1a: Jumpluff\n|-heal|p1a: Jumpluff|227/271|[silent]\n|upkeep\n|turn|40\n|\n|t:|1782756652\n|move|p1a: Jumpluff|Substitute|p1a: Jumpluff\n|-start|p1a: Jumpluff|Substitute\n|-damage|p1a: Jumpluff|160/271\n|move|p2a: Lapras|Hydro Pump|p1a: Jumpluff\n|-resisted|p1a: Jumpluff\n|-end|p1a: Jumpluff|Substitute\n|\n|-damage|p2a: Lapras|96/367|[from] Leech Seed|[of] p1a: Jumpluff\n|-heal|p1a: Jumpluff|205/271|[silent]\n|upkeep\n|turn|41\n|\n|t:|1782756653\n|move|p1a: Jumpluff|Substitute|p1a: Jumpluff\n|-start|p1a: Jumpluff|Substitute\n|-damage|p1a: Jumpluff|138/271\n|move|p2a: Lapras|Hydro Pump|p1a: Jumpluff\n|-resisted|p1a: Jumpluff\n|-end|p1a: Jumpluff|Substitute\n|\n|-damage|p2a: Lapras|51/367|[from] Leech Seed|[of] p1a: Jumpluff\n|-heal|p1a: Jumpluff|183/271|[silent]\n|upkeep\n|turn|42\n|\n|t:|1782756654\n|move|p1a: Jumpluff|Substitute|p1a: Jumpluff\n|-start|p1a: Jumpluff|Substitute\n|-damage|p1a: Jumpluff|116/271\n|move|p2a: Lapras|Hydro Pump|p1a: Jumpluff\n|-resisted|p1a: Jumpluff\n|-end|p1a: Jumpluff|Substitute\n|\n|-damage|p2a: Lapras|6/367|[from] Leech Seed|[of] p1a: Jumpluff\n|-heal|p1a: Jumpluff|161/271|[silent]\n|upkeep\n|turn|43\n|\n|t:|1782756655\n|move|p1a: Jumpluff|Substitute|p1a: Jumpluff\n|-start|p1a: Jumpluff|Substitute\n|-damage|p1a: Jumpluff|94/271\n|move|p2a: Lapras|Hydro Pump|p1a: Jumpluff\n|-resisted|p1a: Jumpluff\n|-end|p1a: Jumpluff|Substitute\n|\n|-damage|p2a: Lapras|0 fnt|[from] Leech Seed|[of] p1a: Jumpluff\n|-heal|p1a: Jumpluff|100/271|[silent]\n|faint|p2a: Lapras\n|upkeep\n|\n|t:|1782756656\n|switch|p2a: Volcanion|Volcanion, L79, tera:Fire|7/256\n|turn|44\n|\n|t:|1782756657\n|move|p1a: Jumpluff|Acrobatics|p2a: Volcanion\n|-damage|p2a: Volcanion|0 fnt\n|faint|p2a: Volcanion\n|\n|win|pnm123\n|raw|pnm123's rating: 2293 &rarr; <strong>2311</strong><br />(+18 for winning)\n|raw|notmetbh102's rating: 2261 &rarr; <strong>2243</strong><br />(-18 for losing)\n|c|\u2606notmetbh102|gg\n", "inputlog": ">version f8ac14003a5f27e1bdc8d8c59608a773c1cb96e5\n>start {\"formatid\":\"gen9randombattle\",\"seed\":\"sodium,b3ba88ff4ae2bfb97f83c41d8d2ce2e2\",\"rated\":\"Rated battle\"}\n>player p1 {\"name\":\"pnm123\",\"avatar\":\"fisherman-gen4\",\"rating\":2277,\"seed\":\"sodium,c1db4b15e9ce2423700251796f134c43\"}\n>player p2 {\"name\":\"notmetbh102\",\"avatar\":\"2\",\"rating\":2261,\"seed\":\"sodium,e61a770fbcf350b2c2eca97c01bd1444\"}\n>chat \u2606notmetbh102|hf\n>p1 switch 2\n>p2 move flamethrower\n>p1 move closecombat\n>p2 move steameruption\n>p1 move closecombat\n>p2 switch 2\n>p1 move closecombat\n>p2 move bulletpunch\n>p1 switch 2\n>p1 move spikes\n>p2 switch 4\n>p1 switch 5\n>p2 move auroraveil\n>p1 move nuzzle\n>p2 move moonblast\n>p1 move superfang\n>p2 switch 4\n>p1 move dazzlinggleam\n>p2 switch 2\n>p1 move thunderbolt\n>p2 move sludgebomb terastallize\n>p1 move thunderbolt\n>p2 move flamethrower\n>p1 move nuzzle\n>p2 switch 3\n>p1 switch 6\n>p1 move spikes\n>p2 move superpower\n>p1 move whirlwind\n>p2 move superpower\n>p1 move spikes\n>p2 move ironhead\n>p1 switch 5\n>p2 move ironhead\n>p1 move poltergeist\n>p2 move thunderwave\n>p1 move poltergeist\n>p2 move stealthrock\n>p1 move poltergeist\n>p2 move ironhead\n>p1 move poltergeist\n>p2 move ironhead\n>p1 move strengthsap\n>p2 move ironhead\n>p1 move poltergeist\n>p2 move ironhead\n>p2 switch 3\n>p1 move poltergeist\n>p2 move flamethrower\n>p1 switch 3\n>p1 move acrobatics\n>p2 switch 4\n>p1 move substitute\n>p2 move freezedry\n>p1 move substitute\n>p2 move auroraveil\n>p1 move leechseed\n>p2 move auroraveil\n>p1 move strengthsap\n>p2 move freezedry\n>p1 move substitute\n>p2 move blizzard\n>p1 move acrobatics\n>p2 move freezedry\n>p2 switch 5\n>p1 move leechseed\n>p2 move superpower\n>p1 move leechseed\n>p2 move superpower\n>p1 move acrobatics\n>p2 move superpower\n>p1 move acrobatics\n>p2 move rest\n>p1 move acrobatics\n>p2 move rest\n>p2 switch 4\n>p1 move acrobatics\n>p2 switch 2\n>p2 switch 6\n>p1 move leechseed\n>p2 move hydropump\n>p1 move substitute\n>p2 move hydropump\n>p1 move substitute\n>p2 move hydropump\n>p1 move substitute\n>p2 move hydropump\n>p1 move substitute\n>p2 move hydropump\n>p1 move substitute\n>p2 move hydropump\n>p1 move substitute\n>p2 move hydropump\n>p2 switch 2\n>p1 move acrobatics\n>p2 move flamethrower", "uploadtime": 1782756658, "views": 6, "formatid": "gen9randombattle", "rating": 2243, "private": 0, "password": null, "player_dets": [{"name": "pnm123", "avatar": "fisherman-gen4", "rating": 2277, "seed": "sodium,c1db4b15e9ce2423700251796f134c43"}, {"name": "notmetbh102", "avatar": "2", "rating": 2261, "seed": "sodium,e61a770fbcf350b2c2eca97c01bd1444"}], "teams_full": [{"Brambleghast": {"name": "Brambleghast", "species": "Brambleghast", "speciesId": "brambleghast", "gender": "F", "shiny": false, "level": 88, "moves": ["poltergeist", "spikes", "powerwhip", "strengthsap"], "ability": "Wind Rider", "evs": {"hp": 85, "atk": 85, "def": 85, "spa": 85, "spd": 85, "spe": 85}, "ivs": {"hp": 31, "atk": 31, "def": 31, "spa": 31, "spd": 31, "spe": 31}, "item": "Leftovers", "teraType": "Water", "role": "Fast Support", "bvs": {"hp": 55, "atk": 115, "def": 70, "spa": 80, "spd": 70, "spe": 90}, "stats": {"hp": 240, "atk": 253, "def": 173, "spa": 191, "spd": 173, "spe": 209}, "types": ["Grass", "Ghost"]}, "Barraskewda": {"name": "Barraskewda", "species": "Barraskewda", "speciesId": "barraskewda", "gender": "F", "shiny": false, "level": 81, "moves": ["waterfall", "psychicfangs", "closecombat", "flipturn"], "ability": "Swift Swim", "evs": {"hp": 85, "atk": 85, "def": 85, "spa": 85, "spd": 85, "spe": 85}, "ivs": {"hp": 31, "atk": 31, "def": 31, "spa": 31, "spd": 31, "spe": 31}, "item": "Choice Band", "teraType": "Fighting", "role": "Wallbreaker", "bvs": {"hp": 61, "atk": 123, "def": 60, "spa": 60, "spd": 50, "spe": 136}, "stats": {"hp": 231, "atk": 246, "def": 144, "spa": 144, "spd": 128, "spe": 267}, "types": ["Water"]}, "Jumpluff": {"name": "Jumpluff", "species": "Jumpluff", "speciesId": "jumpluff", "gender": "F", "shiny": false, "level": 87, "moves": ["acrobatics", "substitute", "strengthsap", "leechseed"], "ability": "Infiltrator", "evs": {"hp": 81, "atk": 85, "def": 85, "spa": 85, "spd": 85, "spe": 85}, "ivs": {"hp": 31, "atk": 31, "def": 31, "spa": 31, "spd": 31, "spe": 31}, "item": "", "teraType": "Steel", "role": "Bulky Support", "bvs": {"hp": 75, "atk": 55, "def": 70, "spa": 55, "spd": 95, "spe": 110}, "stats": {"hp": 271, "atk": 145, "def": 172, "spa": 145, "spd": 215, "spe": 241}, "types": ["Grass", "Flying"]}, "Mimikyu": {"name": "Mimikyu", "species": "Mimikyu", "speciesId": "mimikyu", "gender": "F", "shiny": false, "level": 79, "moves": ["swordsdance", "shadowsneak", "shadowclaw", "playrough"], "ability": "Disguise", "evs": {"hp": 85, "atk": 85, "def": 85, "spa": 85, "spd": 85, "spe": 85}, "ivs": {"hp": 31, "atk": 31, "def": 31, "spa": 31, "spd": 31, "spe": 31}, "item": "Life Orb", "teraType": "Fairy", "role": "Fast Bulky Setup", "bvs": {"hp": 55, "atk": 90, "def": 80, "spa": 50, "spd": 105, "spe": 96}, "stats": {"hp": 216, "atk": 188, "def": 172, "spa": 125, "spd": 211, "spe": 197}, "types": ["Ghost", "Fairy"]}, "Dedenne": {"name": "Dedenne", "species": "Dedenne", "speciesId": "dedenne", "gender": "M", "shiny": false, "level": 88, "moves": ["nuzzle", "thunderbolt", "dazzlinggleam", "superfang"], "ability": "Cheek Pouch", "evs": {"hp": 85, "atk": 85, "def": 85, "spa": 85, "spd": 85, "spe": 85}, "ivs": {"hp": 31, "atk": 31, "def": 31, "spa": 31, "spd": 31, "spe": 31}, "item": "Sitrus Berry", "teraType": "Flying", "role": "Fast Support", "bvs": {"hp": 67, "atk": 58, "def": 57, "spa": 81, "spd": 67, "spe": 101}, "stats": {"hp": 261, "atk": 152, "def": 151, "spa": 193, "spd": 168, "spe": 228}, "types": ["Electric", "Fairy"]}, "Ting-Lu": {"name": "Ting-Lu", "species": "Ting-Lu", "speciesId": "tinglu", "gender": "N", "shiny": false, "level": 78, "moves": ["spikes", "whirlwind", "throatchop", "earthquake"], "ability": "Vessel of Ruin", "evs": {"hp": 85, "atk": 85, "def": 85, "spa": 85, "spd": 85, "spe": 85}, "ivs": {"hp": 31, "atk": 31, "def": 31, "spa": 31, "spd": 31, "spe": 31}, "item": "Leftovers", "teraType": "Ghost", "role": "Bulky Support", "bvs": {"hp": 155, "atk": 110, "def": 125, "spa": 55, "spd": 80, "spe": 45}, "stats": {"hp": 370, "atk": 217, "def": 240, "spa": 131, "spd": 170, "spe": 115}, "types": ["Dark", "Ground"]}}, {"Volcanion": {"name": "Volcanion", "species": "Volcanion", "speciesId": "volcanion", "gender": "N", "shiny": false, "level": 79, "moves": ["haze", "sludgebomb", "flamethrower", "steameruption"], "ability": "Water Absorb", "evs": {"hp": 85, "atk": 0, "def": 85, "spa": 85, "spd": 85, "spe": 85}, "ivs": {"hp": 31, "atk": 0, "def": 31, "spa": 31, "spd": 31, "spe": 31}, "item": "Heavy-Duty Boots", "teraType": "Fire", "role": "Bulky Attacker", "bvs": {"hp": 80, "atk": 110, "def": 120, "spa": 130, "spd": 90, "spe": 70}, "stats": {"hp": 256, "atk": 178, "def": 235, "spa": 251, "spd": 188, "spe": 156}, "types": ["Fire", "Water"]}, "Medicham": {"name": "Medicham", "species": "Medicham", "speciesId": "medicham", "gender": "M", "shiny": false, "level": 86, "moves": ["bulletpunch", "closecombat", "trick", "zenheadbutt"], "ability": "Pure Power", "evs": {"hp": 85, "atk": 85, "def": 85, "spa": 85, "spd": 85, "spe": 85}, "ivs": {"hp": 31, "atk": 31, "def": 31, "spa": 31, "spd": 31, "spe": 31}, "item": "Choice Band", "teraType": "Fighting", "role": "Fast Attacker", "bvs": {"hp": 60, "atk": 60, "def": 75, "spa": 60, "spd": 75, "spe": 80}, "stats": {"hp": 243, "atk": 152, "def": 178, "spa": 152, "spd": 178, "spe": 187}, "types": ["Fighting", "Psychic"]}, "Malamar": {"name": "Malamar", "species": "Malamar", "speciesId": "malamar", "gender": "F", "shiny": false, "level": 82, "moves": ["knockoff", "rest", "sleeptalk", "superpower"], "ability": "Contrary", "evs": {"hp": 85, "atk": 85, "def": 85, "spa": 85, "spd": 85, "spe": 85}, "ivs": {"hp": 31, "atk": 31, "def": 31, "spa": 31, "spd": 31, "spe": 31}, "item": "Leftovers", "teraType": "Fighting", "role": "Bulky Setup", "bvs": {"hp": 86, "atk": 92, "def": 88, "spa": 68, "spd": 75, "spe": 73}, "stats": {"hp": 275, "atk": 198, "def": 191, "spa": 159, "spd": 170, "spe": 167}, "types": ["Dark", "Psychic"]}, "Ninetales": {"name": "Ninetales", "species": "Ninetales-Alola", "speciesId": "ninetalesalola", "gender": "M", "shiny": false, "level": 78, "moves": ["auroraveil", "moonblast", "freezedry", "blizzard"], "ability": "Snow Warning", "evs": {"hp": 85, "atk": 0, "def": 85, "spa": 85, "spd": 85, "spe": 85}, "ivs": {"hp": 31, "atk": 0, "def": 31, "spa": 31, "spd": 31, "spe": 31}, "item": "Light Clay", "teraType": "Steel", "role": "Fast Attacker", "bvs": {"hp": 73, "atk": 67, "def": 75, "spa": 81, "spd": 100, "spe": 109}, "stats": {"hp": 242, "atk": 109, "def": 162, "spa": 171, "spd": 201, "spe": 215}, "types": ["Ice", "Fairy"]}, "Registeel": {"name": "Registeel", "species": "Registeel", "speciesId": "registeel", "gender": "N", "shiny": false, "level": 81, "moves": ["thunderwave", "stealthrock", "ironhead", "bodypress"], "ability": "Clear Body", "evs": {"hp": 85, "atk": 85, "def": 85, "spa": 85, "spd": 85, "spe": 85}, "ivs": {"hp": 31, "atk": 31, "def": 31, "spa": 31, "spd": 31, "spe": 31}, "item": "Leftovers", "teraType": "Fighting", "role": "Bulky Support", "bvs": {"hp": 80, "atk": 75, "def": 150, "spa": 75, "spd": 150, "spe": 50}, "stats": {"hp": 262, "atk": 168, "def": 290, "spa": 168, "spd": 290, "spe": 128}, "types": ["Steel"]}, "Lapras": {"name": "Lapras", "species": "Lapras", "speciesId": "lapras", "gender": "F", "shiny": false, "level": 87, "moves": ["icebeam", "sparklingaria", "hydropump", "freezedry"], "ability": "Water Absorb", "evs": {"hp": 81, "atk": 0, "def": 85, "spa": 85, "spd": 85, "spe": 85}, "ivs": {"hp": 31, "atk": 0, "def": 31, "spa": 31, "spd": 31, "spe": 31}, "item": "Choice Specs", "teraType": "Water", "role": "Wallbreaker", "bvs": {"hp": 130, "atk": 85, "def": 80, "spa": 85, "spd": 95, "spe": 60}, "stats": {"hp": 367, "atk": 152, "def": 189, "spa": 198, "spd": 215, "spe": 154}, "types": ["Water", "Ice"]}}]}