{"id": "gen9randombattle-2641590345", "format": "[Gen 9] Random Battle", "players": ["SquadLeCuisto", "IceColdAcer"], "log": "|j|\u2606SquadLeCuisto\n|j|\u2606IceColdAcer\n|t:|1782814367\n|gametype|singles\n|player|p1|SquadLeCuisto|102|2096\n|player|p2|IceColdAcer|acetrainer|2064\n|gen|9\n|tier|[Gen 9] Random Battle\n|rated|\n|rule|Species Clause: Limit one of each Pok\u00e9mon\n|rule|HP Percentage Mod: HP is shown in percentages\n|rule|Sleep Clause Mod: Limit one foe put to sleep\n|rule|Illusion Level Mod: Illusion disguises the Pok\u00e9mon's true level\n|\n|t:|1782814367\n|teamsize|p1|6\n|teamsize|p2|6\n|start\n|switch|p1a: Incineroar|Incineroar, L82, F|290/290\n|switch|p2a: Wyrdeer|Wyrdeer, L87, M|321/321\n|-ability|p2a: Wyrdeer|Intimidate|boost\n|-unboost|p1a: Incineroar|atk|1\n|-ability|p1a: Incineroar|Intimidate|boost\n|-unboost|p2a: Wyrdeer|atk|1\n|turn|1\n|\n|t:|1782814382\n|switch|p1a: Krookodile|Krookodile, L79, M|280/280\n|-ability|p1a: Krookodile|Intimidate|boost\n|-unboost|p2a: Wyrdeer|atk|1\n|move|p2a: Wyrdeer|Thunder Wave|p1a: Krookodile\n|-immune|p1a: Krookodile\n|\n|upkeep\n|turn|2\n|\n|t:|1782814391\n|switch|p2a: Dragonite|Dragonite, L74, M|257/257\n|move|p1a: Krookodile|Stealth Rock|p2a: Dragonite\n|-sidestart|p2: IceColdAcer|move: Stealth Rock\n|\n|upkeep\n|turn|3\n|\n|t:|1782814406\n|switch|p1a: Incineroar|Incineroar, L82, F|290/290\n|-ability|p1a: Incineroar|Intimidate|boost\n|-unboost|p2a: Dragonite|atk|1\n|move|p2a: Dragonite|Dragon Dance|p2a: Dragonite\n|-boost|p2a: Dragonite|atk|1\n|-boost|p2a: Dragonite|spe|1\n|\n|upkeep\n|turn|4\n|\n|t:|1782814420\n|move|p2a: Dragonite|Dragon Dance|p2a: Dragonite\n|-boost|p2a: Dragonite|atk|1\n|-boost|p2a: Dragonite|spe|1\n|move|p1a: Incineroar|Will-O-Wisp|p2a: Dragonite\n|-status|p2a: Dragonite|brn\n|\n|-damage|p2a: Dragonite|241/257 brn|[from] brn\n|upkeep\n|turn|5\n|\n|t:|1782814438\n|move|p2a: Dragonite|Dragon Dance|p2a: Dragonite\n|-boost|p2a: Dragonite|atk|1\n|-boost|p2a: Dragonite|spe|1\n|move|p1a: Incineroar|Knock Off|p2a: Dragonite\n|-damage|p2a: Dragonite|124/257 brn\n|-enditem|p2a: Dragonite|Heavy-Duty Boots|[from] move: Knock Off|[of] p1a: Incineroar\n|\n|-damage|p2a: Dragonite|108/257 brn|[from] brn\n|upkeep\n|turn|6\n|\n|t:|1782814447\n|switch|p1a: Gastrodon|Gastrodon, L86, M|331/331\n|move|p2a: Dragonite|Roost|p2a: Dragonite\n|-heal|p2a: Dragonite|237/257 brn\n|-singleturn|p2a: Dragonite|move: Roost\n|\n|-damage|p2a: Dragonite|221/257 brn|[from] brn\n|upkeep\n|turn|7\n|\n|t:|1782814454\n|move|p2a: Dragonite|Roost|p2a: Dragonite\n|-heal|p2a: Dragonite|257/257 brn\n|-singleturn|p2a: Dragonite|move: Roost\n|move|p1a: Gastrodon|Clear Smog|p2a: Dragonite\n|-damage|p2a: Dragonite|238/257 brn\n|-clearboost|p2a: Dragonite\n|\n|-damage|p2a: Dragonite|222/257 brn|[from] brn\n|upkeep\n|turn|8\n|\n|t:|1782814462\n|move|p2a: Dragonite|Dragon Dance|p2a: Dragonite\n|-boost|p2a: Dragonite|atk|1\n|-boost|p2a: Dragonite|spe|1\n|move|p1a: Gastrodon|Surf|p2a: Dragonite\n|-resisted|p2a: Dragonite\n|-damage|p2a: Dragonite|176/257 brn\n|\n|-damage|p2a: Dragonite|160/257 brn|[from] brn\n|upkeep\n|turn|9\n|\n|t:|1782814466\n|move|p2a: Dragonite|Earthquake|p1a: Gastrodon\n|-damage|p1a: Gastrodon|266/331\n|move|p1a: Gastrodon|Clear Smog|p2a: Dragonite\n|-damage|p2a: Dragonite|120/257 brn\n|-clearboost|p2a: Dragonite\n|\n|-heal|p1a: Gastrodon|286/331|[from] item: Leftovers\n|-damage|p2a: Dragonite|104/257 brn|[from] brn\n|upkeep\n|turn|10\n|\n|t:|1782814472\n|move|p2a: Dragonite|Roost|p2a: Dragonite\n|-heal|p2a: Dragonite|233/257 brn\n|-singleturn|p2a: Dragonite|move: Roost\n|move|p1a: Gastrodon|Surf|p2a: Dragonite\n|-resisted|p2a: Dragonite\n|-damage|p2a: Dragonite|183/257 brn\n|\n|-heal|p1a: Gastrodon|306/331|[from] item: Leftovers\n|-damage|p2a: Dragonite|167/257 brn|[from] brn\n|upkeep\n|turn|11\n|\n|t:|1782814475\n|move|p2a: Dragonite|Dragon Dance|p2a: Dragonite\n|-boost|p2a: Dragonite|atk|1\n|-boost|p2a: Dragonite|spe|1\n|move|p1a: Gastrodon|Surf|p2a: Dragonite\n|-resisted|p2a: Dragonite\n|-damage|p2a: Dragonite|122/257 brn\n|\n|-heal|p1a: Gastrodon|326/331|[from] item: Leftovers\n|-damage|p2a: Dragonite|106/257 brn|[from] brn\n|upkeep\n|turn|12\n|\n|t:|1782814479\n|move|p2a: Dragonite|Outrage|p1a: Gastrodon\n|-damage|p1a: Gastrodon|215/331\n|move|p1a: Gastrodon|Clear Smog|p2a: Dragonite\n|-damage|p2a: Dragonite|69/257 brn\n|-clearboost|p2a: Dragonite\n|\n|-heal|p1a: Gastrodon|235/331|[from] item: Leftovers\n|-damage|p2a: Dragonite|53/257 brn|[from] brn\n|upkeep\n|turn|13\n|\n|t:|1782814484\n|move|p2a: Dragonite|Outrage|p1a: Gastrodon|[from] lockedmove\n|-damage|p1a: Gastrodon|159/331\n|move|p1a: Gastrodon|Recover|p1a: Gastrodon\n|-heal|p1a: Gastrodon|325/331\n|\n|-heal|p1a: Gastrodon|331/331|[from] item: Leftovers\n|-damage|p2a: Dragonite|37/257 brn|[from] brn\n|upkeep\n|turn|14\n|\n|t:|1782814488\n|move|p2a: Dragonite|Outrage|p1a: Gastrodon|[from] lockedmove\n|-damage|p1a: Gastrodon|259/331\n|-start|p2a: Dragonite|confusion|[fatigue]\n|move|p1a: Gastrodon|Surf|p2a: Dragonite\n|-resisted|p2a: Dragonite\n|-damage|p2a: Dragonite|0 fnt\n|faint|p2a: Dragonite\n|\n|-heal|p1a: Gastrodon|279/331|[from] item: Leftovers\n|upkeep\n|\n|t:|1782814491\n|switch|p2a: Meganium|Meganium, L90, F|290/290\n|-damage|p2a: Meganium|254/290|[from] Stealth Rock\n|turn|15\n|\n|t:|1782814495\n|switch|p1a: Incineroar|Incineroar, L82, F|290/290\n|-ability|p1a: Incineroar|Intimidate|boost\n|-unboost|p2a: Meganium|atk|1\n|move|p2a: Meganium|Swords Dance|p2a: Meganium\n|-boost|p2a: Meganium|atk|2\n|\n|-heal|p2a: Meganium|272/290|[from] item: Leftovers\n|upkeep\n|turn|16\n|\n|t:|1782814503\n|move|p2a: Meganium|Earthquake|p1a: Incineroar\n|-supereffective|p1a: Incineroar\n|-damage|p1a: Incineroar|64/290\n|move|p1a: Incineroar|Will-O-Wisp|p2a: Meganium\n|-status|p2a: Meganium|brn\n|\n|-heal|p2a: Meganium|290/290 brn|[from] item: Leftovers\n|-damage|p2a: Meganium|272/290 brn|[from] brn\n|upkeep\n|turn|17\n|\n|t:|1782814512\n|switch|p1a: Toxapex|Toxapex, L82, F|216/216\n|move|p2a: Meganium|Swords Dance|p2a: Meganium\n|-boost|p2a: Meganium|atk|2\n|\n|-heal|p2a: Meganium|290/290 brn|[from] item: Leftovers\n|-damage|p2a: Meganium|272/290 brn|[from] brn\n|upkeep\n|turn|18\n|\n|t:|1782814518\n|move|p2a: Meganium|Knock Off|p1a: Toxapex\n|-crit|p1a: Toxapex\n|-damage|p1a: Toxapex|126/216\n|-enditem|p1a: Toxapex|Leftovers|[from] move: Knock Off|[of] p2a: Meganium\n|move|p1a: Toxapex|Haze|p1a: Toxapex\n|-clearallboost\n|\n|-heal|p2a: Meganium|290/290 brn|[from] item: Leftovers\n|-damage|p2a: Meganium|272/290 brn|[from] brn\n|upkeep\n|turn|19\n|\n|t:|1782814522\n|move|p2a: Meganium|Swords Dance|p2a: Meganium\n|-boost|p2a: Meganium|atk|2\n|move|p1a: Toxapex|Recover|p1a: Toxapex\n|-heal|p1a: Toxapex|216/216\n|\n|-heal|p2a: Meganium|290/290 brn|[from] item: Leftovers\n|-damage|p2a: Meganium|272/290 brn|[from] brn\n|upkeep\n|turn|20\n|\n|t:|1782814525\n|move|p2a: Meganium|Earthquake|p1a: Toxapex\n|-supereffective|p1a: Toxapex\n|-damage|p1a: Toxapex|127/216\n|move|p1a: Toxapex|Haze|p1a: Toxapex\n|-clearallboost\n|\n|-heal|p2a: Meganium|290/290 brn|[from] item: Leftovers\n|-damage|p2a: Meganium|272/290 brn|[from] brn\n|upkeep\n|turn|21\n|\n|t:|1782814527\n|move|p2a: Meganium|Swords Dance|p2a: Meganium\n|-boost|p2a: Meganium|atk|2\n|move|p1a: Toxapex|Recover|p1a: Toxapex\n|-heal|p1a: Toxapex|216/216\n|\n|-heal|p2a: Meganium|290/290 brn|[from] item: Leftovers\n|-damage|p2a: Meganium|272/290 brn|[from] brn\n|upkeep\n|turn|22\n|\n|t:|1782814530\n|move|p2a: Meganium|Earthquake|p1a: Toxapex\n|-supereffective|p1a: Toxapex\n|-damage|p1a: Toxapex|122/216\n|move|p1a: Toxapex|Haze|p1a: Toxapex\n|-clearallboost\n|\n|-heal|p2a: Meganium|290/290 brn|[from] item: Leftovers\n|-damage|p2a: Meganium|272/290 brn|[from] brn\n|upkeep\n|turn|23\n|\n|t:|1782814536\n|switch|p1a: Krookodile|Krookodile, L79, M|280/280\n|-ability|p1a: Krookodile|Intimidate|boost\n|-unboost|p2a: Meganium|atk|1\n|move|p2a: Meganium|Swords Dance|p2a: Meganium\n|-boost|p2a: Meganium|atk|2\n|\n|-heal|p2a: Meganium|290/290 brn|[from] item: Leftovers\n|-damage|p2a: Meganium|272/290 brn|[from] brn\n|upkeep\n|turn|24\n|\n|t:|1782814542\n|-terastallize|p1a: Krookodile|Poison\n|move|p2a: Meganium|Petal Blizzard|p1a: Krookodile\n|-resisted|p1a: Krookodile\n|-damage|p1a: Krookodile|238/280\n|move|p1a: Krookodile|Gunk Shot|p2a: Meganium\n|-supereffective|p2a: Meganium\n|-damage|p2a: Meganium|0 fnt\n|faint|p2a: Meganium\n|-damage|p1a: Krookodile|210/280|[from] item: Life Orb\n|\n|upkeep\n|\n|t:|1782814550\n|switch|p2a: Sandy Shocks|Sandy Shocks, L80|267/267\n|-damage|p2a: Sandy Shocks|251/267|[from] Stealth Rock\n|turn|25\n|\n|t:|1782814561\n|switch|p1a: Gastrodon|Gastrodon, L86, M|279/331\n|move|p2a: Sandy Shocks|Earth Power|p1a: Gastrodon\n|-damage|p1a: Gastrodon|167/331\n|\n|-heal|p2a: Sandy Shocks|267/267|[from] item: Leftovers\n|-heal|p1a: Gastrodon|187/331|[from] item: Leftovers\n|upkeep\n|turn|26\n|\n|t:|1782814572\n|-end|p2a: Sandy Shocks|Protosynthesis|[silent]\n|switch|p2a: Corviknight|Corviknight, L80, F|288/288\n|-damage|p2a: Corviknight|252/288|[from] Stealth Rock\n|-ability|p2a: Corviknight|Pressure\n|move|p1a: Gastrodon|Recover|p1a: Gastrodon\n|-heal|p1a: Gastrodon|331/331\n|\n|-heal|p2a: Corviknight|270/288|[from] item: Leftovers\n|upkeep\n|turn|27\n|\n|t:|1782814582\n|move|p2a: Corviknight|Brave Bird|p1a: Gastrodon\n|-damage|p1a: Gastrodon|202/331\n|-damage|p2a: Corviknight|227/288|[from] Recoil\n|move|p1a: Gastrodon|Surf|p2a: Corviknight\n|-damage|p2a: Corviknight|122/288\n|\n|-heal|p2a: Corviknight|140/288|[from] item: Leftovers\n|-heal|p1a: Gastrodon|222/331|[from] item: Leftovers\n|upkeep\n|turn|28\n|\n|t:|1782814588\n|move|p2a: Corviknight|Defog|p1a: Gastrodon\n|-unboost|p1a: Gastrodon|evasion|1\n|-sideend|p2: IceColdAcer|Stealth Rock|[from] move: Defog|[of] p2a: Corviknight\n|move|p1a: Gastrodon|Surf|p2a: Corviknight\n|-damage|p2a: Corviknight|44/288\n|\n|-heal|p2a: Corviknight|62/288|[from] item: Leftovers\n|-heal|p1a: Gastrodon|242/331|[from] item: Leftovers\n|upkeep\n|turn|29\n|\n|t:|1782814591\n|move|p2a: Corviknight|Roost|p2a: Corviknight\n|-heal|p2a: Corviknight|206/288\n|-singleturn|p2a: Corviknight|move: Roost\n|move|p1a: Gastrodon|Surf|p2a: Corviknight\n|-damage|p2a: Corviknight|110/288\n|\n|-heal|p2a: Corviknight|128/288|[from] item: Leftovers\n|-heal|p1a: Gastrodon|262/331|[from] item: Leftovers\n|upkeep\n|turn|30\n|\n|t:|1782814597\n|move|p2a: Corviknight|Roost|p2a: Corviknight\n|-heal|p2a: Corviknight|272/288\n|-singleturn|p2a: Corviknight|move: Roost\n|move|p1a: Gastrodon|Surf|p2a: Corviknight\n|-damage|p2a: Corviknight|169/288\n|\n|-heal|p2a: Corviknight|187/288|[from] item: Leftovers\n|-heal|p1a: Gastrodon|282/331|[from] item: Leftovers\n|upkeep\n|turn|31\n|\n|t:|1782814601\n|move|p2a: Corviknight|Brave Bird|p1a: Gastrodon\n|-damage|p1a: Gastrodon|159/331\n|-damage|p2a: Corviknight|146/288|[from] Recoil\n|move|p1a: Gastrodon|Surf|p2a: Corviknight\n|-damage|p2a: Corviknight|47/288\n|\n|-heal|p2a: Corviknight|65/288|[from] item: Leftovers\n|-heal|p1a: Gastrodon|179/331|[from] item: Leftovers\n|upkeep\n|turn|32\n|\n|t:|1782814604\n|move|p2a: Corviknight|Roost|p2a: Corviknight\n|-heal|p2a: Corviknight|209/288\n|-singleturn|p2a: Corviknight|move: Roost\n|move|p1a: Gastrodon|Recover|p1a: Gastrodon\n|-heal|p1a: Gastrodon|331/331\n|\n|-heal|p2a: Corviknight|227/288|[from] item: Leftovers\n|upkeep\n|turn|33\n|\n|t:|1782814608\n|move|p2a: Corviknight|Brave Bird|p1a: Gastrodon\n|-damage|p1a: Gastrodon|195/331\n|-damage|p2a: Corviknight|182/288|[from] Recoil\n|move|p1a: Gastrodon|Surf|p2a: Corviknight\n|-damage|p2a: Corviknight|73/288\n|\n|-heal|p2a: Corviknight|91/288|[from] item: Leftovers\n|-heal|p1a: Gastrodon|215/331|[from] item: Leftovers\n|upkeep\n|turn|34\n|\n|t:|1782814611\n|move|p2a: Corviknight|Roost|p2a: Corviknight\n|-heal|p2a: Corviknight|235/288\n|-singleturn|p2a: Corviknight|move: Roost\n|move|p1a: Gastrodon|Earthquake|p2a: Corviknight\n|-supereffective|p2a: Corviknight\n|-damage|p2a: Corviknight|49/288\n|\n|-heal|p2a: Corviknight|67/288|[from] item: Leftovers\n|-heal|p1a: Gastrodon|235/331|[from] item: Leftovers\n|upkeep\n|turn|35\n|\n|t:|1782814617\n|move|p2a: Corviknight|Roost|p2a: Corviknight\n|-heal|p2a: Corviknight|211/288\n|-singleturn|p2a: Corviknight|move: Roost\n|move|p1a: Gastrodon|Recover|p1a: Gastrodon\n|-heal|p1a: Gastrodon|331/331\n|\n|-heal|p2a: Corviknight|229/288|[from] item: Leftovers\n|upkeep\n|turn|36\n|\n|t:|1782814625\n|switch|p1a: Toxapex|Toxapex, L82, F|194/216\n|move|p2a: Corviknight|Brave Bird|p1a: Toxapex\n|-damage|p1a: Toxapex|115/216\n|-damage|p2a: Corviknight|203/288|[from] Recoil\n|\n|-heal|p2a: Corviknight|221/288|[from] item: Leftovers\n|upkeep\n|turn|37\n|\n|t:|1782814630\n|move|p2a: Corviknight|Brave Bird|p1a: Toxapex\n|-damage|p1a: Toxapex|43/216\n|-damage|p2a: Corviknight|197/288|[from] Recoil\n|move|p1a: Toxapex|Recover|p1a: Toxapex\n|-heal|p1a: Toxapex|151/216\n|\n|-heal|p2a: Corviknight|215/288|[from] item: Leftovers\n|upkeep\n|turn|38\n|\n|t:|1782814634\n|move|p2a: Corviknight|U-turn|p1a: Toxapex\n|-resisted|p1a: Toxapex\n|-damage|p1a: Toxapex|137/216\n|\n|t:|1782814636\n|switch|p2a: Sandy Shocks|Sandy Shocks, L80|267/267|[from] U-turn\n|move|p1a: Toxapex|Recover|p1a: Toxapex\n|-heal|p1a: Toxapex|216/216\n|\n|upkeep\n|turn|39\n|\n|t:|1782814639\n|move|p2a: Sandy Shocks|Stealth Rock|p1a: Toxapex\n|-sidestart|p1: SquadLeCuisto|move: Stealth Rock\n|move|p1a: Toxapex|Liquidation|p2a: Sandy Shocks\n|-supereffective|p2a: Sandy Shocks\n|-damage|p2a: Sandy Shocks|141/267\n|\n|-heal|p2a: Sandy Shocks|157/267|[from] item: Leftovers\n|upkeep\n|turn|40\n|\n|t:|1782814642\n|move|p2a: Sandy Shocks|Thunderbolt|p1a: Toxapex\n|-supereffective|p1a: Toxapex\n|-damage|p1a: Toxapex|60/216\n|move|p1a: Toxapex|Liquidation|p2a: Sandy Shocks\n|-supereffective|p2a: Sandy Shocks\n|-damage|p2a: Sandy Shocks|31/267\n|\n|-heal|p2a: Sandy Shocks|47/267|[from] item: Leftovers\n|upkeep\n|turn|41\n|\n|t:|1782814647\n|switch|p1a: Incineroar|Incineroar, L82, F|64/290\n|-ability|p1a: Incineroar|Intimidate|boost\n|-unboost|p2a: Sandy Shocks|atk|1\n|move|p2a: Sandy Shocks|Earth Power|p1a: Incineroar\n|-supereffective|p1a: Incineroar\n|-damage|p1a: Incineroar|0 fnt\n|faint|p1a: Incineroar\n|\n|-heal|p2a: Sandy Shocks|63/267|[from] item: Leftovers\n|upkeep\n|\n|t:|1782814654\n|switch|p1a: Komala|Komala, L88, F|258/258\n|-damage|p1a: Komala|226/258|[from] Stealth Rock\n|-ability|p1a: Komala|Comatose\n|turn|42\n|\n|t:|1782814662\n|-end|p2a: Sandy Shocks|Protosynthesis|[silent]\n|switch|p2a: Corviknight|Corviknight, L80, F|215/288\n|-ability|p2a: Corviknight|Pressure\n|move|p1a: Komala|Rapid Spin|p2a: Corviknight\n|-resisted|p2a: Corviknight\n|-damage|p2a: Corviknight|187/288\n|-boost|p1a: Komala|spe|1\n|-sideend|p1: SquadLeCuisto|Stealth Rock|[from] move: Rapid Spin|[of] p1a: Komala\n|\n|-heal|p2a: Corviknight|205/288|[from] item: Leftovers\n|upkeep\n|turn|43\n|\n|t:|1782814669\n|move|p1a: Komala|Knock Off|p2a: Corviknight\n|-damage|p2a: Corviknight|121/288\n|-enditem|p2a: Corviknight|Leftovers|[from] move: Knock Off|[of] p1a: Komala\n|move|p2a: Corviknight|Brave Bird|p1a: Komala\n|-damage|p1a: Komala|106/258\n|-damage|p2a: Corviknight|81/288|[from] Recoil\n|\n|upkeep\n|turn|44\n|\n|t:|1782814677\n|switch|p1a: Toxapex|Toxapex, L82, F|132/216\n|move|p2a: Corviknight|Brave Bird|p1a: Toxapex\n|-damage|p1a: Toxapex|54/216\n|-damage|p2a: Corviknight|55/288|[from] Recoil\n|\n|upkeep\n|turn|45\n|\n|t:|1782814680\n|switch|p1a: Gastrodon|Gastrodon, L86, M|331/331\n|move|p2a: Corviknight|Brave Bird|p1a: Gastrodon\n|-damage|p1a: Gastrodon|211/331\n|-damage|p2a: Corviknight|15/288|[from] Recoil\n|\n|-heal|p1a: Gastrodon|231/331|[from] item: Leftovers\n|upkeep\n|turn|46\n|\n|t:|1782814686\n|move|p2a: Corviknight|U-turn|p1a: Gastrodon\n|-damage|p1a: Gastrodon|178/331\n|\n|t:|1782814690\n|switch|p2a: Wyrdeer|Wyrdeer, L87, M|321/321|[from] U-turn\n|-ability|p2a: Wyrdeer|Intimidate|boost\n|-unboost|p1a: Gastrodon|atk|1\n|move|p1a: Gastrodon|Earthquake|p2a: Wyrdeer\n|-damage|p2a: Wyrdeer|249/321\n|\n|-heal|p2a: Wyrdeer|269/321|[from] item: Leftovers\n|-heal|p1a: Gastrodon|198/331|[from] item: Leftovers\n|upkeep\n|turn|47\n|\n|t:|1782814700\n|switch|p1a: Komala|Komala, L88, F|106/258\n|-ability|p1a: Komala|Comatose\n|move|p2a: Wyrdeer|Psychic Noise|p1a: Komala\n|-damage|p1a: Komala|52/258\n|-start|p1a: Komala|move: Heal Block\n|\n|-heal|p2a: Wyrdeer|289/321|[from] item: Leftovers\n|upkeep\n|turn|48\n|\n|t:|1782814703\n|move|p1a: Komala|Knock Off|p2a: Wyrdeer\n|-supereffective|p2a: Wyrdeer\n|-damage|p2a: Wyrdeer|103/321\n|-enditem|p2a: Wyrdeer|Leftovers|[from] move: Knock Off|[of] p1a: Komala\n|move|p2a: Wyrdeer|Earthquake|p1a: Komala\n|-damage|p1a: Komala|0 fnt\n|faint|p1a: Komala\n|\n|upkeep\n|\n|t:|1782814707\n|switch|p1a: Krookodile|Krookodile, L79, M, tera:Poison|210/280\n|-ability|p1a: Krookodile|Intimidate|boost\n|-unboost|p2a: Wyrdeer|atk|1\n|turn|49\n|\n|t:|1782814710\n|switch|p2a: Corviknight|Corviknight, L80, F|15/288\n|-ability|p2a: Corviknight|Pressure\n|move|p1a: Krookodile|Knock Off|p2a: Corviknight\n|-damage|p2a: Corviknight|0 fnt\n|faint|p2a: Corviknight\n|-damage|p1a: Krookodile|182/280|[from] item: Life Orb\n|\n|upkeep\n|\n|t:|1782814714\n|switch|p2a: Sandy Shocks|Sandy Shocks, L80|63/267\n|turn|50\n|\n|t:|1782814722\n|switch|p1a: Toxapex|Toxapex, L82, F|126/216\n|move|p2a: Sandy Shocks|Earth Power|p1a: Toxapex\n|-supereffective|p1a: Toxapex\n|-damage|p1a: Toxapex|0 fnt\n|faint|p1a: Toxapex\n|\n|-heal|p2a: Sandy Shocks|79/267|[from] item: Leftovers\n|upkeep\n|\n|t:|1782814724\n|switch|p1a: Gastrodon|Gastrodon, L86, M|198/331\n|turn|51\n|\n|t:|1782814731\n|-end|p2a: Sandy Shocks|Protosynthesis|[silent]\n|switch|p2a: Wyrdeer|Wyrdeer, L87, M|103/321\n|-ability|p2a: Wyrdeer|Intimidate|boost\n|-unboost|p1a: Gastrodon|atk|1\n|move|p1a: Gastrodon|Surf|p2a: Wyrdeer\n|-damage|p2a: Wyrdeer|0 fnt\n|faint|p2a: Wyrdeer\n|\n|-heal|p1a: Gastrodon|218/331|[from] item: Leftovers\n|upkeep\n|\n|t:|1782814744\n|switch|p2a: Palkia|Palkia, L75|259/259\n|-ability|p2a: Palkia|Pressure\n|turn|52\n|\n|t:|1782814748\n|move|p2a: Palkia|Spacial Rend|p1a: Gastrodon\n|-damage|p1a: Gastrodon|77/331\n|move|p1a: Gastrodon|Recover|p1a: Gastrodon\n|-heal|p1a: Gastrodon|243/331\n|\n|-heal|p1a: Gastrodon|263/331|[from] item: Leftovers\n|upkeep\n|turn|53\n|\n|t:|1782814752\n|move|p2a: Palkia|Spacial Rend|p1a: Gastrodon\n|-damage|p1a: Gastrodon|101/331\n|move|p1a: Gastrodon|Recover|p1a: Gastrodon\n|-heal|p1a: Gastrodon|267/331\n|\n|-heal|p1a: Gastrodon|287/331|[from] item: Leftovers\n|upkeep\n|turn|54\n|\n|t:|1782814763\n|move|p2a: Palkia|Spacial Rend|p1a: Gastrodon\n|-damage|p1a: Gastrodon|142/331\n|move|p1a: Gastrodon|Earthquake|p2a: Palkia\n|-damage|p2a: Palkia|196/259\n|\n|-heal|p1a: Gastrodon|162/331|[from] item: Leftovers\n|upkeep\n|turn|55\n|\n|t:|1782814768\n|move|p2a: Palkia|Spacial Rend|p1a: Gastrodon\n|-damage|p1a: Gastrodon|17/331\n|move|p1a: Gastrodon|Earthquake|p2a: Palkia\n|-damage|p2a: Palkia|123/259\n|\n|-heal|p1a: Gastrodon|37/331|[from] item: Leftovers\n|upkeep\n|turn|56\n|\n|t:|1782814772\n|move|p2a: Palkia|Spacial Rend|p1a: Gastrodon\n|-damage|p1a: Gastrodon|0 fnt\n|faint|p1a: Gastrodon\n|\n|upkeep\n|\n|t:|1782814774\n|switch|p1a: Krookodile|Krookodile, L79, M, tera:Poison|182/280\n|-ability|p1a: Krookodile|Intimidate|boost\n|-unboost|p2a: Palkia|atk|1\n|turn|57\n|\n|t:|1782814783\n|move|p2a: Palkia|Thunder Wave|p1a: Krookodile\n|-status|p1a: Krookodile|par\n|move|p1a: Krookodile|Earthquake|p2a: Palkia\n|-damage|p2a: Palkia|0 fnt\n|faint|p2a: Palkia\n|-damage|p1a: Krookodile|154/280 par|[from] item: Life Orb\n|\n|upkeep\n|\n|t:|1782814788\n|switch|p2a: Sandy Shocks|Sandy Shocks, L80|79/267\n|turn|58\n|\n|t:|1782814791\n|move|p2a: Sandy Shocks|Earth Power|p1a: Krookodile\n|-supereffective|p1a: Krookodile\n|-damage|p1a: Krookodile|0 fnt\n|faint|p1a: Krookodile\n|\n|-heal|p2a: Sandy Shocks|95/267|[from] item: Leftovers\n|upkeep\n|\n|t:|1782814793\n|switch|p1a: Mimikyu|Mimikyu, L79, M|216/216\n|turn|59\n|\n|t:|1782814800\n|move|p2a: Sandy Shocks|Thunderbolt|p1a: Mimikyu\n|-activate|p1a: Mimikyu|ability: Disguise\n|-damage|p1a: Mimikyu|216/216\n|-status|p1a: Mimikyu|par\n|detailschange|p1a: Mimikyu|Mimikyu-Busted, L79, M\n|-damage|p1a: Mimikyu|189/216 par|[from] pokemon: Mimikyu-Busted\n|move|p1a: Mimikyu|Play Rough|p2a: Sandy Shocks\n|-damage|p2a: Sandy Shocks|0 fnt\n|faint|p2a: Sandy Shocks\n|-end|p2a: Sandy Shocks|Protosynthesis|[silent]\n|-damage|p1a: Mimikyu|168/216 par|[from] item: Life Orb\n|\n|win|SquadLeCuisto\n", "inputlog": ">version f8ac14003a5f27e1bdc8d8c59608a773c1cb96e5\n>start {\"formatid\":\"gen9randombattle\",\"seed\":\"sodium,179822bde429425a00e7358a69179e2c\",\"rated\":\"Rated battle\"}\n>player p1 {\"name\":\"SquadLeCuisto\",\"avatar\":\"102\",\"rating\":2096,\"seed\":\"sodium,78be9f08bd00aa1d103db902a8cd7da1\"}\n>player p2 {\"name\":\"IceColdAcer\",\"avatar\":\"acetrainer\",\"rating\":2064,\"seed\":\"sodium,862e5f89cea23f82abfb6779779a97ba\"}\n>p1 switch 4\n>p2 move thunderwave\n>p1 move stealthrock\n>p2 switch 3\n>p1 switch 4\n>p2 move dragondance\n>p1 move willowisp\n>p2 move dragondance\n>p1 move knockoff\n>p2 move dragondance\n>p1 switch 5\n>p2 move roost\n>p1 move clearsmog\n>p2 move roost\n>p1 move surf\n>p2 move dragondance\n>p1 move clearsmog\n>p2 move earthquake\n>p1 move surf\n>p2 move roost\n>p1 move surf\n>p2 move dragondance\n>p1 move clearsmog\n>p2 move outrage\n>p1 move recover\n>p2 move outrage\n>p1 move surf\n>p2 move outrage\n>p2 switch 2\n>p1 switch 5\n>p2 move swordsdance\n>p1 move willowisp\n>p2 move earthquake\n>p1 switch 3\n>p2 move swordsdance\n>p1 move haze\n>p2 move knockoff\n>p1 move recover\n>p2 move swordsdance\n>p1 move haze\n>p2 move earthquake\n>p1 move recover\n>p2 move swordsdance\n>p1 move haze\n>p2 move earthquake\n>p1 switch 4\n>p2 move swordsdance\n>p1 move gunkshot terastallize\n>p2 move petalblizzard\n>p2 switch 5\n>p1 switch 5\n>p2 move earthpower\n>p1 move recover\n>p2 switch 4\n>p1 move surf\n>p2 move bravebird\n>p1 move surf\n>p2 move defog\n>p1 move surf\n>p2 move roost\n>p1 move surf\n>p2 move roost\n>p1 move surf\n>p2 move bravebird\n>p1 move recover\n>p2 move roost\n>p1 move surf\n>p2 move bravebird\n>p1 move earthquake\n>p2 move roost\n>p1 move recover\n>p2 move roost\n>p1 switch 4\n>p2 move bravebird\n>p1 move recover\n>p2 move bravebird\n>p1 move recover\n>p2 move uturn\n>p2 switch 4\n>p1 move liquidation\n>p2 move stealthrock\n>p1 move liquidation\n>p2 move thunderbolt\n>p1 switch 3\n>p2 move earthpower\n>p1 switch 2\n>p1 move rapidspin\n>p2 switch 4\n>p1 move knockoff\n>p2 move bravebird\n>p1 switch 3\n>p2 move bravebird\n>p1 switch 4\n>p2 move bravebird\n>p1 move earthquake\n>p2 move uturn\n>p2 switch 3\n>p1 switch 3\n>p2 move psychicnoise\n>p1 move knockoff\n>p2 move earthquake\n>p1 switch 5\n>p1 move knockoff\n>p2 switch 3\n>p2 switch 4\n>p1 switch 4\n>p2 move earthpower\n>p1 switch 3\n>p1 move surf\n>p2 switch 3\n>p2 switch 6\n>p1 move recover\n>p2 move spacialrend\n>p1 move recover\n>p2 move spacialrend\n>p1 move earthquake\n>p2 move spacialrend\n>p1 move earthquake\n>p2 move spacialrend\n>p1 move earthquake\n>p2 move spacialrend\n>p1 switch 4\n>p1 move earthquake\n>p2 move thunderwave\n>p2 switch 3\n>p1 move earthquake\n>p2 move earthpower\n>p1 switch 6\n>p1 move playrough\n>p2 move thunderbolt", "uploadtime": 1782814369, "views": 10, "formatid": "gen9randombattle", "rating": null, "private": 0, "password": null, "player_dets": [{"name": "SquadLeCuisto", "avatar": "102", "rating": 2096, "seed": "sodium,78be9f08bd00aa1d103db902a8cd7da1"}, {"name": "IceColdAcer", "avatar": "acetrainer", "rating": 2064, "seed": "sodium,862e5f89cea23f82abfb6779779a97ba"}], "teams_full": [{"Incineroar": {"name": "Incineroar", "species": "Incineroar", "speciesId": "incineroar", "gender": "F", "shiny": false, "level": 82, "moves": ["knockoff", "closecombat", "flareblitz", "willowisp"], "ability": "Intimidate", "evs": {"hp": 85, "atk": 85, "def": 85, "spa": 85, "spd": 85, "spe": 85}, "ivs": {"hp": 31, "atk": 31, "def": 31, "spa": 31, "spd": 31, "spe": 31}, "item": "Heavy-Duty Boots", "teraType": "Water", "role": "Fast Attacker", "bvs": {"hp": 95, "atk": 115, "def": 90, "spa": 80, "spd": 90, "spe": 60}, "stats": {"hp": 290, "atk": 236, "def": 195, "spa": 178, "spd": 195, "spe": 146}, "types": ["Fire", "Dark"]}, "Komala": {"name": "Komala", "species": "Komala", "speciesId": "komala", "gender": "F", "shiny": false, "level": 88, "moves": ["knockoff", "earthquake", "bodyslam", "rapidspin"], "ability": "Comatose", "evs": {"hp": 85, "atk": 85, "def": 85, "spa": 85, "spd": 85, "spe": 85}, "ivs": {"hp": 31, "atk": 31, "def": 31, "spa": 31, "spd": 31, "spe": 31}, "item": "Assault Vest", "teraType": "Ghost", "role": "Bulky Support", "bvs": {"hp": 65, "atk": 115, "def": 65, "spa": 75, "spd": 95, "spe": 65}, "stats": {"hp": 258, "atk": 253, "def": 165, "spa": 182, "spd": 217, "spe": 165}, "types": ["Normal"]}, "Toxapex": {"name": "Toxapex", "species": "Toxapex", "speciesId": "toxapex", "gender": "F", "shiny": false, "level": 82, "moves": ["recover", "haze", "toxicspikes", "liquidation"], "ability": "Regenerator", "evs": {"hp": 85, "atk": 85, "def": 85, "spa": 85, "spd": 85, "spe": 85}, "ivs": {"hp": 31, "atk": 31, "def": 31, "spa": 31, "spd": 31, "spe": 31}, "item": "Leftovers", "teraType": "Flying", "role": "Bulky Support", "bvs": {"hp": 50, "atk": 63, "def": 152, "spa": 53, "spd": 142, "spe": 35}, "stats": {"hp": 216, "atk": 150, "def": 296, "spa": 134, "spd": 280, "spe": 105}, "types": ["Poison", "Water"]}, "Krookodile": {"name": "Krookodile", "species": "Krookodile", "speciesId": "krookodile", "gender": "M", "shiny": false, "level": 79, "moves": ["gunkshot", "earthquake", "knockoff", "stealthrock"], "ability": "Intimidate", "evs": {"hp": 85, "atk": 85, "def": 85, "spa": 85, "spd": 85, "spe": 85}, "ivs": {"hp": 31, "atk": 31, "def": 31, "spa": 31, "spd": 31, "spe": 31}, "item": "Life Orb", "teraType": "Poison", "role": "Fast Attacker", "bvs": {"hp": 95, "atk": 117, "def": 80, "spa": 65, "spd": 70, "spe": 92}, "stats": {"hp": 280, "atk": 230, "def": 172, "spa": 148, "spd": 156, "spe": 191}, "types": ["Ground", "Dark"]}, "Gastrodon": {"name": "Gastrodon", "species": "Gastrodon", "speciesId": "gastrodon", "gender": "M", "shiny": false, "level": 86, "moves": ["clearsmog", "surf", "recover", "earthquake"], "ability": "Storm Drain", "evs": {"hp": 85, "atk": 85, "def": 85, "spa": 85, "spd": 85, "spe": 85}, "ivs": {"hp": 31, "atk": 31, "def": 31, "spa": 31, "spd": 31, "spe": 31}, "item": "Leftovers", "teraType": "Steel", "role": "Bulky Attacker", "bvs": {"hp": 111, "atk": 83, "def": 68, "spa": 92, "spd": 82, "spe": 39}, "stats": {"hp": 331, "atk": 192, "def": 166, "spa": 207, "spd": 190, "spe": 116}, "types": ["Water", "Ground"]}, "Mimikyu": {"name": "Mimikyu", "species": "Mimikyu", "speciesId": "mimikyu", "gender": "M", "shiny": false, "level": 79, "moves": ["playrough", "shadowsneak", "swordsdance", "drainpunch"], "ability": "Disguise", "evs": {"hp": 85, "atk": 85, "def": 85, "spa": 85, "spd": 85, "spe": 85}, "ivs": {"hp": 31, "atk": 31, "def": 31, "spa": 31, "spd": 31, "spe": 31}, "item": "Life Orb", "teraType": "Fairy", "role": "Setup Sweeper", "bvs": {"hp": 55, "atk": 90, "def": 80, "spa": 50, "spd": 105, "spe": 96}, "stats": {"hp": 216, "atk": 188, "def": 172, "spa": 125, "spd": 211, "spe": 197}, "types": ["Ghost", "Fairy"]}}, {"Wyrdeer": {"name": "Wyrdeer", "species": "Wyrdeer", "speciesId": "wyrdeer", "gender": "M", "shiny": false, "level": 87, "moves": ["psychicnoise", "megahorn", "earthquake", "thunderwave"], "ability": "Intimidate", "evs": {"hp": 85, "atk": 85, "def": 85, "spa": 85, "spd": 85, "spe": 85}, "ivs": {"hp": 31, "atk": 31, "def": 31, "spa": 31, "spd": 31, "spe": 31}, "item": "Leftovers", "teraType": "Ground", "role": "Bulky Attacker", "bvs": {"hp": 103, "atk": 105, "def": 72, "spa": 105, "spd": 75, "spe": 65}, "stats": {"hp": 321, "atk": 232, "def": 175, "spa": 232, "spd": 180, "spe": 163}, "types": ["Normal", "Psychic"]}, "Meganium": {"name": "Meganium", "species": "Meganium", "speciesId": "meganium", "gender": "F", "shiny": false, "level": 90, "moves": ["petalblizzard", "swordsdance", "knockoff", "earthquake"], "ability": "Overgrow", "evs": {"hp": 85, "atk": 85, "def": 85, "spa": 85, "spd": 85, "spe": 85}, "ivs": {"hp": 31, "atk": 31, "def": 31, "spa": 31, "spd": 31, "spe": 31}, "item": "Leftovers", "teraType": "Steel", "role": "Bulky Setup", "bvs": {"hp": 80, "atk": 82, "def": 100, "spa": 83, "spd": 100, "spe": 80}, "stats": {"hp": 290, "atk": 199, "def": 231, "spa": 201, "spd": 231, "spe": 195}, "types": ["Grass"]}, "Dragonite": {"name": "Dragonite", "species": "Dragonite", "speciesId": "dragonite", "gender": "M", "shiny": false, "level": 74, "moves": ["dragondance", "roost", "outrage", "earthquake"], "ability": "Multiscale", "evs": {"hp": 85, "atk": 85, "def": 85, "spa": 85, "spd": 85, "spe": 85}, "ivs": {"hp": 31, "atk": 31, "def": 31, "spa": 31, "spd": 31, "spe": 31}, "item": "Heavy-Duty Boots", "teraType": "Steel", "role": "Bulky Setup", "bvs": {"hp": 91, "atk": 134, "def": 95, "spa": 100, "spd": 100, "spe": 80}, "stats": {"hp": 257, "atk": 241, "def": 184, "spa": 191, "spd": 191, "spe": 161}, "types": ["Dragon", "Flying"]}, "Corviknight": {"name": "Corviknight", "species": "Corviknight", "speciesId": "corviknight", "gender": "F", "shiny": false, "level": 80, "moves": ["defog", "bravebird", "uturn", "roost"], "ability": "Pressure", "evs": {"hp": 85, "atk": 85, "def": 85, "spa": 85, "spd": 85, "spe": 85}, "ivs": {"hp": 31, "atk": 31, "def": 31, "spa": 31, "spd": 31, "spe": 31}, "item": "Leftovers", "teraType": "Dragon", "role": "Bulky Support", "bvs": {"hp": 98, "atk": 87, "def": 105, "spa": 53, "spd": 85, "spe": 67}, "stats": {"hp": 288, "atk": 185, "def": 214, "spa": 131, "spd": 182, "spe": 153}, "types": ["Flying", "Steel"]}, "Sandy Shocks": {"name": "Sandy Shocks", "species": "Sandy Shocks", "speciesId": "sandyshocks", "gender": "N", "shiny": false, "level": 80, "moves": ["earthpower", "stealthrock", "thunderbolt", "spikes"], "ability": "Protosynthesis", "evs": {"hp": 85, "atk": 0, "def": 85, "spa": 85, "spd": 85, "spe": 85}, "ivs": {"hp": 31, "atk": 0, "def": 31, "spa": 31, "spd": 31, "spe": 31}, "item": "Leftovers", "teraType": "Grass", "role": "Fast Support", "bvs": {"hp": 85, "atk": 81, "def": 97, "spa": 121, "spd": 85, "spe": 101}, "stats": {"hp": 267, "atk": 134, "def": 201, "spa": 240, "spd": 182, "spe": 208}, "types": ["Electric", "Ground"]}, "Palkia": {"name": "Palkia", "species": "Palkia", "speciesId": "palkia", "gender": "N", "shiny": false, "level": 75, "moves": ["hydropump", "spacialrend", "thunderwave", "fireblast"], "ability": "Pressure", "evs": {"hp": 85, "atk": 0, "def": 85, "spa": 85, "spd": 85, "spe": 85}, "ivs": {"hp": 31, "atk": 0, "def": 31, "spa": 31, "spd": 31, "spe": 31}, "item": "Lustrous Orb", "teraType": "Water", "role": "Bulky Attacker", "bvs": {"hp": 90, "atk": 120, "def": 100, "spa": 150, "spd": 120, "spe": 100}, "stats": {"hp": 259, "atk": 185, "def": 194, "spa": 269, "spd": 224, "spe": 194}, "types": ["Water", "Dragon"]}}]}