{"id": "gen9randombattle-2641576611", "format": "[Gen 9] Random Battle", "players": ["sarodiya", "Victory2000"], "log": "|badge|p1|bronze|gen9randombattle|100-9\n|html|<div class=\"broadcast-red\"><strong>This battle is required to be public due to one or more player having a season medal.</strong><br />During the public phase, you can discuss the state of the ladder <a href=\"/seasondiscussion\">in a special chatroom.</a></div>\n|uhtml|medal-msg|<div class=\"broadcast-blue\">Curious what those medals under the avatar are? PS now has Ladder Seasons! For more information, check out the <a href=\"https://www.smogon.com/forums/threads/3740067/\">thread on Smogon.</a></div>\n|j|\u2606sarodiya\n|j|\u2606Victory2000\n|t:|1782811568\n|gametype|singles\n|player|p1|sarodiya|265|2240\n|player|p2|Victory2000|hiker-gen4|2311\n|gen|9\n|tier|[Gen 9] Random Battle\n|rated|\n|rule|Species Clause: Limit one of each Pok\u00e9mon\n|rule|HP Percentage Mod: HP is shown in percentages\n|rule|Sleep Clause Mod: Limit one foe put to sleep\n|rule|Illusion Level Mod: Illusion disguises the Pok\u00e9mon's true level\n|\n|t:|1782811568\n|teamsize|p1|6\n|teamsize|p2|6\n|start\n|switch|p1a: Jirachi|Jirachi, L80|291/291\n|switch|p2a: Arboliva|Arboliva, L91, F|288/288\n|turn|1\n|inactive|Battle timer is ON: inactive players will automatically lose when time's up. (requested by sarodiya)\n|\n|t:|1782811580\n|move|p2a: Arboliva|Protect|p2a: Arboliva\n|-singleturn|p2a: Arboliva|Protect\n|move|p1a: Jirachi|U-turn|p2a: Arboliva\n|-activate|p2a: Arboliva|move: Protect\n|\n|upkeep\n|turn|2\n|\n|t:|1782811586\n|move|p1a: Jirachi|U-turn|p2a: Arboliva\n|-supereffective|p2a: Arboliva\n|-damage|p2a: Arboliva|202/288\n|\n|t:|1782811589\n|switch|p1a: Arboliva|Arboliva, L91, F|290/290|[from] U-turn\n|move|p2a: Arboliva|Hyper Voice|p1a: Arboliva\n|-damage|p1a: Arboliva|179/290\n|-fieldstart|move: Grassy Terrain|[from] ability: Seed Sower|[of] p1a: Arboliva\n|\n|-heal|p1a: Arboliva|197/290|[from] Grassy Terrain\n|-heal|p2a: Arboliva|220/288|[from] Grassy Terrain\n|-heal|p1a: Arboliva|215/290|[from] item: Leftovers\n|upkeep\n|turn|3\n|\n|t:|1782811599\n|move|p2a: Arboliva|Hyper Voice|p1a: Arboliva\n|-damage|p1a: Arboliva|104/290\n|move|p1a: Arboliva|Hyper Voice|p2a: Arboliva\n|-damage|p2a: Arboliva|121/288\n|-enditem|p2a: Arboliva|Sitrus Berry|[eat]\n|-heal|p2a: Arboliva|193/288|[from] item: Sitrus Berry\n|\n|-heal|p1a: Arboliva|122/290|[from] Grassy Terrain\n|-heal|p2a: Arboliva|211/288|[from] Grassy Terrain\n|-heal|p1a: Arboliva|140/290|[from] item: Leftovers\n|upkeep\n|turn|4\n|\n|t:|1782811608\n|move|p1a: Arboliva|Strength Sap|p2a: Arboliva\n|-unboost|p2a: Arboliva|atk|1\n|-heal|p1a: Arboliva|270/290\n|move|p2a: Arboliva|Hyper Voice|p1a: Arboliva\n|-damage|p1a: Arboliva|156/290\n|\n|-heal|p1a: Arboliva|174/290|[from] Grassy Terrain\n|-heal|p2a: Arboliva|229/288|[from] Grassy Terrain\n|-heal|p1a: Arboliva|192/290|[from] item: Leftovers\n|-item|p2a: Arboliva|Sitrus Berry|[from] ability: Harvest\n|upkeep\n|turn|5\n|\n|t:|1782811620\n|switch|p1a: Corviknight|Corviknight, L80, F|288/288\n|move|p2a: Arboliva|Substitute|p2a: Arboliva\n|-start|p2a: Arboliva|Substitute\n|-damage|p2a: Arboliva|157/288\n|\n|-heal|p2a: Arboliva|175/288|[from] Grassy Terrain\n|upkeep\n|turn|6\n|\n|t:|1782811627\n|move|p1a: Corviknight|Brave Bird|p2a: Arboliva\n|-supereffective|p2a: Arboliva\n|-end|p2a: Arboliva|Substitute\n|-damage|p1a: Corviknight|264/288|[from] Recoil|[of] p2a: Arboliva\n|move|p2a: Arboliva|Leech Seed|p1a: Corviknight\n|-start|p1a: Corviknight|move: Leech Seed\n|\n|-heal|p1a: Corviknight|282/288|[from] item: Leftovers\n|-heal|p2a: Arboliva|193/288|[from] Grassy Terrain\n|-damage|p1a: Corviknight|246/288|[from] Leech Seed|[of] p2a: Arboliva\n|-heal|p2a: Arboliva|229/288|[silent]\n|-fieldend|move: Grassy Terrain\n|upkeep\n|turn|7\n|\n|t:|1782811633\n|switch|p2a: Torkoal|Torkoal, L88, M|266/266\n|-weather|SunnyDay|[from] ability: Drought|[of] p2a: Torkoal\n|move|p1a: Corviknight|U-turn|p2a: Torkoal\n|-resisted|p2a: Torkoal\n|-damage|p2a: Torkoal|252/266\n|\n|t:|1782811639\n|switch|p1a: Gumshoos|Gumshoos, L95, F|321/321|[from] U-turn\n|\n|-weather|SunnyDay|[upkeep]\n|upkeep\n|turn|8\n|\n|t:|1782811646\n|switch|p2a: Hippowdon|Hippowdon, L82, F|311/311\n|-weather|Sandstorm|[from] ability: Sand Stream|[of] p2a: Hippowdon\n|move|p1a: Gumshoos|Earthquake|p2a: Hippowdon\n|-damage|p2a: Hippowdon|77/311\n|\n|-weather|Sandstorm|[upkeep]\n|-damage|p1a: Gumshoos|301/321|[from] Sandstorm\n|upkeep\n|turn|9\n|j| NotPeeThatSquirtle\n|\n|t:|1782811654\n|switch|p2a: Cryogonal|Cryogonal, L89|287/287\n|move|p1a: Gumshoos|Earthquake|p2a: Cryogonal\n|-immune|p2a: Cryogonal|[from] ability: Levitate\n|\n|-weather|Sandstorm|[upkeep]\n|-damage|p2a: Cryogonal|270/287|[from] Sandstorm\n|-damage|p1a: Gumshoos|281/321|[from] Sandstorm\n|upkeep\n|turn|10\n|\n|t:|1782811657\n|switch|p2a: Hippowdon|Hippowdon, L82, F|77/311\n|switch|p1a: Jirachi|Jirachi, L80|291/291\n|\n|-weather|Sandstorm|[upkeep]\n|upkeep\n|turn|11\n|\n|t:|1782811668\n|switch|p2a: Cryogonal|Cryogonal, L89|270/287\n|move|p1a: Jirachi|Psychic|p2a: Cryogonal\n|-damage|p2a: Cryogonal|204/287\n|\n|-weather|Sandstorm|[upkeep]\n|-damage|p2a: Cryogonal|187/287|[from] Sandstorm\n|upkeep\n|turn|12\n|\n|t:|1782811672\n|switch|p1a: Gumshoos|Gumshoos, L95, F|281/321\n|move|p2a: Cryogonal|Recover|p2a: Cryogonal\n|-heal|p2a: Cryogonal|287/287\n|\n|-weather|none\n|upkeep\n|turn|13\n|\n|t:|1782811675\n|switch|p2a: Hippowdon|Hippowdon, L82, F|77/311\n|-weather|Sandstorm|[from] ability: Sand Stream|[of] p2a: Hippowdon\n|move|p1a: Gumshoos|Double-Edge|p2a: Hippowdon\n|-damage|p2a: Hippowdon|0 fnt\n|-damage|p1a: Gumshoos|228/321|[from] item: Rocky Helmet|[of] p2a: Hippowdon\n|faint|p2a: Hippowdon\n|-damage|p1a: Gumshoos|203/321|[from] Recoil\n|\n|-weather|Sandstorm|[upkeep]\n|-damage|p1a: Gumshoos|183/321|[from] Sandstorm\n|upkeep\n|\n|t:|1782811679\n|switch|p2a: Lycanroc|Lycanroc-Dusk, L81, F|254/254\n|turn|14\n|l| NotPeeThatSquirtle\n|\n|t:|1782811700\n|switch|p1a: Jirachi|Jirachi, L80|291/291\n|move|p2a: Lycanroc|Swords Dance|p2a: Lycanroc\n|-boost|p2a: Lycanroc|atk|2\n|\n|-weather|Sandstorm|[upkeep]\n|upkeep\n|turn|15\n|\n|t:|1782811705\n|move|p1a: Jirachi|U-turn|p2a: Lycanroc\n|-damage|p2a: Lycanroc|191/254\n|\n|t:|1782811713\n|switch|p1a: Gumshoos|Gumshoos, L95, F|183/321|[from] U-turn\n|move|p2a: Lycanroc|Close Combat|p1a: Gumshoos\n|-supereffective|p1a: Gumshoos\n|-damage|p1a: Gumshoos|0 fnt\n|-unboost|p2a: Lycanroc|def|1\n|-unboost|p2a: Lycanroc|spd|1\n|faint|p1a: Gumshoos\n|-damage|p2a: Lycanroc|166/254|[from] item: Life Orb\n|\n|-weather|Sandstorm|[upkeep]\n|upkeep\n|\n|t:|1782811714\n|switch|p1a: Jirachi|Jirachi, L80|291/291\n|turn|16\n|\n|t:|1782811719\n|switch|p2a: Torkoal|Torkoal, L88, M|252/266\n|-weather|SunnyDay|[from] ability: Drought|[of] p2a: Torkoal\n|move|p1a: Jirachi|U-turn|p2a: Torkoal\n|-resisted|p2a: Torkoal\n|-damage|p2a: Torkoal|237/266\n|\n|t:|1782811724\n|switch|p1a: Whiscash|Whiscash, L88, M|337/337|[from] U-turn\n|\n|-weather|SunnyDay|[upkeep]\n|upkeep\n|turn|17\n|\n|t:|1782811728\n|move|p1a: Whiscash|Earthquake|p2a: Torkoal\n|-supereffective|p2a: Torkoal\n|-damage|p2a: Torkoal|97/266\n|move|p2a: Torkoal|Solar Beam||[still]\n|-prepare|p2a: Torkoal|Solar Beam\n|-anim|p2a: Torkoal|Solar Beam|p1a: Whiscash\n|-supereffective|p1a: Whiscash\n|-damage|p1a: Whiscash|0 fnt\n|faint|p1a: Whiscash\n|\n|-weather|SunnyDay|[upkeep]\n|upkeep\n|\n|t:|1782811735\n|switch|p1a: Arboliva|Arboliva, L91, F|192/290\n|turn|18\n|\n|t:|1782811739\n|switch|p2a: Arboliva|Arboliva, L91, F|229/288\n|move|p1a: Arboliva|Hyper Voice|p2a: Arboliva\n|-damage|p2a: Arboliva|129/288\n|-enditem|p2a: Arboliva|Sitrus Berry|[eat]\n|-heal|p2a: Arboliva|201/288|[from] item: Sitrus Berry\n|\n|-weather|SunnyDay|[upkeep]\n|-heal|p1a: Arboliva|210/290|[from] item: Leftovers\n|-item|p2a: Arboliva|Sitrus Berry|[from] ability: Harvest\n|upkeep\n|turn|19\n|\n|t:|1782811747\n|switch|p1a: Corviknight|Corviknight, L80, F|246/288\n|move|p2a: Arboliva|Substitute|p2a: Arboliva\n|-start|p2a: Arboliva|Substitute\n|-damage|p2a: Arboliva|129/288\n|-enditem|p2a: Arboliva|Sitrus Berry|[eat]\n|-heal|p2a: Arboliva|201/288|[from] item: Sitrus Berry\n|\n|-weather|SunnyDay|[upkeep]\n|-heal|p1a: Corviknight|264/288|[from] item: Leftovers\n|-item|p2a: Arboliva|Sitrus Berry|[from] ability: Harvest\n|upkeep\n|turn|20\n|\n|t:|1782811751\n|move|p2a: Arboliva|Protect|p2a: Arboliva\n|-singleturn|p2a: Arboliva|Protect\n|move|p1a: Corviknight|Brave Bird|p2a: Arboliva\n|-activate|p2a: Arboliva|move: Protect\n|\n|-weather|none\n|-heal|p1a: Corviknight|282/288|[from] item: Leftovers\n|upkeep\n|turn|21\n|\n|t:|1782811755\n|move|p1a: Corviknight|U-turn|p2a: Arboliva\n|-supereffective|p2a: Arboliva\n|-crit|p2a: Arboliva\n|-end|p2a: Arboliva|Substitute\n|\n|t:|1782811757\n|switch|p1a: Arboliva|Arboliva, L91, F|210/290|[from] U-turn\n|move|p2a: Arboliva|Leech Seed|p1a: Arboliva\n|-immune|p1a: Arboliva\n|\n|-heal|p1a: Arboliva|228/290|[from] item: Leftovers\n|upkeep\n|turn|22\n|\n|t:|1782811761\n|move|p2a: Arboliva|Hyper Voice|p1a: Arboliva\n|-damage|p1a: Arboliva|120/290\n|-fieldstart|move: Grassy Terrain|[from] ability: Seed Sower|[of] p1a: Arboliva\n|move|p1a: Arboliva|Hyper Voice|p2a: Arboliva\n|-damage|p2a: Arboliva|89/288\n|-enditem|p2a: Arboliva|Sitrus Berry|[eat]\n|-heal|p2a: Arboliva|161/288|[from] item: Sitrus Berry\n|\n|-heal|p1a: Arboliva|138/290|[from] Grassy Terrain\n|-heal|p2a: Arboliva|179/288|[from] Grassy Terrain\n|-heal|p1a: Arboliva|156/290|[from] item: Leftovers\n|upkeep\n|turn|23\n|\n|t:|1782811765\n|move|p1a: Arboliva|Strength Sap|p2a: Arboliva\n|-unboost|p2a: Arboliva|atk|1\n|-heal|p1a: Arboliva|286/290\n|move|p2a: Arboliva|Hyper Voice|p1a: Arboliva\n|-damage|p1a: Arboliva|181/290\n|\n|-heal|p2a: Arboliva|197/288|[from] Grassy Terrain\n|-heal|p1a: Arboliva|199/290|[from] Grassy Terrain\n|-heal|p1a: Arboliva|217/290|[from] item: Leftovers\n|-item|p2a: Arboliva|Sitrus Berry|[from] ability: Harvest\n|upkeep\n|turn|24\n|\n|t:|1782811768\n|switch|p1a: Corviknight|Corviknight, L80, F|282/288\n|move|p2a: Arboliva|Hyper Voice|p1a: Corviknight\n|-resisted|p1a: Corviknight\n|-crit|p1a: Corviknight\n|-damage|p1a: Corviknight|163/288\n|\n|-heal|p1a: Corviknight|181/288|[from] item: Leftovers\n|-heal|p2a: Arboliva|215/288|[from] Grassy Terrain\n|upkeep\n|turn|25\n|\n|t:|1782811774\n|switch|p2a: Torkoal|Torkoal, L88, M|97/266\n|-weather|SunnyDay|[from] ability: Drought|[of] p2a: Torkoal\n|move|p1a: Corviknight|Brave Bird|p2a: Torkoal\n|-damage|p2a: Torkoal|27/266\n|-damage|p1a: Corviknight|158/288|[from] Recoil\n|\n|-weather|SunnyDay|[upkeep]\n|-heal|p1a: Corviknight|176/288|[from] item: Leftovers\n|-heal|p2a: Torkoal|43/266|[from] Grassy Terrain\n|upkeep\n|turn|26\n|\n|t:|1782811786\n|switch|p2a: Cryogonal|Cryogonal, L89|287/287\n|move|p1a: Corviknight|Brave Bird|p2a: Cryogonal\n|-damage|p2a: Cryogonal|130/287\n|-damage|p1a: Corviknight|124/288|[from] Recoil\n|\n|-weather|SunnyDay|[upkeep]\n|-heal|p1a: Corviknight|142/288|[from] item: Leftovers\n|-fieldend|move: Grassy Terrain\n|upkeep\n|turn|27\n|\n|t:|1782811794\n|move|p2a: Cryogonal|Recover|p2a: Cryogonal\n|-heal|p2a: Cryogonal|274/287\n|move|p1a: Corviknight|Roost|p1a: Corviknight\n|-heal|p1a: Corviknight|286/288\n|-singleturn|p1a: Corviknight|move: Roost\n|\n|-weather|SunnyDay|[upkeep]\n|-heal|p1a: Corviknight|288/288|[from] item: Leftovers\n|upkeep\n|turn|28\n|\n|t:|1782811796\n|move|p2a: Cryogonal|Freeze-Dry|p1a: Corviknight\n|-damage|p1a: Corviknight|195/288\n|move|p1a: Corviknight|U-turn|p2a: Cryogonal\n|-crit|p2a: Cryogonal\n|-damage|p2a: Cryogonal|190/287\n|\n|t:|1782811801\n|switch|p1a: Passimian|Passimian, L83, M|302/302|[from] U-turn\n|\n|-weather|SunnyDay|[upkeep]\n|upkeep\n|turn|29\n|\n|t:|1782811820\n|move|p2a: Cryogonal|Freeze-Dry|p1a: Passimian\n|-damage|p1a: Passimian|199/302\n|move|p1a: Passimian|Bulk Up|p1a: Passimian\n|-boost|p1a: Passimian|atk|1\n|-boost|p1a: Passimian|def|1\n|\n|-weather|none\n|-heal|p1a: Passimian|217/302|[from] item: Leftovers\n|upkeep\n|turn|30\n|\n|t:|1782811825\n|move|p2a: Cryogonal|Haze|p2a: Cryogonal\n|-clearallboost\n|move|p1a: Passimian|Drain Punch|p2a: Cryogonal\n|-supereffective|p2a: Cryogonal\n|-damage|p2a: Cryogonal|0 fnt\n|-heal|p1a: Passimian|302/302|[from] drain|[of] p2a: Cryogonal\n|faint|p2a: Cryogonal\n|\n|upkeep\n|\n|t:|1782811842\n|switch|p2a: Lycanroc|Lycanroc-Dusk, L81, F|166/254\n|turn|31\n|\n|t:|1782811847\n|switch|p1a: Jirachi|Jirachi, L80|291/291\n|-terastallize|p2a: Lycanroc|Fighting\n|move|p2a: Lycanroc|Swords Dance|p2a: Lycanroc\n|-boost|p2a: Lycanroc|atk|2\n|\n|upkeep\n|turn|32\n|\n|t:|1782811852\n|switch|p2a: Arboliva|Arboliva, L91, F|215/288\n|move|p1a: Jirachi|Psychic|p2a: Arboliva\n|-damage|p2a: Arboliva|143/288\n|-enditem|p2a: Arboliva|Sitrus Berry|[eat]\n|-heal|p2a: Arboliva|215/288|[from] item: Sitrus Berry\n|\n|upkeep\n|turn|33\n|\n|t:|1782811857\n|switch|p1a: Corviknight|Corviknight, L80, F|195/288\n|move|p2a: Arboliva|Leech Seed|p1a: Corviknight\n|-start|p1a: Corviknight|move: Leech Seed\n|\n|-heal|p1a: Corviknight|213/288|[from] item: Leftovers\n|-damage|p1a: Corviknight|177/288|[from] Leech Seed|[of] p2a: Arboliva\n|-heal|p2a: Arboliva|251/288|[silent]\n|upkeep\n|turn|34\n|\n|t:|1782811865\n|switch|p1a: Passimian|Passimian, L83, M|302/302\n|move|p2a: Arboliva|Hyper Voice|p1a: Passimian\n|-damage|p1a: Passimian|110/302\n|\n|-heal|p1a: Passimian|128/302|[from] item: Leftovers\n|-item|p2a: Arboliva|Sitrus Berry|[from] ability: Harvest\n|upkeep\n|turn|35\n|\n|t:|1782811872\n|switch|p2a: Torkoal|Torkoal, L88, M|43/266\n|-weather|SunnyDay|[from] ability: Drought|[of] p2a: Torkoal\n|move|p1a: Passimian|Drain Punch|p2a: Torkoal\n|-crit|p2a: Torkoal\n|-damage|p2a: Torkoal|0 fnt\n|-heal|p1a: Passimian|150/302|[from] drain|[of] p2a: Torkoal\n|faint|p2a: Torkoal\n|\n|-weather|SunnyDay|[upkeep]\n|-heal|p1a: Passimian|168/302|[from] item: Leftovers\n|upkeep\n|\n|t:|1782811873\n|switch|p2a: Lycanroc|Lycanroc-Dusk, L81, F, tera:Fighting|166/254\n|turn|36\n|\n|t:|1782811894\n|switch|p1a: Jirachi|Jirachi, L80|291/291\n|move|p2a: Lycanroc|Close Combat|p1a: Jirachi\n|-damage|p1a: Jirachi|87/291\n|-unboost|p2a: Lycanroc|def|1\n|-unboost|p2a: Lycanroc|spd|1\n|-damage|p2a: Lycanroc|141/254|[from] item: Life Orb\n|\n|-weather|SunnyDay|[upkeep]\n|upkeep\n|turn|37\n|\n|t:|1782811900\n|move|p1a: Jirachi|U-turn|p2a: Lycanroc\n|-resisted|p2a: Lycanroc\n|-damage|p2a: Lycanroc|96/254\n|\n|t:|1782811902\n|switch|p1a: Corviknight|Corviknight, L80, F|177/288|[from] U-turn\n|move|p2a: Lycanroc|Close Combat|p1a: Corviknight\n|-damage|p1a: Corviknight|0 fnt\n|-unboost|p2a: Lycanroc|def|1\n|-unboost|p2a: Lycanroc|spd|1\n|faint|p1a: Corviknight\n|-damage|p2a: Lycanroc|71/254|[from] item: Life Orb\n|\n|-weather|SunnyDay|[upkeep]\n|upkeep\n|\n|t:|1782811904\n|switch|p1a: Jirachi|Jirachi, L80|87/291\n|turn|38\n|\n|t:|1782811906\n|switch|p2a: Arboliva|Arboliva, L91, F|251/288\n|move|p1a: Jirachi|U-turn|p2a: Arboliva\n|-supereffective|p2a: Arboliva\n|-damage|p2a: Arboliva|159/288\n|\n|t:|1782811907\n|switch|p1a: Passimian|Passimian, L83, M|168/302|[from] U-turn\n|\n|-weather|SunnyDay|[upkeep]\n|-heal|p1a: Passimian|186/302|[from] item: Leftovers\n|upkeep\n|turn|39\n|\n|t:|1782811920\n|switch|p2a: Gogoat|Gogoat, L88, F|360/360\n|move|p1a: Passimian|Drain Punch|p2a: Gogoat\n|-damage|p2a: Gogoat|251/360\n|-heal|p1a: Passimian|241/302|[from] drain|[of] p2a: Gogoat\n|\n|-weather|none\n|-heal|p1a: Passimian|259/302|[from] item: Leftovers\n|-heal|p2a: Gogoat|273/360|[from] item: Leftovers\n|upkeep\n|turn|40\n|\n|t:|1782811926\n|move|p1a: Passimian|Bulk Up|p1a: Passimian\n|-boost|p1a: Passimian|atk|1\n|-boost|p1a: Passimian|def|1\n|move|p2a: Gogoat|Bulk Up|p2a: Gogoat\n|-boost|p2a: Gogoat|atk|1\n|-boost|p2a: Gogoat|def|1\n|\n|-heal|p1a: Passimian|277/302|[from] item: Leftovers\n|-heal|p2a: Gogoat|295/360|[from] item: Leftovers\n|upkeep\n|turn|41\n|\n|t:|1782811929\n|move|p1a: Passimian|Bulk Up|p1a: Passimian\n|-boost|p1a: Passimian|atk|1\n|-boost|p1a: Passimian|def|1\n|move|p2a: Gogoat|Bulk Up|p2a: Gogoat\n|-boost|p2a: Gogoat|atk|1\n|-boost|p2a: Gogoat|def|1\n|\n|-heal|p1a: Passimian|295/302|[from] item: Leftovers\n|-heal|p2a: Gogoat|317/360|[from] item: Leftovers\n|upkeep\n|turn|42\n|\n|t:|1782811931\n|move|p1a: Passimian|Bulk Up|p1a: Passimian\n|-boost|p1a: Passimian|atk|1\n|-boost|p1a: Passimian|def|1\n|move|p2a: Gogoat|Bulk Up|p2a: Gogoat\n|-boost|p2a: Gogoat|atk|1\n|-boost|p2a: Gogoat|def|1\n|\n|-heal|p1a: Passimian|302/302|[from] item: Leftovers\n|-heal|p2a: Gogoat|339/360|[from] item: Leftovers\n|upkeep\n|turn|43\n|\n|t:|1782811933\n|move|p1a: Passimian|Bulk Up|p1a: Passimian\n|-boost|p1a: Passimian|atk|1\n|-boost|p1a: Passimian|def|1\n|move|p2a: Gogoat|Bulk Up|p2a: Gogoat\n|-boost|p2a: Gogoat|atk|1\n|-boost|p2a: Gogoat|def|1\n|\n|-heal|p2a: Gogoat|360/360|[from] item: Leftovers\n|upkeep\n|turn|44\n|\n|t:|1782811938\n|move|p1a: Passimian|Bulk Up|p1a: Passimian\n|-boost|p1a: Passimian|atk|1\n|-boost|p1a: Passimian|def|1\n|move|p2a: Gogoat|Bulk Up|p2a: Gogoat\n|-boost|p2a: Gogoat|atk|1\n|-boost|p2a: Gogoat|def|1\n|\n|upkeep\n|turn|45\n|\n|t:|1782811940\n|move|p1a: Passimian|Bulk Up|p1a: Passimian\n|-boost|p1a: Passimian|atk|1\n|-boost|p1a: Passimian|def|1\n|move|p2a: Gogoat|Horn Leech|p1a: Passimian\n|-damage|p1a: Passimian|218/302\n|\n|-heal|p1a: Passimian|236/302|[from] item: Leftovers\n|upkeep\n|turn|46\n|\n|t:|1782811943\n|move|p1a: Passimian|Knock Off|p2a: Gogoat\n|-damage|p2a: Gogoat|246/360\n|-enditem|p2a: Gogoat|Leftovers|[from] move: Knock Off|[of] p1a: Passimian\n|move|p2a: Gogoat|Earthquake|p1a: Passimian\n|-damage|p1a: Passimian|163/302\n|\n|-heal|p1a: Passimian|181/302|[from] item: Leftovers\n|upkeep\n|turn|47\n|\n|t:|1782811945\n|move|p1a: Passimian|Drain Punch|p2a: Gogoat\n|-damage|p2a: Gogoat|107/360\n|-heal|p1a: Passimian|251/302|[from] drain|[of] p2a: Gogoat\n|move|p2a: Gogoat|Horn Leech|p1a: Passimian\n|-damage|p1a: Passimian|179/302\n|-heal|p2a: Gogoat|143/360|[from] drain|[of] p1a: Passimian\n|\n|-heal|p1a: Passimian|197/302|[from] item: Leftovers\n|upkeep\n|turn|48\n|\n|t:|1782811948\n|move|p1a: Passimian|Drain Punch|p2a: Gogoat\n|-damage|p2a: Gogoat|5/360\n|-heal|p1a: Passimian|266/302|[from] drain|[of] p2a: Gogoat\n|move|p2a: Gogoat|Milk Drink|p2a: Gogoat\n|-heal|p2a: Gogoat|185/360\n|\n|-heal|p1a: Passimian|284/302|[from] item: Leftovers\n|upkeep\n|turn|49\n|\n|t:|1782811950\n|move|p1a: Passimian|Gunk Shot|p2a: Gogoat\n|-supereffective|p2a: Gogoat\n|-damage|p2a: Gogoat|0 fnt\n|faint|p2a: Gogoat\n|\n|-heal|p1a: Passimian|302/302|[from] item: Leftovers\n|upkeep\n|\n|t:|1782811953\n|switch|p2a: Lycanroc|Lycanroc-Dusk, L81, F, tera:Fighting|71/254\n|turn|50\n|\n|t:|1782811956\n|move|p2a: Lycanroc|Close Combat|p1a: Passimian\n|-damage|p1a: Passimian|242/302\n|-unboost|p2a: Lycanroc|def|1\n|-unboost|p2a: Lycanroc|spd|1\n|-damage|p2a: Lycanroc|46/254|[from] item: Life Orb\n|move|p1a: Passimian|Drain Punch|p2a: Lycanroc\n|-damage|p2a: Lycanroc|0 fnt\n|-heal|p1a: Passimian|265/302|[from] drain|[of] p2a: Lycanroc\n|faint|p2a: Lycanroc\n|\n|-heal|p1a: Passimian|283/302|[from] item: Leftovers\n|upkeep\n|-message|Victory2000 forfeited.\n|\n|win|sarodiya\n", "inputlog": ">version f8ac14003a5f27e1bdc8d8c59608a773c1cb96e5\n>start {\"formatid\":\"gen9randombattle\",\"seed\":\"sodium,d3bcc24d9a2b1e2ba9ecf9f8eed3e7d8\",\"rated\":\"Rated battle\"}\n>player p1 {\"name\":\"sarodiya\",\"avatar\":\"265\",\"rating\":2240,\"seed\":\"sodium,cd64e67006b98a8212fd9651130706bd\"}\n>player p2 {\"name\":\"Victory2000\",\"avatar\":\"hiker-gen4\",\"rating\":2311,\"seed\":\"sodium,2e0f793a63823307f638e5319cd3884d\"}\n>p1 move uturn\n>p2 move protect\n>p1 move uturn\n>p2 move hypervoice\n>p1 switch 2\n>p1 move hypervoice\n>p2 move hypervoice\n>p1 move strengthsap\n>p2 move hypervoice\n>p1 switch 3\n>p2 move substitute\n>p1 move bravebird\n>p2 move leechseed\n>p1 move uturn\n>p2 switch 5\n>p1 switch 4\n>p1 move earthquake\n>p2 switch 6\n>p1 move earthquake\n>p2 switch 4\n>p1 switch 2\n>p2 switch 4\n>p1 move psychic\n>p2 switch 4\n>p1 switch 2\n>p2 move recover\n>p1 move doubleedge\n>p2 switch 4\n>p2 switch 3\n>p1 switch 2\n>p2 move swordsdance\n>p1 move uturn\n>p2 move closecombat\n>p1 switch 2\n>p1 switch 2\n>p1 move uturn\n>p2 switch 6\n>p1 switch 6\n>p1 move earthquake\n>p2 move solarbeam\n>p1 switch 3\n>p1 move hypervoice\n>p2 switch 5\n>p1 switch 4\n>p2 move substitute\n>p1 move bravebird\n>p2 move protect\n>p1 move uturn\n>p2 move leechseed\n>p1 switch 4\n>p1 move hypervoice\n>p2 move hypervoice\n>p1 move strengthsap\n>p2 move hypervoice\n>p1 switch 4\n>p2 move hypervoice\n>p1 move bravebird\n>p2 switch 5\n>p1 move bravebird\n>p2 switch 4\n>p1 move roost\n>p2 move recover\n>p1 move uturn\n>p2 move freezedry\n>p1 switch 5\n>p1 move bulkup\n>p2 move freezedry\n>p1 move drainpunch\n>p2 move haze\n>p2 switch 6\n>p1 switch 6\n>p2 move swordsdance terastallize\n>p1 move psychic\n>p2 switch 5\n>p1 switch 5\n>p2 move leechseed\n>p1 switch 6\n>p2 move hypervoice\n>p1 move drainpunch\n>p2 switch 4\n>p2 switch 5\n>p1 switch 5\n>p2 move closecombat\n>p1 move uturn\n>p2 move closecombat\n>p1 switch 6\n>p1 switch 6\n>p1 move uturn\n>p2 switch 4\n>p1 switch 5\n>p1 move drainpunch\n>p2 switch 2\n>p1 move bulkup\n>p2 move bulkup\n>p1 move bulkup\n>p2 move bulkup\n>p1 move bulkup\n>p2 move bulkup\n>p1 move bulkup\n>p2 move bulkup\n>p1 move bulkup\n>p2 move bulkup\n>p1 move bulkup\n>p2 move hornleech\n>p1 move knockoff\n>p2 move earthquake\n>p1 move drainpunch\n>p2 move hornleech\n>p1 move drainpunch\n>p2 move milkdrink\n>p1 move gunkshot\n>p2 move milkdrink\n>p2 switch 4\n>p1 move drainpunch\n>p2 move closecombat\n>forcelose p2", "uploadtime": 1782811570, "views": 8, "formatid": "gen9randombattle", "rating": null, "private": 0, "password": null, "player_dets": [{"name": "sarodiya", "avatar": "265", "rating": 2240, "seed": "sodium,cd64e67006b98a8212fd9651130706bd"}, {"name": "Victory2000", "avatar": "hiker-gen4", "rating": 2311, "seed": "sodium,2e0f793a63823307f638e5319cd3884d"}], "teams_full": [{"Jirachi": {"name": "Jirachi", "species": "Jirachi", "speciesId": "jirachi", "gender": "N", "shiny": false, "level": 80, "moves": ["healingwish", "uturn", "ironhead", "psychic"], "ability": "Serene Grace", "evs": {"hp": 85, "atk": 85, "def": 85, "spa": 85, "spd": 85, "spe": 85}, "ivs": {"hp": 31, "atk": 31, "def": 31, "spa": 31, "spd": 31, "spe": 31}, "item": "Choice Scarf", "teraType": "Water", "role": "Bulky Support", "bvs": {"hp": 100, "atk": 100, "def": 100, "spa": 100, "spd": 100, "spe": 100}, "stats": {"hp": 291, "atk": 206, "def": 206, "spa": 206, "spd": 206, "spe": 206}, "types": ["Steel", "Psychic"]}, "Arboliva": {"name": "Arboliva", "species": "Arboliva", "speciesId": "arboliva", "gender": "F", "shiny": false, "level": 91, "moves": ["strengthsap", "earthpower", "energyball", "hypervoice"], "ability": "Seed Sower", "evs": {"hp": 85, "atk": 0, "def": 85, "spa": 85, "spd": 85, "spe": 85}, "ivs": {"hp": 31, "atk": 0, "def": 31, "spa": 31, "spd": 31, "spe": 31}, "item": "Leftovers", "teraType": "Poison", "role": "Bulky Attacker", "bvs": {"hp": 78, "atk": 69, "def": 90, "spa": 125, "spd": 109, "spe": 39}, "stats": {"hp": 290, "atk": 130, "def": 216, "spa": 279, "spd": 250, "spe": 123}, "types": ["Grass", "Normal"]}, "Corviknight": {"name": "Corviknight", "species": "Corviknight", "speciesId": "corviknight", "gender": "F", "shiny": false, "level": 80, "moves": ["uturn", "defog", "bravebird", "roost"], "ability": "Mirror Armor", "evs": {"hp": 85, "atk": 85, "def": 85, "spa": 85, "spd": 85, "spe": 85}, "ivs": {"hp": 31, "atk": 31, "def": 31, "spa": 31, "spd": 31, "spe": 31}, "item": "Leftovers", "teraType": "Dragon", "role": "Bulky Support", "bvs": {"hp": 98, "atk": 87, "def": 105, "spa": 53, "spd": 85, "spe": 67}, "stats": {"hp": 288, "atk": 185, "def": 214, "spa": 131, "spd": 182, "spe": 153}, "types": ["Flying", "Steel"]}, "Gumshoos": {"name": "Gumshoos", "species": "Gumshoos", "speciesId": "gumshoos", "gender": "F", "shiny": false, "level": 95, "moves": ["knockoff", "uturn", "doubleedge", "earthquake"], "ability": "Stakeout", "evs": {"hp": 85, "atk": 85, "def": 85, "spa": 85, "spd": 85, "spe": 85}, "ivs": {"hp": 31, "atk": 31, "def": 31, "spa": 31, "spd": 31, "spe": 31}, "item": "Choice Band", "teraType": "Ground", "role": "Fast Attacker", "bvs": {"hp": 88, "atk": 110, "def": 60, "spa": 55, "spd": 60, "spe": 45}, "stats": {"hp": 321, "atk": 263, "def": 168, "spa": 158, "spd": 168, "spe": 139}, "types": ["Normal"]}, "Passimian": {"name": "Passimian", "species": "Passimian", "speciesId": "passimian", "gender": "M", "shiny": false, "level": 83, "moves": ["gunkshot", "drainpunch", "knockoff", "bulkup"], "ability": "Defiant", "evs": {"hp": 85, "atk": 85, "def": 85, "spa": 85, "spd": 85, "spe": 85}, "ivs": {"hp": 31, "atk": 31, "def": 31, "spa": 31, "spd": 31, "spe": 31}, "item": "Leftovers", "teraType": "Dark", "role": "Bulky Setup", "bvs": {"hp": 100, "atk": 120, "def": 90, "spa": 40, "spd": 60, "spe": 80}, "stats": {"hp": 302, "atk": 247, "def": 197, "spa": 114, "spd": 147, "spe": 180}, "types": ["Fighting"]}, "Whiscash": {"name": "Whiscash", "species": "Whiscash", "speciesId": "whiscash", "gender": "M", "shiny": false, "level": 88, "moves": ["hydropump", "icebeam", "stealthrock", "earthquake"], "ability": "Oblivious", "evs": {"hp": 85, "atk": 85, "def": 85, "spa": 85, "spd": 85, "spe": 85}, "ivs": {"hp": 31, "atk": 31, "def": 31, "spa": 31, "spd": 31, "spe": 31}, "item": "Leftovers", "teraType": "Poison", "role": "Bulky Support", "bvs": {"hp": 110, "atk": 78, "def": 73, "spa": 76, "spd": 71, "spe": 60}, "stats": {"hp": 337, "atk": 188, "def": 179, "spa": 184, "spd": 175, "spe": 156}, "types": ["Water", "Ground"]}}, {"Arboliva": {"name": "Arboliva", "species": "Arboliva", "speciesId": "arboliva", "gender": "F", "shiny": false, "level": 91, "moves": ["hypervoice", "substitute", "leechseed", "protect"], "ability": "Harvest", "evs": {"hp": 77, "atk": 0, "def": 85, "spa": 85, "spd": 85, "spe": 85}, "ivs": {"hp": 31, "atk": 0, "def": 31, "spa": 31, "spd": 31, "spe": 31}, "item": "Sitrus Berry", "teraType": "Poison", "role": "Bulky Support", "bvs": {"hp": 78, "atk": 69, "def": 90, "spa": 125, "spd": 109, "spe": 39}, "stats": {"hp": 288, "atk": 130, "def": 216, "spa": 279, "spd": 250, "spe": 123}, "types": ["Grass", "Normal"]}, "Gogoat": {"name": "Gogoat", "species": "Gogoat", "speciesId": "gogoat", "gender": "F", "shiny": false, "level": 88, "moves": ["hornleech", "milkdrink", "earthquake", "bulkup"], "ability": "Sap Sipper", "evs": {"hp": 85, "atk": 85, "def": 85, "spa": 85, "spd": 85, "spe": 85}, "ivs": {"hp": 31, "atk": 31, "def": 31, "spa": 31, "spd": 31, "spe": 31}, "item": "Leftovers", "teraType": "Ground", "role": "Bulky Setup", "bvs": {"hp": 123, "atk": 100, "def": 62, "spa": 97, "spd": 81, "spe": 68}, "stats": {"hp": 360, "atk": 226, "def": 159, "spa": 221, "spd": 193, "spe": 170}, "types": ["Grass"]}, "Lycanroc": {"name": "Lycanroc", "species": "Lycanroc-Dusk", "speciesId": "lycanrocdusk", "gender": "F", "shiny": false, "level": 81, "moves": ["accelerock", "swordsdance", "closecombat", "stoneedge"], "ability": "Tough Claws", "evs": {"hp": 85, "atk": 85, "def": 85, "spa": 85, "spd": 85, "spe": 85}, "ivs": {"hp": 31, "atk": 31, "def": 31, "spa": 31, "spd": 31, "spe": 31}, "item": "Life Orb", "teraType": "Fighting", "role": "Setup Sweeper", "bvs": {"hp": 75, "atk": 117, "def": 65, "spa": 55, "spd": 65, "spe": 110}, "stats": {"hp": 254, "atk": 236, "def": 152, "spa": 136, "spd": 152, "spe": 225}, "types": ["Rock"]}, "Cryogonal": {"name": "Cryogonal", "species": "Cryogonal", "speciesId": "cryogonal", "gender": "N", "shiny": false, "level": 89, "moves": ["rapidspin", "recover", "freezedry", "haze"], "ability": "Levitate", "evs": {"hp": 85, "atk": 85, "def": 85, "spa": 85, "spd": 85, "spe": 85}, "ivs": {"hp": 31, "atk": 31, "def": 31, "spa": 31, "spd": 31, "spe": 31}, "item": "Heavy-Duty Boots", "teraType": "Steel", "role": "Bulky Support", "bvs": {"hp": 80, "atk": 50, "def": 50, "spa": 95, "spd": 135, "spe": 105}, "stats": {"hp": 287, "atk": 140, "def": 140, "spa": 220, "spd": 291, "spe": 238}, "types": ["Ice"]}, "Torkoal": {"name": "Torkoal", "species": "Torkoal", "speciesId": "torkoal", "gender": "M", "shiny": false, "level": 88, "moves": ["solarbeam", "stealthrock", "lavaplume", "yawn"], "ability": "Drought", "evs": {"hp": 85, "atk": 0, "def": 85, "spa": 85, "spd": 85, "spe": 85}, "ivs": {"hp": 31, "atk": 0, "def": 31, "spa": 31, "spd": 31, "spe": 31}, "item": "Heavy-Duty Boots", "teraType": "Grass", "role": "Bulky Support", "bvs": {"hp": 70, "atk": 85, "def": 140, "spa": 85, "spd": 70, "spe": 20}, "stats": {"hp": 266, "atk": 154, "def": 297, "spa": 200, "spd": 173, "spe": 85}, "types": ["Fire"]}, "Hippowdon": {"name": "Hippowdon", "species": "Hippowdon", "speciesId": "hippowdon", "gender": "F", "shiny": false, "level": 82, "moves": ["earthquake", "stoneedge", "whirlwind", "slackoff"], "ability": "Sand Stream", "evs": {"hp": 85, "atk": 85, "def": 85, "spa": 85, "spd": 85, "spe": 85}, "ivs": {"hp": 31, "atk": 31, "def": 31, "spa": 31, "spd": 31, "spe": 31}, "item": "Rocky Helmet", "teraType": "Steel", "role": "Bulky Support", "bvs": {"hp": 108, "atk": 112, "def": 118, "spa": 68, "spd": 72, "spe": 47}, "stats": {"hp": 311, "atk": 231, "def": 241, "spa": 159, "spd": 165, "spe": 124}, "types": ["Ground"]}}]}