{"id": "gen9randombattle-2641529999", "format": "[Gen 9] Random Battle", "players": ["lofihiphopchad", "Zabuqa"], "log": "|j|\u2606lofihiphopchad\n|j|\u2606Zabuqa\n|t:|1782801657\n|gametype|singles\n|player|p1|lofihiphopchad|clair|2009\n|player|p2|Zabuqa|ghetsis|2132\n|gen|9\n|tier|[Gen 9] Random Battle\n|rated|\n|rule|Species Clause: Limit one of each Pok\u00e9mon\n|rule|HP Percentage Mod: HP is shown in percentages\n|rule|Sleep Clause Mod: Limit one foe put to sleep\n|rule|Illusion Level Mod: Illusion disguises the Pok\u00e9mon's true level\n|\n|t:|1782801658\n|teamsize|p1|6\n|teamsize|p2|6\n|start\n|switch|p1a: Girafarig|Girafarig, L89, F|269/269\n|switch|p2a: Lugia|Lugia, L73|275/275\n|turn|1\n|inactive|Battle timer is ON: inactive players will automatically lose when time's up. (requested by lofihiphopchad)\n|\n|t:|1782801686\n|move|p2a: Lugia|Calm Mind|p2a: Lugia\n|-boost|p2a: Lugia|spa|1\n|-boost|p2a: Lugia|spd|1\n|move|p1a: Girafarig|Thunderbolt|p2a: Lugia\n|-supereffective|p2a: Lugia\n|-crit|p2a: Lugia\n|-damage|p2a: Lugia|196/275\n|\n|upkeep\n|turn|2\n|\n|t:|1782801699\n|switch|p1a: Eelektross|Eelektross, L87, F|290/290\n|move|p2a: Lugia|Recover|p2a: Lugia\n|-heal|p2a: Lugia|275/275\n|\n|upkeep\n|turn|3\n|\n|t:|1782801710\n|move|p2a: Lugia|Psychic Noise|p1a: Eelektross\n|-damage|p1a: Eelektross|229/290\n|-start|p1a: Eelektross|move: Heal Block\n|move|p1a: Eelektross|Dragon Tail|p2a: Lugia\n|-damage|p2a: Lugia|254/275\n|drag|p2a: Kyogre|Kyogre, L71|259/259\n|-weather|RainDance|[from] ability: Drizzle|[of] p2a: Kyogre\n|\n|-weather|RainDance|[upkeep]\n|upkeep\n|turn|4\n|\n|t:|1782801730\n|switch|p2a: Regigigas|Regigigas, L84|322/322\n|-start|p2a: Regigigas|ability: Slow Start\n|move|p1a: Eelektross|Discharge|p2a: Regigigas\n|-damage|p2a: Regigigas|243/322\n|\n|-weather|RainDance|[upkeep]\n|-heal|p2a: Regigigas|263/322|[from] item: Leftovers\n|-end|p1a: Eelektross|move: Heal Block\n|upkeep\n|turn|5\n|\n|t:|1782801745\n|move|p1a: Eelektross|U-turn|p2a: Regigigas\n|-damage|p2a: Regigigas|210/322\n|\n|t:|1782801755\n|switch|p1a: Houndstone|Houndstone, L86, F|264/264|[from] U-turn\n|move|p2a: Regigigas|Knock Off|p1a: Houndstone\n|-supereffective|p1a: Houndstone\n|-damage|p1a: Houndstone|218/264\n|-enditem|p1a: Houndstone|Leftovers|[from] move: Knock Off|[of] p2a: Regigigas\n|\n|-weather|RainDance|[upkeep]\n|-heal|p2a: Regigigas|230/322|[from] item: Leftovers\n|upkeep\n|turn|6\n|\n|t:|1782801779\n|move|p1a: Houndstone|Body Press|p2a: Regigigas\n|-supereffective|p2a: Regigigas\n|-damage|p2a: Regigigas|136/322\n|move|p2a: Regigigas|Rest|p2a: Regigigas\n|-status|p2a: Regigigas|slp|[from] move: Rest\n|-heal|p2a: Regigigas|322/322 slp|[silent]\n|\n|-weather|RainDance|[upkeep]\n|upkeep\n|turn|7\n|\n|t:|1782801798\n|switch|p1a: Eelektross|Eelektross, L87, F|229/290\n|cant|p2a: Regigigas|slp\n|move|p2a: Regigigas|Sleep Talk|p2a: Regigigas\n|move|p2a: Regigigas|Rest||[from] move: Sleep Talk|[still]\n|-fail|p2a: Regigigas\n|\n|-weather|none\n|upkeep\n|turn|8\n|inactive|Zabuqa has 120 seconds left.\n|\n|t:|1782801824\n|cant|p2a: Regigigas|slp\n|move|p2a: Regigigas|Sleep Talk|p2a: Regigigas\n|move|p2a: Regigigas|Rest||[from] move: Sleep Talk|[still]\n|-fail|p2a: Regigigas\n|move|p1a: Eelektross|Dragon Tail|p2a: Regigigas\n|-damage|p2a: Regigigas|279/322 slp\n|drag|p2a: Lugia|Lugia, L73|254/275\n|\n|upkeep\n|turn|9\n|\n|t:|1782801838\n|switch|p2a: Regigigas|Regigigas, L84|279/322 slp\n|-start|p2a: Regigigas|ability: Slow Start\n|move|p1a: Eelektross|Discharge|p2a: Regigigas\n|-damage|p2a: Regigigas|195/322 slp\n|\n|-heal|p2a: Regigigas|215/322 slp|[from] item: Leftovers\n|upkeep\n|turn|10\n|\n|t:|1782801851\n|move|p1a: Eelektross|Knock Off|p2a: Regigigas\n|-damage|p2a: Regigigas|146/322 slp\n|-enditem|p2a: Regigigas|Leftovers|[from] move: Knock Off|[of] p1a: Eelektross\n|-curestatus|p2a: Regigigas|slp|[msg]\n|move|p2a: Regigigas|Body Slam|p1a: Eelektross\n|-damage|p1a: Eelektross|162/290\n|\n|upkeep\n|turn|11\n|\n|t:|1782801860\n|move|p1a: Eelektross|U-turn|p2a: Regigigas\n|-damage|p2a: Regigigas|92/322\n|\n|t:|1782801874\n|switch|p1a: Gliscor|Gliscor, L76, F|239/239|[from] U-turn\n|move|p2a: Regigigas|Rest|p2a: Regigigas\n|-status|p2a: Regigigas|slp|[from] move: Rest\n|-heal|p2a: Regigigas|322/322 slp|[silent]\n|\n|-status|p1a: Gliscor|tox|[from] item: Toxic Orb\n|upkeep\n|turn|12\n|inactive|Zabuqa has 120 seconds left.\n|\n|t:|1782801893\n|switch|p1a: Fezandipiti|Fezandipiti, L82, M|278/278\n|cant|p2a: Regigigas|slp\n|move|p2a: Regigigas|Sleep Talk|p2a: Regigigas\n|move|p2a: Regigigas|Rest||[from] move: Sleep Talk|[still]\n|-fail|p2a: Regigigas\n|\n|upkeep\n|turn|13\n|inactive|Zabuqa has 120 seconds left.\n|\n|t:|1782801902\n|move|p1a: Fezandipiti|Swords Dance|p1a: Fezandipiti\n|-boost|p1a: Fezandipiti|atk|2\n|cant|p2a: Regigigas|slp\n|move|p2a: Regigigas|Sleep Talk|p2a: Regigigas\n|move|p2a: Regigigas|Rest||[from] move: Sleep Talk|[still]\n|-fail|p2a: Regigigas\n|\n|upkeep\n|turn|14\n|\n|t:|1782801915\n|move|p1a: Fezandipiti|Play Rough|p2a: Regigigas\n|-damage|p2a: Regigigas|171/322 slp\n|-curestatus|p2a: Regigigas|slp|[msg]\n|move|p2a: Regigigas|Body Slam|p1a: Fezandipiti\n|-damage|p1a: Fezandipiti|205/278\n|\n|-heal|p1a: Fezandipiti|222/278|[from] item: Leftovers\n|-end|p2a: Regigigas|Slow Start\n|upkeep\n|turn|15\n|\n|t:|1782801928\n|move|p2a: Regigigas|Body Slam|p1a: Fezandipiti\n|-damage|p1a: Fezandipiti|89/278\n|move|p1a: Fezandipiti|Gunk Shot|p2a: Regigigas\n|-damage|p2a: Regigigas|0 fnt\n|faint|p2a: Regigigas\n|-end|p2a: Regigigas|Slow Start|[silent]\n|\n|-heal|p1a: Fezandipiti|106/278|[from] item: Leftovers\n|upkeep\n|\n|t:|1782801937\n|switch|p2a: Kyogre|Kyogre, L71|259/259\n|-weather|RainDance|[from] ability: Drizzle|[of] p2a: Kyogre\n|turn|16\n|inactive|lofihiphopchad has 120 seconds left.\n|\n|t:|1782801973\n|switch|p1a: Munkidori|Munkidori, L79, M|269/269\n|move|p2a: Kyogre|Water Spout|p1a: Munkidori\n|-damage|p1a: Munkidori|89/269\n|\n|-weather|RainDance|[upkeep]\n|upkeep\n|turn|17\n|inactive|lofihiphopchad has 120 seconds left.\n|\n|t:|1782801985\n|switch|p2a: Heracross|Heracross, L80, M|259/259\n|move|p1a: Munkidori|Fake Out|p2a: Heracross\n|-damage|p2a: Heracross|234/259\n|\n|-weather|RainDance|[upkeep]\n|upkeep\n|turn|18\n|inactive|lofihiphopchad has 120 seconds left.\n|\n|t:|1782802008\n|move|p2a: Heracross|Megahorn|p1a: Munkidori\n|-damage|p1a: Munkidori|0 fnt\n|faint|p1a: Munkidori\n|-ability|p2a: Heracross|Moxie|boost\n|-boost|p2a: Heracross|atk|1\n|\n|-weather|RainDance|[upkeep]\n|upkeep\n|\n|t:|1782802024\n|switch|p1a: Houndstone|Houndstone, L86, F|218/264\n|turn|19\n|\n|t:|1782802032\n|switch|p2a: Corviknight|Corviknight, L80, M|288/288\n|move|p1a: Houndstone|Poltergeist|p2a: Corviknight\n|-activate|p2a: Corviknight|move: Poltergeist|Rocky Helmet\n|-damage|p2a: Corviknight|176/288\n|\n|-weather|RainDance|[upkeep]\n|upkeep\n|turn|20\n|\n|t:|1782802041\n|move|p1a: Houndstone|Poltergeist|p2a: Corviknight\n|-activate|p2a: Corviknight|move: Poltergeist|Rocky Helmet\n|-damage|p2a: Corviknight|53/288\n|move|p2a: Corviknight|Roost|p2a: Corviknight\n|-heal|p2a: Corviknight|197/288\n|-singleturn|p2a: Corviknight|move: Roost\n|\n|-weather|none\n|upkeep\n|turn|21\n|\n|t:|1782802053\n|switch|p1a: Girafarig|Girafarig, L89, F|269/269\n|move|p2a: Corviknight|Roost|p2a: Corviknight\n|-heal|p2a: Corviknight|288/288\n|-singleturn|p2a: Corviknight|move: Roost\n|\n|upkeep\n|turn|22\n|inactive|lofihiphopchad has 120 seconds left.\n|\n|t:|1782802066\n|switch|p2a: Cryogonal|Cryogonal, L89|287/287\n|move|p1a: Girafarig|Nasty Plot|p1a: Girafarig\n|-boost|p1a: Girafarig|spa|2\n|\n|upkeep\n|turn|23\n|\n|t:|1782802081\n|move|p2a: Cryogonal|Ice Beam|p1a: Girafarig\n|-damage|p1a: Girafarig|187/269\n|move|p1a: Girafarig|Psyshock|p2a: Cryogonal\n|-damage|p2a: Cryogonal|53/287\n|\n|upkeep\n|turn|24\n|\n|t:|1782802092\n|switch|p2a: Lugia|Lugia, L73|254/275\n|move|p1a: Girafarig|Thunderbolt|p2a: Lugia\n|-supereffective|p2a: Lugia\n|-damage|p2a: Lugia|56/275\n|-status|p2a: Lugia|par\n|\n|upkeep\n|turn|25\n|\n|t:|1782802099\n|move|p1a: Girafarig|Hyper Voice|p2a: Lugia\n|-damage|p2a: Lugia|0 fnt\n|faint|p2a: Lugia\n|\n|upkeep\n|\n|t:|1782802124\n|switch|p2a: Cryogonal|Cryogonal, L89|53/287\n|turn|26\n|\n|t:|1782802150\n|switch|p1a: Eelektross|Eelektross, L87, F|162/290\n|move|p2a: Cryogonal|Ice Beam|p1a: Eelektross\n|-damage|p1a: Eelektross|92/290\n|\n|upkeep\n|turn|27\n|\n|t:|1782802161\n|move|p2a: Cryogonal|Recover|p2a: Cryogonal\n|-heal|p2a: Cryogonal|197/287\n|move|p1a: Eelektross|Knock Off|p2a: Cryogonal\n|-damage|p2a: Cryogonal|75/287\n|-enditem|p2a: Cryogonal|Heavy-Duty Boots|[from] move: Knock Off|[of] p1a: Eelektross\n|\n|upkeep\n|turn|28\n|\n|t:|1782802168\n|move|p2a: Cryogonal|Recover|p2a: Cryogonal\n|-heal|p2a: Cryogonal|219/287\n|move|p1a: Eelektross|U-turn|p2a: Cryogonal\n|-damage|p2a: Cryogonal|136/287\n|inactive|lofihiphopchad has 120 seconds left.\n|\n|t:|1782802192\n|switch|p1a: Houndstone|Houndstone, L86, F|218/264|[from] U-turn\n|\n|upkeep\n|turn|29\n|\n|t:|1782802199\n|switch|p2a: Corviknight|Corviknight, L80, M|288/288\n|move|p1a: Houndstone|Body Press|p2a: Corviknight\n|-damage|p2a: Corviknight|234/288\n|-damage|p1a: Houndstone|174/264|[from] item: Rocky Helmet|[of] p2a: Corviknight\n|\n|upkeep\n|turn|30\n|\n|t:|1782802208\n|move|p1a: Houndstone|Rest|p1a: Houndstone\n|-status|p1a: Houndstone|slp|[from] move: Rest\n|-heal|p1a: Houndstone|264/264 slp|[silent]\n|move|p2a: Corviknight|Brave Bird|p1a: Houndstone\n|-damage|p1a: Houndstone|213/264 slp\n|-damage|p2a: Corviknight|217/288|[from] Recoil\n|\n|upkeep\n|turn|31\n|\n|t:|1782802225\n|cant|p1a: Houndstone|slp\n|move|p1a: Houndstone|Sleep Talk|p1a: Houndstone\n|move|p1a: Houndstone|Body Press|p2a: Corviknight|[from] move: Sleep Talk\n|-damage|p2a: Corviknight|162/288\n|-damage|p1a: Houndstone|169/264 slp|[from] item: Rocky Helmet|[of] p2a: Corviknight\n|move|p2a: Corviknight|Roost|p2a: Corviknight\n|-heal|p2a: Corviknight|288/288\n|-singleturn|p2a: Corviknight|move: Roost\n|\n|upkeep\n|turn|32\n|\n|t:|1782802241\n|cant|p1a: Houndstone|slp\n|move|p1a: Houndstone|Sleep Talk|p1a: Houndstone\n|move|p1a: Houndstone|Rest||[from] move: Sleep Talk|[still]\n|-fail|p1a: Houndstone\n|move|p2a: Corviknight|Brave Bird|p1a: Houndstone\n|-damage|p1a: Houndstone|122/264 slp\n|-damage|p2a: Corviknight|272/288|[from] Recoil\n|\n|upkeep\n|turn|33\n|\n|t:|1782802258\n|-curestatus|p1a: Houndstone|slp|[msg]\n|move|p1a: Houndstone|Poltergeist|p2a: Corviknight|[miss]\n|-miss|p1a: Houndstone|p2a: Corviknight\n|move|p2a: Corviknight|Brave Bird|p1a: Houndstone\n|-damage|p1a: Houndstone|76/264\n|-damage|p2a: Corviknight|257/288|[from] Recoil\n|\n|upkeep\n|turn|34\n|\n|t:|1782802277\n|move|p1a: Houndstone|Rest|p1a: Houndstone\n|-status|p1a: Houndstone|slp|[from] move: Rest\n|-heal|p1a: Houndstone|264/264 slp|[silent]\n|move|p2a: Corviknight|Brave Bird|p1a: Houndstone\n|-damage|p1a: Houndstone|218/264 slp\n|-damage|p2a: Corviknight|242/288|[from] Recoil\n|\n|upkeep\n|turn|35\n|\n|t:|1782802287\n|cant|p1a: Houndstone|slp\n|move|p1a: Houndstone|Sleep Talk|p1a: Houndstone\n|move|p1a: Houndstone|Rest||[from] move: Sleep Talk|[still]\n|-fail|p1a: Houndstone\n|move|p2a: Corviknight|Brave Bird|p1a: Houndstone\n|-damage|p1a: Houndstone|169/264 slp\n|-damage|p2a: Corviknight|226/288|[from] Recoil\n|\n|upkeep\n|turn|36\n|\n|t:|1782802297\n|switch|p1a: Gliscor|Gliscor, L76, F|239/239 tox\n|move|p2a: Corviknight|Brave Bird|p1a: Gliscor\n|-damage|p1a: Gliscor|155/239 tox\n|-damage|p2a: Corviknight|198/288|[from] Recoil\n|\n|-heal|p1a: Gliscor|184/239 tox|[from] ability: Poison Heal\n|upkeep\n|turn|37\n|\n|t:|1782802314\n|switch|p2a: Cryogonal|Cryogonal, L89|136/287\n|move|p1a: Gliscor|Substitute|p1a: Gliscor\n|-start|p1a: Gliscor|Substitute\n|-damage|p1a: Gliscor|125/239 tox\n|\n|-heal|p1a: Gliscor|154/239 tox|[from] ability: Poison Heal\n|upkeep\n|turn|38\n|\n|t:|1782802322\n|move|p2a: Cryogonal|Ice Beam|p1a: Gliscor\n|-supereffective|p1a: Gliscor\n|-end|p1a: Gliscor|Substitute\n|move|p1a: Gliscor|Toxic|p2a: Cryogonal\n|-status|p2a: Cryogonal|tox\n|\n|-damage|p2a: Cryogonal|119/287 tox|[from] psn\n|-heal|p1a: Gliscor|183/239 tox|[from] ability: Poison Heal\n|upkeep\n|turn|39\n|\n|t:|1782802331\n|move|p1a: Gliscor|Protect|p1a: Gliscor\n|-singleturn|p1a: Gliscor|Protect\n|move|p2a: Cryogonal|Ice Beam|p1a: Gliscor\n|-activate|p1a: Gliscor|move: Protect\n|\n|-damage|p2a: Cryogonal|85/287 tox|[from] psn\n|-heal|p1a: Gliscor|212/239 tox|[from] ability: Poison Heal\n|upkeep\n|turn|40\n|\n|t:|1782802345\n|switch|p1a: Eelektross|Eelektross, L87, F|92/290\n|move|p2a: Cryogonal|Ice Beam|p1a: Eelektross\n|-damage|p1a: Eelektross|17/290\n|\n|-damage|p2a: Cryogonal|34/287 tox|[from] psn\n|upkeep\n|turn|41\n|\n|t:|1782802356\n|move|p2a: Cryogonal|Recover|p2a: Cryogonal\n|-heal|p2a: Cryogonal|178/287 tox\n|move|p1a: Eelektross|U-turn|p2a: Cryogonal\n|-damage|p2a: Cryogonal|100/287 tox\n|\n|t:|1782802363\n|switch|p1a: Houndstone|Houndstone, L86, F|169/264 slp|[from] U-turn\n|\n|-damage|p2a: Cryogonal|32/287 tox|[from] psn\n|upkeep\n|turn|42\n|inactive|Zabuqa has 120 seconds left.\n|\n|t:|1782802395\n|move|p2a: Cryogonal|Ice Beam|p1a: Houndstone\n|-damage|p1a: Houndstone|76/264 slp\n|cant|p1a: Houndstone|slp\n|move|p1a: Houndstone|Sleep Talk|p1a: Houndstone\n|move|p1a: Houndstone|Poltergeist||[from] move: Sleep Talk|[still]\n|-fail|p1a: Houndstone\n|\n|-damage|p2a: Cryogonal|0 fnt|[from] psn\n|faint|p2a: Cryogonal\n|upkeep\n|inactive|Zabuqa has 120 seconds left.\n|\n|t:|1782802405\n|switch|p2a: Kyogre|Kyogre, L71|259/259\n|-weather|RainDance|[from] ability: Drizzle|[of] p2a: Kyogre\n|turn|43\n|\n|t:|1782802416\n|move|p2a: Kyogre|Water Spout|p1a: Houndstone\n|-damage|p1a: Houndstone|0 fnt\n|faint|p1a: Houndstone\n|\n|-weather|RainDance|[upkeep]\n|upkeep\n|\n|t:|1782802422\n|switch|p1a: Gliscor|Gliscor, L76, F|212/239 tox\n|turn|44\n|\n|t:|1782802427\n|switch|p2a: Corviknight|Corviknight, L80, M|198/288\n|move|p1a: Gliscor|Protect||[still]\n|-fail|p1a: Gliscor\n|\n|-weather|RainDance|[upkeep]\n|-heal|p1a: Gliscor|239/239 tox|[from] ability: Poison Heal\n|upkeep\n|turn|45\n|\n|t:|1782802435\n|move|p1a: Gliscor|Substitute|p1a: Gliscor\n|-start|p1a: Gliscor|Substitute\n|-damage|p1a: Gliscor|180/239 tox\n|move|p2a: Corviknight|Brave Bird|p1a: Gliscor\n|-end|p1a: Gliscor|Substitute\n|-damage|p2a: Corviknight|179/288|[from] Recoil|[of] p1a: Gliscor\n|\n|-weather|RainDance|[upkeep]\n|-heal|p1a: Gliscor|209/239 tox|[from] ability: Poison Heal\n|upkeep\n|turn|46\n|\n|t:|1782802451\n|move|p1a: Gliscor|Substitute|p1a: Gliscor\n|-start|p1a: Gliscor|Substitute\n|-damage|p1a: Gliscor|150/239 tox\n|move|p2a: Corviknight|Roost|p2a: Corviknight\n|-heal|p2a: Corviknight|288/288\n|-singleturn|p2a: Corviknight|move: Roost\n|\n|-weather|RainDance|[upkeep]\n|-heal|p1a: Gliscor|179/239 tox|[from] ability: Poison Heal\n|upkeep\n|turn|47\n|\n|t:|1782802461\n|move|p1a: Gliscor|Toxic|p2a: Corviknight\n|-immune|p2a: Corviknight\n|move|p2a: Corviknight|Brave Bird|p1a: Gliscor\n|-end|p1a: Gliscor|Substitute\n|-damage|p2a: Corviknight|269/288|[from] Recoil|[of] p1a: Gliscor\n|\n|-weather|none\n|-heal|p1a: Gliscor|208/239 tox|[from] ability: Poison Heal\n|upkeep\n|turn|48\n|\n|t:|1782802472\n|move|p1a: Gliscor|Protect|p1a: Gliscor\n|-singleturn|p1a: Gliscor|Protect\n|move|p2a: Corviknight|Brave Bird|p1a: Gliscor\n|-activate|p1a: Gliscor|move: Protect\n|\n|-heal|p1a: Gliscor|237/239 tox|[from] ability: Poison Heal\n|upkeep\n|turn|49\n|\n|t:|1782802479\n|move|p1a: Gliscor|Substitute|p1a: Gliscor\n|-start|p1a: Gliscor|Substitute\n|-damage|p1a: Gliscor|178/239 tox\n|move|p2a: Corviknight|Brave Bird|p1a: Gliscor\n|-crit|p1a: Gliscor\n|-end|p1a: Gliscor|Substitute\n|-damage|p2a: Corviknight|250/288|[from] Recoil|[of] p1a: Gliscor\n|\n|-heal|p1a: Gliscor|207/239 tox|[from] ability: Poison Heal\n|upkeep\n|turn|50\n|\n|t:|1782802494\n|move|p1a: Gliscor|Protect|p1a: Gliscor\n|-singleturn|p1a: Gliscor|Protect\n|move|p2a: Corviknight|Defog|p1a: Gliscor\n|-activate|p1a: Gliscor|move: Protect\n|\n|-heal|p1a: Gliscor|236/239 tox|[from] ability: Poison Heal\n|upkeep\n|turn|51\n|\n|t:|1782802507\n|move|p1a: Gliscor|Substitute|p1a: Gliscor\n|-start|p1a: Gliscor|Substitute\n|-damage|p1a: Gliscor|177/239 tox\n|move|p2a: Corviknight|Brave Bird|p1a: Gliscor\n|-end|p1a: Gliscor|Substitute\n|-damage|p2a: Corviknight|231/288|[from] Recoil|[of] p1a: Gliscor\n|\n|-heal|p1a: Gliscor|206/239 tox|[from] ability: Poison Heal\n|upkeep\n|turn|52\n|\n|t:|1782802517\n|move|p1a: Gliscor|Toxic|p2a: Corviknight\n|-immune|p2a: Corviknight\n|move|p2a: Corviknight|Brave Bird|p1a: Gliscor\n|-damage|p1a: Gliscor|118/239 tox\n|-damage|p2a: Corviknight|202/288|[from] Recoil\n|\n|-heal|p1a: Gliscor|147/239 tox|[from] ability: Poison Heal\n|upkeep\n|turn|53\n|\n|t:|1782802527\n|move|p1a: Gliscor|Protect|p1a: Gliscor\n|-singleturn|p1a: Gliscor|Protect\n|move|p2a: Corviknight|Brave Bird|p1a: Gliscor\n|-activate|p1a: Gliscor|move: Protect\n|\n|-heal|p1a: Gliscor|176/239 tox|[from] ability: Poison Heal\n|upkeep\n|turn|54\n|\n|t:|1782802552\n|switch|p1a: Eelektross|Eelektross, L87, F|17/290\n|move|p2a: Corviknight|Body Press|p1a: Eelektross\n|-damage|p1a: Eelektross|0 fnt\n|faint|p1a: Eelektross\n|\n|upkeep\n|\n|t:|1782802557\n|switch|p1a: Girafarig|Girafarig, L89, F|187/269\n|turn|55\n|\n|t:|1782802564\n|move|p1a: Girafarig|Thunderbolt|p2a: Corviknight\n|-supereffective|p2a: Corviknight\n|-damage|p2a: Corviknight|48/288\n|move|p2a: Corviknight|Body Press|p1a: Girafarig\n|-damage|p1a: Girafarig|141/269\n|\n|upkeep\n|turn|56\n|\n|t:|1782802576\n|switch|p2a: Heracross|Heracross, L80, M|234/259\n|move|p1a: Girafarig|Hyper Voice|p2a: Heracross\n|-damage|p2a: Heracross|128/259\n|\n|upkeep\n|turn|57\n|inactive|lofihiphopchad has 120 seconds left.\n|\n|t:|1782802613\n|move|p2a: Heracross|Close Combat|p1a: Girafarig\n|-damage|p1a: Girafarig|26/269\n|-unboost|p2a: Heracross|def|1\n|-unboost|p2a: Heracross|spd|1\n|move|p1a: Girafarig|Psyshock|p2a: Heracross\n|-supereffective|p2a: Heracross\n|-damage|p2a: Heracross|0 fnt\n|faint|p2a: Heracross\n|\n|upkeep\n|\n|t:|1782802629\n|switch|p2a: Kyogre|Kyogre, L71|259/259\n|-weather|RainDance|[from] ability: Drizzle|[of] p2a: Kyogre\n|turn|58\n|inactive|lofihiphopchad has 120 seconds left.\n|\n|t:|1782802637\n|switch|p1a: Fezandipiti|Fezandipiti, L82, M|106/278\n|move|p2a: Kyogre|Water Spout|p1a: Fezandipiti\n|-damage|p1a: Fezandipiti|0 fnt\n|faint|p1a: Fezandipiti\n|\n|-weather|RainDance|[upkeep]\n|upkeep\n|\n|t:|1782802642\n|switch|p1a: Gliscor|Gliscor, L76, F|176/239 tox\n|turn|59\n|\n|t:|1782802647\n|switch|p2a: Corviknight|Corviknight, L80, M|48/288\n|move|p1a: Gliscor|Protect||[still]\n|-fail|p1a: Gliscor\n|\n|-weather|RainDance|[upkeep]\n|-heal|p1a: Gliscor|205/239 tox|[from] ability: Poison Heal\n|upkeep\n|turn|60\n|\n|t:|1782802657\n|move|p1a: Gliscor|Earthquake|p2a: Corviknight\n|-immune|p2a: Corviknight\n|move|p2a: Corviknight|Roost|p2a: Corviknight\n|-heal|p2a: Corviknight|192/288\n|-singleturn|p2a: Corviknight|move: Roost\n|\n|-weather|RainDance|[upkeep]\n|-heal|p1a: Gliscor|234/239 tox|[from] ability: Poison Heal\n|upkeep\n|turn|61\n|\n|t:|1782802667\n|move|p1a: Gliscor|Substitute|p1a: Gliscor\n|-start|p1a: Gliscor|Substitute\n|-damage|p1a: Gliscor|175/239 tox\n|move|p2a: Corviknight|Body Press|p1a: Gliscor\n|-resisted|p1a: Gliscor\n|-activate|p1a: Gliscor|move: Substitute|[damage]\n|\n|-weather|RainDance|[upkeep]\n|-heal|p1a: Gliscor|204/239 tox|[from] ability: Poison Heal\n|upkeep\n|turn|62\n|\n|t:|1782802676\n|move|p1a: Gliscor|Earthquake|p2a: Corviknight\n|-immune|p2a: Corviknight\n|move|p2a: Corviknight|Brave Bird|p1a: Gliscor\n|-end|p1a: Gliscor|Substitute\n|-damage|p2a: Corviknight|180/288|[from] Recoil|[of] p1a: Gliscor\n|\n|-weather|none\n|-heal|p1a: Gliscor|233/239 tox|[from] ability: Poison Heal\n|upkeep\n|turn|63\n|\n|t:|1782802686\n|move|p1a: Gliscor|Earthquake|p2a: Corviknight\n|-immune|p2a: Corviknight\n|move|p2a: Corviknight|Brave Bird|p1a: Gliscor\n|-damage|p1a: Gliscor|146/239 tox\n|-damage|p2a: Corviknight|151/288|[from] Recoil\n|\n|-heal|p1a: Gliscor|175/239 tox|[from] ability: Poison Heal\n|upkeep\n|turn|64\n|\n|t:|1782802698\n|move|p1a: Gliscor|Earthquake|p2a: Corviknight\n|-immune|p2a: Corviknight\n|move|p2a: Corviknight|Defog|p1a: Gliscor\n|-unboost|p1a: Gliscor|evasion|1\n|\n|-heal|p1a: Gliscor|204/239 tox|[from] ability: Poison Heal\n|upkeep\n|turn|65\n|\n|t:|1782802721\n|-terastallize|p1a: Gliscor|Water\n|move|p1a: Gliscor|Earthquake|p2a: Corviknight\n|-immune|p2a: Corviknight\n|move|p2a: Corviknight|Body Press|p1a: Gliscor\n|-damage|p1a: Gliscor|160/239 tox\n|\n|-heal|p1a: Gliscor|189/239 tox|[from] ability: Poison Heal\n|upkeep\n|turn|66\n|\n|t:|1782802732\n|move|p1a: Gliscor|Toxic|p2a: Corviknight\n|-immune|p2a: Corviknight\n|move|p2a: Corviknight|Defog|p1a: Gliscor\n|-unboost|p1a: Gliscor|evasion|1\n|\n|-heal|p1a: Gliscor|218/239 tox|[from] ability: Poison Heal\n|upkeep\n|turn|67\n|\n|t:|1782802745\n|move|p1a: Gliscor|Toxic|p2a: Corviknight\n|-immune|p2a: Corviknight\n|move|p2a: Corviknight|Brave Bird|p1a: Gliscor\n|-damage|p1a: Gliscor|125/239 tox\n|-damage|p2a: Corviknight|120/288|[from] Recoil\n|\n|-heal|p1a: Gliscor|154/239 tox|[from] ability: Poison Heal\n|upkeep\n|turn|68\n|\n|t:|1782802753\n|switch|p1a: Girafarig|Girafarig, L89, F|26/269\n|move|p2a: Corviknight|Defog|p1a: Girafarig\n|-unboost|p1a: Girafarig|evasion|1\n|\n|upkeep\n|turn|69\n|\n|t:|1782802763\n|-terastallize|p2a: Corviknight|Dragon\n|move|p1a: Girafarig|Thunderbolt|p2a: Corviknight\n|-resisted|p2a: Corviknight\n|-damage|p2a: Corviknight|82/288\n|move|p2a: Corviknight|Body Press|p1a: Girafarig\n|-damage|p1a: Girafarig|0 fnt\n|faint|p1a: Girafarig\n|\n|upkeep\n|\n|t:|1782802769\n|switch|p1a: Gliscor|Gliscor, L76, F, tera:Water|154/239 tox\n|turn|70\n|\n|t:|1782802775\n|move|p1a: Gliscor|Protect|p1a: Gliscor\n|-singleturn|p1a: Gliscor|Protect\n|move|p2a: Corviknight|Brave Bird|p1a: Gliscor\n|-activate|p1a: Gliscor|move: Protect\n|\n|-heal|p1a: Gliscor|183/239 tox|[from] ability: Poison Heal\n|upkeep\n|turn|71\n|\n|t:|1782802786\n|move|p1a: Gliscor|Earthquake|p2a: Corviknight\n|-damage|p2a: Corviknight|0 fnt\n|faint|p2a: Corviknight\n|\n|-heal|p1a: Gliscor|212/239 tox|[from] ability: Poison Heal\n|upkeep\n|\n|t:|1782802791\n|switch|p2a: Kyogre|Kyogre, L71|259/259\n|-weather|RainDance|[from] ability: Drizzle|[of] p2a: Kyogre\n|turn|72\n|\n|t:|1782802798\n|move|p1a: Gliscor|Protect|p1a: Gliscor\n|-singleturn|p1a: Gliscor|Protect\n|move|p2a: Kyogre|Thunder|p1a: Gliscor\n|-activate|p1a: Gliscor|move: Protect\n|\n|-weather|RainDance|[upkeep]\n|-heal|p1a: Gliscor|239/239 tox|[from] ability: Poison Heal\n|upkeep\n|turn|73\n|\n|t:|1782802813\n|move|p2a: Kyogre|Thunder|p1a: Gliscor\n|-supereffective|p1a: Gliscor\n|-damage|p1a: Gliscor|49/239 tox\n|move|p1a: Gliscor|Toxic|p2a: Kyogre\n|-status|p2a: Kyogre|tox\n|\n|-weather|RainDance|[upkeep]\n|-damage|p2a: Kyogre|243/259 tox|[from] psn\n|-heal|p1a: Gliscor|78/239 tox|[from] ability: Poison Heal\n|upkeep\n|turn|74\n|\n|t:|1782802822\n|move|p1a: Gliscor|Protect|p1a: Gliscor\n|-singleturn|p1a: Gliscor|Protect\n|move|p2a: Kyogre|Thunder|p1a: Gliscor\n|-activate|p1a: Gliscor|move: Protect\n|\n|-weather|RainDance|[upkeep]\n|-damage|p2a: Kyogre|211/259 tox|[from] psn\n|-heal|p1a: Gliscor|107/239 tox|[from] ability: Poison Heal\n|upkeep\n|turn|75\n|c|\u2606lofihiphopchad|ggwp\n|\n|t:|1782802831\n|move|p1a: Gliscor|Protect||[still]\n|-fail|p1a: Gliscor\n|move|p2a: Kyogre|Thunder|p1a: Gliscor\n|-supereffective|p1a: Gliscor\n|-damage|p1a: Gliscor|0 fnt\n|faint|p1a: Gliscor\n|\n|win|Zabuqa\n", "inputlog": ">version f8ac14003a5f27e1bdc8d8c59608a773c1cb96e5\n>start {\"formatid\":\"gen9randombattle\",\"seed\":\"sodium,0af9ac4d3b0ff6c637051760c7410697\",\"rated\":\"Rated battle\"}\n>player p1 {\"name\":\"lofihiphopchad\",\"avatar\":\"clair\",\"rating\":2009,\"seed\":\"sodium,827fc4c3d1bf7c4ab90466d8727068c2\"}\n>player p2 {\"name\":\"Zabuqa\",\"avatar\":\"ghetsis\",\"rating\":2132,\"seed\":\"sodium,f7ef8a9282fc094243b8501310717604\"}\n>p1 move thunderbolt\n>p2 move calmmind\n>p1 switch 4\n>p2 move recover\n>p1 move dragontail\n>p2 move psychicnoise\n>p1 move discharge\n>p2 switch 5\n>p1 move uturn\n>p2 move knockoff\n>p1 switch 5\n>p1 move bodypress\n>p2 move rest\n>p1 switch 5\n>p2 move sleeptalk\n>p1 move dragontail\n>p2 move sleeptalk\n>p1 move discharge\n>p2 switch 6\n>p1 move knockoff\n>p2 move bodyslam\n>p1 move uturn\n>p2 move rest\n>p1 switch 3\n>p1 switch 6\n>p2 move sleeptalk\n>p1 move swordsdance\n>p2 move sleeptalk\n>p1 move playrough\n>p2 move bodyslam\n>p1 move gunkshot\n>p2 move bodyslam\n>p2 switch 5\n>p1 switch 2\n>p2 move waterspout\n>p1 move fakeout\n>p2 switch 3\n>p1 move uturn\n>p2 move megahorn\n>p1 switch 5\n>p1 move poltergeist\n>p2 switch 2\n>p1 move poltergeist\n>p2 move roost\n>p1 switch 4\n>p2 move roost\n>p1 move nastyplot\n>p2 switch 4\n>p1 move psyshock\n>p2 move icebeam\n>p1 move thunderbolt\n>p2 switch 6\n>p1 move hypervoice\n>p2 move aeroblast\n>p2 switch 6\n>p1 switch 3\n>p2 move icebeam\n>p1 move knockoff\n>p2 move recover\n>p1 move uturn\n>p2 move recover\n>p1 switch 4\n>p1 move bodypress\n>p2 switch 4\n>p1 move rest\n>p2 move bravebird\n>p1 move sleeptalk\n>p2 move roost\n>p1 move sleeptalk\n>p2 move bravebird\n>p1 move poltergeist\n>p2 move bravebird\n>p1 move rest\n>p2 move bravebird\n>p1 move sleeptalk\n>p2 move bravebird\n>p1 switch 6\n>p2 move bravebird\n>p1 move substitute\n>p2 switch 4\n>p1 move toxic\n>p2 move icebeam\n>p1 move protect\n>p2 move icebeam\n>p1 switch 4\n>p2 move icebeam\n>p1 move uturn\n>p2 move recover\n>p1 switch 6\n>p1 move sleeptalk\n>p2 move icebeam\n>p2 switch 3\n>p1 move rest\n>p2 move waterspout\n>p1 switch 4\n>p1 move protect\n>p2 switch 4\n>p1 move substitute\n>p2 move bravebird\n>p1 move substitute\n>p2 move roost\n>p1 move toxic\n>p2 move bravebird\n>p1 move protect\n>p2 move bravebird\n>p1 move substitute\n>p2 move bravebird\n>p1 move protect\n>p2 move defog\n>p1 move substitute\n>p2 move bravebird\n>p1 move toxic\n>p2 move bravebird\n>p1 move protect\n>p2 move bravebird\n>p1 switch 6\n>p2 move bodypress\n>p1 switch 3\n>p1 move thunderbolt\n>p2 move bodypress\n>p1 move hypervoice\n>p2 switch 2\n>p1 move psyshock\n>p2 move closecombat\n>p2 switch 4\n>p1 switch 2\n>p2 move waterspout\n>p1 switch 6\n>p1 move protect\n>p2 switch 2\n>p1 move earthquake\n>p2 move roost\n>p1 move substitute\n>p2 move bodypress\n>p1 move earthquake\n>p2 move bravebird\n>p1 move earthquake\n>p2 move bravebird\n>p1 move earthquake\n>p2 move defog\n>p1 move earthquake terastallize\n>p2 move bodypress\n>p1 move toxic\n>p2 move defog\n>p1 move toxic\n>p2 move bravebird\n>p1 switch 2\n>p2 move defog\n>p1 move thunderbolt\n>p2 move bodypress terastallize\n>p1 switch 2\n>p1 move protect\n>p2 move bravebird\n>p1 move earthquake\n>p2 move bravebird\n>p2 switch 2\n>p1 move protect\n>p2 move thunder\n>p1 move toxic\n>p2 move thunder\n>p1 move protect\n>p2 move thunder\n>chat \u2606lofihiphopchad|ggwp\n>p1 move protect\n>p2 move thunder", "uploadtime": 1782801660, "views": 4, "formatid": "gen9randombattle", "rating": null, "private": 0, "password": null, "player_dets": [{"name": "lofihiphopchad", "avatar": "clair", "rating": 2009, "seed": "sodium,827fc4c3d1bf7c4ab90466d8727068c2"}, {"name": "Zabuqa", "avatar": "ghetsis", "rating": 2132, "seed": "sodium,f7ef8a9282fc094243b8501310717604"}], "teams_full": [{"Girafarig": {"name": "Girafarig", "species": "Girafarig", "speciesId": "girafarig", "gender": "F", "shiny": false, "level": 89, "moves": ["hypervoice", "psyshock", "nastyplot", "thunderbolt"], "ability": "Sap Sipper", "evs": {"hp": 85, "atk": 0, "def": 85, "spa": 85, "spd": 85, "spe": 85}, "ivs": {"hp": 31, "atk": 0, "def": 31, "spa": 31, "spd": 31, "spe": 31}, "item": "Eviolite", "teraType": "Electric", "role": "Fast Bulky Setup", "bvs": {"hp": 70, "atk": 80, "def": 65, "spa": 90, "spd": 65, "spe": 85}, "stats": {"hp": 269, "atk": 147, "def": 166, "spa": 211, "spd": 166, "spe": 202}, "types": ["Normal", "Psychic"]}, "Munkidori": {"name": "Munkidori", "species": "Munkidori", "speciesId": "munkidori", "gender": "M", "shiny": false, "level": 79, "moves": ["uturn", "psychicnoise", "sludgewave", "fakeout"], "ability": "Toxic Chain", "evs": {"hp": 85, "atk": 85, "def": 85, "spa": 85, "spd": 85, "spe": 85}, "ivs": {"hp": 31, "atk": 31, "def": 31, "spa": 31, "spd": 31, "spe": 31}, "item": "Assault Vest", "teraType": "Dark", "role": "AV Pivot", "bvs": {"hp": 88, "atk": 75, "def": 66, "spa": 130, "spd": 90, "spe": 106}, "stats": {"hp": 269, "atk": 164, "def": 150, "spa": 251, "spd": 188, "spe": 213}, "types": ["Poison", "Psychic"]}, "Gliscor": {"name": "Gliscor", "species": "Gliscor", "speciesId": "gliscor", "gender": "F", "shiny": false, "level": 76, "moves": ["protect", "toxic", "earthquake", "substitute"], "ability": "Poison Heal", "evs": {"hp": 85, "atk": 85, "def": 85, "spa": 85, "spd": 85, "spe": 85}, "ivs": {"hp": 31, "atk": 31, "def": 31, "spa": 31, "spd": 31, "spe": 31}, "item": "Toxic Orb", "teraType": "Water", "role": "Fast Support", "bvs": {"hp": 75, "atk": 95, "def": 125, "spa": 45, "spd": 75, "spe": 95}, "stats": {"hp": 239, "atk": 188, "def": 234, "spa": 112, "spd": 158, "spe": 188}, "types": ["Ground", "Flying"]}, "Eelektross": {"name": "Eelektross", "species": "Eelektross", "speciesId": "eelektross", "gender": "F", "shiny": false, "level": 87, "moves": ["knockoff", "dragontail", "discharge", "uturn"], "ability": "Levitate", "evs": {"hp": 85, "atk": 85, "def": 85, "spa": 85, "spd": 85, "spe": 85}, "ivs": {"hp": 31, "atk": 31, "def": 31, "spa": 31, "spd": 31, "spe": 31}, "item": "Assault Vest", "teraType": "Steel", "role": "AV Pivot", "bvs": {"hp": 85, "atk": 115, "def": 80, "spa": 105, "spd": 80, "spe": 50}, "stats": {"hp": 290, "atk": 250, "def": 189, "spa": 232, "spd": 189, "spe": 137}, "types": ["Electric"]}, "Houndstone": {"name": "Houndstone", "species": "Houndstone", "speciesId": "houndstone", "gender": "F", "shiny": false, "level": 86, "moves": ["rest", "sleeptalk", "poltergeist", "bodypress"], "ability": "Fluffy", "evs": {"hp": 85, "atk": 85, "def": 85, "spa": 85, "spd": 85, "spe": 85}, "ivs": {"hp": 31, "atk": 31, "def": 31, "spa": 31, "spd": 31, "spe": 31}, "item": "Leftovers", "teraType": "Fighting", "role": "Bulky Support", "bvs": {"hp": 72, "atk": 101, "def": 100, "spa": 50, "spd": 97, "spe": 68}, "stats": {"hp": 264, "atk": 223, "def": 221, "spa": 135, "spd": 216, "spe": 166}, "types": ["Ghost"]}, "Fezandipiti": {"name": "Fezandipiti", "species": "Fezandipiti", "speciesId": "fezandipiti", "gender": "M", "shiny": false, "level": 82, "moves": ["gunkshot", "swordsdance", "playrough", "terablast"], "ability": "Toxic Chain", "evs": {"hp": 85, "atk": 85, "def": 85, "spa": 85, "spd": 85, "spe": 85}, "ivs": {"hp": 31, "atk": 31, "def": 31, "spa": 31, "spd": 31, "spe": 31}, "item": "Leftovers", "teraType": "Ground", "role": "Tera Blast user", "bvs": {"hp": 88, "atk": 91, "def": 82, "spa": 70, "spd": 125, "spe": 99}, "stats": {"hp": 278, "atk": 196, "def": 182, "spa": 162, "spd": 252, "spe": 210}, "types": ["Poison", "Fairy"]}}, {"Lugia": {"name": "Lugia", "species": "Lugia", "speciesId": "lugia", "gender": "N", "shiny": false, "level": 73, "moves": ["psychicnoise", "aeroblast", "calmmind", "recover"], "ability": "Multiscale", "evs": {"hp": 85, "atk": 0, "def": 85, "spa": 85, "spd": 85, "spe": 85}, "ivs": {"hp": 31, "atk": 0, "def": 31, "spa": 31, "spd": 31, "spe": 31}, "item": "Heavy-Duty Boots", "teraType": "Steel", "role": "Setup Sweeper", "bvs": {"hp": 106, "atk": 90, "def": 130, "spa": 90, "spd": 154, "spe": 110}, "stats": {"hp": 275, "atk": 136, "def": 232, "spa": 174, "spd": 267, "spe": 203}, "types": ["Psychic", "Flying"]}, "Corviknight": {"name": "Corviknight", "species": "Corviknight", "speciesId": "corviknight", "gender": "M", "shiny": false, "level": 80, "moves": ["roost", "bodypress", "bravebird", "defog"], "ability": "Mirror Armor", "evs": {"hp": 85, "atk": 85, "def": 85, "spa": 85, "spd": 85, "spe": 85}, "ivs": {"hp": 31, "atk": 31, "def": 31, "spa": 31, "spd": 31, "spe": 31}, "item": "Rocky Helmet", "teraType": "Dragon", "role": "Bulky Support", "bvs": {"hp": 98, "atk": 87, "def": 105, "spa": 53, "spd": 85, "spe": 67}, "stats": {"hp": 288, "atk": 185, "def": 214, "spa": 131, "spd": 182, "spe": 153}, "types": ["Flying", "Steel"]}, "Heracross": {"name": "Heracross", "species": "Heracross", "speciesId": "heracross", "gender": "M", "shiny": false, "level": 80, "moves": ["stoneedge", "earthquake", "closecombat", "megahorn"], "ability": "Moxie", "evs": {"hp": 85, "atk": 85, "def": 85, "spa": 85, "spd": 85, "spe": 85}, "ivs": {"hp": 31, "atk": 31, "def": 31, "spa": 31, "spd": 31, "spe": 31}, "item": "Choice Scarf", "teraType": "Fighting", "role": "Fast Attacker", "bvs": {"hp": 80, "atk": 125, "def": 75, "spa": 40, "spd": 95, "spe": 85}, "stats": {"hp": 259, "atk": 246, "def": 166, "spa": 110, "spd": 198, "spe": 182}, "types": ["Bug", "Fighting"]}, "Cryogonal": {"name": "Cryogonal", "species": "Cryogonal", "speciesId": "cryogonal", "gender": "N", "shiny": false, "level": 89, "moves": ["recover", "terablast", "rapidspin", "icebeam"], "ability": "Levitate", "evs": {"hp": 85, "atk": 85, "def": 85, "spa": 85, "spd": 85, "spe": 85}, "ivs": {"hp": 31, "atk": 31, "def": 31, "spa": 31, "spd": 31, "spe": 31}, "item": "Heavy-Duty Boots", "teraType": "Electric", "role": "Tera Blast user", "bvs": {"hp": 80, "atk": 50, "def": 50, "spa": 95, "spd": 135, "spe": 105}, "stats": {"hp": 287, "atk": 140, "def": 140, "spa": 220, "spd": 291, "spe": 238}, "types": ["Ice"]}, "Regigigas": {"name": "Regigigas", "species": "Regigigas", "speciesId": "regigigas", "gender": "N", "shiny": false, "level": 84, "moves": ["knockoff", "rest", "bodyslam", "sleeptalk"], "ability": "Slow Start", "evs": {"hp": 85, "atk": 85, "def": 85, "spa": 85, "spd": 85, "spe": 85}, "ivs": {"hp": 31, "atk": 31, "def": 31, "spa": 31, "spd": 31, "spe": 31}, "item": "Leftovers", "teraType": "Ghost", "role": "Bulky Support", "bvs": {"hp": 110, "atk": 160, "def": 110, "spa": 80, "spd": 110, "spe": 100}, "stats": {"hp": 322, "atk": 317, "def": 233, "spa": 183, "spd": 233, "spe": 216}, "types": ["Normal"]}, "Kyogre": {"name": "Kyogre", "species": "Kyogre", "speciesId": "kyogre", "gender": "N", "shiny": false, "level": 71, "moves": ["originpulse", "icebeam", "thunder", "waterspout"], "ability": "Drizzle", "evs": {"hp": 85, "atk": 0, "def": 85, "spa": 85, "spd": 85, "spe": 85}, "ivs": {"hp": 31, "atk": 0, "def": 31, "spa": 31, "spd": 31, "spe": 31}, "item": "Choice Scarf", "teraType": "Water", "role": "Fast Attacker", "bvs": {"hp": 100, "atk": 100, "def": 90, "spa": 150, "spd": 140, "spe": 90}, "stats": {"hp": 259, "atk": 147, "def": 169, "spa": 254, "spd": 240, "spe": 169}, "types": ["Water"]}}]}