{"id": "gen9randombattle-2641106359", "format": "[Gen 9] Random Battle", "players": ["WarrPig", "star reacher"], "log": "|j|\u2606WarrPig\n|j|\u2606star reacher\n|t:|1782741204\n|gametype|singles\n|player|p1|WarrPig|ltsurge|1993\n|player|p2|star reacher|psychic|2064\n|gen|9\n|tier|[Gen 9] Random Battle\n|rated|\n|rule|Species Clause: Limit one of each Pok\u00e9mon\n|rule|HP Percentage Mod: HP is shown in percentages\n|rule|Sleep Clause Mod: Limit one foe put to sleep\n|rule|Illusion Level Mod: Illusion disguises the Pok\u00e9mon's true level\n|\n|t:|1782741204\n|teamsize|p1|6\n|teamsize|p2|6\n|start\n|switch|p1a: Roaring Moon|Roaring Moon, L72|270/270\n|switch|p2a: Sneasler|Sneasler, L74, M|240/240\n|turn|1\n|inactive|Battle timer is ON: inactive players will automatically lose when time's up. (requested by star reacher)\n|\n|t:|1782741224\n|-end|p1a: Roaring Moon|Protosynthesis|[silent]\n|switch|p1a: Banette|Banette, L93, M|270/270\n|move|p2a: Sneasler|Swords Dance|p2a: Sneasler\n|-boost|p2a: Sneasler|atk|2\n|\n|upkeep\n|turn|2\n|\n|t:|1782741235\n|switch|p2a: Donphan|Donphan, L84, F|288/288\n|move|p1a: Banette|Poltergeist|p2a: Donphan\n|-activate|p2a: Donphan|move: Poltergeist|Leftovers\n|-damage|p2a: Donphan|123/288\n|-damage|p1a: Banette|243/270|[from] item: Life Orb\n|\n|-heal|p2a: Donphan|141/288|[from] item: Leftovers\n|upkeep\n|turn|3\n|\n|t:|1782741252\n|move|p2a: Donphan|Ice Shard|p1a: Banette\n|-damage|p1a: Banette|204/270\n|-start|p2a: Donphan|Disable|Ice Shard|[from] ability: Cursed Body|[of] p1a: Banette\n|move|p1a: Banette|Poltergeist|p2a: Donphan\n|-activate|p2a: Donphan|move: Poltergeist|Leftovers\n|-damage|p2a: Donphan|0 fnt\n|faint|p2a: Donphan\n|-damage|p1a: Banette|177/270|[from] item: Life Orb\n|\n|upkeep\n|\n|t:|1782741259\n|switch|p2a: Tsareena|Tsareena, L87, F|267/267\n|turn|4\n|\n|t:|1782741265\n|switch|p1a: Venusaur|Venusaur, L84, M|272/272\n|move|p2a: Tsareena|Knock Off|p1a: Venusaur\n|-damage|p1a: Venusaur|155/272\n|-enditem|p1a: Venusaur|Leftovers|[from] move: Knock Off|[of] p2a: Tsareena\n|-damage|p2a: Tsareena|241/267|[from] item: Life Orb\n|\n|upkeep\n|turn|5\n|\n|t:|1782741279\n|switch|p1a: Delphox|Delphox, L84, M|263/263\n|move|p2a: Tsareena|Knock Off|p1a: Delphox\n|-supereffective|p1a: Delphox\n|-damage|p1a: Delphox|0 fnt\n|-enditem|p1a: Delphox|Heavy-Duty Boots|[from] move: Knock Off|[of] p2a: Tsareena\n|faint|p1a: Delphox\n|-damage|p2a: Tsareena|215/267|[from] item: Life Orb\n|\n|upkeep\n|\n|t:|1782741283\n|switch|p1a: Roaring Moon|Roaring Moon, L72|270/270\n|turn|6\n|\n|t:|1782741288\n|move|p1a: Roaring Moon|U-turn|p2a: Tsareena\n|-supereffective|p2a: Tsareena\n|-damage|p2a: Tsareena|87/267\n|\n|t:|1782741292\n|-end|p1a: Roaring Moon|Protosynthesis|[silent]\n|switch|p1a: Venusaur|Venusaur, L84, M|155/272|[from] U-turn\n|move|p2a: Tsareena|High Jump Kick|p1a: Venusaur\n|-resisted|p1a: Venusaur\n|-damage|p1a: Venusaur|76/272\n|-damage|p2a: Tsareena|61/267|[from] item: Life Orb\n|\n|upkeep\n|turn|7\n|\n|t:|1782741300\n|move|p1a: Venusaur|Sludge Bomb|p2a: Tsareena\n|-supereffective|p2a: Tsareena\n|-damage|p2a: Tsareena|0 fnt\n|faint|p2a: Tsareena\n|\n|upkeep\n|\n|t:|1782741309\n|switch|p2a: Ninetales|Ninetales-Alola, L78, F|242/242\n|-weather|Snowscape|[from] ability: Snow Warning|[of] p2a: Ninetales\n|turn|8\n|\n|t:|1782741313\n|move|p2a: Ninetales|Blizzard|p1a: Venusaur\n|-supereffective|p1a: Venusaur\n|-damage|p1a: Venusaur|0 fnt\n|faint|p1a: Venusaur\n|\n|-weather|Snowscape|[upkeep]\n|upkeep\n|\n|t:|1782741316\n|switch|p1a: Roaring Moon|Roaring Moon, L72|270/270\n|turn|9\n|\n|t:|1782741320\n|move|p2a: Ninetales|Aurora Veil|p2a: Ninetales\n|-sidestart|p2: star reacher|move: Aurora Veil\n|move|p1a: Roaring Moon|Iron Head|p2a: Ninetales\n|-supereffective|p2a: Ninetales\n|-damage|p2a: Ninetales|106/242\n|\n|-weather|Snowscape|[upkeep]\n|upkeep\n|turn|10\n|\n|t:|1782741327\n|-end|p1a: Roaring Moon|Protosynthesis|[silent]\n|switch|p1a: Dialga|Dialga, L73|266/266\n|-ability|p1a: Dialga|Pressure\n|move|p2a: Ninetales|Moonblast|p1a: Dialga\n|-damage|p1a: Dialga|181/266\n|\n|-weather|Snowscape|[upkeep]\n|-heal|p1a: Dialga|197/266|[from] item: Leftovers\n|upkeep\n|turn|11\n|\n|t:|1782741335\n|switch|p2a: Shaymin|Shaymin, L82|298/298\n|move|p1a: Dialga|Heavy Slam|p2a: Shaymin\n|-damage|p2a: Shaymin|242/298\n|\n|-weather|Snowscape|[upkeep]\n|-heal|p2a: Shaymin|260/298|[from] item: Leftovers\n|-heal|p1a: Dialga|213/266|[from] item: Leftovers\n|upkeep\n|turn|12\n|\n|t:|1782741349\n|move|p2a: Shaymin|Substitute|p2a: Shaymin\n|-start|p2a: Shaymin|Substitute\n|-damage|p2a: Shaymin|186/298\n|move|p1a: Dialga|Thunder Wave||[still]\n|-fail|p1a: Dialga\n|\n|-weather|none\n|-heal|p2a: Shaymin|204/298|[from] item: Leftovers\n|-heal|p1a: Dialga|229/266|[from] item: Leftovers\n|upkeep\n|turn|13\n|\n|t:|1782741353\n|move|p2a: Shaymin|Leech Seed|p1a: Dialga|[miss]\n|-miss|p2a: Shaymin|p1a: Dialga\n|move|p1a: Dialga|Fire Blast|p2a: Shaymin\n|-supereffective|p2a: Shaymin\n|-end|p2a: Shaymin|Substitute\n|\n|-heal|p2a: Shaymin|222/298|[from] item: Leftovers\n|-heal|p1a: Dialga|245/266|[from] item: Leftovers\n|upkeep\n|turn|14\n|\n|t:|1782741358\n|move|p2a: Shaymin|Leech Seed|p1a: Dialga\n|-start|p1a: Dialga|move: Leech Seed\n|move|p1a: Dialga|Fire Blast|p2a: Shaymin|[miss]\n|-miss|p1a: Dialga|p2a: Shaymin\n|\n|-heal|p2a: Shaymin|240/298|[from] item: Leftovers\n|-heal|p1a: Dialga|261/266|[from] item: Leftovers\n|-damage|p1a: Dialga|228/266|[from] Leech Seed|[of] p2a: Shaymin\n|-heal|p2a: Shaymin|273/298|[silent]\n|upkeep\n|turn|15\n|\n|t:|1782741361\n|switch|p1a: Clefable|Clefable, L83, M|293/293\n|move|p2a: Shaymin|Substitute|p2a: Shaymin\n|-start|p2a: Shaymin|Substitute\n|-damage|p2a: Shaymin|199/298\n|\n|-heal|p2a: Shaymin|217/298|[from] item: Leftovers\n|upkeep\n|turn|16\n|\n|t:|1782741369\n|switch|p1a: Dialga|Dialga, L73|228/266\n|-ability|p1a: Dialga|Pressure\n|move|p2a: Shaymin|Seed Flare|p1a: Dialga\n|-resisted|p1a: Dialga\n|-damage|p1a: Dialga|196/266\n|-unboost|p1a: Dialga|spd|2\n|\n|-heal|p2a: Shaymin|235/298|[from] item: Leftovers\n|-heal|p1a: Dialga|212/266|[from] item: Leftovers\n|-sideend|p2: star reacher|move: Aurora Veil\n|upkeep\n|turn|17\n|\n|t:|1782741373\n|switch|p1a: Clefable|Clefable, L83, M|293/293\n|move|p2a: Shaymin|Leech Seed|p1a: Clefable\n|-start|p1a: Clefable|move: Leech Seed\n|\n|-heal|p2a: Shaymin|253/298|[from] item: Leftovers\n|-damage|p1a: Clefable|257/293|[from] Leech Seed|[of] p2a: Shaymin\n|-heal|p2a: Shaymin|289/298|[silent]\n|upkeep\n|turn|18\n|\n|t:|1782741376\n|switch|p1a: Dialga|Dialga, L73|212/266\n|-ability|p1a: Dialga|Pressure\n|move|p2a: Shaymin|Seed Flare|p1a: Dialga\n|-resisted|p1a: Dialga\n|-damage|p1a: Dialga|179/266\n|-unboost|p1a: Dialga|spd|2\n|\n|-heal|p2a: Shaymin|298/298|[from] item: Leftovers\n|-heal|p1a: Dialga|195/266|[from] item: Leftovers\n|upkeep\n|turn|19\n|\n|t:|1782741382\n|switch|p1a: Clefable|Clefable, L83, M|257/293\n|move|p2a: Shaymin|Seed Flare|p1a: Clefable|[miss]\n|-miss|p2a: Shaymin|p1a: Clefable\n|\n|-heal|p1a: Clefable|275/293|[from] item: Leftovers\n|upkeep\n|turn|20\n|\n|t:|1782741387\n|move|p2a: Shaymin|Leech Seed|p1a: Clefable\n|-start|p1a: Clefable|move: Leech Seed\n|move|p1a: Clefable|Moonblast|p2a: Shaymin\n|-end|p2a: Shaymin|Substitute\n|\n|-heal|p1a: Clefable|293/293|[from] item: Leftovers\n|-damage|p1a: Clefable|257/293|[from] Leech Seed|[of] p2a: Shaymin\n|upkeep\n|turn|21\n|\n|t:|1782741392\n|switch|p1a: Dialga|Dialga, L73|195/266\n|-ability|p1a: Dialga|Pressure\n|move|p2a: Shaymin|Substitute|p2a: Shaymin\n|-start|p2a: Shaymin|Substitute\n|-damage|p2a: Shaymin|224/298\n|\n|-heal|p2a: Shaymin|242/298|[from] item: Leftovers\n|-heal|p1a: Dialga|211/266|[from] item: Leftovers\n|upkeep\n|turn|22\n|\n|t:|1782741394\n|switch|p1a: Clefable|Clefable, L83, M|257/293\n|move|p2a: Shaymin|Leech Seed|p1a: Clefable\n|-start|p1a: Clefable|move: Leech Seed\n|\n|-heal|p2a: Shaymin|260/298|[from] item: Leftovers\n|-heal|p1a: Clefable|275/293|[from] item: Leftovers\n|-damage|p1a: Clefable|239/293|[from] Leech Seed|[of] p2a: Shaymin\n|-heal|p2a: Shaymin|296/298|[silent]\n|upkeep\n|turn|23\n|\n|t:|1782741398\n|move|p2a: Shaymin|Air Slash|p1a: Clefable\n|-damage|p1a: Clefable|185/293\n|move|p1a: Clefable|Moonblast|p2a: Shaymin\n|-end|p2a: Shaymin|Substitute\n|\n|-heal|p2a: Shaymin|298/298|[from] item: Leftovers\n|-heal|p1a: Clefable|203/293|[from] item: Leftovers\n|-damage|p1a: Clefable|167/293|[from] Leech Seed|[of] p2a: Shaymin\n|upkeep\n|turn|24\n|\n|t:|1782741402\n|switch|p1a: Dialga|Dialga, L73|211/266\n|-ability|p1a: Dialga|Pressure\n|move|p2a: Shaymin|Substitute|p2a: Shaymin\n|-start|p2a: Shaymin|Substitute\n|-damage|p2a: Shaymin|224/298\n|\n|-heal|p2a: Shaymin|242/298|[from] item: Leftovers\n|-heal|p1a: Dialga|227/266|[from] item: Leftovers\n|upkeep\n|turn|25\n|\n|t:|1782741405\n|move|p2a: Shaymin|Leech Seed|p1a: Dialga\n|-start|p1a: Dialga|move: Leech Seed\n|move|p1a: Dialga|Heavy Slam|p2a: Shaymin\n|-end|p2a: Shaymin|Substitute\n|\n|-heal|p2a: Shaymin|260/298|[from] item: Leftovers\n|-heal|p1a: Dialga|243/266|[from] item: Leftovers\n|-damage|p1a: Dialga|210/266|[from] Leech Seed|[of] p2a: Shaymin\n|-heal|p2a: Shaymin|293/298|[silent]\n|upkeep\n|turn|26\n|\n|t:|1782741411\n|move|p2a: Shaymin|Substitute|p2a: Shaymin\n|-start|p2a: Shaymin|Substitute\n|-damage|p2a: Shaymin|219/298\n|move|p1a: Dialga|Heavy Slam|p2a: Shaymin\n|-end|p2a: Shaymin|Substitute\n|\n|-heal|p2a: Shaymin|237/298|[from] item: Leftovers\n|-heal|p1a: Dialga|226/266|[from] item: Leftovers\n|-damage|p1a: Dialga|193/266|[from] Leech Seed|[of] p2a: Shaymin\n|-heal|p2a: Shaymin|270/298|[silent]\n|upkeep\n|turn|27\n|\n|t:|1782741416\n|switch|p1a: Clefable|Clefable, L83, M|167/293\n|move|p2a: Shaymin|Substitute|p2a: Shaymin\n|-start|p2a: Shaymin|Substitute\n|-damage|p2a: Shaymin|196/298\n|\n|-heal|p2a: Shaymin|214/298|[from] item: Leftovers\n|-heal|p1a: Clefable|185/293|[from] item: Leftovers\n|upkeep\n|turn|28\n|\n|t:|1782741420\n|move|p2a: Shaymin|Leech Seed|p1a: Clefable\n|-start|p1a: Clefable|move: Leech Seed\n|move|p1a: Clefable|Moonlight|p1a: Clefable\n|-heal|p1a: Clefable|293/293\n|\n|-heal|p2a: Shaymin|232/298|[from] item: Leftovers\n|-damage|p1a: Clefable|257/293|[from] Leech Seed|[of] p2a: Shaymin\n|-heal|p2a: Shaymin|268/298|[silent]\n|upkeep\n|turn|29\n|\n|t:|1782741425\n|switch|p1a: Dialga|Dialga, L73|193/266\n|-ability|p1a: Dialga|Pressure\n|move|p2a: Shaymin|Air Slash|p1a: Dialga\n|-resisted|p1a: Dialga\n|-damage|p1a: Dialga|167/266\n|\n|-heal|p2a: Shaymin|286/298|[from] item: Leftovers\n|-heal|p1a: Dialga|183/266|[from] item: Leftovers\n|upkeep\n|turn|30\n|\n|t:|1782741427\n|move|p2a: Shaymin|Leech Seed|p1a: Dialga\n|-start|p1a: Dialga|move: Leech Seed\n|move|p1a: Dialga|Heavy Slam|p2a: Shaymin\n|-end|p2a: Shaymin|Substitute\n|\n|-heal|p2a: Shaymin|298/298|[from] item: Leftovers\n|-heal|p1a: Dialga|199/266|[from] item: Leftovers\n|-damage|p1a: Dialga|166/266|[from] Leech Seed|[of] p2a: Shaymin\n|upkeep\n|turn|31\n|\n|t:|1782741432\n|move|p2a: Shaymin|Substitute|p2a: Shaymin\n|-start|p2a: Shaymin|Substitute\n|-damage|p2a: Shaymin|224/298\n|move|p1a: Dialga|Heavy Slam|p2a: Shaymin\n|-end|p2a: Shaymin|Substitute\n|\n|-heal|p2a: Shaymin|242/298|[from] item: Leftovers\n|-heal|p1a: Dialga|182/266|[from] item: Leftovers\n|-damage|p1a: Dialga|149/266|[from] Leech Seed|[of] p2a: Shaymin\n|-heal|p2a: Shaymin|275/298|[silent]\n|upkeep\n|turn|32\n|\n|t:|1782741434\n|switch|p1a: Clefable|Clefable, L83, M|257/293\n|move|p2a: Shaymin|Substitute|p2a: Shaymin\n|-start|p2a: Shaymin|Substitute\n|-damage|p2a: Shaymin|201/298\n|\n|-heal|p2a: Shaymin|219/298|[from] item: Leftovers\n|-heal|p1a: Clefable|275/293|[from] item: Leftovers\n|upkeep\n|turn|33\n|\n|t:|1782741438\n|move|p2a: Shaymin|Leech Seed|p1a: Clefable\n|-start|p1a: Clefable|move: Leech Seed\n|move|p1a: Clefable|Moonblast|p2a: Shaymin\n|-end|p2a: Shaymin|Substitute\n|\n|-heal|p2a: Shaymin|237/298|[from] item: Leftovers\n|-heal|p1a: Clefable|293/293|[from] item: Leftovers\n|-damage|p1a: Clefable|257/293|[from] Leech Seed|[of] p2a: Shaymin\n|-heal|p2a: Shaymin|273/298|[silent]\n|upkeep\n|turn|34\n|\n|t:|1782741445\n|switch|p2a: Ho-Oh|Ho-Oh, L71|268/268\n|switch|p1a: Dialga|Dialga, L73|149/266\n|-ability|p1a: Dialga|Pressure\n|\n|-heal|p1a: Dialga|165/266|[from] item: Leftovers\n|upkeep\n|turn|35\n|\n|t:|1782741449\n|switch|p2a: Shaymin|Shaymin, L82|273/298\n|move|p1a: Dialga|Thunder Wave|p2a: Shaymin\n|-status|p2a: Shaymin|par\n|\n|-heal|p1a: Dialga|181/266|[from] item: Leftovers\n|-heal|p2a: Shaymin|291/298 par|[from] item: Leftovers\n|upkeep\n|turn|36\n|\n|t:|1782741455\n|move|p1a: Dialga|Fire Blast|p2a: Shaymin\n|-supereffective|p2a: Shaymin\n|-damage|p2a: Shaymin|119/298 par\n|cant|p2a: Shaymin|par\n|\n|-heal|p1a: Dialga|197/266|[from] item: Leftovers\n|-heal|p2a: Shaymin|137/298 par|[from] item: Leftovers\n|upkeep\n|turn|37\n|\n|t:|1782741463\n|move|p1a: Dialga|Fire Blast|p2a: Shaymin\n|-supereffective|p2a: Shaymin\n|-damage|p2a: Shaymin|0 fnt\n|faint|p2a: Shaymin\n|\n|-heal|p1a: Dialga|213/266|[from] item: Leftovers\n|upkeep\n|\n|t:|1782741466\n|switch|p2a: Sneasler|Sneasler, L74, M|240/240\n|turn|38\n|\n|t:|1782741471\n|switch|p1a: Banette|Banette, L93, M|177/270\n|move|p2a: Sneasler|Swords Dance|p2a: Sneasler\n|-boost|p2a: Sneasler|atk|2\n|\n|upkeep\n|turn|39\n|\n|t:|1782741480\n|move|p2a: Sneasler|Dire Claw|p1a: Banette\n|-resisted|p1a: Banette\n|-damage|p1a: Banette|92/270\n|move|p1a: Banette|Poltergeist|p2a: Sneasler|[miss]\n|-miss|p1a: Banette|p2a: Sneasler\n|\n|upkeep\n|turn|40\n|\n|t:|1782741498\n|-terastallize|p2a: Sneasler|Flying\n|move|p2a: Sneasler|Acrobatics|p1a: Banette\n|-damage|p1a: Banette|0 fnt\n|faint|p1a: Banette\n|\n|upkeep\n|\n|t:|1782741503\n|switch|p1a: Clefable|Clefable, L83, M|257/293\n|turn|41\n|\n|t:|1782741507\n|-terastallize|p1a: Clefable|Poison\n|move|p2a: Sneasler|Close Combat|p1a: Clefable\n|-resisted|p1a: Clefable\n|-damage|p1a: Clefable|185/293\n|-unboost|p2a: Sneasler|def|1\n|-unboost|p2a: Sneasler|spd|1\n|-enditem|p2a: Sneasler|White Herb\n|-clearnegativeboost|p2a: Sneasler|[silent]\n|move|p1a: Clefable|Thunder Wave|p2a: Sneasler\n|-status|p2a: Sneasler|par\n|\n|-heal|p1a: Clefable|203/293|[from] item: Leftovers\n|upkeep\n|turn|42\n|\n|t:|1782741518\n|move|p2a: Sneasler|Acrobatics|p1a: Clefable\n|-damage|p1a: Clefable|82/293\n|move|p1a: Clefable|Moonblast|p2a: Sneasler\n|-damage|p2a: Sneasler|117/240 par\n|-unboost|p2a: Sneasler|spa|1\n|\n|-heal|p1a: Clefable|100/293|[from] item: Leftovers\n|upkeep\n|turn|43\n|\n|t:|1782741522\n|switch|p1a: Dialga|Dialga, L73|213/266\n|-ability|p1a: Dialga|Pressure\n|move|p2a: Sneasler|Acrobatics|p1a: Dialga\n|-resisted|p1a: Dialga\n|-damage|p1a: Dialga|110/266\n|\n|-heal|p1a: Dialga|126/266|[from] item: Leftovers\n|upkeep\n|turn|44\n|\n|t:|1782741526\n|move|p2a: Sneasler|Close Combat|p1a: Dialga\n|-supereffective|p1a: Dialga\n|-damage|p1a: Dialga|0 fnt\n|-unboost|p2a: Sneasler|def|1\n|-unboost|p2a: Sneasler|spd|1\n|faint|p1a: Dialga\n|\n|upkeep\n|\n|t:|1782741529\n|switch|p1a: Roaring Moon|Roaring Moon, L72|270/270\n|turn|45\n|\n|t:|1782741532\n|move|p2a: Sneasler|Close Combat|p1a: Roaring Moon\n|-supereffective|p1a: Roaring Moon\n|-damage|p1a: Roaring Moon|0 fnt\n|-unboost|p2a: Sneasler|def|1\n|-unboost|p2a: Sneasler|spd|1\n|faint|p1a: Roaring Moon\n|-end|p1a: Roaring Moon|Protosynthesis|[silent]\n|\n|upkeep\n|-message|WarrPig forfeited.\n|\n|win|star reacher\n|raw|WarrPig's rating: 1993 &rarr; <strong>1977</strong><br />(-16 for losing)\n|raw|star reacher's rating: 2064 &rarr; <strong>2080</strong><br />(+16 for winning)\n|l|\u2606WarrPig\n|player|p1|\n", "inputlog": ">version f8ac14003a5f27e1bdc8d8c59608a773c1cb96e5\n>start {\"formatid\":\"gen9randombattle\",\"seed\":\"sodium,2fe0c1a82f9d16f17806a83254c21c03\",\"rated\":\"Rated battle\"}\n>player p1 {\"name\":\"WarrPig\",\"avatar\":\"ltsurge\",\"rating\":1993,\"seed\":\"sodium,0a059d0592466a0874ae6b54fb8695ab\"}\n>player p2 {\"name\":\"star reacher\",\"avatar\":\"psychic\",\"rating\":2064,\"seed\":\"sodium,a0c546929b30d96c9b7ce5af1c8b4b41\"}\n>p1 switch 6\n>p2 move swordsdance\n>p1 move poltergeist\n>p2 switch 4\n>p1 move poltergeist\n>p2 move iceshard\n>p2 switch 6\n>p1 switch 3\n>p2 move knockoff\n>p1 switch 5\n>p2 move knockoff\n>p1 switch 6\n>p1 move uturn\n>p2 move highjumpkick\n>p1 switch 5\n>p1 move sludgebomb\n>p2 move knockoff\n>p2 switch 2\n>p1 move sleeppowder\n>p2 move blizzard\n>p1 switch 5\n>p1 move ironhead\n>p2 move auroraveil\n>p1 switch 2\n>p2 move moonblast\n>p1 move heavyslam\n>p2 switch 3\n>p1 move thunderwave\n>p2 move substitute\n>p1 move fireblast\n>p2 move leechseed\n>p1 move fireblast\n>p2 move leechseed\n>p1 switch 4\n>p2 move substitute\n>p1 switch 4\n>p2 move seedflare\n>p1 switch 4\n>p2 move leechseed\n>p1 switch 4\n>p2 move seedflare\n>p1 switch 4\n>p2 move seedflare\n>p1 move moonblast\n>p2 move leechseed\n>p1 switch 4\n>p2 move substitute\n>p1 switch 4\n>p2 move leechseed\n>p1 move moonblast\n>p2 move airslash\n>p1 switch 4\n>p2 move substitute\n>p1 move heavyslam\n>p2 move leechseed\n>p1 move heavyslam\n>p2 move substitute\n>p1 switch 4\n>p2 move substitute\n>p1 move moonlight\n>p2 move leechseed\n>p1 switch 4\n>p2 move airslash\n>p1 move heavyslam\n>p2 move leechseed\n>p1 move heavyslam\n>p2 move substitute\n>p1 switch 4\n>p2 move substitute\n>p1 move moonblast\n>p2 move leechseed\n>p1 switch 4\n>p2 switch 5\n>p1 move thunderwave\n>p2 switch 5\n>p1 move fireblast\n>p2 move leechseed\n>p1 move fireblast\n>p2 move leechseed\n>p2 switch 4\n>p1 switch 3\n>p2 move swordsdance\n>p1 move poltergeist\n>p2 move direclaw\n>p1 move poltergeist\n>p2 move acrobatics terastallize\n>p1 switch 4\n>p1 move thunderwave terastallize\n>p2 move closecombat\n>p1 move moonblast\n>p2 move acrobatics\n>p1 switch 3\n>p2 move acrobatics\n>p1 move heavyslam\n>p2 move closecombat\n>p1 switch 2\n>p1 move knockoff\n>p2 move closecombat\n>forcelose p1", "uploadtime": 1782741536, "views": 6, "formatid": "gen9randombattle", "rating": 1977, "private": 0, "password": null, "player_dets": [{"name": "WarrPig", "avatar": "ltsurge", "rating": 1993, "seed": "sodium,0a059d0592466a0874ae6b54fb8695ab"}, {"name": "star reacher", "avatar": "psychic", "rating": 2064, "seed": "sodium,a0c546929b30d96c9b7ce5af1c8b4b41"}], "teams_full": [{"Roaring Moon": {"name": "Roaring Moon", "species": "Roaring Moon", "speciesId": "roaringmoon", "gender": "N", "shiny": false, "level": 72, "moves": ["uturn", "knockoff", "outrage", "ironhead"], "ability": "Protosynthesis", "evs": {"hp": 85, "atk": 85, "def": 85, "spa": 85, "spd": 85, "spe": 85}, "ivs": {"hp": 31, "atk": 31, "def": 31, "spa": 31, "spd": 31, "spe": 31}, "item": "Choice Band", "teraType": "Dark", "role": "Bulky Attacker", "bvs": {"hp": 105, "atk": 139, "def": 71, "spa": 55, "spd": 101, "spe": 119}, "stats": {"hp": 270, "atk": 242, "def": 144, "spa": 121, "spd": 187, "spe": 213}, "types": ["Dragon", "Dark"]}, "Dialga": {"name": "Dialga", "species": "Dialga", "speciesId": "dialga", "gender": "N", "shiny": false, "level": 73, "moves": ["dracometeor", "thunderwave", "heavyslam", "fireblast"], "ability": "Pressure", "evs": {"hp": 85, "atk": 85, "def": 85, "spa": 85, "spd": 85, "spe": 85}, "ivs": {"hp": 31, "atk": 31, "def": 31, "spa": 31, "spd": 31, "spe": 31}, "item": "Leftovers", "teraType": "Steel", "role": "Bulky Attacker", "bvs": {"hp": 100, "atk": 120, "def": 120, "spa": 150, "spd": 100, "spe": 90}, "stats": {"hp": 266, "atk": 218, "def": 218, "spa": 261, "spd": 188, "spe": 174}, "types": ["Steel", "Dragon"]}, "Venusaur": {"name": "Venusaur", "species": "Venusaur", "speciesId": "venusaur", "gender": "M", "shiny": false, "level": 84, "moves": ["sleeppowder", "synthesis", "sludgebomb", "earthpower"], "ability": "Chlorophyll", "evs": {"hp": 85, "atk": 0, "def": 85, "spa": 85, "spd": 85, "spe": 85}, "ivs": {"hp": 31, "atk": 0, "def": 31, "spa": 31, "spd": 31, "spe": 31}, "item": "Leftovers", "teraType": "Water", "role": "Bulky Attacker", "bvs": {"hp": 80, "atk": 82, "def": 83, "spa": 100, "spd": 100, "spe": 80}, "stats": {"hp": 272, "atk": 142, "def": 188, "spa": 216, "spd": 216, "spe": 183}, "types": ["Grass", "Poison"]}, "Clefable": {"name": "Clefable", "species": "Clefable", "speciesId": "clefable", "gender": "M", "shiny": false, "level": 83, "moves": ["moonlight", "moonblast", "thunderwave", "knockoff"], "ability": "Unaware", "evs": {"hp": 85, "atk": 85, "def": 85, "spa": 85, "spd": 85, "spe": 85}, "ivs": {"hp": 31, "atk": 31, "def": 31, "spa": 31, "spd": 31, "spe": 31}, "item": "Leftovers", "teraType": "Poison", "role": "Bulky Support", "bvs": {"hp": 95, "atk": 70, "def": 73, "spa": 95, "spd": 90, "spe": 60}, "stats": {"hp": 293, "atk": 164, "def": 169, "spa": 205, "spd": 197, "spe": 147}, "types": ["Fairy"]}, "Delphox": {"name": "Delphox", "species": "Delphox", "speciesId": "delphox", "gender": "M", "shiny": false, "level": 84, "moves": ["psyshock", "grassknot", "fireblast", "nastyplot"], "ability": "Blaze", "evs": {"hp": 85, "atk": 0, "def": 85, "spa": 85, "spd": 85, "spe": 85}, "ivs": {"hp": 31, "atk": 0, "def": 31, "spa": 31, "spd": 31, "spe": 31}, "item": "Heavy-Duty Boots", "teraType": "Fire", "role": "Fast Attacker", "bvs": {"hp": 75, "atk": 69, "def": 72, "spa": 114, "spd": 100, "spe": 104}, "stats": {"hp": 263, "atk": 120, "def": 169, "spa": 240, "spd": 216, "spe": 223}, "types": ["Fire", "Psychic"]}, "Banette": {"name": "Banette", "species": "Banette", "speciesId": "banette", "gender": "M", "shiny": false, "level": 93, "moves": ["thunderwave", "shadowsneak", "gunkshot", "poltergeist"], "ability": "Cursed Body", "evs": {"hp": 85, "atk": 85, "def": 85, "spa": 85, "spd": 85, "spe": 85}, "ivs": {"hp": 31, "atk": 31, "def": 31, "spa": 31, "spd": 31, "spe": 31}, "item": "Life Orb", "teraType": "Ghost", "role": "Wallbreaker", "bvs": {"hp": 64, "atk": 115, "def": 65, "spa": 83, "spd": 63, "spe": 65}, "stats": {"hp": 270, "atk": 267, "def": 174, "spa": 207, "spd": 170, "spe": 174}, "types": ["Ghost"]}}, {"Sneasler": {"name": "Sneasler", "species": "Sneasler", "speciesId": "sneasler", "gender": "M", "shiny": false, "level": 74, "moves": ["acrobatics", "swordsdance", "closecombat", "direclaw"], "ability": "Unburden", "evs": {"hp": 85, "atk": 85, "def": 85, "spa": 85, "spd": 85, "spe": 85}, "ivs": {"hp": 31, "atk": 31, "def": 31, "spa": 31, "spd": 31, "spe": 31}, "item": "White Herb", "teraType": "Flying", "role": "Setup Sweeper", "bvs": {"hp": 80, "atk": 130, "def": 60, "spa": 40, "spd": 80, "spe": 120}, "stats": {"hp": 240, "atk": 235, "def": 132, "spa": 102, "spd": 161, "spe": 221}, "types": ["Fighting", "Poison"]}, "Ninetales": {"name": "Ninetales", "species": "Ninetales-Alola", "speciesId": "ninetalesalola", "gender": "F", "shiny": false, "level": 78, "moves": ["auroraveil", "moonblast", "freezedry", "blizzard"], "ability": "Snow Warning", "evs": {"hp": 85, "atk": 0, "def": 85, "spa": 85, "spd": 85, "spe": 85}, "ivs": {"hp": 31, "atk": 0, "def": 31, "spa": 31, "spd": 31, "spe": 31}, "item": "Light Clay", "teraType": "Steel", "role": "Fast Attacker", "bvs": {"hp": 73, "atk": 67, "def": 75, "spa": 81, "spd": 100, "spe": 109}, "stats": {"hp": 242, "atk": 109, "def": 162, "spa": 171, "spd": 201, "spe": 215}, "types": ["Ice", "Fairy"]}, "Shaymin": {"name": "Shaymin", "species": "Shaymin", "speciesId": "shaymin", "gender": "N", "shiny": false, "level": 82, "moves": ["seedflare", "airslash", "substitute", "leechseed"], "ability": "Natural Cure", "evs": {"hp": 85, "atk": 0, "def": 85, "spa": 85, "spd": 85, "spe": 85}, "ivs": {"hp": 31, "atk": 0, "def": 31, "spa": 31, "spd": 31, "spe": 31}, "item": "Leftovers", "teraType": "Steel", "role": "Bulky Support", "bvs": {"hp": 100, "atk": 100, "def": 100, "spa": 100, "spd": 100, "spe": 100}, "stats": {"hp": 298, "atk": 169, "def": 211, "spa": 211, "spd": 211, "spe": 211}, "types": ["Grass"]}, "Donphan": {"name": "Donphan", "species": "Donphan", "speciesId": "donphan", "gender": "F", "shiny": false, "level": 84, "moves": ["iceshard", "stealthrock", "rapidspin", "earthquake"], "ability": "Sturdy", "evs": {"hp": 85, "atk": 85, "def": 85, "spa": 85, "spd": 85, "spe": 85}, "ivs": {"hp": 31, "atk": 31, "def": 31, "spa": 31, "spd": 31, "spe": 31}, "item": "Leftovers", "teraType": "Steel", "role": "Bulky Support", "bvs": {"hp": 90, "atk": 120, "def": 120, "spa": 60, "spd": 60, "spe": 50}, "stats": {"hp": 288, "atk": 250, "def": 250, "spa": 149, "spd": 149, "spe": 132}, "types": ["Ground"]}, "Ho-Oh": {"name": "Ho-Oh", "species": "Ho-Oh", "speciesId": "hooh", "gender": "N", "shiny": false, "level": 71, "moves": ["bravebird", "earthquake", "sacredfire", "recover"], "ability": "Regenerator", "evs": {"hp": 85, "atk": 85, "def": 85, "spa": 85, "spd": 85, "spe": 85}, "ivs": {"hp": 31, "atk": 31, "def": 31, "spa": 31, "spd": 31, "spe": 31}, "item": "Heavy-Duty Boots", "teraType": "Ground", "role": "Bulky Attacker", "bvs": {"hp": 106, "atk": 130, "def": 90, "spa": 110, "spd": 154, "spe": 90}, "stats": {"hp": 268, "atk": 226, "def": 169, "spa": 198, "spd": 260, "spe": 169}, "types": ["Fire", "Flying"]}, "Tsareena": {"name": "Tsareena", "species": "Tsareena", "speciesId": "tsareena", "gender": "F", "shiny": false, "level": 87, "moves": ["powerwhip", "knockoff", "highjumpkick", "synthesis"], "ability": "Queenly Majesty", "evs": {"hp": 85, "atk": 85, "def": 85, "spa": 85, "spd": 85, "spe": 85}, "ivs": {"hp": 31, "atk": 31, "def": 31, "spa": 31, "spd": 31, "spe": 31}, "item": "Life Orb", "teraType": "Fighting", "role": "Fast Support", "bvs": {"hp": 72, "atk": 120, "def": 98, "spa": 50, "spd": 98, "spe": 72}, "stats": {"hp": 267, "atk": 259, "def": 220, "spa": 137, "spd": 220, "spe": 175}, "types": ["Grass"]}}]}