{"id": "gen9randombattle-2641516676", "format": "[Gen 9] Random Battle", "players": ["Point buggy to", "Assassin265"], "log": "|j|\u2606Point buggy to\n|j|\u2606Assassin265\n|t:|1782798801\n|gametype|singles\n|player|p1|Point buggy to|2|1477\n|player|p2|Assassin265|101|1460\n|gen|9\n|tier|[Gen 9] Random Battle\n|rated|\n|rule|Species Clause: Limit one of each Pok\u00e9mon\n|rule|HP Percentage Mod: HP is shown in percentages\n|rule|Sleep Clause Mod: Limit one foe put to sleep\n|rule|Illusion Level Mod: Illusion disguises the Pok\u00e9mon's true level\n|\n|t:|1782798801\n|teamsize|p1|6\n|teamsize|p2|6\n|start\n|switch|p1a: Iron Treads|Iron Treads, L77|265/265\n|switch|p2a: Hydrapple|Hydrapple, L83, M|312/312\n|turn|1\n|inactive|Battle timer is ON: inactive players will automatically lose when time's up. (requested by Point buggy to)\n|\n|t:|1782798814\n|-end|p1a: Iron Treads|Quark Drive|[silent]\n|switch|p1a: Chansey|Chansey, L85, F|564/564\n|move|p2a: Hydrapple|Earth Power|p1a: Chansey\n|-damage|p1a: Chansey|524/564\n|\n|upkeep\n|turn|2\n|\n|t:|1782798819\n|move|p1a: Chansey|Thunder Wave|p2a: Hydrapple\n|-status|p2a: Hydrapple|par\n|cant|p2a: Hydrapple|par\n|\n|upkeep\n|turn|3\n|\n|t:|1782798823\n|move|p1a: Chansey|Seismic Toss|p2a: Hydrapple\n|-damage|p2a: Hydrapple|227/312 par\n|move|p2a: Hydrapple|Dragon Tail|p1a: Chansey\n|-damage|p1a: Chansey|409/564\n|drag|p1a: Politoed|Politoed, L88, M|302/302\n|-weather|RainDance|[from] ability: Drizzle|[of] p1a: Politoed\n|\n|-weather|RainDance|[upkeep]\n|upkeep\n|turn|4\n|\n|t:|1782798840\n|switch|p2a: Vaporeon|Vaporeon, L86, F|364/364\n|move|p1a: Politoed|Ice Beam|p2a: Vaporeon\n|-resisted|p2a: Vaporeon\n|-damage|p2a: Vaporeon|332/364\n|\n|-weather|RainDance|[upkeep]\n|-heal|p2a: Vaporeon|354/364|[from] item: Leftovers\n|upkeep\n|turn|5\n|\n|t:|1782798845\n|switch|p1a: Snorlax|Snorlax, L82, F|397/397\n|move|p2a: Vaporeon|Scald|p1a: Snorlax\n|-damage|p1a: Snorlax|261/397\n|\n|-weather|RainDance|[upkeep]\n|-heal|p2a: Vaporeon|364/364|[from] item: Leftovers\n|upkeep\n|turn|6\n|\n|t:|1782798858\n|move|p2a: Vaporeon|Scald|p1a: Snorlax\n|-crit|p1a: Snorlax\n|-damage|p1a: Snorlax|81/397\n|move|p1a: Snorlax|Rest|p1a: Snorlax\n|-status|p1a: Snorlax|slp|[from] move: Rest\n|-heal|p1a: Snorlax|397/397 slp|[silent]\n|-enditem|p1a: Snorlax|Chesto Berry|[eat]\n|-curestatus|p1a: Snorlax|slp|[msg]\n|\n|-weather|RainDance|[upkeep]\n|upkeep\n|turn|7\n|\n|t:|1782798862\n|move|p2a: Vaporeon|Scald|p1a: Snorlax\n|-damage|p1a: Snorlax|259/397\n|move|p1a: Snorlax|Body Slam|p2a: Vaporeon\n|-damage|p2a: Vaporeon|252/364\n|\n|-weather|none\n|-heal|p2a: Vaporeon|274/364|[from] item: Leftovers\n|upkeep\n|turn|8\n|\n|t:|1782798872\n|switch|p2a: Rhydon|Rhydon, L85, M|317/317\n|move|p1a: Snorlax|Body Slam|p2a: Rhydon\n|-resisted|p2a: Rhydon\n|-damage|p2a: Rhydon|295/317\n|\n|upkeep\n|turn|9\n|\n|t:|1782798877\n|move|p2a: Rhydon|Swords Dance|p2a: Rhydon\n|-boost|p2a: Rhydon|atk|2\n|move|p1a: Snorlax|Earthquake|p2a: Rhydon\n|-supereffective|p2a: Rhydon\n|-damage|p2a: Rhydon|215/317\n|\n|upkeep\n|turn|10\n|\n|t:|1782798881\n|move|p2a: Rhydon|Earthquake|p1a: Snorlax\n|-damage|p1a: Snorlax|0 fnt\n|faint|p1a: Snorlax\n|\n|upkeep\n|\n|t:|1782798884\n|switch|p1a: Politoed|Politoed, L88, M|302/302\n|-weather|RainDance|[from] ability: Drizzle|[of] p1a: Politoed\n|turn|11\n|\n|t:|1782798890\n|-terastallize|p2a: Rhydon|Grass\n|move|p1a: Politoed|Haze|p1a: Politoed\n|-clearallboost\n|move|p2a: Rhydon|Earthquake|p1a: Politoed\n|-damage|p1a: Politoed|157/302\n|\n|-weather|RainDance|[upkeep]\n|-heal|p1a: Politoed|175/302|[from] item: Leftovers\n|upkeep\n|turn|12\n|\n|t:|1782798897\n|switch|p2a: Vaporeon|Vaporeon, L86, F|274/364\n|move|p1a: Politoed|Ice Beam|p2a: Vaporeon\n|-resisted|p2a: Vaporeon\n|-damage|p2a: Vaporeon|242/364\n|\n|-weather|RainDance|[upkeep]\n|-heal|p1a: Politoed|193/302|[from] item: Leftovers\n|-heal|p2a: Vaporeon|264/364|[from] item: Leftovers\n|upkeep\n|turn|13\n|\n|t:|1782798904\n|switch|p1a: Chansey|Chansey, L85, F|409/564\n|move|p2a: Vaporeon|Scald|p1a: Chansey\n|-damage|p1a: Chansey|318/564\n|\n|-weather|RainDance|[upkeep]\n|-heal|p2a: Vaporeon|286/364|[from] item: Leftovers\n|upkeep\n|turn|14\n|\n|t:|1782798908\n|move|p2a: Vaporeon|Wish|p2a: Vaporeon\n|move|p1a: Chansey|Soft-Boiled|p1a: Chansey\n|-heal|p1a: Chansey|564/564\n|\n|-weather|RainDance|[upkeep]\n|-heal|p2a: Vaporeon|308/364|[from] item: Leftovers\n|upkeep\n|turn|15\n|\n|t:|1782798911\n|switch|p2a: Rhydon|Rhydon, L85, M, tera:Grass|215/317\n|move|p1a: Chansey|Thunder Wave|p2a: Rhydon\n|-ability|p2a: Rhydon|Lightning Rod|boost\n|-boost|p2a: Rhydon|spa|1\n|\n|-weather|none\n|-heal|p2a: Rhydon|317/317|[from] move: Wish|[wisher] Vaporeon\n|upkeep\n|turn|16\n|\n|t:|1782798916\n|move|p1a: Chansey|Seismic Toss|p2a: Rhydon\n|-damage|p2a: Rhydon|232/317\n|move|p2a: Rhydon|Swords Dance|p2a: Rhydon\n|-boost|p2a: Rhydon|atk|2\n|\n|upkeep\n|turn|17\n|\n|t:|1782798930\n|switch|p1a: Thundurus|Thundurus, L80, M|258/258\n|move|p2a: Rhydon|Earthquake|p1a: Thundurus\n|-immune|p1a: Thundurus\n|\n|upkeep\n|turn|18\n|\n|t:|1782798938\n|move|p1a: Thundurus|Knock Off|p2a: Rhydon\n|-damage|p2a: Rhydon|197/317\n|-enditem|p2a: Rhydon|Eviolite|[from] move: Knock Off|[of] p1a: Thundurus\n|move|p2a: Rhydon|Stone Edge|p1a: Thundurus|[miss]\n|-miss|p2a: Rhydon|p1a: Thundurus\n|\n|upkeep\n|turn|19\n|\n|t:|1782798943\n|move|p1a: Thundurus|Acrobatics|p2a: Rhydon\n|-supereffective|p2a: Rhydon\n|-damage|p2a: Rhydon|0 fnt\n|faint|p2a: Rhydon\n|\n|upkeep\n|\n|t:|1782798951\n|switch|p2a: Glastrier|Glastrier, L86|311/311\n|turn|20\n|c|\u2606Assassin265|this game should end itself\n|\n|t:|1782798968\n|move|p1a: Thundurus|Taunt|p2a: Glastrier\n|-start|p2a: Glastrier|move: Taunt\n|move|p2a: Glastrier|Icicle Crash|p1a: Thundurus\n|-supereffective|p1a: Thundurus\n|-damage|p1a: Thundurus|0 fnt\n|faint|p1a: Thundurus\n|-ability|p2a: Glastrier|Chilling Neigh|boost\n|-boost|p2a: Glastrier|atk|1\n|\n|upkeep\n|\n|t:|1782798971\n|switch|p1a: Chansey|Chansey, L85, F|564/564\n|turn|21\n|\n|t:|1782798978\n|move|p1a: Chansey|Thunder Wave|p2a: Glastrier\n|-status|p2a: Glastrier|par\n|cant|p2a: Glastrier|par\n|\n|upkeep\n|turn|22\n|\n|t:|1782798983\n|switch|p1a: Jirachi|Jirachi, L80|291/291\n|cant|p2a: Glastrier|par\n|\n|-end|p2a: Glastrier|move: Taunt\n|upkeep\n|turn|23\n|\n|t:|1782798987\n|switch|p2a: Vaporeon|Vaporeon, L86, F|308/364\n|move|p1a: Jirachi|Iron Head|p2a: Vaporeon\n|-resisted|p2a: Vaporeon\n|-damage|p2a: Vaporeon|259/364\n|\n|-heal|p2a: Vaporeon|281/364|[from] item: Leftovers\n|upkeep\n|turn|24\n|\n|t:|1782798990\n|move|p1a: Jirachi|Body Slam|p2a: Vaporeon\n|-damage|p2a: Vaporeon|211/364\n|-status|p2a: Vaporeon|par\n|move|p2a: Vaporeon|Scald|p1a: Jirachi\n|-damage|p1a: Jirachi|231/291\n|\n|-heal|p2a: Vaporeon|233/364 par|[from] item: Leftovers\n|upkeep\n|turn|25\n|\n|t:|1782798999\n|move|p1a: Jirachi|Iron Head|p2a: Vaporeon\n|-resisted|p2a: Vaporeon\n|-damage|p2a: Vaporeon|184/364 par\n|cant|p2a: Vaporeon|flinch\n|\n|-heal|p2a: Vaporeon|206/364 par|[from] item: Leftovers\n|upkeep\n|turn|26\n|\n|t:|1782799002\n|move|p2a: Vaporeon|Protect|p2a: Vaporeon\n|-singleturn|p2a: Vaporeon|Protect\n|move|p1a: Jirachi|Iron Head|p2a: Vaporeon\n|-activate|p2a: Vaporeon|move: Protect\n|\n|-heal|p2a: Vaporeon|228/364 par|[from] item: Leftovers\n|upkeep\n|turn|27\n|\n|t:|1782799004\n|move|p1a: Jirachi|Iron Head|p2a: Vaporeon\n|-resisted|p2a: Vaporeon\n|-damage|p2a: Vaporeon|174/364 par\n|cant|p2a: Vaporeon|par\n|\n|-heal|p2a: Vaporeon|196/364 par|[from] item: Leftovers\n|upkeep\n|turn|28\n|\n|t:|1782799009\n|move|p2a: Vaporeon|Protect|p2a: Vaporeon\n|-singleturn|p2a: Vaporeon|Protect\n|move|p1a: Jirachi|Iron Head|p2a: Vaporeon\n|-activate|p2a: Vaporeon|move: Protect\n|\n|-heal|p2a: Vaporeon|218/364 par|[from] item: Leftovers\n|upkeep\n|turn|29\n|\n|t:|1782799019\n|move|p1a: Jirachi|Iron Head|p2a: Vaporeon\n|-resisted|p2a: Vaporeon\n|-crit|p2a: Vaporeon\n|-damage|p2a: Vaporeon|137/364 par\n|cant|p2a: Vaporeon|flinch\n|\n|-heal|p2a: Vaporeon|159/364 par|[from] item: Leftovers\n|upkeep\n|turn|30\n|\n|t:|1782799024\n|cant|p2a: Vaporeon|par\n|move|p1a: Jirachi|Iron Head|p2a: Vaporeon\n|-resisted|p2a: Vaporeon\n|-damage|p2a: Vaporeon|110/364 par\n|\n|-heal|p2a: Vaporeon|132/364 par|[from] item: Leftovers\n|upkeep\n|turn|31\n|\n|t:|1782799031\n|move|p2a: Vaporeon|Protect|p2a: Vaporeon\n|-singleturn|p2a: Vaporeon|Protect\n|move|p1a: Jirachi|Iron Head|p2a: Vaporeon\n|-activate|p2a: Vaporeon|move: Protect\n|\n|-heal|p2a: Vaporeon|154/364 par|[from] item: Leftovers\n|upkeep\n|turn|32\n|\n|t:|1782799039\n|move|p1a: Jirachi|Iron Head|p2a: Vaporeon\n|-resisted|p2a: Vaporeon\n|-damage|p2a: Vaporeon|103/364 par\n|move|p2a: Vaporeon|Wish|p2a: Vaporeon\n|\n|-heal|p2a: Vaporeon|125/364 par|[from] item: Leftovers\n|upkeep\n|turn|33\n|\n|t:|1782799045\n|move|p2a: Vaporeon|Protect|p2a: Vaporeon\n|-singleturn|p2a: Vaporeon|Protect\n|move|p1a: Jirachi|Drain Punch|p2a: Vaporeon\n|-activate|p2a: Vaporeon|move: Protect\n|\n|-heal|p2a: Vaporeon|307/364 par|[from] move: Wish|[wisher] Vaporeon\n|-heal|p2a: Vaporeon|329/364 par|[from] item: Leftovers\n|upkeep\n|turn|34\n|\n|t:|1782799052\n|move|p1a: Jirachi|Iron Head|p2a: Vaporeon\n|-resisted|p2a: Vaporeon\n|-damage|p2a: Vaporeon|275/364 par\n|cant|p2a: Vaporeon|flinch\n|\n|-heal|p2a: Vaporeon|297/364 par|[from] item: Leftovers\n|upkeep\n|turn|35\n|\n|t:|1782799059\n|cant|p2a: Vaporeon|par\n|move|p1a: Jirachi|Drain Punch|p2a: Vaporeon\n|-damage|p2a: Vaporeon|237/364 par\n|-heal|p1a: Jirachi|261/291|[from] drain|[of] p2a: Vaporeon\n|\n|-heal|p2a: Vaporeon|259/364 par|[from] item: Leftovers\n|upkeep\n|turn|36\n|\n|t:|1782799063\n|move|p1a: Jirachi|Drain Punch|p2a: Vaporeon\n|-damage|p2a: Vaporeon|191/364 par\n|-heal|p1a: Jirachi|291/291|[from] drain|[of] p2a: Vaporeon\n|move|p2a: Vaporeon|Scald|p1a: Jirachi\n|-damage|p1a: Jirachi|227/291\n|\n|-heal|p2a: Vaporeon|213/364 par|[from] item: Leftovers\n|upkeep\n|turn|37\n|\n|t:|1782799072\n|move|p1a: Jirachi|Iron Head|p2a: Vaporeon\n|-resisted|p2a: Vaporeon\n|-damage|p2a: Vaporeon|165/364 par\n|cant|p2a: Vaporeon|flinch\n|\n|-heal|p2a: Vaporeon|187/364 par|[from] item: Leftovers\n|upkeep\n|turn|38\n|\n|t:|1782799075\n|move|p1a: Jirachi|Iron Head|p2a: Vaporeon\n|-resisted|p2a: Vaporeon\n|-damage|p2a: Vaporeon|133/364 par\n|cant|p2a: Vaporeon|flinch\n|\n|-heal|p2a: Vaporeon|155/364 par|[from] item: Leftovers\n|upkeep\n|turn|39\n|\n|t:|1782799078\n|cant|p2a: Vaporeon|par\n|move|p1a: Jirachi|Iron Head|p2a: Vaporeon\n|-resisted|p2a: Vaporeon\n|-damage|p2a: Vaporeon|105/364 par\n|\n|-heal|p2a: Vaporeon|127/364 par|[from] item: Leftovers\n|upkeep\n|turn|40\n|\n|t:|1782799081\n|cant|p2a: Vaporeon|par\n|move|p1a: Jirachi|Iron Head|p2a: Vaporeon\n|-resisted|p2a: Vaporeon\n|-damage|p2a: Vaporeon|78/364 par\n|\n|-heal|p2a: Vaporeon|100/364 par|[from] item: Leftovers\n|upkeep\n|turn|41\n|\n|t:|1782799086\n|-terastallize|p1a: Jirachi|Fighting\n|move|p2a: Vaporeon|Protect|p2a: Vaporeon\n|-singleturn|p2a: Vaporeon|Protect\n|move|p1a: Jirachi|Drain Punch|p2a: Vaporeon\n|-activate|p2a: Vaporeon|move: Protect\n|\n|-heal|p2a: Vaporeon|122/364 par|[from] item: Leftovers\n|upkeep\n|turn|42\n|\n|t:|1782799092\n|move|p1a: Jirachi|Drain Punch|p2a: Vaporeon\n|-damage|p2a: Vaporeon|20/364 par\n|-heal|p1a: Jirachi|278/291|[from] drain|[of] p2a: Vaporeon\n|move|p2a: Vaporeon|Wish|p2a: Vaporeon\n|\n|-heal|p2a: Vaporeon|42/364 par|[from] item: Leftovers\n|upkeep\n|turn|43\n|\n|t:|1782799098\n|move|p2a: Vaporeon|Protect|p2a: Vaporeon\n|-singleturn|p2a: Vaporeon|Protect\n|move|p1a: Jirachi|Drain Punch|p2a: Vaporeon\n|-activate|p2a: Vaporeon|move: Protect\n|\n|-heal|p2a: Vaporeon|224/364 par|[from] move: Wish|[wisher] Vaporeon\n|-heal|p2a: Vaporeon|246/364 par|[from] item: Leftovers\n|upkeep\n|turn|44\n|\n|t:|1782799106\n|move|p1a: Jirachi|Iron Head|p2a: Vaporeon\n|-resisted|p2a: Vaporeon\n|-damage|p2a: Vaporeon|192/364 par\n|cant|p2a: Vaporeon|flinch\n|\n|-heal|p2a: Vaporeon|214/364 par|[from] item: Leftovers\n|upkeep\n|turn|45\n|\n|t:|1782799113\n|move|p2a: Vaporeon|Protect|p2a: Vaporeon\n|-singleturn|p2a: Vaporeon|Protect\n|move|p1a: Jirachi|Iron Head|p2a: Vaporeon\n|-activate|p2a: Vaporeon|move: Protect\n|\n|-heal|p2a: Vaporeon|236/364 par|[from] item: Leftovers\n|upkeep\n|turn|46\n|\n|t:|1782799126\n|move|p1a: Jirachi|Iron Head|p2a: Vaporeon\n|-resisted|p2a: Vaporeon\n|-damage|p2a: Vaporeon|187/364 par\n|cant|p2a: Vaporeon|flinch\n|\n|-heal|p2a: Vaporeon|209/364 par|[from] item: Leftovers\n|upkeep\n|turn|47\n|\n|t:|1782799134\n|move|p2a: Vaporeon|Protect|p2a: Vaporeon\n|-singleturn|p2a: Vaporeon|Protect\n|move|p1a: Jirachi|Iron Head|p2a: Vaporeon\n|-activate|p2a: Vaporeon|move: Protect\n|\n|-heal|p2a: Vaporeon|231/364 par|[from] item: Leftovers\n|upkeep\n|turn|48\n|\n|t:|1782799138\n|move|p1a: Jirachi|Iron Head|p2a: Vaporeon\n|-resisted|p2a: Vaporeon\n|-damage|p2a: Vaporeon|180/364 par\n|cant|p2a: Vaporeon|flinch\n|\n|-heal|p2a: Vaporeon|202/364 par|[from] item: Leftovers\n|upkeep\n|turn|49\n|\n|t:|1782799146\n|move|p2a: Vaporeon|Protect|p2a: Vaporeon\n|-singleturn|p2a: Vaporeon|Protect\n|move|p1a: Jirachi|Drain Punch|p2a: Vaporeon\n|-activate|p2a: Vaporeon|move: Protect\n|\n|-heal|p2a: Vaporeon|224/364 par|[from] item: Leftovers\n|upkeep\n|turn|50\n|\n|t:|1782799149\n|move|p1a: Jirachi|Iron Head|p2a: Vaporeon\n|-resisted|p2a: Vaporeon\n|-crit|p2a: Vaporeon\n|-damage|p2a: Vaporeon|152/364 par\n|cant|p2a: Vaporeon|flinch\n|\n|-heal|p2a: Vaporeon|174/364 par|[from] item: Leftovers\n|upkeep\n|turn|51\n|\n|t:|1782799157\n|move|p2a: Vaporeon|Protect|p2a: Vaporeon\n|-singleturn|p2a: Vaporeon|Protect\n|move|p1a: Jirachi|Drain Punch|p2a: Vaporeon\n|-activate|p2a: Vaporeon|move: Protect\n|\n|-heal|p2a: Vaporeon|196/364 par|[from] item: Leftovers\n|upkeep\n|turn|52\n|\n|t:|1782799165\n|move|p1a: Jirachi|Iron Head|p2a: Vaporeon\n|-resisted|p2a: Vaporeon\n|-damage|p2a: Vaporeon|140/364 par\n|cant|p2a: Vaporeon|par\n|\n|-heal|p2a: Vaporeon|162/364 par|[from] item: Leftovers\n|upkeep\n|turn|53\n|\n|t:|1782799169\n|move|p2a: Vaporeon|Protect|p2a: Vaporeon\n|-singleturn|p2a: Vaporeon|Protect\n|move|p1a: Jirachi|Drain Punch|p2a: Vaporeon\n|-activate|p2a: Vaporeon|move: Protect\n|\n|-heal|p2a: Vaporeon|184/364 par|[from] item: Leftovers\n|upkeep\n|turn|54\n|\n|t:|1782799174\n|move|p1a: Jirachi|Iron Head|p2a: Vaporeon\n|-resisted|p2a: Vaporeon\n|-damage|p2a: Vaporeon|133/364 par\n|cant|p2a: Vaporeon|flinch\n|\n|-heal|p2a: Vaporeon|155/364 par|[from] item: Leftovers\n|upkeep\n|turn|55\n|\n|t:|1782799180\n|move|p2a: Vaporeon|Protect|p2a: Vaporeon\n|-singleturn|p2a: Vaporeon|Protect\n|move|p1a: Jirachi|Body Slam|p2a: Vaporeon\n|-activate|p2a: Vaporeon|move: Protect\n|\n|-heal|p2a: Vaporeon|177/364 par|[from] item: Leftovers\n|upkeep\n|turn|56\n|\n|t:|1782799183\n|move|p1a: Jirachi|Iron Head|p2a: Vaporeon\n|-resisted|p2a: Vaporeon\n|-damage|p2a: Vaporeon|130/364 par\n|move|p2a: Vaporeon|Wish|p2a: Vaporeon\n|\n|-heal|p2a: Vaporeon|152/364 par|[from] item: Leftovers\n|upkeep\n|turn|57\n|\n|t:|1782799189\n|move|p1a: Jirachi|Body Slam|p2a: Vaporeon\n|-damage|p2a: Vaporeon|74/364 par\n|move|p2a: Vaporeon|Scald|p1a: Jirachi\n|-damage|p1a: Jirachi|211/291\n|\n|-heal|p2a: Vaporeon|256/364 par|[from] move: Wish|[wisher] Vaporeon\n|-heal|p2a: Vaporeon|278/364 par|[from] item: Leftovers\n|upkeep\n|turn|58\n|\n|t:|1782799200\n|move|p1a: Jirachi|Drain Punch|p2a: Vaporeon\n|-damage|p2a: Vaporeon|187/364 par\n|-heal|p1a: Jirachi|257/291|[from] drain|[of] p2a: Vaporeon\n|move|p2a: Vaporeon|Scald|p1a: Jirachi\n|-damage|p1a: Jirachi|197/291\n|-status|p1a: Jirachi|brn\n|\n|-heal|p2a: Vaporeon|209/364 par|[from] item: Leftovers\n|-damage|p1a: Jirachi|179/291 brn|[from] brn\n|upkeep\n|turn|59\n|c|\u2606Assassin265|finally\n|\n|t:|1782799222\n|switch|p1a: Chansey|Chansey, L85, F|564/564\n|move|p2a: Vaporeon|Wish|p2a: Vaporeon\n|\n|-heal|p2a: Vaporeon|231/364 par|[from] item: Leftovers\n|upkeep\n|turn|60\n|\n|t:|1782799239\n|switch|p2a: Glastrier|Glastrier, L86|311/311 par\n|move|p1a: Chansey|Heal Bell|p1a: Chansey\n|-activate|p1a: Chansey|move: Heal Bell\n|-curestatus|p1: Jirachi|brn|[msg]\n|\n|upkeep\n|turn|61\n|\n|t:|1782799245\n|switch|p1a: Politoed|Politoed, L88, M|193/302\n|-weather|RainDance|[from] ability: Drizzle|[of] p1a: Politoed\n|move|p2a: Glastrier|Icicle Crash|p1a: Politoed\n|-resisted|p1a: Politoed\n|-damage|p1a: Politoed|90/302\n|\n|-weather|RainDance|[upkeep]\n|-heal|p1a: Politoed|108/302|[from] item: Leftovers\n|upkeep\n|turn|62\n|\n|t:|1782799261\n|switch|p2a: Vaporeon|Vaporeon, L86, F|231/364 par\n|move|p1a: Politoed|Ice Beam|p2a: Vaporeon\n|-resisted|p2a: Vaporeon\n|-damage|p2a: Vaporeon|199/364 par\n|\n|-weather|RainDance|[upkeep]\n|-heal|p1a: Politoed|126/302|[from] item: Leftovers\n|-heal|p2a: Vaporeon|221/364 par|[from] item: Leftovers\n|upkeep\n|turn|63\n|\n|t:|1782799266\n|switch|p1a: Jirachi|Jirachi, L80, tera:Fighting|179/291\n|cant|p2a: Vaporeon|par\n|\n|-weather|RainDance|[upkeep]\n|-heal|p2a: Vaporeon|243/364 par|[from] item: Leftovers\n|upkeep\n|turn|64\n|\n|t:|1782799270\n|move|p1a: Jirachi|Drain Punch|p2a: Vaporeon\n|-crit|p2a: Vaporeon\n|-damage|p2a: Vaporeon|90/364 par\n|-heal|p1a: Jirachi|256/291|[from] drain|[of] p2a: Vaporeon\n|move|p2a: Vaporeon|Scald|p1a: Jirachi\n|-damage|p1a: Jirachi|160/291\n|-status|p1a: Jirachi|brn\n|\n|-weather|RainDance|[upkeep]\n|-heal|p2a: Vaporeon|112/364 par|[from] item: Leftovers\n|-damage|p1a: Jirachi|142/291 brn|[from] brn\n|upkeep\n|turn|65\n|\n|t:|1782799286\n|move|p1a: Jirachi|Drain Punch|p2a: Vaporeon\n|-damage|p2a: Vaporeon|67/364 par\n|-heal|p1a: Jirachi|165/291 brn|[from] drain|[of] p2a: Vaporeon\n|move|p2a: Vaporeon|Wish|p2a: Vaporeon\n|\n|-weather|none\n|-heal|p2a: Vaporeon|89/364 par|[from] item: Leftovers\n|-damage|p1a: Jirachi|147/291 brn|[from] brn\n|upkeep\n|turn|66\n|\n|t:|1782799291\n|switch|p1a: Chansey|Chansey, L85, F|564/564\n|move|p2a: Vaporeon|Scald|p1a: Chansey\n|-damage|p1a: Chansey|509/564\n|\n|-heal|p2a: Vaporeon|271/364 par|[from] move: Wish|[wisher] Vaporeon\n|-heal|p2a: Vaporeon|293/364 par|[from] item: Leftovers\n|upkeep\n|turn|67\n|\n|t:|1782799309\n|switch|p2a: Glastrier|Glastrier, L86|311/311 par\n|move|p1a: Chansey|Heal Bell|p1a: Chansey\n|-activate|p1a: Chansey|move: Heal Bell\n|-curestatus|p1: Jirachi|brn|[msg]\n|\n|upkeep\n|turn|68\n|\n|t:|1782799334\n|move|p1a: Chansey|Seismic Toss|p2a: Glastrier\n|-damage|p2a: Glastrier|226/311 par\n|cant|p2a: Glastrier|par\n|\n|upkeep\n|turn|69\n|\n|t:|1782799339\n|move|p1a: Chansey|Seismic Toss|p2a: Glastrier\n|-damage|p2a: Glastrier|141/311 par\n|move|p2a: Glastrier|Heavy Slam|p1a: Chansey\n|-damage|p1a: Chansey|62/564\n|\n|upkeep\n|turn|70\n|\n|t:|1782799345\n|move|p1a: Chansey|Seismic Toss|p2a: Glastrier\n|-damage|p2a: Glastrier|56/311 par\n|move|p2a: Glastrier|Heavy Slam|p1a: Chansey\n|-damage|p1a: Chansey|0 fnt\n|faint|p1a: Chansey\n|-ability|p2a: Glastrier|Chilling Neigh|boost\n|-boost|p2a: Glastrier|atk|1\n|\n|upkeep\n|\n|t:|1782799348\n|switch|p1a: Iron Treads|Iron Treads, L77|265/265\n|turn|71\n|\n|t:|1782799354\n|switch|p2a: Hydrapple|Hydrapple, L83, M|312/312 par\n|move|p1a: Iron Treads|Iron Head|p2a: Hydrapple\n|-damage|p2a: Hydrapple|239/312 par\n|\n|upkeep\n|turn|72\n|\n|t:|1782799362\n|-end|p1a: Iron Treads|Quark Drive|[silent]\n|switch|p1a: Jirachi|Jirachi, L80, tera:Fighting|147/291\n|move|p2a: Hydrapple|Earth Power|p1a: Jirachi\n|-damage|p1a: Jirachi|97/291\n|\n|upkeep\n|turn|73\n|\n|t:|1782799370\n|move|p1a: Jirachi|U-turn|p2a: Hydrapple\n|-supereffective|p2a: Hydrapple\n|-damage|p2a: Hydrapple|155/312 par\n|\n|t:|1782799373\n|switch|p1a: Politoed|Politoed, L88, M|126/302|[from] U-turn\n|-weather|RainDance|[from] ability: Drizzle|[of] p1a: Politoed\n|move|p2a: Hydrapple|Dragon Tail|p1a: Politoed\n|-damage|p1a: Politoed|69/302\n|drag|p1a: Iron Treads|Iron Treads, L77|265/265\n|\n|-weather|RainDance|[upkeep]\n|upkeep\n|turn|74\n|\n|t:|1782799384\n|switch|p2a: Glastrier|Glastrier, L86|56/311 par\n|move|p1a: Iron Treads|Iron Head|p2a: Glastrier\n|-supereffective|p2a: Glastrier\n|-damage|p2a: Glastrier|0 fnt\n|faint|p2a: Glastrier\n|\n|-weather|RainDance|[upkeep]\n|upkeep\n|\n|t:|1782799389\n|switch|p2a: Vaporeon|Vaporeon, L86, F|293/364 par\n|turn|75\n|\n|t:|1782799396\n|move|p1a: Iron Treads|Earthquake|p2a: Vaporeon\n|-damage|p2a: Vaporeon|158/364 par\n|move|p2a: Vaporeon|Scald|p1a: Iron Treads\n|-supereffective|p1a: Iron Treads\n|-damage|p1a: Iron Treads|0 fnt\n|faint|p1a: Iron Treads\n|-end|p1a: Iron Treads|Quark Drive|[silent]\n|\n|-weather|RainDance|[upkeep]\n|-heal|p2a: Vaporeon|180/364 par|[from] item: Leftovers\n|upkeep\n|\n|t:|1782799399\n|switch|p1a: Jirachi|Jirachi, L80, tera:Fighting|97/291\n|turn|76\n|\n|t:|1782799407\n|move|p1a: Jirachi|Drain Punch|p2a: Vaporeon\n|-damage|p2a: Vaporeon|78/364 par\n|-heal|p1a: Jirachi|148/291|[from] drain|[of] p2a: Vaporeon\n|move|p2a: Vaporeon|Scald|p1a: Jirachi\n|-crit|p1a: Jirachi\n|-damage|p1a: Jirachi|3/291\n|\n|-weather|RainDance|[upkeep]\n|-heal|p2a: Vaporeon|100/364 par|[from] item: Leftovers\n|upkeep\n|turn|77\n|\n|t:|1782799417\n|move|p1a: Jirachi|Drain Punch|p2a: Vaporeon\n|-damage|p2a: Vaporeon|0 fnt\n|-heal|p1a: Jirachi|53/291|[from] drain|[of] p2a: Vaporeon\n|faint|p2a: Vaporeon\n|\n|-weather|none\n|upkeep\n|\n|t:|1782799421\n|switch|p2a: Mewtwo|Mewtwo, L72|272/272\n|-ability|p2a: Mewtwo|Unnerve\n|turn|78\n|\n|t:|1782799424\n|move|p2a: Mewtwo|Psystrike|p1a: Jirachi\n|-supereffective|p1a: Jirachi\n|-damage|p1a: Jirachi|0 fnt\n|faint|p1a: Jirachi\n|-damage|p2a: Mewtwo|245/272|[from] item: Life Orb\n|\n|upkeep\n|\n|t:|1782799426\n|switch|p1a: Politoed|Politoed, L88, M|69/302\n|-weather|RainDance|[from] ability: Drizzle|[of] p1a: Politoed\n|turn|79\n|\n|t:|1782799434\n|move|p2a: Mewtwo|Psystrike|p1a: Politoed\n|-damage|p1a: Politoed|0 fnt\n|faint|p1a: Politoed\n|-damage|p2a: Mewtwo|218/272|[from] item: Life Orb\n|\n|win|Assassin265\n|raw|Point buggy to's rating: 1477 &rarr; <strong>1456</strong><br />(-21 for losing)\n|raw|Assassin265's rating: 1460 &rarr; <strong>1481</strong><br />(+21 for winning)\n|l|\u2606Point buggy to\n|player|p1|\n|c|\u2606Assassin265|surpr\n|l|\u2606Assassin265\n|player|p2|\n|j|\u2606Assassin265\n|player|p2|Assassin265|101|\n", "inputlog": ">version f8ac14003a5f27e1bdc8d8c59608a773c1cb96e5\n>start {\"formatid\":\"gen9randombattle\",\"seed\":\"sodium,b7a160fb9b91773e866f905b37a1c2e3\",\"rated\":\"Rated battle\"}\n>player p1 {\"name\":\"Point buggy to\",\"avatar\":\"2\",\"rating\":1477,\"seed\":\"sodium,6a7f0b535baa1bc2ac99a0575932aa91\"}\n>player p2 {\"name\":\"Assassin265\",\"avatar\":\"101\",\"rating\":1460,\"seed\":\"sodium,56161bdfb1cc233571e47619d188d134\"}\n>p1 switch 5\n>p2 move earthpower\n>p1 move thunderwave\n>p2 move dragontail\n>p1 move seismictoss\n>p2 move dragontail\n>p1 move icebeam\n>p2 switch 2\n>p1 switch 2\n>p2 move scald\n>p1 move rest\n>p2 move scald\n>p1 move bodyslam\n>p2 move scald\n>p1 move bodyslam\n>p2 switch 3\n>p1 move earthquake\n>p2 move swordsdance\n>p1 move earthquake\n>p2 move earthquake\n>p1 switch 2\n>p1 move haze\n>p2 move earthquake terastallize\n>p1 move icebeam\n>p2 switch 3\n>p1 switch 3\n>p2 move scald\n>p1 move softboiled\n>p2 move wish\n>p1 move thunderwave\n>p2 switch 3\n>p1 move seismictoss\n>p2 move swordsdance\n>p1 switch 6\n>p2 move earthquake\n>p1 move knockoff\n>p2 move stoneedge\n>p1 move acrobatics\n>p2 move stoneedge\n>p2 switch 6\n>chat \u2606Assassin265|this game should end itself\n>p1 move taunt\n>p2 move iciclecrash\n>p1 switch 6\n>p1 move thunderwave\n>p2 move iciclecrash\n>p1 switch 4\n>p2 move iciclecrash\n>p1 move ironhead\n>p2 switch 3\n>p1 move bodyslam\n>p2 move scald\n>p1 move ironhead\n>p2 move scald\n>p1 move ironhead\n>p2 move protect\n>p1 move ironhead\n>p2 move wish\n>p1 move ironhead\n>p2 move protect\n>p1 move ironhead\n>p2 move wish\n>p1 move ironhead\n>p2 move protect\n>p1 move ironhead\n>p2 move protect\n>p1 move ironhead\n>p2 move wish\n>p1 move drainpunch\n>p2 move protect\n>p1 move ironhead\n>p2 move scald\n>p1 move drainpunch\n>p2 move protect\n>p1 move drainpunch\n>p2 move scald\n>p1 move ironhead\n>p2 move wish\n>p1 move ironhead\n>p2 move wish\n>p1 move ironhead\n>p2 move protect\n>p1 move ironhead\n>p2 move protect\n>p1 move drainpunch terastallize\n>p2 move protect\n>p1 move drainpunch\n>p2 move wish\n>p1 move drainpunch\n>p2 move protect\n>p1 move ironhead\n>p2 move scald\n>p1 move ironhead\n>p2 move protect\n>p1 move ironhead\n>p2 move scald\n>p1 move ironhead\n>p2 move protect\n>p1 move ironhead\n>p2 move scald\n>p1 move drainpunch\n>p2 move protect\n>p1 move ironhead\n>p2 move scald\n>p1 move drainpunch\n>p2 move protect\n>p1 move ironhead\n>p2 move wish\n>p1 move drainpunch\n>p2 move protect\n>p1 move ironhead\n>p2 move wish\n>p1 move bodyslam\n>p2 move protect\n>p1 move ironhead\n>p2 move wish\n>p1 move bodyslam\n>p2 move scald\n>p1 move drainpunch\n>p2 move scald\n>chat \u2606Assassin265|finally\n>p1 switch 4\n>p2 move wish\n>p1 move healbell\n>p2 switch 3\n>p1 switch 3\n>p2 move iciclecrash\n>p1 move icebeam\n>p2 switch 3\n>p1 switch 4\n>p2 move wish\n>p1 move drainpunch\n>p2 move scald\n>p1 move drainpunch\n>p2 move wish\n>p1 switch 3\n>p2 move scald\n>p1 move healbell\n>p2 switch 3\n>p1 move seismictoss\n>p2 move iciclecrash\n>p1 move seismictoss\n>p2 move heavyslam\n>p1 move seismictoss\n>p2 move heavyslam\n>p1 switch 5\n>p1 move ironhead\n>p2 switch 2\n>p1 switch 3\n>p2 move earthpower\n>p1 move uturn\n>p2 move dragontail\n>p1 switch 4\n>p1 move ironhead\n>p2 switch 2\n>p2 switch 3\n>p1 move earthquake\n>p2 move scald\n>p1 switch 4\n>p1 move drainpunch\n>p2 move scald\n>p1 move drainpunch\n>p2 move wish\n>p2 switch 5\n>p1 move bodyslam\n>p2 move psystrike\n>p1 switch 3\n>p1 move icebeam\n>p2 move psystrike", "uploadtime": 1782799460, "views": 3, "formatid": "gen9randombattle", "rating": 1456, "private": 0, "password": null, "player_dets": [{"name": "Point buggy to", "avatar": "2", "rating": 1477, "seed": "sodium,6a7f0b535baa1bc2ac99a0575932aa91"}, {"name": "Assassin265", "avatar": "101", "rating": 1460, "seed": "sodium,56161bdfb1cc233571e47619d188d134"}], "teams_full": [{"Iron Treads": {"name": "Iron Treads", "species": "Iron Treads", "speciesId": "irontreads", "gender": "N", "shiny": false, "level": 77, "moves": ["ironhead", "stealthrock", "rapidspin", "earthquake"], "ability": "Quark Drive", "evs": {"hp": 85, "atk": 85, "def": 85, "spa": 85, "spd": 85, "spe": 85}, "ivs": {"hp": 31, "atk": 31, "def": 31, "spa": 31, "spd": 31, "spe": 31}, "item": "Leftovers", "teraType": "Dragon", "role": "Bulky Support", "bvs": {"hp": 90, "atk": 112, "def": 120, "spa": 72, "spd": 70, "spe": 106}, "stats": {"hp": 265, "atk": 217, "def": 229, "spa": 155, "spd": 152, "spe": 208}, "types": ["Ground", "Steel"]}, "Snorlax": {"name": "Snorlax", "species": "Snorlax", "speciesId": "snorlax", "gender": "F", "shiny": false, "level": 82, "moves": ["earthquake", "rest", "bodyslam", "curse"], "ability": "Thick Fat", "evs": {"hp": 85, "atk": 85, "def": 85, "spa": 85, "spd": 85, "spe": 85}, "ivs": {"hp": 31, "atk": 31, "def": 31, "spa": 31, "spd": 31, "spe": 31}, "item": "Chesto Berry", "teraType": "Ground", "role": "Bulky Setup", "bvs": {"hp": 160, "atk": 110, "def": 65, "spa": 65, "spd": 110, "spe": 30}, "stats": {"hp": 397, "atk": 228, "def": 154, "spa": 154, "spd": 228, "spe": 96}, "types": ["Normal"]}, "Politoed": {"name": "Politoed", "species": "Politoed", "speciesId": "politoed", "gender": "M", "shiny": false, "level": 88, "moves": ["haze", "icebeam", "surf", "encore"], "ability": "Drizzle", "evs": {"hp": 85, "atk": 0, "def": 85, "spa": 85, "spd": 85, "spe": 85}, "ivs": {"hp": 31, "atk": 0, "def": 31, "spa": 31, "spd": 31, "spe": 31}, "item": "Leftovers", "teraType": "Steel", "role": "Bulky Attacker", "bvs": {"hp": 90, "atk": 75, "def": 75, "spa": 90, "spd": 100, "spe": 70}, "stats": {"hp": 302, "atk": 137, "def": 182, "spa": 209, "spd": 226, "spe": 173}, "types": ["Water"]}, "Jirachi": {"name": "Jirachi", "species": "Jirachi", "speciesId": "jirachi", "gender": "N", "shiny": false, "level": 80, "moves": ["bodyslam", "uturn", "ironhead", "drainpunch"], "ability": "Serene Grace", "evs": {"hp": 85, "atk": 85, "def": 85, "spa": 85, "spd": 85, "spe": 85}, "ivs": {"hp": 31, "atk": 31, "def": 31, "spa": 31, "spd": 31, "spe": 31}, "item": "Assault Vest", "teraType": "Fighting", "role": "Bulky Attacker", "bvs": {"hp": 100, "atk": 100, "def": 100, "spa": 100, "spd": 100, "spe": 100}, "stats": {"hp": 291, "atk": 206, "def": 206, "spa": 206, "spd": 206, "spe": 206}, "types": ["Steel", "Psychic"]}, "Chansey": {"name": "Chansey", "species": "Chansey", "speciesId": "chansey", "gender": "F", "shiny": false, "level": 85, "moves": ["healbell", "softboiled", "thunderwave", "seismictoss"], "ability": "Natural Cure", "evs": {"hp": 85, "atk": 0, "def": 85, "spa": 85, "spd": 85, "spe": 85}, "ivs": {"hp": 31, "atk": 0, "def": 31, "spa": 31, "spd": 31, "spe": 31}, "item": "Eviolite", "teraType": "Fairy", "role": "Bulky Support", "bvs": {"hp": 250, "atk": 5, "def": 5, "spa": 35, "spd": 105, "spe": 50}, "stats": {"hp": 564, "atk": 13, "def": 57, "spa": 108, "spd": 227, "spe": 134}, "types": ["Normal"]}, "Thundurus": {"name": "Thundurus", "species": "Thundurus", "speciesId": "thundurus", "gender": "M", "shiny": false, "level": 80, "moves": ["thunderbolt", "knockoff", "taunt", "acrobatics"], "ability": "Prankster", "evs": {"hp": 85, "atk": 85, "def": 85, "spa": 85, "spd": 85, "spe": 85}, "ivs": {"hp": 31, "atk": 31, "def": 31, "spa": 31, "spd": 31, "spe": 31}, "item": "", "teraType": "Electric", "role": "Wallbreaker", "bvs": {"hp": 79, "atk": 115, "def": 70, "spa": 125, "spd": 80, "spe": 111}, "stats": {"hp": 258, "atk": 230, "def": 158, "spa": 246, "spd": 174, "spe": 224}, "types": ["Electric", "Flying"]}}, {"Hydrapple": {"name": "Hydrapple", "species": "Hydrapple", "speciesId": "hydrapple", "gender": "M", "shiny": false, "level": 83, "moves": ["leafstorm", "dragontail", "earthpower", "ficklebeam"], "ability": "Regenerator", "evs": {"hp": 85, "atk": 85, "def": 85, "spa": 85, "spd": 85, "spe": 85}, "ivs": {"hp": 31, "atk": 31, "def": 31, "spa": 31, "spd": 31, "spe": 31}, "item": "Assault Vest", "teraType": "Steel", "role": "AV Pivot", "bvs": {"hp": 106, "atk": 80, "def": 110, "spa": 120, "spd": 80, "spe": 44}, "stats": {"hp": 312, "atk": 180, "def": 230, "spa": 247, "spd": 180, "spe": 121}, "types": ["Grass", "Dragon"]}, "Vaporeon": {"name": "Vaporeon", "species": "Vaporeon", "speciesId": "vaporeon", "gender": "F", "shiny": false, "level": 86, "moves": ["scald", "icebeam", "wish", "protect"], "ability": "Water Absorb", "evs": {"hp": 85, "atk": 0, "def": 85, "spa": 85, "spd": 85, "spe": 85}, "ivs": {"hp": 31, "atk": 0, "def": 31, "spa": 31, "spd": 31, "spe": 31}, "item": "Leftovers", "teraType": "Ghost", "role": "Bulky Support", "bvs": {"hp": 130, "atk": 65, "def": 60, "spa": 110, "spd": 95, "spe": 65}, "stats": {"hp": 364, "atk": 116, "def": 152, "spa": 238, "spd": 213, "spe": 161}, "types": ["Water"]}, "Rhydon": {"name": "Rhydon", "species": "Rhydon", "speciesId": "rhydon", "gender": "M", "shiny": false, "level": 85, "moves": ["megahorn", "swordsdance", "earthquake", "stoneedge"], "ability": "Lightning Rod", "evs": {"hp": 85, "atk": 85, "def": 85, "spa": 85, "spd": 85, "spe": 85}, "ivs": {"hp": 31, "atk": 31, "def": 31, "spa": 31, "spd": 31, "spe": 31}, "item": "Eviolite", "teraType": "Grass", "role": "Bulky Attacker", "bvs": {"hp": 105, "atk": 130, "def": 120, "spa": 45, "spd": 45, "spe": 40}, "stats": {"hp": 317, "atk": 270, "def": 253, "spa": 125, "spd": 125, "spe": 117}, "types": ["Ground", "Rock"]}, "Raging Bolt": {"name": "Raging Bolt", "species": "Raging Bolt", "speciesId": "ragingbolt", "gender": "N", "shiny": false, "level": 78, "moves": ["thunderclap", "calmmind", "thunderbolt", "dragonpulse"], "ability": "Protosynthesis", "evs": {"hp": 85, "atk": 0, "def": 85, "spa": 85, "spd": 85, "spe": 85}, "ivs": {"hp": 31, "atk": 0, "def": 31, "spa": 31, "spd": 31, "spe": 31}, "item": "Booster Energy", "teraType": "Electric", "role": "Fast Bulky Setup", "bvs": {"hp": 125, "atk": 73, "def": 91, "spa": 137, "spd": 89, "spe": 75}, "stats": {"hp": 323, "atk": 118, "def": 187, "spa": 259, "spd": 184, "spe": 162}, "types": ["Electric", "Dragon"]}, "Mewtwo": {"name": "Mewtwo", "species": "Mewtwo", "speciesId": "mewtwo", "gender": "N", "shiny": false, "level": 72, "moves": ["psystrike", "aurasphere", "nastyplot", "recover"], "ability": "Unnerve", "evs": {"hp": 85, "atk": 0, "def": 85, "spa": 85, "spd": 85, "spe": 85}, "ivs": {"hp": 31, "atk": 0, "def": 31, "spa": 31, "spd": 31, "spe": 31}, "item": "Life Orb", "teraType": "Psychic", "role": "Setup Sweeper", "bvs": {"hp": 106, "atk": 110, "def": 90, "spa": 154, "spd": 90, "spe": 130}, "stats": {"hp": 272, "atk": 163, "def": 172, "spa": 264, "spd": 172, "spe": 229}, "types": ["Psychic"]}, "Glastrier": {"name": "Glastrier", "species": "Glastrier", "speciesId": "glastrier", "gender": "N", "shiny": false, "level": 86, "moves": ["highhorsepower", "iciclecrash", "heavyslam", "closecombat"], "ability": "Chilling Neigh", "evs": {"hp": 81, "atk": 85, "def": 85, "spa": 85, "spd": 85, "spe": 85}, "ivs": {"hp": 31, "atk": 31, "def": 31, "spa": 31, "spd": 31, "spe": 31}, "item": "Choice Band", "teraType": "Fighting", "role": "Bulky Attacker", "bvs": {"hp": 100, "atk": 145, "def": 130, "spa": 65, "spd": 110, "spe": 30}, "stats": {"hp": 311, "atk": 299, "def": 273, "spa": 161, "spd": 238, "spe": 101}, "types": ["Ice"]}}]}