{"id": "gen9randombattle-2641440743", "format": "[Gen 9] Random Battle", "players": ["toplaneisop", "mewax"], "log": "|j|\u2606toplaneisop\n|j|\u2606mewax\n|t:|1782785172\n|gametype|singles\n|player|p1|toplaneisop|266|1958\n|player|p2|mewax|1|1980\n|gen|9\n|tier|[Gen 9] Random Battle\n|rated|\n|rule|Species Clause: Limit one of each Pok\u00e9mon\n|rule|HP Percentage Mod: HP is shown in percentages\n|rule|Sleep Clause Mod: Limit one foe put to sleep\n|rule|Illusion Level Mod: Illusion disguises the Pok\u00e9mon's true level\n|\n|t:|1782785172\n|teamsize|p1|6\n|teamsize|p2|6\n|start\n|switch|p1a: Veluza|Veluza, L85, F|292/292\n|switch|p2a: Rabsca|Rabsca, L91, F|284/284\n|turn|1\n|\n|t:|1782785185\n|switch|p1a: Toucannon|Toucannon, L88, F|284/284\n|move|p2a: Rabsca|Bug Buzz|p1a: Toucannon\n|-resisted|p1a: Toucannon\n|-damage|p1a: Toucannon|214/284\n|\n|upkeep\n|turn|2\n|\n|t:|1782785190\n|switch|p2a: Skarmory|Skarmory, L80, F|235/235\n|-singleturn|p1a: Toucannon|move: Beak Blast\n|move|p1a: Toucannon|Beak Blast|p2a: Skarmory\n|-resisted|p2a: Skarmory\n|-damage|p2a: Skarmory|183/235\n|\n|upkeep\n|turn|3\n|\n|t:|1782785194\n|-singleturn|p1a: Toucannon|move: Beak Blast\n|move|p2a: Skarmory|Stealth Rock|p1a: Toucannon\n|-sidestart|p1: toplaneisop|move: Stealth Rock\n|move|p1a: Toucannon|Beak Blast|p2a: Skarmory\n|-resisted|p2a: Skarmory\n|-damage|p2a: Skarmory|134/235\n|\n|upkeep\n|turn|4\n|\n|t:|1782785199\n|-singleturn|p1a: Toucannon|move: Beak Blast\n|move|p2a: Skarmory|Roost|p2a: Skarmory\n|-heal|p2a: Skarmory|235/235\n|-singleturn|p2a: Skarmory|move: Roost\n|move|p1a: Toucannon|Beak Blast|p2a: Skarmory\n|-resisted|p2a: Skarmory\n|-damage|p2a: Skarmory|183/235\n|\n|upkeep\n|turn|5\n|inactive|Battle timer is ON: inactive players will automatically lose when time's up. (requested by toplaneisop)\n|\n|t:|1782785232\n|move|p2a: Skarmory|Spikes|p1a: Toucannon\n|-sidestart|p1: toplaneisop|Spikes\n|move|p1a: Toucannon|Boomburst|p2a: Skarmory\n|-resisted|p2a: Skarmory\n|-damage|p2a: Skarmory|96/235\n|\n|upkeep\n|turn|6\n|\n|t:|1782785239\n|move|p2a: Skarmory|Roost|p2a: Skarmory\n|-heal|p2a: Skarmory|214/235\n|-singleturn|p2a: Skarmory|move: Roost\n|move|p1a: Toucannon|Boomburst|p2a: Skarmory\n|-resisted|p2a: Skarmory\n|-damage|p2a: Skarmory|130/235\n|\n|upkeep\n|turn|7\n|\n|t:|1782785249\n|move|p2a: Skarmory|Spikes|p1a: Toucannon\n|-sidestart|p1: toplaneisop|Spikes\n|move|p1a: Toucannon|Boomburst|p2a: Skarmory\n|-resisted|p2a: Skarmory\n|-damage|p2a: Skarmory|46/235\n|\n|upkeep\n|turn|8\n|\n|t:|1782785255\n|move|p2a: Skarmory|Roost|p2a: Skarmory\n|-heal|p2a: Skarmory|164/235\n|-singleturn|p2a: Skarmory|move: Roost\n|move|p1a: Toucannon|Roost|p1a: Toucannon\n|-heal|p1a: Toucannon|284/284\n|-singleturn|p1a: Toucannon|move: Roost\n|\n|upkeep\n|turn|9\n|\n|t:|1782785260\n|move|p2a: Skarmory|Brave Bird|p1a: Toucannon\n|-damage|p1a: Toucannon|164/284\n|-damage|p2a: Skarmory|124/235|[from] Recoil\n|move|p1a: Toucannon|Roost|p1a: Toucannon\n|-heal|p1a: Toucannon|284/284\n|-singleturn|p1a: Toucannon|move: Roost\n|\n|upkeep\n|turn|10\n|\n|t:|1782785268\n|-singleturn|p1a: Toucannon|move: Beak Blast\n|move|p2a: Skarmory|Roost|p2a: Skarmory\n|-heal|p2a: Skarmory|235/235\n|-singleturn|p2a: Skarmory|move: Roost\n|move|p1a: Toucannon|Beak Blast|p2a: Skarmory\n|-resisted|p2a: Skarmory\n|-damage|p2a: Skarmory|187/235\n|\n|upkeep\n|turn|11\n|\n|t:|1782785271\n|-singleturn|p1a: Toucannon|move: Beak Blast\n|move|p2a: Skarmory|Spikes|p1a: Toucannon\n|-sidestart|p1: toplaneisop|Spikes\n|move|p1a: Toucannon|Beak Blast|p2a: Skarmory\n|-resisted|p2a: Skarmory\n|-damage|p2a: Skarmory|141/235\n|\n|upkeep\n|turn|12\n|\n|t:|1782785275\n|-singleturn|p1a: Toucannon|move: Beak Blast\n|move|p2a: Skarmory|Roost|p2a: Skarmory\n|-heal|p2a: Skarmory|235/235\n|-singleturn|p2a: Skarmory|move: Roost\n|move|p1a: Toucannon|Beak Blast|p2a: Skarmory\n|-resisted|p2a: Skarmory\n|-damage|p2a: Skarmory|185/235\n|\n|upkeep\n|turn|13\n|\n|t:|1782785289\n|-singleturn|p1a: Toucannon|move: Beak Blast\n|move|p2a: Skarmory|Brave Bird|p1a: Toucannon\n|-damage|p1a: Toucannon|170/284\n|-status|p2a: Skarmory|brn\n|-damage|p2a: Skarmory|147/235 brn|[from] Recoil\n|move|p1a: Toucannon|Beak Blast|p2a: Skarmory\n|-resisted|p2a: Skarmory\n|-damage|p2a: Skarmory|100/235 brn\n|\n|-damage|p2a: Skarmory|86/235 brn|[from] brn\n|upkeep\n|turn|14\n|\n|t:|1782785301\n|move|p2a: Skarmory|Roost|p2a: Skarmory\n|-heal|p2a: Skarmory|204/235 brn\n|-singleturn|p2a: Skarmory|move: Roost\n|move|p1a: Toucannon|Boomburst|p2a: Skarmory\n|-resisted|p2a: Skarmory\n|-damage|p2a: Skarmory|117/235 brn\n|\n|-damage|p2a: Skarmory|103/235 brn|[from] brn\n|upkeep\n|turn|15\n|\n|t:|1782785307\n|move|p2a: Skarmory|Roost|p2a: Skarmory\n|-heal|p2a: Skarmory|221/235 brn\n|-singleturn|p2a: Skarmory|move: Roost\n|move|p1a: Toucannon|Roost|p1a: Toucannon\n|-heal|p1a: Toucannon|284/284\n|-singleturn|p1a: Toucannon|move: Roost\n|\n|-damage|p2a: Skarmory|207/235 brn|[from] brn\n|upkeep\n|turn|16\n|\n|t:|1782785314\n|move|p2a: Skarmory|Brave Bird|p1a: Toucannon\n|-damage|p1a: Toucannon|230/284\n|-damage|p2a: Skarmory|189/235 brn|[from] Recoil\n|move|p1a: Toucannon|U-turn|p2a: Skarmory\n|-resisted|p2a: Skarmory\n|-damage|p2a: Skarmory|177/235 brn\n|-damage|p1a: Toucannon|183/284|[from] item: Rocky Helmet|[of] p2a: Skarmory\n|\n|t:|1782785323\n|switch|p1a: Veluza|Veluza, L85, F|292/292|[from] U-turn\n|-damage|p1a: Veluza|256/292|[from] Stealth Rock\n|-damage|p1a: Veluza|183/292|[from] Spikes\n|\n|-damage|p2a: Skarmory|163/235 brn|[from] brn\n|upkeep\n|turn|17\n|inactive|mewax has 120 seconds left.\n|inactive|mewax has 90 seconds left.\n|\n|t:|1782785410\n|move|p1a: Veluza|Fillet Away|p1a: Veluza\n|-boost|p1a: Veluza|atk|2\n|-boost|p1a: Veluza|spa|2\n|-boost|p1a: Veluza|spe|2\n|-damage|p1a: Veluza|37/292\n|-enditem|p1a: Veluza|Sitrus Berry|[eat]\n|-heal|p1a: Veluza|110/292|[from] item: Sitrus Berry\n|move|p2a: Skarmory|Brave Bird|p1a: Veluza\n|-damage|p1a: Veluza|48/292\n|-damage|p2a: Skarmory|143/235 brn|[from] Recoil\n|\n|-damage|p2a: Skarmory|129/235 brn|[from] brn\n|upkeep\n|turn|18\n|\n|t:|1782785422\n|-terastallize|p1a: Veluza|Water\n|move|p1a: Veluza|Aqua Cutter|p2a: Skarmory\n|-damage|p2a: Skarmory|0 fnt\n|faint|p2a: Skarmory\n|\n|upkeep\n|\n|t:|1782785429\n|switch|p2a: Garchomp|Garchomp, L74, F|282/282\n|turn|19\n|\n|t:|1782785443\n|move|p1a: Veluza|Aqua Cutter|p2a: Garchomp\n|-damage|p2a: Garchomp|0 fnt\n|faint|p2a: Garchomp\n|\n|upkeep\n|\n|t:|1782785464\n|switch|p2a: Uxie|Uxie, L83|260/260\n|turn|20\n|\n|t:|1782785469\n|-terastallize|p2a: Uxie|Electric\n|move|p1a: Veluza|Night Slash|p2a: Uxie\n|-damage|p2a: Uxie|147/260\n|move|p2a: Uxie|Psychic Noise|p1a: Veluza\n|-damage|p1a: Veluza|0 fnt\n|faint|p1a: Veluza\n|\n|-heal|p2a: Uxie|163/260|[from] item: Leftovers\n|upkeep\n|\n|t:|1782785477\n|switch|p1a: Hitmontop|Hitmontop, L88, M|231/231\n|-damage|p1a: Hitmontop|217/231|[from] Stealth Rock\n|-damage|p1a: Hitmontop|160/231|[from] Spikes\n|-ability|p1a: Hitmontop|Intimidate|boost\n|-unboost|p2a: Uxie|atk|1\n|turn|21\n|\n|t:|1782785482\n|move|p2a: Uxie|Psychic Noise|p1a: Hitmontop\n|-supereffective|p1a: Hitmontop\n|-damage|p1a: Hitmontop|82/231\n|-start|p1a: Hitmontop|move: Heal Block\n|move|p1a: Hitmontop|Rapid Spin|p2a: Uxie\n|-crit|p2a: Uxie\n|-damage|p2a: Uxie|116/260\n|-boost|p1a: Hitmontop|spe|1\n|-sideend|p1: toplaneisop|Spikes|[from] move: Rapid Spin|[of] p1a: Hitmontop\n|-sideend|p1: toplaneisop|Stealth Rock|[from] move: Rapid Spin|[of] p1a: Hitmontop\n|\n|-heal|p2a: Uxie|132/260|[from] item: Leftovers\n|upkeep\n|turn|22\n|inactive|mewax has 90 seconds left.\n|\n|t:|1782785488\n|switch|p1a: Grimmsnarl|Grimmsnarl, L83, M|293/293\n|move|p2a: Uxie|Encore||[still]\n|-fail|p2a: Uxie\n|\n|-heal|p2a: Uxie|148/260|[from] item: Leftovers\n|upkeep\n|turn|23\n|\n|t:|1782785493\n|move|p1a: Grimmsnarl|Light Screen|p1a: Grimmsnarl\n|-sidestart|p1: toplaneisop|move: Light Screen\n|move|p2a: Uxie|U-turn|p1a: Grimmsnarl\n|-damage|p1a: Grimmsnarl|258/293\n|\n|t:|1782785500\n|switch|p2a: Hariyama|Hariyama, L87, F|392/392|[from] U-turn\n|\n|upkeep\n|turn|24\n|\n|t:|1782785503\n|move|p1a: Grimmsnarl|Reflect|p1a: Grimmsnarl\n|-sidestart|p1: toplaneisop|Reflect\n|move|p2a: Hariyama|Heavy Slam|p1a: Grimmsnarl\n|-supereffective|p1a: Grimmsnarl\n|-damage|p1a: Grimmsnarl|147/293\n|\n|upkeep\n|turn|25\n|\n|t:|1782785507\n|move|p1a: Grimmsnarl|Spirit Break|p2a: Hariyama\n|-supereffective|p2a: Hariyama\n|-damage|p2a: Hariyama|152/392\n|-unboost|p2a: Hariyama|spa|1\n|move|p2a: Hariyama|Knock Off|p1a: Grimmsnarl\n|-resisted|p1a: Grimmsnarl\n|-damage|p1a: Grimmsnarl|133/293\n|-enditem|p1a: Grimmsnarl|Light Clay|[from] move: Knock Off|[of] p2a: Hariyama\n|\n|upkeep\n|turn|26\n|inactive|mewax has 120 seconds left.\n|\n|t:|1782785533\n|move|p1a: Grimmsnarl|Spirit Break|p2a: Hariyama\n|-supereffective|p2a: Hariyama\n|-damage|p2a: Hariyama|0 fnt\n|faint|p2a: Hariyama\n|\n|upkeep\n|\n|t:|1782785541\n|switch|p2a: Uxie|Uxie, L83, tera:Electric|148/260\n|turn|27\n|\n|t:|1782785548\n|move|p2a: Uxie|U-turn|p1a: Grimmsnarl\n|-damage|p1a: Grimmsnarl|109/293\n|\n|t:|1782785557\n|switch|p2a: Rabsca|Rabsca, L91, F|284/284|[from] U-turn\n|move|p1a: Grimmsnarl|Spirit Break|p2a: Rabsca\n|-damage|p2a: Rabsca|197/284\n|-unboost|p2a: Rabsca|spa|1\n|\n|upkeep\n|turn|28\n|\n|t:|1782785562\n|move|p1a: Grimmsnarl|Parting Shot|p2a: Rabsca\n|-unboost|p2a: Rabsca|atk|1\n|-unboost|p2a: Rabsca|spa|1\n|\n|t:|1782785564\n|switch|p1a: Leavanny|Leavanny, L86, F|269/269|[from] Parting Shot\n|move|p2a: Rabsca|Revival Blessing|p2a: Rabsca\n|\n|t:|1782785578\n|-heal|p2: Skarmory|117/235|[from] move: Revival Blessing\n|\n|upkeep\n|turn|29\n|\n|t:|1782785592\n|move|p1a: Leavanny|Sticky Web|p2a: Rabsca\n|-sidestart|p2: mewax|move: Sticky Web\n|move|p2a: Rabsca|Bug Buzz|p1a: Leavanny\n|-supereffective|p1a: Leavanny\n|-damage|p1a: Leavanny|200/269\n|-unboost|p1a: Leavanny|spd|1\n|\n|upkeep\n|turn|30\n|\n|t:|1782785595\n|move|p1a: Leavanny|Knock Off|p2a: Rabsca\n|-supereffective|p2a: Rabsca\n|-damage|p2a: Rabsca|63/284\n|-enditem|p2a: Rabsca|Heavy-Duty Boots|[from] move: Knock Off|[of] p1a: Leavanny\n|move|p2a: Rabsca|Bug Buzz|p1a: Leavanny\n|-supereffective|p1a: Leavanny\n|-damage|p1a: Leavanny|107/269\n|\n|-sideend|p1: toplaneisop|move: Light Screen\n|upkeep\n|turn|31\n|\n|t:|1782785598\n|move|p1a: Leavanny|Lunge|p2a: Rabsca\n|-supereffective|p2a: Rabsca\n|-damage|p2a: Rabsca|0 fnt\n|faint|p2a: Rabsca\n|\n|-sideend|p1: toplaneisop|Reflect\n|upkeep\n|\n|t:|1782785600\n|switch|p2a: Skarmory|Skarmory, L80, F|117/235\n|turn|32\n|\n|t:|1782785604\n|move|p1a: Leavanny|Knock Off|p2a: Skarmory\n|-crit|p2a: Skarmory\n|-damage|p2a: Skarmory|31/235\n|-damage|p1a: Leavanny|63/269|[from] item: Rocky Helmet|[of] p2a: Skarmory\n|-enditem|p2a: Skarmory|Rocky Helmet|[from] move: Knock Off|[of] p1a: Leavanny\n|move|p2a: Skarmory|Roost|p2a: Skarmory\n|-heal|p2a: Skarmory|149/235\n|-singleturn|p2a: Skarmory|move: Roost\n|\n|upkeep\n|turn|33\n|\n|t:|1782785607\n|move|p1a: Leavanny|Lunge|p2a: Skarmory\n|-resisted|p2a: Skarmory\n|-damage|p2a: Skarmory|124/235\n|-unboost|p2a: Skarmory|atk|1\n|move|p2a: Skarmory|Brave Bird|p1a: Leavanny\n|-supereffective|p1a: Leavanny\n|-damage|p1a: Leavanny|0 fnt\n|faint|p1a: Leavanny\n|-damage|p2a: Skarmory|103/235|[from] Recoil\n|\n|upkeep\n|\n|t:|1782785615\n|switch|p1a: Hitmontop|Hitmontop, L88, M|82/231\n|-ability|p1a: Hitmontop|Intimidate|boost\n|-unboost|p2a: Skarmory|atk|1\n|turn|34\n|\n|t:|1782785617\n|move|p1a: Hitmontop|Close Combat|p2a: Skarmory\n|-damage|p2a: Skarmory|7/235\n|-unboost|p1a: Hitmontop|def|1\n|-unboost|p1a: Hitmontop|spd|1\n|move|p2a: Skarmory|Brave Bird|p1a: Hitmontop\n|-supereffective|p1a: Hitmontop\n|-damage|p1a: Hitmontop|0 fnt\n|faint|p1a: Hitmontop\n|-damage|p2a: Skarmory|0 fnt|[from] Recoil\n|faint|p2a: Skarmory\n|\n|upkeep\n|\n|t:|1782785628\n|switch|p1a: Grimmsnarl|Grimmsnarl, L83, M|109/293\n|switch|p2a: Uxie|Uxie, L83, tera:Electric|148/260\n|turn|35\n|\n|t:|1782785644\n|move|p1a: Grimmsnarl|Light Screen|p1a: Grimmsnarl\n|-sidestart|p1: toplaneisop|move: Light Screen\n|move|p2a: Uxie|U-turn|p1a: Grimmsnarl\n|-damage|p1a: Grimmsnarl|58/293\n|\n|t:|1782785647\n|switch|p2a: Dudunsparce|Dudunsparce-Three-Segment, L83, M|343/343|[from] U-turn\n|-activate|p2a: Dudunsparce|move: Sticky Web\n|-unboost|p2a: Dudunsparce|spe|1\n|\n|upkeep\n|turn|36\n|\n|t:|1782785662\n|switch|p2a: Uxie|Uxie, L83, tera:Electric|148/260\n|move|p1a: Grimmsnarl|Parting Shot|p2a: Uxie\n|-unboost|p2a: Uxie|atk|1\n|-unboost|p2a: Uxie|spa|1\n|\n|t:|1782785665\n|switch|p1a: Tropius|Tropius, L91, M|328/328|[from] Parting Shot\n|\n|-heal|p2a: Uxie|164/260|[from] item: Leftovers\n|upkeep\n|turn|37\n|inactive|mewax has 120 seconds left.\n|\n|t:|1782785698\n|move|p2a: Uxie|Knock Off|p1a: Tropius\n|-damage|p1a: Tropius|294/328\n|-enditem|p1a: Tropius|Sitrus Berry|[from] move: Knock Off|[of] p2a: Uxie\n|move|p1a: Tropius|Leech Seed|p2a: Uxie\n|-start|p2a: Uxie|move: Leech Seed\n|\n|-heal|p2a: Uxie|180/260|[from] item: Leftovers\n|-damage|p2a: Uxie|148/260|[from] Leech Seed|[of] p1a: Tropius\n|-heal|p1a: Tropius|326/328|[silent]\n|upkeep\n|turn|38\n|\n|t:|1782785703\n|switch|p1a: Grimmsnarl|Grimmsnarl, L83, M|58/293\n|move|p2a: Uxie|Encore||[still]\n|-fail|p2a: Uxie\n|\n|-heal|p2a: Uxie|164/260|[from] item: Leftovers\n|-damage|p2a: Uxie|132/260|[from] Leech Seed|[of] p1a: Grimmsnarl\n|-heal|p1a: Grimmsnarl|90/293|[silent]\n|upkeep\n|turn|39\n|\n|t:|1782785717\n|move|p2a: Uxie|U-turn|p1a: Grimmsnarl\n|-damage|p1a: Grimmsnarl|55/293\n|\n|t:|1782785719\n|switch|p2a: Dudunsparce|Dudunsparce-Three-Segment, L83, M|343/343|[from] U-turn\n|-activate|p2a: Dudunsparce|move: Sticky Web\n|-unboost|p2a: Dudunsparce|spe|1\n|move|p1a: Grimmsnarl|Spirit Break|p2a: Dudunsparce\n|-damage|p2a: Dudunsparce|247/343\n|-unboost|p2a: Dudunsparce|spa|1\n|\n|-heal|p2a: Dudunsparce|268/343|[from] item: Leftovers\n|-sideend|p1: toplaneisop|move: Light Screen\n|upkeep\n|turn|40\n|\n|t:|1782785724\n|move|p1a: Grimmsnarl|Parting Shot|p2a: Dudunsparce\n|-unboost|p2a: Dudunsparce|atk|1\n|-unboost|p2a: Dudunsparce|spa|1\n|\n|t:|1782785726\n|switch|p1a: Tropius|Tropius, L91, M|326/328|[from] Parting Shot\n|move|p2a: Dudunsparce|Boomburst|p1a: Tropius\n|-damage|p1a: Tropius|262/328\n|\n|-heal|p2a: Dudunsparce|289/343|[from] item: Leftovers\n|upkeep\n|turn|41\n|\n|t:|1782785738\n|move|p1a: Tropius|Leech Seed|p2a: Dudunsparce\n|-start|p2a: Dudunsparce|move: Leech Seed\n|move|p2a: Dudunsparce|Roost|p2a: Dudunsparce\n|-heal|p2a: Dudunsparce|343/343\n|-singleturn|p2a: Dudunsparce|move: Roost\n|\n|-damage|p2a: Dudunsparce|301/343|[from] Leech Seed|[of] p1a: Tropius\n|-heal|p1a: Tropius|304/328|[silent]\n|upkeep\n|turn|42\n|\n|t:|1782785741\n|switch|p2a: Uxie|Uxie, L83, tera:Electric|132/260\n|move|p1a: Tropius|Air Slash|p2a: Uxie\n|-resisted|p2a: Uxie\n|-damage|p2a: Uxie|107/260\n|\n|-heal|p2a: Uxie|123/260|[from] item: Leftovers\n|upkeep\n|turn|43\n|inactive|mewax has 120 seconds left.\n|\n|t:|1782785779\n|move|p2a: Uxie|Encore|p1a: Tropius\n|-start|p1a: Tropius|Encore\n|move|p1a: Tropius|Air Slash|p2a: Uxie\n|-resisted|p2a: Uxie\n|-damage|p2a: Uxie|97/260\n|\n|-heal|p2a: Uxie|113/260|[from] item: Leftovers\n|upkeep\n|turn|44\n|inactive|mewax has 120 seconds left.\n|\n|t:|1782785787\n|move|p2a: Uxie|Psychic Noise|p1a: Tropius\n|-damage|p1a: Tropius|238/328\n|-start|p1a: Tropius|move: Heal Block\n|move|p1a: Tropius|Air Slash|p2a: Uxie\n|-resisted|p2a: Uxie\n|-damage|p2a: Uxie|84/260\n|\n|-heal|p2a: Uxie|100/260|[from] item: Leftovers\n|upkeep\n|turn|45\n|\n|t:|1782785794\n|move|p2a: Uxie|Knock Off|p1a: Tropius\n|-damage|p1a: Tropius|204/328\n|move|p1a: Tropius|Air Slash|p2a: Uxie\n|-resisted|p2a: Uxie\n|-damage|p2a: Uxie|70/260\n|\n|-heal|p2a: Uxie|86/260|[from] item: Leftovers\n|-end|p1a: Tropius|Encore\n|-end|p1a: Tropius|move: Heal Block\n|upkeep\n|turn|46\n|\n|t:|1782785798\n|switch|p1a: Grimmsnarl|Grimmsnarl, L83, M|55/293\n|move|p2a: Uxie|U-turn|p1a: Grimmsnarl\n|-damage|p1a: Grimmsnarl|2/293\n|\n|t:|1782785801\n|switch|p2a: Dudunsparce|Dudunsparce-Three-Segment, L83, M|301/343|[from] U-turn\n|-activate|p2a: Dudunsparce|move: Sticky Web\n|-unboost|p2a: Dudunsparce|spe|1\n|\n|-heal|p2a: Dudunsparce|322/343|[from] item: Leftovers\n|upkeep\n|turn|47\n|\n|t:|1782785806\n|move|p1a: Grimmsnarl|Parting Shot|p2a: Dudunsparce\n|-unboost|p2a: Dudunsparce|atk|1\n|-unboost|p2a: Dudunsparce|spa|1\n|\n|t:|1782785807\n|switch|p1a: Tropius|Tropius, L91, M|204/328|[from] Parting Shot\n|move|p2a: Dudunsparce|Calm Mind|p2a: Dudunsparce\n|-boost|p2a: Dudunsparce|spa|1\n|-boost|p2a: Dudunsparce|spd|1\n|\n|-heal|p2a: Dudunsparce|343/343|[from] item: Leftovers\n|upkeep\n|turn|48\n|\n|t:|1782785810\n|move|p1a: Tropius|Leech Seed|p2a: Dudunsparce\n|-start|p2a: Dudunsparce|move: Leech Seed\n|move|p2a: Dudunsparce|Calm Mind|p2a: Dudunsparce\n|-boost|p2a: Dudunsparce|spa|1\n|-boost|p2a: Dudunsparce|spd|1\n|\n|-damage|p2a: Dudunsparce|301/343|[from] Leech Seed|[of] p1a: Tropius\n|-heal|p1a: Tropius|246/328|[silent]\n|upkeep\n|turn|49\n|\n|t:|1782785820\n|move|p1a: Tropius|Air Slash|p2a: Dudunsparce\n|-damage|p2a: Dudunsparce|255/343\n|move|p2a: Dudunsparce|Boomburst|p1a: Tropius\n|-damage|p1a: Tropius|77/328\n|\n|-heal|p2a: Dudunsparce|276/343|[from] item: Leftovers\n|-damage|p2a: Dudunsparce|234/343|[from] Leech Seed|[of] p1a: Tropius\n|-heal|p1a: Tropius|119/328|[silent]\n|upkeep\n|turn|50\n|\n|t:|1782785825\n|move|p1a: Tropius|Protect|p1a: Tropius\n|-singleturn|p1a: Tropius|Protect\n|move|p2a: Dudunsparce|Roost|p2a: Dudunsparce\n|-heal|p2a: Dudunsparce|343/343\n|-singleturn|p2a: Dudunsparce|move: Roost\n|\n|-damage|p2a: Dudunsparce|301/343|[from] Leech Seed|[of] p1a: Tropius\n|-heal|p1a: Tropius|161/328|[silent]\n|upkeep\n|turn|51\n|\n|t:|1782785830\n|move|p1a: Tropius|Air Slash|p2a: Dudunsparce\n|-crit|p2a: Dudunsparce\n|-damage|p2a: Dudunsparce|172/343\n|move|p2a: Dudunsparce|Calm Mind|p2a: Dudunsparce\n|-boost|p2a: Dudunsparce|spa|1\n|-boost|p2a: Dudunsparce|spd|1\n|\n|-heal|p2a: Dudunsparce|193/343|[from] item: Leftovers\n|-damage|p2a: Dudunsparce|151/343|[from] Leech Seed|[of] p1a: Tropius\n|-heal|p1a: Tropius|203/328|[silent]\n|upkeep\n|turn|52\n|\n|t:|1782785834\n|move|p1a: Tropius|Air Slash|p2a: Dudunsparce\n|-damage|p2a: Dudunsparce|114/343\n|move|p2a: Dudunsparce|Roost|p2a: Dudunsparce\n|-heal|p2a: Dudunsparce|286/343\n|-singleturn|p2a: Dudunsparce|move: Roost\n|\n|-heal|p2a: Dudunsparce|307/343|[from] item: Leftovers\n|-damage|p2a: Dudunsparce|265/343|[from] Leech Seed|[of] p1a: Tropius\n|-heal|p1a: Tropius|245/328|[silent]\n|upkeep\n|turn|53\n|\n|t:|1782785838\n|move|p1a: Tropius|Air Slash|p2a: Dudunsparce\n|-damage|p2a: Dudunsparce|232/343\n|move|p2a: Dudunsparce|Boomburst|p1a: Tropius\n|-damage|p1a: Tropius|0 fnt\n|faint|p1a: Tropius\n|\n|-heal|p2a: Dudunsparce|253/343|[from] item: Leftovers\n|upkeep\n|\n|t:|1782785842\n|switch|p1a: Toucannon|Toucannon, L88, F|183/284\n|turn|54\n|\n|t:|1782785846\n|move|p1a: Toucannon|Boomburst|p2a: Dudunsparce\n|-damage|p2a: Dudunsparce|186/343\n|move|p2a: Dudunsparce|Boomburst|p1a: Toucannon\n|-damage|p1a: Toucannon|0 fnt\n|faint|p1a: Toucannon\n|\n|-heal|p2a: Dudunsparce|207/343|[from] item: Leftovers\n|upkeep\n|-message|toplaneisop forfeited.\n|\n|win|mewax\n", "inputlog": ">version f8ac14003a5f27e1bdc8d8c59608a773c1cb96e5\n>start {\"formatid\":\"gen9randombattle\",\"seed\":\"sodium,2e8f56aa2c47844f4c149fdfaa12c187\",\"rated\":\"Rated battle\"}\n>player p1 {\"name\":\"toplaneisop\",\"avatar\":\"266\",\"rating\":1958,\"seed\":\"sodium,597e44eb7f4508f9b5c32d4ec4fe95e8\"}\n>player p2 {\"name\":\"mewax\",\"avatar\":\"1\",\"rating\":1980,\"seed\":\"sodium,d9866eafb35ae2aae06362c736b011f4\"}\n>p1 switch 3\n>p2 move bugbuzz\n>p1 move beakblast\n>p2 switch 2\n>p1 move beakblast\n>p2 move stealthrock\n>p1 move beakblast\n>p2 move roost\n>p1 move boomburst\n>p2 move spikes\n>p1 move boomburst\n>p2 move roost\n>p1 move boomburst\n>p2 move spikes\n>p1 move roost\n>p2 move roost\n>p1 move roost\n>p2 move bravebird\n>p1 move beakblast\n>p2 move roost\n>p1 move beakblast\n>p2 move spikes\n>p1 move beakblast\n>p2 move roost\n>p1 move beakblast\n>p2 move bravebird\n>p1 move boomburst\n>p2 move roost\n>p1 move roost\n>p2 move roost\n>p1 move uturn\n>p2 move bravebird\n>p1 switch 3\n>p1 move filletaway\n>p2 move bravebird\n>p1 move aquacutter terastallize\n>p2 move bravebird\n>p2 switch 4\n>p1 move aquacutter\n>p2 move earthquake\n>p2 switch 3\n>p1 move nightslash\n>p2 move psychicnoise terastallize\n>p1 switch 6\n>p1 move rapidspin\n>p2 move psychicnoise\n>p1 switch 5\n>p2 move encore\n>p1 move lightscreen\n>p2 move uturn\n>p2 switch 6\n>p1 move reflect\n>p2 move heavyslam\n>p1 move spiritbreak\n>p2 move knockoff\n>p1 move spiritbreak\n>p2 move heavyslam\n>p2 switch 6\n>p1 move spiritbreak\n>p2 move uturn\n>p2 switch 2\n>p1 move partingshot\n>p2 move revivalblessing\n>p1 switch 4\n>p2 switch 4\n>p1 move stickyweb\n>p2 move bugbuzz\n>p1 move knockoff\n>p2 move bugbuzz\n>p1 move lunge\n>p2 move recover\n>p2 switch 4\n>p1 move knockoff\n>p2 move roost\n>p1 move lunge\n>p2 move bravebird\n>p1 switch 5\n>p1 move closecombat\n>p2 move bravebird\n>p1 switch 4\n>p2 switch 2\n>p1 move lightscreen\n>p2 move uturn\n>p2 switch 5\n>p1 move partingshot\n>p2 switch 5\n>p1 switch 2\n>p1 move leechseed\n>p2 move knockoff\n>p1 switch 2\n>p2 move encore\n>p1 move spiritbreak\n>p2 move uturn\n>p2 switch 5\n>p1 move partingshot\n>p2 move boomburst\n>p1 switch 2\n>p1 move leechseed\n>p2 move roost\n>p1 move airslash\n>p2 switch 5\n>p1 move leechseed\n>p2 move encore\n>p1 move airslash\n>p2 move psychicnoise\n>p1 move airslash\n>p2 move knockoff\n>p1 switch 2\n>p2 move uturn\n>p2 switch 5\n>p1 move partingshot\n>p2 move calmmind\n>p1 switch 2\n>p1 move leechseed\n>p2 move calmmind\n>p1 move airslash\n>p2 move boomburst\n>p1 move protect\n>p2 move roost\n>p1 move airslash\n>p2 move calmmind\n>p1 move airslash\n>p2 move roost\n>p1 move airslash\n>p2 move boomburst\n>p1 switch 3\n>p1 move boomburst\n>p2 move boomburst\n>forcelose p1", "uploadtime": 1782785174, "views": 4, "formatid": "gen9randombattle", "rating": null, "private": 0, "password": null, "player_dets": [{"name": "toplaneisop", "avatar": "266", "rating": 1958, "seed": "sodium,597e44eb7f4508f9b5c32d4ec4fe95e8"}, {"name": "mewax", "avatar": "1", "rating": 1980, "seed": "sodium,d9866eafb35ae2aae06362c736b011f4"}], "teams_full": [{"Veluza": {"name": "Veluza", "species": "Veluza", "speciesId": "veluza", "gender": "F", "shiny": false, "level": 85, "moves": ["filletaway", "nightslash", "aquacutter", "psychocut"], "ability": "Sharpness", "evs": {"hp": 85, "atk": 85, "def": 85, "spa": 85, "spd": 85, "spe": 85}, "ivs": {"hp": 31, "atk": 31, "def": 31, "spa": 31, "spd": 31, "spe": 31}, "item": "Sitrus Berry", "teraType": "Water", "role": "Setup Sweeper", "bvs": {"hp": 90, "atk": 102, "def": 73, "spa": 78, "spd": 65, "spe": 70}, "stats": {"hp": 292, "atk": 222, "def": 173, "spa": 181, "spd": 159, "spe": 168}, "types": ["Water", "Psychic"]}, "Tropius": {"name": "Tropius", "species": "Tropius", "speciesId": "tropius", "gender": "M", "shiny": false, "level": 91, "moves": ["leechseed", "substitute", "airslash", "protect"], "ability": "Harvest", "evs": {"hp": 85, "atk": 0, "def": 85, "spa": 85, "spd": 85, "spe": 85}, "ivs": {"hp": 31, "atk": 0, "def": 31, "spa": 31, "spd": 31, "spe": 31}, "item": "Sitrus Berry", "teraType": "Steel", "role": "Bulky Support", "bvs": {"hp": 99, "atk": 68, "def": 83, "spa": 72, "spd": 87, "spe": 51}, "stats": {"hp": 328, "atk": 128, "def": 203, "spa": 183, "spd": 210, "spe": 145}, "types": ["Grass", "Flying"]}, "Toucannon": {"name": "Toucannon", "species": "Toucannon", "speciesId": "toucannon", "gender": "F", "shiny": false, "level": 88, "moves": ["uturn", "roost", "boomburst", "beakblast"], "ability": "Keen Eye", "evs": {"hp": 85, "atk": 85, "def": 85, "spa": 85, "spd": 85, "spe": 85}, "ivs": {"hp": 31, "atk": 31, "def": 31, "spa": 31, "spd": 31, "spe": 31}, "item": "Heavy-Duty Boots", "teraType": "Steel", "role": "Bulky Support", "bvs": {"hp": 80, "atk": 120, "def": 75, "spa": 75, "spd": 75, "spe": 60}, "stats": {"hp": 284, "atk": 261, "def": 182, "spa": 182, "spd": 182, "spe": 156}, "types": ["Normal", "Flying"]}, "Leavanny": {"name": "Leavanny", "species": "Leavanny", "speciesId": "leavanny", "gender": "F", "shiny": false, "level": 86, "moves": ["knockoff", "lunge", "leafblade", "stickyweb"], "ability": "Swarm", "evs": {"hp": 85, "atk": 85, "def": 85, "spa": 85, "spd": 85, "spe": 85}, "ivs": {"hp": 31, "atk": 31, "def": 31, "spa": 31, "spd": 31, "spe": 31}, "item": "Heavy-Duty Boots", "teraType": "Ghost", "role": "Fast Support", "bvs": {"hp": 75, "atk": 103, "def": 80, "spa": 70, "spd": 80, "spe": 92}, "stats": {"hp": 269, "atk": 226, "def": 187, "spa": 170, "spd": 187, "spe": 207}, "types": ["Bug", "Grass"]}, "Grimmsnarl": {"name": "Grimmsnarl", "species": "Grimmsnarl", "speciesId": "grimmsnarl", "gender": "M", "shiny": false, "level": 83, "moves": ["partingshot", "lightscreen", "spiritbreak", "reflect"], "ability": "Prankster", "evs": {"hp": 85, "atk": 85, "def": 85, "spa": 85, "spd": 85, "spe": 85}, "ivs": {"hp": 31, "atk": 31, "def": 31, "spa": 31, "spd": 31, "spe": 31}, "item": "Light Clay", "teraType": "Steel", "role": "Bulky Support", "bvs": {"hp": 95, "atk": 120, "def": 65, "spa": 95, "spd": 75, "spe": 60}, "stats": {"hp": 293, "atk": 247, "def": 156, "spa": 205, "spd": 172, "spe": 147}, "types": ["Dark", "Fairy"]}, "Hitmontop": {"name": "Hitmontop", "species": "Hitmontop", "speciesId": "hitmontop", "gender": "M", "shiny": false, "level": 88, "moves": ["suckerpunch", "rapidspin", "closecombat", "earthquake"], "ability": "Intimidate", "evs": {"hp": 85, "atk": 85, "def": 85, "spa": 85, "spd": 85, "spe": 85}, "ivs": {"hp": 31, "atk": 31, "def": 31, "spa": 31, "spd": 31, "spe": 31}, "item": "Assault Vest", "teraType": "Steel", "role": "Bulky Support", "bvs": {"hp": 50, "atk": 95, "def": 95, "spa": 35, "spd": 110, "spe": 70}, "stats": {"hp": 231, "atk": 217, "def": 217, "spa": 112, "spd": 244, "spe": 173}, "types": ["Fighting"]}}, {"Rabsca": {"name": "Rabsca", "species": "Rabsca", "speciesId": "rabsca", "gender": "F", "shiny": false, "level": 91, "moves": ["psychic", "bugbuzz", "revivalblessing", "recover"], "ability": "Synchronize", "evs": {"hp": 85, "atk": 0, "def": 85, "spa": 85, "spd": 85, "spe": 85}, "ivs": {"hp": 31, "atk": 0, "def": 31, "spa": 31, "spd": 31, "spe": 31}, "item": "Heavy-Duty Boots", "teraType": "Steel", "role": "Wallbreaker", "bvs": {"hp": 75, "atk": 50, "def": 85, "spa": 115, "spd": 100, "spe": 45}, "stats": {"hp": 284, "atk": 96, "def": 207, "spa": 261, "spd": 234, "spe": 134}, "types": ["Bug", "Psychic"]}, "Skarmory": {"name": "Skarmory", "species": "Skarmory", "speciesId": "skarmory", "gender": "F", "shiny": false, "level": 80, "moves": ["stealthrock", "spikes", "bravebird", "roost"], "ability": "Sturdy", "evs": {"hp": 85, "atk": 85, "def": 85, "spa": 85, "spd": 85, "spe": 85}, "ivs": {"hp": 31, "atk": 31, "def": 31, "spa": 31, "spd": 31, "spe": 31}, "item": "Rocky Helmet", "teraType": "Dragon", "role": "Bulky Support", "bvs": {"hp": 65, "atk": 80, "def": 140, "spa": 40, "spd": 70, "spe": 70}, "stats": {"hp": 235, "atk": 174, "def": 270, "spa": 110, "spd": 158, "spe": 158}, "types": ["Steel", "Flying"]}, "Uxie": {"name": "Uxie", "species": "Uxie", "speciesId": "uxie", "gender": "N", "shiny": false, "level": 83, "moves": ["encore", "uturn", "psychicnoise", "knockoff"], "ability": "Levitate", "evs": {"hp": 85, "atk": 85, "def": 85, "spa": 85, "spd": 85, "spe": 85}, "ivs": {"hp": 31, "atk": 31, "def": 31, "spa": 31, "spd": 31, "spe": 31}, "item": "Leftovers", "teraType": "Electric", "role": "Bulky Support", "bvs": {"hp": 75, "atk": 75, "def": 130, "spa": 75, "spd": 130, "spe": 95}, "stats": {"hp": 260, "atk": 172, "def": 263, "spa": 172, "spd": 263, "spe": 205}, "types": ["Psychic"]}, "Garchomp": {"name": "Garchomp", "species": "Garchomp", "speciesId": "garchomp", "gender": "F", "shiny": false, "level": 74, "moves": ["outrage", "earthquake", "spikes", "dragontail"], "ability": "Rough Skin", "evs": {"hp": 85, "atk": 85, "def": 85, "spa": 85, "spd": 85, "spe": 85}, "ivs": {"hp": 31, "atk": 31, "def": 31, "spa": 31, "spd": 31, "spe": 31}, "item": "Rocky Helmet", "teraType": "Ground", "role": "Fast Support", "bvs": {"hp": 108, "atk": 130, "def": 95, "spa": 80, "spd": 85, "spe": 102}, "stats": {"hp": 282, "atk": 235, "def": 184, "spa": 161, "spd": 169, "spe": 194}, "types": ["Dragon", "Ground"]}, "Dudunsparce": {"name": "Dudunsparce", "species": "Dudunsparce-Three-Segment", "speciesId": "dudunsparce", "gender": "M", "shiny": false, "level": 83, "moves": ["calmmind", "boomburst", "shadowball", "roost"], "ability": "Rattled", "evs": {"hp": 85, "atk": 0, "def": 85, "spa": 85, "spd": 85, "spe": 85}, "ivs": {"hp": 31, "atk": 0, "def": 31, "spa": 31, "spd": 31, "spe": 31}, "item": "Leftovers", "teraType": "Ghost", "role": "Bulky Setup", "bvs": {"hp": 125, "atk": 100, "def": 80, "spa": 85, "spd": 75, "spe": 55}, "stats": {"hp": 343, "atk": 171, "def": 180, "spa": 189, "spd": 172, "spe": 139}, "types": ["Normal"]}, "Hariyama": {"name": "Hariyama", "species": "Hariyama", "speciesId": "hariyama", "gender": "F", "shiny": false, "level": 87, "moves": ["headlongrush", "closecombat", "knockoff", "heavyslam"], "ability": "Thick Fat", "evs": {"hp": 85, "atk": 85, "def": 85, "spa": 85, "spd": 85, "spe": 85}, "ivs": {"hp": 31, "atk": 31, "def": 31, "spa": 31, "spd": 31, "spe": 31}, "item": "Assault Vest", "teraType": "Steel", "role": "AV Pivot", "bvs": {"hp": 144, "atk": 120, "def": 60, "spa": 40, "spd": 60, "spe": 50}, "stats": {"hp": 392, "atk": 259, "def": 154, "spa": 119, "spd": 154, "spe": 137}, "types": ["Fighting"]}}]}