{"id": "gen9randombattle-2641724675", "format": "[Gen 9] Random Battle", "players": ["Aridame", "LiggyLiggy"], "log": "|j|\u2606Aridame\n|j|\u203dLiggyLiggy\n|t:|1782834415\n|gametype|singles\n|player|p1|Aridame|101|1956\n|player|p2|LiggyLiggy|1|1929\n|gen|9\n|tier|[Gen 9] Random Battle\n|rated|\n|rule|Species Clause: Limit one of each Pok\u00e9mon\n|rule|HP Percentage Mod: HP is shown in percentages\n|rule|Sleep Clause Mod: Limit one foe put to sleep\n|rule|Illusion Level Mod: Illusion disguises the Pok\u00e9mon's true level\n|\n|t:|1782834415\n|teamsize|p1|6\n|teamsize|p2|6\n|start\n|switch|p1a: Alomomola|Alomomola, L87, M|429/429\n|switch|p2a: Hippowdon|Hippowdon, L82, F|311/311\n|-weather|Sandstorm|[from] ability: Sand Stream|[of] p2a: Hippowdon\n|turn|1\n|inactive|Battle timer is ON: inactive players will automatically lose when time's up. (requested by LiggyLiggy)\n|\n|t:|1782834421\n|move|p1a: Alomomola|Scald|p2a: Hippowdon\n|-supereffective|p2a: Hippowdon\n|-damage|p2a: Hippowdon|203/311\n|move|p2a: Hippowdon|Stealth Rock|p1a: Alomomola\n|-sidestart|p1: Aridame|move: Stealth Rock\n|\n|-weather|Sandstorm|[upkeep]\n|-damage|p1a: Alomomola|403/429|[from] Sandstorm\n|-heal|p2a: Hippowdon|222/311|[from] item: Leftovers\n|upkeep\n|turn|2\n|\n|t:|1782834427\n|switch|p2a: Jumpluff|Jumpluff, L87, F|271/271\n|move|p1a: Alomomola|Scald|p2a: Jumpluff\n|-resisted|p2a: Jumpluff\n|-damage|p2a: Jumpluff|250/271\n|\n|-weather|Sandstorm|[upkeep]\n|-damage|p2a: Jumpluff|234/271|[from] Sandstorm\n|-damage|p1a: Alomomola|377/429|[from] Sandstorm\n|upkeep\n|turn|3\n|\n|t:|1782834453\n|move|p2a: Jumpluff|Sleep Powder|p1a: Alomomola\n|-status|p1a: Alomomola|slp|[from] move: Sleep Powder\n|cant|p1a: Alomomola|slp\n|\n|-weather|Sandstorm|[upkeep]\n|-damage|p2a: Jumpluff|218/271|[from] Sandstorm\n|-damage|p1a: Alomomola|351/429 slp|[from] Sandstorm\n|upkeep\n|turn|4\n|\n|t:|1782834459\n|move|p2a: Jumpluff|Strength Sap|p1a: Alomomola\n|-unboost|p1a: Alomomola|atk|1\n|-heal|p2a: Jumpluff|271/271\n|cant|p1a: Alomomola|slp\n|\n|-weather|Sandstorm|[upkeep]\n|-damage|p2a: Jumpluff|255/271|[from] Sandstorm\n|-damage|p1a: Alomomola|325/429 slp|[from] Sandstorm\n|upkeep\n|turn|5\n|\n|t:|1782834462\n|move|p2a: Jumpluff|Acrobatics|p1a: Alomomola\n|-damage|p1a: Alomomola|243/429 slp\n|-curestatus|p1a: Alomomola|slp|[msg]\n|move|p1a: Alomomola|Flip Turn|p2a: Jumpluff\n|-resisted|p2a: Jumpluff\n|-damage|p2a: Jumpluff|231/271\n|\n|t:|1782834466\n|switch|p1a: Rampardos|Rampardos, L90, M|321/321|[from] Flip Turn\n|-damage|p1a: Rampardos|281/321|[from] Stealth Rock\n|\n|-weather|none\n|upkeep\n|turn|6\n|\n|t:|1782834468\n|move|p2a: Jumpluff|Sleep Powder|p1a: Rampardos\n|-status|p1a: Rampardos|slp|[from] move: Sleep Powder\n|cant|p1a: Rampardos|slp\n|\n|upkeep\n|turn|7\n|\n|t:|1782834472\n|move|p2a: Jumpluff|U-turn|p1a: Rampardos\n|-damage|p1a: Rampardos|235/321 slp\n|\n|t:|1782834475\n|switch|p2a: Magearna|Magearna, L77|250/250|[from] U-turn\n|-curestatus|p1a: Rampardos|slp|[msg]\n|move|p1a: Rampardos|Head Smash|p2a: Magearna|[miss]\n|-miss|p1a: Rampardos|p2a: Magearna\n|\n|upkeep\n|turn|8\n|\n|t:|1782834479\n|move|p1a: Rampardos|Head Smash|p2a: Magearna\n|-resisted|p2a: Magearna\n|-damage|p2a: Magearna|118/250\n|-damage|p1a: Rampardos|169/321|[from] Recoil\n|move|p2a: Magearna|Shift Gear|p2a: Magearna\n|-boost|p2a: Magearna|spe|2\n|-boost|p2a: Magearna|atk|1\n|\n|-heal|p2a: Magearna|133/250|[from] item: Leftovers\n|upkeep\n|turn|9\n|\n|t:|1782834493\n|switch|p1a: Wo-Chien|Wo-Chien, L83|277/277\n|-damage|p1a: Wo-Chien|243/277|[from] Stealth Rock\n|-ability|p1a: Wo-Chien|Tablets of Ruin\n|move|p2a: Magearna|Calm Mind|p2a: Magearna\n|-boost|p2a: Magearna|spa|1\n|-boost|p2a: Magearna|spd|1\n|\n|-heal|p2a: Magearna|148/250|[from] item: Leftovers\n|-heal|p1a: Wo-Chien|260/277|[from] item: Leftovers\n|upkeep\n|turn|10\n|\n|t:|1782834498\n|move|p2a: Magearna|Flash Cannon|p1a: Wo-Chien\n|-damage|p1a: Wo-Chien|154/277\n|move|p1a: Wo-Chien|Knock Off|p2a: Magearna\n|-resisted|p2a: Magearna\n|-damage|p2a: Magearna|104/250\n|-enditem|p2a: Magearna|Leftovers|[from] move: Knock Off|[of] p1a: Wo-Chien\n|\n|-heal|p1a: Wo-Chien|171/277|[from] item: Leftovers\n|upkeep\n|turn|11\n|\n|t:|1782834503\n|move|p2a: Magearna|Fleur Cannon|p1a: Wo-Chien\n|-supereffective|p1a: Wo-Chien\n|-damage|p1a: Wo-Chien|0 fnt\n|-unboost|p2a: Magearna|spa|2\n|faint|p1a: Wo-Chien\n|-ability|p2a: Magearna|Soul-Heart|boost\n|-boost|p2a: Magearna|spa|1\n|\n|upkeep\n|\n|t:|1782834507\n|switch|p1a: Lugia|Lugia, L73|275/275\n|turn|12\n|\n|t:|1782834519\n|move|p2a: Magearna|Calm Mind|p2a: Magearna\n|-boost|p2a: Magearna|spa|1\n|-boost|p2a: Magearna|spd|1\n|move|p1a: Lugia|Calm Mind|p1a: Lugia\n|-boost|p1a: Lugia|spa|1\n|-boost|p1a: Lugia|spd|1\n|\n|upkeep\n|turn|13\n|\n|t:|1782834523\n|move|p2a: Magearna|Flash Cannon|p1a: Lugia\n|-damage|p1a: Lugia|245/275\n|move|p1a: Lugia|Calm Mind|p1a: Lugia\n|-boost|p1a: Lugia|spa|1\n|-boost|p1a: Lugia|spd|1\n|\n|upkeep\n|turn|14\n|\n|t:|1782834525\n|move|p2a: Magearna|Flash Cannon|p1a: Lugia\n|-damage|p1a: Lugia|199/275\n|move|p1a: Lugia|Calm Mind|p1a: Lugia\n|-boost|p1a: Lugia|spa|1\n|-boost|p1a: Lugia|spd|1\n|\n|upkeep\n|turn|15\n|\n|t:|1782834531\n|switch|p2a: Hippowdon|Hippowdon, L82, F|222/311\n|-weather|Sandstorm|[from] ability: Sand Stream|[of] p2a: Hippowdon\n|move|p1a: Lugia|Calm Mind|p1a: Lugia\n|-boost|p1a: Lugia|spa|1\n|-boost|p1a: Lugia|spd|1\n|\n|-weather|Sandstorm|[upkeep]\n|-damage|p1a: Lugia|182/275|[from] Sandstorm\n|-heal|p2a: Hippowdon|241/311|[from] item: Leftovers\n|upkeep\n|turn|16\n|\n|t:|1782834534\n|move|p1a: Lugia|Aeroblast|p2a: Hippowdon\n|-damage|p2a: Hippowdon|0 fnt\n|faint|p2a: Hippowdon\n|\n|-weather|Sandstorm|[upkeep]\n|-damage|p1a: Lugia|165/275|[from] Sandstorm\n|upkeep\n|\n|t:|1782834538\n|switch|p2a: Krookodile|Krookodile, L79, F|280/280\n|-ability|p2a: Krookodile|Intimidate|boost\n|-unboost|p1a: Lugia|atk|1\n|turn|17\n|\n|t:|1782834545\n|-terastallize|p1a: Lugia|Ground\n|move|p1a: Lugia|Aeroblast|p2a: Krookodile|[miss]\n|-miss|p1a: Lugia|p2a: Krookodile\n|move|p2a: Krookodile|Knock Off|p1a: Lugia\n|-damage|p1a: Lugia|80/275\n|-enditem|p1a: Lugia|Heavy-Duty Boots|[from] move: Knock Off|[of] p2a: Krookodile\n|\n|-weather|Sandstorm|[upkeep]\n|upkeep\n|turn|18\n|\n|t:|1782834554\n|move|p1a: Lugia|Aeroblast|p2a: Krookodile\n|-damage|p2a: Krookodile|1/280\n|move|p2a: Krookodile|Earthquake|p1a: Lugia\n|-damage|p1a: Lugia|0 fnt\n|faint|p1a: Lugia\n|\n|-weather|Sandstorm|[upkeep]\n|-heal|p2a: Krookodile|18/280|[from] item: Leftovers\n|upkeep\n|\n|t:|1782834561\n|switch|p1a: Lokix|Lokix, L82, F|251/251\n|-damage|p1a: Lokix|189/251|[from] Stealth Rock\n|turn|19\n|\n|t:|1782834577\n|switch|p2a: Jumpluff|Jumpluff, L87, F|231/271\n|move|p1a: Lokix|Knock Off|p2a: Jumpluff\n|-damage|p2a: Jumpluff|137/271\n|-damage|p1a: Lokix|164/251|[from] item: Life Orb\n|\n|-weather|none\n|upkeep\n|turn|20\n|\n|t:|1782834582\n|move|p2a: Jumpluff|Strength Sap|p1a: Lokix\n|-unboost|p1a: Lokix|atk|1\n|-heal|p2a: Jumpluff|271/271\n|move|p1a: Lokix|Leech Life|p2a: Jumpluff\n|-damage|p2a: Jumpluff|181/271\n|-heal|p1a: Lokix|209/251|[from] drain|[of] p2a: Jumpluff\n|-damage|p1a: Lokix|184/251|[from] item: Life Orb\n|\n|upkeep\n|turn|21\n|\n|t:|1782834588\n|move|p2a: Jumpluff|Sleep Powder|p1a: Lokix|[miss]\n|-miss|p2a: Jumpluff|p1a: Lokix\n|move|p1a: Lokix|Leech Life|p2a: Jumpluff\n|-damage|p2a: Jumpluff|103/271\n|-heal|p1a: Lokix|223/251|[from] drain|[of] p2a: Jumpluff\n|-damage|p1a: Lokix|198/251|[from] item: Life Orb\n|\n|upkeep\n|turn|22\n|\n|t:|1782834591\n|move|p2a: Jumpluff|Sleep Powder|p1a: Lokix\n|-status|p1a: Lokix|slp|[from] move: Sleep Powder\n|cant|p1a: Lokix|slp\n|\n|upkeep\n|turn|23\n|\n|t:|1782834594\n|switch|p1a: Alomomola|Alomomola, L87, M|386/429\n|move|p2a: Jumpluff|Strength Sap|p1a: Alomomola\n|-unboost|p1a: Alomomola|atk|1\n|-heal|p2a: Jumpluff|271/271\n|\n|upkeep\n|turn|24\n|\n|t:|1782834598\n|move|p2a: Jumpluff|U-turn|p1a: Alomomola\n|-damage|p1a: Alomomola|348/429\n|\n|t:|1782834600\n|switch|p2a: Misdreavus|Misdreavus, L90, M|254/254|[from] U-turn\n|move|p1a: Alomomola|Wish|p1a: Alomomola\n|\n|upkeep\n|turn|25\n|\n|t:|1782834605\n|move|p2a: Misdreavus|Calm Mind|p2a: Misdreavus\n|-boost|p2a: Misdreavus|spa|1\n|-boost|p2a: Misdreavus|spd|1\n|move|p1a: Alomomola|Flip Turn|p2a: Misdreavus\n|-damage|p2a: Misdreavus|226/254\n|\n|t:|1782834609\n|switch|p1a: Rampardos|Rampardos, L90, M|169/321|[from] Flip Turn\n|-damage|p1a: Rampardos|129/321|[from] Stealth Rock\n|\n|-heal|p1a: Rampardos|321/321|[from] move: Wish|[wisher] Alomomola\n|upkeep\n|turn|26\n|\n|t:|1782834612\n|move|p1a: Rampardos|Head Smash|p2a: Misdreavus\n|-damage|p2a: Misdreavus|7/254\n|-damage|p1a: Rampardos|211/321|[from] Recoil\n|move|p2a: Misdreavus|Will-O-Wisp|p1a: Rampardos\n|-status|p1a: Rampardos|brn\n|\n|-damage|p1a: Rampardos|191/321 brn|[from] brn\n|upkeep\n|turn|27\n|\n|t:|1782834616\n|move|p1a: Rampardos|Head Smash|p2a: Misdreavus\n|-damage|p2a: Misdreavus|0 fnt\n|faint|p2a: Misdreavus\n|-damage|p1a: Rampardos|187/321 brn|[from] Recoil\n|\n|-damage|p1a: Rampardos|167/321 brn|[from] brn\n|upkeep\n|\n|t:|1782834618\n|switch|p2a: Magearna|Magearna, L77|104/250\n|turn|28\n|\n|t:|1782834621\n|move|p1a: Rampardos|Head Smash|p2a: Magearna\n|-resisted|p2a: Magearna\n|-damage|p2a: Magearna|40/250\n|-damage|p1a: Rampardos|135/321 brn|[from] Recoil\n|move|p2a: Magearna|Shift Gear|p2a: Magearna\n|-boost|p2a: Magearna|spe|2\n|-boost|p2a: Magearna|atk|1\n|\n|-damage|p1a: Rampardos|115/321 brn|[from] brn\n|upkeep\n|turn|29\n|\n|t:|1782834624\n|move|p2a: Magearna|Flash Cannon|p1a: Rampardos\n|-supereffective|p1a: Rampardos\n|-damage|p1a: Rampardos|0 fnt\n|faint|p1a: Rampardos\n|-ability|p2a: Magearna|Soul-Heart|boost\n|-boost|p2a: Magearna|spa|1\n|\n|upkeep\n|\n|t:|1782834626\n|switch|p1a: Alomomola|Alomomola, L87, M|429/429\n|turn|30\n|\n|t:|1782834629\n|move|p2a: Magearna|Fleur Cannon|p1a: Alomomola\n|-damage|p1a: Alomomola|117/429\n|-unboost|p2a: Magearna|spa|2\n|move|p1a: Alomomola|Scald|p2a: Magearna\n|-damage|p2a: Magearna|0 fnt\n|faint|p2a: Magearna\n|\n|upkeep\n|\n|t:|1782834639\n|switch|p2a: Sneasler|Sneasler, L74, F|240/240\n|turn|31\n|\n|t:|1782834642\n|move|p2a: Sneasler|Swords Dance|p2a: Sneasler\n|-boost|p2a: Sneasler|atk|2\n|move|p1a: Alomomola|Scald|p2a: Sneasler\n|-damage|p2a: Sneasler|180/240\n|-status|p2a: Sneasler|brn\n|\n|-damage|p2a: Sneasler|165/240 brn|[from] brn\n|upkeep\n|turn|32\n|\n|t:|1782834649\n|switch|p1a: Lokix|Lokix, L82, F|198/251 slp\n|-damage|p1a: Lokix|136/251 slp|[from] Stealth Rock\n|move|p2a: Sneasler|Close Combat|p1a: Lokix\n|-damage|p1a: Lokix|0 fnt\n|-unboost|p2a: Sneasler|def|1\n|-unboost|p2a: Sneasler|spd|1\n|faint|p1a: Lokix\n|-enditem|p2a: Sneasler|White Herb\n|-clearnegativeboost|p2a: Sneasler|[silent]\n|\n|-damage|p2a: Sneasler|150/240 brn|[from] brn\n|upkeep\n|\n|t:|1782834653\n|switch|p1a: Alomomola|Alomomola, L87, M|260/429\n|turn|33\n|\n|t:|1782834654\n|move|p2a: Sneasler|Close Combat|p1a: Alomomola\n|-damage|p1a: Alomomola|123/429\n|-unboost|p2a: Sneasler|def|1\n|-unboost|p2a: Sneasler|spd|1\n|move|p1a: Alomomola|Wish|p1a: Alomomola\n|\n|-damage|p2a: Sneasler|135/240 brn|[from] brn\n|upkeep\n|turn|34\n|\n|t:|1782834660\n|move|p1a: Alomomola|Protect|p1a: Alomomola\n|-singleturn|p1a: Alomomola|Protect\n|move|p2a: Sneasler|Swords Dance|p2a: Sneasler\n|-boost|p2a: Sneasler|atk|2\n|\n|-heal|p1a: Alomomola|337/429|[from] move: Wish|[wisher] Alomomola\n|-damage|p2a: Sneasler|120/240 brn|[from] brn\n|upkeep\n|turn|35\n|\n|t:|1782834663\n|move|p2a: Sneasler|Dire Claw|p1a: Alomomola\n|-damage|p1a: Alomomola|205/429\n|move|p1a: Alomomola|Scald|p2a: Sneasler\n|-damage|p2a: Sneasler|33/240 brn\n|\n|-damage|p2a: Sneasler|18/240 brn|[from] brn\n|upkeep\n|turn|36\n|\n|t:|1782834669\n|move|p2a: Sneasler|Dire Claw|p1a: Alomomola\n|-damage|p1a: Alomomola|74/429\n|move|p1a: Alomomola|Wish|p1a: Alomomola\n|\n|-damage|p2a: Sneasler|3/240 brn|[from] brn\n|upkeep\n|turn|37\n|\n|t:|1782834676\n|move|p1a: Alomomola|Protect|p1a: Alomomola\n|-singleturn|p1a: Alomomola|Protect\n|move|p2a: Sneasler|Dire Claw|p1a: Alomomola\n|-activate|p1a: Alomomola|move: Protect\n|\n|-heal|p1a: Alomomola|288/429|[from] move: Wish|[wisher] Alomomola\n|-damage|p2a: Sneasler|0 fnt|[from] brn\n|faint|p2a: Sneasler\n|upkeep\n|\n|t:|1782834681\n|switch|p2a: Jumpluff|Jumpluff, L87, F|271/271\n|turn|38\n|\n|t:|1782834687\n|switch|p1a: Sawsbuck|Sawsbuck, L88, F|284/284\n|-damage|p1a: Sawsbuck|249/284|[from] Stealth Rock\n|move|p2a: Jumpluff|Sleep Powder|p1a: Sawsbuck\n|-ability|p1a: Sawsbuck|Sap Sipper|boost\n|-boost|p1a: Sawsbuck|atk|1\n|\n|upkeep\n|turn|39\n|\n|t:|1782834692\n|switch|p1a: Alomomola|Alomomola, L87, M|429/429\n|move|p2a: Jumpluff|Acrobatics|p1a: Alomomola\n|-damage|p1a: Alomomola|344/429\n|\n|upkeep\n|turn|40\n|\n|t:|1782834697\n|move|p2a: Jumpluff|Sleep Powder|p1a: Alomomola|[miss]\n|-miss|p2a: Jumpluff|p1a: Alomomola\n|move|p1a: Alomomola|Scald|p2a: Jumpluff\n|-resisted|p2a: Jumpluff\n|-damage|p2a: Jumpluff|250/271\n|\n|upkeep\n|turn|41\n|\n|t:|1782834703\n|move|p2a: Jumpluff|Sleep Powder|p1a: Alomomola|[miss]\n|-miss|p2a: Jumpluff|p1a: Alomomola\n|move|p1a: Alomomola|Scald|p2a: Jumpluff\n|-resisted|p2a: Jumpluff\n|-damage|p2a: Jumpluff|228/271\n|-status|p2a: Jumpluff|brn\n|\n|-damage|p2a: Jumpluff|212/271 brn|[from] brn\n|upkeep\n|turn|42\n|\n|t:|1782834709\n|move|p2a: Jumpluff|Sleep Powder|p1a: Alomomola\n|-status|p1a: Alomomola|slp|[from] move: Sleep Powder\n|cant|p1a: Alomomola|slp\n|\n|-damage|p2a: Jumpluff|196/271 brn|[from] brn\n|upkeep\n|turn|43\n|\n|t:|1782834717\n|move|p2a: Jumpluff|Acrobatics|p1a: Alomomola\n|-damage|p1a: Alomomola|298/429 slp\n|cant|p1a: Alomomola|slp\n|\n|-damage|p2a: Jumpluff|180/271 brn|[from] brn\n|upkeep\n|turn|44\n|\n|t:|1782834721\n|move|p2a: Jumpluff|Acrobatics|p1a: Alomomola\n|-damage|p1a: Alomomola|253/429 slp\n|cant|p1a: Alomomola|slp\n|\n|-damage|p2a: Jumpluff|164/271 brn|[from] brn\n|upkeep\n|turn|45\n|\n|t:|1782834724\n|move|p2a: Jumpluff|Strength Sap|p1a: Alomomola\n|-unboost|p1a: Alomomola|atk|1\n|-heal|p2a: Jumpluff|271/271 brn\n|-curestatus|p1a: Alomomola|slp|[msg]\n|move|p1a: Alomomola|Wish|p1a: Alomomola\n|\n|-damage|p2a: Jumpluff|255/271 brn|[from] brn\n|upkeep\n|turn|46\n|\n|t:|1782834729\n|move|p2a: Jumpluff|Sleep Powder|p1a: Alomomola\n|-status|p1a: Alomomola|slp|[from] move: Sleep Powder\n|cant|p1a: Alomomola|slp\n|\n|-heal|p1a: Alomomola|429/429 slp|[from] move: Wish|[wisher] Alomomola\n|-damage|p2a: Jumpluff|239/271 brn|[from] brn\n|upkeep\n|turn|47\n|\n|t:|1782834732\n|switch|p2a: Krookodile|Krookodile, L79, F|18/280\n|-ability|p2a: Krookodile|Intimidate|boost\n|-unboost|p1a: Alomomola|atk|1\n|-curestatus|p1a: Alomomola|slp|[msg]\n|move|p1a: Alomomola|Scald|p2a: Krookodile\n|-supereffective|p2a: Krookodile\n|-damage|p2a: Krookodile|0 fnt\n|faint|p2a: Krookodile\n|\n|upkeep\n|\n|t:|1782834734\n|switch|p2a: Jumpluff|Jumpluff, L87, F|239/271 brn\n|turn|48\n|\n|t:|1782834746\n|move|p2a: Jumpluff|Sleep Powder|p1a: Alomomola\n|-status|p1a: Alomomola|slp|[from] move: Sleep Powder\n|cant|p1a: Alomomola|slp\n|\n|-damage|p2a: Jumpluff|223/271 brn|[from] brn\n|upkeep\n|turn|49\n|\n|t:|1782834770\n|move|p2a: Jumpluff|Acrobatics|p1a: Alomomola\n|-crit|p1a: Alomomola\n|-damage|p1a: Alomomola|363/429 slp\n|cant|p1a: Alomomola|slp\n|\n|-damage|p2a: Jumpluff|207/271 brn|[from] brn\n|upkeep\n|turn|50\n|\n|t:|1782834773\n|move|p2a: Jumpluff|Acrobatics|p1a: Alomomola\n|-damage|p1a: Alomomola|324/429 slp\n|-curestatus|p1a: Alomomola|slp|[msg]\n|move|p1a: Alomomola|Scald|p2a: Jumpluff\n|-resisted|p2a: Jumpluff\n|-damage|p2a: Jumpluff|183/271 brn\n|\n|-damage|p2a: Jumpluff|167/271 brn|[from] brn\n|upkeep\n|turn|51\n|\n|t:|1782834776\n|move|p2a: Jumpluff|Acrobatics|p1a: Alomomola\n|-damage|p1a: Alomomola|282/429\n|move|p1a: Alomomola|Scald|p2a: Jumpluff\n|-resisted|p2a: Jumpluff\n|-damage|p2a: Jumpluff|146/271 brn\n|\n|-damage|p2a: Jumpluff|130/271 brn|[from] brn\n|upkeep\n|turn|52\n|\n|t:|1782834778\n|move|p2a: Jumpluff|Acrobatics|p1a: Alomomola\n|-damage|p1a: Alomomola|237/429\n|move|p1a: Alomomola|Scald|p2a: Jumpluff\n|-resisted|p2a: Jumpluff\n|-damage|p2a: Jumpluff|107/271 brn\n|\n|-damage|p2a: Jumpluff|91/271 brn|[from] brn\n|upkeep\n|turn|53\n|\n|t:|1782834781\n|move|p2a: Jumpluff|Sleep Powder|p1a: Alomomola\n|-status|p1a: Alomomola|slp|[from] move: Sleep Powder\n|cant|p1a: Alomomola|slp\n|\n|-damage|p2a: Jumpluff|75/271 brn|[from] brn\n|upkeep\n|turn|54\n|\n|t:|1782834783\n|move|p2a: Jumpluff|Strength Sap|p1a: Alomomola\n|-unboost|p1a: Alomomola|atk|1\n|-heal|p2a: Jumpluff|165/271 brn\n|cant|p1a: Alomomola|slp\n|\n|-damage|p2a: Jumpluff|149/271 brn|[from] brn\n|upkeep\n|turn|55\n|\n|t:|1782834785\n|move|p2a: Jumpluff|Acrobatics|p1a: Alomomola\n|-damage|p1a: Alomomola|195/429 slp\n|cant|p1a: Alomomola|slp\n|\n|-damage|p2a: Jumpluff|133/271 brn|[from] brn\n|upkeep\n|turn|56\n|\n|t:|1782834787\n|move|p2a: Jumpluff|Acrobatics|p1a: Alomomola\n|-damage|p1a: Alomomola|156/429 slp\n|-curestatus|p1a: Alomomola|slp|[msg]\n|move|p1a: Alomomola|Wish|p1a: Alomomola\n|\n|-damage|p2a: Jumpluff|117/271 brn|[from] brn\n|upkeep\n|turn|57\n|\n|t:|1782834790\n|move|p1a: Alomomola|Protect|p1a: Alomomola\n|-singleturn|p1a: Alomomola|Protect\n|move|p2a: Jumpluff|Sleep Powder|p1a: Alomomola\n|-activate|p1a: Alomomola|move: Protect\n|\n|-heal|p1a: Alomomola|370/429|[from] move: Wish|[wisher] Alomomola\n|-damage|p2a: Jumpluff|101/271 brn|[from] brn\n|upkeep\n|turn|58\n|\n|t:|1782834793\n|move|p2a: Jumpluff|Sleep Powder|p1a: Alomomola\n|-status|p1a: Alomomola|slp|[from] move: Sleep Powder\n|cant|p1a: Alomomola|slp\n|\n|-damage|p2a: Jumpluff|85/271 brn|[from] brn\n|upkeep\n|turn|59\n|\n|t:|1782834795\n|move|p2a: Jumpluff|Strength Sap|p1a: Alomomola\n|-unboost|p1a: Alomomola|atk|1\n|-heal|p2a: Jumpluff|157/271 brn\n|cant|p1a: Alomomola|slp\n|\n|-damage|p2a: Jumpluff|141/271 brn|[from] brn\n|upkeep\n|turn|60\n|\n|t:|1782834797\n|move|p2a: Jumpluff|Strength Sap|p1a: Alomomola\n|-unboost|p1a: Alomomola|atk|1\n|-heal|p2a: Jumpluff|201/271 brn\n|cant|p1a: Alomomola|slp\n|\n|-damage|p2a: Jumpluff|185/271 brn|[from] brn\n|upkeep\n|turn|61\n|\n|t:|1782834800\n|move|p2a: Jumpluff|Acrobatics|p1a: Alomomola\n|-damage|p1a: Alomomola|325/429 slp\n|-curestatus|p1a: Alomomola|slp|[msg]\n|move|p1a: Alomomola|Scald|p2a: Jumpluff\n|-resisted|p2a: Jumpluff\n|-damage|p2a: Jumpluff|164/271 brn\n|\n|-damage|p2a: Jumpluff|148/271 brn|[from] brn\n|upkeep\n|turn|62\n|\n|t:|1782834813\n|move|p2a: Jumpluff|Acrobatics|p1a: Alomomola\n|-damage|p1a: Alomomola|283/429\n|move|p1a: Alomomola|Scald|p2a: Jumpluff\n|-resisted|p2a: Jumpluff\n|-damage|p2a: Jumpluff|124/271 brn\n|\n|-damage|p2a: Jumpluff|108/271 brn|[from] brn\n|upkeep\n|turn|63\n|\n|t:|1782834815\n|move|p2a: Jumpluff|Sleep Powder|p1a: Alomomola\n|-status|p1a: Alomomola|slp|[from] move: Sleep Powder\n|cant|p1a: Alomomola|slp\n|\n|-damage|p2a: Jumpluff|92/271 brn|[from] brn\n|upkeep\n|turn|64\n|\n|t:|1782834817\n|move|p2a: Jumpluff|Acrobatics|p1a: Alomomola\n|-damage|p1a: Alomomola|244/429 slp\n|cant|p1a: Alomomola|slp\n|\n|-damage|p2a: Jumpluff|76/271 brn|[from] brn\n|upkeep\n|turn|65\n|\n|t:|1782834819\n|move|p2a: Jumpluff|Acrobatics|p1a: Alomomola\n|-damage|p1a: Alomomola|205/429 slp\n|-curestatus|p1a: Alomomola|slp|[msg]\n|move|p1a: Alomomola|Scald|p2a: Jumpluff\n|-resisted|p2a: Jumpluff\n|-damage|p2a: Jumpluff|52/271 brn\n|\n|-damage|p2a: Jumpluff|36/271 brn|[from] brn\n|upkeep\n|turn|66\n|\n|t:|1782834821\n|move|p2a: Jumpluff|Sleep Powder|p1a: Alomomola\n|-status|p1a: Alomomola|slp|[from] move: Sleep Powder\n|cant|p1a: Alomomola|slp\n|\n|-damage|p2a: Jumpluff|20/271 brn|[from] brn\n|upkeep\n|turn|67\n|\n|t:|1782834823\n|move|p2a: Jumpluff|Sleep Powder|p1a: Alomomola|[miss]\n|-miss|p2a: Jumpluff|p1a: Alomomola\n|cant|p1a: Alomomola|slp\n|\n|-damage|p2a: Jumpluff|4/271 brn|[from] brn\n|upkeep\n|turn|68\n|\n|t:|1782834825\n|-terastallize|p2a: Jumpluff|Steel\n|move|p2a: Jumpluff|Strength Sap|p1a: Alomomola\n|-unboost|p1a: Alomomola|atk|1\n|-heal|p2a: Jumpluff|55/271 brn\n|cant|p1a: Alomomola|slp\n|\n|-damage|p2a: Jumpluff|39/271 brn|[from] brn\n|upkeep\n|turn|69\n|\n|t:|1782834829\n|move|p2a: Jumpluff|Strength Sap||[still]\n|-fail|p2a: Jumpluff\n|-curestatus|p1a: Alomomola|slp|[msg]\n|move|p1a: Alomomola|Wish|p1a: Alomomola\n|\n|-damage|p2a: Jumpluff|23/271 brn|[from] brn\n|upkeep\n|turn|70\n|\n|t:|1782834832\n|move|p2a: Jumpluff|Strength Sap||[still]\n|-fail|p2a: Jumpluff\n|move|p1a: Alomomola|Scald|p2a: Jumpluff\n|-damage|p2a: Jumpluff|0 fnt\n|faint|p2a: Jumpluff\n|\n|win|Aridame\n", "inputlog": ">version f8ac14003a5f27e1bdc8d8c59608a773c1cb96e5\n>start {\"formatid\":\"gen9randombattle\",\"seed\":\"sodium,7770139e0743dbee54007e4299360ea3\",\"rated\":\"Rated battle\"}\n>player p1 {\"name\":\"Aridame\",\"avatar\":\"101\",\"rating\":1956,\"seed\":\"sodium,16ba730f6ddf3e468dab7033e6c6742d\"}\n>player p2 {\"name\":\"LiggyLiggy\",\"avatar\":\"1\",\"rating\":1929,\"seed\":\"sodium,5eaf90de9f8990af7b0154b32e4d82fb\"}\n>p1 move scald\n>p2 move stealthrock\n>p1 move scald\n>p2 switch 4\n>p1 move flipturn\n>p2 move sleeppowder\n>p1 move flipturn\n>p2 move strengthsap\n>p1 move flipturn\n>p2 move acrobatics\n>p1 switch 2\n>p1 move headsmash\n>p2 move sleeppowder\n>p1 move headsmash\n>p2 move uturn\n>p2 switch 2\n>p1 move headsmash\n>p2 move shiftgear\n>p1 switch 5\n>p2 move calmmind\n>p1 move knockoff\n>p2 move flashcannon\n>p1 move stunspore\n>p2 move fleurcannon\n>p1 switch 6\n>p1 move calmmind\n>p2 move calmmind\n>p1 move calmmind\n>p2 move flashcannon\n>p1 move calmmind\n>p2 move flashcannon\n>p1 move calmmind\n>p2 switch 4\n>p1 move aeroblast\n>p2 move whirlwind\n>p2 switch 3\n>p1 move aeroblast terastallize\n>p2 move knockoff\n>p1 move aeroblast\n>p2 move earthquake\n>p1 switch 4\n>p1 move knockoff\n>p2 switch 2\n>p1 move leechlife\n>p2 move strengthsap\n>p1 move leechlife\n>p2 move sleeppowder\n>p1 move swordsdance\n>p2 move sleeppowder\n>p1 switch 2\n>p2 move strengthsap\n>p1 move wish\n>p2 move uturn\n>p2 switch 6\n>p1 move flipturn\n>p2 move calmmind\n>p1 switch 5\n>p1 move headsmash\n>p2 move willowisp\n>p1 move headsmash\n>p2 move drainingkiss\n>p2 switch 4\n>p1 move headsmash\n>p2 move shiftgear\n>p1 move headsmash\n>p2 move flashcannon\n>p1 switch 5\n>p1 move scald\n>p2 move fleurcannon\n>p2 switch 5\n>p1 move scald\n>p2 move swordsdance\n>p1 switch 2\n>p2 move closecombat\n>p1 switch 2\n>p1 move wish\n>p2 move closecombat\n>p1 move protect\n>p2 move swordsdance\n>p1 move scald\n>p2 move direclaw\n>p1 move wish\n>p2 move direclaw\n>p1 move protect\n>p2 move direclaw\n>p2 switch 6\n>p1 switch 3\n>p2 move sleeppowder\n>p1 switch 3\n>p2 move acrobatics\n>p1 move scald\n>p2 move sleeppowder\n>p1 move scald\n>p2 move sleeppowder\n>p1 move wish\n>p2 move sleeppowder\n>p1 move flipturn\n>p2 move acrobatics\n>p1 move wish\n>p2 move acrobatics\n>p1 move wish\n>p2 move strengthsap\n>p1 move scald\n>p2 move sleeppowder\n>p1 move scald\n>p2 switch 2\n>p2 switch 2\n>p1 move scald\n>p2 move sleeppowder\n>p1 move scald\n>p2 move acrobatics\n>p1 move scald\n>p2 move acrobatics\n>p1 move scald\n>p2 move acrobatics\n>p1 move scald\n>p2 move acrobatics\n>p1 move wish\n>p2 move sleeppowder\n>p1 move wish\n>p2 move strengthsap\n>p1 move wish\n>p2 move acrobatics\n>p1 move wish\n>p2 move acrobatics\n>p1 move protect\n>p2 move sleeppowder\n>p1 move scald\n>p2 move sleeppowder\n>p1 move scald\n>p2 move strengthsap\n>p1 move scald\n>p2 move strengthsap\n>p1 move scald\n>p2 move acrobatics\n>p1 move scald\n>p2 move acrobatics\n>p1 move scald\n>p2 move sleeppowder\n>p1 move scald\n>p2 move acrobatics\n>p1 move scald\n>p2 move acrobatics\n>p1 move wish\n>p2 move sleeppowder\n>p1 move wish\n>p2 move sleeppowder\n>p1 move wish\n>p2 move strengthsap terastallize\n>p1 move wish\n>p2 move strengthsap\n>p1 move scald\n>p2 move strengthsap", "uploadtime": 1782834417, "views": 3, "formatid": "gen9randombattle", "rating": null, "private": 0, "password": null, "player_dets": [{"name": "Aridame", "avatar": "101", "rating": 1956, "seed": "sodium,16ba730f6ddf3e468dab7033e6c6742d"}, {"name": "LiggyLiggy", "avatar": "1", "rating": 1929, "seed": "sodium,5eaf90de9f8990af7b0154b32e4d82fb"}], "teams_full": [{"Alomomola": {"name": "Alomomola", "species": "Alomomola", "speciesId": "alomomola", "gender": "M", "shiny": false, "level": 87, "moves": ["wish", "protect", "scald", "flipturn"], "ability": "Regenerator", "evs": {"hp": 85, "atk": 85, "def": 85, "spa": 85, "spd": 85, "spe": 85}, "ivs": {"hp": 31, "atk": 31, "def": 31, "spa": 31, "spd": 31, "spe": 31}, "item": "Heavy-Duty Boots", "teraType": "Poison", "role": "Fast Support", "bvs": {"hp": 165, "atk": 75, "def": 80, "spa": 40, "spd": 45, "spe": 65}, "stats": {"hp": 429, "atk": 180, "def": 189, "spa": 119, "spd": 128, "spe": 163}, "types": ["Water"]}, "Rampardos": {"name": "Rampardos", "species": "Rampardos", "speciesId": "rampardos", "gender": "M", "shiny": false, "level": 90, "moves": ["rockslide", "earthquake", "firepunch", "headsmash"], "ability": "Sheer Force", "evs": {"hp": 85, "atk": 85, "def": 85, "spa": 85, "spd": 85, "spe": 85}, "ivs": {"hp": 31, "atk": 31, "def": 31, "spa": 31, "spd": 31, "spe": 31}, "item": "Choice Scarf", "teraType": "Rock", "role": "Fast Attacker", "bvs": {"hp": 97, "atk": 165, "def": 60, "spa": 65, "spd": 50, "spe": 58}, "stats": {"hp": 321, "atk": 348, "def": 159, "spa": 168, "spd": 141, "spe": 156}, "types": ["Rock"]}, "Sawsbuck": {"name": "Sawsbuck", "species": "Sawsbuck", "speciesId": "sawsbuck", "gender": "F", "shiny": false, "level": 88, "moves": ["doubleedge", "swordsdance", "hornleech", "highhorsepower"], "ability": "Sap Sipper", "evs": {"hp": 85, "atk": 85, "def": 85, "spa": 85, "spd": 85, "spe": 85}, "ivs": {"hp": 31, "atk": 31, "def": 31, "spa": 31, "spd": 31, "spe": 31}, "item": "Life Orb", "teraType": "Ground", "role": "Setup Sweeper", "bvs": {"hp": 80, "atk": 100, "def": 70, "spa": 60, "spd": 70, "spe": 95}, "stats": {"hp": 284, "atk": 226, "def": 173, "spa": 156, "spd": 173, "spe": 217}, "types": ["Normal", "Grass"]}, "Lokix": {"name": "Lokix", "species": "Lokix", "speciesId": "lokix", "gender": "F", "shiny": false, "level": 82, "moves": ["knockoff", "suckerpunch", "leechlife", "swordsdance"], "ability": "Tinted Lens", "evs": {"hp": 85, "atk": 85, "def": 85, "spa": 85, "spd": 85, "spe": 85}, "ivs": {"hp": 31, "atk": 31, "def": 31, "spa": 31, "spd": 31, "spe": 31}, "item": "Life Orb", "teraType": "Dark", "role": "Setup Sweeper", "bvs": {"hp": 71, "atk": 102, "def": 78, "spa": 52, "spd": 55, "spe": 92}, "stats": {"hp": 251, "atk": 214, "def": 175, "spa": 132, "spd": 137, "spe": 198}, "types": ["Bug", "Dark"]}, "Wo-Chien": {"name": "Wo-Chien", "species": "Wo-Chien", "speciesId": "wochien", "gender": "N", "shiny": false, "level": 83, "moves": ["stunspore", "ruination", "knockoff", "gigadrain"], "ability": "Tablets of Ruin", "evs": {"hp": 85, "atk": 85, "def": 85, "spa": 85, "spd": 85, "spe": 85}, "ivs": {"hp": 31, "atk": 31, "def": 31, "spa": 31, "spd": 31, "spe": 31}, "item": "Leftovers", "teraType": "Poison", "role": "Bulky Support", "bvs": {"hp": 85, "atk": 85, "def": 100, "spa": 95, "spd": 135, "spe": 70}, "stats": {"hp": 277, "atk": 189, "def": 214, "spa": 205, "spd": 272, "spe": 164}, "types": ["Dark", "Grass"]}, "Lugia": {"name": "Lugia", "species": "Lugia", "speciesId": "lugia", "gender": "N", "shiny": false, "level": 73, "moves": ["calmmind", "earthpower", "aeroblast", "recover"], "ability": "Multiscale", "evs": {"hp": 85, "atk": 0, "def": 85, "spa": 85, "spd": 85, "spe": 85}, "ivs": {"hp": 31, "atk": 0, "def": 31, "spa": 31, "spd": 31, "spe": 31}, "item": "Heavy-Duty Boots", "teraType": "Ground", "role": "Bulky Setup", "bvs": {"hp": 106, "atk": 90, "def": 130, "spa": 90, "spd": 154, "spe": 110}, "stats": {"hp": 275, "atk": 136, "def": 232, "spa": 174, "spd": 267, "spe": 203}, "types": ["Psychic", "Flying"]}}, {"Hippowdon": {"name": "Hippowdon", "species": "Hippowdon", "speciesId": "hippowdon", "gender": "F", "shiny": false, "level": 82, "moves": ["whirlwind", "slackoff", "stealthrock", "earthquake"], "ability": "Sand Stream", "evs": {"hp": 85, "atk": 85, "def": 85, "spa": 85, "spd": 85, "spe": 85}, "ivs": {"hp": 31, "atk": 31, "def": 31, "spa": 31, "spd": 31, "spe": 31}, "item": "Leftovers", "teraType": "Dragon", "role": "Bulky Support", "bvs": {"hp": 108, "atk": 112, "def": 118, "spa": 68, "spd": 72, "spe": 47}, "stats": {"hp": 311, "atk": 231, "def": 241, "spa": 159, "spd": 165, "spe": 124}, "types": ["Ground"]}, "Magearna": {"name": "Magearna", "species": "Magearna", "speciesId": "magearna", "gender": "N", "shiny": false, "level": 77, "moves": ["calmmind", "fleurcannon", "shiftgear", "flashcannon"], "ability": "Soul-Heart", "evs": {"hp": 85, "atk": 0, "def": 85, "spa": 85, "spd": 85, "spe": 85}, "ivs": {"hp": 31, "atk": 0, "def": 31, "spa": 31, "spd": 31, "spe": 31}, "item": "Leftovers", "teraType": "Water", "role": "Bulky Setup", "bvs": {"hp": 80, "atk": 95, "def": 115, "spa": 130, "spd": 115, "spe": 65}, "stats": {"hp": 250, "atk": 151, "def": 222, "spa": 245, "spd": 222, "spe": 145}, "types": ["Steel", "Fairy"]}, "Krookodile": {"name": "Krookodile", "species": "Krookodile", "speciesId": "krookodile", "gender": "F", "shiny": false, "level": 79, "moves": ["earthquake", "bulkup", "knockoff", "gunkshot"], "ability": "Intimidate", "evs": {"hp": 85, "atk": 85, "def": 85, "spa": 85, "spd": 85, "spe": 85}, "ivs": {"hp": 31, "atk": 31, "def": 31, "spa": 31, "spd": 31, "spe": 31}, "item": "Leftovers", "teraType": "Poison", "role": "Bulky Setup", "bvs": {"hp": 95, "atk": 117, "def": 80, "spa": 65, "spd": 70, "spe": 92}, "stats": {"hp": 280, "atk": 230, "def": 172, "spa": 148, "spd": 156, "spe": 191}, "types": ["Ground", "Dark"]}, "Jumpluff": {"name": "Jumpluff", "species": "Jumpluff", "speciesId": "jumpluff", "gender": "F", "shiny": false, "level": 87, "moves": ["uturn", "acrobatics", "strengthsap", "sleeppowder"], "ability": "Infiltrator", "evs": {"hp": 81, "atk": 85, "def": 85, "spa": 85, "spd": 85, "spe": 85}, "ivs": {"hp": 31, "atk": 31, "def": 31, "spa": 31, "spd": 31, "spe": 31}, "item": "", "teraType": "Steel", "role": "Bulky Attacker", "bvs": {"hp": 75, "atk": 55, "def": 70, "spa": 55, "spd": 95, "spe": 110}, "stats": {"hp": 271, "atk": 145, "def": 172, "spa": 145, "spd": 215, "spe": 241}, "types": ["Grass", "Flying"]}, "Sneasler": {"name": "Sneasler", "species": "Sneasler", "speciesId": "sneasler", "gender": "F", "shiny": false, "level": 74, "moves": ["direclaw", "closecombat", "acrobatics", "swordsdance"], "ability": "Unburden", "evs": {"hp": 85, "atk": 85, "def": 85, "spa": 85, "spd": 85, "spe": 85}, "ivs": {"hp": 31, "atk": 31, "def": 31, "spa": 31, "spd": 31, "spe": 31}, "item": "White Herb", "teraType": "Flying", "role": "Setup Sweeper", "bvs": {"hp": 80, "atk": 130, "def": 60, "spa": 40, "spd": 80, "spe": 120}, "stats": {"hp": 240, "atk": 235, "def": 132, "spa": 102, "spd": 161, "spe": 221}, "types": ["Fighting", "Poison"]}, "Misdreavus": {"name": "Misdreavus", "species": "Misdreavus", "speciesId": "misdreavus", "gender": "M", "shiny": false, "level": 90, "moves": ["calmmind", "drainingkiss", "willowisp", "shadowball"], "ability": "Levitate", "evs": {"hp": 85, "atk": 0, "def": 85, "spa": 85, "spd": 85, "spe": 85}, "ivs": {"hp": 31, "atk": 0, "def": 31, "spa": 31, "spd": 31, "spe": 31}, "item": "Eviolite", "teraType": "Fairy", "role": "Bulky Setup", "bvs": {"hp": 60, "atk": 60, "def": 60, "spa": 85, "spd": 85, "spe": 85}, "stats": {"hp": 254, "atk": 113, "def": 159, "spa": 204, "spd": 204, "spe": 204}, "types": ["Ghost"]}}]}