{"id": "gen9randombattle-2641681126", "format": "[Gen 9] Random Battle", "players": ["cosmictruant", "saaakeli"], "log": "|j|\u2606cosmictruant\n|j|\u2606saaakeli\n|t:|1782829093\n|gametype|singles\n|player|p1|cosmictruant|265|1262\n|player|p2|saaakeli|hiker-gen4|1274\n|gen|9\n|tier|[Gen 9] Random Battle\n|rated|\n|rule|Species Clause: Limit one of each Pok\u00e9mon\n|rule|HP Percentage Mod: HP is shown in percentages\n|rule|Sleep Clause Mod: Limit one foe put to sleep\n|rule|Illusion Level Mod: Illusion disguises the Pok\u00e9mon's true level\n|\n|t:|1782829093\n|teamsize|p1|6\n|teamsize|p2|6\n|start\n|switch|p1a: Gliscor|Gliscor, L76, F|239/239\n|switch|p2a: Gyarados|Gyarados, L79, M|280/280\n|turn|1\n|inactive|Battle timer is ON: inactive players will automatically lose when time's up. (requested by cosmictruant)\n|\n|t:|1782829115\n|switch|p1a: Minun|Minun, L95, F|268/268\n|move|p2a: Gyarados|Dragon Dance|p2a: Gyarados\n|-boost|p2a: Gyarados|atk|1\n|-boost|p2a: Gyarados|spe|1\n|\n|upkeep\n|turn|2\n|\n|t:|1782829122\n|-terastallize|p1a: Minun|Grass\n|move|p2a: Gyarados|Earthquake|p1a: Minun\n|-resisted|p1a: Minun\n|-damage|p1a: Minun|188/268\n|move|p1a: Minun|Thunderbolt|p2a: Gyarados\n|-supereffective|p2a: Gyarados\n|-crit|p2a: Gyarados\n|-damage|p2a: Gyarados|0 fnt\n|faint|p2a: Gyarados\n|-damage|p1a: Minun|162/268|[from] item: Life Orb\n|\n|upkeep\n|\n|t:|1782829132\n|switch|p2a: Infernape|Infernape, L82, F|259/259\n|turn|3\n|\n|t:|1782829147\n|switch|p1a: Heatran|Heatran, L79, F|273/273\n|-item|p1a: Heatran|Air Balloon\n|move|p2a: Infernape|Knock Off|p1a: Heatran\n|-damage|p1a: Heatran|180/273\n|-enditem|p1a: Heatran|Air Balloon\n|\n|upkeep\n|turn|4\n|\n|t:|1782829157\n|switch|p2a: Hippowdon|Hippowdon, L82, F|311/311\n|-weather|Sandstorm|[from] ability: Sand Stream|[of] p2a: Hippowdon\n|switch|p1a: Gliscor|Gliscor, L76, F|239/239\n|\n|-weather|Sandstorm|[upkeep]\n|-status|p1a: Gliscor|tox|[from] item: Toxic Orb\n|upkeep\n|turn|5\n|\n|t:|1782829167\n|move|p1a: Gliscor|Toxic|p2a: Hippowdon\n|-status|p2a: Hippowdon|tox\n|move|p2a: Hippowdon|Stone Edge|p1a: Gliscor\n|-crit|p1a: Gliscor\n|-damage|p1a: Gliscor|142/239 tox\n|\n|-weather|Sandstorm|[upkeep]\n|-heal|p1a: Gliscor|171/239 tox|[from] ability: Poison Heal\n|-damage|p2a: Hippowdon|292/311 tox|[from] psn\n|upkeep\n|turn|6\n|\n|t:|1782829183\n|switch|p2a: Sceptile|Sceptile, L87, F|264/264\n|move|p1a: Gliscor|Substitute|p1a: Gliscor\n|-start|p1a: Gliscor|Substitute\n|-damage|p1a: Gliscor|112/239 tox\n|\n|-weather|Sandstorm|[upkeep]\n|-damage|p2a: Sceptile|248/264|[from] Sandstorm\n|-heal|p2a: Sceptile|264/264|[from] item: Leftovers\n|-heal|p1a: Gliscor|141/239 tox|[from] ability: Poison Heal\n|upkeep\n|turn|7\n|\n|t:|1782829198\n|move|p2a: Sceptile|Substitute|p2a: Sceptile\n|-start|p2a: Sceptile|Substitute\n|-damage|p2a: Sceptile|198/264\n|move|p1a: Gliscor|Earthquake|p2a: Sceptile\n|-resisted|p2a: Sceptile\n|-activate|p2a: Sceptile|move: Substitute|[damage]\n|\n|-weather|Sandstorm|[upkeep]\n|-damage|p2a: Sceptile|182/264|[from] Sandstorm\n|-heal|p2a: Sceptile|198/264|[from] item: Leftovers\n|-heal|p1a: Gliscor|170/239 tox|[from] ability: Poison Heal\n|upkeep\n|turn|8\n|\n|t:|1782829221\n|move|p2a: Sceptile|Giga Drain|p1a: Gliscor\n|-end|p1a: Gliscor|Substitute\n|-heal|p2a: Sceptile|228/264|[from] drain|[of] p1a: Gliscor\n|move|p1a: Gliscor|Earthquake|p2a: Sceptile\n|-resisted|p2a: Sceptile\n|-end|p2a: Sceptile|Substitute\n|\n|-weather|none\n|-heal|p2a: Sceptile|244/264|[from] item: Leftovers\n|-heal|p1a: Gliscor|199/239 tox|[from] ability: Poison Heal\n|upkeep\n|turn|9\n|\n|t:|1782829241\n|switch|p1a: Minun|Minun, L95, F, tera:Grass|162/268\n|move|p2a: Sceptile|Substitute|p2a: Sceptile\n|-start|p2a: Sceptile|Substitute\n|-damage|p2a: Sceptile|178/264\n|\n|-heal|p2a: Sceptile|194/264|[from] item: Leftovers\n|upkeep\n|turn|10\n|\n|t:|1782829250\n|move|p2a: Sceptile|Focus Blast|p1a: Minun\n|-damage|p1a: Minun|69/268\n|move|p1a: Minun|Encore|p2a: Sceptile\n|-start|p2a: Sceptile|Encore\n|\n|-heal|p2a: Sceptile|210/264|[from] item: Leftovers\n|upkeep\n|turn|11\n|\n|t:|1782829269\n|move|p2a: Sceptile|Focus Blast|p1a: Minun|[miss]\n|-miss|p2a: Sceptile|p1a: Minun\n|move|p1a: Minun|Nasty Plot|p1a: Minun\n|-boost|p1a: Minun|spa|2\n|\n|-heal|p2a: Sceptile|226/264|[from] item: Leftovers\n|upkeep\n|turn|12\n|\n|t:|1782829285\n|move|p2a: Sceptile|Focus Blast|p1a: Minun\n|-damage|p1a: Minun|0 fnt\n|faint|p1a: Minun\n|\n|-heal|p2a: Sceptile|242/264|[from] item: Leftovers\n|upkeep\n|inactive|cosmictruant has 120 seconds left.\n|\n|t:|1782829295\n|switch|p1a: Persian|Persian, L92, F|269/269\n|turn|13\n|\n|t:|1782829299\n|move|p1a: Persian|U-turn|p2a: Sceptile\n|-supereffective|p2a: Sceptile\n|-crit|p2a: Sceptile\n|-end|p2a: Sceptile|Substitute\n|\n|t:|1782829314\n|switch|p1a: Zekrom|Zekrom, L71|259/259|[from] U-turn\n|-ability|p1a: Zekrom|Teravolt\n|move|p2a: Sceptile|Focus Blast|p1a: Zekrom|[miss]\n|-miss|p2a: Sceptile|p1a: Zekrom\n|\n|-heal|p2a: Sceptile|258/264|[from] item: Leftovers\n|-end|p2a: Sceptile|Encore\n|upkeep\n|turn|14\n|\n|t:|1782829323\n|move|p2a: Sceptile|Giga Drain|p1a: Zekrom\n|-resisted|p1a: Zekrom\n|-damage|p1a: Zekrom|209/259\n|-heal|p2a: Sceptile|264/264|[from] drain|[of] p1a: Zekrom\n|move|p1a: Zekrom|Dragon Dance|p1a: Zekrom\n|-boost|p1a: Zekrom|atk|1\n|-boost|p1a: Zekrom|spe|1\n|\n|-heal|p1a: Zekrom|225/259|[from] item: Leftovers\n|upkeep\n|turn|15\n|\n|t:|1782829334\n|move|p2a: Sceptile|Leech Seed|p1a: Zekrom\n|-start|p1a: Zekrom|move: Leech Seed\n|move|p1a: Zekrom|Substitute|p1a: Zekrom\n|-start|p1a: Zekrom|Substitute\n|-damage|p1a: Zekrom|161/259\n|\n|-heal|p1a: Zekrom|177/259|[from] item: Leftovers\n|-damage|p1a: Zekrom|145/259|[from] Leech Seed|[of] p2a: Sceptile\n|upkeep\n|turn|16\n|\n|t:|1782829344\n|move|p2a: Sceptile|Substitute|p2a: Sceptile\n|-start|p2a: Sceptile|Substitute\n|-damage|p2a: Sceptile|198/264\n|move|p1a: Zekrom|Outrage|p2a: Sceptile\n|-end|p2a: Sceptile|Substitute\n|\n|-heal|p2a: Sceptile|214/264|[from] item: Leftovers\n|-heal|p1a: Zekrom|161/259|[from] item: Leftovers\n|-damage|p1a: Zekrom|129/259|[from] Leech Seed|[of] p2a: Sceptile\n|-heal|p2a: Sceptile|246/264|[silent]\n|upkeep\n|turn|17\n|\n|t:|1782829358\n|move|p2a: Sceptile|Giga Drain|p1a: Zekrom\n|-resisted|p1a: Zekrom\n|-activate|p1a: Zekrom|move: Substitute|[damage]\n|-heal|p2a: Sceptile|264/264|[from] drain|[of] p1a: Zekrom\n|move|p1a: Zekrom|Outrage|p2a: Sceptile|[from] lockedmove\n|-damage|p2a: Sceptile|18/264\n|\n|-heal|p2a: Sceptile|34/264|[from] item: Leftovers\n|-heal|p1a: Zekrom|145/259|[from] item: Leftovers\n|-damage|p1a: Zekrom|113/259|[from] Leech Seed|[of] p2a: Sceptile\n|-heal|p2a: Sceptile|66/264|[silent]\n|upkeep\n|turn|18\n|\n|t:|1782829372\n|switch|p2a: Hippowdon|Hippowdon, L82, F|292/311 tox\n|-weather|Sandstorm|[from] ability: Sand Stream|[of] p2a: Hippowdon\n|move|p1a: Zekrom|Outrage|p2a: Hippowdon|[from] lockedmove\n|-damage|p2a: Hippowdon|127/311 tox\n|-start|p1a: Zekrom|confusion|[fatigue]\n|\n|-weather|Sandstorm|[upkeep]\n|-damage|p1a: Zekrom|97/259|[from] Sandstorm\n|-heal|p1a: Zekrom|113/259|[from] item: Leftovers\n|-heal|p2a: Hippowdon|146/311 tox|[from] item: Leftovers\n|-damage|p1a: Zekrom|81/259|[from] Leech Seed|[of] p2a: Hippowdon\n|-heal|p2a: Hippowdon|178/311 tox|[silent]\n|-damage|p2a: Hippowdon|159/311 tox|[from] psn\n|upkeep\n|turn|19\n|\n|t:|1782829388\n|switch|p1a: Gliscor|Gliscor, L76, F|199/239 tox\n|move|p2a: Hippowdon|Earthquake|p1a: Gliscor\n|-immune|p1a: Gliscor\n|\n|-weather|Sandstorm|[upkeep]\n|-heal|p2a: Hippowdon|178/311 tox|[from] item: Leftovers\n|-heal|p1a: Gliscor|228/239 tox|[from] ability: Poison Heal\n|-damage|p2a: Hippowdon|140/311 tox|[from] psn\n|upkeep\n|turn|20\n|\n|t:|1782829398\n|move|p1a: Gliscor|Toxic|p2a: Hippowdon\n|-fail|p2a: Hippowdon|tox\n|move|p2a: Hippowdon|Slack Off|p2a: Hippowdon\n|-heal|p2a: Hippowdon|296/311 tox\n|\n|-weather|Sandstorm|[upkeep]\n|-heal|p2a: Hippowdon|311/311 tox|[from] item: Leftovers\n|-heal|p1a: Gliscor|239/239 tox|[from] ability: Poison Heal\n|-damage|p2a: Hippowdon|254/311 tox|[from] psn\n|upkeep\n|turn|21\n|\n|t:|1782829424\n|move|p1a: Gliscor|Substitute|p1a: Gliscor\n|-start|p1a: Gliscor|Substitute\n|-damage|p1a: Gliscor|180/239 tox\n|move|p2a: Hippowdon|Curse|p2a: Hippowdon\n|-unboost|p2a: Hippowdon|spe|1\n|-boost|p2a: Hippowdon|atk|1\n|-boost|p2a: Hippowdon|def|1\n|\n|-weather|Sandstorm|[upkeep]\n|-heal|p2a: Hippowdon|273/311 tox|[from] item: Leftovers\n|-heal|p1a: Gliscor|209/239 tox|[from] ability: Poison Heal\n|-damage|p2a: Hippowdon|197/311 tox|[from] psn\n|upkeep\n|turn|22\n|\n|t:|1782829438\n|move|p1a: Gliscor|Earthquake|p2a: Hippowdon\n|-damage|p2a: Hippowdon|152/311 tox\n|move|p2a: Hippowdon|Stone Edge|p1a: Gliscor\n|-end|p1a: Gliscor|Substitute\n|\n|-weather|none\n|-heal|p2a: Hippowdon|171/311 tox|[from] item: Leftovers\n|-heal|p1a: Gliscor|238/239 tox|[from] ability: Poison Heal\n|-damage|p2a: Hippowdon|76/311 tox|[from] psn\n|upkeep\n|turn|23\n|\n|t:|1782829449\n|switch|p2a: Sceptile|Sceptile, L87, F|66/264\n|move|p1a: Gliscor|Substitute|p1a: Gliscor\n|-start|p1a: Gliscor|Substitute\n|-damage|p1a: Gliscor|179/239 tox\n|\n|-heal|p2a: Sceptile|82/264|[from] item: Leftovers\n|-heal|p1a: Gliscor|208/239 tox|[from] ability: Poison Heal\n|upkeep\n|turn|24\n|\n|t:|1782829462\n|switch|p1a: Persian|Persian, L92, F|269/269\n|move|p2a: Sceptile|Substitute|p2a: Sceptile\n|-start|p2a: Sceptile|Substitute\n|-damage|p2a: Sceptile|16/264\n|\n|-heal|p2a: Sceptile|32/264|[from] item: Leftovers\n|upkeep\n|turn|25\n|\n|t:|1782829488\n|move|p1a: Persian|U-turn|p2a: Sceptile\n|-supereffective|p2a: Sceptile\n|-end|p2a: Sceptile|Substitute\n|\n|t:|1782829495\n|switch|p1a: Zekrom|Zekrom, L71|81/259|[from] U-turn\n|-ability|p1a: Zekrom|Teravolt\n|move|p2a: Sceptile|Giga Drain|p1a: Zekrom\n|-resisted|p1a: Zekrom\n|-damage|p1a: Zekrom|6/259\n|-heal|p2a: Sceptile|70/264|[from] drain|[of] p1a: Zekrom\n|\n|-heal|p2a: Sceptile|86/264|[from] item: Leftovers\n|-heal|p1a: Zekrom|22/259|[from] item: Leftovers\n|upkeep\n|turn|26\n|\n|t:|1782829505\n|move|p2a: Sceptile|Giga Drain|p1a: Zekrom\n|-resisted|p1a: Zekrom\n|-damage|p1a: Zekrom|0 fnt\n|-heal|p2a: Sceptile|97/264|[from] drain|[of] p1a: Zekrom\n|faint|p1a: Zekrom\n|\n|-heal|p2a: Sceptile|113/264|[from] item: Leftovers\n|upkeep\n|\n|t:|1782829511\n|switch|p1a: Persian|Persian, L92, F|269/269\n|turn|27\n|\n|t:|1782829531\n|switch|p2a: Hippowdon|Hippowdon, L82, F|76/311 tox\n|-weather|Sandstorm|[from] ability: Sand Stream|[of] p2a: Hippowdon\n|move|p1a: Persian|U-turn|p2a: Hippowdon\n|-damage|p2a: Hippowdon|21/311 tox\n|inactive|cosmictruant has 120 seconds left.\n|\n|t:|1782829559\n|switch|p1a: Gliscor|Gliscor, L76, F|208/239 tox|[from] U-turn\n|\n|-weather|Sandstorm|[upkeep]\n|-heal|p2a: Hippowdon|40/311 tox|[from] item: Leftovers\n|-heal|p1a: Gliscor|237/239 tox|[from] ability: Poison Heal\n|-damage|p2a: Hippowdon|21/311 tox|[from] psn\n|upkeep\n|turn|28\n|\n|t:|1782829570\n|move|p1a: Gliscor|Substitute|p1a: Gliscor\n|-start|p1a: Gliscor|Substitute\n|-damage|p1a: Gliscor|178/239 tox\n|move|p2a: Hippowdon|Stone Edge|p1a: Gliscor\n|-end|p1a: Gliscor|Substitute\n|\n|-weather|Sandstorm|[upkeep]\n|-heal|p2a: Hippowdon|40/311 tox|[from] item: Leftovers\n|-heal|p1a: Gliscor|207/239 tox|[from] ability: Poison Heal\n|-damage|p2a: Hippowdon|2/311 tox|[from] psn\n|upkeep\n|turn|29\n|inactive|cosmictruant has 120 seconds left.\n|\n|t:|1782829581\n|move|p1a: Gliscor|Substitute|p1a: Gliscor\n|-start|p1a: Gliscor|Substitute\n|-damage|p1a: Gliscor|148/239 tox\n|move|p2a: Hippowdon|Slack Off|p2a: Hippowdon\n|-heal|p2a: Hippowdon|158/311 tox\n|\n|-weather|Sandstorm|[upkeep]\n|-heal|p2a: Hippowdon|177/311 tox|[from] item: Leftovers\n|-heal|p1a: Gliscor|177/239 tox|[from] ability: Poison Heal\n|-damage|p2a: Hippowdon|120/311 tox|[from] psn\n|upkeep\n|turn|30\n|inactive|cosmictruant has 120 seconds left.\n|\n|t:|1782829592\n|move|p1a: Gliscor|Earthquake|p2a: Hippowdon\n|-damage|p2a: Hippowdon|47/311 tox\n|move|p2a: Hippowdon|Slack Off|p2a: Hippowdon\n|-heal|p2a: Hippowdon|203/311 tox\n|\n|-weather|Sandstorm|[upkeep]\n|-heal|p2a: Hippowdon|222/311 tox|[from] item: Leftovers\n|-heal|p1a: Gliscor|206/239 tox|[from] ability: Poison Heal\n|-damage|p2a: Hippowdon|146/311 tox|[from] psn\n|upkeep\n|turn|31\n|inactive|cosmictruant has 120 seconds left.\n|\n|t:|1782829603\n|switch|p2a: Flamigo|Flamigo, L82, F|269/269\n|move|p1a: Gliscor|Earthquake|p2a: Flamigo\n|-immune|p2a: Flamigo\n|\n|-weather|none\n|-heal|p1a: Gliscor|235/239 tox|[from] ability: Poison Heal\n|upkeep\n|turn|32\n|\n|t:|1782829614\n|switch|p2a: Sceptile|Sceptile, L87, F|113/264\n|move|p1a: Gliscor|Toxic|p2a: Sceptile\n|-status|p2a: Sceptile|tox\n|\n|-heal|p2a: Sceptile|129/264 tox|[from] item: Leftovers\n|-damage|p2a: Sceptile|113/264 tox|[from] psn\n|-heal|p1a: Gliscor|239/239 tox|[from] ability: Poison Heal\n|upkeep\n|turn|33\n|\n|t:|1782829623\n|move|p2a: Sceptile|Giga Drain|p1a: Gliscor\n|-end|p1a: Gliscor|Substitute\n|-heal|p2a: Sceptile|143/264 tox|[from] drain|[of] p1a: Gliscor\n|move|p1a: Gliscor|Earthquake|p2a: Sceptile\n|-resisted|p2a: Sceptile\n|-damage|p2a: Sceptile|87/264 tox\n|\n|-heal|p2a: Sceptile|103/264 tox|[from] item: Leftovers\n|-damage|p2a: Sceptile|71/264 tox|[from] psn\n|upkeep\n|turn|34\n|\n|t:|1782829632\n|move|p1a: Gliscor|Protect|p1a: Gliscor\n|-singleturn|p1a: Gliscor|Protect\n|move|p2a: Sceptile|Leech Seed|p1a: Gliscor\n|-activate|p1a: Gliscor|move: Protect\n|\n|-heal|p2a: Sceptile|87/264 tox|[from] item: Leftovers\n|-damage|p2a: Sceptile|39/264 tox|[from] psn\n|upkeep\n|turn|35\n|\n|t:|1782829643\n|move|p2a: Sceptile|Leech Seed|p1a: Gliscor\n|-start|p1a: Gliscor|move: Leech Seed\n|move|p1a: Gliscor|Substitute|p1a: Gliscor\n|-start|p1a: Gliscor|Substitute\n|-damage|p1a: Gliscor|180/239 tox\n|\n|-heal|p2a: Sceptile|55/264 tox|[from] item: Leftovers\n|-damage|p1a: Gliscor|151/239 tox|[from] Leech Seed|[of] p2a: Sceptile\n|-heal|p2a: Sceptile|84/264 tox|[silent]\n|-damage|p2a: Sceptile|20/264 tox|[from] psn\n|-heal|p1a: Gliscor|180/239 tox|[from] ability: Poison Heal\n|upkeep\n|turn|36\n|\n|t:|1782829654\n|switch|p2a: Hippowdon|Hippowdon, L82, F|146/311 tox\n|-weather|Sandstorm|[from] ability: Sand Stream|[of] p2a: Hippowdon\n|move|p1a: Gliscor|Earthquake|p2a: Hippowdon\n|-damage|p2a: Hippowdon|73/311 tox\n|\n|-weather|Sandstorm|[upkeep]\n|-heal|p2a: Hippowdon|92/311 tox|[from] item: Leftovers\n|-damage|p1a: Gliscor|151/239 tox|[from] Leech Seed|[of] p2a: Hippowdon\n|-heal|p2a: Hippowdon|121/311 tox|[silent]\n|-heal|p1a: Gliscor|180/239 tox|[from] ability: Poison Heal\n|-damage|p2a: Hippowdon|102/311 tox|[from] psn\n|upkeep\n|turn|37\n|\n|t:|1782829669\n|move|p1a: Gliscor|Earthquake|p2a: Hippowdon\n|-damage|p2a: Hippowdon|30/311 tox\n|move|p2a: Hippowdon|Slack Off|p2a: Hippowdon\n|-heal|p2a: Hippowdon|186/311 tox\n|\n|-weather|Sandstorm|[upkeep]\n|-heal|p2a: Hippowdon|205/311 tox|[from] item: Leftovers\n|-damage|p1a: Gliscor|151/239 tox|[from] Leech Seed|[of] p2a: Hippowdon\n|-heal|p2a: Hippowdon|234/311 tox|[silent]\n|-heal|p1a: Gliscor|180/239 tox|[from] ability: Poison Heal\n|-damage|p2a: Hippowdon|196/311 tox|[from] psn\n|upkeep\n|turn|38\n|\n|t:|1782829692\n|switch|p2a: Flamigo|Flamigo, L82, F|269/269\n|move|p1a: Gliscor|Earthquake|p2a: Flamigo\n|-immune|p2a: Flamigo\n|\n|-weather|Sandstorm|[upkeep]\n|-damage|p2a: Flamigo|253/269|[from] Sandstorm\n|-damage|p1a: Gliscor|151/239 tox|[from] Leech Seed|[of] p2a: Flamigo\n|-heal|p2a: Flamigo|269/269|[silent]\n|-heal|p1a: Gliscor|180/239 tox|[from] ability: Poison Heal\n|upkeep\n|turn|39\n|\n|t:|1782829705\n|switch|p2a: Hippowdon|Hippowdon, L82, F|196/311 tox\n|move|p1a: Gliscor|Toxic|p2a: Hippowdon\n|-fail|p2a: Hippowdon|tox\n|\n|-weather|Sandstorm|[upkeep]\n|-heal|p2a: Hippowdon|215/311 tox|[from] item: Leftovers\n|-damage|p1a: Gliscor|151/239 tox|[from] Leech Seed|[of] p2a: Hippowdon\n|-heal|p2a: Hippowdon|244/311 tox|[silent]\n|-heal|p1a: Gliscor|180/239 tox|[from] ability: Poison Heal\n|-damage|p2a: Hippowdon|225/311 tox|[from] psn\n|upkeep\n|turn|40\n|\n|t:|1782829717\n|move|p1a: Gliscor|Protect|p1a: Gliscor\n|-singleturn|p1a: Gliscor|Protect\n|move|p2a: Hippowdon|Stone Edge|p1a: Gliscor\n|-activate|p1a: Gliscor|move: Protect\n|\n|-weather|none\n|-heal|p2a: Hippowdon|244/311 tox|[from] item: Leftovers\n|-damage|p1a: Gliscor|151/239 tox|[from] Leech Seed|[of] p2a: Hippowdon\n|-heal|p2a: Hippowdon|273/311 tox|[silent]\n|-heal|p1a: Gliscor|180/239 tox|[from] ability: Poison Heal\n|-damage|p2a: Hippowdon|235/311 tox|[from] psn\n|upkeep\n|turn|41\n|\n|t:|1782829731\n|move|p1a: Gliscor|Earthquake|p2a: Hippowdon\n|-damage|p2a: Hippowdon|166/311 tox\n|move|p2a: Hippowdon|Stone Edge|p1a: Gliscor|[miss]\n|-miss|p2a: Hippowdon|p1a: Gliscor\n|\n|-heal|p2a: Hippowdon|185/311 tox|[from] item: Leftovers\n|-damage|p1a: Gliscor|151/239 tox|[from] Leech Seed|[of] p2a: Hippowdon\n|-heal|p2a: Hippowdon|214/311 tox|[silent]\n|-heal|p1a: Gliscor|180/239 tox|[from] ability: Poison Heal\n|-damage|p2a: Hippowdon|157/311 tox|[from] psn\n|upkeep\n|turn|42\n|c|\u2606saaakeli|i hate gliscor so much\n|inactive|saaakeli has 120 seconds left.\n|\n|t:|1782829756\n|move|p1a: Gliscor|Toxic|p2a: Hippowdon\n|-fail|p2a: Hippowdon|tox\n|move|p2a: Hippowdon|Slack Off|p2a: Hippowdon\n|-heal|p2a: Hippowdon|311/311 tox\n|\n|-damage|p1a: Gliscor|151/239 tox|[from] Leech Seed|[of] p2a: Hippowdon\n|-heal|p1a: Gliscor|180/239 tox|[from] ability: Poison Heal\n|-damage|p2a: Hippowdon|235/311 tox|[from] psn\n|upkeep\n|turn|43\n|c|\u2606cosmictruant|yea i have no other option\n|inactive|saaakeli has 120 seconds left.\n|\n|t:|1782829773\n|switch|p2a: Flamigo|Flamigo, L82, F|269/269\n|move|p1a: Gliscor|Earthquake|p2a: Flamigo\n|-immune|p2a: Flamigo\n|\n|-damage|p1a: Gliscor|151/239 tox|[from] Leech Seed|[of] p2a: Flamigo\n|-heal|p1a: Gliscor|180/239 tox|[from] ability: Poison Heal\n|upkeep\n|turn|44\n|inactive|saaakeli has 120 seconds left.\n|\n|t:|1782829785\n|switch|p2a: Hippowdon|Hippowdon, L82, F|235/311 tox\n|-weather|Sandstorm|[from] ability: Sand Stream|[of] p2a: Hippowdon\n|move|p1a: Gliscor|Earthquake|p2a: Hippowdon\n|-damage|p2a: Hippowdon|169/311 tox\n|\n|-weather|Sandstorm|[upkeep]\n|-heal|p2a: Hippowdon|188/311 tox|[from] item: Leftovers\n|-damage|p1a: Gliscor|151/239 tox|[from] Leech Seed|[of] p2a: Hippowdon\n|-heal|p2a: Hippowdon|217/311 tox|[silent]\n|-heal|p1a: Gliscor|180/239 tox|[from] ability: Poison Heal\n|-damage|p2a: Hippowdon|198/311 tox|[from] psn\n|upkeep\n|turn|45\n|inactive|saaakeli has 120 seconds left.\n|\n|t:|1782829797\n|move|p1a: Gliscor|Earthquake|p2a: Hippowdon\n|-damage|p2a: Hippowdon|129/311 tox\n|move|p2a: Hippowdon|Stone Edge|p1a: Gliscor|[miss]\n|-miss|p2a: Hippowdon|p1a: Gliscor\n|\n|-weather|Sandstorm|[upkeep]\n|-heal|p2a: Hippowdon|148/311 tox|[from] item: Leftovers\n|-damage|p1a: Gliscor|151/239 tox|[from] Leech Seed|[of] p2a: Hippowdon\n|-heal|p2a: Hippowdon|177/311 tox|[silent]\n|-heal|p1a: Gliscor|180/239 tox|[from] ability: Poison Heal\n|-damage|p2a: Hippowdon|139/311 tox|[from] psn\n|upkeep\n|turn|46\n|inactive|saaakeli has 120 seconds left.\n|\n|t:|1782829810\n|move|p1a: Gliscor|Earthquake|p2a: Hippowdon\n|-damage|p2a: Hippowdon|75/311 tox\n|move|p2a: Hippowdon|Slack Off|p2a: Hippowdon\n|-heal|p2a: Hippowdon|231/311 tox\n|\n|-weather|Sandstorm|[upkeep]\n|-heal|p2a: Hippowdon|250/311 tox|[from] item: Leftovers\n|-damage|p1a: Gliscor|151/239 tox|[from] Leech Seed|[of] p2a: Hippowdon\n|-heal|p2a: Hippowdon|279/311 tox|[silent]\n|-heal|p1a: Gliscor|180/239 tox|[from] ability: Poison Heal\n|-damage|p2a: Hippowdon|222/311 tox|[from] psn\n|upkeep\n|turn|47\n|inactive|saaakeli has 120 seconds left.\n|\n|t:|1782829825\n|move|p1a: Gliscor|Toxic|p2a: Hippowdon\n|-fail|p2a: Hippowdon|tox\n|move|p2a: Hippowdon|Stone Edge|p1a: Gliscor\n|-end|p1a: Gliscor|Substitute\n|\n|-weather|Sandstorm|[upkeep]\n|-heal|p2a: Hippowdon|241/311 tox|[from] item: Leftovers\n|-damage|p1a: Gliscor|151/239 tox|[from] Leech Seed|[of] p2a: Hippowdon\n|-heal|p2a: Hippowdon|270/311 tox|[silent]\n|-heal|p1a: Gliscor|180/239 tox|[from] ability: Poison Heal\n|-damage|p2a: Hippowdon|194/311 tox|[from] psn\n|upkeep\n|turn|48\n|inactive|saaakeli has 120 seconds left.\n|\n|t:|1782829846\n|switch|p2a: Sceptile|Sceptile, L87, F|20/264 tox\n|move|p1a: Gliscor|Toxic|p2a: Sceptile\n|-fail|p2a: Sceptile|tox\n|\n|-weather|none\n|-heal|p2a: Sceptile|36/264 tox|[from] item: Leftovers\n|-damage|p1a: Gliscor|151/239 tox|[from] Leech Seed|[of] p2a: Sceptile\n|-heal|p2a: Sceptile|65/264 tox|[silent]\n|-damage|p2a: Sceptile|49/264 tox|[from] psn\n|-heal|p1a: Gliscor|180/239 tox|[from] ability: Poison Heal\n|upkeep\n|turn|49\n|\n|t:|1782829859\n|move|p1a: Gliscor|Protect|p1a: Gliscor\n|-singleturn|p1a: Gliscor|Protect\n|move|p2a: Sceptile|Giga Drain|p1a: Gliscor\n|-activate|p1a: Gliscor|move: Protect\n|\n|-heal|p2a: Sceptile|65/264 tox|[from] item: Leftovers\n|-damage|p1a: Gliscor|151/239 tox|[from] Leech Seed|[of] p2a: Sceptile\n|-heal|p2a: Sceptile|94/264 tox|[silent]\n|-damage|p2a: Sceptile|62/264 tox|[from] psn\n|-heal|p1a: Gliscor|180/239 tox|[from] ability: Poison Heal\n|upkeep\n|turn|50\n|\n|t:|1782829873\n|switch|p1a: Persian|Persian, L92, F|269/269\n|move|p2a: Sceptile|Giga Drain|p1a: Persian\n|-damage|p1a: Persian|127/269\n|-heal|p2a: Sceptile|133/264 tox|[from] drain|[of] p1a: Persian\n|\n|-heal|p2a: Sceptile|149/264 tox|[from] item: Leftovers\n|-damage|p2a: Sceptile|101/264 tox|[from] psn\n|upkeep\n|turn|51\n|\n|t:|1782829883\n|switch|p2a: Hippowdon|Hippowdon, L82, F|194/311 tox\n|-weather|Sandstorm|[from] ability: Sand Stream|[of] p2a: Hippowdon\n|move|p1a: Persian|Double-Edge|p2a: Hippowdon\n|-damage|p2a: Hippowdon|53/311 tox\n|-damage|p1a: Persian|80/269|[from] Recoil\n|\n|-weather|Sandstorm|[upkeep]\n|-damage|p1a: Persian|64/269|[from] Sandstorm\n|-heal|p2a: Hippowdon|72/311 tox|[from] item: Leftovers\n|-damage|p2a: Hippowdon|53/311 tox|[from] psn\n|upkeep\n|turn|52\n|\n|t:|1782829895\n|move|p1a: Persian|Double-Edge|p2a: Hippowdon\n|-damage|p2a: Hippowdon|0 fnt\n|faint|p2a: Hippowdon\n|-damage|p1a: Persian|47/269|[from] Recoil\n|\n|-weather|Sandstorm|[upkeep]\n|-damage|p1a: Persian|31/269|[from] Sandstorm\n|upkeep\n|\n|t:|1782829913\n|switch|p2a: Flamigo|Flamigo, L82, F|269/269\n|turn|53\n|\n|t:|1782829930\n|switch|p1a: Gliscor|Gliscor, L76, F|180/239 tox\n|move|p2a: Flamigo|Close Combat|p1a: Gliscor\n|-resisted|p1a: Gliscor\n|-damage|p1a: Gliscor|100/239 tox\n|-unboost|p2a: Flamigo|def|1\n|-unboost|p2a: Flamigo|spd|1\n|\n|-weather|Sandstorm|[upkeep]\n|-damage|p2a: Flamigo|253/269|[from] Sandstorm\n|-heal|p1a: Gliscor|129/239 tox|[from] ability: Poison Heal\n|upkeep\n|turn|54\n|\n|t:|1782829945\n|switch|p2a: Sceptile|Sceptile, L87, F|101/264 tox\n|move|p1a: Gliscor|Earthquake|p2a: Sceptile\n|-resisted|p2a: Sceptile\n|-damage|p2a: Sceptile|52/264 tox\n|\n|-weather|Sandstorm|[upkeep]\n|-damage|p2a: Sceptile|36/264 tox|[from] Sandstorm\n|-heal|p2a: Sceptile|52/264 tox|[from] item: Leftovers\n|-damage|p2a: Sceptile|36/264 tox|[from] psn\n|-heal|p1a: Gliscor|158/239 tox|[from] ability: Poison Heal\n|upkeep\n|turn|55\n|\n|t:|1782829963\n|switch|p2a: Flamigo|Flamigo, L82, F|253/269\n|move|p1a: Gliscor|Protect||[still]\n|-fail|p1a: Gliscor\n|\n|-weather|none\n|-heal|p1a: Gliscor|187/239 tox|[from] ability: Poison Heal\n|upkeep\n|turn|56\n|\n|t:|1782829971\n|move|p2a: Flamigo|Brave Bird|p1a: Gliscor\n|-damage|p1a: Gliscor|10/239 tox\n|-damage|p2a: Flamigo|195/269|[from] Recoil\n|move|p1a: Gliscor|Toxic|p2a: Flamigo\n|-status|p2a: Flamigo|tox\n|\n|-damage|p2a: Flamigo|179/269 tox|[from] psn\n|-heal|p1a: Gliscor|39/239 tox|[from] ability: Poison Heal\n|upkeep\n|turn|57\n|\n|t:|1782829982\n|switch|p2a: Sceptile|Sceptile, L87, F|36/264 tox\n|move|p1a: Gliscor|Protect||[still]\n|-fail|p1a: Gliscor\n|\n|-heal|p2a: Sceptile|52/264 tox|[from] item: Leftovers\n|-damage|p2a: Sceptile|36/264 tox|[from] psn\n|-heal|p1a: Gliscor|68/239 tox|[from] ability: Poison Heal\n|upkeep\n|turn|58\n|\n|t:|1782829992\n|move|p1a: Gliscor|Protect|p1a: Gliscor\n|-singleturn|p1a: Gliscor|Protect\n|move|p2a: Sceptile|Giga Drain|p1a: Gliscor\n|-activate|p1a: Gliscor|move: Protect\n|\n|-heal|p2a: Sceptile|52/264 tox|[from] item: Leftovers\n|-damage|p2a: Sceptile|20/264 tox|[from] psn\n|-heal|p1a: Gliscor|97/239 tox|[from] ability: Poison Heal\n|upkeep\n|turn|59\n|\n|t:|1782830020\n|switch|p1a: Heatran|Heatran, L79, F|180/273\n|move|p2a: Sceptile|Giga Drain|p1a: Heatran\n|-resisted|p1a: Heatran\n|-damage|p1a: Heatran|152/273\n|-heal|p2a: Sceptile|34/264 tox|[from] drain|[of] p1a: Heatran\n|\n|-heal|p2a: Sceptile|50/264 tox|[from] item: Leftovers\n|-damage|p2a: Sceptile|2/264 tox|[from] psn\n|upkeep\n|turn|60\n|c|\u2606saaakeli|dieeeeeee you gliscor :DDD\n|\n|t:|1782830050\n|switch|p2a: Infernape|Infernape, L82, F|259/259\n|move|p1a: Heatran|Stealth Rock|p2a: Infernape\n|-sidestart|p2: saaakeli|move: Stealth Rock\n|\n|upkeep\n|turn|61\n|c|\u2606cosmictruant|lol\n|inactive|cosmictruant has 120 seconds left.\n|c|\u2606saaakeli|taking too damn long\n|\n|t:|1782830068\n|move|p2a: Infernape|Close Combat|p1a: Heatran\n|-supereffective|p1a: Heatran\n|-damage|p1a: Heatran|0 fnt\n|-unboost|p2a: Infernape|def|1\n|-unboost|p2a: Infernape|spd|1\n|faint|p1a: Heatran\n|\n|upkeep\n|inactive|cosmictruant has 120 seconds left.\n|\n|t:|1782830074\n|switch|p1a: Gliscor|Gliscor, L76, F|97/239 tox\n|turn|62\n|inactive|cosmictruant has 120 seconds left.\n|\n|t:|1782830084\n|move|p1a: Gliscor|Protect|p1a: Gliscor\n|-singleturn|p1a: Gliscor|Protect\n|move|p2a: Infernape|Close Combat|p1a: Gliscor\n|-activate|p1a: Gliscor|move: Protect\n|\n|-heal|p1a: Gliscor|126/239 tox|[from] ability: Poison Heal\n|upkeep\n|turn|63\n|inactive|saaakeli has 120 seconds left.\n|\n|t:|1782830092\n|move|p2a: Infernape|Close Combat|p1a: Gliscor\n|-resisted|p1a: Gliscor\n|-damage|p1a: Gliscor|47/239 tox\n|-unboost|p2a: Infernape|def|1\n|-unboost|p2a: Infernape|spd|1\n|move|p1a: Gliscor|Earthquake|p2a: Infernape\n|-supereffective|p2a: Infernape\n|-damage|p2a: Infernape|0 fnt\n|faint|p2a: Infernape\n|\n|-heal|p1a: Gliscor|76/239 tox|[from] ability: Poison Heal\n|upkeep\n|inactive|saaakeli has 120 seconds left.\n|c|\u2606saaakeli|it wasnt enough\n|c|\u2606saaakeli|jeezuz\n|\n|t:|1782830111\n|switch|p2a: Flamigo|Flamigo, L82, F|179/269 tox\n|-damage|p2a: Flamigo|146/269 tox|[from] Stealth Rock\n|turn|64\n|\n|t:|1782830120\n|move|p1a: Gliscor|Protect|p1a: Gliscor\n|-singleturn|p1a: Gliscor|Protect\n|move|p2a: Flamigo|Brave Bird|p1a: Gliscor\n|-activate|p1a: Gliscor|move: Protect\n|\n|-damage|p2a: Flamigo|130/269 tox|[from] psn\n|-heal|p1a: Gliscor|105/239 tox|[from] ability: Poison Heal\n|upkeep\n|turn|65\n|\n|t:|1782830129\n|move|p1a: Gliscor|Protect|p1a: Gliscor\n|-singleturn|p1a: Gliscor|Protect\n|move|p2a: Flamigo|Brave Bird|p1a: Gliscor\n|-activate|p1a: Gliscor|move: Protect\n|\n|-damage|p2a: Flamigo|98/269 tox|[from] psn\n|-heal|p1a: Gliscor|134/239 tox|[from] ability: Poison Heal\n|upkeep\n|turn|66\n|c|\u2606cosmictruant|oo\n|c|\u2606saaakeli|aaaaaaaaaaaaaaaaaaaaaaaa\n|\n|t:|1782830147\n|move|p2a: Flamigo|Brave Bird|p1a: Gliscor\n|-damage|p1a: Gliscor|0 fnt\n|faint|p1a: Gliscor\n|-damage|p2a: Flamigo|54/269 tox|[from] Recoil\n|\n|-damage|p2a: Flamigo|6/269 tox|[from] psn\n|upkeep\n|c|\u2606saaakeli|FINALLY\n|c|\u2606cosmictruant|hero\n|\n|t:|1782830160\n|switch|p1a: Persian|Persian, L92, F|31/269\n|turn|67\n|\n|t:|1782830172\n|move|p1a: Persian|Knock Off|p2a: Flamigo\n|-resisted|p2a: Flamigo\n|-damage|p2a: Flamigo|0 fnt\n|-enditem|p2a: Flamigo|Choice Band|[from] move: Knock Off|[of] p1a: Persian\n|faint|p2a: Flamigo\n|\n|upkeep\n|\n|t:|1782830185\n|switch|p2a: Sceptile|Sceptile, L87, F|2/264 tox\n|-damage|p2a: Sceptile|0 fnt|[from] Stealth Rock\n|faint|p2a: Sceptile\n|\n|t:|1782830189\n|switch|p2a: Mabosstiff|Mabosstiff, L86, F|278/278\n|-damage|p2a: Mabosstiff|244/278|[from] Stealth Rock\n|turn|68\n|\n|t:|1782830198\n|move|p1a: Persian|Knock Off|p2a: Mabosstiff\n|-resisted|p2a: Mabosstiff\n|-damage|p2a: Mabosstiff|198/278\n|-enditem|p2a: Mabosstiff|Choice Band|[from] move: Knock Off|[of] p1a: Persian\n|move|p2a: Mabosstiff|Crunch|p1a: Persian\n|-damage|p1a: Persian|0 fnt\n|faint|p1a: Persian\n|\n|upkeep\n|\n|t:|1782830205\n|switch|p1a: Porygon2|Porygon2, L81|270/270\n|-ability|p1a: Porygon2|Download|boost\n|-boost|p1a: Porygon2|spa|1\n|turn|69\n|\n|t:|1782830215\n|move|p2a: Mabosstiff|Crunch|p1a: Porygon2\n|-damage|p1a: Porygon2|195/270\n|move|p1a: Porygon2|Tri Attack|p2a: Mabosstiff\n|-damage|p2a: Mabosstiff|56/278\n|\n|upkeep\n|turn|70\n|c|\u2606saaakeli|gg\n|c|\u2606cosmictruant|gg\n|\n|t:|1782830225\n|move|p2a: Mabosstiff|Wild Charge|p1a: Porygon2\n|-damage|p1a: Porygon2|136/270\n|-damage|p2a: Mabosstiff|41/278|[from] Recoil\n|move|p1a: Porygon2|Tri Attack|p2a: Mabosstiff\n|-damage|p2a: Mabosstiff|0 fnt\n|faint|p2a: Mabosstiff\n|\n|win|cosmictruant\n", "inputlog": ">version f8ac14003a5f27e1bdc8d8c59608a773c1cb96e5\n>start {\"formatid\":\"gen9randombattle\",\"seed\":\"sodium,68bb491705f11d24defd0560f58c29cf\",\"rated\":\"Rated battle\"}\n>player p1 {\"name\":\"cosmictruant\",\"avatar\":\"265\",\"rating\":1262,\"seed\":\"sodium,1a5c697313a7a2a6c6d926c6980768f3\"}\n>player p2 {\"name\":\"saaakeli\",\"avatar\":\"hiker-gen4\",\"rating\":1274,\"seed\":\"sodium,aa239825d6cd8d0e01d04195dd770472\"}\n>p1 switch 6\n>p2 move dragondance\n>p1 move thunderbolt terastallize\n>p2 move earthquake\n>p2 switch 3\n>p1 switch 4\n>p2 move knockoff\n>p1 switch 6\n>p2 switch 4\n>p1 move toxic\n>p2 move stoneedge\n>p1 move substitute\n>p2 switch 6\n>p1 move earthquake\n>p2 move substitute\n>p1 move earthquake\n>p2 move gigadrain\n>p1 switch 4\n>p2 move substitute\n>p1 move encore\n>p2 move focusblast\n>p1 move nastyplot\n>p2 move focusblast\n>p1 move thunderbolt\n>p2 move focusblast\n>p1 switch 3\n>p1 move uturn\n>p2 move focusblast\n>p1 switch 5\n>p1 move dragondance\n>p2 move gigadrain\n>p1 move substitute\n>p2 move leechseed\n>p1 move outrage\n>p2 move substitute\n>p1 move outrage\n>p2 move gigadrain\n>p1 move outrage\n>p2 switch 6\n>p1 switch 4\n>p2 move earthquake\n>p1 move toxic\n>p2 move slackoff\n>p1 move substitute\n>p2 move curse\n>p1 move earthquake\n>p2 move stoneedge\n>p1 move substitute\n>p2 switch 6\n>p1 switch 5\n>p2 move substitute\n>p1 move uturn\n>p2 move gigadrain\n>p1 switch 4\n>p1 move outrage\n>p2 move gigadrain\n>p1 switch 4\n>p1 move uturn\n>p2 switch 6\n>p1 switch 5\n>p1 move substitute\n>p2 move stoneedge\n>p1 move substitute\n>p2 move slackoff\n>p1 move earthquake\n>p2 move slackoff\n>p1 move earthquake\n>p2 switch 2\n>p1 move toxic\n>p2 switch 6\n>p1 move earthquake\n>p2 move gigadrain\n>p1 move protect\n>p2 move leechseed\n>p1 move substitute\n>p2 move leechseed\n>p1 move earthquake\n>p2 switch 2\n>p1 move earthquake\n>p2 move slackoff\n>p1 move earthquake\n>p2 switch 6\n>p1 move toxic\n>p2 switch 6\n>p1 move protect\n>p2 move stoneedge\n>p1 move earthquake\n>p2 move stoneedge\n>chat \u2606saaakeli|i hate gliscor so much\n>p1 move toxic\n>p2 move slackoff\n>chat \u2606cosmictruant|yea i have no other option\n>p1 move earthquake\n>p2 switch 6\n>p1 move earthquake\n>p2 switch 6\n>p1 move earthquake\n>p2 move stoneedge\n>p1 move earthquake\n>p2 move slackoff\n>p1 move toxic\n>p2 move stoneedge\n>p1 move toxic\n>p2 switch 2\n>p1 move protect\n>p2 move gigadrain\n>p1 switch 5\n>p2 move gigadrain\n>p1 move doubleedge\n>p2 switch 2\n>p1 move doubleedge\n>p2 move slackoff\n>p2 switch 6\n>p1 switch 5\n>p2 move closecombat\n>p1 move earthquake\n>p2 switch 2\n>p1 move protect\n>p2 switch 2\n>p1 move toxic\n>p2 move bravebird\n>p1 move protect\n>p2 switch 2\n>p1 move protect\n>p2 move gigadrain\n>p1 switch 6\n>p2 move gigadrain\n>chat \u2606saaakeli|dieeeeeee you gliscor :DDD\n>p1 move stealthrock\n>p2 switch 4\n>chat \u2606cosmictruant|lol\n>chat \u2606saaakeli|taking too damn long\n>p1 move earthpower\n>p2 move closecombat\n>p1 switch 6\n>p1 move protect\n>p2 move closecombat\n>p1 move earthquake\n>p2 move closecombat\n>chat \u2606saaakeli|it wasnt enough\n>chat \u2606saaakeli|jeezuz\n>p2 switch 2\n>p1 move protect\n>p2 move bravebird\n>p1 move protect\n>p2 move bravebird\n>chat \u2606cosmictruant|oo\n>chat \u2606saaakeli|aaaaaaaaaaaaaaaaaaaaaaaa\n>p1 move substitute\n>p2 move bravebird\n>chat \u2606saaakeli|FINALLY\n>chat \u2606cosmictruant|hero\n>p1 switch 5\n>p1 move knockoff\n>p2 move bravebird\n>p2 switch 4\n>p2 switch 5\n>p1 move knockoff\n>p2 move crunch\n>p1 switch 2\n>p1 move triattack\n>p2 move crunch\n>chat \u2606saaakeli|gg\n>chat \u2606cosmictruant|gg\n>p1 move triattack\n>p2 move wildcharge", "uploadtime": 1782830025, "views": 1, "formatid": "gen9randombattle", "rating": null, "private": 0, "password": null, "player_dets": [{"name": "cosmictruant", "avatar": "265", "rating": 1262, "seed": "sodium,1a5c697313a7a2a6c6d926c6980768f3"}, {"name": "saaakeli", "avatar": "hiker-gen4", "rating": 1274, "seed": "sodium,aa239825d6cd8d0e01d04195dd770472"}], "teams_full": [{"Gliscor": {"name": "Gliscor", "species": "Gliscor", "speciesId": "gliscor", "gender": "F", "shiny": false, "level": 76, "moves": ["protect", "earthquake", "toxic", "substitute"], "ability": "Poison Heal", "evs": {"hp": 85, "atk": 85, "def": 85, "spa": 85, "spd": 85, "spe": 85}, "ivs": {"hp": 31, "atk": 31, "def": 31, "spa": 31, "spd": 31, "spe": 31}, "item": "Toxic Orb", "teraType": "Water", "role": "Fast Support", "bvs": {"hp": 75, "atk": 95, "def": 125, "spa": 45, "spd": 75, "spe": 95}, "stats": {"hp": 239, "atk": 188, "def": 234, "spa": 112, "spd": 158, "spe": 188}, "types": ["Ground", "Flying"]}, "Porygon2": {"name": "Porygon2", "species": "Porygon2", "speciesId": "porygon2", "gender": "N", "shiny": false, "level": 81, "moves": ["icebeam", "recover", "discharge", "triattack"], "ability": "Download", "evs": {"hp": 85, "atk": 0, "def": 85, "spa": 85, "spd": 85, "spe": 85}, "ivs": {"hp": 31, "atk": 0, "def": 31, "spa": 31, "spd": 31, "spe": 31}, "item": "Eviolite", "teraType": "Ghost", "role": "Bulky Support", "bvs": {"hp": 85, "atk": 80, "def": 90, "spa": 105, "spd": 95, "spe": 60}, "stats": {"hp": 270, "atk": 134, "def": 192, "spa": 217, "spd": 201, "spe": 144}, "types": ["Normal"]}, "Persian": {"name": "Persian", "species": "Persian", "speciesId": "persian", "gender": "F", "shiny": false, "level": 92, "moves": ["uturn", "knockoff", "switcheroo", "doubleedge"], "ability": "Limber", "evs": {"hp": 85, "atk": 85, "def": 85, "spa": 85, "spd": 85, "spe": 85}, "ivs": {"hp": 31, "atk": 31, "def": 31, "spa": 31, "spd": 31, "spe": 31}, "item": "Choice Band", "teraType": "Normal", "role": "Wallbreaker", "bvs": {"hp": 65, "atk": 70, "def": 60, "spa": 65, "spd": 65, "spe": 115}, "stats": {"hp": 269, "atk": 181, "def": 163, "spa": 172, "spd": 172, "spe": 264}, "types": ["Normal"]}, "Heatran": {"name": "Heatran", "species": "Heatran", "speciesId": "heatran", "gender": "F", "shiny": false, "level": 79, "moves": ["heavyslam", "lavaplume", "stealthrock", "earthpower"], "ability": "Flash Fire", "evs": {"hp": 85, "atk": 85, "def": 85, "spa": 85, "spd": 85, "spe": 85}, "ivs": {"hp": 31, "atk": 31, "def": 31, "spa": 31, "spd": 31, "spe": 31}, "item": "Air Balloon", "teraType": "Grass", "role": "Bulky Support", "bvs": {"hp": 91, "atk": 90, "def": 106, "spa": 130, "spd": 106, "spe": 77}, "stats": {"hp": 273, "atk": 188, "def": 213, "spa": 251, "spd": 213, "spe": 167}, "types": ["Fire", "Steel"]}, "Zekrom": {"name": "Zekrom", "species": "Zekrom", "speciesId": "zekrom", "gender": "N", "shiny": false, "level": 71, "moves": ["substitute", "boltstrike", "dragondance", "outrage"], "ability": "Teravolt", "evs": {"hp": 85, "atk": 85, "def": 85, "spa": 85, "spd": 85, "spe": 85}, "ivs": {"hp": 31, "atk": 31, "def": 31, "spa": 31, "spd": 31, "spe": 31}, "item": "Leftovers", "teraType": "Fairy", "role": "Setup Sweeper", "bvs": {"hp": 100, "atk": 150, "def": 120, "spa": 120, "spd": 100, "spe": 90}, "stats": {"hp": 259, "atk": 254, "def": 212, "spa": 212, "spd": 183, "spe": 169}, "types": ["Dragon", "Electric"]}, "Minun": {"name": "Minun", "species": "Minun", "speciesId": "minun", "gender": "F", "shiny": false, "level": 95, "moves": ["thunderbolt", "grassknot", "encore", "nastyplot"], "ability": "Volt Absorb", "evs": {"hp": 85, "atk": 0, "def": 85, "spa": 85, "spd": 85, "spe": 85}, "ivs": {"hp": 31, "atk": 0, "def": 31, "spa": 31, "spd": 31, "spe": 31}, "item": "Life Orb", "teraType": "Grass", "role": "Setup Sweeper", "bvs": {"hp": 60, "atk": 40, "def": 50, "spa": 75, "spd": 85, "spe": 95}, "stats": {"hp": 268, "atk": 81, "def": 149, "spa": 196, "spd": 215, "spe": 234}, "types": ["Electric"]}}, {"Gyarados": {"name": "Gyarados", "species": "Gyarados", "speciesId": "gyarados", "gender": "M", "shiny": false, "level": 79, "moves": ["dragondance", "terablast", "waterfall", "earthquake"], "ability": "Moxie", "evs": {"hp": 85, "atk": 85, "def": 85, "spa": 85, "spd": 85, "spe": 85}, "ivs": {"hp": 31, "atk": 31, "def": 31, "spa": 31, "spd": 31, "spe": 31}, "item": "Heavy-Duty Boots", "teraType": "Flying", "role": "Tera Blast user", "bvs": {"hp": 95, "atk": 125, "def": 79, "spa": 60, "spd": 100, "spe": 81}, "stats": {"hp": 280, "atk": 243, "def": 170, "spa": 140, "spd": 204, "spe": 174}, "types": ["Water", "Flying"]}, "Flamigo": {"name": "Flamigo", "species": "Flamigo", "speciesId": "flamigo", "gender": "F", "shiny": false, "level": 82, "moves": ["bravebird", "uturn", "closecombat", "throatchop"], "ability": "Scrappy", "evs": {"hp": 85, "atk": 85, "def": 85, "spa": 85, "spd": 85, "spe": 85}, "ivs": {"hp": 31, "atk": 31, "def": 31, "spa": 31, "spd": 31, "spe": 31}, "item": "Choice Band", "teraType": "Fighting", "role": "Fast Attacker", "bvs": {"hp": 82, "atk": 115, "def": 74, "spa": 75, "spd": 64, "spe": 90}, "stats": {"hp": 269, "atk": 236, "def": 169, "spa": 170, "spd": 152, "spe": 195}, "types": ["Flying", "Fighting"]}, "Infernape": {"name": "Infernape", "species": "Infernape", "speciesId": "infernape", "gender": "F", "shiny": false, "level": 82, "moves": ["knockoff", "closecombat", "flareblitz", "stoneedge"], "ability": "Blaze", "evs": {"hp": 85, "atk": 85, "def": 85, "spa": 85, "spd": 85, "spe": 85}, "ivs": {"hp": 31, "atk": 31, "def": 31, "spa": 31, "spd": 31, "spe": 31}, "item": "Choice Band", "teraType": "Fire", "role": "Fast Support", "bvs": {"hp": 76, "atk": 104, "def": 71, "spa": 104, "spd": 71, "spe": 108}, "stats": {"hp": 259, "atk": 218, "def": 164, "spa": 218, "spd": 164, "spe": 224}, "types": ["Fire", "Fighting"]}, "Hippowdon": {"name": "Hippowdon", "species": "Hippowdon", "speciesId": "hippowdon", "gender": "F", "shiny": false, "level": 82, "moves": ["stoneedge", "earthquake", "curse", "slackoff"], "ability": "Sand Stream", "evs": {"hp": 85, "atk": 85, "def": 85, "spa": 85, "spd": 85, "spe": 85}, "ivs": {"hp": 31, "atk": 31, "def": 31, "spa": 31, "spd": 31, "spe": 31}, "item": "Leftovers", "teraType": "Rock", "role": "Bulky Setup", "bvs": {"hp": 108, "atk": 112, "def": 118, "spa": 68, "spd": 72, "spe": 47}, "stats": {"hp": 311, "atk": 231, "def": 241, "spa": 159, "spd": 165, "spe": 124}, "types": ["Ground"]}, "Mabosstiff": {"name": "Mabosstiff", "species": "Mabosstiff", "speciesId": "mabosstiff", "gender": "F", "shiny": false, "level": 86, "moves": ["crunch", "wildcharge", "psychicfangs", "playrough"], "ability": "Stakeout", "evs": {"hp": 85, "atk": 85, "def": 85, "spa": 85, "spd": 85, "spe": 85}, "ivs": {"hp": 31, "atk": 31, "def": 31, "spa": 31, "spd": 31, "spe": 31}, "item": "Choice Band", "teraType": "Fairy", "role": "Bulky Attacker", "bvs": {"hp": 80, "atk": 120, "def": 90, "spa": 60, "spd": 70, "spe": 85}, "stats": {"hp": 278, "atk": 256, "def": 204, "spa": 152, "spd": 170, "spe": 195}, "types": ["Dark"]}, "Sceptile": {"name": "Sceptile", "species": "Sceptile", "speciesId": "sceptile", "gender": "F", "shiny": false, "level": 87, "moves": ["focusblast", "substitute", "leechseed", "gigadrain"], "ability": "Overgrow", "evs": {"hp": 85, "atk": 0, "def": 85, "spa": 85, "spd": 85, "spe": 85}, "ivs": {"hp": 31, "atk": 0, "def": 31, "spa": 31, "spd": 31, "spe": 31}, "item": "Leftovers", "teraType": "Steel", "role": "Fast Support", "bvs": {"hp": 70, "atk": 85, "def": 65, "spa": 105, "spd": 85, "spe": 120}, "stats": {"hp": 264, "atk": 152, "def": 163, "spa": 232, "spd": 198, "spe": 259}, "types": ["Grass"]}}]}