{"id": "gen9randombattle-2641745221", "format": "[Gen 9] Random Battle", "players": ["GoofierBowl1040", "Theburgerking14"], "log": "|j|\u2606GoofierBowl1040\n|j|\u2606Theburgerking14\n|t:|1782836874\n|gametype|singles\n|player|p1|GoofierBowl1040|miku-ghost|1944\n|player|p2|Theburgerking14|2|1938\n|gen|9\n|tier|[Gen 9] Random Battle\n|rated|\n|rule|Species Clause: Limit one of each Pok\u00e9mon\n|rule|HP Percentage Mod: HP is shown in percentages\n|rule|Sleep Clause Mod: Limit one foe put to sleep\n|rule|Illusion Level Mod: Illusion disguises the Pok\u00e9mon's true level\n|\n|t:|1782836874\n|teamsize|p1|6\n|teamsize|p2|6\n|start\n|switch|p1a: Eternatus|Eternatus, L69|308/308\n|switch|p2a: Swampert|Swampert, L83, M|302/302\n|-ability|p1a: Eternatus|Pressure\n|turn|1\n|inactive|Battle timer is ON: inactive players will automatically lose when time's up. (requested by Theburgerking14)\n|\n|t:|1782836892\n|switch|p1a: Charizard|Charizard, L85, M|271/271\n|move|p2a: Swampert|Stealth Rock|p1a: Charizard\n|-sidestart|p1: GoofierBowl1040|move: Stealth Rock\n|\n|upkeep\n|turn|2\n|\n|t:|1782836898\n|move|p1a: Charizard|Will-O-Wisp|p2a: Swampert\n|-status|p2a: Swampert|brn\n|move|p2a: Swampert|Yawn|p1a: Charizard\n|-start|p1a: Charizard|move: Yawn|[of] p2a: Swampert\n|\n|-damage|p2a: Swampert|284/302 brn|[from] brn\n|upkeep\n|turn|3\n|\n|t:|1782836914\n|switch|p1a: Clefable|Clefable, L83, F|293/293\n|move|p2a: Swampert|Ice Beam|p1a: Clefable\n|-damage|p1a: Clefable|240/293\n|-status|p1a: Clefable|frz\n|\n|-heal|p2a: Swampert|302/302 brn|[from] item: Leftovers\n|-damage|p2a: Swampert|284/302 brn|[from] brn\n|upkeep\n|turn|4\n|\n|t:|1782836922\n|switch|p2a: Rotom|Rotom, L88|231/231\n|cant|p1a: Clefable|frz\n|\n|upkeep\n|turn|5\n|\n|t:|1782836930\n|switch|p1a: Eternatus|Eternatus, L69|308/308\n|-damage|p1a: Eternatus|270/308|[from] Stealth Rock\n|-ability|p1a: Eternatus|Pressure\n|move|p2a: Rotom|Trick|p1a: Eternatus\n|-activate|p2a: Rotom|move: Trick|[of] p1a: Eternatus\n|-item|p1a: Eternatus|Choice Scarf|[from] move: Trick\n|-item|p2a: Rotom|Leftovers|[from] move: Trick\n|\n|upkeep\n|turn|6\n|\n|t:|1782836937\n|move|p1a: Eternatus|Toxic Spikes|p2a: Rotom\n|-sidestart|p2: Theburgerking14|move: Toxic Spikes\n|move|p2a: Rotom|Shadow Ball|p1a: Eternatus\n|-damage|p1a: Eternatus|155/308\n|\n|upkeep\n|turn|7\n|\n|t:|1782836942\n|move|p1a: Eternatus|Toxic Spikes|p2a: Rotom\n|-sidestart|p2: Theburgerking14|move: Toxic Spikes\n|move|p2a: Rotom|Shadow Ball|p1a: Eternatus\n|-damage|p1a: Eternatus|53/308\n|-unboost|p1a: Eternatus|spd|1\n|\n|upkeep\n|turn|8\n|\n|t:|1782836961\n|switch|p1a: Charizard|Charizard, L85, M|271/271\n|move|p2a: Rotom|Shadow Ball|p1a: Charizard\n|-damage|p1a: Charizard|177/271\n|-unboost|p1a: Charizard|spd|1\n|\n|upkeep\n|turn|9\n|\n|t:|1782836967\n|move|p1a: Charizard|Flamethrower|p2a: Rotom\n|-damage|p2a: Rotom|120/231\n|move|p2a: Rotom|Volt Switch|p1a: Charizard\n|-supereffective|p1a: Charizard\n|-damage|p1a: Charizard|0 fnt\n|faint|p1a: Charizard\n|\n|t:|1782836971\n|switch|p2a: Swampert|Swampert, L83, M|284/302 brn|[from] Volt Switch\n|\n|-heal|p2a: Swampert|302/302 brn|[from] item: Leftovers\n|-damage|p2a: Swampert|284/302 brn|[from] brn\n|upkeep\n|\n|t:|1782836978\n|switch|p1a: Clefable|Clefable, L83, F|240/293 frz\n|turn|10\n|\n|t:|1782836984\n|switch|p2a: Rotom|Rotom, L88|120/231\n|cant|p1a: Clefable|frz\n|\n|-heal|p2a: Rotom|134/231|[from] item: Leftovers\n|upkeep\n|turn|11\n|\n|t:|1782836992\n|move|p2a: Rotom|Shadow Ball|p1a: Clefable\n|-damage|p1a: Clefable|153/293 frz\n|cant|p1a: Clefable|frz\n|\n|-heal|p2a: Rotom|148/231|[from] item: Leftovers\n|upkeep\n|turn|12\n|\n|t:|1782836996\n|move|p2a: Rotom|Shadow Ball|p1a: Clefable\n|-damage|p1a: Clefable|57/293 frz\n|cant|p1a: Clefable|frz\n|\n|-heal|p2a: Rotom|162/231|[from] item: Leftovers\n|upkeep\n|turn|13\n|\n|t:|1782837000\n|switch|p1a: Raging Bolt|Raging Bolt, L78|323/323\n|-damage|p1a: Raging Bolt|283/323|[from] Stealth Rock\n|move|p2a: Rotom|Shadow Ball|p1a: Raging Bolt\n|-damage|p1a: Raging Bolt|220/323\n|\n|-heal|p2a: Rotom|176/231|[from] item: Leftovers\n|upkeep\n|turn|14\n|\n|t:|1782837015\n|move|p2a: Rotom|Shadow Ball|p1a: Raging Bolt\n|-damage|p1a: Raging Bolt|150/323\n|move|p1a: Raging Bolt|Draco Meteor|p2a: Rotom\n|-damage|p2a: Rotom|7/231\n|-unboost|p1a: Raging Bolt|spa|2\n|\n|-heal|p2a: Rotom|21/231|[from] item: Leftovers\n|upkeep\n|turn|15\n|\n|t:|1782837031\n|move|p2a: Rotom|Volt Switch|p1a: Raging Bolt\n|-resisted|p1a: Raging Bolt\n|-damage|p1a: Raging Bolt|135/323\n|\n|t:|1782837034\n|switch|p2a: Swampert|Swampert, L83, M|284/302 brn|[from] Volt Switch\n|move|p1a: Raging Bolt|Volt Switch|p2a: Swampert\n|-immune|p2a: Swampert\n|\n|-heal|p2a: Swampert|302/302 brn|[from] item: Leftovers\n|-damage|p2a: Swampert|284/302 brn|[from] brn\n|upkeep\n|turn|16\n|\n|t:|1782837042\n|move|p1a: Raging Bolt|Draco Meteor|p2a: Swampert\n|-damage|p2a: Swampert|202/302 brn\n|-unboost|p1a: Raging Bolt|spa|2\n|move|p2a: Swampert|Earthquake|p1a: Raging Bolt\n|-supereffective|p1a: Raging Bolt\n|-damage|p1a: Raging Bolt|8/323\n|\n|-heal|p2a: Swampert|220/302 brn|[from] item: Leftovers\n|-damage|p2a: Swampert|202/302 brn|[from] brn\n|upkeep\n|turn|17\n|\n|t:|1782837061\n|move|p1a: Raging Bolt|Draco Meteor|p2a: Swampert\n|-damage|p2a: Swampert|144/302 brn\n|-unboost|p1a: Raging Bolt|spa|2\n|move|p2a: Swampert|Earthquake|p1a: Raging Bolt\n|-supereffective|p1a: Raging Bolt\n|-damage|p1a: Raging Bolt|0 fnt\n|faint|p1a: Raging Bolt\n|-end|p1a: Raging Bolt|Protosynthesis|[silent]\n|\n|-heal|p2a: Swampert|162/302 brn|[from] item: Leftovers\n|-damage|p2a: Swampert|144/302 brn|[from] brn\n|upkeep\n|\n|t:|1782837069\n|switch|p1a: Eternatus|Eternatus, L69|53/308\n|-damage|p1a: Eternatus|15/308|[from] Stealth Rock\n|-ability|p1a: Eternatus|Pressure\n|turn|18\n|inactive|Theburgerking14 has 120 seconds left.\n|\n|t:|1782837110\n|move|p1a: Eternatus|Recover|p1a: Eternatus\n|-heal|p1a: Eternatus|169/308\n|move|p2a: Swampert|Earthquake|p1a: Eternatus\n|-supereffective|p1a: Eternatus\n|-damage|p1a: Eternatus|40/308\n|\n|-heal|p2a: Swampert|162/302 brn|[from] item: Leftovers\n|-damage|p2a: Swampert|144/302 brn|[from] brn\n|upkeep\n|turn|19\n|\n|t:|1782837114\n|move|p1a: Eternatus|Recover|p1a: Eternatus\n|-heal|p1a: Eternatus|194/308\n|move|p2a: Swampert|Earthquake|p1a: Eternatus\n|-supereffective|p1a: Eternatus\n|-damage|p1a: Eternatus|55/308\n|\n|-heal|p2a: Swampert|162/302 brn|[from] item: Leftovers\n|-damage|p2a: Swampert|144/302 brn|[from] brn\n|upkeep\n|turn|20\n|\n|t:|1782837117\n|move|p1a: Eternatus|Recover|p1a: Eternatus\n|-heal|p1a: Eternatus|209/308\n|move|p2a: Swampert|Earthquake|p1a: Eternatus\n|-supereffective|p1a: Eternatus\n|-damage|p1a: Eternatus|70/308\n|\n|-heal|p2a: Swampert|162/302 brn|[from] item: Leftovers\n|-damage|p2a: Swampert|144/302 brn|[from] brn\n|upkeep\n|turn|21\n|\n|t:|1782837119\n|move|p1a: Eternatus|Recover|p1a: Eternatus\n|-heal|p1a: Eternatus|224/308\n|move|p2a: Swampert|Ice Beam|p1a: Eternatus\n|-supereffective|p1a: Eternatus\n|-damage|p1a: Eternatus|104/308\n|\n|-heal|p2a: Swampert|162/302 brn|[from] item: Leftovers\n|-damage|p2a: Swampert|144/302 brn|[from] brn\n|upkeep\n|turn|22\n|\n|t:|1782837124\n|move|p1a: Eternatus|Recover|p1a: Eternatus\n|-heal|p1a: Eternatus|258/308\n|move|p2a: Swampert|Yawn|p1a: Eternatus\n|-start|p1a: Eternatus|move: Yawn|[of] p2a: Swampert\n|\n|-heal|p2a: Swampert|162/302 brn|[from] item: Leftovers\n|-damage|p2a: Swampert|144/302 brn|[from] brn\n|upkeep\n|turn|23\n|\n|t:|1782837128\n|switch|p1a: Clefable|Clefable, L83, F|57/293 frz\n|move|p2a: Swampert|Ice Beam|p1a: Clefable\n|-damage|p1a: Clefable|4/293 frz\n|\n|-heal|p2a: Swampert|162/302 brn|[from] item: Leftovers\n|-damage|p2a: Swampert|144/302 brn|[from] brn\n|upkeep\n|turn|24\n|\n|t:|1782837131\n|move|p2a: Swampert|Ice Beam|p1a: Clefable\n|-damage|p1a: Clefable|0 fnt\n|faint|p1a: Clefable\n|\n|-heal|p2a: Swampert|162/302 brn|[from] item: Leftovers\n|-damage|p2a: Swampert|144/302 brn|[from] brn\n|upkeep\n|\n|t:|1782837136\n|switch|p1a: Eternatus|Eternatus, L69|258/308\n|-damage|p1a: Eternatus|220/308|[from] Stealth Rock\n|-ability|p1a: Eternatus|Pressure\n|turn|25\n|\n|t:|1782837144\n|move|p1a: Eternatus|Dynamax Cannon|p2a: Swampert\n|-damage|p2a: Swampert|39/302 brn\n|move|p2a: Swampert|Yawn|p1a: Eternatus\n|-start|p1a: Eternatus|move: Yawn|[of] p2a: Swampert\n|\n|-heal|p2a: Swampert|57/302 brn|[from] item: Leftovers\n|-damage|p2a: Swampert|39/302 brn|[from] brn\n|upkeep\n|turn|26\n|\n|t:|1782837150\n|move|p1a: Eternatus|Dynamax Cannon|p2a: Swampert\n|-damage|p2a: Swampert|0 fnt\n|faint|p2a: Swampert\n|\n|-end|p1a: Eternatus|move: Yawn|[silent]\n|-status|p1a: Eternatus|slp\n|upkeep\n|\n|t:|1782837153\n|switch|p2a: Rotom|Rotom, L88|21/231\n|turn|27\n|\n|t:|1782837156\n|cant|p1a: Eternatus|slp\n|move|p2a: Rotom|Shadow Ball|p1a: Eternatus\n|-damage|p1a: Eternatus|115/308 slp\n|-unboost|p1a: Eternatus|spd|1\n|\n|-heal|p2a: Rotom|35/231|[from] item: Leftovers\n|upkeep\n|turn|28\n|\n|t:|1782837160\n|-curestatus|p1a: Eternatus|slp|[msg]\n|move|p1a: Eternatus|Dynamax Cannon|p2a: Rotom\n|-damage|p2a: Rotom|0 fnt\n|faint|p2a: Rotom\n|\n|upkeep\n|\n|t:|1782837189\n|switch|p2a: Shaymin|Shaymin, L82|298/298\n|-status|p2a: Shaymin|tox\n|turn|29\n|\n|t:|1782837195\n|switch|p1a: Oricorio|Oricorio-Pa'u, L87, M|272/272\n|move|p2a: Shaymin|Leech Seed|p1a: Oricorio\n|-start|p1a: Oricorio|move: Leech Seed\n|\n|-damage|p1a: Oricorio|238/272|[from] Leech Seed|[of] p2a: Shaymin\n|-damage|p2a: Shaymin|280/298 tox|[from] psn\n|upkeep\n|turn|30\n|\n|t:|1782837216\n|-terastallize|p2a: Shaymin|Steel\n|move|p1a: Oricorio|Quiver Dance|p1a: Oricorio\n|-boost|p1a: Oricorio|spa|1\n|-boost|p1a: Oricorio|spd|1\n|-boost|p1a: Oricorio|spe|1\n|move|p2a: Shaymin|Air Slash|p1a: Oricorio\n|-damage|p1a: Oricorio|199/272\n|\n|-heal|p2a: Shaymin|298/298 tox|[from] item: Leftovers\n|-damage|p1a: Oricorio|165/272|[from] Leech Seed|[of] p2a: Shaymin\n|-damage|p2a: Shaymin|262/298 tox|[from] psn\n|upkeep\n|turn|31\n|\n|t:|1782837219\n|-curestatus|p2a: Shaymin|tox|[from] ability: Natural Cure|[silent]\n|switch|p2a: Farigiraf|Farigiraf, L90, F|362/362\n|-status|p2a: Farigiraf|tox\n|move|p1a: Oricorio|Roost|p1a: Oricorio\n|-heal|p1a: Oricorio|272/272\n|-singleturn|p1a: Oricorio|move: Roost\n|\n|-damage|p1a: Oricorio|238/272|[from] Leech Seed|[of] p2a: Farigiraf\n|-damage|p2a: Farigiraf|340/362 tox|[from] psn\n|upkeep\n|turn|32\n|\n|t:|1782837233\n|move|p1a: Oricorio|Hurricane|p2a: Farigiraf|[miss]\n|-miss|p1a: Oricorio|p2a: Farigiraf\n|move|p2a: Farigiraf|Body Slam|p1a: Oricorio\n|-damage|p1a: Oricorio|124/272\n|-status|p1a: Oricorio|par\n|\n|-heal|p2a: Farigiraf|362/362 tox|[from] item: Leftovers\n|-damage|p1a: Oricorio|90/272 par|[from] Leech Seed|[of] p2a: Farigiraf\n|-damage|p2a: Farigiraf|318/362 tox|[from] psn\n|upkeep\n|turn|33\n|\n|t:|1782837240\n|switch|p1a: Mimikyu|Mimikyu, L79, F|216/216\n|-damage|p1a: Mimikyu|189/216|[from] Stealth Rock\n|move|p2a: Farigiraf|Body Slam|p1a: Mimikyu\n|-immune|p1a: Mimikyu\n|\n|-heal|p2a: Farigiraf|340/362 tox|[from] item: Leftovers\n|-damage|p2a: Farigiraf|274/362 tox|[from] psn\n|upkeep\n|turn|34\n|\n|t:|1782837253\n|move|p1a: Mimikyu|Swords Dance|p1a: Mimikyu\n|-boost|p1a: Mimikyu|atk|2\n|move|p2a: Farigiraf|Psychic Noise|p1a: Mimikyu\n|-activate|p1a: Mimikyu|ability: Disguise\n|-damage|p1a: Mimikyu|189/216\n|-start|p1a: Mimikyu|move: Heal Block\n|detailschange|p1a: Mimikyu|Mimikyu-Busted, L79, F\n|-damage|p1a: Mimikyu|162/216|[from] pokemon: Mimikyu-Busted\n|\n|-heal|p2a: Farigiraf|296/362 tox|[from] item: Leftovers\n|-damage|p2a: Farigiraf|208/362 tox|[from] psn\n|upkeep\n|turn|35\n|\n|t:|1782837257\n|move|p1a: Mimikyu|Play Rough|p2a: Farigiraf\n|-damage|p2a: Farigiraf|0 fnt\n|faint|p2a: Farigiraf\n|-damage|p1a: Mimikyu|141/216|[from] item: Life Orb\n|\n|-end|p1a: Mimikyu|move: Heal Block\n|upkeep\n|\n|t:|1782837273\n|switch|p2a: Tyranitar|Tyranitar, L78, F|284/284\n|-status|p2a: Tyranitar|tox\n|-weather|Sandstorm|[from] ability: Sand Stream|[of] p2a: Tyranitar\n|turn|36\n|\n|t:|1782837282\n|move|p1a: Mimikyu|Drain Punch|p2a: Tyranitar\n|-supereffective|p2a: Tyranitar\n|-damage|p2a: Tyranitar|0 fnt\n|-heal|p1a: Mimikyu|216/216|[from] drain|[of] p2a: Tyranitar\n|faint|p2a: Tyranitar\n|-damage|p1a: Mimikyu|195/216|[from] item: Life Orb\n|\n|-weather|Sandstorm|[upkeep]\n|-damage|p1a: Mimikyu|182/216|[from] Sandstorm\n|upkeep\n|\n|t:|1782837287\n|switch|p2a: Archaludon|Archaludon, L78, F|268/268\n|turn|37\n|\n|t:|1782837293\n|move|p1a: Mimikyu|Drain Punch|p2a: Archaludon\n|-supereffective|p2a: Archaludon\n|-damage|p2a: Archaludon|70/268\n|-heal|p1a: Mimikyu|216/216|[from] drain|[of] p2a: Archaludon\n|-ability|p2a: Archaludon|Stamina|boost\n|-boost|p2a: Archaludon|def|1\n|-damage|p1a: Mimikyu|195/216|[from] item: Life Orb\n|move|p2a: Archaludon|Iron Head|p1a: Mimikyu\n|-supereffective|p1a: Mimikyu\n|-damage|p1a: Mimikyu|15/216\n|\n|-weather|Sandstorm|[upkeep]\n|-damage|p1a: Mimikyu|2/216|[from] Sandstorm\n|upkeep\n|turn|38\n|\n|t:|1782837302\n|move|p1a: Mimikyu|Drain Punch|p2a: Archaludon\n|-supereffective|p2a: Archaludon\n|-damage|p2a: Archaludon|0 fnt\n|-heal|p1a: Mimikyu|37/216|[from] drain|[of] p2a: Archaludon\n|faint|p2a: Archaludon\n|-damage|p1a: Mimikyu|16/216|[from] item: Life Orb\n|\n|-weather|Sandstorm|[upkeep]\n|-damage|p1a: Mimikyu|3/216|[from] Sandstorm\n|upkeep\n|\n|t:|1782837303\n|switch|p2a: Shaymin|Shaymin, L82, tera:Steel|262/298\n|turn|39\n|\n|t:|1782837308\n|move|p2a: Shaymin|Leech Seed|p1a: Mimikyu|[miss]\n|-miss|p2a: Shaymin|p1a: Mimikyu\n|move|p1a: Mimikyu|Drain Punch|p2a: Shaymin\n|-supereffective|p2a: Shaymin\n|-damage|p2a: Shaymin|28/298\n|-heal|p1a: Mimikyu|120/216|[from] drain|[of] p2a: Shaymin\n|-damage|p1a: Mimikyu|99/216|[from] item: Life Orb\n|\n|-weather|Sandstorm|[upkeep]\n|-damage|p1a: Mimikyu|86/216|[from] Sandstorm\n|-heal|p2a: Shaymin|46/298|[from] item: Leftovers\n|upkeep\n|turn|40\n|-message|Theburgerking14 forfeited.\n|\n|win|GoofierBowl1040\n|raw|GoofierBowl1040's rating: 1944 &rarr; <strong>1964</strong><br />(+20 for winning)\n|raw|Theburgerking14's rating: 1938 &rarr; <strong>1918</strong><br />(-20 for losing)\n", "inputlog": ">version f8ac14003a5f27e1bdc8d8c59608a773c1cb96e5\n>start {\"formatid\":\"gen9randombattle\",\"seed\":\"sodium,9c51d28532297b0447fcda2a6afb2eff\",\"rated\":\"Rated battle\"}\n>player p1 {\"name\":\"GoofierBowl1040\",\"avatar\":\"miku-ghost\",\"rating\":1944,\"seed\":\"sodium,204b820e471b71b08b9c97a68a8d8848\"}\n>player p2 {\"name\":\"Theburgerking14\",\"avatar\":\"2\",\"rating\":1938,\"seed\":\"sodium,c4663bffa3668c4ae3a4627e97d44836\"}\n>p1 switch 2\n>p2 move stealthrock\n>p1 move willowisp\n>p2 move yawn\n>p1 switch 4\n>p2 move icebeam\n>p1 move knockoff\n>p2 switch 2\n>p1 switch 2\n>p2 move trick\n>p1 move toxicspikes\n>p2 move shadowball\n>p1 move toxicspikes\n>p2 move shadowball\n>p1 switch 4\n>p2 move shadowball\n>p1 move flamethrower\n>p2 move voltswitch\n>p2 switch 2\n>p1 switch 2\n>p1 move knockoff\n>p2 switch 2\n>p1 move knockoff\n>p2 move shadowball\n>p1 move moonlight\n>p2 move shadowball\n>p1 switch 6\n>p2 move shadowball\n>p1 move dracometeor\n>p2 move shadowball\n>p1 move voltswitch\n>p2 move voltswitch\n>p2 switch 2\n>p1 move dracometeor\n>p2 move earthquake\n>p1 move dracometeor\n>p2 move earthquake\n>p1 switch 4\n>p1 move recover\n>p2 move earthquake\n>p1 move recover\n>p2 move earthquake\n>p1 move recover\n>p2 move earthquake\n>p1 move recover\n>p2 move icebeam\n>p1 move recover\n>p2 move yawn\n>p1 switch 6\n>p2 move icebeam\n>p1 move moonlight\n>p2 move icebeam\n>p1 switch 6\n>p1 move dynamaxcannon\n>p2 move yawn\n>p1 move dynamaxcannon\n>p2 move icebeam\n>p2 switch 2\n>p1 move dynamaxcannon\n>p2 move shadowball\n>p1 move dynamaxcannon\n>p2 move shadowball\n>p2 switch 3\n>p1 switch 5\n>p2 move leechseed\n>p1 move quiverdance\n>p2 move airslash terastallize\n>p1 move roost\n>p2 switch 4\n>p1 move hurricane\n>p2 move bodyslam\n>p1 switch 3\n>p2 move bodyslam\n>p1 move swordsdance\n>p2 move psychicnoise\n>p1 move playrough\n>p2 move wish\n>p2 switch 5\n>p1 move drainpunch\n>p2 move thunderwave\n>p2 switch 6\n>p1 move drainpunch\n>p2 move ironhead\n>p1 move drainpunch\n>p2 move ironhead\n>p2 switch 4\n>p1 move drainpunch\n>p2 move leechseed\n>forcelose p2", "uploadtime": 1782836876, "views": 9, "formatid": "gen9randombattle", "rating": 1918, "private": 0, "password": null, "player_dets": [{"name": "GoofierBowl1040", "avatar": "miku-ghost", "rating": 1944, "seed": "sodium,204b820e471b71b08b9c97a68a8d8848"}, {"name": "Theburgerking14", "avatar": "2", "rating": 1938, "seed": "sodium,c4663bffa3668c4ae3a4627e97d44836"}], "teams_full": [{"Eternatus": {"name": "Eternatus", "species": "Eternatus", "speciesId": "eternatus", "gender": "N", "shiny": false, "level": 69, "moves": ["recover", "dynamaxcannon", "toxicspikes", "flamethrower"], "ability": "Pressure", "evs": {"hp": 85, "atk": 0, "def": 85, "spa": 85, "spd": 85, "spe": 85}, "ivs": {"hp": 31, "atk": 0, "def": 31, "spa": 31, "spd": 31, "spe": 31}, "item": "Leftovers", "teraType": "Water", "role": "Bulky Support", "bvs": {"hp": 140, "atk": 85, "def": 95, "spa": 145, "spd": 95, "spe": 130}, "stats": {"hp": 308, "atk": 122, "def": 171, "spa": 240, "spd": 171, "spe": 220}, "types": ["Poison", "Dragon"]}, "Charizard": {"name": "Charizard", "species": "Charizard", "speciesId": "charizard", "gender": "M", "shiny": false, "level": 85, "moves": ["hurricane", "willowisp", "earthquake", "flamethrower"], "ability": "Blaze", "evs": {"hp": 85, "atk": 85, "def": 85, "spa": 85, "spd": 85, "spe": 85}, "ivs": {"hp": 31, "atk": 31, "def": 31, "spa": 31, "spd": 31, "spe": 31}, "item": "Heavy-Duty Boots", "teraType": "Ground", "role": "Fast Attacker", "bvs": {"hp": 78, "atk": 84, "def": 78, "spa": 109, "spd": 85, "spe": 100}, "stats": {"hp": 271, "atk": 192, "def": 181, "spa": 234, "spd": 193, "spe": 219}, "types": ["Fire", "Flying"]}, "Mimikyu": {"name": "Mimikyu", "species": "Mimikyu", "speciesId": "mimikyu", "gender": "F", "shiny": false, "level": 79, "moves": ["drainpunch", "playrough", "swordsdance", "shadowsneak"], "ability": "Disguise", "evs": {"hp": 85, "atk": 85, "def": 85, "spa": 85, "spd": 85, "spe": 85}, "ivs": {"hp": 31, "atk": 31, "def": 31, "spa": 31, "spd": 31, "spe": 31}, "item": "Life Orb", "teraType": "Fairy", "role": "Setup Sweeper", "bvs": {"hp": 55, "atk": 90, "def": 80, "spa": 50, "spd": 105, "spe": 96}, "stats": {"hp": 216, "atk": 188, "def": 172, "spa": 125, "spd": 211, "spe": 197}, "types": ["Ghost", "Fairy"]}, "Clefable": {"name": "Clefable", "species": "Clefable", "speciesId": "clefable", "gender": "F", "shiny": false, "level": 83, "moves": ["knockoff", "moonlight", "moonblast", "fireblast"], "ability": "Magic Guard", "evs": {"hp": 85, "atk": 85, "def": 85, "spa": 85, "spd": 85, "spe": 85}, "ivs": {"hp": 31, "atk": 31, "def": 31, "spa": 31, "spd": 31, "spe": 31}, "item": "Life Orb", "teraType": "Steel", "role": "Bulky Support", "bvs": {"hp": 95, "atk": 70, "def": 73, "spa": 95, "spd": 90, "spe": 60}, "stats": {"hp": 293, "atk": 164, "def": 169, "spa": 205, "spd": 197, "spe": 147}, "types": ["Fairy"]}, "Oricorio": {"name": "Oricorio", "species": "Oricorio-Pa'u", "speciesId": "oricoriopau", "gender": "M", "shiny": false, "level": 87, "moves": ["revelationdance", "roost", "quiverdance", "hurricane"], "ability": "Dancer", "evs": {"hp": 85, "atk": 0, "def": 85, "spa": 85, "spd": 85, "spe": 85}, "ivs": {"hp": 31, "atk": 0, "def": 31, "spa": 31, "spd": 31, "spe": 31}, "item": "Heavy-Duty Boots", "teraType": "Fighting", "role": "Setup Sweeper", "bvs": {"hp": 75, "atk": 70, "def": 70, "spa": 98, "spd": 70, "spe": 93}, "stats": {"hp": 272, "atk": 126, "def": 172, "spa": 220, "spd": 172, "spe": 212}, "types": ["Psychic", "Flying"]}, "Raging Bolt": {"name": "Raging Bolt", "species": "Raging Bolt", "speciesId": "ragingbolt", "gender": "N", "shiny": false, "level": 78, "moves": ["voltswitch", "dracometeor", "discharge", "thunderclap"], "ability": "Protosynthesis", "evs": {"hp": 85, "atk": 0, "def": 85, "spa": 85, "spd": 85, "spe": 85}, "ivs": {"hp": 31, "atk": 0, "def": 31, "spa": 31, "spd": 31, "spe": 31}, "item": "Assault Vest", "teraType": "Electric", "role": "AV Pivot", "bvs": {"hp": 125, "atk": 73, "def": 91, "spa": 137, "spd": 89, "spe": 75}, "stats": {"hp": 323, "atk": 118, "def": 187, "spa": 259, "spd": 184, "spe": 162}, "types": ["Electric", "Dragon"]}}, {"Swampert": {"name": "Swampert", "species": "Swampert", "speciesId": "swampert", "gender": "M", "shiny": false, "level": 83, "moves": ["stealthrock", "yawn", "icebeam", "earthquake"], "ability": "Damp", "evs": {"hp": 85, "atk": 85, "def": 85, "spa": 85, "spd": 85, "spe": 85}, "ivs": {"hp": 31, "atk": 31, "def": 31, "spa": 31, "spd": 31, "spe": 31}, "item": "Leftovers", "teraType": "Poison", "role": "Bulky Support", "bvs": {"hp": 100, "atk": 110, "def": 90, "spa": 85, "spd": 90, "spe": 60}, "stats": {"hp": 302, "atk": 230, "def": 197, "spa": 189, "spd": 197, "spe": 147}, "types": ["Water", "Ground"]}, "Rotom": {"name": "Rotom", "species": "Rotom", "speciesId": "rotom", "gender": "N", "shiny": false, "level": 88, "moves": ["shadowball", "trick", "thunderbolt", "voltswitch"], "ability": "Levitate", "evs": {"hp": 85, "atk": 0, "def": 85, "spa": 85, "spd": 85, "spe": 85}, "ivs": {"hp": 31, "atk": 0, "def": 31, "spa": 31, "spd": 31, "spe": 31}, "item": "Choice Scarf", "teraType": "Electric", "role": "Fast Attacker", "bvs": {"hp": 50, "atk": 50, "def": 77, "spa": 95, "spd": 77, "spe": 91}, "stats": {"hp": 231, "atk": 93, "def": 186, "spa": 217, "spd": 186, "spe": 210}, "types": ["Electric", "Ghost"]}, "Shaymin": {"name": "Shaymin", "species": "Shaymin", "speciesId": "shaymin", "gender": "N", "shiny": false, "level": 82, "moves": ["leechseed", "seedflare", "airslash", "substitute"], "ability": "Natural Cure", "evs": {"hp": 85, "atk": 0, "def": 85, "spa": 85, "spd": 85, "spe": 85}, "ivs": {"hp": 31, "atk": 0, "def": 31, "spa": 31, "spd": 31, "spe": 31}, "item": "Leftovers", "teraType": "Steel", "role": "Bulky Support", "bvs": {"hp": 100, "atk": 100, "def": 100, "spa": 100, "spd": 100, "spe": 100}, "stats": {"hp": 298, "atk": 169, "def": 211, "spa": 211, "spd": 211, "spe": 211}, "types": ["Grass"]}, "Farigiraf": {"name": "Farigiraf", "species": "Farigiraf", "speciesId": "farigiraf", "gender": "F", "shiny": false, "level": 90, "moves": ["wish", "psychicnoise", "protect", "bodyslam"], "ability": "Sap Sipper", "evs": {"hp": 85, "atk": 85, "def": 85, "spa": 85, "spd": 85, "spe": 85}, "ivs": {"hp": 31, "atk": 31, "def": 31, "spa": 31, "spd": 31, "spe": 31}, "item": "Leftovers", "teraType": "Ground", "role": "Bulky Support", "bvs": {"hp": 120, "atk": 90, "def": 70, "spa": 110, "spd": 70, "spe": 60}, "stats": {"hp": 362, "atk": 213, "def": 177, "spa": 249, "spd": 177, "spe": 159}, "types": ["Normal", "Psychic"]}, "Tyranitar": {"name": "Tyranitar", "species": "Tyranitar", "speciesId": "tyranitar", "gender": "F", "shiny": false, "level": 78, "moves": ["thunderwave", "dragontail", "knockoff", "stoneedge"], "ability": "Sand Stream", "evs": {"hp": 85, "atk": 85, "def": 85, "spa": 85, "spd": 85, "spe": 85}, "ivs": {"hp": 31, "atk": 31, "def": 31, "spa": 31, "spd": 31, "spe": 31}, "item": "Leftovers", "teraType": "Ghost", "role": "Bulky Support", "bvs": {"hp": 100, "atk": 134, "def": 110, "spa": 95, "spd": 100, "spe": 61}, "stats": {"hp": 284, "atk": 254, "def": 217, "spa": 193, "spd": 201, "spe": 140}, "types": ["Rock", "Dark"]}, "Archaludon": {"name": "Archaludon", "species": "Archaludon", "speciesId": "archaludon", "gender": "F", "shiny": false, "level": 78, "moves": ["ironhead", "earthquake", "swordsdance", "outrage"], "ability": "Stamina", "evs": {"hp": 85, "atk": 85, "def": 85, "spa": 85, "spd": 85, "spe": 85}, "ivs": {"hp": 31, "atk": 31, "def": 31, "spa": 31, "spd": 31, "spe": 31}, "item": "Lum Berry", "teraType": "Ground", "role": "Bulky Setup", "bvs": {"hp": 90, "atk": 105, "def": 130, "spa": 125, "spd": 65, "spe": 85}, "stats": {"hp": 268, "atk": 209, "def": 248, "spa": 240, "spd": 146, "spe": 178}, "types": ["Steel", "Dragon"]}}]}