{"id": "gen9randombattle-2641468073", "format": "[Gen 9] Random Battle", "players": ["XxGokhanxX", "Vespiking_Order"], "log": "|j|\u2606XxGokhanxX\n|j|\u2606Vespiking_Order\n|t:|1782789453\n|gametype|singles\n|player|p1|XxGokhanxX|lucas|1634\n|player|p2|Vespiking_Order|n|1662\n|gen|9\n|tier|[Gen 9] Random Battle\n|rated|\n|rule|Species Clause: Limit one of each Pok\u00e9mon\n|rule|HP Percentage Mod: HP is shown in percentages\n|rule|Sleep Clause Mod: Limit one foe put to sleep\n|rule|Illusion Level Mod: Illusion disguises the Pok\u00e9mon's true level\n|\n|t:|1782789453\n|teamsize|p1|6\n|teamsize|p2|6\n|start\n|switch|p1a: Kricketune|Kricketune, L99, M|311/311\n|switch|p2a: Honchkrow|Honchkrow, L86, M|312/312\n|turn|1\n|inactive|Battle timer is ON: inactive players will automatically lose when time's up. (requested by XxGokhanxX)\n|\n|t:|1782789476\n|-terastallize|p1a: Kricketune|Ghost\n|move|p1a: Kricketune|Pounce|p2a: Honchkrow\n|-damage|p2a: Honchkrow|174/312\n|-unboost|p2a: Honchkrow|spe|1\n|move|p2a: Honchkrow|Thunder Wave|p1a: Kricketune\n|-status|p1a: Kricketune|par\n|\n|upkeep\n|turn|2\n|\n|t:|1782789484\n|move|p2a: Honchkrow|Lash Out|p1a: Kricketune\n|-supereffective|p1a: Kricketune\n|-damage|p1a: Kricketune|57/311 par\n|move|p1a: Kricketune|Sticky Web|p2a: Honchkrow\n|-sidestart|p2: Vespiking_Order|move: Sticky Web\n|\n|upkeep\n|turn|3\n|\n|t:|1782789490\n|move|p2a: Honchkrow|Lash Out|p1a: Kricketune\n|-supereffective|p1a: Kricketune\n|-damage|p1a: Kricketune|0 fnt\n|faint|p1a: Kricketune\n|-ability|p2a: Honchkrow|Moxie|boost\n|-boost|p2a: Honchkrow|atk|1\n|\n|upkeep\n|\n|t:|1782789497\n|switch|p1a: Probopass|Probopass, L91, F|257/257\n|turn|4\n|\n|t:|1782789503\n|move|p1a: Probopass|Power Gem|p2a: Honchkrow\n|-supereffective|p2a: Honchkrow\n|-damage|p2a: Honchkrow|0 fnt\n|faint|p2a: Honchkrow\n|\n|upkeep\n|\n|t:|1782789509\n|switch|p2a: Gliscor|Gliscor, L76, F|239/239\n|turn|5\n|\n|t:|1782789515\n|switch|p1a: Whimsicott|Whimsicott, L84, F|238/238\n|move|p2a: Gliscor|Earthquake|p1a: Whimsicott\n|-resisted|p1a: Whimsicott\n|-damage|p1a: Whimsicott|190/238\n|\n|-heal|p1a: Whimsicott|204/238|[from] item: Leftovers\n|-status|p2a: Gliscor|tox|[from] item: Toxic Orb\n|upkeep\n|turn|6\n|\n|t:|1782789523\n|switch|p2a: Tauros|Tauros-Paldea-Blaze, L81, M|254/254\n|-activate|p2a: Tauros|move: Sticky Web\n|-unboost|p2a: Tauros|spe|1\n|-ability|p2a: Tauros|Intimidate|boost\n|-unboost|p1a: Whimsicott|atk|1\n|move|p1a: Whimsicott|Encore||[still]\n|-fail|p1a: Whimsicott\n|\n|-heal|p1a: Whimsicott|218/238|[from] item: Leftovers\n|upkeep\n|turn|7\n|\n|t:|1782789533\n|move|p1a: Whimsicott|Substitute|p1a: Whimsicott\n|-start|p1a: Whimsicott|Substitute\n|-damage|p1a: Whimsicott|159/238\n|move|p2a: Tauros|Flare Blitz|p1a: Whimsicott\n|-supereffective|p1a: Whimsicott\n|-end|p1a: Whimsicott|Substitute\n|-damage|p2a: Tauros|235/254|[from] Recoil|[of] p1a: Whimsicott\n|\n|-heal|p1a: Whimsicott|173/238|[from] item: Leftovers\n|upkeep\n|turn|8\n|\n|t:|1782789544\n|switch|p1a: Probopass|Probopass, L91, F|257/257\n|move|p2a: Tauros|Flare Blitz|p1a: Probopass\n|-damage|p1a: Probopass|137/257\n|-damage|p2a: Tauros|195/254|[from] Recoil\n|\n|-heal|p1a: Probopass|153/257|[from] item: Leftovers\n|upkeep\n|turn|9\n|\n|t:|1782789558\n|switch|p2a: Gliscor|Gliscor, L76, F|239/239 tox\n|move|p1a: Probopass|Power Gem|p2a: Gliscor\n|-damage|p2a: Gliscor|131/239 tox\n|\n|-heal|p1a: Probopass|169/257|[from] item: Leftovers\n|-heal|p2a: Gliscor|160/239 tox|[from] ability: Poison Heal\n|upkeep\n|turn|10\n|\n|t:|1782789586\n|move|p2a: Gliscor|Earthquake|p1a: Probopass\n|-supereffective|p1a: Probopass\n|-damage|p1a: Probopass|0 fnt\n|faint|p1a: Probopass\n|\n|-heal|p2a: Gliscor|189/239 tox|[from] ability: Poison Heal\n|upkeep\n|\n|t:|1782789604\n|switch|p1a: Drifblim|Drifblim, L86, M|396/396\n|turn|11\n|\n|t:|1782789619\n|move|p2a: Gliscor|Toxic|p1a: Drifblim|[miss]\n|-miss|p2a: Gliscor|p1a: Drifblim\n|move|p1a: Drifblim|Calm Mind|p1a: Drifblim\n|-boost|p1a: Drifblim|spa|1\n|-boost|p1a: Drifblim|spd|1\n|\n|-heal|p2a: Gliscor|218/239 tox|[from] ability: Poison Heal\n|upkeep\n|turn|12\n|\n|t:|1782789630\n|switch|p1a: Chansey|Chansey, L85, F|564/564\n|move|p2a: Gliscor|Toxic|p1a: Chansey|[miss]\n|-miss|p2a: Gliscor|p1a: Chansey\n|\n|-heal|p2a: Gliscor|239/239 tox|[from] ability: Poison Heal\n|upkeep\n|turn|13\n|\n|t:|1782789644\n|move|p2a: Gliscor|Substitute|p2a: Gliscor\n|-start|p2a: Gliscor|Substitute\n|-damage|p2a: Gliscor|180/239 tox\n|move|p1a: Chansey|Seismic Toss|p2a: Gliscor\n|-end|p2a: Gliscor|Substitute\n|\n|-heal|p2a: Gliscor|209/239 tox|[from] ability: Poison Heal\n|upkeep\n|turn|14\n|\n|t:|1782789653\n|move|p2a: Gliscor|Toxic|p1a: Chansey\n|-status|p1a: Chansey|tox\n|move|p1a: Chansey|Seismic Toss|p2a: Gliscor\n|-damage|p2a: Gliscor|124/239 tox\n|\n|-heal|p2a: Gliscor|153/239 tox|[from] ability: Poison Heal\n|-damage|p1a: Chansey|529/564 tox|[from] psn\n|upkeep\n|turn|15\n|\n|t:|1782789661\n|move|p2a: Gliscor|Protect|p2a: Gliscor\n|-singleturn|p2a: Gliscor|Protect\n|move|p1a: Chansey|Seismic Toss|p2a: Gliscor\n|-activate|p2a: Gliscor|move: Protect\n|\n|-heal|p2a: Gliscor|182/239 tox|[from] ability: Poison Heal\n|-damage|p1a: Chansey|459/564 tox|[from] psn\n|upkeep\n|turn|16\n|\n|t:|1782789669\n|-curestatus|p1a: Chansey|tox|[from] ability: Natural Cure|[silent]\n|switch|p1a: Drifblim|Drifblim, L86, M|396/396\n|move|p2a: Gliscor|Earthquake|p1a: Drifblim\n|-immune|p1a: Drifblim\n|\n|-heal|p2a: Gliscor|211/239 tox|[from] ability: Poison Heal\n|upkeep\n|turn|17\n|\n|t:|1782789678\n|move|p2a: Gliscor|Toxic|p1a: Drifblim\n|-status|p1a: Drifblim|tox\n|move|p1a: Drifblim|Strength Sap|p2a: Gliscor\n|-unboost|p2a: Gliscor|atk|1\n|\n|-heal|p2a: Gliscor|239/239 tox|[from] ability: Poison Heal\n|-damage|p1a: Drifblim|372/396 tox|[from] psn\n|upkeep\n|turn|18\n|\n|t:|1782789686\n|switch|p1a: Chansey|Chansey, L85, F|459/564\n|move|p2a: Gliscor|Substitute|p2a: Gliscor\n|-start|p2a: Gliscor|Substitute\n|-damage|p2a: Gliscor|180/239 tox\n|\n|-heal|p2a: Gliscor|209/239 tox|[from] ability: Poison Heal\n|upkeep\n|turn|19\n|\n|t:|1782789695\n|move|p2a: Gliscor|Earthquake|p1a: Chansey\n|-damage|p1a: Chansey|324/564\n|move|p1a: Chansey|Seismic Toss|p2a: Gliscor\n|-end|p2a: Gliscor|Substitute\n|\n|-heal|p2a: Gliscor|238/239 tox|[from] ability: Poison Heal\n|upkeep\n|turn|20\n|\n|t:|1782789703\n|switch|p2a: Tauros|Tauros-Paldea-Blaze, L81, M|195/254\n|-activate|p2a: Tauros|move: Sticky Web\n|-unboost|p2a: Tauros|spe|1\n|-ability|p2a: Tauros|Intimidate|boost\n|-unboost|p1a: Chansey|atk|1\n|move|p1a: Chansey|Soft-Boiled|p1a: Chansey\n|-heal|p1a: Chansey|564/564\n|\n|upkeep\n|turn|21\n|\n|t:|1782789716\n|move|p2a: Tauros|Flare Blitz|p1a: Chansey\n|-damage|p1a: Chansey|111/564\n|-damage|p2a: Tauros|46/254|[from] Recoil\n|move|p1a: Chansey|Thunder Wave|p2a: Tauros\n|-status|p2a: Tauros|par\n|\n|upkeep\n|turn|22\n|\n|t:|1782789723\n|move|p1a: Chansey|Seismic Toss|p2a: Tauros\n|-damage|p2a: Tauros|0 fnt\n|faint|p2a: Tauros\n|\n|upkeep\n|\n|t:|1782789729\n|switch|p2a: Latias|Latias, L79, F|256/256\n|turn|23\n|\n|t:|1782789734\n|switch|p1a: Whimsicott|Whimsicott, L84, F|173/238\n|move|p2a: Latias|Psyshock|p1a: Whimsicott\n|-damage|p1a: Whimsicott|71/238\n|\n|-heal|p1a: Whimsicott|85/238|[from] item: Leftovers\n|upkeep\n|turn|24\n|\n|t:|1782789743\n|switch|p2a: Avalugg|Avalugg-Hisui, L90, F|317/317\n|move|p1a: Whimsicott|Leech Seed|p2a: Avalugg\n|-start|p2a: Avalugg|move: Leech Seed\n|\n|-heal|p1a: Whimsicott|99/238|[from] item: Leftovers\n|-damage|p2a: Avalugg|278/317|[from] Leech Seed|[of] p1a: Whimsicott\n|-heal|p1a: Whimsicott|138/238|[silent]\n|upkeep\n|turn|25\n|\n|t:|1782789753\n|switch|p1a: Drifblim|Drifblim, L86, M|372/396 tox\n|move|p2a: Avalugg|Avalanche|p1a: Drifblim\n|-supereffective|p1a: Drifblim\n|-damage|p1a: Drifblim|72/396 tox\n|-enditem|p1a: Drifblim|Sitrus Berry|[eat]\n|-heal|p1a: Drifblim|171/396 tox|[from] item: Sitrus Berry\n|\n|-damage|p2a: Avalugg|239/317|[from] Leech Seed|[of] p1a: Drifblim\n|-heal|p1a: Drifblim|210/396 tox|[silent]\n|-damage|p1a: Drifblim|186/396 tox|[from] psn\n|upkeep\n|turn|26\n|\n|t:|1782789764\n|move|p1a: Drifblim|Strength Sap|p2a: Avalugg\n|-unboost|p2a: Avalugg|atk|1\n|-heal|p1a: Drifblim|396/396 tox\n|move|p2a: Avalugg|Stone Edge|p1a: Drifblim\n|-supereffective|p1a: Drifblim\n|-damage|p1a: Drifblim|84/396 tox\n|\n|-damage|p2a: Avalugg|200/317|[from] Leech Seed|[of] p1a: Drifblim\n|-heal|p1a: Drifblim|123/396 tox|[silent]\n|-damage|p1a: Drifblim|75/396 tox|[from] psn\n|upkeep\n|turn|27\n|\n|t:|1782789775\n|switch|p2a: Bruxish|Bruxish, L85, M|254/254\n|-activate|p2a: Bruxish|move: Sticky Web\n|-unboost|p2a: Bruxish|spe|1\n|move|p1a: Drifblim|Strength Sap|p2a: Bruxish\n|-unboost|p2a: Bruxish|atk|1\n|-heal|p1a: Drifblim|302/396 tox\n|\n|-damage|p1a: Drifblim|230/396 tox|[from] psn\n|upkeep\n|turn|28\n|\n|t:|1782789785\n|switch|p2a: Avalugg|Avalugg-Hisui, L90, F|200/317\n|move|p1a: Drifblim|Shadow Ball|p2a: Avalugg\n|-damage|p2a: Avalugg|62/317\n|\n|-damage|p1a: Drifblim|134/396 tox|[from] psn\n|upkeep\n|turn|29\n|\n|t:|1782789796\n|move|p1a: Drifblim|Strength Sap|p2a: Avalugg\n|-unboost|p2a: Avalugg|atk|1\n|-heal|p1a: Drifblim|396/396 tox\n|move|p2a: Avalugg|Recover|p2a: Avalugg\n|-heal|p2a: Avalugg|221/317\n|\n|-damage|p1a: Drifblim|276/396 tox|[from] psn\n|upkeep\n|turn|30\n|\n|t:|1782789806\n|switch|p1a: Ogerpon|Ogerpon-Hearthflame, L74, F|239/239\n|-ability|p1a: Ogerpon|Mold Breaker\n|move|p2a: Avalugg|Recover|p2a: Avalugg\n|-heal|p2a: Avalugg|317/317\n|\n|upkeep\n|turn|31\n|\n|t:|1782789818\n|move|p1a: Ogerpon|Swords Dance|p1a: Ogerpon\n|-boost|p1a: Ogerpon|atk|2\n|move|p2a: Avalugg|Stone Edge|p1a: Ogerpon\n|-supereffective|p1a: Ogerpon\n|-damage|p1a: Ogerpon|11/239\n|\n|upkeep\n|turn|32\n|\n|t:|1782789825\n|move|p1a: Ogerpon|Power Whip|p2a: Avalugg|[miss]\n|-miss|p1a: Ogerpon|p2a: Avalugg\n|move|p2a: Avalugg|Body Press|p1a: Ogerpon\n|-damage|p1a: Ogerpon|0 fnt\n|faint|p1a: Ogerpon\n|\n|upkeep\n|\n|t:|1782789832\n|switch|p1a: Chansey|Chansey, L85, F|111/564\n|turn|33\n|\n|t:|1782789839\n|move|p1a: Chansey|Heal Bell|p1a: Chansey\n|-activate|p1a: Chansey|move: Heal Bell\n|-curestatus|p1: Drifblim|tox|[msg]\n|move|p2a: Avalugg|Avalanche|p1a: Chansey\n|-damage|p1a: Chansey|0 fnt\n|faint|p1a: Chansey\n|\n|upkeep\n|\n|t:|1782789846\n|switch|p1a: Drifblim|Drifblim, L86, M|276/396\n|turn|34\n|\n|t:|1782789853\n|move|p1a: Drifblim|Strength Sap|p2a: Avalugg\n|-unboost|p2a: Avalugg|atk|1\n|-heal|p1a: Drifblim|396/396\n|move|p2a: Avalugg|Avalanche|p1a: Drifblim\n|-supereffective|p1a: Drifblim\n|-damage|p1a: Drifblim|262/396\n|\n|upkeep\n|turn|35\n|\n|t:|1782789877\n|switch|p2a: Gliscor|Gliscor, L76, F|238/239 tox\n|move|p1a: Drifblim|Calm Mind|p1a: Drifblim\n|-boost|p1a: Drifblim|spa|1\n|-boost|p1a: Drifblim|spd|1\n|\n|-heal|p2a: Gliscor|239/239 tox|[from] ability: Poison Heal\n|upkeep\n|turn|36\n|\n|t:|1782789888\n|move|p2a: Gliscor|Toxic|p1a: Drifblim\n|-status|p1a: Drifblim|tox\n|move|p1a: Drifblim|Shadow Ball|p2a: Gliscor\n|-damage|p2a: Gliscor|95/239 tox\n|\n|-heal|p2a: Gliscor|124/239 tox|[from] ability: Poison Heal\n|-damage|p1a: Drifblim|238/396 tox|[from] psn\n|upkeep\n|turn|37\n|\n|t:|1782789898\n|switch|p1a: Whimsicott|Whimsicott, L84, F|138/238\n|move|p2a: Gliscor|Protect||[still]\n|-fail|p2a: Gliscor\n|\n|-heal|p1a: Whimsicott|152/238|[from] item: Leftovers\n|-heal|p2a: Gliscor|153/239 tox|[from] ability: Poison Heal\n|upkeep\n|turn|38\n|\n|t:|1782789907\n|switch|p2a: Avalugg|Avalugg-Hisui, L90, F|317/317\n|move|p1a: Whimsicott|Substitute|p1a: Whimsicott\n|-start|p1a: Whimsicott|Substitute\n|-damage|p1a: Whimsicott|93/238\n|\n|-heal|p1a: Whimsicott|107/238|[from] item: Leftovers\n|upkeep\n|turn|39\n|\n|t:|1782789920\n|move|p1a: Whimsicott|Leech Seed|p2a: Avalugg\n|-start|p2a: Avalugg|move: Leech Seed\n|move|p2a: Avalugg|Avalanche|p1a: Whimsicott\n|-supereffective|p1a: Whimsicott\n|-end|p1a: Whimsicott|Substitute\n|\n|-heal|p1a: Whimsicott|121/238|[from] item: Leftovers\n|-damage|p2a: Avalugg|278/317|[from] Leech Seed|[of] p1a: Whimsicott\n|-heal|p1a: Whimsicott|160/238|[silent]\n|upkeep\n|turn|40\n|\n|t:|1782789930\n|move|p1a: Whimsicott|Substitute|p1a: Whimsicott\n|-start|p1a: Whimsicott|Substitute\n|-damage|p1a: Whimsicott|101/238\n|move|p2a: Avalugg|Avalanche|p1a: Whimsicott\n|-supereffective|p1a: Whimsicott\n|-end|p1a: Whimsicott|Substitute\n|\n|-heal|p1a: Whimsicott|115/238|[from] item: Leftovers\n|-damage|p2a: Avalugg|239/317|[from] Leech Seed|[of] p1a: Whimsicott\n|-heal|p1a: Whimsicott|154/238|[silent]\n|upkeep\n|turn|41\n|\n|t:|1782789947\n|move|p1a: Whimsicott|Substitute|p1a: Whimsicott\n|-start|p1a: Whimsicott|Substitute\n|-damage|p1a: Whimsicott|95/238\n|move|p2a: Avalugg|Avalanche|p1a: Whimsicott\n|-supereffective|p1a: Whimsicott\n|-end|p1a: Whimsicott|Substitute\n|\n|-heal|p1a: Whimsicott|109/238|[from] item: Leftovers\n|-damage|p2a: Avalugg|200/317|[from] Leech Seed|[of] p1a: Whimsicott\n|-heal|p1a: Whimsicott|148/238|[silent]\n|upkeep\n|turn|42\n|\n|t:|1782789956\n|move|p1a: Whimsicott|Substitute|p1a: Whimsicott\n|-start|p1a: Whimsicott|Substitute\n|-damage|p1a: Whimsicott|89/238\n|move|p2a: Avalugg|Avalanche|p1a: Whimsicott\n|-supereffective|p1a: Whimsicott\n|-end|p1a: Whimsicott|Substitute\n|\n|-heal|p1a: Whimsicott|103/238|[from] item: Leftovers\n|-damage|p2a: Avalugg|161/317|[from] Leech Seed|[of] p1a: Whimsicott\n|-heal|p1a: Whimsicott|142/238|[silent]\n|upkeep\n|turn|43\n|\n|t:|1782789966\n|move|p1a: Whimsicott|Substitute|p1a: Whimsicott\n|-start|p1a: Whimsicott|Substitute\n|-damage|p1a: Whimsicott|83/238\n|move|p2a: Avalugg|Recover|p2a: Avalugg\n|-heal|p2a: Avalugg|317/317\n|\n|-heal|p1a: Whimsicott|97/238|[from] item: Leftovers\n|-damage|p2a: Avalugg|278/317|[from] Leech Seed|[of] p1a: Whimsicott\n|-heal|p1a: Whimsicott|136/238|[silent]\n|upkeep\n|turn|44\n|\n|t:|1782789976\n|move|p1a: Whimsicott|Encore|p2a: Avalugg\n|-start|p2a: Avalugg|Encore\n|move|p2a: Avalugg|Recover|p2a: Avalugg\n|-heal|p2a: Avalugg|317/317\n|\n|-heal|p1a: Whimsicott|150/238|[from] item: Leftovers\n|-damage|p2a: Avalugg|278/317|[from] Leech Seed|[of] p1a: Whimsicott\n|-heal|p1a: Whimsicott|189/238|[silent]\n|upkeep\n|turn|45\n|\n|t:|1782789984\n|switch|p2a: Bruxish|Bruxish, L85, M|254/254\n|-activate|p2a: Bruxish|move: Sticky Web\n|-unboost|p2a: Bruxish|spe|1\n|move|p1a: Whimsicott|Moonblast|p2a: Bruxish\n|-damage|p2a: Bruxish|160/254\n|\n|-heal|p1a: Whimsicott|203/238|[from] item: Leftovers\n|upkeep\n|turn|46\n|\n|t:|1782789993\n|move|p1a: Whimsicott|Moonblast|p2a: Bruxish\n|-damage|p2a: Bruxish|63/254\n|-unboost|p2a: Bruxish|spa|1\n|move|p2a: Bruxish|Psychic Fangs|p1a: Whimsicott\n|-end|p1a: Whimsicott|Substitute\n|-damage|p2a: Bruxish|38/254|[from] item: Life Orb\n|\n|-heal|p1a: Whimsicott|217/238|[from] item: Leftovers\n|upkeep\n|turn|47\n|\n|t:|1782790004\n|move|p1a: Whimsicott|Substitute|p1a: Whimsicott\n|-start|p1a: Whimsicott|Substitute\n|-damage|p1a: Whimsicott|158/238\n|move|p2a: Bruxish|Psychic Fangs|p1a: Whimsicott\n|-end|p1a: Whimsicott|Substitute\n|-damage|p2a: Bruxish|13/254|[from] item: Life Orb\n|\n|-heal|p1a: Whimsicott|172/238|[from] item: Leftovers\n|upkeep\n|turn|48\n|\n|t:|1782790017\n|move|p1a: Whimsicott|Moonblast|p2a: Bruxish\n|-damage|p2a: Bruxish|0 fnt\n|faint|p2a: Bruxish\n|\n|-heal|p1a: Whimsicott|186/238|[from] item: Leftovers\n|upkeep\n|\n|t:|1782790020\n|switch|p2a: Avalugg|Avalugg-Hisui, L90, F|278/317\n|turn|49\n|\n|t:|1782790026\n|move|p1a: Whimsicott|Substitute|p1a: Whimsicott\n|-start|p1a: Whimsicott|Substitute\n|-damage|p1a: Whimsicott|127/238\n|move|p2a: Avalugg|Avalanche|p1a: Whimsicott\n|-supereffective|p1a: Whimsicott\n|-end|p1a: Whimsicott|Substitute\n|\n|-heal|p1a: Whimsicott|141/238|[from] item: Leftovers\n|upkeep\n|turn|50\n|\n|t:|1782790041\n|switch|p1a: Drifblim|Drifblim, L86, M|238/396 tox\n|move|p2a: Avalugg|Avalanche|p1a: Drifblim\n|-supereffective|p1a: Drifblim\n|-damage|p1a: Drifblim|0 fnt\n|faint|p1a: Drifblim\n|\n|upkeep\n|\n|t:|1782790047\n|switch|p1a: Whimsicott|Whimsicott, L84, F|141/238\n|turn|51\n|\n|t:|1782790050\n|move|p1a: Whimsicott|Leech Seed|p2a: Avalugg\n|-start|p2a: Avalugg|move: Leech Seed\n|move|p2a: Avalugg|Avalanche|p1a: Whimsicott\n|-supereffective|p1a: Whimsicott\n|-damage|p1a: Whimsicott|0 fnt\n|faint|p1a: Whimsicott\n|\n|win|Vespiking_Order\n|raw|XxGokhanxX's rating: 1634 &rarr; <strong>1614</strong><br />(-20 for losing)\n|raw|Vespiking_Order's rating: 1639 &rarr; <strong>1659</strong><br />(+20 for winning)\n|l|\u2606XxGokhanxX\n|player|p1|\n", "inputlog": ">version f8ac14003a5f27e1bdc8d8c59608a773c1cb96e5\n>start {\"formatid\":\"gen9randombattle\",\"seed\":\"sodium,5b1db990b0a84d500012f22b7e80eebe\",\"rated\":\"Rated battle\"}\n>player p1 {\"name\":\"XxGokhanxX\",\"avatar\":\"lucas\",\"rating\":1634,\"seed\":\"sodium,64ee40ab33ee8e84d8fdfcbae6dcf78f\"}\n>player p2 {\"name\":\"Vespiking_Order\",\"avatar\":\"n\",\"rating\":1662,\"seed\":\"sodium,8e0e29ef6e86e4765dc2b4d12a8177a5\"}\n>p1 move pounce terastallize\n>p2 move thunderwave\n>p1 move stickyweb\n>p2 move lashout\n>p1 move pounce\n>p2 move lashout\n>p1 switch 4\n>p1 move powergem\n>p2 move lashout\n>p2 switch 5\n>p1 switch 3\n>p2 move earthquake\n>p1 move encore\n>p2 switch 4\n>p1 move substitute\n>p2 move flareblitz\n>p1 switch 3\n>p2 move flareblitz\n>p1 move powergem\n>p2 switch 4\n>p1 move irondefense\n>p2 move earthquake\n>p1 switch 6\n>p1 move calmmind\n>p2 move toxic\n>p1 switch 2\n>p2 move toxic\n>p1 move seismictoss\n>p2 move substitute\n>p1 move seismictoss\n>p2 move toxic\n>p1 move seismictoss\n>p2 move protect\n>p1 switch 2\n>p2 move earthquake\n>p1 move strengthsap\n>p2 move toxic\n>p1 switch 2\n>p2 move substitute\n>p1 move seismictoss\n>p2 move earthquake\n>p1 move softboiled\n>p2 switch 4\n>p1 move thunderwave\n>p2 move flareblitz\n>p1 move seismictoss\n>p2 move flareblitz\n>p2 switch 2\n>p1 switch 3\n>p2 move psyshock\n>p1 move leechseed\n>p2 switch 3\n>p1 switch 2\n>p2 move avalanche\n>p1 move strengthsap\n>p2 move stoneedge\n>p1 move strengthsap\n>p2 switch 6\n>p1 move shadowball\n>p2 switch 6\n>p1 move strengthsap\n>p2 move recover\n>p1 switch 5\n>p2 move recover\n>p1 move swordsdance\n>p2 move stoneedge\n>p1 move powerwhip\n>p2 move bodypress\n>p1 switch 3\n>p1 move healbell\n>p2 move avalanche\n>p1 switch 5\n>p1 move strengthsap\n>p2 move avalanche\n>p1 move calmmind\n>p2 switch 4\n>p1 move shadowball\n>p2 move toxic\n>p1 switch 2\n>p2 move protect\n>p1 move substitute\n>p2 switch 4\n>p1 move leechseed\n>p2 move avalanche\n>p1 move substitute\n>p2 move avalanche\n>p1 move substitute\n>p2 move avalanche\n>p1 move substitute\n>p2 move avalanche\n>p1 move substitute\n>p2 move recover\n>p1 move encore\n>p2 move avalanche\n>p1 move moonblast\n>p2 switch 6\n>p1 move moonblast\n>p2 move psychicfangs\n>p1 move substitute\n>p2 move psychicfangs\n>p1 move moonblast\n>p2 move psychicfangs\n>p2 switch 6\n>p1 move substitute\n>p2 move avalanche\n>p1 switch 2\n>p2 move avalanche\n>p1 switch 2\n>p1 move leechseed\n>p2 move avalanche", "uploadtime": 1782790053, "views": 4, "formatid": "gen9randombattle", "rating": 1614, "private": 0, "password": null, "player_dets": [{"name": "XxGokhanxX", "avatar": "lucas", "rating": 1634, "seed": "sodium,64ee40ab33ee8e84d8fdfcbae6dcf78f"}, {"name": "Vespiking_Order", "avatar": "n", "rating": 1662, "seed": "sodium,8e0e29ef6e86e4765dc2b4d12a8177a5"}], "teams_full": [{"Kricketune": {"name": "Kricketune", "species": "Kricketune", "speciesId": "kricketune", "gender": "M", "shiny": false, "level": 99, "moves": ["knockoff", "pounce", "taunt", "stickyweb"], "ability": "Technician", "evs": {"hp": 81, "atk": 85, "def": 85, "spa": 85, "spd": 85, "spe": 85}, "ivs": {"hp": 31, "atk": 31, "def": 31, "spa": 31, "spd": 31, "spe": 31}, "item": "Focus Sash", "teraType": "Ghost", "role": "Fast Support", "bvs": {"hp": 77, "atk": 85, "def": 51, "spa": 55, "spd": 51, "spe": 65}, "stats": {"hp": 311, "atk": 224, "def": 157, "spa": 165, "spd": 157, "spe": 185}, "types": ["Bug"]}, "Chansey": {"name": "Chansey", "species": "Chansey", "speciesId": "chansey", "gender": "F", "shiny": false, "level": 85, "moves": ["seismictoss", "healbell", "thunderwave", "softboiled"], "ability": "Natural Cure", "evs": {"hp": 85, "atk": 0, "def": 85, "spa": 85, "spd": 85, "spe": 85}, "ivs": {"hp": 31, "atk": 0, "def": 31, "spa": 31, "spd": 31, "spe": 31}, "item": "Eviolite", "teraType": "Dark", "role": "Bulky Support", "bvs": {"hp": 250, "atk": 5, "def": 5, "spa": 35, "spd": 105, "spe": 50}, "stats": {"hp": 564, "atk": 13, "def": 57, "spa": 108, "spd": 227, "spe": 134}, "types": ["Normal"]}, "Whimsicott": {"name": "Whimsicott", "species": "Whimsicott", "speciesId": "whimsicott", "gender": "F", "shiny": false, "level": 84, "moves": ["moonblast", "leechseed", "substitute", "encore"], "ability": "Prankster", "evs": {"hp": 85, "atk": 0, "def": 85, "spa": 85, "spd": 85, "spe": 85}, "ivs": {"hp": 31, "atk": 0, "def": 31, "spa": 31, "spd": 31, "spe": 31}, "item": "Leftovers", "teraType": "Steel", "role": "Bulky Support", "bvs": {"hp": 60, "atk": 67, "def": 85, "spa": 77, "spd": 75, "spe": 116}, "stats": {"hp": 238, "atk": 117, "def": 191, "spa": 178, "spd": 174, "spe": 243}, "types": ["Grass", "Fairy"]}, "Probopass": {"name": "Probopass", "species": "Probopass", "speciesId": "probopass", "gender": "F", "shiny": false, "level": 91, "moves": ["flashcannon", "irondefense", "powergem", "bodypress"], "ability": "Magnet Pull", "evs": {"hp": 85, "atk": 0, "def": 85, "spa": 85, "spd": 85, "spe": 85}, "ivs": {"hp": 31, "atk": 0, "def": 31, "spa": 31, "spd": 31, "spe": 31}, "item": "Leftovers", "teraType": "Fighting", "role": "Bulky Setup", "bvs": {"hp": 60, "atk": 55, "def": 145, "spa": 75, "spd": 150, "spe": 40}, "stats": {"hp": 257, "atk": 105, "def": 316, "spa": 188, "spd": 325, "spe": 125}, "types": ["Rock", "Steel"]}, "Ogerpon": {"name": "Ogerpon", "species": "Ogerpon-Hearthflame", "speciesId": "ogerponhearthflame", "gender": "F", "shiny": false, "level": 74, "moves": ["swordsdance", "powerwhip", "trailblaze", "ivycudgel"], "ability": "Mold Breaker", "evs": {"hp": 77, "atk": 85, "def": 85, "spa": 85, "spd": 85, "spe": 85}, "ivs": {"hp": 31, "atk": 31, "def": 31, "spa": 31, "spd": 31, "spe": 31}, "item": "Hearthflame Mask", "teraType": "Fire", "role": "Setup Sweeper", "bvs": {"hp": 80, "atk": 120, "def": 84, "spa": 60, "spd": 96, "spe": 110}, "stats": {"hp": 239, "atk": 221, "def": 167, "spa": 132, "spd": 185, "spe": 206}, "types": ["Grass", "Fire"]}, "Drifblim": {"name": "Drifblim", "species": "Drifblim", "speciesId": "drifblim", "gender": "M", "shiny": false, "level": 86, "moves": ["strengthsap", "airslash", "shadowball", "calmmind"], "ability": "Unburden", "evs": {"hp": 73, "atk": 0, "def": 85, "spa": 85, "spd": 85, "spe": 85}, "ivs": {"hp": 31, "atk": 0, "def": 31, "spa": 31, "spd": 31, "spe": 31}, "item": "Sitrus Berry", "teraType": "Dark", "role": "Bulky Attacker", "bvs": {"hp": 150, "atk": 80, "def": 44, "spa": 90, "spd": 54, "spe": 80}, "stats": {"hp": 396, "atk": 142, "def": 125, "spa": 204, "spd": 142, "spe": 187}, "types": ["Ghost", "Flying"]}}, {"Honchkrow": {"name": "Honchkrow", "species": "Honchkrow", "speciesId": "honchkrow", "gender": "M", "shiny": false, "level": 86, "moves": ["suckerpunch", "thunderwave", "lashout", "bravebird"], "ability": "Moxie", "evs": {"hp": 85, "atk": 85, "def": 85, "spa": 85, "spd": 85, "spe": 85}, "ivs": {"hp": 31, "atk": 31, "def": 31, "spa": 31, "spd": 31, "spe": 31}, "item": "Heavy-Duty Boots", "teraType": "Dark", "role": "Wallbreaker", "bvs": {"hp": 100, "atk": 125, "def": 52, "spa": 105, "spd": 52, "spe": 71}, "stats": {"hp": 312, "atk": 264, "def": 139, "spa": 230, "spd": 139, "spe": 171}, "types": ["Dark", "Flying"]}, "Latias": {"name": "Latias", "species": "Latias", "speciesId": "latias", "gender": "F", "shiny": false, "level": 79, "moves": ["dracometeor", "calmmind", "psyshock", "recover"], "ability": "Levitate", "evs": {"hp": 85, "atk": 0, "def": 85, "spa": 85, "spd": 85, "spe": 85}, "ivs": {"hp": 31, "atk": 0, "def": 31, "spa": 31, "spd": 31, "spe": 31}, "item": "Soul Dew", "teraType": "Steel", "role": "Fast Bulky Setup", "bvs": {"hp": 80, "atk": 80, "def": 90, "spa": 110, "spd": 130, "spe": 110}, "stats": {"hp": 256, "atk": 131, "def": 188, "spa": 219, "spd": 251, "spe": 219}, "types": ["Dragon", "Psychic"]}, "Avalugg": {"name": "Avalugg", "species": "Avalugg-Hisui", "speciesId": "avalugghisui", "gender": "F", "shiny": false, "level": 90, "moves": ["bodypress", "avalanche", "recover", "stoneedge"], "ability": "Sturdy", "evs": {"hp": 85, "atk": 85, "def": 85, "spa": 85, "spd": 85, "spe": 85}, "ivs": {"hp": 31, "atk": 31, "def": 31, "spa": 31, "spd": 31, "spe": 31}, "item": "Heavy-Duty Boots", "teraType": "Flying", "role": "Bulky Attacker", "bvs": {"hp": 95, "atk": 127, "def": 184, "spa": 34, "spd": 36, "spe": 38}, "stats": {"hp": 317, "atk": 280, "def": 383, "spa": 113, "spd": 116, "spe": 120}, "types": ["Ice", "Rock"]}, "Tauros": {"name": "Tauros", "species": "Tauros-Paldea-Blaze", "speciesId": "taurospaldeablaze", "gender": "M", "shiny": false, "level": 81, "moves": ["stoneedge", "flareblitz", "closecombat", "wildcharge"], "ability": "Intimidate", "evs": {"hp": 85, "atk": 85, "def": 85, "spa": 85, "spd": 85, "spe": 85}, "ivs": {"hp": 31, "atk": 31, "def": 31, "spa": 31, "spd": 31, "spe": 31}, "item": "Choice Band", "teraType": "Fighting", "role": "Wallbreaker", "bvs": {"hp": 75, "atk": 110, "def": 105, "spa": 30, "spd": 70, "spe": 100}, "stats": {"hp": 254, "atk": 225, "def": 217, "spa": 95, "spd": 160, "spe": 209}, "types": ["Fighting", "Fire"]}, "Gliscor": {"name": "Gliscor", "species": "Gliscor", "speciesId": "gliscor", "gender": "F", "shiny": false, "level": 76, "moves": ["substitute", "toxic", "earthquake", "protect"], "ability": "Poison Heal", "evs": {"hp": 85, "atk": 85, "def": 85, "spa": 85, "spd": 85, "spe": 85}, "ivs": {"hp": 31, "atk": 31, "def": 31, "spa": 31, "spd": 31, "spe": 31}, "item": "Toxic Orb", "teraType": "Water", "role": "Fast Support", "bvs": {"hp": 75, "atk": 95, "def": 125, "spa": 45, "spd": 75, "spe": 95}, "stats": {"hp": 239, "atk": 188, "def": 234, "spa": 112, "spd": 158, "spe": 188}, "types": ["Ground", "Flying"]}, "Bruxish": {"name": "Bruxish", "species": "Bruxish", "speciesId": "bruxish", "gender": "M", "shiny": false, "level": 85, "moves": ["swordsdance", "wavecrash", "psychicfangs", "crunch"], "ability": "Strong Jaw", "evs": {"hp": 85, "atk": 85, "def": 85, "spa": 85, "spd": 85, "spe": 85}, "ivs": {"hp": 31, "atk": 31, "def": 31, "spa": 31, "spd": 31, "spe": 31}, "item": "Life Orb", "teraType": "Dark", "role": "Fast Attacker", "bvs": {"hp": 68, "atk": 105, "def": 70, "spa": 70, "spd": 70, "spe": 92}, "stats": {"hp": 254, "atk": 227, "def": 168, "spa": 168, "spd": 168, "spe": 205}, "types": ["Water", "Psychic"]}}]}