{"id": "gen9randombattle-2641419233", "format": "[Gen 9] Random Battle", "players": ["johngalt149", "kupchun"], "log": "|j|\u2606johngalt149\n|j|\u2606kupchun\n|t:|1782781947\n|gametype|singles\n|player|p1|johngalt149|fisherman-gen4|2005\n|player|p2|kupchun|265|2015\n|gen|9\n|tier|[Gen 9] Random Battle\n|rated|\n|rule|Species Clause: Limit one of each Pok\u00e9mon\n|rule|HP Percentage Mod: HP is shown in percentages\n|rule|Sleep Clause Mod: Limit one foe put to sleep\n|rule|Illusion Level Mod: Illusion disguises the Pok\u00e9mon's true level\n|\n|t:|1782781947\n|teamsize|p1|6\n|teamsize|p2|6\n|start\n|switch|p1a: Tornadus|Tornadus-Therian, L79, M|254/254\n|switch|p2a: Poliwrath|Poliwrath, L88, F|302/302\n|turn|1\n|\n|t:|1782781963\n|switch|p2a: Luxray|Luxray, L88, F|284/284\n|-ability|p2a: Luxray|Intimidate|boost\n|-unboost|p1a: Tornadus|atk|1\n|move|p1a: Tornadus|Bleakwind Storm|p2a: Luxray\n|-resisted|p2a: Luxray\n|-damage|p2a: Luxray|251/284\n|-unboost|p2a: Luxray|spe|1\n|\n|upkeep\n|turn|2\n|\n|t:|1782781978\n|move|p1a: Tornadus|U-turn|p2a: Luxray\n|-damage|p2a: Luxray|221/284\n|\n|t:|1782781981\n|switch|p1a: Quagsire|Quagsire, L84, F|297/297|[from] U-turn\n|move|p2a: Luxray|Volt Switch|p1a: Quagsire\n|-immune|p1a: Quagsire\n|\n|upkeep\n|turn|3\n|\n|t:|1782781985\n|switch|p2a: Poliwrath|Poliwrath, L88, F|302/302\n|move|p1a: Quagsire|Toxic|p2a: Poliwrath\n|-status|p2a: Poliwrath|tox\n|\n|-damage|p2a: Poliwrath|284/302 tox|[from] psn\n|upkeep\n|turn|4\n|\n|t:|1782781992\n|move|p2a: Poliwrath|Knock Off|p1a: Quagsire\n|-damage|p1a: Quagsire|218/297\n|-enditem|p1a: Quagsire|Leftovers|[from] move: Knock Off|[of] p2a: Poliwrath\n|move|p1a: Quagsire|Spikes|p2a: Poliwrath\n|-sidestart|p2: kupchun|Spikes\n|\n|-damage|p2a: Poliwrath|248/302 tox|[from] psn\n|upkeep\n|turn|5\n|\n|t:|1782782012\n|move|p1a: Quagsire|Recover|p1a: Quagsire\n|-heal|p1a: Quagsire|297/297\n|move|p2a: Poliwrath|Circle Throw|p1a: Quagsire\n|-damage|p1a: Quagsire|227/297\n|drag|p1a: Empoleon|Empoleon, L84, F|278/278\n|\n|-damage|p2a: Poliwrath|194/302 tox|[from] psn\n|upkeep\n|turn|6\n|\n|t:|1782782020\n|switch|p1a: Tornadus|Tornadus-Therian, L79, M|254/254\n|move|p2a: Poliwrath|Circle Throw|p1a: Tornadus\n|-resisted|p1a: Tornadus\n|-crit|p1a: Tornadus\n|-damage|p1a: Tornadus|197/254\n|drag|p1a: Quagsire|Quagsire, L84, F|227/297\n|\n|-damage|p2a: Poliwrath|122/302 tox|[from] psn\n|upkeep\n|turn|7\n|\n|t:|1782782026\n|move|p1a: Quagsire|Spikes|p2a: Poliwrath\n|-sidestart|p2: kupchun|Spikes\n|move|p2a: Poliwrath|Circle Throw|p1a: Quagsire\n|-damage|p1a: Quagsire|158/297\n|drag|p1a: Empoleon|Empoleon, L84, F|278/278\n|\n|-damage|p2a: Poliwrath|32/302 tox|[from] psn\n|upkeep\n|turn|8\n|\n|t:|1782782032\n|switch|p1a: Tornadus|Tornadus-Therian, L79, M|254/254\n|move|p2a: Poliwrath|Close Combat|p1a: Tornadus\n|-resisted|p1a: Tornadus\n|-damage|p1a: Tornadus|182/254\n|-unboost|p2a: Poliwrath|def|1\n|-unboost|p2a: Poliwrath|spd|1\n|\n|-damage|p2a: Poliwrath|0 fnt|[from] psn\n|faint|p2a: Poliwrath\n|upkeep\n|\n|t:|1782782041\n|switch|p2a: Luxray|Luxray, L88, F|221/284\n|-damage|p2a: Luxray|174/284|[from] Spikes\n|-ability|p2a: Luxray|Intimidate|boost\n|-unboost|p1a: Tornadus|atk|1\n|turn|9\n|\n|t:|1782782044\n|move|p1a: Tornadus|U-turn|p2a: Luxray\n|-damage|p2a: Luxray|144/284\n|\n|t:|1782782060\n|switch|p1a: Empoleon|Empoleon, L84, F|278/278|[from] U-turn\n|move|p2a: Luxray|Ice Fang|p1a: Empoleon\n|-resisted|p1a: Empoleon\n|-damage|p1a: Empoleon|263/278\n|-status|p1a: Empoleon|frz\n|\n|-heal|p1a: Empoleon|278/278 frz|[from] item: Leftovers\n|upkeep\n|turn|10\n|\n|t:|1782782071\n|switch|p1a: Quagsire|Quagsire, L84, F|158/297\n|move|p2a: Luxray|Throat Chop|p1a: Quagsire\n|-damage|p1a: Quagsire|80/297\n|-start|p1a: Quagsire|Throat Chop|[silent]\n|\n|upkeep\n|turn|11\n|\n|t:|1782782075\n|move|p2a: Luxray|Ice Fang|p1a: Quagsire\n|-damage|p1a: Quagsire|16/297\n|-status|p1a: Quagsire|frz\n|cant|p1a: Quagsire|frz\n|\n|-end|p1a: Quagsire|Throat Chop|[silent]\n|upkeep\n|turn|12\n|c|\u2606kupchun|i should buy a lotto ticket\n|\n|t:|1782782088\n|move|p2a: Luxray|Throat Chop|p1a: Quagsire\n|-damage|p1a: Quagsire|0 fnt\n|faint|p1a: Quagsire\n|\n|upkeep\n|\n|t:|1782782096\n|switch|p1a: Hydreigon|Hydreigon, L79, F|275/275\n|turn|13\n|\n|t:|1782782100\n|move|p1a: Hydreigon|U-turn|p2a: Luxray\n|-damage|p2a: Luxray|99/284\n|\n|t:|1782782104\n|switch|p1a: Empoleon|Empoleon, L84, F|278/278 frz|[from] U-turn\n|move|p2a: Luxray|Ice Fang|p1a: Empoleon\n|-resisted|p1a: Empoleon\n|-damage|p1a: Empoleon|264/278 frz\n|\n|-heal|p1a: Empoleon|278/278 frz|[from] item: Leftovers\n|upkeep\n|turn|14\n|\n|t:|1782782110\n|switch|p1a: Hydreigon|Hydreigon, L79, F|275/275\n|move|p2a: Luxray|Wild Charge|p1a: Hydreigon\n|-resisted|p1a: Hydreigon\n|-damage|p1a: Hydreigon|211/275\n|-damage|p2a: Luxray|83/284|[from] Recoil\n|\n|upkeep\n|turn|15\n|\n|t:|1782782118\n|move|p1a: Hydreigon|Dark Pulse|p2a: Luxray\n|-damage|p2a: Luxray|0 fnt\n|faint|p2a: Luxray\n|\n|upkeep\n|\n|t:|1782782126\n|switch|p2a: Tyranitar|Tyranitar, L78, M|284/284\n|-damage|p2a: Tyranitar|237/284|[from] Spikes\n|-weather|Sandstorm|[from] ability: Sand Stream|[of] p2a: Tyranitar\n|turn|16\n|\n|t:|1782782136\n|switch|p1a: Rotom|Rotom-Fan, L86|226/226\n|move|p2a: Tyranitar|Thunder Wave|p1a: Rotom|[miss]\n|-miss|p2a: Tyranitar|p1a: Rotom\n|\n|-weather|Sandstorm|[upkeep]\n|-damage|p1a: Rotom|212/226|[from] Sandstorm\n|-heal|p2a: Tyranitar|254/284|[from] item: Leftovers\n|upkeep\n|turn|17\n|\n|t:|1782782148\n|move|p1a: Rotom|Thunder Wave|p2a: Tyranitar\n|-status|p2a: Tyranitar|par\n|move|p2a: Tyranitar|Stone Edge|p1a: Rotom\n|-supereffective|p1a: Rotom\n|-damage|p1a: Rotom|18/226\n|\n|-weather|Sandstorm|[upkeep]\n|-damage|p1a: Rotom|4/226|[from] Sandstorm\n|-heal|p2a: Tyranitar|271/284 par|[from] item: Leftovers\n|upkeep\n|turn|18\n|\n|t:|1782782154\n|move|p1a: Rotom|Thunderbolt|p2a: Tyranitar\n|-damage|p2a: Tyranitar|202/284 par\n|cant|p2a: Tyranitar|par\n|\n|-weather|Sandstorm|[upkeep]\n|-damage|p1a: Rotom|0 fnt|[from] Sandstorm\n|faint|p1a: Rotom\n|-heal|p2a: Tyranitar|219/284 par|[from] item: Leftovers\n|upkeep\n|\n|t:|1782782158\n|switch|p1a: Tornadus|Tornadus-Therian, L79, M|254/254\n|turn|19\n|\n|t:|1782782161\n|move|p1a: Tornadus|U-turn|p2a: Tyranitar\n|-supereffective|p2a: Tyranitar\n|-damage|p2a: Tyranitar|135/284 par\n|\n|t:|1782782164\n|switch|p1a: Empoleon|Empoleon, L84, F|278/278 frz|[from] U-turn\n|move|p2a: Tyranitar|Thunder Wave||[still]\n|-fail|p2a: Tyranitar\n|\n|-weather|Sandstorm|[upkeep]\n|-heal|p2a: Tyranitar|152/284 par|[from] item: Leftovers\n|upkeep\n|turn|20\n|\n|t:|1782782169\n|cant|p1a: Empoleon|frz\n|move|p2a: Tyranitar|Knock Off|p1a: Empoleon\n|-damage|p1a: Empoleon|152/278 frz\n|-enditem|p1a: Empoleon|Leftovers|[from] move: Knock Off|[of] p2a: Tyranitar\n|\n|-weather|none\n|-heal|p2a: Tyranitar|169/284 par|[from] item: Leftovers\n|upkeep\n|turn|21\n|\n|t:|1782782172\n|-curestatus|p1a: Empoleon|frz|[msg]\n|move|p1a: Empoleon|Surf|p2a: Tyranitar\n|-supereffective|p2a: Tyranitar\n|-damage|p2a: Tyranitar|0 fnt\n|faint|p2a: Tyranitar\n|\n|upkeep\n|\n|t:|1782782183\n|switch|p2a: Illumise|Illumise, L91, F|266/266\n|turn|22\n|\n|t:|1782782193\n|move|p2a: Illumise|Thunder Wave|p1a: Empoleon|[miss]\n|-miss|p2a: Illumise|p1a: Empoleon\n|move|p1a: Empoleon|Roost|p1a: Empoleon\n|-heal|p1a: Empoleon|278/278\n|-singleturn|p1a: Empoleon|move: Roost\n|\n|upkeep\n|turn|23\n|\n|t:|1782782198\n|switch|p1a: Slowking|Slowking-Galar, L85, F|300/300\n|move|p2a: Illumise|Encore||[still]\n|-fail|p2a: Illumise\n|\n|upkeep\n|turn|24\n|\n|t:|1782782202\n|move|p2a: Illumise|Thunder Wave|p1a: Slowking\n|-status|p1a: Slowking|par\n|move|p1a: Slowking|Psychic Noise|p2a: Illumise\n|-damage|p2a: Illumise|182/266\n|-start|p2a: Illumise|move: Heal Block\n|\n|upkeep\n|turn|25\n|\n|t:|1782782206\n|move|p2a: Illumise|Bug Buzz|p1a: Slowking\n|-damage|p1a: Slowking|230/300 par\n|move|p1a: Slowking|Psychic Noise|p2a: Illumise\n|-damage|p2a: Illumise|88/266\n|\n|-heal|p1a: Slowking|248/300 par|[from] item: Leftovers\n|-end|p2a: Illumise|move: Heal Block\n|upkeep\n|turn|26\n|\n|t:|1782782212\n|move|p2a: Illumise|Bug Buzz|p1a: Slowking\n|-damage|p1a: Slowking|178/300 par\n|-unboost|p1a: Slowking|spd|1\n|cant|p1a: Slowking|par\n|\n|-heal|p1a: Slowking|196/300 par|[from] item: Leftovers\n|upkeep\n|turn|27\n|\n|t:|1782782217\n|switch|p1a: Empoleon|Empoleon, L84, F|278/278\n|move|p2a: Illumise|Bug Buzz|p1a: Empoleon\n|-resisted|p1a: Empoleon\n|-damage|p1a: Empoleon|236/278\n|\n|upkeep\n|turn|28\n|\n|t:|1782782222\n|switch|p1a: Slowking|Slowking-Galar, L85, F|296/300 par\n|move|p2a: Illumise|Roost|p2a: Illumise\n|-heal|p2a: Illumise|221/266\n|-singleturn|p2a: Illumise|move: Roost\n|\n|-heal|p1a: Slowking|300/300 par|[from] item: Leftovers\n|upkeep\n|turn|29\n|\n|t:|1782782229\n|move|p2a: Illumise|Bug Buzz|p1a: Slowking\n|-damage|p1a: Slowking|221/300 par\n|move|p1a: Slowking|Psychic Noise|p2a: Illumise\n|-damage|p2a: Illumise|139/266\n|-start|p2a: Illumise|move: Heal Block\n|\n|-heal|p1a: Slowking|239/300 par|[from] item: Leftovers\n|upkeep\n|turn|30\n|\n|t:|1782782233\n|move|p2a: Illumise|Bug Buzz|p1a: Slowking\n|-damage|p1a: Slowking|170/300 par\n|move|p1a: Slowking|Fire Blast|p2a: Illumise\n|-supereffective|p2a: Illumise\n|-damage|p2a: Illumise|0 fnt\n|faint|p2a: Illumise\n|\n|-heal|p1a: Slowking|188/300 par|[from] item: Leftovers\n|upkeep\n|\n|t:|1782782241\n|switch|p2a: Oricorio|Oricorio-Sensu, L85, M|266/266\n|turn|31\n|\n|t:|1782782252\n|move|p2a: Oricorio|Quiver Dance|p2a: Oricorio\n|-boost|p2a: Oricorio|spa|1\n|-boost|p2a: Oricorio|spd|1\n|-boost|p2a: Oricorio|spe|1\n|cant|p1a: Slowking|par\n|\n|-heal|p1a: Slowking|206/300 par|[from] item: Leftovers\n|upkeep\n|turn|32\n|\n|t:|1782782256\n|move|p2a: Oricorio|Quiver Dance|p2a: Oricorio\n|-boost|p2a: Oricorio|spa|1\n|-boost|p2a: Oricorio|spd|1\n|-boost|p2a: Oricorio|spe|1\n|cant|p1a: Slowking|par\n|\n|-heal|p1a: Slowking|224/300 par|[from] item: Leftovers\n|upkeep\n|turn|33\n|\n|t:|1782782265\n|move|p2a: Oricorio|Revelation Dance|p1a: Slowking\n|-supereffective|p1a: Slowking\n|-damage|p1a: Slowking|0 fnt\n|faint|p1a: Slowking\n|\n|upkeep\n|\n|t:|1782782273\n|switch|p1a: Tornadus|Tornadus-Therian, L79, M|254/254\n|turn|34\n|\n|t:|1782782283\n|move|p2a: Oricorio|Revelation Dance|p1a: Tornadus\n|-damage|p1a: Tornadus|121/254\n|move|p1a: Tornadus|Knock Off|p2a: Oricorio\n|-supereffective|p2a: Oricorio\n|-crit|p2a: Oricorio\n|-damage|p2a: Oricorio|30/266\n|-enditem|p2a: Oricorio|Heavy-Duty Boots|[from] move: Knock Off|[of] p1a: Tornadus\n|\n|upkeep\n|turn|35\n|\n|t:|1782782292\n|switch|p1a: Empoleon|Empoleon, L84, F|236/278\n|move|p2a: Oricorio|Revelation Dance|p1a: Empoleon\n|-damage|p1a: Empoleon|55/278\n|\n|upkeep\n|turn|36\n|\n|t:|1782782297\n|move|p2a: Oricorio|Revelation Dance|p1a: Empoleon\n|-damage|p1a: Empoleon|0 fnt\n|faint|p1a: Empoleon\n|\n|upkeep\n|\n|t:|1782782300\n|switch|p1a: Tornadus|Tornadus-Therian, L79, M|205/254\n|turn|37\n|\n|t:|1782782305\n|move|p2a: Oricorio|Roost|p2a: Oricorio\n|-heal|p2a: Oricorio|163/266\n|-singleturn|p2a: Oricorio|move: Roost\n|move|p1a: Tornadus|Knock Off|p2a: Oricorio\n|-supereffective|p2a: Oricorio\n|-damage|p2a: Oricorio|59/266\n|\n|upkeep\n|turn|38\n|\n|t:|1782782308\n|move|p2a: Oricorio|Roost|p2a: Oricorio\n|-heal|p2a: Oricorio|192/266\n|-singleturn|p2a: Oricorio|move: Roost\n|move|p1a: Tornadus|Knock Off|p2a: Oricorio\n|-supereffective|p2a: Oricorio\n|-damage|p2a: Oricorio|94/266\n|\n|upkeep\n|turn|39\n|\n|t:|1782782318\n|move|p2a: Oricorio|Roost|p2a: Oricorio\n|-heal|p2a: Oricorio|227/266\n|-singleturn|p2a: Oricorio|move: Roost\n|move|p1a: Tornadus|Bleakwind Storm|p2a: Oricorio\n|-damage|p2a: Oricorio|163/266\n|-unboost|p2a: Oricorio|spe|1\n|\n|upkeep\n|turn|40\n|\n|t:|1782782323\n|move|p2a: Oricorio|Hurricane|p1a: Tornadus|[miss]\n|-miss|p2a: Oricorio|p1a: Tornadus\n|move|p1a: Tornadus|Knock Off|p2a: Oricorio\n|-supereffective|p2a: Oricorio\n|-damage|p2a: Oricorio|71/266\n|\n|upkeep\n|turn|41\n|\n|t:|1782782327\n|move|p2a: Oricorio|Roost|p2a: Oricorio\n|-heal|p2a: Oricorio|204/266\n|-singleturn|p2a: Oricorio|move: Roost\n|move|p1a: Tornadus|Knock Off|p2a: Oricorio\n|-supereffective|p2a: Oricorio\n|-damage|p2a: Oricorio|114/266\n|\n|upkeep\n|turn|42\n|\n|t:|1782782338\n|move|p2a: Oricorio|Roost|p2a: Oricorio\n|-heal|p2a: Oricorio|247/266\n|-singleturn|p2a: Oricorio|move: Roost\n|move|p1a: Tornadus|Knock Off|p2a: Oricorio\n|-supereffective|p2a: Oricorio\n|-damage|p2a: Oricorio|151/266\n|\n|upkeep\n|turn|43\n|\n|t:|1782782343\n|move|p2a: Oricorio|Hurricane|p1a: Tornadus|[miss]\n|-miss|p2a: Oricorio|p1a: Tornadus\n|move|p1a: Tornadus|Knock Off|p2a: Oricorio\n|-supereffective|p2a: Oricorio\n|-damage|p2a: Oricorio|51/266\n|\n|upkeep\n|turn|44\n|\n|t:|1782782346\n|move|p2a: Oricorio|Roost|p2a: Oricorio\n|-heal|p2a: Oricorio|184/266\n|-singleturn|p2a: Oricorio|move: Roost\n|move|p1a: Tornadus|Knock Off|p2a: Oricorio\n|-supereffective|p2a: Oricorio\n|-damage|p2a: Oricorio|80/266\n|\n|upkeep\n|turn|45\n|\n|t:|1782782349\n|move|p2a: Oricorio|Roost|p2a: Oricorio\n|-heal|p2a: Oricorio|213/266\n|-singleturn|p2a: Oricorio|move: Roost\n|move|p1a: Tornadus|Bleakwind Storm|p2a: Oricorio\n|-damage|p2a: Oricorio|153/266\n|\n|upkeep\n|turn|46\n|\n|t:|1782782352\n|move|p2a: Oricorio|Revelation Dance|p1a: Tornadus\n|-damage|p1a: Tornadus|61/254\n|move|p1a: Tornadus|Knock Off|p2a: Oricorio\n|-supereffective|p2a: Oricorio\n|-damage|p2a: Oricorio|51/266\n|\n|upkeep\n|turn|47\n|\n|t:|1782782358\n|switch|p1a: Hydreigon|Hydreigon, L79, F|211/275\n|move|p2a: Oricorio|Roost|p2a: Oricorio\n|-heal|p2a: Oricorio|184/266\n|-singleturn|p2a: Oricorio|move: Roost\n|\n|upkeep\n|turn|48\n|\n|t:|1782782372\n|-terastallize|p1a: Hydreigon|Steel\n|move|p2a: Oricorio|Hurricane|p1a: Hydreigon\n|-resisted|p1a: Hydreigon\n|-damage|p1a: Hydreigon|76/275\n|-start|p1a: Hydreigon|confusion\n|-activate|p1a: Hydreigon|confusion\n|move|p1a: Hydreigon|Draco Meteor|p2a: Oricorio\n|-damage|p2a: Oricorio|45/266\n|-unboost|p1a: Hydreigon|spa|2\n|\n|upkeep\n|turn|49\n|\n|t:|1782782381\n|switch|p1a: Tornadus|Tornadus-Therian, L79, M|145/254\n|-terastallize|p2a: Oricorio|Fighting\n|move|p2a: Oricorio|Revelation Dance|p1a: Tornadus\n|-resisted|p1a: Tornadus\n|-damage|p1a: Tornadus|74/254\n|\n|upkeep\n|turn|50\n|\n|t:|1782782389\n|move|p2a: Oricorio|Hurricane|p1a: Tornadus\n|-damage|p1a: Tornadus|0 fnt\n|faint|p1a: Tornadus\n|\n|upkeep\n|\n|t:|1782782390\n|switch|p1a: Hydreigon|Hydreigon, L79, F, tera:Steel|76/275\n|turn|51\n|\n|t:|1782782394\n|move|p2a: Oricorio|Revelation Dance|p1a: Hydreigon\n|-supereffective|p1a: Hydreigon\n|-damage|p1a: Hydreigon|0 fnt\n|faint|p1a: Hydreigon\n|\n|win|kupchun\n", "inputlog": ">version f8ac14003a5f27e1bdc8d8c59608a773c1cb96e5\n>start {\"formatid\":\"gen9randombattle\",\"seed\":\"sodium,c2c0ff2c069dd9125fe9f4bb44df096d\",\"rated\":\"Rated battle\"}\n>player p1 {\"name\":\"johngalt149\",\"avatar\":\"fisherman-gen4\",\"rating\":2005,\"seed\":\"sodium,a19d0e5d1c93bfe1566c35df75501345\"}\n>player p2 {\"name\":\"kupchun\",\"avatar\":\"265\",\"rating\":2015,\"seed\":\"sodium,98c9524fcd5099fcb4478c6928e426b1\"}\n>p1 move bleakwindstorm\n>p2 switch 6\n>p1 move uturn\n>p2 move voltswitch\n>p1 switch 2\n>p1 move toxic\n>p2 switch 6\n>p1 move spikes\n>p2 move knockoff\n>p1 move recover\n>p2 move circlethrow\n>p1 switch 2\n>p2 move circlethrow\n>p1 move spikes\n>p2 move circlethrow\n>p1 switch 6\n>p2 move closecombat\n>p2 switch 6\n>p1 move uturn\n>p2 move icefang\n>p1 switch 6\n>p1 switch 2\n>p2 move throatchop\n>p1 move recover\n>p2 move icefang\n>chat \u2606kupchun|i should buy a lotto ticket\n>p1 move recover\n>p2 move throatchop\n>p1 switch 5\n>p1 move uturn\n>p2 move icefang\n>p1 switch 2\n>p1 switch 2\n>p2 move wildcharge\n>p1 move darkpulse\n>p2 move icefang\n>p2 switch 3\n>p1 switch 3\n>p2 move thunderwave\n>p1 move thunderwave\n>p2 move stoneedge\n>p1 move thunderbolt\n>p2 move knockoff\n>p1 switch 6\n>p1 move uturn\n>p2 move thunderwave\n>p1 switch 2\n>p1 move surf\n>p2 move knockoff\n>p1 move surf\n>p2 move earthquake\n>p2 switch 2\n>p1 move roost\n>p2 move thunderwave\n>p1 switch 4\n>p2 move encore\n>p1 move psychicnoise\n>p2 move thunderwave\n>p1 move psychicnoise\n>p2 move bugbuzz\n>p1 move psychicnoise\n>p2 move bugbuzz\n>p1 switch 4\n>p2 move bugbuzz\n>p1 switch 4\n>p2 move roost\n>p1 move psychicnoise\n>p2 move bugbuzz\n>p1 move fireblast\n>p2 move bugbuzz\n>p2 switch 4\n>p1 move psychicnoise\n>p2 move quiverdance\n>p1 move psychicnoise\n>p2 move quiverdance\n>p1 move psychicnoise\n>p2 move revelationdance\n>p1 switch 2\n>p1 move knockoff\n>p2 move revelationdance\n>p1 switch 4\n>p2 move revelationdance\n>p1 move flipturn\n>p2 move revelationdance\n>p1 switch 4\n>p1 move knockoff\n>p2 move roost\n>p1 move knockoff\n>p2 move roost\n>p1 move bleakwindstorm\n>p2 move roost\n>p1 move knockoff\n>p2 move hurricane\n>p1 move knockoff\n>p2 move roost\n>p1 move knockoff\n>p2 move roost\n>p1 move knockoff\n>p2 move hurricane\n>p1 move knockoff\n>p2 move roost\n>p1 move bleakwindstorm\n>p2 move roost\n>p1 move knockoff\n>p2 move revelationdance\n>p1 switch 3\n>p2 move roost\n>p1 move dracometeor terastallize\n>p2 move hurricane\n>p1 switch 3\n>p2 move revelationdance terastallize\n>p1 move bleakwindstorm\n>p2 move hurricane\n>p1 switch 3\n>p1 move flashcannon\n>p2 move revelationdance", "uploadtime": 1782781949, "views": 5, "formatid": "gen9randombattle", "rating": null, "private": 0, "password": null, "player_dets": [{"name": "johngalt149", "avatar": "fisherman-gen4", "rating": 2005, "seed": "sodium,a19d0e5d1c93bfe1566c35df75501345"}, {"name": "kupchun", "avatar": "265", "rating": 2015, "seed": "sodium,98c9524fcd5099fcb4478c6928e426b1"}], "teams_full": [{"Tornadus": {"name": "Tornadus", "species": "Tornadus-Therian", "speciesId": "tornadustherian", "gender": "M", "shiny": false, "level": 79, "moves": ["bleakwindstorm", "knockoff", "uturn", "heatwave"], "ability": "Regenerator", "evs": {"hp": 85, "atk": 85, "def": 85, "spa": 85, "spd": 85, "spe": 85}, "ivs": {"hp": 31, "atk": 31, "def": 31, "spa": 31, "spd": 31, "spe": 31}, "item": "Assault Vest", "teraType": "Steel", "role": "AV Pivot", "bvs": {"hp": 79, "atk": 100, "def": 80, "spa": 110, "spd": 90, "spe": 121}, "stats": {"hp": 254, "atk": 204, "def": 172, "spa": 219, "spd": 188, "spe": 237}, "types": ["Flying"]}, "Quagsire": {"name": "Quagsire", "species": "Quagsire", "speciesId": "quagsire", "gender": "F", "shiny": false, "level": 84, "moves": ["spikes", "recover", "toxic", "earthquake"], "ability": "Unaware", "evs": {"hp": 85, "atk": 85, "def": 85, "spa": 85, "spd": 85, "spe": 85}, "ivs": {"hp": 31, "atk": 31, "def": 31, "spa": 31, "spd": 31, "spe": 31}, "item": "Leftovers", "teraType": "Steel", "role": "Bulky Support", "bvs": {"hp": 95, "atk": 85, "def": 85, "spa": 65, "spd": 65, "spe": 35}, "stats": {"hp": 297, "atk": 191, "def": 191, "spa": 157, "spd": 157, "spe": 107}, "types": ["Water", "Ground"]}, "Rotom": {"name": "Rotom", "species": "Rotom-Fan", "speciesId": "rotomfan", "gender": "N", "shiny": false, "level": 86, "moves": ["thunderbolt", "thunderwave", "airslash", "nastyplot"], "ability": "Levitate", "evs": {"hp": 85, "atk": 0, "def": 85, "spa": 85, "spd": 85, "spe": 85}, "ivs": {"hp": 31, "atk": 0, "def": 31, "spa": 31, "spd": 31, "spe": 31}, "item": "Heavy-Duty Boots", "teraType": "Electric", "role": "Bulky Attacker", "bvs": {"hp": 50, "atk": 65, "def": 107, "spa": 105, "spd": 107, "spe": 86}, "stats": {"hp": 226, "atk": 116, "def": 233, "spa": 230, "spd": 233, "spe": 197}, "types": ["Electric", "Flying"]}, "Slowking": {"name": "Slowking", "species": "Slowking-Galar", "speciesId": "slowkinggalar", "gender": "F", "shiny": false, "level": 85, "moves": ["slackoff", "sludgebomb", "fireblast", "psychicnoise"], "ability": "Regenerator", "evs": {"hp": 85, "atk": 0, "def": 85, "spa": 85, "spd": 85, "spe": 85}, "ivs": {"hp": 31, "atk": 0, "def": 31, "spa": 31, "spd": 31, "spe": 31}, "item": "Leftovers", "teraType": "Fairy", "role": "Bulky Attacker", "bvs": {"hp": 95, "atk": 65, "def": 80, "spa": 110, "spd": 110, "spe": 30}, "stats": {"hp": 300, "atk": 115, "def": 185, "spa": 236, "spd": 236, "spe": 100}, "types": ["Poison", "Psychic"]}, "Hydreigon": {"name": "Hydreigon", "species": "Hydreigon", "speciesId": "hydreigon", "gender": "F", "shiny": false, "level": 79, "moves": ["flashcannon", "darkpulse", "uturn", "dracometeor"], "ability": "Levitate", "evs": {"hp": 85, "atk": 85, "def": 85, "spa": 85, "spd": 85, "spe": 85}, "ivs": {"hp": 31, "atk": 31, "def": 31, "spa": 31, "spd": 31, "spe": 31}, "item": "Choice Specs", "teraType": "Steel", "role": "Fast Attacker", "bvs": {"hp": 92, "atk": 105, "def": 90, "spa": 125, "spd": 90, "spe": 98}, "stats": {"hp": 275, "atk": 211, "def": 188, "spa": 243, "spd": 188, "spe": 200}, "types": ["Dark", "Dragon"]}, "Empoleon": {"name": "Empoleon", "species": "Empoleon", "speciesId": "empoleon", "gender": "F", "shiny": false, "level": 84, "moves": ["roost", "knockoff", "surf", "flipturn"], "ability": "Competitive", "evs": {"hp": 85, "atk": 85, "def": 85, "spa": 85, "spd": 85, "spe": 85}, "ivs": {"hp": 31, "atk": 31, "def": 31, "spa": 31, "spd": 31, "spe": 31}, "item": "Leftovers", "teraType": "Flying", "role": "Bulky Support", "bvs": {"hp": 84, "atk": 86, "def": 88, "spa": 111, "spd": 101, "spe": 60}, "stats": {"hp": 278, "atk": 193, "def": 196, "spa": 235, "spd": 218, "spe": 149}, "types": ["Water", "Steel"]}}, {"Poliwrath": {"name": "Poliwrath", "species": "Poliwrath", "speciesId": "poliwrath", "gender": "F", "shiny": false, "level": 88, "moves": ["knockoff", "closecombat", "circlethrow", "liquidation"], "ability": "Water Absorb", "evs": {"hp": 85, "atk": 85, "def": 85, "spa": 85, "spd": 85, "spe": 85}, "ivs": {"hp": 31, "atk": 31, "def": 31, "spa": 31, "spd": 31, "spe": 31}, "item": "Assault Vest", "teraType": "Steel", "role": "AV Pivot", "bvs": {"hp": 90, "atk": 95, "def": 95, "spa": 70, "spd": 90, "spe": 70}, "stats": {"hp": 302, "atk": 217, "def": 217, "spa": 173, "spd": 209, "spe": 173}, "types": ["Water", "Fighting"]}, "Illumise": {"name": "Illumise", "species": "Illumise", "speciesId": "illumise", "gender": "F", "shiny": false, "level": 91, "moves": ["bugbuzz", "roost", "encore", "thunderwave"], "ability": "Prankster", "evs": {"hp": 85, "atk": 0, "def": 85, "spa": 85, "spd": 85, "spe": 85}, "ivs": {"hp": 31, "atk": 0, "def": 31, "spa": 31, "spd": 31, "spe": 31}, "item": "Heavy-Duty Boots", "teraType": "Water", "role": "Bulky Support", "bvs": {"hp": 65, "atk": 47, "def": 75, "spa": 73, "spd": 85, "spe": 85}, "stats": {"hp": 266, "atk": 90, "def": 188, "spa": 185, "spd": 207, "spe": 207}, "types": ["Bug"]}, "Tyranitar": {"name": "Tyranitar", "species": "Tyranitar", "speciesId": "tyranitar", "gender": "M", "shiny": false, "level": 78, "moves": ["knockoff", "earthquake", "stoneedge", "thunderwave"], "ability": "Sand Stream", "evs": {"hp": 85, "atk": 85, "def": 85, "spa": 85, "spd": 85, "spe": 85}, "ivs": {"hp": 31, "atk": 31, "def": 31, "spa": 31, "spd": 31, "spe": 31}, "item": "Leftovers", "teraType": "Ghost", "role": "Bulky Support", "bvs": {"hp": 100, "atk": 134, "def": 110, "spa": 95, "spd": 100, "spe": 61}, "stats": {"hp": 284, "atk": 254, "def": 217, "spa": 193, "spd": 201, "spe": 140}, "types": ["Rock", "Dark"]}, "Oricorio": {"name": "Oricorio", "species": "Oricorio-Sensu", "speciesId": "oricoriosensu", "gender": "M", "shiny": false, "level": 85, "moves": ["revelationdance", "roost", "quiverdance", "hurricane"], "ability": "Dancer", "evs": {"hp": 85, "atk": 0, "def": 85, "spa": 85, "spd": 85, "spe": 85}, "ivs": {"hp": 31, "atk": 0, "def": 31, "spa": 31, "spd": 31, "spe": 31}, "item": "Heavy-Duty Boots", "teraType": "Fighting", "role": "Setup Sweeper", "bvs": {"hp": 75, "atk": 70, "def": 70, "spa": 98, "spd": 70, "spe": 93}, "stats": {"hp": 266, "atk": 124, "def": 168, "spa": 215, "spd": 168, "spe": 207}, "types": ["Ghost", "Flying"]}, "Zangoose": {"name": "Zangoose", "species": "Zangoose", "speciesId": "zangoose", "gender": "F", "shiny": false, "level": 85, "moves": ["quickattack", "knockoff", "facade", "swordsdance"], "ability": "Toxic Boost", "evs": {"hp": 85, "atk": 85, "def": 85, "spa": 85, "spd": 85, "spe": 85}, "ivs": {"hp": 31, "atk": 31, "def": 31, "spa": 31, "spd": 31, "spe": 31}, "item": "Toxic Orb", "teraType": "Normal", "role": "Fast Attacker", "bvs": {"hp": 73, "atk": 115, "def": 60, "spa": 60, "spd": 60, "spe": 90}, "stats": {"hp": 263, "atk": 244, "def": 151, "spa": 151, "spd": 151, "spe": 202}, "types": ["Normal"]}, "Luxray": {"name": "Luxray", "species": "Luxray", "speciesId": "luxray", "gender": "F", "shiny": false, "level": 88, "moves": ["throatchop", "icefang", "voltswitch", "wildcharge"], "ability": "Intimidate", "evs": {"hp": 85, "atk": 85, "def": 85, "spa": 85, "spd": 85, "spe": 85}, "ivs": {"hp": 31, "atk": 31, "def": 31, "spa": 31, "spd": 31, "spe": 31}, "item": "Assault Vest", "teraType": "Electric", "role": "AV Pivot", "bvs": {"hp": 80, "atk": 120, "def": 79, "spa": 95, "spd": 79, "spe": 70}, "stats": {"hp": 284, "atk": 261, "def": 189, "spa": 217, "spd": 189, "spe": 173}, "types": ["Electric"]}}]}