{"id": "gen9randombattle-2641589494", "format": "[Gen 9] Random Battle", "players": ["brush_of", "yang1111"], "log": "|j|\u2606brush_of\n|j|\u2606yang1111\n|t:|1782814194\n|gametype|singles\n|player|p1|brush_of|265|1372\n|player|p2|yang1111|1|1391\n|gen|9\n|tier|[Gen 9] Random Battle\n|rated|\n|rule|Species Clause: Limit one of each Pok\u00e9mon\n|rule|HP Percentage Mod: HP is shown in percentages\n|rule|Sleep Clause Mod: Limit one foe put to sleep\n|rule|Illusion Level Mod: Illusion disguises the Pok\u00e9mon's true level\n|\n|t:|1782814194\n|teamsize|p1|6\n|teamsize|p2|6\n|start\n|switch|p1a: Kilowattrel|Kilowattrel, L83, F|252/252\n|switch|p2a: Mudsdale|Mudsdale, L83, M|302/302\n|turn|1\n|inactive|Battle timer is ON: inactive players will automatically lose when time's up. (requested by brush_of)\n|inactive|yang1111 also wants the timer to be on.\n|\n|t:|1782814204\n|move|p1a: Kilowattrel|U-turn|p2a: Mudsdale\n|-damage|p2a: Mudsdale|265/302\n|-ability|p2a: Mudsdale|Stamina|boost\n|-boost|p2a: Mudsdale|def|1\n|\n|t:|1782814216\n|switch|p1a: Meowscarada|Meowscarada, L78, F|247/247|[from] U-turn\n|move|p2a: Mudsdale|Heavy Slam|p1a: Meowscarada\n|-damage|p1a: Meowscarada|109/247\n|\n|-heal|p2a: Mudsdale|283/302|[from] item: Leftovers\n|upkeep\n|turn|2\n|\n|t:|1782814233\n|move|p1a: Meowscarada|Triple Axel|p2a: Mudsdale\n|-start|p1a: Meowscarada|typechange|Ice|[from] ability: Protean\n|-supereffective|p2a: Mudsdale\n|-damage|p2a: Mudsdale|241/302\n|-ability|p2a: Mudsdale|Stamina|boost\n|-boost|p2a: Mudsdale|def|1\n|-supereffective|p2a: Mudsdale\n|-damage|p2a: Mudsdale|175/302\n|-ability|p2a: Mudsdale|Stamina|boost\n|-boost|p2a: Mudsdale|def|1\n|-supereffective|p2a: Mudsdale\n|-damage|p2a: Mudsdale|101/302\n|-ability|p2a: Mudsdale|Stamina|boost\n|-boost|p2a: Mudsdale|def|1\n|-hitcount|p2a: Mudsdale|3\n|move|p2a: Mudsdale|Heavy Slam|p1a: Meowscarada\n|-supereffective|p1a: Meowscarada\n|-damage|p1a: Meowscarada|0 fnt\n|faint|p1a: Meowscarada\n|\n|-heal|p2a: Mudsdale|119/302|[from] item: Leftovers\n|upkeep\n|\n|t:|1782814246\n|switch|p1a: Dachsbun|Dachsbun, L92, F|254/254\n|turn|3\n|\n|t:|1782814270\n|move|p1a: Dachsbun|Play Rough|p2a: Mudsdale\n|-damage|p2a: Mudsdale|91/302\n|-ability|p2a: Mudsdale|Stamina|boost\n|-boost|p2a: Mudsdale|def|1\n|move|p2a: Mudsdale|Earthquake|p1a: Dachsbun\n|-damage|p1a: Dachsbun|152/254\n|\n|-heal|p1a: Dachsbun|167/254|[from] item: Leftovers\n|-heal|p2a: Mudsdale|109/302|[from] item: Leftovers\n|upkeep\n|turn|4\n|\n|t:|1782814277\n|move|p1a: Dachsbun|Wish|p1a: Dachsbun\n|move|p2a: Mudsdale|Heavy Slam|p1a: Dachsbun\n|-supereffective|p1a: Dachsbun\n|-damage|p1a: Dachsbun|7/254\n|\n|-heal|p1a: Dachsbun|22/254|[from] item: Leftovers\n|-heal|p2a: Mudsdale|127/302|[from] item: Leftovers\n|upkeep\n|turn|5\n|\n|t:|1782814285\n|move|p1a: Dachsbun|Protect|p1a: Dachsbun\n|-singleturn|p1a: Dachsbun|Protect\n|move|p2a: Mudsdale|Heavy Slam|p1a: Dachsbun\n|-activate|p1a: Dachsbun|move: Protect\n|\n|-heal|p1a: Dachsbun|149/254|[from] move: Wish|[wisher] Dachsbun\n|-heal|p1a: Dachsbun|164/254|[from] item: Leftovers\n|-heal|p2a: Mudsdale|145/302|[from] item: Leftovers\n|upkeep\n|turn|6\n|\n|t:|1782814291\n|move|p1a: Dachsbun|Play Rough|p2a: Mudsdale\n|-damage|p2a: Mudsdale|118/302\n|-ability|p2a: Mudsdale|Stamina|boost\n|-boost|p2a: Mudsdale|def|1\n|move|p2a: Mudsdale|Heavy Slam|p1a: Dachsbun\n|-supereffective|p1a: Dachsbun\n|-damage|p1a: Dachsbun|4/254\n|\n|-heal|p1a: Dachsbun|19/254|[from] item: Leftovers\n|-heal|p2a: Mudsdale|136/302|[from] item: Leftovers\n|upkeep\n|turn|7\n|\n|t:|1782814310\n|move|p1a: Dachsbun|Body Press|p2a: Mudsdale\n|-damage|p2a: Mudsdale|116/302\n|move|p2a: Mudsdale|Heavy Slam|p1a: Dachsbun\n|-supereffective|p1a: Dachsbun\n|-damage|p1a: Dachsbun|0 fnt\n|faint|p1a: Dachsbun\n|\n|-heal|p2a: Mudsdale|134/302|[from] item: Leftovers\n|upkeep\n|\n|t:|1782814320\n|switch|p1a: Sableye|Sableye, L88, M|231/231\n|turn|8\n|\n|t:|1782814336\n|move|p1a: Sableye|Will-O-Wisp|p2a: Mudsdale\n|-status|p2a: Mudsdale|brn\n|move|p2a: Mudsdale|Earthquake|p1a: Sableye\n|-damage|p1a: Sableye|164/231\n|\n|-heal|p1a: Sableye|178/231|[from] item: Leftovers\n|-heal|p2a: Mudsdale|152/302 brn|[from] item: Leftovers\n|-damage|p2a: Mudsdale|134/302 brn|[from] brn\n|upkeep\n|turn|9\n|\n|t:|1782814348\n|move|p1a: Sableye|Knock Off|p2a: Mudsdale\n|-damage|p2a: Mudsdale|112/302 brn\n|-enditem|p2a: Mudsdale|Leftovers|[from] move: Knock Off|[of] p1a: Sableye\n|move|p2a: Mudsdale|Roar|p1a: Sableye\n|drag|p1a: Houndstone|Houndstone, L86, M|264/264\n|\n|-damage|p2a: Mudsdale|94/302 brn|[from] brn\n|upkeep\n|turn|10\n|\n|t:|1782814365\n|move|p1a: Houndstone|Poltergeist||[still]\n|-fail|p1a: Houndstone\n|move|p2a: Mudsdale|Earthquake|p1a: Houndstone\n|-damage|p1a: Houndstone|204/264\n|\n|-heal|p1a: Houndstone|220/264|[from] item: Leftovers\n|-damage|p2a: Mudsdale|76/302 brn|[from] brn\n|upkeep\n|turn|11\n|\n|t:|1782814376\n|move|p1a: Houndstone|Body Press|p2a: Mudsdale\n|-damage|p2a: Mudsdale|63/302 brn\n|move|p2a: Mudsdale|Stone Edge|p1a: Houndstone\n|-damage|p1a: Houndstone|182/264\n|\n|-heal|p1a: Houndstone|198/264|[from] item: Leftovers\n|-damage|p2a: Mudsdale|45/302 brn|[from] brn\n|upkeep\n|turn|12\n|\n|t:|1782814384\n|move|p1a: Houndstone|Body Press|p2a: Mudsdale\n|-damage|p2a: Mudsdale|32/302 brn\n|move|p2a: Mudsdale|Stone Edge|p1a: Houndstone|[miss]\n|-miss|p2a: Mudsdale|p1a: Houndstone\n|\n|-heal|p1a: Houndstone|214/264|[from] item: Leftovers\n|-damage|p2a: Mudsdale|14/302 brn|[from] brn\n|upkeep\n|turn|13\n|\n|t:|1782814390\n|move|p1a: Houndstone|Body Press|p2a: Mudsdale\n|-damage|p2a: Mudsdale|0 fnt\n|faint|p2a: Mudsdale\n|\n|-heal|p1a: Houndstone|230/264|[from] item: Leftovers\n|upkeep\n|\n|t:|1782814407\n|switch|p2a: Ogerpon|Ogerpon-Wellspring, L76, F|247/247\n|turn|14\n|\n|t:|1782814421\n|move|p2a: Ogerpon|Ivy Cudgel|p1a: Houndstone|[anim] Ivy Cudgel Water\n|-damage|p1a: Houndstone|115/264\n|move|p1a: Houndstone|Body Press|p2a: Ogerpon\n|-damage|p2a: Ogerpon|178/247\n|\n|-heal|p1a: Houndstone|131/264|[from] item: Leftovers\n|upkeep\n|turn|15\n|\n|t:|1782814429\n|-terastallize|p2a: Ogerpon|Water\n|detailschange|p2a: Ogerpon|Ogerpon-Wellspring-Tera, L76, F, tera:Water\n|-ability|p2a: Ogerpon|Embody Aspect (Wellspring)|boost\n|-boost|p2a: Ogerpon|spd|1\n|-terastallize|p1a: Houndstone|Fighting\n|move|p2a: Ogerpon|Ivy Cudgel|p1a: Houndstone|[anim] Ivy Cudgel Water\n|-damage|p1a: Houndstone|0 fnt\n|faint|p1a: Houndstone\n|\n|upkeep\n|\n|t:|1782814445\n|switch|p1a: Kilowattrel|Kilowattrel, L83, F|252/252\n|turn|16\n|\n|t:|1782814452\n|switch|p2a: Arboliva|Arboliva, L91, M|290/290\n|move|p1a: Kilowattrel|Discharge|p2a: Arboliva\n|-resisted|p2a: Arboliva\n|-damage|p2a: Arboliva|258/290\n|-fieldstart|move: Grassy Terrain|[from] ability: Seed Sower|[of] p2a: Arboliva\n|\n|-heal|p2a: Arboliva|276/290|[from] Grassy Terrain\n|-heal|p2a: Arboliva|290/290|[from] item: Leftovers\n|upkeep\n|turn|17\n|\n|t:|1782814464\n|move|p1a: Kilowattrel|U-turn|p2a: Arboliva\n|-supereffective|p2a: Arboliva\n|-damage|p2a: Arboliva|216/290\n|\n|t:|1782814471\n|switch|p1a: Sableye|Sableye, L88, M|178/231|[from] U-turn\n|move|p2a: Arboliva|Hyper Voice|p1a: Sableye\n|-immune|p1a: Sableye\n|\n|-heal|p1a: Sableye|192/231|[from] Grassy Terrain\n|-heal|p1a: Sableye|206/231|[from] item: Leftovers\n|-heal|p2a: Arboliva|234/290|[from] Grassy Terrain\n|-heal|p2a: Arboliva|252/290|[from] item: Leftovers\n|upkeep\n|turn|18\n|\n|t:|1782814479\n|move|p1a: Sableye|Encore|p2a: Arboliva\n|-start|p2a: Arboliva|Encore\n|move|p2a: Arboliva|Hyper Voice|p1a: Sableye\n|-immune|p1a: Sableye\n|\n|-heal|p1a: Sableye|220/231|[from] Grassy Terrain\n|-heal|p1a: Sableye|231/231|[from] item: Leftovers\n|-heal|p2a: Arboliva|270/290|[from] Grassy Terrain\n|-heal|p2a: Arboliva|288/290|[from] item: Leftovers\n|upkeep\n|turn|19\n|\n|t:|1782814484\n|switch|p2a: Ogerpon|Ogerpon-Wellspring-Tera, L76, F, tera:Water|178/247\n|-ability|p2a: Ogerpon|Embody Aspect (Wellspring)|boost\n|-boost|p2a: Ogerpon|spd|1\n|move|p1a: Sableye|Will-O-Wisp|p2a: Ogerpon\n|-status|p2a: Ogerpon|brn\n|\n|-heal|p2a: Ogerpon|193/247 brn|[from] Grassy Terrain\n|-damage|p2a: Ogerpon|178/247 brn|[from] brn\n|upkeep\n|turn|20\n|\n|t:|1782814492\n|move|p2a: Ogerpon|Encore|p1a: Sableye\n|-start|p1a: Sableye|Encore\n|move|p1a: Sableye|Will-O-Wisp|p2a: Ogerpon\n|-fail|p2a: Ogerpon|brn\n|\n|-heal|p2a: Ogerpon|193/247 brn|[from] Grassy Terrain\n|-damage|p2a: Ogerpon|178/247 brn|[from] brn\n|-fieldend|move: Grassy Terrain\n|upkeep\n|turn|21\n|\n|t:|1782814506\n|move|p1a: Sableye|Will-O-Wisp|p2a: Ogerpon\n|-fail|p2a: Ogerpon|brn\n|move|p2a: Ogerpon|Ivy Cudgel|p1a: Sableye|[anim] Ivy Cudgel Water\n|-damage|p1a: Sableye|138/231\n|\n|-heal|p1a: Sableye|152/231|[from] item: Leftovers\n|-damage|p2a: Ogerpon|163/247 brn|[from] brn\n|upkeep\n|turn|22\n|\n|t:|1782814513\n|move|p1a: Sableye|Will-O-Wisp|p2a: Ogerpon\n|-fail|p2a: Ogerpon|brn\n|move|p2a: Ogerpon|Ivy Cudgel|p1a: Sableye|[anim] Ivy Cudgel Water\n|-damage|p1a: Sableye|59/231\n|\n|-heal|p1a: Sableye|73/231|[from] item: Leftovers\n|-damage|p2a: Ogerpon|148/247 brn|[from] brn\n|-end|p1a: Sableye|Encore\n|upkeep\n|turn|23\n|\n|t:|1782814521\n|move|p1a: Sableye|Recover|p1a: Sableye\n|-heal|p1a: Sableye|189/231\n|move|p2a: Ogerpon|Ivy Cudgel|p1a: Sableye|[anim] Ivy Cudgel Water\n|-crit|p1a: Sableye\n|-damage|p1a: Sableye|56/231\n|\n|-heal|p1a: Sableye|70/231|[from] item: Leftovers\n|-damage|p2a: Ogerpon|133/247 brn|[from] brn\n|upkeep\n|turn|24\n|\n|t:|1782814538\n|move|p1a: Sableye|Recover|p1a: Sableye\n|-heal|p1a: Sableye|186/231\n|move|p2a: Ogerpon|Encore|p1a: Sableye\n|-start|p1a: Sableye|Encore\n|\n|-heal|p1a: Sableye|200/231|[from] item: Leftovers\n|-damage|p2a: Ogerpon|118/247 brn|[from] brn\n|upkeep\n|turn|25\n|\n|t:|1782814554\n|switch|p2a: Altaria|Altaria, L89, F|278/278\n|move|p1a: Sableye|Recover|p1a: Sableye\n|-heal|p1a: Sableye|231/231\n|\n|upkeep\n|turn|26\n|\n|t:|1782814560\n|move|p1a: Sableye|Recover||[still]\n|-fail|p1a: Sableye|heal\n|move|p2a: Altaria|Dragon Dance|p2a: Altaria\n|-boost|p2a: Altaria|atk|1\n|-boost|p2a: Altaria|spe|1\n|\n|upkeep\n|turn|27\n|\n|t:|1782814573\n|move|p1a: Sableye|Recover||[still]\n|-fail|p1a: Sableye|heal\n|move|p2a: Altaria|Brave Bird|p1a: Sableye\n|-damage|p1a: Sableye|62/231\n|-damage|p2a: Altaria|222/278|[from] Recoil\n|\n|-heal|p1a: Sableye|76/231|[from] item: Leftovers\n|-end|p1a: Sableye|Encore\n|upkeep\n|turn|28\n|\n|t:|1782814598\n|switch|p2a: Ogerpon|Ogerpon-Wellspring-Tera, L76, F, tera:Water|118/247 brn\n|-ability|p2a: Ogerpon|Embody Aspect (Wellspring)|boost\n|-boost|p2a: Ogerpon|spd|1\n|move|p1a: Sableye|Will-O-Wisp|p2a: Ogerpon\n|-fail|p2a: Ogerpon|brn\n|\n|-heal|p1a: Sableye|90/231|[from] item: Leftovers\n|-damage|p2a: Ogerpon|103/247 brn|[from] brn\n|upkeep\n|turn|29\n|\n|t:|1782814606\n|move|p1a: Sableye|Recover|p1a: Sableye\n|-heal|p1a: Sableye|206/231\n|move|p2a: Ogerpon|Encore|p1a: Sableye\n|-start|p1a: Sableye|Encore\n|\n|-heal|p1a: Sableye|220/231|[from] item: Leftovers\n|-damage|p2a: Ogerpon|88/247 brn|[from] brn\n|upkeep\n|turn|30\n|\n|t:|1782814611\n|switch|p2a: Altaria|Altaria, L89, F|222/278\n|move|p1a: Sableye|Recover|p1a: Sableye\n|-heal|p1a: Sableye|231/231\n|\n|upkeep\n|turn|31\n|\n|t:|1782814615\n|move|p1a: Sableye|Recover||[still]\n|-fail|p1a: Sableye|heal\n|move|p2a: Altaria|Brave Bird|p1a: Sableye\n|-damage|p1a: Sableye|114/231\n|-damage|p2a: Altaria|183/278|[from] Recoil\n|\n|-heal|p1a: Sableye|128/231|[from] item: Leftovers\n|-end|p1a: Sableye|Encore\n|upkeep\n|turn|32\n|\n|t:|1782814623\n|switch|p2a: Ogerpon|Ogerpon-Wellspring-Tera, L76, F, tera:Water|88/247 brn\n|-ability|p2a: Ogerpon|Embody Aspect (Wellspring)|boost\n|-boost|p2a: Ogerpon|spd|1\n|move|p1a: Sableye|Will-O-Wisp|p2a: Ogerpon\n|-fail|p2a: Ogerpon|brn\n|\n|-heal|p1a: Sableye|142/231|[from] item: Leftovers\n|-damage|p2a: Ogerpon|73/247 brn|[from] brn\n|upkeep\n|turn|33\n|\n|t:|1782814638\n|move|p1a: Sableye|Encore||[still]\n|-fail|p1a: Sableye\n|move|p2a: Ogerpon|Wood Hammer|p1a: Sableye\n|-damage|p1a: Sableye|65/231\n|-damage|p2a: Ogerpon|48/247 brn|[from] Recoil\n|\n|-heal|p1a: Sableye|79/231|[from] item: Leftovers\n|-damage|p2a: Ogerpon|33/247 brn|[from] brn\n|upkeep\n|turn|34\n|\n|t:|1782814649\n|move|p2a: Ogerpon|Synthesis|p2a: Ogerpon\n|-heal|p2a: Ogerpon|156/247 brn\n|move|p1a: Sableye|Knock Off|p2a: Ogerpon\n|-damage|p2a: Ogerpon|86/247 brn\n|\n|-heal|p1a: Sableye|93/231|[from] item: Leftovers\n|-damage|p2a: Ogerpon|71/247 brn|[from] brn\n|upkeep\n|turn|35\n|\n|t:|1782814657\n|move|p1a: Sableye|Encore|p2a: Ogerpon\n|-start|p2a: Ogerpon|Encore\n|move|p2a: Ogerpon|Synthesis|p2a: Ogerpon\n|-heal|p2a: Ogerpon|194/247 brn\n|\n|-heal|p1a: Sableye|107/231|[from] item: Leftovers\n|-damage|p2a: Ogerpon|179/247 brn|[from] brn\n|upkeep\n|turn|36\n|\n|t:|1782814667\n|move|p2a: Ogerpon|Synthesis|p2a: Ogerpon\n|-heal|p2a: Ogerpon|247/247 brn\n|move|p1a: Sableye|Knock Off|p2a: Ogerpon\n|-damage|p2a: Ogerpon|174/247 brn\n|\n|-heal|p1a: Sableye|121/231|[from] item: Leftovers\n|-damage|p2a: Ogerpon|159/247 brn|[from] brn\n|upkeep\n|turn|37\n|\n|t:|1782814672\n|switch|p2a: Arboliva|Arboliva, L91, M|288/290\n|move|p1a: Sableye|Knock Off|p2a: Arboliva\n|-damage|p2a: Arboliva|209/290\n|-fieldstart|move: Grassy Terrain|[from] ability: Seed Sower|[of] p2a: Arboliva\n|-enditem|p2a: Arboliva|Leftovers|[from] move: Knock Off|[of] p1a: Sableye\n|\n|-heal|p1a: Sableye|135/231|[from] Grassy Terrain\n|-heal|p1a: Sableye|149/231|[from] item: Leftovers\n|-heal|p2a: Arboliva|227/290|[from] Grassy Terrain\n|upkeep\n|turn|38\n|\n|t:|1782814683\n|move|p1a: Sableye|Will-O-Wisp|p2a: Arboliva|[miss]\n|-miss|p1a: Sableye|p2a: Arboliva\n|move|p2a: Arboliva|Energy Ball|p1a: Sableye\n|-damage|p1a: Sableye|0 fnt\n|faint|p1a: Sableye\n|\n|-heal|p2a: Arboliva|245/290|[from] Grassy Terrain\n|upkeep\n|\n|t:|1782814688\n|switch|p1a: Kilowattrel|Kilowattrel, L83, F|252/252\n|turn|39\n|\n|t:|1782814700\n|switch|p2a: Altaria|Altaria, L89, F|183/278\n|move|p1a: Kilowattrel|U-turn|p2a: Altaria\n|-resisted|p2a: Altaria\n|-damage|p2a: Altaria|166/278\n|\n|t:|1782814703\n|switch|p1a: Solgaleo|Solgaleo, L74|325/325|[from] U-turn\n|\n|upkeep\n|turn|40\n|\n|t:|1782814719\n|move|p2a: Altaria|Dragon Dance|p2a: Altaria\n|-boost|p2a: Altaria|atk|1\n|-boost|p2a: Altaria|spe|1\n|move|p1a: Solgaleo|Sunsteel Strike|p2a: Altaria\n|-damage|p2a: Altaria|60/278\n|\n|upkeep\n|turn|41\n|\n|t:|1782814725\n|move|p2a: Altaria|Roost|p2a: Altaria\n|-heal|p2a: Altaria|199/278\n|-singleturn|p2a: Altaria|move: Roost\n|move|p1a: Solgaleo|Sunsteel Strike|p2a: Altaria\n|-damage|p2a: Altaria|103/278\n|\n|-heal|p2a: Altaria|120/278|[from] Grassy Terrain\n|-fieldend|move: Grassy Terrain\n|upkeep\n|turn|42\n|\n|t:|1782814733\n|move|p2a: Altaria|Roost|p2a: Altaria\n|-heal|p2a: Altaria|259/278\n|-singleturn|p2a: Altaria|move: Roost\n|move|p1a: Solgaleo|Sunsteel Strike|p2a: Altaria\n|-damage|p2a: Altaria|148/278\n|\n|upkeep\n|turn|43\n|\n|t:|1782814741\n|move|p2a: Altaria|Dragon Dance|p2a: Altaria\n|-boost|p2a: Altaria|atk|1\n|-boost|p2a: Altaria|spe|1\n|move|p1a: Solgaleo|Knock Off|p2a: Altaria\n|-damage|p2a: Altaria|86/278\n|-enditem|p2a: Altaria|Heavy-Duty Boots|[from] move: Knock Off|[of] p1a: Solgaleo\n|\n|upkeep\n|turn|44\n|\n|t:|1782814746\n|move|p2a: Altaria|Roost|p2a: Altaria\n|-heal|p2a: Altaria|225/278\n|-singleturn|p2a: Altaria|move: Roost\n|move|p1a: Solgaleo|Sunsteel Strike|p2a: Altaria\n|-damage|p2a: Altaria|117/278\n|\n|upkeep\n|turn|45\n|\n|t:|1782814758\n|move|p2a: Altaria|Roost|p2a: Altaria\n|-heal|p2a: Altaria|256/278\n|-singleturn|p2a: Altaria|move: Roost\n|move|p1a: Solgaleo|Sunsteel Strike|p2a: Altaria\n|-damage|p2a: Altaria|150/278\n|\n|upkeep\n|turn|46\n|\n|t:|1782814765\n|move|p2a: Altaria|Earthquake|p1a: Solgaleo\n|-supereffective|p1a: Solgaleo\n|-damage|p1a: Solgaleo|99/325\n|move|p1a: Solgaleo|Knock Off|p2a: Altaria\n|-damage|p2a: Altaria|108/278\n|\n|-heal|p1a: Solgaleo|119/325|[from] item: Leftovers\n|upkeep\n|turn|47\n|\n|t:|1782814777\n|move|p2a: Altaria|Roost|p2a: Altaria\n|-heal|p2a: Altaria|247/278\n|-singleturn|p2a: Altaria|move: Roost\n|move|p1a: Solgaleo|Sunsteel Strike|p2a: Altaria\n|-damage|p2a: Altaria|141/278\n|\n|-heal|p1a: Solgaleo|139/325|[from] item: Leftovers\n|upkeep\n|turn|48\n|\n|t:|1782814785\n|move|p2a: Altaria|Dragon Dance|p2a: Altaria\n|-boost|p2a: Altaria|atk|1\n|-boost|p2a: Altaria|spe|1\n|move|p1a: Solgaleo|Morning Sun|p1a: Solgaleo\n|-heal|p1a: Solgaleo|301/325\n|\n|-heal|p1a: Solgaleo|321/325|[from] item: Leftovers\n|upkeep\n|turn|49\n|\n|t:|1782814794\n|move|p2a: Altaria|Dragon Dance|p2a: Altaria\n|-boost|p2a: Altaria|atk|1\n|-boost|p2a: Altaria|spe|1\n|move|p1a: Solgaleo|Sunsteel Strike|p2a: Altaria\n|-crit|p2a: Altaria\n|-damage|p2a: Altaria|0 fnt\n|faint|p2a: Altaria\n|\n|-heal|p1a: Solgaleo|325/325|[from] item: Leftovers\n|upkeep\n|\n|t:|1782814809\n|switch|p2a: Arboliva|Arboliva, L91, M|245/290\n|turn|50\n|\n|t:|1782814821\n|move|p1a: Solgaleo|Close Combat|p2a: Arboliva\n|-supereffective|p2a: Arboliva\n|-damage|p2a: Arboliva|81/290\n|-unboost|p1a: Solgaleo|def|1\n|-unboost|p1a: Solgaleo|spd|1\n|-fieldstart|move: Grassy Terrain|[from] ability: Seed Sower|[of] p2a: Arboliva\n|move|p2a: Arboliva|Earth Power|p1a: Solgaleo\n|-supereffective|p1a: Solgaleo\n|-damage|p1a: Solgaleo|13/325\n|\n|-heal|p1a: Solgaleo|33/325|[from] Grassy Terrain\n|-heal|p1a: Solgaleo|53/325|[from] item: Leftovers\n|-heal|p2a: Arboliva|99/290|[from] Grassy Terrain\n|upkeep\n|turn|51\n|\n|t:|1782814832\n|switch|p2a: Houndstone|Houndstone, L86, F|264/264\n|move|p1a: Solgaleo|Close Combat|p2a: Houndstone\n|-immune|p2a: Houndstone\n|\n|-heal|p1a: Solgaleo|73/325|[from] Grassy Terrain\n|-heal|p1a: Solgaleo|93/325|[from] item: Leftovers\n|upkeep\n|turn|52\n|\n|t:|1782814849\n|move|p2a: Houndstone|Shadow Sneak|p1a: Solgaleo\n|-supereffective|p1a: Solgaleo\n|-damage|p1a: Solgaleo|0 fnt\n|faint|p1a: Solgaleo\n|\n|upkeep\n|\n|t:|1782814851\n|switch|p1a: Kilowattrel|Kilowattrel, L83, F|252/252\n|turn|53\n|\n|t:|1782814862\n|move|p1a: Kilowattrel|Discharge|p2a: Houndstone\n|-damage|p2a: Houndstone|204/264\n|move|p2a: Houndstone|Poltergeist|p1a: Kilowattrel\n|-activate|p1a: Kilowattrel|move: Poltergeist|Heavy-Duty Boots\n|-damage|p1a: Kilowattrel|80/252\n|\n|-heal|p2a: Houndstone|220/264|[from] Grassy Terrain\n|upkeep\n|turn|54\n|\n|t:|1782814891\n|move|p1a: Kilowattrel|Discharge|p2a: Houndstone\n|-damage|p2a: Houndstone|162/264\n|move|p2a: Houndstone|Poltergeist|p1a: Kilowattrel\n|-activate|p1a: Kilowattrel|move: Poltergeist|Heavy-Duty Boots\n|-damage|p1a: Kilowattrel|0 fnt\n|faint|p1a: Kilowattrel\n|\n|win|yang1111\n|raw|brush_of's rating: 1372 &rarr; <strong>1353</strong><br />(-19 for losing)\n|raw|yang1111's rating: 1391 &rarr; <strong>1410</strong><br />(+19 for winning)\n|l|\u2606brush_of\n|player|p1|\n", "inputlog": ">version f8ac14003a5f27e1bdc8d8c59608a773c1cb96e5\n>start {\"formatid\":\"gen9randombattle\",\"seed\":\"sodium,4e2819cd4cd8962af65cd919eaaf36ee\",\"rated\":\"Rated battle\"}\n>player p1 {\"name\":\"brush_of\",\"avatar\":\"265\",\"rating\":1372,\"seed\":\"sodium,6722378ba3375a77266f42bc8f3485fd\"}\n>player p2 {\"name\":\"yang1111\",\"avatar\":\"1\",\"rating\":1391,\"seed\":\"sodium,fff89cbdd6c5ccd6baedf0543b50b2d8\"}\n>p1 move uturn\n>p2 move heavyslam\n>p1 switch 4\n>p1 move tripleaxel\n>p2 move heavyslam\n>p1 switch 5\n>p1 move playrough\n>p2 move earthquake\n>p1 move wish\n>p2 move heavyslam\n>p1 move protect\n>p2 move heavyslam\n>p1 move playrough\n>p2 move heavyslam\n>p1 move bodypress\n>p2 move heavyslam\n>p1 switch 2\n>p1 move willowisp\n>p2 move earthquake\n>p1 move knockoff\n>p2 move roar\n>p1 move poltergeist\n>p2 move earthquake\n>p1 move bodypress\n>p2 move stoneedge\n>p1 move bodypress\n>p2 move stoneedge\n>p1 move bodypress\n>p2 move stoneedge\n>p2 switch 2\n>p1 move bodypress\n>p2 move ivycudgel\n>p1 move rest terastallize\n>p2 move ivycudgel terastallize\n>p1 switch 4\n>p1 move discharge\n>p2 switch 5\n>p1 move uturn\n>p2 move hypervoice\n>p1 switch 6\n>p1 move encore\n>p2 move energyball\n>p1 move willowisp\n>p2 switch 5\n>p1 move knockoff\n>p2 move encore\n>p1 move willowisp\n>p2 move ivycudgel\n>p1 move willowisp\n>p2 move ivycudgel\n>p1 move recover\n>p2 move ivycudgel\n>p1 move recover\n>p2 move encore\n>p1 move recover\n>p2 switch 6\n>p1 move recover\n>p2 move dragondance\n>p1 move recover\n>p2 move bravebird\n>p1 move willowisp\n>p2 switch 6\n>p1 move recover\n>p2 move encore\n>p1 move recover\n>p2 switch 6\n>p1 move recover\n>p2 move bravebird\n>p1 move willowisp\n>p2 switch 6\n>p1 move encore\n>p2 move woodhammer\n>p1 move knockoff\n>p2 move synthesis\n>p1 move encore\n>p2 move synthesis\n>p1 move knockoff\n>p2 move synthesis\n>p1 move knockoff\n>p2 switch 5\n>p1 move willowisp\n>p2 move energyball\n>p1 switch 6\n>p1 move uturn\n>p2 switch 6\n>p1 switch 3\n>p1 move sunsteelstrike\n>p2 move dragondance\n>p1 move sunsteelstrike\n>p2 move roost\n>p1 move sunsteelstrike\n>p2 move roost\n>p1 move knockoff\n>p2 move dragondance\n>p1 move sunsteelstrike\n>p2 move roost\n>p1 move sunsteelstrike\n>p2 move roost\n>p1 move knockoff\n>p2 move earthquake\n>p1 move sunsteelstrike\n>p2 move roost\n>p1 move morningsun\n>p2 move dragondance\n>p1 move sunsteelstrike\n>p2 move dragondance\n>p2 switch 6\n>p1 move closecombat\n>p2 move earthpower\n>p1 move closecombat\n>p2 switch 3\n>p1 move morningsun\n>p2 move shadowsneak\n>p1 switch 3\n>p1 move discharge\n>p2 move poltergeist\n>p1 move discharge\n>p2 move poltergeist", "uploadtime": 1782814898, "views": 3, "formatid": "gen9randombattle", "rating": 1353, "private": 0, "password": null, "player_dets": [{"name": "brush_of", "avatar": "265", "rating": 1372, "seed": "sodium,6722378ba3375a77266f42bc8f3485fd"}, {"name": "yang1111", "avatar": "1", "rating": 1391, "seed": "sodium,fff89cbdd6c5ccd6baedf0543b50b2d8"}], "teams_full": [{"Kilowattrel": {"name": "Kilowattrel", "species": "Kilowattrel", "speciesId": "kilowattrel", "gender": "F", "shiny": false, "level": 83, "moves": ["roost", "hurricane", "uturn", "discharge"], "ability": "Volt Absorb", "evs": {"hp": 85, "atk": 85, "def": 85, "spa": 85, "spd": 85, "spe": 85}, "ivs": {"hp": 31, "atk": 31, "def": 31, "spa": 31, "spd": 31, "spe": 31}, "item": "Heavy-Duty Boots", "teraType": "Water", "role": "Bulky Attacker", "bvs": {"hp": 70, "atk": 70, "def": 60, "spa": 105, "spd": 60, "spe": 125}, "stats": {"hp": 252, "atk": 164, "def": 147, "spa": 222, "spd": 147, "spe": 255}, "types": ["Electric", "Flying"]}, "Sableye": {"name": "Sableye", "species": "Sableye", "speciesId": "sableye", "gender": "M", "shiny": false, "level": 88, "moves": ["willowisp", "knockoff", "encore", "recover"], "ability": "Prankster", "evs": {"hp": 85, "atk": 85, "def": 85, "spa": 85, "spd": 85, "spe": 85}, "ivs": {"hp": 31, "atk": 31, "def": 31, "spa": 31, "spd": 31, "spe": 31}, "item": "Leftovers", "teraType": "Poison", "role": "Bulky Support", "bvs": {"hp": 50, "atk": 75, "def": 75, "spa": 65, "spd": 65, "spe": 50}, "stats": {"hp": 231, "atk": 182, "def": 182, "spa": 165, "spd": 165, "spe": 138}, "types": ["Dark", "Ghost"]}, "Solgaleo": {"name": "Solgaleo", "species": "Solgaleo", "speciesId": "solgaleo", "gender": "N", "shiny": false, "level": 74, "moves": ["closecombat", "knockoff", "morningsun", "sunsteelstrike"], "ability": "Full Metal Body", "evs": {"hp": 85, "atk": 85, "def": 85, "spa": 85, "spd": 85, "spe": 85}, "ivs": {"hp": 31, "atk": 31, "def": 31, "spa": 31, "spd": 31, "spe": 31}, "item": "Leftovers", "teraType": "Water", "role": "Bulky Attacker", "bvs": {"hp": 137, "atk": 137, "def": 107, "spa": 113, "spd": 89, "spe": 97}, "stats": {"hp": 325, "atk": 246, "def": 201, "spa": 210, "spd": 175, "spe": 187}, "types": ["Psychic", "Steel"]}, "Meowscarada": {"name": "Meowscarada", "species": "Meowscarada", "speciesId": "meowscarada", "gender": "F", "shiny": false, "level": 78, "moves": ["uturn", "tripleaxel", "knockoff", "flowertrick"], "ability": "Protean", "evs": {"hp": 85, "atk": 85, "def": 85, "spa": 85, "spd": 85, "spe": 85}, "ivs": {"hp": 31, "atk": 31, "def": 31, "spa": 31, "spd": 31, "spe": 31}, "item": "Choice Band", "teraType": "Grass", "role": "Fast Support", "bvs": {"hp": 76, "atk": 110, "def": 70, "spa": 81, "spd": 70, "spe": 123}, "stats": {"hp": 247, "atk": 217, "def": 154, "spa": 171, "spd": 154, "spe": 237}, "types": ["Grass", "Dark"]}, "Dachsbun": {"name": "Dachsbun", "species": "Dachsbun", "speciesId": "dachsbun", "gender": "F", "shiny": false, "level": 92, "moves": ["bodypress", "wish", "protect", "playrough"], "ability": "Well-Baked Body", "evs": {"hp": 85, "atk": 85, "def": 85, "spa": 85, "spd": 85, "spe": 85}, "ivs": {"hp": 31, "atk": 31, "def": 31, "spa": 31, "spd": 31, "spe": 31}, "item": "Leftovers", "teraType": "Steel", "role": "Bulky Support", "bvs": {"hp": 57, "atk": 80, "def": 115, "spa": 50, "spd": 80, "spe": 95}, "stats": {"hp": 254, "atk": 200, "def": 264, "spa": 144, "spd": 200, "spe": 227}, "types": ["Fairy"]}, "Houndstone": {"name": "Houndstone", "species": "Houndstone", "speciesId": "houndstone", "gender": "M", "shiny": false, "level": 86, "moves": ["poltergeist", "bodypress", "rest", "sleeptalk"], "ability": "Fluffy", "evs": {"hp": 85, "atk": 85, "def": 85, "spa": 85, "spd": 85, "spe": 85}, "ivs": {"hp": 31, "atk": 31, "def": 31, "spa": 31, "spd": 31, "spe": 31}, "item": "Leftovers", "teraType": "Fighting", "role": "Bulky Support", "bvs": {"hp": 72, "atk": 101, "def": 100, "spa": 50, "spd": 97, "spe": 68}, "stats": {"hp": 264, "atk": 223, "def": 221, "spa": 135, "spd": 216, "spe": 166}, "types": ["Ghost"]}}, {"Mudsdale": {"name": "Mudsdale", "species": "Mudsdale", "speciesId": "mudsdale", "gender": "M", "shiny": false, "level": 83, "moves": ["earthquake", "roar", "heavyslam", "stoneedge"], "ability": "Stamina", "evs": {"hp": 85, "atk": 85, "def": 85, "spa": 85, "spd": 85, "spe": 85}, "ivs": {"hp": 31, "atk": 31, "def": 31, "spa": 31, "spd": 31, "spe": 31}, "item": "Leftovers", "teraType": "Steel", "role": "Bulky Attacker", "bvs": {"hp": 100, "atk": 125, "def": 100, "spa": 55, "spd": 85, "spe": 35}, "stats": {"hp": 302, "atk": 255, "def": 214, "spa": 139, "spd": 189, "spe": 106}, "types": ["Ground"]}, "Ogerpon": {"name": "Ogerpon", "species": "Ogerpon-Wellspring", "speciesId": "ogerponwellspring", "gender": "F", "shiny": false, "level": 76, "moves": ["encore", "ivycudgel", "woodhammer", "synthesis"], "ability": "Water Absorb", "evs": {"hp": 85, "atk": 85, "def": 85, "spa": 85, "spd": 85, "spe": 85}, "ivs": {"hp": 31, "atk": 31, "def": 31, "spa": 31, "spd": 31, "spe": 31}, "item": "Wellspring Mask", "teraType": "Water", "role": "Bulky Attacker", "bvs": {"hp": 80, "atk": 120, "def": 84, "spa": 60, "spd": 96, "spe": 110}, "stats": {"hp": 247, "atk": 226, "def": 172, "spa": 135, "spd": 190, "spe": 211}, "types": ["Grass", "Water"]}, "Houndstone": {"name": "Houndstone", "species": "Houndstone", "speciesId": "houndstone", "gender": "F", "shiny": false, "level": 86, "moves": ["poltergeist", "playrough", "shadowsneak", "bodypress"], "ability": "Fluffy", "evs": {"hp": 85, "atk": 85, "def": 85, "spa": 85, "spd": 85, "spe": 85}, "ivs": {"hp": 31, "atk": 31, "def": 31, "spa": 31, "spd": 31, "spe": 31}, "item": "Assault Vest", "teraType": "Fighting", "role": "AV Pivot", "bvs": {"hp": 72, "atk": 101, "def": 100, "spa": 50, "spd": 97, "spe": 68}, "stats": {"hp": 264, "atk": 223, "def": 221, "spa": 135, "spd": 216, "spe": 166}, "types": ["Ghost"]}, "Zamazenta": {"name": "Zamazenta", "species": "Zamazenta", "speciesId": "zamazentacrowned", "gender": "N", "shiny": false, "level": 68, "moves": ["irondefense", "heavyslam", "bodypress", "stoneedge"], "ability": "Dauntless Shield", "evs": {"hp": 85, "atk": 85, "def": 85, "spa": 85, "spd": 85, "spe": 85}, "ivs": {"hp": 31, "atk": 31, "def": 31, "spa": 31, "spd": 31, "spe": 31}, "item": "Rusted Shield", "teraType": "Fighting", "role": "Bulky Setup", "bvs": {"hp": 92, "atk": 120, "def": 140, "spa": 80, "spd": 140, "spe": 128}, "stats": {"hp": 238, "atk": 203, "def": 230, "spa": 149, "spd": 230, "spe": 214}, "types": ["Fighting", "Steel"]}, "Arboliva": {"name": "Arboliva", "species": "Arboliva", "speciesId": "arboliva", "gender": "M", "shiny": false, "level": 91, "moves": ["hypervoice", "strengthsap", "earthpower", "energyball"], "ability": "Seed Sower", "evs": {"hp": 85, "atk": 0, "def": 85, "spa": 85, "spd": 85, "spe": 85}, "ivs": {"hp": 31, "atk": 0, "def": 31, "spa": 31, "spd": 31, "spe": 31}, "item": "Leftovers", "teraType": "Poison", "role": "Bulky Attacker", "bvs": {"hp": 78, "atk": 69, "def": 90, "spa": 125, "spd": 109, "spe": 39}, "stats": {"hp": 290, "atk": 130, "def": 216, "spa": 279, "spd": 250, "spe": 123}, "types": ["Grass", "Normal"]}, "Altaria": {"name": "Altaria", "species": "Altaria", "speciesId": "altaria", "gender": "F", "shiny": false, "level": 89, "moves": ["dragondance", "roost", "bravebird", "earthquake"], "ability": "Natural Cure", "evs": {"hp": 85, "atk": 85, "def": 85, "spa": 85, "spd": 85, "spe": 85}, "ivs": {"hp": 31, "atk": 31, "def": 31, "spa": 31, "spd": 31, "spe": 31}, "item": "Heavy-Duty Boots", "teraType": "Steel", "role": "Bulky Setup", "bvs": {"hp": 75, "atk": 70, "def": 90, "spa": 70, "spd": 105, "spe": 80}, "stats": {"hp": 278, "atk": 175, "def": 211, "spa": 175, "spd": 238, "spe": 193}, "types": ["Dragon", "Flying"]}}]}