{"id": "gen9randombattle-2641482720", "format": "[Gen 9] Random Battle", "players": ["shamu142", "Uday30"], "log": "|j|\u2606shamu142\n|j|\u2606Uday30\n|t:|1782791998\n|gametype|singles\n|player|p1|shamu142|baker|2244\n|player|p2|Uday30|ghetsis-gen5bw|2182\n|gen|9\n|tier|[Gen 9] Random Battle\n|rated|\n|rule|Species Clause: Limit one of each Pok\u00e9mon\n|rule|HP Percentage Mod: HP is shown in percentages\n|rule|Sleep Clause Mod: Limit one foe put to sleep\n|rule|Illusion Level Mod: Illusion disguises the Pok\u00e9mon's true level\n|\n|t:|1782791998\n|teamsize|p1|6\n|teamsize|p2|6\n|start\n|switch|p1a: Charizard|Charizard, L85, F|271/271\n|switch|p2a: Morpeko|Morpeko, L88, M|245/245\n|turn|1\n|inactive|Battle timer is ON: inactive players will automatically lose when time's up. (requested by Uday30)\n|inactive|shamu142 has 120 seconds left.\n|\n|t:|1782792058\n|switch|p1a: Gastrodon|Gastrodon, L86, F|331/331\n|move|p2a: Morpeko|Aura Wheel|p1a: Gastrodon\n|-immune|p1a: Gastrodon\n|\n|-formechange|p2a: Morpeko|Morpeko-Hangry||[from] ability: Hunger Switch\n|upkeep\n|turn|2\n|inactive|Uday30 has 120 seconds left.\n|\n|t:|1782792092\n|switch|p2a: Bellossom|Bellossom, L84, F|263/263\n|move|p1a: Gastrodon|Stealth Rock|p2a: Bellossom\n|-sidestart|p2: Uday30|move: Stealth Rock\n|\n|upkeep\n|turn|3\n|\n|t:|1782792111\n|switch|p1a: Lunala|Lunala, L70|308/308\n|move|p2a: Bellossom|Quiver Dance|p2a: Bellossom\n|-boost|p2a: Bellossom|spa|1\n|-boost|p2a: Bellossom|spd|1\n|-boost|p2a: Bellossom|spe|1\n|\n|upkeep\n|turn|4\n|\n|t:|1782792118\n|move|p2a: Bellossom|Quiver Dance|p2a: Bellossom\n|-boost|p2a: Bellossom|spa|1\n|-boost|p2a: Bellossom|spd|1\n|-boost|p2a: Bellossom|spe|1\n|move|p1a: Lunala|Calm Mind|p1a: Lunala\n|-boost|p1a: Lunala|spa|1\n|-boost|p1a: Lunala|spd|1\n|\n|upkeep\n|turn|5\n|\n|t:|1782792126\n|switch|p2a: Qwilfish|Qwilfish-Hisui, L83, F|244/244\n|-damage|p2a: Qwilfish|214/244|[from] Stealth Rock\n|-ability|p2a: Qwilfish|Intimidate|boost\n|-unboost|p1a: Lunala|atk|1\n|move|p1a: Lunala|Moongeist Beam|p2a: Qwilfish\n|-resisted|p2a: Qwilfish\n|-damage|p2a: Qwilfish|140/244\n|\n|upkeep\n|turn|6\n|\n|t:|1782792135\n|move|p2a: Qwilfish|Toxic Spikes|p1a: Lunala\n|-sidestart|p1: shamu142|move: Toxic Spikes\n|move|p1a: Lunala|Moongeist Beam|p2a: Qwilfish\n|-resisted|p2a: Qwilfish\n|-damage|p2a: Qwilfish|74/244\n|\n|upkeep\n|turn|7\n|\n|t:|1782792142\n|move|p2a: Qwilfish|Crunch|p1a: Lunala\n|-supereffective|p1a: Lunala\n|-damage|p1a: Lunala|120/308\n|move|p1a: Lunala|Moongeist Beam|p2a: Qwilfish\n|-resisted|p2a: Qwilfish\n|-damage|p2a: Qwilfish|5/244\n|\n|-heal|p1a: Lunala|139/308|[from] item: Leftovers\n|upkeep\n|turn|8\n|\n|t:|1782792151\n|switch|p1a: Charizard|Charizard, L85, F|271/271\n|move|p2a: Qwilfish|Crunch|p1a: Charizard\n|-damage|p1a: Charizard|189/271\n|\n|upkeep\n|turn|9\n|\n|t:|1782792170\n|move|p1a: Charizard|Earthquake|p2a: Qwilfish\n|-supereffective|p2a: Qwilfish\n|-damage|p2a: Qwilfish|0 fnt\n|faint|p2a: Qwilfish\n|\n|upkeep\n|\n|t:|1782792179\n|switch|p2a: Morpeko|Morpeko, L88, M|245/245\n|-damage|p2a: Morpeko|215/245|[from] Stealth Rock\n|turn|10\n|\n|t:|1782792186\n|move|p2a: Morpeko|Knock Off|p1a: Charizard\n|-damage|p1a: Charizard|66/271\n|-enditem|p1a: Charizard|Heavy-Duty Boots|[from] move: Knock Off|[of] p2a: Morpeko\n|move|p1a: Charizard|Earthquake|p2a: Morpeko\n|-supereffective|p2a: Morpeko\n|-damage|p2a: Morpeko|51/245\n|\n|-heal|p2a: Morpeko|66/245|[from] item: Leftovers\n|-formechange|p2a: Morpeko|Morpeko-Hangry||[from] ability: Hunger Switch\n|upkeep\n|turn|11\n|\n|t:|1782792195\n|move|p2a: Morpeko|Aura Wheel|p1a: Charizard\n|-damage|p1a: Charizard|0 fnt\n|-boost|p2a: Morpeko|spe|1\n|faint|p1a: Charizard\n|\n|-heal|p2a: Morpeko|81/245|[from] item: Leftovers\n|-formechange|p2a: Morpeko|Morpeko||[from] ability: Hunger Switch\n|upkeep\n|\n|t:|1782792201\n|switch|p1a: Gastrodon|Gastrodon, L86, F|331/331\n|-status|p1a: Gastrodon|psn\n|turn|12\n|\n|t:|1782792210\n|switch|p2a: Illumise|Illumise, L91, F|266/266\n|switch|p1a: Lunala|Lunala, L70|139/308\n|-status|p1a: Lunala|psn\n|\n|-heal|p1a: Lunala|158/308 psn|[from] item: Leftovers\n|-damage|p1a: Lunala|120/308 psn|[from] psn\n|upkeep\n|turn|13\n|\n|t:|1782792219\n|move|p2a: Illumise|Bug Buzz|p1a: Lunala\n|-damage|p1a: Lunala|26/308 psn\n|move|p1a: Lunala|Moonlight|p1a: Lunala\n|-heal|p1a: Lunala|180/308 psn\n|\n|-heal|p1a: Lunala|199/308 psn|[from] item: Leftovers\n|-damage|p1a: Lunala|161/308 psn|[from] psn\n|upkeep\n|turn|14\n|\n|t:|1782792228\n|switch|p1a: Magmortar|Magmortar, L88, F|275/275\n|move|p2a: Illumise|Bug Buzz|p1a: Magmortar\n|-resisted|p1a: Magmortar\n|-damage|p1a: Magmortar|233/275\n|\n|upkeep\n|turn|15\n|\n|t:|1782792234\n|move|p2a: Illumise|Thunder Wave|p1a: Magmortar\n|-status|p1a: Magmortar|par\n|move|p1a: Magmortar|Fire Blast|p2a: Illumise\n|-supereffective|p2a: Illumise\n|-damage|p2a: Illumise|0 fnt\n|faint|p2a: Illumise\n|\n|upkeep\n|\n|t:|1782792247\n|switch|p2a: Blastoise|Blastoise, L80, F|258/258\n|-damage|p2a: Blastoise|226/258|[from] Stealth Rock\n|turn|16\n|\n|t:|1782792253\n|move|p2a: Blastoise|Shell Smash|p2a: Blastoise\n|-unboost|p2a: Blastoise|def|1\n|-unboost|p2a: Blastoise|spd|1\n|-boost|p2a: Blastoise|atk|2\n|-boost|p2a: Blastoise|spa|2\n|-boost|p2a: Blastoise|spe|2\n|-enditem|p2a: Blastoise|White Herb\n|-clearnegativeboost|p2a: Blastoise|[silent]\n|move|p1a: Magmortar|Focus Blast|p2a: Blastoise\n|-damage|p2a: Blastoise|124/258\n|\n|upkeep\n|turn|17\n|\n|t:|1782792262\n|switch|p1a: Gastrodon|Gastrodon, L86, F|331/331 psn\n|move|p2a: Blastoise|Earthquake|p1a: Gastrodon\n|-damage|p1a: Gastrodon|204/331 psn\n|\n|-heal|p1a: Gastrodon|224/331 psn|[from] item: Leftovers\n|-damage|p1a: Gastrodon|183/331 psn|[from] psn\n|upkeep\n|turn|18\n|inactive|shamu142 has 120 seconds left.\n|\n|t:|1782792294\n|move|p2a: Blastoise|Earthquake|p1a: Gastrodon\n|-damage|p1a: Gastrodon|38/331 psn\n|move|p1a: Gastrodon|Earthquake|p2a: Blastoise\n|-damage|p2a: Blastoise|28/258\n|\n|-heal|p1a: Gastrodon|58/331 psn|[from] item: Leftovers\n|-damage|p1a: Gastrodon|17/331 psn|[from] psn\n|upkeep\n|turn|19\n|\n|t:|1782792302\n|move|p2a: Blastoise|Earthquake|p1a: Gastrodon\n|-damage|p1a: Gastrodon|0 fnt\n|faint|p1a: Gastrodon\n|\n|upkeep\n|\n|t:|1782792310\n|switch|p1a: Mimikyu|Mimikyu, L79, M|216/216\n|-status|p1a: Mimikyu|psn\n|turn|20\n|\n|t:|1782792316\n|move|p2a: Blastoise|Ice Beam|p1a: Mimikyu\n|-activate|p1a: Mimikyu|ability: Disguise\n|-damage|p1a: Mimikyu|216/216 psn\n|detailschange|p1a: Mimikyu|Mimikyu-Busted, L79, M\n|-damage|p1a: Mimikyu|189/216 psn|[from] pokemon: Mimikyu-Busted\n|move|p1a: Mimikyu|Swords Dance|p1a: Mimikyu\n|-boost|p1a: Mimikyu|atk|2\n|\n|-damage|p1a: Mimikyu|162/216 psn|[from] psn\n|upkeep\n|turn|21\n|\n|t:|1782792326\n|move|p1a: Mimikyu|Shadow Sneak|p2a: Blastoise\n|-damage|p2a: Blastoise|0 fnt\n|faint|p2a: Blastoise\n|-damage|p1a: Mimikyu|141/216 psn|[from] item: Life Orb\n|\n|-damage|p1a: Mimikyu|114/216 psn|[from] psn\n|upkeep\n|\n|t:|1782792336\n|switch|p2a: Ambipom|Ambipom, L84, M|263/263\n|-damage|p2a: Ambipom|231/263|[from] Stealth Rock\n|turn|22\n|\n|t:|1782792340\n|switch|p1a: Magmortar|Magmortar, L88, F|233/275 par\n|move|p2a: Ambipom|Knock Off|p1a: Magmortar\n|-crit|p1a: Magmortar\n|-damage|p1a: Magmortar|103/275 par\n|-enditem|p1a: Magmortar|Heavy-Duty Boots|[from] move: Knock Off|[of] p2a: Ambipom\n|\n|upkeep\n|turn|23\n|\n|t:|1782792347\n|move|p2a: Ambipom|Double-Edge|p1a: Magmortar\n|-damage|p1a: Magmortar|0 fnt\n|faint|p1a: Magmortar\n|-damage|p2a: Ambipom|197/263|[from] Recoil\n|\n|upkeep\n|\n|t:|1782792350\n|switch|p1a: Reuniclus|Reuniclus, L88, M|337/337\n|-status|p1a: Reuniclus|psn\n|turn|24\n|\n|t:|1782792356\n|move|p2a: Ambipom|U-turn|p1a: Reuniclus\n|-supereffective|p1a: Reuniclus\n|-damage|p1a: Reuniclus|217/337 psn\n|\n|t:|1782792359\n|switch|p2a: Morpeko|Morpeko, L88, M|81/245|[from] U-turn\n|-damage|p2a: Morpeko|51/245|[from] Stealth Rock\n|move|p1a: Reuniclus|Psychic|p2a: Morpeko\n|-immune|p2a: Morpeko\n|\n|-heal|p2a: Morpeko|66/245|[from] item: Leftovers\n|-formechange|p2a: Morpeko|Morpeko-Hangry||[from] ability: Hunger Switch\n|upkeep\n|turn|25\n|\n|t:|1782792369\n|-terastallize|p1a: Reuniclus|Steel\n|move|p2a: Morpeko|Knock Off|p1a: Reuniclus\n|-damage|p1a: Reuniclus|103/337 psn\n|-enditem|p1a: Reuniclus|Life Orb|[from] move: Knock Off|[of] p2a: Morpeko\n|move|p1a: Reuniclus|Recover|p1a: Reuniclus\n|-heal|p1a: Reuniclus|272/337 psn\n|\n|-heal|p2a: Morpeko|81/245|[from] item: Leftovers\n|-formechange|p2a: Morpeko|Morpeko||[from] ability: Hunger Switch\n|upkeep\n|turn|26\n|\n|t:|1782792379\n|move|p2a: Morpeko|Aura Wheel|p1a: Reuniclus\n|-damage|p1a: Reuniclus|145/337 psn\n|-boost|p2a: Morpeko|spe|1\n|move|p1a: Reuniclus|Focus Blast|p2a: Morpeko|[miss]\n|-miss|p1a: Reuniclus|p2a: Morpeko\n|\n|-heal|p2a: Morpeko|96/245|[from] item: Leftovers\n|-formechange|p2a: Morpeko|Morpeko-Hangry||[from] ability: Hunger Switch\n|upkeep\n|turn|27\n|\n|t:|1782792390\n|move|p2a: Morpeko|Aura Wheel|p1a: Reuniclus\n|-damage|p1a: Reuniclus|10/337 psn\n|-boost|p2a: Morpeko|spe|1\n|move|p1a: Reuniclus|Recover|p1a: Reuniclus\n|-heal|p1a: Reuniclus|179/337 psn\n|\n|-heal|p2a: Morpeko|111/245|[from] item: Leftovers\n|-formechange|p2a: Morpeko|Morpeko||[from] ability: Hunger Switch\n|upkeep\n|turn|28\n|\n|t:|1782792399\n|move|p2a: Morpeko|Aura Wheel|p1a: Reuniclus\n|-damage|p1a: Reuniclus|52/337 psn\n|-boost|p2a: Morpeko|spe|1\n|move|p1a: Reuniclus|Recover|p1a: Reuniclus\n|-heal|p1a: Reuniclus|221/337 psn\n|\n|-heal|p2a: Morpeko|126/245|[from] item: Leftovers\n|-formechange|p2a: Morpeko|Morpeko-Hangry||[from] ability: Hunger Switch\n|upkeep\n|turn|29\n|\n|t:|1782792408\n|move|p2a: Morpeko|Aura Wheel|p1a: Reuniclus\n|-damage|p1a: Reuniclus|92/337 psn\n|-boost|p2a: Morpeko|spe|1\n|move|p1a: Reuniclus|Recover|p1a: Reuniclus\n|-heal|p1a: Reuniclus|261/337 psn\n|\n|-heal|p2a: Morpeko|141/245|[from] item: Leftovers\n|-formechange|p2a: Morpeko|Morpeko||[from] ability: Hunger Switch\n|upkeep\n|turn|30\n|inactive|shamu142 has 120 seconds left.\n|\n|t:|1782792455\n|move|p2a: Morpeko|Aura Wheel|p1a: Reuniclus\n|-damage|p1a: Reuniclus|120/337 psn\n|-boost|p2a: Morpeko|spe|1\n|move|p1a: Reuniclus|Focus Blast|p2a: Morpeko\n|-supereffective|p2a: Morpeko\n|-damage|p2a: Morpeko|0 fnt\n|faint|p2a: Morpeko\n|\n|upkeep\n|\n|t:|1782792466\n|switch|p2a: Ambipom|Ambipom, L84, M|197/263\n|-damage|p2a: Ambipom|165/263|[from] Stealth Rock\n|turn|31\n|\n|t:|1782792494\n|switch|p1a: Mimikyu|Mimikyu-Busted, L79, M|114/216 psn\n|move|p2a: Ambipom|Fake Out|p1a: Mimikyu\n|-immune|p1a: Mimikyu\n|\n|-damage|p1a: Mimikyu|87/216 psn|[from] psn\n|upkeep\n|turn|32\n|\n|t:|1782792501\n|move|p2a: Ambipom|Knock Off|p1a: Mimikyu\n|-damage|p1a: Mimikyu|0 fnt\n|-enditem|p1a: Mimikyu|Life Orb|[from] move: Knock Off|[of] p2a: Ambipom\n|faint|p1a: Mimikyu\n|\n|upkeep\n|c|\u2606Uday30|gg\n|inactive|shamu142 has 90 seconds left.\n|\n|t:|1782792543\n|switch|p1a: Reuniclus|Reuniclus, L88, M, tera:Steel|120/337 psn\n|turn|33\n|\n|t:|1782792547\n|-terastallize|p2a: Ambipom|Normal\n|move|p2a: Ambipom|Double-Edge|p1a: Reuniclus\n|-resisted|p1a: Reuniclus\n|-damage|p1a: Reuniclus|1/337 psn\n|-damage|p2a: Ambipom|126/263|[from] Recoil\n|move|p1a: Reuniclus|Recover|p1a: Reuniclus\n|-heal|p1a: Reuniclus|170/337 psn\n|\n|upkeep\n|turn|34\n|\n|t:|1782792557\n|move|p2a: Ambipom|U-turn|p1a: Reuniclus\n|-resisted|p1a: Reuniclus\n|-damage|p1a: Reuniclus|144/337 psn\n|\n|t:|1782792560\n|switch|p2a: Bellossom|Bellossom, L84, F|263/263|[from] U-turn\n|-damage|p2a: Bellossom|231/263|[from] Stealth Rock\n|move|p1a: Reuniclus|Recover|p1a: Reuniclus\n|-heal|p1a: Reuniclus|313/337 psn\n|\n|-heal|p2a: Bellossom|247/263|[from] item: Leftovers\n|upkeep\n|turn|35\n|inactive|shamu142 has 90 seconds left.\n|\n|t:|1782792592\n|move|p2a: Bellossom|Quiver Dance|p2a: Bellossom\n|-boost|p2a: Bellossom|spa|1\n|-boost|p2a: Bellossom|spd|1\n|-boost|p2a: Bellossom|spe|1\n|move|p1a: Reuniclus|Calm Mind|p1a: Reuniclus\n|-boost|p1a: Reuniclus|spa|1\n|-boost|p1a: Reuniclus|spd|1\n|\n|-heal|p2a: Bellossom|263/263|[from] item: Leftovers\n|upkeep\n|turn|36\n|\n|t:|1782792600\n|move|p2a: Bellossom|Quiver Dance|p2a: Bellossom\n|-boost|p2a: Bellossom|spa|1\n|-boost|p2a: Bellossom|spd|1\n|-boost|p2a: Bellossom|spe|1\n|move|p1a: Reuniclus|Calm Mind|p1a: Reuniclus\n|-boost|p1a: Reuniclus|spa|1\n|-boost|p1a: Reuniclus|spd|1\n|\n|upkeep\n|turn|37\n|inactive|shamu142 has 90 seconds left.\n|\n|t:|1782792607\n|move|p2a: Bellossom|Quiver Dance|p2a: Bellossom\n|-boost|p2a: Bellossom|spa|1\n|-boost|p2a: Bellossom|spd|1\n|-boost|p2a: Bellossom|spe|1\n|move|p1a: Reuniclus|Calm Mind|p1a: Reuniclus\n|-boost|p1a: Reuniclus|spa|1\n|-boost|p1a: Reuniclus|spd|1\n|\n|upkeep\n|turn|38\n|\n|t:|1782792613\n|move|p2a: Bellossom|Quiver Dance|p2a: Bellossom\n|-boost|p2a: Bellossom|spa|1\n|-boost|p2a: Bellossom|spd|1\n|-boost|p2a: Bellossom|spe|1\n|move|p1a: Reuniclus|Calm Mind|p1a: Reuniclus\n|-boost|p1a: Reuniclus|spa|1\n|-boost|p1a: Reuniclus|spd|1\n|\n|upkeep\n|turn|39\n|\n|t:|1782792620\n|move|p2a: Bellossom|Quiver Dance|p2a: Bellossom\n|-boost|p2a: Bellossom|spa|1\n|-boost|p2a: Bellossom|spd|1\n|-boost|p2a: Bellossom|spe|1\n|move|p1a: Reuniclus|Calm Mind|p1a: Reuniclus\n|-boost|p1a: Reuniclus|spa|1\n|-boost|p1a: Reuniclus|spd|1\n|\n|upkeep\n|turn|40\n|\n|t:|1782792634\n|move|p2a: Bellossom|Quiver Dance|p2a: Bellossom\n|-boost|p2a: Bellossom|spa|1\n|-boost|p2a: Bellossom|spd|1\n|-boost|p2a: Bellossom|spe|1\n|move|p1a: Reuniclus|Calm Mind|p1a: Reuniclus\n|-boost|p1a: Reuniclus|spa|1\n|-boost|p1a: Reuniclus|spd|1\n|\n|upkeep\n|turn|41\n|\n|t:|1782792641\n|move|p2a: Bellossom|Giga Drain|p1a: Reuniclus\n|-resisted|p1a: Reuniclus\n|-damage|p1a: Reuniclus|276/337 psn\n|move|p1a: Reuniclus|Psychic|p2a: Bellossom\n|-damage|p2a: Bellossom|139/263\n|\n|-heal|p2a: Bellossom|155/263|[from] item: Leftovers\n|upkeep\n|turn|42\n|inactive|shamu142 has 120 seconds left.\n|\n|t:|1782792657\n|move|p2a: Bellossom|Giga Drain|p1a: Reuniclus\n|-resisted|p1a: Reuniclus\n|-damage|p1a: Reuniclus|237/337 psn\n|-heal|p2a: Bellossom|175/263|[from] drain|[of] p1a: Reuniclus\n|move|p1a: Reuniclus|Psychic|p2a: Bellossom\n|-damage|p2a: Bellossom|51/263\n|\n|-heal|p2a: Bellossom|67/263|[from] item: Leftovers\n|upkeep\n|turn|43\n|\n|t:|1782792666\n|move|p2a: Bellossom|Strength Sap|p1a: Reuniclus\n|-unboost|p1a: Reuniclus|atk|1\n|-heal|p2a: Bellossom|186/263\n|move|p1a: Reuniclus|Psychic|p2a: Bellossom\n|-damage|p2a: Bellossom|74/263\n|\n|-heal|p2a: Bellossom|90/263|[from] item: Leftovers\n|upkeep\n|turn|44\n|inactive|shamu142 has 120 seconds left.\n|\n|t:|1782792685\n|move|p2a: Bellossom|Giga Drain|p1a: Reuniclus\n|-resisted|p1a: Reuniclus\n|-damage|p1a: Reuniclus|197/337 psn\n|-heal|p2a: Bellossom|110/263|[from] drain|[of] p1a: Reuniclus\n|move|p1a: Reuniclus|Psychic|p2a: Bellossom\n|-crit|p2a: Bellossom\n|-damage|p2a: Bellossom|0 fnt\n|faint|p2a: Bellossom\n|\n|upkeep\n|\n|t:|1782792693\n|switch|p2a: Ambipom|Ambipom, L84, M, tera:Normal|126/263\n|-damage|p2a: Ambipom|94/263|[from] Stealth Rock\n|turn|45\n|\n|t:|1782792708\n|move|p2a: Ambipom|Fake Out|p1a: Reuniclus\n|-resisted|p1a: Reuniclus\n|-crit|p1a: Reuniclus\n|-damage|p1a: Reuniclus|114/337 psn\n|cant|p1a: Reuniclus|flinch\n|\n|upkeep\n|turn|46\n|\n|t:|1782792713\n|move|p2a: Ambipom|Double-Edge|p1a: Reuniclus\n|-resisted|p1a: Reuniclus\n|-damage|p1a: Reuniclus|3/337 psn\n|-damage|p2a: Ambipom|57/263|[from] Recoil\n|move|p1a: Reuniclus|Psychic|p2a: Ambipom\n|-damage|p2a: Ambipom|0 fnt\n|faint|p2a: Ambipom\n|\n|win|shamu142\n", "inputlog": ">version f8ac14003a5f27e1bdc8d8c59608a773c1cb96e5\n>start {\"formatid\":\"gen9randombattle\",\"seed\":\"sodium,b0fe3abc53588c43b87f750920212330\",\"rated\":\"Rated battle\"}\n>player p1 {\"name\":\"shamu142\",\"avatar\":\"baker\",\"rating\":2244,\"seed\":\"sodium,6460aca65fcaa4a5936283f92d9e9f47\"}\n>player p2 {\"name\":\"Uday30\",\"avatar\":\"ghetsis-gen5bw\",\"rating\":2182,\"seed\":\"sodium,750748631410bd6f13121420047755e8\"}\n>p1 switch 3\n>p2 move aurawheel\n>p1 move stealthrock\n>p2 switch 2\n>p1 switch 4\n>p2 move quiverdance\n>p1 move calmmind\n>p2 move quiverdance\n>p1 move moongeistbeam\n>p2 switch 4\n>p1 move moongeistbeam\n>p2 move toxicspikes\n>p1 move moongeistbeam\n>p2 move crunch\n>p1 switch 3\n>p2 move crunch\n>p1 move earthquake\n>p2 move gunkshot\n>p2 switch 2\n>p1 move earthquake\n>p2 move knockoff\n>p1 move earthquake\n>p2 move aurawheel\n>p1 switch 4\n>p1 switch 3\n>p2 switch 6\n>p1 move moonlight\n>p2 move bugbuzz\n>p1 switch 5\n>p2 move bugbuzz\n>p1 move fireblast\n>p2 move thunderwave\n>p2 switch 5\n>p1 move focusblast\n>p2 move shellsmash\n>p1 switch 3\n>p2 move earthquake\n>p1 move earthquake\n>p2 move earthquake\n>p1 move earthquake\n>p2 move earthquake\n>p1 switch 2\n>p1 move swordsdance\n>p2 move icebeam\n>p1 move shadowsneak\n>p2 move icebeam\n>p2 switch 3\n>p1 switch 3\n>p2 move knockoff\n>p1 move fireblast\n>p2 move doubleedge\n>p1 switch 6\n>p1 move psychic\n>p2 move uturn\n>p2 switch 6\n>p1 move recover terastallize\n>p2 move knockoff\n>p1 move focusblast\n>p2 move aurawheel\n>p1 move recover\n>p2 move aurawheel\n>p1 move recover\n>p2 move aurawheel\n>p1 move recover\n>p2 move aurawheel\n>p1 move focusblast\n>p2 move aurawheel\n>p2 switch 6\n>p1 switch 3\n>p2 move fakeout\n>p1 move playrough\n>p2 move knockoff\n>chat \u2606Uday30|gg\n>p1 switch 3\n>p1 move recover\n>p2 move doubleedge terastallize\n>p1 move recover\n>p2 move uturn\n>p2 switch 4\n>p1 move calmmind\n>p2 move quiverdance\n>p1 move calmmind\n>p2 move quiverdance\n>p1 move calmmind\n>p2 move quiverdance\n>p1 move calmmind\n>p2 move quiverdance\n>p1 move calmmind\n>p2 move quiverdance\n>p1 move calmmind\n>p2 move quiverdance\n>p1 move psychic\n>p2 move gigadrain\n>p1 move psychic\n>p2 move gigadrain\n>p1 move psychic\n>p2 move strengthsap\n>p1 move psychic\n>p2 move gigadrain\n>p2 switch 4\n>p1 move psychic\n>p2 move fakeout\n>p1 move psychic\n>p2 move doubleedge", "uploadtime": 1782792000, "views": 3, "formatid": "gen9randombattle", "rating": null, "private": 0, "password": null, "player_dets": [{"name": "shamu142", "avatar": "baker", "rating": 2244, "seed": "sodium,6460aca65fcaa4a5936283f92d9e9f47"}, {"name": "Uday30", "avatar": "ghetsis-gen5bw", "rating": 2182, "seed": "sodium,750748631410bd6f13121420047755e8"}], "teams_full": [{"Charizard": {"name": "Charizard", "species": "Charizard", "speciesId": "charizard", "gender": "F", "shiny": false, "level": 85, "moves": ["earthquake", "swordsdance", "flareblitz", "outrage"], "ability": "Blaze", "evs": {"hp": 85, "atk": 85, "def": 85, "spa": 85, "spd": 85, "spe": 85}, "ivs": {"hp": 31, "atk": 31, "def": 31, "spa": 31, "spd": 31, "spe": 31}, "item": "Heavy-Duty Boots", "teraType": "Dragon", "role": "Setup Sweeper", "bvs": {"hp": 78, "atk": 84, "def": 78, "spa": 109, "spd": 85, "spe": 100}, "stats": {"hp": 271, "atk": 192, "def": 181, "spa": 234, "spd": 193, "spe": 219}, "types": ["Fire", "Flying"]}, "Mimikyu": {"name": "Mimikyu", "species": "Mimikyu", "speciesId": "mimikyu", "gender": "M", "shiny": false, "level": 79, "moves": ["shadowclaw", "shadowsneak", "playrough", "swordsdance"], "ability": "Disguise", "evs": {"hp": 85, "atk": 85, "def": 85, "spa": 85, "spd": 85, "spe": 85}, "ivs": {"hp": 31, "atk": 31, "def": 31, "spa": 31, "spd": 31, "spe": 31}, "item": "Life Orb", "teraType": "Ghost", "role": "Fast Bulky Setup", "bvs": {"hp": 55, "atk": 90, "def": 80, "spa": 50, "spd": 105, "spe": 96}, "stats": {"hp": 216, "atk": 188, "def": 172, "spa": 125, "spd": 211, "spe": 197}, "types": ["Ghost", "Fairy"]}, "Gastrodon": {"name": "Gastrodon", "species": "Gastrodon", "speciesId": "gastrodon", "gender": "F", "shiny": false, "level": 86, "moves": ["surf", "stealthrock", "recover", "earthquake"], "ability": "Storm Drain", "evs": {"hp": 85, "atk": 85, "def": 85, "spa": 85, "spd": 85, "spe": 85}, "ivs": {"hp": 31, "atk": 31, "def": 31, "spa": 31, "spd": 31, "spe": 31}, "item": "Leftovers", "teraType": "Poison", "role": "Bulky Support", "bvs": {"hp": 111, "atk": 83, "def": 68, "spa": 92, "spd": 82, "spe": 39}, "stats": {"hp": 331, "atk": 192, "def": 166, "spa": 207, "spd": 190, "spe": 116}, "types": ["Water", "Ground"]}, "Lunala": {"name": "Lunala", "species": "Lunala", "speciesId": "lunala", "gender": "N", "shiny": false, "level": 70, "moves": ["moonlight", "calmmind", "psyshock", "moongeistbeam"], "ability": "Shadow Shield", "evs": {"hp": 85, "atk": 0, "def": 85, "spa": 85, "spd": 85, "spe": 85}, "ivs": {"hp": 31, "atk": 0, "def": 31, "spa": 31, "spd": 31, "spe": 31}, "item": "Leftovers", "teraType": "Fairy", "role": "Fast Bulky Setup", "bvs": {"hp": 137, "atk": 113, "def": 89, "spa": 137, "spd": 107, "spe": 97}, "stats": {"hp": 308, "atk": 163, "def": 166, "spa": 233, "spd": 191, "spe": 177}, "types": ["Psychic", "Ghost"]}, "Magmortar": {"name": "Magmortar", "species": "Magmortar", "speciesId": "magmortar", "gender": "F", "shiny": false, "level": 88, "moves": ["taunt", "fireblast", "focusblast", "scorchingsands"], "ability": "Flame Body", "evs": {"hp": 85, "atk": 0, "def": 85, "spa": 85, "spd": 85, "spe": 85}, "ivs": {"hp": 31, "atk": 0, "def": 31, "spa": 31, "spd": 31, "spe": 31}, "item": "Heavy-Duty Boots", "teraType": "Fighting", "role": "Wallbreaker", "bvs": {"hp": 75, "atk": 95, "def": 67, "spa": 125, "spd": 95, "spe": 83}, "stats": {"hp": 275, "atk": 172, "def": 168, "spa": 270, "spd": 217, "spe": 196}, "types": ["Fire"]}, "Reuniclus": {"name": "Reuniclus", "species": "Reuniclus", "speciesId": "reuniclus", "gender": "M", "shiny": false, "level": 88, "moves": ["recover", "calmmind", "focusblast", "psychic"], "ability": "Magic Guard", "evs": {"hp": 85, "atk": 0, "def": 85, "spa": 85, "spd": 85, "spe": 85}, "ivs": {"hp": 31, "atk": 0, "def": 31, "spa": 31, "spd": 31, "spe": 31}, "item": "Life Orb", "teraType": "Steel", "role": "Bulky Setup", "bvs": {"hp": 110, "atk": 65, "def": 75, "spa": 125, "spd": 85, "spe": 30}, "stats": {"hp": 337, "atk": 119, "def": 182, "spa": 270, "spd": 200, "spe": 103}, "types": ["Psychic"]}}, {"Morpeko": {"name": "Morpeko", "species": "Morpeko", "speciesId": "morpeko", "gender": "M", "shiny": false, "level": 88, "moves": ["knockoff", "protect", "rapidspin", "aurawheel"], "ability": "Hunger Switch", "evs": {"hp": 85, "atk": 85, "def": 85, "spa": 85, "spd": 85, "spe": 85}, "ivs": {"hp": 31, "atk": 31, "def": 31, "spa": 31, "spd": 31, "spe": 31}, "item": "Leftovers", "teraType": "Electric", "role": "Bulky Attacker", "bvs": {"hp": 58, "atk": 95, "def": 58, "spa": 70, "spd": 58, "spe": 97}, "stats": {"hp": 245, "atk": 217, "def": 152, "spa": 173, "spd": 152, "spe": 221}, "types": ["Electric", "Dark"]}, "Bellossom": {"name": "Bellossom", "species": "Bellossom", "speciesId": "bellossom", "gender": "F", "shiny": false, "level": 84, "moves": ["gigadrain", "quiverdance", "terablast", "strengthsap"], "ability": "Chlorophyll", "evs": {"hp": 85, "atk": 0, "def": 85, "spa": 85, "spd": 85, "spe": 85}, "ivs": {"hp": 31, "atk": 0, "def": 31, "spa": 31, "spd": 31, "spe": 31}, "item": "Leftovers", "teraType": "Rock", "role": "Tera Blast user", "bvs": {"hp": 75, "atk": 80, "def": 95, "spa": 90, "spd": 100, "spe": 50}, "stats": {"hp": 263, "atk": 139, "def": 208, "spa": 199, "spd": 216, "spe": 132}, "types": ["Grass"]}, "Ambipom": {"name": "Ambipom", "species": "Ambipom", "speciesId": "ambipom", "gender": "M", "shiny": false, "level": 84, "moves": ["knockoff", "fakeout", "uturn", "doubleedge"], "ability": "Technician", "evs": {"hp": 85, "atk": 85, "def": 85, "spa": 85, "spd": 85, "spe": 85}, "ivs": {"hp": 31, "atk": 31, "def": 31, "spa": 31, "spd": 31, "spe": 31}, "item": "Silk Scarf", "teraType": "Normal", "role": "Wallbreaker", "bvs": {"hp": 75, "atk": 100, "def": 66, "spa": 60, "spd": 66, "spe": 115}, "stats": {"hp": 263, "atk": 216, "def": 159, "spa": 149, "spd": 159, "spe": 241}, "types": ["Normal"]}, "Qwilfish": {"name": "Qwilfish", "species": "Qwilfish-Hisui", "speciesId": "qwilfishhisui", "gender": "F", "shiny": false, "level": 83, "moves": ["crunch", "toxicspikes", "taunt", "gunkshot"], "ability": "Intimidate", "evs": {"hp": 85, "atk": 85, "def": 85, "spa": 85, "spd": 85, "spe": 85}, "ivs": {"hp": 31, "atk": 31, "def": 31, "spa": 31, "spd": 31, "spe": 31}, "item": "Eviolite", "teraType": "Flying", "role": "Bulky Support", "bvs": {"hp": 65, "atk": 95, "def": 85, "spa": 55, "spd": 55, "spe": 85}, "stats": {"hp": 244, "atk": 205, "def": 189, "spa": 139, "spd": 139, "spe": 189}, "types": ["Dark", "Poison"]}, "Blastoise": {"name": "Blastoise", "species": "Blastoise", "speciesId": "blastoise", "gender": "F", "shiny": false, "level": 80, "moves": ["icebeam", "earthquake", "hydropump", "shellsmash"], "ability": "Torrent", "evs": {"hp": 85, "atk": 85, "def": 85, "spa": 85, "spd": 85, "spe": 85}, "ivs": {"hp": 31, "atk": 31, "def": 31, "spa": 31, "spd": 31, "spe": 31}, "item": "White Herb", "teraType": "Water", "role": "Setup Sweeper", "bvs": {"hp": 79, "atk": 83, "def": 100, "spa": 85, "spd": 105, "spe": 78}, "stats": {"hp": 258, "atk": 179, "def": 206, "spa": 182, "spd": 214, "spe": 171}, "types": ["Water"]}, "Illumise": {"name": "Illumise", "species": "Illumise", "speciesId": "illumise", "gender": "F", "shiny": false, "level": 91, "moves": ["thunderwave", "encore", "roost", "bugbuzz"], "ability": "Prankster", "evs": {"hp": 85, "atk": 0, "def": 85, "spa": 85, "spd": 85, "spe": 85}, "ivs": {"hp": 31, "atk": 0, "def": 31, "spa": 31, "spd": 31, "spe": 31}, "item": "Heavy-Duty Boots", "teraType": "Steel", "role": "Bulky Support", "bvs": {"hp": 65, "atk": 47, "def": 75, "spa": 73, "spd": 85, "spe": 85}, "stats": {"hp": 266, "atk": 90, "def": 188, "spa": 185, "spd": 207, "spe": 207}, "types": ["Bug"]}}]}