{"id": "gen9randombattle-2641736838", "format": "[Gen 9] Random Battle", "players": ["igiveuponaname", "pocketmuensters"], "log": "|j|\u2606igiveuponaname\n|j|\u2606pocketmuensters\n|t:|1782835871\n|gametype|singles\n|player|p1|igiveuponaname|miku-fire|2037\n|player|p2|pocketmuensters|169|1966\n|gen|9\n|tier|[Gen 9] Random Battle\n|rated|\n|rule|Species Clause: Limit one of each Pok\u00e9mon\n|rule|HP Percentage Mod: HP is shown in percentages\n|rule|Sleep Clause Mod: Limit one foe put to sleep\n|rule|Illusion Level Mod: Illusion disguises the Pok\u00e9mon's true level\n|\n|t:|1782835871\n|teamsize|p1|6\n|teamsize|p2|6\n|start\n|switch|p1a: Venusaur|Venusaur, L84, M|272/272\n|switch|p2a: Cinderace|Cinderace, L77, M|250/250\n|turn|1\n|inactive|Battle timer is ON: inactive players will automatically lose when time's up. (requested by igiveuponaname)\n|\n|t:|1782835881\n|switch|p1a: Camerupt|Camerupt, L91, F|275/275\n|move|p2a: Cinderace|Pyro Ball|p1a: Camerupt\n|-resisted|p1a: Camerupt\n|-damage|p1a: Camerupt|206/275\n|\n|-heal|p1a: Camerupt|223/275|[from] item: Leftovers\n|upkeep\n|turn|2\n|\n|t:|1782835895\n|move|p2a: Cinderace|U-turn|p1a: Camerupt\n|-start|p2a: Cinderace|typechange|Bug|[from] ability: Libero\n|-resisted|p1a: Camerupt\n|-damage|p1a: Camerupt|182/275\n|\n|t:|1782835904\n|switch|p2a: Milotic|Milotic, L83, F|293/293|[from] U-turn\n|move|p1a: Camerupt|Stealth Rock|p2a: Milotic\n|-sidestart|p2: pocketmuensters|move: Stealth Rock\n|\n|-heal|p1a: Camerupt|199/275|[from] item: Leftovers\n|upkeep\n|turn|3\n|\n|t:|1782835914\n|switch|p1a: Cacturne|Cacturne, L92, F|278/278\n|move|p2a: Milotic|Scald|p1a: Cacturne\n|-immune|p1a: Cacturne|[from] ability: Water Absorb\n|\n|upkeep\n|turn|4\n|\n|t:|1782835925\n|switch|p2a: Cinderace|Cinderace, L77, M|250/250\n|move|p1a: Cacturne|Knock Off|p2a: Cinderace\n|-damage|p2a: Cinderace|19/250\n|-enditem|p2a: Cinderace|Heavy-Duty Boots|[from] move: Knock Off|[of] p1a: Cacturne\n|-damage|p1a: Cacturne|251/278|[from] item: Life Orb\n|\n|upkeep\n|turn|5\n|\n|t:|1782835933\n|switch|p1a: Camerupt|Camerupt, L91, F|199/275\n|move|p2a: Cinderace|Court Change|p2a: Cinderace\n|-start|p2a: Cinderace|typechange|Normal|[from] ability: Libero\n|-swapsideconditions\n|-activate|p2a: Cinderace|move: Court Change\n|\n|-heal|p1a: Camerupt|216/275|[from] item: Leftovers\n|upkeep\n|turn|6\n|\n|t:|1782835941\n|move|p2a: Cinderace|U-turn|p1a: Camerupt\n|-resisted|p1a: Camerupt\n|-damage|p1a: Camerupt|190/275\n|\n|t:|1782835952\n|switch|p2a: Piloswine|Piloswine, L85, M|309/309|[from] U-turn\n|move|p1a: Camerupt|Stealth Rock|p2a: Piloswine\n|-sidestart|p2: pocketmuensters|move: Stealth Rock\n|\n|-heal|p1a: Camerupt|207/275|[from] item: Leftovers\n|upkeep\n|turn|7\n|\n|t:|1782835964\n|switch|p1a: Regigigas|Regigigas, L84|322/322\n|-damage|p1a: Regigigas|282/322|[from] Stealth Rock\n|-start|p1a: Regigigas|ability: Slow Start\n|move|p2a: Piloswine|Icicle Crash|p1a: Regigigas\n|-damage|p1a: Regigigas|207/322\n|\n|-heal|p1a: Regigigas|227/322|[from] item: Leftovers\n|upkeep\n|turn|8\n|\n|t:|1782835982\n|switch|p2a: Milotic|Milotic, L83, F|293/293\n|-damage|p2a: Milotic|257/293|[from] Stealth Rock\n|move|p1a: Regigigas|Knock Off|p2a: Milotic\n|-damage|p2a: Milotic|203/293\n|-enditem|p2a: Milotic|Leftovers|[from] move: Knock Off|[of] p1a: Regigigas\n|\n|-heal|p1a: Regigigas|247/322|[from] item: Leftovers\n|upkeep\n|turn|9\n|\n|t:|1782835994\n|move|p2a: Milotic|Scald|p1a: Regigigas\n|-damage|p1a: Regigigas|169/322\n|move|p1a: Regigigas|Body Slam|p2a: Milotic\n|-damage|p2a: Milotic|125/293\n|\n|-heal|p1a: Regigigas|189/322|[from] item: Leftovers\n|upkeep\n|turn|10\n|\n|t:|1782836001\n|move|p2a: Milotic|Recover|p2a: Milotic\n|-heal|p2a: Milotic|272/293\n|move|p1a: Regigigas|Body Slam|p2a: Milotic\n|-damage|p2a: Milotic|194/293\n|\n|-heal|p1a: Regigigas|209/322|[from] item: Leftovers\n|upkeep\n|turn|11\n|\n|t:|1782836029\n|move|p2a: Milotic|Scald|p1a: Regigigas\n|-damage|p1a: Regigigas|142/322\n|move|p1a: Regigigas|Rest|p1a: Regigigas\n|-status|p1a: Regigigas|slp|[from] move: Rest\n|-heal|p1a: Regigigas|322/322 slp|[silent]\n|\n|upkeep\n|turn|12\n|\n|t:|1782836040\n|switch|p2a: Dialga|Dialga-Origin, L73|266/266\n|-damage|p2a: Dialga|250/266|[from] Stealth Rock\n|-ability|p2a: Dialga|Pressure\n|cant|p1a: Regigigas|slp\n|move|p1a: Regigigas|Sleep Talk|p1a: Regigigas\n|move|p1a: Regigigas|Body Slam|p2a: Dialga|[from] move: Sleep Talk\n|-resisted|p2a: Dialga\n|-damage|p2a: Dialga|220/266\n|-status|p2a: Dialga|par\n|\n|-end|p1a: Regigigas|Slow Start\n|upkeep\n|turn|13\n|\n|t:|1782836054\n|cant|p1a: Regigigas|slp\n|move|p1a: Regigigas|Sleep Talk|p1a: Regigigas\n|move|p1a: Regigigas|Rest||[from] move: Sleep Talk|[still]\n|-fail|p1a: Regigigas\n|move|p2a: Dialga|Dragon Tail|p1a: Regigigas|[miss]\n|-miss|p2a: Dialga|p1a: Regigigas\n|\n|upkeep\n|turn|14\n|\n|t:|1782836062\n|-curestatus|p1a: Regigigas|slp|[msg]\n|move|p1a: Regigigas|Knock Off|p2a: Dialga\n|-damage|p2a: Dialga|161/266 par\n|cant|p2a: Dialga|par\n|\n|upkeep\n|turn|15\n|\n|t:|1782836067\n|move|p1a: Regigigas|Knock Off|p2a: Dialga\n|-damage|p2a: Dialga|101/266 par\n|move|p2a: Dialga|Dragon Tail|p1a: Regigigas\n|-damage|p1a: Regigigas|273/322\n|drag|p1a: Venusaur|Venusaur, L84, M|272/272\n|-damage|p1a: Venusaur|238/272|[from] Stealth Rock\n|\n|-heal|p1a: Venusaur|255/272|[from] item: Leftovers\n|upkeep\n|turn|16\n|\n|t:|1782836076\n|move|p1a: Venusaur|Leech Seed|p2a: Dialga\n|-start|p2a: Dialga|move: Leech Seed\n|move|p2a: Dialga|Fire Blast|p1a: Venusaur\n|-supereffective|p1a: Venusaur\n|-damage|p1a: Venusaur|113/272\n|-status|p1a: Venusaur|brn\n|\n|-heal|p1a: Venusaur|130/272 brn|[from] item: Leftovers\n|-damage|p2a: Dialga|68/266 par|[from] Leech Seed|[of] p1a: Venusaur\n|-heal|p1a: Venusaur|163/272 brn|[silent]\n|-damage|p1a: Venusaur|146/272 brn|[from] brn\n|upkeep\n|turn|17\n|\n|t:|1782836091\n|switch|p2a: Milotic|Milotic, L83, F|194/293\n|-damage|p2a: Milotic|158/293|[from] Stealth Rock\n|move|p1a: Venusaur|Substitute|p1a: Venusaur\n|-start|p1a: Venusaur|Substitute\n|-damage|p1a: Venusaur|78/272 brn\n|\n|-heal|p1a: Venusaur|95/272 brn|[from] item: Leftovers\n|-damage|p1a: Venusaur|78/272 brn|[from] brn\n|upkeep\n|turn|18\n|\n|t:|1782836117\n|move|p1a: Venusaur|Giga Drain|p2a: Milotic\n|-supereffective|p2a: Milotic\n|-damage|p2a: Milotic|0 fnt\n|-heal|p1a: Venusaur|157/272 brn|[from] drain|[of] p2a: Milotic\n|faint|p2a: Milotic\n|\n|-heal|p1a: Venusaur|174/272 brn|[from] item: Leftovers\n|-damage|p1a: Venusaur|157/272 brn|[from] brn\n|upkeep\n|\n|t:|1782836135\n|switch|p2a: Hydreigon|Hydreigon, L79, F|275/275\n|-damage|p2a: Hydreigon|241/275|[from] Stealth Rock\n|turn|19\n|\n|t:|1782836154\n|move|p2a: Hydreigon|U-turn|p1a: Venusaur\n|-activate|p1a: Venusaur|move: Substitute|[damage]\n|\n|t:|1782836158\n|switch|p2a: Dialga|Dialga-Origin, L73|68/266 par|[from] U-turn\n|-damage|p2a: Dialga|52/266 par|[from] Stealth Rock\n|-ability|p2a: Dialga|Pressure\n|move|p1a: Venusaur|Sludge Bomb|p2a: Dialga\n|-immune|p2a: Dialga\n|\n|-heal|p1a: Venusaur|174/272 brn|[from] item: Leftovers\n|-damage|p1a: Venusaur|157/272 brn|[from] brn\n|upkeep\n|turn|20\n|\n|t:|1782836170\n|move|p1a: Venusaur|Leech Seed|p2a: Dialga\n|-start|p2a: Dialga|move: Leech Seed\n|move|p2a: Dialga|Flash Cannon|p1a: Venusaur\n|-end|p1a: Venusaur|Substitute\n|\n|-heal|p1a: Venusaur|174/272 brn|[from] item: Leftovers\n|-damage|p2a: Dialga|19/266 par|[from] Leech Seed|[of] p1a: Venusaur\n|-heal|p1a: Venusaur|207/272 brn|[silent]\n|-damage|p1a: Venusaur|190/272 brn|[from] brn\n|upkeep\n|turn|21\n|\n|t:|1782836186\n|move|p1a: Venusaur|Substitute|p1a: Venusaur\n|-start|p1a: Venusaur|Substitute\n|-damage|p1a: Venusaur|122/272 brn\n|move|p2a: Dialga|Draco Meteor|p1a: Venusaur\n|-end|p1a: Venusaur|Substitute\n|-unboost|p2a: Dialga|spa|2\n|\n|-heal|p1a: Venusaur|139/272 brn|[from] item: Leftovers\n|-damage|p2a: Dialga|0 fnt|[from] Leech Seed|[of] p1a: Venusaur\n|-heal|p1a: Venusaur|158/272 brn|[silent]\n|faint|p2a: Dialga\n|-damage|p1a: Venusaur|141/272 brn|[from] brn\n|upkeep\n|\n|t:|1782836197\n|switch|p2a: Cinderace|Cinderace, L77, M|19/250\n|-damage|p2a: Cinderace|0 fnt|[from] Stealth Rock\n|faint|p2a: Cinderace\n|\n|t:|1782836210\n|switch|p2a: Oricorio|Oricorio, L84, F|263/263\n|turn|22\n|\n|t:|1782836216\n|move|p2a: Oricorio|Quiver Dance|p2a: Oricorio\n|-boost|p2a: Oricorio|spa|1\n|-boost|p2a: Oricorio|spd|1\n|-boost|p2a: Oricorio|spe|1\n|move|p1a: Venusaur|Leech Seed|p2a: Oricorio\n|-start|p2a: Oricorio|move: Leech Seed\n|\n|-heal|p1a: Venusaur|158/272 brn|[from] item: Leftovers\n|-damage|p2a: Oricorio|231/263|[from] Leech Seed|[of] p1a: Venusaur\n|-heal|p1a: Venusaur|190/272 brn|[silent]\n|-damage|p1a: Venusaur|173/272 brn|[from] brn\n|upkeep\n|turn|23\n|\n|t:|1782836227\n|move|p2a: Oricorio|Hurricane|p1a: Venusaur\n|-supereffective|p1a: Venusaur\n|-damage|p1a: Venusaur|0 fnt\n|faint|p1a: Venusaur\n|\n|upkeep\n|\n|t:|1782836236\n|switch|p1a: Camerupt|Camerupt, L91, F|207/275\n|-damage|p1a: Camerupt|173/275|[from] Stealth Rock\n|turn|24\n|\n|t:|1782836248\n|-terastallize|p2a: Oricorio|Ground\n|move|p2a: Oricorio|Revelation Dance|p1a: Camerupt\n|-supereffective|p1a: Camerupt\n|-damage|p1a: Camerupt|0 fnt\n|faint|p1a: Camerupt\n|\n|upkeep\n|\n|t:|1782836253\n|switch|p1a: Mimikyu|Mimikyu, L79, M|216/216\n|-damage|p1a: Mimikyu|189/216|[from] Stealth Rock\n|turn|25\n|\n|t:|1782836267\n|move|p2a: Oricorio|Revelation Dance|p1a: Mimikyu\n|-activate|p1a: Mimikyu|ability: Disguise\n|-damage|p1a: Mimikyu|189/216\n|detailschange|p1a: Mimikyu|Mimikyu-Busted, L79, M\n|-damage|p1a: Mimikyu|162/216|[from] pokemon: Mimikyu-Busted\n|move|p1a: Mimikyu|Swords Dance|p1a: Mimikyu\n|-boost|p1a: Mimikyu|atk|2\n|-activate|p2a: Oricorio|ability: Dancer\n|move|p2a: Oricorio|Swords Dance|p2a: Oricorio|[from] ability: Dancer\n|-boost|p2a: Oricorio|atk|2\n|\n|-damage|p2a: Oricorio|199/263|[from] Leech Seed|[of] p1a: Mimikyu\n|-heal|p1a: Mimikyu|194/216|[silent]\n|upkeep\n|turn|26\n|\n|t:|1782836283\n|-terastallize|p1a: Mimikyu|Ghost\n|move|p1a: Mimikyu|Shadow Sneak|p2a: Oricorio\n|-damage|p2a: Oricorio|51/263\n|-damage|p1a: Mimikyu|173/216|[from] item: Life Orb\n|move|p2a: Oricorio|Revelation Dance|p1a: Mimikyu\n|-damage|p1a: Mimikyu|41/216\n|\n|-damage|p2a: Oricorio|19/263|[from] Leech Seed|[of] p1a: Mimikyu\n|-heal|p1a: Mimikyu|73/216|[silent]\n|upkeep\n|turn|27\n|\n|t:|1782836294\n|move|p1a: Mimikyu|Shadow Sneak|p2a: Oricorio\n|-damage|p2a: Oricorio|0 fnt\n|faint|p2a: Oricorio\n|-damage|p1a: Mimikyu|52/216|[from] item: Life Orb\n|\n|upkeep\n|\n|t:|1782836298\n|switch|p2a: Piloswine|Piloswine, L85, M|309/309\n|-damage|p2a: Piloswine|271/309|[from] Stealth Rock\n|turn|28\n|\n|t:|1782836306\n|move|p1a: Mimikyu|Shadow Sneak|p2a: Piloswine\n|-damage|p2a: Piloswine|188/309\n|-damage|p1a: Mimikyu|31/216|[from] item: Life Orb\n|move|p2a: Piloswine|Icicle Crash|p1a: Mimikyu\n|-damage|p1a: Mimikyu|0 fnt\n|faint|p1a: Mimikyu\n|\n|upkeep\n|\n|t:|1782836328\n|switch|p1a: Greninja|Greninja, L80, M|246/246\n|-damage|p1a: Greninja|216/246|[from] Stealth Rock\n|turn|29\n|\n|t:|1782836337\n|move|p1a: Greninja|Hydro Pump|p2a: Piloswine|[miss]\n|-start|p1a: Greninja|typechange|Water|[from] ability: Protean\n|-miss|p1a: Greninja|p2a: Piloswine\n|move|p2a: Piloswine|Earthquake|p1a: Greninja\n|-damage|p1a: Greninja|77/246\n|\n|upkeep\n|turn|30\n|inactive|igiveuponaname has 120 seconds left.\n|\n|t:|1782836368\n|move|p1a: Greninja|Hydro Pump|p2a: Piloswine\n|-supereffective|p2a: Piloswine\n|-damage|p2a: Piloswine|0 fnt\n|faint|p2a: Piloswine\n|-damage|p1a: Greninja|53/246|[from] item: Life Orb\n|\n|upkeep\n|\n|t:|1782836373\n|switch|p2a: Hydreigon|Hydreigon, L79, F|241/275\n|-damage|p2a: Hydreigon|207/275|[from] Stealth Rock\n|turn|31\n|\n|t:|1782836387\n|move|p1a: Greninja|U-turn|p2a: Hydreigon\n|-supereffective|p2a: Hydreigon\n|-damage|p2a: Hydreigon|87/275\n|-damage|p1a: Greninja|29/246|[from] item: Life Orb\n|\n|t:|1782836391\n|switch|p1a: Cacturne|Cacturne, L92, F|251/278|[from] U-turn\n|-damage|p1a: Cacturne|217/278|[from] Stealth Rock\n|move|p2a: Hydreigon|Fire Blast|p1a: Cacturne\n|-supereffective|p1a: Cacturne\n|-damage|p1a: Cacturne|0 fnt\n|faint|p1a: Cacturne\n|\n|upkeep\n|\n|t:|1782836394\n|switch|p1a: Regigigas|Regigigas, L84|273/322\n|-damage|p1a: Regigigas|233/322|[from] Stealth Rock\n|-start|p1a: Regigigas|ability: Slow Start\n|turn|32\n|\n|t:|1782836403\n|move|p2a: Hydreigon|Fire Blast|p1a: Regigigas\n|-damage|p1a: Regigigas|133/322\n|move|p1a: Regigigas|Rest|p1a: Regigigas\n|-status|p1a: Regigigas|slp|[from] move: Rest\n|-heal|p1a: Regigigas|322/322 slp|[silent]\n|\n|upkeep\n|turn|33\n|\n|t:|1782836410\n|move|p2a: Hydreigon|Fire Blast|p1a: Regigigas\n|-damage|p1a: Regigigas|213/322 slp\n|cant|p1a: Regigigas|slp\n|move|p1a: Regigigas|Sleep Talk|p1a: Regigigas\n|move|p1a: Regigigas|Knock Off|p2a: Hydreigon|[from] move: Sleep Talk\n|-resisted|p2a: Hydreigon\n|-damage|p2a: Hydreigon|59/275\n|-enditem|p2a: Hydreigon|Choice Specs|[from] move: Knock Off|[of] p1a: Regigigas\n|\n|-heal|p1a: Regigigas|233/322 slp|[from] item: Leftovers\n|upkeep\n|turn|34\n|\n|t:|1782836421\n|move|p2a: Hydreigon|Dark Pulse|p1a: Regigigas\n|-damage|p1a: Regigigas|152/322 slp\n|cant|p1a: Regigigas|slp\n|move|p1a: Regigigas|Sleep Talk|p1a: Regigigas\n|move|p1a: Regigigas|Rest||[from] move: Sleep Talk|[still]\n|-fail|p1a: Regigigas\n|\n|-heal|p1a: Regigigas|172/322 slp|[from] item: Leftovers\n|upkeep\n|turn|35\n|\n|t:|1782836429\n|move|p2a: Hydreigon|Dark Pulse|p1a: Regigigas\n|-damage|p1a: Regigigas|91/322 slp\n|-curestatus|p1a: Regigigas|slp|[msg]\n|move|p1a: Regigigas|Rest|p1a: Regigigas\n|-status|p1a: Regigigas|slp|[from] move: Rest\n|-heal|p1a: Regigigas|322/322 slp|[silent]\n|\n|upkeep\n|turn|36\n|\n|t:|1782836437\n|move|p2a: Hydreigon|Dark Pulse|p1a: Regigigas\n|-damage|p1a: Regigigas|243/322 slp\n|cant|p1a: Regigigas|slp\n|move|p1a: Regigigas|Sleep Talk|p1a: Regigigas\n|move|p1a: Regigigas|Rest||[from] move: Sleep Talk|[still]\n|-fail|p1a: Regigigas\n|\n|-heal|p1a: Regigigas|263/322 slp|[from] item: Leftovers\n|-end|p1a: Regigigas|Slow Start\n|upkeep\n|turn|37\n|\n|t:|1782836446\n|cant|p1a: Regigigas|slp\n|move|p1a: Regigigas|Sleep Talk|p1a: Regigigas\n|move|p1a: Regigigas|Knock Off|p2a: Hydreigon|[from] move: Sleep Talk\n|-resisted|p2a: Hydreigon\n|-damage|p2a: Hydreigon|24/275\n|move|p2a: Hydreigon|Dark Pulse|p1a: Regigigas\n|-damage|p1a: Regigigas|187/322 slp\n|\n|-heal|p1a: Regigigas|207/322 slp|[from] item: Leftovers\n|upkeep\n|turn|38\n|\n|t:|1782836455\n|-curestatus|p1a: Regigigas|slp|[msg]\n|move|p1a: Regigigas|Body Slam|p2a: Hydreigon\n|-damage|p2a: Hydreigon|0 fnt\n|faint|p2a: Hydreigon\n|\n|win|igiveuponaname\n|raw|igiveuponaname's rating: 2037 &rarr; <strong>2053</strong><br />(+16 for winning)\n|raw|pocketmuensters's rating: 1966 &rarr; <strong>1950</strong><br />(-16 for losing)\n", "inputlog": ">version f8ac14003a5f27e1bdc8d8c59608a773c1cb96e5\n>start {\"formatid\":\"gen9randombattle\",\"seed\":\"sodium,ed690c29bdbb94e39f6b9b382401590b\",\"rated\":\"Rated battle\"}\n>player p1 {\"name\":\"igiveuponaname\",\"avatar\":\"miku-fire\",\"rating\":2037,\"seed\":\"sodium,b908284ec1a612d6ac16d2baa7aad337\"}\n>player p2 {\"name\":\"pocketmuensters\",\"avatar\":\"169\",\"rating\":1966,\"seed\":\"sodium,2b94179d58d394c89c5c17fa5b20c568\"}\n>p1 switch 5\n>p2 move pyroball\n>p1 move stealthrock\n>p2 move uturn\n>p2 switch 6\n>p1 switch 4\n>p2 move scald\n>p1 move knockoff\n>p2 switch 6\n>p1 switch 4\n>p2 move courtchange\n>p1 move stealthrock\n>p2 move uturn\n>p2 switch 4\n>p1 switch 6\n>p2 move iciclecrash\n>p1 move knockoff\n>p2 switch 6\n>p1 move bodyslam\n>p2 move scald\n>p1 move bodyslam\n>p2 move recover\n>p1 move rest\n>p2 move scald\n>p1 move sleeptalk\n>p2 switch 5\n>p1 move sleeptalk\n>p2 move dragontail\n>p1 move knockoff\n>p2 move dragontail\n>p1 move knockoff\n>p2 move dragontail\n>p1 move leechseed\n>p2 move fireblast\n>p1 move substitute\n>p2 switch 5\n>p1 move gigadrain\n>p2 move icebeam\n>p2 switch 3\n>p1 move sludgebomb\n>p2 move uturn\n>p2 switch 5\n>p1 move leechseed\n>p2 move flashcannon\n>p1 move substitute\n>p2 move dracometeor\n>p2 switch 4\n>p2 switch 2\n>p1 move leechseed\n>p2 move quiverdance\n>p1 move sludgebomb\n>p2 move hurricane\n>p1 switch 6\n>p1 move roar\n>p2 move revelationdance terastallize\n>p1 switch 3\n>p1 move swordsdance\n>p2 move revelationdance\n>p1 move shadowsneak terastallize\n>p2 move revelationdance\n>p1 move shadowsneak\n>p2 move revelationdance\n>p2 switch 6\n>p1 move shadowsneak\n>p2 move iciclecrash\n>p1 switch 2\n>p1 move hydropump\n>p2 move earthquake\n>p1 move hydropump\n>p2 move earthquake\n>p2 switch 5\n>p1 move uturn\n>p2 move fireblast\n>p1 switch 4\n>p1 switch 5\n>p1 move rest\n>p2 move fireblast\n>p1 move sleeptalk\n>p2 move fireblast\n>p1 move sleeptalk\n>p2 move darkpulse\n>p1 move rest\n>p2 move darkpulse\n>p1 move sleeptalk\n>p2 move darkpulse\n>p1 move sleeptalk\n>p2 move darkpulse\n>p1 move bodyslam\n>p2 move dracometeor", "uploadtime": 1782835874, "views": 5, "formatid": "gen9randombattle", "rating": 1950, "private": 0, "password": null, "player_dets": [{"name": "igiveuponaname", "avatar": "miku-fire", "rating": 2037, "seed": "sodium,b908284ec1a612d6ac16d2baa7aad337"}, {"name": "pocketmuensters", "avatar": "169", "rating": 1966, "seed": "sodium,2b94179d58d394c89c5c17fa5b20c568"}], "teams_full": [{"Venusaur": {"name": "Venusaur", "species": "Venusaur", "speciesId": "venusaur", "gender": "M", "shiny": false, "level": 84, "moves": ["substitute", "gigadrain", "sludgebomb", "leechseed"], "ability": "Overgrow", "evs": {"hp": 85, "atk": 0, "def": 85, "spa": 85, "spd": 85, "spe": 85}, "ivs": {"hp": 31, "atk": 0, "def": 31, "spa": 31, "spd": 31, "spe": 31}, "item": "Leftovers", "teraType": "Water", "role": "Bulky Support", "bvs": {"hp": 80, "atk": 82, "def": 83, "spa": 100, "spd": 100, "spe": 80}, "stats": {"hp": 272, "atk": 142, "def": 188, "spa": 216, "spd": 216, "spe": 183}, "types": ["Grass", "Poison"]}, "Greninja": {"name": "Greninja", "species": "Greninja", "speciesId": "greninja", "gender": "M", "shiny": false, "level": 80, "moves": ["hydropump", "gunkshot", "grassknot", "uturn"], "ability": "Protean", "evs": {"hp": 85, "atk": 85, "def": 85, "spa": 85, "spd": 85, "spe": 85}, "ivs": {"hp": 31, "atk": 31, "def": 31, "spa": 31, "spd": 31, "spe": 31}, "item": "Life Orb", "teraType": "Poison", "role": "Wallbreaker", "bvs": {"hp": 72, "atk": 95, "def": 67, "spa": 103, "spd": 71, "spe": 122}, "stats": {"hp": 246, "atk": 198, "def": 153, "spa": 211, "spd": 160, "spe": 241}, "types": ["Water", "Dark"]}, "Mimikyu": {"name": "Mimikyu", "species": "Mimikyu", "speciesId": "mimikyu", "gender": "M", "shiny": false, "level": 79, "moves": ["playrough", "swordsdance", "shadowclaw", "shadowsneak"], "ability": "Disguise", "evs": {"hp": 85, "atk": 85, "def": 85, "spa": 85, "spd": 85, "spe": 85}, "ivs": {"hp": 31, "atk": 31, "def": 31, "spa": 31, "spd": 31, "spe": 31}, "item": "Life Orb", "teraType": "Ghost", "role": "Fast Bulky Setup", "bvs": {"hp": 55, "atk": 90, "def": 80, "spa": 50, "spd": 105, "spe": 96}, "stats": {"hp": 216, "atk": 188, "def": 172, "spa": 125, "spd": 211, "spe": 197}, "types": ["Ghost", "Fairy"]}, "Cacturne": {"name": "Cacturne", "species": "Cacturne", "speciesId": "cacturne", "gender": "F", "shiny": false, "level": 92, "moves": ["seedbomb", "knockoff", "suckerpunch", "swordsdance"], "ability": "Water Absorb", "evs": {"hp": 85, "atk": 85, "def": 85, "spa": 85, "spd": 85, "spe": 85}, "ivs": {"hp": 31, "atk": 31, "def": 31, "spa": 31, "spd": 31, "spe": 31}, "item": "Life Orb", "teraType": "Dark", "role": "Setup Sweeper", "bvs": {"hp": 70, "atk": 115, "def": 60, "spa": 115, "spd": 60, "spe": 55}, "stats": {"hp": 278, "atk": 264, "def": 163, "spa": 264, "spd": 163, "spe": 154}, "types": ["Grass", "Dark"]}, "Camerupt": {"name": "Camerupt", "species": "Camerupt", "speciesId": "camerupt", "gender": "F", "shiny": false, "level": 91, "moves": ["stealthrock", "earthquake", "overheat", "roar"], "ability": "Solid Rock", "evs": {"hp": 85, "atk": 85, "def": 85, "spa": 85, "spd": 85, "spe": 85}, "ivs": {"hp": 31, "atk": 31, "def": 31, "spa": 31, "spd": 31, "spe": 31}, "item": "Leftovers", "teraType": "Water", "role": "Bulky Support", "bvs": {"hp": 70, "atk": 100, "def": 70, "spa": 105, "spd": 75, "spe": 40}, "stats": {"hp": 275, "atk": 234, "def": 179, "spa": 243, "spd": 188, "spe": 125}, "types": ["Fire", "Ground"]}, "Regigigas": {"name": "Regigigas", "species": "Regigigas", "speciesId": "regigigas", "gender": "N", "shiny": false, "level": 84, "moves": ["sleeptalk", "rest", "knockoff", "bodyslam"], "ability": "Slow Start", "evs": {"hp": 85, "atk": 85, "def": 85, "spa": 85, "spd": 85, "spe": 85}, "ivs": {"hp": 31, "atk": 31, "def": 31, "spa": 31, "spd": 31, "spe": 31}, "item": "Leftovers", "teraType": "Ghost", "role": "Bulky Support", "bvs": {"hp": 110, "atk": 160, "def": 110, "spa": 80, "spd": 110, "spe": 100}, "stats": {"hp": 322, "atk": 317, "def": 233, "spa": 183, "spd": 233, "spe": 216}, "types": ["Normal"]}}, {"Cinderace": {"name": "Cinderace", "species": "Cinderace", "speciesId": "cinderace", "gender": "M", "shiny": false, "level": 77, "moves": ["courtchange", "willowisp", "uturn", "pyroball"], "ability": "Libero", "evs": {"hp": 85, "atk": 85, "def": 85, "spa": 85, "spd": 85, "spe": 85}, "ivs": {"hp": 31, "atk": 31, "def": 31, "spa": 31, "spd": 31, "spe": 31}, "item": "Heavy-Duty Boots", "teraType": "Grass", "role": "Fast Support", "bvs": {"hp": 80, "atk": 116, "def": 75, "spa": 65, "spd": 75, "spe": 119}, "stats": {"hp": 250, "atk": 223, "def": 160, "spa": 145, "spd": 160, "spe": 228}, "types": ["Fire"]}, "Oricorio": {"name": "Oricorio", "species": "Oricorio", "speciesId": "oricorio", "gender": "F", "shiny": false, "level": 84, "moves": ["quiverdance", "roost", "revelationdance", "hurricane"], "ability": "Dancer", "evs": {"hp": 85, "atk": 0, "def": 85, "spa": 85, "spd": 85, "spe": 85}, "ivs": {"hp": 31, "atk": 0, "def": 31, "spa": 31, "spd": 31, "spe": 31}, "item": "Heavy-Duty Boots", "teraType": "Ground", "role": "Setup Sweeper", "bvs": {"hp": 75, "atk": 70, "def": 70, "spa": 98, "spd": 70, "spe": 93}, "stats": {"hp": 263, "atk": 122, "def": 166, "spa": 213, "spd": 166, "spe": 204}, "types": ["Fire", "Flying"]}, "Hydreigon": {"name": "Hydreigon", "species": "Hydreigon", "speciesId": "hydreigon", "gender": "F", "shiny": false, "level": 79, "moves": ["uturn", "fireblast", "dracometeor", "darkpulse"], "ability": "Levitate", "evs": {"hp": 85, "atk": 85, "def": 85, "spa": 85, "spd": 85, "spe": 85}, "ivs": {"hp": 31, "atk": 31, "def": 31, "spa": 31, "spd": 31, "spe": 31}, "item": "Choice Specs", "teraType": "Fire", "role": "Fast Attacker", "bvs": {"hp": 92, "atk": 105, "def": 90, "spa": 125, "spd": 90, "spe": 98}, "stats": {"hp": 275, "atk": 211, "def": 188, "spa": 243, "spd": 188, "spe": 200}, "types": ["Dark", "Dragon"]}, "Piloswine": {"name": "Piloswine", "species": "Piloswine", "speciesId": "piloswine", "gender": "M", "shiny": false, "level": 85, "moves": ["iciclecrash", "stealthrock", "iceshard", "earthquake"], "ability": "Thick Fat", "evs": {"hp": 85, "atk": 85, "def": 85, "spa": 85, "spd": 85, "spe": 85}, "ivs": {"hp": 31, "atk": 31, "def": 31, "spa": 31, "spd": 31, "spe": 31}, "item": "Eviolite", "teraType": "Poison", "role": "Bulky Support", "bvs": {"hp": 100, "atk": 100, "def": 80, "spa": 60, "spd": 60, "spe": 50}, "stats": {"hp": 309, "atk": 219, "def": 185, "spa": 151, "spd": 151, "spe": 134}, "types": ["Ice", "Ground"]}, "Dialga": {"name": "Dialga", "species": "Dialga-Origin", "speciesId": "dialgaorigin", "gender": "N", "shiny": false, "level": 73, "moves": ["flashcannon", "dracometeor", "fireblast", "dragontail"], "ability": "Pressure", "evs": {"hp": 85, "atk": 85, "def": 85, "spa": 85, "spd": 85, "spe": 85}, "ivs": {"hp": 31, "atk": 31, "def": 31, "spa": 31, "spd": 31, "spe": 31}, "item": "Adamant Crystal", "teraType": "Dragon", "role": "Bulky Attacker", "bvs": {"hp": 100, "atk": 100, "def": 120, "spa": 150, "spd": 120, "spe": 90}, "stats": {"hp": 266, "atk": 188, "def": 218, "spa": 261, "spd": 218, "spe": 174}, "types": ["Steel", "Dragon"]}, "Milotic": {"name": "Milotic", "species": "Milotic", "speciesId": "milotic", "gender": "F", "shiny": false, "level": 83, "moves": ["haze", "recover", "icebeam", "scald"], "ability": "Competitive", "evs": {"hp": 85, "atk": 0, "def": 85, "spa": 85, "spd": 85, "spe": 85}, "ivs": {"hp": 31, "atk": 0, "def": 31, "spa": 31, "spd": 31, "spe": 31}, "item": "Leftovers", "teraType": "Steel", "role": "Bulky Attacker", "bvs": {"hp": 95, "atk": 60, "def": 79, "spa": 100, "spd": 125, "spe": 81}, "stats": {"hp": 293, "atk": 104, "def": 179, "spa": 214, "spd": 255, "spe": 182}, "types": ["Water"]}}]}