{"id": "gen9randombattle-2641590987", "format": "[Gen 9] Random Battle", "players": ["nightmeer13", "skuxxboi69"], "log": "|j|\u2606nightmeer13\n|j|\u2606skuxxboi69\n|t:|1782814493\n|gametype|singles\n|player|p1|nightmeer13|riley|2036\n|player|p2|skuxxboi69|266|2017\n|gen|9\n|tier|[Gen 9] Random Battle\n|rated|\n|rule|Species Clause: Limit one of each Pok\u00e9mon\n|rule|HP Percentage Mod: HP is shown in percentages\n|rule|Sleep Clause Mod: Limit one foe put to sleep\n|rule|Illusion Level Mod: Illusion disguises the Pok\u00e9mon's true level\n|\n|t:|1782814493\n|teamsize|p1|6\n|teamsize|p2|6\n|start\n|switch|p1a: Basculin|Basculin-Blue-Striped, L86, M|261/261\n|switch|p2a: Crabominable|Crabominable, L90, M|321/321\n|turn|1\n|c|\u2606nightmeer13|gl hf :)\n|c|\u2606skuxxboi69|you too\n|\n|t:|1782814515\n|switch|p2a: Dialga|Dialga-Origin, L73|266/266\n|-ability|p2a: Dialga|Pressure\n|move|p1a: Basculin|Flip Turn|p2a: Dialga\n|-resisted|p2a: Dialga\n|-damage|p2a: Dialga|203/266\n|\n|t:|1782814541\n|switch|p1a: Mesprit|Mesprit, L85|275/275|[from] Flip Turn\n|\n|upkeep\n|turn|2\n|\n|t:|1782814550\n|move|p1a: Mesprit|Stealth Rock|p2a: Dialga\n|-sidestart|p2: skuxxboi69|move: Stealth Rock\n|move|p2a: Dialga|Stealth Rock|p1a: Mesprit\n|-sidestart|p1: nightmeer13|move: Stealth Rock\n|\n|upkeep\n|turn|3\n|\n|t:|1782814559\n|switch|p2a: Gholdengo|Gholdengo, L77|261/261\n|-damage|p2a: Gholdengo|245/261|[from] Stealth Rock\n|move|p1a: Mesprit|Drain Punch|p2a: Gholdengo\n|-immune|p2a: Gholdengo\n|\n|-heal|p2a: Gholdengo|261/261|[from] item: Leftovers\n|upkeep\n|turn|4\n|\n|t:|1782814582\n|switch|p1a: Vaporeon|Vaporeon, L86, M|364/364\n|-damage|p1a: Vaporeon|319/364|[from] Stealth Rock\n|move|p2a: Gholdengo|Shadow Ball|p1a: Vaporeon\n|-damage|p1a: Vaporeon|241/364\n|\n|-heal|p1a: Vaporeon|263/364|[from] item: Leftovers\n|upkeep\n|turn|5\n|\n|t:|1782814599\n|switch|p2a: Crabominable|Crabominable, L90, M|321/321\n|-damage|p2a: Crabominable|281/321|[from] Stealth Rock\n|move|p1a: Vaporeon|Scald|p2a: Crabominable\n|-damage|p2a: Crabominable|202/321\n|-status|p2a: Crabominable|brn\n|\n|-heal|p1a: Vaporeon|285/364|[from] item: Leftovers\n|-damage|p2a: Crabominable|182/321 brn|[from] brn\n|upkeep\n|turn|6\n|\n|t:|1782814618\n|move|p1a: Vaporeon|Wish|p1a: Vaporeon\n|move|p2a: Crabominable|Knock Off|p1a: Vaporeon\n|-crit|p1a: Vaporeon\n|-damage|p1a: Vaporeon|181/364\n|-enditem|p1a: Vaporeon|Leftovers|[from] move: Knock Off|[of] p2a: Crabominable\n|\n|-damage|p2a: Crabominable|162/321 brn|[from] brn\n|upkeep\n|turn|7\n|\n|t:|1782814627\n|move|p1a: Vaporeon|Scald|p2a: Crabominable\n|-damage|p2a: Crabominable|84/321 brn\n|move|p2a: Crabominable|Drain Punch|p1a: Vaporeon\n|-crit|p1a: Vaporeon\n|-damage|p1a: Vaporeon|51/364\n|-heal|p2a: Crabominable|149/321 brn|[from] drain|[of] p1a: Vaporeon\n|\n|-heal|p1a: Vaporeon|233/364|[from] move: Wish|[wisher] Vaporeon\n|-damage|p2a: Crabominable|129/321 brn|[from] brn\n|upkeep\n|turn|8\n|\n|t:|1782814641\n|switch|p2a: Iron Valiant|Iron Valiant, L78|244/244\n|-damage|p2a: Iron Valiant|229/244|[from] Stealth Rock\n|move|p1a: Vaporeon|Wish|p1a: Vaporeon\n|\n|upkeep\n|turn|9\n|\n|t:|1782814650\n|move|p2a: Iron Valiant|Encore|p1a: Vaporeon\n|-start|p1a: Vaporeon|Encore\n|move|p1a: Vaporeon|Wish||[still]\n|-fail|p1a: Vaporeon\n|\n|-heal|p1a: Vaporeon|364/364|[from] move: Wish|[wisher] Vaporeon\n|upkeep\n|turn|10\n|\n|t:|1782814686\n|switch|p1a: Cryogonal|Cryogonal, L89|287/287\n|move|p2a: Iron Valiant|Knock Off|p1a: Cryogonal\n|-crit|p1a: Cryogonal\n|-damage|p1a: Cryogonal|91/287\n|-enditem|p1a: Cryogonal|Heavy-Duty Boots|[from] move: Knock Off|[of] p2a: Iron Valiant\n|-damage|p2a: Iron Valiant|205/244|[from] item: Life Orb\n|\n|upkeep\n|turn|11\n|\n|t:|1782814699\n|-end|p2a: Iron Valiant|Quark Drive|[silent]\n|switch|p2a: Gholdengo|Gholdengo, L77|261/261\n|-damage|p2a: Gholdengo|245/261|[from] Stealth Rock\n|move|p1a: Cryogonal|Flash Cannon|p2a: Gholdengo\n|-resisted|p2a: Gholdengo\n|-damage|p2a: Gholdengo|215/261\n|\n|-heal|p2a: Gholdengo|231/261|[from] item: Leftovers\n|upkeep\n|turn|12\n|\n|t:|1782814708\n|move|p1a: Cryogonal|Recover|p1a: Cryogonal\n|-heal|p1a: Cryogonal|235/287\n|move|p2a: Gholdengo|Nasty Plot|p2a: Gholdengo\n|-boost|p2a: Gholdengo|spa|2\n|\n|-heal|p2a: Gholdengo|247/261|[from] item: Leftovers\n|upkeep\n|turn|13\n|\n|t:|1782814735\n|move|p1a: Cryogonal|Freeze-Dry|p2a: Gholdengo\n|-resisted|p2a: Gholdengo\n|-damage|p2a: Gholdengo|207/261\n|move|p2a: Gholdengo|Nasty Plot|p2a: Gholdengo\n|-boost|p2a: Gholdengo|spa|2\n|\n|-heal|p2a: Gholdengo|223/261|[from] item: Leftovers\n|upkeep\n|turn|14\n|\n|t:|1782814744\n|move|p1a: Cryogonal|Freeze-Dry|p2a: Gholdengo\n|-resisted|p2a: Gholdengo\n|-crit|p2a: Gholdengo\n|-damage|p2a: Gholdengo|159/261\n|move|p2a: Gholdengo|Shadow Ball|p1a: Cryogonal\n|-damage|p1a: Cryogonal|57/287\n|\n|-heal|p2a: Gholdengo|175/261|[from] item: Leftovers\n|upkeep\n|turn|15\n|\n|t:|1782814755\n|move|p1a: Cryogonal|Freeze-Dry|p2a: Gholdengo\n|-resisted|p2a: Gholdengo\n|-damage|p2a: Gholdengo|133/261\n|move|p2a: Gholdengo|Recover|p2a: Gholdengo\n|-heal|p2a: Gholdengo|261/261\n|\n|upkeep\n|turn|16\n|\n|t:|1782814763\n|move|p1a: Cryogonal|Freeze-Dry|p2a: Gholdengo\n|-resisted|p2a: Gholdengo\n|-damage|p2a: Gholdengo|217/261\n|move|p2a: Gholdengo|Shadow Ball|p1a: Cryogonal\n|-damage|p1a: Cryogonal|0 fnt\n|faint|p1a: Cryogonal\n|\n|-heal|p2a: Gholdengo|233/261|[from] item: Leftovers\n|upkeep\n|\n|t:|1782814770\n|switch|p1a: Basculin|Basculin-Blue-Striped, L86, M|261/261\n|-damage|p1a: Basculin|229/261|[from] Stealth Rock\n|turn|17\n|\n|t:|1782814782\n|switch|p2a: Crabominable|Crabominable, L90, M|129/321 brn\n|-damage|p2a: Crabominable|89/321 brn|[from] Stealth Rock\n|move|p1a: Basculin|Wave Crash|p2a: Crabominable\n|-crit|p2a: Crabominable\n|-damage|p2a: Crabominable|0 fnt\n|faint|p2a: Crabominable\n|-damage|p1a: Basculin|200/261|[from] Recoil\n|\n|upkeep\n|\n|t:|1782814796\n|switch|p2a: Iron Valiant|Iron Valiant, L78|205/244\n|-damage|p2a: Iron Valiant|190/244|[from] Stealth Rock\n|turn|18\n|\n|t:|1782814829\n|switch|p1a: Vaporeon|Vaporeon, L86, M|364/364\n|-damage|p1a: Vaporeon|319/364|[from] Stealth Rock\n|move|p2a: Iron Valiant|Close Combat|p1a: Vaporeon\n|-damage|p1a: Vaporeon|92/364\n|-unboost|p2a: Iron Valiant|def|1\n|-unboost|p2a: Iron Valiant|spd|1\n|-damage|p2a: Iron Valiant|166/244|[from] item: Life Orb\n|\n|upkeep\n|turn|19\n|\n|t:|1782814838\n|move|p2a: Iron Valiant|Moonblast|p1a: Vaporeon\n|-damage|p1a: Vaporeon|0 fnt\n|faint|p1a: Vaporeon\n|-damage|p2a: Iron Valiant|142/244|[from] item: Life Orb\n|\n|upkeep\n|\n|t:|1782814841\n|switch|p1a: Regieleki|Regieleki, L79|256/256\n|-damage|p1a: Regieleki|224/256|[from] Stealth Rock\n|turn|20\n|\n|t:|1782814855\n|-end|p2a: Iron Valiant|Quark Drive|[silent]\n|switch|p2a: Latios|Latios, L78, M|253/253\n|-damage|p2a: Latios|222/253|[from] Stealth Rock\n|move|p1a: Regieleki|Volt Switch|p2a: Latios\n|-resisted|p2a: Latios\n|-damage|p2a: Latios|173/253\n|\n|t:|1782814866\n|switch|p1a: Exeggutor|Exeggutor, L89, M|312/312|[from] Volt Switch\n|-damage|p1a: Exeggutor|273/312|[from] Stealth Rock\n|\n|upkeep\n|turn|21\n|\n|t:|1782814874\n|switch|p2a: Yanmega|Yanmega, L82, F|275/275\n|move|p1a: Exeggutor|Leech Seed|p2a: Yanmega\n|-start|p2a: Yanmega|move: Leech Seed\n|\n|-damage|p2a: Yanmega|241/275|[from] Leech Seed|[of] p1a: Exeggutor\n|-heal|p1a: Exeggutor|307/312|[silent]\n|upkeep\n|turn|22\n|\n|t:|1782814892\n|-terastallize|p1a: Exeggutor|Steel\n|move|p2a: Yanmega|Bug Buzz|p1a: Exeggutor\n|-resisted|p1a: Exeggutor\n|-damage|p1a: Exeggutor|255/312\n|move|p1a: Exeggutor|Substitute|p1a: Exeggutor\n|-start|p1a: Exeggutor|Substitute\n|-damage|p1a: Exeggutor|177/312\n|\n|-damage|p2a: Yanmega|207/275|[from] Leech Seed|[of] p1a: Exeggutor\n|-heal|p1a: Exeggutor|211/312|[silent]\n|-ability|p2a: Yanmega|Speed Boost|boost\n|-boost|p2a: Yanmega|spe|1\n|upkeep\n|turn|23\n|\n|t:|1782814908\n|switch|p2a: Gholdengo|Gholdengo, L77|233/261\n|-damage|p2a: Gholdengo|217/261|[from] Stealth Rock\n|move|p1a: Exeggutor|Psychic|p2a: Gholdengo\n|-resisted|p2a: Gholdengo\n|-damage|p2a: Gholdengo|145/261\n|\n|-heal|p2a: Gholdengo|161/261|[from] item: Leftovers\n|upkeep\n|turn|24\n|\n|t:|1782814919\n|switch|p1a: Basculin|Basculin-Blue-Striped, L86, M|200/261\n|-damage|p1a: Basculin|168/261|[from] Stealth Rock\n|move|p2a: Gholdengo|Shadow Ball|p1a: Basculin\n|-damage|p1a: Basculin|47/261\n|\n|-heal|p2a: Gholdengo|177/261|[from] item: Leftovers\n|upkeep\n|turn|25\n|\n|t:|1782814930\n|switch|p2a: Dialga|Dialga-Origin, L73|203/266\n|-damage|p2a: Dialga|187/266|[from] Stealth Rock\n|-ability|p2a: Dialga|Pressure\n|move|p1a: Basculin|Flip Turn|p2a: Dialga\n|-resisted|p2a: Dialga\n|-damage|p2a: Dialga|129/266\n|\n|t:|1782814933\n|switch|p1a: Mesprit|Mesprit, L85|275/275|[from] Flip Turn\n|-damage|p1a: Mesprit|241/275|[from] Stealth Rock\n|\n|-heal|p1a: Mesprit|258/275|[from] item: Leftovers\n|upkeep\n|turn|26\n|\n|t:|1782814947\n|switch|p2a: Gholdengo|Gholdengo, L77|177/261\n|-damage|p2a: Gholdengo|161/261|[from] Stealth Rock\n|move|p1a: Mesprit|Thunderbolt|p2a: Gholdengo\n|-damage|p2a: Gholdengo|82/261\n|\n|-heal|p1a: Mesprit|275/275|[from] item: Leftovers\n|-heal|p2a: Gholdengo|98/261|[from] item: Leftovers\n|upkeep\n|turn|27\n|\n|t:|1782814976\n|move|p1a: Mesprit|Psychic Noise|p2a: Gholdengo\n|-resisted|p2a: Gholdengo\n|-damage|p2a: Gholdengo|51/261\n|-start|p2a: Gholdengo|move: Heal Block\n|cant|p2a: Gholdengo|move: Heal Block|Recover\n|\n|upkeep\n|turn|28\n|\n|t:|1782814996\n|switch|p2a: Latios|Latios, L78, M|173/253\n|-damage|p2a: Latios|142/253|[from] Stealth Rock\n|move|p1a: Mesprit|Thunderbolt|p2a: Latios\n|-resisted|p2a: Latios\n|-damage|p2a: Latios|111/253\n|\n|upkeep\n|turn|29\n|\n|t:|1782815019\n|move|p2a: Latios|Recover|p2a: Latios\n|-heal|p2a: Latios|238/253\n|move|p1a: Mesprit|Psychic Noise|p2a: Latios\n|-resisted|p2a: Latios\n|-damage|p2a: Latios|199/253\n|-start|p2a: Latios|move: Heal Block\n|\n|upkeep\n|turn|30\n|\n|t:|1782815035\n|move|p2a: Latios|Calm Mind|p2a: Latios\n|-boost|p2a: Latios|spa|1\n|-boost|p2a: Latios|spd|1\n|move|p1a: Mesprit|Thunderbolt|p2a: Latios\n|-resisted|p2a: Latios\n|-damage|p2a: Latios|178/253\n|\n|-end|p2a: Latios|move: Heal Block\n|upkeep\n|turn|31\n|\n|t:|1782815057\n|move|p2a: Latios|Draco Meteor|p1a: Mesprit\n|-damage|p1a: Mesprit|41/275\n|-unboost|p2a: Latios|spa|2\n|move|p1a: Mesprit|Psychic Noise|p2a: Latios\n|-resisted|p2a: Latios\n|-damage|p2a: Latios|151/253\n|-start|p2a: Latios|move: Heal Block\n|\n|-heal|p1a: Mesprit|58/275|[from] item: Leftovers\n|upkeep\n|turn|32\n|\n|t:|1782815070\n|switch|p1a: Exeggutor|Exeggutor, L89, M, tera:Steel|211/312\n|-damage|p1a: Exeggutor|192/312|[from] Stealth Rock\n|move|p2a: Latios|Calm Mind|p2a: Latios\n|-boost|p2a: Latios|spa|1\n|-boost|p2a: Latios|spd|1\n|\n|-end|p2a: Latios|move: Heal Block\n|upkeep\n|turn|33\n|\n|t:|1782815082\n|switch|p2a: Iron Valiant|Iron Valiant, L78|142/244\n|-damage|p2a: Iron Valiant|127/244|[from] Stealth Rock\n|move|p1a: Exeggutor|Psychic|p2a: Iron Valiant\n|-supereffective|p2a: Iron Valiant\n|-damage|p2a: Iron Valiant|0 fnt\n|faint|p2a: Iron Valiant\n|-end|p2a: Iron Valiant|Quark Drive|[silent]\n|\n|upkeep\n|\n|t:|1782815087\n|switch|p2a: Yanmega|Yanmega, L82, F|207/275\n|turn|34\n|\n|t:|1782815100\n|switch|p1a: Mesprit|Mesprit, L85|58/275\n|-damage|p1a: Mesprit|24/275|[from] Stealth Rock\n|-terastallize|p2a: Yanmega|Ground\n|move|p2a: Yanmega|Tera Blast|p1a: Mesprit|[anim] Tera Blast Ground\n|-immune|p1a: Mesprit|[from] ability: Levitate\n|\n|-heal|p1a: Mesprit|41/275|[from] item: Leftovers\n|-ability|p2a: Yanmega|Speed Boost|boost\n|-boost|p2a: Yanmega|spe|1\n|upkeep\n|turn|35\n|\n|t:|1782815109\n|move|p2a: Yanmega|Bug Buzz|p1a: Mesprit\n|-supereffective|p1a: Mesprit\n|-damage|p1a: Mesprit|0 fnt\n|faint|p1a: Mesprit\n|\n|-ability|p2a: Yanmega|Speed Boost|boost\n|-boost|p2a: Yanmega|spe|1\n|upkeep\n|\n|t:|1782815114\n|switch|p1a: Basculin|Basculin-Blue-Striped, L86, M|47/261\n|-damage|p1a: Basculin|15/261|[from] Stealth Rock\n|turn|36\n|\n|t:|1782815122\n|switch|p2a: Latios|Latios, L78, M|151/253\n|-damage|p2a: Latios|120/253|[from] Stealth Rock\n|move|p1a: Basculin|Aqua Jet|p2a: Latios\n|-resisted|p2a: Latios\n|-damage|p2a: Latios|73/253\n|\n|upkeep\n|turn|37\n|\n|t:|1782815134\n|switch|p1a: Exeggutor|Exeggutor, L89, M, tera:Steel|192/312\n|-damage|p1a: Exeggutor|173/312|[from] Stealth Rock\n|move|p2a: Latios|Recover|p2a: Latios\n|-heal|p2a: Latios|200/253\n|\n|upkeep\n|turn|38\n|\n|t:|1782815142\n|switch|p2a: Gholdengo|Gholdengo, L77|51/261\n|-damage|p2a: Gholdengo|35/261|[from] Stealth Rock\n|move|p1a: Exeggutor|Leech Seed|p2a: Gholdengo\n|-immune|p2a: Gholdengo|[from] ability: Good as Gold\n|\n|-heal|p2a: Gholdengo|51/261|[from] item: Leftovers\n|upkeep\n|turn|39\n|\n|t:|1782815151\n|switch|p1a: Regieleki|Regieleki, L79|224/256\n|-damage|p1a: Regieleki|192/256|[from] Stealth Rock\n|move|p2a: Gholdengo|Recover|p2a: Gholdengo\n|-heal|p2a: Gholdengo|182/261\n|\n|-heal|p2a: Gholdengo|198/261|[from] item: Leftovers\n|upkeep\n|turn|40\n|\n|t:|1782815159\n|move|p1a: Regieleki|Thunderbolt|p2a: Gholdengo\n|-damage|p2a: Gholdengo|60/261\n|move|p2a: Gholdengo|Shadow Ball|p1a: Regieleki\n|-damage|p1a: Regieleki|54/256\n|-unboost|p1a: Regieleki|spd|1\n|\n|-heal|p2a: Gholdengo|76/261|[from] item: Leftovers\n|upkeep\n|turn|41\n|\n|t:|1782815175\n|switch|p2a: Latios|Latios, L78, M|200/253\n|-damage|p2a: Latios|169/253|[from] Stealth Rock\n|move|p1a: Regieleki|Thunderbolt|p2a: Latios\n|-resisted|p2a: Latios\n|-damage|p2a: Latios|109/253\n|\n|upkeep\n|turn|42\n|\n|t:|1782815186\n|move|p1a: Regieleki|Volt Switch|p2a: Latios\n|-resisted|p2a: Latios\n|-damage|p2a: Latios|60/253\n|\n|t:|1782815190\n|switch|p1a: Basculin|Basculin-Blue-Striped, L86, M|15/261|[from] Volt Switch\n|-damage|p1a: Basculin|0 fnt|[from] Stealth Rock\n|faint|p1a: Basculin\n|move|p2a: Latios|Psyshock|p1: Basculin|[notarget]\n|-fail|p2a: Latios\n|\n|upkeep\n|\n|t:|1782815194\n|switch|p1a: Exeggutor|Exeggutor, L89, M, tera:Steel|173/312\n|-damage|p1a: Exeggutor|154/312|[from] Stealth Rock\n|-enditem|p1a: Exeggutor|Sitrus Berry|[eat]\n|-heal|p1a: Exeggutor|232/312|[from] item: Sitrus Berry\n|turn|43\n|\n|t:|1782815200\n|switch|p2a: Gholdengo|Gholdengo, L77|76/261\n|-damage|p2a: Gholdengo|60/261|[from] Stealth Rock\n|move|p1a: Exeggutor|Leech Seed|p2a: Gholdengo\n|-immune|p2a: Gholdengo|[from] ability: Good as Gold\n|\n|-heal|p2a: Gholdengo|76/261|[from] item: Leftovers\n|-item|p1a: Exeggutor|Sitrus Berry|[from] ability: Harvest\n|upkeep\n|turn|44\n|\n|t:|1782815205\n|move|p2a: Gholdengo|Recover|p2a: Gholdengo\n|-heal|p2a: Gholdengo|207/261\n|move|p1a: Exeggutor|Psychic|p2a: Gholdengo\n|-resisted|p2a: Gholdengo\n|-damage|p2a: Gholdengo|142/261\n|\n|-heal|p2a: Gholdengo|158/261|[from] item: Leftovers\n|upkeep\n|turn|45\n|c|\u2606nightmeer13|gg\n|-message|nightmeer13 forfeited.\n|\n|win|skuxxboi69\n|raw|nightmeer13's rating: 2036 &rarr; <strong>2015</strong><br />(-21 for losing)\n|raw|skuxxboi69's rating: 2017 &rarr; <strong>2038</strong><br />(+21 for winning)\n", "inputlog": ">version f8ac14003a5f27e1bdc8d8c59608a773c1cb96e5\n>start {\"formatid\":\"gen9randombattle\",\"seed\":\"sodium,75f0d4078d6baf82a96245048cfecf2a\",\"rated\":\"Rated battle\"}\n>player p1 {\"name\":\"nightmeer13\",\"avatar\":\"riley\",\"rating\":2036,\"seed\":\"sodium,6db1db39e7867c8b08d4a5cc70197ed9\"}\n>player p2 {\"name\":\"skuxxboi69\",\"avatar\":\"266\",\"rating\":2017,\"seed\":\"sodium,035c3ce0e47b6acf6ad271b3a73ee3fb\"}\n>chat \u2606nightmeer13|gl hf :)\n>chat \u2606skuxxboi69|you too\n>p1 move flipturn\n>p2 switch 3\n>p1 switch 3\n>p1 move stealthrock\n>p2 move stealthrock\n>p1 move drainpunch\n>p2 switch 4\n>p1 switch 4\n>p2 move shadowball\n>p1 move scald\n>p2 switch 3\n>p1 move wish\n>p2 move knockoff\n>p1 move scald\n>p2 move drainpunch\n>p1 move wish\n>p2 switch 5\n>p1 move scald\n>p2 move encore\n>p1 switch 2\n>p2 move knockoff\n>p1 move flashcannon\n>p2 switch 3\n>p1 move recover\n>p2 move nastyplot\n>p1 move freezedry\n>p2 move nastyplot\n>p1 move freezedry\n>p2 move shadowball\n>p1 move freezedry\n>p2 move recover\n>p1 move freezedry\n>p2 move shadowball\n>p1 switch 3\n>p1 move wavecrash\n>p2 switch 5\n>p2 switch 3\n>p1 switch 2\n>p2 move closecombat\n>p1 move scald\n>p2 move moonblast\n>p1 switch 6\n>p1 move voltswitch\n>p2 switch 6\n>p1 switch 5\n>p1 move leechseed\n>p2 switch 2\n>p1 move substitute terastallize\n>p2 move bugbuzz\n>p1 move psychic\n>p2 switch 5\n>p1 switch 2\n>p2 move shadowball\n>p1 move flipturn\n>p2 switch 4\n>p1 switch 4\n>p1 move thunderbolt\n>p2 switch 4\n>p1 move psychicnoise\n>p2 move recover\n>p1 move thunderbolt\n>p2 switch 2\n>p1 move psychicnoise\n>p2 move recover\n>p1 move thunderbolt\n>p2 move calmmind\n>p1 move psychicnoise\n>p2 move dracometeor\n>p1 switch 2\n>p2 move calmmind\n>p1 move psychic\n>p2 switch 6\n>p2 switch 5\n>p1 switch 2\n>p2 move terablast terastallize\n>p1 move drainpunch\n>p2 move bugbuzz\n>p1 switch 4\n>p1 move aquajet\n>p2 switch 6\n>p1 switch 2\n>p2 move recover\n>p1 move leechseed\n>p2 switch 2\n>p1 switch 5\n>p2 move recover\n>p1 move thunderbolt\n>p2 move shadowball\n>p1 move thunderbolt\n>p2 switch 2\n>p1 move voltswitch\n>p2 move psyshock\n>p1 switch 2\n>p1 switch 5\n>p1 move leechseed\n>p2 switch 2\n>p1 move psychic\n>p2 move recover\n>chat \u2606nightmeer13|gg\n>forcelose p1", "uploadtime": 1782814498, "views": 7, "formatid": "gen9randombattle", "rating": 2015, "private": 0, "password": null, "player_dets": [{"name": "nightmeer13", "avatar": "riley", "rating": 2036, "seed": "sodium,6db1db39e7867c8b08d4a5cc70197ed9"}, {"name": "skuxxboi69", "avatar": "266", "rating": 2017, "seed": "sodium,035c3ce0e47b6acf6ad271b3a73ee3fb"}], "teams_full": [{"Basculin": {"name": "Basculin", "species": "Basculin-Blue-Striped", "speciesId": "basculin", "gender": "M", "shiny": false, "level": 86, "moves": ["aquajet", "flipturn", "wavecrash", "doubleedge"], "ability": "Adaptability", "evs": {"hp": 85, "atk": 85, "def": 85, "spa": 85, "spd": 85, "spe": 85}, "ivs": {"hp": 31, "atk": 31, "def": 31, "spa": 31, "spd": 31, "spe": 31}, "item": "Choice Band", "teraType": "Water", "role": "Wallbreaker", "bvs": {"hp": 70, "atk": 92, "def": 65, "spa": 80, "spd": 55, "spe": 98}, "stats": {"hp": 261, "atk": 207, "def": 161, "spa": 187, "spd": 144, "spe": 218}, "types": ["Water"]}, "Cryogonal": {"name": "Cryogonal", "species": "Cryogonal", "speciesId": "cryogonal", "gender": "N", "shiny": false, "level": 89, "moves": ["rapidspin", "flashcannon", "freezedry", "recover"], "ability": "Levitate", "evs": {"hp": 85, "atk": 85, "def": 85, "spa": 85, "spd": 85, "spe": 85}, "ivs": {"hp": 31, "atk": 31, "def": 31, "spa": 31, "spd": 31, "spe": 31}, "item": "Heavy-Duty Boots", "teraType": "Poison", "role": "Bulky Support", "bvs": {"hp": 80, "atk": 50, "def": 50, "spa": 95, "spd": 135, "spe": 105}, "stats": {"hp": 287, "atk": 140, "def": 140, "spa": 220, "spd": 291, "spe": 238}, "types": ["Ice"]}, "Mesprit": {"name": "Mesprit", "species": "Mesprit", "speciesId": "mesprit", "gender": "N", "shiny": false, "level": 85, "moves": ["thunderbolt", "psychicnoise", "drainpunch", "stealthrock"], "ability": "Levitate", "evs": {"hp": 85, "atk": 85, "def": 85, "spa": 85, "spd": 85, "spe": 85}, "ivs": {"hp": 31, "atk": 31, "def": 31, "spa": 31, "spd": 31, "spe": 31}, "item": "Leftovers", "teraType": "Fighting", "role": "Bulky Attacker", "bvs": {"hp": 80, "atk": 105, "def": 105, "spa": 105, "spd": 105, "spe": 80}, "stats": {"hp": 275, "atk": 227, "def": 227, "spa": 227, "spd": 227, "spe": 185}, "types": ["Psychic"]}, "Vaporeon": {"name": "Vaporeon", "species": "Vaporeon", "speciesId": "vaporeon", "gender": "M", "shiny": false, "level": 86, "moves": ["roar", "wish", "protect", "scald"], "ability": "Water Absorb", "evs": {"hp": 85, "atk": 0, "def": 85, "spa": 85, "spd": 85, "spe": 85}, "ivs": {"hp": 31, "atk": 0, "def": 31, "spa": 31, "spd": 31, "spe": 31}, "item": "Leftovers", "teraType": "Ghost", "role": "Bulky Attacker", "bvs": {"hp": 130, "atk": 65, "def": 60, "spa": 110, "spd": 95, "spe": 65}, "stats": {"hp": 364, "atk": 116, "def": 152, "spa": 238, "spd": 213, "spe": 161}, "types": ["Water"]}, "Exeggutor": {"name": "Exeggutor", "species": "Exeggutor", "speciesId": "exeggutor", "gender": "M", "shiny": false, "level": 89, "moves": ["leechseed", "psychic", "sleeppowder", "substitute"], "ability": "Harvest", "evs": {"hp": 77, "atk": 0, "def": 85, "spa": 85, "spd": 85, "spe": 85}, "ivs": {"hp": 31, "atk": 0, "def": 31, "spa": 31, "spd": 31, "spe": 31}, "item": "Sitrus Berry", "teraType": "Steel", "role": "Bulky Support", "bvs": {"hp": 95, "atk": 95, "def": 85, "spa": 125, "spd": 75, "spe": 55}, "stats": {"hp": 312, "atk": 174, "def": 202, "spa": 273, "spd": 184, "spe": 149}, "types": ["Grass", "Psychic"]}, "Regieleki": {"name": "Regieleki", "species": "Regieleki", "speciesId": "regieleki", "gender": "N", "shiny": false, "level": 79, "moves": ["thunderbolt", "rapidspin", "terablast", "voltswitch"], "ability": "Transistor", "evs": {"hp": 85, "atk": 85, "def": 85, "spa": 85, "spd": 85, "spe": 85}, "ivs": {"hp": 31, "atk": 31, "def": 31, "spa": 31, "spd": 31, "spe": 31}, "item": "Magnet", "teraType": "Ice", "role": "Tera Blast user", "bvs": {"hp": 80, "atk": 100, "def": 50, "spa": 100, "spd": 50, "spe": 200}, "stats": {"hp": 256, "atk": 204, "def": 125, "spa": 204, "spd": 125, "spe": 362}, "types": ["Electric"]}}, {"Crabominable": {"name": "Crabominable", "species": "Crabominable", "speciesId": "crabominable", "gender": "M", "shiny": false, "level": 90, "moves": ["drainpunch", "knockoff", "icehammer", "earthquake"], "ability": "Iron Fist", "evs": {"hp": 85, "atk": 85, "def": 85, "spa": 85, "spd": 85, "spe": 85}, "ivs": {"hp": 31, "atk": 31, "def": 31, "spa": 31, "spd": 31, "spe": 31}, "item": "Assault Vest", "teraType": "Ground", "role": "AV Pivot", "bvs": {"hp": 97, "atk": 132, "def": 77, "spa": 62, "spd": 67, "spe": 43}, "stats": {"hp": 321, "atk": 289, "def": 190, "spa": 163, "spd": 172, "spe": 129}, "types": ["Fighting", "Ice"]}, "Yanmega": {"name": "Yanmega", "species": "Yanmega", "speciesId": "yanmega", "gender": "F", "shiny": false, "level": 82, "moves": ["protect", "airslash", "terablast", "bugbuzz"], "ability": "Speed Boost", "evs": {"hp": 85, "atk": 0, "def": 85, "spa": 85, "spd": 85, "spe": 85}, "ivs": {"hp": 31, "atk": 0, "def": 31, "spa": 31, "spd": 31, "spe": 31}, "item": "Heavy-Duty Boots", "teraType": "Ground", "role": "Tera Blast user", "bvs": {"hp": 86, "atk": 76, "def": 86, "spa": 116, "spd": 56, "spe": 95}, "stats": {"hp": 275, "atk": 129, "def": 188, "spa": 237, "spd": 139, "spe": 203}, "types": ["Bug", "Flying"]}, "Dialga": {"name": "Dialga", "species": "Dialga-Origin", "speciesId": "dialgaorigin", "gender": "N", "shiny": false, "level": 73, "moves": ["dracometeor", "stealthrock", "fireblast", "flashcannon"], "ability": "Pressure", "evs": {"hp": 85, "atk": 0, "def": 85, "spa": 85, "spd": 85, "spe": 85}, "ivs": {"hp": 31, "atk": 0, "def": 31, "spa": 31, "spd": 31, "spe": 31}, "item": "Adamant Crystal", "teraType": "Steel", "role": "Bulky Attacker", "bvs": {"hp": 100, "atk": 100, "def": 120, "spa": 150, "spd": 120, "spe": 90}, "stats": {"hp": 266, "atk": 151, "def": 218, "spa": 261, "spd": 218, "spe": 174}, "types": ["Steel", "Dragon"]}, "Gholdengo": {"name": "Gholdengo", "species": "Gholdengo", "speciesId": "gholdengo", "gender": "N", "shiny": false, "level": 77, "moves": ["makeitrain", "shadowball", "nastyplot", "recover"], "ability": "Good as Gold", "evs": {"hp": 85, "atk": 0, "def": 85, "spa": 85, "spd": 85, "spe": 85}, "ivs": {"hp": 31, "atk": 0, "def": 31, "spa": 31, "spd": 31, "spe": 31}, "item": "Leftovers", "teraType": "Dark", "role": "Bulky Support", "bvs": {"hp": 87, "atk": 60, "def": 95, "spa": 133, "spd": 91, "spe": 84}, "stats": {"hp": 261, "atk": 97, "def": 191, "spa": 249, "spd": 185, "spe": 174}, "types": ["Steel", "Ghost"]}, "Iron Valiant": {"name": "Iron Valiant", "species": "Iron Valiant", "speciesId": "ironvaliant", "gender": "N", "shiny": false, "level": 78, "moves": ["moonblast", "encore", "knockoff", "closecombat"], "ability": "Quark Drive", "evs": {"hp": 85, "atk": 85, "def": 85, "spa": 85, "spd": 85, "spe": 85}, "ivs": {"hp": 31, "atk": 31, "def": 31, "spa": 31, "spd": 31, "spe": 31}, "item": "Life Orb", "teraType": "Steel", "role": "Wallbreaker", "bvs": {"hp": 74, "atk": 130, "def": 90, "spa": 120, "spd": 60, "spe": 116}, "stats": {"hp": 244, "atk": 248, "def": 185, "spa": 232, "spd": 139, "spe": 226}, "types": ["Fairy", "Fighting"]}, "Latios": {"name": "Latios", "species": "Latios", "speciesId": "latios", "gender": "M", "shiny": false, "level": 78, "moves": ["psyshock", "dracometeor", "recover", "calmmind"], "ability": "Levitate", "evs": {"hp": 85, "atk": 0, "def": 85, "spa": 85, "spd": 85, "spe": 85}, "ivs": {"hp": 31, "atk": 0, "def": 31, "spa": 31, "spd": 31, "spe": 31}, "item": "Soul Dew", "teraType": "Steel", "role": "Bulky Setup", "bvs": {"hp": 80, "atk": 90, "def": 80, "spa": 130, "spd": 110, "spe": 110}, "stats": {"hp": 253, "atk": 145, "def": 170, "spa": 248, "spd": 217, "spe": 217}, "types": ["Dragon", "Psychic"]}}]}