{"id": "gen9randombattle-2641434795", "format": "[Gen 9] Random Battle", "players": ["Pkmn Sleep Pro", "pnm123"], "log": "|badge|p2|bronze|gen9randombattle|100-9\n|html|<div class=\"broadcast-red\"><strong>This battle is required to be public due to one or more player having a season medal.</strong><br />During the public phase, you can discuss the state of the ladder <a href=\"/seasondiscussion\">in a special chatroom.</a></div>\n|uhtml|medal-msg|<div class=\"broadcast-blue\">Curious what those medals under the avatar are? PS now has Ladder Seasons! For more information, check out the <a href=\"https://www.smogon.com/forums/threads/3740067/\">thread on Smogon.</a></div>\n|raw|<div class=\"broadcast-blue\"><strong>This battle is required to be public due to a player having a name starting with 'medal'.</div>\n|j|\u2606Pkmn Sleep Pro\n|j|\u2606pnm123\n|t:|1782784305\n|gametype|singles\n|player|p1|Pkmn Sleep Pro|102|2274\n|player|p2|pnm123|fisherman-gen4|2320\n|gen|9\n|tier|[Gen 9] Random Battle\n|rated|\n|rule|Species Clause: Limit one of each Pok\u00e9mon\n|rule|HP Percentage Mod: HP is shown in percentages\n|rule|Sleep Clause Mod: Limit one foe put to sleep\n|rule|Illusion Level Mod: Illusion disguises the Pok\u00e9mon's true level\n|\n|t:|1782784305\n|teamsize|p1|6\n|teamsize|p2|6\n|start\n|switch|p1a: Glimmora|Glimmora, L75, F|248/248\n|switch|p2a: Pawmot|Pawmot, L80, M|243/243\n|turn|1\n|inactive|Battle timer is ON: inactive players will automatically lose when time's up. (requested by pnm123)\n|inactive|Pkmn Sleep Pro has 120 seconds left.\n|\n|t:|1782784341\n|switch|p2a: Inteleon|Inteleon, L81, F|246/246\n|move|p1a: Glimmora|Meteor Beam||[still]\n|-prepare|p1a: Glimmora|Meteor Beam\n|-boost|p1a: Glimmora|spa|1\n|-enditem|p1a: Glimmora|Power Herb\n|-anim|p1a: Glimmora|Meteor Beam|p2a: Inteleon\n|-damage|p2a: Inteleon|12/246\n|\n|upkeep\n|turn|2\n|\n|t:|1782784358\n|-terastallize|p1a: Glimmora|Grass\n|move|p2a: Inteleon|Scald|p1a: Glimmora\n|-resisted|p1a: Glimmora\n|-damage|p1a: Glimmora|113/248\n|move|p1a: Glimmora|Sludge Wave|p2a: Inteleon\n|-damage|p2a: Inteleon|0 fnt\n|faint|p2a: Inteleon\n|\n|upkeep\n|\n|t:|1782784365\n|switch|p2a: Hypno|Hypno, L95, F|315/315\n|turn|3\n|\n|t:|1782784387\n|move|p2a: Hypno|Psychic Noise|p1a: Glimmora\n|-damage|p1a: Glimmora|16/248\n|-start|p1a: Glimmora|move: Heal Block\n|move|p1a: Glimmora|Sludge Wave|p2a: Hypno\n|-damage|p2a: Hypno|198/315\n|\n|-heal|p2a: Hypno|217/315|[from] item: Leftovers\n|upkeep\n|turn|4\n|\n|t:|1782784394\n|switch|p1a: Palossand|Palossand, L89, M|296/296\n|move|p2a: Hypno|Protect||[still]\n|-fail|p2a: Hypno\n|\n|-heal|p2a: Hypno|236/315|[from] item: Leftovers\n|upkeep\n|turn|5\n|\n|t:|1782784399\n|move|p2a: Hypno|Toxic|p1a: Palossand\n|-status|p1a: Palossand|tox\n|move|p1a: Palossand|Stealth Rock|p2a: Hypno\n|-sidestart|p2: pnm123|move: Stealth Rock\n|\n|-heal|p2a: Hypno|255/315|[from] item: Leftovers\n|-damage|p1a: Palossand|278/296 tox|[from] psn\n|upkeep\n|turn|6\n|\n|t:|1782784405\n|switch|p1a: Ninetales|Ninetales-Alola, L78, F|242/242\n|-weather|Snowscape|[from] ability: Snow Warning|[of] p1a: Ninetales\n|move|p2a: Hypno|Protect||[still]\n|-fail|p2a: Hypno\n|\n|-weather|Snowscape|[upkeep]\n|-heal|p2a: Hypno|274/315|[from] item: Leftovers\n|upkeep\n|turn|7\n|\n|t:|1782784418\n|move|p1a: Ninetales|Aurora Veil|p1a: Ninetales\n|-sidestart|p1: Pkmn Sleep Pro|move: Aurora Veil\n|move|p2a: Hypno|Toxic|p1a: Ninetales\n|-status|p1a: Ninetales|tox\n|\n|-weather|Snowscape|[upkeep]\n|-heal|p2a: Hypno|293/315|[from] item: Leftovers\n|-damage|p1a: Ninetales|227/242 tox|[from] psn\n|upkeep\n|turn|8\n|\n|t:|1782784427\n|switch|p1a: Greninja|Greninja, L80, M|246/246\n|move|p2a: Hypno|Protect||[still]\n|-fail|p2a: Hypno\n|\n|-weather|Snowscape|[upkeep]\n|-heal|p2a: Hypno|312/315|[from] item: Leftovers\n|upkeep\n|turn|9\n|\n|t:|1782784430\n|move|p2a: Hypno|Protect|p2a: Hypno\n|-singleturn|p2a: Hypno|Protect\n|move|p1a: Greninja|Dark Pulse|p2a: Hypno\n|-activate|p2a: Hypno|move: Protect\n|\n|-weather|Snowscape|[upkeep]\n|-heal|p2a: Hypno|315/315|[from] item: Leftovers\n|upkeep\n|turn|10\n|\n|t:|1782784434\n|move|p1a: Greninja|Hydro Pump|p2a: Hypno\n|-damage|p2a: Hypno|201/315\n|-damage|p1a: Greninja|222/246|[from] item: Life Orb\n|move|p2a: Hypno|Toxic|p1a: Greninja|[miss]\n|-miss|p2a: Hypno|p1a: Greninja\n|\n|-weather|none\n|-heal|p2a: Hypno|220/315|[from] item: Leftovers\n|upkeep\n|turn|11\n|\n|t:|1782784439\n|move|p2a: Hypno|Protect|p2a: Hypno\n|-singleturn|p2a: Hypno|Protect\n|move|p1a: Greninja|Dark Pulse|p2a: Hypno\n|-activate|p2a: Hypno|move: Protect\n|\n|-heal|p2a: Hypno|239/315|[from] item: Leftovers\n|upkeep\n|turn|12\n|\n|t:|1782784445\n|-terastallize|p2a: Hypno|Dark\n|move|p1a: Greninja|Dark Pulse|p2a: Hypno\n|-resisted|p2a: Hypno\n|-damage|p2a: Hypno|199/315\n|-damage|p1a: Greninja|198/246|[from] item: Life Orb\n|move|p2a: Hypno|Toxic|p1a: Greninja\n|-status|p1a: Greninja|tox\n|\n|-heal|p2a: Hypno|218/315|[from] item: Leftovers\n|-damage|p1a: Greninja|183/246 tox|[from] psn\n|upkeep\n|turn|13\n|\n|t:|1782784454\n|move|p2a: Hypno|Protect|p2a: Hypno\n|-singleturn|p2a: Hypno|Protect\n|move|p1a: Greninja|Hydro Pump|p2a: Hypno\n|-activate|p2a: Hypno|move: Protect\n|\n|-heal|p2a: Hypno|237/315|[from] item: Leftovers\n|-damage|p1a: Greninja|153/246 tox|[from] psn\n|upkeep\n|turn|14\n|\n|t:|1782784460\n|move|p1a: Greninja|Gunk Shot|p2a: Hypno\n|-damage|p2a: Hypno|125/315\n|-status|p2a: Hypno|psn\n|-damage|p1a: Greninja|129/246 tox|[from] item: Life Orb\n|move|p2a: Hypno|Focus Blast|p1a: Greninja\n|-supereffective|p1a: Greninja\n|-damage|p1a: Greninja|16/246 tox\n|\n|-heal|p2a: Hypno|144/315 psn|[from] item: Leftovers\n|-damage|p1a: Greninja|0 fnt|[from] psn\n|faint|p1a: Greninja\n|-damage|p2a: Hypno|105/315 psn|[from] psn\n|-sideend|p1: Pkmn Sleep Pro|move: Aurora Veil\n|upkeep\n|\n|t:|1782784465\n|switch|p1a: Ninetales|Ninetales-Alola, L78, F|227/242 tox\n|-weather|Snowscape|[from] ability: Snow Warning|[of] p1a: Ninetales\n|turn|15\n|\n|t:|1782784469\n|move|p1a: Ninetales|Aurora Veil|p1a: Ninetales\n|-sidestart|p1: Pkmn Sleep Pro|move: Aurora Veil\n|move|p2a: Hypno|Psychic Noise|p1a: Ninetales\n|-damage|p1a: Ninetales|183/242 tox\n|-start|p1a: Ninetales|move: Heal Block\n|\n|-weather|Snowscape|[upkeep]\n|-heal|p2a: Hypno|124/315 psn|[from] item: Leftovers\n|-damage|p1a: Ninetales|168/242 tox|[from] psn\n|-damage|p2a: Hypno|85/315 psn|[from] psn\n|upkeep\n|turn|16\n|\n|t:|1782784476\n|move|p2a: Hypno|Protect|p2a: Hypno\n|-singleturn|p2a: Hypno|Protect\n|move|p1a: Ninetales|Moonblast|p2a: Hypno\n|-activate|p2a: Hypno|move: Protect\n|\n|-weather|Snowscape|[upkeep]\n|-heal|p2a: Hypno|104/315 psn|[from] item: Leftovers\n|-damage|p1a: Ninetales|138/242 tox|[from] psn\n|-damage|p2a: Hypno|65/315 psn|[from] psn\n|-end|p1a: Ninetales|move: Heal Block\n|upkeep\n|turn|17\n|\n|t:|1782784479\n|move|p1a: Ninetales|Moonblast|p2a: Hypno\n|-supereffective|p2a: Hypno\n|-damage|p2a: Hypno|0 fnt\n|faint|p2a: Hypno\n|\n|-weather|Snowscape|[upkeep]\n|-damage|p1a: Ninetales|93/242 tox|[from] psn\n|upkeep\n|\n|t:|1782784484\n|switch|p2a: Camerupt|Camerupt, L91, F|275/275\n|-damage|p2a: Camerupt|241/275|[from] Stealth Rock\n|turn|18\n|\n|t:|1782784496\n|switch|p1a: Articuno|Articuno-Galar, L84|288/288\n|move|p2a: Camerupt|Stealth Rock|p1a: Articuno\n|-sidestart|p1: Pkmn Sleep Pro|move: Stealth Rock\n|\n|-weather|Snowscape|[upkeep]\n|-heal|p2a: Camerupt|258/275|[from] item: Leftovers\n|upkeep\n|turn|19\n|\n|t:|1782784500\n|move|p1a: Articuno|Freezing Glare|p2a: Camerupt\n|-damage|p2a: Camerupt|132/275\n|move|p2a: Camerupt|Roar|p1a: Articuno\n|drag|p1a: Palossand|Palossand, L89, M|278/296 tox\n|-damage|p1a: Palossand|260/296 tox|[from] Stealth Rock\n|\n|-weather|none\n|-heal|p2a: Camerupt|149/275|[from] item: Leftovers\n|-heal|p1a: Palossand|278/296 tox|[from] item: Leftovers\n|-damage|p1a: Palossand|260/296 tox|[from] psn\n|upkeep\n|turn|20\n|\n|t:|1782784510\n|move|p2a: Camerupt|Earthquake|p1a: Palossand\n|-damage|p1a: Palossand|213/296 tox\n|move|p1a: Palossand|Earth Power|p2a: Camerupt\n|-supereffective|p2a: Camerupt\n|-damage|p2a: Camerupt|0 fnt\n|faint|p2a: Camerupt\n|\n|-heal|p1a: Palossand|231/296 tox|[from] item: Leftovers\n|-damage|p1a: Palossand|195/296 tox|[from] psn\n|upkeep\n|\n|t:|1782784516\n|switch|p2a: Tauros|Tauros-Paldea-Blaze, L81, M|252/252\n|-damage|p2a: Tauros|221/252|[from] Stealth Rock\n|turn|21\n|\n|t:|1782784522\n|move|p2a: Tauros|Substitute|p2a: Tauros\n|-start|p2a: Tauros|Substitute\n|-damage|p2a: Tauros|158/252\n|move|p1a: Palossand|Earth Power|p2a: Tauros\n|-supereffective|p2a: Tauros\n|-end|p2a: Tauros|Substitute\n|\n|-heal|p1a: Palossand|213/296 tox|[from] item: Leftovers\n|-damage|p1a: Palossand|159/296 tox|[from] psn\n|upkeep\n|turn|22\n|\n|t:|1782784540\n|switch|p1a: Glimmora|Glimmora, L75, F, tera:Grass|16/248\n|-damage|p1a: Glimmora|0 fnt|[from] Stealth Rock\n|faint|p1a: Glimmora\n|move|p2a: Tauros|Substitute|p2a: Tauros\n|-start|p2a: Tauros|Substitute\n|-damage|p2a: Tauros|95/252\n|-enditem|p2a: Tauros|Sitrus Berry|[eat]\n|-heal|p2a: Tauros|158/252|[from] item: Sitrus Berry\n|\n|-sideend|p1: Pkmn Sleep Pro|move: Aurora Veil\n|upkeep\n|\n|t:|1782784551\n|switch|p1a: Ninetales|Ninetales-Alola, L78, F|93/242 tox\n|-damage|p1a: Ninetales|33/242 tox|[from] Stealth Rock\n|-weather|Snowscape|[from] ability: Snow Warning|[of] p1a: Ninetales\n|turn|23\n|\n|t:|1782784555\n|move|p1a: Ninetales|Aurora Veil|p1a: Ninetales\n|-sidestart|p1: Pkmn Sleep Pro|move: Aurora Veil\n|move|p2a: Tauros|Bulk Up|p2a: Tauros\n|-boost|p2a: Tauros|atk|1\n|-boost|p2a: Tauros|def|1\n|\n|-weather|Snowscape|[upkeep]\n|-damage|p1a: Ninetales|18/242 tox|[from] psn\n|-activate|p2a: Tauros|ability: Cud Chew\n|-enditem|p2a: Tauros|Sitrus Berry|[eat]\n|-heal|p2a: Tauros|221/252|[from] item: Sitrus Berry\n|upkeep\n|turn|24\n|\n|t:|1782784559\n|move|p1a: Ninetales|Moonblast|p2a: Tauros\n|-end|p2a: Tauros|Substitute\n|move|p2a: Tauros|Substitute|p2a: Tauros\n|-start|p2a: Tauros|Substitute\n|-damage|p2a: Tauros|158/252\n|\n|-weather|Snowscape|[upkeep]\n|-damage|p1a: Ninetales|0 fnt|[from] psn\n|faint|p1a: Ninetales\n|upkeep\n|\n|t:|1782784572\n|switch|p1a: Zapdos|Zapdos, L78|268/268\n|turn|25\n|\n|t:|1782784581\n|move|p2a: Tauros|Bulk Up|p2a: Tauros\n|-boost|p2a: Tauros|atk|1\n|-boost|p2a: Tauros|def|1\n|move|p1a: Zapdos|Thunderbolt|p2a: Tauros\n|-end|p2a: Tauros|Substitute\n|\n|-weather|Snowscape|[upkeep]\n|upkeep\n|turn|26\n|\n|t:|1782784584\n|move|p2a: Tauros|Substitute|p2a: Tauros\n|-start|p2a: Tauros|Substitute\n|-damage|p2a: Tauros|95/252\n|move|p1a: Zapdos|Thunderbolt|p2a: Tauros\n|-end|p2a: Tauros|Substitute\n|\n|-weather|Snowscape|[upkeep]\n|upkeep\n|turn|27\n|\n|t:|1782784587\n|move|p2a: Tauros|Substitute|p2a: Tauros\n|-start|p2a: Tauros|Substitute\n|-damage|p2a: Tauros|32/252\n|move|p1a: Zapdos|Thunderbolt|p2a: Tauros\n|-end|p2a: Tauros|Substitute\n|\n|-weather|none\n|upkeep\n|turn|28\n|\n|t:|1782784590\n|move|p2a: Tauros|Raging Bull|p1a: Zapdos\n|-sideend|p1: Pkmn Sleep Pro|move: Aurora Veil\n|-damage|p1a: Zapdos|66/268\n|move|p1a: Zapdos|Thunderbolt|p2a: Tauros\n|-damage|p2a: Tauros|0 fnt\n|faint|p2a: Tauros\n|\n|upkeep\n|\n|t:|1782784596\n|switch|p2a: Pawmot|Pawmot, L80, M|243/243\n|-damage|p2a: Pawmot|228/243|[from] Stealth Rock\n|turn|29\n|\n|t:|1782784601\n|switch|p1a: Palossand|Palossand, L89, M|159/296 tox\n|-damage|p1a: Palossand|141/296 tox|[from] Stealth Rock\n|move|p2a: Pawmot|Knock Off|p1a: Palossand\n|-supereffective|p1a: Palossand\n|-damage|p1a: Palossand|0 fnt\n|-enditem|p1a: Palossand|Leftovers|[from] move: Knock Off|[of] p2a: Pawmot\n|faint|p1a: Palossand\n|-damage|p2a: Pawmot|204/243|[from] item: Life Orb\n|\n|upkeep\n|\n|t:|1782784608\n|switch|p1a: Articuno|Articuno-Galar, L84|288/288\n|turn|30\n|\n|t:|1782784612\n|move|p2a: Pawmot|Double Shock|p1a: Articuno\n|-supereffective|p1a: Articuno\n|-damage|p1a: Articuno|0 fnt\n|-start|p2a: Pawmot|typechange|???/Fighting|[from] move: Double Shock\n|faint|p1a: Articuno\n|-damage|p2a: Pawmot|180/243|[from] item: Life Orb\n|\n|upkeep\n|\n|t:|1782784616\n|switch|p1a: Zapdos|Zapdos, L78|66/268\n|turn|31\n|\n|t:|1782784624\n|move|p2a: Pawmot|Revival Blessing|p2a: Pawmot\n|\n|t:|1782784626\n|-heal|p2: Inteleon|123/246|[from] move: Revival Blessing\n|move|p1a: Zapdos|Roost|p1a: Zapdos\n|-heal|p1a: Zapdos|200/268\n|-singleturn|p1a: Zapdos|move: Roost\n|\n|upkeep\n|turn|32\n|\n|t:|1782784630\n|move|p2a: Pawmot|Knock Off|p1a: Zapdos\n|-damage|p1a: Zapdos|104/268\n|-enditem|p1a: Zapdos|Heavy-Duty Boots|[from] move: Knock Off|[of] p2a: Pawmot\n|-damage|p2a: Pawmot|156/243|[from] item: Life Orb\n|move|p1a: Zapdos|Roost|p1a: Zapdos\n|-heal|p1a: Zapdos|238/268\n|-singleturn|p1a: Zapdos|move: Roost\n|\n|upkeep\n|turn|33\n|\n|t:|1782784634\n|move|p2a: Pawmot|Close Combat|p1a: Zapdos\n|-resisted|p1a: Zapdos\n|-damage|p1a: Zapdos|147/268\n|-unboost|p2a: Pawmot|def|1\n|-unboost|p2a: Pawmot|spd|1\n|-damage|p2a: Pawmot|132/243|[from] item: Life Orb\n|move|p1a: Zapdos|Roost|p1a: Zapdos\n|-heal|p1a: Zapdos|268/268\n|-singleturn|p1a: Zapdos|move: Roost\n|\n|upkeep\n|turn|34\n|\n|t:|1782784642\n|move|p2a: Pawmot|Close Combat|p1a: Zapdos\n|-resisted|p1a: Zapdos\n|-damage|p1a: Zapdos|164/268\n|-unboost|p2a: Pawmot|def|1\n|-unboost|p2a: Pawmot|spd|1\n|-damage|p2a: Pawmot|108/243|[from] item: Life Orb\n|move|p1a: Zapdos|Roost|p1a: Zapdos\n|-heal|p1a: Zapdos|268/268\n|-singleturn|p1a: Zapdos|move: Roost\n|\n|upkeep\n|turn|35\n|\n|t:|1782784654\n|move|p2a: Pawmot|Close Combat|p1a: Zapdos\n|-resisted|p1a: Zapdos\n|-damage|p1a: Zapdos|167/268\n|-unboost|p2a: Pawmot|def|1\n|-unboost|p2a: Pawmot|spd|1\n|-damage|p2a: Pawmot|84/243|[from] item: Life Orb\n|move|p1a: Zapdos|Thunderbolt|p2a: Pawmot\n|-heal|p2a: Pawmot|144/243|[from] ability: Volt Absorb|[of] p1a: Zapdos\n|\n|upkeep\n|turn|36\n|\n|t:|1782784660\n|move|p2a: Pawmot|Close Combat|p1a: Zapdos\n|-resisted|p1a: Zapdos\n|-damage|p1a: Zapdos|68/268\n|-unboost|p2a: Pawmot|def|1\n|-unboost|p2a: Pawmot|spd|1\n|-damage|p2a: Pawmot|120/243|[from] item: Life Orb\n|move|p1a: Zapdos|Roost|p1a: Zapdos\n|-heal|p1a: Zapdos|202/268\n|-singleturn|p1a: Zapdos|move: Roost\n|\n|upkeep\n|turn|37\n|\n|t:|1782784663\n|move|p2a: Pawmot|Close Combat|p1a: Zapdos\n|-resisted|p1a: Zapdos\n|-damage|p1a: Zapdos|112/268\n|-unboost|p2a: Pawmot|def|1\n|-unboost|p2a: Pawmot|spd|1\n|-damage|p2a: Pawmot|96/243|[from] item: Life Orb\n|move|p1a: Zapdos|Roost|p1a: Zapdos\n|-heal|p1a: Zapdos|246/268\n|-singleturn|p1a: Zapdos|move: Roost\n|\n|upkeep\n|turn|38\n|\n|t:|1782784668\n|move|p2a: Pawmot|Close Combat|p1a: Zapdos\n|-resisted|p1a: Zapdos\n|-damage|p1a: Zapdos|149/268\n|-unboost|p2a: Pawmot|def|1\n|-unboost|p2a: Pawmot|spd|1\n|-status|p2a: Pawmot|par|[from] ability: Static|[of] p1a: Zapdos\n|-damage|p2a: Pawmot|72/243 par|[from] item: Life Orb\n|move|p1a: Zapdos|Roost|p1a: Zapdos\n|-heal|p1a: Zapdos|268/268\n|-singleturn|p1a: Zapdos|move: Roost\n|\n|upkeep\n|turn|39\n|\n|t:|1782784675\n|move|p1a: Zapdos|Heat Wave|p2a: Pawmot\n|-damage|p2a: Pawmot|0 fnt\n|faint|p2a: Pawmot\n|\n|upkeep\n|\n|t:|1782784677\n|switch|p2a: Inteleon|Inteleon, L81, F|123/246\n|-damage|p2a: Inteleon|93/246|[from] Stealth Rock\n|turn|40\n|\n|t:|1782784680\n|move|p2a: Inteleon|Scald|p1a: Zapdos\n|-damage|p1a: Zapdos|114/268\n|move|p1a: Zapdos|Thunderbolt|p2a: Inteleon\n|-supereffective|p2a: Inteleon\n|-damage|p2a: Inteleon|0 fnt\n|faint|p2a: Inteleon\n|\n|upkeep\n|\n|t:|1782784681\n|switch|p2a: Staraptor|Staraptor, L79, F|263/263\n|-damage|p2a: Staraptor|198/263|[from] Stealth Rock\n|turn|41\n|\n|t:|1782784684\n|move|p2a: Staraptor|Double-Edge|p1a: Zapdos\n|-damage|p1a: Zapdos|0 fnt\n|faint|p1a: Zapdos\n|-damage|p2a: Staraptor|160/263|[from] Recoil\n|\n|win|pnm123\n", "inputlog": ">version f8ac14003a5f27e1bdc8d8c59608a773c1cb96e5\n>start {\"formatid\":\"gen9randombattle\",\"seed\":\"sodium,67331f4e0d759ce8ec004b70ec4445b9\",\"rated\":\"Rated battle\"}\n>player p1 {\"name\":\"Pkmn Sleep Pro\",\"avatar\":\"102\",\"rating\":2274,\"seed\":\"sodium,a317408bfac16d36d83e8b9b37a3ccc8\"}\n>player p2 {\"name\":\"pnm123\",\"avatar\":\"fisherman-gen4\",\"rating\":2320,\"seed\":\"sodium,163804e36d0a0e0fb7ac7ce87742eb80\"}\n>p1 move meteorbeam\n>p2 switch 3\n>p1 move sludgewave terastallize\n>p2 move scald\n>p2 switch 2\n>p1 move sludgewave\n>p2 move psychicnoise\n>p1 switch 2\n>p2 move protect\n>p1 move stealthrock\n>p2 move toxic\n>p1 switch 4\n>p2 move protect\n>p1 move auroraveil\n>p2 move toxic\n>p1 switch 5\n>p2 move protect\n>p1 move darkpulse\n>p2 move protect\n>p1 move hydropump\n>p2 move toxic\n>p1 move darkpulse\n>p2 move protect\n>p1 move darkpulse\n>p2 move toxic terastallize\n>p1 move hydropump\n>p2 move protect\n>p1 move gunkshot\n>p2 move focusblast\n>p1 switch 5\n>p1 move auroraveil\n>p2 move psychicnoise\n>p1 move moonblast\n>p2 move protect\n>p1 move moonblast\n>p2 move psychicnoise\n>p2 switch 5\n>p1 switch 3\n>p2 move stealthrock\n>p1 move freezingglare\n>p2 move roar\n>p1 move earthpower\n>p2 move earthquake\n>p2 switch 4\n>p1 move earthpower\n>p2 move substitute\n>p1 switch 2\n>p2 move substitute\n>p1 switch 3\n>p1 move auroraveil\n>p2 move bulkup\n>p1 move moonblast\n>p2 move substitute\n>p1 switch 6\n>p1 move thunderbolt\n>p2 move bulkup\n>p1 move thunderbolt\n>p2 move substitute\n>p1 move thunderbolt\n>p2 move substitute\n>p1 move thunderbolt\n>p2 move ragingbull\n>p2 switch 3\n>p1 switch 2\n>p2 move knockoff\n>p1 switch 4\n>p1 move freezingglare\n>p2 move doubleshock\n>p1 switch 2\n>p1 move roost\n>p2 move revivalblessing\n>p2 switch 2\n>p1 move roost\n>p2 move knockoff\n>p1 move roost\n>p2 move closecombat\n>p1 move roost\n>p2 move closecombat\n>p1 move thunderbolt\n>p2 move closecombat\n>p1 move roost\n>p2 move closecombat\n>p1 move roost\n>p2 move closecombat\n>p1 move roost\n>p2 move closecombat\n>p1 move heatwave\n>p2 move closecombat\n>p2 switch 2\n>p1 move thunderbolt\n>p2 move scald\n>p2 switch 6\n>p1 move thunderbolt\n>p2 move doubleedge", "uploadtime": 1782784308, "views": 4, "formatid": "gen9randombattle", "rating": null, "private": 0, "password": null, "player_dets": [{"name": "Pkmn Sleep Pro", "avatar": "102", "rating": 2274, "seed": "sodium,a317408bfac16d36d83e8b9b37a3ccc8"}, {"name": "pnm123", "avatar": "fisherman-gen4", "rating": 2320, "seed": "sodium,163804e36d0a0e0fb7ac7ce87742eb80"}], "teams_full": [{"Glimmora": {"name": "Glimmora", "species": "Glimmora", "speciesId": "glimmora", "gender": "F", "shiny": false, "level": 75, "moves": ["earthpower", "sludgewave", "meteorbeam", "energyball"], "ability": "Toxic Debris", "evs": {"hp": 85, "atk": 0, "def": 85, "spa": 85, "spd": 85, "spe": 85}, "ivs": {"hp": 31, "atk": 0, "def": 31, "spa": 31, "spd": 31, "spe": 31}, "item": "Power Herb", "teraType": "Grass", "role": "Setup Sweeper", "bvs": {"hp": 83, "atk": 55, "def": 90, "spa": 130, "spd": 81, "spe": 86}, "stats": {"hp": 248, "atk": 87, "def": 179, "spa": 239, "spd": 165, "spe": 173}, "types": ["Rock", "Poison"]}, "Palossand": {"name": "Palossand", "species": "Palossand", "speciesId": "palossand", "gender": "M", "shiny": false, "level": 89, "moves": ["stealthrock", "shoreup", "shadowball", "earthpower"], "ability": "Water Compaction", "evs": {"hp": 85, "atk": 0, "def": 85, "spa": 85, "spd": 85, "spe": 85}, "ivs": {"hp": 31, "atk": 0, "def": 31, "spa": 31, "spd": 31, "spe": 31}, "item": "Leftovers", "teraType": "Poison", "role": "Bulky Support", "bvs": {"hp": 85, "atk": 75, "def": 110, "spa": 100, "spd": 75, "spe": 35}, "stats": {"hp": 296, "atk": 138, "def": 247, "spa": 229, "spd": 184, "spe": 113}, "types": ["Ghost", "Ground"]}, "Articuno": {"name": "Articuno", "species": "Articuno-Galar", "speciesId": "articunogalar", "gender": "N", "shiny": false, "level": 84, "moves": ["hurricane", "calmmind", "recover", "freezingglare"], "ability": "Competitive", "evs": {"hp": 85, "atk": 0, "def": 85, "spa": 85, "spd": 85, "spe": 85}, "ivs": {"hp": 31, "atk": 0, "def": 31, "spa": 31, "spd": 31, "spe": 31}, "item": "Heavy-Duty Boots", "teraType": "Steel", "role": "Fast Bulky Setup", "bvs": {"hp": 90, "atk": 85, "def": 85, "spa": 125, "spd": 100, "spe": 95}, "stats": {"hp": 288, "atk": 147, "def": 191, "spa": 258, "spd": 216, "spe": 208}, "types": ["Psychic", "Flying"]}, "Ninetales": {"name": "Ninetales", "species": "Ninetales-Alola", "speciesId": "ninetalesalola", "gender": "F", "shiny": false, "level": 78, "moves": ["moonblast", "auroraveil", "blizzard", "freezedry"], "ability": "Snow Warning", "evs": {"hp": 85, "atk": 0, "def": 85, "spa": 85, "spd": 85, "spe": 85}, "ivs": {"hp": 31, "atk": 0, "def": 31, "spa": 31, "spd": 31, "spe": 31}, "item": "Light Clay", "teraType": "Water", "role": "Fast Attacker", "bvs": {"hp": 73, "atk": 67, "def": 75, "spa": 81, "spd": 100, "spe": 109}, "stats": {"hp": 242, "atk": 109, "def": 162, "spa": 171, "spd": 201, "spe": 215}, "types": ["Ice", "Fairy"]}, "Greninja": {"name": "Greninja", "species": "Greninja-Bond", "speciesId": "greninjabond", "gender": "M", "shiny": false, "level": 80, "moves": ["darkpulse", "gunkshot", "icebeam", "hydropump"], "ability": "Battle Bond", "evs": {"hp": 85, "atk": 85, "def": 85, "spa": 85, "spd": 85, "spe": 85}, "ivs": {"hp": 31, "atk": 31, "def": 31, "spa": 31, "spd": 31, "spe": 31}, "item": "Life Orb", "teraType": "Water", "role": "Fast Attacker", "bvs": {"hp": 72, "atk": 95, "def": 67, "spa": 103, "spd": 71, "spe": 122}, "stats": {"hp": 246, "atk": 198, "def": 153, "spa": 211, "spd": 160, "spe": 241}, "types": ["Water", "Dark"]}, "Zapdos": {"name": "Zapdos", "species": "Zapdos", "speciesId": "zapdos", "gender": "N", "shiny": false, "level": 78, "moves": ["hurricane", "heatwave", "thunderbolt", "roost"], "ability": "Static", "evs": {"hp": 85, "atk": 0, "def": 85, "spa": 85, "spd": 85, "spe": 85}, "ivs": {"hp": 31, "atk": 0, "def": 31, "spa": 31, "spd": 31, "spe": 31}, "item": "Heavy-Duty Boots", "teraType": "Steel", "role": "Bulky Attacker", "bvs": {"hp": 90, "atk": 90, "def": 85, "spa": 125, "spd": 90, "spe": 100}, "stats": {"hp": 268, "atk": 145, "def": 178, "spa": 240, "spd": 185, "spe": 201}, "types": ["Electric", "Flying"]}}, {"Pawmot": {"name": "Pawmot", "species": "Pawmot", "speciesId": "pawmot", "gender": "M", "shiny": false, "level": 80, "moves": ["knockoff", "closecombat", "revivalblessing", "doubleshock"], "ability": "Volt Absorb", "evs": {"hp": 85, "atk": 85, "def": 85, "spa": 85, "spd": 85, "spe": 85}, "ivs": {"hp": 31, "atk": 31, "def": 31, "spa": 31, "spd": 31, "spe": 31}, "item": "Life Orb", "teraType": "Electric", "role": "Fast Attacker", "bvs": {"hp": 70, "atk": 115, "def": 70, "spa": 70, "spd": 60, "spe": 105}, "stats": {"hp": 243, "atk": 230, "def": 158, "spa": 158, "spd": 142, "spe": 214}, "types": ["Electric", "Fighting"]}, "Hypno": {"name": "Hypno", "species": "Hypno", "speciesId": "hypno", "gender": "F", "shiny": false, "level": 95, "moves": ["focusblast", "psychicnoise", "toxic", "protect"], "ability": "Insomnia", "evs": {"hp": 85, "atk": 0, "def": 85, "spa": 85, "spd": 85, "spe": 85}, "ivs": {"hp": 31, "atk": 0, "def": 31, "spa": 31, "spd": 31, "spe": 31}, "item": "Leftovers", "teraType": "Dark", "role": "Bulky Attacker", "bvs": {"hp": 85, "atk": 73, "def": 70, "spa": 73, "spd": 115, "spe": 67}, "stats": {"hp": 315, "atk": 143, "def": 187, "spa": 193, "spd": 272, "spe": 181}, "types": ["Psychic"]}, "Inteleon": {"name": "Inteleon", "species": "Inteleon", "speciesId": "inteleon", "gender": "F", "shiny": false, "level": 81, "moves": ["hydropump", "icebeam", "uturn", "scald"], "ability": "Torrent", "evs": {"hp": 85, "atk": 85, "def": 85, "spa": 85, "spd": 85, "spe": 85}, "ivs": {"hp": 31, "atk": 31, "def": 31, "spa": 31, "spd": 31, "spe": 31}, "item": "Choice Specs", "teraType": "Water", "role": "Wallbreaker", "bvs": {"hp": 70, "atk": 85, "def": 65, "spa": 125, "spd": 65, "spe": 120}, "stats": {"hp": 246, "atk": 184, "def": 152, "spa": 249, "spd": 152, "spe": 241}, "types": ["Water"]}, "Tauros": {"name": "Tauros", "species": "Tauros-Paldea-Blaze", "speciesId": "taurospaldeablaze", "gender": "M", "shiny": false, "level": 81, "moves": ["ragingbull", "substitute", "closecombat", "bulkup"], "ability": "Cud Chew", "evs": {"hp": 73, "atk": 85, "def": 85, "spa": 85, "spd": 85, "spe": 85}, "ivs": {"hp": 31, "atk": 31, "def": 31, "spa": 31, "spd": 31, "spe": 31}, "item": "Sitrus Berry", "teraType": "Water", "role": "Fast Bulky Setup", "bvs": {"hp": 75, "atk": 110, "def": 105, "spa": 30, "spd": 70, "spe": 100}, "stats": {"hp": 252, "atk": 225, "def": 217, "spa": 95, "spd": 160, "spe": 209}, "types": ["Fighting", "Fire"]}, "Camerupt": {"name": "Camerupt", "species": "Camerupt", "speciesId": "camerupt", "gender": "F", "shiny": false, "level": 91, "moves": ["overheat", "stealthrock", "earthquake", "roar"], "ability": "Solid Rock", "evs": {"hp": 85, "atk": 85, "def": 85, "spa": 85, "spd": 85, "spe": 85}, "ivs": {"hp": 31, "atk": 31, "def": 31, "spa": 31, "spd": 31, "spe": 31}, "item": "Leftovers", "teraType": "Grass", "role": "Bulky Support", "bvs": {"hp": 70, "atk": 100, "def": 70, "spa": 105, "spd": 75, "spe": 40}, "stats": {"hp": 275, "atk": 234, "def": 179, "spa": 243, "spd": 188, "spe": 125}, "types": ["Fire", "Ground"]}, "Staraptor": {"name": "Staraptor", "species": "Staraptor", "speciesId": "staraptor", "gender": "F", "shiny": false, "level": 79, "moves": ["closecombat", "quickattack", "doubleedge", "bravebird"], "ability": "Reckless", "evs": {"hp": 81, "atk": 85, "def": 85, "spa": 85, "spd": 85, "spe": 85}, "ivs": {"hp": 31, "atk": 31, "def": 31, "spa": 31, "spd": 31, "spe": 31}, "item": "Choice Band", "teraType": "Fighting", "role": "Fast Attacker", "bvs": {"hp": 85, "atk": 120, "def": 70, "spa": 50, "spd": 60, "spe": 100}, "stats": {"hp": 263, "atk": 235, "def": 156, "spa": 125, "spd": 140, "spe": 204}, "types": ["Normal", "Flying"]}}]}