{"id": "gen9randombattle-2641666154", "format": "[Gen 9] Random Battle", "players": ["thenys", "wienerhaus"], "log": "|j|\u2606thenys\n|j|\u2606wienerhaus\n|t:|1782827134\n|gametype|singles\n|player|p1|thenys|volkner|2029\n|player|p2|wienerhaus|blue|2000\n|gen|9\n|tier|[Gen 9] Random Battle\n|rated|\n|rule|Species Clause: Limit one of each Pok\u00e9mon\n|rule|HP Percentage Mod: HP is shown in percentages\n|rule|Sleep Clause Mod: Limit one foe put to sleep\n|rule|Illusion Level Mod: Illusion disguises the Pok\u00e9mon's true level\n|\n|t:|1782827134\n|teamsize|p1|6\n|teamsize|p2|6\n|start\n|switch|p1a: Solgaleo|Solgaleo, L74|325/325\n|switch|p2a: Misdreavus|Misdreavus, L90, M|254/254\n|turn|1\n|inactive|Battle timer is ON: inactive players will automatically lose when time's up. (requested by thenys)\n|c|\u2606wienerhaus|glhf\n|\n|t:|1782827145\n|switch|p1a: Ursaluna|Ursaluna-Bloodmoon, L79, M|308/308\n|move|p2a: Misdreavus|Will-O-Wisp|p1a: Ursaluna|[miss]\n|-miss|p2a: Misdreavus|p1a: Ursaluna\n|\n|upkeep\n|turn|2\n|\n|t:|1782827154\n|switch|p2a: Glaceon|Glaceon, L94, F|275/275\n|move|p1a: Ursaluna|Calm Mind|p1a: Ursaluna\n|-boost|p1a: Ursaluna|spa|1\n|-boost|p1a: Ursaluna|spd|1\n|\n|upkeep\n|turn|3\n|\n|t:|1782827163\n|move|p2a: Glaceon|Freeze-Dry|p1a: Ursaluna\n|-supereffective|p1a: Ursaluna\n|-damage|p1a: Ursaluna|98/308\n|move|p1a: Ursaluna|Blood Moon|p2a: Glaceon\n|-damage|p2a: Glaceon|73/275\n|\n|-heal|p1a: Ursaluna|117/308|[from] item: Leftovers\n|upkeep\n|turn|4\n|\n|t:|1782827174\n|switch|p1a: Solgaleo|Solgaleo, L74|325/325\n|move|p2a: Glaceon|Freeze-Dry|p1a: Solgaleo\n|-resisted|p1a: Solgaleo\n|-damage|p1a: Solgaleo|259/325\n|\n|-heal|p1a: Solgaleo|279/325|[from] item: Leftovers\n|upkeep\n|turn|5\n|\n|t:|1782827183\n|move|p1a: Solgaleo|Knock Off|p2a: Glaceon\n|-damage|p2a: Glaceon|22/275\n|-enditem|p2a: Glaceon|Heavy-Duty Boots|[from] move: Knock Off|[of] p1a: Solgaleo\n|move|p2a: Glaceon|Wish|p2a: Glaceon\n|\n|-heal|p1a: Solgaleo|299/325|[from] item: Leftovers\n|upkeep\n|turn|6\n|\n|t:|1782827194\n|move|p2a: Glaceon|Protect|p2a: Glaceon\n|-singleturn|p2a: Glaceon|Protect\n|move|p1a: Solgaleo|Morning Sun|p1a: Solgaleo\n|-heal|p1a: Solgaleo|325/325\n|\n|-heal|p2a: Glaceon|159/275|[from] move: Wish|[wisher] Glaceon\n|upkeep\n|turn|7\n|\n|t:|1782827211\n|switch|p2a: Kricketune|Kricketune, L99, M|312/312\n|move|p1a: Solgaleo|Sunsteel Strike|p2a: Kricketune\n|-damage|p2a: Kricketune|170/312\n|\n|upkeep\n|turn|8\n|\n|t:|1782827220\n|move|p1a: Solgaleo|Sunsteel Strike|p2a: Kricketune\n|-damage|p2a: Kricketune|34/312\n|move|p2a: Kricketune|Sticky Web|p1a: Solgaleo\n|-sidestart|p1: thenys|move: Sticky Web\n|\n|upkeep\n|turn|9\n|\n|t:|1782827229\n|move|p1a: Solgaleo|Knock Off|p2a: Kricketune\n|-damage|p2a: Kricketune|0 fnt\n|-enditem|p2a: Kricketune|Heavy-Duty Boots|[from] move: Knock Off|[of] p1a: Solgaleo\n|faint|p2a: Kricketune\n|\n|upkeep\n|\n|t:|1782827234\n|switch|p2a: Misdreavus|Misdreavus, L90, M|254/254\n|turn|10\n|\n|t:|1782827237\n|switch|p1a: Ursaluna|Ursaluna-Bloodmoon, L79, M|117/308\n|-activate|p1a: Ursaluna|move: Sticky Web\n|-unboost|p1a: Ursaluna|spe|1\n|move|p2a: Misdreavus|Will-O-Wisp|p1a: Ursaluna\n|-status|p1a: Ursaluna|brn\n|\n|-heal|p1a: Ursaluna|136/308 brn|[from] item: Leftovers\n|-damage|p1a: Ursaluna|117/308 brn|[from] brn\n|upkeep\n|turn|11\n|\n|t:|1782827248\n|switch|p2a: Glaceon|Glaceon, L94, F|159/275\n|move|p1a: Ursaluna|Moonlight|p1a: Ursaluna\n|-heal|p1a: Ursaluna|271/308 brn\n|\n|-heal|p1a: Ursaluna|290/308 brn|[from] item: Leftovers\n|-damage|p1a: Ursaluna|271/308 brn|[from] brn\n|upkeep\n|turn|12\n|\n|t:|1782827258\n|switch|p1a: Solgaleo|Solgaleo, L74|325/325\n|-activate|p1a: Solgaleo|move: Sticky Web\n|-fail|p1a: Solgaleo|unboost|[from] ability: Full Metal Body|[of] p1a: Solgaleo\n|move|p2a: Glaceon|Wish|p2a: Glaceon\n|\n|upkeep\n|turn|13\n|\n|t:|1782827265\n|move|p2a: Glaceon|Protect|p2a: Glaceon\n|-singleturn|p2a: Glaceon|Protect\n|move|p1a: Solgaleo|Sunsteel Strike|p2a: Glaceon\n|-activate|p2a: Glaceon|move: Protect\n|\n|-heal|p2a: Glaceon|275/275|[from] move: Wish|[wisher] Glaceon\n|upkeep\n|turn|14\n|\n|t:|1782827280\n|switch|p2a: Misdreavus|Misdreavus, L90, M|254/254\n|move|p1a: Solgaleo|Knock Off|p2a: Misdreavus\n|-supereffective|p2a: Misdreavus\n|-damage|p2a: Misdreavus|138/254\n|-enditem|p2a: Misdreavus|Eviolite|[from] move: Knock Off|[of] p1a: Solgaleo\n|\n|upkeep\n|turn|15\n|\n|t:|1782827287\n|switch|p1a: Ursaluna|Ursaluna-Bloodmoon, L79, M|271/308 brn\n|-activate|p1a: Ursaluna|move: Sticky Web\n|-unboost|p1a: Ursaluna|spe|1\n|move|p2a: Misdreavus|Calm Mind|p2a: Misdreavus\n|-boost|p2a: Misdreavus|spa|1\n|-boost|p2a: Misdreavus|spd|1\n|\n|-heal|p1a: Ursaluna|290/308 brn|[from] item: Leftovers\n|-damage|p1a: Ursaluna|271/308 brn|[from] brn\n|upkeep\n|turn|16\n|\n|t:|1782827299\n|move|p2a: Misdreavus|Draining Kiss|p1a: Ursaluna\n|-damage|p1a: Ursaluna|199/308 brn\n|-heal|p2a: Misdreavus|192/254|[from] drain|[of] p1a: Ursaluna\n|move|p1a: Ursaluna|Calm Mind|p1a: Ursaluna\n|-boost|p1a: Ursaluna|spa|1\n|-boost|p1a: Ursaluna|spd|1\n|\n|-heal|p1a: Ursaluna|218/308 brn|[from] item: Leftovers\n|-damage|p1a: Ursaluna|199/308 brn|[from] brn\n|upkeep\n|turn|17\n|\n|t:|1782827310\n|switch|p2a: Glaceon|Glaceon, L94, F|275/275\n|move|p1a: Ursaluna|Calm Mind|p1a: Ursaluna\n|-boost|p1a: Ursaluna|spa|1\n|-boost|p1a: Ursaluna|spd|1\n|\n|-heal|p1a: Ursaluna|218/308 brn|[from] item: Leftovers\n|-damage|p1a: Ursaluna|199/308 brn|[from] brn\n|upkeep\n|turn|18\n|\n|t:|1782827320\n|-terastallize|p1a: Ursaluna|Normal\n|move|p2a: Glaceon|Freeze-Dry|p1a: Ursaluna\n|-damage|p1a: Ursaluna|129/308 brn\n|move|p1a: Ursaluna|Blood Moon|p2a: Glaceon\n|-damage|p2a: Glaceon|0 fnt\n|faint|p2a: Glaceon\n|\n|-heal|p1a: Ursaluna|148/308 brn|[from] item: Leftovers\n|-damage|p1a: Ursaluna|129/308 brn|[from] brn\n|upkeep\n|\n|t:|1782827326\n|switch|p2a: Scrafty|Scrafty, L83, M|244/244\n|-ability|p2a: Scrafty|Intimidate|boost\n|-unboost|p1a: Ursaluna|atk|1\n|turn|19\n|\n|t:|1782827346\n|switch|p1a: Gallade|Gallade, L80, M|240/240\n|-activate|p1a: Gallade|move: Sticky Web\n|-unboost|p1a: Gallade|spe|1\n|move|p2a: Scrafty|Dragon Dance|p2a: Scrafty\n|-boost|p2a: Scrafty|atk|1\n|-boost|p2a: Scrafty|spe|1\n|\n|upkeep\n|turn|20\n|\n|t:|1782827364\n|-terastallize|p2a: Scrafty|Poison\n|move|p2a: Scrafty|Dragon Dance|p2a: Scrafty\n|-boost|p2a: Scrafty|atk|1\n|-boost|p2a: Scrafty|spe|1\n|move|p1a: Gallade|Agility|p1a: Gallade\n|-boost|p1a: Gallade|spe|2\n|\n|upkeep\n|turn|21\n|\n|t:|1782827375\n|move|p2a: Scrafty|Knock Off|p1a: Gallade\n|-damage|p1a: Gallade|0 fnt\n|-enditem|p1a: Gallade|Life Orb|[from] move: Knock Off|[of] p2a: Scrafty\n|faint|p1a: Gallade\n|\n|upkeep\n|\n|t:|1782827382\n|switch|p1a: Excadrill|Excadrill, L79, M|303/303\n|-activate|p1a: Excadrill|move: Sticky Web\n|-unboost|p1a: Excadrill|spe|1\n|-ability|p1a: Excadrill|Mold Breaker\n|turn|22\n|\n|t:|1782827390\n|move|p2a: Scrafty|Drain Punch|p1a: Excadrill\n|-supereffective|p1a: Excadrill\n|-damage|p1a: Excadrill|0 fnt\n|faint|p1a: Excadrill\n|\n|upkeep\n|\n|t:|1782827398\n|switch|p1a: Goodra|Goodra, L85, M|292/292\n|-activate|p1a: Goodra|move: Sticky Web\n|-unboost|p1a: Goodra|spe|1\n|turn|23\n|\n|t:|1782827403\n|move|p2a: Scrafty|Knock Off|p1a: Goodra\n|-damage|p1a: Goodra|82/292\n|-enditem|p1a: Goodra|Assault Vest|[from] move: Knock Off|[of] p2a: Scrafty\n|move|p1a: Goodra|Dragon Tail|p2a: Scrafty\n|-damage|p2a: Scrafty|186/244\n|drag|p2a: Misdreavus|Misdreavus, L90, M|192/254\n|\n|upkeep\n|turn|24\n|\n|t:|1782827420\n|move|p2a: Misdreavus|Draining Kiss|p1a: Goodra\n|-supereffective|p1a: Goodra\n|-damage|p1a: Goodra|36/292\n|-heal|p2a: Misdreavus|227/254|[from] drain|[of] p1a: Goodra\n|move|p1a: Goodra|Dragon Tail|p2a: Misdreavus\n|-damage|p2a: Misdreavus|143/254\n|drag|p2a: Vivillon|Vivillon-Savanna, L83, M|268/268\n|\n|upkeep\n|turn|25\n|\n|t:|1782827431\n|move|p2a: Vivillon|Sleep Powder|p1a: Goodra\n|-ability|p1a: Goodra|Sap Sipper|boost\n|-boost|p1a: Goodra|atk|1\n|move|p1a: Goodra|Draco Meteor|p2a: Vivillon\n|-damage|p2a: Vivillon|49/268\n|-unboost|p1a: Goodra|spa|2\n|\n|upkeep\n|turn|26\n|\n|t:|1782827440\n|move|p2a: Vivillon|Hurricane|p1a: Goodra|[miss]\n|-miss|p2a: Vivillon|p1a: Goodra\n|move|p1a: Goodra|Dragon Tail|p2a: Vivillon\n|-damage|p2a: Vivillon|0 fnt\n|faint|p2a: Vivillon\n|\n|upkeep\n|\n|t:|1782827443\n|switch|p2a: Misdreavus|Misdreavus, L90, M|143/254\n|turn|27\n|\n|t:|1782827453\n|switch|p1a: Ursaluna|Ursaluna-Bloodmoon, L79, M, tera:Normal|129/308 brn\n|-activate|p1a: Ursaluna|move: Sticky Web\n|-unboost|p1a: Ursaluna|spe|1\n|move|p2a: Misdreavus|Draining Kiss|p1a: Ursaluna\n|-damage|p1a: Ursaluna|80/308 brn\n|-heal|p2a: Misdreavus|180/254|[from] drain|[of] p1a: Ursaluna\n|\n|-heal|p1a: Ursaluna|99/308 brn|[from] item: Leftovers\n|-damage|p1a: Ursaluna|80/308 brn|[from] brn\n|upkeep\n|turn|28\n|\n|t:|1782827465\n|switch|p2a: Scrafty|Scrafty, L83, M, tera:Poison|186/244\n|-ability|p2a: Scrafty|Intimidate|boost\n|-unboost|p1a: Ursaluna|atk|1\n|move|p1a: Ursaluna|Moonlight|p1a: Ursaluna\n|-heal|p1a: Ursaluna|234/308 brn\n|\n|-heal|p2a: Scrafty|201/244|[from] item: Leftovers\n|-heal|p1a: Ursaluna|253/308 brn|[from] item: Leftovers\n|-damage|p1a: Ursaluna|234/308 brn|[from] brn\n|upkeep\n|turn|29\n|\n|t:|1782827477\n|move|p2a: Scrafty|Drain Punch|p1a: Ursaluna\n|-supereffective|p1a: Ursaluna\n|-damage|p1a: Ursaluna|102/308 brn\n|-heal|p2a: Scrafty|244/244|[from] drain|[of] p1a: Ursaluna\n|move|p1a: Ursaluna|Earth Power|p2a: Scrafty\n|-supereffective|p2a: Scrafty\n|-damage|p2a: Scrafty|70/244\n|\n|-heal|p2a: Scrafty|85/244|[from] item: Leftovers\n|-heal|p1a: Ursaluna|121/308 brn|[from] item: Leftovers\n|-damage|p1a: Ursaluna|102/308 brn|[from] brn\n|upkeep\n|turn|30\n|\n|t:|1782827489\n|move|p2a: Scrafty|Drain Punch|p1a: Ursaluna\n|-supereffective|p1a: Ursaluna\n|-damage|p1a: Ursaluna|0 fnt\n|-heal|p2a: Scrafty|136/244|[from] drain|[of] p1a: Ursaluna\n|faint|p1a: Ursaluna\n|\n|-heal|p2a: Scrafty|151/244|[from] item: Leftovers\n|upkeep\n|\n|t:|1782827498\n|switch|p1a: Blaziken|Blaziken, L76, M|247/247\n|-activate|p1a: Blaziken|move: Sticky Web\n|-unboost|p1a: Blaziken|spe|1\n|turn|31\n|\n|t:|1782827507\n|switch|p2a: Dachsbun|Dachsbun, L92, M|254/254\n|move|p1a: Blaziken|Flare Blitz|p2a: Dachsbun\n|-ability|p2a: Dachsbun|Well-Baked Body|boost\n|-boost|p2a: Dachsbun|def|2\n|\n|-ability|p1a: Blaziken|Speed Boost|boost\n|-boost|p1a: Blaziken|spe|1\n|upkeep\n|turn|32\n|\n|t:|1782827517\n|switch|p1a: Goodra|Goodra, L85, M|36/292\n|-activate|p1a: Goodra|move: Sticky Web\n|-unboost|p1a: Goodra|spe|1\n|move|p2a: Dachsbun|Yawn|p1a: Goodra\n|-start|p1a: Goodra|move: Yawn|[of] p2a: Dachsbun\n|\n|upkeep\n|turn|33\n|\n|t:|1782827526\n|move|p2a: Dachsbun|Play Rough|p1a: Goodra|[miss]\n|-miss|p2a: Dachsbun|p1a: Goodra\n|move|p1a: Goodra|Power Whip|p2a: Dachsbun|[miss]\n|-miss|p1a: Goodra|p2a: Dachsbun\n|\n|-end|p1a: Goodra|move: Yawn|[silent]\n|-status|p1a: Goodra|slp\n|upkeep\n|turn|34\n|\n|t:|1782827535\n|switch|p1a: Solgaleo|Solgaleo, L74|325/325\n|-activate|p1a: Solgaleo|move: Sticky Web\n|-fail|p1a: Solgaleo|unboost|[from] ability: Full Metal Body|[of] p1a: Solgaleo\n|move|p2a: Dachsbun|Wish|p2a: Dachsbun\n|\n|upkeep\n|turn|35\n|\n|t:|1782827545\n|switch|p2a: Misdreavus|Misdreavus, L90, M|180/254\n|move|p1a: Solgaleo|Knock Off|p2a: Misdreavus\n|-supereffective|p2a: Misdreavus\n|-damage|p2a: Misdreavus|56/254\n|\n|-heal|p2a: Misdreavus|183/254|[from] move: Wish|[wisher] Dachsbun\n|upkeep\n|turn|36\n|\n|t:|1782827555\n|switch|p1a: Blaziken|Blaziken, L76, M|247/247\n|-activate|p1a: Blaziken|move: Sticky Web\n|-unboost|p1a: Blaziken|spe|1\n|move|p2a: Misdreavus|Shadow Ball|p1a: Blaziken\n|-damage|p1a: Blaziken|124/247\n|-unboost|p1a: Blaziken|spd|1\n|\n|upkeep\n|turn|37\n|\n|t:|1782827565\n|switch|p1a: Goodra|Goodra, L85, M|36/292 slp\n|-activate|p1a: Goodra|move: Sticky Web\n|-unboost|p1a: Goodra|spe|1\n|move|p2a: Misdreavus|Shadow Ball|p1a: Goodra\n|-damage|p1a: Goodra|0 fnt\n|faint|p1a: Goodra\n|\n|upkeep\n|\n|t:|1782827574\n|switch|p1a: Blaziken|Blaziken, L76, M|124/247\n|-activate|p1a: Blaziken|move: Sticky Web\n|-unboost|p1a: Blaziken|spe|1\n|turn|38\n|\n|t:|1782827580\n|switch|p2a: Scrafty|Scrafty, L83, M, tera:Poison|151/244\n|-ability|p2a: Scrafty|Intimidate|boost\n|-unboost|p1a: Blaziken|atk|1\n|move|p1a: Blaziken|Knock Off|p2a: Scrafty\n|-damage|p2a: Scrafty|106/244\n|-enditem|p2a: Scrafty|Leftovers|[from] move: Knock Off|[of] p1a: Blaziken\n|-damage|p1a: Blaziken|100/247|[from] item: Life Orb\n|\n|-ability|p1a: Blaziken|Speed Boost|boost\n|-boost|p1a: Blaziken|spe|1\n|upkeep\n|turn|39\n|\n|t:|1782827596\n|move|p1a: Blaziken|Flare Blitz|p2a: Scrafty\n|-damage|p2a: Scrafty|20/244\n|-damage|p1a: Blaziken|72/247|[from] Recoil\n|-damage|p1a: Blaziken|48/247|[from] item: Life Orb\n|move|p2a: Scrafty|Drain Punch|p1a: Blaziken\n|-damage|p1a: Blaziken|0 fnt\n|-heal|p2a: Scrafty|44/244|[from] drain|[of] p1a: Blaziken\n|faint|p1a: Blaziken\n|\n|upkeep\n|\n|t:|1782827607\n|switch|p1a: Solgaleo|Solgaleo, L74|325/325\n|-activate|p1a: Solgaleo|move: Sticky Web\n|-fail|p1a: Solgaleo|unboost|[from] ability: Full Metal Body|[of] p1a: Solgaleo\n|turn|40\n|\n|t:|1782827612\n|move|p1a: Solgaleo|Sunsteel Strike|p2a: Scrafty\n|-damage|p2a: Scrafty|0 fnt\n|faint|p2a: Scrafty\n|\n|upkeep\n|\n|t:|1782827614\n|switch|p2a: Dachsbun|Dachsbun, L92, M|254/254\n|turn|41\n|\n|t:|1782827620\n|move|p2a: Dachsbun|Yawn|p1a: Solgaleo\n|-start|p1a: Solgaleo|move: Yawn|[of] p2a: Dachsbun\n|move|p1a: Solgaleo|Sunsteel Strike|p2a: Dachsbun\n|-supereffective|p2a: Dachsbun\n|-damage|p2a: Dachsbun|78/254\n|\n|-heal|p2a: Dachsbun|93/254|[from] item: Leftovers\n|upkeep\n|turn|42\n|\n|t:|1782827630\n|move|p2a: Dachsbun|Wish|p2a: Dachsbun\n|move|p1a: Solgaleo|Knock Off|p2a: Dachsbun\n|-resisted|p2a: Dachsbun\n|-damage|p2a: Dachsbun|68/254\n|-enditem|p2a: Dachsbun|Leftovers|[from] move: Knock Off|[of] p1a: Solgaleo\n|\n|-end|p1a: Solgaleo|move: Yawn|[silent]\n|-status|p1a: Solgaleo|slp\n|upkeep\n|turn|43\n|\n|t:|1782827639\n|switch|p2a: Misdreavus|Misdreavus, L90, M|183/254\n|cant|p1a: Solgaleo|slp\n|\n|-heal|p2a: Misdreavus|254/254|[from] move: Wish|[wisher] Dachsbun\n|upkeep\n|turn|44\n|\n|t:|1782827647\n|move|p2a: Misdreavus|Shadow Ball|p1a: Solgaleo\n|-supereffective|p1a: Solgaleo\n|-damage|p1a: Solgaleo|143/325 slp\n|cant|p1a: Solgaleo|slp\n|\n|-heal|p1a: Solgaleo|163/325 slp|[from] item: Leftovers\n|upkeep\n|turn|45\n|c|\u2606wienerhaus|gg\n|\n|t:|1782827655\n|move|p2a: Misdreavus|Shadow Ball|p1a: Solgaleo\n|-supereffective|p1a: Solgaleo\n|-damage|p1a: Solgaleo|0 fnt\n|faint|p1a: Solgaleo\n|\n|win|wienerhaus\n", "inputlog": ">version f8ac14003a5f27e1bdc8d8c59608a773c1cb96e5\n>start {\"formatid\":\"gen9randombattle\",\"seed\":\"sodium,21e2d8bea62587e3f9649d863ea4e6f0\",\"rated\":\"Rated battle\"}\n>player p1 {\"name\":\"thenys\",\"avatar\":\"volkner\",\"rating\":2029,\"seed\":\"sodium,4e878427c53e945eef91cc4cdec85e3d\"}\n>player p2 {\"name\":\"wienerhaus\",\"avatar\":\"blue\",\"rating\":2000,\"seed\":\"sodium,8b643abef4ec6b4432ea65d17a9c67c2\"}\n>chat \u2606wienerhaus|glhf\n>p1 switch 5\n>p2 move willowisp\n>p1 move calmmind\n>p2 switch 2\n>p1 move bloodmoon\n>p2 move freezedry\n>p1 switch 5\n>p2 move freezedry\n>p1 move knockoff\n>p2 move wish\n>p1 move morningsun\n>p2 move protect\n>p1 move sunsteelstrike\n>p2 switch 5\n>p1 move sunsteelstrike\n>p2 move stickyweb\n>p1 move knockoff\n>p2 move knockoff\n>p2 switch 2\n>p1 switch 5\n>p2 move willowisp\n>p1 move moonlight\n>p2 switch 5\n>p1 switch 5\n>p2 move wish\n>p1 move sunsteelstrike\n>p2 move protect\n>p1 move knockoff\n>p2 switch 5\n>p1 switch 5\n>p2 move calmmind\n>p1 move calmmind\n>p2 move drainingkiss\n>p1 move calmmind\n>p2 switch 5\n>p1 move bloodmoon terastallize\n>p2 move freezedry\n>p2 switch 4\n>p1 switch 2\n>p2 move dragondance\n>p1 move agility\n>p2 move dragondance terastallize\n>p1 move psychocut\n>p2 move knockoff\n>p1 switch 3\n>p1 move earthquake\n>p2 move drainpunch\n>p1 switch 6\n>p1 move dragontail\n>p2 move knockoff\n>p1 move dragontail\n>p2 move drainingkiss\n>p1 move dracometeor\n>p2 move sleeppowder\n>p1 move dragontail\n>p2 move hurricane\n>p2 switch 3\n>p1 switch 2\n>p2 move drainingkiss\n>p1 move moonlight\n>p2 switch 5\n>p1 move earthpower\n>p2 move drainpunch\n>p1 move earthpower\n>p2 move drainpunch\n>p1 switch 4\n>p1 move flareblitz\n>p2 switch 6\n>p1 switch 2\n>p2 move yawn\n>p1 move powerwhip\n>p2 move playrough\n>p1 switch 5\n>p2 move wish\n>p1 move knockoff\n>p2 switch 5\n>p1 switch 2\n>p2 move shadowball\n>p1 switch 5\n>p2 move shadowball\n>p1 switch 5\n>p1 move knockoff\n>p2 switch 6\n>p1 move flareblitz\n>p2 move drainpunch\n>p1 switch 2\n>p1 move sunsteelstrike\n>p2 move knockoff\n>p2 switch 5\n>p1 move sunsteelstrike\n>p2 move yawn\n>p1 move knockoff\n>p2 move wish\n>p1 move sunsteelstrike\n>p2 switch 6\n>p1 move knockoff\n>p2 move shadowball\n>chat \u2606wienerhaus|gg\n>p1 move knockoff\n>p2 move shadowball", "uploadtime": 1782827136, "views": 3, "formatid": "gen9randombattle", "rating": null, "private": 0, "password": null, "player_dets": [{"name": "thenys", "avatar": "volkner", "rating": 2029, "seed": "sodium,4e878427c53e945eef91cc4cdec85e3d"}, {"name": "wienerhaus", "avatar": "blue", "rating": 2000, "seed": "sodium,8b643abef4ec6b4432ea65d17a9c67c2"}], "teams_full": [{"Solgaleo": {"name": "Solgaleo", "species": "Solgaleo", "speciesId": "solgaleo", "gender": "N", "shiny": false, "level": 74, "moves": ["knockoff", "sunsteelstrike", "morningsun", "roar"], "ability": "Full Metal Body", "evs": {"hp": 85, "atk": 85, "def": 85, "spa": 85, "spd": 85, "spe": 85}, "ivs": {"hp": 31, "atk": 31, "def": 31, "spa": 31, "spd": 31, "spe": 31}, "item": "Leftovers", "teraType": "Water", "role": "Bulky Attacker", "bvs": {"hp": 137, "atk": 137, "def": 107, "spa": 113, "spd": 89, "spe": 97}, "stats": {"hp": 325, "atk": 246, "def": 201, "spa": 210, "spd": 175, "spe": 187}, "types": ["Psychic", "Steel"]}, "Gallade": {"name": "Gallade", "species": "Gallade", "speciesId": "gallade", "gender": "M", "shiny": false, "level": 80, "moves": ["agility", "sacredsword", "psychocut", "nightslash"], "ability": "Sharpness", "evs": {"hp": 85, "atk": 85, "def": 85, "spa": 85, "spd": 85, "spe": 85}, "ivs": {"hp": 31, "atk": 31, "def": 31, "spa": 31, "spd": 31, "spe": 31}, "item": "Life Orb", "teraType": "Fighting", "role": "Setup Sweeper", "bvs": {"hp": 68, "atk": 125, "def": 65, "spa": 65, "spd": 115, "spe": 80}, "stats": {"hp": 240, "atk": 246, "def": 150, "spa": 150, "spd": 230, "spe": 174}, "types": ["Psychic", "Fighting"]}, "Excadrill": {"name": "Excadrill", "species": "Excadrill", "speciesId": "excadrill", "gender": "M", "shiny": false, "level": 79, "moves": ["swordsdance", "rapidspin", "ironhead", "earthquake"], "ability": "Mold Breaker", "evs": {"hp": 85, "atk": 85, "def": 85, "spa": 85, "spd": 85, "spe": 85}, "ivs": {"hp": 31, "atk": 31, "def": 31, "spa": 31, "spd": 31, "spe": 31}, "item": "Leftovers", "teraType": "Grass", "role": "Bulky Setup", "bvs": {"hp": 110, "atk": 135, "def": 60, "spa": 50, "spd": 65, "spe": 88}, "stats": {"hp": 303, "atk": 259, "def": 140, "spa": 125, "spd": 148, "spe": 185}, "types": ["Ground", "Steel"]}, "Blaziken": {"name": "Blaziken", "species": "Blaziken", "speciesId": "blaziken", "gender": "M", "shiny": false, "level": 76, "moves": ["flareblitz", "swordsdance", "closecombat", "knockoff"], "ability": "Speed Boost", "evs": {"hp": 85, "atk": 85, "def": 85, "spa": 85, "spd": 85, "spe": 85}, "ivs": {"hp": 31, "atk": 31, "def": 31, "spa": 31, "spd": 31, "spe": 31}, "item": "Life Orb", "teraType": "Dark", "role": "Setup Sweeper", "bvs": {"hp": 80, "atk": 120, "def": 70, "spa": 110, "spd": 70, "spe": 80}, "stats": {"hp": 247, "atk": 226, "def": 150, "spa": 211, "spd": 150, "spe": 166}, "types": ["Fire", "Fighting"]}, "Ursaluna": {"name": "Ursaluna", "species": "Ursaluna-Bloodmoon", "speciesId": "ursalunabloodmoon", "gender": "M", "shiny": false, "level": 79, "moves": ["calmmind", "bloodmoon", "moonlight", "earthpower"], "ability": "Mind's Eye", "evs": {"hp": 85, "atk": 0, "def": 85, "spa": 85, "spd": 85, "spe": 85}, "ivs": {"hp": 31, "atk": 0, "def": 31, "spa": 31, "spd": 31, "spe": 31}, "item": "Leftovers", "teraType": "Normal", "role": "Bulky Attacker", "bvs": {"hp": 113, "atk": 70, "def": 120, "spa": 135, "spd": 65, "spe": 52}, "stats": {"hp": 308, "atk": 115, "def": 235, "spa": 259, "spd": 148, "spe": 128}, "types": ["Ground", "Normal"]}, "Goodra": {"name": "Goodra", "species": "Goodra", "speciesId": "goodra", "gender": "M", "shiny": false, "level": 85, "moves": ["dragontail", "powerwhip", "earthquake", "dracometeor"], "ability": "Sap Sipper", "evs": {"hp": 85, "atk": 85, "def": 85, "spa": 85, "spd": 85, "spe": 85}, "ivs": {"hp": 31, "atk": 31, "def": 31, "spa": 31, "spd": 31, "spe": 31}, "item": "Assault Vest", "teraType": "Ground", "role": "AV Pivot", "bvs": {"hp": 90, "atk": 100, "def": 70, "spa": 110, "spd": 150, "spe": 80}, "stats": {"hp": 292, "atk": 219, "def": 168, "spa": 236, "spd": 304, "spe": 185}, "types": ["Dragon"]}}, {"Misdreavus": {"name": "Misdreavus", "species": "Misdreavus", "speciesId": "misdreavus", "gender": "M", "shiny": false, "level": 90, "moves": ["willowisp", "shadowball", "calmmind", "drainingkiss"], "ability": "Levitate", "evs": {"hp": 85, "atk": 0, "def": 85, "spa": 85, "spd": 85, "spe": 85}, "ivs": {"hp": 31, "atk": 0, "def": 31, "spa": 31, "spd": 31, "spe": 31}, "item": "Eviolite", "teraType": "Fairy", "role": "Bulky Setup", "bvs": {"hp": 60, "atk": 60, "def": 60, "spa": 85, "spd": 85, "spe": 85}, "stats": {"hp": 254, "atk": 113, "def": 159, "spa": 204, "spd": 204, "spe": 204}, "types": ["Ghost"]}, "Glaceon": {"name": "Glaceon", "species": "Glaceon", "speciesId": "glaceon", "gender": "F", "shiny": false, "level": 94, "moves": ["wish", "protect", "mudshot", "freezedry"], "ability": "Ice Body", "evs": {"hp": 85, "atk": 0, "def": 85, "spa": 85, "spd": 85, "spe": 85}, "ivs": {"hp": 31, "atk": 0, "def": 31, "spa": 31, "spd": 31, "spe": 31}, "item": "Heavy-Duty Boots", "teraType": "Ground", "role": "Bulky Attacker", "bvs": {"hp": 65, "atk": 60, "def": 110, "spa": 130, "spd": 95, "spe": 65}, "stats": {"hp": 275, "atk": 117, "def": 260, "spa": 298, "spd": 232, "spe": 176}, "types": ["Ice"]}, "Vivillon": {"name": "Vivillon", "species": "Vivillon-Savanna", "speciesId": "vivillon", "gender": "M", "shiny": false, "level": 83, "moves": ["quiverdance", "hurricane", "sleeppowder", "terablast"], "ability": "Compound Eyes", "evs": {"hp": 85, "atk": 0, "def": 85, "spa": 85, "spd": 85, "spe": 85}, "ivs": {"hp": 31, "atk": 0, "def": 31, "spa": 31, "spd": 31, "spe": 31}, "item": "Heavy-Duty Boots", "teraType": "Ground", "role": "Tera Blast user", "bvs": {"hp": 80, "atk": 52, "def": 50, "spa": 90, "spd": 50, "spe": 89}, "stats": {"hp": 268, "atk": 91, "def": 131, "spa": 197, "spd": 131, "spe": 195}, "types": ["Bug", "Flying"]}, "Scrafty": {"name": "Scrafty", "species": "Scrafty", "speciesId": "scrafty", "gender": "M", "shiny": false, "level": 83, "moves": ["poisonjab", "dragondance", "drainpunch", "knockoff"], "ability": "Intimidate", "evs": {"hp": 85, "atk": 85, "def": 85, "spa": 85, "spd": 85, "spe": 85}, "ivs": {"hp": 31, "atk": 31, "def": 31, "spa": 31, "spd": 31, "spe": 31}, "item": "Leftovers", "teraType": "Poison", "role": "Bulky Attacker", "bvs": {"hp": 65, "atk": 90, "def": 115, "spa": 45, "spd": 115, "spe": 58}, "stats": {"hp": 244, "atk": 197, "def": 239, "spa": 122, "spd": 239, "spe": 144}, "types": ["Dark", "Fighting"]}, "Kricketune": {"name": "Kricketune", "species": "Kricketune", "speciesId": "kricketune", "gender": "M", "shiny": false, "level": 99, "moves": ["pounce", "stickyweb", "knockoff", "taunt"], "ability": "Technician", "evs": {"hp": 85, "atk": 85, "def": 85, "spa": 85, "spd": 85, "spe": 85}, "ivs": {"hp": 31, "atk": 31, "def": 31, "spa": 31, "spd": 31, "spe": 31}, "item": "Heavy-Duty Boots", "teraType": "Ghost", "role": "Fast Support", "bvs": {"hp": 77, "atk": 85, "def": 51, "spa": 55, "spd": 51, "spe": 65}, "stats": {"hp": 312, "atk": 224, "def": 157, "spa": 165, "spd": 157, "spe": 185}, "types": ["Bug"]}, "Dachsbun": {"name": "Dachsbun", "species": "Dachsbun", "speciesId": "dachsbun", "gender": "M", "shiny": false, "level": 92, "moves": ["protect", "yawn", "wish", "playrough"], "ability": "Well-Baked Body", "evs": {"hp": 85, "atk": 85, "def": 85, "spa": 85, "spd": 85, "spe": 85}, "ivs": {"hp": 31, "atk": 31, "def": 31, "spa": 31, "spd": 31, "spe": 31}, "item": "Leftovers", "teraType": "Steel", "role": "Bulky Support", "bvs": {"hp": 57, "atk": 80, "def": 115, "spa": 50, "spd": 80, "spe": 95}, "stats": {"hp": 254, "atk": 200, "def": 264, "spa": 144, "spd": 200, "spe": 227}, "types": ["Fairy"]}}]}