{"id": "gen9randombattle-2641144327", "format": "[Gen 9] Random Battle", "players": ["notmetbh102", "dorapult"], "log": "|badge|p2|silver|gen9randombattle|30-9\n|html|<div class=\"broadcast-red\"><strong>This battle is required to be public due to one or more player having a season medal.</strong><br />During the public phase, you can discuss the state of the ladder <a href=\"/seasondiscussion\">in a special chatroom.</a></div>\n|uhtml|medal-msg|<div class=\"broadcast-blue\">Curious what those medals under the avatar are? PS now has Ladder Seasons! For more information, check out the <a href=\"https://www.smogon.com/forums/threads/3740067/\">thread on Smogon.</a></div>\n|raw|<div class=\"broadcast-blue\"><strong>This battle is required to be public due to a player having a name starting with 'medal'.</div>\n|j|\u2606notmetbh102\n|j|\u2606dorapult\n|t:|1782745990\n|gametype|singles\n|player|p1|notmetbh102|2|2287\n|player|p2|dorapult|dawn|2428\n|gen|9\n|tier|[Gen 9] Random Battle\n|rated|\n|rule|Species Clause: Limit one of each Pok\u00e9mon\n|rule|HP Percentage Mod: HP is shown in percentages\n|rule|Sleep Clause Mod: Limit one foe put to sleep\n|rule|Illusion Level Mod: Illusion disguises the Pok\u00e9mon's true level\n|\n|t:|1782745990\n|teamsize|p1|6\n|teamsize|p2|6\n|start\n|switch|p1a: Komala|Komala, L88, M|258/258\n|switch|p2a: Haxorus|Haxorus, L77, F|244/244\n|-ability|p2a: Haxorus|Mold Breaker\n|-ability|p1a: Komala|Comatose\n|turn|1\n|inactive|Battle timer is ON: inactive players will automatically lose when time's up. (requested by notmetbh102)\n|c|\u2606notmetbh102|hf\n|\n|t:|1782746002\n|move|p2a: Haxorus|Swords Dance|p2a: Haxorus\n|-boost|p2a: Haxorus|atk|2\n|move|p1a: Komala|U-turn|p2a: Haxorus\n|-damage|p2a: Haxorus|180/244\n|\n|t:|1782746003\n|switch|p1a: Miraidon|Miraidon, L65|238/238|[from] U-turn\n|-fieldstart|move: Electric Terrain|[from] ability: Hadron Engine|[of] p1a: Miraidon\n|\n|upkeep\n|turn|2\n|\n|t:|1782746009\n|-terastallize|p2a: Haxorus|Steel\n|move|p1a: Miraidon|Dragon Pulse|p2a: Haxorus\n|-resisted|p2a: Haxorus\n|-damage|p2a: Haxorus|102/244\n|-damage|p1a: Miraidon|215/238|[from] item: Life Orb\n|move|p2a: Haxorus|Scale Shot|p1a: Miraidon\n|-supereffective|p1a: Miraidon\n|-damage|p1a: Miraidon|63/238\n|-supereffective|p1a: Miraidon\n|-damage|p1a: Miraidon|0 fnt\n|faint|p1a: Miraidon\n|-hitcount|p1: Miraidon|2\n|-unboost|p2a: Haxorus|def|1\n|-boost|p2a: Haxorus|spe|1\n|\n|upkeep\n|\n|t:|1782746010\n|switch|p1a: Lucario|Lucario, L84, M|255/255\n|turn|3\n|\n|t:|1782746018\n|switch|p2a: Galvantula|Galvantula, L82, F|249/249\n|move|p1a: Lucario|Vacuum Wave|p2a: Galvantula\n|-resisted|p2a: Galvantula\n|-damage|p2a: Galvantula|207/249\n|-damage|p1a: Lucario|230/255|[from] item: Life Orb\n|\n|upkeep\n|turn|4\n|\n|t:|1782746024\n|switch|p1a: Komala|Komala, L88, M|258/258\n|-ability|p1a: Komala|Comatose\n|move|p2a: Galvantula|Sticky Web|p1a: Komala\n|-sidestart|p1: notmetbh102|move: Sticky Web\n|\n|upkeep\n|turn|5\n|\n|t:|1782746026\n|move|p2a: Galvantula|Volt Switch|p1a: Komala\n|-damage|p1a: Komala|203/258\n|\n|t:|1782746027\n|switch|p2a: Sableye|Sableye, L88, F|231/231|[from] Volt Switch\n|move|p1a: Komala|Rapid Spin|p2a: Sableye\n|-immune|p2a: Sableye\n|\n|-fieldend|move: Electric Terrain\n|upkeep\n|turn|6\n|\n|t:|1782746030\n|move|p1a: Komala|U-turn|p2a: Sableye\n|-damage|p2a: Sableye|160/231\n|\n|t:|1782746031\n|switch|p1a: Brute Bonnet|Brute Bonnet, L80|309/309|[from] U-turn\n|-activate|p1a: Brute Bonnet|move: Sticky Web\n|-unboost|p1a: Brute Bonnet|spe|1\n|move|p2a: Sableye|Knock Off|p1a: Brute Bonnet\n|-resisted|p1a: Brute Bonnet\n|-damage|p1a: Brute Bonnet|265/309\n|-enditem|p1a: Brute Bonnet|Leftovers|[from] move: Knock Off|[of] p2a: Sableye\n|\n|-heal|p2a: Sableye|174/231|[from] item: Leftovers\n|upkeep\n|turn|7\n|\n|t:|1782746038\n|switch|p2a: Virizion|Virizion, L82|283/283\n|move|p1a: Brute Bonnet|Spore|p2a: Virizion\n|-immune|p2a: Virizion\n|\n|upkeep\n|turn|8\n|\n|t:|1782746041\n|-end|p1a: Brute Bonnet|Protosynthesis|[silent]\n|switch|p1a: Sneasler|Sneasler, L74, F|240/240\n|-activate|p1a: Sneasler|move: Sticky Web\n|-unboost|p1a: Sneasler|spe|1\n|-enditem|p1a: Sneasler|White Herb\n|-clearnegativeboost|p1a: Sneasler|[silent]\n|move|p2a: Virizion|Swords Dance|p2a: Virizion\n|-boost|p2a: Virizion|atk|2\n|\n|upkeep\n|turn|9\n|\n|t:|1782746046\n|switch|p2a: Sableye|Sableye, L88, F|174/231\n|-terastallize|p1a: Sneasler|Flying\n|move|p1a: Sneasler|Acrobatics|p2a: Sableye\n|-damage|p2a: Sableye|56/231\n|\n|-heal|p2a: Sableye|70/231|[from] item: Leftovers\n|upkeep\n|turn|10\n|\n|t:|1782746052\n|switch|p1a: Komala|Komala, L88, M|203/258\n|-activate|p1a: Komala|move: Sticky Web\n|-unboost|p1a: Komala|spe|1\n|-ability|p1a: Komala|Comatose\n|move|p2a: Sableye|Will-O-Wisp|p1a: Komala\n|-immune|p1a: Komala|[from] ability: Comatose\n|\n|-heal|p2a: Sableye|84/231|[from] item: Leftovers\n|upkeep\n|turn|11\n|\n|t:|1782746055\n|move|p2a: Sableye|Recover|p2a: Sableye\n|-heal|p2a: Sableye|200/231\n|move|p1a: Komala|Knock Off|p2a: Sableye\n|-damage|p2a: Sableye|103/231\n|-enditem|p2a: Sableye|Leftovers|[from] move: Knock Off|[of] p1a: Komala\n|\n|upkeep\n|turn|12\n|\n|t:|1782746057\n|switch|p1a: Brute Bonnet|Brute Bonnet, L80|265/309\n|-activate|p1a: Brute Bonnet|move: Sticky Web\n|-unboost|p1a: Brute Bonnet|spe|1\n|move|p2a: Sableye|Recover|p2a: Sableye\n|-heal|p2a: Sableye|219/231\n|\n|upkeep\n|turn|13\n|\n|t:|1782746061\n|switch|p2a: Virizion|Virizion, L82|283/283\n|move|p1a: Brute Bonnet|Seed Bomb|p2a: Virizion\n|-resisted|p2a: Virizion\n|-damage|p2a: Virizion|225/283\n|\n|upkeep\n|turn|14\n|\n|t:|1782746064\n|-end|p1a: Brute Bonnet|Protosynthesis|[silent]\n|switch|p1a: Illumise|Illumise, L91, F|266/266\n|move|p2a: Virizion|Swords Dance|p2a: Virizion\n|-boost|p2a: Virizion|atk|2\n|\n|upkeep\n|turn|15\n|\n|t:|1782746069\n|switch|p2a: Galvantula|Galvantula, L82, F|207/249\n|move|p1a: Illumise|Encore||[still]\n|-fail|p1a: Illumise\n|\n|upkeep\n|turn|16\n|\n|t:|1782746074\n|move|p2a: Galvantula|Volt Switch|p1a: Illumise\n|-damage|p1a: Illumise|205/266\n|\n|t:|1782746079\n|switch|p2a: Snorlax|Snorlax, L82, F|397/397|[from] Volt Switch\n|move|p1a: Illumise|Bug Buzz|p2a: Snorlax\n|-damage|p2a: Snorlax|324/397\n|\n|-heal|p2a: Snorlax|348/397|[from] item: Leftovers\n|upkeep\n|turn|17\n|\n|t:|1782746081\n|move|p1a: Illumise|Thunder Wave|p2a: Snorlax\n|-status|p2a: Snorlax|par\n|cant|p2a: Snorlax|par\n|\n|-heal|p2a: Snorlax|372/397 par|[from] item: Leftovers\n|upkeep\n|turn|18\n|\n|t:|1782746083\n|switch|p1a: Lucario|Lucario, L84, M|230/255\n|-activate|p1a: Lucario|move: Sticky Web\n|-unboost|p1a: Lucario|spe|1\n|move|p2a: Snorlax|Body Slam|p1a: Lucario\n|-resisted|p1a: Lucario\n|-damage|p1a: Lucario|176/255\n|-status|p1a: Lucario|par\n|\n|-heal|p2a: Snorlax|396/397 par|[from] item: Leftovers\n|upkeep\n|turn|19\n|\n|t:|1782746089\n|switch|p2a: Galvantula|Galvantula, L82, F|207/249\n|move|p1a: Lucario|Focus Blast|p2a: Galvantula\n|-resisted|p2a: Galvantula\n|-damage|p2a: Galvantula|87/249\n|-damage|p1a: Lucario|151/255 par|[from] item: Life Orb\n|\n|upkeep\n|turn|20\n|\n|t:|1782746096\n|move|p2a: Galvantula|Volt Switch|p1a: Lucario\n|-damage|p1a: Lucario|67/255 par\n|\n|t:|1782746098\n|switch|p2a: Sableye|Sableye, L88, F|219/231|[from] Volt Switch\n|move|p1a: Lucario|Flash Cannon|p2a: Sableye\n|-damage|p2a: Sableye|77/231\n|-damage|p1a: Lucario|42/255 par|[from] item: Life Orb\n|\n|upkeep\n|turn|21\n|\n|t:|1782746102\n|switch|p2a: Haxorus|Haxorus, L77, F, tera:Steel|102/244\n|-ability|p2a: Haxorus|Mold Breaker\n|move|p1a: Lucario|Flash Cannon|p2a: Haxorus\n|-resisted|p2a: Haxorus\n|-damage|p2a: Haxorus|21/244\n|-damage|p1a: Lucario|17/255 par|[from] item: Life Orb\n|\n|upkeep\n|turn|22\n|\n|t:|1782746105\n|switch|p2a: Sableye|Sableye, L88, F|77/231\n|cant|p1a: Lucario|par\n|\n|upkeep\n|turn|23\n|\n|t:|1782746108\n|move|p2a: Sableye|Knock Off|p1a: Lucario\n|-resisted|p1a: Lucario\n|-damage|p1a: Lucario|0 fnt\n|-enditem|p1a: Lucario|Life Orb|[from] move: Knock Off|[of] p2a: Sableye\n|faint|p1a: Lucario\n|\n|upkeep\n|\n|t:|1782746109\n|switch|p1a: Illumise|Illumise, L91, F|205/266\n|turn|24\n|\n|t:|1782746112\n|switch|p2a: Snorlax|Snorlax, L82, F|396/397 par\n|move|p1a: Illumise|Bug Buzz|p2a: Snorlax\n|-damage|p2a: Snorlax|321/397 par\n|\n|-heal|p2a: Snorlax|345/397 par|[from] item: Leftovers\n|upkeep\n|turn|25\n|\n|t:|1782746117\n|switch|p1a: Komala|Komala, L88, M|203/258\n|-activate|p1a: Komala|move: Sticky Web\n|-unboost|p1a: Komala|spe|1\n|-ability|p1a: Komala|Comatose\n|cant|p2a: Snorlax|par\n|\n|-heal|p2a: Snorlax|369/397 par|[from] item: Leftovers\n|upkeep\n|turn|26\n|\n|t:|1782746120\n|switch|p2a: Haxorus|Haxorus, L77, F, tera:Steel|21/244\n|-ability|p2a: Haxorus|Mold Breaker\n|move|p1a: Komala|U-turn|p2a: Haxorus\n|-resisted|p2a: Haxorus\n|-damage|p2a: Haxorus|0 fnt\n|faint|p2a: Haxorus\n|\n|t:|1782746120\n|switch|p1a: Illumise|Illumise, L91, F|205/266|[from] U-turn\n|\n|upkeep\n|\n|t:|1782746123\n|switch|p2a: Snorlax|Snorlax, L82, F|369/397 par\n|turn|27\n|\n|t:|1782746125\n|switch|p1a: Komala|Komala, L88, M|203/258\n|-activate|p1a: Komala|move: Sticky Web\n|-unboost|p1a: Komala|spe|1\n|-ability|p1a: Komala|Comatose\n|cant|p2a: Snorlax|par\n|\n|-heal|p2a: Snorlax|393/397 par|[from] item: Leftovers\n|upkeep\n|turn|28\n|\n|t:|1782746129\n|move|p1a: Komala|Rapid Spin|p2a: Snorlax\n|-damage|p2a: Snorlax|309/397 par\n|-boost|p1a: Komala|spe|1\n|-sideend|p1: notmetbh102|Sticky Web|[from] move: Rapid Spin|[of] p1a: Komala\n|move|p2a: Snorlax|Body Slam|p1a: Komala\n|-damage|p1a: Komala|95/258\n|\n|-heal|p2a: Snorlax|333/397 par|[from] item: Leftovers\n|upkeep\n|turn|29\n|\n|t:|1782746136\n|move|p1a: Komala|Body Slam|p2a: Snorlax\n|-damage|p2a: Snorlax|185/397 par\n|move|p2a: Snorlax|Body Slam|p1a: Komala\n|-damage|p1a: Komala|0 fnt\n|faint|p1a: Komala\n|\n|-heal|p2a: Snorlax|209/397 par|[from] item: Leftovers\n|upkeep\n|\n|t:|1782746137\n|switch|p1a: Sneasler|Sneasler, L74, F, tera:Flying|240/240\n|turn|30\n|\n|t:|1782746149\n|switch|p2a: Granbull|Granbull, L88, F|302/302\n|-ability|p2a: Granbull|Intimidate|boost\n|-unboost|p1a: Sneasler|atk|1\n|move|p1a: Sneasler|Acrobatics|p2a: Granbull\n|-damage|p2a: Granbull|223/302\n|\n|-heal|p2a: Granbull|241/302|[from] item: Leftovers\n|upkeep\n|turn|31\n|\n|t:|1782746155\n|move|p1a: Sneasler|Gunk Shot|p2a: Granbull\n|-supereffective|p2a: Granbull\n|-crit|p2a: Granbull\n|-damage|p2a: Granbull|0 fnt\n|faint|p2a: Granbull\n|\n|upkeep\n|\n|t:|1782746157\n|switch|p2a: Sableye|Sableye, L88, F|77/231\n|turn|32\n|\n|t:|1782746159\n|switch|p1a: Brute Bonnet|Brute Bonnet, L80|265/309\n|move|p2a: Sableye|Recover|p2a: Sableye\n|-heal|p2a: Sableye|193/231\n|\n|upkeep\n|turn|33\n|\n|t:|1782746165\n|switch|p2a: Virizion|Virizion, L82|225/283\n|move|p1a: Brute Bonnet|Seed Bomb|p2a: Virizion\n|-resisted|p2a: Virizion\n|-damage|p2a: Virizion|172/283\n|\n|upkeep\n|turn|34\n|\n|t:|1782746169\n|-end|p1a: Brute Bonnet|Protosynthesis|[silent]\n|switch|p1a: Illumise|Illumise, L91, F|205/266\n|move|p2a: Virizion|Stone Edge|p1a: Illumise\n|-supereffective|p1a: Illumise\n|-damage|p1a: Illumise|26/266\n|-damage|p2a: Virizion|144/283|[from] item: Life Orb\n|\n|upkeep\n|turn|35\n|\n|t:|1782746179\n|switch|p2a: Snorlax|Snorlax, L82, F|209/397 par\n|move|p1a: Illumise|Thunder Wave|p2a: Snorlax\n|-fail|p2a: Snorlax|par\n|\n|-heal|p2a: Snorlax|233/397 par|[from] item: Leftovers\n|upkeep\n|turn|36\n|\n|t:|1782746183\n|move|p1a: Illumise|Roost|p1a: Illumise\n|-heal|p1a: Illumise|159/266\n|-singleturn|p1a: Illumise|move: Roost\n|move|p2a: Snorlax|Body Slam|p1a: Illumise\n|-damage|p1a: Illumise|56/266\n|-status|p1a: Illumise|par\n|\n|-heal|p2a: Snorlax|257/397 par|[from] item: Leftovers\n|upkeep\n|turn|37\n|\n|t:|1782746190\n|move|p1a: Illumise|Roost|p1a: Illumise\n|-heal|p1a: Illumise|189/266 par\n|-singleturn|p1a: Illumise|move: Roost\n|move|p2a: Snorlax|Body Slam|p1a: Illumise\n|-crit|p1a: Illumise\n|-damage|p1a: Illumise|27/266 par\n|\n|-heal|p2a: Snorlax|281/397 par|[from] item: Leftovers\n|upkeep\n|turn|38\n|\n|t:|1782746192\n|move|p1a: Illumise|Roost|p1a: Illumise\n|-heal|p1a: Illumise|160/266 par\n|-singleturn|p1a: Illumise|move: Roost\n|cant|p2a: Snorlax|par\n|\n|-heal|p2a: Snorlax|305/397 par|[from] item: Leftovers\n|upkeep\n|turn|39\n|\n|t:|1782746194\n|move|p1a: Illumise|Roost|p1a: Illumise\n|-heal|p1a: Illumise|266/266 par\n|-singleturn|p1a: Illumise|move: Roost\n|move|p2a: Snorlax|Body Slam|p1a: Illumise\n|-damage|p1a: Illumise|166/266 par\n|\n|-heal|p2a: Snorlax|329/397 par|[from] item: Leftovers\n|upkeep\n|turn|40\n|\n|t:|1782746196\n|move|p1a: Illumise|Roost|p1a: Illumise\n|-heal|p1a: Illumise|266/266 par\n|-singleturn|p1a: Illumise|move: Roost\n|move|p2a: Snorlax|Body Slam|p1a: Illumise\n|-damage|p1a: Illumise|164/266 par\n|\n|-heal|p2a: Snorlax|353/397 par|[from] item: Leftovers\n|upkeep\n|turn|41\n|\n|t:|1782746198\n|cant|p1a: Illumise|par\n|move|p2a: Snorlax|Body Slam|p1a: Illumise\n|-damage|p1a: Illumise|56/266 par\n|\n|-heal|p2a: Snorlax|377/397 par|[from] item: Leftovers\n|upkeep\n|turn|42\n|\n|t:|1782746199\n|cant|p1a: Illumise|par\n|move|p2a: Snorlax|Body Slam|p1a: Illumise\n|-damage|p1a: Illumise|0 fnt\n|faint|p1a: Illumise\n|\n|-heal|p2a: Snorlax|397/397 par|[from] item: Leftovers\n|upkeep\n|\n|t:|1782746200\n|switch|p1a: Sneasler|Sneasler, L74, F, tera:Flying|240/240\n|turn|43\n|\n|t:|1782746209\n|switch|p2a: Sableye|Sableye, L88, F|193/231\n|move|p1a: Sneasler|Acrobatics|p2a: Sableye\n|-damage|p2a: Sableye|61/231\n|\n|upkeep\n|turn|44\n|\n|t:|1782746213\n|move|p2a: Sableye|Will-O-Wisp|p1a: Sneasler\n|-status|p1a: Sneasler|brn\n|move|p1a: Sneasler|Gunk Shot|p2a: Sableye\n|-resisted|p2a: Sableye\n|-damage|p2a: Sableye|27/231\n|-status|p2a: Sableye|psn\n|\n|-damage|p2a: Sableye|0 fnt|[from] psn\n|faint|p2a: Sableye\n|-damage|p1a: Sneasler|225/240 brn|[from] brn\n|upkeep\n|\n|t:|1782746216\n|switch|p2a: Galvantula|Galvantula, L82, F|87/249\n|turn|45\n|\n|t:|1782746221\n|switch|p1a: Brute Bonnet|Brute Bonnet, L80|265/309\n|move|p2a: Galvantula|Volt Switch|p1a: Brute Bonnet\n|-resisted|p1a: Brute Bonnet\n|-crit|p1a: Brute Bonnet\n|-damage|p1a: Brute Bonnet|214/309\n|\n|t:|1782746223\n|switch|p2a: Virizion|Virizion, L82|144/283|[from] Volt Switch\n|\n|upkeep\n|turn|46\n|\n|t:|1782746228\n|-end|p1a: Brute Bonnet|Protosynthesis|[silent]\n|switch|p1a: Sneasler|Sneasler, L74, F, tera:Flying|225/240 brn\n|move|p2a: Virizion|Close Combat|p1a: Sneasler\n|-resisted|p1a: Sneasler\n|-damage|p1a: Sneasler|109/240 brn\n|-unboost|p2a: Virizion|def|1\n|-unboost|p2a: Virizion|spd|1\n|-damage|p2a: Virizion|116/283|[from] item: Life Orb\n|\n|-damage|p1a: Sneasler|94/240 brn|[from] brn\n|upkeep\n|turn|47\n|\n|t:|1782746242\n|switch|p2a: Snorlax|Snorlax, L82, F|397/397 par\n|switch|p1a: Brute Bonnet|Brute Bonnet, L80|214/309\n|\n|upkeep\n|turn|48\n|\n|t:|1782746250\n|move|p1a: Brute Bonnet|Spore||[still]\n|-fail|p1a: Brute Bonnet\n|move|p2a: Snorlax|Body Slam|p1a: Brute Bonnet\n|-damage|p1a: Brute Bonnet|118/309\n|\n|upkeep\n|turn|49\n|\n|t:|1782746251\n|move|p1a: Brute Bonnet|Crunch|p2a: Snorlax\n|-damage|p2a: Snorlax|282/397 par\n|move|p2a: Snorlax|Body Slam|p1a: Brute Bonnet\n|-damage|p1a: Brute Bonnet|19/309\n|-status|p1a: Brute Bonnet|par\n|\n|-heal|p2a: Snorlax|306/397 par|[from] item: Leftovers\n|upkeep\n|turn|50\n|\n|t:|1782746254\n|move|p1a: Brute Bonnet|Crunch|p2a: Snorlax\n|-damage|p2a: Snorlax|174/397 par\n|move|p2a: Snorlax|Body Slam|p1a: Brute Bonnet\n|-damage|p1a: Brute Bonnet|0 fnt\n|faint|p1a: Brute Bonnet\n|-end|p1a: Brute Bonnet|Protosynthesis|[silent]\n|\n|-heal|p2a: Snorlax|198/397 par|[from] item: Leftovers\n|upkeep\n|\n|t:|1782746255\n|switch|p1a: Sneasler|Sneasler, L74, F, tera:Flying|94/240 brn\n|turn|51\n|\n|t:|1782746257\n|move|p1a: Sneasler|Acrobatics|p2a: Snorlax\n|-damage|p2a: Snorlax|126/397 par\n|cant|p2a: Snorlax|par\n|\n|-heal|p2a: Snorlax|150/397 par|[from] item: Leftovers\n|-damage|p1a: Sneasler|79/240 brn|[from] brn\n|upkeep\n|turn|52\n|\n|t:|1782746259\n|move|p1a: Sneasler|Close Combat|p2a: Snorlax\n|-supereffective|p2a: Snorlax\n|-damage|p2a: Snorlax|0 fnt\n|-unboost|p1a: Sneasler|def|1\n|-unboost|p1a: Sneasler|spd|1\n|faint|p2a: Snorlax\n|\n|-damage|p1a: Sneasler|64/240 brn|[from] brn\n|upkeep\n|\n|t:|1782746260\n|switch|p2a: Galvantula|Galvantula, L82, F|87/249\n|turn|53\n|\n|t:|1782746263\n|move|p2a: Galvantula|Volt Switch|p1a: Sneasler\n|-supereffective|p1a: Sneasler\n|-damage|p1a: Sneasler|0 fnt\n|faint|p1a: Sneasler\n|\n|win|dorapult\n|raw|notmetbh102's rating: 2287 &rarr; <strong>2275</strong><br />(-12 for losing)\n|raw|dorapult's rating: 2428 &rarr; <strong>2440</strong><br />(+12 for winning)\n|c|\u2606notmetbh102|gg\n", "inputlog": ">version f8ac14003a5f27e1bdc8d8c59608a773c1cb96e5\n>start {\"formatid\":\"gen9randombattle\",\"seed\":\"sodium,e757c23ff230adcb7632e9fb28d50c7c\",\"rated\":\"Rated battle\"}\n>player p1 {\"name\":\"notmetbh102\",\"avatar\":\"2\",\"rating\":2287,\"seed\":\"sodium,1f2b1c72525b9bc5ebcc612e242326e4\"}\n>player p2 {\"name\":\"dorapult\",\"avatar\":\"dawn\",\"rating\":2428,\"seed\":\"sodium,c5318b09e59bc5b32f30594aed5c38dd\"}\n>chat \u2606notmetbh102|hf\n>p1 move uturn\n>p2 move swordsdance\n>p1 switch 3\n>p1 move dragonpulse\n>p2 move scaleshot terastallize\n>p1 switch 4\n>p1 move vacuumwave\n>p2 switch 6\n>p1 switch 3\n>p2 move stickyweb\n>p1 move rapidspin\n>p2 move voltswitch\n>p2 switch 4\n>p1 move uturn\n>p2 move knockoff\n>p1 switch 5\n>p1 move spore\n>p2 switch 2\n>p1 switch 6\n>p2 move swordsdance\n>p1 move acrobatics terastallize\n>p2 switch 2\n>p1 switch 5\n>p2 move willowisp\n>p1 move knockoff\n>p2 move recover\n>p1 switch 6\n>p2 move recover\n>p1 move seedbomb\n>p2 switch 2\n>p1 switch 2\n>p2 move swordsdance\n>p1 move encore\n>p2 switch 4\n>p1 move bugbuzz\n>p2 move voltswitch\n>p2 switch 3\n>p1 move thunderwave\n>p2 move bodyslam\n>p1 switch 3\n>p2 move bodyslam\n>p1 move focusblast\n>p2 switch 3\n>p1 move flashcannon\n>p2 move voltswitch\n>p2 switch 2\n>p1 move flashcannon\n>p2 switch 6\n>p1 move flashcannon\n>p2 switch 6\n>p1 move flashcannon\n>p2 move knockoff\n>p1 switch 3\n>p1 move bugbuzz\n>p2 switch 3\n>p1 switch 6\n>p2 move bodyslam\n>p1 move uturn\n>p2 switch 6\n>p1 switch 6\n>p2 switch 6\n>p1 switch 6\n>p2 move bodyslam\n>p1 move rapidspin\n>p2 move bodyslam\n>p1 move bodyslam\n>p2 move bodyslam\n>p1 switch 5\n>p1 move acrobatics\n>p2 switch 5\n>p1 move gunkshot\n>p2 move thunderwave\n>p2 switch 3\n>p1 switch 2\n>p2 move recover\n>p1 move seedbomb\n>p2 switch 4\n>p1 switch 6\n>p2 move stoneedge\n>p1 move thunderwave\n>p2 switch 5\n>p1 move roost\n>p2 move bodyslam\n>p1 move roost\n>p2 move bodyslam\n>p1 move roost\n>p2 move bodyslam\n>p1 move roost\n>p2 move bodyslam\n>p1 move roost\n>p2 move bodyslam\n>p1 move roost\n>p2 move bodyslam\n>p1 move roost\n>p2 move bodyslam\n>p1 switch 2\n>p1 move acrobatics\n>p2 switch 4\n>p1 move gunkshot\n>p2 move willowisp\n>p2 switch 2\n>p1 switch 6\n>p2 move voltswitch\n>p2 switch 5\n>p1 switch 6\n>p2 move closecombat\n>p1 switch 6\n>p2 switch 4\n>p1 move spore\n>p2 move bodyslam\n>p1 move crunch\n>p2 move bodyslam\n>p1 move crunch\n>p2 move bodyslam\n>p1 switch 6\n>p1 move acrobatics\n>p2 move bodyslam\n>p1 move closecombat\n>p2 move bodyslam\n>p2 switch 5\n>p1 move acrobatics\n>p2 move voltswitch", "uploadtime": 1782746264, "views": 20, "formatid": "gen9randombattle", "rating": 2275, "private": 0, "password": null, "player_dets": [{"name": "notmetbh102", "avatar": "2", "rating": 2287, "seed": "sodium,1f2b1c72525b9bc5ebcc612e242326e4"}, {"name": "dorapult", "avatar": "dawn", "rating": 2428, "seed": "sodium,c5318b09e59bc5b32f30594aed5c38dd"}], "teams_full": [{"Komala": {"name": "Komala", "species": "Komala", "speciesId": "komala", "gender": "M", "shiny": false, "level": 88, "moves": ["knockoff", "bodyslam", "rapidspin", "uturn"], "ability": "Comatose", "evs": {"hp": 85, "atk": 85, "def": 85, "spa": 85, "spd": 85, "spe": 85}, "ivs": {"hp": 31, "atk": 31, "def": 31, "spa": 31, "spd": 31, "spe": 31}, "item": "Assault Vest", "teraType": "Ghost", "role": "Bulky Support", "bvs": {"hp": 65, "atk": 115, "def": 65, "spa": 75, "spd": 95, "spe": 65}, "stats": {"hp": 258, "atk": 253, "def": 165, "spa": 182, "spd": 217, "spe": 165}, "types": ["Normal"]}, "Illumise": {"name": "Illumise", "species": "Illumise", "speciesId": "illumise", "gender": "F", "shiny": false, "level": 91, "moves": ["bugbuzz", "thunderwave", "encore", "roost"], "ability": "Prankster", "evs": {"hp": 85, "atk": 0, "def": 85, "spa": 85, "spd": 85, "spe": 85}, "ivs": {"hp": 31, "atk": 0, "def": 31, "spa": 31, "spd": 31, "spe": 31}, "item": "Heavy-Duty Boots", "teraType": "Steel", "role": "Bulky Support", "bvs": {"hp": 65, "atk": 47, "def": 75, "spa": 73, "spd": 85, "spe": 85}, "stats": {"hp": 266, "atk": 90, "def": 188, "spa": 185, "spd": 207, "spe": 207}, "types": ["Bug"]}, "Miraidon": {"name": "Miraidon", "species": "Miraidon", "speciesId": "miraidon", "gender": "N", "shiny": false, "level": 65, "moves": ["dracometeor", "electrodrift", "dragonpulse", "calmmind"], "ability": "Hadron Engine", "evs": {"hp": 85, "atk": 0, "def": 85, "spa": 85, "spd": 85, "spe": 85}, "ivs": {"hp": 31, "atk": 0, "def": 31, "spa": 31, "spd": 31, "spe": 31}, "item": "Life Orb", "teraType": "Electric", "role": "Setup Sweeper", "bvs": {"hp": 100, "atk": 85, "def": 100, "spa": 135, "spd": 115, "spe": 135}, "stats": {"hp": 238, "atk": 115, "def": 168, "spa": 214, "spd": 188, "spe": 214}, "types": ["Electric", "Dragon"]}, "Lucario": {"name": "Lucario", "species": "Lucario", "speciesId": "lucario", "gender": "M", "shiny": false, "level": 84, "moves": ["flashcannon", "nastyplot", "vacuumwave", "focusblast"], "ability": "Inner Focus", "evs": {"hp": 85, "atk": 0, "def": 85, "spa": 85, "spd": 85, "spe": 85}, "ivs": {"hp": 31, "atk": 0, "def": 31, "spa": 31, "spd": 31, "spe": 31}, "item": "Life Orb", "teraType": "Fighting", "role": "Setup Sweeper", "bvs": {"hp": 70, "atk": 110, "def": 70, "spa": 115, "spd": 70, "spe": 90}, "stats": {"hp": 255, "atk": 189, "def": 166, "spa": 241, "spd": 166, "spe": 199}, "types": ["Fighting", "Steel"]}, "Brute Bonnet": {"name": "Brute Bonnet", "species": "Brute Bonnet", "speciesId": "brutebonnet", "gender": "N", "shiny": false, "level": 80, "moves": ["crunch", "suckerpunch", "spore", "seedbomb"], "ability": "Protosynthesis", "evs": {"hp": 85, "atk": 85, "def": 85, "spa": 85, "spd": 85, "spe": 85}, "ivs": {"hp": 31, "atk": 31, "def": 31, "spa": 31, "spd": 31, "spe": 31}, "item": "Leftovers", "teraType": "Poison", "role": "Bulky Support", "bvs": {"hp": 111, "atk": 127, "def": 99, "spa": 79, "spd": 99, "spe": 55}, "stats": {"hp": 309, "atk": 249, "def": 205, "spa": 173, "spd": 205, "spe": 134}, "types": ["Grass", "Dark"]}, "Sneasler": {"name": "Sneasler", "species": "Sneasler", "speciesId": "sneasler", "gender": "F", "shiny": false, "level": 74, "moves": ["acrobatics", "gunkshot", "swordsdance", "closecombat"], "ability": "Unburden", "evs": {"hp": 85, "atk": 85, "def": 85, "spa": 85, "spd": 85, "spe": 85}, "ivs": {"hp": 31, "atk": 31, "def": 31, "spa": 31, "spd": 31, "spe": 31}, "item": "White Herb", "teraType": "Flying", "role": "Setup Sweeper", "bvs": {"hp": 80, "atk": 130, "def": 60, "spa": 40, "spd": 80, "spe": 120}, "stats": {"hp": 240, "atk": 235, "def": 132, "spa": 102, "spd": 161, "spe": 221}, "types": ["Fighting", "Poison"]}}, {"Haxorus": {"name": "Haxorus", "species": "Haxorus", "speciesId": "haxorus", "gender": "F", "shiny": false, "level": 77, "moves": ["earthquake", "scaleshot", "swordsdance", "ironhead"], "ability": "Mold Breaker", "evs": {"hp": 85, "atk": 85, "def": 85, "spa": 85, "spd": 85, "spe": 85}, "ivs": {"hp": 31, "atk": 31, "def": 31, "spa": 31, "spd": 31, "spe": 31}, "item": "Loaded Dice", "teraType": "Steel", "role": "Fast Bulky Setup", "bvs": {"hp": 76, "atk": 147, "def": 90, "spa": 60, "spd": 70, "spe": 97}, "stats": {"hp": 244, "atk": 271, "def": 183, "spa": 137, "spd": 152, "spe": 194}, "types": ["Dragon"]}, "Virizion": {"name": "Virizion", "species": "Virizion", "speciesId": "virizion", "gender": "N", "shiny": false, "level": 82, "moves": ["leafblade", "stoneedge", "swordsdance", "closecombat"], "ability": "Justified", "evs": {"hp": 85, "atk": 85, "def": 85, "spa": 85, "spd": 85, "spe": 85}, "ivs": {"hp": 31, "atk": 31, "def": 31, "spa": 31, "spd": 31, "spe": 31}, "item": "Life Orb", "teraType": "Rock", "role": "Setup Sweeper", "bvs": {"hp": 91, "atk": 90, "def": 72, "spa": 90, "spd": 129, "spe": 108}, "stats": {"hp": 283, "atk": 195, "def": 165, "spa": 195, "spd": 259, "spe": 224}, "types": ["Grass", "Fighting"]}, "Snorlax": {"name": "Snorlax", "species": "Snorlax", "speciesId": "snorlax", "gender": "F", "shiny": false, "level": 82, "moves": ["rest", "curse", "sleeptalk", "bodyslam"], "ability": "Thick Fat", "evs": {"hp": 85, "atk": 85, "def": 85, "spa": 85, "spd": 85, "spe": 85}, "ivs": {"hp": 31, "atk": 31, "def": 31, "spa": 31, "spd": 31, "spe": 31}, "item": "Leftovers", "teraType": "Fairy", "role": "Bulky Attacker", "bvs": {"hp": 160, "atk": 110, "def": 65, "spa": 65, "spd": 110, "spe": 30}, "stats": {"hp": 397, "atk": 228, "def": 154, "spa": 154, "spd": 228, "spe": 96}, "types": ["Normal"]}, "Sableye": {"name": "Sableye", "species": "Sableye", "speciesId": "sableye", "gender": "F", "shiny": false, "level": 88, "moves": ["willowisp", "knockoff", "encore", "recover"], "ability": "Prankster", "evs": {"hp": 85, "atk": 85, "def": 85, "spa": 85, "spd": 85, "spe": 85}, "ivs": {"hp": 31, "atk": 31, "def": 31, "spa": 31, "spd": 31, "spe": 31}, "item": "Leftovers", "teraType": "Poison", "role": "Bulky Support", "bvs": {"hp": 50, "atk": 75, "def": 75, "spa": 65, "spd": 65, "spe": 50}, "stats": {"hp": 231, "atk": 182, "def": 182, "spa": 165, "spd": 165, "spe": 138}, "types": ["Dark", "Ghost"]}, "Granbull": {"name": "Granbull", "species": "Granbull", "speciesId": "granbull", "gender": "F", "shiny": false, "level": 88, "moves": ["roar", "playrough", "earthquake", "thunderwave"], "ability": "Intimidate", "evs": {"hp": 85, "atk": 85, "def": 85, "spa": 85, "spd": 85, "spe": 85}, "ivs": {"hp": 31, "atk": 31, "def": 31, "spa": 31, "spd": 31, "spe": 31}, "item": "Leftovers", "teraType": "Ground", "role": "Bulky Support", "bvs": {"hp": 90, "atk": 120, "def": 75, "spa": 60, "spd": 60, "spe": 45}, "stats": {"hp": 302, "atk": 261, "def": 182, "spa": 156, "spd": 156, "spe": 129}, "types": ["Fairy"]}, "Galvantula": {"name": "Galvantula", "species": "Galvantula", "speciesId": "galvantula", "gender": "F", "shiny": false, "level": 82, "moves": ["stickyweb", "thunder", "bugbuzz", "voltswitch"], "ability": "Compound Eyes", "evs": {"hp": 85, "atk": 0, "def": 85, "spa": 85, "spd": 85, "spe": 85}, "ivs": {"hp": 31, "atk": 0, "def": 31, "spa": 31, "spd": 31, "spe": 31}, "item": "Heavy-Duty Boots", "teraType": "Electric", "role": "Fast Support", "bvs": {"hp": 70, "atk": 77, "def": 60, "spa": 97, "spd": 60, "spe": 108}, "stats": {"hp": 249, "atk": 131, "def": 146, "spa": 206, "spd": 146, "spe": 224}, "types": ["Bug", "Electric"]}}]}