{"id": "gen9randombattle-2641545258", "format": "[Gen 9] Random Battle", "players": ["hcff", "My Life is Dance \u2764"], "log": "|j|\u2606hcff\n|j|\u2606My Life is Dance \u2764\n|t:|1782804915\n|gametype|singles\n|player|p1|hcff|ingo|2235\n|player|p2|My Life is Dance \u2764|tierno|2263\n|gen|9\n|tier|[Gen 9] Random Battle\n|rated|\n|rule|Species Clause: Limit one of each Pok\u00e9mon\n|rule|HP Percentage Mod: HP is shown in percentages\n|rule|Sleep Clause Mod: Limit one foe put to sleep\n|rule|Illusion Level Mod: Illusion disguises the Pok\u00e9mon's true level\n|\n|t:|1782804915\n|teamsize|p1|6\n|teamsize|p2|6\n|start\n|switch|p1a: Suicune|Suicune, L82|298/298\n|switch|p2a: Ursaluna|Ursaluna-Bloodmoon, L79, M|308/308\n|-ability|p1a: Suicune|Pressure\n|turn|1\n|inactive|Battle timer is ON: inactive players will automatically lose when time's up. (requested by My Life is Dance \u2764)\n|\n|t:|1782804931\n|switch|p2a: Scovillain|Scovillain, L91, F|266/266\n|move|p1a: Suicune|Scald|p2a: Scovillain\n|-damage|p2a: Scovillain|179/266\n|\n|upkeep\n|turn|2\n|\n|t:|1782804939\n|switch|p1a: Gurdurr|Gurdurr, L85, F|283/283\n|move|p2a: Scovillain|Leaf Storm|p1a: Gurdurr\n|-damage|p1a: Gurdurr|123/283\n|-unboost|p2a: Scovillain|spa|2\n|\n|upkeep\n|turn|3\n|\n|t:|1782804945\n|switch|p2a: Ariados|Ariados, L95, M|287/287\n|move|p1a: Gurdurr|Knock Off|p2a: Ariados\n|-damage|p2a: Ariados|208/287\n|-enditem|p2a: Ariados|Heavy-Duty Boots|[from] move: Knock Off|[of] p1a: Gurdurr\n|\n|upkeep\n|turn|4\n|\n|t:|1782804959\n|switch|p1a: Stonjourner|Stonjourner, L91, M|330/330\n|move|p2a: Ariados|Sticky Web|p1a: Stonjourner\n|-sidestart|p1: hcff|move: Sticky Web\n|\n|upkeep\n|turn|5\n|\n|t:|1782804963\n|switch|p2a: Ursaluna|Ursaluna-Bloodmoon, L79, M|308/308\n|move|p1a: Stonjourner|Stealth Rock|p2a: Ursaluna\n|-sidestart|p2: My Life is Dance \u2764|move: Stealth Rock\n|\n|upkeep\n|turn|6\n|\n|t:|1782804972\n|switch|p1a: Suicune|Suicune, L82|298/298\n|-activate|p1a: Suicune|move: Sticky Web\n|-unboost|p1a: Suicune|spe|1\n|-ability|p1a: Suicune|Pressure\n|move|p2a: Ursaluna|Calm Mind|p2a: Ursaluna\n|-boost|p2a: Ursaluna|spa|1\n|-boost|p2a: Ursaluna|spd|1\n|\n|upkeep\n|turn|7\n|\n|t:|1782804989\n|move|p2a: Ursaluna|Blood Moon|p1a: Suicune\n|-damage|p1a: Suicune|88/298\n|move|p1a: Suicune|Calm Mind|p1a: Suicune\n|-boost|p1a: Suicune|spa|1\n|-boost|p1a: Suicune|spd|1\n|\n|-heal|p1a: Suicune|106/298|[from] item: Leftovers\n|upkeep\n|turn|8\n|\n|t:|1782804998\n|move|p2a: Ursaluna|Calm Mind|p2a: Ursaluna\n|-boost|p2a: Ursaluna|spa|1\n|-boost|p2a: Ursaluna|spd|1\n|move|p1a: Suicune|Scald|p2a: Ursaluna\n|-supereffective|p2a: Ursaluna\n|-damage|p2a: Ursaluna|168/308\n|-status|p2a: Ursaluna|brn\n|\n|-heal|p2a: Ursaluna|187/308 brn|[from] item: Leftovers\n|-heal|p1a: Suicune|124/298|[from] item: Leftovers\n|-damage|p2a: Ursaluna|168/308 brn|[from] brn\n|upkeep\n|turn|9\n|\n|t:|1782805005\n|move|p2a: Ursaluna|Blood Moon|p1a: Suicune\n|-damage|p1a: Suicune|0 fnt\n|faint|p1a: Suicune\n|\n|-heal|p2a: Ursaluna|187/308 brn|[from] item: Leftovers\n|-damage|p2a: Ursaluna|168/308 brn|[from] brn\n|upkeep\n|\n|t:|1782805009\n|switch|p1a: Arboliva|Arboliva, L91, M|288/288\n|-activate|p1a: Arboliva|move: Sticky Web\n|-unboost|p1a: Arboliva|spe|1\n|turn|10\n|\n|t:|1782805028\n|switch|p2a: Ariados|Ariados, L95, M|208/287\n|-damage|p2a: Ariados|137/287|[from] Stealth Rock\n|move|p1a: Arboliva|Substitute|p1a: Arboliva\n|-start|p1a: Arboliva|Substitute\n|-damage|p1a: Arboliva|216/288\n|\n|upkeep\n|turn|11\n|\n|t:|1782805032\n|move|p2a: Ariados|Poison Jab|p1a: Arboliva\n|-supereffective|p1a: Arboliva\n|-end|p1a: Arboliva|Substitute\n|move|p1a: Arboliva|Hyper Voice|p2a: Ariados\n|-crit|p2a: Ariados\n|-damage|p2a: Ariados|0 fnt\n|faint|p2a: Ariados\n|\n|upkeep\n|\n|t:|1782805062\n|switch|p2a: Minior|Minior-Indigo, L79|224/224\n|-damage|p2a: Minior|168/224|[from] Stealth Rock\n|-formechange|p2a: Minior|Minior-Meteor||[from] ability: Shields Down\n|turn|12\n|\n|t:|1782805068\n|move|p2a: Minior|Shell Smash|p2a: Minior\n|-unboost|p2a: Minior|def|1\n|-unboost|p2a: Minior|spd|1\n|-boost|p2a: Minior|atk|2\n|-boost|p2a: Minior|spa|2\n|-boost|p2a: Minior|spe|2\n|-enditem|p2a: Minior|White Herb\n|-clearnegativeboost|p2a: Minior|[silent]\n|move|p1a: Arboliva|Leech Seed|p2a: Minior\n|-start|p2a: Minior|move: Leech Seed\n|\n|-damage|p2a: Minior|140/224|[from] Leech Seed|[of] p1a: Arboliva\n|-heal|p1a: Arboliva|244/288|[silent]\n|upkeep\n|turn|13\n|\n|t:|1782805083\n|switch|p1a: Stonjourner|Stonjourner, L91, M|330/330\n|-activate|p1a: Stonjourner|move: Sticky Web\n|-unboost|p1a: Stonjourner|spe|1\n|move|p2a: Minior|Shell Smash|p2a: Minior\n|-unboost|p2a: Minior|def|1\n|-unboost|p2a: Minior|spd|1\n|-boost|p2a: Minior|atk|2\n|-boost|p2a: Minior|spa|2\n|-boost|p2a: Minior|spe|2\n|\n|-damage|p2a: Minior|112/224|[from] Leech Seed|[of] p1a: Stonjourner\n|-formechange|p2a: Minior|Minior-Indigo||[from] ability: Shields Down\n|upkeep\n|turn|14\n|\n|t:|1782805100\n|switch|p1a: Gurdurr|Gurdurr, L85, F|123/283\n|-activate|p1a: Gurdurr|move: Sticky Web\n|-unboost|p1a: Gurdurr|spe|1\n|move|p2a: Minior|Power Gem|p1a: Gurdurr\n|-resisted|p1a: Gurdurr\n|-damage|p1a: Gurdurr|5/283\n|\n|-damage|p2a: Minior|84/224|[from] Leech Seed|[of] p1a: Gurdurr\n|-heal|p1a: Gurdurr|33/283|[silent]\n|upkeep\n|turn|15\n|inactive|My Life is Dance \u2764 has 120 seconds left.\n|\n|t:|1782805132\n|switch|p2a: Lunala|Lunala, L70|308/308\n|-damage|p2a: Lunala|270/308|[from] Stealth Rock\n|move|p1a: Gurdurr|Mach Punch|p2a: Lunala\n|-immune|p2a: Lunala\n|\n|-heal|p2a: Lunala|289/308|[from] item: Leftovers\n|upkeep\n|turn|16\n|\n|t:|1782805139\n|switch|p1a: Arboliva|Arboliva, L91, M|244/288\n|-activate|p1a: Arboliva|move: Sticky Web\n|-unboost|p1a: Arboliva|spe|1\n|move|p2a: Lunala|Psyshock|p1a: Arboliva\n|-damage|p1a: Arboliva|169/288\n|\n|-heal|p2a: Lunala|308/308|[from] item: Leftovers\n|upkeep\n|turn|17\n|inactive|My Life is Dance \u2764 has 120 seconds left.\n|\n|t:|1782805155\n|switch|p2a: Scovillain|Scovillain, L91, F|179/266\n|-damage|p2a: Scovillain|113/266|[from] Stealth Rock\n|move|p1a: Arboliva|Leech Seed|p2a: Scovillain\n|-immune|p2a: Scovillain\n|\n|upkeep\n|turn|18\n|\n|t:|1782805159\n|move|p1a: Arboliva|Protect|p1a: Arboliva\n|-singleturn|p1a: Arboliva|Protect\n|move|p2a: Scovillain|Flamethrower|p1a: Arboliva\n|-activate|p1a: Arboliva|move: Protect\n|\n|upkeep\n|turn|19\n|\n|t:|1782805163\n|switch|p1a: Stonjourner|Stonjourner, L91, M|330/330\n|-activate|p1a: Stonjourner|move: Sticky Web\n|-unboost|p1a: Stonjourner|spe|1\n|move|p2a: Scovillain|Flamethrower|p1a: Stonjourner\n|-resisted|p1a: Stonjourner\n|-damage|p1a: Stonjourner|197/330\n|\n|upkeep\n|turn|20\n|inactive|My Life is Dance \u2764 has 120 seconds left.\n|\n|t:|1782805194\n|move|p2a: Scovillain|Flamethrower|p1a: Stonjourner\n|-resisted|p1a: Stonjourner\n|-damage|p1a: Stonjourner|64/330\n|-status|p1a: Stonjourner|brn\n|move|p1a: Stonjourner|Stone Edge|p2a: Scovillain\n|-supereffective|p2a: Scovillain\n|-damage|p2a: Scovillain|0 fnt\n|faint|p2a: Scovillain\n|-damage|p1a: Stonjourner|31/330 brn|[from] item: Life Orb\n|\n|-damage|p1a: Stonjourner|11/330 brn|[from] brn\n|upkeep\n|inactive|My Life is Dance \u2764 has 120 seconds left.\n|\n|t:|1782805208\n|switch|p2a: Ursaluna|Ursaluna-Bloodmoon, L79, M|168/308 brn\n|-damage|p2a: Ursaluna|149/308 brn|[from] Stealth Rock\n|turn|21\n|\n|t:|1782805211\n|move|p2a: Ursaluna|Calm Mind|p2a: Ursaluna\n|-boost|p2a: Ursaluna|spa|1\n|-boost|p2a: Ursaluna|spd|1\n|move|p1a: Stonjourner|Earthquake|p2a: Ursaluna\n|-damage|p2a: Ursaluna|97/308 brn\n|-damage|p1a: Stonjourner|0 fnt|[from] item: Life Orb\n|faint|p1a: Stonjourner\n|\n|-heal|p2a: Ursaluna|116/308 brn|[from] item: Leftovers\n|-damage|p2a: Ursaluna|97/308 brn|[from] brn\n|upkeep\n|\n|t:|1782805225\n|switch|p1a: Alcremie|Alcremie-Ruby-Cream, L90, F|263/263\n|-activate|p1a: Alcremie|move: Sticky Web\n|-unboost|p1a: Alcremie|spe|1\n|turn|22\n|\n|t:|1782805240\n|move|p2a: Ursaluna|Blood Moon|p1a: Alcremie\n|-damage|p1a: Alcremie|68/263\n|move|p1a: Alcremie|Calm Mind|p1a: Alcremie\n|-boost|p1a: Alcremie|spa|1\n|-boost|p1a: Alcremie|spd|1\n|\n|-heal|p2a: Ursaluna|116/308 brn|[from] item: Leftovers\n|-heal|p1a: Alcremie|84/263|[from] item: Leftovers\n|-damage|p2a: Ursaluna|97/308 brn|[from] brn\n|upkeep\n|turn|23\n|\n|t:|1782805248\n|move|p2a: Ursaluna|Earth Power|p1a: Alcremie\n|-damage|p1a: Alcremie|0 fnt\n|faint|p1a: Alcremie\n|\n|-heal|p2a: Ursaluna|116/308 brn|[from] item: Leftovers\n|-damage|p2a: Ursaluna|97/308 brn|[from] brn\n|upkeep\n|\n|t:|1782805254\n|switch|p1a: Gurdurr|Gurdurr, L85, F|33/283\n|-activate|p1a: Gurdurr|move: Sticky Web\n|-unboost|p1a: Gurdurr|spe|1\n|turn|24\n|\n|t:|1782805263\n|-terastallize|p2a: Ursaluna|Poison\n|move|p1a: Gurdurr|Mach Punch|p2a: Ursaluna\n|-resisted|p2a: Ursaluna\n|-damage|p2a: Ursaluna|77/308 brn\n|move|p2a: Ursaluna|Moonlight|p2a: Ursaluna\n|-heal|p2a: Ursaluna|231/308 brn\n|\n|-heal|p2a: Ursaluna|250/308 brn|[from] item: Leftovers\n|-damage|p2a: Ursaluna|231/308 brn|[from] brn\n|upkeep\n|turn|25\n|\n|t:|1782805269\n|move|p2a: Ursaluna|Calm Mind|p2a: Ursaluna\n|-boost|p2a: Ursaluna|spa|1\n|-boost|p2a: Ursaluna|spd|1\n|move|p1a: Gurdurr|Knock Off|p2a: Ursaluna\n|-damage|p2a: Ursaluna|167/308 brn\n|-enditem|p2a: Ursaluna|Leftovers|[from] move: Knock Off|[of] p1a: Gurdurr\n|\n|-damage|p2a: Ursaluna|148/308 brn|[from] brn\n|upkeep\n|turn|26\n|\n|t:|1782805274\n|switch|p1a: Arboliva|Arboliva, L91, M|169/288\n|-activate|p1a: Arboliva|move: Sticky Web\n|-unboost|p1a: Arboliva|spe|1\n|move|p2a: Ursaluna|Calm Mind|p2a: Ursaluna\n|-boost|p2a: Ursaluna|spa|1\n|-boost|p2a: Ursaluna|spd|1\n|\n|-damage|p2a: Ursaluna|129/308 brn|[from] brn\n|upkeep\n|turn|27\n|\n|t:|1782805279\n|switch|p1a: Gurdurr|Gurdurr, L85, F|33/283\n|-activate|p1a: Gurdurr|move: Sticky Web\n|-unboost|p1a: Gurdurr|spe|1\n|move|p2a: Ursaluna|Calm Mind|p2a: Ursaluna\n|-boost|p2a: Ursaluna|spa|1\n|-boost|p2a: Ursaluna|spd|1\n|\n|-damage|p2a: Ursaluna|110/308 brn|[from] brn\n|upkeep\n|turn|28\n|\n|t:|1782805283\n|switch|p1a: Arboliva|Arboliva, L91, M|169/288\n|-activate|p1a: Arboliva|move: Sticky Web\n|-unboost|p1a: Arboliva|spe|1\n|move|p2a: Ursaluna|Calm Mind|p2a: Ursaluna\n|-boost|p2a: Ursaluna|spa|1\n|-boost|p2a: Ursaluna|spd|1\n|\n|-damage|p2a: Ursaluna|91/308 brn|[from] brn\n|upkeep\n|turn|29\n|\n|t:|1782805286\n|switch|p1a: Gurdurr|Gurdurr, L85, F|33/283\n|-activate|p1a: Gurdurr|move: Sticky Web\n|-unboost|p1a: Gurdurr|spe|1\n|move|p2a: Ursaluna|Blood Moon|p1a: Gurdurr\n|-damage|p1a: Gurdurr|0 fnt\n|faint|p1a: Gurdurr\n|\n|-damage|p2a: Ursaluna|72/308 brn|[from] brn\n|upkeep\n|\n|t:|1782805288\n|switch|p1a: Arboliva|Arboliva, L91, M|169/288\n|-activate|p1a: Arboliva|move: Sticky Web\n|-unboost|p1a: Arboliva|spe|1\n|turn|30\n|\n|t:|1782805315\n|move|p2a: Ursaluna|Earth Power|p1a: Arboliva\n|-resisted|p1a: Arboliva\n|-damage|p1a: Arboliva|17/288\n|-enditem|p1a: Arboliva|Sitrus Berry|[eat]\n|-heal|p1a: Arboliva|89/288|[from] item: Sitrus Berry\n|move|p1a: Arboliva|Substitute|p1a: Arboliva\n|-start|p1a: Arboliva|Substitute\n|-damage|p1a: Arboliva|17/288\n|\n|-damage|p2a: Ursaluna|53/308 brn|[from] brn\n|-item|p1a: Arboliva|Sitrus Berry|[from] ability: Harvest\n|upkeep\n|-enditem|p1a: Arboliva|Sitrus Berry|[eat]\n|-heal|p1a: Arboliva|89/288|[from] item: Sitrus Berry\n|turn|31\n|\n|t:|1782805322\n|move|p1a: Arboliva|Protect|p1a: Arboliva\n|-singleturn|p1a: Arboliva|Protect\n|move|p2a: Ursaluna|Earth Power|p1a: Arboliva\n|-activate|p1a: Arboliva|move: Protect\n|\n|-damage|p2a: Ursaluna|34/308 brn|[from] brn\n|upkeep\n|turn|32\n|inactive|My Life is Dance \u2764 has 120 seconds left.\n|\n|t:|1782805351\n|move|p2a: Ursaluna|Moonlight|p2a: Ursaluna\n|-heal|p2a: Ursaluna|188/308 brn\n|move|p1a: Arboliva|Substitute|p1a: Arboliva\n|-fail|p1a: Arboliva|move: Substitute\n|\n|-damage|p2a: Ursaluna|169/308 brn|[from] brn\n|-item|p1a: Arboliva|Sitrus Berry|[from] ability: Harvest\n|upkeep\n|-enditem|p1a: Arboliva|Sitrus Berry|[eat]\n|-heal|p1a: Arboliva|161/288|[from] item: Sitrus Berry\n|turn|33\n|\n|t:|1782805361\n|move|p1a: Arboliva|Protect|p1a: Arboliva\n|-singleturn|p1a: Arboliva|Protect\n|move|p2a: Ursaluna|Earth Power|p1a: Arboliva\n|-activate|p1a: Arboliva|move: Protect\n|\n|-damage|p2a: Ursaluna|150/308 brn|[from] brn\n|upkeep\n|turn|34\n|inactive|My Life is Dance \u2764 has 120 seconds left.\n|\n|t:|1782805379\n|move|p2a: Ursaluna|Earth Power|p1a: Arboliva\n|-resisted|p1a: Arboliva\n|-end|p1a: Arboliva|Substitute\n|move|p1a: Arboliva|Leech Seed|p2a: Ursaluna\n|-start|p2a: Ursaluna|move: Leech Seed\n|\n|-damage|p2a: Ursaluna|112/308 brn|[from] Leech Seed|[of] p1a: Arboliva\n|-heal|p1a: Arboliva|199/288|[silent]\n|-damage|p2a: Ursaluna|93/308 brn|[from] brn\n|-item|p1a: Arboliva|Sitrus Berry|[from] ability: Harvest\n|upkeep\n|turn|35\n|\n|t:|1782805387\n|move|p2a: Ursaluna|Moonlight|p2a: Ursaluna\n|-heal|p2a: Ursaluna|247/308 brn\n|move|p1a: Arboliva|Substitute|p1a: Arboliva\n|-start|p1a: Arboliva|Substitute\n|-damage|p1a: Arboliva|127/288\n|-enditem|p1a: Arboliva|Sitrus Berry|[eat]\n|-heal|p1a: Arboliva|199/288|[from] item: Sitrus Berry\n|\n|-damage|p2a: Ursaluna|209/308 brn|[from] Leech Seed|[of] p1a: Arboliva\n|-heal|p1a: Arboliva|237/288|[silent]\n|-damage|p2a: Ursaluna|190/308 brn|[from] brn\n|-item|p1a: Arboliva|Sitrus Berry|[from] ability: Harvest\n|upkeep\n|turn|36\n|\n|t:|1782805393\n|move|p1a: Arboliva|Protect|p1a: Arboliva\n|-singleturn|p1a: Arboliva|Protect\n|move|p2a: Ursaluna|Earth Power|p1a: Arboliva\n|-activate|p1a: Arboliva|move: Protect\n|\n|-damage|p2a: Ursaluna|152/308 brn|[from] Leech Seed|[of] p1a: Arboliva\n|-heal|p1a: Arboliva|275/288|[silent]\n|-damage|p2a: Ursaluna|133/308 brn|[from] brn\n|upkeep\n|turn|37\n|inactive|My Life is Dance \u2764 has 120 seconds left.\n|\n|t:|1782805424\n|move|p2a: Ursaluna|Earth Power|p1a: Arboliva\n|-resisted|p1a: Arboliva\n|-end|p1a: Arboliva|Substitute\n|move|p1a: Arboliva|Hyper Voice|p2a: Ursaluna\n|-damage|p2a: Ursaluna|85/308 brn\n|\n|-damage|p2a: Ursaluna|47/308 brn|[from] Leech Seed|[of] p1a: Arboliva\n|-heal|p1a: Arboliva|288/288|[silent]\n|-damage|p2a: Ursaluna|28/308 brn|[from] brn\n|upkeep\n|turn|38\n|inactive|My Life is Dance \u2764 has 120 seconds left.\n|\n|t:|1782805429\n|move|p2a: Ursaluna|Moonlight|p2a: Ursaluna\n|-heal|p2a: Ursaluna|182/308 brn\n|move|p1a: Arboliva|Substitute|p1a: Arboliva\n|-start|p1a: Arboliva|Substitute\n|-damage|p1a: Arboliva|216/288\n|\n|-damage|p2a: Ursaluna|144/308 brn|[from] Leech Seed|[of] p1a: Arboliva\n|-heal|p1a: Arboliva|254/288|[silent]\n|-damage|p2a: Ursaluna|125/308 brn|[from] brn\n|upkeep\n|turn|39\n|\n|t:|1782805432\n|move|p2a: Ursaluna|Earth Power|p1a: Arboliva\n|-resisted|p1a: Arboliva\n|-end|p1a: Arboliva|Substitute\n|move|p1a: Arboliva|Hyper Voice|p2a: Ursaluna\n|-damage|p2a: Ursaluna|76/308 brn\n|\n|-damage|p2a: Ursaluna|38/308 brn|[from] Leech Seed|[of] p1a: Arboliva\n|-heal|p1a: Arboliva|288/288|[silent]\n|-damage|p2a: Ursaluna|19/308 brn|[from] brn\n|upkeep\n|turn|40\n|\n|t:|1782805435\n|move|p1a: Arboliva|Protect|p1a: Arboliva\n|-singleturn|p1a: Arboliva|Protect\n|move|p2a: Ursaluna|Moonlight|p2a: Ursaluna\n|-heal|p2a: Ursaluna|173/308 brn\n|\n|-damage|p2a: Ursaluna|135/308 brn|[from] Leech Seed|[of] p1a: Arboliva\n|-damage|p2a: Ursaluna|116/308 brn|[from] brn\n|upkeep\n|turn|41\n|\n|t:|1782805440\n|move|p1a: Arboliva|Protect|p1a: Arboliva\n|-singleturn|p1a: Arboliva|Protect\n|move|p2a: Ursaluna|Blood Moon|p1a: Arboliva\n|-activate|p1a: Arboliva|move: Protect\n|\n|-damage|p2a: Ursaluna|78/308 brn|[from] Leech Seed|[of] p1a: Arboliva\n|-damage|p2a: Ursaluna|59/308 brn|[from] brn\n|upkeep\n|turn|42\n|\n|t:|1782805443\n|move|p2a: Ursaluna|Earth Power|p1a: Arboliva\n|-resisted|p1a: Arboliva\n|-damage|p1a: Arboliva|150/288\n|move|p1a: Arboliva|Substitute|p1a: Arboliva\n|-start|p1a: Arboliva|Substitute\n|-damage|p1a: Arboliva|78/288\n|-enditem|p1a: Arboliva|Sitrus Berry|[eat]\n|-heal|p1a: Arboliva|150/288|[from] item: Sitrus Berry\n|\n|-damage|p2a: Ursaluna|21/308 brn|[from] Leech Seed|[of] p1a: Arboliva\n|-heal|p1a: Arboliva|188/288|[silent]\n|-damage|p2a: Ursaluna|2/308 brn|[from] brn\n|-item|p1a: Arboliva|Sitrus Berry|[from] ability: Harvest\n|upkeep\n|turn|43\n|\n|t:|1782805448\n|move|p1a: Arboliva|Protect|p1a: Arboliva\n|-singleturn|p1a: Arboliva|Protect\n|move|p2a: Ursaluna|Moonlight|p2a: Ursaluna\n|-heal|p2a: Ursaluna|156/308 brn\n|\n|-damage|p2a: Ursaluna|118/308 brn|[from] Leech Seed|[of] p1a: Arboliva\n|-heal|p1a: Arboliva|226/288|[silent]\n|-damage|p2a: Ursaluna|99/308 brn|[from] brn\n|upkeep\n|turn|44\n|\n|t:|1782805465\n|move|p2a: Ursaluna|Earth Power|p1a: Arboliva\n|-resisted|p1a: Arboliva\n|-end|p1a: Arboliva|Substitute\n|move|p1a: Arboliva|Hyper Voice|p2a: Ursaluna\n|-damage|p2a: Ursaluna|45/308 brn\n|\n|-damage|p2a: Ursaluna|7/308 brn|[from] Leech Seed|[of] p1a: Arboliva\n|-heal|p1a: Arboliva|264/288|[silent]\n|-damage|p2a: Ursaluna|0 fnt|[from] brn\n|faint|p2a: Ursaluna\n|upkeep\n|\n|t:|1782805475\n|switch|p2a: Mienshao|Mienshao, L83, F|243/243\n|-damage|p2a: Mienshao|228/243|[from] Stealth Rock\n|turn|45\n|\n|t:|1782805480\n|-terastallize|p1a: Arboliva|Poison\n|move|p2a: Mienshao|Knock Off|p1a: Arboliva\n|-damage|p1a: Arboliva|153/288\n|-enditem|p1a: Arboliva|Sitrus Berry|[from] move: Knock Off|[of] p2a: Mienshao\n|move|p1a: Arboliva|Leech Seed|p2a: Mienshao\n|-start|p2a: Mienshao|move: Leech Seed\n|\n|-damage|p2a: Mienshao|198/243|[from] Leech Seed|[of] p1a: Arboliva\n|-heal|p1a: Arboliva|183/288|[silent]\n|upkeep\n|turn|46\n|\n|t:|1782805487\n|switch|p2a: Lunala|Lunala, L70|308/308\n|-damage|p2a: Lunala|270/308|[from] Stealth Rock\n|move|p1a: Arboliva|Leech Seed|p2a: Lunala\n|-start|p2a: Lunala|move: Leech Seed\n|\n|-heal|p2a: Lunala|289/308|[from] item: Leftovers\n|-damage|p2a: Lunala|251/308|[from] Leech Seed|[of] p1a: Arboliva\n|-heal|p1a: Arboliva|221/288|[silent]\n|upkeep\n|turn|47\n|\n|t:|1782805496\n|switch|p2a: Mienshao|Mienshao, L83, F|198/243\n|-damage|p2a: Mienshao|183/243|[from] Stealth Rock\n|switch|p1a: Ursaluna|Ursaluna-Bloodmoon, L79, M|308/308\n|-activate|p1a: Ursaluna|move: Sticky Web\n|-unboost|p1a: Ursaluna|spe|1\n|\n|upkeep\n|turn|48\n|\n|t:|1782805500\n|switch|p1a: Arboliva|Arboliva, L91, M, tera:Poison|221/288\n|-activate|p1a: Arboliva|move: Sticky Web\n|-unboost|p1a: Arboliva|spe|1\n|move|p2a: Mienshao|High Jump Kick|p1a: Arboliva\n|-resisted|p1a: Arboliva\n|-damage|p1a: Arboliva|93/288\n|\n|upkeep\n|turn|49\n|\n|t:|1782805505\n|switch|p2a: Lunala|Lunala, L70|251/308\n|-damage|p2a: Lunala|213/308|[from] Stealth Rock\n|move|p1a: Arboliva|Leech Seed|p2a: Lunala\n|-start|p2a: Lunala|move: Leech Seed\n|\n|-heal|p2a: Lunala|232/308|[from] item: Leftovers\n|-damage|p2a: Lunala|194/308|[from] Leech Seed|[of] p1a: Arboliva\n|-heal|p1a: Arboliva|131/288|[silent]\n|upkeep\n|turn|50\n|\n|t:|1782805513\n|move|p1a: Arboliva|Protect|p1a: Arboliva\n|-singleturn|p1a: Arboliva|Protect\n|move|p2a: Lunala|Psyshock|p1a: Arboliva\n|-activate|p1a: Arboliva|move: Protect\n|\n|-heal|p2a: Lunala|213/308|[from] item: Leftovers\n|-damage|p2a: Lunala|175/308|[from] Leech Seed|[of] p1a: Arboliva\n|-heal|p1a: Arboliva|169/288|[silent]\n|upkeep\n|turn|51\n|\n|t:|1782805523\n|move|p1a: Arboliva|Protect||[still]\n|-fail|p1a: Arboliva\n|move|p2a: Lunala|Psyshock|p1a: Arboliva\n|-supereffective|p1a: Arboliva\n|-damage|p1a: Arboliva|31/288\n|\n|-heal|p2a: Lunala|194/308|[from] item: Leftovers\n|-damage|p2a: Lunala|156/308|[from] Leech Seed|[of] p1a: Arboliva\n|-heal|p1a: Arboliva|69/288|[silent]\n|upkeep\n|turn|52\n|\n|t:|1782805528\n|switch|p1a: Ursaluna|Ursaluna-Bloodmoon, L79, M|308/308\n|-activate|p1a: Ursaluna|move: Sticky Web\n|-unboost|p1a: Ursaluna|spe|1\n|move|p2a: Lunala|Calm Mind|p2a: Lunala\n|-boost|p2a: Lunala|spa|1\n|-boost|p2a: Lunala|spd|1\n|\n|-heal|p2a: Lunala|175/308|[from] item: Leftovers\n|-damage|p2a: Lunala|137/308|[from] Leech Seed|[of] p1a: Ursaluna\n|upkeep\n|turn|53\n|\n|t:|1782805532\n|switch|p2a: Minior|Minior-Indigo, L79|84/224\n|-damage|p2a: Minior|28/224|[from] Stealth Rock\n|move|p1a: Ursaluna|Calm Mind|p1a: Ursaluna\n|-boost|p1a: Ursaluna|spa|1\n|-boost|p1a: Ursaluna|spd|1\n|\n|upkeep\n|turn|54\n|\n|t:|1782805535\n|move|p2a: Minior|Acrobatics|p1a: Ursaluna\n|-damage|p1a: Ursaluna|220/308\n|move|p1a: Ursaluna|Calm Mind|p1a: Ursaluna\n|-boost|p1a: Ursaluna|spa|1\n|-boost|p1a: Ursaluna|spd|1\n|\n|-heal|p1a: Ursaluna|239/308|[from] item: Leftovers\n|upkeep\n|turn|55\n|\n|t:|1782805541\n|move|p2a: Minior|Shell Smash|p2a: Minior\n|-unboost|p2a: Minior|def|1\n|-unboost|p2a: Minior|spd|1\n|-boost|p2a: Minior|atk|2\n|-boost|p2a: Minior|spa|2\n|-boost|p2a: Minior|spe|2\n|move|p1a: Ursaluna|Calm Mind|p1a: Ursaluna\n|-boost|p1a: Ursaluna|spa|1\n|-boost|p1a: Ursaluna|spd|1\n|\n|-heal|p1a: Ursaluna|258/308|[from] item: Leftovers\n|upkeep\n|turn|56\n|\n|t:|1782805544\n|move|p1a: Ursaluna|Vacuum Wave|p2a: Minior\n|-damage|p2a: Minior|0 fnt\n|faint|p2a: Minior\n|\n|-heal|p1a: Ursaluna|277/308|[from] item: Leftovers\n|upkeep\n|\n|t:|1782805546\n|switch|p2a: Mienshao|Mienshao, L83, F|183/243\n|-damage|p2a: Mienshao|168/243|[from] Stealth Rock\n|turn|57\n|\n|t:|1782805551\n|move|p1a: Ursaluna|Vacuum Wave|p2a: Mienshao\n|-damage|p2a: Mienshao|59/243\n|move|p2a: Mienshao|High Jump Kick|p1a: Ursaluna\n|-supereffective|p1a: Ursaluna\n|-damage|p1a: Ursaluna|0 fnt\n|faint|p1a: Ursaluna\n|\n|upkeep\n|\n|t:|1782805553\n|switch|p1a: Arboliva|Arboliva, L91, M, tera:Poison|69/288\n|-activate|p1a: Arboliva|move: Sticky Web\n|-unboost|p1a: Arboliva|spe|1\n|turn|58\n|\n|t:|1782805556\n|move|p2a: Mienshao|High Jump Kick|p1a: Arboliva\n|-resisted|p1a: Arboliva\n|-damage|p1a: Arboliva|0 fnt\n|faint|p1a: Arboliva\n|\n|win|My Life is Dance \u2764\n", "inputlog": ">version f8ac14003a5f27e1bdc8d8c59608a773c1cb96e5\n>start {\"formatid\":\"gen9randombattle\",\"seed\":\"sodium,534fab71660119c8d33a39e3742a6dbd\",\"rated\":\"Rated battle\"}\n>player p1 {\"name\":\"hcff\",\"avatar\":\"ingo\",\"rating\":2235,\"seed\":\"sodium,f288a4fc8afbf0c7325e7b68f5225d5b\"}\n>player p2 {\"name\":\"My Life is Dance \u2764\",\"avatar\":\"tierno\",\"rating\":2263,\"seed\":\"sodium,a259e7b73f198560e8347a4dc40c951f\"}\n>p1 move scald\n>p2 switch 4\n>p1 switch 4\n>p2 move leafstorm\n>p1 move knockoff\n>p2 switch 2\n>p1 switch 6\n>p2 move stickyweb\n>p1 move stealthrock\n>p2 switch 4\n>p1 switch 4\n>p2 move calmmind\n>p1 move calmmind\n>p2 move bloodmoon\n>p1 move scald\n>p2 move calmmind\n>p1 move substitute\n>p2 move bloodmoon\n>p1 switch 2\n>p1 move substitute\n>p2 switch 4\n>p1 move hypervoice\n>p2 move poisonjab\n>p2 switch 3\n>p1 move leechseed\n>p2 move shellsmash\n>p1 switch 4\n>p2 move shellsmash\n>p1 switch 6\n>p2 move powergem\n>p1 move machpunch\n>p2 switch 6\n>p1 switch 4\n>p2 move psyshock\n>p1 move leechseed\n>p2 switch 2\n>p1 move protect\n>p2 move flamethrower\n>p1 switch 6\n>p2 move flamethrower\n>p1 move stoneedge\n>p2 move flamethrower\n>p2 switch 4\n>p1 move earthquake\n>p2 move calmmind\n>p1 switch 3\n>p1 move calmmind\n>p2 move bloodmoon\n>p1 move recover\n>p2 move earthpower\n>p1 switch 4\n>p1 move machpunch\n>p2 move moonlight terastallize\n>p1 move knockoff\n>p2 move calmmind\n>p1 switch 6\n>p2 move calmmind\n>p1 switch 6\n>p2 move calmmind\n>p1 switch 6\n>p2 move calmmind\n>p1 switch 6\n>p2 move bloodmoon\n>p1 switch 6\n>p1 move substitute\n>p2 move earthpower\n>p1 move protect\n>p2 move earthpower\n>p1 move substitute\n>p2 move moonlight\n>p1 move protect\n>p2 move earthpower\n>p1 move leechseed\n>p2 move earthpower\n>p1 move substitute\n>p2 move moonlight\n>p1 move protect\n>p2 move earthpower\n>p1 move hypervoice\n>p2 move earthpower\n>p1 move substitute\n>p2 move moonlight\n>p1 move hypervoice\n>p2 move earthpower\n>p1 move protect\n>p2 move moonlight\n>p1 move protect\n>p2 move bloodmoon\n>p1 move substitute\n>p2 move earthpower\n>p1 move protect\n>p2 move moonlight\n>p1 move hypervoice\n>p2 move earthpower\n>p2 switch 5\n>p1 move leechseed terastallize\n>p2 move knockoff\n>p1 move leechseed\n>p2 switch 2\n>p1 switch 5\n>p2 switch 2\n>p1 switch 5\n>p2 move highjumpkick\n>p1 move leechseed\n>p2 switch 2\n>p1 move protect\n>p2 move psyshock\n>p1 move protect\n>p2 move psyshock\n>p1 switch 5\n>p2 move calmmind\n>p1 move calmmind\n>p2 switch 6\n>p1 move calmmind\n>p2 move acrobatics\n>p1 move calmmind\n>p2 move shellsmash\n>p1 move vacuumwave\n>p2 move shellsmash\n>p2 switch 2\n>p1 move vacuumwave\n>p2 move highjumpkick\n>p1 switch 5\n>p1 move leechseed\n>p2 move highjumpkick", "uploadtime": 1782804918, "views": 4, "formatid": "gen9randombattle", "rating": null, "private": 0, "password": null, "player_dets": [{"name": "hcff", "avatar": "ingo", "rating": 2235, "seed": "sodium,f288a4fc8afbf0c7325e7b68f5225d5b"}, {"name": "My Life is Dance \u2764", "avatar": "tierno", "rating": 2263, "seed": "sodium,a259e7b73f198560e8347a4dc40c951f"}], "teams_full": [{"Suicune": {"name": "Suicune", "species": "Suicune", "speciesId": "suicune", "gender": "N", "shiny": false, "level": 82, "moves": ["icebeam", "calmmind", "scald", "substitute"], "ability": "Pressure", "evs": {"hp": 85, "atk": 0, "def": 85, "spa": 85, "spd": 85, "spe": 85}, "ivs": {"hp": 31, "atk": 0, "def": 31, "spa": 31, "spd": 31, "spe": 31}, "item": "Leftovers", "teraType": "Dragon", "role": "Bulky Setup", "bvs": {"hp": 100, "atk": 75, "def": 115, "spa": 90, "spd": 115, "spe": 85}, "stats": {"hp": 298, "atk": 127, "def": 236, "spa": 195, "spd": 236, "spe": 187}, "types": ["Water"]}, "Arboliva": {"name": "Arboliva", "species": "Arboliva", "speciesId": "arboliva", "gender": "M", "shiny": false, "level": 91, "moves": ["protect", "substitute", "hypervoice", "leechseed"], "ability": "Harvest", "evs": {"hp": 77, "atk": 0, "def": 85, "spa": 85, "spd": 85, "spe": 85}, "ivs": {"hp": 31, "atk": 0, "def": 31, "spa": 31, "spd": 31, "spe": 31}, "item": "Sitrus Berry", "teraType": "Poison", "role": "Bulky Support", "bvs": {"hp": 78, "atk": 69, "def": 90, "spa": 125, "spd": 109, "spe": 39}, "stats": {"hp": 288, "atk": 130, "def": 216, "spa": 279, "spd": 250, "spe": 123}, "types": ["Grass", "Normal"]}, "Alcremie": {"name": "Alcremie", "species": "Alcremie-Ruby-Cream", "speciesId": "alcremie", "gender": "F", "shiny": false, "level": 90, "moves": ["recover", "alluringvoice", "psyshock", "calmmind"], "ability": "Aroma Veil", "evs": {"hp": 85, "atk": 0, "def": 85, "spa": 85, "spd": 85, "spe": 85}, "ivs": {"hp": 31, "atk": 0, "def": 31, "spa": 31, "spd": 31, "spe": 31}, "item": "Leftovers", "teraType": "Poison", "role": "Bulky Setup", "bvs": {"hp": 65, "atk": 60, "def": 75, "spa": 110, "spd": 121, "spe": 64}, "stats": {"hp": 263, "atk": 113, "def": 186, "spa": 249, "spd": 269, "spe": 167}, "types": ["Fairy"]}, "Gurdurr": {"name": "Gurdurr", "species": "Gurdurr", "speciesId": "gurdurr", "gender": "F", "shiny": false, "level": 85, "moves": ["drainpunch", "bulkup", "knockoff", "machpunch"], "ability": "Guts", "evs": {"hp": 85, "atk": 85, "def": 85, "spa": 85, "spd": 85, "spe": 85}, "ivs": {"hp": 31, "atk": 31, "def": 31, "spa": 31, "spd": 31, "spe": 31}, "item": "Eviolite", "teraType": "Steel", "role": "Bulky Attacker", "bvs": {"hp": 85, "atk": 105, "def": 85, "spa": 40, "spd": 50, "spe": 40}, "stats": {"hp": 283, "atk": 227, "def": 193, "spa": 117, "spd": 134, "spe": 117}, "types": ["Fighting"]}, "Ursaluna": {"name": "Ursaluna", "species": "Ursaluna-Bloodmoon", "speciesId": "ursalunabloodmoon", "gender": "M", "shiny": false, "level": 79, "moves": ["bloodmoon", "calmmind", "vacuumwave", "moonlight"], "ability": "Mind's Eye", "evs": {"hp": 85, "atk": 0, "def": 85, "spa": 85, "spd": 85, "spe": 85}, "ivs": {"hp": 31, "atk": 0, "def": 31, "spa": 31, "spd": 31, "spe": 31}, "item": "Leftovers", "teraType": "Normal", "role": "Bulky Setup", "bvs": {"hp": 113, "atk": 70, "def": 120, "spa": 135, "spd": 65, "spe": 52}, "stats": {"hp": 308, "atk": 115, "def": 235, "spa": 259, "spd": 148, "spe": 128}, "types": ["Ground", "Normal"]}, "Stonjourner": {"name": "Stonjourner", "species": "Stonjourner", "speciesId": "stonjourner", "gender": "M", "shiny": false, "level": 91, "moves": ["stoneedge", "earthquake", "heatcrash", "stealthrock"], "ability": "Power Spot", "evs": {"hp": 85, "atk": 85, "def": 85, "spa": 85, "spd": 85, "spe": 85}, "ivs": {"hp": 31, "atk": 31, "def": 31, "spa": 31, "spd": 31, "spe": 31}, "item": "Life Orb", "teraType": "Ground", "role": "Fast Attacker", "bvs": {"hp": 100, "atk": 125, "def": 135, "spa": 20, "spd": 20, "spe": 70}, "stats": {"hp": 330, "atk": 279, "def": 298, "spa": 88, "spd": 88, "spe": 179}, "types": ["Rock"]}}, {"Ursaluna": {"name": "Ursaluna", "species": "Ursaluna-Bloodmoon", "speciesId": "ursalunabloodmoon", "gender": "M", "shiny": false, "level": 79, "moves": ["calmmind", "bloodmoon", "earthpower", "moonlight"], "ability": "Mind's Eye", "evs": {"hp": 85, "atk": 0, "def": 85, "spa": 85, "spd": 85, "spe": 85}, "ivs": {"hp": 31, "atk": 0, "def": 31, "spa": 31, "spd": 31, "spe": 31}, "item": "Leftovers", "teraType": "Poison", "role": "Bulky Attacker", "bvs": {"hp": 113, "atk": 70, "def": 120, "spa": 135, "spd": 65, "spe": 52}, "stats": {"hp": 308, "atk": 115, "def": 235, "spa": 259, "spd": 148, "spe": 128}, "types": ["Ground", "Normal"]}, "Ariados": {"name": "Ariados", "species": "Ariados", "speciesId": "ariados", "gender": "M", "shiny": false, "level": 95, "moves": ["megahorn", "stickyweb", "poisonjab", "suckerpunch"], "ability": "Insomnia", "evs": {"hp": 85, "atk": 85, "def": 85, "spa": 85, "spd": 85, "spe": 85}, "ivs": {"hp": 31, "atk": 31, "def": 31, "spa": 31, "spd": 31, "spe": 31}, "item": "Heavy-Duty Boots", "teraType": "Ghost", "role": "Fast Support", "bvs": {"hp": 70, "atk": 90, "def": 70, "spa": 60, "spd": 70, "spe": 40}, "stats": {"hp": 287, "atk": 225, "def": 187, "spa": 168, "spd": 187, "spe": 130}, "types": ["Bug", "Poison"]}, "Minior": {"name": "Minior", "species": "Minior-Indigo", "speciesId": "minior", "gender": "N", "shiny": false, "level": 79, "moves": ["earthquake", "shellsmash", "powergem", "acrobatics"], "ability": "Shields Down", "evs": {"hp": 85, "atk": 85, "def": 85, "spa": 85, "spd": 85, "spe": 85}, "ivs": {"hp": 31, "atk": 31, "def": 31, "spa": 31, "spd": 31, "spe": 31}, "item": "White Herb", "teraType": "Flying", "role": "Setup Sweeper", "bvs": {"hp": 60, "atk": 100, "def": 60, "spa": 100, "spd": 60, "spe": 120}, "stats": {"hp": 224, "atk": 204, "def": 140, "spa": 204, "spd": 140, "spe": 235}, "types": ["Rock", "Flying"]}, "Scovillain": {"name": "Scovillain", "species": "Scovillain", "speciesId": "scovillain", "gender": "F", "shiny": false, "level": 91, "moves": ["overheat", "flamethrower", "leafstorm", "energyball"], "ability": "Chlorophyll", "evs": {"hp": 85, "atk": 0, "def": 85, "spa": 85, "spd": 85, "spe": 85}, "ivs": {"hp": 31, "atk": 0, "def": 31, "spa": 31, "spd": 31, "spe": 31}, "item": "Choice Scarf", "teraType": "Fire", "role": "Fast Attacker", "bvs": {"hp": 65, "atk": 108, "def": 65, "spa": 108, "spd": 65, "spe": 75}, "stats": {"hp": 266, "atk": 201, "def": 170, "spa": 248, "spd": 170, "spe": 188}, "types": ["Grass", "Fire"]}, "Mienshao": {"name": "Mienshao", "species": "Mienshao", "speciesId": "mienshao", "gender": "F", "shiny": false, "level": 83, "moves": ["poisonjab", "knockoff", "highjumpkick", "uturn"], "ability": "Reckless", "evs": {"hp": 81, "atk": 85, "def": 85, "spa": 85, "spd": 85, "spe": 85}, "ivs": {"hp": 31, "atk": 31, "def": 31, "spa": 31, "spd": 31, "spe": 31}, "item": "Choice Band", "teraType": "Fighting", "role": "Wallbreaker", "bvs": {"hp": 65, "atk": 125, "def": 60, "spa": 95, "spd": 60, "spe": 105}, "stats": {"hp": 243, "atk": 255, "def": 147, "spa": 205, "spd": 147, "spe": 222}, "types": ["Fighting"]}, "Lunala": {"name": "Lunala", "species": "Lunala", "speciesId": "lunala", "gender": "N", "shiny": false, "level": 70, "moves": ["moonlight", "moongeistbeam", "psyshock", "calmmind"], "ability": "Shadow Shield", "evs": {"hp": 85, "atk": 0, "def": 85, "spa": 85, "spd": 85, "spe": 85}, "ivs": {"hp": 31, "atk": 0, "def": 31, "spa": 31, "spd": 31, "spe": 31}, "item": "Leftovers", "teraType": "Dark", "role": "Fast Bulky Setup", "bvs": {"hp": 137, "atk": 113, "def": 89, "spa": 137, "spd": 107, "spe": 97}, "stats": {"hp": 308, "atk": 163, "def": 166, "spa": 233, "spd": 191, "spe": 177}, "types": ["Psychic", "Ghost"]}}]}