{"id": "gen9randombattle-2641543002", "format": "[Gen 9] Random Battle", "players": ["Cheezrat", "Dizay976"], "log": "|j|\u2606Cheezrat\n|j|\u2606Dizay976\n|t:|1782804449\n|gametype|singles\n|player|p1|Cheezrat|169|2044\n|player|p2|Dizay976|yellow|2157\n|gen|9\n|tier|[Gen 9] Random Battle\n|rated|\n|rule|Species Clause: Limit one of each Pok\u00e9mon\n|rule|HP Percentage Mod: HP is shown in percentages\n|rule|Sleep Clause Mod: Limit one foe put to sleep\n|rule|Illusion Level Mod: Illusion disguises the Pok\u00e9mon's true level\n|\n|t:|1782804449\n|teamsize|p1|6\n|teamsize|p2|6\n|start\n|switch|p1a: Qwilfish|Qwilfish, L86, M|252/252\n|switch|p2a: Jumpluff|Jumpluff, L87, F|271/271\n|-ability|p1a: Qwilfish|Intimidate|boost\n|-unboost|p2a: Jumpluff|atk|1\n|turn|1\n|\n|t:|1782804480\n|move|p2a: Jumpluff|U-turn|p1a: Qwilfish\n|-resisted|p1a: Qwilfish\n|-damage|p1a: Qwilfish|240/252\n|\n|t:|1782804489\n|switch|p2a: Glaceon|Glaceon, L94, M|275/275|[from] U-turn\n|move|p1a: Qwilfish|Toxic Spikes|p2a: Glaceon\n|-sidestart|p2: Dizay976|move: Toxic Spikes\n|\n|-heal|p1a: Qwilfish|252/252|[from] item: Leftovers\n|upkeep\n|turn|2\n|\n|t:|1782804501\n|switch|p1a: Iron Crown|Iron Crown, L78|268/268\n|move|p2a: Glaceon|Freeze-Dry|p1a: Iron Crown\n|-resisted|p1a: Iron Crown\n|-damage|p1a: Iron Crown|216/268\n|\n|-heal|p1a: Iron Crown|232/268|[from] item: Leftovers\n|upkeep\n|turn|3\n|\n|t:|1782804515\n|switch|p2a: Scizor|Scizor, L79, F|240/240\n|move|p1a: Iron Crown|Tachyon Cutter|p2a: Scizor\n|-resisted|p2a: Scizor\n|-damage|p2a: Scizor|206/240\n|-resisted|p2a: Scizor\n|-damage|p2a: Scizor|176/240\n|-hitcount|p2a: Scizor|2\n|\n|-heal|p1a: Iron Crown|248/268|[from] item: Leftovers\n|-heal|p2a: Scizor|191/240|[from] item: Leftovers\n|upkeep\n|turn|4\n|\n|t:|1782804544\n|-end|p1a: Iron Crown|Quark Drive|[silent]\n|switch|p1a: Qwilfish|Qwilfish, L86, M|252/252\n|-ability|p1a: Qwilfish|Intimidate|boost\n|-unboost|p2a: Scizor|atk|1\n|move|p2a: Scizor|Defog|p1a: Qwilfish\n|-unboost|p1a: Qwilfish|evasion|1\n|-sideend|p2: Dizay976|Toxic Spikes|[from] move: Defog|[of] p2a: Scizor\n|\n|-heal|p2a: Scizor|206/240|[from] item: Leftovers\n|upkeep\n|turn|5\n|\n|t:|1782804583\n|switch|p2a: Jolteon|Jolteon, L84, M|246/246\n|move|p1a: Qwilfish|Spikes|p2a: Jolteon\n|-sidestart|p2: Dizay976|Spikes\n|\n|upkeep\n|turn|6\n|\n|t:|1782804599\n|switch|p1a: Gogoat|Gogoat, L88, M|360/360\n|move|p2a: Jolteon|Substitute|p2a: Jolteon\n|-start|p2a: Jolteon|Substitute\n|-damage|p2a: Jolteon|185/246\n|\n|-heal|p2a: Jolteon|200/246|[from] item: Leftovers\n|upkeep\n|turn|7\n|\n|t:|1782804607\n|move|p2a: Jolteon|Thunderbolt|p1a: Gogoat\n|-resisted|p1a: Gogoat\n|-damage|p1a: Gogoat|310/360\n|move|p1a: Gogoat|Horn Leech|p2a: Jolteon\n|-end|p2a: Jolteon|Substitute\n|-heal|p1a: Gogoat|341/360|[from] drain|[of] p2a: Jolteon\n|\n|-heal|p2a: Jolteon|215/246|[from] item: Leftovers\n|-heal|p1a: Gogoat|360/360|[from] item: Leftovers\n|upkeep\n|turn|8\n|\n|t:|1782804614\n|switch|p2a: Scizor|Scizor, L79, F|206/240\n|-damage|p2a: Scizor|176/240|[from] Spikes\n|move|p1a: Gogoat|Earthquake|p2a: Scizor\n|-crit|p2a: Scizor\n|-damage|p2a: Scizor|64/240\n|\n|-heal|p2a: Scizor|79/240|[from] item: Leftovers\n|upkeep\n|turn|9\n|\n|t:|1782804621\n|switch|p1a: Qwilfish|Qwilfish, L86, M|252/252\n|-ability|p1a: Qwilfish|Intimidate|boost\n|-unboost|p2a: Scizor|atk|1\n|move|p2a: Scizor|U-turn|p1a: Qwilfish\n|-resisted|p1a: Qwilfish\n|-damage|p1a: Qwilfish|222/252\n|\n|t:|1782804637\n|switch|p2a: Jumpluff|Jumpluff, L87, F|271/271|[from] U-turn\n|\n|-heal|p1a: Qwilfish|237/252|[from] item: Leftovers\n|upkeep\n|turn|10\n|\n|t:|1782804649\n|switch|p1a: Zebstrika|Zebstrika, L87, F|272/272\n|move|p2a: Jumpluff|Sleep Powder|p1a: Zebstrika\n|-ability|p1a: Zebstrika|Sap Sipper|boost\n|-boost|p1a: Zebstrika|atk|1\n|\n|upkeep\n|turn|11\n|\n|t:|1782804666\n|switch|p2a: Jolteon|Jolteon, L84, M|215/246\n|-damage|p2a: Jolteon|185/246|[from] Spikes\n|move|p1a: Zebstrika|Overheat|p2a: Jolteon\n|-damage|p2a: Jolteon|80/246\n|-unboost|p1a: Zebstrika|spa|2\n|-damage|p1a: Zebstrika|245/272|[from] item: Life Orb\n|\n|-heal|p2a: Jolteon|95/246|[from] item: Leftovers\n|upkeep\n|turn|12\n|\n|t:|1782804674\n|switch|p2a: Jumpluff|Jumpluff, L87, F|271/271\n|move|p1a: Zebstrika|High Horsepower|p2a: Jumpluff\n|-immune|p2a: Jumpluff\n|\n|upkeep\n|turn|13\n|\n|t:|1782804681\n|move|p1a: Zebstrika|High Horsepower|p2a: Jumpluff\n|-immune|p2a: Jumpluff\n|move|p2a: Jumpluff|U-turn|p1a: Zebstrika\n|-damage|p1a: Zebstrika|202/272\n|\n|t:|1782804687\n|switch|p2a: Iron Bundle|Iron Bundle, L78|215/215|[from] U-turn\n|-damage|p2a: Iron Bundle|189/215|[from] Spikes\n|\n|upkeep\n|turn|14\n|\n|t:|1782804696\n|move|p2a: Iron Bundle|Hydro Pump|p1a: Zebstrika\n|-damage|p1a: Zebstrika|0 fnt\n|faint|p1a: Zebstrika\n|\n|upkeep\n|\n|t:|1782804703\n|switch|p1a: Gogoat|Gogoat, L88, M|360/360\n|turn|15\n|\n|t:|1782804718\n|-end|p2a: Iron Bundle|Quark Drive|[silent]\n|switch|p2a: Jumpluff|Jumpluff, L87, F|271/271\n|switch|p1a: Qwilfish|Qwilfish, L86, M|237/252\n|-ability|p1a: Qwilfish|Intimidate|boost\n|-unboost|p2a: Jumpluff|atk|1\n|\n|-heal|p1a: Qwilfish|252/252|[from] item: Leftovers\n|upkeep\n|turn|16\n|\n|t:|1782804737\n|move|p2a: Jumpluff|Sleep Powder|p1a: Qwilfish\n|-status|p1a: Qwilfish|slp|[from] move: Sleep Powder\n|cant|p1a: Qwilfish|slp\n|\n|upkeep\n|turn|17\n|\n|t:|1782804785\n|move|p2a: Jumpluff|U-turn|p1a: Qwilfish\n|-resisted|p1a: Qwilfish\n|-damage|p1a: Qwilfish|239/252 slp\n|\n|t:|1782804793\n|switch|p2a: Scizor|Scizor, L79, F|79/240|[from] U-turn\n|-damage|p2a: Scizor|49/240|[from] Spikes\n|cant|p1a: Qwilfish|slp\n|\n|-heal|p1a: Qwilfish|252/252 slp|[from] item: Leftovers\n|-heal|p2a: Scizor|64/240|[from] item: Leftovers\n|upkeep\n|turn|18\n|\n|t:|1782804804\n|-curestatus|p1a: Qwilfish|slp|[msg]\n|move|p1a: Qwilfish|Waterfall|p2a: Scizor\n|-damage|p2a: Scizor|0 fnt\n|faint|p2a: Scizor\n|\n|upkeep\n|\n|t:|1782804814\n|switch|p2a: Iron Bundle|Iron Bundle, L78|189/215\n|-damage|p2a: Iron Bundle|163/215|[from] Spikes\n|turn|19\n|\n|t:|1782804822\n|switch|p1a: Iron Crown|Iron Crown, L78|248/268\n|move|p2a: Iron Bundle|Hydro Pump|p1a: Iron Crown\n|-damage|p1a: Iron Crown|86/268\n|\n|-heal|p1a: Iron Crown|102/268|[from] item: Leftovers\n|upkeep\n|turn|20\n|\n|t:|1782804836\n|-end|p2a: Iron Bundle|Quark Drive|[silent]\n|switch|p2a: Glaceon|Glaceon, L94, M|275/275\n|-end|p1a: Iron Crown|Quark Drive|[silent]\n|switch|p1a: Gogoat|Gogoat, L88, M|360/360\n|\n|upkeep\n|turn|21\n|\n|t:|1782804848\n|switch|p1a: Iron Crown|Iron Crown, L78|102/268\n|move|p2a: Glaceon|Calm Mind|p2a: Glaceon\n|-boost|p2a: Glaceon|spa|1\n|-boost|p2a: Glaceon|spd|1\n|\n|-heal|p1a: Iron Crown|118/268|[from] item: Leftovers\n|upkeep\n|turn|22\n|\n|t:|1782804858\n|move|p1a: Iron Crown|Tachyon Cutter|p2a: Glaceon\n|-supereffective|p2a: Glaceon\n|-damage|p2a: Glaceon|215/275\n|-supereffective|p2a: Glaceon\n|-damage|p2a: Glaceon|155/275\n|-hitcount|p2a: Glaceon|2\n|move|p2a: Glaceon|Freeze-Dry|p1a: Iron Crown\n|-resisted|p1a: Iron Crown\n|-crit|p1a: Iron Crown\n|-damage|p1a: Iron Crown|4/268\n|\n|-heal|p1a: Iron Crown|20/268|[from] item: Leftovers\n|upkeep\n|turn|23\n|\n|t:|1782804869\n|move|p1a: Iron Crown|Tachyon Cutter|p2a: Glaceon\n|-supereffective|p2a: Glaceon\n|-damage|p2a: Glaceon|87/275\n|-supereffective|p2a: Glaceon\n|-damage|p2a: Glaceon|21/275\n|-hitcount|p2a: Glaceon|2\n|move|p2a: Glaceon|Wish|p2a: Glaceon\n|\n|-heal|p1a: Iron Crown|36/268|[from] item: Leftovers\n|upkeep\n|turn|24\n|\n|t:|1782804880\n|move|p2a: Glaceon|Protect|p2a: Glaceon\n|-singleturn|p2a: Glaceon|Protect\n|move|p1a: Iron Crown|Calm Mind|p1a: Iron Crown\n|-boost|p1a: Iron Crown|spa|1\n|-boost|p1a: Iron Crown|spd|1\n|\n|-heal|p2a: Glaceon|158/275|[from] move: Wish|[wisher] Glaceon\n|-heal|p1a: Iron Crown|52/268|[from] item: Leftovers\n|upkeep\n|turn|25\n|\n|t:|1782804888\n|switch|p2a: Jumpluff|Jumpluff, L87, F|271/271\n|move|p1a: Iron Crown|Tachyon Cutter|p2a: Jumpluff\n|-damage|p2a: Jumpluff|196/271\n|-damage|p2a: Jumpluff|124/271\n|-hitcount|p2a: Jumpluff|2\n|\n|-heal|p1a: Iron Crown|68/268|[from] item: Leftovers\n|upkeep\n|turn|26\n|\n|t:|1782804899\n|move|p2a: Jumpluff|U-turn|p1a: Iron Crown\n|-damage|p1a: Iron Crown|34/268\n|\n|t:|1782804908\n|switch|p2a: Jolteon|Jolteon, L84, M|95/246|[from] U-turn\n|-damage|p2a: Jolteon|65/246|[from] Spikes\n|move|p1a: Iron Crown|Tachyon Cutter|p2a: Jolteon\n|-resisted|p2a: Jolteon\n|-damage|p2a: Jolteon|24/246\n|-resisted|p2a: Jolteon\n|-damage|p2a: Jolteon|0 fnt\n|faint|p2a: Jolteon\n|-hitcount|p2: Jolteon|2\n|\n|-heal|p1a: Iron Crown|50/268|[from] item: Leftovers\n|upkeep\n|\n|t:|1782804909\n|switch|p2a: Iron Bundle|Iron Bundle, L78|163/215\n|-damage|p2a: Iron Bundle|137/215|[from] Spikes\n|turn|27\n|\n|t:|1782804917\n|move|p2a: Iron Bundle|Hydro Pump|p1a: Iron Crown\n|-damage|p1a: Iron Crown|0 fnt\n|faint|p1a: Iron Crown\n|-end|p1a: Iron Crown|Quark Drive|[silent]\n|\n|upkeep\n|\n|t:|1782804923\n|switch|p1a: Deoxys|Deoxys-Attack, L72|191/191\n|-ability|p1a: Deoxys|Pressure\n|turn|28\n|\n|t:|1782804929\n|-end|p2a: Iron Bundle|Quark Drive|[silent]\n|switch|p2a: Jumpluff|Jumpluff, L87, F|124/271\n|move|p1a: Deoxys|Superpower|p2a: Jumpluff\n|-resisted|p2a: Jumpluff\n|-damage|p2a: Jumpluff|51/271\n|-unboost|p1a: Deoxys|atk|1\n|-unboost|p1a: Deoxys|def|1\n|-damage|p1a: Deoxys|172/191|[from] item: Life Orb\n|\n|upkeep\n|turn|29\n|\n|t:|1782804957\n|move|p1a: Deoxys|Extreme Speed|p2a: Jumpluff\n|-damage|p2a: Jumpluff|0 fnt\n|faint|p2a: Jumpluff\n|-damage|p1a: Deoxys|153/191|[from] item: Life Orb\n|\n|upkeep\n|\n|t:|1782804965\n|switch|p2a: Primarina|Primarina, L83, M|268/268\n|-damage|p2a: Primarina|235/268|[from] Spikes\n|turn|30\n|\n|t:|1782804988\n|switch|p1a: Qwilfish|Qwilfish, L86, M|252/252\n|-ability|p1a: Qwilfish|Intimidate|boost\n|-unboost|p2a: Primarina|atk|1\n|move|p2a: Primarina|Draining Kiss|p1a: Qwilfish\n|-resisted|p1a: Qwilfish\n|-damage|p1a: Qwilfish|209/252\n|-heal|p2a: Primarina|267/268|[from] drain|[of] p1a: Qwilfish\n|\n|-heal|p1a: Qwilfish|224/252|[from] item: Leftovers\n|-heal|p2a: Primarina|268/268|[from] item: Leftovers\n|upkeep\n|turn|31\n|\n|t:|1782805005\n|switch|p2a: Iron Bundle|Iron Bundle, L78|137/215\n|-damage|p2a: Iron Bundle|111/215|[from] Spikes\n|move|p1a: Qwilfish|Toxic Spikes|p2a: Iron Bundle\n|-sidestart|p2: Dizay976|move: Toxic Spikes\n|\n|-heal|p1a: Qwilfish|239/252|[from] item: Leftovers\n|upkeep\n|turn|32\n|\n|t:|1782805063\n|switch|p1a: Slither Wing|Slither Wing, L81|270/270\n|move|p2a: Iron Bundle|Freeze-Dry|p1a: Slither Wing\n|-damage|p1a: Slither Wing|164/270\n|\n|upkeep\n|turn|33\n|\n|t:|1782805080\n|-end|p2a: Iron Bundle|Quark Drive|[silent]\n|switch|p2a: Primarina|Primarina, L83, M|268/268\n|-damage|p2a: Primarina|235/268|[from] Spikes\n|-status|p2a: Primarina|psn\n|move|p1a: Slither Wing|U-turn|p2a: Primarina\n|-resisted|p2a: Primarina\n|-damage|p2a: Primarina|185/268 psn\n|\n|t:|1782805097\n|-end|p1a: Slither Wing|Protosynthesis|[silent]\n|switch|p1a: Gogoat|Gogoat, L88, M|360/360|[from] U-turn\n|\n|-heal|p2a: Primarina|201/268 psn|[from] item: Leftovers\n|-damage|p2a: Primarina|168/268 psn|[from] psn\n|upkeep\n|turn|34\n|\n|t:|1782805114\n|move|p1a: Gogoat|Horn Leech|p2a: Primarina\n|-supereffective|p2a: Primarina\n|-crit|p2a: Primarina\n|-damage|p2a: Primarina|0 fnt\n|faint|p2a: Primarina\n|\n|upkeep\n|\n|t:|1782805116\n|switch|p2a: Glaceon|Glaceon, L94, M|158/275\n|turn|35\n|\n|t:|1782805125\n|move|p2a: Glaceon|Wish|p2a: Glaceon\n|move|p1a: Gogoat|Bulk Up|p1a: Gogoat\n|-boost|p1a: Gogoat|atk|1\n|-boost|p1a: Gogoat|def|1\n|\n|upkeep\n|turn|36\n|\n|t:|1782805149\n|move|p2a: Glaceon|Freeze-Dry|p1a: Gogoat\n|-supereffective|p1a: Gogoat\n|-damage|p1a: Gogoat|142/360\n|move|p1a: Gogoat|Horn Leech|p2a: Glaceon\n|-damage|p2a: Glaceon|56/275\n|-heal|p1a: Gogoat|193/360|[from] drain|[of] p2a: Glaceon\n|\n|-heal|p2a: Glaceon|193/275|[from] move: Wish|[wisher] Glaceon\n|-heal|p1a: Gogoat|215/360|[from] item: Leftovers\n|upkeep\n|turn|37\n|\n|t:|1782805164\n|move|p2a: Glaceon|Freeze-Dry|p1a: Gogoat\n|-supereffective|p1a: Gogoat\n|-damage|p1a: Gogoat|0 fnt\n|faint|p1a: Gogoat\n|\n|upkeep\n|\n|t:|1782805170\n|switch|p1a: Slither Wing|Slither Wing, L81|164/270\n|turn|38\n|\n|t:|1782805208\n|-terastallize|p2a: Glaceon|Water\n|move|p1a: Slither Wing|Close Combat|p2a: Glaceon\n|-damage|p2a: Glaceon|75/275\n|-unboost|p1a: Slither Wing|def|1\n|-unboost|p1a: Slither Wing|spd|1\n|move|p2a: Glaceon|Wish|p2a: Glaceon\n|\n|upkeep\n|turn|39\n|\n|t:|1782805239\n|move|p1a: Slither Wing|Will-O-Wisp|p2a: Glaceon\n|-status|p2a: Glaceon|brn\n|move|p2a: Glaceon|Calm Mind|p2a: Glaceon\n|-boost|p2a: Glaceon|spa|1\n|-boost|p2a: Glaceon|spd|1\n|\n|-heal|p2a: Glaceon|212/275 brn|[from] move: Wish|[wisher] Glaceon\n|-damage|p2a: Glaceon|195/275 brn|[from] brn\n|upkeep\n|turn|40\n|\n|t:|1782805265\n|-end|p1a: Slither Wing|Protosynthesis|[silent]\n|switch|p1a: Qwilfish|Qwilfish, L86, M|239/252\n|-ability|p1a: Qwilfish|Intimidate|boost\n|-unboost|p2a: Glaceon|atk|1\n|move|p2a: Glaceon|Wish|p2a: Glaceon\n|\n|-heal|p1a: Qwilfish|252/252|[from] item: Leftovers\n|-damage|p2a: Glaceon|178/275 brn|[from] brn\n|upkeep\n|turn|41\n|\n|t:|1782805273\n|move|p2a: Glaceon|Protect|p2a: Glaceon\n|-singleturn|p2a: Glaceon|Protect\n|move|p1a: Qwilfish|Gunk Shot|p2a: Glaceon\n|-activate|p2a: Glaceon|move: Protect\n|\n|-heal|p2a: Glaceon|275/275 brn|[from] move: Wish|[wisher] Glaceon\n|-damage|p2a: Glaceon|258/275 brn|[from] brn\n|upkeep\n|turn|42\n|\n|t:|1782805277\n|move|p1a: Qwilfish|Gunk Shot|p2a: Glaceon|[miss]\n|-miss|p1a: Qwilfish|p2a: Glaceon\n|move|p2a: Glaceon|Wish|p2a: Glaceon\n|\n|-damage|p2a: Glaceon|241/275 brn|[from] brn\n|upkeep\n|turn|43\n|\n|t:|1782805281\n|move|p1a: Qwilfish|Gunk Shot|p2a: Glaceon|[miss]\n|-miss|p1a: Qwilfish|p2a: Glaceon\n|move|p2a: Glaceon|Freeze-Dry|p1a: Qwilfish\n|-supereffective|p1a: Qwilfish\n|-damage|p1a: Qwilfish|0 fnt\n|faint|p1a: Qwilfish\n|\n|-heal|p2a: Glaceon|275/275 brn|[from] move: Wish|[wisher] Glaceon\n|-damage|p2a: Glaceon|258/275 brn|[from] brn\n|upkeep\n|\n|t:|1782805287\n|switch|p1a: Slither Wing|Slither Wing, L81|164/270\n|turn|44\n|\n|t:|1782805315\n|move|p1a: Slither Wing|Close Combat|p2a: Glaceon\n|-damage|p2a: Glaceon|140/275 brn\n|-unboost|p1a: Slither Wing|def|1\n|-unboost|p1a: Slither Wing|spd|1\n|move|p2a: Glaceon|Wish|p2a: Glaceon\n|\n|-damage|p2a: Glaceon|123/275 brn|[from] brn\n|upkeep\n|turn|45\n|\n|t:|1782805324\n|move|p2a: Glaceon|Protect|p2a: Glaceon\n|-singleturn|p2a: Glaceon|Protect\n|move|p1a: Slither Wing|Close Combat|p2a: Glaceon\n|-activate|p2a: Glaceon|move: Protect\n|\n|-heal|p2a: Glaceon|260/275 brn|[from] move: Wish|[wisher] Glaceon\n|-damage|p2a: Glaceon|243/275 brn|[from] brn\n|upkeep\n|turn|46\n|\n|t:|1782805329\n|move|p1a: Slither Wing|Close Combat|p2a: Glaceon\n|-damage|p2a: Glaceon|116/275 brn\n|-unboost|p1a: Slither Wing|def|1\n|-unboost|p1a: Slither Wing|spd|1\n|move|p2a: Glaceon|Wish|p2a: Glaceon\n|\n|-damage|p2a: Glaceon|99/275 brn|[from] brn\n|upkeep\n|turn|47\n|\n|t:|1782805339\n|move|p2a: Glaceon|Protect|p2a: Glaceon\n|-singleturn|p2a: Glaceon|Protect\n|move|p1a: Slither Wing|Morning Sun|p1a: Slither Wing\n|-heal|p1a: Slither Wing|270/270\n|\n|-heal|p2a: Glaceon|236/275 brn|[from] move: Wish|[wisher] Glaceon\n|-damage|p2a: Glaceon|219/275 brn|[from] brn\n|upkeep\n|turn|48\n|\n|t:|1782805349\n|move|p1a: Slither Wing|Close Combat|p2a: Glaceon\n|-damage|p2a: Glaceon|92/275 brn\n|-unboost|p1a: Slither Wing|def|1\n|-unboost|p1a: Slither Wing|spd|1\n|move|p2a: Glaceon|Wish|p2a: Glaceon\n|\n|-damage|p2a: Glaceon|75/275 brn|[from] brn\n|upkeep\n|turn|49\n|\n|t:|1782805356\n|move|p2a: Glaceon|Protect|p2a: Glaceon\n|-singleturn|p2a: Glaceon|Protect\n|move|p1a: Slither Wing|Close Combat|p2a: Glaceon\n|-activate|p2a: Glaceon|move: Protect\n|\n|-heal|p2a: Glaceon|212/275 brn|[from] move: Wish|[wisher] Glaceon\n|-damage|p2a: Glaceon|195/275 brn|[from] brn\n|upkeep\n|turn|50\n|\n|t:|1782805369\n|move|p1a: Slither Wing|Close Combat|p2a: Glaceon\n|-damage|p2a: Glaceon|68/275 brn\n|-unboost|p1a: Slither Wing|def|1\n|-unboost|p1a: Slither Wing|spd|1\n|move|p2a: Glaceon|Wish|p2a: Glaceon\n|\n|-damage|p2a: Glaceon|51/275 brn|[from] brn\n|upkeep\n|turn|51\n|\n|t:|1782805375\n|move|p1a: Slither Wing|U-turn|p2a: Glaceon\n|-damage|p2a: Glaceon|0 fnt\n|faint|p2a: Glaceon\n|\n|t:|1782805379\n|-end|p1a: Slither Wing|Protosynthesis|[silent]\n|switch|p1a: Deoxys|Deoxys-Attack, L72|153/191|[from] U-turn\n|-ability|p1a: Deoxys|Pressure\n|\n|upkeep\n|\n|t:|1782805383\n|switch|p2a: Iron Bundle|Iron Bundle, L78|111/215\n|-damage|p2a: Iron Bundle|85/215|[from] Spikes\n|-status|p2a: Iron Bundle|psn\n|turn|52\n|\n|t:|1782805385\n|-terastallize|p1a: Deoxys|Normal\n|move|p1a: Deoxys|Extreme Speed|p2a: Iron Bundle\n|-damage|p2a: Iron Bundle|0 fnt\n|faint|p2a: Iron Bundle\n|-end|p2a: Iron Bundle|Quark Drive|[silent]\n|-damage|p1a: Deoxys|134/191|[from] item: Life Orb\n|\n|win|Cheezrat\n|raw|Cheezrat's rating: 2044 &rarr; <strong>2073</strong><br />(+29 for winning)\n|raw|Dizay976's rating: 2205 &rarr; <strong>2176</strong><br />(-29 for losing)\n", "inputlog": ">version f8ac14003a5f27e1bdc8d8c59608a773c1cb96e5\n>start {\"formatid\":\"gen9randombattle\",\"seed\":\"sodium,c7b19f99a8de88f4ba7031bb2784bbdf\",\"rated\":\"Rated battle\"}\n>player p1 {\"name\":\"Cheezrat\",\"avatar\":\"169\",\"rating\":2044,\"seed\":\"sodium,f12d8b6888e386e2c5bcafe571483ae9\"}\n>player p2 {\"name\":\"Dizay976\",\"avatar\":\"yellow\",\"rating\":2157,\"seed\":\"sodium,f36617b98b9a3cd780ef3ba9dad79be3\"}\n>p1 move toxicspikes\n>p2 move uturn\n>p2 switch 3\n>p1 switch 3\n>p2 move freezedry\n>p1 move tachyoncutter\n>p2 switch 6\n>p1 switch 3\n>p2 move defog\n>p1 move spikes\n>p2 switch 2\n>p1 switch 5\n>p2 move substitute\n>p1 move hornleech\n>p2 move thunderbolt\n>p1 move earthquake\n>p2 switch 2\n>p1 switch 5\n>p2 move uturn\n>p2 switch 3\n>p1 switch 6\n>p2 move sleeppowder\n>p1 move overheat\n>p2 switch 2\n>p1 move highhorsepower\n>p2 switch 2\n>p1 move highhorsepower\n>p2 move uturn\n>p2 switch 4\n>p1 move supercellslam\n>p2 move hydropump\n>p1 switch 5\n>p1 switch 6\n>p2 switch 4\n>p1 move toxicspikes\n>p2 move sleeppowder\n>p1 move toxicspikes\n>p2 move uturn\n>p2 switch 3\n>p1 move waterfall\n>p2 move defog\n>p2 switch 4\n>p1 switch 3\n>p2 move hydropump\n>p1 switch 6\n>p2 switch 6\n>p1 switch 6\n>p2 move calmmind\n>p1 move tachyoncutter\n>p2 move freezedry\n>p1 move tachyoncutter\n>p2 move wish\n>p1 move calmmind\n>p2 move protect\n>p1 move tachyoncutter\n>p2 switch 3\n>p1 move tachyoncutter\n>p2 move uturn\n>p2 switch 2\n>p2 switch 6\n>p1 move tachyoncutter\n>p2 move hydropump\n>p1 switch 2\n>p1 move superpower\n>p2 switch 2\n>p1 move extremespeed\n>p2 move strengthsap\n>p2 switch 5\n>p1 switch 3\n>p2 move drainingkiss\n>p1 move toxicspikes\n>p2 switch 2\n>p1 switch 4\n>p2 move freezedry\n>p1 move uturn\n>p2 switch 2\n>p1 switch 6\n>p1 move hornleech\n>p2 move moonblast\n>p2 switch 3\n>p1 move bulkup\n>p2 move wish\n>p1 move hornleech\n>p2 move freezedry\n>p1 move hornleech\n>p2 move freezedry\n>p1 switch 6\n>p1 move closecombat\n>p2 move wish terastallize\n>p1 move willowisp\n>p2 move calmmind\n>p1 switch 4\n>p2 move wish\n>p1 move gunkshot\n>p2 move protect\n>p1 move gunkshot\n>p2 move wish\n>p1 move gunkshot\n>p2 move freezedry\n>p1 switch 4\n>p1 move closecombat\n>p2 move wish\n>p1 move closecombat\n>p2 move protect\n>p1 move closecombat\n>p2 move wish\n>p1 move morningsun\n>p2 move protect\n>p1 move closecombat\n>p2 move wish\n>p1 move closecombat\n>p2 move protect\n>p1 move closecombat\n>p2 move wish\n>p1 move uturn\n>p2 move freezedry\n>p1 switch 3\n>p2 switch 2\n>p1 move extremespeed terastallize\n>p2 move icebeam", "uploadtime": 1782804451, "views": 5, "formatid": "gen9randombattle", "rating": 2073, "private": 0, "password": null, "player_dets": [{"name": "Cheezrat", "avatar": "169", "rating": 2044, "seed": "sodium,f12d8b6888e386e2c5bcafe571483ae9"}, {"name": "Dizay976", "avatar": "yellow", "rating": 2157, "seed": "sodium,f36617b98b9a3cd780ef3ba9dad79be3"}], "teams_full": [{"Qwilfish": {"name": "Qwilfish", "species": "Qwilfish", "speciesId": "qwilfish", "gender": "M", "shiny": false, "level": 86, "moves": ["waterfall", "spikes", "toxicspikes", "gunkshot"], "ability": "Intimidate", "evs": {"hp": 85, "atk": 85, "def": 85, "spa": 85, "spd": 85, "spe": 85}, "ivs": {"hp": 31, "atk": 31, "def": 31, "spa": 31, "spd": 31, "spe": 31}, "item": "Leftovers", "teraType": "Dark", "role": "Bulky Support", "bvs": {"hp": 65, "atk": 95, "def": 85, "spa": 55, "spd": 55, "spe": 85}, "stats": {"hp": 252, "atk": 213, "def": 195, "spa": 144, "spd": 144, "spe": 195}, "types": ["Water", "Poison"]}, "Deoxys": {"name": "Deoxys", "species": "Deoxys-Attack", "speciesId": "deoxysattack", "gender": "N", "shiny": false, "level": 72, "moves": ["extremespeed", "superpower", "psychoboost", "knockoff"], "ability": "Pressure", "evs": {"hp": 85, "atk": 85, "def": 85, "spa": 85, "spd": 85, "spe": 85}, "ivs": {"hp": 31, "atk": 31, "def": 31, "spa": 31, "spd": 31, "spe": 31}, "item": "Life Orb", "teraType": "Normal", "role": "Fast Attacker", "bvs": {"hp": 50, "atk": 180, "def": 20, "spa": 180, "spd": 20, "spe": 150}, "stats": {"hp": 191, "atk": 301, "def": 71, "spa": 301, "spd": 71, "spe": 258}, "types": ["Psychic"]}, "Iron Crown": {"name": "Iron Crown", "species": "Iron Crown", "speciesId": "ironcrown", "gender": "N", "shiny": false, "level": 78, "moves": ["focusblast", "tachyoncutter", "calmmind", "psyshock"], "ability": "Quark Drive", "evs": {"hp": 85, "atk": 0, "def": 85, "spa": 85, "spd": 85, "spe": 85}, "ivs": {"hp": 31, "atk": 0, "def": 31, "spa": 31, "spd": 31, "spe": 31}, "item": "Leftovers", "teraType": "Steel", "role": "Bulky Setup", "bvs": {"hp": 90, "atk": 72, "def": 100, "spa": 122, "spd": 108, "spe": 98}, "stats": {"hp": 268, "atk": 117, "def": 201, "spa": 235, "spd": 214, "spe": 198}, "types": ["Steel", "Psychic"]}, "Slither Wing": {"name": "Slither Wing", "species": "Slither Wing", "speciesId": "slitherwing", "gender": "N", "shiny": false, "level": 81, "moves": ["willowisp", "morningsun", "closecombat", "uturn"], "ability": "Protosynthesis", "evs": {"hp": 85, "atk": 85, "def": 85, "spa": 85, "spd": 85, "spe": 85}, "ivs": {"hp": 31, "atk": 31, "def": 31, "spa": 31, "spd": 31, "spe": 31}, "item": "Heavy-Duty Boots", "teraType": "Steel", "role": "Fast Support", "bvs": {"hp": 85, "atk": 135, "def": 79, "spa": 85, "spd": 105, "spe": 81}, "stats": {"hp": 270, "atk": 265, "def": 175, "spa": 184, "spd": 217, "spe": 178}, "types": ["Bug", "Fighting"]}, "Gogoat": {"name": "Gogoat", "species": "Gogoat", "speciesId": "gogoat", "gender": "M", "shiny": false, "level": 88, "moves": ["milkdrink", "bulkup", "earthquake", "hornleech"], "ability": "Sap Sipper", "evs": {"hp": 85, "atk": 85, "def": 85, "spa": 85, "spd": 85, "spe": 85}, "ivs": {"hp": 31, "atk": 31, "def": 31, "spa": 31, "spd": 31, "spe": 31}, "item": "Leftovers", "teraType": "Ground", "role": "Bulky Setup", "bvs": {"hp": 123, "atk": 100, "def": 62, "spa": 97, "spd": 81, "spe": 68}, "stats": {"hp": 360, "atk": 226, "def": 159, "spa": 221, "spd": 193, "spe": 170}, "types": ["Grass"]}, "Zebstrika": {"name": "Zebstrika", "species": "Zebstrika", "speciesId": "zebstrika", "gender": "F", "shiny": false, "level": 87, "moves": ["highhorsepower", "supercellslam", "overheat", "voltswitch"], "ability": "Sap Sipper", "evs": {"hp": 85, "atk": 85, "def": 85, "spa": 85, "spd": 85, "spe": 85}, "ivs": {"hp": 31, "atk": 31, "def": 31, "spa": 31, "spd": 31, "spe": 31}, "item": "Life Orb", "teraType": "Ground", "role": "Fast Attacker", "bvs": {"hp": 75, "atk": 100, "def": 63, "spa": 80, "spd": 63, "spe": 116}, "stats": {"hp": 272, "atk": 224, "def": 159, "spa": 189, "spd": 159, "spe": 252}, "types": ["Electric"]}}, {"Jumpluff": {"name": "Jumpluff", "species": "Jumpluff", "speciesId": "jumpluff", "gender": "F", "shiny": false, "level": 87, "moves": ["uturn", "sleeppowder", "strengthsap", "acrobatics"], "ability": "Infiltrator", "evs": {"hp": 81, "atk": 85, "def": 85, "spa": 85, "spd": 85, "spe": 85}, "ivs": {"hp": 31, "atk": 31, "def": 31, "spa": 31, "spd": 31, "spe": 31}, "item": "", "teraType": "Steel", "role": "Bulky Attacker", "bvs": {"hp": 75, "atk": 55, "def": 70, "spa": 55, "spd": 95, "spe": 110}, "stats": {"hp": 271, "atk": 145, "def": 172, "spa": 145, "spd": 215, "spe": 241}, "types": ["Grass", "Flying"]}, "Jolteon": {"name": "Jolteon", "species": "Jolteon", "speciesId": "jolteon", "gender": "M", "shiny": false, "level": 84, "moves": ["substitute", "terablast", "calmmind", "thunderbolt"], "ability": "Volt Absorb", "evs": {"hp": 85, "atk": 0, "def": 85, "spa": 85, "spd": 85, "spe": 85}, "ivs": {"hp": 31, "atk": 0, "def": 31, "spa": 31, "spd": 31, "spe": 31}, "item": "Leftovers", "teraType": "Ice", "role": "Tera Blast user", "bvs": {"hp": 65, "atk": 65, "def": 60, "spa": 110, "spd": 95, "spe": 130}, "stats": {"hp": 246, "atk": 114, "def": 149, "spa": 233, "spd": 208, "spe": 267}, "types": ["Electric"]}, "Glaceon": {"name": "Glaceon", "species": "Glaceon", "speciesId": "glaceon", "gender": "M", "shiny": false, "level": 94, "moves": ["protect", "wish", "calmmind", "freezedry"], "ability": "Ice Body", "evs": {"hp": 85, "atk": 0, "def": 85, "spa": 85, "spd": 85, "spe": 85}, "ivs": {"hp": 31, "atk": 0, "def": 31, "spa": 31, "spd": 31, "spe": 31}, "item": "Heavy-Duty Boots", "teraType": "Water", "role": "Bulky Setup", "bvs": {"hp": 65, "atk": 60, "def": 110, "spa": 130, "spd": 95, "spe": 65}, "stats": {"hp": 275, "atk": 117, "def": 260, "spa": 298, "spd": 232, "spe": 176}, "types": ["Ice"]}, "Iron Bundle": {"name": "Iron Bundle", "species": "Iron Bundle", "speciesId": "ironbundle", "gender": "N", "shiny": false, "level": 78, "moves": ["freezedry", "icebeam", "flipturn", "hydropump"], "ability": "Quark Drive", "evs": {"hp": 85, "atk": 85, "def": 85, "spa": 85, "spd": 85, "spe": 85}, "ivs": {"hp": 31, "atk": 31, "def": 31, "spa": 31, "spd": 31, "spe": 31}, "item": "Choice Specs", "teraType": "Ice", "role": "Fast Attacker", "bvs": {"hp": 56, "atk": 80, "def": 114, "spa": 124, "spd": 60, "spe": 136}, "stats": {"hp": 215, "atk": 170, "def": 223, "spa": 239, "spd": 139, "spe": 257}, "types": ["Ice", "Water"]}, "Primarina": {"name": "Primarina", "species": "Primarina", "speciesId": "primarina", "gender": "M", "shiny": false, "level": 83, "moves": ["moonblast", "drainingkiss", "psychicnoise", "calmmind"], "ability": "Liquid Voice", "evs": {"hp": 85, "atk": 0, "def": 85, "spa": 85, "spd": 85, "spe": 85}, "ivs": {"hp": 31, "atk": 0, "def": 31, "spa": 31, "spd": 31, "spe": 31}, "item": "Leftovers", "teraType": "Fairy", "role": "Bulky Setup", "bvs": {"hp": 80, "atk": 74, "def": 74, "spa": 126, "spd": 116, "spe": 60}, "stats": {"hp": 268, "atk": 127, "def": 171, "spa": 257, "spd": 240, "spe": 147}, "types": ["Water", "Fairy"]}, "Scizor": {"name": "Scizor", "species": "Scizor", "speciesId": "scizor", "gender": "F", "shiny": false, "level": 79, "moves": ["uturn", "bulletpunch", "defog", "knockoff"], "ability": "Technician", "evs": {"hp": 85, "atk": 85, "def": 85, "spa": 85, "spd": 85, "spe": 85}, "ivs": {"hp": 31, "atk": 31, "def": 31, "spa": 31, "spd": 31, "spe": 31}, "item": "Leftovers", "teraType": "Dragon", "role": "Bulky Support", "bvs": {"hp": 70, "atk": 130, "def": 100, "spa": 55, "spd": 80, "spe": 65}, "stats": {"hp": 240, "atk": 251, "def": 204, "spa": 132, "spd": 172, "spe": 148}, "types": ["Bug", "Steel"]}}]}