{"id": "gen9randombattle-2641472471", "format": "[Gen 9] Random Battle", "players": ["fercho117", "Kantet"], "log": "|j|\u2606fercho117\n|j|\u2606Kantet\n|t:|1782790153\n|gametype|singles\n|player|p1|fercho117|266|1172\n|player|p2|Kantet|1|1221\n|gen|9\n|tier|[Gen 9] Random Battle\n|rated|\n|rule|Species Clause: Limit one of each Pok\u00e9mon\n|rule|HP Percentage Mod: HP is shown in percentages\n|rule|Sleep Clause Mod: Limit one foe put to sleep\n|rule|Illusion Level Mod: Illusion disguises the Pok\u00e9mon's true level\n|\n|t:|1782790153\n|teamsize|p1|6\n|teamsize|p2|6\n|start\n|switch|p1a: Jirachi|Jirachi, L80|291/291\n|switch|p2a: Vileplume|Vileplume, L85, M|266/266\n|turn|1\n|inactive|Battle timer is ON: inactive players will automatically lose when time's up. (requested by Kantet)\n|\n|t:|1782790173\n|-terastallize|p2a: Vileplume|Steel\n|move|p1a: Jirachi|Stealth Rock|p2a: Vileplume\n|-sidestart|p2: Kantet|move: Stealth Rock\n|move|p2a: Vileplume|Leech Seed|p1a: Jirachi\n|-start|p1a: Jirachi|move: Leech Seed\n|\n|-damage|p1a: Jirachi|255/291|[from] Leech Seed|[of] p2a: Vileplume\n|upkeep\n|turn|2\n|\n|t:|1782790194\n|move|p1a: Jirachi|Drain Punch|p2a: Vileplume\n|-supereffective|p2a: Vileplume\n|-damage|p2a: Vileplume|158/266\n|-heal|p1a: Jirachi|291/291|[from] drain|[of] p2a: Vileplume\n|move|p2a: Vileplume|Strength Sap|p1a: Jirachi\n|-unboost|p1a: Jirachi|atk|1\n|-heal|p2a: Vileplume|266/266\n|\n|-damage|p1a: Jirachi|255/291|[from] Leech Seed|[of] p2a: Vileplume\n|upkeep\n|turn|3\n|\n|t:|1782790213\n|move|p1a: Jirachi|Body Slam|p2a: Vileplume\n|-resisted|p2a: Vileplume\n|-damage|p2a: Vileplume|248/266\n|-status|p2a: Vileplume|par\n|cant|p2a: Vileplume|par\n|\n|-heal|p1a: Jirachi|273/291|[from] item: Leftovers\n|-heal|p2a: Vileplume|264/266 par|[from] item: Leftovers\n|-damage|p1a: Jirachi|237/291|[from] Leech Seed|[of] p2a: Vileplume\n|-heal|p2a: Vileplume|266/266 par|[silent]\n|upkeep\n|turn|4\n|\n|t:|1782790226\n|move|p1a: Jirachi|Drain Punch|p2a: Vileplume\n|-supereffective|p2a: Vileplume\n|-damage|p2a: Vileplume|194/266 par\n|-heal|p1a: Jirachi|273/291|[from] drain|[of] p2a: Vileplume\n|-status|p1a: Jirachi|slp|[from] ability: Effect Spore|[of] p2a: Vileplume\n|move|p2a: Vileplume|Giga Drain|p1a: Jirachi\n|-resisted|p1a: Jirachi\n|-damage|p1a: Jirachi|234/291 slp\n|-heal|p2a: Vileplume|214/266 par|[from] drain|[of] p1a: Jirachi\n|\n|-heal|p1a: Jirachi|252/291 slp|[from] item: Leftovers\n|-heal|p2a: Vileplume|230/266 par|[from] item: Leftovers\n|-damage|p1a: Jirachi|216/291 slp|[from] Leech Seed|[of] p2a: Vileplume\n|-heal|p2a: Vileplume|266/266 par|[silent]\n|upkeep\n|turn|5\n|inactive|fercho117 has 120 seconds left.\n|\n|t:|1782790242\n|cant|p1a: Jirachi|slp\n|cant|p2a: Vileplume|par\n|\n|-heal|p1a: Jirachi|234/291 slp|[from] item: Leftovers\n|-damage|p1a: Jirachi|198/291 slp|[from] Leech Seed|[of] p2a: Vileplume\n|upkeep\n|turn|6\n|\n|t:|1782790251\n|cant|p1a: Jirachi|slp\n|cant|p2a: Vileplume|par\n|\n|-heal|p1a: Jirachi|216/291 slp|[from] item: Leftovers\n|-damage|p1a: Jirachi|180/291 slp|[from] Leech Seed|[of] p2a: Vileplume\n|upkeep\n|turn|7\n|c|\u2606Kantet|pelea de invalidos\n|c|\u2606Kantet|XD\n|\n|t:|1782790260\n|-curestatus|p1a: Jirachi|slp|[msg]\n|move|p1a: Jirachi|Drain Punch|p2a: Vileplume\n|-supereffective|p2a: Vileplume\n|-damage|p2a: Vileplume|194/266 par\n|-heal|p1a: Jirachi|216/291|[from] drain|[of] p2a: Vileplume\n|cant|p2a: Vileplume|par\n|\n|-heal|p1a: Jirachi|234/291|[from] item: Leftovers\n|-heal|p2a: Vileplume|210/266 par|[from] item: Leftovers\n|-damage|p1a: Jirachi|198/291|[from] Leech Seed|[of] p2a: Vileplume\n|-heal|p2a: Vileplume|246/266 par|[silent]\n|upkeep\n|turn|8\n|\n|t:|1782790275\n|move|p1a: Jirachi|Drain Punch|p2a: Vileplume\n|-supereffective|p2a: Vileplume\n|-damage|p2a: Vileplume|182/266 par\n|-heal|p1a: Jirachi|230/291|[from] drain|[of] p2a: Vileplume\n|move|p2a: Vileplume|Giga Drain|p1a: Jirachi\n|-resisted|p1a: Jirachi\n|-damage|p1a: Jirachi|186/291\n|-heal|p2a: Vileplume|204/266 par|[from] drain|[of] p1a: Jirachi\n|\n|-heal|p1a: Jirachi|204/291|[from] item: Leftovers\n|-heal|p2a: Vileplume|220/266 par|[from] item: Leftovers\n|-damage|p1a: Jirachi|168/291|[from] Leech Seed|[of] p2a: Vileplume\n|-heal|p2a: Vileplume|256/266 par|[silent]\n|upkeep\n|turn|9\n|inactive|fercho117 has 120 seconds left.\n|\n|t:|1782790301\n|switch|p1a: Seviper|Seviper, L93, M|287/287\n|cant|p2a: Vileplume|par\n|\n|-heal|p2a: Vileplume|266/266 par|[from] item: Leftovers\n|upkeep\n|turn|10\n|inactive|fercho117 has 120 seconds left.\n|\n|t:|1782790316\n|move|p1a: Seviper|Knock Off|p2a: Vileplume\n|-damage|p2a: Vileplume|179/266 par\n|-enditem|p2a: Vileplume|Leftovers|[from] move: Knock Off|[of] p1a: Seviper\n|cant|p2a: Vileplume|par\n|\n|upkeep\n|turn|11\n|inactive|fercho117 has 120 seconds left.\n|\n|t:|1782790327\n|move|p1a: Seviper|Knock Off|p2a: Vileplume\n|-damage|p2a: Vileplume|121/266 par\n|move|p2a: Vileplume|Leech Seed|p1a: Seviper\n|-start|p1a: Seviper|move: Leech Seed\n|\n|-damage|p1a: Seviper|252/287|[from] Leech Seed|[of] p2a: Vileplume\n|-heal|p2a: Vileplume|156/266 par|[silent]\n|upkeep\n|turn|12\n|inactive|fercho117 has 120 seconds left.\n|\n|t:|1782790337\n|move|p1a: Seviper|Knock Off|p2a: Vileplume\n|-damage|p2a: Vileplume|98/266 par\n|move|p2a: Vileplume|Strength Sap|p1a: Seviper\n|-unboost|p1a: Seviper|atk|1\n|-heal|p2a: Vileplume|266/266 par\n|\n|-damage|p1a: Seviper|217/287|[from] Leech Seed|[of] p2a: Vileplume\n|upkeep\n|turn|13\n|inactive|fercho117 has 120 seconds left.\n|\n|t:|1782790352\n|move|p1a: Seviper|Knock Off|p2a: Vileplume\n|-damage|p2a: Vileplume|224/266 par\n|move|p2a: Vileplume|Sludge Bomb|p1a: Seviper\n|-resisted|p1a: Seviper\n|-damage|p1a: Seviper|147/287\n|\n|-damage|p1a: Seviper|112/287|[from] Leech Seed|[of] p2a: Vileplume\n|-heal|p2a: Vileplume|259/266 par|[silent]\n|upkeep\n|turn|14\n|inactive|fercho117 has 120 seconds left.\n|\n|t:|1782790367\n|switch|p1a: Jirachi|Jirachi, L80|168/291\n|move|p2a: Vileplume|Giga Drain|p1a: Jirachi\n|-resisted|p1a: Jirachi\n|-damage|p1a: Jirachi|123/291\n|-heal|p2a: Vileplume|266/266 par|[from] drain|[of] p1a: Jirachi\n|\n|-heal|p1a: Jirachi|141/291|[from] item: Leftovers\n|upkeep\n|turn|15\n|inactive|fercho117 has 120 seconds left.\n|\n|t:|1782790377\n|move|p1a: Jirachi|Drain Punch|p2a: Vileplume\n|-supereffective|p2a: Vileplume\n|-damage|p2a: Vileplume|170/266 par\n|-heal|p1a: Jirachi|189/291|[from] drain|[of] p2a: Vileplume\n|-status|p1a: Jirachi|slp|[from] ability: Effect Spore|[of] p2a: Vileplume\n|cant|p2a: Vileplume|par\n|\n|-heal|p1a: Jirachi|207/291 slp|[from] item: Leftovers\n|upkeep\n|turn|16\n|inactive|fercho117 has 120 seconds left.\n|\n|t:|1782790389\n|switch|p1a: Seviper|Seviper, L93, M|112/287\n|move|p2a: Vileplume|Leech Seed|p1a: Seviper\n|-start|p1a: Seviper|move: Leech Seed\n|\n|-damage|p1a: Seviper|77/287|[from] Leech Seed|[of] p2a: Vileplume\n|-heal|p2a: Vileplume|205/266 par|[silent]\n|upkeep\n|turn|17\n|inactive|fercho117 has 120 seconds left.\n|\n|t:|1782790398\n|move|p1a: Seviper|Flamethrower|p2a: Vileplume\n|-supereffective|p2a: Vileplume\n|-damage|p2a: Vileplume|51/266 par\n|move|p2a: Vileplume|Giga Drain|p1a: Seviper\n|-resisted|p1a: Seviper\n|-damage|p1a: Seviper|26/287\n|-heal|p2a: Vileplume|77/266 par|[from] drain|[of] p1a: Seviper\n|\n|-damage|p1a: Seviper|0 fnt|[from] Leech Seed|[of] p2a: Vileplume\n|-heal|p2a: Vileplume|103/266 par|[silent]\n|faint|p1a: Seviper\n|upkeep\n|inactive|fercho117 has 120 seconds left.\n|\n|t:|1782790415\n|switch|p1a: Sudowoodo|Sudowoodo, L94, M|284/284\n|turn|18\n|\n|t:|1782790426\n|move|p1a: Sudowoodo|Earthquake|p2a: Vileplume\n|-supereffective|p2a: Vileplume\n|-damage|p2a: Vileplume|0 fnt\n|faint|p2a: Vileplume\n|\n|upkeep\n|\n|t:|1782790433\n|switch|p2a: Phione|Phione, L91|293/293\n|-damage|p2a: Phione|257/293|[from] Stealth Rock\n|turn|19\n|inactive|fercho117 has 120 seconds left.\n|\n|t:|1782790447\n|-terastallize|p1a: Sudowoodo|Grass\n|move|p2a: Phione|Scald|p1a: Sudowoodo\n|-resisted|p1a: Sudowoodo\n|-damage|p1a: Sudowoodo|234/284\n|move|p1a: Sudowoodo|Earthquake|p2a: Phione\n|-damage|p2a: Phione|131/293\n|\n|-heal|p2a: Phione|149/293|[from] item: Leftovers\n|upkeep\n|turn|20\n|inactive|fercho117 has 120 seconds left.\n|\n|t:|1782790475\n|switch|p1a: Jirachi|Jirachi, L80|207/291 slp\n|move|p2a: Phione|Take Heart|p2a: Phione\n|-boost|p2a: Phione|spa|1\n|-boost|p2a: Phione|spd|1\n|\n|-heal|p1a: Jirachi|225/291 slp|[from] item: Leftovers\n|-heal|p2a: Phione|167/293|[from] item: Leftovers\n|upkeep\n|turn|21\n|inactive|fercho117 has 120 seconds left.\n|\n|t:|1782790491\n|cant|p1a: Jirachi|slp\n|move|p2a: Phione|Take Heart|p2a: Phione\n|-boost|p2a: Phione|spa|1\n|-boost|p2a: Phione|spd|1\n|\n|-heal|p1a: Jirachi|243/291 slp|[from] item: Leftovers\n|-heal|p2a: Phione|185/293|[from] item: Leftovers\n|upkeep\n|turn|22\n|\n|t:|1782790501\n|-curestatus|p1a: Jirachi|slp|[msg]\n|move|p1a: Jirachi|Body Slam|p2a: Phione\n|-damage|p2a: Phione|130/293\n|move|p2a: Phione|Take Heart|p2a: Phione\n|-boost|p2a: Phione|spa|1\n|-boost|p2a: Phione|spd|1\n|\n|-heal|p1a: Jirachi|261/291|[from] item: Leftovers\n|-heal|p2a: Phione|148/293|[from] item: Leftovers\n|upkeep\n|turn|23\n|inactive|fercho117 has 120 seconds left.\n|\n|t:|1782790516\n|move|p1a: Jirachi|Drain Punch|p2a: Phione\n|-crit|p2a: Phione\n|-damage|p2a: Phione|78/293\n|-heal|p1a: Jirachi|291/291|[from] drain|[of] p2a: Phione\n|move|p2a: Phione|Scald|p1a: Jirachi\n|-damage|p1a: Jirachi|102/291\n|-status|p1a: Jirachi|brn\n|\n|-heal|p1a: Jirachi|120/291 brn|[from] item: Leftovers\n|-heal|p2a: Phione|96/293|[from] item: Leftovers\n|-damage|p1a: Jirachi|102/291 brn|[from] brn\n|upkeep\n|turn|24\n|inactive|fercho117 has 120 seconds left.\n|\n|t:|1782790529\n|move|p1a: Jirachi|Drain Punch|p2a: Phione\n|-damage|p2a: Phione|73/293\n|-heal|p1a: Jirachi|114/291 brn|[from] drain|[of] p2a: Phione\n|move|p2a: Phione|Rest|p2a: Phione\n|-status|p2a: Phione|slp|[from] move: Rest\n|-heal|p2a: Phione|293/293 slp|[silent]\n|\n|-heal|p1a: Jirachi|132/291 brn|[from] item: Leftovers\n|-damage|p1a: Jirachi|114/291 brn|[from] brn\n|upkeep\n|turn|25\n|inactive|fercho117 has 120 seconds left.\n|\n|t:|1782790545\n|switch|p1a: Sudowoodo|Sudowoodo, L94, M, tera:Grass|234/284\n|cant|p2a: Phione|slp\n|move|p2a: Phione|Sleep Talk|p2a: Phione\n|move|p2a: Phione|Scald|p1a: Sudowoodo|[from] move: Sleep Talk\n|-resisted|p1a: Sudowoodo\n|-crit|p1a: Sudowoodo\n|-damage|p1a: Sudowoodo|62/284\n|-status|p1a: Sudowoodo|brn\n|\n|-damage|p1a: Sudowoodo|45/284 brn|[from] brn\n|upkeep\n|turn|26\n|\n|t:|1782790562\n|cant|p2a: Phione|slp\n|move|p2a: Phione|Sleep Talk|p2a: Phione\n|move|p2a: Phione|Take Heart|p2a: Phione|[from] move: Sleep Talk\n|-boost|p2a: Phione|spa|1\n|-boost|p2a: Phione|spd|1\n|-curestatus|p2a: Phione|slp|[msg]\n|move|p1a: Sudowoodo|Wood Hammer|p2a: Phione\n|-supereffective|p2a: Phione\n|-damage|p2a: Phione|47/293\n|\n|-heal|p2a: Phione|65/293|[from] item: Leftovers\n|-damage|p1a: Sudowoodo|28/284 brn|[from] brn\n|upkeep\n|turn|27\n|\n|t:|1782790578\n|move|p2a: Phione|Scald|p1a: Sudowoodo\n|-resisted|p1a: Sudowoodo\n|-damage|p1a: Sudowoodo|0 fnt\n|faint|p1a: Sudowoodo\n|\n|-heal|p2a: Phione|83/293|[from] item: Leftovers\n|upkeep\n|\n|t:|1782790586\n|switch|p1a: Jirachi|Jirachi, L80|114/291 brn\n|turn|28\n|\n|t:|1782790597\n|move|p1a: Jirachi|Body Slam|p2a: Phione\n|-crit|p2a: Phione\n|-damage|p2a: Phione|41/293\n|move|p2a: Phione|Rest|p2a: Phione\n|-status|p2a: Phione|slp|[from] move: Rest\n|-heal|p2a: Phione|293/293 slp|[silent]\n|\n|-heal|p1a: Jirachi|132/291 brn|[from] item: Leftovers\n|-damage|p1a: Jirachi|114/291 brn|[from] brn\n|upkeep\n|turn|29\n|\n|t:|1782790610\n|move|p1a: Jirachi|Drain Punch|p2a: Phione\n|-damage|p2a: Phione|268/293 slp\n|-heal|p1a: Jirachi|127/291 brn|[from] drain|[of] p2a: Phione\n|cant|p2a: Phione|slp\n|move|p2a: Phione|Sleep Talk|p2a: Phione\n|move|p2a: Phione|Scald|p1a: Jirachi|[from] move: Sleep Talk\n|-damage|p1a: Jirachi|0 fnt\n|faint|p1a: Jirachi\n|\n|-heal|p2a: Phione|286/293 slp|[from] item: Leftovers\n|upkeep\n|inactive|fercho117 has 90 seconds left.\n|\n|t:|1782790628\n|switch|p1a: Ludicolo|Ludicolo, L90, M|290/290\n|turn|30\n|\n|t:|1782790636\n|cant|p2a: Phione|slp\n|move|p2a: Phione|Sleep Talk|p2a: Phione\n|move|p2a: Phione|Scald|p1a: Ludicolo|[from] move: Sleep Talk\n|-resisted|p1a: Ludicolo\n|-damage|p1a: Ludicolo|235/290\n|move|p1a: Ludicolo|Giga Drain|p2a: Phione\n|-supereffective|p2a: Phione\n|-damage|p2a: Phione|205/293 slp\n|-heal|p1a: Ludicolo|276/290|[from] drain|[of] p2a: Phione\n|-damage|p1a: Ludicolo|247/290|[from] item: Life Orb\n|\n|-heal|p2a: Phione|223/293 slp|[from] item: Leftovers\n|upkeep\n|turn|31\n|inactive|fercho117 has 90 seconds left.\n|\n|t:|1782790656\n|-curestatus|p2a: Phione|slp|[msg]\n|move|p2a: Phione|Sleep Talk||[still]\n|-fail|p2a: Phione\n|move|p1a: Ludicolo|Giga Drain|p2a: Phione\n|-supereffective|p2a: Phione\n|-damage|p2a: Phione|150/293\n|-heal|p1a: Ludicolo|284/290|[from] drain|[of] p2a: Phione\n|-damage|p1a: Ludicolo|255/290|[from] item: Life Orb\n|\n|-heal|p2a: Phione|168/293|[from] item: Leftovers\n|upkeep\n|turn|32\n|inactive|fercho117 has 90 seconds left.\n|\n|t:|1782790669\n|move|p2a: Phione|Scald|p1a: Ludicolo\n|-resisted|p1a: Ludicolo\n|-damage|p1a: Ludicolo|204/290\n|move|p1a: Ludicolo|Giga Drain|p2a: Phione\n|-supereffective|p2a: Phione\n|-damage|p2a: Phione|87/293\n|-heal|p1a: Ludicolo|245/290|[from] drain|[of] p2a: Phione\n|-damage|p1a: Ludicolo|216/290|[from] item: Life Orb\n|\n|-heal|p2a: Phione|105/293|[from] item: Leftovers\n|upkeep\n|turn|33\n|inactive|fercho117 has 90 seconds left.\n|\n|t:|1782790684\n|move|p2a: Phione|Take Heart|p2a: Phione\n|-boost|p2a: Phione|spa|1\n|-boost|p2a: Phione|spd|1\n|move|p1a: Ludicolo|Giga Drain|p2a: Phione\n|-supereffective|p2a: Phione\n|-damage|p2a: Phione|40/293\n|-heal|p1a: Ludicolo|249/290|[from] drain|[of] p2a: Phione\n|-damage|p1a: Ludicolo|220/290|[from] item: Life Orb\n|\n|-heal|p2a: Phione|58/293|[from] item: Leftovers\n|upkeep\n|turn|34\n|inactive|fercho117 has 90 seconds left.\n|\n|t:|1782790697\n|move|p2a: Phione|Rest|p2a: Phione\n|-status|p2a: Phione|slp|[from] move: Rest\n|-heal|p2a: Phione|293/293 slp|[silent]\n|move|p1a: Ludicolo|Giga Drain|p2a: Phione\n|-supereffective|p2a: Phione\n|-damage|p2a: Phione|228/293 slp\n|-heal|p1a: Ludicolo|253/290|[from] drain|[of] p2a: Phione\n|-damage|p1a: Ludicolo|224/290|[from] item: Life Orb\n|\n|-heal|p2a: Phione|246/293 slp|[from] item: Leftovers\n|upkeep\n|turn|35\n|c|\u2606fercho117|Mucho MLP\n|inactive|fercho117 has 90 seconds left.\n|\n|t:|1782790715\n|cant|p2a: Phione|slp\n|move|p2a: Phione|Sleep Talk|p2a: Phione\n|move|p2a: Phione|Scald|p1a: Ludicolo|[from] move: Sleep Talk\n|-resisted|p1a: Ludicolo\n|-damage|p1a: Ludicolo|156/290\n|move|p1a: Ludicolo|Giga Drain|p2a: Phione\n|-supereffective|p2a: Phione\n|-damage|p2a: Phione|184/293 slp\n|-heal|p1a: Ludicolo|187/290|[from] drain|[of] p2a: Phione\n|-damage|p1a: Ludicolo|158/290|[from] item: Life Orb\n|\n|-heal|p2a: Phione|202/293 slp|[from] item: Leftovers\n|upkeep\n|turn|36\n|c|\u2606Kantet|esta asquerosisimo este set\n|c|\u2606Kantet|jasjasajsasj\n|inactive|fercho117 has 90 seconds left.\n|\n|t:|1782790732\n|cant|p2a: Phione|slp\n|move|p2a: Phione|Sleep Talk|p2a: Phione\n|move|p2a: Phione|Rest||[from] move: Sleep Talk|[still]\n|-fail|p2a: Phione\n|move|p1a: Ludicolo|Giga Drain|p2a: Phione\n|-supereffective|p2a: Phione\n|-damage|p2a: Phione|140/293 slp\n|-heal|p1a: Ludicolo|189/290|[from] drain|[of] p2a: Phione\n|-damage|p1a: Ludicolo|160/290|[from] item: Life Orb\n|\n|-heal|p2a: Phione|158/293 slp|[from] item: Leftovers\n|upkeep\n|turn|37\n|\n|t:|1782790746\n|-curestatus|p2a: Phione|slp|[msg]\n|move|p2a: Phione|Sleep Talk||[still]\n|-fail|p2a: Phione\n|move|p1a: Ludicolo|Giga Drain|p2a: Phione\n|-supereffective|p2a: Phione\n|-damage|p2a: Phione|93/293\n|-heal|p1a: Ludicolo|193/290|[from] drain|[of] p2a: Phione\n|-damage|p1a: Ludicolo|164/290|[from] item: Life Orb\n|\n|-heal|p2a: Phione|111/293|[from] item: Leftovers\n|upkeep\n|turn|38\n|\n|t:|1782790760\n|move|p2a: Phione|Rest|p2a: Phione\n|-status|p2a: Phione|slp|[from] move: Rest\n|-heal|p2a: Phione|293/293 slp|[silent]\n|move|p1a: Ludicolo|Giga Drain|p2a: Phione\n|-supereffective|p2a: Phione\n|-damage|p2a: Phione|231/293 slp\n|-heal|p1a: Ludicolo|195/290|[from] drain|[of] p2a: Phione\n|-damage|p1a: Ludicolo|166/290|[from] item: Life Orb\n|\n|-heal|p2a: Phione|249/293 slp|[from] item: Leftovers\n|upkeep\n|turn|39\n|\n|t:|1782790782\n|cant|p2a: Phione|slp\n|move|p2a: Phione|Sleep Talk|p2a: Phione\n|move|p2a: Phione|Scald|p1a: Ludicolo|[from] move: Sleep Talk\n|-resisted|p1a: Ludicolo\n|-damage|p1a: Ludicolo|107/290\n|-status|p1a: Ludicolo|brn\n|move|p1a: Ludicolo|Giga Drain|p2a: Phione\n|-supereffective|p2a: Phione\n|-damage|p2a: Phione|179/293 slp\n|-heal|p1a: Ludicolo|142/290 brn|[from] drain|[of] p2a: Phione\n|-damage|p1a: Ludicolo|113/290 brn|[from] item: Life Orb\n|\n|-heal|p2a: Phione|197/293 slp|[from] item: Leftovers\n|-damage|p1a: Ludicolo|95/290 brn|[from] brn\n|upkeep\n|turn|40\n|inactive|fercho117 has 60 seconds left.\n|\n|t:|1782790807\n|cant|p2a: Phione|slp\n|move|p2a: Phione|Sleep Talk|p2a: Phione\n|move|p2a: Phione|Rest||[from] move: Sleep Talk|[still]\n|-fail|p2a: Phione\n|move|p1a: Ludicolo|Giga Drain|p2a: Phione\n|-supereffective|p2a: Phione\n|-damage|p2a: Phione|135/293 slp\n|-heal|p1a: Ludicolo|126/290 brn|[from] drain|[of] p2a: Phione\n|-damage|p1a: Ludicolo|97/290 brn|[from] item: Life Orb\n|\n|-heal|p2a: Phione|153/293 slp|[from] item: Leftovers\n|-damage|p1a: Ludicolo|79/290 brn|[from] brn\n|upkeep\n|turn|41\n|inactive|fercho117 has 60 seconds left.\n|\n|t:|1782790827\n|-curestatus|p2a: Phione|slp|[msg]\n|move|p2a: Phione|Rest|p2a: Phione\n|-status|p2a: Phione|slp|[from] move: Rest\n|-heal|p2a: Phione|293/293 slp|[silent]\n|move|p1a: Ludicolo|Giga Drain|p2a: Phione\n|-supereffective|p2a: Phione\n|-damage|p2a: Phione|223/293 slp\n|-heal|p1a: Ludicolo|114/290 brn|[from] drain|[of] p2a: Phione\n|-damage|p1a: Ludicolo|85/290 brn|[from] item: Life Orb\n|\n|-heal|p2a: Phione|241/293 slp|[from] item: Leftovers\n|-damage|p1a: Ludicolo|67/290 brn|[from] brn\n|upkeep\n|turn|42\n|inactive|fercho117 has 60 seconds left.\n|c|\u2606fercho117|Perro hdp camper\n|c|\u2606Kantet|solo me quedan 3 rest\n|\n|t:|1782790852\n|cant|p2a: Phione|slp\n|move|p2a: Phione|Sleep Talk|p2a: Phione\n|move|p2a: Phione|Take Heart|p2a: Phione|[from] move: Sleep Talk\n|-boost|p2a: Phione|spa|1\n|-boost|p2a: Phione|spd|1\n|-curestatus|p2a: Phione|slp|[msg]\n|move|p1a: Ludicolo|Ice Beam|p2a: Phione\n|-resisted|p2a: Phione\n|-damage|p2a: Phione|229/293\n|-damage|p1a: Ludicolo|38/290 brn|[from] item: Life Orb\n|\n|-heal|p2a: Phione|247/293|[from] item: Leftovers\n|-damage|p1a: Ludicolo|20/290 brn|[from] brn\n|upkeep\n|turn|43\n|c|\u2606Kantet|tu puedes\n|\n|t:|1782790870\n|move|p2a: Phione|Scald|p1a: Ludicolo\n|-resisted|p1a: Ludicolo\n|-damage|p1a: Ludicolo|0 fnt\n|faint|p1a: Ludicolo\n|\n|-heal|p2a: Phione|265/293|[from] item: Leftovers\n|upkeep\n|\n|t:|1782790878\n|switch|p1a: Sceptile|Sceptile, L87, M|264/264\n|turn|44\n|\n|t:|1782790886\n|move|p1a: Sceptile|Leech Seed|p2a: Phione\n|-start|p2a: Phione|move: Leech Seed\n|move|p2a: Phione|Scald|p1a: Sceptile\n|-resisted|p1a: Sceptile\n|-damage|p1a: Sceptile|110/264\n|\n|-heal|p1a: Sceptile|126/264|[from] item: Leftovers\n|-heal|p2a: Phione|283/293|[from] item: Leftovers\n|-damage|p2a: Phione|247/293|[from] Leech Seed|[of] p1a: Sceptile\n|-heal|p1a: Sceptile|162/264|[silent]\n|upkeep\n|turn|45\n|\n|t:|1782790904\n|move|p1a: Sceptile|Giga Drain|p2a: Phione\n|-supereffective|p2a: Phione\n|-damage|p2a: Phione|199/293\n|-heal|p1a: Sceptile|186/264|[from] drain|[of] p2a: Phione\n|move|p2a: Phione|Scald|p1a: Sceptile\n|-resisted|p1a: Sceptile\n|-damage|p1a: Sceptile|24/264\n|-status|p1a: Sceptile|brn\n|\n|-heal|p1a: Sceptile|40/264 brn|[from] item: Leftovers\n|-heal|p2a: Phione|217/293|[from] item: Leftovers\n|-damage|p2a: Phione|181/293|[from] Leech Seed|[of] p1a: Sceptile\n|-heal|p1a: Sceptile|76/264 brn|[silent]\n|-damage|p1a: Sceptile|60/264 brn|[from] brn\n|upkeep\n|turn|46\n|c|\u2606Kantet|lo peor es que el equipo que me queda es similar\n|inactive|fercho117 has 30 seconds left.\n|\n|t:|1782790924\n|move|p1a: Sceptile|Giga Drain|p2a: Phione\n|-supereffective|p2a: Phione\n|-damage|p2a: Phione|113/293\n|-heal|p1a: Sceptile|94/264 brn|[from] drain|[of] p2a: Phione\n|move|p2a: Phione|Scald|p1a: Sceptile\n|-resisted|p1a: Sceptile\n|-damage|p1a: Sceptile|0 fnt\n|faint|p1a: Sceptile\n|\n|-heal|p2a: Phione|131/293|[from] item: Leftovers\n|upkeep\n|inactive|fercho117 has 30 seconds left.\n|inactive|fercho117 has 20 seconds left.\n|c|\u2606fercho117|Perro hp\n|inactive|fercho117 has 15 seconds left.\n|\n|t:|1782790945\n|switch|p1a: Kyogre|Kyogre, L71|259/259\n|-weather|RainDance|[from] ability: Drizzle|[of] p1a: Kyogre\n|turn|47\n|inactive|fercho117 has 25 seconds left this turn.\n|inactive|fercho117 has 20 seconds left.\n|\n|t:|1782790952\n|move|p1a: Kyogre|Thunder|p2a: Phione\n|-supereffective|p2a: Phione\n|-damage|p2a: Phione|87/293\n|move|p2a: Phione|Scald|p1a: Kyogre\n|-resisted|p1a: Kyogre\n|-damage|p1a: Kyogre|68/259\n|\n|-weather|RainDance|[upkeep]\n|-heal|p2a: Phione|105/293|[from] item: Leftovers\n|-damage|p2a: Phione|69/293|[from] Leech Seed|[of] p1a: Kyogre\n|-heal|p1a: Kyogre|104/259|[silent]\n|upkeep\n|turn|48\n|inactive|fercho117 has 30 seconds left this turn.\n|inactive|fercho117 has 20 seconds left.\n|c|\u2606Kantet|XD\n|inactive|fercho117 has 15 seconds left.\n|c|\u2606Kantet|pense me mataba ese trueno\n|inactive|fercho117 has 10 seconds left.\n|inactive|fercho117 has 5 seconds left.\n|\n|t:|1782790981\n|move|p1a: Kyogre|Thunder|p2a: Phione\n|-supereffective|p2a: Phione\n|-damage|p2a: Phione|29/293\n|move|p2a: Phione|Scald|p1a: Kyogre\n|-resisted|p1a: Kyogre\n|-crit|p1a: Kyogre\n|-damage|p1a: Kyogre|0 fnt\n|faint|p1a: Kyogre\n|\n|win|Kantet\n", "inputlog": ">version f8ac14003a5f27e1bdc8d8c59608a773c1cb96e5\n>start {\"formatid\":\"gen9randombattle\",\"seed\":\"sodium,3c11272160df3a355a3239db29ae72b2\",\"rated\":\"Rated battle\"}\n>player p1 {\"name\":\"fercho117\",\"avatar\":\"266\",\"rating\":1172,\"seed\":\"sodium,a3c695432dc8097bbb7c96cd2e613963\"}\n>player p2 {\"name\":\"Kantet\",\"avatar\":\"1\",\"rating\":1221,\"seed\":\"sodium,f79287e685d3d0bf892cb14eec3f51dc\"}\n>p1 move stealthrock\n>p2 move leechseed terastallize\n>p1 move drainpunch\n>p2 move strengthsap\n>p1 move bodyslam\n>p2 move gigadrain\n>p1 move drainpunch\n>p2 move gigadrain\n>p1 move drainpunch\n>p2 move gigadrain\n>p1 move drainpunch\n>p2 move gigadrain\n>chat \u2606Kantet|pelea de invalidos\n>chat \u2606Kantet|XD\n>p1 move drainpunch\n>p2 move gigadrain\n>p1 move drainpunch\n>p2 move gigadrain\n>p1 switch 3\n>p2 move gigadrain\n>p1 move knockoff\n>p2 move leechseed\n>p1 move knockoff\n>p2 move leechseed\n>p1 move knockoff\n>p2 move strengthsap\n>p1 move knockoff\n>p2 move sludgebomb\n>p1 switch 3\n>p2 move gigadrain\n>p1 move drainpunch\n>p2 move leechseed\n>p1 switch 3\n>p2 move leechseed\n>p1 move flamethrower\n>p2 move gigadrain\n>p1 switch 2\n>p1 move earthquake\n>p2 move gigadrain\n>p2 switch 3\n>p1 move earthquake terastallize\n>p2 move scald\n>p1 switch 3\n>p2 move takeheart\n>p1 move bodyslam\n>p2 move takeheart\n>p1 move bodyslam\n>p2 move takeheart\n>p1 move drainpunch\n>p2 move scald\n>p1 move drainpunch\n>p2 move rest\n>p1 switch 3\n>p2 move sleeptalk\n>p1 move woodhammer\n>p2 move sleeptalk\n>p1 move woodhammer\n>p2 move scald\n>p1 switch 3\n>p1 move bodyslam\n>p2 move rest\n>p1 move drainpunch\n>p2 move sleeptalk\n>p1 switch 4\n>p1 move gigadrain\n>p2 move sleeptalk\n>p1 move gigadrain\n>p2 move sleeptalk\n>p1 move gigadrain\n>p2 move scald\n>p1 move gigadrain\n>p2 move takeheart\n>p1 move gigadrain\n>p2 move rest\n>chat \u2606fercho117|Mucho MLP\n>p1 move gigadrain\n>p2 move sleeptalk\n>chat \u2606Kantet|esta asquerosisimo este set\n>chat \u2606Kantet|jasjasajsasj\n>p1 move gigadrain\n>p2 move sleeptalk\n>p1 move gigadrain\n>p2 move sleeptalk\n>p1 move gigadrain\n>p2 move rest\n>p1 move gigadrain\n>p2 move sleeptalk\n>p1 move gigadrain\n>p2 move sleeptalk\n>p1 move gigadrain\n>p2 move rest\n>chat \u2606fercho117|Perro hdp camper\n>chat \u2606Kantet|solo me quedan 3 rest\n>p1 move icebeam\n>p2 move sleeptalk\n>chat \u2606Kantet|tu puedes\n>p1 move gigadrain\n>p2 move scald\n>p1 switch 6\n>p1 move leechseed\n>p2 move scald\n>p1 move gigadrain\n>p2 move scald\n>chat \u2606Kantet|lo peor es que el equipo que me queda es similar\n>p1 move gigadrain\n>p2 move scald\n>chat \u2606fercho117|Perro hp\n>p1 switch 5\n>p1 move thunder\n>p2 move scald\n>chat \u2606Kantet|XD\n>chat \u2606Kantet|pense me mataba ese trueno\n>p1 move thunder\n>p2 move scald", "uploadtime": 1782790846, "views": 2, "formatid": "gen9randombattle", "rating": null, "private": 0, "password": null, "player_dets": [{"name": "fercho117", "avatar": "266", "rating": 1172, "seed": "sodium,a3c695432dc8097bbb7c96cd2e613963"}, {"name": "Kantet", "avatar": "1", "rating": 1221, "seed": "sodium,f79287e685d3d0bf892cb14eec3f51dc"}], "teams_full": [{"Jirachi": {"name": "Jirachi", "species": "Jirachi", "speciesId": "jirachi", "gender": "N", "shiny": false, "level": 80, "moves": ["ironhead", "drainpunch", "bodyslam", "stealthrock"], "ability": "Serene Grace", "evs": {"hp": 85, "atk": 85, "def": 85, "spa": 85, "spd": 85, "spe": 85}, "ivs": {"hp": 31, "atk": 31, "def": 31, "spa": 31, "spd": 31, "spe": 31}, "item": "Leftovers", "teraType": "Water", "role": "Bulky Attacker", "bvs": {"hp": 100, "atk": 100, "def": 100, "spa": 100, "spd": 100, "spe": 100}, "stats": {"hp": 291, "atk": 206, "def": 206, "spa": 206, "spd": 206, "spe": 206}, "types": ["Steel", "Psychic"]}, "Sudowoodo": {"name": "Sudowoodo", "species": "Sudowoodo", "speciesId": "sudowoodo", "gender": "M", "shiny": false, "level": 94, "moves": ["headsmash", "suckerpunch", "woodhammer", "earthquake"], "ability": "Rock Head", "evs": {"hp": 85, "atk": 85, "def": 85, "spa": 85, "spd": 85, "spe": 85}, "ivs": {"hp": 31, "atk": 31, "def": 31, "spa": 31, "spd": 31, "spe": 31}, "item": "Choice Band", "teraType": "Grass", "role": "Bulky Attacker", "bvs": {"hp": 70, "atk": 100, "def": 115, "spa": 30, "spd": 65, "spe": 30}, "stats": {"hp": 284, "atk": 241, "def": 270, "spa": 110, "spd": 176, "spe": 110}, "types": ["Rock"]}, "Seviper": {"name": "Seviper", "species": "Seviper", "speciesId": "seviper", "gender": "M", "shiny": false, "level": 93, "moves": ["switcheroo", "knockoff", "gunkshot", "flamethrower"], "ability": "Infiltrator", "evs": {"hp": 85, "atk": 85, "def": 85, "spa": 85, "spd": 85, "spe": 85}, "ivs": {"hp": 31, "atk": 31, "def": 31, "spa": 31, "spd": 31, "spe": 31}, "item": "Choice Scarf", "teraType": "Fire", "role": "Fast Attacker", "bvs": {"hp": 73, "atk": 100, "def": 60, "spa": 100, "spd": 60, "spe": 65}, "stats": {"hp": 287, "atk": 239, "def": 164, "spa": 239, "spd": 164, "spe": 174}, "types": ["Poison"]}, "Ludicolo": {"name": "Ludicolo", "species": "Ludicolo", "speciesId": "ludicolo", "gender": "M", "shiny": false, "level": 90, "moves": ["gigadrain", "hydropump", "raindance", "icebeam"], "ability": "Swift Swim", "evs": {"hp": 85, "atk": 0, "def": 85, "spa": 85, "spd": 85, "spe": 85}, "ivs": {"hp": 31, "atk": 0, "def": 31, "spa": 31, "spd": 31, "spe": 31}, "item": "Life Orb", "teraType": "Grass", "role": "Setup Sweeper", "bvs": {"hp": 80, "atk": 70, "def": 70, "spa": 90, "spd": 100, "spe": 70}, "stats": {"hp": 290, "atk": 131, "def": 177, "spa": 213, "spd": 231, "spe": 177}, "types": ["Water", "Grass"]}, "Kyogre": {"name": "Kyogre", "species": "Kyogre", "speciesId": "kyogre", "gender": "N", "shiny": false, "level": 71, "moves": ["thunder", "originpulse", "waterspout", "icebeam"], "ability": "Drizzle", "evs": {"hp": 85, "atk": 0, "def": 85, "spa": 85, "spd": 85, "spe": 85}, "ivs": {"hp": 31, "atk": 0, "def": 31, "spa": 31, "spd": 31, "spe": 31}, "item": "Choice Scarf", "teraType": "Water", "role": "Fast Attacker", "bvs": {"hp": 100, "atk": 100, "def": 90, "spa": 150, "spd": 140, "spe": 90}, "stats": {"hp": 259, "atk": 147, "def": 169, "spa": 254, "spd": 240, "spe": 169}, "types": ["Water"]}, "Sceptile": {"name": "Sceptile", "species": "Sceptile", "speciesId": "sceptile", "gender": "M", "shiny": false, "level": 87, "moves": ["gigadrain", "substitute", "leechseed", "focusblast"], "ability": "Overgrow", "evs": {"hp": 85, "atk": 0, "def": 85, "spa": 85, "spd": 85, "spe": 85}, "ivs": {"hp": 31, "atk": 0, "def": 31, "spa": 31, "spd": 31, "spe": 31}, "item": "Leftovers", "teraType": "Steel", "role": "Fast Support", "bvs": {"hp": 70, "atk": 85, "def": 65, "spa": 105, "spd": 85, "spe": 120}, "stats": {"hp": 264, "atk": 152, "def": 163, "spa": 232, "spd": 198, "spe": 259}, "types": ["Grass"]}}, {"Vileplume": {"name": "Vileplume", "species": "Vileplume", "speciesId": "vileplume", "gender": "M", "shiny": false, "level": 85, "moves": ["gigadrain", "strengthsap", "sludgebomb", "leechseed"], "ability": "Effect Spore", "evs": {"hp": 85, "atk": 0, "def": 85, "spa": 85, "spd": 85, "spe": 85}, "ivs": {"hp": 31, "atk": 0, "def": 31, "spa": 31, "spd": 31, "spe": 31}, "item": "Leftovers", "teraType": "Steel", "role": "Bulky Attacker", "bvs": {"hp": 75, "atk": 80, "def": 85, "spa": 110, "spd": 90, "spe": 50}, "stats": {"hp": 266, "atk": 141, "def": 193, "spa": 236, "spd": 202, "spe": 134}, "types": ["Grass", "Poison"]}, "Salazzle": {"name": "Salazzle", "species": "Salazzle", "speciesId": "salazzle", "gender": "F", "shiny": false, "level": 83, "moves": ["substitute", "flamethrower", "toxic", "protect"], "ability": "Corrosion", "evs": {"hp": 85, "atk": 0, "def": 85, "spa": 85, "spd": 85, "spe": 85}, "ivs": {"hp": 31, "atk": 0, "def": 31, "spa": 31, "spd": 31, "spe": 31}, "item": "Leftovers", "teraType": "Flying", "role": "Fast Support", "bvs": {"hp": 68, "atk": 64, "def": 60, "spa": 111, "spd": 60, "spe": 117}, "stats": {"hp": 249, "atk": 111, "def": 147, "spa": 232, "spd": 147, "spe": 242}, "types": ["Poison", "Fire"]}, "Phione": {"name": "Phione", "species": "Phione", "speciesId": "phione", "gender": "N", "shiny": false, "level": 91, "moves": ["rest", "takeheart", "sleeptalk", "scald"], "ability": "Hydration", "evs": {"hp": 85, "atk": 0, "def": 85, "spa": 85, "spd": 85, "spe": 85}, "ivs": {"hp": 31, "atk": 0, "def": 31, "spa": 31, "spd": 31, "spe": 31}, "item": "Leftovers", "teraType": "Dragon", "role": "Bulky Setup", "bvs": {"hp": 80, "atk": 80, "def": 80, "spa": 80, "spd": 80, "spe": 80}, "stats": {"hp": 293, "atk": 150, "def": 197, "spa": 197, "spd": 197, "spe": 197}, "types": ["Water"]}, "Meloetta": {"name": "Meloetta", "species": "Meloetta", "speciesId": "meloetta", "gender": "N", "shiny": false, "level": 82, "moves": ["calmmind", "focusblast", "psyshock", "hypervoice"], "ability": "Serene Grace", "evs": {"hp": 85, "atk": 0, "def": 85, "spa": 85, "spd": 85, "spe": 85}, "ivs": {"hp": 31, "atk": 0, "def": 31, "spa": 31, "spd": 31, "spe": 31}, "item": "Leftovers", "teraType": "Normal", "role": "Bulky Attacker", "bvs": {"hp": 100, "atk": 77, "def": 77, "spa": 128, "spd": 128, "spe": 90}, "stats": {"hp": 298, "atk": 131, "def": 173, "spa": 257, "spd": 257, "spe": 195}, "types": ["Normal", "Psychic"]}, "Houndoom": {"name": "Houndoom", "species": "Houndoom", "speciesId": "houndoom", "gender": "F", "shiny": false, "level": 87, "moves": ["sludgebomb", "darkpulse", "fireblast", "nastyplot"], "ability": "Flash Fire", "evs": {"hp": 85, "atk": 0, "def": 85, "spa": 85, "spd": 85, "spe": 85}, "ivs": {"hp": 31, "atk": 0, "def": 31, "spa": 31, "spd": 31, "spe": 31}, "item": "Heavy-Duty Boots", "teraType": "Fire", "role": "Fast Attacker", "bvs": {"hp": 75, "atk": 90, "def": 50, "spa": 110, "spd": 80, "spe": 95}, "stats": {"hp": 272, "atk": 161, "def": 137, "spa": 241, "spd": 189, "spe": 215}, "types": ["Dark", "Fire"]}, "Gardevoir": {"name": "Gardevoir", "species": "Gardevoir", "speciesId": "gardevoir", "gender": "F", "shiny": false, "level": 83, "moves": ["healingwish", "focusblast", "moonblast", "psychic"], "ability": "Trace", "evs": {"hp": 85, "atk": 0, "def": 85, "spa": 85, "spd": 85, "spe": 85}, "ivs": {"hp": 31, "atk": 0, "def": 31, "spa": 31, "spd": 31, "spe": 31}, "item": "Choice Scarf", "teraType": "Fighting", "role": "Fast Attacker", "bvs": {"hp": 68, "atk": 65, "def": 65, "spa": 125, "spd": 115, "spe": 80}, "stats": {"hp": 249, "atk": 112, "def": 156, "spa": 255, "spd": 239, "spe": 180}, "types": ["Psychic", "Fairy"]}}]}