{"id": "gen9randombattle-2641198488", "format": "[Gen 9] Random Battle", "players": ["jimlovesrobots", "alkjekk"], "log": "|j|\u2606jimlovesrobots\n|j|\u2606alkjekk\n|t:|1782752578\n|gametype|singles\n|player|p1|jimlovesrobots|colress|1235\n|player|p2|alkjekk|170|1193\n|gen|9\n|tier|[Gen 9] Random Battle\n|rated|\n|rule|Species Clause: Limit one of each Pok\u00e9mon\n|rule|HP Percentage Mod: HP is shown in percentages\n|rule|Sleep Clause Mod: Limit one foe put to sleep\n|rule|Illusion Level Mod: Illusion disguises the Pok\u00e9mon's true level\n|\n|t:|1782752578\n|teamsize|p1|6\n|teamsize|p2|6\n|start\n|switch|p1a: Oricorio|Oricorio-Pa'u, L87, F|272/272\n|switch|p2a: Minun|Minun, L95, F|268/268\n|turn|1\n|\n|t:|1782752588\n|switch|p1a: Sandslash|Sandslash, L89, F|278/278\n|move|p2a: Minun|Thunderbolt|p1a: Sandslash\n|-immune|p1a: Sandslash\n|\n|upkeep\n|turn|2\n|\n|t:|1782752595\n|switch|p2a: Gliscor|Gliscor, L76, M|239/239\n|move|p1a: Sandslash|Earthquake|p2a: Gliscor\n|-immune|p2a: Gliscor\n|\n|-status|p2a: Gliscor|tox|[from] item: Toxic Orb\n|upkeep\n|turn|3\n|\n|t:|1782752600\n|move|p2a: Gliscor|Substitute|p2a: Gliscor\n|-start|p2a: Gliscor|Substitute\n|-damage|p2a: Gliscor|180/239 tox\n|move|p1a: Sandslash|Stone Edge|p2a: Gliscor\n|-crit|p2a: Gliscor\n|-end|p2a: Gliscor|Substitute\n|\n|-heal|p2a: Gliscor|209/239 tox|[from] ability: Poison Heal\n|upkeep\n|turn|4\n|\n|t:|1782752609\n|move|p2a: Gliscor|Substitute|p2a: Gliscor\n|-start|p2a: Gliscor|Substitute\n|-damage|p2a: Gliscor|150/239 tox\n|move|p1a: Sandslash|Knock Off|p2a: Gliscor\n|-end|p2a: Gliscor|Substitute\n|\n|-heal|p2a: Gliscor|179/239 tox|[from] ability: Poison Heal\n|upkeep\n|turn|5\n|\n|t:|1782752618\n|move|p2a: Gliscor|Toxic|p1a: Sandslash\n|-status|p1a: Sandslash|tox\n|move|p1a: Sandslash|Stone Edge|p2a: Gliscor\n|-damage|p2a: Gliscor|116/239 tox\n|\n|-heal|p2a: Gliscor|145/239 tox|[from] ability: Poison Heal\n|-damage|p1a: Sandslash|261/278 tox|[from] psn\n|upkeep\n|turn|6\n|\n|t:|1782752631\n|switch|p1a: Regice|Regice, L88|284/284\n|move|p2a: Gliscor|Earthquake|p1a: Regice\n|-damage|p1a: Regice|205/284\n|\n|-heal|p2a: Gliscor|174/239 tox|[from] ability: Poison Heal\n|upkeep\n|turn|7\n|\n|t:|1782752643\n|switch|p2a: Glalie|Glalie, L96, M|309/309\n|move|p1a: Regice|Ice Beam|p2a: Glalie\n|-resisted|p2a: Glalie\n|-damage|p2a: Glalie|261/309\n|\n|upkeep\n|turn|8\n|inactive|Battle timer is ON: inactive players will automatically lose when time's up. (requested by jimlovesrobots)\n|\n|t:|1782752647\n|move|p2a: Glalie|Taunt|p1a: Regice\n|-start|p1a: Regice|move: Taunt\n|move|p1a: Regice|Body Press|p2a: Glalie\n|-supereffective|p2a: Glalie\n|-damage|p2a: Glalie|141/309\n|\n|upkeep\n|turn|9\n|\n|t:|1782752663\n|move|p2a: Glalie|Earthquake|p1a: Regice\n|-damage|p1a: Regice|142/284\n|move|p1a: Regice|Body Press|p2a: Glalie\n|-supereffective|p2a: Glalie\n|-damage|p2a: Glalie|29/309\n|\n|upkeep\n|turn|10\n|inactive|alkjekk has 120 seconds left.\n|\n|t:|1782752694\n|move|p2a: Glalie|Earthquake|p1a: Regice\n|-damage|p1a: Regice|79/284\n|move|p1a: Regice|Body Press|p2a: Glalie\n|-supereffective|p2a: Glalie\n|-damage|p2a: Glalie|0 fnt\n|faint|p2a: Glalie\n|\n|-end|p1a: Regice|move: Taunt\n|upkeep\n|inactive|alkjekk has 120 seconds left.\n|\n|t:|1782752709\n|switch|p2a: Girafarig|Girafarig, L89, F|269/269\n|turn|11\n|\n|t:|1782752713\n|move|p2a: Girafarig|Nasty Plot|p2a: Girafarig\n|-boost|p2a: Girafarig|spa|2\n|move|p1a: Regice|Thunder Wave|p2a: Girafarig\n|-status|p2a: Girafarig|par\n|\n|upkeep\n|turn|12\n|\n|t:|1782752721\n|switch|p1a: Scizor|Scizor, L79, M|240/240\n|move|p2a: Girafarig|Psychic|p1a: Scizor\n|-resisted|p1a: Scizor\n|-damage|p1a: Scizor|135/240\n|\n|-heal|p1a: Scizor|150/240|[from] item: Leftovers\n|upkeep\n|turn|13\n|\n|t:|1782752729\n|move|p1a: Scizor|Knock Off|p2a: Girafarig\n|-supereffective|p2a: Girafarig\n|-damage|p2a: Girafarig|143/269 par\n|-enditem|p2a: Girafarig|Eviolite|[from] move: Knock Off|[of] p1a: Scizor\n|cant|p2a: Girafarig|par\n|\n|-heal|p1a: Scizor|165/240|[from] item: Leftovers\n|upkeep\n|turn|14\n|\n|t:|1782752734\n|move|p1a: Scizor|Knock Off|p2a: Girafarig\n|-supereffective|p2a: Girafarig\n|-damage|p2a: Girafarig|23/269 par\n|move|p2a: Girafarig|Thunderbolt|p1a: Scizor\n|-damage|p1a: Scizor|20/240\n|\n|-heal|p1a: Scizor|35/240|[from] item: Leftovers\n|upkeep\n|turn|15\n|\n|t:|1782752737\n|move|p1a: Scizor|Bullet Punch|p2a: Girafarig\n|-damage|p2a: Girafarig|0 fnt\n|faint|p2a: Girafarig\n|\n|-heal|p1a: Scizor|50/240|[from] item: Leftovers\n|upkeep\n|\n|t:|1782752739\n|switch|p2a: Gliscor|Gliscor, L76, M|174/239 tox\n|turn|16\n|\n|t:|1782752751\n|move|p1a: Scizor|Bullet Punch|p2a: Gliscor\n|-damage|p2a: Gliscor|114/239 tox\n|move|p2a: Gliscor|Substitute|p2a: Gliscor\n|-start|p2a: Gliscor|Substitute\n|-damage|p2a: Gliscor|55/239 tox\n|\n|-heal|p1a: Scizor|65/240|[from] item: Leftovers\n|-heal|p2a: Gliscor|84/239 tox|[from] ability: Poison Heal\n|upkeep\n|turn|17\n|\n|t:|1782752757\n|move|p2a: Gliscor|Protect|p2a: Gliscor\n|-singleturn|p2a: Gliscor|Protect\n|move|p1a: Scizor|Bullet Punch|p2a: Gliscor\n|-activate|p2a: Gliscor|move: Protect\n|\n|-heal|p1a: Scizor|80/240|[from] item: Leftovers\n|-heal|p2a: Gliscor|113/239 tox|[from] ability: Poison Heal\n|upkeep\n|turn|18\n|\n|t:|1782752760\n|move|p1a: Scizor|Bullet Punch|p2a: Gliscor\n|-activate|p2a: Gliscor|move: Substitute|[damage]\n|move|p2a: Gliscor|Earthquake|p1a: Scizor\n|-damage|p1a: Scizor|2/240\n|\n|-heal|p1a: Scizor|17/240|[from] item: Leftovers\n|-heal|p2a: Gliscor|142/239 tox|[from] ability: Poison Heal\n|upkeep\n|turn|19\n|\n|t:|1782752767\n|move|p2a: Gliscor|Protect|p2a: Gliscor\n|-singleturn|p2a: Gliscor|Protect\n|move|p1a: Scizor|Knock Off|p2a: Gliscor\n|-activate|p2a: Gliscor|move: Protect\n|\n|-heal|p1a: Scizor|32/240|[from] item: Leftovers\n|-heal|p2a: Gliscor|171/239 tox|[from] ability: Poison Heal\n|upkeep\n|turn|20\n|\n|t:|1782752771\n|move|p2a: Gliscor|Earthquake|p1a: Scizor\n|-damage|p1a: Scizor|0 fnt\n|faint|p1a: Scizor\n|\n|-heal|p2a: Gliscor|200/239 tox|[from] ability: Poison Heal\n|upkeep\n|\n|t:|1782752787\n|switch|p1a: Cobalion|Cobalion, L80|277/277\n|turn|21\n|\n|t:|1782752791\n|-terastallize|p1a: Cobalion|Ghost\n|move|p1a: Cobalion|Iron Defense|p1a: Cobalion\n|-boost|p1a: Cobalion|def|2\n|move|p2a: Gliscor|Earthquake|p1a: Cobalion\n|-damage|p1a: Cobalion|241/277\n|\n|-heal|p1a: Cobalion|258/277|[from] item: Leftovers\n|-heal|p2a: Gliscor|229/239 tox|[from] ability: Poison Heal\n|upkeep\n|turn|22\n|\n|t:|1782752795\n|move|p1a: Cobalion|Iron Defense|p1a: Cobalion\n|-boost|p1a: Cobalion|def|2\n|move|p2a: Gliscor|Toxic|p1a: Cobalion\n|-status|p1a: Cobalion|tox\n|\n|-heal|p1a: Cobalion|275/277 tox|[from] item: Leftovers\n|-damage|p1a: Cobalion|258/277 tox|[from] psn\n|-heal|p2a: Gliscor|239/239 tox|[from] ability: Poison Heal\n|upkeep\n|turn|23\n|\n|t:|1782752799\n|move|p1a: Cobalion|Body Press|p2a: Gliscor\n|-resisted|p2a: Gliscor\n|-end|p2a: Gliscor|Substitute\n|move|p2a: Gliscor|Earthquake|p1a: Cobalion\n|-damage|p1a: Cobalion|234/277 tox\n|\n|-heal|p1a: Cobalion|251/277 tox|[from] item: Leftovers\n|-damage|p1a: Cobalion|217/277 tox|[from] psn\n|upkeep\n|turn|24\n|\n|t:|1782752805\n|move|p2a: Gliscor|Protect|p2a: Gliscor\n|-singleturn|p2a: Gliscor|Protect\n|move|p1a: Cobalion|Body Press|p2a: Gliscor\n|-activate|p2a: Gliscor|move: Protect\n|\n|-heal|p1a: Cobalion|234/277 tox|[from] item: Leftovers\n|-damage|p1a: Cobalion|183/277 tox|[from] psn\n|upkeep\n|turn|25\n|\n|t:|1782752810\n|move|p1a: Cobalion|Body Press|p2a: Gliscor\n|-resisted|p2a: Gliscor\n|-damage|p2a: Gliscor|109/239 tox\n|move|p2a: Gliscor|Substitute|p2a: Gliscor\n|-start|p2a: Gliscor|Substitute\n|-damage|p2a: Gliscor|50/239 tox\n|\n|-heal|p1a: Cobalion|200/277 tox|[from] item: Leftovers\n|-damage|p1a: Cobalion|132/277 tox|[from] psn\n|-heal|p2a: Gliscor|79/239 tox|[from] ability: Poison Heal\n|upkeep\n|turn|26\n|\n|t:|1782752814\n|move|p2a: Gliscor|Protect|p2a: Gliscor\n|-singleturn|p2a: Gliscor|Protect\n|move|p1a: Cobalion|Iron Head|p2a: Gliscor\n|-activate|p2a: Gliscor|move: Protect\n|\n|-heal|p1a: Cobalion|149/277 tox|[from] item: Leftovers\n|-damage|p1a: Cobalion|64/277 tox|[from] psn\n|-heal|p2a: Gliscor|108/239 tox|[from] ability: Poison Heal\n|upkeep\n|turn|27\n|\n|t:|1782752823\n|move|p1a: Cobalion|Iron Head|p2a: Gliscor\n|-end|p2a: Gliscor|Substitute\n|move|p2a: Gliscor|Substitute|p2a: Gliscor\n|-start|p2a: Gliscor|Substitute\n|-damage|p2a: Gliscor|49/239 tox\n|\n|-heal|p1a: Cobalion|81/277 tox|[from] item: Leftovers\n|-damage|p1a: Cobalion|0 fnt|[from] psn\n|faint|p1a: Cobalion\n|-heal|p2a: Gliscor|78/239 tox|[from] ability: Poison Heal\n|upkeep\n|\n|t:|1782752827\n|switch|p1a: Regice|Regice, L88|79/284\n|turn|28\n|\n|t:|1782752835\n|move|p2a: Gliscor|Earthquake|p1a: Regice\n|-damage|p1a: Regice|7/284\n|move|p1a: Regice|Ice Beam|p2a: Gliscor\n|-supereffective|p2a: Gliscor\n|-end|p2a: Gliscor|Substitute\n|\n|-heal|p2a: Gliscor|107/239 tox|[from] ability: Poison Heal\n|upkeep\n|turn|29\n|\n|t:|1782752842\n|move|p2a: Gliscor|Protect|p2a: Gliscor\n|-singleturn|p2a: Gliscor|Protect\n|move|p1a: Regice|Ice Beam|p2a: Gliscor\n|-activate|p2a: Gliscor|move: Protect\n|\n|-heal|p2a: Gliscor|136/239 tox|[from] ability: Poison Heal\n|upkeep\n|turn|30\n|\n|t:|1782752845\n|move|p2a: Gliscor|Earthquake|p1a: Regice\n|-damage|p1a: Regice|0 fnt\n|faint|p1a: Regice\n|\n|-heal|p2a: Gliscor|165/239 tox|[from] ability: Poison Heal\n|upkeep\n|\n|t:|1782752848\n|switch|p1a: Oricorio|Oricorio-Pa'u, L87, F|272/272\n|turn|31\n|\n|t:|1782752853\n|move|p1a: Oricorio|Quiver Dance|p1a: Oricorio\n|-boost|p1a: Oricorio|spa|1\n|-boost|p1a: Oricorio|spd|1\n|-boost|p1a: Oricorio|spe|1\n|move|p2a: Gliscor|Toxic|p1a: Oricorio\n|-status|p1a: Oricorio|tox\n|\n|-damage|p1a: Oricorio|255/272 tox|[from] psn\n|-heal|p2a: Gliscor|194/239 tox|[from] ability: Poison Heal\n|upkeep\n|turn|32\n|\n|t:|1782752858\n|move|p1a: Oricorio|Quiver Dance|p1a: Oricorio\n|-boost|p1a: Oricorio|spa|1\n|-boost|p1a: Oricorio|spd|1\n|-boost|p1a: Oricorio|spe|1\n|move|p2a: Gliscor|Substitute|p2a: Gliscor\n|-start|p2a: Gliscor|Substitute\n|-damage|p2a: Gliscor|135/239 tox\n|\n|-damage|p1a: Oricorio|221/272 tox|[from] psn\n|-heal|p2a: Gliscor|164/239 tox|[from] ability: Poison Heal\n|upkeep\n|turn|33\n|\n|t:|1782752862\n|move|p2a: Gliscor|Protect|p2a: Gliscor\n|-singleturn|p2a: Gliscor|Protect\n|move|p1a: Oricorio|Quiver Dance|p1a: Oricorio\n|-boost|p1a: Oricorio|spa|1\n|-boost|p1a: Oricorio|spd|1\n|-boost|p1a: Oricorio|spe|1\n|\n|-damage|p1a: Oricorio|170/272 tox|[from] psn\n|-heal|p2a: Gliscor|193/239 tox|[from] ability: Poison Heal\n|upkeep\n|turn|34\n|\n|t:|1782752868\n|move|p1a: Oricorio|Revelation Dance|p2a: Gliscor\n|-end|p2a: Gliscor|Substitute\n|move|p2a: Gliscor|Toxic|p1a: Oricorio\n|-fail|p1a: Oricorio|tox\n|\n|-damage|p1a: Oricorio|102/272 tox|[from] psn\n|-heal|p2a: Gliscor|222/239 tox|[from] ability: Poison Heal\n|upkeep\n|turn|35\n|\n|t:|1782752873\n|move|p2a: Gliscor|Protect|p2a: Gliscor\n|-singleturn|p2a: Gliscor|Protect\n|move|p1a: Oricorio|Roost|p1a: Oricorio\n|-heal|p1a: Oricorio|238/272 tox\n|-singleturn|p1a: Oricorio|move: Roost\n|\n|-damage|p1a: Oricorio|153/272 tox|[from] psn\n|-heal|p2a: Gliscor|239/239 tox|[from] ability: Poison Heal\n|upkeep\n|turn|36\n|\n|t:|1782752878\n|move|p1a: Oricorio|Revelation Dance|p2a: Gliscor\n|-damage|p2a: Gliscor|0 fnt\n|faint|p2a: Gliscor\n|\n|-damage|p1a: Oricorio|51/272 tox|[from] psn\n|upkeep\n|\n|t:|1782752882\n|switch|p2a: Cacturne|Cacturne, L92, M|278/278\n|turn|37\n|\n|t:|1782752886\n|move|p2a: Cacturne|Sucker Punch|p1a: Oricorio\n|-supereffective|p1a: Oricorio\n|-damage|p1a: Oricorio|0 fnt\n|faint|p1a: Oricorio\n|-damage|p2a: Cacturne|251/278|[from] item: Life Orb\n|\n|upkeep\n|\n|t:|1782752889\n|switch|p1a: Granbull|Granbull, L88, M|302/302\n|-ability|p1a: Granbull|Intimidate|boost\n|-unboost|p2a: Cacturne|atk|1\n|turn|38\n|\n|t:|1782752894\n|switch|p2a: Arboliva|Arboliva, L91, F|288/288\n|move|p1a: Granbull|Play Rough|p2a: Arboliva\n|-damage|p2a: Arboliva|183/288\n|\n|upkeep\n|turn|39\n|\n|t:|1782752901\n|move|p1a: Granbull|Thunder Wave|p2a: Arboliva\n|-status|p2a: Arboliva|par\n|move|p2a: Arboliva|Leech Seed|p1a: Granbull\n|-start|p1a: Granbull|move: Leech Seed\n|\n|-damage|p1a: Granbull|265/302|[from] Leech Seed|[of] p2a: Arboliva\n|-heal|p2a: Arboliva|220/288 par|[silent]\n|upkeep\n|turn|40\n|\n|t:|1782752905\n|switch|p1a: Sandslash|Sandslash, L89, F|261/278 tox\n|move|p2a: Arboliva|Substitute|p2a: Arboliva\n|-start|p2a: Arboliva|Substitute\n|-damage|p2a: Arboliva|148/288 par\n|\n|-heal|p1a: Sandslash|278/278 tox|[from] item: Leftovers\n|-damage|p1a: Sandslash|261/278 tox|[from] psn\n|upkeep\n|turn|41\n|\n|t:|1782752912\n|move|p1a: Sandslash|Knock Off|p2a: Arboliva\n|-activate|p2a: Arboliva|move: Substitute|[damage]\n|move|p2a: Arboliva|Leech Seed|p1a: Sandslash\n|-start|p1a: Sandslash|move: Leech Seed\n|\n|-heal|p1a: Sandslash|278/278 tox|[from] item: Leftovers\n|-damage|p1a: Sandslash|244/278 tox|[from] Leech Seed|[of] p2a: Arboliva\n|-heal|p2a: Arboliva|182/288 par|[silent]\n|-damage|p1a: Sandslash|210/278 tox|[from] psn\n|upkeep\n|turn|42\n|\n|t:|1782752920\n|switch|p1a: Granbull|Granbull, L88, M|265/302\n|-ability|p1a: Granbull|Intimidate|boost\n|-immune|p2a: Arboliva\n|move|p2a: Arboliva|Protect||[still]\n|-fail|p2a: Arboliva\n|\n|-heal|p1a: Granbull|283/302|[from] item: Leftovers\n|upkeep\n|turn|43\n|\n|t:|1782752928\n|move|p1a: Granbull|Play Rough|p2a: Arboliva\n|-end|p2a: Arboliva|Substitute\n|cant|p2a: Arboliva|par\n|\n|-heal|p1a: Granbull|301/302|[from] item: Leftovers\n|upkeep\n|turn|44\n|\n|t:|1782752935\n|move|p1a: Granbull|Play Rough|p2a: Arboliva\n|-damage|p2a: Arboliva|68/288 par\n|-enditem|p2a: Arboliva|Sitrus Berry|[eat]\n|-heal|p2a: Arboliva|140/288 par|[from] item: Sitrus Berry\n|move|p2a: Arboliva|Hyper Voice|p1a: Granbull\n|-damage|p1a: Granbull|130/302\n|\n|-heal|p1a: Granbull|148/302|[from] item: Leftovers\n|upkeep\n|turn|45\n|\n|t:|1782752944\n|move|p2a: Arboliva|Protect|p2a: Arboliva\n|-singleturn|p2a: Arboliva|Protect\n|move|p1a: Granbull|Play Rough|p2a: Arboliva\n|-activate|p2a: Arboliva|move: Protect\n|\n|-heal|p1a: Granbull|166/302|[from] item: Leftovers\n|upkeep\n|turn|46\n|\n|t:|1782752952\n|move|p1a: Granbull|Play Rough|p2a: Arboliva\n|-damage|p2a: Arboliva|35/288 par\n|move|p2a: Arboliva|Leech Seed|p1a: Granbull\n|-start|p1a: Granbull|move: Leech Seed\n|\n|-heal|p1a: Granbull|184/302|[from] item: Leftovers\n|-damage|p1a: Granbull|147/302|[from] Leech Seed|[of] p2a: Arboliva\n|-heal|p2a: Arboliva|72/288 par|[silent]\n|upkeep\n|turn|47\n|\n|t:|1782752958\n|switch|p1a: Sandslash|Sandslash, L89, F|210/278 tox\n|move|p2a: Arboliva|Protect||[still]\n|-fail|p2a: Arboliva\n|\n|-heal|p1a: Sandslash|227/278 tox|[from] item: Leftovers\n|-damage|p1a: Sandslash|210/278 tox|[from] psn\n|-item|p2a: Arboliva|Sitrus Berry|[from] ability: Harvest\n|upkeep\n|-enditem|p2a: Arboliva|Sitrus Berry|[eat]\n|-heal|p2a: Arboliva|144/288 par|[from] item: Sitrus Berry\n|turn|48\n|\n|t:|1782752963\n|switch|p1a: Granbull|Granbull, L88, M|147/302\n|-ability|p1a: Granbull|Intimidate|boost\n|-unboost|p2a: Arboliva|atk|1\n|move|p2a: Arboliva|Hyper Voice|p1a: Granbull\n|-damage|p1a: Granbull|0 fnt\n|faint|p1a: Granbull\n|\n|-item|p2a: Arboliva|Sitrus Berry|[from] ability: Harvest\n|upkeep\n|-enditem|p2a: Arboliva|Sitrus Berry|[eat]\n|-heal|p2a: Arboliva|216/288 par|[from] item: Sitrus Berry\n|\n|t:|1782752965\n|switch|p1a: Sandslash|Sandslash, L89, F|210/278 tox\n|turn|49\n|\n|t:|1782752969\n|move|p1a: Sandslash|Stone Edge|p2a: Arboliva\n|-damage|p2a: Arboliva|148/288 par\n|move|p2a: Arboliva|Hyper Voice|p1a: Sandslash\n|-damage|p1a: Sandslash|41/278 tox\n|\n|-heal|p1a: Sandslash|58/278 tox|[from] item: Leftovers\n|-damage|p1a: Sandslash|41/278 tox|[from] psn\n|upkeep\n|turn|50\n|\n|t:|1782752975\n|move|p2a: Arboliva|Protect|p2a: Arboliva\n|-singleturn|p2a: Arboliva|Protect\n|move|p1a: Sandslash|Stone Edge|p2a: Arboliva\n|-activate|p2a: Arboliva|move: Protect\n|\n|-heal|p1a: Sandslash|58/278 tox|[from] item: Leftovers\n|-damage|p1a: Sandslash|24/278 tox|[from] psn\n|-item|p2a: Arboliva|Sitrus Berry|[from] ability: Harvest\n|upkeep\n|turn|51\n|\n|t:|1782752978\n|move|p1a: Sandslash|Knock Off|p2a: Arboliva\n|-damage|p2a: Arboliva|80/288 par\n|-enditem|p2a: Arboliva|Sitrus Berry|[from] move: Knock Off|[of] p1a: Sandslash\n|move|p2a: Arboliva|Leech Seed|p1a: Sandslash\n|-start|p1a: Sandslash|move: Leech Seed\n|\n|-heal|p1a: Sandslash|41/278 tox|[from] item: Leftovers\n|-damage|p1a: Sandslash|7/278 tox|[from] Leech Seed|[of] p2a: Arboliva\n|-heal|p2a: Arboliva|114/288 par|[silent]\n|-damage|p1a: Sandslash|0 fnt|[from] psn\n|faint|p1a: Sandslash\n|\n|win|alkjekk\n|raw|jimlovesrobots's rating: 1235 &rarr; <strong>1207</strong><br />(-28 for losing)\n|raw|alkjekk's rating: 1193 &rarr; <strong>1221</strong><br />(+28 for winning)\n|l|\u2606jimlovesrobots\n|player|p1|\n", "inputlog": ">version f8ac14003a5f27e1bdc8d8c59608a773c1cb96e5\n>start {\"formatid\":\"gen9randombattle\",\"seed\":\"sodium,918e7f46766cfa352cd09e4e95ab52ca\",\"rated\":\"Rated battle\"}\n>player p1 {\"name\":\"jimlovesrobots\",\"avatar\":\"colress\",\"rating\":1235,\"seed\":\"sodium,786b814d8c36b53c26d0dc657c1ef07b\"}\n>player p2 {\"name\":\"alkjekk\",\"avatar\":\"170\",\"rating\":1193,\"seed\":\"sodium,f95ada042f931a5167804b80f98594e7\"}\n>p1 switch 5\n>p2 move thunderbolt\n>p1 move earthquake\n>p2 switch 4\n>p1 move stoneedge\n>p2 move substitute\n>p1 move knockoff\n>p2 move substitute\n>p1 move stoneedge\n>p2 move toxic\n>p1 switch 4\n>p2 move earthquake\n>p1 move icebeam\n>p2 switch 2\n>p1 move bodypress\n>p2 move taunt\n>p1 move bodypress\n>p2 move earthquake\n>p1 move bodypress\n>p2 move earthquake\n>p2 switch 6\n>p1 move thunderwave\n>p2 move nastyplot\n>p1 switch 3\n>p2 move psychic\n>p1 move knockoff\n>p2 move thunderbolt\n>p1 move knockoff\n>p2 move thunderbolt\n>p1 move bulletpunch\n>p2 move thunderbolt\n>p2 switch 2\n>p1 move bulletpunch\n>p2 move substitute\n>p1 move bulletpunch\n>p2 move protect\n>p1 move bulletpunch\n>p2 move earthquake\n>p1 move knockoff\n>p2 move protect\n>p1 move knockoff\n>p2 move earthquake\n>p1 switch 6\n>p1 move irondefense terastallize\n>p2 move earthquake\n>p1 move irondefense\n>p2 move toxic\n>p1 move bodypress\n>p2 move earthquake\n>p1 move bodypress\n>p2 move protect\n>p1 move bodypress\n>p2 move substitute\n>p1 move ironhead\n>p2 move protect\n>p1 move ironhead\n>p2 move substitute\n>p1 switch 3\n>p1 move icebeam\n>p2 move earthquake\n>p1 move icebeam\n>p2 move protect\n>p1 move icebeam\n>p2 move earthquake\n>p1 switch 5\n>p1 move quiverdance\n>p2 move toxic\n>p1 move quiverdance\n>p2 move substitute\n>p1 move quiverdance\n>p2 move protect\n>p1 move revelationdance\n>p2 move toxic\n>p1 move roost\n>p2 move protect\n>p1 move revelationdance\n>p2 move substitute\n>p2 switch 3\n>p1 move hurricane\n>p2 move suckerpunch\n>p1 switch 2\n>p1 move playrough\n>p2 switch 5\n>p1 move thunderwave\n>p2 move leechseed\n>p1 switch 4\n>p2 move substitute\n>p1 move knockoff\n>p2 move leechseed\n>p1 switch 4\n>p2 move protect\n>p1 move playrough\n>p2 move hypervoice\n>p1 move playrough\n>p2 move hypervoice\n>p1 move playrough\n>p2 move protect\n>p1 move playrough\n>p2 move leechseed\n>p1 switch 4\n>p2 move protect\n>p1 switch 4\n>p2 move hypervoice\n>p1 switch 4\n>p1 move stoneedge\n>p2 move hypervoice\n>p1 move stoneedge\n>p2 move protect\n>p1 move knockoff\n>p2 move leechseed", "uploadtime": 1782752985, "views": 5, "formatid": "gen9randombattle", "rating": 1207, "private": 0, "password": null, "player_dets": [{"name": "jimlovesrobots", "avatar": "colress", "rating": 1235, "seed": "sodium,786b814d8c36b53c26d0dc657c1ef07b"}, {"name": "alkjekk", "avatar": "170", "rating": 1193, "seed": "sodium,f95ada042f931a5167804b80f98594e7"}], "teams_full": [{"Oricorio": {"name": "Oricorio", "species": "Oricorio-Pa'u", "speciesId": "oricoriopau", "gender": "F", "shiny": false, "level": 87, "moves": ["quiverdance", "roost", "revelationdance", "hurricane"], "ability": "Dancer", "evs": {"hp": 85, "atk": 0, "def": 85, "spa": 85, "spd": 85, "spe": 85}, "ivs": {"hp": 31, "atk": 0, "def": 31, "spa": 31, "spd": 31, "spe": 31}, "item": "Heavy-Duty Boots", "teraType": "Fighting", "role": "Setup Sweeper", "bvs": {"hp": 75, "atk": 70, "def": 70, "spa": 98, "spd": 70, "spe": 93}, "stats": {"hp": 272, "atk": 126, "def": 172, "spa": 220, "spd": 172, "spe": 212}, "types": ["Psychic", "Flying"]}, "Granbull": {"name": "Granbull", "species": "Granbull", "speciesId": "granbull", "gender": "M", "shiny": false, "level": 88, "moves": ["thunderwave", "encore", "playrough", "earthquake"], "ability": "Intimidate", "evs": {"hp": 85, "atk": 85, "def": 85, "spa": 85, "spd": 85, "spe": 85}, "ivs": {"hp": 31, "atk": 31, "def": 31, "spa": 31, "spd": 31, "spe": 31}, "item": "Leftovers", "teraType": "Ground", "role": "Bulky Attacker", "bvs": {"hp": 90, "atk": 120, "def": 75, "spa": 60, "spd": 60, "spe": 45}, "stats": {"hp": 302, "atk": 261, "def": 182, "spa": 156, "spd": 156, "spe": 129}, "types": ["Fairy"]}, "Scizor": {"name": "Scizor", "species": "Scizor", "speciesId": "scizor", "gender": "M", "shiny": false, "level": 79, "moves": ["defog", "bulletpunch", "uturn", "knockoff"], "ability": "Technician", "evs": {"hp": 85, "atk": 85, "def": 85, "spa": 85, "spd": 85, "spe": 85}, "ivs": {"hp": 31, "atk": 31, "def": 31, "spa": 31, "spd": 31, "spe": 31}, "item": "Leftovers", "teraType": "Steel", "role": "Bulky Support", "bvs": {"hp": 70, "atk": 130, "def": 100, "spa": 55, "spd": 80, "spe": 65}, "stats": {"hp": 240, "atk": 251, "def": 204, "spa": 132, "spd": 172, "spe": 148}, "types": ["Bug", "Steel"]}, "Regice": {"name": "Regice", "species": "Regice", "speciesId": "regice", "gender": "N", "shiny": false, "level": 88, "moves": ["thunderbolt", "icebeam", "thunderwave", "bodypress"], "ability": "Clear Body", "evs": {"hp": 85, "atk": 0, "def": 85, "spa": 85, "spd": 85, "spe": 85}, "ivs": {"hp": 31, "atk": 0, "def": 31, "spa": 31, "spd": 31, "spe": 31}, "item": "Heavy-Duty Boots", "teraType": "Electric", "role": "Bulky Attacker", "bvs": {"hp": 80, "atk": 50, "def": 100, "spa": 100, "spd": 200, "spe": 50}, "stats": {"hp": 284, "atk": 93, "def": 226, "spa": 226, "spd": 402, "spe": 138}, "types": ["Ice"]}, "Sandslash": {"name": "Sandslash", "species": "Sandslash", "speciesId": "sandslash", "gender": "F", "shiny": false, "level": 89, "moves": ["earthquake", "spikes", "knockoff", "stoneedge"], "ability": "Sand Rush", "evs": {"hp": 85, "atk": 85, "def": 85, "spa": 85, "spd": 85, "spe": 85}, "ivs": {"hp": 31, "atk": 31, "def": 31, "spa": 31, "spd": 31, "spe": 31}, "item": "Leftovers", "teraType": "Steel", "role": "Bulky Support", "bvs": {"hp": 75, "atk": 100, "def": 110, "spa": 45, "spd": 55, "spe": 65}, "stats": {"hp": 278, "atk": 229, "def": 247, "spa": 131, "spd": 149, "spe": 166}, "types": ["Ground"]}, "Cobalion": {"name": "Cobalion", "species": "Cobalion", "speciesId": "cobalion", "gender": "N", "shiny": false, "level": 80, "moves": ["bodypress", "irondefense", "ironhead", "thunderwave"], "ability": "Justified", "evs": {"hp": 85, "atk": 85, "def": 85, "spa": 85, "spd": 85, "spe": 85}, "ivs": {"hp": 31, "atk": 31, "def": 31, "spa": 31, "spd": 31, "spe": 31}, "item": "Leftovers", "teraType": "Ghost", "role": "Bulky Support", "bvs": {"hp": 91, "atk": 90, "def": 129, "spa": 90, "spd": 72, "spe": 108}, "stats": {"hp": 277, "atk": 190, "def": 253, "spa": 190, "spd": 161, "spe": 219}, "types": ["Steel", "Fighting"]}}, {"Minun": {"name": "Minun", "species": "Minun", "speciesId": "minun", "gender": "F", "shiny": false, "level": 95, "moves": ["thunderbolt", "nastyplot", "grassknot", "encore"], "ability": "Volt Absorb", "evs": {"hp": 85, "atk": 0, "def": 85, "spa": 85, "spd": 85, "spe": 85}, "ivs": {"hp": 31, "atk": 0, "def": 31, "spa": 31, "spd": 31, "spe": 31}, "item": "Life Orb", "teraType": "Electric", "role": "Setup Sweeper", "bvs": {"hp": 60, "atk": 40, "def": 50, "spa": 75, "spd": 85, "spe": 95}, "stats": {"hp": 268, "atk": 81, "def": 149, "spa": 196, "spd": 215, "spe": 234}, "types": ["Electric"]}, "Glalie": {"name": "Glalie", "species": "Glalie", "speciesId": "glalie", "gender": "M", "shiny": false, "level": 96, "moves": ["spikes", "freezedry", "taunt", "earthquake"], "ability": "Inner Focus", "evs": {"hp": 85, "atk": 85, "def": 85, "spa": 85, "spd": 85, "spe": 85}, "ivs": {"hp": 31, "atk": 31, "def": 31, "spa": 31, "spd": 31, "spe": 31}, "item": "Heavy-Duty Boots", "teraType": "Water", "role": "Fast Support", "bvs": {"hp": 80, "atk": 80, "def": 80, "spa": 80, "spd": 80, "spe": 80}, "stats": {"hp": 309, "atk": 208, "def": 208, "spa": 208, "spd": 208, "spe": 208}, "types": ["Ice"]}, "Cacturne": {"name": "Cacturne", "species": "Cacturne", "speciesId": "cacturne", "gender": "M", "shiny": false, "level": 92, "moves": ["spikes", "leafstorm", "suckerpunch", "knockoff"], "ability": "Water Absorb", "evs": {"hp": 85, "atk": 85, "def": 85, "spa": 85, "spd": 85, "spe": 85}, "ivs": {"hp": 31, "atk": 31, "def": 31, "spa": 31, "spd": 31, "spe": 31}, "item": "Life Orb", "teraType": "Grass", "role": "Wallbreaker", "bvs": {"hp": 70, "atk": 115, "def": 60, "spa": 115, "spd": 60, "spe": 55}, "stats": {"hp": 278, "atk": 264, "def": 163, "spa": 264, "spd": 163, "spe": 154}, "types": ["Grass", "Dark"]}, "Gliscor": {"name": "Gliscor", "species": "Gliscor", "speciesId": "gliscor", "gender": "M", "shiny": false, "level": 76, "moves": ["earthquake", "toxic", "substitute", "protect"], "ability": "Poison Heal", "evs": {"hp": 85, "atk": 85, "def": 85, "spa": 85, "spd": 85, "spe": 85}, "ivs": {"hp": 31, "atk": 31, "def": 31, "spa": 31, "spd": 31, "spe": 31}, "item": "Toxic Orb", "teraType": "Water", "role": "Fast Support", "bvs": {"hp": 75, "atk": 95, "def": 125, "spa": 45, "spd": 75, "spe": 95}, "stats": {"hp": 239, "atk": 188, "def": 234, "spa": 112, "spd": 158, "spe": 188}, "types": ["Ground", "Flying"]}, "Arboliva": {"name": "Arboliva", "species": "Arboliva", "speciesId": "arboliva", "gender": "F", "shiny": false, "level": 91, "moves": ["hypervoice", "substitute", "leechseed", "protect"], "ability": "Harvest", "evs": {"hp": 77, "atk": 0, "def": 85, "spa": 85, "spd": 85, "spe": 85}, "ivs": {"hp": 31, "atk": 0, "def": 31, "spa": 31, "spd": 31, "spe": 31}, "item": "Sitrus Berry", "teraType": "Poison", "role": "Bulky Support", "bvs": {"hp": 78, "atk": 69, "def": 90, "spa": 125, "spd": 109, "spe": 39}, "stats": {"hp": 288, "atk": 130, "def": 216, "spa": 279, "spd": 250, "spe": 123}, "types": ["Grass", "Normal"]}, "Girafarig": {"name": "Girafarig", "species": "Girafarig", "speciesId": "girafarig", "gender": "F", "shiny": false, "level": 89, "moves": ["dazzlinggleam", "thunderbolt", "nastyplot", "psychic"], "ability": "Sap Sipper", "evs": {"hp": 85, "atk": 0, "def": 85, "spa": 85, "spd": 85, "spe": 85}, "ivs": {"hp": 31, "atk": 0, "def": 31, "spa": 31, "spd": 31, "spe": 31}, "item": "Eviolite", "teraType": "Electric", "role": "Bulky Setup", "bvs": {"hp": 70, "atk": 80, "def": 65, "spa": 90, "spd": 65, "spe": 85}, "stats": {"hp": 269, "atk": 147, "def": 166, "spa": 211, "spd": 166, "spe": 202}, "types": ["Normal", "Psychic"]}}]}