{"id": "gen9randombattle-2641332096", "format": "[Gen 9] Random Battle", "players": ["milkreo", "notmetbh102"], "log": "|badge|p1|silver|gen9randombattle|30-9\n|html|<div class=\"broadcast-red\"><strong>This battle is required to be public due to one or more player having a season medal.</strong><br />During the public phase, you can discuss the state of the ladder <a href=\"/seasondiscussion\">in a special chatroom.</a></div>\n|uhtml|medal-msg|<div class=\"broadcast-blue\">Curious what those medals under the avatar are? PS now has Ladder Seasons! For more information, check out the <a href=\"https://www.smogon.com/forums/threads/3740067/\">thread on Smogon.</a></div>\n|badge|p2|bronze|gen9randombattle|100-9\n|uhtml|medal-msg|<div class=\"broadcast-blue\">Curious what those medals under the avatar are? PS now has Ladder Seasons! For more information, check out the <a href=\"https://www.smogon.com/forums/threads/3740067/\">thread on Smogon.</a></div>\n|j|\u2606milkreo\n|j|\u2606notmetbh102\n|t:|1782768992\n|gametype|singles\n|player|p1|milkreo|102|2439\n|player|p2|notmetbh102|2|2337\n|gen|9\n|tier|[Gen 9] Random Battle\n|rated|\n|rule|Species Clause: Limit one of each Pok\u00e9mon\n|rule|HP Percentage Mod: HP is shown in percentages\n|rule|Sleep Clause Mod: Limit one foe put to sleep\n|rule|Illusion Level Mod: Illusion disguises the Pok\u00e9mon's true level\n|\n|t:|1782768992\n|teamsize|p1|6\n|teamsize|p2|6\n|start\n|switch|p1a: Zebstrika|Zebstrika, L87, F|272/272\n|switch|p2a: Qwilfish|Qwilfish-Hisui, L83, M|244/244\n|-ability|p2a: Qwilfish|Intimidate|boost\n|-unboost|p1a: Zebstrika|atk|1\n|turn|1\n|inactive|Battle timer is ON: inactive players will automatically lose when time's up. (requested by notmetbh102)\n|c|\u2606notmetbh102|hf\n|\n|t:|1782768998\n|move|p1a: Zebstrika|High Horsepower|p2a: Qwilfish\n|-supereffective|p2a: Qwilfish\n|-damage|p2a: Qwilfish|150/244\n|-damage|p1a: Zebstrika|245/272|[from] item: Life Orb\n|move|p2a: Qwilfish|Gunk Shot|p1a: Zebstrika|[miss]\n|-miss|p2a: Qwilfish|p1a: Zebstrika\n|\n|upkeep\n|turn|2\n|\n|t:|1782769004\n|switch|p2a: Garchomp|Garchomp, L74, M|282/282\n|move|p1a: Zebstrika|High Horsepower|p2a: Garchomp\n|-damage|p2a: Garchomp|214/282\n|-damage|p1a: Zebstrika|211/272|[from] ability: Rough Skin|[of] p2a: Garchomp\n|-damage|p1a: Zebstrika|184/272|[from] item: Life Orb\n|\n|upkeep\n|turn|3\n|\n|t:|1782769012\n|switch|p1a: Cryogonal|Cryogonal, L89|287/287\n|move|p2a: Garchomp|Scale Shot|p1a: Cryogonal\n|-crit|p1a: Cryogonal\n|-damage|p1a: Cryogonal|233/287\n|-damage|p1a: Cryogonal|197/287\n|-damage|p1a: Cryogonal|158/287\n|-damage|p1a: Cryogonal|118/287\n|-hitcount|p1a: Cryogonal|4\n|-unboost|p2a: Garchomp|def|1\n|-boost|p2a: Garchomp|spe|1\n|\n|upkeep\n|turn|4\n|j| Agnes Digitals alt\n|\n|t:|1782769019\n|switch|p1a: Porygon2|Porygon2, L81|270/270\n|-ability|p1a: Porygon2|Download|boost\n|-boost|p1a: Porygon2|atk|1\n|move|p2a: Garchomp|Scale Shot|p1a: Porygon2\n|-damage|p1a: Porygon2|252/270\n|-damage|p1a: Porygon2|236/270\n|-damage|p1a: Porygon2|217/270\n|-damage|p1a: Porygon2|198/270\n|-damage|p1a: Porygon2|180/270\n|-hitcount|p1a: Porygon2|5\n|-unboost|p2a: Garchomp|def|1\n|-boost|p2a: Garchomp|spe|1\n|\n|upkeep\n|turn|5\n|\n|t:|1782769023\n|switch|p2a: Arbok|Arbok, L87, F|246/246\n|-ability|p2a: Arbok|Intimidate|boost\n|-unboost|p1a: Porygon2|atk|1\n|move|p1a: Porygon2|Recover|p1a: Porygon2\n|-heal|p1a: Porygon2|270/270\n|\n|upkeep\n|turn|6\n|\n|t:|1782769032\n|move|p2a: Arbok|Gunk Shot|p1a: Porygon2|[miss]\n|-miss|p2a: Arbok|p1a: Porygon2\n|move|p1a: Porygon2|Tri Attack|p2a: Arbok\n|-damage|p2a: Arbok|164/246\n|\n|-heal|p2a: Arbok|179/246|[from] item: Leftovers\n|upkeep\n|turn|7\n|\n|t:|1782769038\n|switch|p2a: Arboliva|Arboliva, L91, F|290/290\n|move|p1a: Porygon2|Tri Attack|p2a: Arboliva\n|-damage|p2a: Arboliva|227/290\n|-fieldstart|move: Grassy Terrain|[from] ability: Seed Sower|[of] p2a: Arboliva\n|\n|-heal|p2a: Arboliva|245/290|[from] Grassy Terrain\n|-heal|p2a: Arboliva|263/290|[from] item: Leftovers\n|upkeep\n|turn|8\n|\n|t:|1782769045\n|move|p1a: Porygon2|Ice Beam|p2a: Arboliva\n|-supereffective|p2a: Arboliva\n|-damage|p2a: Arboliva|155/290\n|move|p2a: Arboliva|Energy Ball|p1a: Porygon2\n|-damage|p1a: Porygon2|156/270\n|\n|-heal|p1a: Porygon2|172/270|[from] Grassy Terrain\n|-heal|p2a: Arboliva|173/290|[from] Grassy Terrain\n|-heal|p2a: Arboliva|191/290|[from] item: Leftovers\n|upkeep\n|turn|9\n|\n|t:|1782769048\n|move|p1a: Porygon2|Ice Beam|p2a: Arboliva\n|-supereffective|p2a: Arboliva\n|-damage|p2a: Arboliva|97/290\n|move|p2a: Arboliva|Energy Ball|p1a: Porygon2\n|-damage|p1a: Porygon2|46/270\n|-unboost|p1a: Porygon2|spd|1\n|\n|-heal|p1a: Porygon2|62/270|[from] Grassy Terrain\n|-heal|p2a: Arboliva|115/290|[from] Grassy Terrain\n|-heal|p2a: Arboliva|133/290|[from] item: Leftovers\n|upkeep\n|turn|10\n|\n|t:|1782769060\n|switch|p1a: Cryogonal|Cryogonal, L89|118/287\n|move|p2a: Arboliva|Energy Ball|p1a: Cryogonal\n|-damage|p1a: Cryogonal|9/287\n|\n|-heal|p2a: Arboliva|151/290|[from] Grassy Terrain\n|-heal|p2a: Arboliva|169/290|[from] item: Leftovers\n|upkeep\n|turn|11\n|\n|t:|1782769062\n|move|p1a: Cryogonal|Recover|p1a: Cryogonal\n|-heal|p1a: Cryogonal|153/287\n|move|p2a: Arboliva|Strength Sap|p1a: Cryogonal\n|-unboost|p1a: Cryogonal|atk|1\n|-heal|p2a: Arboliva|290/290\n|\n|-fieldend|move: Grassy Terrain\n|upkeep\n|turn|12\n|\n|t:|1782769064\n|move|p1a: Cryogonal|Recover|p1a: Cryogonal\n|-heal|p1a: Cryogonal|287/287\n|move|p2a: Arboliva|Energy Ball|p1a: Cryogonal\n|-damage|p1a: Cryogonal|193/287\n|\n|upkeep\n|turn|13\n|\n|t:|1782769067\n|move|p1a: Cryogonal|Ice Beam|p2a: Arboliva\n|-supereffective|p2a: Arboliva\n|-damage|p2a: Arboliva|110/290\n|-fieldstart|move: Grassy Terrain|[from] ability: Seed Sower|[of] p2a: Arboliva\n|move|p2a: Arboliva|Strength Sap|p1a: Cryogonal\n|-unboost|p1a: Cryogonal|atk|1\n|-heal|p2a: Arboliva|203/290\n|\n|-heal|p2a: Arboliva|221/290|[from] Grassy Terrain\n|-heal|p2a: Arboliva|239/290|[from] item: Leftovers\n|upkeep\n|turn|14\n|\n|t:|1782769070\n|move|p1a: Cryogonal|Ice Beam|p2a: Arboliva\n|-supereffective|p2a: Arboliva\n|-damage|p2a: Arboliva|75/290\n|move|p2a: Arboliva|Energy Ball|p1a: Cryogonal\n|-damage|p1a: Cryogonal|81/287\n|\n|-heal|p2a: Arboliva|93/290|[from] Grassy Terrain\n|-heal|p2a: Arboliva|111/290|[from] item: Leftovers\n|upkeep\n|turn|15\n|\n|t:|1782769073\n|switch|p2a: Gholdengo|Gholdengo, L77|261/261\n|move|p1a: Cryogonal|Recover|p1a: Cryogonal\n|-heal|p1a: Cryogonal|225/287\n|\n|upkeep\n|turn|16\n|\n|t:|1782769077\n|switch|p1a: Ho-Oh|Ho-Oh, L71|268/268\n|move|p2a: Gholdengo|Make It Rain|p1a: Ho-Oh\n|-resisted|p1a: Ho-Oh\n|-damage|p1a: Ho-Oh|217/268\n|-unboost|p2a: Gholdengo|spa|1\n|\n|upkeep\n|turn|17\n|\n|t:|1782769080\n|move|p2a: Gholdengo|Thunder Wave|p1a: Ho-Oh\n|-status|p1a: Ho-Oh|par\n|move|p1a: Ho-Oh|Sacred Fire|p2a: Gholdengo\n|-supereffective|p2a: Gholdengo\n|-damage|p2a: Gholdengo|55/261\n|-status|p2a: Gholdengo|brn\n|\n|-heal|p2a: Gholdengo|71/261 brn|[from] Grassy Terrain\n|-heal|p2a: Gholdengo|87/261 brn|[from] item: Leftovers\n|-damage|p2a: Gholdengo|71/261 brn|[from] brn\n|-fieldend|move: Grassy Terrain\n|upkeep\n|turn|18\n|\n|t:|1782769085\n|move|p2a: Gholdengo|Recover|p2a: Gholdengo\n|-heal|p2a: Gholdengo|202/261 brn\n|cant|p1a: Ho-Oh|par\n|\n|-heal|p2a: Gholdengo|218/261 brn|[from] item: Leftovers\n|-damage|p2a: Gholdengo|202/261 brn|[from] brn\n|upkeep\n|turn|19\n|\n|t:|1782769088\n|switch|p2a: Arbok|Arbok, L87, F|179/246\n|-ability|p2a: Arbok|Intimidate|boost\n|-unboost|p1a: Ho-Oh|atk|1\n|move|p1a: Ho-Oh|Sacred Fire|p2a: Arbok\n|-damage|p2a: Arbok|103/246\n|-status|p2a: Arbok|brn\n|\n|-heal|p2a: Arbok|118/246 brn|[from] item: Leftovers\n|-damage|p2a: Arbok|103/246 brn|[from] brn\n|upkeep\n|turn|20\n|\n|t:|1782769093\n|switch|p2a: Arboliva|Arboliva, L91, F|111/290\n|move|p1a: Ho-Oh|Earthquake|p2a: Arboliva\n|-resisted|p2a: Arboliva\n|-damage|p2a: Arboliva|91/290\n|-fieldstart|move: Grassy Terrain|[from] ability: Seed Sower|[of] p2a: Arboliva\n|\n|-heal|p2a: Arboliva|109/290|[from] Grassy Terrain\n|-heal|p2a: Arboliva|127/290|[from] item: Leftovers\n|upkeep\n|turn|21\n|\n|t:|1782769100\n|switch|p1a: Zebstrika|Zebstrika, L87, F|184/272\n|move|p2a: Arboliva|Strength Sap|p1a: Zebstrika\n|-ability|p1a: Zebstrika|Sap Sipper|boost\n|-boost|p1a: Zebstrika|atk|1\n|\n|-heal|p1a: Zebstrika|201/272|[from] Grassy Terrain\n|-heal|p2a: Arboliva|145/290|[from] Grassy Terrain\n|-heal|p2a: Arboliva|163/290|[from] item: Leftovers\n|upkeep\n|turn|22\n|\n|t:|1782769103\n|move|p1a: Zebstrika|Overheat|p2a: Arboliva\n|-supereffective|p2a: Arboliva\n|-damage|p2a: Arboliva|0 fnt\n|-unboost|p1a: Zebstrika|spa|2\n|faint|p2a: Arboliva\n|-damage|p1a: Zebstrika|174/272|[from] item: Life Orb\n|\n|-heal|p1a: Zebstrika|191/272|[from] Grassy Terrain\n|upkeep\n|\n|t:|1782769104\n|switch|p2a: Garchomp|Garchomp, L74, M|214/282\n|turn|23\n|\n|t:|1782769107\n|switch|p2a: Arbok|Arbok, L87, F|103/246 brn\n|-ability|p2a: Arbok|Intimidate|boost\n|-unboost|p1a: Zebstrika|atk|1\n|move|p1a: Zebstrika|High Horsepower|p2a: Arbok\n|-supereffective|p2a: Arbok\n|-damage|p2a: Arbok|0 fnt\n|faint|p2a: Arbok\n|-damage|p1a: Zebstrika|164/272|[from] item: Life Orb\n|\n|-heal|p1a: Zebstrika|181/272|[from] Grassy Terrain\n|upkeep\n|\n|t:|1782769108\n|switch|p2a: Garchomp|Garchomp, L74, M|214/282\n|turn|24\n|\n|t:|1782769116\n|switch|p1a: Porygon2|Porygon2, L81|62/270\n|-ability|p1a: Porygon2|Download|boost\n|-boost|p1a: Porygon2|spa|1\n|move|p2a: Garchomp|Scale Shot|p1a: Porygon2\n|-damage|p1a: Porygon2|44/270\n|-damage|p1a: Porygon2|25/270\n|-damage|p1a: Porygon2|6/270\n|-damage|p1a: Porygon2|0 fnt\n|faint|p1a: Porygon2\n|-hitcount|p1: Porygon2|4\n|-unboost|p2a: Garchomp|def|1\n|-boost|p2a: Garchomp|spe|1\n|\n|-heal|p2a: Garchomp|231/282|[from] Grassy Terrain\n|-fieldend|move: Grassy Terrain\n|upkeep\n|\n|t:|1782769118\n|switch|p1a: Amoonguss|Amoonguss, L82, F|321/321\n|turn|25\n|\n|t:|1782769121\n|move|p2a: Garchomp|Swords Dance|p2a: Garchomp\n|-boost|p2a: Garchomp|atk|2\n|move|p1a: Amoonguss|Spore|p2a: Garchomp\n|-status|p2a: Garchomp|slp|[from] move: Spore\n|\n|upkeep\n|turn|26\n|\n|t:|1782769124\n|cant|p2a: Garchomp|slp\n|move|p1a: Amoonguss|Giga Drain|p2a: Garchomp\n|-damage|p2a: Garchomp|156/282 slp\n|\n|upkeep\n|turn|27\n|\n|t:|1782769126\n|cant|p2a: Garchomp|slp\n|move|p1a: Amoonguss|Giga Drain|p2a: Garchomp\n|-damage|p2a: Garchomp|69/282 slp\n|\n|upkeep\n|turn|28\n|\n|t:|1782769128\n|-terastallize|p2a: Garchomp|Fire\n|-curestatus|p2a: Garchomp|slp|[msg]\n|move|p2a: Garchomp|Fire Fang|p1a: Amoonguss\n|-supereffective|p1a: Amoonguss\n|-damage|p1a: Amoonguss|0 fnt\n|-damage|p2a: Garchomp|22/282|[from] item: Rocky Helmet|[of] p1a: Amoonguss\n|faint|p1a: Amoonguss\n|\n|upkeep\n|\n|t:|1782769136\n|switch|p1a: Ho-Oh|Ho-Oh, L71|268/268 par\n|turn|29\n|\n|t:|1782769141\n|-terastallize|p1a: Ho-Oh|Steel\n|move|p2a: Garchomp|Scale Shot|p1a: Ho-Oh\n|-resisted|p1a: Ho-Oh\n|-damage|p1a: Ho-Oh|236/268 par\n|-resisted|p1a: Ho-Oh\n|-damage|p1a: Ho-Oh|205/268 par\n|-resisted|p1a: Ho-Oh\n|-damage|p1a: Ho-Oh|175/268 par\n|-resisted|p1a: Ho-Oh\n|-damage|p1a: Ho-Oh|142/268 par\n|-hitcount|p1a: Ho-Oh|4\n|-unboost|p2a: Garchomp|def|1\n|-boost|p2a: Garchomp|spe|1\n|move|p1a: Ho-Oh|Earthquake|p2a: Garchomp\n|-supereffective|p2a: Garchomp\n|-damage|p2a: Garchomp|0 fnt\n|faint|p2a: Garchomp\n|\n|upkeep\n|\n|t:|1782769141\n|switch|p2a: Qwilfish|Qwilfish-Hisui, L83, M|150/244\n|-ability|p2a: Qwilfish|Intimidate|boost\n|-unboost|p1a: Ho-Oh|atk|1\n|turn|30\n|\n|t:|1782769150\n|move|p2a: Qwilfish|Crunch|p1a: Ho-Oh\n|-damage|p1a: Ho-Oh|54/268 par\n|move|p1a: Ho-Oh|Recover|p1a: Ho-Oh\n|-heal|p1a: Ho-Oh|188/268 par\n|\n|upkeep\n|turn|31\n|\n|t:|1782769157\n|switch|p1a: Rampardos|Rampardos, L90, M|321/321\n|move|p2a: Qwilfish|Crunch|p1a: Rampardos\n|-damage|p1a: Rampardos|213/321\n|\n|upkeep\n|turn|32\n|\n|t:|1782769159\n|switch|p2a: Deoxys|Deoxys-Speed, L82|216/216\n|-ability|p2a: Deoxys|Pressure\n|move|p1a: Rampardos|Earthquake|p2a: Deoxys\n|-damage|p2a: Deoxys|55/216\n|-damage|p1a: Rampardos|181/321|[from] item: Life Orb\n|\n|-heal|p2a: Deoxys|68/216|[from] item: Leftovers\n|upkeep\n|turn|33\n|\n|t:|1782769172\n|move|p2a: Deoxys|Superpower|p1a: Rampardos\n|-supereffective|p1a: Rampardos\n|-damage|p1a: Rampardos|0 fnt\n|-unboost|p2a: Deoxys|atk|1\n|-unboost|p2a: Deoxys|def|1\n|faint|p1a: Rampardos\n|\n|-heal|p2a: Deoxys|81/216|[from] item: Leftovers\n|upkeep\n|\n|t:|1782769176\n|switch|p1a: Cryogonal|Cryogonal, L89|225/287\n|turn|34\n|\n|t:|1782769180\n|switch|p2a: Gholdengo|Gholdengo, L77|202/261 brn\n|move|p1a: Cryogonal|Ice Beam|p2a: Gholdengo\n|-resisted|p2a: Gholdengo\n|-damage|p2a: Gholdengo|148/261 brn\n|\n|-heal|p2a: Gholdengo|164/261 brn|[from] item: Leftovers\n|-damage|p2a: Gholdengo|148/261 brn|[from] brn\n|upkeep\n|turn|35\n|\n|t:|1782769184\n|switch|p1a: Ho-Oh|Ho-Oh, L71, tera:Steel|268/268 par\n|switch|p2a: Deoxys|Deoxys-Speed, L82|81/216\n|-ability|p2a: Deoxys|Pressure\n|\n|-heal|p2a: Deoxys|94/216|[from] item: Leftovers\n|upkeep\n|turn|36\n|\n|t:|1782769187\n|move|p2a: Deoxys|Superpower|p1a: Ho-Oh\n|-supereffective|p1a: Ho-Oh\n|-damage|p1a: Ho-Oh|96/268 par\n|-unboost|p2a: Deoxys|atk|1\n|-unboost|p2a: Deoxys|def|1\n|cant|p1a: Ho-Oh|par\n|\n|-heal|p2a: Deoxys|107/216|[from] item: Leftovers\n|upkeep\n|turn|37\n|\n|t:|1782769193\n|switch|p1a: Zebstrika|Zebstrika, L87, F|181/272\n|move|p2a: Deoxys|Superpower|p1a: Zebstrika\n|-damage|p1a: Zebstrika|117/272\n|-unboost|p2a: Deoxys|atk|1\n|-unboost|p2a: Deoxys|def|1\n|\n|-heal|p2a: Deoxys|120/216|[from] item: Leftovers\n|upkeep\n|turn|38\n|\n|t:|1782769196\n|switch|p1a: Ho-Oh|Ho-Oh, L71, tera:Steel|185/268 par\n|move|p2a: Deoxys|Psycho Boost|p1a: Ho-Oh\n|-resisted|p1a: Ho-Oh\n|-crit|p1a: Ho-Oh\n|-damage|p1a: Ho-Oh|109/268 par\n|-unboost|p2a: Deoxys|spa|2\n|\n|-heal|p2a: Deoxys|133/216|[from] item: Leftovers\n|upkeep\n|turn|39\n|\n|t:|1782769198\n|switch|p2a: Qwilfish|Qwilfish-Hisui, L83, M|150/244\n|-ability|p2a: Qwilfish|Intimidate|boost\n|-unboost|p1a: Ho-Oh|atk|1\n|cant|p1a: Ho-Oh|par\n|\n|upkeep\n|turn|40\n|\n|t:|1782769202\n|move|p2a: Qwilfish|Crunch|p1a: Ho-Oh\n|-damage|p1a: Ho-Oh|7/268 par\n|move|p1a: Ho-Oh|Recover|p1a: Ho-Oh\n|-heal|p1a: Ho-Oh|141/268 par\n|\n|upkeep\n|turn|41\n|\n|t:|1782769207\n|switch|p1a: Cryogonal|Cryogonal, L89|225/287\n|move|p2a: Qwilfish|Crunch|p1a: Cryogonal\n|-damage|p1a: Cryogonal|111/287\n|\n|upkeep\n|turn|42\n|\n|t:|1782769210\n|switch|p2a: Deoxys|Deoxys-Speed, L82|133/216\n|-ability|p2a: Deoxys|Pressure\n|move|p1a: Cryogonal|Recover|p1a: Cryogonal\n|-heal|p1a: Cryogonal|255/287\n|\n|-heal|p2a: Deoxys|146/216|[from] item: Leftovers\n|upkeep\n|turn|43\n|\n|t:|1782769217\n|move|p2a: Deoxys|Superpower|p1a: Cryogonal\n|-supereffective|p1a: Cryogonal\n|-damage|p1a: Cryogonal|37/287\n|-unboost|p2a: Deoxys|atk|1\n|-unboost|p2a: Deoxys|def|1\n|move|p1a: Cryogonal|Ice Beam|p2a: Deoxys\n|-crit|p2a: Deoxys\n|-damage|p2a: Deoxys|0 fnt\n|faint|p2a: Deoxys\n|\n|upkeep\n|\n|t:|1782769218\n|switch|p2a: Gholdengo|Gholdengo, L77|148/261 brn\n|turn|44\n|\n|t:|1782769225\n|switch|p1a: Ho-Oh|Ho-Oh, L71, tera:Steel|230/268 par\n|move|p2a: Gholdengo|Thunder Wave|p1a: Ho-Oh\n|-fail|p1a: Ho-Oh|par\n|\n|-heal|p2a: Gholdengo|164/261 brn|[from] item: Leftovers\n|-damage|p2a: Gholdengo|148/261 brn|[from] brn\n|upkeep\n|turn|45\n|\n|t:|1782769229\n|move|p2a: Gholdengo|Recover|p2a: Gholdengo\n|-heal|p2a: Gholdengo|261/261 brn\n|move|p1a: Ho-Oh|Earthquake|p2a: Gholdengo\n|-supereffective|p2a: Gholdengo\n|-damage|p2a: Gholdengo|131/261 brn\n|\n|-heal|p2a: Gholdengo|147/261 brn|[from] item: Leftovers\n|-damage|p2a: Gholdengo|131/261 brn|[from] brn\n|upkeep\n|turn|46\n|\n|t:|1782769231\n|move|p2a: Gholdengo|Recover|p2a: Gholdengo\n|-heal|p2a: Gholdengo|261/261 brn\n|move|p1a: Ho-Oh|Sacred Fire|p2a: Gholdengo\n|-supereffective|p2a: Gholdengo\n|-damage|p2a: Gholdengo|79/261 brn\n|\n|-heal|p2a: Gholdengo|95/261 brn|[from] item: Leftovers\n|-damage|p2a: Gholdengo|79/261 brn|[from] brn\n|upkeep\n|turn|47\n|\n|t:|1782769234\n|switch|p2a: Qwilfish|Qwilfish-Hisui, L83, M|150/244\n|-ability|p2a: Qwilfish|Intimidate|boost\n|-unboost|p1a: Ho-Oh|atk|1\n|move|p1a: Ho-Oh|Sacred Fire|p2a: Qwilfish\n|-damage|p2a: Qwilfish|104/244\n|\n|upkeep\n|turn|48\n|\n|t:|1782769239\n|move|p2a: Qwilfish|Gunk Shot|p1a: Ho-Oh\n|-immune|p1a: Ho-Oh\n|move|p1a: Ho-Oh|Sacred Fire|p2a: Qwilfish|[miss]\n|-miss|p1a: Ho-Oh|p2a: Qwilfish\n|\n|upkeep\n|turn|49\n|\n|t:|1782769245\n|switch|p2a: Gholdengo|Gholdengo, L77|79/261 brn\n|move|p1a: Ho-Oh|Earthquake|p2a: Gholdengo\n|-supereffective|p2a: Gholdengo\n|-damage|p2a: Gholdengo|0 fnt\n|faint|p2a: Gholdengo\n|\n|upkeep\n|\n|t:|1782769246\n|switch|p2a: Qwilfish|Qwilfish-Hisui, L83, M|104/244\n|-ability|p2a: Qwilfish|Intimidate|boost\n|-unboost|p1a: Ho-Oh|atk|1\n|turn|50\n|\n|t:|1782769247\n|move|p2a: Qwilfish|Gunk Shot|p1a: Ho-Oh\n|-immune|p1a: Ho-Oh\n|cant|p1a: Ho-Oh|par\n|\n|upkeep\n|turn|51\n|\n|t:|1782769249\n|move|p2a: Qwilfish|Gunk Shot|p1a: Ho-Oh\n|-immune|p1a: Ho-Oh\n|move|p1a: Ho-Oh|Earthquake|p2a: Qwilfish\n|-supereffective|p2a: Qwilfish\n|-damage|p2a: Qwilfish|58/244\n|\n|upkeep\n|turn|52\n|\n|t:|1782769251\n|move|p2a: Qwilfish|Spikes|p1a: Ho-Oh\n|-sidestart|p1: milkreo|Spikes\n|move|p1a: Ho-Oh|Earthquake|p2a: Qwilfish\n|-supereffective|p2a: Qwilfish\n|-damage|p2a: Qwilfish|12/244\n|\n|upkeep\n|turn|53\n|\n|t:|1782769253\n|move|p2a: Qwilfish|Crunch|p1a: Ho-Oh\n|-damage|p1a: Ho-Oh|136/268 par\n|move|p1a: Ho-Oh|Earthquake|p2a: Qwilfish\n|-supereffective|p2a: Qwilfish\n|-damage|p2a: Qwilfish|0 fnt\n|faint|p2a: Qwilfish\n|\n|win|milkreo\n|raw|milkreo's rating: 2439 &rarr; <strong>2453</strong><br />(+14 for winning)\n|raw|notmetbh102's rating: 2337 &rarr; <strong>2323</strong><br />(-14 for losing)\n|c|\u2606notmetbh102|gg\n", "inputlog": ">version f8ac14003a5f27e1bdc8d8c59608a773c1cb96e5\n>start {\"formatid\":\"gen9randombattle\",\"seed\":\"sodium,683cb61e3034e34976c0b3e1a03fbe57\",\"rated\":\"Rated battle\"}\n>player p1 {\"name\":\"milkreo\",\"avatar\":\"102\",\"rating\":2439,\"seed\":\"sodium,8199b50046f99cc186a44fb66b129047\"}\n>player p2 {\"name\":\"notmetbh102\",\"avatar\":\"2\",\"rating\":2337,\"seed\":\"sodium,59a70cb4428b1f0bfe311bde2c50b88d\"}\n>chat \u2606notmetbh102|hf\n>p1 move highhorsepower\n>p2 move gunkshot\n>p1 move highhorsepower\n>p2 switch 4\n>p1 switch 4\n>p2 move scaleshot\n>p1 switch 5\n>p2 move scaleshot\n>p1 move recover\n>p2 switch 5\n>p1 move triattack\n>p2 move gunkshot\n>p1 move triattack\n>p2 switch 6\n>p1 move icebeam\n>p2 move energyball\n>p1 move icebeam\n>p2 move energyball\n>p1 switch 5\n>p2 move energyball\n>p1 move recover\n>p2 move strengthsap\n>p1 move recover\n>p2 move energyball\n>p1 move icebeam\n>p2 move strengthsap\n>p1 move icebeam\n>p2 move energyball\n>p1 move recover\n>p2 switch 2\n>p1 switch 3\n>p2 move makeitrain\n>p1 move sacredfire\n>p2 move thunderwave\n>p1 move earthquake\n>p2 move recover\n>p1 move sacredfire\n>p2 switch 6\n>p1 move earthquake\n>p2 switch 2\n>p1 switch 4\n>p2 move strengthsap\n>p1 move overheat\n>p2 move hypervoice\n>p2 switch 5\n>p1 move highhorsepower\n>p2 switch 2\n>p2 switch 2\n>p1 switch 5\n>p2 move scaleshot\n>p1 switch 6\n>p1 move spore\n>p2 move swordsdance\n>p1 move gigadrain\n>p2 move scaleshot\n>p1 move gigadrain\n>p2 move earthquake\n>p1 move gigadrain\n>p2 move firefang terastallize\n>p1 switch 4\n>p1 move earthquake terastallize\n>p2 move scaleshot\n>p2 switch 4\n>p1 move recover\n>p2 move crunch\n>p1 switch 2\n>p2 move crunch\n>p1 move earthquake\n>p2 switch 3\n>p1 move earthquake\n>p2 move superpower\n>p1 switch 3\n>p1 move icebeam\n>p2 switch 6\n>p1 switch 2\n>p2 switch 6\n>p1 move bravebird\n>p2 move superpower\n>p1 switch 5\n>p2 move superpower\n>p1 switch 5\n>p2 move psychoboost\n>p1 move recover\n>p2 switch 3\n>p1 move recover\n>p2 move crunch\n>p1 switch 2\n>p2 move crunch\n>p1 move recover\n>p2 switch 3\n>p1 move icebeam\n>p2 move superpower\n>p2 switch 6\n>p1 switch 2\n>p2 move thunderwave\n>p1 move earthquake\n>p2 move recover\n>p1 move sacredfire\n>p2 move recover\n>p1 move sacredfire\n>p2 switch 3\n>p1 move sacredfire\n>p2 move gunkshot\n>p1 move earthquake\n>p2 switch 3\n>p2 switch 3\n>p1 move earthquake\n>p2 move gunkshot\n>p1 move earthquake\n>p2 move gunkshot\n>p1 move earthquake\n>p2 move spikes\n>p1 move earthquake\n>p2 move crunch", "uploadtime": 1782769254, "views": 11, "formatid": "gen9randombattle", "rating": 2323, "private": 0, "password": null, "player_dets": [{"name": "milkreo", "avatar": "102", "rating": 2439, "seed": "sodium,8199b50046f99cc186a44fb66b129047"}, {"name": "notmetbh102", "avatar": "2", "rating": 2337, "seed": "sodium,59a70cb4428b1f0bfe311bde2c50b88d"}], "teams_full": [{"Zebstrika": {"name": "Zebstrika", "species": "Zebstrika", "speciesId": "zebstrika", "gender": "F", "shiny": false, "level": 87, "moves": ["voltswitch", "highhorsepower", "overheat", "supercellslam"], "ability": "Sap Sipper", "evs": {"hp": 85, "atk": 85, "def": 85, "spa": 85, "spd": 85, "spe": 85}, "ivs": {"hp": 31, "atk": 31, "def": 31, "spa": 31, "spd": 31, "spe": 31}, "item": "Life Orb", "teraType": "Ground", "role": "Fast Attacker", "bvs": {"hp": 75, "atk": 100, "def": 63, "spa": 80, "spd": 63, "spe": 116}, "stats": {"hp": 272, "atk": 224, "def": 159, "spa": 189, "spd": 159, "spe": 252}, "types": ["Electric"]}, "Rampardos": {"name": "Rampardos", "species": "Rampardos", "speciesId": "rampardos", "gender": "M", "shiny": false, "level": 90, "moves": ["firepunch", "earthquake", "rockslide", "zenheadbutt"], "ability": "Sheer Force", "evs": {"hp": 85, "atk": 85, "def": 85, "spa": 85, "spd": 85, "spe": 85}, "ivs": {"hp": 31, "atk": 31, "def": 31, "spa": 31, "spd": 31, "spe": 31}, "item": "Life Orb", "teraType": "Rock", "role": "Wallbreaker", "bvs": {"hp": 97, "atk": 165, "def": 60, "spa": 65, "spd": 50, "spe": 58}, "stats": {"hp": 321, "atk": 348, "def": 159, "spa": 168, "spd": 141, "spe": 156}, "types": ["Rock"]}, "Ho-Oh": {"name": "Ho-Oh", "species": "Ho-Oh", "speciesId": "hooh", "gender": "N", "shiny": false, "level": 71, "moves": ["bravebird", "recover", "earthquake", "sacredfire"], "ability": "Regenerator", "evs": {"hp": 85, "atk": 85, "def": 85, "spa": 85, "spd": 85, "spe": 85}, "ivs": {"hp": 31, "atk": 31, "def": 31, "spa": 31, "spd": 31, "spe": 31}, "item": "Heavy-Duty Boots", "teraType": "Steel", "role": "Bulky Attacker", "bvs": {"hp": 106, "atk": 130, "def": 90, "spa": 110, "spd": 154, "spe": 90}, "stats": {"hp": 268, "atk": 226, "def": 169, "spa": 198, "spd": 260, "spe": 169}, "types": ["Fire", "Flying"]}, "Cryogonal": {"name": "Cryogonal", "species": "Cryogonal", "speciesId": "cryogonal", "gender": "N", "shiny": false, "level": 89, "moves": ["icebeam", "recover", "terablast", "rapidspin"], "ability": "Levitate", "evs": {"hp": 85, "atk": 85, "def": 85, "spa": 85, "spd": 85, "spe": 85}, "ivs": {"hp": 31, "atk": 31, "def": 31, "spa": 31, "spd": 31, "spe": 31}, "item": "Heavy-Duty Boots", "teraType": "Electric", "role": "Tera Blast user", "bvs": {"hp": 80, "atk": 50, "def": 50, "spa": 95, "spd": 135, "spe": 105}, "stats": {"hp": 287, "atk": 140, "def": 140, "spa": 220, "spd": 291, "spe": 238}, "types": ["Ice"]}, "Porygon2": {"name": "Porygon2", "species": "Porygon2", "speciesId": "porygon2", "gender": "N", "shiny": false, "level": 81, "moves": ["recover", "icebeam", "triattack", "discharge"], "ability": "Download", "evs": {"hp": 85, "atk": 0, "def": 85, "spa": 85, "spd": 85, "spe": 85}, "ivs": {"hp": 31, "atk": 0, "def": 31, "spa": 31, "spd": 31, "spe": 31}, "item": "Eviolite", "teraType": "Ghost", "role": "Bulky Support", "bvs": {"hp": 85, "atk": 80, "def": 90, "spa": 105, "spd": 95, "spe": 60}, "stats": {"hp": 270, "atk": 134, "def": 192, "spa": 217, "spd": 201, "spe": 144}, "types": ["Normal"]}, "Amoonguss": {"name": "Amoonguss", "species": "Amoonguss", "speciesId": "amoonguss", "gender": "F", "shiny": false, "level": 82, "moves": ["spore", "gigadrain", "stompingtantrum", "sludgebomb"], "ability": "Regenerator", "evs": {"hp": 85, "atk": 85, "def": 85, "spa": 85, "spd": 85, "spe": 85}, "ivs": {"hp": 31, "atk": 31, "def": 31, "spa": 31, "spd": 31, "spe": 31}, "item": "Rocky Helmet", "teraType": "Steel", "role": "Bulky Attacker", "bvs": {"hp": 114, "atk": 85, "def": 70, "spa": 85, "spd": 80, "spe": 30}, "stats": {"hp": 321, "atk": 187, "def": 162, "spa": 187, "spd": 178, "spe": 96}, "types": ["Grass", "Poison"]}}, {"Qwilfish": {"name": "Qwilfish", "species": "Qwilfish-Hisui", "speciesId": "qwilfishhisui", "gender": "M", "shiny": false, "level": 83, "moves": ["toxicspikes", "gunkshot", "crunch", "spikes"], "ability": "Intimidate", "evs": {"hp": 85, "atk": 85, "def": 85, "spa": 85, "spd": 85, "spe": 85}, "ivs": {"hp": 31, "atk": 31, "def": 31, "spa": 31, "spd": 31, "spe": 31}, "item": "Eviolite", "teraType": "Flying", "role": "Bulky Support", "bvs": {"hp": 65, "atk": 95, "def": 85, "spa": 55, "spd": 55, "spe": 85}, "stats": {"hp": 244, "atk": 205, "def": 189, "spa": 139, "spd": 139, "spe": 189}, "types": ["Dark", "Poison"]}, "Gholdengo": {"name": "Gholdengo", "species": "Gholdengo", "speciesId": "gholdengo", "gender": "N", "shiny": false, "level": 77, "moves": ["recover", "makeitrain", "thunderwave", "shadowball"], "ability": "Good as Gold", "evs": {"hp": 85, "atk": 0, "def": 85, "spa": 85, "spd": 85, "spe": 85}, "ivs": {"hp": 31, "atk": 0, "def": 31, "spa": 31, "spd": 31, "spe": 31}, "item": "Leftovers", "teraType": "Water", "role": "Bulky Support", "bvs": {"hp": 87, "atk": 60, "def": 95, "spa": 133, "spd": 91, "spe": 84}, "stats": {"hp": 261, "atk": 97, "def": 191, "spa": 249, "spd": 185, "spe": 174}, "types": ["Steel", "Ghost"]}, "Deoxys": {"name": "Deoxys", "species": "Deoxys-Speed", "speciesId": "deoxysspeed", "gender": "N", "shiny": false, "level": 82, "moves": ["superpower", "spikes", "taunt", "psychoboost"], "ability": "Pressure", "evs": {"hp": 85, "atk": 85, "def": 85, "spa": 85, "spd": 85, "spe": 85}, "ivs": {"hp": 31, "atk": 31, "def": 31, "spa": 31, "spd": 31, "spe": 31}, "item": "Leftovers", "teraType": "Ghost", "role": "Fast Support", "bvs": {"hp": 50, "atk": 95, "def": 90, "spa": 95, "spd": 90, "spe": 180}, "stats": {"hp": 216, "atk": 203, "def": 195, "spa": 203, "spd": 195, "spe": 342}, "types": ["Psychic"]}, "Garchomp": {"name": "Garchomp", "species": "Garchomp", "speciesId": "garchomp", "gender": "M", "shiny": false, "level": 74, "moves": ["earthquake", "swordsdance", "firefang", "scaleshot"], "ability": "Rough Skin", "evs": {"hp": 85, "atk": 85, "def": 85, "spa": 85, "spd": 85, "spe": 85}, "ivs": {"hp": 31, "atk": 31, "def": 31, "spa": 31, "spd": 31, "spe": 31}, "item": "Loaded Dice", "teraType": "Fire", "role": "Setup Sweeper", "bvs": {"hp": 108, "atk": 130, "def": 95, "spa": 80, "spd": 85, "spe": 102}, "stats": {"hp": 282, "atk": 235, "def": 184, "spa": 161, "spd": 169, "spe": 194}, "types": ["Dragon", "Ground"]}, "Arbok": {"name": "Arbok", "species": "Arbok", "speciesId": "arbok", "gender": "F", "shiny": false, "level": 87, "moves": ["gunkshot", "earthquake", "suckerpunch", "coil"], "ability": "Intimidate", "evs": {"hp": 85, "atk": 85, "def": 85, "spa": 85, "spd": 85, "spe": 85}, "ivs": {"hp": 31, "atk": 31, "def": 31, "spa": 31, "spd": 31, "spe": 31}, "item": "Leftovers", "teraType": "Dark", "role": "Bulky Attacker", "bvs": {"hp": 60, "atk": 95, "def": 69, "spa": 65, "spd": 79, "spe": 80}, "stats": {"hp": 246, "atk": 215, "def": 170, "spa": 163, "spd": 187, "spe": 189}, "types": ["Poison"]}, "Arboliva": {"name": "Arboliva", "species": "Arboliva", "speciesId": "arboliva", "gender": "F", "shiny": false, "level": 91, "moves": ["energyball", "earthpower", "strengthsap", "hypervoice"], "ability": "Seed Sower", "evs": {"hp": 85, "atk": 0, "def": 85, "spa": 85, "spd": 85, "spe": 85}, "ivs": {"hp": 31, "atk": 0, "def": 31, "spa": 31, "spd": 31, "spe": 31}, "item": "Leftovers", "teraType": "Ground", "role": "Bulky Attacker", "bvs": {"hp": 78, "atk": 69, "def": 90, "spa": 125, "spd": 109, "spe": 39}, "stats": {"hp": 290, "atk": 130, "def": 216, "spa": 279, "spd": 250, "spe": 123}, "types": ["Grass", "Normal"]}}]}