{"id": "gen9randombattle-2641071777", "format": "[Gen 9] Random Battle", "players": ["Oh No! Charizard", "fredmeister"], "log": "|j|\u2606Oh No! Charizard\n|j|\u203dfredmeister\n|t:|1782736233\n|gametype|singles\n|player|p1|Oh No! Charizard|miku-ice|2037\n|player|p2|fredmeister|170|2056\n|gen|9\n|tier|[Gen 9] Random Battle\n|rated|\n|rule|Species Clause: Limit one of each Pok\u00e9mon\n|rule|HP Percentage Mod: HP is shown in percentages\n|rule|Sleep Clause Mod: Limit one foe put to sleep\n|rule|Illusion Level Mod: Illusion disguises the Pok\u00e9mon's true level\n|\n|t:|1782736233\n|teamsize|p1|6\n|teamsize|p2|6\n|start\n|switch|p1a: Iron Jugulis|Iron Jugulis, L77|271/271\n|switch|p2a: Sunflora|Sunflora, M|312/312\n|turn|1\n|inactive|Battle timer is ON: inactive players will automatically lose when time's up. (requested by Oh No! Charizard)\n|\n|t:|1782736251\n|switch|p2a: Lumineon|Lumineon, L93, F|279/279\n|move|p1a: Iron Jugulis|Meteor Beam||[still]\n|-prepare|p1a: Iron Jugulis|Meteor Beam\n|-boost|p1a: Iron Jugulis|spa|1\n|-enditem|p1a: Iron Jugulis|Power Herb\n|-anim|p1a: Iron Jugulis|Meteor Beam|p2a: Lumineon\n|-damage|p2a: Lumineon|172/279\n|\n|upkeep\n|turn|2\n|\n|t:|1782736277\n|-end|p1a: Iron Jugulis|Quark Drive|[silent]\n|switch|p1a: Lapras|Lapras, L87, M|368/368\n|move|p2a: Lumineon|Encore||[still]\n|-fail|p2a: Lumineon\n|\n|upkeep\n|turn|3\n|\n|t:|1782736287\n|switch|p2a: Kricketune|Kricketune, L99, M|312/312\n|move|p1a: Lapras|Freeze-Dry|p2a: Kricketune\n|-damage|p2a: Kricketune|225/312\n|\n|upkeep\n|turn|4\n|\n|t:|1782736294\n|switch|p1a: Espeon|Espeon, L84, M|246/246\n|move|p2a: Kricketune|Sticky Web|p1a: Espeon\n|move|p1a: Espeon|Sticky Web|p2a: Kricketune|[from] ability: Magic Bounce\n|-sidestart|p2: fredmeister|move: Sticky Web\n|\n|upkeep\n|turn|5\n|\n|t:|1782736305\n|move|p1a: Espeon|Psychic|p2a: Kricketune\n|-damage|p2a: Kricketune|40/312\n|-damage|p1a: Espeon|222/246|[from] item: Life Orb\n|move|p2a: Kricketune|Pounce|p1a: Espeon\n|-supereffective|p1a: Espeon\n|-damage|p1a: Espeon|0 fnt\n|faint|p1a: Espeon\n|\n|upkeep\n|\n|t:|1782736314\n|switch|p1a: Iron Jugulis|Iron Jugulis, L77|271/271\n|turn|6\n|\n|t:|1782736320\n|move|p1a: Iron Jugulis|Dark Pulse|p2a: Kricketune\n|-damage|p2a: Kricketune|0 fnt\n|faint|p2a: Kricketune\n|\n|upkeep\n|\n|t:|1782736326\n|switch|p2a: Wigglytuff|Wigglytuff, L96, M|424/424\n|-activate|p2a: Wigglytuff|move: Sticky Web\n|-unboost|p2a: Wigglytuff|spe|1\n|-ability|p2a: Wigglytuff|Competitive|boost\n|-boost|p2a: Wigglytuff|spa|2\n|turn|7\n|\n|t:|1782736332\n|-end|p1a: Iron Jugulis|Quark Drive|[silent]\n|switch|p1a: Oinkologne|Oinkologne, L92, M|352/352\n|move|p2a: Wigglytuff|Alluring Voice|p1a: Oinkologne\n|-damage|p1a: Oinkologne|156/352\n|\n|-heal|p1a: Oinkologne|178/352|[from] item: Leftovers\n|upkeep\n|turn|8\n|\n|t:|1782736350\n|move|p1a: Oinkologne|Body Slam|p2a: Wigglytuff\n|-damage|p2a: Wigglytuff|264/424\n|move|p2a: Wigglytuff|Alluring Voice|p1a: Oinkologne\n|-crit|p1a: Oinkologne\n|-damage|p1a: Oinkologne|0 fnt\n|faint|p1a: Oinkologne\n|\n|-heal|p2a: Wigglytuff|290/424|[from] item: Leftovers\n|upkeep\n|\n|t:|1782736360\n|switch|p1a: Lapras|Lapras, L87, M|368/368\n|turn|9\n|inactive|fredmeister has 120 seconds left.\n|\n|t:|1782736393\n|-terastallize|p1a: Lapras|Poison\n|move|p1a: Lapras|Freeze-Dry|p2a: Wigglytuff\n|-damage|p2a: Wigglytuff|193/424\n|move|p2a: Wigglytuff|Wish|p2a: Wigglytuff\n|\n|-heal|p2a: Wigglytuff|219/424|[from] item: Leftovers\n|upkeep\n|turn|10\n|\n|t:|1782736400\n|move|p1a: Lapras|Freeze-Dry|p2a: Wigglytuff\n|-damage|p2a: Wigglytuff|134/424\n|move|p2a: Wigglytuff|Knock Off|p1a: Lapras\n|-damage|p1a: Lapras|301/368\n|-enditem|p1a: Lapras|Heavy-Duty Boots|[from] move: Knock Off|[of] p2a: Wigglytuff\n|\n|-heal|p2a: Wigglytuff|346/424|[from] move: Wish|[wisher] Wigglytuff\n|-heal|p2a: Wigglytuff|372/424|[from] item: Leftovers\n|upkeep\n|turn|11\n|\n|t:|1782736410\n|move|p1a: Lapras|Freeze-Dry|p2a: Wigglytuff\n|-damage|p2a: Wigglytuff|287/424\n|-status|p2a: Wigglytuff|frz\n|cant|p2a: Wigglytuff|frz\n|\n|-heal|p2a: Wigglytuff|313/424 frz|[from] item: Leftovers\n|upkeep\n|turn|12\n|\n|t:|1782736417\n|move|p1a: Lapras|Freeze-Dry|p2a: Wigglytuff\n|-damage|p2a: Wigglytuff|226/424 frz\n|cant|p2a: Wigglytuff|frz\n|\n|-heal|p2a: Wigglytuff|252/424 frz|[from] item: Leftovers\n|upkeep\n|turn|13\n|\n|t:|1782736423\n|move|p1a: Lapras|Freeze-Dry|p2a: Wigglytuff\n|-damage|p2a: Wigglytuff|167/424 frz\n|cant|p2a: Wigglytuff|frz\n|\n|-heal|p2a: Wigglytuff|193/424 frz|[from] item: Leftovers\n|upkeep\n|turn|14\n|\n|t:|1782736429\n|move|p1a: Lapras|Freeze-Dry|p2a: Wigglytuff\n|-damage|p2a: Wigglytuff|100/424 frz\n|-curestatus|p2a: Wigglytuff|frz|[msg]\n|move|p2a: Wigglytuff|Wish|p2a: Wigglytuff\n|\n|-heal|p2a: Wigglytuff|126/424|[from] item: Leftovers\n|upkeep\n|turn|15\n|\n|t:|1782736436\n|move|p2a: Wigglytuff|Protect|p2a: Wigglytuff\n|-singleturn|p2a: Wigglytuff|Protect\n|move|p1a: Lapras|Freeze-Dry|p2a: Wigglytuff\n|-activate|p2a: Wigglytuff|move: Protect\n|\n|-heal|p2a: Wigglytuff|338/424|[from] move: Wish|[wisher] Wigglytuff\n|-heal|p2a: Wigglytuff|364/424|[from] item: Leftovers\n|upkeep\n|turn|16\n|\n|t:|1782736444\n|move|p1a: Lapras|Freeze-Dry|p2a: Wigglytuff\n|-damage|p2a: Wigglytuff|273/424\n|move|p2a: Wigglytuff|Wish|p2a: Wigglytuff\n|\n|-heal|p2a: Wigglytuff|299/424|[from] item: Leftovers\n|upkeep\n|turn|17\n|\n|t:|1782736450\n|move|p1a: Lapras|Freeze-Dry|p2a: Wigglytuff\n|-damage|p2a: Wigglytuff|208/424\n|move|p2a: Wigglytuff|Alluring Voice|p1a: Lapras\n|-resisted|p1a: Lapras\n|-damage|p1a: Lapras|211/368\n|\n|-heal|p2a: Wigglytuff|420/424|[from] move: Wish|[wisher] Wigglytuff\n|-heal|p2a: Wigglytuff|424/424|[from] item: Leftovers\n|upkeep\n|turn|18\n|\n|t:|1782736459\n|move|p1a: Lapras|Freeze-Dry|p2a: Wigglytuff\n|-damage|p2a: Wigglytuff|325/424\n|move|p2a: Wigglytuff|Alluring Voice|p1a: Lapras\n|-resisted|p1a: Lapras\n|-damage|p1a: Lapras|118/368\n|\n|-heal|p2a: Wigglytuff|351/424|[from] item: Leftovers\n|upkeep\n|turn|19\n|\n|t:|1782736465\n|move|p1a: Lapras|Rest|p1a: Lapras\n|-status|p1a: Lapras|slp|[from] move: Rest\n|-heal|p1a: Lapras|368/368 slp|[silent]\n|move|p2a: Wigglytuff|Wish|p2a: Wigglytuff\n|\n|-heal|p2a: Wigglytuff|377/424|[from] item: Leftovers\n|upkeep\n|turn|20\n|\n|t:|1782736472\n|cant|p1a: Lapras|slp\n|move|p1a: Lapras|Sleep Talk|p1a: Lapras\n|move|p1a: Lapras|Rest||[from] move: Sleep Talk|[still]\n|-fail|p1a: Lapras\n|move|p2a: Wigglytuff|Alluring Voice|p1a: Lapras\n|-resisted|p1a: Lapras\n|-damage|p1a: Lapras|275/368 slp\n|\n|-heal|p2a: Wigglytuff|424/424|[from] move: Wish|[wisher] Wigglytuff\n|upkeep\n|turn|21\n|\n|t:|1782736481\n|cant|p1a: Lapras|slp\n|move|p1a: Lapras|Sleep Talk|p1a: Lapras\n|move|p1a: Lapras|Sparkling Aria|p2a: Wigglytuff|[from] move: Sleep Talk\n|-damage|p2a: Wigglytuff|307/424\n|move|p2a: Wigglytuff|Alluring Voice|p1a: Lapras\n|-resisted|p1a: Lapras\n|-damage|p1a: Lapras|188/368 slp\n|\n|-heal|p2a: Wigglytuff|333/424|[from] item: Leftovers\n|upkeep\n|turn|22\n|\n|t:|1782736491\n|-curestatus|p1a: Lapras|slp|[msg]\n|move|p1a: Lapras|Sleep Talk||[still]\n|-fail|p1a: Lapras\n|move|p2a: Wigglytuff|Alluring Voice|p1a: Lapras\n|-resisted|p1a: Lapras\n|-damage|p1a: Lapras|92/368\n|\n|-heal|p2a: Wigglytuff|359/424|[from] item: Leftovers\n|upkeep\n|turn|23\n|\n|t:|1782736499\n|move|p1a: Lapras|Rest|p1a: Lapras\n|-status|p1a: Lapras|slp|[from] move: Rest\n|-heal|p1a: Lapras|368/368 slp|[silent]\n|move|p2a: Wigglytuff|Alluring Voice|p1a: Lapras\n|-resisted|p1a: Lapras\n|-damage|p1a: Lapras|281/368 slp\n|\n|-heal|p2a: Wigglytuff|385/424|[from] item: Leftovers\n|upkeep\n|turn|24\n|\n|t:|1782736507\n|cant|p1a: Lapras|slp\n|move|p1a: Lapras|Sleep Talk|p1a: Lapras\n|move|p1a: Lapras|Sparkling Aria|p2a: Wigglytuff|[from] move: Sleep Talk\n|-damage|p2a: Wigglytuff|258/424\n|move|p2a: Wigglytuff|Alluring Voice|p1a: Lapras\n|-resisted|p1a: Lapras\n|-damage|p1a: Lapras|198/368 slp\n|\n|-heal|p2a: Wigglytuff|284/424|[from] item: Leftovers\n|upkeep\n|turn|25\n|\n|t:|1782736516\n|cant|p1a: Lapras|slp\n|move|p1a: Lapras|Sleep Talk|p1a: Lapras\n|move|p1a: Lapras|Freeze-Dry|p2a: Wigglytuff|[from] move: Sleep Talk\n|-damage|p2a: Wigglytuff|184/424\n|move|p2a: Wigglytuff|Alluring Voice|p1a: Lapras\n|-resisted|p1a: Lapras\n|-damage|p1a: Lapras|100/368 slp\n|\n|-heal|p2a: Wigglytuff|210/424|[from] item: Leftovers\n|upkeep\n|turn|26\n|\n|t:|1782736526\n|-curestatus|p1a: Lapras|slp|[msg]\n|move|p1a: Lapras|Rest|p1a: Lapras\n|-status|p1a: Lapras|slp|[from] move: Rest\n|-heal|p1a: Lapras|368/368 slp|[silent]\n|move|p2a: Wigglytuff|Wish|p2a: Wigglytuff\n|\n|-heal|p2a: Wigglytuff|236/424|[from] item: Leftovers\n|upkeep\n|turn|27\n|\n|t:|1782736534\n|cant|p1a: Lapras|slp\n|move|p1a: Lapras|Sleep Talk|p1a: Lapras\n|move|p1a: Lapras|Rest||[from] move: Sleep Talk|[still]\n|-fail|p1a: Lapras\n|move|p2a: Wigglytuff|Knock Off|p1a: Lapras\n|-damage|p1a: Lapras|319/368 slp\n|\n|-heal|p2a: Wigglytuff|424/424|[from] move: Wish|[wisher] Wigglytuff\n|upkeep\n|turn|28\n|\n|t:|1782736543\n|cant|p1a: Lapras|slp\n|move|p1a: Lapras|Sleep Talk|p1a: Lapras\n|move|p1a: Lapras|Sparkling Aria|p2a: Wigglytuff|[from] move: Sleep Talk\n|-damage|p2a: Wigglytuff|309/424\n|move|p2a: Wigglytuff|Alluring Voice|p1a: Lapras\n|-resisted|p1a: Lapras\n|-damage|p1a: Lapras|226/368 slp\n|\n|-heal|p2a: Wigglytuff|335/424|[from] item: Leftovers\n|upkeep\n|turn|29\n|\n|t:|1782736554\n|-curestatus|p1a: Lapras|slp|[msg]\n|move|p1a: Lapras|Sparkling Aria|p2a: Wigglytuff\n|-damage|p2a: Wigglytuff|224/424\n|move|p2a: Wigglytuff|Wish|p2a: Wigglytuff\n|\n|-heal|p2a: Wigglytuff|250/424|[from] item: Leftovers\n|upkeep\n|turn|30\n|\n|t:|1782736562\n|move|p1a: Lapras|Sparkling Aria|p2a: Wigglytuff\n|-damage|p2a: Wigglytuff|141/424\n|move|p2a: Wigglytuff|Knock Off|p1a: Lapras\n|-damage|p1a: Lapras|174/368\n|\n|-heal|p2a: Wigglytuff|353/424|[from] move: Wish|[wisher] Wigglytuff\n|-heal|p2a: Wigglytuff|379/424|[from] item: Leftovers\n|upkeep\n|turn|31\n|\n|t:|1782736571\n|move|p1a: Lapras|Sparkling Aria|p2a: Wigglytuff\n|-damage|p2a: Wigglytuff|252/424\n|move|p2a: Wigglytuff|Knock Off|p1a: Lapras\n|-damage|p1a: Lapras|128/368\n|\n|-heal|p2a: Wigglytuff|278/424|[from] item: Leftovers\n|upkeep\n|turn|32\n|\n|t:|1782736577\n|move|p1a: Lapras|Sparkling Aria|p2a: Wigglytuff\n|-damage|p2a: Wigglytuff|163/424\n|move|p2a: Wigglytuff|Wish|p2a: Wigglytuff\n|\n|-heal|p2a: Wigglytuff|189/424|[from] item: Leftovers\n|upkeep\n|turn|33\n|\n|t:|1782736585\n|move|p1a: Lapras|Sparkling Aria|p2a: Wigglytuff\n|-damage|p2a: Wigglytuff|60/424\n|move|p2a: Wigglytuff|Knock Off|p1a: Lapras\n|-damage|p1a: Lapras|79/368\n|\n|-heal|p2a: Wigglytuff|272/424|[from] move: Wish|[wisher] Wigglytuff\n|-heal|p2a: Wigglytuff|298/424|[from] item: Leftovers\n|upkeep\n|turn|34\n|\n|t:|1782736594\n|move|p1a: Lapras|Rest|p1a: Lapras\n|-status|p1a: Lapras|slp|[from] move: Rest\n|-heal|p1a: Lapras|368/368 slp|[silent]\n|move|p2a: Wigglytuff|Knock Off|p1a: Lapras\n|-damage|p1a: Lapras|318/368 slp\n|\n|-heal|p2a: Wigglytuff|324/424|[from] item: Leftovers\n|upkeep\n|turn|35\n|\n|t:|1782736602\n|cant|p1a: Lapras|slp\n|move|p1a: Lapras|Sleep Talk|p1a: Lapras\n|move|p1a: Lapras|Sparkling Aria|p2a: Wigglytuff|[from] move: Sleep Talk\n|-crit|p2a: Wigglytuff\n|-damage|p2a: Wigglytuff|129/424\n|move|p2a: Wigglytuff|Wish|p2a: Wigglytuff\n|\n|-heal|p2a: Wigglytuff|155/424|[from] item: Leftovers\n|upkeep\n|turn|36\n|\n|t:|1782736610\n|cant|p1a: Lapras|slp\n|move|p1a: Lapras|Sleep Talk|p1a: Lapras\n|move|p1a: Lapras|Freeze-Dry|p2a: Wigglytuff|[from] move: Sleep Talk\n|-damage|p2a: Wigglytuff|67/424\n|move|p2a: Wigglytuff|Knock Off|p1a: Lapras\n|-crit|p1a: Lapras\n|-damage|p1a: Lapras|243/368 slp\n|\n|-heal|p2a: Wigglytuff|279/424|[from] move: Wish|[wisher] Wigglytuff\n|-heal|p2a: Wigglytuff|305/424|[from] item: Leftovers\n|upkeep\n|turn|37\n|\n|t:|1782736639\n|-curestatus|p1a: Lapras|slp|[msg]\n|move|p1a: Lapras|Sleep Talk||[still]\n|-fail|p1a: Lapras\n|move|p2a: Wigglytuff|Wish|p2a: Wigglytuff\n|\n|-heal|p2a: Wigglytuff|331/424|[from] item: Leftovers\n|upkeep\n|turn|38\n|\n|t:|1782736647\n|move|p1a: Lapras|Sparkling Aria|p2a: Wigglytuff\n|-damage|p2a: Wigglytuff|219/424\n|move|p2a: Wigglytuff|Knock Off|p1a: Lapras\n|-damage|p1a: Lapras|195/368\n|\n|-heal|p2a: Wigglytuff|424/424|[from] move: Wish|[wisher] Wigglytuff\n|upkeep\n|turn|39\n|\n|t:|1782736658\n|move|p1a: Lapras|Sparkling Aria|p2a: Wigglytuff\n|-damage|p2a: Wigglytuff|298/424\n|move|p2a: Wigglytuff|Alluring Voice|p1a: Lapras\n|-resisted|p1a: Lapras\n|-damage|p1a: Lapras|112/368\n|\n|-heal|p2a: Wigglytuff|324/424|[from] item: Leftovers\n|upkeep\n|turn|40\n|\n|t:|1782736665\n|move|p1a: Lapras|Sparkling Aria|p2a: Wigglytuff\n|-damage|p2a: Wigglytuff|209/424\n|move|p2a: Wigglytuff|Knock Off|p1a: Lapras\n|-damage|p1a: Lapras|61/368\n|\n|-heal|p2a: Wigglytuff|235/424|[from] item: Leftovers\n|upkeep\n|turn|41\n|\n|t:|1782736672\n|move|p1a: Lapras|Rest|p1a: Lapras\n|-status|p1a: Lapras|slp|[from] move: Rest\n|-heal|p1a: Lapras|368/368 slp|[silent]\n|move|p2a: Wigglytuff|Wish|p2a: Wigglytuff\n|\n|-heal|p2a: Wigglytuff|261/424|[from] item: Leftovers\n|upkeep\n|turn|42\n|\n|t:|1782736681\n|cant|p1a: Lapras|slp\n|move|p1a: Lapras|Sleep Talk|p1a: Lapras\n|move|p1a: Lapras|Rest||[from] move: Sleep Talk|[still]\n|-fail|p1a: Lapras\n|move|p2a: Wigglytuff|Knock Off|p1a: Lapras\n|-damage|p1a: Lapras|316/368 slp\n|\n|-heal|p2a: Wigglytuff|424/424|[from] move: Wish|[wisher] Wigglytuff\n|upkeep\n|turn|43\n|\n|t:|1782736689\n|cant|p1a: Lapras|slp\n|move|p1a: Lapras|Sleep Talk|p1a: Lapras\n|move|p1a: Lapras|Sparkling Aria|p2a: Wigglytuff|[from] move: Sleep Talk\n|-damage|p2a: Wigglytuff|306/424\n|move|p2a: Wigglytuff|Knock Off|p1a: Lapras\n|-damage|p1a: Lapras|271/368 slp\n|\n|-heal|p2a: Wigglytuff|332/424|[from] item: Leftovers\n|upkeep\n|turn|44\n|\n|t:|1782736698\n|-curestatus|p1a: Lapras|slp|[msg]\n|move|p1a: Lapras|Sleep Talk||[still]\n|-fail|p1a: Lapras\n|move|p2a: Wigglytuff|Knock Off|p1a: Lapras\n|-damage|p1a: Lapras|222/368\n|\n|-heal|p2a: Wigglytuff|358/424|[from] item: Leftovers\n|upkeep\n|turn|45\n|\n|t:|1782736727\n|move|p1a: Lapras|Sparkling Aria|p2a: Wigglytuff\n|-damage|p2a: Wigglytuff|231/424\n|move|p2a: Wigglytuff|Alluring Voice|p1a: Lapras\n|-resisted|p1a: Lapras\n|-damage|p1a: Lapras|139/368\n|\n|-heal|p2a: Wigglytuff|257/424|[from] item: Leftovers\n|upkeep\n|turn|46\n|\n|t:|1782736738\n|move|p1a: Lapras|Sparkling Aria|p2a: Wigglytuff\n|-damage|p2a: Wigglytuff|136/424\n|move|p2a: Wigglytuff|Wish|p2a: Wigglytuff\n|\n|-heal|p2a: Wigglytuff|162/424|[from] item: Leftovers\n|upkeep\n|turn|47\n|\n|t:|1782736747\n|move|p2a: Wigglytuff|Protect|p2a: Wigglytuff\n|-singleturn|p2a: Wigglytuff|Protect\n|move|p1a: Lapras|Sparkling Aria|p2a: Wigglytuff\n|-activate|p2a: Wigglytuff|move: Protect\n|\n|-heal|p2a: Wigglytuff|374/424|[from] move: Wish|[wisher] Wigglytuff\n|-heal|p2a: Wigglytuff|400/424|[from] item: Leftovers\n|upkeep\n|turn|48\n|\n|t:|1782736755\n|move|p1a: Lapras|Sparkling Aria|p2a: Wigglytuff\n|-damage|p2a: Wigglytuff|277/424\n|move|p2a: Wigglytuff|Knock Off|p1a: Lapras\n|-damage|p1a: Lapras|91/368\n|\n|-heal|p2a: Wigglytuff|303/424|[from] item: Leftovers\n|upkeep\n|turn|49\n|\n|t:|1782736773\n|move|p1a: Lapras|Sparkling Aria|p2a: Wigglytuff\n|-damage|p2a: Wigglytuff|177/424\n|move|p2a: Wigglytuff|Knock Off|p1a: Lapras\n|-damage|p1a: Lapras|41/368\n|\n|-heal|p2a: Wigglytuff|203/424|[from] item: Leftovers\n|upkeep\n|turn|50\n|\n|t:|1782736780\n|move|p1a: Lapras|Rest|p1a: Lapras\n|-status|p1a: Lapras|slp|[from] move: Rest\n|-heal|p1a: Lapras|368/368 slp|[silent]\n|move|p2a: Wigglytuff|Wish|p2a: Wigglytuff\n|\n|-heal|p2a: Wigglytuff|229/424|[from] item: Leftovers\n|upkeep\n|turn|51\n|\n|t:|1782736792\n|cant|p1a: Lapras|slp\n|move|p1a: Lapras|Sleep Talk|p1a: Lapras\n|move|p1a: Lapras|Freeze-Dry|p2a: Wigglytuff|[from] move: Sleep Talk\n|-damage|p2a: Wigglytuff|139/424\n|move|p2a: Wigglytuff|Knock Off|p1a: Lapras\n|-damage|p1a: Lapras|315/368 slp\n|\n|-heal|p2a: Wigglytuff|351/424|[from] move: Wish|[wisher] Wigglytuff\n|-heal|p2a: Wigglytuff|377/424|[from] item: Leftovers\n|upkeep\n|turn|52\n|\n|t:|1782736803\n|cant|p1a: Lapras|slp\n|move|p1a: Lapras|Sleep Talk|p1a: Lapras\n|move|p1a: Lapras|Rest||[from] move: Sleep Talk|[still]\n|-fail|p1a: Lapras\n|move|p2a: Wigglytuff|Knock Off|p1a: Lapras\n|-damage|p1a: Lapras|264/368 slp\n|\n|-heal|p2a: Wigglytuff|403/424|[from] item: Leftovers\n|upkeep\n|turn|53\n|\n|t:|1782736811\n|-curestatus|p1a: Lapras|slp|[msg]\n|move|p1a: Lapras|Freeze-Dry|p2a: Wigglytuff\n|-damage|p2a: Wigglytuff|304/424\n|move|p2a: Wigglytuff|Knock Off|p1a: Lapras\n|-damage|p1a: Lapras|216/368\n|\n|-heal|p2a: Wigglytuff|330/424|[from] item: Leftovers\n|upkeep\n|turn|54\n|\n|t:|1782736819\n|move|p2a: Wigglytuff|Protect|p2a: Wigglytuff\n|-singleturn|p2a: Wigglytuff|Protect\n|move|p1a: Lapras|Freeze-Dry|p2a: Wigglytuff\n|-activate|p2a: Wigglytuff|move: Protect\n|\n|-heal|p2a: Wigglytuff|356/424|[from] item: Leftovers\n|upkeep\n|turn|55\n|\n|t:|1782736825\n|move|p1a: Lapras|Freeze-Dry|p2a: Wigglytuff\n|-damage|p2a: Wigglytuff|271/424\n|move|p2a: Wigglytuff|Knock Off|p1a: Lapras\n|-damage|p1a: Lapras|165/368\n|\n|-heal|p2a: Wigglytuff|297/424|[from] item: Leftovers\n|upkeep\n|turn|56\n|\n|t:|1782736832\n|move|p2a: Wigglytuff|Protect|p2a: Wigglytuff\n|-singleturn|p2a: Wigglytuff|Protect\n|move|p1a: Lapras|Freeze-Dry|p2a: Wigglytuff\n|-activate|p2a: Wigglytuff|move: Protect\n|\n|-heal|p2a: Wigglytuff|323/424|[from] item: Leftovers\n|upkeep\n|turn|57\n|\n|t:|1782736839\n|move|p1a: Lapras|Freeze-Dry|p2a: Wigglytuff\n|-damage|p2a: Wigglytuff|232/424\n|move|p2a: Wigglytuff|Knock Off|p1a: Lapras\n|-damage|p1a: Lapras|111/368\n|\n|-heal|p2a: Wigglytuff|258/424|[from] item: Leftovers\n|upkeep\n|turn|58\n|\n|t:|1782736846\n|move|p1a: Lapras|Freeze-Dry|p2a: Wigglytuff\n|-damage|p2a: Wigglytuff|156/424\n|move|p2a: Wigglytuff|Wish|p2a: Wigglytuff\n|\n|-heal|p2a: Wigglytuff|182/424|[from] item: Leftovers\n|upkeep\n|turn|59\n|\n|t:|1782736852\n|move|p1a: Lapras|Freeze-Dry|p2a: Wigglytuff\n|-damage|p2a: Wigglytuff|86/424\n|move|p2a: Wigglytuff|Knock Off|p1a: Lapras\n|-damage|p1a: Lapras|59/368\n|\n|-heal|p2a: Wigglytuff|298/424|[from] move: Wish|[wisher] Wigglytuff\n|-heal|p2a: Wigglytuff|324/424|[from] item: Leftovers\n|upkeep\n|turn|60\n|\n|t:|1782736862\n|move|p1a: Lapras|Rest|p1a: Lapras\n|-status|p1a: Lapras|slp|[from] move: Rest\n|-heal|p1a: Lapras|368/368 slp|[silent]\n|move|p2a: Wigglytuff|Knock Off|p1a: Lapras\n|-damage|p1a: Lapras|320/368 slp\n|\n|-heal|p2a: Wigglytuff|350/424|[from] item: Leftovers\n|upkeep\n|turn|61\n|\n|t:|1782736874\n|cant|p1a: Lapras|slp\n|move|p1a: Lapras|Sleep Talk|p1a: Lapras\n|move|p1a: Lapras|Freeze-Dry|p2a: Wigglytuff|[from] move: Sleep Talk\n|-damage|p2a: Wigglytuff|256/424\n|move|p2a: Wigglytuff|Knock Off|p1a: Lapras\n|-damage|p1a: Lapras|275/368 slp\n|\n|-heal|p2a: Wigglytuff|282/424|[from] item: Leftovers\n|upkeep\n|turn|62\n|\n|t:|1782736883\n|cant|p1a: Lapras|slp\n|move|p2a: Wigglytuff|Wish|p2a: Wigglytuff\n|\n|-heal|p2a: Wigglytuff|308/424|[from] item: Leftovers\n|upkeep\n|turn|63\n|\n|t:|1782736888\n|-curestatus|p1a: Lapras|slp|[msg]\n|move|p1a: Lapras|Freeze-Dry|p2a: Wigglytuff\n|-damage|p2a: Wigglytuff|214/424\n|move|p2a: Wigglytuff|Knock Off|p1a: Lapras\n|-damage|p1a: Lapras|224/368\n|\n|-heal|p2a: Wigglytuff|424/424|[from] move: Wish|[wisher] Wigglytuff\n|upkeep\n|turn|64\n|\n|t:|1782736897\n|move|p1a: Lapras|Freeze-Dry|p2a: Wigglytuff\n|-damage|p2a: Wigglytuff|339/424\n|move|p2a: Wigglytuff|Alluring Voice|p1a: Lapras\n|-resisted|p1a: Lapras\n|-damage|p1a: Lapras|140/368\n|\n|-heal|p2a: Wigglytuff|365/424|[from] item: Leftovers\n|upkeep\n|turn|65\n|\n|t:|1782736905\n|move|p1a: Lapras|Freeze-Dry|p2a: Wigglytuff\n|-damage|p2a: Wigglytuff|277/424\n|move|p2a: Wigglytuff|Knock Off|p1a: Lapras\n|-damage|p1a: Lapras|94/368\n|\n|-heal|p2a: Wigglytuff|303/424|[from] item: Leftovers\n|upkeep\n|turn|66\n|\n|t:|1782736913\n|move|p2a: Wigglytuff|Protect|p2a: Wigglytuff\n|-singleturn|p2a: Wigglytuff|Protect\n|move|p1a: Lapras|Freeze-Dry|p2a: Wigglytuff\n|-activate|p2a: Wigglytuff|move: Protect\n|\n|-heal|p2a: Wigglytuff|329/424|[from] item: Leftovers\n|upkeep\n|turn|67\n|\n|t:|1782736920\n|move|p1a: Lapras|Freeze-Dry|p2a: Wigglytuff\n|-damage|p2a: Wigglytuff|235/424\n|move|p2a: Wigglytuff|Knock Off|p1a: Lapras\n|-damage|p1a: Lapras|43/368\n|\n|-heal|p2a: Wigglytuff|261/424|[from] item: Leftovers\n|upkeep\n|turn|68\n|\n|t:|1782736927\n|move|p1a: Lapras|Rest|p1a: Lapras\n|-status|p1a: Lapras|slp|[from] move: Rest\n|-heal|p1a: Lapras|368/368 slp|[silent]\n|move|p2a: Wigglytuff|Knock Off|p1a: Lapras\n|-damage|p1a: Lapras|318/368 slp\n|\n|-heal|p2a: Wigglytuff|287/424|[from] item: Leftovers\n|upkeep\n|turn|69\n|\n|t:|1782736935\n|cant|p1a: Lapras|slp\n|move|p2a: Wigglytuff|Wish|p2a: Wigglytuff\n|\n|-heal|p2a: Wigglytuff|313/424|[from] item: Leftovers\n|upkeep\n|turn|70\n|\n|t:|1782736943\n|cant|p1a: Lapras|slp\n|move|p2a: Wigglytuff|Knock Off|p1a: Lapras\n|-damage|p1a: Lapras|273/368 slp\n|\n|-heal|p2a: Wigglytuff|424/424|[from] move: Wish|[wisher] Wigglytuff\n|upkeep\n|turn|71\n|\n|t:|1782736949\n|-curestatus|p1a: Lapras|slp|[msg]\n|move|p1a: Lapras|Freeze-Dry|p2a: Wigglytuff\n|-damage|p2a: Wigglytuff|330/424\n|move|p2a: Wigglytuff|Knock Off|p1a: Lapras\n|-damage|p1a: Lapras|227/368\n|\n|-heal|p2a: Wigglytuff|356/424|[from] item: Leftovers\n|upkeep\n|turn|72\n|\n|t:|1782736958\n|move|p2a: Wigglytuff|Protect|p2a: Wigglytuff\n|-singleturn|p2a: Wigglytuff|Protect\n|move|p1a: Lapras|Freeze-Dry|p2a: Wigglytuff\n|-activate|p2a: Wigglytuff|move: Protect\n|\n|-heal|p2a: Wigglytuff|382/424|[from] item: Leftovers\n|upkeep\n|turn|73\n|\n|t:|1782736965\n|move|p1a: Lapras|Freeze-Dry|p2a: Wigglytuff\n|-damage|p2a: Wigglytuff|288/424\n|move|p2a: Wigglytuff|Knock Off|p1a: Lapras\n|-damage|p1a: Lapras|179/368\n|\n|-heal|p2a: Wigglytuff|314/424|[from] item: Leftovers\n|upkeep\n|turn|74\n|\n|t:|1782736972\n|move|p2a: Wigglytuff|Protect|p2a: Wigglytuff\n|-singleturn|p2a: Wigglytuff|Protect\n|move|p1a: Lapras|Freeze-Dry|p2a: Wigglytuff\n|-activate|p2a: Wigglytuff|move: Protect\n|\n|-heal|p2a: Wigglytuff|340/424|[from] item: Leftovers\n|upkeep\n|turn|75\n|\n|t:|1782736978\n|move|p1a: Lapras|Freeze-Dry|p2a: Wigglytuff\n|-damage|p2a: Wigglytuff|255/424\n|move|p2a: Wigglytuff|Knock Off|p1a: Lapras\n|-damage|p1a: Lapras|129/368\n|\n|-heal|p2a: Wigglytuff|281/424|[from] item: Leftovers\n|upkeep\n|turn|76\n|\n|t:|1782736988\n|move|p2a: Wigglytuff|Protect|p2a: Wigglytuff\n|-singleturn|p2a: Wigglytuff|Protect\n|move|p1a: Lapras|Freeze-Dry|p2a: Wigglytuff\n|-activate|p2a: Wigglytuff|move: Protect\n|\n|-heal|p2a: Wigglytuff|307/424|[from] item: Leftovers\n|upkeep\n|turn|77\n|\n|t:|1782736994\n|move|p1a: Lapras|Freeze-Dry|p2a: Wigglytuff\n|-damage|p2a: Wigglytuff|207/424\n|move|p2a: Wigglytuff|Wish|p2a: Wigglytuff\n|\n|-heal|p2a: Wigglytuff|233/424|[from] item: Leftovers\n|upkeep\n|turn|78\n|\n|t:|1782737001\n|move|p1a: Lapras|Freeze-Dry|p2a: Wigglytuff\n|-damage|p2a: Wigglytuff|140/424\n|move|p2a: Wigglytuff|Alluring Voice|p1a: Lapras\n|-resisted|p1a: Lapras\n|-damage|p1a: Lapras|39/368\n|\n|-heal|p2a: Wigglytuff|352/424|[from] move: Wish|[wisher] Wigglytuff\n|-heal|p2a: Wigglytuff|378/424|[from] item: Leftovers\n|upkeep\n|turn|79\n|\n|t:|1782737010\n|move|p2a: Wigglytuff|Protect|p2a: Wigglytuff\n|-singleturn|p2a: Wigglytuff|Protect\n|move|p1a: Lapras|Freeze-Dry|p2a: Wigglytuff\n|-activate|p2a: Wigglytuff|move: Protect\n|\n|-heal|p2a: Wigglytuff|404/424|[from] item: Leftovers\n|upkeep\n|turn|80\n|\n|t:|1782737017\n|move|p1a: Lapras|Sparkling Aria|p2a: Wigglytuff\n|-damage|p2a: Wigglytuff|295/424\n|move|p2a: Wigglytuff|Knock Off|p1a: Lapras\n|-damage|p1a: Lapras|0 fnt\n|faint|p1a: Lapras\n|\n|-heal|p2a: Wigglytuff|321/424|[from] item: Leftovers\n|upkeep\n|\n|t:|1782737025\n|switch|p1a: Tatsugiri|Tatsugiri, L87, F|219/219\n|turn|81\n|\n|t:|1782737034\n|move|p1a: Tatsugiri|Hyper Voice|p2a: Wigglytuff\n|-damage|p2a: Wigglytuff|126/424\n|-damage|p1a: Tatsugiri|198/219|[from] item: Life Orb\n|move|p2a: Wigglytuff|Alluring Voice|p1a: Tatsugiri\n|-damage|p1a: Tatsugiri|0 fnt\n|replace|p1a: Zoroark|Zoroark-Hisui, L80, M\n|-end|p1a: Zoroark|Illusion\n|-hint|Illusion Level Mod is active, so this Pok\u00e9mon's true level was hidden.\n|faint|p1a: Zoroark\n|\n|-heal|p2a: Wigglytuff|152/424|[from] item: Leftovers\n|upkeep\n|\n|t:|1782737040\n|switch|p1a: Tatsugiri|Tatsugiri, L87, F|260/260\n|turn|82\n|\n|t:|1782737059\n|switch|p2a: Lumineon|Lumineon, L93, F|172/279\n|-activate|p2a: Lumineon|move: Sticky Web\n|-unboost|p2a: Lumineon|spe|1\n|move|p1a: Tatsugiri|Surf|p2a: Lumineon\n|-ability|p2a: Lumineon|Storm Drain|boost\n|-boost|p2a: Lumineon|spa|1\n|\n|upkeep\n|turn|83\n|\n|t:|1782737069\n|switch|p1a: Iron Jugulis|Iron Jugulis, L77|271/271\n|move|p2a: Lumineon|Ice Beam|p1a: Iron Jugulis\n|-supereffective|p1a: Iron Jugulis\n|-damage|p1a: Iron Jugulis|0 fnt\n|faint|p1a: Iron Jugulis\n|-end|p1a: Iron Jugulis|Quark Drive|[silent]\n|-damage|p2a: Lumineon|145/279|[from] item: Life Orb\n|\n|upkeep\n|\n|t:|1782737073\n|switch|p1a: Tatsugiri|Tatsugiri, L87, F|260/260\n|turn|84\n|\n|t:|1782737079\n|move|p1a: Tatsugiri|Rapid Spin|p2a: Lumineon\n|-damage|p2a: Lumineon|122/279\n|-boost|p1a: Tatsugiri|spe|1\n|move|p2a: Lumineon|Encore|p1a: Tatsugiri\n|-start|p1a: Tatsugiri|Encore\n|\n|upkeep\n|turn|85\n|\n|t:|1782737085\n|move|p1a: Tatsugiri|Rapid Spin|p2a: Lumineon\n|-damage|p2a: Lumineon|99/279\n|-boost|p1a: Tatsugiri|spe|1\n|move|p2a: Lumineon|Alluring Voice|p1a: Tatsugiri\n|-supereffective|p1a: Tatsugiri\n|-damage|p1a: Tatsugiri|83/260\n|-start|p1a: Tatsugiri|confusion\n|-damage|p2a: Lumineon|72/279|[from] item: Life Orb\n|\n|upkeep\n|turn|86\n|\n|t:|1782737094\n|-activate|p1a: Tatsugiri|confusion\n|move|p1a: Tatsugiri|Rapid Spin|p2a: Lumineon\n|-damage|p2a: Lumineon|50/279\n|-boost|p1a: Tatsugiri|spe|1\n|move|p2a: Lumineon|Alluring Voice|p1a: Tatsugiri\n|-supereffective|p1a: Tatsugiri\n|-damage|p1a: Tatsugiri|0 fnt\n|faint|p1a: Tatsugiri\n|-damage|p2a: Lumineon|23/279|[from] item: Life Orb\n|\n|win|fredmeister\n", "inputlog": ">version 3f8ef8cf60cebd2b18892af2794d10415e14a302\n>start {\"formatid\":\"gen9randombattle\",\"seed\":\"sodium,0a904d98f16f5a9e327d7ec05b8220c2\",\"rated\":\"Rated battle\"}\n>player p1 {\"name\":\"Oh No! Charizard\",\"avatar\":\"miku-ice\",\"rating\":2037,\"seed\":\"sodium,37b8a5681460932364b684b8c8c1c407\"}\n>player p2 {\"name\":\"fredmeister\",\"avatar\":\"170\",\"rating\":2056,\"seed\":\"sodium,579e51f88e78a3afd1dfba22e1552d33\"}\n>p1 move meteorbeam\n>p2 switch 4\n>p1 switch 4\n>p2 move encore\n>p1 move freezedry\n>p2 switch 3\n>p1 switch 6\n>p2 move stickyweb\n>p1 move psychic\n>p2 move pounce\n>p1 switch 4\n>p1 move darkpulse\n>p2 move pounce\n>p2 switch 6\n>p1 switch 3\n>p2 move alluringvoice\n>p1 move bodyslam\n>p2 move alluringvoice\n>p1 switch 6\n>p1 move freezedry terastallize\n>p2 move wish\n>p1 move freezedry\n>p2 move knockoff\n>p1 move freezedry\n>p2 move alluringvoice\n>p1 move freezedry\n>p2 move wish\n>p1 move freezedry\n>p2 move wish\n>p1 move freezedry\n>p2 move wish\n>p1 move freezedry\n>p2 move protect\n>p1 move freezedry\n>p2 move wish\n>p1 move freezedry\n>p2 move alluringvoice\n>p1 move freezedry\n>p2 move alluringvoice\n>p1 move rest\n>p2 move wish\n>p1 move sleeptalk\n>p2 move alluringvoice\n>p1 move sleeptalk\n>p2 move alluringvoice\n>p1 move sleeptalk\n>p2 move alluringvoice\n>p1 move rest\n>p2 move alluringvoice\n>p1 move sleeptalk\n>p2 move alluringvoice\n>p1 move sleeptalk\n>p2 move alluringvoice\n>p1 move rest\n>p2 move wish\n>p1 move sleeptalk\n>p2 move knockoff\n>p1 move sleeptalk\n>p2 move alluringvoice\n>p1 move sparklingaria\n>p2 move wish\n>p1 move sparklingaria\n>p2 move knockoff\n>p1 move sparklingaria\n>p2 move knockoff\n>p1 move sparklingaria\n>p2 move wish\n>p1 move sparklingaria\n>p2 move knockoff\n>p1 move rest\n>p2 move knockoff\n>p1 move sleeptalk\n>p2 move wish\n>p1 move sleeptalk\n>p2 move knockoff\n>p1 move sleeptalk\n>p2 move wish\n>p1 move sparklingaria\n>p2 move knockoff\n>p1 move sparklingaria\n>p2 move alluringvoice\n>p1 move sparklingaria\n>p2 move knockoff\n>p1 move rest\n>p2 move wish\n>p1 move sleeptalk\n>p2 move knockoff\n>p1 move sleeptalk\n>p2 move knockoff\n>p1 move sleeptalk\n>p2 move knockoff\n>p1 move sparklingaria\n>p2 move alluringvoice\n>p1 move sparklingaria\n>p2 move wish\n>p1 move sparklingaria\n>p2 move protect\n>p1 move sparklingaria\n>p2 move knockoff\n>p1 move sparklingaria\n>p2 move knockoff\n>p1 move rest\n>p2 move wish\n>p1 move sleeptalk\n>p2 move knockoff\n>p1 move sleeptalk\n>p2 move knockoff\n>p1 move freezedry\n>p2 move knockoff\n>p1 move freezedry\n>p2 move protect\n>p1 move freezedry\n>p2 move knockoff\n>p1 move freezedry\n>p2 move protect\n>p1 move freezedry\n>p2 move knockoff\n>p1 move freezedry\n>p2 move wish\n>p1 move freezedry\n>p2 move knockoff\n>p1 move rest\n>p2 move knockoff\n>p1 move sleeptalk\n>p2 move knockoff\n>p1 move freezedry\n>p2 move wish\n>p1 move freezedry\n>p2 move knockoff\n>p1 move freezedry\n>p2 move alluringvoice\n>p1 move freezedry\n>p2 move knockoff\n>p1 move freezedry\n>p2 move protect\n>p1 move freezedry\n>p2 move knockoff\n>p1 move rest\n>p2 move knockoff\n>p1 move freezedry\n>p2 move wish\n>p1 move freezedry\n>p2 move knockoff\n>p1 move freezedry\n>p2 move knockoff\n>p1 move freezedry\n>p2 move protect\n>p1 move freezedry\n>p2 move knockoff\n>p1 move freezedry\n>p2 move protect\n>p1 move freezedry\n>p2 move knockoff\n>p1 move freezedry\n>p2 move protect\n>p1 move freezedry\n>p2 move wish\n>p1 move freezedry\n>p2 move alluringvoice\n>p1 move freezedry\n>p2 move protect\n>p1 move sparklingaria\n>p2 move knockoff\n>p1 switch 2\n>p1 move hypervoice\n>p2 move alluringvoice\n>p1 switch 5\n>p1 move surf\n>p2 switch 3\n>p1 switch 3\n>p2 move icebeam\n>p1 switch 3\n>p1 move rapidspin\n>p2 move encore\n>p1 move rapidspin\n>p2 move alluringvoice\n>p1 move rapidspin\n>p2 move alluringvoice", "uploadtime": 1782736235, "views": 7, "formatid": "gen9randombattle", "rating": null, "private": 0, "password": null, "player_dets": [{"name": "Oh No! Charizard", "avatar": "miku-ice", "rating": 2037, "seed": "sodium,37b8a5681460932364b684b8c8c1c407"}, {"name": "fredmeister", "avatar": "170", "rating": 2056, "seed": "sodium,579e51f88e78a3afd1dfba22e1552d33"}], "teams_full": [{"Iron Jugulis": {"name": "Iron Jugulis", "species": "Iron Jugulis", "speciesId": "ironjugulis", "gender": "N", "shiny": false, "level": 77, "moves": ["earthpower", "hurricane", "meteorbeam", "darkpulse"], "ability": "Quark Drive", "evs": {"hp": 85, "atk": 0, "def": 85, "spa": 85, "spd": 85, "spe": 85}, "ivs": {"hp": 31, "atk": 0, "def": 31, "spa": 31, "spd": 31, "spe": 31}, "item": "Power Herb", "teraType": "Dark", "role": "Setup Sweeper", "bvs": {"hp": 94, "atk": 80, "def": 86, "spa": 122, "spd": 80, "spe": 108}, "stats": {"hp": 271, "atk": 128, "def": 177, "spa": 232, "spd": 168, "spe": 211}, "types": ["Dark", "Flying"]}, "Zoroark": {"name": "Zoroark", "species": "Zoroark-Hisui", "speciesId": "zoroarkhisui", "gender": "M", "shiny": false, "level": 80, "moves": ["poltergeist", "hypervoice", "focusblast", "willowisp"], "ability": "Illusion", "evs": {"hp": 85, "atk": 85, "def": 85, "spa": 85, "spd": 85, "spe": 85}, "ivs": {"hp": 31, "atk": 31, "def": 31, "spa": 31, "spd": 31, "spe": 31}, "item": "Life Orb", "teraType": "Normal", "role": "Fast Attacker", "bvs": {"hp": 55, "atk": 100, "def": 60, "spa": 125, "spd": 60, "spe": 110}, "stats": {"hp": 219, "atk": 206, "def": 142, "spa": 246, "spd": 142, "spe": 222}, "types": ["Normal", "Ghost"]}, "Oinkologne": {"name": "Oinkologne", "species": "Oinkologne", "speciesId": "oinkologne", "gender": "M", "shiny": false, "level": 92, "moves": ["highhorsepower", "curse", "lashout", "bodyslam"], "ability": "Thick Fat", "evs": {"hp": 85, "atk": 85, "def": 85, "spa": 85, "spd": 85, "spe": 85}, "ivs": {"hp": 31, "atk": 31, "def": 31, "spa": 31, "spd": 31, "spe": 31}, "item": "Leftovers", "teraType": "Ground", "role": "Bulky Setup", "bvs": {"hp": 110, "atk": 100, "def": 75, "spa": 59, "spd": 80, "spe": 65}, "stats": {"hp": 352, "atk": 236, "def": 190, "spa": 161, "spd": 200, "spe": 172}, "types": ["Normal"]}, "Lapras": {"name": "Lapras", "species": "Lapras", "speciesId": "lapras", "gender": "M", "shiny": false, "level": 87, "moves": ["freezedry", "sparklingaria", "rest", "sleeptalk"], "ability": "Water Absorb", "evs": {"hp": 85, "atk": 0, "def": 85, "spa": 85, "spd": 85, "spe": 85}, "ivs": {"hp": 31, "atk": 0, "def": 31, "spa": 31, "spd": 31, "spe": 31}, "item": "Heavy-Duty Boots", "teraType": "Poison", "role": "Bulky Attacker", "bvs": {"hp": 130, "atk": 85, "def": 80, "spa": 85, "spd": 95, "spe": 60}, "stats": {"hp": 368, "atk": 152, "def": 189, "spa": 198, "spd": 215, "spe": 154}, "types": ["Water", "Ice"]}, "Tatsugiri": {"name": "Tatsugiri", "species": "Tatsugiri", "speciesId": "tatsugiri", "gender": "F", "shiny": false, "level": 87, "moves": ["surf", "dracometeor", "rapidspin", "nastyplot"], "ability": "Storm Drain", "evs": {"hp": 85, "atk": 85, "def": 85, "spa": 85, "spd": 85, "spe": 85}, "ivs": {"hp": 31, "atk": 31, "def": 31, "spa": 31, "spd": 31, "spe": 31}, "item": "Heavy-Duty Boots", "teraType": "Water", "role": "Fast Support", "bvs": {"hp": 68, "atk": 50, "def": 60, "spa": 120, "spd": 95, "spe": 82}, "stats": {"hp": 260, "atk": 137, "def": 154, "spa": 259, "spd": 215, "spe": 192}, "types": ["Dragon", "Water"]}, "Espeon": {"name": "Espeon", "species": "Espeon", "speciesId": "espeon", "gender": "M", "shiny": false, "level": 84, "moves": ["alluringvoice", "shadowball", "psychic", "calmmind"], "ability": "Magic Bounce", "evs": {"hp": 85, "atk": 0, "def": 85, "spa": 85, "spd": 85, "spe": 85}, "ivs": {"hp": 31, "atk": 0, "def": 31, "spa": 31, "spd": 31, "spe": 31}, "item": "Life Orb", "teraType": "Psychic", "role": "Fast Attacker", "bvs": {"hp": 65, "atk": 65, "def": 60, "spa": 130, "spd": 95, "spe": 110}, "stats": {"hp": 246, "atk": 114, "def": 149, "spa": 267, "spd": 208, "spe": 233}, "types": ["Psychic"]}}, {"Sunflora": {"name": "Sunflora", "species": "Sunflora", "speciesId": "sunflora", "gender": "M", "shiny": false, "level": 100, "moves": ["earthpower", "weatherball", "sunnyday", "solarbeam"], "ability": "Chlorophyll", "evs": {"hp": 85, "atk": 0, "def": 85, "spa": 85, "spd": 85, "spe": 85}, "ivs": {"hp": 31, "atk": 0, "def": 31, "spa": 31, "spd": 31, "spe": 31}, "item": "Life Orb", "teraType": "Fire", "role": "Setup Sweeper", "bvs": {"hp": 75, "atk": 75, "def": 55, "spa": 105, "spd": 85, "spe": 30}, "stats": {"hp": 312, "atk": 155, "def": 167, "spa": 267, "spd": 227, "spe": 117}, "types": ["Grass"]}, "Copperajah": {"name": "Copperajah", "species": "Copperajah", "speciesId": "copperajah", "gender": "M", "shiny": false, "level": 86, "moves": ["playrough", "rockslide", "stealthrock", "ironhead"], "ability": "Sheer Force", "evs": {"hp": 85, "atk": 85, "def": 85, "spa": 85, "spd": 85, "spe": 85}, "ivs": {"hp": 31, "atk": 31, "def": 31, "spa": 31, "spd": 31, "spe": 31}, "item": "Life Orb", "teraType": "Fairy", "role": "Wallbreaker", "bvs": {"hp": 122, "atk": 130, "def": 69, "spa": 80, "spd": 69, "spe": 30}, "stats": {"hp": 350, "atk": 273, "def": 168, "spa": 187, "spd": 168, "spe": 101}, "types": ["Steel"]}, "Kricketune": {"name": "Kricketune", "species": "Kricketune", "speciesId": "kricketune", "gender": "M", "shiny": false, "level": 99, "moves": ["stickyweb", "knockoff", "pounce", "taunt"], "ability": "Technician", "evs": {"hp": 85, "atk": 85, "def": 85, "spa": 85, "spd": 85, "spe": 85}, "ivs": {"hp": 31, "atk": 31, "def": 31, "spa": 31, "spd": 31, "spe": 31}, "item": "Heavy-Duty Boots", "teraType": "Ghost", "role": "Fast Support", "bvs": {"hp": 77, "atk": 85, "def": 51, "spa": 55, "spd": 51, "spe": 65}, "stats": {"hp": 312, "atk": 224, "def": 157, "spa": 165, "spd": 157, "spe": 185}, "types": ["Bug"]}, "Lumineon": {"name": "Lumineon", "species": "Lumineon", "speciesId": "lumineon", "gender": "F", "shiny": false, "level": 93, "moves": ["alluringvoice", "icebeam", "encore", "hydropump"], "ability": "Storm Drain", "evs": {"hp": 85, "atk": 0, "def": 85, "spa": 85, "spd": 85, "spe": 85}, "ivs": {"hp": 31, "atk": 0, "def": 31, "spa": 31, "spd": 31, "spe": 31}, "item": "Life Orb", "teraType": "Water", "role": "Fast Attacker", "bvs": {"hp": 69, "atk": 69, "def": 76, "spa": 69, "spd": 86, "spe": 91}, "stats": {"hp": 279, "atk": 133, "def": 194, "spa": 181, "spd": 213, "spe": 222}, "types": ["Water"]}, "Veluza": {"name": "Veluza", "species": "Veluza", "speciesId": "veluza", "gender": "M", "shiny": false, "level": 85, "moves": ["aquacutter", "psychocut", "aquajet", "nightslash"], "ability": "Sharpness", "evs": {"hp": 85, "atk": 85, "def": 85, "spa": 85, "spd": 85, "spe": 85}, "ivs": {"hp": 31, "atk": 31, "def": 31, "spa": 31, "spd": 31, "spe": 31}, "item": "Choice Band", "teraType": "Water", "role": "Fast Attacker", "bvs": {"hp": 90, "atk": 102, "def": 73, "spa": 78, "spd": 65, "spe": 70}, "stats": {"hp": 292, "atk": 222, "def": 173, "spa": 181, "spd": 159, "spe": 168}, "types": ["Water", "Psychic"]}, "Wigglytuff": {"name": "Wigglytuff", "species": "Wigglytuff", "speciesId": "wigglytuff", "gender": "M", "shiny": false, "level": 96, "moves": ["protect", "alluringvoice", "knockoff", "wish"], "ability": "Competitive", "evs": {"hp": 85, "atk": 85, "def": 85, "spa": 85, "spd": 85, "spe": 85}, "ivs": {"hp": 31, "atk": 31, "def": 31, "spa": 31, "spd": 31, "spe": 31}, "item": "Leftovers", "teraType": "Poison", "role": "Bulky Support", "bvs": {"hp": 140, "atk": 70, "def": 45, "spa": 85, "spd": 50, "spe": 45}, "stats": {"hp": 424, "atk": 189, "def": 141, "spa": 218, "spd": 150, "spe": 141}, "types": ["Normal", "Fairy"]}}]}