{"id": "gen9randombattle-2641520927", "format": "[Gen 9] Random Battle", "players": ["Obaidelphox", "jsjsiis"], "log": "|j|\u2606Obaidelphox\n|j|\u2606jsjsiis\n|t:|1782799700\n|gametype|singles\n|player|p1|Obaidelphox|266|1969\n|player|p2|jsjsiis|102|1913\n|gen|9\n|tier|[Gen 9] Random Battle\n|rated|\n|rule|Species Clause: Limit one of each Pok\u00e9mon\n|rule|HP Percentage Mod: HP is shown in percentages\n|rule|Sleep Clause Mod: Limit one foe put to sleep\n|rule|Illusion Level Mod: Illusion disguises the Pok\u00e9mon's true level\n|\n|t:|1782799700\n|teamsize|p1|6\n|teamsize|p2|6\n|start\n|switch|p1a: Magnezone|Magnezone, L85|258/258\n|switch|p2a: Terapagos|Terapagos, L77, F|265/265\n|-activate|p2a: Terapagos|ability: Tera Shift\n|detailschange|p2a: Terapagos|Terapagos-Terastal, L77, F\n|-heal|p2a: Terapagos|273/273|[silent]\n|turn|1\n|inactive|Battle timer is ON: inactive players will automatically lose when time's up. (requested by jsjsiis)\n|\n|t:|1782799713\n|switch|p2a: Revavroom|Revavroom, L79, M|256/256\n|move|p1a: Magnezone|Volt Switch|p2a: Revavroom\n|-damage|p2a: Revavroom|126/256\n|\n|t:|1782799726\n|switch|p1a: Hippowdon|Hippowdon, L82, M|311/311|[from] Volt Switch\n|-weather|Sandstorm|[from] ability: Sand Stream|[of] p1a: Hippowdon\n|\n|-weather|Sandstorm|[upkeep]\n|upkeep\n|turn|2\n|\n|t:|1782799735\n|switch|p2a: Terapagos|Terapagos-Terastal, L77, F|273/273\n|move|p1a: Hippowdon|Earthquake|p2a: Terapagos\n|-activate|p2a: Terapagos|ability: Tera Shell\n|-resisted|p2a: Terapagos\n|-damage|p2a: Terapagos|217/273\n|\n|-weather|Sandstorm|[upkeep]\n|-damage|p2a: Terapagos|200/273|[from] Sandstorm\n|upkeep\n|turn|3\n|inactive|Obaidelphox has 120 seconds left.\n|\n|t:|1782799765\n|move|p2a: Terapagos|Calm Mind|p2a: Terapagos\n|-boost|p2a: Terapagos|spa|1\n|-boost|p2a: Terapagos|spd|1\n|move|p1a: Hippowdon|Earthquake|p2a: Terapagos\n|-damage|p2a: Terapagos|101/273\n|\n|-weather|Sandstorm|[upkeep]\n|-damage|p2a: Terapagos|84/273|[from] Sandstorm\n|upkeep\n|turn|4\n|\n|t:|1782799768\n|move|p2a: Terapagos|Rest|p2a: Terapagos\n|-status|p2a: Terapagos|slp|[from] move: Rest\n|-heal|p2a: Terapagos|273/273 slp|[silent]\n|-enditem|p2a: Terapagos|Chesto Berry|[eat]\n|-curestatus|p2a: Terapagos|slp|[msg]\n|move|p1a: Hippowdon|Earthquake|p2a: Terapagos\n|-activate|p2a: Terapagos|ability: Tera Shell\n|-resisted|p2a: Terapagos\n|-damage|p2a: Terapagos|222/273\n|\n|-weather|Sandstorm|[upkeep]\n|-damage|p2a: Terapagos|205/273|[from] Sandstorm\n|upkeep\n|turn|5\n|\n|t:|1782799773\n|move|p2a: Terapagos|Tera Starstorm|p1a: Hippowdon\n|-damage|p1a: Hippowdon|98/311\n|move|p1a: Hippowdon|Earthquake|p2a: Terapagos\n|-damage|p2a: Terapagos|103/273\n|\n|-weather|none\n|-heal|p1a: Hippowdon|117/311|[from] item: Leftovers\n|upkeep\n|turn|6\n|\n|t:|1782799778\n|switch|p1a: Magnezone|Magnezone, L85|258/258\n|move|p2a: Terapagos|Tera Starstorm|p1a: Magnezone\n|-resisted|p1a: Magnezone\n|-damage|p1a: Magnezone|174/258\n|\n|upkeep\n|turn|7\n|\n|t:|1782799781\n|move|p1a: Magnezone|Body Press|p2a: Terapagos\n|-supereffective|p2a: Terapagos\n|-damage|p2a: Terapagos|0 fnt\n|faint|p2a: Terapagos\n|\n|upkeep\n|\n|t:|1782799785\n|switch|p2a: Fezandipiti|Fezandipiti, L82, M|278/278\n|turn|8\n|inactive|Obaidelphox has 120 seconds left.\n|\n|t:|1782799828\n|switch|p1a: Hippowdon|Hippowdon, L82, M|117/311\n|-weather|Sandstorm|[from] ability: Sand Stream|[of] p1a: Hippowdon\n|move|p2a: Fezandipiti|U-turn|p1a: Hippowdon\n|-damage|p1a: Hippowdon|82/311\n|\n|t:|1782799833\n|switch|p2a: Revavroom|Revavroom, L79, M|126/256|[from] U-turn\n|\n|-weather|Sandstorm|[upkeep]\n|-heal|p1a: Hippowdon|101/311|[from] item: Leftovers\n|upkeep\n|turn|9\n|inactive|Obaidelphox has 120 seconds left.\n|\n|t:|1782799847\n|move|p2a: Revavroom|Iron Head|p1a: Hippowdon\n|-damage|p1a: Hippowdon|7/311\n|-damage|p2a: Revavroom|101/256|[from] item: Life Orb\n|move|p1a: Hippowdon|Earthquake|p2a: Revavroom\n|-supereffective|p2a: Revavroom\n|-damage|p2a: Revavroom|0 fnt\n|faint|p2a: Revavroom\n|\n|-weather|Sandstorm|[upkeep]\n|-heal|p1a: Hippowdon|26/311|[from] item: Leftovers\n|upkeep\n|\n|t:|1782799851\n|switch|p2a: Fezandipiti|Fezandipiti, L82, M|278/278\n|turn|10\n|\n|t:|1782799855\n|switch|p1a: Magnezone|Magnezone, L85|174/258\n|move|p2a: Fezandipiti|Moonblast|p1a: Magnezone\n|-resisted|p1a: Magnezone\n|-damage|p1a: Magnezone|139/258\n|\n|-weather|Sandstorm|[upkeep]\n|-damage|p2a: Fezandipiti|261/278|[from] Sandstorm\n|-heal|p2a: Fezandipiti|278/278|[from] item: Leftovers\n|upkeep\n|turn|11\n|\n|t:|1782799859\n|move|p1a: Magnezone|Flash Cannon|p2a: Fezandipiti\n|-supereffective|p2a: Fezandipiti\n|-damage|p2a: Fezandipiti|90/278\n|move|p2a: Fezandipiti|U-turn|p1a: Magnezone\n|-resisted|p1a: Magnezone\n|-damage|p1a: Magnezone|120/258\n|\n|t:|1782799862\n|switch|p2a: Hoopa|Hoopa-Unbound, L80|259/259|[from] U-turn\n|\n|-weather|Sandstorm|[upkeep]\n|-damage|p2a: Hoopa|243/259|[from] Sandstorm\n|upkeep\n|turn|12\n|inactive|Obaidelphox has 120 seconds left.\n|\n|t:|1782799901\n|switch|p1a: Hippowdon|Hippowdon, L82, M|26/311\n|move|p2a: Hoopa|Hyperspace Fury|p1a: Hippowdon\n|-damage|p1a: Hippowdon|0 fnt\n|-unboost|p2a: Hoopa|def|1\n|faint|p1a: Hippowdon\n|\n|-weather|none\n|upkeep\n|\n|t:|1782799911\n|switch|p1a: Whiscash|Whiscash, L88, M|337/337\n|turn|13\n|\n|t:|1782799913\n|move|p2a: Hoopa|Hyperspace Fury|p1a: Whiscash\n|-damage|p1a: Whiscash|172/337\n|-unboost|p2a: Hoopa|def|1\n|move|p1a: Whiscash|Dragon Dance|p1a: Whiscash\n|-boost|p1a: Whiscash|atk|1\n|-boost|p1a: Whiscash|spe|1\n|\n|upkeep\n|turn|14\n|\n|t:|1782799919\n|move|p2a: Hoopa|Hyperspace Fury|p1a: Whiscash\n|-damage|p1a: Whiscash|0 fnt\n|-unboost|p2a: Hoopa|def|1\n|faint|p1a: Whiscash\n|\n|upkeep\n|inactive|Obaidelphox has 120 seconds left.\n|\n|t:|1782799944\n|switch|p1a: Lumineon|Lumineon, L93, M|279/279\n|turn|15\n|\n|t:|1782799949\n|switch|p2a: Fezandipiti|Fezandipiti, L82, M|90/278\n|move|p1a: Lumineon|Alluring Voice|p2a: Fezandipiti\n|-resisted|p2a: Fezandipiti\n|-damage|p2a: Fezandipiti|65/278\n|-damage|p1a: Lumineon|252/279|[from] item: Life Orb\n|\n|-heal|p2a: Fezandipiti|82/278|[from] item: Leftovers\n|upkeep\n|turn|16\n|inactive|Obaidelphox has 120 seconds left.\n|\n|t:|1782799965\n|move|p1a: Lumineon|Hydro Pump|p2a: Fezandipiti\n|-damage|p2a: Fezandipiti|0 fnt\n|faint|p2a: Fezandipiti\n|-damage|p1a: Lumineon|225/279|[from] item: Life Orb\n|\n|upkeep\n|\n|t:|1782799972\n|switch|p2a: Hoopa|Hoopa-Unbound, L80|243/259\n|turn|17\n|\n|t:|1782799982\n|move|p2a: Hoopa|Hyperspace Fury|p1a: Lumineon\n|-damage|p1a: Lumineon|81/279\n|-unboost|p2a: Hoopa|def|1\n|move|p1a: Lumineon|Alluring Voice|p2a: Hoopa\n|-supereffective|p2a: Hoopa\n|-damage|p2a: Hoopa|142/259\n|-damage|p1a: Lumineon|54/279|[from] item: Life Orb\n|\n|upkeep\n|turn|18\n|\n|t:|1782799989\n|move|p2a: Hoopa|Hyperspace Fury|p1a: Lumineon\n|-damage|p1a: Lumineon|0 fnt\n|-unboost|p2a: Hoopa|def|1\n|faint|p1a: Lumineon\n|\n|upkeep\n|\n|t:|1782799993\n|switch|p1a: Magnezone|Magnezone, L85|120/258\n|turn|19\n|\n|t:|1782799996\n|move|p2a: Hoopa|Hyperspace Fury|p1a: Magnezone\n|-damage|p1a: Magnezone|2/258\n|-unboost|p2a: Hoopa|def|1\n|move|p1a: Magnezone|Body Press|p2a: Hoopa\n|-damage|p2a: Hoopa|0 fnt\n|faint|p2a: Hoopa\n|\n|upkeep\n|\n|t:|1782800006\n|switch|p2a: Regigigas|Regigigas, L84|322/322\n|-start|p2a: Regigigas|ability: Slow Start\n|turn|20\n|\n|t:|1782800016\n|move|p2a: Regigigas|Protect|p2a: Regigigas\n|-singleturn|p2a: Regigigas|Protect\n|move|p1a: Magnezone|Body Press|p2a: Regigigas\n|-activate|p2a: Regigigas|move: Protect\n|\n|upkeep\n|turn|21\n|\n|t:|1782800020\n|-terastallize|p2a: Regigigas|Ghost\n|move|p1a: Magnezone|Body Press|p2a: Regigigas\n|-immune|p2a: Regigigas\n|move|p2a: Regigigas|Knock Off|p1a: Magnezone\n|-damage|p1a: Magnezone|0 fnt\n|-enditem|p1a: Magnezone|Choice Scarf|[from] move: Knock Off|[of] p2a: Regigigas\n|faint|p1a: Magnezone\n|\n|upkeep\n|\n|t:|1782800027\n|switch|p1a: Meowstic|Meowstic-F, L89, F|277/277\n|turn|22\n|\n|t:|1782800030\n|move|p1a: Meowstic|Nasty Plot|p1a: Meowstic\n|-boost|p1a: Meowstic|spa|2\n|move|p2a: Regigigas|Knock Off|p1a: Meowstic\n|-supereffective|p1a: Meowstic\n|-damage|p1a: Meowstic|175/277\n|-enditem|p1a: Meowstic|Life Orb|[from] move: Knock Off|[of] p2a: Regigigas\n|\n|upkeep\n|turn|23\n|\n|t:|1782800036\n|move|p1a: Meowstic|Dark Pulse|p2a: Regigigas\n|-supereffective|p2a: Regigigas\n|-damage|p2a: Regigigas|138/322\n|move|p2a: Regigigas|Body Slam|p1a: Meowstic\n|-damage|p1a: Meowstic|103/277\n|-status|p1a: Meowstic|par\n|\n|-heal|p2a: Regigigas|158/322|[from] item: Leftovers\n|upkeep\n|turn|24\n|\n|t:|1782800044\n|move|p2a: Regigigas|Protect|p2a: Regigigas\n|-singleturn|p2a: Regigigas|Protect\n|move|p1a: Meowstic|Dark Pulse|p2a: Regigigas\n|-activate|p2a: Regigigas|move: Protect\n|\n|-heal|p2a: Regigigas|178/322|[from] item: Leftovers\n|-end|p2a: Regigigas|Slow Start\n|upkeep\n|turn|25\n|\n|t:|1782800049\n|move|p2a: Regigigas|Body Slam|p1a: Meowstic\n|-damage|p1a: Meowstic|0 fnt\n|faint|p1a: Meowstic\n|\n|-heal|p2a: Regigigas|198/322|[from] item: Leftovers\n|upkeep\n|\n|t:|1782800051\n|switch|p1a: Cresselia|Cresselia, L80, F|323/323\n|turn|26\n|\n|t:|1782800056\n|-terastallize|p1a: Cresselia|Steel\n|move|p2a: Regigigas|Knock Off|p1a: Cresselia\n|-damage|p1a: Cresselia|240/323\n|-enditem|p1a: Cresselia|Leftovers|[from] move: Knock Off|[of] p2a: Regigigas\n|move|p1a: Cresselia|Calm Mind|p1a: Cresselia\n|-boost|p1a: Cresselia|spa|1\n|-boost|p1a: Cresselia|spd|1\n|\n|-heal|p2a: Regigigas|218/322|[from] item: Leftovers\n|upkeep\n|turn|27\n|\n|t:|1782800063\n|move|p2a: Regigigas|Body Slam|p1a: Cresselia\n|-resisted|p1a: Cresselia\n|-damage|p1a: Cresselia|179/323\n|move|p1a: Cresselia|Moonlight|p1a: Cresselia\n|-heal|p1a: Cresselia|323/323\n|\n|-heal|p2a: Regigigas|238/322|[from] item: Leftovers\n|upkeep\n|turn|28\n|\n|t:|1782800068\n|move|p2a: Regigigas|Body Slam|p1a: Cresselia\n|-resisted|p1a: Cresselia\n|-damage|p1a: Cresselia|266/323\n|-status|p1a: Cresselia|par\n|move|p1a: Cresselia|Psyshock|p2a: Regigigas\n|-damage|p2a: Regigigas|157/322\n|\n|-heal|p2a: Regigigas|177/322|[from] item: Leftovers\n|upkeep\n|turn|29\n|\n|t:|1782800090\n|move|p2a: Regigigas|Knock Off|p1a: Cresselia\n|-damage|p1a: Cresselia|200/323 par\n|move|p1a: Cresselia|Calm Mind|p1a: Cresselia\n|-boost|p1a: Cresselia|spa|1\n|-boost|p1a: Cresselia|spd|1\n|\n|-heal|p2a: Regigigas|197/322|[from] item: Leftovers\n|upkeep\n|turn|30\n|\n|t:|1782800094\n|move|p2a: Regigigas|Body Slam|p1a: Cresselia\n|-resisted|p1a: Cresselia\n|-damage|p1a: Cresselia|137/323 par\n|cant|p1a: Cresselia|par\n|\n|-heal|p2a: Regigigas|217/322|[from] item: Leftovers\n|upkeep\n|turn|31\n|\n|t:|1782800097\n|move|p2a: Regigigas|Body Slam|p1a: Cresselia\n|-resisted|p1a: Cresselia\n|-damage|p1a: Cresselia|81/323 par\n|move|p1a: Cresselia|Moonlight|p1a: Cresselia\n|-heal|p1a: Cresselia|242/323 par\n|\n|-heal|p2a: Regigigas|237/322|[from] item: Leftovers\n|upkeep\n|turn|32\n|\n|t:|1782800101\n|move|p2a: Regigigas|Body Slam|p1a: Cresselia\n|-resisted|p1a: Cresselia\n|-damage|p1a: Cresselia|183/323 par\n|move|p1a: Cresselia|Psyshock|p2a: Regigigas\n|-damage|p2a: Regigigas|134/322\n|\n|-heal|p2a: Regigigas|154/322|[from] item: Leftovers\n|upkeep\n|turn|33\n|\n|t:|1782800103\n|move|p2a: Regigigas|Body Slam|p1a: Cresselia\n|-resisted|p1a: Cresselia\n|-damage|p1a: Cresselia|123/323 par\n|move|p1a: Cresselia|Moonblast|p2a: Regigigas\n|-damage|p2a: Regigigas|71/322\n|\n|-heal|p2a: Regigigas|91/322|[from] item: Leftovers\n|upkeep\n|turn|34\n|\n|t:|1782800108\n|move|p2a: Regigigas|Body Slam|p1a: Cresselia\n|-resisted|p1a: Cresselia\n|-damage|p1a: Cresselia|69/323 par\n|cant|p1a: Cresselia|par\n|\n|-heal|p2a: Regigigas|111/322|[from] item: Leftovers\n|upkeep\n|turn|35\n|\n|t:|1782800111\n|move|p2a: Regigigas|Body Slam|p1a: Cresselia\n|-resisted|p1a: Cresselia\n|-damage|p1a: Cresselia|12/323 par\n|move|p1a: Cresselia|Moonlight|p1a: Cresselia\n|-heal|p1a: Cresselia|173/323 par\n|\n|-heal|p2a: Regigigas|131/322|[from] item: Leftovers\n|upkeep\n|turn|36\n|\n|t:|1782800115\n|move|p2a: Regigigas|Body Slam|p1a: Cresselia\n|-resisted|p1a: Cresselia\n|-damage|p1a: Cresselia|109/323 par\n|cant|p1a: Cresselia|par\n|\n|-heal|p2a: Regigigas|151/322|[from] item: Leftovers\n|upkeep\n|turn|37\n|\n|t:|1782800117\n|move|p2a: Regigigas|Body Slam|p1a: Cresselia\n|-resisted|p1a: Cresselia\n|-damage|p1a: Cresselia|50/323 par\n|move|p1a: Cresselia|Moonlight|p1a: Cresselia\n|-heal|p1a: Cresselia|211/323 par\n|\n|-heal|p2a: Regigigas|171/322|[from] item: Leftovers\n|upkeep\n|turn|38\n|inactive|Obaidelphox has 120 seconds left.\n|\n|t:|1782800162\n|move|p2a: Regigigas|Protect|p2a: Regigigas\n|-singleturn|p2a: Regigigas|Protect\n|cant|p1a: Cresselia|par\n|\n|-heal|p2a: Regigigas|191/322|[from] item: Leftovers\n|upkeep\n|turn|39\n|\n|t:|1782800167\n|move|p2a: Regigigas|Knock Off|p1a: Cresselia\n|-damage|p1a: Cresselia|148/323 par\n|move|p1a: Cresselia|Moonblast|p2a: Regigigas\n|-damage|p2a: Regigigas|108/322\n|\n|-heal|p2a: Regigigas|128/322|[from] item: Leftovers\n|upkeep\n|turn|40\n|\n|t:|1782800171\n|move|p2a: Regigigas|Body Slam|p1a: Cresselia\n|-resisted|p1a: Cresselia\n|-damage|p1a: Cresselia|93/323 par\n|move|p1a: Cresselia|Moonlight|p1a: Cresselia\n|-heal|p1a: Cresselia|254/323 par\n|\n|-heal|p2a: Regigigas|148/322|[from] item: Leftovers\n|upkeep\n|turn|41\n|\n|t:|1782800174\n|move|p2a: Regigigas|Body Slam|p1a: Cresselia\n|-resisted|p1a: Cresselia\n|-damage|p1a: Cresselia|200/323 par\n|move|p1a: Cresselia|Psyshock|p2a: Regigigas\n|-damage|p2a: Regigigas|39/322\n|\n|-heal|p2a: Regigigas|59/322|[from] item: Leftovers\n|upkeep\n|turn|42\n|\n|t:|1782800178\n|move|p2a: Regigigas|Knock Off|p1a: Cresselia\n|-damage|p1a: Cresselia|142/323 par\n|move|p1a: Cresselia|Calm Mind|p1a: Cresselia\n|-boost|p1a: Cresselia|spa|1\n|-boost|p1a: Cresselia|spd|1\n|\n|-heal|p2a: Regigigas|79/322|[from] item: Leftovers\n|upkeep\n|turn|43\n|\n|t:|1782800182\n|move|p2a: Regigigas|Body Slam|p1a: Cresselia\n|-resisted|p1a: Cresselia\n|-crit|p1a: Cresselia\n|-damage|p1a: Cresselia|60/323 par\n|move|p1a: Cresselia|Moonlight|p1a: Cresselia\n|-heal|p1a: Cresselia|221/323 par\n|\n|-heal|p2a: Regigigas|99/322|[from] item: Leftovers\n|upkeep\n|turn|44\n|\n|t:|1782800185\n|move|p2a: Regigigas|Body Slam|p1a: Cresselia\n|-resisted|p1a: Cresselia\n|-damage|p1a: Cresselia|164/323 par\n|move|p1a: Cresselia|Psyshock|p2a: Regigigas\n|-damage|p2a: Regigigas|0 fnt\n|faint|p2a: Regigigas\n|-end|p2a: Regigigas|Slow Start|[silent]\n|\n|upkeep\n|\n|t:|1782800187\n|switch|p2a: Tyranitar|Tyranitar, L78, F|284/284\n|-weather|Sandstorm|[from] ability: Sand Stream|[of] p2a: Tyranitar\n|turn|45\n|\n|t:|1782800213\n|move|p2a: Tyranitar|Dragon Dance|p2a: Tyranitar\n|-boost|p2a: Tyranitar|atk|1\n|-boost|p2a: Tyranitar|spe|1\n|cant|p1a: Cresselia|par\n|\n|-weather|Sandstorm|[upkeep]\n|upkeep\n|turn|46\n|\n|t:|1782800218\n|move|p2a: Tyranitar|Stone Edge|p1a: Cresselia\n|-resisted|p1a: Cresselia\n|-damage|p1a: Cresselia|83/323 par\n|move|p1a: Cresselia|Moonblast|p2a: Tyranitar\n|-supereffective|p2a: Tyranitar\n|-damage|p2a: Tyranitar|124/284\n|-enditem|p2a: Tyranitar|Weakness Policy\n|-boost|p2a: Tyranitar|atk|2|[from] item: Weakness Policy\n|-boost|p2a: Tyranitar|spa|2|[from] item: Weakness Policy\n|\n|-weather|Sandstorm|[upkeep]\n|upkeep\n|turn|47\n|\n|t:|1782800223\n|move|p2a: Tyranitar|Knock Off|p1a: Cresselia\n|-damage|p1a: Cresselia|0 fnt\n|faint|p1a: Cresselia\n|\n|win|jsjsiis\n", "inputlog": ">version f8ac14003a5f27e1bdc8d8c59608a773c1cb96e5\n>start {\"formatid\":\"gen9randombattle\",\"seed\":\"sodium,ef8935b92638b025d132e33ad01722e0\",\"rated\":\"Rated battle\"}\n>player p1 {\"name\":\"Obaidelphox\",\"avatar\":\"266\",\"rating\":1969,\"seed\":\"sodium,edf67b42bb088e6e3c09da4b16955a64\"}\n>player p2 {\"name\":\"jsjsiis\",\"avatar\":\"102\",\"rating\":1913,\"seed\":\"sodium,1c1b3338b40c4825b6b8b057c5a38094\"}\n>p1 move voltswitch\n>p2 switch 3\n>p1 switch 4\n>p1 move earthquake\n>p2 switch 3\n>p1 move earthquake\n>p2 move calmmind\n>p1 move earthquake\n>p2 move rest\n>p1 move earthquake\n>p2 move terastarstorm\n>p1 switch 4\n>p2 move terastarstorm\n>p1 move bodypress\n>p2 move darkpulse\n>p2 switch 6\n>p1 switch 4\n>p2 move uturn\n>p2 switch 3\n>p1 move earthquake\n>p2 move ironhead\n>p2 switch 3\n>p1 switch 4\n>p2 move moonblast\n>p1 move flashcannon\n>p2 move uturn\n>p2 switch 2\n>p1 switch 4\n>p2 move hyperspacefury\n>p1 switch 5\n>p1 move dragondance\n>p2 move hyperspacefury\n>p1 move earthquake\n>p2 move hyperspacefury\n>p1 switch 6\n>p1 move alluringvoice\n>p2 switch 2\n>p1 move hydropump\n>p2 move roost\n>p2 switch 2\n>p1 move alluringvoice\n>p2 move hyperspacefury\n>p1 move alluringvoice\n>p2 move hyperspacefury\n>p1 switch 4\n>p1 move bodypress\n>p2 move hyperspacefury\n>p2 switch 5\n>p1 move bodypress\n>p2 move protect\n>p1 move bodypress\n>p2 move knockoff terastallize\n>p1 switch 2\n>p1 move nastyplot\n>p2 move knockoff\n>p1 move darkpulse\n>p2 move bodyslam\n>p1 move darkpulse\n>p2 move protect\n>p1 move darkpulse\n>p2 move bodyslam\n>p1 switch 3\n>p1 move calmmind terastallize\n>p2 move knockoff\n>p1 move moonlight\n>p2 move bodyslam\n>p1 move psyshock\n>p2 move bodyslam\n>p1 move calmmind\n>p2 move knockoff\n>p1 move moonlight\n>p2 move bodyslam\n>p1 move moonlight\n>p2 move bodyslam\n>p1 move psyshock\n>p2 move bodyslam\n>p1 move moonblast\n>p2 move bodyslam\n>p1 move moonlight\n>p2 move bodyslam\n>p1 move moonlight\n>p2 move bodyslam\n>p1 move moonlight\n>p2 move bodyslam\n>p1 move moonlight\n>p2 move bodyslam\n>p1 move moonblast\n>p2 move protect\n>p1 move moonblast\n>p2 move knockoff\n>p1 move moonlight\n>p2 move bodyslam\n>p1 move psyshock\n>p2 move bodyslam\n>p1 move calmmind\n>p2 move knockoff\n>p1 move moonlight\n>p2 move bodyslam\n>p1 move psyshock\n>p2 move bodyslam\n>p2 switch 4\n>p1 move moonblast\n>p2 move dragondance\n>p1 move moonblast\n>p2 move stoneedge\n>p1 move moonblast\n>p2 move knockoff", "uploadtime": 1782799701, "views": 4, "formatid": "gen9randombattle", "rating": null, "private": 0, "password": null, "player_dets": [{"name": "Obaidelphox", "avatar": "266", "rating": 1969, "seed": "sodium,edf67b42bb088e6e3c09da4b16955a64"}, {"name": "jsjsiis", "avatar": "102", "rating": 1913, "seed": "sodium,1c1b3338b40c4825b6b8b057c5a38094"}], "teams_full": [{"Magnezone": {"name": "Magnezone", "species": "Magnezone", "speciesId": "magnezone", "gender": "N", "shiny": false, "level": 85, "moves": ["flashcannon", "bodypress", "thunderbolt", "voltswitch"], "ability": "Magnet Pull", "evs": {"hp": 85, "atk": 0, "def": 85, "spa": 85, "spd": 85, "spe": 85}, "ivs": {"hp": 31, "atk": 0, "def": 31, "spa": 31, "spd": 31, "spe": 31}, "item": "Choice Scarf", "teraType": "Flying", "role": "Fast Attacker", "bvs": {"hp": 70, "atk": 70, "def": 115, "spa": 130, "spd": 90, "spe": 60}, "stats": {"hp": 258, "atk": 124, "def": 244, "spa": 270, "spd": 202, "spe": 151}, "types": ["Electric", "Steel"]}, "Meowstic": {"name": "Meowstic", "species": "Meowstic-F", "speciesId": "meowsticf", "gender": "F", "shiny": false, "level": 89, "moves": ["psyshock", "darkpulse", "nastyplot", "alluringvoice"], "ability": "Competitive", "evs": {"hp": 85, "atk": 0, "def": 85, "spa": 85, "spd": 85, "spe": 85}, "ivs": {"hp": 31, "atk": 0, "def": 31, "spa": 31, "spd": 31, "spe": 31}, "item": "Life Orb", "teraType": "Dark", "role": "Setup Sweeper", "bvs": {"hp": 74, "atk": 48, "def": 76, "spa": 83, "spd": 81, "spe": 104}, "stats": {"hp": 277, "atk": 90, "def": 186, "spa": 199, "spd": 195, "spe": 236}, "types": ["Psychic"]}, "Cresselia": {"name": "Cresselia", "species": "Cresselia", "speciesId": "cresselia", "gender": "F", "shiny": false, "level": 80, "moves": ["moonblast", "moonlight", "psyshock", "calmmind"], "ability": "Levitate", "evs": {"hp": 85, "atk": 0, "def": 85, "spa": 85, "spd": 85, "spe": 85}, "ivs": {"hp": 31, "atk": 0, "def": 31, "spa": 31, "spd": 31, "spe": 31}, "item": "Leftovers", "teraType": "Steel", "role": "Bulky Setup", "bvs": {"hp": 120, "atk": 70, "def": 110, "spa": 75, "spd": 120, "spe": 85}, "stats": {"hp": 323, "atk": 117, "def": 222, "spa": 166, "spd": 238, "spe": 182}, "types": ["Psychic"]}, "Hippowdon": {"name": "Hippowdon", "species": "Hippowdon", "speciesId": "hippowdon", "gender": "M", "shiny": false, "level": 82, "moves": ["earthquake", "slackoff", "whirlwind", "stoneedge"], "ability": "Sand Stream", "evs": {"hp": 85, "atk": 85, "def": 85, "spa": 85, "spd": 85, "spe": 85}, "ivs": {"hp": 31, "atk": 31, "def": 31, "spa": 31, "spd": 31, "spe": 31}, "item": "Leftovers", "teraType": "Rock", "role": "Bulky Support", "bvs": {"hp": 108, "atk": 112, "def": 118, "spa": 68, "spd": 72, "spe": 47}, "stats": {"hp": 311, "atk": 231, "def": 241, "spa": 159, "spd": 165, "spe": 124}, "types": ["Ground"]}, "Whiscash": {"name": "Whiscash", "species": "Whiscash", "speciesId": "whiscash", "gender": "M", "shiny": false, "level": 88, "moves": ["dragondance", "stoneedge", "earthquake", "liquidation"], "ability": "Oblivious", "evs": {"hp": 85, "atk": 85, "def": 85, "spa": 85, "spd": 85, "spe": 85}, "ivs": {"hp": 31, "atk": 31, "def": 31, "spa": 31, "spd": 31, "spe": 31}, "item": "Life Orb", "teraType": "Steel", "role": "Setup Sweeper", "bvs": {"hp": 110, "atk": 78, "def": 73, "spa": 76, "spd": 71, "spe": 60}, "stats": {"hp": 337, "atk": 188, "def": 179, "spa": 184, "spd": 175, "spe": 156}, "types": ["Water", "Ground"]}, "Lumineon": {"name": "Lumineon", "species": "Lumineon", "speciesId": "lumineon", "gender": "M", "shiny": false, "level": 93, "moves": ["alluringvoice", "encore", "icebeam", "hydropump"], "ability": "Storm Drain", "evs": {"hp": 85, "atk": 0, "def": 85, "spa": 85, "spd": 85, "spe": 85}, "ivs": {"hp": 31, "atk": 0, "def": 31, "spa": 31, "spd": 31, "spe": 31}, "item": "Life Orb", "teraType": "Water", "role": "Fast Attacker", "bvs": {"hp": 69, "atk": 69, "def": 76, "spa": 69, "spd": 86, "spe": 91}, "stats": {"hp": 279, "atk": 133, "def": 194, "spa": 181, "spd": 213, "spe": 222}, "types": ["Water"]}}, {"Terapagos": {"name": "Terapagos", "species": "Terapagos", "speciesId": "terapagos", "gender": "F", "shiny": false, "level": 77, "moves": ["terastarstorm", "rest", "calmmind", "darkpulse"], "ability": "Tera Shift", "evs": {"hp": 85, "atk": 0, "def": 85, "spa": 85, "spd": 85, "spe": 85}, "ivs": {"hp": 31, "atk": 0, "def": 31, "spa": 31, "spd": 31, "spe": 31}, "item": "Chesto Berry", "teraType": "Stellar", "role": "Setup Sweeper", "bvs": {"hp": 90, "atk": 65, "def": 85, "spa": 65, "spd": 85, "spe": 60}, "stats": {"hp": 265, "atk": 105, "def": 175, "spa": 145, "spd": 175, "spe": 137}, "types": ["Normal"]}, "Hoopa": {"name": "Hoopa", "species": "Hoopa-Unbound", "speciesId": "hoopaunbound", "gender": "N", "shiny": false, "level": 80, "moves": ["psychic", "trick", "gunkshot", "hyperspacefury"], "ability": "Magician", "evs": {"hp": 85, "atk": 85, "def": 85, "spa": 85, "spd": 85, "spe": 85}, "ivs": {"hp": 31, "atk": 31, "def": 31, "spa": 31, "spd": 31, "spe": 31}, "item": "Choice Scarf", "teraType": "Poison", "role": "Bulky Attacker", "bvs": {"hp": 80, "atk": 160, "def": 60, "spa": 170, "spd": 130, "spe": 80}, "stats": {"hp": 259, "atk": 302, "def": 142, "spa": 318, "spd": 254, "spe": 174}, "types": ["Psychic", "Dark"]}, "Revavroom": {"name": "Revavroom", "species": "Revavroom", "speciesId": "revavroom", "gender": "M", "shiny": false, "level": 79, "moves": ["shiftgear", "highhorsepower", "gunkshot", "ironhead"], "ability": "Filter", "evs": {"hp": 85, "atk": 85, "def": 85, "spa": 85, "spd": 85, "spe": 85}, "ivs": {"hp": 31, "atk": 31, "def": 31, "spa": 31, "spd": 31, "spe": 31}, "item": "Life Orb", "teraType": "Ground", "role": "Fast Attacker", "bvs": {"hp": 80, "atk": 119, "def": 90, "spa": 54, "spd": 67, "spe": 90}, "stats": {"hp": 256, "atk": 234, "def": 188, "spa": 131, "spd": 151, "spe": 188}, "types": ["Steel", "Poison"]}, "Tyranitar": {"name": "Tyranitar", "species": "Tyranitar", "speciesId": "tyranitar", "gender": "F", "shiny": false, "level": 78, "moves": ["knockoff", "stoneedge", "dragondance", "earthquake"], "ability": "Sand Stream", "evs": {"hp": 85, "atk": 85, "def": 85, "spa": 85, "spd": 85, "spe": 85}, "ivs": {"hp": 31, "atk": 31, "def": 31, "spa": 31, "spd": 31, "spe": 31}, "item": "Weakness Policy", "teraType": "Rock", "role": "Bulky Setup", "bvs": {"hp": 100, "atk": 134, "def": 110, "spa": 95, "spd": 100, "spe": 61}, "stats": {"hp": 284, "atk": 254, "def": 217, "spa": 193, "spd": 201, "spe": 140}, "types": ["Rock", "Dark"]}, "Regigigas": {"name": "Regigigas", "species": "Regigigas", "speciesId": "regigigas", "gender": "N", "shiny": false, "level": 84, "moves": ["bodyslam", "knockoff", "protect", "substitute"], "ability": "Slow Start", "evs": {"hp": 85, "atk": 85, "def": 85, "spa": 85, "spd": 85, "spe": 85}, "ivs": {"hp": 31, "atk": 31, "def": 31, "spa": 31, "spd": 31, "spe": 31}, "item": "Leftovers", "teraType": "Ghost", "role": "Bulky Attacker", "bvs": {"hp": 110, "atk": 160, "def": 110, "spa": 80, "spd": 110, "spe": 100}, "stats": {"hp": 322, "atk": 317, "def": 233, "spa": 183, "spd": 233, "spe": 216}, "types": ["Normal"]}, "Fezandipiti": {"name": "Fezandipiti", "species": "Fezandipiti", "speciesId": "fezandipiti", "gender": "M", "shiny": false, "level": 82, "moves": ["moonblast", "gunkshot", "uturn", "roost"], "ability": "Toxic Chain", "evs": {"hp": 85, "atk": 85, "def": 85, "spa": 85, "spd": 85, "spe": 85}, "ivs": {"hp": 31, "atk": 31, "def": 31, "spa": 31, "spd": 31, "spe": 31}, "item": "Leftovers", "teraType": "Water", "role": "Bulky Attacker", "bvs": {"hp": 88, "atk": 91, "def": 82, "spa": 70, "spd": 125, "spe": 99}, "stats": {"hp": 278, "atk": 196, "def": 182, "spa": 162, "spd": 252, "spe": 210}, "types": ["Poison", "Fairy"]}}]}