{"id": "gen9randombattle-2641287921", "format": "[Gen 9] Random Battle", "players": ["ndubers brainrot", "notmetbh102"], "log": "|badge|p2|bronze|gen9randombattle|100-9\n|html|<div class=\"broadcast-red\"><strong>This battle is required to be public due to one or more player having a season medal.</strong><br />During the public phase, you can discuss the state of the ladder <a href=\"/seasondiscussion\">in a special chatroom.</a></div>\n|uhtml|medal-msg|<div class=\"broadcast-blue\">Curious what those medals under the avatar are? PS now has Ladder Seasons! For more information, check out the <a href=\"https://www.smogon.com/forums/threads/3740067/\">thread on Smogon.</a></div>\n|raw|<div class=\"broadcast-blue\"><strong>This battle is required to be public due to a player having a name starting with 'medal'.</div>\n|j|\u2606ndubers brainrot\n|j|\u2606notmetbh102\n|t:|1782763580\n|gametype|singles\n|player|p1|ndubers brainrot|dawn|2153\n|player|p2|notmetbh102|2|2293\n|gen|9\n|tier|[Gen 9] Random Battle\n|rated|\n|rule|Species Clause: Limit one of each Pok\u00e9mon\n|rule|HP Percentage Mod: HP is shown in percentages\n|rule|Sleep Clause Mod: Limit one foe put to sleep\n|rule|Illusion Level Mod: Illusion disguises the Pok\u00e9mon's true level\n|\n|t:|1782763580\n|teamsize|p1|6\n|teamsize|p2|6\n|start\n|switch|p1a: Cetitan|Cetitan, L82, M|413/413\n|switch|p2a: Ceruledge|Ceruledge, L78, M|245/245\n|turn|1\n|inactive|Battle timer is ON: inactive players will automatically lose when time's up. (requested by notmetbh102)\n|c|\u2606notmetbh102|hf\n|c|\u2606ndubers brainrot|u2\n|\n|t:|1782763597\n|switch|p2a: Ninetales|Ninetales-Alola, L78, M|242/242\n|-weather|Snowscape|[from] ability: Snow Warning|[of] p2a: Ninetales\n|switch|p1a: Alomomola|Alomomola, L87, M|429/429\n|\n|-weather|Snowscape|[upkeep]\n|upkeep\n|turn|2\n|\n|t:|1782763601\n|move|p2a: Ninetales|Aurora Veil|p2a: Ninetales\n|-sidestart|p2: notmetbh102|move: Aurora Veil\n|move|p1a: Alomomola|Flip Turn|p2a: Ninetales\n|-damage|p2a: Ninetales|219/242\n|\n|t:|1782763602\n|switch|p1a: Copperajah|Copperajah, L86, M|350/350|[from] Flip Turn\n|\n|-weather|Snowscape|[upkeep]\n|upkeep\n|turn|3\n|\n|t:|1782763603\n|switch|p2a: Manaphy|Manaphy, L78|284/284\n|move|p1a: Copperajah|Stealth Rock|p2a: Manaphy\n|-sidestart|p2: notmetbh102|move: Stealth Rock\n|\n|-weather|Snowscape|[upkeep]\n|upkeep\n|turn|4\n|\n|t:|1782763614\n|switch|p1a: Misdreavus|Misdreavus, L90, F|254/254\n|move|p2a: Manaphy|Tail Glow|p2a: Manaphy\n|-boost|p2a: Manaphy|spa|3\n|\n|-weather|Snowscape|[upkeep]\n|upkeep\n|turn|5\n|\n|t:|1782763616\n|move|p1a: Misdreavus|Will-O-Wisp|p2a: Manaphy\n|-status|p2a: Manaphy|brn\n|move|p2a: Manaphy|Tail Glow|p2a: Manaphy\n|-boost|p2a: Manaphy|spa|3\n|\n|-weather|none\n|-damage|p2a: Manaphy|267/284 brn|[from] brn\n|upkeep\n|turn|6\n|\n|t:|1782763618\n|switch|p1a: Dondozo|Dondozo, L78, F|362/362\n|move|p2a: Manaphy|Hydro Pump|p1a: Dondozo\n|-resisted|p1a: Dondozo\n|-damage|p1a: Dondozo|287/362\n|\n|-heal|p2a: Manaphy|284/284 brn|[from] item: Leftovers\n|-heal|p1a: Dondozo|309/362|[from] item: Leftovers\n|-damage|p2a: Manaphy|267/284 brn|[from] brn\n|upkeep\n|turn|7\n|\n|t:|1782763623\n|move|p2a: Manaphy|Energy Ball|p1a: Dondozo\n|-supereffective|p1a: Dondozo\n|-damage|p1a: Dondozo|143/362\n|move|p1a: Dondozo|Rest|p1a: Dondozo\n|-status|p1a: Dondozo|slp|[from] move: Rest\n|-heal|p1a: Dondozo|362/362 slp|[silent]\n|\n|-heal|p2a: Manaphy|284/284 brn|[from] item: Leftovers\n|-damage|p2a: Manaphy|267/284 brn|[from] brn\n|upkeep\n|turn|8\n|\n|t:|1782763641\n|-terastallize|p1a: Dondozo|Fairy\n|move|p2a: Manaphy|Energy Ball|p1a: Dondozo\n|-damage|p1a: Dondozo|282/362 slp\n|cant|p1a: Dondozo|slp\n|move|p1a: Dondozo|Sleep Talk|p1a: Dondozo\n|move|p1a: Dondozo|Curse|p1a: Dondozo|[from] move: Sleep Talk\n|-unboost|p1a: Dondozo|spe|1\n|-boost|p1a: Dondozo|atk|1\n|-boost|p1a: Dondozo|def|1\n|\n|-heal|p2a: Manaphy|284/284 brn|[from] item: Leftovers\n|-heal|p1a: Dondozo|304/362 slp|[from] item: Leftovers\n|-damage|p2a: Manaphy|267/284 brn|[from] brn\n|upkeep\n|turn|9\n|\n|t:|1782763646\n|move|p2a: Manaphy|Energy Ball|p1a: Dondozo\n|-damage|p1a: Dondozo|232/362 slp\n|cant|p1a: Dondozo|slp\n|move|p1a: Dondozo|Sleep Talk|p1a: Dondozo\n|move|p1a: Dondozo|Wave Crash|p2a: Manaphy|[from] move: Sleep Talk\n|-resisted|p2a: Manaphy\n|-damage|p2a: Manaphy|225/284 brn\n|-damage|p1a: Dondozo|218/362 slp|[from] Recoil\n|\n|-heal|p2a: Manaphy|242/284 brn|[from] item: Leftovers\n|-heal|p1a: Dondozo|240/362 slp|[from] item: Leftovers\n|-damage|p2a: Manaphy|225/284 brn|[from] brn\n|-sideend|p2: notmetbh102|move: Aurora Veil\n|upkeep\n|turn|10\n|\n|t:|1782763654\n|move|p2a: Manaphy|Hydro Pump|p1a: Dondozo\n|-damage|p1a: Dondozo|107/362 slp\n|-curestatus|p1a: Dondozo|slp|[msg]\n|move|p1a: Dondozo|Rest|p1a: Dondozo\n|-status|p1a: Dondozo|slp|[from] move: Rest\n|-heal|p1a: Dondozo|362/362 slp|[silent]\n|\n|-heal|p2a: Manaphy|242/284 brn|[from] item: Leftovers\n|-damage|p2a: Manaphy|225/284 brn|[from] brn\n|upkeep\n|turn|11\n|\n|t:|1782763656\n|move|p2a: Manaphy|Hydro Pump|p1a: Dondozo|[miss]\n|-miss|p2a: Manaphy|p1a: Dondozo\n|cant|p1a: Dondozo|slp\n|move|p1a: Dondozo|Sleep Talk|p1a: Dondozo\n|move|p1a: Dondozo|Rest||[from] move: Sleep Talk|[still]\n|-fail|p1a: Dondozo\n|\n|-heal|p2a: Manaphy|242/284 brn|[from] item: Leftovers\n|-damage|p2a: Manaphy|225/284 brn|[from] brn\n|upkeep\n|turn|12\n|\n|t:|1782763658\n|move|p2a: Manaphy|Hydro Pump|p1a: Dondozo\n|-damage|p1a: Dondozo|221/362 slp\n|cant|p1a: Dondozo|slp\n|move|p1a: Dondozo|Sleep Talk|p1a: Dondozo\n|move|p1a: Dondozo|Rest||[from] move: Sleep Talk|[still]\n|-fail|p1a: Dondozo\n|\n|-heal|p2a: Manaphy|242/284 brn|[from] item: Leftovers\n|-heal|p1a: Dondozo|243/362 slp|[from] item: Leftovers\n|-damage|p2a: Manaphy|225/284 brn|[from] brn\n|upkeep\n|turn|13\n|\n|t:|1782763664\n|move|p2a: Manaphy|Hydro Pump|p1a: Dondozo\n|-damage|p1a: Dondozo|101/362 slp\n|-curestatus|p1a: Dondozo|slp|[msg]\n|move|p1a: Dondozo|Rest|p1a: Dondozo\n|-status|p1a: Dondozo|slp|[from] move: Rest\n|-heal|p1a: Dondozo|362/362 slp|[silent]\n|\n|-heal|p2a: Manaphy|242/284 brn|[from] item: Leftovers\n|-damage|p2a: Manaphy|225/284 brn|[from] brn\n|upkeep\n|turn|14\n|\n|t:|1782763666\n|move|p2a: Manaphy|Hydro Pump|p1a: Dondozo\n|-damage|p1a: Dondozo|217/362 slp\n|cant|p1a: Dondozo|slp\n|move|p1a: Dondozo|Sleep Talk|p1a: Dondozo\n|move|p1a: Dondozo|Curse|p1a: Dondozo|[from] move: Sleep Talk\n|-unboost|p1a: Dondozo|spe|1\n|-boost|p1a: Dondozo|atk|1\n|-boost|p1a: Dondozo|def|1\n|\n|-heal|p2a: Manaphy|242/284 brn|[from] item: Leftovers\n|-heal|p1a: Dondozo|239/362 slp|[from] item: Leftovers\n|-damage|p2a: Manaphy|225/284 brn|[from] brn\n|upkeep\n|turn|15\n|\n|t:|1782763669\n|move|p2a: Manaphy|Hydro Pump|p1a: Dondozo|[miss]\n|-miss|p2a: Manaphy|p1a: Dondozo\n|cant|p1a: Dondozo|slp\n|move|p1a: Dondozo|Sleep Talk|p1a: Dondozo\n|move|p1a: Dondozo|Curse|p1a: Dondozo|[from] move: Sleep Talk\n|-unboost|p1a: Dondozo|spe|1\n|-boost|p1a: Dondozo|atk|1\n|-boost|p1a: Dondozo|def|1\n|\n|-heal|p2a: Manaphy|242/284 brn|[from] item: Leftovers\n|-heal|p1a: Dondozo|261/362 slp|[from] item: Leftovers\n|-damage|p2a: Manaphy|225/284 brn|[from] brn\n|upkeep\n|turn|16\n|\n|t:|1782763673\n|move|p2a: Manaphy|Hydro Pump|p1a: Dondozo\n|-damage|p1a: Dondozo|123/362 slp\n|-curestatus|p1a: Dondozo|slp|[msg]\n|move|p1a: Dondozo|Rest|p1a: Dondozo\n|-status|p1a: Dondozo|slp|[from] move: Rest\n|-heal|p1a: Dondozo|362/362 slp|[silent]\n|\n|-heal|p2a: Manaphy|242/284 brn|[from] item: Leftovers\n|-damage|p2a: Manaphy|225/284 brn|[from] brn\n|upkeep\n|turn|17\n|\n|t:|1782763676\n|move|p2a: Manaphy|Energy Ball|p1a: Dondozo\n|-damage|p1a: Dondozo|280/362 slp\n|-unboost|p1a: Dondozo|spd|1\n|cant|p1a: Dondozo|slp\n|move|p1a: Dondozo|Sleep Talk|p1a: Dondozo\n|move|p1a: Dondozo|Rest||[from] move: Sleep Talk|[still]\n|-fail|p1a: Dondozo\n|\n|-heal|p2a: Manaphy|242/284 brn|[from] item: Leftovers\n|-heal|p1a: Dondozo|302/362 slp|[from] item: Leftovers\n|-damage|p2a: Manaphy|225/284 brn|[from] brn\n|upkeep\n|turn|18\n|\n|t:|1782763678\n|-terastallize|p2a: Manaphy|Grass\n|move|p2a: Manaphy|Energy Ball|p1a: Dondozo\n|-damage|p1a: Dondozo|137/362 slp\n|cant|p1a: Dondozo|slp\n|move|p1a: Dondozo|Sleep Talk|p1a: Dondozo\n|move|p1a: Dondozo|Rest||[from] move: Sleep Talk|[still]\n|-fail|p1a: Dondozo\n|\n|-heal|p2a: Manaphy|242/284 brn|[from] item: Leftovers\n|-heal|p1a: Dondozo|159/362 slp|[from] item: Leftovers\n|-damage|p2a: Manaphy|225/284 brn|[from] brn\n|upkeep\n|turn|19\n|\n|t:|1782763694\n|switch|p1a: Cetitan|Cetitan, L82, M|413/413\n|move|p2a: Manaphy|Energy Ball|p1a: Cetitan\n|-damage|p1a: Cetitan|0 fnt\n|faint|p1a: Cetitan\n|\n|-heal|p2a: Manaphy|242/284 brn|[from] item: Leftovers\n|-damage|p2a: Manaphy|225/284 brn|[from] brn\n|upkeep\n|\n|t:|1782763695\n|switch|p1a: Dondozo|Dondozo, L78, F, tera:Fairy|159/362 slp\n|turn|20\n|\n|t:|1782763696\n|move|p2a: Manaphy|Energy Ball|p1a: Dondozo\n|-damage|p1a: Dondozo|54/362 slp\n|-curestatus|p1a: Dondozo|slp|[msg]\n|move|p1a: Dondozo|Rest|p1a: Dondozo\n|-status|p1a: Dondozo|slp|[from] move: Rest\n|-heal|p1a: Dondozo|362/362 slp|[silent]\n|\n|-heal|p2a: Manaphy|242/284 brn|[from] item: Leftovers\n|-damage|p2a: Manaphy|225/284 brn|[from] brn\n|upkeep\n|turn|21\n|\n|t:|1782763698\n|move|p2a: Manaphy|Energy Ball|p1a: Dondozo\n|-damage|p1a: Dondozo|244/362 slp\n|cant|p1a: Dondozo|slp\n|move|p1a: Dondozo|Sleep Talk|p1a: Dondozo\n|move|p1a: Dondozo|Rest||[from] move: Sleep Talk|[still]\n|-fail|p1a: Dondozo\n|\n|-heal|p2a: Manaphy|242/284 brn|[from] item: Leftovers\n|-heal|p1a: Dondozo|266/362 slp|[from] item: Leftovers\n|-damage|p2a: Manaphy|225/284 brn|[from] brn\n|upkeep\n|turn|22\n|\n|t:|1782763700\n|move|p2a: Manaphy|Energy Ball|p1a: Dondozo\n|-damage|p1a: Dondozo|146/362 slp\n|-unboost|p1a: Dondozo|spd|1\n|cant|p1a: Dondozo|slp\n|move|p1a: Dondozo|Sleep Talk|p1a: Dondozo\n|move|p1a: Dondozo|Curse|p1a: Dondozo|[from] move: Sleep Talk\n|-unboost|p1a: Dondozo|spe|1\n|-boost|p1a: Dondozo|atk|1\n|-boost|p1a: Dondozo|def|1\n|\n|-heal|p2a: Manaphy|242/284 brn|[from] item: Leftovers\n|-heal|p1a: Dondozo|168/362 slp|[from] item: Leftovers\n|-damage|p2a: Manaphy|225/284 brn|[from] brn\n|upkeep\n|turn|23\n|\n|t:|1782763717\n|switch|p1a: Tsareena|Tsareena, L87, F|267/267\n|move|p2a: Manaphy|Energy Ball|p1a: Tsareena\n|-resisted|p1a: Tsareena\n|-damage|p1a: Tsareena|128/267\n|\n|-heal|p2a: Manaphy|242/284 brn|[from] item: Leftovers\n|-damage|p2a: Manaphy|225/284 brn|[from] brn\n|upkeep\n|turn|24\n|\n|t:|1782763720\n|move|p2a: Manaphy|Energy Ball|p1a: Tsareena\n|-resisted|p1a: Tsareena\n|-damage|p1a: Tsareena|0 fnt\n|faint|p1a: Tsareena\n|\n|-heal|p2a: Manaphy|242/284 brn|[from] item: Leftovers\n|-damage|p2a: Manaphy|225/284 brn|[from] brn\n|upkeep\n|\n|t:|1782763722\n|switch|p1a: Dondozo|Dondozo, L78, F, tera:Fairy|168/362 slp\n|turn|25\n|\n|t:|1782763724\n|move|p2a: Manaphy|Energy Ball|p1a: Dondozo\n|-damage|p1a: Dondozo|60/362 slp\n|-curestatus|p1a: Dondozo|slp|[msg]\n|move|p1a: Dondozo|Rest|p1a: Dondozo\n|-status|p1a: Dondozo|slp|[from] move: Rest\n|-heal|p1a: Dondozo|362/362 slp|[silent]\n|\n|-heal|p2a: Manaphy|242/284 brn|[from] item: Leftovers\n|-damage|p2a: Manaphy|225/284 brn|[from] brn\n|upkeep\n|turn|26\n|\n|t:|1782763724\n|move|p2a: Manaphy|Energy Ball|p1a: Dondozo\n|-damage|p1a: Dondozo|250/362 slp\n|-unboost|p1a: Dondozo|spd|1\n|cant|p1a: Dondozo|slp\n|move|p1a: Dondozo|Sleep Talk|p1a: Dondozo\n|move|p1a: Dondozo|Rest||[from] move: Sleep Talk|[still]\n|-fail|p1a: Dondozo\n|\n|-heal|p2a: Manaphy|242/284 brn|[from] item: Leftovers\n|-heal|p1a: Dondozo|272/362 slp|[from] item: Leftovers\n|-damage|p2a: Manaphy|225/284 brn|[from] brn\n|upkeep\n|turn|27\n|\n|t:|1782763731\n|switch|p1a: Copperajah|Copperajah, L86, M|350/350\n|move|p2a: Manaphy|Energy Ball|p1a: Copperajah\n|-resisted|p1a: Copperajah\n|-damage|p1a: Copperajah|152/350\n|\n|-heal|p2a: Manaphy|242/284 brn|[from] item: Leftovers\n|-damage|p2a: Manaphy|225/284 brn|[from] brn\n|upkeep\n|turn|28\n|\n|t:|1782763733\n|switch|p1a: Alomomola|Alomomola, L87, M|429/429\n|move|p2a: Manaphy|Ice Beam|p1a: Alomomola\n|-resisted|p1a: Alomomola\n|-crit|p1a: Alomomola\n|-damage|p1a: Alomomola|185/429\n|\n|-heal|p2a: Manaphy|242/284 brn|[from] item: Leftovers\n|-damage|p2a: Manaphy|225/284 brn|[from] brn\n|upkeep\n|turn|29\n|\n|t:|1782763737\n|move|p1a: Alomomola|Protect|p1a: Alomomola\n|-singleturn|p1a: Alomomola|Protect\n|move|p2a: Manaphy|Ice Beam|p1a: Alomomola\n|-activate|p1a: Alomomola|move: Protect\n|\n|-heal|p2a: Manaphy|242/284 brn|[from] item: Leftovers\n|-damage|p2a: Manaphy|225/284 brn|[from] brn\n|upkeep\n|turn|30\n|\n|t:|1782763741\n|switch|p1a: Dondozo|Dondozo, L78, F, tera:Fairy|272/362 slp\n|move|p2a: Manaphy|Ice Beam|p1a: Dondozo\n|-damage|p1a: Dondozo|193/362 slp\n|\n|-heal|p2a: Manaphy|242/284 brn|[from] item: Leftovers\n|-heal|p1a: Dondozo|215/362 slp|[from] item: Leftovers\n|-damage|p2a: Manaphy|225/284 brn|[from] brn\n|upkeep\n|turn|31\n|\n|t:|1782763745\n|move|p2a: Manaphy|Ice Beam|p1a: Dondozo\n|-damage|p1a: Dondozo|133/362 slp\n|cant|p1a: Dondozo|slp\n|move|p1a: Dondozo|Sleep Talk|p1a: Dondozo\n|move|p1a: Dondozo|Rest||[from] move: Sleep Talk|[still]\n|-fail|p1a: Dondozo\n|\n|-heal|p2a: Manaphy|242/284 brn|[from] item: Leftovers\n|-heal|p1a: Dondozo|155/362 slp|[from] item: Leftovers\n|-damage|p2a: Manaphy|225/284 brn|[from] brn\n|upkeep\n|turn|32\n|\n|t:|1782763746\n|move|p2a: Manaphy|Ice Beam|p1a: Dondozo\n|-damage|p1a: Dondozo|78/362 slp\n|-curestatus|p1a: Dondozo|slp|[msg]\n|move|p1a: Dondozo|Rest|p1a: Dondozo\n|-status|p1a: Dondozo|slp|[from] move: Rest\n|-heal|p1a: Dondozo|362/362 slp|[silent]\n|\n|-heal|p2a: Manaphy|242/284 brn|[from] item: Leftovers\n|-damage|p2a: Manaphy|225/284 brn|[from] brn\n|upkeep\n|turn|33\n|\n|t:|1782763751\n|move|p2a: Manaphy|Ice Beam|p1a: Dondozo\n|-damage|p1a: Dondozo|289/362 slp\n|cant|p1a: Dondozo|slp\n|move|p1a: Dondozo|Sleep Talk|p1a: Dondozo\n|move|p1a: Dondozo|Curse|p1a: Dondozo|[from] move: Sleep Talk\n|-unboost|p1a: Dondozo|spe|1\n|-boost|p1a: Dondozo|atk|1\n|-boost|p1a: Dondozo|def|1\n|\n|-heal|p2a: Manaphy|242/284 brn|[from] item: Leftovers\n|-heal|p1a: Dondozo|311/362 slp|[from] item: Leftovers\n|-damage|p2a: Manaphy|225/284 brn|[from] brn\n|upkeep\n|turn|34\n|\n|t:|1782763752\n|move|p2a: Manaphy|Ice Beam|p1a: Dondozo\n|-damage|p1a: Dondozo|238/362 slp\n|cant|p1a: Dondozo|slp\n|move|p1a: Dondozo|Sleep Talk|p1a: Dondozo\n|move|p1a: Dondozo|Curse|p1a: Dondozo|[from] move: Sleep Talk\n|-unboost|p1a: Dondozo|spe|1\n|-boost|p1a: Dondozo|atk|1\n|-boost|p1a: Dondozo|def|1\n|\n|-heal|p2a: Manaphy|242/284 brn|[from] item: Leftovers\n|-heal|p1a: Dondozo|260/362 slp|[from] item: Leftovers\n|-damage|p2a: Manaphy|225/284 brn|[from] brn\n|upkeep\n|turn|35\n|\n|t:|1782763754\n|move|p2a: Manaphy|Energy Ball|p1a: Dondozo\n|-damage|p1a: Dondozo|142/362 slp\n|-curestatus|p1a: Dondozo|slp|[msg]\n|move|p1a: Dondozo|Curse|p1a: Dondozo\n|-unboost|p1a: Dondozo|spe|1\n|-boost|p1a: Dondozo|atk|1\n|-boost|p1a: Dondozo|def|1\n|\n|-heal|p2a: Manaphy|242/284 brn|[from] item: Leftovers\n|-heal|p1a: Dondozo|164/362|[from] item: Leftovers\n|-damage|p2a: Manaphy|225/284 brn|[from] brn\n|upkeep\n|turn|36\n|\n|t:|1782763759\n|move|p2a: Manaphy|Ice Beam|p1a: Dondozo\n|-damage|p1a: Dondozo|86/362\n|move|p1a: Dondozo|Rest|p1a: Dondozo\n|-status|p1a: Dondozo|slp|[from] move: Rest\n|-heal|p1a: Dondozo|362/362 slp|[silent]\n|\n|-heal|p2a: Manaphy|242/284 brn|[from] item: Leftovers\n|-damage|p2a: Manaphy|225/284 brn|[from] brn\n|upkeep\n|turn|37\n|\n|t:|1782763761\n|move|p2a: Manaphy|Energy Ball|p1a: Dondozo\n|-damage|p1a: Dondozo|247/362 slp\n|cant|p1a: Dondozo|slp\n|move|p1a: Dondozo|Sleep Talk|p1a: Dondozo\n|move|p1a: Dondozo|Rest||[from] move: Sleep Talk|[still]\n|-fail|p1a: Dondozo\n|\n|-heal|p2a: Manaphy|242/284 brn|[from] item: Leftovers\n|-heal|p1a: Dondozo|269/362 slp|[from] item: Leftovers\n|-damage|p2a: Manaphy|225/284 brn|[from] brn\n|upkeep\n|turn|38\n|\n|t:|1782763762\n|move|p2a: Manaphy|Ice Beam|p1a: Dondozo\n|-damage|p1a: Dondozo|191/362 slp\n|cant|p1a: Dondozo|slp\n|move|p1a: Dondozo|Sleep Talk|p1a: Dondozo\n|move|p1a: Dondozo|Rest||[from] move: Sleep Talk|[still]\n|-fail|p1a: Dondozo\n|\n|-heal|p2a: Manaphy|242/284 brn|[from] item: Leftovers\n|-heal|p1a: Dondozo|213/362 slp|[from] item: Leftovers\n|-damage|p2a: Manaphy|225/284 brn|[from] brn\n|upkeep\n|turn|39\n|\n|t:|1782763763\n|move|p2a: Manaphy|Ice Beam|p1a: Dondozo\n|-damage|p1a: Dondozo|132/362 slp\n|-curestatus|p1a: Dondozo|slp|[msg]\n|move|p1a: Dondozo|Wave Crash|p2a: Manaphy\n|-resisted|p2a: Manaphy\n|-damage|p2a: Manaphy|85/284 brn\n|-damage|p1a: Dondozo|86/362|[from] Recoil\n|\n|-heal|p2a: Manaphy|102/284 brn|[from] item: Leftovers\n|-heal|p1a: Dondozo|108/362|[from] item: Leftovers\n|-damage|p2a: Manaphy|85/284 brn|[from] brn\n|upkeep\n|turn|40\n|\n|t:|1782763769\n|move|p2a: Manaphy|Ice Beam|p1a: Dondozo\n|-damage|p1a: Dondozo|29/362\n|move|p1a: Dondozo|Wave Crash|p2a: Manaphy\n|-resisted|p2a: Manaphy\n|-damage|p2a: Manaphy|0 fnt\n|faint|p2a: Manaphy\n|-damage|p1a: Dondozo|1/362|[from] Recoil\n|\n|-heal|p1a: Dondozo|23/362|[from] item: Leftovers\n|upkeep\n|\n|t:|1782763770\n|switch|p2a: Morpeko|Morpeko, L88, M|245/245\n|turn|41\n|\n|t:|1782763772\n|move|p2a: Morpeko|Aura Wheel|p1a: Dondozo\n|-damage|p1a: Dondozo|0 fnt\n|-boost|p2a: Morpeko|spe|1\n|faint|p1a: Dondozo\n|\n|-formechange|p2a: Morpeko|Morpeko-Hangry||[from] ability: Hunger Switch\n|upkeep\n|\n|t:|1782763774\n|switch|p1a: Copperajah|Copperajah, L86, M|152/350\n|turn|42\n|\n|t:|1782763775\n|move|p2a: Morpeko|Protect|p2a: Morpeko\n|-singleturn|p2a: Morpeko|Protect\n|move|p1a: Copperajah|Play Rough|p2a: Morpeko\n|-activate|p2a: Morpeko|move: Protect\n|\n|-formechange|p2a: Morpeko|Morpeko||[from] ability: Hunger Switch\n|upkeep\n|turn|43\n|\n|t:|1782763777\n|move|p2a: Morpeko|Parting Shot|p1a: Copperajah\n|-unboost|p1a: Copperajah|atk|1\n|-unboost|p1a: Copperajah|spa|1\n|\n|t:|1782763778\n|switch|p2a: Ceruledge|Ceruledge, L78, M|245/245|[from] Parting Shot\n|move|p1a: Copperajah|Play Rough|p2a: Ceruledge|[miss]\n|-miss|p1a: Copperajah|p2a: Ceruledge\n|\n|upkeep\n|turn|44\n|\n|t:|1782763780\n|switch|p1a: Alomomola|Alomomola, L87, M|328/429\n|move|p2a: Ceruledge|Swords Dance|p2a: Ceruledge\n|-boost|p2a: Ceruledge|atk|2\n|\n|upkeep\n|turn|45\n|\n|t:|1782763782\n|move|p2a: Ceruledge|Poltergeist|p1a: Alomomola\n|-activate|p1a: Alomomola|move: Poltergeist|Heavy-Duty Boots\n|-damage|p1a: Alomomola|55/429\n|move|p1a: Alomomola|Scald|p2a: Ceruledge\n|-supereffective|p2a: Ceruledge\n|-damage|p2a: Ceruledge|141/245\n|\n|upkeep\n|turn|46\n|\n|t:|1782763784\n|move|p2a: Ceruledge|Bitter Blade|p1a: Alomomola\n|-resisted|p1a: Alomomola\n|-damage|p1a: Alomomola|0 fnt\n|-heal|p2a: Ceruledge|169/245|[from] drain|[of] p1a: Alomomola\n|faint|p1a: Alomomola\n|\n|upkeep\n|\n|t:|1782763785\n|switch|p1a: Misdreavus|Misdreavus, L90, F|254/254\n|turn|47\n|\n|t:|1782763787\n|move|p1a: Misdreavus|Shadow Ball|p2a: Ceruledge\n|-supereffective|p2a: Ceruledge\n|-damage|p2a: Ceruledge|0 fnt\n|faint|p2a: Ceruledge\n|\n|upkeep\n|\n|t:|1782763788\n|switch|p2a: Morpeko|Morpeko, L88, M|245/245\n|turn|48\n|\n|t:|1782763791\n|move|p2a: Morpeko|Protect|p2a: Morpeko\n|-singleturn|p2a: Morpeko|Protect\n|move|p1a: Misdreavus|Will-O-Wisp|p2a: Morpeko\n|-activate|p2a: Morpeko|move: Protect\n|\n|-formechange|p2a: Morpeko|Morpeko-Hangry||[from] ability: Hunger Switch\n|upkeep\n|turn|49\n|\n|t:|1782763792\n|move|p2a: Morpeko|Aura Wheel|p1a: Misdreavus\n|-supereffective|p1a: Misdreavus\n|-damage|p1a: Misdreavus|48/254\n|-boost|p2a: Morpeko|spe|1\n|move|p1a: Misdreavus|Will-O-Wisp|p2a: Morpeko\n|-status|p2a: Morpeko|brn\n|\n|-damage|p2a: Morpeko|230/245 brn|[from] brn\n|-formechange|p2a: Morpeko|Morpeko||[from] ability: Hunger Switch\n|upkeep\n|turn|50\n|\n|t:|1782763795\n|move|p2a: Morpeko|Aura Wheel|p1a: Misdreavus\n|-damage|p1a: Misdreavus|0 fnt\n|-boost|p2a: Morpeko|spe|1\n|faint|p1a: Misdreavus\n|\n|-damage|p2a: Morpeko|215/245 brn|[from] brn\n|-formechange|p2a: Morpeko|Morpeko-Hangry||[from] ability: Hunger Switch\n|upkeep\n|\n|t:|1782763796\n|switch|p1a: Copperajah|Copperajah, L86, M|152/350\n|turn|51\n|\n|t:|1782763798\n|move|p2a: Morpeko|Aura Wheel|p1a: Copperajah\n|-damage|p1a: Copperajah|72/350\n|-boost|p2a: Morpeko|spe|1\n|move|p1a: Copperajah|Play Rough|p2a: Morpeko\n|-supereffective|p2a: Morpeko\n|-damage|p2a: Morpeko|0 fnt\n|faint|p2a: Morpeko\n|\n|upkeep\n|\n|t:|1782763798\n|switch|p2a: Beartic|Beartic, L91, M|321/321\n|-damage|p2a: Beartic|241/321|[from] Stealth Rock\n|turn|52\n|\n|t:|1782763804\n|move|p2a: Beartic|Aqua Jet|p1a: Copperajah\n|-damage|p1a: Copperajah|0 fnt\n|faint|p1a: Copperajah\n|\n|win|notmetbh102\n|raw|ndubers brainrot's rating: 2153 &rarr; <strong>2141</strong><br />(-12 for losing)\n|raw|notmetbh102's rating: 2293 &rarr; <strong>2305</strong><br />(+12 for winning)\n|c|\u2606notmetbh102|gg\n", "inputlog": ">version f8ac14003a5f27e1bdc8d8c59608a773c1cb96e5\n>start {\"formatid\":\"gen9randombattle\",\"seed\":\"sodium,3f748202461455eea4db39a3980e6362\",\"rated\":\"Rated battle\"}\n>player p1 {\"name\":\"ndubers brainrot\",\"avatar\":\"dawn\",\"rating\":2153,\"seed\":\"sodium,ad23e6a6f75122344fe08ae716d89c3d\"}\n>player p2 {\"name\":\"notmetbh102\",\"avatar\":\"2\",\"rating\":2293,\"seed\":\"sodium,30512447249ee24843c57306bfa1f592\"}\n>chat \u2606notmetbh102|hf\n>chat \u2606ndubers brainrot|u2\n>p1 switch 3\n>p2 switch 4\n>p1 move flipturn\n>p2 move auroraveil\n>p1 switch 6\n>p1 move stealthrock\n>p2 switch 2\n>p1 switch 2\n>p2 move tailglow\n>p1 move willowisp\n>p2 move tailglow\n>p1 switch 4\n>p2 move hydropump\n>p1 move rest\n>p2 move energyball\n>p1 move sleeptalk terastallize\n>p2 move energyball\n>p1 move sleeptalk\n>p2 move energyball\n>p1 move rest\n>p2 move hydropump\n>p1 move sleeptalk\n>p2 move hydropump\n>p1 move sleeptalk\n>p2 move hydropump\n>p1 move rest\n>p2 move hydropump\n>p1 move sleeptalk\n>p2 move hydropump\n>p1 move sleeptalk\n>p2 move hydropump\n>p1 move rest\n>p2 move hydropump\n>p1 move sleeptalk\n>p2 move energyball\n>p1 move sleeptalk\n>p2 move energyball terastallize\n>p1 switch 3\n>p2 move energyball\n>p1 switch 3\n>p1 move rest\n>p2 move energyball\n>p1 move sleeptalk\n>p2 move energyball\n>p1 move sleeptalk\n>p2 move energyball\n>p1 switch 5\n>p2 move energyball\n>p1 move tripleaxel\n>p2 move energyball\n>p1 switch 5\n>p1 move rest\n>p2 move energyball\n>p1 move sleeptalk\n>p2 move energyball\n>p1 switch 2\n>p2 move energyball\n>p1 switch 6\n>p2 move icebeam\n>p1 move protect\n>p2 move icebeam\n>p1 switch 2\n>p2 move icebeam\n>p1 move sleeptalk\n>p2 move icebeam\n>p1 move rest\n>p2 move icebeam\n>p1 move sleeptalk\n>p2 move icebeam\n>p1 move sleeptalk\n>p2 move icebeam\n>p1 move curse\n>p2 move energyball\n>p1 move rest\n>p2 move icebeam\n>p1 move sleeptalk\n>p2 move energyball\n>p1 move sleeptalk\n>p2 move icebeam\n>p1 move wavecrash\n>p2 move icebeam\n>p1 move wavecrash\n>p2 move icebeam\n>p2 switch 3\n>p1 move wavecrash\n>p2 move aurawheel\n>p1 switch 6\n>p1 move playrough\n>p2 move protect\n>p1 move playrough\n>p2 move partingshot\n>p2 switch 4\n>p1 switch 2\n>p2 move swordsdance\n>p1 move scald\n>p2 move poltergeist\n>p1 move scald\n>p2 move bitterblade\n>p1 switch 4\n>p1 move shadowball\n>p2 move poltergeist\n>p2 switch 4\n>p1 move willowisp\n>p2 move protect\n>p1 move willowisp\n>p2 move aurawheel\n>p1 move drainingkiss\n>p2 move aurawheel\n>p1 switch 2\n>p1 move playrough\n>p2 move aurawheel\n>p2 switch 5\n>p1 move ironhead\n>p2 move aquajet", "uploadtime": 1782763805, "views": 7, "formatid": "gen9randombattle", "rating": 2141, "private": 0, "password": null, "player_dets": [{"name": "ndubers brainrot", "avatar": "dawn", "rating": 2153, "seed": "sodium,ad23e6a6f75122344fe08ae716d89c3d"}, {"name": "notmetbh102", "avatar": "2", "rating": 2293, "seed": "sodium,30512447249ee24843c57306bfa1f592"}], "teams_full": [{"Cetitan": {"name": "Cetitan", "species": "Cetitan", "speciesId": "cetitan", "gender": "M", "shiny": false, "level": 82, "moves": ["liquidation", "iceshard", "earthquake", "iciclecrash"], "ability": "Sheer Force", "evs": {"hp": 85, "atk": 85, "def": 85, "spa": 85, "spd": 85, "spe": 85}, "ivs": {"hp": 31, "atk": 31, "def": 31, "spa": 31, "spd": 31, "spe": 31}, "item": "Life Orb", "teraType": "Water", "role": "Wallbreaker", "bvs": {"hp": 170, "atk": 113, "def": 65, "spa": 45, "spd": 55, "spe": 73}, "stats": {"hp": 413, "atk": 232, "def": 154, "spa": 121, "spd": 137, "spe": 167}, "types": ["Ice"]}, "Misdreavus": {"name": "Misdreavus", "species": "Misdreavus", "speciesId": "misdreavus", "gender": "F", "shiny": false, "level": 90, "moves": ["shadowball", "calmmind", "drainingkiss", "willowisp"], "ability": "Levitate", "evs": {"hp": 85, "atk": 0, "def": 85, "spa": 85, "spd": 85, "spe": 85}, "ivs": {"hp": 31, "atk": 0, "def": 31, "spa": 31, "spd": 31, "spe": 31}, "item": "Eviolite", "teraType": "Fairy", "role": "Bulky Setup", "bvs": {"hp": 60, "atk": 60, "def": 60, "spa": 85, "spd": 85, "spe": 85}, "stats": {"hp": 254, "atk": 113, "def": 159, "spa": 204, "spd": 204, "spe": 204}, "types": ["Ghost"]}, "Alomomola": {"name": "Alomomola", "species": "Alomomola", "speciesId": "alomomola", "gender": "M", "shiny": false, "level": 87, "moves": ["scald", "flipturn", "protect", "wish"], "ability": "Regenerator", "evs": {"hp": 85, "atk": 85, "def": 85, "spa": 85, "spd": 85, "spe": 85}, "ivs": {"hp": 31, "atk": 31, "def": 31, "spa": 31, "spd": 31, "spe": 31}, "item": "Heavy-Duty Boots", "teraType": "Steel", "role": "Fast Support", "bvs": {"hp": 165, "atk": 75, "def": 80, "spa": 40, "spd": 45, "spe": 65}, "stats": {"hp": 429, "atk": 180, "def": 189, "spa": 119, "spd": 128, "spe": 163}, "types": ["Water"]}, "Dondozo": {"name": "Dondozo", "species": "Dondozo", "speciesId": "dondozo", "gender": "F", "shiny": false, "level": 78, "moves": ["sleeptalk", "rest", "curse", "wavecrash"], "ability": "Unaware", "evs": {"hp": 85, "atk": 85, "def": 85, "spa": 85, "spd": 85, "spe": 85}, "ivs": {"hp": 31, "atk": 31, "def": 31, "spa": 31, "spd": 31, "spe": 31}, "item": "Leftovers", "teraType": "Fairy", "role": "Bulky Setup", "bvs": {"hp": 150, "atk": 100, "def": 115, "spa": 65, "spd": 65, "spe": 35}, "stats": {"hp": 362, "atk": 201, "def": 224, "spa": 146, "spd": 146, "spe": 100}, "types": ["Water"]}, "Tsareena": {"name": "Tsareena", "species": "Tsareena", "speciesId": "tsareena", "gender": "F", "shiny": false, "level": 87, "moves": ["powerwhip", "synthesis", "uturn", "tripleaxel"], "ability": "Queenly Majesty", "evs": {"hp": 85, "atk": 85, "def": 85, "spa": 85, "spd": 85, "spe": 85}, "ivs": {"hp": 31, "atk": 31, "def": 31, "spa": 31, "spd": 31, "spe": 31}, "item": "Heavy-Duty Boots", "teraType": "Steel", "role": "Fast Support", "bvs": {"hp": 72, "atk": 120, "def": 98, "spa": 50, "spd": 98, "spe": 72}, "stats": {"hp": 267, "atk": 259, "def": 220, "spa": 137, "spd": 220, "spe": 175}, "types": ["Grass"]}, "Copperajah": {"name": "Copperajah", "species": "Copperajah", "speciesId": "copperajah", "gender": "M", "shiny": false, "level": 86, "moves": ["ironhead", "earthquake", "stealthrock", "playrough"], "ability": "Sheer Force", "evs": {"hp": 85, "atk": 85, "def": 85, "spa": 85, "spd": 85, "spe": 85}, "ivs": {"hp": 31, "atk": 31, "def": 31, "spa": 31, "spd": 31, "spe": 31}, "item": "Life Orb", "teraType": "Fairy", "role": "Wallbreaker", "bvs": {"hp": 122, "atk": 130, "def": 69, "spa": 80, "spd": 69, "spe": 30}, "stats": {"hp": 350, "atk": 273, "def": 168, "spa": 187, "spd": 168, "spe": 101}, "types": ["Steel"]}}, {"Ceruledge": {"name": "Ceruledge", "species": "Ceruledge", "speciesId": "ceruledge", "gender": "M", "shiny": false, "level": 78, "moves": ["swordsdance", "closecombat", "poltergeist", "bitterblade"], "ability": "Weak Armor", "evs": {"hp": 85, "atk": 85, "def": 85, "spa": 85, "spd": 85, "spe": 85}, "ivs": {"hp": 31, "atk": 31, "def": 31, "spa": 31, "spd": 31, "spe": 31}, "item": "Heavy-Duty Boots", "teraType": "Fire", "role": "Setup Sweeper", "bvs": {"hp": 75, "atk": 125, "def": 80, "spa": 60, "spd": 100, "spe": 85}, "stats": {"hp": 245, "atk": 240, "def": 170, "spa": 139, "spd": 201, "spe": 178}, "types": ["Fire", "Ghost"]}, "Manaphy": {"name": "Manaphy", "species": "Manaphy", "speciesId": "manaphy", "gender": "N", "shiny": false, "level": 78, "moves": ["energyball", "icebeam", "tailglow", "hydropump"], "ability": "Hydration", "evs": {"hp": 85, "atk": 0, "def": 85, "spa": 85, "spd": 85, "spe": 85}, "ivs": {"hp": 31, "atk": 0, "def": 31, "spa": 31, "spd": 31, "spe": 31}, "item": "Leftovers", "teraType": "Grass", "role": "Bulky Setup", "bvs": {"hp": 100, "atk": 100, "def": 100, "spa": 100, "spd": 100, "spe": 100}, "stats": {"hp": 284, "atk": 161, "def": 201, "spa": 201, "spd": 201, "spe": 201}, "types": ["Water"]}, "Morpeko": {"name": "Morpeko", "species": "Morpeko", "speciesId": "morpeko", "gender": "M", "shiny": false, "level": 88, "moves": ["rapidspin", "protect", "partingshot", "aurawheel"], "ability": "Hunger Switch", "evs": {"hp": 85, "atk": 85, "def": 85, "spa": 85, "spd": 85, "spe": 85}, "ivs": {"hp": 31, "atk": 31, "def": 31, "spa": 31, "spd": 31, "spe": 31}, "item": "Heavy-Duty Boots", "teraType": "Electric", "role": "Fast Support", "bvs": {"hp": 58, "atk": 95, "def": 58, "spa": 70, "spd": 58, "spe": 97}, "stats": {"hp": 245, "atk": 217, "def": 152, "spa": 173, "spd": 152, "spe": 221}, "types": ["Electric", "Dark"]}, "Ninetales": {"name": "Ninetales", "species": "Ninetales-Alola", "speciesId": "ninetalesalola", "gender": "M", "shiny": false, "level": 78, "moves": ["auroraveil", "encore", "moonblast", "blizzard"], "ability": "Snow Warning", "evs": {"hp": 85, "atk": 0, "def": 85, "spa": 85, "spd": 85, "spe": 85}, "ivs": {"hp": 31, "atk": 0, "def": 31, "spa": 31, "spd": 31, "spe": 31}, "item": "Light Clay", "teraType": "Water", "role": "Fast Support", "bvs": {"hp": 73, "atk": 67, "def": 75, "spa": 81, "spd": 100, "spe": 109}, "stats": {"hp": 242, "atk": 109, "def": 162, "spa": 171, "spd": 201, "spe": 215}, "types": ["Ice", "Fairy"]}, "Beartic": {"name": "Beartic", "species": "Beartic", "speciesId": "beartic", "gender": "M", "shiny": false, "level": 91, "moves": ["aquajet", "closecombat", "iciclecrash", "earthquake"], "ability": "Slush Rush", "evs": {"hp": 85, "atk": 85, "def": 85, "spa": 85, "spd": 85, "spe": 85}, "ivs": {"hp": 31, "atk": 31, "def": 31, "spa": 31, "spd": 31, "spe": 31}, "item": "Choice Band", "teraType": "Ground", "role": "Wallbreaker", "bvs": {"hp": 95, "atk": 130, "def": 80, "spa": 70, "spd": 80, "spe": 50}, "stats": {"hp": 321, "atk": 288, "def": 197, "spa": 179, "spd": 197, "spe": 143}, "types": ["Ice"]}, "Azumarill": {"name": "Azumarill", "species": "Azumarill", "speciesId": "azumarill", "gender": "M", "shiny": false, "level": 82, "moves": ["aquajet", "playrough", "liquidation", "icespinner"], "ability": "Huge Power", "evs": {"hp": 85, "atk": 85, "def": 85, "spa": 85, "spd": 85, "spe": 85}, "ivs": {"hp": 31, "atk": 31, "def": 31, "spa": 31, "spd": 31, "spe": 31}, "item": "Choice Band", "teraType": "Water", "role": "Bulky Attacker", "bvs": {"hp": 100, "atk": 50, "def": 80, "spa": 60, "spd": 80, "spe": 50}, "stats": {"hp": 298, "atk": 129, "def": 178, "spa": 146, "spd": 178, "spe": 129}, "types": ["Water", "Fairy"]}}]}