{"id": "gen9randombattle-2641598386", "format": "[Gen 9] Random Battle", "players": ["randbatsto90gxe", "scorching hot"], "log": "|badge|p2|bronze|gen9randombattle|100-9\n|html|<div class=\"broadcast-red\"><strong>This battle is required to be public due to one or more player having a season medal.</strong><br />During the public phase, you can discuss the state of the ladder <a href=\"/seasondiscussion\">in a special chatroom.</a></div>\n|uhtml|medal-msg|<div class=\"broadcast-blue\">Curious what those medals under the avatar are? PS now has Ladder Seasons! For more information, check out the <a href=\"https://www.smogon.com/forums/threads/3740067/\">thread on Smogon.</a></div>\n|raw|<div class=\"broadcast-blue\"><strong>This battle is required to be public due to a player having a name starting with 'medal'.</div>\n|j|\u2606randbatsto90gxe\n|j|\u2606scorching hot\n|t:|1782815998\n|gametype|singles\n|player|p1|randbatsto90gxe|n|2163\n|player|p2|scorching hot|flannery|2365\n|gen|9\n|tier|[Gen 9] Random Battle\n|rated|\n|rule|Species Clause: Limit one of each Pok\u00e9mon\n|rule|HP Percentage Mod: HP is shown in percentages\n|rule|Sleep Clause Mod: Limit one foe put to sleep\n|rule|Illusion Level Mod: Illusion disguises the Pok\u00e9mon's true level\n|\n|t:|1782815998\n|teamsize|p1|6\n|teamsize|p2|6\n|start\n|switch|p1a: Garchomp|Garchomp, L74, M|282/282\n|switch|p2a: Comfey|Comfey, L85, M|235/235\n|turn|1\n|inactive|Battle timer is ON: inactive players will automatically lose when time's up. (requested by randbatsto90gxe)\n|\n|t:|1782816013\n|switch|p1a: Blissey|Blissey, L85, F|572/572\n|move|p2a: Comfey|Nasty Plot|p2a: Comfey\n|-boost|p2a: Comfey|spa|2\n|\n|upkeep\n|turn|2\n|\n|t:|1782816022\n|switch|p2a: Snorlax|Snorlax, L82, F|397/397\n|move|p1a: Blissey|Stealth Rock|p2a: Snorlax\n|-sidestart|p2: scorching hot|move: Stealth Rock\n|\n|upkeep\n|turn|3\n|\n|t:|1782816032\n|switch|p1a: Tinkaton|Tinkaton, L82, F|274/274\n|-ability|p1a: Tinkaton|Mold Breaker\n|move|p2a: Snorlax|Body Slam|p1a: Tinkaton\n|-resisted|p1a: Tinkaton\n|-damage|p1a: Tinkaton|223/274\n|\n|-heal|p1a: Tinkaton|240/274|[from] item: Leftovers\n|upkeep\n|turn|4\n|\n|t:|1782816056\n|move|p1a: Tinkaton|Knock Off|p2a: Snorlax\n|-damage|p2a: Snorlax|330/397\n|-enditem|p2a: Snorlax|Leftovers|[from] move: Knock Off|[of] p1a: Tinkaton\n|move|p2a: Snorlax|Earthquake|p1a: Tinkaton\n|-supereffective|p1a: Tinkaton\n|-damage|p1a: Tinkaton|68/274\n|\n|-heal|p1a: Tinkaton|85/274|[from] item: Leftovers\n|upkeep\n|turn|5\n|j| KB NBC\n|\n|t:|1782816076\n|switch|p1a: Garchomp|Garchomp, L74, M|282/282\n|move|p2a: Snorlax|Earthquake|p1a: Garchomp\n|-damage|p1a: Garchomp|205/282\n|\n|upkeep\n|turn|6\n|inactive|scorching hot has 120 seconds left.\n|inactive|scorching hot has 90 seconds left.\n|\n|t:|1782816129\n|move|p1a: Garchomp|Swords Dance|p1a: Garchomp\n|-boost|p1a: Garchomp|atk|2\n|move|p2a: Snorlax|Body Slam|p1a: Garchomp\n|-damage|p1a: Garchomp|102/282\n|-damage|p2a: Snorlax|281/397|[from] ability: Rough Skin|[of] p1a: Garchomp\n|\n|upkeep\n|turn|7\n|\n|t:|1782816138\n|move|p1a: Garchomp|Earthquake|p2a: Snorlax\n|-damage|p2a: Snorlax|22/397\n|move|p2a: Snorlax|Body Slam|p1a: Garchomp\n|-damage|p1a: Garchomp|0 fnt\n|-damage|p2a: Snorlax|0 fnt|[from] ability: Rough Skin|[of] p1a: Garchomp\n|faint|p1a: Garchomp\n|faint|p2a: Snorlax\n|\n|upkeep\n|inactive|scorching hot has 90 seconds left.\n|\n|t:|1782816151\n|switch|p1a: Tinkaton|Tinkaton, L82, F|85/274\n|switch|p2a: Venusaur|Venusaur, L84, M|272/272\n|-ability|p1a: Tinkaton|Mold Breaker\n|-damage|p2a: Venusaur|238/272|[from] Stealth Rock\n|turn|8\n|\n|t:|1782816159\n|switch|p1a: Blissey|Blissey, L85, F|572/572\n|move|p2a: Venusaur|Leech Seed|p1a: Blissey\n|-start|p1a: Blissey|move: Leech Seed\n|\n|-heal|p2a: Venusaur|255/272|[from] item: Leftovers\n|-damage|p1a: Blissey|501/572|[from] Leech Seed|[of] p2a: Venusaur\n|-heal|p2a: Venusaur|272/272|[silent]\n|upkeep\n|turn|9\n|\n|t:|1782816166\n|switch|p1a: Tinkaton|Tinkaton, L82, F|85/274\n|-ability|p1a: Tinkaton|Mold Breaker\n|move|p2a: Venusaur|Substitute|p2a: Venusaur\n|-start|p2a: Venusaur|Substitute\n|-damage|p2a: Venusaur|204/272\n|\n|-heal|p1a: Tinkaton|102/274|[from] item: Leftovers\n|-heal|p2a: Venusaur|221/272|[from] item: Leftovers\n|upkeep\n|turn|10\n|\n|t:|1782816181\n|move|p1a: Tinkaton|Gigaton Hammer|p2a: Venusaur\n|-end|p2a: Venusaur|Substitute\n|move|p2a: Venusaur|Leech Seed|p1a: Tinkaton\n|-start|p1a: Tinkaton|move: Leech Seed\n|\n|-heal|p1a: Tinkaton|119/274|[from] item: Leftovers\n|-heal|p2a: Venusaur|238/272|[from] item: Leftovers\n|-damage|p1a: Tinkaton|85/274|[from] Leech Seed|[of] p2a: Venusaur\n|-heal|p2a: Venusaur|272/272|[silent]\n|upkeep\n|turn|11\n|inactive|scorching hot has 90 seconds left.\n|\n|t:|1782816209\n|move|p1a: Tinkaton|Knock Off|p2a: Venusaur\n|-damage|p2a: Venusaur|213/272\n|-enditem|p2a: Venusaur|Leftovers|[from] move: Knock Off|[of] p1a: Tinkaton\n|move|p2a: Venusaur|Giga Drain|p1a: Tinkaton\n|-resisted|p1a: Tinkaton\n|-damage|p1a: Tinkaton|48/274\n|-heal|p2a: Venusaur|232/272|[from] drain|[of] p1a: Tinkaton\n|\n|-heal|p1a: Tinkaton|65/274|[from] item: Leftovers\n|-damage|p1a: Tinkaton|31/274|[from] Leech Seed|[of] p2a: Venusaur\n|-heal|p2a: Venusaur|266/272|[silent]\n|upkeep\n|turn|12\n|inactive|scorching hot has 90 seconds left.\n|\n|t:|1782816220\n|switch|p1a: Blissey|Blissey, L85, F|501/572\n|move|p2a: Venusaur|Giga Drain|p1a: Blissey\n|-damage|p1a: Blissey|438/572\n|-heal|p2a: Venusaur|272/272|[from] drain|[of] p1a: Blissey\n|\n|-heal|p1a: Blissey|473/572|[from] item: Leftovers\n|upkeep\n|turn|13\n|\n|t:|1782816224\n|move|p2a: Venusaur|Substitute|p2a: Venusaur\n|-start|p2a: Venusaur|Substitute\n|-damage|p2a: Venusaur|204/272\n|move|p1a: Blissey|Seismic Toss|p2a: Venusaur\n|-end|p2a: Venusaur|Substitute\n|\n|-heal|p1a: Blissey|508/572|[from] item: Leftovers\n|upkeep\n|turn|14\n|\n|t:|1782816228\n|move|p2a: Venusaur|Substitute|p2a: Venusaur\n|-start|p2a: Venusaur|Substitute\n|-damage|p2a: Venusaur|136/272\n|move|p1a: Blissey|Thunder Wave||[still]\n|-fail|p1a: Blissey\n|\n|-heal|p1a: Blissey|543/572|[from] item: Leftovers\n|upkeep\n|turn|15\n|\n|t:|1782816230\n|move|p2a: Venusaur|Leech Seed|p1a: Blissey|[miss]\n|-miss|p2a: Venusaur|p1a: Blissey\n|move|p1a: Blissey|Seismic Toss|p2a: Venusaur\n|-end|p2a: Venusaur|Substitute\n|\n|-heal|p1a: Blissey|572/572|[from] item: Leftovers\n|upkeep\n|turn|16\n|\n|t:|1782816233\n|move|p2a: Venusaur|Leech Seed|p1a: Blissey\n|-start|p1a: Blissey|move: Leech Seed\n|move|p1a: Blissey|Seismic Toss|p2a: Venusaur\n|-damage|p2a: Venusaur|51/272\n|\n|-damage|p1a: Blissey|501/572|[from] Leech Seed|[of] p2a: Venusaur\n|-heal|p2a: Venusaur|122/272|[silent]\n|upkeep\n|turn|17\n|\n|t:|1782816247\n|switch|p1a: Toxicroak|Toxicroak, L84, M|277/277\n|move|p2a: Venusaur|Leech Seed|p1a: Toxicroak\n|-start|p1a: Toxicroak|move: Leech Seed\n|\n|-damage|p1a: Toxicroak|243/277|[from] Leech Seed|[of] p2a: Venusaur\n|-heal|p2a: Venusaur|156/272|[silent]\n|upkeep\n|turn|18\n|\n|t:|1782816262\n|-terastallize|p2a: Venusaur|Steel\n|move|p1a: Toxicroak|Gunk Shot|p2a: Venusaur\n|-immune|p2a: Venusaur\n|move|p2a: Venusaur|Sludge Bomb|p1a: Toxicroak\n|-resisted|p1a: Toxicroak\n|-damage|p1a: Toxicroak|179/277\n|\n|-damage|p1a: Toxicroak|145/277|[from] Leech Seed|[of] p2a: Venusaur\n|-heal|p2a: Venusaur|190/272|[silent]\n|upkeep\n|turn|19\n|\n|t:|1782816274\n|switch|p1a: Blissey|Blissey, L85, F|501/572\n|switch|p2a: Comfey|Comfey, L85, M|225/225\n|-damage|p2a: Comfey|197/225|[from] Stealth Rock\n|\n|-heal|p2a: Comfey|211/225|[from] item: Leftovers\n|-heal|p1a: Blissey|536/572|[from] item: Leftovers\n|upkeep\n|turn|20\n|\n|t:|1782816288\n|switch|p2a: Venusaur|Venusaur, L84, M, tera:Steel|190/272\n|-damage|p2a: Venusaur|173/272|[from] Stealth Rock\n|move|p1a: Blissey|Thunder Wave|p2a: Venusaur|[miss]\n|-miss|p1a: Blissey|p2a: Venusaur\n|\n|-heal|p1a: Blissey|571/572|[from] item: Leftovers\n|upkeep\n|turn|21\n|\n|t:|1782816302\n|move|p2a: Venusaur|Leech Seed|p1a: Blissey\n|-start|p1a: Blissey|move: Leech Seed\n|move|p1a: Blissey|Seismic Toss|p2a: Venusaur\n|-damage|p2a: Venusaur|88/272\n|\n|-heal|p1a: Blissey|572/572|[from] item: Leftovers\n|-damage|p1a: Blissey|501/572|[from] Leech Seed|[of] p2a: Venusaur\n|-heal|p2a: Venusaur|159/272|[silent]\n|upkeep\n|turn|22\n|\n|t:|1782816307\n|move|p2a: Venusaur|Substitute|p2a: Venusaur\n|-start|p2a: Venusaur|Substitute\n|-damage|p2a: Venusaur|91/272\n|move|p1a: Blissey|Seismic Toss|p2a: Venusaur\n|-end|p2a: Venusaur|Substitute\n|\n|-heal|p1a: Blissey|536/572|[from] item: Leftovers\n|-damage|p1a: Blissey|465/572|[from] Leech Seed|[of] p2a: Venusaur\n|-heal|p2a: Venusaur|162/272|[silent]\n|upkeep\n|turn|23\n|\n|t:|1782816315\n|move|p2a: Venusaur|Substitute|p2a: Venusaur\n|-start|p2a: Venusaur|Substitute\n|-damage|p2a: Venusaur|94/272\n|move|p1a: Blissey|Seismic Toss|p2a: Venusaur\n|-end|p2a: Venusaur|Substitute\n|\n|-heal|p1a: Blissey|500/572|[from] item: Leftovers\n|-damage|p1a: Blissey|429/572|[from] Leech Seed|[of] p2a: Venusaur\n|-heal|p2a: Venusaur|165/272|[silent]\n|upkeep\n|turn|24\n|\n|t:|1782816323\n|move|p2a: Venusaur|Substitute|p2a: Venusaur\n|-start|p2a: Venusaur|Substitute\n|-damage|p2a: Venusaur|97/272\n|move|p1a: Blissey|Seismic Toss|p2a: Venusaur\n|-end|p2a: Venusaur|Substitute\n|\n|-heal|p1a: Blissey|464/572|[from] item: Leftovers\n|-damage|p1a: Blissey|393/572|[from] Leech Seed|[of] p2a: Venusaur\n|-heal|p2a: Venusaur|168/272|[silent]\n|upkeep\n|turn|25\n|\n|t:|1782816326\n|move|p2a: Venusaur|Substitute|p2a: Venusaur\n|-start|p2a: Venusaur|Substitute\n|-damage|p2a: Venusaur|100/272\n|move|p1a: Blissey|Seismic Toss|p2a: Venusaur\n|-end|p2a: Venusaur|Substitute\n|\n|-heal|p1a: Blissey|428/572|[from] item: Leftovers\n|-damage|p1a: Blissey|357/572|[from] Leech Seed|[of] p2a: Venusaur\n|-heal|p2a: Venusaur|171/272|[silent]\n|upkeep\n|turn|26\n|\n|t:|1782816332\n|move|p2a: Venusaur|Substitute|p2a: Venusaur\n|-start|p2a: Venusaur|Substitute\n|-damage|p2a: Venusaur|103/272\n|move|p1a: Blissey|Seismic Toss|p2a: Venusaur\n|-end|p2a: Venusaur|Substitute\n|\n|-heal|p1a: Blissey|392/572|[from] item: Leftovers\n|-damage|p1a: Blissey|321/572|[from] Leech Seed|[of] p2a: Venusaur\n|-heal|p2a: Venusaur|174/272|[silent]\n|upkeep\n|turn|27\n|\n|t:|1782816347\n|move|p2a: Venusaur|Sludge Bomb|p1a: Blissey\n|-damage|p1a: Blissey|251/572\n|move|p1a: Blissey|Seismic Toss|p2a: Venusaur\n|-damage|p2a: Venusaur|89/272\n|\n|-heal|p1a: Blissey|286/572|[from] item: Leftovers\n|-damage|p1a: Blissey|215/572|[from] Leech Seed|[of] p2a: Venusaur\n|-heal|p2a: Venusaur|160/272|[silent]\n|upkeep\n|turn|28\n|\n|t:|1782816357\n|move|p2a: Venusaur|Substitute|p2a: Venusaur\n|-start|p2a: Venusaur|Substitute\n|-damage|p2a: Venusaur|92/272\n|move|p1a: Blissey|Soft-Boiled|p1a: Blissey\n|-heal|p1a: Blissey|501/572\n|\n|-heal|p1a: Blissey|536/572|[from] item: Leftovers\n|-damage|p1a: Blissey|465/572|[from] Leech Seed|[of] p2a: Venusaur\n|-heal|p2a: Venusaur|163/272|[silent]\n|upkeep\n|turn|29\n|\n|t:|1782816360\n|move|p2a: Venusaur|Sludge Bomb|p1a: Blissey\n|-damage|p1a: Blissey|398/572\n|move|p1a: Blissey|Seismic Toss|p2a: Venusaur\n|-end|p2a: Venusaur|Substitute\n|\n|-heal|p1a: Blissey|433/572|[from] item: Leftovers\n|-damage|p1a: Blissey|362/572|[from] Leech Seed|[of] p2a: Venusaur\n|-heal|p2a: Venusaur|234/272|[silent]\n|upkeep\n|turn|30\n|\n|t:|1782816368\n|move|p2a: Venusaur|Substitute|p2a: Venusaur\n|-start|p2a: Venusaur|Substitute\n|-damage|p2a: Venusaur|166/272\n|move|p1a: Blissey|Seismic Toss|p2a: Venusaur\n|-end|p2a: Venusaur|Substitute\n|\n|-heal|p1a: Blissey|397/572|[from] item: Leftovers\n|-damage|p1a: Blissey|326/572|[from] Leech Seed|[of] p2a: Venusaur\n|-heal|p2a: Venusaur|237/272|[silent]\n|upkeep\n|turn|31\n|\n|t:|1782816373\n|move|p2a: Venusaur|Substitute|p2a: Venusaur\n|-start|p2a: Venusaur|Substitute\n|-damage|p2a: Venusaur|169/272\n|move|p1a: Blissey|Seismic Toss|p2a: Venusaur\n|-end|p2a: Venusaur|Substitute\n|\n|-heal|p1a: Blissey|361/572|[from] item: Leftovers\n|-damage|p1a: Blissey|290/572|[from] Leech Seed|[of] p2a: Venusaur\n|-heal|p2a: Venusaur|240/272|[silent]\n|upkeep\n|turn|32\n|\n|t:|1782816378\n|move|p2a: Venusaur|Sludge Bomb|p1a: Blissey\n|-damage|p1a: Blissey|218/572\n|-status|p1a: Blissey|psn\n|move|p1a: Blissey|Soft-Boiled|p1a: Blissey\n|-heal|p1a: Blissey|504/572 psn\n|\n|-heal|p1a: Blissey|539/572 psn|[from] item: Leftovers\n|-damage|p1a: Blissey|468/572 psn|[from] Leech Seed|[of] p2a: Venusaur\n|-heal|p2a: Venusaur|272/272|[silent]\n|-damage|p1a: Blissey|397/572 psn|[from] psn\n|upkeep\n|turn|33\n|\n|t:|1782816389\n|-curestatus|p1a: Blissey|psn|[from] ability: Natural Cure|[silent]\n|switch|p1a: Tinkaton|Tinkaton, L82, F|31/274\n|-ability|p1a: Tinkaton|Mold Breaker\n|move|p2a: Venusaur|Substitute|p2a: Venusaur\n|-start|p2a: Venusaur|Substitute\n|-damage|p2a: Venusaur|204/272\n|\n|-heal|p1a: Tinkaton|48/274|[from] item: Leftovers\n|upkeep\n|turn|34\n|\n|t:|1782816397\n|switch|p1a: Blissey|Blissey, L85, F|397/572\n|move|p2a: Venusaur|Leech Seed|p1a: Blissey|[miss]\n|-miss|p2a: Venusaur|p1a: Blissey\n|\n|-heal|p1a: Blissey|432/572|[from] item: Leftovers\n|upkeep\n|turn|35\n|\n|t:|1782816401\n|move|p2a: Venusaur|Leech Seed|p1a: Blissey\n|-start|p1a: Blissey|move: Leech Seed\n|move|p1a: Blissey|Seismic Toss|p2a: Venusaur\n|-end|p2a: Venusaur|Substitute\n|\n|-heal|p1a: Blissey|467/572|[from] item: Leftovers\n|-damage|p1a: Blissey|396/572|[from] Leech Seed|[of] p2a: Venusaur\n|-heal|p2a: Venusaur|272/272|[silent]\n|upkeep\n|turn|36\n|l| KB NBC\n|\n|t:|1782816405\n|switch|p2a: Hypno|Hypno, L95, M|315/315\n|-damage|p2a: Hypno|276/315|[from] Stealth Rock\n|move|p1a: Blissey|Seismic Toss|p2a: Hypno\n|-damage|p2a: Hypno|191/315\n|\n|-heal|p2a: Hypno|210/315|[from] item: Leftovers\n|-heal|p1a: Blissey|431/572|[from] item: Leftovers\n|-damage|p1a: Blissey|360/572|[from] Leech Seed|[of] p2a: Hypno\n|-heal|p2a: Hypno|281/315|[silent]\n|upkeep\n|turn|37\n|\n|t:|1782816422\n|switch|p1a: Tinkaton|Tinkaton, L82, F|48/274\n|-ability|p1a: Tinkaton|Mold Breaker\n|move|p2a: Hypno|Knock Off|p1a: Tinkaton\n|-resisted|p1a: Tinkaton\n|-damage|p1a: Tinkaton|5/274\n|-enditem|p1a: Tinkaton|Leftovers|[from] move: Knock Off|[of] p2a: Hypno\n|\n|-heal|p2a: Hypno|300/315|[from] item: Leftovers\n|upkeep\n|turn|38\n|\n|t:|1782816443\n|switch|p1a: Toxicroak|Toxicroak, L84, M|145/277\n|switch|p2a: Venusaur|Venusaur, L84, M, tera:Steel|272/272\n|-damage|p2a: Venusaur|255/272|[from] Stealth Rock\n|\n|upkeep\n|turn|39\n|\n|t:|1782816455\n|switch|p2a: Hypno|Hypno, L95, M|300/315\n|-damage|p2a: Hypno|261/315|[from] Stealth Rock\n|move|p1a: Toxicroak|Swords Dance|p1a: Toxicroak\n|-boost|p1a: Toxicroak|atk|2\n|\n|-heal|p2a: Hypno|280/315|[from] item: Leftovers\n|upkeep\n|turn|40\n|inactive|scorching hot has 120 seconds left.\n|\n|t:|1782816475\n|move|p1a: Toxicroak|Gunk Shot|p2a: Hypno\n|-damage|p2a: Hypno|0 fnt\n|faint|p2a: Hypno\n|-damage|p1a: Toxicroak|118/277|[from] item: Life Orb\n|\n|upkeep\n|inactive|scorching hot has 120 seconds left.\n|inactive|scorching hot has 90 seconds left.\n|\n|t:|1782816537\n|switch|p2a: Comfey|Comfey, L85, M|235/235\n|-damage|p2a: Comfey|206/235|[from] Stealth Rock\n|turn|41\n|\n|t:|1782816546\n|switch|p1a: Blissey|Blissey, L85, F|360/572\n|move|p2a: Comfey|Dark Pulse|p1a: Blissey\n|-damage|p1a: Blissey|269/572\n|-damage|p2a: Comfey|183/235|[from] item: Life Orb\n|\n|-heal|p1a: Blissey|304/572|[from] item: Leftovers\n|upkeep\n|turn|42\n|\n|t:|1782816553\n|move|p2a: Comfey|Nasty Plot|p2a: Comfey\n|-boost|p2a: Comfey|spa|2\n|move|p1a: Blissey|Thunder Wave|p2a: Comfey\n|-status|p2a: Comfey|par\n|\n|-heal|p1a: Blissey|339/572|[from] item: Leftovers\n|upkeep\n|turn|43\n|\n|t:|1782816566\n|move|p1a: Blissey|Seismic Toss|p2a: Comfey\n|-damage|p2a: Comfey|98/235 par\n|replace|p2a: Zoroark|Zoroark, L83, M\n|-end|p2a: Zoroark|Illusion\n|-hint|Illusion Level Mod is active, so this Pok\u00e9mon's true level was hidden.\n|move|p2a: Zoroark|Focus Blast|p1a: Blissey\n|-supereffective|p1a: Blissey\n|-damage|p1a: Blissey|0 fnt\n|faint|p1a: Blissey\n|-damage|p2a: Zoroark|75/235 par|[from] item: Life Orb\n|\n|upkeep\n|inactive|randbatsto90gxe has 120 seconds left.\n|\n|t:|1782816592\n|switch|p1a: Toxicroak|Toxicroak, L84, M|118/277\n|turn|44\n|\n|t:|1782816600\n|move|p1a: Toxicroak|Close Combat|p2a: Zoroark\n|-supereffective|p2a: Zoroark\n|-damage|p2a: Zoroark|0 fnt\n|-unboost|p1a: Toxicroak|def|1\n|-unboost|p1a: Toxicroak|spd|1\n|faint|p2a: Zoroark\n|-damage|p1a: Toxicroak|91/277|[from] item: Life Orb\n|\n|upkeep\n|inactive|scorching hot has 90 seconds left.\n|\n|t:|1782816627\n|switch|p2a: Comfey|Comfey, L85, M|211/225\n|-damage|p2a: Comfey|183/225|[from] Stealth Rock\n|turn|45\n|\n|t:|1782816636\n|switch|p1a: Greedent|Greedent, L86, F|347/347\n|move|p2a: Comfey|Draining Kiss|p1a: Greedent\n|-damage|p1a: Greedent|295/347\n|-heal|p2a: Comfey|222/225|[from] drain|[of] p1a: Greedent\n|\n|-heal|p2a: Comfey|225/225|[from] item: Leftovers\n|upkeep\n|turn|46\n|\n|t:|1782816651\n|switch|p2a: Breloom|Breloom, L83, F|235/235\n|-damage|p2a: Breloom|221/235|[from] Stealth Rock\n|move|p1a: Greedent|Swords Dance|p1a: Greedent\n|-boost|p1a: Greedent|atk|2\n|\n|upkeep\n|turn|47\n|\n|t:|1782816667\n|move|p2a: Breloom|Swords Dance|p2a: Breloom\n|-boost|p2a: Breloom|atk|2\n|move|p1a: Greedent|Double-Edge|p2a: Breloom\n|-damage|p2a: Breloom|0 fnt\n|faint|p2a: Breloom\n|-damage|p1a: Greedent|222/347|[from] Recoil\n|\n|upkeep\n|\n|t:|1782816681\n|switch|p2a: Venusaur|Venusaur, L84, M, tera:Steel|255/272\n|-damage|p2a: Venusaur|238/272|[from] Stealth Rock\n|turn|48\n|\n|t:|1782816685\n|move|p2a: Venusaur|Sludge Bomb|p1a: Greedent\n|-damage|p1a: Greedent|117/347\n|-enditem|p1a: Greedent|Sitrus Berry|[eat]\n|-heal|p1a: Greedent|203/347|[from] item: Sitrus Berry\n|-heal|p1a: Greedent|318/347|[from] ability: Cheek Pouch\n|move|p1a: Greedent|Earthquake|p2a: Venusaur\n|-supereffective|p2a: Venusaur\n|-damage|p2a: Venusaur|0 fnt\n|faint|p2a: Venusaur\n|\n|upkeep\n|inactive|scorching hot has 90 seconds left.\n|-message|scorching hot forfeited.\n|\n|win|randbatsto90gxe\n", "inputlog": ">version f8ac14003a5f27e1bdc8d8c59608a773c1cb96e5\n>start {\"formatid\":\"gen9randombattle\",\"seed\":\"sodium,fb689e45a2ff0b38af317e9b13bb7db4\",\"rated\":\"Rated battle\"}\n>player p1 {\"name\":\"randbatsto90gxe\",\"avatar\":\"n\",\"rating\":2163,\"seed\":\"sodium,2900584ed0d9a5b47c784b77689d37e3\"}\n>player p2 {\"name\":\"scorching hot\",\"avatar\":\"flannery\",\"rating\":2365,\"seed\":\"sodium,4b97d68581ff96532b735c582aecc9ba\"}\n>p1 switch 4\n>p2 move nastyplot\n>p1 move stealthrock\n>p2 switch 4\n>p1 switch 3\n>p2 move bodyslam\n>p1 move knockoff\n>p2 move earthquake\n>p1 switch 4\n>p2 move earthquake\n>p1 move swordsdance\n>p2 move bodyslam\n>p1 move earthquake\n>p2 move bodyslam\n>p1 switch 4\n>p2 switch 3\n>p1 switch 3\n>p2 move leechseed\n>p1 switch 3\n>p2 move substitute\n>p1 move gigatonhammer\n>p2 move leechseed\n>p1 move knockoff\n>p2 move gigadrain\n>p1 switch 3\n>p2 move gigadrain\n>p1 move seismictoss\n>p2 move substitute\n>p1 move thunderwave\n>p2 move substitute\n>p1 move seismictoss\n>p2 move leechseed\n>p1 move seismictoss\n>p2 move leechseed\n>p1 switch 2\n>p2 move leechseed\n>p1 move gunkshot\n>p2 move sludgebomb terastallize\n>p1 switch 2\n>p2 switch 6\n>p1 move thunderwave\n>p2 switch 6\n>p1 move seismictoss\n>p2 move leechseed\n>p1 move seismictoss\n>p2 move substitute\n>p1 move seismictoss\n>p2 move substitute\n>p1 move seismictoss\n>p2 move substitute\n>p1 move seismictoss\n>p2 move substitute\n>p1 move seismictoss\n>p2 move substitute\n>p1 move seismictoss\n>p2 move sludgebomb\n>p1 move softboiled\n>p2 move substitute\n>p1 move seismictoss\n>p2 move sludgebomb\n>p1 move seismictoss\n>p2 move substitute\n>p1 move seismictoss\n>p2 move substitute\n>p1 move softboiled\n>p2 move sludgebomb\n>p1 switch 3\n>p2 move substitute\n>p1 switch 3\n>p2 move leechseed\n>p1 move seismictoss\n>p2 move leechseed\n>p1 move seismictoss\n>p2 switch 2\n>p1 switch 3\n>p2 move knockoff\n>p1 switch 2\n>p2 switch 2\n>p1 move swordsdance\n>p2 switch 2\n>p1 move gunkshot\n>p2 move psychicnoise\n>p2 switch 4\n>p1 switch 3\n>p2 move darkpulse\n>p1 move thunderwave\n>p2 move nastyplot\n>p1 move seismictoss\n>p2 move focusblast\n>p1 switch 3\n>p1 move closecombat\n>p2 move darkpulse\n>p2 switch 6\n>p1 switch 5\n>p2 move drainingkiss\n>p1 move swordsdance\n>p2 switch 5\n>p1 move doubleedge\n>p2 move swordsdance\n>p2 switch 2\n>p1 move earthquake\n>p2 move sludgebomb\n>forcelose p2", "uploadtime": 1782815999, "views": 3, "formatid": "gen9randombattle", "rating": null, "private": 0, "password": null, "player_dets": [{"name": "randbatsto90gxe", "avatar": "n", "rating": 2163, "seed": "sodium,2900584ed0d9a5b47c784b77689d37e3"}, {"name": "scorching hot", "avatar": "flannery", "rating": 2365, "seed": "sodium,4b97d68581ff96532b735c582aecc9ba"}], "teams_full": [{"Garchomp": {"name": "Garchomp", "species": "Garchomp", "speciesId": "garchomp", "gender": "M", "shiny": false, "level": 74, "moves": ["scaleshot", "stoneedge", "swordsdance", "earthquake"], "ability": "Rough Skin", "evs": {"hp": 85, "atk": 85, "def": 85, "spa": 85, "spd": 85, "spe": 85}, "ivs": {"hp": 31, "atk": 31, "def": 31, "spa": 31, "spd": 31, "spe": 31}, "item": "Loaded Dice", "teraType": "Ground", "role": "Setup Sweeper", "bvs": {"hp": 108, "atk": 130, "def": 95, "spa": 80, "spd": 85, "spe": 102}, "stats": {"hp": 282, "atk": 235, "def": 184, "spa": 161, "spd": 169, "spe": 194}, "types": ["Dragon", "Ground"]}, "Toxicroak": {"name": "Toxicroak", "species": "Toxicroak", "speciesId": "toxicroak", "gender": "M", "shiny": false, "level": 84, "moves": ["earthquake", "closecombat", "gunkshot", "swordsdance"], "ability": "Dry Skin", "evs": {"hp": 85, "atk": 85, "def": 85, "spa": 85, "spd": 85, "spe": 85}, "ivs": {"hp": 31, "atk": 31, "def": 31, "spa": 31, "spd": 31, "spe": 31}, "item": "Life Orb", "teraType": "Fighting", "role": "Setup Sweeper", "bvs": {"hp": 83, "atk": 106, "def": 65, "spa": 86, "spd": 65, "spe": 85}, "stats": {"hp": 277, "atk": 226, "def": 157, "spa": 193, "spd": 157, "spe": 191}, "types": ["Poison", "Fighting"]}, "Tinkaton": {"name": "Tinkaton", "species": "Tinkaton", "speciesId": "tinkaton", "gender": "F", "shiny": false, "level": 82, "moves": ["playrough", "swordsdance", "gigatonhammer", "knockoff"], "ability": "Mold Breaker", "evs": {"hp": 85, "atk": 85, "def": 85, "spa": 85, "spd": 85, "spe": 85}, "ivs": {"hp": 31, "atk": 31, "def": 31, "spa": 31, "spd": 31, "spe": 31}, "item": "Leftovers", "teraType": "Steel", "role": "Bulky Setup", "bvs": {"hp": 85, "atk": 75, "def": 77, "spa": 70, "spd": 105, "spe": 94}, "stats": {"hp": 274, "atk": 170, "def": 173, "spa": 162, "spd": 219, "spe": 201}, "types": ["Fairy", "Steel"]}, "Blissey": {"name": "Blissey", "species": "Blissey", "speciesId": "blissey", "gender": "F", "shiny": false, "level": 85, "moves": ["softboiled", "seismictoss", "thunderwave", "stealthrock"], "ability": "Natural Cure", "evs": {"hp": 85, "atk": 0, "def": 85, "spa": 85, "spd": 85, "spe": 85}, "ivs": {"hp": 31, "atk": 0, "def": 31, "spa": 31, "spd": 31, "spe": 31}, "item": "Leftovers", "teraType": "Fairy", "role": "Bulky Support", "bvs": {"hp": 255, "atk": 10, "def": 10, "spa": 75, "spd": 135, "spe": 55}, "stats": {"hp": 572, "atk": 22, "def": 66, "spa": 176, "spd": 278, "spe": 142}, "types": ["Normal"]}, "Greedent": {"name": "Greedent", "species": "Greedent", "speciesId": "greedent", "gender": "F", "shiny": false, "level": 86, "moves": ["earthquake", "knockoff", "swordsdance", "doubleedge"], "ability": "Cheek Pouch", "evs": {"hp": 85, "atk": 85, "def": 85, "spa": 85, "spd": 85, "spe": 85}, "ivs": {"hp": 31, "atk": 31, "def": 31, "spa": 31, "spd": 31, "spe": 31}, "item": "Sitrus Berry", "teraType": "Ghost", "role": "Bulky Setup", "bvs": {"hp": 120, "atk": 95, "def": 95, "spa": 55, "spd": 75, "spe": 20}, "stats": {"hp": 347, "atk": 213, "def": 213, "spa": 144, "spd": 178, "spe": 84}, "types": ["Normal"]}, "Latias": {"name": "Latias", "species": "Latias", "speciesId": "latias", "gender": "F", "shiny": false, "level": 79, "moves": ["calmmind", "dracometeor", "psyshock", "recover"], "ability": "Levitate", "evs": {"hp": 85, "atk": 0, "def": 85, "spa": 85, "spd": 85, "spe": 85}, "ivs": {"hp": 31, "atk": 0, "def": 31, "spa": 31, "spd": 31, "spe": 31}, "item": "Soul Dew", "teraType": "Steel", "role": "Fast Bulky Setup", "bvs": {"hp": 80, "atk": 80, "def": 90, "spa": 110, "spd": 130, "spe": 110}, "stats": {"hp": 256, "atk": 131, "def": 188, "spa": 219, "spd": 251, "spe": 219}, "types": ["Dragon", "Psychic"]}}, {"Zoroark": {"name": "Zoroark", "species": "Zoroark", "speciesId": "zoroark", "gender": "M", "shiny": false, "level": 83, "moves": ["darkpulse", "nastyplot", "sludgebomb", "focusblast"], "ability": "Illusion", "evs": {"hp": 85, "atk": 0, "def": 85, "spa": 85, "spd": 85, "spe": 85}, "ivs": {"hp": 31, "atk": 0, "def": 31, "spa": 31, "spd": 31, "spe": 31}, "item": "Life Orb", "teraType": "Poison", "role": "Setup Sweeper", "bvs": {"hp": 60, "atk": 105, "def": 60, "spa": 120, "spd": 60, "spe": 105}, "stats": {"hp": 235, "atk": 179, "def": 147, "spa": 247, "spd": 147, "spe": 222}, "types": ["Dark"]}, "Hypno": {"name": "Hypno", "species": "Hypno", "speciesId": "hypno", "gender": "M", "shiny": false, "level": 95, "moves": ["toxic", "knockoff", "encore", "psychicnoise"], "ability": "Insomnia", "evs": {"hp": 85, "atk": 85, "def": 85, "spa": 85, "spd": 85, "spe": 85}, "ivs": {"hp": 31, "atk": 31, "def": 31, "spa": 31, "spd": 31, "spe": 31}, "item": "Leftovers", "teraType": "Dark", "role": "Bulky Support", "bvs": {"hp": 85, "atk": 73, "def": 70, "spa": 73, "spd": 115, "spe": 67}, "stats": {"hp": 315, "atk": 193, "def": 187, "spa": 193, "spd": 272, "spe": 181}, "types": ["Psychic"]}, "Venusaur": {"name": "Venusaur", "species": "Venusaur", "speciesId": "venusaur", "gender": "M", "shiny": false, "level": 84, "moves": ["gigadrain", "sludgebomb", "substitute", "leechseed"], "ability": "Overgrow", "evs": {"hp": 85, "atk": 0, "def": 85, "spa": 85, "spd": 85, "spe": 85}, "ivs": {"hp": 31, "atk": 0, "def": 31, "spa": 31, "spd": 31, "spe": 31}, "item": "Leftovers", "teraType": "Steel", "role": "Bulky Support", "bvs": {"hp": 80, "atk": 82, "def": 83, "spa": 100, "spd": 100, "spe": 80}, "stats": {"hp": 272, "atk": 142, "def": 188, "spa": 216, "spd": 216, "spe": 183}, "types": ["Grass", "Poison"]}, "Snorlax": {"name": "Snorlax", "species": "Snorlax", "speciesId": "snorlax", "gender": "F", "shiny": false, "level": 82, "moves": ["curse", "crunch", "earthquake", "bodyslam"], "ability": "Thick Fat", "evs": {"hp": 85, "atk": 85, "def": 85, "spa": 85, "spd": 85, "spe": 85}, "ivs": {"hp": 31, "atk": 31, "def": 31, "spa": 31, "spd": 31, "spe": 31}, "item": "Leftovers", "teraType": "Ground", "role": "Bulky Setup", "bvs": {"hp": 160, "atk": 110, "def": 65, "spa": 65, "spd": 110, "spe": 30}, "stats": {"hp": 397, "atk": 228, "def": 154, "spa": 154, "spd": 228, "spe": 96}, "types": ["Normal"]}, "Breloom": {"name": "Breloom", "species": "Breloom", "speciesId": "breloom", "gender": "F", "shiny": false, "level": 83, "moves": ["swordsdance", "machpunch", "rocktomb", "bulletseed"], "ability": "Technician", "evs": {"hp": 85, "atk": 85, "def": 85, "spa": 85, "spd": 85, "spe": 85}, "ivs": {"hp": 31, "atk": 31, "def": 31, "spa": 31, "spd": 31, "spe": 31}, "item": "Life Orb", "teraType": "Rock", "role": "Fast Attacker", "bvs": {"hp": 60, "atk": 130, "def": 80, "spa": 60, "spd": 60, "spe": 70}, "stats": {"hp": 235, "atk": 263, "def": 180, "spa": 147, "spd": 147, "spe": 164}, "types": ["Grass", "Fighting"]}, "Comfey": {"name": "Comfey", "species": "Comfey", "speciesId": "comfey", "gender": "M", "shiny": false, "level": 85, "moves": ["calmmind", "gigadrain", "drainingkiss", "storedpower"], "ability": "Triage", "evs": {"hp": 85, "atk": 0, "def": 85, "spa": 85, "spd": 85, "spe": 85}, "ivs": {"hp": 31, "atk": 0, "def": 31, "spa": 31, "spd": 31, "spe": 31}, "item": "Leftovers", "teraType": "Fairy", "role": "Bulky Setup", "bvs": {"hp": 51, "atk": 52, "def": 90, "spa": 82, "spd": 110, "spe": 100}, "stats": {"hp": 225, "atk": 93, "def": 202, "spa": 188, "spd": 236, "spe": 219}, "types": ["Fairy"]}}]}