{"id": "gen9randombattle-2641719504", "format": "[Gen 9] Random Battle", "players": ["aimKP", "TrapKingRD"], "log": "|j|\u2606aimKP\n|j|\u2606TrapKingRD\n|t:|1782833786\n|gametype|singles\n|player|p1|aimKP|cynthia-gen4|2033\n|player|p2|TrapKingRD|worker|2037\n|gen|9\n|tier|[Gen 9] Random Battle\n|rated|\n|rule|Species Clause: Limit one of each Pok\u00e9mon\n|rule|HP Percentage Mod: HP is shown in percentages\n|rule|Sleep Clause Mod: Limit one foe put to sleep\n|rule|Illusion Level Mod: Illusion disguises the Pok\u00e9mon's true level\n|\n|t:|1782833786\n|teamsize|p1|6\n|teamsize|p2|6\n|start\n|switch|p1a: Cinderace|Cinderace, L77, M|250/250\n|switch|p2a: Kingdra|Kingdra, L84, M|263/263\n|turn|1\n|inactive|Battle timer is ON: inactive players will automatically lose when time's up. (requested by aimKP)\n|\n|t:|1782833799\n|move|p1a: Cinderace|U-turn|p2a: Kingdra\n|-start|p1a: Cinderace|typechange|Bug|[from] ability: Libero\n|-damage|p2a: Kingdra|197/263\n|\n|t:|1782833812\n|switch|p1a: Tauros|Tauros-Paldea-Combat, L82, M|257/257|[from] U-turn\n|-ability|p1a: Tauros|Intimidate|boost\n|-unboost|p2a: Kingdra|atk|1\n|move|p2a: Kingdra|Dragon Dance|p2a: Kingdra\n|-boost|p2a: Kingdra|atk|1\n|-boost|p2a: Kingdra|spe|1\n|\n|upkeep\n|turn|2\n|inactive|TrapKingRD has 120 seconds left.\n|inactive|TrapKingRD has 90 seconds left.\n|\n|t:|1782833874\n|move|p2a: Kingdra|Outrage|p1a: Tauros\n|-damage|p1a: Tauros|154/257\n|move|p1a: Tauros|Bulk Up|p1a: Tauros\n|-boost|p1a: Tauros|atk|1\n|-boost|p1a: Tauros|def|1\n|\n|upkeep\n|turn|3\n|inactive|aimKP has 120 seconds left.\n|inactive|aimKP has 90 seconds left.\n|inactive|aimKP has 60 seconds left.\n|inactive|aimKP has 30 seconds left.\n|\n|t:|1782833994\n|move|p2a: Kingdra|Outrage|p1a: Tauros|[from] lockedmove\n|-damage|p1a: Tauros|81/257\n|move|p1a: Tauros|Close Combat|p2a: Kingdra\n|-damage|p2a: Kingdra|0 fnt\n|-unboost|p1a: Tauros|def|1\n|-unboost|p1a: Tauros|spd|1\n|faint|p2a: Kingdra\n|-damage|p1a: Tauros|56/257|[from] item: Life Orb\n|\n|upkeep\n|inactive|TrapKingRD has 90 seconds left.\n|\n|t:|1782834019\n|switch|p2a: Urshifu|Urshifu-Rapid-Strike, L75, M|274/274\n|turn|4\n|inactive|aimKP has 30 seconds left.\n|inactive|aimKP has 20 seconds left.\n|\n|t:|1782834042\n|switch|p1a: Vigoroth|Vigoroth, L85, M|275/275\n|move|p2a: Urshifu|Aqua Jet|p1a: Vigoroth\n|-damage|p1a: Vigoroth|226/275\n|\n|upkeep\n|turn|5\n|inactive|aimKP has 30 seconds left this turn.\n|\n|t:|1782834051\n|switch|p2a: Spidops|Spidops, L96, F|271/271\n|move|p1a: Vigoroth|Body Slam|p2a: Spidops\n|-damage|p2a: Spidops|204/271\n|\n|upkeep\n|turn|6\n|\n|t:|1782834062\n|move|p1a: Vigoroth|Bulk Up|p1a: Vigoroth\n|-boost|p1a: Vigoroth|atk|1\n|-boost|p1a: Vigoroth|def|1\n|move|p2a: Spidops|Knock Off|p1a: Vigoroth\n|-damage|p1a: Vigoroth|192/275\n|-enditem|p1a: Vigoroth|Eviolite|[from] move: Knock Off|[of] p2a: Spidops\n|\n|upkeep\n|turn|7\n|\n|t:|1782834066\n|move|p1a: Vigoroth|Knock Off|p2a: Spidops\n|-damage|p2a: Spidops|127/271\n|-enditem|p2a: Spidops|Heavy-Duty Boots|[from] move: Knock Off|[of] p1a: Vigoroth\n|move|p2a: Spidops|Circle Throw|p1a: Vigoroth\n|-supereffective|p1a: Vigoroth\n|-damage|p1a: Vigoroth|128/275\n|drag|p1a: Eiscue|Eiscue, L88, M|274/274\n|\n|upkeep\n|turn|8\n|inactive|TrapKingRD has 90 seconds left.\n|\n|t:|1782834091\n|switch|p1a: Dusknoir|Dusknoir, L89, M|225/225\n|switch|p2a: Misdreavus|Misdreavus, L90, F|254/254\n|\n|upkeep\n|turn|9\n|inactive|aimKP has 60 seconds left.\n|\n|t:|1782834109\n|move|p2a: Misdreavus|Will-O-Wisp|p1a: Dusknoir\n|-status|p1a: Dusknoir|brn\n|move|p1a: Dusknoir|Poltergeist|p2a: Misdreavus\n|-activate|p2a: Misdreavus|move: Poltergeist|Eviolite\n|-supereffective|p2a: Misdreavus\n|-damage|p2a: Misdreavus|136/254\n|\n|-damage|p1a: Dusknoir|211/225 brn|[from] brn\n|upkeep\n|turn|10\n|\n|t:|1782834133\n|switch|p2a: Klawf|Klawf, L90, F|272/272\n|move|p1a: Dusknoir|Will-O-Wisp|p2a: Klawf\n|-status|p2a: Klawf|brn\n|\n|-heal|p1a: Dusknoir|225/225 brn|[from] item: Leftovers\n|-damage|p2a: Klawf|255/272 brn|[from] brn\n|-damage|p1a: Dusknoir|211/225 brn|[from] brn\n|upkeep\n|turn|11\n|inactive|aimKP has 60 seconds left.\n|inactive|aimKP has 30 seconds left.\n|\n|t:|1782834176\n|switch|p1a: Tauros|Tauros-Paldea-Combat, L82, M|56/257\n|-ability|p1a: Tauros|Intimidate|boost\n|-unboost|p2a: Klawf|atk|1\n|move|p2a: Klawf|Knock Off|p1a: Tauros\n|-resisted|p1a: Tauros\n|-damage|p1a: Tauros|43/257\n|-enditem|p1a: Tauros|Life Orb|[from] move: Knock Off|[of] p2a: Klawf\n|\n|-damage|p2a: Klawf|238/272 brn|[from] brn\n|upkeep\n|turn|12\n|\n|t:|1782834198\n|switch|p2a: Urshifu|Urshifu-Rapid-Strike, L75, M|274/274\n|move|p1a: Tauros|Close Combat|p2a: Urshifu\n|-damage|p2a: Urshifu|138/274\n|-unboost|p1a: Tauros|def|1\n|-unboost|p1a: Tauros|spd|1\n|\n|upkeep\n|turn|13\n|inactive|aimKP has 30 seconds left.\n|inactive|aimKP has 20 seconds left.\n|inactive|aimKP has 15 seconds left.\n|\n|t:|1782834230\n|switch|p1a: Dusknoir|Dusknoir, L89, M|211/225 brn\n|-item|p2a: Urshifu|Choice Band|[from] ability: Frisk|[of] p1a: Dusknoir\n|move|p2a: Urshifu|U-turn|p1a: Dusknoir\n|-resisted|p1a: Dusknoir\n|-damage|p1a: Dusknoir|187/225 brn\n|inactive|TrapKingRD has 60 seconds left.\n|\n|t:|1782834248\n|switch|p2a: Blissey|Blissey, L85, F|572/572|[from] U-turn\n|\n|-heal|p1a: Dusknoir|201/225 brn|[from] item: Leftovers\n|-damage|p1a: Dusknoir|187/225 brn|[from] brn\n|upkeep\n|turn|14\n|inactive|aimKP has 30 seconds left this turn.\n|\n|t:|1782834257\n|move|p2a: Blissey|Stealth Rock|p1a: Dusknoir\n|-sidestart|p1: aimKP|move: Stealth Rock\n|move|p1a: Dusknoir|Will-O-Wisp|p2a: Blissey\n|-status|p2a: Blissey|brn\n|\n|-heal|p1a: Dusknoir|201/225 brn|[from] item: Leftovers\n|-damage|p2a: Blissey|537/572 brn|[from] brn\n|-damage|p1a: Dusknoir|187/225 brn|[from] brn\n|upkeep\n|turn|15\n|\n|t:|1782834269\n|-curestatus|p2a: Blissey|brn|[from] ability: Natural Cure|[silent]\n|switch|p2a: Urshifu|Urshifu-Rapid-Strike, L75, M|138/274\n|switch|p1a: Vigoroth|Vigoroth, L85, M|128/275\n|-damage|p1a: Vigoroth|94/275|[from] Stealth Rock\n|\n|upkeep\n|turn|16\n|inactive|aimKP has 30 seconds left.\n|\n|t:|1782834285\n|move|p1a: Vigoroth|Body Slam|p2a: Urshifu\n|-damage|p2a: Urshifu|59/274\n|move|p2a: Urshifu|Surging Strikes|p1a: Vigoroth\n|-crit|p1a: Vigoroth\n|-damage|p1a: Vigoroth|27/275\n|-crit|p1a: Vigoroth\n|-damage|p1a: Vigoroth|0 fnt\n|faint|p1a: Vigoroth\n|-hitcount|p1: Vigoroth|2\n|\n|upkeep\n|inactive|aimKP has 30 seconds left.\n|\n|t:|1782834292\n|switch|p1a: Cinderace|Cinderace, L77, M|250/250\n|turn|17\n|inactive|TrapKingRD has 60 seconds left.\n|\n|t:|1782834322\n|switch|p2a: Klawf|Klawf, L90, F|272/272 brn\n|move|p1a: Cinderace|Pyro Ball|p2a: Klawf\n|-resisted|p2a: Klawf\n|-damage|p2a: Klawf|225/272 brn\n|\n|-damage|p2a: Klawf|208/272 brn|[from] brn\n|upkeep\n|turn|18\n|\n|t:|1782834332\n|move|p2a: Klawf|Knock Off|p1a: Cinderace\n|-damage|p1a: Cinderace|199/250\n|-enditem|p1a: Cinderace|Heavy-Duty Boots|[from] move: Knock Off|[of] p2a: Klawf\n|move|p1a: Cinderace|U-turn|p2a: Klawf\n|-start|p1a: Cinderace|typechange|Bug|[from] ability: Libero\n|-damage|p2a: Klawf|151/272 brn\n|\n|t:|1782834346\n|switch|p1a: Dusknoir|Dusknoir, L89, M|187/225 brn|[from] U-turn\n|-damage|p1a: Dusknoir|159/225 brn|[from] Stealth Rock\n|-item|p2a: Klawf|Choice Scarf|[from] ability: Frisk|[of] p1a: Dusknoir\n|\n|-heal|p1a: Dusknoir|173/225 brn|[from] item: Leftovers\n|-damage|p2a: Klawf|134/272 brn|[from] brn\n|-damage|p1a: Dusknoir|159/225 brn|[from] brn\n|upkeep\n|turn|19\n|\n|t:|1782834363\n|switch|p2a: Blissey|Blissey, L85, F|537/572\n|move|p1a: Dusknoir|Poltergeist|p2a: Blissey\n|-immune|p2a: Blissey\n|\n|-heal|p2a: Blissey|572/572|[from] item: Leftovers\n|-heal|p1a: Dusknoir|173/225 brn|[from] item: Leftovers\n|-damage|p1a: Dusknoir|159/225 brn|[from] brn\n|upkeep\n|turn|20\n|\n|t:|1782834377\n|move|p2a: Blissey|Thunder Wave||[still]\n|-fail|p2a: Blissey\n|move|p1a: Dusknoir|Will-O-Wisp|p2a: Blissey\n|-status|p2a: Blissey|brn\n|\n|-heal|p1a: Dusknoir|173/225 brn|[from] item: Leftovers\n|-damage|p2a: Blissey|537/572 brn|[from] brn\n|-damage|p1a: Dusknoir|159/225 brn|[from] brn\n|upkeep\n|turn|21\n|\n|t:|1782834389\n|-curestatus|p2a: Blissey|brn|[from] ability: Natural Cure|[silent]\n|switch|p2a: Klawf|Klawf, L90, F|224/272 brn\n|move|p1a: Dusknoir|Shadow Sneak|p2a: Klawf\n|-damage|p2a: Klawf|205/272 brn\n|\n|-heal|p1a: Dusknoir|173/225 brn|[from] item: Leftovers\n|-damage|p2a: Klawf|188/272 brn|[from] brn\n|-damage|p1a: Dusknoir|159/225 brn|[from] brn\n|upkeep\n|turn|22\n|\n|t:|1782834409\n|move|p2a: Klawf|Crabhammer|p1a: Dusknoir\n|-damage|p1a: Dusknoir|132/225 brn\n|move|p1a: Dusknoir|Pain Split|p2a: Klawf\n|-sethp|p2a: Klawf|160/272 brn|[from] move: Pain Split|[silent]\n|-sethp|p1a: Dusknoir|160/225 brn|[from] move: Pain Split\n|\n|-heal|p1a: Dusknoir|174/225 brn|[from] item: Leftovers\n|-damage|p2a: Klawf|143/272 brn|[from] brn\n|-damage|p1a: Dusknoir|160/225 brn|[from] brn\n|upkeep\n|turn|23\n|\n|t:|1782834432\n|switch|p2a: Blissey|Blissey, L85, F|537/572\n|move|p1a: Dusknoir|Poltergeist|p2a: Blissey\n|-immune|p2a: Blissey\n|\n|-heal|p2a: Blissey|572/572|[from] item: Leftovers\n|-heal|p1a: Dusknoir|174/225 brn|[from] item: Leftovers\n|-damage|p1a: Dusknoir|160/225 brn|[from] brn\n|upkeep\n|turn|24\n|\n|t:|1782834437\n|switch|p2a: Klawf|Klawf, L90, F|233/272 brn\n|move|p1a: Dusknoir|Will-O-Wisp|p2a: Klawf\n|-fail|p2a: Klawf|brn\n|\n|-heal|p1a: Dusknoir|174/225 brn|[from] item: Leftovers\n|-damage|p2a: Klawf|216/272 brn|[from] brn\n|-damage|p1a: Dusknoir|160/225 brn|[from] brn\n|upkeep\n|turn|25\n|\n|t:|1782834441\n|move|p2a: Klawf|Knock Off|p1a: Dusknoir\n|-supereffective|p1a: Dusknoir\n|-damage|p1a: Dusknoir|102/225 brn\n|-enditem|p1a: Dusknoir|Leftovers|[from] move: Knock Off|[of] p2a: Klawf\n|move|p1a: Dusknoir|Pain Split|p2a: Klawf\n|-sethp|p2a: Klawf|159/272 brn|[from] move: Pain Split|[silent]\n|-sethp|p1a: Dusknoir|159/225 brn|[from] move: Pain Split\n|\n|-damage|p2a: Klawf|142/272 brn|[from] brn\n|-damage|p1a: Dusknoir|145/225 brn|[from] brn\n|upkeep\n|turn|26\n|inactive|aimKP has 60 seconds left.\n|\n|t:|1782834448\n|switch|p2a: Blissey|Blissey, L85, F|572/572\n|move|p1a: Dusknoir|Shadow Sneak|p2a: Blissey\n|-immune|p2a: Blissey\n|\n|-damage|p1a: Dusknoir|131/225 brn|[from] brn\n|upkeep\n|turn|27\n|\n|t:|1782834455\n|switch|p2a: Klawf|Klawf, L90, F|232/272 brn\n|move|p1a: Dusknoir|Will-O-Wisp|p2a: Klawf\n|-fail|p2a: Klawf|brn\n|\n|-damage|p2a: Klawf|215/272 brn|[from] brn\n|-damage|p1a: Dusknoir|117/225 brn|[from] brn\n|upkeep\n|turn|28\n|\n|t:|1782834462\n|move|p2a: Klawf|Crabhammer|p1a: Dusknoir\n|-crit|p1a: Dusknoir\n|-damage|p1a: Dusknoir|77/225 brn\n|move|p1a: Dusknoir|Pain Split|p2a: Klawf\n|-sethp|p2a: Klawf|146/272 brn|[from] move: Pain Split|[silent]\n|-sethp|p1a: Dusknoir|146/225 brn|[from] move: Pain Split\n|\n|-damage|p2a: Klawf|129/272 brn|[from] brn\n|-damage|p1a: Dusknoir|132/225 brn|[from] brn\n|upkeep\n|turn|29\n|\n|t:|1782834466\n|switch|p2a: Blissey|Blissey, L85, F|572/572\n|move|p1a: Dusknoir|Pain Split|p2a: Blissey\n|-sethp|p2a: Blissey|352/572|[from] move: Pain Split|[silent]\n|-sethp|p1a: Dusknoir|225/225 brn|[from] move: Pain Split\n|\n|-heal|p2a: Blissey|387/572|[from] item: Leftovers\n|-damage|p1a: Dusknoir|211/225 brn|[from] brn\n|upkeep\n|turn|30\n|inactive|TrapKingRD has 120 seconds left.\n|inactive|aimKP has 90 seconds left.\n|\n|t:|1782834489\n|switch|p1a: Tauros|Tauros-Paldea-Combat, L82, M|43/257\n|-damage|p1a: Tauros|27/257|[from] Stealth Rock\n|-ability|p1a: Tauros|Intimidate|boost\n|-unboost|p2a: Blissey|atk|1\n|move|p2a: Blissey|Seismic Toss|p1a: Tauros\n|-damage|p1a: Tauros|0 fnt\n|faint|p1a: Tauros\n|\n|-heal|p2a: Blissey|422/572|[from] item: Leftovers\n|upkeep\n|inactive|aimKP has 90 seconds left.\n|\n|t:|1782834494\n|switch|p1a: Cinderace|Cinderace, L77, M|199/250\n|-damage|p1a: Cinderace|137/250|[from] Stealth Rock\n|turn|31\n|\n|t:|1782834503\n|switch|p2a: Misdreavus|Misdreavus, L90, F|136/254\n|move|p1a: Cinderace|Court Change|p1a: Cinderace\n|-start|p1a: Cinderace|typechange|Normal|[from] ability: Libero\n|-swapsideconditions\n|-activate|p1a: Cinderace|move: Court Change\n|\n|upkeep\n|turn|32\n|inactive|TrapKingRD has 120 seconds left.\n|\n|t:|1782834524\n|move|p1a: Cinderace|U-turn|p2a: Misdreavus\n|-resisted|p2a: Misdreavus\n|-damage|p2a: Misdreavus|118/254\n|\n|t:|1782834532\n|switch|p1a: Dusknoir|Dusknoir, L89, M|211/225 brn|[from] U-turn\n|-item|p2a: Misdreavus|Eviolite|[from] ability: Frisk|[of] p1a: Dusknoir\n|move|p2a: Misdreavus|Will-O-Wisp|p1a: Dusknoir|[miss]\n|-miss|p2a: Misdreavus|p1a: Dusknoir\n|\n|-damage|p1a: Dusknoir|197/225 brn|[from] brn\n|upkeep\n|turn|33\n|\n|t:|1782834546\n|switch|p2a: Klawf|Klawf, L90, F|219/272 brn\n|-damage|p2a: Klawf|185/272 brn|[from] Stealth Rock\n|switch|p1a: Kleavor|Kleavor, L78, F|237/237\n|\n|-damage|p2a: Klawf|168/272 brn|[from] brn\n|upkeep\n|turn|34\n|inactive|TrapKingRD has 120 seconds left.\n|\n|t:|1782834564\n|switch|p1a: Dusknoir|Dusknoir, L89, M|197/225 brn\n|-item|p2a: Klawf|Choice Scarf|[from] ability: Frisk|[of] p1a: Dusknoir\n|move|p2a: Klawf|Crabhammer|p1a: Dusknoir\n|-damage|p1a: Dusknoir|169/225 brn\n|\n|-damage|p2a: Klawf|151/272 brn|[from] brn\n|-damage|p1a: Dusknoir|155/225 brn|[from] brn\n|upkeep\n|turn|35\n|\n|t:|1782834574\n|switch|p1a: Cinderace|Cinderace, L77, M|137/250\n|move|p2a: Klawf|Crabhammer|p1a: Cinderace\n|-supereffective|p1a: Cinderace\n|-damage|p1a: Cinderace|43/250\n|\n|-damage|p2a: Klawf|134/272 brn|[from] brn\n|upkeep\n|turn|36\n|inactive|TrapKingRD has 120 seconds left.\n|\n|t:|1782834588\n|switch|p1a: Dusknoir|Dusknoir, L89, M|155/225 brn\n|-item|p2a: Klawf|Choice Scarf|[from] ability: Frisk|[of] p1a: Dusknoir\n|move|p2a: Klawf|Crabhammer|p1a: Dusknoir\n|-damage|p1a: Dusknoir|125/225 brn\n|\n|-damage|p2a: Klawf|117/272 brn|[from] brn\n|-damage|p1a: Dusknoir|111/225 brn|[from] brn\n|upkeep\n|turn|37\n|\n|t:|1782834596\n|move|p2a: Klawf|Crabhammer|p1a: Dusknoir\n|-damage|p1a: Dusknoir|82/225 brn\n|move|p1a: Dusknoir|Pain Split|p2a: Klawf\n|-sethp|p2a: Klawf|99/272 brn|[from] move: Pain Split|[silent]\n|-sethp|p1a: Dusknoir|99/225 brn|[from] move: Pain Split\n|\n|-damage|p2a: Klawf|82/272 brn|[from] brn\n|-damage|p1a: Dusknoir|85/225 brn|[from] brn\n|upkeep\n|turn|38\n|\n|t:|1782834601\n|switch|p2a: Blissey|Blissey, L85, F|422/572\n|-damage|p2a: Blissey|351/572|[from] Stealth Rock\n|move|p1a: Dusknoir|Pain Split|p2a: Blissey\n|-sethp|p2a: Blissey|218/572|[from] move: Pain Split|[silent]\n|-sethp|p1a: Dusknoir|218/225 brn|[from] move: Pain Split\n|\n|-heal|p2a: Blissey|253/572|[from] item: Leftovers\n|-damage|p1a: Dusknoir|204/225 brn|[from] brn\n|upkeep\n|turn|39\n|\n|t:|1782834604\n|switch|p1a: Kleavor|Kleavor, L78, F|237/237\n|move|p2a: Blissey|Stealth Rock|p1a: Kleavor\n|-sidestart|p1: aimKP|move: Stealth Rock\n|\n|-heal|p2a: Blissey|288/572|[from] item: Leftovers\n|upkeep\n|turn|40\n|\n|t:|1782834621\n|switch|p2a: Spidops|Spidops, L96, F|127/271\n|-damage|p2a: Spidops|60/271|[from] Stealth Rock\n|move|p1a: Kleavor|Stone Axe|p2a: Spidops\n|-supereffective|p2a: Spidops\n|-damage|p2a: Spidops|0 fnt\n|faint|p2a: Spidops\n|\n|upkeep\n|inactive|TrapKingRD has 120 seconds left.\n|inactive|TrapKingRD has 90 seconds left.\n|inactive|TrapKingRD has 60 seconds left.\n|\n|t:|1782834706\n|switch|p2a: Misdreavus|Misdreavus, L90, F|118/254\n|-damage|p2a: Misdreavus|87/254|[from] Stealth Rock\n|turn|41\n|inactive|TrapKingRD has 60 seconds left.\n|\n|t:|1782834717\n|move|p2a: Misdreavus|Shadow Ball|p1a: Kleavor\n|-damage|p1a: Kleavor|129/237\n|-unboost|p1a: Kleavor|spd|1\n|move|p1a: Kleavor|Stone Axe|p2a: Misdreavus\n|-damage|p2a: Misdreavus|0 fnt\n|faint|p2a: Misdreavus\n|\n|upkeep\n|inactive|TrapKingRD has 60 seconds left.\n|\n|t:|1782834734\n|switch|p2a: Urshifu|Urshifu-Rapid-Strike, L75, M|59/274\n|-damage|p2a: Urshifu|42/274|[from] Stealth Rock\n|turn|42\n|inactive|aimKP has 120 seconds left.\n|\n|t:|1782834765\n|move|p2a: Urshifu|Surging Strikes|p1a: Kleavor\n|-supereffective|p1a: Kleavor\n|-crit|p1a: Kleavor\n|-damage|p1a: Kleavor|0 fnt\n|faint|p1a: Kleavor\n|-hitcount|p1: Kleavor|1\n|\n|upkeep\n|\n|t:|1782834766\n|switch|p1a: Eiscue|Eiscue, L88, M|274/274\n|-damage|p1a: Eiscue|206/274|[from] Stealth Rock\n|turn|43\n|c|\u2606aimKP|gg\n|\n|t:|1782834780\n|-terastallize|p2a: Urshifu|Water\n|-terastallize|p1a: Eiscue|Water\n|move|p2a: Urshifu|Surging Strikes|p1a: Eiscue\n|-activate|p1a: Eiscue|ability: Ice Face\n|-damage|p1a: Eiscue|206/274\n|detailschange|p1a: Eiscue|Eiscue-Noice, L88, M, tera:Water\n|-resisted|p1a: Eiscue\n|-crit|p1a: Eiscue\n|-damage|p1a: Eiscue|160/274\n|-resisted|p1a: Eiscue\n|-crit|p1a: Eiscue\n|-damage|p1a: Eiscue|108/274\n|-enditem|p1a: Eiscue|Sitrus Berry|[eat]\n|-heal|p1a: Eiscue|176/274|[from] item: Sitrus Berry\n|-hitcount|p1a: Eiscue|3\n|move|p1a: Eiscue|Liquidation|p2a: Urshifu\n|-resisted|p2a: Urshifu\n|-damage|p2a: Urshifu|0 fnt\n|faint|p2a: Urshifu\n|\n|upkeep\n|\n|t:|1782834805\n|switch|p2a: Blissey|Blissey, L85, F|288/572\n|-damage|p2a: Blissey|217/572|[from] Stealth Rock\n|turn|44\n|\n|t:|1782834808\n|move|p1a: Eiscue|Liquidation|p2a: Blissey\n|-damage|p2a: Blissey|0 fnt\n|faint|p2a: Blissey\n|\n|upkeep\n|\n|t:|1782834811\n|switch|p2a: Klawf|Klawf, L90, F|172/272 brn\n|-damage|p2a: Klawf|138/272 brn|[from] Stealth Rock\n|turn|45\n|\n|t:|1782834813\n|move|p1a: Eiscue|Liquidation|p2a: Klawf\n|-supereffective|p2a: Klawf\n|-damage|p2a: Klawf|18/272 brn\n|move|p2a: Klawf|Stone Edge|p1a: Eiscue\n|-damage|p1a: Eiscue|107/274\n|\n|-damage|p2a: Klawf|1/272 brn|[from] brn\n|upkeep\n|turn|46\n|\n|t:|1782834817\n|move|p1a: Eiscue|Liquidation|p2a: Klawf\n|-supereffective|p2a: Klawf\n|-damage|p2a: Klawf|0 fnt\n|faint|p2a: Klawf\n|\n|win|aimKP\n", "inputlog": ">version f8ac14003a5f27e1bdc8d8c59608a773c1cb96e5\n>start {\"formatid\":\"gen9randombattle\",\"seed\":\"sodium,abf9bfe77590e55018f03fd0ad40c762\",\"rated\":\"Rated battle\"}\n>player p1 {\"name\":\"aimKP\",\"avatar\":\"cynthia-gen4\",\"rating\":2033,\"seed\":\"sodium,49836ac04682de21f1fe8aae2af3ddd4\"}\n>player p2 {\"name\":\"TrapKingRD\",\"avatar\":\"worker\",\"rating\":2037,\"seed\":\"sodium,641926194b8e092b1eaf4544dde2b85d\"}\n>p1 move uturn\n>p2 move dragondance\n>p1 switch 3\n>p1 move bulkup\n>p2 move outrage\n>p1 move closecombat\n>p2 move outrage\n>p2 switch 4\n>p1 switch 4\n>p2 move aquajet\n>p1 move bodyslam\n>p2 switch 3\n>p1 move bulkup\n>p2 move knockoff\n>p1 move knockoff\n>p2 move circlethrow\n>p1 switch 5\n>p2 switch 2\n>p1 move poltergeist\n>p2 move willowisp\n>p1 move willowisp\n>p2 switch 6\n>p1 switch 4\n>p2 move knockoff\n>p1 move closecombat\n>p2 switch 3\n>p1 switch 4\n>p2 move uturn\n>p2 switch 5\n>p1 move willowisp\n>p2 move stealthrock\n>p1 switch 6\n>p2 switch 5\n>p1 move bodyslam\n>p2 move surgingstrikes\n>p1 switch 3\n>p1 move pyroball\n>p2 switch 3\n>p1 move uturn\n>p2 move knockoff\n>p1 switch 6\n>p1 move poltergeist\n>p2 switch 5\n>p1 move willowisp\n>p2 move thunderwave\n>p1 move shadowsneak\n>p2 switch 5\n>p1 move painsplit\n>p2 move crabhammer\n>p1 move poltergeist\n>p2 switch 5\n>p1 move willowisp\n>p2 switch 5\n>p1 move painsplit\n>p2 move knockoff\n>p1 move shadowsneak\n>p2 switch 5\n>p1 move willowisp\n>p2 switch 5\n>p1 move painsplit\n>p2 move crabhammer\n>p1 move painsplit\n>p2 switch 5\n>p1 switch 4\n>p2 move seismictoss\n>p1 switch 6\n>p1 move courtchange\n>p2 switch 6\n>p1 move uturn\n>p2 move willowisp\n>p1 switch 4\n>p1 switch 2\n>p2 switch 5\n>p1 switch 2\n>p2 move crabhammer\n>p1 switch 4\n>p2 move crabhammer\n>p1 switch 4\n>p2 move crabhammer\n>p1 move painsplit\n>p2 move crabhammer\n>p1 move painsplit\n>p2 switch 6\n>p1 switch 2\n>p2 move stealthrock\n>p1 move stoneaxe\n>p2 switch 2\n>p2 switch 5\n>p1 move stoneaxe\n>p2 move shadowball\n>p2 switch 3\n>p1 move stoneaxe\n>p2 move surgingstrikes\n>p1 switch 5\n>chat \u2606aimKP|gg\n>p1 move liquidation terastallize\n>p2 move surgingstrikes terastallize\n>p2 switch 2\n>p1 move liquidation\n>p2 move thunderwave\n>p2 switch 6\n>p1 move liquidation\n>p2 move stoneedge\n>p1 move liquidation\n>p2 move stoneedge", "uploadtime": 1782833789, "views": 3, "formatid": "gen9randombattle", "rating": null, "private": 0, "password": null, "player_dets": [{"name": "aimKP", "avatar": "cynthia-gen4", "rating": 2033, "seed": "sodium,49836ac04682de21f1fe8aae2af3ddd4"}, {"name": "TrapKingRD", "avatar": "worker", "rating": 2037, "seed": "sodium,641926194b8e092b1eaf4544dde2b85d"}], "teams_full": [{"Cinderace": {"name": "Cinderace", "species": "Cinderace", "speciesId": "cinderace", "gender": "M", "shiny": false, "level": 77, "moves": ["uturn", "pyroball", "willowisp", "courtchange"], "ability": "Libero", "evs": {"hp": 85, "atk": 85, "def": 85, "spa": 85, "spd": 85, "spe": 85}, "ivs": {"hp": 31, "atk": 31, "def": 31, "spa": 31, "spd": 31, "spe": 31}, "item": "Heavy-Duty Boots", "teraType": "Grass", "role": "Fast Support", "bvs": {"hp": 80, "atk": 116, "def": 75, "spa": 65, "spd": 75, "spe": 119}, "stats": {"hp": 250, "atk": 223, "def": 160, "spa": 145, "spd": 160, "spe": 228}, "types": ["Fire"]}, "Kleavor": {"name": "Kleavor", "species": "Kleavor", "speciesId": "kleavor", "gender": "F", "shiny": false, "level": 78, "moves": ["stoneaxe", "swordsdance", "xscissor", "closecombat"], "ability": "Sharpness", "evs": {"hp": 85, "atk": 85, "def": 85, "spa": 85, "spd": 85, "spe": 85}, "ivs": {"hp": 31, "atk": 31, "def": 31, "spa": 31, "spd": 31, "spe": 31}, "item": "Heavy-Duty Boots", "teraType": "Bug", "role": "Bulky Attacker", "bvs": {"hp": 70, "atk": 135, "def": 95, "spa": 45, "spd": 70, "spe": 85}, "stats": {"hp": 237, "atk": 256, "def": 193, "spa": 115, "spd": 154, "spe": 178}, "types": ["Bug", "Rock"]}, "Tauros": {"name": "Tauros", "species": "Tauros-Paldea-Combat", "speciesId": "taurospaldeacombat", "gender": "M", "shiny": false, "level": 82, "moves": ["closecombat", "bulkup", "earthquake", "throatchop"], "ability": "Intimidate", "evs": {"hp": 85, "atk": 85, "def": 85, "spa": 85, "spd": 85, "spe": 85}, "ivs": {"hp": 31, "atk": 31, "def": 31, "spa": 31, "spd": 31, "spe": 31}, "item": "Life Orb", "teraType": "Fighting", "role": "Wallbreaker", "bvs": {"hp": 75, "atk": 110, "def": 105, "spa": 30, "spd": 70, "spe": 100}, "stats": {"hp": 257, "atk": 228, "def": 219, "spa": 96, "spd": 162, "spe": 211}, "types": ["Fighting"]}, "Vigoroth": {"name": "Vigoroth", "species": "Vigoroth", "speciesId": "vigoroth", "gender": "M", "shiny": false, "level": 85, "moves": ["bodyslam", "knockoff", "bulkup", "slackoff"], "ability": "Vital Spirit", "evs": {"hp": 85, "atk": 85, "def": 85, "spa": 85, "spd": 85, "spe": 85}, "ivs": {"hp": 31, "atk": 31, "def": 31, "spa": 31, "spd": 31, "spe": 31}, "item": "Eviolite", "teraType": "Ghost", "role": "Bulky Setup", "bvs": {"hp": 80, "atk": 80, "def": 80, "spa": 55, "spd": 55, "spe": 90}, "stats": {"hp": 275, "atk": 185, "def": 185, "spa": 142, "spd": 142, "spe": 202}, "types": ["Normal"]}, "Dusknoir": {"name": "Dusknoir", "species": "Dusknoir", "speciesId": "dusknoir", "gender": "M", "shiny": false, "level": 89, "moves": ["poltergeist", "willowisp", "painsplit", "shadowsneak"], "ability": "Frisk", "evs": {"hp": 85, "atk": 85, "def": 85, "spa": 85, "spd": 85, "spe": 85}, "ivs": {"hp": 31, "atk": 31, "def": 31, "spa": 31, "spd": 31, "spe": 31}, "item": "Leftovers", "teraType": "Dark", "role": "Bulky Support", "bvs": {"hp": 45, "atk": 100, "def": 135, "spa": 65, "spd": 135, "spe": 45}, "stats": {"hp": 225, "atk": 229, "def": 291, "spa": 166, "spd": 291, "spe": 131}, "types": ["Ghost"]}, "Eiscue": {"name": "Eiscue", "species": "Eiscue", "speciesId": "eiscue", "gender": "M", "shiny": false, "level": 88, "moves": ["icespinner", "liquidation", "zenheadbutt", "bellydrum"], "ability": "Ice Face", "evs": {"hp": 81, "atk": 85, "def": 85, "spa": 85, "spd": 85, "spe": 85}, "ivs": {"hp": 31, "atk": 31, "def": 31, "spa": 31, "spd": 31, "spe": 31}, "item": "Sitrus Berry", "teraType": "Water", "role": "Setup Sweeper", "bvs": {"hp": 75, "atk": 80, "def": 110, "spa": 65, "spd": 90, "spe": 50}, "stats": {"hp": 274, "atk": 191, "def": 244, "spa": 165, "spd": 209, "spe": 138}, "types": ["Ice"]}}, {"Kingdra": {"name": "Kingdra", "species": "Kingdra", "speciesId": "kingdra", "gender": "M", "shiny": false, "level": 84, "moves": ["wavecrash", "dragondance", "ironhead", "outrage"], "ability": "Sniper", "evs": {"hp": 85, "atk": 85, "def": 85, "spa": 85, "spd": 85, "spe": 85}, "ivs": {"hp": 31, "atk": 31, "def": 31, "spa": 31, "spd": 31, "spe": 31}, "item": "Lum Berry", "teraType": "Steel", "role": "Fast Bulky Setup", "bvs": {"hp": 75, "atk": 95, "def": 95, "spa": 95, "spd": 95, "spe": 85}, "stats": {"hp": 263, "atk": 208, "def": 208, "spa": 208, "spd": 208, "spe": 191}, "types": ["Water", "Dragon"]}, "Misdreavus": {"name": "Misdreavus", "species": "Misdreavus", "speciesId": "misdreavus", "gender": "F", "shiny": false, "level": 90, "moves": ["willowisp", "drainingkiss", "calmmind", "shadowball"], "ability": "Levitate", "evs": {"hp": 85, "atk": 0, "def": 85, "spa": 85, "spd": 85, "spe": 85}, "ivs": {"hp": 31, "atk": 0, "def": 31, "spa": 31, "spd": 31, "spe": 31}, "item": "Eviolite", "teraType": "Fairy", "role": "Bulky Setup", "bvs": {"hp": 60, "atk": 60, "def": 60, "spa": 85, "spd": 85, "spe": 85}, "stats": {"hp": 254, "atk": 113, "def": 159, "spa": 204, "spd": 204, "spe": 204}, "types": ["Ghost"]}, "Spidops": {"name": "Spidops", "species": "Spidops", "speciesId": "spidops", "gender": "F", "shiny": false, "level": 96, "moves": ["uturn", "knockoff", "stickyweb", "circlethrow"], "ability": "Stakeout", "evs": {"hp": 85, "atk": 85, "def": 85, "spa": 85, "spd": 85, "spe": 85}, "ivs": {"hp": 31, "atk": 31, "def": 31, "spa": 31, "spd": 31, "spe": 31}, "item": "Heavy-Duty Boots", "teraType": "Ghost", "role": "Bulky Support", "bvs": {"hp": 60, "atk": 79, "def": 92, "spa": 52, "spd": 86, "spe": 35}, "stats": {"hp": 271, "atk": 206, "def": 231, "spa": 154, "spd": 220, "spe": 122}, "types": ["Bug"]}, "Urshifu": {"name": "Urshifu", "species": "Urshifu-Rapid-Strike", "speciesId": "urshifurapidstrike", "gender": "M", "shiny": false, "level": 75, "moves": ["closecombat", "aquajet", "surgingstrikes", "uturn"], "ability": "Unseen Fist", "evs": {"hp": 85, "atk": 85, "def": 85, "spa": 85, "spd": 85, "spe": 85}, "ivs": {"hp": 31, "atk": 31, "def": 31, "spa": 31, "spd": 31, "spe": 31}, "item": "Choice Band", "teraType": "Water", "role": "Fast Attacker", "bvs": {"hp": 100, "atk": 130, "def": 100, "spa": 63, "spd": 60, "spe": 97}, "stats": {"hp": 274, "atk": 239, "def": 194, "spa": 138, "spd": 134, "spe": 189}, "types": ["Fighting", "Water"]}, "Blissey": {"name": "Blissey", "species": "Blissey", "speciesId": "blissey", "gender": "F", "shiny": false, "level": 85, "moves": ["thunderwave", "seismictoss", "stealthrock", "softboiled"], "ability": "Natural Cure", "evs": {"hp": 85, "atk": 0, "def": 85, "spa": 85, "spd": 85, "spe": 85}, "ivs": {"hp": 31, "atk": 0, "def": 31, "spa": 31, "spd": 31, "spe": 31}, "item": "Leftovers", "teraType": "Poison", "role": "Bulky Support", "bvs": {"hp": 255, "atk": 10, "def": 10, "spa": 75, "spd": 135, "spe": 55}, "stats": {"hp": 572, "atk": 22, "def": 66, "spa": 176, "spd": 278, "spe": 142}, "types": ["Normal"]}, "Klawf": {"name": "Klawf", "species": "Klawf", "speciesId": "klawf", "gender": "F", "shiny": false, "level": 90, "moves": ["stoneedge", "highhorsepower", "knockoff", "crabhammer"], "ability": "Regenerator", "evs": {"hp": 85, "atk": 85, "def": 85, "spa": 85, "spd": 85, "spe": 85}, "ivs": {"hp": 31, "atk": 31, "def": 31, "spa": 31, "spd": 31, "spe": 31}, "item": "Choice Scarf", "teraType": "Water", "role": "Fast Attacker", "bvs": {"hp": 70, "atk": 100, "def": 115, "spa": 35, "spd": 55, "spe": 75}, "stats": {"hp": 272, "atk": 231, "def": 258, "spa": 114, "spd": 150, "spe": 186}, "types": ["Rock"]}}]}