{"id": "gen9randombattle-2641421858", "format": "[Gen 9] Random Battle", "players": ["Estrace", "mongledongle"], "log": "|j|\u2606Estrace\n|j|\u2606mongledongle\n|t:|1782782338\n|gametype|singles\n|player|p1|Estrace|clair|2058\n|player|p2|mongledongle|102|2069\n|gen|9\n|tier|[Gen 9] Random Battle\n|rated|\n|rule|Species Clause: Limit one of each Pok\u00e9mon\n|rule|HP Percentage Mod: HP is shown in percentages\n|rule|Sleep Clause Mod: Limit one foe put to sleep\n|rule|Illusion Level Mod: Illusion disguises the Pok\u00e9mon's true level\n|\n|t:|1782782338\n|teamsize|p1|6\n|teamsize|p2|6\n|start\n|switch|p1a: Noivern|Noivern, L82, F|274/274\n|switch|p2a: Chi-Yu|Chi-Yu, L77|211/211\n|-ability|p2a: Chi-Yu|Beads of Ruin\n|turn|1\n|inactive|Battle timer is ON: inactive players will automatically lose when time's up. (requested by mongledongle)\n|inactive|Estrace also wants the timer to be on.\n|\n|t:|1782782356\n|switch|p2a: Tyranitar|Tyranitar, L78, M|284/284\n|-weather|Sandstorm|[from] ability: Sand Stream|[of] p2a: Tyranitar\n|move|p1a: Noivern|Draco Meteor|p2a: Tyranitar\n|-damage|p2a: Tyranitar|199/284\n|-unboost|p1a: Noivern|spa|2\n|\n|-weather|Sandstorm|[upkeep]\n|-damage|p1a: Noivern|257/274|[from] Sandstorm\n|-heal|p2a: Tyranitar|216/284|[from] item: Leftovers\n|upkeep\n|turn|2\n|\n|t:|1782782364\n|switch|p1a: Sandaconda|Sandaconda, L84, F|258/258\n|move|p2a: Tyranitar|Thunder Wave|p1a: Sandaconda\n|-immune|p1a: Sandaconda\n|\n|-weather|Sandstorm|[upkeep]\n|-heal|p2a: Tyranitar|233/284|[from] item: Leftovers\n|upkeep\n|turn|3\n|\n|t:|1782782374\n|move|p1a: Sandaconda|Stealth Rock|p2a: Tyranitar\n|-sidestart|p2: mongledongle|move: Stealth Rock\n|move|p2a: Tyranitar|Knock Off|p1a: Sandaconda\n|-damage|p1a: Sandaconda|173/258\n|-enditem|p1a: Sandaconda|Leftovers|[from] move: Knock Off|[of] p2a: Tyranitar\n|\n|-weather|Sandstorm|[upkeep]\n|-heal|p2a: Tyranitar|250/284|[from] item: Leftovers\n|upkeep\n|turn|4\n|\n|t:|1782782378\n|switch|p2a: Latios|Latios, L78, M|253/253\n|-damage|p2a: Latios|222/253|[from] Stealth Rock\n|move|p1a: Sandaconda|Earthquake|p2a: Latios\n|-immune|p2a: Latios|[from] ability: Levitate\n|\n|-weather|Sandstorm|[upkeep]\n|-damage|p2a: Latios|207/253|[from] Sandstorm\n|upkeep\n|turn|5\n|\n|t:|1782782385\n|switch|p1a: Iron Treads|Iron Treads, L77|265/265\n|move|p2a: Latios|Draco Meteor|p1a: Iron Treads\n|-resisted|p1a: Iron Treads\n|-damage|p1a: Iron Treads|186/265\n|-unboost|p2a: Latios|spa|2\n|\n|-weather|none\n|upkeep\n|turn|6\n|\n|t:|1782782404\n|switch|p2a: Cobalion|Cobalion, L80|277/277\n|-damage|p2a: Cobalion|269/277|[from] Stealth Rock\n|move|p1a: Iron Treads|Knock Off|p2a: Cobalion\n|-resisted|p2a: Cobalion\n|-damage|p2a: Cobalion|245/277\n|-ability|p2a: Cobalion|Justified|boost\n|-boost|p2a: Cobalion|atk|1\n|-enditem|p2a: Cobalion|Leftovers|[from] move: Knock Off|[of] p1a: Iron Treads\n|\n|upkeep\n|turn|7\n|\n|t:|1782782416\n|move|p2a: Cobalion|Body Press|p1a: Iron Treads\n|-supereffective|p1a: Iron Treads\n|-crit|p1a: Iron Treads\n|-damage|p1a: Iron Treads|0 fnt\n|faint|p1a: Iron Treads\n|-end|p1a: Iron Treads|Quark Drive|[silent]\n|\n|upkeep\n|\n|t:|1782782438\n|switch|p1a: Kricketune|Kricketune, L99, M|312/312\n|turn|8\n|inactive|mongledongle has 120 seconds left.\n|\n|t:|1782782484\n|move|p2a: Cobalion|Stealth Rock|p1a: Kricketune\n|-sidestart|p1: Estrace|move: Stealth Rock\n|move|p1a: Kricketune|Sticky Web|p2a: Cobalion\n|-sidestart|p2: mongledongle|move: Sticky Web\n|\n|upkeep\n|turn|9\n|\n|t:|1782782492\n|move|p2a: Cobalion|Thunder Wave|p1a: Kricketune\n|-status|p1a: Kricketune|par\n|move|p1a: Kricketune|Pounce|p2a: Cobalion\n|-resisted|p2a: Cobalion\n|-damage|p2a: Cobalion|224/277\n|-unboost|p2a: Cobalion|spe|1\n|\n|upkeep\n|turn|10\n|\n|t:|1782782511\n|move|p2a: Cobalion|Iron Head|p1a: Kricketune\n|-damage|p1a: Kricketune|173/312 par\n|move|p1a: Kricketune|Taunt|p2a: Cobalion\n|-start|p2a: Cobalion|move: Taunt\n|\n|upkeep\n|turn|11\n|\n|t:|1782782533\n|switch|p1a: Kyogre|Kyogre, L71|259/259\n|-damage|p1a: Kyogre|227/259|[from] Stealth Rock\n|-weather|RainDance|[from] ability: Drizzle|[of] p1a: Kyogre\n|move|p2a: Cobalion|Iron Head|p1a: Kyogre\n|-resisted|p1a: Kyogre\n|-damage|p1a: Kyogre|164/259\n|\n|-weather|RainDance|[upkeep]\n|-heal|p1a: Kyogre|180/259|[from] item: Leftovers\n|upkeep\n|turn|12\n|inactive|mongledongle has 120 seconds left.\n|\n|t:|1782782546\n|move|p1a: Kyogre|Calm Mind|p1a: Kyogre\n|-boost|p1a: Kyogre|spa|1\n|-boost|p1a: Kyogre|spd|1\n|move|p2a: Cobalion|Body Press|p1a: Kyogre\n|-damage|p1a: Kyogre|63/259\n|\n|-weather|RainDance|[upkeep]\n|-heal|p1a: Kyogre|79/259|[from] item: Leftovers\n|upkeep\n|turn|13\n|inactive|mongledongle has 120 seconds left.\n|\n|t:|1782782556\n|move|p1a: Kyogre|Origin Pulse|p2a: Cobalion|[miss]\n|-miss|p1a: Kyogre|p2a: Cobalion\n|move|p2a: Cobalion|Body Press|p1a: Kyogre\n|-damage|p1a: Kyogre|0 fnt\n|faint|p1a: Kyogre\n|\n|-weather|RainDance|[upkeep]\n|-end|p2a: Cobalion|move: Taunt\n|upkeep\n|c|\u2606Estrace|wow\n|c|\u2606Estrace|thats so sad\n|\n|t:|1782782566\n|switch|p1a: Tauros|Tauros-Paldea-Blaze, L81, M|254/254\n|-damage|p1a: Tauros|223/254|[from] Stealth Rock\n|-ability|p1a: Tauros|Intimidate|boost\n|-unboost|p2a: Cobalion|atk|1\n|turn|14\n|\n|t:|1782782573\n|switch|p2a: Banette|Banette, L93, F|270/270\n|-damage|p2a: Banette|237/270|[from] Stealth Rock\n|-activate|p2a: Banette|move: Sticky Web\n|-unboost|p2a: Banette|spe|1\n|move|p1a: Tauros|Close Combat|p2a: Banette\n|-immune|p2a: Banette\n|\n|-weather|RainDance|[upkeep]\n|upkeep\n|turn|15\n|\n|t:|1782782578\n|switch|p1a: Kricketune|Kricketune, L99, M|173/312 par\n|move|p2a: Banette|Poltergeist|p1a: Kricketune\n|-activate|p1a: Kricketune|move: Poltergeist|Heavy-Duty Boots\n|-damage|p1a: Kricketune|0 fnt\n|faint|p1a: Kricketune\n|-damage|p2a: Banette|210/270|[from] item: Life Orb\n|\n|-weather|none\n|upkeep\n|\n|t:|1782782589\n|switch|p1a: Tauros|Tauros-Paldea-Blaze, L81, M|223/254\n|-damage|p1a: Tauros|192/254|[from] Stealth Rock\n|-ability|p1a: Tauros|Intimidate|boost\n|-unboost|p2a: Banette|atk|1\n|turn|16\n|\n|t:|1782782593\n|move|p1a: Tauros|Flare Blitz|p2a: Banette\n|-damage|p2a: Banette|0 fnt\n|faint|p2a: Banette\n|-damage|p1a: Tauros|123/254|[from] Recoil\n|\n|upkeep\n|\n|t:|1782782607\n|switch|p2a: Latios|Latios, L78, M|207/253\n|-damage|p2a: Latios|176/253|[from] Stealth Rock\n|turn|17\n|\n|t:|1782782613\n|move|p2a: Latios|Calm Mind|p2a: Latios\n|-boost|p2a: Latios|spa|1\n|-boost|p2a: Latios|spd|1\n|move|p1a: Tauros|Flare Blitz|p2a: Latios\n|-resisted|p2a: Latios\n|-damage|p2a: Latios|69/253\n|-damage|p1a: Tauros|88/254|[from] Recoil\n|\n|upkeep\n|turn|18\n|\n|t:|1782782619\n|move|p2a: Latios|Recover|p2a: Latios\n|-heal|p2a: Latios|196/253\n|move|p1a: Tauros|Flare Blitz|p2a: Latios\n|-resisted|p2a: Latios\n|-damage|p2a: Latios|91/253\n|-damage|p1a: Tauros|53/254|[from] Recoil\n|\n|upkeep\n|turn|19\n|\n|t:|1782782621\n|move|p2a: Latios|Recover|p2a: Latios\n|-heal|p2a: Latios|218/253\n|move|p1a: Tauros|Flare Blitz|p2a: Latios\n|-resisted|p2a: Latios\n|-damage|p2a: Latios|104/253\n|-damage|p1a: Tauros|15/254|[from] Recoil\n|\n|upkeep\n|turn|20\n|\n|t:|1782782624\n|move|p2a: Latios|Recover|p2a: Latios\n|-heal|p2a: Latios|231/253\n|move|p1a: Tauros|Flare Blitz|p2a: Latios\n|-resisted|p2a: Latios\n|-damage|p2a: Latios|118/253\n|-damage|p1a: Tauros|0 fnt|[from] Recoil\n|faint|p1a: Tauros\n|\n|upkeep\n|\n|t:|1782782628\n|switch|p1a: Noivern|Noivern, L82, F|257/274\n|turn|21\n|\n|t:|1782782643\n|-terastallize|p2a: Latios|Steel\n|move|p1a: Noivern|Flamethrower|p2a: Latios\n|-supereffective|p2a: Latios\n|-damage|p2a: Latios|48/253\n|-status|p2a: Latios|brn\n|move|p2a: Latios|Recover|p2a: Latios\n|-heal|p2a: Latios|175/253 brn\n|\n|-damage|p2a: Latios|160/253 brn|[from] brn\n|upkeep\n|turn|22\n|\n|t:|1782782654\n|-terastallize|p1a: Noivern|Fire\n|move|p1a: Noivern|Flamethrower|p2a: Latios\n|-supereffective|p2a: Latios\n|-damage|p2a: Latios|44/253 brn\n|move|p2a: Latios|Recover|p2a: Latios\n|-heal|p2a: Latios|171/253 brn\n|\n|-damage|p2a: Latios|156/253 brn|[from] brn\n|upkeep\n|turn|23\n|\n|t:|1782782662\n|switch|p2a: Tyranitar|Tyranitar, L78, M|250/284\n|-damage|p2a: Tyranitar|215/284|[from] Stealth Rock\n|-activate|p2a: Tyranitar|move: Sticky Web\n|-unboost|p2a: Tyranitar|spe|1\n|-weather|Sandstorm|[from] ability: Sand Stream|[of] p2a: Tyranitar\n|move|p1a: Noivern|Flamethrower|p2a: Tyranitar\n|-resisted|p2a: Tyranitar\n|-damage|p2a: Tyranitar|188/284\n|\n|-weather|Sandstorm|[upkeep]\n|-damage|p1a: Noivern|240/274|[from] Sandstorm\n|-heal|p2a: Tyranitar|205/284|[from] item: Leftovers\n|upkeep\n|turn|24\n|\n|t:|1782782673\n|switch|p1a: Sandaconda|Sandaconda, L84, F|173/258\n|-damage|p1a: Sandaconda|157/258|[from] Stealth Rock\n|move|p2a: Tyranitar|Knock Off|p1a: Sandaconda\n|-damage|p1a: Sandaconda|97/258\n|\n|-weather|Sandstorm|[upkeep]\n|-heal|p2a: Tyranitar|222/284|[from] item: Leftovers\n|upkeep\n|turn|25\n|\n|t:|1782782679\n|switch|p2a: Latios|Latios, L78, M, tera:Steel|156/253 brn\n|-damage|p2a: Latios|141/253 brn|[from] Stealth Rock\n|move|p1a: Sandaconda|Rest|p1a: Sandaconda\n|-status|p1a: Sandaconda|slp|[from] move: Rest\n|-heal|p1a: Sandaconda|258/258 slp|[silent]\n|\n|-weather|Sandstorm|[upkeep]\n|-damage|p2a: Latios|126/253 brn|[from] brn\n|upkeep\n|turn|26\n|\n|t:|1782782685\n|switch|p1a: Noivern|Noivern, L82, F, tera:Fire|240/274\n|move|p2a: Latios|Psyshock|p1a: Noivern\n|-damage|p1a: Noivern|107/274\n|\n|-weather|Sandstorm|[upkeep]\n|-damage|p1a: Noivern|90/274|[from] Sandstorm\n|-damage|p2a: Latios|111/253 brn|[from] brn\n|upkeep\n|turn|27\n|\n|t:|1782782691\n|switch|p1a: Sandaconda|Sandaconda, L84, F|258/258 slp\n|-damage|p1a: Sandaconda|242/258 slp|[from] Stealth Rock\n|switch|p2a: Tyranitar|Tyranitar, L78, M|222/284\n|-damage|p2a: Tyranitar|187/284|[from] Stealth Rock\n|-activate|p2a: Tyranitar|move: Sticky Web\n|-unboost|p2a: Tyranitar|spe|1\n|\n|-weather|none\n|-activate|p1a: Sandaconda|ability: Shed Skin\n|-curestatus|p1a: Sandaconda|slp|[msg]\n|-heal|p2a: Tyranitar|204/284|[from] item: Leftovers\n|upkeep\n|turn|28\n|\n|t:|1782782695\n|move|p1a: Sandaconda|Stone Edge|p2a: Tyranitar|[miss]\n|-miss|p1a: Sandaconda|p2a: Tyranitar\n|move|p2a: Tyranitar|Dragon Tail|p1a: Sandaconda\n|-damage|p1a: Sandaconda|204/258\n|drag|p1a: Noivern|Noivern, L82, F, tera:Fire|90/274\n|\n|-heal|p2a: Tyranitar|221/284|[from] item: Leftovers\n|upkeep\n|turn|29\n|\n|t:|1782782702\n|move|p1a: Noivern|Draco Meteor|p2a: Tyranitar\n|-damage|p2a: Tyranitar|88/284\n|-unboost|p1a: Noivern|spa|2\n|move|p2a: Tyranitar|Dragon Tail|p1a: Noivern\n|-damage|p1a: Noivern|36/274\n|drag|p1a: Sandaconda|Sandaconda, L84, F|204/258\n|-damage|p1a: Sandaconda|188/258|[from] Stealth Rock\n|\n|-heal|p2a: Tyranitar|105/284|[from] item: Leftovers\n|upkeep\n|turn|30\n|\n|t:|1782782713\n|move|p1a: Sandaconda|Stone Edge|p2a: Tyranitar\n|-damage|p2a: Tyranitar|35/284\n|move|p2a: Tyranitar|Dragon Tail|p1a: Sandaconda\n|-damage|p1a: Sandaconda|151/258\n|drag|p1a: Noivern|Noivern, L82, F, tera:Fire|36/274\n|\n|-heal|p2a: Tyranitar|52/284|[from] item: Leftovers\n|upkeep\n|turn|31\n|\n|t:|1782782717\n|move|p1a: Noivern|Roost|p1a: Noivern\n|-heal|p1a: Noivern|173/274\n|move|p2a: Tyranitar|Dragon Tail|p1a: Noivern\n|-damage|p1a: Noivern|120/274\n|drag|p1a: Sandaconda|Sandaconda, L84, F|151/258\n|-damage|p1a: Sandaconda|135/258|[from] Stealth Rock\n|\n|-heal|p2a: Tyranitar|69/284|[from] item: Leftovers\n|upkeep\n|turn|32\n|\n|t:|1782782727\n|move|p1a: Sandaconda|Rest|p1a: Sandaconda\n|-status|p1a: Sandaconda|slp|[from] move: Rest\n|-heal|p1a: Sandaconda|258/258 slp|[silent]\n|move|p2a: Tyranitar|Dragon Tail|p1a: Sandaconda\n|-damage|p1a: Sandaconda|222/258 slp\n|drag|p1a: Noivern|Noivern, L82, F, tera:Fire|120/274\n|\n|-heal|p2a: Tyranitar|86/284|[from] item: Leftovers\n|upkeep\n|turn|33\n|\n|t:|1782782733\n|move|p1a: Noivern|Roost|p1a: Noivern\n|-heal|p1a: Noivern|257/274\n|move|p2a: Tyranitar|Knock Off|p1a: Noivern\n|-damage|p1a: Noivern|134/274\n|-enditem|p1a: Noivern|Heavy-Duty Boots|[from] move: Knock Off|[of] p2a: Tyranitar\n|\n|-heal|p2a: Tyranitar|103/284|[from] item: Leftovers\n|upkeep\n|turn|34\n|\n|t:|1782782738\n|move|p1a: Noivern|Draco Meteor|p2a: Tyranitar\n|-damage|p2a: Tyranitar|0 fnt\n|-unboost|p1a: Noivern|spa|2\n|faint|p2a: Tyranitar\n|\n|upkeep\n|\n|t:|1782782742\n|switch|p2a: Latios|Latios, L78, M, tera:Steel|111/253 brn\n|-damage|p2a: Latios|96/253 brn|[from] Stealth Rock\n|turn|35\n|\n|t:|1782782745\n|move|p1a: Noivern|Flamethrower|p2a: Latios\n|-supereffective|p2a: Latios\n|-damage|p2a: Latios|16/253 brn\n|move|p2a: Latios|Recover|p2a: Latios\n|-heal|p2a: Latios|143/253 brn\n|\n|-damage|p2a: Latios|128/253 brn|[from] brn\n|upkeep\n|turn|36\n|\n|t:|1782782754\n|move|p1a: Noivern|Roost|p1a: Noivern\n|-heal|p1a: Noivern|271/274\n|move|p2a: Latios|Recover|p2a: Latios\n|-heal|p2a: Latios|253/253 brn\n|\n|-damage|p2a: Latios|238/253 brn|[from] brn\n|upkeep\n|turn|37\n|\n|t:|1782782761\n|switch|p1a: Sandaconda|Sandaconda, L84, F|222/258 slp\n|-damage|p1a: Sandaconda|206/258 slp|[from] Stealth Rock\n|move|p2a: Latios|Calm Mind|p2a: Latios\n|-boost|p2a: Latios|spa|1\n|-boost|p2a: Latios|spd|1\n|\n|-activate|p1a: Sandaconda|ability: Shed Skin\n|-curestatus|p1a: Sandaconda|slp|[msg]\n|-damage|p2a: Latios|223/253 brn|[from] brn\n|upkeep\n|turn|38\n|\n|t:|1782782768\n|switch|p1a: Noivern|Noivern, L82, F, tera:Fire|271/274\n|-damage|p1a: Noivern|203/274|[from] Stealth Rock\n|move|p2a: Latios|Calm Mind|p2a: Latios\n|-boost|p2a: Latios|spa|1\n|-boost|p2a: Latios|spd|1\n|\n|-damage|p2a: Latios|208/253 brn|[from] brn\n|upkeep\n|turn|39\n|\n|t:|1782782774\n|move|p1a: Noivern|Flamethrower|p2a: Latios\n|-supereffective|p2a: Latios\n|-damage|p2a: Latios|122/253 brn\n|move|p2a: Latios|Psyshock|p1a: Noivern\n|-damage|p1a: Noivern|0 fnt\n|faint|p1a: Noivern\n|\n|-damage|p2a: Latios|107/253 brn|[from] brn\n|upkeep\n|\n|t:|1782782779\n|switch|p1a: Sandaconda|Sandaconda, L84, F|206/258\n|-damage|p1a: Sandaconda|190/258|[from] Stealth Rock\n|turn|40\n|\n|t:|1782782782\n|move|p2a: Latios|Draco Meteor|p1a: Sandaconda\n|-damage|p1a: Sandaconda|0 fnt\n|-unboost|p2a: Latios|spa|2\n|faint|p1a: Sandaconda\n|\n|win|mongledongle\n|raw|Estrace's rating: 2058 &rarr; <strong>2039</strong><br />(-19 for losing)\n|raw|mongledongle's rating: 2069 &rarr; <strong>2088</strong><br />(+19 for winning)\n", "inputlog": ">version f8ac14003a5f27e1bdc8d8c59608a773c1cb96e5\n>start {\"formatid\":\"gen9randombattle\",\"seed\":\"sodium,b093ca4ffbc7aa349fc7b2a178e4c536\",\"rated\":\"Rated battle\"}\n>player p1 {\"name\":\"Estrace\",\"avatar\":\"clair\",\"rating\":2058,\"seed\":\"sodium,204daabee1a154c157f2b198a4731857\"}\n>player p2 {\"name\":\"mongledongle\",\"avatar\":\"102\",\"rating\":2069,\"seed\":\"sodium,1e8701764d6a5681a76c0582439c62f5\"}\n>p1 move dracometeor\n>p2 switch 3\n>p1 switch 3\n>p2 move thunderwave\n>p1 move stealthrock\n>p2 move knockoff\n>p1 move earthquake\n>p2 switch 5\n>p1 switch 5\n>p2 move dracometeor\n>p1 move knockoff\n>p2 switch 2\n>p1 move earthquake\n>p2 move bodypress\n>p1 switch 2\n>p1 move stickyweb\n>p2 move stealthrock\n>p1 move pounce\n>p2 move thunderwave\n>p1 move taunt\n>p2 move ironhead\n>p1 switch 6\n>p2 move ironhead\n>p1 move calmmind\n>p2 move bodypress\n>p1 move originpulse\n>p2 move bodypress\n>chat \u2606Estrace|wow\n>chat \u2606Estrace|thats so sad\n>p1 switch 4\n>p1 move closecombat\n>p2 switch 6\n>p1 switch 6\n>p2 move poltergeist\n>p1 switch 6\n>p1 move flareblitz\n>p2 move poltergeist\n>p2 switch 2\n>p1 move flareblitz\n>p2 move calmmind\n>p1 move flareblitz\n>p2 move recover\n>p1 move flareblitz\n>p2 move recover\n>p1 move flareblitz\n>p2 move recover\n>p1 switch 3\n>p1 move flamethrower\n>p2 move recover terastallize\n>p1 move flamethrower terastallize\n>p2 move recover\n>p1 move flamethrower\n>p2 switch 5\n>p1 switch 5\n>p2 move knockoff\n>p1 move rest\n>p2 switch 5\n>p1 switch 5\n>p2 move psyshock\n>p1 switch 5\n>p2 switch 5\n>p1 move stoneedge\n>p2 move dragontail\n>p1 move dracometeor\n>p2 move dragontail\n>p1 move stoneedge\n>p2 move dragontail\n>p1 move roost\n>p2 move dragontail\n>p1 move rest\n>p2 move dragontail\n>p1 move roost\n>p2 move knockoff\n>p1 move dracometeor\n>p2 move dragontail\n>p2 switch 5\n>p1 move flamethrower\n>p2 move recover\n>p1 move roost\n>p2 move recover\n>p1 switch 5\n>p2 move calmmind\n>p1 switch 5\n>p2 move calmmind\n>p1 move flamethrower\n>p2 move psyshock\n>p1 switch 5\n>p1 move stoneedge\n>p2 move dracometeor", "uploadtime": 1782782340, "views": 5, "formatid": "gen9randombattle", "rating": 2039, "private": 0, "password": null, "player_dets": [{"name": "Estrace", "avatar": "clair", "rating": 2058, "seed": "sodium,204daabee1a154c157f2b198a4731857"}, {"name": "mongledongle", "avatar": "102", "rating": 2069, "seed": "sodium,1e8701764d6a5681a76c0582439c62f5"}], "teams_full": [{"Noivern": {"name": "Noivern", "species": "Noivern", "speciesId": "noivern", "gender": "F", "shiny": false, "level": 82, "moves": ["flamethrower", "roost", "dracometeor", "hurricane"], "ability": "Infiltrator", "evs": {"hp": 85, "atk": 0, "def": 85, "spa": 85, "spd": 85, "spe": 85}, "ivs": {"hp": 31, "atk": 0, "def": 31, "spa": 31, "spd": 31, "spe": 31}, "item": "Heavy-Duty Boots", "teraType": "Fire", "role": "Fast Support", "bvs": {"hp": 85, "atk": 70, "def": 80, "spa": 97, "spd": 80, "spe": 123}, "stats": {"hp": 274, "atk": 119, "def": 178, "spa": 206, "spd": 178, "spe": 249}, "types": ["Flying", "Dragon"]}, "Kricketune": {"name": "Kricketune", "species": "Kricketune", "speciesId": "kricketune", "gender": "M", "shiny": false, "level": 99, "moves": ["taunt", "stickyweb", "pounce", "knockoff"], "ability": "Technician", "evs": {"hp": 85, "atk": 85, "def": 85, "spa": 85, "spd": 85, "spe": 85}, "ivs": {"hp": 31, "atk": 31, "def": 31, "spa": 31, "spd": 31, "spe": 31}, "item": "Heavy-Duty Boots", "teraType": "Ghost", "role": "Fast Support", "bvs": {"hp": 77, "atk": 85, "def": 51, "spa": 55, "spd": 51, "spe": 65}, "stats": {"hp": 312, "atk": 224, "def": 157, "spa": 165, "spd": 157, "spe": 185}, "types": ["Bug"]}, "Sandaconda": {"name": "Sandaconda", "species": "Sandaconda", "speciesId": "sandaconda", "gender": "F", "shiny": false, "level": 84, "moves": ["stealthrock", "stoneedge", "earthquake", "rest"], "ability": "Shed Skin", "evs": {"hp": 85, "atk": 85, "def": 85, "spa": 85, "spd": 85, "spe": 85}, "ivs": {"hp": 31, "atk": 31, "def": 31, "spa": 31, "spd": 31, "spe": 31}, "item": "Leftovers", "teraType": "Dragon", "role": "Bulky Attacker", "bvs": {"hp": 72, "atk": 107, "def": 125, "spa": 65, "spd": 70, "spe": 71}, "stats": {"hp": 258, "atk": 228, "def": 258, "spa": 157, "spd": 166, "spe": 167}, "types": ["Ground"]}, "Tauros": {"name": "Tauros", "species": "Tauros-Paldea-Blaze", "speciesId": "taurospaldeablaze", "gender": "M", "shiny": false, "level": 81, "moves": ["stoneedge", "wildcharge", "flareblitz", "closecombat"], "ability": "Intimidate", "evs": {"hp": 85, "atk": 85, "def": 85, "spa": 85, "spd": 85, "spe": 85}, "ivs": {"hp": 31, "atk": 31, "def": 31, "spa": 31, "spd": 31, "spe": 31}, "item": "Choice Band", "teraType": "Fighting", "role": "Wallbreaker", "bvs": {"hp": 75, "atk": 110, "def": 105, "spa": 30, "spd": 70, "spe": 100}, "stats": {"hp": 254, "atk": 225, "def": 217, "spa": 95, "spd": 160, "spe": 209}, "types": ["Fighting", "Fire"]}, "Iron Treads": {"name": "Iron Treads", "species": "Iron Treads", "speciesId": "irontreads", "gender": "N", "shiny": false, "level": 77, "moves": ["rapidspin", "knockoff", "ironhead", "earthquake"], "ability": "Quark Drive", "evs": {"hp": 85, "atk": 85, "def": 85, "spa": 85, "spd": 85, "spe": 85}, "ivs": {"hp": 31, "atk": 31, "def": 31, "spa": 31, "spd": 31, "spe": 31}, "item": "Assault Vest", "teraType": "Dragon", "role": "Bulky Support", "bvs": {"hp": 90, "atk": 112, "def": 120, "spa": 72, "spd": 70, "spe": 106}, "stats": {"hp": 265, "atk": 217, "def": 229, "spa": 155, "spd": 152, "spe": 208}, "types": ["Ground", "Steel"]}, "Kyogre": {"name": "Kyogre", "species": "Kyogre", "speciesId": "kyogre", "gender": "N", "shiny": false, "level": 71, "moves": ["thunder", "originpulse", "calmmind", "icebeam"], "ability": "Drizzle", "evs": {"hp": 85, "atk": 0, "def": 85, "spa": 85, "spd": 85, "spe": 85}, "ivs": {"hp": 31, "atk": 0, "def": 31, "spa": 31, "spd": 31, "spe": 31}, "item": "Leftovers", "teraType": "Dragon", "role": "Bulky Setup", "bvs": {"hp": 100, "atk": 100, "def": 90, "spa": 150, "spd": 140, "spe": 90}, "stats": {"hp": 259, "atk": 147, "def": 169, "spa": 254, "spd": 240, "spe": 169}, "types": ["Water"]}}, {"Chi-Yu": {"name": "Chi-Yu", "species": "Chi-Yu", "speciesId": "chiyu", "gender": "N", "shiny": false, "level": 77, "moves": ["willowisp", "darkpulse", "fireblast", "nastyplot"], "ability": "Beads of Ruin", "evs": {"hp": 85, "atk": 0, "def": 85, "spa": 85, "spd": 85, "spe": 85}, "ivs": {"hp": 31, "atk": 0, "def": 31, "spa": 31, "spd": 31, "spe": 31}, "item": "Heavy-Duty Boots", "teraType": "Dark", "role": "Setup Sweeper", "bvs": {"hp": 55, "atk": 80, "def": 80, "spa": 135, "spd": 120, "spe": 100}, "stats": {"hp": 211, "atk": 128, "def": 168, "spa": 252, "spd": 229, "spe": 199}, "types": ["Dark", "Fire"]}, "Cobalion": {"name": "Cobalion", "species": "Cobalion", "speciesId": "cobalion", "gender": "N", "shiny": false, "level": 80, "moves": ["bodypress", "stealthrock", "thunderwave", "ironhead"], "ability": "Justified", "evs": {"hp": 85, "atk": 85, "def": 85, "spa": 85, "spd": 85, "spe": 85}, "ivs": {"hp": 31, "atk": 31, "def": 31, "spa": 31, "spd": 31, "spe": 31}, "item": "Leftovers", "teraType": "Ghost", "role": "Bulky Support", "bvs": {"hp": 91, "atk": 90, "def": 129, "spa": 90, "spd": 72, "spe": 108}, "stats": {"hp": 277, "atk": 190, "def": 253, "spa": 190, "spd": 161, "spe": 219}, "types": ["Steel", "Fighting"]}, "Tyranitar": {"name": "Tyranitar", "species": "Tyranitar", "speciesId": "tyranitar", "gender": "M", "shiny": false, "level": 78, "moves": ["stoneedge", "knockoff", "dragontail", "thunderwave"], "ability": "Sand Stream", "evs": {"hp": 85, "atk": 85, "def": 85, "spa": 85, "spd": 85, "spe": 85}, "ivs": {"hp": 31, "atk": 31, "def": 31, "spa": 31, "spd": 31, "spe": 31}, "item": "Leftovers", "teraType": "Rock", "role": "Bulky Support", "bvs": {"hp": 100, "atk": 134, "def": 110, "spa": 95, "spd": 100, "spe": 61}, "stats": {"hp": 284, "atk": 254, "def": 217, "spa": 193, "spd": 201, "spe": 140}, "types": ["Rock", "Dark"]}, "Arceus": {"name": "Arceus", "species": "Arceus-Flying", "speciesId": "arceusflying", "gender": "N", "shiny": false, "level": 69, "moves": ["calmmind", "recover", "earthpower", "judgment"], "ability": "Multitype", "evs": {"hp": 81, "atk": 0, "def": 85, "spa": 85, "spd": 85, "spe": 85}, "ivs": {"hp": 31, "atk": 0, "def": 31, "spa": 31, "spd": 31, "spe": 31}, "item": "Sky Plate", "teraType": "Steel", "role": "Bulky Setup", "bvs": {"hp": 120, "atk": 120, "def": 120, "spa": 120, "spd": 120, "spe": 120}, "stats": {"hp": 279, "atk": 170, "def": 206, "spa": 206, "spd": 206, "spe": 206}, "types": ["Flying"]}, "Latios": {"name": "Latios", "species": "Latios", "speciesId": "latios", "gender": "M", "shiny": false, "level": 78, "moves": ["recover", "psyshock", "calmmind", "dracometeor"], "ability": "Levitate", "evs": {"hp": 85, "atk": 0, "def": 85, "spa": 85, "spd": 85, "spe": 85}, "ivs": {"hp": 31, "atk": 0, "def": 31, "spa": 31, "spd": 31, "spe": 31}, "item": "Soul Dew", "teraType": "Steel", "role": "Bulky Setup", "bvs": {"hp": 80, "atk": 90, "def": 80, "spa": 130, "spd": 110, "spe": 110}, "stats": {"hp": 253, "atk": 145, "def": 170, "spa": 248, "spd": 217, "spe": 217}, "types": ["Dragon", "Psychic"]}, "Banette": {"name": "Banette", "species": "Banette", "speciesId": "banette", "gender": "F", "shiny": false, "level": 93, "moves": ["shadowsneak", "poltergeist", "swordsdance", "gunkshot"], "ability": "Insomnia", "evs": {"hp": 85, "atk": 85, "def": 85, "spa": 85, "spd": 85, "spe": 85}, "ivs": {"hp": 31, "atk": 31, "def": 31, "spa": 31, "spd": 31, "spe": 31}, "item": "Life Orb", "teraType": "Ghost", "role": "Wallbreaker", "bvs": {"hp": 64, "atk": 115, "def": 65, "spa": 83, "spd": 63, "spe": 65}, "stats": {"hp": 270, "atk": 267, "def": 174, "spa": 207, "spd": 170, "spe": 174}, "types": ["Ghost"]}}]}