{"id": "gen9randombattle-2641736439", "format": "[Gen 9] Random Battle", "players": ["postmortia", "qwe888"], "log": "|j|\u2606postmortia\n|j|\u2606qwe888\n|t:|1782835824\n|gametype|singles\n|player|p1|postmortia|1|1596\n|player|p2|qwe888|firebreather|1593\n|gen|9\n|tier|[Gen 9] Random Battle\n|rated|\n|rule|Species Clause: Limit one of each Pok\u00e9mon\n|rule|HP Percentage Mod: HP is shown in percentages\n|rule|Sleep Clause Mod: Limit one foe put to sleep\n|rule|Illusion Level Mod: Illusion disguises the Pok\u00e9mon's true level\n|\n|t:|1782835824\n|teamsize|p1|6\n|teamsize|p2|6\n|start\n|switch|p1a: Spiritomb|Spiritomb, L89, M|234/234\n|switch|p2a: Calyrex|Calyrex, L93|337/337\n|-ability|p2a: Calyrex|Unnerve\n|turn|1\n|inactive|Battle timer is ON: inactive players will automatically lose when time's up. (requested by qwe888)\n|\n|t:|1782835835\n|move|p2a: Calyrex|Leech Seed|p1a: Spiritomb\n|-start|p1a: Spiritomb|move: Leech Seed\n|move|p1a: Spiritomb|Will-O-Wisp|p2a: Calyrex|[miss]\n|-miss|p1a: Spiritomb|p2a: Calyrex\n|\n|-damage|p1a: Spiritomb|205/234|[from] Leech Seed|[of] p2a: Calyrex\n|upkeep\n|turn|2\n|\n|t:|1782835854\n|switch|p1a: Appletun|Appletun, L92, F|352/352\n|move|p2a: Calyrex|Calm Mind|p2a: Calyrex\n|-boost|p2a: Calyrex|spa|1\n|-boost|p2a: Calyrex|spd|1\n|\n|upkeep\n|turn|3\n|\n|t:|1782835871\n|move|p2a: Calyrex|Psyshock|p1a: Appletun\n|-damage|p1a: Appletun|231/352\n|move|p1a: Appletun|Dragon Tail|p2a: Calyrex\n|-damage|p2a: Calyrex|274/337\n|drag|p2a: Latios|Latios, L78, M|253/253\n|\n|-heal|p1a: Appletun|253/352|[from] item: Leftovers\n|upkeep\n|turn|4\n|\n|t:|1782835888\n|switch|p2a: Gyarados|Gyarados, L79, F|280/280\n|-ability|p2a: Gyarados|Intimidate|boost\n|-unboost|p1a: Appletun|atk|1\n|switch|p1a: Magearna|Magearna-Original, L77|250/250\n|\n|upkeep\n|turn|5\n|inactive|qwe888 has 120 seconds left.\n|\n|t:|1782835916\n|switch|p2a: Quagsire|Quagsire, L84, M|297/297\n|switch|p1a: Spiritomb|Spiritomb, L89, M|205/234\n|\n|-heal|p1a: Spiritomb|219/234|[from] item: Leftovers\n|upkeep\n|turn|6\n|\n|t:|1782835938\n|move|p1a: Spiritomb|Will-O-Wisp|p2a: Quagsire\n|-status|p2a: Quagsire|brn\n|move|p2a: Quagsire|Spikes|p1a: Spiritomb\n|-sidestart|p1: postmortia|Spikes\n|\n|-heal|p1a: Spiritomb|233/234|[from] item: Leftovers\n|-damage|p2a: Quagsire|279/297 brn|[from] brn\n|upkeep\n|turn|7\n|inactive|postmortia has 120 seconds left.\n|\n|t:|1782835962\n|switch|p1a: Vikavolt|Vikavolt, L83, F|263/263\n|move|p2a: Quagsire|Toxic|p1a: Vikavolt\n|-status|p1a: Vikavolt|tox\n|\n|-heal|p2a: Quagsire|297/297 brn|[from] item: Leftovers\n|-damage|p1a: Vikavolt|247/263 tox|[from] psn\n|-damage|p2a: Quagsire|279/297 brn|[from] brn\n|upkeep\n|turn|8\n|\n|t:|1782835980\n|move|p1a: Vikavolt|Sticky Web|p2a: Quagsire\n|-sidestart|p2: qwe888|move: Sticky Web\n|move|p2a: Quagsire|Spikes|p1a: Vikavolt\n|-sidestart|p1: postmortia|Spikes\n|\n|-heal|p2a: Quagsire|297/297 brn|[from] item: Leftovers\n|-damage|p1a: Vikavolt|215/263 tox|[from] psn\n|-damage|p2a: Quagsire|279/297 brn|[from] brn\n|upkeep\n|turn|9\n|inactive|postmortia has 120 seconds left.\n|\n|t:|1782836000\n|switch|p1a: Appletun|Appletun, L92, F|253/352\n|-damage|p1a: Appletun|195/352|[from] Spikes\n|move|p2a: Quagsire|Spikes|p1a: Appletun\n|-sidestart|p1: postmortia|Spikes\n|\n|-heal|p1a: Appletun|217/352|[from] item: Leftovers\n|-heal|p2a: Quagsire|297/297 brn|[from] item: Leftovers\n|-damage|p2a: Quagsire|279/297 brn|[from] brn\n|upkeep\n|turn|10\n|inactive|postmortia has 120 seconds left.\n|\n|t:|1782836014\n|move|p1a: Appletun|Apple Acid|p2a: Quagsire\n|-supereffective|p2a: Quagsire\n|-damage|p2a: Quagsire|0 fnt\n|faint|p2a: Quagsire\n|\n|-heal|p1a: Appletun|239/352|[from] item: Leftovers\n|upkeep\n|inactive|qwe888 has 90 seconds left.\n|\n|t:|1782836027\n|switch|p2a: Gyarados|Gyarados, L79, F|280/280\n|-ability|p2a: Gyarados|Intimidate|boost\n|-unboost|p1a: Appletun|atk|1\n|turn|11\n|inactive|postmortia has 120 seconds left.\n|\n|t:|1782836037\n|move|p2a: Gyarados|Temper Flare|p1a: Appletun\n|-damage|p1a: Appletun|210/352\n|move|p1a: Appletun|Dragon Tail|p2a: Gyarados\n|-damage|p2a: Gyarados|225/280\n|drag|p2a: Weezing|Weezing, L88, M|258/258\n|\n|-heal|p1a: Appletun|232/352|[from] item: Leftovers\n|upkeep\n|turn|12\n|inactive|postmortia has 120 seconds left.\n|\n|t:|1782836048\n|switch|p1a: Spiritomb|Spiritomb, L89, M|233/234\n|-damage|p1a: Spiritomb|175/234|[from] Spikes\n|move|p2a: Weezing|Toxic Spikes|p1a: Spiritomb\n|-sidestart|p1: postmortia|move: Toxic Spikes\n|\n|-heal|p1a: Spiritomb|189/234|[from] item: Leftovers\n|upkeep\n|turn|13\n|\n|t:|1782836061\n|-terastallize|p1a: Spiritomb|Poison\n|move|p2a: Weezing|Toxic Spikes|p1a: Spiritomb\n|-sidestart|p1: postmortia|move: Toxic Spikes\n|move|p1a: Spiritomb|Will-O-Wisp|p2a: Weezing\n|-status|p2a: Weezing|brn\n|\n|-heal|p1a: Spiritomb|203/234|[from] item: Leftovers\n|-damage|p2a: Weezing|242/258 brn|[from] brn\n|upkeep\n|turn|14\n|inactive|qwe888 has 90 seconds left.\n|\n|t:|1782836078\n|switch|p2a: Gyarados|Gyarados, L79, F|225/280\n|-ability|p2a: Gyarados|Intimidate|boost\n|-unboost|p1a: Spiritomb|atk|1\n|switch|p1a: Vikavolt|Vikavolt, L83, F|215/263 tox\n|\n|-damage|p1a: Vikavolt|199/263 tox|[from] psn\n|upkeep\n|turn|15\n|inactive|qwe888 has 90 seconds left.\n|\n|t:|1782836090\n|-terastallize|p2a: Gyarados|Ground\n|move|p2a: Gyarados|Dragon Dance|p2a: Gyarados\n|-boost|p2a: Gyarados|atk|1\n|-boost|p2a: Gyarados|spe|1\n|move|p1a: Vikavolt|Volt Switch|p2a: Gyarados\n|-immune|p2a: Gyarados\n|\n|-damage|p1a: Vikavolt|167/263 tox|[from] psn\n|upkeep\n|turn|16\n|inactive|qwe888 has 90 seconds left.\n|\n|t:|1782836112\n|switch|p1a: Spiritomb|Spiritomb, L89, M, tera:Poison|203/234\n|-damage|p1a: Spiritomb|145/234|[from] Spikes\n|-sideend|p1: postmortia|move: Toxic Spikes|[of] p1a: Spiritomb\n|move|p2a: Gyarados|Temper Flare|p1a: Spiritomb\n|-damage|p1a: Spiritomb|73/234\n|\n|-heal|p1a: Spiritomb|87/234|[from] item: Leftovers\n|upkeep\n|turn|17\n|\n|t:|1782836122\n|move|p2a: Gyarados|Earthquake|p1a: Spiritomb\n|-supereffective|p1a: Spiritomb\n|-damage|p1a: Spiritomb|0 fnt\n|faint|p1a: Spiritomb\n|\n|upkeep\n|\n|t:|1782836127\n|switch|p1a: Appletun|Appletun, L92, F|232/352\n|-damage|p1a: Appletun|144/352|[from] Spikes\n|turn|18\n|inactive|qwe888 has 90 seconds left.\n|\n|t:|1782836136\n|move|p2a: Gyarados|Temper Flare|p1a: Appletun\n|-damage|p1a: Appletun|104/352\n|move|p1a: Appletun|Recover|p1a: Appletun\n|-heal|p1a: Appletun|280/352\n|\n|-heal|p1a: Appletun|302/352|[from] item: Leftovers\n|upkeep\n|turn|19\n|inactive|qwe888 has 90 seconds left.\n|\n|t:|1782836147\n|move|p2a: Gyarados|Waterfall|p1a: Appletun\n|-resisted|p1a: Appletun\n|-damage|p1a: Appletun|268/352\n|cant|p1a: Appletun|flinch\n|\n|-heal|p1a: Appletun|290/352|[from] item: Leftovers\n|upkeep\n|turn|20\n|inactive|qwe888 has 90 seconds left.\n|\n|t:|1782836164\n|move|p2a: Gyarados|Earthquake|p1a: Appletun\n|-resisted|p1a: Appletun\n|-damage|p1a: Appletun|206/352\n|move|p1a: Appletun|Apple Acid|p2a: Gyarados\n|-supereffective|p2a: Gyarados\n|-damage|p2a: Gyarados|19/280\n|-unboost|p2a: Gyarados|spd|1\n|\n|-heal|p1a: Appletun|228/352|[from] item: Leftovers\n|upkeep\n|turn|21\n|inactive|qwe888 has 90 seconds left.\n|\n|t:|1782836176\n|move|p2a: Gyarados|Earthquake|p1a: Appletun\n|-resisted|p1a: Appletun\n|-damage|p1a: Appletun|140/352\n|move|p1a: Appletun|Recover|p1a: Appletun\n|-heal|p1a: Appletun|316/352\n|\n|-heal|p1a: Appletun|338/352|[from] item: Leftovers\n|upkeep\n|turn|22\n|inactive|qwe888 has 90 seconds left.\n|\n|t:|1782836191\n|switch|p2a: Weezing|Weezing, L88, M|242/258 brn\n|move|p1a: Appletun|Dragon Pulse|p2a: Weezing\n|-damage|p2a: Weezing|110/258 brn\n|\n|-heal|p2a: Weezing|126/258 brn|[from] item: Leftovers\n|-heal|p1a: Appletun|352/352|[from] item: Leftovers\n|-damage|p2a: Weezing|110/258 brn|[from] brn\n|upkeep\n|turn|23\n|\n|t:|1782836205\n|move|p2a: Weezing|Toxic Spikes|p1a: Appletun\n|-sidestart|p1: postmortia|move: Toxic Spikes\n|move|p1a: Appletun|Dragon Pulse|p2a: Weezing\n|-damage|p2a: Weezing|0 fnt\n|faint|p2a: Weezing\n|\n|upkeep\n|\n|t:|1782836227\n|switch|p2a: Latios|Latios, L78, M|253/253\n|turn|24\n|\n|t:|1782836230\n|move|p2a: Latios|Draco Meteor|p1a: Appletun|[miss]\n|-miss|p2a: Latios|p1a: Appletun\n|move|p1a: Appletun|Recover||[still]\n|-fail|p1a: Appletun|heal\n|\n|upkeep\n|turn|25\n|\n|t:|1782836237\n|move|p2a: Latios|Luster Purge|p1a: Appletun\n|-damage|p1a: Appletun|213/352\n|-unboost|p1a: Appletun|spd|1\n|move|p1a: Appletun|Recover|p1a: Appletun\n|-heal|p1a: Appletun|352/352\n|\n|upkeep\n|turn|26\n|\n|t:|1782836245\n|switch|p1a: Vikavolt|Vikavolt, L83, F|167/263 tox\n|move|p2a: Latios|Draco Meteor|p1a: Vikavolt\n|-damage|p1a: Vikavolt|0 fnt\n|-unboost|p2a: Latios|spa|2\n|faint|p1a: Vikavolt\n|\n|upkeep\n|\n|t:|1782836252\n|switch|p1a: Magearna|Magearna-Original, L77|250/250\n|-damage|p1a: Magearna|188/250|[from] Spikes\n|turn|27\n|inactive|qwe888 has 90 seconds left.\n|\n|t:|1782836267\n|switch|p2a: Calyrex|Calyrex, L93|274/337\n|-ability|p2a: Calyrex|Unnerve\n|-activate|p2a: Calyrex|move: Sticky Web\n|-unboost|p2a: Calyrex|spe|1\n|move|p1a: Magearna|Shift Gear|p1a: Magearna\n|-boost|p1a: Magearna|spe|2\n|-boost|p1a: Magearna|atk|1\n|\n|-heal|p1a: Magearna|203/250|[from] item: Leftovers\n|-heal|p2a: Calyrex|295/337|[from] item: Leftovers\n|upkeep\n|turn|28\n|inactive|qwe888 has 90 seconds left.\n|\n|t:|1782836281\n|move|p1a: Magearna|Calm Mind|p1a: Magearna\n|-boost|p1a: Magearna|spa|1\n|-boost|p1a: Magearna|spd|1\n|move|p2a: Calyrex|Leech Seed|p1a: Magearna|[miss]\n|-miss|p2a: Calyrex|p1a: Magearna\n|\n|-heal|p1a: Magearna|218/250|[from] item: Leftovers\n|-heal|p2a: Calyrex|316/337|[from] item: Leftovers\n|upkeep\n|turn|29\n|\n|t:|1782836290\n|move|p1a: Magearna|Fleur Cannon|p2a: Calyrex\n|-damage|p2a: Calyrex|111/337\n|-unboost|p1a: Magearna|spa|2\n|move|p2a: Calyrex|Leech Seed|p1a: Magearna\n|-start|p1a: Magearna|move: Leech Seed\n|\n|-heal|p1a: Magearna|233/250|[from] item: Leftovers\n|-heal|p2a: Calyrex|132/337|[from] item: Leftovers\n|-damage|p1a: Magearna|202/250|[from] Leech Seed|[of] p2a: Calyrex\n|-heal|p2a: Calyrex|163/337|[silent]\n|upkeep\n|turn|30\n|\n|t:|1782836304\n|move|p1a: Magearna|Calm Mind|p1a: Magearna\n|-boost|p1a: Magearna|spa|1\n|-boost|p1a: Magearna|spd|1\n|move|p2a: Calyrex|Giga Drain|p1a: Magearna\n|-resisted|p1a: Magearna\n|-damage|p1a: Magearna|181/250\n|-heal|p2a: Calyrex|174/337|[from] drain|[of] p1a: Magearna\n|\n|-heal|p1a: Magearna|196/250|[from] item: Leftovers\n|-heal|p2a: Calyrex|195/337|[from] item: Leftovers\n|-damage|p1a: Magearna|165/250|[from] Leech Seed|[of] p2a: Calyrex\n|-heal|p2a: Calyrex|226/337|[silent]\n|upkeep\n|turn|31\n|\n|t:|1782836318\n|move|p1a: Magearna|Calm Mind|p1a: Magearna\n|-boost|p1a: Magearna|spa|1\n|-boost|p1a: Magearna|spd|1\n|move|p2a: Calyrex|Calm Mind|p2a: Calyrex\n|-boost|p2a: Calyrex|spa|1\n|-boost|p2a: Calyrex|spd|1\n|\n|-heal|p1a: Magearna|180/250|[from] item: Leftovers\n|-heal|p2a: Calyrex|247/337|[from] item: Leftovers\n|-damage|p1a: Magearna|149/250|[from] Leech Seed|[of] p2a: Calyrex\n|-heal|p2a: Calyrex|278/337|[silent]\n|upkeep\n|turn|32\n|\n|t:|1782836331\n|move|p1a: Magearna|Flash Cannon|p2a: Calyrex\n|-damage|p2a: Calyrex|185/337\n|move|p2a: Calyrex|Psyshock|p1a: Magearna\n|-resisted|p1a: Magearna\n|-crit|p1a: Magearna\n|-damage|p1a: Magearna|67/250\n|\n|-heal|p1a: Magearna|82/250|[from] item: Leftovers\n|-heal|p2a: Calyrex|206/337|[from] item: Leftovers\n|-damage|p1a: Magearna|51/250|[from] Leech Seed|[of] p2a: Calyrex\n|-heal|p2a: Calyrex|237/337|[silent]\n|upkeep\n|turn|33\n|inactive|qwe888 has 90 seconds left.\n|\n|t:|1782836351\n|switch|p1a: Appletun|Appletun, L92, F|352/352\n|-damage|p1a: Appletun|264/352|[from] Spikes\n|-status|p1a: Appletun|psn\n|move|p2a: Calyrex|Calm Mind|p2a: Calyrex\n|-boost|p2a: Calyrex|spa|1\n|-boost|p2a: Calyrex|spd|1\n|\n|-heal|p2a: Calyrex|258/337|[from] item: Leftovers\n|-heal|p1a: Appletun|286/352 psn|[from] item: Leftovers\n|-damage|p1a: Appletun|242/352 psn|[from] psn\n|upkeep\n|turn|34\n|inactive|qwe888 has 90 seconds left.\n|inactive|qwe888 has 60 seconds left.\n|\n|t:|1782836386\n|move|p2a: Calyrex|Psyshock|p1a: Appletun\n|-damage|p1a: Appletun|55/352 psn\n|move|p1a: Appletun|Dragon Tail|p2a: Calyrex\n|-damage|p2a: Calyrex|185/337\n|drag|p2a: Latios|Latios, L78, M|253/253\n|\n|-heal|p1a: Appletun|77/352 psn|[from] item: Leftovers\n|-damage|p1a: Appletun|33/352 psn|[from] psn\n|upkeep\n|turn|35\n|inactive|qwe888 has 60 seconds left.\n|\n|t:|1782836415\n|move|p2a: Latios|Aura Sphere|p1a: Appletun\n|-damage|p1a: Appletun|0 fnt\n|faint|p1a: Appletun\n|\n|upkeep\n|\n|t:|1782836422\n|switch|p1a: Houndstone|Houndstone, L86, M|264/264\n|-damage|p1a: Houndstone|198/264|[from] Spikes\n|-status|p1a: Houndstone|psn\n|turn|36\n|\n|t:|1782836431\n|move|p2a: Latios|Draco Meteor|p1a: Houndstone\n|-damage|p1a: Houndstone|30/264 psn\n|-unboost|p2a: Latios|spa|2\n|move|p1a: Houndstone|Rest|p1a: Houndstone\n|-status|p1a: Houndstone|slp|[from] move: Rest\n|-heal|p1a: Houndstone|264/264 slp|[silent]\n|\n|upkeep\n|turn|37\n|inactive|qwe888 has 60 seconds left.\n|\n|t:|1782836442\n|move|p2a: Latios|Luster Purge|p1a: Houndstone\n|-damage|p1a: Houndstone|198/264 slp\n|-unboost|p1a: Houndstone|spd|1\n|cant|p1a: Houndstone|slp\n|move|p1a: Houndstone|Sleep Talk|p1a: Houndstone\n|move|p1a: Houndstone|Poltergeist|p2a: Latios|[from] move: Sleep Talk\n|-activate|p2a: Latios|move: Poltergeist|Soul Dew\n|-supereffective|p2a: Latios\n|-crit|p2a: Latios\n|-damage|p2a: Latios|0 fnt\n|faint|p2a: Latios\n|\n|-heal|p1a: Houndstone|214/264 slp|[from] item: Leftovers\n|upkeep\n|\n|t:|1782836459\n|switch|p2a: Calyrex|Calyrex, L93|185/337\n|-ability|p2a: Calyrex|Unnerve\n|-activate|p2a: Calyrex|move: Sticky Web\n|-unboost|p2a: Calyrex|spe|1\n|turn|38\n|\n|t:|1782836473\n|cant|p1a: Houndstone|slp\n|move|p1a: Houndstone|Sleep Talk|p1a: Houndstone\n|move|p1a: Houndstone|Body Press|p2a: Calyrex|[from] move: Sleep Talk\n|-resisted|p2a: Calyrex\n|-damage|p2a: Calyrex|153/337\n|move|p2a: Calyrex|Psyshock|p1a: Houndstone\n|-damage|p1a: Houndstone|138/264 slp\n|\n|-heal|p1a: Houndstone|154/264 slp|[from] item: Leftovers\n|-heal|p2a: Calyrex|174/337|[from] item: Leftovers\n|upkeep\n|turn|39\n|\n|t:|1782836486\n|-curestatus|p1a: Houndstone|slp|[msg]\n|move|p1a: Houndstone|Poltergeist|p2a: Calyrex\n|-activate|p2a: Calyrex|move: Poltergeist|Leftovers\n|-supereffective|p2a: Calyrex\n|-damage|p2a: Calyrex|0 fnt\n|faint|p2a: Calyrex\n|\n|-heal|p1a: Houndstone|170/264|[from] item: Leftovers\n|upkeep\n|\n|t:|1782836498\n|switch|p2a: Gyarados|Gyarados, L79, F, tera:Ground|19/280\n|-ability|p2a: Gyarados|Intimidate|boost\n|-unboost|p1a: Houndstone|atk|1\n|turn|40\n|\n|t:|1782836507\n|move|p2a: Gyarados|Waterfall|p1a: Houndstone\n|-damage|p1a: Houndstone|128/264\n|move|p1a: Houndstone|Body Press|p2a: Gyarados\n|-damage|p2a: Gyarados|0 fnt\n|faint|p2a: Gyarados\n|\n|-heal|p1a: Houndstone|144/264|[from] item: Leftovers\n|upkeep\n|\n|t:|1782836519\n|switch|p2a: Jolteon|Jolteon, L84, F|246/246\n|-activate|p2a: Jolteon|move: Sticky Web\n|-unboost|p2a: Jolteon|spe|1\n|turn|41\n|\n|t:|1782836531\n|move|p2a: Jolteon|Substitute|p2a: Jolteon\n|-start|p2a: Jolteon|Substitute\n|-damage|p2a: Jolteon|185/246\n|move|p1a: Houndstone|Poltergeist|p2a: Jolteon\n|-activate|p2a: Jolteon|move: Poltergeist|Leftovers\n|-end|p2a: Jolteon|Substitute\n|\n|-heal|p2a: Jolteon|200/246|[from] item: Leftovers\n|-heal|p1a: Houndstone|160/264|[from] item: Leftovers\n|upkeep\n|turn|42\n|\n|t:|1782836552\n|move|p2a: Jolteon|Thunderbolt|p1a: Houndstone\n|-damage|p1a: Houndstone|21/264\n|move|p1a: Houndstone|Body Press|p2a: Jolteon\n|-damage|p2a: Jolteon|127/246\n|\n|-heal|p2a: Jolteon|142/246|[from] item: Leftovers\n|-heal|p1a: Houndstone|37/264|[from] item: Leftovers\n|upkeep\n|turn|43\n|\n|t:|1782836563\n|move|p2a: Jolteon|Thunderbolt|p1a: Houndstone\n|-damage|p1a: Houndstone|0 fnt\n|faint|p1a: Houndstone\n|\n|-heal|p2a: Jolteon|157/246|[from] item: Leftovers\n|upkeep\n|\n|t:|1782836570\n|switch|p1a: Kingdra|Kingdra, L84, M|263/263\n|-damage|p1a: Kingdra|198/263|[from] Spikes\n|-status|p1a: Kingdra|psn\n|turn|44\n|inactive|qwe888 has 30 seconds left.\n|\n|t:|1782836591\n|move|p1a: Kingdra|Wave Crash|p2a: Jolteon\n|-damage|p2a: Jolteon|0 fnt\n|faint|p2a: Jolteon\n|-damage|p1a: Kingdra|146/263 psn|[from] Recoil\n|-damage|p1a: Kingdra|120/263 psn|[from] item: Life Orb\n|\n|win|postmortia\n|raw|postmortia's rating: 1596 &rarr; <strong>1616</strong><br />(+20 for winning)\n|raw|qwe888's rating: 1593 &rarr; <strong>1573</strong><br />(-20 for losing)\n|l|\u2606qwe888\n|player|p2|\n|c|\u2606postmortia|VAMOSSSSSS\n", "inputlog": ">version f8ac14003a5f27e1bdc8d8c59608a773c1cb96e5\n>start {\"formatid\":\"gen9randombattle\",\"seed\":\"sodium,84049122b842243b5e0c9a39467a7cb3\",\"rated\":\"Rated battle\"}\n>player p1 {\"name\":\"postmortia\",\"avatar\":\"1\",\"rating\":1596,\"seed\":\"sodium,76e5eaa3bce1eabedb6f918369df1627\"}\n>player p2 {\"name\":\"qwe888\",\"avatar\":\"firebreather\",\"rating\":1593,\"seed\":\"sodium,a2c0f2b0d770d5ab72126adc56f8b126\"}\n>p1 move willowisp\n>p2 move leechseed\n>p1 switch 2\n>p2 move calmmind\n>p1 move dragontail\n>p2 move psyshock\n>p1 switch 6\n>p2 switch 6\n>p1 switch 2\n>p2 switch 5\n>p1 move willowisp\n>p2 move spikes\n>p1 switch 4\n>p2 move toxic\n>p1 move stickyweb\n>p2 move spikes\n>p1 switch 6\n>p2 move spikes\n>p1 move appleacid\n>p2 move toxic\n>p2 switch 5\n>p1 move dragontail\n>p2 move temperflare\n>p1 switch 4\n>p2 move toxicspikes\n>p1 move willowisp terastallize\n>p2 move toxicspikes\n>p1 switch 6\n>p2 switch 4\n>p1 move voltswitch\n>p2 move dragondance terastallize\n>p1 switch 6\n>p2 move temperflare\n>p1 move painsplit\n>p2 move earthquake\n>p1 switch 4\n>p1 move recover\n>p2 move temperflare\n>p1 move appleacid\n>p2 move waterfall\n>p1 move appleacid\n>p2 move earthquake\n>p1 move recover\n>p2 move earthquake\n>p1 move dragonpulse\n>p2 switch 4\n>p1 move dragonpulse\n>p2 move toxicspikes\n>p2 switch 6\n>p1 move recover\n>p2 move dracometeor\n>p1 move recover\n>p2 move lusterpurge\n>p1 switch 6\n>p2 move dracometeor\n>p1 switch 2\n>p1 move shiftgear\n>p2 switch 2\n>p1 move calmmind\n>p2 move leechseed\n>p1 move fleurcannon\n>p2 move leechseed\n>p1 move calmmind\n>p2 move gigadrain\n>p1 move calmmind\n>p2 move calmmind\n>p1 move flashcannon\n>p2 move psyshock\n>p1 switch 6\n>p2 move calmmind\n>p1 move dragontail\n>p2 move psyshock\n>p1 move recover\n>p2 move aurasphere\n>p1 switch 5\n>p1 move rest\n>p2 move dracometeor\n>p1 move sleeptalk\n>p2 move lusterpurge\n>p2 switch 2\n>p1 move sleeptalk\n>p2 move psyshock\n>p1 move poltergeist\n>p2 move leechseed\n>p2 switch 4\n>p1 move bodypress\n>p2 move waterfall\n>p2 switch 3\n>p1 move poltergeist\n>p2 move substitute\n>p1 move bodypress\n>p2 move thunderbolt\n>p1 move poltergeist\n>p2 move thunderbolt\n>p1 switch 3\n>p1 move wavecrash\n>p2 move thunderbolt", "uploadtime": 1782836605, "views": 10, "formatid": "gen9randombattle", "rating": 1573, "private": 0, "password": null, "player_dets": [{"name": "postmortia", "avatar": "1", "rating": 1596, "seed": "sodium,76e5eaa3bce1eabedb6f918369df1627"}, {"name": "qwe888", "avatar": "firebreather", "rating": 1593, "seed": "sodium,a2c0f2b0d770d5ab72126adc56f8b126"}], "teams_full": [{"Spiritomb": {"name": "Spiritomb", "species": "Spiritomb", "speciesId": "spiritomb", "gender": "M", "shiny": false, "level": 89, "moves": ["painsplit", "willowisp", "poltergeist", "foulplay"], "ability": "Infiltrator", "evs": {"hp": 85, "atk": 85, "def": 85, "spa": 85, "spd": 85, "spe": 85}, "ivs": {"hp": 31, "atk": 31, "def": 31, "spa": 31, "spd": 31, "spe": 31}, "item": "Leftovers", "teraType": "Poison", "role": "Bulky Support", "bvs": {"hp": 50, "atk": 92, "def": 108, "spa": 92, "spd": 108, "spe": 35}, "stats": {"hp": 234, "atk": 215, "def": 243, "spa": 215, "spd": 243, "spe": 113}, "types": ["Ghost", "Dark"]}, "Appletun": {"name": "Appletun", "species": "Appletun", "speciesId": "appletun", "gender": "F", "shiny": false, "level": 92, "moves": ["dragonpulse", "dragontail", "recover", "appleacid"], "ability": "Thick Fat", "evs": {"hp": 85, "atk": 85, "def": 85, "spa": 85, "spd": 85, "spe": 85}, "ivs": {"hp": 31, "atk": 31, "def": 31, "spa": 31, "spd": 31, "spe": 31}, "item": "Leftovers", "teraType": "Steel", "role": "Bulky Attacker", "bvs": {"hp": 110, "atk": 85, "def": 80, "spa": 100, "spd": 80, "spe": 30}, "stats": {"hp": 352, "atk": 209, "def": 200, "spa": 236, "spd": 200, "spe": 108}, "types": ["Grass", "Dragon"]}, "Kingdra": {"name": "Kingdra", "species": "Kingdra", "speciesId": "kingdra", "gender": "M", "shiny": false, "level": 84, "moves": ["hurricane", "raindance", "wavecrash", "dracometeor"], "ability": "Swift Swim", "evs": {"hp": 85, "atk": 85, "def": 85, "spa": 85, "spd": 85, "spe": 85}, "ivs": {"hp": 31, "atk": 31, "def": 31, "spa": 31, "spd": 31, "spe": 31}, "item": "Life Orb", "teraType": "Water", "role": "Fast Attacker", "bvs": {"hp": 75, "atk": 95, "def": 95, "spa": 95, "spd": 95, "spe": 85}, "stats": {"hp": 263, "atk": 208, "def": 208, "spa": 208, "spd": 208, "spe": 191}, "types": ["Water", "Dragon"]}, "Vikavolt": {"name": "Vikavolt", "species": "Vikavolt", "speciesId": "vikavolt", "gender": "F", "shiny": false, "level": 83, "moves": ["bugbuzz", "voltswitch", "stickyweb", "thunderbolt"], "ability": "Levitate", "evs": {"hp": 85, "atk": 0, "def": 85, "spa": 85, "spd": 85, "spe": 85}, "ivs": {"hp": 31, "atk": 0, "def": 31, "spa": 31, "spd": 31, "spe": 31}, "item": "Heavy-Duty Boots", "teraType": "Electric", "role": "Bulky Support", "bvs": {"hp": 77, "atk": 70, "def": 90, "spa": 145, "spd": 75, "spe": 43}, "stats": {"hp": 263, "atk": 121, "def": 197, "spa": 288, "spd": 172, "spe": 119}, "types": ["Bug", "Electric"]}, "Houndstone": {"name": "Houndstone", "species": "Houndstone", "speciesId": "houndstone", "gender": "M", "shiny": false, "level": 86, "moves": ["poltergeist", "bodypress", "rest", "sleeptalk"], "ability": "Fluffy", "evs": {"hp": 85, "atk": 85, "def": 85, "spa": 85, "spd": 85, "spe": 85}, "ivs": {"hp": 31, "atk": 31, "def": 31, "spa": 31, "spd": 31, "spe": 31}, "item": "Leftovers", "teraType": "Fighting", "role": "Bulky Support", "bvs": {"hp": 72, "atk": 101, "def": 100, "spa": 50, "spd": 97, "spe": 68}, "stats": {"hp": 264, "atk": 223, "def": 221, "spa": 135, "spd": 216, "spe": 166}, "types": ["Ghost"]}, "Magearna": {"name": "Magearna", "species": "Magearna-Original", "speciesId": "magearna", "gender": "N", "shiny": false, "level": 77, "moves": ["calmmind", "fleurcannon", "shiftgear", "flashcannon"], "ability": "Soul-Heart", "evs": {"hp": 85, "atk": 0, "def": 85, "spa": 85, "spd": 85, "spe": 85}, "ivs": {"hp": 31, "atk": 0, "def": 31, "spa": 31, "spd": 31, "spe": 31}, "item": "Leftovers", "teraType": "Flying", "role": "Bulky Setup", "bvs": {"hp": 80, "atk": 95, "def": 115, "spa": 130, "spd": 115, "spe": 65}, "stats": {"hp": 250, "atk": 151, "def": 222, "spa": 245, "spd": 222, "spe": 145}, "types": ["Steel", "Fairy"]}}, {"Calyrex": {"name": "Calyrex", "species": "Calyrex", "speciesId": "calyrex", "gender": "N", "shiny": false, "level": 93, "moves": ["calmmind", "psyshock", "leechseed", "gigadrain"], "ability": "Unnerve", "evs": {"hp": 85, "atk": 0, "def": 85, "spa": 85, "spd": 85, "spe": 85}, "ivs": {"hp": 31, "atk": 0, "def": 31, "spa": 31, "spd": 31, "spe": 31}, "item": "Leftovers", "teraType": "Steel", "role": "Bulky Setup", "bvs": {"hp": 100, "atk": 80, "def": 80, "spa": 80, "spd": 80, "spe": 80}, "stats": {"hp": 337, "atk": 153, "def": 202, "spa": 202, "spd": 202, "spe": 202}, "types": ["Psychic", "Grass"]}, "Latios": {"name": "Latios", "species": "Latios", "speciesId": "latios", "gender": "M", "shiny": false, "level": 78, "moves": ["dracometeor", "lusterpurge", "recover", "aurasphere"], "ability": "Levitate", "evs": {"hp": 85, "atk": 0, "def": 85, "spa": 85, "spd": 85, "spe": 85}, "ivs": {"hp": 31, "atk": 0, "def": 31, "spa": 31, "spd": 31, "spe": 31}, "item": "Soul Dew", "teraType": "Dragon", "role": "Bulky Attacker", "bvs": {"hp": 80, "atk": 90, "def": 80, "spa": 130, "spd": 110, "spe": 110}, "stats": {"hp": 253, "atk": 145, "def": 170, "spa": 248, "spd": 217, "spe": 217}, "types": ["Dragon", "Psychic"]}, "Jolteon": {"name": "Jolteon", "species": "Jolteon", "speciesId": "jolteon", "gender": "F", "shiny": false, "level": 84, "moves": ["calmmind", "thunderbolt", "terablast", "substitute"], "ability": "Volt Absorb", "evs": {"hp": 85, "atk": 0, "def": 85, "spa": 85, "spd": 85, "spe": 85}, "ivs": {"hp": 31, "atk": 0, "def": 31, "spa": 31, "spd": 31, "spe": 31}, "item": "Leftovers", "teraType": "Ice", "role": "Tera Blast user", "bvs": {"hp": 65, "atk": 65, "def": 60, "spa": 110, "spd": 95, "spe": 130}, "stats": {"hp": 246, "atk": 114, "def": 149, "spa": 233, "spd": 208, "spe": 267}, "types": ["Electric"]}, "Weezing": {"name": "Weezing", "species": "Weezing", "speciesId": "weezing", "gender": "M", "shiny": false, "level": 88, "moves": ["sludgebomb", "painsplit", "toxicspikes", "fireblast"], "ability": "Levitate", "evs": {"hp": 85, "atk": 0, "def": 85, "spa": 85, "spd": 85, "spe": 85}, "ivs": {"hp": 31, "atk": 0, "def": 31, "spa": 31, "spd": 31, "spe": 31}, "item": "Leftovers", "teraType": "Steel", "role": "Bulky Attacker", "bvs": {"hp": 65, "atk": 90, "def": 120, "spa": 85, "spd": 70, "spe": 60}, "stats": {"hp": 258, "atk": 163, "def": 261, "spa": 200, "spd": 173, "spe": 156}, "types": ["Poison"]}, "Quagsire": {"name": "Quagsire", "species": "Quagsire", "speciesId": "quagsire", "gender": "M", "shiny": false, "level": 84, "moves": ["spikes", "recover", "toxic", "earthquake"], "ability": "Unaware", "evs": {"hp": 85, "atk": 85, "def": 85, "spa": 85, "spd": 85, "spe": 85}, "ivs": {"hp": 31, "atk": 31, "def": 31, "spa": 31, "spd": 31, "spe": 31}, "item": "Leftovers", "teraType": "Poison", "role": "Bulky Support", "bvs": {"hp": 95, "atk": 85, "def": 85, "spa": 65, "spd": 65, "spe": 35}, "stats": {"hp": 297, "atk": 191, "def": 191, "spa": 157, "spd": 157, "spe": 107}, "types": ["Water", "Ground"]}, "Gyarados": {"name": "Gyarados", "species": "Gyarados", "speciesId": "gyarados", "gender": "F", "shiny": false, "level": 79, "moves": ["waterfall", "earthquake", "dragondance", "temperflare"], "ability": "Intimidate", "evs": {"hp": 85, "atk": 85, "def": 85, "spa": 85, "spd": 85, "spe": 85}, "ivs": {"hp": 31, "atk": 31, "def": 31, "spa": 31, "spd": 31, "spe": 31}, "item": "Heavy-Duty Boots", "teraType": "Ground", "role": "Setup Sweeper", "bvs": {"hp": 95, "atk": 125, "def": 79, "spa": 60, "spd": 100, "spe": 81}, "stats": {"hp": 280, "atk": 243, "def": 170, "spa": 140, "spd": 204, "spe": 174}, "types": ["Water", "Flying"]}}]}