{"id": "gen9randombattle-2642117851", "format": "[Gen 9] Random Battle", "players": ["jnpr010334", "tawny_owll"], "log": "|j|\u2606jnpr010334\n|j|\u2606tawny_owll\n|t:|1782893803\n|gametype|singles\n|player|p1|jnpr010334|265|1671\n|player|p2|tawny_owll|clerk|1617\n|gen|9\n|tier|[Gen 9] Random Battle\n|rated|\n|rule|Species Clause: Limit one of each Pok\u00e9mon\n|rule|HP Percentage Mod: HP is shown in percentages\n|rule|Sleep Clause Mod: Limit one foe put to sleep\n|rule|Illusion Level Mod: Illusion disguises the Pok\u00e9mon's true level\n|\n|t:|1782893803\n|teamsize|p1|6\n|teamsize|p2|6\n|start\n|switch|p1a: Lilligant|Lilligant, L86, F|261/261\n|switch|p2a: Vigoroth|Vigoroth, L85, F|275/275\n|turn|1\n|inactive|Battle timer is ON: inactive players will automatically lose when time's up. (requested by jnpr010334)\n|\n|t:|1782893811\n|move|p1a: Lilligant|Quiver Dance|p1a: Lilligant\n|-boost|p1a: Lilligant|spa|1\n|-boost|p1a: Lilligant|spd|1\n|-boost|p1a: Lilligant|spe|1\n|move|p2a: Vigoroth|Body Slam|p1a: Lilligant\n|-damage|p1a: Lilligant|170/261\n|-status|p1a: Lilligant|par\n|\n|upkeep\n|turn|2\n|\n|t:|1782893818\n|move|p2a: Vigoroth|Bulk Up|p2a: Vigoroth\n|-boost|p2a: Vigoroth|atk|1\n|-boost|p2a: Vigoroth|def|1\n|move|p1a: Lilligant|Petal Dance|p2a: Vigoroth\n|-damage|p2a: Vigoroth|6/275\n|-damage|p1a: Lilligant|144/261 par|[from] item: Life Orb\n|\n|upkeep\n|turn|3\n|\n|t:|1782893822\n|move|p2a: Vigoroth|Body Slam|p1a: Lilligant\n|-damage|p1a: Lilligant|12/261 par\n|move|p1a: Lilligant|Petal Dance|p2a: Vigoroth|[from] lockedmove\n|-damage|p2a: Vigoroth|0 fnt\n|faint|p2a: Vigoroth\n|-damage|p1a: Lilligant|0 fnt|[from] item: Life Orb\n|faint|p1a: Lilligant\n|\n|upkeep\n|\n|t:|1782893830\n|switch|p1a: Slaking|Slaking, L84, F|389/389\n|switch|p2a: Conkeldurr|Conkeldurr, L80, F|299/299\n|turn|4\n|\n|t:|1782893834\n|move|p1a: Slaking|Giga Impact|p2a: Conkeldurr|[miss]\n|-miss|p1a: Slaking|p2a: Conkeldurr\n|move|p2a: Conkeldurr|Knock Off|p1a: Slaking\n|-damage|p1a: Slaking|313/389\n|-enditem|p1a: Slaking|Choice Band|[from] move: Knock Off|[of] p2a: Conkeldurr\n|\n|-status|p2a: Conkeldurr|brn|[from] item: Flame Orb\n|upkeep\n|turn|5\n|\n|t:|1782893837\n|switch|p1a: Okidogi|Okidogi, L77, M|262/262\n|move|p2a: Conkeldurr|Close Combat|p1a: Okidogi\n|-resisted|p1a: Okidogi\n|-damage|p1a: Okidogi|151/262\n|-unboost|p2a: Conkeldurr|def|1\n|-unboost|p2a: Conkeldurr|spd|1\n|\n|-damage|p2a: Conkeldurr|281/299 brn|[from] brn\n|upkeep\n|turn|6\n|\n|t:|1782893844\n|switch|p2a: Copperajah|Copperajah, L86, M|349/349\n|move|p1a: Okidogi|Drain Punch|p2a: Copperajah\n|-supereffective|p2a: Copperajah\n|-damage|p2a: Copperajah|163/349\n|-heal|p1a: Okidogi|244/262|[from] drain|[of] p2a: Copperajah\n|\n|upkeep\n|turn|7\n|\n|t:|1782893851\n|switch|p2a: Spectrier|Spectrier, L75|274/274\n|move|p1a: Okidogi|Drain Punch|p2a: Spectrier\n|-immune|p2a: Spectrier\n|\n|upkeep\n|turn|8\n|\n|t:|1782893855\n|move|p2a: Spectrier|Nasty Plot|p2a: Spectrier\n|-boost|p2a: Spectrier|spa|2\n|move|p1a: Okidogi|Knock Off|p2a: Spectrier\n|-supereffective|p2a: Spectrier\n|-damage|p2a: Spectrier|46/274\n|-enditem|p2a: Spectrier|Leftovers|[from] move: Knock Off|[of] p1a: Okidogi\n|\n|upkeep\n|turn|9\n|\n|t:|1782893858\n|move|p2a: Spectrier|Shadow Ball|p1a: Okidogi\n|-damage|p1a: Okidogi|105/262\n|move|p1a: Okidogi|Knock Off|p2a: Spectrier\n|-supereffective|p2a: Spectrier\n|-damage|p2a: Spectrier|0 fnt\n|faint|p2a: Spectrier\n|\n|upkeep\n|\n|t:|1782893864\n|switch|p2a: Conkeldurr|Conkeldurr, L80, F|281/299 brn\n|turn|10\n|\n|t:|1782893868\n|move|p1a: Okidogi|Drain Punch|p2a: Conkeldurr\n|-damage|p2a: Conkeldurr|205/299 brn\n|-heal|p1a: Okidogi|143/262|[from] drain|[of] p2a: Conkeldurr\n|move|p2a: Conkeldurr|Facade|p1a: Okidogi\n|-damage|p1a: Okidogi|0 fnt\n|faint|p1a: Okidogi\n|\n|-damage|p2a: Conkeldurr|187/299 brn|[from] brn\n|upkeep\n|\n|t:|1782893872\n|switch|p1a: Flygon|Flygon, L82, M|265/265\n|turn|11\n|\n|t:|1782893875\n|-terastallize|p1a: Flygon|Ground\n|move|p1a: Flygon|Earthquake|p2a: Conkeldurr\n|-damage|p2a: Conkeldurr|63/299 brn\n|move|p2a: Conkeldurr|Facade|p1a: Flygon\n|-damage|p1a: Flygon|61/265\n|\n|-damage|p2a: Conkeldurr|45/299 brn|[from] brn\n|upkeep\n|turn|12\n|\n|t:|1782893878\n|move|p2a: Conkeldurr|Mach Punch|p1a: Flygon\n|-damage|p1a: Flygon|0 fnt\n|faint|p1a: Flygon\n|\n|-damage|p2a: Conkeldurr|27/299 brn|[from] brn\n|upkeep\n|\n|t:|1782893879\n|switch|p1a: Gogoat|Gogoat, L88, M|360/360\n|turn|13\n|\n|t:|1782893884\n|switch|p2a: Gogoat|Gogoat, L88, F|360/360\n|move|p1a: Gogoat|Bulk Up|p1a: Gogoat\n|-boost|p1a: Gogoat|atk|1\n|-boost|p1a: Gogoat|def|1\n|\n|upkeep\n|turn|14\n|\n|t:|1782893886\n|move|p1a: Gogoat|Bulk Up|p1a: Gogoat\n|-boost|p1a: Gogoat|atk|1\n|-boost|p1a: Gogoat|def|1\n|move|p2a: Gogoat|Bulk Up|p2a: Gogoat\n|-boost|p2a: Gogoat|atk|1\n|-boost|p2a: Gogoat|def|1\n|\n|upkeep\n|turn|15\n|\n|t:|1782893889\n|move|p1a: Gogoat|Bulk Up|p1a: Gogoat\n|-boost|p1a: Gogoat|atk|1\n|-boost|p1a: Gogoat|def|1\n|move|p2a: Gogoat|Bulk Up|p2a: Gogoat\n|-boost|p2a: Gogoat|atk|1\n|-boost|p2a: Gogoat|def|1\n|\n|upkeep\n|turn|16\n|\n|t:|1782893891\n|move|p2a: Gogoat|Bulk Up|p2a: Gogoat\n|-boost|p2a: Gogoat|atk|1\n|-boost|p2a: Gogoat|def|1\n|move|p1a: Gogoat|Bulk Up|p1a: Gogoat\n|-boost|p1a: Gogoat|atk|1\n|-boost|p1a: Gogoat|def|1\n|\n|upkeep\n|turn|17\n|\n|t:|1782893893\n|move|p2a: Gogoat|Bulk Up|p2a: Gogoat\n|-boost|p2a: Gogoat|atk|1\n|-boost|p2a: Gogoat|def|1\n|move|p1a: Gogoat|Bulk Up|p1a: Gogoat\n|-boost|p1a: Gogoat|atk|1\n|-boost|p1a: Gogoat|def|1\n|\n|upkeep\n|turn|18\n|\n|t:|1782893896\n|move|p2a: Gogoat|Bulk Up|p2a: Gogoat\n|-boost|p2a: Gogoat|atk|1\n|-boost|p2a: Gogoat|def|1\n|move|p1a: Gogoat|Horn Leech|p2a: Gogoat\n|-ability|p2a: Gogoat|Sap Sipper|boost\n|-boost|p2a: Gogoat|atk|1\n|\n|upkeep\n|turn|19\n|\n|t:|1782893901\n|move|p2a: Gogoat|Bulk Up|p2a: Gogoat\n|-boost|p2a: Gogoat|atk|0\n|-boost|p2a: Gogoat|def|1\n|move|p1a: Gogoat|Earthquake|p2a: Gogoat\n|-resisted|p2a: Gogoat\n|-damage|p2a: Gogoat|320/360\n|\n|-heal|p2a: Gogoat|342/360|[from] item: Leftovers\n|upkeep\n|turn|20\n|\n|t:|1782893909\n|move|p1a: Gogoat|Earthquake|p2a: Gogoat\n|-resisted|p2a: Gogoat\n|-damage|p2a: Gogoat|295/360\n|move|p2a: Gogoat|Bulk Up|p2a: Gogoat\n|-boost|p2a: Gogoat|atk|0\n|-boost|p2a: Gogoat|def|0\n|\n|-heal|p2a: Gogoat|317/360|[from] item: Leftovers\n|upkeep\n|turn|21\n|\n|t:|1782893912\n|move|p1a: Gogoat|Earthquake|p2a: Gogoat\n|-resisted|p2a: Gogoat\n|-damage|p2a: Gogoat|273/360\n|move|p2a: Gogoat|Bulk Up|p2a: Gogoat\n|-boost|p2a: Gogoat|atk|0\n|-boost|p2a: Gogoat|def|0\n|\n|-heal|p2a: Gogoat|295/360|[from] item: Leftovers\n|upkeep\n|turn|22\n|\n|t:|1782893916\n|move|p1a: Gogoat|Earthquake|p2a: Gogoat\n|-resisted|p2a: Gogoat\n|-damage|p2a: Gogoat|249/360\n|move|p2a: Gogoat|Earthquake|p1a: Gogoat\n|-resisted|p1a: Gogoat\n|-damage|p1a: Gogoat|302/360\n|\n|-heal|p2a: Gogoat|271/360|[from] item: Leftovers\n|-heal|p1a: Gogoat|324/360|[from] item: Leftovers\n|upkeep\n|turn|23\n|\n|t:|1782893921\n|move|p1a: Gogoat|Earthquake|p2a: Gogoat\n|-resisted|p2a: Gogoat\n|-damage|p2a: Gogoat|230/360\n|move|p2a: Gogoat|Earthquake|p1a: Gogoat\n|-resisted|p1a: Gogoat\n|-damage|p1a: Gogoat|269/360\n|\n|-heal|p2a: Gogoat|252/360|[from] item: Leftovers\n|-heal|p1a: Gogoat|291/360|[from] item: Leftovers\n|upkeep\n|turn|24\n|\n|t:|1782893925\n|move|p1a: Gogoat|Earthquake|p2a: Gogoat\n|-resisted|p2a: Gogoat\n|-damage|p2a: Gogoat|207/360\n|move|p2a: Gogoat|Bulk Up|p2a: Gogoat\n|-boost|p2a: Gogoat|atk|0\n|-boost|p2a: Gogoat|def|0\n|\n|-heal|p1a: Gogoat|313/360|[from] item: Leftovers\n|-heal|p2a: Gogoat|229/360|[from] item: Leftovers\n|upkeep\n|turn|25\n|\n|t:|1782893927\n|move|p2a: Gogoat|Bulk Up|p2a: Gogoat\n|-boost|p2a: Gogoat|atk|0\n|-boost|p2a: Gogoat|def|0\n|move|p1a: Gogoat|Earthquake|p2a: Gogoat\n|-resisted|p2a: Gogoat\n|-damage|p2a: Gogoat|184/360\n|\n|-heal|p2a: Gogoat|206/360|[from] item: Leftovers\n|-heal|p1a: Gogoat|335/360|[from] item: Leftovers\n|upkeep\n|turn|26\n|\n|t:|1782893931\n|move|p1a: Gogoat|Earthquake|p2a: Gogoat\n|-resisted|p2a: Gogoat\n|-damage|p2a: Gogoat|166/360\n|move|p2a: Gogoat|Bulk Up|p2a: Gogoat\n|-boost|p2a: Gogoat|atk|0\n|-boost|p2a: Gogoat|def|0\n|\n|-heal|p2a: Gogoat|188/360|[from] item: Leftovers\n|-heal|p1a: Gogoat|357/360|[from] item: Leftovers\n|upkeep\n|turn|27\n|\n|t:|1782893936\n|move|p2a: Gogoat|Bulk Up|p2a: Gogoat\n|-boost|p2a: Gogoat|atk|0\n|-boost|p2a: Gogoat|def|0\n|move|p1a: Gogoat|Earthquake|p2a: Gogoat\n|-resisted|p2a: Gogoat\n|-damage|p2a: Gogoat|149/360\n|\n|-heal|p2a: Gogoat|171/360|[from] item: Leftovers\n|-heal|p1a: Gogoat|360/360|[from] item: Leftovers\n|upkeep\n|turn|28\n|\n|t:|1782893941\n|move|p2a: Gogoat|Bulk Up|p2a: Gogoat\n|-boost|p2a: Gogoat|atk|0\n|-boost|p2a: Gogoat|def|0\n|move|p1a: Gogoat|Earthquake|p2a: Gogoat\n|-resisted|p2a: Gogoat\n|-damage|p2a: Gogoat|132/360\n|\n|-heal|p2a: Gogoat|154/360|[from] item: Leftovers\n|upkeep\n|turn|29\n|\n|t:|1782893944\n|move|p2a: Gogoat|Bulk Up|p2a: Gogoat\n|-boost|p2a: Gogoat|atk|0\n|-boost|p2a: Gogoat|def|0\n|move|p1a: Gogoat|Earthquake|p2a: Gogoat\n|-resisted|p2a: Gogoat\n|-damage|p2a: Gogoat|109/360\n|\n|-heal|p2a: Gogoat|131/360|[from] item: Leftovers\n|upkeep\n|turn|30\n|\n|t:|1782893949\n|move|p2a: Gogoat|Bulk Up|p2a: Gogoat\n|-boost|p2a: Gogoat|atk|0\n|-boost|p2a: Gogoat|def|0\n|move|p1a: Gogoat|Earthquake|p2a: Gogoat\n|-resisted|p2a: Gogoat\n|-damage|p2a: Gogoat|89/360\n|\n|-heal|p2a: Gogoat|111/360|[from] item: Leftovers\n|upkeep\n|turn|31\n|\n|t:|1782893953\n|move|p2a: Gogoat|Bulk Up|p2a: Gogoat\n|-boost|p2a: Gogoat|atk|0\n|-boost|p2a: Gogoat|def|0\n|move|p1a: Gogoat|Earthquake|p2a: Gogoat\n|-resisted|p2a: Gogoat\n|-damage|p2a: Gogoat|68/360\n|\n|-heal|p2a: Gogoat|90/360|[from] item: Leftovers\n|upkeep\n|turn|32\n|\n|t:|1782893956\n|move|p1a: Gogoat|Earthquake|p2a: Gogoat\n|-resisted|p2a: Gogoat\n|-damage|p2a: Gogoat|51/360\n|move|p2a: Gogoat|Milk Drink|p2a: Gogoat\n|-heal|p2a: Gogoat|231/360\n|\n|-heal|p2a: Gogoat|253/360|[from] item: Leftovers\n|upkeep\n|turn|33\n|\n|t:|1782893959\n|move|p1a: Gogoat|Earthquake|p2a: Gogoat\n|-resisted|p2a: Gogoat\n|-damage|p2a: Gogoat|213/360\n|move|p2a: Gogoat|Bulk Up|p2a: Gogoat\n|-boost|p2a: Gogoat|atk|0\n|-boost|p2a: Gogoat|def|0\n|\n|-heal|p2a: Gogoat|235/360|[from] item: Leftovers\n|upkeep\n|turn|34\n|\n|t:|1782893962\n|move|p1a: Gogoat|Earthquake|p2a: Gogoat\n|-resisted|p2a: Gogoat\n|-damage|p2a: Gogoat|194/360\n|move|p2a: Gogoat|Bulk Up|p2a: Gogoat\n|-boost|p2a: Gogoat|atk|0\n|-boost|p2a: Gogoat|def|0\n|\n|-heal|p2a: Gogoat|216/360|[from] item: Leftovers\n|upkeep\n|turn|35\n|\n|t:|1782893967\n|move|p1a: Gogoat|Bulk Up|p1a: Gogoat\n|-boost|p1a: Gogoat|atk|1\n|-boost|p1a: Gogoat|def|1\n|move|p2a: Gogoat|Milk Drink|p2a: Gogoat\n|-heal|p2a: Gogoat|360/360\n|\n|upkeep\n|turn|36\n|\n|t:|1782893988\n|move|p2a: Gogoat|Bulk Up|p2a: Gogoat\n|-boost|p2a: Gogoat|atk|0\n|-boost|p2a: Gogoat|def|0\n|move|p1a: Gogoat|Horn Leech|p2a: Gogoat\n|-immune|p2a: Gogoat|[from] ability: Sap Sipper\n|\n|upkeep\n|turn|37\n|\n|t:|1782893991\n|move|p1a: Gogoat|Horn Leech|p2a: Gogoat\n|-immune|p2a: Gogoat|[from] ability: Sap Sipper\n|move|p2a: Gogoat|Earthquake|p1a: Gogoat\n|-resisted|p1a: Gogoat\n|-damage|p1a: Gogoat|310/360\n|\n|-heal|p1a: Gogoat|332/360|[from] item: Leftovers\n|upkeep\n|turn|38\n|\n|t:|1782893994\n|move|p2a: Gogoat|Earthquake|p1a: Gogoat\n|-resisted|p1a: Gogoat\n|-damage|p1a: Gogoat|286/360\n|move|p1a: Gogoat|Horn Leech|p2a: Gogoat\n|-immune|p2a: Gogoat|[from] ability: Sap Sipper\n|\n|-heal|p1a: Gogoat|308/360|[from] item: Leftovers\n|upkeep\n|turn|39\n|\n|t:|1782893997\n|move|p2a: Gogoat|Horn Leech|p1a: Gogoat\n|-immune|p1a: Gogoat|[from] ability: Sap Sipper\n|move|p1a: Gogoat|Milk Drink|p1a: Gogoat\n|-heal|p1a: Gogoat|360/360\n|\n|upkeep\n|turn|40\n|\n|t:|1782894004\n|move|p2a: Gogoat|Horn Leech|p1a: Gogoat\n|-immune|p1a: Gogoat|[from] ability: Sap Sipper\n|move|p1a: Gogoat|Horn Leech|p2a: Gogoat\n|-immune|p2a: Gogoat|[from] ability: Sap Sipper\n|\n|upkeep\n|turn|41\n|\n|t:|1782894009\n|move|p1a: Gogoat|Horn Leech|p2a: Gogoat\n|-immune|p2a: Gogoat|[from] ability: Sap Sipper\n|move|p2a: Gogoat|Horn Leech|p1a: Gogoat\n|-immune|p1a: Gogoat|[from] ability: Sap Sipper\n|\n|upkeep\n|turn|42\n|\n|t:|1782894013\n|move|p1a: Gogoat|Horn Leech|p2a: Gogoat\n|-immune|p2a: Gogoat|[from] ability: Sap Sipper\n|move|p2a: Gogoat|Bulk Up|p2a: Gogoat\n|-boost|p2a: Gogoat|atk|0\n|-boost|p2a: Gogoat|def|0\n|\n|upkeep\n|turn|43\n|\n|t:|1782894017\n|move|p2a: Gogoat|Horn Leech|p1a: Gogoat\n|-immune|p1a: Gogoat|[from] ability: Sap Sipper\n|move|p1a: Gogoat|Horn Leech|p2a: Gogoat\n|-immune|p2a: Gogoat|[from] ability: Sap Sipper\n|\n|upkeep\n|turn|44\n|\n|t:|1782894021\n|move|p2a: Gogoat|Bulk Up|p2a: Gogoat\n|-boost|p2a: Gogoat|atk|0\n|-boost|p2a: Gogoat|def|0\n|move|p1a: Gogoat|Horn Leech|p2a: Gogoat\n|-immune|p2a: Gogoat|[from] ability: Sap Sipper\n|\n|upkeep\n|turn|45\n|\n|t:|1782894024\n|move|p1a: Gogoat|Horn Leech|p2a: Gogoat\n|-immune|p2a: Gogoat|[from] ability: Sap Sipper\n|move|p2a: Gogoat|Horn Leech|p1a: Gogoat\n|-immune|p1a: Gogoat|[from] ability: Sap Sipper\n|\n|upkeep\n|turn|46\n|\n|t:|1782894035\n|move|p1a: Gogoat|Horn Leech|p2a: Gogoat\n|-immune|p2a: Gogoat|[from] ability: Sap Sipper\n|move|p2a: Gogoat|Bulk Up|p2a: Gogoat\n|-boost|p2a: Gogoat|atk|0\n|-boost|p2a: Gogoat|def|0\n|\n|upkeep\n|turn|47\n|\n|t:|1782894041\n|move|p2a: Gogoat|Bulk Up|p2a: Gogoat\n|-boost|p2a: Gogoat|atk|0\n|-boost|p2a: Gogoat|def|0\n|move|p1a: Gogoat|Horn Leech|p2a: Gogoat\n|-immune|p2a: Gogoat|[from] ability: Sap Sipper\n|\n|upkeep\n|turn|48\n|\n|t:|1782894044\n|move|p1a: Gogoat|Horn Leech|p2a: Gogoat\n|-immune|p2a: Gogoat|[from] ability: Sap Sipper\n|move|p2a: Gogoat|Bulk Up|p2a: Gogoat\n|-boost|p2a: Gogoat|atk|0\n|-boost|p2a: Gogoat|def|0\n|\n|upkeep\n|turn|49\n|\n|t:|1782894049\n|move|p1a: Gogoat|Horn Leech|p2a: Gogoat\n|-immune|p2a: Gogoat|[from] ability: Sap Sipper\n|move|p2a: Gogoat|Bulk Up|p2a: Gogoat\n|-boost|p2a: Gogoat|atk|0\n|-boost|p2a: Gogoat|def|0\n|\n|upkeep\n|turn|50\n|\n|t:|1782894053\n|move|p2a: Gogoat|Bulk Up|p2a: Gogoat\n|-boost|p2a: Gogoat|atk|0\n|-boost|p2a: Gogoat|def|0\n|move|p1a: Gogoat|Horn Leech|p2a: Gogoat\n|-immune|p2a: Gogoat|[from] ability: Sap Sipper\n|\n|upkeep\n|turn|51\n|\n|t:|1782894058\n|move|p2a: Gogoat|Bulk Up|p2a: Gogoat\n|-boost|p2a: Gogoat|atk|0\n|-boost|p2a: Gogoat|def|0\n|move|p1a: Gogoat|Horn Leech|p2a: Gogoat\n|-immune|p2a: Gogoat|[from] ability: Sap Sipper\n|\n|upkeep\n|turn|52\n|\n|t:|1782894066\n|move|p2a: Gogoat|Earthquake|p1a: Gogoat\n|-resisted|p1a: Gogoat\n|-damage|p1a: Gogoat|312/360\n|move|p1a: Gogoat|Bulk Up|p1a: Gogoat\n|-boost|p1a: Gogoat|atk|0\n|-boost|p1a: Gogoat|def|0\n|\n|-heal|p1a: Gogoat|334/360|[from] item: Leftovers\n|upkeep\n|turn|53\n|\n|t:|1782894074\n|move|p1a: Gogoat|Milk Drink|p1a: Gogoat\n|-heal|p1a: Gogoat|360/360\n|move|p2a: Gogoat|Earthquake|p1a: Gogoat\n|-resisted|p1a: Gogoat\n|-damage|p1a: Gogoat|314/360\n|\n|-heal|p1a: Gogoat|336/360|[from] item: Leftovers\n|upkeep\n|turn|54\n|\n|t:|1782894080\n|move|p2a: Gogoat|Horn Leech|p1a: Gogoat\n|-immune|p1a: Gogoat|[from] ability: Sap Sipper\n|move|p1a: Gogoat|Milk Drink|p1a: Gogoat\n|-heal|p1a: Gogoat|360/360\n|\n|upkeep\n|turn|55\n|\n|t:|1782894083\n|move|p2a: Gogoat|Earthquake|p1a: Gogoat\n|-resisted|p1a: Gogoat\n|-damage|p1a: Gogoat|308/360\n|move|p1a: Gogoat|Milk Drink|p1a: Gogoat\n|-heal|p1a: Gogoat|360/360\n|\n|upkeep\n|turn|56\n|\n|t:|1782894089\n|move|p2a: Gogoat|Earthquake|p1a: Gogoat\n|-resisted|p1a: Gogoat\n|-damage|p1a: Gogoat|308/360\n|move|p1a: Gogoat|Milk Drink|p1a: Gogoat\n|-heal|p1a: Gogoat|360/360\n|\n|upkeep\n|turn|57\n|\n|t:|1782894092\n|move|p1a: Gogoat|Milk Drink||[still]\n|-fail|p1a: Gogoat|heal\n|move|p2a: Gogoat|Earthquake|p1a: Gogoat\n|-resisted|p1a: Gogoat\n|-damage|p1a: Gogoat|311/360\n|\n|-heal|p1a: Gogoat|333/360|[from] item: Leftovers\n|upkeep\n|turn|58\n|\n|t:|1782894095\n|move|p2a: Gogoat|Horn Leech|p1a: Gogoat\n|-immune|p1a: Gogoat|[from] ability: Sap Sipper\n|move|p1a: Gogoat|Milk Drink|p1a: Gogoat\n|-heal|p1a: Gogoat|360/360\n|\n|upkeep\n|turn|59\n|\n|t:|1782894099\n|move|p2a: Gogoat|Horn Leech|p1a: Gogoat\n|-immune|p1a: Gogoat|[from] ability: Sap Sipper\n|move|p1a: Gogoat|Milk Drink||[still]\n|-fail|p1a: Gogoat|heal\n|\n|upkeep\n|turn|60\n|\n|t:|1782894105\n|move|p1a: Gogoat|Bulk Up|p1a: Gogoat\n|-boost|p1a: Gogoat|atk|0\n|-boost|p1a: Gogoat|def|0\n|move|p2a: Gogoat|Bulk Up|p2a: Gogoat\n|-boost|p2a: Gogoat|atk|0\n|-boost|p2a: Gogoat|def|0\n|\n|upkeep\n|turn|61\n|\n|t:|1782894109\n|move|p1a: Gogoat|Bulk Up|p1a: Gogoat\n|-boost|p1a: Gogoat|atk|0\n|-boost|p1a: Gogoat|def|0\n|move|p2a: Gogoat|Bulk Up|p2a: Gogoat\n|-boost|p2a: Gogoat|atk|0\n|-boost|p2a: Gogoat|def|0\n|\n|upkeep\n|turn|62\n|\n|t:|1782894119\n|-terastallize|p2a: Gogoat|Ground\n|move|p1a: Gogoat|Bulk Up|p1a: Gogoat\n|-boost|p1a: Gogoat|atk|0\n|-boost|p1a: Gogoat|def|0\n|move|p2a: Gogoat|Earthquake|p1a: Gogoat\n|-resisted|p1a: Gogoat\n|-damage|p1a: Gogoat|288/360\n|\n|-heal|p1a: Gogoat|310/360|[from] item: Leftovers\n|upkeep\n|turn|63\n|\n|t:|1782894121\n|move|p1a: Gogoat|Bulk Up|p1a: Gogoat\n|-boost|p1a: Gogoat|atk|0\n|-boost|p1a: Gogoat|def|0\n|move|p2a: Gogoat|Earthquake|p1a: Gogoat\n|-resisted|p1a: Gogoat\n|-damage|p1a: Gogoat|235/360\n|\n|-heal|p1a: Gogoat|257/360|[from] item: Leftovers\n|upkeep\n|turn|64\n|\n|t:|1782894127\n|move|p2a: Gogoat|Earthquake|p1a: Gogoat\n|-resisted|p1a: Gogoat\n|-damage|p1a: Gogoat|188/360\n|move|p1a: Gogoat|Bulk Up|p1a: Gogoat\n|-boost|p1a: Gogoat|atk|0\n|-boost|p1a: Gogoat|def|0\n|\n|-heal|p1a: Gogoat|210/360|[from] item: Leftovers\n|upkeep\n|turn|65\n|\n|t:|1782894130\n|move|p1a: Gogoat|Bulk Up|p1a: Gogoat\n|-boost|p1a: Gogoat|atk|0\n|-boost|p1a: Gogoat|def|0\n|move|p2a: Gogoat|Earthquake|p1a: Gogoat\n|-resisted|p1a: Gogoat\n|-damage|p1a: Gogoat|140/360\n|\n|-heal|p1a: Gogoat|162/360|[from] item: Leftovers\n|upkeep\n|turn|66\n|\n|t:|1782894133\n|move|p2a: Gogoat|Earthquake|p1a: Gogoat\n|-resisted|p1a: Gogoat\n|-damage|p1a: Gogoat|86/360\n|move|p1a: Gogoat|Bulk Up|p1a: Gogoat\n|-boost|p1a: Gogoat|atk|0\n|-boost|p1a: Gogoat|def|0\n|\n|-heal|p1a: Gogoat|108/360|[from] item: Leftovers\n|upkeep\n|turn|67\n|\n|t:|1782894137\n|move|p1a: Gogoat|Bulk Up|p1a: Gogoat\n|-boost|p1a: Gogoat|atk|0\n|-boost|p1a: Gogoat|def|0\n|move|p2a: Gogoat|Earthquake|p1a: Gogoat\n|-resisted|p1a: Gogoat\n|-damage|p1a: Gogoat|33/360\n|\n|-heal|p1a: Gogoat|55/360|[from] item: Leftovers\n|upkeep\n|turn|68\n|\n|t:|1782894139\n|move|p1a: Gogoat|Bulk Up|p1a: Gogoat\n|-boost|p1a: Gogoat|atk|0\n|-boost|p1a: Gogoat|def|0\n|move|p2a: Gogoat|Earthquake|p1a: Gogoat\n|-resisted|p1a: Gogoat\n|-damage|p1a: Gogoat|0 fnt\n|faint|p1a: Gogoat\n|\n|upkeep\n|\n|t:|1782894142\n|switch|p1a: Slaking|Slaking, L84, F|313/389\n|turn|69\n|\n|t:|1782894145\n|move|p1a: Slaking|Giga Impact|p2a: Gogoat\n|-damage|p2a: Gogoat|282/360\n|-mustrecharge|p1a: Slaking\n|move|p2a: Gogoat|Horn Leech|p1a: Slaking\n|-crit|p1a: Slaking\n|-damage|p1a: Slaking|0 fnt\n|-heal|p2a: Gogoat|360/360|[from] drain|[of] p1a: Slaking\n|faint|p1a: Slaking\n|\n|upkeep\n|\n|t:|1782894147\n|switch|p1a: Beartic|Beartic, L91, M|321/321\n|turn|70\n|\n|t:|1782894150\n|move|p2a: Gogoat|Milk Drink||[still]\n|-fail|p2a: Gogoat|heal\n|move|p1a: Beartic|Icicle Crash|p2a: Gogoat\n|-supereffective|p2a: Gogoat\n|-damage|p2a: Gogoat|276/360\n|\n|-heal|p2a: Gogoat|298/360|[from] item: Leftovers\n|upkeep\n|turn|71\n|c|\u2606tawny_owll|Great strategy lmao\n|\n|t:|1782894165\n|move|p2a: Gogoat|Horn Leech|p1a: Beartic\n|-damage|p1a: Beartic|0 fnt\n|-heal|p2a: Gogoat|360/360|[from] drain|[of] p1a: Beartic\n|faint|p1a: Beartic\n|\n|win|tawny_owll\n|raw|jnpr010334's rating: 1701 &rarr; <strong>1676</strong><br />(-25 for losing)\n|raw|tawny_owll's rating: 1617 &rarr; <strong>1642</strong><br />(+25 for winning)\n", "inputlog": ">version f8ac14003a5f27e1bdc8d8c59608a773c1cb96e5\n>start {\"formatid\":\"gen9randombattle\",\"seed\":\"sodium,72ac0d1f56e3f8944d9dc4f3e19d3f65\",\"rated\":\"Rated battle\"}\n>player p1 {\"name\":\"jnpr010334\",\"avatar\":\"265\",\"rating\":1671,\"seed\":\"sodium,712e134d55430f59b485097179e7ec62\"}\n>player p2 {\"name\":\"tawny_owll\",\"avatar\":\"clerk\",\"rating\":1617,\"seed\":\"sodium,e6549acac7210b910809e75ac3298fbf\"}\n>p1 move quiverdance\n>p2 move bodyslam\n>p1 move petaldance\n>p2 move bulkup\n>p1 move petaldance\n>p2 move bodyslam\n>p1 switch 3\n>p2 switch 3\n>p1 move gigaimpact\n>p2 move knockoff\n>p1 switch 6\n>p2 move closecombat\n>p1 move drainpunch\n>p2 switch 4\n>p1 move drainpunch\n>p2 switch 2\n>p1 move knockoff\n>p2 move nastyplot\n>p1 move knockoff\n>p2 move shadowball\n>p2 switch 4\n>p1 move drainpunch\n>p2 move facade\n>p1 switch 5\n>p1 move earthquake terastallize\n>p2 move facade\n>p1 move earthquake\n>p2 move machpunch\n>p1 switch 2\n>p1 move bulkup\n>p2 switch 6\n>p1 move bulkup\n>p2 move bulkup\n>p1 move bulkup\n>p2 move bulkup\n>p1 move bulkup\n>p2 move bulkup\n>p1 move bulkup\n>p2 move bulkup\n>p1 move hornleech\n>p2 move bulkup\n>p1 move earthquake\n>p2 move bulkup\n>p1 move earthquake\n>p2 move bulkup\n>p1 move earthquake\n>p2 move bulkup\n>p1 move earthquake\n>p2 move earthquake\n>p1 move earthquake\n>p2 move earthquake\n>p1 move earthquake\n>p2 move bulkup\n>p1 move earthquake\n>p2 move bulkup\n>p1 move earthquake\n>p2 move bulkup\n>p1 move earthquake\n>p2 move bulkup\n>p1 move earthquake\n>p2 move bulkup\n>p1 move earthquake\n>p2 move bulkup\n>p1 move earthquake\n>p2 move bulkup\n>p1 move earthquake\n>p2 move bulkup\n>p1 move earthquake\n>p2 move milkdrink\n>p1 move earthquake\n>p2 move bulkup\n>p1 move earthquake\n>p2 move bulkup\n>p1 move bulkup\n>p2 move milkdrink\n>p1 move hornleech\n>p2 move bulkup\n>p1 move hornleech\n>p2 move earthquake\n>p1 move hornleech\n>p2 move earthquake\n>p1 move milkdrink\n>p2 move hornleech\n>p1 move hornleech\n>p2 move hornleech\n>p1 move hornleech\n>p2 move hornleech\n>p1 move hornleech\n>p2 move bulkup\n>p1 move hornleech\n>p2 move hornleech\n>p1 move hornleech\n>p2 move bulkup\n>p1 move hornleech\n>p2 move hornleech\n>p1 move hornleech\n>p2 move bulkup\n>p1 move hornleech\n>p2 move bulkup\n>p1 move hornleech\n>p2 move bulkup\n>p1 move hornleech\n>p2 move bulkup\n>p1 move hornleech\n>p2 move bulkup\n>p1 move hornleech\n>p2 move bulkup\n>p1 move bulkup\n>p2 move earthquake\n>p1 move milkdrink\n>p2 move earthquake\n>p1 move milkdrink\n>p2 move hornleech\n>p1 move milkdrink\n>p2 move earthquake\n>p1 move milkdrink\n>p2 move earthquake\n>p1 move milkdrink\n>p2 move earthquake\n>p1 move milkdrink\n>p2 move hornleech\n>p1 move milkdrink\n>p2 move hornleech\n>p1 move bulkup\n>p2 move bulkup\n>p1 move bulkup\n>p2 move bulkup\n>p1 move bulkup\n>p2 move earthquake terastallize\n>p1 move bulkup\n>p2 move earthquake\n>p1 move bulkup\n>p2 move earthquake\n>p1 move bulkup\n>p2 move earthquake\n>p1 move bulkup\n>p2 move earthquake\n>p1 move bulkup\n>p2 move earthquake\n>p1 move bulkup\n>p2 move earthquake\n>p1 switch 6\n>p1 move gigaimpact\n>p2 move hornleech\n>p1 switch 4\n>p1 move iciclecrash\n>p2 move milkdrink\n>chat \u2606tawny_owll|Great strategy lmao\n>p1 move iciclecrash\n>p2 move hornleech", "uploadtime": 1782894165, "views": 2, "formatid": "gen9randombattle", "rating": 1642, "private": 0, "password": null, "player_dets": [{"name": "jnpr010334", "avatar": "265", "rating": 1671, "seed": "sodium,712e134d55430f59b485097179e7ec62"}, {"name": "tawny_owll", "avatar": "clerk", "rating": 1617, "seed": "sodium,e6549acac7210b910809e75ac3298fbf"}], "teams_full": [{"Lilligant": {"name": "Lilligant", "species": "Lilligant", "speciesId": "lilligant", "gender": "F", "shiny": false, "level": 86, "moves": ["quiverdance", "sleeppowder", "petaldance", "alluringvoice"], "ability": "Own Tempo", "evs": {"hp": 85, "atk": 0, "def": 85, "spa": 85, "spd": 85, "spe": 85}, "ivs": {"hp": 31, "atk": 0, "def": 31, "spa": 31, "spd": 31, "spe": 31}, "item": "Life Orb", "teraType": "Grass", "role": "Setup Sweeper", "bvs": {"hp": 70, "atk": 60, "def": 75, "spa": 110, "spd": 75, "spe": 90}, "stats": {"hp": 261, "atk": 108, "def": 178, "spa": 238, "spd": 178, "spe": 204}, "types": ["Grass"]}, "Gogoat": {"name": "Gogoat", "species": "Gogoat", "speciesId": "gogoat", "gender": "M", "shiny": false, "level": 88, "moves": ["bulkup", "hornleech", "earthquake", "milkdrink"], "ability": "Sap Sipper", "evs": {"hp": 85, "atk": 85, "def": 85, "spa": 85, "spd": 85, "spe": 85}, "ivs": {"hp": 31, "atk": 31, "def": 31, "spa": 31, "spd": 31, "spe": 31}, "item": "Leftovers", "teraType": "Ground", "role": "Bulky Setup", "bvs": {"hp": 123, "atk": 100, "def": 62, "spa": 97, "spd": 81, "spe": 68}, "stats": {"hp": 360, "atk": 226, "def": 159, "spa": 221, "spd": 193, "spe": 170}, "types": ["Grass"]}, "Slaking": {"name": "Slaking", "species": "Slaking", "speciesId": "slaking", "gender": "F", "shiny": false, "level": 84, "moves": ["doubleedge", "knockoff", "earthquake", "gigaimpact"], "ability": "Truant", "evs": {"hp": 85, "atk": 85, "def": 85, "spa": 85, "spd": 85, "spe": 85}, "ivs": {"hp": 31, "atk": 31, "def": 31, "spa": 31, "spd": 31, "spe": 31}, "item": "Choice Band", "teraType": "Ground", "role": "Wallbreaker", "bvs": {"hp": 150, "atk": 160, "def": 100, "spa": 95, "spd": 65, "spe": 100}, "stats": {"hp": 389, "atk": 317, "def": 216, "spa": 208, "spd": 157, "spe": 216}, "types": ["Normal"]}, "Beartic": {"name": "Beartic", "species": "Beartic", "speciesId": "beartic", "gender": "M", "shiny": false, "level": 91, "moves": ["snowscape", "closecombat", "iciclecrash", "earthquake"], "ability": "Slush Rush", "evs": {"hp": 85, "atk": 85, "def": 85, "spa": 85, "spd": 85, "spe": 85}, "ivs": {"hp": 31, "atk": 31, "def": 31, "spa": 31, "spd": 31, "spe": 31}, "item": "Heavy-Duty Boots", "teraType": "Ground", "role": "Wallbreaker", "bvs": {"hp": 95, "atk": 130, "def": 80, "spa": 70, "spd": 80, "spe": 50}, "stats": {"hp": 321, "atk": 288, "def": 197, "spa": 179, "spd": 197, "spe": 143}, "types": ["Ice"]}, "Flygon": {"name": "Flygon", "species": "Flygon", "speciesId": "flygon", "gender": "M", "shiny": false, "level": 82, "moves": ["stoneedge", "dragondance", "earthquake", "outrage"], "ability": "Levitate", "evs": {"hp": 85, "atk": 85, "def": 85, "spa": 85, "spd": 85, "spe": 85}, "ivs": {"hp": 31, "atk": 31, "def": 31, "spa": 31, "spd": 31, "spe": 31}, "item": "Lum Berry", "teraType": "Ground", "role": "Fast Attacker", "bvs": {"hp": 80, "atk": 100, "def": 80, "spa": 80, "spd": 80, "spe": 100}, "stats": {"hp": 265, "atk": 211, "def": 178, "spa": 178, "spd": 178, "spe": 211}, "types": ["Ground", "Dragon"]}, "Okidogi": {"name": "Okidogi", "species": "Okidogi", "speciesId": "okidogi", "gender": "M", "shiny": false, "level": 77, "moves": ["drainpunch", "highhorsepower", "gunkshot", "knockoff"], "ability": "Toxic Chain", "evs": {"hp": 85, "atk": 85, "def": 85, "spa": 85, "spd": 85, "spe": 85}, "ivs": {"hp": 31, "atk": 31, "def": 31, "spa": 31, "spd": 31, "spe": 31}, "item": "Assault Vest", "teraType": "Dark", "role": "AV Pivot", "bvs": {"hp": 88, "atk": 128, "def": 115, "spa": 58, "spd": 86, "spe": 80}, "stats": {"hp": 262, "atk": 242, "def": 222, "spa": 134, "spd": 177, "spe": 168}, "types": ["Poison", "Fighting"]}}, {"Vigoroth": {"name": "Vigoroth", "species": "Vigoroth", "speciesId": "vigoroth", "gender": "F", "shiny": false, "level": 85, "moves": ["slackoff", "bulkup", "bodyslam", "earthquake"], "ability": "Vital Spirit", "evs": {"hp": 85, "atk": 85, "def": 85, "spa": 85, "spd": 85, "spe": 85}, "ivs": {"hp": 31, "atk": 31, "def": 31, "spa": 31, "spd": 31, "spe": 31}, "item": "Eviolite", "teraType": "Ground", "role": "Bulky Attacker", "bvs": {"hp": 80, "atk": 80, "def": 80, "spa": 55, "spd": 55, "spe": 90}, "stats": {"hp": 275, "atk": 185, "def": 185, "spa": 142, "spd": 142, "spe": 202}, "types": ["Normal"]}, "Spectrier": {"name": "Spectrier", "species": "Spectrier", "speciesId": "spectrier", "gender": "N", "shiny": false, "level": 75, "moves": ["terablast", "shadowball", "substitute", "nastyplot"], "ability": "Grim Neigh", "evs": {"hp": 85, "atk": 0, "def": 85, "spa": 85, "spd": 85, "spe": 85}, "ivs": {"hp": 31, "atk": 0, "def": 31, "spa": 31, "spd": 31, "spe": 31}, "item": "Leftovers", "teraType": "Fighting", "role": "Tera Blast user", "bvs": {"hp": 100, "atk": 65, "def": 60, "spa": 145, "spd": 80, "spe": 130}, "stats": {"hp": 274, "atk": 102, "def": 134, "spa": 261, "spd": 164, "spe": 239}, "types": ["Ghost"]}, "Conkeldurr": {"name": "Conkeldurr", "species": "Conkeldurr", "speciesId": "conkeldurr", "gender": "F", "shiny": false, "level": 80, "moves": ["closecombat", "knockoff", "facade", "machpunch"], "ability": "Guts", "evs": {"hp": 85, "atk": 85, "def": 85, "spa": 85, "spd": 85, "spe": 85}, "ivs": {"hp": 31, "atk": 31, "def": 31, "spa": 31, "spd": 31, "spe": 31}, "item": "Flame Orb", "teraType": "Normal", "role": "Wallbreaker", "bvs": {"hp": 105, "atk": 140, "def": 95, "spa": 55, "spd": 65, "spe": 45}, "stats": {"hp": 299, "atk": 270, "def": 198, "spa": 134, "spd": 150, "spe": 118}, "types": ["Fighting"]}, "Copperajah": {"name": "Copperajah", "species": "Copperajah", "speciesId": "copperajah", "gender": "M", "shiny": false, "level": 86, "moves": ["supercellslam", "heavyslam", "knockoff", "earthquake"], "ability": "Heavy Metal", "evs": {"hp": 81, "atk": 85, "def": 85, "spa": 85, "spd": 85, "spe": 85}, "ivs": {"hp": 31, "atk": 31, "def": 31, "spa": 31, "spd": 31, "spe": 31}, "item": "Choice Band", "teraType": "Flying", "role": "Bulky Attacker", "bvs": {"hp": 122, "atk": 130, "def": 69, "spa": 80, "spd": 69, "spe": 30}, "stats": {"hp": 349, "atk": 273, "def": 168, "spa": 187, "spd": 168, "spe": 101}, "types": ["Steel"]}, "Malamar": {"name": "Malamar", "species": "Malamar", "speciesId": "malamar", "gender": "F", "shiny": false, "level": 82, "moves": ["rest", "knockoff", "superpower", "sleeptalk"], "ability": "Contrary", "evs": {"hp": 85, "atk": 85, "def": 85, "spa": 85, "spd": 85, "spe": 85}, "ivs": {"hp": 31, "atk": 31, "def": 31, "spa": 31, "spd": 31, "spe": 31}, "item": "Leftovers", "teraType": "Steel", "role": "Bulky Setup", "bvs": {"hp": 86, "atk": 92, "def": 88, "spa": 68, "spd": 75, "spe": 73}, "stats": {"hp": 275, "atk": 198, "def": 191, "spa": 159, "spd": 170, "spe": 167}, "types": ["Dark", "Psychic"]}, "Gogoat": {"name": "Gogoat", "species": "Gogoat", "speciesId": "gogoat", "gender": "F", "shiny": false, "level": 88, "moves": ["earthquake", "milkdrink", "hornleech", "bulkup"], "ability": "Sap Sipper", "evs": {"hp": 85, "atk": 85, "def": 85, "spa": 85, "spd": 85, "spe": 85}, "ivs": {"hp": 31, "atk": 31, "def": 31, "spa": 31, "spd": 31, "spe": 31}, "item": "Leftovers", "teraType": "Ground", "role": "Bulky Setup", "bvs": {"hp": 123, "atk": 100, "def": 62, "spa": 97, "spd": 81, "spe": 68}, "stats": {"hp": 360, "atk": 226, "def": 159, "spa": 221, "spd": 193, "spe": 170}, "types": ["Grass"]}}]}