{"id": "gen9randombattle-2641948763", "format": "[Gen 9] Random Battle", "players": ["shivveringcapra", "ratsallfolks"], "log": "|j|\u2606shivveringcapra\n|j|\u2606ratsallfolks\n|t:|1782863355\n|gametype|singles\n|player|p1|shivveringcapra|169|1464\n|player|p2|ratsallfolks|iris-gen5bw2|1486\n|gen|9\n|tier|[Gen 9] Random Battle\n|rated|\n|rule|Species Clause: Limit one of each Pok\u00e9mon\n|rule|HP Percentage Mod: HP is shown in percentages\n|rule|Sleep Clause Mod: Limit one foe put to sleep\n|rule|Illusion Level Mod: Illusion disguises the Pok\u00e9mon's true level\n|\n|t:|1782863355\n|teamsize|p1|6\n|teamsize|p2|6\n|start\n|switch|p1a: Brute Bonnet|Brute Bonnet, L80|309/309\n|switch|p2a: Tyranitar|Tyranitar, L78, M|284/284\n|-weather|Sandstorm|[from] ability: Sand Stream|[of] p2a: Tyranitar\n|turn|1\n|inactive|Battle timer is ON: inactive players will automatically lose when time's up. (requested by shivveringcapra)\n|\n|t:|1782863365\n|switch|p2a: Leavanny|Leavanny, L86, M|269/269\n|move|p1a: Brute Bonnet|Spore|p2a: Leavanny\n|-immune|p2a: Leavanny\n|\n|-weather|Sandstorm|[upkeep]\n|-damage|p2a: Leavanny|253/269|[from] Sandstorm\n|-damage|p1a: Brute Bonnet|290/309|[from] Sandstorm\n|-heal|p1a: Brute Bonnet|309/309|[from] item: Leftovers\n|upkeep\n|turn|2\n|\n|t:|1782863377\n|-end|p1a: Brute Bonnet|Protosynthesis|[silent]\n|switch|p1a: Infernape|Infernape, L82, M|259/259\n|move|p2a: Leavanny|Sticky Web|p1a: Infernape\n|-sidestart|p1: shivveringcapra|move: Sticky Web\n|\n|-weather|Sandstorm|[upkeep]\n|-damage|p1a: Infernape|243/259|[from] Sandstorm\n|-damage|p2a: Leavanny|237/269|[from] Sandstorm\n|upkeep\n|turn|3\n|\n|t:|1782863385\n|switch|p2a: Slowbro|Slowbro, L85, F|300/300\n|move|p1a: Infernape|Flare Blitz|p2a: Slowbro\n|-resisted|p2a: Slowbro\n|-crit|p2a: Slowbro\n|-damage|p2a: Slowbro|171/300\n|-status|p2a: Slowbro|brn\n|-damage|p1a: Infernape|200/259|[from] item: Rocky Helmet|[of] p2a: Slowbro\n|-damage|p1a: Infernape|157/259|[from] Recoil\n|\n|-weather|Sandstorm|[upkeep]\n|-damage|p1a: Infernape|141/259|[from] Sandstorm\n|-damage|p2a: Slowbro|153/300 brn|[from] Sandstorm\n|-damage|p2a: Slowbro|135/300 brn|[from] brn\n|upkeep\n|turn|4\n|\n|t:|1782863406\n|switch|p1a: Brute Bonnet|Brute Bonnet, L80|309/309\n|-activate|p1a: Brute Bonnet|move: Sticky Web\n|-unboost|p1a: Brute Bonnet|spe|1\n|move|p2a: Slowbro|Thunder Wave|p1a: Brute Bonnet\n|-status|p1a: Brute Bonnet|par\n|\n|-weather|Sandstorm|[upkeep]\n|-damage|p2a: Slowbro|117/300 brn|[from] Sandstorm\n|-damage|p1a: Brute Bonnet|290/309 par|[from] Sandstorm\n|-heal|p1a: Brute Bonnet|309/309 par|[from] item: Leftovers\n|-damage|p2a: Slowbro|99/300 brn|[from] brn\n|upkeep\n|turn|5\n|\n|t:|1782863415\n|switch|p2a: Leavanny|Leavanny, L86, M|237/269\n|cant|p1a: Brute Bonnet|par\n|\n|-weather|none\n|upkeep\n|turn|6\n|\n|t:|1782863422\n|-end|p1a: Brute Bonnet|Protosynthesis|[silent]\n|switch|p1a: Clefable|Clefable, L83, M|293/293\n|-activate|p1a: Clefable|move: Sticky Web\n|-unboost|p1a: Clefable|spe|1\n|move|p2a: Leavanny|Lunge|p1a: Clefable\n|-resisted|p1a: Clefable\n|-damage|p1a: Clefable|239/293\n|-unboost|p1a: Clefable|atk|1\n|\n|-heal|p1a: Clefable|257/293|[from] item: Leftovers\n|upkeep\n|turn|7\n|\n|t:|1782863430\n|move|p2a: Leavanny|Knock Off|p1a: Clefable\n|-resisted|p1a: Clefable\n|-damage|p1a: Clefable|216/293\n|-enditem|p1a: Clefable|Leftovers|[from] move: Knock Off|[of] p2a: Leavanny\n|move|p1a: Clefable|Thunder Wave|p2a: Leavanny\n|-status|p2a: Leavanny|par\n|\n|upkeep\n|turn|8\n|\n|t:|1782863438\n|switch|p2a: Scovillain|Scovillain, L91, F|266/266\n|move|p1a: Clefable|Fire Blast|p2a: Scovillain\n|-damage|p2a: Scovillain|176/266\n|\n|upkeep\n|turn|9\n|\n|t:|1782863447\n|move|p2a: Scovillain|Energy Ball|p1a: Clefable\n|-damage|p1a: Clefable|95/293\n|move|p1a: Clefable|Thunder Wave|p2a: Scovillain\n|-status|p2a: Scovillain|par\n|\n|upkeep\n|turn|10\n|\n|t:|1782863461\n|switch|p1a: Infernape|Infernape, L82, M|141/259\n|-activate|p1a: Infernape|move: Sticky Web\n|-unboost|p1a: Infernape|spe|1\n|move|p2a: Scovillain|Energy Ball|p1a: Infernape\n|-resisted|p1a: Infernape\n|-damage|p1a: Infernape|70/259\n|\n|upkeep\n|turn|11\n|\n|t:|1782863469\n|move|p1a: Infernape|Close Combat|p2a: Scovillain\n|-damage|p2a: Scovillain|0 fnt\n|-unboost|p1a: Infernape|def|1\n|-unboost|p1a: Infernape|spd|1\n|faint|p2a: Scovillain\n|\n|upkeep\n|\n|t:|1782863475\n|switch|p2a: Munkidori|Munkidori, L79, M|269/269\n|turn|12\n|\n|t:|1782863483\n|switch|p1a: Spidops|Spidops, L96, M|271/271\n|move|p2a: Munkidori|Sludge Wave|p1a: Spidops\n|-damage|p1a: Spidops|171/271\n|\n|upkeep\n|turn|13\n|\n|t:|1782863489\n|move|p2a: Munkidori|Sludge Wave|p1a: Spidops\n|-damage|p1a: Spidops|75/271\n|-status|p1a: Spidops|psn\n|move|p1a: Spidops|Sticky Web|p2a: Munkidori\n|-sidestart|p2: ratsallfolks|move: Sticky Web\n|\n|-damage|p1a: Spidops|42/271 psn|[from] psn\n|upkeep\n|turn|14\n|\n|t:|1782863496\n|move|p2a: Munkidori|Sludge Wave|p1a: Spidops\n|-damage|p1a: Spidops|0 fnt\n|faint|p1a: Spidops\n|\n|upkeep\n|\n|t:|1782863499\n|switch|p1a: Infernape|Infernape, L82, M|70/259\n|-activate|p1a: Infernape|move: Sticky Web\n|-unboost|p1a: Infernape|spe|1\n|turn|15\n|\n|t:|1782863503\n|move|p2a: Munkidori|Sludge Wave|p1a: Infernape\n|-damage|p1a: Infernape|0 fnt\n|faint|p1a: Infernape\n|\n|upkeep\n|\n|t:|1782863515\n|switch|p1a: Brute Bonnet|Brute Bonnet, L80|309/309 par\n|-activate|p1a: Brute Bonnet|move: Sticky Web\n|-unboost|p1a: Brute Bonnet|spe|1\n|turn|16\n|\n|t:|1782863518\n|move|p2a: Munkidori|U-turn|p1a: Brute Bonnet\n|-supereffective|p1a: Brute Bonnet\n|-damage|p1a: Brute Bonnet|161/309 par\n|\n|t:|1782863521\n|switch|p2a: Leavanny|Leavanny, L86, M|237/269 par|[from] U-turn\n|move|p1a: Brute Bonnet|Crunch|p2a: Leavanny\n|-damage|p2a: Leavanny|138/269 par\n|\n|-heal|p1a: Brute Bonnet|180/309 par|[from] item: Leftovers\n|upkeep\n|turn|17\n|\n|t:|1782863529\n|cant|p2a: Leavanny|par\n|move|p1a: Brute Bonnet|Crunch|p2a: Leavanny\n|-damage|p2a: Leavanny|39/269 par\n|\n|-heal|p1a: Brute Bonnet|199/309 par|[from] item: Leftovers\n|upkeep\n|turn|18\n|\n|t:|1782863534\n|move|p1a: Brute Bonnet|Sucker Punch|p2a: Leavanny\n|-damage|p2a: Leavanny|0 fnt\n|faint|p2a: Leavanny\n|\n|-heal|p1a: Brute Bonnet|218/309 par|[from] item: Leftovers\n|upkeep\n|\n|t:|1782863537\n|switch|p2a: Dewgong|Dewgong, L94, F|322/322\n|turn|19\n|\n|t:|1782863544\n|move|p2a: Dewgong|Encore|p1a: Brute Bonnet\n|-start|p1a: Brute Bonnet|Encore\n|move|p1a: Brute Bonnet|Sucker Punch||[still]\n|-fail|p1a: Brute Bonnet\n|\n|-heal|p1a: Brute Bonnet|237/309 par|[from] item: Leftovers\n|upkeep\n|turn|20\n|\n|t:|1782863548\n|switch|p2a: Tyranitar|Tyranitar, L78, M|284/284\n|-activate|p2a: Tyranitar|move: Sticky Web\n|-unboost|p2a: Tyranitar|spe|1\n|-weather|Sandstorm|[from] ability: Sand Stream|[of] p2a: Tyranitar\n|-end|p1a: Brute Bonnet|Protosynthesis|[silent]\n|switch|p1a: Milotic|Milotic, L83, M|293/293\n|-activate|p1a: Milotic|move: Sticky Web\n|-unboost|p1a: Milotic|spe|1\n|-ability|p1a: Milotic|Competitive|boost\n|-boost|p1a: Milotic|spa|2\n|\n|-weather|Sandstorm|[upkeep]\n|-damage|p1a: Milotic|275/293|[from] Sandstorm\n|-heal|p1a: Milotic|293/293|[from] item: Leftovers\n|upkeep\n|turn|21\n|\n|t:|1782863555\n|switch|p2a: Dewgong|Dewgong, L94, F|322/322\n|move|p1a: Milotic|Scald|p2a: Dewgong\n|-resisted|p2a: Dewgong\n|-damage|p2a: Dewgong|255/322\n|-status|p2a: Dewgong|brn\n|\n|-weather|Sandstorm|[upkeep]\n|-damage|p2a: Dewgong|235/322 brn|[from] Sandstorm\n|-damage|p1a: Milotic|275/293|[from] Sandstorm\n|-heal|p1a: Milotic|293/293|[from] item: Leftovers\n|-damage|p2a: Dewgong|215/322 brn|[from] brn\n|upkeep\n|turn|22\n|\n|t:|1782863562\n|move|p2a: Dewgong|Knock Off|p1a: Milotic\n|-damage|p1a: Milotic|257/293\n|-enditem|p1a: Milotic|Leftovers|[from] move: Knock Off|[of] p2a: Dewgong\n|move|p1a: Milotic|Scald|p2a: Dewgong\n|-resisted|p2a: Dewgong\n|-damage|p2a: Dewgong|143/322 brn\n|\n|-weather|Sandstorm|[upkeep]\n|-damage|p2a: Dewgong|123/322 brn|[from] Sandstorm\n|-damage|p1a: Milotic|239/293|[from] Sandstorm\n|-damage|p2a: Dewgong|103/322 brn|[from] brn\n|upkeep\n|turn|23\n|\n|t:|1782863572\n|move|p2a: Dewgong|Surf|p1a: Milotic\n|-resisted|p1a: Milotic\n|-damage|p1a: Milotic|200/293\n|move|p1a: Milotic|Scald|p2a: Dewgong\n|-resisted|p2a: Dewgong\n|-damage|p2a: Dewgong|30/322 brn\n|\n|-weather|Sandstorm|[upkeep]\n|-damage|p2a: Dewgong|10/322 brn|[from] Sandstorm\n|-damage|p1a: Milotic|182/293|[from] Sandstorm\n|-damage|p2a: Dewgong|0 fnt|[from] brn\n|faint|p2a: Dewgong\n|upkeep\n|\n|t:|1782863578\n|switch|p2a: Munkidori|Munkidori, L79, M|269/269\n|-activate|p2a: Munkidori|move: Sticky Web\n|-unboost|p2a: Munkidori|spe|1\n|turn|24\n|\n|t:|1782863583\n|move|p2a: Munkidori|Fake Out|p1a: Milotic\n|-damage|p1a: Milotic|160/293\n|-status|p1a: Milotic|tox|[from] ability: Toxic Chain|[of] p2a: Munkidori\n|cant|p1a: Milotic|flinch\n|\n|-weather|none\n|-damage|p1a: Milotic|142/293 tox|[from] psn\n|upkeep\n|turn|25\n|\n|t:|1782863591\n|move|p2a: Munkidori|U-turn|p1a: Milotic\n|-damage|p1a: Milotic|105/293 tox\n|\n|t:|1782863593\n|switch|p2a: Slowbro|Slowbro, L85, F|199/300 brn|[from] U-turn\n|-activate|p2a: Slowbro|move: Sticky Web\n|-unboost|p2a: Slowbro|spe|1\n|move|p1a: Milotic|Scald|p2a: Slowbro\n|-resisted|p2a: Slowbro\n|-damage|p2a: Slowbro|116/300 brn\n|\n|-damage|p1a: Milotic|69/293 tox|[from] psn\n|-damage|p2a: Slowbro|98/300 brn|[from] brn\n|upkeep\n|turn|26\n|\n|t:|1782863600\n|move|p1a: Milotic|Recover|p1a: Milotic\n|-heal|p1a: Milotic|216/293 tox\n|move|p2a: Slowbro|Psychic Noise|p1a: Milotic\n|-damage|p1a: Milotic|144/293 tox\n|-start|p1a: Milotic|move: Heal Block\n|\n|-damage|p1a: Milotic|90/293 tox|[from] psn\n|-damage|p2a: Slowbro|80/300 brn|[from] brn\n|upkeep\n|turn|27\n|\n|t:|1782863604\n|switch|p1a: Brute Bonnet|Brute Bonnet, L80|237/309 par\n|-activate|p1a: Brute Bonnet|move: Sticky Web\n|-unboost|p1a: Brute Bonnet|spe|1\n|move|p2a: Slowbro|Psychic Noise|p1a: Brute Bonnet\n|-immune|p1a: Brute Bonnet\n|\n|-heal|p1a: Brute Bonnet|256/309 par|[from] item: Leftovers\n|-damage|p2a: Slowbro|62/300 brn|[from] brn\n|upkeep\n|turn|28\n|\n|t:|1782863614\n|move|p2a: Slowbro|Scald|p1a: Brute Bonnet\n|-resisted|p1a: Brute Bonnet\n|-damage|p1a: Brute Bonnet|211/309 par\n|move|p1a: Brute Bonnet|Crunch|p2a: Slowbro\n|-supereffective|p2a: Slowbro\n|-damage|p2a: Slowbro|0 fnt\n|-damage|p1a: Brute Bonnet|160/309 par|[from] item: Rocky Helmet|[of] p2a: Slowbro\n|faint|p2a: Slowbro\n|\n|-heal|p1a: Brute Bonnet|179/309 par|[from] item: Leftovers\n|upkeep\n|\n|t:|1782863619\n|switch|p2a: Munkidori|Munkidori, L79, M|269/269\n|-activate|p2a: Munkidori|move: Sticky Web\n|-unboost|p2a: Munkidori|spe|1\n|turn|29\n|\n|t:|1782863621\n|move|p2a: Munkidori|Fake Out|p1a: Brute Bonnet\n|-damage|p1a: Brute Bonnet|157/309 par\n|cant|p1a: Brute Bonnet|flinch\n|\n|-heal|p1a: Brute Bonnet|176/309 par|[from] item: Leftovers\n|upkeep\n|turn|30\n|\n|t:|1782863623\n|move|p2a: Munkidori|Sludge Wave|p1a: Brute Bonnet\n|-supereffective|p1a: Brute Bonnet\n|-damage|p1a: Brute Bonnet|0 fnt\n|faint|p1a: Brute Bonnet\n|-end|p1a: Brute Bonnet|Protosynthesis|[silent]\n|\n|upkeep\n|\n|t:|1782863629\n|switch|p1a: Suicune|Suicune, L82|298/298\n|-activate|p1a: Suicune|move: Sticky Web\n|-unboost|p1a: Suicune|spe|1\n|-ability|p1a: Suicune|Pressure\n|turn|31\n|\n|t:|1782863634\n|move|p2a: Munkidori|Sludge Wave|p1a: Suicune\n|-damage|p1a: Suicune|210/298\n|move|p1a: Suicune|Scald|p2a: Munkidori\n|-damage|p2a: Munkidori|214/269\n|\n|-heal|p1a: Suicune|228/298|[from] item: Leftovers\n|upkeep\n|turn|32\n|\n|t:|1782863640\n|move|p2a: Munkidori|Sludge Wave|p1a: Suicune\n|-damage|p1a: Suicune|143/298\n|move|p1a: Suicune|Calm Mind|p1a: Suicune\n|-boost|p1a: Suicune|spa|1\n|-boost|p1a: Suicune|spd|1\n|\n|-heal|p1a: Suicune|161/298|[from] item: Leftovers\n|upkeep\n|turn|33\n|\n|t:|1782863643\n|move|p2a: Munkidori|Sludge Wave|p1a: Suicune\n|-damage|p1a: Suicune|98/298\n|-status|p1a: Suicune|tox|[from] ability: Toxic Chain|[of] p2a: Munkidori\n|move|p1a: Suicune|Calm Mind|p1a: Suicune\n|-boost|p1a: Suicune|spa|1\n|-boost|p1a: Suicune|spd|1\n|\n|-heal|p1a: Suicune|116/298 tox|[from] item: Leftovers\n|-damage|p1a: Suicune|98/298 tox|[from] psn\n|upkeep\n|turn|34\n|\n|t:|1782863651\n|move|p2a: Munkidori|U-turn|p1a: Suicune\n|-damage|p1a: Suicune|64/298 tox\n|\n|t:|1782863653\n|switch|p2a: Tyranitar|Tyranitar, L78, M|284/284|[from] U-turn\n|-activate|p2a: Tyranitar|move: Sticky Web\n|-unboost|p2a: Tyranitar|spe|1\n|-weather|Sandstorm|[from] ability: Sand Stream|[of] p2a: Tyranitar\n|move|p1a: Suicune|Scald|p2a: Tyranitar\n|-supereffective|p2a: Tyranitar\n|-damage|p2a: Tyranitar|92/284\n|-enditem|p2a: Tyranitar|Weakness Policy\n|-boost|p2a: Tyranitar|atk|2|[from] item: Weakness Policy\n|-boost|p2a: Tyranitar|spa|2|[from] item: Weakness Policy\n|\n|-weather|Sandstorm|[upkeep]\n|-damage|p1a: Suicune|46/298 tox|[from] Sandstorm\n|-heal|p1a: Suicune|64/298 tox|[from] item: Leftovers\n|-damage|p1a: Suicune|28/298 tox|[from] psn\n|upkeep\n|turn|35\n|\n|t:|1782863657\n|move|p1a: Suicune|Scald|p2a: Tyranitar\n|-supereffective|p2a: Tyranitar\n|-damage|p2a: Tyranitar|0 fnt\n|faint|p2a: Tyranitar\n|\n|-weather|Sandstorm|[upkeep]\n|-damage|p1a: Suicune|10/298 tox|[from] Sandstorm\n|-heal|p1a: Suicune|28/298 tox|[from] item: Leftovers\n|-damage|p1a: Suicune|0 fnt|[from] psn\n|faint|p1a: Suicune\n|upkeep\n|\n|t:|1782863660\n|switch|p1a: Clefable|Clefable, L83, M|95/293\n|switch|p2a: Munkidori|Munkidori, L79, M|214/269\n|-activate|p2a: Munkidori|move: Sticky Web\n|-unboost|p2a: Munkidori|spe|1\n|-activate|p1a: Clefable|move: Sticky Web\n|-unboost|p1a: Clefable|spe|1\n|turn|36\n|\n|t:|1782863665\n|-terastallize|p1a: Clefable|Poison\n|move|p2a: Munkidori|Fake Out|p1a: Clefable\n|-crit|p1a: Clefable\n|-damage|p1a: Clefable|59/293\n|cant|p1a: Clefable|flinch\n|\n|-weather|Sandstorm|[upkeep]\n|-damage|p2a: Munkidori|198/269|[from] Sandstorm\n|-damage|p1a: Clefable|41/293|[from] Sandstorm\n|upkeep\n|turn|37\n|\n|t:|1782863670\n|move|p2a: Munkidori|Psychic Noise|p1a: Clefable\n|-supereffective|p1a: Clefable\n|-damage|p1a: Clefable|0 fnt\n|faint|p1a: Clefable\n|\n|-weather|Sandstorm|[upkeep]\n|-damage|p2a: Munkidori|182/269|[from] Sandstorm\n|upkeep\n|\n|t:|1782863673\n|switch|p1a: Milotic|Milotic, L83, M|90/293 tox\n|-activate|p1a: Milotic|move: Sticky Web\n|-unboost|p1a: Milotic|spe|1\n|-ability|p1a: Milotic|Competitive|boost\n|-boost|p1a: Milotic|spa|2\n|turn|38\n|\n|t:|1782863678\n|move|p2a: Munkidori|Sludge Wave|p1a: Milotic\n|-damage|p1a: Milotic|6/293 tox\n|move|p1a: Milotic|Scald|p2a: Munkidori\n|-damage|p2a: Munkidori|68/269\n|\n|-weather|none\n|-damage|p1a: Milotic|0 fnt|[from] psn\n|faint|p1a: Milotic\n|\n|win|ratsallfolks\n|raw|shivveringcapra's rating: 1464 &rarr; <strong>1445</strong><br />(-19 for losing)\n|raw|ratsallfolks's rating: 1486 &rarr; <strong>1505</strong><br />(+19 for winning)\n|l|\u2606shivveringcapra\n|player|p1|\n", "inputlog": ">version f8ac14003a5f27e1bdc8d8c59608a773c1cb96e5\n>start {\"formatid\":\"gen9randombattle\",\"seed\":\"sodium,bc68b3b8b289e83e4f5049aa1bbb3998\",\"rated\":\"Rated battle\"}\n>player p1 {\"name\":\"shivveringcapra\",\"avatar\":\"169\",\"rating\":1464,\"seed\":\"sodium,09f4b73d36aea28b0836a8e37bb554cd\"}\n>player p2 {\"name\":\"ratsallfolks\",\"avatar\":\"iris-gen5bw2\",\"rating\":1486,\"seed\":\"sodium,35d2f1d68939475fb580a5daa68aa821\"}\n>p1 move spore\n>p2 switch 4\n>p1 switch 6\n>p2 move stickyweb\n>p1 move flareblitz\n>p2 switch 5\n>p1 switch 6\n>p2 move thunderwave\n>p1 move suckerpunch\n>p2 switch 5\n>p1 switch 3\n>p2 move lunge\n>p1 move thunderwave\n>p2 move knockoff\n>p1 move fireblast\n>p2 switch 3\n>p1 move thunderwave\n>p2 move energyball\n>p1 switch 6\n>p2 move energyball\n>p1 move closecombat\n>p2 move energyball\n>p2 switch 6\n>p1 switch 2\n>p2 move sludgewave\n>p1 move stickyweb\n>p2 move sludgewave\n>p1 move knockoff\n>p2 move sludgewave\n>p1 switch 2\n>p1 move knockoff\n>p2 move sludgewave\n>p1 switch 3\n>p1 move crunch\n>p2 move uturn\n>p2 switch 3\n>p1 move crunch\n>p2 move leafblade\n>p1 move suckerpunch\n>p2 move lunge\n>p2 switch 2\n>p1 move spore\n>p2 move encore\n>p1 switch 4\n>p2 switch 4\n>p1 move scald\n>p2 switch 4\n>p1 move scald\n>p2 move knockoff\n>p1 move scald\n>p2 move surf\n>p2 switch 3\n>p1 move scald\n>p2 move fakeout\n>p1 move scald\n>p2 move uturn\n>p2 switch 5\n>p1 move recover\n>p2 move psychicnoise\n>p1 switch 4\n>p2 move psychicnoise\n>p1 move crunch\n>p2 move scald\n>p2 switch 5\n>p1 move spore\n>p2 move fakeout\n>p1 move spore\n>p2 move sludgewave\n>p1 switch 5\n>p1 move scald\n>p2 move sludgewave\n>p1 move calmmind\n>p2 move sludgewave\n>p1 move calmmind\n>p2 move sludgewave\n>p1 move scald\n>p2 move uturn\n>p2 switch 4\n>p1 move scald\n>p2 move knockoff\n>p1 switch 6\n>p2 switch 4\n>p1 move thunderwave terastallize\n>p2 move fakeout\n>p1 move thunderwave\n>p2 move psychicnoise\n>p1 switch 4\n>p1 move scald\n>p2 move sludgewave", "uploadtime": 1782863687, "views": 12, "formatid": "gen9randombattle", "rating": 1445, "private": 0, "password": null, "player_dets": [{"name": "shivveringcapra", "avatar": "169", "rating": 1464, "seed": "sodium,09f4b73d36aea28b0836a8e37bb554cd"}, {"name": "ratsallfolks", "avatar": "iris-gen5bw2", "rating": 1486, "seed": "sodium,35d2f1d68939475fb580a5daa68aa821"}], "teams_full": [{"Brute Bonnet": {"name": "Brute Bonnet", "species": "Brute Bonnet", "speciesId": "brutebonnet", "gender": "N", "shiny": false, "level": 80, "moves": ["crunch", "closecombat", "suckerpunch", "spore"], "ability": "Protosynthesis", "evs": {"hp": 85, "atk": 85, "def": 85, "spa": 85, "spd": 85, "spe": 85}, "ivs": {"hp": 31, "atk": 31, "def": 31, "spa": 31, "spd": 31, "spe": 31}, "item": "Leftovers", "teraType": "Fighting", "role": "Bulky Attacker", "bvs": {"hp": 111, "atk": 127, "def": 99, "spa": 79, "spd": 99, "spe": 55}, "stats": {"hp": 309, "atk": 249, "def": 205, "spa": 173, "spd": 205, "spe": 134}, "types": ["Grass", "Dark"]}, "Spidops": {"name": "Spidops", "species": "Spidops", "speciesId": "spidops", "gender": "M", "shiny": false, "level": 96, "moves": ["knockoff", "toxicspikes", "circlethrow", "stickyweb"], "ability": "Stakeout", "evs": {"hp": 85, "atk": 85, "def": 85, "spa": 85, "spd": 85, "spe": 85}, "ivs": {"hp": 31, "atk": 31, "def": 31, "spa": 31, "spd": 31, "spe": 31}, "item": "Heavy-Duty Boots", "teraType": "Ghost", "role": "Bulky Support", "bvs": {"hp": 60, "atk": 79, "def": 92, "spa": 52, "spd": 86, "spe": 35}, "stats": {"hp": 271, "atk": 206, "def": 231, "spa": 154, "spd": 220, "spe": 122}, "types": ["Bug"]}, "Clefable": {"name": "Clefable", "species": "Clefable", "speciesId": "clefable", "gender": "M", "shiny": false, "level": 83, "moves": ["fireblast", "moonblast", "moonlight", "thunderwave"], "ability": "Unaware", "evs": {"hp": 85, "atk": 0, "def": 85, "spa": 85, "spd": 85, "spe": 85}, "ivs": {"hp": 31, "atk": 0, "def": 31, "spa": 31, "spd": 31, "spe": 31}, "item": "Leftovers", "teraType": "Poison", "role": "Bulky Support", "bvs": {"hp": 95, "atk": 70, "def": 73, "spa": 95, "spd": 90, "spe": 60}, "stats": {"hp": 293, "atk": 121, "def": 169, "spa": 205, "spd": 197, "spe": 147}, "types": ["Fairy"]}, "Milotic": {"name": "Milotic", "species": "Milotic", "speciesId": "milotic", "gender": "M", "shiny": false, "level": 83, "moves": ["icebeam", "scald", "haze", "recover"], "ability": "Competitive", "evs": {"hp": 85, "atk": 0, "def": 85, "spa": 85, "spd": 85, "spe": 85}, "ivs": {"hp": 31, "atk": 0, "def": 31, "spa": 31, "spd": 31, "spe": 31}, "item": "Leftovers", "teraType": "Steel", "role": "Bulky Attacker", "bvs": {"hp": 95, "atk": 60, "def": 79, "spa": 100, "spd": 125, "spe": 81}, "stats": {"hp": 293, "atk": 104, "def": 179, "spa": 214, "spd": 255, "spe": 182}, "types": ["Water"]}, "Suicune": {"name": "Suicune", "species": "Suicune", "speciesId": "suicune", "gender": "N", "shiny": false, "level": 82, "moves": ["scald", "icebeam", "calmmind", "substitute"], "ability": "Pressure", "evs": {"hp": 85, "atk": 0, "def": 85, "spa": 85, "spd": 85, "spe": 85}, "ivs": {"hp": 31, "atk": 0, "def": 31, "spa": 31, "spd": 31, "spe": 31}, "item": "Leftovers", "teraType": "Dragon", "role": "Bulky Setup", "bvs": {"hp": 100, "atk": 75, "def": 115, "spa": 90, "spd": 115, "spe": 85}, "stats": {"hp": 298, "atk": 127, "def": 236, "spa": 195, "spd": 236, "spe": 187}, "types": ["Water"]}, "Infernape": {"name": "Infernape", "species": "Infernape", "speciesId": "infernape", "gender": "M", "shiny": false, "level": 82, "moves": ["flareblitz", "closecombat", "knockoff", "machpunch"], "ability": "Iron Fist", "evs": {"hp": 85, "atk": 85, "def": 85, "spa": 85, "spd": 85, "spe": 85}, "ivs": {"hp": 31, "atk": 31, "def": 31, "spa": 31, "spd": 31, "spe": 31}, "item": "Choice Band", "teraType": "Dark", "role": "Fast Support", "bvs": {"hp": 76, "atk": 104, "def": 71, "spa": 104, "spd": 71, "spe": 108}, "stats": {"hp": 259, "atk": 218, "def": 164, "spa": 218, "spd": 164, "spe": 224}, "types": ["Fire", "Fighting"]}}, {"Tyranitar": {"name": "Tyranitar", "species": "Tyranitar", "speciesId": "tyranitar", "gender": "M", "shiny": false, "level": 78, "moves": ["stoneedge", "icepunch", "dragondance", "knockoff"], "ability": "Sand Stream", "evs": {"hp": 85, "atk": 85, "def": 85, "spa": 85, "spd": 85, "spe": 85}, "ivs": {"hp": 31, "atk": 31, "def": 31, "spa": 31, "spd": 31, "spe": 31}, "item": "Weakness Policy", "teraType": "Ghost", "role": "Bulky Setup", "bvs": {"hp": 100, "atk": 134, "def": 110, "spa": 95, "spd": 100, "spe": 61}, "stats": {"hp": 284, "atk": 254, "def": 217, "spa": 193, "spd": 201, "spe": 140}, "types": ["Rock", "Dark"]}, "Dewgong": {"name": "Dewgong", "species": "Dewgong", "speciesId": "dewgong", "gender": "F", "shiny": false, "level": 94, "moves": ["encore", "icebeam", "knockoff", "surf"], "ability": "Thick Fat", "evs": {"hp": 85, "atk": 85, "def": 85, "spa": 85, "spd": 85, "spe": 85}, "ivs": {"hp": 31, "atk": 31, "def": 31, "spa": 31, "spd": 31, "spe": 31}, "item": "Heavy-Duty Boots", "teraType": "Grass", "role": "Bulky Support", "bvs": {"hp": 90, "atk": 70, "def": 80, "spa": 70, "spd": 95, "spe": 70}, "stats": {"hp": 322, "atk": 185, "def": 204, "spa": 185, "spd": 232, "spe": 185}, "types": ["Water", "Ice"]}, "Scovillain": {"name": "Scovillain", "species": "Scovillain", "speciesId": "scovillain", "gender": "F", "shiny": false, "level": 91, "moves": ["energyball", "overheat", "leafstorm", "flamethrower"], "ability": "Chlorophyll", "evs": {"hp": 85, "atk": 0, "def": 85, "spa": 85, "spd": 85, "spe": 85}, "ivs": {"hp": 31, "atk": 0, "def": 31, "spa": 31, "spd": 31, "spe": 31}, "item": "Choice Scarf", "teraType": "Grass", "role": "Fast Attacker", "bvs": {"hp": 65, "atk": 108, "def": 65, "spa": 108, "spd": 65, "spe": 75}, "stats": {"hp": 266, "atk": 201, "def": 170, "spa": 248, "spd": 170, "spe": 188}, "types": ["Grass", "Fire"]}, "Leavanny": {"name": "Leavanny", "species": "Leavanny", "speciesId": "leavanny", "gender": "M", "shiny": false, "level": 86, "moves": ["stickyweb", "leafblade", "lunge", "knockoff"], "ability": "Swarm", "evs": {"hp": 85, "atk": 85, "def": 85, "spa": 85, "spd": 85, "spe": 85}, "ivs": {"hp": 31, "atk": 31, "def": 31, "spa": 31, "spd": 31, "spe": 31}, "item": "Heavy-Duty Boots", "teraType": "Ghost", "role": "Fast Support", "bvs": {"hp": 75, "atk": 103, "def": 80, "spa": 70, "spd": 80, "spe": 92}, "stats": {"hp": 269, "atk": 226, "def": 187, "spa": 170, "spd": 187, "spe": 207}, "types": ["Bug", "Grass"]}, "Slowbro": {"name": "Slowbro", "species": "Slowbro", "speciesId": "slowbro", "gender": "F", "shiny": false, "level": 85, "moves": ["thunderwave", "psychicnoise", "slackoff", "scald"], "ability": "Regenerator", "evs": {"hp": 85, "atk": 0, "def": 85, "spa": 85, "spd": 85, "spe": 85}, "ivs": {"hp": 31, "atk": 0, "def": 31, "spa": 31, "spd": 31, "spe": 31}, "item": "Rocky Helmet", "teraType": "Poison", "role": "Bulky Attacker", "bvs": {"hp": 95, "atk": 75, "def": 110, "spa": 100, "spd": 80, "spe": 30}, "stats": {"hp": 300, "atk": 132, "def": 236, "spa": 219, "spd": 185, "spe": 100}, "types": ["Water", "Psychic"]}, "Munkidori": {"name": "Munkidori", "species": "Munkidori", "speciesId": "munkidori", "gender": "M", "shiny": false, "level": 79, "moves": ["psychicnoise", "sludgewave", "uturn", "fakeout"], "ability": "Toxic Chain", "evs": {"hp": 85, "atk": 85, "def": 85, "spa": 85, "spd": 85, "spe": 85}, "ivs": {"hp": 31, "atk": 31, "def": 31, "spa": 31, "spd": 31, "spe": 31}, "item": "Assault Vest", "teraType": "Dark", "role": "AV Pivot", "bvs": {"hp": 88, "atk": 75, "def": 66, "spa": 130, "spd": 90, "spe": 106}, "stats": {"hp": 269, "atk": 164, "def": 150, "spa": 251, "spd": 188, "spe": 213}, "types": ["Poison", "Psychic"]}}]}