{"id": "gen9randombattle-2641866372", "format": "[Gen 9] Random Battle", "players": ["jihadi jynx", "velvet"], "log": "|badge|p2|bronze|gen9randombattle|100-9\n|html|<div class=\"broadcast-red\"><strong>This battle is required to be public due to one or more player having a season medal.</strong><br />During the public phase, you can discuss the state of the ladder <a href=\"/seasondiscussion\">in a special chatroom.</a></div>\n|uhtml|medal-msg|<div class=\"broadcast-blue\">Curious what those medals under the avatar are? PS now has Ladder Seasons! For more information, check out the <a href=\"https://www.smogon.com/forums/threads/3740067/\">thread on Smogon.</a></div>\n|j|\u2606jihadi jynx\n|j|\u2606velvet\n|t:|1782851329\n|gametype|singles\n|player|p1|jihadi jynx|2|2281\n|player|p2|velvet|winona-gen3|2298\n|gen|9\n|tier|[Gen 9] Random Battle\n|rated|\n|rule|Species Clause: Limit one of each Pok\u00e9mon\n|rule|HP Percentage Mod: HP is shown in percentages\n|rule|Sleep Clause Mod: Limit one foe put to sleep\n|rule|Illusion Level Mod: Illusion disguises the Pok\u00e9mon's true level\n|\n|t:|1782851329\n|teamsize|p1|6\n|teamsize|p2|6\n|start\n|switch|p1a: Bastiodon|Bastiodon, L89, F|252/252\n|switch|p2a: Pyroar|Pyroar, L88, M|295/295\n|-ability|p2a: Pyroar|Unnerve\n|turn|1\n|j| jge973\n|\n|t:|1782851350\n|switch|p2a: Sudowoodo|Sudowoodo, L94, F|284/284\n|move|p1a: Bastiodon|Body Press|p2a: Sudowoodo\n|-supereffective|p2a: Sudowoodo\n|-damage|p2a: Sudowoodo|130/284\n|\n|-heal|p2a: Sudowoodo|147/284|[from] item: Leftovers\n|upkeep\n|turn|2\n|\n|t:|1782851359\n|move|p2a: Sudowoodo|Stealth Rock|p1a: Bastiodon\n|-sidestart|p1: jihadi jynx|move: Stealth Rock\n|move|p1a: Bastiodon|Body Press|p2a: Sudowoodo\n|-supereffective|p2a: Sudowoodo\n|-damage|p2a: Sudowoodo|0 fnt\n|faint|p2a: Sudowoodo\n|\n|upkeep\n|\n|t:|1782851372\n|switch|p2a: Suicune|Suicune, L82|298/298\n|-ability|p2a: Suicune|Pressure\n|turn|3\n|inactive|Battle timer is ON: inactive players will automatically lose when time's up. (requested by velvet)\n|\n|t:|1782851390\n|switch|p1a: Smeargle|Smeargle, L95, M|258/258\n|-damage|p1a: Smeargle|226/258|[from] Stealth Rock\n|move|p2a: Suicune|Scald|p1a: Smeargle\n|-damage|p1a: Smeargle|121/258\n|-status|p1a: Smeargle|brn\n|\n|-damage|p1a: Smeargle|105/258 brn|[from] brn\n|upkeep\n|turn|4\n|\n|t:|1782851398\n|move|p1a: Smeargle|Spore|p2a: Suicune\n|-status|p2a: Suicune|slp|[from] move: Spore\n|cant|p2a: Suicune|slp\n|\n|-damage|p1a: Smeargle|89/258 brn|[from] brn\n|upkeep\n|turn|5\n|\n|t:|1782851402\n|move|p1a: Smeargle|Sticky Web|p2a: Suicune\n|-sidestart|p2: velvet|move: Sticky Web\n|cant|p2a: Suicune|slp\n|\n|-damage|p1a: Smeargle|73/258 brn|[from] brn\n|upkeep\n|turn|6\n|\n|t:|1782851405\n|move|p1a: Smeargle|Stealth Rock|p2a: Suicune\n|-sidestart|p2: velvet|move: Stealth Rock\n|-curestatus|p2a: Suicune|slp|[msg]\n|move|p2a: Suicune|Substitute|p2a: Suicune\n|-start|p2a: Suicune|Substitute\n|-damage|p2a: Suicune|224/298\n|\n|-heal|p2a: Suicune|242/298|[from] item: Leftovers\n|-damage|p1a: Smeargle|57/258 brn|[from] brn\n|upkeep\n|turn|7\n|\n|t:|1782851425\n|switch|p1a: Ting-Lu|Ting-Lu, L78|370/370\n|-damage|p1a: Ting-Lu|347/370|[from] Stealth Rock\n|-ability|p1a: Ting-Lu|Vessel of Ruin\n|move|p2a: Suicune|Scald|p1a: Ting-Lu\n|-supereffective|p1a: Ting-Lu\n|-damage|p1a: Ting-Lu|227/370\n|\n|-heal|p2a: Suicune|260/298|[from] item: Leftovers\n|-heal|p1a: Ting-Lu|250/370|[from] item: Leftovers\n|upkeep\n|turn|8\n|\n|t:|1782851432\n|move|p2a: Suicune|Scald|p1a: Ting-Lu\n|-supereffective|p1a: Ting-Lu\n|-damage|p1a: Ting-Lu|122/370\n|-status|p1a: Ting-Lu|brn\n|move|p1a: Ting-Lu|Whirlwind|p2a: Suicune\n|drag|p2a: Palafin|Palafin, L77, F|281/281\n|-activate|p2a: Palafin|move: Sticky Web\n|-unboost|p2a: Palafin|spe|1\n|-damage|p2a: Palafin|246/281|[from] Stealth Rock\n|\n|-heal|p2a: Palafin|263/281|[from] item: Leftovers\n|-heal|p1a: Ting-Lu|145/370 brn|[from] item: Leftovers\n|-damage|p1a: Ting-Lu|122/370 brn|[from] brn\n|upkeep\n|turn|9\n|\n|t:|1782851436\n|move|p2a: Palafin|Bulk Up|p2a: Palafin\n|-boost|p2a: Palafin|atk|1\n|-boost|p2a: Palafin|def|1\n|move|p1a: Ting-Lu|Spikes|p2a: Palafin\n|-sidestart|p2: velvet|Spikes\n|\n|-heal|p2a: Palafin|280/281|[from] item: Leftovers\n|-heal|p1a: Ting-Lu|145/370 brn|[from] item: Leftovers\n|-damage|p1a: Ting-Lu|122/370 brn|[from] brn\n|upkeep\n|turn|10\n|\n|t:|1782851443\n|move|p2a: Palafin|Jet Punch|p1a: Ting-Lu\n|-supereffective|p1a: Ting-Lu\n|-crit|p1a: Ting-Lu\n|-damage|p1a: Ting-Lu|0 fnt\n|faint|p1a: Ting-Lu\n|\n|-heal|p2a: Palafin|281/281|[from] item: Leftovers\n|upkeep\n|\n|t:|1782851446\n|switch|p1a: Venusaur|Venusaur, L84, F|272/272\n|-damage|p1a: Venusaur|238/272|[from] Stealth Rock\n|turn|11\n|\n|t:|1782851450\n|-terastallize|p2a: Palafin|Steel\n|move|p1a: Venusaur|Leech Seed|p2a: Palafin\n|-start|p2a: Palafin|move: Leech Seed\n|move|p2a: Palafin|Ice Punch|p1a: Venusaur\n|-supereffective|p1a: Venusaur\n|-damage|p1a: Venusaur|120/272\n|\n|-heal|p1a: Venusaur|137/272|[from] item: Leftovers\n|-damage|p2a: Palafin|246/281|[from] Leech Seed|[of] p1a: Venusaur\n|-heal|p1a: Venusaur|172/272|[silent]\n|upkeep\n|turn|12\n|\n|t:|1782851456\n|detailschange|p2a: Palafin|Palafin-Hero, L77, F, tera:Steel\n|switch|p2a: Okidogi|Okidogi, L77, M|262/262\n|-activate|p2a: Okidogi|move: Sticky Web\n|-unboost|p2a: Okidogi|spe|1\n|-damage|p2a: Okidogi|246/262|[from] Stealth Rock\n|-damage|p2a: Okidogi|214/262|[from] Spikes\n|move|p1a: Venusaur|Substitute|p1a: Venusaur\n|-start|p1a: Venusaur|Substitute\n|-damage|p1a: Venusaur|104/272\n|\n|-heal|p1a: Venusaur|121/272|[from] item: Leftovers\n|upkeep\n|turn|13\n|\n|t:|1782851459\n|move|p1a: Venusaur|Leech Seed|p2a: Okidogi\n|-start|p2a: Okidogi|move: Leech Seed\n|move|p2a: Okidogi|Knock Off|p1a: Venusaur\n|-end|p1a: Venusaur|Substitute\n|\n|-heal|p1a: Venusaur|138/272|[from] item: Leftovers\n|-damage|p2a: Okidogi|182/262|[from] Leech Seed|[of] p1a: Venusaur\n|-heal|p1a: Venusaur|170/272|[silent]\n|upkeep\n|turn|14\n|\n|t:|1782851463\n|switch|p2a: Pyroar|Pyroar, L88, M|295/295\n|-ability|p2a: Pyroar|Unnerve\n|move|p1a: Venusaur|Substitute|p1a: Venusaur\n|-start|p1a: Venusaur|Substitute\n|-damage|p1a: Venusaur|102/272\n|\n|-heal|p1a: Venusaur|119/272|[from] item: Leftovers\n|upkeep\n|turn|15\n|\n|t:|1782851468\n|move|p2a: Pyroar|Hyper Voice|p1a: Venusaur\n|-damage|p1a: Venusaur|20/272\n|move|p1a: Venusaur|Leech Seed|p2a: Pyroar\n|-start|p2a: Pyroar|move: Leech Seed\n|\n|-heal|p1a: Venusaur|37/272|[from] item: Leftovers\n|-damage|p2a: Pyroar|259/295|[from] Leech Seed|[of] p1a: Venusaur\n|-heal|p1a: Venusaur|73/272|[silent]\n|upkeep\n|turn|16\n|\n|t:|1782851485\n|switch|p2a: Okidogi|Okidogi, L77, M|182/262\n|-activate|p2a: Okidogi|move: Sticky Web\n|-unboost|p2a: Okidogi|spe|1\n|-damage|p2a: Okidogi|166/262|[from] Stealth Rock\n|-damage|p2a: Okidogi|134/262|[from] Spikes\n|switch|p1a: Ninetales|Ninetales-Alola, L78, F|242/242\n|-damage|p1a: Ninetales|182/242|[from] Stealth Rock\n|-weather|Snowscape|[from] ability: Snow Warning|[of] p1a: Ninetales\n|\n|-weather|Snowscape|[upkeep]\n|upkeep\n|turn|17\n|\n|t:|1782851491\n|move|p1a: Ninetales|Aurora Veil|p1a: Ninetales\n|-sidestart|p1: jihadi jynx|move: Aurora Veil\n|move|p2a: Okidogi|Knock Off|p1a: Ninetales\n|-resisted|p1a: Ninetales\n|-damage|p1a: Ninetales|169/242\n|-enditem|p1a: Ninetales|Light Clay|[from] move: Knock Off|[of] p2a: Okidogi\n|\n|-weather|Snowscape|[upkeep]\n|upkeep\n|turn|18\n|\n|t:|1782851495\n|move|p1a: Ninetales|Blizzard|p2a: Okidogi\n|-damage|p2a: Okidogi|74/262\n|-status|p2a: Okidogi|frz\n|cant|p2a: Okidogi|frz\n|\n|-weather|Snowscape|[upkeep]\n|upkeep\n|turn|19\n|\n|t:|1782851512\n|switch|p2a: Pyroar|Pyroar, L88, M|259/295\n|-ability|p2a: Pyroar|Unnerve\n|move|p1a: Ninetales|Blizzard|p2a: Pyroar\n|-resisted|p2a: Pyroar\n|-damage|p2a: Pyroar|208/295\n|\n|-weather|Snowscape|[upkeep]\n|upkeep\n|turn|20\n|\n|t:|1782851520\n|switch|p1a: Bastiodon|Bastiodon, L89, F|252/252\n|-damage|p1a: Bastiodon|237/252|[from] Stealth Rock\n|move|p2a: Pyroar|Fire Blast|p1a: Bastiodon\n|-damage|p1a: Bastiodon|192/252\n|\n|-weather|none\n|upkeep\n|turn|21\n|\n|t:|1782851530\n|move|p2a: Pyroar|Taunt|p1a: Bastiodon\n|-start|p1a: Bastiodon|move: Taunt\n|cant|p1a: Bastiodon|move: Taunt|Iron Defense\n|\n|upkeep\n|turn|22\n|\n|t:|1782851533\n|switch|p2a: Okidogi|Okidogi, L77, M|74/262 frz\n|-activate|p2a: Okidogi|move: Sticky Web\n|-unboost|p2a: Okidogi|spe|1\n|-damage|p2a: Okidogi|58/262 frz|[from] Stealth Rock\n|-damage|p2a: Okidogi|26/262 frz|[from] Spikes\n|move|p1a: Bastiodon|Body Press|p2a: Okidogi\n|-resisted|p2a: Okidogi\n|-crit|p2a: Okidogi\n|-damage|p2a: Okidogi|0 fnt\n|faint|p2a: Okidogi\n|\n|upkeep\n|\n|t:|1782851534\n|switch|p2a: Suicune|Suicune, L82|260/298\n|-activate|p2a: Suicune|move: Sticky Web\n|-unboost|p2a: Suicune|spe|1\n|-damage|p2a: Suicune|223/298|[from] Stealth Rock\n|-damage|p2a: Suicune|186/298|[from] Spikes\n|-ability|p2a: Suicune|Pressure\n|turn|23\n|\n|t:|1782851541\n|-terastallize|p1a: Bastiodon|Fighting\n|move|p2a: Suicune|Substitute|p2a: Suicune\n|-start|p2a: Suicune|Substitute\n|-damage|p2a: Suicune|112/298\n|move|p1a: Bastiodon|Body Press|p2a: Suicune\n|-end|p2a: Suicune|Substitute\n|\n|-heal|p2a: Suicune|130/298|[from] item: Leftovers\n|-end|p1a: Bastiodon|move: Taunt\n|upkeep\n|turn|24\n|\n|t:|1782851544\n|move|p2a: Suicune|Scald|p1a: Bastiodon\n|-damage|p1a: Bastiodon|169/252\n|move|p1a: Bastiodon|Body Press|p2a: Suicune\n|-damage|p2a: Suicune|4/298\n|\n|-heal|p2a: Suicune|22/298|[from] item: Leftovers\n|-sideend|p1: jihadi jynx|move: Aurora Veil\n|upkeep\n|turn|25\n|\n|t:|1782851548\n|move|p2a: Suicune|Scald|p1a: Bastiodon\n|-damage|p1a: Bastiodon|123/252\n|move|p1a: Bastiodon|Body Press|p2a: Suicune\n|-damage|p2a: Suicune|0 fnt\n|faint|p2a: Suicune\n|\n|upkeep\n|\n|t:|1782851551\n|switch|p2a: Lilligant|Lilligant, L86, F|261/261\n|-activate|p2a: Lilligant|move: Sticky Web\n|-unboost|p2a: Lilligant|spe|1\n|-damage|p2a: Lilligant|229/261|[from] Stealth Rock\n|-damage|p2a: Lilligant|197/261|[from] Spikes\n|turn|26\n|\n|t:|1782851560\n|switch|p1a: Appletun|Appletun, L92, F|352/352\n|-damage|p1a: Appletun|308/352|[from] Stealth Rock\n|move|p2a: Lilligant|Quiver Dance|p2a: Lilligant\n|-boost|p2a: Lilligant|spa|1\n|-boost|p2a: Lilligant|spd|1\n|-boost|p2a: Lilligant|spe|1\n|\n|-heal|p1a: Appletun|330/352|[from] item: Leftovers\n|upkeep\n|turn|27\n|\n|t:|1782851563\n|move|p2a: Lilligant|Quiver Dance|p2a: Lilligant\n|-boost|p2a: Lilligant|spa|1\n|-boost|p2a: Lilligant|spd|1\n|-boost|p2a: Lilligant|spe|1\n|move|p1a: Appletun|Dragon Tail|p2a: Lilligant\n|-damage|p2a: Lilligant|125/261\n|drag|p2a: Pyroar|Pyroar, L88, M|208/295\n|-ability|p2a: Pyroar|Unnerve\n|\n|-heal|p1a: Appletun|352/352|[from] item: Leftovers\n|upkeep\n|turn|28\n|\n|t:|1782851567\n|move|p2a: Pyroar|Hyper Voice|p1a: Appletun\n|-damage|p1a: Appletun|244/352\n|move|p1a: Appletun|Dragon Pulse|p2a: Pyroar\n|-damage|p2a: Pyroar|85/295\n|\n|-heal|p1a: Appletun|266/352|[from] item: Leftovers\n|upkeep\n|turn|29\n|\n|t:|1782851570\n|move|p2a: Pyroar|Hyper Voice|p1a: Appletun\n|-damage|p1a: Appletun|163/352\n|move|p1a: Appletun|Recover|p1a: Appletun\n|-heal|p1a: Appletun|339/352\n|\n|-heal|p1a: Appletun|352/352|[from] item: Leftovers\n|upkeep\n|turn|30\n|\n|t:|1782851574\n|move|p2a: Pyroar|Hyper Voice|p1a: Appletun\n|-damage|p1a: Appletun|244/352\n|move|p1a: Appletun|Dragon Tail|p2a: Pyroar\n|-damage|p2a: Pyroar|10/295\n|drag|p2a: Lilligant|Lilligant, L86, F|125/261\n|-activate|p2a: Lilligant|move: Sticky Web\n|-unboost|p2a: Lilligant|spe|1\n|-damage|p2a: Lilligant|93/261|[from] Stealth Rock\n|-damage|p2a: Lilligant|61/261|[from] Spikes\n|\n|-heal|p1a: Appletun|266/352|[from] item: Leftovers\n|upkeep\n|turn|31\n|\n|t:|1782851578\n|move|p2a: Lilligant|Quiver Dance|p2a: Lilligant\n|-boost|p2a: Lilligant|spa|1\n|-boost|p2a: Lilligant|spd|1\n|-boost|p2a: Lilligant|spe|1\n|move|p1a: Appletun|Recover|p1a: Appletun\n|-heal|p1a: Appletun|352/352\n|\n|upkeep\n|turn|32\n|\n|t:|1782851582\n|move|p2a: Lilligant|Tera Blast|p1a: Appletun\n|-damage|p1a: Appletun|236/352\n|-damage|p2a: Lilligant|35/261|[from] item: Life Orb\n|move|p1a: Appletun|Dragon Tail|p2a: Lilligant\n|-damage|p2a: Lilligant|0 fnt\n|faint|p2a: Lilligant\n|\n|-heal|p1a: Appletun|258/352|[from] item: Leftovers\n|upkeep\n|\n|t:|1782851584\n|switch|p2a: Pyroar|Pyroar, L88, M|10/295\n|-ability|p2a: Pyroar|Unnerve\n|turn|33\n|\n|t:|1782851595\n|move|p2a: Pyroar|Taunt|p1a: Appletun\n|-start|p1a: Appletun|move: Taunt\n|cant|p1a: Appletun|move: Taunt|Recover\n|\n|-heal|p1a: Appletun|280/352|[from] item: Leftovers\n|upkeep\n|turn|34\n|\n|t:|1782851620\n|move|p2a: Pyroar|Fire Blast|p1a: Appletun\n|-damage|p1a: Appletun|211/352\n|move|p1a: Appletun|Dragon Pulse|p2a: Pyroar\n|-damage|p2a: Pyroar|0 fnt\n|faint|p2a: Pyroar\n|\n|-heal|p1a: Appletun|233/352|[from] item: Leftovers\n|upkeep\n|\n|t:|1782851623\n|switch|p2a: Palafin|Palafin-Hero, L77, F, tera:Steel|246/281\n|-activate|p2a: Palafin|move: Sticky Web\n|-unboost|p2a: Palafin|spe|1\n|-damage|p2a: Palafin|229/281|[from] Stealth Rock\n|-damage|p2a: Palafin|194/281|[from] Spikes\n|-activate|p2a: Palafin|ability: Zero to Hero\n|turn|35\n|\n|t:|1782851627\n|switch|p1a: Ninetales|Ninetales-Alola, L78, F|169/242\n|-damage|p1a: Ninetales|109/242|[from] Stealth Rock\n|-weather|Snowscape|[from] ability: Snow Warning|[of] p1a: Ninetales\n|move|p2a: Palafin|Bulk Up|p2a: Palafin\n|-boost|p2a: Palafin|atk|1\n|-boost|p2a: Palafin|def|1\n|\n|-weather|Snowscape|[upkeep]\n|-heal|p2a: Palafin|211/281|[from] item: Leftovers\n|upkeep\n|turn|36\n|j| mpt\n|inactive|velvet has 120 seconds left.\n|\n|t:|1782851671\n|move|p1a: Ninetales|Aurora Veil|p1a: Ninetales\n|-sidestart|p1: jihadi jynx|move: Aurora Veil\n|move|p2a: Palafin|Bulk Up|p2a: Palafin\n|-boost|p2a: Palafin|atk|1\n|-boost|p2a: Palafin|def|1\n|\n|-weather|Snowscape|[upkeep]\n|-heal|p2a: Palafin|228/281|[from] item: Leftovers\n|upkeep\n|turn|37\n|\n|t:|1782851679\n|switch|p1a: Smeargle|Smeargle, L95, M|57/258 brn\n|-damage|p1a: Smeargle|25/258 brn|[from] Stealth Rock\n|move|p2a: Palafin|Bulk Up|p2a: Palafin\n|-boost|p2a: Palafin|atk|1\n|-boost|p2a: Palafin|def|1\n|\n|-weather|Snowscape|[upkeep]\n|-heal|p2a: Palafin|245/281|[from] item: Leftovers\n|-damage|p1a: Smeargle|9/258 brn|[from] brn\n|upkeep\n|turn|38\n|\n|t:|1782851686\n|move|p2a: Palafin|Jet Punch|p1a: Smeargle\n|-damage|p1a: Smeargle|0 fnt\n|faint|p1a: Smeargle\n|\n|-weather|Snowscape|[upkeep]\n|-heal|p2a: Palafin|262/281|[from] item: Leftovers\n|upkeep\n|\n|t:|1782851689\n|switch|p1a: Bastiodon|Bastiodon, L89, F, tera:Fighting|123/252\n|-damage|p1a: Bastiodon|108/252|[from] Stealth Rock\n|turn|39\n|\n|t:|1782851692\n|move|p2a: Palafin|Bulk Up|p2a: Palafin\n|-boost|p2a: Palafin|atk|1\n|-boost|p2a: Palafin|def|1\n|move|p1a: Bastiodon|Rest|p1a: Bastiodon\n|-status|p1a: Bastiodon|slp|[from] move: Rest\n|-heal|p1a: Bastiodon|252/252 slp|[silent]\n|-enditem|p1a: Bastiodon|Chesto Berry|[eat]\n|-curestatus|p1a: Bastiodon|slp|[msg]\n|\n|-weather|none\n|-heal|p2a: Palafin|279/281|[from] item: Leftovers\n|upkeep\n|turn|40\n|\n|t:|1782851717\n|move|p2a: Palafin|Ice Punch|p1a: Bastiodon\n|-damage|p1a: Bastiodon|200/252\n|-status|p1a: Bastiodon|frz\n|-curestatus|p1a: Bastiodon|frz|[msg]\n|move|p1a: Bastiodon|Iron Defense|p1a: Bastiodon\n|-boost|p1a: Bastiodon|def|2\n|\n|-heal|p2a: Palafin|281/281|[from] item: Leftovers\n|-sideend|p1: jihadi jynx|move: Aurora Veil\n|upkeep\n|turn|41\n|\n|t:|1782851732\n|move|p2a: Palafin|Ice Punch|p1a: Bastiodon\n|-damage|p1a: Bastiodon|148/252\n|move|p1a: Bastiodon|Iron Defense|p1a: Bastiodon\n|-boost|p1a: Bastiodon|def|2\n|\n|upkeep\n|turn|42\n|\n|t:|1782851738\n|move|p2a: Palafin|Ice Punch|p1a: Bastiodon\n|-damage|p1a: Bastiodon|113/252\n|move|p1a: Bastiodon|Iron Defense|p1a: Bastiodon\n|-boost|p1a: Bastiodon|def|2\n|\n|upkeep\n|turn|43\n|\n|t:|1782851742\n|move|p2a: Palafin|Ice Punch|p1a: Bastiodon\n|-damage|p1a: Bastiodon|87/252\n|move|p1a: Bastiodon|Body Press|p2a: Palafin\n|-supereffective|p2a: Palafin\n|-damage|p2a: Palafin|0 fnt\n|faint|p2a: Palafin\n|\n|win|jihadi jynx\n|raw|jihadi jynx's rating: 2281 &rarr; <strong>2302</strong><br />(+21 for winning)\n|raw|velvet's rating: 2298 &rarr; <strong>2277</strong><br />(-21 for losing)\n", "inputlog": ">version f8ac14003a5f27e1bdc8d8c59608a773c1cb96e5\n>start {\"formatid\":\"gen9randombattle\",\"seed\":\"sodium,f3c516e8c3a70117d58c1b18482cbe0e\",\"rated\":\"Rated battle\"}\n>player p1 {\"name\":\"jihadi jynx\",\"avatar\":\"2\",\"rating\":2281,\"seed\":\"sodium,5da54b6eb851c114f700707e434f4ccd\"}\n>player p2 {\"name\":\"velvet\",\"avatar\":\"winona-gen3\",\"rating\":2298,\"seed\":\"sodium,ec30d3e668bd38bae5b8a97e4c057a42\"}\n>p1 move bodypress\n>p2 switch 2\n>p1 move bodypress\n>p2 move stealthrock\n>p2 switch 3\n>p1 switch 3\n>p2 move scald\n>p1 move spore\n>p2 move substitute\n>p1 move stickyweb\n>p2 move substitute\n>p1 move stealthrock\n>p2 move substitute\n>p1 switch 6\n>p2 move scald\n>p1 move whirlwind\n>p2 move scald\n>p1 move spikes\n>p2 move bulkup\n>p1 move spikes\n>p2 move jetpunch\n>p1 switch 5\n>p1 move leechseed\n>p2 move icepunch terastallize\n>p1 move substitute\n>p2 switch 5\n>p1 move leechseed\n>p2 move knockoff\n>p1 move substitute\n>p2 switch 2\n>p1 move leechseed\n>p2 move hypervoice\n>p1 switch 4\n>p2 switch 2\n>p1 move auroraveil\n>p2 move knockoff\n>p1 move blizzard\n>p2 move gunkshot\n>p1 move blizzard\n>p2 switch 2\n>p1 switch 3\n>p2 move fireblast\n>p1 move irondefense\n>p2 move taunt\n>p1 move bodypress\n>p2 switch 2\n>p2 switch 4\n>p1 move bodypress terastallize\n>p2 move substitute\n>p1 move bodypress\n>p2 move scald\n>p1 move bodypress\n>p2 move scald\n>p2 switch 6\n>p1 switch 2\n>p2 move quiverdance\n>p1 move dragontail\n>p2 move quiverdance\n>p1 move dragonpulse\n>p2 move hypervoice\n>p1 move recover\n>p2 move hypervoice\n>p1 move dragontail\n>p2 move hypervoice\n>p1 move recover\n>p2 move quiverdance\n>p1 move dragontail\n>p2 move terablast\n>p2 switch 2\n>p1 move recover\n>p2 move taunt\n>p1 move dragonpulse\n>p2 move fireblast\n>p2 switch 5\n>p1 switch 3\n>p2 move bulkup\n>p1 move auroraveil\n>p2 move bulkup\n>p1 switch 6\n>p2 move bulkup\n>p1 move spore\n>p2 move jetpunch\n>p1 switch 2\n>p1 move rest\n>p2 move bulkup\n>p1 move irondefense\n>p2 move icepunch\n>p1 move irondefense\n>p2 move icepunch\n>p1 move irondefense\n>p2 move icepunch\n>p1 move bodypress\n>p2 move icepunch", "uploadtime": 1782851742, "views": 6, "formatid": "gen9randombattle", "rating": 2277, "private": 0, "password": null, "player_dets": [{"name": "jihadi jynx", "avatar": "2", "rating": 2281, "seed": "sodium,5da54b6eb851c114f700707e434f4ccd"}, {"name": "velvet", "avatar": "winona-gen3", "rating": 2298, "seed": "sodium,ec30d3e668bd38bae5b8a97e4c057a42"}], "teams_full": [{"Bastiodon": {"name": "Bastiodon", "species": "Bastiodon", "speciesId": "bastiodon", "gender": "F", "shiny": false, "level": 89, "moves": ["bodypress", "irondefense", "foulplay", "rest"], "ability": "Soundproof", "evs": {"hp": 85, "atk": 0, "def": 85, "spa": 85, "spd": 85, "spe": 85}, "ivs": {"hp": 31, "atk": 0, "def": 31, "spa": 31, "spd": 31, "spe": 31}, "item": "Chesto Berry", "teraType": "Fighting", "role": "Bulky Setup", "bvs": {"hp": 60, "atk": 52, "def": 168, "spa": 47, "spd": 138, "spe": 30}, "stats": {"hp": 252, "atk": 97, "def": 350, "spa": 134, "spd": 296, "spe": 104}, "types": ["Rock", "Steel"]}, "Appletun": {"name": "Appletun", "species": "Appletun", "speciesId": "appletun", "gender": "F", "shiny": false, "level": 92, "moves": ["dragonpulse", "recover", "appleacid", "dragontail"], "ability": "Thick Fat", "evs": {"hp": 85, "atk": 85, "def": 85, "spa": 85, "spd": 85, "spe": 85}, "ivs": {"hp": 31, "atk": 31, "def": 31, "spa": 31, "spd": 31, "spe": 31}, "item": "Leftovers", "teraType": "Steel", "role": "Bulky Attacker", "bvs": {"hp": 110, "atk": 85, "def": 80, "spa": 100, "spd": 80, "spe": 30}, "stats": {"hp": 352, "atk": 209, "def": 200, "spa": 236, "spd": 200, "spe": 108}, "types": ["Grass", "Dragon"]}, "Smeargle": {"name": "Smeargle", "species": "Smeargle", "speciesId": "smeargle", "gender": "M", "shiny": false, "level": 95, "moves": ["stealthrock", "ceaselessedge", "stickyweb", "spore"], "ability": "Own Tempo", "evs": {"hp": 85, "atk": 85, "def": 85, "spa": 85, "spd": 85, "spe": 85}, "ivs": {"hp": 31, "atk": 31, "def": 31, "spa": 31, "spd": 31, "spe": 31}, "item": "Focus Sash", "teraType": "Ghost", "role": "Fast Support", "bvs": {"hp": 55, "atk": 20, "def": 35, "spa": 20, "spd": 45, "spe": 75}, "stats": {"hp": 258, "atk": 92, "def": 120, "spa": 92, "spd": 139, "spe": 196}, "types": ["Normal"]}, "Ninetales": {"name": "Ninetales", "species": "Ninetales-Alola", "speciesId": "ninetalesalola", "gender": "F", "shiny": false, "level": 78, "moves": ["freezedry", "blizzard", "auroraveil", "moonblast"], "ability": "Snow Warning", "evs": {"hp": 85, "atk": 0, "def": 85, "spa": 85, "spd": 85, "spe": 85}, "ivs": {"hp": 31, "atk": 0, "def": 31, "spa": 31, "spd": 31, "spe": 31}, "item": "Light Clay", "teraType": "Steel", "role": "Fast Attacker", "bvs": {"hp": 73, "atk": 67, "def": 75, "spa": 81, "spd": 100, "spe": 109}, "stats": {"hp": 242, "atk": 109, "def": 162, "spa": 171, "spd": 201, "spe": 215}, "types": ["Ice", "Fairy"]}, "Venusaur": {"name": "Venusaur", "species": "Venusaur", "speciesId": "venusaur", "gender": "F", "shiny": false, "level": 84, "moves": ["substitute", "leechseed", "sludgebomb", "gigadrain"], "ability": "Overgrow", "evs": {"hp": 85, "atk": 0, "def": 85, "spa": 85, "spd": 85, "spe": 85}, "ivs": {"hp": 31, "atk": 0, "def": 31, "spa": 31, "spd": 31, "spe": 31}, "item": "Leftovers", "teraType": "Steel", "role": "Bulky Support", "bvs": {"hp": 80, "atk": 82, "def": 83, "spa": 100, "spd": 100, "spe": 80}, "stats": {"hp": 272, "atk": 142, "def": 188, "spa": 216, "spd": 216, "spe": 183}, "types": ["Grass", "Poison"]}, "Ting-Lu": {"name": "Ting-Lu", "species": "Ting-Lu", "speciesId": "tinglu", "gender": "N", "shiny": false, "level": 78, "moves": ["spikes", "throatchop", "whirlwind", "earthquake"], "ability": "Vessel of Ruin", "evs": {"hp": 85, "atk": 85, "def": 85, "spa": 85, "spd": 85, "spe": 85}, "ivs": {"hp": 31, "atk": 31, "def": 31, "spa": 31, "spd": 31, "spe": 31}, "item": "Leftovers", "teraType": "Ghost", "role": "Bulky Support", "bvs": {"hp": 155, "atk": 110, "def": 125, "spa": 55, "spd": 80, "spe": 45}, "stats": {"hp": 370, "atk": 217, "def": 240, "spa": 131, "spd": 170, "spe": 115}, "types": ["Dark", "Ground"]}}, {"Pyroar": {"name": "Pyroar", "species": "Pyroar", "speciesId": "pyroar", "gender": "M", "shiny": false, "level": 88, "moves": ["darkpulse", "hypervoice", "taunt", "fireblast"], "ability": "Unnerve", "evs": {"hp": 85, "atk": 0, "def": 85, "spa": 85, "spd": 85, "spe": 85}, "ivs": {"hp": 31, "atk": 0, "def": 31, "spa": 31, "spd": 31, "spe": 31}, "item": "Heavy-Duty Boots", "teraType": "Fire", "role": "Fast Attacker", "bvs": {"hp": 86, "atk": 68, "def": 72, "spa": 109, "spd": 66, "spe": 106}, "stats": {"hp": 295, "atk": 124, "def": 177, "spa": 242, "spd": 166, "spe": 237}, "types": ["Fire", "Normal"]}, "Sudowoodo": {"name": "Sudowoodo", "species": "Sudowoodo", "speciesId": "sudowoodo", "gender": "F", "shiny": false, "level": 94, "moves": ["woodhammer", "headsmash", "stealthrock", "earthquake"], "ability": "Rock Head", "evs": {"hp": 85, "atk": 85, "def": 85, "spa": 85, "spd": 85, "spe": 85}, "ivs": {"hp": 31, "atk": 31, "def": 31, "spa": 31, "spd": 31, "spe": 31}, "item": "Leftovers", "teraType": "Rock", "role": "Bulky Attacker", "bvs": {"hp": 70, "atk": 100, "def": 115, "spa": 30, "spd": 65, "spe": 30}, "stats": {"hp": 284, "atk": 241, "def": 270, "spa": 110, "spd": 176, "spe": 110}, "types": ["Rock"]}, "Suicune": {"name": "Suicune", "species": "Suicune", "speciesId": "suicune", "gender": "N", "shiny": false, "level": 82, "moves": ["calmmind", "scald", "icebeam", "substitute"], "ability": "Pressure", "evs": {"hp": 85, "atk": 0, "def": 85, "spa": 85, "spd": 85, "spe": 85}, "ivs": {"hp": 31, "atk": 0, "def": 31, "spa": 31, "spd": 31, "spe": 31}, "item": "Leftovers", "teraType": "Dragon", "role": "Bulky Setup", "bvs": {"hp": 100, "atk": 75, "def": 115, "spa": 90, "spd": 115, "spe": 85}, "stats": {"hp": 298, "atk": 127, "def": 236, "spa": 195, "spd": 236, "spe": 187}, "types": ["Water"]}, "Palafin": {"name": "Palafin", "species": "Palafin", "speciesId": "palafin", "gender": "F", "shiny": false, "level": 77, "moves": ["drainpunch", "jetpunch", "bulkup", "icepunch"], "ability": "Zero to Hero", "evs": {"hp": 85, "atk": 85, "def": 85, "spa": 85, "spd": 85, "spe": 85}, "ivs": {"hp": 31, "atk": 31, "def": 31, "spa": 31, "spd": 31, "spe": 31}, "item": "Leftovers", "teraType": "Steel", "role": "Bulky Setup", "bvs": {"hp": 100, "atk": 70, "def": 72, "spa": 53, "spd": 62, "spe": 100}, "stats": {"hp": 281, "atk": 152, "def": 155, "spa": 126, "spd": 140, "spe": 199}, "types": ["Water"]}, "Okidogi": {"name": "Okidogi", "species": "Okidogi", "speciesId": "okidogi", "gender": "M", "shiny": false, "level": 77, "moves": ["drainpunch", "gunkshot", "psychicfangs", "knockoff"], "ability": "Toxic Chain", "evs": {"hp": 85, "atk": 85, "def": 85, "spa": 85, "spd": 85, "spe": 85}, "ivs": {"hp": 31, "atk": 31, "def": 31, "spa": 31, "spd": 31, "spe": 31}, "item": "Assault Vest", "teraType": "Dark", "role": "AV Pivot", "bvs": {"hp": 88, "atk": 128, "def": 115, "spa": 58, "spd": 86, "spe": 80}, "stats": {"hp": 262, "atk": 242, "def": 222, "spa": 134, "spd": 177, "spe": 168}, "types": ["Poison", "Fighting"]}, "Lilligant": {"name": "Lilligant", "species": "Lilligant", "speciesId": "lilligant", "gender": "F", "shiny": false, "level": 86, "moves": ["gigadrain", "quiverdance", "terablast", "sleeppowder"], "ability": "Chlorophyll", "evs": {"hp": 85, "atk": 0, "def": 85, "spa": 85, "spd": 85, "spe": 85}, "ivs": {"hp": 31, "atk": 0, "def": 31, "spa": 31, "spd": 31, "spe": 31}, "item": "Life Orb", "teraType": "Fire", "role": "Tera Blast user", "bvs": {"hp": 70, "atk": 60, "def": 75, "spa": 110, "spd": 75, "spe": 90}, "stats": {"hp": 261, "atk": 108, "def": 178, "spa": 238, "spd": 178, "spe": 204}, "types": ["Grass"]}}]}