{"id": "gen9randombattle-2642026893", "format": "[Gen 9] Random Battle", "players": ["snosjs", "supremenatsu"], "log": "|j|\u203dsnosjs\n|j|\u2606supremenatsu\n|t:|1782875447\n|gametype|singles\n|player|p1|snosjs|101|1130\n|player|p2|supremenatsu|102|1170\n|gen|9\n|tier|[Gen 9] Random Battle\n|rated|\n|rule|Species Clause: Limit one of each Pok\u00e9mon\n|rule|HP Percentage Mod: HP is shown in percentages\n|rule|Sleep Clause Mod: Limit one foe put to sleep\n|rule|Illusion Level Mod: Illusion disguises the Pok\u00e9mon's true level\n|\n|t:|1782875447\n|teamsize|p1|6\n|teamsize|p2|6\n|start\n|switch|p1a: Bisharp|Bisharp, L79, M|232/232\n|switch|p2a: Scream Tail|Scream Tail, L84|330/330\n|turn|1\n|\n|t:|1782875463\n|-end|p2a: Scream Tail|Protosynthesis|[silent]\n|switch|p2a: Incineroar|Incineroar, L82, F|290/290\n|-ability|p2a: Incineroar|Intimidate|boost\n|-unboost|p1a: Bisharp|atk|1\n|-ability|p1a: Bisharp|Defiant|boost\n|-boost|p1a: Bisharp|atk|2\n|move|p1a: Bisharp|Stealth Rock|p2a: Incineroar\n|-sidestart|p2: supremenatsu|move: Stealth Rock\n|\n|upkeep\n|turn|2\n|\n|t:|1782875469\n|switch|p1a: Toxapex|Toxapex, L82, M|216/216\n|move|p2a: Incineroar|Flare Blitz|p1a: Toxapex\n|-resisted|p1a: Toxapex\n|-damage|p1a: Toxapex|168/216\n|-damage|p2a: Incineroar|274/290|[from] Recoil\n|\n|-heal|p1a: Toxapex|181/216|[from] item: Leftovers\n|upkeep\n|turn|3\n|inactive|Battle timer is ON: inactive players will automatically lose when time's up. (requested by snosjs)\n|\n|t:|1782875492\n|switch|p2a: Garganacl|Garganacl, L80, M|291/291\n|-damage|p2a: Garganacl|255/291|[from] Stealth Rock\n|move|p1a: Toxapex|Toxic Spikes|p2a: Garganacl\n|-sidestart|p2: supremenatsu|move: Toxic Spikes\n|\n|-heal|p1a: Toxapex|194/216|[from] item: Leftovers\n|-heal|p2a: Garganacl|273/291|[from] item: Leftovers\n|upkeep\n|turn|4\n|\n|t:|1782875496\n|move|p1a: Toxapex|Toxic Spikes|p2a: Garganacl\n|-sidestart|p2: supremenatsu|move: Toxic Spikes\n|move|p2a: Garganacl|Salt Cure|p1a: Toxapex\n|-damage|p1a: Toxapex|169/216\n|-start|p1a: Toxapex|Salt Cure\n|\n|-heal|p1a: Toxapex|182/216|[from] item: Leftovers\n|-heal|p2a: Garganacl|291/291|[from] item: Leftovers\n|-damage|p1a: Toxapex|128/216|[from] Salt Cure\n|upkeep\n|turn|5\n|\n|t:|1782875502\n|switch|p1a: Amoonguss|Amoonguss, L82, M|321/321\n|move|p2a: Garganacl|Earthquake|p1a: Amoonguss\n|-damage|p1a: Amoonguss|234/321\n|\n|-heal|p1a: Amoonguss|254/321|[from] item: Leftovers\n|upkeep\n|turn|6\n|\n|t:|1782875513\n|move|p2a: Garganacl|Salt Cure|p1a: Amoonguss\n|-damage|p1a: Amoonguss|208/321\n|-start|p1a: Amoonguss|Salt Cure\n|move|p1a: Amoonguss|Giga Drain|p2a: Garganacl\n|-supereffective|p2a: Garganacl\n|-damage|p2a: Garganacl|153/291\n|-heal|p1a: Amoonguss|277/321|[from] drain|[of] p2a: Garganacl\n|\n|-heal|p2a: Garganacl|171/291|[from] item: Leftovers\n|-heal|p1a: Amoonguss|297/321|[from] item: Leftovers\n|-damage|p1a: Amoonguss|257/321|[from] Salt Cure\n|upkeep\n|turn|7\n|\n|t:|1782875517\n|move|p2a: Garganacl|Earthquake|p1a: Amoonguss\n|-damage|p1a: Amoonguss|183/321\n|move|p1a: Amoonguss|Giga Drain|p2a: Garganacl\n|-supereffective|p2a: Garganacl\n|-damage|p2a: Garganacl|19/291\n|-heal|p1a: Amoonguss|259/321|[from] drain|[of] p2a: Garganacl\n|\n|-heal|p2a: Garganacl|37/291|[from] item: Leftovers\n|-heal|p1a: Amoonguss|279/321|[from] item: Leftovers\n|-damage|p1a: Amoonguss|239/321|[from] Salt Cure\n|upkeep\n|turn|8\n|\n|t:|1782875519\n|move|p2a: Garganacl|Recover|p2a: Garganacl\n|-heal|p2a: Garganacl|183/291\n|move|p1a: Amoonguss|Giga Drain|p2a: Garganacl\n|-supereffective|p2a: Garganacl\n|-damage|p2a: Garganacl|45/291\n|-heal|p1a: Amoonguss|308/321|[from] drain|[of] p2a: Garganacl\n|\n|-heal|p2a: Garganacl|63/291|[from] item: Leftovers\n|-heal|p1a: Amoonguss|321/321|[from] item: Leftovers\n|-damage|p1a: Amoonguss|281/321|[from] Salt Cure\n|upkeep\n|turn|9\n|\n|t:|1782875525\n|move|p2a: Garganacl|Protect|p2a: Garganacl\n|-singleturn|p2a: Garganacl|Protect\n|move|p1a: Amoonguss|Giga Drain|p2a: Garganacl\n|-activate|p2a: Garganacl|move: Protect\n|\n|-heal|p2a: Garganacl|81/291|[from] item: Leftovers\n|-heal|p1a: Amoonguss|301/321|[from] item: Leftovers\n|-damage|p1a: Amoonguss|261/321|[from] Salt Cure\n|upkeep\n|turn|10\n|\n|t:|1782875529\n|move|p2a: Garganacl|Recover|p2a: Garganacl\n|-heal|p2a: Garganacl|227/291\n|move|p1a: Amoonguss|Giga Drain|p2a: Garganacl\n|-supereffective|p2a: Garganacl\n|-damage|p2a: Garganacl|95/291\n|-heal|p1a: Amoonguss|321/321|[from] drain|[of] p2a: Garganacl\n|\n|-heal|p2a: Garganacl|113/291|[from] item: Leftovers\n|-damage|p1a: Amoonguss|281/321|[from] Salt Cure\n|upkeep\n|turn|11\n|\n|t:|1782875540\n|switch|p2a: Incineroar|Incineroar, L82, F|274/290\n|-ability|p2a: Incineroar|Intimidate|boost\n|-unboost|p1a: Amoonguss|atk|1\n|move|p1a: Amoonguss|Giga Drain|p2a: Incineroar\n|-resisted|p2a: Incineroar\n|-damage|p2a: Incineroar|238/290\n|-heal|p1a: Amoonguss|299/321|[from] drain|[of] p2a: Incineroar\n|\n|-heal|p1a: Amoonguss|319/321|[from] item: Leftovers\n|-damage|p1a: Amoonguss|279/321|[from] Salt Cure\n|upkeep\n|turn|12\n|\n|t:|1782875546\n|switch|p1a: Toxapex|Toxapex, L82, M|200/216\n|move|p2a: Incineroar|Swords Dance|p2a: Incineroar\n|-boost|p2a: Incineroar|atk|2\n|\n|-heal|p1a: Toxapex|213/216|[from] item: Leftovers\n|upkeep\n|turn|13\n|\n|t:|1782875550\n|move|p2a: Incineroar|Knock Off|p1a: Toxapex\n|-damage|p1a: Toxapex|62/216\n|-enditem|p1a: Toxapex|Leftovers|[from] move: Knock Off|[of] p2a: Incineroar\n|move|p1a: Toxapex|Haze|p1a: Toxapex\n|-clearallboost\n|\n|upkeep\n|turn|14\n|\n|t:|1782875554\n|switch|p1a: Floatzel|Floatzel, L86, M|286/286\n|move|p2a: Incineroar|Trailblaze|p1a: Floatzel\n|-supereffective|p1a: Floatzel\n|-damage|p1a: Floatzel|186/286\n|-boost|p2a: Incineroar|spe|1\n|\n|-heal|p1a: Floatzel|203/286|[from] item: Leftovers\n|upkeep\n|turn|15\n|\n|t:|1782875560\n|move|p1a: Floatzel|Wave Crash|p2a: Incineroar\n|-supereffective|p2a: Incineroar\n|-damage|p2a: Incineroar|0 fnt\n|faint|p2a: Incineroar\n|-damage|p1a: Floatzel|124/286|[from] Recoil\n|\n|-heal|p1a: Floatzel|141/286|[from] item: Leftovers\n|upkeep\n|\n|t:|1782875565\n|switch|p2a: Vileplume|Vileplume, L85, M|266/266\n|-damage|p2a: Vileplume|233/266|[from] Stealth Rock\n|-sideend|p2: supremenatsu|move: Toxic Spikes|[of] p2a: Vileplume\n|turn|16\n|\n|t:|1782875571\n|move|p1a: Floatzel|Taunt|p2a: Vileplume\n|-start|p2a: Vileplume|move: Taunt\n|move|p2a: Vileplume|Giga Drain|p1a: Floatzel\n|-supereffective|p1a: Floatzel\n|-damage|p1a: Floatzel|0 fnt\n|-heal|p2a: Vileplume|266/266|[from] drain|[of] p1a: Floatzel\n|faint|p1a: Floatzel\n|\n|upkeep\n|\n|t:|1782875575\n|switch|p1a: Toxapex|Toxapex, L82, M|134/216\n|turn|17\n|\n|t:|1782875585\n|move|p2a: Vileplume|Giga Drain|p1a: Toxapex\n|-damage|p1a: Toxapex|76/216\n|move|p1a: Toxapex|Toxic Spikes|p2a: Vileplume\n|-sidestart|p2: supremenatsu|move: Toxic Spikes\n|\n|upkeep\n|turn|18\n|\n|t:|1782875588\n|move|p2a: Vileplume|Giga Drain|p1a: Toxapex\n|-damage|p1a: Toxapex|10/216\n|move|p1a: Toxapex|Toxic Spikes|p2a: Vileplume\n|-sidestart|p2: supremenatsu|move: Toxic Spikes\n|\n|-end|p2a: Vileplume|move: Taunt\n|upkeep\n|turn|19\n|\n|t:|1782875594\n|switch|p1a: Amoonguss|Amoonguss, L82, M|321/321\n|move|p2a: Vileplume|Giga Drain|p1a: Amoonguss\n|-resisted|p1a: Amoonguss\n|-damage|p1a: Amoonguss|295/321\n|\n|-heal|p1a: Amoonguss|315/321|[from] item: Leftovers\n|upkeep\n|turn|20\n|\n|t:|1782875600\n|move|p2a: Vileplume|Sludge Bomb|p1a: Amoonguss\n|-damage|p1a: Amoonguss|194/321\n|move|p1a: Amoonguss|Sludge Bomb|p2a: Vileplume\n|-damage|p2a: Vileplume|188/266\n|\n|-heal|p2a: Vileplume|204/266|[from] item: Leftovers\n|-heal|p1a: Amoonguss|214/321|[from] item: Leftovers\n|upkeep\n|turn|21\n|\n|t:|1782875604\n|switch|p1a: Toxapex|Toxapex, L82, M|82/216\n|move|p2a: Vileplume|Sludge Bomb|p1a: Toxapex\n|-resisted|p1a: Toxapex\n|-damage|p1a: Toxapex|42/216\n|\n|-heal|p2a: Vileplume|220/266|[from] item: Leftovers\n|upkeep\n|turn|22\n|\n|t:|1782875609\n|switch|p1a: Amoonguss|Amoonguss, L82, M|321/321\n|move|p2a: Vileplume|Giga Drain|p1a: Amoonguss\n|-resisted|p1a: Amoonguss\n|-damage|p1a: Amoonguss|296/321\n|-heal|p2a: Vileplume|233/266|[from] drain|[of] p1a: Amoonguss\n|\n|-heal|p2a: Vileplume|249/266|[from] item: Leftovers\n|-heal|p1a: Amoonguss|316/321|[from] item: Leftovers\n|upkeep\n|turn|23\n|\n|t:|1782875616\n|switch|p1a: Toxapex|Toxapex, L82, M|114/216\n|move|p2a: Vileplume|Sludge Bomb|p1a: Toxapex\n|-resisted|p1a: Toxapex\n|-damage|p1a: Toxapex|78/216\n|\n|-heal|p2a: Vileplume|265/266|[from] item: Leftovers\n|upkeep\n|turn|24\n|\n|t:|1782875621\n|move|p2a: Vileplume|Giga Drain|p1a: Toxapex\n|-damage|p1a: Toxapex|14/216\n|-heal|p2a: Vileplume|266/266|[from] drain|[of] p1a: Toxapex\n|move|p1a: Toxapex|Recover|p1a: Toxapex\n|-heal|p1a: Toxapex|122/216\n|\n|upkeep\n|turn|25\n|\n|t:|1782875628\n|switch|p1a: Amoonguss|Amoonguss, L82, M|321/321\n|move|p2a: Vileplume|Sleep Powder|p1a: Amoonguss\n|-immune|p1a: Amoonguss\n|\n|upkeep\n|turn|26\n|\n|t:|1782875643\n|switch|p2a: Skeledirge|Skeledirge, L79, F|294/294\n|move|p1a: Amoonguss|Sludge Bomb|p2a: Skeledirge\n|-resisted|p2a: Skeledirge\n|-damage|p2a: Skeledirge|243/294\n|\n|upkeep\n|turn|27\n|\n|t:|1782875649\n|move|p2a: Skeledirge|Torch Song|p1a: Amoonguss\n|-supereffective|p1a: Amoonguss\n|-damage|p1a: Amoonguss|123/321\n|-boost|p2a: Skeledirge|spa|1\n|move|p1a: Amoonguss|Toxic|p2a: Skeledirge\n|-status|p2a: Skeledirge|tox\n|\n|-heal|p1a: Amoonguss|143/321|[from] item: Leftovers\n|-damage|p2a: Skeledirge|225/294 tox|[from] psn\n|upkeep\n|turn|28\n|\n|t:|1782875657\n|switch|p1a: Toxapex|Toxapex, L82, M|194/216\n|move|p2a: Skeledirge|Torch Song|p1a: Toxapex\n|-resisted|p1a: Toxapex\n|-damage|p1a: Toxapex|154/216\n|-boost|p2a: Skeledirge|spa|1\n|\n|-damage|p2a: Skeledirge|189/294 tox|[from] psn\n|upkeep\n|turn|29\n|\n|t:|1782875671\n|switch|p2a: Vileplume|Vileplume, L85, M|266/266\n|-damage|p2a: Vileplume|233/266|[from] Stealth Rock\n|-sideend|p2: supremenatsu|move: Toxic Spikes|[of] p2a: Vileplume\n|move|p1a: Toxapex|Haze|p1a: Toxapex\n|-clearallboost\n|\n|-heal|p2a: Vileplume|249/266|[from] item: Leftovers\n|upkeep\n|turn|30\n|\n|t:|1782875674\n|switch|p1a: Amoonguss|Amoonguss, L82, M|250/321\n|move|p2a: Vileplume|Giga Drain|p1a: Amoonguss\n|-resisted|p1a: Amoonguss\n|-damage|p1a: Amoonguss|225/321\n|-heal|p2a: Vileplume|262/266|[from] drain|[of] p1a: Amoonguss\n|\n|-heal|p2a: Vileplume|266/266|[from] item: Leftovers\n|-heal|p1a: Amoonguss|245/321|[from] item: Leftovers\n|upkeep\n|turn|31\n|\n|t:|1782875679\n|switch|p1a: Toxapex|Toxapex, L82, M|216/216\n|move|p2a: Vileplume|Strength Sap|p1a: Toxapex\n|-unboost|p1a: Toxapex|atk|1\n|\n|upkeep\n|turn|32\n|\n|t:|1782875683\n|switch|p1a: Amoonguss|Amoonguss, L82, M|321/321\n|move|p2a: Vileplume|Giga Drain|p1a: Amoonguss\n|-resisted|p1a: Amoonguss\n|-damage|p1a: Amoonguss|297/321\n|\n|-heal|p1a: Amoonguss|317/321|[from] item: Leftovers\n|upkeep\n|turn|33\n|\n|t:|1782875696\n|move|p2a: Vileplume|Strength Sap|p1a: Amoonguss\n|-unboost|p1a: Amoonguss|atk|1\n|move|p1a: Amoonguss|Sludge Bomb|p2a: Vileplume\n|-damage|p2a: Vileplume|179/266\n|\n|-heal|p2a: Vileplume|195/266|[from] item: Leftovers\n|-heal|p1a: Amoonguss|321/321|[from] item: Leftovers\n|upkeep\n|turn|34\n|\n|t:|1782875701\n|move|p2a: Vileplume|Sludge Bomb|p1a: Amoonguss\n|-damage|p1a: Amoonguss|206/321\n|move|p1a: Amoonguss|Sludge Bomb|p2a: Vileplume\n|-damage|p2a: Vileplume|114/266\n|\n|-heal|p2a: Vileplume|130/266|[from] item: Leftovers\n|-heal|p1a: Amoonguss|226/321|[from] item: Leftovers\n|upkeep\n|turn|35\n|\n|t:|1782875704\n|move|p2a: Vileplume|Giga Drain|p1a: Amoonguss\n|-resisted|p1a: Amoonguss\n|-damage|p1a: Amoonguss|202/321\n|-heal|p2a: Vileplume|142/266|[from] drain|[of] p1a: Amoonguss\n|move|p1a: Amoonguss|Sludge Bomb|p2a: Vileplume\n|-damage|p2a: Vileplume|57/266\n|\n|-heal|p2a: Vileplume|73/266|[from] item: Leftovers\n|-heal|p1a: Amoonguss|222/321|[from] item: Leftovers\n|upkeep\n|turn|36\n|\n|t:|1782875707\n|move|p2a: Vileplume|Giga Drain|p1a: Amoonguss\n|-resisted|p1a: Amoonguss\n|-damage|p1a: Amoonguss|197/321\n|-heal|p2a: Vileplume|86/266|[from] drain|[of] p1a: Amoonguss\n|move|p1a: Amoonguss|Sludge Bomb|p2a: Vileplume\n|-damage|p2a: Vileplume|2/266\n|\n|-heal|p2a: Vileplume|18/266|[from] item: Leftovers\n|-heal|p1a: Amoonguss|217/321|[from] item: Leftovers\n|upkeep\n|turn|37\n|\n|t:|1782875710\n|move|p2a: Vileplume|Giga Drain|p1a: Amoonguss\n|-resisted|p1a: Amoonguss\n|-damage|p1a: Amoonguss|193/321\n|-heal|p2a: Vileplume|30/266|[from] drain|[of] p1a: Amoonguss\n|move|p1a: Amoonguss|Sludge Bomb|p2a: Vileplume\n|-crit|p2a: Vileplume\n|-damage|p2a: Vileplume|0 fnt\n|faint|p2a: Vileplume\n|\n|-heal|p1a: Amoonguss|213/321|[from] item: Leftovers\n|upkeep\n|\n|t:|1782875713\n|switch|p2a: Skeledirge|Skeledirge, L79, F|189/294 tox\n|turn|38\n|\n|t:|1782875717\n|switch|p1a: Toxapex|Toxapex, L82, M|216/216\n|move|p2a: Skeledirge|Torch Song|p1a: Toxapex\n|-resisted|p1a: Toxapex\n|-damage|p1a: Toxapex|186/216\n|-boost|p2a: Skeledirge|spa|1\n|\n|-damage|p2a: Skeledirge|171/294 tox|[from] psn\n|upkeep\n|turn|39\n|\n|t:|1782875724\n|switch|p2a: Garganacl|Garganacl, L80, M|113/291\n|-damage|p2a: Garganacl|77/291|[from] Stealth Rock\n|move|p1a: Toxapex|Haze|p1a: Toxapex\n|-clearallboost\n|\n|-heal|p2a: Garganacl|95/291|[from] item: Leftovers\n|upkeep\n|turn|40\n|\n|t:|1782875728\n|move|p1a: Toxapex|Toxic Spikes|p2a: Garganacl\n|-sidestart|p2: supremenatsu|move: Toxic Spikes\n|move|p2a: Garganacl|Recover|p2a: Garganacl\n|-heal|p2a: Garganacl|241/291\n|\n|-heal|p2a: Garganacl|259/291|[from] item: Leftovers\n|upkeep\n|turn|41\n|\n|t:|1782875731\n|move|p1a: Toxapex|Toxic Spikes|p2a: Garganacl\n|-sidestart|p2: supremenatsu|move: Toxic Spikes\n|move|p2a: Garganacl|Salt Cure|p1a: Toxapex\n|-damage|p1a: Toxapex|158/216\n|-start|p1a: Toxapex|Salt Cure\n|\n|-heal|p2a: Garganacl|277/291|[from] item: Leftovers\n|-damage|p1a: Toxapex|104/216|[from] Salt Cure\n|upkeep\n|turn|42\n|\n|t:|1782875735\n|switch|p1a: Amoonguss|Amoonguss, L82, M|320/321\n|move|p2a: Garganacl|Earthquake|p1a: Amoonguss\n|-damage|p1a: Amoonguss|237/321\n|\n|-heal|p2a: Garganacl|291/291|[from] item: Leftovers\n|-heal|p1a: Amoonguss|257/321|[from] item: Leftovers\n|upkeep\n|turn|43\n|\n|t:|1782875740\n|move|p2a: Garganacl|Salt Cure|p1a: Amoonguss\n|-damage|p1a: Amoonguss|211/321\n|-start|p1a: Amoonguss|Salt Cure\n|move|p1a: Amoonguss|Giga Drain|p2a: Garganacl\n|-supereffective|p2a: Garganacl\n|-damage|p2a: Garganacl|139/291\n|-heal|p1a: Amoonguss|287/321|[from] drain|[of] p2a: Garganacl\n|\n|-heal|p2a: Garganacl|157/291|[from] item: Leftovers\n|-heal|p1a: Amoonguss|307/321|[from] item: Leftovers\n|-damage|p1a: Amoonguss|267/321|[from] Salt Cure\n|upkeep\n|turn|44\n|\n|t:|1782875743\n|move|p2a: Garganacl|Recover|p2a: Garganacl\n|-heal|p2a: Garganacl|291/291\n|move|p1a: Amoonguss|Giga Drain|p2a: Garganacl\n|-supereffective|p2a: Garganacl\n|-damage|p2a: Garganacl|145/291\n|-heal|p1a: Amoonguss|321/321|[from] drain|[of] p2a: Garganacl\n|\n|-heal|p2a: Garganacl|163/291|[from] item: Leftovers\n|-damage|p1a: Amoonguss|281/321|[from] Salt Cure\n|upkeep\n|turn|45\n|\n|t:|1782875745\n|move|p2a: Garganacl|Protect|p2a: Garganacl\n|-singleturn|p2a: Garganacl|Protect\n|move|p1a: Amoonguss|Giga Drain|p2a: Garganacl\n|-activate|p2a: Garganacl|move: Protect\n|\n|-heal|p2a: Garganacl|181/291|[from] item: Leftovers\n|-heal|p1a: Amoonguss|301/321|[from] item: Leftovers\n|-damage|p1a: Amoonguss|261/321|[from] Salt Cure\n|upkeep\n|turn|46\n|\n|t:|1782875747\n|move|p2a: Garganacl|Recover|p2a: Garganacl\n|-heal|p2a: Garganacl|291/291\n|move|p1a: Amoonguss|Giga Drain|p2a: Garganacl\n|-supereffective|p2a: Garganacl\n|-damage|p2a: Garganacl|145/291\n|-heal|p1a: Amoonguss|321/321|[from] drain|[of] p2a: Garganacl\n|\n|-heal|p2a: Garganacl|163/291|[from] item: Leftovers\n|-damage|p1a: Amoonguss|281/321|[from] Salt Cure\n|upkeep\n|turn|47\n|\n|t:|1782875750\n|switch|p1a: Toxapex|Toxapex, L82, M|176/216\n|move|p2a: Garganacl|Protect||[still]\n|-fail|p2a: Garganacl\n|\n|-heal|p2a: Garganacl|181/291|[from] item: Leftovers\n|upkeep\n|turn|48\n|\n|t:|1782875753\n|switch|p1a: Amoonguss|Amoonguss, L82, M|321/321\n|move|p2a: Garganacl|Salt Cure|p1a: Amoonguss\n|-damage|p1a: Amoonguss|270/321\n|-start|p1a: Amoonguss|Salt Cure\n|\n|-heal|p2a: Garganacl|199/291|[from] item: Leftovers\n|-heal|p1a: Amoonguss|290/321|[from] item: Leftovers\n|-damage|p1a: Amoonguss|250/321|[from] Salt Cure\n|upkeep\n|turn|49\n|\n|t:|1782875757\n|move|p2a: Garganacl|Protect|p2a: Garganacl\n|-singleturn|p2a: Garganacl|Protect\n|move|p1a: Amoonguss|Giga Drain|p2a: Garganacl\n|-activate|p2a: Garganacl|move: Protect\n|\n|-heal|p2a: Garganacl|217/291|[from] item: Leftovers\n|-heal|p1a: Amoonguss|270/321|[from] item: Leftovers\n|-damage|p1a: Amoonguss|230/321|[from] Salt Cure\n|upkeep\n|turn|50\n|\n|t:|1782875760\n|move|p2a: Garganacl|Earthquake|p1a: Amoonguss\n|-damage|p1a: Amoonguss|151/321\n|move|p1a: Amoonguss|Giga Drain|p2a: Garganacl\n|-supereffective|p2a: Garganacl\n|-damage|p2a: Garganacl|83/291\n|-heal|p1a: Amoonguss|218/321|[from] drain|[of] p2a: Garganacl\n|\n|-heal|p2a: Garganacl|101/291|[from] item: Leftovers\n|-heal|p1a: Amoonguss|238/321|[from] item: Leftovers\n|-damage|p1a: Amoonguss|198/321|[from] Salt Cure\n|upkeep\n|turn|51\n|\n|t:|1782875763\n|switch|p1a: Toxapex|Toxapex, L82, M|216/216\n|move|p2a: Garganacl|Recover|p2a: Garganacl\n|-heal|p2a: Garganacl|247/291\n|\n|-heal|p2a: Garganacl|265/291|[from] item: Leftovers\n|upkeep\n|turn|52\n|\n|t:|1782875767\n|switch|p1a: Amoonguss|Amoonguss, L82, M|305/321\n|move|p2a: Garganacl|Earthquake|p1a: Amoonguss\n|-damage|p1a: Amoonguss|219/321\n|\n|-heal|p2a: Garganacl|283/291|[from] item: Leftovers\n|-heal|p1a: Amoonguss|239/321|[from] item: Leftovers\n|upkeep\n|turn|53\n|\n|t:|1782875769\n|move|p2a: Garganacl|Earthquake|p1a: Amoonguss\n|-damage|p1a: Amoonguss|161/321\n|move|p1a: Amoonguss|Giga Drain|p2a: Garganacl\n|-supereffective|p2a: Garganacl\n|-damage|p2a: Garganacl|133/291\n|-heal|p1a: Amoonguss|236/321|[from] drain|[of] p2a: Garganacl\n|\n|-heal|p2a: Garganacl|151/291|[from] item: Leftovers\n|-heal|p1a: Amoonguss|256/321|[from] item: Leftovers\n|upkeep\n|turn|54\n|\n|t:|1782875771\n|switch|p1a: Toxapex|Toxapex, L82, M|216/216\n|move|p2a: Garganacl|Recover|p2a: Garganacl\n|-heal|p2a: Garganacl|291/291\n|\n|upkeep\n|turn|55\n|\n|t:|1782875774\n|switch|p1a: Amoonguss|Amoonguss, L82, M|321/321\n|move|p2a: Garganacl|Earthquake|p1a: Amoonguss\n|-damage|p1a: Amoonguss|239/321\n|\n|-heal|p1a: Amoonguss|259/321|[from] item: Leftovers\n|upkeep\n|turn|56\n|\n|t:|1782875776\n|move|p2a: Garganacl|Recover||[still]\n|-fail|p2a: Garganacl|heal\n|move|p1a: Amoonguss|Giga Drain|p2a: Garganacl\n|-supereffective|p2a: Garganacl\n|-damage|p2a: Garganacl|147/291\n|-heal|p1a: Amoonguss|321/321|[from] drain|[of] p2a: Garganacl\n|\n|-heal|p2a: Garganacl|165/291|[from] item: Leftovers\n|upkeep\n|turn|57\n|\n|t:|1782875791\n|switch|p2a: Scream Tail|Scream Tail, L84|330/330\n|-damage|p2a: Scream Tail|289/330|[from] Stealth Rock\n|-status|p2a: Scream Tail|tox\n|move|p1a: Amoonguss|Sludge Bomb|p2a: Scream Tail\n|-supereffective|p2a: Scream Tail\n|-damage|p2a: Scream Tail|145/330 tox\n|\n|-heal|p2a: Scream Tail|165/330 tox|[from] item: Leftovers\n|-damage|p2a: Scream Tail|145/330 tox|[from] psn\n|upkeep\n|turn|58\n|\n|t:|1782875795\n|move|p2a: Scream Tail|Encore|p1a: Amoonguss\n|-start|p1a: Amoonguss|Encore\n|move|p1a: Amoonguss|Sludge Bomb|p2a: Scream Tail\n|-supereffective|p2a: Scream Tail\n|-damage|p2a: Scream Tail|17/330 tox\n|\n|-heal|p2a: Scream Tail|37/330 tox|[from] item: Leftovers\n|-damage|p2a: Scream Tail|0 fnt|[from] psn\n|faint|p2a: Scream Tail\n|-end|p2a: Scream Tail|Protosynthesis|[silent]\n|upkeep\n|\n|t:|1782875797\n|switch|p2a: Polteageist|Polteageist-Antique, L78|222/222\n|-damage|p2a: Polteageist|195/222|[from] Stealth Rock\n|-status|p2a: Polteageist|tox\n|turn|59\n|\n|t:|1782875811\n|move|p2a: Polteageist|Shell Smash|p2a: Polteageist\n|-unboost|p2a: Polteageist|def|1\n|-unboost|p2a: Polteageist|spd|1\n|-boost|p2a: Polteageist|atk|2\n|-boost|p2a: Polteageist|spa|2\n|-boost|p2a: Polteageist|spe|2\n|-enditem|p2a: Polteageist|White Herb\n|-clearnegativeboost|p2a: Polteageist|[silent]\n|move|p1a: Amoonguss|Sludge Bomb|p2a: Polteageist\n|-resisted|p2a: Polteageist\n|-damage|p2a: Polteageist|161/222 tox\n|\n|-damage|p2a: Polteageist|148/222 tox|[from] psn\n|upkeep\n|turn|60\n|\n|t:|1782875824\n|switch|p1a: Bisharp|Bisharp, L79, M|232/232\n|move|p2a: Polteageist|Stored Power|p1a: Bisharp\n|-immune|p1a: Bisharp\n|\n|-damage|p2a: Polteageist|122/222 tox|[from] psn\n|upkeep\n|turn|61\n|\n|t:|1782875833\n|switch|p1a: Palossand|Palossand, L89, M|296/296\n|move|p2a: Polteageist|Strength Sap|p1a: Palossand\n|-unboost|p1a: Palossand|atk|1\n|-heal|p2a: Polteageist|222/222 tox\n|\n|-damage|p2a: Polteageist|183/222 tox|[from] psn\n|upkeep\n|turn|62\n|\n|t:|1782875838\n|switch|p1a: Bisharp|Bisharp, L79, M|232/232\n|move|p2a: Polteageist|Shadow Ball|p1a: Bisharp\n|-resisted|p1a: Bisharp\n|-damage|p1a: Bisharp|148/232\n|-unboost|p1a: Bisharp|spd|1\n|-ability|p1a: Bisharp|Defiant|boost\n|-boost|p1a: Bisharp|atk|2\n|\n|-damage|p2a: Polteageist|131/222 tox|[from] psn\n|upkeep\n|turn|63\n|\n|t:|1782875848\n|move|p1a: Bisharp|Sucker Punch||[still]\n|-fail|p1a: Bisharp\n|move|p2a: Polteageist|Strength Sap|p1a: Bisharp\n|-unboost|p1a: Bisharp|atk|1\n|-ability|p1a: Bisharp|Defiant|boost\n|-boost|p1a: Bisharp|atk|2\n|-heal|p2a: Polteageist|222/222 tox\n|\n|-damage|p2a: Polteageist|157/222 tox|[from] psn\n|upkeep\n|turn|64\n|\n|t:|1782875852\n|move|p1a: Bisharp|Sucker Punch|p2a: Polteageist\n|-supereffective|p2a: Polteageist\n|-damage|p2a: Polteageist|0 fnt\n|faint|p2a: Polteageist\n|\n|upkeep\n|\n|t:|1782875854\n|switch|p2a: Skeledirge|Skeledirge, L79, F|171/294 tox\n|turn|65\n|\n|t:|1782875857\n|move|p1a: Bisharp|Throat Chop|p2a: Skeledirge\n|-supereffective|p2a: Skeledirge\n|-damage|p2a: Skeledirge|0 fnt\n|faint|p2a: Skeledirge\n|\n|upkeep\n|\n|t:|1782875859\n|switch|p2a: Garganacl|Garganacl, L80, M|165/291\n|-damage|p2a: Garganacl|129/291|[from] Stealth Rock\n|turn|66\n|\n|t:|1782875861\n|move|p1a: Bisharp|Iron Head|p2a: Garganacl\n|-supereffective|p2a: Garganacl\n|-damage|p2a: Garganacl|0 fnt\n|faint|p2a: Garganacl\n|\n|win|snosjs\n|raw|snosjs's rating: 1158 &rarr; <strong>1182</strong><br />(+24 for winning)\n|raw|supremenatsu's rating: 1145 &rarr; <strong>1121</strong><br />(-24 for losing)\n|l|\u2606supremenatsu\n|player|p2|\n", "inputlog": ">version f8ac14003a5f27e1bdc8d8c59608a773c1cb96e5\n>start {\"formatid\":\"gen9randombattle\",\"seed\":\"sodium,fd6eda254d97ac22425312ae3db059d8\",\"rated\":\"Rated battle\"}\n>player p1 {\"name\":\"snosjs\",\"avatar\":\"101\",\"rating\":1130,\"seed\":\"sodium,05b2254733c3a74106c3c1511685a9dd\"}\n>player p2 {\"name\":\"supremenatsu\",\"avatar\":\"102\",\"rating\":1170,\"seed\":\"sodium,b2c071bf602ce57fe98e6e2f3e7e5016\"}\n>p1 move stealthrock\n>p2 switch 2\n>p1 switch 6\n>p2 move flareblitz\n>p1 move toxicspikes\n>p2 switch 3\n>p1 move toxicspikes\n>p2 move saltcure\n>p1 switch 5\n>p2 move earthquake\n>p1 move gigadrain\n>p2 move saltcure\n>p1 move gigadrain\n>p2 move earthquake\n>p1 move gigadrain\n>p2 move recover\n>p1 move gigadrain\n>p2 move protect\n>p1 move gigadrain\n>p2 move recover\n>p1 move gigadrain\n>p2 switch 3\n>p1 switch 5\n>p2 move swordsdance\n>p1 move haze\n>p2 move knockoff\n>p1 switch 4\n>p2 move trailblaze\n>p1 move wavecrash\n>p2 move knockoff\n>p2 switch 6\n>p1 move taunt\n>p2 move gigadrain\n>p1 switch 4\n>p1 move toxicspikes\n>p2 move gigadrain\n>p1 move toxicspikes\n>p2 move gigadrain\n>p1 switch 5\n>p2 move gigadrain\n>p1 move sludgebomb\n>p2 move sludgebomb\n>p1 switch 5\n>p2 move sludgebomb\n>p1 switch 5\n>p2 move gigadrain\n>p1 switch 5\n>p2 move sludgebomb\n>p1 move recover\n>p2 move gigadrain\n>p1 switch 5\n>p2 move sleeppowder\n>p1 move sludgebomb\n>p2 switch 5\n>p1 move toxic\n>p2 move torchsong\n>p1 switch 5\n>p2 move torchsong\n>p1 move haze\n>p2 switch 5\n>p1 switch 5\n>p2 move gigadrain\n>p1 switch 5\n>p2 move strengthsap\n>p1 switch 5\n>p2 move gigadrain\n>p1 move sludgebomb\n>p2 move strengthsap\n>p1 move sludgebomb\n>p2 move sludgebomb\n>p1 move sludgebomb\n>p2 move gigadrain\n>p1 move sludgebomb\n>p2 move gigadrain\n>p1 move sludgebomb\n>p2 move gigadrain\n>p2 switch 5\n>p1 switch 5\n>p2 move torchsong\n>p1 move haze\n>p2 switch 3\n>p1 move toxicspikes\n>p2 move recover\n>p1 move toxicspikes\n>p2 move saltcure\n>p1 switch 5\n>p2 move earthquake\n>p1 move gigadrain\n>p2 move saltcure\n>p1 move gigadrain\n>p2 move recover\n>p1 move gigadrain\n>p2 move protect\n>p1 move gigadrain\n>p2 move recover\n>p1 switch 5\n>p2 move protect\n>p1 switch 5\n>p2 move saltcure\n>p1 move gigadrain\n>p2 move protect\n>p1 move gigadrain\n>p2 move earthquake\n>p1 switch 5\n>p2 move recover\n>p1 switch 5\n>p2 move earthquake\n>p1 move gigadrain\n>p2 move earthquake\n>p1 switch 5\n>p2 move recover\n>p1 switch 5\n>p2 move earthquake\n>p1 move gigadrain\n>p2 move recover\n>p1 move sludgebomb\n>p2 switch 2\n>p1 move sludgebomb\n>p2 move encore\n>p2 switch 4\n>p1 move sludgebomb\n>p2 move shellsmash\n>p1 switch 6\n>p2 move storedpower\n>p1 switch 3\n>p2 move strengthsap\n>p1 switch 3\n>p2 move shadowball\n>p1 move suckerpunch\n>p2 move strengthsap\n>p1 move suckerpunch\n>p2 move shadowball\n>p2 switch 3\n>p1 move throatchop\n>p2 move flamecharge\n>p2 switch 2\n>p1 move ironhead\n>p2 move saltcure", "uploadtime": 1782875863, "views": 2, "formatid": "gen9randombattle", "rating": 1121, "private": 0, "password": null, "player_dets": [{"name": "snosjs", "avatar": "101", "rating": 1130, "seed": "sodium,05b2254733c3a74106c3c1511685a9dd"}, {"name": "supremenatsu", "avatar": "102", "rating": 1170, "seed": "sodium,b2c071bf602ce57fe98e6e2f3e7e5016"}], "teams_full": [{"Bisharp": {"name": "Bisharp", "species": "Bisharp", "speciesId": "bisharp", "gender": "M", "shiny": false, "level": 79, "moves": ["stealthrock", "ironhead", "suckerpunch", "throatchop"], "ability": "Defiant", "evs": {"hp": 85, "atk": 85, "def": 85, "spa": 85, "spd": 85, "spe": 85}, "ivs": {"hp": 31, "atk": 31, "def": 31, "spa": 31, "spd": 31, "spe": 31}, "item": "Eviolite", "teraType": "Flying", "role": "Bulky Attacker", "bvs": {"hp": 65, "atk": 125, "def": 100, "spa": 60, "spd": 70, "spe": 70}, "stats": {"hp": 232, "atk": 243, "def": 204, "spa": 140, "spd": 156, "spe": 156}, "types": ["Dark", "Steel"]}, "Typhlosion": {"name": "Typhlosion", "species": "Typhlosion-Hisui", "speciesId": "typhlosionhisui", "gender": "M", "shiny": false, "level": 83, "moves": ["fireblast", "substitute", "calmmind", "shadowball"], "ability": "Blaze", "evs": {"hp": 85, "atk": 0, "def": 85, "spa": 85, "spd": 85, "spe": 85}, "ivs": {"hp": 31, "atk": 0, "def": 31, "spa": 31, "spd": 31, "spe": 31}, "item": "Leftovers", "teraType": "Fire", "role": "Fast Bulky Setup", "bvs": {"hp": 73, "atk": 84, "def": 78, "spa": 119, "spd": 85, "spe": 95}, "stats": {"hp": 257, "atk": 144, "def": 177, "spa": 245, "spd": 189, "spe": 205}, "types": ["Fire", "Ghost"]}, "Palossand": {"name": "Palossand", "species": "Palossand", "speciesId": "palossand", "gender": "M", "shiny": false, "level": 89, "moves": ["shoreup", "earthpower", "shadowball", "sludgebomb"], "ability": "Water Compaction", "evs": {"hp": 85, "atk": 0, "def": 85, "spa": 85, "spd": 85, "spe": 85}, "ivs": {"hp": 31, "atk": 0, "def": 31, "spa": 31, "spd": 31, "spe": 31}, "item": "Leftovers", "teraType": "Water", "role": "Bulky Support", "bvs": {"hp": 85, "atk": 75, "def": 110, "spa": 100, "spd": 75, "spe": 35}, "stats": {"hp": 296, "atk": 138, "def": 247, "spa": 229, "spd": 184, "spe": 113}, "types": ["Ghost", "Ground"]}, "Floatzel": {"name": "Floatzel", "species": "Floatzel", "speciesId": "floatzel", "gender": "M", "shiny": false, "level": 86, "moves": ["icespinner", "wavecrash", "taunt", "bulkup"], "ability": "Water Veil", "evs": {"hp": 85, "atk": 85, "def": 85, "spa": 85, "spd": 85, "spe": 85}, "ivs": {"hp": 31, "atk": 31, "def": 31, "spa": 31, "spd": 31, "spe": 31}, "item": "Leftovers", "teraType": "Water", "role": "Bulky Setup", "bvs": {"hp": 85, "atk": 105, "def": 55, "spa": 85, "spd": 50, "spe": 115}, "stats": {"hp": 286, "atk": 230, "def": 144, "spa": 195, "spd": 135, "spe": 247}, "types": ["Water"]}, "Amoonguss": {"name": "Amoonguss", "species": "Amoonguss", "speciesId": "amoonguss", "gender": "M", "shiny": false, "level": 82, "moves": ["toxic", "gigadrain", "sludgebomb", "spore"], "ability": "Regenerator", "evs": {"hp": 85, "atk": 0, "def": 85, "spa": 85, "spd": 85, "spe": 85}, "ivs": {"hp": 31, "atk": 0, "def": 31, "spa": 31, "spd": 31, "spe": 31}, "item": "Leftovers", "teraType": "Water", "role": "Bulky Support", "bvs": {"hp": 114, "atk": 85, "def": 70, "spa": 85, "spd": 80, "spe": 30}, "stats": {"hp": 321, "atk": 144, "def": 162, "spa": 187, "spd": 178, "spe": 96}, "types": ["Grass", "Poison"]}, "Toxapex": {"name": "Toxapex", "species": "Toxapex", "speciesId": "toxapex", "gender": "M", "shiny": false, "level": 82, "moves": ["liquidation", "toxicspikes", "haze", "recover"], "ability": "Regenerator", "evs": {"hp": 85, "atk": 85, "def": 85, "spa": 85, "spd": 85, "spe": 85}, "ivs": {"hp": 31, "atk": 31, "def": 31, "spa": 31, "spd": 31, "spe": 31}, "item": "Leftovers", "teraType": "Grass", "role": "Bulky Support", "bvs": {"hp": 50, "atk": 63, "def": 152, "spa": 53, "spd": 142, "spe": 35}, "stats": {"hp": 216, "atk": 150, "def": 296, "spa": 134, "spd": 280, "spe": 105}, "types": ["Poison", "Water"]}}, {"Scream Tail": {"name": "Scream Tail", "species": "Scream Tail", "speciesId": "screamtail", "gender": "N", "shiny": false, "level": 84, "moves": ["playrough", "encore", "protect", "wish"], "ability": "Protosynthesis", "evs": {"hp": 85, "atk": 85, "def": 85, "spa": 85, "spd": 85, "spe": 85}, "ivs": {"hp": 31, "atk": 31, "def": 31, "spa": 31, "spd": 31, "spe": 31}, "item": "Leftovers", "teraType": "Poison", "role": "Bulky Support", "bvs": {"hp": 115, "atk": 65, "def": 99, "spa": 65, "spd": 115, "spe": 111}, "stats": {"hp": 330, "atk": 157, "def": 215, "spa": 157, "spd": 241, "spe": 235}, "types": ["Fairy", "Psychic"]}, "Incineroar": {"name": "Incineroar", "species": "Incineroar", "speciesId": "incineroar", "gender": "F", "shiny": false, "level": 82, "moves": ["swordsdance", "flareblitz", "knockoff", "trailblaze"], "ability": "Intimidate", "evs": {"hp": 85, "atk": 85, "def": 85, "spa": 85, "spd": 85, "spe": 85}, "ivs": {"hp": 31, "atk": 31, "def": 31, "spa": 31, "spd": 31, "spe": 31}, "item": "Heavy-Duty Boots", "teraType": "Grass", "role": "Setup Sweeper", "bvs": {"hp": 95, "atk": 115, "def": 90, "spa": 80, "spd": 90, "spe": 60}, "stats": {"hp": 290, "atk": 236, "def": 195, "spa": 178, "spd": 195, "spe": 146}, "types": ["Fire", "Dark"]}, "Garganacl": {"name": "Garganacl", "species": "Garganacl", "speciesId": "garganacl", "gender": "M", "shiny": false, "level": 80, "moves": ["protect", "recover", "saltcure", "earthquake"], "ability": "Purifying Salt", "evs": {"hp": 85, "atk": 85, "def": 85, "spa": 85, "spd": 85, "spe": 85}, "ivs": {"hp": 31, "atk": 31, "def": 31, "spa": 31, "spd": 31, "spe": 31}, "item": "Leftovers", "teraType": "Dragon", "role": "Bulky Attacker", "bvs": {"hp": 100, "atk": 100, "def": 130, "spa": 45, "spd": 90, "spe": 35}, "stats": {"hp": 291, "atk": 206, "def": 254, "spa": 118, "spd": 190, "spe": 102}, "types": ["Rock"]}, "Polteageist": {"name": "Polteageist", "species": "Polteageist-Antique", "speciesId": "polteageist", "gender": "N", "shiny": false, "level": 78, "moves": ["strengthsap", "shadowball", "storedpower", "shellsmash"], "ability": "Cursed Body", "evs": {"hp": 85, "atk": 0, "def": 85, "spa": 85, "spd": 85, "spe": 85}, "ivs": {"hp": 31, "atk": 0, "def": 31, "spa": 31, "spd": 31, "spe": 31}, "item": "White Herb", "teraType": "Psychic", "role": "Setup Sweeper", "bvs": {"hp": 60, "atk": 65, "def": 65, "spa": 134, "spd": 114, "spe": 70}, "stats": {"hp": 222, "atk": 106, "def": 146, "spa": 254, "spd": 223, "spe": 154}, "types": ["Ghost"]}, "Skeledirge": {"name": "Skeledirge", "species": "Skeledirge", "speciesId": "skeledirge", "gender": "F", "shiny": false, "level": 79, "moves": ["shadowball", "flamecharge", "torchsong", "slackoff"], "ability": "Unaware", "evs": {"hp": 85, "atk": 85, "def": 85, "spa": 85, "spd": 85, "spe": 85}, "ivs": {"hp": 31, "atk": 31, "def": 31, "spa": 31, "spd": 31, "spe": 31}, "item": "Heavy-Duty Boots", "teraType": "Water", "role": "Bulky Attacker", "bvs": {"hp": 104, "atk": 75, "def": 100, "spa": 110, "spd": 75, "spe": 66}, "stats": {"hp": 294, "atk": 164, "def": 204, "spa": 219, "spd": 164, "spe": 150}, "types": ["Fire", "Ghost"]}, "Vileplume": {"name": "Vileplume", "species": "Vileplume", "speciesId": "vileplume", "gender": "M", "shiny": false, "level": 85, "moves": ["strengthsap", "sleeppowder", "gigadrain", "sludgebomb"], "ability": "Effect Spore", "evs": {"hp": 85, "atk": 0, "def": 85, "spa": 85, "spd": 85, "spe": 85}, "ivs": {"hp": 31, "atk": 0, "def": 31, "spa": 31, "spd": 31, "spe": 31}, "item": "Leftovers", "teraType": "Steel", "role": "Bulky Attacker", "bvs": {"hp": 75, "atk": 80, "def": 85, "spa": 110, "spd": 90, "spe": 50}, "stats": {"hp": 266, "atk": 141, "def": 193, "spa": 236, "spd": 202, "spe": 134}, "types": ["Grass", "Poison"]}}]}