{"id": "gen9randombattle-2641971428", "format": "[Gen 9] Random Battle", "players": ["Kakatorti", "Flons02"], "log": "|j|\u2606Kakatorti\n|j|\u2606Flons02\n|t:|1782866772\n|gametype|singles\n|player|p1|Kakatorti|265|\n|player|p2|Flons02|blue|\n|gen|9\n|tier|[Gen 9] Random Battle\n|rule|Species Clause: Limit one of each Pok\u00e9mon\n|rule|HP Percentage Mod: HP is shown in percentages\n|rule|Sleep Clause Mod: Limit one foe put to sleep\n|rule|Illusion Level Mod: Illusion disguises the Pok\u00e9mon's true level\n|\n|t:|1782866772\n|teamsize|p1|6\n|teamsize|p2|6\n|start\n|switch|p1a: Ambipom|Ambipom, L84, M|263/263\n|switch|p2a: Staraptor|Staraptor, L79, F|263/263\n|turn|1\n|inactive|Battle timer is ON: inactive players will automatically lose when time's up. (requested by Kakatorti)\n|\n|t:|1782866782\n|move|p2a: Staraptor|Close Combat|p1a: Ambipom\n|-supereffective|p1a: Ambipom\n|-damage|p1a: Ambipom|55/263\n|-unboost|p2a: Staraptor|def|1\n|-unboost|p2a: Staraptor|spd|1\n|move|p1a: Ambipom|Triple Axel|p2a: Staraptor|[miss]\n|-miss|p1a: Ambipom|p2a: Staraptor\n|\n|upkeep\n|turn|2\n|\n|t:|1782866793\n|switch|p1a: Typhlosion|Typhlosion-Hisui, L83, F|257/257\n|move|p2a: Staraptor|Close Combat|p1a: Typhlosion\n|-immune|p1a: Typhlosion\n|\n|upkeep\n|turn|3\n|\n|t:|1782866802\n|switch|p2a: Persian|Persian, L92, F|269/269\n|move|p1a: Typhlosion|Substitute|p1a: Typhlosion\n|-start|p1a: Typhlosion|Substitute\n|-damage|p1a: Typhlosion|193/257\n|\n|-heal|p1a: Typhlosion|209/257|[from] item: Leftovers\n|upkeep\n|turn|4\n|\n|t:|1782866812\n|move|p2a: Persian|U-turn|p1a: Typhlosion\n|-resisted|p1a: Typhlosion\n|-activate|p1a: Typhlosion|move: Substitute|[damage]\n|\n|t:|1782866817\n|switch|p2a: Spectrier|Spectrier, L75|274/274|[from] U-turn\n|move|p1a: Typhlosion|Fire Blast|p2a: Spectrier\n|-damage|p2a: Spectrier|111/274\n|\n|-heal|p1a: Typhlosion|225/257|[from] item: Leftovers\n|upkeep\n|turn|5\n|\n|t:|1782866826\n|move|p2a: Spectrier|Shadow Ball|p1a: Typhlosion\n|-supereffective|p1a: Typhlosion\n|-end|p1a: Typhlosion|Substitute\n|-damage|p2a: Spectrier|84/274|[from] item: Life Orb\n|move|p1a: Typhlosion|Fire Blast|p2a: Spectrier\n|-damage|p2a: Spectrier|0 fnt\n|faint|p2a: Spectrier\n|\n|-heal|p1a: Typhlosion|241/257|[from] item: Leftovers\n|upkeep\n|\n|t:|1782866838\n|switch|p2a: Lanturn|Lanturn, L89, M|367/367\n|turn|6\n|\n|t:|1782866845\n|switch|p1a: Zarude|Zarude-Dada, L77|288/288\n|move|p2a: Lanturn|Scald|p1a: Zarude\n|-resisted|p1a: Zarude\n|-damage|p1a: Zarude|249/288\n|\n|upkeep\n|turn|7\n|\n|t:|1782866861\n|switch|p2a: Weezing|Weezing-Galar, L86, F|252/252\n|move|p1a: Zarude|Power Whip|p2a: Weezing\n|-resisted|p2a: Weezing\n|-damage|p2a: Weezing|182/252\n|\n|-heal|p2a: Weezing|197/252|[from] item: Leftovers\n|upkeep\n|turn|8\n|\n|t:|1782866873\n|switch|p1a: Fezandipiti|Fezandipiti, L82, M|278/278\n|move|p2a: Weezing|Gunk Shot|p1a: Fezandipiti\n|-damage|p1a: Fezandipiti|154/278\n|\n|-heal|p1a: Fezandipiti|171/278|[from] item: Leftovers\n|-heal|p2a: Weezing|212/252|[from] item: Leftovers\n|upkeep\n|turn|9\n|\n|t:|1782866882\n|move|p1a: Fezandipiti|Roost|p1a: Fezandipiti\n|-heal|p1a: Fezandipiti|278/278\n|-singleturn|p1a: Fezandipiti|move: Roost\n|move|p2a: Weezing|Will-O-Wisp|p1a: Fezandipiti\n|-status|p1a: Fezandipiti|brn\n|\n|-heal|p2a: Weezing|227/252|[from] item: Leftovers\n|-damage|p1a: Fezandipiti|261/278 brn|[from] brn\n|upkeep\n|turn|10\n|\n|t:|1782866892\n|move|p1a: Fezandipiti|Moonblast|p2a: Weezing\n|-resisted|p2a: Weezing\n|-damage|p2a: Weezing|181/252\n|move|p2a: Weezing|Defog|p1a: Fezandipiti\n|-unboost|p1a: Fezandipiti|evasion|1\n|\n|-heal|p1a: Fezandipiti|278/278 brn|[from] item: Leftovers\n|-heal|p2a: Weezing|196/252|[from] item: Leftovers\n|-damage|p1a: Fezandipiti|261/278 brn|[from] brn\n|upkeep\n|turn|11\n|\n|t:|1782866902\n|move|p1a: Fezandipiti|Moonblast|p2a: Weezing\n|-resisted|p2a: Weezing\n|-damage|p2a: Weezing|154/252\n|move|p2a: Weezing|Strange Steam|p1a: Fezandipiti\n|-resisted|p1a: Fezandipiti\n|-damage|p1a: Fezandipiti|228/278 brn\n|\n|-heal|p1a: Fezandipiti|245/278 brn|[from] item: Leftovers\n|-heal|p2a: Weezing|169/252|[from] item: Leftovers\n|-damage|p1a: Fezandipiti|228/278 brn|[from] brn\n|upkeep\n|turn|12\n|\n|t:|1782866917\n|switch|p2a: Sylveon|Sylveon, L85, M|300/300\n|move|p1a: Fezandipiti|Moonblast|p2a: Sylveon\n|-damage|p2a: Sylveon|242/300\n|\n|-heal|p1a: Fezandipiti|245/278 brn|[from] item: Leftovers\n|-heal|p2a: Sylveon|260/300|[from] item: Leftovers\n|-damage|p1a: Fezandipiti|228/278 brn|[from] brn\n|upkeep\n|turn|13\n|\n|t:|1782866930\n|move|p1a: Fezandipiti|U-turn|p2a: Sylveon\n|-resisted|p2a: Sylveon\n|-damage|p2a: Sylveon|247/300\n|\n|t:|1782866940\n|switch|p1a: Ambipom|Ambipom, L84, M|55/263|[from] U-turn\n|move|p2a: Sylveon|Calm Mind|p2a: Sylveon\n|-boost|p2a: Sylveon|spa|1\n|-boost|p2a: Sylveon|spd|1\n|\n|-heal|p2a: Sylveon|265/300|[from] item: Leftovers\n|upkeep\n|turn|14\n|\n|t:|1782866949\n|move|p1a: Ambipom|Double-Edge|p2a: Sylveon\n|-damage|p2a: Sylveon|9/300\n|-damage|p1a: Ambipom|0 fnt|[from] Recoil\n|faint|p1a: Ambipom\n|move|p2a: Sylveon|Hyper Voice|p1: Ambipom|[notarget]\n|-fail|p2a: Sylveon\n|\n|-heal|p2a: Sylveon|27/300|[from] item: Leftovers\n|upkeep\n|\n|t:|1782866963\n|switch|p1a: Zarude|Zarude-Dada, L77|249/288\n|turn|15\n|\n|t:|1782866969\n|move|p2a: Sylveon|Protect|p2a: Sylveon\n|-singleturn|p2a: Sylveon|Protect\n|move|p1a: Zarude|U-turn|p2a: Sylveon\n|-activate|p2a: Sylveon|move: Protect\n|\n|-heal|p2a: Sylveon|45/300|[from] item: Leftovers\n|upkeep\n|turn|16\n|\n|t:|1782866980\n|move|p2a: Sylveon|Protect||[still]\n|-fail|p2a: Sylveon\n|move|p1a: Zarude|U-turn|p2a: Sylveon\n|-resisted|p2a: Sylveon\n|-damage|p2a: Sylveon|0 fnt\n|faint|p2a: Sylveon\n|\n|t:|1782866984\n|switch|p1a: Fezandipiti|Fezandipiti, L82, M|228/278 brn|[from] U-turn\n|\n|-heal|p1a: Fezandipiti|245/278 brn|[from] item: Leftovers\n|-damage|p1a: Fezandipiti|228/278 brn|[from] brn\n|upkeep\n|\n|t:|1782866992\n|switch|p2a: Weezing|Weezing-Galar, L86, F|169/252\n|turn|17\n|\n|t:|1782866996\n|move|p1a: Fezandipiti|Moonblast|p2a: Weezing\n|-resisted|p2a: Weezing\n|-damage|p2a: Weezing|129/252\n|-unboost|p2a: Weezing|spa|1\n|move|p2a: Weezing|Gunk Shot|p1a: Fezandipiti\n|-damage|p1a: Fezandipiti|99/278 brn\n|\n|-heal|p1a: Fezandipiti|116/278 brn|[from] item: Leftovers\n|-heal|p2a: Weezing|144/252|[from] item: Leftovers\n|-damage|p1a: Fezandipiti|99/278 brn|[from] brn\n|upkeep\n|turn|18\n|\n|t:|1782867007\n|move|p1a: Fezandipiti|Roost|p1a: Fezandipiti\n|-heal|p1a: Fezandipiti|238/278 brn\n|-singleturn|p1a: Fezandipiti|move: Roost\n|move|p2a: Weezing|Gunk Shot|p1a: Fezandipiti\n|-damage|p1a: Fezandipiti|108/278 brn\n|\n|-heal|p1a: Fezandipiti|125/278 brn|[from] item: Leftovers\n|-heal|p2a: Weezing|159/252|[from] item: Leftovers\n|-damage|p1a: Fezandipiti|108/278 brn|[from] brn\n|upkeep\n|turn|19\n|\n|t:|1782867022\n|move|p1a: Fezandipiti|Roost|p1a: Fezandipiti\n|-heal|p1a: Fezandipiti|247/278 brn\n|-singleturn|p1a: Fezandipiti|move: Roost\n|move|p2a: Weezing|Strange Steam|p1a: Fezandipiti\n|-resisted|p1a: Fezandipiti\n|-damage|p1a: Fezandipiti|223/278 brn\n|\n|-heal|p1a: Fezandipiti|240/278 brn|[from] item: Leftovers\n|-heal|p2a: Weezing|174/252|[from] item: Leftovers\n|-damage|p1a: Fezandipiti|223/278 brn|[from] brn\n|upkeep\n|turn|20\n|\n|t:|1782867031\n|move|p1a: Fezandipiti|Moonblast|p2a: Weezing\n|-resisted|p2a: Weezing\n|-damage|p2a: Weezing|132/252\n|move|p2a: Weezing|Gunk Shot|p1a: Fezandipiti\n|-damage|p1a: Fezandipiti|87/278 brn\n|\n|-heal|p1a: Fezandipiti|104/278 brn|[from] item: Leftovers\n|-heal|p2a: Weezing|147/252|[from] item: Leftovers\n|-damage|p1a: Fezandipiti|87/278 brn|[from] brn\n|upkeep\n|turn|21\n|\n|t:|1782867040\n|move|p1a: Fezandipiti|Roost|p1a: Fezandipiti\n|-heal|p1a: Fezandipiti|226/278 brn\n|-singleturn|p1a: Fezandipiti|move: Roost\n|move|p2a: Weezing|Gunk Shot|p1a: Fezandipiti\n|-damage|p1a: Fezandipiti|84/278 brn\n|\n|-heal|p1a: Fezandipiti|101/278 brn|[from] item: Leftovers\n|-heal|p2a: Weezing|162/252|[from] item: Leftovers\n|-damage|p1a: Fezandipiti|84/278 brn|[from] brn\n|upkeep\n|turn|22\n|\n|t:|1782867049\n|move|p1a: Fezandipiti|Roost|p1a: Fezandipiti\n|-heal|p1a: Fezandipiti|223/278 brn\n|-singleturn|p1a: Fezandipiti|move: Roost\n|move|p2a: Weezing|Gunk Shot|p1a: Fezandipiti\n|-damage|p1a: Fezandipiti|87/278 brn\n|\n|-heal|p1a: Fezandipiti|104/278 brn|[from] item: Leftovers\n|-heal|p2a: Weezing|177/252|[from] item: Leftovers\n|-damage|p1a: Fezandipiti|87/278 brn|[from] brn\n|upkeep\n|turn|23\n|\n|t:|1782867060\n|move|p1a: Fezandipiti|Roost|p1a: Fezandipiti\n|-heal|p1a: Fezandipiti|226/278 brn\n|-singleturn|p1a: Fezandipiti|move: Roost\n|move|p2a: Weezing|Strange Steam|p1a: Fezandipiti\n|-resisted|p1a: Fezandipiti\n|-damage|p1a: Fezandipiti|202/278 brn\n|\n|-heal|p1a: Fezandipiti|219/278 brn|[from] item: Leftovers\n|-heal|p2a: Weezing|192/252|[from] item: Leftovers\n|-damage|p1a: Fezandipiti|202/278 brn|[from] brn\n|upkeep\n|turn|24\n|\n|t:|1782867071\n|switch|p2a: Lanturn|Lanturn, L89, M|367/367\n|move|p1a: Fezandipiti|Moonblast|p2a: Lanturn\n|-damage|p2a: Lanturn|289/367\n|-status|p2a: Lanturn|tox|[from] ability: Toxic Chain|[of] p1a: Fezandipiti\n|\n|-heal|p1a: Fezandipiti|219/278 brn|[from] item: Leftovers\n|-damage|p2a: Lanturn|267/367 tox|[from] psn\n|-damage|p1a: Fezandipiti|202/278 brn|[from] brn\n|upkeep\n|turn|25\n|\n|t:|1782867088\n|move|p1a: Fezandipiti|Moonblast|p2a: Lanturn\n|-damage|p2a: Lanturn|189/367 tox\n|move|p2a: Lanturn|Thunderbolt|p1a: Fezandipiti\n|-damage|p1a: Fezandipiti|129/278 brn\n|\n|-heal|p1a: Fezandipiti|146/278 brn|[from] item: Leftovers\n|-damage|p2a: Lanturn|145/367 tox|[from] psn\n|-damage|p1a: Fezandipiti|129/278 brn|[from] brn\n|upkeep\n|turn|26\n|\n|t:|1782867101\n|move|p1a: Fezandipiti|Moonblast|p2a: Lanturn\n|-damage|p2a: Lanturn|66/367 tox\n|move|p2a: Lanturn|Thunder Wave||[still]\n|-fail|p2a: Lanturn\n|\n|-heal|p1a: Fezandipiti|146/278 brn|[from] item: Leftovers\n|-damage|p2a: Lanturn|0 fnt|[from] psn\n|faint|p2a: Lanturn\n|-damage|p1a: Fezandipiti|129/278 brn|[from] brn\n|upkeep\n|\n|t:|1782867112\n|switch|p2a: Persian|Persian, L92, F|269/269\n|turn|27\n|\n|t:|1782867122\n|move|p2a: Persian|U-turn|p1a: Fezandipiti\n|-resisted|p1a: Fezandipiti\n|-damage|p1a: Fezandipiti|117/278 brn\n|\n|t:|1782867127\n|switch|p2a: Staraptor|Staraptor, L79, F|263/263|[from] U-turn\n|move|p1a: Fezandipiti|Roost|p1a: Fezandipiti\n|-heal|p1a: Fezandipiti|256/278 brn\n|-singleturn|p1a: Fezandipiti|move: Roost\n|\n|-heal|p1a: Fezandipiti|273/278 brn|[from] item: Leftovers\n|-damage|p1a: Fezandipiti|256/278 brn|[from] brn\n|upkeep\n|turn|28\n|\n|t:|1782867140\n|move|p2a: Staraptor|Close Combat|p1a: Fezandipiti\n|-resisted|p1a: Fezandipiti\n|-damage|p1a: Fezandipiti|230/278 brn\n|-unboost|p2a: Staraptor|def|1\n|-unboost|p2a: Staraptor|spd|1\n|move|p1a: Fezandipiti|Moonblast|p2a: Staraptor\n|-damage|p2a: Staraptor|115/263\n|\n|-heal|p1a: Fezandipiti|247/278 brn|[from] item: Leftovers\n|-damage|p1a: Fezandipiti|230/278 brn|[from] brn\n|upkeep\n|turn|29\n|\n|t:|1782867152\n|switch|p2a: Persian|Persian, L92, F|269/269\n|move|p1a: Fezandipiti|Moonblast|p2a: Persian\n|-damage|p2a: Persian|181/269\n|\n|-heal|p1a: Fezandipiti|247/278 brn|[from] item: Leftovers\n|-damage|p1a: Fezandipiti|230/278 brn|[from] brn\n|upkeep\n|turn|30\n|\n|t:|1782867165\n|move|p2a: Persian|Double-Edge|p1a: Fezandipiti\n|-damage|p1a: Fezandipiti|79/278 brn\n|-damage|p2a: Persian|131/269|[from] Recoil\n|move|p1a: Fezandipiti|Moonblast|p2a: Persian\n|-damage|p2a: Persian|38/269\n|-unboost|p2a: Persian|spa|1\n|\n|-heal|p1a: Fezandipiti|96/278 brn|[from] item: Leftovers\n|-damage|p1a: Fezandipiti|79/278 brn|[from] brn\n|upkeep\n|turn|31\n|\n|t:|1782867176\n|switch|p1a: Typhlosion|Typhlosion-Hisui, L83, F|241/257\n|move|p2a: Persian|Double-Edge|p1a: Typhlosion\n|-immune|p1a: Typhlosion\n|\n|-heal|p1a: Typhlosion|257/257|[from] item: Leftovers\n|upkeep\n|turn|32\n|\n|t:|1782867184\n|switch|p1a: Fezandipiti|Fezandipiti, L82, M|79/278 brn\n|move|p2a: Persian|U-turn|p1a: Fezandipiti\n|-resisted|p1a: Fezandipiti\n|-damage|p1a: Fezandipiti|67/278 brn\n|\n|t:|1782867190\n|switch|p2a: Weezing|Weezing-Galar, L86, F|192/252|[from] U-turn\n|\n|-heal|p1a: Fezandipiti|84/278 brn|[from] item: Leftovers\n|-heal|p2a: Weezing|207/252|[from] item: Leftovers\n|-damage|p1a: Fezandipiti|67/278 brn|[from] brn\n|upkeep\n|turn|33\n|\n|t:|1782867200\n|move|p1a: Fezandipiti|Roost|p1a: Fezandipiti\n|-heal|p1a: Fezandipiti|206/278 brn\n|-singleturn|p1a: Fezandipiti|move: Roost\n|move|p2a: Weezing|Gunk Shot|p1a: Fezandipiti|[miss]\n|-miss|p2a: Weezing|p1a: Fezandipiti\n|\n|-heal|p1a: Fezandipiti|223/278 brn|[from] item: Leftovers\n|-heal|p2a: Weezing|222/252|[from] item: Leftovers\n|-damage|p1a: Fezandipiti|206/278 brn|[from] brn\n|upkeep\n|turn|34\n|\n|t:|1782867209\n|move|p1a: Fezandipiti|Moonblast|p2a: Weezing\n|-resisted|p2a: Weezing\n|-damage|p2a: Weezing|179/252\n|move|p2a: Weezing|Will-O-Wisp|p1a: Fezandipiti\n|-fail|p1a: Fezandipiti|brn\n|\n|-heal|p1a: Fezandipiti|223/278 brn|[from] item: Leftovers\n|-heal|p2a: Weezing|194/252|[from] item: Leftovers\n|-damage|p1a: Fezandipiti|206/278 brn|[from] brn\n|upkeep\n|turn|35\n|\n|t:|1782867220\n|move|p1a: Fezandipiti|Moonblast|p2a: Weezing\n|-resisted|p2a: Weezing\n|-crit|p2a: Weezing\n|-damage|p2a: Weezing|132/252\n|move|p2a: Weezing|Defog|p1a: Fezandipiti\n|-unboost|p1a: Fezandipiti|evasion|1\n|\n|-heal|p1a: Fezandipiti|223/278 brn|[from] item: Leftovers\n|-heal|p2a: Weezing|147/252|[from] item: Leftovers\n|-damage|p1a: Fezandipiti|206/278 brn|[from] brn\n|upkeep\n|turn|36\n|\n|t:|1782867239\n|move|p1a: Fezandipiti|Moonblast|p2a: Weezing\n|-resisted|p2a: Weezing\n|-damage|p2a: Weezing|105/252\n|move|p2a: Weezing|Defog|p1a: Fezandipiti\n|-unboost|p1a: Fezandipiti|evasion|1\n|\n|-heal|p1a: Fezandipiti|223/278 brn|[from] item: Leftovers\n|-heal|p2a: Weezing|120/252|[from] item: Leftovers\n|-damage|p1a: Fezandipiti|206/278 brn|[from] brn\n|upkeep\n|turn|37\n|\n|t:|1782867251\n|move|p1a: Fezandipiti|Moonblast|p2a: Weezing\n|-resisted|p2a: Weezing\n|-damage|p2a: Weezing|77/252\n|-unboost|p2a: Weezing|spa|1\n|move|p2a: Weezing|Gunk Shot|p1a: Fezandipiti\n|-crit|p1a: Fezandipiti\n|-damage|p1a: Fezandipiti|0 fnt\n|faint|p1a: Fezandipiti\n|\n|-heal|p2a: Weezing|92/252|[from] item: Leftovers\n|upkeep\n|\n|t:|1782867258\n|switch|p1a: Typhlosion|Typhlosion-Hisui, L83, F|257/257\n|turn|38\n|\n|t:|1782867264\n|move|p1a: Typhlosion|Substitute|p1a: Typhlosion\n|-start|p1a: Typhlosion|Substitute\n|-damage|p1a: Typhlosion|193/257\n|move|p2a: Weezing|Defog||[still]\n|-fail|p2a: Weezing\n|\n|-heal|p1a: Typhlosion|209/257|[from] item: Leftovers\n|-heal|p2a: Weezing|107/252|[from] item: Leftovers\n|upkeep\n|turn|39\n|\n|t:|1782867272\n|move|p1a: Typhlosion|Calm Mind|p1a: Typhlosion\n|-boost|p1a: Typhlosion|spa|1\n|-boost|p1a: Typhlosion|spd|1\n|move|p2a: Weezing|Strange Steam|p1a: Typhlosion\n|-resisted|p1a: Typhlosion\n|-activate|p1a: Typhlosion|move: Substitute|[damage]\n|\n|-heal|p1a: Typhlosion|225/257|[from] item: Leftovers\n|-heal|p2a: Weezing|122/252|[from] item: Leftovers\n|upkeep\n|turn|40\n|\n|t:|1782867280\n|move|p1a: Typhlosion|Calm Mind|p1a: Typhlosion\n|-boost|p1a: Typhlosion|spa|1\n|-boost|p1a: Typhlosion|spd|1\n|move|p2a: Weezing|Will-O-Wisp||[still]\n|-fail|p2a: Weezing\n|\n|-heal|p1a: Typhlosion|241/257|[from] item: Leftovers\n|-heal|p2a: Weezing|137/252|[from] item: Leftovers\n|upkeep\n|turn|41\n|\n|t:|1782867288\n|move|p1a: Typhlosion|Calm Mind|p1a: Typhlosion\n|-boost|p1a: Typhlosion|spa|1\n|-boost|p1a: Typhlosion|spd|1\n|move|p2a: Weezing|Defog||[still]\n|-fail|p2a: Weezing\n|\n|-heal|p1a: Typhlosion|257/257|[from] item: Leftovers\n|-heal|p2a: Weezing|152/252|[from] item: Leftovers\n|upkeep\n|turn|42\n|\n|t:|1782867296\n|switch|p2a: Staraptor|Staraptor, L79, F|115/263\n|move|p1a: Typhlosion|Calm Mind|p1a: Typhlosion\n|-boost|p1a: Typhlosion|spa|1\n|-boost|p1a: Typhlosion|spd|1\n|\n|upkeep\n|turn|43\n|\n|t:|1782867306\n|move|p2a: Staraptor|Brave Bird|p1a: Typhlosion\n|-end|p1a: Typhlosion|Substitute\n|-damage|p2a: Staraptor|101/263|[from] Recoil|[of] p1a: Typhlosion\n|move|p1a: Typhlosion|Substitute|p1a: Typhlosion\n|-start|p1a: Typhlosion|Substitute\n|-damage|p1a: Typhlosion|193/257\n|\n|-heal|p1a: Typhlosion|209/257|[from] item: Leftovers\n|upkeep\n|turn|44\n|\n|t:|1782867314\n|move|p2a: Staraptor|Brave Bird|p1a: Typhlosion\n|-end|p1a: Typhlosion|Substitute\n|-damage|p2a: Staraptor|80/263|[from] Recoil|[of] p1a: Typhlosion\n|move|p1a: Typhlosion|Fire Blast|p2a: Staraptor\n|-damage|p2a: Staraptor|0 fnt\n|faint|p2a: Staraptor\n|\n|-heal|p1a: Typhlosion|225/257|[from] item: Leftovers\n|upkeep\n|\n|t:|1782867324\n|switch|p2a: Persian|Persian, L92, F|38/269\n|turn|45\n|\n|t:|1782867329\n|move|p2a: Persian|Double-Edge|p1a: Typhlosion\n|-immune|p1a: Typhlosion\n|move|p1a: Typhlosion|Fire Blast|p2a: Persian\n|-damage|p2a: Persian|0 fnt\n|faint|p2a: Persian\n|\n|-heal|p1a: Typhlosion|241/257|[from] item: Leftovers\n|upkeep\n|\n|t:|1782867340\n|switch|p2a: Weezing|Weezing-Galar, L86, F|152/252\n|turn|46\n|\n|t:|1782867344\n|move|p1a: Typhlosion|Shadow Ball|p2a: Weezing\n|-damage|p2a: Weezing|0 fnt\n|faint|p2a: Weezing\n|\n|win|Kakatorti\n|l|\u2606Kakatorti\n|player|p1|\n|l|\u2606Flons02\n|player|p2|\n|j|\u2606Kakatorti\n|player|p1|Kakatorti|265|\n", "inputlog": ">version f8ac14003a5f27e1bdc8d8c59608a773c1cb96e5\n>start {\"formatid\":\"gen9randombattle\",\"seed\":\"sodium,73f40611a661e55598598852ea25d496\"}\n>player p1 {\"name\":\"Kakatorti\",\"avatar\":\"265\",\"rating\":0,\"seed\":\"sodium,335069416327dabd255f380f0f1060d5\"}\n>player p2 {\"name\":\"Flons02\",\"avatar\":\"blue\",\"rating\":0,\"seed\":\"sodium,6702440053f4e8c0795a7fa3469b9883\"}\n>p1 move tripleaxel\n>p2 move closecombat\n>p1 switch 2\n>p2 move closecombat\n>p1 move substitute\n>p2 switch 5\n>p1 move fireblast\n>p2 move uturn\n>p2 switch 6\n>p1 move fireblast\n>p2 move shadowball\n>p2 switch 4\n>p1 switch 4\n>p2 move scald\n>p1 move powerwhip\n>p2 switch 3\n>p1 switch 3\n>p2 move gunkshot\n>p1 move roost\n>p2 move willowisp\n>p1 move moonblast\n>p2 move defog\n>p1 move moonblast\n>p2 move strangesteam\n>p1 move moonblast\n>p2 switch 2\n>p1 move uturn\n>p2 move calmmind\n>p1 switch 2\n>p1 move doubleedge\n>p2 move hypervoice\n>p1 switch 3\n>p1 move uturn\n>p2 move protect\n>p1 move uturn\n>p2 move protect\n>p1 switch 2\n>p2 switch 2\n>p1 move moonblast\n>p2 move gunkshot\n>p1 move roost\n>p2 move gunkshot\n>p1 move roost\n>p2 move strangesteam\n>p1 move moonblast\n>p2 move gunkshot\n>p1 move roost\n>p2 move gunkshot\n>p1 move roost\n>p2 move gunkshot\n>p1 move roost\n>p2 move strangesteam\n>p1 move moonblast\n>p2 switch 3\n>p1 move moonblast\n>p2 move thunderbolt\n>p1 move moonblast\n>p2 move thunderwave\n>p2 switch 6\n>p1 move roost\n>p2 move uturn\n>p2 switch 5\n>p1 move moonblast\n>p2 move closecombat\n>p1 move moonblast\n>p2 switch 5\n>p1 move moonblast\n>p2 move doubleedge\n>p1 switch 4\n>p2 move doubleedge\n>p1 switch 4\n>p2 move uturn\n>p2 switch 3\n>p1 move roost\n>p2 move gunkshot\n>p1 move moonblast\n>p2 move willowisp\n>p1 move moonblast\n>p2 move defog\n>p1 move moonblast\n>p2 move defog\n>p1 move moonblast\n>p2 move gunkshot\n>p1 switch 4\n>p1 move substitute\n>p2 move defog\n>p1 move calmmind\n>p2 move strangesteam\n>p1 move calmmind\n>p2 move willowisp\n>p1 move calmmind\n>p2 move defog\n>p1 move calmmind\n>p2 switch 5\n>p1 move substitute\n>p2 move bravebird\n>p1 move fireblast\n>p2 move bravebird\n>p2 switch 3\n>p1 move fireblast\n>p2 move doubleedge\n>p2 switch 5\n>p1 move shadowball\n>p2 move willowisp", "uploadtime": 1782867359, "views": 5, "formatid": "gen9randombattle", "rating": null, "private": 0, "password": null, "player_dets": [{"name": "Kakatorti", "avatar": "265", "rating": 0, "seed": "sodium,335069416327dabd255f380f0f1060d5"}, {"name": "Flons02", "avatar": "blue", "rating": 0, "seed": "sodium,6702440053f4e8c0795a7fa3469b9883"}], "teams_full": [{"Ambipom": {"name": "Ambipom", "species": "Ambipom", "speciesId": "ambipom", "gender": "M", "shiny": false, "level": 84, "moves": ["tripleaxel", "doubleedge", "knockoff", "uturn"], "ability": "Technician", "evs": {"hp": 85, "atk": 85, "def": 85, "spa": 85, "spd": 85, "spe": 85}, "ivs": {"hp": 31, "atk": 31, "def": 31, "spa": 31, "spd": 31, "spe": 31}, "item": "Choice Band", "teraType": "Ice", "role": "Fast Attacker", "bvs": {"hp": 75, "atk": 100, "def": 66, "spa": 60, "spd": 66, "spe": 115}, "stats": {"hp": 263, "atk": 216, "def": 159, "spa": 149, "spd": 159, "spe": 241}, "types": ["Normal"]}, "Typhlosion": {"name": "Typhlosion", "species": "Typhlosion-Hisui", "speciesId": "typhlosionhisui", "gender": "F", "shiny": false, "level": 83, "moves": ["calmmind", "shadowball", "substitute", "fireblast"], "ability": "Blaze", "evs": {"hp": 85, "atk": 0, "def": 85, "spa": 85, "spd": 85, "spe": 85}, "ivs": {"hp": 31, "atk": 0, "def": 31, "spa": 31, "spd": 31, "spe": 31}, "item": "Leftovers", "teraType": "Ghost", "role": "Fast Bulky Setup", "bvs": {"hp": 73, "atk": 84, "def": 78, "spa": 119, "spd": 85, "spe": 95}, "stats": {"hp": 257, "atk": 144, "def": 177, "spa": 245, "spd": 189, "spe": 205}, "types": ["Fire", "Ghost"]}, "Fezandipiti": {"name": "Fezandipiti", "species": "Fezandipiti", "speciesId": "fezandipiti", "gender": "M", "shiny": false, "level": 82, "moves": ["gunkshot", "uturn", "moonblast", "roost"], "ability": "Toxic Chain", "evs": {"hp": 85, "atk": 85, "def": 85, "spa": 85, "spd": 85, "spe": 85}, "ivs": {"hp": 31, "atk": 31, "def": 31, "spa": 31, "spd": 31, "spe": 31}, "item": "Leftovers", "teraType": "Water", "role": "Bulky Attacker", "bvs": {"hp": 88, "atk": 91, "def": 82, "spa": 70, "spd": 125, "spe": 99}, "stats": {"hp": 278, "atk": 196, "def": 182, "spa": 162, "spd": 252, "spe": 210}, "types": ["Poison", "Fairy"]}, "Zarude": {"name": "Zarude", "species": "Zarude-Dada", "speciesId": "zarude", "gender": "N", "shiny": false, "level": 77, "moves": ["powerwhip", "uturn", "knockoff", "closecombat"], "ability": "Leaf Guard", "evs": {"hp": 85, "atk": 85, "def": 85, "spa": 85, "spd": 85, "spe": 85}, "ivs": {"hp": 31, "atk": 31, "def": 31, "spa": 31, "spd": 31, "spe": 31}, "item": "Choice Band", "teraType": "Dark", "role": "Fast Attacker", "bvs": {"hp": 105, "atk": 120, "def": 105, "spa": 70, "spd": 95, "spe": 105}, "stats": {"hp": 288, "atk": 229, "def": 206, "spa": 152, "spd": 191, "spe": 206}, "types": ["Dark", "Grass"]}, "Azelf": {"name": "Azelf", "species": "Azelf", "speciesId": "azelf", "gender": "N", "shiny": false, "level": 82, "moves": ["fireblast", "uturn", "dazzlinggleam", "psychic"], "ability": "Levitate", "evs": {"hp": 85, "atk": 85, "def": 85, "spa": 85, "spd": 85, "spe": 85}, "ivs": {"hp": 31, "atk": 31, "def": 31, "spa": 31, "spd": 31, "spe": 31}, "item": "Choice Specs", "teraType": "Fire", "role": "Fast Attacker", "bvs": {"hp": 75, "atk": 125, "def": 70, "spa": 125, "spd": 70, "spe": 115}, "stats": {"hp": 257, "atk": 252, "def": 162, "spa": 252, "spd": 162, "spe": 236}, "types": ["Psychic"]}, "Iron Valiant": {"name": "Iron Valiant", "species": "Iron Valiant", "speciesId": "ironvaliant", "gender": "N", "shiny": false, "level": 78, "moves": ["closecombat", "knockoff", "swordsdance", "spiritbreak"], "ability": "Quark Drive", "evs": {"hp": 85, "atk": 85, "def": 85, "spa": 85, "spd": 85, "spe": 85}, "ivs": {"hp": 31, "atk": 31, "def": 31, "spa": 31, "spd": 31, "spe": 31}, "item": "Life Orb", "teraType": "Fighting", "role": "Setup Sweeper", "bvs": {"hp": 74, "atk": 130, "def": 90, "spa": 120, "spd": 60, "spe": 116}, "stats": {"hp": 244, "atk": 248, "def": 185, "spa": 232, "spd": 139, "spe": 226}, "types": ["Fairy", "Fighting"]}}, {"Staraptor": {"name": "Staraptor", "species": "Staraptor", "speciesId": "staraptor", "gender": "F", "shiny": false, "level": 79, "moves": ["doubleedge", "bravebird", "closecombat", "uturn"], "ability": "Reckless", "evs": {"hp": 81, "atk": 85, "def": 85, "spa": 85, "spd": 85, "spe": 85}, "ivs": {"hp": 31, "atk": 31, "def": 31, "spa": 31, "spd": 31, "spe": 31}, "item": "Choice Scarf", "teraType": "Flying", "role": "Fast Attacker", "bvs": {"hp": 85, "atk": 120, "def": 70, "spa": 50, "spd": 60, "spe": 100}, "stats": {"hp": 263, "atk": 235, "def": 156, "spa": 125, "spd": 140, "spe": 204}, "types": ["Normal", "Flying"]}, "Sylveon": {"name": "Sylveon", "species": "Sylveon", "speciesId": "sylveon", "gender": "M", "shiny": false, "level": 85, "moves": ["hypervoice", "calmmind", "wish", "protect"], "ability": "Pixilate", "evs": {"hp": 85, "atk": 0, "def": 85, "spa": 85, "spd": 85, "spe": 85}, "ivs": {"hp": 31, "atk": 0, "def": 31, "spa": 31, "spd": 31, "spe": 31}, "item": "Leftovers", "teraType": "Steel", "role": "Bulky Setup", "bvs": {"hp": 95, "atk": 65, "def": 65, "spa": 110, "spd": 130, "spe": 60}, "stats": {"hp": 300, "atk": 115, "def": 159, "spa": 236, "spd": 270, "spe": 151}, "types": ["Fairy"]}, "Weezing": {"name": "Weezing", "species": "Weezing-Galar", "speciesId": "weezinggalar", "gender": "F", "shiny": false, "level": 86, "moves": ["gunkshot", "strangesteam", "willowisp", "defog"], "ability": "Levitate", "evs": {"hp": 85, "atk": 85, "def": 85, "spa": 85, "spd": 85, "spe": 85}, "ivs": {"hp": 31, "atk": 31, "def": 31, "spa": 31, "spd": 31, "spe": 31}, "item": "Leftovers", "teraType": "Steel", "role": "Bulky Support", "bvs": {"hp": 65, "atk": 90, "def": 120, "spa": 85, "spd": 70, "spe": 60}, "stats": {"hp": 252, "atk": 204, "def": 256, "spa": 195, "spd": 170, "spe": 152}, "types": ["Poison", "Fairy"]}, "Lanturn": {"name": "Lanturn", "species": "Lanturn", "speciesId": "lanturn", "gender": "M", "shiny": false, "level": 89, "moves": ["scald", "voltswitch", "thunderwave", "thunderbolt"], "ability": "Volt Absorb", "evs": {"hp": 85, "atk": 0, "def": 85, "spa": 85, "spd": 85, "spe": 85}, "ivs": {"hp": 31, "atk": 0, "def": 31, "spa": 31, "spd": 31, "spe": 31}, "item": "Heavy-Duty Boots", "teraType": "Flying", "role": "Fast Support", "bvs": {"hp": 125, "atk": 58, "def": 58, "spa": 76, "spd": 76, "spe": 67}, "stats": {"hp": 367, "atk": 108, "def": 154, "spa": 186, "spd": 186, "spe": 170}, "types": ["Water", "Electric"]}, "Persian": {"name": "Persian", "species": "Persian", "speciesId": "persian", "gender": "F", "shiny": false, "level": 92, "moves": ["doubleedge", "uturn", "fakeout", "knockoff"], "ability": "Technician", "evs": {"hp": 85, "atk": 85, "def": 85, "spa": 85, "spd": 85, "spe": 85}, "ivs": {"hp": 31, "atk": 31, "def": 31, "spa": 31, "spd": 31, "spe": 31}, "item": "Silk Scarf", "teraType": "Normal", "role": "Fast Attacker", "bvs": {"hp": 65, "atk": 70, "def": 60, "spa": 65, "spd": 65, "spe": 115}, "stats": {"hp": 269, "atk": 181, "def": 163, "spa": 172, "spd": 172, "spe": 264}, "types": ["Normal"]}, "Spectrier": {"name": "Spectrier", "species": "Spectrier", "speciesId": "spectrier", "gender": "N", "shiny": false, "level": 75, "moves": ["shadowball", "nastyplot", "willowisp", "darkpulse"], "ability": "Grim Neigh", "evs": {"hp": 85, "atk": 0, "def": 85, "spa": 85, "spd": 85, "spe": 85}, "ivs": {"hp": 31, "atk": 0, "def": 31, "spa": 31, "spd": 31, "spe": 31}, "item": "Life Orb", "teraType": "Dark", "role": "Setup Sweeper", "bvs": {"hp": 100, "atk": 65, "def": 60, "spa": 145, "spd": 80, "spe": 130}, "stats": {"hp": 274, "atk": 102, "def": 134, "spa": 261, "spd": 164, "spe": 239}, "types": ["Ghost"]}}]}