{"id": "gen9randombattle-2642164145", "format": "[Gen 9] Random Battle", "players": ["Yurion", "testbotcif"], "log": "|j|\u2606Yurion\n|j|\u2606testbotcif\n|t:|1782903511\n|gametype|singles\n|player|p1|Yurion|170|1326\n|player|p2|testbotcif|1|1336\n|gen|9\n|tier|[Gen 9] Random Battle\n|rated|\n|rule|Species Clause: Limit one of each Pok\u00e9mon\n|rule|HP Percentage Mod: HP is shown in percentages\n|rule|Sleep Clause Mod: Limit one foe put to sleep\n|rule|Illusion Level Mod: Illusion disguises the Pok\u00e9mon's true level\n|\n|t:|1782903511\n|teamsize|p1|6\n|teamsize|p2|6\n|start\n|switch|p1a: Scream Tail|Scream Tail, L84|330/330\n|switch|p2a: Oricorio|Oricorio-Pa'u, L87, F|272/272\n|turn|1\n|c|\u2606testbotcif|rlhf\n|inactive|Battle timer is ON: inactive players will automatically lose when time's up. (requested by testbotcif)\n|\n|t:|1782903517\n|move|p1a: Scream Tail|Thunder Wave|p2a: Oricorio\n|-status|p2a: Oricorio|par\n|move|p2a: Oricorio|Quiver Dance|p2a: Oricorio\n|-boost|p2a: Oricorio|spa|1\n|-boost|p2a: Oricorio|spd|1\n|-boost|p2a: Oricorio|spe|1\n|\n|upkeep\n|turn|2\n|\n|t:|1782903527\n|-end|p1a: Scream Tail|Protosynthesis|[silent]\n|switch|p1a: Baxcalibur|Baxcalibur, L75, F|296/296\n|cant|p2a: Oricorio|par\n|\n|upkeep\n|turn|3\n|\n|t:|1782903531\n|-terastallize|p2a: Oricorio|Fighting\n|move|p1a: Baxcalibur|Icicle Crash|p2a: Oricorio\n|-damage|p2a: Oricorio|149/272 par\n|move|p2a: Oricorio|Hurricane|p1a: Baxcalibur\n|-damage|p1a: Baxcalibur|79/296\n|\n|upkeep\n|turn|4\n|\n|t:|1782903535\n|move|p1a: Baxcalibur|Glaive Rush|p2a: Oricorio\n|-damage|p2a: Oricorio|0 fnt\n|-singlemove|p1a: Baxcalibur|Glaive Rush|[silent]\n|faint|p2a: Oricorio\n|\n|upkeep\n|\n|t:|1782903535\n|switch|p2a: Glalie|Glalie, L96, F|309/309\n|turn|5\n|\n|t:|1782903543\n|switch|p1a: Scream Tail|Scream Tail, L84|330/330\n|move|p2a: Glalie|Spikes|p1a: Scream Tail\n|-sidestart|p1: Yurion|Spikes\n|\n|upkeep\n|turn|6\n|\n|t:|1782903550\n|move|p1a: Scream Tail|Thunder Wave|p2a: Glalie\n|-status|p2a: Glalie|par\n|move|p2a: Glalie|Freeze-Dry|p1a: Scream Tail\n|-damage|p1a: Scream Tail|263/330\n|\n|-heal|p1a: Scream Tail|283/330|[from] item: Leftovers\n|upkeep\n|turn|7\n|\n|t:|1782903553\n|move|p1a: Scream Tail|Dazzling Gleam|p2a: Glalie\n|-damage|p2a: Glalie|252/309 par\n|cant|p2a: Glalie|par\n|\n|-heal|p1a: Scream Tail|303/330|[from] item: Leftovers\n|upkeep\n|turn|8\n|\n|t:|1782903557\n|move|p1a: Scream Tail|Dazzling Gleam|p2a: Glalie\n|-damage|p2a: Glalie|195/309 par\n|move|p2a: Glalie|Freeze-Dry|p1a: Scream Tail\n|-damage|p1a: Scream Tail|239/330\n|\n|-heal|p1a: Scream Tail|259/330|[from] item: Leftovers\n|upkeep\n|turn|9\n|\n|t:|1782903561\n|move|p1a: Scream Tail|Dazzling Gleam|p2a: Glalie\n|-damage|p2a: Glalie|137/309 par\n|move|p2a: Glalie|Freeze-Dry|p1a: Scream Tail\n|-damage|p1a: Scream Tail|187/330\n|\n|-heal|p1a: Scream Tail|207/330|[from] item: Leftovers\n|upkeep\n|turn|10\n|\n|t:|1782903564\n|move|p1a: Scream Tail|Wish|p1a: Scream Tail\n|move|p2a: Glalie|Freeze-Dry|p1a: Scream Tail\n|-damage|p1a: Scream Tail|143/330\n|\n|-heal|p1a: Scream Tail|163/330|[from] item: Leftovers\n|upkeep\n|turn|11\n|\n|t:|1782903566\n|move|p1a: Scream Tail|Dazzling Gleam|p2a: Glalie\n|-damage|p2a: Glalie|73/309 par\n|move|p2a: Glalie|Freeze-Dry|p1a: Scream Tail\n|-damage|p1a: Scream Tail|99/330\n|\n|-heal|p1a: Scream Tail|264/330|[from] move: Wish|[wisher] Scream Tail\n|-heal|p1a: Scream Tail|284/330|[from] item: Leftovers\n|upkeep\n|turn|12\n|\n|t:|1782903568\n|move|p1a: Scream Tail|Dazzling Gleam|p2a: Glalie\n|-damage|p2a: Glalie|16/309 par\n|move|p2a: Glalie|Freeze-Dry|p1a: Scream Tail\n|-damage|p1a: Scream Tail|217/330\n|\n|-heal|p1a: Scream Tail|237/330|[from] item: Leftovers\n|upkeep\n|turn|13\n|\n|t:|1782903570\n|move|p1a: Scream Tail|Dazzling Gleam|p2a: Glalie\n|-damage|p2a: Glalie|0 fnt\n|faint|p2a: Glalie\n|\n|-heal|p1a: Scream Tail|257/330|[from] item: Leftovers\n|upkeep\n|\n|t:|1782903570\n|switch|p2a: Iron Thorns|Iron Thorns, L83|302/302\n|turn|14\n|\n|t:|1782903579\n|move|p1a: Scream Tail|Wish|p1a: Scream Tail\n|move|p2a: Iron Thorns|Spikes|p1a: Scream Tail\n|-sidestart|p1: Yurion|Spikes\n|\n|-heal|p1a: Scream Tail|277/330|[from] item: Leftovers\n|upkeep\n|turn|15\n|\n|t:|1782903582\n|move|p1a: Scream Tail|Dazzling Gleam|p2a: Iron Thorns\n|-damage|p2a: Iron Thorns|238/302\n|move|p2a: Iron Thorns|Stone Edge|p1a: Scream Tail\n|-damage|p1a: Scream Tail|157/330\n|\n|-heal|p1a: Scream Tail|322/330|[from] move: Wish|[wisher] Scream Tail\n|-heal|p1a: Scream Tail|330/330|[from] item: Leftovers\n|upkeep\n|turn|16\n|\n|t:|1782903584\n|move|p1a: Scream Tail|Dazzling Gleam|p2a: Iron Thorns\n|-damage|p2a: Iron Thorns|168/302\n|move|p2a: Iron Thorns|Stone Edge|p1a: Scream Tail\n|-damage|p1a: Scream Tail|215/330\n|\n|-heal|p1a: Scream Tail|235/330|[from] item: Leftovers\n|upkeep\n|turn|17\n|\n|t:|1782903587\n|move|p1a: Scream Tail|Dazzling Gleam|p2a: Iron Thorns\n|-damage|p2a: Iron Thorns|96/302\n|move|p2a: Iron Thorns|Stone Edge|p1a: Scream Tail\n|-damage|p1a: Scream Tail|111/330\n|\n|-heal|p1a: Scream Tail|131/330|[from] item: Leftovers\n|upkeep\n|turn|18\n|\n|t:|1782903589\n|move|p1a: Scream Tail|Wish|p1a: Scream Tail\n|move|p2a: Iron Thorns|Stone Edge|p1a: Scream Tail\n|-damage|p1a: Scream Tail|17/330\n|\n|-heal|p1a: Scream Tail|37/330|[from] item: Leftovers\n|upkeep\n|turn|19\n|\n|t:|1782903591\n|move|p1a: Scream Tail|Protect|p1a: Scream Tail\n|-singleturn|p1a: Scream Tail|Protect\n|move|p2a: Iron Thorns|Stone Edge|p1a: Scream Tail\n|-activate|p1a: Scream Tail|move: Protect\n|\n|-heal|p1a: Scream Tail|202/330|[from] move: Wish|[wisher] Scream Tail\n|-heal|p1a: Scream Tail|222/330|[from] item: Leftovers\n|upkeep\n|turn|20\n|\n|t:|1782903597\n|move|p1a: Scream Tail|Wish|p1a: Scream Tail\n|move|p2a: Iron Thorns|Stone Edge|p1a: Scream Tail\n|-damage|p1a: Scream Tail|95/330\n|\n|-heal|p1a: Scream Tail|115/330|[from] item: Leftovers\n|upkeep\n|turn|21\n|\n|t:|1782903599\n|move|p1a: Scream Tail|Protect|p1a: Scream Tail\n|-singleturn|p1a: Scream Tail|Protect\n|move|p2a: Iron Thorns|Stone Edge|p1a: Scream Tail\n|-activate|p1a: Scream Tail|move: Protect\n|\n|-heal|p1a: Scream Tail|280/330|[from] move: Wish|[wisher] Scream Tail\n|-heal|p1a: Scream Tail|300/330|[from] item: Leftovers\n|upkeep\n|turn|22\n|\n|t:|1782903605\n|move|p1a: Scream Tail|Dazzling Gleam|p2a: Iron Thorns\n|-damage|p2a: Iron Thorns|26/302\n|move|p2a: Iron Thorns|Stone Edge|p1a: Scream Tail\n|-damage|p1a: Scream Tail|188/330\n|\n|-heal|p1a: Scream Tail|208/330|[from] item: Leftovers\n|upkeep\n|turn|23\n|\n|t:|1782903607\n|move|p1a: Scream Tail|Dazzling Gleam|p2a: Iron Thorns\n|-damage|p2a: Iron Thorns|0 fnt\n|faint|p2a: Iron Thorns\n|-end|p2a: Iron Thorns|Quark Drive|[silent]\n|\n|-heal|p1a: Scream Tail|228/330|[from] item: Leftovers\n|upkeep\n|\n|t:|1782903608\n|switch|p2a: Azumarill|Azumarill, L82, F|298/298\n|turn|24\n|\n|t:|1782903615\n|move|p1a: Scream Tail|Thunder Wave|p2a: Azumarill\n|-status|p2a: Azumarill|par\n|move|p2a: Azumarill|Liquidation|p1a: Scream Tail\n|-damage|p1a: Scream Tail|75/330\n|\n|-heal|p1a: Scream Tail|95/330|[from] item: Leftovers\n|upkeep\n|turn|25\n|\n|t:|1782903619\n|move|p1a: Scream Tail|Wish|p1a: Scream Tail\n|move|p2a: Azumarill|Liquidation|p1a: Scream Tail\n|-damage|p1a: Scream Tail|0 fnt\n|faint|p1a: Scream Tail\n|-end|p1a: Scream Tail|Protosynthesis|[silent]\n|\n|upkeep\n|\n|t:|1782903622\n|switch|p1a: Swanna|Swanna, L89, F|278/278\n|turn|26\n|\n|t:|1782903623\n|move|p1a: Swanna|Defog|p2a: Azumarill\n|-unboost|p2a: Azumarill|evasion|1\n|-sideend|p1: Yurion|Spikes|[from] move: Defog|[of] p1a: Swanna\n|move|p2a: Azumarill|Liquidation|p1a: Swanna\n|-resisted|p1a: Swanna\n|-damage|p1a: Swanna|181/278\n|\n|-heal|p1a: Swanna|278/278|[from] move: Wish|[wisher] Scream Tail\n|upkeep\n|turn|27\n|\n|t:|1782903629\n|switch|p1a: Amoonguss|Amoonguss, L82, F|321/321\n|move|p2a: Azumarill|Liquidation|p1a: Amoonguss\n|-resisted|p1a: Amoonguss\n|-damage|p1a: Amoonguss|221/321\n|-unboost|p1a: Amoonguss|def|1\n|\n|-heal|p1a: Amoonguss|241/321|[from] item: Leftovers\n|upkeep\n|turn|28\n|\n|t:|1782903633\n|switch|p2a: Entei|Entei, L78|307/307\n|move|p1a: Amoonguss|Giga Drain|p2a: Entei\n|-resisted|p2a: Entei\n|-damage|p2a: Entei|264/307\n|-heal|p1a: Amoonguss|263/321|[from] drain|[of] p2a: Entei\n|\n|-heal|p1a: Amoonguss|283/321|[from] item: Leftovers\n|upkeep\n|turn|29\n|\n|t:|1782903644\n|switch|p1a: Sinistcha|Sinistcha-Masterpiece, L83|254/254\n|move|p2a: Entei|Sacred Fire|p1a: Sinistcha\n|-supereffective|p1a: Sinistcha\n|-damage|p1a: Sinistcha|126/254\n|\n|-heal|p1a: Sinistcha|141/254|[from] item: Leftovers\n|upkeep\n|turn|30\n|\n|t:|1782903647\n|move|p2a: Entei|Sacred Fire|p1a: Sinistcha\n|-supereffective|p1a: Sinistcha\n|-damage|p1a: Sinistcha|13/254\n|-status|p1a: Sinistcha|brn\n|move|p1a: Sinistcha|Strength Sap|p2a: Entei\n|-unboost|p2a: Entei|atk|1\n|-heal|p1a: Sinistcha|237/254 brn\n|\n|-heal|p1a: Sinistcha|252/254 brn|[from] item: Leftovers\n|-damage|p1a: Sinistcha|245/254 brn|[from] brn\n|upkeep\n|turn|31\n|\n|t:|1782903658\n|move|p2a: Entei|Sacred Fire|p1a: Sinistcha\n|-supereffective|p1a: Sinistcha\n|-damage|p1a: Sinistcha|155/254 brn\n|move|p1a: Sinistcha|Strength Sap|p2a: Entei\n|-unboost|p2a: Entei|atk|1\n|-heal|p1a: Sinistcha|254/254 brn\n|\n|-damage|p1a: Sinistcha|247/254 brn|[from] brn\n|upkeep\n|turn|32\n|\n|t:|1782903662\n|move|p2a: Entei|Sacred Fire|p1a: Sinistcha\n|-supereffective|p1a: Sinistcha\n|-damage|p1a: Sinistcha|179/254 brn\n|move|p1a: Sinistcha|Calm Mind|p1a: Sinistcha\n|-boost|p1a: Sinistcha|spa|1\n|-boost|p1a: Sinistcha|spd|1\n|\n|-heal|p1a: Sinistcha|194/254 brn|[from] item: Leftovers\n|-damage|p1a: Sinistcha|187/254 brn|[from] brn\n|upkeep\n|turn|33\n|\n|t:|1782903666\n|move|p2a: Entei|Sacred Fire|p1a: Sinistcha\n|-supereffective|p1a: Sinistcha\n|-damage|p1a: Sinistcha|113/254 brn\n|move|p1a: Sinistcha|Calm Mind|p1a: Sinistcha\n|-boost|p1a: Sinistcha|spa|1\n|-boost|p1a: Sinistcha|spd|1\n|\n|-heal|p1a: Sinistcha|128/254 brn|[from] item: Leftovers\n|-damage|p1a: Sinistcha|121/254 brn|[from] brn\n|upkeep\n|turn|34\n|\n|t:|1782903668\n|move|p2a: Entei|Sacred Fire|p1a: Sinistcha|[miss]\n|-miss|p2a: Entei|p1a: Sinistcha\n|move|p1a: Sinistcha|Strength Sap|p2a: Entei\n|-unboost|p2a: Entei|atk|1\n|-heal|p1a: Sinistcha|233/254 brn\n|\n|-heal|p1a: Sinistcha|248/254 brn|[from] item: Leftovers\n|-damage|p1a: Sinistcha|241/254 brn|[from] brn\n|upkeep\n|turn|35\n|\n|t:|1782903674\n|move|p2a: Entei|Sacred Fire|p1a: Sinistcha\n|-supereffective|p1a: Sinistcha\n|-crit|p1a: Sinistcha\n|-damage|p1a: Sinistcha|31/254 brn\n|move|p1a: Sinistcha|Shadow Ball|p2a: Entei\n|-damage|p2a: Entei|20/307\n|-unboost|p2a: Entei|spd|1\n|\n|-heal|p1a: Sinistcha|46/254 brn|[from] item: Leftovers\n|-damage|p1a: Sinistcha|39/254 brn|[from] brn\n|upkeep\n|turn|36\n|\n|t:|1782903685\n|move|p2a: Entei|Sacred Fire|p1a: Sinistcha\n|-supereffective|p1a: Sinistcha\n|-damage|p1a: Sinistcha|0 fnt\n|faint|p1a: Sinistcha\n|\n|upkeep\n|\n|t:|1782903687\n|switch|p1a: Swanna|Swanna, L89, F|278/278\n|turn|37\n|\n|t:|1782903690\n|switch|p2a: Azumarill|Azumarill, L82, F|298/298 par\n|move|p1a: Swanna|Brave Bird|p2a: Azumarill\n|-damage|p2a: Azumarill|154/298 par\n|-damage|p1a: Swanna|230/278|[from] Recoil\n|\n|upkeep\n|turn|38\n|\n|t:|1782903694\n|switch|p1a: Amoonguss|Amoonguss, L82, F|321/321\n|move|p2a: Azumarill|Liquidation|p1a: Amoonguss\n|-resisted|p1a: Amoonguss\n|-damage|p1a: Amoonguss|231/321\n|\n|-heal|p1a: Amoonguss|251/321|[from] item: Leftovers\n|upkeep\n|turn|39\n|\n|t:|1782903696\n|switch|p2a: Toxapex|Toxapex, L82, M|216/216\n|move|p1a: Amoonguss|Giga Drain|p2a: Toxapex\n|-damage|p2a: Toxapex|168/216\n|-heal|p1a: Amoonguss|275/321|[from] drain|[of] p2a: Toxapex\n|\n|-heal|p2a: Toxapex|181/216|[from] item: Leftovers\n|-heal|p1a: Amoonguss|295/321|[from] item: Leftovers\n|upkeep\n|turn|40\n|\n|t:|1782903703\n|move|p2a: Toxapex|Toxic|p1a: Amoonguss\n|-immune|p1a: Amoonguss\n|move|p1a: Amoonguss|Spore|p2a: Toxapex\n|-status|p2a: Toxapex|slp|[from] move: Spore\n|\n|-heal|p2a: Toxapex|194/216 slp|[from] item: Leftovers\n|-heal|p1a: Amoonguss|315/321|[from] item: Leftovers\n|upkeep\n|turn|41\n|\n|t:|1782903706\n|cant|p2a: Toxapex|slp\n|move|p1a: Amoonguss|Stomping Tantrum|p2a: Toxapex\n|-supereffective|p2a: Toxapex\n|-damage|p2a: Toxapex|132/216 slp\n|\n|-heal|p2a: Toxapex|145/216 slp|[from] item: Leftovers\n|-heal|p1a: Amoonguss|321/321|[from] item: Leftovers\n|upkeep\n|turn|42\n|\n|t:|1782903711\n|cant|p2a: Toxapex|slp\n|move|p1a: Amoonguss|Stomping Tantrum|p2a: Toxapex\n|-supereffective|p2a: Toxapex\n|-damage|p2a: Toxapex|83/216 slp\n|\n|-heal|p2a: Toxapex|96/216 slp|[from] item: Leftovers\n|upkeep\n|turn|43\n|\n|t:|1782903713\n|-curestatus|p2a: Toxapex|slp|[msg]\n|move|p2a: Toxapex|Recover|p2a: Toxapex\n|-heal|p2a: Toxapex|204/216\n|move|p1a: Amoonguss|Stomping Tantrum|p2a: Toxapex\n|-supereffective|p2a: Toxapex\n|-damage|p2a: Toxapex|140/216\n|\n|-heal|p2a: Toxapex|153/216|[from] item: Leftovers\n|upkeep\n|turn|44\n|\n|t:|1782903715\n|move|p2a: Toxapex|Recover|p2a: Toxapex\n|-heal|p2a: Toxapex|216/216\n|move|p1a: Amoonguss|Spore|p2a: Toxapex\n|-status|p2a: Toxapex|slp|[from] move: Spore\n|\n|upkeep\n|turn|45\n|\n|t:|1782903719\n|switch|p1a: Baxcalibur|Baxcalibur, L75, F|79/296\n|cant|p2a: Toxapex|slp\n|\n|upkeep\n|turn|46\n|\n|t:|1782903721\n|move|p1a: Baxcalibur|Dragon Dance|p1a: Baxcalibur\n|-boost|p1a: Baxcalibur|atk|1\n|-boost|p1a: Baxcalibur|spe|1\n|cant|p2a: Toxapex|slp\n|\n|upkeep\n|turn|47\n|\n|t:|1782903724\n|move|p1a: Baxcalibur|Dragon Dance|p1a: Baxcalibur\n|-boost|p1a: Baxcalibur|atk|1\n|-boost|p1a: Baxcalibur|spe|1\n|-curestatus|p2a: Toxapex|slp|[msg]\n|move|p2a: Toxapex|Liquidation|p1a: Baxcalibur\n|-resisted|p1a: Baxcalibur\n|-damage|p1a: Baxcalibur|47/296\n|\n|upkeep\n|turn|48\n|\n|t:|1782903725\n|move|p1a: Baxcalibur|Earthquake|p2a: Toxapex\n|-supereffective|p2a: Toxapex\n|-damage|p2a: Toxapex|14/216\n|move|p2a: Toxapex|Liquidation|p1a: Baxcalibur\n|-resisted|p1a: Baxcalibur\n|-damage|p1a: Baxcalibur|15/296\n|\n|-heal|p2a: Toxapex|27/216|[from] item: Leftovers\n|upkeep\n|turn|49\n|\n|t:|1782903728\n|move|p1a: Baxcalibur|Earthquake|p2a: Toxapex\n|-supereffective|p2a: Toxapex\n|-damage|p2a: Toxapex|0 fnt\n|faint|p2a: Toxapex\n|\n|upkeep\n|\n|t:|1782903728\n|switch|p2a: Azumarill|Azumarill, L82, F|154/298 par\n|turn|50\n|\n|t:|1782903734\n|cant|p2a: Azumarill|par\n|move|p1a: Baxcalibur|Earthquake|p2a: Azumarill\n|-damage|p2a: Azumarill|0 fnt\n|faint|p2a: Azumarill\n|\n|upkeep\n|\n|t:|1782903734\n|switch|p2a: Entei|Entei, L78|20/307\n|turn|51\n|\n|t:|1782903737\n|move|p2a: Entei|Extreme Speed|p1a: Baxcalibur\n|-damage|p1a: Baxcalibur|0 fnt\n|faint|p1a: Baxcalibur\n|\n|upkeep\n|\n|t:|1782903739\n|switch|p1a: Swanna|Swanna, L89, F|230/278\n|turn|52\n|c|\u2606Yurion|gg\n|\n|t:|1782903743\n|move|p2a: Entei|Extreme Speed|p1a: Swanna\n|-damage|p1a: Swanna|126/278\n|move|p1a: Swanna|Brave Bird|p2a: Entei\n|-damage|p2a: Entei|0 fnt\n|faint|p2a: Entei\n|-damage|p1a: Swanna|119/278|[from] Recoil\n|\n|win|Yurion\n|raw|Yurion's rating: 1326 &rarr; <strong>1347</strong><br />(+21 for winning)\n|raw|testbotcif's rating: 1336 &rarr; <strong>1315</strong><br />(-21 for losing)\n", "inputlog": ">version f8ac14003a5f27e1bdc8d8c59608a773c1cb96e5\n>start {\"formatid\":\"gen9randombattle\",\"seed\":\"sodium,90585704c29be393855158d331e03ca1\",\"rated\":\"Rated battle\"}\n>player p1 {\"name\":\"Yurion\",\"avatar\":\"170\",\"rating\":1326,\"seed\":\"sodium,645678a78df484e3f5d1681684125bc5\"}\n>player p2 {\"name\":\"testbotcif\",\"avatar\":\"1\",\"rating\":1336,\"seed\":\"sodium,41836733eb1256dc1a9e4fc328a1eeac\"}\n>chat \u2606testbotcif|rlhf\n>p1 move thunderwave\n>p2 move quiverdance\n>p1 switch 4\n>p2 move quiverdance\n>p1 move iciclecrash\n>p2 move hurricane terastallize\n>p1 move glaiverush\n>p2 move roost\n>p2 switch 2\n>p1 switch 4\n>p2 move spikes\n>p1 move thunderwave\n>p2 move freezedry\n>p1 move dazzlinggleam\n>p2 move freezedry\n>p1 move dazzlinggleam\n>p2 move freezedry\n>p1 move dazzlinggleam\n>p2 move freezedry\n>p1 move wish\n>p2 move freezedry\n>p1 move dazzlinggleam\n>p2 move freezedry\n>p1 move dazzlinggleam\n>p2 move freezedry\n>p1 move dazzlinggleam\n>p2 move freezedry\n>p2 switch 6\n>p1 move wish\n>p2 move spikes\n>p1 move dazzlinggleam\n>p2 move stoneedge\n>p1 move dazzlinggleam\n>p2 move stoneedge\n>p1 move dazzlinggleam\n>p2 move stoneedge\n>p1 move wish\n>p2 move stoneedge\n>p1 move protect\n>p2 move stoneedge\n>p1 move wish\n>p2 move stoneedge\n>p1 move protect\n>p2 move stoneedge\n>p1 move dazzlinggleam\n>p2 move stoneedge\n>p1 move dazzlinggleam\n>p2 move wildcharge\n>p2 switch 5\n>p1 move thunderwave\n>p2 move liquidation\n>p1 move wish\n>p2 move liquidation\n>p1 switch 3\n>p1 move defog\n>p2 move liquidation\n>p1 switch 2\n>p2 move liquidation\n>p1 move gigadrain\n>p2 switch 4\n>p1 switch 6\n>p2 move sacredfire\n>p1 move strengthsap\n>p2 move sacredfire\n>p1 move strengthsap\n>p2 move sacredfire\n>p1 move calmmind\n>p2 move sacredfire\n>p1 move calmmind\n>p2 move sacredfire\n>p1 move strengthsap\n>p2 move sacredfire\n>p1 move shadowball\n>p2 move sacredfire\n>p1 move strengthsap\n>p2 move sacredfire\n>p1 switch 2\n>p1 move bravebird\n>p2 switch 4\n>p1 switch 6\n>p2 move liquidation\n>p1 move gigadrain\n>p2 switch 3\n>p1 move spore\n>p2 move toxic\n>p1 move stompingtantrum\n>p2 move haze\n>p1 move stompingtantrum\n>p2 move recover\n>p1 move stompingtantrum\n>p2 move recover\n>p1 move spore\n>p2 move recover\n>p1 switch 4\n>p2 move haze\n>p1 move dragondance\n>p2 move liquidation\n>p1 move dragondance\n>p2 move liquidation\n>p1 move earthquake\n>p2 move liquidation\n>p1 move earthquake\n>p2 move recover\n>p2 switch 3\n>p1 move earthquake\n>p2 move aquajet\n>p2 switch 4\n>p1 move earthquake\n>p2 move extremespeed\n>p1 switch 6\n>chat \u2606Yurion|gg\n>p1 move bravebird\n>p2 move extremespeed", "uploadtime": 1782903743, "views": 3, "formatid": "gen9randombattle", "rating": 1315, "private": 0, "password": null, "player_dets": [{"name": "Yurion", "avatar": "170", "rating": 1326, "seed": "sodium,645678a78df484e3f5d1681684125bc5"}, {"name": "testbotcif", "avatar": "1", "rating": 1336, "seed": "sodium,41836733eb1256dc1a9e4fc328a1eeac"}], "teams_full": [{"Scream Tail": {"name": "Scream Tail", "species": "Scream Tail", "speciesId": "screamtail", "gender": "N", "shiny": false, "level": 84, "moves": ["wish", "dazzlinggleam", "protect", "thunderwave"], "ability": "Protosynthesis", "evs": {"hp": 85, "atk": 0, "def": 85, "spa": 85, "spd": 85, "spe": 85}, "ivs": {"hp": 31, "atk": 0, "def": 31, "spa": 31, "spd": 31, "spe": 31}, "item": "Leftovers", "teraType": "Steel", "role": "Bulky Attacker", "bvs": {"hp": 115, "atk": 65, "def": 99, "spa": 65, "spd": 115, "spe": 111}, "stats": {"hp": 330, "atk": 114, "def": 215, "spa": 157, "spd": 241, "spe": 235}, "types": ["Fairy", "Psychic"]}, "Amoonguss": {"name": "Amoonguss", "species": "Amoonguss", "speciesId": "amoonguss", "gender": "F", "shiny": false, "level": 82, "moves": ["spore", "sludgebomb", "stompingtantrum", "gigadrain"], "ability": "Regenerator", "evs": {"hp": 85, "atk": 85, "def": 85, "spa": 85, "spd": 85, "spe": 85}, "ivs": {"hp": 31, "atk": 31, "def": 31, "spa": 31, "spd": 31, "spe": 31}, "item": "Leftovers", "teraType": "Steel", "role": "Bulky Attacker", "bvs": {"hp": 114, "atk": 85, "def": 70, "spa": 85, "spd": 80, "spe": 30}, "stats": {"hp": 321, "atk": 187, "def": 162, "spa": 187, "spd": 178, "spe": 96}, "types": ["Grass", "Poison"]}, "Swanna": {"name": "Swanna", "species": "Swanna", "speciesId": "swanna", "gender": "F", "shiny": false, "level": 89, "moves": ["defog", "bravebird", "roost", "hydropump"], "ability": "Hydration", "evs": {"hp": 85, "atk": 85, "def": 85, "spa": 85, "spd": 85, "spe": 85}, "ivs": {"hp": 31, "atk": 31, "def": 31, "spa": 31, "spd": 31, "spe": 31}, "item": "Heavy-Duty Boots", "teraType": "Ground", "role": "Bulky Support", "bvs": {"hp": 75, "atk": 87, "def": 63, "spa": 87, "spd": 63, "spe": 98}, "stats": {"hp": 278, "atk": 206, "def": 163, "spa": 206, "spd": 163, "spe": 225}, "types": ["Water", "Flying"]}, "Baxcalibur": {"name": "Baxcalibur", "species": "Baxcalibur", "speciesId": "baxcalibur", "gender": "F", "shiny": false, "level": 75, "moves": ["iciclecrash", "glaiverush", "dragondance", "earthquake"], "ability": "Thermal Exchange", "evs": {"hp": 85, "atk": 85, "def": 85, "spa": 85, "spd": 85, "spe": 85}, "ivs": {"hp": 31, "atk": 31, "def": 31, "spa": 31, "spd": 31, "spe": 31}, "item": "Heavy-Duty Boots", "teraType": "Dragon", "role": "Setup Sweeper", "bvs": {"hp": 115, "atk": 145, "def": 92, "spa": 75, "spd": 86, "spe": 87}, "stats": {"hp": 296, "atk": 261, "def": 182, "spa": 156, "spd": 173, "spe": 174}, "types": ["Dragon", "Ice"]}, "Arceus": {"name": "Arceus", "species": "Arceus-Fighting", "speciesId": "arceusfighting", "gender": "N", "shiny": false, "level": 70, "moves": ["storedpower", "cosmicpower", "bodypress", "recover"], "ability": "Multitype", "evs": {"hp": 85, "atk": 0, "def": 85, "spa": 85, "spd": 85, "spe": 85}, "ivs": {"hp": 31, "atk": 0, "def": 31, "spa": 31, "spd": 31, "spe": 31}, "item": "Fist Plate", "teraType": "Steel", "role": "Fast Bulky Setup", "bvs": {"hp": 120, "atk": 120, "def": 120, "spa": 120, "spd": 120, "spe": 120}, "stats": {"hp": 284, "atk": 173, "def": 209, "spa": 209, "spd": 209, "spe": 209}, "types": ["Fighting"]}, "Sinistcha": {"name": "Sinistcha", "species": "Sinistcha-Masterpiece", "speciesId": "sinistcha", "gender": "N", "shiny": false, "level": 83, "moves": ["calmmind", "shadowball", "matchagotcha", "strengthsap"], "ability": "Heatproof", "evs": {"hp": 85, "atk": 0, "def": 85, "spa": 85, "spd": 85, "spe": 85}, "ivs": {"hp": 31, "atk": 0, "def": 31, "spa": 31, "spd": 31, "spe": 31}, "item": "Leftovers", "teraType": "Steel", "role": "Bulky Setup", "bvs": {"hp": 71, "atk": 60, "def": 106, "spa": 121, "spd": 80, "spe": 70}, "stats": {"hp": 254, "atk": 104, "def": 224, "spa": 249, "spd": 180, "spe": 164}, "types": ["Grass", "Ghost"]}}, {"Oricorio": {"name": "Oricorio", "species": "Oricorio-Pa'u", "speciesId": "oricoriopau", "gender": "F", "shiny": false, "level": 87, "moves": ["hurricane", "quiverdance", "roost", "revelationdance"], "ability": "Dancer", "evs": {"hp": 85, "atk": 0, "def": 85, "spa": 85, "spd": 85, "spe": 85}, "ivs": {"hp": 31, "atk": 0, "def": 31, "spa": 31, "spd": 31, "spe": 31}, "item": "Heavy-Duty Boots", "teraType": "Fighting", "role": "Setup Sweeper", "bvs": {"hp": 75, "atk": 70, "def": 70, "spa": 98, "spd": 70, "spe": 93}, "stats": {"hp": 272, "atk": 126, "def": 172, "spa": 220, "spd": 172, "spe": 212}, "types": ["Psychic", "Flying"]}, "Glalie": {"name": "Glalie", "species": "Glalie", "speciesId": "glalie", "gender": "F", "shiny": false, "level": 96, "moves": ["earthquake", "spikes", "freezedry", "taunt"], "ability": "Inner Focus", "evs": {"hp": 85, "atk": 85, "def": 85, "spa": 85, "spd": 85, "spe": 85}, "ivs": {"hp": 31, "atk": 31, "def": 31, "spa": 31, "spd": 31, "spe": 31}, "item": "Heavy-Duty Boots", "teraType": "Water", "role": "Fast Support", "bvs": {"hp": 80, "atk": 80, "def": 80, "spa": 80, "spd": 80, "spe": 80}, "stats": {"hp": 309, "atk": 208, "def": 208, "spa": 208, "spd": 208, "spe": 208}, "types": ["Ice"]}, "Toxapex": {"name": "Toxapex", "species": "Toxapex", "speciesId": "toxapex", "gender": "M", "shiny": false, "level": 82, "moves": ["liquidation", "haze", "toxic", "recover"], "ability": "Regenerator", "evs": {"hp": 85, "atk": 85, "def": 85, "spa": 85, "spd": 85, "spe": 85}, "ivs": {"hp": 31, "atk": 31, "def": 31, "spa": 31, "spd": 31, "spe": 31}, "item": "Leftovers", "teraType": "Grass", "role": "Bulky Support", "bvs": {"hp": 50, "atk": 63, "def": 152, "spa": 53, "spd": 142, "spe": 35}, "stats": {"hp": 216, "atk": 150, "def": 296, "spa": 134, "spd": 280, "spe": 105}, "types": ["Poison", "Water"]}, "Entei": {"name": "Entei", "species": "Entei", "speciesId": "entei", "gender": "N", "shiny": false, "level": 78, "moves": ["sacredfire", "flareblitz", "stompingtantrum", "extremespeed"], "ability": "Inner Focus", "evs": {"hp": 85, "atk": 85, "def": 85, "spa": 85, "spd": 85, "spe": 85}, "ivs": {"hp": 31, "atk": 31, "def": 31, "spa": 31, "spd": 31, "spe": 31}, "item": "Choice Band", "teraType": "Normal", "role": "Wallbreaker", "bvs": {"hp": 115, "atk": 115, "def": 85, "spa": 90, "spd": 75, "spe": 100}, "stats": {"hp": 307, "atk": 224, "def": 178, "spa": 185, "spd": 162, "spe": 201}, "types": ["Fire"]}, "Azumarill": {"name": "Azumarill", "species": "Azumarill", "speciesId": "azumarill", "gender": "F", "shiny": false, "level": 82, "moves": ["playrough", "aquajet", "liquidation", "superpower"], "ability": "Huge Power", "evs": {"hp": 85, "atk": 85, "def": 85, "spa": 85, "spd": 85, "spe": 85}, "ivs": {"hp": 31, "atk": 31, "def": 31, "spa": 31, "spd": 31, "spe": 31}, "item": "Choice Band", "teraType": "Water", "role": "Bulky Attacker", "bvs": {"hp": 100, "atk": 50, "def": 80, "spa": 60, "spd": 80, "spe": 50}, "stats": {"hp": 298, "atk": 129, "def": 178, "spa": 146, "spd": 178, "spe": 129}, "types": ["Water", "Fairy"]}, "Iron Thorns": {"name": "Iron Thorns", "species": "Iron Thorns", "speciesId": "ironthorns", "gender": "N", "shiny": false, "level": 83, "moves": ["voltswitch", "wildcharge", "spikes", "stoneedge"], "ability": "Quark Drive", "evs": {"hp": 85, "atk": 85, "def": 85, "spa": 85, "spd": 85, "spe": 85}, "ivs": {"hp": 31, "atk": 31, "def": 31, "spa": 31, "spd": 31, "spe": 31}, "item": "Heavy-Duty Boots", "teraType": "Flying", "role": "Fast Support", "bvs": {"hp": 100, "atk": 134, "def": 110, "spa": 70, "spd": 84, "spe": 72}, "stats": {"hp": 302, "atk": 270, "def": 230, "spa": 164, "spd": 187, "spe": 167}, "types": ["Rock", "Electric"]}}]}