{"id": "gen9randombattle-2641831207", "format": "[Gen 9] Random Battle", "players": ["soumatou_story", "TheLastOne"], "log": "|j|\u2606soumatou_story\n|j|\u2606TheLastOne\n|t:|1782847154\n|gametype|singles\n|player|p1|soumatou_story|parasollady|2113\n|player|p2|TheLastOne|falkner|2014\n|gen|9\n|tier|[Gen 9] Random Battle\n|rated|\n|rule|Species Clause: Limit one of each Pok\u00e9mon\n|rule|HP Percentage Mod: HP is shown in percentages\n|rule|Sleep Clause Mod: Limit one foe put to sleep\n|rule|Illusion Level Mod: Illusion disguises the Pok\u00e9mon's true level\n|\n|t:|1782847154\n|teamsize|p1|6\n|teamsize|p2|6\n|start\n|switch|p1a: Tsareena|Tsareena, L87, F|267/267\n|switch|p2a: Goodra|Goodra, L85, M|292/292\n|turn|1\n|inactive|Battle timer is ON: inactive players will automatically lose when time's up. (requested by TheLastOne)\n|\n|t:|1782847159\n|switch|p2a: Corviknight|Corviknight, L80, M|288/288\n|move|p1a: Tsareena|Triple Axel|p2a: Corviknight|[miss]\n|-miss|p1a: Tsareena|p2a: Corviknight\n|\n|upkeep\n|turn|2\n|\n|t:|1782847170\n|switch|p1a: Arcanine|Arcanine, L84, F|288/288\n|-ability|p1a: Arcanine|Intimidate|boost\n|-ability|p2a: Corviknight|Mirror Armor\n|-unboost|p1a: Arcanine|atk|1\n|move|p2a: Corviknight|U-turn|p1a: Arcanine\n|-resisted|p1a: Arcanine\n|-damage|p1a: Arcanine|264/288\n|\n|t:|1782847173\n|switch|p2a: Wugtrio|Wugtrio, L91, M|212/212|[from] U-turn\n|\n|upkeep\n|turn|3\n|\n|t:|1782847180\n|switch|p1a: Tsareena|Tsareena, L87, F|267/267\n|move|p2a: Wugtrio|Throat Chop|p1a: Tsareena\n|-damage|p1a: Tsareena|170/267\n|-start|p1a: Tsareena|Throat Chop|[silent]\n|\n|upkeep\n|turn|4\n|\n|t:|1782847184\n|switch|p2a: Corviknight|Corviknight, L80, M|288/288\n|move|p1a: Tsareena|Knock Off|p2a: Corviknight\n|-damage|p2a: Corviknight|209/288\n|-damage|p1a: Tsareena|126/267|[from] item: Rocky Helmet|[of] p2a: Corviknight\n|-enditem|p2a: Corviknight|Rocky Helmet|[from] move: Knock Off|[of] p1a: Tsareena\n|\n|-end|p1a: Tsareena|Throat Chop|[silent]\n|upkeep\n|turn|5\n|\n|t:|1782847190\n|switch|p1a: Volcarona|Volcarona, L77, M|257/257\n|move|p2a: Corviknight|Brave Bird|p1a: Volcarona\n|-supereffective|p1a: Volcarona\n|-damage|p1a: Volcarona|0 fnt\n|faint|p1a: Volcarona\n|-damage|p2a: Corviknight|124/288|[from] Recoil\n|\n|upkeep\n|\n|t:|1782847198\n|switch|p1a: Arcanine|Arcanine, L84, F|264/288\n|-ability|p1a: Arcanine|Intimidate|boost\n|-ability|p2a: Corviknight|Mirror Armor\n|-unboost|p1a: Arcanine|atk|1\n|turn|6\n|\n|t:|1782847205\n|switch|p2a: Wugtrio|Wugtrio, L91, M|212/212\n|move|p1a: Arcanine|Close Combat|p2a: Wugtrio\n|-damage|p2a: Wugtrio|122/212\n|-unboost|p1a: Arcanine|def|1\n|-unboost|p1a: Arcanine|spd|1\n|-ability|p2a: Wugtrio|Gooey\n|-unboost|p1a: Arcanine|spe|1\n|\n|upkeep\n|turn|7\n|\n|t:|1782847211\n|switch|p1a: Tsareena|Tsareena, L87, F|126/267\n|move|p2a: Wugtrio|Liquidation|p1a: Tsareena\n|-resisted|p1a: Tsareena\n|-damage|p1a: Tsareena|55/267\n|\n|upkeep\n|turn|8\n|\n|t:|1782847215\n|move|p2a: Wugtrio|Liquidation|p1a: Tsareena\n|-resisted|p1a: Tsareena\n|-damage|p1a: Tsareena|0 fnt\n|faint|p1a: Tsareena\n|\n|upkeep\n|\n|t:|1782847218\n|switch|p1a: Exeggutor|Exeggutor, L89, M|312/312\n|turn|9\n|\n|t:|1782847223\n|switch|p2a: Shiftry|Shiftry, L89, F|305/305\n|move|p1a: Exeggutor|Substitute|p1a: Exeggutor\n|-start|p1a: Exeggutor|Substitute\n|-damage|p1a: Exeggutor|234/312\n|\n|upkeep\n|turn|10\n|\n|t:|1782847228\n|switch|p1a: Arcanine|Arcanine, L84, F|264/288\n|-ability|p1a: Arcanine|Intimidate|boost\n|-unboost|p2a: Shiftry|atk|1\n|move|p2a: Shiftry|Knock Off|p1a: Arcanine\n|-damage|p1a: Arcanine|174/288\n|-enditem|p1a: Arcanine|Heavy-Duty Boots|[from] move: Knock Off|[of] p2a: Shiftry\n|\n|upkeep\n|turn|11\n|\n|t:|1782847232\n|switch|p2a: Wugtrio|Wugtrio, L91, M|122/212\n|move|p1a: Arcanine|Flare Blitz|p2a: Wugtrio\n|-resisted|p2a: Wugtrio\n|-damage|p2a: Wugtrio|19/212\n|-ability|p2a: Wugtrio|Gooey\n|-unboost|p1a: Arcanine|spe|1\n|-damage|p1a: Arcanine|140/288|[from] Recoil\n|\n|upkeep\n|turn|12\n|\n|t:|1782847235\n|switch|p1a: Snorlax|Snorlax, L82, F|397/397\n|move|p2a: Wugtrio|Throat Chop|p1a: Snorlax\n|-damage|p1a: Snorlax|270/397\n|-start|p1a: Snorlax|Throat Chop|[silent]\n|\n|upkeep\n|turn|13\n|\n|t:|1782847238\n|switch|p2a: Corviknight|Corviknight, L80, M|124/288\n|move|p1a: Snorlax|Curse|p1a: Snorlax\n|-unboost|p1a: Snorlax|spe|1\n|-boost|p1a: Snorlax|atk|1\n|-boost|p1a: Snorlax|def|1\n|\n|-end|p1a: Snorlax|Throat Chop|[silent]\n|upkeep\n|turn|14\n|\n|t:|1782847240\n|move|p2a: Corviknight|Body Press|p1a: Snorlax\n|-supereffective|p1a: Snorlax\n|-damage|p1a: Snorlax|178/397\n|move|p1a: Snorlax|Curse|p1a: Snorlax\n|-unboost|p1a: Snorlax|spe|1\n|-boost|p1a: Snorlax|atk|1\n|-boost|p1a: Snorlax|def|1\n|\n|upkeep\n|turn|15\n|\n|t:|1782847243\n|move|p2a: Corviknight|U-turn|p1a: Snorlax\n|-damage|p1a: Snorlax|149/397\n|\n|t:|1782847249\n|switch|p2a: Hitmonchan|Hitmonchan, L87, M|229/229|[from] U-turn\n|move|p1a: Snorlax|Curse|p1a: Snorlax\n|-unboost|p1a: Snorlax|spe|1\n|-boost|p1a: Snorlax|atk|1\n|-boost|p1a: Snorlax|def|1\n|\n|upkeep\n|turn|16\n|\n|t:|1782847252\n|move|p2a: Hitmonchan|Encore|p1a: Snorlax\n|-start|p1a: Snorlax|Encore\n|move|p1a: Snorlax|Curse|p1a: Snorlax\n|-unboost|p1a: Snorlax|spe|1\n|-boost|p1a: Snorlax|atk|1\n|-boost|p1a: Snorlax|def|1\n|\n|upkeep\n|turn|17\n|\n|t:|1782847256\n|switch|p1a: Metagross|Metagross, L79|256/256\n|move|p2a: Hitmonchan|Knock Off|p1a: Metagross\n|-supereffective|p1a: Metagross\n|-damage|p1a: Metagross|128/256\n|-enditem|p1a: Metagross|Leftovers|[from] move: Knock Off|[of] p2a: Hitmonchan\n|\n|upkeep\n|turn|18\n|\n|t:|1782847262\n|switch|p2a: Corviknight|Corviknight, L80, M|124/288\n|move|p1a: Metagross|Stealth Rock|p2a: Corviknight\n|-sidestart|p2: TheLastOne|move: Stealth Rock\n|\n|upkeep\n|turn|19\n|\n|t:|1782847266\n|switch|p1a: Arcanine|Arcanine, L84, F|140/288\n|-ability|p1a: Arcanine|Intimidate|boost\n|-ability|p2a: Corviknight|Mirror Armor\n|-unboost|p1a: Arcanine|atk|1\n|move|p2a: Corviknight|Roost|p2a: Corviknight\n|-heal|p2a: Corviknight|268/288\n|-singleturn|p2a: Corviknight|move: Roost\n|\n|upkeep\n|turn|20\n|\n|t:|1782847270\n|switch|p2a: Wugtrio|Wugtrio, L91, M|19/212\n|-damage|p2a: Wugtrio|0 fnt|[from] Stealth Rock\n|faint|p2a: Wugtrio\n|move|p1a: Arcanine|Flare Blitz|p2: Wugtrio|[notarget]\n|-fail|p1a: Arcanine\n|\n|upkeep\n|\n|t:|1782847275\n|switch|p2a: Goodra|Goodra, L85, M|292/292\n|-damage|p2a: Goodra|256/292|[from] Stealth Rock\n|turn|21\n|\n|t:|1782847278\n|switch|p1a: Metagross|Metagross, L79|128/256\n|move|p2a: Goodra|Earthquake|p1a: Metagross\n|-supereffective|p1a: Metagross\n|-damage|p1a: Metagross|8/256\n|\n|upkeep\n|turn|22\n|\n|t:|1782847281\n|move|p1a: Metagross|Bullet Punch|p2a: Goodra\n|-damage|p2a: Goodra|195/292\n|move|p2a: Goodra|Scald|p1a: Metagross\n|-damage|p1a: Metagross|0 fnt\n|faint|p1a: Metagross\n|\n|upkeep\n|\n|t:|1782847283\n|switch|p1a: Snorlax|Snorlax, L82, F|149/397\n|turn|23\n|\n|t:|1782847286\n|move|p2a: Goodra|Draco Meteor|p1a: Snorlax|[miss]\n|-miss|p2a: Goodra|p1a: Snorlax\n|move|p1a: Snorlax|Rest|p1a: Snorlax\n|-status|p1a: Snorlax|slp|[from] move: Rest\n|-heal|p1a: Snorlax|397/397 slp|[silent]\n|-enditem|p1a: Snorlax|Chesto Berry|[eat]\n|-curestatus|p1a: Snorlax|slp|[msg]\n|\n|upkeep\n|turn|24\n|\n|t:|1782847291\n|switch|p2a: Hitmonchan|Hitmonchan, L87, M|229/229\n|-damage|p2a: Hitmonchan|215/229|[from] Stealth Rock\n|move|p1a: Snorlax|Body Slam|p2a: Hitmonchan\n|-damage|p2a: Hitmonchan|109/229\n|\n|-heal|p2a: Hitmonchan|123/229|[from] item: Leftovers\n|upkeep\n|turn|25\n|\n|t:|1782847295\n|switch|p1a: Arcanine|Arcanine, L84, F|140/288\n|-ability|p1a: Arcanine|Intimidate|boost\n|-unboost|p2a: Hitmonchan|atk|1\n|move|p2a: Hitmonchan|Drain Punch|p1a: Arcanine\n|-damage|p1a: Arcanine|70/288\n|-heal|p2a: Hitmonchan|158/229|[from] drain|[of] p1a: Arcanine\n|\n|-heal|p2a: Hitmonchan|172/229|[from] item: Leftovers\n|upkeep\n|turn|26\n|\n|t:|1782847299\n|switch|p2a: Goodra|Goodra, L85, M|195/292\n|-damage|p2a: Goodra|159/292|[from] Stealth Rock\n|move|p1a: Arcanine|Morning Sun|p1a: Arcanine\n|-heal|p1a: Arcanine|214/288\n|\n|upkeep\n|turn|27\n|\n|t:|1782847302\n|switch|p1a: Snorlax|Snorlax, L82, F|397/397\n|move|p2a: Goodra|Earthquake|p1a: Snorlax\n|-damage|p1a: Snorlax|306/397\n|\n|upkeep\n|turn|28\n|\n|t:|1782847305\n|move|p2a: Goodra|Scald|p1a: Snorlax\n|-damage|p1a: Snorlax|249/397\n|move|p1a: Snorlax|Body Slam|p2a: Goodra\n|-damage|p2a: Goodra|45/292\n|\n|upkeep\n|turn|29\n|\n|t:|1782847312\n|move|p2a: Goodra|Draco Meteor|p1a: Snorlax\n|-damage|p1a: Snorlax|102/397\n|-unboost|p2a: Goodra|spa|2\n|move|p1a: Snorlax|Curse|p1a: Snorlax\n|-unboost|p1a: Snorlax|spe|1\n|-boost|p1a: Snorlax|atk|1\n|-boost|p1a: Snorlax|def|1\n|\n|upkeep\n|turn|30\n|\n|t:|1782847318\n|move|p2a: Goodra|Draco Meteor|p1a: Snorlax\n|-damage|p1a: Snorlax|30/397\n|-unboost|p2a: Goodra|spa|2\n|move|p1a: Snorlax|Rest|p1a: Snorlax\n|-status|p1a: Snorlax|slp|[from] move: Rest\n|-heal|p1a: Snorlax|397/397 slp|[silent]\n|\n|upkeep\n|turn|31\n|\n|t:|1782847321\n|switch|p2a: Hitmonchan|Hitmonchan, L87, M|172/229\n|-damage|p2a: Hitmonchan|158/229|[from] Stealth Rock\n|cant|p1a: Snorlax|slp\n|\n|-heal|p2a: Hitmonchan|172/229|[from] item: Leftovers\n|upkeep\n|turn|32\n|\n|t:|1782847326\n|switch|p1a: Arcanine|Arcanine, L84, F|214/288\n|-ability|p1a: Arcanine|Intimidate|boost\n|-unboost|p2a: Hitmonchan|atk|1\n|move|p2a: Hitmonchan|Drain Punch|p1a: Arcanine\n|-damage|p1a: Arcanine|141/288\n|-heal|p2a: Hitmonchan|209/229|[from] drain|[of] p1a: Arcanine\n|\n|-heal|p2a: Hitmonchan|223/229|[from] item: Leftovers\n|upkeep\n|turn|33\n|\n|t:|1782847330\n|switch|p2a: Goodra|Goodra, L85, M|45/292\n|-damage|p2a: Goodra|9/292|[from] Stealth Rock\n|move|p1a: Arcanine|Morning Sun|p1a: Arcanine\n|-heal|p1a: Arcanine|285/288\n|\n|upkeep\n|turn|34\n|\n|t:|1782847332\n|move|p1a: Arcanine|Flare Blitz|p2a: Goodra\n|-resisted|p2a: Goodra\n|-damage|p2a: Goodra|0 fnt\n|faint|p2a: Goodra\n|-damage|p1a: Arcanine|282/288|[from] Recoil\n|\n|upkeep\n|\n|t:|1782847344\n|switch|p2a: Shiftry|Shiftry, L89, F|305/305\n|turn|35\n|\n|t:|1782847351\n|switch|p1a: Exeggutor|Exeggutor, L89, M|234/312\n|-terastallize|p2a: Shiftry|Poison\n|move|p2a: Shiftry|Defog|p1a: Exeggutor\n|-unboost|p1a: Exeggutor|evasion|1\n|-sideend|p2: TheLastOne|Stealth Rock|[from] move: Defog|[of] p2a: Shiftry\n|\n|upkeep\n|turn|36\n|\n|t:|1782847359\n|-terastallize|p1a: Exeggutor|Steel\n|move|p2a: Shiftry|Knock Off|p1a: Exeggutor\n|-damage|p1a: Exeggutor|113/312\n|-enditem|p1a: Exeggutor|Sitrus Berry|[from] move: Knock Off|[of] p2a: Shiftry\n|move|p1a: Exeggutor|Psychic|p2a: Shiftry\n|-supereffective|p2a: Shiftry\n|-damage|p2a: Shiftry|0 fnt\n|faint|p2a: Shiftry\n|\n|upkeep\n|\n|t:|1782847361\n|switch|p2a: Hitmonchan|Hitmonchan, L87, M|223/229\n|turn|37\n|\n|t:|1782847364\n|move|p2a: Hitmonchan|Drain Punch|p1a: Exeggutor\n|-supereffective|p1a: Exeggutor\n|-crit|p1a: Exeggutor\n|-damage|p1a: Exeggutor|0 fnt\n|-heal|p2a: Hitmonchan|229/229|[from] drain|[of] p1a: Exeggutor\n|faint|p1a: Exeggutor\n|\n|upkeep\n|\n|t:|1782847366\n|switch|p1a: Arcanine|Arcanine, L84, F|282/288\n|-ability|p1a: Arcanine|Intimidate|boost\n|-unboost|p2a: Hitmonchan|atk|1\n|turn|38\n|\n|t:|1782847368\n|move|p1a: Arcanine|Flare Blitz|p2a: Hitmonchan\n|-damage|p2a: Hitmonchan|88/229\n|-damage|p1a: Arcanine|235/288|[from] Recoil\n|move|p2a: Hitmonchan|Knock Off|p1a: Arcanine\n|-damage|p1a: Arcanine|195/288\n|\n|-heal|p2a: Hitmonchan|102/229|[from] item: Leftovers\n|upkeep\n|turn|39\n|\n|t:|1782847371\n|switch|p2a: Corviknight|Corviknight, L80, M|268/288\n|move|p1a: Arcanine|Morning Sun|p1a: Arcanine\n|-heal|p1a: Arcanine|288/288\n|\n|upkeep\n|turn|40\n|\n|t:|1782847374\n|move|p1a: Arcanine|Flare Blitz|p2a: Corviknight\n|-supereffective|p2a: Corviknight\n|-damage|p2a: Corviknight|2/288\n|-status|p2a: Corviknight|brn\n|-damage|p1a: Arcanine|200/288|[from] Recoil\n|move|p2a: Corviknight|Brave Bird|p1a: Arcanine\n|-damage|p1a: Arcanine|138/288\n|-damage|p2a: Corviknight|0 fnt|[from] Recoil\n|faint|p2a: Corviknight\n|\n|upkeep\n|\n|t:|1782847379\n|switch|p2a: Vivillon|Vivillon-Jungle, L83, F|268/268\n|turn|41\n|\n|t:|1782847382\n|move|p1a: Arcanine|Flare Blitz|p2a: Vivillon\n|-supereffective|p2a: Vivillon\n|-damage|p2a: Vivillon|0 fnt\n|faint|p2a: Vivillon\n|-damage|p1a: Arcanine|50/288|[from] Recoil\n|\n|upkeep\n|\n|t:|1782847384\n|switch|p2a: Hitmonchan|Hitmonchan, L87, M|102/229\n|turn|42\n|\n|t:|1782847387\n|move|p1a: Arcanine|Morning Sun|p1a: Arcanine\n|-heal|p1a: Arcanine|194/288\n|move|p2a: Hitmonchan|Drain Punch|p1a: Arcanine\n|-damage|p1a: Arcanine|80/288\n|-heal|p2a: Hitmonchan|159/229|[from] drain|[of] p1a: Arcanine\n|\n|-heal|p2a: Hitmonchan|173/229|[from] item: Leftovers\n|upkeep\n|turn|43\n|\n|t:|1782847390\n|move|p1a: Arcanine|Morning Sun|p1a: Arcanine\n|-heal|p1a: Arcanine|224/288\n|move|p2a: Hitmonchan|Encore|p1a: Arcanine\n|-start|p1a: Arcanine|Encore\n|\n|-heal|p2a: Hitmonchan|187/229|[from] item: Leftovers\n|upkeep\n|turn|44\n|\n|t:|1782847394\n|switch|p1a: Snorlax|Snorlax, L82, F|397/397 slp\n|move|p2a: Hitmonchan|Drain Punch|p1a: Snorlax\n|-supereffective|p1a: Snorlax\n|-damage|p1a: Snorlax|125/397 slp\n|-heal|p2a: Hitmonchan|229/229|[from] drain|[of] p1a: Snorlax\n|\n|upkeep\n|turn|45\n|\n|t:|1782847396\n|switch|p1a: Arcanine|Arcanine, L84, F|224/288\n|-ability|p1a: Arcanine|Intimidate|boost\n|-unboost|p2a: Hitmonchan|atk|1\n|move|p2a: Hitmonchan|Drain Punch|p1a: Arcanine\n|-damage|p1a: Arcanine|151/288\n|\n|upkeep\n|turn|46\n|\n|t:|1782847398\n|move|p1a: Arcanine|Morning Sun|p1a: Arcanine\n|-heal|p1a: Arcanine|288/288\n|move|p2a: Hitmonchan|Poison Jab|p1a: Arcanine\n|-damage|p1a: Arcanine|244/288\n|\n|upkeep\n|turn|47\n|\n|t:|1782847400\n|switch|p1a: Snorlax|Snorlax, L82, F|125/397 slp\n|move|p2a: Hitmonchan|Poison Jab|p1a: Snorlax\n|-damage|p1a: Snorlax|71/397 slp\n|\n|upkeep\n|turn|48\n|\n|t:|1782847405\n|switch|p1a: Arcanine|Arcanine, L84, F|244/288\n|-ability|p1a: Arcanine|Intimidate|boost\n|-unboost|p2a: Hitmonchan|atk|1\n|move|p2a: Hitmonchan|Poison Jab|p1a: Arcanine\n|-damage|p1a: Arcanine|209/288\n|\n|upkeep\n|turn|49\n|\n|t:|1782847407\n|move|p1a: Arcanine|Flare Blitz|p2a: Hitmonchan\n|-damage|p2a: Hitmonchan|87/229\n|-damage|p1a: Arcanine|162/288|[from] Recoil\n|move|p2a: Hitmonchan|Poison Jab|p1a: Arcanine\n|-damage|p1a: Arcanine|128/288\n|-status|p1a: Arcanine|psn\n|\n|-heal|p2a: Hitmonchan|101/229|[from] item: Leftovers\n|-damage|p1a: Arcanine|92/288 psn|[from] psn\n|upkeep\n|turn|50\n|\n|t:|1782847410\n|move|p1a: Arcanine|Flare Blitz|p2a: Hitmonchan\n|-damage|p2a: Hitmonchan|0 fnt\n|faint|p2a: Hitmonchan\n|-damage|p1a: Arcanine|59/288 psn|[from] Recoil\n|\n|win|soumatou_story\n|raw|soumatou_story's rating: 2113 &rarr; <strong>2127</strong><br />(+14 for winning)\n|raw|TheLastOne's rating: 2014 &rarr; <strong>2000</strong><br />(-14 for losing)\n", "inputlog": ">version f8ac14003a5f27e1bdc8d8c59608a773c1cb96e5\n>start {\"formatid\":\"gen9randombattle\",\"seed\":\"sodium,532ce02e83ca9e0b198e5eb81a6c6ad5\",\"rated\":\"Rated battle\"}\n>player p1 {\"name\":\"soumatou_story\",\"avatar\":\"parasollady\",\"rating\":2113,\"seed\":\"sodium,47da83784528581ac75737d625b8b23f\"}\n>player p2 {\"name\":\"TheLastOne\",\"avatar\":\"falkner\",\"rating\":2014,\"seed\":\"sodium,7905b6e7078f902ebeed8d510390bcf1\"}\n>p1 move tripleaxel\n>p2 switch 6\n>p1 switch 3\n>p2 move uturn\n>p2 switch 4\n>p1 switch 3\n>p2 move throatchop\n>p1 move knockoff\n>p2 switch 4\n>p1 switch 6\n>p2 move bravebird\n>p1 switch 3\n>p1 move closecombat\n>p2 switch 4\n>p1 switch 6\n>p2 move liquidation\n>p1 move tripleaxel\n>p2 move liquidation\n>p1 switch 4\n>p1 move substitute\n>p2 switch 2\n>p1 switch 6\n>p2 move knockoff\n>p1 move flareblitz\n>p2 switch 2\n>p1 switch 2\n>p2 move throatchop\n>p1 move curse\n>p2 switch 4\n>p1 move curse\n>p2 move bodypress\n>p1 move curse\n>p2 move uturn\n>p2 switch 5\n>p1 move rest\n>p2 move encore\n>p1 switch 5\n>p2 move knockoff\n>p1 move stealthrock\n>p2 switch 5\n>p1 switch 2\n>p2 move roost\n>p1 move flareblitz\n>p2 switch 4\n>p2 switch 6\n>p1 switch 2\n>p2 move earthquake\n>p1 move bulletpunch\n>p2 move scald\n>p1 switch 5\n>p1 move rest\n>p2 move dracometeor\n>p1 move bodyslam\n>p2 switch 5\n>p1 switch 2\n>p2 move drainpunch\n>p1 move morningsun\n>p2 switch 5\n>p1 switch 2\n>p2 move earthquake\n>p1 move bodyslam\n>p2 move scald\n>p1 move curse\n>p2 move dracometeor\n>p1 move rest\n>p2 move dracometeor\n>p1 move bodyslam\n>p2 switch 5\n>p1 switch 2\n>p2 move drainpunch\n>p1 move morningsun\n>p2 switch 5\n>p1 move flareblitz\n>p2 move earthquake\n>p2 switch 2\n>p1 switch 6\n>p2 move defog terastallize\n>p1 move psychic terastallize\n>p2 move knockoff\n>p2 switch 5\n>p1 move psychic\n>p2 move drainpunch\n>p1 switch 6\n>p1 move flareblitz\n>p2 move knockoff\n>p1 move morningsun\n>p2 switch 4\n>p1 move flareblitz\n>p2 move bravebird\n>p2 switch 3\n>p1 move flareblitz\n>p2 move sleeppowder\n>p2 switch 4\n>p1 move morningsun\n>p2 move drainpunch\n>p1 move morningsun\n>p2 move encore\n>p1 switch 2\n>p2 move drainpunch\n>p1 switch 2\n>p2 move drainpunch\n>p1 move morningsun\n>p2 move poisonjab\n>p1 switch 2\n>p2 move poisonjab\n>p1 switch 2\n>p2 move poisonjab\n>p1 move flareblitz\n>p2 move poisonjab\n>p1 move flareblitz\n>p2 move encore", "uploadtime": 1782847411, "views": 8, "formatid": "gen9randombattle", "rating": 2000, "private": 0, "password": null, "player_dets": [{"name": "soumatou_story", "avatar": "parasollady", "rating": 2113, "seed": "sodium,47da83784528581ac75737d625b8b23f"}, {"name": "TheLastOne", "avatar": "falkner", "rating": 2014, "seed": "sodium,7905b6e7078f902ebeed8d510390bcf1"}], "teams_full": [{"Tsareena": {"name": "Tsareena", "species": "Tsareena", "speciesId": "tsareena", "gender": "F", "shiny": false, "level": 87, "moves": ["tripleaxel", "knockoff", "powerwhip", "uturn"], "ability": "Queenly Majesty", "evs": {"hp": 85, "atk": 85, "def": 85, "spa": 85, "spd": 85, "spe": 85}, "ivs": {"hp": 31, "atk": 31, "def": 31, "spa": 31, "spd": 31, "spe": 31}, "item": "Choice Scarf", "teraType": "Steel", "role": "Fast Support", "bvs": {"hp": 72, "atk": 120, "def": 98, "spa": 50, "spd": 98, "spe": 72}, "stats": {"hp": 267, "atk": 259, "def": 220, "spa": 137, "spd": 220, "spe": 175}, "types": ["Grass"]}, "Snorlax": {"name": "Snorlax", "species": "Snorlax", "speciesId": "snorlax", "gender": "F", "shiny": false, "level": 82, "moves": ["earthquake", "curse", "bodyslam", "rest"], "ability": "Thick Fat", "evs": {"hp": 85, "atk": 85, "def": 85, "spa": 85, "spd": 85, "spe": 85}, "ivs": {"hp": 31, "atk": 31, "def": 31, "spa": 31, "spd": 31, "spe": 31}, "item": "Chesto Berry", "teraType": "Ground", "role": "Bulky Setup", "bvs": {"hp": 160, "atk": 110, "def": 65, "spa": 65, "spd": 110, "spe": 30}, "stats": {"hp": 397, "atk": 228, "def": 154, "spa": 154, "spd": 228, "spe": 96}, "types": ["Normal"]}, "Arcanine": {"name": "Arcanine", "species": "Arcanine", "speciesId": "arcanine", "gender": "F", "shiny": false, "level": 84, "moves": ["closecombat", "morningsun", "roar", "flareblitz"], "ability": "Intimidate", "evs": {"hp": 85, "atk": 85, "def": 85, "spa": 85, "spd": 85, "spe": 85}, "ivs": {"hp": 31, "atk": 31, "def": 31, "spa": 31, "spd": 31, "spe": 31}, "item": "Heavy-Duty Boots", "teraType": "Fighting", "role": "Bulky Attacker", "bvs": {"hp": 90, "atk": 110, "def": 80, "spa": 100, "spd": 80, "spe": 95}, "stats": {"hp": 288, "atk": 233, "def": 183, "spa": 216, "spd": 183, "spe": 208}, "types": ["Fire"]}, "Exeggutor": {"name": "Exeggutor", "species": "Exeggutor", "speciesId": "exeggutor", "gender": "M", "shiny": false, "level": 89, "moves": ["calmmind", "gigadrain", "substitute", "psychic"], "ability": "Harvest", "evs": {"hp": 77, "atk": 0, "def": 85, "spa": 85, "spd": 85, "spe": 85}, "ivs": {"hp": 31, "atk": 0, "def": 31, "spa": 31, "spd": 31, "spe": 31}, "item": "Sitrus Berry", "teraType": "Steel", "role": "Bulky Setup", "bvs": {"hp": 95, "atk": 95, "def": 85, "spa": 125, "spd": 75, "spe": 55}, "stats": {"hp": 312, "atk": 174, "def": 202, "spa": 273, "spd": 184, "spe": 149}, "types": ["Grass", "Psychic"]}, "Metagross": {"name": "Metagross", "species": "Metagross", "speciesId": "metagross", "gender": "N", "shiny": false, "level": 79, "moves": ["psychicfangs", "stealthrock", "bulletpunch", "heavyslam"], "ability": "Clear Body", "evs": {"hp": 85, "atk": 85, "def": 85, "spa": 85, "spd": 85, "spe": 85}, "ivs": {"hp": 31, "atk": 31, "def": 31, "spa": 31, "spd": 31, "spe": 31}, "item": "Leftovers", "teraType": "Water", "role": "Bulky Support", "bvs": {"hp": 80, "atk": 135, "def": 130, "spa": 95, "spd": 90, "spe": 70}, "stats": {"hp": 256, "atk": 259, "def": 251, "spa": 196, "spd": 188, "spe": 156}, "types": ["Steel", "Psychic"]}, "Volcarona": {"name": "Volcarona", "species": "Volcarona", "speciesId": "volcarona", "gender": "M", "shiny": false, "level": 77, "moves": ["fireblast", "gigadrain", "terablast", "quiverdance"], "ability": "Flame Body", "evs": {"hp": 85, "atk": 0, "def": 85, "spa": 85, "spd": 85, "spe": 85}, "ivs": {"hp": 31, "atk": 0, "def": 31, "spa": 31, "spd": 31, "spe": 31}, "item": "Heavy-Duty Boots", "teraType": "Water", "role": "Tera Blast user", "bvs": {"hp": 85, "atk": 60, "def": 65, "spa": 135, "spd": 105, "spe": 100}, "stats": {"hp": 257, "atk": 97, "def": 145, "spa": 252, "spd": 206, "spe": 199}, "types": ["Bug", "Fire"]}}, {"Goodra": {"name": "Goodra", "species": "Goodra", "speciesId": "goodra", "gender": "M", "shiny": false, "level": 85, "moves": ["scald", "earthquake", "dracometeor", "powerwhip"], "ability": "Sap Sipper", "evs": {"hp": 85, "atk": 85, "def": 85, "spa": 85, "spd": 85, "spe": 85}, "ivs": {"hp": 31, "atk": 31, "def": 31, "spa": 31, "spd": 31, "spe": 31}, "item": "Assault Vest", "teraType": "Steel", "role": "AV Pivot", "bvs": {"hp": 90, "atk": 100, "def": 70, "spa": 110, "spd": 150, "spe": 80}, "stats": {"hp": 292, "atk": 219, "def": 168, "spa": 236, "spd": 304, "spe": 185}, "types": ["Dragon"]}, "Shiftry": {"name": "Shiftry", "species": "Shiftry", "speciesId": "shiftry", "gender": "F", "shiny": false, "level": 89, "moves": ["knockoff", "defog", "suckerpunch", "leafstorm"], "ability": "Wind Rider", "evs": {"hp": 85, "atk": 85, "def": 85, "spa": 85, "spd": 85, "spe": 85}, "ivs": {"hp": 31, "atk": 31, "def": 31, "spa": 31, "spd": 31, "spe": 31}, "item": "Heavy-Duty Boots", "teraType": "Poison", "role": "Fast Support", "bvs": {"hp": 90, "atk": 100, "def": 60, "spa": 90, "spd": 60, "spe": 80}, "stats": {"hp": 305, "atk": 229, "def": 158, "spa": 211, "spd": 158, "spe": 193}, "types": ["Grass", "Dark"]}, "Vivillon": {"name": "Vivillon", "species": "Vivillon-Jungle", "speciesId": "vivillon", "gender": "F", "shiny": false, "level": 83, "moves": ["quiverdance", "hurricane", "bugbuzz", "sleeppowder"], "ability": "Compound Eyes", "evs": {"hp": 85, "atk": 0, "def": 85, "spa": 85, "spd": 85, "spe": 85}, "ivs": {"hp": 31, "atk": 0, "def": 31, "spa": 31, "spd": 31, "spe": 31}, "item": "Heavy-Duty Boots", "teraType": "Flying", "role": "Fast Bulky Setup", "bvs": {"hp": 80, "atk": 52, "def": 50, "spa": 90, "spd": 50, "spe": 89}, "stats": {"hp": 268, "atk": 91, "def": 131, "spa": 197, "spd": 131, "spe": 195}, "types": ["Bug", "Flying"]}, "Wugtrio": {"name": "Wugtrio", "species": "Wugtrio", "speciesId": "wugtrio", "gender": "M", "shiny": false, "level": 91, "moves": ["aquajet", "stompingtantrum", "liquidation", "throatchop"], "ability": "Gooey", "evs": {"hp": 85, "atk": 85, "def": 85, "spa": 85, "spd": 85, "spe": 85}, "ivs": {"hp": 31, "atk": 31, "def": 31, "spa": 31, "spd": 31, "spe": 31}, "item": "Choice Band", "teraType": "Ground", "role": "Fast Attacker", "bvs": {"hp": 35, "atk": 100, "def": 50, "spa": 50, "spd": 70, "spe": 120}, "stats": {"hp": 212, "atk": 234, "def": 143, "spa": 143, "spd": 179, "spe": 270}, "types": ["Water"]}, "Hitmonchan": {"name": "Hitmonchan", "species": "Hitmonchan", "speciesId": "hitmonchan", "gender": "M", "shiny": false, "level": 87, "moves": ["encore", "drainpunch", "knockoff", "poisonjab"], "ability": "Iron Fist", "evs": {"hp": 85, "atk": 85, "def": 85, "spa": 85, "spd": 85, "spe": 85}, "ivs": {"hp": 31, "atk": 31, "def": 31, "spa": 31, "spd": 31, "spe": 31}, "item": "Leftovers", "teraType": "Steel", "role": "Bulky Support", "bvs": {"hp": 50, "atk": 105, "def": 79, "spa": 35, "spd": 110, "spe": 76}, "stats": {"hp": 229, "atk": 232, "def": 187, "spa": 111, "spd": 241, "spe": 182}, "types": ["Fighting"]}, "Corviknight": {"name": "Corviknight", "species": "Corviknight", "speciesId": "corviknight", "gender": "M", "shiny": false, "level": 80, "moves": ["uturn", "bodypress", "bravebird", "roost"], "ability": "Mirror Armor", "evs": {"hp": 85, "atk": 85, "def": 85, "spa": 85, "spd": 85, "spe": 85}, "ivs": {"hp": 31, "atk": 31, "def": 31, "spa": 31, "spd": 31, "spe": 31}, "item": "Rocky Helmet", "teraType": "Dragon", "role": "Bulky Support", "bvs": {"hp": 98, "atk": 87, "def": 105, "spa": 53, "spd": 85, "spe": 67}, "stats": {"hp": 288, "atk": 185, "def": 214, "spa": 131, "spd": 182, "spe": 153}, "types": ["Flying", "Steel"]}}]}