{"id": "gen9randombattle-2642101406", "format": "[Gen 9] Random Battle", "players": ["arukanu", "jnpr010334"], "log": "|j|\u2606arukanu\n|j|\u2606jnpr010334\n|t:|1782890190\n|gametype|singles\n|player|p1|arukanu|caitlin|1821\n|player|p2|jnpr010334|265|1855\n|gen|9\n|tier|[Gen 9] Random Battle\n|rated|\n|rule|Species Clause: Limit one of each Pok\u00e9mon\n|rule|HP Percentage Mod: HP is shown in percentages\n|rule|Sleep Clause Mod: Limit one foe put to sleep\n|rule|Illusion Level Mod: Illusion disguises the Pok\u00e9mon's true level\n|\n|t:|1782890190\n|teamsize|p1|6\n|teamsize|p2|6\n|start\n|switch|p1a: Iron Boulder|Iron Boulder, L77|265/265\n|switch|p2a: Muk|Muk, L86, F|321/321\n|turn|1\n|inactive|Battle timer is ON: inactive players will automatically lose when time's up. (requested by jnpr010334)\n|\n|t:|1782890201\n|-terastallize|p2a: Muk|Dark\n|move|p1a: Iron Boulder|Zen Headbutt|p2a: Muk\n|-immune|p2a: Muk\n|move|p2a: Muk|Knock Off|p1a: Iron Boulder\n|-supereffective|p1a: Iron Boulder\n|-damage|p1a: Iron Boulder|11/265\n|-enditem|p1a: Iron Boulder|Life Orb|[from] move: Knock Off|[of] p2a: Muk\n|\n|upkeep\n|turn|2\n|\n|t:|1782890204\n|move|p1a: Iron Boulder|Close Combat|p2a: Muk\n|-supereffective|p2a: Muk\n|-damage|p2a: Muk|151/321\n|-unboost|p1a: Iron Boulder|def|1\n|-unboost|p1a: Iron Boulder|spd|1\n|move|p2a: Muk|Knock Off|p1a: Iron Boulder\n|-supereffective|p1a: Iron Boulder\n|-damage|p1a: Iron Boulder|0 fnt\n|faint|p1a: Iron Boulder\n|-end|p1a: Iron Boulder|Quark Drive|[silent]\n|\n|upkeep\n|\n|t:|1782890211\n|switch|p1a: Slither Wing|Slither Wing, L81|270/270\n|turn|3\n|\n|t:|1782890215\n|switch|p2a: Dachsbun|Dachsbun, L92, M|254/254\n|move|p1a: Slither Wing|U-turn|p2a: Dachsbun\n|-resisted|p2a: Dachsbun\n|-damage|p2a: Dachsbun|218/254\n|\n|t:|1782890221\n|-end|p1a: Slither Wing|Protosynthesis|[silent]\n|switch|p1a: Bisharp|Bisharp, L79, F|232/232|[from] U-turn\n|\n|-heal|p2a: Dachsbun|233/254|[from] item: Leftovers\n|upkeep\n|turn|4\n|\n|t:|1782890226\n|move|p2a: Dachsbun|Yawn|p1a: Bisharp\n|-start|p1a: Bisharp|move: Yawn|[of] p2a: Dachsbun\n|move|p1a: Bisharp|Swords Dance|p1a: Bisharp\n|-boost|p1a: Bisharp|atk|2\n|\n|-heal|p2a: Dachsbun|248/254|[from] item: Leftovers\n|upkeep\n|turn|5\n|\n|t:|1782890234\n|switch|p2a: Malamar|Malamar, L82, M|275/275\n|move|p1a: Bisharp|Iron Head|p2a: Malamar\n|-damage|p2a: Malamar|103/275\n|\n|-end|p1a: Bisharp|move: Yawn|[silent]\n|-status|p1a: Bisharp|slp\n|upkeep\n|turn|6\n|\n|t:|1782890244\n|-terastallize|p1a: Bisharp|Ghost\n|move|p2a: Malamar|Superpower|p1a: Bisharp\n|-immune|p1a: Bisharp\n|cant|p1a: Bisharp|slp\n|\n|upkeep\n|turn|7\n|\n|t:|1782890248\n|move|p2a: Malamar|Knock Off|p1a: Bisharp\n|-supereffective|p1a: Bisharp\n|-damage|p1a: Bisharp|112/232 slp\n|-enditem|p1a: Bisharp|Eviolite|[from] move: Knock Off|[of] p2a: Malamar\n|cant|p1a: Bisharp|slp\n|\n|upkeep\n|turn|8\n|\n|t:|1782890254\n|move|p2a: Malamar|Knock Off|p1a: Bisharp\n|-supereffective|p1a: Bisharp\n|-damage|p1a: Bisharp|0 fnt\n|faint|p1a: Bisharp\n|\n|upkeep\n|\n|t:|1782890258\n|switch|p1a: Slither Wing|Slither Wing, L81|270/270\n|turn|9\n|\n|t:|1782890261\n|switch|p2a: Dachsbun|Dachsbun, L92, M|248/254\n|move|p1a: Slither Wing|U-turn|p2a: Dachsbun\n|-resisted|p2a: Dachsbun\n|-damage|p2a: Dachsbun|214/254\n|\n|t:|1782890268\n|-end|p1a: Slither Wing|Protosynthesis|[silent]\n|switch|p1a: Scovillain|Scovillain, L91, M|266/266|[from] U-turn\n|\n|-heal|p2a: Dachsbun|229/254|[from] item: Leftovers\n|upkeep\n|turn|10\n|\n|t:|1782890271\n|move|p2a: Dachsbun|Yawn|p1a: Scovillain\n|-start|p1a: Scovillain|move: Yawn|[of] p2a: Dachsbun\n|move|p1a: Scovillain|Leech Seed|p2a: Dachsbun\n|-start|p2a: Dachsbun|move: Leech Seed\n|\n|-heal|p2a: Dachsbun|244/254|[from] item: Leftovers\n|-damage|p2a: Dachsbun|213/254|[from] Leech Seed|[of] p1a: Scovillain\n|upkeep\n|turn|11\n|\n|t:|1782890277\n|switch|p2a: Clodsire|Clodsire, L81, F|343/343\n|switch|p1a: Slither Wing|Slither Wing, L81|270/270\n|\n|upkeep\n|turn|12\n|\n|t:|1782890280\n|switch|p2a: Dachsbun|Dachsbun, L92, M|213/254\n|move|p1a: Slither Wing|U-turn|p2a: Dachsbun\n|-resisted|p2a: Dachsbun\n|-damage|p2a: Dachsbun|181/254\n|\n|t:|1782890285\n|-end|p1a: Slither Wing|Protosynthesis|[silent]\n|switch|p1a: Scovillain|Scovillain, L91, M|266/266|[from] U-turn\n|\n|-heal|p2a: Dachsbun|196/254|[from] item: Leftovers\n|upkeep\n|turn|13\n|\n|t:|1782890287\n|move|p2a: Dachsbun|Yawn|p1a: Scovillain\n|-start|p1a: Scovillain|move: Yawn|[of] p2a: Dachsbun\n|move|p1a: Scovillain|Leech Seed|p2a: Dachsbun\n|-start|p2a: Dachsbun|move: Leech Seed\n|\n|-heal|p2a: Dachsbun|211/254|[from] item: Leftovers\n|-damage|p2a: Dachsbun|180/254|[from] Leech Seed|[of] p1a: Scovillain\n|upkeep\n|turn|14\n|\n|t:|1782890291\n|switch|p2a: Clodsire|Clodsire, L81, F|343/343\n|switch|p1a: Slither Wing|Slither Wing, L81|270/270\n|\n|upkeep\n|turn|15\n|\n|t:|1782890293\n|switch|p2a: Dachsbun|Dachsbun, L92, M|180/254\n|move|p1a: Slither Wing|U-turn|p2a: Dachsbun\n|-resisted|p2a: Dachsbun\n|-damage|p2a: Dachsbun|150/254\n|\n|t:|1782890298\n|-end|p1a: Slither Wing|Protosynthesis|[silent]\n|switch|p1a: Scovillain|Scovillain, L91, M|266/266|[from] U-turn\n|\n|-heal|p2a: Dachsbun|165/254|[from] item: Leftovers\n|upkeep\n|turn|16\n|\n|t:|1782890301\n|move|p2a: Dachsbun|Yawn|p1a: Scovillain\n|-start|p1a: Scovillain|move: Yawn|[of] p2a: Dachsbun\n|move|p1a: Scovillain|Leech Seed|p2a: Dachsbun\n|-start|p2a: Dachsbun|move: Leech Seed\n|\n|-heal|p2a: Dachsbun|180/254|[from] item: Leftovers\n|-damage|p2a: Dachsbun|149/254|[from] Leech Seed|[of] p1a: Scovillain\n|upkeep\n|turn|17\n|\n|t:|1782890304\n|switch|p2a: Clodsire|Clodsire, L81, F|343/343\n|move|p1a: Scovillain|Leech Seed|p2a: Clodsire\n|-start|p2a: Clodsire|move: Leech Seed\n|\n|-damage|p2a: Clodsire|301/343|[from] Leech Seed|[of] p1a: Scovillain\n|-end|p1a: Scovillain|move: Yawn|[silent]\n|-status|p1a: Scovillain|slp\n|upkeep\n|turn|18\n|\n|t:|1782890312\n|switch|p1a: Slither Wing|Slither Wing, L81|270/270\n|switch|p2a: Walking Wake|Walking Wake, L79|286/286\n|\n|upkeep\n|turn|19\n|\n|t:|1782890316\n|-end|p2a: Walking Wake|Protosynthesis|[silent]\n|switch|p2a: Dachsbun|Dachsbun, L92, M|149/254\n|move|p1a: Slither Wing|U-turn|p2a: Dachsbun\n|-resisted|p2a: Dachsbun\n|-damage|p2a: Dachsbun|113/254\n|\n|t:|1782890318\n|-end|p1a: Slither Wing|Protosynthesis|[silent]\n|switch|p1a: Oranguru|Oranguru, L92, F|315/315|[from] U-turn\n|\n|-heal|p2a: Dachsbun|128/254|[from] item: Leftovers\n|upkeep\n|turn|20\n|\n|t:|1782890322\n|move|p2a: Dachsbun|Yawn|p1a: Oranguru\n|-start|p1a: Oranguru|move: Yawn|[of] p2a: Dachsbun\n|move|p1a: Oranguru|Nasty Plot|p1a: Oranguru\n|-boost|p1a: Oranguru|spa|2\n|\n|-heal|p2a: Dachsbun|143/254|[from] item: Leftovers\n|upkeep\n|turn|21\n|\n|t:|1782890326\n|switch|p2a: Mabosstiff|Mabosstiff, L86, F|278/278\n|move|p1a: Oranguru|Psyshock|p2a: Mabosstiff\n|-immune|p2a: Mabosstiff\n|\n|-end|p1a: Oranguru|move: Yawn|[silent]\n|-message|Sleep Clause Mod activated.\n|-hint|Sleep Clause Mod prevents players from putting more than one of their opponent's Pok\u00e9mon to sleep at a time\n|upkeep\n|turn|22\n|\n|t:|1782890331\n|move|p2a: Mabosstiff|Crunch|p1a: Oranguru\n|-supereffective|p1a: Oranguru\n|-damage|p1a: Oranguru|27/315\n|move|p1a: Oranguru|Focus Blast|p2a: Mabosstiff\n|-supereffective|p2a: Mabosstiff\n|-damage|p2a: Mabosstiff|0 fnt\n|faint|p2a: Mabosstiff\n|-damage|p1a: Oranguru|0 fnt|[from] item: Life Orb\n|faint|p1a: Oranguru\n|\n|upkeep\n|\n|t:|1782890335\n|switch|p2a: Walking Wake|Walking Wake, L79|286/286\n|switch|p1a: Slither Wing|Slither Wing, L81|270/270\n|turn|23\n|\n|t:|1782890338\n|-end|p2a: Walking Wake|Protosynthesis|[silent]\n|switch|p2a: Dachsbun|Dachsbun, L92, M|143/254\n|move|p1a: Slither Wing|U-turn|p2a: Dachsbun\n|-resisted|p2a: Dachsbun\n|-crit|p2a: Dachsbun\n|-damage|p2a: Dachsbun|94/254\n|\n|t:|1782890343\n|-end|p1a: Slither Wing|Protosynthesis|[silent]\n|switch|p1a: Blissey|Blissey, L85, F|572/572|[from] U-turn\n|\n|-heal|p2a: Dachsbun|109/254|[from] item: Leftovers\n|upkeep\n|turn|24\n|\n|t:|1782890345\n|move|p2a: Dachsbun|Yawn|p1a: Blissey\n|-start|p1a: Blissey|move: Yawn|[of] p2a: Dachsbun\n|move|p1a: Blissey|Thunder Wave|p2a: Dachsbun\n|-status|p2a: Dachsbun|par\n|\n|-heal|p2a: Dachsbun|124/254 par|[from] item: Leftovers\n|upkeep\n|turn|25\n|\n|t:|1782890349\n|switch|p2a: Clodsire|Clodsire, L81, F|301/343\n|move|p1a: Blissey|Stealth Rock|p2a: Clodsire\n|-sidestart|p2: jnpr010334|move: Stealth Rock\n|\n|-heal|p2a: Clodsire|322/343|[from] item: Leftovers\n|-end|p1a: Blissey|move: Yawn|[silent]\n|-message|Sleep Clause Mod activated.\n|-hint|Sleep Clause Mod prevents players from putting more than one of their opponent's Pok\u00e9mon to sleep at a time\n|upkeep\n|turn|26\n|\n|t:|1782890356\n|move|p1a: Blissey|Seismic Toss|p2a: Clodsire\n|-damage|p2a: Clodsire|237/343\n|move|p2a: Clodsire|Gunk Shot|p1a: Blissey\n|-damage|p1a: Blissey|259/572\n|-status|p1a: Blissey|psn\n|\n|-heal|p1a: Blissey|294/572 psn|[from] item: Leftovers\n|-heal|p2a: Clodsire|258/343|[from] item: Leftovers\n|-damage|p1a: Blissey|223/572 psn|[from] psn\n|upkeep\n|turn|27\n|\n|t:|1782890359\n|-curestatus|p1a: Blissey|psn|[from] ability: Natural Cure|[silent]\n|switch|p1a: Slither Wing|Slither Wing, L81|270/270\n|move|p2a: Clodsire|Earthquake|p1a: Slither Wing\n|-resisted|p1a: Slither Wing\n|-damage|p1a: Slither Wing|220/270\n|\n|-heal|p2a: Clodsire|279/343|[from] item: Leftovers\n|upkeep\n|turn|28\n|\n|t:|1782890363\n|switch|p2a: Dachsbun|Dachsbun, L92, M|124/254 par\n|-damage|p2a: Dachsbun|93/254 par|[from] Stealth Rock\n|move|p1a: Slither Wing|U-turn|p2a: Dachsbun\n|-resisted|p2a: Dachsbun\n|-damage|p2a: Dachsbun|59/254 par\n|\n|t:|1782890369\n|-end|p1a: Slither Wing|Protosynthesis|[silent]\n|switch|p1a: Blissey|Blissey, L85, F|223/572|[from] U-turn\n|\n|-heal|p1a: Blissey|258/572|[from] item: Leftovers\n|-heal|p2a: Dachsbun|74/254 par|[from] item: Leftovers\n|upkeep\n|turn|29\n|\n|t:|1782890376\n|move|p1a: Blissey|Soft-Boiled|p1a: Blissey\n|-heal|p1a: Blissey|544/572\n|cant|p2a: Dachsbun|par\n|\n|-heal|p1a: Blissey|572/572|[from] item: Leftovers\n|-heal|p2a: Dachsbun|89/254 par|[from] item: Leftovers\n|upkeep\n|turn|30\n|\n|t:|1782890379\n|move|p1a: Blissey|Seismic Toss|p2a: Dachsbun\n|-damage|p2a: Dachsbun|4/254 par\n|move|p2a: Dachsbun|Wish|p2a: Dachsbun\n|\n|-heal|p2a: Dachsbun|19/254 par|[from] item: Leftovers\n|upkeep\n|turn|31\n|\n|t:|1782890385\n|move|p2a: Dachsbun|Protect|p2a: Dachsbun\n|-singleturn|p2a: Dachsbun|Protect\n|move|p1a: Blissey|Seismic Toss|p2a: Dachsbun\n|-activate|p2a: Dachsbun|move: Protect\n|\n|-heal|p2a: Dachsbun|146/254 par|[from] move: Wish|[wisher] Dachsbun\n|-heal|p2a: Dachsbun|161/254 par|[from] item: Leftovers\n|upkeep\n|turn|32\n|\n|t:|1782890390\n|move|p1a: Blissey|Seismic Toss|p2a: Dachsbun\n|-damage|p2a: Dachsbun|76/254 par\n|move|p2a: Dachsbun|Wish|p2a: Dachsbun\n|\n|-heal|p2a: Dachsbun|91/254 par|[from] item: Leftovers\n|upkeep\n|turn|33\n|\n|t:|1782890393\n|move|p2a: Dachsbun|Protect|p2a: Dachsbun\n|-singleturn|p2a: Dachsbun|Protect\n|move|p1a: Blissey|Seismic Toss|p2a: Dachsbun\n|-activate|p2a: Dachsbun|move: Protect\n|\n|-heal|p2a: Dachsbun|218/254 par|[from] move: Wish|[wisher] Dachsbun\n|-heal|p2a: Dachsbun|233/254 par|[from] item: Leftovers\n|upkeep\n|turn|34\n|\n|t:|1782890395\n|move|p1a: Blissey|Seismic Toss|p2a: Dachsbun\n|-damage|p2a: Dachsbun|148/254 par\n|cant|p2a: Dachsbun|par\n|\n|-heal|p2a: Dachsbun|163/254 par|[from] item: Leftovers\n|upkeep\n|turn|35\n|\n|t:|1782890400\n|move|p1a: Blissey|Seismic Toss|p2a: Dachsbun\n|-damage|p2a: Dachsbun|78/254 par\n|move|p2a: Dachsbun|Wish|p2a: Dachsbun\n|\n|-heal|p2a: Dachsbun|93/254 par|[from] item: Leftovers\n|upkeep\n|turn|36\n|\n|t:|1782890406\n|move|p2a: Dachsbun|Protect|p2a: Dachsbun\n|-singleturn|p2a: Dachsbun|Protect\n|move|p1a: Blissey|Seismic Toss|p2a: Dachsbun\n|-activate|p2a: Dachsbun|move: Protect\n|\n|-heal|p2a: Dachsbun|220/254 par|[from] move: Wish|[wisher] Dachsbun\n|-heal|p2a: Dachsbun|235/254 par|[from] item: Leftovers\n|upkeep\n|turn|37\n|\n|t:|1782890409\n|move|p1a: Blissey|Seismic Toss|p2a: Dachsbun\n|-damage|p2a: Dachsbun|150/254 par\n|move|p2a: Dachsbun|Play Rough|p1a: Blissey|[miss]\n|-miss|p2a: Dachsbun|p1a: Blissey\n|\n|-heal|p2a: Dachsbun|165/254 par|[from] item: Leftovers\n|upkeep\n|turn|38\n|\n|t:|1782890412\n|move|p1a: Blissey|Seismic Toss|p2a: Dachsbun\n|-damage|p2a: Dachsbun|80/254 par\n|move|p2a: Dachsbun|Wish|p2a: Dachsbun\n|\n|-heal|p2a: Dachsbun|95/254 par|[from] item: Leftovers\n|upkeep\n|turn|39\n|\n|t:|1782890417\n|move|p2a: Dachsbun|Protect|p2a: Dachsbun\n|-singleturn|p2a: Dachsbun|Protect\n|move|p1a: Blissey|Seismic Toss|p2a: Dachsbun\n|-activate|p2a: Dachsbun|move: Protect\n|\n|-heal|p2a: Dachsbun|222/254 par|[from] move: Wish|[wisher] Dachsbun\n|-heal|p2a: Dachsbun|237/254 par|[from] item: Leftovers\n|upkeep\n|turn|40\n|\n|t:|1782890422\n|move|p1a: Blissey|Seismic Toss|p2a: Dachsbun\n|-damage|p2a: Dachsbun|152/254 par\n|move|p2a: Dachsbun|Play Rough|p1a: Blissey\n|-damage|p1a: Blissey|284/572\n|\n|-heal|p1a: Blissey|319/572|[from] item: Leftovers\n|-heal|p2a: Dachsbun|167/254 par|[from] item: Leftovers\n|upkeep\n|turn|41\n|\n|t:|1782890429\n|move|p1a: Blissey|Soft-Boiled|p1a: Blissey\n|-heal|p1a: Blissey|572/572\n|move|p2a: Dachsbun|Play Rough|p1a: Blissey\n|-damage|p1a: Blissey|281/572\n|\n|-heal|p1a: Blissey|316/572|[from] item: Leftovers\n|-heal|p2a: Dachsbun|182/254 par|[from] item: Leftovers\n|upkeep\n|turn|42\n|\n|t:|1782890431\n|move|p1a: Blissey|Seismic Toss|p2a: Dachsbun\n|-damage|p2a: Dachsbun|97/254 par\n|move|p2a: Dachsbun|Play Rough|p1a: Blissey\n|-damage|p1a: Blissey|25/572\n|\n|-heal|p1a: Blissey|60/572|[from] item: Leftovers\n|-heal|p2a: Dachsbun|112/254 par|[from] item: Leftovers\n|upkeep\n|turn|43\n|\n|t:|1782890438\n|move|p1a: Blissey|Soft-Boiled|p1a: Blissey\n|-heal|p1a: Blissey|346/572\n|move|p2a: Dachsbun|Play Rough|p1a: Blissey\n|-damage|p1a: Blissey|52/572\n|\n|-heal|p1a: Blissey|87/572|[from] item: Leftovers\n|-heal|p2a: Dachsbun|127/254 par|[from] item: Leftovers\n|upkeep\n|turn|44\n|\n|t:|1782890457\n|move|p1a: Blissey|Soft-Boiled|p1a: Blissey\n|-heal|p1a: Blissey|373/572\n|move|p2a: Dachsbun|Play Rough|p1a: Blissey\n|-damage|p1a: Blissey|102/572\n|\n|-heal|p1a: Blissey|137/572|[from] item: Leftovers\n|-heal|p2a: Dachsbun|142/254 par|[from] item: Leftovers\n|upkeep\n|turn|45\n|\n|t:|1782890468\n|move|p1a: Blissey|Soft-Boiled|p1a: Blissey\n|-heal|p1a: Blissey|423/572\n|move|p2a: Dachsbun|Play Rough|p1a: Blissey\n|-damage|p1a: Blissey|141/572\n|\n|-heal|p1a: Blissey|176/572|[from] item: Leftovers\n|-heal|p2a: Dachsbun|157/254 par|[from] item: Leftovers\n|upkeep\n|turn|46\n|\n|t:|1782890473\n|move|p1a: Blissey|Soft-Boiled|p1a: Blissey\n|-heal|p1a: Blissey|462/572\n|cant|p2a: Dachsbun|par\n|\n|-heal|p1a: Blissey|497/572|[from] item: Leftovers\n|-heal|p2a: Dachsbun|172/254 par|[from] item: Leftovers\n|upkeep\n|turn|47\n|\n|t:|1782890479\n|move|p1a: Blissey|Seismic Toss|p2a: Dachsbun\n|-damage|p2a: Dachsbun|87/254 par\n|move|p2a: Dachsbun|Wish|p2a: Dachsbun\n|\n|-heal|p1a: Blissey|532/572|[from] item: Leftovers\n|-heal|p2a: Dachsbun|102/254 par|[from] item: Leftovers\n|upkeep\n|turn|48\n|\n|t:|1782890486\n|move|p2a: Dachsbun|Protect|p2a: Dachsbun\n|-singleturn|p2a: Dachsbun|Protect\n|move|p1a: Blissey|Seismic Toss|p2a: Dachsbun\n|-activate|p2a: Dachsbun|move: Protect\n|\n|-heal|p2a: Dachsbun|229/254 par|[from] move: Wish|[wisher] Dachsbun\n|-heal|p1a: Blissey|567/572|[from] item: Leftovers\n|-heal|p2a: Dachsbun|244/254 par|[from] item: Leftovers\n|upkeep\n|turn|49\n|\n|t:|1782890492\n|move|p1a: Blissey|Seismic Toss|p2a: Dachsbun\n|-damage|p2a: Dachsbun|159/254 par\n|move|p2a: Dachsbun|Play Rough|p1a: Blissey\n|-damage|p1a: Blissey|282/572\n|\n|-heal|p1a: Blissey|317/572|[from] item: Leftovers\n|-heal|p2a: Dachsbun|174/254 par|[from] item: Leftovers\n|upkeep\n|turn|50\n|\n|t:|1782890496\n|move|p1a: Blissey|Seismic Toss|p2a: Dachsbun\n|-damage|p2a: Dachsbun|89/254 par\n|move|p2a: Dachsbun|Play Rough|p1a: Blissey\n|-damage|p1a: Blissey|23/572\n|\n|-heal|p1a: Blissey|58/572|[from] item: Leftovers\n|-heal|p2a: Dachsbun|104/254 par|[from] item: Leftovers\n|upkeep\n|turn|51\n|\n|t:|1782890501\n|move|p1a: Blissey|Seismic Toss|p2a: Dachsbun\n|-damage|p2a: Dachsbun|19/254 par\n|move|p2a: Dachsbun|Wish|p2a: Dachsbun\n|\n|-heal|p1a: Blissey|93/572|[from] item: Leftovers\n|-heal|p2a: Dachsbun|34/254 par|[from] item: Leftovers\n|upkeep\n|turn|52\n|\n|t:|1782890504\n|move|p2a: Dachsbun|Protect|p2a: Dachsbun\n|-singleturn|p2a: Dachsbun|Protect\n|move|p1a: Blissey|Seismic Toss|p2a: Dachsbun\n|-activate|p2a: Dachsbun|move: Protect\n|\n|-heal|p2a: Dachsbun|161/254 par|[from] move: Wish|[wisher] Dachsbun\n|-heal|p1a: Blissey|128/572|[from] item: Leftovers\n|-heal|p2a: Dachsbun|176/254 par|[from] item: Leftovers\n|upkeep\n|turn|53\n|\n|t:|1782890508\n|move|p1a: Blissey|Soft-Boiled|p1a: Blissey\n|-heal|p1a: Blissey|414/572\n|move|p2a: Dachsbun|Play Rough|p1a: Blissey\n|-damage|p1a: Blissey|129/572\n|-unboost|p1a: Blissey|atk|1\n|\n|-heal|p1a: Blissey|164/572|[from] item: Leftovers\n|-heal|p2a: Dachsbun|191/254 par|[from] item: Leftovers\n|upkeep\n|turn|54\n|\n|t:|1782890512\n|move|p1a: Blissey|Soft-Boiled|p1a: Blissey\n|-heal|p1a: Blissey|450/572\n|move|p2a: Dachsbun|Play Rough|p1a: Blissey\n|-damage|p1a: Blissey|159/572\n|\n|-heal|p1a: Blissey|194/572|[from] item: Leftovers\n|-heal|p2a: Dachsbun|206/254 par|[from] item: Leftovers\n|upkeep\n|turn|55\n|\n|t:|1782890516\n|move|p1a: Blissey|Seismic Toss|p2a: Dachsbun\n|-damage|p2a: Dachsbun|121/254 par\n|move|p2a: Dachsbun|Play Rough|p1a: Blissey\n|-damage|p1a: Blissey|0 fnt\n|faint|p1a: Blissey\n|\n|-heal|p2a: Dachsbun|136/254 par|[from] item: Leftovers\n|upkeep\n|\n|t:|1782890518\n|switch|p1a: Slither Wing|Slither Wing, L81|220/270\n|turn|56\n|\n|t:|1782890522\n|move|p1a: Slither Wing|U-turn|p2a: Dachsbun\n|-resisted|p2a: Dachsbun\n|-damage|p2a: Dachsbun|100/254 par\n|\n|t:|1782890524\n|-end|p1a: Slither Wing|Protosynthesis|[silent]\n|switch|p1a: Scovillain|Scovillain, L91, M|266/266 slp|[from] U-turn\n|move|p2a: Dachsbun|Play Rough|p1a: Scovillain\n|-resisted|p1a: Scovillain\n|-damage|p1a: Scovillain|213/266 slp\n|\n|-heal|p1a: Scovillain|229/266 slp|[from] item: Leftovers\n|-heal|p2a: Dachsbun|115/254 par|[from] item: Leftovers\n|upkeep\n|turn|57\n|\n|t:|1782890527\n|switch|p2a: Walking Wake|Walking Wake, L79|286/286\n|-damage|p2a: Walking Wake|251/286|[from] Stealth Rock\n|cant|p1a: Scovillain|slp\n|\n|-heal|p1a: Scovillain|245/266 slp|[from] item: Leftovers\n|upkeep\n|turn|58\n|\n|t:|1782890533\n|move|p2a: Walking Wake|Sunny Day|p2a: Walking Wake\n|-weather|SunnyDay\n|-activate|p2a: Walking Wake|ability: Protosynthesis\n|-start|p2a: Walking Wake|protosynthesisspa\n|cant|p1a: Scovillain|slp\n|\n|-weather|SunnyDay|[upkeep]\n|-heal|p1a: Scovillain|261/266 slp|[from] item: Leftovers\n|upkeep\n|turn|59\n|\n|t:|1782890542\n|cant|p1a: Scovillain|slp\n|move|p2a: Walking Wake|Hydro Steam|p1a: Scovillain\n|-damage|p1a: Scovillain|0 fnt\n|faint|p1a: Scovillain\n|-damage|p2a: Walking Wake|223/286|[from] item: Life Orb\n|\n|-weather|SunnyDay|[upkeep]\n|upkeep\n|\n|t:|1782890544\n|switch|p1a: Slither Wing|Slither Wing, L81|220/270\n|-activate|p1a: Slither Wing|ability: Protosynthesis\n|-start|p1a: Slither Wing|protosynthesisatk\n|turn|60\n|\n|t:|1782890548\n|move|p2a: Walking Wake|Flamethrower|p1a: Slither Wing\n|-supereffective|p1a: Slither Wing\n|-damage|p1a: Slither Wing|0 fnt\n|faint|p1a: Slither Wing\n|-end|p1a: Slither Wing|Protosynthesis|[silent]\n|-damage|p2a: Walking Wake|195/286|[from] item: Life Orb\n|\n|win|jnpr010334\n|raw|arukanu's rating: 1821 &rarr; <strong>1803</strong><br />(-18 for losing)\n|raw|jnpr010334's rating: 1863 &rarr; <strong>1881</strong><br />(+18 for winning)\n", "inputlog": ">version f8ac14003a5f27e1bdc8d8c59608a773c1cb96e5\n>start {\"formatid\":\"gen9randombattle\",\"seed\":\"sodium,3339ccf7fd15f7eee3067a837e6195f8\",\"rated\":\"Rated battle\"}\n>player p1 {\"name\":\"arukanu\",\"avatar\":\"caitlin\",\"rating\":1821,\"seed\":\"sodium,717021f173443db59c15e95f9d14b2ae\"}\n>player p2 {\"name\":\"jnpr010334\",\"avatar\":\"265\",\"rating\":1855,\"seed\":\"sodium,4f7b550466d023c94d01dcddeae1d8a9\"}\n>p1 move zenheadbutt\n>p2 move knockoff terastallize\n>p1 move closecombat\n>p2 move knockoff\n>p1 switch 5\n>p1 move uturn\n>p2 switch 3\n>p1 switch 2\n>p1 move swordsdance\n>p2 move yawn\n>p1 move ironhead\n>p2 switch 6\n>p1 move ironhead terastallize\n>p2 move superpower\n>p1 move ironhead\n>p2 move knockoff\n>p1 move ironhead\n>p2 move knockoff\n>p1 switch 2\n>p1 move uturn\n>p2 switch 6\n>p1 switch 3\n>p1 move leechseed\n>p2 move yawn\n>p1 switch 3\n>p2 switch 2\n>p1 move uturn\n>p2 switch 2\n>p1 switch 3\n>p1 move leechseed\n>p2 move yawn\n>p1 switch 3\n>p2 switch 2\n>p1 move uturn\n>p2 switch 2\n>p1 switch 3\n>p1 move leechseed\n>p2 move yawn\n>p1 move leechseed\n>p2 switch 2\n>p1 switch 3\n>p2 switch 5\n>p1 move uturn\n>p2 switch 2\n>p1 switch 4\n>p1 move nastyplot\n>p2 move yawn\n>p1 move psyshock\n>p2 switch 4\n>p1 move focusblast\n>p2 move crunch\n>p1 switch 4\n>p2 switch 2\n>p1 move uturn\n>p2 switch 4\n>p1 switch 6\n>p1 move thunderwave\n>p2 move yawn\n>p1 move stealthrock\n>p2 switch 5\n>p1 move seismictoss\n>p2 move gunkshot\n>p1 switch 6\n>p2 move earthquake\n>p1 move uturn\n>p2 switch 5\n>p1 switch 6\n>p1 move softboiled\n>p2 move playrough\n>p1 move seismictoss\n>p2 move wish\n>p1 move seismictoss\n>p2 move protect\n>p1 move seismictoss\n>p2 move wish\n>p1 move seismictoss\n>p2 move protect\n>p1 move seismictoss\n>p2 move playrough\n>p1 move seismictoss\n>p2 move wish\n>p1 move seismictoss\n>p2 move protect\n>p1 move seismictoss\n>p2 move playrough\n>p1 move seismictoss\n>p2 move wish\n>p1 move seismictoss\n>p2 move protect\n>p1 move seismictoss\n>p2 move playrough\n>p1 move softboiled\n>p2 move playrough\n>p1 move seismictoss\n>p2 move playrough\n>p1 move softboiled\n>p2 move playrough\n>p1 move softboiled\n>p2 move playrough\n>p1 move softboiled\n>p2 move playrough\n>p1 move softboiled\n>p2 move playrough\n>p1 move seismictoss\n>p2 move wish\n>p1 move seismictoss\n>p2 move protect\n>p1 move seismictoss\n>p2 move playrough\n>p1 move seismictoss\n>p2 move playrough\n>p1 move seismictoss\n>p2 move wish\n>p1 move seismictoss\n>p2 move protect\n>p1 move softboiled\n>p2 move playrough\n>p1 move softboiled\n>p2 move playrough\n>p1 move seismictoss\n>p2 move playrough\n>p1 switch 6\n>p1 move uturn\n>p2 move playrough\n>p1 switch 3\n>p1 move leechseed\n>p2 switch 4\n>p1 move leechseed\n>p2 move sunnyday\n>p1 move substitute\n>p2 move hydrosteam\n>p1 switch 3\n>p1 move closecombat\n>p2 move flamethrower", "uploadtime": 1782890550, "views": 3, "formatid": "gen9randombattle", "rating": 1803, "private": 0, "password": null, "player_dets": [{"name": "arukanu", "avatar": "caitlin", "rating": 1821, "seed": "sodium,717021f173443db59c15e95f9d14b2ae"}, {"name": "jnpr010334", "avatar": "265", "rating": 1855, "seed": "sodium,4f7b550466d023c94d01dcddeae1d8a9"}], "teams_full": [{"Iron Boulder": {"name": "Iron Boulder", "species": "Iron Boulder", "speciesId": "ironboulder", "gender": "N", "shiny": false, "level": 77, "moves": ["mightycleave", "swordsdance", "closecombat", "zenheadbutt"], "ability": "Quark Drive", "evs": {"hp": 85, "atk": 85, "def": 85, "spa": 85, "spd": 85, "spe": 85}, "ivs": {"hp": 31, "atk": 31, "def": 31, "spa": 31, "spd": 31, "spe": 31}, "item": "Life Orb", "teraType": "Fighting", "role": "Setup Sweeper", "bvs": {"hp": 90, "atk": 120, "def": 80, "spa": 68, "spd": 108, "spe": 124}, "stats": {"hp": 265, "atk": 229, "def": 168, "spa": 149, "spd": 211, "spe": 236}, "types": ["Rock", "Psychic"]}, "Bisharp": {"name": "Bisharp", "species": "Bisharp", "speciesId": "bisharp", "gender": "F", "shiny": false, "level": 79, "moves": ["throatchop", "ironhead", "swordsdance", "suckerpunch"], "ability": "Defiant", "evs": {"hp": 85, "atk": 85, "def": 85, "spa": 85, "spd": 85, "spe": 85}, "ivs": {"hp": 31, "atk": 31, "def": 31, "spa": 31, "spd": 31, "spe": 31}, "item": "Eviolite", "teraType": "Ghost", "role": "Bulky Attacker", "bvs": {"hp": 65, "atk": 125, "def": 100, "spa": 60, "spd": 70, "spe": 70}, "stats": {"hp": 232, "atk": 243, "def": 204, "spa": 140, "spd": 156, "spe": 156}, "types": ["Dark", "Steel"]}, "Scovillain": {"name": "Scovillain", "species": "Scovillain", "speciesId": "scovillain", "gender": "M", "shiny": false, "level": 91, "moves": ["substitute", "flamethrower", "leechseed", "protect"], "ability": "Chlorophyll", "evs": {"hp": 85, "atk": 0, "def": 85, "spa": 85, "spd": 85, "spe": 85}, "ivs": {"hp": 31, "atk": 0, "def": 31, "spa": 31, "spd": 31, "spe": 31}, "item": "Leftovers", "teraType": "Steel", "role": "Bulky Attacker", "bvs": {"hp": 65, "atk": 108, "def": 65, "spa": 108, "spd": 65, "spe": 75}, "stats": {"hp": 266, "atk": 201, "def": 170, "spa": 248, "spd": 170, "spe": 188}, "types": ["Grass", "Fire"]}, "Oranguru": {"name": "Oranguru", "species": "Oranguru", "speciesId": "oranguru", "gender": "F", "shiny": false, "level": 92, "moves": ["psyshock", "nastyplot", "focusblast", "hypervoice"], "ability": "Inner Focus", "evs": {"hp": 85, "atk": 0, "def": 85, "spa": 85, "spd": 85, "spe": 85}, "ivs": {"hp": 31, "atk": 0, "def": 31, "spa": 31, "spd": 31, "spe": 31}, "item": "Life Orb", "teraType": "Normal", "role": "Wallbreaker", "bvs": {"hp": 90, "atk": 60, "def": 80, "spa": 90, "spd": 110, "spe": 60}, "stats": {"hp": 315, "atk": 115, "def": 200, "spa": 218, "spd": 255, "spe": 163}, "types": ["Normal", "Psychic"]}, "Slither Wing": {"name": "Slither Wing", "species": "Slither Wing", "speciesId": "slitherwing", "gender": "N", "shiny": false, "level": 81, "moves": ["closecombat", "willowisp", "uturn", "morningsun"], "ability": "Protosynthesis", "evs": {"hp": 85, "atk": 85, "def": 85, "spa": 85, "spd": 85, "spe": 85}, "ivs": {"hp": 31, "atk": 31, "def": 31, "spa": 31, "spd": 31, "spe": 31}, "item": "Heavy-Duty Boots", "teraType": "Fire", "role": "Fast Support", "bvs": {"hp": 85, "atk": 135, "def": 79, "spa": 85, "spd": 105, "spe": 81}, "stats": {"hp": 270, "atk": 265, "def": 175, "spa": 184, "spd": 217, "spe": 178}, "types": ["Bug", "Fighting"]}, "Blissey": {"name": "Blissey", "species": "Blissey", "speciesId": "blissey", "gender": "F", "shiny": false, "level": 85, "moves": ["seismictoss", "stealthrock", "softboiled", "thunderwave"], "ability": "Natural Cure", "evs": {"hp": 85, "atk": 0, "def": 85, "spa": 85, "spd": 85, "spe": 85}, "ivs": {"hp": 31, "atk": 0, "def": 31, "spa": 31, "spd": 31, "spe": 31}, "item": "Leftovers", "teraType": "Ghost", "role": "Bulky Support", "bvs": {"hp": 255, "atk": 10, "def": 10, "spa": 75, "spd": 135, "spe": 55}, "stats": {"hp": 572, "atk": 22, "def": 66, "spa": 176, "spd": 278, "spe": 142}, "types": ["Normal"]}}, {"Muk": {"name": "Muk", "species": "Muk", "speciesId": "muk", "gender": "F", "shiny": false, "level": 86, "moves": ["gunkshot", "drainpunch", "icepunch", "knockoff"], "ability": "Poison Touch", "evs": {"hp": 85, "atk": 85, "def": 85, "spa": 85, "spd": 85, "spe": 85}, "ivs": {"hp": 31, "atk": 31, "def": 31, "spa": 31, "spd": 31, "spe": 31}, "item": "Assault Vest", "teraType": "Dark", "role": "AV Pivot", "bvs": {"hp": 105, "atk": 105, "def": 75, "spa": 65, "spd": 100, "spe": 50}, "stats": {"hp": 321, "atk": 230, "def": 178, "spa": 161, "spd": 221, "spe": 135}, "types": ["Poison"]}, "Clodsire": {"name": "Clodsire", "species": "Clodsire", "speciesId": "clodsire", "gender": "F", "shiny": false, "level": 81, "moves": ["gunkshot", "earthquake", "toxic", "recover"], "ability": "Water Absorb", "evs": {"hp": 85, "atk": 85, "def": 85, "spa": 85, "spd": 85, "spe": 85}, "ivs": {"hp": 31, "atk": 31, "def": 31, "spa": 31, "spd": 31, "spe": 31}, "item": "Leftovers", "teraType": "Flying", "role": "Bulky Support", "bvs": {"hp": 130, "atk": 75, "def": 60, "spa": 45, "spd": 100, "spe": 20}, "stats": {"hp": 343, "atk": 168, "def": 144, "spa": 120, "spd": 209, "spe": 79}, "types": ["Poison", "Ground"]}, "Dachsbun": {"name": "Dachsbun", "species": "Dachsbun", "speciesId": "dachsbun", "gender": "M", "shiny": false, "level": 92, "moves": ["protect", "playrough", "wish", "yawn"], "ability": "Well-Baked Body", "evs": {"hp": 85, "atk": 85, "def": 85, "spa": 85, "spd": 85, "spe": 85}, "ivs": {"hp": 31, "atk": 31, "def": 31, "spa": 31, "spd": 31, "spe": 31}, "item": "Leftovers", "teraType": "Steel", "role": "Bulky Support", "bvs": {"hp": 57, "atk": 80, "def": 115, "spa": 50, "spd": 80, "spe": 95}, "stats": {"hp": 254, "atk": 200, "def": 264, "spa": 144, "spd": 200, "spe": 227}, "types": ["Fairy"]}, "Mabosstiff": {"name": "Mabosstiff", "species": "Mabosstiff", "speciesId": "mabosstiff", "gender": "F", "shiny": false, "level": 86, "moves": ["crunch", "psychicfangs", "playrough", "wildcharge"], "ability": "Stakeout", "evs": {"hp": 85, "atk": 85, "def": 85, "spa": 85, "spd": 85, "spe": 85}, "ivs": {"hp": 31, "atk": 31, "def": 31, "spa": 31, "spd": 31, "spe": 31}, "item": "Choice Band", "teraType": "Dark", "role": "Bulky Attacker", "bvs": {"hp": 80, "atk": 120, "def": 90, "spa": 60, "spd": 70, "spe": 85}, "stats": {"hp": 278, "atk": 256, "def": 204, "spa": 152, "spd": 170, "spe": 195}, "types": ["Dark"]}, "Walking Wake": {"name": "Walking Wake", "species": "Walking Wake", "speciesId": "walkingwake", "gender": "N", "shiny": false, "level": 79, "moves": ["sunnyday", "dracometeor", "hydrosteam", "flamethrower"], "ability": "Protosynthesis", "evs": {"hp": 85, "atk": 0, "def": 85, "spa": 85, "spd": 85, "spe": 85}, "ivs": {"hp": 31, "atk": 0, "def": 31, "spa": 31, "spd": 31, "spe": 31}, "item": "Life Orb", "teraType": "Fire", "role": "Fast Attacker", "bvs": {"hp": 99, "atk": 83, "def": 91, "spa": 125, "spd": 83, "spe": 109}, "stats": {"hp": 286, "atk": 136, "def": 189, "spa": 243, "spd": 177, "spe": 218}, "types": ["Water", "Dragon"]}, "Malamar": {"name": "Malamar", "species": "Malamar", "speciesId": "malamar", "gender": "M", "shiny": false, "level": 82, "moves": ["psychocut", "superpower", "knockoff", "rest"], "ability": "Contrary", "evs": {"hp": 85, "atk": 85, "def": 85, "spa": 85, "spd": 85, "spe": 85}, "ivs": {"hp": 31, "atk": 31, "def": 31, "spa": 31, "spd": 31, "spe": 31}, "item": "Chesto Berry", "teraType": "Fighting", "role": "Fast Bulky Setup", "bvs": {"hp": 86, "atk": 92, "def": 88, "spa": 68, "spd": 75, "spe": 73}, "stats": {"hp": 275, "atk": 198, "def": 191, "spa": 159, "spd": 170, "spe": 167}, "types": ["Dark", "Psychic"]}}]}