{"id": "gen9randombattle-2642034932", "format": "[Gen 9] Random Battle", "players": ["notmetbh102", "milkreo"], "log": "|badge|p2|silver|gen9randombattle|30-10\n|uhtml|medal-msg|<div class=\"broadcast-blue\">Curious what those medals under the avatar are? PS now has Ladder Seasons! For more information, check out the <a href=\"https://www.smogon.com/forums/threads/3740067/\">thread on Smogon.</a></div>\n|j|\u2606notmetbh102\n|j|\u2606milkreo\n|t:|1782876808\n|gametype|singles\n|inactive|Battle timer is ON: inactive players will automatically lose when time's up. (requested by notmetbh102)\n|player|p1|notmetbh102|265|2260\n|player|p2|milkreo|266|2354\n|gen|9\n|tier|[Gen 9] Random Battle\n|rated|\n|rule|Species Clause: Limit one of each Pok\u00e9mon\n|rule|HP Percentage Mod: HP is shown in percentages\n|rule|Sleep Clause Mod: Limit one foe put to sleep\n|rule|Illusion Level Mod: Illusion disguises the Pok\u00e9mon's true level\n|\n|t:|1782876808\n|teamsize|p1|6\n|teamsize|p2|6\n|start\n|switch|p1a: Basculegion|Basculegion, L80, M|323/323\n|switch|p2a: Clawitzer|Clawitzer, L87, M|265/265\n|turn|1\n|c|\u2606notmetbh102|hf\n|\n|t:|1782876821\n|move|p1a: Basculegion|Flip Turn|p2a: Clawitzer\n|-resisted|p2a: Clawitzer\n|-damage|p2a: Clawitzer|224/265\n|\n|t:|1782876822\n|switch|p1a: Shaymin|Shaymin, L82|298/298|[from] Flip Turn\n|move|p2a: Clawitzer|Dragon Pulse|p1a: Shaymin\n|-damage|p1a: Shaymin|134/298\n|\n|-heal|p1a: Shaymin|152/298|[from] item: Leftovers\n|upkeep\n|turn|2\n|\n|t:|1782876828\n|switch|p2a: Tropius|Tropius, L91, M|328/328\n|move|p1a: Shaymin|Seed Flare|p2a: Tropius\n|-resisted|p2a: Tropius\n|-damage|p2a: Tropius|301/328\n|\n|-heal|p1a: Shaymin|170/298|[from] item: Leftovers\n|upkeep\n|turn|3\n|\n|t:|1782876833\n|switch|p1a: Articuno|Articuno-Galar, L84|288/288\n|move|p2a: Tropius|Substitute|p2a: Tropius\n|-start|p2a: Tropius|Substitute\n|-damage|p2a: Tropius|219/328\n|\n|upkeep\n|turn|4\n|\n|t:|1782876834\n|switch|p1a: Shaymin|Shaymin, L82|170/298\n|move|p2a: Tropius|Leech Seed|p1a: Shaymin\n|-immune|p1a: Shaymin\n|\n|-heal|p1a: Shaymin|188/298|[from] item: Leftovers\n|upkeep\n|turn|5\n|\n|t:|1782876836\n|move|p1a: Shaymin|Synthesis|p1a: Shaymin\n|-heal|p1a: Shaymin|298/298\n|move|p2a: Tropius|Air Slash|p1a: Shaymin\n|-supereffective|p1a: Shaymin\n|-damage|p1a: Shaymin|160/298\n|\n|-heal|p1a: Shaymin|178/298|[from] item: Leftovers\n|upkeep\n|turn|6\n|\n|t:|1782876838\n|move|p1a: Shaymin|Synthesis|p1a: Shaymin\n|-heal|p1a: Shaymin|298/298\n|move|p2a: Tropius|Air Slash|p1a: Shaymin\n|-supereffective|p1a: Shaymin\n|-damage|p1a: Shaymin|158/298\n|\n|-heal|p1a: Shaymin|176/298|[from] item: Leftovers\n|upkeep\n|turn|7\n|\n|t:|1782876840\n|move|p1a: Shaymin|Synthesis|p1a: Shaymin\n|-heal|p1a: Shaymin|298/298\n|move|p2a: Tropius|Air Slash|p1a: Shaymin\n|-supereffective|p1a: Shaymin\n|-damage|p1a: Shaymin|166/298\n|\n|-heal|p1a: Shaymin|184/298|[from] item: Leftovers\n|upkeep\n|turn|8\n|\n|t:|1782876842\n|move|p1a: Shaymin|Synthesis|p1a: Shaymin\n|-heal|p1a: Shaymin|298/298\n|move|p2a: Tropius|Air Slash|p1a: Shaymin\n|-supereffective|p1a: Shaymin\n|-damage|p1a: Shaymin|160/298\n|\n|-heal|p1a: Shaymin|178/298|[from] item: Leftovers\n|upkeep\n|turn|9\n|\n|t:|1782876844\n|move|p1a: Shaymin|Synthesis|p1a: Shaymin\n|-heal|p1a: Shaymin|298/298\n|move|p2a: Tropius|Air Slash|p1a: Shaymin\n|-supereffective|p1a: Shaymin\n|-damage|p1a: Shaymin|164/298\n|\n|-heal|p1a: Shaymin|182/298|[from] item: Leftovers\n|upkeep\n|turn|10\n|\n|t:|1782876845\n|move|p1a: Shaymin|Synthesis|p1a: Shaymin\n|-heal|p1a: Shaymin|298/298\n|move|p2a: Tropius|Air Slash|p1a: Shaymin\n|-supereffective|p1a: Shaymin\n|-damage|p1a: Shaymin|158/298\n|\n|-heal|p1a: Shaymin|176/298|[from] item: Leftovers\n|upkeep\n|turn|11\n|\n|t:|1782876847\n|move|p1a: Shaymin|Synthesis|p1a: Shaymin\n|-heal|p1a: Shaymin|298/298\n|move|p2a: Tropius|Air Slash|p1a: Shaymin\n|-supereffective|p1a: Shaymin\n|-damage|p1a: Shaymin|146/298\n|\n|-heal|p1a: Shaymin|164/298|[from] item: Leftovers\n|upkeep\n|turn|12\n|\n|t:|1782876848\n|move|p1a: Shaymin|Synthesis|p1a: Shaymin\n|-heal|p1a: Shaymin|298/298\n|move|p2a: Tropius|Air Slash|p1a: Shaymin\n|-supereffective|p1a: Shaymin\n|-damage|p1a: Shaymin|166/298\n|\n|-heal|p1a: Shaymin|184/298|[from] item: Leftovers\n|upkeep\n|turn|13\n|\n|t:|1782876849\n|switch|p1a: Articuno|Articuno-Galar, L84|288/288\n|move|p2a: Tropius|Air Slash|p1a: Articuno\n|-damage|p1a: Articuno|218/288\n|\n|upkeep\n|turn|14\n|\n|t:|1782876852\n|move|p1a: Articuno|Calm Mind|p1a: Articuno\n|-boost|p1a: Articuno|spa|1\n|-boost|p1a: Articuno|spd|1\n|move|p2a: Tropius|Leech Seed|p1a: Articuno\n|-start|p1a: Articuno|move: Leech Seed\n|\n|-damage|p1a: Articuno|182/288|[from] Leech Seed|[of] p2a: Tropius\n|-heal|p2a: Tropius|255/328|[silent]\n|upkeep\n|turn|15\n|\n|t:|1782876862\n|move|p1a: Articuno|Calm Mind|p1a: Articuno\n|-boost|p1a: Articuno|spa|1\n|-boost|p1a: Articuno|spd|1\n|move|p2a: Tropius|Air Slash|p1a: Articuno\n|-damage|p1a: Articuno|143/288\n|\n|-damage|p1a: Articuno|107/288|[from] Leech Seed|[of] p2a: Tropius\n|-heal|p2a: Tropius|291/328|[silent]\n|upkeep\n|turn|16\n|\n|t:|1782876883\n|move|p1a: Articuno|Recover|p1a: Articuno\n|-heal|p1a: Articuno|251/288\n|move|p2a: Tropius|Air Slash|p1a: Articuno\n|-damage|p1a: Articuno|218/288\n|\n|-damage|p1a: Articuno|182/288|[from] Leech Seed|[of] p2a: Tropius\n|-heal|p2a: Tropius|327/328|[silent]\n|upkeep\n|turn|17\n|\n|t:|1782876887\n|move|p2a: Tropius|Protect|p2a: Tropius\n|-singleturn|p2a: Tropius|Protect\n|move|p1a: Articuno|Recover|p1a: Articuno\n|-heal|p1a: Articuno|288/288\n|\n|-damage|p1a: Articuno|252/288|[from] Leech Seed|[of] p2a: Tropius\n|-heal|p2a: Tropius|328/328|[silent]\n|upkeep\n|turn|18\n|\n|t:|1782876891\n|move|p1a: Articuno|Hurricane|p2a: Tropius\n|-supereffective|p2a: Tropius\n|-end|p2a: Tropius|Substitute\n|move|p2a: Tropius|Substitute|p2a: Tropius\n|-start|p2a: Tropius|Substitute\n|-damage|p2a: Tropius|246/328\n|\n|-damage|p1a: Articuno|216/288|[from] Leech Seed|[of] p2a: Tropius\n|-heal|p2a: Tropius|282/328|[silent]\n|upkeep\n|turn|19\n|\n|t:|1782876897\n|move|p2a: Tropius|Protect|p2a: Tropius\n|-singleturn|p2a: Tropius|Protect\n|move|p1a: Articuno|Calm Mind|p1a: Articuno\n|-boost|p1a: Articuno|spa|1\n|-boost|p1a: Articuno|spd|1\n|\n|-damage|p1a: Articuno|180/288|[from] Leech Seed|[of] p2a: Tropius\n|-heal|p2a: Tropius|318/328|[silent]\n|upkeep\n|turn|20\n|\n|t:|1782876899\n|move|p1a: Articuno|Recover|p1a: Articuno\n|-heal|p1a: Articuno|288/288\n|move|p2a: Tropius|Substitute|p2a: Tropius\n|-fail|p2a: Tropius|move: Substitute\n|\n|-damage|p1a: Articuno|252/288|[from] Leech Seed|[of] p2a: Tropius\n|-heal|p2a: Tropius|328/328|[silent]\n|upkeep\n|turn|21\n|\n|t:|1782876901\n|move|p2a: Tropius|Protect|p2a: Tropius\n|-singleturn|p2a: Tropius|Protect\n|move|p1a: Articuno|Hurricane|p2a: Tropius\n|-activate|p2a: Tropius|move: Protect\n|\n|-damage|p1a: Articuno|216/288|[from] Leech Seed|[of] p2a: Tropius\n|upkeep\n|turn|22\n|\n|t:|1782876903\n|move|p1a: Articuno|Hurricane|p2a: Tropius\n|-supereffective|p2a: Tropius\n|-end|p2a: Tropius|Substitute\n|move|p2a: Tropius|Substitute|p2a: Tropius\n|-start|p2a: Tropius|Substitute\n|-damage|p2a: Tropius|246/328\n|\n|-damage|p1a: Articuno|180/288|[from] Leech Seed|[of] p2a: Tropius\n|-heal|p2a: Tropius|282/328|[silent]\n|upkeep\n|turn|23\n|\n|t:|1782876905\n|move|p2a: Tropius|Protect|p2a: Tropius\n|-singleturn|p2a: Tropius|Protect\n|move|p1a: Articuno|Recover|p1a: Articuno\n|-heal|p1a: Articuno|288/288\n|\n|-damage|p1a: Articuno|252/288|[from] Leech Seed|[of] p2a: Tropius\n|-heal|p2a: Tropius|318/328|[silent]\n|upkeep\n|turn|24\n|\n|t:|1782876907\n|move|p1a: Articuno|Hurricane|p2a: Tropius|[miss]\n|-miss|p1a: Articuno|p2a: Tropius\n|move|p2a: Tropius|Substitute|p2a: Tropius\n|-fail|p2a: Tropius|move: Substitute\n|\n|-damage|p1a: Articuno|216/288|[from] Leech Seed|[of] p2a: Tropius\n|-heal|p2a: Tropius|328/328|[silent]\n|upkeep\n|turn|25\n|\n|t:|1782876909\n|move|p2a: Tropius|Protect|p2a: Tropius\n|-singleturn|p2a: Tropius|Protect\n|move|p1a: Articuno|Hurricane|p2a: Tropius\n|-activate|p2a: Tropius|move: Protect\n|\n|-damage|p1a: Articuno|180/288|[from] Leech Seed|[of] p2a: Tropius\n|upkeep\n|turn|26\n|\n|t:|1782876912\n|move|p1a: Articuno|Freezing Glare|p2a: Tropius\n|-end|p2a: Tropius|Substitute\n|move|p2a: Tropius|Substitute|p2a: Tropius\n|-start|p2a: Tropius|Substitute\n|-damage|p2a: Tropius|246/328\n|\n|-damage|p1a: Articuno|144/288|[from] Leech Seed|[of] p2a: Tropius\n|-heal|p2a: Tropius|282/328|[silent]\n|upkeep\n|turn|27\n|\n|t:|1782876917\n|move|p1a: Articuno|Recover|p1a: Articuno\n|-heal|p1a: Articuno|288/288\n|move|p2a: Tropius|Air Slash|p1a: Articuno\n|-damage|p1a: Articuno|260/288\n|\n|-damage|p1a: Articuno|224/288|[from] Leech Seed|[of] p2a: Tropius\n|-heal|p2a: Tropius|318/328|[silent]\n|upkeep\n|turn|28\n|\n|t:|1782876919\n|move|p2a: Tropius|Protect|p2a: Tropius\n|-singleturn|p2a: Tropius|Protect\n|move|p1a: Articuno|Calm Mind|p1a: Articuno\n|-boost|p1a: Articuno|spa|1\n|-boost|p1a: Articuno|spd|1\n|\n|-damage|p1a: Articuno|188/288|[from] Leech Seed|[of] p2a: Tropius\n|-heal|p2a: Tropius|328/328|[silent]\n|upkeep\n|turn|29\n|\n|t:|1782876921\n|move|p1a: Articuno|Recover|p1a: Articuno\n|-heal|p1a: Articuno|288/288\n|move|p2a: Tropius|Substitute|p2a: Tropius\n|-fail|p2a: Tropius|move: Substitute\n|\n|-damage|p1a: Articuno|252/288|[from] Leech Seed|[of] p2a: Tropius\n|upkeep\n|turn|30\n|\n|t:|1782876923\n|move|p2a: Tropius|Protect|p2a: Tropius\n|-singleturn|p2a: Tropius|Protect\n|move|p1a: Articuno|Hurricane|p2a: Tropius\n|-activate|p2a: Tropius|move: Protect\n|\n|-damage|p1a: Articuno|216/288|[from] Leech Seed|[of] p2a: Tropius\n|upkeep\n|turn|31\n|\n|t:|1782876926\n|move|p1a: Articuno|Freezing Glare|p2a: Tropius\n|-crit|p2a: Tropius\n|-end|p2a: Tropius|Substitute\n|move|p2a: Tropius|Substitute|p2a: Tropius\n|-start|p2a: Tropius|Substitute\n|-damage|p2a: Tropius|246/328\n|\n|-damage|p1a: Articuno|180/288|[from] Leech Seed|[of] p2a: Tropius\n|-heal|p2a: Tropius|282/328|[silent]\n|upkeep\n|turn|32\n|\n|t:|1782876927\n|move|p2a: Tropius|Protect|p2a: Tropius\n|-singleturn|p2a: Tropius|Protect\n|move|p1a: Articuno|Recover|p1a: Articuno\n|-heal|p1a: Articuno|288/288\n|\n|-damage|p1a: Articuno|252/288|[from] Leech Seed|[of] p2a: Tropius\n|-heal|p2a: Tropius|318/328|[silent]\n|upkeep\n|turn|33\n|\n|t:|1782876933\n|move|p1a: Articuno|Freezing Glare|p2a: Tropius\n|-crit|p2a: Tropius\n|-end|p2a: Tropius|Substitute\n|move|p2a: Tropius|Substitute|p2a: Tropius\n|-start|p2a: Tropius|Substitute\n|-damage|p2a: Tropius|236/328\n|\n|-damage|p1a: Articuno|216/288|[from] Leech Seed|[of] p2a: Tropius\n|-heal|p2a: Tropius|272/328|[silent]\n|upkeep\n|turn|34\n|\n|t:|1782876935\n|move|p2a: Tropius|Protect|p2a: Tropius\n|-singleturn|p2a: Tropius|Protect\n|move|p1a: Articuno|Freezing Glare|p2a: Tropius\n|-activate|p2a: Tropius|move: Protect\n|\n|-damage|p1a: Articuno|180/288|[from] Leech Seed|[of] p2a: Tropius\n|-heal|p2a: Tropius|308/328|[silent]\n|upkeep\n|turn|35\n|\n|t:|1782876938\n|move|p1a: Articuno|Freezing Glare|p2a: Tropius\n|-end|p2a: Tropius|Substitute\n|move|p2a: Tropius|Substitute|p2a: Tropius\n|-start|p2a: Tropius|Substitute\n|-damage|p2a: Tropius|226/328\n|\n|-damage|p1a: Articuno|144/288|[from] Leech Seed|[of] p2a: Tropius\n|-heal|p2a: Tropius|262/328|[silent]\n|upkeep\n|turn|36\n|\n|t:|1782876939\n|move|p2a: Tropius|Protect|p2a: Tropius\n|-singleturn|p2a: Tropius|Protect\n|move|p1a: Articuno|Recover|p1a: Articuno\n|-heal|p1a: Articuno|288/288\n|\n|-damage|p1a: Articuno|252/288|[from] Leech Seed|[of] p2a: Tropius\n|-heal|p2a: Tropius|298/328|[silent]\n|upkeep\n|turn|37\n|\n|t:|1782876943\n|move|p1a: Articuno|Freezing Glare|p2a: Tropius\n|-end|p2a: Tropius|Substitute\n|move|p2a: Tropius|Substitute|p2a: Tropius\n|-start|p2a: Tropius|Substitute\n|-damage|p2a: Tropius|216/328\n|\n|-damage|p1a: Articuno|216/288|[from] Leech Seed|[of] p2a: Tropius\n|-heal|p2a: Tropius|252/328|[silent]\n|upkeep\n|turn|38\n|\n|t:|1782876946\n|move|p2a: Tropius|Protect|p2a: Tropius\n|-singleturn|p2a: Tropius|Protect\n|move|p1a: Articuno|Hurricane|p2a: Tropius\n|-activate|p2a: Tropius|move: Protect\n|\n|-damage|p1a: Articuno|180/288|[from] Leech Seed|[of] p2a: Tropius\n|-heal|p2a: Tropius|288/328|[silent]\n|upkeep\n|turn|39\n|\n|t:|1782876947\n|move|p1a: Articuno|Hurricane|p2a: Tropius\n|-supereffective|p2a: Tropius\n|-end|p2a: Tropius|Substitute\n|move|p2a: Tropius|Substitute|p2a: Tropius\n|-start|p2a: Tropius|Substitute\n|-damage|p2a: Tropius|206/328\n|\n|-damage|p1a: Articuno|144/288|[from] Leech Seed|[of] p2a: Tropius\n|-heal|p2a: Tropius|242/328|[silent]\n|upkeep\n|turn|40\n|\n|t:|1782876950\n|move|p2a: Tropius|Protect|p2a: Tropius\n|-singleturn|p2a: Tropius|Protect\n|move|p1a: Articuno|Freezing Glare|p2a: Tropius\n|-activate|p2a: Tropius|move: Protect\n|\n|-damage|p1a: Articuno|108/288|[from] Leech Seed|[of] p2a: Tropius\n|-heal|p2a: Tropius|278/328|[silent]\n|upkeep\n|turn|41\n|\n|t:|1782876953\n|move|p1a: Articuno|Freezing Glare|p2a: Tropius\n|-end|p2a: Tropius|Substitute\n|move|p2a: Tropius|Substitute|p2a: Tropius\n|-start|p2a: Tropius|Substitute\n|-damage|p2a: Tropius|196/328\n|\n|-damage|p1a: Articuno|72/288|[from] Leech Seed|[of] p2a: Tropius\n|-heal|p2a: Tropius|232/328|[silent]\n|upkeep\n|turn|42\n|\n|t:|1782876956\n|move|p2a: Tropius|Protect|p2a: Tropius\n|-singleturn|p2a: Tropius|Protect\n|move|p1a: Articuno|Freezing Glare|p2a: Tropius\n|-activate|p2a: Tropius|move: Protect\n|\n|-damage|p1a: Articuno|36/288|[from] Leech Seed|[of] p2a: Tropius\n|-heal|p2a: Tropius|268/328|[silent]\n|upkeep\n|turn|43\n|\n|t:|1782876958\n|switch|p1a: Umbreon|Umbreon, L84, F|297/297\n|move|p2a: Tropius|Substitute|p2a: Tropius\n|-fail|p2a: Tropius|move: Substitute\n|\n|upkeep\n|turn|44\n|\n|t:|1782876961\n|move|p1a: Umbreon|Toxic||[still]\n|-fail|p1a: Umbreon\n|move|p2a: Tropius|Leech Seed|p1a: Umbreon\n|-start|p1a: Umbreon|move: Leech Seed\n|\n|-damage|p1a: Umbreon|260/297|[from] Leech Seed|[of] p2a: Tropius\n|-heal|p2a: Tropius|305/328|[silent]\n|upkeep\n|turn|45\n|\n|t:|1782876963\n|switch|p1a: Basculegion|Basculegion, L80, M|323/323\n|move|p2a: Tropius|Air Slash|p1a: Basculegion\n|-damage|p1a: Basculegion|260/323\n|\n|upkeep\n|turn|46\n|\n|t:|1782876970\n|move|p1a: Basculegion|Flip Turn|p2a: Tropius\n|-resisted|p2a: Tropius\n|-activate|p2a: Tropius|move: Substitute|[damage]\n|\n|t:|1782876971\n|switch|p1a: Umbreon|Umbreon, L84, F|260/297|[from] Flip Turn\n|move|p2a: Tropius|Air Slash|p1a: Umbreon\n|-damage|p1a: Umbreon|203/297\n|\n|-heal|p1a: Umbreon|221/297|[from] item: Leftovers\n|upkeep\n|turn|47\n|\n|t:|1782876977\n|move|p1a: Umbreon|Wish|p1a: Umbreon\n|move|p2a: Tropius|Leech Seed|p1a: Umbreon\n|-start|p1a: Umbreon|move: Leech Seed\n|\n|-heal|p1a: Umbreon|239/297|[from] item: Leftovers\n|-damage|p1a: Umbreon|202/297|[from] Leech Seed|[of] p2a: Tropius\n|-heal|p2a: Tropius|328/328|[silent]\n|upkeep\n|turn|48\n|\n|t:|1782876980\n|switch|p1a: Shaymin|Shaymin, L82|184/298\n|move|p2a: Tropius|Air Slash|p1a: Shaymin\n|-supereffective|p1a: Shaymin\n|-damage|p1a: Shaymin|32/298\n|\n|-heal|p1a: Shaymin|180/298|[from] move: Wish|[wisher] Umbreon\n|-heal|p1a: Shaymin|198/298|[from] item: Leftovers\n|upkeep\n|turn|49\n|\n|t:|1782876983\n|move|p1a: Shaymin|Air Slash|p2a: Tropius|[miss]\n|-miss|p1a: Shaymin|p2a: Tropius\n|move|p2a: Tropius|Air Slash|p1a: Shaymin\n|-supereffective|p1a: Shaymin\n|-damage|p1a: Shaymin|58/298\n|\n|-heal|p1a: Shaymin|76/298|[from] item: Leftovers\n|upkeep\n|turn|50\n|\n|t:|1782876985\n|switch|p1a: Umbreon|Umbreon, L84, F|202/297\n|move|p2a: Tropius|Air Slash|p1a: Umbreon\n|-damage|p1a: Umbreon|148/297\n|\n|-heal|p1a: Umbreon|166/297|[from] item: Leftovers\n|upkeep\n|turn|51\n|\n|t:|1782876988\n|move|p1a: Umbreon|Toxic||[still]\n|-fail|p1a: Umbreon\n|move|p2a: Tropius|Leech Seed|p1a: Umbreon\n|-start|p1a: Umbreon|move: Leech Seed\n|\n|-heal|p1a: Umbreon|184/297|[from] item: Leftovers\n|-damage|p1a: Umbreon|147/297|[from] Leech Seed|[of] p2a: Tropius\n|upkeep\n|turn|52\n|j| hackmons gaming\n|\n|t:|1782876994\n|switch|p1a: Articuno|Articuno-Galar, L84|36/288\n|switch|p2a: Keldeo|Keldeo-Resolute, L79|273/273\n|\n|upkeep\n|turn|53\n|\n|t:|1782876999\n|switch|p1a: Basculegion|Basculegion, L80, M|260/323\n|move|p2a: Keldeo|Surf|p1a: Basculegion\n|-resisted|p1a: Basculegion\n|-damage|p1a: Basculegion|215/323\n|\n|upkeep\n|turn|54\n|\n|t:|1782877002\n|move|p2a: Keldeo|Calm Mind|p2a: Keldeo\n|-boost|p2a: Keldeo|spa|1\n|-boost|p2a: Keldeo|spd|1\n|move|p1a: Basculegion|Wave Crash|p2a: Keldeo\n|-resisted|p2a: Keldeo\n|-damage|p2a: Keldeo|186/273\n|-damage|p1a: Basculegion|186/323|[from] Recoil\n|\n|-heal|p2a: Keldeo|203/273|[from] item: Leftovers\n|upkeep\n|turn|55\n|\n|t:|1782877006\n|move|p2a: Keldeo|Calm Mind|p2a: Keldeo\n|-boost|p2a: Keldeo|spa|1\n|-boost|p2a: Keldeo|spd|1\n|move|p1a: Basculegion|Wave Crash|p2a: Keldeo\n|-resisted|p2a: Keldeo\n|-damage|p2a: Keldeo|105/273\n|-damage|p1a: Basculegion|154/323|[from] Recoil\n|\n|-heal|p2a: Keldeo|122/273|[from] item: Leftovers\n|upkeep\n|turn|56\n|\n|t:|1782877008\n|move|p2a: Keldeo|Surf|p1a: Basculegion\n|-resisted|p1a: Basculegion\n|-crit|p1a: Basculegion\n|-damage|p1a: Basculegion|32/323\n|move|p1a: Basculegion|Wave Crash|p2a: Keldeo\n|-resisted|p2a: Keldeo\n|-damage|p2a: Keldeo|25/273\n|-damage|p1a: Basculegion|0 fnt|[from] Recoil\n|faint|p1a: Basculegion\n|\n|-heal|p2a: Keldeo|42/273|[from] item: Leftovers\n|upkeep\n|\n|t:|1782877009\n|switch|p1a: Zarude|Zarude, L77|288/288\n|turn|57\n|\n|t:|1782877012\n|move|p1a: Zarude|Knock Off|p2a: Keldeo\n|-resisted|p2a: Keldeo\n|-damage|p2a: Keldeo|0 fnt\n|-enditem|p2a: Keldeo|Leftovers|[from] move: Knock Off|[of] p1a: Zarude\n|faint|p2a: Keldeo\n|\n|upkeep\n|\n|t:|1782877022\n|switch|p2a: Gallade|Gallade, L80, M|240/240\n|turn|58\n|\n|t:|1782877024\n|move|p1a: Zarude|Knock Off|p2a: Gallade\n|-damage|p2a: Gallade|105/240\n|-enditem|p2a: Gallade|Choice Band|[from] move: Knock Off|[of] p1a: Zarude\n|move|p2a: Gallade|Sacred Sword|p1a: Zarude\n|-supereffective|p1a: Zarude\n|-damage|p1a: Zarude|0 fnt\n|faint|p1a: Zarude\n|\n|upkeep\n|\n|t:|1782877025\n|switch|p1a: Articuno|Articuno-Galar, L84|36/288\n|turn|59\n|\n|t:|1782877029\n|move|p1a: Articuno|Hurricane|p2a: Gallade\n|-supereffective|p2a: Gallade\n|-damage|p2a: Gallade|0 fnt\n|faint|p2a: Gallade\n|\n|upkeep\n|\n|t:|1782877037\n|switch|p2a: Flutter Mane|Flutter Mane, L74|203/203\n|turn|60\n|\n|t:|1782877040\n|move|p2a: Flutter Mane|Calm Mind|p2a: Flutter Mane\n|-boost|p2a: Flutter Mane|spa|1\n|-boost|p2a: Flutter Mane|spd|1\n|move|p1a: Articuno|Freezing Glare|p2a: Flutter Mane\n|-damage|p2a: Flutter Mane|136/203\n|\n|upkeep\n|turn|61\n|\n|t:|1782877043\n|move|p2a: Flutter Mane|Moonblast|p1a: Articuno\n|-damage|p1a: Articuno|0 fnt\n|faint|p1a: Articuno\n|-damage|p2a: Flutter Mane|116/203|[from] item: Life Orb\n|\n|upkeep\n|\n|t:|1782877044\n|switch|p1a: Umbreon|Umbreon, L84, F|147/297\n|turn|62\n|\n|t:|1782877046\n|-terastallize|p1a: Umbreon|Poison\n|move|p2a: Flutter Mane|Moonblast|p1a: Umbreon\n|-resisted|p1a: Umbreon\n|-damage|p1a: Umbreon|77/297\n|-damage|p2a: Flutter Mane|96/203|[from] item: Life Orb\n|move|p1a: Umbreon|Foul Play|p2a: Flutter Mane\n|-damage|p2a: Flutter Mane|33/203\n|\n|-heal|p1a: Umbreon|95/297|[from] item: Leftovers\n|upkeep\n|turn|63\n|\n|t:|1782877049\n|move|p1a: Umbreon|Protect|p1a: Umbreon\n|-singleturn|p1a: Umbreon|Protect\n|move|p2a: Flutter Mane|Shadow Ball|p1a: Umbreon\n|-activate|p1a: Umbreon|move: Protect\n|\n|-heal|p1a: Umbreon|113/297|[from] item: Leftovers\n|upkeep\n|turn|64\n|\n|t:|1782877050\n|switch|p1a: Iron Valiant|Iron Valiant, L78|244/244\n|move|p2a: Flutter Mane|Shadow Ball|p1a: Iron Valiant\n|-damage|p1a: Iron Valiant|28/244\n|-damage|p2a: Flutter Mane|13/203|[from] item: Life Orb\n|\n|upkeep\n|turn|65\n|\n|t:|1782877054\n|-end|p1a: Iron Valiant|Quark Drive|[silent]\n|switch|p1a: Shaymin|Shaymin, L82|76/298\n|move|p2a: Flutter Mane|Shadow Ball|p1a: Shaymin\n|-damage|p1a: Shaymin|0 fnt\n|faint|p1a: Shaymin\n|-damage|p2a: Flutter Mane|0 fnt|[from] item: Life Orb\n|faint|p2a: Flutter Mane\n|-end|p2a: Flutter Mane|Protosynthesis|[silent]\n|\n|upkeep\n|\n|t:|1782877062\n|switch|p2a: Hatterene|Hatterene, L85, F|236/236\n|switch|p1a: Iron Valiant|Iron Valiant, L78|28/244\n|turn|66\n|\n|t:|1782877068\n|switch|p2a: Clawitzer|Clawitzer, L87, M|224/265\n|move|p1a: Iron Valiant|Moonblast|p2a: Clawitzer\n|-damage|p2a: Clawitzer|99/265\n|-damage|p1a: Iron Valiant|4/244|[from] item: Life Orb\n|\n|upkeep\n|turn|67\n|\n|t:|1782877070\n|move|p1a: Iron Valiant|Calm Mind|p1a: Iron Valiant\n|-boost|p1a: Iron Valiant|spa|1\n|-boost|p1a: Iron Valiant|spd|1\n|move|p2a: Clawitzer|Water Pulse|p1a: Iron Valiant\n|-damage|p1a: Iron Valiant|0 fnt\n|faint|p1a: Iron Valiant\n|-end|p1a: Iron Valiant|Quark Drive|[silent]\n|\n|upkeep\n|\n|t:|1782877071\n|switch|p1a: Umbreon|Umbreon, L84, F, tera:Poison|113/297\n|turn|68\n|\n|t:|1782877074\n|move|p1a: Umbreon|Protect|p1a: Umbreon\n|-singleturn|p1a: Umbreon|Protect\n|move|p2a: Clawitzer|Water Pulse|p1a: Umbreon\n|-activate|p1a: Umbreon|move: Protect\n|\n|-heal|p1a: Umbreon|131/297|[from] item: Leftovers\n|upkeep\n|turn|69\n|\n|t:|1782877075\n|move|p1a: Umbreon|Wish|p1a: Umbreon\n|move|p2a: Clawitzer|Water Pulse|p1a: Umbreon\n|-damage|p1a: Umbreon|0 fnt\n|faint|p1a: Umbreon\n|\n|win|milkreo\n|raw|notmetbh102's rating: 2260 &rarr; <strong>2245</strong><br />(-15 for losing)\n|raw|milkreo's rating: 2354 &rarr; <strong>2369</strong><br />(+15 for winning)\n|c|\u2606notmetbh102|gg\n", "inputlog": ">version f8ac14003a5f27e1bdc8d8c59608a773c1cb96e5\n>start {\"formatid\":\"gen9randombattle\",\"seed\":\"sodium,a5af5409921730a6c05994e5bcde7713\",\"rated\":\"Rated battle\"}\n>player p1 {\"name\":\"notmetbh102\",\"avatar\":\"265\",\"rating\":2260,\"seed\":\"sodium,18d7451454ea18e466d290d1e8cc9b15\"}\n>player p2 {\"name\":\"milkreo\",\"avatar\":\"266\",\"rating\":2354,\"seed\":\"sodium,660dabbd1c47c89800a5642fc964fcf5\"}\n>chat \u2606notmetbh102|hf\n>p1 move flipturn\n>p2 move dragonpulse\n>p1 switch 5\n>p1 move seedflare\n>p2 switch 2\n>p1 switch 6\n>p2 move substitute\n>p1 switch 6\n>p2 move leechseed\n>p1 move synthesis\n>p2 move airslash\n>p1 move synthesis\n>p2 move airslash\n>p1 move synthesis\n>p2 move airslash\n>p1 move synthesis\n>p2 move airslash\n>p1 move synthesis\n>p2 move airslash\n>p1 move synthesis\n>p2 move airslash\n>p1 move synthesis\n>p2 move airslash\n>p1 move synthesis\n>p2 move airslash\n>p1 switch 6\n>p2 move airslash\n>p1 move calmmind\n>p2 move leechseed\n>p1 move calmmind\n>p2 move airslash\n>p1 move recover\n>p2 move airslash\n>p1 move recover\n>p2 move protect\n>p1 move hurricane\n>p2 move substitute\n>p1 move calmmind\n>p2 move protect\n>p1 move recover\n>p2 move substitute\n>p1 move hurricane\n>p2 move protect\n>p1 move hurricane\n>p2 move substitute\n>p1 move recover\n>p2 move protect\n>p1 move hurricane\n>p2 move substitute\n>p1 move hurricane\n>p2 move protect\n>p1 move freezingglare\n>p2 move substitute\n>p1 move recover\n>p2 move airslash\n>p1 move calmmind\n>p2 move protect\n>p1 move recover\n>p2 move substitute\n>p1 move hurricane\n>p2 move protect\n>p1 move freezingglare\n>p2 move substitute\n>p1 move recover\n>p2 move protect\n>p1 move freezingglare\n>p2 move substitute\n>p1 move freezingglare\n>p2 move protect\n>p1 move freezingglare\n>p2 move substitute\n>p1 move recover\n>p2 move protect\n>p1 move freezingglare\n>p2 move substitute\n>p1 move hurricane\n>p2 move protect\n>p1 move hurricane\n>p2 move substitute\n>p1 move freezingglare\n>p2 move protect\n>p1 move freezingglare\n>p2 move substitute\n>p1 move freezingglare\n>p2 move protect\n>p1 switch 2\n>p2 move substitute\n>p1 move toxic\n>p2 move leechseed\n>p1 switch 5\n>p2 move airslash\n>p1 move flipturn\n>p2 move airslash\n>p1 switch 5\n>p1 move wish\n>p2 move leechseed\n>p1 switch 6\n>p2 move airslash\n>p1 move airslash\n>p2 move airslash\n>p1 switch 6\n>p2 move airslash\n>p1 move toxic\n>p2 move leechseed\n>p1 switch 2\n>p2 switch 3\n>p1 switch 5\n>p2 move surf\n>p1 move wavecrash\n>p2 move calmmind\n>p1 move wavecrash\n>p2 move calmmind\n>p1 move wavecrash\n>p2 move surf\n>p1 switch 4\n>p1 move knockoff\n>p2 move secretsword\n>p2 switch 4\n>p1 move knockoff\n>p2 move sacredsword\n>p1 switch 5\n>p1 move hurricane\n>p2 move nightslash\n>p2 switch 6\n>p1 move freezingglare\n>p2 move calmmind\n>p1 move hurricane\n>p2 move moonblast\n>p1 switch 2\n>p1 move foulplay terastallize\n>p2 move moonblast\n>p1 move protect\n>p2 move shadowball\n>p1 switch 3\n>p2 move shadowball\n>p1 switch 6\n>p2 move shadowball\n>p1 switch 6\n>p2 switch 5\n>p1 move moonblast\n>p2 switch 2\n>p1 move calmmind\n>p2 move waterpulse\n>p1 switch 3\n>p1 move protect\n>p2 move waterpulse\n>p1 move wish\n>p2 move waterpulse", "uploadtime": 1782877076, "views": 2, "formatid": "gen9randombattle", "rating": 2245, "private": 0, "password": null, "player_dets": [{"name": "notmetbh102", "avatar": "265", "rating": 2260, "seed": "sodium,18d7451454ea18e466d290d1e8cc9b15"}, {"name": "milkreo", "avatar": "266", "rating": 2354, "seed": "sodium,660dabbd1c47c89800a5642fc964fcf5"}], "teams_full": [{"Basculegion": {"name": "Basculegion", "species": "Basculegion", "speciesId": "basculegion", "gender": "M", "shiny": false, "level": 80, "moves": ["aquajet", "wavecrash", "flipturn", "shadowball"], "ability": "Adaptability", "evs": {"hp": 85, "atk": 85, "def": 85, "spa": 85, "spd": 85, "spe": 85}, "ivs": {"hp": 31, "atk": 31, "def": 31, "spa": 31, "spd": 31, "spe": 31}, "item": "Assault Vest", "teraType": "Water", "role": "AV Pivot", "bvs": {"hp": 120, "atk": 112, "def": 65, "spa": 80, "spd": 75, "spe": 78}, "stats": {"hp": 323, "atk": 225, "def": 150, "spa": 174, "spd": 166, "spe": 171}, "types": ["Water", "Ghost"]}, "Umbreon": {"name": "Umbreon", "species": "Umbreon", "speciesId": "umbreon", "gender": "F", "shiny": false, "level": 84, "moves": ["wish", "foulplay", "protect", "toxic"], "ability": "Synchronize", "evs": {"hp": 85, "atk": 0, "def": 85, "spa": 85, "spd": 85, "spe": 85}, "ivs": {"hp": 31, "atk": 0, "def": 31, "spa": 31, "spd": 31, "spe": 31}, "item": "Leftovers", "teraType": "Poison", "role": "Bulky Support", "bvs": {"hp": 95, "atk": 65, "def": 110, "spa": 60, "spd": 130, "spe": 65}, "stats": {"hp": 297, "atk": 114, "def": 233, "spa": 149, "spd": 267, "spe": 157}, "types": ["Dark"]}, "Iron Valiant": {"name": "Iron Valiant", "species": "Iron Valiant", "speciesId": "ironvaliant", "gender": "N", "shiny": false, "level": 78, "moves": ["closecombat", "psychic", "calmmind", "moonblast"], "ability": "Quark Drive", "evs": {"hp": 85, "atk": 85, "def": 85, "spa": 85, "spd": 85, "spe": 85}, "ivs": {"hp": 31, "atk": 31, "def": 31, "spa": 31, "spd": 31, "spe": 31}, "item": "Life Orb", "teraType": "Steel", "role": "Fast Attacker", "bvs": {"hp": 74, "atk": 130, "def": 90, "spa": 120, "spd": 60, "spe": 116}, "stats": {"hp": 244, "atk": 248, "def": 185, "spa": 232, "spd": 139, "spe": 226}, "types": ["Fairy", "Fighting"]}, "Zarude": {"name": "Zarude", "species": "Zarude", "speciesId": "zarude", "gender": "N", "shiny": false, "level": 77, "moves": ["knockoff", "closecombat", "uturn", "powerwhip"], "ability": "Leaf Guard", "evs": {"hp": 85, "atk": 85, "def": 85, "spa": 85, "spd": 85, "spe": 85}, "ivs": {"hp": 31, "atk": 31, "def": 31, "spa": 31, "spd": 31, "spe": 31}, "item": "Choice Scarf", "teraType": "Fighting", "role": "Fast Attacker", "bvs": {"hp": 105, "atk": 120, "def": 105, "spa": 70, "spd": 95, "spe": 105}, "stats": {"hp": 288, "atk": 229, "def": 206, "spa": 152, "spd": 191, "spe": 206}, "types": ["Dark", "Grass"]}, "Shaymin": {"name": "Shaymin", "species": "Shaymin", "speciesId": "shaymin", "gender": "N", "shiny": false, "level": 82, "moves": ["earthpower", "synthesis", "seedflare", "airslash"], "ability": "Natural Cure", "evs": {"hp": 85, "atk": 0, "def": 85, "spa": 85, "spd": 85, "spe": 85}, "ivs": {"hp": 31, "atk": 0, "def": 31, "spa": 31, "spd": 31, "spe": 31}, "item": "Leftovers", "teraType": "Steel", "role": "Bulky Attacker", "bvs": {"hp": 100, "atk": 100, "def": 100, "spa": 100, "spd": 100, "spe": 100}, "stats": {"hp": 298, "atk": 169, "def": 211, "spa": 211, "spd": 211, "spe": 211}, "types": ["Grass"]}, "Articuno": {"name": "Articuno", "species": "Articuno-Galar", "speciesId": "articunogalar", "gender": "N", "shiny": false, "level": 84, "moves": ["freezingglare", "calmmind", "recover", "hurricane"], "ability": "Competitive", "evs": {"hp": 85, "atk": 0, "def": 85, "spa": 85, "spd": 85, "spe": 85}, "ivs": {"hp": 31, "atk": 0, "def": 31, "spa": 31, "spd": 31, "spe": 31}, "item": "Heavy-Duty Boots", "teraType": "Steel", "role": "Fast Bulky Setup", "bvs": {"hp": 90, "atk": 85, "def": 85, "spa": 125, "spd": 100, "spe": 95}, "stats": {"hp": 288, "atk": 147, "def": 191, "spa": 258, "spd": 216, "spe": 208}, "types": ["Psychic", "Flying"]}}, {"Clawitzer": {"name": "Clawitzer", "species": "Clawitzer", "speciesId": "clawitzer", "gender": "M", "shiny": false, "level": 87, "moves": ["dragonpulse", "aurasphere", "icebeam", "waterpulse"], "ability": "Mega Launcher", "evs": {"hp": 85, "atk": 0, "def": 85, "spa": 85, "spd": 85, "spe": 85}, "ivs": {"hp": 31, "atk": 0, "def": 31, "spa": 31, "spd": 31, "spe": 31}, "item": "Choice Specs", "teraType": "Dragon", "role": "Wallbreaker", "bvs": {"hp": 71, "atk": 73, "def": 88, "spa": 120, "spd": 89, "spe": 59}, "stats": {"hp": 265, "atk": 132, "def": 203, "spa": 259, "spd": 205, "spe": 152}, "types": ["Water"]}, "Tropius": {"name": "Tropius", "species": "Tropius", "speciesId": "tropius", "gender": "M", "shiny": false, "level": 91, "moves": ["leechseed", "substitute", "protect", "airslash"], "ability": "Harvest", "evs": {"hp": 85, "atk": 0, "def": 85, "spa": 85, "spd": 85, "spe": 85}, "ivs": {"hp": 31, "atk": 0, "def": 31, "spa": 31, "spd": 31, "spe": 31}, "item": "Sitrus Berry", "teraType": "Steel", "role": "Bulky Support", "bvs": {"hp": 99, "atk": 68, "def": 83, "spa": 72, "spd": 87, "spe": 51}, "stats": {"hp": 328, "atk": 128, "def": 203, "spa": 183, "spd": 210, "spe": 145}, "types": ["Grass", "Flying"]}, "Keldeo": {"name": "Keldeo", "species": "Keldeo-Resolute", "speciesId": "keldeoresolute", "gender": "N", "shiny": false, "level": 79, "moves": ["secretsword", "surf", "substitute", "calmmind"], "ability": "Justified", "evs": {"hp": 85, "atk": 0, "def": 85, "spa": 85, "spd": 85, "spe": 85}, "ivs": {"hp": 31, "atk": 0, "def": 31, "spa": 31, "spd": 31, "spe": 31}, "item": "Leftovers", "teraType": "Steel", "role": "Bulky Setup", "bvs": {"hp": 91, "atk": 72, "def": 90, "spa": 129, "spd": 90, "spe": 108}, "stats": {"hp": 273, "atk": 118, "def": 188, "spa": 249, "spd": 188, "spe": 216}, "types": ["Water", "Fighting"]}, "Gallade": {"name": "Gallade", "species": "Gallade", "speciesId": "gallade", "gender": "M", "shiny": false, "level": 80, "moves": ["leafblade", "psychocut", "sacredsword", "nightslash"], "ability": "Sharpness", "evs": {"hp": 85, "atk": 85, "def": 85, "spa": 85, "spd": 85, "spe": 85}, "ivs": {"hp": 31, "atk": 31, "def": 31, "spa": 31, "spd": 31, "spe": 31}, "item": "Choice Band", "teraType": "Grass", "role": "Fast Attacker", "bvs": {"hp": 68, "atk": 125, "def": 65, "spa": 65, "spd": 115, "spe": 80}, "stats": {"hp": 240, "atk": 246, "def": 150, "spa": 150, "spd": 230, "spe": 174}, "types": ["Psychic", "Fighting"]}, "Hatterene": {"name": "Hatterene", "species": "Hatterene", "speciesId": "hatterene", "gender": "F", "shiny": false, "level": 85, "moves": ["calmmind", "psyshock", "drainingkiss", "mysticalfire"], "ability": "Magic Bounce", "evs": {"hp": 85, "atk": 0, "def": 85, "spa": 85, "spd": 85, "spe": 85}, "ivs": {"hp": 31, "atk": 0, "def": 31, "spa": 31, "spd": 31, "spe": 31}, "item": "Leftovers", "teraType": "Steel", "role": "Bulky Setup", "bvs": {"hp": 57, "atk": 90, "def": 95, "spa": 136, "spd": 103, "spe": 29}, "stats": {"hp": 236, "atk": 158, "def": 210, "spa": 280, "spd": 224, "spe": 98}, "types": ["Psychic", "Fairy"]}, "Flutter Mane": {"name": "Flutter Mane", "species": "Flutter Mane", "speciesId": "fluttermane", "gender": "N", "shiny": false, "level": 74, "moves": ["calmmind", "thunderbolt", "moonblast", "shadowball"], "ability": "Protosynthesis", "evs": {"hp": 85, "atk": 0, "def": 85, "spa": 85, "spd": 85, "spe": 85}, "ivs": {"hp": 31, "atk": 0, "def": 31, "spa": 31, "spd": 31, "spe": 31}, "item": "Life Orb", "teraType": "Electric", "role": "Setup Sweeper", "bvs": {"hp": 55, "atk": 55, "def": 55, "spa": 135, "spd": 135, "spe": 135}, "stats": {"hp": 203, "atk": 86, "def": 124, "spa": 243, "spd": 243, "spe": 243}, "types": ["Ghost", "Fairy"]}}]}