{"id": "gen9randombattle-2642145400", "format": "[Gen 9] Random Battle", "players": ["botbeater6767", "forcemajor14"], "log": "|badge|p1|bronze|gen9randombattle|100-10\n|uhtml|medal-msg|<div class=\"broadcast-blue\">Curious what those medals under the avatar are? PS now has Ladder Seasons! For more information, check out the <a href=\"https://www.smogon.com/forums/threads/3740067/\">thread on Smogon.</a></div>\n|j|\u2606botbeater6767\n|j|\u2606forcemajor14\n|t:|1782899664\n|gametype|singles\n|player|p1|botbeater6767|265|2225\n|player|p2|forcemajor14|266|2254\n|gen|9\n|tier|[Gen 9] Random Battle\n|rated|\n|rule|Species Clause: Limit one of each Pok\u00e9mon\n|rule|HP Percentage Mod: HP is shown in percentages\n|rule|Sleep Clause Mod: Limit one foe put to sleep\n|rule|Illusion Level Mod: Illusion disguises the Pok\u00e9mon's true level\n|\n|t:|1782899664\n|teamsize|p1|6\n|teamsize|p2|6\n|start\n|switch|p1a: Corviknight|Corviknight, L80, F|288/288\n|switch|p2a: Smeargle|Smeargle, L95, F|258/258\n|turn|1\n|c|\u2606botbeater6767|hf\n|inactive|Battle timer is ON: inactive players will automatically lose when time's up. (requested by botbeater6767)\n|\n|t:|1782899669\n|move|p2a: Smeargle|Spore|p1a: Corviknight\n|-status|p1a: Corviknight|slp|[from] move: Spore\n|cant|p1a: Corviknight|slp\n|\n|upkeep\n|turn|2\n|\n|t:|1782899671\n|move|p2a: Smeargle|Sticky Web|p1a: Corviknight\n|-sidestart|p1: botbeater6767|move: Sticky Web\n|cant|p1a: Corviknight|slp\n|\n|upkeep\n|turn|3\n|inactive|forcemajor14 also wants the timer to be on.\n|\n|t:|1782899674\n|move|p2a: Smeargle|Stealth Rock|p1a: Corviknight\n|-sidestart|p1: botbeater6767|move: Stealth Rock\n|-curestatus|p1a: Corviknight|slp|[msg]\n|move|p1a: Corviknight|Defog|p2a: Smeargle\n|-unboost|p2a: Smeargle|evasion|1\n|-sideend|p1: botbeater6767|Stealth Rock|[from] move: Defog|[of] p1a: Corviknight\n|-sideend|p1: botbeater6767|Sticky Web|[from] move: Defog|[of] p1a: Corviknight\n|\n|upkeep\n|turn|4\n|\n|t:|1782899676\n|move|p2a: Smeargle|Spore|p1a: Corviknight\n|-status|p1a: Corviknight|slp|[from] move: Spore\n|cant|p1a: Corviknight|slp\n|\n|upkeep\n|turn|5\n|\n|t:|1782899679\n|move|p2a: Smeargle|Sticky Web|p1a: Corviknight\n|-sidestart|p1: botbeater6767|move: Sticky Web\n|-curestatus|p1a: Corviknight|slp|[msg]\n|move|p1a: Corviknight|Brave Bird|p2a: Smeargle\n|-damage|p2a: Smeargle|74/258\n|-damage|p1a: Corviknight|227/288|[from] Recoil\n|\n|-heal|p1a: Corviknight|245/288|[from] item: Leftovers\n|upkeep\n|turn|6\n|\n|t:|1782899683\n|move|p2a: Smeargle|Spore|p1a: Corviknight\n|-status|p1a: Corviknight|slp|[from] move: Spore\n|cant|p1a: Corviknight|slp\n|\n|-heal|p1a: Corviknight|263/288 slp|[from] item: Leftovers\n|upkeep\n|turn|7\n|\n|t:|1782899689\n|move|p2a: Smeargle|Stealth Rock|p1a: Corviknight\n|-sidestart|p1: botbeater6767|move: Stealth Rock\n|-curestatus|p1a: Corviknight|slp|[msg]\n|move|p1a: Corviknight|Defog|p2a: Smeargle\n|-unboost|p2a: Smeargle|evasion|1\n|-sideend|p1: botbeater6767|Stealth Rock|[from] move: Defog|[of] p1a: Corviknight\n|-sideend|p1: botbeater6767|Sticky Web|[from] move: Defog|[of] p1a: Corviknight\n|\n|-heal|p1a: Corviknight|281/288|[from] item: Leftovers\n|upkeep\n|turn|8\n|\n|t:|1782899691\n|move|p2a: Smeargle|Spore|p1a: Corviknight\n|-status|p1a: Corviknight|slp|[from] move: Spore\n|cant|p1a: Corviknight|slp\n|\n|-heal|p1a: Corviknight|288/288 slp|[from] item: Leftovers\n|upkeep\n|turn|9\n|\n|t:|1782899694\n|move|p2a: Smeargle|Sticky Web|p1a: Corviknight\n|-sidestart|p1: botbeater6767|move: Sticky Web\n|cant|p1a: Corviknight|slp\n|\n|upkeep\n|turn|10\n|\n|t:|1782899696\n|move|p2a: Smeargle|Stealth Rock|p1a: Corviknight\n|-sidestart|p1: botbeater6767|move: Stealth Rock\n|cant|p1a: Corviknight|slp\n|\n|upkeep\n|turn|11\n|\n|t:|1782899700\n|move|p2a: Smeargle|Ceaseless Edge|p1a: Corviknight|[miss]\n|-miss|p2a: Smeargle|p1a: Corviknight\n|-curestatus|p1a: Corviknight|slp|[msg]\n|move|p1a: Corviknight|Defog|p2a: Smeargle\n|-unboost|p2a: Smeargle|evasion|1\n|-sideend|p1: botbeater6767|Stealth Rock|[from] move: Defog|[of] p1a: Corviknight\n|-sideend|p1: botbeater6767|Sticky Web|[from] move: Defog|[of] p1a: Corviknight\n|\n|upkeep\n|turn|12\n|\n|t:|1782899703\n|move|p2a: Smeargle|Spore|p1a: Corviknight\n|-status|p1a: Corviknight|slp|[from] move: Spore\n|cant|p1a: Corviknight|slp\n|\n|upkeep\n|turn|13\n|\n|t:|1782899708\n|move|p2a: Smeargle|Sticky Web|p1a: Corviknight\n|-sidestart|p1: botbeater6767|move: Sticky Web\n|cant|p1a: Corviknight|slp\n|\n|upkeep\n|turn|14\n|\n|t:|1782899710\n|move|p2a: Smeargle|Stealth Rock|p1a: Corviknight\n|-sidestart|p1: botbeater6767|move: Stealth Rock\n|-curestatus|p1a: Corviknight|slp|[msg]\n|move|p1a: Corviknight|Defog|p2a: Smeargle\n|-unboost|p2a: Smeargle|evasion|1\n|-sideend|p1: botbeater6767|Stealth Rock|[from] move: Defog|[of] p1a: Corviknight\n|-sideend|p1: botbeater6767|Sticky Web|[from] move: Defog|[of] p1a: Corviknight\n|\n|upkeep\n|turn|15\n|\n|t:|1782899714\n|move|p2a: Smeargle|Spore|p1a: Corviknight\n|-status|p1a: Corviknight|slp|[from] move: Spore\n|cant|p1a: Corviknight|slp\n|\n|upkeep\n|turn|16\n|\n|t:|1782899717\n|move|p2a: Smeargle|Sticky Web|p1a: Corviknight\n|-sidestart|p1: botbeater6767|move: Sticky Web\n|cant|p1a: Corviknight|slp\n|\n|upkeep\n|turn|17\n|\n|t:|1782899720\n|move|p2a: Smeargle|Stealth Rock|p1a: Corviknight\n|-sidestart|p1: botbeater6767|move: Stealth Rock\n|-curestatus|p1a: Corviknight|slp|[msg]\n|move|p1a: Corviknight|Defog|p2a: Smeargle\n|-unboost|p2a: Smeargle|evasion|1\n|-sideend|p1: botbeater6767|Stealth Rock|[from] move: Defog|[of] p1a: Corviknight\n|-sideend|p1: botbeater6767|Sticky Web|[from] move: Defog|[of] p1a: Corviknight\n|\n|upkeep\n|turn|18\n|\n|t:|1782899724\n|move|p2a: Smeargle|Spore|p1a: Corviknight\n|-status|p1a: Corviknight|slp|[from] move: Spore\n|cant|p1a: Corviknight|slp\n|\n|upkeep\n|turn|19\n|\n|t:|1782899728\n|move|p2a: Smeargle|Sticky Web|p1a: Corviknight\n|-sidestart|p1: botbeater6767|move: Sticky Web\n|cant|p1a: Corviknight|slp\n|\n|upkeep\n|turn|20\n|\n|t:|1782899730\n|move|p2a: Smeargle|Stealth Rock|p1a: Corviknight\n|-sidestart|p1: botbeater6767|move: Stealth Rock\n|cant|p1a: Corviknight|slp\n|\n|upkeep\n|turn|21\n|\n|t:|1782899734\n|move|p2a: Smeargle|Ceaseless Edge|p1a: Corviknight\n|-damage|p1a: Corviknight|264/288 slp\n|-sidestart|p1: botbeater6767|Spikes\n|-curestatus|p1a: Corviknight|slp|[msg]\n|move|p1a: Corviknight|Defog|p2a: Smeargle\n|-unboost|p2a: Smeargle|evasion|1\n|-sideend|p1: botbeater6767|Spikes|[from] move: Defog|[of] p1a: Corviknight\n|-sideend|p1: botbeater6767|Stealth Rock|[from] move: Defog|[of] p1a: Corviknight\n|-sideend|p1: botbeater6767|Sticky Web|[from] move: Defog|[of] p1a: Corviknight\n|\n|-heal|p1a: Corviknight|282/288|[from] item: Leftovers\n|upkeep\n|turn|22\n|\n|t:|1782899736\n|move|p2a: Smeargle|Spore|p1a: Corviknight\n|-status|p1a: Corviknight|slp|[from] move: Spore\n|cant|p1a: Corviknight|slp\n|\n|-heal|p1a: Corviknight|288/288 slp|[from] item: Leftovers\n|upkeep\n|turn|23\n|\n|t:|1782899739\n|move|p2a: Smeargle|Sticky Web|p1a: Corviknight\n|-sidestart|p1: botbeater6767|move: Sticky Web\n|-curestatus|p1a: Corviknight|slp|[msg]\n|move|p1a: Corviknight|Defog|p2a: Smeargle\n|-unboost|p2a: Smeargle|evasion|0\n|-sideend|p1: botbeater6767|Sticky Web|[from] move: Defog|[of] p1a: Corviknight\n|\n|upkeep\n|turn|24\n|\n|t:|1782899742\n|move|p2a: Smeargle|Spore|p1a: Corviknight\n|-status|p1a: Corviknight|slp|[from] move: Spore\n|cant|p1a: Corviknight|slp\n|\n|upkeep\n|turn|25\n|\n|t:|1782899746\n|move|p2a: Smeargle|Sticky Web|p1a: Corviknight\n|-sidestart|p1: botbeater6767|move: Sticky Web\n|-curestatus|p1a: Corviknight|slp|[msg]\n|move|p1a: Corviknight|Defog|p2a: Smeargle\n|-unboost|p2a: Smeargle|evasion|0\n|-sideend|p1: botbeater6767|Sticky Web|[from] move: Defog|[of] p1a: Corviknight\n|\n|upkeep\n|turn|26\n|\n|t:|1782899747\n|move|p2a: Smeargle|Spore|p1a: Corviknight\n|-status|p1a: Corviknight|slp|[from] move: Spore\n|cant|p1a: Corviknight|slp\n|\n|upkeep\n|turn|27\n|\n|t:|1782899749\n|move|p2a: Smeargle|Sticky Web|p1a: Corviknight\n|-sidestart|p1: botbeater6767|move: Sticky Web\n|cant|p1a: Corviknight|slp\n|\n|upkeep\n|turn|28\n|\n|t:|1782899752\n|move|p2a: Smeargle|Stealth Rock|p1a: Corviknight\n|-sidestart|p1: botbeater6767|move: Stealth Rock\n|cant|p1a: Corviknight|slp\n|\n|upkeep\n|turn|29\n|\n|t:|1782899754\n|move|p2a: Smeargle|Ceaseless Edge|p1a: Corviknight\n|-damage|p1a: Corviknight|268/288 slp\n|-sidestart|p1: botbeater6767|Spikes\n|-curestatus|p1a: Corviknight|slp|[msg]\n|move|p1a: Corviknight|Defog|p2a: Smeargle\n|-unboost|p2a: Smeargle|evasion|0\n|-sideend|p1: botbeater6767|Spikes|[from] move: Defog|[of] p1a: Corviknight\n|-sideend|p1: botbeater6767|Stealth Rock|[from] move: Defog|[of] p1a: Corviknight\n|-sideend|p1: botbeater6767|Sticky Web|[from] move: Defog|[of] p1a: Corviknight\n|\n|-heal|p1a: Corviknight|286/288|[from] item: Leftovers\n|upkeep\n|turn|30\n|\n|t:|1782899756\n|move|p2a: Smeargle|Spore|p1a: Corviknight\n|-status|p1a: Corviknight|slp|[from] move: Spore\n|cant|p1a: Corviknight|slp\n|\n|-heal|p1a: Corviknight|288/288 slp|[from] item: Leftovers\n|upkeep\n|turn|31\n|\n|t:|1782899760\n|move|p2a: Smeargle|Sticky Web|p1a: Corviknight\n|-sidestart|p1: botbeater6767|move: Sticky Web\n|cant|p1a: Corviknight|slp\n|\n|upkeep\n|turn|32\n|\n|t:|1782899764\n|move|p2a: Smeargle|Stealth Rock|p1a: Corviknight\n|-sidestart|p1: botbeater6767|move: Stealth Rock\n|cant|p1a: Corviknight|slp\n|\n|upkeep\n|turn|33\n|\n|t:|1782899766\n|move|p2a: Smeargle|Ceaseless Edge|p1a: Corviknight\n|-damage|p1a: Corviknight|266/288 slp\n|-sidestart|p1: botbeater6767|Spikes\n|-curestatus|p1a: Corviknight|slp|[msg]\n|move|p1a: Corviknight|Defog|p2a: Smeargle\n|-unboost|p2a: Smeargle|evasion|0\n|-sideend|p1: botbeater6767|Spikes|[from] move: Defog|[of] p1a: Corviknight\n|-sideend|p1: botbeater6767|Stealth Rock|[from] move: Defog|[of] p1a: Corviknight\n|-sideend|p1: botbeater6767|Sticky Web|[from] move: Defog|[of] p1a: Corviknight\n|\n|-heal|p1a: Corviknight|284/288|[from] item: Leftovers\n|upkeep\n|turn|34\n|\n|t:|1782899769\n|move|p2a: Smeargle|Spore|p1a: Corviknight\n|-status|p1a: Corviknight|slp|[from] move: Spore\n|cant|p1a: Corviknight|slp\n|\n|-heal|p1a: Corviknight|288/288 slp|[from] item: Leftovers\n|upkeep\n|turn|35\n|\n|t:|1782899772\n|move|p2a: Smeargle|Sticky Web|p1a: Corviknight\n|-sidestart|p1: botbeater6767|move: Sticky Web\n|cant|p1a: Corviknight|slp\n|\n|upkeep\n|turn|36\n|\n|t:|1782899776\n|move|p2a: Smeargle|Stealth Rock|p1a: Corviknight\n|-sidestart|p1: botbeater6767|move: Stealth Rock\n|cant|p1a: Corviknight|slp\n|\n|upkeep\n|turn|37\n|\n|t:|1782899779\n|move|p2a: Smeargle|Ceaseless Edge|p1a: Corviknight|[miss]\n|-miss|p2a: Smeargle|p1a: Corviknight\n|-curestatus|p1a: Corviknight|slp|[msg]\n|move|p1a: Corviknight|Defog|p2a: Smeargle\n|-unboost|p2a: Smeargle|evasion|0\n|-sideend|p1: botbeater6767|Stealth Rock|[from] move: Defog|[of] p1a: Corviknight\n|-sideend|p1: botbeater6767|Sticky Web|[from] move: Defog|[of] p1a: Corviknight\n|\n|upkeep\n|turn|38\n|\n|t:|1782899783\n|move|p2a: Smeargle|Spore|p1a: Corviknight\n|-status|p1a: Corviknight|slp|[from] move: Spore\n|cant|p1a: Corviknight|slp\n|\n|upkeep\n|turn|39\n|\n|t:|1782899785\n|move|p2a: Smeargle|Sticky Web|p1a: Corviknight\n|-sidestart|p1: botbeater6767|move: Sticky Web\n|cant|p1a: Corviknight|slp\n|\n|upkeep\n|turn|40\n|\n|t:|1782899787\n|move|p2a: Smeargle|Stealth Rock|p1a: Corviknight\n|-sidestart|p1: botbeater6767|move: Stealth Rock\n|cant|p1a: Corviknight|slp\n|\n|upkeep\n|turn|41\n|\n|t:|1782899791\n|move|p2a: Smeargle|Ceaseless Edge|p1a: Corviknight\n|-damage|p1a: Corviknight|265/288 slp\n|-sidestart|p1: botbeater6767|Spikes\n|-curestatus|p1a: Corviknight|slp|[msg]\n|move|p1a: Corviknight|Defog|p2a: Smeargle\n|-unboost|p2a: Smeargle|evasion|0\n|-sideend|p1: botbeater6767|Spikes|[from] move: Defog|[of] p1a: Corviknight\n|-sideend|p1: botbeater6767|Stealth Rock|[from] move: Defog|[of] p1a: Corviknight\n|-sideend|p1: botbeater6767|Sticky Web|[from] move: Defog|[of] p1a: Corviknight\n|\n|-heal|p1a: Corviknight|283/288|[from] item: Leftovers\n|upkeep\n|turn|42\n|\n|t:|1782899794\n|move|p2a: Smeargle|Sticky Web|p1a: Corviknight\n|-sidestart|p1: botbeater6767|move: Sticky Web\n|move|p1a: Corviknight|Brave Bird|p2a: Smeargle\n|-damage|p2a: Smeargle|0 fnt\n|faint|p2a: Smeargle\n|-damage|p1a: Corviknight|259/288|[from] Recoil\n|\n|-heal|p1a: Corviknight|277/288|[from] item: Leftovers\n|upkeep\n|\n|t:|1782899796\n|switch|p2a: Tauros|Tauros-Paldea-Blaze, L81, M|254/254\n|-ability|p2a: Tauros|Intimidate|boost\n|-ability|p1a: Corviknight|Mirror Armor\n|-unboost|p2a: Tauros|atk|1\n|turn|43\n|\n|t:|1782899798\n|move|p2a: Tauros|Flare Blitz|p1a: Corviknight\n|-supereffective|p1a: Corviknight\n|-damage|p1a: Corviknight|17/288\n|-damage|p2a: Tauros|168/254|[from] Recoil\n|move|p1a: Corviknight|Defog|p2a: Tauros\n|-unboost|p2a: Tauros|evasion|1\n|-sideend|p1: botbeater6767|Sticky Web|[from] move: Defog|[of] p1a: Corviknight\n|\n|-heal|p1a: Corviknight|35/288|[from] item: Leftovers\n|upkeep\n|turn|44\n|\n|t:|1782899800\n|switch|p1a: Flareon|Flareon, L90, F|263/263\n|move|p2a: Tauros|Flare Blitz|p1a: Flareon\n|-resisted|p1a: Flareon\n|-damage|p1a: Flareon|180/263\n|-damage|p2a: Tauros|141/254|[from] Recoil\n|\n|-status|p1a: Flareon|tox|[from] item: Toxic Orb\n|upkeep\n|turn|45\n|\n|t:|1782899803\n|switch|p2a: Iron Treads|Iron Treads, L77|265/265\n|move|p1a: Flareon|Facade|p2a: Iron Treads\n|-resisted|p2a: Iron Treads\n|-damage|p2a: Iron Treads|178/265\n|\n|-damage|p1a: Flareon|164/263 tox|[from] psn\n|upkeep\n|turn|46\n|\n|t:|1782899805\n|switch|p1a: Hippowdon|Hippowdon, L82, M|311/311\n|-weather|Sandstorm|[from] ability: Sand Stream|[of] p1a: Hippowdon\n|move|p2a: Iron Treads|Earthquake|p1a: Hippowdon\n|-damage|p1a: Hippowdon|230/311\n|\n|-weather|Sandstorm|[upkeep]\n|-heal|p1a: Hippowdon|249/311|[from] item: Leftovers\n|upkeep\n|turn|47\n|\n|t:|1782899810\n|-end|p2a: Iron Treads|Quark Drive|[silent]\n|switch|p2a: Exeggutor|Exeggutor, L89, M|314/314\n|move|p1a: Hippowdon|Earthquake|p2a: Exeggutor\n|-resisted|p2a: Exeggutor\n|-damage|p2a: Exeggutor|263/314\n|\n|-weather|Sandstorm|[upkeep]\n|-damage|p2a: Exeggutor|244/314|[from] Sandstorm\n|-heal|p1a: Hippowdon|268/311|[from] item: Leftovers\n|upkeep\n|turn|48\n|\n|t:|1782899814\n|switch|p1a: Zarude|Zarude-Dada, L77|288/288\n|move|p2a: Exeggutor|Sleep Powder|p1a: Zarude\n|-immune|p1a: Zarude\n|\n|-weather|Sandstorm|[upkeep]\n|-damage|p1a: Zarude|270/288|[from] Sandstorm\n|-damage|p2a: Exeggutor|225/314|[from] Sandstorm\n|upkeep\n|turn|49\n|\n|t:|1782899817\n|switch|p2a: Tauros|Tauros-Paldea-Blaze, L81, M|141/254\n|-ability|p2a: Tauros|Intimidate|boost\n|-unboost|p1a: Zarude|atk|1\n|move|p1a: Zarude|Knock Off|p2a: Tauros\n|-resisted|p2a: Tauros\n|-damage|p2a: Tauros|91/254\n|-enditem|p2a: Tauros|Choice Band|[from] move: Knock Off|[of] p1a: Zarude\n|\n|-weather|Sandstorm|[upkeep]\n|-damage|p2a: Tauros|76/254|[from] Sandstorm\n|-damage|p1a: Zarude|252/288|[from] Sandstorm\n|upkeep\n|turn|50\n|\n|t:|1782899821\n|switch|p1a: Hippowdon|Hippowdon, L82, M|268/311\n|move|p2a: Tauros|Close Combat|p1a: Hippowdon\n|-damage|p1a: Hippowdon|157/311\n|-unboost|p2a: Tauros|def|1\n|-unboost|p2a: Tauros|spd|1\n|\n|-weather|none\n|-heal|p1a: Hippowdon|176/311|[from] item: Leftovers\n|upkeep\n|turn|51\n|\n|t:|1782899824\n|switch|p2a: Exeggutor|Exeggutor, L89, M|225/314\n|move|p1a: Hippowdon|Slack Off|p1a: Hippowdon\n|-heal|p1a: Hippowdon|311/311\n|\n|upkeep\n|turn|52\n|\n|t:|1782899826\n|switch|p1a: Zarude|Zarude-Dada, L77|252/288\n|move|p2a: Exeggutor|Sleep Powder|p1a: Zarude\n|-immune|p1a: Zarude\n|\n|upkeep\n|turn|53\n|\n|t:|1782899831\n|switch|p2a: Tauros|Tauros-Paldea-Blaze, L81, M|76/254\n|-ability|p2a: Tauros|Intimidate|boost\n|-unboost|p1a: Zarude|atk|1\n|move|p1a: Zarude|Knock Off|p2a: Tauros\n|-resisted|p2a: Tauros\n|-damage|p2a: Tauros|48/254\n|\n|upkeep\n|turn|54\n|\n|t:|1782899834\n|switch|p1a: Hippowdon|Hippowdon, L82, M|311/311\n|-weather|Sandstorm|[from] ability: Sand Stream|[of] p1a: Hippowdon\n|move|p2a: Tauros|Close Combat|p1a: Hippowdon\n|-damage|p1a: Hippowdon|212/311\n|-unboost|p2a: Tauros|def|1\n|-unboost|p2a: Tauros|spd|1\n|\n|-weather|Sandstorm|[upkeep]\n|-damage|p2a: Tauros|33/254|[from] Sandstorm\n|-heal|p1a: Hippowdon|231/311|[from] item: Leftovers\n|upkeep\n|turn|55\n|\n|t:|1782899841\n|move|p2a: Tauros|Close Combat|p1a: Hippowdon\n|-crit|p1a: Hippowdon\n|-damage|p1a: Hippowdon|63/311\n|-unboost|p2a: Tauros|def|1\n|-unboost|p2a: Tauros|spd|1\n|move|p1a: Hippowdon|Slack Off|p1a: Hippowdon\n|-heal|p1a: Hippowdon|219/311\n|\n|-weather|Sandstorm|[upkeep]\n|-damage|p2a: Tauros|18/254|[from] Sandstorm\n|-heal|p1a: Hippowdon|238/311|[from] item: Leftovers\n|upkeep\n|turn|56\n|\n|t:|1782899845\n|switch|p2a: Exeggutor|Exeggutor, L89, M|225/314\n|move|p1a: Hippowdon|Slack Off|p1a: Hippowdon\n|-heal|p1a: Hippowdon|311/311\n|\n|-weather|Sandstorm|[upkeep]\n|-damage|p2a: Exeggutor|206/314|[from] Sandstorm\n|upkeep\n|turn|57\n|\n|t:|1782899848\n|switch|p1a: Zarude|Zarude-Dada, L77|252/288\n|move|p2a: Exeggutor|Giga Drain|p1a: Zarude\n|-resisted|p1a: Zarude\n|-damage|p1a: Zarude|198/288\n|-heal|p2a: Exeggutor|233/314|[from] drain|[of] p1a: Zarude\n|\n|-weather|Sandstorm|[upkeep]\n|-damage|p1a: Zarude|180/288|[from] Sandstorm\n|-damage|p2a: Exeggutor|214/314|[from] Sandstorm\n|upkeep\n|turn|58\n|\n|t:|1782899851\n|switch|p2a: Tauros|Tauros-Paldea-Blaze, L81, M|18/254\n|-ability|p2a: Tauros|Intimidate|boost\n|-unboost|p1a: Zarude|atk|1\n|move|p1a: Zarude|Knock Off|p2a: Tauros\n|-resisted|p2a: Tauros\n|-damage|p2a: Tauros|0 fnt\n|faint|p2a: Tauros\n|\n|-weather|none\n|upkeep\n|\n|t:|1782899854\n|switch|p2a: Ursaring|Ursaring, L84, M|288/288\n|turn|59\n|\n|t:|1782899861\n|move|p1a: Zarude|Knock Off|p2a: Ursaring\n|-damage|p2a: Ursaring|179/288\n|-enditem|p2a: Ursaring|Toxic Orb|[from] move: Knock Off|[of] p1a: Zarude\n|move|p2a: Ursaring|Swords Dance|p2a: Ursaring\n|-boost|p2a: Ursaring|atk|2\n|\n|upkeep\n|turn|60\n|\n|t:|1782899863\n|switch|p1a: Corviknight|Corviknight, L80, F|35/288\n|move|p2a: Ursaring|Facade|p1a: Corviknight\n|-resisted|p1a: Corviknight\n|-damage|p1a: Corviknight|0 fnt\n|faint|p1a: Corviknight\n|\n|upkeep\n|\n|t:|1782899864\n|switch|p1a: Flareon|Flareon, L90, F|164/263 tox\n|turn|61\n|\n|t:|1782899867\n|switch|p2a: Iron Treads|Iron Treads, L77|178/265\n|move|p1a: Flareon|Flare Blitz|p2a: Iron Treads\n|-supereffective|p2a: Iron Treads\n|-damage|p2a: Iron Treads|0 fnt\n|faint|p2a: Iron Treads\n|-end|p2a: Iron Treads|Quark Drive|[silent]\n|-damage|p1a: Flareon|105/263 tox|[from] Recoil\n|\n|-damage|p1a: Flareon|89/263 tox|[from] psn\n|upkeep\n|\n|t:|1782899868\n|switch|p2a: Ursaring|Ursaring, L84, M|179/288\n|turn|62\n|\n|t:|1782899871\n|move|p1a: Flareon|Facade|p2a: Ursaring\n|-damage|p2a: Ursaring|0 fnt\n|faint|p2a: Ursaring\n|\n|-damage|p1a: Flareon|57/263 tox|[from] psn\n|upkeep\n|\n|t:|1782899873\n|switch|p2a: Dipplin|Dipplin, L88, M|284/284\n|turn|63\n|\n|t:|1782899876\n|switch|p1a: Clodsire|Clodsire, L81, M|343/343\n|move|p2a: Dipplin|Sucker Punch||[still]\n|-fail|p2a: Dipplin\n|\n|upkeep\n|turn|64\n|\n|t:|1782899880\n|switch|p2a: Exeggutor|Exeggutor, L89, M|214/314\n|move|p1a: Clodsire|Toxic|p2a: Exeggutor\n|-status|p2a: Exeggutor|tox\n|\n|-damage|p2a: Exeggutor|195/314 tox|[from] psn\n|upkeep\n|turn|65\n|\n|t:|1782899882\n|switch|p1a: Zarude|Zarude-Dada, L77|180/288\n|move|p2a: Exeggutor|Sleep Powder|p1a: Zarude\n|-immune|p1a: Zarude\n|\n|-damage|p2a: Exeggutor|157/314 tox|[from] psn\n|upkeep\n|-enditem|p2a: Exeggutor|Sitrus Berry|[eat]\n|-heal|p2a: Exeggutor|235/314 tox|[from] item: Sitrus Berry\n|turn|66\n|\n|t:|1782899883\n|switch|p2a: Dipplin|Dipplin, L88, M|284/284\n|move|p1a: Zarude|Knock Off|p2a: Dipplin\n|-damage|p2a: Dipplin|202/284\n|-activate|p2a: Dipplin|ability: Sticky Hold\n|\n|upkeep\n|turn|67\n|\n|t:|1782899887\n|move|p1a: Zarude|Knock Off|p2a: Dipplin\n|-damage|p2a: Dipplin|120/284\n|-activate|p2a: Dipplin|ability: Sticky Hold\n|move|p2a: Dipplin|Giga Drain|p1a: Zarude\n|-resisted|p1a: Zarude\n|-damage|p1a: Zarude|138/288\n|-heal|p2a: Dipplin|141/284|[from] drain|[of] p1a: Zarude\n|\n|upkeep\n|turn|68\n|\n|t:|1782899890\n|move|p1a: Zarude|Knock Off|p2a: Dipplin\n|-damage|p2a: Dipplin|51/284\n|-activate|p2a: Dipplin|ability: Sticky Hold\n|move|p2a: Dipplin|Recover|p2a: Dipplin\n|-heal|p2a: Dipplin|193/284\n|\n|upkeep\n|turn|69\n|\n|t:|1782899892\n|switch|p1a: Clodsire|Clodsire, L81, M|343/343\n|move|p2a: Dipplin|Giga Drain|p1a: Clodsire\n|-damage|p1a: Clodsire|261/343\n|-heal|p2a: Dipplin|234/284|[from] drain|[of] p1a: Clodsire\n|\n|-heal|p1a: Clodsire|282/343|[from] item: Leftovers\n|upkeep\n|turn|70\n|\n|t:|1782899894\n|switch|p2a: Exeggutor|Exeggutor, L89, M|235/314 tox\n|move|p1a: Clodsire|Toxic|p2a: Exeggutor\n|-fail|p2a: Exeggutor|tox\n|\n|-heal|p1a: Clodsire|303/343|[from] item: Leftovers\n|-damage|p2a: Exeggutor|216/314 tox|[from] psn\n|-item|p2a: Exeggutor|Sitrus Berry|[from] ability: Harvest\n|upkeep\n|turn|71\n|\n|t:|1782899896\n|switch|p1a: Zarude|Zarude-Dada, L77|138/288\n|move|p2a: Exeggutor|Sleep Powder|p1a: Zarude\n|-immune|p1a: Zarude\n|\n|-damage|p2a: Exeggutor|178/314 tox|[from] psn\n|upkeep\n|turn|72\n|\n|t:|1782899899\n|switch|p2a: Dipplin|Dipplin, L88, M|234/284\n|move|p1a: Zarude|Knock Off|p2a: Dipplin\n|-damage|p2a: Dipplin|149/284\n|-activate|p2a: Dipplin|ability: Sticky Hold\n|\n|upkeep\n|turn|73\n|\n|t:|1782899901\n|move|p1a: Zarude|Knock Off|p2a: Dipplin\n|-damage|p2a: Dipplin|71/284\n|-activate|p2a: Dipplin|ability: Sticky Hold\n|move|p2a: Dipplin|Recover|p2a: Dipplin\n|-heal|p2a: Dipplin|213/284\n|\n|upkeep\n|turn|74\n|\n|t:|1782899904\n|move|p1a: Zarude|Knock Off|p2a: Dipplin\n|-damage|p2a: Dipplin|129/284\n|-activate|p2a: Dipplin|ability: Sticky Hold\n|move|p2a: Dipplin|Dragon Pulse|p1a: Zarude\n|-crit|p1a: Zarude\n|-damage|p1a: Zarude|0 fnt\n|faint|p1a: Zarude\n|\n|upkeep\n|\n|t:|1782899905\n|switch|p1a: Clodsire|Clodsire, L81, M|303/343\n|turn|75\n|\n|t:|1782899912\n|switch|p2a: Exeggutor|Exeggutor, L89, M|178/314 tox\n|move|p1a: Clodsire|Toxic|p2a: Exeggutor\n|-fail|p2a: Exeggutor|tox\n|\n|-heal|p1a: Clodsire|324/343|[from] item: Leftovers\n|-damage|p2a: Exeggutor|159/314 tox|[from] psn\n|upkeep\n|turn|76\n|\n|t:|1782899916\n|move|p2a: Exeggutor|Sleep Powder|p1a: Clodsire\n|-status|p1a: Clodsire|slp|[from] move: Sleep Powder\n|cant|p1a: Clodsire|slp\n|\n|-heal|p1a: Clodsire|343/343 slp|[from] item: Leftovers\n|-damage|p2a: Exeggutor|121/314 tox|[from] psn\n|upkeep\n|-enditem|p2a: Exeggutor|Sitrus Berry|[eat]\n|-heal|p2a: Exeggutor|199/314 tox|[from] item: Sitrus Berry\n|turn|77\n|\n|t:|1782899921\n|-terastallize|p1a: Clodsire|Flying\n|move|p2a: Exeggutor|Psychic|p1a: Clodsire\n|-damage|p1a: Clodsire|228/343 slp\n|cant|p1a: Clodsire|slp\n|\n|-heal|p1a: Clodsire|249/343 slp|[from] item: Leftovers\n|-damage|p2a: Exeggutor|142/314 tox|[from] psn\n|upkeep\n|turn|78\n|\n|t:|1782899925\n|switch|p2a: Dipplin|Dipplin, L88, M|129/284\n|-curestatus|p1a: Clodsire|slp|[msg]\n|move|p1a: Clodsire|Recover|p1a: Clodsire\n|-heal|p1a: Clodsire|343/343\n|\n|upkeep\n|turn|79\n|\n|t:|1782899930\n|-terastallize|p2a: Dipplin|Steel\n|move|p2a: Dipplin|Recover|p2a: Dipplin\n|-heal|p2a: Dipplin|271/284\n|move|p1a: Clodsire|Toxic|p2a: Dipplin\n|-immune|p2a: Dipplin\n|\n|upkeep\n|turn|80\n|\n|t:|1782899934\n|switch|p2a: Exeggutor|Exeggutor, L89, M|142/314 tox\n|move|p1a: Clodsire|Earthquake|p2a: Exeggutor\n|-resisted|p2a: Exeggutor\n|-damage|p2a: Exeggutor|106/314 tox\n|\n|-damage|p2a: Exeggutor|87/314 tox|[from] psn\n|upkeep\n|turn|81\n|\n|t:|1782899937\n|move|p2a: Exeggutor|Sleep Powder|p1a: Clodsire\n|-status|p1a: Clodsire|slp|[from] move: Sleep Powder\n|cant|p1a: Clodsire|slp\n|\n|-damage|p2a: Exeggutor|49/314 tox|[from] psn\n|upkeep\n|turn|82\n|\n|t:|1782899939\n|switch|p2a: Dipplin|Dipplin, L88, M, tera:Steel|271/284\n|cant|p1a: Clodsire|slp\n|\n|upkeep\n|turn|83\n|\n|t:|1782899941\n|switch|p2a: Exeggutor|Exeggutor, L89, M|49/314 tox\n|cant|p1a: Clodsire|slp\n|\n|-damage|p2a: Exeggutor|30/314 tox|[from] psn\n|-item|p2a: Exeggutor|Sitrus Berry|[from] ability: Harvest\n|upkeep\n|-enditem|p2a: Exeggutor|Sitrus Berry|[eat]\n|-heal|p2a: Exeggutor|108/314 tox|[from] item: Sitrus Berry\n|turn|84\n|\n|t:|1782899945\n|switch|p2a: Dipplin|Dipplin, L88, M, tera:Steel|271/284\n|-curestatus|p1a: Clodsire|slp|[msg]\n|move|p1a: Clodsire|Spikes|p2a: Dipplin\n|-sidestart|p2: forcemajor14|Spikes\n|\n|upkeep\n|turn|85\n|\n|t:|1782899949\n|move|p2a: Dipplin|Dragon Pulse|p1a: Clodsire\n|-damage|p1a: Clodsire|246/343\n|move|p1a: Clodsire|Earthquake|p2a: Dipplin\n|-supereffective|p2a: Dipplin\n|-damage|p2a: Dipplin|187/284\n|\n|-heal|p1a: Clodsire|267/343|[from] item: Leftovers\n|upkeep\n|turn|86\n|\n|t:|1782899953\n|move|p2a: Dipplin|Recover|p2a: Dipplin\n|-heal|p2a: Dipplin|284/284\n|move|p1a: Clodsire|Earthquake|p2a: Dipplin\n|-supereffective|p2a: Dipplin\n|-damage|p2a: Dipplin|200/284\n|\n|-heal|p1a: Clodsire|288/343|[from] item: Leftovers\n|upkeep\n|turn|87\n|\n|t:|1782899955\n|move|p2a: Dipplin|Dragon Pulse|p1a: Clodsire\n|-damage|p1a: Clodsire|195/343\n|move|p1a: Clodsire|Spikes|p2a: Dipplin\n|-sidestart|p2: forcemajor14|Spikes\n|\n|-heal|p1a: Clodsire|216/343|[from] item: Leftovers\n|upkeep\n|turn|88\n|\n|t:|1782899960\n|move|p2a: Dipplin|Dragon Pulse|p1a: Clodsire\n|-damage|p1a: Clodsire|120/343\n|move|p1a: Clodsire|Recover|p1a: Clodsire\n|-heal|p1a: Clodsire|292/343\n|\n|-heal|p1a: Clodsire|313/343|[from] item: Leftovers\n|upkeep\n|turn|89\n|\n|t:|1782899963\n|move|p2a: Dipplin|Dragon Pulse|p1a: Clodsire\n|-damage|p1a: Clodsire|219/343\n|move|p1a: Clodsire|Earthquake|p2a: Dipplin\n|-supereffective|p2a: Dipplin\n|-damage|p2a: Dipplin|108/284\n|\n|-heal|p1a: Clodsire|240/343|[from] item: Leftovers\n|upkeep\n|turn|90\n|\n|t:|1782899965\n|move|p2a: Dipplin|Recover|p2a: Dipplin\n|-heal|p2a: Dipplin|250/284\n|move|p1a: Clodsire|Earthquake|p2a: Dipplin\n|-supereffective|p2a: Dipplin\n|-damage|p2a: Dipplin|164/284\n|\n|-heal|p1a: Clodsire|261/343|[from] item: Leftovers\n|upkeep\n|turn|91\n|\n|t:|1782899968\n|move|p2a: Dipplin|Recover|p2a: Dipplin\n|-heal|p2a: Dipplin|284/284\n|move|p1a: Clodsire|Earthquake|p2a: Dipplin\n|-supereffective|p2a: Dipplin\n|-damage|p2a: Dipplin|188/284\n|\n|-heal|p1a: Clodsire|282/343|[from] item: Leftovers\n|upkeep\n|turn|92\n|\n|t:|1782899970\n|move|p2a: Dipplin|Recover|p2a: Dipplin\n|-heal|p2a: Dipplin|284/284\n|move|p1a: Clodsire|Earthquake|p2a: Dipplin\n|-supereffective|p2a: Dipplin\n|-damage|p2a: Dipplin|200/284\n|\n|-heal|p1a: Clodsire|303/343|[from] item: Leftovers\n|upkeep\n|turn|93\n|\n|t:|1782899974\n|move|p2a: Dipplin|Dragon Pulse|p1a: Clodsire\n|-damage|p1a: Clodsire|207/343\n|move|p1a: Clodsire|Earthquake|p2a: Dipplin\n|-supereffective|p2a: Dipplin\n|-damage|p2a: Dipplin|114/284\n|\n|-heal|p1a: Clodsire|228/343|[from] item: Leftovers\n|upkeep\n|turn|94\n|\n|t:|1782899978\n|move|p2a: Dipplin|Recover|p2a: Dipplin\n|-heal|p2a: Dipplin|256/284\n|move|p1a: Clodsire|Earthquake|p2a: Dipplin\n|-supereffective|p2a: Dipplin\n|-damage|p2a: Dipplin|160/284\n|\n|-heal|p1a: Clodsire|249/343|[from] item: Leftovers\n|upkeep\n|turn|95\n|\n|t:|1782899984\n|move|p2a: Dipplin|Dragon Pulse|p1a: Clodsire\n|-damage|p1a: Clodsire|152/343\n|move|p1a: Clodsire|Earthquake|p2a: Dipplin\n|-supereffective|p2a: Dipplin\n|-damage|p2a: Dipplin|76/284\n|\n|-heal|p1a: Clodsire|173/343|[from] item: Leftovers\n|upkeep\n|turn|96\n|\n|t:|1782899987\n|switch|p2a: Exeggutor|Exeggutor, L89, M|108/314 tox\n|-damage|p2a: Exeggutor|56/314 tox|[from] Spikes\n|move|p1a: Clodsire|Earthquake|p2a: Exeggutor\n|-resisted|p2a: Exeggutor\n|-damage|p2a: Exeggutor|13/314 tox\n|\n|-heal|p1a: Clodsire|194/343|[from] item: Leftovers\n|-damage|p2a: Exeggutor|0 fnt|[from] psn\n|faint|p2a: Exeggutor\n|upkeep\n|\n|t:|1782899989\n|switch|p2a: Dipplin|Dipplin, L88, M, tera:Steel|76/284\n|-damage|p2a: Dipplin|29/284|[from] Spikes\n|turn|97\n|\n|t:|1782899991\n|move|p2a: Dipplin|Giga Drain|p1a: Clodsire\n|-resisted|p1a: Clodsire\n|-damage|p1a: Clodsire|152/343\n|-heal|p2a: Dipplin|50/284|[from] drain|[of] p1a: Clodsire\n|move|p1a: Clodsire|Earthquake|p2a: Dipplin\n|-supereffective|p2a: Dipplin\n|-damage|p2a: Dipplin|0 fnt\n|faint|p2a: Dipplin\n|\n|win|botbeater6767\n|raw|botbeater6767's rating: 2225 &rarr; <strong>2247</strong><br />(+22 for winning)\n|raw|forcemajor14's rating: 2257 &rarr; <strong>2235</strong><br />(-22 for losing)\n|c|\u2606botbeater6767|gg\n", "inputlog": ">version f8ac14003a5f27e1bdc8d8c59608a773c1cb96e5\n>start {\"formatid\":\"gen9randombattle\",\"seed\":\"sodium,e27bab0075ba97eac5105d961c5505d9\",\"rated\":\"Rated battle\"}\n>player p1 {\"name\":\"botbeater6767\",\"avatar\":\"265\",\"rating\":2225,\"seed\":\"sodium,ce2bda377903c9ed3258249dbdfa44ac\"}\n>player p2 {\"name\":\"forcemajor14\",\"avatar\":\"266\",\"rating\":2254,\"seed\":\"sodium,bce48a6846b8d50403716e72fa733fc7\"}\n>chat \u2606botbeater6767|hf\n>p1 move bravebird\n>p2 move spore\n>p1 move bravebird\n>p2 move stickyweb\n>p1 move defog\n>p2 move stealthrock\n>p1 move defog\n>p2 move spore\n>p1 move bravebird\n>p2 move stickyweb\n>p1 move defog\n>p2 move spore\n>p1 move defog\n>p2 move stealthrock\n>p1 move bravebird\n>p2 move spore\n>p1 move defog\n>p2 move stickyweb\n>p1 move defog\n>p2 move stealthrock\n>p1 move defog\n>p2 move ceaselessedge\n>p1 move bravebird\n>p2 move spore\n>p1 move bravebird\n>p2 move stickyweb\n>p1 move defog\n>p2 move stealthrock\n>p1 move bravebird\n>p2 move spore\n>p1 move bravebird\n>p2 move stickyweb\n>p1 move defog\n>p2 move stealthrock\n>p1 move bravebird\n>p2 move spore\n>p1 move defog\n>p2 move stickyweb\n>p1 move defog\n>p2 move stealthrock\n>p1 move defog\n>p2 move ceaselessedge\n>p1 move bravebird\n>p2 move spore\n>p1 move defog\n>p2 move stickyweb\n>p1 move bravebird\n>p2 move spore\n>p1 move defog\n>p2 move stickyweb\n>p1 move bravebird\n>p2 move spore\n>p1 move defog\n>p2 move stickyweb\n>p1 move defog\n>p2 move stealthrock\n>p1 move defog\n>p2 move ceaselessedge\n>p1 move bravebird\n>p2 move spore\n>p1 move bravebird\n>p2 move stickyweb\n>p1 move defog\n>p2 move stealthrock\n>p1 move defog\n>p2 move ceaselessedge\n>p1 move bravebird\n>p2 move spore\n>p1 move defog\n>p2 move stickyweb\n>p1 move defog\n>p2 move stealthrock\n>p1 move defog\n>p2 move ceaselessedge\n>p1 move bravebird\n>p2 move spore\n>p1 move bravebird\n>p2 move stickyweb\n>p1 move defog\n>p2 move stealthrock\n>p1 move defog\n>p2 move ceaselessedge\n>p1 move bravebird\n>p2 move stickyweb\n>p2 switch 5\n>p1 move defog\n>p2 move flareblitz\n>p1 switch 3\n>p2 move flareblitz\n>p1 move facade\n>p2 switch 4\n>p1 switch 6\n>p2 move earthquake\n>p1 move earthquake\n>p2 switch 3\n>p1 switch 2\n>p2 move sleeppowder\n>p1 move knockoff\n>p2 switch 4\n>p1 switch 2\n>p2 move closecombat\n>p1 move slackoff\n>p2 switch 4\n>p1 switch 2\n>p2 move sleeppowder\n>p1 move knockoff\n>p2 switch 4\n>p1 switch 2\n>p2 move closecombat\n>p1 move slackoff\n>p2 move closecombat\n>p1 move slackoff\n>p2 switch 4\n>p1 switch 2\n>p2 move gigadrain\n>p1 move knockoff\n>p2 switch 4\n>p2 switch 2\n>p1 move knockoff\n>p2 move swordsdance\n>p1 switch 3\n>p2 move facade\n>p1 switch 6\n>p1 move flareblitz\n>p2 switch 3\n>p2 switch 3\n>p1 move facade\n>p2 move facade\n>p2 switch 6\n>p1 switch 5\n>p2 move suckerpunch\n>p1 move toxic\n>p2 switch 4\n>p1 switch 3\n>p2 move sleeppowder\n>p1 move knockoff\n>p2 switch 4\n>p1 move knockoff\n>p2 move gigadrain\n>p1 move knockoff\n>p2 move recover\n>p1 switch 3\n>p2 move gigadrain\n>p1 move toxic\n>p2 switch 4\n>p1 switch 3\n>p2 move sleeppowder\n>p1 move knockoff\n>p2 switch 4\n>p1 move knockoff\n>p2 move recover\n>p1 move knockoff\n>p2 move dragonpulse\n>p1 switch 3\n>p1 move toxic\n>p2 switch 4\n>p1 move recover\n>p2 move sleeppowder\n>p1 move recover terastallize\n>p2 move psychic\n>p1 move recover\n>p2 switch 4\n>p1 move toxic\n>p2 move recover terastallize\n>p1 move earthquake\n>p2 switch 4\n>p1 move spikes\n>p2 move sleeppowder\n>p1 move recover\n>p2 switch 4\n>p1 move spikes\n>p2 switch 4\n>p1 move spikes\n>p2 switch 4\n>p1 move earthquake\n>p2 move dragonpulse\n>p1 move earthquake\n>p2 move recover\n>p1 move spikes\n>p2 move dragonpulse\n>p1 move recover\n>p2 move dragonpulse\n>p1 move earthquake\n>p2 move dragonpulse\n>p1 move earthquake\n>p2 move recover\n>p1 move earthquake\n>p2 move recover\n>p1 move earthquake\n>p2 move recover\n>p1 move earthquake\n>p2 move dragonpulse\n>p1 move earthquake\n>p2 move recover\n>p1 move earthquake\n>p2 move dragonpulse\n>p1 move earthquake\n>p2 switch 4\n>p2 switch 4\n>p1 move earthquake\n>p2 move gigadrain", "uploadtime": 1782899992, "views": 2, "formatid": "gen9randombattle", "rating": 2235, "private": 0, "password": null, "player_dets": [{"name": "botbeater6767", "avatar": "265", "rating": 2225, "seed": "sodium,ce2bda377903c9ed3258249dbdfa44ac"}, {"name": "forcemajor14", "avatar": "266", "rating": 2254, "seed": "sodium,bce48a6846b8d50403716e72fa733fc7"}], "teams_full": [{"Corviknight": {"name": "Corviknight", "species": "Corviknight", "speciesId": "corviknight", "gender": "F", "shiny": false, "level": 80, "moves": ["bravebird", "uturn", "defog", "roost"], "ability": "Mirror Armor", "evs": {"hp": 85, "atk": 85, "def": 85, "spa": 85, "spd": 85, "spe": 85}, "ivs": {"hp": 31, "atk": 31, "def": 31, "spa": 31, "spd": 31, "spe": 31}, "item": "Leftovers", "teraType": "Dragon", "role": "Bulky Support", "bvs": {"hp": 98, "atk": 87, "def": 105, "spa": 53, "spd": 85, "spe": 67}, "stats": {"hp": 288, "atk": 185, "def": 214, "spa": 131, "spd": 182, "spe": 153}, "types": ["Flying", "Steel"]}, "Zarude": {"name": "Zarude", "species": "Zarude-Dada", "speciesId": "zarude", "gender": "N", "shiny": false, "level": 77, "moves": ["uturn", "powerwhip", "knockoff", "closecombat"], "ability": "Leaf Guard", "evs": {"hp": 85, "atk": 85, "def": 85, "spa": 85, "spd": 85, "spe": 85}, "ivs": {"hp": 31, "atk": 31, "def": 31, "spa": 31, "spd": 31, "spe": 31}, "item": "Choice Band", "teraType": "Fighting", "role": "Fast Attacker", "bvs": {"hp": 105, "atk": 120, "def": 105, "spa": 70, "spd": 95, "spe": 105}, "stats": {"hp": 288, "atk": 229, "def": 206, "spa": 152, "spd": 191, "spe": 206}, "types": ["Dark", "Grass"]}, "Flareon": {"name": "Flareon", "species": "Flareon", "speciesId": "flareon", "gender": "F", "shiny": false, "level": 90, "moves": ["trailblaze", "quickattack", "facade", "flareblitz"], "ability": "Guts", "evs": {"hp": 85, "atk": 85, "def": 85, "spa": 85, "spd": 85, "spe": 85}, "ivs": {"hp": 31, "atk": 31, "def": 31, "spa": 31, "spd": 31, "spe": 31}, "item": "Toxic Orb", "teraType": "Normal", "role": "Setup Sweeper", "bvs": {"hp": 65, "atk": 130, "def": 60, "spa": 95, "spd": 110, "spe": 65}, "stats": {"hp": 263, "atk": 285, "def": 159, "spa": 222, "spd": 249, "spe": 168}, "types": ["Fire"]}, "Persian": {"name": "Persian", "species": "Persian", "speciesId": "persian", "gender": "F", "shiny": false, "level": 92, "moves": ["doubleedge", "fakeout", "uturn", "knockoff"], "ability": "Technician", "evs": {"hp": 85, "atk": 85, "def": 85, "spa": 85, "spd": 85, "spe": 85}, "ivs": {"hp": 31, "atk": 31, "def": 31, "spa": 31, "spd": 31, "spe": 31}, "item": "Silk Scarf", "teraType": "Normal", "role": "Fast Attacker", "bvs": {"hp": 65, "atk": 70, "def": 60, "spa": 65, "spd": 65, "spe": 115}, "stats": {"hp": 269, "atk": 181, "def": 163, "spa": 172, "spd": 172, "spe": 264}, "types": ["Normal"]}, "Clodsire": {"name": "Clodsire", "species": "Clodsire", "speciesId": "clodsire", "gender": "M", "shiny": false, "level": 81, "moves": ["toxic", "spikes", "earthquake", "recover"], "ability": "Water Absorb", "evs": {"hp": 85, "atk": 85, "def": 85, "spa": 85, "spd": 85, "spe": 85}, "ivs": {"hp": 31, "atk": 31, "def": 31, "spa": 31, "spd": 31, "spe": 31}, "item": "Leftovers", "teraType": "Flying", "role": "Bulky Support", "bvs": {"hp": 130, "atk": 75, "def": 60, "spa": 45, "spd": 100, "spe": 20}, "stats": {"hp": 343, "atk": 168, "def": 144, "spa": 120, "spd": 209, "spe": 79}, "types": ["Poison", "Ground"]}, "Hippowdon": {"name": "Hippowdon", "species": "Hippowdon", "speciesId": "hippowdon", "gender": "M", "shiny": false, "level": 82, "moves": ["curse", "stoneedge", "slackoff", "earthquake"], "ability": "Sand Stream", "evs": {"hp": 85, "atk": 85, "def": 85, "spa": 85, "spd": 85, "spe": 85}, "ivs": {"hp": 31, "atk": 31, "def": 31, "spa": 31, "spd": 31, "spe": 31}, "item": "Leftovers", "teraType": "Rock", "role": "Bulky Setup", "bvs": {"hp": 108, "atk": 112, "def": 118, "spa": 68, "spd": 72, "spe": 47}, "stats": {"hp": 311, "atk": 231, "def": 241, "spa": 159, "spd": 165, "spe": 124}, "types": ["Ground"]}}, {"Smeargle": {"name": "Smeargle", "species": "Smeargle", "speciesId": "smeargle", "gender": "F", "shiny": false, "level": 95, "moves": ["stealthrock", "stickyweb", "ceaselessedge", "spore"], "ability": "Own Tempo", "evs": {"hp": 85, "atk": 85, "def": 85, "spa": 85, "spd": 85, "spe": 85}, "ivs": {"hp": 31, "atk": 31, "def": 31, "spa": 31, "spd": 31, "spe": 31}, "item": "Focus Sash", "teraType": "Ghost", "role": "Fast Support", "bvs": {"hp": 55, "atk": 20, "def": 35, "spa": 20, "spd": 45, "spe": 75}, "stats": {"hp": 258, "atk": 92, "def": 120, "spa": 92, "spd": 139, "spe": 196}, "types": ["Normal"]}, "Ursaring": {"name": "Ursaring", "species": "Ursaring", "speciesId": "ursaring", "gender": "M", "shiny": false, "level": 84, "moves": ["swordsdance", "closecombat", "throatchop", "facade"], "ability": "Quick Feet", "evs": {"hp": 85, "atk": 85, "def": 85, "spa": 85, "spd": 85, "spe": 85}, "ivs": {"hp": 31, "atk": 31, "def": 31, "spa": 31, "spd": 31, "spe": 31}, "item": "Toxic Orb", "teraType": "Normal", "role": "Setup Sweeper", "bvs": {"hp": 90, "atk": 130, "def": 75, "spa": 75, "spd": 75, "spe": 55}, "stats": {"hp": 288, "atk": 267, "def": 174, "spa": 174, "spd": 174, "spe": 141}, "types": ["Normal"]}, "Exeggutor": {"name": "Exeggutor", "species": "Exeggutor", "speciesId": "exeggutor", "gender": "M", "shiny": false, "level": 89, "moves": ["gigadrain", "calmmind", "sleeppowder", "psychic"], "ability": "Harvest", "evs": {"hp": 85, "atk": 0, "def": 85, "spa": 85, "spd": 85, "spe": 85}, "ivs": {"hp": 31, "atk": 0, "def": 31, "spa": 31, "spd": 31, "spe": 31}, "item": "Sitrus Berry", "teraType": "Steel", "role": "Bulky Setup", "bvs": {"hp": 95, "atk": 95, "def": 85, "spa": 125, "spd": 75, "spe": 55}, "stats": {"hp": 314, "atk": 174, "def": 202, "spa": 273, "spd": 184, "spe": 149}, "types": ["Grass", "Psychic"]}, "Iron Treads": {"name": "Iron Treads", "species": "Iron Treads", "speciesId": "irontreads", "gender": "N", "shiny": false, "level": 77, "moves": ["voltswitch", "earthquake", "rapidspin", "ironhead"], "ability": "Quark Drive", "evs": {"hp": 85, "atk": 85, "def": 85, "spa": 85, "spd": 85, "spe": 85}, "ivs": {"hp": 31, "atk": 31, "def": 31, "spa": 31, "spd": 31, "spe": 31}, "item": "Assault Vest", "teraType": "Water", "role": "Bulky Support", "bvs": {"hp": 90, "atk": 112, "def": 120, "spa": 72, "spd": 70, "spe": 106}, "stats": {"hp": 265, "atk": 217, "def": 229, "spa": 155, "spd": 152, "spe": 208}, "types": ["Ground", "Steel"]}, "Tauros": {"name": "Tauros", "species": "Tauros-Paldea-Blaze", "speciesId": "taurospaldeablaze", "gender": "M", "shiny": false, "level": 81, "moves": ["flareblitz", "closecombat", "wildcharge", "stoneedge"], "ability": "Intimidate", "evs": {"hp": 85, "atk": 85, "def": 85, "spa": 85, "spd": 85, "spe": 85}, "ivs": {"hp": 31, "atk": 31, "def": 31, "spa": 31, "spd": 31, "spe": 31}, "item": "Choice Band", "teraType": "Fighting", "role": "Wallbreaker", "bvs": {"hp": 75, "atk": 110, "def": 105, "spa": 30, "spd": 70, "spe": 100}, "stats": {"hp": 254, "atk": 225, "def": 217, "spa": 95, "spd": 160, "spe": 209}, "types": ["Fighting", "Fire"]}, "Dipplin": {"name": "Dipplin", "species": "Dipplin", "speciesId": "dipplin", "gender": "M", "shiny": false, "level": 88, "moves": ["gigadrain", "dragonpulse", "recover", "suckerpunch"], "ability": "Sticky Hold", "evs": {"hp": 85, "atk": 85, "def": 85, "spa": 85, "spd": 85, "spe": 85}, "ivs": {"hp": 31, "atk": 31, "def": 31, "spa": 31, "spd": 31, "spe": 31}, "item": "Eviolite", "teraType": "Steel", "role": "Bulky Attacker", "bvs": {"hp": 80, "atk": 80, "def": 110, "spa": 95, "spd": 80, "spe": 40}, "stats": {"hp": 284, "atk": 191, "def": 244, "spa": 217, "spd": 191, "spe": 121}, "types": ["Grass", "Dragon"]}}]}