{"id": "gen9randombattle-2642099280", "format": "[Gen 9] Random Battle", "players": ["erobbbrittdivorce", "jnpr010334"], "log": "|j|\u2606erobbbrittdivorce\n|j|\u2606jnpr010334\n|t:|1782889722\n|gametype|singles\n|player|p1|erobbbrittdivorce|102|1937\n|player|p2|jnpr010334|265|1978\n|gen|9\n|tier|[Gen 9] Random Battle\n|rated|\n|rule|Species Clause: Limit one of each Pok\u00e9mon\n|rule|HP Percentage Mod: HP is shown in percentages\n|rule|Sleep Clause Mod: Limit one foe put to sleep\n|rule|Illusion Level Mod: Illusion disguises the Pok\u00e9mon's true level\n|\n|t:|1782889722\n|teamsize|p1|6\n|teamsize|p2|6\n|start\n|switch|p1a: Clawitzer|Clawitzer, L87, F|265/265\n|switch|p2a: Frosmoth|Frosmoth, L82, F|249/249\n|turn|1\n|inactive|Battle timer is ON: inactive players will automatically lose when time's up. (requested by erobbbrittdivorce)\n|\n|t:|1782889728\n|move|p2a: Frosmoth|Quiver Dance|p2a: Frosmoth\n|-boost|p2a: Frosmoth|spa|1\n|-boost|p2a: Frosmoth|spd|1\n|-boost|p2a: Frosmoth|spe|1\n|move|p1a: Clawitzer|Water Pulse|p2a: Frosmoth\n|-damage|p2a: Frosmoth|184/249\n|\n|upkeep\n|turn|2\n|inactive|jnpr010334 also wants the timer to be on.\n|\n|t:|1782889732\n|switch|p1a: Heatran|Heatran, L79, M|273/273\n|-item|p1a: Heatran|Air Balloon\n|move|p2a: Frosmoth|Quiver Dance|p2a: Frosmoth\n|-boost|p2a: Frosmoth|spa|1\n|-boost|p2a: Frosmoth|spd|1\n|-boost|p2a: Frosmoth|spe|1\n|\n|upkeep\n|turn|3\n|\n|t:|1782889736\n|-terastallize|p2a: Frosmoth|Water\n|move|p2a: Frosmoth|Quiver Dance|p2a: Frosmoth\n|-boost|p2a: Frosmoth|spa|1\n|-boost|p2a: Frosmoth|spd|1\n|-boost|p2a: Frosmoth|spe|1\n|move|p1a: Heatran|Heavy Slam|p2a: Frosmoth\n|-resisted|p2a: Frosmoth\n|-damage|p2a: Frosmoth|109/249\n|\n|upkeep\n|turn|4\n|\n|t:|1782889750\n|move|p2a: Frosmoth|Hurricane|p1a: Heatran|[miss]\n|-miss|p2a: Frosmoth|p1a: Heatran\n|move|p1a: Heatran|Heavy Slam|p2a: Frosmoth\n|-resisted|p2a: Frosmoth\n|-damage|p2a: Frosmoth|37/249\n|\n|upkeep\n|turn|5\n|\n|t:|1782889754\n|move|p2a: Frosmoth|Hurricane|p1a: Heatran\n|-resisted|p1a: Heatran\n|-damage|p1a: Heatran|162/273\n|-enditem|p1a: Heatran|Air Balloon\n|move|p1a: Heatran|Heavy Slam|p2a: Frosmoth\n|-resisted|p2a: Frosmoth\n|-damage|p2a: Frosmoth|0 fnt\n|faint|p2a: Frosmoth\n|\n|upkeep\n|\n|t:|1782889755\n|switch|p2a: Blastoise|Blastoise, L80, F|258/258\n|turn|6\n|\n|t:|1782889766\n|move|p2a: Blastoise|Shell Smash|p2a: Blastoise\n|-unboost|p2a: Blastoise|def|1\n|-unboost|p2a: Blastoise|spd|1\n|-boost|p2a: Blastoise|atk|2\n|-boost|p2a: Blastoise|spa|2\n|-boost|p2a: Blastoise|spe|2\n|-enditem|p2a: Blastoise|White Herb\n|-clearnegativeboost|p2a: Blastoise|[silent]\n|move|p1a: Heatran|Magma Storm|p2a: Blastoise\n|-resisted|p2a: Blastoise\n|-damage|p2a: Blastoise|207/258\n|-activate|p2a: Blastoise|move: Magma Storm|[of] p1a: Heatran\n|\n|-damage|p2a: Blastoise|175/258|[from] move: Magma Storm|[partiallytrapped]\n|upkeep\n|turn|7\n|\n|t:|1782889770\n|move|p2a: Blastoise|Hydro Pump|p1a: Heatran\n|-supereffective|p1a: Heatran\n|-damage|p1a: Heatran|0 fnt\n|faint|p1a: Heatran\n|\n|-end|p2a: Blastoise|Magma Storm|[partiallytrapped]|[silent]\n|upkeep\n|\n|t:|1782889779\n|switch|p1a: Goodra|Goodra, L85, M|292/292\n|turn|8\n|\n|t:|1782889798\n|-terastallize|p1a: Goodra|Grass\n|move|p2a: Blastoise|Ice Beam|p1a: Goodra\n|-supereffective|p1a: Goodra\n|-damage|p1a: Goodra|194/292\n|move|p1a: Goodra|Power Whip|p2a: Blastoise\n|-supereffective|p2a: Blastoise\n|-damage|p2a: Blastoise|0 fnt\n|faint|p2a: Blastoise\n|\n|upkeep\n|\n|t:|1782889800\n|switch|p2a: Amoonguss|Amoonguss, L82, M|321/321\n|turn|9\n|\n|t:|1782889814\n|move|p1a: Goodra|Draco Meteor|p2a: Amoonguss|[miss]\n|-miss|p1a: Goodra|p2a: Amoonguss\n|move|p2a: Amoonguss|Sludge Bomb|p1a: Goodra\n|-supereffective|p1a: Goodra\n|-damage|p1a: Goodra|128/292\n|-status|p1a: Goodra|psn\n|\n|-damage|p1a: Goodra|92/292 psn|[from] psn\n|upkeep\n|turn|10\n|\n|t:|1782889820\n|switch|p1a: Gouging Fire|Gouging Fire, L74|277/277\n|switch|p2a: Umbreon|Umbreon, L84, F|297/297\n|\n|upkeep\n|turn|11\n|\n|t:|1782889832\n|-end|p1a: Gouging Fire|Protosynthesis|[silent]\n|switch|p1a: Clawitzer|Clawitzer, L87, F|265/265\n|move|p2a: Umbreon|Toxic|p1a: Clawitzer|[miss]\n|-miss|p2a: Umbreon|p1a: Clawitzer\n|\n|upkeep\n|turn|12\n|\n|t:|1782889840\n|switch|p2a: Amoonguss|Amoonguss, L82, M|321/321\n|move|p1a: Clawitzer|Water Pulse|p2a: Amoonguss\n|-resisted|p2a: Amoonguss\n|-damage|p2a: Amoonguss|228/321\n|-start|p2a: Amoonguss|confusion\n|\n|-heal|p2a: Amoonguss|248/321|[from] item: Leftovers\n|upkeep\n|turn|13\n|\n|t:|1782889846\n|switch|p1a: Goodra|Goodra, L85, M, tera:Grass|92/292 psn\n|-activate|p2a: Amoonguss|confusion\n|-damage|p2a: Amoonguss|220/321|[from] confusion\n|\n|-heal|p2a: Amoonguss|240/321|[from] item: Leftovers\n|-damage|p1a: Goodra|56/292 psn|[from] psn\n|upkeep\n|turn|14\n|\n|t:|1782889849\n|switch|p2a: Umbreon|Umbreon, L84, F|297/297\n|move|p1a: Goodra|Draco Meteor|p2a: Umbreon\n|-damage|p2a: Umbreon|179/297\n|-unboost|p1a: Goodra|spa|2\n|\n|-heal|p2a: Umbreon|197/297|[from] item: Leftovers\n|-damage|p1a: Goodra|20/292 psn|[from] psn\n|upkeep\n|turn|15\n|\n|t:|1782889855\n|switch|p1a: Suicune|Suicune, L82|298/298\n|-ability|p1a: Suicune|Pressure\n|move|p2a: Umbreon|Wish|p2a: Umbreon\n|\n|-heal|p2a: Umbreon|215/297|[from] item: Leftovers\n|upkeep\n|turn|16\n|\n|t:|1782889858\n|move|p1a: Suicune|Substitute|p1a: Suicune\n|-start|p1a: Suicune|Substitute\n|-damage|p1a: Suicune|224/298\n|move|p2a: Umbreon|Toxic||[still]\n|-fail|p2a: Umbreon\n|\n|-heal|p2a: Umbreon|297/297|[from] move: Wish|[wisher] Umbreon\n|-heal|p1a: Suicune|242/298|[from] item: Leftovers\n|upkeep\n|turn|17\n|\n|t:|1782889863\n|switch|p2a: Amoonguss|Amoonguss, L82, M|321/321\n|move|p1a: Suicune|Calm Mind|p1a: Suicune\n|-boost|p1a: Suicune|spa|1\n|-boost|p1a: Suicune|spd|1\n|\n|-heal|p1a: Suicune|260/298|[from] item: Leftovers\n|upkeep\n|turn|18\n|\n|t:|1782889871\n|move|p1a: Suicune|Calm Mind|p1a: Suicune\n|-boost|p1a: Suicune|spa|1\n|-boost|p1a: Suicune|spd|1\n|move|p2a: Amoonguss|Giga Drain|p1a: Suicune\n|-supereffective|p1a: Suicune\n|-activate|p1a: Suicune|move: Substitute|[damage]\n|\n|-heal|p1a: Suicune|278/298|[from] item: Leftovers\n|upkeep\n|turn|19\n|\n|t:|1782889874\n|move|p1a: Suicune|Calm Mind|p1a: Suicune\n|-boost|p1a: Suicune|spa|1\n|-boost|p1a: Suicune|spd|1\n|move|p2a: Amoonguss|Giga Drain|p1a: Suicune\n|-supereffective|p1a: Suicune\n|-end|p1a: Suicune|Substitute\n|\n|-heal|p1a: Suicune|296/298|[from] item: Leftovers\n|upkeep\n|turn|20\n|\n|t:|1782889877\n|move|p1a: Suicune|Substitute|p1a: Suicune\n|-start|p1a: Suicune|Substitute\n|-damage|p1a: Suicune|222/298\n|move|p2a: Amoonguss|Spore||[still]\n|-fail|p2a: Amoonguss\n|\n|-heal|p1a: Suicune|240/298|[from] item: Leftovers\n|upkeep\n|turn|21\n|\n|t:|1782889881\n|move|p1a: Suicune|Calm Mind|p1a: Suicune\n|-boost|p1a: Suicune|spa|1\n|-boost|p1a: Suicune|spd|1\n|move|p2a: Amoonguss|Giga Drain|p1a: Suicune\n|-supereffective|p1a: Suicune\n|-activate|p1a: Suicune|move: Substitute|[damage]\n|\n|-heal|p1a: Suicune|258/298|[from] item: Leftovers\n|upkeep\n|turn|22\n|\n|t:|1782889884\n|move|p1a: Suicune|Calm Mind|p1a: Suicune\n|-boost|p1a: Suicune|spa|1\n|-boost|p1a: Suicune|spd|1\n|move|p2a: Amoonguss|Giga Drain|p1a: Suicune\n|-supereffective|p1a: Suicune\n|-end|p1a: Suicune|Substitute\n|\n|-heal|p1a: Suicune|276/298|[from] item: Leftovers\n|upkeep\n|turn|23\n|\n|t:|1782889888\n|move|p1a: Suicune|Substitute|p1a: Suicune\n|-start|p1a: Suicune|Substitute\n|-damage|p1a: Suicune|202/298\n|move|p2a: Amoonguss|Spore||[still]\n|-fail|p2a: Amoonguss\n|\n|-heal|p1a: Suicune|220/298|[from] item: Leftovers\n|upkeep\n|turn|24\n|\n|t:|1782889892\n|move|p1a: Suicune|Calm Mind|p1a: Suicune\n|-boost|p1a: Suicune|spa|1\n|-boost|p1a: Suicune|spd|1\n|move|p2a: Amoonguss|Giga Drain|p1a: Suicune\n|-supereffective|p1a: Suicune\n|-activate|p1a: Suicune|move: Substitute|[damage]\n|\n|-heal|p1a: Suicune|238/298|[from] item: Leftovers\n|upkeep\n|turn|25\n|\n|t:|1782889894\n|move|p1a: Suicune|Protect|p1a: Suicune\n|-singleturn|p1a: Suicune|Protect\n|move|p2a: Amoonguss|Giga Drain|p1a: Suicune\n|-activate|p1a: Suicune|move: Protect\n|\n|-heal|p1a: Suicune|256/298|[from] item: Leftovers\n|upkeep\n|turn|26\n|\n|t:|1782889898\n|move|p1a: Suicune|Scald|p2a: Amoonguss\n|-resisted|p2a: Amoonguss\n|-damage|p2a: Amoonguss|145/321\n|move|p2a: Amoonguss|Giga Drain|p1a: Suicune\n|-supereffective|p1a: Suicune\n|-activate|p1a: Suicune|move: Substitute|[damage]\n|-heal|p2a: Amoonguss|160/321|[from] drain|[of] p1a: Suicune\n|\n|-heal|p1a: Suicune|274/298|[from] item: Leftovers\n|-heal|p2a: Amoonguss|180/321|[from] item: Leftovers\n|upkeep\n|turn|27\n|\n|t:|1782889901\n|switch|p2a: Umbreon|Umbreon, L84, F|297/297\n|move|p1a: Suicune|Scald|p2a: Umbreon\n|-damage|p2a: Umbreon|60/297\n|\n|-heal|p1a: Suicune|292/298|[from] item: Leftovers\n|-heal|p2a: Umbreon|78/297|[from] item: Leftovers\n|upkeep\n|turn|28\n|\n|t:|1782889903\n|move|p2a: Umbreon|Protect|p2a: Umbreon\n|-singleturn|p2a: Umbreon|Protect\n|move|p1a: Suicune|Scald|p2a: Umbreon\n|-activate|p2a: Umbreon|move: Protect\n|\n|-heal|p1a: Suicune|298/298|[from] item: Leftovers\n|-heal|p2a: Umbreon|96/297|[from] item: Leftovers\n|upkeep\n|turn|29\n|\n|t:|1782889907\n|move|p1a: Suicune|Scald|p2a: Umbreon\n|-damage|p2a: Umbreon|0 fnt\n|faint|p2a: Umbreon\n|\n|upkeep\n|\n|t:|1782889909\n|switch|p2a: Amoonguss|Amoonguss, L82, M|287/321\n|turn|30\n|\n|t:|1782889911\n|move|p1a: Suicune|Scald|p2a: Amoonguss\n|-resisted|p2a: Amoonguss\n|-crit|p2a: Amoonguss\n|-damage|p2a: Amoonguss|37/321\n|move|p2a: Amoonguss|Giga Drain|p1a: Suicune\n|-supereffective|p1a: Suicune\n|-end|p1a: Suicune|Substitute\n|-heal|p2a: Amoonguss|43/321|[from] drain|[of] p1a: Suicune\n|\n|-heal|p2a: Amoonguss|63/321|[from] item: Leftovers\n|upkeep\n|turn|31\n|\n|t:|1782889914\n|move|p1a: Suicune|Substitute|p1a: Suicune\n|-start|p1a: Suicune|Substitute\n|-damage|p1a: Suicune|224/298\n|move|p2a: Amoonguss|Spore||[still]\n|-fail|p2a: Amoonguss\n|\n|-heal|p1a: Suicune|242/298|[from] item: Leftovers\n|-heal|p2a: Amoonguss|83/321|[from] item: Leftovers\n|upkeep\n|turn|32\n|\n|t:|1782889917\n|move|p1a: Suicune|Scald|p2a: Amoonguss\n|-resisted|p2a: Amoonguss\n|-damage|p2a: Amoonguss|0 fnt\n|faint|p2a: Amoonguss\n|\n|-heal|p1a: Suicune|260/298|[from] item: Leftovers\n|upkeep\n|\n|t:|1782889919\n|switch|p2a: Latias|Latias, L79, F|256/256\n|turn|33\n|\n|t:|1782889920\n|move|p2a: Latias|Calm Mind|p2a: Latias\n|-boost|p2a: Latias|spa|1\n|-boost|p2a: Latias|spd|1\n|move|p1a: Suicune|Scald|p2a: Latias\n|-resisted|p2a: Latias\n|-damage|p2a: Latias|172/256\n|-status|p2a: Latias|brn\n|\n|-heal|p1a: Suicune|278/298|[from] item: Leftovers\n|-damage|p2a: Latias|156/256 brn|[from] brn\n|upkeep\n|turn|34\n|\n|t:|1782889923\n|move|p2a: Latias|Psyshock|p1a: Suicune\n|-end|p1a: Suicune|Substitute\n|move|p1a: Suicune|Scald|p2a: Latias\n|-resisted|p2a: Latias\n|-damage|p2a: Latias|84/256 brn\n|\n|-heal|p1a: Suicune|296/298|[from] item: Leftovers\n|-damage|p2a: Latias|68/256 brn|[from] brn\n|upkeep\n|turn|35\n|\n|t:|1782889927\n|move|p2a: Latias|Recover|p2a: Latias\n|-heal|p2a: Latias|196/256 brn\n|move|p1a: Suicune|Scald|p2a: Latias\n|-resisted|p2a: Latias\n|-damage|p2a: Latias|121/256 brn\n|\n|-heal|p1a: Suicune|298/298|[from] item: Leftovers\n|-damage|p2a: Latias|105/256 brn|[from] brn\n|upkeep\n|turn|36\n|\n|t:|1782889930\n|move|p2a: Latias|Recover|p2a: Latias\n|-heal|p2a: Latias|233/256 brn\n|move|p1a: Suicune|Scald|p2a: Latias\n|-resisted|p2a: Latias\n|-damage|p2a: Latias|155/256 brn\n|\n|-damage|p2a: Latias|139/256 brn|[from] brn\n|upkeep\n|turn|37\n|\n|t:|1782889932\n|move|p2a: Latias|Psyshock|p1a: Suicune\n|-damage|p1a: Suicune|171/298\n|move|p1a: Suicune|Scald|p2a: Latias\n|-resisted|p2a: Latias\n|-damage|p2a: Latias|64/256 brn\n|\n|-heal|p1a: Suicune|189/298|[from] item: Leftovers\n|-damage|p2a: Latias|48/256 brn|[from] brn\n|upkeep\n|turn|38\n|\n|t:|1782889935\n|move|p2a: Latias|Recover|p2a: Latias\n|-heal|p2a: Latias|176/256 brn\n|move|p1a: Suicune|Scald|p2a: Latias\n|-resisted|p2a: Latias\n|-damage|p2a: Latias|91/256 brn\n|\n|-heal|p1a: Suicune|207/298|[from] item: Leftovers\n|-damage|p2a: Latias|75/256 brn|[from] brn\n|upkeep\n|turn|39\n|\n|t:|1782889937\n|move|p2a: Latias|Psyshock|p1a: Suicune\n|-damage|p1a: Suicune|80/298\n|move|p1a: Suicune|Scald|p2a: Latias\n|-resisted|p2a: Latias\n|-damage|p2a: Latias|0 fnt\n|faint|p2a: Latias\n|\n|-heal|p1a: Suicune|98/298|[from] item: Leftovers\n|upkeep\n|\n|t:|1782889939\n|switch|p2a: Eternatus|Eternatus, L69|308/308\n|-ability|p2a: Eternatus|Pressure\n|turn|40\n|\n|t:|1782889942\n|move|p1a: Suicune|Protect|p1a: Suicune\n|-singleturn|p1a: Suicune|Protect\n|move|p2a: Eternatus|Sludge Bomb|p1a: Suicune\n|-activate|p1a: Suicune|move: Protect\n|\n|-heal|p1a: Suicune|116/298|[from] item: Leftovers\n|upkeep\n|turn|41\n|\n|t:|1782889944\n|move|p2a: Eternatus|Sludge Bomb|p1a: Suicune\n|-damage|p1a: Suicune|95/298\n|move|p1a: Suicune|Scald|p2a: Eternatus\n|-resisted|p2a: Eternatus\n|-damage|p2a: Eternatus|125/308\n|\n|-heal|p2a: Eternatus|144/308|[from] item: Leftovers\n|-heal|p1a: Suicune|113/298|[from] item: Leftovers\n|upkeep\n|turn|42\n|\n|t:|1782889947\n|move|p2a: Eternatus|Recover|p2a: Eternatus\n|-heal|p2a: Eternatus|298/308\n|move|p1a: Suicune|Scald|p2a: Eternatus\n|-resisted|p2a: Eternatus\n|-damage|p2a: Eternatus|126/308\n|\n|-heal|p2a: Eternatus|145/308|[from] item: Leftovers\n|-heal|p1a: Suicune|131/298|[from] item: Leftovers\n|upkeep\n|turn|43\n|\n|t:|1782889950\n|move|p2a: Eternatus|Recover|p2a: Eternatus\n|-heal|p2a: Eternatus|299/308\n|move|p1a: Suicune|Scald|p2a: Eternatus\n|-resisted|p2a: Eternatus\n|-damage|p2a: Eternatus|134/308\n|\n|-heal|p2a: Eternatus|153/308|[from] item: Leftovers\n|-heal|p1a: Suicune|149/298|[from] item: Leftovers\n|upkeep\n|turn|44\n|\n|t:|1782889954\n|move|p2a: Eternatus|Recover|p2a: Eternatus\n|-heal|p2a: Eternatus|307/308\n|move|p1a: Suicune|Scald|p2a: Eternatus\n|-resisted|p2a: Eternatus\n|-damage|p2a: Eternatus|142/308\n|-status|p2a: Eternatus|brn\n|\n|-heal|p2a: Eternatus|161/308 brn|[from] item: Leftovers\n|-heal|p1a: Suicune|167/298|[from] item: Leftovers\n|-damage|p2a: Eternatus|142/308 brn|[from] brn\n|upkeep\n|turn|45\n|\n|t:|1782889958\n|move|p2a: Eternatus|Recover|p2a: Eternatus\n|-heal|p2a: Eternatus|296/308 brn\n|move|p1a: Suicune|Scald|p2a: Eternatus\n|-resisted|p2a: Eternatus\n|-damage|p2a: Eternatus|135/308 brn\n|\n|-heal|p2a: Eternatus|154/308 brn|[from] item: Leftovers\n|-heal|p1a: Suicune|185/298|[from] item: Leftovers\n|-damage|p2a: Eternatus|135/308 brn|[from] brn\n|upkeep\n|turn|46\n|\n|t:|1782889962\n|move|p2a: Eternatus|Recover|p2a: Eternatus\n|-heal|p2a: Eternatus|289/308 brn\n|move|p1a: Suicune|Scald|p2a: Eternatus\n|-resisted|p2a: Eternatus\n|-damage|p2a: Eternatus|108/308 brn\n|\n|-heal|p2a: Eternatus|127/308 brn|[from] item: Leftovers\n|-heal|p1a: Suicune|203/298|[from] item: Leftovers\n|-damage|p2a: Eternatus|108/308 brn|[from] brn\n|upkeep\n|turn|47\n|\n|t:|1782889965\n|switch|p1a: Clawitzer|Clawitzer, L87, F|265/265\n|move|p2a: Eternatus|Recover|p2a: Eternatus\n|-heal|p2a: Eternatus|262/308 brn\n|\n|-heal|p2a: Eternatus|281/308 brn|[from] item: Leftovers\n|-damage|p2a: Eternatus|262/308 brn|[from] brn\n|upkeep\n|turn|48\n|\n|t:|1782889967\n|move|p2a: Eternatus|Dynamax Cannon|p1a: Clawitzer\n|-damage|p1a: Clawitzer|169/265\n|move|p1a: Clawitzer|Ice Beam|p2a: Eternatus\n|-supereffective|p2a: Eternatus\n|-damage|p2a: Eternatus|0 fnt\n|faint|p2a: Eternatus\n|\n|win|erobbbrittdivorce\n|raw|erobbbrittdivorce's rating: 1937 &rarr; <strong>1955</strong><br />(+18 for winning)\n|raw|jnpr010334's rating: 1903 &rarr; <strong>1885</strong><br />(-18 for losing)\n", "inputlog": ">version f8ac14003a5f27e1bdc8d8c59608a773c1cb96e5\n>start {\"formatid\":\"gen9randombattle\",\"seed\":\"sodium,d9f0681c0ca9dd750905f622b6d15e06\",\"rated\":\"Rated battle\"}\n>player p1 {\"name\":\"erobbbrittdivorce\",\"avatar\":\"102\",\"rating\":1937,\"seed\":\"sodium,d3a50a360e6ed1ecc759c8e66f7fe892\"}\n>player p2 {\"name\":\"jnpr010334\",\"avatar\":\"265\",\"rating\":1978,\"seed\":\"sodium,606bfddbb17392d4384ff47e91646cc0\"}\n>p1 move waterpulse\n>p2 move quiverdance\n>p1 switch 4\n>p2 move quiverdance\n>p1 move heavyslam\n>p2 move quiverdance terastallize\n>p1 move heavyslam\n>p2 move hurricane\n>p1 move heavyslam\n>p2 move hurricane\n>p2 switch 2\n>p1 move magmastorm\n>p2 move shellsmash\n>p1 move stealthrock\n>p2 move hydropump\n>p1 switch 5\n>p1 move powerwhip terastallize\n>p2 move icebeam\n>p2 switch 4\n>p1 move dracometeor\n>p2 move sludgebomb\n>p1 switch 3\n>p2 switch 6\n>p1 switch 4\n>p2 move toxic\n>p1 move waterpulse\n>p2 switch 6\n>p1 switch 3\n>p2 move spore\n>p1 move dracometeor\n>p2 switch 6\n>p1 switch 6\n>p2 move wish\n>p1 move substitute\n>p2 move toxic\n>p1 move calmmind\n>p2 switch 6\n>p1 move calmmind\n>p2 move gigadrain\n>p1 move calmmind\n>p2 move gigadrain\n>p1 move substitute\n>p2 move spore\n>p1 move calmmind\n>p2 move gigadrain\n>p1 move calmmind\n>p2 move gigadrain\n>p1 move substitute\n>p2 move spore\n>p1 move calmmind\n>p2 move gigadrain\n>p1 move protect\n>p2 move gigadrain\n>p1 move scald\n>p2 move gigadrain\n>p1 move scald\n>p2 switch 6\n>p1 move scald\n>p2 move protect\n>p1 move scald\n>p2 move wish\n>p2 switch 6\n>p1 move scald\n>p2 move gigadrain\n>p1 move substitute\n>p2 move spore\n>p1 move scald\n>p2 move stompingtantrum\n>p2 switch 5\n>p1 move scald\n>p2 move calmmind\n>p1 move scald\n>p2 move psyshock\n>p1 move scald\n>p2 move recover\n>p1 move scald\n>p2 move recover\n>p1 move scald\n>p2 move psyshock\n>p1 move scald\n>p2 move recover\n>p1 move scald\n>p2 move psyshock\n>p2 switch 3\n>p1 move protect\n>p2 move sludgebomb\n>p1 move scald\n>p2 move sludgebomb\n>p1 move scald\n>p2 move recover\n>p1 move scald\n>p2 move recover\n>p1 move scald\n>p2 move recover\n>p1 move scald\n>p2 move recover\n>p1 move scald\n>p2 move recover\n>p1 switch 3\n>p2 move recover\n>p1 move icebeam\n>p2 move dynamaxcannon", "uploadtime": 1782889967, "views": 2, "formatid": "gen9randombattle", "rating": 1885, "private": 0, "password": null, "player_dets": [{"name": "erobbbrittdivorce", "avatar": "102", "rating": 1937, "seed": "sodium,d3a50a360e6ed1ecc759c8e66f7fe892"}, {"name": "jnpr010334", "avatar": "265", "rating": 1978, "seed": "sodium,606bfddbb17392d4384ff47e91646cc0"}], "teams_full": [{"Clawitzer": {"name": "Clawitzer", "species": "Clawitzer", "speciesId": "clawitzer", "gender": "F", "shiny": false, "level": 87, "moves": ["waterpulse", "darkpulse", "aurasphere", "icebeam"], "ability": "Mega Launcher", "evs": {"hp": 85, "atk": 0, "def": 85, "spa": 85, "spd": 85, "spe": 85}, "ivs": {"hp": 31, "atk": 0, "def": 31, "spa": 31, "spd": 31, "spe": 31}, "item": "Choice Specs", "teraType": "Fighting", "role": "Wallbreaker", "bvs": {"hp": 71, "atk": 73, "def": 88, "spa": 120, "spd": 89, "spe": 59}, "stats": {"hp": 265, "atk": 132, "def": 203, "spa": 259, "spd": 205, "spe": 152}, "types": ["Water"]}, "Rotom": {"name": "Rotom", "species": "Rotom-Mow", "speciesId": "rotommow", "gender": "N", "shiny": false, "level": 87, "moves": ["willowisp", "nastyplot", "leafstorm", "thunderbolt"], "ability": "Levitate", "evs": {"hp": 85, "atk": 0, "def": 85, "spa": 85, "spd": 85, "spe": 85}, "ivs": {"hp": 31, "atk": 0, "def": 31, "spa": 31, "spd": 31, "spe": 31}, "item": "Leftovers", "teraType": "Grass", "role": "Bulky Attacker", "bvs": {"hp": 50, "atk": 65, "def": 107, "spa": 105, "spd": 107, "spe": 86}, "stats": {"hp": 229, "atk": 118, "def": 236, "spa": 232, "spd": 236, "spe": 199}, "types": ["Electric", "Grass"]}, "Gouging Fire": {"name": "Gouging Fire", "species": "Gouging Fire", "speciesId": "gougingfire", "gender": "N", "shiny": false, "level": 74, "moves": ["earthquake", "heatcrash", "dragondance", "outrage"], "ability": "Protosynthesis", "evs": {"hp": 85, "atk": 85, "def": 85, "spa": 85, "spd": 85, "spe": 85}, "ivs": {"hp": 31, "atk": 31, "def": 31, "spa": 31, "spd": 31, "spe": 31}, "item": "Heavy-Duty Boots", "teraType": "Ground", "role": "Setup Sweeper", "bvs": {"hp": 105, "atk": 115, "def": 121, "spa": 65, "spd": 93, "spe": 91}, "stats": {"hp": 277, "atk": 213, "def": 222, "spa": 139, "spd": 181, "spe": 178}, "types": ["Fire", "Dragon"]}, "Heatran": {"name": "Heatran", "species": "Heatran", "speciesId": "heatran", "gender": "M", "shiny": false, "level": 79, "moves": ["heavyslam", "earthpower", "stealthrock", "magmastorm"], "ability": "Flash Fire", "evs": {"hp": 85, "atk": 85, "def": 85, "spa": 85, "spd": 85, "spe": 85}, "ivs": {"hp": 31, "atk": 31, "def": 31, "spa": 31, "spd": 31, "spe": 31}, "item": "Air Balloon", "teraType": "Flying", "role": "Bulky Support", "bvs": {"hp": 91, "atk": 90, "def": 106, "spa": 130, "spd": 106, "spe": 77}, "stats": {"hp": 273, "atk": 188, "def": 213, "spa": 251, "spd": 213, "spe": 167}, "types": ["Fire", "Steel"]}, "Goodra": {"name": "Goodra", "species": "Goodra", "speciesId": "goodra", "gender": "M", "shiny": false, "level": 85, "moves": ["earthquake", "dragontail", "powerwhip", "dracometeor"], "ability": "Sap Sipper", "evs": {"hp": 85, "atk": 85, "def": 85, "spa": 85, "spd": 85, "spe": 85}, "ivs": {"hp": 31, "atk": 31, "def": 31, "spa": 31, "spd": 31, "spe": 31}, "item": "Assault Vest", "teraType": "Grass", "role": "AV Pivot", "bvs": {"hp": 90, "atk": 100, "def": 70, "spa": 110, "spd": 150, "spe": 80}, "stats": {"hp": 292, "atk": 219, "def": 168, "spa": 236, "spd": 304, "spe": 185}, "types": ["Dragon"]}, "Suicune": {"name": "Suicune", "species": "Suicune", "speciesId": "suicune", "gender": "N", "shiny": false, "level": 82, "moves": ["scald", "substitute", "protect", "calmmind"], "ability": "Pressure", "evs": {"hp": 85, "atk": 0, "def": 85, "spa": 85, "spd": 85, "spe": 85}, "ivs": {"hp": 31, "atk": 0, "def": 31, "spa": 31, "spd": 31, "spe": 31}, "item": "Leftovers", "teraType": "Steel", "role": "Fast Support", "bvs": {"hp": 100, "atk": 75, "def": 115, "spa": 90, "spd": 115, "spe": 85}, "stats": {"hp": 298, "atk": 127, "def": 236, "spa": 195, "spd": 236, "spe": 187}, "types": ["Water"]}}, {"Frosmoth": {"name": "Frosmoth", "species": "Frosmoth", "speciesId": "frosmoth", "gender": "F", "shiny": false, "level": 82, "moves": ["quiverdance", "bugbuzz", "hurricane", "icebeam"], "ability": "Ice Scales", "evs": {"hp": 85, "atk": 0, "def": 85, "spa": 85, "spd": 85, "spe": 85}, "ivs": {"hp": 31, "atk": 0, "def": 31, "spa": 31, "spd": 31, "spe": 31}, "item": "Heavy-Duty Boots", "teraType": "Water", "role": "Setup Sweeper", "bvs": {"hp": 70, "atk": 65, "def": 60, "spa": 125, "spd": 90, "spe": 65}, "stats": {"hp": 249, "atk": 111, "def": 146, "spa": 252, "spd": 195, "spe": 154}, "types": ["Ice", "Bug"]}, "Blastoise": {"name": "Blastoise", "species": "Blastoise", "speciesId": "blastoise", "gender": "F", "shiny": false, "level": 80, "moves": ["hydropump", "earthquake", "shellsmash", "icebeam"], "ability": "Torrent", "evs": {"hp": 85, "atk": 85, "def": 85, "spa": 85, "spd": 85, "spe": 85}, "ivs": {"hp": 31, "atk": 31, "def": 31, "spa": 31, "spd": 31, "spe": 31}, "item": "White Herb", "teraType": "Steel", "role": "Setup Sweeper", "bvs": {"hp": 79, "atk": 83, "def": 100, "spa": 85, "spd": 105, "spe": 78}, "stats": {"hp": 258, "atk": 179, "def": 206, "spa": 182, "spd": 214, "spe": 171}, "types": ["Water"]}, "Eternatus": {"name": "Eternatus", "species": "Eternatus", "speciesId": "eternatus", "gender": "N", "shiny": false, "level": 69, "moves": ["dynamaxcannon", "fireblast", "recover", "sludgebomb"], "ability": "Pressure", "evs": {"hp": 85, "atk": 0, "def": 85, "spa": 85, "spd": 85, "spe": 85}, "ivs": {"hp": 31, "atk": 0, "def": 31, "spa": 31, "spd": 31, "spe": 31}, "item": "Leftovers", "teraType": "Dragon", "role": "Bulky Attacker", "bvs": {"hp": 140, "atk": 85, "def": 95, "spa": 145, "spd": 95, "spe": 130}, "stats": {"hp": 308, "atk": 122, "def": 171, "spa": 240, "spd": 171, "spe": 220}, "types": ["Poison", "Dragon"]}, "Amoonguss": {"name": "Amoonguss", "species": "Amoonguss", "speciesId": "amoonguss", "gender": "M", "shiny": false, "level": 82, "moves": ["spore", "stompingtantrum", "sludgebomb", "gigadrain"], "ability": "Regenerator", "evs": {"hp": 85, "atk": 85, "def": 85, "spa": 85, "spd": 85, "spe": 85}, "ivs": {"hp": 31, "atk": 31, "def": 31, "spa": 31, "spd": 31, "spe": 31}, "item": "Leftovers", "teraType": "Steel", "role": "Bulky Attacker", "bvs": {"hp": 114, "atk": 85, "def": 70, "spa": 85, "spd": 80, "spe": 30}, "stats": {"hp": 321, "atk": 187, "def": 162, "spa": 187, "spd": 178, "spe": 96}, "types": ["Grass", "Poison"]}, "Latias": {"name": "Latias", "species": "Latias", "speciesId": "latias", "gender": "F", "shiny": false, "level": 79, "moves": ["recover", "calmmind", "dracometeor", "psyshock"], "ability": "Levitate", "evs": {"hp": 85, "atk": 0, "def": 85, "spa": 85, "spd": 85, "spe": 85}, "ivs": {"hp": 31, "atk": 0, "def": 31, "spa": 31, "spd": 31, "spe": 31}, "item": "Soul Dew", "teraType": "Steel", "role": "Fast Bulky Setup", "bvs": {"hp": 80, "atk": 80, "def": 90, "spa": 110, "spd": 130, "spe": 110}, "stats": {"hp": 256, "atk": 131, "def": 188, "spa": 219, "spd": 251, "spe": 219}, "types": ["Dragon", "Psychic"]}, "Umbreon": {"name": "Umbreon", "species": "Umbreon", "speciesId": "umbreon", "gender": "F", "shiny": false, "level": 84, "moves": ["toxic", "foulplay", "protect", "wish"], "ability": "Synchronize", "evs": {"hp": 85, "atk": 0, "def": 85, "spa": 85, "spd": 85, "spe": 85}, "ivs": {"hp": 31, "atk": 0, "def": 31, "spa": 31, "spd": 31, "spe": 31}, "item": "Leftovers", "teraType": "Poison", "role": "Bulky Support", "bvs": {"hp": 95, "atk": 65, "def": 110, "spa": 60, "spd": 130, "spe": 65}, "stats": {"hp": 297, "atk": 114, "def": 233, "spa": 149, "spd": 267, "spe": 157}, "types": ["Dark"]}}]}