{"id": "gen9randombattle-2641586118", "format": "[Gen 9] Random Battle", "players": ["Specialdie", "a rabbit"], "log": "|badge|p1|bronze|gen9randombattle|100-9\n|html|<div class=\"broadcast-red\"><strong>This battle is required to be public due to one or more player having a season medal.</strong><br />During the public phase, you can discuss the state of the ladder <a href=\"/seasondiscussion\">in a special chatroom.</a></div>\n|uhtml|medal-msg|<div class=\"broadcast-blue\">Curious what those medals under the avatar are? PS now has Ladder Seasons! For more information, check out the <a href=\"https://www.smogon.com/forums/threads/3740067/\">thread on Smogon.</a></div>\n|j|\u2606Specialdie\n|j|\u2606a rabbit\n|t:|1782813519\n|gametype|singles\n|player|p1|Specialdie|acetrainer-gen4dp|2271\n|player|p2|a rabbit|#scl2breakers|2194\n|gen|9\n|tier|[Gen 9] Random Battle\n|rated|\n|rule|Species Clause: Limit one of each Pok\u00e9mon\n|rule|HP Percentage Mod: HP is shown in percentages\n|rule|Sleep Clause Mod: Limit one foe put to sleep\n|rule|Illusion Level Mod: Illusion disguises the Pok\u00e9mon's true level\n|\n|t:|1782813519\n|teamsize|p1|6\n|teamsize|p2|6\n|start\n|switch|p1a: Flareon|Flareon, L90, F|263/263\n|switch|p2a: Kyogre|Kyogre, L71|259/259\n|-weather|RainDance|[from] ability: Drizzle|[of] p2a: Kyogre\n|turn|1\n|\n|t:|1782813527\n|switch|p1a: Trevenant|Trevenant, L89, F|296/296\n|move|p2a: Kyogre|Water Spout|p1a: Trevenant\n|-resisted|p1a: Trevenant\n|-damage|p1a: Trevenant|164/296\n|\n|-weather|RainDance|[upkeep]\n|upkeep\n|turn|2\n|inactive|Battle timer is ON: inactive players will automatically lose when time's up. (requested by Specialdie)\n|\n|t:|1782813535\n|-terastallize|p2a: Kyogre|Water\n|move|p2a: Kyogre|Water Spout|p1a: Trevenant\n|-resisted|p1a: Trevenant\n|-damage|p1a: Trevenant|9/296\n|-enditem|p1a: Trevenant|Sitrus Berry|[eat]\n|-heal|p1a: Trevenant|83/296|[from] item: Sitrus Berry\n|move|p1a: Trevenant|Toxic|p2a: Kyogre\n|-status|p2a: Kyogre|tox\n|\n|-weather|RainDance|[upkeep]\n|-damage|p2a: Kyogre|243/259 tox|[from] psn\n|-item|p1a: Trevenant|Sitrus Berry|[from] ability: Harvest\n|upkeep\n|-enditem|p1a: Trevenant|Sitrus Berry|[eat]\n|-heal|p1a: Trevenant|157/296|[from] item: Sitrus Berry\n|turn|3\n|\n|t:|1782813546\n|switch|p2a: Braviary|Braviary-Hisui, L85, M|326/326\n|move|p1a: Trevenant|Poltergeist|p2a: Braviary\n|-activate|p2a: Braviary|move: Poltergeist|Choice Specs\n|-supereffective|p2a: Braviary\n|-damage|p2a: Braviary|0 fnt\n|faint|p2a: Braviary\n|\n|-weather|RainDance|[upkeep]\n|-item|p1a: Trevenant|Sitrus Berry|[from] ability: Harvest\n|upkeep\n|\n|t:|1782813554\n|switch|p2a: Rotom|Rotom, L88|231/231\n|turn|4\n|\n|t:|1782813563\n|switch|p1a: Copperajah|Copperajah, L86, F|350/350\n|move|p2a: Rotom|Shadow Ball|p1a: Copperajah\n|-damage|p1a: Copperajah|251/350\n|\n|-weather|RainDance|[upkeep]\n|upkeep\n|turn|5\n|\n|t:|1782813569\n|switch|p2a: Phione|Phione, L91|293/293\n|move|p1a: Copperajah|Knock Off|p2a: Phione\n|-damage|p2a: Phione|166/293\n|-enditem|p2a: Phione|Leftovers|[from] move: Knock Off|[of] p1a: Copperajah\n|\n|-weather|none\n|upkeep\n|turn|6\n|\n|t:|1782813577\n|switch|p1a: Dachsbun|Dachsbun, L92, F|254/254\n|move|p2a: Phione|Scald|p1a: Dachsbun\n|-damage|p1a: Dachsbun|163/254\n|\n|-heal|p1a: Dachsbun|178/254|[from] item: Leftovers\n|upkeep\n|turn|7\n|\n|t:|1782813584\n|move|p1a: Dachsbun|Wish|p1a: Dachsbun\n|move|p2a: Phione|Scald|p1a: Dachsbun\n|-damage|p1a: Dachsbun|99/254\n|\n|-heal|p1a: Dachsbun|114/254|[from] item: Leftovers\n|upkeep\n|turn|8\n|\n|t:|1782813589\n|move|p1a: Dachsbun|Protect|p1a: Dachsbun\n|-singleturn|p1a: Dachsbun|Protect\n|move|p2a: Phione|Rest|p2a: Phione\n|-status|p2a: Phione|slp|[from] move: Rest\n|-heal|p2a: Phione|293/293 slp|[silent]\n|\n|-heal|p1a: Dachsbun|241/254|[from] move: Wish|[wisher] Dachsbun\n|-heal|p1a: Dachsbun|254/254|[from] item: Leftovers\n|upkeep\n|turn|9\n|\n|t:|1782813592\n|move|p1a: Dachsbun|Wish|p1a: Dachsbun\n|cant|p2a: Phione|slp\n|move|p2a: Phione|Sleep Talk|p2a: Phione\n|move|p2a: Phione|Scald|p1a: Dachsbun|[from] move: Sleep Talk\n|-damage|p1a: Dachsbun|170/254\n|\n|-heal|p1a: Dachsbun|185/254|[from] item: Leftovers\n|upkeep\n|turn|10\n|\n|t:|1782813602\n|switch|p1a: Trevenant|Trevenant, L89, F|157/296\n|cant|p2a: Phione|slp\n|move|p2a: Phione|Sleep Talk|p2a: Phione\n|move|p2a: Phione|Rest||[from] move: Sleep Talk|[still]\n|-fail|p2a: Phione\n|\n|-heal|p1a: Trevenant|284/296|[from] move: Wish|[wisher] Dachsbun\n|upkeep\n|turn|11\n|\n|t:|1782813612\n|-curestatus|p2a: Phione|slp|[msg]\n|move|p2a: Phione|Take Heart|p2a: Phione\n|-boost|p2a: Phione|spa|1\n|-boost|p2a: Phione|spd|1\n|move|p1a: Trevenant|Toxic|p2a: Phione\n|-status|p2a: Phione|tox\n|\n|-damage|p2a: Phione|275/293 tox|[from] psn\n|upkeep\n|turn|12\n|\n|t:|1782813620\n|move|p2a: Phione|Take Heart|p2a: Phione\n|-boost|p2a: Phione|spa|1\n|-boost|p2a: Phione|spd|1\n|-curestatus|p2a: Phione|tox|[msg]\n|move|p1a: Trevenant|Poltergeist||[still]\n|-fail|p1a: Trevenant\n|\n|upkeep\n|turn|13\n|\n|t:|1782813634\n|move|p2a: Phione|Scald|p1a: Trevenant\n|-resisted|p1a: Trevenant\n|-damage|p1a: Trevenant|192/296\n|move|p1a: Trevenant|Toxic|p2a: Phione\n|-status|p2a: Phione|tox\n|\n|-damage|p2a: Phione|257/293 tox|[from] psn\n|upkeep\n|turn|14\n|\n|t:|1782813643\n|switch|p1a: Mewtwo|Mewtwo, L72|272/272\n|-ability|p1a: Mewtwo|Pressure\n|move|p2a: Phione|Take Heart|p2a: Phione\n|-boost|p2a: Phione|spa|1\n|-boost|p2a: Phione|spd|1\n|-curestatus|p2a: Phione|tox|[msg]\n|\n|upkeep\n|turn|15\n|\n|t:|1782813655\n|move|p1a: Mewtwo|Psystrike|p2a: Phione\n|-damage|p2a: Phione|115/293\n|-damage|p1a: Mewtwo|245/272|[from] item: Life Orb\n|move|p2a: Phione|Scald|p1a: Mewtwo\n|-damage|p1a: Mewtwo|0 fnt\n|faint|p1a: Mewtwo\n|\n|upkeep\n|\n|t:|1782813674\n|switch|p1a: Dachsbun|Dachsbun, L92, F|185/254\n|turn|16\n|\n|t:|1782813677\n|move|p1a: Dachsbun|Play Rough|p2a: Phione\n|-damage|p2a: Phione|18/293\n|move|p2a: Phione|Rest|p2a: Phione\n|-status|p2a: Phione|slp|[from] move: Rest\n|-heal|p2a: Phione|293/293 slp|[silent]\n|\n|-heal|p1a: Dachsbun|200/254|[from] item: Leftovers\n|upkeep\n|turn|17\n|\n|t:|1782813682\n|switch|p1a: Corviknight|Corviknight, L80, F|288/288\n|-ability|p1a: Corviknight|Pressure\n|cant|p2a: Phione|slp\n|move|p2a: Phione|Sleep Talk|p2a: Phione\n|move|p2a: Phione|Rest||[from] move: Sleep Talk|[still]\n|-fail|p2a: Phione\n|\n|upkeep\n|turn|18\n|\n|t:|1782813690\n|cant|p2a: Phione|slp\n|move|p2a: Phione|Sleep Talk|p2a: Phione\n|move|p2a: Phione|Rest||[from] move: Sleep Talk|[still]\n|-fail|p2a: Phione\n|move|p1a: Corviknight|Brave Bird|p2a: Phione\n|-damage|p2a: Phione|193/293 slp\n|-damage|p1a: Corviknight|255/288|[from] Recoil\n|\n|-heal|p1a: Corviknight|273/288|[from] item: Leftovers\n|upkeep\n|turn|19\n|inactive|a rabbit has 120 seconds left.\n|\n|t:|1782813734\n|-terastallize|p1a: Corviknight|Dragon\n|-curestatus|p2a: Phione|slp|[msg]\n|move|p2a: Phione|Sleep Talk||[still]\n|-fail|p2a: Phione\n|move|p1a: Corviknight|Brave Bird|p2a: Phione\n|-damage|p2a: Phione|87/293\n|-damage|p1a: Corviknight|238/288|[from] Recoil\n|\n|-heal|p1a: Corviknight|256/288|[from] item: Leftovers\n|upkeep\n|turn|20\n|\n|t:|1782813742\n|move|p2a: Phione|Rest|p2a: Phione\n|-status|p2a: Phione|slp|[from] move: Rest\n|-heal|p2a: Phione|293/293 slp|[silent]\n|move|p1a: Corviknight|Brave Bird|p2a: Phione\n|-damage|p2a: Phione|182/293 slp\n|-damage|p1a: Corviknight|219/288|[from] Recoil\n|\n|-heal|p1a: Corviknight|237/288|[from] item: Leftovers\n|upkeep\n|turn|21\n|\n|t:|1782813748\n|cant|p2a: Phione|slp\n|move|p2a: Phione|Sleep Talk|p2a: Phione\n|move|p2a: Phione|Rest||[from] move: Sleep Talk|[still]\n|-fail|p2a: Phione\n|move|p1a: Corviknight|Brave Bird|p2a: Phione\n|-damage|p2a: Phione|65/293 slp\n|-damage|p1a: Corviknight|198/288|[from] Recoil\n|\n|-heal|p1a: Corviknight|216/288|[from] item: Leftovers\n|upkeep\n|turn|22\n|\n|t:|1782813757\n|switch|p2a: Rotom|Rotom, L88|231/231\n|move|p1a: Corviknight|Brave Bird|p2a: Rotom\n|-resisted|p2a: Rotom\n|-crit|p2a: Rotom\n|-damage|p2a: Rotom|153/231\n|-damage|p1a: Corviknight|190/288|[from] Recoil\n|\n|-heal|p1a: Corviknight|208/288|[from] item: Leftovers\n|upkeep\n|turn|23\n|\n|t:|1782813765\n|switch|p1a: Dachsbun|Dachsbun, L92, F|200/254\n|move|p2a: Rotom|Trick|p1a: Dachsbun\n|-activate|p2a: Rotom|move: Trick|[of] p1a: Dachsbun\n|-item|p1a: Dachsbun|Choice Scarf|[from] move: Trick\n|-item|p2a: Rotom|Leftovers|[from] move: Trick\n|\n|-heal|p2a: Rotom|167/231|[from] item: Leftovers\n|upkeep\n|turn|24\n|\n|t:|1782813772\n|move|p1a: Dachsbun|Play Rough|p2a: Rotom\n|-damage|p2a: Rotom|68/231\n|move|p2a: Rotom|Volt Switch|p1a: Dachsbun\n|-damage|p1a: Dachsbun|116/254\n|\n|t:|1782813775\n|switch|p2a: Electrode|Electrode-Hisui, L87|246/246|[from] Volt Switch\n|\n|upkeep\n|turn|25\n|\n|t:|1782813781\n|move|p1a: Dachsbun|Play Rough|p2a: Electrode\n|-damage|p2a: Electrode|132/246\n|move|p2a: Electrode|Leech Seed|p1a: Dachsbun\n|-start|p1a: Dachsbun|move: Leech Seed\n|\n|-heal|p2a: Electrode|147/246|[from] item: Leftovers\n|-damage|p1a: Dachsbun|85/254|[from] Leech Seed|[of] p2a: Electrode\n|-heal|p2a: Electrode|178/246|[silent]\n|upkeep\n|turn|26\n|\n|t:|1782813787\n|switch|p1a: Corviknight|Corviknight, L80, F, tera:Dragon|208/288\n|-ability|p1a: Corviknight|Pressure\n|move|p2a: Electrode|Thunderbolt|p1a: Corviknight\n|-resisted|p1a: Corviknight\n|-damage|p1a: Corviknight|164/288\n|\n|-heal|p2a: Electrode|193/246|[from] item: Leftovers\n|-heal|p1a: Corviknight|182/288|[from] item: Leftovers\n|upkeep\n|turn|27\n|\n|t:|1782813796\n|switch|p2a: Florges|Florges-White, L85, F|271/271\n|move|p1a: Corviknight|Brave Bird|p2a: Florges\n|-damage|p2a: Florges|151/271\n|-damage|p1a: Corviknight|142/288|[from] Recoil\n|\n|-heal|p2a: Florges|167/271|[from] item: Leftovers\n|-heal|p1a: Corviknight|160/288|[from] item: Leftovers\n|upkeep\n|turn|28\n|\n|t:|1782813802\n|switch|p1a: Copperajah|Copperajah, L86, F|251/350\n|move|p2a: Florges|Moonblast|p1a: Copperajah\n|-resisted|p1a: Copperajah\n|-damage|p1a: Copperajah|188/350\n|-unboost|p1a: Copperajah|spa|1\n|\n|-heal|p2a: Florges|183/271|[from] item: Leftovers\n|upkeep\n|turn|29\n|\n|t:|1782813808\n|switch|p2a: Rotom|Rotom, L88|68/231\n|move|p1a: Copperajah|Heavy Slam|p2a: Rotom\n|-resisted|p2a: Rotom\n|-crit|p2a: Rotom\n|-damage|p2a: Rotom|0 fnt\n|faint|p2a: Rotom\n|\n|upkeep\n|\n|t:|1782813810\n|switch|p2a: Kyogre|Kyogre, L71, tera:Water|243/259 tox\n|-weather|RainDance|[from] ability: Drizzle|[of] p2a: Kyogre\n|turn|30\n|\n|t:|1782813818\n|switch|p1a: Trevenant|Trevenant, L89, F|192/296\n|move|p2a: Kyogre|Water Spout|p1a: Trevenant\n|-resisted|p1a: Trevenant\n|-damage|p1a: Trevenant|32/296\n|-enditem|p1a: Trevenant|Sitrus Berry|[eat]\n|-heal|p1a: Trevenant|106/296|[from] item: Sitrus Berry\n|\n|-weather|RainDance|[upkeep]\n|-damage|p2a: Kyogre|227/259 tox|[from] psn\n|-item|p1a: Trevenant|Sitrus Berry|[from] ability: Harvest\n|upkeep\n|-enditem|p1a: Trevenant|Sitrus Berry|[eat]\n|-heal|p1a: Trevenant|180/296|[from] item: Sitrus Berry\n|turn|31\n|\n|t:|1782813827\n|switch|p2a: Phione|Phione, L91|65/293 slp\n|move|p1a: Trevenant|Drain Punch|p2a: Phione\n|-damage|p2a: Phione|3/293 slp\n|-heal|p1a: Trevenant|211/296|[from] drain|[of] p2a: Phione\n|\n|-weather|RainDance|[upkeep]\n|-activate|p2a: Phione|ability: Hydration\n|-curestatus|p2a: Phione|slp|[msg]\n|upkeep\n|turn|32\n|\n|t:|1782813841\n|switch|p1a: Flareon|Flareon, L90, F|263/263\n|move|p2a: Phione|Rest|p2a: Phione\n|-status|p2a: Phione|slp|[from] move: Rest\n|-heal|p2a: Phione|293/293 slp|[silent]\n|\n|-weather|RainDance|[upkeep]\n|-activate|p2a: Phione|ability: Hydration\n|-curestatus|p2a: Phione|slp|[msg]\n|-status|p1a: Flareon|tox|[from] item: Toxic Orb\n|upkeep\n|turn|33\n|\n|t:|1782813847\n|switch|p1a: Corviknight|Corviknight, L80, F, tera:Dragon|160/288\n|-ability|p1a: Corviknight|Pressure\n|move|p2a: Phione|Scald|p1a: Corviknight\n|-resisted|p1a: Corviknight\n|-damage|p1a: Corviknight|88/288\n|-status|p1a: Corviknight|brn\n|\n|-weather|RainDance|[upkeep]\n|-heal|p1a: Corviknight|106/288 brn|[from] item: Leftovers\n|-damage|p1a: Corviknight|88/288 brn|[from] brn\n|upkeep\n|turn|34\n|\n|t:|1782813854\n|move|p2a: Phione|Take Heart|p2a: Phione\n|-boost|p2a: Phione|spa|1\n|-boost|p2a: Phione|spd|1\n|move|p1a: Corviknight|Roost|p1a: Corviknight\n|-heal|p1a: Corviknight|232/288 brn\n|\n|-weather|none\n|-heal|p1a: Corviknight|250/288 brn|[from] item: Leftovers\n|-damage|p1a: Corviknight|232/288 brn|[from] brn\n|upkeep\n|turn|35\n|\n|t:|1782813860\n|move|p2a: Phione|Take Heart|p2a: Phione\n|-boost|p2a: Phione|spa|1\n|-boost|p2a: Phione|spd|1\n|move|p1a: Corviknight|Brave Bird|p2a: Phione\n|-damage|p2a: Phione|240/293\n|-damage|p1a: Corviknight|215/288 brn|[from] Recoil\n|\n|-heal|p1a: Corviknight|233/288 brn|[from] item: Leftovers\n|-damage|p1a: Corviknight|215/288 brn|[from] brn\n|upkeep\n|turn|36\n|\n|t:|1782813862\n|move|p2a: Phione|Take Heart|p2a: Phione\n|-boost|p2a: Phione|spa|1\n|-boost|p2a: Phione|spd|1\n|move|p1a: Corviknight|Brave Bird|p2a: Phione\n|-damage|p2a: Phione|190/293\n|-damage|p1a: Corviknight|198/288 brn|[from] Recoil\n|\n|-heal|p1a: Corviknight|216/288 brn|[from] item: Leftovers\n|-damage|p1a: Corviknight|198/288 brn|[from] brn\n|upkeep\n|turn|37\n|\n|t:|1782813869\n|move|p2a: Phione|Rest|p2a: Phione\n|-status|p2a: Phione|slp|[from] move: Rest\n|-heal|p2a: Phione|293/293 slp|[silent]\n|move|p1a: Corviknight|Brave Bird|p2a: Phione\n|-damage|p2a: Phione|244/293 slp\n|-damage|p1a: Corviknight|182/288 brn|[from] Recoil\n|\n|-heal|p1a: Corviknight|200/288 brn|[from] item: Leftovers\n|-damage|p1a: Corviknight|182/288 brn|[from] brn\n|upkeep\n|turn|38\n|\n|t:|1782813883\n|switch|p1a: Flareon|Flareon, L90, F|263/263 tox\n|cant|p2a: Phione|slp\n|move|p2a: Phione|Sleep Talk|p2a: Phione\n|move|p2a: Phione|Take Heart|p2a: Phione|[from] move: Sleep Talk\n|-boost|p2a: Phione|spa|1\n|-boost|p2a: Phione|spd|1\n|-curestatus|p2a: Phione|slp|[msg]\n|\n|-damage|p1a: Flareon|247/263 tox|[from] psn\n|upkeep\n|turn|39\n|\n|t:|1782813887\n|switch|p1a: Corviknight|Corviknight, L80, F, tera:Dragon|182/288 brn\n|-ability|p1a: Corviknight|Pressure\n|move|p2a: Phione|Scald|p1a: Corviknight\n|-resisted|p1a: Corviknight\n|-damage|p1a: Corviknight|38/288 brn\n|\n|-heal|p1a: Corviknight|56/288 brn|[from] item: Leftovers\n|-damage|p1a: Corviknight|38/288 brn|[from] brn\n|upkeep\n|turn|40\n|\n|t:|1782813891\n|move|p2a: Phione|Take Heart|p2a: Phione\n|-boost|p2a: Phione|spa|1\n|-boost|p2a: Phione|spd|1\n|move|p1a: Corviknight|Brave Bird|p2a: Phione\n|-damage|p2a: Phione|189/293\n|-damage|p1a: Corviknight|20/288 brn|[from] Recoil\n|\n|-heal|p1a: Corviknight|38/288 brn|[from] item: Leftovers\n|-damage|p1a: Corviknight|20/288 brn|[from] brn\n|upkeep\n|turn|41\n|\n|t:|1782813896\n|move|p2a: Phione|Take Heart|p2a: Phione\n|-boost|p2a: Phione|spa|1\n|-boost|p2a: Phione|spd|1\n|move|p1a: Corviknight|Brave Bird|p2a: Phione\n|-damage|p2a: Phione|138/293\n|-damage|p1a: Corviknight|3/288 brn|[from] Recoil\n|\n|-heal|p1a: Corviknight|21/288 brn|[from] item: Leftovers\n|-damage|p1a: Corviknight|3/288 brn|[from] brn\n|upkeep\n|turn|42\n|\n|t:|1782813901\n|move|p2a: Phione|Scald|p1a: Corviknight\n|-resisted|p1a: Corviknight\n|-damage|p1a: Corviknight|0 fnt\n|faint|p1a: Corviknight\n|\n|upkeep\n|\n|t:|1782813922\n|switch|p1a: Trevenant|Trevenant, L89, F|211/296\n|turn|43\n|\n|t:|1782813942\n|move|p2a: Phione|Rest|p2a: Phione\n|-status|p2a: Phione|slp|[from] move: Rest\n|-heal|p2a: Phione|293/293 slp|[silent]\n|move|p1a: Trevenant|Drain Punch|p2a: Phione\n|-damage|p2a: Phione|226/293 slp\n|-heal|p1a: Trevenant|245/296|[from] drain|[of] p2a: Phione\n|\n|-item|p1a: Trevenant|Sitrus Berry|[from] ability: Harvest\n|upkeep\n|turn|44\n|\n|t:|1782813956\n|switch|p1a: Flareon|Flareon, L90, F|247/263 tox\n|cant|p2a: Phione|slp\n|move|p2a: Phione|Sleep Talk|p2a: Phione\n|move|p2a: Phione|Rest||[from] move: Sleep Talk|[still]\n|-fail|p2a: Phione\n|\n|-damage|p1a: Flareon|231/263 tox|[from] psn\n|upkeep\n|turn|45\n|\n|t:|1782813964\n|cant|p2a: Phione|slp\n|move|p2a: Phione|Sleep Talk|p2a: Phione\n|move|p2a: Phione|Scald|p1a: Flareon|[from] move: Sleep Talk\n|-supereffective|p1a: Flareon\n|-damage|p1a: Flareon|0 fnt\n|faint|p1a: Flareon\n|\n|upkeep\n|-message|Specialdie forfeited.\n|\n|win|a rabbit\n|raw|Specialdie's rating: 2271 &rarr; <strong>2247</strong><br />(-24 for losing)\n|raw|a rabbit's rating: 2194 &rarr; <strong>2218</strong><br />(+24 for winning)\n", "inputlog": ">version f8ac14003a5f27e1bdc8d8c59608a773c1cb96e5\n>start {\"formatid\":\"gen9randombattle\",\"seed\":\"sodium,300a36ce23f23d49b1c7d48df9b0d9b9\",\"rated\":\"Rated battle\"}\n>player p1 {\"name\":\"Specialdie\",\"avatar\":\"acetrainer-gen4dp\",\"rating\":2271,\"seed\":\"sodium,d8340ba062c06edcdf7a0dff4d428262\"}\n>player p2 {\"name\":\"a rabbit\",\"avatar\":\"#scl2breakers\",\"rating\":2194,\"seed\":\"sodium,cf55654a002ea2b0f2ffdcdecf7437ec\"}\n>p1 switch 3\n>p2 move waterspout\n>p1 move toxic\n>p2 move waterspout terastallize\n>p1 move poltergeist\n>p2 switch 4\n>p2 switch 3\n>p1 switch 4\n>p2 move shadowball\n>p1 move knockoff\n>p2 switch 2\n>p1 switch 5\n>p2 move scald\n>p1 move wish\n>p2 move scald\n>p1 move protect\n>p2 move rest\n>p1 move wish\n>p2 move sleeptalk\n>p1 switch 4\n>p2 move sleeptalk\n>p1 move toxic\n>p2 move takeheart\n>p1 move poltergeist\n>p2 move takeheart\n>p1 move toxic\n>p2 move scald\n>p1 switch 6\n>p2 move takeheart\n>p1 move psystrike\n>p2 move scald\n>p1 switch 4\n>p1 move playrough\n>p2 move rest\n>p1 switch 2\n>p2 move sleeptalk\n>p1 move bravebird\n>p2 move sleeptalk\n>p1 move bravebird terastallize\n>p2 move sleeptalk\n>p1 move bravebird\n>p2 move rest\n>p1 move bravebird\n>p2 move sleeptalk\n>p1 move bravebird\n>p2 switch 2\n>p1 switch 2\n>p2 move trick\n>p1 move playrough\n>p2 move voltswitch\n>p2 switch 5\n>p1 move playrough\n>p2 move leechseed\n>p1 switch 2\n>p2 move thunderbolt\n>p1 move bravebird\n>p2 switch 6\n>p1 switch 5\n>p2 move moonblast\n>p1 move heavyslam\n>p2 switch 5\n>p2 switch 4\n>p1 switch 6\n>p2 move waterspout\n>p1 move drainpunch\n>p2 switch 2\n>p1 switch 3\n>p2 move rest\n>p1 switch 5\n>p2 move scald\n>p1 move roost\n>p2 move takeheart\n>p1 move bravebird\n>p2 move takeheart\n>p1 move bravebird\n>p2 move takeheart\n>p1 move bravebird\n>p2 move rest\n>p1 switch 5\n>p2 move sleeptalk\n>p1 switch 5\n>p2 move scald\n>p1 move bravebird\n>p2 move takeheart\n>p1 move bravebird\n>p2 move takeheart\n>p1 move bravebird\n>p2 move scald\n>p1 switch 3\n>p1 move drainpunch\n>p2 move rest\n>p1 switch 5\n>p2 move sleeptalk\n>p1 move facade\n>p2 move sleeptalk\n>forcelose p1", "uploadtime": 1782813520, "views": 11, "formatid": "gen9randombattle", "rating": 2218, "private": 0, "password": null, "player_dets": [{"name": "Specialdie", "avatar": "acetrainer-gen4dp", "rating": 2271, "seed": "sodium,d8340ba062c06edcdf7a0dff4d428262"}, {"name": "a rabbit", "avatar": "#scl2breakers", "rating": 2194, "seed": "sodium,cf55654a002ea2b0f2ffdcdecf7437ec"}], "teams_full": [{"Flareon": {"name": "Flareon", "species": "Flareon", "speciesId": "flareon", "gender": "F", "shiny": false, "level": 90, "moves": ["trailblaze", "facade", "quickattack", "flareblitz"], "ability": "Guts", "evs": {"hp": 85, "atk": 85, "def": 85, "spa": 85, "spd": 85, "spe": 85}, "ivs": {"hp": 31, "atk": 31, "def": 31, "spa": 31, "spd": 31, "spe": 31}, "item": "Toxic Orb", "teraType": "Normal", "role": "Setup Sweeper", "bvs": {"hp": 65, "atk": 130, "def": 60, "spa": 95, "spd": 110, "spe": 65}, "stats": {"hp": 263, "atk": 285, "def": 159, "spa": 222, "spd": 249, "spe": 168}, "types": ["Fire"]}, "Corviknight": {"name": "Corviknight", "species": "Corviknight", "speciesId": "corviknight", "gender": "F", "shiny": false, "level": 80, "moves": ["defog", "bodypress", "bravebird", "roost"], "ability": "Pressure", "evs": {"hp": 85, "atk": 85, "def": 85, "spa": 85, "spd": 85, "spe": 85}, "ivs": {"hp": 31, "atk": 31, "def": 31, "spa": 31, "spd": 31, "spe": 31}, "item": "Leftovers", "teraType": "Dragon", "role": "Bulky Support", "bvs": {"hp": 98, "atk": 87, "def": 105, "spa": 53, "spd": 85, "spe": 67}, "stats": {"hp": 288, "atk": 185, "def": 214, "spa": 131, "spd": 182, "spe": 153}, "types": ["Flying", "Steel"]}, "Trevenant": {"name": "Trevenant", "species": "Trevenant", "speciesId": "trevenant", "gender": "F", "shiny": false, "level": 89, "moves": ["protect", "toxic", "poltergeist", "drainpunch"], "ability": "Harvest", "evs": {"hp": 85, "atk": 85, "def": 85, "spa": 85, "spd": 85, "spe": 85}, "ivs": {"hp": 31, "atk": 31, "def": 31, "spa": 31, "spd": 31, "spe": 31}, "item": "Sitrus Berry", "teraType": "Fighting", "role": "Bulky Support", "bvs": {"hp": 85, "atk": 110, "def": 76, "spa": 65, "spd": 82, "spe": 56}, "stats": {"hp": 296, "atk": 247, "def": 186, "spa": 166, "spd": 197, "spe": 150}, "types": ["Ghost", "Grass"]}, "Copperajah": {"name": "Copperajah", "species": "Copperajah", "speciesId": "copperajah", "gender": "F", "shiny": false, "level": 86, "moves": ["earthquake", "heatcrash", "knockoff", "heavyslam"], "ability": "Heavy Metal", "evs": {"hp": 85, "atk": 85, "def": 85, "spa": 85, "spd": 85, "spe": 85}, "ivs": {"hp": 31, "atk": 31, "def": 31, "spa": 31, "spd": 31, "spe": 31}, "item": "Choice Band", "teraType": "Flying", "role": "Bulky Attacker", "bvs": {"hp": 122, "atk": 130, "def": 69, "spa": 80, "spd": 69, "spe": 30}, "stats": {"hp": 350, "atk": 273, "def": 168, "spa": 187, "spd": 168, "spe": 101}, "types": ["Steel"]}, "Dachsbun": {"name": "Dachsbun", "species": "Dachsbun", "speciesId": "dachsbun", "gender": "F", "shiny": false, "level": 92, "moves": ["playrough", "yawn", "protect", "wish"], "ability": "Well-Baked Body", "evs": {"hp": 85, "atk": 85, "def": 85, "spa": 85, "spd": 85, "spe": 85}, "ivs": {"hp": 31, "atk": 31, "def": 31, "spa": 31, "spd": 31, "spe": 31}, "item": "Leftovers", "teraType": "Steel", "role": "Bulky Support", "bvs": {"hp": 57, "atk": 80, "def": 115, "spa": 50, "spd": 80, "spe": 95}, "stats": {"hp": 254, "atk": 200, "def": 264, "spa": 144, "spd": 200, "spe": 227}, "types": ["Fairy"]}, "Mewtwo": {"name": "Mewtwo", "species": "Mewtwo", "speciesId": "mewtwo", "gender": "N", "shiny": false, "level": 72, "moves": ["nastyplot", "recover", "psystrike", "fireblast"], "ability": "Pressure", "evs": {"hp": 85, "atk": 0, "def": 85, "spa": 85, "spd": 85, "spe": 85}, "ivs": {"hp": 31, "atk": 0, "def": 31, "spa": 31, "spd": 31, "spe": 31}, "item": "Life Orb", "teraType": "Fire", "role": "Setup Sweeper", "bvs": {"hp": 106, "atk": 110, "def": 90, "spa": 154, "spd": 90, "spe": 130}, "stats": {"hp": 272, "atk": 163, "def": 172, "spa": 264, "spd": 172, "spe": 229}, "types": ["Psychic"]}}, {"Kyogre": {"name": "Kyogre", "species": "Kyogre", "speciesId": "kyogre", "gender": "N", "shiny": false, "level": 71, "moves": ["originpulse", "icebeam", "waterspout", "thunder"], "ability": "Drizzle", "evs": {"hp": 85, "atk": 0, "def": 85, "spa": 85, "spd": 85, "spe": 85}, "ivs": {"hp": 31, "atk": 0, "def": 31, "spa": 31, "spd": 31, "spe": 31}, "item": "Choice Scarf", "teraType": "Water", "role": "Fast Attacker", "bvs": {"hp": 100, "atk": 100, "def": 90, "spa": 150, "spd": 140, "spe": 90}, "stats": {"hp": 259, "atk": 147, "def": 169, "spa": 254, "spd": 240, "spe": 169}, "types": ["Water"]}, "Phione": {"name": "Phione", "species": "Phione", "speciesId": "phione", "gender": "N", "shiny": false, "level": 91, "moves": ["scald", "rest", "takeheart", "sleeptalk"], "ability": "Hydration", "evs": {"hp": 85, "atk": 0, "def": 85, "spa": 85, "spd": 85, "spe": 85}, "ivs": {"hp": 31, "atk": 0, "def": 31, "spa": 31, "spd": 31, "spe": 31}, "item": "Leftovers", "teraType": "Steel", "role": "Bulky Setup", "bvs": {"hp": 80, "atk": 80, "def": 80, "spa": 80, "spd": 80, "spe": 80}, "stats": {"hp": 293, "atk": 150, "def": 197, "spa": 197, "spd": 197, "spe": 197}, "types": ["Water"]}, "Rotom": {"name": "Rotom", "species": "Rotom", "speciesId": "rotom", "gender": "N", "shiny": false, "level": 88, "moves": ["trick", "shadowball", "voltswitch", "thunderbolt"], "ability": "Levitate", "evs": {"hp": 85, "atk": 0, "def": 85, "spa": 85, "spd": 85, "spe": 85}, "ivs": {"hp": 31, "atk": 0, "def": 31, "spa": 31, "spd": 31, "spe": 31}, "item": "Choice Scarf", "teraType": "Ghost", "role": "Fast Attacker", "bvs": {"hp": 50, "atk": 50, "def": 77, "spa": 95, "spd": 77, "spe": 91}, "stats": {"hp": 231, "atk": 93, "def": 186, "spa": 217, "spd": 186, "spe": 210}, "types": ["Electric", "Ghost"]}, "Braviary": {"name": "Braviary", "species": "Braviary-Hisui", "speciesId": "braviaryhisui", "gender": "M", "shiny": false, "level": 85, "moves": ["esperwing", "uturn", "vacuumwave", "hurricane"], "ability": "Tinted Lens", "evs": {"hp": 85, "atk": 85, "def": 85, "spa": 85, "spd": 85, "spe": 85}, "ivs": {"hp": 31, "atk": 31, "def": 31, "spa": 31, "spd": 31, "spe": 31}, "item": "Choice Specs", "teraType": "Fighting", "role": "Wallbreaker", "bvs": {"hp": 110, "atk": 83, "def": 70, "spa": 112, "spd": 70, "spe": 65}, "stats": {"hp": 326, "atk": 190, "def": 168, "spa": 239, "spd": 168, "spe": 159}, "types": ["Psychic", "Flying"]}, "Electrode": {"name": "Electrode", "species": "Electrode-Hisui", "speciesId": "electrodehisui", "gender": "N", "shiny": false, "level": 87, "moves": ["leechseed", "substitute", "gigadrain", "thunderbolt"], "ability": "Soundproof", "evs": {"hp": 85, "atk": 0, "def": 85, "spa": 85, "spd": 85, "spe": 85}, "ivs": {"hp": 31, "atk": 0, "def": 31, "spa": 31, "spd": 31, "spe": 31}, "item": "Leftovers", "teraType": "Poison", "role": "Fast Support", "bvs": {"hp": 60, "atk": 50, "def": 70, "spa": 80, "spd": 80, "spe": 150}, "stats": {"hp": 246, "atk": 92, "def": 172, "spa": 189, "spd": 189, "spe": 311}, "types": ["Electric", "Grass"]}, "Florges": {"name": "Florges", "species": "Florges-White", "speciesId": "florges", "gender": "F", "shiny": false, "level": 85, "moves": ["synthesis", "terablast", "calmmind", "moonblast"], "ability": "Flower Veil", "evs": {"hp": 85, "atk": 0, "def": 85, "spa": 85, "spd": 85, "spe": 85}, "ivs": {"hp": 31, "atk": 0, "def": 31, "spa": 31, "spd": 31, "spe": 31}, "item": "Leftovers", "teraType": "Ground", "role": "Tera Blast user", "bvs": {"hp": 78, "atk": 65, "def": 68, "spa": 112, "spd": 154, "spe": 75}, "stats": {"hp": 271, "atk": 115, "def": 164, "spa": 239, "spd": 311, "spe": 176}, "types": ["Fairy"]}}]}