{"id": "gen9randombattle-2642110364", "format": "[Gen 9] Random Battle", "players": ["notmetbh102", "botbeater6767"], "log": "|j|\u2606notmetbh102\n|j|\u2606botbeater6767\n|t:|1782892145\n|gametype|singles\n|player|p1|notmetbh102|265|2237\n|player|p2|botbeater6767|265|2178\n|gen|9\n|tier|[Gen 9] Random Battle\n|rated|\n|rule|Species Clause: Limit one of each Pok\u00e9mon\n|rule|HP Percentage Mod: HP is shown in percentages\n|rule|Sleep Clause Mod: Limit one foe put to sleep\n|rule|Illusion Level Mod: Illusion disguises the Pok\u00e9mon's true level\n|\n|t:|1782892145\n|teamsize|p1|6\n|teamsize|p2|6\n|start\n|switch|p1a: Probopass|Probopass, L91, F|257/257\n|switch|p2a: Arceus|Arceus-Fairy, L69|280/280\n|turn|1\n|inactive|Battle timer is ON: inactive players will automatically lose when time's up. (requested by notmetbh102)\n|\n|t:|1782892146\n|switch|p1a: Espathra|Espathra, L80, F|283/283\n|move|p2a: Arceus|Calm Mind|p2a: Arceus\n|-boost|p2a: Arceus|spa|1\n|-boost|p2a: Arceus|spd|1\n|\n|upkeep\n|turn|2\n|c|\u2606botbeater6767|hf\n|c|\u2606notmetbh102|hf\n|inactive|botbeater6767 also wants the timer to be on.\n|\n|t:|1782892148\n|move|p1a: Espathra|Calm Mind|p1a: Espathra\n|-boost|p1a: Espathra|spa|1\n|-boost|p1a: Espathra|spd|1\n|move|p2a: Arceus|Judgment|p1a: Espathra\n|-damage|p1a: Espathra|150/283\n|\n|-heal|p1a: Espathra|167/283|[from] item: Leftovers\n|-ability|p1a: Espathra|Speed Boost|boost\n|-boost|p1a: Espathra|spe|1\n|upkeep\n|turn|3\n|\n|t:|1782892149\n|move|p1a: Espathra|Calm Mind|p1a: Espathra\n|-boost|p1a: Espathra|spa|1\n|-boost|p1a: Espathra|spd|1\n|move|p2a: Arceus|Judgment|p1a: Espathra\n|-crit|p1a: Espathra\n|-damage|p1a: Espathra|0 fnt\n|faint|p1a: Espathra\n|\n|upkeep\n|\n|t:|1782892149\n|switch|p1a: Furret|Furret, L94, F|312/312\n|-item|p2a: Arceus|Pixie Plate|[from] ability: Frisk|[of] p1a: Furret\n|turn|4\n|\n|t:|1782892150\n|move|p1a: Furret|Double-Edge|p2a: Arceus\n|-damage|p2a: Arceus|106/280\n|-damage|p1a: Furret|255/312|[from] Recoil\n|move|p2a: Arceus|Judgment|p1a: Furret\n|-damage|p1a: Furret|75/312\n|\n|upkeep\n|turn|5\n|\n|t:|1782892151\n|-terastallize|p1a: Furret|Normal\n|-terastallize|p2a: Arceus|Steel\n|move|p1a: Furret|Double-Edge|p2a: Arceus\n|-resisted|p2a: Arceus\n|-damage|p2a: Arceus|0 fnt\n|faint|p2a: Arceus\n|-damage|p1a: Furret|40/312|[from] Recoil\n|\n|upkeep\n|\n|t:|1782892152\n|switch|p2a: Duraludon|Duraludon, L82, F|249/249\n|turn|6\n|\n|t:|1782892153\n|move|p1a: Furret|Double-Edge|p2a: Duraludon\n|-resisted|p2a: Duraludon\n|-damage|p2a: Duraludon|182/249\n|-damage|p1a: Furret|18/312|[from] Recoil\n|move|p2a: Duraludon|Flash Cannon|p1a: Furret\n|-damage|p1a: Furret|0 fnt\n|faint|p1a: Furret\n|\n|upkeep\n|\n|t:|1782892154\n|switch|p1a: Probopass|Probopass, L91, F|257/257\n|turn|7\n|\n|t:|1782892155\n|switch|p1a: Groudon|Groudon, L72|263/263\n|-weather|SunnyDay|[from] ability: Drought|[of] p1a: Groudon\n|move|p2a: Duraludon|Body Press|p1a: Groudon\n|-damage|p1a: Groudon|211/263\n|\n|-weather|SunnyDay|[upkeep]\n|-heal|p1a: Groudon|227/263|[from] item: Leftovers\n|upkeep\n|turn|8\n|\n|t:|1782892156\n|move|p2a: Duraludon|Flash Cannon|p1a: Groudon\n|-crit|p1a: Groudon\n|-damage|p1a: Groudon|77/263\n|move|p1a: Groudon|Precipice Blades|p2a: Duraludon|[miss]\n|-miss|p1a: Groudon|p2a: Duraludon\n|\n|-weather|SunnyDay|[upkeep]\n|-heal|p1a: Groudon|93/263|[from] item: Leftovers\n|upkeep\n|turn|9\n|\n|t:|1782892157\n|switch|p1a: Probopass|Probopass, L91, F|257/257\n|move|p2a: Duraludon|Flash Cannon|p1a: Probopass\n|-damage|p1a: Probopass|200/257\n|\n|-weather|SunnyDay|[upkeep]\n|upkeep\n|turn|10\n|\n|t:|1782892158\n|move|p2a: Duraludon|Body Press|p1a: Probopass\n|-supereffective|p1a: Probopass\n|-damage|p1a: Probopass|44/257\n|move|p1a: Probopass|Rest|p1a: Probopass\n|-status|p1a: Probopass|slp|[from] move: Rest\n|-heal|p1a: Probopass|257/257 slp|[silent]\n|-enditem|p1a: Probopass|Chesto Berry|[eat]\n|-curestatus|p1a: Probopass|slp|[msg]\n|\n|-weather|SunnyDay|[upkeep]\n|upkeep\n|turn|11\n|\n|t:|1782892159\n|move|p2a: Duraludon|Body Press|p1a: Probopass\n|-supereffective|p1a: Probopass\n|-damage|p1a: Probopass|117/257\n|move|p1a: Probopass|Iron Defense|p1a: Probopass\n|-boost|p1a: Probopass|def|2\n|\n|-weather|none\n|upkeep\n|turn|12\n|\n|t:|1782892160\n|move|p2a: Duraludon|Body Press|p1a: Probopass\n|-supereffective|p1a: Probopass\n|-damage|p1a: Probopass|45/257\n|move|p1a: Probopass|Body Press|p2a: Duraludon\n|-supereffective|p2a: Duraludon\n|-damage|p2a: Duraludon|0 fnt\n|faint|p2a: Duraludon\n|\n|upkeep\n|\n|t:|1782892161\n|switch|p2a: Groudon|Groudon, L72|263/263\n|-weather|SunnyDay|[from] ability: Drought|[of] p2a: Groudon\n|turn|13\n|\n|t:|1782892161\n|move|p2a: Groudon|Precipice Blades|p1a: Probopass\n|-supereffective|p1a: Probopass\n|-damage|p1a: Probopass|0 fnt\n|faint|p1a: Probopass\n|\n|-weather|SunnyDay|[upkeep]\n|upkeep\n|\n|t:|1782892162\n|switch|p1a: Great Tusk|Great Tusk, L77|304/304\n|-activate|p1a: Great Tusk|ability: Protosynthesis\n|-start|p1a: Great Tusk|protosynthesisatk\n|turn|14\n|\n|t:|1782892163\n|move|p1a: Great Tusk|Earthquake|p2a: Groudon\n|-damage|p2a: Groudon|154/263\n|move|p2a: Groudon|Will-O-Wisp|p1a: Great Tusk\n|-status|p1a: Great Tusk|brn\n|\n|-weather|SunnyDay|[upkeep]\n|-heal|p2a: Groudon|170/263|[from] item: Leftovers\n|-damage|p1a: Great Tusk|285/304 brn|[from] brn\n|upkeep\n|turn|15\n|\n|t:|1782892164\n|move|p1a: Great Tusk|Bulk Up|p1a: Great Tusk\n|-boost|p1a: Great Tusk|atk|1\n|-boost|p1a: Great Tusk|def|1\n|move|p2a: Groudon|Heat Crash|p1a: Great Tusk\n|-damage|p1a: Great Tusk|249/304 brn\n|\n|-weather|SunnyDay|[upkeep]\n|-heal|p1a: Great Tusk|268/304 brn|[from] item: Leftovers\n|-heal|p2a: Groudon|186/263|[from] item: Leftovers\n|-damage|p1a: Great Tusk|249/304 brn|[from] brn\n|upkeep\n|turn|16\n|\n|t:|1782892165\n|-end|p1a: Great Tusk|Protosynthesis|[silent]\n|switch|p1a: Groudon|Groudon, L72|93/263\n|switch|p2a: Vespiquen|Vespiquen, L99, F|299/299\n|-ability|p2a: Vespiquen|Pressure\n|\n|-weather|SunnyDay|[upkeep]\n|-heal|p1a: Groudon|109/263|[from] item: Leftovers\n|upkeep\n|turn|17\n|\n|t:|1782892166\n|move|p1a: Groudon|Thunder Wave|p2a: Vespiquen\n|-status|p2a: Vespiquen|par\n|cant|p2a: Vespiquen|par\n|\n|-weather|none\n|-heal|p1a: Groudon|125/263|[from] item: Leftovers\n|upkeep\n|turn|18\n|\n|t:|1782892167\n|move|p1a: Groudon|Heat Crash|p2a: Vespiquen\n|-supereffective|p2a: Vespiquen\n|-damage|p2a: Vespiquen|153/299 par\n|move|p2a: Vespiquen|Air Slash|p1a: Groudon\n|-damage|p1a: Groudon|13/263\n|\n|-heal|p1a: Groudon|29/263|[from] item: Leftovers\n|upkeep\n|turn|19\n|\n|t:|1782892168\n|move|p1a: Groudon|Spikes|p2a: Vespiquen\n|-sidestart|p2: botbeater6767|Spikes\n|move|p2a: Vespiquen|Air Slash|p1a: Groudon|[miss]\n|-miss|p2a: Vespiquen|p1a: Groudon\n|\n|-heal|p1a: Groudon|45/263|[from] item: Leftovers\n|upkeep\n|turn|20\n|\n|t:|1782892169\n|move|p1a: Groudon|Heat Crash|p2a: Vespiquen\n|-supereffective|p2a: Vespiquen\n|-damage|p2a: Vespiquen|17/299 par\n|move|p2a: Vespiquen|Roost|p2a: Vespiquen\n|-heal|p2a: Vespiquen|167/299 par\n|-singleturn|p2a: Vespiquen|move: Roost\n|\n|-heal|p1a: Groudon|61/263|[from] item: Leftovers\n|upkeep\n|turn|21\n|\n|t:|1782892170\n|move|p1a: Groudon|Heat Crash|p2a: Vespiquen\n|-supereffective|p2a: Vespiquen\n|-damage|p2a: Vespiquen|25/299 par\n|cant|p2a: Vespiquen|par\n|\n|-heal|p1a: Groudon|77/263|[from] item: Leftovers\n|upkeep\n|turn|22\n|\n|t:|1782892171\n|switch|p2a: Groudon|Groudon, L72|186/263\n|-damage|p2a: Groudon|154/263|[from] Spikes\n|-weather|SunnyDay|[from] ability: Drought|[of] p2a: Groudon\n|move|p1a: Groudon|Spikes|p2a: Groudon\n|-sidestart|p2: botbeater6767|Spikes\n|\n|-weather|SunnyDay|[upkeep]\n|-heal|p1a: Groudon|93/263|[from] item: Leftovers\n|-heal|p2a: Groudon|170/263|[from] item: Leftovers\n|upkeep\n|turn|23\n|\n|t:|1782892172\n|switch|p1a: Great Tusk|Great Tusk, L77|249/304 brn\n|-activate|p1a: Great Tusk|ability: Protosynthesis\n|-start|p1a: Great Tusk|protosynthesisatk\n|move|p2a: Groudon|Precipice Blades|p1a: Great Tusk\n|-damage|p1a: Great Tusk|140/304 brn\n|\n|-weather|SunnyDay|[upkeep]\n|-heal|p1a: Great Tusk|159/304 brn|[from] item: Leftovers\n|-heal|p2a: Groudon|186/263|[from] item: Leftovers\n|-damage|p1a: Great Tusk|140/304 brn|[from] brn\n|upkeep\n|turn|24\n|\n|t:|1782892173\n|move|p1a: Great Tusk|Bulk Up|p1a: Great Tusk\n|-boost|p1a: Great Tusk|atk|1\n|-boost|p1a: Great Tusk|def|1\n|move|p2a: Groudon|Precipice Blades|p1a: Great Tusk\n|-damage|p1a: Great Tusk|70/304 brn\n|\n|-weather|SunnyDay|[upkeep]\n|-heal|p1a: Great Tusk|89/304 brn|[from] item: Leftovers\n|-heal|p2a: Groudon|202/263|[from] item: Leftovers\n|-damage|p1a: Great Tusk|70/304 brn|[from] brn\n|upkeep\n|turn|25\n|\n|t:|1782892174\n|move|p1a: Great Tusk|Close Combat|p2a: Groudon\n|-damage|p2a: Groudon|98/263\n|-unboost|p1a: Great Tusk|def|1\n|-unboost|p1a: Great Tusk|spd|1\n|move|p2a: Groudon|Precipice Blades|p1a: Great Tusk\n|-damage|p1a: Great Tusk|0 fnt\n|faint|p1a: Great Tusk\n|-end|p1a: Great Tusk|Protosynthesis|[silent]\n|\n|-weather|SunnyDay|[upkeep]\n|-heal|p2a: Groudon|114/263|[from] item: Leftovers\n|upkeep\n|\n|t:|1782892175\n|switch|p1a: Dodrio|Dodrio, L85, M|241/241\n|turn|26\n|\n|t:|1782892176\n|switch|p2a: Corviknight|Corviknight, L80, M|288/288\n|-ability|p2a: Corviknight|Pressure\n|move|p1a: Dodrio|Brave Bird|p2a: Corviknight\n|-resisted|p2a: Corviknight\n|-damage|p2a: Corviknight|192/288\n|-damage|p1a: Dodrio|201/241|[from] item: Rocky Helmet|[of] p2a: Corviknight\n|-damage|p1a: Dodrio|169/241|[from] Recoil\n|\n|-weather|none\n|upkeep\n|turn|27\n|\n|t:|1782892176\n|move|p1a: Dodrio|Brave Bird|p2a: Corviknight\n|-resisted|p2a: Corviknight\n|-damage|p2a: Corviknight|88/288\n|-damage|p1a: Dodrio|129/241|[from] item: Rocky Helmet|[of] p2a: Corviknight\n|-damage|p1a: Dodrio|95/241|[from] Recoil\n|move|p2a: Corviknight|Defog|p1a: Dodrio\n|-unboost|p1a: Dodrio|evasion|1\n|-sideend|p2: botbeater6767|Spikes|[from] move: Defog|[of] p2a: Corviknight\n|\n|upkeep\n|turn|28\n|\n|t:|1782892177\n|switch|p1a: Groudon|Groudon, L72|93/263\n|-weather|SunnyDay|[from] ability: Drought|[of] p1a: Groudon\n|switch|p2a: Clodsire|Clodsire, L81, F|343/343\n|\n|-weather|SunnyDay|[upkeep]\n|-heal|p1a: Groudon|109/263|[from] item: Leftovers\n|upkeep\n|turn|29\n|\n|t:|1782892178\n|switch|p2a: Vespiquen|Vespiquen, L99, F|25/299 par\n|-ability|p2a: Vespiquen|Pressure\n|move|p1a: Groudon|Precipice Blades|p2a: Vespiquen\n|-immune|p2a: Vespiquen\n|\n|-weather|SunnyDay|[upkeep]\n|-heal|p1a: Groudon|125/263|[from] item: Leftovers\n|upkeep\n|turn|30\n|\n|t:|1782892179\n|move|p1a: Groudon|Heat Crash|p2a: Vespiquen\n|-supereffective|p2a: Vespiquen\n|-damage|p2a: Vespiquen|0 fnt\n|faint|p2a: Vespiquen\n|\n|-weather|SunnyDay|[upkeep]\n|-heal|p1a: Groudon|141/263|[from] item: Leftovers\n|upkeep\n|\n|t:|1782892180\n|switch|p2a: Groudon|Groudon, L72|114/263\n|turn|31\n|\n|t:|1782892181\n|move|p1a: Groudon|Precipice Blades|p2a: Groudon\n|-damage|p2a: Groudon|8/263\n|move|p2a: Groudon|Will-O-Wisp|p1a: Groudon\n|-status|p1a: Groudon|brn\n|\n|-weather|SunnyDay|[upkeep]\n|-heal|p2a: Groudon|24/263|[from] item: Leftovers\n|-heal|p1a: Groudon|157/263 brn|[from] item: Leftovers\n|-damage|p1a: Groudon|141/263 brn|[from] brn\n|upkeep\n|turn|32\n|\n|t:|1782892182\n|move|p2a: Groudon|Heat Crash|p1a: Groudon\n|-damage|p1a: Groudon|102/263 brn\n|move|p1a: Groudon|Spikes|p2a: Groudon\n|-sidestart|p2: botbeater6767|Spikes\n|\n|-weather|none\n|-heal|p1a: Groudon|118/263 brn|[from] item: Leftovers\n|-heal|p2a: Groudon|40/263|[from] item: Leftovers\n|-damage|p1a: Groudon|102/263 brn|[from] brn\n|upkeep\n|turn|33\n|\n|t:|1782892183\n|move|p1a: Groudon|Spikes|p2a: Groudon\n|-sidestart|p2: botbeater6767|Spikes\n|move|p2a: Groudon|Heat Crash|p1a: Groudon\n|-damage|p1a: Groudon|77/263 brn\n|\n|-heal|p1a: Groudon|93/263 brn|[from] item: Leftovers\n|-heal|p2a: Groudon|56/263|[from] item: Leftovers\n|-damage|p1a: Groudon|77/263 brn|[from] brn\n|upkeep\n|turn|34\n|\n|t:|1782892184\n|move|p1a: Groudon|Precipice Blades|p2a: Groudon\n|-damage|p2a: Groudon|6/263\n|move|p2a: Groudon|Heat Crash|p1a: Groudon\n|-damage|p1a: Groudon|51/263 brn\n|\n|-heal|p2a: Groudon|22/263|[from] item: Leftovers\n|-heal|p1a: Groudon|67/263 brn|[from] item: Leftovers\n|-damage|p1a: Groudon|51/263 brn|[from] brn\n|upkeep\n|turn|35\n|\n|t:|1782892185\n|move|p1a: Groudon|Heat Crash|p2a: Groudon\n|-damage|p2a: Groudon|9/263\n|move|p2a: Groudon|Heat Crash|p1a: Groudon\n|-damage|p1a: Groudon|28/263 brn\n|\n|-heal|p2a: Groudon|25/263|[from] item: Leftovers\n|-heal|p1a: Groudon|44/263 brn|[from] item: Leftovers\n|-damage|p1a: Groudon|28/263 brn|[from] brn\n|upkeep\n|turn|36\n|\n|t:|1782892186\n|move|p1a: Groudon|Precipice Blades|p2a: Groudon|[miss]\n|-miss|p1a: Groudon|p2a: Groudon\n|move|p2a: Groudon|Will-O-Wisp|p1a: Groudon\n|-fail|p1a: Groudon|brn\n|\n|-heal|p2a: Groudon|41/263|[from] item: Leftovers\n|-heal|p1a: Groudon|44/263 brn|[from] item: Leftovers\n|-damage|p1a: Groudon|28/263 brn|[from] brn\n|upkeep\n|turn|37\n|\n|t:|1782892187\n|move|p2a: Groudon|Will-O-Wisp|p1a: Groudon\n|-fail|p1a: Groudon|brn\n|move|p1a: Groudon|Precipice Blades|p2a: Groudon\n|-crit|p2a: Groudon\n|-damage|p2a: Groudon|0 fnt\n|faint|p2a: Groudon\n|\n|-heal|p1a: Groudon|44/263 brn|[from] item: Leftovers\n|-damage|p1a: Groudon|28/263 brn|[from] brn\n|upkeep\n|\n|t:|1782892188\n|switch|p2a: Corviknight|Corviknight, L80, M|88/288\n|-ability|p2a: Corviknight|Pressure\n|turn|38\n|\n|t:|1782892189\n|move|p1a: Groudon|Thunder Wave|p2a: Corviknight|[miss]\n|-miss|p1a: Groudon|p2a: Corviknight\n|move|p2a: Corviknight|Roost|p2a: Corviknight\n|-heal|p2a: Corviknight|232/288\n|-singleturn|p2a: Corviknight|move: Roost\n|\n|-heal|p1a: Groudon|44/263 brn|[from] item: Leftovers\n|-damage|p1a: Groudon|28/263 brn|[from] brn\n|upkeep\n|turn|39\n|\n|t:|1782892190\n|move|p1a: Groudon|Thunder Wave|p2a: Corviknight\n|-status|p2a: Corviknight|par\n|move|p2a: Corviknight|Brave Bird|p1a: Groudon\n|-damage|p1a: Groudon|0 fnt\n|faint|p1a: Groudon\n|-damage|p2a: Corviknight|223/288 par|[from] Recoil\n|\n|upkeep\n|\n|t:|1782892191\n|switch|p1a: Dodrio|Dodrio, L85, M|95/241\n|turn|40\n|\n|t:|1782892192\n|move|p1a: Dodrio|Knock Off|p2a: Corviknight\n|-damage|p2a: Corviknight|119/288 par\n|-damage|p1a: Dodrio|55/241|[from] item: Rocky Helmet|[of] p2a: Corviknight\n|-enditem|p2a: Corviknight|Rocky Helmet|[from] move: Knock Off|[of] p1a: Dodrio\n|move|p2a: Corviknight|Brave Bird|p1a: Dodrio\n|-damage|p1a: Dodrio|0 fnt\n|faint|p1a: Dodrio\n|-damage|p2a: Corviknight|101/288 par|[from] Recoil\n|\n|win|botbeater6767\n|raw|notmetbh102's rating: 2237 &rarr; <strong>2214</strong><br />(-23 for losing)\n|raw|botbeater6767's rating: 2178 &rarr; <strong>2201</strong><br />(+23 for winning)\n|c|\u2606notmetbh102|gg\n|c|\u2606botbeater6767|gg\n", "inputlog": ">version f8ac14003a5f27e1bdc8d8c59608a773c1cb96e5\n>start {\"formatid\":\"gen9randombattle\",\"seed\":\"sodium,f01b61d7e51075a3f9f9823999965518\",\"rated\":\"Rated battle\"}\n>player p1 {\"name\":\"notmetbh102\",\"avatar\":\"265\",\"rating\":2237,\"seed\":\"sodium,ffeb28b2022d7cca13771bb51c407365\"}\n>player p2 {\"name\":\"botbeater6767\",\"avatar\":\"265\",\"rating\":2178,\"seed\":\"sodium,7d9a2f41be6ab26e987d40f06362fde1\"}\n>p1 switch 6\n>p2 move calmmind\n>chat \u2606botbeater6767|hf\n>chat \u2606notmetbh102|hf\n>p1 move calmmind\n>p2 move judgment\n>p1 move calmmind\n>p2 move judgment\n>p1 switch 5\n>p1 move doubleedge\n>p2 move judgment\n>p1 move doubleedge terastallize\n>p2 move recover terastallize\n>p2 switch 5\n>p1 move doubleedge\n>p2 move flashcannon\n>p1 switch 6\n>p1 switch 3\n>p2 move bodypress\n>p1 move precipiceblades\n>p2 move flashcannon\n>p1 switch 3\n>p2 move flashcannon\n>p1 move rest\n>p2 move bodypress\n>p1 move irondefense\n>p2 move bodypress\n>p1 move bodypress\n>p2 move bodypress\n>p2 switch 6\n>p1 move bodypress\n>p2 move precipiceblades\n>p1 switch 4\n>p1 move earthquake\n>p2 move willowisp\n>p1 move bulkup\n>p2 move heatcrash\n>p1 switch 3\n>p2 switch 3\n>p1 move thunderwave\n>p2 move airslash\n>p1 move heatcrash\n>p2 move airslash\n>p1 move spikes\n>p2 move airslash\n>p1 move heatcrash\n>p2 move roost\n>p1 move heatcrash\n>p2 move airslash\n>p1 move spikes\n>p2 switch 3\n>p1 switch 3\n>p2 move precipiceblades\n>p1 move bulkup\n>p2 move precipiceblades\n>p1 move closecombat\n>p2 move precipiceblades\n>p1 switch 2\n>p1 move bravebird\n>p2 switch 4\n>p1 move bravebird\n>p2 move defog\n>p1 switch 3\n>p2 switch 2\n>p1 move precipiceblades\n>p2 switch 3\n>p1 move heatcrash\n>p2 move airslash\n>p2 switch 4\n>p1 move precipiceblades\n>p2 move willowisp\n>p1 move spikes\n>p2 move heatcrash\n>p1 move spikes\n>p2 move heatcrash\n>p1 move precipiceblades\n>p2 move heatcrash\n>p1 move heatcrash\n>p2 move heatcrash\n>p1 move precipiceblades\n>p2 move willowisp\n>p1 move precipiceblades\n>p2 move willowisp\n>p2 switch 2\n>p1 move thunderwave\n>p2 move roost\n>p1 move thunderwave\n>p2 move bravebird\n>p1 switch 3\n>p1 move knockoff\n>p2 move bravebird", "uploadtime": 1782892192, "views": 2, "formatid": "gen9randombattle", "rating": 2201, "private": 0, "password": null, "player_dets": [{"name": "notmetbh102", "avatar": "265", "rating": 2237, "seed": "sodium,ffeb28b2022d7cca13771bb51c407365"}, {"name": "botbeater6767", "avatar": "265", "rating": 2178, "seed": "sodium,7d9a2f41be6ab26e987d40f06362fde1"}], "teams_full": [{"Probopass": {"name": "Probopass", "species": "Probopass", "speciesId": "probopass", "gender": "F", "shiny": false, "level": 91, "moves": ["bodypress", "powergem", "irondefense", "rest"], "ability": "Magnet Pull", "evs": {"hp": 85, "atk": 0, "def": 85, "spa": 85, "spd": 85, "spe": 85}, "ivs": {"hp": 31, "atk": 0, "def": 31, "spa": 31, "spd": 31, "spe": 31}, "item": "Chesto Berry", "teraType": "Fighting", "role": "Bulky Setup", "bvs": {"hp": 60, "atk": 55, "def": 145, "spa": 75, "spd": 150, "spe": 40}, "stats": {"hp": 257, "atk": 105, "def": 316, "spa": 188, "spd": 325, "spe": 125}, "types": ["Rock", "Steel"]}, "Dodrio": {"name": "Dodrio", "species": "Dodrio", "speciesId": "dodrio", "gender": "M", "shiny": false, "level": 85, "moves": ["doubleedge", "bravebird", "drillrun", "knockoff"], "ability": "Early Bird", "evs": {"hp": 85, "atk": 85, "def": 85, "spa": 85, "spd": 85, "spe": 85}, "ivs": {"hp": 31, "atk": 31, "def": 31, "spa": 31, "spd": 31, "spe": 31}, "item": "Choice Band", "teraType": "Ground", "role": "Fast Attacker", "bvs": {"hp": 60, "atk": 110, "def": 70, "spa": 60, "spd": 60, "spe": 110}, "stats": {"hp": 241, "atk": 236, "def": 168, "spa": 151, "spd": 151, "spe": 236}, "types": ["Normal", "Flying"]}, "Groudon": {"name": "Groudon", "species": "Groudon", "speciesId": "groudon", "gender": "N", "shiny": false, "level": 72, "moves": ["precipiceblades", "spikes", "thunderwave", "heatcrash"], "ability": "Drought", "evs": {"hp": 85, "atk": 85, "def": 85, "spa": 85, "spd": 85, "spe": 85}, "ivs": {"hp": 31, "atk": 31, "def": 31, "spa": 31, "spd": 31, "spe": 31}, "item": "Leftovers", "teraType": "Fire", "role": "Bulky Attacker", "bvs": {"hp": 100, "atk": 150, "def": 140, "spa": 100, "spd": 90, "spe": 90}, "stats": {"hp": 263, "atk": 258, "def": 244, "spa": 186, "spd": 172, "spe": 172}, "types": ["Ground"]}, "Great Tusk": {"name": "Great Tusk", "species": "Great Tusk", "speciesId": "greattusk", "gender": "N", "shiny": false, "level": 77, "moves": ["closecombat", "bulkup", "earthquake", "rapidspin"], "ability": "Protosynthesis", "evs": {"hp": 85, "atk": 85, "def": 85, "spa": 85, "spd": 85, "spe": 85}, "ivs": {"hp": 31, "atk": 31, "def": 31, "spa": 31, "spd": 31, "spe": 31}, "item": "Leftovers", "teraType": "Ground", "role": "Bulky Setup", "bvs": {"hp": 115, "atk": 131, "def": 131, "spa": 53, "spd": 53, "spe": 87}, "stats": {"hp": 304, "atk": 246, "def": 246, "spa": 126, "spd": 126, "spe": 179}, "types": ["Ground", "Fighting"]}, "Furret": {"name": "Furret", "species": "Furret", "speciesId": "furret", "gender": "F", "shiny": false, "level": 94, "moves": ["uturn", "knockoff", "doubleedge", "trick"], "ability": "Frisk", "evs": {"hp": 85, "atk": 85, "def": 85, "spa": 85, "spd": 85, "spe": 85}, "ivs": {"hp": 31, "atk": 31, "def": 31, "spa": 31, "spd": 31, "spe": 31}, "item": "Choice Band", "teraType": "Normal", "role": "Wallbreaker", "bvs": {"hp": 85, "atk": 76, "def": 64, "spa": 45, "spd": 55, "spe": 90}, "stats": {"hp": 312, "atk": 196, "def": 174, "spa": 138, "spd": 157, "spe": 223}, "types": ["Normal"]}, "Espathra": {"name": "Espathra", "species": "Espathra", "speciesId": "espathra", "gender": "F", "shiny": false, "level": 80, "moves": ["dazzlinggleam", "calmmind", "storedpower", "protect"], "ability": "Speed Boost", "evs": {"hp": 85, "atk": 0, "def": 85, "spa": 85, "spd": 85, "spe": 85}, "ivs": {"hp": 31, "atk": 0, "def": 31, "spa": 31, "spd": 31, "spe": 31}, "item": "Leftovers", "teraType": "Fairy", "role": "Fast Bulky Setup", "bvs": {"hp": 95, "atk": 60, "def": 60, "spa": 101, "spd": 60, "spe": 105}, "stats": {"hp": 283, "atk": 101, "def": 142, "spa": 208, "spd": 142, "spe": 214}, "types": ["Psychic"]}}, {"Arceus": {"name": "Arceus", "species": "Arceus-Fairy", "speciesId": "arceusfairy", "gender": "N", "shiny": false, "level": 69, "moves": ["calmmind", "earthpower", "judgment", "recover"], "ability": "Multitype", "evs": {"hp": 85, "atk": 0, "def": 85, "spa": 85, "spd": 85, "spe": 85}, "ivs": {"hp": 31, "atk": 0, "def": 31, "spa": 31, "spd": 31, "spe": 31}, "item": "Pixie Plate", "teraType": "Steel", "role": "Bulky Setup", "bvs": {"hp": 120, "atk": 120, "def": 120, "spa": 120, "spd": 120, "spe": 120}, "stats": {"hp": 280, "atk": 170, "def": 206, "spa": 206, "spd": 206, "spe": 206}, "types": ["Fairy"]}, "Clodsire": {"name": "Clodsire", "species": "Clodsire", "speciesId": "clodsire", "gender": "F", "shiny": false, "level": 81, "moves": ["toxic", "earthquake", "poisonjab", "recover"], "ability": "Water Absorb", "evs": {"hp": 85, "atk": 85, "def": 85, "spa": 85, "spd": 85, "spe": 85}, "ivs": {"hp": 31, "atk": 31, "def": 31, "spa": 31, "spd": 31, "spe": 31}, "item": "Leftovers", "teraType": "Flying", "role": "Bulky Support", "bvs": {"hp": 130, "atk": 75, "def": 60, "spa": 45, "spd": 100, "spe": 20}, "stats": {"hp": 343, "atk": 168, "def": 144, "spa": 120, "spd": 209, "spe": 79}, "types": ["Poison", "Ground"]}, "Vespiquen": {"name": "Vespiquen", "species": "Vespiquen", "speciesId": "vespiquen", "gender": "F", "shiny": false, "level": 99, "moves": ["airslash", "uturn", "roost", "toxic"], "ability": "Pressure", "evs": {"hp": 85, "atk": 85, "def": 85, "spa": 85, "spd": 85, "spe": 85}, "ivs": {"hp": 31, "atk": 31, "def": 31, "spa": 31, "spd": 31, "spe": 31}, "item": "Heavy-Duty Boots", "teraType": "Steel", "role": "Bulky Support", "bvs": {"hp": 70, "atk": 80, "def": 102, "spa": 80, "spd": 102, "spe": 40}, "stats": {"hp": 299, "atk": 214, "def": 258, "spa": 214, "spd": 258, "spe": 135}, "types": ["Bug", "Flying"]}, "Corviknight": {"name": "Corviknight", "species": "Corviknight", "speciesId": "corviknight", "gender": "M", "shiny": false, "level": 80, "moves": ["roost", "bravebird", "bodypress", "defog"], "ability": "Pressure", "evs": {"hp": 85, "atk": 85, "def": 85, "spa": 85, "spd": 85, "spe": 85}, "ivs": {"hp": 31, "atk": 31, "def": 31, "spa": 31, "spd": 31, "spe": 31}, "item": "Rocky Helmet", "teraType": "Dragon", "role": "Bulky Support", "bvs": {"hp": 98, "atk": 87, "def": 105, "spa": 53, "spd": 85, "spe": 67}, "stats": {"hp": 288, "atk": 185, "def": 214, "spa": 131, "spd": 182, "spe": 153}, "types": ["Flying", "Steel"]}, "Duraludon": {"name": "Duraludon", "species": "Duraludon", "speciesId": "duraludon", "gender": "F", "shiny": false, "level": 82, "moves": ["bodypress", "flashcannon", "dracometeor", "thunderwave"], "ability": "Light Metal", "evs": {"hp": 85, "atk": 0, "def": 85, "spa": 85, "spd": 85, "spe": 85}, "ivs": {"hp": 31, "atk": 0, "def": 31, "spa": 31, "spd": 31, "spe": 31}, "item": "Eviolite", "teraType": "Fighting", "role": "Bulky Attacker", "bvs": {"hp": 70, "atk": 95, "def": 115, "spa": 120, "spd": 50, "spe": 85}, "stats": {"hp": 249, "atk": 160, "def": 236, "spa": 244, "spd": 129, "spe": 187}, "types": ["Steel", "Dragon"]}, "Groudon": {"name": "Groudon", "species": "Groudon", "speciesId": "groudon", "gender": "N", "shiny": false, "level": 72, "moves": ["roar", "heatcrash", "precipiceblades", "willowisp"], "ability": "Drought", "evs": {"hp": 85, "atk": 85, "def": 85, "spa": 85, "spd": 85, "spe": 85}, "ivs": {"hp": 31, "atk": 31, "def": 31, "spa": 31, "spd": 31, "spe": 31}, "item": "Leftovers", "teraType": "Fire", "role": "Bulky Attacker", "bvs": {"hp": 100, "atk": 150, "def": 140, "spa": 100, "spd": 90, "spe": 90}, "stats": {"hp": 263, "atk": 258, "def": 244, "spa": 186, "spd": 172, "spe": 172}, "types": ["Ground"]}}]}