{"id": "gen9randombattle-2641759991", "format": "[Gen 9] Random Battle", "players": ["joeayt", "pop smoke"], "log": "|j|\u2606joeayt\n|j|\u2606pop smoke\n|t:|1782838602\n|gametype|singles\n|player|p1|joeayt|cynthia-gen4|2220\n|player|p2|pop smoke|#wcop2025uswest2|2261\n|gen|9\n|tier|[Gen 9] Random Battle\n|rated|\n|rule|Species Clause: Limit one of each Pok\u00e9mon\n|rule|HP Percentage Mod: HP is shown in percentages\n|rule|Sleep Clause Mod: Limit one foe put to sleep\n|rule|Illusion Level Mod: Illusion disguises the Pok\u00e9mon's true level\n|\n|t:|1782838602\n|teamsize|p1|6\n|teamsize|p2|6\n|start\n|switch|p1a: Cyclizar|Cyclizar, L83, F|252/252\n|switch|p2a: Cinccino|Cinccino, L83, M|260/260\n|turn|1\n|inactive|Battle timer is ON: inactive players will automatically lose when time's up. (requested by joeayt)\n|inactive|joeayt has 120 seconds left.\n|\n|t:|1782838645\n|move|p1a: Cyclizar|Shed Tail|p1a: Cyclizar\n|-start|p1a: Cyclizar|Substitute|[from] move: Shed Tail\n|-damage|p1a: Cyclizar|126/252\n|\n|t:|1782838646\n|switch|p1a: Solgaleo|Solgaleo, L74|325/325|[from] Shed Tail\n|move|p2a: Cinccino|Tidy Up|p2a: Cinccino\n|-end|p1a: Solgaleo|Substitute\n|-activate|p2a: Cinccino|move: Tidy Up\n|-boost|p2a: Cinccino|atk|1\n|-boost|p2a: Cinccino|spe|1\n|\n|upkeep\n|turn|2\n|inactive|pop smoke has 120 seconds left.\n|\n|t:|1782838680\n|switch|p2a: Vaporeon|Vaporeon, L86, F|364/364\n|move|p1a: Solgaleo|Flame Charge|p2a: Vaporeon\n|-resisted|p2a: Vaporeon\n|-damage|p2a: Vaporeon|339/364\n|-boost|p1a: Solgaleo|spe|1\n|\n|-heal|p2a: Vaporeon|361/364|[from] item: Leftovers\n|upkeep\n|turn|3\n|\n|t:|1782838687\n|switch|p1a: Electrode|Electrode, L92|260/260\n|move|p2a: Vaporeon|Scald|p1a: Electrode\n|-damage|p1a: Electrode|163/260\n|\n|-heal|p1a: Electrode|179/260|[from] item: Leftovers\n|-heal|p2a: Vaporeon|364/364|[from] item: Leftovers\n|upkeep\n|turn|4\n|\n|t:|1782838692\n|switch|p2a: Ting-Lu|Ting-Lu, L78|370/370\n|-ability|p2a: Ting-Lu|Vessel of Ruin\n|move|p1a: Electrode|Taunt|p2a: Ting-Lu\n|-start|p2a: Ting-Lu|move: Taunt\n|\n|-heal|p1a: Electrode|195/260|[from] item: Leftovers\n|upkeep\n|turn|5\n|\n|t:|1782838697\n|switch|p1a: Volbeat|Volbeat, L90, M|263/263\n|move|p2a: Ting-Lu|Earthquake|p1a: Volbeat\n|-resisted|p1a: Volbeat\n|-crit|p1a: Volbeat\n|-damage|p1a: Volbeat|182/263\n|\n|upkeep\n|turn|6\n|\n|t:|1782838705\n|switch|p2a: Vaporeon|Vaporeon, L86, F|364/364\n|move|p1a: Volbeat|U-turn|p2a: Vaporeon\n|-damage|p2a: Vaporeon|274/364\n|\n|t:|1782838714\n|switch|p1a: Zarude|Zarude, L77|288/288|[from] U-turn\n|\n|-heal|p2a: Vaporeon|296/364|[from] item: Leftovers\n|upkeep\n|turn|7\n|\n|t:|1782838721\n|switch|p2a: Granbull|Granbull, L88, M|302/302\n|-ability|p2a: Granbull|Intimidate|boost\n|-unboost|p1a: Zarude|atk|1\n|move|p1a: Zarude|Knock Off|p2a: Granbull\n|-resisted|p2a: Granbull\n|-damage|p2a: Granbull|247/302\n|-enditem|p2a: Granbull|Leftovers|[from] move: Knock Off|[of] p1a: Zarude\n|\n|upkeep\n|turn|8\n|\n|t:|1782838738\n|switch|p1a: Solgaleo|Solgaleo, L74|325/325\n|move|p2a: Granbull|Thunder Wave|p1a: Solgaleo\n|-status|p1a: Solgaleo|par\n|\n|upkeep\n|turn|9\n|\n|t:|1782838747\n|move|p2a: Granbull|Earthquake|p1a: Solgaleo\n|-supereffective|p1a: Solgaleo\n|-damage|p1a: Solgaleo|135/325 par\n|-enditem|p1a: Solgaleo|Weakness Policy\n|-boost|p1a: Solgaleo|atk|2|[from] item: Weakness Policy\n|-boost|p1a: Solgaleo|spa|2|[from] item: Weakness Policy\n|move|p1a: Solgaleo|Knock Off|p2a: Granbull\n|-resisted|p2a: Granbull\n|-damage|p2a: Granbull|200/302\n|\n|upkeep\n|turn|10\n|\n|t:|1782838752\n|move|p2a: Granbull|Earthquake|p1a: Solgaleo\n|-supereffective|p1a: Solgaleo\n|-damage|p1a: Solgaleo|0 fnt\n|faint|p1a: Solgaleo\n|\n|upkeep\n|\n|t:|1782838761\n|switch|p1a: Zarude|Zarude, L77|288/288\n|turn|11\n|\n|t:|1782838765\n|move|p1a: Zarude|Power Whip|p2a: Granbull|[miss]\n|-miss|p1a: Zarude|p2a: Granbull\n|move|p2a: Granbull|Play Rough|p1a: Zarude\n|-supereffective|p1a: Zarude\n|-damage|p1a: Zarude|66/288\n|\n|upkeep\n|turn|12\n|\n|t:|1782838768\n|move|p1a: Zarude|Power Whip|p2a: Granbull\n|-damage|p2a: Granbull|14/302\n|move|p2a: Granbull|Play Rough|p1a: Zarude\n|-supereffective|p1a: Zarude\n|-damage|p1a: Zarude|0 fnt\n|faint|p1a: Zarude\n|\n|upkeep\n|\n|t:|1782838779\n|switch|p1a: Cyclizar|Cyclizar, L83, F|210/252\n|turn|13\n|\n|t:|1782838783\n|switch|p2a: Ting-Lu|Ting-Lu, L78|370/370\n|-ability|p2a: Ting-Lu|Vessel of Ruin\n|move|p1a: Cyclizar|Knock Off|p2a: Ting-Lu\n|-resisted|p2a: Ting-Lu\n|-damage|p2a: Ting-Lu|344/370\n|-enditem|p2a: Ting-Lu|Leftovers|[from] move: Knock Off|[of] p1a: Cyclizar\n|\n|upkeep\n|turn|14\n|\n|t:|1782838788\n|move|p1a: Cyclizar|Shed Tail|p1a: Cyclizar\n|-start|p1a: Cyclizar|Substitute|[from] move: Shed Tail\n|-damage|p1a: Cyclizar|84/252\n|\n|t:|1782838795\n|switch|p1a: Iron Valiant|Iron Valiant, L78|244/244|[from] Shed Tail\n|move|p2a: Ting-Lu|Stealth Rock|p1a: Iron Valiant\n|-sidestart|p1: joeayt|move: Stealth Rock\n|\n|upkeep\n|turn|15\n|\n|t:|1782838810\n|-terastallize|p2a: Ting-Lu|Poison\n|move|p1a: Iron Valiant|Encore|p2a: Ting-Lu\n|-start|p2a: Ting-Lu|Encore\n|move|p2a: Ting-Lu|Stealth Rock||[still]\n|-fail|p2a: Ting-Lu\n|\n|upkeep\n|turn|16\n|\n|t:|1782838818\n|switch|p2a: Granbull|Granbull, L88, M|14/302\n|-ability|p2a: Granbull|Intimidate|boost\n|-immune|p1a: Iron Valiant\n|move|p1a: Iron Valiant|Knock Off|p2a: Granbull\n|-resisted|p2a: Granbull\n|-damage|p2a: Granbull|0 fnt\n|faint|p2a: Granbull\n|-damage|p1a: Iron Valiant|220/244|[from] item: Life Orb\n|\n|upkeep\n|\n|t:|1782838821\n|switch|p2a: Ting-Lu|Ting-Lu, L78, tera:Poison|344/370\n|-ability|p2a: Ting-Lu|Vessel of Ruin\n|turn|17\n|\n|t:|1782838829\n|move|p1a: Iron Valiant|Knock Off|p2a: Ting-Lu\n|-damage|p2a: Ting-Lu|291/370\n|-damage|p1a: Iron Valiant|196/244|[from] item: Life Orb\n|move|p2a: Ting-Lu|Earthquake|p1a: Iron Valiant\n|-end|p1a: Iron Valiant|Substitute\n|\n|upkeep\n|turn|18\n|\n|t:|1782838836\n|-end|p1a: Iron Valiant|Quark Drive|[silent]\n|switch|p1a: Volbeat|Volbeat, L90, M|182/263\n|move|p2a: Ting-Lu|Earthquake|p1a: Volbeat\n|-resisted|p1a: Volbeat\n|-damage|p1a: Volbeat|132/263\n|\n|upkeep\n|turn|19\n|\n|t:|1782838842\n|move|p1a: Volbeat|Roost|p1a: Volbeat\n|-heal|p1a: Volbeat|263/263\n|-singleturn|p1a: Volbeat|move: Roost\n|move|p2a: Ting-Lu|Spikes|p1a: Volbeat\n|-sidestart|p1: joeayt|Spikes\n|\n|upkeep\n|turn|20\n|\n|t:|1782838848\n|move|p1a: Volbeat|Thunder Wave|p2a: Ting-Lu\n|-status|p2a: Ting-Lu|par\n|move|p2a: Ting-Lu|Earthquake|p1a: Volbeat\n|-resisted|p1a: Volbeat\n|-damage|p1a: Volbeat|206/263\n|\n|upkeep\n|turn|21\n|\n|t:|1782838857\n|move|p1a: Volbeat|U-turn|p2a: Ting-Lu\n|-resisted|p2a: Ting-Lu\n|-damage|p2a: Ting-Lu|265/370 par\n|\n|t:|1782838858\n|switch|p1a: Electrode|Electrode, L92|195/260|[from] U-turn\n|-damage|p1a: Electrode|163/260|[from] Stealth Rock\n|-damage|p1a: Electrode|131/260|[from] Spikes\n|move|p2a: Ting-Lu|Payback|p1a: Electrode\n|-damage|p1a: Electrode|74/260\n|\n|-heal|p1a: Electrode|90/260|[from] item: Leftovers\n|upkeep\n|turn|22\n|\n|t:|1782838863\n|move|p1a: Electrode|Thunderbolt|p2a: Ting-Lu\n|-damage|p2a: Ting-Lu|175/370 par\n|move|p2a: Ting-Lu|Earthquake|p1a: Electrode\n|-supereffective|p1a: Electrode\n|-damage|p1a: Electrode|0 fnt\n|faint|p1a: Electrode\n|\n|upkeep\n|\n|t:|1782838868\n|switch|p1a: Cyclizar|Cyclizar, L83, F|168/252\n|turn|23\n|\n|t:|1782838873\n|switch|p2a: Cinccino|Cinccino, L83, M|260/260\n|move|p1a: Cyclizar|Rapid Spin|p2a: Cinccino\n|-damage|p2a: Cinccino|191/260\n|-boost|p1a: Cyclizar|spe|1\n|-sideend|p1: joeayt|Spikes|[from] move: Rapid Spin|[of] p1a: Cyclizar\n|-sideend|p1: joeayt|Stealth Rock|[from] move: Rapid Spin|[of] p1a: Cyclizar\n|\n|upkeep\n|turn|24\n|\n|t:|1782838879\n|move|p1a: Cyclizar|Draco Meteor|p2a: Cinccino\n|-damage|p2a: Cinccino|35/260\n|-unboost|p1a: Cyclizar|spa|2\n|move|p2a: Cinccino|Tail Slap|p1a: Cyclizar\n|-damage|p1a: Cyclizar|120/252\n|-damage|p1a: Cyclizar|72/252\n|-damage|p1a: Cyclizar|20/252\n|-damage|p1a: Cyclizar|0 fnt\n|faint|p1a: Cyclizar\n|-hitcount|p1: Cyclizar|4\n|\n|upkeep\n|\n|t:|1782838889\n|switch|p1a: Volbeat|Volbeat, L90, M|206/263\n|turn|25\n|\n|t:|1782838897\n|switch|p2a: Vaporeon|Vaporeon, L86, F|296/364\n|move|p1a: Volbeat|U-turn|p2a: Vaporeon\n|-damage|p2a: Vaporeon|197/364\n|\n|t:|1782838899\n|switch|p1a: Iron Valiant|Iron Valiant, L78|196/244|[from] U-turn\n|\n|-heal|p2a: Vaporeon|219/364|[from] item: Leftovers\n|upkeep\n|turn|26\n|\n|t:|1782838907\n|move|p1a: Iron Valiant|Knock Off|p2a: Vaporeon\n|-damage|p2a: Vaporeon|93/364\n|-enditem|p2a: Vaporeon|Leftovers|[from] move: Knock Off|[of] p1a: Iron Valiant\n|-damage|p1a: Iron Valiant|172/244|[from] item: Life Orb\n|move|p2a: Vaporeon|Scald|p1a: Iron Valiant\n|-damage|p1a: Iron Valiant|30/244\n|\n|upkeep\n|turn|27\n|\n|t:|1782838913\n|move|p1a: Iron Valiant|Moonblast|p2a: Vaporeon\n|-damage|p2a: Vaporeon|0 fnt\n|faint|p2a: Vaporeon\n|-damage|p1a: Iron Valiant|6/244|[from] item: Life Orb\n|\n|upkeep\n|\n|t:|1782838919\n|switch|p2a: Cinccino|Cinccino, L83, M|35/260\n|turn|28\n|\n|t:|1782838922\n|move|p2a: Cinccino|Bullet Seed|p1a: Iron Valiant\n|-damage|p1a: Iron Valiant|0 fnt\n|faint|p1a: Iron Valiant\n|-end|p1a: Iron Valiant|Quark Drive|[silent]\n|-hitcount|p1: Iron Valiant|1\n|\n|upkeep\n|\n|t:|1782838924\n|switch|p1a: Volbeat|Volbeat, L90, M|206/263\n|turn|29\n|\n|t:|1782838930\n|move|p2a: Cinccino|Tail Slap|p1a: Volbeat\n|-damage|p1a: Volbeat|164/263\n|-damage|p1a: Volbeat|127/263\n|-damage|p1a: Volbeat|84/263\n|-damage|p1a: Volbeat|44/263\n|-damage|p1a: Volbeat|4/263\n|-hitcount|p1a: Volbeat|5\n|move|p1a: Volbeat|U-turn|p2a: Cinccino\n|-damage|p2a: Cinccino|0 fnt\n|faint|p2a: Cinccino\n|\n|upkeep\n|\n|t:|1782838938\n|switch|p2a: Lilligant|Lilligant-Hisui, L79, F|240/240\n|turn|30\n|\n|t:|1782838944\n|move|p1a: Volbeat|Thunder Wave|p2a: Lilligant\n|-status|p2a: Lilligant|par\n|cant|p2a: Lilligant|par\n|\n|upkeep\n|turn|31\n|\n|t:|1782838950\n|move|p1a: Volbeat|Roost|p1a: Volbeat\n|-heal|p1a: Volbeat|136/263\n|-singleturn|p1a: Volbeat|move: Roost\n|move|p2a: Lilligant|Victory Dance|p2a: Lilligant\n|-boost|p2a: Lilligant|atk|1\n|-boost|p2a: Lilligant|def|1\n|-boost|p2a: Lilligant|spe|1\n|\n|upkeep\n|turn|32\n|\n|t:|1782838959\n|move|p1a: Volbeat|Encore|p2a: Lilligant\n|-start|p2a: Lilligant|Encore\n|cant|p2a: Lilligant|par\n|\n|upkeep\n|turn|33\n|\n|t:|1782838963\n|move|p1a: Volbeat|Roost|p1a: Volbeat\n|-heal|p1a: Volbeat|263/263\n|-singleturn|p1a: Volbeat|move: Roost\n|move|p2a: Lilligant|Victory Dance|p2a: Lilligant\n|-boost|p2a: Lilligant|atk|1\n|-boost|p2a: Lilligant|def|1\n|-boost|p2a: Lilligant|spe|1\n|\n|upkeep\n|turn|34\n|\n|t:|1782838966\n|move|p2a: Lilligant|Victory Dance|p2a: Lilligant\n|-boost|p2a: Lilligant|atk|1\n|-boost|p2a: Lilligant|def|1\n|-boost|p2a: Lilligant|spe|1\n|move|p1a: Volbeat|U-turn|p2a: Lilligant\n|-damage|p2a: Lilligant|204/240 par\n|\n|-end|p2a: Lilligant|Encore\n|upkeep\n|turn|35\n|\n|t:|1782838969\n|move|p1a: Volbeat|Encore|p2a: Lilligant\n|-start|p2a: Lilligant|Encore\n|cant|p2a: Lilligant|par\n|\n|upkeep\n|turn|36\n|\n|t:|1782838971\n|move|p2a: Lilligant|Victory Dance|p2a: Lilligant\n|-boost|p2a: Lilligant|atk|1\n|-boost|p2a: Lilligant|def|1\n|-boost|p2a: Lilligant|spe|1\n|move|p1a: Volbeat|U-turn|p2a: Lilligant\n|-damage|p2a: Lilligant|179/240 par\n|\n|upkeep\n|turn|37\n|\n|t:|1782838973\n|move|p2a: Lilligant|Victory Dance|p2a: Lilligant\n|-boost|p2a: Lilligant|atk|1\n|-boost|p2a: Lilligant|def|1\n|-boost|p2a: Lilligant|spe|1\n|move|p1a: Volbeat|U-turn|p2a: Lilligant\n|-damage|p2a: Lilligant|154/240 par\n|\n|-end|p2a: Lilligant|Encore\n|upkeep\n|turn|38\n|\n|t:|1782838976\n|move|p1a: Volbeat|Encore|p2a: Lilligant\n|-start|p2a: Lilligant|Encore\n|cant|p2a: Lilligant|par\n|\n|upkeep\n|turn|39\n|\n|t:|1782838979\n|move|p2a: Lilligant|Victory Dance|p2a: Lilligant\n|-boost|p2a: Lilligant|atk|1\n|-boost|p2a: Lilligant|def|1\n|-boost|p2a: Lilligant|spe|1\n|move|p1a: Volbeat|U-turn|p2a: Lilligant\n|-damage|p2a: Lilligant|135/240 par\n|\n|upkeep\n|turn|40\n|\n|t:|1782838984\n|move|p2a: Lilligant|Victory Dance|p2a: Lilligant\n|-boost|p2a: Lilligant|atk|0\n|-boost|p2a: Lilligant|def|0\n|-boost|p2a: Lilligant|spe|0\n|move|p1a: Volbeat|U-turn|p2a: Lilligant\n|-damage|p2a: Lilligant|114/240 par\n|\n|-end|p2a: Lilligant|Encore\n|upkeep\n|turn|41\n|\n|t:|1782838986\n|move|p1a: Volbeat|Encore|p2a: Lilligant\n|-start|p2a: Lilligant|Encore\n|move|p2a: Lilligant|Victory Dance|p2a: Lilligant\n|-boost|p2a: Lilligant|atk|0\n|-boost|p2a: Lilligant|def|0\n|-boost|p2a: Lilligant|spe|0\n|\n|upkeep\n|turn|42\n|\n|t:|1782838987\n|move|p2a: Lilligant|Victory Dance|p2a: Lilligant\n|-boost|p2a: Lilligant|atk|0\n|-boost|p2a: Lilligant|def|0\n|-boost|p2a: Lilligant|spe|0\n|move|p1a: Volbeat|U-turn|p2a: Lilligant\n|-damage|p2a: Lilligant|95/240 par\n|\n|upkeep\n|turn|43\n|\n|t:|1782838990\n|cant|p2a: Lilligant|par\n|move|p1a: Volbeat|U-turn|p2a: Lilligant\n|-damage|p2a: Lilligant|74/240 par\n|\n|-end|p2a: Lilligant|Encore\n|upkeep\n|turn|44\n|\n|t:|1782838992\n|move|p1a: Volbeat|Encore|p2a: Lilligant\n|-start|p2a: Lilligant|Encore\n|cant|p2a: Lilligant|par\n|\n|upkeep\n|turn|45\n|\n|t:|1782838994\n|move|p2a: Lilligant|Victory Dance|p2a: Lilligant\n|-boost|p2a: Lilligant|atk|0\n|-boost|p2a: Lilligant|def|0\n|-boost|p2a: Lilligant|spe|0\n|move|p1a: Volbeat|U-turn|p2a: Lilligant\n|-damage|p2a: Lilligant|53/240 par\n|\n|upkeep\n|turn|46\n|\n|t:|1782838996\n|move|p2a: Lilligant|Victory Dance|p2a: Lilligant\n|-boost|p2a: Lilligant|atk|0\n|-boost|p2a: Lilligant|def|0\n|-boost|p2a: Lilligant|spe|0\n|move|p1a: Volbeat|U-turn|p2a: Lilligant\n|-damage|p2a: Lilligant|34/240 par\n|\n|-end|p2a: Lilligant|Encore\n|upkeep\n|turn|47\n|\n|t:|1782838999\n|move|p1a: Volbeat|Encore|p2a: Lilligant\n|-start|p2a: Lilligant|Encore\n|move|p2a: Lilligant|Victory Dance|p2a: Lilligant\n|-boost|p2a: Lilligant|atk|0\n|-boost|p2a: Lilligant|def|0\n|-boost|p2a: Lilligant|spe|0\n|\n|upkeep\n|turn|48\n|\n|t:|1782839002\n|move|p2a: Lilligant|Victory Dance|p2a: Lilligant\n|-boost|p2a: Lilligant|atk|0\n|-boost|p2a: Lilligant|def|0\n|-boost|p2a: Lilligant|spe|0\n|move|p1a: Volbeat|U-turn|p2a: Lilligant\n|-damage|p2a: Lilligant|12/240 par\n|\n|upkeep\n|turn|49\n|\n|t:|1782839004\n|move|p2a: Lilligant|Victory Dance|p2a: Lilligant\n|-boost|p2a: Lilligant|atk|0\n|-boost|p2a: Lilligant|def|0\n|-boost|p2a: Lilligant|spe|0\n|move|p1a: Volbeat|U-turn|p2a: Lilligant\n|-damage|p2a: Lilligant|0 fnt\n|faint|p2a: Lilligant\n|\n|upkeep\n|\n|t:|1782839017\n|switch|p2a: Ting-Lu|Ting-Lu, L78, tera:Poison|175/370 par\n|-ability|p2a: Ting-Lu|Vessel of Ruin\n|turn|50\n|\n|t:|1782839023\n|move|p1a: Volbeat|U-turn|p2a: Ting-Lu\n|-resisted|p2a: Ting-Lu\n|-damage|p2a: Ting-Lu|148/370 par\n|move|p2a: Ting-Lu|Payback|p1a: Volbeat\n|-damage|p1a: Volbeat|146/263\n|\n|upkeep\n|turn|51\n|\n|t:|1782839030\n|move|p1a: Volbeat|Roost|p1a: Volbeat\n|-heal|p1a: Volbeat|263/263\n|-singleturn|p1a: Volbeat|move: Roost\n|move|p2a: Ting-Lu|Payback|p1a: Volbeat\n|-damage|p1a: Volbeat|160/263\n|\n|upkeep\n|turn|52\n|\n|t:|1782839038\n|move|p1a: Volbeat|U-turn|p2a: Ting-Lu\n|-resisted|p2a: Ting-Lu\n|-damage|p2a: Ting-Lu|118/370 par\n|move|p2a: Ting-Lu|Payback|p1a: Volbeat\n|-damage|p1a: Volbeat|45/263\n|\n|upkeep\n|turn|53\n|\n|t:|1782839042\n|move|p1a: Volbeat|Roost|p1a: Volbeat\n|-heal|p1a: Volbeat|177/263\n|-singleturn|p1a: Volbeat|move: Roost\n|move|p2a: Ting-Lu|Payback|p1a: Volbeat\n|-damage|p1a: Volbeat|72/263\n|\n|upkeep\n|turn|54\n|\n|t:|1782839046\n|move|p1a: Volbeat|Roost|p1a: Volbeat\n|-heal|p1a: Volbeat|204/263\n|-singleturn|p1a: Volbeat|move: Roost\n|move|p2a: Ting-Lu|Payback|p1a: Volbeat\n|-damage|p1a: Volbeat|93/263\n|\n|upkeep\n|turn|55\n|\n|t:|1782839050\n|move|p1a: Volbeat|Roost|p1a: Volbeat\n|-heal|p1a: Volbeat|225/263\n|-singleturn|p1a: Volbeat|move: Roost\n|cant|p2a: Ting-Lu|par\n|\n|upkeep\n|turn|56\n|\n|t:|1782839052\n|move|p1a: Volbeat|U-turn|p2a: Ting-Lu\n|-resisted|p2a: Ting-Lu\n|-damage|p2a: Ting-Lu|88/370 par\n|move|p2a: Ting-Lu|Payback|p1a: Volbeat\n|-damage|p1a: Volbeat|125/263\n|\n|upkeep\n|turn|57\n|\n|t:|1782839054\n|move|p1a: Volbeat|Roost|p1a: Volbeat\n|-heal|p1a: Volbeat|257/263\n|-singleturn|p1a: Volbeat|move: Roost\n|cant|p2a: Ting-Lu|par\n|\n|upkeep\n|turn|58\n|\n|t:|1782839056\n|move|p1a: Volbeat|U-turn|p2a: Ting-Lu\n|-resisted|p2a: Ting-Lu\n|-damage|p2a: Ting-Lu|60/370 par\n|move|p2a: Ting-Lu|Payback|p1a: Volbeat\n|-crit|p1a: Volbeat\n|-damage|p1a: Volbeat|100/263\n|\n|upkeep\n|turn|59\n|\n|t:|1782839059\n|move|p1a: Volbeat|U-turn|p2a: Ting-Lu\n|-resisted|p2a: Ting-Lu\n|-damage|p2a: Ting-Lu|32/370 par\n|move|p2a: Ting-Lu|Payback|p1a: Volbeat\n|-damage|p1a: Volbeat|0 fnt\n|faint|p1a: Volbeat\n|\n|win|pop smoke\n|raw|joeayt's rating: 2220 &rarr; <strong>2202</strong><br />(-18 for losing)\n|raw|pop smoke's rating: 2261 &rarr; <strong>2279</strong><br />(+18 for winning)\n", "inputlog": ">version f8ac14003a5f27e1bdc8d8c59608a773c1cb96e5\n>start {\"formatid\":\"gen9randombattle\",\"seed\":\"sodium,cfd76025f9c2d39dca72d82689c56a52\",\"rated\":\"Rated battle\"}\n>player p1 {\"name\":\"joeayt\",\"avatar\":\"cynthia-gen4\",\"rating\":2220,\"seed\":\"sodium,db70c08fe6ea72d46e235f83e14a9b46\"}\n>player p2 {\"name\":\"pop smoke\",\"avatar\":\"#wcop2025uswest2\",\"rating\":2261,\"seed\":\"sodium,7936a67cda735a7d073792121063070f\"}\n>p1 move shedtail\n>p2 move tidyup\n>p1 switch 6\n>p1 move flamecharge\n>p2 switch 5\n>p1 switch 4\n>p2 move scald\n>p1 move taunt\n>p2 switch 2\n>p1 switch 5\n>p2 move earthquake\n>p1 move uturn\n>p2 switch 2\n>p1 switch 2\n>p1 move knockoff\n>p2 switch 4\n>p1 switch 4\n>p2 move thunderwave\n>p1 move knockoff\n>p2 move earthquake\n>p1 move sunsteelstrike\n>p2 move earthquake\n>p1 switch 4\n>p1 move powerwhip\n>p2 move playrough\n>p1 move powerwhip\n>p2 move playrough\n>p1 switch 6\n>p1 move knockoff\n>p2 switch 2\n>p1 move shedtail\n>p2 move stealthrock\n>p1 switch 3\n>p1 move encore\n>p2 move earthquake terastallize\n>p1 move knockoff\n>p2 switch 2\n>p2 switch 2\n>p1 move knockoff\n>p2 move earthquake\n>p1 switch 2\n>p2 move earthquake\n>p1 move roost\n>p2 move spikes\n>p1 move thunderwave\n>p2 move earthquake\n>p1 move uturn\n>p2 move payback\n>p1 switch 5\n>p1 move thunderbolt\n>p2 move earthquake\n>p1 switch 3\n>p1 move rapidspin\n>p2 switch 5\n>p1 move dracometeor\n>p2 move tailslap\n>p1 switch 5\n>p1 move uturn\n>p2 switch 4\n>p1 switch 2\n>p1 move knockoff\n>p2 move scald\n>p1 move moonblast\n>p2 move scald\n>p2 switch 4\n>p1 move closecombat\n>p2 move bulletseed\n>p1 switch 2\n>p1 move uturn\n>p2 move tailslap\n>p2 switch 3\n>p1 move thunderwave\n>p2 move icespinner\n>p1 move roost\n>p2 move victorydance\n>p1 move encore\n>p2 move icespinner\n>p1 move roost\n>p2 move victorydance\n>p1 move uturn\n>p2 move victorydance\n>p1 move encore\n>p2 move victorydance\n>p1 move uturn\n>p2 move victorydance\n>p1 move uturn\n>p2 move victorydance\n>p1 move encore\n>p2 move icespinner\n>p1 move uturn\n>p2 move victorydance\n>p1 move uturn\n>p2 move victorydance\n>p1 move encore\n>p2 move icespinner\n>p1 move uturn\n>p2 move victorydance\n>p1 move uturn\n>p2 move victorydance\n>p1 move encore\n>p2 move icespinner\n>p1 move uturn\n>p2 move victorydance\n>p1 move uturn\n>p2 move victorydance\n>p1 move encore\n>p2 move icespinner\n>p1 move uturn\n>p2 move victorydance\n>p1 move uturn\n>p2 move victorydance\n>p2 switch 5\n>p1 move uturn\n>p2 move payback\n>p1 move roost\n>p2 move payback\n>p1 move uturn\n>p2 move payback\n>p1 move roost\n>p2 move payback\n>p1 move roost\n>p2 move payback\n>p1 move roost\n>p2 move payback\n>p1 move uturn\n>p2 move payback\n>p1 move roost\n>p2 move payback\n>p1 move uturn\n>p2 move payback\n>p1 move uturn\n>p2 move payback", "uploadtime": 1782839059, "views": 7, "formatid": "gen9randombattle", "rating": 2202, "private": 0, "password": null, "player_dets": [{"name": "joeayt", "avatar": "cynthia-gen4", "rating": 2220, "seed": "sodium,db70c08fe6ea72d46e235f83e14a9b46"}, {"name": "pop smoke", "avatar": "#wcop2025uswest2", "rating": 2261, "seed": "sodium,7936a67cda735a7d073792121063070f"}], "teams_full": [{"Cyclizar": {"name": "Cyclizar", "species": "Cyclizar", "speciesId": "cyclizar", "gender": "F", "shiny": false, "level": 83, "moves": ["rapidspin", "dracometeor", "shedtail", "knockoff"], "ability": "Regenerator", "evs": {"hp": 85, "atk": 85, "def": 85, "spa": 85, "spd": 85, "spe": 85}, "ivs": {"hp": 31, "atk": 31, "def": 31, "spa": 31, "spd": 31, "spe": 31}, "item": "Heavy-Duty Boots", "teraType": "Dragon", "role": "Fast Support", "bvs": {"hp": 70, "atk": 95, "def": 65, "spa": 85, "spd": 65, "spe": 121}, "stats": {"hp": 252, "atk": 205, "def": 156, "spa": 189, "spd": 156, "spe": 249}, "types": ["Dragon", "Normal"]}, "Zarude": {"name": "Zarude", "species": "Zarude", "speciesId": "zarude", "gender": "N", "shiny": false, "level": 77, "moves": ["closecombat", "knockoff", "powerwhip", "uturn"], "ability": "Leaf Guard", "evs": {"hp": 85, "atk": 85, "def": 85, "spa": 85, "spd": 85, "spe": 85}, "ivs": {"hp": 31, "atk": 31, "def": 31, "spa": 31, "spd": 31, "spe": 31}, "item": "Choice Band", "teraType": "Dark", "role": "Fast Attacker", "bvs": {"hp": 105, "atk": 120, "def": 105, "spa": 70, "spd": 95, "spe": 105}, "stats": {"hp": 288, "atk": 229, "def": 206, "spa": 152, "spd": 191, "spe": 206}, "types": ["Dark", "Grass"]}, "Iron Valiant": {"name": "Iron Valiant", "species": "Iron Valiant", "speciesId": "ironvaliant", "gender": "N", "shiny": false, "level": 78, "moves": ["knockoff", "closecombat", "encore", "moonblast"], "ability": "Quark Drive", "evs": {"hp": 85, "atk": 85, "def": 85, "spa": 85, "spd": 85, "spe": 85}, "ivs": {"hp": 31, "atk": 31, "def": 31, "spa": 31, "spd": 31, "spe": 31}, "item": "Life Orb", "teraType": "Fairy", "role": "Wallbreaker", "bvs": {"hp": 74, "atk": 130, "def": 90, "spa": 120, "spd": 60, "spe": 116}, "stats": {"hp": 244, "atk": 248, "def": 185, "spa": 232, "spd": 139, "spe": 226}, "types": ["Fairy", "Fighting"]}, "Electrode": {"name": "Electrode", "species": "Electrode", "speciesId": "electrode", "gender": "N", "shiny": false, "level": 92, "moves": ["explosion", "thunderwave", "thunderbolt", "taunt"], "ability": "Soundproof", "evs": {"hp": 85, "atk": 85, "def": 85, "spa": 85, "spd": 85, "spe": 85}, "ivs": {"hp": 31, "atk": 31, "def": 31, "spa": 31, "spd": 31, "spe": 31}, "item": "Leftovers", "teraType": "Electric", "role": "Fast Support", "bvs": {"hp": 60, "atk": 50, "def": 70, "spa": 80, "spd": 80, "spe": 150}, "stats": {"hp": 260, "atk": 144, "def": 181, "spa": 200, "spd": 200, "spe": 328}, "types": ["Electric"]}, "Volbeat": {"name": "Volbeat", "species": "Volbeat", "speciesId": "volbeat", "gender": "M", "shiny": false, "level": 90, "moves": ["roost", "thunderwave", "encore", "uturn"], "ability": "Prankster", "evs": {"hp": 85, "atk": 85, "def": 85, "spa": 85, "spd": 85, "spe": 85}, "ivs": {"hp": 31, "atk": 31, "def": 31, "spa": 31, "spd": 31, "spe": 31}, "item": "Heavy-Duty Boots", "teraType": "Steel", "role": "Bulky Support", "bvs": {"hp": 65, "atk": 73, "def": 75, "spa": 47, "spd": 85, "spe": 85}, "stats": {"hp": 263, "atk": 183, "def": 186, "spa": 136, "spd": 204, "spe": 204}, "types": ["Bug"]}, "Solgaleo": {"name": "Solgaleo", "species": "Solgaleo", "speciesId": "solgaleo", "gender": "N", "shiny": false, "level": 74, "moves": ["psychic", "flamecharge", "knockoff", "sunsteelstrike"], "ability": "Full Metal Body", "evs": {"hp": 85, "atk": 85, "def": 85, "spa": 85, "spd": 85, "spe": 85}, "ivs": {"hp": 31, "atk": 31, "def": 31, "spa": 31, "spd": 31, "spe": 31}, "item": "Weakness Policy", "teraType": "Dark", "role": "Bulky Setup", "bvs": {"hp": 137, "atk": 137, "def": 107, "spa": 113, "spd": 89, "spe": 97}, "stats": {"hp": 325, "atk": 246, "def": 201, "spa": 210, "spd": 175, "spe": 187}, "types": ["Psychic", "Steel"]}}, {"Cinccino": {"name": "Cinccino", "species": "Cinccino", "speciesId": "cinccino", "gender": "M", "shiny": false, "level": 83, "moves": ["tripleaxel", "tidyup", "bulletseed", "tailslap"], "ability": "Technician", "evs": {"hp": 85, "atk": 85, "def": 85, "spa": 85, "spd": 85, "spe": 85}, "ivs": {"hp": 31, "atk": 31, "def": 31, "spa": 31, "spd": 31, "spe": 31}, "item": "Loaded Dice", "teraType": "Grass", "role": "Fast Attacker", "bvs": {"hp": 75, "atk": 95, "def": 60, "spa": 65, "spd": 60, "spe": 115}, "stats": {"hp": 260, "atk": 205, "def": 147, "spa": 156, "spd": 147, "spe": 239}, "types": ["Normal"]}, "Ting-Lu": {"name": "Ting-Lu", "species": "Ting-Lu", "speciesId": "tinglu", "gender": "N", "shiny": false, "level": 78, "moves": ["stealthrock", "earthquake", "payback", "spikes"], "ability": "Vessel of Ruin", "evs": {"hp": 85, "atk": 85, "def": 85, "spa": 85, "spd": 85, "spe": 85}, "ivs": {"hp": 31, "atk": 31, "def": 31, "spa": 31, "spd": 31, "spe": 31}, "item": "Leftovers", "teraType": "Poison", "role": "Bulky Attacker", "bvs": {"hp": 155, "atk": 110, "def": 125, "spa": 55, "spd": 80, "spe": 45}, "stats": {"hp": 370, "atk": 217, "def": 240, "spa": 131, "spd": 170, "spe": 115}, "types": ["Dark", "Ground"]}, "Lilligant": {"name": "Lilligant", "species": "Lilligant-Hisui", "speciesId": "lilliganthisui", "gender": "F", "shiny": false, "level": 79, "moves": ["leafblade", "closecombat", "victorydance", "icespinner"], "ability": "Hustle", "evs": {"hp": 85, "atk": 85, "def": 85, "spa": 85, "spd": 85, "spe": 85}, "ivs": {"hp": 31, "atk": 31, "def": 31, "spa": 31, "spd": 31, "spe": 31}, "item": "Wide Lens", "teraType": "Steel", "role": "Setup Sweeper", "bvs": {"hp": 70, "atk": 105, "def": 75, "spa": 50, "spd": 75, "spe": 105}, "stats": {"hp": 240, "atk": 211, "def": 164, "spa": 125, "spd": 164, "spe": 211}, "types": ["Grass", "Fighting"]}, "Granbull": {"name": "Granbull", "species": "Granbull", "speciesId": "granbull", "gender": "M", "shiny": false, "level": 88, "moves": ["thunderwave", "playrough", "earthquake", "encore"], "ability": "Intimidate", "evs": {"hp": 85, "atk": 85, "def": 85, "spa": 85, "spd": 85, "spe": 85}, "ivs": {"hp": 31, "atk": 31, "def": 31, "spa": 31, "spd": 31, "spe": 31}, "item": "Leftovers", "teraType": "Ground", "role": "Bulky Attacker", "bvs": {"hp": 90, "atk": 120, "def": 75, "spa": 60, "spd": 60, "spe": 45}, "stats": {"hp": 302, "atk": 261, "def": 182, "spa": 156, "spd": 156, "spe": 129}, "types": ["Fairy"]}, "Vaporeon": {"name": "Vaporeon", "species": "Vaporeon", "speciesId": "vaporeon", "gender": "F", "shiny": false, "level": 86, "moves": ["protect", "scald", "roar", "wish"], "ability": "Water Absorb", "evs": {"hp": 85, "atk": 0, "def": 85, "spa": 85, "spd": 85, "spe": 85}, "ivs": {"hp": 31, "atk": 0, "def": 31, "spa": 31, "spd": 31, "spe": 31}, "item": "Leftovers", "teraType": "Ground", "role": "Bulky Attacker", "bvs": {"hp": 130, "atk": 65, "def": 60, "spa": 110, "spd": 95, "spe": 65}, "stats": {"hp": 364, "atk": 116, "def": 152, "spa": 238, "spd": 213, "spe": 161}, "types": ["Water"]}, "Sunflora": {"name": "Sunflora", "species": "Sunflora", "speciesId": "sunflora", "gender": "M", "shiny": false, "level": 100, "moves": ["sunnyday", "solarbeam", "weatherball", "earthpower"], "ability": "Chlorophyll", "evs": {"hp": 85, "atk": 0, "def": 85, "spa": 85, "spd": 85, "spe": 85}, "ivs": {"hp": 31, "atk": 0, "def": 31, "spa": 31, "spd": 31, "spe": 31}, "item": "Life Orb", "teraType": "Fire", "role": "Setup Sweeper", "bvs": {"hp": 75, "atk": 75, "def": 55, "spa": 105, "spd": 85, "spe": 30}, "stats": {"hp": 312, "atk": 155, "def": 167, "spa": 267, "spd": 227, "spe": 117}, "types": ["Grass"]}}]}