{"id": "gen9randombattle-2641784853", "format": "[Gen 9] Random Battle", "players": ["personanongrattata", "Bronzel Main"], "log": "|badge|p2|silver|gen9randombattle|30-9\n|html|<div class=\"broadcast-red\"><strong>This battle is required to be public due to one or more player having a season medal.</strong><br />During the public phase, you can discuss the state of the ladder <a href=\"/seasondiscussion\">in a special chatroom.</a></div>\n|uhtml|medal-msg|<div class=\"broadcast-blue\">Curious what those medals under the avatar are? PS now has Ladder Seasons! For more information, check out the <a href=\"https://www.smogon.com/forums/threads/3740067/\">thread on Smogon.</a></div>\n|raw|<div class=\"broadcast-blue\"><strong>This battle is required to be public due to a player having a name starting with 'medal'.</div>\n|j|\u2606personanongrattata\n|j|\u2606Bronzel Main\n|t:|1782841600\n|gametype|singles\n|player|p1|personanongrattata|youngster-gen4dp|2263\n|player|p2|Bronzel Main|veteran|2427\n|gen|9\n|tier|[Gen 9] Random Battle\n|rated|\n|rule|Species Clause: Limit one of each Pok\u00e9mon\n|rule|HP Percentage Mod: HP is shown in percentages\n|rule|Sleep Clause Mod: Limit one foe put to sleep\n|rule|Illusion Level Mod: Illusion disguises the Pok\u00e9mon's true level\n|\n|t:|1782841600\n|teamsize|p1|6\n|teamsize|p2|6\n|start\n|switch|p1a: Zangoose|Zangoose, L85, M|263/263\n|switch|p2a: Girafarig|Girafarig, L89, M|269/269\n|turn|1\n|inactive|Battle timer is ON: inactive players will automatically lose when time's up. (requested by personanongrattata)\n|\n|t:|1782841626\n|move|p1a: Zangoose|Knock Off|p2a: Girafarig\n|-supereffective|p2a: Girafarig\n|-damage|p2a: Girafarig|139/269\n|-enditem|p2a: Girafarig|Eviolite|[from] move: Knock Off|[of] p1a: Zangoose\n|move|p2a: Girafarig|Psychic|p1a: Zangoose\n|-damage|p1a: Zangoose|134/263\n|\n|-status|p1a: Zangoose|tox|[from] item: Toxic Orb\n|upkeep\n|turn|2\n|\n|t:|1782841630\n|switch|p2a: Forretress|Forretress, L84, F|263/263\n|move|p1a: Zangoose|Facade|p2a: Forretress\n|-resisted|p2a: Forretress\n|-damage|p2a: Forretress|169/263\n|\n|-heal|p2a: Forretress|185/263|[from] item: Leftovers\n|-damage|p1a: Zangoose|118/263 tox|[from] psn\n|upkeep\n|turn|3\n|\n|t:|1782841639\n|switch|p1a: Iron Moth|Iron Moth, L78|253/253\n|move|p2a: Forretress|Toxic Spikes|p1a: Iron Moth\n|-sidestart|p1: personanongrattata|move: Toxic Spikes\n|\n|-heal|p2a: Forretress|201/263|[from] item: Leftovers\n|upkeep\n|turn|4\n|\n|t:|1782841644\n|switch|p2a: Milotic|Milotic, L83, M|293/293\n|move|p1a: Iron Moth|U-turn|p2a: Milotic\n|-damage|p2a: Milotic|258/293\n|\n|t:|1782841650\n|-end|p1a: Iron Moth|Quark Drive|[silent]\n|switch|p1a: Vespiquen|Vespiquen, L99, F|299/299|[from] U-turn\n|-ability|p1a: Vespiquen|Pressure\n|\n|-heal|p2a: Milotic|276/293|[from] item: Leftovers\n|upkeep\n|turn|5\n|\n|t:|1782841662\n|switch|p2a: Dudunsparce|Dudunsparce, L83, F|343/343\n|move|p1a: Vespiquen|Spikes|p2a: Dudunsparce\n|-sidestart|p2: Bronzel Main|Spikes\n|\n|upkeep\n|turn|6\n|\n|t:|1782841669\n|switch|p1a: Orthworm|Orthworm, L88, F|266/266\n|move|p2a: Dudunsparce|Calm Mind|p2a: Dudunsparce\n|-boost|p2a: Dudunsparce|spa|1\n|-boost|p2a: Dudunsparce|spd|1\n|\n|upkeep\n|turn|7\n|\n|t:|1782841676\n|move|p1a: Orthworm|Coil|p1a: Orthworm\n|-boost|p1a: Orthworm|atk|1\n|-boost|p1a: Orthworm|def|1\n|-boost|p1a: Orthworm|accuracy|1\n|move|p2a: Dudunsparce|Boomburst|p1a: Orthworm\n|-resisted|p1a: Orthworm\n|-damage|p1a: Orthworm|134/266\n|\n|upkeep\n|turn|8\n|\n|t:|1782841697\n|switch|p2a: Milotic|Milotic, L83, M|276/293\n|-damage|p2a: Milotic|240/293|[from] Spikes\n|move|p1a: Orthworm|Rest|p1a: Orthworm\n|-status|p1a: Orthworm|slp|[from] move: Rest\n|-heal|p1a: Orthworm|266/266 slp|[silent]\n|-enditem|p1a: Orthworm|Chesto Berry|[eat]\n|-curestatus|p1a: Orthworm|slp|[msg]\n|\n|-heal|p2a: Milotic|258/293|[from] item: Leftovers\n|upkeep\n|turn|9\n|\n|t:|1782841704\n|switch|p1a: Vespiquen|Vespiquen, L99, F|299/299\n|-ability|p1a: Vespiquen|Pressure\n|move|p2a: Milotic|Scald|p1a: Vespiquen\n|-damage|p1a: Vespiquen|232/299\n|-status|p1a: Vespiquen|brn\n|\n|-heal|p2a: Milotic|276/293|[from] item: Leftovers\n|-damage|p1a: Vespiquen|214/299 brn|[from] brn\n|upkeep\n|turn|10\n|\n|t:|1782841710\n|switch|p2a: Dudunsparce|Dudunsparce, L83, F|343/343\n|-damage|p2a: Dudunsparce|301/343|[from] Spikes\n|move|p1a: Vespiquen|U-turn|p2a: Dudunsparce\n|-damage|p2a: Dudunsparce|251/343\n|-ability|p2a: Dudunsparce|Rattled|boost\n|-boost|p2a: Dudunsparce|spe|1\n|\n|t:|1782841728\n|switch|p1a: Orthworm|Orthworm, L88, F|266/266|[from] U-turn\n|\n|-heal|p2a: Dudunsparce|272/343|[from] item: Leftovers\n|upkeep\n|turn|11\n|\n|t:|1782841738\n|switch|p2a: Forretress|Forretress, L84, F|201/263\n|-damage|p2a: Forretress|169/263|[from] Spikes\n|move|p1a: Orthworm|Body Press|p2a: Forretress\n|-damage|p2a: Forretress|113/263\n|\n|-heal|p2a: Forretress|129/263|[from] item: Leftovers\n|upkeep\n|turn|12\n|\n|t:|1782841744\n|switch|p1a: Iron Moth|Iron Moth, L78|253/253\n|-sideend|p1: personanongrattata|move: Toxic Spikes|[of] p1a: Iron Moth\n|move|p2a: Forretress|Rapid Spin|p1a: Iron Moth\n|-damage|p1a: Iron Moth|204/253\n|-boost|p2a: Forretress|spe|1\n|-sideend|p2: Bronzel Main|Spikes|[from] move: Rapid Spin|[of] p2a: Forretress\n|\n|-heal|p2a: Forretress|145/263|[from] item: Leftovers\n|upkeep\n|turn|13\n|\n|t:|1782841751\n|switch|p2a: Milotic|Milotic, L83, M|276/293\n|move|p1a: Iron Moth|U-turn|p2a: Milotic\n|-damage|p2a: Milotic|242/293\n|\n|t:|1782841763\n|-end|p1a: Iron Moth|Quark Drive|[silent]\n|switch|p1a: Zangoose|Zangoose, L85, M|118/263 tox|[from] U-turn\n|\n|-heal|p2a: Milotic|260/293|[from] item: Leftovers\n|-damage|p1a: Zangoose|102/263 tox|[from] psn\n|upkeep\n|turn|14\n|\n|t:|1782841772\n|switch|p2a: Forretress|Forretress, L84, F|145/263\n|move|p1a: Zangoose|Facade|p2a: Forretress\n|-resisted|p2a: Forretress\n|-damage|p2a: Forretress|55/263\n|\n|-heal|p2a: Forretress|71/263|[from] item: Leftovers\n|-damage|p1a: Zangoose|70/263 tox|[from] psn\n|upkeep\n|turn|15\n|\n|t:|1782841778\n|move|p1a: Zangoose|Close Combat|p2a: Forretress\n|-damage|p2a: Forretress|0 fnt\n|-unboost|p1a: Zangoose|def|1\n|-unboost|p1a: Zangoose|spd|1\n|faint|p2a: Forretress\n|\n|-damage|p1a: Zangoose|22/263 tox|[from] psn\n|upkeep\n|\n|t:|1782841782\n|switch|p2a: Sceptile|Sceptile, L87, F|264/264\n|turn|16\n|\n|t:|1782841785\n|switch|p1a: Orthworm|Orthworm, L88, F|266/266\n|move|p2a: Sceptile|Rock Slide|p1a: Orthworm\n|-resisted|p1a: Orthworm\n|-damage|p1a: Orthworm|244/266\n|-damage|p2a: Sceptile|238/264|[from] item: Life Orb\n|\n|upkeep\n|turn|17\n|\n|t:|1782841788\n|move|p2a: Sceptile|Focus Blast|p1a: Orthworm\n|-supereffective|p1a: Orthworm\n|-damage|p1a: Orthworm|0 fnt\n|faint|p1a: Orthworm\n|-damage|p2a: Sceptile|212/264|[from] item: Life Orb\n|\n|upkeep\n|\n|t:|1782841792\n|switch|p1a: Florges|Florges, L85, F|271/271\n|turn|18\n|\n|t:|1782841802\n|switch|p2a: Milotic|Milotic, L83, M|260/293\n|move|p1a: Florges|Moonblast|p2a: Milotic\n|-damage|p2a: Milotic|163/293\n|-unboost|p2a: Milotic|spa|1\n|-ability|p2a: Milotic|Competitive|boost\n|-boost|p2a: Milotic|spa|2\n|\n|-heal|p2a: Milotic|181/293|[from] item: Leftovers\n|upkeep\n|turn|19\n|\n|t:|1782841806\n|move|p2a: Milotic|Recover|p2a: Milotic\n|-heal|p2a: Milotic|293/293\n|move|p1a: Florges|Calm Mind|p1a: Florges\n|-boost|p1a: Florges|spa|1\n|-boost|p1a: Florges|spd|1\n|\n|upkeep\n|turn|20\n|\n|t:|1782841809\n|move|p2a: Milotic|Scald|p1a: Florges\n|-damage|p1a: Florges|217/271\n|move|p1a: Florges|Moonblast|p2a: Milotic\n|-damage|p2a: Milotic|163/293\n|\n|-heal|p2a: Milotic|181/293|[from] item: Leftovers\n|-heal|p1a: Florges|233/271|[from] item: Leftovers\n|upkeep\n|turn|21\n|\n|t:|1782841813\n|move|p2a: Milotic|Scald|p1a: Florges\n|-damage|p1a: Florges|176/271\n|-status|p1a: Florges|brn\n|move|p1a: Florges|Calm Mind|p1a: Florges\n|-boost|p1a: Florges|spa|1\n|-boost|p1a: Florges|spd|1\n|\n|-heal|p2a: Milotic|199/293|[from] item: Leftovers\n|-heal|p1a: Florges|192/271 brn|[from] item: Leftovers\n|-damage|p1a: Florges|176/271 brn|[from] brn\n|upkeep\n|turn|22\n|\n|t:|1782841815\n|move|p2a: Milotic|Haze|p2a: Milotic\n|-clearallboost\n|move|p1a: Florges|Moonblast|p2a: Milotic\n|-crit|p2a: Milotic\n|-damage|p2a: Milotic|52/293\n|\n|-heal|p2a: Milotic|70/293|[from] item: Leftovers\n|-heal|p1a: Florges|192/271 brn|[from] item: Leftovers\n|-damage|p1a: Florges|176/271 brn|[from] brn\n|upkeep\n|turn|23\n|\n|t:|1782841819\n|move|p2a: Milotic|Recover|p2a: Milotic\n|-heal|p2a: Milotic|217/293\n|move|p1a: Florges|Calm Mind|p1a: Florges\n|-boost|p1a: Florges|spa|1\n|-boost|p1a: Florges|spd|1\n|\n|-heal|p2a: Milotic|235/293|[from] item: Leftovers\n|-heal|p1a: Florges|192/271 brn|[from] item: Leftovers\n|-damage|p1a: Florges|176/271 brn|[from] brn\n|upkeep\n|turn|24\n|\n|t:|1782841829\n|move|p2a: Milotic|Haze|p2a: Milotic\n|-clearallboost\n|move|p1a: Florges|Moonblast|p2a: Milotic\n|-damage|p2a: Milotic|145/293\n|\n|-heal|p2a: Milotic|163/293|[from] item: Leftovers\n|-heal|p1a: Florges|192/271 brn|[from] item: Leftovers\n|-damage|p1a: Florges|176/271 brn|[from] brn\n|upkeep\n|turn|25\n|\n|t:|1782841834\n|move|p2a: Milotic|Recover|p2a: Milotic\n|-heal|p2a: Milotic|293/293\n|move|p1a: Florges|Calm Mind|p1a: Florges\n|-boost|p1a: Florges|spa|1\n|-boost|p1a: Florges|spd|1\n|\n|-heal|p1a: Florges|192/271 brn|[from] item: Leftovers\n|-damage|p1a: Florges|176/271 brn|[from] brn\n|upkeep\n|turn|26\n|\n|t:|1782841839\n|move|p2a: Milotic|Haze|p2a: Milotic\n|-clearallboost\n|move|p1a: Florges|Moonblast|p2a: Milotic\n|-damage|p2a: Milotic|206/293\n|-unboost|p2a: Milotic|spa|1\n|-ability|p2a: Milotic|Competitive|boost\n|-boost|p2a: Milotic|spa|2\n|\n|-heal|p2a: Milotic|224/293|[from] item: Leftovers\n|-heal|p1a: Florges|192/271 brn|[from] item: Leftovers\n|-damage|p1a: Florges|176/271 brn|[from] brn\n|upkeep\n|turn|27\n|\n|t:|1782841842\n|move|p2a: Milotic|Scald|p1a: Florges\n|-damage|p1a: Florges|97/271 brn\n|move|p1a: Florges|Calm Mind|p1a: Florges\n|-boost|p1a: Florges|spa|1\n|-boost|p1a: Florges|spd|1\n|\n|-heal|p2a: Milotic|242/293|[from] item: Leftovers\n|-heal|p1a: Florges|113/271 brn|[from] item: Leftovers\n|-damage|p1a: Florges|97/271 brn|[from] brn\n|upkeep\n|turn|28\n|\n|t:|1782841845\n|move|p2a: Milotic|Scald|p1a: Florges\n|-damage|p1a: Florges|40/271 brn\n|move|p1a: Florges|Synthesis|p1a: Florges\n|-heal|p1a: Florges|175/271 brn\n|\n|-heal|p2a: Milotic|260/293|[from] item: Leftovers\n|-heal|p1a: Florges|191/271 brn|[from] item: Leftovers\n|-damage|p1a: Florges|175/271 brn|[from] brn\n|upkeep\n|turn|29\n|\n|t:|1782841848\n|move|p2a: Milotic|Scald|p1a: Florges\n|-damage|p1a: Florges|118/271 brn\n|move|p1a: Florges|Calm Mind|p1a: Florges\n|-boost|p1a: Florges|spa|1\n|-boost|p1a: Florges|spd|1\n|\n|-heal|p2a: Milotic|278/293|[from] item: Leftovers\n|-heal|p1a: Florges|134/271 brn|[from] item: Leftovers\n|-damage|p1a: Florges|118/271 brn|[from] brn\n|upkeep\n|turn|30\n|\n|t:|1782841851\n|move|p2a: Milotic|Haze|p2a: Milotic\n|-clearallboost\n|move|p1a: Florges|Synthesis|p1a: Florges\n|-heal|p1a: Florges|253/271 brn\n|\n|-heal|p2a: Milotic|293/293|[from] item: Leftovers\n|-heal|p1a: Florges|269/271 brn|[from] item: Leftovers\n|-damage|p1a: Florges|253/271 brn|[from] brn\n|upkeep\n|turn|31\n|\n|t:|1782841860\n|switch|p2a: Dudunsparce|Dudunsparce, L83, F|272/343\n|switch|p1a: Vespiquen|Vespiquen, L99, F|214/299 brn\n|-ability|p1a: Vespiquen|Pressure\n|\n|-heal|p2a: Dudunsparce|293/343|[from] item: Leftovers\n|-damage|p1a: Vespiquen|196/299 brn|[from] brn\n|upkeep\n|turn|32\n|\n|t:|1782841879\n|switch|p1a: Iron Moth|Iron Moth, L78|204/253\n|move|p2a: Dudunsparce|Boomburst|p1a: Iron Moth\n|-damage|p1a: Iron Moth|95/253\n|\n|-heal|p2a: Dudunsparce|314/343|[from] item: Leftovers\n|upkeep\n|turn|33\n|\n|t:|1782841887\n|switch|p2a: Milotic|Milotic, L83, M|293/293\n|move|p1a: Iron Moth|Sludge Wave|p2a: Milotic\n|-damage|p2a: Milotic|160/293\n|-status|p2a: Milotic|psn\n|\n|-heal|p2a: Milotic|178/293 psn|[from] item: Leftovers\n|-damage|p2a: Milotic|142/293 psn|[from] psn\n|upkeep\n|turn|34\n|\n|t:|1782841894\n|-end|p1a: Iron Moth|Quark Drive|[silent]\n|switch|p1a: Vespiquen|Vespiquen, L99, F|196/299 brn\n|-ability|p1a: Vespiquen|Pressure\n|move|p2a: Milotic|Recover|p2a: Milotic\n|-heal|p2a: Milotic|289/293 psn\n|\n|-heal|p2a: Milotic|293/293 psn|[from] item: Leftovers\n|-damage|p2a: Milotic|257/293 psn|[from] psn\n|-damage|p1a: Vespiquen|178/299 brn|[from] brn\n|upkeep\n|turn|35\n|\n|t:|1782841899\n|move|p2a: Milotic|Ice Beam|p1a: Vespiquen\n|-supereffective|p1a: Vespiquen\n|-damage|p1a: Vespiquen|74/299 brn\n|move|p1a: Vespiquen|Spikes|p2a: Milotic\n|-sidestart|p2: Bronzel Main|Spikes\n|\n|-heal|p2a: Milotic|275/293 psn|[from] item: Leftovers\n|-damage|p2a: Milotic|239/293 psn|[from] psn\n|-damage|p1a: Vespiquen|56/299 brn|[from] brn\n|upkeep\n|turn|36\n|\n|t:|1782841908\n|switch|p1a: Florges|Florges, L85, F|253/271 brn\n|move|p2a: Milotic|Scald|p1a: Florges\n|-damage|p1a: Florges|198/271 brn\n|\n|-heal|p2a: Milotic|257/293 psn|[from] item: Leftovers\n|-heal|p1a: Florges|214/271 brn|[from] item: Leftovers\n|-damage|p2a: Milotic|221/293 psn|[from] psn\n|-damage|p1a: Florges|198/271 brn|[from] brn\n|upkeep\n|turn|37\n|\n|t:|1782841920\n|switch|p2a: Dudunsparce|Dudunsparce, L83, F|314/343\n|-damage|p2a: Dudunsparce|272/343|[from] Spikes\n|move|p1a: Florges|Calm Mind|p1a: Florges\n|-boost|p1a: Florges|spa|1\n|-boost|p1a: Florges|spd|1\n|\n|-heal|p1a: Florges|214/271 brn|[from] item: Leftovers\n|-heal|p2a: Dudunsparce|293/343|[from] item: Leftovers\n|-damage|p1a: Florges|198/271 brn|[from] brn\n|upkeep\n|turn|38\n|\n|t:|1782841924\n|-terastallize|p2a: Dudunsparce|Poison\n|move|p1a: Florges|Moonblast|p2a: Dudunsparce\n|-resisted|p2a: Dudunsparce\n|-damage|p2a: Dudunsparce|194/343\n|move|p2a: Dudunsparce|Calm Mind|p2a: Dudunsparce\n|-boost|p2a: Dudunsparce|spa|1\n|-boost|p2a: Dudunsparce|spd|1\n|\n|-heal|p1a: Florges|214/271 brn|[from] item: Leftovers\n|-heal|p2a: Dudunsparce|215/343|[from] item: Leftovers\n|-damage|p1a: Florges|198/271 brn|[from] brn\n|upkeep\n|turn|39\n|\n|t:|1782841932\n|move|p1a: Florges|Calm Mind|p1a: Florges\n|-boost|p1a: Florges|spa|1\n|-boost|p1a: Florges|spd|1\n|move|p2a: Dudunsparce|Boomburst|p1a: Florges\n|-damage|p1a: Florges|140/271 brn\n|\n|-heal|p1a: Florges|156/271 brn|[from] item: Leftovers\n|-heal|p2a: Dudunsparce|236/343|[from] item: Leftovers\n|-damage|p1a: Florges|140/271 brn|[from] brn\n|upkeep\n|turn|40\n|\n|t:|1782841936\n|-terastallize|p1a: Florges|Ground\n|move|p1a: Florges|Tera Blast|p2a: Dudunsparce|[anim] Tera Blast Ground\n|-supereffective|p2a: Dudunsparce\n|-damage|p2a: Dudunsparce|0 fnt\n|faint|p2a: Dudunsparce\n|\n|-heal|p1a: Florges|156/271 brn|[from] item: Leftovers\n|-damage|p1a: Florges|140/271 brn|[from] brn\n|upkeep\n|inactive|Bronzel Main has 120 seconds left.\n|\n|t:|1782841978\n|switch|p2a: Milotic|Milotic, L83, M|221/293 psn\n|-damage|p2a: Milotic|185/293 psn|[from] Spikes\n|turn|41\n|\n|t:|1782841983\n|move|p2a: Milotic|Haze|p2a: Milotic\n|-clearallboost\n|move|p1a: Florges|Synthesis|p1a: Florges\n|-heal|p1a: Florges|271/271 brn\n|\n|-heal|p2a: Milotic|203/293 psn|[from] item: Leftovers\n|-damage|p2a: Milotic|167/293 psn|[from] psn\n|-damage|p1a: Florges|255/271 brn|[from] brn\n|upkeep\n|turn|42\n|\n|t:|1782841986\n|move|p2a: Milotic|Recover|p2a: Milotic\n|-heal|p2a: Milotic|293/293 psn\n|move|p1a: Florges|Tera Blast|p2a: Milotic|[anim] Tera Blast Ground\n|-damage|p2a: Milotic|218/293 psn\n|\n|-heal|p2a: Milotic|236/293 psn|[from] item: Leftovers\n|-heal|p1a: Florges|271/271 brn|[from] item: Leftovers\n|-damage|p2a: Milotic|200/293 psn|[from] psn\n|-damage|p1a: Florges|255/271 brn|[from] brn\n|upkeep\n|turn|43\n|\n|t:|1782841991\n|move|p2a: Milotic|Scald|p1a: Florges\n|-supereffective|p1a: Florges\n|-crit|p1a: Florges\n|-damage|p1a: Florges|99/271 brn\n|move|p1a: Florges|Calm Mind|p1a: Florges\n|-boost|p1a: Florges|spa|1\n|-boost|p1a: Florges|spd|1\n|\n|-heal|p2a: Milotic|218/293 psn|[from] item: Leftovers\n|-heal|p1a: Florges|115/271 brn|[from] item: Leftovers\n|-damage|p2a: Milotic|182/293 psn|[from] psn\n|-damage|p1a: Florges|99/271 brn|[from] brn\n|upkeep\n|turn|44\n|\n|t:|1782841994\n|move|p2a: Milotic|Haze|p2a: Milotic\n|-clearallboost\n|move|p1a: Florges|Synthesis|p1a: Florges\n|-heal|p1a: Florges|234/271 brn\n|\n|-heal|p2a: Milotic|200/293 psn|[from] item: Leftovers\n|-heal|p1a: Florges|250/271 brn|[from] item: Leftovers\n|-damage|p2a: Milotic|164/293 psn|[from] psn\n|-damage|p1a: Florges|234/271 brn|[from] brn\n|upkeep\n|turn|45\n|\n|t:|1782841999\n|move|p2a: Milotic|Scald|p1a: Florges\n|-supereffective|p1a: Florges\n|-damage|p1a: Florges|126/271 brn\n|move|p1a: Florges|Calm Mind|p1a: Florges\n|-boost|p1a: Florges|spa|1\n|-boost|p1a: Florges|spd|1\n|\n|-heal|p2a: Milotic|182/293 psn|[from] item: Leftovers\n|-heal|p1a: Florges|142/271 brn|[from] item: Leftovers\n|-damage|p2a: Milotic|146/293 psn|[from] psn\n|-damage|p1a: Florges|126/271 brn|[from] brn\n|upkeep\n|turn|46\n|\n|t:|1782842002\n|move|p2a: Milotic|Recover|p2a: Milotic\n|-heal|p2a: Milotic|293/293 psn\n|move|p1a: Florges|Moonblast|p2a: Milotic\n|-damage|p2a: Milotic|157/293 psn\n|\n|-heal|p2a: Milotic|175/293 psn|[from] item: Leftovers\n|-heal|p1a: Florges|142/271 brn|[from] item: Leftovers\n|-damage|p2a: Milotic|139/293 psn|[from] psn\n|-damage|p1a: Florges|126/271 brn|[from] brn\n|upkeep\n|turn|47\n|\n|t:|1782842007\n|move|p2a: Milotic|Haze|p2a: Milotic\n|-clearallboost\n|move|p1a: Florges|Moonblast|p2a: Milotic\n|-damage|p2a: Milotic|49/293 psn\n|\n|-heal|p2a: Milotic|67/293 psn|[from] item: Leftovers\n|-heal|p1a: Florges|142/271 brn|[from] item: Leftovers\n|-damage|p2a: Milotic|31/293 psn|[from] psn\n|-damage|p1a: Florges|126/271 brn|[from] brn\n|upkeep\n|turn|48\n|\n|t:|1782842011\n|move|p2a: Milotic|Recover|p2a: Milotic\n|-heal|p2a: Milotic|178/293 psn\n|move|p1a: Florges|Synthesis|p1a: Florges\n|-heal|p1a: Florges|261/271 brn\n|\n|-heal|p2a: Milotic|196/293 psn|[from] item: Leftovers\n|-heal|p1a: Florges|271/271 brn|[from] item: Leftovers\n|-damage|p2a: Milotic|160/293 psn|[from] psn\n|-damage|p1a: Florges|255/271 brn|[from] brn\n|upkeep\n|turn|49\n|\n|t:|1782842013\n|move|p2a: Milotic|Scald|p1a: Florges\n|-supereffective|p1a: Florges\n|-damage|p1a: Florges|141/271 brn\n|move|p1a: Florges|Calm Mind|p1a: Florges\n|-boost|p1a: Florges|spa|1\n|-boost|p1a: Florges|spd|1\n|\n|-heal|p2a: Milotic|178/293 psn|[from] item: Leftovers\n|-heal|p1a: Florges|157/271 brn|[from] item: Leftovers\n|-damage|p2a: Milotic|142/293 psn|[from] psn\n|-damage|p1a: Florges|141/271 brn|[from] brn\n|upkeep\n|turn|50\n|\n|t:|1782842020\n|move|p2a: Milotic|Scald|p1a: Florges\n|-supereffective|p1a: Florges\n|-damage|p1a: Florges|67/271 brn\n|move|p1a: Florges|Moonblast|p2a: Milotic\n|-damage|p2a: Milotic|16/293 psn\n|\n|-heal|p2a: Milotic|34/293 psn|[from] item: Leftovers\n|-heal|p1a: Florges|83/271 brn|[from] item: Leftovers\n|-damage|p2a: Milotic|0 fnt|[from] psn\n|faint|p2a: Milotic\n|-damage|p1a: Florges|67/271 brn|[from] brn\n|upkeep\n|\n|t:|1782842025\n|switch|p2a: Sceptile|Sceptile, L87, F|212/264\n|-damage|p2a: Sceptile|179/264|[from] Spikes\n|turn|51\n|\n|t:|1782842044\n|switch|p1a: Vespiquen|Vespiquen, L99, F|56/299 brn\n|-ability|p1a: Vespiquen|Pressure\n|move|p2a: Sceptile|Earthquake|p1a: Vespiquen\n|-immune|p1a: Vespiquen\n|\n|-damage|p1a: Vespiquen|38/299 brn|[from] brn\n|upkeep\n|turn|52\n|\n|t:|1782842049\n|move|p2a: Sceptile|Rock Slide|p1a: Vespiquen\n|-supereffective|p1a: Vespiquen\n|-crit|p1a: Vespiquen\n|-damage|p1a: Vespiquen|0 fnt\n|faint|p1a: Vespiquen\n|-damage|p2a: Sceptile|153/264|[from] item: Life Orb\n|\n|upkeep\n|\n|t:|1782842052\n|switch|p1a: Archaludon|Archaludon, L78, M|268/268\n|turn|53\n|\n|t:|1782842060\n|switch|p2a: Girafarig|Girafarig, L89, M|139/269\n|-damage|p2a: Girafarig|106/269|[from] Spikes\n|move|p1a: Archaludon|Outrage|p2a: Girafarig\n|-damage|p2a: Girafarig|0 fnt\n|faint|p2a: Girafarig\n|\n|upkeep\n|\n|t:|1782842063\n|switch|p2a: Appletun|Appletun, L92, M|352/352\n|-damage|p2a: Appletun|308/352|[from] Spikes\n|turn|54\n|\n|t:|1782842072\n|move|p1a: Archaludon|Outrage|p2a: Appletun|[from] lockedmove\n|-supereffective|p2a: Appletun\n|-damage|p2a: Appletun|78/352\n|move|p2a: Appletun|Draco Meteor|p1a: Archaludon\n|-damage|p1a: Archaludon|57/268\n|-unboost|p2a: Appletun|spa|2\n|-ability|p1a: Archaludon|Stamina|boost\n|-boost|p1a: Archaludon|def|1\n|\n|-heal|p2a: Appletun|100/352|[from] item: Leftovers\n|upkeep\n|turn|55\n|\n|t:|1782842086\n|move|p1a: Archaludon|Outrage|p2a: Appletun|[from] lockedmove\n|-supereffective|p2a: Appletun\n|-damage|p2a: Appletun|0 fnt\n|faint|p2a: Appletun\n|-start|p1a: Archaludon|confusion|[fatigue]\n|-enditem|p1a: Archaludon|Lum Berry|[eat]\n|-end|p1a: Archaludon|confusion\n|\n|upkeep\n|\n|t:|1782842088\n|switch|p2a: Sceptile|Sceptile, L87, F|153/264\n|-damage|p2a: Sceptile|120/264|[from] Spikes\n|turn|56\n|\n|t:|1782842094\n|move|p2a: Sceptile|Earthquake|p1a: Archaludon\n|-supereffective|p1a: Archaludon\n|-damage|p1a: Archaludon|0 fnt\n|faint|p1a: Archaludon\n|-damage|p2a: Sceptile|94/264|[from] item: Life Orb\n|\n|upkeep\n|\n|t:|1782842100\n|switch|p1a: Florges|Florges, L85, F, tera:Ground|67/271 brn\n|turn|57\n|\n|t:|1782842103\n|switch|p1a: Iron Moth|Iron Moth, L78|95/253\n|move|p2a: Sceptile|Earthquake|p1a: Iron Moth\n|-supereffective|p1a: Iron Moth\n|-damage|p1a: Iron Moth|0 fnt\n|faint|p1a: Iron Moth\n|-end|p1a: Iron Moth|Quark Drive|[silent]\n|-damage|p2a: Sceptile|68/264|[from] item: Life Orb\n|\n|upkeep\n|\n|t:|1782842107\n|switch|p1a: Zangoose|Zangoose, L85, M|22/263 tox\n|turn|58\n|\n|t:|1782842109\n|move|p2a: Sceptile|Earthquake|p1a: Zangoose\n|-damage|p1a: Zangoose|0 fnt\n|faint|p1a: Zangoose\n|-damage|p2a: Sceptile|42/264|[from] item: Life Orb\n|\n|upkeep\n|\n|t:|1782842110\n|switch|p1a: Florges|Florges, L85, F, tera:Ground|67/271 brn\n|turn|59\n|\n|t:|1782842112\n|move|p2a: Sceptile|Earthquake|p1a: Florges\n|-damage|p1a: Florges|0 fnt\n|faint|p1a: Florges\n|-damage|p2a: Sceptile|16/264|[from] item: Life Orb\n|\n|win|Bronzel Main\n|raw|personanongrattata's rating: 2263 &rarr; <strong>2252</strong><br />(-11 for losing)\n|raw|Bronzel Main's rating: 2427 &rarr; <strong>2438</strong><br />(+11 for winning)\n", "inputlog": ">version f8ac14003a5f27e1bdc8d8c59608a773c1cb96e5\n>start {\"formatid\":\"gen9randombattle\",\"seed\":\"sodium,3d4e306557442f5178105f257b454a9d\",\"rated\":\"Rated battle\"}\n>player p1 {\"name\":\"personanongrattata\",\"avatar\":\"youngster-gen4dp\",\"rating\":2263,\"seed\":\"sodium,5cb9f74e913471cfceac8bed0c7bd16e\"}\n>player p2 {\"name\":\"Bronzel Main\",\"avatar\":\"veteran\",\"rating\":2427,\"seed\":\"sodium,efa92a57fba00d62a56decdb4b9b7144\"}\n>p1 move knockoff\n>p2 move psychic\n>p1 move facade\n>p2 switch 5\n>p1 switch 2\n>p2 move toxicspikes\n>p1 move uturn\n>p2 switch 6\n>p1 switch 6\n>p1 move spikes\n>p2 switch 2\n>p1 switch 4\n>p2 move calmmind\n>p1 move coil\n>p2 move boomburst\n>p1 move rest\n>p2 switch 2\n>p1 switch 4\n>p2 move scald\n>p1 move uturn\n>p2 switch 2\n>p1 switch 4\n>p1 move bodypress\n>p2 switch 6\n>p1 switch 6\n>p2 move rapidspin\n>p1 move uturn\n>p2 switch 2\n>p1 switch 2\n>p1 move facade\n>p2 switch 2\n>p1 move closecombat\n>p2 move voltswitch\n>p2 switch 4\n>p1 switch 6\n>p2 move rockslide\n>p1 move bodypress\n>p2 move focusblast\n>p1 switch 3\n>p1 move moonblast\n>p2 switch 2\n>p1 move calmmind\n>p2 move recover\n>p1 move moonblast\n>p2 move scald\n>p1 move calmmind\n>p2 move scald\n>p1 move moonblast\n>p2 move haze\n>p1 move calmmind\n>p2 move recover\n>p1 move moonblast\n>p2 move haze\n>p1 move calmmind\n>p2 move recover\n>p1 move moonblast\n>p2 move haze\n>p1 move calmmind\n>p2 move scald\n>p1 move synthesis\n>p2 move scald\n>p1 move calmmind\n>p2 move scald\n>p1 move synthesis\n>p2 move haze\n>p1 switch 4\n>p2 switch 6\n>p1 switch 2\n>p2 move boomburst\n>p1 move sludgewave\n>p2 switch 6\n>p1 switch 2\n>p2 move recover\n>p1 move spikes\n>p2 move icebeam\n>p1 switch 4\n>p2 move scald\n>p1 move calmmind\n>p2 switch 6\n>p1 move moonblast\n>p2 move calmmind terastallize\n>p1 move calmmind\n>p2 move boomburst\n>p1 move terablast terastallize\n>p2 move roost\n>p2 switch 6\n>p1 move synthesis\n>p2 move haze\n>p1 move terablast\n>p2 move recover\n>p1 move calmmind\n>p2 move scald\n>p1 move synthesis\n>p2 move haze\n>p1 move calmmind\n>p2 move scald\n>p1 move moonblast\n>p2 move recover\n>p1 move moonblast\n>p2 move haze\n>p1 move synthesis\n>p2 move recover\n>p1 move calmmind\n>p2 move scald\n>p1 move moonblast\n>p2 move scald\n>p2 switch 2\n>p1 switch 4\n>p2 move earthquake\n>p1 move uturn\n>p2 move rockslide\n>p1 switch 5\n>p1 move outrage\n>p2 switch 5\n>p2 switch 3\n>p1 move outrage\n>p2 move dracometeor\n>p1 move outrage\n>p2 move dracometeor\n>p2 switch 5\n>p1 move outrage\n>p2 move earthquake\n>p1 switch 4\n>p1 switch 2\n>p2 move earthquake\n>p1 switch 6\n>p1 move facade\n>p2 move earthquake\n>p1 switch 2\n>p1 move moonblast\n>p2 move earthquake", "uploadtime": 1782842112, "views": 6, "formatid": "gen9randombattle", "rating": 2252, "private": 0, "password": null, "player_dets": [{"name": "personanongrattata", "avatar": "youngster-gen4dp", "rating": 2263, "seed": "sodium,5cb9f74e913471cfceac8bed0c7bd16e"}, {"name": "Bronzel Main", "avatar": "veteran", "rating": 2427, "seed": "sodium,efa92a57fba00d62a56decdb4b9b7144"}], "teams_full": [{"Zangoose": {"name": "Zangoose", "species": "Zangoose", "speciesId": "zangoose", "gender": "M", "shiny": false, "level": 85, "moves": ["knockoff", "closecombat", "facade", "swordsdance"], "ability": "Toxic Boost", "evs": {"hp": 85, "atk": 85, "def": 85, "spa": 85, "spd": 85, "spe": 85}, "ivs": {"hp": 31, "atk": 31, "def": 31, "spa": 31, "spd": 31, "spe": 31}, "item": "Toxic Orb", "teraType": "Normal", "role": "Fast Attacker", "bvs": {"hp": 73, "atk": 115, "def": 60, "spa": 60, "spd": 60, "spe": 90}, "stats": {"hp": 263, "atk": 244, "def": 151, "spa": 151, "spd": 151, "spe": 202}, "types": ["Normal"]}, "Iron Moth": {"name": "Iron Moth", "species": "Iron Moth", "speciesId": "ironmoth", "gender": "N", "shiny": false, "level": 78, "moves": ["energyball", "fierydance", "uturn", "sludgewave"], "ability": "Quark Drive", "evs": {"hp": 85, "atk": 85, "def": 85, "spa": 85, "spd": 85, "spe": 85}, "ivs": {"hp": 31, "atk": 31, "def": 31, "spa": 31, "spd": 31, "spe": 31}, "item": "Choice Specs", "teraType": "Grass", "role": "Fast Attacker", "bvs": {"hp": 80, "atk": 70, "def": 60, "spa": 140, "spd": 110, "spe": 110}, "stats": {"hp": 253, "atk": 154, "def": 139, "spa": 263, "spd": 217, "spe": 217}, "types": ["Fire", "Poison"]}, "Florges": {"name": "Florges", "species": "Florges", "speciesId": "florges", "gender": "F", "shiny": false, "level": 85, "moves": ["synthesis", "calmmind", "moonblast", "terablast"], "ability": "Flower Veil", "evs": {"hp": 85, "atk": 0, "def": 85, "spa": 85, "spd": 85, "spe": 85}, "ivs": {"hp": 31, "atk": 0, "def": 31, "spa": 31, "spd": 31, "spe": 31}, "item": "Leftovers", "teraType": "Ground", "role": "Tera Blast user", "bvs": {"hp": 78, "atk": 65, "def": 68, "spa": 112, "spd": 154, "spe": 75}, "stats": {"hp": 271, "atk": 115, "def": 164, "spa": 239, "spd": 311, "spe": 176}, "types": ["Fairy"]}, "Orthworm": {"name": "Orthworm", "species": "Orthworm", "speciesId": "orthworm", "gender": "F", "shiny": false, "level": 88, "moves": ["coil", "rest", "irontail", "bodypress"], "ability": "Earth Eater", "evs": {"hp": 85, "atk": 85, "def": 85, "spa": 85, "spd": 85, "spe": 85}, "ivs": {"hp": 31, "atk": 31, "def": 31, "spa": 31, "spd": 31, "spe": 31}, "item": "Chesto Berry", "teraType": "Electric", "role": "Bulky Setup", "bvs": {"hp": 70, "atk": 85, "def": 145, "spa": 60, "spd": 55, "spe": 65}, "stats": {"hp": 266, "atk": 200, "def": 305, "spa": 156, "spd": 147, "spe": 165}, "types": ["Steel"]}, "Archaludon": {"name": "Archaludon", "species": "Archaludon", "speciesId": "archaludon", "gender": "M", "shiny": false, "level": 78, "moves": ["ironhead", "swordsdance", "outrage", "earthquake"], "ability": "Stamina", "evs": {"hp": 85, "atk": 85, "def": 85, "spa": 85, "spd": 85, "spe": 85}, "ivs": {"hp": 31, "atk": 31, "def": 31, "spa": 31, "spd": 31, "spe": 31}, "item": "Lum Berry", "teraType": "Ground", "role": "Bulky Setup", "bvs": {"hp": 90, "atk": 105, "def": 130, "spa": 125, "spd": 65, "spe": 85}, "stats": {"hp": 268, "atk": 209, "def": 248, "spa": 240, "spd": 146, "spe": 178}, "types": ["Steel", "Dragon"]}, "Vespiquen": {"name": "Vespiquen", "species": "Vespiquen", "speciesId": "vespiquen", "gender": "F", "shiny": false, "level": 99, "moves": ["spikes", "roost", "hurricane", "uturn"], "ability": "Pressure", "evs": {"hp": 85, "atk": 85, "def": 85, "spa": 85, "spd": 85, "spe": 85}, "ivs": {"hp": 31, "atk": 31, "def": 31, "spa": 31, "spd": 31, "spe": 31}, "item": "Heavy-Duty Boots", "teraType": "Steel", "role": "Bulky Support", "bvs": {"hp": 70, "atk": 80, "def": 102, "spa": 80, "spd": 102, "spe": 40}, "stats": {"hp": 299, "atk": 214, "def": 258, "spa": 214, "spd": 258, "spe": 135}, "types": ["Bug", "Flying"]}}, {"Girafarig": {"name": "Girafarig", "species": "Girafarig", "speciesId": "girafarig", "gender": "M", "shiny": false, "level": 89, "moves": ["thunderbolt", "psychic", "dazzlinggleam", "nastyplot"], "ability": "Sap Sipper", "evs": {"hp": 85, "atk": 0, "def": 85, "spa": 85, "spd": 85, "spe": 85}, "ivs": {"hp": 31, "atk": 0, "def": 31, "spa": 31, "spd": 31, "spe": 31}, "item": "Eviolite", "teraType": "Electric", "role": "Bulky Setup", "bvs": {"hp": 70, "atk": 80, "def": 65, "spa": 90, "spd": 65, "spe": 85}, "stats": {"hp": 269, "atk": 147, "def": 166, "spa": 211, "spd": 166, "spe": 202}, "types": ["Normal", "Psychic"]}, "Dudunsparce": {"name": "Dudunsparce", "species": "Dudunsparce", "speciesId": "dudunsparce", "gender": "F", "shiny": false, "level": 83, "moves": ["roost", "boomburst", "shadowball", "calmmind"], "ability": "Rattled", "evs": {"hp": 85, "atk": 0, "def": 85, "spa": 85, "spd": 85, "spe": 85}, "ivs": {"hp": 31, "atk": 0, "def": 31, "spa": 31, "spd": 31, "spe": 31}, "item": "Leftovers", "teraType": "Poison", "role": "Bulky Setup", "bvs": {"hp": 125, "atk": 100, "def": 80, "spa": 85, "spd": 75, "spe": 55}, "stats": {"hp": 343, "atk": 171, "def": 180, "spa": 189, "spd": 172, "spe": 139}, "types": ["Normal"]}, "Appletun": {"name": "Appletun", "species": "Appletun", "speciesId": "appletun", "gender": "M", "shiny": false, "level": 92, "moves": ["recover", "dragontail", "appleacid", "dracometeor"], "ability": "Thick Fat", "evs": {"hp": 85, "atk": 85, "def": 85, "spa": 85, "spd": 85, "spe": 85}, "ivs": {"hp": 31, "atk": 31, "def": 31, "spa": 31, "spd": 31, "spe": 31}, "item": "Leftovers", "teraType": "Steel", "role": "Bulky Attacker", "bvs": {"hp": 110, "atk": 85, "def": 80, "spa": 100, "spd": 80, "spe": 30}, "stats": {"hp": 352, "atk": 209, "def": 200, "spa": 236, "spd": 200, "spe": 108}, "types": ["Grass", "Dragon"]}, "Sceptile": {"name": "Sceptile", "species": "Sceptile", "speciesId": "sceptile", "gender": "F", "shiny": false, "level": 87, "moves": ["focusblast", "leafstorm", "earthquake", "rockslide"], "ability": "Overgrow", "evs": {"hp": 85, "atk": 85, "def": 85, "spa": 85, "spd": 85, "spe": 85}, "ivs": {"hp": 31, "atk": 31, "def": 31, "spa": 31, "spd": 31, "spe": 31}, "item": "Life Orb", "teraType": "Grass", "role": "Fast Attacker", "bvs": {"hp": 70, "atk": 85, "def": 65, "spa": 105, "spd": 85, "spe": 120}, "stats": {"hp": 264, "atk": 198, "def": 163, "spa": 232, "spd": 198, "spe": 259}, "types": ["Grass"]}, "Forretress": {"name": "Forretress", "species": "Forretress", "speciesId": "forretress", "gender": "F", "shiny": false, "level": 84, "moves": ["ironhead", "voltswitch", "toxicspikes", "rapidspin"], "ability": "Sturdy", "evs": {"hp": 85, "atk": 85, "def": 85, "spa": 85, "spd": 85, "spe": 85}, "ivs": {"hp": 31, "atk": 31, "def": 31, "spa": 31, "spd": 31, "spe": 31}, "item": "Leftovers", "teraType": "Water", "role": "Bulky Support", "bvs": {"hp": 75, "atk": 90, "def": 140, "spa": 60, "spd": 60, "spe": 40}, "stats": {"hp": 263, "atk": 199, "def": 283, "spa": 149, "spd": 149, "spe": 115}, "types": ["Bug", "Steel"]}, "Milotic": {"name": "Milotic", "species": "Milotic", "speciesId": "milotic", "gender": "M", "shiny": false, "level": 83, "moves": ["recover", "icebeam", "scald", "haze"], "ability": "Competitive", "evs": {"hp": 85, "atk": 0, "def": 85, "spa": 85, "spd": 85, "spe": 85}, "ivs": {"hp": 31, "atk": 0, "def": 31, "spa": 31, "spd": 31, "spe": 31}, "item": "Leftovers", "teraType": "Dragon", "role": "Bulky Attacker", "bvs": {"hp": 95, "atk": 60, "def": 79, "spa": 100, "spd": 125, "spe": 81}, "stats": {"hp": 293, "atk": 104, "def": 179, "spa": 214, "spd": 255, "spe": 182}, "types": ["Water"]}}]}