{"id": "gen9randombattle-2641438020", "format": "[Gen 9] Random Battle", "players": ["Aeroclaw00", "2322f32qfe23"], "log": "|j|\u2606Aeroclaw00\n|j|\u26062322f32qfe23\n|t:|1782784771\n|gametype|singles\n|player|p1|Aeroclaw00|101|1931\n|player|p2|2322f32qfe23|169|1902\n|gen|9\n|tier|[Gen 9] Random Battle\n|rated|\n|rule|Species Clause: Limit one of each Pok\u00e9mon\n|rule|HP Percentage Mod: HP is shown in percentages\n|rule|Sleep Clause Mod: Limit one foe put to sleep\n|rule|Illusion Level Mod: Illusion disguises the Pok\u00e9mon's true level\n|\n|t:|1782784771\n|teamsize|p1|6\n|teamsize|p2|6\n|start\n|switch|p1a: Sableye|Sableye, L88, M|231/231\n|switch|p2a: Palkia|Palkia-Origin, L72|249/249\n|-ability|p2a: Palkia|Pressure\n|turn|1\n|inactive|Battle timer is ON: inactive players will automatically lose when time's up. (requested by 2322f32qfe23)\n|\n|t:|1782784782\n|move|p1a: Sableye|Thunder Wave|p2a: Palkia\n|-status|p2a: Palkia|par\n|move|p2a: Palkia|Thunder Wave|p1a: Sableye\n|-status|p1a: Sableye|par\n|\n|upkeep\n|turn|2\n|\n|t:|1782784786\n|switch|p2a: Komala|Komala, L88, M|258/258\n|-ability|p2a: Komala|Comatose\n|cant|p1a: Sableye|par\n|\n|upkeep\n|turn|3\n|\n|t:|1782784800\n|move|p2a: Komala|Knock Off|p1a: Sableye\n|-damage|p1a: Sableye|140/231 par\n|-enditem|p1a: Sableye|Leftovers|[from] move: Knock Off|[of] p2a: Komala\n|cant|p1a: Sableye|par\n|\n|upkeep\n|turn|4\n|\n|t:|1782784804\n|move|p2a: Komala|U-turn|p1a: Sableye\n|-damage|p1a: Sableye|76/231 par\n|\n|t:|1782784807\n|switch|p2a: Palkia|Palkia-Origin, L72|249/249 par|[from] U-turn\n|-ability|p2a: Palkia|Pressure\n|move|p1a: Sableye|Knock Off|p2a: Palkia\n|-damage|p2a: Palkia|177/249 par\n|\n|upkeep\n|turn|5\n|\n|t:|1782784811\n|move|p1a: Sableye|Recover|p1a: Sableye\n|-heal|p1a: Sableye|192/231 par\n|move|p2a: Palkia|Draco Meteor|p1a: Sableye|[miss]\n|-miss|p2a: Palkia|p1a: Sableye\n|\n|upkeep\n|turn|6\n|\n|t:|1782784816\n|switch|p1a: Gholdengo|Gholdengo, L77|261/261\n|move|p2a: Palkia|Hydro Pump|p1a: Gholdengo\n|-damage|p1a: Gholdengo|117/261\n|\n|upkeep\n|turn|7\n|\n|t:|1782784823\n|move|p1a: Gholdengo|Shadow Ball|p2a: Palkia\n|-damage|p2a: Palkia|90/249 par\n|-unboost|p2a: Palkia|spd|1\n|move|p2a: Palkia|Hydro Pump|p1a: Gholdengo\n|-damage|p1a: Gholdengo|0 fnt\n|faint|p1a: Gholdengo\n|\n|upkeep\n|\n|t:|1782784843\n|switch|p1a: Exeggutor|Exeggutor-Alola, L89, F|314/314\n|-item|p2a: Palkia|Lustrous Globe|[from] ability: Frisk|[of] p1a: Exeggutor\n|turn|8\n|\n|t:|1782784846\n|move|p1a: Exeggutor|Giga Drain|p2a: Palkia\n|-damage|p2a: Palkia|0 fnt\n|faint|p2a: Palkia\n|\n|upkeep\n|\n|t:|1782784868\n|switch|p2a: Arboliva|Arboliva, L91, F|288/288\n|turn|9\n|\n|t:|1782784883\n|switch|p1a: Floatzel|Floatzel, L86, F|286/286\n|move|p2a: Arboliva|Hyper Voice|p1a: Floatzel\n|-damage|p1a: Floatzel|94/286\n|\n|upkeep\n|turn|10\n|\n|t:|1782784887\n|move|p2a: Arboliva|Protect|p2a: Arboliva\n|-singleturn|p2a: Arboliva|Protect\n|move|p1a: Floatzel|Flip Turn|p2a: Arboliva\n|-activate|p2a: Arboliva|move: Protect\n|\n|upkeep\n|turn|11\n|inactive|Aeroclaw00 has 120 seconds left.\n|\n|t:|1782784920\n|move|p1a: Floatzel|Flip Turn|p2a: Arboliva\n|-resisted|p2a: Arboliva\n|-damage|p2a: Arboliva|237/288\n|\n|t:|1782784923\n|switch|p1a: Exeggutor|Exeggutor-Alola, L89, F|314/314|[from] Flip Turn\n|-item|p2a: Arboliva|Sitrus Berry|[from] ability: Frisk|[of] p1a: Exeggutor\n|move|p2a: Arboliva|Substitute|p2a: Arboliva\n|-start|p2a: Arboliva|Substitute\n|-damage|p2a: Arboliva|165/288\n|\n|upkeep\n|turn|12\n|\n|t:|1782784925\n|move|p1a: Exeggutor|Flamethrower|p2a: Arboliva\n|-supereffective|p2a: Arboliva\n|-end|p2a: Arboliva|Substitute\n|move|p2a: Arboliva|Hyper Voice|p1a: Exeggutor\n|-damage|p1a: Exeggutor|161/314\n|\n|upkeep\n|turn|13\n|\n|t:|1782784937\n|move|p2a: Arboliva|Protect|p2a: Arboliva\n|-singleturn|p2a: Arboliva|Protect\n|move|p1a: Exeggutor|Flamethrower|p2a: Arboliva\n|-activate|p2a: Arboliva|move: Protect\n|\n|upkeep\n|turn|14\n|\n|t:|1782784945\n|switch|p2a: Rotom|Rotom-Wash, L82|216/216\n|move|p1a: Exeggutor|Flamethrower|p2a: Rotom\n|-resisted|p2a: Rotom\n|-damage|p2a: Rotom|158/216\n|\n|-heal|p2a: Rotom|171/216|[from] item: Leftovers\n|upkeep\n|turn|15\n|\n|t:|1782784961\n|switch|p2a: Arboliva|Arboliva, L91, F|165/288\n|switch|p1a: Sableye|Sableye, L88, M|192/231 par\n|\n|upkeep\n|turn|16\n|\n|t:|1782784969\n|move|p2a: Arboliva|Substitute|p2a: Arboliva\n|-start|p2a: Arboliva|Substitute\n|-damage|p2a: Arboliva|93/288\n|-enditem|p2a: Arboliva|Sitrus Berry|[eat]\n|-heal|p2a: Arboliva|165/288|[from] item: Sitrus Berry\n|cant|p1a: Sableye|par\n|\n|upkeep\n|turn|17\n|\n|t:|1782784976\n|move|p1a: Sableye|Encore|p2a: Arboliva\n|-start|p2a: Arboliva|Encore\n|move|p2a: Arboliva|Substitute|p2a: Arboliva\n|-fail|p2a: Arboliva|move: Substitute\n|\n|-item|p2a: Arboliva|Sitrus Berry|[from] ability: Harvest\n|upkeep\n|turn|18\n|\n|t:|1782784981\n|move|p2a: Arboliva|Substitute|p2a: Arboliva\n|-fail|p2a: Arboliva|move: Substitute\n|move|p1a: Sableye|Knock Off|p2a: Arboliva\n|-end|p2a: Arboliva|Substitute\n|\n|upkeep\n|turn|19\n|\n|t:|1782784984\n|move|p2a: Arboliva|Substitute|p2a: Arboliva\n|-start|p2a: Arboliva|Substitute\n|-damage|p2a: Arboliva|93/288\n|-enditem|p2a: Arboliva|Sitrus Berry|[eat]\n|-heal|p2a: Arboliva|165/288|[from] item: Sitrus Berry\n|move|p1a: Sableye|Knock Off|p2a: Arboliva\n|-activate|p2a: Arboliva|move: Substitute|[damage]\n|\n|-end|p2a: Arboliva|Encore\n|-item|p2a: Arboliva|Sitrus Berry|[from] ability: Harvest\n|upkeep\n|turn|20\n|\n|t:|1782784990\n|move|p1a: Sableye|Encore|p2a: Arboliva\n|-start|p2a: Arboliva|Encore\n|move|p2a: Arboliva|Substitute|p2a: Arboliva\n|-fail|p2a: Arboliva|move: Substitute\n|\n|upkeep\n|turn|21\n|\n|t:|1782784992\n|move|p2a: Arboliva|Substitute|p2a: Arboliva\n|-fail|p2a: Arboliva|move: Substitute\n|move|p1a: Sableye|Knock Off|p2a: Arboliva\n|-end|p2a: Arboliva|Substitute\n|\n|upkeep\n|turn|22\n|\n|t:|1782785005\n|move|p2a: Arboliva|Substitute|p2a: Arboliva\n|-start|p2a: Arboliva|Substitute\n|-damage|p2a: Arboliva|93/288\n|-enditem|p2a: Arboliva|Sitrus Berry|[eat]\n|-heal|p2a: Arboliva|165/288|[from] item: Sitrus Berry\n|cant|p1a: Sableye|par\n|\n|-end|p2a: Arboliva|Encore\n|upkeep\n|turn|23\n|\n|t:|1782785008\n|move|p1a: Sableye|Encore|p2a: Arboliva\n|-start|p2a: Arboliva|Encore\n|move|p2a: Arboliva|Substitute|p2a: Arboliva\n|-fail|p2a: Arboliva|move: Substitute\n|\n|-item|p2a: Arboliva|Sitrus Berry|[from] ability: Harvest\n|upkeep\n|turn|24\n|\n|t:|1782785012\n|switch|p1a: Exeggutor|Exeggutor-Alola, L89, F|161/314\n|-item|p2a: Arboliva|Sitrus Berry|[from] ability: Frisk|[of] p1a: Exeggutor\n|move|p2a: Arboliva|Substitute|p2a: Arboliva\n|-fail|p2a: Arboliva|move: Substitute\n|\n|upkeep\n|turn|25\n|\n|t:|1782785016\n|switch|p2a: Rotom|Rotom-Wash, L82|171/216\n|move|p1a: Exeggutor|Flamethrower|p2a: Rotom\n|-resisted|p2a: Rotom\n|-damage|p2a: Rotom|119/216\n|\n|-heal|p2a: Rotom|132/216|[from] item: Leftovers\n|upkeep\n|turn|26\n|\n|t:|1782785022\n|switch|p2a: Arboliva|Arboliva, L91, F|165/288\n|switch|p1a: Sableye|Sableye, L88, M|192/231 par\n|\n|upkeep\n|turn|27\n|\n|t:|1782785025\n|move|p2a: Arboliva|Leech Seed|p1a: Sableye\n|-start|p1a: Sableye|move: Leech Seed\n|move|p1a: Sableye|Knock Off|p2a: Arboliva\n|-damage|p2a: Arboliva|78/288\n|-enditem|p2a: Arboliva|Sitrus Berry|[from] move: Knock Off|[of] p1a: Sableye\n|\n|-damage|p1a: Sableye|164/231 par|[from] Leech Seed|[of] p2a: Arboliva\n|-heal|p2a: Arboliva|106/288|[silent]\n|upkeep\n|turn|28\n|\n|t:|1782785030\n|move|p2a: Arboliva|Protect|p2a: Arboliva\n|-singleturn|p2a: Arboliva|Protect\n|move|p1a: Sableye|Encore|p2a: Arboliva\n|-activate|p2a: Arboliva|move: Protect\n|\n|-damage|p1a: Sableye|136/231 par|[from] Leech Seed|[of] p2a: Arboliva\n|-heal|p2a: Arboliva|134/288|[silent]\n|upkeep\n|turn|29\n|\n|t:|1782785035\n|move|p1a: Sableye|Encore|p2a: Arboliva\n|-start|p2a: Arboliva|Encore\n|move|p2a: Arboliva|Protect||[still]\n|-fail|p2a: Arboliva\n|\n|-damage|p1a: Sableye|108/231 par|[from] Leech Seed|[of] p2a: Arboliva\n|-heal|p2a: Arboliva|162/288|[silent]\n|upkeep\n|turn|30\n|\n|t:|1782785038\n|switch|p1a: Exeggutor|Exeggutor-Alola, L89, F|161/314\n|move|p2a: Arboliva|Protect||[still]\n|-fail|p2a: Arboliva\n|\n|upkeep\n|turn|31\n|\n|t:|1782785044\n|move|p2a: Arboliva|Protect|p2a: Arboliva\n|-singleturn|p2a: Arboliva|Protect\n|move|p1a: Exeggutor|Giga Drain|p2a: Arboliva\n|-activate|p2a: Arboliva|move: Protect\n|\n|-end|p2a: Arboliva|Encore\n|upkeep\n|turn|32\n|\n|t:|1782785049\n|move|p1a: Exeggutor|Giga Drain|p2a: Arboliva\n|-resisted|p2a: Arboliva\n|-damage|p2a: Arboliva|99/288\n|-heal|p1a: Exeggutor|193/314|[from] drain|[of] p2a: Arboliva\n|move|p2a: Arboliva|Hyper Voice|p1a: Exeggutor\n|-damage|p1a: Exeggutor|36/314\n|\n|upkeep\n|turn|33\n|\n|t:|1782785054\n|switch|p1a: Sableye|Sableye, L88, M|108/231 par\n|move|p2a: Arboliva|Leech Seed|p1a: Sableye\n|-start|p1a: Sableye|move: Leech Seed\n|\n|-damage|p1a: Sableye|80/231 par|[from] Leech Seed|[of] p2a: Arboliva\n|-heal|p2a: Arboliva|127/288|[silent]\n|upkeep\n|turn|34\n|\n|t:|1782785057\n|move|p2a: Arboliva|Protect|p2a: Arboliva\n|-singleturn|p2a: Arboliva|Protect\n|cant|p1a: Sableye|par\n|\n|-damage|p1a: Sableye|52/231 par|[from] Leech Seed|[of] p2a: Arboliva\n|-heal|p2a: Arboliva|155/288|[silent]\n|upkeep\n|turn|35\n|\n|t:|1782785062\n|move|p1a: Sableye|Encore|p2a: Arboliva\n|-start|p2a: Arboliva|Encore\n|move|p2a: Arboliva|Protect||[still]\n|-fail|p2a: Arboliva\n|\n|-damage|p1a: Sableye|24/231 par|[from] Leech Seed|[of] p2a: Arboliva\n|-heal|p2a: Arboliva|183/288|[silent]\n|upkeep\n|turn|36\n|\n|t:|1782785068\n|move|p2a: Arboliva|Protect|p2a: Arboliva\n|-singleturn|p2a: Arboliva|Protect\n|move|p1a: Sableye|Recover|p1a: Sableye\n|-heal|p1a: Sableye|140/231 par\n|\n|-damage|p1a: Sableye|112/231 par|[from] Leech Seed|[of] p2a: Arboliva\n|-heal|p2a: Arboliva|211/288|[silent]\n|upkeep\n|turn|37\n|\n|t:|1782785087\n|move|p2a: Arboliva|Protect||[still]\n|-fail|p2a: Arboliva\n|cant|p1a: Sableye|par\n|\n|-damage|p1a: Sableye|84/231 par|[from] Leech Seed|[of] p2a: Arboliva\n|-heal|p2a: Arboliva|239/288|[silent]\n|-end|p2a: Arboliva|Encore\n|upkeep\n|turn|38\n|\n|t:|1782785091\n|cant|p1a: Sableye|par\n|move|p2a: Arboliva|Substitute|p2a: Arboliva\n|-start|p2a: Arboliva|Substitute\n|-damage|p2a: Arboliva|167/288\n|\n|-damage|p1a: Sableye|56/231 par|[from] Leech Seed|[of] p2a: Arboliva\n|-heal|p2a: Arboliva|195/288|[silent]\n|upkeep\n|turn|39\n|\n|t:|1782785098\n|move|p1a: Sableye|Recover|p1a: Sableye\n|-heal|p1a: Sableye|172/231 par\n|move|p2a: Arboliva|Leech Seed||[still]\n|-fail|p2a: Arboliva\n|\n|-damage|p1a: Sableye|144/231 par|[from] Leech Seed|[of] p2a: Arboliva\n|-heal|p2a: Arboliva|223/288|[silent]\n|upkeep\n|turn|40\n|\n|t:|1782785102\n|move|p1a: Sableye|Encore|p2a: Arboliva\n|-start|p2a: Arboliva|Encore\n|move|p2a: Arboliva|Leech Seed||[still]\n|-fail|p2a: Arboliva\n|\n|-damage|p1a: Sableye|116/231 par|[from] Leech Seed|[of] p2a: Arboliva\n|-heal|p2a: Arboliva|251/288|[silent]\n|upkeep\n|turn|41\n|\n|t:|1782785105\n|move|p1a: Sableye|Recover|p1a: Sableye\n|-heal|p1a: Sableye|231/231 par\n|move|p2a: Arboliva|Leech Seed||[still]\n|-fail|p2a: Arboliva\n|\n|-damage|p1a: Sableye|203/231 par|[from] Leech Seed|[of] p2a: Arboliva\n|-heal|p2a: Arboliva|279/288|[silent]\n|upkeep\n|turn|42\n|\n|t:|1782785108\n|move|p2a: Arboliva|Leech Seed||[still]\n|-fail|p2a: Arboliva\n|move|p1a: Sableye|Knock Off|p2a: Arboliva\n|-activate|p2a: Arboliva|move: Substitute|[damage]\n|\n|-damage|p1a: Sableye|175/231 par|[from] Leech Seed|[of] p2a: Arboliva\n|-heal|p2a: Arboliva|288/288|[silent]\n|-end|p2a: Arboliva|Encore\n|upkeep\n|turn|43\n|\n|t:|1782785113\n|move|p2a: Arboliva|Protect|p2a: Arboliva\n|-singleturn|p2a: Arboliva|Protect\n|move|p1a: Sableye|Encore|p2a: Arboliva\n|-activate|p2a: Arboliva|move: Protect\n|\n|-damage|p1a: Sableye|147/231 par|[from] Leech Seed|[of] p2a: Arboliva\n|upkeep\n|turn|44\n|\n|t:|1782785128\n|switch|p2a: Komala|Komala, L88, M|258/258\n|-ability|p2a: Komala|Comatose\n|move|p1a: Sableye|Knock Off|p2a: Komala\n|-damage|p2a: Komala|156/258\n|-enditem|p2a: Komala|Assault Vest|[from] move: Knock Off|[of] p1a: Sableye\n|\n|-damage|p1a: Sableye|119/231 par|[from] Leech Seed|[of] p2a: Komala\n|-heal|p2a: Komala|184/258|[silent]\n|upkeep\n|turn|45\n|\n|t:|1782785134\n|switch|p1a: Orthworm|Orthworm, L88, F|266/266\n|move|p2a: Komala|Knock Off|p1a: Orthworm\n|-damage|p1a: Orthworm|210/266\n|-enditem|p1a: Orthworm|Leftovers|[from] move: Knock Off|[of] p2a: Komala\n|\n|upkeep\n|turn|46\n|\n|t:|1782785137\n|move|p1a: Orthworm|Body Press|p2a: Komala\n|-supereffective|p2a: Komala\n|-damage|p2a: Komala|0 fnt\n|faint|p2a: Komala\n|\n|upkeep\n|\n|t:|1782785146\n|switch|p2a: Eiscue|Eiscue, L88, F|274/274\n|turn|47\n|\n|t:|1782785162\n|switch|p1a: Sableye|Sableye, L88, M|119/231 par\n|-terastallize|p2a: Eiscue|Water\n|move|p2a: Eiscue|Belly Drum|p2a: Eiscue\n|-damage|p2a: Eiscue|137/274\n|-setboost|p2a: Eiscue|atk|6|[from] move: Belly Drum\n|-enditem|p2a: Eiscue|Sitrus Berry|[eat]\n|-heal|p2a: Eiscue|205/274|[from] item: Sitrus Berry\n|\n|upkeep\n|turn|48\n|\n|t:|1782785167\n|move|p1a: Sableye|Thunder Wave|p2a: Eiscue\n|-status|p2a: Eiscue|par\n|cant|p2a: Eiscue|par\n|\n|upkeep\n|turn|49\n|\n|t:|1782785170\n|move|p2a: Eiscue|Ice Spinner|p1a: Sableye\n|-damage|p1a: Sableye|0 fnt\n|faint|p1a: Sableye\n|\n|upkeep\n|\n|t:|1782785174\n|switch|p1a: Exeggutor|Exeggutor-Alola, L89, F|36/314\n|turn|50\n|\n|t:|1782785180\n|move|p1a: Exeggutor|Draco Meteor|p2a: Eiscue\n|-damage|p2a: Eiscue|0 fnt\n|-unboost|p1a: Exeggutor|spa|2\n|faint|p2a: Eiscue\n|\n|upkeep\n|\n|t:|1782785188\n|switch|p2a: Rotom|Rotom-Wash, L82|132/216\n|turn|51\n|\n|t:|1782785196\n|move|p2a: Rotom|Thunderbolt|p1a: Exeggutor\n|-resisted|p1a: Exeggutor\n|-damage|p1a: Exeggutor|12/314\n|move|p1a: Exeggutor|Draco Meteor|p2a: Rotom\n|-damage|p2a: Rotom|11/216\n|-unboost|p1a: Exeggutor|spa|2\n|\n|-heal|p2a: Rotom|24/216|[from] item: Leftovers\n|upkeep\n|turn|52\n|\n|t:|1782785203\n|move|p2a: Rotom|Nasty Plot|p2a: Rotom\n|-boost|p2a: Rotom|spa|2\n|move|p1a: Exeggutor|Draco Meteor|p2a: Rotom\n|-damage|p2a: Rotom|0 fnt\n|-unboost|p1a: Exeggutor|spa|2\n|faint|p2a: Rotom\n|\n|upkeep\n|\n|t:|1782785205\n|switch|p2a: Zekrom|Zekrom, L71|259/259\n|-ability|p2a: Zekrom|Teravolt\n|turn|53\n|\n|t:|1782785208\n|move|p2a: Zekrom|Dragon Dance|p2a: Zekrom\n|-boost|p2a: Zekrom|atk|1\n|-boost|p2a: Zekrom|spe|1\n|move|p1a: Exeggutor|Draco Meteor|p2a: Zekrom\n|-supereffective|p2a: Zekrom\n|-damage|p2a: Zekrom|103/259\n|\n|-heal|p2a: Zekrom|119/259|[from] item: Leftovers\n|upkeep\n|turn|54\n|\n|t:|1782785220\n|move|p2a: Zekrom|Bolt Strike|p1a: Exeggutor\n|-resisted|p1a: Exeggutor\n|-damage|p1a: Exeggutor|0 fnt\n|faint|p1a: Exeggutor\n|\n|-heal|p2a: Zekrom|135/259|[from] item: Leftovers\n|upkeep\n|\n|t:|1782785238\n|switch|p1a: Orthworm|Orthworm, L88, F|210/266\n|turn|55\n|\n|t:|1782785246\n|move|p2a: Zekrom|Dragon Dance|p2a: Zekrom\n|-boost|p2a: Zekrom|atk|1\n|-boost|p2a: Zekrom|spe|1\n|move|p1a: Orthworm|Body Press|p2a: Zekrom\n|-damage|p2a: Zekrom|53/259\n|\n|-heal|p2a: Zekrom|69/259|[from] item: Leftovers\n|upkeep\n|turn|56\n|\n|t:|1782785255\n|move|p2a: Zekrom|Bolt Strike|p1a: Orthworm\n|-damage|p1a: Orthworm|36/266\n|move|p1a: Orthworm|Body Press|p2a: Zekrom\n|-damage|p2a: Zekrom|0 fnt\n|faint|p2a: Zekrom\n|\n|upkeep\n|\n|t:|1782785257\n|switch|p2a: Arboliva|Arboliva, L91, F|288/288\n|turn|57\n|\n|t:|1782785260\n|move|p1a: Orthworm|Body Press|p2a: Arboliva\n|-supereffective|p2a: Arboliva\n|-damage|p2a: Arboliva|144/288\n|move|p2a: Arboliva|Hyper Voice|p1a: Orthworm\n|-resisted|p1a: Orthworm\n|-crit|p1a: Orthworm\n|-damage|p1a: Orthworm|0 fnt\n|faint|p1a: Orthworm\n|\n|upkeep\n|\n|t:|1782785265\n|switch|p1a: Floatzel|Floatzel, L86, F|94/286\n|turn|58\n|\n|t:|1782785268\n|move|p2a: Arboliva|Protect|p2a: Arboliva\n|-singleturn|p2a: Arboliva|Protect\n|move|p1a: Floatzel|Ice Spinner|p2a: Arboliva\n|-activate|p2a: Arboliva|move: Protect\n|\n|upkeep\n|turn|59\n|\n|t:|1782785275\n|move|p2a: Arboliva|Protect||[still]\n|-fail|p2a: Arboliva\n|move|p1a: Floatzel|Ice Spinner|p2a: Arboliva\n|-supereffective|p2a: Arboliva\n|-damage|p2a: Arboliva|0 fnt\n|faint|p2a: Arboliva\n|\n|win|Aeroclaw00\n", "inputlog": ">version f8ac14003a5f27e1bdc8d8c59608a773c1cb96e5\n>start {\"formatid\":\"gen9randombattle\",\"seed\":\"sodium,1b8c149dc5850a691b2a0c365e17969b\",\"rated\":\"Rated battle\"}\n>player p1 {\"name\":\"Aeroclaw00\",\"avatar\":\"101\",\"rating\":1931,\"seed\":\"sodium,60f4a2535a54a3ab78951afc894236f8\"}\n>player p2 {\"name\":\"2322f32qfe23\",\"avatar\":\"169\",\"rating\":1902,\"seed\":\"sodium,84247e33d472739470b4f276a146d6d3\"}\n>p1 move thunderwave\n>p2 move thunderwave\n>p1 move encore\n>p2 switch 2\n>p1 move knockoff\n>p2 move knockoff\n>p1 move knockoff\n>p2 move uturn\n>p2 switch 2\n>p1 move recover\n>p2 move dracometeor\n>p1 switch 4\n>p2 move hydropump\n>p1 move shadowball\n>p2 move hydropump\n>p1 switch 6\n>p1 move gigadrain\n>p2 move dracometeor\n>p2 switch 4\n>p1 switch 5\n>p2 move hypervoice\n>p1 move flipturn\n>p2 move protect\n>p1 move flipturn\n>p2 move substitute\n>p1 switch 5\n>p1 move flamethrower\n>p2 move hypervoice\n>p1 move flamethrower\n>p2 move protect\n>p1 move flamethrower\n>p2 switch 5\n>p1 switch 4\n>p2 switch 5\n>p1 move knockoff\n>p2 move substitute\n>p1 move encore\n>p2 move leechseed\n>p1 move knockoff\n>p2 move substitute\n>p1 move knockoff\n>p2 move substitute\n>p1 move encore\n>p2 move leechseed\n>p1 move knockoff\n>p2 move substitute\n>p1 move knockoff\n>p2 move substitute\n>p1 move encore\n>p2 move leechseed\n>p1 switch 4\n>p2 move substitute\n>p1 move flamethrower\n>p2 switch 5\n>p1 switch 4\n>p2 switch 5\n>p1 move knockoff\n>p2 move leechseed\n>p1 move encore\n>p2 move protect\n>p1 move encore\n>p2 move substitute\n>p1 switch 4\n>p2 move protect\n>p1 move gigadrain\n>p2 move protect\n>p1 move gigadrain\n>p2 move hypervoice\n>p1 switch 4\n>p2 move leechseed\n>p1 move encore\n>p2 move protect\n>p1 move encore\n>p2 move substitute\n>p1 move recover\n>p2 move protect\n>p1 move recover\n>p2 move protect\n>p1 move encore\n>p2 move substitute\n>p1 move recover\n>p2 move leechseed\n>p1 move encore\n>p2 move leechseed\n>p1 move recover\n>p2 move leechseed\n>p1 move knockoff\n>p2 move leechseed\n>p1 move encore\n>p2 move protect\n>p1 move knockoff\n>p2 switch 2\n>p1 switch 2\n>p2 move knockoff\n>p1 move bodypress\n>p2 move uturn\n>p2 switch 3\n>p1 switch 2\n>p2 move bellydrum terastallize\n>p1 move thunderwave\n>p2 move liquidation\n>p1 move knockoff\n>p2 move icespinner\n>p1 switch 4\n>p1 move dracometeor\n>p2 move icespinner\n>p2 switch 5\n>p1 move dracometeor\n>p2 move thunderbolt\n>p1 move dracometeor\n>p2 move nastyplot\n>p2 switch 6\n>p1 move dracometeor\n>p2 move dragondance\n>p1 move dracometeor\n>p2 move boltstrike\n>p1 switch 2\n>p1 move bodypress\n>p2 move dragondance\n>p1 move bodypress\n>p2 move boltstrike\n>p2 switch 2\n>p1 move bodypress\n>p2 move hypervoice\n>p1 switch 5\n>p1 move icespinner\n>p2 move protect\n>p1 move icespinner\n>p2 move protect", "uploadtime": 1782784774, "views": 7, "formatid": "gen9randombattle", "rating": null, "private": 0, "password": null, "player_dets": [{"name": "Aeroclaw00", "avatar": "101", "rating": 1931, "seed": "sodium,60f4a2535a54a3ab78951afc894236f8"}, {"name": "2322f32qfe23", "avatar": "169", "rating": 1902, "seed": "sodium,84247e33d472739470b4f276a146d6d3"}], "teams_full": [{"Sableye": {"name": "Sableye", "species": "Sableye", "speciesId": "sableye", "gender": "M", "shiny": false, "level": 88, "moves": ["thunderwave", "recover", "encore", "knockoff"], "ability": "Prankster", "evs": {"hp": 85, "atk": 85, "def": 85, "spa": 85, "spd": 85, "spe": 85}, "ivs": {"hp": 31, "atk": 31, "def": 31, "spa": 31, "spd": 31, "spe": 31}, "item": "Leftovers", "teraType": "Poison", "role": "Bulky Support", "bvs": {"hp": 50, "atk": 75, "def": 75, "spa": 65, "spd": 65, "spe": 50}, "stats": {"hp": 231, "atk": 182, "def": 182, "spa": 165, "spd": 165, "spe": 138}, "types": ["Dark", "Ghost"]}, "Orthworm": {"name": "Orthworm", "species": "Orthworm", "speciesId": "orthworm", "gender": "F", "shiny": false, "level": 88, "moves": ["spikes", "bodypress", "shedtail", "heavyslam"], "ability": "Earth Eater", "evs": {"hp": 85, "atk": 85, "def": 85, "spa": 85, "spd": 85, "spe": 85}, "ivs": {"hp": 31, "atk": 31, "def": 31, "spa": 31, "spd": 31, "spe": 31}, "item": "Leftovers", "teraType": "Poison", "role": "Bulky Attacker", "bvs": {"hp": 70, "atk": 85, "def": 145, "spa": 60, "spd": 55, "spe": 65}, "stats": {"hp": 266, "atk": 200, "def": 305, "spa": 156, "spd": 147, "spe": 165}, "types": ["Steel"]}, "Poliwrath": {"name": "Poliwrath", "species": "Poliwrath", "speciesId": "poliwrath", "gender": "F", "shiny": false, "level": 88, "moves": ["liquidation", "poisonjab", "bulkup", "drainpunch"], "ability": "Water Absorb", "evs": {"hp": 85, "atk": 85, "def": 85, "spa": 85, "spd": 85, "spe": 85}, "ivs": {"hp": 31, "atk": 31, "def": 31, "spa": 31, "spd": 31, "spe": 31}, "item": "Leftovers", "teraType": "Water", "role": "Bulky Setup", "bvs": {"hp": 90, "atk": 95, "def": 95, "spa": 70, "spd": 90, "spe": 70}, "stats": {"hp": 302, "atk": 217, "def": 217, "spa": 173, "spd": 209, "spe": 173}, "types": ["Water", "Fighting"]}, "Gholdengo": {"name": "Gholdengo", "species": "Gholdengo", "speciesId": "gholdengo", "gender": "N", "shiny": false, "level": 77, "moves": ["makeitrain", "trick", "focusblast", "shadowball"], "ability": "Good as Gold", "evs": {"hp": 85, "atk": 0, "def": 85, "spa": 85, "spd": 85, "spe": 85}, "ivs": {"hp": 31, "atk": 0, "def": 31, "spa": 31, "spd": 31, "spe": 31}, "item": "Choice Scarf", "teraType": "Ghost", "role": "Bulky Attacker", "bvs": {"hp": 87, "atk": 60, "def": 95, "spa": 133, "spd": 91, "spe": 84}, "stats": {"hp": 261, "atk": 97, "def": 191, "spa": 249, "spd": 185, "spe": 174}, "types": ["Steel", "Ghost"]}, "Floatzel": {"name": "Floatzel", "species": "Floatzel", "speciesId": "floatzel", "gender": "F", "shiny": false, "level": 86, "moves": ["icespinner", "crunch", "flipturn", "wavecrash"], "ability": "Water Veil", "evs": {"hp": 85, "atk": 85, "def": 85, "spa": 85, "spd": 85, "spe": 85}, "ivs": {"hp": 31, "atk": 31, "def": 31, "spa": 31, "spd": 31, "spe": 31}, "item": "Choice Band", "teraType": "Water", "role": "Wallbreaker", "bvs": {"hp": 85, "atk": 105, "def": 55, "spa": 85, "spd": 50, "spe": 115}, "stats": {"hp": 286, "atk": 230, "def": 144, "spa": 195, "spd": 135, "spe": 247}, "types": ["Water"]}, "Exeggutor": {"name": "Exeggutor", "species": "Exeggutor-Alola", "speciesId": "exeggutoralola", "gender": "F", "shiny": false, "level": 89, "moves": ["dracometeor", "flamethrower", "leafstorm", "gigadrain"], "ability": "Frisk", "evs": {"hp": 85, "atk": 0, "def": 85, "spa": 85, "spd": 85, "spe": 85}, "ivs": {"hp": 31, "atk": 0, "def": 31, "spa": 31, "spd": 31, "spe": 31}, "item": "Choice Specs", "teraType": "Fire", "role": "Wallbreaker", "bvs": {"hp": 95, "atk": 105, "def": 85, "spa": 125, "spd": 75, "spe": 45}, "stats": {"hp": 314, "atk": 191, "def": 202, "spa": 273, "spd": 184, "spe": 131}, "types": ["Grass", "Dragon"]}}, {"Palkia": {"name": "Palkia", "species": "Palkia-Origin", "speciesId": "palkiaorigin", "gender": "N", "shiny": false, "level": 72, "moves": ["thunderwave", "dracometeor", "hydropump", "fireblast"], "ability": "Pressure", "evs": {"hp": 85, "atk": 0, "def": 85, "spa": 85, "spd": 85, "spe": 85}, "ivs": {"hp": 31, "atk": 0, "def": 31, "spa": 31, "spd": 31, "spe": 31}, "item": "Lustrous Globe", "teraType": "Dragon", "role": "Bulky Attacker", "bvs": {"hp": 90, "atk": 100, "def": 100, "spa": 150, "spd": 120, "spe": 120}, "stats": {"hp": 249, "atk": 149, "def": 186, "spa": 258, "spd": 215, "spe": 215}, "types": ["Water", "Dragon"]}, "Komala": {"name": "Komala", "species": "Komala", "speciesId": "komala", "gender": "M", "shiny": false, "level": 88, "moves": ["knockoff", "bodyslam", "uturn", "rapidspin"], "ability": "Comatose", "evs": {"hp": 85, "atk": 85, "def": 85, "spa": 85, "spd": 85, "spe": 85}, "ivs": {"hp": 31, "atk": 31, "def": 31, "spa": 31, "spd": 31, "spe": 31}, "item": "Assault Vest", "teraType": "Ghost", "role": "Bulky Support", "bvs": {"hp": 65, "atk": 115, "def": 65, "spa": 75, "spd": 95, "spe": 65}, "stats": {"hp": 258, "atk": 253, "def": 165, "spa": 182, "spd": 217, "spe": 165}, "types": ["Normal"]}, "Eiscue": {"name": "Eiscue", "species": "Eiscue", "speciesId": "eiscue", "gender": "F", "shiny": false, "level": 88, "moves": ["icespinner", "bellydrum", "liquidation", "zenheadbutt"], "ability": "Ice Face", "evs": {"hp": 81, "atk": 85, "def": 85, "spa": 85, "spd": 85, "spe": 85}, "ivs": {"hp": 31, "atk": 31, "def": 31, "spa": 31, "spd": 31, "spe": 31}, "item": "Sitrus Berry", "teraType": "Water", "role": "Setup Sweeper", "bvs": {"hp": 75, "atk": 80, "def": 110, "spa": 65, "spd": 90, "spe": 50}, "stats": {"hp": 274, "atk": 191, "def": 244, "spa": 165, "spd": 209, "spe": 138}, "types": ["Ice"]}, "Arboliva": {"name": "Arboliva", "species": "Arboliva", "speciesId": "arboliva", "gender": "F", "shiny": false, "level": 91, "moves": ["protect", "leechseed", "substitute", "hypervoice"], "ability": "Harvest", "evs": {"hp": 77, "atk": 0, "def": 85, "spa": 85, "spd": 85, "spe": 85}, "ivs": {"hp": 31, "atk": 0, "def": 31, "spa": 31, "spd": 31, "spe": 31}, "item": "Sitrus Berry", "teraType": "Water", "role": "Bulky Support", "bvs": {"hp": 78, "atk": 69, "def": 90, "spa": 125, "spd": 109, "spe": 39}, "stats": {"hp": 288, "atk": 130, "def": 216, "spa": 279, "spd": 250, "spe": 123}, "types": ["Grass", "Normal"]}, "Rotom": {"name": "Rotom", "species": "Rotom-Wash", "speciesId": "rotomwash", "gender": "N", "shiny": false, "level": 82, "moves": ["nastyplot", "hydropump", "willowisp", "thunderbolt"], "ability": "Levitate", "evs": {"hp": 85, "atk": 0, "def": 85, "spa": 85, "spd": 85, "spe": 85}, "ivs": {"hp": 31, "atk": 0, "def": 31, "spa": 31, "spd": 31, "spe": 31}, "item": "Leftovers", "teraType": "Steel", "role": "Bulky Attacker", "bvs": {"hp": 50, "atk": 65, "def": 107, "spa": 105, "spd": 107, "spe": 86}, "stats": {"hp": 216, "atk": 111, "def": 223, "spa": 219, "spd": 223, "spe": 188}, "types": ["Electric", "Water"]}, "Zekrom": {"name": "Zekrom", "species": "Zekrom", "speciesId": "zekrom", "gender": "N", "shiny": false, "level": 71, "moves": ["substitute", "outrage", "dragondance", "boltstrike"], "ability": "Teravolt", "evs": {"hp": 85, "atk": 85, "def": 85, "spa": 85, "spd": 85, "spe": 85}, "ivs": {"hp": 31, "atk": 31, "def": 31, "spa": 31, "spd": 31, "spe": 31}, "item": "Leftovers", "teraType": "Steel", "role": "Setup Sweeper", "bvs": {"hp": 100, "atk": 150, "def": 120, "spa": 120, "spd": 100, "spe": 90}, "stats": {"hp": 259, "atk": 254, "def": 212, "spa": 212, "spd": 183, "spe": 169}, "types": ["Dragon", "Electric"]}}]}