{"id": "gen9randombattle-2642001408", "format": "[Gen 9] Random Battle", "players": ["Palaeoloxodon", "testbotcif"], "log": "|j|\u2606Palaeoloxodon\n|j|\u2606testbotcif\n|t:|1782871338\n|gametype|singles\n|player|p1|Palaeoloxodon|102|1348\n|player|p2|testbotcif|1|1297\n|gen|9\n|tier|[Gen 9] Random Battle\n|rated|\n|rule|Species Clause: Limit one of each Pok\u00e9mon\n|rule|HP Percentage Mod: HP is shown in percentages\n|rule|Sleep Clause Mod: Limit one foe put to sleep\n|rule|Illusion Level Mod: Illusion disguises the Pok\u00e9mon's true level\n|\n|t:|1782871338\n|teamsize|p1|6\n|teamsize|p2|6\n|start\n|switch|p1a: Oinkologne|Oinkologne-F, L92, F|361/361\n|switch|p2a: Bellibolt|Bellibolt, L84, M|320/320\n|turn|1\n|c|\u2606testbotcif|rlhf\n|inactive|Battle timer is ON: inactive players will automatically lose when time's up. (requested by testbotcif)\n|\n|t:|1782871367\n|move|p1a: Oinkologne|Curse|p1a: Oinkologne\n|-unboost|p1a: Oinkologne|spe|1\n|-boost|p1a: Oinkologne|atk|1\n|-boost|p1a: Oinkologne|def|1\n|move|p2a: Bellibolt|Toxic|p1a: Oinkologne\n|-status|p1a: Oinkologne|tox\n|\n|-damage|p1a: Oinkologne|339/361 tox|[from] psn\n|upkeep\n|turn|2\n|\n|t:|1782871377\n|move|p2a: Bellibolt|Thunderbolt|p1a: Oinkologne\n|-damage|p1a: Oinkologne|242/361 tox\n|move|p1a: Oinkologne|Body Slam|p2a: Bellibolt\n|-crit|p2a: Bellibolt\n|-damage|p2a: Bellibolt|107/320\n|-start|p2a: Bellibolt|Charge|Body Slam|[from] ability: Electromorphosis\n|\n|-heal|p2a: Bellibolt|127/320|[from] item: Leftovers\n|-heal|p1a: Oinkologne|264/361 tox|[from] item: Leftovers\n|-damage|p1a: Oinkologne|220/361 tox|[from] psn\n|upkeep\n|turn|3\n|\n|t:|1782871382\n|move|p2a: Bellibolt|Slack Off|p2a: Bellibolt\n|-heal|p2a: Bellibolt|287/320\n|move|p1a: Oinkologne|Rest|p1a: Oinkologne\n|-status|p1a: Oinkologne|slp|[from] move: Rest\n|-heal|p1a: Oinkologne|361/361 slp|[silent]\n|\n|-heal|p2a: Bellibolt|307/320|[from] item: Leftovers\n|upkeep\n|turn|4\n|\n|t:|1782871390\n|move|p2a: Bellibolt|Thunderbolt|p1a: Oinkologne\n|-damage|p1a: Oinkologne|184/361 slp\n|-end|p2a: Bellibolt|Charge|[silent]\n|cant|p1a: Oinkologne|slp\n|move|p1a: Oinkologne|Sleep Talk|p1a: Oinkologne\n|move|p1a: Oinkologne|Rest||[from] move: Sleep Talk|[still]\n|-fail|p1a: Oinkologne\n|\n|-heal|p2a: Bellibolt|320/320|[from] item: Leftovers\n|-heal|p1a: Oinkologne|206/361 slp|[from] item: Leftovers\n|upkeep\n|turn|5\n|\n|t:|1782871398\n|move|p2a: Bellibolt|Thunderbolt|p1a: Oinkologne\n|-damage|p1a: Oinkologne|124/361 slp\n|cant|p1a: Oinkologne|slp\n|move|p1a: Oinkologne|Sleep Talk|p1a: Oinkologne\n|move|p1a: Oinkologne|Curse|p1a: Oinkologne|[from] move: Sleep Talk\n|-unboost|p1a: Oinkologne|spe|1\n|-boost|p1a: Oinkologne|atk|1\n|-boost|p1a: Oinkologne|def|1\n|\n|-heal|p1a: Oinkologne|146/361 slp|[from] item: Leftovers\n|upkeep\n|turn|6\n|\n|t:|1782871408\n|move|p2a: Bellibolt|Thunderbolt|p1a: Oinkologne\n|-damage|p1a: Oinkologne|56/361 slp\n|-curestatus|p1a: Oinkologne|slp|[msg]\n|move|p1a: Oinkologne|Rest|p1a: Oinkologne\n|-status|p1a: Oinkologne|slp|[from] move: Rest\n|-heal|p1a: Oinkologne|361/361 slp|[silent]\n|\n|upkeep\n|turn|7\n|\n|t:|1782871416\n|move|p2a: Bellibolt|Thunderbolt|p1a: Oinkologne\n|-damage|p1a: Oinkologne|268/361 slp\n|cant|p1a: Oinkologne|slp\n|move|p1a: Oinkologne|Sleep Talk|p1a: Oinkologne\n|move|p1a: Oinkologne|Curse|p1a: Oinkologne|[from] move: Sleep Talk\n|-unboost|p1a: Oinkologne|spe|1\n|-boost|p1a: Oinkologne|atk|1\n|-boost|p1a: Oinkologne|def|1\n|\n|-heal|p1a: Oinkologne|290/361 slp|[from] item: Leftovers\n|upkeep\n|turn|8\n|\n|t:|1782871426\n|move|p2a: Bellibolt|Thunderbolt|p1a: Oinkologne\n|-damage|p1a: Oinkologne|208/361 slp\n|cant|p1a: Oinkologne|slp\n|move|p1a: Oinkologne|Sleep Talk|p1a: Oinkologne\n|move|p1a: Oinkologne|Curse|p1a: Oinkologne|[from] move: Sleep Talk\n|-unboost|p1a: Oinkologne|spe|1\n|-boost|p1a: Oinkologne|atk|1\n|-boost|p1a: Oinkologne|def|1\n|\n|-heal|p1a: Oinkologne|230/361 slp|[from] item: Leftovers\n|upkeep\n|turn|9\n|\n|t:|1782871439\n|move|p2a: Bellibolt|Thunderbolt|p1a: Oinkologne\n|-damage|p1a: Oinkologne|146/361 slp\n|-curestatus|p1a: Oinkologne|slp|[msg]\n|move|p1a: Oinkologne|Rest|p1a: Oinkologne\n|-status|p1a: Oinkologne|slp|[from] move: Rest\n|-heal|p1a: Oinkologne|361/361 slp|[silent]\n|\n|upkeep\n|turn|10\n|\n|t:|1782871461\n|move|p2a: Bellibolt|Thunderbolt|p1a: Oinkologne\n|-damage|p1a: Oinkologne|270/361 slp\n|cant|p1a: Oinkologne|slp\n|move|p1a: Oinkologne|Sleep Talk|p1a: Oinkologne\n|move|p1a: Oinkologne|Rest||[from] move: Sleep Talk|[still]\n|-fail|p1a: Oinkologne\n|\n|-heal|p1a: Oinkologne|292/361 slp|[from] item: Leftovers\n|upkeep\n|turn|11\n|\n|t:|1782871469\n|move|p2a: Bellibolt|Thunderbolt|p1a: Oinkologne\n|-damage|p1a: Oinkologne|198/361 slp\n|cant|p1a: Oinkologne|slp\n|move|p1a: Oinkologne|Sleep Talk|p1a: Oinkologne\n|move|p1a: Oinkologne|Rest||[from] move: Sleep Talk|[still]\n|-fail|p1a: Oinkologne\n|\n|-heal|p1a: Oinkologne|220/361 slp|[from] item: Leftovers\n|upkeep\n|turn|12\n|\n|t:|1782871478\n|move|p2a: Bellibolt|Thunderbolt|p1a: Oinkologne\n|-damage|p1a: Oinkologne|132/361 slp\n|-curestatus|p1a: Oinkologne|slp|[msg]\n|move|p1a: Oinkologne|Rest|p1a: Oinkologne\n|-status|p1a: Oinkologne|slp|[from] move: Rest\n|-heal|p1a: Oinkologne|361/361 slp|[silent]\n|\n|upkeep\n|turn|13\n|\n|t:|1782871487\n|move|p2a: Bellibolt|Thunderbolt|p1a: Oinkologne\n|-damage|p1a: Oinkologne|279/361 slp\n|cant|p1a: Oinkologne|slp\n|move|p1a: Oinkologne|Sleep Talk|p1a: Oinkologne\n|move|p1a: Oinkologne|Rest||[from] move: Sleep Talk|[still]\n|-fail|p1a: Oinkologne\n|\n|-heal|p1a: Oinkologne|301/361 slp|[from] item: Leftovers\n|upkeep\n|turn|14\n|\n|t:|1782871495\n|move|p2a: Bellibolt|Thunderbolt|p1a: Oinkologne\n|-damage|p1a: Oinkologne|208/361 slp\n|cant|p1a: Oinkologne|slp\n|move|p1a: Oinkologne|Sleep Talk|p1a: Oinkologne\n|move|p1a: Oinkologne|Rest||[from] move: Sleep Talk|[still]\n|-fail|p1a: Oinkologne\n|\n|-heal|p1a: Oinkologne|230/361 slp|[from] item: Leftovers\n|upkeep\n|turn|15\n|\n|t:|1782871510\n|move|p2a: Bellibolt|Thunderbolt|p1a: Oinkologne\n|-damage|p1a: Oinkologne|148/361 slp\n|-curestatus|p1a: Oinkologne|slp|[msg]\n|move|p1a: Oinkologne|Body Slam|p2a: Bellibolt\n|-damage|p2a: Bellibolt|25/320\n|-start|p2a: Bellibolt|Charge|Body Slam|[from] ability: Electromorphosis\n|\n|-heal|p2a: Bellibolt|45/320|[from] item: Leftovers\n|-heal|p1a: Oinkologne|170/361|[from] item: Leftovers\n|upkeep\n|turn|16\n|\n|t:|1782871520\n|move|p2a: Bellibolt|Slack Off|p2a: Bellibolt\n|-heal|p2a: Bellibolt|205/320\n|move|p1a: Oinkologne|Rest|p1a: Oinkologne\n|-status|p1a: Oinkologne|slp|[from] move: Rest\n|-heal|p1a: Oinkologne|361/361 slp|[silent]\n|\n|-heal|p2a: Bellibolt|225/320|[from] item: Leftovers\n|upkeep\n|turn|17\n|\n|t:|1782871532\n|move|p2a: Bellibolt|Thunderbolt|p1a: Oinkologne\n|-damage|p1a: Oinkologne|174/361 slp\n|-end|p2a: Bellibolt|Charge|[silent]\n|cant|p1a: Oinkologne|slp\n|move|p1a: Oinkologne|Sleep Talk|p1a: Oinkologne\n|move|p1a: Oinkologne|Curse|p1a: Oinkologne|[from] move: Sleep Talk\n|-unboost|p1a: Oinkologne|spe|1\n|-boost|p1a: Oinkologne|atk|1\n|-boost|p1a: Oinkologne|def|1\n|\n|-heal|p2a: Bellibolt|245/320|[from] item: Leftovers\n|-heal|p1a: Oinkologne|196/361 slp|[from] item: Leftovers\n|upkeep\n|turn|18\n|\n|t:|1782871542\n|move|p2a: Bellibolt|Thunderbolt|p1a: Oinkologne\n|-damage|p1a: Oinkologne|99/361 slp\n|cant|p1a: Oinkologne|slp\n|move|p1a: Oinkologne|Sleep Talk|p1a: Oinkologne\n|move|p1a: Oinkologne|Rest||[from] move: Sleep Talk|[still]\n|-fail|p1a: Oinkologne\n|\n|-heal|p2a: Bellibolt|265/320|[from] item: Leftovers\n|-heal|p1a: Oinkologne|121/361 slp|[from] item: Leftovers\n|upkeep\n|turn|19\n|\n|t:|1782871551\n|move|p2a: Bellibolt|Thunderbolt|p1a: Oinkologne\n|-damage|p1a: Oinkologne|36/361 slp\n|-curestatus|p1a: Oinkologne|slp|[msg]\n|move|p1a: Oinkologne|Rest|p1a: Oinkologne\n|-status|p1a: Oinkologne|slp|[from] move: Rest\n|-heal|p1a: Oinkologne|361/361 slp|[silent]\n|\n|-heal|p2a: Bellibolt|285/320|[from] item: Leftovers\n|upkeep\n|turn|20\n|\n|t:|1782871560\n|move|p2a: Bellibolt|Thunderbolt|p1a: Oinkologne\n|-damage|p1a: Oinkologne|270/361 slp\n|cant|p1a: Oinkologne|slp\n|move|p1a: Oinkologne|Sleep Talk|p1a: Oinkologne\n|move|p1a: Oinkologne|Body Slam|p2a: Bellibolt|[from] move: Sleep Talk\n|-crit|p2a: Bellibolt\n|-damage|p2a: Bellibolt|0 fnt\n|faint|p2a: Bellibolt\n|\n|-heal|p1a: Oinkologne|292/361 slp|[from] item: Leftovers\n|upkeep\n|\n|t:|1782871561\n|switch|p2a: Sinistcha|Sinistcha-Masterpiece, L83|254/254\n|turn|21\n|\n|t:|1782871578\n|switch|p1a: Chandelure|Chandelure, L83, F|235/235\n|move|p2a: Sinistcha|Calm Mind|p2a: Sinistcha\n|-boost|p2a: Sinistcha|spa|1\n|-boost|p2a: Sinistcha|spd|1\n|\n|upkeep\n|turn|22\n|\n|t:|1782871597\n|-terastallize|p2a: Sinistcha|Steel\n|move|p1a: Chandelure|Trick|p2a: Sinistcha\n|-activate|p1a: Chandelure|move: Trick|[of] p2a: Sinistcha\n|-item|p2a: Sinistcha|Choice Scarf|[from] move: Trick\n|-item|p1a: Chandelure|Leftovers|[from] move: Trick\n|move|p2a: Sinistcha|Shadow Ball|p1a: Chandelure\n|-supereffective|p1a: Chandelure\n|-damage|p1a: Chandelure|0 fnt\n|faint|p1a: Chandelure\n|\n|upkeep\n|\n|t:|1782871610\n|switch|p1a: Scrafty|Scrafty, L83, F|244/244\n|turn|23\n|\n|t:|1782871613\n|move|p2a: Sinistcha|Shadow Ball|p1a: Scrafty\n|-resisted|p1a: Scrafty\n|-crit|p1a: Scrafty\n|-damage|p1a: Scrafty|153/244\n|move|p1a: Scrafty|Drain Punch|p2a: Sinistcha\n|-supereffective|p2a: Sinistcha\n|-damage|p2a: Sinistcha|122/254\n|-heal|p1a: Scrafty|219/244|[from] drain|[of] p2a: Sinistcha\n|\n|-heal|p1a: Scrafty|234/244|[from] item: Leftovers\n|upkeep\n|turn|24\n|\n|t:|1782871623\n|move|p2a: Sinistcha|Shadow Ball|p1a: Scrafty\n|-resisted|p1a: Scrafty\n|-damage|p1a: Scrafty|177/244\n|move|p1a: Scrafty|Drain Punch|p2a: Sinistcha\n|-supereffective|p2a: Sinistcha\n|-damage|p2a: Sinistcha|0 fnt\n|-heal|p1a: Scrafty|238/244|[from] drain|[of] p2a: Sinistcha\n|faint|p2a: Sinistcha\n|\n|-heal|p1a: Scrafty|244/244|[from] item: Leftovers\n|upkeep\n|\n|t:|1782871623\n|switch|p2a: Altaria|Altaria, L89, M|278/278\n|turn|25\n|\n|t:|1782871637\n|move|p2a: Altaria|Brave Bird|p1a: Scrafty\n|-supereffective|p1a: Scrafty\n|-damage|p1a: Scrafty|70/244\n|-damage|p2a: Altaria|221/278|[from] Recoil\n|move|p1a: Scrafty|Knock Off|p2a: Altaria\n|-damage|p2a: Altaria|125/278\n|-enditem|p2a: Altaria|Heavy-Duty Boots|[from] move: Knock Off|[of] p1a: Scrafty\n|\n|-heal|p1a: Scrafty|85/244|[from] item: Leftovers\n|upkeep\n|turn|26\n|\n|t:|1782871651\n|switch|p1a: Oinkologne|Oinkologne-F, L92, F|292/361 slp\n|move|p2a: Altaria|Brave Bird|p1a: Oinkologne\n|-damage|p1a: Oinkologne|171/361 slp\n|-damage|p2a: Altaria|85/278|[from] Recoil\n|\n|-heal|p1a: Oinkologne|193/361 slp|[from] item: Leftovers\n|upkeep\n|turn|27\n|\n|t:|1782871662\n|move|p2a: Altaria|Brave Bird|p1a: Oinkologne\n|-damage|p1a: Oinkologne|73/361 slp\n|-damage|p2a: Altaria|45/278|[from] Recoil\n|cant|p1a: Oinkologne|slp\n|move|p1a: Oinkologne|Sleep Talk|p1a: Oinkologne\n|move|p1a: Oinkologne|Rest||[from] move: Sleep Talk|[still]\n|-fail|p1a: Oinkologne\n|\n|-heal|p1a: Oinkologne|95/361 slp|[from] item: Leftovers\n|upkeep\n|turn|28\n|\n|t:|1782871673\n|move|p2a: Altaria|Brave Bird|p1a: Oinkologne\n|-damage|p1a: Oinkologne|0 fnt\n|faint|p1a: Oinkologne\n|-damage|p2a: Altaria|14/278|[from] Recoil\n|\n|upkeep\n|inactive|Palaeoloxodon has 120 seconds left.\n|\n|t:|1782871706\n|switch|p1a: Lumineon|Lumineon, L93, F|279/279\n|turn|29\n|\n|t:|1782871709\n|move|p1a: Lumineon|Ice Beam|p2a: Altaria\n|-supereffective|p2a: Altaria\n|-damage|p2a: Altaria|0 fnt\n|faint|p2a: Altaria\n|\n|upkeep\n|\n|t:|1782871709\n|switch|p2a: Abomasnow|Abomasnow, L84, F|287/287\n|-weather|Snowscape|[from] ability: Snow Warning|[of] p2a: Abomasnow\n|turn|30\n|inactive|Palaeoloxodon has 120 seconds left.\n|\n|t:|1782871733\n|move|p1a: Lumineon|U-turn|p2a: Abomasnow\n|-supereffective|p2a: Abomasnow\n|-damage|p2a: Abomasnow|219/287\n|inactive|Palaeoloxodon has 120 seconds left.\n|\n|t:|1782871743\n|switch|p1a: Rillaboom|Rillaboom, L79, F|288/288|[from] U-turn\n|-fieldstart|move: Grassy Terrain|[from] ability: Grassy Surge|[of] p1a: Rillaboom\n|move|p2a: Abomasnow|Aurora Veil|p2a: Abomasnow\n|-sidestart|p2: testbotcif|move: Aurora Veil\n|\n|-weather|Snowscape|[upkeep]\n|-heal|p2a: Abomasnow|236/287|[from] Grassy Terrain\n|upkeep\n|turn|31\n|inactive|Palaeoloxodon has 120 seconds left.\n|\n|t:|1782871753\n|move|p1a: Rillaboom|Swords Dance|p1a: Rillaboom\n|-boost|p1a: Rillaboom|atk|2\n|move|p2a: Abomasnow|Blizzard|p1a: Rillaboom\n|-supereffective|p1a: Rillaboom\n|-damage|p1a: Rillaboom|0 fnt\n|faint|p1a: Rillaboom\n|\n|-weather|Snowscape|[upkeep]\n|-heal|p2a: Abomasnow|253/287|[from] Grassy Terrain\n|upkeep\n|inactive|Palaeoloxodon has 120 seconds left.\n|\n|t:|1782871772\n|switch|p1a: Tyranitar|Tyranitar, L78, M|284/284\n|-weather|Sandstorm|[from] ability: Sand Stream|[of] p1a: Tyranitar\n|turn|32\n|\n|t:|1782871778\n|move|p2a: Abomasnow|Wood Hammer|p1a: Tyranitar\n|-supereffective|p1a: Tyranitar\n|-damage|p1a: Tyranitar|6/284\n|-enditem|p1a: Tyranitar|Weakness Policy\n|-boost|p1a: Tyranitar|atk|2|[from] item: Weakness Policy\n|-boost|p1a: Tyranitar|spa|2|[from] item: Weakness Policy\n|-damage|p2a: Abomasnow|161/287|[from] Recoil\n|move|p1a: Tyranitar|Dragon Dance|p1a: Tyranitar\n|-boost|p1a: Tyranitar|atk|1\n|-boost|p1a: Tyranitar|spe|1\n|\n|-weather|Sandstorm|[upkeep]\n|-damage|p2a: Abomasnow|144/287|[from] Sandstorm\n|-heal|p1a: Tyranitar|23/284|[from] Grassy Terrain\n|-heal|p2a: Abomasnow|161/287|[from] Grassy Terrain\n|upkeep\n|turn|33\n|inactive|Palaeoloxodon has 120 seconds left.\n|\n|t:|1782871786\n|move|p1a: Tyranitar|Stone Edge|p2a: Abomasnow\n|-supereffective|p2a: Abomasnow\n|-damage|p2a: Abomasnow|0 fnt\n|faint|p2a: Abomasnow\n|\n|-weather|Sandstorm|[upkeep]\n|-heal|p1a: Tyranitar|40/284|[from] Grassy Terrain\n|upkeep\n|\n|t:|1782871786\n|switch|p2a: Oinkologne|Oinkologne-F, L92, F|361/361\n|turn|34\n|inactive|Palaeoloxodon has 120 seconds left.\n|\n|t:|1782871808\n|move|p1a: Tyranitar|Stone Edge|p2a: Oinkologne\n|-damage|p2a: Oinkologne|205/361\n|move|p2a: Oinkologne|High Horsepower|p1a: Tyranitar\n|-supereffective|p1a: Tyranitar\n|-damage|p1a: Tyranitar|0 fnt\n|faint|p1a: Tyranitar\n|\n|-weather|Sandstorm|[upkeep]\n|-damage|p2a: Oinkologne|183/361|[from] Sandstorm\n|-heal|p2a: Oinkologne|205/361|[from] Grassy Terrain\n|-heal|p2a: Oinkologne|227/361|[from] item: Leftovers\n|-fieldend|move: Grassy Terrain\n|upkeep\n|\n|t:|1782871814\n|switch|p1a: Scrafty|Scrafty, L83, F|85/244\n|turn|35\n|\n|t:|1782871817\n|move|p2a: Oinkologne|Double-Edge|p1a: Scrafty\n|-damage|p1a: Scrafty|0 fnt\n|faint|p1a: Scrafty\n|-damage|p2a: Oinkologne|199/361|[from] Recoil\n|\n|-weather|Sandstorm|[upkeep]\n|-damage|p2a: Oinkologne|177/361|[from] Sandstorm\n|-heal|p2a: Oinkologne|199/361|[from] item: Leftovers\n|upkeep\n|\n|t:|1782871825\n|switch|p1a: Lumineon|Lumineon, L93, F|279/279\n|turn|36\n|inactive|Palaeoloxodon has 120 seconds left.\n|\n|t:|1782871842\n|move|p1a: Lumineon|Hydro Pump|p2a: Oinkologne\n|-damage|p2a: Oinkologne|151/361\n|move|p2a: Oinkologne|Double-Edge|p1a: Lumineon\n|-damage|p1a: Lumineon|131/279\n|-damage|p2a: Oinkologne|102/361|[from] Recoil\n|\n|-weather|none\n|-heal|p2a: Oinkologne|124/361|[from] item: Leftovers\n|upkeep\n|turn|37\n|\n|t:|1782871848\n|move|p1a: Lumineon|Hydro Pump|p2a: Oinkologne\n|-damage|p2a: Oinkologne|71/361\n|move|p2a: Oinkologne|Double-Edge|p1a: Lumineon\n|-crit|p1a: Lumineon\n|-damage|p1a: Lumineon|0 fnt\n|faint|p1a: Lumineon\n|-damage|p2a: Oinkologne|28/361|[from] Recoil\n|\n|win|testbotcif\n|raw|Palaeoloxodon's rating: 1348 &rarr; <strong>1325</strong><br />(-23 for losing)\n|raw|testbotcif's rating: 1297 &rarr; <strong>1326</strong><br />(+29 for winning)\n", "inputlog": ">version f8ac14003a5f27e1bdc8d8c59608a773c1cb96e5\n>start {\"formatid\":\"gen9randombattle\",\"seed\":\"sodium,2feb5d9dcfb8c918bdaa60e3af80f3f0\",\"rated\":\"Rated battle\"}\n>player p1 {\"name\":\"Palaeoloxodon\",\"avatar\":\"102\",\"rating\":1348,\"seed\":\"sodium,213a33a0a5018bef010ea4002e6a5da1\"}\n>player p2 {\"name\":\"testbotcif\",\"avatar\":\"1\",\"rating\":1297,\"seed\":\"sodium,3f25040a31d6bd749cfb937845d86b72\"}\n>chat \u2606testbotcif|rlhf\n>p1 move curse\n>p2 move toxic\n>p1 move bodyslam\n>p2 move thunderbolt\n>p1 move rest\n>p2 move slackoff\n>p1 move sleeptalk\n>p2 move thunderbolt\n>p1 move sleeptalk\n>p2 move thunderbolt\n>p1 move rest\n>p2 move thunderbolt\n>p1 move sleeptalk\n>p2 move thunderbolt\n>p1 move sleeptalk\n>p2 move thunderbolt\n>p1 move rest\n>p2 move thunderbolt\n>p1 move sleeptalk\n>p2 move thunderbolt\n>p1 move sleeptalk\n>p2 move thunderbolt\n>p1 move rest\n>p2 move thunderbolt\n>p1 move sleeptalk\n>p2 move thunderbolt\n>p1 move sleeptalk\n>p2 move thunderbolt\n>p1 move bodyslam\n>p2 move thunderbolt\n>p1 move rest\n>p2 move slackoff\n>p1 move sleeptalk\n>p2 move thunderbolt\n>p1 move sleeptalk\n>p2 move thunderbolt\n>p1 move rest\n>p2 move thunderbolt\n>p1 move sleeptalk\n>p2 move thunderbolt\n>p2 switch 5\n>p1 switch 3\n>p2 move calmmind\n>p1 move trick\n>p2 move shadowball terastallize\n>p1 switch 2\n>p1 move drainpunch\n>p2 move shadowball\n>p1 move drainpunch\n>p2 move shadowball\n>p2 switch 2\n>p1 move knockoff\n>p2 move bravebird\n>p1 switch 3\n>p2 move bravebird\n>p1 move sleeptalk\n>p2 move bravebird\n>p1 move rest\n>p2 move bravebird\n>p1 switch 4\n>p1 move icebeam\n>p2 move bravebird\n>p2 switch 4\n>p1 move uturn\n>p2 move auroraveil\n>p1 switch 5\n>p1 move swordsdance\n>p2 move blizzard\n>p1 switch 6\n>p1 move dragondance\n>p2 move woodhammer\n>p1 move stoneedge\n>p2 move woodhammer\n>p2 switch 3\n>p1 move stoneedge\n>p2 move highhorsepower\n>p1 switch 3\n>p1 move rest\n>p2 move doubleedge\n>p1 switch 5\n>p1 move hydropump\n>p2 move doubleedge\n>p1 move hydropump\n>p2 move doubleedge", "uploadtime": 1782871848, "views": 4, "formatid": "gen9randombattle", "rating": 1325, "private": 0, "password": null, "player_dets": [{"name": "Palaeoloxodon", "avatar": "102", "rating": 1348, "seed": "sodium,213a33a0a5018bef010ea4002e6a5da1"}, {"name": "testbotcif", "avatar": "1", "rating": 1297, "seed": "sodium,3f25040a31d6bd749cfb937845d86b72"}], "teams_full": [{"Oinkologne": {"name": "Oinkologne", "species": "Oinkologne-F", "speciesId": "oinkolognef", "gender": "F", "shiny": false, "level": 92, "moves": ["bodyslam", "rest", "curse", "sleeptalk"], "ability": "Thick Fat", "evs": {"hp": 85, "atk": 85, "def": 85, "spa": 85, "spd": 85, "spe": 85}, "ivs": {"hp": 31, "atk": 31, "def": 31, "spa": 31, "spd": 31, "spe": 31}, "item": "Leftovers", "teraType": "Poison", "role": "Bulky Support", "bvs": {"hp": 115, "atk": 90, "def": 70, "spa": 59, "spd": 90, "spe": 65}, "stats": {"hp": 361, "atk": 218, "def": 181, "spa": 161, "spd": 218, "spe": 172}, "types": ["Normal"]}, "Scrafty": {"name": "Scrafty", "species": "Scrafty", "speciesId": "scrafty", "gender": "F", "shiny": false, "level": 83, "moves": ["bulkup", "drainpunch", "knockoff", "rest"], "ability": "Shed Skin", "evs": {"hp": 85, "atk": 85, "def": 85, "spa": 85, "spd": 85, "spe": 85}, "ivs": {"hp": 31, "atk": 31, "def": 31, "spa": 31, "spd": 31, "spe": 31}, "item": "Leftovers", "teraType": "Poison", "role": "Bulky Setup", "bvs": {"hp": 65, "atk": 90, "def": 115, "spa": 45, "spd": 115, "spe": 58}, "stats": {"hp": 244, "atk": 197, "def": 239, "spa": 122, "spd": 239, "spe": 144}, "types": ["Dark", "Fighting"]}, "Chandelure": {"name": "Chandelure", "species": "Chandelure", "speciesId": "chandelure", "gender": "F", "shiny": false, "level": 83, "moves": ["fireblast", "energyball", "shadowball", "trick"], "ability": "Flash Fire", "evs": {"hp": 85, "atk": 0, "def": 85, "spa": 85, "spd": 85, "spe": 85}, "ivs": {"hp": 31, "atk": 0, "def": 31, "spa": 31, "spd": 31, "spe": 31}, "item": "Choice Scarf", "teraType": "Grass", "role": "Fast Attacker", "bvs": {"hp": 60, "atk": 55, "def": 90, "spa": 145, "spd": 90, "spe": 80}, "stats": {"hp": 235, "atk": 96, "def": 197, "spa": 288, "spd": 197, "spe": 180}, "types": ["Ghost", "Fire"]}, "Lumineon": {"name": "Lumineon", "species": "Lumineon", "speciesId": "lumineon", "gender": "F", "shiny": false, "level": 93, "moves": ["hydropump", "uturn", "icebeam", "encore"], "ability": "Storm Drain", "evs": {"hp": 85, "atk": 85, "def": 85, "spa": 85, "spd": 85, "spe": 85}, "ivs": {"hp": 31, "atk": 31, "def": 31, "spa": 31, "spd": 31, "spe": 31}, "item": "Heavy-Duty Boots", "teraType": "Steel", "role": "Fast Support", "bvs": {"hp": 69, "atk": 69, "def": 76, "spa": 69, "spd": 86, "spe": 91}, "stats": {"hp": 279, "atk": 181, "def": 194, "spa": 181, "spd": 213, "spe": 222}, "types": ["Water"]}, "Rillaboom": {"name": "Rillaboom", "species": "Rillaboom", "speciesId": "rillaboom", "gender": "F", "shiny": false, "level": 79, "moves": ["grassyglide", "woodhammer", "highhorsepower", "swordsdance"], "ability": "Grassy Surge", "evs": {"hp": 85, "atk": 85, "def": 85, "spa": 85, "spd": 85, "spe": 85}, "ivs": {"hp": 31, "atk": 31, "def": 31, "spa": 31, "spd": 31, "spe": 31}, "item": "Life Orb", "teraType": "Grass", "role": "Fast Attacker", "bvs": {"hp": 100, "atk": 125, "def": 90, "spa": 60, "spd": 70, "spe": 85}, "stats": {"hp": 288, "atk": 243, "def": 188, "spa": 140, "spd": 156, "spe": 180}, "types": ["Grass"]}, "Tyranitar": {"name": "Tyranitar", "species": "Tyranitar", "speciesId": "tyranitar", "gender": "M", "shiny": false, "level": 78, "moves": ["earthquake", "stoneedge", "knockoff", "dragondance"], "ability": "Sand Stream", "evs": {"hp": 85, "atk": 85, "def": 85, "spa": 85, "spd": 85, "spe": 85}, "ivs": {"hp": 31, "atk": 31, "def": 31, "spa": 31, "spd": 31, "spe": 31}, "item": "Weakness Policy", "teraType": "Ghost", "role": "Bulky Setup", "bvs": {"hp": 100, "atk": 134, "def": 110, "spa": 95, "spd": 100, "spe": 61}, "stats": {"hp": 284, "atk": 254, "def": 217, "spa": 193, "spd": 201, "spe": 140}, "types": ["Rock", "Dark"]}}, {"Bellibolt": {"name": "Bellibolt", "species": "Bellibolt", "speciesId": "bellibolt", "gender": "M", "shiny": false, "level": 84, "moves": ["thunderbolt", "slackoff", "muddywater", "toxic"], "ability": "Electromorphosis", "evs": {"hp": 85, "atk": 0, "def": 85, "spa": 85, "spd": 85, "spe": 85}, "ivs": {"hp": 31, "atk": 0, "def": 31, "spa": 31, "spd": 31, "spe": 31}, "item": "Leftovers", "teraType": "Electric", "role": "Bulky Attacker", "bvs": {"hp": 109, "atk": 64, "def": 91, "spa": 103, "spd": 83, "spe": 45}, "stats": {"hp": 320, "atk": 112, "def": 201, "spa": 221, "spd": 188, "spe": 124}, "types": ["Electric"]}, "Altaria": {"name": "Altaria", "species": "Altaria", "speciesId": "altaria", "gender": "M", "shiny": false, "level": 89, "moves": ["defog", "haze", "bravebird", "roost"], "ability": "Natural Cure", "evs": {"hp": 85, "atk": 85, "def": 85, "spa": 85, "spd": 85, "spe": 85}, "ivs": {"hp": 31, "atk": 31, "def": 31, "spa": 31, "spd": 31, "spe": 31}, "item": "Heavy-Duty Boots", "teraType": "Steel", "role": "Bulky Support", "bvs": {"hp": 75, "atk": 70, "def": 90, "spa": 70, "spd": 105, "spe": 80}, "stats": {"hp": 278, "atk": 175, "def": 211, "spa": 175, "spd": 238, "spe": 193}, "types": ["Dragon", "Flying"]}, "Oinkologne": {"name": "Oinkologne", "species": "Oinkologne-F", "speciesId": "oinkolognef", "gender": "F", "shiny": false, "level": 92, "moves": ["doubleedge", "curse", "lashout", "highhorsepower"], "ability": "Thick Fat", "evs": {"hp": 85, "atk": 85, "def": 85, "spa": 85, "spd": 85, "spe": 85}, "ivs": {"hp": 31, "atk": 31, "def": 31, "spa": 31, "spd": 31, "spe": 31}, "item": "Leftovers", "teraType": "Ground", "role": "Bulky Setup", "bvs": {"hp": 115, "atk": 90, "def": 70, "spa": 59, "spd": 90, "spe": 65}, "stats": {"hp": 361, "atk": 218, "def": 181, "spa": 161, "spd": 218, "spe": 172}, "types": ["Normal"]}, "Abomasnow": {"name": "Abomasnow", "species": "Abomasnow", "speciesId": "abomasnow", "gender": "F", "shiny": false, "level": 84, "moves": ["auroraveil", "blizzard", "earthquake", "woodhammer"], "ability": "Snow Warning", "evs": {"hp": 77, "atk": 85, "def": 85, "spa": 85, "spd": 85, "spe": 85}, "ivs": {"hp": 31, "atk": 31, "def": 31, "spa": 31, "spd": 31, "spe": 31}, "item": "Light Clay", "teraType": "Ghost", "role": "Bulky Support", "bvs": {"hp": 90, "atk": 92, "def": 75, "spa": 92, "spd": 85, "spe": 60}, "stats": {"hp": 287, "atk": 203, "def": 174, "spa": 203, "spd": 191, "spe": 149}, "types": ["Grass", "Ice"]}, "Sinistcha": {"name": "Sinistcha", "species": "Sinistcha-Masterpiece", "speciesId": "sinistcha", "gender": "N", "shiny": false, "level": 83, "moves": ["shadowball", "calmmind", "matchagotcha", "strengthsap"], "ability": "Heatproof", "evs": {"hp": 85, "atk": 0, "def": 85, "spa": 85, "spd": 85, "spe": 85}, "ivs": {"hp": 31, "atk": 0, "def": 31, "spa": 31, "spd": 31, "spe": 31}, "item": "Leftovers", "teraType": "Steel", "role": "Bulky Setup", "bvs": {"hp": 71, "atk": 60, "def": 106, "spa": 121, "spd": 80, "spe": 70}, "stats": {"hp": 254, "atk": 104, "def": 224, "spa": 249, "spd": 180, "spe": 164}, "types": ["Grass", "Ghost"]}, "Terapagos": {"name": "Terapagos", "species": "Terapagos", "speciesId": "terapagos", "gender": "M", "shiny": false, "level": 77, "moves": ["rest", "earthpower", "terastarstorm", "calmmind"], "ability": "Tera Shift", "evs": {"hp": 85, "atk": 0, "def": 85, "spa": 85, "spd": 85, "spe": 85}, "ivs": {"hp": 31, "atk": 0, "def": 31, "spa": 31, "spd": 31, "spe": 31}, "item": "Chesto Berry", "teraType": "Stellar", "role": "Fast Bulky Setup", "bvs": {"hp": 90, "atk": 65, "def": 85, "spa": 65, "spd": 85, "spe": 60}, "stats": {"hp": 265, "atk": 105, "def": 175, "spa": 145, "spd": 175, "spe": 137}, "types": ["Normal"]}}]}