{"id": "gen9randombattle-2641797169", "format": "[Gen 9] Random Battle", "players": ["Aruxous", "LEOAVI31"], "log": "|j|\u2606Aruxous\n|j|\u2606LEOAVI31\n|t:|1782843037\n|gametype|singles\n|player|p1|Aruxous|1|1317\n|player|p2|LEOAVI31|rocketgrunt|1269\n|gen|9\n|tier|[Gen 9] Random Battle\n|rated|\n|rule|Species Clause: Limit one of each Pok\u00e9mon\n|rule|HP Percentage Mod: HP is shown in percentages\n|rule|Sleep Clause Mod: Limit one foe put to sleep\n|rule|Illusion Level Mod: Illusion disguises the Pok\u00e9mon's true level\n|\n|t:|1782843037\n|teamsize|p1|6\n|teamsize|p2|6\n|start\n|switch|p1a: Okidogi|Okidogi, L77, M|262/262\n|switch|p2a: Rillaboom|Rillaboom, L79, F|288/288\n|-fieldstart|move: Grassy Terrain|[from] ability: Grassy Surge|[of] p2a: Rillaboom\n|turn|1\n|inactive|Battle timer is ON: inactive players will automatically lose when time's up. (requested by LEOAVI31)\n|\n|t:|1782843046\n|move|p2a: Rillaboom|U-turn|p1a: Okidogi\n|-resisted|p1a: Okidogi\n|-damage|p1a: Okidogi|245/262\n|\n|t:|1782843056\n|switch|p2a: Vivillon|Vivillon-Marine, L83, M|268/268|[from] U-turn\n|move|p1a: Okidogi|Bulk Up|p1a: Okidogi\n|-boost|p1a: Okidogi|atk|1\n|-boost|p1a: Okidogi|def|1\n|\n|-heal|p1a: Okidogi|261/262|[from] Grassy Terrain\n|-heal|p1a: Okidogi|262/262|[from] item: Leftovers\n|upkeep\n|turn|2\n|\n|t:|1782843067\n|move|p2a: Vivillon|Sleep Powder|p1a: Okidogi\n|-status|p1a: Okidogi|slp|[from] move: Sleep Powder\n|cant|p1a: Okidogi|slp\n|\n|upkeep\n|turn|3\n|\n|t:|1782843073\n|switch|p1a: Rotom|Rotom-Wash, L82|216/216\n|move|p2a: Vivillon|Quiver Dance|p2a: Vivillon\n|-boost|p2a: Vivillon|spa|1\n|-boost|p2a: Vivillon|spd|1\n|-boost|p2a: Vivillon|spe|1\n|\n|upkeep\n|turn|4\n|\n|t:|1782843082\n|move|p2a: Vivillon|Quiver Dance|p2a: Vivillon\n|-boost|p2a: Vivillon|spa|1\n|-boost|p2a: Vivillon|spd|1\n|-boost|p2a: Vivillon|spe|1\n|move|p1a: Rotom|Thunderbolt|p2a: Vivillon\n|-supereffective|p2a: Vivillon\n|-damage|p2a: Vivillon|124/268\n|\n|upkeep\n|turn|5\n|\n|t:|1782843086\n|move|p2a: Vivillon|Tera Blast|p1a: Rotom\n|-damage|p1a: Rotom|131/216\n|move|p1a: Rotom|Thunderbolt|p2a: Vivillon\n|-supereffective|p2a: Vivillon\n|-damage|p2a: Vivillon|0 fnt\n|faint|p2a: Vivillon\n|\n|-heal|p1a: Rotom|144/216|[from] item: Leftovers\n|-fieldend|move: Grassy Terrain\n|upkeep\n|\n|t:|1782843093\n|switch|p2a: Rillaboom|Rillaboom, L79, F|288/288\n|-fieldstart|move: Grassy Terrain|[from] ability: Grassy Surge|[of] p2a: Rillaboom\n|turn|6\n|\n|t:|1782843096\n|-terastallize|p2a: Rillaboom|Grass\n|move|p2a: Rillaboom|Grassy Glide|p1a: Rotom\n|-supereffective|p1a: Rotom\n|-damage|p1a: Rotom|0 fnt\n|faint|p1a: Rotom\n|\n|upkeep\n|\n|t:|1782843106\n|switch|p1a: Dunsparce|Dunsparce, L86, F|312/312\n|turn|7\n|\n|t:|1782843117\n|switch|p2a: Volbeat|Volbeat, L90, M|263/263\n|move|p1a: Dunsparce|Coil|p1a: Dunsparce\n|-boost|p1a: Dunsparce|atk|1\n|-boost|p1a: Dunsparce|def|1\n|-boost|p1a: Dunsparce|accuracy|1\n|\n|upkeep\n|turn|8\n|\n|t:|1782843123\n|move|p2a: Volbeat|Encore|p1a: Dunsparce\n|-start|p1a: Dunsparce|Encore\n|move|p1a: Dunsparce|Coil|p1a: Dunsparce\n|-boost|p1a: Dunsparce|atk|1\n|-boost|p1a: Dunsparce|def|1\n|-boost|p1a: Dunsparce|accuracy|1\n|\n|upkeep\n|turn|9\n|\n|t:|1782843126\n|move|p2a: Volbeat|Thunder Wave|p1a: Dunsparce\n|-status|p1a: Dunsparce|par\n|move|p1a: Dunsparce|Coil|p1a: Dunsparce\n|-boost|p1a: Dunsparce|atk|1\n|-boost|p1a: Dunsparce|def|1\n|-boost|p1a: Dunsparce|accuracy|1\n|\n|upkeep\n|turn|10\n|\n|t:|1782843130\n|move|p2a: Volbeat|Lunge|p1a: Dunsparce\n|-crit|p1a: Dunsparce\n|-damage|p1a: Dunsparce|218/312 par\n|-unboost|p1a: Dunsparce|atk|1\n|move|p1a: Dunsparce|Coil|p1a: Dunsparce\n|-boost|p1a: Dunsparce|atk|1\n|-boost|p1a: Dunsparce|def|1\n|-boost|p1a: Dunsparce|accuracy|1\n|\n|-heal|p1a: Dunsparce|237/312 par|[from] Grassy Terrain\n|-end|p1a: Dunsparce|Encore\n|-fieldend|move: Grassy Terrain\n|upkeep\n|turn|11\n|\n|t:|1782843145\n|switch|p1a: Crabominable|Crabominable, L90, M|321/321\n|move|p2a: Volbeat|Encore||[still]\n|-fail|p2a: Volbeat\n|\n|upkeep\n|turn|12\n|inactive|LEOAVI31 has 120 seconds left.\n|\n|t:|1782843199\n|move|p2a: Volbeat|Thunder Wave|p1a: Crabominable\n|-status|p1a: Crabominable|par\n|cant|p1a: Crabominable|par\n|\n|upkeep\n|turn|13\n|\n|t:|1782843208\n|move|p2a: Volbeat|Lunge|p1a: Crabominable\n|-resisted|p1a: Crabominable\n|-damage|p1a: Crabominable|277/321 par\n|-unboost|p1a: Crabominable|atk|1\n|cant|p1a: Crabominable|par\n|\n|upkeep\n|turn|14\n|\n|t:|1782843216\n|move|p2a: Volbeat|Lunge|p1a: Crabominable\n|-resisted|p1a: Crabominable\n|-damage|p1a: Crabominable|239/321 par\n|-unboost|p1a: Crabominable|atk|1\n|move|p1a: Crabominable|Knock Off|p2a: Volbeat\n|-crit|p2a: Volbeat\n|-damage|p2a: Volbeat|43/263\n|-enditem|p2a: Volbeat|Heavy-Duty Boots|[from] move: Knock Off|[of] p1a: Crabominable\n|\n|upkeep\n|turn|15\n|\n|t:|1782843220\n|move|p2a: Volbeat|Roost|p2a: Volbeat\n|-heal|p2a: Volbeat|175/263\n|-singleturn|p2a: Volbeat|move: Roost\n|move|p1a: Crabominable|Knock Off|p2a: Volbeat\n|-damage|p2a: Volbeat|117/263\n|\n|upkeep\n|turn|16\n|\n|t:|1782843229\n|move|p2a: Volbeat|Roost|p2a: Volbeat\n|-heal|p2a: Volbeat|249/263\n|-singleturn|p2a: Volbeat|move: Roost\n|move|p1a: Crabominable|Knock Off|p2a: Volbeat\n|-damage|p2a: Volbeat|192/263\n|\n|upkeep\n|turn|17\n|l|\u2606Aruxous\n|inactive|Aruxous disconnected and has a minute to reconnect!\n|player|p1|\n|\n|t:|1782843245\n|switch|p2a: Grimmsnarl|Grimmsnarl, L83, M|293/293\n|switch|p1a: Dunsparce|Dunsparce, L86, F|237/312 par\n|\n|upkeep\n|turn|18\n|j|\u2606Aruxous\n|inactive|Aruxous reconnected and has 140 seconds left.\n|player|p1|Aruxous|1|\n|\n|t:|1782843262\n|move|p2a: Grimmsnarl|Reflect|p2a: Grimmsnarl\n|-sidestart|p2: LEOAVI31|Reflect\n|move|p1a: Dunsparce|Body Slam|p2a: Grimmsnarl\n|-damage|p2a: Grimmsnarl|248/293\n|-status|p2a: Grimmsnarl|par\n|\n|upkeep\n|turn|19\n|inactive|LEOAVI31 has 120 seconds left.\n|inactive|LEOAVI31 has 90 seconds left.\n|\n|t:|1782843341\n|move|p2a: Grimmsnarl|Light Screen|p2a: Grimmsnarl\n|-sidestart|p2: LEOAVI31|move: Light Screen\n|cant|p1a: Dunsparce|par\n|\n|upkeep\n|turn|20\n|\n|t:|1782843353\n|switch|p2a: Volbeat|Volbeat, L90, M|192/263\n|move|p1a: Dunsparce|Coil|p1a: Dunsparce\n|-boost|p1a: Dunsparce|atk|1\n|-boost|p1a: Dunsparce|def|1\n|-boost|p1a: Dunsparce|accuracy|1\n|\n|upkeep\n|turn|21\n|\n|t:|1782843359\n|switch|p1a: Okidogi|Okidogi, L77, M|262/262 slp\n|move|p2a: Volbeat|Encore||[still]\n|-fail|p2a: Volbeat\n|\n|upkeep\n|turn|22\n|inactive|LEOAVI31 has 90 seconds left.\n|\n|t:|1782843368\n|switch|p1a: Crabominable|Crabominable, L90, M|239/321 par\n|move|p2a: Volbeat|Lunge|p1a: Crabominable\n|-resisted|p1a: Crabominable\n|-damage|p1a: Crabominable|200/321 par\n|-unboost|p1a: Crabominable|atk|1\n|\n|upkeep\n|turn|23\n|\n|t:|1782843380\n|move|p2a: Volbeat|Lunge|p1a: Crabominable\n|-resisted|p1a: Crabominable\n|-damage|p1a: Crabominable|161/321 par\n|-unboost|p1a: Crabominable|atk|1\n|move|p1a: Crabominable|Ice Hammer|p2a: Volbeat|[miss]\n|-miss|p1a: Crabominable|p2a: Volbeat\n|\n|upkeep\n|turn|24\n|inactive|LEOAVI31 has 90 seconds left.\n|\n|t:|1782843400\n|switch|p2a: Regirock|Regirock, L83|268/268\n|switch|p1a: Dunsparce|Dunsparce, L86, F|237/312 par\n|\n|upkeep\n|turn|25\n|\n|t:|1782843407\n|move|p2a: Regirock|Body Press|p1a: Dunsparce\n|-supereffective|p1a: Dunsparce\n|-damage|p1a: Dunsparce|83/312 par\n|move|p1a: Dunsparce|Body Slam|p2a: Regirock\n|-resisted|p2a: Regirock\n|-damage|p2a: Regirock|258/268\n|-status|p2a: Regirock|par\n|\n|-sideend|p2: LEOAVI31|Reflect\n|upkeep\n|turn|26\n|\n|t:|1782843430\n|switch|p2a: Volbeat|Volbeat, L90, M|192/263\n|move|p1a: Dunsparce|Roost|p1a: Dunsparce\n|-heal|p1a: Dunsparce|239/312 par\n|-singleturn|p1a: Dunsparce|move: Roost\n|\n|-sideend|p2: LEOAVI31|move: Light Screen\n|upkeep\n|turn|27\n|\n|t:|1782843447\n|switch|p1a: Crabominable|Crabominable, L90, M|161/321 par\n|move|p2a: Volbeat|Lunge|p1a: Crabominable\n|-resisted|p1a: Crabominable\n|-damage|p1a: Crabominable|122/321 par\n|-unboost|p1a: Crabominable|atk|1\n|\n|upkeep\n|turn|28\n|\n|t:|1782843453\n|move|p2a: Volbeat|Lunge|p1a: Crabominable\n|-resisted|p1a: Crabominable\n|-damage|p1a: Crabominable|84/321 par\n|-unboost|p1a: Crabominable|atk|1\n|move|p1a: Crabominable|Ice Hammer|p2a: Volbeat\n|-damage|p2a: Volbeat|44/263\n|-unboost|p1a: Crabominable|spe|1\n|\n|upkeep\n|turn|29\n|\n|t:|1782843461\n|move|p2a: Volbeat|Roost|p2a: Volbeat\n|-heal|p2a: Volbeat|176/263\n|-singleturn|p2a: Volbeat|move: Roost\n|move|p1a: Crabominable|Ice Hammer|p2a: Volbeat\n|-damage|p2a: Volbeat|38/263\n|-unboost|p1a: Crabominable|spe|1\n|\n|upkeep\n|turn|30\n|\n|t:|1782843466\n|move|p2a: Volbeat|Roost|p2a: Volbeat\n|-heal|p2a: Volbeat|170/263\n|-singleturn|p2a: Volbeat|move: Roost\n|move|p1a: Crabominable|Ice Hammer|p2a: Volbeat\n|-damage|p2a: Volbeat|17/263\n|-unboost|p1a: Crabominable|spe|1\n|\n|upkeep\n|turn|31\n|\n|t:|1782843473\n|switch|p1a: Dunsparce|Dunsparce, L86, F|239/312 par\n|move|p2a: Volbeat|Roost|p2a: Volbeat\n|-heal|p2a: Volbeat|149/263\n|-singleturn|p2a: Volbeat|move: Roost\n|\n|upkeep\n|turn|32\n|\n|t:|1782843484\n|switch|p2a: Regirock|Regirock, L83|258/268 par\n|move|p1a: Dunsparce|Body Slam|p2a: Regirock\n|-resisted|p2a: Regirock\n|-damage|p2a: Regirock|239/268 par\n|\n|upkeep\n|turn|33\n|\n|t:|1782843490\n|switch|p1a: Okidogi|Okidogi, L77, M|262/262 slp\n|cant|p2a: Regirock|par\n|\n|upkeep\n|turn|34\n|\n|t:|1782843494\n|cant|p1a: Okidogi|slp\n|move|p2a: Regirock|Iron Defense|p2a: Regirock\n|-boost|p2a: Regirock|def|2\n|\n|upkeep\n|turn|35\n|\n|t:|1782843499\n|-curestatus|p1a: Okidogi|slp|[msg]\n|move|p1a: Okidogi|Bulk Up|p1a: Okidogi\n|-boost|p1a: Okidogi|atk|1\n|-boost|p1a: Okidogi|def|1\n|move|p2a: Regirock|Iron Defense|p2a: Regirock\n|-boost|p2a: Regirock|def|2\n|\n|upkeep\n|turn|36\n|\n|t:|1782843508\n|switch|p2a: Volbeat|Volbeat, L90, M|149/263\n|move|p1a: Okidogi|Knock Off|p2a: Volbeat\n|-damage|p2a: Volbeat|66/263\n|\n|upkeep\n|turn|37\n|\n|t:|1782843516\n|switch|p1a: Dunsparce|Dunsparce, L86, F|239/312 par\n|move|p2a: Volbeat|Roost|p2a: Volbeat\n|-heal|p2a: Volbeat|198/263\n|-singleturn|p2a: Volbeat|move: Roost\n|\n|upkeep\n|turn|38\n|\n|t:|1782843531\n|move|p2a: Volbeat|Roost|p2a: Volbeat\n|-heal|p2a: Volbeat|263/263\n|-singleturn|p2a: Volbeat|move: Roost\n|move|p1a: Dunsparce|Body Slam|p2a: Volbeat\n|-damage|p2a: Volbeat|185/263\n|\n|upkeep\n|turn|39\n|\n|t:|1782843539\n|switch|p2a: Regirock|Regirock, L83|239/268 par\n|move|p1a: Dunsparce|Body Slam|p2a: Regirock\n|-resisted|p2a: Regirock\n|-damage|p2a: Regirock|221/268 par\n|\n|upkeep\n|turn|40\n|\n|t:|1782843542\n|move|p2a: Regirock|Iron Defense|p2a: Regirock\n|-boost|p2a: Regirock|def|2\n|cant|p1a: Dunsparce|par\n|\n|upkeep\n|turn|41\n|\n|t:|1782843544\n|move|p2a: Regirock|Body Press|p1a: Dunsparce\n|-supereffective|p1a: Dunsparce\n|-damage|p1a: Dunsparce|0 fnt\n|faint|p1a: Dunsparce\n|\n|upkeep\n|\n|t:|1782843549\n|switch|p1a: Okidogi|Okidogi, L77, M|262/262\n|turn|42\n|\n|t:|1782843556\n|move|p1a: Okidogi|Bulk Up|p1a: Okidogi\n|-boost|p1a: Okidogi|atk|1\n|-boost|p1a: Okidogi|def|1\n|move|p2a: Regirock|Stone Edge|p1a: Okidogi\n|-resisted|p1a: Okidogi\n|-damage|p1a: Okidogi|232/262\n|\n|-heal|p1a: Okidogi|248/262|[from] item: Leftovers\n|upkeep\n|turn|43\n|\n|t:|1782843560\n|switch|p2a: Volbeat|Volbeat, L90, M|185/263\n|move|p1a: Okidogi|Drain Punch|p2a: Volbeat\n|-resisted|p2a: Volbeat\n|-damage|p2a: Volbeat|117/263\n|-heal|p1a: Okidogi|262/262|[from] drain|[of] p2a: Volbeat\n|\n|upkeep\n|turn|44\n|\n|t:|1782843567\n|move|p2a: Volbeat|Encore|p1a: Okidogi\n|-start|p1a: Okidogi|Encore\n|move|p1a: Okidogi|Drain Punch|p2a: Volbeat\n|-resisted|p2a: Volbeat\n|-damage|p2a: Volbeat|51/263\n|-status|p2a: Volbeat|tox|[from] ability: Toxic Chain|[of] p1a: Okidogi\n|\n|-damage|p2a: Volbeat|35/263 tox|[from] psn\n|upkeep\n|turn|45\n|\n|t:|1782843574\n|move|p2a: Volbeat|Thunder Wave|p1a: Okidogi\n|-status|p1a: Okidogi|par\n|move|p1a: Okidogi|Drain Punch|p2a: Volbeat\n|-resisted|p2a: Volbeat\n|-damage|p2a: Volbeat|0 fnt\n|faint|p2a: Volbeat\n|\n|upkeep\n|\n|t:|1782843594\n|switch|p2a: Palkia|Palkia-Origin, L72|249/249\n|-ability|p2a: Palkia|Pressure\n|turn|46\n|\n|t:|1782843605\n|move|p2a: Palkia|Hydro Pump|p1a: Okidogi\n|-damage|p1a: Okidogi|105/262 par\n|move|p1a: Okidogi|Drain Punch|p2a: Palkia\n|-damage|p2a: Palkia|108/249\n|-heal|p1a: Okidogi|176/262 par|[from] drain|[of] p2a: Palkia\n|\n|-heal|p1a: Okidogi|192/262 par|[from] item: Leftovers\n|-end|p1a: Okidogi|Encore\n|upkeep\n|turn|47\n|\n|t:|1782843612\n|move|p2a: Palkia|Draco Meteor|p1a: Okidogi\n|-damage|p1a: Okidogi|3/262 par\n|-unboost|p2a: Palkia|spa|2\n|cant|p1a: Okidogi|par\n|\n|-heal|p1a: Okidogi|19/262 par|[from] item: Leftovers\n|upkeep\n|turn|48\n|\n|t:|1782843620\n|move|p2a: Palkia|Draco Meteor|p1a: Okidogi\n|-damage|p1a: Okidogi|0 fnt\n|-unboost|p2a: Palkia|spa|2\n|faint|p1a: Okidogi\n|\n|upkeep\n|\n|t:|1782843624\n|switch|p1a: Overqwil|Overqwil, L82, F|274/274\n|-ability|p1a: Overqwil|Intimidate|boost\n|-unboost|p2a: Palkia|atk|1\n|turn|49\n|\n|t:|1782843630\n|switch|p2a: Regirock|Regirock, L83|221/268 par\n|move|p1a: Overqwil|Crunch|p2a: Regirock\n|-damage|p2a: Regirock|155/268 par\n|\n|upkeep\n|turn|50\n|\n|t:|1782843633\n|switch|p1a: Crabominable|Crabominable, L90, M|84/321 par\n|move|p2a: Regirock|Iron Defense|p2a: Regirock\n|-boost|p2a: Regirock|def|2\n|\n|upkeep\n|turn|51\n|\n|t:|1782843641\n|move|p2a: Regirock|Rest|p2a: Regirock\n|-status|p2a: Regirock|slp|[from] move: Rest\n|-heal|p2a: Regirock|268/268 slp|[silent]\n|-enditem|p2a: Regirock|Chesto Berry|[eat]\n|-curestatus|p2a: Regirock|slp|[msg]\n|move|p1a: Crabominable|Knock Off|p2a: Regirock\n|-damage|p2a: Regirock|242/268\n|\n|upkeep\n|turn|52\n|\n|t:|1782843646\n|move|p2a: Regirock|Iron Defense|p2a: Regirock\n|-boost|p2a: Regirock|def|2\n|move|p1a: Crabominable|Knock Off|p2a: Regirock\n|-damage|p2a: Regirock|225/268\n|\n|upkeep\n|turn|53\n|\n|t:|1782843651\n|move|p2a: Regirock|Iron Defense|p2a: Regirock\n|-boost|p2a: Regirock|def|2\n|move|p1a: Crabominable|Knock Off|p2a: Regirock\n|-damage|p2a: Regirock|210/268\n|\n|upkeep\n|turn|54\n|\n|t:|1782843656\n|move|p2a: Regirock|Body Press|p1a: Crabominable\n|-supereffective|p1a: Crabominable\n|-damage|p1a: Crabominable|0 fnt\n|faint|p1a: Crabominable\n|\n|upkeep\n|\n|t:|1782843658\n|switch|p1a: Spiritomb|Spiritomb, L89, F|234/234\n|turn|55\n|\n|t:|1782843662\n|move|p2a: Regirock|Stone Edge|p1a: Spiritomb\n|-damage|p1a: Spiritomb|149/234\n|move|p1a: Spiritomb|Will-O-Wisp|p2a: Regirock|[miss]\n|-miss|p1a: Spiritomb|p2a: Regirock\n|\n|-heal|p1a: Spiritomb|163/234|[from] item: Leftovers\n|upkeep\n|turn|56\n|\n|t:|1782843668\n|switch|p2a: Grimmsnarl|Grimmsnarl, L83, M|248/293 par\n|move|p1a: Spiritomb|Will-O-Wisp||[still]\n|-fail|p1a: Spiritomb\n|\n|-heal|p1a: Spiritomb|177/234|[from] item: Leftovers\n|upkeep\n|turn|57\n|\n|t:|1782843676\n|switch|p1a: Overqwil|Overqwil, L82, F|274/274\n|-ability|p1a: Overqwil|Intimidate|boost\n|-unboost|p2a: Grimmsnarl|atk|1\n|move|p2a: Grimmsnarl|Thunder Wave|p1a: Overqwil\n|-hint|Since gen 7, Dark is immune to Prankster moves.\n|-immune|p1a: Overqwil\n|\n|upkeep\n|turn|58\n|\n|t:|1782843683\n|move|p2a: Grimmsnarl|Reflect|p2a: Grimmsnarl\n|-sidestart|p2: LEOAVI31|Reflect\n|move|p1a: Overqwil|Gunk Shot|p2a: Grimmsnarl\n|-supereffective|p2a: Grimmsnarl\n|-damage|p2a: Grimmsnarl|0 fnt\n|faint|p2a: Grimmsnarl\n|\n|upkeep\n|\n|t:|1782843688\n|switch|p2a: Palkia|Palkia-Origin, L72|108/249\n|-ability|p2a: Palkia|Pressure\n|turn|59\n|\n|t:|1782843693\n|move|p2a: Palkia|Draco Meteor|p1a: Overqwil\n|-damage|p1a: Overqwil|45/274\n|-unboost|p2a: Palkia|spa|2\n|move|p1a: Overqwil|Gunk Shot|p2a: Palkia\n|-damage|p2a: Palkia|0 fnt\n|faint|p2a: Palkia\n|\n|upkeep\n|\n|t:|1782843704\n|switch|p2a: Rillaboom|Rillaboom, L79, F, tera:Grass|288/288\n|-fieldstart|move: Grassy Terrain|[from] ability: Grassy Surge|[of] p2a: Rillaboom\n|turn|60\n|\n|t:|1782843709\n|switch|p1a: Spiritomb|Spiritomb, L89, F|177/234\n|move|p2a: Rillaboom|Grassy Glide|p1a: Spiritomb\n|-damage|p1a: Spiritomb|43/234\n|\n|-heal|p1a: Spiritomb|57/234|[from] Grassy Terrain\n|-heal|p1a: Spiritomb|71/234|[from] item: Leftovers\n|upkeep\n|turn|61\n|\n|t:|1782843714\n|move|p2a: Rillaboom|Grassy Glide|p1a: Spiritomb\n|-damage|p1a: Spiritomb|0 fnt\n|faint|p1a: Spiritomb\n|\n|upkeep\n|\n|t:|1782843717\n|switch|p1a: Overqwil|Overqwil, L82, F|45/274\n|-ability|p1a: Overqwil|Intimidate|boost\n|-unboost|p2a: Rillaboom|atk|1\n|turn|62\n|\n|t:|1782843720\n|move|p2a: Rillaboom|Grassy Glide|p1a: Overqwil\n|-resisted|p1a: Overqwil\n|-damage|p1a: Overqwil|0 fnt\n|faint|p1a: Overqwil\n|\n|win|LEOAVI31\n|raw|Aruxous's rating: 1317 &rarr; <strong>1294</strong><br />(-23 for losing)\n|raw|LEOAVI31's rating: 1269 &rarr; <strong>1297</strong><br />(+28 for winning)\n|l|\u2606LEOAVI31\n|player|p2|\n", "inputlog": ">version f8ac14003a5f27e1bdc8d8c59608a773c1cb96e5\n>start {\"formatid\":\"gen9randombattle\",\"seed\":\"sodium,4b2e5f1e94795148d92d261cf6c8f93d\",\"rated\":\"Rated battle\"}\n>player p1 {\"name\":\"Aruxous\",\"avatar\":\"1\",\"rating\":1317,\"seed\":\"sodium,da0323a9f2c515d0bacd581c9639241e\"}\n>player p2 {\"name\":\"LEOAVI31\",\"avatar\":\"rocketgrunt\",\"rating\":1269,\"seed\":\"sodium,7af47b9679baa5f98a7cc1724d208875\"}\n>p1 move bulkup\n>p2 move uturn\n>p2 switch 4\n>p1 move knockoff\n>p2 move sleeppowder\n>p1 switch 4\n>p2 move quiverdance\n>p1 move thunderbolt\n>p2 move quiverdance\n>p1 move thunderbolt\n>p2 move terablast\n>p2 switch 4\n>p1 move willowisp\n>p2 move grassyglide terastallize\n>p1 switch 6\n>p1 move coil\n>p2 switch 2\n>p1 move bodyslam\n>p2 move encore\n>p1 move coil\n>p2 move thunderwave\n>p1 move coil\n>p2 move lunge\n>p1 switch 5\n>p2 move encore\n>p1 move knockoff\n>p2 move thunderwave\n>p1 move knockoff\n>p2 move lunge\n>p1 move knockoff\n>p2 move lunge\n>p1 move knockoff\n>p2 move roost\n>p1 move knockoff\n>p2 move roost\n>p1 switch 5\n>p2 switch 5\n>p1 move bodyslam\n>p2 move reflect\n>p1 move coil\n>p2 move lightscreen\n>p1 move coil\n>p2 switch 5\n>p1 switch 4\n>p2 move encore\n>p1 switch 5\n>p2 move lunge\n>p1 move icehammer\n>p2 move lunge\n>p1 switch 4\n>p2 switch 3\n>p1 move bodyslam\n>p2 move bodypress\n>p1 move roost\n>p2 switch 3\n>p1 switch 4\n>p2 move lunge\n>p1 move icehammer\n>p2 move lunge\n>p1 move icehammer\n>p2 move roost\n>p1 move icehammer\n>p2 move roost\n>p1 switch 4\n>p2 move roost\n>p1 move bodyslam\n>p2 switch 3\n>p1 switch 5\n>p2 move bodypress\n>p1 move bulkup\n>p2 move irondefense\n>p1 move bulkup\n>p2 move irondefense\n>p1 move knockoff\n>p2 switch 3\n>p1 switch 5\n>p2 move roost\n>p1 move bodyslam\n>p2 move roost\n>p1 move bodyslam\n>p2 switch 3\n>p1 move coil\n>p2 move irondefense\n>p1 move coil\n>p2 move bodypress\n>p1 switch 5\n>p1 move bulkup\n>p2 move stoneedge\n>p1 move drainpunch\n>p2 switch 3\n>p1 move gunkshot\n>p2 move encore\n>p1 move drainpunch\n>p2 move thunderwave\n>p2 switch 6\n>p1 move drainpunch\n>p2 move hydropump\n>p1 move drainpunch\n>p2 move dracometeor\n>p1 move knockoff\n>p2 move dracometeor\n>p1 switch 2\n>p1 move crunch\n>p2 switch 3\n>p1 switch 4\n>p2 move irondefense\n>p1 move knockoff\n>p2 move rest\n>p1 move knockoff\n>p2 move irondefense\n>p1 move knockoff\n>p2 move irondefense\n>p1 move knockoff\n>p2 move bodypress\n>p1 switch 3\n>p1 move willowisp\n>p2 move stoneedge\n>p1 move willowisp\n>p2 switch 5\n>p1 switch 4\n>p2 move thunderwave\n>p1 move gunkshot\n>p2 move reflect\n>p2 switch 3\n>p1 move gunkshot\n>p2 move dracometeor\n>p2 switch 2\n>p1 switch 4\n>p2 move grassyglide\n>p1 move willowisp\n>p2 move grassyglide\n>p1 switch 4\n>p1 move gunkshot\n>p2 move grassyglide", "uploadtime": 1782843728, "views": 6, "formatid": "gen9randombattle", "rating": 1294, "private": 0, "password": null, "player_dets": [{"name": "Aruxous", "avatar": "1", "rating": 1317, "seed": "sodium,da0323a9f2c515d0bacd581c9639241e"}, {"name": "LEOAVI31", "avatar": "rocketgrunt", "rating": 1269, "seed": "sodium,7af47b9679baa5f98a7cc1724d208875"}], "teams_full": [{"Okidogi": {"name": "Okidogi", "species": "Okidogi", "speciesId": "okidogi", "gender": "M", "shiny": false, "level": 77, "moves": ["gunkshot", "knockoff", "drainpunch", "bulkup"], "ability": "Toxic Chain", "evs": {"hp": 85, "atk": 85, "def": 85, "spa": 85, "spd": 85, "spe": 85}, "ivs": {"hp": 31, "atk": 31, "def": 31, "spa": 31, "spd": 31, "spe": 31}, "item": "Leftovers", "teraType": "Dark", "role": "Bulky Setup", "bvs": {"hp": 88, "atk": 128, "def": 115, "spa": 58, "spd": 86, "spe": 80}, "stats": {"hp": 262, "atk": 242, "def": 222, "spa": 134, "spd": 177, "spe": 168}, "types": ["Poison", "Fighting"]}, "Overqwil": {"name": "Overqwil", "species": "Overqwil", "speciesId": "overqwil", "gender": "F", "shiny": false, "level": 82, "moves": ["gunkshot", "crunch", "liquidation", "aquajet"], "ability": "Intimidate", "evs": {"hp": 85, "atk": 85, "def": 85, "spa": 85, "spd": 85, "spe": 85}, "ivs": {"hp": 31, "atk": 31, "def": 31, "spa": 31, "spd": 31, "spe": 31}, "item": "Choice Band", "teraType": "Water", "role": "Fast Attacker", "bvs": {"hp": 85, "atk": 115, "def": 95, "spa": 65, "spd": 65, "spe": 85}, "stats": {"hp": 274, "atk": 236, "def": 203, "spa": 154, "spd": 154, "spe": 187}, "types": ["Dark", "Poison"]}, "Spiritomb": {"name": "Spiritomb", "species": "Spiritomb", "speciesId": "spiritomb", "gender": "F", "shiny": false, "level": 89, "moves": ["willowisp", "suckerpunch", "foulplay", "poltergeist"], "ability": "Infiltrator", "evs": {"hp": 85, "atk": 85, "def": 85, "spa": 85, "spd": 85, "spe": 85}, "ivs": {"hp": 31, "atk": 31, "def": 31, "spa": 31, "spd": 31, "spe": 31}, "item": "Leftovers", "teraType": "Ghost", "role": "Bulky Support", "bvs": {"hp": 50, "atk": 92, "def": 108, "spa": 92, "spd": 108, "spe": 35}, "stats": {"hp": 234, "atk": 215, "def": 243, "spa": 215, "spd": 243, "spe": 113}, "types": ["Ghost", "Dark"]}, "Rotom": {"name": "Rotom", "species": "Rotom-Wash", "speciesId": "rotomwash", "gender": "N", "shiny": false, "level": 82, "moves": ["painsplit", "thunderbolt", "willowisp", "hydropump"], "ability": "Levitate", "evs": {"hp": 85, "atk": 0, "def": 85, "spa": 85, "spd": 85, "spe": 85}, "ivs": {"hp": 31, "atk": 0, "def": 31, "spa": 31, "spd": 31, "spe": 31}, "item": "Leftovers", "teraType": "Steel", "role": "Bulky Attacker", "bvs": {"hp": 50, "atk": 65, "def": 107, "spa": 105, "spd": 107, "spe": 86}, "stats": {"hp": 216, "atk": 111, "def": 223, "spa": 219, "spd": 223, "spe": 188}, "types": ["Electric", "Water"]}, "Crabominable": {"name": "Crabominable", "species": "Crabominable", "speciesId": "crabominable", "gender": "M", "shiny": false, "level": 90, "moves": ["earthquake", "knockoff", "icehammer", "closecombat"], "ability": "Iron Fist", "evs": {"hp": 85, "atk": 85, "def": 85, "spa": 85, "spd": 85, "spe": 85}, "ivs": {"hp": 31, "atk": 31, "def": 31, "spa": 31, "spd": 31, "spe": 31}, "item": "Choice Band", "teraType": "Ground", "role": "Wallbreaker", "bvs": {"hp": 97, "atk": 132, "def": 77, "spa": 62, "spd": 67, "spe": 43}, "stats": {"hp": 321, "atk": 289, "def": 190, "spa": 163, "spd": 172, "spe": 129}, "types": ["Fighting", "Ice"]}, "Dunsparce": {"name": "Dunsparce", "species": "Dunsparce", "speciesId": "dunsparce", "gender": "F", "shiny": false, "level": 86, "moves": ["bodyslam", "earthquake", "roost", "coil"], "ability": "Serene Grace", "evs": {"hp": 85, "atk": 85, "def": 85, "spa": 85, "spd": 85, "spe": 85}, "ivs": {"hp": 31, "atk": 31, "def": 31, "spa": 31, "spd": 31, "spe": 31}, "item": "Eviolite", "teraType": "Ghost", "role": "Bulky Setup", "bvs": {"hp": 100, "atk": 70, "def": 70, "spa": 65, "spd": 65, "spe": 45}, "stats": {"hp": 312, "atk": 170, "def": 170, "spa": 161, "spd": 161, "spe": 127}, "types": ["Normal"]}}, {"Rillaboom": {"name": "Rillaboom", "species": "Rillaboom", "speciesId": "rillaboom", "gender": "F", "shiny": false, "level": 79, "moves": ["grassyglide", "knockoff", "woodhammer", "uturn"], "ability": "Grassy Surge", "evs": {"hp": 85, "atk": 85, "def": 85, "spa": 85, "spd": 85, "spe": 85}, "ivs": {"hp": 31, "atk": 31, "def": 31, "spa": 31, "spd": 31, "spe": 31}, "item": "Choice Band", "teraType": "Grass", "role": "Wallbreaker", "bvs": {"hp": 100, "atk": 125, "def": 90, "spa": 60, "spd": 70, "spe": 85}, "stats": {"hp": 288, "atk": 243, "def": 188, "spa": 140, "spd": 156, "spe": 180}, "types": ["Grass"]}, "Volbeat": {"name": "Volbeat", "species": "Volbeat", "speciesId": "volbeat", "gender": "M", "shiny": false, "level": 90, "moves": ["thunderwave", "roost", "encore", "lunge"], "ability": "Prankster", "evs": {"hp": 85, "atk": 85, "def": 85, "spa": 85, "spd": 85, "spe": 85}, "ivs": {"hp": 31, "atk": 31, "def": 31, "spa": 31, "spd": 31, "spe": 31}, "item": "Heavy-Duty Boots", "teraType": "Water", "role": "Bulky Attacker", "bvs": {"hp": 65, "atk": 73, "def": 75, "spa": 47, "spd": 85, "spe": 85}, "stats": {"hp": 263, "atk": 183, "def": 186, "spa": 136, "spd": 204, "spe": 204}, "types": ["Bug"]}, "Regirock": {"name": "Regirock", "species": "Regirock", "speciesId": "regirock", "gender": "N", "shiny": false, "level": 83, "moves": ["rest", "irondefense", "stoneedge", "bodypress"], "ability": "Clear Body", "evs": {"hp": 85, "atk": 85, "def": 85, "spa": 85, "spd": 85, "spe": 85}, "ivs": {"hp": 31, "atk": 31, "def": 31, "spa": 31, "spd": 31, "spe": 31}, "item": "Chesto Berry", "teraType": "Fighting", "role": "Bulky Setup", "bvs": {"hp": 80, "atk": 100, "def": 200, "spa": 50, "spd": 100, "spe": 50}, "stats": {"hp": 268, "atk": 214, "def": 380, "spa": 131, "spd": 214, "spe": 131}, "types": ["Rock"]}, "Vivillon": {"name": "Vivillon", "species": "Vivillon-Marine", "speciesId": "vivillon", "gender": "M", "shiny": false, "level": 83, "moves": ["terablast", "sleeppowder", "hurricane", "quiverdance"], "ability": "Compound Eyes", "evs": {"hp": 85, "atk": 0, "def": 85, "spa": 85, "spd": 85, "spe": 85}, "ivs": {"hp": 31, "atk": 0, "def": 31, "spa": 31, "spd": 31, "spe": 31}, "item": "Heavy-Duty Boots", "teraType": "Ground", "role": "Tera Blast user", "bvs": {"hp": 80, "atk": 52, "def": 50, "spa": 90, "spd": 50, "spe": 89}, "stats": {"hp": 268, "atk": 91, "def": 131, "spa": 197, "spd": 131, "spe": 195}, "types": ["Bug", "Flying"]}, "Grimmsnarl": {"name": "Grimmsnarl", "species": "Grimmsnarl", "speciesId": "grimmsnarl", "gender": "M", "shiny": false, "level": 83, "moves": ["thunderwave", "lightscreen", "spiritbreak", "reflect"], "ability": "Prankster", "evs": {"hp": 85, "atk": 85, "def": 85, "spa": 85, "spd": 85, "spe": 85}, "ivs": {"hp": 31, "atk": 31, "def": 31, "spa": 31, "spd": 31, "spe": 31}, "item": "Light Clay", "teraType": "Steel", "role": "Bulky Support", "bvs": {"hp": 95, "atk": 120, "def": 65, "spa": 95, "spd": 75, "spe": 60}, "stats": {"hp": 293, "atk": 247, "def": 156, "spa": 205, "spd": 172, "spe": 147}, "types": ["Dark", "Fairy"]}, "Palkia": {"name": "Palkia", "species": "Palkia-Origin", "speciesId": "palkiaorigin", "gender": "N", "shiny": false, "level": 72, "moves": ["hydropump", "dracometeor", "fireblast", "thunderwave"], "ability": "Pressure", "evs": {"hp": 85, "atk": 0, "def": 85, "spa": 85, "spd": 85, "spe": 85}, "ivs": {"hp": 31, "atk": 0, "def": 31, "spa": 31, "spd": 31, "spe": 31}, "item": "Lustrous Globe", "teraType": "Dragon", "role": "Bulky Attacker", "bvs": {"hp": 90, "atk": 100, "def": 100, "spa": 150, "spd": 120, "spe": 120}, "stats": {"hp": 249, "atk": 149, "def": 186, "spa": 258, "spd": 215, "spe": 215}, "types": ["Water", "Dragon"]}}]}