{"id": "gen9randombattle-2641820873", "format": "[Gen 9] Random Battle", "players": ["micwell", "Chakraisgae"], "log": "|badge|p2|bronze|gen9randombattle|100-9\n|html|<div class=\"broadcast-red\"><strong>This battle is required to be public due to one or more player having a season medal.</strong><br />During the public phase, you can discuss the state of the ladder <a href=\"/seasondiscussion\">in a special chatroom.</a></div>\n|uhtml|medal-msg|<div class=\"broadcast-blue\">Curious what those medals under the avatar are? PS now has Ladder Seasons! For more information, check out the <a href=\"https://www.smogon.com/forums/threads/3740067/\">thread on Smogon.</a></div>\n|j|\u2606micwell\n|j|\u2606Chakraisgae\n|t:|1782845915\n|gametype|singles\n|player|p1|micwell|red|2097\n|player|p2|Chakraisgae|266|2350\n|gen|9\n|tier|[Gen 9] Random Battle\n|rated|\n|rule|Species Clause: Limit one of each Pok\u00e9mon\n|rule|HP Percentage Mod: HP is shown in percentages\n|rule|Sleep Clause Mod: Limit one foe put to sleep\n|rule|Illusion Level Mod: Illusion disguises the Pok\u00e9mon's true level\n|\n|t:|1782845915\n|teamsize|p1|6\n|teamsize|p2|6\n|start\n|switch|p1a: Eelektross|Eelektross, L87, F|290/290\n|switch|p2a: Stonjourner|Stonjourner, L91, F|330/330\n|turn|1\n|inactive|Battle timer is ON: inactive players will automatically lose when time's up. (requested by micwell)\n|\n|t:|1782845932\n|move|p2a: Stonjourner|Stone Edge|p1a: Eelektross\n|-damage|p1a: Eelektross|83/290\n|-damage|p2a: Stonjourner|297/330|[from] item: Life Orb\n|move|p1a: Eelektross|Discharge|p2a: Stonjourner\n|-damage|p2a: Stonjourner|80/330\n|\n|upkeep\n|turn|2\n|\n|t:|1782845942\n|move|p2a: Stonjourner|Heat Crash|p1a: Eelektross\n|-damage|p1a: Eelektross|0 fnt\n|faint|p1a: Eelektross\n|-damage|p2a: Stonjourner|47/330|[from] item: Life Orb\n|\n|upkeep\n|\n|t:|1782845950\n|switch|p1a: Milotic|Milotic, L83, M|293/293\n|turn|3\n|\n|t:|1782845957\n|switch|p2a: Gothitelle|Gothitelle, L90, F|272/272\n|move|p1a: Milotic|Ice Beam|p2a: Gothitelle\n|-damage|p2a: Gothitelle|222/272\n|-status|p2a: Gothitelle|frz\n|\n|upkeep\n|turn|4\n|\n|t:|1782845968\n|cant|p2a: Gothitelle|frz\n|move|p1a: Milotic|Ice Beam|p2a: Gothitelle\n|-damage|p2a: Gothitelle|172/272 frz\n|\n|upkeep\n|turn|5\n|\n|t:|1782845973\n|switch|p2a: Vaporeon|Vaporeon, L86, F|364/364\n|move|p1a: Milotic|Ice Beam|p2a: Vaporeon\n|-resisted|p2a: Vaporeon\n|-damage|p2a: Vaporeon|335/364\n|-status|p2a: Vaporeon|frz\n|\n|-heal|p2a: Vaporeon|357/364 frz|[from] item: Leftovers\n|upkeep\n|turn|6\n|\n|t:|1782845981\n|switch|p1a: Araquanid|Araquanid, L82, F|246/246\n|-curestatus|p2a: Vaporeon|frz|[from] move: Scald\n|move|p2a: Vaporeon|Scald|p1a: Araquanid\n|-resisted|p1a: Araquanid\n|-damage|p1a: Araquanid|213/246\n|\n|-heal|p2a: Vaporeon|364/364|[from] item: Leftovers\n|upkeep\n|turn|7\n|\n|t:|1782845995\n|switch|p2a: Ogerpon|Ogerpon-Cornerstone, L76, F|247/247\n|move|p1a: Araquanid|Sticky Web|p2a: Ogerpon\n|-sidestart|p2: Chakraisgae|move: Sticky Web\n|\n|upkeep\n|turn|8\n|inactive|micwell has 120 seconds left.\n|\n|t:|1782846032\n|switch|p1a: Donphan|Donphan, L84, F|288/288\n|move|p2a: Ogerpon|Ivy Cudgel|p1a: Donphan|[anim] Ivy Cudgel Rock\n|-resisted|p1a: Donphan\n|-damage|p1a: Donphan|235/288\n|\n|-heal|p1a: Donphan|253/288|[from] item: Leftovers\n|upkeep\n|turn|9\n|inactive|micwell has 120 seconds left.\n|\n|t:|1782846041\n|move|p2a: Ogerpon|Power Whip|p1a: Donphan|[miss]\n|-miss|p2a: Ogerpon|p1a: Donphan\n|move|p1a: Donphan|Earthquake|p2a: Ogerpon\n|-damage|p2a: Ogerpon|112/247\n|\n|-heal|p1a: Donphan|271/288|[from] item: Leftovers\n|upkeep\n|turn|10\n|\n|t:|1782846050\n|move|p2a: Ogerpon|Synthesis|p2a: Ogerpon\n|-heal|p2a: Ogerpon|235/247\n|move|p1a: Donphan|Earthquake|p2a: Ogerpon\n|-damage|p2a: Ogerpon|88/247\n|\n|-heal|p1a: Donphan|288/288|[from] item: Leftovers\n|upkeep\n|turn|11\n|\n|t:|1782846057\n|move|p2a: Ogerpon|Power Whip|p1a: Donphan\n|-supereffective|p1a: Donphan\n|-damage|p1a: Donphan|52/288\n|move|p1a: Donphan|Earthquake|p2a: Ogerpon\n|-damage|p2a: Ogerpon|0 fnt\n|faint|p2a: Ogerpon\n|\n|-heal|p1a: Donphan|70/288|[from] item: Leftovers\n|upkeep\n|\n|t:|1782846071\n|switch|p2a: Flygon|Flygon, L82, F|265/265\n|turn|12\n|\n|t:|1782846079\n|move|p2a: Flygon|Earthquake|p1a: Donphan\n|-damage|p1a: Donphan|0 fnt\n|faint|p1a: Donphan\n|\n|upkeep\n|\n|t:|1782846086\n|switch|p1a: Milotic|Milotic, L83, M|293/293\n|turn|13\n|\n|t:|1782846092\n|switch|p2a: Vaporeon|Vaporeon, L86, F|364/364\n|-activate|p2a: Vaporeon|move: Sticky Web\n|-unboost|p2a: Vaporeon|spe|1\n|move|p1a: Milotic|Ice Beam|p2a: Vaporeon\n|-resisted|p2a: Vaporeon\n|-damage|p2a: Vaporeon|337/364\n|\n|-heal|p2a: Vaporeon|359/364|[from] item: Leftovers\n|upkeep\n|turn|14\n|\n|t:|1782846098\n|switch|p1a: Araquanid|Araquanid, L82, F|213/246\n|move|p2a: Vaporeon|Wish|p2a: Vaporeon\n|\n|-heal|p2a: Vaporeon|364/364|[from] item: Leftovers\n|upkeep\n|turn|15\n|\n|t:|1782846109\n|switch|p2a: Gothitelle|Gothitelle, L90, F|172/272 frz\n|-activate|p2a: Gothitelle|move: Sticky Web\n|-unboost|p2a: Gothitelle|spe|1\n|move|p1a: Araquanid|Leech Life|p2a: Gothitelle\n|-supereffective|p2a: Gothitelle\n|-damage|p2a: Gothitelle|58/272 frz\n|-heal|p1a: Araquanid|246/246|[from] drain|[of] p2a: Gothitelle\n|\n|-heal|p2a: Gothitelle|240/272 frz|[from] move: Wish|[wisher] Vaporeon\n|upkeep\n|turn|16\n|\n|t:|1782846113\n|switch|p2a: Vaporeon|Vaporeon, L86, F|364/364\n|-activate|p2a: Vaporeon|move: Sticky Web\n|-unboost|p2a: Vaporeon|spe|1\n|move|p1a: Araquanid|Leech Life|p2a: Vaporeon\n|-damage|p2a: Vaporeon|279/364\n|\n|-heal|p2a: Vaporeon|301/364|[from] item: Leftovers\n|upkeep\n|turn|17\n|\n|t:|1782846121\n|move|p1a: Araquanid|Leech Life|p2a: Vaporeon\n|-damage|p2a: Vaporeon|226/364\n|move|p2a: Vaporeon|Wish|p2a: Vaporeon\n|\n|-heal|p2a: Vaporeon|248/364|[from] item: Leftovers\n|upkeep\n|turn|18\n|\n|t:|1782846125\n|move|p1a: Araquanid|Leech Life|p2a: Vaporeon\n|-damage|p2a: Vaporeon|173/364\n|move|p2a: Vaporeon|Scald|p1a: Araquanid\n|-resisted|p1a: Araquanid\n|-damage|p1a: Araquanid|212/246\n|\n|-heal|p2a: Vaporeon|355/364|[from] move: Wish|[wisher] Vaporeon\n|-heal|p2a: Vaporeon|364/364|[from] item: Leftovers\n|upkeep\n|turn|19\n|\n|t:|1782846134\n|move|p1a: Araquanid|Leech Life|p2a: Vaporeon\n|-damage|p2a: Vaporeon|288/364\n|-heal|p1a: Araquanid|246/246|[from] drain|[of] p2a: Vaporeon\n|move|p2a: Vaporeon|Scald|p1a: Araquanid\n|-resisted|p1a: Araquanid\n|-damage|p1a: Araquanid|213/246\n|\n|-heal|p2a: Vaporeon|310/364|[from] item: Leftovers\n|upkeep\n|turn|20\n|\n|t:|1782846152\n|switch|p1a: Gouging Fire|Gouging Fire, L74|277/277\n|move|p2a: Vaporeon|Scald|p1a: Gouging Fire\n|-damage|p1a: Gouging Fire|168/277\n|\n|-heal|p2a: Vaporeon|332/364|[from] item: Leftovers\n|upkeep\n|turn|21\n|\n|t:|1782846158\n|move|p1a: Gouging Fire|Dragon Dance|p1a: Gouging Fire\n|-boost|p1a: Gouging Fire|atk|1\n|-boost|p1a: Gouging Fire|spe|1\n|move|p2a: Vaporeon|Roar|p1a: Gouging Fire\n|-end|p1a: Gouging Fire|Protosynthesis|[silent]\n|drag|p1a: Milotic|Milotic, L83, M|293/293\n|\n|-heal|p2a: Vaporeon|354/364|[from] item: Leftovers\n|upkeep\n|turn|22\n|\n|t:|1782846168\n|move|p1a: Milotic|Ice Beam|p2a: Vaporeon\n|-resisted|p2a: Vaporeon\n|-damage|p2a: Vaporeon|323/364\n|move|p2a: Vaporeon|Wish|p2a: Vaporeon\n|\n|-heal|p2a: Vaporeon|345/364|[from] item: Leftovers\n|upkeep\n|turn|23\n|\n|t:|1782846178\n|switch|p1a: Araquanid|Araquanid, L82, F|213/246\n|switch|p2a: Stonjourner|Stonjourner, L91, F|47/330\n|-activate|p2a: Stonjourner|move: Sticky Web\n|-unboost|p2a: Stonjourner|spe|1\n|\n|-heal|p2a: Stonjourner|229/330|[from] move: Wish|[wisher] Vaporeon\n|upkeep\n|turn|24\n|\n|t:|1782846196\n|switch|p2a: Vaporeon|Vaporeon, L86, F|345/364\n|-activate|p2a: Vaporeon|move: Sticky Web\n|-unboost|p2a: Vaporeon|spe|1\n|-terastallize|p1a: Araquanid|Ground\n|move|p1a: Araquanid|Hydro Pump|p2a: Vaporeon\n|-heal|p2a: Vaporeon|364/364|[from] ability: Water Absorb|[of] p1a: Araquanid\n|\n|upkeep\n|turn|25\n|\n|t:|1782846204\n|switch|p1a: Milotic|Milotic, L83, M|293/293\n|move|p2a: Vaporeon|Scald|p1a: Milotic\n|-resisted|p1a: Milotic\n|-damage|p1a: Milotic|252/293\n|-status|p1a: Milotic|brn\n|\n|-heal|p1a: Milotic|270/293 brn|[from] item: Leftovers\n|-damage|p1a: Milotic|252/293 brn|[from] brn\n|upkeep\n|turn|26\n|\n|t:|1782846211\n|move|p1a: Milotic|Ice Beam|p2a: Vaporeon\n|-resisted|p2a: Vaporeon\n|-damage|p2a: Vaporeon|332/364\n|move|p2a: Vaporeon|Roar|p1a: Milotic\n|drag|p1a: Deoxys|Deoxys, L74|196/196\n|-ability|p1a: Deoxys|Pressure\n|\n|-heal|p2a: Vaporeon|354/364|[from] item: Leftovers\n|upkeep\n|turn|27\n|inactive|Chakraisgae has 120 seconds left.\n|\n|t:|1782846256\n|switch|p2a: Maushold|Maushold-Four, L76|238/238\n|-activate|p2a: Maushold|move: Sticky Web\n|-unboost|p2a: Maushold|spe|1\n|move|p1a: Deoxys|Knock Off|p2a: Maushold\n|-damage|p2a: Maushold|102/238\n|-enditem|p2a: Maushold|Wide Lens|[from] move: Knock Off|[of] p1a: Deoxys\n|-damage|p1a: Deoxys|177/196|[from] item: Life Orb\n|\n|upkeep\n|turn|28\n|\n|t:|1782846262\n|switch|p2a: Gothitelle|Gothitelle, L90, F|240/272 frz\n|-activate|p2a: Gothitelle|move: Sticky Web\n|-unboost|p2a: Gothitelle|spe|1\n|move|p1a: Deoxys|Extreme Speed|p2a: Gothitelle\n|-damage|p2a: Gothitelle|170/272 frz\n|-damage|p1a: Deoxys|158/196|[from] item: Life Orb\n|\n|upkeep\n|turn|29\n|\n|t:|1782846271\n|switch|p2a: Maushold|Maushold-Four, L76|102/238\n|-activate|p2a: Maushold|move: Sticky Web\n|-unboost|p2a: Maushold|spe|1\n|move|p1a: Deoxys|Knock Off|p2a: Maushold\n|-damage|p2a: Maushold|12/238\n|-damage|p1a: Deoxys|139/196|[from] item: Life Orb\n|\n|upkeep\n|turn|30\n|\n|t:|1782846275\n|move|p1a: Deoxys|Knock Off|p2a: Maushold\n|-damage|p2a: Maushold|0 fnt\n|faint|p2a: Maushold\n|-damage|p1a: Deoxys|120/196|[from] item: Life Orb\n|\n|upkeep\n|\n|t:|1782846282\n|switch|p2a: Vaporeon|Vaporeon, L86, F|354/364\n|-activate|p2a: Vaporeon|move: Sticky Web\n|-unboost|p2a: Vaporeon|spe|1\n|turn|31\n|\n|t:|1782846292\n|switch|p1a: Milotic|Milotic, L83, M|252/293 brn\n|move|p2a: Vaporeon|Scald|p1a: Milotic\n|-resisted|p1a: Milotic\n|-damage|p1a: Milotic|216/293 brn\n|\n|-heal|p1a: Milotic|234/293 brn|[from] item: Leftovers\n|-heal|p2a: Vaporeon|364/364|[from] item: Leftovers\n|-damage|p1a: Milotic|216/293 brn|[from] brn\n|upkeep\n|turn|32\n|\n|t:|1782846299\n|move|p1a: Milotic|Ice Beam|p2a: Vaporeon\n|-resisted|p2a: Vaporeon\n|-damage|p2a: Vaporeon|337/364\n|move|p2a: Vaporeon|Scald|p1a: Milotic\n|-resisted|p1a: Milotic\n|-damage|p1a: Milotic|176/293 brn\n|\n|-heal|p1a: Milotic|194/293 brn|[from] item: Leftovers\n|-heal|p2a: Vaporeon|359/364|[from] item: Leftovers\n|-damage|p1a: Milotic|176/293 brn|[from] brn\n|upkeep\n|turn|33\n|\n|t:|1782846305\n|move|p1a: Milotic|Ice Beam|p2a: Vaporeon\n|-resisted|p2a: Vaporeon\n|-damage|p2a: Vaporeon|329/364\n|move|p2a: Vaporeon|Wish|p2a: Vaporeon\n|\n|-heal|p1a: Milotic|194/293 brn|[from] item: Leftovers\n|-heal|p2a: Vaporeon|351/364|[from] item: Leftovers\n|-damage|p1a: Milotic|176/293 brn|[from] brn\n|upkeep\n|turn|34\n|\n|t:|1782846308\n|move|p1a: Milotic|Recover|p1a: Milotic\n|-heal|p1a: Milotic|293/293 brn\n|move|p2a: Vaporeon|Scald|p1a: Milotic\n|-resisted|p1a: Milotic\n|-damage|p1a: Milotic|255/293 brn\n|\n|-heal|p2a: Vaporeon|364/364|[from] move: Wish|[wisher] Vaporeon\n|-heal|p1a: Milotic|273/293 brn|[from] item: Leftovers\n|-damage|p1a: Milotic|255/293 brn|[from] brn\n|upkeep\n|turn|35\n|\n|t:|1782846313\n|move|p1a: Milotic|Ice Beam|p2a: Vaporeon\n|-resisted|p2a: Vaporeon\n|-damage|p2a: Vaporeon|336/364\n|move|p2a: Vaporeon|Wish|p2a: Vaporeon\n|\n|-heal|p1a: Milotic|273/293 brn|[from] item: Leftovers\n|-heal|p2a: Vaporeon|358/364|[from] item: Leftovers\n|-damage|p1a: Milotic|255/293 brn|[from] brn\n|upkeep\n|turn|36\n|\n|t:|1782846316\n|switch|p2a: Gothitelle|Gothitelle, L90, F|170/272 frz\n|-activate|p2a: Gothitelle|move: Sticky Web\n|-unboost|p2a: Gothitelle|spe|1\n|move|p1a: Milotic|Ice Beam|p2a: Gothitelle\n|-damage|p2a: Gothitelle|118/272 frz\n|\n|-heal|p2a: Gothitelle|272/272 frz|[from] move: Wish|[wisher] Vaporeon\n|-heal|p1a: Milotic|273/293 brn|[from] item: Leftovers\n|-damage|p1a: Milotic|255/293 brn|[from] brn\n|upkeep\n|turn|37\n|\n|t:|1782846322\n|move|p1a: Milotic|Ice Beam|p2a: Gothitelle\n|-damage|p2a: Gothitelle|216/272 frz\n|cant|p2a: Gothitelle|frz\n|\n|-heal|p1a: Milotic|273/293 brn|[from] item: Leftovers\n|-damage|p1a: Milotic|255/293 brn|[from] brn\n|upkeep\n|turn|38\n|\n|t:|1782846324\n|move|p1a: Milotic|Ice Beam|p2a: Gothitelle\n|-damage|p2a: Gothitelle|161/272 frz\n|-curestatus|p2a: Gothitelle|frz|[msg]\n|move|p2a: Gothitelle|Trick|p1a: Milotic\n|-activate|p2a: Gothitelle|move: Trick|[of] p1a: Milotic\n|-item|p1a: Milotic|Choice Scarf|[from] move: Trick\n|-item|p2a: Gothitelle|Leftovers|[from] move: Trick\n|\n|-heal|p2a: Gothitelle|178/272|[from] item: Leftovers\n|-damage|p1a: Milotic|237/293 brn|[from] brn\n|upkeep\n|turn|39\n|\n|t:|1782846335\n|move|p1a: Milotic|Ice Beam|p2a: Gothitelle\n|-damage|p2a: Gothitelle|125/272\n|move|p2a: Gothitelle|Psychic|p1a: Milotic\n|-crit|p1a: Milotic\n|-damage|p1a: Milotic|101/293 brn\n|\n|-heal|p2a: Gothitelle|142/272|[from] item: Leftovers\n|-damage|p1a: Milotic|83/293 brn|[from] brn\n|upkeep\n|turn|40\n|\n|t:|1782846342\n|switch|p2a: Vaporeon|Vaporeon, L86, F|358/364\n|-activate|p2a: Vaporeon|move: Sticky Web\n|-unboost|p2a: Vaporeon|spe|1\n|move|p1a: Milotic|Ice Beam|p2a: Vaporeon\n|-resisted|p2a: Vaporeon\n|-damage|p2a: Vaporeon|329/364\n|\n|-heal|p2a: Vaporeon|351/364|[from] item: Leftovers\n|-damage|p1a: Milotic|65/293 brn|[from] brn\n|upkeep\n|turn|41\n|\n|t:|1782846346\n|move|p1a: Milotic|Ice Beam|p2a: Vaporeon\n|-resisted|p2a: Vaporeon\n|-damage|p2a: Vaporeon|324/364\n|move|p2a: Vaporeon|Scald|p1a: Milotic\n|-resisted|p1a: Milotic\n|-damage|p1a: Milotic|28/293 brn\n|\n|-heal|p2a: Vaporeon|346/364|[from] item: Leftovers\n|-damage|p1a: Milotic|10/293 brn|[from] brn\n|upkeep\n|turn|42\n|\n|t:|1782846348\n|move|p1a: Milotic|Ice Beam|p2a: Vaporeon\n|-resisted|p2a: Vaporeon\n|-damage|p2a: Vaporeon|316/364\n|move|p2a: Vaporeon|Wish|p2a: Vaporeon\n|\n|-heal|p2a: Vaporeon|338/364|[from] item: Leftovers\n|-damage|p1a: Milotic|0 fnt|[from] brn\n|faint|p1a: Milotic\n|upkeep\n|\n|t:|1782846353\n|switch|p1a: Gouging Fire|Gouging Fire, L74|168/277\n|turn|43\n|\n|t:|1782846362\n|move|p1a: Gouging Fire|Morning Sun|p1a: Gouging Fire\n|-heal|p1a: Gouging Fire|277/277\n|move|p2a: Vaporeon|Roar|p1a: Gouging Fire\n|-end|p1a: Gouging Fire|Protosynthesis|[silent]\n|drag|p1a: Araquanid|Araquanid, L82, F, tera:Ground|213/246\n|\n|-heal|p2a: Vaporeon|364/364|[from] move: Wish|[wisher] Vaporeon\n|upkeep\n|turn|44\n|\n|t:|1782846377\n|move|p1a: Araquanid|Leech Life|p2a: Vaporeon\n|-damage|p2a: Vaporeon|285/364\n|-heal|p1a: Araquanid|246/246|[from] drain|[of] p2a: Vaporeon\n|move|p2a: Vaporeon|Scald|p1a: Araquanid\n|-supereffective|p1a: Araquanid\n|-damage|p1a: Araquanid|112/246\n|\n|-heal|p2a: Vaporeon|307/364|[from] item: Leftovers\n|upkeep\n|turn|45\n|\n|t:|1782846381\n|move|p1a: Araquanid|Leech Life|p2a: Vaporeon\n|-damage|p2a: Vaporeon|220/364\n|-heal|p1a: Araquanid|156/246|[from] drain|[of] p2a: Vaporeon\n|move|p2a: Vaporeon|Wish|p2a: Vaporeon\n|\n|-heal|p2a: Vaporeon|242/364|[from] item: Leftovers\n|upkeep\n|turn|46\n|\n|t:|1782846383\n|move|p1a: Araquanid|Leech Life|p2a: Vaporeon\n|-damage|p2a: Vaporeon|157/364\n|-heal|p1a: Araquanid|199/246|[from] drain|[of] p2a: Vaporeon\n|move|p2a: Vaporeon|Scald|p1a: Araquanid\n|-supereffective|p1a: Araquanid\n|-damage|p1a: Araquanid|61/246\n|\n|-heal|p2a: Vaporeon|339/364|[from] move: Wish|[wisher] Vaporeon\n|-heal|p2a: Vaporeon|361/364|[from] item: Leftovers\n|upkeep\n|turn|47\n|\n|t:|1782846387\n|move|p1a: Araquanid|Leech Life|p2a: Vaporeon\n|-damage|p2a: Vaporeon|277/364\n|-heal|p1a: Araquanid|103/246|[from] drain|[of] p2a: Vaporeon\n|move|p2a: Vaporeon|Wish|p2a: Vaporeon\n|\n|-heal|p2a: Vaporeon|299/364|[from] item: Leftovers\n|upkeep\n|turn|48\n|\n|t:|1782846389\n|move|p1a: Araquanid|Leech Life|p2a: Vaporeon\n|-damage|p2a: Vaporeon|218/364\n|-heal|p1a: Araquanid|144/246|[from] drain|[of] p2a: Vaporeon\n|move|p2a: Vaporeon|Scald|p1a: Araquanid\n|-supereffective|p1a: Araquanid\n|-damage|p1a: Araquanid|0 fnt\n|faint|p1a: Araquanid\n|\n|-heal|p2a: Vaporeon|364/364|[from] move: Wish|[wisher] Vaporeon\n|upkeep\n|\n|t:|1782846392\n|switch|p1a: Gouging Fire|Gouging Fire, L74|277/277\n|turn|49\n|\n|t:|1782846399\n|move|p1a: Gouging Fire|Dragon Dance|p1a: Gouging Fire\n|-boost|p1a: Gouging Fire|atk|1\n|-boost|p1a: Gouging Fire|spe|1\n|move|p2a: Vaporeon|Wish|p2a: Vaporeon\n|\n|upkeep\n|turn|50\n|\n|t:|1782846406\n|move|p1a: Gouging Fire|Outrage|p2a: Vaporeon\n|-damage|p2a: Vaporeon|139/364\n|move|p2a: Vaporeon|Roar|p1a: Gouging Fire\n|-end|p1a: Gouging Fire|Protosynthesis|[silent]\n|drag|p1a: Deoxys|Deoxys, L74|120/196\n|-ability|p1a: Deoxys|Pressure\n|\n|-heal|p2a: Vaporeon|321/364|[from] move: Wish|[wisher] Vaporeon\n|-heal|p2a: Vaporeon|343/364|[from] item: Leftovers\n|upkeep\n|turn|51\n|\n|t:|1782846409\n|move|p1a: Deoxys|Knock Off|p2a: Vaporeon\n|-damage|p2a: Vaporeon|226/364\n|-enditem|p2a: Vaporeon|Leftovers|[from] move: Knock Off|[of] p1a: Deoxys\n|-damage|p1a: Deoxys|101/196|[from] item: Life Orb\n|move|p2a: Vaporeon|Scald|p1a: Deoxys\n|-crit|p1a: Deoxys\n|-damage|p1a: Deoxys|0 fnt\n|faint|p1a: Deoxys\n|\n|upkeep\n|\n|t:|1782846412\n|switch|p1a: Gouging Fire|Gouging Fire, L74|277/277\n|turn|52\n|\n|t:|1782846415\n|move|p1a: Gouging Fire|Dragon Dance|p1a: Gouging Fire\n|-boost|p1a: Gouging Fire|atk|1\n|-boost|p1a: Gouging Fire|spe|1\n|move|p2a: Vaporeon|Scald|p1a: Gouging Fire\n|-damage|p1a: Gouging Fire|169/277\n|\n|upkeep\n|turn|53\n|\n|t:|1782846418\n|move|p1a: Gouging Fire|Morning Sun|p1a: Gouging Fire\n|-heal|p1a: Gouging Fire|277/277\n|move|p2a: Vaporeon|Scald|p1a: Gouging Fire\n|-damage|p1a: Gouging Fire|172/277\n|\n|upkeep\n|turn|54\n|\n|t:|1782846425\n|move|p1a: Gouging Fire|Morning Sun|p1a: Gouging Fire\n|-heal|p1a: Gouging Fire|277/277\n|move|p2a: Vaporeon|Scald|p1a: Gouging Fire\n|-damage|p1a: Gouging Fire|165/277\n|\n|upkeep\n|turn|55\n|\n|t:|1782846433\n|switch|p2a: Stonjourner|Stonjourner, L91, F|229/330\n|-activate|p2a: Stonjourner|move: Sticky Web\n|-unboost|p2a: Stonjourner|spe|1\n|move|p1a: Gouging Fire|Dragon Dance|p1a: Gouging Fire\n|-boost|p1a: Gouging Fire|atk|1\n|-boost|p1a: Gouging Fire|spe|1\n|\n|upkeep\n|turn|56\n|\n|t:|1782846448\n|move|p1a: Gouging Fire|Morning Sun|p1a: Gouging Fire\n|-heal|p1a: Gouging Fire|277/277\n|move|p2a: Stonjourner|Earthquake|p1a: Gouging Fire\n|-supereffective|p1a: Gouging Fire\n|-damage|p1a: Gouging Fire|59/277\n|-damage|p2a: Stonjourner|196/330|[from] item: Life Orb\n|\n|upkeep\n|turn|57\n|\n|t:|1782846476\n|move|p1a: Gouging Fire|Outrage|p2a: Stonjourner\n|-damage|p2a: Stonjourner|45/330\n|move|p2a: Stonjourner|Earthquake|p1a: Gouging Fire\n|-supereffective|p1a: Gouging Fire\n|-crit|p1a: Gouging Fire\n|-damage|p1a: Gouging Fire|0 fnt\n|faint|p1a: Gouging Fire\n|-end|p1a: Gouging Fire|Protosynthesis|[silent]\n|-damage|p2a: Stonjourner|12/330|[from] item: Life Orb\n|\n|win|Chakraisgae\n|raw|micwell's rating: 2097 &rarr; <strong>2089</strong><br />(-8 for losing)\n|raw|Chakraisgae's rating: 2350 &rarr; <strong>2358</strong><br />(+8 for winning)\n", "inputlog": ">version f8ac14003a5f27e1bdc8d8c59608a773c1cb96e5\n>start {\"formatid\":\"gen9randombattle\",\"seed\":\"sodium,917a15c6455b53f4b78d480587e58f02\",\"rated\":\"Rated battle\"}\n>player p1 {\"name\":\"micwell\",\"avatar\":\"red\",\"rating\":2097,\"seed\":\"sodium,81777f3f4c404c042cc571c27b083c38\"}\n>player p2 {\"name\":\"Chakraisgae\",\"avatar\":\"266\",\"rating\":2350,\"seed\":\"sodium,a8435232cfdba643fd3062122d7b609a\"}\n>p1 move discharge\n>p2 move stoneedge\n>p1 move discharge\n>p2 move heatcrash\n>p1 switch 2\n>p1 move icebeam\n>p2 switch 5\n>p1 move icebeam\n>p2 move trick\n>p1 move icebeam\n>p2 switch 6\n>p1 switch 6\n>p2 move scald\n>p1 move stickyweb\n>p2 switch 4\n>p1 switch 5\n>p2 move ivycudgel\n>p1 move earthquake\n>p2 move powerwhip\n>p1 move earthquake\n>p2 move synthesis\n>p1 move earthquake\n>p2 move powerwhip\n>p2 switch 3\n>p1 move knockoff\n>p2 move earthquake\n>p1 switch 6\n>p1 move icebeam\n>p2 switch 4\n>p1 switch 5\n>p2 move wish\n>p1 move leechlife\n>p2 switch 6\n>p1 move leechlife\n>p2 switch 6\n>p1 move leechlife\n>p2 move wish\n>p1 move leechlife\n>p2 move scald\n>p1 move leechlife\n>p2 move scald\n>p1 switch 3\n>p2 move scald\n>p1 move dragondance\n>p2 move roar\n>p1 move icebeam\n>p2 move wish\n>p1 switch 3\n>p2 switch 5\n>p1 move hydropump terastallize\n>p2 switch 5\n>p1 switch 3\n>p2 move scald\n>p1 move icebeam\n>p2 move roar\n>p1 move knockoff\n>p2 switch 2\n>p1 move extremespeed\n>p2 switch 6\n>p1 move knockoff\n>p2 switch 6\n>p1 move knockoff\n>p2 move populationbomb\n>p2 switch 2\n>p1 switch 4\n>p2 move scald\n>p1 move icebeam\n>p2 move scald\n>p1 move icebeam\n>p2 move wish\n>p1 move recover\n>p2 move scald\n>p1 move icebeam\n>p2 move wish\n>p1 move icebeam\n>p2 switch 6\n>p1 move icebeam\n>p2 move trick\n>p1 move icebeam\n>p2 move trick\n>p1 move icebeam\n>p2 move psychic\n>p1 move icebeam\n>p2 switch 6\n>p1 move icebeam\n>p2 move scald\n>p1 move icebeam\n>p2 move wish\n>p1 switch 5\n>p1 move morningsun\n>p2 move roar\n>p1 move leechlife\n>p2 move scald\n>p1 move leechlife\n>p2 move wish\n>p1 move leechlife\n>p2 move scald\n>p1 move leechlife\n>p2 move wish\n>p1 move leechlife\n>p2 move scald\n>p1 switch 3\n>p1 move dragondance\n>p2 move wish\n>p1 move outrage\n>p2 move roar\n>p1 move knockoff\n>p2 move scald\n>p1 switch 4\n>p1 move dragondance\n>p2 move scald\n>p1 move morningsun\n>p2 move scald\n>p1 move morningsun\n>p2 move scald\n>p1 move dragondance\n>p2 switch 5\n>p1 move morningsun\n>p2 move earthquake\n>p1 move outrage\n>p2 move earthquake", "uploadtime": 1782846476, "views": 8, "formatid": "gen9randombattle", "rating": 2089, "private": 0, "password": null, "player_dets": [{"name": "micwell", "avatar": "red", "rating": 2097, "seed": "sodium,81777f3f4c404c042cc571c27b083c38"}, {"name": "Chakraisgae", "avatar": "266", "rating": 2350, "seed": "sodium,a8435232cfdba643fd3062122d7b609a"}], "teams_full": [{"Eelektross": {"name": "Eelektross", "species": "Eelektross", "speciesId": "eelektross", "gender": "F", "shiny": false, "level": 87, "moves": ["discharge", "uturn", "dragontail", "closecombat"], "ability": "Levitate", "evs": {"hp": 85, "atk": 85, "def": 85, "spa": 85, "spd": 85, "spe": 85}, "ivs": {"hp": 31, "atk": 31, "def": 31, "spa": 31, "spd": 31, "spe": 31}, "item": "Assault Vest", "teraType": "Steel", "role": "AV Pivot", "bvs": {"hp": 85, "atk": 115, "def": 80, "spa": 105, "spd": 80, "spe": 50}, "stats": {"hp": 290, "atk": 250, "def": 189, "spa": 232, "spd": 189, "spe": 137}, "types": ["Electric"]}, "Milotic": {"name": "Milotic", "species": "Milotic", "speciesId": "milotic", "gender": "M", "shiny": false, "level": 83, "moves": ["scald", "haze", "icebeam", "recover"], "ability": "Competitive", "evs": {"hp": 85, "atk": 0, "def": 85, "spa": 85, "spd": 85, "spe": 85}, "ivs": {"hp": 31, "atk": 0, "def": 31, "spa": 31, "spd": 31, "spe": 31}, "item": "Leftovers", "teraType": "Steel", "role": "Bulky Attacker", "bvs": {"hp": 95, "atk": 60, "def": 79, "spa": 100, "spd": 125, "spe": 81}, "stats": {"hp": 293, "atk": 104, "def": 179, "spa": 214, "spd": 255, "spe": 182}, "types": ["Water"]}, "Gouging Fire": {"name": "Gouging Fire", "species": "Gouging Fire", "speciesId": "gougingfire", "gender": "N", "shiny": false, "level": 74, "moves": ["outrage", "morningsun", "heatcrash", "dragondance"], "ability": "Protosynthesis", "evs": {"hp": 85, "atk": 85, "def": 85, "spa": 85, "spd": 85, "spe": 85}, "ivs": {"hp": 31, "atk": 31, "def": 31, "spa": 31, "spd": 31, "spe": 31}, "item": "Heavy-Duty Boots", "teraType": "Fairy", "role": "Bulky Setup", "bvs": {"hp": 105, "atk": 115, "def": 121, "spa": 65, "spd": 93, "spe": 91}, "stats": {"hp": 277, "atk": 213, "def": 222, "spa": 139, "spd": 181, "spe": 178}, "types": ["Fire", "Dragon"]}, "Deoxys": {"name": "Deoxys", "species": "Deoxys", "speciesId": "deoxys", "gender": "N", "shiny": false, "level": 74, "moves": ["superpower", "psychoboost", "extremespeed", "knockoff"], "ability": "Pressure", "evs": {"hp": 85, "atk": 85, "def": 85, "spa": 85, "spd": 85, "spe": 85}, "ivs": {"hp": 31, "atk": 31, "def": 31, "spa": 31, "spd": 31, "spe": 31}, "item": "Life Orb", "teraType": "Fighting", "role": "Fast Attacker", "bvs": {"hp": 50, "atk": 150, "def": 50, "spa": 150, "spd": 50, "spe": 150}, "stats": {"hp": 196, "atk": 265, "def": 117, "spa": 265, "spd": 117, "spe": 265}, "types": ["Psychic"]}, "Donphan": {"name": "Donphan", "species": "Donphan", "speciesId": "donphan", "gender": "F", "shiny": false, "level": 84, "moves": ["earthquake", "knockoff", "rapidspin", "stealthrock"], "ability": "Sturdy", "evs": {"hp": 85, "atk": 85, "def": 85, "spa": 85, "spd": 85, "spe": 85}, "ivs": {"hp": 31, "atk": 31, "def": 31, "spa": 31, "spd": 31, "spe": 31}, "item": "Leftovers", "teraType": "Steel", "role": "Bulky Support", "bvs": {"hp": 90, "atk": 120, "def": 120, "spa": 60, "spd": 60, "spe": 50}, "stats": {"hp": 288, "atk": 250, "def": 250, "spa": 149, "spd": 149, "spe": 132}, "types": ["Ground"]}, "Araquanid": {"name": "Araquanid", "species": "Araquanid", "speciesId": "araquanid", "gender": "F", "shiny": false, "level": 82, "moves": ["leechlife", "liquidation", "stickyweb", "hydropump"], "ability": "Water Bubble", "evs": {"hp": 85, "atk": 85, "def": 85, "spa": 85, "spd": 85, "spe": 85}, "ivs": {"hp": 31, "atk": 31, "def": 31, "spa": 31, "spd": 31, "spe": 31}, "item": "Heavy-Duty Boots", "teraType": "Ground", "role": "Bulky Attacker", "bvs": {"hp": 68, "atk": 70, "def": 92, "spa": 50, "spd": 132, "spe": 42}, "stats": {"hp": 246, "atk": 162, "def": 198, "spa": 129, "spd": 264, "spe": 116}, "types": ["Water", "Bug"]}}, {"Stonjourner": {"name": "Stonjourner", "species": "Stonjourner", "speciesId": "stonjourner", "gender": "F", "shiny": false, "level": 91, "moves": ["stoneedge", "earthquake", "rockpolish", "heatcrash"], "ability": "Power Spot", "evs": {"hp": 85, "atk": 85, "def": 85, "spa": 85, "spd": 85, "spe": 85}, "ivs": {"hp": 31, "atk": 31, "def": 31, "spa": 31, "spd": 31, "spe": 31}, "item": "Life Orb", "teraType": "Ground", "role": "Fast Attacker", "bvs": {"hp": 100, "atk": 125, "def": 135, "spa": 20, "spd": 20, "spe": 70}, "stats": {"hp": 330, "atk": 279, "def": 298, "spa": 88, "spd": 88, "spe": 179}, "types": ["Rock"]}, "Maushold": {"name": "Maushold", "species": "Maushold-Four", "speciesId": "maushold", "gender": "N", "shiny": false, "level": 76, "moves": ["bite", "encore", "tidyup", "populationbomb"], "ability": "Technician", "evs": {"hp": 85, "atk": 85, "def": 85, "spa": 85, "spd": 85, "spe": 85}, "ivs": {"hp": 31, "atk": 31, "def": 31, "spa": 31, "spd": 31, "spe": 31}, "item": "Wide Lens", "teraType": "Normal", "role": "Setup Sweeper", "bvs": {"hp": 74, "atk": 75, "def": 70, "spa": 65, "spd": 75, "spe": 111}, "stats": {"hp": 238, "atk": 158, "def": 150, "spa": 143, "spd": 158, "spe": 213}, "types": ["Normal"]}, "Flygon": {"name": "Flygon", "species": "Flygon", "speciesId": "flygon", "gender": "F", "shiny": false, "level": 82, "moves": ["dragondance", "outrage", "earthquake", "stoneedge"], "ability": "Levitate", "evs": {"hp": 85, "atk": 85, "def": 85, "spa": 85, "spd": 85, "spe": 85}, "ivs": {"hp": 31, "atk": 31, "def": 31, "spa": 31, "spd": 31, "spe": 31}, "item": "Lum Berry", "teraType": "Steel", "role": "Fast Attacker", "bvs": {"hp": 80, "atk": 100, "def": 80, "spa": 80, "spd": 80, "spe": 100}, "stats": {"hp": 265, "atk": 211, "def": 178, "spa": 178, "spd": 178, "spe": 211}, "types": ["Ground", "Dragon"]}, "Ogerpon": {"name": "Ogerpon", "species": "Ogerpon-Cornerstone", "speciesId": "ogerponcornerstone", "gender": "F", "shiny": false, "level": 76, "moves": ["ivycudgel", "encore", "synthesis", "powerwhip"], "ability": "Sturdy", "evs": {"hp": 85, "atk": 85, "def": 85, "spa": 85, "spd": 85, "spe": 85}, "ivs": {"hp": 31, "atk": 31, "def": 31, "spa": 31, "spd": 31, "spe": 31}, "item": "Cornerstone Mask", "teraType": "Rock", "role": "Bulky Attacker", "bvs": {"hp": 80, "atk": 120, "def": 84, "spa": 60, "spd": 96, "spe": 110}, "stats": {"hp": 247, "atk": 226, "def": 172, "spa": 135, "spd": 190, "spe": 211}, "types": ["Grass", "Rock"]}, "Gothitelle": {"name": "Gothitelle", "species": "Gothitelle", "speciesId": "gothitelle", "gender": "F", "shiny": false, "level": 90, "moves": ["trick", "psychic", "darkpulse", "focusblast"], "ability": "Shadow Tag", "evs": {"hp": 85, "atk": 0, "def": 85, "spa": 85, "spd": 85, "spe": 85}, "ivs": {"hp": 31, "atk": 0, "def": 31, "spa": 31, "spd": 31, "spe": 31}, "item": "Choice Scarf", "teraType": "Ground", "role": "Fast Attacker", "bvs": {"hp": 70, "atk": 55, "def": 95, "spa": 95, "spd": 110, "spe": 65}, "stats": {"hp": 272, "atk": 104, "def": 222, "spa": 222, "spd": 249, "spe": 168}, "types": ["Psychic"]}, "Vaporeon": {"name": "Vaporeon", "species": "Vaporeon", "speciesId": "vaporeon", "gender": "F", "shiny": false, "level": 86, "moves": ["protect", "wish", "scald", "roar"], "ability": "Water Absorb", "evs": {"hp": 85, "atk": 0, "def": 85, "spa": 85, "spd": 85, "spe": 85}, "ivs": {"hp": 31, "atk": 0, "def": 31, "spa": 31, "spd": 31, "spe": 31}, "item": "Leftovers", "teraType": "Poison", "role": "Bulky Attacker", "bvs": {"hp": 130, "atk": 65, "def": 60, "spa": 110, "spd": 95, "spe": 65}, "stats": {"hp": 364, "atk": 116, "def": 152, "spa": 238, "spd": 213, "spe": 161}, "types": ["Water"]}}]}