{"id": "gen9randombattle-2642128039", "format": "[Gen 9] Random Battle", "players": ["jnpr010334", "monsieurlemaire"], "log": "|j|\u2606jnpr010334\n|j|\u2606monsieurlemaire\n|t:|1782895974\n|gametype|singles\n|player|p1|jnpr010334|265|1721\n|player|p2|monsieurlemaire|cynthia|1705\n|gen|9\n|tier|[Gen 9] Random Battle\n|rated|\n|rule|Species Clause: Limit one of each Pok\u00e9mon\n|rule|HP Percentage Mod: HP is shown in percentages\n|rule|Sleep Clause Mod: Limit one foe put to sleep\n|rule|Illusion Level Mod: Illusion disguises the Pok\u00e9mon's true level\n|\n|t:|1782895974\n|teamsize|p1|6\n|teamsize|p2|6\n|start\n|switch|p1a: Oricorio|Oricorio, L84, M|263/263\n|switch|p2a: Raichu|Raichu, L88, F|249/249\n|turn|1\n|inactive|Battle timer is ON: inactive players will automatically lose when time's up. (requested by monsieurlemaire)\n|inactive|jnpr010334 also wants the timer to be on.\n|\n|t:|1782895983\n|switch|p1a: Sandslash|Sandslash, L89, F|278/278\n|move|p2a: Raichu|Nuzzle|p1a: Sandslash\n|-immune|p1a: Sandslash\n|\n|upkeep\n|turn|2\n|\n|t:|1782895991\n|move|p2a: Raichu|Surf|p1a: Sandslash\n|-supereffective|p1a: Sandslash\n|-damage|p1a: Sandslash|168/278\n|move|p1a: Sandslash|Earthquake|p2a: Raichu\n|-supereffective|p2a: Raichu\n|-damage|p2a: Raichu|0 fnt\n|faint|p2a: Raichu\n|\n|upkeep\n|\n|t:|1782895998\n|switch|p2a: Cacturne|Cacturne, L92, F|278/278\n|turn|3\n|\n|t:|1782896004\n|switch|p1a: Weezing|Weezing, L88, F|258/258\n|move|p2a: Cacturne|Knock Off|p1a: Weezing\n|-damage|p1a: Weezing|116/258\n|-enditem|p1a: Weezing|Leftovers|[from] move: Knock Off|[of] p2a: Cacturne\n|-damage|p2a: Cacturne|251/278|[from] item: Life Orb\n|\n|upkeep\n|turn|4\n|\n|t:|1782896017\n|switch|p2a: Ursaring|Ursaring, L84, F|288/288\n|move|p1a: Weezing|Pain Split|p2a: Ursaring\n|-sethp|p2a: Ursaring|202/288|[from] move: Pain Split|[silent]\n|-sethp|p1a: Weezing|202/258|[from] move: Pain Split\n|\n|-status|p2a: Ursaring|tox|[from] item: Toxic Orb\n|upkeep\n|turn|5\n|\n|t:|1782896025\n|move|p2a: Ursaring|Swords Dance|p2a: Ursaring\n|-boost|p2a: Ursaring|atk|2\n|move|p1a: Weezing|Pain Split|p2a: Ursaring\n|-sethp|p2a: Ursaring|202/288 tox|[from] move: Pain Split|[silent]\n|-sethp|p1a: Weezing|202/258|[from] move: Pain Split\n|\n|-damage|p2a: Ursaring|184/288 tox|[from] psn\n|upkeep\n|turn|6\n|\n|t:|1782896028\n|move|p2a: Ursaring|Facade|p1a: Weezing\n|-damage|p1a: Weezing|0 fnt\n|faint|p1a: Weezing\n|\n|-damage|p2a: Ursaring|148/288 tox|[from] psn\n|upkeep\n|\n|t:|1782896029\n|switch|p1a: Persian|Persian-Alola, L86, M|252/252\n|turn|7\n|\n|t:|1782896034\n|move|p1a: Persian|Foul Play|p2a: Ursaring\n|-damage|p2a: Ursaring|0 fnt\n|faint|p2a: Ursaring\n|\n|upkeep\n|\n|t:|1782896041\n|switch|p2a: Galvantula|Galvantula, L82, F|249/249\n|turn|8\n|\n|t:|1782896045\n|move|p1a: Persian|Parting Shot|p2a: Galvantula\n|-unboost|p2a: Galvantula|atk|1\n|-unboost|p2a: Galvantula|spa|1\n|\n|t:|1782896046\n|switch|p1a: Oricorio|Oricorio, L84, M|263/263|[from] Parting Shot\n|move|p2a: Galvantula|Sticky Web|p1a: Oricorio\n|-sidestart|p1: jnpr010334|move: Sticky Web\n|\n|upkeep\n|turn|9\n|\n|t:|1782896052\n|move|p2a: Galvantula|Volt Switch|p1a: Oricorio\n|-supereffective|p1a: Oricorio\n|-damage|p1a: Oricorio|147/263\n|\n|t:|1782896058\n|switch|p2a: Tornadus|Tornadus-Therian, L79, M|254/254|[from] Volt Switch\n|move|p1a: Oricorio|Quiver Dance|p1a: Oricorio\n|-boost|p1a: Oricorio|spa|1\n|-boost|p1a: Oricorio|spd|1\n|-boost|p1a: Oricorio|spe|1\n|\n|upkeep\n|turn|10\n|\n|t:|1782896063\n|move|p1a: Oricorio|Roost|p1a: Oricorio\n|-heal|p1a: Oricorio|263/263\n|-singleturn|p1a: Oricorio|move: Roost\n|move|p2a: Tornadus|Bleakwind Storm|p1a: Oricorio\n|-damage|p1a: Oricorio|148/263\n|-unboost|p1a: Oricorio|spe|1\n|\n|upkeep\n|turn|11\n|\n|t:|1782896071\n|move|p2a: Tornadus|Bleakwind Storm|p1a: Oricorio\n|-damage|p1a: Oricorio|27/263\n|-unboost|p1a: Oricorio|spe|1\n|move|p1a: Oricorio|Roost|p1a: Oricorio\n|-heal|p1a: Oricorio|159/263\n|-singleturn|p1a: Oricorio|move: Roost\n|\n|upkeep\n|turn|12\n|\n|t:|1782896079\n|-terastallize|p2a: Tornadus|Flying\n|move|p2a: Tornadus|Bleakwind Storm|p1a: Oricorio\n|-damage|p1a: Oricorio|0 fnt\n|faint|p1a: Oricorio\n|\n|upkeep\n|\n|t:|1782896081\n|switch|p1a: Vaporeon|Vaporeon, L86, F|364/364\n|-activate|p1a: Vaporeon|move: Sticky Web\n|-unboost|p1a: Vaporeon|spe|1\n|turn|13\n|\n|t:|1782896088\n|move|p2a: Tornadus|Bleakwind Storm|p1a: Vaporeon\n|-damage|p1a: Vaporeon|186/364\n|move|p1a: Vaporeon|Scald|p2a: Tornadus\n|-damage|p2a: Tornadus|145/254\n|-status|p2a: Tornadus|brn\n|\n|-heal|p1a: Vaporeon|208/364|[from] item: Leftovers\n|-damage|p2a: Tornadus|130/254 brn|[from] brn\n|upkeep\n|turn|14\n|\n|t:|1782896094\n|switch|p2a: Cacturne|Cacturne, L92, F|251/278\n|move|p1a: Vaporeon|Wish|p1a: Vaporeon\n|\n|-heal|p1a: Vaporeon|230/364|[from] item: Leftovers\n|upkeep\n|turn|15\n|\n|t:|1782896099\n|move|p1a: Vaporeon|Protect|p1a: Vaporeon\n|-singleturn|p1a: Vaporeon|Protect\n|move|p2a: Cacturne|Spikes|p1a: Vaporeon\n|-sidestart|p1: jnpr010334|Spikes\n|\n|-heal|p1a: Vaporeon|364/364|[from] move: Wish|[wisher] Vaporeon\n|upkeep\n|turn|16\n|\n|t:|1782896103\n|switch|p1a: Persian|Persian-Alola, L86, M|252/252\n|move|p2a: Cacturne|Leaf Storm|p1a: Persian\n|-damage|p1a: Persian|0 fnt\n|-unboost|p2a: Cacturne|spa|2\n|faint|p1a: Persian\n|-damage|p2a: Cacturne|224/278|[from] item: Life Orb\n|\n|upkeep\n|\n|t:|1782896106\n|switch|p1a: Bisharp|Bisharp, L79, F|232/232\n|-activate|p1a: Bisharp|move: Sticky Web\n|-unboost|p1a: Bisharp|spe|1\n|-ability|p1a: Bisharp|Defiant|boost\n|-boost|p1a: Bisharp|atk|2\n|-damage|p1a: Bisharp|203/232|[from] Spikes\n|turn|17\n|\n|t:|1782896116\n|move|p2a: Cacturne|Knock Off|p1a: Bisharp\n|-resisted|p1a: Bisharp\n|-damage|p1a: Bisharp|145/232\n|-enditem|p1a: Bisharp|Eviolite|[from] move: Knock Off|[of] p2a: Cacturne\n|-damage|p2a: Cacturne|197/278|[from] item: Life Orb\n|move|p1a: Bisharp|Iron Head|p2a: Cacturne\n|-damage|p2a: Cacturne|0 fnt\n|faint|p2a: Cacturne\n|\n|upkeep\n|\n|t:|1782896124\n|switch|p2a: Tornadus|Tornadus-Therian, L79, M, tera:Flying|214/254 brn\n|turn|18\n|\n|t:|1782896128\n|move|p2a: Tornadus|Focus Blast|p1a: Bisharp|[miss]\n|-miss|p2a: Tornadus|p1a: Bisharp\n|move|p1a: Bisharp|Throat Chop|p2a: Tornadus\n|-damage|p2a: Tornadus|0 fnt\n|faint|p2a: Tornadus\n|\n|upkeep\n|\n|t:|1782896133\n|switch|p2a: Galvantula|Galvantula, L82, F|249/249\n|turn|19\n|\n|t:|1782896141\n|-terastallize|p1a: Bisharp|Ghost\n|move|p2a: Galvantula|Thunder|p1a: Bisharp\n|-damage|p1a: Bisharp|13/232\n|-status|p1a: Bisharp|par\n|move|p1a: Bisharp|Throat Chop|p2a: Galvantula\n|-damage|p2a: Galvantula|11/249\n|-start|p2a: Galvantula|Throat Chop|[silent]\n|\n|upkeep\n|turn|20\n|\n|t:|1782896152\n|move|p1a: Bisharp|Sucker Punch|p2a: Galvantula\n|-damage|p2a: Galvantula|0 fnt\n|faint|p2a: Galvantula\n|\n|upkeep\n|\n|t:|1782896155\n|switch|p2a: Arboliva|Arboliva, L91, M|288/288\n|turn|21\n|\n|t:|1782896158\n|move|p1a: Bisharp|Sucker Punch||[still]\n|-fail|p1a: Bisharp\n|move|p2a: Arboliva|Leech Seed|p1a: Bisharp\n|-start|p1a: Bisharp|move: Leech Seed\n|\n|-damage|p1a: Bisharp|0 fnt|[from] Leech Seed|[of] p2a: Arboliva\n|faint|p1a: Bisharp\n|upkeep\n|\n|t:|1782896160\n|switch|p1a: Sandslash|Sandslash, L89, F|168/278\n|-activate|p1a: Sandslash|move: Sticky Web\n|-unboost|p1a: Sandslash|spe|1\n|-damage|p1a: Sandslash|134/278|[from] Spikes\n|turn|22\n|\n|t:|1782896168\n|move|p2a: Arboliva|Hyper Voice|p1a: Sandslash\n|-damage|p1a: Sandslash|14/278\n|move|p1a: Sandslash|Rapid Spin|p2a: Arboliva\n|-damage|p2a: Arboliva|248/288\n|-boost|p1a: Sandslash|spe|1\n|-sideend|p1: jnpr010334|Spikes|[from] move: Rapid Spin|[of] p1a: Sandslash\n|-sideend|p1: jnpr010334|Sticky Web|[from] move: Rapid Spin|[of] p1a: Sandslash\n|\n|upkeep\n|turn|23\n|\n|t:|1782896177\n|move|p1a: Sandslash|Knock Off|p2a: Arboliva\n|-damage|p2a: Arboliva|172/288\n|-enditem|p2a: Arboliva|Sitrus Berry|[from] move: Knock Off|[of] p1a: Sandslash\n|move|p2a: Arboliva|Hyper Voice|p1a: Sandslash\n|-damage|p1a: Sandslash|0 fnt\n|faint|p1a: Sandslash\n|\n|upkeep\n|\n|t:|1782896180\n|switch|p1a: Vaporeon|Vaporeon, L86, F|364/364\n|turn|24\n|\n|t:|1782896184\n|move|p1a: Vaporeon|Scald|p2a: Arboliva\n|-resisted|p2a: Arboliva\n|-damage|p2a: Arboliva|133/288\n|move|p2a: Arboliva|Leech Seed|p1a: Vaporeon\n|-start|p1a: Vaporeon|move: Leech Seed\n|\n|-damage|p1a: Vaporeon|319/364|[from] Leech Seed|[of] p2a: Arboliva\n|-heal|p2a: Arboliva|178/288|[silent]\n|upkeep\n|turn|25\n|\n|t:|1782896191\n|move|p1a: Vaporeon|Protect|p1a: Vaporeon\n|-singleturn|p1a: Vaporeon|Protect\n|move|p2a: Arboliva|Hyper Voice|p1a: Vaporeon\n|-activate|p1a: Vaporeon|move: Protect\n|\n|-heal|p1a: Vaporeon|341/364|[from] item: Leftovers\n|-damage|p1a: Vaporeon|296/364|[from] Leech Seed|[of] p2a: Arboliva\n|-heal|p2a: Arboliva|223/288|[silent]\n|upkeep\n|turn|26\n|\n|t:|1782896196\n|move|p1a: Vaporeon|Wish|p1a: Vaporeon\n|move|p2a: Arboliva|Substitute|p2a: Arboliva\n|-start|p2a: Arboliva|Substitute\n|-damage|p2a: Arboliva|151/288\n|\n|-heal|p1a: Vaporeon|318/364|[from] item: Leftovers\n|-damage|p1a: Vaporeon|273/364|[from] Leech Seed|[of] p2a: Arboliva\n|-heal|p2a: Arboliva|196/288|[silent]\n|upkeep\n|turn|27\n|\n|t:|1782896206\n|move|p1a: Vaporeon|Protect|p1a: Vaporeon\n|-singleturn|p1a: Vaporeon|Protect\n|move|p2a: Arboliva|Protect||[still]\n|-fail|p2a: Arboliva\n|\n|-heal|p1a: Vaporeon|364/364|[from] move: Wish|[wisher] Vaporeon\n|-damage|p1a: Vaporeon|319/364|[from] Leech Seed|[of] p2a: Arboliva\n|-heal|p2a: Arboliva|241/288|[silent]\n|upkeep\n|turn|28\n|\n|t:|1782896210\n|move|p1a: Vaporeon|Wish|p1a: Vaporeon\n|move|p2a: Arboliva|Leech Seed||[still]\n|-fail|p2a: Arboliva\n|\n|-heal|p1a: Vaporeon|341/364|[from] item: Leftovers\n|-damage|p1a: Vaporeon|296/364|[from] Leech Seed|[of] p2a: Arboliva\n|-heal|p2a: Arboliva|286/288|[silent]\n|upkeep\n|turn|29\n|\n|t:|1782896216\n|move|p1a: Vaporeon|Protect|p1a: Vaporeon\n|-singleturn|p1a: Vaporeon|Protect\n|move|p2a: Arboliva|Leech Seed|p1a: Vaporeon\n|-activate|p1a: Vaporeon|move: Protect\n|\n|-heal|p1a: Vaporeon|364/364|[from] move: Wish|[wisher] Vaporeon\n|-damage|p1a: Vaporeon|319/364|[from] Leech Seed|[of] p2a: Arboliva\n|-heal|p2a: Arboliva|288/288|[silent]\n|upkeep\n|turn|30\n|\n|t:|1782896221\n|move|p1a: Vaporeon|Wish|p1a: Vaporeon\n|move|p2a: Arboliva|Leech Seed||[still]\n|-fail|p2a: Arboliva\n|\n|-heal|p1a: Vaporeon|341/364|[from] item: Leftovers\n|-damage|p1a: Vaporeon|296/364|[from] Leech Seed|[of] p2a: Arboliva\n|upkeep\n|turn|31\n|\n|t:|1782896226\n|move|p1a: Vaporeon|Protect|p1a: Vaporeon\n|-singleturn|p1a: Vaporeon|Protect\n|move|p2a: Arboliva|Leech Seed|p1a: Vaporeon\n|-activate|p1a: Vaporeon|move: Protect\n|\n|-heal|p1a: Vaporeon|364/364|[from] move: Wish|[wisher] Vaporeon\n|-damage|p1a: Vaporeon|319/364|[from] Leech Seed|[of] p2a: Arboliva\n|upkeep\n|turn|32\n|\n|t:|1782896229\n|move|p1a: Vaporeon|Wish|p1a: Vaporeon\n|move|p2a: Arboliva|Hyper Voice|p1a: Vaporeon\n|-damage|p1a: Vaporeon|192/364\n|\n|-heal|p1a: Vaporeon|214/364|[from] item: Leftovers\n|-damage|p1a: Vaporeon|169/364|[from] Leech Seed|[of] p2a: Arboliva\n|upkeep\n|turn|33\n|\n|t:|1782896235\n|move|p1a: Vaporeon|Protect|p1a: Vaporeon\n|-singleturn|p1a: Vaporeon|Protect\n|move|p2a: Arboliva|Leech Seed|p1a: Vaporeon\n|-activate|p1a: Vaporeon|move: Protect\n|\n|-heal|p1a: Vaporeon|351/364|[from] move: Wish|[wisher] Vaporeon\n|-heal|p1a: Vaporeon|364/364|[from] item: Leftovers\n|-damage|p1a: Vaporeon|319/364|[from] Leech Seed|[of] p2a: Arboliva\n|upkeep\n|turn|34\n|\n|t:|1782896238\n|move|p1a: Vaporeon|Wish|p1a: Vaporeon\n|move|p2a: Arboliva|Hyper Voice|p1a: Vaporeon\n|-damage|p1a: Vaporeon|198/364\n|\n|-heal|p1a: Vaporeon|220/364|[from] item: Leftovers\n|-damage|p1a: Vaporeon|175/364|[from] Leech Seed|[of] p2a: Arboliva\n|upkeep\n|turn|35\n|\n|t:|1782896246\n|move|p1a: Vaporeon|Protect|p1a: Vaporeon\n|-singleturn|p1a: Vaporeon|Protect\n|move|p2a: Arboliva|Leech Seed|p1a: Vaporeon\n|-activate|p1a: Vaporeon|move: Protect\n|\n|-heal|p1a: Vaporeon|357/364|[from] move: Wish|[wisher] Vaporeon\n|-heal|p1a: Vaporeon|364/364|[from] item: Leftovers\n|-damage|p1a: Vaporeon|319/364|[from] Leech Seed|[of] p2a: Arboliva\n|upkeep\n|turn|36\n|\n|t:|1782896249\n|move|p1a: Vaporeon|Wish|p1a: Vaporeon\n|move|p2a: Arboliva|Hyper Voice|p1a: Vaporeon\n|-crit|p1a: Vaporeon\n|-damage|p1a: Vaporeon|147/364\n|\n|-heal|p1a: Vaporeon|169/364|[from] item: Leftovers\n|-damage|p1a: Vaporeon|124/364|[from] Leech Seed|[of] p2a: Arboliva\n|upkeep\n|turn|37\n|\n|t:|1782896256\n|move|p1a: Vaporeon|Protect|p1a: Vaporeon\n|-singleturn|p1a: Vaporeon|Protect\n|move|p2a: Arboliva|Leech Seed|p1a: Vaporeon\n|-activate|p1a: Vaporeon|move: Protect\n|\n|-heal|p1a: Vaporeon|306/364|[from] move: Wish|[wisher] Vaporeon\n|-heal|p1a: Vaporeon|328/364|[from] item: Leftovers\n|-damage|p1a: Vaporeon|283/364|[from] Leech Seed|[of] p2a: Arboliva\n|upkeep\n|turn|38\n|\n|t:|1782896260\n|move|p1a: Vaporeon|Wish|p1a: Vaporeon\n|move|p2a: Arboliva|Hyper Voice|p1a: Vaporeon\n|-damage|p1a: Vaporeon|147/364\n|\n|-heal|p1a: Vaporeon|169/364|[from] item: Leftovers\n|-damage|p1a: Vaporeon|124/364|[from] Leech Seed|[of] p2a: Arboliva\n|upkeep\n|turn|39\n|\n|t:|1782896268\n|move|p1a: Vaporeon|Protect|p1a: Vaporeon\n|-singleturn|p1a: Vaporeon|Protect\n|move|p2a: Arboliva|Leech Seed|p1a: Vaporeon\n|-activate|p1a: Vaporeon|move: Protect\n|\n|-heal|p1a: Vaporeon|306/364|[from] move: Wish|[wisher] Vaporeon\n|-heal|p1a: Vaporeon|328/364|[from] item: Leftovers\n|-damage|p1a: Vaporeon|283/364|[from] Leech Seed|[of] p2a: Arboliva\n|upkeep\n|turn|40\n|\n|t:|1782896275\n|move|p1a: Vaporeon|Wish|p1a: Vaporeon\n|move|p2a: Arboliva|Hyper Voice|p1a: Vaporeon\n|-damage|p1a: Vaporeon|156/364\n|\n|-heal|p1a: Vaporeon|178/364|[from] item: Leftovers\n|-damage|p1a: Vaporeon|133/364|[from] Leech Seed|[of] p2a: Arboliva\n|upkeep\n|turn|41\n|\n|t:|1782896281\n|move|p1a: Vaporeon|Protect|p1a: Vaporeon\n|-singleturn|p1a: Vaporeon|Protect\n|move|p2a: Arboliva|Leech Seed|p1a: Vaporeon\n|-activate|p1a: Vaporeon|move: Protect\n|\n|-heal|p1a: Vaporeon|315/364|[from] move: Wish|[wisher] Vaporeon\n|-heal|p1a: Vaporeon|337/364|[from] item: Leftovers\n|-damage|p1a: Vaporeon|292/364|[from] Leech Seed|[of] p2a: Arboliva\n|upkeep\n|turn|42\n|\n|t:|1782896289\n|move|p1a: Vaporeon|Wish|p1a: Vaporeon\n|move|p2a: Arboliva|Hyper Voice|p1a: Vaporeon\n|-damage|p1a: Vaporeon|169/364\n|\n|-heal|p1a: Vaporeon|191/364|[from] item: Leftovers\n|-damage|p1a: Vaporeon|146/364|[from] Leech Seed|[of] p2a: Arboliva\n|upkeep\n|turn|43\n|\n|t:|1782896293\n|move|p1a: Vaporeon|Protect|p1a: Vaporeon\n|-singleturn|p1a: Vaporeon|Protect\n|move|p2a: Arboliva|Leech Seed|p1a: Vaporeon\n|-activate|p1a: Vaporeon|move: Protect\n|\n|-heal|p1a: Vaporeon|328/364|[from] move: Wish|[wisher] Vaporeon\n|-heal|p1a: Vaporeon|350/364|[from] item: Leftovers\n|-damage|p1a: Vaporeon|305/364|[from] Leech Seed|[of] p2a: Arboliva\n|upkeep\n|turn|44\n|\n|t:|1782896299\n|move|p1a: Vaporeon|Wish|p1a: Vaporeon\n|move|p2a: Arboliva|Hyper Voice|p1a: Vaporeon\n|-damage|p1a: Vaporeon|173/364\n|\n|-heal|p1a: Vaporeon|195/364|[from] item: Leftovers\n|-damage|p1a: Vaporeon|150/364|[from] Leech Seed|[of] p2a: Arboliva\n|upkeep\n|turn|45\n|\n|t:|1782896308\n|move|p1a: Vaporeon|Protect|p1a: Vaporeon\n|-singleturn|p1a: Vaporeon|Protect\n|move|p2a: Arboliva|Leech Seed|p1a: Vaporeon\n|-activate|p1a: Vaporeon|move: Protect\n|\n|-heal|p1a: Vaporeon|332/364|[from] move: Wish|[wisher] Vaporeon\n|-heal|p1a: Vaporeon|354/364|[from] item: Leftovers\n|-damage|p1a: Vaporeon|309/364|[from] Leech Seed|[of] p2a: Arboliva\n|upkeep\n|turn|46\n|\n|t:|1782896312\n|move|p1a: Vaporeon|Wish|p1a: Vaporeon\n|move|p2a: Arboliva|Hyper Voice|p1a: Vaporeon\n|-damage|p1a: Vaporeon|188/364\n|\n|-heal|p1a: Vaporeon|210/364|[from] item: Leftovers\n|-damage|p1a: Vaporeon|165/364|[from] Leech Seed|[of] p2a: Arboliva\n|upkeep\n|turn|47\n|\n|t:|1782896323\n|move|p1a: Vaporeon|Protect|p1a: Vaporeon\n|-singleturn|p1a: Vaporeon|Protect\n|move|p2a: Arboliva|Leech Seed|p1a: Vaporeon\n|-activate|p1a: Vaporeon|move: Protect\n|\n|-heal|p1a: Vaporeon|347/364|[from] move: Wish|[wisher] Vaporeon\n|-heal|p1a: Vaporeon|364/364|[from] item: Leftovers\n|-damage|p1a: Vaporeon|319/364|[from] Leech Seed|[of] p2a: Arboliva\n|upkeep\n|turn|48\n|\n|t:|1782896326\n|move|p1a: Vaporeon|Wish|p1a: Vaporeon\n|move|p2a: Arboliva|Hyper Voice|p1a: Vaporeon\n|-crit|p1a: Vaporeon\n|-damage|p1a: Vaporeon|123/364\n|\n|-heal|p1a: Vaporeon|145/364|[from] item: Leftovers\n|-damage|p1a: Vaporeon|100/364|[from] Leech Seed|[of] p2a: Arboliva\n|upkeep\n|turn|49\n|\n|t:|1782896333\n|move|p1a: Vaporeon|Protect|p1a: Vaporeon\n|-singleturn|p1a: Vaporeon|Protect\n|move|p2a: Arboliva|Leech Seed|p1a: Vaporeon\n|-activate|p1a: Vaporeon|move: Protect\n|\n|-heal|p1a: Vaporeon|282/364|[from] move: Wish|[wisher] Vaporeon\n|-heal|p1a: Vaporeon|304/364|[from] item: Leftovers\n|-damage|p1a: Vaporeon|259/364|[from] Leech Seed|[of] p2a: Arboliva\n|upkeep\n|turn|50\n|\n|t:|1782896338\n|move|p1a: Vaporeon|Wish|p1a: Vaporeon\n|move|p2a: Arboliva|Hyper Voice|p1a: Vaporeon\n|-damage|p1a: Vaporeon|124/364\n|\n|-heal|p1a: Vaporeon|146/364|[from] item: Leftovers\n|-damage|p1a: Vaporeon|101/364|[from] Leech Seed|[of] p2a: Arboliva\n|upkeep\n|turn|51\n|\n|t:|1782896344\n|move|p1a: Vaporeon|Protect|p1a: Vaporeon\n|-singleturn|p1a: Vaporeon|Protect\n|move|p2a: Arboliva|Leech Seed|p1a: Vaporeon\n|-activate|p1a: Vaporeon|move: Protect\n|\n|-heal|p1a: Vaporeon|283/364|[from] move: Wish|[wisher] Vaporeon\n|-heal|p1a: Vaporeon|305/364|[from] item: Leftovers\n|-damage|p1a: Vaporeon|260/364|[from] Leech Seed|[of] p2a: Arboliva\n|upkeep\n|turn|52\n|\n|t:|1782896347\n|move|p1a: Vaporeon|Wish|p1a: Vaporeon\n|move|p2a: Arboliva|Hyper Voice|p1a: Vaporeon\n|-damage|p1a: Vaporeon|145/364\n|\n|-heal|p1a: Vaporeon|167/364|[from] item: Leftovers\n|-damage|p1a: Vaporeon|122/364|[from] Leech Seed|[of] p2a: Arboliva\n|upkeep\n|turn|53\n|\n|t:|1782896354\n|move|p1a: Vaporeon|Protect|p1a: Vaporeon\n|-singleturn|p1a: Vaporeon|Protect\n|move|p2a: Arboliva|Substitute|p2a: Arboliva\n|-fail|p2a: Arboliva|move: Substitute\n|\n|-heal|p1a: Vaporeon|304/364|[from] move: Wish|[wisher] Vaporeon\n|-heal|p1a: Vaporeon|326/364|[from] item: Leftovers\n|-damage|p1a: Vaporeon|281/364|[from] Leech Seed|[of] p2a: Arboliva\n|upkeep\n|turn|54\n|\n|t:|1782896357\n|move|p1a: Vaporeon|Wish|p1a: Vaporeon\n|move|p2a: Arboliva|Hyper Voice|p1a: Vaporeon\n|-damage|p1a: Vaporeon|148/364\n|\n|-heal|p1a: Vaporeon|170/364|[from] item: Leftovers\n|-damage|p1a: Vaporeon|125/364|[from] Leech Seed|[of] p2a: Arboliva\n|upkeep\n|turn|55\n|\n|t:|1782896366\n|move|p1a: Vaporeon|Scald|p2a: Arboliva\n|-resisted|p2a: Arboliva\n|-activate|p2a: Arboliva|move: Substitute|[damage]\n|move|p2a: Arboliva|Hyper Voice|p1a: Vaporeon\n|-damage|p1a: Vaporeon|7/364\n|\n|-heal|p1a: Vaporeon|189/364|[from] move: Wish|[wisher] Vaporeon\n|-heal|p1a: Vaporeon|211/364|[from] item: Leftovers\n|-damage|p1a: Vaporeon|166/364|[from] Leech Seed|[of] p2a: Arboliva\n|upkeep\n|turn|56\n|\n|t:|1782896377\n|move|p2a: Arboliva|Protect|p2a: Arboliva\n|-singleturn|p2a: Arboliva|Protect\n|move|p1a: Vaporeon|Scald|p2a: Arboliva\n|-activate|p2a: Arboliva|move: Protect\n|\n|-heal|p1a: Vaporeon|188/364|[from] item: Leftovers\n|-damage|p1a: Vaporeon|143/364|[from] Leech Seed|[of] p2a: Arboliva\n|upkeep\n|turn|57\n|\n|t:|1782896384\n|move|p2a: Arboliva|Protect||[still]\n|-fail|p2a: Arboliva\n|move|p1a: Vaporeon|Scald|p2a: Arboliva\n|-resisted|p2a: Arboliva\n|-end|p2a: Arboliva|Substitute\n|\n|-heal|p1a: Vaporeon|165/364|[from] item: Leftovers\n|-damage|p1a: Vaporeon|120/364|[from] Leech Seed|[of] p2a: Arboliva\n|upkeep\n|turn|58\n|\n|t:|1782896390\n|move|p2a: Arboliva|Substitute|p2a: Arboliva\n|-start|p2a: Arboliva|Substitute\n|-damage|p2a: Arboliva|216/288\n|move|p1a: Vaporeon|Roar||[still]\n|-fail|p1a: Vaporeon\n|\n|-heal|p1a: Vaporeon|142/364|[from] item: Leftovers\n|-damage|p1a: Vaporeon|97/364|[from] Leech Seed|[of] p2a: Arboliva\n|-heal|p2a: Arboliva|261/288|[silent]\n|upkeep\n|turn|59\n|\n|t:|1782896399\n|move|p2a: Arboliva|Protect|p2a: Arboliva\n|-singleturn|p2a: Arboliva|Protect\n|move|p1a: Vaporeon|Scald|p2a: Arboliva\n|-activate|p2a: Arboliva|move: Protect\n|\n|-heal|p1a: Vaporeon|119/364|[from] item: Leftovers\n|-damage|p1a: Vaporeon|74/364|[from] Leech Seed|[of] p2a: Arboliva\n|-heal|p2a: Arboliva|288/288|[silent]\n|upkeep\n|turn|60\n|\n|t:|1782896410\n|move|p2a: Arboliva|Protect|p2a: Arboliva\n|-singleturn|p2a: Arboliva|Protect\n|move|p1a: Vaporeon|Scald|p2a: Arboliva\n|-activate|p2a: Arboliva|move: Protect\n|\n|-heal|p1a: Vaporeon|96/364|[from] item: Leftovers\n|-damage|p1a: Vaporeon|51/364|[from] Leech Seed|[of] p2a: Arboliva\n|upkeep\n|turn|61\n|\n|t:|1782896418\n|move|p2a: Arboliva|Protect||[still]\n|-fail|p2a: Arboliva\n|move|p1a: Vaporeon|Scald|p2a: Arboliva\n|-resisted|p2a: Arboliva\n|-activate|p2a: Arboliva|move: Substitute|[damage]\n|\n|-heal|p1a: Vaporeon|73/364|[from] item: Leftovers\n|-damage|p1a: Vaporeon|28/364|[from] Leech Seed|[of] p2a: Arboliva\n|upkeep\n|turn|62\n|\n|t:|1782896424\n|move|p2a: Arboliva|Protect|p2a: Arboliva\n|-singleturn|p2a: Arboliva|Protect\n|move|p1a: Vaporeon|Scald|p2a: Arboliva\n|-activate|p2a: Arboliva|move: Protect\n|\n|-heal|p1a: Vaporeon|50/364|[from] item: Leftovers\n|-damage|p1a: Vaporeon|5/364|[from] Leech Seed|[of] p2a: Arboliva\n|upkeep\n|turn|63\n|c|\u2606monsieurlemaire|so boring\n|\n|t:|1782896435\n|move|p1a: Vaporeon|Scald|p2a: Arboliva\n|-resisted|p2a: Arboliva\n|-end|p2a: Arboliva|Substitute\n|move|p2a: Arboliva|Substitute|p2a: Arboliva\n|-start|p2a: Arboliva|Substitute\n|-damage|p2a: Arboliva|216/288\n|\n|-heal|p1a: Vaporeon|27/364|[from] item: Leftovers\n|-damage|p1a: Vaporeon|0 fnt|[from] Leech Seed|[of] p2a: Arboliva\n|-heal|p2a: Arboliva|243/288|[silent]\n|faint|p1a: Vaporeon\n|\n|win|monsieurlemaire\n|raw|jnpr010334's rating: 1668 &rarr; <strong>1650</strong><br />(-18 for losing)\n|raw|monsieurlemaire's rating: 1705 &rarr; <strong>1723</strong><br />(+18 for winning)\n", "inputlog": ">version f8ac14003a5f27e1bdc8d8c59608a773c1cb96e5\n>start {\"formatid\":\"gen9randombattle\",\"seed\":\"sodium,be4655d889ad79b2bb31619b9cec4613\",\"rated\":\"Rated battle\"}\n>player p1 {\"name\":\"jnpr010334\",\"avatar\":\"265\",\"rating\":1721,\"seed\":\"sodium,eec656cb023d43686a034c389874f1cf\"}\n>player p2 {\"name\":\"monsieurlemaire\",\"avatar\":\"cynthia\",\"rating\":1705,\"seed\":\"sodium,451342fa6c3f926a33366cc2fddc67a1\"}\n>p1 switch 6\n>p2 move nuzzle\n>p1 move earthquake\n>p2 move surf\n>p2 switch 5\n>p1 switch 4\n>p2 move knockoff\n>p1 move painsplit\n>p2 switch 3\n>p1 move painsplit\n>p2 move swordsdance\n>p1 move gunkshot\n>p2 move facade\n>p1 switch 2\n>p1 move foulplay\n>p2 move closecombat\n>p2 switch 4\n>p1 move partingshot\n>p2 move stickyweb\n>p1 switch 6\n>p1 move quiverdance\n>p2 move voltswitch\n>p2 switch 6\n>p1 move roost\n>p2 move bleakwindstorm\n>p1 move roost\n>p2 move bleakwindstorm\n>p1 move roost\n>p2 move bleakwindstorm terastallize\n>p1 switch 3\n>p1 move scald\n>p2 move bleakwindstorm\n>p1 move wish\n>p2 switch 3\n>p1 move protect\n>p2 move spikes\n>p1 switch 6\n>p2 move leafstorm\n>p1 switch 5\n>p1 move ironhead\n>p2 move knockoff\n>p2 switch 3\n>p1 move throatchop\n>p2 move focusblast\n>p2 switch 6\n>p1 move throatchop terastallize\n>p2 move thunder\n>p1 move suckerpunch\n>p2 move voltswitch\n>p2 switch 2\n>p1 move suckerpunch\n>p2 move leechseed\n>p1 switch 4\n>p1 move rapidspin\n>p2 move hypervoice\n>p1 move knockoff\n>p2 move hypervoice\n>p1 switch 6\n>p1 move scald\n>p2 move leechseed\n>p1 move protect\n>p2 move hypervoice\n>p1 move wish\n>p2 move substitute\n>p1 move protect\n>p2 move protect\n>p1 move wish\n>p2 move leechseed\n>p1 move protect\n>p2 move leechseed\n>p1 move wish\n>p2 move leechseed\n>p1 move protect\n>p2 move leechseed\n>p1 move wish\n>p2 move hypervoice\n>p1 move protect\n>p2 move leechseed\n>p1 move wish\n>p2 move hypervoice\n>p1 move protect\n>p2 move leechseed\n>p1 move wish\n>p2 move hypervoice\n>p1 move protect\n>p2 move leechseed\n>p1 move wish\n>p2 move hypervoice\n>p1 move protect\n>p2 move leechseed\n>p1 move wish\n>p2 move hypervoice\n>p1 move protect\n>p2 move leechseed\n>p1 move wish\n>p2 move hypervoice\n>p1 move protect\n>p2 move leechseed\n>p1 move wish\n>p2 move hypervoice\n>p1 move protect\n>p2 move leechseed\n>p1 move wish\n>p2 move hypervoice\n>p1 move protect\n>p2 move leechseed\n>p1 move wish\n>p2 move hypervoice\n>p1 move protect\n>p2 move leechseed\n>p1 move wish\n>p2 move hypervoice\n>p1 move protect\n>p2 move leechseed\n>p1 move wish\n>p2 move hypervoice\n>p1 move protect\n>p2 move substitute\n>p1 move wish\n>p2 move hypervoice\n>p1 move scald\n>p2 move hypervoice\n>p1 move scald\n>p2 move protect\n>p1 move scald\n>p2 move protect\n>p1 move roar\n>p2 move substitute\n>p1 move scald\n>p2 move protect\n>p1 move scald\n>p2 move protect\n>p1 move scald\n>p2 move protect\n>p1 move scald\n>p2 move protect\n>chat \u2606monsieurlemaire|so boring\n>p1 move scald\n>p2 move substitute", "uploadtime": 1782896435, "views": 6, "formatid": "gen9randombattle", "rating": 1650, "private": 0, "password": null, "player_dets": [{"name": "jnpr010334", "avatar": "265", "rating": 1721, "seed": "sodium,eec656cb023d43686a034c389874f1cf"}, {"name": "monsieurlemaire", "avatar": "cynthia", "rating": 1705, "seed": "sodium,451342fa6c3f926a33366cc2fddc67a1"}], "teams_full": [{"Oricorio": {"name": "Oricorio", "species": "Oricorio", "speciesId": "oricorio", "gender": "M", "shiny": false, "level": 84, "moves": ["roost", "revelationdance", "quiverdance", "hurricane"], "ability": "Dancer", "evs": {"hp": 85, "atk": 0, "def": 85, "spa": 85, "spd": 85, "spe": 85}, "ivs": {"hp": 31, "atk": 0, "def": 31, "spa": 31, "spd": 31, "spe": 31}, "item": "Heavy-Duty Boots", "teraType": "Ground", "role": "Setup Sweeper", "bvs": {"hp": 75, "atk": 70, "def": 70, "spa": 98, "spd": 70, "spe": 93}, "stats": {"hp": 263, "atk": 122, "def": 166, "spa": 213, "spd": 166, "spe": 204}, "types": ["Fire", "Flying"]}, "Persian": {"name": "Persian", "species": "Persian-Alola", "speciesId": "persianalola", "gender": "M", "shiny": false, "level": 86, "moves": ["foulplay", "partingshot", "taunt", "thunderwave"], "ability": "Fur Coat", "evs": {"hp": 85, "atk": 0, "def": 85, "spa": 85, "spd": 85, "spe": 85}, "ivs": {"hp": 31, "atk": 0, "def": 31, "spa": 31, "spd": 31, "spe": 31}, "item": "Heavy-Duty Boots", "teraType": "Ghost", "role": "Fast Support", "bvs": {"hp": 65, "atk": 60, "def": 60, "spa": 75, "spd": 65, "spe": 115}, "stats": {"hp": 252, "atk": 108, "def": 152, "spa": 178, "spd": 161, "spe": 247}, "types": ["Dark"]}, "Vaporeon": {"name": "Vaporeon", "species": "Vaporeon", "speciesId": "vaporeon", "gender": "F", "shiny": false, "level": 86, "moves": ["wish", "protect", "scald", "roar"], "ability": "Water Absorb", "evs": {"hp": 85, "atk": 0, "def": 85, "spa": 85, "spd": 85, "spe": 85}, "ivs": {"hp": 31, "atk": 0, "def": 31, "spa": 31, "spd": 31, "spe": 31}, "item": "Leftovers", "teraType": "Ground", "role": "Bulky Attacker", "bvs": {"hp": 130, "atk": 65, "def": 60, "spa": 110, "spd": 95, "spe": 65}, "stats": {"hp": 364, "atk": 116, "def": 152, "spa": 238, "spd": 213, "spe": 161}, "types": ["Water"]}, "Weezing": {"name": "Weezing", "species": "Weezing", "speciesId": "weezing", "gender": "F", "shiny": false, "level": 88, "moves": ["gunkshot", "painsplit", "fireblast", "willowisp"], "ability": "Levitate", "evs": {"hp": 85, "atk": 85, "def": 85, "spa": 85, "spd": 85, "spe": 85}, "ivs": {"hp": 31, "atk": 31, "def": 31, "spa": 31, "spd": 31, "spe": 31}, "item": "Leftovers", "teraType": "Steel", "role": "Bulky Attacker", "bvs": {"hp": 65, "atk": 90, "def": 120, "spa": 85, "spd": 70, "spe": 60}, "stats": {"hp": 258, "atk": 209, "def": 261, "spa": 200, "spd": 173, "spe": 156}, "types": ["Poison"]}, "Bisharp": {"name": "Bisharp", "species": "Bisharp", "speciesId": "bisharp", "gender": "F", "shiny": false, "level": 79, "moves": ["ironhead", "stealthrock", "throatchop", "suckerpunch"], "ability": "Defiant", "evs": {"hp": 85, "atk": 85, "def": 85, "spa": 85, "spd": 85, "spe": 85}, "ivs": {"hp": 31, "atk": 31, "def": 31, "spa": 31, "spd": 31, "spe": 31}, "item": "Eviolite", "teraType": "Ghost", "role": "Bulky Attacker", "bvs": {"hp": 65, "atk": 125, "def": 100, "spa": 60, "spd": 70, "spe": 70}, "stats": {"hp": 232, "atk": 243, "def": 204, "spa": 140, "spd": 156, "spe": 156}, "types": ["Dark", "Steel"]}, "Sandslash": {"name": "Sandslash", "species": "Sandslash", "speciesId": "sandslash", "gender": "F", "shiny": false, "level": 89, "moves": ["earthquake", "stoneedge", "knockoff", "rapidspin"], "ability": "Sand Rush", "evs": {"hp": 85, "atk": 85, "def": 85, "spa": 85, "spd": 85, "spe": 85}, "ivs": {"hp": 31, "atk": 31, "def": 31, "spa": 31, "spd": 31, "spe": 31}, "item": "Assault Vest", "teraType": "Dragon", "role": "Bulky Support", "bvs": {"hp": 75, "atk": 100, "def": 110, "spa": 45, "spd": 55, "spe": 65}, "stats": {"hp": 278, "atk": 229, "def": 247, "spa": 131, "spd": 149, "spe": 166}, "types": ["Ground"]}}, {"Raichu": {"name": "Raichu", "species": "Raichu", "speciesId": "raichu", "gender": "F", "shiny": false, "level": 88, "moves": ["thunderbolt", "grassknot", "nuzzle", "surf"], "ability": "Lightning Rod", "evs": {"hp": 85, "atk": 85, "def": 85, "spa": 85, "spd": 85, "spe": 85}, "ivs": {"hp": 31, "atk": 31, "def": 31, "spa": 31, "spd": 31, "spe": 31}, "item": "Assault Vest", "teraType": "Grass", "role": "Fast Support", "bvs": {"hp": 60, "atk": 90, "def": 55, "spa": 90, "spd": 80, "spe": 110}, "stats": {"hp": 249, "atk": 209, "def": 147, "spa": 209, "spd": 191, "spe": 244}, "types": ["Electric"]}, "Arboliva": {"name": "Arboliva", "species": "Arboliva", "speciesId": "arboliva", "gender": "M", "shiny": false, "level": 91, "moves": ["hypervoice", "substitute", "protect", "leechseed"], "ability": "Harvest", "evs": {"hp": 77, "atk": 0, "def": 85, "spa": 85, "spd": 85, "spe": 85}, "ivs": {"hp": 31, "atk": 0, "def": 31, "spa": 31, "spd": 31, "spe": 31}, "item": "Sitrus Berry", "teraType": "Water", "role": "Bulky Support", "bvs": {"hp": 78, "atk": 69, "def": 90, "spa": 125, "spd": 109, "spe": 39}, "stats": {"hp": 288, "atk": 130, "def": 216, "spa": 279, "spd": 250, "spe": 123}, "types": ["Grass", "Normal"]}, "Ursaring": {"name": "Ursaring", "species": "Ursaring", "speciesId": "ursaring", "gender": "F", "shiny": false, "level": 84, "moves": ["swordsdance", "facade", "closecombat", "throatchop"], "ability": "Quick Feet", "evs": {"hp": 85, "atk": 85, "def": 85, "spa": 85, "spd": 85, "spe": 85}, "ivs": {"hp": 31, "atk": 31, "def": 31, "spa": 31, "spd": 31, "spe": 31}, "item": "Toxic Orb", "teraType": "Normal", "role": "Setup Sweeper", "bvs": {"hp": 90, "atk": 130, "def": 75, "spa": 75, "spd": 75, "spe": 55}, "stats": {"hp": 288, "atk": 267, "def": 174, "spa": 174, "spd": 174, "spe": 141}, "types": ["Normal"]}, "Galvantula": {"name": "Galvantula", "species": "Galvantula", "speciesId": "galvantula", "gender": "F", "shiny": false, "level": 82, "moves": ["stickyweb", "thunder", "voltswitch", "bugbuzz"], "ability": "Compound Eyes", "evs": {"hp": 85, "atk": 0, "def": 85, "spa": 85, "spd": 85, "spe": 85}, "ivs": {"hp": 31, "atk": 0, "def": 31, "spa": 31, "spd": 31, "spe": 31}, "item": "Heavy-Duty Boots", "teraType": "Electric", "role": "Fast Support", "bvs": {"hp": 70, "atk": 77, "def": 60, "spa": 97, "spd": 60, "spe": 108}, "stats": {"hp": 249, "atk": 131, "def": 146, "spa": 206, "spd": 146, "spe": 224}, "types": ["Bug", "Electric"]}, "Cacturne": {"name": "Cacturne", "species": "Cacturne", "speciesId": "cacturne", "gender": "F", "shiny": false, "level": 92, "moves": ["suckerpunch", "leafstorm", "spikes", "knockoff"], "ability": "Water Absorb", "evs": {"hp": 85, "atk": 85, "def": 85, "spa": 85, "spd": 85, "spe": 85}, "ivs": {"hp": 31, "atk": 31, "def": 31, "spa": 31, "spd": 31, "spe": 31}, "item": "Life Orb", "teraType": "Poison", "role": "Wallbreaker", "bvs": {"hp": 70, "atk": 115, "def": 60, "spa": 115, "spd": 60, "spe": 55}, "stats": {"hp": 278, "atk": 264, "def": 163, "spa": 264, "spd": 163, "spe": 154}, "types": ["Grass", "Dark"]}, "Tornadus": {"name": "Tornadus", "species": "Tornadus-Therian", "speciesId": "tornadustherian", "gender": "M", "shiny": false, "level": 79, "moves": ["uturn", "heatwave", "focusblast", "bleakwindstorm"], "ability": "Regenerator", "evs": {"hp": 85, "atk": 85, "def": 85, "spa": 85, "spd": 85, "spe": 85}, "ivs": {"hp": 31, "atk": 31, "def": 31, "spa": 31, "spd": 31, "spe": 31}, "item": "Choice Specs", "teraType": "Flying", "role": "Fast Attacker", "bvs": {"hp": 79, "atk": 100, "def": 80, "spa": 110, "spd": 90, "spe": 121}, "stats": {"hp": 254, "atk": 204, "def": 172, "spa": 219, "spd": 188, "spe": 237}, "types": ["Flying"]}}]}