{"id": "gen9randombattle-2642062070", "format": "[Gen 9] Random Battle", "players": ["jnpr010334", "caffcon"], "log": "|j|\u2606jnpr010334\n|j|\u2606caffcon\n|t:|1782881787\n|gametype|singles\n|player|p1|jnpr010334|265|1729\n|player|p2|caffcon|aaron|1712\n|gen|9\n|tier|[Gen 9] Random Battle\n|rated|\n|rule|Species Clause: Limit one of each Pok\u00e9mon\n|rule|HP Percentage Mod: HP is shown in percentages\n|rule|Sleep Clause Mod: Limit one foe put to sleep\n|rule|Illusion Level Mod: Illusion disguises the Pok\u00e9mon's true level\n|\n|t:|1782881787\n|teamsize|p1|6\n|teamsize|p2|6\n|start\n|switch|p1a: Gyarados|Gyarados, L79, M|280/280\n|switch|p2a: Froslass|Froslass, L87, F|263/263\n|turn|1\n|inactive|Battle timer is ON: inactive players will automatically lose when time's up. (requested by jnpr010334)\n|\n|t:|1782881798\n|switch|p1a: Greedent|Greedent, L86, F|347/347\n|move|p2a: Froslass|Will-O-Wisp|p1a: Greedent\n|-status|p1a: Greedent|brn\n|\n|-damage|p1a: Greedent|326/347 brn|[from] brn\n|upkeep\n|turn|2\n|\n|t:|1782881808\n|move|p2a: Froslass|Taunt|p1a: Greedent\n|-start|p1a: Greedent|move: Taunt\n|cant|p1a: Greedent|move: Taunt|Swords Dance\n|\n|-damage|p1a: Greedent|305/347 brn|[from] brn\n|upkeep\n|turn|3\n|\n|t:|1782881822\n|switch|p2a: Vikavolt|Vikavolt, L83, M|263/263\n|move|p1a: Greedent|Knock Off|p2a: Vikavolt\n|-damage|p2a: Vikavolt|227/263\n|-enditem|p2a: Vikavolt|Heavy-Duty Boots|[from] move: Knock Off|[of] p1a: Greedent\n|\n|-damage|p1a: Greedent|284/347 brn|[from] brn\n|upkeep\n|turn|4\n|\n|t:|1782881831\n|switch|p1a: Volbeat|Volbeat, L90, M|263/263\n|move|p2a: Vikavolt|Sticky Web|p1a: Volbeat\n|-sidestart|p1: jnpr010334|move: Sticky Web\n|\n|upkeep\n|turn|5\n|\n|t:|1782881843\n|move|p1a: Volbeat|U-turn|p2a: Vikavolt\n|-damage|p2a: Vikavolt|154/263\n|\n|t:|1782881846\n|switch|p1a: Muk|Muk-Alola, L82, F|306/306|[from] U-turn\n|-activate|p1a: Muk|move: Sticky Web\n|-unboost|p1a: Muk|spe|1\n|move|p2a: Vikavolt|Thunderbolt|p1a: Muk\n|-damage|p1a: Muk|227/306\n|\n|upkeep\n|turn|6\n|\n|t:|1782881857\n|move|p2a: Vikavolt|Bug Buzz|p1a: Muk\n|-damage|p1a: Muk|145/306\n|move|p1a: Muk|Gunk Shot|p2a: Vikavolt\n|-damage|p2a: Vikavolt|28/263\n|\n|upkeep\n|turn|7\n|\n|t:|1782881865\n|move|p2a: Vikavolt|Thunderbolt|p1a: Muk\n|-damage|p1a: Muk|61/306\n|-status|p1a: Muk|par\n|cant|p1a: Muk|par\n|\n|upkeep\n|turn|8\n|\n|t:|1782881871\n|move|p2a: Vikavolt|Thunderbolt|p1a: Muk\n|-damage|p1a: Muk|0 fnt\n|faint|p1a: Muk\n|\n|upkeep\n|\n|t:|1782881873\n|switch|p1a: Volbeat|Volbeat, L90, M|263/263\n|turn|9\n|\n|t:|1782881881\n|move|p1a: Volbeat|U-turn|p2a: Vikavolt\n|-damage|p2a: Vikavolt|0 fnt\n|faint|p2a: Vikavolt\n|\n|t:|1782881883\n|switch|p1a: Skuntank|Skuntank, L84, M|310/310|[from] U-turn\n|-activate|p1a: Skuntank|move: Sticky Web\n|-unboost|p1a: Skuntank|spe|1\n|\n|upkeep\n|\n|t:|1782881905\n|switch|p2a: Dunsparce|Dunsparce, L86, M|312/312\n|turn|10\n|\n|t:|1782881910\n|switch|p1a: Volbeat|Volbeat, L90, M|263/263\n|move|p2a: Dunsparce|Coil|p2a: Dunsparce\n|-boost|p2a: Dunsparce|atk|1\n|-boost|p2a: Dunsparce|def|1\n|-boost|p2a: Dunsparce|accuracy|1\n|\n|upkeep\n|turn|11\n|\n|t:|1782881924\n|switch|p2a: Banette|Banette, L93, F|270/270\n|move|p1a: Volbeat|Encore||[still]\n|-fail|p1a: Volbeat\n|\n|upkeep\n|turn|12\n|\n|t:|1782881933\n|switch|p2a: Lokix|Lokix, L82, M|251/251\n|move|p1a: Volbeat|U-turn|p2a: Lokix\n|-supereffective|p2a: Lokix\n|-damage|p2a: Lokix|101/251\n|\n|t:|1782881936\n|switch|p1a: Skuntank|Skuntank, L84, M|310/310|[from] U-turn\n|-activate|p1a: Skuntank|move: Sticky Web\n|-unboost|p1a: Skuntank|spe|1\n|\n|upkeep\n|turn|13\n|\n|t:|1782881949\n|move|p2a: Lokix|U-turn|p1a: Skuntank\n|-damage|p1a: Skuntank|196/310\n|inactive|caffcon has 120 seconds left.\n|\n|t:|1782881977\n|switch|p2a: Froslass|Froslass, L87, F|263/263|[from] U-turn\n|move|p1a: Skuntank|Gunk Shot|p2a: Froslass\n|-resisted|p2a: Froslass\n|-damage|p2a: Froslass|169/263\n|-start|p1a: Skuntank|Disable|Gunk Shot|[from] ability: Cursed Body|[of] p2a: Froslass\n|-damage|p1a: Skuntank|165/310|[from] item: Life Orb\n|\n|upkeep\n|turn|14\n|\n|t:|1782881986\n|switch|p1a: Phione|Phione, L91|293/293\n|-activate|p1a: Phione|move: Sticky Web\n|-unboost|p1a: Phione|spe|1\n|move|p2a: Froslass|Will-O-Wisp|p1a: Phione\n|-status|p1a: Phione|brn\n|\n|-damage|p1a: Phione|275/293 brn|[from] brn\n|upkeep\n|turn|15\n|\n|t:|1782881995\n|move|p2a: Froslass|Poltergeist|p1a: Phione\n|-activate|p1a: Phione|move: Poltergeist|Leftovers\n|-damage|p1a: Phione|170/293 brn\n|move|p1a: Phione|Scald|p2a: Froslass\n|-damage|p2a: Froslass|67/263\n|-status|p2a: Froslass|brn\n|\n|-heal|p1a: Phione|188/293 brn|[from] item: Leftovers\n|-damage|p2a: Froslass|51/263 brn|[from] brn\n|-damage|p1a: Phione|170/293 brn|[from] brn\n|upkeep\n|turn|16\n|\n|t:|1782882006\n|move|p2a: Froslass|Taunt|p1a: Phione\n|-start|p1a: Phione|move: Taunt\n|cant|p1a: Phione|move: Taunt|Rest\n|\n|-heal|p1a: Phione|188/293 brn|[from] item: Leftovers\n|-damage|p2a: Froslass|35/263 brn|[from] brn\n|-damage|p1a: Phione|170/293 brn|[from] brn\n|upkeep\n|turn|17\n|\n|t:|1782882014\n|switch|p2a: Dipplin|Dipplin, L88, F|284/284\n|move|p1a: Phione|Scald|p2a: Dipplin\n|-resisted|p2a: Dipplin\n|-damage|p2a: Dipplin|269/284\n|\n|-heal|p1a: Phione|188/293 brn|[from] item: Leftovers\n|-damage|p1a: Phione|170/293 brn|[from] brn\n|upkeep\n|turn|18\n|\n|t:|1782882025\n|switch|p1a: Volbeat|Volbeat, L90, M|263/263\n|move|p2a: Dipplin|Dragon Pulse|p1a: Volbeat\n|-damage|p1a: Volbeat|172/263\n|\n|upkeep\n|turn|19\n|\n|t:|1782882033\n|move|p1a: Volbeat|U-turn|p2a: Dipplin\n|-supereffective|p2a: Dipplin\n|-damage|p2a: Dipplin|185/284\n|\n|t:|1782882035\n|switch|p1a: Phione|Phione, L91|170/293 brn|[from] U-turn\n|-activate|p1a: Phione|move: Sticky Web\n|-unboost|p1a: Phione|spe|1\n|move|p2a: Dipplin|Dragon Tail|p1a: Phione\n|-damage|p1a: Phione|109/293 brn\n|drag|p1a: Gyarados|Gyarados, L79, M|280/280\n|\n|upkeep\n|turn|20\n|\n|t:|1782882049\n|switch|p1a: Volbeat|Volbeat, L90, M|172/263\n|move|p2a: Dipplin|Dragon Tail|p1a: Volbeat\n|-damage|p1a: Volbeat|112/263\n|drag|p1a: Gyarados|Gyarados, L79, M|280/280\n|\n|upkeep\n|turn|21\n|\n|t:|1782882055\n|switch|p1a: Volbeat|Volbeat, L90, M|112/263\n|move|p2a: Dipplin|Dragon Tail|p1a: Volbeat\n|-damage|p1a: Volbeat|45/263\n|drag|p1a: Phione|Phione, L91|109/293 brn\n|-activate|p1a: Phione|move: Sticky Web\n|-unboost|p1a: Phione|spe|1\n|\n|-heal|p1a: Phione|127/293 brn|[from] item: Leftovers\n|-damage|p1a: Phione|109/293 brn|[from] brn\n|upkeep\n|turn|22\n|\n|t:|1782882064\n|move|p1a: Phione|Rest|p1a: Phione\n|-status|p1a: Phione|slp|[from] move: Rest\n|-heal|p1a: Phione|293/293 slp|[silent]\n|move|p2a: Dipplin|Dragon Tail|p1a: Phione\n|-damage|p1a: Phione|232/293 slp\n|drag|p1a: Greedent|Greedent, L86, F|284/347 brn\n|-activate|p1a: Greedent|move: Sticky Web\n|-unboost|p1a: Greedent|spe|1\n|\n|-damage|p1a: Greedent|263/347 brn|[from] brn\n|upkeep\n|turn|23\n|\n|t:|1782882074\n|switch|p1a: Volbeat|Volbeat, L90, M|45/263\n|move|p2a: Dipplin|Giga Drain|p1a: Volbeat\n|-resisted|p1a: Volbeat\n|-damage|p1a: Volbeat|4/263\n|-heal|p2a: Dipplin|206/284|[from] drain|[of] p1a: Volbeat\n|\n|upkeep\n|turn|24\n|\n|t:|1782882081\n|move|p1a: Volbeat|Roost|p1a: Volbeat\n|-heal|p1a: Volbeat|136/263\n|-singleturn|p1a: Volbeat|move: Roost\n|move|p2a: Dipplin|Giga Drain|p1a: Volbeat\n|-resisted|p1a: Volbeat\n|-damage|p1a: Volbeat|96/263\n|-heal|p2a: Dipplin|226/284|[from] drain|[of] p1a: Volbeat\n|\n|upkeep\n|turn|25\n|\n|t:|1782882088\n|move|p1a: Volbeat|Roost|p1a: Volbeat\n|-heal|p1a: Volbeat|228/263\n|-singleturn|p1a: Volbeat|move: Roost\n|move|p2a: Dipplin|Dragon Tail|p1a: Volbeat\n|-damage|p1a: Volbeat|164/263\n|drag|p1a: Gyarados|Gyarados, L79, M|280/280\n|\n|upkeep\n|turn|26\n|\n|t:|1782882098\n|switch|p1a: Volbeat|Volbeat, L90, M|164/263\n|move|p2a: Dipplin|Dragon Tail|p1a: Volbeat\n|-damage|p1a: Volbeat|100/263\n|drag|p1a: Phione|Phione, L91|232/293 slp\n|-activate|p1a: Phione|move: Sticky Web\n|-unboost|p1a: Phione|spe|1\n|\n|-heal|p1a: Phione|250/293 slp|[from] item: Leftovers\n|upkeep\n|turn|27\n|\n|t:|1782882121\n|switch|p1a: Volbeat|Volbeat, L90, M|100/263\n|move|p2a: Dipplin|Giga Drain|p1a: Volbeat\n|-resisted|p1a: Volbeat\n|-damage|p1a: Volbeat|58/263\n|-heal|p2a: Dipplin|247/284|[from] drain|[of] p1a: Volbeat\n|\n|upkeep\n|turn|28\n|\n|t:|1782882129\n|move|p1a: Volbeat|Roost|p1a: Volbeat\n|-heal|p1a: Volbeat|190/263\n|-singleturn|p1a: Volbeat|move: Roost\n|move|p2a: Dipplin|Dragon Tail|p1a: Volbeat\n|-damage|p1a: Volbeat|127/263\n|drag|p1a: Phione|Phione, L91|250/293 slp\n|-activate|p1a: Phione|move: Sticky Web\n|-unboost|p1a: Phione|spe|1\n|\n|-heal|p1a: Phione|268/293 slp|[from] item: Leftovers\n|upkeep\n|turn|29\n|\n|t:|1782882138\n|switch|p1a: Volbeat|Volbeat, L90, M|127/263\n|move|p2a: Dipplin|Dragon Tail|p1a: Volbeat\n|-damage|p1a: Volbeat|63/263\n|drag|p1a: Phione|Phione, L91|268/293 slp\n|-activate|p1a: Phione|move: Sticky Web\n|-unboost|p1a: Phione|spe|1\n|\n|-heal|p1a: Phione|286/293 slp|[from] item: Leftovers\n|upkeep\n|turn|30\n|\n|t:|1782882146\n|switch|p1a: Volbeat|Volbeat, L90, M|63/263\n|move|p2a: Dipplin|Dragon Tail|p1a: Volbeat\n|-damage|p1a: Volbeat|2/263\n|drag|p1a: Phione|Phione, L91|286/293 slp\n|-activate|p1a: Phione|move: Sticky Web\n|-unboost|p1a: Phione|spe|1\n|\n|-heal|p1a: Phione|293/293 slp|[from] item: Leftovers\n|upkeep\n|turn|31\n|\n|t:|1782882155\n|switch|p1a: Volbeat|Volbeat, L90, M|2/263\n|move|p2a: Dipplin|Giga Drain|p1a: Volbeat\n|-resisted|p1a: Volbeat\n|-damage|p1a: Volbeat|0 fnt\n|-heal|p2a: Dipplin|248/284|[from] drain|[of] p1a: Volbeat\n|faint|p1a: Volbeat\n|\n|upkeep\n|\n|t:|1782882157\n|switch|p1a: Skuntank|Skuntank, L84, M|165/310\n|-activate|p1a: Skuntank|move: Sticky Web\n|-unboost|p1a: Skuntank|spe|1\n|turn|32\n|\n|t:|1782882177\n|switch|p2a: Froslass|Froslass, L87, F|35/263 brn\n|move|p1a: Skuntank|Gunk Shot|p2a: Froslass\n|-resisted|p2a: Froslass\n|-damage|p2a: Froslass|0 fnt\n|faint|p2a: Froslass\n|-damage|p1a: Skuntank|134/310|[from] item: Life Orb\n|\n|upkeep\n|\n|t:|1782882186\n|switch|p2a: Dunsparce|Dunsparce, L86, M|312/312\n|turn|33\n|\n|t:|1782882205\n|move|p2a: Dunsparce|Coil|p2a: Dunsparce\n|-boost|p2a: Dunsparce|atk|1\n|-boost|p2a: Dunsparce|def|1\n|-boost|p2a: Dunsparce|accuracy|1\n|move|p1a: Skuntank|Gunk Shot|p2a: Dunsparce|[miss]\n|-miss|p1a: Skuntank|p2a: Dunsparce\n|\n|upkeep\n|turn|34\n|\n|t:|1782882212\n|move|p2a: Dunsparce|Coil|p2a: Dunsparce\n|-boost|p2a: Dunsparce|atk|1\n|-boost|p2a: Dunsparce|def|1\n|-boost|p2a: Dunsparce|accuracy|1\n|move|p1a: Skuntank|Gunk Shot|p2a: Dunsparce\n|-damage|p2a: Dunsparce|250/312\n|-status|p2a: Dunsparce|psn\n|-damage|p1a: Skuntank|103/310|[from] item: Life Orb\n|\n|-damage|p2a: Dunsparce|211/312 psn|[from] psn\n|upkeep\n|turn|35\n|\n|t:|1782882226\n|switch|p1a: Phione|Phione, L91|293/293 slp\n|-activate|p1a: Phione|move: Sticky Web\n|-unboost|p1a: Phione|spe|1\n|move|p2a: Dunsparce|Coil|p2a: Dunsparce\n|-boost|p2a: Dunsparce|atk|1\n|-boost|p2a: Dunsparce|def|1\n|-boost|p2a: Dunsparce|accuracy|1\n|\n|-damage|p2a: Dunsparce|172/312 psn|[from] psn\n|upkeep\n|turn|36\n|\n|t:|1782882235\n|cant|p1a: Phione|slp\n|move|p1a: Phione|Sleep Talk|p1a: Phione\n|move|p1a: Phione|Scald|p2a: Dunsparce|[from] move: Sleep Talk\n|-damage|p2a: Dunsparce|106/312 psn\n|move|p2a: Dunsparce|Roost|p2a: Dunsparce\n|-heal|p2a: Dunsparce|262/312 psn\n|-singleturn|p2a: Dunsparce|move: Roost\n|\n|-damage|p2a: Dunsparce|223/312 psn|[from] psn\n|upkeep\n|turn|37\n|\n|t:|1782882244\n|cant|p1a: Phione|slp\n|move|p2a: Dunsparce|Body Slam|p1a: Phione\n|-damage|p1a: Phione|124/293 slp\n|\n|-heal|p1a: Phione|142/293 slp|[from] item: Leftovers\n|-damage|p2a: Dunsparce|184/312 psn|[from] psn\n|upkeep\n|turn|38\n|\n|t:|1782882254\n|-curestatus|p1a: Phione|slp|[msg]\n|move|p1a: Phione|Sleep Talk||[still]\n|-fail|p1a: Phione\n|move|p2a: Dunsparce|Body Slam|p1a: Phione\n|-damage|p1a: Phione|0 fnt\n|faint|p1a: Phione\n|\n|-damage|p2a: Dunsparce|145/312 psn|[from] psn\n|upkeep\n|\n|t:|1782882256\n|switch|p1a: Skuntank|Skuntank, L84, M|103/310\n|-activate|p1a: Skuntank|move: Sticky Web\n|-unboost|p1a: Skuntank|spe|1\n|turn|39\n|\n|t:|1782882266\n|move|p2a: Dunsparce|Roost|p2a: Dunsparce\n|-heal|p2a: Dunsparce|301/312 psn\n|-singleturn|p2a: Dunsparce|move: Roost\n|move|p1a: Skuntank|Knock Off|p2a: Dunsparce\n|-damage|p2a: Dunsparce|262/312 psn\n|-enditem|p2a: Dunsparce|Eviolite|[from] move: Knock Off|[of] p1a: Skuntank\n|-damage|p1a: Skuntank|72/310|[from] item: Life Orb\n|\n|-damage|p2a: Dunsparce|223/312 psn|[from] psn\n|upkeep\n|turn|40\n|\n|t:|1782882277\n|move|p2a: Dunsparce|Earthquake|p1a: Skuntank\n|-supereffective|p1a: Skuntank\n|-damage|p1a: Skuntank|0 fnt\n|faint|p1a: Skuntank\n|\n|-damage|p2a: Dunsparce|184/312 psn|[from] psn\n|upkeep\n|\n|t:|1782882280\n|switch|p1a: Gyarados|Gyarados, L79, M|280/280\n|turn|41\n|c|\u2606caffcon|gg dude, sometimes the better man just gets the W\n|\n|t:|1782882295\n|-terastallize|p1a: Gyarados|Ground\n|move|p1a: Gyarados|Dragon Dance|p1a: Gyarados\n|-boost|p1a: Gyarados|atk|1\n|-boost|p1a: Gyarados|spe|1\n|move|p2a: Dunsparce|Body Slam|p1a: Gyarados\n|-damage|p1a: Gyarados|55/280\n|-status|p1a: Gyarados|par\n|\n|-damage|p2a: Dunsparce|145/312 psn|[from] psn\n|upkeep\n|turn|42\n|\n|t:|1782882307\n|move|p1a: Gyarados|Earthquake|p2a: Dunsparce\n|-damage|p2a: Dunsparce|63/312 psn\n|move|p2a: Dunsparce|Body Slam|p1a: Gyarados\n|-damage|p1a: Gyarados|0 fnt\n|faint|p1a: Gyarados\n|\n|-damage|p2a: Dunsparce|24/312 psn|[from] psn\n|upkeep\n|\n|t:|1782882310\n|switch|p1a: Greedent|Greedent, L86, F|263/347 brn\n|-activate|p1a: Greedent|move: Sticky Web\n|-unboost|p1a: Greedent|spe|1\n|turn|43\n|\n|t:|1782882319\n|move|p2a: Dunsparce|Body Slam|p1a: Greedent\n|-damage|p1a: Greedent|77/347 brn\n|-enditem|p1a: Greedent|Sitrus Berry|[eat]\n|-heal|p1a: Greedent|163/347 brn|[from] item: Sitrus Berry\n|-heal|p1a: Greedent|278/347 brn|[from] ability: Cheek Pouch\n|move|p1a: Greedent|Double-Edge|p2a: Dunsparce\n|-damage|p2a: Dunsparce|0 fnt\n|faint|p2a: Dunsparce\n|-damage|p1a: Greedent|270/347 brn|[from] Recoil\n|\n|-damage|p1a: Greedent|249/347 brn|[from] brn\n|upkeep\n|\n|t:|1782882338\n|switch|p2a: Banette|Banette, L93, F|270/270\n|turn|44\n|\n|t:|1782882341\n|move|p2a: Banette|Gunk Shot|p1a: Greedent\n|-damage|p1a: Greedent|109/347 brn\n|-damage|p2a: Banette|243/270|[from] item: Life Orb\n|move|p1a: Greedent|Knock Off|p2a: Banette\n|-supereffective|p2a: Banette\n|-damage|p2a: Banette|159/270\n|-enditem|p2a: Banette|Life Orb|[from] move: Knock Off|[of] p1a: Greedent\n|\n|-damage|p1a: Greedent|88/347 brn|[from] brn\n|upkeep\n|turn|45\n|\n|t:|1782882350\n|move|p2a: Banette|Gunk Shot|p1a: Greedent\n|-damage|p1a: Greedent|0 fnt\n|faint|p1a: Greedent\n|\n|win|caffcon\n|raw|jnpr010334's rating: 1650 &rarr; <strong>1634</strong><br />(-16 for losing)\n|raw|caffcon's rating: 1712 &rarr; <strong>1728</strong><br />(+16 for winning)\n", "inputlog": ">version f8ac14003a5f27e1bdc8d8c59608a773c1cb96e5\n>start {\"formatid\":\"gen9randombattle\",\"seed\":\"sodium,5a1bcce24bf7584eafdde37d133c3714\",\"rated\":\"Rated battle\"}\n>player p1 {\"name\":\"jnpr010334\",\"avatar\":\"265\",\"rating\":1729,\"seed\":\"sodium,44a92a2d425df7bc80a0982016289b63\"}\n>player p2 {\"name\":\"caffcon\",\"avatar\":\"aaron\",\"rating\":1712,\"seed\":\"sodium,c26b0b00799d207df69f6b236ea2299f\"}\n>p1 switch 3\n>p2 move willowisp\n>p1 move swordsdance\n>p2 move taunt\n>p1 move knockoff\n>p2 switch 6\n>p1 switch 4\n>p2 move stickyweb\n>p1 move uturn\n>p2 move thunderbolt\n>p1 switch 6\n>p1 move gunkshot\n>p2 move bugbuzz\n>p1 move gunkshot\n>p2 move thunderbolt\n>p1 move gunkshot\n>p2 move thunderbolt\n>p1 switch 6\n>p1 move uturn\n>p2 move thunderbolt\n>p1 switch 2\n>p2 switch 4\n>p1 switch 2\n>p2 move coil\n>p1 move encore\n>p2 switch 2\n>p1 move uturn\n>p2 switch 5\n>p1 switch 2\n>p1 move gunkshot\n>p2 move uturn\n>p2 switch 6\n>p1 switch 5\n>p2 move willowisp\n>p1 move scald\n>p2 move poltergeist\n>p1 move rest\n>p2 move taunt\n>p1 move scald\n>p2 switch 3\n>p1 switch 2\n>p2 move dragonpulse\n>p1 move uturn\n>p2 move dragontail\n>p1 switch 2\n>p1 switch 2\n>p2 move dragontail\n>p1 switch 2\n>p2 move dragontail\n>p1 move rest\n>p2 move dragontail\n>p1 switch 3\n>p2 move gigadrain\n>p1 move roost\n>p2 move gigadrain\n>p1 move roost\n>p2 move dragontail\n>p1 switch 2\n>p2 move dragontail\n>p1 switch 4\n>p2 move gigadrain\n>p1 move roost\n>p2 move dragontail\n>p1 switch 4\n>p2 move dragontail\n>p1 switch 4\n>p2 move dragontail\n>p1 switch 4\n>p2 move gigadrain\n>p1 switch 5\n>p1 move gunkshot\n>p2 switch 3\n>p2 switch 2\n>p1 move gunkshot\n>p2 move coil\n>p1 move gunkshot\n>p2 move coil\n>p1 switch 4\n>p2 move coil\n>p1 move sleeptalk\n>p2 move roost\n>p1 move takeheart\n>p2 move bodyslam\n>p1 move sleeptalk\n>p2 move bodyslam\n>p1 switch 4\n>p1 move knockoff\n>p2 move roost\n>p1 move gunkshot\n>p2 move earthquake\n>p1 switch 2\n>chat \u2606caffcon|gg dude, sometimes the better man just gets the W\n>p1 move dragondance terastallize\n>p2 move bodyslam\n>p1 move earthquake\n>p2 move bodyslam\n>p1 switch 3\n>p1 move doubleedge\n>p2 move bodyslam\n>p2 switch 5\n>p1 move knockoff\n>p2 move gunkshot\n>p1 move knockoff\n>p2 move gunkshot", "uploadtime": 1782882350, "views": 2, "formatid": "gen9randombattle", "rating": 1634, "private": 0, "password": null, "player_dets": [{"name": "jnpr010334", "avatar": "265", "rating": 1729, "seed": "sodium,44a92a2d425df7bc80a0982016289b63"}, {"name": "caffcon", "avatar": "aaron", "rating": 1712, "seed": "sodium,c26b0b00799d207df69f6b236ea2299f"}], "teams_full": [{"Gyarados": {"name": "Gyarados", "species": "Gyarados", "speciesId": "gyarados", "gender": "M", "shiny": false, "level": 79, "moves": ["dragondance", "temperflare", "earthquake", "waterfall"], "ability": "Moxie", "evs": {"hp": 85, "atk": 85, "def": 85, "spa": 85, "spd": 85, "spe": 85}, "ivs": {"hp": 31, "atk": 31, "def": 31, "spa": 31, "spd": 31, "spe": 31}, "item": "Heavy-Duty Boots", "teraType": "Ground", "role": "Setup Sweeper", "bvs": {"hp": 95, "atk": 125, "def": 79, "spa": 60, "spd": 100, "spe": 81}, "stats": {"hp": 280, "atk": 243, "def": 170, "spa": 140, "spd": 204, "spe": 174}, "types": ["Water", "Flying"]}, "Skuntank": {"name": "Skuntank", "species": "Skuntank", "speciesId": "skuntank", "gender": "M", "shiny": false, "level": 84, "moves": ["gunkshot", "knockoff", "taunt", "suckerpunch"], "ability": "Aftermath", "evs": {"hp": 85, "atk": 85, "def": 85, "spa": 85, "spd": 85, "spe": 85}, "ivs": {"hp": 31, "atk": 31, "def": 31, "spa": 31, "spd": 31, "spe": 31}, "item": "Life Orb", "teraType": "Poison", "role": "Fast Support", "bvs": {"hp": 103, "atk": 93, "def": 67, "spa": 71, "spd": 61, "spe": 84}, "stats": {"hp": 310, "atk": 204, "def": 161, "spa": 167, "spd": 151, "spe": 189}, "types": ["Poison", "Dark"]}, "Greedent": {"name": "Greedent", "species": "Greedent", "speciesId": "greedent", "gender": "F", "shiny": false, "level": 86, "moves": ["doubleedge", "swordsdance", "earthquake", "knockoff"], "ability": "Cheek Pouch", "evs": {"hp": 85, "atk": 85, "def": 85, "spa": 85, "spd": 85, "spe": 85}, "ivs": {"hp": 31, "atk": 31, "def": 31, "spa": 31, "spd": 31, "spe": 31}, "item": "Sitrus Berry", "teraType": "Ground", "role": "Bulky Setup", "bvs": {"hp": 120, "atk": 95, "def": 95, "spa": 55, "spd": 75, "spe": 20}, "stats": {"hp": 347, "atk": 213, "def": 213, "spa": 144, "spd": 178, "spe": 84}, "types": ["Normal"]}, "Volbeat": {"name": "Volbeat", "species": "Volbeat", "speciesId": "volbeat", "gender": "M", "shiny": false, "level": 90, "moves": ["uturn", "thunderwave", "roost", "encore"], "ability": "Prankster", "evs": {"hp": 85, "atk": 85, "def": 85, "spa": 85, "spd": 85, "spe": 85}, "ivs": {"hp": 31, "atk": 31, "def": 31, "spa": 31, "spd": 31, "spe": 31}, "item": "Heavy-Duty Boots", "teraType": "Water", "role": "Bulky Support", "bvs": {"hp": 65, "atk": 73, "def": 75, "spa": 47, "spd": 85, "spe": 85}, "stats": {"hp": 263, "atk": 183, "def": 186, "spa": 136, "spd": 204, "spe": 204}, "types": ["Bug"]}, "Phione": {"name": "Phione", "species": "Phione", "speciesId": "phione", "gender": "N", "shiny": false, "level": 91, "moves": ["sleeptalk", "rest", "scald", "takeheart"], "ability": "Hydration", "evs": {"hp": 85, "atk": 0, "def": 85, "spa": 85, "spd": 85, "spe": 85}, "ivs": {"hp": 31, "atk": 0, "def": 31, "spa": 31, "spd": 31, "spe": 31}, "item": "Leftovers", "teraType": "Dragon", "role": "Bulky Setup", "bvs": {"hp": 80, "atk": 80, "def": 80, "spa": 80, "spd": 80, "spe": 80}, "stats": {"hp": 293, "atk": 150, "def": 197, "spa": 197, "spd": 197, "spe": 197}, "types": ["Water"]}, "Muk": {"name": "Muk", "species": "Muk-Alola", "speciesId": "mukalola", "gender": "F", "shiny": false, "level": 82, "moves": ["gunkshot", "knockoff", "drainpunch", "icepunch"], "ability": "Poison Touch", "evs": {"hp": 85, "atk": 85, "def": 85, "spa": 85, "spd": 85, "spe": 85}, "ivs": {"hp": 31, "atk": 31, "def": 31, "spa": 31, "spd": 31, "spe": 31}, "item": "Assault Vest", "teraType": "Fighting", "role": "AV Pivot", "bvs": {"hp": 105, "atk": 105, "def": 75, "spa": 65, "spd": 100, "spe": 50}, "stats": {"hp": 306, "atk": 219, "def": 170, "spa": 154, "spd": 211, "spe": 129}, "types": ["Poison", "Dark"]}}, {"Froslass": {"name": "Froslass", "species": "Froslass", "speciesId": "froslass", "gender": "F", "shiny": false, "level": 87, "moves": ["willowisp", "taunt", "poltergeist", "tripleaxel"], "ability": "Cursed Body", "evs": {"hp": 81, "atk": 85, "def": 85, "spa": 85, "spd": 85, "spe": 85}, "ivs": {"hp": 31, "atk": 31, "def": 31, "spa": 31, "spd": 31, "spe": 31}, "item": "Wide Lens", "teraType": "Ice", "role": "Fast Support", "bvs": {"hp": 70, "atk": 80, "def": 70, "spa": 80, "spd": 70, "spe": 110}, "stats": {"hp": 263, "atk": 189, "def": 172, "spa": 189, "spd": 172, "spe": 241}, "types": ["Ice", "Ghost"]}, "Banette": {"name": "Banette", "species": "Banette", "speciesId": "banette", "gender": "F", "shiny": false, "level": 93, "moves": ["poltergeist", "thunderwave", "shadowsneak", "gunkshot"], "ability": "Cursed Body", "evs": {"hp": 85, "atk": 85, "def": 85, "spa": 85, "spd": 85, "spe": 85}, "ivs": {"hp": 31, "atk": 31, "def": 31, "spa": 31, "spd": 31, "spe": 31}, "item": "Life Orb", "teraType": "Ghost", "role": "Wallbreaker", "bvs": {"hp": 64, "atk": 115, "def": 65, "spa": 83, "spd": 63, "spe": 65}, "stats": {"hp": 270, "atk": 267, "def": 174, "spa": 207, "spd": 170, "spe": 174}, "types": ["Ghost"]}, "Dipplin": {"name": "Dipplin", "species": "Dipplin", "speciesId": "dipplin", "gender": "F", "shiny": false, "level": 88, "moves": ["gigadrain", "dragontail", "recover", "dragonpulse"], "ability": "Sticky Hold", "evs": {"hp": 85, "atk": 85, "def": 85, "spa": 85, "spd": 85, "spe": 85}, "ivs": {"hp": 31, "atk": 31, "def": 31, "spa": 31, "spd": 31, "spe": 31}, "item": "Eviolite", "teraType": "Steel", "role": "Bulky Attacker", "bvs": {"hp": 80, "atk": 80, "def": 110, "spa": 95, "spd": 80, "spe": 40}, "stats": {"hp": 284, "atk": 191, "def": 244, "spa": 217, "spd": 191, "spe": 121}, "types": ["Grass", "Dragon"]}, "Dunsparce": {"name": "Dunsparce", "species": "Dunsparce", "speciesId": "dunsparce", "gender": "M", "shiny": false, "level": 86, "moves": ["coil", "earthquake", "roost", "bodyslam"], "ability": "Serene Grace", "evs": {"hp": 85, "atk": 85, "def": 85, "spa": 85, "spd": 85, "spe": 85}, "ivs": {"hp": 31, "atk": 31, "def": 31, "spa": 31, "spd": 31, "spe": 31}, "item": "Eviolite", "teraType": "Ground", "role": "Bulky Setup", "bvs": {"hp": 100, "atk": 70, "def": 70, "spa": 65, "spd": 65, "spe": 45}, "stats": {"hp": 312, "atk": 170, "def": 170, "spa": 161, "spd": 161, "spe": 127}, "types": ["Normal"]}, "Lokix": {"name": "Lokix", "species": "Lokix", "speciesId": "lokix", "gender": "M", "shiny": false, "level": 82, "moves": ["firstimpression", "uturn", "suckerpunch", "knockoff"], "ability": "Tinted Lens", "evs": {"hp": 85, "atk": 85, "def": 85, "spa": 85, "spd": 85, "spe": 85}, "ivs": {"hp": 31, "atk": 31, "def": 31, "spa": 31, "spd": 31, "spe": 31}, "item": "Silver Powder", "teraType": "Bug", "role": "Fast Attacker", "bvs": {"hp": 71, "atk": 102, "def": 78, "spa": 52, "spd": 55, "spe": 92}, "stats": {"hp": 251, "atk": 214, "def": 175, "spa": 132, "spd": 137, "spe": 198}, "types": ["Bug", "Dark"]}, "Vikavolt": {"name": "Vikavolt", "species": "Vikavolt", "speciesId": "vikavolt", "gender": "M", "shiny": false, "level": 83, "moves": ["stickyweb", "voltswitch", "thunderbolt", "bugbuzz"], "ability": "Levitate", "evs": {"hp": 85, "atk": 0, "def": 85, "spa": 85, "spd": 85, "spe": 85}, "ivs": {"hp": 31, "atk": 0, "def": 31, "spa": 31, "spd": 31, "spe": 31}, "item": "Heavy-Duty Boots", "teraType": "Electric", "role": "Bulky Support", "bvs": {"hp": 77, "atk": 70, "def": 90, "spa": 145, "spd": 75, "spe": 43}, "stats": {"hp": 263, "atk": 121, "def": 197, "spa": 288, "spd": 172, "spe": 119}, "types": ["Bug", "Electric"]}}]}