{"id": "gen9randombattle-2642147438", "format": "[Gen 9] Random Battle", "players": ["gholdengoballs", "forcemajor14"], "log": "|j|\u203dgholdengoballs\n|j|\u2606forcemajor14\n|t:|1782900080\n|gametype|singles\n|player|p1|gholdengoballs|bea-masters|2106\n|player|p2|forcemajor14|266|2216\n|gen|9\n|tier|[Gen 9] Random Battle\n|rated|\n|rule|Species Clause: Limit one of each Pok\u00e9mon\n|rule|HP Percentage Mod: HP is shown in percentages\n|rule|Sleep Clause Mod: Limit one foe put to sleep\n|rule|Illusion Level Mod: Illusion disguises the Pok\u00e9mon's true level\n|\n|t:|1782900080\n|teamsize|p1|6\n|teamsize|p2|6\n|start\n|switch|p1a: Scrafty|Scrafty, L83, M|244/244\n|switch|p2a: Grafaiai|Grafaiai, L86, M|249/249\n|-ability|p1a: Scrafty|Intimidate|boost\n|-unboost|p2a: Grafaiai|atk|1\n|turn|1\n|inactive|Battle timer is ON: inactive players will automatically lose when time's up. (requested by gholdengoballs)\n|inactive|forcemajor14 also wants the timer to be on.\n|inactive|gholdengoballs has 120 seconds left.\n|\n|t:|1782900120\n|switch|p2a: Toxapex|Toxapex, L82, M|216/216\n|switch|p1a: Arbok|Arbok, L87, F|246/246\n|-ability|p1a: Arbok|Intimidate|boost\n|-unboost|p2a: Toxapex|atk|1\n|\n|upkeep\n|turn|2\n|\n|t:|1782900124\n|move|p1a: Arbok|Coil|p1a: Arbok\n|-boost|p1a: Arbok|atk|1\n|-boost|p1a: Arbok|def|1\n|-boost|p1a: Arbok|accuracy|1\n|move|p2a: Toxapex|Toxic Spikes|p1a: Arbok\n|-sidestart|p1: gholdengoballs|move: Toxic Spikes\n|\n|upkeep\n|turn|3\n|\n|t:|1782900128\n|move|p1a: Arbok|Earthquake|p2a: Toxapex\n|-supereffective|p2a: Toxapex\n|-damage|p2a: Toxapex|58/216\n|move|p2a: Toxapex|Haze|p2a: Toxapex\n|-clearallboost\n|\n|upkeep\n|turn|4\n|\n|t:|1782900132\n|switch|p2a: Noivern|Noivern, L82, F|274/274\n|move|p1a: Arbok|Coil|p1a: Arbok\n|-boost|p1a: Arbok|atk|1\n|-boost|p1a: Arbok|def|1\n|-boost|p1a: Arbok|accuracy|1\n|\n|upkeep\n|turn|5\n|\n|t:|1782900135\n|-terastallize|p2a: Noivern|Normal\n|move|p2a: Noivern|Boomburst|p1a: Arbok\n|-damage|p1a: Arbok|15/246\n|move|p1a: Arbok|Trailblaze|p2a: Noivern\n|-damage|p2a: Noivern|216/274\n|-boost|p1a: Arbok|spe|1\n|\n|-heal|p1a: Arbok|30/246|[from] item: Leftovers\n|upkeep\n|turn|6\n|\n|t:|1782900139\n|move|p1a: Arbok|Gunk Shot|p2a: Noivern\n|-damage|p2a: Noivern|0 fnt\n|faint|p2a: Noivern\n|\n|-heal|p1a: Arbok|45/246|[from] item: Leftovers\n|upkeep\n|\n|t:|1782900140\n|switch|p2a: Mesprit|Mesprit, L85|275/275\n|turn|7\n|\n|t:|1782900143\n|move|p1a: Arbok|Gunk Shot|p2a: Mesprit\n|-damage|p2a: Mesprit|95/275\n|move|p2a: Mesprit|Psychic Noise|p1a: Arbok\n|-supereffective|p1a: Arbok\n|-damage|p1a: Arbok|0 fnt\n|faint|p1a: Arbok\n|\n|upkeep\n|\n|t:|1782900160\n|switch|p1a: Dusknoir|Dusknoir, L89, F|225/225\n|-status|p1a: Dusknoir|psn\n|-item|p2a: Mesprit|Assault Vest|[from] ability: Frisk|[of] p1a: Dusknoir\n|turn|8\n|\n|t:|1782900164\n|move|p2a: Mesprit|Knock Off|p1a: Dusknoir\n|-supereffective|p1a: Dusknoir\n|-damage|p1a: Dusknoir|113/225 psn\n|-enditem|p1a: Dusknoir|Choice Band|[from] move: Knock Off|[of] p2a: Mesprit\n|move|p1a: Dusknoir|Leech Life|p2a: Mesprit\n|-supereffective|p2a: Mesprit\n|-damage|p2a: Mesprit|0 fnt\n|-heal|p1a: Dusknoir|161/225 psn|[from] drain|[of] p2a: Mesprit\n|faint|p2a: Mesprit\n|\n|-damage|p1a: Dusknoir|133/225 psn|[from] psn\n|upkeep\n|\n|t:|1782900166\n|switch|p2a: Zarude|Zarude, L77|288/288\n|turn|9\n|\n|t:|1782900170\n|move|p2a: Zarude|Swords Dance|p2a: Zarude\n|-boost|p2a: Zarude|atk|2\n|move|p1a: Dusknoir|Leech Life|p2a: Zarude\n|-supereffective|p2a: Zarude\n|-crit|p2a: Zarude\n|-damage|p2a: Zarude|0 fnt\n|-heal|p1a: Dusknoir|225/225 psn|[from] drain|[of] p2a: Zarude\n|faint|p2a: Zarude\n|\n|-damage|p1a: Dusknoir|197/225 psn|[from] psn\n|upkeep\n|\n|t:|1782900172\n|switch|p2a: Grafaiai|Grafaiai, L86, M|249/249\n|turn|10\n|\n|t:|1782900177\n|move|p2a: Grafaiai|Parting Shot|p1a: Dusknoir\n|-unboost|p1a: Dusknoir|atk|1\n|-unboost|p1a: Dusknoir|spa|1\n|\n|t:|1782900178\n|switch|p2a: Toxapex|Toxapex, L82, M|130/216|[from] Parting Shot\n|move|p1a: Dusknoir|Earthquake|p2a: Toxapex\n|-supereffective|p2a: Toxapex\n|-damage|p2a: Toxapex|60/216\n|\n|-damage|p1a: Dusknoir|169/225 psn|[from] psn\n|upkeep\n|turn|11\n|\n|t:|1782900180\n|switch|p2a: Grafaiai|Grafaiai, L86, M|249/249\n|move|p1a: Dusknoir|Earthquake|p2a: Grafaiai\n|-supereffective|p2a: Grafaiai\n|-damage|p2a: Grafaiai|113/249\n|\n|-damage|p1a: Dusknoir|141/225 psn|[from] psn\n|upkeep\n|turn|12\n|\n|t:|1782900185\n|move|p2a: Grafaiai|Parting Shot|p1a: Dusknoir\n|-unboost|p1a: Dusknoir|atk|1\n|-unboost|p1a: Dusknoir|spa|1\n|\n|t:|1782900188\n|switch|p2a: Toxapex|Toxapex, L82, M|132/216|[from] Parting Shot\n|move|p1a: Dusknoir|Earthquake|p2a: Toxapex\n|-supereffective|p2a: Toxapex\n|-damage|p2a: Toxapex|72/216\n|\n|-damage|p1a: Dusknoir|113/225 psn|[from] psn\n|upkeep\n|turn|13\n|\n|t:|1782900193\n|switch|p1a: Meloetta|Meloetta, L82|298/298\n|-status|p1a: Meloetta|psn\n|switch|p2a: Grafaiai|Grafaiai, L86, M|113/249\n|\n|-damage|p1a: Meloetta|261/298 psn|[from] psn\n|upkeep\n|turn|14\n|\n|t:|1782900198\n|move|p2a: Grafaiai|Parting Shot|p1a: Meloetta\n|-unboost|p1a: Meloetta|atk|1\n|-unboost|p1a: Meloetta|spa|1\n|\n|t:|1782900202\n|switch|p2a: Delphox|Delphox, L84, F|263/263|[from] Parting Shot\n|move|p1a: Meloetta|Psyshock|p2a: Delphox\n|-resisted|p2a: Delphox\n|-damage|p2a: Delphox|222/263\n|\n|-heal|p1a: Meloetta|279/298 psn|[from] item: Leftovers\n|-damage|p1a: Meloetta|242/298 psn|[from] psn\n|upkeep\n|turn|15\n|\n|t:|1782900208\n|move|p2a: Delphox|Nasty Plot|p2a: Delphox\n|-boost|p2a: Delphox|spa|2\n|move|p1a: Meloetta|Hyper Voice|p2a: Delphox\n|-damage|p2a: Delphox|153/263\n|\n|-heal|p1a: Meloetta|260/298 psn|[from] item: Leftovers\n|-damage|p1a: Meloetta|223/298 psn|[from] psn\n|upkeep\n|turn|16\n|\n|t:|1782900211\n|move|p2a: Delphox|Nasty Plot|p2a: Delphox\n|-boost|p2a: Delphox|spa|2\n|move|p1a: Meloetta|Hyper Voice|p2a: Delphox\n|-damage|p2a: Delphox|81/263\n|\n|-heal|p1a: Meloetta|241/298 psn|[from] item: Leftovers\n|-damage|p1a: Meloetta|204/298 psn|[from] psn\n|upkeep\n|turn|17\n|\n|t:|1782900214\n|move|p2a: Delphox|Fire Blast|p1a: Meloetta\n|-damage|p1a: Meloetta|0 fnt\n|faint|p1a: Meloetta\n|\n|upkeep\n|\n|t:|1782900216\n|switch|p1a: Dusknoir|Dusknoir, L89, F|113/225 psn\n|-item|p2a: Delphox|Heavy-Duty Boots|[from] ability: Frisk|[of] p1a: Dusknoir\n|turn|18\n|\n|t:|1782900219\n|move|p1a: Dusknoir|Shadow Sneak|p2a: Delphox\n|-supereffective|p2a: Delphox\n|-damage|p2a: Delphox|0 fnt\n|faint|p2a: Delphox\n|\n|-damage|p1a: Dusknoir|85/225 psn|[from] psn\n|upkeep\n|\n|t:|1782900222\n|switch|p2a: Grafaiai|Grafaiai, L86, M|113/249\n|turn|19\n|\n|t:|1782900225\n|move|p2a: Grafaiai|Parting Shot|p1a: Dusknoir\n|-unboost|p1a: Dusknoir|atk|1\n|-unboost|p1a: Dusknoir|spa|1\n|\n|t:|1782900227\n|switch|p2a: Toxapex|Toxapex, L82, M|144/216|[from] Parting Shot\n|move|p1a: Dusknoir|Earthquake|p2a: Toxapex\n|-supereffective|p2a: Toxapex\n|-damage|p2a: Toxapex|68/216\n|\n|-damage|p1a: Dusknoir|57/225 psn|[from] psn\n|upkeep\n|turn|20\n|\n|t:|1782900231\n|switch|p2a: Grafaiai|Grafaiai, L86, M|113/249\n|move|p1a: Dusknoir|Earthquake|p2a: Grafaiai\n|-supereffective|p2a: Grafaiai\n|-damage|p2a: Grafaiai|0 fnt\n|faint|p2a: Grafaiai\n|\n|-damage|p1a: Dusknoir|29/225 psn|[from] psn\n|upkeep\n|\n|t:|1782900233\n|switch|p2a: Toxapex|Toxapex, L82, M|140/216\n|turn|21\n|\n|t:|1782900237\n|switch|p1a: Slowbro|Slowbro, L85, F|300/300\n|-status|p1a: Slowbro|psn\n|move|p2a: Toxapex|Recover|p2a: Toxapex\n|-heal|p2a: Toxapex|216/216\n|\n|-damage|p1a: Slowbro|263/300 psn|[from] psn\n|upkeep\n|turn|22\n|\n|t:|1782900242\n|move|p2a: Toxapex|Liquidation|p1a: Slowbro\n|-resisted|p1a: Slowbro\n|-damage|p1a: Slowbro|239/300 psn\n|move|p1a: Slowbro|Iron Defense|p1a: Slowbro\n|-boost|p1a: Slowbro|def|2\n|\n|-heal|p1a: Slowbro|257/300 psn|[from] item: Leftovers\n|-damage|p1a: Slowbro|220/300 psn|[from] psn\n|upkeep\n|turn|23\n|\n|t:|1782900245\n|move|p2a: Toxapex|Haze|p2a: Toxapex\n|-clearallboost\n|move|p1a: Slowbro|Iron Defense|p1a: Slowbro\n|-boost|p1a: Slowbro|def|2\n|\n|-heal|p1a: Slowbro|238/300 psn|[from] item: Leftovers\n|-damage|p1a: Slowbro|201/300 psn|[from] psn\n|upkeep\n|turn|24\n|\n|t:|1782900248\n|move|p2a: Toxapex|Haze|p2a: Toxapex\n|-clearallboost\n|move|p1a: Slowbro|Scald|p2a: Toxapex\n|-resisted|p2a: Toxapex\n|-damage|p2a: Toxapex|186/216\n|\n|-heal|p1a: Slowbro|219/300 psn|[from] item: Leftovers\n|-damage|p1a: Slowbro|182/300 psn|[from] psn\n|upkeep\n|turn|25\n|\n|t:|1782900251\n|move|p2a: Toxapex|Liquidation|p1a: Slowbro\n|-resisted|p1a: Slowbro\n|-damage|p1a: Slowbro|157/300 psn\n|move|p1a: Slowbro|Scald|p2a: Toxapex\n|-resisted|p2a: Toxapex\n|-damage|p2a: Toxapex|156/216\n|\n|-heal|p1a: Slowbro|175/300 psn|[from] item: Leftovers\n|-damage|p1a: Slowbro|138/300 psn|[from] psn\n|upkeep\n|turn|26\n|\n|t:|1782900254\n|move|p2a: Toxapex|Liquidation|p1a: Slowbro\n|-resisted|p1a: Slowbro\n|-damage|p1a: Slowbro|113/300 psn\n|move|p1a: Slowbro|Scald|p2a: Toxapex\n|-resisted|p2a: Toxapex\n|-damage|p2a: Toxapex|123/216\n|\n|-heal|p1a: Slowbro|131/300 psn|[from] item: Leftovers\n|-damage|p1a: Slowbro|94/300 psn|[from] psn\n|upkeep\n|turn|27\n|\n|t:|1782900257\n|move|p2a: Toxapex|Recover|p2a: Toxapex\n|-heal|p2a: Toxapex|216/216\n|move|p1a: Slowbro|Slack Off|p1a: Slowbro\n|-heal|p1a: Slowbro|244/300 psn\n|\n|-heal|p1a: Slowbro|262/300 psn|[from] item: Leftovers\n|-damage|p1a: Slowbro|225/300 psn|[from] psn\n|upkeep\n|turn|28\n|\n|t:|1782900260\n|move|p2a: Toxapex|Haze|p2a: Toxapex\n|-clearallboost\n|move|p1a: Slowbro|Scald|p2a: Toxapex\n|-resisted|p2a: Toxapex\n|-damage|p2a: Toxapex|181/216\n|\n|-heal|p1a: Slowbro|243/300 psn|[from] item: Leftovers\n|-damage|p1a: Slowbro|206/300 psn|[from] psn\n|upkeep\n|turn|29\n|\n|t:|1782900262\n|move|p2a: Toxapex|Liquidation|p1a: Slowbro\n|-resisted|p1a: Slowbro\n|-damage|p1a: Slowbro|178/300 psn\n|-unboost|p1a: Slowbro|def|1\n|move|p1a: Slowbro|Scald|p2a: Toxapex\n|-resisted|p2a: Toxapex\n|-damage|p2a: Toxapex|147/216\n|\n|-heal|p1a: Slowbro|196/300 psn|[from] item: Leftovers\n|-damage|p1a: Slowbro|159/300 psn|[from] psn\n|upkeep\n|turn|30\n|\n|t:|1782900264\n|move|p2a: Toxapex|Liquidation|p1a: Slowbro\n|-resisted|p1a: Slowbro\n|-damage|p1a: Slowbro|117/300 psn\n|move|p1a: Slowbro|Scald|p2a: Toxapex\n|-resisted|p2a: Toxapex\n|-damage|p2a: Toxapex|117/216\n|\n|-heal|p1a: Slowbro|135/300 psn|[from] item: Leftovers\n|-damage|p1a: Slowbro|98/300 psn|[from] psn\n|upkeep\n|turn|31\n|\n|t:|1782900268\n|move|p2a: Toxapex|Recover|p2a: Toxapex\n|-heal|p2a: Toxapex|216/216\n|move|p1a: Slowbro|Slack Off|p1a: Slowbro\n|-heal|p1a: Slowbro|248/300 psn\n|\n|-heal|p1a: Slowbro|266/300 psn|[from] item: Leftovers\n|-damage|p1a: Slowbro|229/300 psn|[from] psn\n|upkeep\n|turn|32\n|\n|t:|1782900272\n|move|p2a: Toxapex|Liquidation|p1a: Slowbro\n|-resisted|p1a: Slowbro\n|-damage|p1a: Slowbro|190/300 psn\n|move|p1a: Slowbro|Scald|p2a: Toxapex\n|-resisted|p2a: Toxapex\n|-damage|p2a: Toxapex|186/216\n|\n|-heal|p1a: Slowbro|208/300 psn|[from] item: Leftovers\n|-damage|p1a: Slowbro|171/300 psn|[from] psn\n|upkeep\n|turn|33\n|\n|t:|1782900277\n|move|p2a: Toxapex|Liquidation|p1a: Slowbro\n|-resisted|p1a: Slowbro\n|-damage|p1a: Slowbro|134/300 psn\n|move|p1a: Slowbro|Iron Defense|p1a: Slowbro\n|-boost|p1a: Slowbro|def|2\n|\n|-heal|p1a: Slowbro|152/300 psn|[from] item: Leftovers\n|-damage|p1a: Slowbro|115/300 psn|[from] psn\n|upkeep\n|turn|34\n|\n|t:|1782900280\n|move|p2a: Toxapex|Haze|p2a: Toxapex\n|-clearallboost\n|move|p1a: Slowbro|Slack Off|p1a: Slowbro\n|-heal|p1a: Slowbro|265/300 psn\n|\n|-heal|p1a: Slowbro|283/300 psn|[from] item: Leftovers\n|-damage|p1a: Slowbro|246/300 psn|[from] psn\n|upkeep\n|turn|35\n|\n|t:|1782900282\n|move|p2a: Toxapex|Haze|p2a: Toxapex\n|-clearallboost\n|move|p1a: Slowbro|Scald|p2a: Toxapex\n|-resisted|p2a: Toxapex\n|-damage|p2a: Toxapex|152/216\n|\n|-heal|p1a: Slowbro|264/300 psn|[from] item: Leftovers\n|-damage|p1a: Slowbro|227/300 psn|[from] psn\n|upkeep\n|turn|36\n|\n|t:|1782900286\n|move|p2a: Toxapex|Liquidation|p1a: Slowbro\n|-resisted|p1a: Slowbro\n|-damage|p1a: Slowbro|199/300 psn\n|move|p1a: Slowbro|Scald|p2a: Toxapex\n|-resisted|p2a: Toxapex\n|-damage|p2a: Toxapex|122/216\n|-status|p2a: Toxapex|brn\n|\n|-heal|p1a: Slowbro|217/300 psn|[from] item: Leftovers\n|-damage|p1a: Slowbro|180/300 psn|[from] psn\n|-damage|p2a: Toxapex|109/216 brn|[from] brn\n|upkeep\n|turn|37\n|\n|t:|1782900291\n|move|p2a: Toxapex|Recover|p2a: Toxapex\n|-heal|p2a: Toxapex|216/216 brn\n|move|p1a: Slowbro|Scald|p2a: Toxapex\n|-resisted|p2a: Toxapex\n|-damage|p2a: Toxapex|186/216 brn\n|\n|-heal|p1a: Slowbro|198/300 psn|[from] item: Leftovers\n|-damage|p1a: Slowbro|161/300 psn|[from] psn\n|-damage|p2a: Toxapex|173/216 brn|[from] brn\n|upkeep\n|turn|38\n|\n|t:|1782900294\n|move|p2a: Toxapex|Liquidation|p1a: Slowbro\n|-resisted|p1a: Slowbro\n|-damage|p1a: Slowbro|148/300 psn\n|move|p1a: Slowbro|Scald|p2a: Toxapex\n|-resisted|p2a: Toxapex\n|-damage|p2a: Toxapex|140/216 brn\n|\n|-heal|p1a: Slowbro|166/300 psn|[from] item: Leftovers\n|-damage|p1a: Slowbro|129/300 psn|[from] psn\n|-damage|p2a: Toxapex|127/216 brn|[from] brn\n|upkeep\n|turn|39\n|\n|t:|1782900297\n|move|p2a: Toxapex|Recover|p2a: Toxapex\n|-heal|p2a: Toxapex|216/216 brn\n|move|p1a: Slowbro|Scald|p2a: Toxapex\n|-resisted|p2a: Toxapex\n|-damage|p2a: Toxapex|181/216 brn\n|\n|-heal|p1a: Slowbro|147/300 psn|[from] item: Leftovers\n|-damage|p1a: Slowbro|110/300 psn|[from] psn\n|-damage|p2a: Toxapex|168/216 brn|[from] brn\n|upkeep\n|turn|40\n|\n|t:|1782900303\n|move|p2a: Toxapex|Liquidation|p1a: Slowbro\n|-resisted|p1a: Slowbro\n|-damage|p1a: Slowbro|98/300 psn\n|move|p1a: Slowbro|Slack Off|p1a: Slowbro\n|-heal|p1a: Slowbro|248/300 psn\n|\n|-heal|p1a: Slowbro|266/300 psn|[from] item: Leftovers\n|-damage|p1a: Slowbro|229/300 psn|[from] psn\n|-damage|p2a: Toxapex|155/216 brn|[from] brn\n|upkeep\n|turn|41\n|\n|t:|1782900310\n|move|p2a: Toxapex|Haze|p2a: Toxapex\n|-clearallboost\n|move|p1a: Slowbro|Body Press|p2a: Toxapex\n|-resisted|p2a: Toxapex\n|-damage|p2a: Toxapex|134/216 brn\n|-damage|p1a: Slowbro|179/300 psn|[from] item: Rocky Helmet|[of] p2a: Toxapex\n|\n|-heal|p1a: Slowbro|197/300 psn|[from] item: Leftovers\n|-damage|p1a: Slowbro|160/300 psn|[from] psn\n|-damage|p2a: Toxapex|121/216 brn|[from] brn\n|upkeep\n|turn|42\n|\n|t:|1782900313\n|move|p2a: Toxapex|Recover|p2a: Toxapex\n|-heal|p2a: Toxapex|216/216 brn\n|move|p1a: Slowbro|Slack Off|p1a: Slowbro\n|-heal|p1a: Slowbro|300/300 psn\n|\n|-damage|p1a: Slowbro|263/300 psn|[from] psn\n|-damage|p2a: Toxapex|203/216 brn|[from] brn\n|upkeep\n|turn|43\n|\n|t:|1782900318\n|move|p2a: Toxapex|Haze|p2a: Toxapex\n|-clearallboost\n|move|p1a: Slowbro|Scald|p2a: Toxapex\n|-resisted|p2a: Toxapex\n|-damage|p2a: Toxapex|172/216 brn\n|\n|-heal|p1a: Slowbro|281/300 psn|[from] item: Leftovers\n|-damage|p1a: Slowbro|244/300 psn|[from] psn\n|-damage|p2a: Toxapex|159/216 brn|[from] brn\n|upkeep\n|turn|44\n|j| ban Freezai\n|l| ban Freezai\n|inactive|gholdengoballs has 120 seconds left.\n|\n|t:|1782900358\n|move|p2a: Toxapex|Liquidation|p1a: Slowbro\n|-resisted|p1a: Slowbro\n|-damage|p1a: Slowbro|231/300 psn\n|move|p1a: Slowbro|Scald|p2a: Toxapex\n|-resisted|p2a: Toxapex\n|-damage|p2a: Toxapex|129/216 brn\n|\n|-heal|p1a: Slowbro|249/300 psn|[from] item: Leftovers\n|-damage|p1a: Slowbro|212/300 psn|[from] psn\n|-damage|p2a: Toxapex|116/216 brn|[from] brn\n|upkeep\n|turn|45\n|\n|t:|1782900363\n|move|p2a: Toxapex|Recover|p2a: Toxapex\n|-heal|p2a: Toxapex|216/216 brn\n|move|p1a: Slowbro|Scald|p2a: Toxapex\n|-resisted|p2a: Toxapex\n|-damage|p2a: Toxapex|186/216 brn\n|\n|-heal|p1a: Slowbro|230/300 psn|[from] item: Leftovers\n|-damage|p1a: Slowbro|193/300 psn|[from] psn\n|-damage|p2a: Toxapex|173/216 brn|[from] brn\n|upkeep\n|turn|46\n|\n|t:|1782900367\n|move|p2a: Toxapex|Liquidation|p1a: Slowbro\n|-resisted|p1a: Slowbro\n|-damage|p1a: Slowbro|181/300 psn\n|move|p1a: Slowbro|Scald|p2a: Toxapex\n|-resisted|p2a: Toxapex\n|-damage|p2a: Toxapex|143/216 brn\n|\n|-heal|p1a: Slowbro|199/300 psn|[from] item: Leftovers\n|-damage|p1a: Slowbro|162/300 psn|[from] psn\n|-damage|p2a: Toxapex|130/216 brn|[from] brn\n|upkeep\n|turn|47\n|\n|t:|1782900371\n|move|p2a: Toxapex|Recover|p2a: Toxapex\n|-heal|p2a: Toxapex|216/216 brn\n|move|p1a: Slowbro|Scald|p2a: Toxapex\n|-resisted|p2a: Toxapex\n|-damage|p2a: Toxapex|181/216 brn\n|\n|-heal|p1a: Slowbro|180/300 psn|[from] item: Leftovers\n|-damage|p1a: Slowbro|143/300 psn|[from] psn\n|-damage|p2a: Toxapex|168/216 brn|[from] brn\n|upkeep\n|turn|48\n|\n|t:|1782900375\n|move|p2a: Toxapex|Liquidation|p1a: Slowbro\n|-resisted|p1a: Slowbro\n|-damage|p1a: Slowbro|131/300 psn\n|move|p1a: Slowbro|Slack Off|p1a: Slowbro\n|-heal|p1a: Slowbro|281/300 psn\n|\n|-heal|p1a: Slowbro|299/300 psn|[from] item: Leftovers\n|-damage|p1a: Slowbro|262/300 psn|[from] psn\n|-damage|p2a: Toxapex|155/216 brn|[from] brn\n|upkeep\n|turn|49\n|\n|t:|1782900379\n|move|p2a: Toxapex|Haze|p2a: Toxapex\n|-clearallboost\n|move|p1a: Slowbro|Scald|p2a: Toxapex\n|-resisted|p2a: Toxapex\n|-damage|p2a: Toxapex|122/216 brn\n|\n|-heal|p1a: Slowbro|280/300 psn|[from] item: Leftovers\n|-damage|p1a: Slowbro|243/300 psn|[from] psn\n|-damage|p2a: Toxapex|109/216 brn|[from] brn\n|upkeep\n|turn|50\n|\n|t:|1782900389\n|move|p2a: Toxapex|Liquidation|p1a: Slowbro\n|-resisted|p1a: Slowbro\n|-damage|p1a: Slowbro|231/300 psn\n|move|p1a: Slowbro|Scald|p2a: Toxapex\n|-resisted|p2a: Toxapex\n|-damage|p2a: Toxapex|78/216 brn\n|\n|-heal|p1a: Slowbro|249/300 psn|[from] item: Leftovers\n|-damage|p1a: Slowbro|212/300 psn|[from] psn\n|-damage|p2a: Toxapex|65/216 brn|[from] brn\n|upkeep\n|turn|51\n|\n|t:|1782900392\n|move|p2a: Toxapex|Liquidation|p1a: Slowbro\n|-resisted|p1a: Slowbro\n|-damage|p1a: Slowbro|200/300 psn\n|move|p1a: Slowbro|Scald|p2a: Toxapex\n|-resisted|p2a: Toxapex\n|-damage|p2a: Toxapex|33/216 brn\n|\n|-heal|p1a: Slowbro|218/300 psn|[from] item: Leftovers\n|-damage|p1a: Slowbro|181/300 psn|[from] psn\n|-damage|p2a: Toxapex|20/216 brn|[from] brn\n|upkeep\n|turn|52\n|\n|t:|1782900393\n|move|p2a: Toxapex|Liquidation|p1a: Slowbro\n|-resisted|p1a: Slowbro\n|-damage|p1a: Slowbro|169/300 psn\n|-unboost|p1a: Slowbro|def|1\n|move|p1a: Slowbro|Scald|p2a: Toxapex\n|-resisted|p2a: Toxapex\n|-damage|p2a: Toxapex|0 fnt\n|faint|p2a: Toxapex\n|\n|win|gholdengoballs\n|raw|gholdengoballs's rating: 2118 &rarr; <strong>2146</strong><br />(+28 for winning)\n|raw|forcemajor14's rating: 2261 &rarr; <strong>2233</strong><br />(-28 for losing)\n", "inputlog": ">version f8ac14003a5f27e1bdc8d8c59608a773c1cb96e5\n>start {\"formatid\":\"gen9randombattle\",\"seed\":\"sodium,88a3b8a8fd873f7a79dd23ebc801f886\",\"rated\":\"Rated battle\"}\n>player p1 {\"name\":\"gholdengoballs\",\"avatar\":\"bea-masters\",\"rating\":2106,\"seed\":\"sodium,26b95484b7d285432ccb1e054a8037b9\"}\n>player p2 {\"name\":\"forcemajor14\",\"avatar\":\"266\",\"rating\":2216,\"seed\":\"sodium,88b5bf50a252ea45e23ef2f57f72e9d2\"}\n>p1 switch 4\n>p2 switch 5\n>p1 move coil\n>p2 move toxicspikes\n>p1 move earthquake\n>p2 move haze\n>p1 move coil\n>p2 switch 4\n>p1 move trailblaze\n>p2 move boomburst terastallize\n>p1 move gunkshot\n>p2 move boomburst\n>p2 switch 3\n>p1 move gunkshot\n>p2 move psychicnoise\n>p1 switch 6\n>p1 move leechlife\n>p2 move knockoff\n>p2 switch 6\n>p1 move leechlife\n>p2 move swordsdance\n>p2 switch 5\n>p1 move earthquake\n>p2 move partingshot\n>p2 switch 4\n>p1 move earthquake\n>p2 switch 4\n>p1 move earthquake\n>p2 move partingshot\n>p2 switch 4\n>p1 switch 3\n>p2 switch 4\n>p1 move psyshock\n>p2 move partingshot\n>p2 switch 2\n>p1 move hypervoice\n>p2 move nastyplot\n>p1 move hypervoice\n>p2 move nastyplot\n>p1 move hypervoice\n>p2 move fireblast\n>p1 switch 3\n>p1 move shadowsneak\n>p2 move fireblast\n>p2 switch 2\n>p1 move earthquake\n>p2 move partingshot\n>p2 switch 4\n>p1 move earthquake\n>p2 switch 4\n>p2 switch 4\n>p1 switch 2\n>p2 move recover\n>p1 move irondefense\n>p2 move liquidation\n>p1 move irondefense\n>p2 move haze\n>p1 move scald\n>p2 move haze\n>p1 move scald\n>p2 move liquidation\n>p1 move scald\n>p2 move liquidation\n>p1 move slackoff\n>p2 move recover\n>p1 move scald\n>p2 move haze\n>p1 move scald\n>p2 move liquidation\n>p1 move scald\n>p2 move liquidation\n>p1 move slackoff\n>p2 move recover\n>p1 move scald\n>p2 move liquidation\n>p1 move irondefense\n>p2 move liquidation\n>p1 move slackoff\n>p2 move haze\n>p1 move scald\n>p2 move haze\n>p1 move scald\n>p2 move liquidation\n>p1 move scald\n>p2 move recover\n>p1 move scald\n>p2 move liquidation\n>p1 move scald\n>p2 move recover\n>p1 move slackoff\n>p2 move liquidation\n>p1 move bodypress\n>p2 move haze\n>p1 move slackoff\n>p2 move recover\n>p1 move scald\n>p2 move haze\n>p1 move scald\n>p2 move liquidation\n>p1 move scald\n>p2 move recover\n>p1 move scald\n>p2 move liquidation\n>p1 move scald\n>p2 move recover\n>p1 move slackoff\n>p2 move liquidation\n>p1 move scald\n>p2 move haze\n>p1 move scald\n>p2 move liquidation\n>p1 move scald\n>p2 move liquidation\n>p1 move scald\n>p2 move liquidation", "uploadtime": 1782900394, "views": 3, "formatid": "gen9randombattle", "rating": 2146, "private": 0, "password": null, "player_dets": [{"name": "gholdengoballs", "avatar": "bea-masters", "rating": 2106, "seed": "sodium,26b95484b7d285432ccb1e054a8037b9"}, {"name": "forcemajor14", "avatar": "266", "rating": 2216, "seed": "sodium,88b5bf50a252ea45e23ef2f57f72e9d2"}], "teams_full": [{"Scrafty": {"name": "Scrafty", "species": "Scrafty", "speciesId": "scrafty", "gender": "M", "shiny": false, "level": 83, "moves": ["knockoff", "drainpunch", "poisonjab", "dragondance"], "ability": "Intimidate", "evs": {"hp": 85, "atk": 85, "def": 85, "spa": 85, "spd": 85, "spe": 85}, "ivs": {"hp": 31, "atk": 31, "def": 31, "spa": 31, "spd": 31, "spe": 31}, "item": "Leftovers", "teraType": "Poison", "role": "Bulky Attacker", "bvs": {"hp": 65, "atk": 90, "def": 115, "spa": 45, "spd": 115, "spe": 58}, "stats": {"hp": 244, "atk": 197, "def": 239, "spa": 122, "spd": 239, "spe": 144}, "types": ["Dark", "Fighting"]}, "Slowbro": {"name": "Slowbro", "species": "Slowbro", "speciesId": "slowbro", "gender": "F", "shiny": false, "level": 85, "moves": ["bodypress", "slackoff", "scald", "irondefense"], "ability": "Regenerator", "evs": {"hp": 85, "atk": 0, "def": 85, "spa": 85, "spd": 85, "spe": 85}, "ivs": {"hp": 31, "atk": 0, "def": 31, "spa": 31, "spd": 31, "spe": 31}, "item": "Leftovers", "teraType": "Fighting", "role": "Bulky Setup", "bvs": {"hp": 95, "atk": 75, "def": 110, "spa": 100, "spd": 80, "spe": 30}, "stats": {"hp": 300, "atk": 132, "def": 236, "spa": 219, "spd": 185, "spe": 100}, "types": ["Water", "Psychic"]}, "Meloetta": {"name": "Meloetta", "species": "Meloetta", "speciesId": "meloetta", "gender": "N", "shiny": false, "level": 82, "moves": ["calmmind", "focusblast", "psyshock", "hypervoice"], "ability": "Serene Grace", "evs": {"hp": 85, "atk": 0, "def": 85, "spa": 85, "spd": 85, "spe": 85}, "ivs": {"hp": 31, "atk": 0, "def": 31, "spa": 31, "spd": 31, "spe": 31}, "item": "Leftovers", "teraType": "Psychic", "role": "Bulky Attacker", "bvs": {"hp": 100, "atk": 77, "def": 77, "spa": 128, "spd": 128, "spe": 90}, "stats": {"hp": 298, "atk": 131, "def": 173, "spa": 257, "spd": 257, "spe": 195}, "types": ["Normal", "Psychic"]}, "Arbok": {"name": "Arbok", "species": "Arbok", "speciesId": "arbok", "gender": "F", "shiny": false, "level": 87, "moves": ["coil", "gunkshot", "earthquake", "trailblaze"], "ability": "Intimidate", "evs": {"hp": 85, "atk": 85, "def": 85, "spa": 85, "spd": 85, "spe": 85}, "ivs": {"hp": 31, "atk": 31, "def": 31, "spa": 31, "spd": 31, "spe": 31}, "item": "Leftovers", "teraType": "Ground", "role": "Bulky Setup", "bvs": {"hp": 60, "atk": 95, "def": 69, "spa": 65, "spd": 79, "spe": 80}, "stats": {"hp": 246, "atk": 215, "def": 170, "spa": 163, "spd": 187, "spe": 189}, "types": ["Poison"]}, "Salamence": {"name": "Salamence", "species": "Salamence", "speciesId": "salamence", "gender": "F", "shiny": false, "level": 77, "moves": ["earthquake", "dragondance", "outrage", "dualwingbeat"], "ability": "Intimidate", "evs": {"hp": 85, "atk": 85, "def": 85, "spa": 85, "spd": 85, "spe": 85}, "ivs": {"hp": 31, "atk": 31, "def": 31, "spa": 31, "spd": 31, "spe": 31}, "item": "Heavy-Duty Boots", "teraType": "Steel", "role": "Setup Sweeper", "bvs": {"hp": 95, "atk": 135, "def": 80, "spa": 110, "spd": 80, "spe": 100}, "stats": {"hp": 273, "atk": 252, "def": 168, "spa": 214, "spd": 168, "spe": 199}, "types": ["Dragon", "Flying"]}, "Dusknoir": {"name": "Dusknoir", "species": "Dusknoir", "speciesId": "dusknoir", "gender": "F", "shiny": false, "level": 89, "moves": ["earthquake", "leechlife", "shadowsneak", "poltergeist"], "ability": "Frisk", "evs": {"hp": 85, "atk": 85, "def": 85, "spa": 85, "spd": 85, "spe": 85}, "ivs": {"hp": 31, "atk": 31, "def": 31, "spa": 31, "spd": 31, "spe": 31}, "item": "Choice Band", "teraType": "Ground", "role": "Wallbreaker", "bvs": {"hp": 45, "atk": 100, "def": 135, "spa": 65, "spd": 135, "spe": 45}, "stats": {"hp": 225, "atk": 229, "def": 291, "spa": 166, "spd": 291, "spe": 131}, "types": ["Ghost"]}}, {"Grafaiai": {"name": "Grafaiai", "species": "Grafaiai", "speciesId": "grafaiai", "gender": "M", "shiny": false, "level": 86, "moves": ["knockoff", "gunkshot", "partingshot", "encore"], "ability": "Prankster", "evs": {"hp": 85, "atk": 85, "def": 85, "spa": 85, "spd": 85, "spe": 85}, "ivs": {"hp": 31, "atk": 31, "def": 31, "spa": 31, "spd": 31, "spe": 31}, "item": "Heavy-Duty Boots", "teraType": "Dark", "role": "Fast Support", "bvs": {"hp": 63, "atk": 95, "def": 65, "spa": 80, "spd": 72, "spe": 110}, "stats": {"hp": 249, "atk": 213, "def": 161, "spa": 187, "spd": 173, "spe": 238}, "types": ["Poison", "Normal"]}, "Delphox": {"name": "Delphox", "species": "Delphox", "speciesId": "delphox", "gender": "F", "shiny": false, "level": 84, "moves": ["fireblast", "grassknot", "nastyplot", "psyshock"], "ability": "Blaze", "evs": {"hp": 85, "atk": 0, "def": 85, "spa": 85, "spd": 85, "spe": 85}, "ivs": {"hp": 31, "atk": 0, "def": 31, "spa": 31, "spd": 31, "spe": 31}, "item": "Heavy-Duty Boots", "teraType": "Fire", "role": "Fast Attacker", "bvs": {"hp": 75, "atk": 69, "def": 72, "spa": 114, "spd": 100, "spe": 104}, "stats": {"hp": 263, "atk": 120, "def": 169, "spa": 240, "spd": 216, "spe": 223}, "types": ["Fire", "Psychic"]}, "Mesprit": {"name": "Mesprit", "species": "Mesprit", "speciesId": "mesprit", "gender": "N", "shiny": false, "level": 85, "moves": ["knockoff", "psychicnoise", "uturn", "drainpunch"], "ability": "Levitate", "evs": {"hp": 85, "atk": 85, "def": 85, "spa": 85, "spd": 85, "spe": 85}, "ivs": {"hp": 31, "atk": 31, "def": 31, "spa": 31, "spd": 31, "spe": 31}, "item": "Assault Vest", "teraType": "Fighting", "role": "Bulky Attacker", "bvs": {"hp": 80, "atk": 105, "def": 105, "spa": 105, "spd": 105, "spe": 80}, "stats": {"hp": 275, "atk": 227, "def": 227, "spa": 227, "spd": 227, "spe": 185}, "types": ["Psychic"]}, "Noivern": {"name": "Noivern", "species": "Noivern", "speciesId": "noivern", "gender": "F", "shiny": false, "level": 82, "moves": ["uturn", "dracometeor", "hurricane", "boomburst"], "ability": "Infiltrator", "evs": {"hp": 85, "atk": 85, "def": 85, "spa": 85, "spd": 85, "spe": 85}, "ivs": {"hp": 31, "atk": 31, "def": 31, "spa": 31, "spd": 31, "spe": 31}, "item": "Choice Specs", "teraType": "Normal", "role": "Fast Attacker", "bvs": {"hp": 85, "atk": 70, "def": 80, "spa": 97, "spd": 80, "spe": 123}, "stats": {"hp": 274, "atk": 162, "def": 178, "spa": 206, "spd": 178, "spe": 249}, "types": ["Flying", "Dragon"]}, "Toxapex": {"name": "Toxapex", "species": "Toxapex", "speciesId": "toxapex", "gender": "M", "shiny": false, "level": 82, "moves": ["liquidation", "toxicspikes", "recover", "haze"], "ability": "Regenerator", "evs": {"hp": 85, "atk": 85, "def": 85, "spa": 85, "spd": 85, "spe": 85}, "ivs": {"hp": 31, "atk": 31, "def": 31, "spa": 31, "spd": 31, "spe": 31}, "item": "Rocky Helmet", "teraType": "Flying", "role": "Bulky Support", "bvs": {"hp": 50, "atk": 63, "def": 152, "spa": 53, "spd": 142, "spe": 35}, "stats": {"hp": 216, "atk": 150, "def": 296, "spa": 134, "spd": 280, "spe": 105}, "types": ["Poison", "Water"]}, "Zarude": {"name": "Zarude", "species": "Zarude", "speciesId": "zarude", "gender": "N", "shiny": false, "level": 77, "moves": ["closecombat", "powerwhip", "knockoff", "swordsdance"], "ability": "Leaf Guard", "evs": {"hp": 85, "atk": 85, "def": 85, "spa": 85, "spd": 85, "spe": 85}, "ivs": {"hp": 31, "atk": 31, "def": 31, "spa": 31, "spd": 31, "spe": 31}, "item": "Life Orb", "teraType": "Fighting", "role": "Fast Bulky Setup", "bvs": {"hp": 105, "atk": 120, "def": 105, "spa": 70, "spd": 95, "spe": 105}, "stats": {"hp": 288, "atk": 229, "def": 206, "spa": 152, "spd": 191, "spe": 206}, "types": ["Dark", "Grass"]}}]}