{"id": "gen9randombattle-2641880036", "format": "[Gen 9] Random Battle", "players": ["IceColdAcer", "renner-renner"], "log": "|j|\u2606IceColdAcer\n|j|\u2606renner-renner\n|t:|1782853020\n|gametype|singles\n|player|p1|IceColdAcer|acetrainer|2008\n|player|p2|renner-renner|266|2033\n|gen|9\n|tier|[Gen 9] Random Battle\n|rated|\n|rule|Species Clause: Limit one of each Pok\u00e9mon\n|rule|HP Percentage Mod: HP is shown in percentages\n|rule|Sleep Clause Mod: Limit one foe put to sleep\n|rule|Illusion Level Mod: Illusion disguises the Pok\u00e9mon's true level\n|\n|t:|1782853020\n|teamsize|p1|6\n|teamsize|p2|6\n|start\n|switch|p1a: Slither Wing|Slither Wing, L81|270/270\n|switch|p2a: Plusle|Plusle, L95, M|268/268\n|turn|1\n|\n|t:|1782853047\n|switch|p2a: Gliscor|Gliscor, L76, F|239/239\n|move|p1a: Slither Wing|U-turn|p2a: Gliscor\n|-resisted|p2a: Gliscor\n|-damage|p2a: Gliscor|203/239\n|\n|t:|1782853054\n|-end|p1a: Slither Wing|Protosynthesis|[silent]\n|switch|p1a: Whiscash|Whiscash, L88, F|337/337|[from] U-turn\n|\n|-status|p2a: Gliscor|tox|[from] item: Toxic Orb\n|upkeep\n|turn|2\n|\n|t:|1782853076\n|switch|p2a: Reuniclus|Reuniclus, L88, F|337/337\n|move|p1a: Whiscash|Spikes|p2a: Reuniclus\n|-sidestart|p2: renner-renner|Spikes\n|\n|upkeep\n|turn|3\n|\n|t:|1782853083\n|move|p1a: Whiscash|Spikes|p2a: Reuniclus\n|-sidestart|p2: renner-renner|Spikes\n|move|p2a: Reuniclus|Calm Mind|p2a: Reuniclus\n|-boost|p2a: Reuniclus|spa|1\n|-boost|p2a: Reuniclus|spd|1\n|\n|upkeep\n|turn|4\n|\n|t:|1782853089\n|move|p1a: Whiscash|Earthquake|p2a: Reuniclus\n|-damage|p2a: Reuniclus|232/337\n|move|p2a: Reuniclus|Psyshock|p1a: Whiscash\n|-damage|p1a: Whiscash|94/337\n|\n|-heal|p1a: Whiscash|115/337|[from] item: Leftovers\n|upkeep\n|turn|5\n|\n|t:|1782853097\n|move|p1a: Whiscash|Earthquake|p2a: Reuniclus\n|-damage|p2a: Reuniclus|118/337\n|move|p2a: Reuniclus|Psyshock|p1a: Whiscash\n|-damage|p1a: Whiscash|0 fnt\n|faint|p1a: Whiscash\n|\n|upkeep\n|\n|t:|1782853102\n|switch|p1a: Slither Wing|Slither Wing, L81|270/270\n|turn|6\n|\n|t:|1782853115\n|move|p1a: Slither Wing|Flare Blitz|p2a: Reuniclus\n|-damage|p2a: Reuniclus|0 fnt\n|faint|p2a: Reuniclus\n|-damage|p1a: Slither Wing|231/270|[from] Recoil\n|\n|upkeep\n|\n|t:|1782853133\n|switch|p2a: Froslass|Froslass, L87, F|263/263\n|-damage|p2a: Froslass|220/263|[from] Spikes\n|turn|7\n|\n|t:|1782853138\n|move|p1a: Slither Wing|Flare Blitz|p2a: Froslass\n|-supereffective|p2a: Froslass\n|-damage|p2a: Froslass|0 fnt\n|faint|p2a: Froslass\n|-damage|p1a: Slither Wing|158/270|[from] Recoil\n|\n|upkeep\n|\n|t:|1782853156\n|switch|p2a: Piloswine|Piloswine, L85, M|309/309\n|-damage|p2a: Piloswine|258/309|[from] Spikes\n|turn|8\n|\n|t:|1782853166\n|-end|p1a: Slither Wing|Protosynthesis|[silent]\n|switch|p1a: Luvdisc|Luvdisc, M|247/247\n|move|p2a: Piloswine|Icicle Crash|p1a: Luvdisc\n|-resisted|p1a: Luvdisc\n|-damage|p1a: Luvdisc|190/247\n|\n|upkeep\n|turn|9\n|\n|t:|1782853174\n|move|p1a: Luvdisc|Surf|p2a: Piloswine\n|-supereffective|p2a: Piloswine\n|-damage|p2a: Piloswine|126/309\n|move|p2a: Piloswine|Roar|p1a: Luvdisc\n|drag|p1a: Lunala|Lunala, L70|308/308\n|\n|upkeep\n|turn|10\n|\n|t:|1782853183\n|move|p1a: Lunala|Focus Blast|p2a: Piloswine|[miss]\n|-miss|p1a: Lunala|p2a: Piloswine\n|move|p2a: Piloswine|Roar|p1a: Lunala\n|drag|p1a: Rabsca|Rabsca, L91, M|284/284\n|\n|upkeep\n|turn|11\n|\n|t:|1782853192\n|move|p2a: Piloswine|Icicle Crash|p1a: Rabsca\n|-damage|p1a: Rabsca|194/284\n|cant|p1a: Rabsca|flinch\n|\n|upkeep\n|turn|12\n|\n|t:|1782853199\n|switch|p1a: Luvdisc|Luvdisc, M|190/247\n|move|p2a: Piloswine|Icicle Crash|p1a: Luvdisc\n|-resisted|p1a: Luvdisc\n|-damage|p1a: Luvdisc|131/247\n|\n|upkeep\n|turn|13\n|\n|t:|1782853206\n|move|p1a: Luvdisc|Surf|p2a: Piloswine\n|-supereffective|p2a: Piloswine\n|-damage|p2a: Piloswine|0 fnt\n|faint|p2a: Piloswine\n|\n|upkeep\n|\n|t:|1782853223\n|switch|p2a: Sylveon|Sylveon, L85, M|300/300\n|-damage|p2a: Sylveon|250/300|[from] Spikes\n|turn|14\n|\n|t:|1782853230\n|move|p1a: Luvdisc|Substitute|p1a: Luvdisc\n|-start|p1a: Luvdisc|Substitute\n|-damage|p1a: Luvdisc|70/247\n|move|p2a: Sylveon|Calm Mind|p2a: Sylveon\n|-boost|p2a: Sylveon|spa|1\n|-boost|p2a: Sylveon|spd|1\n|\n|-heal|p2a: Sylveon|268/300|[from] item: Leftovers\n|upkeep\n|turn|15\n|\n|t:|1782853239\n|move|p1a: Luvdisc|Endeavor|p2a: Sylveon\n|-damage|p2a: Sylveon|70/300\n|move|p2a: Sylveon|Wish|p2a: Sylveon\n|\n|-heal|p2a: Sylveon|88/300|[from] item: Leftovers\n|upkeep\n|turn|16\n|\n|t:|1782853265\n|move|p1a: Luvdisc|Flip Turn|p2a: Sylveon\n|-damage|p2a: Sylveon|39/300\n|\n|t:|1782853274\n|switch|p1a: Groudon|Groudon, L72|263/263|[from] Flip Turn\n|-weather|SunnyDay|[from] ability: Drought|[of] p1a: Groudon\n|move|p2a: Sylveon|Hyper Voice|p1a: Groudon\n|-damage|p1a: Groudon|46/263\n|\n|-weather|SunnyDay|[upkeep]\n|-heal|p2a: Sylveon|189/300|[from] move: Wish|[wisher] Sylveon\n|-heal|p1a: Groudon|62/263|[from] item: Leftovers\n|-heal|p2a: Sylveon|207/300|[from] item: Leftovers\n|upkeep\n|turn|17\n|\n|t:|1782853290\n|-terastallize|p1a: Groudon|Fire\n|move|p2a: Sylveon|Protect|p2a: Sylveon\n|-singleturn|p2a: Sylveon|Protect\n|move|p1a: Groudon|Heat Crash|p2a: Sylveon\n|-activate|p2a: Sylveon|move: Protect\n|\n|-weather|SunnyDay|[upkeep]\n|-heal|p1a: Groudon|78/263|[from] item: Leftovers\n|-heal|p2a: Sylveon|225/300|[from] item: Leftovers\n|upkeep\n|turn|18\n|\n|t:|1782853302\n|switch|p2a: Gliscor|Gliscor, L76, F|203/239 tox\n|move|p1a: Groudon|Heat Crash|p2a: Gliscor\n|-damage|p2a: Gliscor|37/239 tox\n|\n|-weather|SunnyDay|[upkeep]\n|-heal|p1a: Groudon|94/263|[from] item: Leftovers\n|-heal|p2a: Gliscor|66/239 tox|[from] ability: Poison Heal\n|upkeep\n|turn|19\n|\n|t:|1782853314\n|switch|p1a: Slither Wing|Slither Wing, L81|158/270\n|-activate|p1a: Slither Wing|ability: Protosynthesis\n|-start|p1a: Slither Wing|protosynthesisatk\n|move|p2a: Gliscor|Earthquake|p1a: Slither Wing\n|-resisted|p1a: Slither Wing\n|-damage|p1a: Slither Wing|114/270\n|\n|-weather|SunnyDay|[upkeep]\n|-heal|p2a: Gliscor|95/239 tox|[from] ability: Poison Heal\n|upkeep\n|turn|20\n|\n|t:|1782853324\n|move|p2a: Gliscor|Protect|p2a: Gliscor\n|-singleturn|p2a: Gliscor|Protect\n|move|p1a: Slither Wing|Flare Blitz|p2a: Gliscor\n|-activate|p2a: Gliscor|move: Protect\n|\n|-weather|none\n|-end|p1a: Slither Wing|Protosynthesis\n|-heal|p2a: Gliscor|124/239 tox|[from] ability: Poison Heal\n|upkeep\n|turn|21\n|\n|t:|1782853344\n|move|p1a: Slither Wing|Flare Blitz|p2a: Gliscor\n|-damage|p2a: Gliscor|42/239 tox\n|-damage|p1a: Slither Wing|87/270|[from] Recoil\n|move|p2a: Gliscor|Knock Off|p1a: Slither Wing\n|-resisted|p1a: Slither Wing\n|-damage|p1a: Slither Wing|58/270\n|-enditem|p1a: Slither Wing|Choice Scarf|[from] move: Knock Off|[of] p2a: Gliscor\n|\n|-heal|p2a: Gliscor|71/239 tox|[from] ability: Poison Heal\n|upkeep\n|turn|22\n|\n|t:|1782853354\n|-end|p1a: Slither Wing|Protosynthesis|[silent]\n|switch|p1a: Rabsca|Rabsca, L91, M|194/284\n|move|p2a: Gliscor|Protect||[still]\n|-fail|p2a: Gliscor\n|\n|-heal|p2a: Gliscor|100/239 tox|[from] ability: Poison Heal\n|upkeep\n|turn|23\n|\n|t:|1782853363\n|move|p2a: Gliscor|Knock Off|p1a: Rabsca\n|-supereffective|p1a: Rabsca\n|-damage|p1a: Rabsca|78/284\n|-enditem|p1a: Rabsca|Heavy-Duty Boots|[from] move: Knock Off|[of] p2a: Gliscor\n|move|p1a: Rabsca|Psychic|p2a: Gliscor\n|-damage|p2a: Gliscor|0 fnt\n|faint|p2a: Gliscor\n|\n|upkeep\n|\n|t:|1782853373\n|switch|p2a: Plusle|Plusle, L95, M|268/268\n|-damage|p2a: Plusle|224/268|[from] Spikes\n|turn|24\n|\n|t:|1782853383\n|move|p2a: Plusle|Thunderbolt|p1a: Rabsca\n|-damage|p1a: Rabsca|0 fnt\n|faint|p1a: Rabsca\n|-damage|p2a: Plusle|198/268|[from] item: Life Orb\n|\n|upkeep\n|\n|t:|1782853395\n|switch|p1a: Lunala|Lunala, L70|308/308\n|turn|25\n|\n|t:|1782853414\n|move|p2a: Plusle|Thunderbolt|p1a: Lunala\n|-damage|p1a: Lunala|239/308\n|-damage|p2a: Plusle|172/268|[from] item: Life Orb\n|move|p1a: Lunala|Moongeist Beam|p2a: Plusle\n|-damage|p2a: Plusle|76/268\n|\n|-heal|p1a: Lunala|258/308|[from] item: Leftovers\n|upkeep\n|turn|26\n|\n|t:|1782853425\n|switch|p2a: Sylveon|Sylveon, L85, M|225/300\n|-damage|p2a: Sylveon|175/300|[from] Spikes\n|move|p1a: Lunala|Moongeist Beam|p2a: Sylveon\n|-damage|p2a: Sylveon|103/300\n|\n|-heal|p1a: Lunala|277/308|[from] item: Leftovers\n|-heal|p2a: Sylveon|121/300|[from] item: Leftovers\n|upkeep\n|turn|27\n|\n|t:|1782853435\n|move|p1a: Lunala|Calm Mind|p1a: Lunala\n|-boost|p1a: Lunala|spa|1\n|-boost|p1a: Lunala|spd|1\n|move|p2a: Sylveon|Wish|p2a: Sylveon\n|\n|-heal|p1a: Lunala|296/308|[from] item: Leftovers\n|-heal|p2a: Sylveon|139/300|[from] item: Leftovers\n|upkeep\n|turn|28\n|\n|t:|1782853443\n|move|p1a: Lunala|Calm Mind|p1a: Lunala\n|-boost|p1a: Lunala|spa|1\n|-boost|p1a: Lunala|spd|1\n|move|p2a: Sylveon|Hyper Voice|p1a: Lunala\n|-damage|p1a: Lunala|230/308\n|\n|-heal|p2a: Sylveon|289/300|[from] move: Wish|[wisher] Sylveon\n|-heal|p1a: Lunala|249/308|[from] item: Leftovers\n|-heal|p2a: Sylveon|300/300|[from] item: Leftovers\n|upkeep\n|turn|29\n|\n|t:|1782853453\n|move|p1a: Lunala|Moongeist Beam|p2a: Sylveon\n|-damage|p2a: Sylveon|161/300\n|move|p2a: Sylveon|Calm Mind|p2a: Sylveon\n|-boost|p2a: Sylveon|spa|1\n|-boost|p2a: Sylveon|spd|1\n|\n|-heal|p1a: Lunala|268/308|[from] item: Leftovers\n|-heal|p2a: Sylveon|179/300|[from] item: Leftovers\n|upkeep\n|turn|30\n|\n|t:|1782853465\n|move|p1a: Lunala|Calm Mind|p1a: Lunala\n|-boost|p1a: Lunala|spa|1\n|-boost|p1a: Lunala|spd|1\n|move|p2a: Sylveon|Wish|p2a: Sylveon\n|\n|-heal|p1a: Lunala|287/308|[from] item: Leftovers\n|-heal|p2a: Sylveon|197/300|[from] item: Leftovers\n|upkeep\n|turn|31\n|\n|t:|1782853472\n|move|p1a: Lunala|Calm Mind|p1a: Lunala\n|-boost|p1a: Lunala|spa|1\n|-boost|p1a: Lunala|spd|1\n|move|p2a: Sylveon|Hyper Voice|p1a: Lunala\n|-damage|p1a: Lunala|218/308\n|\n|-heal|p2a: Sylveon|300/300|[from] move: Wish|[wisher] Sylveon\n|-heal|p1a: Lunala|237/308|[from] item: Leftovers\n|upkeep\n|turn|32\n|\n|t:|1782853481\n|move|p1a: Lunala|Calm Mind|p1a: Lunala\n|-boost|p1a: Lunala|spa|1\n|-boost|p1a: Lunala|spd|1\n|move|p2a: Sylveon|Calm Mind|p2a: Sylveon\n|-boost|p2a: Sylveon|spa|1\n|-boost|p2a: Sylveon|spd|1\n|\n|-heal|p1a: Lunala|256/308|[from] item: Leftovers\n|upkeep\n|turn|33\n|\n|t:|1782853488\n|move|p1a: Lunala|Moongeist Beam|p2a: Sylveon\n|-damage|p2a: Sylveon|179/300\n|move|p2a: Sylveon|Calm Mind|p2a: Sylveon\n|-boost|p2a: Sylveon|spa|1\n|-boost|p2a: Sylveon|spd|1\n|\n|-heal|p1a: Lunala|275/308|[from] item: Leftovers\n|-heal|p2a: Sylveon|197/300|[from] item: Leftovers\n|upkeep\n|turn|34\n|\n|t:|1782853497\n|move|p1a: Lunala|Calm Mind|p1a: Lunala\n|-boost|p1a: Lunala|spa|1\n|-boost|p1a: Lunala|spd|1\n|move|p2a: Sylveon|Wish|p2a: Sylveon\n|\n|-heal|p1a: Lunala|294/308|[from] item: Leftovers\n|-heal|p2a: Sylveon|215/300|[from] item: Leftovers\n|upkeep\n|turn|35\n|\n|t:|1782853517\n|move|p1a: Lunala|Moongeist Beam|p2a: Sylveon\n|-damage|p2a: Sylveon|106/300\n|move|p2a: Sylveon|Hyper Voice|p1a: Lunala\n|-damage|p1a: Lunala|207/308\n|\n|-heal|p2a: Sylveon|256/300|[from] move: Wish|[wisher] Sylveon\n|-heal|p1a: Lunala|226/308|[from] item: Leftovers\n|-heal|p2a: Sylveon|274/300|[from] item: Leftovers\n|upkeep\n|turn|36\n|\n|t:|1782853527\n|move|p1a: Lunala|Moongeist Beam|p2a: Sylveon\n|-damage|p2a: Sylveon|165/300\n|move|p2a: Sylveon|Calm Mind|p2a: Sylveon\n|-boost|p2a: Sylveon|spa|1\n|-boost|p2a: Sylveon|spd|1\n|\n|-heal|p1a: Lunala|245/308|[from] item: Leftovers\n|-heal|p2a: Sylveon|183/300|[from] item: Leftovers\n|upkeep\n|turn|37\n|\n|t:|1782853537\n|move|p2a: Sylveon|Protect|p2a: Sylveon\n|-singleturn|p2a: Sylveon|Protect\n|move|p1a: Lunala|Moongeist Beam|p2a: Sylveon\n|-activate|p2a: Sylveon|move: Protect\n|\n|-heal|p1a: Lunala|264/308|[from] item: Leftovers\n|-heal|p2a: Sylveon|201/300|[from] item: Leftovers\n|upkeep\n|turn|38\n|\n|t:|1782853548\n|move|p1a: Lunala|Focus Blast|p2a: Sylveon|[miss]\n|-miss|p1a: Lunala|p2a: Sylveon\n|move|p2a: Sylveon|Wish|p2a: Sylveon\n|\n|-heal|p1a: Lunala|283/308|[from] item: Leftovers\n|-heal|p2a: Sylveon|219/300|[from] item: Leftovers\n|upkeep\n|turn|39\n|\n|t:|1782853554\n|move|p1a: Lunala|Calm Mind|p1a: Lunala\n|-boost|p1a: Lunala|spa|0\n|-boost|p1a: Lunala|spd|0\n|move|p2a: Sylveon|Hyper Voice|p1a: Lunala\n|-damage|p1a: Lunala|174/308\n|\n|-heal|p2a: Sylveon|300/300|[from] move: Wish|[wisher] Sylveon\n|-heal|p1a: Lunala|193/308|[from] item: Leftovers\n|upkeep\n|turn|40\n|\n|t:|1782853564\n|move|p1a: Lunala|Focus Blast|p2a: Sylveon\n|-resisted|p2a: Sylveon\n|-damage|p2a: Sylveon|263/300\n|move|p2a: Sylveon|Calm Mind|p2a: Sylveon\n|-boost|p2a: Sylveon|spa|1\n|-boost|p2a: Sylveon|spd|1\n|\n|-heal|p1a: Lunala|212/308|[from] item: Leftovers\n|-heal|p2a: Sylveon|281/300|[from] item: Leftovers\n|upkeep\n|turn|41\n|\n|t:|1782853572\n|move|p1a: Lunala|Calm Mind|p1a: Lunala\n|-boost|p1a: Lunala|spa|0\n|-boost|p1a: Lunala|spd|0\n|move|p2a: Sylveon|Calm Mind|p2a: Sylveon\n|-boost|p2a: Sylveon|spa|1\n|-boost|p2a: Sylveon|spd|1\n|\n|-heal|p1a: Lunala|231/308|[from] item: Leftovers\n|-heal|p2a: Sylveon|299/300|[from] item: Leftovers\n|upkeep\n|turn|42\n|\n|t:|1782853580\n|move|p1a: Lunala|Calm Mind|p1a: Lunala\n|-boost|p1a: Lunala|spa|0\n|-boost|p1a: Lunala|spd|0\n|move|p2a: Sylveon|Hyper Voice|p1a: Lunala\n|-damage|p1a: Lunala|96/308\n|\n|-heal|p1a: Lunala|115/308|[from] item: Leftovers\n|-heal|p2a: Sylveon|300/300|[from] item: Leftovers\n|upkeep\n|turn|43\n|\n|t:|1782853588\n|move|p1a: Lunala|Moonlight|p1a: Lunala\n|-heal|p1a: Lunala|269/308\n|move|p2a: Sylveon|Hyper Voice|p1a: Lunala\n|-damage|p1a: Lunala|137/308\n|\n|-heal|p1a: Lunala|156/308|[from] item: Leftovers\n|upkeep\n|turn|44\n|\n|t:|1782853595\n|move|p1a: Lunala|Moonlight|p1a: Lunala\n|-heal|p1a: Lunala|308/308\n|move|p2a: Sylveon|Hyper Voice|p1a: Lunala\n|-damage|p1a: Lunala|241/308\n|\n|-heal|p1a: Lunala|260/308|[from] item: Leftovers\n|upkeep\n|turn|45\n|\n|t:|1782853612\n|move|p1a: Lunala|Calm Mind|p1a: Lunala\n|-boost|p1a: Lunala|spa|0\n|-boost|p1a: Lunala|spd|0\n|move|p2a: Sylveon|Hyper Voice|p1a: Lunala\n|-damage|p1a: Lunala|125/308\n|\n|-heal|p1a: Lunala|144/308|[from] item: Leftovers\n|upkeep\n|turn|46\n|\n|t:|1782853623\n|move|p1a: Lunala|Moonlight|p1a: Lunala\n|-heal|p1a: Lunala|298/308\n|move|p2a: Sylveon|Hyper Voice|p1a: Lunala\n|-damage|p1a: Lunala|156/308\n|\n|-heal|p1a: Lunala|175/308|[from] item: Leftovers\n|upkeep\n|turn|47\n|\n|t:|1782853633\n|move|p1a: Lunala|Moonlight|p1a: Lunala\n|-heal|p1a: Lunala|308/308\n|move|p2a: Sylveon|Hyper Voice|p1a: Lunala\n|-crit|p1a: Lunala\n|-damage|p1a: Lunala|0 fnt\n|faint|p1a: Lunala\n|\n|upkeep\n|\n|t:|1782853645\n|switch|p1a: Luvdisc|Luvdisc, M|70/247\n|turn|48\n|\n|t:|1782853651\n|move|p1a: Luvdisc|Endeavor|p2a: Sylveon\n|-damage|p2a: Sylveon|70/300\n|move|p2a: Sylveon|Hyper Voice|p1a: Luvdisc\n|-damage|p1a: Luvdisc|0 fnt\n|faint|p1a: Luvdisc\n|\n|-heal|p2a: Sylveon|88/300|[from] item: Leftovers\n|upkeep\n|\n|t:|1782853657\n|switch|p1a: Groudon|Groudon, L72, tera:Fire|94/263\n|-weather|SunnyDay|[from] ability: Drought|[of] p1a: Groudon\n|turn|49\n|\n|t:|1782853669\n|move|p2a: Sylveon|Protect|p2a: Sylveon\n|-singleturn|p2a: Sylveon|Protect\n|move|p1a: Groudon|Heat Crash|p2a: Sylveon\n|-activate|p2a: Sylveon|move: Protect\n|\n|-weather|SunnyDay|[upkeep]\n|-heal|p1a: Groudon|110/263|[from] item: Leftovers\n|-heal|p2a: Sylveon|106/300|[from] item: Leftovers\n|upkeep\n|turn|50\n|\n|t:|1782853682\n|move|p1a: Groudon|Heat Crash|p2a: Sylveon\n|-damage|p2a: Sylveon|0 fnt\n|faint|p2a: Sylveon\n|\n|-weather|SunnyDay|[upkeep]\n|-heal|p1a: Groudon|126/263|[from] item: Leftovers\n|upkeep\n|\n|t:|1782853688\n|switch|p2a: Plusle|Plusle, L95, M|76/268\n|-damage|p2a: Plusle|32/268|[from] Spikes\n|turn|51\n|\n|t:|1782853696\n|move|p2a: Plusle|Thunderbolt|p1a: Groudon\n|-damage|p1a: Groudon|0 fnt\n|faint|p1a: Groudon\n|-damage|p2a: Plusle|6/268|[from] item: Life Orb\n|\n|-weather|SunnyDay|[upkeep]\n|upkeep\n|\n|t:|1782853699\n|switch|p1a: Slither Wing|Slither Wing, L81|58/270\n|-activate|p1a: Slither Wing|ability: Protosynthesis\n|-start|p1a: Slither Wing|protosynthesisatk\n|turn|52\n|\n|t:|1782853707\n|move|p2a: Plusle|Thunderbolt|p1a: Slither Wing\n|-damage|p1a: Slither Wing|0 fnt\n|faint|p1a: Slither Wing\n|-end|p1a: Slither Wing|Protosynthesis|[silent]\n|-damage|p2a: Plusle|0 fnt|[from] item: Life Orb\n|faint|p2a: Plusle\n|\n|win|renner-renner\n|raw|IceColdAcer's rating: 2008 &rarr; <strong>1989</strong><br />(-19 for losing)\n|raw|renner-renner's rating: 2033 &rarr; <strong>2052</strong><br />(+19 for winning)\n", "inputlog": ">version f8ac14003a5f27e1bdc8d8c59608a773c1cb96e5\n>start {\"formatid\":\"gen9randombattle\",\"seed\":\"sodium,6c690309b0732ca45ba270929bcae014\",\"rated\":\"Rated battle\"}\n>player p1 {\"name\":\"IceColdAcer\",\"avatar\":\"acetrainer\",\"rating\":2008,\"seed\":\"sodium,5eeae144575c5fe3fc2463eda83fa831\"}\n>player p2 {\"name\":\"renner-renner\",\"avatar\":\"266\",\"rating\":2033,\"seed\":\"sodium,f871624536537aa4cf8d397cf57a656d\"}\n>p1 move uturn\n>p2 switch 4\n>p1 switch 2\n>p1 move spikes\n>p2 switch 5\n>p1 move spikes\n>p2 move calmmind\n>p1 move earthquake\n>p2 move psyshock\n>p1 move earthquake\n>p2 move psyshock\n>p1 switch 2\n>p1 move flareblitz\n>p2 move psyshock\n>p2 switch 6\n>p1 move flareblitz\n>p2 move willowisp\n>p2 switch 3\n>p1 switch 3\n>p2 move iciclecrash\n>p1 move surf\n>p2 move roar\n>p1 move focusblast\n>p2 move roar\n>p1 move psychic\n>p2 move iciclecrash\n>p1 switch 4\n>p2 move iciclecrash\n>p1 move surf\n>p2 move roar\n>p2 switch 2\n>p1 move substitute\n>p2 move calmmind\n>p1 move endeavor\n>p2 move wish\n>p1 move flipturn\n>p2 move hypervoice\n>p1 switch 5\n>p1 move heatcrash terastallize\n>p2 move protect\n>p1 move heatcrash\n>p2 switch 5\n>p1 switch 3\n>p2 move earthquake\n>p1 move flareblitz\n>p2 move protect\n>p1 move flareblitz\n>p2 move knockoff\n>p1 switch 4\n>p2 move protect\n>p1 move psychic\n>p2 move knockoff\n>p2 switch 4\n>p1 move psychic\n>p2 move thunderbolt\n>p1 switch 6\n>p1 move moongeistbeam\n>p2 move thunderbolt\n>p1 move moongeistbeam\n>p2 switch 5\n>p1 move calmmind\n>p2 move wish\n>p1 move calmmind\n>p2 move hypervoice\n>p1 move moongeistbeam\n>p2 move calmmind\n>p1 move calmmind\n>p2 move wish\n>p1 move calmmind\n>p2 move hypervoice\n>p1 move calmmind\n>p2 move calmmind\n>p1 move moongeistbeam\n>p2 move calmmind\n>p1 move calmmind\n>p2 move wish\n>p1 move moongeistbeam\n>p2 move hypervoice\n>p1 move moongeistbeam\n>p2 move calmmind\n>p1 move moongeistbeam\n>p2 move protect\n>p1 move focusblast\n>p2 move wish\n>p1 move calmmind\n>p2 move hypervoice\n>p1 move focusblast\n>p2 move calmmind\n>p1 move calmmind\n>p2 move calmmind\n>p1 move calmmind\n>p2 move hypervoice\n>p1 move moonlight\n>p2 move hypervoice\n>p1 move moonlight\n>p2 move hypervoice\n>p1 move calmmind\n>p2 move hypervoice\n>p1 move moonlight\n>p2 move hypervoice\n>p1 move moonlight\n>p2 move hypervoice\n>p1 switch 5\n>p1 move endeavor\n>p2 move hypervoice\n>p1 switch 3\n>p1 move heatcrash\n>p2 move protect\n>p1 move heatcrash\n>p2 move hypervoice\n>p2 switch 5\n>p1 move heatcrash\n>p2 move thunderbolt\n>p1 switch 4\n>p1 move uturn\n>p2 move thunderbolt", "uploadtime": 1782853707, "views": 6, "formatid": "gen9randombattle", "rating": 1989, "private": 0, "password": null, "player_dets": [{"name": "IceColdAcer", "avatar": "acetrainer", "rating": 2008, "seed": "sodium,5eeae144575c5fe3fc2463eda83fa831"}, {"name": "renner-renner", "avatar": "266", "rating": 2033, "seed": "sodium,f871624536537aa4cf8d397cf57a656d"}], "teams_full": [{"Slither Wing": {"name": "Slither Wing", "species": "Slither Wing", "speciesId": "slitherwing", "gender": "N", "shiny": false, "level": 81, "moves": ["wildcharge", "flareblitz", "closecombat", "uturn"], "ability": "Protosynthesis", "evs": {"hp": 85, "atk": 85, "def": 85, "spa": 85, "spd": 85, "spe": 85}, "ivs": {"hp": 31, "atk": 31, "def": 31, "spa": 31, "spd": 31, "spe": 31}, "item": "Choice Scarf", "teraType": "Fire", "role": "Fast Attacker", "bvs": {"hp": 85, "atk": 135, "def": 79, "spa": 85, "spd": 105, "spe": 81}, "stats": {"hp": 270, "atk": 265, "def": 175, "spa": 184, "spd": 217, "spe": 178}, "types": ["Bug", "Fighting"]}, "Whiscash": {"name": "Whiscash", "species": "Whiscash", "speciesId": "whiscash", "gender": "F", "shiny": false, "level": 88, "moves": ["icebeam", "spikes", "hydropump", "earthquake"], "ability": "Oblivious", "evs": {"hp": 85, "atk": 85, "def": 85, "spa": 85, "spd": 85, "spe": 85}, "ivs": {"hp": 31, "atk": 31, "def": 31, "spa": 31, "spd": 31, "spe": 31}, "item": "Leftovers", "teraType": "Poison", "role": "Bulky Support", "bvs": {"hp": 110, "atk": 78, "def": 73, "spa": 76, "spd": 71, "spe": 60}, "stats": {"hp": 337, "atk": 188, "def": 179, "spa": 184, "spd": 175, "spe": 156}, "types": ["Water", "Ground"]}, "Luvdisc": {"name": "Luvdisc", "species": "Luvdisc", "speciesId": "luvdisc", "gender": "M", "shiny": false, "level": 100, "moves": ["endeavor", "flipturn", "substitute", "surf"], "ability": "Swift Swim", "evs": {"hp": 81, "atk": 85, "def": 85, "spa": 85, "spd": 85, "spe": 85}, "ivs": {"hp": 31, "atk": 31, "def": 31, "spa": 31, "spd": 31, "spe": 31}, "item": "Heavy-Duty Boots", "teraType": "Ghost", "role": "Fast Support", "bvs": {"hp": 43, "atk": 30, "def": 55, "spa": 40, "spd": 65, "spe": 97}, "stats": {"hp": 247, "atk": 117, "def": 167, "spa": 137, "spd": 187, "spe": 251}, "types": ["Water"]}, "Lunala": {"name": "Lunala", "species": "Lunala", "speciesId": "lunala", "gender": "N", "shiny": false, "level": 70, "moves": ["moongeistbeam", "calmmind", "focusblast", "moonlight"], "ability": "Shadow Shield", "evs": {"hp": 85, "atk": 0, "def": 85, "spa": 85, "spd": 85, "spe": 85}, "ivs": {"hp": 31, "atk": 0, "def": 31, "spa": 31, "spd": 31, "spe": 31}, "item": "Leftovers", "teraType": "Fighting", "role": "Bulky Setup", "bvs": {"hp": 137, "atk": 113, "def": 89, "spa": 137, "spd": 107, "spe": 97}, "stats": {"hp": 308, "atk": 163, "def": 166, "spa": 233, "spd": 191, "spe": 177}, "types": ["Psychic", "Ghost"]}, "Groudon": {"name": "Groudon", "species": "Groudon", "speciesId": "groudon", "gender": "N", "shiny": false, "level": 72, "moves": ["heatcrash", "swordsdance", "stoneedge", "precipiceblades"], "ability": "Drought", "evs": {"hp": 85, "atk": 85, "def": 85, "spa": 85, "spd": 85, "spe": 85}, "ivs": {"hp": 31, "atk": 31, "def": 31, "spa": 31, "spd": 31, "spe": 31}, "item": "Leftovers", "teraType": "Fire", "role": "Bulky Setup", "bvs": {"hp": 100, "atk": 150, "def": 140, "spa": 100, "spd": 90, "spe": 90}, "stats": {"hp": 263, "atk": 258, "def": 244, "spa": 186, "spd": 172, "spe": 172}, "types": ["Ground"]}, "Rabsca": {"name": "Rabsca", "species": "Rabsca", "speciesId": "rabsca", "gender": "M", "shiny": false, "level": 91, "moves": ["revivalblessing", "bugbuzz", "psychic", "earthpower"], "ability": "Synchronize", "evs": {"hp": 85, "atk": 0, "def": 85, "spa": 85, "spd": 85, "spe": 85}, "ivs": {"hp": 31, "atk": 0, "def": 31, "spa": 31, "spd": 31, "spe": 31}, "item": "Heavy-Duty Boots", "teraType": "Steel", "role": "Wallbreaker", "bvs": {"hp": 75, "atk": 50, "def": 85, "spa": 115, "spd": 100, "spe": 45}, "stats": {"hp": 284, "atk": 96, "def": 207, "spa": 261, "spd": 234, "spe": 134}, "types": ["Bug", "Psychic"]}}, {"Plusle": {"name": "Plusle", "species": "Plusle", "speciesId": "plusle", "gender": "M", "shiny": false, "level": 95, "moves": ["alluringvoice", "grassknot", "nastyplot", "thunderbolt"], "ability": "Lightning Rod", "evs": {"hp": 85, "atk": 0, "def": 85, "spa": 85, "spd": 85, "spe": 85}, "ivs": {"hp": 31, "atk": 0, "def": 31, "spa": 31, "spd": 31, "spe": 31}, "item": "Life Orb", "teraType": "Fairy", "role": "Setup Sweeper", "bvs": {"hp": 60, "atk": 50, "def": 40, "spa": 85, "spd": 75, "spe": 95}, "stats": {"hp": 268, "atk": 100, "def": 130, "spa": 215, "spd": 196, "spe": 234}, "types": ["Electric"]}, "Sylveon": {"name": "Sylveon", "species": "Sylveon", "speciesId": "sylveon", "gender": "M", "shiny": false, "level": 85, "moves": ["hypervoice", "protect", "calmmind", "wish"], "ability": "Pixilate", "evs": {"hp": 85, "atk": 0, "def": 85, "spa": 85, "spd": 85, "spe": 85}, "ivs": {"hp": 31, "atk": 0, "def": 31, "spa": 31, "spd": 31, "spe": 31}, "item": "Leftovers", "teraType": "Steel", "role": "Bulky Setup", "bvs": {"hp": 95, "atk": 65, "def": 65, "spa": 110, "spd": 130, "spe": 60}, "stats": {"hp": 300, "atk": 115, "def": 159, "spa": 236, "spd": 270, "spe": 151}, "types": ["Fairy"]}, "Piloswine": {"name": "Piloswine", "species": "Piloswine", "speciesId": "piloswine", "gender": "M", "shiny": false, "level": 85, "moves": ["iceshard", "roar", "iciclecrash", "earthquake"], "ability": "Thick Fat", "evs": {"hp": 85, "atk": 85, "def": 85, "spa": 85, "spd": 85, "spe": 85}, "ivs": {"hp": 31, "atk": 31, "def": 31, "spa": 31, "spd": 31, "spe": 31}, "item": "Eviolite", "teraType": "Dragon", "role": "Bulky Support", "bvs": {"hp": 100, "atk": 100, "def": 80, "spa": 60, "spd": 60, "spe": 50}, "stats": {"hp": 309, "atk": 219, "def": 185, "spa": 151, "spd": 151, "spe": 134}, "types": ["Ice", "Ground"]}, "Gliscor": {"name": "Gliscor", "species": "Gliscor", "speciesId": "gliscor", "gender": "F", "shiny": false, "level": 76, "moves": ["toxic", "knockoff", "protect", "earthquake"], "ability": "Poison Heal", "evs": {"hp": 85, "atk": 85, "def": 85, "spa": 85, "spd": 85, "spe": 85}, "ivs": {"hp": 31, "atk": 31, "def": 31, "spa": 31, "spd": 31, "spe": 31}, "item": "Toxic Orb", "teraType": "Water", "role": "Bulky Support", "bvs": {"hp": 75, "atk": 95, "def": 125, "spa": 45, "spd": 75, "spe": 95}, "stats": {"hp": 239, "atk": 188, "def": 234, "spa": 112, "spd": 158, "spe": 188}, "types": ["Ground", "Flying"]}, "Reuniclus": {"name": "Reuniclus", "species": "Reuniclus", "speciesId": "reuniclus", "gender": "F", "shiny": false, "level": 88, "moves": ["calmmind", "psyshock", "recover", "focusblast"], "ability": "Magic Guard", "evs": {"hp": 85, "atk": 0, "def": 85, "spa": 85, "spd": 85, "spe": 85}, "ivs": {"hp": 31, "atk": 0, "def": 31, "spa": 31, "spd": 31, "spe": 31}, "item": "Life Orb", "teraType": "Fighting", "role": "Bulky Setup", "bvs": {"hp": 110, "atk": 65, "def": 75, "spa": 125, "spd": 85, "spe": 30}, "stats": {"hp": 337, "atk": 119, "def": 182, "spa": 270, "spd": 200, "spe": 103}, "types": ["Psychic"]}, "Froslass": {"name": "Froslass", "species": "Froslass", "speciesId": "froslass", "gender": "F", "shiny": false, "level": 87, "moves": ["poltergeist", "spikes", "tripleaxel", "willowisp"], "ability": "Cursed Body", "evs": {"hp": 81, "atk": 85, "def": 85, "spa": 85, "spd": 85, "spe": 85}, "ivs": {"hp": 31, "atk": 31, "def": 31, "spa": 31, "spd": 31, "spe": 31}, "item": "Wide Lens", "teraType": "Ice", "role": "Fast Support", "bvs": {"hp": 70, "atk": 80, "def": 70, "spa": 80, "spd": 70, "spe": 110}, "stats": {"hp": 263, "atk": 189, "def": 172, "spa": 189, "spd": 172, "spe": 241}, "types": ["Ice", "Ghost"]}}]}