{"id": "gen9randombattle-2642069385", "format": "[Gen 9] Random Battle", "players": ["jnpr010334", "Victory Victreebel"], "log": "|j|\u2606jnpr010334\n|j|\u2606Victory Victreebel\n|t:|1782883293\n|gametype|singles\n|player|p1|jnpr010334|265|1666\n|player|p2|Victory Victreebel|bugcatcher-gen4dp|1650\n|gen|9\n|tier|[Gen 9] Random Battle\n|rated|\n|rule|Species Clause: Limit one of each Pok\u00e9mon\n|rule|HP Percentage Mod: HP is shown in percentages\n|rule|Sleep Clause Mod: Limit one foe put to sleep\n|rule|Illusion Level Mod: Illusion disguises the Pok\u00e9mon's true level\n|\n|t:|1782883293\n|teamsize|p1|6\n|teamsize|p2|6\n|start\n|switch|p1a: Chesnaught|Chesnaught, L84, M|285/285\n|switch|p2a: Talonflame|Talonflame, L83, F|265/265\n|turn|1\n|inactive|Battle timer is ON: inactive players will automatically lose when time's up. (requested by jnpr010334)\n|\n|t:|1782883304\n|switch|p1a: Swampert|Swampert, L83, F|302/302\n|move|p2a: Talonflame|Brave Bird|p1a: Swampert\n|-damage|p1a: Swampert|190/302\n|-damage|p2a: Talonflame|228/265|[from] Recoil\n|\n|-heal|p1a: Swampert|208/302|[from] item: Leftovers\n|upkeep\n|turn|2\n|\n|t:|1782883310\n|switch|p2a: Vileplume|Vileplume, L85, M|266/266\n|move|p1a: Swampert|Flip Turn|p2a: Vileplume\n|-resisted|p2a: Vileplume\n|-damage|p2a: Vileplume|227/266\n|-status|p1a: Swampert|slp|[from] ability: Effect Spore|[of] p2a: Vileplume\n|\n|t:|1782883311\n|switch|p1a: Pecharunt|Pecharunt, L77|262/262|[from] Flip Turn\n|\n|-heal|p2a: Vileplume|243/266|[from] item: Leftovers\n|upkeep\n|turn|3\n|\n|t:|1782883315\n|move|p1a: Pecharunt|Nasty Plot|p1a: Pecharunt\n|-boost|p1a: Pecharunt|spa|2\n|move|p2a: Vileplume|Leech Seed|p1a: Pecharunt\n|-start|p1a: Pecharunt|move: Leech Seed\n|\n|-heal|p2a: Vileplume|259/266|[from] item: Leftovers\n|-damage|p1a: Pecharunt|230/262|[from] Leech Seed|[of] p2a: Vileplume\n|-heal|p2a: Vileplume|266/266|[silent]\n|upkeep\n|turn|4\n|\n|t:|1782883318\n|switch|p2a: Registeel|Registeel, L81|262/262\n|move|p1a: Pecharunt|Malignant Chain|p2a: Registeel\n|-immune|p2a: Registeel\n|\n|-heal|p1a: Pecharunt|246/262|[from] item: Leftovers\n|-damage|p1a: Pecharunt|214/262|[from] Leech Seed|[of] p2a: Registeel\n|upkeep\n|turn|5\n|\n|t:|1782883327\n|switch|p2a: Regigigas|Regigigas, L84|322/322\n|-start|p2a: Regigigas|ability: Slow Start\n|move|p1a: Pecharunt|Shadow Ball|p2a: Regigigas\n|-immune|p2a: Regigigas\n|\n|-heal|p1a: Pecharunt|230/262|[from] item: Leftovers\n|-damage|p1a: Pecharunt|198/262|[from] Leech Seed|[of] p2a: Regigigas\n|upkeep\n|turn|6\n|\n|t:|1782883332\n|move|p1a: Pecharunt|Malignant Chain|p2a: Regigigas\n|-damage|p2a: Regigigas|189/322\n|move|p2a: Regigigas|Knock Off|p1a: Pecharunt\n|-supereffective|p1a: Pecharunt\n|-crit|p1a: Pecharunt\n|-damage|p1a: Pecharunt|96/262\n|-enditem|p1a: Pecharunt|Leftovers|[from] move: Knock Off|[of] p2a: Regigigas\n|\n|-heal|p2a: Regigigas|209/322|[from] item: Leftovers\n|-damage|p1a: Pecharunt|64/262|[from] Leech Seed|[of] p2a: Regigigas\n|-heal|p2a: Regigigas|241/322|[silent]\n|upkeep\n|turn|7\n|\n|t:|1782883340\n|move|p1a: Pecharunt|Malignant Chain|p2a: Regigigas\n|-damage|p2a: Regigigas|103/322\n|-status|p2a: Regigigas|tox\n|-start|p2a: Regigigas|confusion|[from] ability: Poison Puppeteer|[of] p1a: Pecharunt\n|-activate|p2a: Regigigas|confusion\n|-damage|p2a: Regigigas|65/322 tox|[from] confusion\n|\n|-heal|p2a: Regigigas|85/322 tox|[from] item: Leftovers\n|-damage|p1a: Pecharunt|32/262|[from] Leech Seed|[of] p2a: Regigigas\n|-heal|p2a: Regigigas|117/322 tox|[silent]\n|-damage|p2a: Regigigas|97/322 tox|[from] psn\n|upkeep\n|turn|8\n|\n|t:|1782883348\n|move|p1a: Pecharunt|Recover|p1a: Pecharunt\n|-heal|p1a: Pecharunt|163/262\n|-activate|p2a: Regigigas|confusion\n|-damage|p2a: Regigigas|62/322 tox|[from] confusion\n|\n|-heal|p2a: Regigigas|82/322 tox|[from] item: Leftovers\n|-damage|p1a: Pecharunt|131/262|[from] Leech Seed|[of] p2a: Regigigas\n|-heal|p2a: Regigigas|114/322 tox|[silent]\n|-damage|p2a: Regigigas|74/322 tox|[from] psn\n|upkeep\n|turn|9\n|\n|t:|1782883353\n|-activate|p2a: Regigigas|confusion\n|move|p2a: Regigigas|Protect|p2a: Regigigas\n|-singleturn|p2a: Regigigas|Protect\n|move|p1a: Pecharunt|Recover|p1a: Pecharunt\n|-heal|p1a: Pecharunt|262/262\n|\n|-heal|p2a: Regigigas|94/322 tox|[from] item: Leftovers\n|-damage|p1a: Pecharunt|230/262|[from] Leech Seed|[of] p2a: Regigigas\n|-heal|p2a: Regigigas|126/322 tox|[silent]\n|-damage|p2a: Regigigas|66/322 tox|[from] psn\n|upkeep\n|turn|10\n|\n|t:|1782883356\n|move|p1a: Pecharunt|Malignant Chain|p2a: Regigigas\n|-damage|p2a: Regigigas|0 fnt\n|faint|p2a: Regigigas\n|-end|p2a: Regigigas|Slow Start|[silent]\n|\n|upkeep\n|\n|t:|1782883360\n|switch|p2a: Tauros|Tauros, L82, M|257/257\n|turn|11\n|\n|t:|1782883366\n|move|p2a: Tauros|Zen Headbutt|p1a: Pecharunt\n|-supereffective|p1a: Pecharunt\n|-damage|p1a: Pecharunt|105/262\n|move|p1a: Pecharunt|Malignant Chain|p2a: Tauros\n|-damage|p2a: Tauros|61/257\n|-status|p2a: Tauros|tox\n|-start|p2a: Tauros|confusion|[from] ability: Poison Puppeteer|[of] p1a: Pecharunt\n|\n|-damage|p1a: Pecharunt|73/262|[from] Leech Seed|[of] p2a: Tauros\n|-heal|p2a: Tauros|93/257 tox|[silent]\n|-damage|p2a: Tauros|77/257 tox|[from] psn\n|upkeep\n|turn|12\n|\n|t:|1782883370\n|switch|p1a: Chesnaught|Chesnaught, L84, M|285/285\n|-activate|p2a: Tauros|confusion\n|move|p2a: Tauros|Throat Chop|p1a: Chesnaught\n|-resisted|p1a: Chesnaught\n|-damage|p1a: Chesnaught|250/285\n|\n|-heal|p1a: Chesnaught|267/285|[from] item: Leftovers\n|-damage|p2a: Tauros|45/257 tox|[from] psn\n|upkeep\n|turn|13\n|\n|t:|1782883374\n|switch|p2a: Talonflame|Talonflame, L83, F|228/265\n|move|p1a: Chesnaught|Knock Off|p2a: Talonflame\n|-crit|p2a: Talonflame\n|-damage|p2a: Talonflame|91/265\n|-enditem|p2a: Talonflame|Heavy-Duty Boots|[from] move: Knock Off|[of] p1a: Chesnaught\n|\n|-heal|p1a: Chesnaught|284/285|[from] item: Leftovers\n|upkeep\n|turn|14\n|\n|t:|1782883379\n|switch|p1a: Swampert|Swampert, L83, F|208/302 slp\n|move|p2a: Talonflame|Overheat|p1a: Swampert\n|-resisted|p1a: Swampert\n|-damage|p1a: Swampert|150/302 slp\n|-unboost|p2a: Talonflame|spa|2\n|\n|-heal|p1a: Swampert|168/302 slp|[from] item: Leftovers\n|upkeep\n|turn|15\n|\n|t:|1782883385\n|move|p2a: Talonflame|Roost|p2a: Talonflame\n|-heal|p2a: Talonflame|224/265\n|-singleturn|p2a: Talonflame|move: Roost\n|cant|p1a: Swampert|slp\n|\n|-heal|p1a: Swampert|186/302 slp|[from] item: Leftovers\n|upkeep\n|turn|16\n|\n|t:|1782883388\n|switch|p2a: Vileplume|Vileplume, L85, M|266/266\n|-curestatus|p1a: Swampert|slp|[msg]\n|move|p1a: Swampert|Flip Turn|p2a: Vileplume\n|-resisted|p2a: Vileplume\n|-damage|p2a: Vileplume|233/266\n|-status|p1a: Swampert|psn|[from] ability: Effect Spore|[of] p2a: Vileplume\n|\n|t:|1782883391\n|switch|p1a: Pecharunt|Pecharunt, L77|73/262|[from] Flip Turn\n|\n|-heal|p2a: Vileplume|249/266|[from] item: Leftovers\n|upkeep\n|turn|17\n|\n|t:|1782883394\n|move|p1a: Pecharunt|Recover|p1a: Pecharunt\n|-heal|p1a: Pecharunt|204/262\n|move|p2a: Vileplume|Leech Seed|p1a: Pecharunt\n|-start|p1a: Pecharunt|move: Leech Seed\n|\n|-heal|p2a: Vileplume|265/266|[from] item: Leftovers\n|-damage|p1a: Pecharunt|172/262|[from] Leech Seed|[of] p2a: Vileplume\n|-heal|p2a: Vileplume|266/266|[silent]\n|upkeep\n|turn|18\n|\n|t:|1782883396\n|switch|p1a: Arboliva|Arboliva, L91, M|288/288\n|switch|p2a: Registeel|Registeel, L81|262/262\n|\n|upkeep\n|turn|19\n|\n|t:|1782883398\n|move|p2a: Registeel|Iron Defense|p2a: Registeel\n|-boost|p2a: Registeel|def|2\n|move|p1a: Arboliva|Leech Seed|p2a: Registeel\n|-start|p2a: Registeel|move: Leech Seed\n|\n|-damage|p2a: Registeel|230/262|[from] Leech Seed|[of] p1a: Arboliva\n|upkeep\n|turn|20\n|\n|t:|1782883401\n|switch|p1a: Pecharunt|Pecharunt, L77|172/262\n|move|p2a: Registeel|Body Press|p1a: Pecharunt\n|-immune|p1a: Pecharunt\n|\n|-damage|p2a: Registeel|198/262|[from] Leech Seed|[of] p1a: Pecharunt\n|-heal|p1a: Pecharunt|204/262|[silent]\n|upkeep\n|turn|21\n|\n|t:|1782883404\n|switch|p2a: Talonflame|Talonflame, L83, F|224/265\n|move|p1a: Pecharunt|Nasty Plot|p1a: Pecharunt\n|-boost|p1a: Pecharunt|spa|2\n|\n|upkeep\n|turn|22\n|\n|t:|1782883406\n|move|p2a: Talonflame|Overheat|p1a: Pecharunt\n|-damage|p1a: Pecharunt|93/262\n|-unboost|p2a: Talonflame|spa|2\n|move|p1a: Pecharunt|Malignant Chain|p2a: Talonflame\n|-damage|p2a: Talonflame|35/265\n|\n|upkeep\n|turn|23\n|\n|t:|1782883412\n|switch|p2a: Tauros|Tauros, L82, M|45/257 tox\n|move|p1a: Pecharunt|Recover|p1a: Pecharunt\n|-heal|p1a: Pecharunt|224/262\n|\n|-damage|p2a: Tauros|29/257 tox|[from] psn\n|upkeep\n|turn|24\n|\n|t:|1782883416\n|move|p2a: Tauros|Zen Headbutt|p1a: Pecharunt\n|-supereffective|p1a: Pecharunt\n|-damage|p1a: Pecharunt|91/262\n|move|p1a: Pecharunt|Recover|p1a: Pecharunt\n|-heal|p1a: Pecharunt|222/262\n|\n|-damage|p2a: Tauros|0 fnt|[from] psn\n|faint|p2a: Tauros\n|upkeep\n|\n|t:|1782883418\n|switch|p2a: Rabsca|Rabsca, L91, F|284/284\n|turn|25\n|\n|t:|1782883420\n|move|p1a: Pecharunt|Shadow Ball|p2a: Rabsca\n|-supereffective|p2a: Rabsca\n|-damage|p2a: Rabsca|72/284\n|move|p2a: Rabsca|Psychic|p1a: Pecharunt\n|-supereffective|p1a: Pecharunt\n|-damage|p1a: Pecharunt|0 fnt\n|faint|p1a: Pecharunt\n|\n|upkeep\n|\n|t:|1782883422\n|switch|p1a: Falinks|Falinks, L84|246/246\n|turn|26\n|\n|t:|1782883425\n|move|p1a: Falinks|Knock Off|p2a: Rabsca\n|-supereffective|p2a: Rabsca\n|-damage|p2a: Rabsca|0 fnt\n|-enditem|p2a: Rabsca|Heavy-Duty Boots|[from] move: Knock Off|[of] p1a: Falinks\n|faint|p2a: Rabsca\n|-damage|p1a: Falinks|222/246|[from] item: Life Orb\n|\n|upkeep\n|\n|t:|1782883427\n|switch|p2a: Vileplume|Vileplume, L85, M|266/266\n|turn|27\n|\n|t:|1782883430\n|move|p1a: Falinks|No Retreat|p1a: Falinks\n|-boost|p1a: Falinks|atk|1\n|-boost|p1a: Falinks|def|1\n|-boost|p1a: Falinks|spa|1\n|-boost|p1a: Falinks|spd|1\n|-boost|p1a: Falinks|spe|1\n|-start|p1a: Falinks|move: No Retreat\n|move|p2a: Vileplume|Leech Seed|p1a: Falinks\n|-start|p1a: Falinks|move: Leech Seed\n|\n|-damage|p1a: Falinks|192/246|[from] Leech Seed|[of] p2a: Vileplume\n|upkeep\n|turn|28\n|\n|t:|1782883432\n|-terastallize|p1a: Falinks|Dark\n|move|p1a: Falinks|Knock Off|p2a: Vileplume\n|-damage|p2a: Vileplume|67/266\n|-enditem|p2a: Vileplume|Leftovers|[from] move: Knock Off|[of] p1a: Falinks\n|-damage|p1a: Falinks|168/246|[from] item: Life Orb\n|move|p2a: Vileplume|Giga Drain|p1a: Falinks\n|-damage|p1a: Falinks|93/246\n|-heal|p2a: Vileplume|105/266|[from] drain|[of] p1a: Falinks\n|\n|-damage|p1a: Falinks|63/246|[from] Leech Seed|[of] p2a: Vileplume\n|-heal|p2a: Vileplume|135/266|[silent]\n|upkeep\n|turn|29\n|\n|t:|1782883435\n|move|p1a: Falinks|Knock Off|p2a: Vileplume\n|-damage|p2a: Vileplume|5/266\n|-damage|p1a: Falinks|39/246|[from] item: Life Orb\n|move|p2a: Vileplume|Strength Sap|p1a: Falinks\n|-unboost|p1a: Falinks|atk|1\n|-ability|p1a: Falinks|Defiant|boost\n|-boost|p1a: Falinks|atk|2\n|-heal|p2a: Vileplume|266/266\n|\n|-damage|p1a: Falinks|9/246|[from] Leech Seed|[of] p2a: Vileplume\n|upkeep\n|turn|30\n|\n|t:|1782883441\n|switch|p2a: Talonflame|Talonflame, L83, F|35/265\n|move|p1a: Falinks|Knock Off|p2a: Talonflame\n|-damage|p2a: Talonflame|0 fnt\n|faint|p2a: Talonflame\n|-damage|p1a: Falinks|0 fnt|[from] item: Life Orb\n|faint|p1a: Falinks\n|\n|upkeep\n|\n|t:|1782883443\n|switch|p2a: Vileplume|Vileplume, L85, M|266/266\n|switch|p1a: Swampert|Swampert, L83, F|186/302 psn\n|turn|31\n|\n|t:|1782883446\n|switch|p1a: Arboliva|Arboliva, L91, M|288/288\n|move|p2a: Vileplume|Sludge Bomb|p1a: Arboliva\n|-supereffective|p1a: Arboliva\n|-damage|p1a: Arboliva|126/288\n|-enditem|p1a: Arboliva|Sitrus Berry|[eat]\n|-heal|p1a: Arboliva|198/288|[from] item: Sitrus Berry\n|\n|upkeep\n|turn|32\n|\n|t:|1782883449\n|move|p2a: Vileplume|Sludge Bomb|p1a: Arboliva\n|-supereffective|p1a: Arboliva\n|-damage|p1a: Arboliva|18/288\n|move|p1a: Arboliva|Hyper Voice|p2a: Vileplume\n|-damage|p2a: Vileplume|124/266\n|\n|-item|p1a: Arboliva|Sitrus Berry|[from] ability: Harvest\n|upkeep\n|-enditem|p1a: Arboliva|Sitrus Berry|[eat]\n|-heal|p1a: Arboliva|90/288|[from] item: Sitrus Berry\n|turn|33\n|\n|t:|1782883452\n|move|p2a: Vileplume|Sludge Bomb|p1a: Arboliva\n|-supereffective|p1a: Arboliva\n|-damage|p1a: Arboliva|0 fnt\n|faint|p1a: Arboliva\n|\n|upkeep\n|\n|t:|1782883455\n|switch|p1a: Cresselia|Cresselia, L80, F|323/323\n|turn|34\n|\n|t:|1782883459\n|move|p1a: Cresselia|Calm Mind|p1a: Cresselia\n|-boost|p1a: Cresselia|spa|1\n|-boost|p1a: Cresselia|spd|1\n|move|p2a: Vileplume|Leech Seed|p1a: Cresselia\n|-start|p1a: Cresselia|move: Leech Seed\n|\n|-damage|p1a: Cresselia|283/323|[from] Leech Seed|[of] p2a: Vileplume\n|-heal|p2a: Vileplume|164/266|[silent]\n|upkeep\n|turn|35\n|\n|t:|1782883463\n|switch|p2a: Registeel|Registeel, L81|198/262\n|move|p1a: Cresselia|Psyshock|p2a: Registeel\n|-resisted|p2a: Registeel\n|-damage|p2a: Registeel|163/262\n|\n|-heal|p1a: Cresselia|303/323|[from] item: Leftovers\n|-damage|p1a: Cresselia|263/323|[from] Leech Seed|[of] p2a: Registeel\n|-heal|p2a: Registeel|203/262|[silent]\n|upkeep\n|turn|36\n|\n|t:|1782883467\n|switch|p1a: Swampert|Swampert, L83, F|186/302 psn\n|move|p2a: Registeel|Iron Defense|p2a: Registeel\n|-boost|p2a: Registeel|def|2\n|\n|-heal|p1a: Swampert|204/302 psn|[from] item: Leftovers\n|-damage|p1a: Swampert|167/302 psn|[from] psn\n|upkeep\n|turn|37\n|\n|t:|1782883471\n|-terastallize|p2a: Registeel|Fighting\n|move|p2a: Registeel|Iron Defense|p2a: Registeel\n|-boost|p2a: Registeel|def|2\n|move|p1a: Swampert|Roar|p2a: Registeel\n|drag|p2a: Vileplume|Vileplume, L85, M|164/266\n|\n|-heal|p1a: Swampert|185/302 psn|[from] item: Leftovers\n|-damage|p1a: Swampert|148/302 psn|[from] psn\n|upkeep\n|turn|38\n|\n|t:|1782883478\n|move|p1a: Swampert|Ice Beam|p2a: Vileplume\n|-supereffective|p2a: Vileplume\n|-damage|p2a: Vileplume|54/266\n|move|p2a: Vileplume|Sludge Bomb|p1a: Swampert\n|-resisted|p1a: Swampert\n|-damage|p1a: Swampert|91/302 psn\n|\n|-heal|p1a: Swampert|109/302 psn|[from] item: Leftovers\n|-damage|p1a: Swampert|72/302 psn|[from] psn\n|upkeep\n|turn|39\n|\n|t:|1782883483\n|move|p1a: Swampert|Ice Beam|p2a: Vileplume\n|-supereffective|p2a: Vileplume\n|-damage|p2a: Vileplume|0 fnt\n|faint|p2a: Vileplume\n|\n|-heal|p1a: Swampert|90/302 psn|[from] item: Leftovers\n|-damage|p1a: Swampert|53/302 psn|[from] psn\n|upkeep\n|\n|t:|1782883484\n|switch|p2a: Registeel|Registeel, L81, tera:Fighting|203/262\n|turn|40\n|\n|t:|1782883489\n|move|p1a: Swampert|Flip Turn|p2a: Registeel\n|-damage|p2a: Registeel|137/262\n|\n|t:|1782883493\n|switch|p1a: Chesnaught|Chesnaught, L84, M|284/285|[from] Flip Turn\n|move|p2a: Registeel|Iron Defense|p2a: Registeel\n|-boost|p2a: Registeel|def|2\n|\n|-heal|p1a: Chesnaught|285/285|[from] item: Leftovers\n|upkeep\n|turn|41\n|\n|t:|1782883496\n|move|p1a: Chesnaught|Wood Hammer|p2a: Registeel\n|-damage|p2a: Registeel|91/262\n|-damage|p1a: Chesnaught|270/285|[from] Recoil\n|move|p2a: Registeel|Iron Defense|p2a: Registeel\n|-boost|p2a: Registeel|def|2\n|\n|-heal|p1a: Chesnaught|285/285|[from] item: Leftovers\n|upkeep\n|turn|42\n|\n|t:|1782883500\n|move|p1a: Chesnaught|Wood Hammer|p2a: Registeel\n|-damage|p2a: Registeel|58/262\n|-damage|p1a: Chesnaught|274/285|[from] Recoil\n|move|p2a: Registeel|Rest|p2a: Registeel\n|-status|p2a: Registeel|slp|[from] move: Rest\n|-heal|p2a: Registeel|262/262 slp|[silent]\n|-enditem|p2a: Registeel|Chesto Berry|[eat]\n|-curestatus|p2a: Registeel|slp|[msg]\n|\n|-heal|p1a: Chesnaught|285/285|[from] item: Leftovers\n|upkeep\n|turn|43\n|\n|t:|1782883501\n|move|p1a: Chesnaught|Body Press|p2a: Registeel\n|-damage|p2a: Registeel|237/262\n|move|p2a: Registeel|Body Press|p1a: Chesnaught\n|-damage|p1a: Chesnaught|42/285\n|\n|-heal|p1a: Chesnaught|59/285|[from] item: Leftovers\n|upkeep\n|turn|44\n|\n|t:|1782883504\n|move|p1a: Chesnaught|Synthesis|p1a: Chesnaught\n|-heal|p1a: Chesnaught|201/285\n|move|p2a: Registeel|Body Press|p1a: Chesnaught\n|-damage|p1a: Chesnaught|0 fnt\n|faint|p1a: Chesnaught\n|\n|upkeep\n|\n|t:|1782883508\n|switch|p1a: Swampert|Swampert, L83, F|53/302 psn\n|turn|45\n|\n|t:|1782883512\n|move|p2a: Registeel|Body Press|p1a: Swampert\n|-damage|p1a: Swampert|0 fnt\n|faint|p1a: Swampert\n|\n|upkeep\n|\n|t:|1782883515\n|switch|p1a: Cresselia|Cresselia, L80, F|263/323\n|turn|46\n|\n|t:|1782883519\n|move|p1a: Cresselia|Moonblast|p2a: Registeel\n|-supereffective|p2a: Registeel\n|-damage|p2a: Registeel|173/262\n|move|p2a: Registeel|Body Press|p1a: Cresselia\n|-resisted|p1a: Cresselia\n|-damage|p1a: Cresselia|122/323\n|\n|-heal|p1a: Cresselia|142/323|[from] item: Leftovers\n|upkeep\n|turn|47\n|\n|t:|1782883521\n|move|p1a: Cresselia|Moonlight|p1a: Cresselia\n|-heal|p1a: Cresselia|303/323\n|move|p2a: Registeel|Body Press|p1a: Cresselia\n|-resisted|p1a: Cresselia\n|-damage|p1a: Cresselia|162/323\n|\n|-heal|p1a: Cresselia|182/323|[from] item: Leftovers\n|upkeep\n|turn|48\n|\n|t:|1782883526\n|move|p1a: Cresselia|Moonblast|p2a: Registeel\n|-supereffective|p2a: Registeel\n|-damage|p2a: Registeel|107/262\n|move|p2a: Registeel|Iron Head|p1a: Cresselia\n|-damage|p1a: Cresselia|121/323\n|\n|-heal|p1a: Cresselia|141/323|[from] item: Leftovers\n|upkeep\n|turn|49\n|\n|t:|1782883531\n|move|p1a: Cresselia|Moonlight|p1a: Cresselia\n|-heal|p1a: Cresselia|302/323\n|move|p2a: Registeel|Body Press|p1a: Cresselia\n|-resisted|p1a: Cresselia\n|-damage|p1a: Cresselia|166/323\n|\n|-heal|p1a: Cresselia|186/323|[from] item: Leftovers\n|upkeep\n|turn|50\n|\n|t:|1782883536\n|move|p1a: Cresselia|Moonblast|p2a: Registeel\n|-supereffective|p2a: Registeel\n|-damage|p2a: Registeel|43/262\n|move|p2a: Registeel|Rest|p2a: Registeel\n|-status|p2a: Registeel|slp|[from] move: Rest\n|-heal|p2a: Registeel|262/262 slp|[silent]\n|\n|-heal|p1a: Cresselia|206/323|[from] item: Leftovers\n|upkeep\n|turn|51\n|\n|t:|1782883539\n|move|p1a: Cresselia|Moonblast|p2a: Registeel\n|-supereffective|p2a: Registeel\n|-damage|p2a: Registeel|196/262 slp\n|cant|p2a: Registeel|slp\n|\n|-heal|p1a: Cresselia|226/323|[from] item: Leftovers\n|upkeep\n|turn|52\n|\n|t:|1782883542\n|move|p1a: Cresselia|Moonblast|p2a: Registeel\n|-supereffective|p2a: Registeel\n|-damage|p2a: Registeel|130/262 slp\n|cant|p2a: Registeel|slp\n|\n|-heal|p1a: Cresselia|246/323|[from] item: Leftovers\n|upkeep\n|turn|53\n|\n|t:|1782883544\n|move|p1a: Cresselia|Moonblast|p2a: Registeel\n|-supereffective|p2a: Registeel\n|-damage|p2a: Registeel|64/262 slp\n|-curestatus|p2a: Registeel|slp|[msg]\n|move|p2a: Registeel|Rest|p2a: Registeel\n|-status|p2a: Registeel|slp|[from] move: Rest\n|-heal|p2a: Registeel|262/262 slp|[silent]\n|\n|-heal|p1a: Cresselia|266/323|[from] item: Leftovers\n|upkeep\n|turn|54\n|\n|t:|1782883548\n|move|p1a: Cresselia|Moonblast|p2a: Registeel\n|-supereffective|p2a: Registeel\n|-damage|p2a: Registeel|198/262 slp\n|cant|p2a: Registeel|slp\n|\n|-heal|p1a: Cresselia|286/323|[from] item: Leftovers\n|upkeep\n|turn|55\n|\n|t:|1782883550\n|move|p1a: Cresselia|Moonblast|p2a: Registeel\n|-supereffective|p2a: Registeel\n|-crit|p2a: Registeel\n|-damage|p2a: Registeel|92/262 slp\n|cant|p2a: Registeel|slp\n|\n|-heal|p1a: Cresselia|306/323|[from] item: Leftovers\n|upkeep\n|turn|56\n|\n|t:|1782883554\n|move|p1a: Cresselia|Moonblast|p2a: Registeel\n|-supereffective|p2a: Registeel\n|-damage|p2a: Registeel|26/262 slp\n|-curestatus|p2a: Registeel|slp|[msg]\n|move|p2a: Registeel|Rest|p2a: Registeel\n|-status|p2a: Registeel|slp|[from] move: Rest\n|-heal|p2a: Registeel|262/262 slp|[silent]\n|\n|-heal|p1a: Cresselia|323/323|[from] item: Leftovers\n|upkeep\n|turn|57\n|\n|t:|1782883564\n|move|p1a: Cresselia|Moonblast|p2a: Registeel\n|-supereffective|p2a: Registeel\n|-damage|p2a: Registeel|190/262 slp\n|cant|p2a: Registeel|slp\n|\n|upkeep\n|turn|58\n|\n|t:|1782883566\n|move|p1a: Cresselia|Moonblast|p2a: Registeel\n|-supereffective|p2a: Registeel\n|-damage|p2a: Registeel|120/262 slp\n|cant|p2a: Registeel|slp\n|\n|upkeep\n|turn|59\n|\n|t:|1782883568\n|move|p1a: Cresselia|Moonblast|p2a: Registeel\n|-supereffective|p2a: Registeel\n|-damage|p2a: Registeel|50/262 slp\n|-curestatus|p2a: Registeel|slp|[msg]\n|move|p2a: Registeel|Rest|p2a: Registeel\n|-status|p2a: Registeel|slp|[from] move: Rest\n|-heal|p2a: Registeel|262/262 slp|[silent]\n|\n|upkeep\n|turn|60\n|\n|t:|1782883574\n|move|p1a: Cresselia|Moonblast|p2a: Registeel\n|-supereffective|p2a: Registeel\n|-damage|p2a: Registeel|196/262 slp\n|cant|p2a: Registeel|slp\n|\n|upkeep\n|turn|61\n|\n|t:|1782883576\n|move|p1a: Cresselia|Moonblast|p2a: Registeel\n|-supereffective|p2a: Registeel\n|-damage|p2a: Registeel|130/262 slp\n|cant|p2a: Registeel|slp\n|\n|upkeep\n|turn|62\n|\n|t:|1782883579\n|move|p1a: Cresselia|Moonblast|p2a: Registeel\n|-supereffective|p2a: Registeel\n|-damage|p2a: Registeel|58/262 slp\n|-curestatus|p2a: Registeel|slp|[msg]\n|move|p2a: Registeel|Rest|p2a: Registeel\n|-status|p2a: Registeel|slp|[from] move: Rest\n|-heal|p2a: Registeel|262/262 slp|[silent]\n|\n|upkeep\n|turn|63\n|\n|t:|1782883583\n|move|p1a: Cresselia|Moonblast|p2a: Registeel\n|-supereffective|p2a: Registeel\n|-damage|p2a: Registeel|198/262 slp\n|cant|p2a: Registeel|slp\n|\n|upkeep\n|turn|64\n|\n|t:|1782883585\n|move|p1a: Cresselia|Moonblast|p2a: Registeel\n|-supereffective|p2a: Registeel\n|-damage|p2a: Registeel|128/262 slp\n|cant|p2a: Registeel|slp\n|\n|upkeep\n|turn|65\n|\n|t:|1782883586\n|move|p1a: Cresselia|Moonblast|p2a: Registeel\n|-supereffective|p2a: Registeel\n|-damage|p2a: Registeel|62/262 slp\n|-curestatus|p2a: Registeel|slp|[msg]\n|move|p2a: Registeel|Rest|p2a: Registeel\n|-status|p2a: Registeel|slp|[from] move: Rest\n|-heal|p2a: Registeel|262/262 slp|[silent]\n|\n|upkeep\n|turn|66\n|\n|t:|1782883590\n|move|p1a: Cresselia|Moonblast|p2a: Registeel\n|-supereffective|p2a: Registeel\n|-damage|p2a: Registeel|196/262 slp\n|cant|p2a: Registeel|slp\n|\n|upkeep\n|turn|67\n|\n|t:|1782883594\n|move|p1a: Cresselia|Moonblast|p2a: Registeel\n|-supereffective|p2a: Registeel\n|-damage|p2a: Registeel|128/262 slp\n|cant|p2a: Registeel|slp\n|\n|upkeep\n|turn|68\n|\n|t:|1782883597\n|move|p1a: Cresselia|Moonblast|p2a: Registeel\n|-supereffective|p2a: Registeel\n|-crit|p2a: Registeel\n|-damage|p2a: Registeel|26/262 slp\n|-curestatus|p2a: Registeel|slp|[msg]\n|move|p2a: Registeel|Rest|p2a: Registeel\n|-status|p2a: Registeel|slp|[from] move: Rest\n|-heal|p2a: Registeel|262/262 slp|[silent]\n|\n|upkeep\n|turn|69\n|\n|t:|1782883601\n|move|p1a: Cresselia|Moonblast|p2a: Registeel\n|-supereffective|p2a: Registeel\n|-damage|p2a: Registeel|194/262 slp\n|cant|p2a: Registeel|slp\n|\n|upkeep\n|turn|70\n|\n|t:|1782883604\n|move|p1a: Cresselia|Moonblast|p2a: Registeel\n|-supereffective|p2a: Registeel\n|-damage|p2a: Registeel|130/262 slp\n|cant|p2a: Registeel|slp\n|\n|upkeep\n|turn|71\n|\n|t:|1782883606\n|move|p1a: Cresselia|Moonblast|p2a: Registeel\n|-supereffective|p2a: Registeel\n|-damage|p2a: Registeel|62/262 slp\n|-curestatus|p2a: Registeel|slp|[msg]\n|move|p2a: Registeel|Body Press|p1a: Cresselia\n|-resisted|p1a: Cresselia\n|-damage|p1a: Cresselia|166/323\n|\n|-heal|p1a: Cresselia|186/323|[from] item: Leftovers\n|upkeep\n|turn|72\n|\n|t:|1782883612\n|move|p1a: Cresselia|Moonlight|p1a: Cresselia\n|-heal|p1a: Cresselia|323/323\n|move|p2a: Registeel|Iron Defense|p2a: Registeel\n|-boost|p2a: Registeel|def|2\n|\n|upkeep\n|turn|73\n|\n|t:|1782883615\n|move|p1a: Cresselia|Psyshock|p2a: Registeel\n|-supereffective|p2a: Registeel\n|-damage|p2a: Registeel|42/262\n|move|p2a: Registeel|Body Press|p1a: Cresselia\n|-resisted|p1a: Cresselia\n|-damage|p1a: Cresselia|128/323\n|\n|-heal|p1a: Cresselia|148/323|[from] item: Leftovers\n|upkeep\n|turn|74\n|\n|t:|1782883618\n|move|p1a: Cresselia|Moonlight|p1a: Cresselia\n|-heal|p1a: Cresselia|309/323\n|move|p2a: Registeel|Body Press|p1a: Cresselia\n|-resisted|p1a: Cresselia\n|-damage|p1a: Cresselia|119/323\n|\n|-heal|p1a: Cresselia|139/323|[from] item: Leftovers\n|upkeep\n|turn|75\n|\n|t:|1782883621\n|move|p1a: Cresselia|Moonlight|p1a: Cresselia\n|-heal|p1a: Cresselia|300/323\n|move|p2a: Registeel|Body Press|p1a: Cresselia\n|-resisted|p1a: Cresselia\n|-damage|p1a: Cresselia|110/323\n|\n|-heal|p1a: Cresselia|130/323|[from] item: Leftovers\n|upkeep\n|turn|76\n|\n|t:|1782883623\n|move|p1a: Cresselia|Moonlight|p1a: Cresselia\n|-heal|p1a: Cresselia|291/323\n|move|p2a: Registeel|Body Press|p1a: Cresselia\n|-resisted|p1a: Cresselia\n|-damage|p1a: Cresselia|86/323\n|\n|-heal|p1a: Cresselia|106/323|[from] item: Leftovers\n|upkeep\n|turn|77\n|\n|t:|1782883629\n|move|p1a: Cresselia|Moonlight|p1a: Cresselia\n|-heal|p1a: Cresselia|267/323\n|move|p2a: Registeel|Body Press|p1a: Cresselia\n|-resisted|p1a: Cresselia\n|-damage|p1a: Cresselia|75/323\n|\n|-heal|p1a: Cresselia|95/323|[from] item: Leftovers\n|upkeep\n|turn|78\n|\n|t:|1782883632\n|move|p1a: Cresselia|Moonlight|p1a: Cresselia\n|-heal|p1a: Cresselia|256/323\n|move|p2a: Registeel|Body Press|p1a: Cresselia\n|-resisted|p1a: Cresselia\n|-damage|p1a: Cresselia|64/323\n|\n|-heal|p1a: Cresselia|84/323|[from] item: Leftovers\n|upkeep\n|turn|79\n|\n|t:|1782883633\n|move|p1a: Cresselia|Psyshock|p2a: Registeel\n|-supereffective|p2a: Registeel\n|-crit|p2a: Registeel\n|-damage|p2a: Registeel|0 fnt\n|faint|p2a: Registeel\n|\n|win|jnpr010334\n|raw|jnpr010334's rating: 1685 &rarr; <strong>1703</strong><br />(+18 for winning)\n|raw|Victory Victreebel's rating: 1650 &rarr; <strong>1632</strong><br />(-18 for losing)\n|l|\u2606jnpr010334\n|player|p1|\n|c|\u2606Victory Victreebel|nooooooo\n|c|\u2606Victory Victreebel|gg\n", "inputlog": ">version f8ac14003a5f27e1bdc8d8c59608a773c1cb96e5\n>start {\"formatid\":\"gen9randombattle\",\"seed\":\"sodium,cf358c0408ddc83d2d7be0e934142555\",\"rated\":\"Rated battle\"}\n>player p1 {\"name\":\"jnpr010334\",\"avatar\":\"265\",\"rating\":1666,\"seed\":\"sodium,db756c7c4462558a8af167dffa7f9999\"}\n>player p2 {\"name\":\"Victory Victreebel\",\"avatar\":\"bugcatcher-gen4dp\",\"rating\":1650,\"seed\":\"sodium,b3d1baef259f9439731c12cecd68b47d\"}\n>p1 switch 5\n>p2 move bravebird\n>p1 move flipturn\n>p2 switch 5\n>p1 switch 3\n>p1 move nastyplot\n>p2 move leechseed\n>p1 move malignantchain\n>p2 switch 3\n>p1 move shadowball\n>p2 switch 6\n>p1 move malignantchain\n>p2 move knockoff\n>p1 move malignantchain\n>p2 move substitute\n>p1 move recover\n>p2 move knockoff\n>p1 move recover\n>p2 move protect\n>p1 move malignantchain\n>p2 move knockoff\n>p2 switch 4\n>p1 move malignantchain\n>p2 move zenheadbutt\n>p1 switch 5\n>p2 move throatchop\n>p1 move knockoff\n>p2 switch 5\n>p1 switch 3\n>p2 move overheat\n>p1 move flipturn\n>p2 move roost\n>p1 move flipturn\n>p2 switch 3\n>p1 switch 5\n>p1 move recover\n>p2 move leechseed\n>p1 switch 4\n>p2 switch 6\n>p1 move leechseed\n>p2 move irondefense\n>p1 switch 4\n>p2 move bodypress\n>p1 move nastyplot\n>p2 switch 3\n>p1 move malignantchain\n>p2 move overheat\n>p1 move recover\n>p2 switch 5\n>p1 move recover\n>p2 move zenheadbutt\n>p2 switch 2\n>p1 move shadowball\n>p2 move psychic\n>p1 switch 2\n>p1 move knockoff\n>p2 move revivalblessing\n>p2 switch 6\n>p1 move noretreat\n>p2 move leechseed\n>p1 move knockoff terastallize\n>p2 move gigadrain\n>p1 move knockoff\n>p2 move strengthsap\n>p1 move knockoff\n>p2 switch 5\n>p1 switch 5\n>p2 switch 5\n>p1 switch 4\n>p2 move sludgebomb\n>p1 move hypervoice\n>p2 move sludgebomb\n>p1 move hypervoice\n>p2 move sludgebomb\n>p1 switch 6\n>p1 move calmmind\n>p2 move leechseed\n>p1 move psyshock\n>p2 switch 3\n>p1 switch 4\n>p2 move irondefense\n>p1 move roar\n>p2 move irondefense terastallize\n>p1 move icebeam\n>p2 move sludgebomb\n>p1 move icebeam\n>p2 move gigadrain\n>p2 switch 3\n>p1 move flipturn\n>p2 move irondefense\n>p1 switch 3\n>p1 move woodhammer\n>p2 move irondefense\n>p1 move woodhammer\n>p2 move rest\n>p1 move bodypress\n>p2 move bodypress\n>p1 move synthesis\n>p2 move bodypress\n>p1 switch 3\n>p1 move roar\n>p2 move bodypress\n>p1 switch 4\n>p1 move moonblast\n>p2 move bodypress\n>p1 move moonlight\n>p2 move bodypress\n>p1 move moonblast\n>p2 move ironhead\n>p1 move moonlight\n>p2 move bodypress\n>p1 move moonblast\n>p2 move rest\n>p1 move moonblast\n>p2 move irondefense\n>p1 move moonblast\n>p2 move irondefense\n>p1 move moonblast\n>p2 move rest\n>p1 move moonblast\n>p2 move rest\n>p1 move moonblast\n>p2 move rest\n>p1 move moonblast\n>p2 move rest\n>p1 move moonblast\n>p2 move bodypress\n>p1 move moonblast\n>p2 move rest\n>p1 move moonblast\n>p2 move rest\n>p1 move moonblast\n>p2 move rest\n>p1 move moonblast\n>p2 move rest\n>p1 move moonblast\n>p2 move rest\n>p1 move moonblast\n>p2 move bodypress\n>p1 move moonblast\n>p2 move bodypress\n>p1 move moonblast\n>p2 move rest\n>p1 move moonblast\n>p2 move bodypress\n>p1 move moonblast\n>p2 move bodypress\n>p1 move moonblast\n>p2 move rest\n>p1 move moonblast\n>p2 move bodypress\n>p1 move moonblast\n>p2 move bodypress\n>p1 move moonblast\n>p2 move bodypress\n>p1 move moonlight\n>p2 move irondefense\n>p1 move psyshock\n>p2 move bodypress\n>p1 move moonlight\n>p2 move bodypress\n>p1 move moonlight\n>p2 move bodypress\n>p1 move moonlight\n>p2 move bodypress\n>p1 move moonlight\n>p2 move bodypress\n>p1 move moonlight\n>p2 move bodypress\n>p1 move psyshock\n>p2 move bodypress", "uploadtime": 1782883634, "views": 3, "formatid": "gen9randombattle", "rating": 1632, "private": 0, "password": null, "player_dets": [{"name": "jnpr010334", "avatar": "265", "rating": 1666, "seed": "sodium,db756c7c4462558a8af167dffa7f9999"}, {"name": "Victory Victreebel", "avatar": "bugcatcher-gen4dp", "rating": 1650, "seed": "sodium,b3d1baef259f9439731c12cecd68b47d"}], "teams_full": [{"Chesnaught": {"name": "Chesnaught", "species": "Chesnaught", "speciesId": "chesnaught", "gender": "M", "shiny": false, "level": 84, "moves": ["bodypress", "synthesis", "knockoff", "woodhammer"], "ability": "Bulletproof", "evs": {"hp": 85, "atk": 85, "def": 85, "spa": 85, "spd": 85, "spe": 85}, "ivs": {"hp": 31, "atk": 31, "def": 31, "spa": 31, "spd": 31, "spe": 31}, "item": "Leftovers", "teraType": "Steel", "role": "Bulky Support", "bvs": {"hp": 88, "atk": 107, "def": 122, "spa": 74, "spd": 75, "spe": 64}, "stats": {"hp": 285, "atk": 228, "def": 253, "spa": 173, "spd": 174, "spe": 156}, "types": ["Grass", "Fighting"]}, "Falinks": {"name": "Falinks", "species": "Falinks", "speciesId": "falinks", "gender": "N", "shiny": false, "level": 84, "moves": ["ironhead", "knockoff", "noretreat", "closecombat"], "ability": "Defiant", "evs": {"hp": 85, "atk": 85, "def": 85, "spa": 85, "spd": 85, "spe": 85}, "ivs": {"hp": 31, "atk": 31, "def": 31, "spa": 31, "spd": 31, "spe": 31}, "item": "Life Orb", "teraType": "Dark", "role": "Setup Sweeper", "bvs": {"hp": 65, "atk": 100, "def": 100, "spa": 70, "spd": 60, "spe": 75}, "stats": {"hp": 246, "atk": 216, "def": 216, "spa": 166, "spd": 149, "spe": 174}, "types": ["Fighting"]}, "Pecharunt": {"name": "Pecharunt", "species": "Pecharunt", "speciesId": "pecharunt", "gender": "N", "shiny": false, "level": 77, "moves": ["malignantchain", "recover", "shadowball", "nastyplot"], "ability": "Poison Puppeteer", "evs": {"hp": 85, "atk": 0, "def": 85, "spa": 85, "spd": 85, "spe": 85}, "ivs": {"hp": 31, "atk": 0, "def": 31, "spa": 31, "spd": 31, "spe": 31}, "item": "Leftovers", "teraType": "Dark", "role": "Bulky Attacker", "bvs": {"hp": 88, "atk": 88, "def": 160, "spa": 88, "spd": 88, "spe": 88}, "stats": {"hp": 262, "atk": 140, "def": 291, "spa": 180, "spd": 180, "spe": 180}, "types": ["Poison", "Ghost"]}, "Arboliva": {"name": "Arboliva", "species": "Arboliva", "speciesId": "arboliva", "gender": "M", "shiny": false, "level": 91, "moves": ["substitute", "leechseed", "protect", "hypervoice"], "ability": "Harvest", "evs": {"hp": 77, "atk": 0, "def": 85, "spa": 85, "spd": 85, "spe": 85}, "ivs": {"hp": 31, "atk": 0, "def": 31, "spa": 31, "spd": 31, "spe": 31}, "item": "Sitrus Berry", "teraType": "Water", "role": "Bulky Support", "bvs": {"hp": 78, "atk": 69, "def": 90, "spa": 125, "spd": 109, "spe": 39}, "stats": {"hp": 288, "atk": 130, "def": 216, "spa": 279, "spd": 250, "spe": 123}, "types": ["Grass", "Normal"]}, "Swampert": {"name": "Swampert", "species": "Swampert", "speciesId": "swampert", "gender": "F", "shiny": false, "level": 83, "moves": ["earthquake", "flipturn", "icebeam", "roar"], "ability": "Torrent", "evs": {"hp": 85, "atk": 85, "def": 85, "spa": 85, "spd": 85, "spe": 85}, "ivs": {"hp": 31, "atk": 31, "def": 31, "spa": 31, "spd": 31, "spe": 31}, "item": "Leftovers", "teraType": "Poison", "role": "Bulky Support", "bvs": {"hp": 100, "atk": 110, "def": 90, "spa": 85, "spd": 90, "spe": 60}, "stats": {"hp": 302, "atk": 230, "def": 197, "spa": 189, "spd": 197, "spe": 147}, "types": ["Water", "Ground"]}, "Cresselia": {"name": "Cresselia", "species": "Cresselia", "speciesId": "cresselia", "gender": "F", "shiny": false, "level": 80, "moves": ["moonlight", "moonblast", "calmmind", "psyshock"], "ability": "Levitate", "evs": {"hp": 85, "atk": 0, "def": 85, "spa": 85, "spd": 85, "spe": 85}, "ivs": {"hp": 31, "atk": 0, "def": 31, "spa": 31, "spd": 31, "spe": 31}, "item": "Leftovers", "teraType": "Steel", "role": "Bulky Setup", "bvs": {"hp": 120, "atk": 70, "def": 110, "spa": 75, "spd": 120, "spe": 85}, "stats": {"hp": 323, "atk": 117, "def": 222, "spa": 166, "spd": 238, "spe": 182}, "types": ["Psychic"]}}, {"Talonflame": {"name": "Talonflame", "species": "Talonflame", "speciesId": "talonflame", "gender": "F", "shiny": false, "level": 83, "moves": ["overheat", "roost", "defog", "bravebird"], "ability": "Flame Body", "evs": {"hp": 85, "atk": 85, "def": 85, "spa": 85, "spd": 85, "spe": 85}, "ivs": {"hp": 31, "atk": 31, "def": 31, "spa": 31, "spd": 31, "spe": 31}, "item": "Heavy-Duty Boots", "teraType": "Ground", "role": "Bulky Attacker", "bvs": {"hp": 78, "atk": 81, "def": 71, "spa": 74, "spd": 69, "spe": 126}, "stats": {"hp": 265, "atk": 182, "def": 166, "spa": 171, "spd": 162, "spe": 257}, "types": ["Fire", "Flying"]}, "Rabsca": {"name": "Rabsca", "species": "Rabsca", "speciesId": "rabsca", "gender": "F", "shiny": false, "level": 91, "moves": ["psychic", "bugbuzz", "earthpower", "revivalblessing"], "ability": "Synchronize", "evs": {"hp": 85, "atk": 0, "def": 85, "spa": 85, "spd": 85, "spe": 85}, "ivs": {"hp": 31, "atk": 0, "def": 31, "spa": 31, "spd": 31, "spe": 31}, "item": "Heavy-Duty Boots", "teraType": "Steel", "role": "Wallbreaker", "bvs": {"hp": 75, "atk": 50, "def": 85, "spa": 115, "spd": 100, "spe": 45}, "stats": {"hp": 284, "atk": 96, "def": 207, "spa": 261, "spd": 234, "spe": 134}, "types": ["Bug", "Psychic"]}, "Registeel": {"name": "Registeel", "species": "Registeel", "speciesId": "registeel", "gender": "N", "shiny": false, "level": 81, "moves": ["irondefense", "rest", "bodypress", "ironhead"], "ability": "Clear Body", "evs": {"hp": 85, "atk": 85, "def": 85, "spa": 85, "spd": 85, "spe": 85}, "ivs": {"hp": 31, "atk": 31, "def": 31, "spa": 31, "spd": 31, "spe": 31}, "item": "Chesto Berry", "teraType": "Fighting", "role": "Bulky Setup", "bvs": {"hp": 80, "atk": 75, "def": 150, "spa": 75, "spd": 150, "spe": 50}, "stats": {"hp": 262, "atk": 168, "def": 290, "spa": 168, "spd": 290, "spe": 128}, "types": ["Steel"]}, "Tauros": {"name": "Tauros", "species": "Tauros", "speciesId": "tauros", "gender": "M", "shiny": false, "level": 82, "moves": ["zenheadbutt", "throatchop", "closecombat", "bodyslam"], "ability": "Sheer Force", "evs": {"hp": 85, "atk": 85, "def": 85, "spa": 85, "spd": 85, "spe": 85}, "ivs": {"hp": 31, "atk": 31, "def": 31, "spa": 31, "spd": 31, "spe": 31}, "item": "Life Orb", "teraType": "Fighting", "role": "Wallbreaker", "bvs": {"hp": 75, "atk": 100, "def": 95, "spa": 40, "spd": 70, "spe": 110}, "stats": {"hp": 257, "atk": 211, "def": 203, "spa": 113, "spd": 162, "spe": 228}, "types": ["Normal"]}, "Vileplume": {"name": "Vileplume", "species": "Vileplume", "speciesId": "vileplume", "gender": "M", "shiny": false, "level": 85, "moves": ["strengthsap", "gigadrain", "leechseed", "sludgebomb"], "ability": "Effect Spore", "evs": {"hp": 85, "atk": 0, "def": 85, "spa": 85, "spd": 85, "spe": 85}, "ivs": {"hp": 31, "atk": 0, "def": 31, "spa": 31, "spd": 31, "spe": 31}, "item": "Leftovers", "teraType": "Water", "role": "Bulky Attacker", "bvs": {"hp": 75, "atk": 80, "def": 85, "spa": 110, "spd": 90, "spe": 50}, "stats": {"hp": 266, "atk": 141, "def": 193, "spa": 236, "spd": 202, "spe": 134}, "types": ["Grass", "Poison"]}, "Regigigas": {"name": "Regigigas", "species": "Regigigas", "speciesId": "regigigas", "gender": "N", "shiny": false, "level": 84, "moves": ["protect", "substitute", "knockoff", "bodyslam"], "ability": "Slow Start", "evs": {"hp": 85, "atk": 85, "def": 85, "spa": 85, "spd": 85, "spe": 85}, "ivs": {"hp": 31, "atk": 31, "def": 31, "spa": 31, "spd": 31, "spe": 31}, "item": "Leftovers", "teraType": "Ghost", "role": "Bulky Attacker", "bvs": {"hp": 110, "atk": 160, "def": 110, "spa": 80, "spd": 110, "spe": 100}, "stats": {"hp": 322, "atk": 317, "def": 233, "spa": 183, "spd": 233, "spe": 216}, "types": ["Normal"]}}]}