{"id": "gen9randombattle-2641754110", "format": "[Gen 9] Random Battle", "players": ["Specialdie", "a rabbit"], "log": "|badge|p1|bronze|gen9randombattle|100-9\n|html|<div class=\"broadcast-red\"><strong>This battle is required to be public due to one or more player having a season medal.</strong><br />During the public phase, you can discuss the state of the ladder <a href=\"/seasondiscussion\">in a special chatroom.</a></div>\n|uhtml|medal-msg|<div class=\"broadcast-blue\">Curious what those medals under the avatar are? PS now has Ladder Seasons! For more information, check out the <a href=\"https://www.smogon.com/forums/threads/3740067/\">thread on Smogon.</a></div>\n|badge|p2|bronze|gen9randombattle|100-9\n|uhtml|medal-msg|<div class=\"broadcast-blue\">Curious what those medals under the avatar are? PS now has Ladder Seasons! For more information, check out the <a href=\"https://www.smogon.com/forums/threads/3740067/\">thread on Smogon.</a></div>\n|j|\u2606Specialdie\n|j|\u2606a rabbit\n|t:|1782837917\n|gametype|singles\n|player|p1|Specialdie|acetrainer-gen4dp|2252\n|player|p2|a rabbit|#scl2breakers|2221\n|gen|9\n|tier|[Gen 9] Random Battle\n|rated|\n|rule|Species Clause: Limit one of each Pok\u00e9mon\n|rule|HP Percentage Mod: HP is shown in percentages\n|rule|Sleep Clause Mod: Limit one foe put to sleep\n|rule|Illusion Level Mod: Illusion disguises the Pok\u00e9mon's true level\n|\n|t:|1782837917\n|teamsize|p1|6\n|teamsize|p2|6\n|start\n|switch|p1a: Appletun|Appletun, L92, F|352/352\n|switch|p2a: Ditto|Ditto, L87|225/225\n|-transform|p2a: Ditto|p1a: Appletun|[from] ability: Imposter\n|turn|1\n|\n|t:|1782837942\n|switch|p2a: Tsareena|Tsareena, L87, F|267/267\n|move|p1a: Appletun|Draco Meteor|p2a: Tsareena\n|-damage|p2a: Tsareena|107/267\n|-unboost|p1a: Appletun|spa|2\n|\n|upkeep\n|turn|2\n|\n|t:|1782837950\n|switch|p1a: Skarmory|Skarmory, L80, M|235/235\n|move|p2a: Tsareena|Synthesis|p2a: Tsareena\n|-heal|p2a: Tsareena|240/267\n|\n|upkeep\n|turn|3\n|\n|t:|1782837957\n|switch|p2a: Ditto|Ditto, L87|225/225\n|-transform|p2a: Ditto|p1a: Skarmory|[from] ability: Imposter\n|move|p1a: Skarmory|Body Press|p2a: Ditto\n|-damage|p2a: Ditto|175/225\n|\n|upkeep\n|turn|4\n|\n|t:|1782837966\n|switch|p2a: Granbull|Granbull, L88, F|302/302\n|-ability|p2a: Granbull|Intimidate|boost\n|-unboost|p1a: Skarmory|atk|1\n|move|p1a: Skarmory|Body Press|p2a: Granbull\n|-resisted|p2a: Granbull\n|-damage|p2a: Granbull|263/302\n|\n|-heal|p2a: Granbull|281/302|[from] item: Leftovers\n|upkeep\n|turn|5\n|\n|t:|1782837973\n|switch|p1a: Iron Treads|Iron Treads, L77|265/265\n|move|p2a: Granbull|Thunder Wave|p1a: Iron Treads\n|-immune|p1a: Iron Treads\n|\n|-heal|p2a: Granbull|299/302|[from] item: Leftovers\n|upkeep\n|turn|6\n|\n|t:|1782837980\n|switch|p2a: Tsareena|Tsareena, L87, F|240/267\n|move|p1a: Iron Treads|Stealth Rock|p2a: Tsareena\n|-sidestart|p2: a rabbit|move: Stealth Rock\n|\n|upkeep\n|turn|7\n|\n|t:|1782837985\n|-end|p1a: Iron Treads|Quark Drive|[silent]\n|switch|p1a: Skarmory|Skarmory, L80, M|235/235\n|move|p2a: Tsareena|Knock Off|p1a: Skarmory\n|-damage|p1a: Skarmory|174/235\n|-enditem|p1a: Skarmory|Leftovers|[from] move: Knock Off|[of] p2a: Tsareena\n|\n|upkeep\n|turn|8\n|\n|t:|1782837988\n|move|p2a: Tsareena|U-turn|p1a: Skarmory\n|-resisted|p1a: Skarmory\n|-damage|p1a: Skarmory|164/235\n|\n|t:|1782837991\n|switch|p2a: Granbull|Granbull, L88, F|299/302|[from] U-turn\n|-damage|p2a: Granbull|262/302|[from] Stealth Rock\n|-ability|p2a: Granbull|Intimidate|boost\n|-unboost|p1a: Skarmory|atk|1\n|move|p1a: Skarmory|Brave Bird|p2a: Granbull\n|-damage|p2a: Granbull|190/302\n|-damage|p1a: Skarmory|140/235|[from] Recoil\n|\n|-heal|p2a: Granbull|208/302|[from] item: Leftovers\n|upkeep\n|turn|9\n|\n|t:|1782837995\n|move|p1a: Skarmory|Roost|p1a: Skarmory\n|-heal|p1a: Skarmory|235/235\n|-singleturn|p1a: Skarmory|move: Roost\n|move|p2a: Granbull|Thunder Wave|p1a: Skarmory\n|-status|p1a: Skarmory|par\n|\n|-heal|p2a: Granbull|226/302|[from] item: Leftovers\n|upkeep\n|turn|10\n|\n|t:|1782838013\n|switch|p2a: Tatsugiri|Tatsugiri, L87, M|260/260\n|move|p1a: Skarmory|Brave Bird|p2a: Tatsugiri\n|-damage|p2a: Tatsugiri|179/260\n|-damage|p1a: Skarmory|208/235 par|[from] Recoil\n|\n|upkeep\n|turn|11\n|\n|t:|1782838021\n|switch|p1a: Chansey|Chansey, L85, F|564/564\n|move|p2a: Tatsugiri|Rapid Spin|p1a: Chansey\n|-damage|p1a: Chansey|507/564\n|-boost|p2a: Tatsugiri|spe|1\n|-sideend|p2: a rabbit|Stealth Rock|[from] move: Rapid Spin|[of] p2a: Tatsugiri\n|\n|upkeep\n|turn|12\n|\n|t:|1782838030\n|switch|p2a: Granbull|Granbull, L88, F|226/302\n|-ability|p2a: Granbull|Intimidate|boost\n|-unboost|p1a: Chansey|atk|1\n|move|p1a: Chansey|Thunder Wave|p2a: Granbull\n|-status|p2a: Granbull|par\n|\n|-heal|p2a: Granbull|244/302 par|[from] item: Leftovers\n|upkeep\n|turn|13\n|\n|t:|1782838037\n|switch|p1a: Skarmory|Skarmory, L80, M|208/235 par\n|move|p2a: Granbull|Play Rough|p1a: Skarmory\n|-resisted|p1a: Skarmory\n|-damage|p1a: Skarmory|165/235 par\n|\n|-heal|p2a: Granbull|262/302 par|[from] item: Leftovers\n|upkeep\n|turn|14\n|\n|t:|1782838044\n|switch|p2a: Misdreavus|Misdreavus, L90, F|254/254\n|cant|p1a: Skarmory|par\n|\n|upkeep\n|turn|15\n|\n|t:|1782838053\n|switch|p1a: Gumshoos|Gumshoos, L95, F|321/321\n|move|p2a: Misdreavus|Will-O-Wisp|p1a: Gumshoos\n|-status|p1a: Gumshoos|brn\n|\n|-damage|p1a: Gumshoos|301/321 brn|[from] brn\n|upkeep\n|turn|16\n|\n|t:|1782838058\n|switch|p2a: Granbull|Granbull, L88, F|262/302 par\n|-ability|p2a: Granbull|Intimidate|boost\n|-unboost|p1a: Gumshoos|atk|1\n|move|p1a: Gumshoos|Knock Off|p2a: Granbull\n|-resisted|p2a: Granbull\n|-damage|p2a: Granbull|209/302 par\n|-enditem|p2a: Granbull|Leftovers|[from] move: Knock Off|[of] p1a: Gumshoos\n|\n|-damage|p1a: Gumshoos|281/321 brn|[from] brn\n|upkeep\n|turn|17\n|\n|t:|1782838071\n|switch|p1a: Skarmory|Skarmory, L80, M|165/235 par\n|switch|p2a: Tsareena|Tsareena, L87, F|240/267\n|\n|upkeep\n|turn|18\n|\n|t:|1782838075\n|move|p2a: Tsareena|U-turn|p1a: Skarmory\n|-resisted|p1a: Skarmory\n|-damage|p1a: Skarmory|153/235 par\n|\n|t:|1782838078\n|switch|p2a: Granbull|Granbull, L88, F|209/302 par|[from] U-turn\n|-ability|p2a: Granbull|Intimidate|boost\n|-unboost|p1a: Skarmory|atk|1\n|move|p1a: Skarmory|Brave Bird|p2a: Granbull\n|-damage|p2a: Granbull|136/302 par\n|-damage|p1a: Skarmory|129/235 par|[from] Recoil\n|\n|upkeep\n|turn|19\n|\n|t:|1782838083\n|switch|p2a: Misdreavus|Misdreavus, L90, F|254/254\n|move|p1a: Skarmory|Roost|p1a: Skarmory\n|-heal|p1a: Skarmory|235/235 par\n|-singleturn|p1a: Skarmory|move: Roost\n|\n|upkeep\n|turn|20\n|\n|t:|1782838089\n|switch|p1a: Gumshoos|Gumshoos, L95, F|281/321 brn\n|move|p2a: Misdreavus|Will-O-Wisp|p1a: Gumshoos\n|-fail|p1a: Gumshoos|brn\n|\n|-damage|p1a: Gumshoos|261/321 brn|[from] brn\n|upkeep\n|turn|21\n|\n|t:|1782838094\n|switch|p2a: Granbull|Granbull, L88, F|136/302 par\n|-ability|p2a: Granbull|Intimidate|boost\n|-unboost|p1a: Gumshoos|atk|1\n|move|p1a: Gumshoos|Knock Off|p2a: Granbull\n|-resisted|p2a: Granbull\n|-damage|p2a: Granbull|100/302 par\n|\n|-damage|p1a: Gumshoos|241/321 brn|[from] brn\n|upkeep\n|turn|22\n|\n|t:|1782838102\n|switch|p1a: Skarmory|Skarmory, L80, M|235/235 par\n|switch|p2a: Tsareena|Tsareena, L87, F|240/267\n|\n|upkeep\n|turn|23\n|\n|t:|1782838107\n|move|p2a: Tsareena|U-turn|p1a: Skarmory\n|-resisted|p1a: Skarmory\n|-damage|p1a: Skarmory|224/235 par\n|\n|t:|1782838108\n|switch|p2a: Granbull|Granbull, L88, F|100/302 par|[from] U-turn\n|-ability|p2a: Granbull|Intimidate|boost\n|-unboost|p1a: Skarmory|atk|1\n|cant|p1a: Skarmory|par\n|\n|upkeep\n|turn|24\n|\n|t:|1782838113\n|switch|p2a: Tsareena|Tsareena, L87, F|240/267\n|cant|p1a: Skarmory|par\n|\n|upkeep\n|turn|25\n|c|\u2606Specialdie|lmao\n|\n|t:|1782838119\n|move|p2a: Tsareena|Knock Off|p1a: Skarmory\n|-damage|p1a: Skarmory|185/235 par\n|move|p1a: Skarmory|Brave Bird|p2a: Tsareena\n|-supereffective|p2a: Tsareena\n|-damage|p2a: Tsareena|120/267\n|-damage|p1a: Skarmory|145/235 par|[from] Recoil\n|\n|upkeep\n|turn|26\n|\n|t:|1782838136\n|move|p2a: Tsareena|Synthesis|p2a: Tsareena\n|-heal|p2a: Tsareena|253/267\n|move|p1a: Skarmory|Roost|p1a: Skarmory\n|-heal|p1a: Skarmory|235/235 par\n|-singleturn|p1a: Skarmory|move: Roost\n|\n|upkeep\n|turn|27\n|\n|t:|1782838141\n|move|p2a: Tsareena|U-turn|p1a: Skarmory\n|-resisted|p1a: Skarmory\n|-damage|p1a: Skarmory|224/235 par\n|\n|t:|1782838143\n|switch|p2a: Misdreavus|Misdreavus, L90, F|254/254|[from] U-turn\n|cant|p1a: Skarmory|par\n|\n|upkeep\n|turn|28\n|\n|t:|1782838147\n|switch|p1a: Gumshoos|Gumshoos, L95, F|241/321 brn\n|move|p2a: Misdreavus|Draining Kiss|p1a: Gumshoos\n|-damage|p1a: Gumshoos|197/321 brn\n|\n|-damage|p1a: Gumshoos|177/321 brn|[from] brn\n|upkeep\n|turn|29\n|\n|t:|1782838154\n|switch|p2a: Tsareena|Tsareena, L87, F|253/267\n|move|p1a: Gumshoos|U-turn|p2a: Tsareena\n|-supereffective|p2a: Tsareena\n|-damage|p2a: Tsareena|58/267\n|inactive|Battle timer is ON: inactive players will automatically lose when time's up. (requested by Specialdie)\n|\n|t:|1782838162\n|switch|p1a: Skarmory|Skarmory, L80, M|224/235 par|[from] U-turn\n|\n|upkeep\n|turn|30\n|\n|t:|1782838166\n|move|p2a: Tsareena|Synthesis|p2a: Tsareena\n|-heal|p2a: Tsareena|191/267\n|move|p1a: Skarmory|Brave Bird|p2a: Tsareena\n|-supereffective|p2a: Tsareena\n|-crit|p2a: Tsareena\n|-damage|p2a: Tsareena|0 fnt\n|faint|p2a: Tsareena\n|-damage|p1a: Skarmory|161/235 par|[from] Recoil\n|\n|upkeep\n|\n|t:|1782838175\n|switch|p2a: Tatsugiri|Tatsugiri, L87, M|179/260\n|turn|31\n|\n|t:|1782838182\n|switch|p1a: Chansey|Chansey, L85, F|507/564\n|move|p2a: Tatsugiri|Nasty Plot|p2a: Tatsugiri\n|-boost|p2a: Tatsugiri|spa|2\n|\n|upkeep\n|turn|32\n|\n|t:|1782838186\n|move|p2a: Tatsugiri|Nasty Plot|p2a: Tatsugiri\n|-boost|p2a: Tatsugiri|spa|2\n|move|p1a: Chansey|Thunder Wave|p2a: Tatsugiri|[miss]\n|-miss|p1a: Chansey|p2a: Tatsugiri\n|\n|upkeep\n|turn|33\n|c|\u2606Specialdie|:/\n|c|\u2606Specialdie|ehm\n|\n|t:|1782838210\n|-terastallize|p2a: Tatsugiri|Water\n|move|p2a: Tatsugiri|Surf|p1a: Chansey\n|-damage|p1a: Chansey|207/564\n|move|p1a: Chansey|Thunder Wave|p2a: Tatsugiri\n|-status|p2a: Tatsugiri|par\n|\n|upkeep\n|turn|34\n|c|\u2606Specialdie|why does this happen evrey time\n|\n|t:|1782838221\n|move|p1a: Chansey|Soft-Boiled|p1a: Chansey\n|-heal|p1a: Chansey|489/564\n|cant|p2a: Tatsugiri|par\n|\n|upkeep\n|turn|35\n|\n|t:|1782838226\n|move|p1a: Chansey|Seismic Toss|p2a: Tatsugiri\n|-damage|p2a: Tatsugiri|94/260 par\n|move|p2a: Tatsugiri|Rapid Spin|p1a: Chansey\n|-damage|p1a: Chansey|436/564\n|-boost|p2a: Tatsugiri|spe|1\n|\n|upkeep\n|turn|36\n|\n|t:|1782838239\n|move|p2a: Tatsugiri|Surf|p1a: Chansey\n|-damage|p1a: Chansey|154/564\n|move|p1a: Chansey|Seismic Toss|p2a: Tatsugiri\n|-damage|p2a: Tatsugiri|9/260 par\n|\n|upkeep\n|turn|37\n|\n|t:|1782838244\n|switch|p1a: Lumineon|Lumineon, L93, M|279/279\n|move|p2a: Tatsugiri|Surf|p1a: Lumineon\n|-ability|p1a: Lumineon|Storm Drain|boost\n|-boost|p1a: Lumineon|spa|1\n|\n|upkeep\n|turn|38\n|\n|t:|1782838250\n|move|p1a: Lumineon|Alluring Voice|p2a: Tatsugiri\n|-damage|p2a: Tatsugiri|0 fnt\n|faint|p2a: Tatsugiri\n|-damage|p1a: Lumineon|252/279|[from] item: Life Orb\n|\n|upkeep\n|\n|t:|1782838255\n|switch|p2a: Ditto|Ditto, L87|175/225\n|-transform|p2a: Ditto|p1a: Lumineon|[from] ability: Imposter\n|turn|39\n|\n|t:|1782838265\n|switch|p1a: Skarmory|Skarmory, L80, M|161/235 par\n|move|p2a: Ditto|Alluring Voice|p1a: Skarmory\n|-resisted|p1a: Skarmory\n|-damage|p1a: Skarmory|117/235 par\n|\n|upkeep\n|turn|40\n|\n|t:|1782838270\n|switch|p2a: Misdreavus|Misdreavus, L90, F|254/254\n|cant|p1a: Skarmory|par\n|\n|upkeep\n|turn|41\n|\n|t:|1782838280\n|switch|p2a: Granbull|Granbull, L88, F|100/302 par\n|-ability|p2a: Granbull|Intimidate|boost\n|-unboost|p1a: Skarmory|atk|1\n|switch|p1a: Gumshoos|Gumshoos, L95, F|177/321 brn\n|\n|-damage|p1a: Gumshoos|157/321 brn|[from] brn\n|upkeep\n|turn|42\n|\n|t:|1782838288\n|move|p1a: Gumshoos|U-turn|p2a: Granbull\n|-resisted|p2a: Granbull\n|-damage|p2a: Granbull|71/302 par\n|\n|t:|1782838291\n|switch|p1a: Skarmory|Skarmory, L80, M|117/235 par|[from] U-turn\n|move|p2a: Granbull|Play Rough|p1a: Skarmory\n|-resisted|p1a: Skarmory\n|-damage|p1a: Skarmory|75/235 par\n|\n|upkeep\n|turn|43\n|\n|t:|1782838296\n|switch|p2a: Misdreavus|Misdreavus, L90, F|254/254\n|cant|p1a: Skarmory|par\n|\n|upkeep\n|turn|44\n|\n|t:|1782838302\n|switch|p1a: Gumshoos|Gumshoos, L95, F|157/321 brn\n|move|p2a: Misdreavus|Shadow Ball|p1a: Gumshoos\n|-immune|p1a: Gumshoos\n|\n|-damage|p1a: Gumshoos|137/321 brn|[from] brn\n|upkeep\n|turn|45\n|c|\u2606Specialdie|how many\n|\n|t:|1782838310\n|switch|p2a: Granbull|Granbull, L88, F|71/302 par\n|-ability|p2a: Granbull|Intimidate|boost\n|-unboost|p1a: Gumshoos|atk|1\n|move|p1a: Gumshoos|Knock Off|p2a: Granbull\n|-resisted|p2a: Granbull\n|-damage|p2a: Granbull|39/302 par\n|\n|-damage|p1a: Gumshoos|117/321 brn|[from] brn\n|upkeep\n|turn|46\n|\n|t:|1782838317\n|switch|p1a: Skarmory|Skarmory, L80, M|75/235 par\n|switch|p2a: Misdreavus|Misdreavus, L90, F|254/254\n|\n|upkeep\n|turn|47\n|\n|t:|1782838321\n|move|p2a: Misdreavus|Shadow Ball|p1a: Skarmory\n|-damage|p1a: Skarmory|0 fnt\n|faint|p1a: Skarmory\n|\n|upkeep\n|\n|t:|1782838324\n|switch|p1a: Gumshoos|Gumshoos, L95, F|117/321 brn\n|turn|48\n|\n|t:|1782838327\n|switch|p2a: Granbull|Granbull, L88, F|39/302 par\n|-ability|p2a: Granbull|Intimidate|boost\n|-unboost|p1a: Gumshoos|atk|1\n|move|p1a: Gumshoos|Knock Off|p2a: Granbull\n|-resisted|p2a: Granbull\n|-damage|p2a: Granbull|3/302 par\n|\n|-damage|p1a: Gumshoos|97/321 brn|[from] brn\n|upkeep\n|turn|49\n|\n|t:|1782838330\n|move|p1a: Gumshoos|Knock Off|p2a: Granbull\n|-resisted|p2a: Granbull\n|-damage|p2a: Granbull|0 fnt\n|faint|p2a: Granbull\n|\n|-damage|p1a: Gumshoos|77/321 brn|[from] brn\n|upkeep\n|\n|t:|1782838332\n|switch|p2a: Serperior|Serperior, L79, F|248/248\n|turn|50\n|\n|t:|1782838337\n|switch|p1a: Appletun|Appletun, L92, F|352/352\n|move|p2a: Serperior|Leaf Storm|p1a: Appletun\n|-resisted|p1a: Appletun\n|-damage|p1a: Appletun|322/352\n|-boost|p2a: Serperior|spa|2\n|-damage|p2a: Serperior|224/248|[from] item: Life Orb\n|\n|-heal|p1a: Appletun|344/352|[from] item: Leftovers\n|upkeep\n|turn|51\n|\n|t:|1782838343\n|move|p2a: Serperior|Glare|p1a: Appletun\n|-status|p1a: Appletun|par\n|move|p1a: Appletun|Draco Meteor|p2a: Serperior\n|-damage|p2a: Serperior|59/248\n|-unboost|p1a: Appletun|spa|2\n|\n|-heal|p1a: Appletun|352/352 par|[from] item: Leftovers\n|upkeep\n|turn|52\n|\n|t:|1782838358\n|move|p2a: Serperior|Synthesis|p2a: Serperior\n|-heal|p2a: Serperior|183/248\n|move|p1a: Appletun|Draco Meteor|p2a: Serperior\n|-damage|p2a: Serperior|98/248\n|-unboost|p1a: Appletun|spa|2\n|\n|upkeep\n|turn|53\n|\n|t:|1782838383\n|switch|p1a: Gumshoos|Gumshoos, L95, F|77/321 brn\n|move|p2a: Serperior|Leaf Storm|p1a: Gumshoos|[miss]\n|-miss|p2a: Serperior|p1a: Gumshoos\n|\n|-damage|p1a: Gumshoos|57/321 brn|[from] brn\n|upkeep\n|turn|54\n|\n|t:|1782838391\n|move|p2a: Serperior|Leaf Storm|p1a: Gumshoos\n|-damage|p1a: Gumshoos|0 fnt\n|-boost|p2a: Serperior|spa|2\n|faint|p1a: Gumshoos\n|-damage|p2a: Serperior|74/248|[from] item: Life Orb\n|\n|upkeep\n|\n|t:|1782838401\n|switch|p1a: Iron Treads|Iron Treads, L77|265/265\n|turn|55\n|inactive|Specialdie has 120 seconds left.\n|\n|t:|1782838428\n|-terastallize|p1a: Iron Treads|Dragon\n|move|p2a: Serperior|Leaf Storm|p1a: Iron Treads|[miss]\n|-miss|p2a: Serperior|p1a: Iron Treads\n|move|p1a: Iron Treads|Iron Head|p2a: Serperior\n|-damage|p2a: Serperior|0 fnt\n|faint|p2a: Serperior\n|\n|upkeep\n|\n|t:|1782838433\n|switch|p2a: Misdreavus|Misdreavus, L90, F|254/254\n|turn|56\n|\n|t:|1782838440\n|-end|p1a: Iron Treads|Quark Drive|[silent]\n|switch|p1a: Chansey|Chansey, L85, F|154/564\n|move|p2a: Misdreavus|Will-O-Wisp|p1a: Chansey\n|-status|p1a: Chansey|brn\n|\n|-damage|p1a: Chansey|119/564 brn|[from] brn\n|upkeep\n|turn|57\n|\n|t:|1782838446\n|move|p2a: Misdreavus|Calm Mind|p2a: Misdreavus\n|-boost|p2a: Misdreavus|spa|1\n|-boost|p2a: Misdreavus|spd|1\n|move|p1a: Chansey|Soft-Boiled|p1a: Chansey\n|-heal|p1a: Chansey|401/564 brn\n|\n|-damage|p1a: Chansey|366/564 brn|[from] brn\n|upkeep\n|turn|58\n|\n|t:|1782838449\n|move|p2a: Misdreavus|Shadow Ball|p1a: Chansey\n|-immune|p1a: Chansey\n|move|p1a: Chansey|Thunder Wave|p2a: Misdreavus\n|-status|p2a: Misdreavus|par\n|\n|-damage|p1a: Chansey|331/564 brn|[from] brn\n|upkeep\n|turn|59\n|\n|t:|1782838459\n|move|p1a: Chansey|Heal Bell|p1a: Chansey\n|-activate|p1a: Chansey|move: Heal Bell\n|-curestatus|p1a: Chansey|brn|[msg]\n|-curestatus|p1: Appletun|par|[msg]\n|cant|p2a: Misdreavus|par\n|\n|upkeep\n|turn|60\n|\n|t:|1782838471\n|switch|p1a: Appletun|Appletun, L92, F|352/352\n|move|p2a: Misdreavus|Will-O-Wisp|p1a: Appletun\n|-status|p1a: Appletun|brn\n|\n|-damage|p1a: Appletun|330/352 brn|[from] brn\n|upkeep\n|turn|61\n|\n|t:|1782838480\n|move|p1a: Appletun|Leech Seed|p2a: Misdreavus\n|-start|p2a: Misdreavus|move: Leech Seed\n|move|p2a: Misdreavus|Calm Mind|p2a: Misdreavus\n|-boost|p2a: Misdreavus|spa|1\n|-boost|p2a: Misdreavus|spd|1\n|\n|-heal|p1a: Appletun|352/352 brn|[from] item: Leftovers\n|-damage|p2a: Misdreavus|223/254 par|[from] Leech Seed|[of] p1a: Appletun\n|-damage|p1a: Appletun|330/352 brn|[from] brn\n|upkeep\n|turn|62\n|\n|t:|1782838483\n|switch|p1a: Chansey|Chansey, L85, F|331/564\n|cant|p2a: Misdreavus|par\n|\n|-damage|p2a: Misdreavus|192/254 par|[from] Leech Seed|[of] p1a: Chansey\n|-heal|p1a: Chansey|362/564|[silent]\n|upkeep\n|turn|63\n|\n|t:|1782838494\n|switch|p1a: Lumineon|Lumineon, L93, M|252/279\n|move|p2a: Misdreavus|Draining Kiss|p1a: Lumineon\n|-crit|p1a: Lumineon\n|-damage|p1a: Lumineon|158/279\n|-heal|p2a: Misdreavus|254/254 par|[from] drain|[of] p1a: Lumineon\n|\n|-damage|p2a: Misdreavus|223/254 par|[from] Leech Seed|[of] p1a: Lumineon\n|-heal|p1a: Lumineon|189/279|[silent]\n|upkeep\n|turn|64\n|\n|t:|1782838503\n|switch|p1a: Chansey|Chansey, L85, F|362/564\n|move|p2a: Misdreavus|Shadow Ball|p1a: Chansey\n|-immune|p1a: Chansey\n|\n|-damage|p2a: Misdreavus|192/254 par|[from] Leech Seed|[of] p1a: Chansey\n|-heal|p1a: Chansey|393/564|[silent]\n|upkeep\n|turn|65\n|\n|t:|1782838510\n|switch|p1a: Lumineon|Lumineon, L93, M|189/279\n|cant|p2a: Misdreavus|par\n|\n|-damage|p2a: Misdreavus|161/254 par|[from] Leech Seed|[of] p1a: Lumineon\n|-heal|p1a: Lumineon|220/279|[silent]\n|upkeep\n|turn|66\n|\n|t:|1782838516\n|switch|p1a: Chansey|Chansey, L85, F|393/564\n|move|p2a: Misdreavus|Draining Kiss|p1a: Chansey\n|-damage|p1a: Chansey|347/564\n|-heal|p2a: Misdreavus|196/254 par|[from] drain|[of] p1a: Chansey\n|\n|-damage|p2a: Misdreavus|165/254 par|[from] Leech Seed|[of] p1a: Chansey\n|-heal|p1a: Chansey|378/564|[silent]\n|upkeep\n|turn|67\n|\n|t:|1782838524\n|switch|p2a: Ditto|Ditto, L87|175/225\n|-transform|p2a: Ditto|p1a: Chansey|[from] ability: Imposter\n|move|p1a: Chansey|Heal Bell|p1a: Chansey\n|-activate|p1a: Chansey|move: Heal Bell\n|-curestatus|p1: Appletun|brn|[msg]\n|\n|upkeep\n|turn|68\n|\n|t:|1782838537\n|move|p2a: Ditto|Heal Bell|p2a: Ditto\n|-activate|p2a: Ditto|move: Heal Bell\n|-curestatus|p2: Misdreavus|par|[msg]\n|move|p1a: Chansey|Seismic Toss|p2a: Ditto\n|-damage|p2a: Ditto|90/225\n|\n|upkeep\n|turn|69\n|\n|t:|1782838544\n|switch|p2a: Misdreavus|Misdreavus, L90, F|165/254\n|move|p1a: Chansey|Thunder Wave|p2a: Misdreavus\n|-status|p2a: Misdreavus|par\n|\n|upkeep\n|turn|70\n|\n|t:|1782838551\n|switch|p1a: Appletun|Appletun, L92, F|330/352\n|move|p2a: Misdreavus|Draining Kiss|p1a: Appletun\n|-supereffective|p1a: Appletun\n|-damage|p1a: Appletun|258/352\n|-heal|p2a: Misdreavus|219/254 par|[from] drain|[of] p1a: Appletun\n|\n|-heal|p1a: Appletun|280/352|[from] item: Leftovers\n|upkeep\n|turn|71\n|\n|t:|1782838559\n|switch|p2a: Ditto|Ditto, L87|90/225\n|-transform|p2a: Ditto|p1a: Appletun|[from] ability: Imposter\n|move|p1a: Appletun|Leech Seed|p2a: Ditto\n|-immune|p2a: Ditto\n|\n|-heal|p1a: Appletun|302/352|[from] item: Leftovers\n|upkeep\n|turn|72\n|c|\u2606Specialdie|do you want the stall\n|\n|t:|1782838572\n|switch|p1a: Chansey|Chansey, L85, F|378/564\n|move|p2a: Ditto|Draco Meteor|p1a: Chansey\n|-damage|p1a: Chansey|294/564\n|-unboost|p2a: Ditto|spa|2\n|\n|upkeep\n|turn|73\n|\n|t:|1782838584\n|switch|p2a: Misdreavus|Misdreavus, L90, F|219/254 par\n|switch|p1a: Appletun|Appletun, L92, F|302/352\n|\n|-heal|p1a: Appletun|324/352|[from] item: Leftovers\n|upkeep\n|turn|74\n|\n|t:|1782838589\n|move|p1a: Appletun|Draco Meteor|p2a: Misdreavus\n|-damage|p2a: Misdreavus|104/254 par\n|-unboost|p1a: Appletun|spa|2\n|move|p2a: Misdreavus|Draining Kiss|p1a: Appletun\n|-supereffective|p1a: Appletun\n|-damage|p1a: Appletun|248/352\n|-heal|p2a: Misdreavus|161/254 par|[from] drain|[of] p1a: Appletun\n|\n|-heal|p1a: Appletun|270/352|[from] item: Leftovers\n|upkeep\n|turn|75\n|\n|t:|1782838597\n|switch|p1a: Chansey|Chansey, L85, F|294/564\n|move|p2a: Misdreavus|Draining Kiss|p1a: Chansey\n|-damage|p1a: Chansey|274/564\n|-heal|p2a: Misdreavus|176/254 par|[from] drain|[of] p1a: Chansey\n|\n|upkeep\n|turn|76\n|\n|t:|1782838600\n|move|p1a: Chansey|Soft-Boiled|p1a: Chansey\n|-heal|p1a: Chansey|556/564\n|move|p2a: Misdreavus|Calm Mind|p2a: Misdreavus\n|-boost|p2a: Misdreavus|spa|1\n|-boost|p2a: Misdreavus|spd|1\n|\n|upkeep\n|turn|77\n|\n|t:|1782838604\n|switch|p1a: Lumineon|Lumineon, L93, M|220/279\n|move|p2a: Misdreavus|Draining Kiss|p1a: Lumineon\n|-damage|p1a: Lumineon|166/279\n|-heal|p2a: Misdreavus|217/254 par|[from] drain|[of] p1a: Lumineon\n|\n|upkeep\n|turn|78\n|\n|t:|1782838613\n|switch|p1a: Chansey|Chansey, L85, F|556/564\n|move|p2a: Misdreavus|Shadow Ball|p1a: Chansey\n|-immune|p1a: Chansey\n|\n|upkeep\n|turn|79\n|c|\u2606Specialdie|i pp stall 100%\n|\n|t:|1782838631\n|switch|p1a: Appletun|Appletun, L92, F|270/352\n|move|p2a: Misdreavus|Calm Mind|p2a: Misdreavus\n|-boost|p2a: Misdreavus|spa|1\n|-boost|p2a: Misdreavus|spd|1\n|\n|-heal|p1a: Appletun|292/352|[from] item: Leftovers\n|upkeep\n|turn|80\n|\n|t:|1782838638\n|switch|p1a: Chansey|Chansey, L85, F|556/564\n|move|p2a: Misdreavus|Draining Kiss|p1a: Chansey\n|-damage|p1a: Chansey|516/564\n|-heal|p2a: Misdreavus|247/254 par|[from] drain|[of] p1a: Chansey\n|\n|upkeep\n|turn|81\n|\n|t:|1782838649\n|move|p1a: Chansey|Heal Bell||[still]\n|-activate|p1a: Chansey|move: Heal Bell\n|-fail|p1a: Chansey\n|move|p2a: Misdreavus|Will-O-Wisp|p1a: Chansey|[miss]\n|-miss|p2a: Misdreavus|p1a: Chansey\n|\n|upkeep\n|turn|82\n|\n|t:|1782838653\n|switch|p1a: Lumineon|Lumineon, L93, M|166/279\n|cant|p2a: Misdreavus|par\n|\n|upkeep\n|turn|83\n|\n|t:|1782838659\n|switch|p1a: Chansey|Chansey, L85, F|516/564\n|cant|p2a: Misdreavus|par\n|\n|upkeep\n|turn|84\n|\n|t:|1782838667\n|move|p1a: Chansey|Seismic Toss|p2a: Misdreavus\n|-immune|p2a: Misdreavus\n|move|p2a: Misdreavus|Shadow Ball|p1a: Chansey\n|-immune|p1a: Chansey\n|\n|upkeep\n|turn|85\n|\n|t:|1782838683\n|move|p1a: Chansey|Seismic Toss|p2a: Misdreavus\n|-immune|p2a: Misdreavus\n|move|p2a: Misdreavus|Will-O-Wisp|p1a: Chansey\n|-status|p1a: Chansey|brn\n|\n|-damage|p1a: Chansey|481/564 brn|[from] brn\n|upkeep\n|turn|86\n|\n|t:|1782838692\n|move|p1a: Chansey|Seismic Toss|p2a: Misdreavus\n|-immune|p2a: Misdreavus\n|move|p2a: Misdreavus|Calm Mind|p2a: Misdreavus\n|-boost|p2a: Misdreavus|spa|1\n|-boost|p2a: Misdreavus|spd|1\n|\n|-damage|p1a: Chansey|446/564 brn|[from] brn\n|upkeep\n|turn|87\n|\n|t:|1782838695\n|-curestatus|p1a: Chansey|brn|[from] ability: Natural Cure|[silent]\n|switch|p1a: Lumineon|Lumineon, L93, M|166/279\n|move|p2a: Misdreavus|Shadow Ball|p1a: Lumineon\n|-damage|p1a: Lumineon|0 fnt\n|faint|p1a: Lumineon\n|\n|upkeep\n|\n|t:|1782838707\n|switch|p1a: Appletun|Appletun, L92, F|292/352\n|turn|88\n|\n|t:|1782838711\n|switch|p1a: Chansey|Chansey, L85, F|446/564\n|cant|p2a: Misdreavus|par\n|\n|upkeep\n|turn|89\n|\n|t:|1782838719\n|switch|p1a: Appletun|Appletun, L92, F|292/352\n|move|p2a: Misdreavus|Calm Mind|p2a: Misdreavus\n|-boost|p2a: Misdreavus|spa|1\n|-boost|p2a: Misdreavus|spd|1\n|\n|-heal|p1a: Appletun|314/352|[from] item: Leftovers\n|upkeep\n|turn|90\n|\n|t:|1782838725\n|move|p1a: Appletun|Leech Seed|p2a: Misdreavus\n|-start|p2a: Misdreavus|move: Leech Seed\n|move|p2a: Misdreavus|Shadow Ball|p1a: Appletun\n|-damage|p1a: Appletun|76/352\n|\n|-heal|p1a: Appletun|98/352|[from] item: Leftovers\n|-damage|p2a: Misdreavus|216/254 par|[from] Leech Seed|[of] p1a: Appletun\n|-heal|p1a: Appletun|129/352|[silent]\n|upkeep\n|turn|91\n|\n|t:|1782838745\n|switch|p1a: Chansey|Chansey, L85, F|446/564\n|move|p2a: Misdreavus|Shadow Ball|p1a: Chansey\n|-immune|p1a: Chansey\n|\n|-damage|p2a: Misdreavus|185/254 par|[from] Leech Seed|[of] p1a: Chansey\n|-heal|p1a: Chansey|477/564|[silent]\n|upkeep\n|turn|92\n|\n|t:|1782838755\n|move|p1a: Chansey|Seismic Toss|p2a: Misdreavus\n|-immune|p2a: Misdreavus\n|move|p2a: Misdreavus|Will-O-Wisp|p1a: Chansey\n|-status|p1a: Chansey|brn\n|\n|-damage|p2a: Misdreavus|154/254 par|[from] Leech Seed|[of] p1a: Chansey\n|-heal|p1a: Chansey|508/564 brn|[silent]\n|-damage|p1a: Chansey|473/564 brn|[from] brn\n|upkeep\n|turn|93\n|\n|t:|1782838768\n|switch|p2a: Ditto|Ditto, L87|90/225\n|-transform|p2a: Ditto|p1a: Chansey|[from] ability: Imposter\n|move|p1a: Chansey|Heal Bell|p1a: Chansey\n|-activate|p1a: Chansey|move: Heal Bell\n|-curestatus|p1a: Chansey|brn|[msg]\n|\n|upkeep\n|turn|94\n|\n|t:|1782838774\n|switch|p2a: Misdreavus|Misdreavus, L90, F|154/254 par\n|move|p1a: Chansey|Seismic Toss|p2a: Misdreavus\n|-immune|p2a: Misdreavus\n|\n|upkeep\n|turn|95\n|\n|t:|1782838784\n|switch|p1a: Iron Treads|Iron Treads, L77, tera:Dragon|265/265\n|move|p2a: Misdreavus|Calm Mind|p2a: Misdreavus\n|-boost|p2a: Misdreavus|spa|1\n|-boost|p2a: Misdreavus|spd|1\n|\n|upkeep\n|turn|96\n|\n|t:|1782838788\n|move|p1a: Iron Treads|Iron Head|p2a: Misdreavus\n|-damage|p2a: Misdreavus|87/254 par\n|move|p2a: Misdreavus|Draining Kiss|p1a: Iron Treads\n|-supereffective|p1a: Iron Treads\n|-damage|p1a: Iron Treads|117/265\n|-heal|p2a: Misdreavus|198/254 par|[from] drain|[of] p1a: Iron Treads\n|\n|-heal|p1a: Iron Treads|133/265|[from] item: Leftovers\n|upkeep\n|turn|97\n|\n|t:|1782838797\n|move|p1a: Iron Treads|Stealth Rock|p2a: Misdreavus\n|-sidestart|p2: a rabbit|move: Stealth Rock\n|move|p2a: Misdreavus|Shadow Ball|p1a: Iron Treads\n|-damage|p1a: Iron Treads|0 fnt\n|faint|p1a: Iron Treads\n|-end|p1a: Iron Treads|Quark Drive|[silent]\n|\n|upkeep\n|\n|t:|1782838803\n|switch|p1a: Appletun|Appletun, L92, F|129/352\n|turn|98\n|\n|t:|1782838807\n|move|p1a: Appletun|Leech Seed|p2a: Misdreavus\n|-start|p2a: Misdreavus|move: Leech Seed\n|move|p2a: Misdreavus|Calm Mind|p2a: Misdreavus\n|-boost|p2a: Misdreavus|spa|1\n|-boost|p2a: Misdreavus|spd|1\n|\n|-heal|p1a: Appletun|151/352|[from] item: Leftovers\n|-damage|p2a: Misdreavus|167/254 par|[from] Leech Seed|[of] p1a: Appletun\n|-heal|p1a: Appletun|182/352|[silent]\n|upkeep\n|turn|99\n|\n|t:|1782838811\n|switch|p1a: Chansey|Chansey, L85, F|473/564\n|move|p2a: Misdreavus|Shadow Ball|p1a: Chansey\n|-immune|p1a: Chansey\n|\n|-damage|p2a: Misdreavus|136/254 par|[from] Leech Seed|[of] p1a: Chansey\n|-heal|p1a: Chansey|504/564|[silent]\n|upkeep\n|turn|100\n|\n|t:|1782838822\n|move|p1a: Chansey|Seismic Toss|p2a: Misdreavus\n|-immune|p2a: Misdreavus\n|move|p2a: Misdreavus|Draining Kiss|p1a: Chansey\n|-crit|p1a: Chansey\n|-damage|p1a: Chansey|439/564\n|-heal|p2a: Misdreavus|185/254 par|[from] drain|[of] p1a: Chansey\n|\n|-damage|p2a: Misdreavus|154/254 par|[from] Leech Seed|[of] p1a: Chansey\n|-heal|p1a: Chansey|470/564|[silent]\n|upkeep\n|turn|101\n|\n|t:|1782838829\n|switch|p1a: Appletun|Appletun, L92, F|182/352\n|switch|p2a: Ditto|Ditto, L87|90/225\n|-damage|p2a: Ditto|62/225|[from] Stealth Rock\n|-transform|p2a: Ditto|p1a: Appletun|[from] ability: Imposter\n|\n|-heal|p1a: Appletun|204/352|[from] item: Leftovers\n|upkeep\n|turn|102\n|\n|t:|1782838836\n|switch|p1a: Chansey|Chansey, L85, F|470/564\n|move|p2a: Ditto|Leech Seed|p1a: Chansey\n|-start|p1a: Chansey|move: Leech Seed\n|\n|-damage|p1a: Chansey|400/564|[from] Leech Seed|[of] p2a: Ditto\n|-heal|p2a: Ditto|132/225|[silent]\n|upkeep\n|turn|103\n|\n|t:|1782838840\n|switch|p2a: Misdreavus|Misdreavus, L90, F|154/254 par\n|-damage|p2a: Misdreavus|123/254 par|[from] Stealth Rock\n|switch|p1a: Appletun|Appletun, L92, F|204/352\n|\n|-heal|p1a: Appletun|226/352|[from] item: Leftovers\n|upkeep\n|turn|104\n|\n|t:|1782838846\n|move|p1a: Appletun|Draco Meteor|p2a: Misdreavus|[miss]\n|-miss|p1a: Appletun|p2a: Misdreavus\n|move|p2a: Misdreavus|Draining Kiss|p1a: Appletun\n|-supereffective|p1a: Appletun\n|-damage|p1a: Appletun|146/352\n|-heal|p2a: Misdreavus|183/254 par|[from] drain|[of] p1a: Appletun\n|\n|-heal|p1a: Appletun|168/352|[from] item: Leftovers\n|upkeep\n|turn|105\n|c|\u2606Specialdie|:/\n|\n|t:|1782838855\n|move|p1a: Appletun|Leech Seed|p2a: Misdreavus\n|-start|p2a: Misdreavus|move: Leech Seed\n|move|p2a: Misdreavus|Calm Mind|p2a: Misdreavus\n|-boost|p2a: Misdreavus|spa|1\n|-boost|p2a: Misdreavus|spd|1\n|\n|-heal|p1a: Appletun|190/352|[from] item: Leftovers\n|-damage|p2a: Misdreavus|152/254 par|[from] Leech Seed|[of] p1a: Appletun\n|-heal|p1a: Appletun|221/352|[silent]\n|upkeep\n|turn|106\n|\n|t:|1782838862\n|switch|p1a: Chansey|Chansey, L85, F|400/564\n|switch|p2a: Ditto|Ditto, L87|132/225\n|-damage|p2a: Ditto|104/225|[from] Stealth Rock\n|-transform|p2a: Ditto|p1a: Chansey|[from] ability: Imposter\n|\n|upkeep\n|turn|107\n|c|\u2606Specialdie|i say it killde\n|\n|t:|1782838874\n|switch|p1a: Appletun|Appletun, L92, F|221/352\n|move|p2a: Ditto|Thunder Wave|p1a: Appletun\n|-status|p1a: Appletun|par\n|\n|-heal|p1a: Appletun|243/352 par|[from] item: Leftovers\n|upkeep\n|turn|108\n|\n|t:|1782838881\n|switch|p2a: Misdreavus|Misdreavus, L90, F|152/254 par\n|-damage|p2a: Misdreavus|121/254 par|[from] Stealth Rock\n|cant|p1a: Appletun|par\n|\n|-heal|p1a: Appletun|265/352 par|[from] item: Leftovers\n|upkeep\n|turn|109\n|\n|t:|1782838890\n|switch|p2a: Ditto|Ditto, L87|104/225\n|-damage|p2a: Ditto|76/225|[from] Stealth Rock\n|-transform|p2a: Ditto|p1a: Appletun|[from] ability: Imposter\n|move|p1a: Appletun|Leech Seed|p2a: Ditto\n|-immune|p2a: Ditto\n|\n|-heal|p1a: Appletun|287/352 par|[from] item: Leftovers\n|upkeep\n|turn|110\n|\n|t:|1782838899\n|switch|p1a: Chansey|Chansey, L85, F|400/564\n|move|p2a: Ditto|Draco Meteor|p1a: Chansey\n|-damage|p1a: Chansey|310/564\n|-unboost|p2a: Ditto|spa|2\n|\n|upkeep\n|turn|111\n|\n|t:|1782838905\n|switch|p1a: Appletun|Appletun, L92, F|287/352 par\n|move|p2a: Ditto|Draco Meteor|p1a: Appletun\n|-supereffective|p1a: Appletun\n|-damage|p1a: Appletun|125/352 par\n|-unboost|p2a: Ditto|spa|2\n|\n|-heal|p1a: Appletun|147/352 par|[from] item: Leftovers\n|upkeep\n|turn|112\n|\n|t:|1782838912\n|move|p2a: Ditto|Draco Meteor|p1a: Appletun\n|-supereffective|p1a: Appletun\n|-damage|p1a: Appletun|45/352 par\n|-unboost|p2a: Ditto|spa|2\n|move|p1a: Appletun|Draco Meteor|p2a: Ditto|[miss]\n|-miss|p1a: Appletun|p2a: Ditto\n|\n|-heal|p1a: Appletun|67/352 par|[from] item: Leftovers\n|upkeep\n|turn|113\n|c|\u2606Specialdie|wtf\n|\n|t:|1782838922\n|switch|p1a: Chansey|Chansey, L85, F|310/564\n|move|p2a: Ditto|Draco Meteor|p1a: Chansey\n|-damage|p1a: Chansey|286/564\n|\n|upkeep\n|turn|114\n|\n|t:|1782838933\n|switch|p2a: Misdreavus|Misdreavus, L90, F|121/254 par\n|-damage|p2a: Misdreavus|90/254 par|[from] Stealth Rock\n|move|p1a: Chansey|Heal Bell|p1a: Chansey\n|-activate|p1a: Chansey|move: Heal Bell\n|-curestatus|p1: Appletun|par|[msg]\n|\n|upkeep\n|turn|115\n|\n|t:|1782838944\n|switch|p1a: Appletun|Appletun, L92, F|67/352\n|cant|p2a: Misdreavus|par\n|\n|-heal|p1a: Appletun|89/352|[from] item: Leftovers\n|upkeep\n|turn|116\n|\n|t:|1782838948\n|move|p1a: Appletun|Draco Meteor|p2a: Misdreavus\n|-damage|p2a: Misdreavus|0 fnt\n|-unboost|p1a: Appletun|spa|2\n|faint|p2a: Misdreavus\n|\n|-heal|p1a: Appletun|111/352|[from] item: Leftovers\n|upkeep\n|c|\u2606Specialdie|finally\n|c|\u2606Specialdie|how carried\n|c|\u2606a rabbit|see I draining kissed that turn\n|c|\u2606Specialdie|hoping on paras\n|c|\u2606a rabbit|was almost worth the pp stall\n|c|\u2606a rabbit|i mean look at my team and tell me how do I break\n|inactive|a rabbit has 120 seconds left.\n|c|\u2606a rabbit|apple + skarm + chansey\n|c|\u2606Specialdie|it  was  doing double  para each switch\n|c|\u2606a rabbit|i dont even have hazards\n|c|\u2606Specialdie|i know\n|c|\u2606a rabbit|yea so saying i was 'carried' is ignorant\n|inactive|a rabbit has 90 seconds left.\n|c|\u2606Specialdie|you where greedy with Tsarrena\n|c|\u2606a rabbit|look at the mu\n|c|\u2606a rabbit|i kinda had to be\n|c|\u2606Specialdie|if you knock off\n|c|\u2606a rabbit|vs what\n|\n|t:|1782839030\n|switch|p2a: Ditto|Ditto, L87|76/225\n|-damage|p2a: Ditto|48/225|[from] Stealth Rock\n|-transform|p2a: Ditto|p1a: Appletun|[from] ability: Imposter\n|turn|117\n|c|\u2606Specialdie|i  wouldn't recover good\n|c|\u2606Specialdie|evrey mon hated knock off in my team\n|\n|t:|1782839059\n|move|p2a: Ditto|Draco Meteor|p1a: Appletun\n|-supereffective|p1a: Appletun\n|-damage|p1a: Appletun|0 fnt\n|-unboost|p2a: Ditto|spa|2\n|faint|p1a: Appletun\n|\n|upkeep\n|\n|t:|1782839061\n|switch|p1a: Chansey|Chansey, L85, F|286/564\n|turn|118\n|c|\u2606a rabbit|bro you had a skarm\n|c|\u2606a rabbit|that took knock from tsareena all day\n|\n|t:|1782839087\n|move|p2a: Ditto|Draco Meteor|p1a: Chansey\n|-crit|p1a: Chansey\n|-damage|p1a: Chansey|154/564\n|-unboost|p2a: Ditto|spa|2\n|move|p1a: Chansey|Soft-Boiled|p1a: Chansey\n|-heal|p1a: Chansey|436/564\n|\n|upkeep\n|turn|119\n|c|\u2606Specialdie|i know what tera was  serperior?\n|c|\u2606a rabbit|dragon\n|c|\u2606Specialdie|hmm\n|inactive|Specialdie has 120 seconds left.\n|c|\u2606Specialdie|i see you could win with that\n|c|\u2606a rabbit|you have a twave chansey\n|\n|t:|1782839129\n|move|p2a: Ditto|Draco Meteor|p1a: Chansey\n|-damage|p1a: Chansey|409/564\n|move|p1a: Chansey|Seismic Toss|p2a: Ditto\n|-damage|p2a: Ditto|0 fnt\n|faint|p2a: Ditto\n|\n|win|Specialdie\n|raw|Specialdie's rating: 2252 &rarr; <strong>2270</strong><br />(+18 for winning)\n|raw|a rabbit's rating: 2221 &rarr; <strong>2203</strong><br />(-18 for losing)\n", "inputlog": ">version f8ac14003a5f27e1bdc8d8c59608a773c1cb96e5\n>start {\"formatid\":\"gen9randombattle\",\"seed\":\"sodium,5f09e627f43fd3ee8508362df5e5a0db\",\"rated\":\"Rated battle\"}\n>player p1 {\"name\":\"Specialdie\",\"avatar\":\"acetrainer-gen4dp\",\"rating\":2252,\"seed\":\"sodium,9b85ef81ca1759147c61e69cc914fdf5\"}\n>player p2 {\"name\":\"a rabbit\",\"avatar\":\"#scl2breakers\",\"rating\":2221,\"seed\":\"sodium,38c01139746595aac7aa8dcc0bb7c128\"}\n>p1 move dracometeor\n>p2 switch 4\n>p1 switch 3\n>p2 move synthesis\n>p1 move bodypress\n>p2 switch 4\n>p1 move bodypress\n>p2 switch 6\n>p1 switch 2\n>p2 move thunderwave\n>p1 move stealthrock\n>p2 switch 4\n>p1 switch 2\n>p2 move knockoff\n>p1 move bravebird\n>p2 move uturn\n>p2 switch 4\n>p1 move roost\n>p2 move thunderwave\n>p1 move bravebird\n>p2 switch 2\n>p1 switch 5\n>p2 move rapidspin\n>p1 move thunderwave\n>p2 switch 2\n>p1 switch 5\n>p2 move playrough\n>p1 move bravebird\n>p2 switch 3\n>p1 switch 6\n>p2 move willowisp\n>p1 move knockoff\n>p2 switch 3\n>p1 switch 6\n>p2 switch 4\n>p1 move bravebird\n>p2 move uturn\n>p2 switch 4\n>p1 move roost\n>p2 switch 3\n>p1 switch 6\n>p2 move willowisp\n>p1 move knockoff\n>p2 switch 3\n>p1 switch 6\n>p2 switch 4\n>p1 move bravebird\n>p2 move uturn\n>p2 switch 4\n>p1 move bravebird\n>p2 switch 4\n>chat \u2606Specialdie|lmao\n>p1 move bravebird\n>p2 move knockoff\n>p1 move roost\n>p2 move synthesis\n>p1 move bodypress\n>p2 move uturn\n>p2 switch 3\n>p1 switch 6\n>p2 move drainingkiss\n>p1 move uturn\n>p2 switch 3\n>p1 switch 6\n>p1 move bravebird\n>p2 move synthesis\n>p2 switch 2\n>p1 switch 5\n>p2 move nastyplot\n>p1 move thunderwave\n>p2 move nastyplot\n>chat \u2606Specialdie|:/\n>chat \u2606Specialdie|ehm\n>p1 move thunderwave\n>p2 move surf terastallize\n>chat \u2606Specialdie|why does this happen evrey time\n>p1 move softboiled\n>p2 move rapidspin\n>p1 move seismictoss\n>p2 move rapidspin\n>p1 move seismictoss\n>p2 move surf\n>p1 switch 4\n>p2 move surf\n>p1 move alluringvoice\n>p2 move dracometeor\n>p2 switch 6\n>p1 switch 5\n>p2 move alluringvoice\n>p1 move roost\n>p2 switch 3\n>p1 switch 6\n>p2 switch 4\n>p1 move uturn\n>p2 move playrough\n>p1 switch 6\n>p1 move roost\n>p2 switch 4\n>p1 switch 6\n>p2 move shadowball\n>chat \u2606Specialdie|how many\n>p1 move knockoff\n>p2 switch 4\n>p1 switch 6\n>p2 switch 4\n>p1 move roost\n>p2 move shadowball\n>p1 switch 6\n>p1 move knockoff\n>p2 switch 4\n>p1 move knockoff\n>p2 move playrough\n>p2 switch 5\n>p1 switch 3\n>p2 move leafstorm\n>p1 move dracometeor\n>p2 move glare\n>p1 move dracometeor\n>p2 move synthesis\n>p1 switch 3\n>p2 move leafstorm\n>p1 move uturn\n>p2 move leafstorm\n>p1 switch 2\n>p1 move ironhead terastallize\n>p2 move leafstorm\n>p2 switch 4\n>p1 switch 4\n>p2 move willowisp\n>p1 move softboiled\n>p2 move calmmind\n>p1 move thunderwave\n>p2 move shadowball\n>p1 move healbell\n>p2 move shadowball\n>p1 switch 3\n>p2 move willowisp\n>p1 move leechseed\n>p2 move calmmind\n>p1 switch 3\n>p2 move drainingkiss\n>p1 switch 5\n>p2 move drainingkiss\n>p1 switch 5\n>p2 move shadowball\n>p1 switch 5\n>p2 move drainingkiss\n>p1 switch 5\n>p2 move drainingkiss\n>p1 move healbell\n>p2 switch 3\n>p1 move seismictoss\n>p2 move healbell\n>p1 move thunderwave\n>p2 switch 3\n>p1 switch 3\n>p2 move drainingkiss\n>p1 move leechseed\n>p2 switch 3\n>chat \u2606Specialdie|do you want the stall\n>p1 switch 3\n>p2 move dracometeor\n>p1 switch 3\n>p2 switch 3\n>p1 move dracometeor\n>p2 move drainingkiss\n>p1 switch 3\n>p2 move drainingkiss\n>p1 move softboiled\n>p2 move calmmind\n>p1 switch 5\n>p2 move drainingkiss\n>p1 switch 5\n>p2 move shadowball\n>chat \u2606Specialdie|i pp stall 100%\n>p1 switch 3\n>p2 move calmmind\n>p1 switch 3\n>p2 move drainingkiss\n>p1 move healbell\n>p2 move willowisp\n>p1 switch 5\n>p2 move willowisp\n>p1 switch 5\n>p2 move willowisp\n>p1 move seismictoss\n>p2 move shadowball\n>p1 move seismictoss\n>p2 move willowisp\n>p1 move seismictoss\n>p2 move calmmind\n>p1 switch 5\n>p2 move shadowball\n>p1 switch 3\n>p1 switch 5\n>p2 move shadowball\n>p1 switch 5\n>p2 move calmmind\n>p1 move leechseed\n>p2 move shadowball\n>p1 switch 5\n>p2 move shadowball\n>p1 move seismictoss\n>p2 move willowisp\n>p1 move healbell\n>p2 switch 3\n>p1 move seismictoss\n>p2 switch 3\n>p1 switch 4\n>p2 move calmmind\n>p1 move ironhead\n>p2 move drainingkiss\n>p1 move stealthrock\n>p2 move shadowball\n>p1 switch 5\n>p1 move leechseed\n>p2 move calmmind\n>p1 switch 4\n>p2 move shadowball\n>p1 move seismictoss\n>p2 move drainingkiss\n>p1 switch 4\n>p2 switch 3\n>p1 switch 4\n>p2 move leechseed\n>p1 switch 4\n>p2 switch 3\n>p1 move dracometeor\n>p2 move drainingkiss\n>chat \u2606Specialdie|:/\n>p1 move leechseed\n>p2 move calmmind\n>p1 switch 4\n>p2 switch 3\n>chat \u2606Specialdie|i say it killde\n>p1 switch 4\n>p2 move thunderwave\n>p1 move leechseed\n>p2 switch 3\n>p1 move leechseed\n>p2 switch 3\n>p1 switch 4\n>p2 move dracometeor\n>p1 switch 4\n>p2 move dracometeor\n>p1 move dracometeor\n>p2 move dracometeor\n>chat \u2606Specialdie|wtf\n>p1 switch 4\n>p2 move dracometeor\n>p1 move healbell\n>p2 switch 3\n>p1 switch 4\n>p2 move drainingkiss\n>p1 move dracometeor\n>p2 move drainingkiss\n>chat \u2606Specialdie|finally\n>chat \u2606Specialdie|how carried\n>chat \u2606a rabbit|see I draining kissed that turn\n>chat \u2606Specialdie|hoping on paras\n>chat \u2606a rabbit|was almost worth the pp stall\n>chat \u2606a rabbit|i mean look at my team and tell me how do I break\n>chat \u2606a rabbit|apple + skarm + chansey\n>chat \u2606Specialdie|it  was  doing double  para each switch\n>chat \u2606a rabbit|i dont even have hazards\n>chat \u2606Specialdie|i know\n>chat \u2606a rabbit|yea so saying i was 'carried' is ignorant\n>chat \u2606Specialdie|you where greedy with Tsarrena\n>chat \u2606a rabbit|look at the mu\n>chat \u2606a rabbit|i kinda had to be\n>chat \u2606Specialdie|if you knock off\n>chat \u2606a rabbit|vs what\n>p2 switch 3\n>chat \u2606Specialdie|i  wouldn't recover good\n>chat \u2606Specialdie|evrey mon hated knock off in my team\n>p1 move dracometeor\n>p2 move dracometeor\n>p1 switch 4\n>chat \u2606a rabbit|bro you had a skarm\n>chat \u2606a rabbit|that took knock from tsareena all day\n>p1 move softboiled\n>p2 move dracometeor\n>chat \u2606Specialdie|i know what tera was  serperior?\n>chat \u2606a rabbit|dragon\n>chat \u2606Specialdie|hmm\n>chat \u2606Specialdie|i see you could win with that\n>chat \u2606a rabbit|you have a twave chansey\n>p1 move seismictoss\n>p2 move dracometeor", "uploadtime": 1782837922, "views": 7, "formatid": "gen9randombattle", "rating": 2203, "private": 0, "password": null, "player_dets": [{"name": "Specialdie", "avatar": "acetrainer-gen4dp", "rating": 2252, "seed": "sodium,9b85ef81ca1759147c61e69cc914fdf5"}, {"name": "a rabbit", "avatar": "#scl2breakers", "rating": 2221, "seed": "sodium,38c01139746595aac7aa8dcc0bb7c128"}], "teams_full": [{"Appletun": {"name": "Appletun", "species": "Appletun", "speciesId": "appletun", "gender": "F", "shiny": false, "level": 92, "moves": ["leechseed", "dracometeor", "appleacid", "recover"], "ability": "Thick Fat", "evs": {"hp": 85, "atk": 0, "def": 85, "spa": 85, "spd": 85, "spe": 85}, "ivs": {"hp": 31, "atk": 0, "def": 31, "spa": 31, "spd": 31, "spe": 31}, "item": "Leftovers", "teraType": "Steel", "role": "Bulky Attacker", "bvs": {"hp": 110, "atk": 85, "def": 80, "spa": 100, "spd": 80, "spe": 30}, "stats": {"hp": 352, "atk": 161, "def": 200, "spa": 236, "spd": 200, "spe": 108}, "types": ["Grass", "Dragon"]}, "Iron Treads": {"name": "Iron Treads", "species": "Iron Treads", "speciesId": "irontreads", "gender": "N", "shiny": false, "level": 77, "moves": ["earthquake", "stealthrock", "ironhead", "rapidspin"], "ability": "Quark Drive", "evs": {"hp": 85, "atk": 85, "def": 85, "spa": 85, "spd": 85, "spe": 85}, "ivs": {"hp": 31, "atk": 31, "def": 31, "spa": 31, "spd": 31, "spe": 31}, "item": "Leftovers", "teraType": "Dragon", "role": "Bulky Support", "bvs": {"hp": 90, "atk": 112, "def": 120, "spa": 72, "spd": 70, "spe": 106}, "stats": {"hp": 265, "atk": 217, "def": 229, "spa": 155, "spd": 152, "spe": 208}, "types": ["Ground", "Steel"]}, "Skarmory": {"name": "Skarmory", "species": "Skarmory", "speciesId": "skarmory", "gender": "M", "shiny": false, "level": 80, "moves": ["bravebird", "bodypress", "irondefense", "roost"], "ability": "Sturdy", "evs": {"hp": 85, "atk": 85, "def": 85, "spa": 85, "spd": 85, "spe": 85}, "ivs": {"hp": 31, "atk": 31, "def": 31, "spa": 31, "spd": 31, "spe": 31}, "item": "Leftovers", "teraType": "Fighting", "role": "Bulky Setup", "bvs": {"hp": 65, "atk": 80, "def": 140, "spa": 40, "spd": 70, "spe": 70}, "stats": {"hp": 235, "atk": 174, "def": 270, "spa": 110, "spd": 158, "spe": 158}, "types": ["Steel", "Flying"]}, "Lumineon": {"name": "Lumineon", "species": "Lumineon", "speciesId": "lumineon", "gender": "M", "shiny": false, "level": 93, "moves": ["encore", "icebeam", "alluringvoice", "hydropump"], "ability": "Storm Drain", "evs": {"hp": 85, "atk": 0, "def": 85, "spa": 85, "spd": 85, "spe": 85}, "ivs": {"hp": 31, "atk": 0, "def": 31, "spa": 31, "spd": 31, "spe": 31}, "item": "Life Orb", "teraType": "Fairy", "role": "Fast Attacker", "bvs": {"hp": 69, "atk": 69, "def": 76, "spa": 69, "spd": 86, "spe": 91}, "stats": {"hp": 279, "atk": 133, "def": 194, "spa": 181, "spd": 213, "spe": 222}, "types": ["Water"]}, "Chansey": {"name": "Chansey", "species": "Chansey", "speciesId": "chansey", "gender": "F", "shiny": false, "level": 85, "moves": ["seismictoss", "softboiled", "healbell", "thunderwave"], "ability": "Natural Cure", "evs": {"hp": 85, "atk": 0, "def": 85, "spa": 85, "spd": 85, "spe": 85}, "ivs": {"hp": 31, "atk": 0, "def": 31, "spa": 31, "spd": 31, "spe": 31}, "item": "Eviolite", "teraType": "Dark", "role": "Bulky Support", "bvs": {"hp": 250, "atk": 5, "def": 5, "spa": 35, "spd": 105, "spe": 50}, "stats": {"hp": 564, "atk": 13, "def": 57, "spa": 108, "spd": 227, "spe": 134}, "types": ["Normal"]}, "Gumshoos": {"name": "Gumshoos", "species": "Gumshoos", "speciesId": "gumshoos", "gender": "F", "shiny": false, "level": 95, "moves": ["doubleedge", "knockoff", "earthquake", "uturn"], "ability": "Stakeout", "evs": {"hp": 85, "atk": 85, "def": 85, "spa": 85, "spd": 85, "spe": 85}, "ivs": {"hp": 31, "atk": 31, "def": 31, "spa": 31, "spd": 31, "spe": 31}, "item": "Choice Band", "teraType": "Normal", "role": "Wallbreaker", "bvs": {"hp": 88, "atk": 110, "def": 60, "spa": 55, "spd": 60, "spe": 45}, "stats": {"hp": 321, "atk": 263, "def": 168, "spa": 158, "spd": 168, "spe": 139}, "types": ["Normal"]}}, {"Ditto": {"name": "Ditto", "species": "Ditto", "speciesId": "ditto", "gender": "N", "shiny": false, "level": 87, "moves": ["transform"], "ability": "Imposter", "evs": {"hp": 85, "atk": 85, "def": 85, "spa": 85, "spd": 85, "spe": 85}, "ivs": {"hp": 31, "atk": 31, "def": 31, "spa": 31, "spd": 31, "spe": 31}, "item": "Choice Scarf", "teraType": "Steel", "role": "Fast Support", "bvs": {"hp": 48, "atk": 48, "def": 48, "spa": 48, "spd": 48, "spe": 48}, "stats": {"hp": 225, "atk": 133, "def": 133, "spa": 133, "spd": 133, "spe": 133}, "types": ["Normal"]}, "Tatsugiri": {"name": "Tatsugiri", "species": "Tatsugiri", "speciesId": "tatsugiri", "gender": "M", "shiny": false, "level": 87, "moves": ["nastyplot", "surf", "dracometeor", "rapidspin"], "ability": "Storm Drain", "evs": {"hp": 85, "atk": 85, "def": 85, "spa": 85, "spd": 85, "spe": 85}, "ivs": {"hp": 31, "atk": 31, "def": 31, "spa": 31, "spd": 31, "spe": 31}, "item": "Heavy-Duty Boots", "teraType": "Water", "role": "Fast Support", "bvs": {"hp": 68, "atk": 50, "def": 60, "spa": 120, "spd": 95, "spe": 82}, "stats": {"hp": 260, "atk": 137, "def": 154, "spa": 259, "spd": 215, "spe": 192}, "types": ["Dragon", "Water"]}, "Misdreavus": {"name": "Misdreavus", "species": "Misdreavus", "speciesId": "misdreavus", "gender": "F", "shiny": false, "level": 90, "moves": ["drainingkiss", "willowisp", "calmmind", "shadowball"], "ability": "Levitate", "evs": {"hp": 85, "atk": 0, "def": 85, "spa": 85, "spd": 85, "spe": 85}, "ivs": {"hp": 31, "atk": 0, "def": 31, "spa": 31, "spd": 31, "spe": 31}, "item": "Eviolite", "teraType": "Fairy", "role": "Bulky Setup", "bvs": {"hp": 60, "atk": 60, "def": 60, "spa": 85, "spd": 85, "spe": 85}, "stats": {"hp": 254, "atk": 113, "def": 159, "spa": 204, "spd": 204, "spe": 204}, "types": ["Ghost"]}, "Tsareena": {"name": "Tsareena", "species": "Tsareena", "speciesId": "tsareena", "gender": "F", "shiny": false, "level": 87, "moves": ["synthesis", "knockoff", "uturn", "powerwhip"], "ability": "Queenly Majesty", "evs": {"hp": 85, "atk": 85, "def": 85, "spa": 85, "spd": 85, "spe": 85}, "ivs": {"hp": 31, "atk": 31, "def": 31, "spa": 31, "spd": 31, "spe": 31}, "item": "Heavy-Duty Boots", "teraType": "Steel", "role": "Fast Support", "bvs": {"hp": 72, "atk": 120, "def": 98, "spa": 50, "spd": 98, "spe": 72}, "stats": {"hp": 267, "atk": 259, "def": 220, "spa": 137, "spd": 220, "spe": 175}, "types": ["Grass"]}, "Serperior": {"name": "Serperior", "species": "Serperior", "speciesId": "serperior", "gender": "F", "shiny": false, "level": 79, "moves": ["leafstorm", "glare", "dragonpulse", "synthesis"], "ability": "Contrary", "evs": {"hp": 85, "atk": 0, "def": 85, "spa": 85, "spd": 85, "spe": 85}, "ivs": {"hp": 31, "atk": 0, "def": 31, "spa": 31, "spd": 31, "spe": 31}, "item": "Life Orb", "teraType": "Grass", "role": "Fast Attacker", "bvs": {"hp": 75, "atk": 75, "def": 95, "spa": 75, "spd": 95, "spe": 113}, "stats": {"hp": 248, "atk": 123, "def": 196, "spa": 164, "spd": 196, "spe": 224}, "types": ["Grass"]}, "Granbull": {"name": "Granbull", "species": "Granbull", "speciesId": "granbull", "gender": "F", "shiny": false, "level": 88, "moves": ["roar", "earthquake", "playrough", "thunderwave"], "ability": "Intimidate", "evs": {"hp": 85, "atk": 85, "def": 85, "spa": 85, "spd": 85, "spe": 85}, "ivs": {"hp": 31, "atk": 31, "def": 31, "spa": 31, "spd": 31, "spe": 31}, "item": "Leftovers", "teraType": "Ground", "role": "Bulky Support", "bvs": {"hp": 90, "atk": 120, "def": 75, "spa": 60, "spd": 60, "spe": 45}, "stats": {"hp": 302, "atk": 261, "def": 182, "spa": 156, "spd": 156, "spe": 129}, "types": ["Fairy"]}}]}