{"id": "gen9randombattle-2642014723", "format": "[Gen 9] Random Battle", "players": ["forcemajor14", "aofoxygen"], "log": "|j|\u2606forcemajor14\n|j|\u203daofoxygen\n|t:|1782873501\n|gametype|singles\n|player|p1|forcemajor14|169|2003\n|player|p2|aofoxygen|169|1985\n|gen|9\n|tier|[Gen 9] Random Battle\n|rated|\n|rule|Species Clause: Limit one of each Pok\u00e9mon\n|rule|HP Percentage Mod: HP is shown in percentages\n|rule|Sleep Clause Mod: Limit one foe put to sleep\n|rule|Illusion Level Mod: Illusion disguises the Pok\u00e9mon's true level\n|\n|t:|1782873501\n|teamsize|p1|6\n|teamsize|p2|6\n|start\n|switch|p1a: Probopass|Probopass, L91, F|257/257\n|switch|p2a: Quagsire|Quagsire, L84, M|297/297\n|turn|1\n|inactive|Battle timer is ON: inactive players will automatically lose when time's up. (requested by forcemajor14)\n|\n|t:|1782873514\n|switch|p1a: Venusaur|Venusaur, L84, M|272/272\n|move|p2a: Quagsire|Spikes|p1a: Venusaur\n|-sidestart|p1: forcemajor14|Spikes\n|\n|upkeep\n|turn|2\n|\n|t:|1782873519\n|switch|p2a: Gogoat|Gogoat, L88, M|360/360\n|move|p1a: Venusaur|Substitute|p1a: Venusaur\n|-start|p1a: Venusaur|Substitute\n|-damage|p1a: Venusaur|204/272\n|\n|-heal|p1a: Venusaur|221/272|[from] item: Leftovers\n|upkeep\n|turn|3\n|\n|t:|1782873528\n|-terastallize|p2a: Gogoat|Water\n|move|p1a: Venusaur|Sludge Bomb|p2a: Gogoat\n|-damage|p2a: Gogoat|264/360\n|-status|p2a: Gogoat|psn\n|move|p2a: Gogoat|Bulk Up|p2a: Gogoat\n|-boost|p2a: Gogoat|atk|1\n|-boost|p2a: Gogoat|def|1\n|\n|-heal|p1a: Venusaur|238/272|[from] item: Leftovers\n|-heal|p2a: Gogoat|286/360 psn|[from] item: Leftovers\n|-damage|p2a: Gogoat|241/360 psn|[from] psn\n|upkeep\n|turn|4\n|\n|t:|1782873532\n|move|p1a: Venusaur|Giga Drain|p2a: Gogoat\n|-ability|p2a: Gogoat|Sap Sipper|boost\n|-boost|p2a: Gogoat|atk|1\n|move|p2a: Gogoat|Bulk Up|p2a: Gogoat\n|-boost|p2a: Gogoat|atk|1\n|-boost|p2a: Gogoat|def|1\n|\n|-heal|p1a: Venusaur|255/272|[from] item: Leftovers\n|-heal|p2a: Gogoat|263/360 psn|[from] item: Leftovers\n|-damage|p2a: Gogoat|218/360 psn|[from] psn\n|upkeep\n|turn|5\n|\n|t:|1782873535\n|move|p1a: Venusaur|Sludge Bomb|p2a: Gogoat\n|-damage|p2a: Gogoat|112/360 psn\n|move|p2a: Gogoat|Milk Drink|p2a: Gogoat\n|-heal|p2a: Gogoat|292/360 psn\n|\n|-heal|p1a: Venusaur|272/272|[from] item: Leftovers\n|-heal|p2a: Gogoat|314/360 psn|[from] item: Leftovers\n|-damage|p2a: Gogoat|269/360 psn|[from] psn\n|upkeep\n|turn|6\n|\n|t:|1782873540\n|move|p1a: Venusaur|Sludge Bomb|p2a: Gogoat\n|-damage|p2a: Gogoat|169/360 psn\n|move|p2a: Gogoat|Earthquake|p1a: Venusaur\n|-end|p1a: Venusaur|Substitute\n|\n|-heal|p2a: Gogoat|191/360 psn|[from] item: Leftovers\n|-damage|p2a: Gogoat|146/360 psn|[from] psn\n|upkeep\n|turn|7\n|\n|t:|1782873544\n|move|p1a: Venusaur|Sludge Bomb|p2a: Gogoat\n|-damage|p2a: Gogoat|40/360 psn\n|move|p2a: Gogoat|Earthquake|p1a: Venusaur\n|-crit|p1a: Venusaur\n|-damage|p1a: Venusaur|0 fnt\n|faint|p1a: Venusaur\n|\n|-heal|p2a: Gogoat|62/360 psn|[from] item: Leftovers\n|-damage|p2a: Gogoat|17/360 psn|[from] psn\n|upkeep\n|\n|t:|1782873545\n|switch|p1a: Weezing|Weezing, L88, F|258/258\n|turn|8\n|\n|t:|1782873550\n|move|p2a: Gogoat|Milk Drink|p2a: Gogoat\n|-heal|p2a: Gogoat|197/360 psn\n|move|p1a: Weezing|Sludge Bomb|p2a: Gogoat\n|-damage|p2a: Gogoat|107/360 psn\n|\n|-heal|p2a: Gogoat|129/360 psn|[from] item: Leftovers\n|-damage|p2a: Gogoat|84/360 psn|[from] psn\n|upkeep\n|turn|9\n|\n|t:|1782873553\n|move|p2a: Gogoat|Milk Drink|p2a: Gogoat\n|-heal|p2a: Gogoat|264/360 psn\n|move|p1a: Weezing|Sludge Bomb|p2a: Gogoat\n|-damage|p2a: Gogoat|173/360 psn\n|\n|-heal|p2a: Gogoat|195/360 psn|[from] item: Leftovers\n|-damage|p2a: Gogoat|150/360 psn|[from] psn\n|upkeep\n|turn|10\n|\n|t:|1782873556\n|move|p2a: Gogoat|Milk Drink|p2a: Gogoat\n|-heal|p2a: Gogoat|330/360 psn\n|move|p1a: Weezing|Sludge Bomb|p2a: Gogoat\n|-damage|p2a: Gogoat|239/360 psn\n|\n|-heal|p2a: Gogoat|261/360 psn|[from] item: Leftovers\n|-damage|p2a: Gogoat|216/360 psn|[from] psn\n|upkeep\n|turn|11\n|\n|t:|1782873559\n|move|p2a: Gogoat|Bulk Up|p2a: Gogoat\n|-boost|p2a: Gogoat|atk|1\n|-boost|p2a: Gogoat|def|1\n|move|p1a: Weezing|Sludge Bomb|p2a: Gogoat\n|-damage|p2a: Gogoat|122/360 psn\n|\n|-heal|p2a: Gogoat|144/360 psn|[from] item: Leftovers\n|-damage|p2a: Gogoat|99/360 psn|[from] psn\n|upkeep\n|turn|12\n|\n|t:|1782873565\n|move|p2a: Gogoat|Milk Drink|p2a: Gogoat\n|-heal|p2a: Gogoat|279/360 psn\n|move|p1a: Weezing|Sludge Bomb|p2a: Gogoat\n|-damage|p2a: Gogoat|176/360 psn\n|\n|-heal|p2a: Gogoat|198/360 psn|[from] item: Leftovers\n|-damage|p2a: Gogoat|153/360 psn|[from] psn\n|upkeep\n|turn|13\n|\n|t:|1782873567\n|move|p2a: Gogoat|Horn Leech|p1a: Weezing\n|-resisted|p1a: Weezing\n|-damage|p1a: Weezing|157/258\n|-heal|p2a: Gogoat|204/360 psn|[from] drain|[of] p1a: Weezing\n|move|p1a: Weezing|Sludge Bomb|p2a: Gogoat\n|-damage|p2a: Gogoat|102/360 psn\n|\n|-heal|p2a: Gogoat|124/360 psn|[from] item: Leftovers\n|-heal|p1a: Weezing|173/258|[from] item: Leftovers\n|-damage|p2a: Gogoat|79/360 psn|[from] psn\n|upkeep\n|turn|14\n|\n|t:|1782873572\n|move|p2a: Gogoat|Milk Drink|p2a: Gogoat\n|-heal|p2a: Gogoat|259/360 psn\n|move|p1a: Weezing|Sludge Bomb|p2a: Gogoat\n|-damage|p2a: Gogoat|156/360 psn\n|\n|-heal|p2a: Gogoat|178/360 psn|[from] item: Leftovers\n|-heal|p1a: Weezing|189/258|[from] item: Leftovers\n|-damage|p2a: Gogoat|133/360 psn|[from] psn\n|upkeep\n|turn|15\n|\n|t:|1782873573\n|move|p2a: Gogoat|Horn Leech|p1a: Weezing\n|-resisted|p1a: Weezing\n|-damage|p1a: Weezing|86/258\n|-heal|p2a: Gogoat|185/360 psn|[from] drain|[of] p1a: Weezing\n|move|p1a: Weezing|Sludge Bomb|p2a: Gogoat\n|-damage|p2a: Gogoat|88/360 psn\n|\n|-heal|p2a: Gogoat|110/360 psn|[from] item: Leftovers\n|-heal|p1a: Weezing|102/258|[from] item: Leftovers\n|-damage|p2a: Gogoat|65/360 psn|[from] psn\n|upkeep\n|turn|16\n|\n|t:|1782873578\n|move|p2a: Gogoat|Horn Leech|p1a: Weezing\n|-resisted|p1a: Weezing\n|-damage|p1a: Weezing|0 fnt\n|-heal|p2a: Gogoat|116/360 psn|[from] drain|[of] p1a: Weezing\n|faint|p1a: Weezing\n|\n|-heal|p2a: Gogoat|138/360 psn|[from] item: Leftovers\n|-damage|p2a: Gogoat|93/360 psn|[from] psn\n|upkeep\n|\n|t:|1782873580\n|switch|p1a: Luxray|Luxray, L88, M|284/284\n|-damage|p1a: Luxray|249/284|[from] Spikes\n|-ability|p1a: Luxray|Intimidate|boost\n|-unboost|p2a: Gogoat|atk|1\n|turn|17\n|\n|t:|1782873590\n|move|p1a: Luxray|Wild Charge|p2a: Gogoat\n|-supereffective|p2a: Gogoat\n|-damage|p2a: Gogoat|0 fnt\n|faint|p2a: Gogoat\n|-damage|p1a: Luxray|226/284|[from] Recoil\n|\n|upkeep\n|\n|t:|1782873594\n|switch|p2a: Quagsire|Quagsire, L84, M|297/297\n|turn|18\n|\n|t:|1782873600\n|switch|p1a: Rillaboom|Rillaboom, L79, M|288/288\n|-damage|p1a: Rillaboom|252/288|[from] Spikes\n|-fieldstart|move: Grassy Terrain|[from] ability: Grassy Surge|[of] p1a: Rillaboom\n|move|p2a: Quagsire|Spikes|p1a: Rillaboom\n|-sidestart|p1: forcemajor14|Spikes\n|\n|-heal|p1a: Rillaboom|270/288|[from] Grassy Terrain\n|upkeep\n|turn|19\n|\n|t:|1782873607\n|switch|p2a: Dialga|Dialga-Origin, L73|266/266\n|-ability|p2a: Dialga|Pressure\n|move|p1a: Rillaboom|Wood Hammer|p2a: Dialga\n|-resisted|p2a: Dialga\n|-damage|p2a: Dialga|209/266\n|-damage|p1a: Rillaboom|251/288|[from] Recoil\n|\n|-heal|p1a: Rillaboom|269/288|[from] Grassy Terrain\n|-heal|p2a: Dialga|225/266|[from] Grassy Terrain\n|upkeep\n|turn|20\n|\n|t:|1782873611\n|switch|p1a: Probopass|Probopass, L91, F|257/257\n|-damage|p1a: Probopass|215/257|[from] Spikes\n|move|p2a: Dialga|Stealth Rock|p1a: Probopass\n|-sidestart|p1: forcemajor14|move: Stealth Rock\n|\n|-heal|p2a: Dialga|241/266|[from] Grassy Terrain\n|-heal|p1a: Probopass|231/257|[from] Grassy Terrain\n|upkeep\n|turn|21\n|\n|t:|1782873615\n|-terastallize|p1a: Probopass|Fighting\n|move|p2a: Dialga|Thunder Wave|p1a: Probopass\n|-status|p1a: Probopass|par\n|move|p1a: Probopass|Iron Defense|p1a: Probopass\n|-boost|p1a: Probopass|def|2\n|\n|-heal|p2a: Dialga|257/266|[from] Grassy Terrain\n|-heal|p1a: Probopass|247/257 par|[from] Grassy Terrain\n|upkeep\n|turn|22\n|\n|t:|1782873629\n|move|p2a: Dialga|Flash Cannon|p1a: Probopass\n|-damage|p1a: Probopass|177/257 par\n|-unboost|p1a: Probopass|spd|1\n|move|p1a: Probopass|Body Press|p2a: Dialga\n|-supereffective|p2a: Dialga\n|-damage|p2a: Dialga|0 fnt\n|faint|p2a: Dialga\n|\n|-heal|p1a: Probopass|193/257 par|[from] Grassy Terrain\n|-fieldend|move: Grassy Terrain\n|upkeep\n|\n|t:|1782873635\n|switch|p2a: Minun|Minun, L95, M|268/268\n|turn|23\n|\n|t:|1782873639\n|move|p2a: Minun|Alluring Voice|p1a: Probopass\n|-supereffective|p1a: Probopass\n|-damage|p1a: Probopass|53/257 par\n|-damage|p2a: Minun|242/268|[from] item: Life Orb\n|move|p1a: Probopass|Body Press|p2a: Minun\n|-damage|p2a: Minun|0 fnt\n|faint|p2a: Minun\n|\n|upkeep\n|\n|t:|1782873644\n|switch|p2a: Delibird|Delibird, M|252/252\n|turn|24\n|\n|t:|1782873650\n|move|p2a: Delibird|Freeze-Dry|p1a: Probopass\n|-damage|p1a: Probopass|0 fnt\n|faint|p1a: Probopass\n|\n|upkeep\n|\n|t:|1782873653\n|switch|p1a: Luxray|Luxray, L88, M|226/284\n|-damage|p1a: Luxray|179/284|[from] Spikes\n|-damage|p1a: Luxray|144/284|[from] Stealth Rock\n|-ability|p1a: Luxray|Intimidate|boost\n|-unboost|p2a: Delibird|atk|1\n|turn|25\n|\n|t:|1782873658\n|switch|p2a: Quagsire|Quagsire, L84, M|297/297\n|move|p1a: Luxray|Throat Chop|p2a: Quagsire\n|-damage|p2a: Quagsire|225/297\n|-start|p2a: Quagsire|Throat Chop|[silent]\n|\n|-heal|p2a: Quagsire|243/297|[from] item: Leftovers\n|upkeep\n|turn|26\n|\n|t:|1782873663\n|switch|p1a: Rillaboom|Rillaboom, L79, M|269/288\n|-damage|p1a: Rillaboom|221/288|[from] Spikes\n|-damage|p1a: Rillaboom|185/288|[from] Stealth Rock\n|-fieldstart|move: Grassy Terrain|[from] ability: Grassy Surge|[of] p1a: Rillaboom\n|move|p2a: Quagsire|Spikes|p1a: Rillaboom\n|-sidestart|p1: forcemajor14|Spikes\n|\n|-heal|p1a: Rillaboom|203/288|[from] Grassy Terrain\n|-heal|p2a: Quagsire|261/297|[from] Grassy Terrain\n|-heal|p2a: Quagsire|279/297|[from] item: Leftovers\n|-end|p2a: Quagsire|Throat Chop|[silent]\n|upkeep\n|turn|27\n|\n|t:|1782873665\n|switch|p2a: Delibird|Delibird, M|252/252\n|move|p1a: Rillaboom|Grassy Glide|p2a: Delibird\n|-resisted|p2a: Delibird\n|-damage|p2a: Delibird|166/252\n|\n|-heal|p1a: Rillaboom|221/288|[from] Grassy Terrain\n|upkeep\n|turn|28\n|\n|t:|1782873669\n|switch|p1a: Luxray|Luxray, L88, M|144/284\n|-damage|p1a: Luxray|73/284|[from] Spikes\n|-damage|p1a: Luxray|38/284|[from] Stealth Rock\n|-ability|p1a: Luxray|Intimidate|boost\n|-unboost|p2a: Delibird|atk|1\n|move|p2a: Delibird|Brave Bird|p1a: Luxray\n|-resisted|p1a: Luxray\n|-damage|p1a: Luxray|0 fnt\n|faint|p1a: Luxray\n|-damage|p2a: Delibird|153/252|[from] Recoil\n|\n|upkeep\n|\n|t:|1782873672\n|switch|p1a: Cresselia|Cresselia, L80, F|323/323\n|-damage|p1a: Cresselia|283/323|[from] Stealth Rock\n|turn|29\n|\n|t:|1782873677\n|switch|p2a: Quagsire|Quagsire, L84, M|279/297\n|move|p1a: Cresselia|Calm Mind|p1a: Cresselia\n|-boost|p1a: Cresselia|spa|1\n|-boost|p1a: Cresselia|spd|1\n|\n|-heal|p1a: Cresselia|303/323|[from] item: Leftovers\n|-heal|p2a: Quagsire|297/297|[from] Grassy Terrain\n|upkeep\n|turn|30\n|\n|t:|1782873680\n|move|p1a: Cresselia|Calm Mind|p1a: Cresselia\n|-boost|p1a: Cresselia|spa|1\n|-boost|p1a: Cresselia|spd|1\n|move|p2a: Quagsire|Toxic|p1a: Cresselia|[miss]\n|-miss|p2a: Quagsire|p1a: Cresselia\n|\n|-heal|p1a: Cresselia|323/323|[from] item: Leftovers\n|-fieldend|move: Grassy Terrain\n|upkeep\n|turn|31\n|\n|t:|1782873682\n|move|p1a: Cresselia|Psyshock|p2a: Quagsire\n|-damage|p2a: Quagsire|230/297\n|move|p2a: Quagsire|Toxic|p1a: Cresselia\n|-status|p1a: Cresselia|tox\n|\n|-heal|p2a: Quagsire|248/297|[from] item: Leftovers\n|-damage|p1a: Cresselia|303/323 tox|[from] psn\n|upkeep\n|turn|32\n|\n|t:|1782873687\n|move|p1a: Cresselia|Psyshock|p2a: Quagsire\n|-damage|p2a: Quagsire|176/297\n|move|p2a: Quagsire|Earthquake|p1a: Cresselia\n|-immune|p1a: Cresselia|[from] ability: Levitate\n|\n|-heal|p1a: Cresselia|323/323 tox|[from] item: Leftovers\n|-heal|p2a: Quagsire|194/297|[from] item: Leftovers\n|-damage|p1a: Cresselia|283/323 tox|[from] psn\n|upkeep\n|turn|33\n|\n|t:|1782873689\n|move|p1a: Cresselia|Psyshock|p2a: Quagsire\n|-damage|p2a: Quagsire|125/297\n|move|p2a: Quagsire|Earthquake|p1a: Cresselia\n|-immune|p1a: Cresselia|[from] ability: Levitate\n|\n|-heal|p1a: Cresselia|303/323 tox|[from] item: Leftovers\n|-heal|p2a: Quagsire|143/297|[from] item: Leftovers\n|-damage|p1a: Cresselia|243/323 tox|[from] psn\n|upkeep\n|turn|34\n|\n|t:|1782873693\n|move|p1a: Cresselia|Psyshock|p2a: Quagsire\n|-damage|p2a: Quagsire|77/297\n|move|p2a: Quagsire|Recover|p2a: Quagsire\n|-heal|p2a: Quagsire|226/297\n|\n|-heal|p1a: Cresselia|263/323 tox|[from] item: Leftovers\n|-heal|p2a: Quagsire|244/297|[from] item: Leftovers\n|-damage|p1a: Cresselia|183/323 tox|[from] psn\n|upkeep\n|turn|35\n|\n|t:|1782873697\n|switch|p2a: Delibird|Delibird, M|153/252\n|move|p1a: Cresselia|Psyshock|p2a: Delibird\n|-damage|p2a: Delibird|0 fnt\n|faint|p2a: Delibird\n|\n|-heal|p1a: Cresselia|203/323 tox|[from] item: Leftovers\n|-damage|p1a: Cresselia|103/323 tox|[from] psn\n|upkeep\n|\n|t:|1782873699\n|switch|p2a: Quagsire|Quagsire, L84, M|244/297\n|turn|36\n|\n|t:|1782873705\n|move|p1a: Cresselia|Psyshock|p2a: Quagsire\n|-crit|p2a: Quagsire\n|-damage|p2a: Quagsire|151/297\n|move|p2a: Quagsire|Toxic|p1a: Cresselia\n|-fail|p1a: Cresselia|tox\n|\n|-heal|p1a: Cresselia|123/323 tox|[from] item: Leftovers\n|-heal|p2a: Quagsire|169/297|[from] item: Leftovers\n|-damage|p1a: Cresselia|3/323 tox|[from] psn\n|upkeep\n|turn|37\n|\n|t:|1782873707\n|move|p1a: Cresselia|Psyshock|p2a: Quagsire\n|-damage|p2a: Quagsire|105/297\n|move|p2a: Quagsire|Toxic|p1a: Cresselia\n|-fail|p1a: Cresselia|tox\n|\n|-heal|p1a: Cresselia|23/323 tox|[from] item: Leftovers\n|-heal|p2a: Quagsire|123/297|[from] item: Leftovers\n|-damage|p1a: Cresselia|0 fnt|[from] psn\n|faint|p1a: Cresselia\n|upkeep\n|\n|t:|1782873710\n|switch|p1a: Rillaboom|Rillaboom, L79, M|221/288\n|-damage|p1a: Rillaboom|149/288|[from] Spikes\n|-damage|p1a: Rillaboom|113/288|[from] Stealth Rock\n|-fieldstart|move: Grassy Terrain|[from] ability: Grassy Surge|[of] p1a: Rillaboom\n|turn|38\n|\n|t:|1782873715\n|move|p1a: Rillaboom|Grassy Glide|p2a: Quagsire\n|-supereffective|p2a: Quagsire\n|-damage|p2a: Quagsire|0 fnt\n|faint|p2a: Quagsire\n|\n|-heal|p1a: Rillaboom|131/288|[from] Grassy Terrain\n|upkeep\n|\n|t:|1782873717\n|switch|p2a: Tauros|Tauros, L82, M|257/257\n|turn|39\n|\n|t:|1782873721\n|move|p1a: Rillaboom|Grassy Glide|p2a: Tauros\n|-damage|p2a: Tauros|139/257\n|move|p2a: Tauros|Body Slam|p1a: Rillaboom\n|-damage|p1a: Rillaboom|0 fnt\n|faint|p1a: Rillaboom\n|\n|win|aofoxygen\n|raw|forcemajor14's rating: 2013 &rarr; <strong>1991</strong><br />(-22 for losing)\n|raw|aofoxygen's rating: 1985 &rarr; <strong>2007</strong><br />(+22 for winning)\n", "inputlog": ">version f8ac14003a5f27e1bdc8d8c59608a773c1cb96e5\n>start {\"formatid\":\"gen9randombattle\",\"seed\":\"sodium,fb1dc7315fbd710e0d3fd97909a45ac4\",\"rated\":\"Rated battle\"}\n>player p1 {\"name\":\"forcemajor14\",\"avatar\":\"169\",\"rating\":2003,\"seed\":\"sodium,74403a0159f2b2a6300c4eb71e130abd\"}\n>player p2 {\"name\":\"aofoxygen\",\"avatar\":\"169\",\"rating\":1985,\"seed\":\"sodium,571aaec8fb5af6ff050b70d2e0b08028\"}\n>p1 switch 2\n>p2 move spikes\n>p1 move substitute\n>p2 switch 5\n>p1 move sludgebomb\n>p2 move bulkup terastallize\n>p1 move gigadrain\n>p2 move bulkup\n>p1 move sludgebomb\n>p2 move milkdrink\n>p1 move sludgebomb\n>p2 move earthquake\n>p1 move sludgebomb\n>p2 move earthquake\n>p1 switch 4\n>p1 move sludgebomb\n>p2 move milkdrink\n>p1 move sludgebomb\n>p2 move milkdrink\n>p1 move sludgebomb\n>p2 move milkdrink\n>p1 move sludgebomb\n>p2 move bulkup\n>p1 move sludgebomb\n>p2 move milkdrink\n>p1 move sludgebomb\n>p2 move hornleech\n>p1 move sludgebomb\n>p2 move milkdrink\n>p1 move sludgebomb\n>p2 move hornleech\n>p1 move sludgebomb\n>p2 move hornleech\n>p1 switch 3\n>p1 move wildcharge\n>p2 move hornleech\n>p2 switch 5\n>p1 switch 5\n>p2 move spikes\n>p1 move woodhammer\n>p2 switch 4\n>p1 switch 2\n>p2 move stealthrock\n>p1 move irondefense terastallize\n>p2 move thunderwave\n>p1 move bodypress\n>p2 move flashcannon\n>p2 switch 3\n>p1 move bodypress\n>p2 move alluringvoice\n>p2 switch 2\n>p1 move rest\n>p2 move freezedry\n>p1 switch 5\n>p1 move throatchop\n>p2 switch 4\n>p1 switch 2\n>p2 move spikes\n>p1 move grassyglide\n>p2 switch 4\n>p1 switch 2\n>p2 move bravebird\n>p1 switch 6\n>p1 move calmmind\n>p2 switch 4\n>p1 move calmmind\n>p2 move toxic\n>p1 move psyshock\n>p2 move toxic\n>p1 move psyshock\n>p2 move earthquake\n>p1 move psyshock\n>p2 move earthquake\n>p1 move psyshock\n>p2 move recover\n>p1 move psyshock\n>p2 switch 4\n>p2 switch 4\n>p1 move psyshock\n>p2 move toxic\n>p1 move psyshock\n>p2 move toxic\n>p1 switch 2\n>p1 move grassyglide\n>p2 move toxic\n>p2 switch 6\n>p1 move grassyglide\n>p2 move bodyslam", "uploadtime": 1782873726, "views": 5, "formatid": "gen9randombattle", "rating": 1991, "private": 0, "password": null, "player_dets": [{"name": "forcemajor14", "avatar": "169", "rating": 2003, "seed": "sodium,74403a0159f2b2a6300c4eb71e130abd"}, {"name": "aofoxygen", "avatar": "169", "rating": 1985, "seed": "sodium,571aaec8fb5af6ff050b70d2e0b08028"}], "teams_full": [{"Probopass": {"name": "Probopass", "species": "Probopass", "speciesId": "probopass", "gender": "F", "shiny": false, "level": 91, "moves": ["rest", "irondefense", "bodypress", "flashcannon"], "ability": "Magnet Pull", "evs": {"hp": 85, "atk": 0, "def": 85, "spa": 85, "spd": 85, "spe": 85}, "ivs": {"hp": 31, "atk": 0, "def": 31, "spa": 31, "spd": 31, "spe": 31}, "item": "Chesto Berry", "teraType": "Fighting", "role": "Bulky Setup", "bvs": {"hp": 60, "atk": 55, "def": 145, "spa": 75, "spd": 150, "spe": 40}, "stats": {"hp": 257, "atk": 105, "def": 316, "spa": 188, "spd": 325, "spe": 125}, "types": ["Rock", "Steel"]}, "Venusaur": {"name": "Venusaur", "species": "Venusaur", "speciesId": "venusaur", "gender": "M", "shiny": false, "level": 84, "moves": ["sludgebomb", "gigadrain", "substitute", "leechseed"], "ability": "Overgrow", "evs": {"hp": 85, "atk": 0, "def": 85, "spa": 85, "spd": 85, "spe": 85}, "ivs": {"hp": 31, "atk": 0, "def": 31, "spa": 31, "spd": 31, "spe": 31}, "item": "Leftovers", "teraType": "Steel", "role": "Bulky Support", "bvs": {"hp": 80, "atk": 82, "def": 83, "spa": 100, "spd": 100, "spe": 80}, "stats": {"hp": 272, "atk": 142, "def": 188, "spa": 216, "spd": 216, "spe": 183}, "types": ["Grass", "Poison"]}, "Luxray": {"name": "Luxray", "species": "Luxray", "speciesId": "luxray", "gender": "M", "shiny": false, "level": 88, "moves": ["playrough", "voltswitch", "wildcharge", "throatchop"], "ability": "Intimidate", "evs": {"hp": 85, "atk": 85, "def": 85, "spa": 85, "spd": 85, "spe": 85}, "ivs": {"hp": 31, "atk": 31, "def": 31, "spa": 31, "spd": 31, "spe": 31}, "item": "Assault Vest", "teraType": "Electric", "role": "AV Pivot", "bvs": {"hp": 80, "atk": 120, "def": 79, "spa": 95, "spd": 79, "spe": 70}, "stats": {"hp": 284, "atk": 261, "def": 189, "spa": 217, "spd": 189, "spe": 173}, "types": ["Electric"]}, "Weezing": {"name": "Weezing", "species": "Weezing", "speciesId": "weezing", "gender": "F", "shiny": false, "level": 88, "moves": ["willowisp", "painsplit", "fireblast", "sludgebomb"], "ability": "Levitate", "evs": {"hp": 85, "atk": 0, "def": 85, "spa": 85, "spd": 85, "spe": 85}, "ivs": {"hp": 31, "atk": 0, "def": 31, "spa": 31, "spd": 31, "spe": 31}, "item": "Leftovers", "teraType": "Steel", "role": "Bulky Attacker", "bvs": {"hp": 65, "atk": 90, "def": 120, "spa": 85, "spd": 70, "spe": 60}, "stats": {"hp": 258, "atk": 163, "def": 261, "spa": 200, "spd": 173, "spe": 156}, "types": ["Poison"]}, "Rillaboom": {"name": "Rillaboom", "species": "Rillaboom", "speciesId": "rillaboom", "gender": "M", "shiny": false, "level": 79, "moves": ["woodhammer", "grassyglide", "knockoff", "uturn"], "ability": "Grassy Surge", "evs": {"hp": 85, "atk": 85, "def": 85, "spa": 85, "spd": 85, "spe": 85}, "ivs": {"hp": 31, "atk": 31, "def": 31, "spa": 31, "spd": 31, "spe": 31}, "item": "Choice Band", "teraType": "Grass", "role": "Wallbreaker", "bvs": {"hp": 100, "atk": 125, "def": 90, "spa": 60, "spd": 70, "spe": 85}, "stats": {"hp": 288, "atk": 243, "def": 188, "spa": 140, "spd": 156, "spe": 180}, "types": ["Grass"]}, "Cresselia": {"name": "Cresselia", "species": "Cresselia", "speciesId": "cresselia", "gender": "F", "shiny": false, "level": 80, "moves": ["moonlight", "calmmind", "psyshock", "thunderbolt"], "ability": "Levitate", "evs": {"hp": 85, "atk": 0, "def": 85, "spa": 85, "spd": 85, "spe": 85}, "ivs": {"hp": 31, "atk": 0, "def": 31, "spa": 31, "spd": 31, "spe": 31}, "item": "Leftovers", "teraType": "Poison", "role": "Bulky Setup", "bvs": {"hp": 120, "atk": 70, "def": 110, "spa": 75, "spd": 120, "spe": 85}, "stats": {"hp": 323, "atk": 117, "def": 222, "spa": 166, "spd": 238, "spe": 182}, "types": ["Psychic"]}}, {"Quagsire": {"name": "Quagsire", "species": "Quagsire", "speciesId": "quagsire", "gender": "M", "shiny": false, "level": 84, "moves": ["toxic", "spikes", "earthquake", "recover"], "ability": "Unaware", "evs": {"hp": 85, "atk": 85, "def": 85, "spa": 85, "spd": 85, "spe": 85}, "ivs": {"hp": 31, "atk": 31, "def": 31, "spa": 31, "spd": 31, "spe": 31}, "item": "Leftovers", "teraType": "Poison", "role": "Bulky Support", "bvs": {"hp": 95, "atk": 85, "def": 85, "spa": 65, "spd": 65, "spe": 35}, "stats": {"hp": 297, "atk": 191, "def": 191, "spa": 157, "spd": 157, "spe": 107}, "types": ["Water", "Ground"]}, "Delibird": {"name": "Delibird", "species": "Delibird", "speciesId": "delibird", "gender": "M", "shiny": false, "level": 100, "moves": ["spikes", "rapidspin", "freezedry", "bravebird"], "ability": "Insomnia", "evs": {"hp": 85, "atk": 85, "def": 85, "spa": 85, "spd": 85, "spe": 85}, "ivs": {"hp": 31, "atk": 31, "def": 31, "spa": 31, "spd": 31, "spe": 31}, "item": "Heavy-Duty Boots", "teraType": "Ghost", "role": "Fast Support", "bvs": {"hp": 45, "atk": 55, "def": 45, "spa": 65, "spd": 45, "spe": 75}, "stats": {"hp": 252, "atk": 167, "def": 147, "spa": 187, "spd": 147, "spe": 207}, "types": ["Ice", "Flying"]}, "Minun": {"name": "Minun", "species": "Minun", "speciesId": "minun", "gender": "M", "shiny": false, "level": 95, "moves": ["alluringvoice", "grassknot", "nastyplot", "thunderbolt"], "ability": "Volt Absorb", "evs": {"hp": 85, "atk": 0, "def": 85, "spa": 85, "spd": 85, "spe": 85}, "ivs": {"hp": 31, "atk": 0, "def": 31, "spa": 31, "spd": 31, "spe": 31}, "item": "Life Orb", "teraType": "Grass", "role": "Setup Sweeper", "bvs": {"hp": 60, "atk": 40, "def": 50, "spa": 75, "spd": 85, "spe": 95}, "stats": {"hp": 268, "atk": 81, "def": 149, "spa": 196, "spd": 215, "spe": 234}, "types": ["Electric"]}, "Dialga": {"name": "Dialga", "species": "Dialga-Origin", "speciesId": "dialgaorigin", "gender": "N", "shiny": false, "level": 73, "moves": ["stealthrock", "thunderwave", "flashcannon", "dracometeor"], "ability": "Pressure", "evs": {"hp": 85, "atk": 0, "def": 85, "spa": 85, "spd": 85, "spe": 85}, "ivs": {"hp": 31, "atk": 0, "def": 31, "spa": 31, "spd": 31, "spe": 31}, "item": "Adamant Crystal", "teraType": "Dragon", "role": "Fast Attacker", "bvs": {"hp": 100, "atk": 100, "def": 120, "spa": 150, "spd": 120, "spe": 90}, "stats": {"hp": 266, "atk": 151, "def": 218, "spa": 261, "spd": 218, "spe": 174}, "types": ["Steel", "Dragon"]}, "Gogoat": {"name": "Gogoat", "species": "Gogoat", "speciesId": "gogoat", "gender": "M", "shiny": false, "level": 88, "moves": ["earthquake", "bulkup", "hornleech", "milkdrink"], "ability": "Sap Sipper", "evs": {"hp": 85, "atk": 85, "def": 85, "spa": 85, "spd": 85, "spe": 85}, "ivs": {"hp": 31, "atk": 31, "def": 31, "spa": 31, "spd": 31, "spe": 31}, "item": "Leftovers", "teraType": "Water", "role": "Bulky Setup", "bvs": {"hp": 123, "atk": 100, "def": 62, "spa": 97, "spd": 81, "spe": 68}, "stats": {"hp": 360, "atk": 226, "def": 159, "spa": 221, "spd": 193, "spe": 170}, "types": ["Grass"]}, "Tauros": {"name": "Tauros", "species": "Tauros", "speciesId": "tauros", "gender": "M", "shiny": false, "level": 82, "moves": ["bodyslam", "closecombat", "throatchop", "zenheadbutt"], "ability": "Sheer Force", "evs": {"hp": 85, "atk": 85, "def": 85, "spa": 85, "spd": 85, "spe": 85}, "ivs": {"hp": 31, "atk": 31, "def": 31, "spa": 31, "spd": 31, "spe": 31}, "item": "Life Orb", "teraType": "Fighting", "role": "Wallbreaker", "bvs": {"hp": 75, "atk": 100, "def": 95, "spa": 40, "spd": 70, "spe": 110}, "stats": {"hp": 257, "atk": 211, "def": 203, "spa": 113, "spd": 162, "spe": 228}, "types": ["Normal"]}}]}