{"id": "gen9randombattle-2642088046", "format": "[Gen 9] Random Battle", "players": ["Amadeus Kavladeus", "jnpr010334"], "log": "|j|\u2606Amadeus Kavladeus\n|j|\u2606jnpr010334\n|t:|1782887253\n|gametype|singles\n|player|p1|Amadeus Kavladeus|266|1865\n|player|p2|jnpr010334|265|1876\n|gen|9\n|tier|[Gen 9] Random Battle\n|rated|\n|rule|Species Clause: Limit one of each Pok\u00e9mon\n|rule|HP Percentage Mod: HP is shown in percentages\n|rule|Sleep Clause Mod: Limit one foe put to sleep\n|rule|Illusion Level Mod: Illusion disguises the Pok\u00e9mon's true level\n|\n|t:|1782887253\n|teamsize|p1|6\n|teamsize|p2|6\n|start\n|switch|p1a: Garganacl|Garganacl, L80, F|291/291\n|switch|p2a: Kleavor|Kleavor, L78, M|237/237\n|turn|1\n|inactive|Battle timer is ON: inactive players will automatically lose when time's up. (requested by jnpr010334)\n|\n|t:|1782887278\n|move|p2a: Kleavor|Stone Axe|p1a: Garganacl\n|-damage|p1a: Garganacl|201/291\n|-sidestart|p1: Amadeus Kavladeus|move: Stealth Rock\n|move|p1a: Garganacl|Salt Cure|p2a: Kleavor\n|-supereffective|p2a: Kleavor\n|-damage|p2a: Kleavor|159/237\n|-start|p2a: Kleavor|Salt Cure\n|\n|-heal|p1a: Garganacl|219/291|[from] item: Leftovers\n|-damage|p2a: Kleavor|130/237|[from] Salt Cure\n|upkeep\n|turn|2\n|\n|t:|1782887282\n|switch|p2a: Dragalge|Dragalge, L88, M|258/258\n|move|p1a: Garganacl|Protect||[still]\n|-fail|p1a: Garganacl\n|\n|-heal|p1a: Garganacl|237/291|[from] item: Leftovers\n|upkeep\n|turn|3\n|\n|t:|1782887294\n|switch|p1a: Regigigas|Regigigas, L84|322/322\n|-damage|p1a: Regigigas|282/322|[from] Stealth Rock\n|-start|p1a: Regigigas|ability: Slow Start\n|move|p2a: Dragalge|Toxic Spikes|p1a: Regigigas\n|-sidestart|p1: Amadeus Kavladeus|move: Toxic Spikes\n|\n|-heal|p1a: Regigigas|302/322|[from] item: Leftovers\n|upkeep\n|turn|4\n|\n|t:|1782887299\n|move|p2a: Dragalge|Sludge Wave|p1a: Regigigas\n|-damage|p1a: Regigigas|178/322\n|move|p1a: Regigigas|Substitute|p1a: Regigigas\n|-start|p1a: Regigigas|Substitute\n|-damage|p1a: Regigigas|98/322\n|\n|-heal|p1a: Regigigas|118/322|[from] item: Leftovers\n|upkeep\n|turn|5\n|\n|t:|1782887303\n|move|p1a: Regigigas|Protect|p1a: Regigigas\n|-singleturn|p1a: Regigigas|Protect\n|move|p2a: Dragalge|Sludge Wave|p1a: Regigigas\n|-activate|p1a: Regigigas|move: Protect\n|\n|-heal|p1a: Regigigas|138/322|[from] item: Leftovers\n|upkeep\n|turn|6\n|\n|t:|1782887308\n|move|p2a: Dragalge|Sludge Wave|p1a: Regigigas\n|-crit|p1a: Regigigas\n|-end|p1a: Regigigas|Substitute\n|move|p1a: Regigigas|Substitute|p1a: Regigigas\n|-start|p1a: Regigigas|Substitute\n|-damage|p1a: Regigigas|58/322\n|\n|-heal|p1a: Regigigas|78/322|[from] item: Leftovers\n|upkeep\n|turn|7\n|\n|t:|1782887312\n|move|p1a: Regigigas|Protect|p1a: Regigigas\n|-singleturn|p1a: Regigigas|Protect\n|move|p2a: Dragalge|Sludge Wave|p1a: Regigigas\n|-activate|p1a: Regigigas|move: Protect\n|\n|-heal|p1a: Regigigas|98/322|[from] item: Leftovers\n|upkeep\n|turn|8\n|\n|t:|1782887316\n|move|p2a: Dragalge|Sludge Wave|p1a: Regigigas\n|-end|p1a: Regigigas|Substitute\n|move|p1a: Regigigas|Body Slam|p2a: Dragalge\n|-damage|p2a: Dragalge|191/258\n|\n|-heal|p2a: Dragalge|207/258|[from] item: Leftovers\n|-heal|p1a: Regigigas|118/322|[from] item: Leftovers\n|-end|p1a: Regigigas|Slow Start\n|upkeep\n|turn|9\n|\n|t:|1782887320\n|move|p1a: Regigigas|Body Slam|p2a: Dragalge\n|-damage|p2a: Dragalge|75/258\n|-status|p2a: Dragalge|par\n|move|p2a: Dragalge|Sludge Wave|p1a: Regigigas\n|-damage|p1a: Regigigas|0 fnt\n|faint|p1a: Regigigas\n|-end|p1a: Regigigas|Slow Start|[silent]\n|\n|-heal|p2a: Dragalge|91/258 par|[from] item: Leftovers\n|upkeep\n|\n|t:|1782887332\n|switch|p1a: Gengar|Gengar, L81, F|230/230\n|-damage|p1a: Gengar|202/230|[from] Stealth Rock\n|-sideend|p1: Amadeus Kavladeus|move: Toxic Spikes|[of] p1a: Gengar\n|turn|10\n|\n|t:|1782887336\n|move|p1a: Gengar|Shadow Ball|p2a: Dragalge\n|-damage|p2a: Dragalge|4/258 par\n|-damage|p1a: Gengar|179/230|[from] item: Life Orb\n|move|p2a: Dragalge|Draco Meteor|p1a: Gengar|[miss]\n|-miss|p2a: Dragalge|p1a: Gengar\n|\n|-heal|p2a: Dragalge|20/258 par|[from] item: Leftovers\n|upkeep\n|turn|11\n|\n|t:|1782887340\n|move|p1a: Gengar|Sludge Wave|p2a: Dragalge\n|-resisted|p2a: Dragalge\n|-damage|p2a: Dragalge|0 fnt\n|faint|p2a: Dragalge\n|-damage|p1a: Gengar|156/230|[from] item: Life Orb\n|\n|upkeep\n|\n|t:|1782887344\n|switch|p2a: Klefki|Klefki, L84, F|233/233\n|turn|12\n|\n|t:|1782887349\n|move|p2a: Klefki|Thunder Wave|p1a: Gengar\n|-status|p1a: Gengar|par\n|move|p1a: Gengar|Shadow Ball|p2a: Klefki\n|-crit|p2a: Klefki\n|-damage|p2a: Klefki|34/233\n|-damage|p1a: Gengar|133/230 par|[from] item: Life Orb\n|\n|-heal|p2a: Klefki|48/233|[from] item: Leftovers\n|upkeep\n|turn|13\n|\n|t:|1782887352\n|move|p2a: Klefki|Spikes|p1a: Gengar\n|-sidestart|p1: Amadeus Kavladeus|Spikes\n|move|p1a: Gengar|Shadow Ball|p2a: Klefki\n|-damage|p2a: Klefki|0 fnt\n|faint|p2a: Klefki\n|-damage|p1a: Gengar|110/230 par|[from] item: Life Orb\n|\n|upkeep\n|\n|t:|1782887354\n|switch|p2a: Kleavor|Kleavor, L78, M|130/237\n|turn|14\n|\n|t:|1782887356\n|move|p2a: Kleavor|Stone Axe|p1a: Gengar\n|-damage|p1a: Gengar|0 fnt\n|faint|p1a: Gengar\n|\n|upkeep\n|\n|t:|1782887361\n|switch|p1a: Scream Tail|Scream Tail, L84|330/330\n|-damage|p1a: Scream Tail|289/330|[from] Stealth Rock\n|-damage|p1a: Scream Tail|248/330|[from] Spikes\n|turn|15\n|\n|t:|1782887364\n|switch|p2a: Gumshoos|Gumshoos, L95, M|321/321\n|move|p1a: Scream Tail|Thunder Wave|p2a: Gumshoos\n|-status|p2a: Gumshoos|par\n|\n|-heal|p1a: Scream Tail|268/330|[from] item: Leftovers\n|upkeep\n|turn|16\n|\n|t:|1782887369\n|move|p1a: Scream Tail|Protect|p1a: Scream Tail\n|-singleturn|p1a: Scream Tail|Protect\n|move|p2a: Gumshoos|Double-Edge|p1a: Scream Tail\n|-activate|p1a: Scream Tail|move: Protect\n|\n|-heal|p1a: Scream Tail|288/330|[from] item: Leftovers\n|upkeep\n|turn|17\n|\n|t:|1782887372\n|-end|p1a: Scream Tail|Protosynthesis|[silent]\n|switch|p1a: Lunala|Lunala, L70|308/308\n|-damage|p1a: Lunala|270/308|[from] Stealth Rock\n|-damage|p1a: Lunala|232/308|[from] Spikes\n|move|p2a: Gumshoos|Double-Edge|p1a: Lunala\n|-immune|p1a: Lunala\n|\n|-heal|p1a: Lunala|251/308|[from] item: Leftovers\n|upkeep\n|turn|18\n|\n|t:|1782887377\n|switch|p2a: Uxie|Uxie, L83|260/260\n|move|p1a: Lunala|Moongeist Beam|p2a: Uxie\n|-supereffective|p2a: Uxie\n|-damage|p2a: Uxie|108/260\n|\n|-heal|p2a: Uxie|124/260|[from] item: Leftovers\n|-heal|p1a: Lunala|270/308|[from] item: Leftovers\n|upkeep\n|turn|19\n|\n|t:|1782887385\n|move|p2a: Uxie|Knock Off|p1a: Lunala\n|-supereffective|p1a: Lunala\n|-damage|p1a: Lunala|0 fnt\n|-enditem|p1a: Lunala|Leftovers|[from] move: Knock Off|[of] p2a: Uxie\n|faint|p1a: Lunala\n|\n|-heal|p2a: Uxie|140/260|[from] item: Leftovers\n|upkeep\n|\n|t:|1782887390\n|switch|p1a: Leafeon|Leafeon, L88, M|258/258\n|-damage|p1a: Leafeon|226/258|[from] Stealth Rock\n|-damage|p1a: Leafeon|194/258|[from] Spikes\n|turn|20\n|\n|t:|1782887392\n|move|p1a: Leafeon|Knock Off|p2a: Uxie\n|-supereffective|p2a: Uxie\n|-damage|p2a: Uxie|26/260\n|-enditem|p2a: Uxie|Leftovers|[from] move: Knock Off|[of] p1a: Leafeon\n|move|p2a: Uxie|Yawn|p1a: Leafeon\n|-start|p1a: Leafeon|move: Yawn|[of] p2a: Uxie\n|\n|-heal|p1a: Leafeon|210/258|[from] item: Leftovers\n|upkeep\n|turn|21\n|\n|t:|1782887407\n|switch|p1a: Scream Tail|Scream Tail, L84|288/330\n|-damage|p1a: Scream Tail|247/330|[from] Stealth Rock\n|-damage|p1a: Scream Tail|206/330|[from] Spikes\n|move|p2a: Uxie|Psychic Noise|p1a: Scream Tail\n|-resisted|p1a: Scream Tail\n|-damage|p1a: Scream Tail|182/330\n|-start|p1a: Scream Tail|move: Heal Block\n|\n|upkeep\n|turn|22\n|\n|t:|1782887420\n|move|p1a: Scream Tail|Dazzling Gleam|p2a: Uxie\n|-damage|p2a: Uxie|0 fnt\n|faint|p2a: Uxie\n|\n|-end|p1a: Scream Tail|move: Heal Block\n|upkeep\n|\n|t:|1782887422\n|switch|p2a: Gogoat|Gogoat, L88, F|360/360\n|turn|23\n|\n|t:|1782887430\n|move|p1a: Scream Tail|Thunder Wave|p2a: Gogoat\n|-status|p2a: Gogoat|par\n|move|p2a: Gogoat|Bulk Up|p2a: Gogoat\n|-boost|p2a: Gogoat|atk|1\n|-boost|p2a: Gogoat|def|1\n|\n|-heal|p1a: Scream Tail|202/330|[from] item: Leftovers\n|upkeep\n|turn|24\n|\n|t:|1782887434\n|move|p1a: Scream Tail|Dazzling Gleam|p2a: Gogoat\n|-damage|p2a: Gogoat|291/360 par\n|cant|p2a: Gogoat|par\n|\n|-heal|p1a: Scream Tail|222/330|[from] item: Leftovers\n|-heal|p2a: Gogoat|313/360 par|[from] item: Leftovers\n|upkeep\n|turn|25\n|\n|t:|1782887438\n|move|p1a: Scream Tail|Dazzling Gleam|p2a: Gogoat\n|-damage|p2a: Gogoat|253/360 par\n|move|p2a: Gogoat|Bulk Up|p2a: Gogoat\n|-boost|p2a: Gogoat|atk|1\n|-boost|p2a: Gogoat|def|1\n|\n|-heal|p1a: Scream Tail|242/330|[from] item: Leftovers\n|-heal|p2a: Gogoat|275/360 par|[from] item: Leftovers\n|upkeep\n|turn|26\n|\n|t:|1782887443\n|move|p1a: Scream Tail|Dazzling Gleam|p2a: Gogoat\n|-damage|p2a: Gogoat|212/360 par\n|move|p2a: Gogoat|Horn Leech|p1a: Scream Tail\n|-damage|p1a: Scream Tail|73/330\n|-heal|p2a: Gogoat|297/360 par|[from] drain|[of] p1a: Scream Tail\n|\n|-heal|p1a: Scream Tail|93/330|[from] item: Leftovers\n|-heal|p2a: Gogoat|319/360 par|[from] item: Leftovers\n|upkeep\n|turn|27\n|\n|t:|1782887446\n|move|p1a: Scream Tail|Dazzling Gleam|p2a: Gogoat\n|-damage|p2a: Gogoat|256/360 par\n|cant|p2a: Gogoat|par\n|\n|-heal|p1a: Scream Tail|113/330|[from] item: Leftovers\n|-heal|p2a: Gogoat|278/360 par|[from] item: Leftovers\n|upkeep\n|turn|28\n|\n|t:|1782887449\n|move|p1a: Scream Tail|Dazzling Gleam|p2a: Gogoat\n|-damage|p2a: Gogoat|218/360 par\n|move|p2a: Gogoat|Horn Leech|p1a: Scream Tail\n|-damage|p1a: Scream Tail|0 fnt\n|-heal|p2a: Gogoat|275/360 par|[from] drain|[of] p1a: Scream Tail\n|faint|p1a: Scream Tail\n|-end|p1a: Scream Tail|Protosynthesis|[silent]\n|\n|-heal|p2a: Gogoat|297/360 par|[from] item: Leftovers\n|upkeep\n|\n|t:|1782887452\n|switch|p1a: Garganacl|Garganacl, L80, F|237/291\n|-damage|p1a: Garganacl|201/291|[from] Stealth Rock\n|-damage|p1a: Garganacl|165/291|[from] Spikes\n|turn|29\n|\n|t:|1782887454\n|-terastallize|p1a: Garganacl|Dragon\n|move|p1a: Garganacl|Salt Cure|p2a: Gogoat\n|-damage|p2a: Gogoat|270/360 par\n|-start|p2a: Gogoat|Salt Cure\n|cant|p2a: Gogoat|par\n|\n|-heal|p1a: Garganacl|183/291|[from] item: Leftovers\n|-heal|p2a: Gogoat|292/360 par|[from] item: Leftovers\n|-damage|p2a: Gogoat|247/360 par|[from] Salt Cure\n|upkeep\n|turn|30\n|\n|t:|1782887462\n|switch|p2a: Kleavor|Kleavor, L78, M|130/237\n|move|p1a: Garganacl|Stealth Rock|p2a: Kleavor\n|-sidestart|p2: jnpr010334|move: Stealth Rock\n|\n|-heal|p1a: Garganacl|201/291|[from] item: Leftovers\n|upkeep\n|turn|31\n|\n|t:|1782887464\n|move|p1a: Garganacl|Protect|p1a: Garganacl\n|-singleturn|p1a: Garganacl|Protect\n|move|p2a: Kleavor|X-Scissor|p1a: Garganacl\n|-activate|p1a: Garganacl|move: Protect\n|\n|-heal|p1a: Garganacl|219/291|[from] item: Leftovers\n|upkeep\n|turn|32\n|\n|t:|1782887466\n|move|p2a: Kleavor|X-Scissor|p1a: Garganacl\n|-damage|p1a: Garganacl|101/291\n|move|p1a: Garganacl|Salt Cure|p2a: Kleavor\n|-supereffective|p2a: Kleavor\n|-damage|p2a: Kleavor|40/237\n|-start|p2a: Kleavor|Salt Cure\n|\n|-heal|p1a: Garganacl|119/291|[from] item: Leftovers\n|-damage|p2a: Kleavor|11/237|[from] Salt Cure\n|upkeep\n|turn|33\n|\n|t:|1782887473\n|move|p1a: Garganacl|Protect|p1a: Garganacl\n|-singleturn|p1a: Garganacl|Protect\n|move|p2a: Kleavor|X-Scissor|p1a: Garganacl\n|-activate|p1a: Garganacl|move: Protect\n|\n|-heal|p1a: Garganacl|137/291|[from] item: Leftovers\n|-damage|p2a: Kleavor|0 fnt|[from] Salt Cure\n|faint|p2a: Kleavor\n|upkeep\n|\n|t:|1782887478\n|switch|p2a: Gumshoos|Gumshoos, L95, M|321/321 par\n|-damage|p2a: Gumshoos|281/321 par|[from] Stealth Rock\n|turn|34\n|\n|t:|1782887484\n|move|p1a: Garganacl|Recover|p1a: Garganacl\n|-heal|p1a: Garganacl|283/291\n|cant|p2a: Gumshoos|par\n|\n|-heal|p1a: Garganacl|291/291|[from] item: Leftovers\n|upkeep\n|turn|35\n|\n|t:|1782887492\n|move|p1a: Garganacl|Salt Cure|p2a: Gumshoos\n|-damage|p2a: Gumshoos|230/321 par\n|-start|p2a: Gumshoos|Salt Cure\n|move|p2a: Gumshoos|Double-Edge|p1a: Garganacl\n|-damage|p1a: Garganacl|93/291\n|-damage|p2a: Gumshoos|165/321 par|[from] Recoil\n|\n|-heal|p1a: Garganacl|111/291|[from] item: Leftovers\n|-damage|p2a: Gumshoos|125/321 par|[from] Salt Cure\n|upkeep\n|turn|36\n|\n|t:|1782887496\n|move|p1a: Garganacl|Protect|p1a: Garganacl\n|-singleturn|p1a: Garganacl|Protect\n|move|p2a: Gumshoos|Double-Edge|p1a: Garganacl\n|-activate|p1a: Garganacl|move: Protect\n|\n|-heal|p1a: Garganacl|129/291|[from] item: Leftovers\n|-damage|p2a: Gumshoos|85/321 par|[from] Salt Cure\n|upkeep\n|turn|37\n|\n|t:|1782887498\n|move|p1a: Garganacl|Recover|p1a: Garganacl\n|-heal|p1a: Garganacl|275/291\n|move|p2a: Gumshoos|Double-Edge|p1a: Garganacl\n|-damage|p1a: Garganacl|62/291\n|-damage|p2a: Gumshoos|15/321 par|[from] Recoil\n|\n|-heal|p1a: Garganacl|80/291|[from] item: Leftovers\n|-damage|p2a: Gumshoos|0 fnt|[from] Salt Cure\n|faint|p2a: Gumshoos\n|upkeep\n|\n|t:|1782887501\n|switch|p2a: Gogoat|Gogoat, L88, F|247/360 par\n|-damage|p2a: Gogoat|202/360 par|[from] Stealth Rock\n|turn|38\n|\n|t:|1782887509\n|move|p1a: Garganacl|Recover|p1a: Garganacl\n|-heal|p1a: Garganacl|226/291\n|move|p2a: Gogoat|Milk Drink|p2a: Gogoat\n|-heal|p2a: Gogoat|360/360 par\n|\n|-heal|p1a: Garganacl|244/291|[from] item: Leftovers\n|upkeep\n|turn|39\n|\n|t:|1782887515\n|move|p1a: Garganacl|Salt Cure|p2a: Gogoat\n|-damage|p2a: Gogoat|309/360 par\n|-start|p2a: Gogoat|Salt Cure\n|move|p2a: Gogoat|Bulk Up|p2a: Gogoat\n|-boost|p2a: Gogoat|atk|1\n|-boost|p2a: Gogoat|def|1\n|\n|-heal|p1a: Garganacl|262/291|[from] item: Leftovers\n|-heal|p2a: Gogoat|331/360 par|[from] item: Leftovers\n|-damage|p2a: Gogoat|286/360 par|[from] Salt Cure\n|upkeep\n|turn|40\n|\n|t:|1782887520\n|switch|p1a: Leafeon|Leafeon, L88, M|210/258\n|-damage|p1a: Leafeon|178/258|[from] Stealth Rock\n|-damage|p1a: Leafeon|146/258|[from] Spikes\n|move|p2a: Gogoat|Bulk Up|p2a: Gogoat\n|-boost|p2a: Gogoat|atk|1\n|-boost|p2a: Gogoat|def|1\n|\n|-heal|p1a: Leafeon|162/258|[from] item: Leftovers\n|-heal|p2a: Gogoat|308/360 par|[from] item: Leftovers\n|-damage|p2a: Gogoat|263/360 par|[from] Salt Cure\n|upkeep\n|turn|41\n|\n|t:|1782887525\n|move|p1a: Leafeon|Knock Off|p2a: Gogoat\n|-damage|p2a: Gogoat|214/360 par\n|-enditem|p2a: Gogoat|Leftovers|[from] move: Knock Off|[of] p1a: Leafeon\n|move|p2a: Gogoat|Milk Drink|p2a: Gogoat\n|-heal|p2a: Gogoat|360/360 par\n|\n|-heal|p1a: Leafeon|178/258|[from] item: Leftovers\n|-damage|p2a: Gogoat|315/360 par|[from] Salt Cure\n|upkeep\n|turn|42\n|\n|t:|1782887531\n|move|p1a: Leafeon|Swords Dance|p1a: Leafeon\n|-boost|p1a: Leafeon|atk|2\n|move|p2a: Gogoat|Horn Leech|p1a: Leafeon\n|-resisted|p1a: Leafeon\n|-crit|p1a: Leafeon\n|-damage|p1a: Leafeon|80/258\n|-heal|p2a: Gogoat|360/360 par|[from] drain|[of] p1a: Leafeon\n|\n|-heal|p1a: Leafeon|96/258|[from] item: Leftovers\n|-damage|p2a: Gogoat|315/360 par|[from] Salt Cure\n|upkeep\n|turn|43\n|\n|t:|1782887534\n|move|p1a: Leafeon|Knock Off|p2a: Gogoat\n|-damage|p2a: Gogoat|249/360 par\n|move|p2a: Gogoat|Horn Leech|p1a: Leafeon\n|-resisted|p1a: Leafeon\n|-damage|p1a: Leafeon|32/258\n|-heal|p2a: Gogoat|281/360 par|[from] drain|[of] p1a: Leafeon\n|\n|-heal|p1a: Leafeon|48/258|[from] item: Leftovers\n|-damage|p2a: Gogoat|236/360 par|[from] Salt Cure\n|upkeep\n|turn|44\n|\n|t:|1782887539\n|move|p1a: Leafeon|Knock Off|p2a: Gogoat\n|-damage|p2a: Gogoat|167/360 par\n|cant|p2a: Gogoat|par\n|\n|-heal|p1a: Leafeon|64/258|[from] item: Leftovers\n|-damage|p2a: Gogoat|122/360 par|[from] Salt Cure\n|upkeep\n|turn|45\n|\n|t:|1782887543\n|move|p1a: Leafeon|Knock Off|p2a: Gogoat\n|-damage|p2a: Gogoat|49/360 par\n|cant|p2a: Gogoat|par\n|\n|-heal|p1a: Leafeon|80/258|[from] item: Leftovers\n|-damage|p2a: Gogoat|4/360 par|[from] Salt Cure\n|upkeep\n|turn|46\n|\n|t:|1782887547\n|move|p1a: Leafeon|Knock Off|p2a: Gogoat\n|-damage|p2a: Gogoat|0 fnt\n|faint|p2a: Gogoat\n|\n|win|Amadeus Kavladeus\n|raw|Amadeus Kavladeus's rating: 1887 &rarr; <strong>1907</strong><br />(+20 for winning)\n|raw|jnpr010334's rating: 1883 &rarr; <strong>1863</strong><br />(-20 for losing)\n", "inputlog": ">version f8ac14003a5f27e1bdc8d8c59608a773c1cb96e5\n>start {\"formatid\":\"gen9randombattle\",\"seed\":\"sodium,ecf06813678320fa2f87b05cac1ea31a\",\"rated\":\"Rated battle\"}\n>player p1 {\"name\":\"Amadeus Kavladeus\",\"avatar\":\"266\",\"rating\":1865,\"seed\":\"sodium,ca36de0eda593b98c8313ae8dab7fcd6\"}\n>player p2 {\"name\":\"jnpr010334\",\"avatar\":\"265\",\"rating\":1876,\"seed\":\"sodium,f7f40fbcf83da3237d8f64b2acee607e\"}\n>p1 move saltcure\n>p2 move stoneaxe\n>p1 move protect\n>p2 switch 6\n>p1 switch 6\n>p2 move toxicspikes\n>p1 move substitute\n>p2 move sludgewave\n>p1 move protect\n>p2 move sludgewave\n>p1 move substitute\n>p2 move sludgewave\n>p1 move protect\n>p2 move sludgewave\n>p1 move bodyslam\n>p2 move sludgewave\n>p1 move bodyslam\n>p2 move sludgewave\n>p1 switch 5\n>p1 move shadowball\n>p2 move dracometeor\n>p1 move sludgewave\n>p2 move dracometeor\n>p2 switch 2\n>p1 move shadowball\n>p2 move thunderwave\n>p1 move shadowball\n>p2 move spikes\n>p2 switch 6\n>p1 move shadowball\n>p2 move stoneaxe\n>p1 switch 2\n>p1 move thunderwave\n>p2 switch 4\n>p1 move protect\n>p2 move doubleedge\n>p1 switch 4\n>p2 move doubleedge\n>p1 move moongeistbeam\n>p2 switch 5\n>p1 move moongeistbeam\n>p2 move knockoff\n>p1 switch 3\n>p1 move knockoff\n>p2 move yawn\n>p1 switch 4\n>p2 move psychicnoise\n>p1 move dazzlinggleam\n>p2 move yawn\n>p2 switch 3\n>p1 move thunderwave\n>p2 move bulkup\n>p1 move dazzlinggleam\n>p2 move bulkup\n>p1 move dazzlinggleam\n>p2 move bulkup\n>p1 move dazzlinggleam\n>p2 move hornleech\n>p1 move dazzlinggleam\n>p2 move hornleech\n>p1 move dazzlinggleam\n>p2 move hornleech\n>p1 switch 6\n>p1 move saltcure terastallize\n>p2 move hornleech\n>p1 move stealthrock\n>p2 switch 4\n>p1 move protect\n>p2 move xscissor\n>p1 move saltcure\n>p2 move xscissor\n>p1 move protect\n>p2 move xscissor\n>p2 switch 5\n>p1 move recover\n>p2 move doubleedge\n>p1 move saltcure\n>p2 move doubleedge\n>p1 move protect\n>p2 move doubleedge\n>p1 move recover\n>p2 move doubleedge\n>p2 switch 4\n>p1 move recover\n>p2 move milkdrink\n>p1 move saltcure\n>p2 move bulkup\n>p1 switch 4\n>p2 move bulkup\n>p1 move knockoff\n>p2 move milkdrink\n>p1 move swordsdance\n>p2 move hornleech\n>p1 move knockoff\n>p2 move hornleech\n>p1 move knockoff\n>p2 move hornleech\n>p1 move knockoff\n>p2 move milkdrink\n>p1 move knockoff\n>p2 move hornleech", "uploadtime": 1782887548, "views": 6, "formatid": "gen9randombattle", "rating": 1863, "private": 0, "password": null, "player_dets": [{"name": "Amadeus Kavladeus", "avatar": "266", "rating": 1865, "seed": "sodium,ca36de0eda593b98c8313ae8dab7fcd6"}, {"name": "jnpr010334", "avatar": "265", "rating": 1876, "seed": "sodium,f7f40fbcf83da3237d8f64b2acee607e"}], "teams_full": [{"Garganacl": {"name": "Garganacl", "species": "Garganacl", "speciesId": "garganacl", "gender": "F", "shiny": false, "level": 80, "moves": ["stealthrock", "recover", "protect", "saltcure"], "ability": "Purifying Salt", "evs": {"hp": 85, "atk": 85, "def": 85, "spa": 85, "spd": 85, "spe": 85}, "ivs": {"hp": 31, "atk": 31, "def": 31, "spa": 31, "spd": 31, "spe": 31}, "item": "Leftovers", "teraType": "Dragon", "role": "Bulky Support", "bvs": {"hp": 100, "atk": 100, "def": 130, "spa": 45, "spd": 90, "spe": 35}, "stats": {"hp": 291, "atk": 206, "def": 254, "spa": 118, "spd": 190, "spe": 102}, "types": ["Rock"]}, "Scream Tail": {"name": "Scream Tail", "species": "Scream Tail", "speciesId": "screamtail", "gender": "N", "shiny": false, "level": 84, "moves": ["protect", "dazzlinggleam", "wish", "thunderwave"], "ability": "Protosynthesis", "evs": {"hp": 85, "atk": 0, "def": 85, "spa": 85, "spd": 85, "spe": 85}, "ivs": {"hp": 31, "atk": 0, "def": 31, "spa": 31, "spd": 31, "spe": 31}, "item": "Leftovers", "teraType": "Poison", "role": "Bulky Attacker", "bvs": {"hp": 115, "atk": 65, "def": 99, "spa": 65, "spd": 115, "spe": 111}, "stats": {"hp": 330, "atk": 114, "def": 215, "spa": 157, "spd": 241, "spe": 235}, "types": ["Fairy", "Psychic"]}, "Leafeon": {"name": "Leafeon", "species": "Leafeon", "speciesId": "leafeon", "gender": "M", "shiny": false, "level": 88, "moves": ["knockoff", "swordsdance", "leafblade", "substitute"], "ability": "Chlorophyll", "evs": {"hp": 85, "atk": 85, "def": 85, "spa": 85, "spd": 85, "spe": 85}, "ivs": {"hp": 31, "atk": 31, "def": 31, "spa": 31, "spd": 31, "spe": 31}, "item": "Leftovers", "teraType": "Dark", "role": "Setup Sweeper", "bvs": {"hp": 65, "atk": 110, "def": 130, "spa": 60, "spd": 65, "spe": 95}, "stats": {"hp": 258, "atk": 244, "def": 279, "spa": 156, "spd": 165, "spe": 217}, "types": ["Grass"]}, "Lunala": {"name": "Lunala", "species": "Lunala", "speciesId": "lunala", "gender": "N", "shiny": false, "level": 70, "moves": ["moonlight", "moonblast", "moongeistbeam", "calmmind"], "ability": "Shadow Shield", "evs": {"hp": 85, "atk": 0, "def": 85, "spa": 85, "spd": 85, "spe": 85}, "ivs": {"hp": 31, "atk": 0, "def": 31, "spa": 31, "spd": 31, "spe": 31}, "item": "Leftovers", "teraType": "Fairy", "role": "Bulky Setup", "bvs": {"hp": 137, "atk": 113, "def": 89, "spa": 137, "spd": 107, "spe": 97}, "stats": {"hp": 308, "atk": 163, "def": 166, "spa": 233, "spd": 191, "spe": 177}, "types": ["Psychic", "Ghost"]}, "Gengar": {"name": "Gengar", "species": "Gengar", "speciesId": "gengar", "gender": "F", "shiny": false, "level": 81, "moves": ["nastyplot", "focusblast", "sludgewave", "shadowball"], "ability": "Cursed Body", "evs": {"hp": 85, "atk": 0, "def": 85, "spa": 85, "spd": 85, "spe": 85}, "ivs": {"hp": 31, "atk": 0, "def": 31, "spa": 31, "spd": 31, "spe": 31}, "item": "Life Orb", "teraType": "Fighting", "role": "Wallbreaker", "bvs": {"hp": 60, "atk": 65, "def": 60, "spa": 130, "spd": 75, "spe": 110}, "stats": {"hp": 230, "atk": 110, "def": 144, "spa": 257, "spd": 168, "spe": 225}, "types": ["Ghost", "Poison"]}, "Regigigas": {"name": "Regigigas", "species": "Regigigas", "speciesId": "regigigas", "gender": "N", "shiny": false, "level": 84, "moves": ["substitute", "protect", "knockoff", "bodyslam"], "ability": "Slow Start", "evs": {"hp": 85, "atk": 85, "def": 85, "spa": 85, "spd": 85, "spe": 85}, "ivs": {"hp": 31, "atk": 31, "def": 31, "spa": 31, "spd": 31, "spe": 31}, "item": "Leftovers", "teraType": "Poison", "role": "Bulky Attacker", "bvs": {"hp": 110, "atk": 160, "def": 110, "spa": 80, "spd": 110, "spe": 100}, "stats": {"hp": 322, "atk": 317, "def": 233, "spa": 183, "spd": 233, "spe": 216}, "types": ["Normal"]}}, {"Kleavor": {"name": "Kleavor", "species": "Kleavor", "speciesId": "kleavor", "gender": "M", "shiny": false, "level": 78, "moves": ["closecombat", "xscissor", "stoneaxe", "defog"], "ability": "Sharpness", "evs": {"hp": 85, "atk": 85, "def": 85, "spa": 85, "spd": 85, "spe": 85}, "ivs": {"hp": 31, "atk": 31, "def": 31, "spa": 31, "spd": 31, "spe": 31}, "item": "Heavy-Duty Boots", "teraType": "Fighting", "role": "Bulky Attacker", "bvs": {"hp": 70, "atk": 135, "def": 95, "spa": 45, "spd": 70, "spe": 85}, "stats": {"hp": 237, "atk": 256, "def": 193, "spa": 115, "spd": 154, "spe": 178}, "types": ["Bug", "Rock"]}, "Klefki": {"name": "Klefki", "species": "Klefki", "speciesId": "klefki", "gender": "F", "shiny": false, "level": 84, "moves": ["thunderwave", "foulplay", "spikes", "dazzlinggleam"], "ability": "Prankster", "evs": {"hp": 85, "atk": 0, "def": 85, "spa": 85, "spd": 85, "spe": 85}, "ivs": {"hp": 31, "atk": 0, "def": 31, "spa": 31, "spd": 31, "spe": 31}, "item": "Leftovers", "teraType": "Water", "role": "Bulky Attacker", "bvs": {"hp": 57, "atk": 80, "def": 91, "spa": 80, "spd": 87, "spe": 75}, "stats": {"hp": 233, "atk": 139, "def": 201, "spa": 183, "spd": 194, "spe": 174}, "types": ["Steel", "Fairy"]}, "Gogoat": {"name": "Gogoat", "species": "Gogoat", "speciesId": "gogoat", "gender": "F", "shiny": false, "level": 88, "moves": ["hornleech", "milkdrink", "earthquake", "bulkup"], "ability": "Sap Sipper", "evs": {"hp": 85, "atk": 85, "def": 85, "spa": 85, "spd": 85, "spe": 85}, "ivs": {"hp": 31, "atk": 31, "def": 31, "spa": 31, "spd": 31, "spe": 31}, "item": "Leftovers", "teraType": "Ground", "role": "Bulky Setup", "bvs": {"hp": 123, "atk": 100, "def": 62, "spa": 97, "spd": 81, "spe": 68}, "stats": {"hp": 360, "atk": 226, "def": 159, "spa": 221, "spd": 193, "spe": 170}, "types": ["Grass"]}, "Gumshoos": {"name": "Gumshoos", "species": "Gumshoos", "speciesId": "gumshoos", "gender": "M", "shiny": false, "level": 95, "moves": ["uturn", "doubleedge", "earthquake", "knockoff"], "ability": "Stakeout", "evs": {"hp": 85, "atk": 85, "def": 85, "spa": 85, "spd": 85, "spe": 85}, "ivs": {"hp": 31, "atk": 31, "def": 31, "spa": 31, "spd": 31, "spe": 31}, "item": "Choice Band", "teraType": "Normal", "role": "Wallbreaker", "bvs": {"hp": 88, "atk": 110, "def": 60, "spa": 55, "spd": 60, "spe": 45}, "stats": {"hp": 321, "atk": 263, "def": 168, "spa": 158, "spd": 168, "spe": 139}, "types": ["Normal"]}, "Uxie": {"name": "Uxie", "species": "Uxie", "speciesId": "uxie", "gender": "N", "shiny": false, "level": 83, "moves": ["encore", "yawn", "knockoff", "psychicnoise"], "ability": "Levitate", "evs": {"hp": 85, "atk": 85, "def": 85, "spa": 85, "spd": 85, "spe": 85}, "ivs": {"hp": 31, "atk": 31, "def": 31, "spa": 31, "spd": 31, "spe": 31}, "item": "Leftovers", "teraType": "Steel", "role": "Bulky Support", "bvs": {"hp": 75, "atk": 75, "def": 130, "spa": 75, "spd": 130, "spe": 95}, "stats": {"hp": 260, "atk": 172, "def": 263, "spa": 172, "spd": 263, "spe": 205}, "types": ["Psychic"]}, "Dragalge": {"name": "Dragalge", "species": "Dragalge", "speciesId": "dragalge", "gender": "M", "shiny": false, "level": 88, "moves": ["dracometeor", "focusblast", "toxicspikes", "sludgewave"], "ability": "Adaptability", "evs": {"hp": 85, "atk": 0, "def": 85, "spa": 85, "spd": 85, "spe": 85}, "ivs": {"hp": 31, "atk": 0, "def": 31, "spa": 31, "spd": 31, "spe": 31}, "item": "Leftovers", "teraType": "Fighting", "role": "Bulky Attacker", "bvs": {"hp": 65, "atk": 75, "def": 90, "spa": 97, "spd": 123, "spe": 44}, "stats": {"hp": 258, "atk": 137, "def": 209, "spa": 221, "spd": 267, "spe": 128}, "types": ["Poison", "Dragon"]}}]}