{"id": "gen9randombattle-2641777597", "format": "[Gen 9] Random Battle", "players": ["Sdbf", "APin23"], "log": "|j|\u2606Sdbf\n|j|\u2606APin23\n|t:|1782840724\n|gametype|singles\n|player|p1|Sdbf|265|1242\n|player|p2|APin23|dawn-gen4pt|1294\n|gen|9\n|tier|[Gen 9] Random Battle\n|rated|\n|rule|Species Clause: Limit one of each Pok\u00e9mon\n|rule|HP Percentage Mod: HP is shown in percentages\n|rule|Sleep Clause Mod: Limit one foe put to sleep\n|rule|Illusion Level Mod: Illusion disguises the Pok\u00e9mon's true level\n|\n|t:|1782840724\n|teamsize|p1|6\n|teamsize|p2|6\n|start\n|switch|p1a: Porygon-Z|Porygon-Z, L83|277/277\n|switch|p2a: Bisharp|Bisharp, L79, M|232/232\n|-ability|p1a: Porygon-Z|Download|boost\n|-boost|p1a: Porygon-Z|spa|1\n|turn|1\n|inactive|Battle timer is ON: inactive players will automatically lose when time's up. (requested by Sdbf)\n|\n|t:|1782840739\n|move|p1a: Porygon-Z|Thunderbolt|p2a: Bisharp\n|-damage|p2a: Bisharp|80/232\n|move|p2a: Bisharp|Stealth Rock|p1a: Porygon-Z\n|-sidestart|p1: Sdbf|move: Stealth Rock\n|\n|upkeep\n|turn|2\n|l|\u2606Sdbf\n|inactive|Sdbf disconnected and has a minute to reconnect!\n|player|p1|\n|j|\u2606Sdbf\n|inactive|Sdbf reconnected and has 135 seconds left.\n|player|p1|Sdbf|265|\n|\n|t:|1782840756\n|switch|p2a: Gliscor|Gliscor, L76, F|239/239\n|move|p1a: Porygon-Z|Thunderbolt|p2a: Gliscor\n|-immune|p2a: Gliscor\n|\n|-status|p2a: Gliscor|tox|[from] item: Toxic Orb\n|upkeep\n|turn|3\n|\n|t:|1782840766\n|switch|p1a: Porygon2|Porygon2, L81|270/270\n|-damage|p1a: Porygon2|237/270|[from] Stealth Rock\n|-ability|p1a: Porygon2|Download|boost\n|-boost|p1a: Porygon2|spa|1\n|move|p2a: Gliscor|Substitute|p2a: Gliscor\n|-start|p2a: Gliscor|Substitute\n|-damage|p2a: Gliscor|180/239 tox\n|\n|-heal|p2a: Gliscor|209/239 tox|[from] ability: Poison Heal\n|upkeep\n|turn|4\n|l|\u2606Sdbf\n|inactive|Sdbf disconnected and has a minute to reconnect!\n|player|p1|\n|j|\u2606Sdbf\n|inactive|Sdbf reconnected.\n|player|p1|Sdbf|265|\n|\n|t:|1782840796\n|move|p2a: Gliscor|Toxic|p1a: Porygon2\n|-status|p1a: Porygon2|tox\n|move|p1a: Porygon2|Ice Beam|p2a: Gliscor\n|-supereffective|p2a: Gliscor\n|-end|p2a: Gliscor|Substitute\n|\n|-heal|p2a: Gliscor|238/239 tox|[from] ability: Poison Heal\n|-damage|p1a: Porygon2|221/270 tox|[from] psn\n|upkeep\n|turn|5\n|\n|t:|1782840804\n|move|p2a: Gliscor|Protect|p2a: Gliscor\n|-singleturn|p2a: Gliscor|Protect\n|move|p1a: Porygon2|Ice Beam|p2a: Gliscor\n|-activate|p2a: Gliscor|move: Protect\n|\n|-heal|p2a: Gliscor|239/239 tox|[from] ability: Poison Heal\n|-damage|p1a: Porygon2|189/270 tox|[from] psn\n|upkeep\n|turn|6\n|\n|t:|1782840810\n|move|p2a: Gliscor|Substitute|p2a: Gliscor\n|-start|p2a: Gliscor|Substitute\n|-damage|p2a: Gliscor|180/239 tox\n|move|p1a: Porygon2|Ice Beam|p2a: Gliscor\n|-supereffective|p2a: Gliscor\n|-end|p2a: Gliscor|Substitute\n|\n|-heal|p2a: Gliscor|209/239 tox|[from] ability: Poison Heal\n|-damage|p1a: Porygon2|141/270 tox|[from] psn\n|upkeep\n|turn|7\n|\n|t:|1782840823\n|switch|p1a: Rabsca|Rabsca, L91, F|284/284\n|move|p2a: Gliscor|Protect||[still]\n|-fail|p2a: Gliscor\n|\n|-heal|p2a: Gliscor|238/239 tox|[from] ability: Poison Heal\n|upkeep\n|turn|8\n|\n|t:|1782840838\n|switch|p2a: Skarmory|Skarmory, L80, F|235/235\n|move|p1a: Rabsca|Psychic|p2a: Skarmory\n|-resisted|p2a: Skarmory\n|-damage|p2a: Skarmory|154/235\n|\n|-heal|p2a: Skarmory|168/235|[from] item: Leftovers\n|upkeep\n|turn|9\n|l|\u2606Sdbf\n|inactive|Sdbf disconnected and has a minute to reconnect!\n|player|p1|\n|inactive|Sdbf has 30 seconds to reconnect!\n|j|\u2606Sdbf\n|inactive|Sdbf reconnected and has 120 seconds left.\n|player|p1|Sdbf|265|\n|\n|t:|1782840878\n|switch|p1a: Porygon2|Porygon2, L81|141/270 tox\n|-damage|p1a: Porygon2|108/270 tox|[from] Stealth Rock\n|-ability|p1a: Porygon2|Download|boost\n|-boost|p1a: Porygon2|spa|1\n|move|p2a: Skarmory|Iron Defense|p2a: Skarmory\n|-boost|p2a: Skarmory|def|2\n|\n|-heal|p2a: Skarmory|182/235|[from] item: Leftovers\n|-damage|p1a: Porygon2|92/270 tox|[from] psn\n|upkeep\n|turn|10\n|inactive|Sdbf has 120 seconds left.\n|\n|t:|1782840893\n|move|p2a: Skarmory|Body Press|p1a: Porygon2\n|-supereffective|p1a: Porygon2\n|-damage|p1a: Porygon2|0 fnt\n|faint|p1a: Porygon2\n|\n|-heal|p2a: Skarmory|196/235|[from] item: Leftovers\n|upkeep\n|\n|t:|1782840897\n|switch|p1a: Porygon-Z|Porygon-Z, L83|277/277\n|-damage|p1a: Porygon-Z|243/277|[from] Stealth Rock\n|-ability|p1a: Porygon-Z|Download|boost\n|-boost|p1a: Porygon-Z|spa|1\n|turn|11\n|inactive|APin23 has 120 seconds left.\n|\n|t:|1782840919\n|switch|p2a: Golurk|Golurk, L87|297/297\n|-terastallize|p1a: Porygon-Z|Electric\n|move|p1a: Porygon-Z|Ice Beam|p2a: Golurk\n|-supereffective|p2a: Golurk\n|-damage|p2a: Golurk|0 fnt\n|faint|p2a: Golurk\n|\n|upkeep\n|inactive|APin23 has 120 seconds left.\n|\n|t:|1782840931\n|switch|p2a: Diancie|Diancie, L82|216/216\n|turn|12\n|inactive|APin23 has 120 seconds left.\n|\n|t:|1782840942\n|switch|p1a: Amoonguss|Amoonguss, L82, F|321/321\n|-damage|p1a: Amoonguss|281/321|[from] Stealth Rock\n|move|p2a: Diancie|Calm Mind|p2a: Diancie\n|-boost|p2a: Diancie|spa|1\n|-boost|p2a: Diancie|spd|1\n|\n|upkeep\n|turn|13\n|inactive|APin23 has 120 seconds left.\n|\n|t:|1782840956\n|switch|p2a: Gliscor|Gliscor, L76, F|238/239 tox\n|move|p1a: Amoonguss|Spore||[still]\n|-fail|p1a: Amoonguss\n|\n|-heal|p2a: Gliscor|239/239 tox|[from] ability: Poison Heal\n|upkeep\n|turn|14\n|inactive|APin23 has 120 seconds left.\n|\n|t:|1782840963\n|move|p2a: Gliscor|Substitute|p2a: Gliscor\n|-start|p2a: Gliscor|Substitute\n|-damage|p2a: Gliscor|180/239 tox\n|move|p1a: Amoonguss|Giga Drain|p2a: Gliscor\n|-end|p2a: Gliscor|Substitute\n|-heal|p1a: Amoonguss|311/321|[from] drain|[of] p2a: Gliscor\n|\n|-heal|p2a: Gliscor|209/239 tox|[from] ability: Poison Heal\n|upkeep\n|turn|15\n|\n|t:|1782840970\n|move|p2a: Gliscor|Earthquake|p1a: Amoonguss\n|-damage|p1a: Amoonguss|199/321\n|move|p1a: Amoonguss|Giga Drain|p2a: Gliscor\n|-damage|p2a: Gliscor|118/239 tox\n|-heal|p1a: Amoonguss|245/321|[from] drain|[of] p2a: Gliscor\n|\n|-heal|p2a: Gliscor|147/239 tox|[from] ability: Poison Heal\n|upkeep\n|turn|16\n|\n|t:|1782840978\n|move|p2a: Gliscor|Protect|p2a: Gliscor\n|-singleturn|p2a: Gliscor|Protect\n|move|p1a: Amoonguss|Giga Drain|p2a: Gliscor\n|-activate|p2a: Gliscor|move: Protect\n|\n|-heal|p2a: Gliscor|176/239 tox|[from] ability: Poison Heal\n|upkeep\n|turn|17\n|inactive|APin23 has 120 seconds left.\n|\n|t:|1782841004\n|move|p2a: Gliscor|Protect|p2a: Gliscor\n|-singleturn|p2a: Gliscor|Protect\n|move|p1a: Amoonguss|Giga Drain|p2a: Gliscor\n|-activate|p2a: Gliscor|move: Protect\n|\n|-heal|p2a: Gliscor|205/239 tox|[from] ability: Poison Heal\n|upkeep\n|turn|18\n|\n|t:|1782841008\n|switch|p2a: Skarmory|Skarmory, L80, F|196/235\n|move|p1a: Amoonguss|Giga Drain|p2a: Skarmory\n|-resisted|p2a: Skarmory\n|-damage|p2a: Skarmory|174/235\n|-heal|p1a: Amoonguss|256/321|[from] drain|[of] p2a: Skarmory\n|\n|-heal|p2a: Skarmory|188/235|[from] item: Leftovers\n|upkeep\n|turn|19\n|\n|t:|1782841016\n|move|p2a: Skarmory|Brave Bird|p1a: Amoonguss\n|-supereffective|p1a: Amoonguss\n|-damage|p1a: Amoonguss|16/321\n|-damage|p2a: Skarmory|149/235|[from] item: Rocky Helmet|[of] p1a: Amoonguss\n|-damage|p2a: Skarmory|70/235|[from] Recoil\n|move|p1a: Amoonguss|Spore|p2a: Skarmory\n|-status|p2a: Skarmory|slp|[from] move: Spore\n|\n|-heal|p2a: Skarmory|84/235 slp|[from] item: Leftovers\n|upkeep\n|turn|20\n|\n|t:|1782841026\n|switch|p2a: Bisharp|Bisharp, L79, M|80/232\n|switch|p1a: Porygon-Z|Porygon-Z, L83, tera:Electric|243/277\n|-damage|p1a: Porygon-Z|209/277|[from] Stealth Rock\n|-ability|p1a: Porygon-Z|Download|boost\n|-boost|p1a: Porygon-Z|spa|1\n|\n|upkeep\n|turn|21\n|\n|t:|1782841038\n|move|p2a: Bisharp|Sucker Punch|p1a: Porygon-Z\n|-damage|p1a: Porygon-Z|109/277\n|move|p1a: Porygon-Z|Ice Beam|p2a: Bisharp\n|-resisted|p2a: Bisharp\n|-damage|p2a: Bisharp|10/232\n|\n|upkeep\n|turn|22\n|\n|t:|1782841045\n|switch|p1a: Amoonguss|Amoonguss, L82, F|123/321\n|-damage|p1a: Amoonguss|83/321|[from] Stealth Rock\n|move|p2a: Bisharp|Sucker Punch||[still]\n|-fail|p2a: Bisharp\n|\n|upkeep\n|turn|23\n|\n|t:|1782841055\n|switch|p1a: Rabsca|Rabsca, L91, F|284/284\n|move|p2a: Bisharp|Iron Head|p1a: Rabsca\n|-damage|p1a: Rabsca|199/284\n|\n|upkeep\n|turn|24\n|\n|t:|1782841062\n|switch|p1a: Amoonguss|Amoonguss, L82, F|190/321\n|-damage|p1a: Amoonguss|150/321|[from] Stealth Rock\n|move|p2a: Bisharp|Throat Chop|p1a: Amoonguss\n|-damage|p1a: Amoonguss|47/321\n|-start|p1a: Amoonguss|Throat Chop|[silent]\n|-damage|p2a: Bisharp|0 fnt|[from] item: Rocky Helmet|[of] p1a: Amoonguss\n|faint|p2a: Bisharp\n|\n|upkeep\n|\n|t:|1782841074\n|switch|p2a: Skarmory|Skarmory, L80, F|84/235 slp\n|turn|25\n|\n|t:|1782841077\n|switch|p1a: Rabsca|Rabsca, L91, F|199/284\n|cant|p2a: Skarmory|slp\n|\n|-heal|p2a: Skarmory|98/235 slp|[from] item: Leftovers\n|upkeep\n|turn|26\n|\n|t:|1782841090\n|switch|p1a: Amoonguss|Amoonguss, L82, F|154/321\n|-damage|p1a: Amoonguss|114/321|[from] Stealth Rock\n|-curestatus|p2a: Skarmory|slp|[msg]\n|move|p2a: Skarmory|Roost|p2a: Skarmory\n|-heal|p2a: Skarmory|216/235\n|-singleturn|p2a: Skarmory|move: Roost\n|\n|-heal|p2a: Skarmory|230/235|[from] item: Leftovers\n|upkeep\n|turn|27\n|\n|t:|1782841098\n|switch|p1a: Porygon-Z|Porygon-Z, L83, tera:Electric|109/277\n|-damage|p1a: Porygon-Z|75/277|[from] Stealth Rock\n|-ability|p1a: Porygon-Z|Download|boost\n|-boost|p1a: Porygon-Z|spa|1\n|move|p2a: Skarmory|Brave Bird|p1a: Porygon-Z\n|-resisted|p1a: Porygon-Z\n|-damage|p1a: Porygon-Z|20/277\n|-damage|p2a: Skarmory|212/235|[from] Recoil\n|\n|-heal|p2a: Skarmory|226/235|[from] item: Leftovers\n|upkeep\n|turn|28\n|\n|t:|1782841112\n|switch|p2a: Gliscor|Gliscor, L76, F|205/239 tox\n|move|p1a: Porygon-Z|Thunderbolt|p2a: Gliscor\n|-immune|p2a: Gliscor\n|\n|-heal|p2a: Gliscor|234/239 tox|[from] ability: Poison Heal\n|upkeep\n|turn|29\n|\n|t:|1782841121\n|switch|p1a: Amoonguss|Amoonguss, L82, F|221/321\n|-damage|p1a: Amoonguss|181/321|[from] Stealth Rock\n|move|p2a: Gliscor|Earthquake|p1a: Amoonguss\n|-damage|p1a: Amoonguss|82/321\n|\n|-heal|p2a: Gliscor|239/239 tox|[from] ability: Poison Heal\n|upkeep\n|turn|30\n|\n|t:|1782841124\n|move|p2a: Gliscor|Earthquake|p1a: Amoonguss\n|-damage|p1a: Amoonguss|0 fnt\n|faint|p1a: Amoonguss\n|\n|upkeep\n|\n|t:|1782841129\n|switch|p1a: Porygon-Z|Porygon-Z, L83, tera:Electric|20/277\n|-damage|p1a: Porygon-Z|0 fnt|[from] Stealth Rock\n|faint|p1a: Porygon-Z\n|\n|t:|1782841132\n|switch|p1a: Rabsca|Rabsca, L91, F|199/284\n|turn|31\n|\n|t:|1782841138\n|move|p2a: Gliscor|Substitute|p2a: Gliscor\n|-start|p2a: Gliscor|Substitute\n|-damage|p2a: Gliscor|180/239 tox\n|move|p1a: Rabsca|Revival Blessing|p1a: Rabsca\n|\n|t:|1782841146\n|-heal|p1: Porygon-Z|138/277|[from] move: Revival Blessing\n|\n|-heal|p2a: Gliscor|209/239 tox|[from] ability: Poison Heal\n|upkeep\n|turn|32\n|\n|t:|1782841151\n|move|p2a: Gliscor|Toxic|p1a: Rabsca\n|-status|p1a: Rabsca|tox\n|-activate|p1a: Rabsca|ability: Synchronize\n|-fail|p2a: Gliscor|tox\n|move|p1a: Rabsca|Bug Buzz|p2a: Gliscor\n|-resisted|p2a: Gliscor\n|-damage|p2a: Gliscor|127/239 tox\n|\n|-heal|p2a: Gliscor|156/239 tox|[from] ability: Poison Heal\n|-damage|p1a: Rabsca|182/284 tox|[from] psn\n|upkeep\n|turn|33\n|\n|t:|1782841160\n|move|p2a: Gliscor|Protect|p2a: Gliscor\n|-singleturn|p2a: Gliscor|Protect\n|move|p1a: Rabsca|Bug Buzz|p2a: Gliscor\n|-activate|p2a: Gliscor|move: Protect\n|\n|-heal|p2a: Gliscor|185/239 tox|[from] ability: Poison Heal\n|-damage|p1a: Rabsca|148/284 tox|[from] psn\n|upkeep\n|turn|34\n|\n|t:|1782841167\n|move|p2a: Gliscor|Earthquake|p1a: Rabsca\n|-resisted|p1a: Rabsca\n|-damage|p1a: Rabsca|107/284 tox\n|move|p1a: Rabsca|Bug Buzz|p2a: Gliscor\n|-resisted|p2a: Gliscor\n|-damage|p2a: Gliscor|107/239 tox\n|\n|-heal|p2a: Gliscor|136/239 tox|[from] ability: Poison Heal\n|-damage|p1a: Rabsca|56/284 tox|[from] psn\n|upkeep\n|turn|35\n|\n|t:|1782841173\n|move|p2a: Gliscor|Protect|p2a: Gliscor\n|-singleturn|p2a: Gliscor|Protect\n|move|p1a: Rabsca|Recover|p1a: Rabsca\n|-heal|p1a: Rabsca|198/284 tox\n|\n|-heal|p2a: Gliscor|165/239 tox|[from] ability: Poison Heal\n|-damage|p1a: Rabsca|130/284 tox|[from] psn\n|upkeep\n|turn|36\n|\n|t:|1782841192\n|move|p2a: Gliscor|Earthquake|p1a: Rabsca\n|-resisted|p1a: Rabsca\n|-damage|p1a: Rabsca|85/284 tox\n|move|p1a: Rabsca|Bug Buzz|p2a: Gliscor\n|-resisted|p2a: Gliscor\n|-damage|p2a: Gliscor|91/239 tox\n|\n|-heal|p2a: Gliscor|120/239 tox|[from] ability: Poison Heal\n|-damage|p1a: Rabsca|0 fnt|[from] psn\n|faint|p1a: Rabsca\n|upkeep\n|\n|t:|1782841201\n|switch|p1a: Ampharos|Ampharos, L88, M|302/302\n|-damage|p1a: Ampharos|265/302|[from] Stealth Rock\n|turn|37\n|\n|t:|1782841206\n|move|p2a: Gliscor|Protect|p2a: Gliscor\n|-singleturn|p2a: Gliscor|Protect\n|move|p1a: Ampharos|Dragon Tail|p2a: Gliscor\n|-activate|p2a: Gliscor|move: Protect\n|\n|-heal|p2a: Gliscor|149/239 tox|[from] ability: Poison Heal\n|upkeep\n|turn|38\n|\n|t:|1782841212\n|move|p2a: Gliscor|Earthquake|p1a: Ampharos\n|-supereffective|p1a: Ampharos\n|-damage|p1a: Ampharos|95/302\n|move|p1a: Ampharos|Dragon Tail|p2a: Gliscor\n|-activate|p2a: Gliscor|move: Substitute|[damage]\n|\n|-heal|p2a: Gliscor|178/239 tox|[from] ability: Poison Heal\n|upkeep\n|turn|39\n|\n|t:|1782841221\n|move|p2a: Gliscor|Earthquake|p1a: Ampharos\n|-supereffective|p1a: Ampharos\n|-damage|p1a: Ampharos|0 fnt\n|faint|p1a: Ampharos\n|\n|-heal|p2a: Gliscor|207/239 tox|[from] ability: Poison Heal\n|upkeep\n|\n|t:|1782841223\n|switch|p1a: Brambleghast|Brambleghast, L88, M|240/240\n|-damage|p1a: Brambleghast|210/240|[from] Stealth Rock\n|turn|40\n|\n|t:|1782841227\n|move|p1a: Brambleghast|Power Whip|p2a: Gliscor\n|-end|p2a: Gliscor|Substitute\n|move|p2a: Gliscor|Toxic|p1a: Brambleghast\n|-status|p1a: Brambleghast|tox\n|\n|-heal|p1a: Brambleghast|225/240 tox|[from] item: Leftovers\n|-damage|p1a: Brambleghast|210/240 tox|[from] psn\n|-heal|p2a: Gliscor|236/239 tox|[from] ability: Poison Heal\n|upkeep\n|turn|41\n|\n|t:|1782841233\n|move|p2a: Gliscor|Protect|p2a: Gliscor\n|-singleturn|p2a: Gliscor|Protect\n|move|p1a: Brambleghast|Leech Seed|p2a: Gliscor\n|-activate|p2a: Gliscor|move: Protect\n|\n|-heal|p1a: Brambleghast|225/240 tox|[from] item: Leftovers\n|-damage|p1a: Brambleghast|195/240 tox|[from] psn\n|-heal|p2a: Gliscor|239/239 tox|[from] ability: Poison Heal\n|upkeep\n|turn|42\n|\n|t:|1782841242\n|switch|p2a: Skarmory|Skarmory, L80, F|226/235\n|move|p1a: Brambleghast|Leech Seed|p2a: Skarmory\n|-start|p2a: Skarmory|move: Leech Seed\n|\n|-heal|p1a: Brambleghast|210/240 tox|[from] item: Leftovers\n|-heal|p2a: Skarmory|235/235|[from] item: Leftovers\n|-damage|p2a: Skarmory|206/235|[from] Leech Seed|[of] p1a: Brambleghast\n|-heal|p1a: Brambleghast|239/240 tox|[silent]\n|-damage|p1a: Brambleghast|194/240 tox|[from] psn\n|upkeep\n|turn|43\n|\n|t:|1782841249\n|switch|p1a: Porygon-Z|Porygon-Z, L83|138/277\n|-damage|p1a: Porygon-Z|104/277|[from] Stealth Rock\n|-ability|p1a: Porygon-Z|Download|boost\n|-boost|p1a: Porygon-Z|spa|1\n|move|p2a: Skarmory|Iron Defense|p2a: Skarmory\n|-boost|p2a: Skarmory|def|2\n|\n|-heal|p2a: Skarmory|220/235|[from] item: Leftovers\n|-damage|p2a: Skarmory|191/235|[from] Leech Seed|[of] p1a: Porygon-Z\n|-heal|p1a: Porygon-Z|133/277|[silent]\n|upkeep\n|turn|44\n|\n|t:|1782841262\n|move|p1a: Porygon-Z|Ice Beam|p2a: Skarmory\n|-damage|p2a: Skarmory|0 fnt\n|faint|p2a: Skarmory\n|\n|upkeep\n|\n|t:|1782841271\n|switch|p2a: Diancie|Diancie, L82|216/216\n|turn|45\n|\n|t:|1782841279\n|switch|p1a: Brambleghast|Brambleghast, L88, M|194/240 tox\n|-damage|p1a: Brambleghast|164/240 tox|[from] Stealth Rock\n|move|p2a: Diancie|Calm Mind|p2a: Diancie\n|-boost|p2a: Diancie|spa|1\n|-boost|p2a: Diancie|spd|1\n|\n|-heal|p1a: Brambleghast|179/240 tox|[from] item: Leftovers\n|-damage|p1a: Brambleghast|164/240 tox|[from] psn\n|upkeep\n|turn|46\n|\n|t:|1782841287\n|-terastallize|p2a: Diancie|Fairy\n|move|p1a: Brambleghast|Leech Seed|p2a: Diancie\n|-start|p2a: Diancie|move: Leech Seed\n|move|p2a: Diancie|Calm Mind|p2a: Diancie\n|-boost|p2a: Diancie|spa|1\n|-boost|p2a: Diancie|spd|1\n|\n|-heal|p1a: Brambleghast|179/240 tox|[from] item: Leftovers\n|-damage|p2a: Diancie|189/216|[from] Leech Seed|[of] p1a: Brambleghast\n|-heal|p1a: Brambleghast|206/240 tox|[silent]\n|-damage|p1a: Brambleghast|176/240 tox|[from] psn\n|upkeep\n|turn|47\n|\n|t:|1782841295\n|move|p1a: Brambleghast|Power Whip|p2a: Diancie|[miss]\n|-miss|p1a: Brambleghast|p2a: Diancie\n|move|p2a: Diancie|Diamond Storm|p1a: Brambleghast\n|-damage|p1a: Brambleghast|65/240 tox\n|-boost|p2a: Diancie|def|2\n|\n|-heal|p1a: Brambleghast|80/240 tox|[from] item: Leftovers\n|-heal|p2a: Diancie|202/216|[from] item: Leftovers\n|-damage|p2a: Diancie|175/216|[from] Leech Seed|[of] p1a: Brambleghast\n|-heal|p1a: Brambleghast|107/240 tox|[silent]\n|-damage|p1a: Brambleghast|62/240 tox|[from] psn\n|upkeep\n|turn|48\n|\n|t:|1782841303\n|move|p1a: Brambleghast|Power Whip|p2a: Diancie\n|-damage|p2a: Diancie|123/216\n|move|p2a: Diancie|Draining Kiss|p1a: Brambleghast\n|-damage|p1a: Brambleghast|0 fnt\n|-heal|p2a: Diancie|170/216|[from] drain|[of] p1a: Brambleghast\n|faint|p1a: Brambleghast\n|\n|-heal|p2a: Diancie|183/216|[from] item: Leftovers\n|upkeep\n|\n|t:|1782841308\n|switch|p1a: Porygon-Z|Porygon-Z, L83|133/277\n|-damage|p1a: Porygon-Z|99/277|[from] Stealth Rock\n|-ability|p1a: Porygon-Z|Download|boost\n|-boost|p1a: Porygon-Z|spa|1\n|turn|49\n|\n|t:|1782841321\n|move|p1a: Porygon-Z|Ice Beam|p2a: Diancie\n|-damage|p2a: Diancie|121/216\n|-status|p2a: Diancie|frz\n|-curestatus|p2a: Diancie|frz|[msg]\n|move|p2a: Diancie|Draining Kiss|p1a: Porygon-Z\n|-damage|p1a: Porygon-Z|0 fnt\n|-heal|p2a: Diancie|195/216|[from] drain|[of] p1a: Porygon-Z\n|faint|p1a: Porygon-Z\n|\n|win|APin23\n|raw|Sdbf's rating: 1242 &rarr; <strong>1221</strong><br />(-21 for losing)\n|raw|APin23's rating: 1294 &rarr; <strong>1315</strong><br />(+21 for winning)\n|l|\u2606Sdbf\n|player|p1|\n|c|\u2606APin23|oh ok\n", "inputlog": ">version f8ac14003a5f27e1bdc8d8c59608a773c1cb96e5\n>start {\"formatid\":\"gen9randombattle\",\"seed\":\"sodium,1151491b9b18821d3ec1a5296b1d6e88\",\"rated\":\"Rated battle\"}\n>player p1 {\"name\":\"Sdbf\",\"avatar\":\"265\",\"rating\":1242,\"seed\":\"sodium,5220f7f56bf7cc254d7de82c0d63497e\"}\n>player p2 {\"name\":\"APin23\",\"avatar\":\"dawn-gen4pt\",\"rating\":1294,\"seed\":\"sodium,9784583e3a2569f4fac85653230ee9b1\"}\n>p1 move thunderbolt\n>p2 move stealthrock\n>p1 move thunderbolt\n>p2 switch 6\n>p1 switch 5\n>p2 move substitute\n>p1 move icebeam\n>p2 move toxic\n>p1 move icebeam\n>p2 move protect\n>p1 move icebeam\n>p2 move substitute\n>p1 switch 3\n>p2 move protect\n>p1 move psychic\n>p2 switch 2\n>p1 switch 3\n>p2 move irondefense\n>p1 move discharge\n>p2 move bodypress\n>p1 switch 5\n>p1 move icebeam terastallize\n>p2 switch 5\n>p2 switch 3\n>p1 switch 4\n>p2 move calmmind\n>p1 move spore\n>p2 switch 2\n>p1 move gigadrain\n>p2 move substitute\n>p1 move gigadrain\n>p2 move earthquake\n>p1 move gigadrain\n>p2 move protect\n>p1 move gigadrain\n>p2 move protect\n>p1 move gigadrain\n>p2 switch 5\n>p1 move spore\n>p2 move bravebird\n>p1 switch 4\n>p2 switch 6\n>p1 move icebeam\n>p2 move suckerpunch\n>p1 switch 4\n>p2 move suckerpunch\n>p1 switch 3\n>p2 move ironhead\n>p1 switch 3\n>p2 move throatchop\n>p2 switch 6\n>p1 switch 3\n>p2 move roost\n>p1 switch 3\n>p2 move roost\n>p1 switch 4\n>p2 move bravebird\n>p1 move thunderbolt\n>p2 switch 5\n>p1 switch 4\n>p2 move earthquake\n>p1 move gigadrain\n>p2 move earthquake\n>p1 switch 4\n>p1 switch 3\n>p1 move revivalblessing\n>p2 move substitute\n>p1 switch 3\n>p1 move bugbuzz\n>p2 move toxic\n>p1 move bugbuzz\n>p2 move protect\n>p1 move bugbuzz\n>p2 move earthquake\n>p1 move recover\n>p2 move protect\n>p1 move bugbuzz\n>p2 move earthquake\n>p1 switch 6\n>p1 move dragontail\n>p2 move protect\n>p1 move dragontail\n>p2 move earthquake\n>p1 move dragontail\n>p2 move earthquake\n>p1 switch 2\n>p1 move powerwhip\n>p2 move toxic\n>p1 move leechseed\n>p2 move protect\n>p1 move leechseed\n>p2 switch 5\n>p1 switch 3\n>p2 move irondefense\n>p1 move icebeam\n>p2 move bodypress\n>p2 switch 2\n>p1 switch 3\n>p2 move calmmind\n>p1 move leechseed\n>p2 move calmmind terastallize\n>p1 move powerwhip\n>p2 move diamondstorm\n>p1 move powerwhip\n>p2 move drainingkiss\n>p1 switch 3\n>p1 move icebeam\n>p2 move drainingkiss", "uploadtime": 1782841333, "views": 6, "formatid": "gen9randombattle", "rating": 1221, "private": 0, "password": null, "player_dets": [{"name": "Sdbf", "avatar": "265", "rating": 1242, "seed": "sodium,5220f7f56bf7cc254d7de82c0d63497e"}, {"name": "APin23", "avatar": "dawn-gen4pt", "rating": 1294, "seed": "sodium,9784583e3a2569f4fac85653230ee9b1"}], "teams_full": [{"Porygon-Z": {"name": "Porygon-Z", "species": "Porygon-Z", "speciesId": "porygonz", "gender": "N", "shiny": false, "level": 83, "moves": ["icebeam", "shadowball", "thunderbolt", "triattack"], "ability": "Download", "evs": {"hp": 85, "atk": 0, "def": 85, "spa": 85, "spd": 85, "spe": 85}, "ivs": {"hp": 31, "atk": 0, "def": 31, "spa": 31, "spd": 31, "spe": 31}, "item": "Choice Specs", "teraType": "Electric", "role": "Fast Attacker", "bvs": {"hp": 85, "atk": 80, "def": 70, "spa": 135, "spd": 75, "spe": 90}, "stats": {"hp": 277, "atk": 137, "def": 164, "spa": 272, "spd": 172, "spe": 197}, "types": ["Normal"]}, "Brambleghast": {"name": "Brambleghast", "species": "Brambleghast", "speciesId": "brambleghast", "gender": "M", "shiny": false, "level": 88, "moves": ["substitute", "leechseed", "poltergeist", "powerwhip"], "ability": "Wind Rider", "evs": {"hp": 85, "atk": 85, "def": 85, "spa": 85, "spd": 85, "spe": 85}, "ivs": {"hp": 31, "atk": 31, "def": 31, "spa": 31, "spd": 31, "spe": 31}, "item": "Leftovers", "teraType": "Water", "role": "Fast Support", "bvs": {"hp": 55, "atk": 115, "def": 70, "spa": 80, "spd": 70, "spe": 90}, "stats": {"hp": 240, "atk": 253, "def": 173, "spa": 191, "spd": 173, "spe": 209}, "types": ["Grass", "Ghost"]}, "Rabsca": {"name": "Rabsca", "species": "Rabsca", "speciesId": "rabsca", "gender": "F", "shiny": false, "level": 91, "moves": ["recover", "bugbuzz", "revivalblessing", "psychic"], "ability": "Synchronize", "evs": {"hp": 85, "atk": 0, "def": 85, "spa": 85, "spd": 85, "spe": 85}, "ivs": {"hp": 31, "atk": 0, "def": 31, "spa": 31, "spd": 31, "spe": 31}, "item": "Heavy-Duty Boots", "teraType": "Steel", "role": "Wallbreaker", "bvs": {"hp": 75, "atk": 50, "def": 85, "spa": 115, "spd": 100, "spe": 45}, "stats": {"hp": 284, "atk": 96, "def": 207, "spa": 261, "spd": 234, "spe": 134}, "types": ["Bug", "Psychic"]}, "Amoonguss": {"name": "Amoonguss", "species": "Amoonguss", "speciesId": "amoonguss", "gender": "F", "shiny": false, "level": 82, "moves": ["spore", "clearsmog", "gigadrain", "sludgebomb"], "ability": "Regenerator", "evs": {"hp": 85, "atk": 0, "def": 85, "spa": 85, "spd": 85, "spe": 85}, "ivs": {"hp": 31, "atk": 0, "def": 31, "spa": 31, "spd": 31, "spe": 31}, "item": "Rocky Helmet", "teraType": "Steel", "role": "Bulky Support", "bvs": {"hp": 114, "atk": 85, "def": 70, "spa": 85, "spd": 80, "spe": 30}, "stats": {"hp": 321, "atk": 144, "def": 162, "spa": 187, "spd": 178, "spe": 96}, "types": ["Grass", "Poison"]}, "Porygon2": {"name": "Porygon2", "species": "Porygon2", "speciesId": "porygon2", "gender": "N", "shiny": false, "level": 81, "moves": ["discharge", "triattack", "recover", "icebeam"], "ability": "Download", "evs": {"hp": 85, "atk": 0, "def": 85, "spa": 85, "spd": 85, "spe": 85}, "ivs": {"hp": 31, "atk": 0, "def": 31, "spa": 31, "spd": 31, "spe": 31}, "item": "Eviolite", "teraType": "Ghost", "role": "Bulky Support", "bvs": {"hp": 85, "atk": 80, "def": 90, "spa": 105, "spd": 95, "spe": 60}, "stats": {"hp": 270, "atk": 134, "def": 192, "spa": 217, "spd": 201, "spe": 144}, "types": ["Normal"]}, "Ampharos": {"name": "Ampharos", "species": "Ampharos", "speciesId": "ampharos", "gender": "M", "shiny": false, "level": 88, "moves": ["dragontail", "discharge", "dazzlinggleam", "voltswitch"], "ability": "Static", "evs": {"hp": 85, "atk": 85, "def": 85, "spa": 85, "spd": 85, "spe": 85}, "ivs": {"hp": 31, "atk": 31, "def": 31, "spa": 31, "spd": 31, "spe": 31}, "item": "Assault Vest", "teraType": "Fairy", "role": "AV Pivot", "bvs": {"hp": 90, "atk": 75, "def": 85, "spa": 115, "spd": 90, "spe": 55}, "stats": {"hp": 302, "atk": 182, "def": 200, "spa": 253, "spd": 209, "spe": 147}, "types": ["Electric"]}}, {"Bisharp": {"name": "Bisharp", "species": "Bisharp", "speciesId": "bisharp", "gender": "M", "shiny": false, "level": 79, "moves": ["suckerpunch", "throatchop", "stealthrock", "ironhead"], "ability": "Defiant", "evs": {"hp": 85, "atk": 85, "def": 85, "spa": 85, "spd": 85, "spe": 85}, "ivs": {"hp": 31, "atk": 31, "def": 31, "spa": 31, "spd": 31, "spe": 31}, "item": "Eviolite", "teraType": "Flying", "role": "Bulky Attacker", "bvs": {"hp": 65, "atk": 125, "def": 100, "spa": 60, "spd": 70, "spe": 70}, "stats": {"hp": 232, "atk": 243, "def": 204, "spa": 140, "spd": 156, "spe": 156}, "types": ["Dark", "Steel"]}, "Skarmory": {"name": "Skarmory", "species": "Skarmory", "speciesId": "skarmory", "gender": "F", "shiny": false, "level": 80, "moves": ["bodypress", "roost", "irondefense", "bravebird"], "ability": "Sturdy", "evs": {"hp": 85, "atk": 85, "def": 85, "spa": 85, "spd": 85, "spe": 85}, "ivs": {"hp": 31, "atk": 31, "def": 31, "spa": 31, "spd": 31, "spe": 31}, "item": "Leftovers", "teraType": "Fighting", "role": "Bulky Setup", "bvs": {"hp": 65, "atk": 80, "def": 140, "spa": 40, "spd": 70, "spe": 70}, "stats": {"hp": 235, "atk": 174, "def": 270, "spa": 110, "spd": 158, "spe": 158}, "types": ["Steel", "Flying"]}, "Diancie": {"name": "Diancie", "species": "Diancie", "speciesId": "diancie", "gender": "N", "shiny": false, "level": 82, "moves": ["calmmind", "earthpower", "drainingkiss", "diamondstorm"], "ability": "Clear Body", "evs": {"hp": 85, "atk": 85, "def": 85, "spa": 85, "spd": 85, "spe": 85}, "ivs": {"hp": 31, "atk": 31, "def": 31, "spa": 31, "spd": 31, "spe": 31}, "item": "Leftovers", "teraType": "Fairy", "role": "Bulky Setup", "bvs": {"hp": 50, "atk": 100, "def": 150, "spa": 100, "spd": 150, "spe": 50}, "stats": {"hp": 216, "atk": 211, "def": 293, "spa": 211, "spd": 293, "spe": 129}, "types": ["Rock", "Fairy"]}, "Tatsugiri": {"name": "Tatsugiri", "species": "Tatsugiri", "speciesId": "tatsugiri", "gender": "M", "shiny": false, "level": 87, "moves": ["dracometeor", "surf", "nastyplot", "rapidspin"], "ability": "Storm Drain", "evs": {"hp": 85, "atk": 85, "def": 85, "spa": 85, "spd": 85, "spe": 85}, "ivs": {"hp": 31, "atk": 31, "def": 31, "spa": 31, "spd": 31, "spe": 31}, "item": "Heavy-Duty Boots", "teraType": "Steel", "role": "Fast Support", "bvs": {"hp": 68, "atk": 50, "def": 60, "spa": 120, "spd": 95, "spe": 82}, "stats": {"hp": 260, "atk": 137, "def": 154, "spa": 259, "spd": 215, "spe": 192}, "types": ["Dragon", "Water"]}, "Golurk": {"name": "Golurk", "species": "Golurk", "speciesId": "golurk", "gender": "N", "shiny": false, "level": 87, "moves": ["earthquake", "stoneedge", "poltergeist", "dynamicpunch"], "ability": "No Guard", "evs": {"hp": 85, "atk": 85, "def": 85, "spa": 85, "spd": 85, "spe": 85}, "ivs": {"hp": 31, "atk": 31, "def": 31, "spa": 31, "spd": 31, "spe": 31}, "item": "Choice Band", "teraType": "Ground", "role": "Wallbreaker", "bvs": {"hp": 89, "atk": 124, "def": 80, "spa": 55, "spd": 80, "spe": 55}, "stats": {"hp": 297, "atk": 266, "def": 189, "spa": 145, "spd": 189, "spe": 145}, "types": ["Ground", "Ghost"]}, "Gliscor": {"name": "Gliscor", "species": "Gliscor", "speciesId": "gliscor", "gender": "F", "shiny": false, "level": 76, "moves": ["earthquake", "toxic", "substitute", "protect"], "ability": "Poison Heal", "evs": {"hp": 85, "atk": 85, "def": 85, "spa": 85, "spd": 85, "spe": 85}, "ivs": {"hp": 31, "atk": 31, "def": 31, "spa": 31, "spd": 31, "spe": 31}, "item": "Toxic Orb", "teraType": "Water", "role": "Fast Support", "bvs": {"hp": 75, "atk": 95, "def": 125, "spa": 45, "spd": 75, "spe": 95}, "stats": {"hp": 239, "atk": 188, "def": 234, "spa": 112, "spd": 158, "spe": 188}, "types": ["Ground", "Flying"]}}]}