{"id": "gen9randombattle-2641801727", "format": "[Gen 9] Random Battle", "players": ["kaimyo", "Lion&Lamb"], "log": "|j|\u2606kaimyo\n|j|\u2606Lion&Lamb\n|t:|1782843584\n|gametype|singles\n|player|p1|kaimyo|cynthia|2032\n|player|p2|Lion&Lamb|2|1998\n|gen|9\n|tier|[Gen 9] Random Battle\n|rated|\n|rule|Species Clause: Limit one of each Pok\u00e9mon\n|rule|HP Percentage Mod: HP is shown in percentages\n|rule|Sleep Clause Mod: Limit one foe put to sleep\n|rule|Illusion Level Mod: Illusion disguises the Pok\u00e9mon's true level\n|\n|t:|1782843584\n|teamsize|p1|6\n|teamsize|p2|6\n|start\n|switch|p1a: Grafaiai|Grafaiai, L86, F|249/249\n|switch|p2a: Glalie|Glalie, L96, F|309/309\n|turn|1\n|\n|t:|1782843609\n|move|p1a: Grafaiai|Swords Dance|p1a: Grafaiai\n|-boost|p1a: Grafaiai|atk|2\n|move|p2a: Glalie|Spikes|p1a: Grafaiai\n|-sidestart|p1: kaimyo|Spikes\n|\n|upkeep\n|turn|2\n|\n|t:|1782843619\n|switch|p2a: Perrserker|Perrserker, L89, F|269/269\n|move|p1a: Grafaiai|Low Kick|p2a: Perrserker\n|-supereffective|p2a: Perrserker\n|-damage|p2a: Perrserker|82/269\n|-damage|p1a: Grafaiai|225/249|[from] item: Life Orb\n|\n|upkeep\n|turn|3\n|\n|t:|1782843633\n|move|p1a: Grafaiai|Knock Off|p2a: Perrserker\n|-damage|p2a: Perrserker|0 fnt\n|-enditem|p2a: Perrserker|Choice Band|[from] move: Knock Off|[of] p1a: Grafaiai\n|faint|p2a: Perrserker\n|-damage|p1a: Grafaiai|201/249|[from] item: Life Orb\n|\n|upkeep\n|\n|t:|1782843658\n|switch|p2a: Hippowdon|Hippowdon, L82, F|311/311\n|-weather|Sandstorm|[from] ability: Sand Stream|[of] p2a: Hippowdon\n|turn|4\n|\n|t:|1782843668\n|-terastallize|p1a: Grafaiai|Dark\n|move|p1a: Grafaiai|Knock Off|p2a: Hippowdon\n|-damage|p2a: Hippowdon|91/311\n|-enditem|p2a: Hippowdon|Leftovers|[from] move: Knock Off|[of] p1a: Grafaiai\n|-damage|p1a: Grafaiai|177/249|[from] item: Life Orb\n|move|p2a: Hippowdon|Earthquake|p1a: Grafaiai\n|-damage|p1a: Grafaiai|42/249\n|\n|-weather|Sandstorm|[upkeep]\n|-damage|p1a: Grafaiai|27/249|[from] Sandstorm\n|upkeep\n|turn|5\n|\n|t:|1782843681\n|move|p1a: Grafaiai|Knock Off|p2a: Hippowdon\n|-damage|p2a: Hippowdon|0 fnt\n|faint|p2a: Hippowdon\n|-damage|p1a: Grafaiai|3/249|[from] item: Life Orb\n|\n|-weather|Sandstorm|[upkeep]\n|-damage|p1a: Grafaiai|0 fnt|[from] Sandstorm\n|faint|p1a: Grafaiai\n|upkeep\n|\n|t:|1782843690\n|switch|p1a: Iron Treads|Iron Treads, L77|265/265\n|switch|p2a: Grimmsnarl|Grimmsnarl, L83, M|293/293\n|-damage|p1a: Iron Treads|232/265|[from] Spikes\n|turn|6\n|\n|t:|1782843705\n|switch|p2a: Crawdaunt|Crawdaunt, L84, M|243/243\n|move|p1a: Iron Treads|Rapid Spin|p2a: Crawdaunt\n|-damage|p2a: Crawdaunt|207/243\n|-boost|p1a: Iron Treads|spe|1\n|-sideend|p1: kaimyo|Spikes|[from] move: Rapid Spin|[of] p1a: Iron Treads\n|\n|-weather|Sandstorm|[upkeep]\n|-damage|p2a: Crawdaunt|192/243|[from] Sandstorm\n|-heal|p1a: Iron Treads|248/265|[from] item: Leftovers\n|upkeep\n|turn|7\n|\n|t:|1782843734\n|move|p1a: Iron Treads|Stealth Rock|p2a: Crawdaunt\n|-sidestart|p2: Lion&Lamb|move: Stealth Rock\n|move|p2a: Crawdaunt|Knock Off|p1a: Iron Treads\n|-crit|p1a: Iron Treads\n|-damage|p1a: Iron Treads|0 fnt\n|-enditem|p1a: Iron Treads|Leftovers|[from] move: Knock Off|[of] p2a: Crawdaunt\n|faint|p1a: Iron Treads\n|-end|p1a: Iron Treads|Quark Drive|[silent]\n|\n|-weather|Sandstorm|[upkeep]\n|-damage|p2a: Crawdaunt|177/243|[from] Sandstorm\n|upkeep\n|\n|t:|1782843737\n|switch|p1a: Iron Hands|Iron Hands, L79|373/373\n|turn|8\n|\n|t:|1782843747\n|switch|p2a: Bellibolt|Bellibolt, L84, M|320/320\n|-damage|p2a: Bellibolt|280/320|[from] Stealth Rock\n|move|p1a: Iron Hands|Volt Switch|p2a: Bellibolt\n|-resisted|p2a: Bellibolt\n|-damage|p2a: Bellibolt|259/320\n|-start|p2a: Bellibolt|Charge|Volt Switch|[from] ability: Electromorphosis\n|\n|t:|1782843759\n|-end|p1a: Iron Hands|Quark Drive|[silent]\n|switch|p1a: Regice|Regice, L88|284/284|[from] Volt Switch\n|\n|-weather|none\n|-heal|p2a: Bellibolt|279/320|[from] item: Leftovers\n|upkeep\n|turn|9\n|\n|t:|1782843776\n|switch|p2a: Glalie|Glalie, L96, F|309/309\n|move|p1a: Regice|Ice Beam|p2a: Glalie\n|-resisted|p2a: Glalie\n|-damage|p2a: Glalie|255/309\n|\n|upkeep\n|turn|10\n|\n|t:|1782843785\n|move|p2a: Glalie|Spikes|p1a: Regice\n|-sidestart|p1: kaimyo|Spikes\n|move|p1a: Regice|Thunder Wave|p2a: Glalie\n|-status|p2a: Glalie|par\n|\n|upkeep\n|turn|11\n|\n|t:|1782843791\n|move|p1a: Regice|Body Press|p2a: Glalie\n|-supereffective|p2a: Glalie\n|-damage|p2a: Glalie|133/309 par\n|move|p2a: Glalie|Spikes|p1a: Regice\n|-sidestart|p1: kaimyo|Spikes\n|\n|upkeep\n|turn|12\n|\n|t:|1782843799\n|move|p1a: Regice|Body Press|p2a: Glalie\n|-supereffective|p2a: Glalie\n|-damage|p2a: Glalie|7/309 par\n|move|p2a: Glalie|Spikes|p1a: Regice\n|-sidestart|p1: kaimyo|Spikes\n|\n|upkeep\n|turn|13\n|\n|t:|1782843807\n|move|p1a: Regice|Body Press|p2a: Glalie\n|-supereffective|p2a: Glalie\n|-damage|p2a: Glalie|0 fnt\n|faint|p2a: Glalie\n|\n|upkeep\n|\n|t:|1782843819\n|switch|p2a: Grimmsnarl|Grimmsnarl, L83, M|293/293\n|-damage|p2a: Grimmsnarl|257/293|[from] Stealth Rock\n|turn|14\n|\n|t:|1782843844\n|move|p2a: Grimmsnarl|Spirit Break|p1a: Regice\n|-damage|p1a: Regice|203/284\n|move|p1a: Regice|Ice Beam|p2a: Grimmsnarl\n|-damage|p2a: Grimmsnarl|134/293\n|-status|p2a: Grimmsnarl|frz\n|\n|-heal|p2a: Grimmsnarl|152/293 frz|[from] item: Leftovers\n|upkeep\n|turn|15\n|\n|t:|1782843855\n|cant|p2a: Grimmsnarl|frz\n|move|p1a: Regice|Ice Beam|p2a: Grimmsnarl\n|-damage|p2a: Grimmsnarl|29/293 frz\n|\n|-heal|p2a: Grimmsnarl|47/293 frz|[from] item: Leftovers\n|upkeep\n|turn|16\n|\n|t:|1782843861\n|cant|p2a: Grimmsnarl|frz\n|move|p1a: Regice|Thunderbolt|p2a: Grimmsnarl\n|-damage|p2a: Grimmsnarl|0 fnt\n|faint|p2a: Grimmsnarl\n|\n|upkeep\n|\n|t:|1782843866\n|switch|p2a: Crawdaunt|Crawdaunt, L84, M|177/243\n|-damage|p2a: Crawdaunt|147/243|[from] Stealth Rock\n|turn|17\n|c|\u2606kaimyo|benjamin netenyahus on my side\n|\n|t:|1782843878\n|move|p2a: Crawdaunt|Close Combat|p1a: Regice\n|-supereffective|p1a: Regice\n|-damage|p1a: Regice|0 fnt\n|-unboost|p2a: Crawdaunt|def|1\n|-unboost|p2a: Crawdaunt|spd|1\n|faint|p1a: Regice\n|\n|upkeep\n|\n|t:|1782843883\n|switch|p1a: Slaking|Slaking, L84, F|389/389\n|-damage|p1a: Slaking|292/389|[from] Spikes\n|turn|18\n|\n|t:|1782843894\n|move|p1a: Slaking|Double-Edge|p2a: Crawdaunt\n|-damage|p2a: Crawdaunt|0 fnt\n|faint|p2a: Crawdaunt\n|-damage|p1a: Slaking|243/389|[from] Recoil\n|\n|upkeep\n|\n|t:|1782843899\n|switch|p2a: Bellibolt|Bellibolt, L84, M|279/320\n|-damage|p2a: Bellibolt|239/320|[from] Stealth Rock\n|turn|19\n|\n|t:|1782843907\n|switch|p1a: Brambleghast|Brambleghast, L88, F|240/240\n|-damage|p1a: Brambleghast|180/240|[from] Spikes\n|move|p2a: Bellibolt|Toxic|p1a: Brambleghast\n|-status|p1a: Brambleghast|tox\n|\n|-heal|p1a: Brambleghast|195/240 tox|[from] item: Leftovers\n|-heal|p2a: Bellibolt|259/320|[from] item: Leftovers\n|-damage|p1a: Brambleghast|180/240 tox|[from] psn\n|upkeep\n|turn|20\n|\n|t:|1782843921\n|move|p1a: Brambleghast|Leech Seed|p2a: Bellibolt\n|-start|p2a: Bellibolt|move: Leech Seed\n|move|p2a: Bellibolt|Thunderbolt|p1a: Brambleghast\n|-resisted|p1a: Brambleghast\n|-damage|p1a: Brambleghast|129/240 tox\n|\n|-heal|p1a: Brambleghast|144/240 tox|[from] item: Leftovers\n|-heal|p2a: Bellibolt|279/320|[from] item: Leftovers\n|-damage|p2a: Bellibolt|239/320|[from] Leech Seed|[of] p1a: Brambleghast\n|-heal|p1a: Brambleghast|184/240 tox|[silent]\n|-damage|p1a: Brambleghast|154/240 tox|[from] psn\n|upkeep\n|turn|21\n|\n|t:|1782843930\n|move|p1a: Brambleghast|Power Whip|p2a: Bellibolt\n|-damage|p2a: Bellibolt|94/320\n|-start|p2a: Bellibolt|Charge|Power Whip|[from] ability: Electromorphosis\n|move|p2a: Bellibolt|Slack Off|p2a: Bellibolt\n|-heal|p2a: Bellibolt|254/320\n|\n|-heal|p1a: Brambleghast|169/240 tox|[from] item: Leftovers\n|-heal|p2a: Bellibolt|274/320|[from] item: Leftovers\n|-damage|p2a: Bellibolt|234/320|[from] Leech Seed|[of] p1a: Brambleghast\n|-heal|p1a: Brambleghast|209/240 tox|[silent]\n|-damage|p1a: Brambleghast|164/240 tox|[from] psn\n|upkeep\n|turn|22\n|\n|t:|1782843942\n|move|p1a: Brambleghast|Power Whip|p2a: Bellibolt|[miss]\n|-miss|p1a: Brambleghast|p2a: Bellibolt\n|move|p2a: Bellibolt|Slack Off|p2a: Bellibolt\n|-heal|p2a: Bellibolt|320/320\n|\n|-heal|p1a: Brambleghast|179/240 tox|[from] item: Leftovers\n|-damage|p2a: Bellibolt|280/320|[from] Leech Seed|[of] p1a: Brambleghast\n|-heal|p1a: Brambleghast|219/240 tox|[silent]\n|-damage|p1a: Brambleghast|159/240 tox|[from] psn\n|upkeep\n|turn|23\n|\n|t:|1782843954\n|switch|p1a: Iron Hands|Iron Hands, L79|373/373\n|-damage|p1a: Iron Hands|280/373|[from] Spikes\n|move|p2a: Bellibolt|Slack Off|p2a: Bellibolt\n|-heal|p2a: Bellibolt|320/320\n|\n|-damage|p2a: Bellibolt|280/320|[from] Leech Seed|[of] p1a: Iron Hands\n|-heal|p1a: Iron Hands|320/373|[silent]\n|upkeep\n|turn|24\n|\n|t:|1782843967\n|move|p1a: Iron Hands|Drain Punch|p2a: Bellibolt\n|-damage|p2a: Bellibolt|187/320\n|-heal|p1a: Iron Hands|367/373|[from] drain|[of] p2a: Bellibolt\n|-start|p2a: Bellibolt|Charge|Drain Punch|[from] ability: Electromorphosis\n|move|p2a: Bellibolt|Thunderbolt|p1a: Iron Hands\n|-resisted|p1a: Iron Hands\n|-damage|p1a: Iron Hands|279/373\n|-end|p2a: Bellibolt|Charge|[silent]\n|\n|-heal|p2a: Bellibolt|207/320|[from] item: Leftovers\n|-damage|p2a: Bellibolt|167/320|[from] Leech Seed|[of] p1a: Iron Hands\n|-heal|p1a: Iron Hands|319/373|[silent]\n|upkeep\n|turn|25\n|\n|t:|1782843978\n|-end|p1a: Iron Hands|Quark Drive|[silent]\n|switch|p1a: Slaking|Slaking, L84, F|243/389\n|-damage|p1a: Slaking|146/389|[from] Spikes\n|move|p2a: Bellibolt|Slack Off|p2a: Bellibolt\n|-heal|p2a: Bellibolt|320/320\n|\n|-damage|p2a: Bellibolt|280/320|[from] Leech Seed|[of] p1a: Slaking\n|-heal|p1a: Slaking|186/389|[silent]\n|upkeep\n|turn|26\n|\n|t:|1782843990\n|move|p1a: Slaking|Earthquake|p2a: Bellibolt\n|-supereffective|p2a: Bellibolt\n|-damage|p2a: Bellibolt|88/320\n|-start|p2a: Bellibolt|Charge|Earthquake|[from] ability: Electromorphosis\n|move|p2a: Bellibolt|Toxic|p1a: Slaking\n|-status|p1a: Slaking|tox\n|\n|-heal|p2a: Bellibolt|108/320|[from] item: Leftovers\n|-damage|p2a: Bellibolt|68/320|[from] Leech Seed|[of] p1a: Slaking\n|-heal|p1a: Slaking|226/389 tox|[silent]\n|-damage|p1a: Slaking|202/389 tox|[from] psn\n|upkeep\n|turn|27\n|\n|t:|1782844002\n|switch|p1a: Brambleghast|Brambleghast, L88, F|159/240 tox\n|-damage|p1a: Brambleghast|99/240 tox|[from] Spikes\n|move|p2a: Bellibolt|Slack Off|p2a: Bellibolt\n|-heal|p2a: Bellibolt|228/320\n|\n|-heal|p1a: Brambleghast|114/240 tox|[from] item: Leftovers\n|-heal|p2a: Bellibolt|248/320|[from] item: Leftovers\n|-damage|p2a: Bellibolt|208/320|[from] Leech Seed|[of] p1a: Brambleghast\n|-heal|p1a: Brambleghast|154/240 tox|[silent]\n|-damage|p1a: Brambleghast|139/240 tox|[from] psn\n|upkeep\n|turn|28\n|\n|t:|1782844014\n|move|p1a: Brambleghast|Power Whip|p2a: Bellibolt\n|-damage|p2a: Bellibolt|61/320\n|-start|p2a: Bellibolt|Charge|Power Whip|[from] ability: Electromorphosis\n|move|p2a: Bellibolt|Slack Off|p2a: Bellibolt\n|-heal|p2a: Bellibolt|221/320\n|\n|-heal|p1a: Brambleghast|154/240 tox|[from] item: Leftovers\n|-heal|p2a: Bellibolt|241/320|[from] item: Leftovers\n|-damage|p2a: Bellibolt|201/320|[from] Leech Seed|[of] p1a: Brambleghast\n|-heal|p1a: Brambleghast|194/240 tox|[silent]\n|-damage|p1a: Brambleghast|164/240 tox|[from] psn\n|upkeep\n|turn|29\n|\n|t:|1782844028\n|move|p1a: Brambleghast|Power Whip|p2a: Bellibolt\n|-damage|p2a: Bellibolt|56/320\n|-start|p2a: Bellibolt|Charge|Power Whip|[from] ability: Electromorphosis\n|move|p2a: Bellibolt|Slack Off|p2a: Bellibolt\n|-heal|p2a: Bellibolt|216/320\n|\n|-heal|p1a: Brambleghast|179/240 tox|[from] item: Leftovers\n|-heal|p2a: Bellibolt|236/320|[from] item: Leftovers\n|-damage|p2a: Bellibolt|196/320|[from] Leech Seed|[of] p1a: Brambleghast\n|-heal|p1a: Brambleghast|219/240 tox|[silent]\n|-damage|p1a: Brambleghast|174/240 tox|[from] psn\n|upkeep\n|turn|30\n|\n|t:|1782844043\n|move|p1a: Brambleghast|Power Whip|p2a: Bellibolt\n|-damage|p2a: Bellibolt|33/320\n|-start|p2a: Bellibolt|Charge|Power Whip|[from] ability: Electromorphosis\n|move|p2a: Bellibolt|Muddy Water|p1a: Brambleghast\n|-resisted|p1a: Brambleghast\n|-damage|p1a: Brambleghast|136/240 tox\n|\n|-heal|p1a: Brambleghast|151/240 tox|[from] item: Leftovers\n|-heal|p2a: Bellibolt|53/320|[from] item: Leftovers\n|-damage|p2a: Bellibolt|13/320|[from] Leech Seed|[of] p1a: Brambleghast\n|-heal|p1a: Brambleghast|191/240 tox|[silent]\n|-damage|p1a: Brambleghast|131/240 tox|[from] psn\n|upkeep\n|turn|31\n|\n|t:|1782844055\n|move|p1a: Brambleghast|Poltergeist|p2a: Bellibolt|[miss]\n|-miss|p1a: Brambleghast|p2a: Bellibolt\n|move|p2a: Bellibolt|Slack Off|p2a: Bellibolt\n|-heal|p2a: Bellibolt|173/320\n|\n|-heal|p1a: Brambleghast|146/240 tox|[from] item: Leftovers\n|-heal|p2a: Bellibolt|193/320|[from] item: Leftovers\n|-damage|p2a: Bellibolt|153/320|[from] Leech Seed|[of] p1a: Brambleghast\n|-heal|p1a: Brambleghast|186/240 tox|[silent]\n|-damage|p1a: Brambleghast|111/240 tox|[from] psn\n|upkeep\n|turn|32\n|\n|t:|1782844068\n|-terastallize|p2a: Bellibolt|Electric\n|move|p1a: Brambleghast|Power Whip|p2a: Bellibolt\n|-damage|p2a: Bellibolt|0 fnt\n|faint|p2a: Bellibolt\n|\n|win|kaimyo\n|raw|kaimyo's rating: 2032 &rarr; <strong>2050</strong><br />(+18 for winning)\n|raw|Lion&amp;Lamb's rating: 1998 &rarr; <strong>1980</strong><br />(-18 for losing)\n", "inputlog": ">version f8ac14003a5f27e1bdc8d8c59608a773c1cb96e5\n>start {\"formatid\":\"gen9randombattle\",\"seed\":\"sodium,cecb1f79ed5b5565fa4f09859018aa04\",\"rated\":\"Rated battle\"}\n>player p1 {\"name\":\"kaimyo\",\"avatar\":\"cynthia\",\"rating\":2032,\"seed\":\"sodium,8622c6a68df1f264e2696cb913dff666\"}\n>player p2 {\"name\":\"Lion&Lamb\",\"avatar\":\"2\",\"rating\":1998,\"seed\":\"sodium,e0dc679e41ed12793b58d56c00bc5942\"}\n>p1 move swordsdance\n>p2 move spikes\n>p1 move lowkick\n>p2 switch 6\n>p1 move knockoff\n>p2 move ironhead\n>p2 switch 5\n>p1 move knockoff terastallize\n>p2 move earthquake\n>p1 move knockoff\n>p2 move stealthrock\n>p1 switch 2\n>p2 switch 2\n>p1 move rapidspin\n>p2 switch 3\n>p1 move stealthrock\n>p2 move knockoff\n>p1 switch 3\n>p1 move voltswitch\n>p2 switch 4\n>p1 switch 5\n>p1 move icebeam\n>p2 switch 6\n>p1 move thunderwave\n>p2 move spikes\n>p1 move bodypress\n>p2 move spikes\n>p1 move bodypress\n>p2 move spikes\n>p1 move bodypress\n>p2 move earthquake\n>p2 switch 3\n>p1 move icebeam\n>p2 move spiritbreak\n>p1 move icebeam\n>p2 move partingshot\n>p1 move thunderbolt\n>p2 move spiritbreak\n>p2 switch 4\n>chat \u2606kaimyo|benjamin netenyahus on my side\n>p1 move thunderbolt\n>p2 move closecombat\n>p1 switch 4\n>p1 move doubleedge\n>p2 move closecombat\n>p2 switch 6\n>p1 switch 6\n>p2 move toxic\n>p1 move leechseed\n>p2 move thunderbolt\n>p1 move powerwhip\n>p2 move slackoff\n>p1 move powerwhip\n>p2 move slackoff\n>p1 switch 5\n>p2 move slackoff\n>p1 move drainpunch\n>p2 move thunderbolt\n>p1 switch 6\n>p2 move slackoff\n>p1 move earthquake\n>p2 move toxic\n>p1 switch 5\n>p2 move slackoff\n>p1 move powerwhip\n>p2 move slackoff\n>p1 move powerwhip\n>p2 move slackoff\n>p1 move powerwhip\n>p2 move muddywater\n>p1 move poltergeist\n>p2 move slackoff\n>p1 move powerwhip\n>p2 move thunderbolt terastallize", "uploadtime": 1782844068, "views": 7, "formatid": "gen9randombattle", "rating": 1980, "private": 0, "password": null, "player_dets": [{"name": "kaimyo", "avatar": "cynthia", "rating": 2032, "seed": "sodium,8622c6a68df1f264e2696cb913dff666"}, {"name": "Lion&Lamb", "avatar": "2", "rating": 1998, "seed": "sodium,e0dc679e41ed12793b58d56c00bc5942"}], "teams_full": [{"Grafaiai": {"name": "Grafaiai", "species": "Grafaiai", "speciesId": "grafaiai", "gender": "F", "shiny": false, "level": 86, "moves": ["lowkick", "swordsdance", "knockoff", "gunkshot"], "ability": "Poison Touch", "evs": {"hp": 85, "atk": 85, "def": 85, "spa": 85, "spd": 85, "spe": 85}, "ivs": {"hp": 31, "atk": 31, "def": 31, "spa": 31, "spd": 31, "spe": 31}, "item": "Life Orb", "teraType": "Dark", "role": "Setup Sweeper", "bvs": {"hp": 63, "atk": 95, "def": 65, "spa": 80, "spd": 72, "spe": 110}, "stats": {"hp": 249, "atk": 213, "def": 161, "spa": 187, "spd": 173, "spe": 238}, "types": ["Poison", "Normal"]}, "Iron Treads": {"name": "Iron Treads", "species": "Iron Treads", "speciesId": "irontreads", "gender": "N", "shiny": false, "level": 77, "moves": ["stealthrock", "ironhead", "rapidspin", "earthquake"], "ability": "Quark Drive", "evs": {"hp": 85, "atk": 85, "def": 85, "spa": 85, "spd": 85, "spe": 85}, "ivs": {"hp": 31, "atk": 31, "def": 31, "spa": 31, "spd": 31, "spe": 31}, "item": "Leftovers", "teraType": "Ghost", "role": "Bulky Support", "bvs": {"hp": 90, "atk": 112, "def": 120, "spa": 72, "spd": 70, "spe": 106}, "stats": {"hp": 265, "atk": 217, "def": 229, "spa": 155, "spd": 152, "spe": 208}, "types": ["Ground", "Steel"]}, "Iron Hands": {"name": "Iron Hands", "species": "Iron Hands", "speciesId": "ironhands", "gender": "N", "shiny": false, "level": 79, "moves": ["thunderpunch", "voltswitch", "drainpunch", "heavyslam"], "ability": "Quark Drive", "evs": {"hp": 85, "atk": 85, "def": 85, "spa": 85, "spd": 85, "spe": 85}, "ivs": {"hp": 31, "atk": 31, "def": 31, "spa": 31, "spd": 31, "spe": 31}, "item": "Assault Vest", "teraType": "Electric", "role": "AV Pivot", "bvs": {"hp": 154, "atk": 140, "def": 108, "spa": 50, "spd": 68, "spe": 50}, "stats": {"hp": 373, "atk": 267, "def": 216, "spa": 125, "spd": 153, "spe": 125}, "types": ["Fighting", "Electric"]}, "Slaking": {"name": "Slaking", "species": "Slaking", "speciesId": "slaking", "gender": "F", "shiny": false, "level": 84, "moves": ["gigaimpact", "earthquake", "doubleedge", "knockoff"], "ability": "Truant", "evs": {"hp": 85, "atk": 85, "def": 85, "spa": 85, "spd": 85, "spe": 85}, "ivs": {"hp": 31, "atk": 31, "def": 31, "spa": 31, "spd": 31, "spe": 31}, "item": "Choice Scarf", "teraType": "Normal", "role": "Fast Attacker", "bvs": {"hp": 150, "atk": 160, "def": 100, "spa": 95, "spd": 65, "spe": 100}, "stats": {"hp": 389, "atk": 317, "def": 216, "spa": 208, "spd": 157, "spe": 216}, "types": ["Normal"]}, "Regice": {"name": "Regice", "species": "Regice", "speciesId": "regice", "gender": "N", "shiny": false, "level": 88, "moves": ["thunderbolt", "bodypress", "icebeam", "thunderwave"], "ability": "Clear Body", "evs": {"hp": 85, "atk": 0, "def": 85, "spa": 85, "spd": 85, "spe": 85}, "ivs": {"hp": 31, "atk": 0, "def": 31, "spa": 31, "spd": 31, "spe": 31}, "item": "Heavy-Duty Boots", "teraType": "Electric", "role": "Bulky Attacker", "bvs": {"hp": 80, "atk": 50, "def": 100, "spa": 100, "spd": 200, "spe": 50}, "stats": {"hp": 284, "atk": 93, "def": 226, "spa": 226, "spd": 402, "spe": 138}, "types": ["Ice"]}, "Brambleghast": {"name": "Brambleghast", "species": "Brambleghast", "speciesId": "brambleghast", "gender": "F", "shiny": false, "level": 88, "moves": ["leechseed", "powerwhip", "substitute", "poltergeist"], "ability": "Wind Rider", "evs": {"hp": 85, "atk": 85, "def": 85, "spa": 85, "spd": 85, "spe": 85}, "ivs": {"hp": 31, "atk": 31, "def": 31, "spa": 31, "spd": 31, "spe": 31}, "item": "Leftovers", "teraType": "Water", "role": "Fast Support", "bvs": {"hp": 55, "atk": 115, "def": 70, "spa": 80, "spd": 70, "spe": 90}, "stats": {"hp": 240, "atk": 253, "def": 173, "spa": 191, "spd": 173, "spe": 209}, "types": ["Grass", "Ghost"]}}, {"Glalie": {"name": "Glalie", "species": "Glalie", "speciesId": "glalie", "gender": "F", "shiny": false, "level": 96, "moves": ["taunt", "freezedry", "spikes", "earthquake"], "ability": "Inner Focus", "evs": {"hp": 85, "atk": 85, "def": 85, "spa": 85, "spd": 85, "spe": 85}, "ivs": {"hp": 31, "atk": 31, "def": 31, "spa": 31, "spd": 31, "spe": 31}, "item": "Heavy-Duty Boots", "teraType": "Ghost", "role": "Fast Support", "bvs": {"hp": 80, "atk": 80, "def": 80, "spa": 80, "spd": 80, "spe": 80}, "stats": {"hp": 309, "atk": 208, "def": 208, "spa": 208, "spd": 208, "spe": 208}, "types": ["Ice"]}, "Grimmsnarl": {"name": "Grimmsnarl", "species": "Grimmsnarl", "speciesId": "grimmsnarl", "gender": "M", "shiny": false, "level": 83, "moves": ["taunt", "suckerpunch", "spiritbreak", "partingshot"], "ability": "Prankster", "evs": {"hp": 85, "atk": 85, "def": 85, "spa": 85, "spd": 85, "spe": 85}, "ivs": {"hp": 31, "atk": 31, "def": 31, "spa": 31, "spd": 31, "spe": 31}, "item": "Leftovers", "teraType": "Poison", "role": "Bulky Attacker", "bvs": {"hp": 95, "atk": 120, "def": 65, "spa": 95, "spd": 75, "spe": 60}, "stats": {"hp": 293, "atk": 247, "def": 156, "spa": 205, "spd": 172, "spe": 147}, "types": ["Dark", "Fairy"]}, "Crawdaunt": {"name": "Crawdaunt", "species": "Crawdaunt", "speciesId": "crawdaunt", "gender": "M", "shiny": false, "level": 84, "moves": ["knockoff", "aquajet", "closecombat", "crabhammer"], "ability": "Adaptability", "evs": {"hp": 85, "atk": 85, "def": 85, "spa": 85, "spd": 85, "spe": 85}, "ivs": {"hp": 31, "atk": 31, "def": 31, "spa": 31, "spd": 31, "spe": 31}, "item": "Choice Band", "teraType": "Fighting", "role": "Fast Attacker", "bvs": {"hp": 63, "atk": 120, "def": 85, "spa": 90, "spd": 55, "spe": 55}, "stats": {"hp": 243, "atk": 250, "def": 191, "spa": 199, "spd": 141, "spe": 141}, "types": ["Water", "Dark"]}, "Bellibolt": {"name": "Bellibolt", "species": "Bellibolt", "speciesId": "bellibolt", "gender": "M", "shiny": false, "level": 84, "moves": ["thunderbolt", "slackoff", "muddywater", "toxic"], "ability": "Electromorphosis", "evs": {"hp": 85, "atk": 0, "def": 85, "spa": 85, "spd": 85, "spe": 85}, "ivs": {"hp": 31, "atk": 0, "def": 31, "spa": 31, "spd": 31, "spe": 31}, "item": "Leftovers", "teraType": "Electric", "role": "Bulky Attacker", "bvs": {"hp": 109, "atk": 64, "def": 91, "spa": 103, "spd": 83, "spe": 45}, "stats": {"hp": 320, "atk": 112, "def": 201, "spa": 221, "spd": 188, "spe": 124}, "types": ["Electric"]}, "Hippowdon": {"name": "Hippowdon", "species": "Hippowdon", "speciesId": "hippowdon", "gender": "F", "shiny": false, "level": 82, "moves": ["stoneedge", "stealthrock", "earthquake", "slackoff"], "ability": "Sand Stream", "evs": {"hp": 85, "atk": 85, "def": 85, "spa": 85, "spd": 85, "spe": 85}, "ivs": {"hp": 31, "atk": 31, "def": 31, "spa": 31, "spd": 31, "spe": 31}, "item": "Leftovers", "teraType": "Dragon", "role": "Bulky Support", "bvs": {"hp": 108, "atk": 112, "def": 118, "spa": 68, "spd": 72, "spe": 47}, "stats": {"hp": 311, "atk": 231, "def": 241, "spa": 159, "spd": 165, "spe": 124}, "types": ["Ground"]}, "Perrserker": {"name": "Perrserker", "species": "Perrserker", "speciesId": "perrserker", "gender": "F", "shiny": false, "level": 89, "moves": ["ironhead", "uturn", "knockoff", "closecombat"], "ability": "Tough Claws", "evs": {"hp": 85, "atk": 85, "def": 85, "spa": 85, "spd": 85, "spe": 85}, "ivs": {"hp": 31, "atk": 31, "def": 31, "spa": 31, "spd": 31, "spe": 31}, "item": "Choice Band", "teraType": "Fighting", "role": "Fast Attacker", "bvs": {"hp": 70, "atk": 110, "def": 100, "spa": 50, "spd": 60, "spe": 50}, "stats": {"hp": 269, "atk": 247, "def": 229, "spa": 140, "spd": 158, "spe": 140}, "types": ["Steel"]}}]}