{"id": "gen9randombattle-2642214435", "format": "[Gen 9] Random Battle", "players": ["Snatchin' Silver", "frekyahhh"], "log": "|j|\u2606Snatchin' Silver\n|j|\u2606frekyahhh\n|t:|1782911971\n|gametype|singles\n|player|p1|Snatchin' Silver|hilda|1297\n|player|p2|frekyahhh|gentleman-gen4|1285\n|gen|9\n|tier|[Gen 9] Random Battle\n|rated|\n|rule|Species Clause: Limit one of each Pok\u00e9mon\n|rule|HP Percentage Mod: HP is shown in percentages\n|rule|Sleep Clause Mod: Limit one foe put to sleep\n|rule|Illusion Level Mod: Illusion disguises the Pok\u00e9mon's true level\n|\n|t:|1782911971\n|teamsize|p1|6\n|teamsize|p2|6\n|start\n|switch|p1a: Pecharunt|Pecharunt, L77|262/262\n|switch|p2a: Arceus|Arceus-Bug, L73|295/295\n|turn|1\n|inactive|Battle timer is ON: inactive players will automatically lose when time's up. (requested by frekyahhh)\n|\n|t:|1782911985\n|move|p2a: Arceus|Earth Power|p1a: Pecharunt\n|-supereffective|p1a: Pecharunt\n|-damage|p1a: Pecharunt|138/262\n|move|p1a: Pecharunt|Malignant Chain|p2a: Arceus\n|-damage|p2a: Arceus|217/295\n|-status|p2a: Arceus|tox\n|-start|p2a: Arceus|confusion|[from] ability: Poison Puppeteer|[of] p1a: Pecharunt\n|\n|-heal|p1a: Pecharunt|154/262|[from] item: Leftovers\n|-damage|p2a: Arceus|199/295 tox|[from] psn\n|upkeep\n|turn|2\n|\n|t:|1782912000\n|-activate|p2a: Arceus|confusion\n|-damage|p2a: Arceus|179/295 tox|[from] confusion\n|move|p1a: Pecharunt|Parting Shot|p2a: Arceus\n|-unboost|p2a: Arceus|atk|1\n|-unboost|p2a: Arceus|spa|1\n|\n|t:|1782912024\n|switch|p1a: Armarouge|Armarouge, L80, F|267/267|[from] Parting Shot\n|\n|-damage|p2a: Arceus|143/295 tox|[from] psn\n|upkeep\n|turn|3\n|\n|t:|1782912039\n|-end|p2a: Arceus|confusion\n|move|p2a: Arceus|Earth Power|p1a: Armarouge\n|-supereffective|p1a: Armarouge\n|-damage|p1a: Armarouge|181/267\n|move|p1a: Armarouge|Armor Cannon|p2a: Arceus\n|-supereffective|p2a: Arceus\n|-damage|p2a: Arceus|0 fnt\n|-unboost|p1a: Armarouge|def|1\n|-unboost|p1a: Armarouge|spd|1\n|faint|p2a: Arceus\n|\n|upkeep\n|inactive|frekyahhh has 120 seconds left.\n|\n|t:|1782912062\n|switch|p2a: Girafarig|Girafarig, L89, F|269/269\n|turn|4\n|\n|t:|1782912070\n|move|p2a: Girafarig|Hyper Voice|p1a: Armarouge\n|-crit|p1a: Armarouge\n|-damage|p1a: Armarouge|0 fnt\n|faint|p1a: Armarouge\n|\n|upkeep\n|inactive|Snatchin' Silver has 120 seconds left.\n|\n|t:|1782912103\n|switch|p1a: Pecharunt|Pecharunt, L77|154/262\n|turn|5\n|\n|t:|1782912108\n|move|p2a: Girafarig|Psyshock|p1a: Pecharunt\n|-supereffective|p1a: Pecharunt\n|-damage|p1a: Pecharunt|38/262\n|move|p1a: Pecharunt|Malignant Chain|p2a: Girafarig\n|-damage|p2a: Girafarig|203/269\n|-status|p2a: Girafarig|tox\n|-start|p2a: Girafarig|confusion|[from] ability: Poison Puppeteer|[of] p1a: Pecharunt\n|\n|-heal|p1a: Pecharunt|54/262|[from] item: Leftovers\n|-damage|p2a: Girafarig|187/269 tox|[from] psn\n|upkeep\n|turn|6\n|\n|t:|1782912121\n|-activate|p2a: Girafarig|confusion\n|-damage|p2a: Girafarig|163/269 tox|[from] confusion\n|move|p1a: Pecharunt|Recover|p1a: Pecharunt\n|-heal|p1a: Pecharunt|185/262\n|\n|-heal|p1a: Pecharunt|201/262|[from] item: Leftovers\n|-damage|p2a: Girafarig|131/269 tox|[from] psn\n|upkeep\n|turn|7\n|\n|t:|1782912130\n|-end|p2a: Girafarig|confusion\n|move|p2a: Girafarig|Psyshock|p1a: Pecharunt\n|-supereffective|p1a: Pecharunt\n|-damage|p1a: Pecharunt|85/262\n|move|p1a: Pecharunt|Malignant Chain|p2a: Girafarig\n|-damage|p2a: Girafarig|64/269 tox\n|\n|-heal|p1a: Pecharunt|101/262|[from] item: Leftovers\n|-damage|p2a: Girafarig|16/269 tox|[from] psn\n|upkeep\n|turn|8\n|\n|t:|1782912143\n|move|p2a: Girafarig|Psyshock|p1a: Pecharunt\n|-supereffective|p1a: Pecharunt\n|-damage|p1a: Pecharunt|0 fnt\n|faint|p1a: Pecharunt\n|\n|-damage|p2a: Girafarig|0 fnt|[from] psn\n|faint|p2a: Girafarig\n|upkeep\n|\n|t:|1782912156\n|switch|p2a: Iron Treads|Iron Treads, L77|265/265\n|switch|p1a: Salazzle|Salazzle, L83, F|249/249\n|turn|9\n|\n|t:|1782912171\n|move|p1a: Salazzle|Protect|p1a: Salazzle\n|-singleturn|p1a: Salazzle|Protect\n|move|p2a: Iron Treads|Earthquake|p1a: Salazzle\n|-activate|p1a: Salazzle|move: Protect\n|\n|upkeep\n|turn|10\n|\n|t:|1782912184\n|switch|p1a: Pelipper|Pelipper, L86, F|243/243\n|-weather|RainDance|[from] ability: Drizzle|[of] p1a: Pelipper\n|move|p2a: Iron Treads|Earthquake|p1a: Pelipper\n|-immune|p1a: Pelipper\n|\n|-weather|RainDance|[upkeep]\n|upkeep\n|turn|11\n|\n|t:|1782912195\n|-terastallize|p2a: Iron Treads|Water\n|move|p2a: Iron Treads|Stealth Rock|p1a: Pelipper\n|-sidestart|p1: Snatchin' Silver|move: Stealth Rock\n|move|p1a: Pelipper|Hydro Pump|p2a: Iron Treads\n|-resisted|p2a: Iron Treads\n|-damage|p2a: Iron Treads|155/265\n|\n|-weather|RainDance|[upkeep]\n|-heal|p2a: Iron Treads|171/265|[from] item: Leftovers\n|upkeep\n|turn|12\n|\n|t:|1782912208\n|move|p2a: Iron Treads|Iron Head|p1a: Pelipper\n|-resisted|p1a: Pelipper\n|-damage|p1a: Pelipper|207/243\n|cant|p1a: Pelipper|flinch\n|\n|-weather|RainDance|[upkeep]\n|-heal|p2a: Iron Treads|187/265|[from] item: Leftovers\n|upkeep\n|turn|13\n|\n|t:|1782912218\n|move|p2a: Iron Treads|Iron Head|p1a: Pelipper\n|-resisted|p1a: Pelipper\n|-damage|p1a: Pelipper|170/243\n|move|p1a: Pelipper|Hurricane|p2a: Iron Treads\n|-damage|p2a: Iron Treads|31/265\n|\n|-weather|RainDance|[upkeep]\n|-heal|p2a: Iron Treads|47/265|[from] item: Leftovers\n|upkeep\n|turn|14\n|\n|t:|1782912227\n|move|p2a: Iron Treads|Iron Head|p1a: Pelipper\n|-resisted|p1a: Pelipper\n|-damage|p1a: Pelipper|136/243\n|move|p1a: Pelipper|Roost|p1a: Pelipper\n|-heal|p1a: Pelipper|243/243\n|-singleturn|p1a: Pelipper|move: Roost\n|\n|-weather|none\n|-heal|p2a: Iron Treads|63/265|[from] item: Leftovers\n|upkeep\n|turn|15\n|\n|t:|1782912241\n|-end|p2a: Iron Treads|Quark Drive|[silent]\n|switch|p2a: Dipplin|Dipplin, L88, F|284/284\n|move|p1a: Pelipper|Knock Off|p2a: Dipplin\n|-damage|p2a: Dipplin|258/284\n|-activate|p2a: Dipplin|ability: Sticky Hold\n|\n|upkeep\n|turn|16\n|\n|t:|1782912254\n|move|p1a: Pelipper|Hurricane|p2a: Dipplin|[miss]\n|-miss|p1a: Pelipper|p2a: Dipplin\n|move|p2a: Dipplin|Dragon Tail|p1a: Pelipper\n|-damage|p1a: Pelipper|189/243\n|drag|p1a: Iron Leaves|Iron Leaves, L80|275/275\n|-damage|p1a: Iron Leaves|241/275|[from] Stealth Rock\n|\n|upkeep\n|turn|17\n|\n|t:|1782912266\n|move|p1a: Iron Leaves|Swords Dance|p1a: Iron Leaves\n|-boost|p1a: Iron Leaves|atk|2\n|move|p2a: Dipplin|Dragon Tail|p1a: Iron Leaves\n|-damage|p1a: Iron Leaves|178/275\n|-end|p1a: Iron Leaves|Quark Drive|[silent]\n|drag|p1a: Salazzle|Salazzle, L83, F|249/249\n|-damage|p1a: Salazzle|187/249|[from] Stealth Rock\n|\n|-heal|p1a: Salazzle|202/249|[from] item: Leftovers\n|upkeep\n|turn|18\n|\n|t:|1782912297\n|move|p1a: Salazzle|Toxic|p2a: Dipplin\n|-status|p2a: Dipplin|tox\n|move|p2a: Dipplin|Dragon Tail|p1a: Salazzle\n|-damage|p1a: Salazzle|117/249\n|drag|p1a: Pelipper|Pelipper, L86, F|189/243\n|-weather|RainDance|[from] ability: Drizzle|[of] p1a: Pelipper\n|\n|-weather|RainDance|[upkeep]\n|-damage|p2a: Dipplin|241/284 tox|[from] psn\n|upkeep\n|turn|19\n|\n|t:|1782912314\n|move|p1a: Pelipper|Hurricane|p2a: Dipplin\n|-supereffective|p2a: Dipplin\n|-damage|p2a: Dipplin|79/284 tox\n|-start|p2a: Dipplin|confusion\n|-activate|p2a: Dipplin|confusion\n|move|p2a: Dipplin|Giga Drain|p1a: Pelipper\n|-damage|p1a: Pelipper|95/243\n|-heal|p2a: Dipplin|126/284 tox|[from] drain|[of] p1a: Pelipper\n|\n|-weather|RainDance|[upkeep]\n|-damage|p2a: Dipplin|92/284 tox|[from] psn\n|upkeep\n|turn|20\n|inactive|frekyahhh has 120 seconds left.\n|\n|t:|1782912340\n|move|p1a: Pelipper|Hurricane|p2a: Dipplin\n|-supereffective|p2a: Dipplin\n|-damage|p2a: Dipplin|0 fnt\n|faint|p2a: Dipplin\n|\n|-weather|RainDance|[upkeep]\n|upkeep\n|\n|t:|1782912348\n|switch|p2a: Dewgong|Dewgong, L94, M|322/322\n|turn|21\n|inactive|frekyahhh has 120 seconds left.\n|\n|t:|1782912353\n|move|p2a: Dewgong|Triple Axel|p1a: Pelipper\n|-damage|p1a: Pelipper|76/243\n|-damage|p1a: Pelipper|40/243\n|-damage|p1a: Pelipper|0 fnt\n|faint|p1a: Pelipper\n|-hitcount|p1: Pelipper|3\n|\n|-weather|RainDance|[upkeep]\n|upkeep\n|\n|t:|1782912361\n|switch|p1a: Iron Leaves|Iron Leaves, L80|178/275\n|-damage|p1a: Iron Leaves|144/275|[from] Stealth Rock\n|turn|22\n|\n|t:|1782912373\n|-terastallize|p1a: Iron Leaves|Fighting\n|move|p1a: Iron Leaves|Close Combat|p2a: Dewgong\n|-supereffective|p2a: Dewgong\n|-damage|p2a: Dewgong|0 fnt\n|-unboost|p1a: Iron Leaves|def|1\n|-unboost|p1a: Iron Leaves|spd|1\n|faint|p2a: Dewgong\n|-damage|p1a: Iron Leaves|117/275|[from] item: Life Orb\n|\n|-weather|none\n|upkeep\n|\n|t:|1782912384\n|switch|p2a: Volbeat|Volbeat, L90, M|263/263\n|turn|23\n|\n|t:|1782912391\n|move|p2a: Volbeat|Thunder Wave|p1a: Iron Leaves\n|-status|p1a: Iron Leaves|par\n|cant|p1a: Iron Leaves|par\n|\n|upkeep\n|turn|24\n|\n|t:|1782912400\n|move|p2a: Volbeat|U-turn|p1a: Iron Leaves\n|-resisted|p1a: Iron Leaves\n|-damage|p1a: Iron Leaves|58/275 par\n|\n|t:|1782912403\n|switch|p2a: Iron Treads|Iron Treads, L77, tera:Water|63/265|[from] U-turn\n|move|p1a: Iron Leaves|Close Combat|p2a: Iron Treads\n|-damage|p2a: Iron Treads|0 fnt\n|-unboost|p1a: Iron Leaves|def|1\n|-unboost|p1a: Iron Leaves|spd|1\n|faint|p2a: Iron Treads\n|-end|p2a: Iron Treads|Quark Drive|[silent]\n|-damage|p1a: Iron Leaves|31/275 par|[from] item: Life Orb\n|\n|upkeep\n|\n|t:|1782912414\n|switch|p2a: Volbeat|Volbeat, L90, M|263/263\n|turn|25\n|\n|t:|1782912419\n|move|p2a: Volbeat|U-turn|p1a: Iron Leaves\n|-resisted|p1a: Iron Leaves\n|-damage|p1a: Iron Leaves|0 fnt\n|faint|p1a: Iron Leaves\n|-end|p1a: Iron Leaves|Quark Drive|[silent]\n|\n|upkeep\n|\n|t:|1782912422\n|switch|p1a: Salazzle|Salazzle, L83, F|117/249\n|-damage|p1a: Salazzle|55/249|[from] Stealth Rock\n|turn|26\n|\n|t:|1782912430\n|move|p1a: Salazzle|Protect|p1a: Salazzle\n|-singleturn|p1a: Salazzle|Protect\n|move|p2a: Volbeat|U-turn|p1a: Salazzle\n|-activate|p1a: Salazzle|move: Protect\n|\n|-heal|p1a: Salazzle|70/249|[from] item: Leftovers\n|upkeep\n|turn|27\n|\n|t:|1782912440\n|move|p2a: Volbeat|Thunder Wave|p1a: Salazzle\n|-status|p1a: Salazzle|par\n|cant|p1a: Salazzle|par\n|\n|-heal|p1a: Salazzle|85/249 par|[from] item: Leftovers\n|upkeep\n|turn|28\n|\n|t:|1782912451\n|move|p2a: Volbeat|Encore|p1a: Salazzle\n|-start|p1a: Salazzle|Encore\n|move|p1a: Salazzle|Protect||[still]\n|-fail|p1a: Salazzle\n|\n|-heal|p1a: Salazzle|100/249 par|[from] item: Leftovers\n|upkeep\n|turn|29\n|\n|t:|1782912459\n|move|p1a: Salazzle|Protect|p1a: Salazzle\n|-singleturn|p1a: Salazzle|Protect\n|move|p2a: Volbeat|U-turn|p1a: Salazzle\n|-activate|p1a: Salazzle|move: Protect\n|\n|-heal|p1a: Salazzle|115/249 par|[from] item: Leftovers\n|upkeep\n|turn|30\n|\n|t:|1782912468\n|move|p1a: Salazzle|Protect||[still]\n|-fail|p1a: Salazzle\n|move|p2a: Volbeat|U-turn|p1a: Salazzle\n|-resisted|p1a: Salazzle\n|-crit|p1a: Salazzle\n|-damage|p1a: Salazzle|82/249 par\n|\n|-heal|p1a: Salazzle|97/249 par|[from] item: Leftovers\n|-end|p1a: Salazzle|Encore\n|upkeep\n|turn|31\n|\n|t:|1782912478\n|switch|p1a: Rotom|Rotom-Mow, L87|229/229\n|-damage|p1a: Rotom|201/229|[from] Stealth Rock\n|move|p2a: Volbeat|Encore||[still]\n|-fail|p2a: Volbeat\n|\n|-heal|p1a: Rotom|215/229|[from] item: Leftovers\n|upkeep\n|turn|32\n|\n|t:|1782912487\n|move|p2a: Volbeat|U-turn|p1a: Rotom\n|-supereffective|p1a: Rotom\n|-damage|p1a: Rotom|99/229\n|move|p1a: Rotom|Will-O-Wisp|p2a: Volbeat\n|-status|p2a: Volbeat|brn\n|\n|-heal|p1a: Rotom|113/229|[from] item: Leftovers\n|-damage|p2a: Volbeat|247/263 brn|[from] brn\n|upkeep\n|turn|33\n|\n|t:|1782912505\n|switch|p1a: Salazzle|Salazzle, L83, F|97/249 par\n|-damage|p1a: Salazzle|35/249 par|[from] Stealth Rock\n|move|p2a: Volbeat|U-turn|p1a: Salazzle\n|-resisted|p1a: Salazzle\n|-damage|p1a: Salazzle|24/249 par\n|\n|-heal|p1a: Salazzle|39/249 par|[from] item: Leftovers\n|-damage|p2a: Volbeat|231/263 brn|[from] brn\n|upkeep\n|turn|34\n|\n|t:|1782912516\n|move|p1a: Salazzle|Protect|p1a: Salazzle\n|-singleturn|p1a: Salazzle|Protect\n|move|p2a: Volbeat|U-turn|p1a: Salazzle\n|-activate|p1a: Salazzle|move: Protect\n|\n|-heal|p1a: Salazzle|54/249 par|[from] item: Leftovers\n|-damage|p2a: Volbeat|215/263 brn|[from] brn\n|upkeep\n|turn|35\n|\n|t:|1782912525\n|move|p2a: Volbeat|Encore|p1a: Salazzle\n|-start|p1a: Salazzle|Encore\n|move|p1a: Salazzle|Protect||[still]\n|-fail|p1a: Salazzle\n|\n|-heal|p1a: Salazzle|69/249 par|[from] item: Leftovers\n|-damage|p2a: Volbeat|199/263 brn|[from] brn\n|upkeep\n|turn|36\n|\n|t:|1782912534\n|cant|p1a: Salazzle|par\n|move|p2a: Volbeat|U-turn|p1a: Salazzle\n|-resisted|p1a: Salazzle\n|-damage|p1a: Salazzle|57/249 par\n|\n|-heal|p1a: Salazzle|72/249 par|[from] item: Leftovers\n|-damage|p2a: Volbeat|183/263 brn|[from] brn\n|upkeep\n|turn|37\n|\n|t:|1782912544\n|move|p1a: Salazzle|Protect|p1a: Salazzle\n|-singleturn|p1a: Salazzle|Protect\n|move|p2a: Volbeat|U-turn|p1a: Salazzle\n|-activate|p1a: Salazzle|move: Protect\n|\n|-heal|p1a: Salazzle|87/249 par|[from] item: Leftovers\n|-damage|p2a: Volbeat|167/263 brn|[from] brn\n|-end|p1a: Salazzle|Encore\n|upkeep\n|turn|38\n|\n|t:|1782912549\n|cant|p1a: Salazzle|par\n|move|p2a: Volbeat|Encore|p1a: Salazzle\n|-start|p1a: Salazzle|Encore\n|\n|-heal|p1a: Salazzle|102/249 par|[from] item: Leftovers\n|-damage|p2a: Volbeat|151/263 brn|[from] brn\n|upkeep\n|turn|39\n|\n|t:|1782912558\n|move|p1a: Salazzle|Protect|p1a: Salazzle\n|-singleturn|p1a: Salazzle|Protect\n|move|p2a: Volbeat|Roost|p2a: Volbeat\n|-heal|p2a: Volbeat|263/263 brn\n|-singleturn|p2a: Volbeat|move: Roost\n|\n|-heal|p1a: Salazzle|117/249 par|[from] item: Leftovers\n|-damage|p2a: Volbeat|247/263 brn|[from] brn\n|upkeep\n|turn|40\n|\n|t:|1782912568\n|move|p1a: Salazzle|Protect||[still]\n|-fail|p1a: Salazzle\n|move|p2a: Volbeat|U-turn|p1a: Salazzle\n|-resisted|p1a: Salazzle\n|-damage|p1a: Salazzle|106/249 par\n|\n|-heal|p1a: Salazzle|121/249 par|[from] item: Leftovers\n|-damage|p2a: Volbeat|231/263 brn|[from] brn\n|upkeep\n|turn|41\n|\n|t:|1782912577\n|move|p1a: Salazzle|Protect|p1a: Salazzle\n|-singleturn|p1a: Salazzle|Protect\n|move|p2a: Volbeat|U-turn|p1a: Salazzle\n|-activate|p1a: Salazzle|move: Protect\n|\n|-heal|p1a: Salazzle|136/249 par|[from] item: Leftovers\n|-damage|p2a: Volbeat|215/263 brn|[from] brn\n|-end|p1a: Salazzle|Encore\n|upkeep\n|turn|42\n|\n|t:|1782912592\n|move|p2a: Volbeat|Encore|p1a: Salazzle\n|-start|p1a: Salazzle|Encore\n|move|p1a: Salazzle|Protect||[still]\n|-fail|p1a: Salazzle\n|\n|-heal|p1a: Salazzle|151/249 par|[from] item: Leftovers\n|-damage|p2a: Volbeat|199/263 brn|[from] brn\n|upkeep\n|turn|43\n|\n|t:|1782912601\n|move|p1a: Salazzle|Protect|p1a: Salazzle\n|-singleturn|p1a: Salazzle|Protect\n|move|p2a: Volbeat|U-turn|p1a: Salazzle\n|-activate|p1a: Salazzle|move: Protect\n|\n|-heal|p1a: Salazzle|166/249 par|[from] item: Leftovers\n|-damage|p2a: Volbeat|183/263 brn|[from] brn\n|upkeep\n|turn|44\n|\n|t:|1782912611\n|cant|p1a: Salazzle|par\n|move|p2a: Volbeat|U-turn|p1a: Salazzle\n|-resisted|p1a: Salazzle\n|-damage|p1a: Salazzle|154/249 par\n|\n|-heal|p1a: Salazzle|169/249 par|[from] item: Leftovers\n|-damage|p2a: Volbeat|167/263 brn|[from] brn\n|-end|p1a: Salazzle|Encore\n|upkeep\n|turn|45\n|inactive|frekyahhh has 120 seconds left.\n|\n|t:|1782912642\n|move|p2a: Volbeat|Encore|p1a: Salazzle\n|-start|p1a: Salazzle|Encore\n|move|p1a: Salazzle|Protect||[still]\n|-fail|p1a: Salazzle\n|\n|-heal|p1a: Salazzle|184/249 par|[from] item: Leftovers\n|-damage|p2a: Volbeat|151/263 brn|[from] brn\n|upkeep\n|turn|46\n|\n|t:|1782912651\n|move|p1a: Salazzle|Protect|p1a: Salazzle\n|-singleturn|p1a: Salazzle|Protect\n|move|p2a: Volbeat|Roost|p2a: Volbeat\n|-heal|p2a: Volbeat|263/263 brn\n|-singleturn|p2a: Volbeat|move: Roost\n|\n|-heal|p1a: Salazzle|199/249 par|[from] item: Leftovers\n|-damage|p2a: Volbeat|247/263 brn|[from] brn\n|upkeep\n|turn|47\n|inactive|frekyahhh has 120 seconds left.\n|c|\u2606frekyahhh|you really wanna do it all night?\n|\n|t:|1782912674\n|cant|p1a: Salazzle|par\n|move|p2a: Volbeat|U-turn|p1a: Salazzle\n|-resisted|p1a: Salazzle\n|-damage|p1a: Salazzle|188/249 par\n|\n|-heal|p1a: Salazzle|203/249 par|[from] item: Leftovers\n|-damage|p2a: Volbeat|231/263 brn|[from] brn\n|-end|p1a: Salazzle|Encore\n|upkeep\n|turn|48\n|c|\u2606Snatchin' Silver|yup\n|inactive|frekyahhh has 120 seconds left.\n|\n|t:|1782912685\n|cant|p1a: Salazzle|par\n|move|p2a: Volbeat|Encore|p1a: Salazzle\n|-start|p1a: Salazzle|Encore\n|\n|-heal|p1a: Salazzle|218/249 par|[from] item: Leftovers\n|-damage|p2a: Volbeat|215/263 brn|[from] brn\n|upkeep\n|turn|49\n|inactive|frekyahhh has 120 seconds left.\n|\n|t:|1782912694\n|move|p1a: Salazzle|Protect|p1a: Salazzle\n|-singleturn|p1a: Salazzle|Protect\n|move|p2a: Volbeat|U-turn|p1a: Salazzle\n|-activate|p1a: Salazzle|move: Protect\n|\n|-heal|p1a: Salazzle|233/249 par|[from] item: Leftovers\n|-damage|p2a: Volbeat|199/263 brn|[from] brn\n|-end|p1a: Salazzle|Encore\n|upkeep\n|turn|50\n|c|\u2606frekyahhh|oke fine\n|inactive|frekyahhh has 120 seconds left.\n|\n|t:|1782912705\n|move|p2a: Volbeat|Roost|p2a: Volbeat\n|-heal|p2a: Volbeat|263/263 brn\n|-singleturn|p2a: Volbeat|move: Roost\n|move|p1a: Salazzle|Flamethrower|p2a: Volbeat\n|-supereffective|p2a: Volbeat\n|-damage|p2a: Volbeat|47/263 brn\n|\n|-heal|p1a: Salazzle|248/249 par|[from] item: Leftovers\n|-damage|p2a: Volbeat|31/263 brn|[from] brn\n|upkeep\n|turn|51\n|\n|t:|1782912714\n|move|p2a: Volbeat|Encore|p1a: Salazzle\n|-start|p1a: Salazzle|Encore\n|cant|p1a: Salazzle|par\n|\n|-heal|p1a: Salazzle|249/249 par|[from] item: Leftovers\n|-damage|p2a: Volbeat|15/263 brn|[from] brn\n|upkeep\n|turn|52\n|\n|t:|1782912723\n|move|p2a: Volbeat|Roost|p2a: Volbeat\n|-heal|p2a: Volbeat|147/263 brn\n|-singleturn|p2a: Volbeat|move: Roost\n|cant|p1a: Salazzle|par\n|\n|-damage|p2a: Volbeat|131/263 brn|[from] brn\n|upkeep\n|turn|53\n|\n|t:|1782912731\n|move|p2a: Volbeat|Roost|p2a: Volbeat\n|-heal|p2a: Volbeat|263/263 brn\n|-singleturn|p2a: Volbeat|move: Roost\n|move|p1a: Salazzle|Flamethrower|p2a: Volbeat\n|-supereffective|p2a: Volbeat\n|-damage|p2a: Volbeat|47/263 brn\n|\n|-damage|p2a: Volbeat|31/263 brn|[from] brn\n|-end|p1a: Salazzle|Encore\n|upkeep\n|turn|54\n|\n|t:|1782912741\n|move|p2a: Volbeat|Roost|p2a: Volbeat\n|-heal|p2a: Volbeat|163/263 brn\n|-singleturn|p2a: Volbeat|move: Roost\n|cant|p1a: Salazzle|par\n|\n|-damage|p2a: Volbeat|147/263 brn|[from] brn\n|upkeep\n|turn|55\n|\n|t:|1782912749\n|move|p2a: Volbeat|Roost|p2a: Volbeat\n|-heal|p2a: Volbeat|263/263 brn\n|-singleturn|p2a: Volbeat|move: Roost\n|cant|p1a: Salazzle|par\n|\n|-damage|p2a: Volbeat|247/263 brn|[from] brn\n|upkeep\n|turn|56\n|\n|t:|1782912757\n|move|p2a: Volbeat|U-turn|p1a: Salazzle\n|-resisted|p1a: Salazzle\n|-damage|p1a: Salazzle|238/249 par\n|move|p1a: Salazzle|Flamethrower|p2a: Volbeat\n|-supereffective|p2a: Volbeat\n|-damage|p2a: Volbeat|37/263 brn\n|\n|-heal|p1a: Salazzle|249/249 par|[from] item: Leftovers\n|-damage|p2a: Volbeat|21/263 brn|[from] brn\n|upkeep\n|turn|57\n|\n|t:|1782912767\n|move|p2a: Volbeat|Roost|p2a: Volbeat\n|-heal|p2a: Volbeat|153/263 brn\n|-singleturn|p2a: Volbeat|move: Roost\n|move|p1a: Salazzle|Flamethrower|p2a: Volbeat\n|-supereffective|p2a: Volbeat\n|-damage|p2a: Volbeat|0 fnt\n|faint|p2a: Volbeat\n|\n|win|Snatchin' Silver\n|raw|Snatchin&apos; Silver's rating: 1297 &rarr; <strong>1321</strong><br />(+24 for winning)\n|raw|frekyahhh's rating: 1285 &rarr; <strong>1261</strong><br />(-24 for losing)\n|l|\u2606frekyahhh\n|player|p2|\n|c|\u2606Snatchin' Silver|gg\n", "inputlog": ">version f8ac14003a5f27e1bdc8d8c59608a773c1cb96e5\n>start {\"formatid\":\"gen9randombattle\",\"seed\":\"sodium,bd722e17d0f95b749471e40368e8caf5\",\"rated\":\"Rated battle\"}\n>player p1 {\"name\":\"Snatchin' Silver\",\"avatar\":\"hilda\",\"rating\":1297,\"seed\":\"sodium,d8ad75e37ab450b3ec54c050148ecb7a\"}\n>player p2 {\"name\":\"frekyahhh\",\"avatar\":\"gentleman-gen4\",\"rating\":1285,\"seed\":\"sodium,2b3ed960612d771d3cb2a17fb5b6548f\"}\n>p1 move malignantchain\n>p2 move earthpower\n>p1 move partingshot\n>p2 move earthpower\n>p1 switch 4\n>p1 move armorcannon\n>p2 move earthpower\n>p2 switch 2\n>p1 move armorcannon\n>p2 move hypervoice\n>p1 switch 4\n>p1 move malignantchain\n>p2 move psyshock\n>p1 move recover\n>p2 move psyshock\n>p1 move malignantchain\n>p2 move psyshock\n>p1 move recover\n>p2 move psyshock\n>p1 switch 5\n>p2 switch 6\n>p1 move protect\n>p2 move earthquake\n>p1 switch 6\n>p2 move earthquake\n>p1 move hydropump\n>p2 move stealthrock terastallize\n>p1 move hurricane\n>p2 move ironhead\n>p1 move hurricane\n>p2 move ironhead\n>p1 move roost\n>p2 move ironhead\n>p1 move knockoff\n>p2 switch 5\n>p1 move hurricane\n>p2 move dragontail\n>p1 move swordsdance\n>p2 move dragontail\n>p1 move toxic\n>p2 move dragontail\n>p1 move hurricane\n>p2 move gigadrain\n>p1 move hurricane\n>p2 move gigadrain\n>p2 switch 3\n>p1 move roost\n>p2 move tripleaxel\n>p1 switch 6\n>p1 move closecombat terastallize\n>p2 move tripleaxel\n>p2 switch 4\n>p1 move closecombat\n>p2 move thunderwave\n>p1 move closecombat\n>p2 move uturn\n>p2 switch 5\n>p2 switch 5\n>p1 move psyblade\n>p2 move uturn\n>p1 switch 2\n>p1 move protect\n>p2 move uturn\n>p1 move flamethrower\n>p2 move thunderwave\n>p1 move flamethrower\n>p2 move encore\n>p1 move protect\n>p2 move uturn\n>p1 move protect\n>p2 move uturn\n>p1 switch 3\n>p2 move encore\n>p1 move willowisp\n>p2 move uturn\n>p1 switch 3\n>p2 move uturn\n>p1 move protect\n>p2 move uturn\n>p1 move flamethrower\n>p2 move encore\n>p1 move protect\n>p2 move uturn\n>p1 move protect\n>p2 move uturn\n>p1 move protect\n>p2 move encore\n>p1 move protect\n>p2 move roost\n>p1 move protect\n>p2 move uturn\n>p1 move protect\n>p2 move uturn\n>p1 move flamethrower\n>p2 move encore\n>p1 move protect\n>p2 move uturn\n>p1 move protect\n>p2 move uturn\n>p1 move substitute\n>p2 move encore\n>p1 move protect\n>p2 move roost\n>chat \u2606frekyahhh|you really wanna do it all night?\n>p1 move protect\n>p2 move uturn\n>chat \u2606Snatchin' Silver|yup\n>p1 move protect\n>p2 move encore\n>p1 move protect\n>p2 move uturn\n>chat \u2606frekyahhh|oke fine\n>p1 move flamethrower\n>p2 move roost\n>p1 move flamethrower\n>p2 move encore\n>p1 move flamethrower\n>p2 move roost\n>p1 move flamethrower\n>p2 move roost\n>p1 move flamethrower\n>p2 move roost\n>p1 move flamethrower\n>p2 move roost\n>p1 move flamethrower\n>p2 move uturn\n>p1 move flamethrower\n>p2 move roost", "uploadtime": 1782912812, "views": 15, "formatid": "gen9randombattle", "rating": 1261, "private": 0, "password": null, "player_dets": [{"name": "Snatchin' Silver", "avatar": "hilda", "rating": 1297, "seed": "sodium,d8ad75e37ab450b3ec54c050148ecb7a"}, {"name": "frekyahhh", "avatar": "gentleman-gen4", "rating": 1285, "seed": "sodium,2b3ed960612d771d3cb2a17fb5b6548f"}], "teams_full": [{"Pecharunt": {"name": "Pecharunt", "species": "Pecharunt", "speciesId": "pecharunt", "gender": "N", "shiny": false, "level": 77, "moves": ["recover", "shadowball", "partingshot", "malignantchain"], "ability": "Poison Puppeteer", "evs": {"hp": 85, "atk": 0, "def": 85, "spa": 85, "spd": 85, "spe": 85}, "ivs": {"hp": 31, "atk": 0, "def": 31, "spa": 31, "spd": 31, "spe": 31}, "item": "Leftovers", "teraType": "Dark", "role": "Bulky Attacker", "bvs": {"hp": 88, "atk": 88, "def": 160, "spa": 88, "spd": 88, "spe": 88}, "stats": {"hp": 262, "atk": 140, "def": 291, "spa": 180, "spd": 180, "spe": 180}, "types": ["Poison", "Ghost"]}, "Iron Leaves": {"name": "Iron Leaves", "species": "Iron Leaves", "speciesId": "ironleaves", "gender": "N", "shiny": false, "level": 80, "moves": ["psyblade", "leafblade", "closecombat", "swordsdance"], "ability": "Quark Drive", "evs": {"hp": 85, "atk": 85, "def": 85, "spa": 85, "spd": 85, "spe": 85}, "ivs": {"hp": 31, "atk": 31, "def": 31, "spa": 31, "spd": 31, "spe": 31}, "item": "Life Orb", "teraType": "Fighting", "role": "Wallbreaker", "bvs": {"hp": 90, "atk": 130, "def": 88, "spa": 70, "spd": 108, "spe": 104}, "stats": {"hp": 275, "atk": 254, "def": 187, "spa": 158, "spd": 219, "spe": 213}, "types": ["Grass", "Psychic"]}, "Rotom": {"name": "Rotom", "species": "Rotom-Mow", "speciesId": "rotommow", "gender": "N", "shiny": false, "level": 87, "moves": ["leafstorm", "thunderbolt", "willowisp", "voltswitch"], "ability": "Levitate", "evs": {"hp": 85, "atk": 0, "def": 85, "spa": 85, "spd": 85, "spe": 85}, "ivs": {"hp": 31, "atk": 0, "def": 31, "spa": 31, "spd": 31, "spe": 31}, "item": "Leftovers", "teraType": "Electric", "role": "Bulky Attacker", "bvs": {"hp": 50, "atk": 65, "def": 107, "spa": 105, "spd": 107, "spe": 86}, "stats": {"hp": 229, "atk": 118, "def": 236, "spa": 232, "spd": 236, "spe": 199}, "types": ["Electric", "Grass"]}, "Armarouge": {"name": "Armarouge", "species": "Armarouge", "speciesId": "armarouge", "gender": "F", "shiny": false, "level": 80, "moves": ["psyshock", "energyball", "focusblast", "armorcannon"], "ability": "Weak Armor", "evs": {"hp": 85, "atk": 0, "def": 85, "spa": 85, "spd": 85, "spe": 85}, "ivs": {"hp": 31, "atk": 0, "def": 31, "spa": 31, "spd": 31, "spe": 31}, "item": "Choice Specs", "teraType": "Fire", "role": "Wallbreaker", "bvs": {"hp": 85, "atk": 60, "def": 100, "spa": 125, "spd": 80, "spe": 75}, "stats": {"hp": 267, "atk": 101, "def": 206, "spa": 246, "spd": 174, "spe": 166}, "types": ["Fire", "Psychic"]}, "Salazzle": {"name": "Salazzle", "species": "Salazzle", "speciesId": "salazzle", "gender": "F", "shiny": false, "level": 83, "moves": ["toxic", "protect", "substitute", "flamethrower"], "ability": "Corrosion", "evs": {"hp": 85, "atk": 0, "def": 85, "spa": 85, "spd": 85, "spe": 85}, "ivs": {"hp": 31, "atk": 0, "def": 31, "spa": 31, "spd": 31, "spe": 31}, "item": "Leftovers", "teraType": "Flying", "role": "Fast Support", "bvs": {"hp": 68, "atk": 64, "def": 60, "spa": 111, "spd": 60, "spe": 117}, "stats": {"hp": 249, "atk": 111, "def": 147, "spa": 232, "spd": 147, "spe": 242}, "types": ["Poison", "Fire"]}, "Pelipper": {"name": "Pelipper", "species": "Pelipper", "speciesId": "pelipper", "gender": "F", "shiny": false, "level": 86, "moves": ["hydropump", "knockoff", "hurricane", "roost"], "ability": "Drizzle", "evs": {"hp": 85, "atk": 85, "def": 85, "spa": 85, "spd": 85, "spe": 85}, "ivs": {"hp": 31, "atk": 31, "def": 31, "spa": 31, "spd": 31, "spe": 31}, "item": "Heavy-Duty Boots", "teraType": "Ground", "role": "Bulky Attacker", "bvs": {"hp": 60, "atk": 50, "def": 100, "spa": 95, "spd": 70, "spe": 65}, "stats": {"hp": 243, "atk": 135, "def": 221, "spa": 213, "spd": 170, "spe": 161}, "types": ["Water", "Flying"]}}, {"Arceus": {"name": "Arceus", "species": "Arceus-Bug", "speciesId": "arceusbug", "gender": "N", "shiny": false, "level": 73, "moves": ["earthpower", "judgment", "calmmind", "recover"], "ability": "Multitype", "evs": {"hp": 81, "atk": 0, "def": 85, "spa": 85, "spd": 85, "spe": 85}, "ivs": {"hp": 31, "atk": 0, "def": 31, "spa": 31, "spd": 31, "spe": 31}, "item": "Insect Plate", "teraType": "Ground", "role": "Bulky Setup", "bvs": {"hp": 120, "atk": 120, "def": 120, "spa": 120, "spd": 120, "spe": 120}, "stats": {"hp": 295, "atk": 180, "def": 218, "spa": 218, "spd": 218, "spe": 218}, "types": ["Bug"]}, "Girafarig": {"name": "Girafarig", "species": "Girafarig", "speciesId": "girafarig", "gender": "F", "shiny": false, "level": 89, "moves": ["hypervoice", "thunderbolt", "nastyplot", "psyshock"], "ability": "Sap Sipper", "evs": {"hp": 85, "atk": 0, "def": 85, "spa": 85, "spd": 85, "spe": 85}, "ivs": {"hp": 31, "atk": 0, "def": 31, "spa": 31, "spd": 31, "spe": 31}, "item": "Eviolite", "teraType": "Electric", "role": "Fast Bulky Setup", "bvs": {"hp": 70, "atk": 80, "def": 65, "spa": 90, "spd": 65, "spe": 85}, "stats": {"hp": 269, "atk": 147, "def": 166, "spa": 211, "spd": 166, "spe": 202}, "types": ["Normal", "Psychic"]}, "Dewgong": {"name": "Dewgong", "species": "Dewgong", "speciesId": "dewgong", "gender": "M", "shiny": false, "level": 94, "moves": ["knockoff", "flipturn", "surf", "tripleaxel"], "ability": "Thick Fat", "evs": {"hp": 85, "atk": 85, "def": 85, "spa": 85, "spd": 85, "spe": 85}, "ivs": {"hp": 31, "atk": 31, "def": 31, "spa": 31, "spd": 31, "spe": 31}, "item": "Assault Vest", "teraType": "Grass", "role": "Bulky Attacker", "bvs": {"hp": 90, "atk": 70, "def": 80, "spa": 70, "spd": 95, "spe": 70}, "stats": {"hp": 322, "atk": 185, "def": 204, "spa": 185, "spd": 232, "spe": 185}, "types": ["Water", "Ice"]}, "Volbeat": {"name": "Volbeat", "species": "Volbeat", "speciesId": "volbeat", "gender": "M", "shiny": false, "level": 90, "moves": ["encore", "uturn", "roost", "thunderwave"], "ability": "Prankster", "evs": {"hp": 85, "atk": 85, "def": 85, "spa": 85, "spd": 85, "spe": 85}, "ivs": {"hp": 31, "atk": 31, "def": 31, "spa": 31, "spd": 31, "spe": 31}, "item": "Heavy-Duty Boots", "teraType": "Water", "role": "Bulky Support", "bvs": {"hp": 65, "atk": 73, "def": 75, "spa": 47, "spd": 85, "spe": 85}, "stats": {"hp": 263, "atk": 183, "def": 186, "spa": 136, "spd": 204, "spe": 204}, "types": ["Bug"]}, "Dipplin": {"name": "Dipplin", "species": "Dipplin", "speciesId": "dipplin", "gender": "F", "shiny": false, "level": 88, "moves": ["gigadrain", "dragonpulse", "recover", "dragontail"], "ability": "Sticky Hold", "evs": {"hp": 85, "atk": 85, "def": 85, "spa": 85, "spd": 85, "spe": 85}, "ivs": {"hp": 31, "atk": 31, "def": 31, "spa": 31, "spd": 31, "spe": 31}, "item": "Eviolite", "teraType": "Steel", "role": "Bulky Attacker", "bvs": {"hp": 80, "atk": 80, "def": 110, "spa": 95, "spd": 80, "spe": 40}, "stats": {"hp": 284, "atk": 191, "def": 244, "spa": 217, "spd": 191, "spe": 121}, "types": ["Grass", "Dragon"]}, "Iron Treads": {"name": "Iron Treads", "species": "Iron Treads", "speciesId": "irontreads", "gender": "N", "shiny": false, "level": 77, "moves": ["rapidspin", "stealthrock", "earthquake", "ironhead"], "ability": "Quark Drive", "evs": {"hp": 85, "atk": 85, "def": 85, "spa": 85, "spd": 85, "spe": 85}, "ivs": {"hp": 31, "atk": 31, "def": 31, "spa": 31, "spd": 31, "spe": 31}, "item": "Leftovers", "teraType": "Water", "role": "Bulky Support", "bvs": {"hp": 90, "atk": 112, "def": 120, "spa": 72, "spd": 70, "spe": 106}, "stats": {"hp": 265, "atk": 217, "def": 229, "spa": 155, "spd": 152, "spe": 208}, "types": ["Ground", "Steel"]}}]}