{"id": "gen9randombattle-2641750729", "format": "[Gen 9] Random Battle", "players": ["IceColdAcer", "the egg dude"], "log": "|j|\u2606IceColdAcer\n|j|\u2606the egg dude\n|t:|1782837529\n|gametype|singles\n|player|p1|IceColdAcer|acetrainer|2052\n|player|p2|the egg dude|urbain|2023\n|gen|9\n|tier|[Gen 9] Random Battle\n|rated|\n|rule|Species Clause: Limit one of each Pok\u00e9mon\n|rule|HP Percentage Mod: HP is shown in percentages\n|rule|Sleep Clause Mod: Limit one foe put to sleep\n|rule|Illusion Level Mod: Illusion disguises the Pok\u00e9mon's true level\n|\n|t:|1782837529\n|teamsize|p1|6\n|teamsize|p2|6\n|start\n|switch|p1a: Scrafty|Scrafty, L83, M|244/244\n|switch|p2a: Incineroar|Incineroar, L82, F|290/290\n|-ability|p2a: Incineroar|Intimidate|boost\n|-unboost|p1a: Scrafty|atk|1\n|turn|1\n|inactive|Battle timer is ON: inactive players will automatically lose when time's up. (requested by the egg dude)\n|c|\u2606the egg dude|glhf\n|inactive|IceColdAcer has 120 seconds left.\n|l|\u2606IceColdAcer\n|inactive|IceColdAcer disconnected and has a minute to reconnect!\n|player|p1|\n|j|\u2606IceColdAcer\n|inactive|IceColdAcer reconnected and has 115 seconds left.\n|player|p1|IceColdAcer|acetrainer|\n|\n|t:|1782837569\n|move|p2a: Incineroar|Parting Shot|p1a: Scrafty\n|-unboost|p1a: Scrafty|atk|1\n|-unboost|p1a: Scrafty|spa|1\n|\n|t:|1782837575\n|switch|p2a: Conkeldurr|Conkeldurr, L80, F|299/299|[from] Parting Shot\n|move|p1a: Scrafty|Bulk Up|p1a: Scrafty\n|-boost|p1a: Scrafty|atk|1\n|-boost|p1a: Scrafty|def|1\n|\n|-status|p2a: Conkeldurr|brn|[from] item: Flame Orb\n|upkeep\n|turn|2\n|\n|t:|1782837588\n|switch|p1a: Basculegion|Basculegion-F, L83, F|335/335\n|move|p2a: Conkeldurr|Close Combat|p1a: Basculegion\n|-immune|p1a: Basculegion\n|\n|-damage|p2a: Conkeldurr|281/299 brn|[from] brn\n|upkeep\n|turn|3\n|\n|t:|1782837592\n|move|p1a: Basculegion|Hydro Pump|p2a: Conkeldurr\n|-damage|p2a: Conkeldurr|0 fnt\n|faint|p2a: Conkeldurr\n|\n|upkeep\n|\n|t:|1782837603\n|switch|p2a: Toedscruel|Toedscruel, L87, F|281/281\n|turn|4\n|\n|t:|1782837607\n|switch|p1a: Volbeat|Volbeat, L90, M|263/263\n|move|p2a: Toedscruel|Knock Off|p1a: Volbeat\n|-damage|p1a: Volbeat|202/263\n|-enditem|p1a: Volbeat|Heavy-Duty Boots|[from] move: Knock Off|[of] p2a: Toedscruel\n|\n|upkeep\n|turn|5\n|\n|t:|1782837611\n|switch|p2a: Incineroar|Incineroar, L82, F|290/290\n|-ability|p2a: Incineroar|Intimidate|boost\n|-unboost|p1a: Volbeat|atk|1\n|move|p1a: Volbeat|Lunge|p2a: Incineroar\n|-damage|p2a: Incineroar|239/290\n|-unboost|p2a: Incineroar|atk|1\n|\n|upkeep\n|turn|6\n|\n|t:|1782837620\n|switch|p1a: Phione|Phione, L91|293/293\n|move|p2a: Incineroar|Flare Blitz|p1a: Phione\n|-resisted|p1a: Phione\n|-damage|p1a: Phione|245/293\n|-damage|p2a: Incineroar|223/290|[from] Recoil\n|\n|-heal|p1a: Phione|263/293|[from] item: Leftovers\n|upkeep\n|turn|7\n|\n|t:|1782837626\n|switch|p2a: Wyrdeer|Wyrdeer, L87, F|321/321\n|-ability|p2a: Wyrdeer|Intimidate|boost\n|-unboost|p1a: Phione|atk|1\n|move|p1a: Phione|Scald|p2a: Wyrdeer\n|-damage|p2a: Wyrdeer|252/321\n|\n|-heal|p1a: Phione|281/293|[from] item: Leftovers\n|upkeep\n|turn|8\n|\n|t:|1782837631\n|move|p1a: Phione|Scald|p2a: Wyrdeer\n|-damage|p2a: Wyrdeer|189/321\n|move|p2a: Wyrdeer|Body Slam|p1a: Phione\n|-damage|p1a: Phione|170/293\n|\n|-heal|p1a: Phione|188/293|[from] item: Leftovers\n|upkeep\n|turn|9\n|\n|t:|1782837637\n|move|p1a: Phione|Scald|p2a: Wyrdeer\n|-damage|p2a: Wyrdeer|122/321\n|move|p2a: Wyrdeer|Body Slam|p1a: Phione\n|-damage|p1a: Phione|79/293\n|\n|-heal|p1a: Phione|97/293|[from] item: Leftovers\n|upkeep\n|turn|10\n|\n|t:|1782837643\n|move|p1a: Phione|Scald|p2a: Wyrdeer\n|-damage|p2a: Wyrdeer|61/321\n|move|p2a: Wyrdeer|Body Slam|p1a: Phione\n|-damage|p1a: Phione|3/293\n|\n|-heal|p1a: Phione|21/293|[from] item: Leftovers\n|upkeep\n|turn|11\n|\n|t:|1782837651\n|switch|p2a: Toedscruel|Toedscruel, L87, F|281/281\n|move|p1a: Phione|Rest|p1a: Phione\n|-status|p1a: Phione|slp|[from] move: Rest\n|-heal|p1a: Phione|293/293 slp|[silent]\n|\n|upkeep\n|turn|12\n|\n|t:|1782837662\n|move|p2a: Toedscruel|Giga Drain|p1a: Phione\n|-supereffective|p1a: Phione\n|-damage|p1a: Phione|143/293 slp\n|cant|p1a: Phione|slp\n|move|p1a: Phione|Sleep Talk|p1a: Phione\n|move|p1a: Phione|Take Heart|p1a: Phione|[from] move: Sleep Talk\n|-boost|p1a: Phione|spa|1\n|-boost|p1a: Phione|spd|1\n|-curestatus|p1a: Phione|slp|[msg]\n|\n|-heal|p1a: Phione|161/293|[from] item: Leftovers\n|upkeep\n|turn|13\n|\n|t:|1782837672\n|move|p2a: Toedscruel|Knock Off|p1a: Phione\n|-damage|p1a: Phione|99/293\n|-enditem|p1a: Phione|Leftovers|[from] move: Knock Off|[of] p2a: Toedscruel\n|move|p1a: Phione|Sleep Talk||[still]\n|-fail|p1a: Phione\n|\n|upkeep\n|turn|14\n|\n|t:|1782837681\n|switch|p1a: Volbeat|Volbeat, L90, M|202/263\n|move|p2a: Toedscruel|Giga Drain|p1a: Volbeat\n|-resisted|p1a: Volbeat\n|-damage|p1a: Volbeat|166/263\n|\n|upkeep\n|turn|15\n|\n|t:|1782837684\n|switch|p2a: Incineroar|Incineroar, L82, F|223/290\n|-ability|p2a: Incineroar|Intimidate|boost\n|-unboost|p1a: Volbeat|atk|1\n|move|p1a: Volbeat|Lunge|p2a: Incineroar\n|-damage|p2a: Incineroar|169/290\n|-unboost|p2a: Incineroar|atk|1\n|\n|upkeep\n|turn|16\n|\n|t:|1782837693\n|switch|p1a: Phione|Phione, L91|99/293\n|move|p2a: Incineroar|Knock Off|p1a: Phione\n|-damage|p1a: Phione|44/293\n|\n|upkeep\n|turn|17\n|\n|t:|1782837696\n|move|p1a: Phione|Rest|p1a: Phione\n|-status|p1a: Phione|slp|[from] move: Rest\n|-heal|p1a: Phione|293/293 slp|[silent]\n|move|p2a: Incineroar|Knock Off|p1a: Phione\n|-damage|p1a: Phione|245/293 slp\n|\n|upkeep\n|turn|18\n|\n|t:|1782837701\n|switch|p2a: Deoxys|Deoxys-Speed, L82|216/216\n|-ability|p2a: Deoxys|Pressure\n|cant|p1a: Phione|slp\n|move|p1a: Phione|Sleep Talk|p1a: Phione\n|move|p1a: Phione|Take Heart|p1a: Phione|[from] move: Sleep Talk\n|-boost|p1a: Phione|spa|1\n|-boost|p1a: Phione|spd|1\n|-curestatus|p1a: Phione|slp|[msg]\n|\n|upkeep\n|turn|19\n|\n|t:|1782837707\n|move|p2a: Deoxys|Stealth Rock|p1a: Phione\n|-sidestart|p1: IceColdAcer|move: Stealth Rock\n|move|p1a: Phione|Scald|p2a: Deoxys\n|-damage|p2a: Deoxys|93/216\n|\n|-heal|p2a: Deoxys|106/216|[from] item: Leftovers\n|upkeep\n|turn|20\n|\n|t:|1782837710\n|switch|p2a: Toedscruel|Toedscruel, L87, F|281/281\n|move|p1a: Phione|Scald|p2a: Toedscruel\n|-damage|p2a: Toedscruel|217/281\n|\n|upkeep\n|turn|21\n|\n|t:|1782837716\n|move|p2a: Toedscruel|Giga Drain|p1a: Phione\n|-supereffective|p1a: Phione\n|-damage|p1a: Phione|155/293\n|-heal|p2a: Toedscruel|262/281|[from] drain|[of] p1a: Phione\n|move|p1a: Phione|Take Heart|p1a: Phione\n|-boost|p1a: Phione|spa|1\n|-boost|p1a: Phione|spd|1\n|\n|upkeep\n|turn|22\n|\n|t:|1782837719\n|move|p2a: Toedscruel|Giga Drain|p1a: Phione\n|-supereffective|p1a: Phione\n|-damage|p1a: Phione|87/293\n|-heal|p2a: Toedscruel|281/281|[from] drain|[of] p1a: Phione\n|move|p1a: Phione|Rest|p1a: Phione\n|-status|p1a: Phione|slp|[from] move: Rest\n|-heal|p1a: Phione|293/293 slp|[silent]\n|\n|upkeep\n|turn|23\n|\n|t:|1782837724\n|move|p2a: Toedscruel|Giga Drain|p1a: Phione\n|-supereffective|p1a: Phione\n|-damage|p1a: Phione|219/293 slp\n|cant|p1a: Phione|slp\n|move|p1a: Phione|Sleep Talk|p1a: Phione\n|move|p1a: Phione|Scald|p2a: Toedscruel|[from] move: Sleep Talk\n|-damage|p2a: Toedscruel|197/281\n|\n|upkeep\n|turn|24\n|\n|t:|1782837727\n|move|p2a: Toedscruel|Giga Drain|p1a: Phione\n|-supereffective|p1a: Phione\n|-damage|p1a: Phione|147/293 slp\n|-heal|p2a: Toedscruel|233/281|[from] drain|[of] p1a: Phione\n|cant|p1a: Phione|slp\n|move|p1a: Phione|Sleep Talk|p1a: Phione\n|move|p1a: Phione|Scald|p2a: Toedscruel|[from] move: Sleep Talk\n|-damage|p2a: Toedscruel|149/281\n|-status|p2a: Toedscruel|brn\n|\n|-damage|p2a: Toedscruel|132/281 brn|[from] brn\n|upkeep\n|turn|25\n|\n|t:|1782837729\n|move|p2a: Toedscruel|Giga Drain|p1a: Phione\n|-supereffective|p1a: Phione\n|-damage|p1a: Phione|79/293 slp\n|-heal|p2a: Toedscruel|166/281 brn|[from] drain|[of] p1a: Phione\n|-curestatus|p1a: Phione|slp|[msg]\n|move|p1a: Phione|Rest|p1a: Phione\n|-status|p1a: Phione|slp|[from] move: Rest\n|-heal|p1a: Phione|293/293 slp|[silent]\n|\n|-damage|p2a: Toedscruel|149/281 brn|[from] brn\n|upkeep\n|turn|26\n|\n|t:|1782837732\n|move|p2a: Toedscruel|Giga Drain|p1a: Phione\n|-supereffective|p1a: Phione\n|-crit|p1a: Phione\n|-damage|p1a: Phione|87/293 slp\n|-heal|p2a: Toedscruel|252/281 brn|[from] drain|[of] p1a: Phione\n|cant|p1a: Phione|slp\n|move|p1a: Phione|Sleep Talk|p1a: Phione\n|move|p1a: Phione|Scald|p2a: Toedscruel|[from] move: Sleep Talk\n|-damage|p2a: Toedscruel|171/281 brn\n|\n|-damage|p2a: Toedscruel|154/281 brn|[from] brn\n|upkeep\n|turn|27\n|\n|t:|1782837738\n|move|p2a: Toedscruel|Giga Drain|p1a: Phione\n|-supereffective|p1a: Phione\n|-damage|p1a: Phione|7/293 slp\n|-heal|p2a: Toedscruel|194/281 brn|[from] drain|[of] p1a: Phione\n|cant|p1a: Phione|slp\n|move|p1a: Phione|Sleep Talk|p1a: Phione\n|move|p1a: Phione|Scald|p2a: Toedscruel|[from] move: Sleep Talk\n|-damage|p2a: Toedscruel|103/281 brn\n|\n|-damage|p2a: Toedscruel|86/281 brn|[from] brn\n|upkeep\n|turn|28\n|\n|t:|1782837742\n|move|p2a: Toedscruel|Giga Drain|p1a: Phione\n|-supereffective|p1a: Phione\n|-damage|p1a: Phione|0 fnt\n|-heal|p2a: Toedscruel|90/281 brn|[from] drain|[of] p1a: Phione\n|faint|p1a: Phione\n|\n|-damage|p2a: Toedscruel|73/281 brn|[from] brn\n|upkeep\n|\n|t:|1782837745\n|switch|p1a: Volbeat|Volbeat, L90, M|166/263\n|-damage|p1a: Volbeat|101/263|[from] Stealth Rock\n|turn|29\n|\n|t:|1782837750\n|move|p2a: Toedscruel|Earth Power|p1a: Volbeat\n|-resisted|p1a: Volbeat\n|-damage|p1a: Volbeat|59/263\n|-unboost|p1a: Volbeat|spd|1\n|move|p1a: Volbeat|Lunge|p2a: Toedscruel\n|-supereffective|p2a: Toedscruel\n|-damage|p2a: Toedscruel|0 fnt\n|faint|p2a: Toedscruel\n|\n|upkeep\n|\n|t:|1782837755\n|switch|p2a: Incineroar|Incineroar, L82, F|169/290\n|-ability|p2a: Incineroar|Intimidate|boost\n|-unboost|p1a: Volbeat|atk|1\n|turn|30\n|\n|t:|1782837762\n|move|p1a: Volbeat|Lunge|p2a: Incineroar\n|-damage|p2a: Incineroar|111/290\n|-unboost|p2a: Incineroar|atk|1\n|move|p2a: Incineroar|Knock Off|p1a: Volbeat\n|-damage|p1a: Volbeat|5/263\n|\n|upkeep\n|turn|31\n|\n|t:|1782837767\n|move|p1a: Volbeat|Roost|p1a: Volbeat\n|-heal|p1a: Volbeat|137/263\n|-singleturn|p1a: Volbeat|move: Roost\n|move|p2a: Incineroar|Flare Blitz|p1a: Volbeat\n|-supereffective|p1a: Volbeat\n|-crit|p1a: Volbeat\n|-damage|p1a: Volbeat|0 fnt\n|faint|p1a: Volbeat\n|-damage|p2a: Incineroar|66/290|[from] Recoil\n|\n|upkeep\n|\n|t:|1782837778\n|switch|p1a: Basculegion|Basculegion-F, L83, F|335/335\n|-damage|p1a: Basculegion|294/335|[from] Stealth Rock\n|turn|32\n|\n|t:|1782837785\n|switch|p2a: Wyrdeer|Wyrdeer, L87, F|61/321\n|-ability|p2a: Wyrdeer|Intimidate|boost\n|-unboost|p1a: Basculegion|atk|1\n|move|p1a: Basculegion|Flip Turn|p2a: Wyrdeer\n|-damage|p2a: Wyrdeer|1/321\n|\n|t:|1782837792\n|switch|p1a: Tyranitar|Tyranitar, L78, F|284/284|[from] Flip Turn\n|-damage|p1a: Tyranitar|249/284|[from] Stealth Rock\n|-weather|Sandstorm|[from] ability: Sand Stream|[of] p1a: Tyranitar\n|\n|-weather|Sandstorm|[upkeep]\n|-damage|p2a: Wyrdeer|0 fnt|[from] Sandstorm\n|faint|p2a: Wyrdeer\n|upkeep\n|\n|t:|1782837801\n|switch|p2a: Incineroar|Incineroar, L82, F|66/290\n|-ability|p2a: Incineroar|Intimidate|boost\n|-unboost|p1a: Tyranitar|atk|1\n|turn|33\n|\n|t:|1782837808\n|-terastallize|p1a: Tyranitar|Rock\n|move|p2a: Incineroar|Knock Off|p1a: Tyranitar\n|-damage|p1a: Tyranitar|156/284\n|-enditem|p1a: Tyranitar|Weakness Policy|[from] move: Knock Off|[of] p2a: Incineroar\n|move|p1a: Tyranitar|Dragon Dance|p1a: Tyranitar\n|-boost|p1a: Tyranitar|atk|1\n|-boost|p1a: Tyranitar|spe|1\n|\n|-weather|Sandstorm|[upkeep]\n|-damage|p2a: Incineroar|48/290|[from] Sandstorm\n|upkeep\n|turn|34\n|\n|t:|1782837816\n|move|p1a: Tyranitar|Knock Off|p2a: Incineroar\n|-resisted|p2a: Incineroar\n|-damage|p2a: Incineroar|0 fnt\n|-enditem|p2a: Incineroar|Heavy-Duty Boots|[from] move: Knock Off|[of] p1a: Tyranitar\n|faint|p2a: Incineroar\n|\n|-weather|Sandstorm|[upkeep]\n|upkeep\n|\n|t:|1782837820\n|switch|p2a: Deoxys|Deoxys-Speed, L82|106/216\n|-ability|p2a: Deoxys|Pressure\n|turn|35\n|\n|t:|1782837827\n|move|p2a: Deoxys|Psycho Boost|p1a: Tyranitar\n|-damage|p1a: Tyranitar|59/284\n|-unboost|p2a: Deoxys|spa|2\n|move|p1a: Tyranitar|Knock Off|p2a: Deoxys\n|-supereffective|p2a: Deoxys\n|-damage|p2a: Deoxys|0 fnt\n|-enditem|p2a: Deoxys|Leftovers|[from] move: Knock Off|[of] p1a: Tyranitar\n|faint|p2a: Deoxys\n|\n|-weather|Sandstorm|[upkeep]\n|upkeep\n|\n|t:|1782837834\n|switch|p2a: Comfey|Comfey, L85, M|225/225\n|turn|36\n|\n|t:|1782837846\n|-terastallize|p2a: Comfey|Steel\n|move|p2a: Comfey|Calm Mind|p2a: Comfey\n|-boost|p2a: Comfey|spa|1\n|-boost|p2a: Comfey|spd|1\n|move|p1a: Tyranitar|Stone Edge|p2a: Comfey\n|-resisted|p2a: Comfey\n|-damage|p2a: Comfey|147/225\n|\n|-weather|none\n|-heal|p2a: Comfey|161/225|[from] item: Leftovers\n|upkeep\n|turn|37\n|\n|t:|1782837850\n|move|p2a: Comfey|Giga Drain|p1a: Tyranitar\n|-supereffective|p1a: Tyranitar\n|-damage|p1a: Tyranitar|0 fnt\n|-heal|p2a: Comfey|191/225|[from] drain|[of] p1a: Tyranitar\n|faint|p1a: Tyranitar\n|\n|-heal|p2a: Comfey|205/225|[from] item: Leftovers\n|upkeep\n|\n|t:|1782837855\n|switch|p1a: Scrafty|Scrafty, L83, M|244/244\n|-damage|p1a: Scrafty|229/244|[from] Stealth Rock\n|turn|38\n|\n|t:|1782837861\n|move|p2a: Comfey|Calm Mind|p2a: Comfey\n|-boost|p2a: Comfey|spa|1\n|-boost|p2a: Comfey|spd|1\n|move|p1a: Scrafty|Drain Punch|p2a: Comfey\n|-supereffective|p2a: Comfey\n|-damage|p2a: Comfey|53/225\n|-heal|p1a: Scrafty|244/244|[from] drain|[of] p2a: Comfey\n|\n|-heal|p2a: Comfey|67/225|[from] item: Leftovers\n|upkeep\n|turn|39\n|\n|t:|1782837874\n|move|p2a: Comfey|Draining Kiss|p1a: Scrafty\n|-supereffective|p1a: Scrafty\n|-damage|p1a: Scrafty|0 fnt\n|-heal|p2a: Comfey|225/225|[from] drain|[of] p1a: Scrafty\n|faint|p1a: Scrafty\n|\n|upkeep\n|\n|t:|1782837880\n|switch|p1a: Exeggutor|Exeggutor-Alola, L89, M|314/314\n|-damage|p1a: Exeggutor|275/314|[from] Stealth Rock\n|turn|40\n|\n|t:|1782837885\n|move|p2a: Comfey|Draining Kiss|p1a: Exeggutor\n|-supereffective|p1a: Exeggutor\n|-damage|p1a: Exeggutor|69/314\n|-enditem|p1a: Exeggutor|Sitrus Berry|[eat]\n|-heal|p1a: Exeggutor|147/314|[from] item: Sitrus Berry\n|move|p1a: Exeggutor|Stun Spore|p2a: Comfey\n|-status|p2a: Comfey|par\n|\n|upkeep\n|turn|41\n|\n|t:|1782837894\n|move|p2a: Comfey|Draining Kiss|p1a: Exeggutor\n|-supereffective|p1a: Exeggutor\n|-damage|p1a: Exeggutor|0 fnt\n|faint|p1a: Exeggutor\n|\n|upkeep\n|\n|t:|1782837897\n|switch|p1a: Basculegion|Basculegion-F, L83, F|294/335\n|-damage|p1a: Basculegion|253/335|[from] Stealth Rock\n|turn|42\n|\n|t:|1782837902\n|move|p2a: Comfey|Giga Drain|p1a: Basculegion\n|-supereffective|p1a: Basculegion\n|-damage|p1a: Basculegion|19/335\n|move|p1a: Basculegion|Hydro Pump|p2a: Comfey\n|-damage|p2a: Comfey|129/225 par\n|\n|-heal|p2a: Comfey|143/225 par|[from] item: Leftovers\n|upkeep\n|turn|43\n|c|\u2606the egg dude|gg\n|\n|t:|1782837912\n|move|p2a: Comfey|Giga Drain|p1a: Basculegion\n|-supereffective|p1a: Basculegion\n|-damage|p1a: Basculegion|0 fnt\n|-heal|p2a: Comfey|153/225 par|[from] drain|[of] p1a: Basculegion\n|faint|p1a: Basculegion\n|\n|win|the egg dude\n|raw|IceColdAcer's rating: 2052 &rarr; <strong>2030</strong><br />(-22 for losing)\n|raw|the egg dude's rating: 2023 &rarr; <strong>2045</strong><br />(+22 for winning)\n", "inputlog": ">version f8ac14003a5f27e1bdc8d8c59608a773c1cb96e5\n>start {\"formatid\":\"gen9randombattle\",\"seed\":\"sodium,a6952b9543609e169f74899e05cd2890\",\"rated\":\"Rated battle\"}\n>player p1 {\"name\":\"IceColdAcer\",\"avatar\":\"acetrainer\",\"rating\":2052,\"seed\":\"sodium,80acd21295dba38e4eb87f95033f36a3\"}\n>player p2 {\"name\":\"the egg dude\",\"avatar\":\"urbain\",\"rating\":2023,\"seed\":\"sodium,6db51865189712e224ab4e3dfb432e3a\"}\n>chat \u2606the egg dude|glhf\n>p1 move bulkup\n>p2 move partingshot\n>p2 switch 2\n>p1 switch 3\n>p2 move closecombat\n>p1 move hydropump\n>p2 move knockoff\n>p2 switch 4\n>p1 switch 5\n>p2 move knockoff\n>p1 move lunge\n>p2 switch 2\n>p1 switch 6\n>p2 move flareblitz\n>p1 move scald\n>p2 switch 5\n>p1 move scald\n>p2 move bodyslam\n>p1 move scald\n>p2 move bodyslam\n>p1 move scald\n>p2 move bodyslam\n>p1 move rest\n>p2 switch 2\n>p1 move sleeptalk\n>p2 move gigadrain\n>p1 move sleeptalk\n>p2 move knockoff\n>p1 switch 6\n>p2 move gigadrain\n>p1 move lunge\n>p2 switch 5\n>p1 switch 6\n>p2 move knockoff\n>p1 move rest\n>p2 move knockoff\n>p1 move sleeptalk\n>p2 switch 6\n>p1 move scald\n>p2 move stealthrock\n>p1 move scald\n>p2 switch 5\n>p1 move takeheart\n>p2 move gigadrain\n>p1 move rest\n>p2 move gigadrain\n>p1 move sleeptalk\n>p2 move gigadrain\n>p1 move sleeptalk\n>p2 move gigadrain\n>p1 move rest\n>p2 move gigadrain\n>p1 move sleeptalk\n>p2 move gigadrain\n>p1 move sleeptalk\n>p2 move gigadrain\n>p1 move scald\n>p2 move gigadrain\n>p1 switch 6\n>p1 move lunge\n>p2 move earthpower\n>p2 switch 6\n>p1 move lunge\n>p2 move knockoff\n>p1 move roost\n>p2 move flareblitz\n>p1 switch 5\n>p1 move flipturn\n>p2 switch 2\n>p1 switch 2\n>p2 switch 2\n>p1 move dragondance terastallize\n>p2 move knockoff\n>p1 move knockoff\n>p2 move closecombat\n>p2 switch 5\n>p1 move knockoff\n>p2 move psychoboost\n>p2 switch 3\n>p1 move stoneedge\n>p2 move calmmind terastallize\n>p1 move knockoff\n>p2 move gigadrain\n>p1 switch 3\n>p1 move drainpunch\n>p2 move calmmind\n>p1 move drainpunch\n>p2 move drainingkiss\n>p1 switch 4\n>p1 move stunspore\n>p2 move drainingkiss\n>p1 move woodhammer\n>p2 move drainingkiss\n>p1 switch 2\n>p1 move hydropump\n>p2 move gigadrain\n>chat \u2606the egg dude|gg\n>p1 move hydropump\n>p2 move gigadrain", "uploadtime": 1782837532, "views": 8, "formatid": "gen9randombattle", "rating": 2030, "private": 0, "password": null, "player_dets": [{"name": "IceColdAcer", "avatar": "acetrainer", "rating": 2052, "seed": "sodium,80acd21295dba38e4eb87f95033f36a3"}, {"name": "the egg dude", "avatar": "urbain", "rating": 2023, "seed": "sodium,6db51865189712e224ab4e3dfb432e3a"}], "teams_full": [{"Scrafty": {"name": "Scrafty", "species": "Scrafty", "speciesId": "scrafty", "gender": "M", "shiny": false, "level": 83, "moves": ["drainpunch", "knockoff", "bulkup", "rest"], "ability": "Shed Skin", "evs": {"hp": 85, "atk": 85, "def": 85, "spa": 85, "spd": 85, "spe": 85}, "ivs": {"hp": 31, "atk": 31, "def": 31, "spa": 31, "spd": 31, "spe": 31}, "item": "Leftovers", "teraType": "Poison", "role": "Bulky Setup", "bvs": {"hp": 65, "atk": 90, "def": 115, "spa": 45, "spd": 115, "spe": 58}, "stats": {"hp": 244, "atk": 197, "def": 239, "spa": 122, "spd": 239, "spe": 144}, "types": ["Dark", "Fighting"]}, "Tyranitar": {"name": "Tyranitar", "species": "Tyranitar", "speciesId": "tyranitar", "gender": "F", "shiny": false, "level": 78, "moves": ["dragondance", "knockoff", "stoneedge", "icepunch"], "ability": "Sand Stream", "evs": {"hp": 85, "atk": 85, "def": 85, "spa": 85, "spd": 85, "spe": 85}, "ivs": {"hp": 31, "atk": 31, "def": 31, "spa": 31, "spd": 31, "spe": 31}, "item": "Weakness Policy", "teraType": "Rock", "role": "Bulky Setup", "bvs": {"hp": 100, "atk": 134, "def": 110, "spa": 95, "spd": 100, "spe": 61}, "stats": {"hp": 284, "atk": 254, "def": 217, "spa": 193, "spd": 201, "spe": 140}, "types": ["Rock", "Dark"]}, "Basculegion": {"name": "Basculegion", "species": "Basculegion-F", "speciesId": "basculegionf", "gender": "F", "shiny": false, "level": 83, "moves": ["shadowball", "hydropump", "icebeam", "flipturn"], "ability": "Adaptability", "evs": {"hp": 85, "atk": 85, "def": 85, "spa": 85, "spd": 85, "spe": 85}, "ivs": {"hp": 31, "atk": 31, "def": 31, "spa": 31, "spd": 31, "spe": 31}, "item": "Choice Specs", "teraType": "Water", "role": "Wallbreaker", "bvs": {"hp": 120, "atk": 92, "def": 65, "spa": 100, "spd": 75, "spe": 78}, "stats": {"hp": 335, "atk": 200, "def": 156, "spa": 214, "spd": 172, "spe": 177}, "types": ["Water", "Ghost"]}, "Exeggutor": {"name": "Exeggutor", "species": "Exeggutor-Alola", "speciesId": "exeggutoralola", "gender": "M", "shiny": false, "level": 89, "moves": ["woodhammer", "stunspore", "flamethrower", "dracometeor"], "ability": "Harvest", "evs": {"hp": 85, "atk": 85, "def": 85, "spa": 85, "spd": 85, "spe": 85}, "ivs": {"hp": 31, "atk": 31, "def": 31, "spa": 31, "spd": 31, "spe": 31}, "item": "Sitrus Berry", "teraType": "Fire", "role": "Fast Attacker", "bvs": {"hp": 95, "atk": 105, "def": 85, "spa": 125, "spd": 75, "spe": 45}, "stats": {"hp": 314, "atk": 238, "def": 202, "spa": 273, "spd": 184, "spe": 131}, "types": ["Grass", "Dragon"]}, "Volbeat": {"name": "Volbeat", "species": "Volbeat", "speciesId": "volbeat", "gender": "M", "shiny": false, "level": 90, "moves": ["thunderwave", "lunge", "roost", "encore"], "ability": "Prankster", "evs": {"hp": 85, "atk": 85, "def": 85, "spa": 85, "spd": 85, "spe": 85}, "ivs": {"hp": 31, "atk": 31, "def": 31, "spa": 31, "spd": 31, "spe": 31}, "item": "Heavy-Duty Boots", "teraType": "Water", "role": "Bulky Attacker", "bvs": {"hp": 65, "atk": 73, "def": 75, "spa": 47, "spd": 85, "spe": 85}, "stats": {"hp": 263, "atk": 183, "def": 186, "spa": 136, "spd": 204, "spe": 204}, "types": ["Bug"]}, "Phione": {"name": "Phione", "species": "Phione", "speciesId": "phione", "gender": "N", "shiny": false, "level": 91, "moves": ["scald", "rest", "takeheart", "sleeptalk"], "ability": "Hydration", "evs": {"hp": 85, "atk": 0, "def": 85, "spa": 85, "spd": 85, "spe": 85}, "ivs": {"hp": 31, "atk": 0, "def": 31, "spa": 31, "spd": 31, "spe": 31}, "item": "Leftovers", "teraType": "Steel", "role": "Bulky Setup", "bvs": {"hp": 80, "atk": 80, "def": 80, "spa": 80, "spd": 80, "spe": 80}, "stats": {"hp": 293, "atk": 150, "def": 197, "spa": 197, "spd": 197, "spe": 197}, "types": ["Water"]}}, {"Incineroar": {"name": "Incineroar", "species": "Incineroar", "speciesId": "incineroar", "gender": "F", "shiny": false, "level": 82, "moves": ["partingshot", "knockoff", "flareblitz", "closecombat"], "ability": "Intimidate", "evs": {"hp": 85, "atk": 85, "def": 85, "spa": 85, "spd": 85, "spe": 85}, "ivs": {"hp": 31, "atk": 31, "def": 31, "spa": 31, "spd": 31, "spe": 31}, "item": "Heavy-Duty Boots", "teraType": "Fighting", "role": "Fast Attacker", "bvs": {"hp": 95, "atk": 115, "def": 90, "spa": 80, "spd": 90, "spe": 60}, "stats": {"hp": 290, "atk": 236, "def": 195, "spa": 178, "spd": 195, "spe": 146}, "types": ["Fire", "Dark"]}, "Conkeldurr": {"name": "Conkeldurr", "species": "Conkeldurr", "speciesId": "conkeldurr", "gender": "F", "shiny": false, "level": 80, "moves": ["knockoff", "closecombat", "facade", "machpunch"], "ability": "Guts", "evs": {"hp": 85, "atk": 85, "def": 85, "spa": 85, "spd": 85, "spe": 85}, "ivs": {"hp": 31, "atk": 31, "def": 31, "spa": 31, "spd": 31, "spe": 31}, "item": "Flame Orb", "teraType": "Normal", "role": "Wallbreaker", "bvs": {"hp": 105, "atk": 140, "def": 95, "spa": 55, "spd": 65, "spe": 45}, "stats": {"hp": 299, "atk": 270, "def": 198, "spa": 134, "spd": 150, "spe": 118}, "types": ["Fighting"]}, "Comfey": {"name": "Comfey", "species": "Comfey", "speciesId": "comfey", "gender": "M", "shiny": false, "level": 85, "moves": ["storedpower", "calmmind", "gigadrain", "drainingkiss"], "ability": "Triage", "evs": {"hp": 85, "atk": 0, "def": 85, "spa": 85, "spd": 85, "spe": 85}, "ivs": {"hp": 31, "atk": 0, "def": 31, "spa": 31, "spd": 31, "spe": 31}, "item": "Leftovers", "teraType": "Steel", "role": "Bulky Setup", "bvs": {"hp": 51, "atk": 52, "def": 90, "spa": 82, "spd": 110, "spe": 100}, "stats": {"hp": 225, "atk": 93, "def": 202, "spa": 188, "spd": 236, "spe": 219}, "types": ["Fairy"]}, "Toedscruel": {"name": "Toedscruel", "species": "Toedscruel", "speciesId": "toedscruel", "gender": "F", "shiny": false, "level": 87, "moves": ["knockoff", "earthpower", "gigadrain", "rapidspin"], "ability": "Mycelium Might", "evs": {"hp": 85, "atk": 85, "def": 85, "spa": 85, "spd": 85, "spe": 85}, "ivs": {"hp": 31, "atk": 31, "def": 31, "spa": 31, "spd": 31, "spe": 31}, "item": "Assault Vest", "teraType": "Water", "role": "Bulky Support", "bvs": {"hp": 80, "atk": 70, "def": 65, "spa": 80, "spd": 120, "spe": 100}, "stats": {"hp": 281, "atk": 172, "def": 163, "spa": 189, "spd": 259, "spe": 224}, "types": ["Ground", "Grass"]}, "Wyrdeer": {"name": "Wyrdeer", "species": "Wyrdeer", "speciesId": "wyrdeer", "gender": "F", "shiny": false, "level": 87, "moves": ["psychicnoise", "megahorn", "bodyslam", "earthquake"], "ability": "Intimidate", "evs": {"hp": 85, "atk": 85, "def": 85, "spa": 85, "spd": 85, "spe": 85}, "ivs": {"hp": 31, "atk": 31, "def": 31, "spa": 31, "spd": 31, "spe": 31}, "item": "Assault Vest", "teraType": "Ground", "role": "Bulky Attacker", "bvs": {"hp": 103, "atk": 105, "def": 72, "spa": 105, "spd": 75, "spe": 65}, "stats": {"hp": 321, "atk": 232, "def": 175, "spa": 232, "spd": 180, "spe": 163}, "types": ["Normal", "Psychic"]}, "Deoxys": {"name": "Deoxys", "species": "Deoxys-Speed", "speciesId": "deoxysspeed", "gender": "N", "shiny": false, "level": 82, "moves": ["knockoff", "taunt", "stealthrock", "psychoboost"], "ability": "Pressure", "evs": {"hp": 85, "atk": 85, "def": 85, "spa": 85, "spd": 85, "spe": 85}, "ivs": {"hp": 31, "atk": 31, "def": 31, "spa": 31, "spd": 31, "spe": 31}, "item": "Leftovers", "teraType": "Steel", "role": "Fast Support", "bvs": {"hp": 50, "atk": 95, "def": 90, "spa": 95, "spd": 90, "spe": 180}, "stats": {"hp": 216, "atk": 203, "def": 195, "spa": 203, "spd": 195, "spe": 342}, "types": ["Psychic"]}}]}