{"id": "gen9randombattle-2642084619", "format": "[Gen 9] Random Battle", "players": ["monkeyddoffy", "gnostechnician"], "log": "|j|\u2606monkeyddoffy\n|j|\u2606gnostechnician\n|t:|1782886509\n|gametype|singles\n|player|p1|monkeyddoffy|265|1948\n|player|p2|gnostechnician|burglar-gen1rb|2020\n|gen|9\n|tier|[Gen 9] Random Battle\n|rated|\n|rule|Species Clause: Limit one of each Pok\u00e9mon\n|rule|HP Percentage Mod: HP is shown in percentages\n|rule|Sleep Clause Mod: Limit one foe put to sleep\n|rule|Illusion Level Mod: Illusion disguises the Pok\u00e9mon's true level\n|\n|t:|1782886509\n|teamsize|p1|6\n|teamsize|p2|6\n|start\n|switch|p1a: Lucario|Lucario, L84, F|255/255\n|switch|p2a: Medicham|Medicham, L86, M|243/243\n|turn|1\n|\n|t:|1782886533\n|move|p2a: Medicham|Close Combat|p1a: Lucario\n|-supereffective|p1a: Lucario\n|-damage|p1a: Lucario|0 fnt\n|-unboost|p2a: Medicham|def|1\n|-unboost|p2a: Medicham|spd|1\n|faint|p1a: Lucario\n|\n|upkeep\n|\n|t:|1782886540\n|switch|p1a: Ribombee|Ribombee, L83, F|235/235\n|turn|2\n|\n|t:|1782886556\n|switch|p2a: Toxapex|Toxapex, L82, M|216/216\n|move|p1a: Ribombee|Stun Spore|p2a: Toxapex\n|-status|p2a: Toxapex|par\n|\n|upkeep\n|turn|3\n|\n|t:|1782886566\n|move|p1a: Ribombee|Sticky Web|p2a: Toxapex\n|-sidestart|p2: gnostechnician|move: Sticky Web\n|move|p2a: Toxapex|Toxic Spikes|p1a: Ribombee\n|-sidestart|p1: monkeyddoffy|move: Toxic Spikes\n|\n|upkeep\n|turn|4\n|\n|t:|1782886580\n|switch|p1a: Morpeko|Morpeko, L88, F|245/245\n|move|p2a: Toxapex|Toxic Spikes|p1a: Morpeko\n|-sidestart|p1: monkeyddoffy|move: Toxic Spikes\n|\n|-formechange|p1a: Morpeko|Morpeko-Hangry||[from] ability: Hunger Switch\n|upkeep\n|turn|5\n|\n|t:|1782886593\n|move|p1a: Morpeko|Aura Wheel|p2a: Toxapex\n|-damage|p2a: Toxapex|126/216 par\n|-boost|p1a: Morpeko|spe|1\n|cant|p2a: Toxapex|par\n|\n|-formechange|p1a: Morpeko|Morpeko||[from] ability: Hunger Switch\n|upkeep\n|turn|6\n|\n|t:|1782886608\n|switch|p2a: Zarude|Zarude, L77|288/288\n|-activate|p2a: Zarude|move: Sticky Web\n|-unboost|p2a: Zarude|spe|1\n|move|p1a: Morpeko|Rapid Spin|p2a: Zarude\n|-crit|p2a: Zarude\n|-damage|p2a: Zarude|234/288\n|-boost|p1a: Morpeko|spe|1\n|-sideend|p1: monkeyddoffy|Toxic Spikes|[from] move: Rapid Spin|[of] p1a: Morpeko\n|\n|-formechange|p1a: Morpeko|Morpeko-Hangry||[from] ability: Hunger Switch\n|upkeep\n|turn|7\n|\n|t:|1782886628\n|move|p1a: Morpeko|Parting Shot|p2a: Zarude\n|-unboost|p2a: Zarude|atk|1\n|-unboost|p2a: Zarude|spa|1\n|\n|t:|1782886630\n|switch|p1a: Ribombee|Ribombee, L83, F|235/235|[from] Parting Shot\n|move|p2a: Zarude|Power Whip|p1a: Ribombee\n|-resisted|p1a: Ribombee\n|-damage|p1a: Ribombee|161/235\n|-damage|p2a: Zarude|206/288|[from] item: Life Orb\n|\n|upkeep\n|turn|8\n|\n|t:|1782886645\n|switch|p2a: Toxapex|Toxapex, L82, M|198/216 par\n|-activate|p2a: Toxapex|move: Sticky Web\n|-unboost|p2a: Toxapex|spe|1\n|move|p1a: Ribombee|U-turn|p2a: Toxapex\n|-resisted|p2a: Toxapex\n|-damage|p2a: Toxapex|180/216 par\n|-damage|p1a: Ribombee|122/235|[from] item: Rocky Helmet|[of] p2a: Toxapex\n|\n|t:|1782886653\n|switch|p1a: Whiscash|Whiscash, L88, M|337/337|[from] U-turn\n|\n|upkeep\n|turn|9\n|\n|t:|1782886663\n|switch|p2a: Zarude|Zarude, L77|206/288\n|-activate|p2a: Zarude|move: Sticky Web\n|-unboost|p2a: Zarude|spe|1\n|move|p1a: Whiscash|Stealth Rock|p2a: Zarude\n|-sidestart|p2: gnostechnician|move: Stealth Rock\n|\n|upkeep\n|turn|10\n|\n|t:|1782886680\n|move|p1a: Whiscash|Ice Beam|p2a: Zarude\n|-supereffective|p2a: Zarude\n|-damage|p2a: Zarude|94/288\n|move|p2a: Zarude|Power Whip|p1a: Whiscash|[miss]\n|-miss|p2a: Zarude|p1a: Whiscash\n|\n|upkeep\n|turn|11\n|\n|t:|1782886694\n|move|p1a: Whiscash|Ice Beam|p2a: Zarude\n|-supereffective|p2a: Zarude\n|-damage|p2a: Zarude|0 fnt\n|faint|p2a: Zarude\n|\n|upkeep\n|inactive|Battle timer is ON: inactive players will automatically lose when time's up. (requested by monkeyddoffy)\n|inactive|gnostechnician has 120 seconds left.\n|\n|t:|1782886742\n|switch|p2a: Zangoose|Zangoose, L85, M|263/263\n|-activate|p2a: Zangoose|move: Sticky Web\n|-unboost|p2a: Zangoose|spe|1\n|-damage|p2a: Zangoose|231/263|[from] Stealth Rock\n|turn|12\n|\n|t:|1782886768\n|switch|p2a: Chimecho|Chimecho, L93, F|290/290\n|-damage|p2a: Chimecho|254/290|[from] Stealth Rock\n|move|p1a: Whiscash|Earthquake|p2a: Chimecho\n|-immune|p2a: Chimecho|[from] ability: Levitate\n|\n|-heal|p2a: Chimecho|272/290|[from] item: Leftovers\n|upkeep\n|turn|13\n|\n|t:|1782886779\n|switch|p1a: Morpeko|Morpeko, L88, F|245/245\n|move|p2a: Chimecho|Calm Mind|p2a: Chimecho\n|-boost|p2a: Chimecho|spa|1\n|-boost|p2a: Chimecho|spd|1\n|\n|-heal|p2a: Chimecho|290/290|[from] item: Leftovers\n|-formechange|p1a: Morpeko|Morpeko-Hangry||[from] ability: Hunger Switch\n|upkeep\n|turn|14\n|\n|t:|1782886791\n|-terastallize|p2a: Chimecho|Poison\n|move|p1a: Morpeko|Aura Wheel|p2a: Chimecho\n|-damage|p2a: Chimecho|157/290\n|-boost|p1a: Morpeko|spe|1\n|move|p2a: Chimecho|Dazzling Gleam|p1a: Morpeko\n|-supereffective|p1a: Morpeko\n|-damage|p1a: Morpeko|0 fnt\n|faint|p1a: Morpeko\n|\n|-heal|p2a: Chimecho|175/290|[from] item: Leftovers\n|upkeep\n|\n|t:|1782886803\n|switch|p1a: Cryogonal|Cryogonal, L89|287/287\n|turn|15\n|\n|t:|1782886811\n|move|p1a: Cryogonal|Freeze-Dry|p2a: Chimecho\n|-damage|p2a: Chimecho|129/290\n|move|p2a: Chimecho|Calm Mind|p2a: Chimecho\n|-boost|p2a: Chimecho|spa|1\n|-boost|p2a: Chimecho|spd|1\n|\n|-heal|p2a: Chimecho|147/290|[from] item: Leftovers\n|upkeep\n|turn|16\n|\n|t:|1782886816\n|move|p1a: Cryogonal|Haze|p1a: Cryogonal\n|-clearallboost\n|move|p2a: Chimecho|Recover|p2a: Chimecho\n|-heal|p2a: Chimecho|290/290\n|\n|upkeep\n|turn|17\n|\n|t:|1782886821\n|move|p1a: Cryogonal|Freeze-Dry|p2a: Chimecho\n|-damage|p2a: Chimecho|217/290\n|move|p2a: Chimecho|Psychic Noise|p1a: Cryogonal\n|-damage|p1a: Cryogonal|217/287\n|-start|p1a: Cryogonal|move: Heal Block\n|\n|-heal|p2a: Chimecho|235/290|[from] item: Leftovers\n|upkeep\n|turn|18\n|\n|t:|1782886826\n|move|p1a: Cryogonal|Freeze-Dry|p2a: Chimecho\n|-damage|p2a: Chimecho|165/290\n|move|p2a: Chimecho|Psychic Noise|p1a: Cryogonal\n|-damage|p1a: Cryogonal|151/287\n|\n|-heal|p2a: Chimecho|183/290|[from] item: Leftovers\n|-end|p1a: Cryogonal|move: Heal Block\n|upkeep\n|turn|19\n|\n|t:|1782886831\n|move|p1a: Cryogonal|Freeze-Dry|p2a: Chimecho\n|-damage|p2a: Chimecho|116/290\n|move|p2a: Chimecho|Recover|p2a: Chimecho\n|-heal|p2a: Chimecho|261/290\n|\n|-heal|p2a: Chimecho|279/290|[from] item: Leftovers\n|upkeep\n|turn|20\n|\n|t:|1782886837\n|move|p1a: Cryogonal|Recover|p1a: Cryogonal\n|-heal|p1a: Cryogonal|287/287\n|move|p2a: Chimecho|Psychic Noise|p1a: Cryogonal\n|-damage|p1a: Cryogonal|215/287\n|-start|p1a: Cryogonal|move: Heal Block\n|\n|-heal|p2a: Chimecho|290/290|[from] item: Leftovers\n|upkeep\n|turn|21\n|\n|t:|1782886845\n|switch|p1a: Ribombee|Ribombee, L83, F|122/235\n|move|p2a: Chimecho|Calm Mind|p2a: Chimecho\n|-boost|p2a: Chimecho|spa|1\n|-boost|p2a: Chimecho|spd|1\n|\n|upkeep\n|turn|22\n|\n|t:|1782886851\n|move|p1a: Ribombee|Stun Spore|p2a: Chimecho\n|-status|p2a: Chimecho|par\n|move|p2a: Chimecho|Psychic Noise|p1a: Ribombee\n|-damage|p1a: Ribombee|0 fnt\n|faint|p1a: Ribombee\n|\n|upkeep\n|\n|t:|1782886863\n|switch|p1a: Cryogonal|Cryogonal, L89|215/287\n|turn|23\n|\n|t:|1782886876\n|move|p1a: Cryogonal|Haze|p1a: Cryogonal\n|-clearallboost\n|move|p2a: Chimecho|Psychic Noise|p1a: Cryogonal\n|-damage|p1a: Cryogonal|145/287\n|-start|p1a: Cryogonal|move: Heal Block\n|\n|upkeep\n|turn|24\n|\n|t:|1782886881\n|move|p1a: Cryogonal|Flash Cannon|p2a: Chimecho\n|-damage|p2a: Chimecho|236/290 par\n|cant|p2a: Chimecho|par\n|\n|-heal|p2a: Chimecho|254/290 par|[from] item: Leftovers\n|-end|p1a: Cryogonal|move: Heal Block\n|upkeep\n|turn|25\n|\n|t:|1782886887\n|move|p1a: Cryogonal|Recover|p1a: Cryogonal\n|-heal|p1a: Cryogonal|287/287\n|move|p2a: Chimecho|Calm Mind|p2a: Chimecho\n|-boost|p2a: Chimecho|spa|1\n|-boost|p2a: Chimecho|spd|1\n|\n|-heal|p2a: Chimecho|272/290 par|[from] item: Leftovers\n|upkeep\n|turn|26\n|\n|t:|1782886894\n|move|p1a: Cryogonal|Haze|p1a: Cryogonal\n|-clearallboost\n|move|p2a: Chimecho|Psychic Noise|p1a: Cryogonal\n|-damage|p1a: Cryogonal|223/287\n|-start|p1a: Cryogonal|move: Heal Block\n|\n|-heal|p2a: Chimecho|290/290 par|[from] item: Leftovers\n|upkeep\n|turn|27\n|\n|t:|1782886899\n|move|p1a: Cryogonal|Flash Cannon|p2a: Chimecho\n|-damage|p2a: Chimecho|231/290 par\n|move|p2a: Chimecho|Psychic Noise|p1a: Cryogonal\n|-damage|p1a: Cryogonal|162/287\n|\n|-heal|p2a: Chimecho|249/290 par|[from] item: Leftovers\n|-end|p1a: Cryogonal|move: Heal Block\n|upkeep\n|turn|28\n|\n|t:|1782886904\n|move|p1a: Cryogonal|Freeze-Dry|p2a: Chimecho\n|-damage|p2a: Chimecho|170/290 par\n|cant|p2a: Chimecho|par\n|\n|-heal|p2a: Chimecho|188/290 par|[from] item: Leftovers\n|upkeep\n|turn|29\n|\n|t:|1782886909\n|move|p1a: Cryogonal|Flash Cannon|p2a: Chimecho\n|-damage|p2a: Chimecho|134/290 par\n|move|p2a: Chimecho|Recover|p2a: Chimecho\n|-heal|p2a: Chimecho|279/290 par\n|\n|-heal|p2a: Chimecho|290/290 par|[from] item: Leftovers\n|upkeep\n|turn|30\n|\n|t:|1782886913\n|move|p1a: Cryogonal|Flash Cannon|p2a: Chimecho\n|-damage|p2a: Chimecho|237/290 par\n|move|p2a: Chimecho|Calm Mind|p2a: Chimecho\n|-boost|p2a: Chimecho|spa|1\n|-boost|p2a: Chimecho|spd|1\n|\n|-heal|p2a: Chimecho|255/290 par|[from] item: Leftovers\n|upkeep\n|turn|31\n|\n|t:|1782886917\n|move|p1a: Cryogonal|Haze|p1a: Cryogonal\n|-clearallboost\n|cant|p2a: Chimecho|par\n|\n|-heal|p2a: Chimecho|273/290 par|[from] item: Leftovers\n|upkeep\n|turn|32\n|\n|t:|1782886920\n|move|p1a: Cryogonal|Flash Cannon|p2a: Chimecho\n|-damage|p2a: Chimecho|216/290 par\n|move|p2a: Chimecho|Calm Mind|p2a: Chimecho\n|-boost|p2a: Chimecho|spa|1\n|-boost|p2a: Chimecho|spd|1\n|\n|-heal|p2a: Chimecho|234/290 par|[from] item: Leftovers\n|upkeep\n|turn|33\n|\n|t:|1782886925\n|move|p1a: Cryogonal|Haze|p1a: Cryogonal\n|-clearallboost\n|move|p2a: Chimecho|Psychic Noise|p1a: Cryogonal\n|-damage|p1a: Cryogonal|101/287\n|-start|p1a: Cryogonal|move: Heal Block\n|\n|-heal|p2a: Chimecho|252/290 par|[from] item: Leftovers\n|upkeep\n|turn|34\n|\n|t:|1782886929\n|move|p1a: Cryogonal|Flash Cannon|p2a: Chimecho\n|-damage|p2a: Chimecho|196/290 par\n|move|p2a: Chimecho|Calm Mind|p2a: Chimecho\n|-boost|p2a: Chimecho|spa|1\n|-boost|p2a: Chimecho|spd|1\n|\n|-heal|p2a: Chimecho|214/290 par|[from] item: Leftovers\n|-end|p1a: Cryogonal|move: Heal Block\n|upkeep\n|turn|35\n|\n|t:|1782886933\n|move|p1a: Cryogonal|Recover|p1a: Cryogonal\n|-heal|p1a: Cryogonal|245/287\n|move|p2a: Chimecho|Psychic Noise|p1a: Cryogonal\n|-crit|p1a: Cryogonal\n|-damage|p1a: Cryogonal|109/287\n|-start|p1a: Cryogonal|move: Heal Block\n|\n|-heal|p2a: Chimecho|232/290 par|[from] item: Leftovers\n|upkeep\n|turn|36\n|\n|t:|1782886938\n|move|p1a: Cryogonal|Haze|p1a: Cryogonal\n|-clearallboost\n|cant|p2a: Chimecho|par\n|\n|-heal|p2a: Chimecho|250/290 par|[from] item: Leftovers\n|-end|p1a: Cryogonal|move: Heal Block\n|upkeep\n|turn|37\n|\n|t:|1782886946\n|move|p1a: Cryogonal|Recover|p1a: Cryogonal\n|-heal|p1a: Cryogonal|253/287\n|move|p2a: Chimecho|Calm Mind|p2a: Chimecho\n|-boost|p2a: Chimecho|spa|1\n|-boost|p2a: Chimecho|spd|1\n|\n|-heal|p2a: Chimecho|268/290 par|[from] item: Leftovers\n|upkeep\n|turn|38\n|\n|t:|1782886951\n|move|p1a: Cryogonal|Haze|p1a: Cryogonal\n|-clearallboost\n|move|p2a: Chimecho|Dazzling Gleam|p1a: Cryogonal\n|-damage|p1a: Cryogonal|210/287\n|\n|-heal|p2a: Chimecho|286/290 par|[from] item: Leftovers\n|upkeep\n|turn|39\n|\n|t:|1782886956\n|move|p1a: Cryogonal|Flash Cannon|p2a: Chimecho\n|-damage|p2a: Chimecho|225/290 par\n|-unboost|p2a: Chimecho|spd|1\n|move|p2a: Chimecho|Calm Mind|p2a: Chimecho\n|-boost|p2a: Chimecho|spa|1\n|-boost|p2a: Chimecho|spd|1\n|\n|-heal|p2a: Chimecho|243/290 par|[from] item: Leftovers\n|upkeep\n|turn|40\n|\n|t:|1782886966\n|move|p1a: Cryogonal|Freeze-Dry|p2a: Chimecho\n|-damage|p2a: Chimecho|176/290 par\n|move|p2a: Chimecho|Dazzling Gleam|p1a: Cryogonal\n|-damage|p1a: Cryogonal|138/287\n|\n|-heal|p2a: Chimecho|194/290 par|[from] item: Leftovers\n|upkeep\n|turn|41\n|\n|t:|1782886972\n|move|p1a: Cryogonal|Recover|p1a: Cryogonal\n|-heal|p1a: Cryogonal|282/287\n|cant|p2a: Chimecho|par\n|\n|-heal|p2a: Chimecho|212/290 par|[from] item: Leftovers\n|upkeep\n|turn|42\n|\n|t:|1782886976\n|move|p1a: Cryogonal|Freeze-Dry|p2a: Chimecho\n|-damage|p2a: Chimecho|145/290 par\n|cant|p2a: Chimecho|par\n|\n|-heal|p2a: Chimecho|163/290 par|[from] item: Leftovers\n|upkeep\n|turn|43\n|\n|t:|1782886980\n|move|p1a: Cryogonal|Freeze-Dry|p2a: Chimecho\n|-damage|p2a: Chimecho|85/290 par\n|move|p2a: Chimecho|Calm Mind|p2a: Chimecho\n|-boost|p2a: Chimecho|spa|1\n|-boost|p2a: Chimecho|spd|1\n|\n|-heal|p2a: Chimecho|103/290 par|[from] item: Leftovers\n|upkeep\n|turn|44\n|\n|t:|1782886985\n|move|p1a: Cryogonal|Haze|p1a: Cryogonal\n|-clearallboost\n|move|p2a: Chimecho|Recover|p2a: Chimecho\n|-heal|p2a: Chimecho|248/290 par\n|\n|-heal|p2a: Chimecho|266/290 par|[from] item: Leftovers\n|upkeep\n|turn|45\n|\n|t:|1782886989\n|move|p1a: Cryogonal|Freeze-Dry|p2a: Chimecho\n|-damage|p2a: Chimecho|197/290 par\n|move|p2a: Chimecho|Dazzling Gleam|p1a: Cryogonal\n|-damage|p1a: Cryogonal|238/287\n|\n|-heal|p2a: Chimecho|215/290 par|[from] item: Leftovers\n|upkeep\n|turn|46\n|\n|t:|1782886994\n|move|p1a: Cryogonal|Freeze-Dry|p2a: Chimecho\n|-damage|p2a: Chimecho|145/290 par\n|move|p2a: Chimecho|Calm Mind|p2a: Chimecho\n|-boost|p2a: Chimecho|spa|1\n|-boost|p2a: Chimecho|spd|1\n|\n|-heal|p2a: Chimecho|163/290 par|[from] item: Leftovers\n|upkeep\n|turn|47\n|\n|t:|1782886998\n|move|p1a: Cryogonal|Haze|p1a: Cryogonal\n|-clearallboost\n|move|p2a: Chimecho|Dazzling Gleam|p1a: Cryogonal\n|-damage|p1a: Cryogonal|190/287\n|\n|-heal|p2a: Chimecho|181/290 par|[from] item: Leftovers\n|upkeep\n|turn|48\n|\n|t:|1782887003\n|move|p1a: Cryogonal|Freeze-Dry|p2a: Chimecho\n|-damage|p2a: Chimecho|105/290 par\n|move|p2a: Chimecho|Calm Mind|p2a: Chimecho\n|-boost|p2a: Chimecho|spa|1\n|-boost|p2a: Chimecho|spd|1\n|\n|-heal|p2a: Chimecho|123/290 par|[from] item: Leftovers\n|upkeep\n|turn|49\n|\n|t:|1782887007\n|move|p1a: Cryogonal|Haze|p1a: Cryogonal\n|-clearallboost\n|move|p2a: Chimecho|Calm Mind|p2a: Chimecho\n|-boost|p2a: Chimecho|spa|1\n|-boost|p2a: Chimecho|spd|1\n|\n|-heal|p2a: Chimecho|141/290 par|[from] item: Leftovers\n|upkeep\n|turn|50\n|\n|t:|1782887014\n|move|p1a: Cryogonal|Haze|p1a: Cryogonal\n|-clearallboost\n|move|p2a: Chimecho|Dazzling Gleam|p1a: Cryogonal\n|-damage|p1a: Cryogonal|145/287\n|\n|-heal|p2a: Chimecho|159/290 par|[from] item: Leftovers\n|upkeep\n|turn|51\n|\n|t:|1782887017\n|move|p1a: Cryogonal|Freeze-Dry|p2a: Chimecho\n|-damage|p2a: Chimecho|90/290 par\n|cant|p2a: Chimecho|par\n|\n|-heal|p2a: Chimecho|108/290 par|[from] item: Leftovers\n|upkeep\n|turn|52\n|\n|t:|1782887022\n|move|p1a: Cryogonal|Freeze-Dry|p2a: Chimecho\n|-damage|p2a: Chimecho|38/290 par\n|move|p2a: Chimecho|Recover|p2a: Chimecho\n|-heal|p2a: Chimecho|183/290 par\n|\n|-heal|p2a: Chimecho|201/290 par|[from] item: Leftovers\n|upkeep\n|turn|53\n|\n|t:|1782887027\n|move|p1a: Cryogonal|Recover|p1a: Cryogonal\n|-heal|p1a: Cryogonal|287/287\n|move|p2a: Chimecho|Calm Mind|p2a: Chimecho\n|-boost|p2a: Chimecho|spa|1\n|-boost|p2a: Chimecho|spd|1\n|\n|-heal|p2a: Chimecho|219/290 par|[from] item: Leftovers\n|upkeep\n|turn|54\n|\n|t:|1782887035\n|move|p1a: Cryogonal|Haze|p1a: Cryogonal\n|-clearallboost\n|move|p2a: Chimecho|Dazzling Gleam|p1a: Cryogonal\n|-damage|p1a: Cryogonal|244/287\n|\n|-heal|p2a: Chimecho|237/290 par|[from] item: Leftovers\n|upkeep\n|turn|55\n|\n|t:|1782887042\n|move|p1a: Cryogonal|Freeze-Dry|p2a: Chimecho\n|-damage|p2a: Chimecho|159/290 par\n|move|p2a: Chimecho|Calm Mind|p2a: Chimecho\n|-boost|p2a: Chimecho|spa|1\n|-boost|p2a: Chimecho|spd|1\n|\n|-heal|p2a: Chimecho|177/290 par|[from] item: Leftovers\n|upkeep\n|turn|56\n|\n|t:|1782887048\n|move|p1a: Cryogonal|Haze|p1a: Cryogonal\n|-clearallboost\n|cant|p2a: Chimecho|par\n|\n|-heal|p2a: Chimecho|195/290 par|[from] item: Leftovers\n|upkeep\n|turn|57\n|\n|t:|1782887051\n|move|p1a: Cryogonal|Freeze-Dry|p2a: Chimecho\n|-damage|p2a: Chimecho|119/290 par\n|cant|p2a: Chimecho|par\n|\n|-heal|p2a: Chimecho|137/290 par|[from] item: Leftovers\n|upkeep\n|turn|58\n|\n|t:|1782887057\n|move|p1a: Cryogonal|Freeze-Dry|p2a: Chimecho\n|-damage|p2a: Chimecho|68/290 par\n|move|p2a: Chimecho|Recover|p2a: Chimecho\n|-heal|p2a: Chimecho|213/290 par\n|\n|-heal|p2a: Chimecho|231/290 par|[from] item: Leftovers\n|upkeep\n|turn|59\n|\n|t:|1782887062\n|move|p1a: Cryogonal|Freeze-Dry|p2a: Chimecho\n|-damage|p2a: Chimecho|161/290 par\n|move|p2a: Chimecho|Calm Mind|p2a: Chimecho\n|-boost|p2a: Chimecho|spa|1\n|-boost|p2a: Chimecho|spd|1\n|\n|-heal|p2a: Chimecho|179/290 par|[from] item: Leftovers\n|upkeep\n|turn|60\n|\n|t:|1782887068\n|move|p1a: Cryogonal|Haze|p1a: Cryogonal\n|-clearallboost\n|move|p2a: Chimecho|Psychic Noise|p1a: Cryogonal\n|-damage|p1a: Cryogonal|177/287\n|-start|p1a: Cryogonal|move: Heal Block\n|\n|-heal|p2a: Chimecho|197/290 par|[from] item: Leftovers\n|upkeep\n|turn|61\n|\n|t:|1782887073\n|move|p1a: Cryogonal|Freeze-Dry|p2a: Chimecho\n|-damage|p2a: Chimecho|121/290 par\n|move|p2a: Chimecho|Calm Mind|p2a: Chimecho\n|-boost|p2a: Chimecho|spa|1\n|-boost|p2a: Chimecho|spd|1\n|\n|-heal|p2a: Chimecho|139/290 par|[from] item: Leftovers\n|-end|p1a: Cryogonal|move: Heal Block\n|upkeep\n|turn|62\n|\n|t:|1782887080\n|move|p1a: Cryogonal|Haze|p1a: Cryogonal\n|-clearallboost\n|move|p2a: Chimecho|Calm Mind|p2a: Chimecho\n|-boost|p2a: Chimecho|spa|1\n|-boost|p2a: Chimecho|spd|1\n|\n|-heal|p2a: Chimecho|157/290 par|[from] item: Leftovers\n|upkeep\n|turn|63\n|\n|t:|1782887083\n|move|p1a: Cryogonal|Haze|p1a: Cryogonal\n|-clearallboost\n|move|p2a: Chimecho|Calm Mind|p2a: Chimecho\n|-boost|p2a: Chimecho|spa|1\n|-boost|p2a: Chimecho|spd|1\n|\n|-heal|p2a: Chimecho|175/290 par|[from] item: Leftovers\n|upkeep\n|turn|64\n|\n|t:|1782887089\n|move|p1a: Cryogonal|Haze|p1a: Cryogonal\n|-clearallboost\n|cant|p2a: Chimecho|par\n|\n|-heal|p2a: Chimecho|193/290 par|[from] item: Leftovers\n|upkeep\n|turn|65\n|\n|t:|1782887092\n|move|p1a: Cryogonal|Freeze-Dry|p2a: Chimecho\n|-damage|p2a: Chimecho|114/290 par\n|move|p2a: Chimecho|Calm Mind|p2a: Chimecho\n|-boost|p2a: Chimecho|spa|1\n|-boost|p2a: Chimecho|spd|1\n|\n|-heal|p2a: Chimecho|132/290 par|[from] item: Leftovers\n|upkeep\n|turn|66\n|\n|t:|1782887096\n|move|p1a: Cryogonal|Haze|p1a: Cryogonal\n|-clearallboost\n|move|p2a: Chimecho|Psychic Noise|p1a: Cryogonal\n|-damage|p1a: Cryogonal|113/287\n|-start|p1a: Cryogonal|move: Heal Block\n|\n|-heal|p2a: Chimecho|150/290 par|[from] item: Leftovers\n|upkeep\n|turn|67\n|\n|t:|1782887099\n|move|p1a: Cryogonal|Freeze-Dry|p2a: Chimecho\n|-damage|p2a: Chimecho|81/290 par\n|cant|p2a: Chimecho|par\n|\n|-heal|p2a: Chimecho|99/290 par|[from] item: Leftovers\n|-end|p1a: Cryogonal|move: Heal Block\n|upkeep\n|turn|68\n|\n|t:|1782887103\n|move|p1a: Cryogonal|Freeze-Dry|p2a: Chimecho\n|-damage|p2a: Chimecho|21/290 par\n|move|p2a: Chimecho|Recover|p2a: Chimecho\n|-heal|p2a: Chimecho|166/290 par\n|\n|-heal|p2a: Chimecho|184/290 par|[from] item: Leftovers\n|upkeep\n|turn|69\n|\n|t:|1782887109\n|move|p1a: Cryogonal|Freeze-Dry|p2a: Chimecho\n|-damage|p2a: Chimecho|117/290 par\n|cant|p2a: Chimecho|par\n|\n|-heal|p2a: Chimecho|135/290 par|[from] item: Leftovers\n|upkeep\n|turn|70\n|\n|t:|1782887113\n|move|p1a: Cryogonal|Freeze-Dry|p2a: Chimecho\n|-damage|p2a: Chimecho|60/290 par\n|move|p2a: Chimecho|Recover|p2a: Chimecho\n|-heal|p2a: Chimecho|205/290 par\n|\n|-heal|p2a: Chimecho|223/290 par|[from] item: Leftovers\n|upkeep\n|turn|71\n|\n|t:|1782887117\n|move|p1a: Cryogonal|Recover|p1a: Cryogonal\n|-heal|p1a: Cryogonal|257/287\n|cant|p2a: Chimecho|par\n|\n|-heal|p2a: Chimecho|241/290 par|[from] item: Leftovers\n|upkeep\n|turn|72\n|\n|t:|1782887127\n|move|p1a: Cryogonal|Freeze-Dry|p2a: Chimecho\n|-damage|p2a: Chimecho|174/290 par\n|move|p2a: Chimecho|Calm Mind|p2a: Chimecho\n|-boost|p2a: Chimecho|spa|1\n|-boost|p2a: Chimecho|spd|1\n|\n|-heal|p2a: Chimecho|192/290 par|[from] item: Leftovers\n|upkeep\n|turn|73\n|\n|t:|1782887131\n|move|p1a: Cryogonal|Haze|p1a: Cryogonal\n|-clearallboost\n|move|p2a: Chimecho|Calm Mind|p2a: Chimecho\n|-boost|p2a: Chimecho|spa|1\n|-boost|p2a: Chimecho|spd|1\n|\n|-heal|p2a: Chimecho|210/290 par|[from] item: Leftovers\n|upkeep\n|turn|74\n|\n|t:|1782887138\n|move|p1a: Cryogonal|Haze|p1a: Cryogonal\n|-clearallboost\n|move|p2a: Chimecho|Psychic Noise|p1a: Cryogonal\n|-damage|p1a: Cryogonal|196/287\n|-start|p1a: Cryogonal|move: Heal Block\n|\n|-heal|p2a: Chimecho|228/290 par|[from] item: Leftovers\n|upkeep\n|turn|75\n|\n|t:|1782887144\n|move|p1a: Cryogonal|Freeze-Dry|p2a: Chimecho\n|-damage|p2a: Chimecho|150/290 par\n|move|p2a: Chimecho|Calm Mind|p2a: Chimecho\n|-boost|p2a: Chimecho|spa|1\n|-boost|p2a: Chimecho|spd|1\n|\n|-heal|p2a: Chimecho|168/290 par|[from] item: Leftovers\n|-end|p1a: Cryogonal|move: Heal Block\n|upkeep\n|turn|76\n|\n|t:|1782887149\n|move|p1a: Cryogonal|Haze|p1a: Cryogonal\n|-clearallboost\n|cant|p2a: Chimecho|par\n|\n|-heal|p2a: Chimecho|186/290 par|[from] item: Leftovers\n|upkeep\n|turn|77\n|\n|t:|1782887153\n|move|p1a: Cryogonal|Freeze-Dry|p2a: Chimecho\n|-damage|p2a: Chimecho|108/290 par\n|move|p2a: Chimecho|Calm Mind|p2a: Chimecho\n|-boost|p2a: Chimecho|spa|1\n|-boost|p2a: Chimecho|spd|1\n|\n|-heal|p2a: Chimecho|126/290 par|[from] item: Leftovers\n|upkeep\n|turn|78\n|\n|t:|1782887157\n|move|p1a: Cryogonal|Haze|p1a: Cryogonal\n|-clearallboost\n|move|p2a: Chimecho|Calm Mind|p2a: Chimecho\n|-boost|p2a: Chimecho|spa|1\n|-boost|p2a: Chimecho|spd|1\n|\n|-heal|p2a: Chimecho|144/290 par|[from] item: Leftovers\n|upkeep\n|turn|79\n|\n|t:|1782887162\n|move|p1a: Cryogonal|Haze|p1a: Cryogonal\n|-clearallboost\n|move|p2a: Chimecho|Calm Mind|p2a: Chimecho\n|-boost|p2a: Chimecho|spa|1\n|-boost|p2a: Chimecho|spd|1\n|\n|-heal|p2a: Chimecho|162/290 par|[from] item: Leftovers\n|upkeep\n|turn|80\n|\n|t:|1782887167\n|move|p1a: Cryogonal|Haze|p1a: Cryogonal\n|-clearallboost\n|move|p2a: Chimecho|Dazzling Gleam|p1a: Cryogonal\n|-crit|p1a: Cryogonal\n|-damage|p1a: Cryogonal|121/287\n|\n|-heal|p2a: Chimecho|180/290 par|[from] item: Leftovers\n|upkeep\n|turn|81\n|\n|t:|1782887172\n|move|p1a: Cryogonal|Freeze-Dry|p2a: Chimecho\n|-damage|p2a: Chimecho|111/290 par\n|move|p2a: Chimecho|Psychic Noise|p1a: Cryogonal\n|-damage|p1a: Cryogonal|58/287\n|-start|p1a: Cryogonal|move: Heal Block\n|\n|-heal|p2a: Chimecho|129/290 par|[from] item: Leftovers\n|upkeep\n|turn|82\n|\n|t:|1782887175\n|move|p1a: Cryogonal|Freeze-Dry|p2a: Chimecho\n|-damage|p2a: Chimecho|57/290 par\n|move|p2a: Chimecho|Psychic Noise|p1a: Cryogonal\n|-damage|p1a: Cryogonal|0 fnt\n|faint|p1a: Cryogonal\n|\n|-heal|p2a: Chimecho|75/290 par|[from] item: Leftovers\n|upkeep\n|\n|t:|1782887184\n|switch|p1a: Hitmontop|Hitmontop, L88, M|231/231\n|turn|83\n|\n|t:|1782887192\n|move|p1a: Hitmontop|Triple Axel|p2a: Chimecho\n|-damage|p2a: Chimecho|53/290 par\n|-damage|p2a: Chimecho|11/290 par\n|-hitcount|p2a: Chimecho|2\n|cant|p2a: Chimecho|par\n|\n|-heal|p2a: Chimecho|29/290 par|[from] item: Leftovers\n|upkeep\n|turn|84\n|\n|t:|1782887200\n|move|p1a: Hitmontop|Rapid Spin|p2a: Chimecho\n|-damage|p2a: Chimecho|0 fnt\n|-boost|p1a: Hitmontop|spe|1\n|faint|p2a: Chimecho\n|\n|upkeep\n|\n|t:|1782887207\n|switch|p2a: Toxapex|Toxapex, L82, M|216/216 par\n|-activate|p2a: Toxapex|move: Sticky Web\n|-unboost|p2a: Toxapex|spe|1\n|-damage|p2a: Toxapex|189/216 par|[from] Stealth Rock\n|turn|85\n|\n|t:|1782887214\n|switch|p1a: Whiscash|Whiscash, L88, M|337/337\n|move|p2a: Toxapex|Liquidation|p1a: Whiscash\n|-damage|p1a: Whiscash|264/337\n|\n|-heal|p1a: Whiscash|285/337|[from] item: Leftovers\n|upkeep\n|turn|86\n|\n|t:|1782887224\n|switch|p2a: Walking Wake|Walking Wake, L79|286/286\n|-activate|p2a: Walking Wake|move: Sticky Web\n|-unboost|p2a: Walking Wake|spe|1\n|-damage|p2a: Walking Wake|251/286|[from] Stealth Rock\n|move|p1a: Whiscash|Earthquake|p2a: Walking Wake\n|-damage|p2a: Walking Wake|148/286\n|\n|-heal|p1a: Whiscash|306/337|[from] item: Leftovers\n|upkeep\n|turn|87\n|\n|t:|1782887248\n|move|p1a: Whiscash|Earthquake|p2a: Walking Wake\n|-damage|p2a: Walking Wake|49/286\n|move|p2a: Walking Wake|Draco Meteor|p1a: Whiscash|[miss]\n|-miss|p2a: Walking Wake|p1a: Whiscash\n|\n|-heal|p1a: Whiscash|327/337|[from] item: Leftovers\n|upkeep\n|turn|88\n|\n|t:|1782887254\n|move|p1a: Whiscash|Earthquake|p2a: Walking Wake\n|-damage|p2a: Walking Wake|0 fnt\n|faint|p2a: Walking Wake\n|-end|p2a: Walking Wake|Protosynthesis|[silent]\n|\n|-heal|p1a: Whiscash|337/337|[from] item: Leftovers\n|upkeep\n|\n|t:|1782887261\n|switch|p2a: Medicham|Medicham, L86, M|243/243\n|-activate|p2a: Medicham|move: Sticky Web\n|-unboost|p2a: Medicham|spe|1\n|-damage|p2a: Medicham|228/243|[from] Stealth Rock\n|turn|89\n|\n|t:|1782887268\n|move|p2a: Medicham|Close Combat|p1a: Whiscash\n|-damage|p1a: Whiscash|124/337\n|-unboost|p2a: Medicham|def|1\n|-unboost|p2a: Medicham|spd|1\n|move|p1a: Whiscash|Earthquake|p2a: Medicham\n|-damage|p2a: Medicham|63/243\n|\n|-heal|p1a: Whiscash|145/337|[from] item: Leftovers\n|upkeep\n|turn|90\n|inactive|monkeyddoffy has 120 seconds left.\n|\n|t:|1782887302\n|-terastallize|p1a: Whiscash|Poison\n|move|p2a: Medicham|Close Combat|p1a: Whiscash\n|-resisted|p1a: Whiscash\n|-damage|p1a: Whiscash|47/337\n|-unboost|p2a: Medicham|def|1\n|-unboost|p2a: Medicham|spd|1\n|move|p1a: Whiscash|Earthquake|p2a: Medicham\n|-damage|p2a: Medicham|0 fnt\n|faint|p2a: Medicham\n|\n|-heal|p1a: Whiscash|68/337|[from] item: Leftovers\n|upkeep\n|\n|t:|1782887317\n|switch|p2a: Zangoose|Zangoose, L85, M|231/263\n|-activate|p2a: Zangoose|move: Sticky Web\n|-unboost|p2a: Zangoose|spe|1\n|-damage|p2a: Zangoose|199/263|[from] Stealth Rock\n|turn|91\n|\n|t:|1782887324\n|switch|p1a: Hitmontop|Hitmontop, L88, M|231/231\n|move|p2a: Zangoose|Facade|p1a: Hitmontop\n|-damage|p1a: Hitmontop|158/231\n|\n|-heal|p1a: Hitmontop|172/231|[from] item: Leftovers\n|-status|p2a: Zangoose|tox|[from] item: Toxic Orb\n|upkeep\n|turn|92\n|\n|t:|1782887331\n|switch|p2a: Toxapex|Toxapex, L82, M|216/216 par\n|-activate|p2a: Toxapex|move: Sticky Web\n|-unboost|p2a: Toxapex|spe|1\n|-damage|p2a: Toxapex|189/216 par|[from] Stealth Rock\n|move|p1a: Hitmontop|Close Combat|p2a: Toxapex\n|-resisted|p2a: Toxapex\n|-damage|p2a: Toxapex|147/216 par\n|-unboost|p1a: Hitmontop|def|1\n|-unboost|p1a: Hitmontop|spd|1\n|-damage|p1a: Hitmontop|134/231|[from] item: Rocky Helmet|[of] p2a: Toxapex\n|\n|-heal|p1a: Hitmontop|148/231|[from] item: Leftovers\n|upkeep\n|turn|93\n|\n|t:|1782887338\n|switch|p1a: Whiscash|Whiscash, L88, M, tera:Poison|68/337\n|move|p2a: Toxapex|Liquidation|p1a: Whiscash\n|-damage|p1a: Whiscash|0 fnt\n|faint|p1a: Whiscash\n|\n|upkeep\n|\n|t:|1782887340\n|switch|p1a: Hitmontop|Hitmontop, L88, M|148/231\n|turn|94\n|\n|t:|1782887344\n|move|p1a: Hitmontop|Bulk Up|p1a: Hitmontop\n|-boost|p1a: Hitmontop|atk|1\n|-boost|p1a: Hitmontop|def|1\n|move|p2a: Toxapex|Recover|p2a: Toxapex\n|-heal|p2a: Toxapex|216/216 par\n|\n|-heal|p1a: Hitmontop|162/231|[from] item: Leftovers\n|upkeep\n|turn|95\n|\n|t:|1782887346\n|move|p1a: Hitmontop|Bulk Up|p1a: Hitmontop\n|-boost|p1a: Hitmontop|atk|1\n|-boost|p1a: Hitmontop|def|1\n|move|p2a: Toxapex|Haze|p2a: Toxapex\n|-clearallboost\n|\n|-heal|p1a: Hitmontop|176/231|[from] item: Leftovers\n|upkeep\n|turn|96\n|\n|t:|1782887349\n|move|p1a: Hitmontop|Bulk Up|p1a: Hitmontop\n|-boost|p1a: Hitmontop|atk|1\n|-boost|p1a: Hitmontop|def|1\n|cant|p2a: Toxapex|par\n|\n|-heal|p1a: Hitmontop|190/231|[from] item: Leftovers\n|upkeep\n|turn|97\n|\n|t:|1782887366\n|move|p1a: Hitmontop|Bulk Up|p1a: Hitmontop\n|-boost|p1a: Hitmontop|atk|1\n|-boost|p1a: Hitmontop|def|1\n|move|p2a: Toxapex|Haze|p2a: Toxapex\n|-clearallboost\n|\n|-heal|p1a: Hitmontop|204/231|[from] item: Leftovers\n|upkeep\n|turn|98\n|\n|t:|1782887370\n|move|p1a: Hitmontop|Bulk Up|p1a: Hitmontop\n|-boost|p1a: Hitmontop|atk|1\n|-boost|p1a: Hitmontop|def|1\n|move|p2a: Toxapex|Liquidation|p1a: Hitmontop\n|-damage|p1a: Hitmontop|167/231\n|-unboost|p1a: Hitmontop|def|1\n|\n|-heal|p1a: Hitmontop|181/231|[from] item: Leftovers\n|upkeep\n|turn|99\n|\n|t:|1782887375\n|move|p1a: Hitmontop|Bulk Up|p1a: Hitmontop\n|-boost|p1a: Hitmontop|atk|1\n|-boost|p1a: Hitmontop|def|1\n|cant|p2a: Toxapex|par\n|\n|-heal|p1a: Hitmontop|195/231|[from] item: Leftovers\n|upkeep\n|turn|100\n|\n|t:|1782887381\n|move|p1a: Hitmontop|Rapid Spin|p2a: Toxapex\n|-damage|p2a: Toxapex|144/216 par\n|-boost|p1a: Hitmontop|spe|1\n|-damage|p1a: Hitmontop|157/231|[from] item: Rocky Helmet|[of] p2a: Toxapex\n|cant|p2a: Toxapex|par\n|\n|-heal|p1a: Hitmontop|171/231|[from] item: Leftovers\n|upkeep\n|turn|101\n|\n|t:|1782887388\n|move|p1a: Hitmontop|Rapid Spin|p2a: Toxapex\n|-damage|p2a: Toxapex|72/216 par\n|-boost|p1a: Hitmontop|spe|1\n|-damage|p1a: Hitmontop|133/231|[from] item: Rocky Helmet|[of] p2a: Toxapex\n|cant|p2a: Toxapex|par\n|\n|-heal|p1a: Hitmontop|147/231|[from] item: Leftovers\n|upkeep\n|turn|102\n|c|\u2606gnostechnician|gg\n|\n|t:|1782887398\n|move|p1a: Hitmontop|Bulk Up|p1a: Hitmontop\n|-boost|p1a: Hitmontop|atk|1\n|-boost|p1a: Hitmontop|def|1\n|move|p2a: Toxapex|Recover|p2a: Toxapex\n|-heal|p2a: Toxapex|180/216 par\n|\n|-heal|p1a: Hitmontop|161/231|[from] item: Leftovers\n|upkeep\n|turn|103\n|\n|t:|1782887402\n|move|p1a: Hitmontop|Rapid Spin|p2a: Toxapex\n|-damage|p2a: Toxapex|88/216 par\n|-boost|p1a: Hitmontop|spe|1\n|-damage|p1a: Hitmontop|123/231|[from] item: Rocky Helmet|[of] p2a: Toxapex\n|move|p2a: Toxapex|Haze|p2a: Toxapex\n|-clearallboost\n|\n|-heal|p1a: Hitmontop|137/231|[from] item: Leftovers\n|upkeep\n|turn|104\n|\n|t:|1782887411\n|move|p1a: Hitmontop|Bulk Up|p1a: Hitmontop\n|-boost|p1a: Hitmontop|atk|1\n|-boost|p1a: Hitmontop|def|1\n|move|p2a: Toxapex|Recover|p2a: Toxapex\n|-heal|p2a: Toxapex|196/216 par\n|\n|-heal|p1a: Hitmontop|151/231|[from] item: Leftovers\n|upkeep\n|turn|105\n|c|\u2606gnostechnician|oh I thought I was done for there. fair nuff\n|\n|t:|1782887420\n|move|p1a: Hitmontop|Close Combat|p2a: Toxapex\n|-resisted|p2a: Toxapex\n|-damage|p2a: Toxapex|126/216 par\n|-unboost|p1a: Hitmontop|def|1\n|-unboost|p1a: Hitmontop|spd|1\n|-damage|p1a: Hitmontop|113/231|[from] item: Rocky Helmet|[of] p2a: Toxapex\n|move|p2a: Toxapex|Haze|p2a: Toxapex\n|-clearallboost\n|\n|-heal|p1a: Hitmontop|127/231|[from] item: Leftovers\n|upkeep\n|turn|106\n|\n|t:|1782887429\n|move|p1a: Hitmontop|Bulk Up|p1a: Hitmontop\n|-boost|p1a: Hitmontop|atk|1\n|-boost|p1a: Hitmontop|def|1\n|move|p2a: Toxapex|Liquidation|p1a: Hitmontop\n|-damage|p1a: Hitmontop|87/231\n|\n|-heal|p1a: Hitmontop|101/231|[from] item: Leftovers\n|upkeep\n|turn|107\n|\n|t:|1782887438\n|move|p1a: Hitmontop|Bulk Up|p1a: Hitmontop\n|-boost|p1a: Hitmontop|atk|1\n|-boost|p1a: Hitmontop|def|1\n|cant|p2a: Toxapex|par\n|\n|-heal|p1a: Hitmontop|115/231|[from] item: Leftovers\n|upkeep\n|turn|108\n|\n|t:|1782887441\n|move|p1a: Hitmontop|Rapid Spin|p2a: Toxapex\n|-damage|p2a: Toxapex|45/216 par\n|-boost|p1a: Hitmontop|spe|1\n|-damage|p1a: Hitmontop|77/231|[from] item: Rocky Helmet|[of] p2a: Toxapex\n|cant|p2a: Toxapex|par\n|\n|-heal|p1a: Hitmontop|91/231|[from] item: Leftovers\n|upkeep\n|turn|109\n|\n|t:|1782887450\n|move|p1a: Hitmontop|Rapid Spin|p2a: Toxapex\n|-damage|p2a: Toxapex|0 fnt\n|-boost|p1a: Hitmontop|spe|1\n|-damage|p1a: Hitmontop|53/231|[from] item: Rocky Helmet|[of] p2a: Toxapex\n|faint|p2a: Toxapex\n|\n|-heal|p1a: Hitmontop|67/231|[from] item: Leftovers\n|upkeep\n|\n|t:|1782887452\n|switch|p2a: Zangoose|Zangoose, L85, M|199/263 tox\n|-activate|p2a: Zangoose|move: Sticky Web\n|-unboost|p2a: Zangoose|spe|1\n|-damage|p2a: Zangoose|167/263 tox|[from] Stealth Rock\n|turn|110\n|\n|t:|1782887455\n|move|p1a: Hitmontop|Close Combat|p2a: Zangoose\n|-supereffective|p2a: Zangoose\n|-damage|p2a: Zangoose|0 fnt\n|-unboost|p1a: Hitmontop|def|1\n|-unboost|p1a: Hitmontop|spd|1\n|faint|p2a: Zangoose\n|\n|win|monkeyddoffy\n|raw|monkeyddoffy's rating: 1948 &rarr; <strong>1972</strong><br />(+24 for winning)\n|raw|gnostechnician's rating: 2020 &rarr; <strong>1996</strong><br />(-24 for losing)\n|c|\u2606gnostechnician|gg\n", "inputlog": ">version f8ac14003a5f27e1bdc8d8c59608a773c1cb96e5\n>start {\"formatid\":\"gen9randombattle\",\"seed\":\"sodium,62b91d914dbc05047be4d3e5ad3cc99e\",\"rated\":\"Rated battle\"}\n>player p1 {\"name\":\"monkeyddoffy\",\"avatar\":\"265\",\"rating\":1948,\"seed\":\"sodium,6f714e192b489b2fcf70e660f813b224\"}\n>player p2 {\"name\":\"gnostechnician\",\"avatar\":\"burglar-gen1rb\",\"rating\":2020,\"seed\":\"sodium,6e5af42659761766cbab24bed7da1270\"}\n>p1 move meteormash\n>p2 move closecombat\n>p1 switch 6\n>p1 move stunspore\n>p2 switch 4\n>p1 move stickyweb\n>p2 move toxicspikes\n>p1 switch 5\n>p2 move toxicspikes\n>p1 move aurawheel\n>p2 move liquidation\n>p1 move rapidspin\n>p2 switch 5\n>p1 move partingshot\n>p2 move powerwhip\n>p1 switch 5\n>p1 move uturn\n>p2 switch 5\n>p1 switch 3\n>p1 move stealthrock\n>p2 switch 5\n>p1 move icebeam\n>p2 move powerwhip\n>p1 move icebeam\n>p2 move powerwhip\n>p2 switch 2\n>p1 move earthquake\n>p2 switch 3\n>p1 switch 5\n>p2 move calmmind\n>p1 move aurawheel\n>p2 move dazzlinggleam terastallize\n>p1 switch 4\n>p1 move freezedry\n>p2 move calmmind\n>p1 move haze\n>p2 move recover\n>p1 move freezedry\n>p2 move psychicnoise\n>p1 move freezedry\n>p2 move psychicnoise\n>p1 move freezedry\n>p2 move recover\n>p1 move recover\n>p2 move psychicnoise\n>p1 switch 3\n>p2 move calmmind\n>p1 move stunspore\n>p2 move psychicnoise\n>p1 switch 3\n>p1 move haze\n>p2 move psychicnoise\n>p1 move flashcannon\n>p2 move calmmind\n>p1 move recover\n>p2 move calmmind\n>p1 move haze\n>p2 move psychicnoise\n>p1 move flashcannon\n>p2 move psychicnoise\n>p1 move freezedry\n>p2 move psychicnoise\n>p1 move flashcannon\n>p2 move recover\n>p1 move flashcannon\n>p2 move calmmind\n>p1 move haze\n>p2 move psychicnoise\n>p1 move flashcannon\n>p2 move calmmind\n>p1 move haze\n>p2 move psychicnoise\n>p1 move flashcannon\n>p2 move calmmind\n>p1 move recover\n>p2 move psychicnoise\n>p1 move haze\n>p2 move dazzlinggleam\n>p1 move recover\n>p2 move calmmind\n>p1 move haze\n>p2 move dazzlinggleam\n>p1 move flashcannon\n>p2 move calmmind\n>p1 move freezedry\n>p2 move dazzlinggleam\n>p1 move recover\n>p2 move psychicnoise\n>p1 move freezedry\n>p2 move calmmind\n>p1 move freezedry\n>p2 move calmmind\n>p1 move haze\n>p2 move recover\n>p1 move freezedry\n>p2 move dazzlinggleam\n>p1 move freezedry\n>p2 move calmmind\n>p1 move haze\n>p2 move dazzlinggleam\n>p1 move freezedry\n>p2 move calmmind\n>p1 move haze\n>p2 move calmmind\n>p1 move haze\n>p2 move dazzlinggleam\n>p1 move freezedry\n>p2 move calmmind\n>p1 move freezedry\n>p2 move recover\n>p1 move recover\n>p2 move calmmind\n>p1 move haze\n>p2 move dazzlinggleam\n>p1 move freezedry\n>p2 move calmmind\n>p1 move haze\n>p2 move dazzlinggleam\n>p1 move freezedry\n>p2 move calmmind\n>p1 move freezedry\n>p2 move recover\n>p1 move freezedry\n>p2 move calmmind\n>p1 move haze\n>p2 move psychicnoise\n>p1 move freezedry\n>p2 move calmmind\n>p1 move haze\n>p2 move calmmind\n>p1 move haze\n>p2 move calmmind\n>p1 move haze\n>p2 move calmmind\n>p1 move freezedry\n>p2 move calmmind\n>p1 move haze\n>p2 move psychicnoise\n>p1 move freezedry\n>p2 move calmmind\n>p1 move freezedry\n>p2 move recover\n>p1 move freezedry\n>p2 move psychicnoise\n>p1 move freezedry\n>p2 move recover\n>p1 move recover\n>p2 move psychicnoise\n>p1 move freezedry\n>p2 move calmmind\n>p1 move haze\n>p2 move calmmind\n>p1 move haze\n>p2 move psychicnoise\n>p1 move freezedry\n>p2 move calmmind\n>p1 move haze\n>p2 move calmmind\n>p1 move freezedry\n>p2 move calmmind\n>p1 move haze\n>p2 move calmmind\n>p1 move haze\n>p2 move calmmind\n>p1 move haze\n>p2 move dazzlinggleam\n>p1 move freezedry\n>p2 move psychicnoise\n>p1 move freezedry\n>p2 move psychicnoise\n>p1 switch 2\n>p1 move tripleaxel\n>p2 move psychicnoise\n>p1 move rapidspin\n>p2 move psychicnoise\n>p2 switch 5\n>p1 switch 5\n>p2 move liquidation\n>p1 move earthquake\n>p2 switch 6\n>p1 move earthquake\n>p2 move dracometeor\n>p1 move earthquake\n>p2 move dracometeor\n>p2 switch 4\n>p1 move earthquake\n>p2 move closecombat\n>p1 move earthquake terastallize\n>p2 move closecombat\n>p2 switch 3\n>p1 switch 5\n>p2 move facade\n>p1 move closecombat\n>p2 switch 6\n>p1 switch 5\n>p2 move liquidation\n>p1 switch 5\n>p1 move bulkup\n>p2 move recover\n>p1 move bulkup\n>p2 move haze\n>p1 move bulkup\n>p2 move liquidation\n>p1 move bulkup\n>p2 move haze\n>p1 move bulkup\n>p2 move liquidation\n>p1 move bulkup\n>p2 move haze\n>p1 move rapidspin\n>p2 move haze\n>p1 move rapidspin\n>p2 move haze\n>chat \u2606gnostechnician|gg\n>p1 move bulkup\n>p2 move recover\n>p1 move rapidspin\n>p2 move haze\n>p1 move bulkup\n>p2 move recover\n>chat \u2606gnostechnician|oh I thought I was done for there. fair nuff\n>p1 move closecombat\n>p2 move haze\n>p1 move bulkup\n>p2 move liquidation\n>p1 move bulkup\n>p2 move haze\n>p1 move rapidspin\n>p2 move haze\n>p1 move rapidspin\n>p2 move haze\n>p2 switch 6\n>p1 move closecombat\n>p2 move facade", "uploadtime": 1782887460, "views": 2, "formatid": "gen9randombattle", "rating": 1972, "private": 0, "password": null, "player_dets": [{"name": "monkeyddoffy", "avatar": "265", "rating": 1948, "seed": "sodium,6f714e192b489b2fcf70e660f813b224"}, {"name": "gnostechnician", "avatar": "burglar-gen1rb", "rating": 2020, "seed": "sodium,6e5af42659761766cbab24bed7da1270"}], "teams_full": [{"Lucario": {"name": "Lucario", "species": "Lucario", "speciesId": "lucario", "gender": "F", "shiny": false, "level": 84, "moves": ["swordsdance", "meteormash", "closecombat", "extremespeed"], "ability": "Justified", "evs": {"hp": 85, "atk": 85, "def": 85, "spa": 85, "spd": 85, "spe": 85}, "ivs": {"hp": 31, "atk": 31, "def": 31, "spa": 31, "spd": 31, "spe": 31}, "item": "Life Orb", "teraType": "Normal", "role": "Fast Attacker", "bvs": {"hp": 70, "atk": 110, "def": 70, "spa": 115, "spd": 70, "spe": 90}, "stats": {"hp": 255, "atk": 233, "def": 166, "spa": 241, "spd": 166, "spe": 199}, "types": ["Fighting", "Steel"]}, "Hitmontop": {"name": "Hitmontop", "species": "Hitmontop", "speciesId": "hitmontop", "gender": "M", "shiny": false, "level": 88, "moves": ["bulkup", "closecombat", "tripleaxel", "rapidspin"], "ability": "Technician", "evs": {"hp": 85, "atk": 85, "def": 85, "spa": 85, "spd": 85, "spe": 85}, "ivs": {"hp": 31, "atk": 31, "def": 31, "spa": 31, "spd": 31, "spe": 31}, "item": "Leftovers", "teraType": "Ice", "role": "Bulky Setup", "bvs": {"hp": 50, "atk": 95, "def": 95, "spa": 35, "spd": 110, "spe": 70}, "stats": {"hp": 231, "atk": 217, "def": 217, "spa": 112, "spd": 244, "spe": 173}, "types": ["Fighting"]}, "Whiscash": {"name": "Whiscash", "species": "Whiscash", "speciesId": "whiscash", "gender": "M", "shiny": false, "level": 88, "moves": ["icebeam", "stealthrock", "hydropump", "earthquake"], "ability": "Oblivious", "evs": {"hp": 85, "atk": 85, "def": 85, "spa": 85, "spd": 85, "spe": 85}, "ivs": {"hp": 31, "atk": 31, "def": 31, "spa": 31, "spd": 31, "spe": 31}, "item": "Leftovers", "teraType": "Poison", "role": "Bulky Support", "bvs": {"hp": 110, "atk": 78, "def": 73, "spa": 76, "spd": 71, "spe": 60}, "stats": {"hp": 337, "atk": 188, "def": 179, "spa": 184, "spd": 175, "spe": 156}, "types": ["Water", "Ground"]}, "Cryogonal": {"name": "Cryogonal", "species": "Cryogonal", "speciesId": "cryogonal", "gender": "N", "shiny": false, "level": 89, "moves": ["haze", "flashcannon", "recover", "freezedry"], "ability": "Levitate", "evs": {"hp": 85, "atk": 0, "def": 85, "spa": 85, "spd": 85, "spe": 85}, "ivs": {"hp": 31, "atk": 0, "def": 31, "spa": 31, "spd": 31, "spe": 31}, "item": "Heavy-Duty Boots", "teraType": "Steel", "role": "Bulky Support", "bvs": {"hp": 80, "atk": 50, "def": 50, "spa": 95, "spd": 135, "spe": 105}, "stats": {"hp": 287, "atk": 94, "def": 140, "spa": 220, "spd": 291, "spe": 238}, "types": ["Ice"]}, "Morpeko": {"name": "Morpeko", "species": "Morpeko", "speciesId": "morpeko", "gender": "F", "shiny": false, "level": 88, "moves": ["partingshot", "rapidspin", "aurawheel", "protect"], "ability": "Hunger Switch", "evs": {"hp": 85, "atk": 85, "def": 85, "spa": 85, "spd": 85, "spe": 85}, "ivs": {"hp": 31, "atk": 31, "def": 31, "spa": 31, "spd": 31, "spe": 31}, "item": "Heavy-Duty Boots", "teraType": "Electric", "role": "Fast Support", "bvs": {"hp": 58, "atk": 95, "def": 58, "spa": 70, "spd": 58, "spe": 97}, "stats": {"hp": 245, "atk": 217, "def": 152, "spa": 173, "spd": 152, "spe": 221}, "types": ["Electric", "Dark"]}, "Ribombee": {"name": "Ribombee", "species": "Ribombee", "speciesId": "ribombee", "gender": "F", "shiny": false, "level": 83, "moves": ["stunspore", "uturn", "stickyweb", "moonblast"], "ability": "Shield Dust", "evs": {"hp": 85, "atk": 85, "def": 85, "spa": 85, "spd": 85, "spe": 85}, "ivs": {"hp": 31, "atk": 31, "def": 31, "spa": 31, "spd": 31, "spe": 31}, "item": "Heavy-Duty Boots", "teraType": "Ghost", "role": "Fast Support", "bvs": {"hp": 60, "atk": 55, "def": 60, "spa": 95, "spd": 70, "spe": 124}, "stats": {"hp": 235, "atk": 139, "def": 147, "spa": 205, "spd": 164, "spe": 254}, "types": ["Bug", "Fairy"]}}, {"Medicham": {"name": "Medicham", "species": "Medicham", "speciesId": "medicham", "gender": "M", "shiny": false, "level": 86, "moves": ["icepunch", "closecombat", "trick", "zenheadbutt"], "ability": "Pure Power", "evs": {"hp": 85, "atk": 85, "def": 85, "spa": 85, "spd": 85, "spe": 85}, "ivs": {"hp": 31, "atk": 31, "def": 31, "spa": 31, "spd": 31, "spe": 31}, "item": "Choice Scarf", "teraType": "Fighting", "role": "Fast Attacker", "bvs": {"hp": 60, "atk": 60, "def": 75, "spa": 60, "spd": 75, "spe": 80}, "stats": {"hp": 243, "atk": 152, "def": 178, "spa": 152, "spd": 178, "spe": 187}, "types": ["Fighting", "Psychic"]}, "Zangoose": {"name": "Zangoose", "species": "Zangoose", "speciesId": "zangoose", "gender": "M", "shiny": false, "level": 85, "moves": ["knockoff", "closecombat", "facade", "swordsdance"], "ability": "Toxic Boost", "evs": {"hp": 85, "atk": 85, "def": 85, "spa": 85, "spd": 85, "spe": 85}, "ivs": {"hp": 31, "atk": 31, "def": 31, "spa": 31, "spd": 31, "spe": 31}, "item": "Toxic Orb", "teraType": "Normal", "role": "Fast Attacker", "bvs": {"hp": 73, "atk": 115, "def": 60, "spa": 60, "spd": 60, "spe": 90}, "stats": {"hp": 263, "atk": 244, "def": 151, "spa": 151, "spd": 151, "spe": 202}, "types": ["Normal"]}, "Chimecho": {"name": "Chimecho", "species": "Chimecho", "speciesId": "chimecho", "gender": "F", "shiny": false, "level": 93, "moves": ["psychicnoise", "calmmind", "recover", "dazzlinggleam"], "ability": "Levitate", "evs": {"hp": 85, "atk": 0, "def": 85, "spa": 85, "spd": 85, "spe": 85}, "ivs": {"hp": 31, "atk": 0, "def": 31, "spa": 31, "spd": 31, "spe": 31}, "item": "Leftovers", "teraType": "Poison", "role": "Bulky Setup", "bvs": {"hp": 75, "atk": 50, "def": 80, "spa": 95, "spd": 90, "spe": 65}, "stats": {"hp": 290, "atk": 98, "def": 202, "spa": 230, "spd": 220, "spe": 174}, "types": ["Psychic"]}, "Toxapex": {"name": "Toxapex", "species": "Toxapex", "speciesId": "toxapex", "gender": "M", "shiny": false, "level": 82, "moves": ["toxicspikes", "recover", "haze", "liquidation"], "ability": "Regenerator", "evs": {"hp": 85, "atk": 85, "def": 85, "spa": 85, "spd": 85, "spe": 85}, "ivs": {"hp": 31, "atk": 31, "def": 31, "spa": 31, "spd": 31, "spe": 31}, "item": "Rocky Helmet", "teraType": "Grass", "role": "Bulky Support", "bvs": {"hp": 50, "atk": 63, "def": 152, "spa": 53, "spd": 142, "spe": 35}, "stats": {"hp": 216, "atk": 150, "def": 296, "spa": 134, "spd": 280, "spe": 105}, "types": ["Poison", "Water"]}, "Zarude": {"name": "Zarude", "species": "Zarude", "speciesId": "zarude", "gender": "N", "shiny": false, "level": 77, "moves": ["swordsdance", "powerwhip", "knockoff", "closecombat"], "ability": "Leaf Guard", "evs": {"hp": 85, "atk": 85, "def": 85, "spa": 85, "spd": 85, "spe": 85}, "ivs": {"hp": 31, "atk": 31, "def": 31, "spa": 31, "spd": 31, "spe": 31}, "item": "Life Orb", "teraType": "Dark", "role": "Fast Bulky Setup", "bvs": {"hp": 105, "atk": 120, "def": 105, "spa": 70, "spd": 95, "spe": 105}, "stats": {"hp": 288, "atk": 229, "def": 206, "spa": 152, "spd": 191, "spe": 206}, "types": ["Dark", "Grass"]}, "Walking Wake": {"name": "Walking Wake", "species": "Walking Wake", "speciesId": "walkingwake", "gender": "N", "shiny": false, "level": 79, "moves": ["hydrosteam", "flamethrower", "dracometeor", "sunnyday"], "ability": "Protosynthesis", "evs": {"hp": 85, "atk": 0, "def": 85, "spa": 85, "spd": 85, "spe": 85}, "ivs": {"hp": 31, "atk": 0, "def": 31, "spa": 31, "spd": 31, "spe": 31}, "item": "Life Orb", "teraType": "Fire", "role": "Fast Attacker", "bvs": {"hp": 99, "atk": 83, "def": 91, "spa": 125, "spd": 83, "spe": 109}, "stats": {"hp": 286, "atk": 136, "def": 189, "spa": 243, "spd": 177, "spe": 218}, "types": ["Water", "Dragon"]}}]}