{"id": "gen9randombattle-2641940395", "format": "[Gen 9] Random Battle", "players": ["Sup1c37", "qiuescent"], "log": "|j|\u2606Sup1c37\n|j|\u203dqiuescent\n|t:|1782862093\n|gametype|singles\n|player|p1|Sup1c37|pokemaniac|2158\n|player|p2|qiuescent|2|2194\n|gen|9\n|tier|[Gen 9] Random Battle\n|rated|\n|rule|Species Clause: Limit one of each Pok\u00e9mon\n|rule|HP Percentage Mod: HP is shown in percentages\n|rule|Sleep Clause Mod: Limit one foe put to sleep\n|rule|Illusion Level Mod: Illusion disguises the Pok\u00e9mon's true level\n|\n|t:|1782862093\n|teamsize|p1|6\n|teamsize|p2|6\n|start\n|switch|p1a: Wo-Chien|Wo-Chien, L83|277/277\n|switch|p2a: Milotic|Milotic, L83, F|293/293\n|-ability|p1a: Wo-Chien|Tablets of Ruin\n|turn|1\n|inactive|Battle timer is ON: inactive players will automatically lose when time's up. (requested by Sup1c37)\n|\n|t:|1782862098\n|switch|p2a: Vileplume|Vileplume, L85, M|266/266\n|move|p1a: Wo-Chien|Stun Spore|p2a: Vileplume\n|-immune|p2a: Vileplume\n|\n|upkeep\n|turn|2\n|\n|t:|1782862101\n|move|p1a: Wo-Chien|Knock Off|p2a: Vileplume\n|-damage|p2a: Vileplume|173/266\n|-enditem|p2a: Vileplume|Leftovers|[from] move: Knock Off|[of] p1a: Wo-Chien\n|move|p2a: Vileplume|Sludge Bomb|p1a: Wo-Chien\n|-supereffective|p1a: Wo-Chien\n|-damage|p1a: Wo-Chien|113/277\n|\n|-heal|p1a: Wo-Chien|130/277|[from] item: Leftovers\n|upkeep\n|turn|3\n|\n|t:|1782862107\n|move|p1a: Wo-Chien|Protect|p1a: Wo-Chien\n|-singleturn|p1a: Wo-Chien|Protect\n|move|p2a: Vileplume|Sludge Bomb|p1a: Wo-Chien\n|-activate|p1a: Wo-Chien|move: Protect\n|\n|-heal|p1a: Wo-Chien|147/277|[from] item: Leftovers\n|upkeep\n|turn|4\n|\n|t:|1782862116\n|switch|p1a: Houndstone|Houndstone, L86, M|264/264\n|move|p2a: Vileplume|Sludge Bomb|p1a: Houndstone\n|-resisted|p1a: Houndstone\n|-damage|p1a: Houndstone|216/264\n|-status|p1a: Houndstone|psn\n|\n|-heal|p1a: Houndstone|232/264 psn|[from] item: Leftovers\n|-damage|p1a: Houndstone|199/264 psn|[from] psn\n|upkeep\n|turn|5\n|\n|t:|1782862121\n|move|p1a: Houndstone|Poltergeist||[still]\n|-fail|p1a: Houndstone\n|move|p2a: Vileplume|Strength Sap|p1a: Houndstone\n|-unboost|p1a: Houndstone|atk|1\n|-heal|p2a: Vileplume|266/266\n|\n|-heal|p1a: Houndstone|215/264 psn|[from] item: Leftovers\n|-damage|p1a: Houndstone|182/264 psn|[from] psn\n|upkeep\n|turn|6\n|\n|t:|1782862131\n|move|p2a: Vileplume|Sludge Bomb|p1a: Houndstone\n|-resisted|p1a: Houndstone\n|-damage|p1a: Houndstone|137/264 psn\n|move|p1a: Houndstone|Roar|p2a: Vileplume\n|drag|p2a: Lapras|Lapras, L87, F|367/367\n|\n|-heal|p1a: Houndstone|153/264 psn|[from] item: Leftovers\n|-damage|p1a: Houndstone|120/264 psn|[from] psn\n|upkeep\n|turn|7\n|\n|t:|1782862136\n|move|p2a: Lapras|Dragon Dance|p2a: Lapras\n|-boost|p2a: Lapras|atk|1\n|-boost|p2a: Lapras|spe|1\n|move|p1a: Houndstone|Roar|p2a: Lapras\n|drag|p2a: Donphan|Donphan, L84, F|288/288\n|\n|-heal|p1a: Houndstone|136/264 psn|[from] item: Leftovers\n|-damage|p1a: Houndstone|103/264 psn|[from] psn\n|upkeep\n|turn|8\n|\n|t:|1782862148\n|switch|p1a: Ho-Oh|Ho-Oh, L71|268/268\n|move|p2a: Donphan|Knock Off|p1a: Ho-Oh\n|-damage|p1a: Ho-Oh|169/268\n|-enditem|p1a: Ho-Oh|Heavy-Duty Boots|[from] move: Knock Off|[of] p2a: Donphan\n|\n|upkeep\n|turn|9\n|\n|t:|1782862156\n|switch|p2a: Milotic|Milotic, L83, F|293/293\n|move|p1a: Ho-Oh|Sacred Fire|p2a: Milotic\n|-resisted|p2a: Milotic\n|-damage|p2a: Milotic|241/293\n|-status|p2a: Milotic|brn\n|\n|-heal|p2a: Milotic|259/293 brn|[from] item: Leftovers\n|-damage|p2a: Milotic|241/293 brn|[from] brn\n|upkeep\n|turn|10\n|\n|t:|1782862166\n|switch|p1a: Gastrodon|Gastrodon, L86, M|331/331\n|move|p2a: Milotic|Scald|p1a: Gastrodon\n|-ability|p1a: Gastrodon|Storm Drain|boost\n|-boost|p1a: Gastrodon|spa|1\n|\n|-heal|p2a: Milotic|259/293 brn|[from] item: Leftovers\n|-damage|p2a: Milotic|241/293 brn|[from] brn\n|upkeep\n|turn|11\n|\n|t:|1782862172\n|switch|p2a: Vileplume|Vileplume, L85, M|266/266\n|move|p1a: Gastrodon|Sludge Bomb|p2a: Vileplume\n|-damage|p2a: Vileplume|173/266\n|\n|upkeep\n|turn|12\n|\n|t:|1782862179\n|switch|p1a: Ho-Oh|Ho-Oh, L71|258/268\n|move|p2a: Vileplume|Sleep Powder|p1a: Ho-Oh\n|-status|p1a: Ho-Oh|slp|[from] move: Sleep Powder\n|\n|upkeep\n|turn|13\n|\n|t:|1782862186\n|switch|p2a: Lapras|Lapras, L87, F|367/367\n|cant|p1a: Ho-Oh|slp\n|\n|upkeep\n|turn|14\n|\n|t:|1782862199\n|switch|p1a: Gastrodon|Gastrodon, L86, M|331/331\n|move|p2a: Lapras|Dragon Dance|p2a: Lapras\n|-boost|p2a: Lapras|atk|1\n|-boost|p2a: Lapras|spe|1\n|\n|upkeep\n|turn|15\n|\n|t:|1782862202\n|move|p2a: Lapras|Icicle Spear|p1a: Gastrodon\n|-damage|p1a: Gastrodon|283/331\n|-damage|p1a: Gastrodon|240/331\n|-damage|p1a: Gastrodon|192/331\n|-damage|p1a: Gastrodon|150/331\n|-hitcount|p1a: Gastrodon|4\n|move|p1a: Gastrodon|Sludge Bomb|p2a: Lapras\n|-damage|p2a: Lapras|307/367\n|-status|p2a: Lapras|psn\n|\n|-heal|p1a: Gastrodon|170/331|[from] item: Leftovers\n|-damage|p2a: Lapras|262/367 psn|[from] psn\n|upkeep\n|turn|16\n|\n|t:|1782862211\n|move|p2a: Lapras|Icicle Spear|p1a: Gastrodon\n|-damage|p1a: Gastrodon|119/331\n|-damage|p1a: Gastrodon|73/331\n|-damage|p1a: Gastrodon|25/331\n|-damage|p1a: Gastrodon|0 fnt\n|faint|p1a: Gastrodon\n|-hitcount|p1: Gastrodon|4\n|\n|-damage|p2a: Lapras|217/367 psn|[from] psn\n|upkeep\n|\n|t:|1782862225\n|switch|p1a: Feraligatr|Feraligatr, L79, M|264/264\n|turn|17\n|\n|t:|1782862236\n|move|p2a: Lapras|Dragon Dance|p2a: Lapras\n|-boost|p2a: Lapras|atk|1\n|-boost|p2a: Lapras|spe|1\n|move|p1a: Feraligatr|Dragon Dance|p1a: Feraligatr\n|-boost|p1a: Feraligatr|atk|1\n|-boost|p1a: Feraligatr|spe|1\n|\n|-damage|p2a: Lapras|172/367 psn|[from] psn\n|upkeep\n|turn|18\n|\n|t:|1782862252\n|move|p2a: Lapras|Earthquake|p1a: Feraligatr\n|-damage|p1a: Feraligatr|123/264\n|move|p1a: Feraligatr|Dragon Dance|p1a: Feraligatr\n|-boost|p1a: Feraligatr|atk|1\n|-boost|p1a: Feraligatr|spe|1\n|\n|-damage|p2a: Lapras|127/367 psn|[from] psn\n|upkeep\n|turn|19\n|\n|t:|1782862257\n|move|p1a: Feraligatr|Crunch|p2a: Lapras\n|-crit|p2a: Lapras\n|-damage|p2a: Lapras|0 fnt\n|faint|p2a: Lapras\n|\n|upkeep\n|\n|t:|1782862268\n|switch|p2a: Vespiquen|Vespiquen, L99, F|299/299\n|-ability|p2a: Vespiquen|Pressure\n|turn|20\n|\n|t:|1782862278\n|-terastallize|p2a: Vespiquen|Steel\n|move|p1a: Feraligatr|Ice Punch|p2a: Vespiquen\n|-resisted|p2a: Vespiquen\n|-damage|p2a: Vespiquen|234/299\n|move|p2a: Vespiquen|U-turn|p1a: Feraligatr\n|-damage|p1a: Feraligatr|36/264\n|\n|t:|1782862283\n|switch|p2a: Donphan|Donphan, L84, F|288/288|[from] U-turn\n|\n|upkeep\n|turn|21\n|\n|t:|1782862286\n|move|p2a: Donphan|Ice Shard|p1a: Feraligatr\n|-resisted|p1a: Feraligatr\n|-damage|p1a: Feraligatr|20/264\n|move|p1a: Feraligatr|Liquidation|p2a: Donphan\n|-supereffective|p2a: Donphan\n|-ability|p2a: Donphan|Sturdy\n|-damage|p2a: Donphan|1/288\n|\n|upkeep\n|turn|22\n|\n|t:|1782862294\n|move|p2a: Donphan|Ice Shard|p1a: Feraligatr\n|-resisted|p1a: Feraligatr\n|-damage|p1a: Feraligatr|4/264\n|move|p1a: Feraligatr|Crunch|p2a: Donphan\n|-crit|p2a: Donphan\n|-damage|p2a: Donphan|0 fnt\n|faint|p2a: Donphan\n|\n|upkeep\n|\n|t:|1782862298\n|switch|p2a: Milotic|Milotic, L83, F|241/293 brn\n|turn|23\n|\n|t:|1782862306\n|move|p1a: Feraligatr|Crunch|p2a: Milotic\n|-damage|p2a: Milotic|42/293 brn\n|move|p2a: Milotic|Haze|p2a: Milotic\n|-clearallboost\n|\n|-heal|p2a: Milotic|60/293 brn|[from] item: Leftovers\n|-damage|p2a: Milotic|42/293 brn|[from] brn\n|upkeep\n|turn|24\n|\n|t:|1782862315\n|move|p2a: Milotic|Recover|p2a: Milotic\n|-heal|p2a: Milotic|189/293 brn\n|move|p1a: Feraligatr|Dragon Dance|p1a: Feraligatr\n|-boost|p1a: Feraligatr|atk|1\n|-boost|p1a: Feraligatr|spe|1\n|\n|-heal|p2a: Milotic|207/293 brn|[from] item: Leftovers\n|-damage|p2a: Milotic|189/293 brn|[from] brn\n|upkeep\n|turn|25\n|\n|t:|1782862318\n|move|p1a: Feraligatr|Crunch|p2a: Milotic\n|-damage|p2a: Milotic|47/293 brn\n|move|p2a: Milotic|Haze|p2a: Milotic\n|-clearallboost\n|\n|-heal|p2a: Milotic|65/293 brn|[from] item: Leftovers\n|-damage|p2a: Milotic|47/293 brn|[from] brn\n|upkeep\n|turn|26\n|\n|t:|1782862323\n|move|p2a: Milotic|Recover|p2a: Milotic\n|-heal|p2a: Milotic|194/293 brn\n|move|p1a: Feraligatr|Dragon Dance|p1a: Feraligatr\n|-boost|p1a: Feraligatr|atk|1\n|-boost|p1a: Feraligatr|spe|1\n|\n|-heal|p2a: Milotic|212/293 brn|[from] item: Leftovers\n|-damage|p2a: Milotic|194/293 brn|[from] brn\n|upkeep\n|turn|27\n|\n|t:|1782862326\n|move|p1a: Feraligatr|Crunch|p2a: Milotic\n|-damage|p2a: Milotic|59/293 brn\n|move|p2a: Milotic|Haze|p2a: Milotic\n|-clearallboost\n|\n|-heal|p2a: Milotic|77/293 brn|[from] item: Leftovers\n|-damage|p2a: Milotic|59/293 brn|[from] brn\n|upkeep\n|turn|28\n|\n|t:|1782862332\n|move|p2a: Milotic|Recover|p2a: Milotic\n|-heal|p2a: Milotic|206/293 brn\n|move|p1a: Feraligatr|Dragon Dance|p1a: Feraligatr\n|-boost|p1a: Feraligatr|atk|1\n|-boost|p1a: Feraligatr|spe|1\n|\n|-heal|p2a: Milotic|224/293 brn|[from] item: Leftovers\n|-damage|p2a: Milotic|206/293 brn|[from] brn\n|upkeep\n|turn|29\n|\n|t:|1782862334\n|move|p1a: Feraligatr|Crunch|p2a: Milotic\n|-damage|p2a: Milotic|55/293 brn\n|move|p2a: Milotic|Haze|p2a: Milotic\n|-clearallboost\n|\n|-heal|p2a: Milotic|73/293 brn|[from] item: Leftovers\n|-damage|p2a: Milotic|55/293 brn|[from] brn\n|upkeep\n|turn|30\n|\n|t:|1782862338\n|move|p2a: Milotic|Scald|p1a: Feraligatr\n|-resisted|p1a: Feraligatr\n|-damage|p1a: Feraligatr|0 fnt\n|faint|p1a: Feraligatr\n|\n|-heal|p2a: Milotic|73/293 brn|[from] item: Leftovers\n|-damage|p2a: Milotic|55/293 brn|[from] brn\n|upkeep\n|\n|t:|1782862363\n|switch|p1a: Houndstone|Houndstone, L86, M|103/264 psn\n|turn|31\n|\n|t:|1782862367\n|switch|p2a: Vileplume|Vileplume, L85, M|173/266\n|move|p1a: Houndstone|Poltergeist||[still]\n|-fail|p1a: Houndstone\n|\n|-heal|p1a: Houndstone|119/264 psn|[from] item: Leftovers\n|-damage|p1a: Houndstone|86/264 psn|[from] psn\n|upkeep\n|turn|32\n|\n|t:|1782862375\n|switch|p1a: Ho-Oh|Ho-Oh, L71|268/268 slp\n|move|p2a: Vileplume|Strength Sap|p1a: Ho-Oh\n|-unboost|p1a: Ho-Oh|atk|1\n|-heal|p2a: Vileplume|266/266\n|\n|upkeep\n|turn|33\n|\n|t:|1782862380\n|-curestatus|p1a: Ho-Oh|slp|[msg]\n|move|p1a: Ho-Oh|Sacred Fire|p2a: Vileplume\n|-supereffective|p2a: Vileplume\n|-damage|p2a: Vileplume|138/266\n|-status|p2a: Vileplume|brn\n|move|p2a: Vileplume|Sludge Bomb|p1a: Ho-Oh\n|-damage|p1a: Ho-Oh|178/268\n|\n|-damage|p2a: Vileplume|122/266 brn|[from] brn\n|upkeep\n|turn|34\n|\n|t:|1782862388\n|move|p1a: Ho-Oh|Brave Bird|p2a: Vileplume\n|-supereffective|p2a: Vileplume\n|-damage|p2a: Vileplume|0 fnt\n|faint|p2a: Vileplume\n|-damage|p1a: Ho-Oh|138/268|[from] Recoil\n|\n|upkeep\n|\n|t:|1782862390\n|switch|p2a: Necrozma|Necrozma-Dawn-Wings, L76|272/272\n|turn|35\n|\n|t:|1782862402\n|switch|p1a: Tsareena|Tsareena, L87, F|267/267\n|move|p2a: Necrozma|Moongeist Beam|p1a: Tsareena\n|-damage|p1a: Tsareena|173/267\n|-damage|p2a: Necrozma|245/272|[from] item: Life Orb\n|\n|upkeep\n|turn|36\n|\n|t:|1782862409\n|switch|p2a: Vespiquen|Vespiquen, L99, F, tera:Steel|234/299\n|-ability|p2a: Vespiquen|Pressure\n|move|p1a: Tsareena|Knock Off|p2a: Vespiquen\n|-damage|p2a: Vespiquen|164/299\n|-enditem|p2a: Vespiquen|Heavy-Duty Boots|[from] move: Knock Off|[of] p1a: Tsareena\n|\n|upkeep\n|turn|37\n|\n|t:|1782862421\n|switch|p1a: Ho-Oh|Ho-Oh, L71|227/268\n|move|p2a: Vespiquen|U-turn|p1a: Ho-Oh\n|-resisted|p1a: Ho-Oh\n|-damage|p1a: Ho-Oh|201/268\n|\n|t:|1782862424\n|switch|p2a: Milotic|Milotic, L83, F|55/293 brn|[from] U-turn\n|\n|-heal|p2a: Milotic|73/293 brn|[from] item: Leftovers\n|-damage|p2a: Milotic|55/293 brn|[from] brn\n|upkeep\n|turn|38\n|\n|t:|1782862437\n|move|p2a: Milotic|Recover|p2a: Milotic\n|-heal|p2a: Milotic|202/293 brn\n|move|p1a: Ho-Oh|Brave Bird|p2a: Milotic\n|-damage|p2a: Milotic|82/293 brn\n|-damage|p1a: Ho-Oh|161/268|[from] Recoil\n|\n|-heal|p2a: Milotic|100/293 brn|[from] item: Leftovers\n|-damage|p2a: Milotic|82/293 brn|[from] brn\n|upkeep\n|turn|39\n|\n|t:|1782862449\n|switch|p1a: Wo-Chien|Wo-Chien, L83|147/277\n|-ability|p1a: Wo-Chien|Tablets of Ruin\n|move|p2a: Milotic|Recover|p2a: Milotic\n|-heal|p2a: Milotic|229/293 brn\n|\n|-heal|p2a: Milotic|247/293 brn|[from] item: Leftovers\n|-heal|p1a: Wo-Chien|164/277|[from] item: Leftovers\n|-damage|p2a: Milotic|229/293 brn|[from] brn\n|upkeep\n|turn|40\n|\n|t:|1782862457\n|switch|p2a: Vespiquen|Vespiquen, L99, F, tera:Steel|164/299\n|-ability|p2a: Vespiquen|Pressure\n|move|p1a: Wo-Chien|Leech Seed|p2a: Vespiquen\n|-start|p2a: Vespiquen|move: Leech Seed\n|\n|-heal|p1a: Wo-Chien|181/277|[from] item: Leftovers\n|-damage|p2a: Vespiquen|127/299|[from] Leech Seed|[of] p1a: Wo-Chien\n|-heal|p1a: Wo-Chien|218/277|[silent]\n|upkeep\n|turn|41\n|\n|t:|1782862462\n|move|p1a: Wo-Chien|Protect|p1a: Wo-Chien\n|-singleturn|p1a: Wo-Chien|Protect\n|move|p2a: Vespiquen|Spikes|p1a: Wo-Chien\n|-sidestart|p1: Sup1c37|Spikes\n|\n|-heal|p1a: Wo-Chien|235/277|[from] item: Leftovers\n|-damage|p2a: Vespiquen|90/299|[from] Leech Seed|[of] p1a: Wo-Chien\n|-heal|p1a: Wo-Chien|272/277|[silent]\n|upkeep\n|turn|42\n|\n|t:|1782862472\n|move|p1a: Wo-Chien|Stun Spore|p2a: Vespiquen\n|-status|p2a: Vespiquen|par\n|move|p2a: Vespiquen|U-turn|p1a: Wo-Chien\n|-supereffective|p1a: Wo-Chien\n|-damage|p1a: Wo-Chien|32/277\n|\n|t:|1782862475\n|switch|p2a: Milotic|Milotic, L83, F|229/293 brn|[from] U-turn\n|\n|-heal|p2a: Milotic|247/293 brn|[from] item: Leftovers\n|-heal|p1a: Wo-Chien|49/277|[from] item: Leftovers\n|-damage|p2a: Milotic|229/293 brn|[from] brn\n|upkeep\n|turn|43\n|\n|t:|1782862480\n|move|p2a: Milotic|Ice Beam|p1a: Wo-Chien\n|-supereffective|p1a: Wo-Chien\n|-damage|p1a: Wo-Chien|0 fnt\n|faint|p1a: Wo-Chien\n|\n|-heal|p2a: Milotic|247/293 brn|[from] item: Leftovers\n|-damage|p2a: Milotic|229/293 brn|[from] brn\n|upkeep\n|\n|t:|1782862492\n|switch|p1a: Tsareena|Tsareena, L87, F|173/267\n|-damage|p1a: Tsareena|140/267|[from] Spikes\n|turn|44\n|\n|t:|1782862504\n|move|p2a: Milotic|Ice Beam|p1a: Tsareena\n|-supereffective|p1a: Tsareena\n|-damage|p1a: Tsareena|60/267\n|move|p1a: Tsareena|Rapid Spin|p2a: Milotic\n|-damage|p2a: Milotic|181/293 brn\n|-boost|p1a: Tsareena|spe|1\n|-sideend|p1: Sup1c37|Spikes|[from] move: Rapid Spin|[of] p1a: Tsareena\n|\n|-heal|p2a: Milotic|199/293 brn|[from] item: Leftovers\n|-damage|p2a: Milotic|181/293 brn|[from] brn\n|upkeep\n|turn|45\n|\n|t:|1782862514\n|move|p1a: Tsareena|Power Whip|p2a: Milotic\n|-supereffective|p2a: Milotic\n|-damage|p2a: Milotic|0 fnt\n|faint|p2a: Milotic\n|\n|upkeep\n|\n|t:|1782862515\n|switch|p2a: Vespiquen|Vespiquen, L99, F, tera:Steel|90/299 par\n|-ability|p2a: Vespiquen|Pressure\n|turn|46\n|\n|t:|1782862522\n|move|p1a: Tsareena|Power Whip|p2a: Vespiquen\n|-resisted|p2a: Vespiquen\n|-damage|p2a: Vespiquen|31/299 par\n|move|p2a: Vespiquen|U-turn|p1a: Tsareena\n|-supereffective|p1a: Tsareena\n|-damage|p1a: Tsareena|0 fnt\n|faint|p1a: Tsareena\n|\n|t:|1782862525\n|switch|p2a: Necrozma|Necrozma-Dawn-Wings, L76|245/272|[from] U-turn\n|\n|upkeep\n|\n|t:|1782862533\n|switch|p1a: Houndstone|Houndstone, L86, M|86/264 psn\n|turn|47\n|\n|t:|1782862540\n|move|p1a: Houndstone|Shadow Sneak|p2a: Necrozma\n|-supereffective|p2a: Necrozma\n|-damage|p2a: Necrozma|125/272\n|move|p2a: Necrozma|Moongeist Beam|p1a: Houndstone\n|-supereffective|p1a: Houndstone\n|-damage|p1a: Houndstone|0 fnt\n|faint|p1a: Houndstone\n|-damage|p2a: Necrozma|98/272|[from] item: Life Orb\n|\n|upkeep\n|\n|t:|1782862542\n|switch|p1a: Ho-Oh|Ho-Oh, L71|250/268\n|turn|48\n|\n|t:|1782862545\n|move|p1a: Ho-Oh|Sacred Fire|p2a: Necrozma\n|-damage|p2a: Necrozma|2/272\n|-status|p2a: Necrozma|brn\n|move|p2a: Necrozma|Dragon Dance|p2a: Necrozma\n|-boost|p2a: Necrozma|atk|1\n|-boost|p2a: Necrozma|spe|1\n|\n|-damage|p2a: Necrozma|0 fnt|[from] brn\n|faint|p2a: Necrozma\n|upkeep\n|\n|t:|1782862546\n|switch|p2a: Vespiquen|Vespiquen, L99, F, tera:Steel|31/299 par\n|-ability|p2a: Vespiquen|Pressure\n|turn|49\n|\n|t:|1782862555\n|move|p1a: Ho-Oh|Earthquake|p2a: Vespiquen\n|-supereffective|p2a: Vespiquen\n|-damage|p2a: Vespiquen|0 fnt\n|faint|p2a: Vespiquen\n|\n|win|Sup1c37\n|raw|Sup1c37's rating: 2158 &rarr; <strong>2180</strong><br />(+22 for winning)\n|raw|qiuescent's rating: 2194 &rarr; <strong>2172</strong><br />(-22 for losing)\n", "inputlog": ">version f8ac14003a5f27e1bdc8d8c59608a773c1cb96e5\n>start {\"formatid\":\"gen9randombattle\",\"seed\":\"sodium,47300bacec87cc03e95901addb7b618b\",\"rated\":\"Rated battle\"}\n>player p1 {\"name\":\"Sup1c37\",\"avatar\":\"pokemaniac\",\"rating\":2158,\"seed\":\"sodium,4bdd2e400beef56a53e42885277fd2ef\"}\n>player p2 {\"name\":\"qiuescent\",\"avatar\":\"2\",\"rating\":2194,\"seed\":\"sodium,ae050657a48a88f42c0ef769e4ed869c\"}\n>p1 move stunspore\n>p2 switch 3\n>p1 move knockoff\n>p2 move sludgebomb\n>p1 move protect\n>p2 move sludgebomb\n>p1 switch 4\n>p2 move sludgebomb\n>p1 move poltergeist\n>p2 move strengthsap\n>p1 move roar\n>p2 move sludgebomb\n>p1 move roar\n>p2 move dragondance\n>p1 switch 6\n>p2 move knockoff\n>p1 move sacredfire\n>p2 switch 3\n>p1 switch 2\n>p2 move scald\n>p1 move sludgebomb\n>p2 switch 5\n>p1 switch 2\n>p2 move sleeppowder\n>p1 move sacredfire\n>p2 switch 2\n>p1 switch 2\n>p2 move dragondance\n>p1 move sludgebomb\n>p2 move iciclespear\n>p1 move recover\n>p2 move iciclespear\n>p1 switch 5\n>p1 move dragondance\n>p2 move dragondance\n>p1 move dragondance\n>p2 move earthquake\n>p1 move crunch\n>p2 move earthquake\n>p2 switch 4\n>p1 move icepunch\n>p2 move uturn terastallize\n>p2 switch 3\n>p1 move liquidation\n>p2 move iceshard\n>p1 move crunch\n>p2 move iceshard\n>p2 switch 5\n>p1 move crunch\n>p2 move haze\n>p1 move dragondance\n>p2 move recover\n>p1 move crunch\n>p2 move haze\n>p1 move dragondance\n>p2 move recover\n>p1 move crunch\n>p2 move haze\n>p1 move dragondance\n>p2 move recover\n>p1 move crunch\n>p2 move haze\n>p1 move dragondance\n>p2 move scald\n>p1 switch 6\n>p1 move poltergeist\n>p2 switch 2\n>p1 switch 2\n>p2 move strengthsap\n>p1 move sacredfire\n>p2 move sludgebomb\n>p1 move bravebird\n>p2 move strengthsap\n>p2 switch 6\n>p1 switch 3\n>p2 move moongeistbeam\n>p1 move knockoff\n>p2 switch 3\n>p1 switch 3\n>p2 move uturn\n>p2 switch 2\n>p1 move bravebird\n>p2 move recover\n>p1 switch 4\n>p2 move recover\n>p1 move leechseed\n>p2 switch 2\n>p1 move protect\n>p2 move spikes\n>p1 move stunspore\n>p2 move uturn\n>p2 switch 2\n>p1 move leechseed\n>p2 move icebeam\n>p1 switch 3\n>p1 move rapidspin\n>p2 move icebeam\n>p1 move powerwhip\n>p2 move icebeam\n>p2 switch 2\n>p1 move powerwhip\n>p2 move uturn\n>p2 switch 3\n>p1 switch 2\n>p1 move shadowsneak\n>p2 move moongeistbeam\n>p1 switch 4\n>p1 move sacredfire\n>p2 move dragondance\n>p2 switch 3\n>p1 move earthquake\n>p2 move uturn", "uploadtime": 1782862555, "views": 7, "formatid": "gen9randombattle", "rating": 2172, "private": 0, "password": null, "player_dets": [{"name": "Sup1c37", "avatar": "pokemaniac", "rating": 2158, "seed": "sodium,4bdd2e400beef56a53e42885277fd2ef"}, {"name": "qiuescent", "avatar": "2", "rating": 2194, "seed": "sodium,ae050657a48a88f42c0ef769e4ed869c"}], "teams_full": [{"Wo-Chien": {"name": "Wo-Chien", "species": "Wo-Chien", "speciesId": "wochien", "gender": "N", "shiny": false, "level": 83, "moves": ["protect", "leechseed", "stunspore", "knockoff"], "ability": "Tablets of Ruin", "evs": {"hp": 85, "atk": 85, "def": 85, "spa": 85, "spd": 85, "spe": 85}, "ivs": {"hp": 31, "atk": 31, "def": 31, "spa": 31, "spd": 31, "spe": 31}, "item": "Leftovers", "teraType": "Poison", "role": "Bulky Support", "bvs": {"hp": 85, "atk": 85, "def": 100, "spa": 95, "spd": 135, "spe": 70}, "stats": {"hp": 277, "atk": 189, "def": 214, "spa": 205, "spd": 272, "spe": 164}, "types": ["Dark", "Grass"]}, "Gastrodon": {"name": "Gastrodon", "species": "Gastrodon", "speciesId": "gastrodon", "gender": "M", "shiny": false, "level": 86, "moves": ["surf", "recover", "earthquake", "sludgebomb"], "ability": "Storm Drain", "evs": {"hp": 85, "atk": 85, "def": 85, "spa": 85, "spd": 85, "spe": 85}, "ivs": {"hp": 31, "atk": 31, "def": 31, "spa": 31, "spd": 31, "spe": 31}, "item": "Leftovers", "teraType": "Poison", "role": "Bulky Support", "bvs": {"hp": 111, "atk": 83, "def": 68, "spa": 92, "spd": 82, "spe": 39}, "stats": {"hp": 331, "atk": 192, "def": 166, "spa": 207, "spd": 190, "spe": 116}, "types": ["Water", "Ground"]}, "Tsareena": {"name": "Tsareena", "species": "Tsareena", "speciesId": "tsareena", "gender": "F", "shiny": false, "level": 87, "moves": ["rapidspin", "knockoff", "tripleaxel", "powerwhip"], "ability": "Queenly Majesty", "evs": {"hp": 85, "atk": 85, "def": 85, "spa": 85, "spd": 85, "spe": 85}, "ivs": {"hp": 31, "atk": 31, "def": 31, "spa": 31, "spd": 31, "spe": 31}, "item": "Assault Vest", "teraType": "Steel", "role": "Fast Support", "bvs": {"hp": 72, "atk": 120, "def": 98, "spa": 50, "spd": 98, "spe": 72}, "stats": {"hp": 267, "atk": 259, "def": 220, "spa": 137, "spd": 220, "spe": 175}, "types": ["Grass"]}, "Houndstone": {"name": "Houndstone", "species": "Houndstone", "speciesId": "houndstone", "gender": "M", "shiny": false, "level": 86, "moves": ["roar", "bodypress", "shadowsneak", "poltergeist"], "ability": "Fluffy", "evs": {"hp": 85, "atk": 85, "def": 85, "spa": 85, "spd": 85, "spe": 85}, "ivs": {"hp": 31, "atk": 31, "def": 31, "spa": 31, "spd": 31, "spe": 31}, "item": "Leftovers", "teraType": "Fighting", "role": "Bulky Attacker", "bvs": {"hp": 72, "atk": 101, "def": 100, "spa": 50, "spd": 97, "spe": 68}, "stats": {"hp": 264, "atk": 223, "def": 221, "spa": 135, "spd": 216, "spe": 166}, "types": ["Ghost"]}, "Feraligatr": {"name": "Feraligatr", "species": "Feraligatr", "speciesId": "feraligatr", "gender": "M", "shiny": false, "level": 79, "moves": ["dragondance", "crunch", "icepunch", "liquidation"], "ability": "Sheer Force", "evs": {"hp": 85, "atk": 85, "def": 85, "spa": 85, "spd": 85, "spe": 85}, "ivs": {"hp": 31, "atk": 31, "def": 31, "spa": 31, "spd": 31, "spe": 31}, "item": "Life Orb", "teraType": "Water", "role": "Fast Bulky Setup", "bvs": {"hp": 85, "atk": 105, "def": 100, "spa": 79, "spd": 83, "spe": 78}, "stats": {"hp": 264, "atk": 211, "def": 204, "spa": 170, "spd": 177, "spe": 169}, "types": ["Water"]}, "Ho-Oh": {"name": "Ho-Oh", "species": "Ho-Oh", "speciesId": "hooh", "gender": "N", "shiny": false, "level": 71, "moves": ["earthquake", "recover", "bravebird", "sacredfire"], "ability": "Regenerator", "evs": {"hp": 85, "atk": 85, "def": 85, "spa": 85, "spd": 85, "spe": 85}, "ivs": {"hp": 31, "atk": 31, "def": 31, "spa": 31, "spd": 31, "spe": 31}, "item": "Heavy-Duty Boots", "teraType": "Steel", "role": "Bulky Attacker", "bvs": {"hp": 106, "atk": 130, "def": 90, "spa": 110, "spd": 154, "spe": 90}, "stats": {"hp": 268, "atk": 226, "def": 169, "spa": 198, "spd": 260, "spe": 169}, "types": ["Fire", "Flying"]}}, {"Milotic": {"name": "Milotic", "species": "Milotic", "speciesId": "milotic", "gender": "F", "shiny": false, "level": 83, "moves": ["haze", "scald", "recover", "icebeam"], "ability": "Competitive", "evs": {"hp": 85, "atk": 0, "def": 85, "spa": 85, "spd": 85, "spe": 85}, "ivs": {"hp": 31, "atk": 0, "def": 31, "spa": 31, "spd": 31, "spe": 31}, "item": "Leftovers", "teraType": "Steel", "role": "Bulky Attacker", "bvs": {"hp": 95, "atk": 60, "def": 79, "spa": 100, "spd": 125, "spe": 81}, "stats": {"hp": 293, "atk": 104, "def": 179, "spa": 214, "spd": 255, "spe": 182}, "types": ["Water"]}, "Donphan": {"name": "Donphan", "species": "Donphan", "speciesId": "donphan", "gender": "F", "shiny": false, "level": 84, "moves": ["knockoff", "iceshard", "earthquake", "rapidspin"], "ability": "Sturdy", "evs": {"hp": 85, "atk": 85, "def": 85, "spa": 85, "spd": 85, "spe": 85}, "ivs": {"hp": 31, "atk": 31, "def": 31, "spa": 31, "spd": 31, "spe": 31}, "item": "Assault Vest", "teraType": "Water", "role": "Bulky Support", "bvs": {"hp": 90, "atk": 120, "def": 120, "spa": 60, "spd": 60, "spe": 50}, "stats": {"hp": 288, "atk": 250, "def": 250, "spa": 149, "spd": 149, "spe": 132}, "types": ["Ground"]}, "Vileplume": {"name": "Vileplume", "species": "Vileplume", "speciesId": "vileplume", "gender": "M", "shiny": false, "level": 85, "moves": ["gigadrain", "strengthsap", "sludgebomb", "sleeppowder"], "ability": "Effect Spore", "evs": {"hp": 85, "atk": 0, "def": 85, "spa": 85, "spd": 85, "spe": 85}, "ivs": {"hp": 31, "atk": 0, "def": 31, "spa": 31, "spd": 31, "spe": 31}, "item": "Leftovers", "teraType": "Steel", "role": "Bulky Attacker", "bvs": {"hp": 75, "atk": 80, "def": 85, "spa": 110, "spd": 90, "spe": 50}, "stats": {"hp": 266, "atk": 141, "def": 193, "spa": 236, "spd": 202, "spe": 134}, "types": ["Grass", "Poison"]}, "Vespiquen": {"name": "Vespiquen", "species": "Vespiquen", "speciesId": "vespiquen", "gender": "F", "shiny": false, "level": 99, "moves": ["uturn", "roost", "airslash", "spikes"], "ability": "Pressure", "evs": {"hp": 85, "atk": 85, "def": 85, "spa": 85, "spd": 85, "spe": 85}, "ivs": {"hp": 31, "atk": 31, "def": 31, "spa": 31, "spd": 31, "spe": 31}, "item": "Heavy-Duty Boots", "teraType": "Steel", "role": "Bulky Support", "bvs": {"hp": 70, "atk": 80, "def": 102, "spa": 80, "spd": 102, "spe": 40}, "stats": {"hp": 299, "atk": 214, "def": 258, "spa": 214, "spd": 258, "spe": 135}, "types": ["Bug", "Flying"]}, "Lapras": {"name": "Lapras", "species": "Lapras", "speciesId": "lapras", "gender": "F", "shiny": false, "level": 87, "moves": ["earthquake", "waterfall", "iciclespear", "dragondance"], "ability": "Water Absorb", "evs": {"hp": 81, "atk": 85, "def": 85, "spa": 85, "spd": 85, "spe": 85}, "ivs": {"hp": 31, "atk": 31, "def": 31, "spa": 31, "spd": 31, "spe": 31}, "item": "Loaded Dice", "teraType": "Ground", "role": "Setup Sweeper", "bvs": {"hp": 130, "atk": 85, "def": 80, "spa": 85, "spd": 95, "spe": 60}, "stats": {"hp": 367, "atk": 198, "def": 189, "spa": 198, "spd": 215, "spe": 154}, "types": ["Water", "Ice"]}, "Necrozma": {"name": "Necrozma", "species": "Necrozma-Dawn-Wings", "speciesId": "necrozmadawnwings", "gender": "N", "shiny": false, "level": 76, "moves": ["photongeyser", "moongeistbeam", "brickbreak", "dragondance"], "ability": "Prism Armor", "evs": {"hp": 85, "atk": 85, "def": 85, "spa": 85, "spd": 85, "spe": 85}, "ivs": {"hp": 31, "atk": 31, "def": 31, "spa": 31, "spd": 31, "spe": 31}, "item": "Life Orb", "teraType": "Fighting", "role": "Setup Sweeper", "bvs": {"hp": 97, "atk": 113, "def": 109, "spa": 157, "spd": 127, "spe": 77}, "stats": {"hp": 272, "atk": 216, "def": 210, "spa": 283, "spd": 237, "spe": 161}, "types": ["Psychic", "Ghost"]}}]}