{"id": "gen9randombattle-2642038514", "format": "[Gen 9] Random Battle", "players": ["moomoo798", "ekaji"], "log": "|j|\u2606moomoo798\n|j|\u2606ekaji\n|t:|1782877405\n|gametype|singles\n|player|p1|moomoo798|steven|2163\n|player|p2|ekaji|2|2165\n|gen|9\n|tier|[Gen 9] Random Battle\n|rated|\n|rule|Species Clause: Limit one of each Pok\u00e9mon\n|rule|HP Percentage Mod: HP is shown in percentages\n|rule|Sleep Clause Mod: Limit one foe put to sleep\n|rule|Illusion Level Mod: Illusion disguises the Pok\u00e9mon's true level\n|\n|t:|1782877405\n|teamsize|p1|6\n|teamsize|p2|6\n|start\n|switch|p1a: Latias|Latias, L79, F|256/256\n|switch|p2a: Cresselia|Cresselia, L80, F|323/323\n|turn|1\n|inactive|Battle timer is ON: inactive players will automatically lose when time's up. (requested by moomoo798)\n|inactive|moomoo798 has 120 seconds left.\n|inactive|moomoo798 has 90 seconds left.\n|\n|t:|1782877471\n|switch|p1a: Probopass|Probopass, L91, M|257/257\n|switch|p2a: Persian|Persian-Alola, L86, M|252/252\n|\n|upkeep\n|turn|2\n|\n|t:|1782877479\n|move|p2a: Persian|Hypnosis|p1a: Probopass|[miss]\n|-miss|p2a: Persian|p1a: Probopass\n|move|p1a: Probopass|Thunder Wave|p2a: Persian\n|-status|p2a: Persian|par\n|\n|upkeep\n|turn|3\n|\n|t:|1782877493\n|switch|p1a: Komala|Komala, L88, F|258/258\n|-ability|p1a: Komala|Comatose\n|switch|p2a: Torterra|Torterra, L78, F|276/276\n|\n|upkeep\n|turn|4\n|\n|t:|1782877503\n|switch|p2a: Persian|Persian-Alola, L86, M|252/252 par\n|move|p1a: Komala|Knock Off|p2a: Persian\n|-resisted|p2a: Persian\n|-damage|p2a: Persian|224/252 par\n|-enditem|p2a: Persian|Leftovers|[from] move: Knock Off|[of] p1a: Komala\n|\n|upkeep\n|turn|5\n|\n|t:|1782877510\n|move|p1a: Komala|Body Slam|p2a: Persian\n|-damage|p2a: Persian|143/252 par\n|move|p2a: Persian|Dark Pulse|p1a: Komala\n|-damage|p1a: Komala|210/258\n|\n|upkeep\n|turn|6\n|\n|t:|1782877515\n|move|p1a: Komala|Body Slam|p2a: Persian\n|-damage|p2a: Persian|71/252 par\n|cant|p2a: Persian|par\n|\n|upkeep\n|turn|7\n|\n|t:|1782877519\n|move|p1a: Komala|Body Slam|p2a: Persian\n|-damage|p2a: Persian|0 fnt\n|faint|p2a: Persian\n|\n|upkeep\n|\n|t:|1782877536\n|switch|p2a: Kleavor|Kleavor, L78, F|237/237\n|turn|8\n|inactive|moomoo798 has 120 seconds left.\n|\n|t:|1782877571\n|switch|p1a: Dondozo|Dondozo, L78, F|362/362\n|move|p2a: Kleavor|Stone Axe|p1a: Dondozo\n|-damage|p1a: Dondozo|259/362\n|-sidestart|p1: moomoo798|move: Stealth Rock\n|\n|-heal|p1a: Dondozo|281/362|[from] item: Leftovers\n|upkeep\n|turn|9\n|\n|t:|1782877582\n|switch|p2a: Torterra|Torterra, L78, F|276/276\n|move|p1a: Dondozo|Wave Crash|p2a: Torterra\n|-damage|p2a: Torterra|170/276\n|-damage|p1a: Dondozo|246/362|[from] Recoil\n|\n|-heal|p1a: Dondozo|268/362|[from] item: Leftovers\n|upkeep\n|turn|10\n|\n|t:|1782877597\n|switch|p1a: Latias|Latias, L79, F|256/256\n|-damage|p1a: Latias|224/256|[from] Stealth Rock\n|move|p2a: Torterra|Bullet Seed|p1a: Latias\n|-resisted|p1a: Latias\n|-damage|p1a: Latias|212/256\n|-resisted|p1a: Latias\n|-damage|p1a: Latias|198/256\n|-resisted|p1a: Latias\n|-damage|p1a: Latias|184/256\n|-resisted|p1a: Latias\n|-damage|p1a: Latias|172/256\n|-hitcount|p1a: Latias|4\n|\n|upkeep\n|turn|11\n|\n|t:|1782877608\n|switch|p2a: Slowking|Slowking-Galar, L85, M|300/300\n|move|p1a: Latias|Draco Meteor|p2a: Slowking\n|-damage|p2a: Slowking|171/300\n|-unboost|p1a: Latias|spa|2\n|\n|-heal|p2a: Slowking|189/300|[from] item: Leftovers\n|upkeep\n|turn|12\n|\n|t:|1782877619\n|switch|p1a: Probopass|Probopass, L91, M|257/257\n|-damage|p1a: Probopass|241/257|[from] Stealth Rock\n|move|p2a: Slowking|Thunder Wave|p1a: Probopass\n|-status|p1a: Probopass|par\n|\n|-heal|p2a: Slowking|207/300|[from] item: Leftovers\n|-heal|p1a: Probopass|257/257 par|[from] item: Leftovers\n|upkeep\n|turn|13\n|\n|t:|1782877628\n|switch|p2a: Torterra|Torterra, L78, F|170/276\n|cant|p1a: Probopass|par\n|\n|upkeep\n|turn|14\n|\n|t:|1782877634\n|switch|p1a: Latias|Latias, L79, F|172/256\n|-damage|p1a: Latias|140/256|[from] Stealth Rock\n|move|p2a: Torterra|Shell Smash|p2a: Torterra\n|-unboost|p2a: Torterra|def|1\n|-unboost|p2a: Torterra|spd|1\n|-boost|p2a: Torterra|atk|2\n|-boost|p2a: Torterra|spa|2\n|-boost|p2a: Torterra|spe|2\n|\n|upkeep\n|turn|15\n|\n|t:|1782877647\n|-terastallize|p1a: Latias|Steel\n|move|p2a: Torterra|Rock Blast|p1a: Latias\n|-resisted|p1a: Latias\n|-damage|p1a: Latias|124/256\n|-resisted|p1a: Latias\n|-damage|p1a: Latias|106/256\n|-resisted|p1a: Latias\n|-damage|p1a: Latias|88/256\n|-resisted|p1a: Latias\n|-damage|p1a: Latias|72/256\n|-hitcount|p1a: Latias|4\n|move|p1a: Latias|Draco Meteor|p2a: Torterra\n|-damage|p2a: Torterra|0 fnt\n|-unboost|p1a: Latias|spa|2\n|faint|p2a: Torterra\n|\n|upkeep\n|\n|t:|1782877663\n|switch|p2a: Kleavor|Kleavor, L78, F|237/237\n|turn|16\n|\n|t:|1782877667\n|switch|p1a: Dondozo|Dondozo, L78, F|268/362\n|-damage|p1a: Dondozo|223/362|[from] Stealth Rock\n|move|p2a: Kleavor|Close Combat|p1a: Dondozo\n|-damage|p1a: Dondozo|139/362\n|-unboost|p2a: Kleavor|def|1\n|-unboost|p2a: Kleavor|spd|1\n|\n|-heal|p1a: Dondozo|161/362|[from] item: Leftovers\n|upkeep\n|turn|17\n|\n|t:|1782877682\n|move|p2a: Kleavor|X-Scissor|p1a: Dondozo\n|-damage|p1a: Dondozo|26/362\n|move|p1a: Dondozo|Rest|p1a: Dondozo\n|-status|p1a: Dondozo|slp|[from] move: Rest\n|-heal|p1a: Dondozo|362/362 slp|[silent]\n|\n|upkeep\n|turn|18\n|\n|t:|1782877711\n|switch|p2a: Cresselia|Cresselia, L80, F|323/323\n|cant|p1a: Dondozo|slp\n|move|p1a: Dondozo|Sleep Talk|p1a: Dondozo\n|move|p1a: Dondozo|Rest||[from] move: Sleep Talk|[still]\n|-fail|p1a: Dondozo\n|\n|upkeep\n|turn|19\n|\n|t:|1782877716\n|move|p2a: Cresselia|Thunderbolt|p1a: Dondozo\n|-supereffective|p1a: Dondozo\n|-damage|p1a: Dondozo|242/362 slp\n|cant|p1a: Dondozo|slp\n|move|p1a: Dondozo|Sleep Talk|p1a: Dondozo\n|move|p1a: Dondozo|Rest||[from] move: Sleep Talk|[still]\n|-fail|p1a: Dondozo\n|\n|-heal|p1a: Dondozo|264/362 slp|[from] item: Leftovers\n|upkeep\n|turn|20\n|\n|t:|1782877726\n|switch|p1a: Probopass|Probopass, L91, M|257/257 par\n|-damage|p1a: Probopass|241/257 par|[from] Stealth Rock\n|move|p2a: Cresselia|Thunderbolt|p1a: Probopass\n|-damage|p1a: Probopass|209/257 par\n|\n|-heal|p1a: Probopass|225/257 par|[from] item: Leftovers\n|upkeep\n|turn|21\n|\n|t:|1782877733\n|switch|p2a: Kleavor|Kleavor, L78, F|237/237\n|move|p1a: Probopass|Thunder Wave|p2a: Kleavor\n|-status|p2a: Kleavor|par\n|\n|-heal|p1a: Probopass|241/257 par|[from] item: Leftovers\n|upkeep\n|turn|22\n|\n|t:|1782877739\n|switch|p1a: Dondozo|Dondozo, L78, F|264/362 slp\n|-damage|p1a: Dondozo|219/362 slp|[from] Stealth Rock\n|move|p2a: Kleavor|Close Combat|p1a: Dondozo\n|-damage|p1a: Dondozo|139/362 slp\n|-unboost|p2a: Kleavor|def|1\n|-unboost|p2a: Kleavor|spd|1\n|\n|-heal|p1a: Dondozo|161/362 slp|[from] item: Leftovers\n|upkeep\n|turn|23\n|\n|t:|1782877752\n|switch|p2a: Cresselia|Cresselia, L80, F|323/323\n|-curestatus|p1a: Dondozo|slp|[msg]\n|move|p1a: Dondozo|Rest|p1a: Dondozo\n|-status|p1a: Dondozo|slp|[from] move: Rest\n|-heal|p1a: Dondozo|362/362 slp|[silent]\n|\n|upkeep\n|turn|24\n|\n|t:|1782877762\n|switch|p1a: Latias|Latias, L79, F, tera:Steel|72/256\n|-damage|p1a: Latias|56/256|[from] Stealth Rock\n|move|p2a: Cresselia|Thunderbolt|p1a: Latias\n|-damage|p1a: Latias|15/256\n|\n|upkeep\n|turn|25\n|\n|t:|1782877781\n|move|p1a: Latias|Recover|p1a: Latias\n|-heal|p1a: Latias|143/256\n|move|p2a: Cresselia|Thunderbolt|p1a: Latias\n|-damage|p1a: Latias|102/256\n|\n|upkeep\n|turn|26\n|\n|t:|1782877791\n|move|p1a: Latias|Recover|p1a: Latias\n|-heal|p1a: Latias|230/256\n|move|p2a: Cresselia|Calm Mind|p2a: Cresselia\n|-boost|p2a: Cresselia|spa|1\n|-boost|p2a: Cresselia|spd|1\n|\n|upkeep\n|turn|27\n|inactive|moomoo798 has 120 seconds left.\n|\n|t:|1782877828\n|switch|p1a: Komala|Komala, L88, F|210/258\n|-damage|p1a: Komala|178/258|[from] Stealth Rock\n|-ability|p1a: Komala|Comatose\n|move|p2a: Cresselia|Calm Mind|p2a: Cresselia\n|-boost|p2a: Cresselia|spa|1\n|-boost|p2a: Cresselia|spd|1\n|\n|upkeep\n|turn|28\n|\n|t:|1782877832\n|move|p2a: Cresselia|Psyshock|p1a: Komala\n|-damage|p1a: Komala|37/258\n|move|p1a: Komala|Rapid Spin|p2a: Cresselia\n|-damage|p2a: Cresselia|259/323\n|-boost|p1a: Komala|spe|1\n|-sideend|p1: moomoo798|Stealth Rock|[from] move: Rapid Spin|[of] p1a: Komala\n|\n|-heal|p2a: Cresselia|279/323|[from] item: Leftovers\n|upkeep\n|turn|29\n|inactive|moomoo798 has 120 seconds left.\n|inactive|moomoo798 has 90 seconds left.\n|\n|t:|1782877894\n|switch|p2a: Kleavor|Kleavor, L78, F|237/237 par\n|move|p1a: Komala|Knock Off|p2a: Kleavor\n|-damage|p2a: Kleavor|148/237 par\n|-enditem|p2a: Kleavor|Heavy-Duty Boots|[from] move: Knock Off|[of] p1a: Komala\n|\n|upkeep\n|turn|30\n|\n|t:|1782877902\n|move|p1a: Komala|Earthquake|p2a: Kleavor\n|-damage|p2a: Kleavor|51/237 par\n|move|p2a: Kleavor|Stone Axe|p1a: Komala\n|-damage|p1a: Komala|0 fnt\n|-sidestart|p1: moomoo798|move: Stealth Rock\n|faint|p1a: Komala\n|\n|upkeep\n|\n|t:|1782877917\n|switch|p1a: Slaking|Slaking, L84, F|389/389\n|-damage|p1a: Slaking|341/389|[from] Stealth Rock\n|turn|31\n|\n|t:|1782877922\n|move|p1a: Slaking|Knock Off|p2a: Kleavor\n|-damage|p2a: Kleavor|0 fnt\n|faint|p2a: Kleavor\n|\n|upkeep\n|\n|t:|1782877944\n|switch|p2a: Slowking|Slowking-Galar, L85, M|300/300\n|turn|32\n|inactive|moomoo798 has 90 seconds left.\n|\n|t:|1782877950\n|switch|p1a: Probopass|Probopass, L91, M|241/257 par\n|-damage|p1a: Probopass|225/257 par|[from] Stealth Rock\n|move|p2a: Slowking|Thunder Wave|p1a: Probopass\n|-fail|p1a: Probopass|par\n|\n|-heal|p1a: Probopass|241/257 par|[from] item: Leftovers\n|upkeep\n|turn|33\n|inactive|ekaji has 120 seconds left.\n|\n|t:|1782877981\n|move|p2a: Slowking|Psyshock|p1a: Probopass\n|-resisted|p1a: Probopass\n|-damage|p1a: Probopass|209/257 par\n|move|p1a: Probopass|Thunder Wave|p2a: Slowking\n|-status|p2a: Slowking|par\n|\n|-heal|p1a: Probopass|225/257 par|[from] item: Leftovers\n|upkeep\n|turn|34\n|inactive|moomoo798 has 90 seconds left.\n|\n|t:|1782878012\n|move|p1a: Probopass|Iron Defense|p1a: Probopass\n|-boost|p1a: Probopass|def|2\n|move|p2a: Slowking|Thunder Wave|p1a: Probopass\n|-fail|p1a: Probopass|par\n|\n|-heal|p1a: Probopass|241/257 par|[from] item: Leftovers\n|upkeep\n|turn|35\n|inactive|ekaji has 120 seconds left.\n|\n|t:|1782878034\n|switch|p2a: Cresselia|Cresselia, L80, F|279/323\n|move|p1a: Probopass|Iron Defense|p1a: Probopass\n|-boost|p1a: Probopass|def|2\n|\n|-heal|p2a: Cresselia|299/323|[from] item: Leftovers\n|-heal|p1a: Probopass|257/257 par|[from] item: Leftovers\n|upkeep\n|turn|36\n|inactive|moomoo798 has 90 seconds left.\n|inactive|ekaji has 120 seconds left.\n|\n|t:|1782878067\n|move|p2a: Cresselia|Calm Mind|p2a: Cresselia\n|-boost|p2a: Cresselia|spa|1\n|-boost|p2a: Cresselia|spd|1\n|move|p1a: Probopass|Iron Defense|p1a: Probopass\n|-boost|p1a: Probopass|def|2\n|\n|-heal|p2a: Cresselia|319/323|[from] item: Leftovers\n|upkeep\n|turn|37\n|\n|t:|1782878074\n|move|p2a: Cresselia|Calm Mind|p2a: Cresselia\n|-boost|p2a: Cresselia|spa|1\n|-boost|p2a: Cresselia|spd|1\n|move|p1a: Probopass|Body Press|p2a: Cresselia\n|-resisted|p2a: Cresselia\n|-damage|p2a: Cresselia|151/323\n|\n|-heal|p2a: Cresselia|171/323|[from] item: Leftovers\n|upkeep\n|turn|38\n|\n|t:|1782878086\n|move|p2a: Cresselia|Moonlight|p2a: Cresselia\n|-heal|p2a: Cresselia|323/323\n|move|p1a: Probopass|Body Press|p2a: Cresselia\n|-resisted|p2a: Cresselia\n|-damage|p2a: Cresselia|167/323\n|\n|-heal|p2a: Cresselia|187/323|[from] item: Leftovers\n|upkeep\n|turn|39\n|\n|t:|1782878094\n|move|p2a: Cresselia|Thunderbolt|p1a: Probopass\n|-damage|p1a: Probopass|196/257 par\n|move|p1a: Probopass|Body Press|p2a: Cresselia\n|-resisted|p2a: Cresselia\n|-damage|p2a: Cresselia|26/323\n|\n|-heal|p2a: Cresselia|46/323|[from] item: Leftovers\n|-heal|p1a: Probopass|212/257 par|[from] item: Leftovers\n|upkeep\n|turn|40\n|inactive|moomoo798 has 90 seconds left.\n|\n|t:|1782878101\n|move|p2a: Cresselia|Moonlight|p2a: Cresselia\n|-heal|p2a: Cresselia|207/323\n|move|p1a: Probopass|Body Press|p2a: Cresselia\n|-resisted|p2a: Cresselia\n|-damage|p2a: Cresselia|39/323\n|\n|-heal|p2a: Cresselia|59/323|[from] item: Leftovers\n|-heal|p1a: Probopass|228/257 par|[from] item: Leftovers\n|upkeep\n|turn|41\n|\n|t:|1782878107\n|move|p2a: Cresselia|Moonlight|p2a: Cresselia\n|-heal|p2a: Cresselia|220/323\n|move|p1a: Probopass|Body Press|p2a: Cresselia\n|-resisted|p2a: Cresselia\n|-crit|p2a: Cresselia\n|-damage|p2a: Cresselia|0 fnt\n|faint|p2a: Cresselia\n|\n|-heal|p1a: Probopass|244/257 par|[from] item: Leftovers\n|upkeep\n|\n|t:|1782878117\n|switch|p2a: Slowking|Slowking-Galar, L85, M|300/300 par\n|turn|42\n|\n|t:|1782878123\n|move|p1a: Probopass|Body Press|p2a: Slowking\n|-resisted|p2a: Slowking\n|-damage|p2a: Slowking|201/300 par\n|move|p2a: Slowking|Psyshock|p1a: Probopass\n|-resisted|p1a: Probopass\n|-damage|p1a: Probopass|236/257 par\n|\n|-heal|p1a: Probopass|252/257 par|[from] item: Leftovers\n|-heal|p2a: Slowking|219/300 par|[from] item: Leftovers\n|upkeep\n|turn|43\n|\n|t:|1782878126\n|move|p1a: Probopass|Body Press|p2a: Slowking\n|-resisted|p2a: Slowking\n|-damage|p2a: Slowking|116/300 par\n|move|p2a: Slowking|Slack Off|p2a: Slowking\n|-heal|p2a: Slowking|266/300 par\n|\n|-heal|p1a: Probopass|257/257 par|[from] item: Leftovers\n|-heal|p2a: Slowking|284/300 par|[from] item: Leftovers\n|upkeep\n|turn|44\n|inactive|moomoo798 has 120 seconds left.\n|\n|t:|1782878138\n|switch|p1a: Slaking|Slaking, L84, F|341/389\n|-damage|p1a: Slaking|293/389|[from] Stealth Rock\n|move|p2a: Slowking|Psyshock|p1a: Slaking\n|-damage|p1a: Slaking|202/389\n|\n|-heal|p2a: Slowking|300/300 par|[from] item: Leftovers\n|upkeep\n|turn|45\n|\n|t:|1782878148\n|move|p1a: Slaking|Knock Off|p2a: Slowking\n|-supereffective|p2a: Slowking\n|-damage|p2a: Slowking|0 fnt\n|-enditem|p2a: Slowking|Leftovers|[from] move: Knock Off|[of] p1a: Slaking\n|faint|p2a: Slowking\n|\n|upkeep\n|\n|t:|1782878150\n|switch|p2a: Drednaw|Drednaw, L81, F|278/278\n|turn|46\n|\n|t:|1782878161\n|switch|p1a: Dondozo|Dondozo, L78, F|362/362 slp\n|-damage|p1a: Dondozo|317/362 slp|[from] Stealth Rock\n|move|p2a: Drednaw|Shell Smash|p2a: Drednaw\n|-unboost|p2a: Drednaw|def|1\n|-unboost|p2a: Drednaw|spd|1\n|-boost|p2a: Drednaw|atk|2\n|-boost|p2a: Drednaw|spa|2\n|-boost|p2a: Drednaw|spe|2\n|-enditem|p2a: Drednaw|White Herb\n|-clearnegativeboost|p2a: Drednaw|[silent]\n|\n|-heal|p1a: Dondozo|339/362 slp|[from] item: Leftovers\n|upkeep\n|turn|47\n|\n|t:|1782878167\n|-terastallize|p2a: Drednaw|Dark\n|move|p2a: Drednaw|Crunch|p1a: Dondozo\n|-damage|p1a: Dondozo|221/362 slp\n|-unboost|p1a: Dondozo|def|1\n|cant|p1a: Dondozo|slp\n|move|p1a: Dondozo|Sleep Talk|p1a: Dondozo\n|move|p1a: Dondozo|Curse|p1a: Dondozo|[from] move: Sleep Talk\n|-unboost|p1a: Dondozo|spe|1\n|-boost|p1a: Dondozo|atk|1\n|-boost|p1a: Dondozo|def|1\n|\n|-heal|p1a: Dondozo|243/362 slp|[from] item: Leftovers\n|upkeep\n|turn|48\n|\n|t:|1782878179\n|move|p2a: Drednaw|Crunch|p1a: Dondozo\n|-damage|p1a: Dondozo|125/362 slp\n|cant|p1a: Dondozo|slp\n|move|p1a: Dondozo|Sleep Talk|p1a: Dondozo\n|move|p1a: Dondozo|Wave Crash|p2a: Drednaw|[from] move: Sleep Talk\n|-damage|p2a: Drednaw|100/278\n|-damage|p1a: Dondozo|66/362 slp|[from] Recoil\n|\n|-heal|p1a: Dondozo|88/362 slp|[from] item: Leftovers\n|upkeep\n|turn|49\n|\n|t:|1782878189\n|move|p2a: Drednaw|Crunch|p1a: Dondozo\n|-damage|p1a: Dondozo|0 fnt\n|faint|p1a: Dondozo\n|\n|upkeep\n|\n|t:|1782878193\n|switch|p1a: Comfey|Comfey, L85, M|225/225\n|-damage|p1a: Comfey|197/225|[from] Stealth Rock\n|turn|50\n|\n|t:|1782878198\n|move|p1a: Comfey|Draining Kiss|p2a: Drednaw\n|-supereffective|p2a: Drednaw\n|-damage|p2a: Drednaw|0 fnt\n|-heal|p1a: Comfey|225/225|[from] drain|[of] p2a: Drednaw\n|faint|p2a: Drednaw\n|\n|win|moomoo798\n|raw|moomoo798's rating: 2163 &rarr; <strong>2183</strong><br />(+20 for winning)\n|raw|ekaji's rating: 2165 &rarr; <strong>2145</strong><br />(-20 for losing)\n", "inputlog": ">version f8ac14003a5f27e1bdc8d8c59608a773c1cb96e5\n>start {\"formatid\":\"gen9randombattle\",\"seed\":\"sodium,ccbe74c5ee4a874231be52970c3106f9\",\"rated\":\"Rated battle\"}\n>player p1 {\"name\":\"moomoo798\",\"avatar\":\"steven\",\"rating\":2163,\"seed\":\"sodium,24ea2b2ac8df7821c3d3530a19975fd7\"}\n>player p2 {\"name\":\"ekaji\",\"avatar\":\"2\",\"rating\":2165,\"seed\":\"sodium,a0630cff56cd523ef3bd601ac93a8eb8\"}\n>p1 switch 4\n>p2 switch 4\n>p1 move thunderwave\n>p2 move hypnosis\n>p1 switch 3\n>p2 switch 2\n>p1 move knockoff\n>p2 switch 2\n>p1 move bodyslam\n>p2 move darkpulse\n>p1 move bodyslam\n>p2 move darkpulse\n>p1 move bodyslam\n>p2 move darkpulse\n>p2 switch 6\n>p1 switch 2\n>p2 move stoneaxe\n>p1 move wavecrash\n>p2 switch 2\n>p1 switch 4\n>p2 move bulletseed\n>p1 move dracometeor\n>p2 switch 5\n>p1 switch 3\n>p2 move thunderwave\n>p1 move irondefense\n>p2 switch 5\n>p1 switch 3\n>p2 move shellsmash\n>p1 move dracometeor terastallize\n>p2 move rockblast\n>p2 switch 2\n>p1 switch 4\n>p2 move closecombat\n>p1 move rest\n>p2 move xscissor\n>p1 move sleeptalk\n>p2 switch 4\n>p1 move sleeptalk\n>p2 move thunderbolt\n>p1 switch 3\n>p2 move thunderbolt\n>p1 move thunderwave\n>p2 switch 4\n>p1 switch 3\n>p2 move closecombat\n>p1 move rest\n>p2 switch 4\n>p1 switch 4\n>p2 move thunderbolt\n>p1 move recover\n>p2 move thunderbolt\n>p1 move recover\n>p2 move calmmind\n>p1 switch 2\n>p2 move calmmind\n>p1 move rapidspin\n>p2 move psyshock\n>p1 move knockoff\n>p2 switch 4\n>p1 move earthquake\n>p2 move stoneaxe\n>p1 switch 5\n>p1 move knockoff\n>p2 move closecombat\n>p2 switch 5\n>p1 switch 3\n>p2 move thunderwave\n>p1 move thunderwave\n>p2 move psyshock\n>p1 move irondefense\n>p2 move thunderwave\n>p1 move irondefense\n>p2 switch 4\n>p1 move irondefense\n>p2 move calmmind\n>p1 move bodypress\n>p2 move calmmind\n>p1 move bodypress\n>p2 move moonlight\n>p1 move bodypress\n>p2 move thunderbolt\n>p1 move bodypress\n>p2 move moonlight\n>p1 move bodypress\n>p2 move moonlight\n>p2 switch 4\n>p1 move bodypress\n>p2 move psyshock\n>p1 move bodypress\n>p2 move slackoff\n>p1 switch 3\n>p2 move psyshock\n>p1 move knockoff\n>p2 move sludgebomb\n>p2 switch 3\n>p1 switch 4\n>p2 move shellsmash\n>p1 move sleeptalk\n>p2 move crunch terastallize\n>p1 move sleeptalk\n>p2 move crunch\n>p1 move wavecrash\n>p2 move crunch\n>p1 switch 6\n>p1 move drainingkiss\n>p2 move liquidation", "uploadtime": 1782878198, "views": 2, "formatid": "gen9randombattle", "rating": 2145, "private": 0, "password": null, "player_dets": [{"name": "moomoo798", "avatar": "steven", "rating": 2163, "seed": "sodium,24ea2b2ac8df7821c3d3530a19975fd7"}, {"name": "ekaji", "avatar": "2", "rating": 2165, "seed": "sodium,a0630cff56cd523ef3bd601ac93a8eb8"}], "teams_full": [{"Latias": {"name": "Latias", "species": "Latias", "speciesId": "latias", "gender": "F", "shiny": false, "level": 79, "moves": ["recover", "psyshock", "calmmind", "dracometeor"], "ability": "Levitate", "evs": {"hp": 85, "atk": 0, "def": 85, "spa": 85, "spd": 85, "spe": 85}, "ivs": {"hp": 31, "atk": 0, "def": 31, "spa": 31, "spd": 31, "spe": 31}, "item": "Soul Dew", "teraType": "Steel", "role": "Fast Bulky Setup", "bvs": {"hp": 80, "atk": 80, "def": 90, "spa": 110, "spd": 130, "spe": 110}, "stats": {"hp": 256, "atk": 131, "def": 188, "spa": 219, "spd": 251, "spe": 219}, "types": ["Dragon", "Psychic"]}, "Dondozo": {"name": "Dondozo", "species": "Dondozo", "speciesId": "dondozo", "gender": "F", "shiny": false, "level": 78, "moves": ["wavecrash", "rest", "sleeptalk", "curse"], "ability": "Unaware", "evs": {"hp": 85, "atk": 85, "def": 85, "spa": 85, "spd": 85, "spe": 85}, "ivs": {"hp": 31, "atk": 31, "def": 31, "spa": 31, "spd": 31, "spe": 31}, "item": "Leftovers", "teraType": "Dragon", "role": "Bulky Setup", "bvs": {"hp": 150, "atk": 100, "def": 115, "spa": 65, "spd": 65, "spe": 35}, "stats": {"hp": 362, "atk": 201, "def": 224, "spa": 146, "spd": 146, "spe": 100}, "types": ["Water"]}, "Komala": {"name": "Komala", "species": "Komala", "speciesId": "komala", "gender": "F", "shiny": false, "level": 88, "moves": ["bodyslam", "knockoff", "rapidspin", "earthquake"], "ability": "Comatose", "evs": {"hp": 85, "atk": 85, "def": 85, "spa": 85, "spd": 85, "spe": 85}, "ivs": {"hp": 31, "atk": 31, "def": 31, "spa": 31, "spd": 31, "spe": 31}, "item": "Assault Vest", "teraType": "Ghost", "role": "Bulky Support", "bvs": {"hp": 65, "atk": 115, "def": 65, "spa": 75, "spd": 95, "spe": 65}, "stats": {"hp": 258, "atk": 253, "def": 165, "spa": 182, "spd": 217, "spe": 165}, "types": ["Normal"]}, "Probopass": {"name": "Probopass", "species": "Probopass", "speciesId": "probopass", "gender": "M", "shiny": false, "level": 91, "moves": ["thunderwave", "bodypress", "irondefense", "powergem"], "ability": "Magnet Pull", "evs": {"hp": 85, "atk": 0, "def": 85, "spa": 85, "spd": 85, "spe": 85}, "ivs": {"hp": 31, "atk": 0, "def": 31, "spa": 31, "spd": 31, "spe": 31}, "item": "Leftovers", "teraType": "Fighting", "role": "Bulky Setup", "bvs": {"hp": 60, "atk": 55, "def": 145, "spa": 75, "spd": 150, "spe": 40}, "stats": {"hp": 257, "atk": 105, "def": 316, "spa": 188, "spd": 325, "spe": 125}, "types": ["Rock", "Steel"]}, "Slaking": {"name": "Slaking", "species": "Slaking", "speciesId": "slaking", "gender": "F", "shiny": false, "level": 84, "moves": ["earthquake", "gigaimpact", "doubleedge", "knockoff"], "ability": "Truant", "evs": {"hp": 85, "atk": 85, "def": 85, "spa": 85, "spd": 85, "spe": 85}, "ivs": {"hp": 31, "atk": 31, "def": 31, "spa": 31, "spd": 31, "spe": 31}, "item": "Choice Band", "teraType": "Ghost", "role": "Wallbreaker", "bvs": {"hp": 150, "atk": 160, "def": 100, "spa": 95, "spd": 65, "spe": 100}, "stats": {"hp": 389, "atk": 317, "def": 216, "spa": 208, "spd": 157, "spe": 216}, "types": ["Normal"]}, "Comfey": {"name": "Comfey", "species": "Comfey", "speciesId": "comfey", "gender": "M", "shiny": false, "level": 85, "moves": ["terablast", "encore", "calmmind", "drainingkiss"], "ability": "Triage", "evs": {"hp": 85, "atk": 0, "def": 85, "spa": 85, "spd": 85, "spe": 85}, "ivs": {"hp": 31, "atk": 0, "def": 31, "spa": 31, "spd": 31, "spe": 31}, "item": "Leftovers", "teraType": "Ground", "role": "Tera Blast user", "bvs": {"hp": 51, "atk": 52, "def": 90, "spa": 82, "spd": 110, "spe": 100}, "stats": {"hp": 225, "atk": 93, "def": 202, "spa": 188, "spd": 236, "spe": 219}, "types": ["Fairy"]}}, {"Cresselia": {"name": "Cresselia", "species": "Cresselia", "speciesId": "cresselia", "gender": "F", "shiny": false, "level": 80, "moves": ["calmmind", "psyshock", "thunderbolt", "moonlight"], "ability": "Levitate", "evs": {"hp": 85, "atk": 0, "def": 85, "spa": 85, "spd": 85, "spe": 85}, "ivs": {"hp": 31, "atk": 0, "def": 31, "spa": 31, "spd": 31, "spe": 31}, "item": "Leftovers", "teraType": "Poison", "role": "Bulky Setup", "bvs": {"hp": 120, "atk": 70, "def": 110, "spa": 75, "spd": 120, "spe": 85}, "stats": {"hp": 323, "atk": 117, "def": 222, "spa": 166, "spd": 238, "spe": 182}, "types": ["Psychic"]}, "Torterra": {"name": "Torterra", "species": "Torterra", "speciesId": "torterra", "gender": "F", "shiny": false, "level": 78, "moves": ["rockblast", "headlongrush", "shellsmash", "bulletseed"], "ability": "Overgrow", "evs": {"hp": 85, "atk": 85, "def": 85, "spa": 85, "spd": 85, "spe": 85}, "ivs": {"hp": 31, "atk": 31, "def": 31, "spa": 31, "spd": 31, "spe": 31}, "item": "Loaded Dice", "teraType": "Ground", "role": "Setup Sweeper", "bvs": {"hp": 95, "atk": 109, "def": 105, "spa": 75, "spd": 85, "spe": 56}, "stats": {"hp": 276, "atk": 215, "def": 209, "spa": 162, "spd": 178, "spe": 132}, "types": ["Grass", "Ground"]}, "Drednaw": {"name": "Drednaw", "species": "Drednaw", "speciesId": "drednaw", "gender": "F", "shiny": false, "level": 81, "moves": ["crunch", "shellsmash", "stoneedge", "liquidation"], "ability": "Strong Jaw", "evs": {"hp": 85, "atk": 85, "def": 85, "spa": 85, "spd": 85, "spe": 85}, "ivs": {"hp": 31, "atk": 31, "def": 31, "spa": 31, "spd": 31, "spe": 31}, "item": "White Herb", "teraType": "Dark", "role": "Setup Sweeper", "bvs": {"hp": 90, "atk": 115, "def": 90, "spa": 48, "spd": 68, "spe": 74}, "stats": {"hp": 278, "atk": 233, "def": 192, "spa": 124, "spd": 157, "spe": 167}, "types": ["Water", "Rock"]}, "Persian": {"name": "Persian", "species": "Persian-Alola", "speciesId": "persianalola", "gender": "M", "shiny": false, "level": 86, "moves": ["thunderbolt", "darkpulse", "nastyplot", "hypnosis"], "ability": "Fur Coat", "evs": {"hp": 85, "atk": 0, "def": 85, "spa": 85, "spd": 85, "spe": 85}, "ivs": {"hp": 31, "atk": 0, "def": 31, "spa": 31, "spd": 31, "spe": 31}, "item": "Leftovers", "teraType": "Electric", "role": "Fast Bulky Setup", "bvs": {"hp": 65, "atk": 60, "def": 60, "spa": 75, "spd": 65, "spe": 115}, "stats": {"hp": 252, "atk": 108, "def": 152, "spa": 178, "spd": 161, "spe": 247}, "types": ["Dark"]}, "Slowking": {"name": "Slowking", "species": "Slowking-Galar", "speciesId": "slowkinggalar", "gender": "M", "shiny": false, "level": 85, "moves": ["slackoff", "psyshock", "sludgebomb", "thunderwave"], "ability": "Regenerator", "evs": {"hp": 85, "atk": 0, "def": 85, "spa": 85, "spd": 85, "spe": 85}, "ivs": {"hp": 31, "atk": 0, "def": 31, "spa": 31, "spd": 31, "spe": 31}, "item": "Leftovers", "teraType": "Fairy", "role": "Bulky Attacker", "bvs": {"hp": 95, "atk": 65, "def": 80, "spa": 110, "spd": 110, "spe": 30}, "stats": {"hp": 300, "atk": 115, "def": 185, "spa": 236, "spd": 236, "spe": 100}, "types": ["Poison", "Psychic"]}, "Kleavor": {"name": "Kleavor", "species": "Kleavor", "speciesId": "kleavor", "gender": "F", "shiny": false, "level": 78, "moves": ["defog", "stoneaxe", "closecombat", "xscissor"], "ability": "Sharpness", "evs": {"hp": 85, "atk": 85, "def": 85, "spa": 85, "spd": 85, "spe": 85}, "ivs": {"hp": 31, "atk": 31, "def": 31, "spa": 31, "spd": 31, "spe": 31}, "item": "Heavy-Duty Boots", "teraType": "Rock", "role": "Bulky Attacker", "bvs": {"hp": 70, "atk": 135, "def": 95, "spa": 45, "spd": 70, "spe": 85}, "stats": {"hp": 237, "atk": 256, "def": 193, "spa": 115, "spd": 154, "spe": 178}, "types": ["Bug", "Rock"]}}]}