{"id": "gen9randombattle-2642067382", "format": "[Gen 9] Random Battle", "players": ["quan185", "testbotcif"], "log": "|j|\u2606quan185\n|j|\u2606testbotcif\n|t:|1782882872\n|gametype|singles\n|player|p1|quan185|101|1448\n|player|p2|testbotcif|1|1461\n|gen|9\n|tier|[Gen 9] Random Battle\n|rated|\n|rule|Species Clause: Limit one of each Pok\u00e9mon\n|rule|HP Percentage Mod: HP is shown in percentages\n|rule|Sleep Clause Mod: Limit one foe put to sleep\n|rule|Illusion Level Mod: Illusion disguises the Pok\u00e9mon's true level\n|\n|t:|1782882872\n|teamsize|p1|6\n|teamsize|p2|6\n|start\n|switch|p1a: Uxie|Uxie, L83|260/260\n|switch|p2a: Veluza|Veluza, L85, M|292/292\n|turn|1\n|c|\u2606testbotcif|rlhf\n|inactive|Battle timer is ON: inactive players will automatically lose when time's up. (requested by testbotcif)\n|\n|t:|1782882882\n|-terastallize|p2a: Veluza|Dark\n|move|p1a: Uxie|Thunder Wave|p2a: Veluza\n|-status|p2a: Veluza|par\n|move|p2a: Veluza|Fillet Away|p2a: Veluza\n|-boost|p2a: Veluza|atk|2\n|-boost|p2a: Veluza|spa|2\n|-boost|p2a: Veluza|spe|2\n|-damage|p2a: Veluza|146/292 par\n|-enditem|p2a: Veluza|Sitrus Berry|[eat]\n|-heal|p2a: Veluza|219/292 par|[from] item: Sitrus Berry\n|\n|upkeep\n|turn|2\n|\n|t:|1782882887\n|move|p1a: Uxie|Encore|p2a: Veluza\n|-start|p2a: Veluza|Encore\n|move|p2a: Veluza|Fillet Away|p2a: Veluza\n|-boost|p2a: Veluza|atk|2\n|-boost|p2a: Veluza|spa|2\n|-boost|p2a: Veluza|spe|2\n|-damage|p2a: Veluza|73/292 par\n|\n|upkeep\n|turn|3\n|\n|t:|1782882893\n|move|p2a: Veluza|Fillet Away||[still]\n|-fail|p2a: Veluza\n|move|p1a: Uxie|Stealth Rock|p2a: Veluza\n|-sidestart|p2: testbotcif|move: Stealth Rock\n|\n|upkeep\n|turn|4\n|\n|t:|1782882908\n|switch|p1a: Arcanine|Arcanine-Hisui, L79, M|280/280\n|move|p2a: Veluza|Fillet Away||[still]\n|-fail|p2a: Veluza\n|\n|-end|p2a: Veluza|Encore\n|upkeep\n|turn|5\n|\n|t:|1782882911\n|move|p1a: Arcanine|Extreme Speed|p2a: Veluza\n|-damage|p2a: Veluza|13/292 par\n|cant|p2a: Veluza|par\n|\n|upkeep\n|turn|6\n|\n|t:|1782882914\n|move|p1a: Arcanine|Extreme Speed|p2a: Veluza\n|-damage|p2a: Veluza|0 fnt\n|faint|p2a: Veluza\n|\n|upkeep\n|\n|t:|1782882914\n|switch|p2a: Landorus|Landorus-Therian, L76, M|260/260\n|-damage|p2a: Landorus|228/260|[from] Stealth Rock\n|-ability|p2a: Landorus|Intimidate|boost\n|-unboost|p1a: Arcanine|atk|1\n|turn|7\n|\n|t:|1782882919\n|switch|p1a: Uxie|Uxie, L83|260/260\n|move|p2a: Landorus|Stealth Rock|p1a: Uxie\n|-sidestart|p1: quan185|move: Stealth Rock\n|\n|-heal|p2a: Landorus|244/260|[from] item: Leftovers\n|upkeep\n|turn|8\n|\n|t:|1782882923\n|move|p1a: Uxie|Encore|p2a: Landorus\n|-start|p2a: Landorus|Encore\n|move|p2a: Landorus|Stealth Rock||[still]\n|-fail|p2a: Landorus\n|\n|-heal|p2a: Landorus|260/260|[from] item: Leftovers\n|upkeep\n|turn|9\n|\n|t:|1782882925\n|move|p1a: Uxie|Psychic Noise|p2a: Landorus\n|-damage|p2a: Landorus|182/260\n|-start|p2a: Landorus|move: Heal Block\n|move|p2a: Landorus|Stealth Rock||[still]\n|-fail|p2a: Landorus\n|\n|upkeep\n|turn|10\n|\n|t:|1782882929\n|move|p1a: Uxie|Psychic Noise|p2a: Landorus\n|-damage|p2a: Landorus|107/260\n|move|p2a: Landorus|Stealth Rock||[still]\n|-fail|p2a: Landorus\n|\n|-end|p2a: Landorus|Encore\n|-end|p2a: Landorus|move: Heal Block\n|upkeep\n|turn|11\n|\n|t:|1782882932\n|move|p1a: Uxie|Encore|p2a: Landorus\n|-start|p2a: Landorus|Encore\n|move|p2a: Landorus|Stealth Rock||[still]\n|-fail|p2a: Landorus\n|\n|-heal|p2a: Landorus|123/260|[from] item: Leftovers\n|upkeep\n|turn|12\n|\n|t:|1782882934\n|move|p1a: Uxie|Psychic Noise|p2a: Landorus\n|-damage|p2a: Landorus|42/260\n|-start|p2a: Landorus|move: Heal Block\n|move|p2a: Landorus|Stealth Rock||[still]\n|-fail|p2a: Landorus\n|\n|upkeep\n|turn|13\n|\n|t:|1782882937\n|move|p1a: Uxie|Psychic Noise|p2a: Landorus\n|-damage|p2a: Landorus|0 fnt\n|faint|p2a: Landorus\n|\n|upkeep\n|\n|t:|1782882937\n|switch|p2a: Raging Bolt|Raging Bolt, L78|323/323\n|-damage|p2a: Raging Bolt|283/323|[from] Stealth Rock\n|turn|14\n|\n|t:|1782882944\n|move|p1a: Uxie|Psychic Noise|p2a: Raging Bolt\n|-damage|p2a: Raging Bolt|217/323\n|-start|p2a: Raging Bolt|move: Heal Block\n|move|p2a: Raging Bolt|Calm Mind|p2a: Raging Bolt\n|-boost|p2a: Raging Bolt|spa|1\n|-boost|p2a: Raging Bolt|spd|1\n|\n|upkeep\n|turn|15\n|\n|t:|1782882947\n|move|p1a: Uxie|Encore|p2a: Raging Bolt\n|-start|p2a: Raging Bolt|Encore\n|move|p2a: Raging Bolt|Calm Mind|p2a: Raging Bolt\n|-boost|p2a: Raging Bolt|spa|1\n|-boost|p2a: Raging Bolt|spd|1\n|\n|-end|p2a: Raging Bolt|move: Heal Block\n|upkeep\n|turn|16\n|\n|t:|1782882950\n|switch|p1a: Gliscor|Gliscor, L76, M|239/239\n|-damage|p1a: Gliscor|210/239|[from] Stealth Rock\n|move|p2a: Raging Bolt|Calm Mind|p2a: Raging Bolt\n|-boost|p2a: Raging Bolt|spa|1\n|-boost|p2a: Raging Bolt|spd|1\n|\n|-heal|p2a: Raging Bolt|237/323|[from] item: Leftovers\n|-status|p1a: Gliscor|tox|[from] item: Toxic Orb\n|upkeep\n|turn|17\n|\n|t:|1782882952\n|move|p1a: Gliscor|Toxic|p2a: Raging Bolt\n|-status|p2a: Raging Bolt|tox\n|move|p2a: Raging Bolt|Calm Mind|p2a: Raging Bolt\n|-boost|p2a: Raging Bolt|spa|1\n|-boost|p2a: Raging Bolt|spd|1\n|\n|-heal|p2a: Raging Bolt|257/323 tox|[from] item: Leftovers\n|-heal|p1a: Gliscor|239/239 tox|[from] ability: Poison Heal\n|-damage|p2a: Raging Bolt|237/323 tox|[from] psn\n|-end|p2a: Raging Bolt|Encore\n|upkeep\n|turn|18\n|\n|t:|1782882956\n|move|p1a: Gliscor|Substitute|p1a: Gliscor\n|-start|p1a: Gliscor|Substitute\n|-damage|p1a: Gliscor|180/239 tox\n|move|p2a: Raging Bolt|Draco Meteor|p1a: Gliscor\n|-end|p1a: Gliscor|Substitute\n|-unboost|p2a: Raging Bolt|spa|2\n|\n|-heal|p2a: Raging Bolt|257/323 tox|[from] item: Leftovers\n|-heal|p1a: Gliscor|209/239 tox|[from] ability: Poison Heal\n|-damage|p2a: Raging Bolt|217/323 tox|[from] psn\n|upkeep\n|turn|19\n|\n|t:|1782882963\n|move|p1a: Gliscor|Protect|p1a: Gliscor\n|-singleturn|p1a: Gliscor|Protect\n|move|p2a: Raging Bolt|Draco Meteor|p1a: Gliscor\n|-activate|p1a: Gliscor|move: Protect\n|\n|-heal|p2a: Raging Bolt|237/323 tox|[from] item: Leftovers\n|-heal|p1a: Gliscor|238/239 tox|[from] ability: Poison Heal\n|-damage|p2a: Raging Bolt|177/323 tox|[from] psn\n|upkeep\n|turn|20\n|\n|t:|1782882965\n|move|p1a: Gliscor|Substitute|p1a: Gliscor\n|-start|p1a: Gliscor|Substitute\n|-damage|p1a: Gliscor|179/239 tox\n|move|p2a: Raging Bolt|Draco Meteor|p1a: Gliscor\n|-end|p1a: Gliscor|Substitute\n|-unboost|p2a: Raging Bolt|spa|2\n|\n|-heal|p2a: Raging Bolt|197/323 tox|[from] item: Leftovers\n|-heal|p1a: Gliscor|208/239 tox|[from] ability: Poison Heal\n|-damage|p2a: Raging Bolt|117/323 tox|[from] psn\n|upkeep\n|turn|21\n|\n|t:|1782882971\n|move|p1a: Gliscor|Protect|p1a: Gliscor\n|-singleturn|p1a: Gliscor|Protect\n|move|p2a: Raging Bolt|Draco Meteor|p1a: Gliscor\n|-activate|p1a: Gliscor|move: Protect\n|\n|-heal|p2a: Raging Bolt|137/323 tox|[from] item: Leftovers\n|-heal|p1a: Gliscor|237/239 tox|[from] ability: Poison Heal\n|-damage|p2a: Raging Bolt|37/323 tox|[from] psn\n|upkeep\n|turn|22\n|\n|t:|1782882973\n|move|p1a: Gliscor|Substitute|p1a: Gliscor\n|-start|p1a: Gliscor|Substitute\n|-damage|p1a: Gliscor|178/239 tox\n|move|p2a: Raging Bolt|Draco Meteor|p1a: Gliscor\n|-end|p1a: Gliscor|Substitute\n|-unboost|p2a: Raging Bolt|spa|2\n|\n|-heal|p2a: Raging Bolt|57/323 tox|[from] item: Leftovers\n|-heal|p1a: Gliscor|207/239 tox|[from] ability: Poison Heal\n|-damage|p2a: Raging Bolt|0 fnt|[from] psn\n|faint|p2a: Raging Bolt\n|-end|p2a: Raging Bolt|Protosynthesis|[silent]\n|upkeep\n|\n|t:|1782882973\n|switch|p2a: Houndstone|Houndstone, L86, F|264/264\n|-damage|p2a: Houndstone|231/264|[from] Stealth Rock\n|turn|23\n|\n|t:|1782882976\n|move|p1a: Gliscor|Toxic|p2a: Houndstone\n|-status|p2a: Houndstone|tox\n|move|p2a: Houndstone|Poltergeist|p1a: Gliscor\n|-activate|p1a: Gliscor|move: Poltergeist|Toxic Orb\n|-damage|p1a: Gliscor|105/239 tox\n|\n|-heal|p2a: Houndstone|247/264 tox|[from] item: Leftovers\n|-heal|p1a: Gliscor|134/239 tox|[from] ability: Poison Heal\n|-damage|p2a: Houndstone|231/264 tox|[from] psn\n|upkeep\n|turn|24\n|\n|t:|1782882981\n|move|p1a: Gliscor|Protect|p1a: Gliscor\n|-singleturn|p1a: Gliscor|Protect\n|move|p2a: Houndstone|Poltergeist|p1a: Gliscor\n|-activate|p1a: Gliscor|move: Protect\n|\n|-heal|p2a: Houndstone|247/264 tox|[from] item: Leftovers\n|-heal|p1a: Gliscor|163/239 tox|[from] ability: Poison Heal\n|-damage|p2a: Houndstone|215/264 tox|[from] psn\n|upkeep\n|turn|25\n|\n|t:|1782882984\n|move|p1a: Gliscor|Substitute|p1a: Gliscor\n|-start|p1a: Gliscor|Substitute\n|-damage|p1a: Gliscor|104/239 tox\n|move|p2a: Houndstone|Poltergeist|p1a: Gliscor\n|-activate|p1a: Gliscor|move: Poltergeist|Toxic Orb\n|-end|p1a: Gliscor|Substitute\n|\n|-heal|p2a: Houndstone|231/264 tox|[from] item: Leftovers\n|-heal|p1a: Gliscor|133/239 tox|[from] ability: Poison Heal\n|-damage|p2a: Houndstone|183/264 tox|[from] psn\n|upkeep\n|turn|26\n|\n|t:|1782882992\n|move|p1a: Gliscor|Protect|p1a: Gliscor\n|-singleturn|p1a: Gliscor|Protect\n|move|p2a: Houndstone|Poltergeist|p1a: Gliscor\n|-activate|p1a: Gliscor|move: Protect\n|\n|-heal|p2a: Houndstone|199/264 tox|[from] item: Leftovers\n|-heal|p1a: Gliscor|162/239 tox|[from] ability: Poison Heal\n|-damage|p2a: Houndstone|135/264 tox|[from] psn\n|upkeep\n|turn|27\n|\n|t:|1782882996\n|move|p1a: Gliscor|Substitute|p1a: Gliscor\n|-start|p1a: Gliscor|Substitute\n|-damage|p1a: Gliscor|103/239 tox\n|move|p2a: Houndstone|Poltergeist|p1a: Gliscor\n|-activate|p1a: Gliscor|move: Poltergeist|Toxic Orb\n|-end|p1a: Gliscor|Substitute\n|\n|-heal|p2a: Houndstone|151/264 tox|[from] item: Leftovers\n|-heal|p1a: Gliscor|132/239 tox|[from] ability: Poison Heal\n|-damage|p2a: Houndstone|71/264 tox|[from] psn\n|upkeep\n|turn|28\n|\n|t:|1782882999\n|move|p1a: Gliscor|Protect|p1a: Gliscor\n|-singleturn|p1a: Gliscor|Protect\n|move|p2a: Houndstone|Poltergeist|p1a: Gliscor\n|-activate|p1a: Gliscor|move: Protect\n|\n|-heal|p2a: Houndstone|87/264 tox|[from] item: Leftovers\n|-heal|p1a: Gliscor|161/239 tox|[from] ability: Poison Heal\n|-damage|p2a: Houndstone|0 fnt|[from] psn\n|faint|p2a: Houndstone\n|upkeep\n|\n|t:|1782882999\n|switch|p2a: Krookodile|Krookodile, L79, M|280/280\n|-damage|p2a: Krookodile|263/280|[from] Stealth Rock\n|-ability|p2a: Krookodile|Intimidate|boost\n|-unboost|p1a: Gliscor|atk|1\n|turn|29\n|\n|t:|1782883002\n|move|p2a: Krookodile|Bulk Up|p2a: Krookodile\n|-boost|p2a: Krookodile|atk|1\n|-boost|p2a: Krookodile|def|1\n|move|p1a: Gliscor|Toxic|p2a: Krookodile\n|-status|p2a: Krookodile|tox\n|\n|-heal|p2a: Krookodile|280/280 tox|[from] item: Leftovers\n|-damage|p2a: Krookodile|263/280 tox|[from] psn\n|-heal|p1a: Gliscor|190/239 tox|[from] ability: Poison Heal\n|upkeep\n|turn|30\n|\n|t:|1782883009\n|move|p1a: Gliscor|Protect|p1a: Gliscor\n|-singleturn|p1a: Gliscor|Protect\n|move|p2a: Krookodile|Knock Off|p1a: Gliscor\n|-activate|p1a: Gliscor|move: Protect\n|\n|-heal|p2a: Krookodile|280/280 tox|[from] item: Leftovers\n|-damage|p2a: Krookodile|246/280 tox|[from] psn\n|-heal|p1a: Gliscor|219/239 tox|[from] ability: Poison Heal\n|upkeep\n|turn|31\n|\n|t:|1782883014\n|switch|p1a: Gastrodon|Gastrodon, L86, F|331/331\n|-damage|p1a: Gastrodon|311/331|[from] Stealth Rock\n|move|p2a: Krookodile|Knock Off|p1a: Gastrodon\n|-damage|p1a: Gastrodon|118/331\n|-enditem|p1a: Gastrodon|Leftovers|[from] move: Knock Off|[of] p2a: Krookodile\n|\n|-heal|p2a: Krookodile|263/280 tox|[from] item: Leftovers\n|-damage|p2a: Krookodile|212/280 tox|[from] psn\n|upkeep\n|turn|32\n|\n|t:|1782883018\n|move|p2a: Krookodile|Earthquake|p1a: Gastrodon\n|-damage|p1a: Gastrodon|0 fnt\n|faint|p1a: Gastrodon\n|\n|-heal|p2a: Krookodile|229/280 tox|[from] item: Leftovers\n|-damage|p2a: Krookodile|161/280 tox|[from] psn\n|upkeep\n|\n|t:|1782883021\n|switch|p1a: Dedenne|Dedenne, L88, F|261/261\n|-damage|p1a: Dedenne|229/261|[from] Stealth Rock\n|turn|33\n|\n|t:|1782883022\n|switch|p1a: Gliscor|Gliscor, L76, M|219/239 tox\n|-damage|p1a: Gliscor|190/239 tox|[from] Stealth Rock\n|move|p2a: Krookodile|Earthquake|p1a: Gliscor\n|-immune|p1a: Gliscor\n|\n|-heal|p2a: Krookodile|178/280 tox|[from] item: Leftovers\n|-damage|p2a: Krookodile|93/280 tox|[from] psn\n|-heal|p1a: Gliscor|219/239 tox|[from] ability: Poison Heal\n|upkeep\n|turn|34\n|\n|t:|1782883030\n|move|p1a: Gliscor|Protect|p1a: Gliscor\n|-singleturn|p1a: Gliscor|Protect\n|move|p2a: Krookodile|Knock Off|p1a: Gliscor\n|-activate|p1a: Gliscor|move: Protect\n|\n|-heal|p2a: Krookodile|110/280 tox|[from] item: Leftovers\n|-damage|p2a: Krookodile|8/280 tox|[from] psn\n|-heal|p1a: Gliscor|239/239 tox|[from] ability: Poison Heal\n|upkeep\n|turn|35\n|\n|t:|1782883034\n|move|p2a: Krookodile|Knock Off|p1a: Gliscor\n|-damage|p1a: Gliscor|112/239 tox\n|-enditem|p1a: Gliscor|Toxic Orb|[from] move: Knock Off|[of] p2a: Krookodile\n|move|p1a: Gliscor|Substitute|p1a: Gliscor\n|-start|p1a: Gliscor|Substitute\n|-damage|p1a: Gliscor|53/239 tox\n|\n|-heal|p2a: Krookodile|25/280 tox|[from] item: Leftovers\n|-damage|p2a: Krookodile|0 fnt|[from] psn\n|faint|p2a: Krookodile\n|-heal|p1a: Gliscor|82/239 tox|[from] ability: Poison Heal\n|upkeep\n|\n|t:|1782883035\n|switch|p2a: Raikou|Raikou, L81|278/278\n|-damage|p2a: Raikou|244/278|[from] Stealth Rock\n|-ability|p2a: Raikou|Pressure\n|turn|36\n|\n|t:|1782883042\n|move|p2a: Raikou|Scald|p1a: Gliscor\n|-supereffective|p1a: Gliscor\n|-end|p1a: Gliscor|Substitute\n|move|p1a: Gliscor|Toxic|p2a: Raikou\n|-status|p2a: Raikou|tox\n|\n|-damage|p2a: Raikou|227/278 tox|[from] psn\n|-heal|p1a: Gliscor|111/239 tox|[from] ability: Poison Heal\n|upkeep\n|turn|37\n|\n|t:|1782883047\n|move|p1a: Gliscor|Protect|p1a: Gliscor\n|-singleturn|p1a: Gliscor|Protect\n|move|p2a: Raikou|Scald|p1a: Gliscor\n|-activate|p1a: Gliscor|move: Protect\n|\n|-damage|p2a: Raikou|193/278 tox|[from] psn\n|-heal|p1a: Gliscor|140/239 tox|[from] ability: Poison Heal\n|upkeep\n|turn|38\n|\n|t:|1782883052\n|switch|p1a: Dedenne|Dedenne, L88, F|229/261\n|-damage|p1a: Dedenne|197/261|[from] Stealth Rock\n|move|p2a: Raikou|Scald|p1a: Dedenne\n|-damage|p1a: Dedenne|87/261\n|-enditem|p1a: Dedenne|Sitrus Berry|[eat]\n|-heal|p1a: Dedenne|152/261|[from] item: Sitrus Berry\n|-heal|p1a: Dedenne|239/261|[from] ability: Cheek Pouch\n|\n|-damage|p2a: Raikou|142/278 tox|[from] psn\n|upkeep\n|turn|39\n|\n|t:|1782883057\n|move|p2a: Raikou|Scald|p1a: Dedenne\n|-damage|p1a: Dedenne|124/261\n|move|p1a: Dedenne|Dazzling Gleam|p2a: Raikou\n|-damage|p2a: Raikou|70/278 tox\n|\n|-damage|p2a: Raikou|2/278 tox|[from] psn\n|upkeep\n|turn|40\n|\n|t:|1782883060\n|move|p2a: Raikou|Scald|p1a: Dedenne\n|-damage|p1a: Dedenne|23/261\n|move|p1a: Dedenne|U-turn|p2a: Raikou\n|-damage|p2a: Raikou|0 fnt\n|faint|p2a: Raikou\n|\n|win|quan185\n|raw|quan185's rating: 1448 &rarr; <strong>1469</strong><br />(+21 for winning)\n|raw|testbotcif's rating: 1461 &rarr; <strong>1440</strong><br />(-21 for losing)\n", "inputlog": ">version f8ac14003a5f27e1bdc8d8c59608a773c1cb96e5\n>start {\"formatid\":\"gen9randombattle\",\"seed\":\"sodium,8f1acf0f85ead2ee821899409cee71fb\",\"rated\":\"Rated battle\"}\n>player p1 {\"name\":\"quan185\",\"avatar\":\"101\",\"rating\":1448,\"seed\":\"sodium,5347900cdfbee56c8db8537ec8645f3a\"}\n>player p2 {\"name\":\"testbotcif\",\"avatar\":\"1\",\"rating\":1461,\"seed\":\"sodium,9bf83d713f14023500c19be3ce624ae0\"}\n>chat \u2606testbotcif|rlhf\n>p1 move thunderwave\n>p2 move filletaway terastallize\n>p1 move encore\n>p2 move nightslash\n>p1 move stealthrock\n>p2 move filletaway\n>p1 switch 5\n>p2 move filletaway\n>p1 move extremespeed\n>p2 move aquacutter\n>p1 move extremespeed\n>p2 move nightslash\n>p2 switch 2\n>p1 switch 5\n>p2 move stealthrock\n>p1 move encore\n>p2 move uturn\n>p1 move psychicnoise\n>p2 move stealthrock\n>p1 move psychicnoise\n>p2 move stealthrock\n>p1 move encore\n>p2 move uturn\n>p1 move psychicnoise\n>p2 move stealthrock\n>p1 move psychicnoise\n>p2 move stealthrock\n>p2 switch 3\n>p1 move psychicnoise\n>p2 move calmmind\n>p1 move encore\n>p2 move calmmind\n>p1 switch 6\n>p2 move calmmind\n>p1 move toxic\n>p2 move calmmind\n>p1 move substitute\n>p2 move dracometeor\n>p1 move protect\n>p2 move dracometeor\n>p1 move substitute\n>p2 move dracometeor\n>p1 move protect\n>p2 move dracometeor\n>p1 move substitute\n>p2 move dracometeor\n>p2 switch 4\n>p1 move toxic\n>p2 move poltergeist\n>p1 move protect\n>p2 move poltergeist\n>p1 move substitute\n>p2 move poltergeist\n>p1 move protect\n>p2 move poltergeist\n>p1 move substitute\n>p2 move poltergeist\n>p1 move protect\n>p2 move poltergeist\n>p2 switch 5\n>p1 move toxic\n>p2 move bulkup\n>p1 move protect\n>p2 move knockoff\n>p1 switch 2\n>p2 move knockoff\n>p1 move clearsmog\n>p2 move earthquake\n>p1 switch 3\n>p1 switch 2\n>p2 move earthquake\n>p1 move protect\n>p2 move knockoff\n>p1 move substitute\n>p2 move knockoff\n>p2 switch 6\n>p1 move toxic\n>p2 move scald\n>p1 move protect\n>p2 move scald\n>p1 switch 2\n>p2 move scald\n>p1 move dazzlinggleam\n>p2 move scald\n>p1 move uturn\n>p2 move scald", "uploadtime": 1782883061, "views": 3, "formatid": "gen9randombattle", "rating": 1440, "private": 0, "password": null, "player_dets": [{"name": "quan185", "avatar": "101", "rating": 1448, "seed": "sodium,5347900cdfbee56c8db8537ec8645f3a"}, {"name": "testbotcif", "avatar": "1", "rating": 1461, "seed": "sodium,9bf83d713f14023500c19be3ce624ae0"}], "teams_full": [{"Uxie": {"name": "Uxie", "species": "Uxie", "speciesId": "uxie", "gender": "N", "shiny": false, "level": 83, "moves": ["psychicnoise", "encore", "thunderwave", "stealthrock"], "ability": "Levitate", "evs": {"hp": 85, "atk": 0, "def": 85, "spa": 85, "spd": 85, "spe": 85}, "ivs": {"hp": 31, "atk": 0, "def": 31, "spa": 31, "spd": 31, "spe": 31}, "item": "Leftovers", "teraType": "Electric", "role": "Bulky Support", "bvs": {"hp": 75, "atk": 75, "def": 130, "spa": 75, "spd": 130, "spe": 95}, "stats": {"hp": 260, "atk": 129, "def": 263, "spa": 172, "spd": 263, "spe": 205}, "types": ["Psychic"]}, "Gastrodon": {"name": "Gastrodon", "species": "Gastrodon", "speciesId": "gastrodon", "gender": "F", "shiny": false, "level": 86, "moves": ["earthquake", "recover", "surf", "clearsmog"], "ability": "Storm Drain", "evs": {"hp": 85, "atk": 85, "def": 85, "spa": 85, "spd": 85, "spe": 85}, "ivs": {"hp": 31, "atk": 31, "def": 31, "spa": 31, "spd": 31, "spe": 31}, "item": "Leftovers", "teraType": "Poison", "role": "Bulky Attacker", "bvs": {"hp": 111, "atk": 83, "def": 68, "spa": 92, "spd": 82, "spe": 39}, "stats": {"hp": 331, "atk": 192, "def": 166, "spa": 207, "spd": 190, "spe": 116}, "types": ["Water", "Ground"]}, "Dedenne": {"name": "Dedenne", "species": "Dedenne", "speciesId": "dedenne", "gender": "F", "shiny": false, "level": 88, "moves": ["uturn", "superfang", "thunderbolt", "dazzlinggleam"], "ability": "Cheek Pouch", "evs": {"hp": 85, "atk": 85, "def": 85, "spa": 85, "spd": 85, "spe": 85}, "ivs": {"hp": 31, "atk": 31, "def": 31, "spa": 31, "spd": 31, "spe": 31}, "item": "Sitrus Berry", "teraType": "Flying", "role": "Fast Support", "bvs": {"hp": 67, "atk": 58, "def": 57, "spa": 81, "spd": 67, "spe": 101}, "stats": {"hp": 261, "atk": 152, "def": 151, "spa": 193, "spd": 168, "spe": 228}, "types": ["Electric", "Fairy"]}, "Jolteon": {"name": "Jolteon", "species": "Jolteon", "speciesId": "jolteon", "gender": "M", "shiny": false, "level": 84, "moves": ["substitute", "calmmind", "thunderbolt", "terablast"], "ability": "Volt Absorb", "evs": {"hp": 85, "atk": 0, "def": 85, "spa": 85, "spd": 85, "spe": 85}, "ivs": {"hp": 31, "atk": 0, "def": 31, "spa": 31, "spd": 31, "spe": 31}, "item": "Leftovers", "teraType": "Ice", "role": "Tera Blast user", "bvs": {"hp": 65, "atk": 65, "def": 60, "spa": 110, "spd": 95, "spe": 130}, "stats": {"hp": 246, "atk": 114, "def": 149, "spa": 233, "spd": 208, "spe": 267}, "types": ["Electric"]}, "Arcanine": {"name": "Arcanine", "species": "Arcanine-Hisui", "speciesId": "arcaninehisui", "gender": "M", "shiny": false, "level": 79, "moves": ["extremespeed", "flareblitz", "headsmash", "morningsun"], "ability": "Rock Head", "evs": {"hp": 85, "atk": 85, "def": 85, "spa": 85, "spd": 85, "spe": 85}, "ivs": {"hp": 31, "atk": 31, "def": 31, "spa": 31, "spd": 31, "spe": 31}, "item": "Heavy-Duty Boots", "teraType": "Rock", "role": "Bulky Attacker", "bvs": {"hp": 95, "atk": 115, "def": 80, "spa": 95, "spd": 80, "spe": 90}, "stats": {"hp": 280, "atk": 227, "def": 172, "spa": 196, "spd": 172, "spe": 188}, "types": ["Fire", "Rock"]}, "Gliscor": {"name": "Gliscor", "species": "Gliscor", "speciesId": "gliscor", "gender": "M", "shiny": false, "level": 76, "moves": ["earthquake", "protect", "substitute", "toxic"], "ability": "Poison Heal", "evs": {"hp": 85, "atk": 85, "def": 85, "spa": 85, "spd": 85, "spe": 85}, "ivs": {"hp": 31, "atk": 31, "def": 31, "spa": 31, "spd": 31, "spe": 31}, "item": "Toxic Orb", "teraType": "Water", "role": "Fast Support", "bvs": {"hp": 75, "atk": 95, "def": 125, "spa": 45, "spd": 75, "spe": 95}, "stats": {"hp": 239, "atk": 188, "def": 234, "spa": 112, "spd": 158, "spe": 188}, "types": ["Ground", "Flying"]}}, {"Veluza": {"name": "Veluza", "species": "Veluza", "speciesId": "veluza", "gender": "M", "shiny": false, "level": 85, "moves": ["nightslash", "filletaway", "aquacutter", "psychocut"], "ability": "Sharpness", "evs": {"hp": 85, "atk": 85, "def": 85, "spa": 85, "spd": 85, "spe": 85}, "ivs": {"hp": 31, "atk": 31, "def": 31, "spa": 31, "spd": 31, "spe": 31}, "item": "Sitrus Berry", "teraType": "Dark", "role": "Setup Sweeper", "bvs": {"hp": 90, "atk": 102, "def": 73, "spa": 78, "spd": 65, "spe": 70}, "stats": {"hp": 292, "atk": 222, "def": 173, "spa": 181, "spd": 159, "spe": 168}, "types": ["Water", "Psychic"]}, "Landorus": {"name": "Landorus", "species": "Landorus-Therian", "speciesId": "landorustherian", "gender": "M", "shiny": false, "level": 76, "moves": ["stoneedge", "stealthrock", "uturn", "earthquake"], "ability": "Intimidate", "evs": {"hp": 85, "atk": 85, "def": 85, "spa": 85, "spd": 85, "spe": 85}, "ivs": {"hp": 31, "atk": 31, "def": 31, "spa": 31, "spd": 31, "spe": 31}, "item": "Leftovers", "teraType": "Water", "role": "Bulky Support", "bvs": {"hp": 89, "atk": 145, "def": 90, "spa": 105, "spd": 80, "spe": 91}, "stats": {"hp": 260, "atk": 264, "def": 181, "spa": 204, "spd": 166, "spe": 182}, "types": ["Ground", "Flying"]}, "Raging Bolt": {"name": "Raging Bolt", "species": "Raging Bolt", "speciesId": "ragingbolt", "gender": "N", "shiny": false, "level": 78, "moves": ["thunderclap", "dracometeor", "calmmind", "thunderbolt"], "ability": "Protosynthesis", "evs": {"hp": 85, "atk": 0, "def": 85, "spa": 85, "spd": 85, "spe": 85}, "ivs": {"hp": 31, "atk": 0, "def": 31, "spa": 31, "spd": 31, "spe": 31}, "item": "Leftovers", "teraType": "Fairy", "role": "Bulky Setup", "bvs": {"hp": 125, "atk": 73, "def": 91, "spa": 137, "spd": 89, "spe": 75}, "stats": {"hp": 323, "atk": 118, "def": 187, "spa": 259, "spd": 184, "spe": 162}, "types": ["Electric", "Dragon"]}, "Houndstone": {"name": "Houndstone", "species": "Houndstone", "speciesId": "houndstone", "gender": "F", "shiny": false, "level": 86, "moves": ["willowisp", "shadowsneak", "poltergeist", "bodypress"], "ability": "Fluffy", "evs": {"hp": 85, "atk": 85, "def": 85, "spa": 85, "spd": 85, "spe": 85}, "ivs": {"hp": 31, "atk": 31, "def": 31, "spa": 31, "spd": 31, "spe": 31}, "item": "Leftovers", "teraType": "Fighting", "role": "Bulky Attacker", "bvs": {"hp": 72, "atk": 101, "def": 100, "spa": 50, "spd": 97, "spe": 68}, "stats": {"hp": 264, "atk": 223, "def": 221, "spa": 135, "spd": 216, "spe": 166}, "types": ["Ghost"]}, "Krookodile": {"name": "Krookodile", "species": "Krookodile", "speciesId": "krookodile", "gender": "M", "shiny": false, "level": 79, "moves": ["gunkshot", "bulkup", "earthquake", "knockoff"], "ability": "Intimidate", "evs": {"hp": 85, "atk": 85, "def": 85, "spa": 85, "spd": 85, "spe": 85}, "ivs": {"hp": 31, "atk": 31, "def": 31, "spa": 31, "spd": 31, "spe": 31}, "item": "Leftovers", "teraType": "Poison", "role": "Bulky Setup", "bvs": {"hp": 95, "atk": 117, "def": 80, "spa": 65, "spd": 70, "spe": 92}, "stats": {"hp": 280, "atk": 230, "def": 172, "spa": 148, "spd": 156, "spe": 191}, "types": ["Ground", "Dark"]}, "Raikou": {"name": "Raikou", "species": "Raikou", "speciesId": "raikou", "gender": "N", "shiny": false, "level": 81, "moves": ["voltswitch", "shadowball", "scald", "thunderbolt"], "ability": "Pressure", "evs": {"hp": 85, "atk": 0, "def": 85, "spa": 85, "spd": 85, "spe": 85}, "ivs": {"hp": 31, "atk": 0, "def": 31, "spa": 31, "spd": 31, "spe": 31}, "item": "Choice Specs", "teraType": "Electric", "role": "Bulky Attacker", "bvs": {"hp": 90, "atk": 85, "def": 75, "spa": 115, "spd": 100, "spe": 115}, "stats": {"hp": 278, "atk": 142, "def": 168, "spa": 233, "spd": 209, "spe": 233}, "types": ["Electric"]}}]}