{"id": "gen9randombattle-2642135834", "format": "[Gen 9] Random Battle", "players": ["gholdengoballs", "forcemajor14"], "log": "|j|\u203dgholdengoballs\n|j|\u2606forcemajor14\n|t:|1782897640\n|gametype|singles\n|player|p1|gholdengoballs|170|2155\n|player|p2|forcemajor14|266|2092\n|gen|9\n|tier|[Gen 9] Random Battle\n|rated|\n|rule|Species Clause: Limit one of each Pok\u00e9mon\n|rule|HP Percentage Mod: HP is shown in percentages\n|rule|Sleep Clause Mod: Limit one foe put to sleep\n|rule|Illusion Level Mod: Illusion disguises the Pok\u00e9mon's true level\n|\n|t:|1782897640\n|teamsize|p1|6\n|teamsize|p2|6\n|start\n|switch|p1a: Arboliva|Arboliva, L91, M|290/290\n|switch|p2a: Chimecho|Chimecho, L93, M|290/290\n|turn|1\n|inactive|Battle timer is ON: inactive players will automatically lose when time's up. (requested by gholdengoballs)\n|inactive|forcemajor14 also wants the timer to be on.\n|\n|t:|1782897649\n|switch|p1a: Skuntank|Skuntank, L84, F|310/310\n|move|p2a: Chimecho|Calm Mind|p2a: Chimecho\n|-boost|p2a: Chimecho|spa|1\n|-boost|p2a: Chimecho|spd|1\n|\n|upkeep\n|turn|2\n|\n|t:|1782897651\n|-terastallize|p2a: Chimecho|Steel\n|move|p1a: Skuntank|Knock Off|p2a: Chimecho\n|-damage|p2a: Chimecho|176/290\n|-enditem|p2a: Chimecho|Leftovers|[from] move: Knock Off|[of] p1a: Skuntank\n|-damage|p1a: Skuntank|279/310|[from] item: Life Orb\n|move|p2a: Chimecho|Dazzling Gleam|p1a: Skuntank\n|-damage|p1a: Skuntank|146/310\n|\n|upkeep\n|turn|3\n|\n|t:|1782897659\n|move|p1a: Skuntank|Toxic Spikes|p2a: Chimecho\n|-sidestart|p2: forcemajor14|move: Toxic Spikes\n|move|p2a: Chimecho|Recover|p2a: Chimecho\n|-heal|p2a: Chimecho|290/290\n|\n|upkeep\n|turn|4\n|\n|t:|1782897669\n|move|p1a: Skuntank|Toxic Spikes|p2a: Chimecho\n|-sidestart|p2: forcemajor14|move: Toxic Spikes\n|move|p2a: Chimecho|Calm Mind|p2a: Chimecho\n|-boost|p2a: Chimecho|spa|1\n|-boost|p2a: Chimecho|spd|1\n|\n|upkeep\n|turn|5\n|\n|t:|1782897674\n|switch|p1a: Muk|Muk, L86, M|321/321\n|move|p2a: Chimecho|Calm Mind|p2a: Chimecho\n|-boost|p2a: Chimecho|spa|1\n|-boost|p2a: Chimecho|spd|1\n|\n|upkeep\n|turn|6\n|\n|t:|1782897677\n|-terastallize|p1a: Muk|Dark\n|move|p2a: Chimecho|Psychic Noise|p1a: Muk\n|-immune|p1a: Muk\n|move|p1a: Muk|Haze|p1a: Muk\n|-clearallboost\n|\n|upkeep\n|turn|7\n|\n|t:|1782897684\n|move|p2a: Chimecho|Dazzling Gleam|p1a: Muk\n|-supereffective|p1a: Muk\n|-damage|p1a: Muk|209/321\n|move|p1a: Muk|Drain Punch|p2a: Chimecho\n|-supereffective|p2a: Chimecho\n|-damage|p2a: Chimecho|184/290\n|-heal|p1a: Muk|262/321|[from] drain|[of] p2a: Chimecho\n|\n|-heal|p1a: Muk|282/321|[from] item: Leftovers\n|upkeep\n|turn|8\n|\n|t:|1782897689\n|move|p2a: Chimecho|Dazzling Gleam|p1a: Muk\n|-supereffective|p1a: Muk\n|-damage|p1a: Muk|166/321\n|move|p1a: Muk|Drain Punch|p2a: Chimecho\n|-supereffective|p2a: Chimecho\n|-damage|p2a: Chimecho|78/290\n|-heal|p1a: Muk|219/321|[from] drain|[of] p2a: Chimecho\n|\n|-heal|p1a: Muk|239/321|[from] item: Leftovers\n|upkeep\n|turn|9\n|\n|t:|1782897694\n|move|p2a: Chimecho|Recover|p2a: Chimecho\n|-heal|p2a: Chimecho|223/290\n|move|p1a: Muk|Drain Punch|p2a: Chimecho\n|-supereffective|p2a: Chimecho\n|-damage|p2a: Chimecho|117/290\n|-heal|p1a: Muk|292/321|[from] drain|[of] p2a: Chimecho\n|\n|-heal|p1a: Muk|312/321|[from] item: Leftovers\n|upkeep\n|turn|10\n|\n|t:|1782897697\n|move|p2a: Chimecho|Recover|p2a: Chimecho\n|-heal|p2a: Chimecho|262/290\n|move|p1a: Muk|Drain Punch|p2a: Chimecho\n|-supereffective|p2a: Chimecho\n|-damage|p2a: Chimecho|138/290\n|-heal|p1a: Muk|321/321|[from] drain|[of] p2a: Chimecho\n|\n|upkeep\n|turn|11\n|\n|t:|1782897700\n|move|p2a: Chimecho|Recover|p2a: Chimecho\n|-heal|p2a: Chimecho|283/290\n|move|p1a: Muk|Drain Punch|p2a: Chimecho\n|-supereffective|p2a: Chimecho\n|-damage|p2a: Chimecho|167/290\n|\n|upkeep\n|turn|12\n|\n|t:|1782897704\n|move|p2a: Chimecho|Dazzling Gleam|p1a: Muk\n|-supereffective|p1a: Muk\n|-damage|p1a: Muk|205/321\n|move|p1a: Muk|Drain Punch|p2a: Chimecho\n|-supereffective|p2a: Chimecho\n|-damage|p2a: Chimecho|59/290\n|-heal|p1a: Muk|259/321|[from] drain|[of] p2a: Chimecho\n|\n|-heal|p1a: Muk|279/321|[from] item: Leftovers\n|upkeep\n|turn|13\n|\n|t:|1782897707\n|move|p2a: Chimecho|Recover|p2a: Chimecho\n|-heal|p2a: Chimecho|204/290\n|move|p1a: Muk|Drain Punch|p2a: Chimecho\n|-supereffective|p2a: Chimecho\n|-damage|p2a: Chimecho|82/290\n|-heal|p1a: Muk|321/321|[from] drain|[of] p2a: Chimecho\n|\n|upkeep\n|turn|14\n|\n|t:|1782897709\n|move|p2a: Chimecho|Recover|p2a: Chimecho\n|-heal|p2a: Chimecho|227/290\n|move|p1a: Muk|Drain Punch|p2a: Chimecho\n|-supereffective|p2a: Chimecho\n|-damage|p2a: Chimecho|119/290\n|\n|upkeep\n|turn|15\n|\n|t:|1782897712\n|move|p2a: Chimecho|Recover|p2a: Chimecho\n|-heal|p2a: Chimecho|264/290\n|move|p1a: Muk|Drain Punch|p2a: Chimecho\n|-supereffective|p2a: Chimecho\n|-damage|p2a: Chimecho|146/290\n|\n|upkeep\n|turn|16\n|\n|t:|1782897716\n|move|p2a: Chimecho|Recover|p2a: Chimecho\n|-heal|p2a: Chimecho|290/290\n|move|p1a: Muk|Drain Punch|p2a: Chimecho\n|-supereffective|p2a: Chimecho\n|-damage|p2a: Chimecho|168/290\n|\n|upkeep\n|turn|17\n|\n|t:|1782897718\n|move|p2a: Chimecho|Dazzling Gleam|p1a: Muk\n|-supereffective|p1a: Muk\n|-damage|p1a: Muk|197/321\n|move|p1a: Muk|Drain Punch|p2a: Chimecho\n|-supereffective|p2a: Chimecho\n|-damage|p2a: Chimecho|44/290\n|-heal|p1a: Muk|259/321|[from] drain|[of] p2a: Chimecho\n|\n|-heal|p1a: Muk|279/321|[from] item: Leftovers\n|upkeep\n|turn|18\n|\n|t:|1782897725\n|move|p2a: Chimecho|Dazzling Gleam|p1a: Muk\n|-supereffective|p1a: Muk\n|-damage|p1a: Muk|159/321\n|move|p1a: Muk|Drain Punch|p2a: Chimecho\n|-supereffective|p2a: Chimecho\n|-damage|p2a: Chimecho|0 fnt\n|-heal|p1a: Muk|181/321|[from] drain|[of] p2a: Chimecho\n|faint|p2a: Chimecho\n|\n|-heal|p1a: Muk|201/321|[from] item: Leftovers\n|upkeep\n|\n|t:|1782897727\n|switch|p2a: Kilowattrel|Kilowattrel, L83, F|252/252\n|turn|19\n|\n|t:|1782897735\n|move|p2a: Kilowattrel|U-turn|p1a: Muk\n|-supereffective|p1a: Muk\n|-damage|p1a: Muk|119/321\n|\n|t:|1782897736\n|switch|p2a: Bellibolt|Bellibolt, L84, M|320/320|[from] U-turn\n|-status|p2a: Bellibolt|tox\n|move|p1a: Muk|Poison Jab|p2a: Bellibolt\n|-damage|p2a: Bellibolt|226/320 tox\n|-start|p2a: Bellibolt|Charge|Poison Jab|[from] ability: Electromorphosis\n|\n|-heal|p1a: Muk|139/321|[from] item: Leftovers\n|-heal|p2a: Bellibolt|246/320 tox|[from] item: Leftovers\n|-damage|p2a: Bellibolt|226/320 tox|[from] psn\n|upkeep\n|turn|20\n|\n|t:|1782897741\n|switch|p1a: Krookodile|Krookodile, L79, F|280/280\n|-ability|p1a: Krookodile|Intimidate|boost\n|-unboost|p2a: Bellibolt|atk|1\n|move|p2a: Bellibolt|Volt Switch|p1a: Krookodile\n|-immune|p1a: Krookodile\n|-end|p2a: Bellibolt|Charge|[silent]\n|\n|-heal|p2a: Bellibolt|246/320 tox|[from] item: Leftovers\n|-damage|p2a: Bellibolt|206/320 tox|[from] psn\n|upkeep\n|turn|21\n|\n|t:|1782897749\n|move|p1a: Krookodile|Bulk Up|p1a: Krookodile\n|-boost|p1a: Krookodile|atk|1\n|-boost|p1a: Krookodile|def|1\n|move|p2a: Bellibolt|Muddy Water|p1a: Krookodile\n|-supereffective|p1a: Krookodile\n|-damage|p1a: Krookodile|104/280\n|\n|-heal|p1a: Krookodile|121/280|[from] item: Leftovers\n|-heal|p2a: Bellibolt|226/320 tox|[from] item: Leftovers\n|-damage|p2a: Bellibolt|166/320 tox|[from] psn\n|upkeep\n|turn|22\n|\n|t:|1782897753\n|switch|p2a: Kilowattrel|Kilowattrel, L83, F|252/252\n|move|p1a: Krookodile|Knock Off|p2a: Kilowattrel\n|-damage|p2a: Kilowattrel|27/252\n|-enditem|p2a: Kilowattrel|Heavy-Duty Boots|[from] move: Knock Off|[of] p1a: Krookodile\n|\n|-heal|p1a: Krookodile|138/280|[from] item: Leftovers\n|upkeep\n|turn|23\n|\n|t:|1782897757\n|move|p2a: Kilowattrel|Hurricane|p1a: Krookodile\n|-damage|p1a: Krookodile|0 fnt\n|faint|p1a: Krookodile\n|\n|upkeep\n|\n|t:|1782897764\n|switch|p1a: Skuntank|Skuntank, L84, F|146/310\n|turn|24\n|\n|t:|1782897766\n|move|p2a: Kilowattrel|Roost|p2a: Kilowattrel\n|-heal|p2a: Kilowattrel|153/252\n|-singleturn|p2a: Kilowattrel|move: Roost\n|move|p1a: Skuntank|Gunk Shot|p2a: Kilowattrel\n|-damage|p2a: Kilowattrel|0 fnt\n|faint|p2a: Kilowattrel\n|-damage|p1a: Skuntank|115/310|[from] item: Life Orb\n|\n|upkeep\n|\n|t:|1782897768\n|switch|p2a: Bellibolt|Bellibolt, L84, M|166/320 tox\n|turn|25\n|\n|t:|1782897770\n|move|p1a: Skuntank|Gunk Shot|p2a: Bellibolt\n|-damage|p2a: Bellibolt|6/320 tox\n|-start|p2a: Bellibolt|Charge|Gunk Shot|[from] ability: Electromorphosis\n|-damage|p1a: Skuntank|84/310|[from] item: Life Orb\n|move|p2a: Bellibolt|Slack Off|p2a: Bellibolt\n|-heal|p2a: Bellibolt|166/320 tox\n|\n|-heal|p2a: Bellibolt|186/320 tox|[from] item: Leftovers\n|-damage|p2a: Bellibolt|166/320 tox|[from] psn\n|upkeep\n|turn|26\n|\n|t:|1782897775\n|move|p1a: Skuntank|Knock Off|p2a: Bellibolt\n|-damage|p2a: Bellibolt|30/320 tox\n|-start|p2a: Bellibolt|Charge|Knock Off|[from] ability: Electromorphosis\n|-enditem|p2a: Bellibolt|Leftovers|[from] move: Knock Off|[of] p1a: Skuntank\n|-damage|p1a: Skuntank|53/310|[from] item: Life Orb\n|move|p2a: Bellibolt|Slack Off|p2a: Bellibolt\n|-heal|p2a: Bellibolt|190/320 tox\n|\n|-damage|p2a: Bellibolt|150/320 tox|[from] psn\n|upkeep\n|turn|27\n|\n|t:|1782897778\n|move|p1a: Skuntank|Gunk Shot|p2a: Bellibolt\n|-damage|p2a: Bellibolt|0 fnt\n|faint|p2a: Bellibolt\n|-damage|p1a: Skuntank|22/310|[from] item: Life Orb\n|\n|upkeep\n|\n|t:|1782897784\n|switch|p2a: Frosmoth|Frosmoth, L82, M|249/249\n|turn|28\n|\n|t:|1782897789\n|move|p1a: Skuntank|Gunk Shot|p2a: Frosmoth\n|-damage|p2a: Frosmoth|35/249\n|-status|p2a: Frosmoth|psn\n|-damage|p1a: Skuntank|0 fnt|[from] item: Life Orb\n|faint|p1a: Skuntank\n|move|p2a: Frosmoth|Quiver Dance|p2a: Frosmoth\n|-boost|p2a: Frosmoth|spa|1\n|-boost|p2a: Frosmoth|spd|1\n|-boost|p2a: Frosmoth|spe|1\n|\n|-damage|p2a: Frosmoth|4/249 psn|[from] psn\n|upkeep\n|\n|t:|1782897801\n|switch|p1a: Rillaboom|Rillaboom, L79, F|288/288\n|-fieldstart|move: Grassy Terrain|[from] ability: Grassy Surge|[of] p1a: Rillaboom\n|turn|29\n|\n|t:|1782897806\n|switch|p2a: Chesnaught|Chesnaught, L84, M|285/285\n|-status|p2a: Chesnaught|tox\n|move|p1a: Rillaboom|Grassy Glide|p2a: Chesnaught\n|-resisted|p2a: Chesnaught\n|-damage|p2a: Chesnaught|238/285 tox\n|\n|-heal|p2a: Chesnaught|255/285 tox|[from] Grassy Terrain\n|-heal|p2a: Chesnaught|272/285 tox|[from] item: Leftovers\n|-damage|p2a: Chesnaught|255/285 tox|[from] psn\n|upkeep\n|turn|30\n|\n|t:|1782897814\n|switch|p1a: Arboliva|Arboliva, L91, M|290/290\n|move|p2a: Chesnaught|Body Press|p1a: Arboliva\n|-supereffective|p1a: Arboliva\n|-damage|p1a: Arboliva|90/290\n|\n|-heal|p2a: Chesnaught|272/285 tox|[from] Grassy Terrain\n|-heal|p2a: Chesnaught|285/285 tox|[from] item: Leftovers\n|-heal|p1a: Arboliva|108/290|[from] Grassy Terrain\n|-heal|p1a: Arboliva|126/290|[from] item: Leftovers\n|-damage|p2a: Chesnaught|251/285 tox|[from] psn\n|upkeep\n|turn|31\n|\n|t:|1782897817\n|move|p2a: Chesnaught|Body Press|p1a: Arboliva\n|-supereffective|p1a: Arboliva\n|-damage|p1a: Arboliva|0 fnt\n|faint|p1a: Arboliva\n|\n|-heal|p2a: Chesnaught|268/285 tox|[from] Grassy Terrain\n|-heal|p2a: Chesnaught|285/285 tox|[from] item: Leftovers\n|-damage|p2a: Chesnaught|234/285 tox|[from] psn\n|upkeep\n|\n|t:|1782897830\n|switch|p1a: Rillaboom|Rillaboom, L79, F|288/288\n|turn|32\n|\n|t:|1782897833\n|switch|p2a: Frosmoth|Frosmoth, L82, M|4/249 psn\n|move|p1a: Rillaboom|Wood Hammer|p2a: Frosmoth\n|-resisted|p2a: Frosmoth\n|-damage|p2a: Frosmoth|0 fnt\n|faint|p2a: Frosmoth\n|-damage|p1a: Rillaboom|287/288|[from] Recoil\n|\n|-heal|p1a: Rillaboom|288/288|[from] Grassy Terrain\n|upkeep\n|\n|t:|1782897835\n|switch|p2a: Chesnaught|Chesnaught, L84, M|234/285 tox\n|turn|33\n|\n|t:|1782897837\n|move|p1a: Rillaboom|Wood Hammer|p2a: Chesnaught\n|-resisted|p2a: Chesnaught\n|-damage|p2a: Chesnaught|133/285 tox\n|-damage|p1a: Rillaboom|255/288|[from] Recoil\n|move|p2a: Chesnaught|Body Press|p1a: Rillaboom\n|-damage|p1a: Rillaboom|146/288\n|\n|-heal|p1a: Rillaboom|164/288|[from] Grassy Terrain\n|-heal|p2a: Chesnaught|150/285 tox|[from] Grassy Terrain\n|-heal|p2a: Chesnaught|167/285 tox|[from] item: Leftovers\n|-damage|p2a: Chesnaught|150/285 tox|[from] psn\n|-fieldend|move: Grassy Terrain\n|upkeep\n|turn|34\n|\n|t:|1782897841\n|move|p1a: Rillaboom|Wood Hammer|p2a: Chesnaught\n|-resisted|p2a: Chesnaught\n|-damage|p2a: Chesnaught|73/285 tox\n|-damage|p1a: Rillaboom|139/288|[from] Recoil\n|move|p2a: Chesnaught|Synthesis|p2a: Chesnaught\n|-heal|p2a: Chesnaught|215/285 tox\n|\n|-heal|p2a: Chesnaught|232/285 tox|[from] item: Leftovers\n|-damage|p2a: Chesnaught|198/285 tox|[from] psn\n|upkeep\n|turn|35\n|\n|t:|1782897847\n|move|p1a: Rillaboom|Wood Hammer|p2a: Chesnaught\n|-resisted|p2a: Chesnaught\n|-damage|p2a: Chesnaught|123/285 tox\n|-damage|p1a: Rillaboom|114/288|[from] Recoil\n|move|p2a: Chesnaught|Body Press|p1a: Rillaboom\n|-damage|p1a: Rillaboom|8/288\n|\n|-heal|p2a: Chesnaught|140/285 tox|[from] item: Leftovers\n|-damage|p2a: Chesnaught|89/285 tox|[from] psn\n|upkeep\n|turn|36\n|\n|t:|1782897851\n|move|p1a: Rillaboom|Wood Hammer|p2a: Chesnaught\n|-resisted|p2a: Chesnaught\n|-damage|p2a: Chesnaught|8/285 tox\n|-damage|p1a: Rillaboom|0 fnt|[from] Recoil\n|faint|p1a: Rillaboom\n|move|p2a: Chesnaught|Synthesis|p2a: Chesnaught\n|-heal|p2a: Chesnaught|150/285 tox\n|\n|-heal|p2a: Chesnaught|167/285 tox|[from] item: Leftovers\n|-damage|p2a: Chesnaught|99/285 tox|[from] psn\n|upkeep\n|\n|t:|1782897855\n|switch|p1a: Feraligatr|Feraligatr, L79, M|264/264\n|turn|37\n|\n|t:|1782897858\n|move|p1a: Feraligatr|Ice Punch|p2a: Chesnaught\n|-supereffective|p2a: Chesnaught\n|-damage|p2a: Chesnaught|0 fnt\n|faint|p2a: Chesnaught\n|\n|upkeep\n|\n|t:|1782897861\n|switch|p2a: Meloetta|Meloetta, L82|298/298\n|-status|p2a: Meloetta|tox\n|turn|38\n|\n|t:|1782897865\n|move|p2a: Meloetta|Relic Song|p1a: Feraligatr\n|-damage|p1a: Feraligatr|130/264\n|-formechange|p2a: Meloetta|Meloetta-Pirouette|[msg]\n|-damage|p2a: Meloetta|269/298 tox|[from] item: Life Orb\n|move|p1a: Feraligatr|Dragon Dance|p1a: Feraligatr\n|-boost|p1a: Feraligatr|atk|1\n|-boost|p1a: Feraligatr|spe|1\n|\n|-damage|p2a: Meloetta|251/298 tox|[from] psn\n|upkeep\n|turn|39\n|\n|t:|1782897869\n|move|p2a: Meloetta|Close Combat|p1a: Feraligatr\n|-damage|p1a: Feraligatr|0 fnt\n|-unboost|p2a: Meloetta|def|1\n|-unboost|p2a: Meloetta|spd|1\n|faint|p1a: Feraligatr\n|-damage|p2a: Meloetta|222/298 tox|[from] item: Life Orb\n|\n|-damage|p2a: Meloetta|186/298 tox|[from] psn\n|upkeep\n|-message|gholdengoballs forfeited.\n|\n|win|forcemajor14\n|raw|gholdengoballs's rating: 2155 &rarr; <strong>2129</strong><br />(-26 for losing)\n|raw|forcemajor14's rating: 2039 &rarr; <strong>2065</strong><br />(+26 for winning)\n", "inputlog": ">version f8ac14003a5f27e1bdc8d8c59608a773c1cb96e5\n>start {\"formatid\":\"gen9randombattle\",\"seed\":\"sodium,5c1f2b178b4b24d7030af8ab4e4dc3e6\",\"rated\":\"Rated battle\"}\n>player p1 {\"name\":\"gholdengoballs\",\"avatar\":\"170\",\"rating\":2155,\"seed\":\"sodium,c7506acf943bdbddd01acf3735242b5e\"}\n>player p2 {\"name\":\"forcemajor14\",\"avatar\":\"266\",\"rating\":2092,\"seed\":\"sodium,f0b70bde788274e1663635ee3cbbe06d\"}\n>p1 switch 2\n>p2 move calmmind\n>p1 move knockoff\n>p2 move dazzlinggleam terastallize\n>p1 move toxicspikes\n>p2 move recover\n>p1 move toxicspikes\n>p2 move calmmind\n>p1 switch 3\n>p2 move calmmind\n>p1 move haze terastallize\n>p2 move psychicnoise\n>p1 move drainpunch\n>p2 move dazzlinggleam\n>p1 move drainpunch\n>p2 move dazzlinggleam\n>p1 move drainpunch\n>p2 move recover\n>p1 move drainpunch\n>p2 move recover\n>p1 move drainpunch\n>p2 move recover\n>p1 move drainpunch\n>p2 move dazzlinggleam\n>p1 move drainpunch\n>p2 move recover\n>p1 move drainpunch\n>p2 move recover\n>p1 move drainpunch\n>p2 move recover\n>p1 move drainpunch\n>p2 move recover\n>p1 move drainpunch\n>p2 move dazzlinggleam\n>p1 move drainpunch\n>p2 move dazzlinggleam\n>p2 switch 5\n>p1 move poisonjab\n>p2 move uturn\n>p2 switch 2\n>p1 switch 5\n>p2 move voltswitch\n>p1 move bulkup\n>p2 move muddywater\n>p1 move knockoff\n>p2 switch 2\n>p1 move knockoff\n>p2 move hurricane\n>p1 switch 3\n>p1 move gunkshot\n>p2 move roost\n>p2 switch 2\n>p1 move gunkshot\n>p2 move slackoff\n>p1 move knockoff\n>p2 move slackoff\n>p1 move gunkshot\n>p2 move slackoff\n>p2 switch 3\n>p1 move gunkshot\n>p2 move quiverdance\n>p1 switch 4\n>p1 move grassyglide\n>p2 switch 6\n>p1 switch 2\n>p2 move bodypress\n>p1 move strengthsap\n>p2 move bodypress\n>p1 switch 2\n>p1 move woodhammer\n>p2 switch 6\n>p2 switch 6\n>p1 move woodhammer\n>p2 move bodypress\n>p1 move woodhammer\n>p2 move synthesis\n>p1 move woodhammer\n>p2 move bodypress\n>p1 move woodhammer\n>p2 move synthesis\n>p1 switch 6\n>p1 move icepunch\n>p2 move woodhammer\n>p2 switch 4\n>p1 move dragondance\n>p2 move relicsong\n>p1 move liquidation\n>p2 move closecombat\n>forcelose p1", "uploadtime": 1782897872, "views": 7, "formatid": "gen9randombattle", "rating": 2065, "private": 0, "password": null, "player_dets": [{"name": "gholdengoballs", "avatar": "170", "rating": 2155, "seed": "sodium,c7506acf943bdbddd01acf3735242b5e"}, {"name": "forcemajor14", "avatar": "266", "rating": 2092, "seed": "sodium,f0b70bde788274e1663635ee3cbbe06d"}], "teams_full": [{"Arboliva": {"name": "Arboliva", "species": "Arboliva", "speciesId": "arboliva", "gender": "M", "shiny": false, "level": 91, "moves": ["earthpower", "energyball", "hypervoice", "strengthsap"], "ability": "Seed Sower", "evs": {"hp": 85, "atk": 0, "def": 85, "spa": 85, "spd": 85, "spe": 85}, "ivs": {"hp": 31, "atk": 0, "def": 31, "spa": 31, "spd": 31, "spe": 31}, "item": "Leftovers", "teraType": "Grass", "role": "Bulky Attacker", "bvs": {"hp": 78, "atk": 69, "def": 90, "spa": 125, "spd": 109, "spe": 39}, "stats": {"hp": 290, "atk": 130, "def": 216, "spa": 279, "spd": 250, "spe": 123}, "types": ["Grass", "Normal"]}, "Skuntank": {"name": "Skuntank", "species": "Skuntank", "speciesId": "skuntank", "gender": "F", "shiny": false, "level": 84, "moves": ["gunkshot", "toxicspikes", "knockoff", "suckerpunch"], "ability": "Aftermath", "evs": {"hp": 85, "atk": 85, "def": 85, "spa": 85, "spd": 85, "spe": 85}, "ivs": {"hp": 31, "atk": 31, "def": 31, "spa": 31, "spd": 31, "spe": 31}, "item": "Life Orb", "teraType": "Poison", "role": "Fast Support", "bvs": {"hp": 103, "atk": 93, "def": 67, "spa": 71, "spd": 61, "spe": 84}, "stats": {"hp": 310, "atk": 204, "def": 161, "spa": 167, "spd": 151, "spe": 189}, "types": ["Poison", "Dark"]}, "Muk": {"name": "Muk", "species": "Muk", "speciesId": "muk", "gender": "M", "shiny": false, "level": 86, "moves": ["poisonjab", "haze", "knockoff", "drainpunch"], "ability": "Poison Touch", "evs": {"hp": 85, "atk": 85, "def": 85, "spa": 85, "spd": 85, "spe": 85}, "ivs": {"hp": 31, "atk": 31, "def": 31, "spa": 31, "spd": 31, "spe": 31}, "item": "Leftovers", "teraType": "Dark", "role": "Bulky Attacker", "bvs": {"hp": 105, "atk": 105, "def": 75, "spa": 65, "spd": 100, "spe": 50}, "stats": {"hp": 321, "atk": 230, "def": 178, "spa": 161, "spd": 221, "spe": 135}, "types": ["Poison"]}, "Rillaboom": {"name": "Rillaboom", "species": "Rillaboom", "speciesId": "rillaboom", "gender": "F", "shiny": false, "level": 79, "moves": ["woodhammer", "highhorsepower", "grassyglide", "uturn"], "ability": "Grassy Surge", "evs": {"hp": 85, "atk": 85, "def": 85, "spa": 85, "spd": 85, "spe": 85}, "ivs": {"hp": 31, "atk": 31, "def": 31, "spa": 31, "spd": 31, "spe": 31}, "item": "Choice Band", "teraType": "Grass", "role": "Fast Attacker", "bvs": {"hp": 100, "atk": 125, "def": 90, "spa": 60, "spd": 70, "spe": 85}, "stats": {"hp": 288, "atk": 243, "def": 188, "spa": 140, "spd": 156, "spe": 180}, "types": ["Grass"]}, "Krookodile": {"name": "Krookodile", "species": "Krookodile", "speciesId": "krookodile", "gender": "F", "shiny": false, "level": 79, "moves": ["gunkshot", "earthquake", "bulkup", "knockoff"], "ability": "Intimidate", "evs": {"hp": 85, "atk": 85, "def": 85, "spa": 85, "spd": 85, "spe": 85}, "ivs": {"hp": 31, "atk": 31, "def": 31, "spa": 31, "spd": 31, "spe": 31}, "item": "Leftovers", "teraType": "Poison", "role": "Bulky Setup", "bvs": {"hp": 95, "atk": 117, "def": 80, "spa": 65, "spd": 70, "spe": 92}, "stats": {"hp": 280, "atk": 230, "def": 172, "spa": 148, "spd": 156, "spe": 191}, "types": ["Ground", "Dark"]}, "Feraligatr": {"name": "Feraligatr", "species": "Feraligatr", "speciesId": "feraligatr", "gender": "M", "shiny": false, "level": 79, "moves": ["trailblaze", "liquidation", "icepunch", "dragondance"], "ability": "Sheer Force", "evs": {"hp": 85, "atk": 85, "def": 85, "spa": 85, "spd": 85, "spe": 85}, "ivs": {"hp": 31, "atk": 31, "def": 31, "spa": 31, "spd": 31, "spe": 31}, "item": "Life Orb", "teraType": "Grass", "role": "Setup Sweeper", "bvs": {"hp": 85, "atk": 105, "def": 100, "spa": 79, "spd": 83, "spe": 78}, "stats": {"hp": 264, "atk": 211, "def": 204, "spa": 170, "spd": 177, "spe": 169}, "types": ["Water"]}}, {"Chimecho": {"name": "Chimecho", "species": "Chimecho", "speciesId": "chimecho", "gender": "M", "shiny": false, "level": 93, "moves": ["calmmind", "psychicnoise", "dazzlinggleam", "recover"], "ability": "Levitate", "evs": {"hp": 85, "atk": 0, "def": 85, "spa": 85, "spd": 85, "spe": 85}, "ivs": {"hp": 31, "atk": 0, "def": 31, "spa": 31, "spd": 31, "spe": 31}, "item": "Leftovers", "teraType": "Steel", "role": "Bulky Setup", "bvs": {"hp": 75, "atk": 50, "def": 80, "spa": 95, "spd": 90, "spe": 65}, "stats": {"hp": 290, "atk": 98, "def": 202, "spa": 230, "spd": 220, "spe": 174}, "types": ["Psychic"]}, "Bellibolt": {"name": "Bellibolt", "species": "Bellibolt", "speciesId": "bellibolt", "gender": "M", "shiny": false, "level": 84, "moves": ["thunderbolt", "slackoff", "muddywater", "voltswitch"], "ability": "Electromorphosis", "evs": {"hp": 85, "atk": 0, "def": 85, "spa": 85, "spd": 85, "spe": 85}, "ivs": {"hp": 31, "atk": 0, "def": 31, "spa": 31, "spd": 31, "spe": 31}, "item": "Leftovers", "teraType": "Water", "role": "Bulky Attacker", "bvs": {"hp": 109, "atk": 64, "def": 91, "spa": 103, "spd": 83, "spe": 45}, "stats": {"hp": 320, "atk": 112, "def": 201, "spa": 221, "spd": 188, "spe": 124}, "types": ["Electric"]}, "Frosmoth": {"name": "Frosmoth", "species": "Frosmoth", "speciesId": "frosmoth", "gender": "M", "shiny": false, "level": 82, "moves": ["hurricane", "gigadrain", "quiverdance", "icebeam"], "ability": "Ice Scales", "evs": {"hp": 85, "atk": 0, "def": 85, "spa": 85, "spd": 85, "spe": 85}, "ivs": {"hp": 31, "atk": 0, "def": 31, "spa": 31, "spd": 31, "spe": 31}, "item": "Heavy-Duty Boots", "teraType": "Water", "role": "Setup Sweeper", "bvs": {"hp": 70, "atk": 65, "def": 60, "spa": 125, "spd": 90, "spe": 65}, "stats": {"hp": 249, "atk": 111, "def": 146, "spa": 252, "spd": 195, "spe": 154}, "types": ["Ice", "Bug"]}, "Meloetta": {"name": "Meloetta", "species": "Meloetta", "speciesId": "meloetta", "gender": "N", "shiny": false, "level": 82, "moves": ["tripleaxel", "closecombat", "relicsong", "knockoff"], "ability": "Serene Grace", "evs": {"hp": 85, "atk": 85, "def": 85, "spa": 85, "spd": 85, "spe": 85}, "ivs": {"hp": 31, "atk": 31, "def": 31, "spa": 31, "spd": 31, "spe": 31}, "item": "Life Orb", "teraType": "Fighting", "role": "Wallbreaker", "bvs": {"hp": 100, "atk": 77, "def": 77, "spa": 128, "spd": 128, "spe": 90}, "stats": {"hp": 298, "atk": 173, "def": 173, "spa": 257, "spd": 257, "spe": 195}, "types": ["Normal", "Psychic"]}, "Kilowattrel": {"name": "Kilowattrel", "species": "Kilowattrel", "speciesId": "kilowattrel", "gender": "F", "shiny": false, "level": 83, "moves": ["uturn", "hurricane", "roost", "thunderbolt"], "ability": "Volt Absorb", "evs": {"hp": 85, "atk": 85, "def": 85, "spa": 85, "spd": 85, "spe": 85}, "ivs": {"hp": 31, "atk": 31, "def": 31, "spa": 31, "spd": 31, "spe": 31}, "item": "Heavy-Duty Boots", "teraType": "Water", "role": "Bulky Attacker", "bvs": {"hp": 70, "atk": 70, "def": 60, "spa": 105, "spd": 60, "spe": 125}, "stats": {"hp": 252, "atk": 164, "def": 147, "spa": 222, "spd": 147, "spe": 255}, "types": ["Electric", "Flying"]}, "Chesnaught": {"name": "Chesnaught", "species": "Chesnaught", "speciesId": "chesnaught", "gender": "M", "shiny": false, "level": 84, "moves": ["woodhammer", "synthesis", "bodypress", "knockoff"], "ability": "Bulletproof", "evs": {"hp": 85, "atk": 85, "def": 85, "spa": 85, "spd": 85, "spe": 85}, "ivs": {"hp": 31, "atk": 31, "def": 31, "spa": 31, "spd": 31, "spe": 31}, "item": "Leftovers", "teraType": "Water", "role": "Bulky Support", "bvs": {"hp": 88, "atk": 107, "def": 122, "spa": 74, "spd": 75, "spe": 64}, "stats": {"hp": 285, "atk": 228, "def": 253, "spa": 173, "spd": 174, "spe": 156}, "types": ["Grass", "Fighting"]}}]}