{"id": "gen9randombattle-2641586128", "format": "[Gen 9] Random Battle", "players": ["chelseavn", "DaBoffler"], "log": "|j|\u2606chelseavn\n|j|\u2606DaBoffler\n|t:|1782813520\n|gametype|singles\n|player|p1|chelseavn|102|1908\n|player|p2|DaBoffler|rocketgrunt|1924\n|gen|9\n|tier|[Gen 9] Random Battle\n|rated|\n|rule|Species Clause: Limit one of each Pok\u00e9mon\n|rule|HP Percentage Mod: HP is shown in percentages\n|rule|Sleep Clause Mod: Limit one foe put to sleep\n|rule|Illusion Level Mod: Illusion disguises the Pok\u00e9mon's true level\n|\n|t:|1782813520\n|teamsize|p1|6\n|teamsize|p2|6\n|start\n|switch|p1a: Alcremie|Alcremie, L90, F|263/263\n|switch|p2a: Wo-Chien|Wo-Chien, L83|277/277\n|-ability|p2a: Wo-Chien|Tablets of Ruin\n|turn|1\n|\n|t:|1782813533\n|switch|p1a: Swalot|Swalot, L90, F|326/326\n|switch|p2a: Excadrill|Excadrill, L79, M|303/303\n|-ability|p2a: Excadrill|Mold Breaker\n|\n|upkeep\n|turn|2\n|\n|t:|1782813539\n|switch|p1a: Corviknight|Corviknight, L80, F|288/288\n|-ability|p1a: Corviknight|Pressure\n|move|p2a: Excadrill|Earthquake|p1a: Corviknight\n|-immune|p1a: Corviknight\n|\n|upkeep\n|turn|3\n|\n|t:|1782813548\n|switch|p2a: Misdreavus|Misdreavus, L90, M|254/254\n|move|p1a: Corviknight|U-turn|p2a: Misdreavus\n|-resisted|p2a: Misdreavus\n|-damage|p2a: Misdreavus|236/254\n|\n|t:|1782813560\n|switch|p1a: Cramorant|Cramorant, L86, F|261/261|[from] U-turn\n|\n|upkeep\n|turn|4\n|\n|t:|1782813564\n|move|p2a: Misdreavus|Will-O-Wisp|p1a: Cramorant|[miss]\n|-miss|p2a: Misdreavus|p1a: Cramorant\n|move|p1a: Cramorant|Surf|p2a: Misdreavus\n|-formechange|p1a: Cramorant|Cramorant-Gulping|\n|-damage|p2a: Misdreavus|182/254\n|\n|upkeep\n|turn|5\n|\n|t:|1782813571\n|move|p2a: Misdreavus|Will-O-Wisp|p1a: Cramorant\n|-status|p1a: Cramorant|brn\n|move|p1a: Cramorant|Brave Bird|p2a: Misdreavus\n|-crit|p2a: Misdreavus\n|-damage|p2a: Misdreavus|105/254\n|-damage|p1a: Cramorant|236/261 brn|[from] Recoil\n|\n|-damage|p1a: Cramorant|220/261 brn|[from] brn\n|upkeep\n|turn|6\n|\n|t:|1782813578\n|move|p2a: Misdreavus|Calm Mind|p2a: Misdreavus\n|-boost|p2a: Misdreavus|spa|1\n|-boost|p2a: Misdreavus|spd|1\n|move|p1a: Cramorant|Brave Bird|p2a: Misdreavus\n|-damage|p2a: Misdreavus|57/254\n|-damage|p1a: Cramorant|204/261 brn|[from] Recoil\n|\n|-damage|p1a: Cramorant|188/261 brn|[from] brn\n|upkeep\n|turn|7\n|\n|t:|1782813584\n|move|p2a: Misdreavus|Calm Mind|p2a: Misdreavus\n|-boost|p2a: Misdreavus|spa|1\n|-boost|p2a: Misdreavus|spd|1\n|move|p1a: Cramorant|Roost|p1a: Cramorant\n|-heal|p1a: Cramorant|261/261 brn\n|-singleturn|p1a: Cramorant|move: Roost\n|\n|-damage|p1a: Cramorant|245/261 brn|[from] brn\n|upkeep\n|turn|8\n|\n|t:|1782813591\n|move|p2a: Misdreavus|Calm Mind|p2a: Misdreavus\n|-boost|p2a: Misdreavus|spa|1\n|-boost|p2a: Misdreavus|spd|1\n|move|p1a: Cramorant|Brave Bird|p2a: Misdreavus\n|-damage|p2a: Misdreavus|6/254\n|-damage|p1a: Cramorant|228/261 brn|[from] Recoil\n|\n|-damage|p1a: Cramorant|212/261 brn|[from] brn\n|upkeep\n|turn|9\n|\n|t:|1782813599\n|move|p2a: Misdreavus|Draining Kiss|p1a: Cramorant\n|-crit|p1a: Cramorant\n|-damage|p1a: Cramorant|74/261 brn\n|-heal|p2a: Misdreavus|110/254|[from] drain|[of] p1a: Cramorant\n|-damage|p2a: Misdreavus|47/254|[from] ability: Gulp Missile|[of] p1a: Cramorant\n|-unboost|p2a: Misdreavus|def|1\n|-formechange|p1a: Cramorant|Cramorant|\n|move|p1a: Cramorant|Roost|p1a: Cramorant\n|-heal|p1a: Cramorant|205/261 brn\n|-singleturn|p1a: Cramorant|move: Roost\n|\n|-damage|p1a: Cramorant|189/261 brn|[from] brn\n|upkeep\n|turn|10\n|\n|t:|1782813611\n|move|p2a: Misdreavus|Draining Kiss|p1a: Cramorant\n|-crit|p1a: Cramorant\n|-damage|p1a: Cramorant|65/261 brn\n|-heal|p2a: Misdreavus|140/254|[from] drain|[of] p1a: Cramorant\n|move|p1a: Cramorant|Surf|p2a: Misdreavus\n|-formechange|p1a: Cramorant|Cramorant-Gorging|\n|-damage|p2a: Misdreavus|116/254\n|\n|-damage|p1a: Cramorant|49/261 brn|[from] brn\n|upkeep\n|turn|11\n|\n|t:|1782813620\n|move|p2a: Misdreavus|Draining Kiss|p1a: Cramorant\n|-damage|p1a: Cramorant|0 fnt\n|-heal|p2a: Misdreavus|153/254|[from] drain|[of] p1a: Cramorant\n|-damage|p2a: Misdreavus|90/254|[from] ability: Gulp Missile|[of] p1a: Cramorant\n|-status|p2a: Misdreavus|par\n|-formechange|p1a: Cramorant|Cramorant|\n|faint|p1a: Cramorant\n|\n|upkeep\n|\n|t:|1782813638\n|switch|p1a: Corviknight|Corviknight, L80, F|288/288\n|-ability|p1a: Corviknight|Pressure\n|turn|12\n|\n|t:|1782813643\n|move|p1a: Corviknight|Brave Bird|p2a: Misdreavus\n|-damage|p2a: Misdreavus|0 fnt\n|faint|p2a: Misdreavus\n|-damage|p1a: Corviknight|258/288|[from] Recoil\n|\n|upkeep\n|\n|t:|1782813648\n|switch|p2a: Swampert|Swampert, L83, F|302/302\n|turn|13\n|\n|t:|1782813653\n|move|p1a: Corviknight|Brave Bird|p2a: Swampert\n|-damage|p2a: Swampert|202/302\n|-damage|p1a: Corviknight|225/288|[from] Recoil\n|move|p2a: Swampert|Knock Off|p1a: Corviknight\n|-damage|p1a: Corviknight|156/288\n|-damage|p2a: Swampert|152/302|[from] item: Rocky Helmet|[of] p1a: Corviknight\n|-enditem|p1a: Corviknight|Rocky Helmet|[from] move: Knock Off|[of] p2a: Swampert\n|\n|-heal|p2a: Swampert|170/302|[from] item: Leftovers\n|upkeep\n|turn|14\n|\n|t:|1782813660\n|move|p1a: Corviknight|Roost|p1a: Corviknight\n|-heal|p1a: Corviknight|288/288\n|-singleturn|p1a: Corviknight|move: Roost\n|move|p2a: Swampert|Stealth Rock|p1a: Corviknight\n|-sidestart|p1: chelseavn|move: Stealth Rock\n|\n|-heal|p2a: Swampert|188/302|[from] item: Leftovers\n|upkeep\n|turn|15\n|\n|t:|1782813664\n|move|p1a: Corviknight|Defog|p2a: Swampert\n|-unboost|p2a: Swampert|evasion|1\n|-sideend|p1: chelseavn|Stealth Rock|[from] move: Defog|[of] p1a: Corviknight\n|move|p2a: Swampert|Flip Turn|p1a: Corviknight\n|-damage|p1a: Corviknight|225/288\n|\n|t:|1782813670\n|switch|p2a: Mewtwo|Mewtwo, L72|272/272|[from] Flip Turn\n|-ability|p2a: Mewtwo|Pressure\n|\n|upkeep\n|turn|16\n|\n|t:|1782813676\n|switch|p2a: Excadrill|Excadrill, L79, M|303/303\n|-ability|p2a: Excadrill|Mold Breaker\n|move|p1a: Corviknight|U-turn|p2a: Excadrill\n|-resisted|p2a: Excadrill\n|-damage|p2a: Excadrill|271/303\n|\n|t:|1782813695\n|switch|p1a: Misdreavus|Misdreavus, L90, M|254/254|[from] U-turn\n|\n|upkeep\n|turn|17\n|\n|t:|1782813700\n|switch|p2a: Wo-Chien|Wo-Chien, L83|277/277\n|-ability|p2a: Wo-Chien|Tablets of Ruin\n|move|p1a: Misdreavus|Will-O-Wisp|p2a: Wo-Chien\n|-status|p2a: Wo-Chien|brn\n|\n|-damage|p2a: Wo-Chien|260/277 brn|[from] brn\n|upkeep\n|turn|18\n|\n|t:|1782813710\n|switch|p1a: Corviknight|Corviknight, L80, F|225/288\n|-ability|p1a: Corviknight|Pressure\n|move|p2a: Wo-Chien|Knock Off|p1a: Corviknight\n|-damage|p1a: Corviknight|198/288\n|\n|-heal|p2a: Wo-Chien|277/277 brn|[from] item: Leftovers\n|-damage|p2a: Wo-Chien|260/277 brn|[from] brn\n|upkeep\n|turn|19\n|\n|t:|1782813719\n|move|p2a: Wo-Chien|Leech Seed|p1a: Corviknight\n|-start|p1a: Corviknight|move: Leech Seed\n|move|p1a: Corviknight|U-turn|p2a: Wo-Chien\n|-supereffective|p2a: Wo-Chien\n|-damage|p2a: Wo-Chien|144/277 brn\n|\n|t:|1782813730\n|switch|p1a: Swalot|Swalot, L90, F|326/326|[from] U-turn\n|\n|-heal|p2a: Wo-Chien|161/277 brn|[from] item: Leftovers\n|-damage|p2a: Wo-Chien|144/277 brn|[from] brn\n|upkeep\n|turn|20\n|\n|t:|1782813737\n|move|p2a: Wo-Chien|Knock Off|p1a: Swalot\n|-damage|p1a: Swalot|279/326\n|-enditem|p1a: Swalot|Leftovers|[from] move: Knock Off|[of] p2a: Wo-Chien\n|move|p1a: Swalot|Earthquake|p2a: Wo-Chien\n|-resisted|p2a: Wo-Chien\n|-damage|p2a: Wo-Chien|119/277 brn\n|\n|-heal|p2a: Wo-Chien|136/277 brn|[from] item: Leftovers\n|-damage|p2a: Wo-Chien|119/277 brn|[from] brn\n|upkeep\n|turn|21\n|\n|t:|1782813748\n|switch|p2a: Swampert|Swampert, L83, F|188/302\n|move|p1a: Swalot|Sludge Bomb|p2a: Swampert\n|-resisted|p2a: Swampert\n|-damage|p2a: Swampert|145/302\n|-status|p2a: Swampert|psn\n|\n|-heal|p2a: Swampert|163/302 psn|[from] item: Leftovers\n|-damage|p2a: Swampert|126/302 psn|[from] psn\n|upkeep\n|turn|22\n|\n|t:|1782813757\n|switch|p1a: Corviknight|Corviknight, L80, F|198/288\n|-ability|p1a: Corviknight|Pressure\n|move|p2a: Swampert|Stealth Rock|p1a: Corviknight\n|-sidestart|p1: chelseavn|move: Stealth Rock\n|\n|-heal|p2a: Swampert|144/302 psn|[from] item: Leftovers\n|-damage|p2a: Swampert|107/302 psn|[from] psn\n|upkeep\n|turn|23\n|\n|t:|1782813766\n|move|p1a: Corviknight|Defog|p2a: Swampert\n|-unboost|p2a: Swampert|evasion|1\n|-sideend|p1: chelseavn|Stealth Rock|[from] move: Defog|[of] p1a: Corviknight\n|move|p2a: Swampert|Flip Turn|p1a: Corviknight\n|-damage|p1a: Corviknight|137/288\n|\n|t:|1782813770\n|switch|p2a: Mewtwo|Mewtwo, L72|272/272|[from] Flip Turn\n|-ability|p2a: Mewtwo|Pressure\n|\n|upkeep\n|turn|24\n|\n|t:|1782813776\n|move|p2a: Mewtwo|Dark Pulse|p1a: Corviknight\n|-damage|p1a: Corviknight|58/288\n|-damage|p2a: Mewtwo|245/272|[from] item: Life Orb\n|move|p1a: Corviknight|U-turn|p2a: Mewtwo\n|-supereffective|p2a: Mewtwo\n|-damage|p2a: Mewtwo|143/272\n|\n|t:|1782813791\n|switch|p1a: Misdreavus|Misdreavus, L90, M|254/254|[from] U-turn\n|\n|upkeep\n|turn|25\n|inactive|Battle timer is ON: inactive players will automatically lose when time's up. (requested by DaBoffler)\n|\n|t:|1782813797\n|switch|p2a: Wo-Chien|Wo-Chien, L83|119/277 brn\n|-ability|p2a: Wo-Chien|Tablets of Ruin\n|move|p1a: Misdreavus|Shadow Ball|p2a: Wo-Chien\n|-resisted|p2a: Wo-Chien\n|-damage|p2a: Wo-Chien|85/277 brn\n|\n|-heal|p2a: Wo-Chien|102/277 brn|[from] item: Leftovers\n|-damage|p2a: Wo-Chien|85/277 brn|[from] brn\n|upkeep\n|turn|26\n|\n|t:|1782813808\n|switch|p1a: Corviknight|Corviknight, L80, F|58/288\n|-ability|p1a: Corviknight|Pressure\n|move|p2a: Wo-Chien|Leech Seed|p1a: Corviknight|[miss]\n|-miss|p2a: Wo-Chien|p1a: Corviknight\n|\n|-heal|p2a: Wo-Chien|102/277 brn|[from] item: Leftovers\n|-damage|p2a: Wo-Chien|85/277 brn|[from] brn\n|upkeep\n|turn|27\n|\n|t:|1782813818\n|move|p2a: Wo-Chien|Leech Seed|p1a: Corviknight\n|-start|p1a: Corviknight|move: Leech Seed\n|move|p1a: Corviknight|Roost|p1a: Corviknight\n|-heal|p1a: Corviknight|202/288\n|-singleturn|p1a: Corviknight|move: Roost\n|\n|-heal|p2a: Wo-Chien|102/277 brn|[from] item: Leftovers\n|-damage|p1a: Corviknight|166/288|[from] Leech Seed|[of] p2a: Wo-Chien\n|-heal|p2a: Wo-Chien|138/277 brn|[silent]\n|-damage|p2a: Wo-Chien|121/277 brn|[from] brn\n|upkeep\n|turn|28\n|\n|t:|1782813835\n|switch|p2a: Swampert|Swampert, L83, F|107/302 psn\n|switch|p1a: Swalot|Swalot, L90, F|279/326\n|\n|-heal|p2a: Swampert|125/302 psn|[from] item: Leftovers\n|-damage|p2a: Swampert|88/302 psn|[from] psn\n|upkeep\n|turn|29\n|\n|t:|1782813845\n|move|p1a: Swalot|Protect|p1a: Swalot\n|-singleturn|p1a: Swalot|Protect\n|move|p2a: Swampert|Flip Turn|p1a: Swalot\n|-activate|p1a: Swalot|move: Protect\n|\n|-heal|p2a: Swampert|106/302 psn|[from] item: Leftovers\n|-damage|p2a: Swampert|69/302 psn|[from] psn\n|upkeep\n|turn|30\n|\n|t:|1782813854\n|move|p1a: Swalot|Earthquake|p2a: Swampert\n|-damage|p2a: Swampert|4/302 psn\n|move|p2a: Swampert|Stealth Rock|p1a: Swalot\n|-sidestart|p1: chelseavn|move: Stealth Rock\n|\n|-heal|p2a: Swampert|22/302 psn|[from] item: Leftovers\n|-damage|p2a: Swampert|0 fnt|[from] psn\n|faint|p2a: Swampert\n|upkeep\n|\n|t:|1782813860\n|switch|p2a: Basculin|Basculin, L86, F|261/261\n|turn|31\n|\n|t:|1782813866\n|switch|p1a: Suicune|Suicune, L82|298/298\n|-damage|p1a: Suicune|261/298|[from] Stealth Rock\n|-ability|p1a: Suicune|Pressure\n|-terastallize|p2a: Basculin|Water\n|move|p2a: Basculin|Wave Crash|p1a: Suicune\n|-resisted|p1a: Suicune\n|-damage|p1a: Suicune|152/298\n|-damage|p2a: Basculin|225/261|[from] Recoil\n|\n|-heal|p1a: Suicune|170/298|[from] item: Leftovers\n|upkeep\n|turn|32\n|\n|t:|1782813879\n|switch|p2a: Wo-Chien|Wo-Chien, L83|121/277 brn\n|-ability|p2a: Wo-Chien|Tablets of Ruin\n|move|p1a: Suicune|Scald|p2a: Wo-Chien\n|-resisted|p2a: Wo-Chien\n|-damage|p2a: Wo-Chien|91/277 brn\n|\n|-heal|p1a: Suicune|188/298|[from] item: Leftovers\n|-heal|p2a: Wo-Chien|108/277 brn|[from] item: Leftovers\n|-damage|p2a: Wo-Chien|91/277 brn|[from] brn\n|upkeep\n|turn|33\n|\n|t:|1782813890\n|move|p1a: Suicune|Ice Beam|p2a: Wo-Chien\n|-supereffective|p2a: Wo-Chien\n|-damage|p2a: Wo-Chien|5/277 brn\n|move|p2a: Wo-Chien|Giga Drain|p1a: Suicune\n|-supereffective|p1a: Suicune\n|-damage|p1a: Suicune|68/298\n|-heal|p2a: Wo-Chien|65/277 brn|[from] drain|[of] p1a: Suicune\n|\n|-heal|p1a: Suicune|86/298|[from] item: Leftovers\n|-heal|p2a: Wo-Chien|82/277 brn|[from] item: Leftovers\n|-damage|p2a: Wo-Chien|65/277 brn|[from] brn\n|upkeep\n|turn|34\n|\n|t:|1782813899\n|move|p1a: Suicune|Ice Beam|p2a: Wo-Chien\n|-supereffective|p2a: Wo-Chien\n|-damage|p2a: Wo-Chien|0 fnt\n|faint|p2a: Wo-Chien\n|\n|-heal|p1a: Suicune|104/298|[from] item: Leftovers\n|upkeep\n|\n|t:|1782813905\n|switch|p2a: Basculin|Basculin, L86, F, tera:Water|225/261\n|turn|35\n|\n|t:|1782813909\n|move|p2a: Basculin|Wave Crash|p1a: Suicune\n|-resisted|p1a: Suicune\n|-damage|p1a: Suicune|0 fnt\n|faint|p1a: Suicune\n|-damage|p2a: Basculin|191/261|[from] Recoil\n|\n|upkeep\n|\n|t:|1782813922\n|switch|p1a: Misdreavus|Misdreavus, L90, M|254/254\n|-damage|p1a: Misdreavus|223/254|[from] Stealth Rock\n|turn|36\n|\n|t:|1782813928\n|switch|p2a: Mewtwo|Mewtwo, L72|143/272\n|-ability|p2a: Mewtwo|Pressure\n|move|p1a: Misdreavus|Will-O-Wisp|p2a: Mewtwo\n|-status|p2a: Mewtwo|brn\n|\n|-damage|p2a: Mewtwo|126/272 brn|[from] brn\n|upkeep\n|turn|37\n|\n|t:|1782813939\n|switch|p1a: Alcremie|Alcremie, L90, F|263/263\n|-damage|p1a: Alcremie|231/263|[from] Stealth Rock\n|move|p2a: Mewtwo|Psystrike|p1a: Alcremie\n|-damage|p1a: Alcremie|83/263\n|-damage|p2a: Mewtwo|99/272 brn|[from] item: Life Orb\n|\n|-heal|p1a: Alcremie|99/263|[from] item: Leftovers\n|-damage|p2a: Mewtwo|82/272 brn|[from] brn\n|upkeep\n|turn|38\n|\n|t:|1782813950\n|move|p2a: Mewtwo|Nasty Plot|p2a: Mewtwo\n|-boost|p2a: Mewtwo|spa|2\n|move|p1a: Alcremie|Recover|p1a: Alcremie\n|-heal|p1a: Alcremie|231/263\n|\n|-heal|p1a: Alcremie|247/263|[from] item: Leftovers\n|-damage|p2a: Mewtwo|65/272 brn|[from] brn\n|upkeep\n|turn|39\n|\n|t:|1782813963\n|move|p2a: Mewtwo|Recover|p2a: Mewtwo\n|-heal|p2a: Mewtwo|201/272 brn\n|move|p1a: Alcremie|Alluring Voice|p2a: Mewtwo\n|-damage|p2a: Mewtwo|71/272 brn\n|\n|-heal|p1a: Alcremie|263/263|[from] item: Leftovers\n|-damage|p2a: Mewtwo|54/272 brn|[from] brn\n|upkeep\n|turn|40\n|\n|t:|1782813973\n|move|p2a: Mewtwo|Psystrike|p1a: Alcremie\n|-damage|p1a: Alcremie|0 fnt\n|faint|p1a: Alcremie\n|-damage|p2a: Mewtwo|27/272 brn|[from] item: Life Orb\n|\n|-damage|p2a: Mewtwo|10/272 brn|[from] brn\n|upkeep\n|\n|t:|1782813989\n|switch|p1a: Swalot|Swalot, L90, F|279/326\n|-damage|p1a: Swalot|239/326|[from] Stealth Rock\n|turn|41\n|\n|t:|1782813997\n|move|p2a: Mewtwo|Dark Pulse|p1a: Swalot\n|-damage|p1a: Swalot|82/326\n|-damage|p2a: Mewtwo|0 fnt|[from] item: Life Orb\n|faint|p2a: Mewtwo\n|move|p1a: Swalot|Sludge Bomb|p2: Mewtwo|[notarget]\n|-fail|p1a: Swalot\n|\n|upkeep\n|\n|t:|1782814001\n|switch|p2a: Basculin|Basculin, L86, F, tera:Water|191/261\n|turn|42\n|\n|t:|1782814005\n|move|p1a: Swalot|Protect|p1a: Swalot\n|-singleturn|p1a: Swalot|Protect\n|move|p2a: Basculin|Wave Crash|p1a: Swalot\n|-activate|p1a: Swalot|move: Protect\n|\n|upkeep\n|turn|43\n|\n|t:|1782814011\n|move|p2a: Basculin|Wave Crash|p1a: Swalot\n|-damage|p1a: Swalot|0 fnt\n|faint|p1a: Swalot\n|-damage|p2a: Basculin|164/261|[from] Recoil\n|\n|upkeep\n|\n|t:|1782814017\n|switch|p1a: Misdreavus|Misdreavus, L90, M|223/254\n|-damage|p1a: Misdreavus|192/254|[from] Stealth Rock\n|turn|44\n|\n|t:|1782814021\n|move|p2a: Basculin|Wave Crash|p1a: Misdreavus\n|-damage|p1a: Misdreavus|0 fnt\n|faint|p1a: Misdreavus\n|-damage|p2a: Basculin|101/261|[from] Recoil\n|\n|upkeep\n|\n|t:|1782814025\n|switch|p1a: Corviknight|Corviknight, L80, F|166/288\n|-damage|p1a: Corviknight|130/288|[from] Stealth Rock\n|-ability|p1a: Corviknight|Pressure\n|turn|45\n|\n|t:|1782814029\n|-terastallize|p1a: Corviknight|Dragon\n|move|p2a: Basculin|Wave Crash|p1a: Corviknight\n|-resisted|p1a: Corviknight\n|-damage|p1a: Corviknight|8/288\n|-damage|p2a: Basculin|61/261|[from] Recoil\n|move|p1a: Corviknight|Roost|p1a: Corviknight\n|-heal|p1a: Corviknight|152/288\n|\n|upkeep\n|turn|46\n|\n|t:|1782814038\n|move|p2a: Basculin|Wave Crash|p1a: Corviknight\n|-resisted|p1a: Corviknight\n|-damage|p1a: Corviknight|29/288\n|-damage|p2a: Basculin|20/261|[from] Recoil\n|move|p1a: Corviknight|Roost|p1a: Corviknight\n|-heal|p1a: Corviknight|173/288\n|\n|upkeep\n|turn|47\n|\n|t:|1782814046\n|move|p2a: Basculin|Wave Crash|p1a: Corviknight\n|-resisted|p1a: Corviknight\n|-damage|p1a: Corviknight|43/288\n|-damage|p2a: Basculin|0 fnt|[from] Recoil\n|faint|p2a: Basculin\n|move|p1a: Corviknight|Roost|p1a: Corviknight\n|-heal|p1a: Corviknight|187/288\n|\n|upkeep\n|\n|t:|1782814049\n|switch|p2a: Excadrill|Excadrill, L79, M|271/303\n|-ability|p2a: Excadrill|Mold Breaker\n|turn|48\n|\n|t:|1782814057\n|move|p2a: Excadrill|Iron Head|p1a: Corviknight\n|-damage|p1a: Corviknight|94/288\n|move|p1a: Corviknight|Roost|p1a: Corviknight\n|-heal|p1a: Corviknight|238/288\n|\n|upkeep\n|turn|49\n|\n|t:|1782814064\n|move|p2a: Excadrill|Earthquake|p1a: Corviknight\n|-damage|p1a: Corviknight|124/288\n|move|p1a: Corviknight|Brave Bird|p2a: Excadrill\n|-resisted|p2a: Excadrill\n|-damage|p2a: Excadrill|191/303\n|-damage|p1a: Corviknight|98/288|[from] Recoil\n|\n|upkeep\n|turn|50\n|\n|t:|1782814069\n|move|p2a: Excadrill|Earthquake|p1a: Corviknight\n|-damage|p1a: Corviknight|0 fnt\n|faint|p1a: Corviknight\n|\n|win|DaBoffler\n|raw|chelseavn's rating: 1908 &rarr; <strong>1889</strong><br />(-19 for losing)\n|raw|DaBoffler's rating: 1924 &rarr; <strong>1943</strong><br />(+19 for winning)\n", "inputlog": ">version f8ac14003a5f27e1bdc8d8c59608a773c1cb96e5\n>start {\"formatid\":\"gen9randombattle\",\"seed\":\"sodium,ce28ae0c4a06d3e78ea318df3c136efc\",\"rated\":\"Rated battle\"}\n>player p1 {\"name\":\"chelseavn\",\"avatar\":\"102\",\"rating\":1908,\"seed\":\"sodium,d0fa60a59e0dc2729bd6734f731f8d66\"}\n>player p2 {\"name\":\"DaBoffler\",\"avatar\":\"rocketgrunt\",\"rating\":1924,\"seed\":\"sodium,a8a843479889e581537f9cfd4fb06be2\"}\n>p1 switch 2\n>p2 switch 4\n>p1 switch 4\n>p2 move earthquake\n>p1 move uturn\n>p2 switch 2\n>p1 switch 5\n>p1 move surf\n>p2 move willowisp\n>p1 move bravebird\n>p2 move willowisp\n>p1 move bravebird\n>p2 move calmmind\n>p1 move roost\n>p2 move calmmind\n>p1 move bravebird\n>p2 move calmmind\n>p1 move roost\n>p2 move drainingkiss\n>p1 move surf\n>p2 move drainingkiss\n>p1 move roost\n>p2 move drainingkiss\n>p1 switch 5\n>p1 move bravebird\n>p2 move willowisp\n>p2 switch 6\n>p1 move bravebird\n>p2 move knockoff\n>p1 move roost\n>p2 move stealthrock\n>p1 move defog\n>p2 move flipturn\n>p2 switch 3\n>p1 move uturn\n>p2 switch 2\n>p1 switch 6\n>p1 move willowisp\n>p2 switch 4\n>p1 switch 6\n>p2 move knockoff\n>p1 move uturn\n>p2 move leechseed\n>p1 switch 4\n>p1 move earthquake\n>p2 move knockoff\n>p1 move sludgebomb\n>p2 switch 3\n>p1 switch 4\n>p2 move stealthrock\n>p1 move defog\n>p2 move flipturn\n>p2 switch 2\n>p1 move uturn\n>p2 move darkpulse\n>p1 switch 6\n>p1 move shadowball\n>p2 switch 3\n>p1 switch 6\n>p2 move leechseed\n>p1 move roost\n>p2 move leechseed\n>p1 switch 4\n>p2 switch 2\n>p1 move protect\n>p2 move flipturn\n>p1 move earthquake\n>p2 move stealthrock\n>p2 switch 5\n>p1 switch 3\n>p2 move wavecrash terastallize\n>p1 move scald\n>p2 switch 2\n>p1 move icebeam\n>p2 move gigadrain\n>p1 move icebeam\n>p2 move leechseed\n>p2 switch 2\n>p1 move scald\n>p2 move wavecrash\n>p1 switch 6\n>p1 move willowisp\n>p2 switch 3\n>p1 switch 2\n>p2 move psystrike\n>p1 move recover\n>p2 move nastyplot\n>p1 move alluringvoice\n>p2 move recover\n>p1 move alluringvoice\n>p2 move psystrike\n>p1 switch 3\n>p1 move sludgebomb\n>p2 move darkpulse\n>p2 switch 3\n>p1 move protect\n>p2 move wavecrash\n>p1 move sludgebomb\n>p2 move wavecrash\n>p1 switch 2\n>p1 move willowisp\n>p2 move wavecrash\n>p1 switch 4\n>p1 move roost terastallize\n>p2 move wavecrash\n>p1 move roost\n>p2 move wavecrash\n>p1 move roost\n>p2 move wavecrash\n>p2 switch 4\n>p1 move roost\n>p2 move ironhead\n>p1 move bravebird\n>p2 move earthquake\n>p1 move bravebird\n>p2 move earthquake", "uploadtime": 1782813522, "views": 8, "formatid": "gen9randombattle", "rating": 1889, "private": 0, "password": null, "player_dets": [{"name": "chelseavn", "avatar": "102", "rating": 1908, "seed": "sodium,d0fa60a59e0dc2729bd6734f731f8d66"}, {"name": "DaBoffler", "avatar": "rocketgrunt", "rating": 1924, "seed": "sodium,a8a843479889e581537f9cfd4fb06be2"}], "teams_full": [{"Alcremie": {"name": "Alcremie", "species": "Alcremie", "speciesId": "alcremie", "gender": "F", "shiny": false, "level": 90, "moves": ["calmmind", "recover", "terablast", "alluringvoice"], "ability": "Aroma Veil", "evs": {"hp": 85, "atk": 0, "def": 85, "spa": 85, "spd": 85, "spe": 85}, "ivs": {"hp": 31, "atk": 0, "def": 31, "spa": 31, "spd": 31, "spe": 31}, "item": "Leftovers", "teraType": "Ground", "role": "Tera Blast user", "bvs": {"hp": 65, "atk": 60, "def": 75, "spa": 110, "spd": 121, "spe": 64}, "stats": {"hp": 263, "atk": 113, "def": 186, "spa": 249, "spd": 269, "spe": 167}, "types": ["Fairy"]}, "Swalot": {"name": "Swalot", "species": "Swalot", "speciesId": "swalot", "gender": "F", "shiny": false, "level": 90, "moves": ["earthquake", "protect", "sludgebomb", "toxic"], "ability": "Liquid Ooze", "evs": {"hp": 85, "atk": 85, "def": 85, "spa": 85, "spd": 85, "spe": 85}, "ivs": {"hp": 31, "atk": 31, "def": 31, "spa": 31, "spd": 31, "spe": 31}, "item": "Leftovers", "teraType": "Ground", "role": "Bulky Support", "bvs": {"hp": 100, "atk": 73, "def": 83, "spa": 73, "spd": 83, "spe": 55}, "stats": {"hp": 326, "atk": 183, "def": 201, "spa": 183, "spd": 201, "spe": 150}, "types": ["Poison"]}, "Suicune": {"name": "Suicune", "species": "Suicune", "speciesId": "suicune", "gender": "N", "shiny": false, "level": 82, "moves": ["calmmind", "scald", "substitute", "icebeam"], "ability": "Pressure", "evs": {"hp": 85, "atk": 0, "def": 85, "spa": 85, "spd": 85, "spe": 85}, "ivs": {"hp": 31, "atk": 0, "def": 31, "spa": 31, "spd": 31, "spe": 31}, "item": "Leftovers", "teraType": "Steel", "role": "Bulky Setup", "bvs": {"hp": 100, "atk": 75, "def": 115, "spa": 90, "spd": 115, "spe": 85}, "stats": {"hp": 298, "atk": 127, "def": 236, "spa": 195, "spd": 236, "spe": 187}, "types": ["Water"]}, "Corviknight": {"name": "Corviknight", "species": "Corviknight", "speciesId": "corviknight", "gender": "F", "shiny": false, "level": 80, "moves": ["bravebird", "roost", "uturn", "defog"], "ability": "Pressure", "evs": {"hp": 85, "atk": 85, "def": 85, "spa": 85, "spd": 85, "spe": 85}, "ivs": {"hp": 31, "atk": 31, "def": 31, "spa": 31, "spd": 31, "spe": 31}, "item": "Rocky Helmet", "teraType": "Dragon", "role": "Bulky Support", "bvs": {"hp": 98, "atk": 87, "def": 105, "spa": 53, "spd": 85, "spe": 67}, "stats": {"hp": 288, "atk": 185, "def": 214, "spa": 131, "spd": 182, "spe": 153}, "types": ["Flying", "Steel"]}, "Cramorant": {"name": "Cramorant", "species": "Cramorant", "speciesId": "cramorant", "gender": "F", "shiny": false, "level": 86, "moves": ["roost", "surf", "bravebird", "defog"], "ability": "Gulp Missile", "evs": {"hp": 85, "atk": 85, "def": 85, "spa": 85, "spd": 85, "spe": 85}, "ivs": {"hp": 31, "atk": 31, "def": 31, "spa": 31, "spd": 31, "spe": 31}, "item": "Heavy-Duty Boots", "teraType": "Ground", "role": "Bulky Support", "bvs": {"hp": 70, "atk": 85, "def": 55, "spa": 85, "spd": 95, "spe": 85}, "stats": {"hp": 261, "atk": 195, "def": 144, "spa": 195, "spd": 213, "spe": 195}, "types": ["Flying", "Water"]}, "Misdreavus": {"name": "Misdreavus", "species": "Misdreavus", "speciesId": "misdreavus", "gender": "M", "shiny": false, "level": 90, "moves": ["drainingkiss", "shadowball", "calmmind", "willowisp"], "ability": "Levitate", "evs": {"hp": 85, "atk": 0, "def": 85, "spa": 85, "spd": 85, "spe": 85}, "ivs": {"hp": 31, "atk": 0, "def": 31, "spa": 31, "spd": 31, "spe": 31}, "item": "Eviolite", "teraType": "Fairy", "role": "Bulky Setup", "bvs": {"hp": 60, "atk": 60, "def": 60, "spa": 85, "spd": 85, "spe": 85}, "stats": {"hp": 254, "atk": 113, "def": 159, "spa": 204, "spd": 204, "spe": 204}, "types": ["Ghost"]}}, {"Wo-Chien": {"name": "Wo-Chien", "species": "Wo-Chien", "speciesId": "wochien", "gender": "N", "shiny": false, "level": 83, "moves": ["knockoff", "gigadrain", "leechseed", "protect"], "ability": "Tablets of Ruin", "evs": {"hp": 85, "atk": 85, "def": 85, "spa": 85, "spd": 85, "spe": 85}, "ivs": {"hp": 31, "atk": 31, "def": 31, "spa": 31, "spd": 31, "spe": 31}, "item": "Leftovers", "teraType": "Poison", "role": "Bulky Support", "bvs": {"hp": 85, "atk": 85, "def": 100, "spa": 95, "spd": 135, "spe": 70}, "stats": {"hp": 277, "atk": 189, "def": 214, "spa": 205, "spd": 272, "spe": 164}, "types": ["Dark", "Grass"]}, "Misdreavus": {"name": "Misdreavus", "species": "Misdreavus", "speciesId": "misdreavus", "gender": "M", "shiny": false, "level": 90, "moves": ["calmmind", "shadowball", "drainingkiss", "willowisp"], "ability": "Levitate", "evs": {"hp": 85, "atk": 0, "def": 85, "spa": 85, "spd": 85, "spe": 85}, "ivs": {"hp": 31, "atk": 0, "def": 31, "spa": 31, "spd": 31, "spe": 31}, "item": "Eviolite", "teraType": "Fairy", "role": "Bulky Setup", "bvs": {"hp": 60, "atk": 60, "def": 60, "spa": 85, "spd": 85, "spe": 85}, "stats": {"hp": 254, "atk": 113, "def": 159, "spa": 204, "spd": 204, "spe": 204}, "types": ["Ghost"]}, "Mewtwo": {"name": "Mewtwo", "species": "Mewtwo", "speciesId": "mewtwo", "gender": "N", "shiny": false, "level": 72, "moves": ["darkpulse", "psystrike", "recover", "nastyplot"], "ability": "Pressure", "evs": {"hp": 85, "atk": 0, "def": 85, "spa": 85, "spd": 85, "spe": 85}, "ivs": {"hp": 31, "atk": 0, "def": 31, "spa": 31, "spd": 31, "spe": 31}, "item": "Life Orb", "teraType": "Dark", "role": "Setup Sweeper", "bvs": {"hp": 106, "atk": 110, "def": 90, "spa": 154, "spd": 90, "spe": 130}, "stats": {"hp": 272, "atk": 163, "def": 172, "spa": 264, "spd": 172, "spe": 229}, "types": ["Psychic"]}, "Excadrill": {"name": "Excadrill", "species": "Excadrill", "speciesId": "excadrill", "gender": "M", "shiny": false, "level": 79, "moves": ["rapidspin", "rockslide", "earthquake", "ironhead"], "ability": "Mold Breaker", "evs": {"hp": 85, "atk": 85, "def": 85, "spa": 85, "spd": 85, "spe": 85}, "ivs": {"hp": 31, "atk": 31, "def": 31, "spa": 31, "spd": 31, "spe": 31}, "item": "Assault Vest", "teraType": "Grass", "role": "AV Pivot", "bvs": {"hp": 110, "atk": 135, "def": 60, "spa": 50, "spd": 65, "spe": 88}, "stats": {"hp": 303, "atk": 259, "def": 140, "spa": 125, "spd": 148, "spe": 185}, "types": ["Ground", "Steel"]}, "Basculin": {"name": "Basculin", "species": "Basculin", "speciesId": "basculin", "gender": "F", "shiny": false, "level": 86, "moves": ["doubleedge", "aquajet", "wavecrash", "flipturn"], "ability": "Adaptability", "evs": {"hp": 85, "atk": 85, "def": 85, "spa": 85, "spd": 85, "spe": 85}, "ivs": {"hp": 31, "atk": 31, "def": 31, "spa": 31, "spd": 31, "spe": 31}, "item": "Choice Band", "teraType": "Water", "role": "Wallbreaker", "bvs": {"hp": 70, "atk": 92, "def": 65, "spa": 80, "spd": 55, "spe": 98}, "stats": {"hp": 261, "atk": 207, "def": 161, "spa": 187, "spd": 144, "spe": 218}, "types": ["Water"]}, "Swampert": {"name": "Swampert", "species": "Swampert", "speciesId": "swampert", "gender": "F", "shiny": false, "level": 83, "moves": ["flipturn", "earthquake", "knockoff", "stealthrock"], "ability": "Torrent", "evs": {"hp": 85, "atk": 85, "def": 85, "spa": 85, "spd": 85, "spe": 85}, "ivs": {"hp": 31, "atk": 31, "def": 31, "spa": 31, "spd": 31, "spe": 31}, "item": "Leftovers", "teraType": "Steel", "role": "Bulky Support", "bvs": {"hp": 100, "atk": 110, "def": 90, "spa": 85, "spd": 90, "spe": 60}, "stats": {"hp": 302, "atk": 230, "def": 197, "spa": 189, "spd": 197, "spe": 147}, "types": ["Water", "Ground"]}}]}