{"id": "gen9randombattle-2642179922", "format": "[Gen 9] Random Battle", "players": ["SSlimeyy", "wanda72"], "log": "|j|\u2606SSlimeyy\n|j|\u2606wanda72\n|t:|1782906434\n|gametype|singles\n|player|p1|SSlimeyy|101|2029\n|player|p2|wanda72|102|2091\n|gen|9\n|tier|[Gen 9] Random Battle\n|rated|\n|rule|Species Clause: Limit one of each Pok\u00e9mon\n|rule|HP Percentage Mod: HP is shown in percentages\n|rule|Sleep Clause Mod: Limit one foe put to sleep\n|rule|Illusion Level Mod: Illusion disguises the Pok\u00e9mon's true level\n|\n|t:|1782906434\n|teamsize|p1|6\n|teamsize|p2|6\n|start\n|switch|p1a: Registeel|Registeel, L81|262/262\n|switch|p2a: Sableye|Sableye, L88, M|231/231\n|turn|1\n|inactive|Battle timer is ON: inactive players will automatically lose when time's up. (requested by wanda72)\n|\n|t:|1782906442\n|switch|p1a: Gurdurr|Gurdurr, L85, M|283/283\n|move|p2a: Sableye|Will-O-Wisp|p1a: Gurdurr|[miss]\n|-miss|p2a: Sableye|p1a: Gurdurr\n|\n|upkeep\n|turn|2\n|\n|t:|1782906447\n|move|p2a: Sableye|Knock Off|p1a: Gurdurr\n|-resisted|p1a: Gurdurr\n|-damage|p1a: Gurdurr|251/283\n|-enditem|p1a: Gurdurr|Eviolite|[from] move: Knock Off|[of] p2a: Sableye\n|move|p1a: Gurdurr|Knock Off|p2a: Sableye\n|-damage|p2a: Sableye|148/231\n|-enditem|p2a: Sableye|Leftovers|[from] move: Knock Off|[of] p1a: Gurdurr\n|\n|upkeep\n|turn|3\n|\n|t:|1782906457\n|move|p2a: Sableye|Recover|p2a: Sableye\n|-heal|p2a: Sableye|231/231\n|move|p1a: Gurdurr|Knock Off|p2a: Sableye\n|-damage|p2a: Sableye|172/231\n|\n|upkeep\n|turn|4\n|\n|t:|1782906466\n|switch|p2a: Slither Wing|Slither Wing, L81|270/270\n|-enditem|p2a: Slither Wing|Booster Energy\n|-activate|p2a: Slither Wing|ability: Protosynthesis|[fromitem]\n|-start|p2a: Slither Wing|protosynthesisatk\n|move|p1a: Gurdurr|Knock Off|p2a: Slither Wing\n|-resisted|p2a: Slither Wing\n|-damage|p2a: Slither Wing|241/270\n|\n|upkeep\n|turn|5\n|\n|t:|1782906479\n|switch|p1a: Necrozma|Necrozma, L80|286/286\n|move|p2a: Slither Wing|Flame Charge|p1a: Necrozma\n|-damage|p1a: Necrozma|234/286\n|-boost|p2a: Slither Wing|spe|1\n|\n|upkeep\n|turn|6\n|\n|t:|1782906494\n|move|p2a: Slither Wing|Acrobatics|p1a: Necrozma\n|-damage|p1a: Necrozma|117/286\n|move|p1a: Necrozma|Photon Geyser|p2a: Slither Wing\n|-supereffective|p2a: Slither Wing\n|-damage|p2a: Slither Wing|0 fnt\n|faint|p2a: Slither Wing\n|-end|p2a: Slither Wing|Protosynthesis|[silent]\n|-damage|p1a: Necrozma|89/286|[from] item: Life Orb\n|\n|upkeep\n|\n|t:|1782906501\n|switch|p2a: Sableye|Sableye, L88, M|172/231\n|turn|7\n|\n|t:|1782906511\n|switch|p1a: Gurdurr|Gurdurr, L85, M|251/283\n|move|p2a: Sableye|Knock Off|p1a: Gurdurr\n|-resisted|p1a: Gurdurr\n|-damage|p1a: Gurdurr|222/283\n|\n|upkeep\n|turn|8\n|\n|t:|1782906520\n|switch|p2a: Hypno|Hypno, L95, F|315/315\n|move|p1a: Gurdurr|Knock Off|p2a: Hypno\n|-supereffective|p2a: Hypno\n|-damage|p2a: Hypno|167/315\n|-enditem|p2a: Hypno|Leftovers|[from] move: Knock Off|[of] p1a: Gurdurr\n|\n|upkeep\n|turn|9\n|\n|t:|1782906525\n|switch|p1a: Necrozma|Necrozma, L80|89/286\n|move|p2a: Hypno|Psychic Noise|p1a: Necrozma\n|-resisted|p1a: Necrozma\n|-damage|p1a: Necrozma|42/286\n|-start|p1a: Necrozma|move: Heal Block\n|\n|upkeep\n|turn|10\n|\n|t:|1782906530\n|move|p2a: Hypno|Psychic Noise|p1a: Necrozma\n|-resisted|p1a: Necrozma\n|-damage|p1a: Necrozma|0 fnt\n|faint|p1a: Necrozma\n|\n|upkeep\n|\n|t:|1782906532\n|switch|p1a: Palafin|Palafin, L77, M|281/281\n|turn|11\n|\n|t:|1782906535\n|move|p1a: Palafin|Flip Turn|p2a: Hypno\n|-damage|p2a: Hypno|101/315\n|\n|t:|1782906545\n|detailschange|p1a: Palafin|Palafin-Hero, L77, M\n|switch|p1a: Registeel|Registeel, L81|262/262|[from] Flip Turn\n|move|p2a: Hypno|Thunder Wave|p1a: Registeel\n|-status|p1a: Registeel|par\n|\n|upkeep\n|turn|12\n|\n|t:|1782906551\n|move|p2a: Hypno|Knock Off|p1a: Registeel\n|-damage|p1a: Registeel|213/262 par\n|-enditem|p1a: Registeel|Chesto Berry|[from] move: Knock Off|[of] p2a: Hypno\n|move|p1a: Registeel|Iron Head|p2a: Hypno\n|-damage|p2a: Hypno|38/315\n|\n|upkeep\n|turn|13\n|\n|t:|1782906560\n|move|p2a: Hypno|Psychic Noise|p1a: Registeel\n|-resisted|p1a: Registeel\n|-damage|p1a: Registeel|187/262 par\n|-start|p1a: Registeel|move: Heal Block\n|cant|p1a: Registeel|par\n|\n|upkeep\n|turn|14\n|\n|t:|1782906566\n|move|p2a: Hypno|Psychic Noise|p1a: Registeel\n|-resisted|p1a: Registeel\n|-damage|p1a: Registeel|158/262 par\n|cant|p1a: Registeel|par\n|\n|-end|p1a: Registeel|move: Heal Block\n|upkeep\n|turn|15\n|\n|t:|1782906570\n|move|p2a: Hypno|Psychic Noise|p1a: Registeel\n|-resisted|p1a: Registeel\n|-damage|p1a: Registeel|129/262 par\n|-start|p1a: Registeel|move: Heal Block\n|cant|p1a: Registeel|par\n|\n|upkeep\n|turn|16\n|\n|t:|1782906576\n|switch|p2a: Suicune|Suicune, L82|298/298\n|-ability|p2a: Suicune|Pressure\n|move|p1a: Registeel|Iron Head|p2a: Suicune\n|-resisted|p2a: Suicune\n|-crit|p2a: Suicune\n|-damage|p2a: Suicune|254/298\n|\n|-heal|p2a: Suicune|272/298|[from] item: Leftovers\n|-end|p1a: Registeel|move: Heal Block\n|upkeep\n|turn|17\n|\n|t:|1782906580\n|switch|p1a: Ogerpon|Ogerpon, L80, F|259/259\n|move|p2a: Suicune|Calm Mind|p2a: Suicune\n|-boost|p2a: Suicune|spa|1\n|-boost|p2a: Suicune|spd|1\n|\n|-heal|p2a: Suicune|290/298|[from] item: Leftovers\n|upkeep\n|turn|18\n|\n|t:|1782906586\n|switch|p2a: Venusaur|Venusaur, L84, M|272/272\n|move|p1a: Ogerpon|U-turn|p2a: Venusaur\n|-damage|p2a: Venusaur|194/272\n|\n|t:|1782906591\n|switch|p1a: Gurdurr|Gurdurr, L85, M|222/283|[from] U-turn\n|\n|-heal|p2a: Venusaur|211/272|[from] item: Leftovers\n|upkeep\n|turn|19\n|\n|t:|1782906595\n|move|p2a: Venusaur|Giga Drain|p1a: Gurdurr\n|-damage|p1a: Gurdurr|98/283\n|-heal|p2a: Venusaur|272/272|[from] drain|[of] p1a: Gurdurr\n|move|p1a: Gurdurr|Knock Off|p2a: Venusaur\n|-damage|p2a: Venusaur|191/272\n|-enditem|p2a: Venusaur|Leftovers|[from] move: Knock Off|[of] p1a: Gurdurr\n|\n|upkeep\n|turn|20\n|\n|t:|1782906598\n|move|p2a: Venusaur|Giga Drain|p1a: Gurdurr\n|-damage|p1a: Gurdurr|0 fnt\n|-heal|p2a: Venusaur|240/272|[from] drain|[of] p1a: Gurdurr\n|faint|p1a: Gurdurr\n|\n|upkeep\n|\n|t:|1782906600\n|switch|p1a: Vigoroth|Vigoroth, L85, M|275/275\n|turn|21\n|\n|t:|1782906605\n|switch|p2a: Sableye|Sableye, L88, M|172/231\n|move|p1a: Vigoroth|Body Slam|p2a: Sableye\n|-immune|p2a: Sableye\n|\n|upkeep\n|turn|22\n|\n|t:|1782906609\n|switch|p1a: Registeel|Registeel, L81|129/262 par\n|move|p2a: Sableye|Will-O-Wisp||[still]\n|-fail|p2a: Sableye\n|\n|upkeep\n|turn|23\n|\n|t:|1782906612\n|switch|p2a: Suicune|Suicune, L82|290/298\n|-ability|p2a: Suicune|Pressure\n|move|p1a: Registeel|Iron Head|p2a: Suicune\n|-resisted|p2a: Suicune\n|-damage|p2a: Suicune|260/298\n|\n|-heal|p2a: Suicune|278/298|[from] item: Leftovers\n|upkeep\n|turn|24\n|\n|t:|1782906615\n|move|p2a: Suicune|Scald|p1a: Registeel\n|-damage|p1a: Registeel|78/262 par\n|move|p1a: Registeel|Body Press|p2a: Suicune\n|-damage|p2a: Suicune|219/298\n|\n|-heal|p2a: Suicune|237/298|[from] item: Leftovers\n|upkeep\n|turn|25\n|\n|t:|1782906618\n|move|p2a: Suicune|Scald|p1a: Registeel\n|-damage|p1a: Registeel|27/262 par\n|move|p1a: Registeel|Rest|p1a: Registeel\n|-status|p1a: Registeel|slp|[from] move: Rest\n|-heal|p1a: Registeel|262/262 slp|[silent]\n|\n|-heal|p2a: Suicune|255/298|[from] item: Leftovers\n|upkeep\n|turn|26\n|\n|t:|1782906623\n|switch|p1a: Ogerpon|Ogerpon, L80, F|259/259\n|move|p2a: Suicune|Scald|p1a: Ogerpon\n|-resisted|p1a: Ogerpon\n|-damage|p1a: Ogerpon|220/259\n|\n|-heal|p2a: Suicune|273/298|[from] item: Leftovers\n|upkeep\n|turn|27\n|\n|t:|1782906632\n|switch|p2a: Hypno|Hypno, L95, F|38/315\n|move|p1a: Ogerpon|Ivy Cudgel|p2a: Hypno\n|-damage|p2a: Hypno|0 fnt\n|faint|p2a: Hypno\n|\n|upkeep\n|\n|t:|1782906633\n|switch|p2a: Venusaur|Venusaur, L84, M|240/272\n|turn|28\n|\n|t:|1782906637\n|switch|p1a: Registeel|Registeel, L81|262/262 slp\n|move|p2a: Venusaur|Leech Seed|p1a: Registeel\n|-start|p1a: Registeel|move: Leech Seed\n|\n|-damage|p1a: Registeel|230/262 slp|[from] Leech Seed|[of] p2a: Venusaur\n|-heal|p2a: Venusaur|272/272|[silent]\n|upkeep\n|turn|29\n|\n|t:|1782906640\n|move|p2a: Venusaur|Substitute|p2a: Venusaur\n|-start|p2a: Venusaur|Substitute\n|-damage|p2a: Venusaur|204/272\n|cant|p1a: Registeel|slp\n|\n|-damage|p1a: Registeel|198/262 slp|[from] Leech Seed|[of] p2a: Venusaur\n|-heal|p2a: Venusaur|236/272|[silent]\n|upkeep\n|turn|30\n|\n|t:|1782906643\n|move|p2a: Venusaur|Giga Drain|p1a: Registeel\n|-resisted|p1a: Registeel\n|-damage|p1a: Registeel|169/262 slp\n|-heal|p2a: Venusaur|251/272|[from] drain|[of] p1a: Registeel\n|cant|p1a: Registeel|slp\n|\n|-damage|p1a: Registeel|137/262 slp|[from] Leech Seed|[of] p2a: Venusaur\n|-heal|p2a: Venusaur|272/272|[silent]\n|upkeep\n|turn|31\n|\n|t:|1782906646\n|move|p2a: Venusaur|Giga Drain|p1a: Registeel\n|-resisted|p1a: Registeel\n|-damage|p1a: Registeel|111/262 slp\n|-curestatus|p1a: Registeel|slp|[msg]\n|move|p1a: Registeel|Iron Defense|p1a: Registeel\n|-boost|p1a: Registeel|def|2\n|\n|-damage|p1a: Registeel|79/262|[from] Leech Seed|[of] p2a: Venusaur\n|upkeep\n|turn|32\n|\n|t:|1782906650\n|move|p2a: Venusaur|Giga Drain|p1a: Registeel\n|-resisted|p1a: Registeel\n|-damage|p1a: Registeel|51/262\n|move|p1a: Registeel|Rest|p1a: Registeel\n|-status|p1a: Registeel|slp|[from] move: Rest\n|-heal|p1a: Registeel|262/262 slp|[silent]\n|\n|-damage|p1a: Registeel|230/262 slp|[from] Leech Seed|[of] p2a: Venusaur\n|upkeep\n|turn|33\n|\n|t:|1782906659\n|move|p2a: Venusaur|Giga Drain|p1a: Registeel\n|-resisted|p1a: Registeel\n|-damage|p1a: Registeel|202/262 slp\n|cant|p1a: Registeel|slp\n|\n|-damage|p1a: Registeel|170/262 slp|[from] Leech Seed|[of] p2a: Venusaur\n|upkeep\n|turn|34\n|\n|t:|1782906664\n|switch|p2a: Sableye|Sableye, L88, M|172/231\n|cant|p1a: Registeel|slp\n|\n|-damage|p1a: Registeel|138/262 slp|[from] Leech Seed|[of] p2a: Sableye\n|-heal|p2a: Sableye|204/231|[silent]\n|upkeep\n|turn|35\n|\n|t:|1782906669\n|switch|p1a: Palafin|Palafin-Hero, L77, M|281/281\n|-activate|p1a: Palafin|ability: Zero to Hero\n|move|p2a: Sableye|Encore||[still]\n|-fail|p2a: Sableye\n|\n|upkeep\n|turn|36\n|\n|t:|1782906671\n|move|p2a: Sableye|Will-O-Wisp|p1a: Palafin|[miss]\n|-miss|p2a: Sableye|p1a: Palafin\n|move|p1a: Palafin|Wave Crash|p2a: Sableye\n|-damage|p2a: Sableye|0 fnt\n|faint|p2a: Sableye\n|-damage|p1a: Palafin|214/281|[from] Recoil\n|\n|upkeep\n|\n|t:|1782906684\n|switch|p2a: Suicune|Suicune, L82|273/298\n|-ability|p2a: Suicune|Pressure\n|turn|37\n|\n|t:|1782906694\n|move|p1a: Palafin|Wave Crash|p2a: Suicune\n|-resisted|p2a: Suicune\n|-damage|p2a: Suicune|168/298\n|-damage|p1a: Palafin|179/281|[from] Recoil\n|move|p2a: Suicune|Scald|p1a: Palafin\n|-resisted|p1a: Palafin\n|-damage|p1a: Palafin|139/281\n|\n|-heal|p2a: Suicune|186/298|[from] item: Leftovers\n|upkeep\n|turn|38\n|\n|t:|1782906700\n|move|p1a: Palafin|Wave Crash|p2a: Suicune\n|-resisted|p2a: Suicune\n|-damage|p2a: Suicune|83/298\n|-damage|p1a: Palafin|105/281|[from] Recoil\n|move|p2a: Suicune|Scald|p1a: Palafin\n|-resisted|p1a: Palafin\n|-damage|p1a: Palafin|63/281\n|\n|-heal|p2a: Suicune|101/298|[from] item: Leftovers\n|upkeep\n|turn|39\n|\n|t:|1782906703\n|move|p1a: Palafin|Wave Crash|p2a: Suicune\n|-resisted|p2a: Suicune\n|-damage|p2a: Suicune|3/298\n|-damage|p1a: Palafin|31/281|[from] Recoil\n|move|p2a: Suicune|Rest|p2a: Suicune\n|-status|p2a: Suicune|slp|[from] move: Rest\n|-heal|p2a: Suicune|298/298 slp|[silent]\n|\n|upkeep\n|turn|40\n|\n|t:|1782906712\n|switch|p1a: Vigoroth|Vigoroth, L85, M|275/275\n|cant|p2a: Suicune|slp\n|move|p2a: Suicune|Sleep Talk|p2a: Suicune\n|move|p2a: Suicune|Rest||[from] move: Sleep Talk|[still]\n|-fail|p2a: Suicune\n|\n|upkeep\n|turn|41\n|\n|t:|1782906724\n|move|p1a: Vigoroth|Bulk Up|p1a: Vigoroth\n|-boost|p1a: Vigoroth|atk|1\n|-boost|p1a: Vigoroth|def|1\n|cant|p2a: Suicune|slp\n|move|p2a: Suicune|Sleep Talk|p2a: Suicune\n|move|p2a: Suicune|Scald|p1a: Vigoroth|[from] move: Sleep Talk\n|-damage|p1a: Vigoroth|205/275\n|\n|upkeep\n|turn|42\n|\n|t:|1782906728\n|move|p1a: Vigoroth|Body Slam|p2a: Suicune\n|-damage|p2a: Suicune|193/298 slp\n|-curestatus|p2a: Suicune|slp|[msg]\n|move|p2a: Suicune|Scald|p1a: Vigoroth\n|-damage|p1a: Vigoroth|141/275\n|-status|p1a: Vigoroth|brn\n|\n|-heal|p2a: Suicune|211/298|[from] item: Leftovers\n|-damage|p1a: Vigoroth|124/275 brn|[from] brn\n|upkeep\n|turn|43\n|\n|t:|1782906735\n|move|p1a: Vigoroth|Body Slam|p2a: Suicune\n|-damage|p2a: Suicune|159/298\n|move|p2a: Suicune|Calm Mind|p2a: Suicune\n|-boost|p2a: Suicune|spa|1\n|-boost|p2a: Suicune|spd|1\n|\n|-heal|p2a: Suicune|177/298|[from] item: Leftovers\n|-damage|p1a: Vigoroth|107/275 brn|[from] brn\n|upkeep\n|turn|44\n|\n|t:|1782906739\n|move|p1a: Vigoroth|Body Slam|p2a: Suicune\n|-damage|p2a: Suicune|127/298\n|move|p2a: Suicune|Calm Mind|p2a: Suicune\n|-boost|p2a: Suicune|spa|1\n|-boost|p2a: Suicune|spd|1\n|\n|-heal|p2a: Suicune|145/298|[from] item: Leftovers\n|-damage|p1a: Vigoroth|90/275 brn|[from] brn\n|upkeep\n|turn|45\n|\n|t:|1782906744\n|switch|p1a: Palafin|Palafin-Hero, L77, M|31/281\n|move|p2a: Suicune|Rest|p2a: Suicune\n|-status|p2a: Suicune|slp|[from] move: Rest\n|-heal|p2a: Suicune|298/298 slp|[silent]\n|\n|upkeep\n|turn|46\n|\n|t:|1782906747\n|move|p1a: Palafin|Close Combat|p2a: Suicune\n|-damage|p2a: Suicune|164/298 slp\n|-unboost|p1a: Palafin|def|1\n|-unboost|p1a: Palafin|spd|1\n|cant|p2a: Suicune|slp\n|move|p2a: Suicune|Sleep Talk|p2a: Suicune\n|move|p2a: Suicune|Calm Mind|p2a: Suicune|[from] move: Sleep Talk\n|-boost|p2a: Suicune|spa|1\n|-boost|p2a: Suicune|spd|1\n|\n|-heal|p2a: Suicune|182/298 slp|[from] item: Leftovers\n|upkeep\n|turn|47\n|\n|t:|1782906765\n|switch|p2a: Venusaur|Venusaur, L84, M|272/272\n|move|p1a: Palafin|Close Combat|p2a: Venusaur\n|-resisted|p2a: Venusaur\n|-damage|p2a: Venusaur|186/272\n|-unboost|p1a: Palafin|def|1\n|-unboost|p1a: Palafin|spd|1\n|\n|upkeep\n|turn|48\n|\n|t:|1782906773\n|move|p1a: Palafin|Close Combat|p2a: Venusaur\n|-resisted|p2a: Venusaur\n|-damage|p2a: Venusaur|107/272\n|-unboost|p1a: Palafin|def|1\n|-unboost|p1a: Palafin|spd|1\n|move|p2a: Venusaur|Giga Drain|p1a: Palafin\n|-supereffective|p1a: Palafin\n|-damage|p1a: Palafin|0 fnt\n|-heal|p2a: Venusaur|123/272|[from] drain|[of] p1a: Palafin\n|faint|p1a: Palafin\n|\n|upkeep\n|\n|t:|1782906777\n|switch|p1a: Registeel|Registeel, L81|138/262 slp\n|turn|49\n|\n|t:|1782906781\n|switch|p2a: Suicune|Suicune, L82|182/298 slp\n|-ability|p2a: Suicune|Pressure\n|-curestatus|p1a: Registeel|slp|[msg]\n|move|p1a: Registeel|Iron Defense|p1a: Registeel\n|-boost|p1a: Registeel|def|2\n|\n|-heal|p2a: Suicune|200/298 slp|[from] item: Leftovers\n|upkeep\n|turn|50\n|\n|t:|1782906786\n|cant|p2a: Suicune|slp\n|move|p2a: Suicune|Sleep Talk|p2a: Suicune\n|move|p2a: Suicune|Scald|p1a: Registeel|[from] move: Sleep Talk\n|-damage|p1a: Registeel|90/262\n|move|p1a: Registeel|Iron Defense|p1a: Registeel\n|-boost|p1a: Registeel|def|2\n|\n|-heal|p2a: Suicune|218/298 slp|[from] item: Leftovers\n|upkeep\n|turn|51\n|\n|t:|1782906791\n|-curestatus|p2a: Suicune|slp|[msg]\n|move|p2a: Suicune|Calm Mind|p2a: Suicune\n|-boost|p2a: Suicune|spa|1\n|-boost|p2a: Suicune|spd|1\n|move|p1a: Registeel|Rest|p1a: Registeel\n|-status|p1a: Registeel|slp|[from] move: Rest\n|-heal|p1a: Registeel|262/262 slp|[silent]\n|\n|-heal|p2a: Suicune|236/298|[from] item: Leftovers\n|upkeep\n|turn|52\n|\n|t:|1782906794\n|move|p2a: Suicune|Scald|p1a: Registeel\n|-damage|p1a: Registeel|190/262 slp\n|cant|p1a: Registeel|slp\n|\n|-heal|p2a: Suicune|254/298|[from] item: Leftovers\n|upkeep\n|turn|53\n|\n|t:|1782906798\n|move|p2a: Suicune|Calm Mind|p2a: Suicune\n|-boost|p2a: Suicune|spa|1\n|-boost|p2a: Suicune|spd|1\n|cant|p1a: Registeel|slp\n|\n|-heal|p2a: Suicune|272/298|[from] item: Leftovers\n|upkeep\n|turn|54\n|\n|t:|1782906800\n|move|p2a: Suicune|Scald|p1a: Registeel\n|-damage|p1a: Registeel|85/262 slp\n|-curestatus|p1a: Registeel|slp|[msg]\n|move|p1a: Registeel|Body Press|p2a: Suicune\n|-damage|p2a: Suicune|93/298\n|\n|-heal|p2a: Suicune|111/298|[from] item: Leftovers\n|upkeep\n|turn|55\n|\n|t:|1782906806\n|move|p2a: Suicune|Scald|p1a: Registeel\n|-damage|p1a: Registeel|0 fnt\n|faint|p1a: Registeel\n|\n|-heal|p2a: Suicune|129/298|[from] item: Leftovers\n|upkeep\n|\n|t:|1782906809\n|switch|p1a: Ogerpon|Ogerpon, L80, F|220/259\n|turn|56\n|\n|t:|1782906812\n|-terastallize|p1a: Ogerpon|Grass\n|detailschange|p1a: Ogerpon|Ogerpon-Teal-Tera, L80, F, tera:Grass\n|-ability|p1a: Ogerpon|Embody Aspect (Teal)|boost\n|-boost|p1a: Ogerpon|spe|1\n|move|p1a: Ogerpon|Ivy Cudgel|p2a: Suicune\n|-supereffective|p2a: Suicune\n|-damage|p2a: Suicune|0 fnt\n|faint|p2a: Suicune\n|\n|upkeep\n|\n|t:|1782906816\n|switch|p2a: Venusaur|Venusaur, L84, M|123/272\n|turn|57\n|\n|t:|1782906825\n|move|p1a: Ogerpon|Ivy Cudgel|p2a: Venusaur\n|-resisted|p2a: Venusaur\n|-damage|p2a: Venusaur|63/272\n|move|p2a: Venusaur|Sludge Bomb|p1a: Ogerpon\n|-supereffective|p1a: Ogerpon\n|-damage|p1a: Ogerpon|10/259\n|\n|upkeep\n|turn|58\n|\n|t:|1782906832\n|switch|p1a: Vigoroth|Vigoroth, L85, M|90/275 brn\n|move|p2a: Venusaur|Sludge Bomb|p1a: Vigoroth\n|-damage|p1a: Vigoroth|8/275 brn\n|\n|-damage|p1a: Vigoroth|0 fnt|[from] brn\n|faint|p1a: Vigoroth\n|upkeep\n|\n|t:|1782906834\n|switch|p1a: Ogerpon|Ogerpon-Teal-Tera, L80, F, tera:Grass|10/259\n|-ability|p1a: Ogerpon|Embody Aspect (Teal)|boost\n|-boost|p1a: Ogerpon|spe|1\n|turn|59\n|\n|t:|1782906839\n|move|p1a: Ogerpon|Knock Off|p2a: Venusaur\n|-damage|p2a: Venusaur|0 fnt\n|faint|p2a: Venusaur\n|\n|upkeep\n|\n|t:|1782906841\n|switch|p2a: Lugia|Lugia, L73|275/275\n|turn|60\n|\n|t:|1782906844\n|move|p1a: Ogerpon|Knock Off|p2a: Lugia\n|-supereffective|p2a: Lugia\n|-damage|p2a: Lugia|176/275\n|-enditem|p2a: Lugia|Heavy-Duty Boots|[from] move: Knock Off|[of] p1a: Ogerpon\n|move|p2a: Lugia|Earth Power|p1a: Ogerpon\n|-resisted|p1a: Ogerpon\n|-damage|p1a: Ogerpon|0 fnt\n|faint|p1a: Ogerpon\n|detailschange|p1: Ogerpon|Ogerpon, L80, F|[silent]\n|\n|win|wanda72\n|raw|SSlimeyy's rating: 2029 &rarr; <strong>2013</strong><br />(-16 for losing)\n|raw|wanda72's rating: 2091 &rarr; <strong>2107</strong><br />(+16 for winning)\n", "inputlog": ">version f8ac14003a5f27e1bdc8d8c59608a773c1cb96e5\n>start {\"formatid\":\"gen9randombattle\",\"seed\":\"sodium,700747c12382975215b4000808e4017e\",\"rated\":\"Rated battle\"}\n>player p1 {\"name\":\"SSlimeyy\",\"avatar\":\"101\",\"rating\":2029,\"seed\":\"sodium,f924ad79cd8b275fbe14c92351bb19d2\"}\n>player p2 {\"name\":\"wanda72\",\"avatar\":\"102\",\"rating\":2091,\"seed\":\"sodium,b18d9c9b91dbb08b325582efa357a062\"}\n>p1 switch 6\n>p2 move willowisp\n>p1 move knockoff\n>p2 move knockoff\n>p1 move knockoff\n>p2 move recover\n>p1 move knockoff\n>p2 switch 6\n>p1 switch 4\n>p2 move flamecharge\n>p1 move photongeyser\n>p2 move acrobatics\n>p2 switch 6\n>p1 switch 4\n>p2 move knockoff\n>p1 move knockoff\n>p2 switch 4\n>p1 switch 4\n>p2 move psychicnoise\n>p1 move knockoff\n>p2 move psychicnoise\n>p1 switch 2\n>p1 move flipturn\n>p2 move thunderwave\n>p1 switch 6\n>p1 move ironhead\n>p2 move knockoff\n>p1 move ironhead\n>p2 move psychicnoise\n>p1 move ironhead\n>p2 move psychicnoise\n>p1 move ironhead\n>p2 move psychicnoise\n>p1 move ironhead\n>p2 switch 3\n>p1 switch 3\n>p2 move calmmind\n>p1 move uturn\n>p2 switch 2\n>p1 switch 4\n>p1 move knockoff\n>p2 move gigadrain\n>p1 move knockoff\n>p2 move gigadrain\n>p1 switch 5\n>p1 move bodyslam\n>p2 switch 4\n>p1 switch 3\n>p2 move willowisp\n>p1 move ironhead\n>p2 switch 2\n>p1 move bodypress\n>p2 move scald\n>p1 move rest\n>p2 move scald\n>p1 switch 4\n>p2 move scald\n>p1 move ivycudgel\n>p2 switch 3\n>p2 switch 4\n>p1 switch 4\n>p2 move leechseed\n>p1 move irondefense\n>p2 move substitute\n>p1 move irondefense\n>p2 move gigadrain\n>p1 move irondefense\n>p2 move gigadrain\n>p1 move rest\n>p2 move gigadrain\n>p1 move bodypress\n>p2 move gigadrain\n>p1 move bodypress\n>p2 switch 2\n>p1 switch 6\n>p2 move encore\n>p1 move wavecrash\n>p2 move willowisp\n>p2 switch 3\n>p1 move wavecrash\n>p2 move scald\n>p1 move wavecrash\n>p2 move scald\n>p1 move wavecrash\n>p2 move rest\n>p1 switch 3\n>p2 move sleeptalk\n>p1 move bulkup\n>p2 move sleeptalk\n>p1 move bodyslam\n>p2 move scald\n>p1 move bodyslam\n>p2 move calmmind\n>p1 move bodyslam\n>p2 move calmmind\n>p1 switch 3\n>p2 move rest\n>p1 move closecombat\n>p2 move sleeptalk\n>p1 move closecombat\n>p2 switch 2\n>p1 move closecombat\n>p2 move gigadrain\n>p1 switch 6\n>p1 move irondefense\n>p2 switch 2\n>p1 move irondefense\n>p2 move sleeptalk\n>p1 move rest\n>p2 move calmmind\n>p1 move bodypress\n>p2 move scald\n>p1 move bodypress\n>p2 move calmmind\n>p1 move bodypress\n>p2 move scald\n>p1 move bodypress\n>p2 move scald\n>p1 switch 4\n>p1 move ivycudgel terastallize\n>p2 move scald\n>p2 switch 2\n>p1 move ivycudgel\n>p2 move sludgebomb\n>p1 switch 3\n>p2 move sludgebomb\n>p1 switch 3\n>p1 move knockoff\n>p2 move sludgebomb\n>p2 switch 5\n>p1 move knockoff\n>p2 move earthpower", "uploadtime": 1782906844, "views": 6, "formatid": "gen9randombattle", "rating": 2013, "private": 0, "password": null, "player_dets": [{"name": "SSlimeyy", "avatar": "101", "rating": 2029, "seed": "sodium,f924ad79cd8b275fbe14c92351bb19d2"}, {"name": "wanda72", "avatar": "102", "rating": 2091, "seed": "sodium,b18d9c9b91dbb08b325582efa357a062"}], "teams_full": [{"Registeel": {"name": "Registeel", "species": "Registeel", "speciesId": "registeel", "gender": "N", "shiny": false, "level": 81, "moves": ["irondefense", "ironhead", "rest", "bodypress"], "ability": "Clear Body", "evs": {"hp": 85, "atk": 85, "def": 85, "spa": 85, "spd": 85, "spe": 85}, "ivs": {"hp": 31, "atk": 31, "def": 31, "spa": 31, "spd": 31, "spe": 31}, "item": "Chesto Berry", "teraType": "Fighting", "role": "Bulky Setup", "bvs": {"hp": 80, "atk": 75, "def": 150, "spa": 75, "spd": 150, "spe": 50}, "stats": {"hp": 262, "atk": 168, "def": 290, "spa": 168, "spd": 290, "spe": 128}, "types": ["Steel"]}, "Palafin": {"name": "Palafin", "species": "Palafin", "speciesId": "palafin", "gender": "M", "shiny": false, "level": 77, "moves": ["flipturn", "closecombat", "wavecrash", "jetpunch"], "ability": "Zero to Hero", "evs": {"hp": 85, "atk": 85, "def": 85, "spa": 85, "spd": 85, "spe": 85}, "ivs": {"hp": 31, "atk": 31, "def": 31, "spa": 31, "spd": 31, "spe": 31}, "item": "Choice Band", "teraType": "Fighting", "role": "Wallbreaker", "bvs": {"hp": 100, "atk": 70, "def": 72, "spa": 53, "spd": 62, "spe": 100}, "stats": {"hp": 281, "atk": 152, "def": 155, "spa": 126, "spd": 140, "spe": 199}, "types": ["Water"]}, "Ogerpon": {"name": "Ogerpon", "species": "Ogerpon", "speciesId": "ogerpon", "gender": "F", "shiny": false, "level": 80, "moves": ["superpower", "ivycudgel", "uturn", "knockoff"], "ability": "Defiant", "evs": {"hp": 85, "atk": 85, "def": 85, "spa": 85, "spd": 85, "spe": 85}, "ivs": {"hp": 31, "atk": 31, "def": 31, "spa": 31, "spd": 31, "spe": 31}, "item": "Choice Band", "teraType": "Grass", "role": "Fast Support", "bvs": {"hp": 80, "atk": 120, "def": 84, "spa": 60, "spd": 96, "spe": 110}, "stats": {"hp": 259, "atk": 238, "def": 181, "spa": 142, "spd": 200, "spe": 222}, "types": ["Grass"]}, "Necrozma": {"name": "Necrozma", "species": "Necrozma", "speciesId": "necrozma", "gender": "N", "shiny": false, "level": 80, "moves": ["dragondance", "knockoff", "earthquake", "photongeyser"], "ability": "Prism Armor", "evs": {"hp": 85, "atk": 85, "def": 85, "spa": 85, "spd": 85, "spe": 85}, "ivs": {"hp": 31, "atk": 31, "def": 31, "spa": 31, "spd": 31, "spe": 31}, "item": "Life Orb", "teraType": "Dark", "role": "Setup Sweeper", "bvs": {"hp": 97, "atk": 107, "def": 101, "spa": 127, "spd": 89, "spe": 79}, "stats": {"hp": 286, "atk": 217, "def": 208, "spa": 249, "spd": 189, "spe": 173}, "types": ["Psychic"]}, "Vigoroth": {"name": "Vigoroth", "species": "Vigoroth", "speciesId": "vigoroth", "gender": "M", "shiny": false, "level": 85, "moves": ["bulkup", "slackoff", "bodyslam", "earthquake"], "ability": "Vital Spirit", "evs": {"hp": 85, "atk": 85, "def": 85, "spa": 85, "spd": 85, "spe": 85}, "ivs": {"hp": 31, "atk": 31, "def": 31, "spa": 31, "spd": 31, "spe": 31}, "item": "Eviolite", "teraType": "Ground", "role": "Bulky Attacker", "bvs": {"hp": 80, "atk": 80, "def": 80, "spa": 55, "spd": 55, "spe": 90}, "stats": {"hp": 275, "atk": 185, "def": 185, "spa": 142, "spd": 142, "spe": 202}, "types": ["Normal"]}, "Gurdurr": {"name": "Gurdurr", "species": "Gurdurr", "speciesId": "gurdurr", "gender": "M", "shiny": false, "level": 85, "moves": ["knockoff", "machpunch", "defog", "drainpunch"], "ability": "Guts", "evs": {"hp": 85, "atk": 85, "def": 85, "spa": 85, "spd": 85, "spe": 85}, "ivs": {"hp": 31, "atk": 31, "def": 31, "spa": 31, "spd": 31, "spe": 31}, "item": "Eviolite", "teraType": "Steel", "role": "Bulky Attacker", "bvs": {"hp": 85, "atk": 105, "def": 85, "spa": 40, "spd": 50, "spe": 40}, "stats": {"hp": 283, "atk": 227, "def": 193, "spa": 117, "spd": 134, "spe": 117}, "types": ["Fighting"]}}, {"Sableye": {"name": "Sableye", "species": "Sableye", "speciesId": "sableye", "gender": "M", "shiny": false, "level": 88, "moves": ["recover", "willowisp", "knockoff", "encore"], "ability": "Prankster", "evs": {"hp": 85, "atk": 85, "def": 85, "spa": 85, "spd": 85, "spe": 85}, "ivs": {"hp": 31, "atk": 31, "def": 31, "spa": 31, "spd": 31, "spe": 31}, "item": "Leftovers", "teraType": "Poison", "role": "Bulky Support", "bvs": {"hp": 50, "atk": 75, "def": 75, "spa": 65, "spd": 65, "spe": 50}, "stats": {"hp": 231, "atk": 182, "def": 182, "spa": 165, "spd": 165, "spe": 138}, "types": ["Dark", "Ghost"]}, "Venusaur": {"name": "Venusaur", "species": "Venusaur", "speciesId": "venusaur", "gender": "M", "shiny": false, "level": 84, "moves": ["leechseed", "gigadrain", "substitute", "sludgebomb"], "ability": "Overgrow", "evs": {"hp": 85, "atk": 0, "def": 85, "spa": 85, "spd": 85, "spe": 85}, "ivs": {"hp": 31, "atk": 0, "def": 31, "spa": 31, "spd": 31, "spe": 31}, "item": "Leftovers", "teraType": "Water", "role": "Bulky Support", "bvs": {"hp": 80, "atk": 82, "def": 83, "spa": 100, "spd": 100, "spe": 80}, "stats": {"hp": 272, "atk": 142, "def": 188, "spa": 216, "spd": 216, "spe": 183}, "types": ["Grass", "Poison"]}, "Suicune": {"name": "Suicune", "species": "Suicune", "speciesId": "suicune", "gender": "N", "shiny": false, "level": 82, "moves": ["calmmind", "sleeptalk", "rest", "scald"], "ability": "Pressure", "evs": {"hp": 85, "atk": 0, "def": 85, "spa": 85, "spd": 85, "spe": 85}, "ivs": {"hp": 31, "atk": 0, "def": 31, "spa": 31, "spd": 31, "spe": 31}, "item": "Leftovers", "teraType": "Dragon", "role": "Bulky Attacker", "bvs": {"hp": 100, "atk": 75, "def": 115, "spa": 90, "spd": 115, "spe": 85}, "stats": {"hp": 298, "atk": 127, "def": 236, "spa": 195, "spd": 236, "spe": 187}, "types": ["Water"]}, "Hypno": {"name": "Hypno", "species": "Hypno", "speciesId": "hypno", "gender": "F", "shiny": false, "level": 95, "moves": ["thunderwave", "encore", "psychicnoise", "knockoff"], "ability": "Insomnia", "evs": {"hp": 85, "atk": 85, "def": 85, "spa": 85, "spd": 85, "spe": 85}, "ivs": {"hp": 31, "atk": 31, "def": 31, "spa": 31, "spd": 31, "spe": 31}, "item": "Leftovers", "teraType": "Dark", "role": "Bulky Support", "bvs": {"hp": 85, "atk": 73, "def": 70, "spa": 73, "spd": 115, "spe": 67}, "stats": {"hp": 315, "atk": 193, "def": 187, "spa": 193, "spd": 272, "spe": 181}, "types": ["Psychic"]}, "Lugia": {"name": "Lugia", "species": "Lugia", "speciesId": "lugia", "gender": "N", "shiny": false, "level": 73, "moves": ["calmmind", "recover", "earthpower", "aeroblast"], "ability": "Multiscale", "evs": {"hp": 85, "atk": 0, "def": 85, "spa": 85, "spd": 85, "spe": 85}, "ivs": {"hp": 31, "atk": 0, "def": 31, "spa": 31, "spd": 31, "spe": 31}, "item": "Heavy-Duty Boots", "teraType": "Steel", "role": "Bulky Setup", "bvs": {"hp": 106, "atk": 90, "def": 130, "spa": 90, "spd": 154, "spe": 110}, "stats": {"hp": 275, "atk": 136, "def": 232, "spa": 174, "spd": 267, "spe": 203}, "types": ["Psychic", "Flying"]}, "Slither Wing": {"name": "Slither Wing", "species": "Slither Wing", "speciesId": "slitherwing", "gender": "N", "shiny": false, "level": 81, "moves": ["acrobatics", "closecombat", "bulkup", "flamecharge"], "ability": "Protosynthesis", "evs": {"hp": 85, "atk": 85, "def": 85, "spa": 85, "spd": 85, "spe": 85}, "ivs": {"hp": 31, "atk": 31, "def": 31, "spa": 31, "spd": 31, "spe": 31}, "item": "Booster Energy", "teraType": "Flying", "role": "Fast Bulky Setup", "bvs": {"hp": 85, "atk": 135, "def": 79, "spa": 85, "spd": 105, "spe": 81}, "stats": {"hp": 270, "atk": 265, "def": 175, "spa": 184, "spd": 217, "spe": 178}, "types": ["Bug", "Fighting"]}}]}