{"id": "gen9randombattle-2642109739", "format": "[Gen 9] Random Battle", "players": ["Rjrockyash", "randbatsluvr"], "log": "|j|\u2606Rjrockyash\n|j|\u2606randbatsluvr\n|t:|1782892007\n|gametype|singles\n|player|p1|Rjrockyash|170|1326\n|player|p2|randbatsluvr|169|1371\n|gen|9\n|tier|[Gen 9] Random Battle\n|rated|\n|rule|Species Clause: Limit one of each Pok\u00e9mon\n|rule|HP Percentage Mod: HP is shown in percentages\n|rule|Sleep Clause Mod: Limit one foe put to sleep\n|rule|Illusion Level Mod: Illusion disguises the Pok\u00e9mon's true level\n|\n|t:|1782892007\n|teamsize|p1|6\n|teamsize|p2|6\n|start\n|switch|p1a: Arboliva|Arboliva, L91, F|288/288\n|switch|p2a: Entei|Entei, L78|307/307\n|turn|1\n|inactive|Battle timer is ON: inactive players will automatically lose when time's up. (requested by randbatsluvr)\n|\n|t:|1782892017\n|switch|p1a: Garchomp|Garchomp, L74, F|282/282\n|move|p2a: Entei|Flare Blitz|p1a: Garchomp\n|-resisted|p1a: Garchomp\n|-damage|p1a: Garchomp|184/282\n|-status|p1a: Garchomp|brn\n|-damage|p2a: Entei|269/307|[from] ability: Rough Skin|[of] p1a: Garchomp\n|-damage|p2a: Entei|237/307|[from] Recoil\n|\n|-damage|p1a: Garchomp|167/282 brn|[from] brn\n|upkeep\n|turn|2\n|\n|t:|1782892029\n|switch|p2a: Golem|Golem, L87, F|281/281\n|move|p1a: Garchomp|Earthquake|p2a: Golem\n|-supereffective|p2a: Golem\n|-crit|p2a: Golem\n|-damage|p2a: Golem|164/281\n|-enditem|p2a: Golem|Weakness Policy\n|-boost|p2a: Golem|atk|2|[from] item: Weakness Policy\n|-boost|p2a: Golem|spa|2|[from] item: Weakness Policy\n|\n|-damage|p1a: Garchomp|150/282 brn|[from] brn\n|upkeep\n|turn|3\n|\n|t:|1782892036\n|move|p1a: Garchomp|Iron Head|p2a: Golem\n|-supereffective|p2a: Golem\n|-damage|p2a: Golem|124/281\n|move|p2a: Golem|Earthquake|p1a: Garchomp\n|-damage|p1a: Garchomp|0 fnt\n|faint|p1a: Garchomp\n|\n|upkeep\n|\n|t:|1782892054\n|switch|p1a: Dugtrio|Dugtrio-Alola, L84, M|196/196\n|turn|4\n|\n|t:|1782892060\n|switch|p2a: Ting-Lu|Ting-Lu, L78|370/370\n|-ability|p2a: Ting-Lu|Vessel of Ruin\n|move|p1a: Dugtrio|Earthquake|p2a: Ting-Lu\n|-damage|p2a: Ting-Lu|245/370\n|-damage|p1a: Dugtrio|177/196|[from] item: Life Orb\n|\n|-heal|p2a: Ting-Lu|268/370|[from] item: Leftovers\n|upkeep\n|turn|5\n|\n|t:|1782892070\n|move|p1a: Dugtrio|Swords Dance|p1a: Dugtrio\n|-boost|p1a: Dugtrio|atk|2\n|move|p2a: Ting-Lu|Earthquake|p1a: Dugtrio\n|-supereffective|p1a: Dugtrio\n|-damage|p1a: Dugtrio|0 fnt\n|faint|p1a: Dugtrio\n|\n|-heal|p2a: Ting-Lu|291/370|[from] item: Leftovers\n|upkeep\n|\n|t:|1782892083\n|switch|p1a: Arboliva|Arboliva, L91, F|288/288\n|turn|6\n|\n|t:|1782892087\n|switch|p2a: Entei|Entei, L78|237/307\n|move|p1a: Arboliva|Leech Seed|p2a: Entei\n|-start|p2a: Entei|move: Leech Seed\n|\n|-damage|p2a: Entei|199/307|[from] Leech Seed|[of] p1a: Arboliva\n|upkeep\n|turn|7\n|\n|t:|1782892095\n|move|p1a: Arboliva|Protect|p1a: Arboliva\n|-singleturn|p1a: Arboliva|Protect\n|move|p2a: Entei|Flare Blitz|p1a: Arboliva\n|-activate|p1a: Arboliva|move: Protect\n|\n|-damage|p2a: Entei|161/307|[from] Leech Seed|[of] p1a: Arboliva\n|upkeep\n|turn|8\n|\n|t:|1782892107\n|switch|p1a: Torkoal|Torkoal, L88, M|266/266\n|-weather|SunnyDay|[from] ability: Drought|[of] p1a: Torkoal\n|move|p2a: Entei|Flare Blitz|p1a: Torkoal\n|-resisted|p1a: Torkoal\n|-damage|p1a: Torkoal|180/266\n|-damage|p2a: Entei|133/307|[from] Recoil\n|\n|-weather|SunnyDay|[upkeep]\n|-damage|p2a: Entei|95/307|[from] Leech Seed|[of] p1a: Torkoal\n|-heal|p1a: Torkoal|218/266|[silent]\n|upkeep\n|turn|9\n|\n|t:|1782892121\n|move|p2a: Entei|Flare Blitz|p1a: Torkoal\n|-resisted|p1a: Torkoal\n|-damage|p1a: Torkoal|121/266\n|-damage|p2a: Entei|63/307|[from] Recoil\n|move|p1a: Torkoal|Yawn|p2a: Entei\n|-start|p2a: Entei|move: Yawn|[of] p1a: Torkoal\n|\n|-weather|SunnyDay|[upkeep]\n|-damage|p2a: Entei|25/307|[from] Leech Seed|[of] p1a: Torkoal\n|-heal|p1a: Torkoal|159/266|[silent]\n|upkeep\n|turn|10\n|\n|t:|1782892134\n|switch|p2a: Scovillain|Scovillain, L91, M|266/266\n|move|p1a: Torkoal|Earthquake|p2a: Scovillain\n|-damage|p2a: Scovillain|186/266\n|\n|-weather|SunnyDay|[upkeep]\n|-heal|p2a: Scovillain|202/266|[from] item: Leftovers\n|upkeep\n|turn|11\n|\n|t:|1782892143\n|move|p2a: Scovillain|Flamethrower|p1a: Torkoal\n|-resisted|p1a: Torkoal\n|-damage|p1a: Torkoal|63/266\n|move|p1a: Torkoal|Yawn|p2a: Scovillain\n|-start|p2a: Scovillain|move: Yawn|[of] p1a: Torkoal\n|\n|-weather|SunnyDay|[upkeep]\n|-heal|p2a: Scovillain|218/266|[from] item: Leftovers\n|upkeep\n|turn|12\n|\n|t:|1782892154\n|move|p2a: Scovillain|Flamethrower|p1a: Torkoal\n|-resisted|p1a: Torkoal\n|-damage|p1a: Torkoal|0 fnt\n|faint|p1a: Torkoal\n|\n|-weather|none\n|-heal|p2a: Scovillain|234/266|[from] item: Leftovers\n|-end|p2a: Scovillain|move: Yawn|[silent]\n|-status|p2a: Scovillain|slp\n|upkeep\n|\n|t:|1782892158\n|switch|p1a: Drifblim|Drifblim, L86, M|396/396\n|turn|13\n|\n|t:|1782892162\n|cant|p2a: Scovillain|slp\n|move|p1a: Drifblim|Calm Mind|p1a: Drifblim\n|-boost|p1a: Drifblim|spa|1\n|-boost|p1a: Drifblim|spd|1\n|\n|-heal|p2a: Scovillain|250/266 slp|[from] item: Leftovers\n|upkeep\n|turn|14\n|\n|t:|1782892169\n|cant|p2a: Scovillain|slp\n|move|p1a: Drifblim|Calm Mind|p1a: Drifblim\n|-boost|p1a: Drifblim|spa|1\n|-boost|p1a: Drifblim|spd|1\n|\n|-heal|p2a: Scovillain|266/266 slp|[from] item: Leftovers\n|upkeep\n|turn|15\n|\n|t:|1782892176\n|switch|p2a: Ting-Lu|Ting-Lu, L78|291/370\n|-ability|p2a: Ting-Lu|Vessel of Ruin\n|move|p1a: Drifblim|Shadow Ball|p2a: Ting-Lu\n|-resisted|p2a: Ting-Lu\n|-damage|p2a: Ting-Lu|216/370\n|\n|-heal|p2a: Ting-Lu|239/370|[from] item: Leftovers\n|upkeep\n|turn|16\n|\n|t:|1782892191\n|move|p1a: Drifblim|Strength Sap|p2a: Ting-Lu\n|-unboost|p2a: Ting-Lu|atk|1\n|move|p2a: Ting-Lu|Payback|p1a: Drifblim\n|-supereffective|p1a: Drifblim\n|-damage|p1a: Drifblim|186/396\n|-enditem|p1a: Drifblim|Sitrus Berry|[eat]\n|-heal|p1a: Drifblim|285/396|[from] item: Sitrus Berry\n|\n|-heal|p2a: Ting-Lu|262/370|[from] item: Leftovers\n|upkeep\n|turn|17\n|\n|t:|1782892201\n|move|p1a: Drifblim|Air Slash|p2a: Ting-Lu\n|-damage|p2a: Ting-Lu|115/370\n|move|p2a: Ting-Lu|Payback|p1a: Drifblim\n|-supereffective|p1a: Drifblim\n|-damage|p1a: Drifblim|55/396\n|\n|-heal|p2a: Ting-Lu|138/370|[from] item: Leftovers\n|upkeep\n|turn|18\n|\n|t:|1782892206\n|move|p1a: Drifblim|Air Slash|p2a: Ting-Lu\n|-damage|p2a: Ting-Lu|0 fnt\n|faint|p2a: Ting-Lu\n|\n|upkeep\n|\n|t:|1782892208\n|switch|p2a: Zacian|Zacian-Crowned, L64|225/225\n|-ability|p2a: Zacian|Intrepid Sword|boost\n|-boost|p2a: Zacian|atk|1\n|turn|19\n|\n|t:|1782892216\n|move|p1a: Drifblim|Shadow Ball|p2a: Zacian\n|-damage|p2a: Zacian|36/225\n|-unboost|p2a: Zacian|spd|1\n|move|p2a: Zacian|Behemoth Blade|p1a: Drifblim\n|-damage|p1a: Drifblim|0 fnt\n|faint|p1a: Drifblim\n|\n|upkeep\n|\n|t:|1782892226\n|switch|p1a: Orthworm|Orthworm, L88, F|266/266\n|turn|20\n|\n|t:|1782892236\n|switch|p2a: Scovillain|Scovillain, L91, M|266/266 slp\n|move|p1a: Orthworm|Body Press|p2a: Scovillain\n|-damage|p2a: Scovillain|170/266 slp\n|\n|-heal|p2a: Scovillain|186/266 slp|[from] item: Leftovers\n|upkeep\n|turn|21\n|\n|t:|1782892249\n|cant|p2a: Scovillain|slp\n|move|p1a: Orthworm|Body Press|p2a: Scovillain\n|-damage|p2a: Scovillain|81/266 slp\n|\n|-heal|p2a: Scovillain|97/266 slp|[from] item: Leftovers\n|upkeep\n|turn|22\n|\n|t:|1782892256\n|-curestatus|p2a: Scovillain|slp|[msg]\n|move|p2a: Scovillain|Protect|p2a: Scovillain\n|-singleturn|p2a: Scovillain|Protect\n|move|p1a: Orthworm|Body Press|p2a: Scovillain\n|-activate|p2a: Scovillain|move: Protect\n|\n|-heal|p2a: Scovillain|113/266|[from] item: Leftovers\n|upkeep\n|turn|23\n|\n|t:|1782892261\n|move|p2a: Scovillain|Flamethrower|p1a: Orthworm\n|-supereffective|p1a: Orthworm\n|-damage|p1a: Orthworm|0 fnt\n|faint|p1a: Orthworm\n|\n|-heal|p2a: Scovillain|129/266|[from] item: Leftovers\n|upkeep\n|\n|t:|1782892265\n|switch|p1a: Arboliva|Arboliva, L91, F|288/288\n|turn|24\n|\n|t:|1782892272\n|switch|p2a: Golem|Golem, L87, F|124/281\n|move|p1a: Arboliva|Leech Seed|p2a: Golem\n|-start|p2a: Golem|move: Leech Seed\n|\n|-damage|p2a: Golem|89/281|[from] Leech Seed|[of] p1a: Arboliva\n|upkeep\n|turn|25\n|\n|t:|1782892279\n|move|p2a: Golem|Stone Edge|p1a: Arboliva\n|-damage|p1a: Arboliva|158/288\n|move|p1a: Arboliva|Substitute|p1a: Arboliva\n|-start|p1a: Arboliva|Substitute\n|-damage|p1a: Arboliva|86/288\n|-enditem|p1a: Arboliva|Sitrus Berry|[eat]\n|-heal|p1a: Arboliva|158/288|[from] item: Sitrus Berry\n|\n|-damage|p2a: Golem|54/281|[from] Leech Seed|[of] p1a: Arboliva\n|-heal|p1a: Arboliva|193/288|[silent]\n|upkeep\n|turn|26\n|\n|t:|1782892289\n|move|p1a: Arboliva|Protect|p1a: Arboliva\n|-singleturn|p1a: Arboliva|Protect\n|move|p2a: Golem|Explosion|p1a: Arboliva\n|-activate|p1a: Arboliva|move: Protect\n|faint|p2a: Golem\n|\n|-item|p1a: Arboliva|Sitrus Berry|[from] ability: Harvest\n|upkeep\n|\n|t:|1782892290\n|switch|p2a: Entei|Entei, L78|25/307\n|turn|27\n|\n|t:|1782892300\n|move|p2a: Entei|Sacred Fire|p1a: Arboliva\n|-supereffective|p1a: Arboliva\n|-end|p1a: Arboliva|Substitute\n|move|p1a: Arboliva|Hyper Voice|p2a: Entei\n|-damage|p2a: Entei|0 fnt\n|faint|p2a: Entei\n|\n|upkeep\n|\n|t:|1782892302\n|switch|p2a: Bellossom|Bellossom, L84, M|263/263\n|turn|28\n|\n|t:|1782892312\n|-terastallize|p2a: Bellossom|Rock\n|move|p2a: Bellossom|Tera Blast|p1a: Arboliva|[anim] Tera Blast Rock\n|-damage|p1a: Arboliva|130/288\n|-enditem|p1a: Arboliva|Sitrus Berry|[eat]\n|-heal|p1a: Arboliva|202/288|[from] item: Sitrus Berry\n|move|p1a: Arboliva|Leech Seed|p2a: Bellossom|[miss]\n|-miss|p1a: Arboliva|p2a: Bellossom\n|\n|upkeep\n|turn|29\n|\n|t:|1782892320\n|move|p2a: Bellossom|Tera Blast|p1a: Arboliva|[anim] Tera Blast Rock\n|-damage|p1a: Arboliva|135/288\n|move|p1a: Arboliva|Leech Seed|p2a: Bellossom\n|-start|p2a: Bellossom|move: Leech Seed\n|\n|-damage|p2a: Bellossom|231/263|[from] Leech Seed|[of] p1a: Arboliva\n|-heal|p1a: Arboliva|167/288|[silent]\n|-item|p1a: Arboliva|Sitrus Berry|[from] ability: Harvest\n|upkeep\n|turn|30\n|\n|t:|1782892329\n|move|p2a: Bellossom|Tera Blast|p1a: Arboliva|[anim] Tera Blast Rock\n|-damage|p1a: Arboliva|107/288\n|-enditem|p1a: Arboliva|Sitrus Berry|[eat]\n|-heal|p1a: Arboliva|179/288|[from] item: Sitrus Berry\n|move|p1a: Arboliva|Substitute|p1a: Arboliva\n|-start|p1a: Arboliva|Substitute\n|-damage|p1a: Arboliva|107/288\n|\n|-heal|p2a: Bellossom|247/263|[from] item: Leftovers\n|-damage|p2a: Bellossom|215/263|[from] Leech Seed|[of] p1a: Arboliva\n|-heal|p1a: Arboliva|139/288|[silent]\n|-item|p1a: Arboliva|Sitrus Berry|[from] ability: Harvest\n|upkeep\n|-enditem|p1a: Arboliva|Sitrus Berry|[eat]\n|-heal|p1a: Arboliva|211/288|[from] item: Sitrus Berry\n|turn|31\n|\n|t:|1782892341\n|move|p1a: Arboliva|Protect|p1a: Arboliva\n|-singleturn|p1a: Arboliva|Protect\n|move|p2a: Bellossom|Tera Blast|p1a: Arboliva|[anim] Tera Blast Rock\n|-activate|p1a: Arboliva|move: Protect\n|\n|-heal|p2a: Bellossom|231/263|[from] item: Leftovers\n|-damage|p2a: Bellossom|199/263|[from] Leech Seed|[of] p1a: Arboliva\n|-heal|p1a: Arboliva|243/288|[silent]\n|-item|p1a: Arboliva|Sitrus Berry|[from] ability: Harvest\n|upkeep\n|turn|32\n|\n|t:|1782892353\n|move|p2a: Bellossom|Quiver Dance|p2a: Bellossom\n|-boost|p2a: Bellossom|spa|1\n|-boost|p2a: Bellossom|spd|1\n|-boost|p2a: Bellossom|spe|1\n|move|p1a: Arboliva|Hyper Voice|p2a: Bellossom\n|-resisted|p2a: Bellossom\n|-damage|p2a: Bellossom|160/263\n|\n|-heal|p2a: Bellossom|176/263|[from] item: Leftovers\n|-damage|p2a: Bellossom|144/263|[from] Leech Seed|[of] p1a: Arboliva\n|-heal|p1a: Arboliva|275/288|[silent]\n|upkeep\n|turn|33\n|\n|t:|1782892361\n|move|p2a: Bellossom|Tera Blast|p1a: Arboliva|[anim] Tera Blast Rock\n|-end|p1a: Arboliva|Substitute\n|move|p1a: Arboliva|Hyper Voice|p2a: Bellossom\n|-resisted|p2a: Bellossom\n|-damage|p2a: Bellossom|103/263\n|\n|-heal|p2a: Bellossom|119/263|[from] item: Leftovers\n|-damage|p2a: Bellossom|87/263|[from] Leech Seed|[of] p1a: Arboliva\n|-heal|p1a: Arboliva|288/288|[silent]\n|upkeep\n|turn|34\n|\n|t:|1782892367\n|move|p1a: Arboliva|Protect|p1a: Arboliva\n|-singleturn|p1a: Arboliva|Protect\n|move|p2a: Bellossom|Tera Blast|p1a: Arboliva|[anim] Tera Blast Rock\n|-activate|p1a: Arboliva|move: Protect\n|\n|-heal|p2a: Bellossom|103/263|[from] item: Leftovers\n|-damage|p2a: Bellossom|71/263|[from] Leech Seed|[of] p1a: Arboliva\n|upkeep\n|turn|35\n|\n|t:|1782892375\n|move|p2a: Bellossom|Tera Blast|p1a: Arboliva|[anim] Tera Blast Rock\n|-damage|p1a: Arboliva|200/288\n|move|p1a: Arboliva|Substitute|p1a: Arboliva\n|-start|p1a: Arboliva|Substitute\n|-damage|p1a: Arboliva|128/288\n|-enditem|p1a: Arboliva|Sitrus Berry|[eat]\n|-heal|p1a: Arboliva|200/288|[from] item: Sitrus Berry\n|\n|-heal|p2a: Bellossom|87/263|[from] item: Leftovers\n|-damage|p2a: Bellossom|55/263|[from] Leech Seed|[of] p1a: Arboliva\n|-heal|p1a: Arboliva|232/288|[silent]\n|-item|p1a: Arboliva|Sitrus Berry|[from] ability: Harvest\n|upkeep\n|turn|36\n|\n|t:|1782892382\n|move|p1a: Arboliva|Protect|p1a: Arboliva\n|-singleturn|p1a: Arboliva|Protect\n|move|p2a: Bellossom|Tera Blast|p1a: Arboliva|[anim] Tera Blast Rock\n|-activate|p1a: Arboliva|move: Protect\n|\n|-heal|p2a: Bellossom|71/263|[from] item: Leftovers\n|-damage|p2a: Bellossom|39/263|[from] Leech Seed|[of] p1a: Arboliva\n|-heal|p1a: Arboliva|264/288|[silent]\n|upkeep\n|turn|37\n|\n|t:|1782892391\n|move|p2a: Bellossom|Tera Blast|p1a: Arboliva|[anim] Tera Blast Rock\n|-end|p1a: Arboliva|Substitute\n|move|p1a: Arboliva|Substitute|p1a: Arboliva\n|-start|p1a: Arboliva|Substitute\n|-damage|p1a: Arboliva|192/288\n|\n|-heal|p2a: Bellossom|55/263|[from] item: Leftovers\n|-damage|p2a: Bellossom|23/263|[from] Leech Seed|[of] p1a: Arboliva\n|-heal|p1a: Arboliva|224/288|[silent]\n|upkeep\n|turn|38\n|\n|t:|1782892399\n|move|p1a: Arboliva|Protect|p1a: Arboliva\n|-singleturn|p1a: Arboliva|Protect\n|move|p2a: Bellossom|Tera Blast|p1a: Arboliva|[anim] Tera Blast Rock\n|-activate|p1a: Arboliva|move: Protect\n|\n|-heal|p2a: Bellossom|39/263|[from] item: Leftovers\n|-damage|p2a: Bellossom|7/263|[from] Leech Seed|[of] p1a: Arboliva\n|-heal|p1a: Arboliva|256/288|[silent]\n|upkeep\n|turn|39\n|\n|t:|1782892409\n|move|p2a: Bellossom|Tera Blast|p1a: Arboliva|[anim] Tera Blast Rock\n|-end|p1a: Arboliva|Substitute\n|move|p1a: Arboliva|Substitute|p1a: Arboliva\n|-start|p1a: Arboliva|Substitute\n|-damage|p1a: Arboliva|184/288\n|\n|-heal|p2a: Bellossom|23/263|[from] item: Leftovers\n|-damage|p2a: Bellossom|0 fnt|[from] Leech Seed|[of] p1a: Arboliva\n|-heal|p1a: Arboliva|207/288|[silent]\n|faint|p2a: Bellossom\n|upkeep\n|\n|t:|1782892409\n|switch|p2a: Zacian|Zacian-Crowned, L64|36/225\n|turn|40\n|\n|t:|1782892420\n|move|p2a: Zacian|Close Combat|p1a: Arboliva\n|-supereffective|p1a: Arboliva\n|-end|p1a: Arboliva|Substitute\n|-unboost|p2a: Zacian|def|1\n|-unboost|p2a: Zacian|spd|1\n|move|p1a: Arboliva|Leech Seed|p2a: Zacian\n|-start|p2a: Zacian|move: Leech Seed\n|\n|-damage|p2a: Zacian|8/225|[from] Leech Seed|[of] p1a: Arboliva\n|-heal|p1a: Arboliva|235/288|[silent]\n|upkeep\n|turn|41\n|\n|t:|1782892429\n|move|p1a: Arboliva|Protect|p1a: Arboliva\n|-singleturn|p1a: Arboliva|Protect\n|move|p2a: Zacian|Close Combat|p1a: Arboliva\n|-activate|p1a: Arboliva|move: Protect\n|\n|-damage|p2a: Zacian|0 fnt|[from] Leech Seed|[of] p1a: Arboliva\n|-heal|p1a: Arboliva|243/288|[silent]\n|faint|p2a: Zacian\n|upkeep\n|\n|t:|1782892429\n|switch|p2a: Scovillain|Scovillain, L91, M|129/266\n|turn|42\n|\n|t:|1782892452\n|-terastallize|p1a: Arboliva|Water\n|move|p2a: Scovillain|Protect|p2a: Scovillain\n|-singleturn|p2a: Scovillain|Protect\n|move|p1a: Arboliva|Substitute|p1a: Arboliva\n|-start|p1a: Arboliva|Substitute\n|-damage|p1a: Arboliva|171/288\n|\n|-heal|p2a: Scovillain|145/266|[from] item: Leftovers\n|upkeep\n|turn|43\n|\n|t:|1782892458\n|move|p2a: Scovillain|Flamethrower|p1a: Arboliva\n|-resisted|p1a: Arboliva\n|-activate|p1a: Arboliva|move: Substitute|[damage]\n|move|p1a: Arboliva|Hyper Voice|p2a: Scovillain\n|-damage|p2a: Scovillain|0 fnt\n|faint|p2a: Scovillain\n|\n|win|Rjrockyash\n|raw|Rjrockyash's rating: 1326 &rarr; <strong>1352</strong><br />(+26 for winning)\n|raw|randbatsluvr's rating: 1430 &rarr; <strong>1404</strong><br />(-26 for losing)\n|l|\u2606randbatsluvr\n|player|p2|\n", "inputlog": ">version f8ac14003a5f27e1bdc8d8c59608a773c1cb96e5\n>start {\"formatid\":\"gen9randombattle\",\"seed\":\"sodium,37f93c8e68c09b8e7338d8fcbcbd3dff\",\"rated\":\"Rated battle\"}\n>player p1 {\"name\":\"Rjrockyash\",\"avatar\":\"170\",\"rating\":1326,\"seed\":\"sodium,b10335e0298d5fe518aaa387031853a0\"}\n>player p2 {\"name\":\"randbatsluvr\",\"avatar\":\"169\",\"rating\":1371,\"seed\":\"sodium,0a5b5fa89d92930080024061335c9a68\"}\n>p1 switch 5\n>p2 move flareblitz\n>p1 move earthquake\n>p2 switch 5\n>p1 move ironhead\n>p2 move earthquake\n>p1 switch 6\n>p1 move earthquake\n>p2 switch 3\n>p1 move swordsdance\n>p2 move earthquake\n>p1 switch 5\n>p1 move leechseed\n>p2 switch 5\n>p1 move protect\n>p2 move flareblitz\n>p1 switch 3\n>p2 move flareblitz\n>p1 move yawn\n>p2 move flareblitz\n>p1 move earthquake\n>p2 switch 2\n>p1 move yawn\n>p2 move flamethrower\n>p1 move fireblast\n>p2 move flamethrower\n>p1 switch 4\n>p1 move calmmind\n>p2 move flamethrower\n>p1 move calmmind\n>p2 move protect\n>p1 move shadowball\n>p2 switch 5\n>p1 move strengthsap\n>p2 move payback\n>p1 move airslash\n>p2 move payback\n>p1 move airslash\n>p2 move payback\n>p2 switch 6\n>p1 move shadowball\n>p2 move behemothblade\n>p1 switch 2\n>p1 move bodypress\n>p2 switch 5\n>p1 move bodypress\n>p2 move flamethrower\n>p1 move bodypress\n>p2 move protect\n>p1 move bodypress\n>p2 move flamethrower\n>p1 switch 3\n>p1 move leechseed\n>p2 switch 3\n>p1 move substitute\n>p2 move stoneedge\n>p1 move protect\n>p2 move explosion\n>p2 switch 2\n>p1 move hypervoice\n>p2 move sacredfire\n>p2 switch 4\n>p1 move leechseed\n>p2 move terablast terastallize\n>p1 move leechseed\n>p2 move terablast\n>p1 move substitute\n>p2 move terablast\n>p1 move protect\n>p2 move terablast\n>p1 move hypervoice\n>p2 move quiverdance\n>p1 move hypervoice\n>p2 move terablast\n>p1 move protect\n>p2 move terablast\n>p1 move substitute\n>p2 move terablast\n>p1 move protect\n>p2 move terablast\n>p1 move substitute\n>p2 move terablast\n>p1 move protect\n>p2 move terablast\n>p1 move substitute\n>p2 move terablast\n>p2 switch 5\n>p1 move leechseed\n>p2 move closecombat\n>p1 move protect\n>p2 move closecombat\n>p2 switch 3\n>p1 move substitute terastallize\n>p2 move protect\n>p1 move hypervoice\n>p2 move flamethrower", "uploadtime": 1782892467, "views": 5, "formatid": "gen9randombattle", "rating": 1352, "private": 0, "password": null, "player_dets": [{"name": "Rjrockyash", "avatar": "170", "rating": 1326, "seed": "sodium,b10335e0298d5fe518aaa387031853a0"}, {"name": "randbatsluvr", "avatar": "169", "rating": 1371, "seed": "sodium,0a5b5fa89d92930080024061335c9a68"}], "teams_full": [{"Arboliva": {"name": "Arboliva", "species": "Arboliva", "speciesId": "arboliva", "gender": "F", "shiny": false, "level": 91, "moves": ["protect", "substitute", "hypervoice", "leechseed"], "ability": "Harvest", "evs": {"hp": 77, "atk": 0, "def": 85, "spa": 85, "spd": 85, "spe": 85}, "ivs": {"hp": 31, "atk": 0, "def": 31, "spa": 31, "spd": 31, "spe": 31}, "item": "Sitrus Berry", "teraType": "Water", "role": "Bulky Support", "bvs": {"hp": 78, "atk": 69, "def": 90, "spa": 125, "spd": 109, "spe": 39}, "stats": {"hp": 288, "atk": 130, "def": 216, "spa": 279, "spd": 250, "spe": 123}, "types": ["Grass", "Normal"]}, "Orthworm": {"name": "Orthworm", "species": "Orthworm", "speciesId": "orthworm", "gender": "F", "shiny": false, "level": 88, "moves": ["shedtail", "bodypress", "stealthrock", "heavyslam"], "ability": "Earth Eater", "evs": {"hp": 85, "atk": 85, "def": 85, "spa": 85, "spd": 85, "spe": 85}, "ivs": {"hp": 31, "atk": 31, "def": 31, "spa": 31, "spd": 31, "spe": 31}, "item": "Leftovers", "teraType": "Fighting", "role": "Bulky Attacker", "bvs": {"hp": 70, "atk": 85, "def": 145, "spa": 60, "spd": 55, "spe": 65}, "stats": {"hp": 266, "atk": 200, "def": 305, "spa": 156, "spd": 147, "spe": 165}, "types": ["Steel"]}, "Torkoal": {"name": "Torkoal", "species": "Torkoal", "speciesId": "torkoal", "gender": "M", "shiny": false, "level": 88, "moves": ["yawn", "solarbeam", "fireblast", "earthquake"], "ability": "Drought", "evs": {"hp": 85, "atk": 85, "def": 85, "spa": 85, "spd": 85, "spe": 85}, "ivs": {"hp": 31, "atk": 31, "def": 31, "spa": 31, "spd": 31, "spe": 31}, "item": "Heavy-Duty Boots", "teraType": "Grass", "role": "Wallbreaker", "bvs": {"hp": 70, "atk": 85, "def": 140, "spa": 85, "spd": 70, "spe": 20}, "stats": {"hp": 266, "atk": 200, "def": 297, "spa": 200, "spd": 173, "spe": 85}, "types": ["Fire"]}, "Drifblim": {"name": "Drifblim", "species": "Drifblim", "speciesId": "drifblim", "gender": "M", "shiny": false, "level": 86, "moves": ["airslash", "shadowball", "strengthsap", "calmmind"], "ability": "Unburden", "evs": {"hp": 73, "atk": 0, "def": 85, "spa": 85, "spd": 85, "spe": 85}, "ivs": {"hp": 31, "atk": 0, "def": 31, "spa": 31, "spd": 31, "spe": 31}, "item": "Sitrus Berry", "teraType": "Dark", "role": "Bulky Attacker", "bvs": {"hp": 150, "atk": 80, "def": 44, "spa": 90, "spd": 54, "spe": 80}, "stats": {"hp": 396, "atk": 142, "def": 125, "spa": 204, "spd": 142, "spe": 187}, "types": ["Ghost", "Flying"]}, "Garchomp": {"name": "Garchomp", "species": "Garchomp", "speciesId": "garchomp", "gender": "F", "shiny": false, "level": 74, "moves": ["swordsdance", "ironhead", "earthquake", "scaleshot"], "ability": "Rough Skin", "evs": {"hp": 85, "atk": 85, "def": 85, "spa": 85, "spd": 85, "spe": 85}, "ivs": {"hp": 31, "atk": 31, "def": 31, "spa": 31, "spd": 31, "spe": 31}, "item": "Loaded Dice", "teraType": "Ground", "role": "Setup Sweeper", "bvs": {"hp": 108, "atk": 130, "def": 95, "spa": 80, "spd": 85, "spe": 102}, "stats": {"hp": 282, "atk": 235, "def": 184, "spa": 161, "spd": 169, "spe": 194}, "types": ["Dragon", "Ground"]}, "Dugtrio": {"name": "Dugtrio", "species": "Dugtrio-Alola", "speciesId": "dugtrioalola", "gender": "M", "shiny": false, "level": 84, "moves": ["swordsdance", "stoneedge", "ironhead", "earthquake"], "ability": "Tangling Hair", "evs": {"hp": 85, "atk": 85, "def": 85, "spa": 85, "spd": 85, "spe": 85}, "ivs": {"hp": 31, "atk": 31, "def": 31, "spa": 31, "spd": 31, "spe": 31}, "item": "Life Orb", "teraType": "Steel", "role": "Fast Attacker", "bvs": {"hp": 35, "atk": 100, "def": 60, "spa": 50, "spd": 70, "spe": 110}, "stats": {"hp": 196, "atk": 216, "def": 149, "spa": 132, "spd": 166, "spe": 233}, "types": ["Ground", "Steel"]}}, {"Entei": {"name": "Entei", "species": "Entei", "speciesId": "entei", "gender": "N", "shiny": false, "level": 78, "moves": ["flareblitz", "stoneedge", "sacredfire", "extremespeed"], "ability": "Inner Focus", "evs": {"hp": 85, "atk": 85, "def": 85, "spa": 85, "spd": 85, "spe": 85}, "ivs": {"hp": 31, "atk": 31, "def": 31, "spa": 31, "spd": 31, "spe": 31}, "item": "Choice Band", "teraType": "Normal", "role": "Fast Attacker", "bvs": {"hp": 115, "atk": 115, "def": 85, "spa": 90, "spd": 75, "spe": 100}, "stats": {"hp": 307, "atk": 224, "def": 178, "spa": 185, "spd": 162, "spe": 201}, "types": ["Fire"]}, "Scovillain": {"name": "Scovillain", "species": "Scovillain", "speciesId": "scovillain", "gender": "M", "shiny": false, "level": 91, "moves": ["flamethrower", "protect", "leechseed", "substitute"], "ability": "Chlorophyll", "evs": {"hp": 85, "atk": 0, "def": 85, "spa": 85, "spd": 85, "spe": 85}, "ivs": {"hp": 31, "atk": 0, "def": 31, "spa": 31, "spd": 31, "spe": 31}, "item": "Leftovers", "teraType": "Steel", "role": "Bulky Attacker", "bvs": {"hp": 65, "atk": 108, "def": 65, "spa": 108, "spd": 65, "spe": 75}, "stats": {"hp": 266, "atk": 201, "def": 170, "spa": 248, "spd": 170, "spe": 188}, "types": ["Grass", "Fire"]}, "Ting-Lu": {"name": "Ting-Lu", "species": "Ting-Lu", "speciesId": "tinglu", "gender": "N", "shiny": false, "level": 78, "moves": ["heavyslam", "stealthrock", "payback", "earthquake"], "ability": "Vessel of Ruin", "evs": {"hp": 85, "atk": 85, "def": 85, "spa": 85, "spd": 85, "spe": 85}, "ivs": {"hp": 31, "atk": 31, "def": 31, "spa": 31, "spd": 31, "spe": 31}, "item": "Leftovers", "teraType": "Poison", "role": "Bulky Attacker", "bvs": {"hp": 155, "atk": 110, "def": 125, "spa": 55, "spd": 80, "spe": 45}, "stats": {"hp": 370, "atk": 217, "def": 240, "spa": 131, "spd": 170, "spe": 115}, "types": ["Dark", "Ground"]}, "Bellossom": {"name": "Bellossom", "species": "Bellossom", "speciesId": "bellossom", "gender": "M", "shiny": false, "level": 84, "moves": ["quiverdance", "strengthsap", "terablast", "gigadrain"], "ability": "Chlorophyll", "evs": {"hp": 85, "atk": 0, "def": 85, "spa": 85, "spd": 85, "spe": 85}, "ivs": {"hp": 31, "atk": 0, "def": 31, "spa": 31, "spd": 31, "spe": 31}, "item": "Leftovers", "teraType": "Rock", "role": "Tera Blast user", "bvs": {"hp": 75, "atk": 80, "def": 95, "spa": 90, "spd": 100, "spe": 50}, "stats": {"hp": 263, "atk": 139, "def": 208, "spa": 199, "spd": 216, "spe": 132}, "types": ["Grass"]}, "Golem": {"name": "Golem", "species": "Golem", "speciesId": "golem", "gender": "F", "shiny": false, "level": 87, "moves": ["earthquake", "explosion", "rockpolish", "stoneedge"], "ability": "Sturdy", "evs": {"hp": 85, "atk": 85, "def": 85, "spa": 85, "spd": 85, "spe": 85}, "ivs": {"hp": 31, "atk": 31, "def": 31, "spa": 31, "spd": 31, "spe": 31}, "item": "Weakness Policy", "teraType": "Steel", "role": "Bulky Attacker", "bvs": {"hp": 80, "atk": 120, "def": 130, "spa": 55, "spd": 65, "spe": 45}, "stats": {"hp": 281, "atk": 259, "def": 276, "spa": 145, "spd": 163, "spe": 128}, "types": ["Rock", "Ground"]}, "Zacian": {"name": "Zacian", "species": "Zacian", "speciesId": "zaciancrowned", "gender": "N", "shiny": false, "level": 64, "moves": ["swordsdance", "playrough", "closecombat", "behemothblade"], "ability": "Intrepid Sword", "evs": {"hp": 85, "atk": 85, "def": 85, "spa": 85, "spd": 85, "spe": 85}, "ivs": {"hp": 31, "atk": 31, "def": 31, "spa": 31, "spd": 31, "spe": 31}, "item": "Rusted Sword", "teraType": "Fighting", "role": "Setup Sweeper", "bvs": {"hp": 92, "atk": 150, "def": 115, "spa": 80, "spd": 115, "spe": 148}, "stats": {"hp": 225, "atk": 230, "def": 185, "spa": 140, "spd": 185, "spe": 227}, "types": ["Fairy", "Steel"]}}]}