{"id": "gen9randombattle-2642131670", "format": "[Gen 9] Random Battle", "players": ["Rulicar", "jnpr010334"], "log": "|j|\u2606Rulicar\n|j|\u2606jnpr010334\n|t:|1782896763\n|gametype|singles\n|player|p1|Rulicar|265|1724\n|player|p2|jnpr010334|265|1674\n|gen|9\n|tier|[Gen 9] Random Battle\n|rated|\n|rule|Species Clause: Limit one of each Pok\u00e9mon\n|rule|HP Percentage Mod: HP is shown in percentages\n|rule|Sleep Clause Mod: Limit one foe put to sleep\n|rule|Illusion Level Mod: Illusion disguises the Pok\u00e9mon's true level\n|\n|t:|1782896763\n|teamsize|p1|6\n|teamsize|p2|6\n|start\n|switch|p1a: Iron Thorns|Iron Thorns, L83|302/302\n|switch|p2a: Drednaw|Drednaw, L81, F|278/278\n|-item|p1a: Iron Thorns|Air Balloon\n|turn|1\n|inactive|Battle timer is ON: inactive players will automatically lose when time's up. (requested by jnpr010334)\n|\n|t:|1782896795\n|-terastallize|p2a: Drednaw|Dark\n|move|p1a: Iron Thorns|Stealth Rock|p2a: Drednaw\n|-sidestart|p2: jnpr010334|move: Stealth Rock\n|move|p2a: Drednaw|Shell Smash|p2a: Drednaw\n|-unboost|p2a: Drednaw|def|1\n|-unboost|p2a: Drednaw|spd|1\n|-boost|p2a: Drednaw|atk|2\n|-boost|p2a: Drednaw|spa|2\n|-boost|p2a: Drednaw|spe|2\n|-enditem|p2a: Drednaw|White Herb\n|-clearnegativeboost|p2a: Drednaw|[silent]\n|\n|upkeep\n|turn|2\n|\n|t:|1782896823\n|-end|p1a: Iron Thorns|Quark Drive|[silent]\n|switch|p1a: Corviknight|Corviknight, L80, F|288/288\n|move|p2a: Drednaw|Liquidation|p1a: Corviknight\n|-damage|p1a: Corviknight|107/288\n|-damage|p2a: Drednaw|232/278|[from] item: Rocky Helmet|[of] p1a: Corviknight\n|\n|upkeep\n|turn|3\n|\n|t:|1782896832\n|move|p2a: Drednaw|Crunch|p1a: Corviknight\n|-damage|p1a: Corviknight|0 fnt\n|-damage|p2a: Drednaw|186/278|[from] item: Rocky Helmet|[of] p1a: Corviknight\n|faint|p1a: Corviknight\n|\n|upkeep\n|\n|t:|1782896845\n|switch|p1a: Zamazenta|Zamazenta, L71|248/248\n|-ability|p1a: Zamazenta|Dauntless Shield|boost\n|-boost|p1a: Zamazenta|def|1\n|turn|4\n|\n|t:|1782896849\n|move|p2a: Drednaw|Liquidation|p1a: Zamazenta\n|-damage|p1a: Zamazenta|136/248\n|move|p1a: Zamazenta|Close Combat|p2a: Drednaw\n|-supereffective|p2a: Drednaw\n|-crit|p2a: Drednaw\n|-damage|p2a: Drednaw|0 fnt\n|-unboost|p1a: Zamazenta|def|1\n|-unboost|p1a: Zamazenta|spd|1\n|faint|p2a: Drednaw\n|\n|upkeep\n|\n|t:|1782896851\n|switch|p2a: Misdreavus|Misdreavus, L90, F|254/254\n|-damage|p2a: Misdreavus|223/254|[from] Stealth Rock\n|turn|5\n|\n|t:|1782896857\n|switch|p1a: Farigiraf|Farigiraf, L90, M|362/362\n|move|p2a: Misdreavus|Calm Mind|p2a: Misdreavus\n|-boost|p2a: Misdreavus|spa|1\n|-boost|p2a: Misdreavus|spd|1\n|\n|upkeep\n|turn|6\n|\n|t:|1782896862\n|move|p2a: Misdreavus|Calm Mind|p2a: Misdreavus\n|-boost|p2a: Misdreavus|spa|1\n|-boost|p2a: Misdreavus|spd|1\n|move|p1a: Farigiraf|Psychic Noise|p2a: Misdreavus\n|-damage|p2a: Misdreavus|192/254\n|-start|p2a: Misdreavus|move: Heal Block\n|\n|upkeep\n|turn|7\n|\n|t:|1782896868\n|move|p2a: Misdreavus|Calm Mind|p2a: Misdreavus\n|-boost|p2a: Misdreavus|spa|1\n|-boost|p2a: Misdreavus|spd|1\n|move|p1a: Farigiraf|Psychic Noise|p2a: Misdreavus\n|-damage|p2a: Misdreavus|167/254\n|\n|-end|p2a: Misdreavus|move: Heal Block\n|upkeep\n|turn|8\n|\n|t:|1782896875\n|move|p2a: Misdreavus|Draining Kiss|p1a: Farigiraf\n|-damage|p1a: Farigiraf|256/362\n|-heal|p2a: Misdreavus|247/254|[from] drain|[of] p1a: Farigiraf\n|move|p1a: Farigiraf|Psychic Noise|p2a: Misdreavus\n|-damage|p2a: Misdreavus|220/254\n|-start|p2a: Misdreavus|move: Heal Block\n|\n|-heal|p1a: Farigiraf|278/362|[from] item: Leftovers\n|upkeep\n|turn|9\n|\n|t:|1782896878\n|move|p2a: Misdreavus|Calm Mind|p2a: Misdreavus\n|-boost|p2a: Misdreavus|spa|1\n|-boost|p2a: Misdreavus|spd|1\n|move|p1a: Farigiraf|Wish|p1a: Farigiraf\n|\n|-heal|p1a: Farigiraf|300/362|[from] item: Leftovers\n|-end|p2a: Misdreavus|move: Heal Block\n|upkeep\n|turn|10\n|\n|t:|1782896887\n|move|p2a: Misdreavus|Draining Kiss|p1a: Farigiraf\n|-damage|p1a: Farigiraf|186/362\n|-heal|p2a: Misdreavus|254/254|[from] drain|[of] p1a: Farigiraf\n|move|p1a: Farigiraf|Psychic Noise|p2a: Misdreavus\n|-crit|p2a: Misdreavus\n|-damage|p2a: Misdreavus|154/254\n|-start|p2a: Misdreavus|move: Heal Block\n|\n|-heal|p1a: Farigiraf|362/362|[from] move: Wish|[wisher] Farigiraf\n|upkeep\n|turn|11\n|\n|t:|1782896901\n|move|p2a: Misdreavus|Will-O-Wisp|p1a: Farigiraf\n|-status|p1a: Farigiraf|brn\n|move|p1a: Farigiraf|Wish|p1a: Farigiraf\n|\n|-damage|p1a: Farigiraf|340/362 brn|[from] brn\n|-end|p2a: Misdreavus|move: Heal Block\n|upkeep\n|turn|12\n|\n|t:|1782896906\n|move|p2a: Misdreavus|Draining Kiss|p1a: Farigiraf\n|-damage|p1a: Farigiraf|214/362 brn\n|-heal|p2a: Misdreavus|249/254|[from] drain|[of] p1a: Farigiraf\n|move|p1a: Farigiraf|Psychic Noise|p2a: Misdreavus\n|-damage|p2a: Misdreavus|227/254\n|-start|p2a: Misdreavus|move: Heal Block\n|\n|-heal|p1a: Farigiraf|362/362 brn|[from] move: Wish|[wisher] Farigiraf\n|-damage|p1a: Farigiraf|340/362 brn|[from] brn\n|upkeep\n|turn|13\n|\n|t:|1782896915\n|move|p2a: Misdreavus|Shadow Ball|p1a: Farigiraf\n|-immune|p1a: Farigiraf\n|move|p1a: Farigiraf|Wish|p1a: Farigiraf\n|\n|-heal|p1a: Farigiraf|362/362 brn|[from] item: Leftovers\n|-damage|p1a: Farigiraf|340/362 brn|[from] brn\n|-end|p2a: Misdreavus|move: Heal Block\n|upkeep\n|turn|14\n|\n|t:|1782896920\n|move|p2a: Misdreavus|Draining Kiss|p1a: Farigiraf\n|-damage|p1a: Farigiraf|226/362 brn\n|-heal|p2a: Misdreavus|254/254|[from] drain|[of] p1a: Farigiraf\n|move|p1a: Farigiraf|Psychic Noise|p2a: Misdreavus\n|-damage|p2a: Misdreavus|230/254\n|-start|p2a: Misdreavus|move: Heal Block\n|\n|-heal|p1a: Farigiraf|362/362 brn|[from] move: Wish|[wisher] Farigiraf\n|-damage|p1a: Farigiraf|340/362 brn|[from] brn\n|upkeep\n|turn|15\n|\n|t:|1782896930\n|move|p2a: Misdreavus|Shadow Ball|p1a: Farigiraf\n|-immune|p1a: Farigiraf\n|move|p1a: Farigiraf|Wish|p1a: Farigiraf\n|\n|-heal|p1a: Farigiraf|362/362 brn|[from] item: Leftovers\n|-damage|p1a: Farigiraf|340/362 brn|[from] brn\n|-end|p2a: Misdreavus|move: Heal Block\n|upkeep\n|turn|16\n|\n|t:|1782896935\n|move|p1a: Farigiraf|Protect|p1a: Farigiraf\n|-singleturn|p1a: Farigiraf|Protect\n|move|p2a: Misdreavus|Draining Kiss|p1a: Farigiraf\n|-activate|p1a: Farigiraf|move: Protect\n|\n|-heal|p1a: Farigiraf|362/362 brn|[from] move: Wish|[wisher] Farigiraf\n|-damage|p1a: Farigiraf|340/362 brn|[from] brn\n|upkeep\n|turn|17\n|\n|t:|1782896943\n|move|p2a: Misdreavus|Draining Kiss|p1a: Farigiraf\n|-damage|p1a: Farigiraf|211/362 brn\n|-heal|p2a: Misdreavus|254/254|[from] drain|[of] p1a: Farigiraf\n|move|p1a: Farigiraf|Psychic Noise|p2a: Misdreavus\n|-damage|p2a: Misdreavus|230/254\n|-start|p2a: Misdreavus|move: Heal Block\n|\n|-heal|p1a: Farigiraf|233/362 brn|[from] item: Leftovers\n|-damage|p1a: Farigiraf|211/362 brn|[from] brn\n|upkeep\n|turn|18\n|\n|t:|1782896946\n|move|p2a: Misdreavus|Shadow Ball|p1a: Farigiraf\n|-immune|p1a: Farigiraf\n|move|p1a: Farigiraf|Wish|p1a: Farigiraf\n|\n|-heal|p1a: Farigiraf|233/362 brn|[from] item: Leftovers\n|-damage|p1a: Farigiraf|211/362 brn|[from] brn\n|-end|p2a: Misdreavus|move: Heal Block\n|upkeep\n|turn|19\n|\n|t:|1782896949\n|move|p2a: Misdreavus|Draining Kiss|p1a: Farigiraf\n|-damage|p1a: Farigiraf|90/362 brn\n|-heal|p2a: Misdreavus|254/254|[from] drain|[of] p1a: Farigiraf\n|move|p1a: Farigiraf|Psychic Noise|p2a: Misdreavus\n|-damage|p2a: Misdreavus|230/254\n|-start|p2a: Misdreavus|move: Heal Block\n|\n|-heal|p1a: Farigiraf|271/362 brn|[from] move: Wish|[wisher] Farigiraf\n|-heal|p1a: Farigiraf|293/362 brn|[from] item: Leftovers\n|-damage|p1a: Farigiraf|271/362 brn|[from] brn\n|upkeep\n|turn|20\n|\n|t:|1782896957\n|move|p2a: Misdreavus|Shadow Ball|p1a: Farigiraf\n|-immune|p1a: Farigiraf\n|move|p1a: Farigiraf|Wish|p1a: Farigiraf\n|\n|-heal|p1a: Farigiraf|293/362 brn|[from] item: Leftovers\n|-damage|p1a: Farigiraf|271/362 brn|[from] brn\n|-end|p2a: Misdreavus|move: Heal Block\n|upkeep\n|turn|21\n|\n|t:|1782896962\n|move|p2a: Misdreavus|Draining Kiss|p1a: Farigiraf\n|-damage|p1a: Farigiraf|158/362 brn\n|-heal|p2a: Misdreavus|254/254|[from] drain|[of] p1a: Farigiraf\n|move|p1a: Farigiraf|Psychic Noise|p2a: Misdreavus\n|-damage|p2a: Misdreavus|230/254\n|-start|p2a: Misdreavus|move: Heal Block\n|\n|-heal|p1a: Farigiraf|339/362 brn|[from] move: Wish|[wisher] Farigiraf\n|-heal|p1a: Farigiraf|361/362 brn|[from] item: Leftovers\n|-damage|p1a: Farigiraf|339/362 brn|[from] brn\n|upkeep\n|turn|22\n|\n|t:|1782896966\n|move|p2a: Misdreavus|Shadow Ball|p1a: Farigiraf\n|-immune|p1a: Farigiraf\n|move|p1a: Farigiraf|Wish|p1a: Farigiraf\n|\n|-heal|p1a: Farigiraf|361/362 brn|[from] item: Leftovers\n|-damage|p1a: Farigiraf|339/362 brn|[from] brn\n|-end|p2a: Misdreavus|move: Heal Block\n|upkeep\n|turn|23\n|\n|t:|1782896971\n|move|p2a: Misdreavus|Draining Kiss|p1a: Farigiraf\n|-damage|p1a: Farigiraf|220/362 brn\n|-heal|p2a: Misdreavus|254/254|[from] drain|[of] p1a: Farigiraf\n|move|p1a: Farigiraf|Psychic Noise|p2a: Misdreavus\n|-damage|p2a: Misdreavus|232/254\n|-start|p2a: Misdreavus|move: Heal Block\n|\n|-heal|p1a: Farigiraf|362/362 brn|[from] move: Wish|[wisher] Farigiraf\n|-damage|p1a: Farigiraf|340/362 brn|[from] brn\n|upkeep\n|turn|24\n|\n|t:|1782896979\n|move|p2a: Misdreavus|Shadow Ball|p1a: Farigiraf\n|-immune|p1a: Farigiraf\n|move|p1a: Farigiraf|Wish|p1a: Farigiraf\n|\n|-heal|p1a: Farigiraf|362/362 brn|[from] item: Leftovers\n|-damage|p1a: Farigiraf|340/362 brn|[from] brn\n|-end|p2a: Misdreavus|move: Heal Block\n|upkeep\n|turn|25\n|\n|t:|1782896986\n|move|p2a: Misdreavus|Draining Kiss|p1a: Farigiraf\n|-damage|p1a: Farigiraf|223/362 brn\n|-heal|p2a: Misdreavus|254/254|[from] drain|[of] p1a: Farigiraf\n|move|p1a: Farigiraf|Body Slam|p2a: Misdreavus\n|-immune|p2a: Misdreavus\n|\n|-heal|p1a: Farigiraf|362/362 brn|[from] move: Wish|[wisher] Farigiraf\n|-damage|p1a: Farigiraf|340/362 brn|[from] brn\n|upkeep\n|turn|26\n|\n|t:|1782896989\n|move|p2a: Misdreavus|Draining Kiss|p1a: Farigiraf\n|-damage|p1a: Farigiraf|226/362 brn\n|move|p1a: Farigiraf|Wish|p1a: Farigiraf\n|\n|-heal|p1a: Farigiraf|248/362 brn|[from] item: Leftovers\n|-damage|p1a: Farigiraf|226/362 brn|[from] brn\n|upkeep\n|turn|27\n|\n|t:|1782896997\n|move|p2a: Misdreavus|Draining Kiss|p1a: Farigiraf\n|-damage|p1a: Farigiraf|101/362 brn\n|move|p1a: Farigiraf|Body Slam|p2a: Misdreavus\n|-immune|p2a: Misdreavus\n|\n|-heal|p1a: Farigiraf|282/362 brn|[from] move: Wish|[wisher] Farigiraf\n|-heal|p1a: Farigiraf|304/362 brn|[from] item: Leftovers\n|-damage|p1a: Farigiraf|282/362 brn|[from] brn\n|upkeep\n|turn|28\n|\n|t:|1782897002\n|move|p2a: Misdreavus|Draining Kiss|p1a: Farigiraf\n|-damage|p1a: Farigiraf|157/362 brn\n|move|p1a: Farigiraf|Wish|p1a: Farigiraf\n|\n|-heal|p1a: Farigiraf|179/362 brn|[from] item: Leftovers\n|-damage|p1a: Farigiraf|157/362 brn|[from] brn\n|upkeep\n|turn|29\n|\n|t:|1782897006\n|move|p1a: Farigiraf|Protect|p1a: Farigiraf\n|-singleturn|p1a: Farigiraf|Protect\n|move|p2a: Misdreavus|Draining Kiss|p1a: Farigiraf\n|-activate|p1a: Farigiraf|move: Protect\n|\n|-heal|p1a: Farigiraf|338/362 brn|[from] move: Wish|[wisher] Farigiraf\n|-heal|p1a: Farigiraf|360/362 brn|[from] item: Leftovers\n|-damage|p1a: Farigiraf|338/362 brn|[from] brn\n|upkeep\n|turn|30\n|\n|t:|1782897012\n|move|p2a: Misdreavus|Draining Kiss|p1a: Farigiraf\n|-damage|p1a: Farigiraf|212/362 brn\n|move|p1a: Farigiraf|Wish|p1a: Farigiraf\n|\n|-heal|p1a: Farigiraf|234/362 brn|[from] item: Leftovers\n|-damage|p1a: Farigiraf|212/362 brn|[from] brn\n|upkeep\n|turn|31\n|\n|t:|1782897015\n|move|p1a: Farigiraf|Protect|p1a: Farigiraf\n|-singleturn|p1a: Farigiraf|Protect\n|move|p2a: Misdreavus|Draining Kiss|p1a: Farigiraf\n|-activate|p1a: Farigiraf|move: Protect\n|\n|-heal|p1a: Farigiraf|362/362 brn|[from] move: Wish|[wisher] Farigiraf\n|-damage|p1a: Farigiraf|340/362 brn|[from] brn\n|upkeep\n|turn|32\n|\n|t:|1782897030\n|move|p2a: Misdreavus|Shadow Ball|p1a: Farigiraf\n|-immune|p1a: Farigiraf\n|move|p1a: Farigiraf|Psychic Noise|p2a: Misdreavus\n|-damage|p2a: Misdreavus|230/254\n|-start|p2a: Misdreavus|move: Heal Block\n|\n|-heal|p1a: Farigiraf|362/362 brn|[from] item: Leftovers\n|-damage|p1a: Farigiraf|340/362 brn|[from] brn\n|upkeep\n|turn|33\n|\n|t:|1782897035\n|move|p2a: Misdreavus|Shadow Ball|p1a: Farigiraf\n|-immune|p1a: Farigiraf\n|move|p1a: Farigiraf|Body Slam|p2a: Misdreavus\n|-immune|p2a: Misdreavus\n|\n|-heal|p1a: Farigiraf|362/362 brn|[from] item: Leftovers\n|-damage|p1a: Farigiraf|340/362 brn|[from] brn\n|-end|p2a: Misdreavus|move: Heal Block\n|upkeep\n|turn|34\n|\n|t:|1782897039\n|move|p2a: Misdreavus|Shadow Ball|p1a: Farigiraf\n|-immune|p1a: Farigiraf\n|move|p1a: Farigiraf|Body Slam|p2a: Misdreavus\n|-immune|p2a: Misdreavus\n|\n|-heal|p1a: Farigiraf|362/362 brn|[from] item: Leftovers\n|-damage|p1a: Farigiraf|340/362 brn|[from] brn\n|upkeep\n|turn|35\n|\n|t:|1782897041\n|move|p2a: Misdreavus|Shadow Ball|p1a: Farigiraf\n|-immune|p1a: Farigiraf\n|move|p1a: Farigiraf|Body Slam|p2a: Misdreavus\n|-immune|p2a: Misdreavus\n|\n|-heal|p1a: Farigiraf|362/362 brn|[from] item: Leftovers\n|-damage|p1a: Farigiraf|340/362 brn|[from] brn\n|upkeep\n|turn|36\n|\n|t:|1782897044\n|move|p2a: Misdreavus|Shadow Ball|p1a: Farigiraf\n|-immune|p1a: Farigiraf\n|move|p1a: Farigiraf|Body Slam|p2a: Misdreavus\n|-immune|p2a: Misdreavus\n|\n|-heal|p1a: Farigiraf|362/362 brn|[from] item: Leftovers\n|-damage|p1a: Farigiraf|340/362 brn|[from] brn\n|upkeep\n|turn|37\n|\n|t:|1782897047\n|move|p2a: Misdreavus|Shadow Ball|p1a: Farigiraf\n|-immune|p1a: Farigiraf\n|move|p1a: Farigiraf|Body Slam|p2a: Misdreavus\n|-immune|p2a: Misdreavus\n|\n|-heal|p1a: Farigiraf|362/362 brn|[from] item: Leftovers\n|-damage|p1a: Farigiraf|340/362 brn|[from] brn\n|upkeep\n|turn|38\n|\n|t:|1782897051\n|move|p2a: Misdreavus|Shadow Ball|p1a: Farigiraf\n|-immune|p1a: Farigiraf\n|move|p1a: Farigiraf|Body Slam|p2a: Misdreavus\n|-immune|p2a: Misdreavus\n|\n|-heal|p1a: Farigiraf|362/362 brn|[from] item: Leftovers\n|-damage|p1a: Farigiraf|340/362 brn|[from] brn\n|upkeep\n|turn|39\n|\n|t:|1782897054\n|move|p2a: Misdreavus|Shadow Ball|p1a: Farigiraf\n|-immune|p1a: Farigiraf\n|move|p1a: Farigiraf|Body Slam|p2a: Misdreavus\n|-immune|p2a: Misdreavus\n|\n|-heal|p1a: Farigiraf|362/362 brn|[from] item: Leftovers\n|-damage|p1a: Farigiraf|340/362 brn|[from] brn\n|upkeep\n|turn|40\n|\n|t:|1782897057\n|move|p2a: Misdreavus|Shadow Ball|p1a: Farigiraf\n|-immune|p1a: Farigiraf\n|move|p1a: Farigiraf|Body Slam|p2a: Misdreavus\n|-immune|p2a: Misdreavus\n|\n|-heal|p1a: Farigiraf|362/362 brn|[from] item: Leftovers\n|-damage|p1a: Farigiraf|340/362 brn|[from] brn\n|upkeep\n|turn|41\n|\n|t:|1782897060\n|move|p2a: Misdreavus|Shadow Ball|p1a: Farigiraf\n|-immune|p1a: Farigiraf\n|move|p1a: Farigiraf|Body Slam|p2a: Misdreavus\n|-immune|p2a: Misdreavus\n|\n|-heal|p1a: Farigiraf|362/362 brn|[from] item: Leftovers\n|-damage|p1a: Farigiraf|340/362 brn|[from] brn\n|upkeep\n|turn|42\n|\n|t:|1782897064\n|move|p2a: Misdreavus|Shadow Ball|p1a: Farigiraf\n|-immune|p1a: Farigiraf\n|move|p1a: Farigiraf|Body Slam|p2a: Misdreavus\n|-immune|p2a: Misdreavus\n|\n|-heal|p1a: Farigiraf|362/362 brn|[from] item: Leftovers\n|-damage|p1a: Farigiraf|340/362 brn|[from] brn\n|upkeep\n|turn|43\n|\n|t:|1782897067\n|move|p2a: Misdreavus|Shadow Ball|p1a: Farigiraf\n|-immune|p1a: Farigiraf\n|move|p1a: Farigiraf|Body Slam|p2a: Misdreavus\n|-immune|p2a: Misdreavus\n|\n|-heal|p1a: Farigiraf|362/362 brn|[from] item: Leftovers\n|-damage|p1a: Farigiraf|340/362 brn|[from] brn\n|upkeep\n|turn|44\n|\n|t:|1782897070\n|move|p2a: Misdreavus|Shadow Ball|p1a: Farigiraf\n|-immune|p1a: Farigiraf\n|move|p1a: Farigiraf|Body Slam|p2a: Misdreavus\n|-immune|p2a: Misdreavus\n|\n|-heal|p1a: Farigiraf|362/362 brn|[from] item: Leftovers\n|-damage|p1a: Farigiraf|340/362 brn|[from] brn\n|upkeep\n|turn|45\n|\n|t:|1782897074\n|move|p2a: Misdreavus|Shadow Ball|p1a: Farigiraf\n|-immune|p1a: Farigiraf\n|move|p1a: Farigiraf|Body Slam|p2a: Misdreavus\n|-immune|p2a: Misdreavus\n|\n|-heal|p1a: Farigiraf|362/362 brn|[from] item: Leftovers\n|-damage|p1a: Farigiraf|340/362 brn|[from] brn\n|upkeep\n|turn|46\n|\n|t:|1782897076\n|move|p2a: Misdreavus|Shadow Ball|p1a: Farigiraf\n|-immune|p1a: Farigiraf\n|move|p1a: Farigiraf|Body Slam|p2a: Misdreavus\n|-immune|p2a: Misdreavus\n|\n|-heal|p1a: Farigiraf|362/362 brn|[from] item: Leftovers\n|-damage|p1a: Farigiraf|340/362 brn|[from] brn\n|upkeep\n|turn|47\n|\n|t:|1782897079\n|move|p2a: Misdreavus|Shadow Ball|p1a: Farigiraf\n|-immune|p1a: Farigiraf\n|move|p1a: Farigiraf|Body Slam|p2a: Misdreavus\n|-immune|p2a: Misdreavus\n|\n|-heal|p1a: Farigiraf|362/362 brn|[from] item: Leftovers\n|-damage|p1a: Farigiraf|340/362 brn|[from] brn\n|upkeep\n|turn|48\n|\n|t:|1782897085\n|move|p2a: Misdreavus|Shadow Ball|p1a: Farigiraf\n|-immune|p1a: Farigiraf\n|move|p1a: Farigiraf|Body Slam|p2a: Misdreavus\n|-immune|p2a: Misdreavus\n|\n|-heal|p1a: Farigiraf|362/362 brn|[from] item: Leftovers\n|-damage|p1a: Farigiraf|340/362 brn|[from] brn\n|upkeep\n|turn|49\n|\n|t:|1782897087\n|move|p2a: Misdreavus|Shadow Ball|p1a: Farigiraf\n|-immune|p1a: Farigiraf\n|move|p1a: Farigiraf|Body Slam|p2a: Misdreavus\n|-immune|p2a: Misdreavus\n|\n|-heal|p1a: Farigiraf|362/362 brn|[from] item: Leftovers\n|-damage|p1a: Farigiraf|340/362 brn|[from] brn\n|upkeep\n|turn|50\n|\n|t:|1782897092\n|move|p1a: Farigiraf|Protect|p1a: Farigiraf\n|-singleturn|p1a: Farigiraf|Protect\n|move|p2a: Misdreavus|Calm Mind|p2a: Misdreavus\n|-boost|p2a: Misdreavus|spa|1\n|-boost|p2a: Misdreavus|spd|1\n|\n|-heal|p1a: Farigiraf|362/362 brn|[from] item: Leftovers\n|-damage|p1a: Farigiraf|340/362 brn|[from] brn\n|upkeep\n|turn|51\n|\n|t:|1782897100\n|switch|p1a: Oricorio|Oricorio-Pom-Pom, L82, F|257/257\n|move|p2a: Misdreavus|Calm Mind|p2a: Misdreavus\n|-boost|p2a: Misdreavus|spa|1\n|-boost|p2a: Misdreavus|spd|1\n|\n|upkeep\n|turn|52\n|\n|t:|1782897104\n|move|p2a: Misdreavus|Calm Mind|p2a: Misdreavus\n|-boost|p2a: Misdreavus|spa|0\n|-boost|p2a: Misdreavus|spd|0\n|move|p1a: Oricorio|Quiver Dance|p1a: Oricorio\n|-boost|p1a: Oricorio|spa|1\n|-boost|p1a: Oricorio|spd|1\n|-boost|p1a: Oricorio|spe|1\n|\n|upkeep\n|turn|53\n|\n|t:|1782897106\n|move|p1a: Oricorio|Quiver Dance|p1a: Oricorio\n|-boost|p1a: Oricorio|spa|1\n|-boost|p1a: Oricorio|spd|1\n|-boost|p1a: Oricorio|spe|1\n|move|p2a: Misdreavus|Calm Mind|p2a: Misdreavus\n|-boost|p2a: Misdreavus|spa|0\n|-boost|p2a: Misdreavus|spd|0\n|\n|upkeep\n|turn|54\n|\n|t:|1782897109\n|move|p1a: Oricorio|Quiver Dance|p1a: Oricorio\n|-boost|p1a: Oricorio|spa|1\n|-boost|p1a: Oricorio|spd|1\n|-boost|p1a: Oricorio|spe|1\n|move|p2a: Misdreavus|Calm Mind|p2a: Misdreavus\n|-boost|p2a: Misdreavus|spa|0\n|-boost|p2a: Misdreavus|spd|0\n|\n|upkeep\n|turn|55\n|\n|t:|1782897113\n|move|p1a: Oricorio|Quiver Dance|p1a: Oricorio\n|-boost|p1a: Oricorio|spa|1\n|-boost|p1a: Oricorio|spd|1\n|-boost|p1a: Oricorio|spe|1\n|move|p2a: Misdreavus|Will-O-Wisp|p1a: Oricorio\n|-status|p1a: Oricorio|brn\n|\n|-damage|p1a: Oricorio|241/257 brn|[from] brn\n|upkeep\n|turn|56\n|\n|t:|1782897118\n|move|p1a: Oricorio|Quiver Dance|p1a: Oricorio\n|-boost|p1a: Oricorio|spa|1\n|-boost|p1a: Oricorio|spd|1\n|-boost|p1a: Oricorio|spe|1\n|move|p2a: Misdreavus|Will-O-Wisp|p1a: Oricorio\n|-fail|p1a: Oricorio|brn\n|\n|-damage|p1a: Oricorio|225/257 brn|[from] brn\n|upkeep\n|turn|57\n|\n|t:|1782897120\n|move|p1a: Oricorio|Quiver Dance|p1a: Oricorio\n|-boost|p1a: Oricorio|spa|1\n|-boost|p1a: Oricorio|spd|1\n|-boost|p1a: Oricorio|spe|1\n|move|p2a: Misdreavus|Will-O-Wisp|p1a: Oricorio|[miss]\n|-miss|p2a: Misdreavus|p1a: Oricorio\n|\n|-damage|p1a: Oricorio|209/257 brn|[from] brn\n|upkeep\n|turn|58\n|\n|t:|1782897123\n|move|p1a: Oricorio|Hurricane|p2a: Misdreavus\n|-damage|p2a: Misdreavus|163/254\n|move|p2a: Misdreavus|Will-O-Wisp|p1a: Oricorio\n|-fail|p1a: Oricorio|brn\n|\n|-damage|p1a: Oricorio|193/257 brn|[from] brn\n|upkeep\n|turn|59\n|\n|t:|1782897127\n|move|p1a: Oricorio|Hurricane|p2a: Misdreavus\n|-damage|p2a: Misdreavus|94/254\n|move|p2a: Misdreavus|Will-O-Wisp|p1a: Oricorio\n|-fail|p1a: Oricorio|brn\n|\n|-damage|p1a: Oricorio|177/257 brn|[from] brn\n|upkeep\n|turn|60\n|\n|t:|1782897131\n|move|p1a: Oricorio|Hurricane|p2a: Misdreavus\n|-damage|p2a: Misdreavus|27/254\n|move|p2a: Misdreavus|Will-O-Wisp|p1a: Oricorio|[miss]\n|-miss|p2a: Misdreavus|p1a: Oricorio\n|\n|-damage|p1a: Oricorio|161/257 brn|[from] brn\n|upkeep\n|turn|61\n|\n|t:|1782897139\n|move|p1a: Oricorio|Roost|p1a: Oricorio\n|-heal|p1a: Oricorio|257/257 brn\n|-singleturn|p1a: Oricorio|move: Roost\n|move|p2a: Misdreavus|Will-O-Wisp|p1a: Oricorio\n|-fail|p1a: Oricorio|brn\n|\n|-damage|p1a: Oricorio|241/257 brn|[from] brn\n|upkeep\n|turn|62\n|\n|t:|1782897143\n|move|p1a: Oricorio|Revelation Dance|p2a: Misdreavus\n|-damage|p2a: Misdreavus|0 fnt\n|faint|p2a: Misdreavus\n|\n|-damage|p1a: Oricorio|225/257 brn|[from] brn\n|upkeep\n|\n|t:|1782897145\n|switch|p2a: Conkeldurr|Conkeldurr, L80, M|299/299\n|-damage|p2a: Conkeldurr|281/299|[from] Stealth Rock\n|turn|63\n|\n|t:|1782897152\n|move|p2a: Conkeldurr|Mach Punch|p1a: Oricorio\n|-resisted|p1a: Oricorio\n|-damage|p1a: Oricorio|191/257 brn\n|move|p1a: Oricorio|Hurricane|p2a: Conkeldurr\n|-supereffective|p2a: Conkeldurr\n|-damage|p2a: Conkeldurr|0 fnt\n|faint|p2a: Conkeldurr\n|\n|-damage|p1a: Oricorio|175/257 brn|[from] brn\n|upkeep\n|\n|t:|1782897154\n|switch|p2a: Klefki|Klefki, L84, M|233/233\n|-damage|p2a: Klefki|219/233|[from] Stealth Rock\n|turn|64\n|\n|t:|1782897159\n|move|p2a: Klefki|Magnet Rise|p2a: Klefki\n|-start|p2a: Klefki|Magnet Rise\n|move|p1a: Oricorio|Revelation Dance|p2a: Klefki\n|-damage|p2a: Klefki|0 fnt\n|faint|p2a: Klefki\n|\n|-damage|p1a: Oricorio|159/257 brn|[from] brn\n|upkeep\n|\n|t:|1782897161\n|switch|p2a: Hawlucha|Hawlucha, L80, F|256/256\n|-damage|p2a: Hawlucha|224/256|[from] Stealth Rock\n|turn|65\n|\n|t:|1782897166\n|move|p1a: Oricorio|Revelation Dance|p2a: Hawlucha\n|-supereffective|p2a: Hawlucha\n|-damage|p2a: Hawlucha|0 fnt\n|faint|p2a: Hawlucha\n|\n|-damage|p1a: Oricorio|143/257 brn|[from] brn\n|upkeep\n|\n|t:|1782897167\n|switch|p2a: Kilowattrel|Kilowattrel, L83, F|252/252\n|turn|66\n|\n|t:|1782897171\n|move|p1a: Oricorio|Hurricane|p2a: Kilowattrel|[miss]\n|-miss|p1a: Oricorio|p2a: Kilowattrel\n|move|p2a: Kilowattrel|Hurricane|p1a: Oricorio\n|-resisted|p1a: Oricorio\n|-damage|p1a: Oricorio|125/257 brn\n|-start|p1a: Oricorio|confusion\n|\n|-damage|p1a: Oricorio|109/257 brn|[from] brn\n|upkeep\n|turn|67\n|\n|t:|1782897174\n|-activate|p1a: Oricorio|confusion\n|move|p1a: Oricorio|Roost|p1a: Oricorio\n|-heal|p1a: Oricorio|238/257 brn\n|-singleturn|p1a: Oricorio|move: Roost\n|move|p2a: Kilowattrel|Discharge|p1a: Oricorio\n|-resisted|p1a: Oricorio\n|-damage|p1a: Oricorio|223/257 brn\n|\n|-damage|p1a: Oricorio|207/257 brn|[from] brn\n|upkeep\n|turn|68\n|\n|t:|1782897178\n|-activate|p1a: Oricorio|confusion\n|move|p1a: Oricorio|Hurricane|p2a: Kilowattrel|[miss]\n|-miss|p1a: Oricorio|p2a: Kilowattrel\n|move|p2a: Kilowattrel|Hurricane|p1a: Oricorio\n|-resisted|p1a: Oricorio\n|-damage|p1a: Oricorio|187/257 brn\n|\n|-damage|p1a: Oricorio|171/257 brn|[from] brn\n|upkeep\n|turn|69\n|\n|t:|1782897182\n|-activate|p1a: Oricorio|confusion\n|move|p1a: Oricorio|Hurricane|p2a: Kilowattrel|[miss]\n|-miss|p1a: Oricorio|p2a: Kilowattrel\n|move|p2a: Kilowattrel|Discharge|p1a: Oricorio\n|-damage|p1a: Oricorio|143/257 brn\n|\n|-damage|p1a: Oricorio|127/257 brn|[from] brn\n|upkeep\n|turn|70\n|\n|t:|1782897186\n|-activate|p1a: Oricorio|confusion\n|move|p1a: Oricorio|Roost|p1a: Oricorio\n|-heal|p1a: Oricorio|256/257 brn\n|-singleturn|p1a: Oricorio|move: Roost\n|move|p2a: Kilowattrel|Discharge|p1a: Oricorio\n|-resisted|p1a: Oricorio\n|-crit|p1a: Oricorio\n|-damage|p1a: Oricorio|178/257 brn\n|\n|-damage|p1a: Oricorio|162/257 brn|[from] brn\n|upkeep\n|turn|71\n|\n|t:|1782897190\n|-end|p1a: Oricorio|confusion\n|move|p1a: Oricorio|Roost|p1a: Oricorio\n|-heal|p1a: Oricorio|257/257 brn\n|-singleturn|p1a: Oricorio|move: Roost\n|move|p2a: Kilowattrel|Hurricane|p1a: Oricorio|[miss]\n|-miss|p2a: Kilowattrel|p1a: Oricorio\n|\n|-damage|p1a: Oricorio|241/257 brn|[from] brn\n|upkeep\n|turn|72\n|\n|t:|1782897193\n|move|p1a: Oricorio|Hurricane|p2a: Kilowattrel\n|-resisted|p2a: Kilowattrel\n|-damage|p2a: Kilowattrel|0 fnt\n|faint|p2a: Kilowattrel\n|\n|win|Rulicar\n|raw|Rulicar's rating: 1724 &rarr; <strong>1739</strong><br />(+15 for winning)\n|raw|jnpr010334's rating: 1644 &rarr; <strong>1629</strong><br />(-15 for losing)\n", "inputlog": ">version f8ac14003a5f27e1bdc8d8c59608a773c1cb96e5\n>start {\"formatid\":\"gen9randombattle\",\"seed\":\"sodium,f7d86e4926a3f398e8b4ad735bf95770\",\"rated\":\"Rated battle\"}\n>player p1 {\"name\":\"Rulicar\",\"avatar\":\"265\",\"rating\":1724,\"seed\":\"sodium,5d1ca7e335365ed18fb38ae7e51aae7e\"}\n>player p2 {\"name\":\"jnpr010334\",\"avatar\":\"265\",\"rating\":1674,\"seed\":\"sodium,997900103fd503262846e34d6021f649\"}\n>p1 move stealthrock\n>p2 move shellsmash terastallize\n>p1 switch 2\n>p2 move liquidation\n>p1 move uturn\n>p2 move crunch\n>p1 switch 5\n>p1 move closecombat\n>p2 move liquidation\n>p2 switch 3\n>p1 switch 6\n>p2 move calmmind\n>p1 move psychicnoise\n>p2 move calmmind\n>p1 move psychicnoise\n>p2 move calmmind\n>p1 move psychicnoise\n>p2 move drainingkiss\n>p1 move wish\n>p2 move calmmind\n>p1 move psychicnoise\n>p2 move drainingkiss\n>p1 move wish\n>p2 move willowisp\n>p1 move psychicnoise\n>p2 move drainingkiss\n>p1 move wish\n>p2 move shadowball\n>p1 move psychicnoise\n>p2 move drainingkiss\n>p1 move wish\n>p2 move shadowball\n>p1 move protect\n>p2 move drainingkiss\n>p1 move psychicnoise\n>p2 move drainingkiss\n>p1 move wish\n>p2 move shadowball\n>p1 move psychicnoise\n>p2 move drainingkiss\n>p1 move wish\n>p2 move shadowball\n>p1 move psychicnoise\n>p2 move drainingkiss\n>p1 move wish\n>p2 move shadowball\n>p1 move psychicnoise\n>p2 move drainingkiss\n>p1 move wish\n>p2 move shadowball\n>p1 move bodyslam\n>p2 move drainingkiss\n>p1 move wish\n>p2 move drainingkiss\n>p1 move bodyslam\n>p2 move drainingkiss\n>p1 move wish\n>p2 move drainingkiss\n>p1 move protect\n>p2 move drainingkiss\n>p1 move wish\n>p2 move drainingkiss\n>p1 move protect\n>p2 move drainingkiss\n>p1 move psychicnoise\n>p2 move shadowball\n>p1 move bodyslam\n>p2 move shadowball\n>p1 move bodyslam\n>p2 move shadowball\n>p1 move bodyslam\n>p2 move shadowball\n>p1 move bodyslam\n>p2 move shadowball\n>p1 move bodyslam\n>p2 move shadowball\n>p1 move bodyslam\n>p2 move shadowball\n>p1 move bodyslam\n>p2 move shadowball\n>p1 move bodyslam\n>p2 move shadowball\n>p1 move bodyslam\n>p2 move shadowball\n>p1 move bodyslam\n>p2 move shadowball\n>p1 move bodyslam\n>p2 move shadowball\n>p1 move bodyslam\n>p2 move shadowball\n>p1 move bodyslam\n>p2 move shadowball\n>p1 move bodyslam\n>p2 move shadowball\n>p1 move bodyslam\n>p2 move shadowball\n>p1 move bodyslam\n>p2 move shadowball\n>p1 move bodyslam\n>p2 move shadowball\n>p1 move protect\n>p2 move calmmind\n>p1 switch 3\n>p2 move calmmind\n>p1 move quiverdance\n>p2 move calmmind\n>p1 move quiverdance\n>p2 move calmmind\n>p1 move quiverdance\n>p2 move calmmind\n>p1 move quiverdance\n>p2 move willowisp\n>p1 move quiverdance\n>p2 move willowisp\n>p1 move quiverdance\n>p2 move willowisp\n>p1 move hurricane\n>p2 move willowisp\n>p1 move hurricane\n>p2 move willowisp\n>p1 move hurricane\n>p2 move willowisp\n>p1 move roost\n>p2 move willowisp\n>p1 move revelationdance\n>p2 move willowisp\n>p2 switch 2\n>p1 move hurricane\n>p2 move machpunch\n>p2 switch 5\n>p1 move revelationdance\n>p2 move magnetrise\n>p2 switch 6\n>p1 move revelationdance\n>p2 move encore\n>p2 switch 4\n>p1 move hurricane\n>p2 move hurricane\n>p1 move roost\n>p2 move discharge\n>p1 move hurricane\n>p2 move hurricane\n>p1 move hurricane\n>p2 move discharge\n>p1 move roost\n>p2 move discharge\n>p1 move roost\n>p2 move hurricane\n>p1 move hurricane\n>p2 move discharge", "uploadtime": 1782897195, "views": 6, "formatid": "gen9randombattle", "rating": 1629, "private": 0, "password": null, "player_dets": [{"name": "Rulicar", "avatar": "265", "rating": 1724, "seed": "sodium,5d1ca7e335365ed18fb38ae7e51aae7e"}, {"name": "jnpr010334", "avatar": "265", "rating": 1674, "seed": "sodium,997900103fd503262846e34d6021f649"}], "teams_full": [{"Iron Thorns": {"name": "Iron Thorns", "species": "Iron Thorns", "speciesId": "ironthorns", "gender": "N", "shiny": false, "level": 83, "moves": ["wildcharge", "stoneedge", "icepunch", "stealthrock"], "ability": "Quark Drive", "evs": {"hp": 85, "atk": 85, "def": 85, "spa": 85, "spd": 85, "spe": 85}, "ivs": {"hp": 31, "atk": 31, "def": 31, "spa": 31, "spd": 31, "spe": 31}, "item": "Air Balloon", "teraType": "Grass", "role": "Fast Support", "bvs": {"hp": 100, "atk": 134, "def": 110, "spa": 70, "spd": 84, "spe": 72}, "stats": {"hp": 302, "atk": 270, "def": 230, "spa": 164, "spd": 187, "spe": 167}, "types": ["Rock", "Electric"]}, "Corviknight": {"name": "Corviknight", "species": "Corviknight", "speciesId": "corviknight", "gender": "F", "shiny": false, "level": 80, "moves": ["uturn", "defog", "roost", "bravebird"], "ability": "Mirror Armor", "evs": {"hp": 85, "atk": 85, "def": 85, "spa": 85, "spd": 85, "spe": 85}, "ivs": {"hp": 31, "atk": 31, "def": 31, "spa": 31, "spd": 31, "spe": 31}, "item": "Rocky Helmet", "teraType": "Dragon", "role": "Bulky Support", "bvs": {"hp": 98, "atk": 87, "def": 105, "spa": 53, "spd": 85, "spe": 67}, "stats": {"hp": 288, "atk": 185, "def": 214, "spa": 131, "spd": 182, "spe": 153}, "types": ["Flying", "Steel"]}, "Oricorio": {"name": "Oricorio", "species": "Oricorio-Pom-Pom", "speciesId": "oricoriopompom", "gender": "F", "shiny": false, "level": 82, "moves": ["hurricane", "quiverdance", "roost", "revelationdance"], "ability": "Dancer", "evs": {"hp": 85, "atk": 0, "def": 85, "spa": 85, "spd": 85, "spe": 85}, "ivs": {"hp": 31, "atk": 0, "def": 31, "spa": 31, "spd": 31, "spe": 31}, "item": "Heavy-Duty Boots", "teraType": "Ground", "role": "Setup Sweeper", "bvs": {"hp": 75, "atk": 70, "def": 70, "spa": 98, "spd": 70, "spe": 93}, "stats": {"hp": 257, "atk": 119, "def": 162, "spa": 208, "spd": 162, "spe": 200}, "types": ["Electric", "Flying"]}, "Cetitan": {"name": "Cetitan", "species": "Cetitan", "speciesId": "cetitan", "gender": "F", "shiny": false, "level": 82, "moves": ["liquidation", "earthquake", "iciclecrash", "iceshard"], "ability": "Sheer Force", "evs": {"hp": 85, "atk": 85, "def": 85, "spa": 85, "spd": 85, "spe": 85}, "ivs": {"hp": 31, "atk": 31, "def": 31, "spa": 31, "spd": 31, "spe": 31}, "item": "Life Orb", "teraType": "Water", "role": "Wallbreaker", "bvs": {"hp": 170, "atk": 113, "def": 65, "spa": 45, "spd": 55, "spe": 73}, "stats": {"hp": 413, "atk": 232, "def": 154, "spa": 121, "spd": 137, "spe": 167}, "types": ["Ice"]}, "Zamazenta": {"name": "Zamazenta", "species": "Zamazenta", "speciesId": "zamazenta", "gender": "N", "shiny": false, "level": 71, "moves": ["crunch", "closecombat", "stoneedge", "ironhead"], "ability": "Dauntless Shield", "evs": {"hp": 85, "atk": 85, "def": 85, "spa": 85, "spd": 85, "spe": 85}, "ivs": {"hp": 31, "atk": 31, "def": 31, "spa": 31, "spd": 31, "spe": 31}, "item": "Choice Band", "teraType": "Dark", "role": "Bulky Attacker", "bvs": {"hp": 92, "atk": 120, "def": 115, "spa": 80, "spd": 115, "spe": 138}, "stats": {"hp": 248, "atk": 212, "def": 205, "spa": 155, "spd": 205, "spe": 237}, "types": ["Fighting"]}, "Farigiraf": {"name": "Farigiraf", "species": "Farigiraf", "speciesId": "farigiraf", "gender": "M", "shiny": false, "level": 90, "moves": ["protect", "psychicnoise", "bodyslam", "wish"], "ability": "Sap Sipper", "evs": {"hp": 85, "atk": 85, "def": 85, "spa": 85, "spd": 85, "spe": 85}, "ivs": {"hp": 31, "atk": 31, "def": 31, "spa": 31, "spd": 31, "spe": 31}, "item": "Leftovers", "teraType": "Ground", "role": "Bulky Support", "bvs": {"hp": 120, "atk": 90, "def": 70, "spa": 110, "spd": 70, "spe": 60}, "stats": {"hp": 362, "atk": 213, "def": 177, "spa": 249, "spd": 177, "spe": 159}, "types": ["Normal", "Psychic"]}}, {"Drednaw": {"name": "Drednaw", "species": "Drednaw", "speciesId": "drednaw", "gender": "F", "shiny": false, "level": 81, "moves": ["liquidation", "shellsmash", "stoneedge", "crunch"], "ability": "Strong Jaw", "evs": {"hp": 85, "atk": 85, "def": 85, "spa": 85, "spd": 85, "spe": 85}, "ivs": {"hp": 31, "atk": 31, "def": 31, "spa": 31, "spd": 31, "spe": 31}, "item": "White Herb", "teraType": "Dark", "role": "Setup Sweeper", "bvs": {"hp": 90, "atk": 115, "def": 90, "spa": 48, "spd": 68, "spe": 74}, "stats": {"hp": 278, "atk": 233, "def": 192, "spa": 124, "spd": 157, "spe": 167}, "types": ["Water", "Rock"]}, "Conkeldurr": {"name": "Conkeldurr", "species": "Conkeldurr", "speciesId": "conkeldurr", "gender": "M", "shiny": false, "level": 80, "moves": ["machpunch", "knockoff", "closecombat", "facade"], "ability": "Guts", "evs": {"hp": 85, "atk": 85, "def": 85, "spa": 85, "spd": 85, "spe": 85}, "ivs": {"hp": 31, "atk": 31, "def": 31, "spa": 31, "spd": 31, "spe": 31}, "item": "Flame Orb", "teraType": "Normal", "role": "Wallbreaker", "bvs": {"hp": 105, "atk": 140, "def": 95, "spa": 55, "spd": 65, "spe": 45}, "stats": {"hp": 299, "atk": 270, "def": 198, "spa": 134, "spd": 150, "spe": 118}, "types": ["Fighting"]}, "Misdreavus": {"name": "Misdreavus", "species": "Misdreavus", "speciesId": "misdreavus", "gender": "F", "shiny": false, "level": 90, "moves": ["shadowball", "willowisp", "calmmind", "drainingkiss"], "ability": "Levitate", "evs": {"hp": 85, "atk": 0, "def": 85, "spa": 85, "spd": 85, "spe": 85}, "ivs": {"hp": 31, "atk": 0, "def": 31, "spa": 31, "spd": 31, "spe": 31}, "item": "Eviolite", "teraType": "Fairy", "role": "Bulky Setup", "bvs": {"hp": 60, "atk": 60, "def": 60, "spa": 85, "spd": 85, "spe": 85}, "stats": {"hp": 254, "atk": 113, "def": 159, "spa": 204, "spd": 204, "spe": 204}, "types": ["Ghost"]}, "Kilowattrel": {"name": "Kilowattrel", "species": "Kilowattrel", "speciesId": "kilowattrel", "gender": "F", "shiny": false, "level": 83, "moves": ["roost", "uturn", "discharge", "hurricane"], "ability": "Volt Absorb", "evs": {"hp": 85, "atk": 85, "def": 85, "spa": 85, "spd": 85, "spe": 85}, "ivs": {"hp": 31, "atk": 31, "def": 31, "spa": 31, "spd": 31, "spe": 31}, "item": "Heavy-Duty Boots", "teraType": "Steel", "role": "Bulky Attacker", "bvs": {"hp": 70, "atk": 70, "def": 60, "spa": 105, "spd": 60, "spe": 125}, "stats": {"hp": 252, "atk": 164, "def": 147, "spa": 222, "spd": 147, "spe": 255}, "types": ["Electric", "Flying"]}, "Klefki": {"name": "Klefki", "species": "Klefki", "speciesId": "klefki", "gender": "M", "shiny": false, "level": 84, "moves": ["magnetrise", "spikes", "playrough", "thunderwave"], "ability": "Prankster", "evs": {"hp": 85, "atk": 85, "def": 85, "spa": 85, "spd": 85, "spe": 85}, "ivs": {"hp": 31, "atk": 31, "def": 31, "spa": 31, "spd": 31, "spe": 31}, "item": "Leftovers", "teraType": "Water", "role": "Bulky Support", "bvs": {"hp": 57, "atk": 80, "def": 91, "spa": 80, "spd": 87, "spe": 75}, "stats": {"hp": 233, "atk": 183, "def": 201, "spa": 183, "spd": 194, "spe": 174}, "types": ["Steel", "Fairy"]}, "Hawlucha": {"name": "Hawlucha", "species": "Hawlucha", "speciesId": "hawlucha", "gender": "F", "shiny": false, "level": 80, "moves": ["acrobatics", "encore", "closecombat", "swordsdance"], "ability": "Unburden", "evs": {"hp": 85, "atk": 85, "def": 85, "spa": 85, "spd": 85, "spe": 85}, "ivs": {"hp": 31, "atk": 31, "def": 31, "spa": 31, "spd": 31, "spe": 31}, "item": "White Herb", "teraType": "Fighting", "role": "Setup Sweeper", "bvs": {"hp": 78, "atk": 92, "def": 75, "spa": 74, "spd": 63, "spe": 118}, "stats": {"hp": 256, "atk": 193, "def": 166, "spa": 165, "spd": 147, "spe": 235}, "types": ["Fighting", "Flying"]}}]}