{"id": "gen9randombattle-2642069768", "format": "[Gen 9] Random Battle", "players": ["JoKo0004", "pikajew444"], "log": "|j|\u2606JoKo0004\n|j|\u2606pikajew444\n|t:|1782883371\n|gametype|singles\n|player|p1|JoKo0004|linebacker|1626\n|player|p2|pikajew444|1|1626\n|gen|9\n|tier|[Gen 9] Random Battle\n|rated|\n|rule|Species Clause: Limit one of each Pok\u00e9mon\n|rule|HP Percentage Mod: HP is shown in percentages\n|rule|Sleep Clause Mod: Limit one foe put to sleep\n|rule|Illusion Level Mod: Illusion disguises the Pok\u00e9mon's true level\n|\n|t:|1782883371\n|teamsize|p1|6\n|teamsize|p2|6\n|start\n|switch|p1a: Golem|Golem, L87, F|281/281\n|switch|p2a: Thundurus|Thundurus-Therian, L80, M|258/258\n|turn|1\n|inactive|Battle timer is ON: inactive players will automatically lose when time's up. (requested by pikajew444)\n|\n|t:|1782883380\n|switch|p2a: Dondozo|Dondozo, L78, F|362/362\n|move|p1a: Golem|Stone Edge|p2a: Dondozo|[miss]\n|-miss|p1a: Golem|p2a: Dondozo\n|\n|upkeep\n|turn|2\n|\n|t:|1782883390\n|switch|p1a: Miraidon|Miraidon, L65|238/238\n|-fieldstart|move: Electric Terrain|[from] ability: Hadron Engine|[of] p1a: Miraidon\n|move|p2a: Dondozo|Curse|p2a: Dondozo\n|-unboost|p2a: Dondozo|spe|1\n|-boost|p2a: Dondozo|atk|1\n|-boost|p2a: Dondozo|def|1\n|\n|upkeep\n|turn|3\n|\n|t:|1782883399\n|switch|p2a: Thundurus|Thundurus-Therian, L80, M|258/258\n|move|p1a: Miraidon|Dragon Pulse|p2a: Thundurus\n|-damage|p2a: Thundurus|114/258\n|-damage|p1a: Miraidon|215/238|[from] item: Life Orb\n|\n|upkeep\n|turn|4\n|\n|t:|1782883411\n|move|p2a: Thundurus|Sludge Wave|p1a: Miraidon\n|-damage|p1a: Miraidon|119/238\n|move|p1a: Miraidon|Dragon Pulse|p2a: Thundurus\n|-damage|p2a: Thundurus|0 fnt\n|faint|p2a: Thundurus\n|-damage|p1a: Miraidon|96/238|[from] item: Life Orb\n|\n|upkeep\n|\n|t:|1782883420\n|switch|p2a: Whimsicott|Whimsicott, L84, F|238/238\n|turn|5\n|\n|t:|1782883426\n|switch|p1a: Dusknoir|Dusknoir, L89, M|225/225\n|-item|p2a: Whimsicott|Heavy-Duty Boots|[from] ability: Frisk|[of] p1a: Dusknoir\n|move|p2a: Whimsicott|Moonblast|p1a: Dusknoir\n|-crit|p1a: Dusknoir\n|-damage|p1a: Dusknoir|141/225\n|\n|-heal|p1a: Dusknoir|155/225|[from] item: Leftovers\n|upkeep\n|turn|6\n|\n|t:|1782883430\n|move|p2a: Whimsicott|U-turn|p1a: Dusknoir\n|-resisted|p1a: Dusknoir\n|-damage|p1a: Dusknoir|143/225\n|\n|t:|1782883434\n|switch|p2a: Brute Bonnet|Brute Bonnet, L80|309/309|[from] U-turn\n|move|p1a: Dusknoir|Pain Split|p2a: Brute Bonnet\n|-sethp|p2a: Brute Bonnet|226/309|[from] move: Pain Split|[silent]\n|-sethp|p1a: Dusknoir|225/225|[from] move: Pain Split\n|\n|-heal|p2a: Brute Bonnet|245/309|[from] item: Leftovers\n|-fieldend|move: Electric Terrain\n|upkeep\n|turn|7\n|inactive|pikajew444 has 120 seconds left.\n|\n|t:|1782883476\n|-singleturn|p1a: Dusknoir|move: Focus Punch\n|move|p2a: Brute Bonnet|Spore|p1a: Dusknoir\n|-status|p1a: Dusknoir|slp|[from] move: Spore\n|cant|p1a: Dusknoir|slp\n|\n|-heal|p2a: Brute Bonnet|264/309|[from] item: Leftovers\n|upkeep\n|turn|8\n|\n|t:|1782883485\n|move|p2a: Brute Bonnet|Crunch|p1a: Dusknoir\n|-supereffective|p1a: Dusknoir\n|-damage|p1a: Dusknoir|99/225 slp\n|cant|p1a: Dusknoir|slp\n|\n|-heal|p2a: Brute Bonnet|283/309|[from] item: Leftovers\n|-heal|p1a: Dusknoir|113/225 slp|[from] item: Leftovers\n|upkeep\n|turn|9\n|\n|t:|1782883493\n|-terastallize|p1a: Dusknoir|Fighting\n|move|p2a: Brute Bonnet|Crunch|p1a: Dusknoir\n|-resisted|p1a: Dusknoir\n|-damage|p1a: Dusknoir|81/225 slp\n|cant|p1a: Dusknoir|slp\n|\n|-heal|p2a: Brute Bonnet|302/309|[from] item: Leftovers\n|-heal|p1a: Dusknoir|95/225 slp|[from] item: Leftovers\n|upkeep\n|turn|10\n|\n|t:|1782883499\n|move|p2a: Brute Bonnet|Close Combat|p1a: Dusknoir\n|-damage|p1a: Dusknoir|31/225 slp\n|-unboost|p2a: Brute Bonnet|def|1\n|-unboost|p2a: Brute Bonnet|spd|1\n|-curestatus|p1a: Dusknoir|slp|[msg]\n|move|p1a: Dusknoir|Pain Split|p2a: Brute Bonnet\n|-sethp|p2a: Brute Bonnet|166/309|[from] move: Pain Split|[silent]\n|-sethp|p1a: Dusknoir|166/225|[from] move: Pain Split\n|\n|-heal|p2a: Brute Bonnet|185/309|[from] item: Leftovers\n|-heal|p1a: Dusknoir|180/225|[from] item: Leftovers\n|upkeep\n|turn|11\n|\n|t:|1782883507\n|move|p2a: Brute Bonnet|Spore|p1a: Dusknoir\n|-status|p1a: Dusknoir|slp|[from] move: Spore\n|cant|p1a: Dusknoir|slp\n|\n|-heal|p2a: Brute Bonnet|204/309|[from] item: Leftovers\n|-heal|p1a: Dusknoir|194/225 slp|[from] item: Leftovers\n|upkeep\n|turn|12\n|\n|t:|1782883510\n|-end|p2a: Brute Bonnet|Protosynthesis|[silent]\n|switch|p2a: Whimsicott|Whimsicott, L84, F|238/238\n|-curestatus|p1a: Dusknoir|slp|[msg]\n|move|p1a: Dusknoir|Pain Split|p2a: Whimsicott\n|-sethp|p2a: Whimsicott|216/238|[from] move: Pain Split|[silent]\n|-sethp|p1a: Dusknoir|216/225|[from] move: Pain Split\n|\n|-heal|p1a: Dusknoir|225/225|[from] item: Leftovers\n|upkeep\n|turn|13\n|\n|t:|1782883516\n|move|p2a: Whimsicott|Moonblast|p1a: Dusknoir\n|-supereffective|p1a: Dusknoir\n|-damage|p1a: Dusknoir|115/225\n|-unboost|p1a: Dusknoir|spa|1\n|move|p1a: Dusknoir|Poltergeist|p2a: Whimsicott\n|-activate|p2a: Whimsicott|move: Poltergeist|Heavy-Duty Boots\n|-damage|p2a: Whimsicott|90/238\n|\n|-heal|p1a: Dusknoir|129/225|[from] item: Leftovers\n|upkeep\n|turn|14\n|\n|t:|1782883525\n|move|p2a: Whimsicott|Moonblast|p1a: Dusknoir\n|-supereffective|p1a: Dusknoir\n|-damage|p1a: Dusknoir|21/225\n|-unboost|p1a: Dusknoir|spa|1\n|move|p1a: Dusknoir|Poltergeist|p2a: Whimsicott\n|-activate|p2a: Whimsicott|move: Poltergeist|Heavy-Duty Boots\n|-damage|p2a: Whimsicott|0 fnt\n|faint|p2a: Whimsicott\n|\n|-heal|p1a: Dusknoir|35/225|[from] item: Leftovers\n|upkeep\n|\n|t:|1782883543\n|switch|p2a: Brute Bonnet|Brute Bonnet, L80|204/309\n|turn|15\n|\n|t:|1782883549\n|switch|p1a: Miraidon|Miraidon, L65|96/238\n|-fieldstart|move: Electric Terrain|[from] ability: Hadron Engine|[of] p1a: Miraidon\n|move|p2a: Brute Bonnet|Close Combat|p1a: Miraidon\n|-damage|p1a: Miraidon|0 fnt\n|-unboost|p2a: Brute Bonnet|def|1\n|-unboost|p2a: Brute Bonnet|spd|1\n|faint|p1a: Miraidon\n|\n|-heal|p2a: Brute Bonnet|223/309|[from] item: Leftovers\n|upkeep\n|\n|t:|1782883553\n|switch|p1a: Vivillon|Vivillon-Sandstorm, L83, F|268/268\n|turn|16\n|\n|t:|1782883560\n|move|p1a: Vivillon|Hurricane|p2a: Brute Bonnet\n|-supereffective|p2a: Brute Bonnet\n|-damage|p2a: Brute Bonnet|0 fnt\n|faint|p2a: Brute Bonnet\n|-end|p2a: Brute Bonnet|Protosynthesis|[silent]\n|\n|upkeep\n|\n|t:|1782883563\n|switch|p2a: Perrserker|Perrserker, L89, F|269/269\n|turn|17\n|\n|t:|1782883567\n|switch|p1a: Dusknoir|Dusknoir, L89, M, tera:Fighting|35/225\n|-item|p2a: Perrserker|Life Orb|[from] ability: Frisk|[of] p1a: Dusknoir\n|move|p2a: Perrserker|Iron Head|p1a: Dusknoir\n|-damage|p1a: Dusknoir|0 fnt\n|faint|p1a: Dusknoir\n|-damage|p2a: Perrserker|243/269|[from] item: Life Orb\n|\n|upkeep\n|\n|t:|1782883571\n|switch|p1a: Golem|Golem, L87, F|281/281\n|turn|18\n|\n|t:|1782883576\n|switch|p2a: Dondozo|Dondozo, L78, F|362/362\n|move|p1a: Golem|Earthquake|p2a: Dondozo\n|-damage|p2a: Dondozo|250/362\n|\n|-heal|p2a: Dondozo|272/362|[from] item: Leftovers\n|upkeep\n|turn|19\n|\n|t:|1782883581\n|switch|p1a: Zebstrika|Zebstrika, L87, F|272/272\n|move|p2a: Dondozo|Curse|p2a: Dondozo\n|-unboost|p2a: Dondozo|spe|1\n|-boost|p2a: Dondozo|atk|1\n|-boost|p2a: Dondozo|def|1\n|\n|-heal|p2a: Dondozo|294/362|[from] item: Leftovers\n|-fieldend|move: Electric Terrain\n|upkeep\n|turn|20\n|\n|t:|1782883588\n|-terastallize|p2a: Dondozo|Fairy\n|move|p1a: Zebstrika|Volt Switch|p2a: Dondozo\n|-damage|p2a: Dondozo|165/362\n|-damage|p1a: Zebstrika|245/272|[from] item: Life Orb\n|\n|t:|1782883591\n|switch|p1a: Vivillon|Vivillon-Sandstorm, L83, F|268/268|[from] Volt Switch\n|move|p2a: Dondozo|Curse|p2a: Dondozo\n|-unboost|p2a: Dondozo|spe|1\n|-boost|p2a: Dondozo|atk|1\n|-boost|p2a: Dondozo|def|1\n|\n|-heal|p2a: Dondozo|187/362|[from] item: Leftovers\n|upkeep\n|turn|21\n|\n|t:|1782883607\n|move|p1a: Vivillon|Sleep Powder|p2a: Dondozo\n|-status|p2a: Dondozo|slp|[from] move: Sleep Powder\n|cant|p2a: Dondozo|slp\n|\n|-heal|p2a: Dondozo|209/362 slp|[from] item: Leftovers\n|upkeep\n|turn|22\n|\n|t:|1782883611\n|move|p1a: Vivillon|Hurricane|p2a: Dondozo|[miss]\n|-miss|p1a: Vivillon|p2a: Dondozo\n|cant|p2a: Dondozo|slp\n|move|p2a: Dondozo|Sleep Talk|p2a: Dondozo\n|move|p2a: Dondozo|Rest||[from] move: Sleep Talk|[still]\n|-fail|p2a: Dondozo\n|\n|-heal|p2a: Dondozo|231/362 slp|[from] item: Leftovers\n|upkeep\n|turn|23\n|\n|t:|1782883619\n|move|p1a: Vivillon|Hurricane|p2a: Dondozo\n|-damage|p2a: Dondozo|96/362 slp\n|-curestatus|p2a: Dondozo|slp|[msg]\n|move|p2a: Dondozo|Wave Crash|p1a: Vivillon\n|-damage|p1a: Vivillon|0 fnt\n|faint|p1a: Vivillon\n|-damage|p2a: Dondozo|8/362|[from] Recoil\n|\n|-heal|p2a: Dondozo|30/362|[from] item: Leftovers\n|upkeep\n|\n|t:|1782883628\n|switch|p1a: Zebstrika|Zebstrika, L87, F|245/272\n|turn|24\n|\n|t:|1782883632\n|switch|p2a: Perrserker|Perrserker, L89, F|243/269\n|move|p1a: Zebstrika|Volt Switch|p2a: Perrserker\n|-damage|p2a: Perrserker|133/269\n|-damage|p1a: Zebstrika|218/272|[from] item: Life Orb\n|\n|t:|1782883636\n|switch|p1a: Golem|Golem, L87, F|281/281|[from] Volt Switch\n|\n|upkeep\n|turn|25\n|\n|t:|1782883642\n|move|p2a: Perrserker|Close Combat|p1a: Golem\n|-supereffective|p1a: Golem\n|-damage|p1a: Golem|21/281\n|-unboost|p2a: Perrserker|def|1\n|-unboost|p2a: Perrserker|spd|1\n|-damage|p2a: Perrserker|107/269|[from] item: Life Orb\n|move|p1a: Golem|Earthquake|p2a: Perrserker\n|-supereffective|p2a: Perrserker\n|-damage|p2a: Perrserker|0 fnt\n|faint|p2a: Perrserker\n|\n|upkeep\n|\n|t:|1782883652\n|switch|p2a: Greedent|Greedent, L86, F|347/347\n|turn|26\n|-enditem|p1a: Golem|Custap Berry|[eat]\n|-activate|p1a: Golem|item: Custap Berry|[consumed]\n|\n|t:|1782883655\n|move|p1a: Golem|Explosion|p2a: Greedent\n|-damage|p2a: Greedent|141/347\n|-enditem|p2a: Greedent|Sitrus Berry|[eat]\n|-heal|p2a: Greedent|227/347|[from] item: Sitrus Berry\n|-heal|p2a: Greedent|342/347|[from] ability: Cheek Pouch\n|faint|p1a: Golem\n|move|p2a: Greedent|Knock Off|p1: Golem|[notarget]\n|-fail|p2a: Greedent\n|\n|upkeep\n|\n|t:|1782883661\n|switch|p1a: Ursaring|Ursaring, L84, M|288/288\n|turn|27\n|\n|t:|1782883664\n|move|p1a: Ursaring|Body Slam|p2a: Greedent\n|-damage|p2a: Greedent|245/347\n|move|p2a: Greedent|Knock Off|p1a: Ursaring\n|-damage|p1a: Ursaring|237/288\n|-enditem|p1a: Ursaring|Eviolite|[from] move: Knock Off|[of] p2a: Greedent\n|\n|upkeep\n|turn|28\n|\n|t:|1782883671\n|move|p1a: Ursaring|Body Slam|p2a: Greedent\n|-damage|p2a: Greedent|136/347\n|move|p2a: Greedent|Earthquake|p1a: Ursaring\n|-damage|p1a: Ursaring|156/288\n|\n|upkeep\n|turn|29\n|\n|t:|1782883675\n|move|p1a: Ursaring|Body Slam|p2a: Greedent\n|-damage|p2a: Greedent|36/347\n|move|p2a: Greedent|Earthquake|p1a: Ursaring\n|-damage|p1a: Ursaring|74/288\n|\n|upkeep\n|turn|30\n|\n|t:|1782883680\n|move|p1a: Ursaring|Rest|p1a: Ursaring\n|-status|p1a: Ursaring|slp|[from] move: Rest\n|-heal|p1a: Ursaring|288/288 slp|[silent]\n|move|p2a: Greedent|Earthquake|p1a: Ursaring\n|-damage|p1a: Ursaring|212/288 slp\n|\n|upkeep\n|turn|31\n|\n|t:|1782883682\n|cant|p1a: Ursaring|slp\n|move|p1a: Ursaring|Sleep Talk|p1a: Ursaring\n|move|p1a: Ursaring|Earthquake|p2a: Greedent|[from] move: Sleep Talk\n|-damage|p2a: Greedent|0 fnt\n|faint|p2a: Greedent\n|\n|upkeep\n|\n|t:|1782883686\n|switch|p2a: Dondozo|Dondozo, L78, F, tera:Fairy|30/362\n|turn|32\n|\n|t:|1782883688\n|cant|p1a: Ursaring|slp\n|move|p1a: Ursaring|Sleep Talk|p1a: Ursaring\n|move|p1a: Ursaring|Rest||[from] move: Sleep Talk|[still]\n|-fail|p1a: Ursaring\n|move|p2a: Dondozo|Rest|p2a: Dondozo\n|-status|p2a: Dondozo|slp|[from] move: Rest\n|-heal|p2a: Dondozo|362/362 slp|[silent]\n|\n|upkeep\n|turn|33\n|\n|t:|1782883694\n|-curestatus|p1a: Ursaring|slp|[msg]\n|move|p1a: Ursaring|Body Slam|p2a: Dondozo\n|-crit|p2a: Dondozo\n|-damage|p2a: Dondozo|226/362 slp\n|cant|p2a: Dondozo|slp\n|move|p2a: Dondozo|Sleep Talk|p2a: Dondozo\n|move|p2a: Dondozo|Rest||[from] move: Sleep Talk|[still]\n|-fail|p2a: Dondozo\n|\n|-heal|p2a: Dondozo|248/362 slp|[from] item: Leftovers\n|upkeep\n|turn|34\n|\n|t:|1782883701\n|move|p1a: Ursaring|Body Slam|p2a: Dondozo\n|-damage|p2a: Dondozo|143/362 slp\n|cant|p2a: Dondozo|slp\n|move|p2a: Dondozo|Sleep Talk|p2a: Dondozo\n|move|p2a: Dondozo|Rest||[from] move: Sleep Talk|[still]\n|-fail|p2a: Dondozo\n|\n|-heal|p2a: Dondozo|165/362 slp|[from] item: Leftovers\n|upkeep\n|turn|35\n|\n|t:|1782883703\n|move|p1a: Ursaring|Body Slam|p2a: Dondozo\n|-damage|p2a: Dondozo|71/362 slp\n|-curestatus|p2a: Dondozo|slp|[msg]\n|move|p2a: Dondozo|Rest|p2a: Dondozo\n|-status|p2a: Dondozo|slp|[from] move: Rest\n|-heal|p2a: Dondozo|362/362 slp|[silent]\n|\n|upkeep\n|turn|36\n|\n|t:|1782883708\n|move|p1a: Ursaring|Body Slam|p2a: Dondozo\n|-damage|p2a: Dondozo|263/362 slp\n|cant|p2a: Dondozo|slp\n|move|p2a: Dondozo|Sleep Talk|p2a: Dondozo\n|move|p2a: Dondozo|Wave Crash|p1a: Ursaring|[from] move: Sleep Talk\n|-damage|p1a: Ursaring|85/288\n|-damage|p2a: Dondozo|221/362 slp|[from] Recoil\n|\n|-heal|p2a: Dondozo|243/362 slp|[from] item: Leftovers\n|upkeep\n|turn|37\n|\n|t:|1782883711\n|move|p1a: Ursaring|Body Slam|p2a: Dondozo\n|-damage|p2a: Dondozo|146/362 slp\n|cant|p2a: Dondozo|slp\n|move|p2a: Dondozo|Sleep Talk|p2a: Dondozo\n|move|p2a: Dondozo|Rest||[from] move: Sleep Talk|[still]\n|-fail|p2a: Dondozo\n|\n|-heal|p2a: Dondozo|168/362 slp|[from] item: Leftovers\n|upkeep\n|turn|38\n|\n|t:|1782883713\n|move|p1a: Ursaring|Body Slam|p2a: Dondozo\n|-damage|p2a: Dondozo|71/362 slp\n|-curestatus|p2a: Dondozo|slp|[msg]\n|move|p2a: Dondozo|Rest|p2a: Dondozo\n|-status|p2a: Dondozo|slp|[from] move: Rest\n|-heal|p2a: Dondozo|362/362 slp|[silent]\n|\n|upkeep\n|turn|39\n|\n|t:|1782883716\n|move|p1a: Ursaring|Body Slam|p2a: Dondozo\n|-damage|p2a: Dondozo|263/362 slp\n|cant|p2a: Dondozo|slp\n|move|p2a: Dondozo|Sleep Talk|p2a: Dondozo\n|move|p2a: Dondozo|Curse|p2a: Dondozo|[from] move: Sleep Talk\n|-unboost|p2a: Dondozo|spe|1\n|-boost|p2a: Dondozo|atk|1\n|-boost|p2a: Dondozo|def|1\n|\n|-heal|p2a: Dondozo|285/362 slp|[from] item: Leftovers\n|upkeep\n|turn|40\n|\n|t:|1782883719\n|move|p1a: Ursaring|Body Slam|p2a: Dondozo\n|-damage|p2a: Dondozo|222/362 slp\n|cant|p2a: Dondozo|slp\n|move|p2a: Dondozo|Sleep Talk|p2a: Dondozo\n|move|p2a: Dondozo|Rest||[from] move: Sleep Talk|[still]\n|-fail|p2a: Dondozo\n|\n|-heal|p2a: Dondozo|244/362 slp|[from] item: Leftovers\n|upkeep\n|turn|41\n|\n|t:|1782883724\n|move|p1a: Ursaring|Rest|p1a: Ursaring\n|-status|p1a: Ursaring|slp|[from] move: Rest\n|-heal|p1a: Ursaring|288/288 slp|[silent]\n|-curestatus|p2a: Dondozo|slp|[msg]\n|move|p2a: Dondozo|Curse|p2a: Dondozo\n|-unboost|p2a: Dondozo|spe|1\n|-boost|p2a: Dondozo|atk|1\n|-boost|p2a: Dondozo|def|1\n|\n|-heal|p2a: Dondozo|266/362|[from] item: Leftovers\n|upkeep\n|turn|42\n|\n|t:|1782883729\n|cant|p1a: Ursaring|slp\n|move|p1a: Ursaring|Sleep Talk|p1a: Ursaring\n|move|p1a: Ursaring|Rest||[from] move: Sleep Talk|[still]\n|-fail|p1a: Ursaring\n|move|p2a: Dondozo|Curse|p2a: Dondozo\n|-unboost|p2a: Dondozo|spe|1\n|-boost|p2a: Dondozo|atk|1\n|-boost|p2a: Dondozo|def|1\n|\n|-heal|p2a: Dondozo|288/362|[from] item: Leftovers\n|upkeep\n|turn|43\n|\n|t:|1782883734\n|cant|p1a: Ursaring|slp\n|move|p1a: Ursaring|Sleep Talk|p1a: Ursaring\n|move|p1a: Ursaring|Body Slam|p2a: Dondozo|[from] move: Sleep Talk\n|-damage|p2a: Dondozo|227/362\n|move|p2a: Dondozo|Curse|p2a: Dondozo\n|-unboost|p2a: Dondozo|spe|1\n|-boost|p2a: Dondozo|atk|1\n|-boost|p2a: Dondozo|def|1\n|\n|-heal|p2a: Dondozo|249/362|[from] item: Leftovers\n|upkeep\n|turn|44\n|\n|t:|1782883741\n|-curestatus|p1a: Ursaring|slp|[msg]\n|move|p1a: Ursaring|Body Slam|p2a: Dondozo\n|-crit|p2a: Dondozo\n|-damage|p2a: Dondozo|93/362\n|move|p2a: Dondozo|Curse|p2a: Dondozo\n|-unboost|p2a: Dondozo|spe|1\n|-boost|p2a: Dondozo|atk|1\n|-boost|p2a: Dondozo|def|1\n|\n|-heal|p2a: Dondozo|115/362|[from] item: Leftovers\n|upkeep\n|turn|45\n|\n|t:|1782883747\n|switch|p1a: Zebstrika|Zebstrika, L87, F|218/272\n|move|p2a: Dondozo|Rest|p2a: Dondozo\n|-status|p2a: Dondozo|slp|[from] move: Rest\n|-heal|p2a: Dondozo|362/362 slp|[silent]\n|\n|upkeep\n|turn|46\n|\n|t:|1782883750\n|move|p1a: Zebstrika|Overheat|p2a: Dondozo\n|-damage|p2a: Dondozo|222/362 slp\n|-unboost|p1a: Zebstrika|spa|2\n|-damage|p1a: Zebstrika|191/272|[from] item: Life Orb\n|cant|p2a: Dondozo|slp\n|move|p2a: Dondozo|Sleep Talk|p2a: Dondozo\n|move|p2a: Dondozo|Curse|p2a: Dondozo|[from] move: Sleep Talk\n|-unboost|p2a: Dondozo|spe|1\n|-boost|p2a: Dondozo|atk|1\n|-boost|p2a: Dondozo|def|1\n|\n|-heal|p2a: Dondozo|244/362 slp|[from] item: Leftovers\n|upkeep\n|turn|47\n|\n|t:|1782883761\n|move|p1a: Zebstrika|Volt Switch|p2a: Dondozo\n|-damage|p2a: Dondozo|119/362 slp\n|-damage|p1a: Zebstrika|164/272|[from] item: Life Orb\n|\n|t:|1782883763\n|switch|p1a: Ursaring|Ursaring, L84, M|288/288|[from] Volt Switch\n|cant|p2a: Dondozo|slp\n|move|p2a: Dondozo|Sleep Talk|p2a: Dondozo\n|move|p2a: Dondozo|Rest||[from] move: Sleep Talk|[still]\n|-fail|p2a: Dondozo\n|\n|-heal|p2a: Dondozo|141/362 slp|[from] item: Leftovers\n|upkeep\n|turn|48\n|\n|t:|1782883766\n|move|p1a: Ursaring|Body Slam|p2a: Dondozo\n|-damage|p2a: Dondozo|116/362 slp\n|-curestatus|p2a: Dondozo|slp|[msg]\n|move|p2a: Dondozo|Rest|p2a: Dondozo\n|-status|p2a: Dondozo|slp|[from] move: Rest\n|-heal|p2a: Dondozo|362/362 slp|[silent]\n|\n|upkeep\n|turn|49\n|\n|t:|1782883771\n|switch|p1a: Zebstrika|Zebstrika, L87, F|164/272\n|cant|p2a: Dondozo|slp\n|move|p2a: Dondozo|Sleep Talk|p2a: Dondozo\n|move|p2a: Dondozo|Curse|p2a: Dondozo|[from] move: Sleep Talk\n|\n|upkeep\n|turn|50\n|\n|t:|1782883780\n|move|p1a: Zebstrika|Overheat|p2a: Dondozo\n|-damage|p2a: Dondozo|215/362 slp\n|-unboost|p1a: Zebstrika|spa|2\n|-damage|p1a: Zebstrika|137/272|[from] item: Life Orb\n|cant|p2a: Dondozo|slp\n|move|p2a: Dondozo|Sleep Talk|p2a: Dondozo\n|move|p2a: Dondozo|Rest||[from] move: Sleep Talk|[still]\n|-fail|p2a: Dondozo\n|\n|-heal|p2a: Dondozo|237/362 slp|[from] item: Leftovers\n|upkeep\n|turn|51\n|\n|t:|1782883786\n|move|p1a: Zebstrika|Overheat|p2a: Dondozo\n|-damage|p2a: Dondozo|82/362 slp\n|-unboost|p1a: Zebstrika|spa|2\n|-damage|p1a: Zebstrika|110/272|[from] item: Life Orb\n|-curestatus|p2a: Dondozo|slp|[msg]\n|move|p2a: Dondozo|Rest|p2a: Dondozo\n|-status|p2a: Dondozo|slp|[from] move: Rest\n|-heal|p2a: Dondozo|362/362 slp|[silent]\n|\n|upkeep\n|turn|52\n|\n|t:|1782883789\n|move|p1a: Zebstrika|Volt Switch|p2a: Dondozo\n|-damage|p2a: Dondozo|232/362 slp\n|-damage|p1a: Zebstrika|83/272|[from] item: Life Orb\n|\n|t:|1782883791\n|switch|p1a: Ursaring|Ursaring, L84, M|288/288|[from] Volt Switch\n|cant|p2a: Dondozo|slp\n|move|p2a: Dondozo|Sleep Talk|p2a: Dondozo\n|move|p2a: Dondozo|Curse|p2a: Dondozo|[from] move: Sleep Talk\n|\n|-heal|p2a: Dondozo|254/362 slp|[from] item: Leftovers\n|upkeep\n|turn|53\n|\n|t:|1782883800\n|switch|p1a: Zebstrika|Zebstrika, L87, F|83/272\n|cant|p2a: Dondozo|slp\n|move|p2a: Dondozo|Sleep Talk|p2a: Dondozo\n|move|p2a: Dondozo|Wave Crash|p1a: Zebstrika|[from] move: Sleep Talk\n|-damage|p1a: Zebstrika|0 fnt\n|faint|p1a: Zebstrika\n|-damage|p2a: Dondozo|227/362 slp|[from] Recoil\n|\n|-heal|p2a: Dondozo|249/362 slp|[from] item: Leftovers\n|upkeep\n|-message|JoKo0004 forfeited.\n|\n|win|pikajew444\n|raw|JoKo0004's rating: 1626 &rarr; <strong>1606</strong><br />(-20 for losing)\n|raw|pikajew444's rating: 1626 &rarr; <strong>1646</strong><br />(+20 for winning)\n|l|\u2606JoKo0004\n|player|p1|\n", "inputlog": ">version f8ac14003a5f27e1bdc8d8c59608a773c1cb96e5\n>start {\"formatid\":\"gen9randombattle\",\"seed\":\"sodium,bf5064f8ce3418a6929b8bb8ce5261f2\",\"rated\":\"Rated battle\"}\n>player p1 {\"name\":\"JoKo0004\",\"avatar\":\"linebacker\",\"rating\":1626,\"seed\":\"sodium,66a51e841251df090bfb3d8d177fd2bd\"}\n>player p2 {\"name\":\"pikajew444\",\"avatar\":\"1\",\"rating\":1626,\"seed\":\"sodium,5471f5bf1e1360730b676e4bbe8e0e3b\"}\n>p1 move stoneedge\n>p2 switch 3\n>p1 switch 3\n>p2 move curse\n>p1 move dragonpulse\n>p2 switch 3\n>p1 move dragonpulse\n>p2 move sludgewave\n>p2 switch 4\n>p1 switch 5\n>p2 move moonblast\n>p1 move painsplit\n>p2 move uturn\n>p2 switch 2\n>p1 move focuspunch\n>p2 move spore\n>p1 move painsplit\n>p2 move crunch\n>p1 move painsplit terastallize\n>p2 move crunch\n>p1 move painsplit\n>p2 move closecombat\n>p1 move poltergeist\n>p2 move spore\n>p1 move painsplit\n>p2 switch 2\n>p1 move poltergeist\n>p2 move moonblast\n>p1 move poltergeist\n>p2 move moonblast\n>p2 switch 2\n>p1 switch 5\n>p2 move closecombat\n>p1 switch 2\n>p1 move hurricane\n>p2 move spore\n>p2 switch 5\n>p1 switch 5\n>p2 move ironhead\n>p1 switch 3\n>p1 move earthquake\n>p2 switch 3\n>p1 switch 4\n>p2 move curse\n>p1 move voltswitch\n>p2 move curse terastallize\n>p1 switch 5\n>p1 move sleeppowder\n>p2 move wavecrash\n>p1 move hurricane\n>p2 move sleeptalk\n>p1 move hurricane\n>p2 move wavecrash\n>p1 switch 5\n>p1 move voltswitch\n>p2 switch 3\n>p1 switch 4\n>p1 move earthquake\n>p2 move closecombat\n>p2 switch 6\n>p1 move explosion\n>p2 move knockoff\n>p1 switch 6\n>p1 move bodyslam\n>p2 move knockoff\n>p1 move bodyslam\n>p2 move earthquake\n>p1 move bodyslam\n>p2 move earthquake\n>p1 move rest\n>p2 move earthquake\n>p1 move sleeptalk\n>p2 move swordsdance\n>p2 switch 3\n>p1 move sleeptalk\n>p2 move rest\n>p1 move bodyslam\n>p2 move sleeptalk\n>p1 move bodyslam\n>p2 move sleeptalk\n>p1 move bodyslam\n>p2 move rest\n>p1 move bodyslam\n>p2 move sleeptalk\n>p1 move bodyslam\n>p2 move sleeptalk\n>p1 move bodyslam\n>p2 move rest\n>p1 move bodyslam\n>p2 move sleeptalk\n>p1 move bodyslam\n>p2 move sleeptalk\n>p1 move rest\n>p2 move curse\n>p1 move sleeptalk\n>p2 move curse\n>p1 move sleeptalk\n>p2 move curse\n>p1 move bodyslam\n>p2 move curse\n>p1 switch 4\n>p2 move rest\n>p1 move overheat\n>p2 move sleeptalk\n>p1 move voltswitch\n>p2 move sleeptalk\n>p1 switch 4\n>p1 move bodyslam\n>p2 move rest\n>p1 switch 4\n>p2 move sleeptalk\n>p1 move overheat\n>p2 move sleeptalk\n>p1 move overheat\n>p2 move rest\n>p1 move voltswitch\n>p2 move sleeptalk\n>p1 switch 4\n>p1 switch 4\n>p2 move sleeptalk\n>forcelose p1", "uploadtime": 1782883815, "views": 18, "formatid": "gen9randombattle", "rating": 1606, "private": 0, "password": null, "player_dets": [{"name": "JoKo0004", "avatar": "linebacker", "rating": 1626, "seed": "sodium,66a51e841251df090bfb3d8d177fd2bd"}, {"name": "pikajew444", "avatar": "1", "rating": 1626, "seed": "sodium,5471f5bf1e1360730b676e4bbe8e0e3b"}], "teams_full": [{"Golem": {"name": "Golem", "species": "Golem", "speciesId": "golem", "gender": "F", "shiny": false, "level": 87, "moves": ["stoneedge", "earthquake", "explosion", "stealthrock"], "ability": "Sturdy", "evs": {"hp": 85, "atk": 85, "def": 85, "spa": 85, "spd": 85, "spe": 85}, "ivs": {"hp": 31, "atk": 31, "def": 31, "spa": 31, "spd": 31, "spe": 31}, "item": "Custap Berry", "teraType": "Steel", "role": "Bulky Attacker", "bvs": {"hp": 80, "atk": 120, "def": 130, "spa": 55, "spd": 65, "spe": 45}, "stats": {"hp": 281, "atk": 259, "def": 276, "spa": 145, "spd": 163, "spe": 128}, "types": ["Rock", "Ground"]}, "Vivillon": {"name": "Vivillon", "species": "Vivillon-Sandstorm", "speciesId": "vivillon", "gender": "F", "shiny": false, "level": 83, "moves": ["hurricane", "sleeppowder", "terablast", "quiverdance"], "ability": "Compound Eyes", "evs": {"hp": 85, "atk": 0, "def": 85, "spa": 85, "spd": 85, "spe": 85}, "ivs": {"hp": 31, "atk": 0, "def": 31, "spa": 31, "spd": 31, "spe": 31}, "item": "Heavy-Duty Boots", "teraType": "Ground", "role": "Tera Blast user", "bvs": {"hp": 80, "atk": 52, "def": 50, "spa": 90, "spd": 50, "spe": 89}, "stats": {"hp": 268, "atk": 91, "def": 131, "spa": 197, "spd": 131, "spe": 195}, "types": ["Bug", "Flying"]}, "Miraidon": {"name": "Miraidon", "species": "Miraidon", "speciesId": "miraidon", "gender": "N", "shiny": false, "level": 65, "moves": ["dragonpulse", "dracometeor", "calmmind", "electrodrift"], "ability": "Hadron Engine", "evs": {"hp": 85, "atk": 0, "def": 85, "spa": 85, "spd": 85, "spe": 85}, "ivs": {"hp": 31, "atk": 0, "def": 31, "spa": 31, "spd": 31, "spe": 31}, "item": "Life Orb", "teraType": "Electric", "role": "Setup Sweeper", "bvs": {"hp": 100, "atk": 85, "def": 100, "spa": 135, "spd": 115, "spe": 135}, "stats": {"hp": 238, "atk": 115, "def": 168, "spa": 214, "spd": 188, "spe": 214}, "types": ["Electric", "Dragon"]}, "Zebstrika": {"name": "Zebstrika", "species": "Zebstrika", "speciesId": "zebstrika", "gender": "F", "shiny": false, "level": 87, "moves": ["voltswitch", "supercellslam", "overheat", "highhorsepower"], "ability": "Sap Sipper", "evs": {"hp": 85, "atk": 85, "def": 85, "spa": 85, "spd": 85, "spe": 85}, "ivs": {"hp": 31, "atk": 31, "def": 31, "spa": 31, "spd": 31, "spe": 31}, "item": "Life Orb", "teraType": "Ground", "role": "Fast Attacker", "bvs": {"hp": 75, "atk": 100, "def": 63, "spa": 80, "spd": 63, "spe": 116}, "stats": {"hp": 272, "atk": 224, "def": 159, "spa": 189, "spd": 159, "spe": 252}, "types": ["Electric"]}, "Dusknoir": {"name": "Dusknoir", "species": "Dusknoir", "speciesId": "dusknoir", "gender": "M", "shiny": false, "level": 89, "moves": ["painsplit", "substitute", "focuspunch", "poltergeist"], "ability": "Frisk", "evs": {"hp": 85, "atk": 85, "def": 85, "spa": 85, "spd": 85, "spe": 85}, "ivs": {"hp": 31, "atk": 31, "def": 31, "spa": 31, "spd": 31, "spe": 31}, "item": "Leftovers", "teraType": "Fighting", "role": "Bulky Attacker", "bvs": {"hp": 45, "atk": 100, "def": 135, "spa": 65, "spd": 135, "spe": 45}, "stats": {"hp": 225, "atk": 229, "def": 291, "spa": 166, "spd": 291, "spe": 131}, "types": ["Ghost"]}, "Ursaring": {"name": "Ursaring", "species": "Ursaring", "speciesId": "ursaring", "gender": "M", "shiny": false, "level": 84, "moves": ["earthquake", "bodyslam", "sleeptalk", "rest"], "ability": "Guts", "evs": {"hp": 85, "atk": 85, "def": 85, "spa": 85, "spd": 85, "spe": 85}, "ivs": {"hp": 31, "atk": 31, "def": 31, "spa": 31, "spd": 31, "spe": 31}, "item": "Eviolite", "teraType": "Ground", "role": "Bulky Attacker", "bvs": {"hp": 90, "atk": 130, "def": 75, "spa": 75, "spd": 75, "spe": 55}, "stats": {"hp": 288, "atk": 267, "def": 174, "spa": 174, "spd": 174, "spe": 141}, "types": ["Normal"]}}, {"Thundurus": {"name": "Thundurus", "species": "Thundurus-Therian", "speciesId": "thundurustherian", "gender": "M", "shiny": false, "level": 80, "moves": ["voltswitch", "focusblast", "sludgewave", "thunderbolt"], "ability": "Volt Absorb", "evs": {"hp": 85, "atk": 0, "def": 85, "spa": 85, "spd": 85, "spe": 85}, "ivs": {"hp": 31, "atk": 0, "def": 31, "spa": 31, "spd": 31, "spe": 31}, "item": "Choice Scarf", "teraType": "Poison", "role": "Fast Attacker", "bvs": {"hp": 79, "atk": 105, "def": 70, "spa": 145, "spd": 80, "spe": 101}, "stats": {"hp": 258, "atk": 173, "def": 158, "spa": 278, "spd": 174, "spe": 208}, "types": ["Electric", "Flying"]}, "Brute Bonnet": {"name": "Brute Bonnet", "species": "Brute Bonnet", "speciesId": "brutebonnet", "gender": "N", "shiny": false, "level": 80, "moves": ["suckerpunch", "crunch", "closecombat", "spore"], "ability": "Protosynthesis", "evs": {"hp": 85, "atk": 85, "def": 85, "spa": 85, "spd": 85, "spe": 85}, "ivs": {"hp": 31, "atk": 31, "def": 31, "spa": 31, "spd": 31, "spe": 31}, "item": "Leftovers", "teraType": "Fighting", "role": "Bulky Attacker", "bvs": {"hp": 111, "atk": 127, "def": 99, "spa": 79, "spd": 99, "spe": 55}, "stats": {"hp": 309, "atk": 249, "def": 205, "spa": 173, "spd": 205, "spe": 134}, "types": ["Grass", "Dark"]}, "Dondozo": {"name": "Dondozo", "species": "Dondozo", "speciesId": "dondozo", "gender": "F", "shiny": false, "level": 78, "moves": ["wavecrash", "rest", "curse", "sleeptalk"], "ability": "Unaware", "evs": {"hp": 85, "atk": 85, "def": 85, "spa": 85, "spd": 85, "spe": 85}, "ivs": {"hp": 31, "atk": 31, "def": 31, "spa": 31, "spd": 31, "spe": 31}, "item": "Leftovers", "teraType": "Fairy", "role": "Bulky Setup", "bvs": {"hp": 150, "atk": 100, "def": 115, "spa": 65, "spd": 65, "spe": 35}, "stats": {"hp": 362, "atk": 201, "def": 224, "spa": 146, "spd": 146, "spe": 100}, "types": ["Water"]}, "Whimsicott": {"name": "Whimsicott", "species": "Whimsicott", "speciesId": "whimsicott", "gender": "F", "shiny": false, "level": 84, "moves": ["moonblast", "uturn", "stunspore", "gigadrain"], "ability": "Prankster", "evs": {"hp": 85, "atk": 85, "def": 85, "spa": 85, "spd": 85, "spe": 85}, "ivs": {"hp": 31, "atk": 31, "def": 31, "spa": 31, "spd": 31, "spe": 31}, "item": "Heavy-Duty Boots", "teraType": "Steel", "role": "Fast Support", "bvs": {"hp": 60, "atk": 67, "def": 85, "spa": 77, "spd": 75, "spe": 116}, "stats": {"hp": 238, "atk": 161, "def": 191, "spa": 178, "spd": 174, "spe": 243}, "types": ["Grass", "Fairy"]}, "Perrserker": {"name": "Perrserker", "species": "Perrserker", "speciesId": "perrserker", "gender": "F", "shiny": false, "level": 89, "moves": ["ironhead", "closecombat", "knockoff", "stealthrock"], "ability": "Tough Claws", "evs": {"hp": 85, "atk": 85, "def": 85, "spa": 85, "spd": 85, "spe": 85}, "ivs": {"hp": 31, "atk": 31, "def": 31, "spa": 31, "spd": 31, "spe": 31}, "item": "Life Orb", "teraType": "Fighting", "role": "Fast Attacker", "bvs": {"hp": 70, "atk": 110, "def": 100, "spa": 50, "spd": 60, "spe": 50}, "stats": {"hp": 269, "atk": 247, "def": 229, "spa": 140, "spd": 158, "spe": 140}, "types": ["Steel"]}, "Greedent": {"name": "Greedent", "species": "Greedent", "speciesId": "greedent", "gender": "F", "shiny": false, "level": 86, "moves": ["swordsdance", "earthquake", "doubleedge", "knockoff"], "ability": "Cheek Pouch", "evs": {"hp": 85, "atk": 85, "def": 85, "spa": 85, "spd": 85, "spe": 85}, "ivs": {"hp": 31, "atk": 31, "def": 31, "spa": 31, "spd": 31, "spe": 31}, "item": "Sitrus Berry", "teraType": "Ghost", "role": "Bulky Setup", "bvs": {"hp": 120, "atk": 95, "def": 95, "spa": 55, "spd": 75, "spe": 20}, "stats": {"hp": 347, "atk": 213, "def": 213, "spa": 144, "spd": 178, "spe": 84}, "types": ["Normal"]}}]}