{"id": "gen9randombattle-2642077899", "format": "[Gen 9] Random Battle", "players": ["dubbleclick", "notmetbh102"], "log": "|j|\u2606dubbleclick\n|j|\u2606notmetbh102\n|t:|1782885053\n|gametype|singles\n|player|p1|dubbleclick|1|2015\n|player|p2|notmetbh102|265|2219\n|gen|9\n|tier|[Gen 9] Random Battle\n|rated|\n|rule|Species Clause: Limit one of each Pok\u00e9mon\n|rule|HP Percentage Mod: HP is shown in percentages\n|rule|Sleep Clause Mod: Limit one foe put to sleep\n|rule|Illusion Level Mod: Illusion disguises the Pok\u00e9mon's true level\n|\n|t:|1782885053\n|teamsize|p1|6\n|teamsize|p2|6\n|start\n|switch|p1a: Heatran|Heatran, L79, F|273/273\n|switch|p2a: Mew|Mew, L82|298/298\n|-item|p1a: Heatran|Air Balloon\n|turn|1\n|inactive|Battle timer is ON: inactive players will automatically lose when time's up. (requested by notmetbh102)\n|inactive|dubbleclick also wants the timer to be on.\n|c|\u2606notmetbh102|hf\n|\n|t:|1782885066\n|move|p2a: Mew|Stealth Rock|p1a: Heatran\n|-sidestart|p1: dubbleclick|move: Stealth Rock\n|move|p1a: Heatran|Stealth Rock|p2a: Mew\n|-sidestart|p2: notmetbh102|move: Stealth Rock\n|\n|upkeep\n|turn|2\n|\n|t:|1782885068\n|move|p2a: Mew|Encore|p1a: Heatran\n|-start|p1a: Heatran|Encore\n|move|p1a: Heatran|Stealth Rock||[still]\n|-fail|p1a: Heatran\n|\n|upkeep\n|turn|3\n|\n|t:|1782885072\n|switch|p2a: Forretress|Forretress, L84, F|263/263\n|-damage|p2a: Forretress|231/263|[from] Stealth Rock\n|switch|p1a: Eelektross|Eelektross, L87, F|290/290\n|-damage|p1a: Eelektross|254/290|[from] Stealth Rock\n|\n|-heal|p2a: Forretress|247/263|[from] item: Leftovers\n|upkeep\n|turn|4\n|\n|t:|1782885074\n|move|p1a: Eelektross|Discharge|p2a: Forretress\n|-damage|p2a: Forretress|129/263\n|move|p2a: Forretress|Rapid Spin|p1a: Eelektross\n|-damage|p1a: Eelektross|218/290\n|-boost|p2a: Forretress|spe|1\n|-sideend|p2: notmetbh102|Stealth Rock|[from] move: Rapid Spin|[of] p2a: Forretress\n|\n|-heal|p2a: Forretress|145/263|[from] item: Leftovers\n|upkeep\n|turn|5\n|\n|t:|1782885076\n|switch|p2a: Slaking|Slaking, L84, M|389/389\n|move|p1a: Eelektross|Discharge|p2a: Slaking\n|-damage|p2a: Slaking|263/389\n|-status|p2a: Slaking|par\n|\n|upkeep\n|turn|6\n|\n|t:|1782885079\n|move|p1a: Eelektross|U-turn|p2a: Slaking\n|-damage|p2a: Slaking|211/389 par\n|\n|t:|1782885081\n|switch|p1a: Heatran|Heatran, L79, F|273/273|[from] U-turn\n|-damage|p1a: Heatran|239/273|[from] Stealth Rock\n|-item|p1a: Heatran|Air Balloon\n|move|p2a: Slaking|Knock Off|p1a: Heatran\n|-damage|p1a: Heatran|90/273\n|-enditem|p1a: Heatran|Air Balloon\n|\n|upkeep\n|turn|7\n|\n|t:|1782885082\n|switch|p2a: Luxray|Luxray, L88, M|284/284\n|-ability|p2a: Luxray|Intimidate|boost\n|-unboost|p1a: Heatran|atk|1\n|move|p1a: Heatran|Stealth Rock|p2a: Luxray\n|-sidestart|p2: notmetbh102|move: Stealth Rock\n|\n|upkeep\n|turn|8\n|\n|t:|1782885086\n|switch|p1a: Eelektross|Eelektross, L87, F|218/290\n|-damage|p1a: Eelektross|182/290|[from] Stealth Rock\n|move|p2a: Luxray|Wild Charge|p1a: Eelektross\n|-resisted|p1a: Eelektross\n|-damage|p1a: Eelektross|119/290\n|-damage|p2a: Luxray|268/284|[from] Recoil\n|\n|upkeep\n|turn|9\n|\n|t:|1782885088\n|move|p2a: Luxray|Play Rough|p1a: Eelektross\n|-damage|p1a: Eelektross|39/290\n|move|p1a: Eelektross|Giga Drain|p2a: Luxray\n|-damage|p2a: Luxray|228/284\n|-heal|p1a: Eelektross|59/290|[from] drain|[of] p2a: Luxray\n|\n|upkeep\n|turn|10\n|\n|t:|1782885091\n|move|p2a: Luxray|Ice Fang|p1a: Eelektross\n|-crit|p1a: Eelektross\n|-damage|p1a: Eelektross|0 fnt\n|faint|p1a: Eelektross\n|\n|upkeep\n|\n|t:|1782885102\n|switch|p1a: Bellibolt|Bellibolt, L84, F|320/320\n|-damage|p1a: Bellibolt|280/320|[from] Stealth Rock\n|turn|11\n|\n|t:|1782885104\n|move|p2a: Luxray|Ice Fang|p1a: Bellibolt\n|-damage|p1a: Bellibolt|217/320\n|-start|p1a: Bellibolt|Charge|Ice Fang|[from] ability: Electromorphosis\n|move|p1a: Bellibolt|Muddy Water|p2a: Luxray\n|-damage|p2a: Luxray|178/284\n|-unboost|p2a: Luxray|accuracy|1\n|\n|-heal|p1a: Bellibolt|237/320|[from] item: Leftovers\n|upkeep\n|turn|12\n|\n|t:|1782885106\n|move|p2a: Luxray|Ice Fang|p1a: Bellibolt|[miss]\n|-miss|p2a: Luxray|p1a: Bellibolt\n|move|p1a: Bellibolt|Muddy Water|p2a: Luxray\n|-damage|p2a: Luxray|132/284\n|\n|-heal|p1a: Bellibolt|257/320|[from] item: Leftovers\n|upkeep\n|turn|13\n|\n|t:|1782885107\n|move|p2a: Luxray|Ice Fang|p1a: Bellibolt\n|-damage|p1a: Bellibolt|195/320\n|-start|p1a: Bellibolt|Charge|Ice Fang|[from] ability: Electromorphosis\n|move|p1a: Bellibolt|Muddy Water|p2a: Luxray\n|-damage|p2a: Luxray|89/284\n|\n|-heal|p1a: Bellibolt|215/320|[from] item: Leftovers\n|upkeep\n|turn|14\n|\n|t:|1782885109\n|move|p2a: Luxray|Ice Fang|p1a: Bellibolt\n|-damage|p1a: Bellibolt|160/320\n|-start|p1a: Bellibolt|Charge|Ice Fang|[from] ability: Electromorphosis\n|move|p1a: Bellibolt|Muddy Water|p2a: Luxray\n|-damage|p2a: Luxray|46/284\n|\n|-heal|p1a: Bellibolt|180/320|[from] item: Leftovers\n|upkeep\n|turn|15\n|\n|t:|1782885111\n|move|p2a: Luxray|Ice Fang|p1a: Bellibolt\n|-damage|p1a: Bellibolt|119/320\n|-start|p1a: Bellibolt|Charge|Ice Fang|[from] ability: Electromorphosis\n|move|p1a: Bellibolt|Slack Off|p1a: Bellibolt\n|-heal|p1a: Bellibolt|279/320\n|\n|-heal|p1a: Bellibolt|299/320|[from] item: Leftovers\n|upkeep\n|turn|16\n|\n|t:|1782885112\n|move|p2a: Luxray|Ice Fang|p1a: Bellibolt\n|-crit|p1a: Bellibolt\n|-damage|p1a: Bellibolt|210/320\n|-start|p1a: Bellibolt|Charge|Ice Fang|[from] ability: Electromorphosis\n|move|p1a: Bellibolt|Muddy Water|p2a: Luxray\n|-damage|p2a: Luxray|3/284\n|\n|-heal|p1a: Bellibolt|230/320|[from] item: Leftovers\n|upkeep\n|turn|17\n|\n|t:|1782885115\n|move|p2a: Luxray|Play Rough|p1a: Bellibolt\n|-damage|p1a: Bellibolt|156/320\n|-unboost|p1a: Bellibolt|atk|1\n|-start|p1a: Bellibolt|Charge|Play Rough|[from] ability: Electromorphosis\n|move|p1a: Bellibolt|Slack Off|p1a: Bellibolt\n|-heal|p1a: Bellibolt|316/320\n|\n|-heal|p1a: Bellibolt|320/320|[from] item: Leftovers\n|upkeep\n|turn|18\n|\n|t:|1782885116\n|move|p2a: Luxray|Play Rough|p1a: Bellibolt|[miss]\n|-miss|p2a: Luxray|p1a: Bellibolt\n|move|p1a: Bellibolt|Muddy Water|p2a: Luxray|[miss]\n|-miss|p1a: Bellibolt|p2a: Luxray\n|\n|upkeep\n|turn|19\n|\n|t:|1782885118\n|move|p2a: Luxray|Ice Fang|p1a: Bellibolt\n|-damage|p1a: Bellibolt|259/320\n|-start|p1a: Bellibolt|Charge|Ice Fang|[from] ability: Electromorphosis\n|move|p1a: Bellibolt|Muddy Water|p2a: Luxray\n|-damage|p2a: Luxray|0 fnt\n|faint|p2a: Luxray\n|\n|-heal|p1a: Bellibolt|279/320|[from] item: Leftovers\n|upkeep\n|\n|t:|1782885118\n|switch|p2a: Smeargle|Smeargle, L95, M|258/258\n|-damage|p2a: Smeargle|226/258|[from] Stealth Rock\n|turn|20\n|\n|t:|1782885121\n|move|p2a: Smeargle|Spore|p1a: Bellibolt\n|-status|p1a: Bellibolt|slp|[from] move: Spore\n|cant|p1a: Bellibolt|slp\n|-end|p1a: Bellibolt|Charge|[silent]\n|\n|-heal|p1a: Bellibolt|299/320 slp|[from] item: Leftovers\n|upkeep\n|turn|21\n|\n|t:|1782885131\n|move|p2a: Smeargle|Sticky Web|p1a: Bellibolt\n|-sidestart|p1: dubbleclick|move: Sticky Web\n|cant|p1a: Bellibolt|slp\n|\n|-heal|p1a: Bellibolt|319/320 slp|[from] item: Leftovers\n|upkeep\n|turn|22\n|\n|t:|1782885133\n|move|p2a: Smeargle|Ceaseless Edge|p1a: Bellibolt|[miss]\n|-miss|p2a: Smeargle|p1a: Bellibolt\n|-curestatus|p1a: Bellibolt|slp|[msg]\n|move|p1a: Bellibolt|Thunderbolt|p2a: Smeargle\n|-damage|p2a: Smeargle|96/258\n|\n|-heal|p1a: Bellibolt|320/320|[from] item: Leftovers\n|upkeep\n|turn|23\n|\n|t:|1782885142\n|move|p2a: Smeargle|Spore|p1a: Bellibolt\n|-status|p1a: Bellibolt|slp|[from] move: Spore\n|cant|p1a: Bellibolt|slp\n|\n|upkeep\n|turn|24\n|\n|t:|1782885143\n|cant|p1a: Bellibolt|slp\n|move|p2a: Smeargle|Whirlwind|p1a: Bellibolt\n|drag|p1a: Scream Tail|Scream Tail, L84|330/330\n|-damage|p1a: Scream Tail|289/330|[from] Stealth Rock\n|-activate|p1a: Scream Tail|move: Sticky Web\n|-unboost|p1a: Scream Tail|spe|1\n|\n|-heal|p1a: Scream Tail|309/330|[from] item: Leftovers\n|upkeep\n|turn|25\n|\n|t:|1782885147\n|move|p2a: Smeargle|Ceaseless Edge|p1a: Scream Tail\n|-damage|p1a: Scream Tail|286/330\n|-sidestart|p1: dubbleclick|Spikes\n|move|p1a: Scream Tail|Encore|p2a: Smeargle\n|-start|p2a: Smeargle|Encore\n|\n|-heal|p1a: Scream Tail|306/330|[from] item: Leftovers\n|upkeep\n|turn|26\n|\n|t:|1782885149\n|move|p2a: Smeargle|Ceaseless Edge|p1a: Scream Tail\n|-damage|p1a: Scream Tail|286/330\n|-sidestart|p1: dubbleclick|Spikes\n|move|p1a: Scream Tail|Wish|p1a: Scream Tail\n|\n|-heal|p1a: Scream Tail|306/330|[from] item: Leftovers\n|upkeep\n|turn|27\n|\n|t:|1782885151\n|switch|p2a: Slaking|Slaking, L84, M|211/389 par\n|-damage|p2a: Slaking|163/389 par|[from] Stealth Rock\n|-end|p1a: Scream Tail|Protosynthesis|[silent]\n|switch|p1a: Heatran|Heatran, L79, F|90/273\n|-damage|p1a: Heatran|56/273|[from] Stealth Rock\n|-activate|p1a: Heatran|move: Sticky Web\n|-unboost|p1a: Heatran|spe|1\n|-damage|p1a: Heatran|11/273|[from] Spikes\n|\n|-heal|p1a: Heatran|176/273|[from] move: Wish|[wisher] Scream Tail\n|upkeep\n|turn|28\n|\n|t:|1782885156\n|switch|p1a: Scream Tail|Scream Tail, L84|306/330\n|-damage|p1a: Scream Tail|265/330|[from] Stealth Rock\n|-activate|p1a: Scream Tail|move: Sticky Web\n|-unboost|p1a: Scream Tail|spe|1\n|-damage|p1a: Scream Tail|210/330|[from] Spikes\n|move|p2a: Slaking|Giga Impact|p1a: Scream Tail\n|-damage|p1a: Scream Tail|0 fnt\n|-mustrecharge|p2a: Slaking\n|faint|p1a: Scream Tail\n|-end|p1a: Scream Tail|Protosynthesis|[silent]\n|\n|upkeep\n|\n|t:|1782885161\n|switch|p1a: Bellibolt|Bellibolt, L84, F|320/320 slp\n|-damage|p1a: Bellibolt|280/320 slp|[from] Stealth Rock\n|-activate|p1a: Bellibolt|move: Sticky Web\n|-unboost|p1a: Bellibolt|spe|1\n|-damage|p1a: Bellibolt|227/320 slp|[from] Spikes\n|turn|29\n|\n|t:|1782885163\n|cant|p2a: Slaking|recharge\n|cant|p1a: Bellibolt|slp\n|\n|-heal|p1a: Bellibolt|247/320 slp|[from] item: Leftovers\n|upkeep\n|turn|30\n|\n|t:|1782885167\n|switch|p1a: Heatran|Heatran, L79, F|176/273\n|-damage|p1a: Heatran|142/273|[from] Stealth Rock\n|-activate|p1a: Heatran|move: Sticky Web\n|-unboost|p1a: Heatran|spe|1\n|-damage|p1a: Heatran|97/273|[from] Spikes\n|cant|p2a: Slaking|par\n|\n|upkeep\n|turn|31\n|\n|t:|1782885169\n|move|p1a: Heatran|Lava Plume|p2a: Slaking\n|-damage|p2a: Slaking|54/389 par\n|cant|p2a: Slaking|ability: Truant\n|\n|upkeep\n|turn|32\n|\n|t:|1782885171\n|move|p1a: Heatran|Lava Plume|p2a: Slaking\n|-damage|p2a: Slaking|0 fnt\n|faint|p2a: Slaking\n|\n|upkeep\n|\n|t:|1782885172\n|switch|p2a: Mew|Mew, L82|298/298\n|-damage|p2a: Mew|261/298|[from] Stealth Rock\n|turn|33\n|\n|t:|1782885174\n|move|p2a: Mew|Toxic Spikes|p1a: Heatran\n|-sidestart|p1: dubbleclick|move: Toxic Spikes\n|move|p1a: Heatran|Lava Plume|p2a: Mew\n|-damage|p2a: Mew|168/298\n|-status|p2a: Mew|brn\n|-activate|p2a: Mew|ability: Synchronize\n|-immune|p1a: Heatran\n|\n|-heal|p2a: Mew|186/298 brn|[from] item: Leftovers\n|-damage|p2a: Mew|168/298 brn|[from] brn\n|upkeep\n|turn|34\n|\n|t:|1782885177\n|move|p2a: Mew|Toxic Spikes|p1a: Heatran\n|-sidestart|p1: dubbleclick|move: Toxic Spikes\n|move|p1a: Heatran|Stealth Rock||[still]\n|-fail|p1a: Heatran\n|\n|-heal|p2a: Mew|186/298 brn|[from] item: Leftovers\n|-damage|p2a: Mew|168/298 brn|[from] brn\n|upkeep\n|turn|35\n|\n|t:|1782885180\n|switch|p1a: Bellibolt|Bellibolt, L84, F|247/320 slp\n|-damage|p1a: Bellibolt|207/320 slp|[from] Stealth Rock\n|-activate|p1a: Bellibolt|move: Sticky Web\n|-unboost|p1a: Bellibolt|spe|1\n|-damage|p1a: Bellibolt|154/320 slp|[from] Spikes\n|move|p2a: Mew|Encore||[still]\n|-fail|p2a: Mew\n|\n|-heal|p2a: Mew|186/298 brn|[from] item: Leftovers\n|-heal|p1a: Bellibolt|174/320 slp|[from] item: Leftovers\n|-damage|p2a: Mew|168/298 brn|[from] brn\n|upkeep\n|turn|36\n|\n|t:|1782885183\n|move|p2a: Mew|Psychic Noise|p1a: Bellibolt\n|-damage|p1a: Bellibolt|95/320 slp\n|-start|p1a: Bellibolt|move: Heal Block\n|-start|p1a: Bellibolt|Charge|Psychic Noise|[from] ability: Electromorphosis\n|-curestatus|p1a: Bellibolt|slp|[msg]\n|move|p1a: Bellibolt|Thunderbolt|p2a: Mew\n|-damage|p2a: Mew|0 fnt\n|faint|p2a: Mew\n|-end|p1a: Bellibolt|Charge|[silent]\n|\n|upkeep\n|\n|t:|1782885184\n|switch|p2a: Weezing|Weezing, L88, F|258/258\n|-damage|p2a: Weezing|226/258|[from] Stealth Rock\n|turn|37\n|\n|t:|1782885188\n|move|p2a: Weezing|Sludge Bomb|p1a: Bellibolt\n|-damage|p1a: Bellibolt|4/320\n|-start|p1a: Bellibolt|Charge|Sludge Bomb|[from] ability: Electromorphosis\n|move|p1a: Bellibolt|Thunderbolt|p2a: Weezing\n|-damage|p2a: Weezing|0 fnt\n|faint|p2a: Weezing\n|-end|p1a: Bellibolt|Charge|[silent]\n|\n|-end|p1a: Bellibolt|move: Heal Block\n|upkeep\n|\n|t:|1782885189\n|switch|p2a: Forretress|Forretress, L84, F|145/263\n|-damage|p2a: Forretress|113/263|[from] Stealth Rock\n|turn|38\n|\n|t:|1782885191\n|move|p2a: Forretress|Rapid Spin|p1a: Bellibolt\n|-damage|p1a: Bellibolt|0 fnt\n|-boost|p2a: Forretress|spe|1\n|-sideend|p2: notmetbh102|Stealth Rock|[from] move: Rapid Spin|[of] p2a: Forretress\n|faint|p1a: Bellibolt\n|\n|-heal|p2a: Forretress|129/263|[from] item: Leftovers\n|upkeep\n|\n|t:|1782885193\n|switch|p1a: Heatran|Heatran, L79, F|97/273\n|-damage|p1a: Heatran|63/273|[from] Stealth Rock\n|-activate|p1a: Heatran|move: Sticky Web\n|-unboost|p1a: Heatran|spe|1\n|-damage|p1a: Heatran|18/273|[from] Spikes\n|turn|39\n|\n|t:|1782885197\n|move|p2a: Forretress|Iron Head|p1a: Heatran\n|-resisted|p1a: Heatran\n|-damage|p1a: Heatran|0 fnt\n|faint|p1a: Heatran\n|\n|-heal|p2a: Forretress|145/263|[from] item: Leftovers\n|upkeep\n|\n|t:|1782885203\n|switch|p1a: Chansey|Chansey, L85, F|564/564\n|-damage|p1a: Chansey|494/564|[from] Stealth Rock\n|-activate|p1a: Chansey|move: Sticky Web\n|-unboost|p1a: Chansey|spe|1\n|-damage|p1a: Chansey|400/564|[from] Spikes\n|-status|p1a: Chansey|tox\n|turn|40\n|c|\u2606dubbleclick|what the actual shit is this matchup\n|\n|t:|1782885212\n|-terastallize|p1a: Chansey|Poison\n|move|p2a: Forretress|Iron Head|p1a: Chansey\n|-damage|p1a: Chansey|228/564 tox\n|move|p1a: Chansey|Thunder Wave|p2a: Forretress\n|-status|p2a: Forretress|par\n|\n|-heal|p2a: Forretress|161/263 par|[from] item: Leftovers\n|-damage|p1a: Chansey|193/564 tox|[from] psn\n|upkeep\n|turn|41\n|\n|t:|1782885214\n|-curestatus|p1a: Chansey|tox|[from] ability: Natural Cure|[silent]\n|switch|p1a: Slaking|Slaking, L84, M|389/389\n|-damage|p1a: Slaking|341/389|[from] Stealth Rock\n|-activate|p1a: Slaking|move: Sticky Web\n|-unboost|p1a: Slaking|spe|1\n|-damage|p1a: Slaking|277/389|[from] Spikes\n|-status|p1a: Slaking|tox\n|switch|p2a: Smeargle|Smeargle, L95, M|96/258\n|\n|-damage|p1a: Slaking|253/389 tox|[from] psn\n|upkeep\n|turn|42\n|\n|t:|1782885220\n|-terastallize|p2a: Smeargle|Ghost\n|move|p1a: Slaking|Knock Off|p2a: Smeargle\n|-supereffective|p2a: Smeargle\n|-damage|p2a: Smeargle|0 fnt\n|-enditem|p2a: Smeargle|Focus Sash|[from] move: Knock Off|[of] p1a: Slaking\n|faint|p2a: Smeargle\n|\n|-damage|p1a: Slaking|205/389 tox|[from] psn\n|upkeep\n|\n|t:|1782885221\n|switch|p2a: Forretress|Forretress, L84, F|161/263 par\n|turn|43\n|\n|t:|1782885222\n|cant|p1a: Slaking|ability: Truant\n|move|p2a: Forretress|Rapid Spin|p1a: Slaking\n|-damage|p1a: Slaking|176/389 tox\n|-boost|p2a: Forretress|spe|1\n|\n|-heal|p2a: Forretress|177/263 par|[from] item: Leftovers\n|-damage|p1a: Slaking|104/389 tox|[from] psn\n|upkeep\n|turn|44\n|\n|t:|1782885223\n|move|p1a: Slaking|Knock Off|p2a: Forretress\n|-crit|p2a: Forretress\n|-damage|p2a: Forretress|65/263 par\n|-enditem|p2a: Forretress|Leftovers|[from] move: Knock Off|[of] p1a: Slaking\n|move|p2a: Forretress|Toxic Spikes||[still]\n|-fail|p2a: Forretress\n|\n|-damage|p1a: Slaking|8/389 tox|[from] psn\n|upkeep\n|turn|45\n|\n|t:|1782885225\n|cant|p1a: Slaking|ability: Truant\n|move|p2a: Forretress|Iron Head|p1a: Slaking\n|-crit|p1a: Slaking\n|-damage|p1a: Slaking|0 fnt\n|faint|p1a: Slaking\n|\n|upkeep\n|\n|t:|1782885226\n|switch|p1a: Chansey|Chansey, L85, F, tera:Poison|193/564\n|-damage|p1a: Chansey|123/564|[from] Stealth Rock\n|-activate|p1a: Chansey|move: Sticky Web\n|-unboost|p1a: Chansey|spe|1\n|-damage|p1a: Chansey|29/564|[from] Spikes\n|-sideend|p1: dubbleclick|move: Toxic Spikes|[of] p1a: Chansey\n|turn|46\n|\n|t:|1782885230\n|move|p1a: Chansey|Soft-Boiled|p1a: Chansey\n|-heal|p1a: Chansey|311/564\n|move|p2a: Forretress|Volt Switch|p1a: Chansey\n|-damage|p1a: Chansey|289/564\n|\n|upkeep\n|turn|47\n|\n|t:|1782885231\n|move|p1a: Chansey|Soft-Boiled|p1a: Chansey\n|-heal|p1a: Chansey|564/564\n|cant|p2a: Forretress|par\n|\n|upkeep\n|turn|48\n|\n|t:|1782885233\n|move|p1a: Chansey|Seismic Toss|p2a: Forretress\n|-damage|p2a: Forretress|0 fnt\n|faint|p2a: Forretress\n|\n|win|dubbleclick\n|raw|dubbleclick's rating: 2015 &rarr; <strong>2046</strong><br />(+31 for winning)\n|raw|notmetbh102's rating: 2219 &rarr; <strong>2188</strong><br />(-31 for losing)\n|c|\u2606notmetbh102|gg\n", "inputlog": ">version f8ac14003a5f27e1bdc8d8c59608a773c1cb96e5\n>start {\"formatid\":\"gen9randombattle\",\"seed\":\"sodium,ed98eb76ddfde089b9be29a96f0b3b78\",\"rated\":\"Rated battle\"}\n>player p1 {\"name\":\"dubbleclick\",\"avatar\":\"1\",\"rating\":2015,\"seed\":\"sodium,54553a7557984efef27f7396318b913c\"}\n>player p2 {\"name\":\"notmetbh102\",\"avatar\":\"265\",\"rating\":2219,\"seed\":\"sodium,0857fba687d44a34c33e19db2be091a7\"}\n>chat \u2606notmetbh102|hf\n>p1 move stealthrock\n>p2 move stealthrock\n>p1 move lavaplume\n>p2 move encore\n>p1 switch 6\n>p2 switch 6\n>p1 move discharge\n>p2 move rapidspin\n>p1 move discharge\n>p2 switch 3\n>p1 move uturn\n>p2 move knockoff\n>p1 switch 6\n>p1 move stealthrock\n>p2 switch 2\n>p1 switch 6\n>p2 move wildcharge\n>p1 move gigadrain\n>p2 move playrough\n>p1 move closecombat\n>p2 move icefang\n>p1 switch 3\n>p1 move muddywater\n>p2 move icefang\n>p1 move muddywater\n>p2 move icefang\n>p1 move muddywater\n>p2 move icefang\n>p1 move muddywater\n>p2 move icefang\n>p1 move slackoff\n>p2 move icefang\n>p1 move muddywater\n>p2 move icefang\n>p1 move slackoff\n>p2 move playrough\n>p1 move muddywater\n>p2 move playrough\n>p1 move muddywater\n>p2 move icefang\n>p2 switch 5\n>p1 move thunderbolt\n>p2 move spore\n>p1 move thunderbolt\n>p2 move stickyweb\n>p1 move thunderbolt\n>p2 move ceaselessedge\n>p1 move thunderbolt\n>p2 move spore\n>p1 move thunderbolt\n>p2 move whirlwind\n>p1 move encore\n>p2 move ceaselessedge\n>p1 move wish\n>p2 move ceaselessedge\n>p1 switch 6\n>p2 switch 2\n>p1 switch 6\n>p2 move gigaimpact\n>p1 switch 5\n>p1 move thunderbolt\n>p2 move recharge\n>p1 switch 6\n>p2 move gigaimpact\n>p1 move lavaplume\n>p2 move gigaimpact\n>p1 move lavaplume\n>p2 move gigaimpact\n>p2 switch 6\n>p1 move lavaplume\n>p2 move toxicspikes\n>p1 move stealthrock\n>p2 move toxicspikes\n>p1 switch 6\n>p2 move encore\n>p1 move thunderbolt\n>p2 move psychicnoise\n>p2 switch 4\n>p1 move thunderbolt\n>p2 move sludgebomb\n>p2 switch 3\n>p1 move thunderbolt\n>p2 move rapidspin\n>p1 switch 6\n>p1 move lavaplume\n>p2 move ironhead\n>p1 switch 2\n>chat \u2606dubbleclick|what the actual shit is this matchup\n>p1 move thunderwave terastallize\n>p2 move ironhead\n>p1 switch 4\n>p2 switch 2\n>p1 move knockoff\n>p2 move ceaselessedge terastallize\n>p2 switch 2\n>p1 move knockoff\n>p2 move rapidspin\n>p1 move knockoff\n>p2 move toxicspikes\n>p1 move knockoff\n>p2 move ironhead\n>p1 switch 4\n>p1 move softboiled\n>p2 move voltswitch\n>p1 move softboiled\n>p2 move voltswitch\n>p1 move seismictoss\n>p2 move rapidspin", "uploadtime": 1782885234, "views": 7, "formatid": "gen9randombattle", "rating": 2046, "private": 0, "password": null, "player_dets": [{"name": "dubbleclick", "avatar": "1", "rating": 2015, "seed": "sodium,54553a7557984efef27f7396318b913c"}, {"name": "notmetbh102", "avatar": "265", "rating": 2219, "seed": "sodium,0857fba687d44a34c33e19db2be091a7"}], "teams_full": [{"Heatran": {"name": "Heatran", "species": "Heatran", "speciesId": "heatran", "gender": "F", "shiny": false, "level": 79, "moves": ["lavaplume", "earthpower", "heavyslam", "stealthrock"], "ability": "Flash Fire", "evs": {"hp": 85, "atk": 85, "def": 85, "spa": 85, "spd": 85, "spe": 85}, "ivs": {"hp": 31, "atk": 31, "def": 31, "spa": 31, "spd": 31, "spe": 31}, "item": "Air Balloon", "teraType": "Flying", "role": "Bulky Support", "bvs": {"hp": 91, "atk": 90, "def": 106, "spa": 130, "spd": 106, "spe": 77}, "stats": {"hp": 273, "atk": 188, "def": 213, "spa": 251, "spd": 213, "spe": 167}, "types": ["Fire", "Steel"]}, "Chansey": {"name": "Chansey", "species": "Chansey", "speciesId": "chansey", "gender": "F", "shiny": false, "level": 85, "moves": ["softboiled", "seismictoss", "healbell", "thunderwave"], "ability": "Natural Cure", "evs": {"hp": 85, "atk": 0, "def": 85, "spa": 85, "spd": 85, "spe": 85}, "ivs": {"hp": 31, "atk": 0, "def": 31, "spa": 31, "spd": 31, "spe": 31}, "item": "Eviolite", "teraType": "Poison", "role": "Bulky Support", "bvs": {"hp": 250, "atk": 5, "def": 5, "spa": 35, "spd": 105, "spe": 50}, "stats": {"hp": 564, "atk": 13, "def": 57, "spa": 108, "spd": 227, "spe": 134}, "types": ["Normal"]}, "Bellibolt": {"name": "Bellibolt", "species": "Bellibolt", "speciesId": "bellibolt", "gender": "F", "shiny": false, "level": 84, "moves": ["slackoff", "muddywater", "thunderbolt", "voltswitch"], "ability": "Electromorphosis", "evs": {"hp": 85, "atk": 0, "def": 85, "spa": 85, "spd": 85, "spe": 85}, "ivs": {"hp": 31, "atk": 0, "def": 31, "spa": 31, "spd": 31, "spe": 31}, "item": "Leftovers", "teraType": "Electric", "role": "Bulky Attacker", "bvs": {"hp": 109, "atk": 64, "def": 91, "spa": 103, "spd": 83, "spe": 45}, "stats": {"hp": 320, "atk": 112, "def": 201, "spa": 221, "spd": 188, "spe": 124}, "types": ["Electric"]}, "Slaking": {"name": "Slaking", "species": "Slaking", "speciesId": "slaking", "gender": "M", "shiny": false, "level": 84, "moves": ["gigaimpact", "knockoff", "earthquake", "doubleedge"], "ability": "Truant", "evs": {"hp": 85, "atk": 85, "def": 85, "spa": 85, "spd": 85, "spe": 85}, "ivs": {"hp": 31, "atk": 31, "def": 31, "spa": 31, "spd": 31, "spe": 31}, "item": "Choice Scarf", "teraType": "Normal", "role": "Fast Attacker", "bvs": {"hp": 150, "atk": 160, "def": 100, "spa": 95, "spd": 65, "spe": 100}, "stats": {"hp": 389, "atk": 317, "def": 216, "spa": 208, "spd": 157, "spe": 216}, "types": ["Normal"]}, "Scream Tail": {"name": "Scream Tail", "species": "Scream Tail", "speciesId": "screamtail", "gender": "N", "shiny": false, "level": 84, "moves": ["protect", "playrough", "encore", "wish"], "ability": "Protosynthesis", "evs": {"hp": 85, "atk": 85, "def": 85, "spa": 85, "spd": 85, "spe": 85}, "ivs": {"hp": 31, "atk": 31, "def": 31, "spa": 31, "spd": 31, "spe": 31}, "item": "Leftovers", "teraType": "Poison", "role": "Bulky Support", "bvs": {"hp": 115, "atk": 65, "def": 99, "spa": 65, "spd": 115, "spe": 111}, "stats": {"hp": 330, "atk": 157, "def": 215, "spa": 157, "spd": 241, "spe": 235}, "types": ["Fairy", "Psychic"]}, "Eelektross": {"name": "Eelektross", "species": "Eelektross", "speciesId": "eelektross", "gender": "F", "shiny": false, "level": 87, "moves": ["closecombat", "discharge", "gigadrain", "uturn"], "ability": "Levitate", "evs": {"hp": 85, "atk": 85, "def": 85, "spa": 85, "spd": 85, "spe": 85}, "ivs": {"hp": 31, "atk": 31, "def": 31, "spa": 31, "spd": 31, "spe": 31}, "item": "Assault Vest", "teraType": "Poison", "role": "AV Pivot", "bvs": {"hp": 85, "atk": 115, "def": 80, "spa": 105, "spd": 80, "spe": 50}, "stats": {"hp": 290, "atk": 250, "def": 189, "spa": 232, "spd": 189, "spe": 137}, "types": ["Electric"]}}, {"Mew": {"name": "Mew", "species": "Mew", "speciesId": "mew", "gender": "N", "shiny": false, "level": 82, "moves": ["toxicspikes", "psychicnoise", "stealthrock", "encore"], "ability": "Synchronize", "evs": {"hp": 85, "atk": 0, "def": 85, "spa": 85, "spd": 85, "spe": 85}, "ivs": {"hp": 31, "atk": 0, "def": 31, "spa": 31, "spd": 31, "spe": 31}, "item": "Leftovers", "teraType": "Dark", "role": "Bulky Support", "bvs": {"hp": 100, "atk": 100, "def": 100, "spa": 100, "spd": 100, "spe": 100}, "stats": {"hp": 298, "atk": 169, "def": 211, "spa": 211, "spd": 211, "spe": 211}, "types": ["Psychic"]}, "Luxray": {"name": "Luxray", "species": "Luxray", "speciesId": "luxray", "gender": "M", "shiny": false, "level": 88, "moves": ["voltswitch", "playrough", "wildcharge", "icefang"], "ability": "Intimidate", "evs": {"hp": 85, "atk": 85, "def": 85, "spa": 85, "spd": 85, "spe": 85}, "ivs": {"hp": 31, "atk": 31, "def": 31, "spa": 31, "spd": 31, "spe": 31}, "item": "Assault Vest", "teraType": "Fairy", "role": "AV Pivot", "bvs": {"hp": 80, "atk": 120, "def": 79, "spa": 95, "spd": 79, "spe": 70}, "stats": {"hp": 284, "atk": 261, "def": 189, "spa": 217, "spd": 189, "spe": 173}, "types": ["Electric"]}, "Slaking": {"name": "Slaking", "species": "Slaking", "speciesId": "slaking", "gender": "M", "shiny": false, "level": 84, "moves": ["gigaimpact", "knockoff", "earthquake", "doubleedge"], "ability": "Truant", "evs": {"hp": 85, "atk": 85, "def": 85, "spa": 85, "spd": 85, "spe": 85}, "ivs": {"hp": 31, "atk": 31, "def": 31, "spa": 31, "spd": 31, "spe": 31}, "item": "Choice Band", "teraType": "Ground", "role": "Wallbreaker", "bvs": {"hp": 150, "atk": 160, "def": 100, "spa": 95, "spd": 65, "spe": 100}, "stats": {"hp": 389, "atk": 317, "def": 216, "spa": 208, "spd": 157, "spe": 216}, "types": ["Normal"]}, "Weezing": {"name": "Weezing", "species": "Weezing", "speciesId": "weezing", "gender": "F", "shiny": false, "level": 88, "moves": ["painsplit", "sludgebomb", "fireblast", "willowisp"], "ability": "Levitate", "evs": {"hp": 85, "atk": 0, "def": 85, "spa": 85, "spd": 85, "spe": 85}, "ivs": {"hp": 31, "atk": 0, "def": 31, "spa": 31, "spd": 31, "spe": 31}, "item": "Leftovers", "teraType": "Steel", "role": "Bulky Attacker", "bvs": {"hp": 65, "atk": 90, "def": 120, "spa": 85, "spd": 70, "spe": 60}, "stats": {"hp": 258, "atk": 163, "def": 261, "spa": 200, "spd": 173, "spe": 156}, "types": ["Poison"]}, "Smeargle": {"name": "Smeargle", "species": "Smeargle", "speciesId": "smeargle", "gender": "M", "shiny": false, "level": 95, "moves": ["whirlwind", "ceaselessedge", "spore", "stickyweb"], "ability": "Own Tempo", "evs": {"hp": 85, "atk": 85, "def": 85, "spa": 85, "spd": 85, "spe": 85}, "ivs": {"hp": 31, "atk": 31, "def": 31, "spa": 31, "spd": 31, "spe": 31}, "item": "Focus Sash", "teraType": "Ghost", "role": "Fast Support", "bvs": {"hp": 55, "atk": 20, "def": 35, "spa": 20, "spd": 45, "spe": 75}, "stats": {"hp": 258, "atk": 92, "def": 120, "spa": 92, "spd": 139, "spe": 196}, "types": ["Normal"]}, "Forretress": {"name": "Forretress", "species": "Forretress", "speciesId": "forretress", "gender": "F", "shiny": false, "level": 84, "moves": ["ironhead", "voltswitch", "toxicspikes", "rapidspin"], "ability": "Sturdy", "evs": {"hp": 85, "atk": 85, "def": 85, "spa": 85, "spd": 85, "spe": 85}, "ivs": {"hp": 31, "atk": 31, "def": 31, "spa": 31, "spd": 31, "spe": 31}, "item": "Leftovers", "teraType": "Water", "role": "Bulky Support", "bvs": {"hp": 75, "atk": 90, "def": 140, "spa": 60, "spd": 60, "spe": 40}, "stats": {"hp": 263, "atk": 199, "def": 283, "spa": 149, "spd": 149, "spe": 115}, "types": ["Bug", "Steel"]}}]}