{"id": "gen9randombattle-2642078822", "format": "[Gen 9] Random Battle", "players": ["joebato", "throwaway20some"], "log": "|j|\u203djoebato\n|j|\u2606throwaway20some\n|t:|1782885251\n|gametype|singles\n|player|p1|joebato|265|1981\n|player|p2|throwaway20some|101|1981\n|gen|9\n|tier|[Gen 9] Random Battle\n|rated|\n|rule|Species Clause: Limit one of each Pok\u00e9mon\n|rule|HP Percentage Mod: HP is shown in percentages\n|rule|Sleep Clause Mod: Limit one foe put to sleep\n|rule|Illusion Level Mod: Illusion disguises the Pok\u00e9mon's true level\n|\n|t:|1782885251\n|teamsize|p1|6\n|teamsize|p2|6\n|start\n|switch|p1a: Hypno|Hypno, L95, M|315/315\n|switch|p2a: Bronzong|Bronzong, L88|261/261\n|turn|1\n|inactive|Battle timer is ON: inactive players will automatically lose when time's up. (requested by joebato)\n|\n|t:|1782885281\n|switch|p1a: Drifblim|Drifblim, L86, M|396/396\n|switch|p2a: Spiritomb|Spiritomb, L89, F|234/234\n|\n|upkeep\n|turn|2\n|inactive|joebato has 120 seconds left.\n|\n|t:|1782885312\n|move|p1a: Drifblim|Strength Sap|p2a: Spiritomb\n|-unboost|p2a: Spiritomb|atk|1\n|move|p2a: Spiritomb|Poltergeist|p1a: Drifblim\n|-activate|p1a: Drifblim|move: Poltergeist|Sitrus Berry\n|-supereffective|p1a: Drifblim\n|-damage|p1a: Drifblim|138/396\n|-enditem|p1a: Drifblim|Sitrus Berry|[eat]\n|-heal|p1a: Drifblim|237/396|[from] item: Sitrus Berry\n|\n|upkeep\n|turn|3\n|\n|t:|1782885337\n|switch|p2a: Venusaur|Venusaur, L84, M|272/272\n|move|p1a: Drifblim|Strength Sap|p2a: Venusaur\n|-unboost|p2a: Venusaur|atk|1\n|-heal|p1a: Drifblim|396/396\n|\n|upkeep\n|turn|4\n|\n|t:|1782885345\n|move|p1a: Drifblim|Air Slash|p2a: Venusaur\n|-supereffective|p2a: Venusaur\n|-damage|p2a: Venusaur|128/272\n|move|p2a: Venusaur|Toxic|p1a: Drifblim\n|-status|p1a: Drifblim|tox\n|\n|-heal|p2a: Venusaur|145/272|[from] item: Leftovers\n|-damage|p1a: Drifblim|372/396 tox|[from] psn\n|upkeep\n|turn|5\n|\n|t:|1782885352\n|switch|p2a: Spiritomb|Spiritomb, L89, F|234/234\n|move|p1a: Drifblim|Air Slash|p2a: Spiritomb|[miss]\n|-miss|p1a: Drifblim|p2a: Spiritomb\n|\n|-damage|p1a: Drifblim|324/396 tox|[from] psn\n|upkeep\n|turn|6\n|\n|t:|1782885363\n|move|p1a: Drifblim|Calm Mind|p1a: Drifblim\n|-boost|p1a: Drifblim|spa|1\n|-boost|p1a: Drifblim|spd|1\n|move|p2a: Spiritomb|Foul Play|p1a: Drifblim\n|-supereffective|p1a: Drifblim\n|-damage|p1a: Drifblim|102/396 tox\n|\n|-damage|p1a: Drifblim|30/396 tox|[from] psn\n|upkeep\n|turn|7\n|\n|t:|1782885368\n|move|p2a: Spiritomb|Sucker Punch||[still]\n|-fail|p2a: Spiritomb\n|move|p1a: Drifblim|Strength Sap|p2a: Spiritomb\n|-unboost|p2a: Spiritomb|atk|1\n|-heal|p1a: Drifblim|245/396 tox\n|\n|-damage|p1a: Drifblim|149/396 tox|[from] psn\n|upkeep\n|turn|8\n|\n|t:|1782885375\n|move|p1a: Drifblim|Shadow Ball|p2a: Spiritomb\n|-damage|p2a: Spiritomb|135/234\n|move|p2a: Spiritomb|Foul Play|p1a: Drifblim\n|-supereffective|p1a: Drifblim\n|-damage|p1a: Drifblim|0 fnt\n|faint|p1a: Drifblim\n|\n|-heal|p2a: Spiritomb|149/234|[from] item: Leftovers\n|upkeep\n|\n|t:|1782885396\n|switch|p1a: Rillaboom|Rillaboom, L79, M|288/288\n|-fieldstart|move: Grassy Terrain|[from] ability: Grassy Surge|[of] p1a: Rillaboom\n|turn|9\n|\n|t:|1782885409\n|switch|p2a: Venusaur|Venusaur, L84, M|145/272\n|move|p1a: Rillaboom|Wood Hammer|p2a: Venusaur\n|-resisted|p2a: Venusaur\n|-damage|p2a: Venusaur|73/272\n|-damage|p1a: Rillaboom|264/288|[from] Recoil\n|\n|-heal|p2a: Venusaur|90/272|[from] Grassy Terrain\n|-heal|p2a: Venusaur|107/272|[from] item: Leftovers\n|-heal|p1a: Rillaboom|282/288|[from] Grassy Terrain\n|upkeep\n|turn|10\n|\n|t:|1782885417\n|switch|p1a: Hypno|Hypno, L95, M|315/315\n|move|p2a: Venusaur|Synthesis|p2a: Venusaur\n|-heal|p2a: Venusaur|243/272\n|\n|-heal|p2a: Venusaur|260/272|[from] Grassy Terrain\n|-heal|p2a: Venusaur|272/272|[from] item: Leftovers\n|upkeep\n|turn|11\n|\n|t:|1782885426\n|switch|p2a: Spiritomb|Spiritomb, L89, F|149/234\n|move|p1a: Hypno|Psychic Noise|p2a: Spiritomb\n|-immune|p2a: Spiritomb\n|\n|-heal|p2a: Spiritomb|163/234|[from] Grassy Terrain\n|-heal|p2a: Spiritomb|177/234|[from] item: Leftovers\n|upkeep\n|turn|12\n|\n|t:|1782885434\n|move|p1a: Hypno|Toxic|p2a: Spiritomb\n|-status|p2a: Spiritomb|tox\n|move|p2a: Spiritomb|Will-O-Wisp|p1a: Hypno\n|-status|p1a: Hypno|brn\n|\n|-heal|p2a: Spiritomb|191/234 tox|[from] Grassy Terrain\n|-heal|p2a: Spiritomb|205/234 tox|[from] item: Leftovers\n|-damage|p2a: Spiritomb|191/234 tox|[from] psn\n|-damage|p1a: Hypno|296/315 brn|[from] brn\n|upkeep\n|turn|13\n|\n|t:|1782885443\n|move|p1a: Hypno|Protect|p1a: Hypno\n|-singleturn|p1a: Hypno|Protect\n|move|p2a: Spiritomb|Poltergeist|p1a: Hypno\n|-activate|p1a: Hypno|move: Protect\n|\n|-heal|p1a: Hypno|315/315 brn|[from] Grassy Terrain\n|-heal|p2a: Spiritomb|205/234 tox|[from] Grassy Terrain\n|-heal|p2a: Spiritomb|219/234 tox|[from] item: Leftovers\n|-damage|p2a: Spiritomb|191/234 tox|[from] psn\n|-damage|p1a: Hypno|296/315 brn|[from] brn\n|-fieldend|move: Grassy Terrain\n|upkeep\n|turn|14\n|\n|t:|1782885463\n|switch|p1a: Cramorant|Cramorant, L86, M|261/261\n|move|p2a: Spiritomb|Poltergeist|p1a: Cramorant|[miss]\n|-miss|p2a: Spiritomb|p1a: Cramorant\n|\n|-heal|p2a: Spiritomb|205/234 tox|[from] item: Leftovers\n|-damage|p2a: Spiritomb|163/234 tox|[from] psn\n|upkeep\n|turn|15\n|\n|t:|1782885480\n|move|p1a: Cramorant|Surf|p2a: Spiritomb\n|-formechange|p1a: Cramorant|Cramorant-Gulping|\n|-damage|p2a: Spiritomb|91/234 tox\n|move|p2a: Spiritomb|Poltergeist|p1a: Cramorant\n|-activate|p1a: Cramorant|move: Poltergeist|Heavy-Duty Boots\n|-damage|p1a: Cramorant|99/261\n|-damage|p2a: Spiritomb|33/234 tox|[from] ability: Gulp Missile|[of] p1a: Cramorant\n|-unboost|p2a: Spiritomb|def|1\n|-formechange|p1a: Cramorant|Cramorant|\n|\n|-heal|p2a: Spiritomb|47/234 tox|[from] item: Leftovers\n|-damage|p2a: Spiritomb|0 fnt|[from] psn\n|faint|p2a: Spiritomb\n|upkeep\n|\n|t:|1782885491\n|switch|p2a: Eternatus|Eternatus, L69|308/308\n|-ability|p2a: Eternatus|Pressure\n|turn|16\n|\n|t:|1782885500\n|move|p2a: Eternatus|Dynamax Cannon|p1a: Cramorant\n|-damage|p1a: Cramorant|9/261\n|move|p1a: Cramorant|Brave Bird|p2a: Eternatus\n|-damage|p2a: Eternatus|163/308\n|-damage|p1a: Cramorant|0 fnt|[from] Recoil\n|faint|p1a: Cramorant\n|\n|-heal|p2a: Eternatus|182/308|[from] item: Leftovers\n|upkeep\n|\n|t:|1782885506\n|switch|p1a: Hypno|Hypno, L95, M|296/315 brn\n|turn|17\n|\n|t:|1782885512\n|switch|p2a: Bronzong|Bronzong, L88|261/261\n|move|p1a: Hypno|Psychic Noise|p2a: Bronzong\n|-resisted|p2a: Bronzong\n|-damage|p2a: Bronzong|244/261\n|-start|p2a: Bronzong|move: Heal Block\n|\n|-heal|p1a: Hypno|315/315 brn|[from] item: Leftovers\n|-damage|p1a: Hypno|296/315 brn|[from] brn\n|upkeep\n|turn|18\n|\n|t:|1782885525\n|switch|p1a: Rillaboom|Rillaboom, L79, M|282/288\n|-fieldstart|move: Grassy Terrain|[from] ability: Grassy Surge|[of] p1a: Rillaboom\n|move|p2a: Bronzong|Stealth Rock|p1a: Rillaboom\n|-sidestart|p1: joebato|move: Stealth Rock\n|\n|-heal|p1a: Rillaboom|288/288|[from] Grassy Terrain\n|-end|p2a: Bronzong|move: Heal Block\n|upkeep\n|turn|19\n|inactive|throwaway20some has 120 seconds left.\n|\n|t:|1782885560\n|move|p1a: Rillaboom|U-turn|p2a: Bronzong\n|-damage|p2a: Bronzong|183/261\n|\n|t:|1782885564\n|switch|p1a: Emboar|Emboar, L84, M|322/322|[from] U-turn\n|-damage|p1a: Emboar|282/322|[from] Stealth Rock\n|move|p2a: Bronzong|Hypnosis|p1a: Emboar|[miss]\n|-miss|p2a: Bronzong|p1a: Emboar\n|\n|-heal|p1a: Emboar|302/322|[from] Grassy Terrain\n|-heal|p2a: Bronzong|199/261|[from] item: Leftovers\n|upkeep\n|turn|20\n|\n|t:|1782885581\n|switch|p2a: Eternatus|Eternatus, L69|182/308\n|-ability|p2a: Eternatus|Pressure\n|move|p1a: Emboar|Knock Off|p2a: Eternatus\n|-damage|p2a: Eternatus|84/308\n|-enditem|p2a: Eternatus|Leftovers|[from] move: Knock Off|[of] p1a: Emboar\n|\n|-heal|p2a: Eternatus|103/308|[from] Grassy Terrain\n|-heal|p1a: Emboar|322/322|[from] Grassy Terrain\n|upkeep\n|turn|21\n|\n|t:|1782885592\n|switch|p1a: Hypno|Hypno, L95, M|296/315 brn\n|-damage|p1a: Hypno|257/315 brn|[from] Stealth Rock\n|move|p2a: Eternatus|Recover|p2a: Eternatus\n|-heal|p2a: Eternatus|257/308\n|\n|-heal|p2a: Eternatus|276/308|[from] Grassy Terrain\n|-heal|p1a: Hypno|276/315 brn|[from] Grassy Terrain\n|-heal|p1a: Hypno|295/315 brn|[from] item: Leftovers\n|-damage|p1a: Hypno|276/315 brn|[from] brn\n|upkeep\n|turn|22\n|\n|t:|1782885598\n|switch|p2a: Bronzong|Bronzong, L88|199/261\n|move|p1a: Hypno|Psychic Noise|p2a: Bronzong\n|-resisted|p2a: Bronzong\n|-damage|p2a: Bronzong|183/261\n|-start|p2a: Bronzong|move: Heal Block\n|\n|-heal|p1a: Hypno|295/315 brn|[from] Grassy Terrain\n|-heal|p1a: Hypno|314/315 brn|[from] item: Leftovers\n|-damage|p1a: Hypno|295/315 brn|[from] brn\n|-fieldend|move: Grassy Terrain\n|upkeep\n|turn|23\n|\n|t:|1782885613\n|switch|p1a: Emboar|Emboar, L84, M|322/322\n|-damage|p1a: Emboar|282/322|[from] Stealth Rock\n|move|p2a: Bronzong|Hypnosis|p1a: Emboar|[miss]\n|-miss|p2a: Bronzong|p1a: Emboar\n|\n|-end|p2a: Bronzong|move: Heal Block\n|upkeep\n|turn|24\n|\n|t:|1782885629\n|move|p1a: Emboar|Scald|p2a: Bronzong\n|-damage|p2a: Bronzong|135/261\n|-status|p2a: Bronzong|brn\n|move|p2a: Bronzong|Hypnosis|p1a: Emboar\n|-status|p1a: Emboar|slp|[from] move: Hypnosis\n|\n|-heal|p2a: Bronzong|151/261 brn|[from] item: Leftovers\n|-damage|p2a: Bronzong|135/261 brn|[from] brn\n|upkeep\n|turn|25\n|\n|t:|1782885651\n|cant|p1a: Emboar|slp\n|move|p2a: Bronzong|Psychic|p1a: Emboar\n|-supereffective|p1a: Emboar\n|-damage|p1a: Emboar|124/322 slp\n|\n|-heal|p2a: Bronzong|151/261 brn|[from] item: Leftovers\n|-damage|p2a: Bronzong|135/261 brn|[from] brn\n|upkeep\n|turn|26\n|\n|t:|1782885662\n|switch|p1a: Hypno|Hypno, L95, M|295/315 brn\n|-damage|p1a: Hypno|256/315 brn|[from] Stealth Rock\n|move|p2a: Bronzong|Psychic|p1a: Hypno\n|-resisted|p1a: Hypno\n|-damage|p1a: Hypno|223/315 brn\n|\n|-heal|p1a: Hypno|242/315 brn|[from] item: Leftovers\n|-heal|p2a: Bronzong|151/261 brn|[from] item: Leftovers\n|-damage|p1a: Hypno|223/315 brn|[from] brn\n|-damage|p2a: Bronzong|135/261 brn|[from] brn\n|upkeep\n|turn|27\n|\n|t:|1782885667\n|move|p1a: Hypno|Psychic Noise|p2a: Bronzong\n|-resisted|p2a: Bronzong\n|-damage|p2a: Bronzong|120/261 brn\n|-start|p2a: Bronzong|move: Heal Block\n|move|p2a: Bronzong|Iron Head|p1a: Hypno\n|-damage|p1a: Hypno|173/315 brn\n|\n|-heal|p1a: Hypno|192/315 brn|[from] item: Leftovers\n|-damage|p1a: Hypno|173/315 brn|[from] brn\n|-damage|p2a: Bronzong|104/261 brn|[from] brn\n|upkeep\n|turn|28\n|\n|t:|1782885675\n|move|p1a: Hypno|Focus Blast|p2a: Bronzong|[miss]\n|-miss|p1a: Hypno|p2a: Bronzong\n|move|p2a: Bronzong|Iron Head|p1a: Hypno\n|-damage|p1a: Hypno|125/315 brn\n|\n|-heal|p1a: Hypno|144/315 brn|[from] item: Leftovers\n|-damage|p1a: Hypno|125/315 brn|[from] brn\n|-damage|p2a: Bronzong|88/261 brn|[from] brn\n|-end|p2a: Bronzong|move: Heal Block\n|upkeep\n|turn|29\n|\n|t:|1782885681\n|move|p1a: Hypno|Psychic Noise|p2a: Bronzong\n|-resisted|p2a: Bronzong\n|-crit|p2a: Bronzong\n|-damage|p2a: Bronzong|66/261 brn\n|-start|p2a: Bronzong|move: Heal Block\n|move|p2a: Bronzong|Iron Head|p1a: Hypno\n|-damage|p1a: Hypno|79/315 brn\n|\n|-heal|p1a: Hypno|98/315 brn|[from] item: Leftovers\n|-damage|p1a: Hypno|79/315 brn|[from] brn\n|-damage|p2a: Bronzong|50/261 brn|[from] brn\n|upkeep\n|turn|30\n|\n|t:|1782885685\n|move|p1a: Hypno|Focus Blast|p2a: Bronzong|[miss]\n|-miss|p1a: Hypno|p2a: Bronzong\n|move|p2a: Bronzong|Iron Head|p1a: Hypno\n|-damage|p1a: Hypno|34/315 brn\n|\n|-heal|p1a: Hypno|53/315 brn|[from] item: Leftovers\n|-damage|p1a: Hypno|34/315 brn|[from] brn\n|-damage|p2a: Bronzong|34/261 brn|[from] brn\n|-end|p2a: Bronzong|move: Heal Block\n|upkeep\n|turn|31\n|\n|t:|1782885688\n|move|p1a: Hypno|Focus Blast|p2a: Bronzong|[miss]\n|-miss|p1a: Hypno|p2a: Bronzong\n|move|p2a: Bronzong|Iron Head|p1a: Hypno\n|-damage|p1a: Hypno|0 fnt\n|faint|p1a: Hypno\n|\n|-heal|p2a: Bronzong|50/261 brn|[from] item: Leftovers\n|-damage|p2a: Bronzong|34/261 brn|[from] brn\n|upkeep\n|\n|t:|1782885698\n|switch|p1a: Quaquaval|Quaquaval, L79, F|264/264\n|-damage|p1a: Quaquaval|248/264|[from] Stealth Rock\n|turn|32\n|\n|t:|1782885703\n|switch|p2a: Eternatus|Eternatus, L69|276/308\n|-ability|p2a: Eternatus|Pressure\n|move|p1a: Quaquaval|Aqua Step|p2a: Eternatus\n|-resisted|p2a: Eternatus\n|-damage|p2a: Eternatus|197/308\n|-boost|p1a: Quaquaval|spe|1\n|\n|upkeep\n|turn|33\n|\n|t:|1782885715\n|switch|p1a: Emboar|Emboar, L84, M|124/322 slp\n|-damage|p1a: Emboar|84/322 slp|[from] Stealth Rock\n|switch|p2a: Palafin|Palafin, L77, F|281/281\n|\n|upkeep\n|turn|34\n|\n|t:|1782885722\n|move|p2a: Palafin|Flip Turn|p1a: Emboar\n|-supereffective|p1a: Emboar\n|-damage|p1a: Emboar|0 fnt\n|faint|p1a: Emboar\n|\n|t:|1782885727\n|detailschange|p2a: Palafin|Palafin-Hero, L77, F\n|switch|p2a: Rabsca|Rabsca, L91, F|284/284|[from] Flip Turn\n|\n|upkeep\n|\n|t:|1782885734\n|switch|p1a: Quaquaval|Quaquaval, L79, F|248/264\n|-damage|p1a: Quaquaval|232/264|[from] Stealth Rock\n|turn|35\n|\n|t:|1782885744\n|move|p1a: Quaquaval|Knock Off|p2a: Rabsca\n|-supereffective|p2a: Rabsca\n|-damage|p2a: Rabsca|82/284\n|-enditem|p2a: Rabsca|Heavy-Duty Boots|[from] move: Knock Off|[of] p1a: Quaquaval\n|move|p2a: Rabsca|Psychic|p1a: Quaquaval\n|-supereffective|p1a: Quaquaval\n|-damage|p1a: Quaquaval|0 fnt\n|faint|p1a: Quaquaval\n|\n|upkeep\n|\n|t:|1782885750\n|switch|p1a: Rillaboom|Rillaboom, L79, M|288/288\n|-damage|p1a: Rillaboom|252/288|[from] Stealth Rock\n|-fieldstart|move: Grassy Terrain|[from] ability: Grassy Surge|[of] p1a: Rillaboom\n|turn|36\n|\n|t:|1782885763\n|switch|p2a: Bronzong|Bronzong, L88|34/261 brn\n|-terastallize|p1a: Rillaboom|Grass\n|move|p1a: Rillaboom|Wood Hammer|p2a: Bronzong\n|-resisted|p2a: Bronzong\n|-damage|p2a: Bronzong|0 fnt\n|faint|p2a: Bronzong\n|-damage|p1a: Rillaboom|241/288|[from] Recoil\n|\n|-heal|p1a: Rillaboom|259/288|[from] Grassy Terrain\n|upkeep\n|\n|t:|1782885770\n|switch|p2a: Eternatus|Eternatus, L69|197/308\n|-ability|p2a: Eternatus|Pressure\n|turn|37\n|\n|t:|1782885773\n|move|p2a: Eternatus|Recover|p2a: Eternatus\n|-heal|p2a: Eternatus|308/308\n|move|p1a: Rillaboom|Wood Hammer|p2a: Eternatus\n|-resisted|p2a: Eternatus\n|-damage|p2a: Eternatus|200/308\n|-damage|p1a: Rillaboom|223/288|[from] Recoil\n|\n|-heal|p2a: Eternatus|219/308|[from] Grassy Terrain\n|-heal|p1a: Rillaboom|241/288|[from] Grassy Terrain\n|upkeep\n|turn|38\n|\n|t:|1782885778\n|move|p2a: Eternatus|Sludge Bomb|p1a: Rillaboom\n|-supereffective|p1a: Rillaboom\n|-damage|p1a: Rillaboom|13/288\n|-status|p1a: Rillaboom|psn\n|move|p1a: Rillaboom|Wood Hammer|p2a: Eternatus\n|-resisted|p2a: Eternatus\n|-damage|p2a: Eternatus|112/308\n|-damage|p1a: Rillaboom|0 fnt|[from] Recoil\n|faint|p1a: Rillaboom\n|\n|win|throwaway20some\n|raw|joebato's rating: 1981 &rarr; <strong>1961</strong><br />(-20 for losing)\n|raw|throwaway20some's rating: 1981 &rarr; <strong>2001</strong><br />(+20 for winning)\n", "inputlog": ">version f8ac14003a5f27e1bdc8d8c59608a773c1cb96e5\n>start {\"formatid\":\"gen9randombattle\",\"seed\":\"sodium,c5c0bf673802dfc0664a3f212e260289\",\"rated\":\"Rated battle\"}\n>player p1 {\"name\":\"joebato\",\"avatar\":\"265\",\"rating\":1981,\"seed\":\"sodium,8718be5882164c250ccf74dc96402f38\"}\n>player p2 {\"name\":\"throwaway20some\",\"avatar\":\"101\",\"rating\":1981,\"seed\":\"sodium,d284f356d14e1fc300d07604a79c86d6\"}\n>p1 switch 4\n>p2 switch 2\n>p1 move strengthsap\n>p2 move poltergeist\n>p1 move strengthsap\n>p2 switch 3\n>p1 move airslash\n>p2 move toxic\n>p1 move airslash\n>p2 switch 3\n>p1 move calmmind\n>p2 move foulplay\n>p1 move strengthsap\n>p2 move suckerpunch\n>p1 move shadowball\n>p2 move foulplay\n>p1 switch 2\n>p1 move woodhammer\n>p2 switch 3\n>p1 switch 4\n>p2 move synthesis\n>p1 move psychicnoise\n>p2 switch 3\n>p1 move toxic\n>p2 move willowisp\n>p1 move protect\n>p2 move poltergeist\n>p1 switch 3\n>p2 move poltergeist\n>p1 move surf\n>p2 move poltergeist\n>p2 switch 5\n>p1 move bravebird\n>p2 move dynamaxcannon\n>p1 switch 3\n>p1 move psychicnoise\n>p2 switch 2\n>p1 switch 4\n>p2 move stealthrock\n>p1 move uturn\n>p2 move hypnosis\n>p1 switch 5\n>p1 move knockoff\n>p2 switch 2\n>p1 switch 4\n>p2 move recover\n>p1 move psychicnoise\n>p2 switch 2\n>p1 switch 4\n>p2 move hypnosis\n>p1 move scald\n>p2 move hypnosis\n>p1 move flareblitz\n>p2 move psychic\n>p1 switch 4\n>p2 move psychic\n>p1 move psychicnoise\n>p2 move ironhead\n>p1 move focusblast\n>p2 move ironhead\n>p1 move psychicnoise\n>p2 move ironhead\n>p1 move focusblast\n>p2 move ironhead\n>p1 move focusblast\n>p2 move ironhead\n>p1 switch 6\n>p1 move aquastep\n>p2 switch 2\n>p1 switch 4\n>p2 switch 6\n>p1 move knockoff\n>p2 move flipturn\n>p2 switch 4\n>p1 switch 4\n>p1 move knockoff\n>p2 move psychic\n>p1 switch 5\n>p1 move woodhammer terastallize\n>p2 switch 2\n>p2 switch 6\n>p1 move woodhammer\n>p2 move recover\n>p1 move woodhammer\n>p2 move sludgebomb", "uploadtime": 1782885778, "views": 2, "formatid": "gen9randombattle", "rating": 1961, "private": 0, "password": null, "player_dets": [{"name": "joebato", "avatar": "265", "rating": 1981, "seed": "sodium,8718be5882164c250ccf74dc96402f38"}, {"name": "throwaway20some", "avatar": "101", "rating": 1981, "seed": "sodium,d284f356d14e1fc300d07604a79c86d6"}], "teams_full": [{"Hypno": {"name": "Hypno", "species": "Hypno", "speciesId": "hypno", "gender": "M", "shiny": false, "level": 95, "moves": ["psychicnoise", "toxic", "focusblast", "protect"], "ability": "Insomnia", "evs": {"hp": 85, "atk": 0, "def": 85, "spa": 85, "spd": 85, "spe": 85}, "ivs": {"hp": 31, "atk": 0, "def": 31, "spa": 31, "spd": 31, "spe": 31}, "item": "Leftovers", "teraType": "Fighting", "role": "Bulky Attacker", "bvs": {"hp": 85, "atk": 73, "def": 70, "spa": 73, "spd": 115, "spe": 67}, "stats": {"hp": 315, "atk": 143, "def": 187, "spa": 193, "spd": 272, "spe": 181}, "types": ["Psychic"]}, "Rillaboom": {"name": "Rillaboom", "species": "Rillaboom", "speciesId": "rillaboom", "gender": "M", "shiny": false, "level": 79, "moves": ["grassyglide", "uturn", "woodhammer", "highhorsepower"], "ability": "Grassy Surge", "evs": {"hp": 85, "atk": 85, "def": 85, "spa": 85, "spd": 85, "spe": 85}, "ivs": {"hp": 31, "atk": 31, "def": 31, "spa": 31, "spd": 31, "spe": 31}, "item": "Choice Band", "teraType": "Grass", "role": "Fast Attacker", "bvs": {"hp": 100, "atk": 125, "def": 90, "spa": 60, "spd": 70, "spe": 85}, "stats": {"hp": 288, "atk": 243, "def": 188, "spa": 140, "spd": 156, "spe": 180}, "types": ["Grass"]}, "Cramorant": {"name": "Cramorant", "species": "Cramorant", "speciesId": "cramorant", "gender": "M", "shiny": false, "level": 86, "moves": ["bravebird", "defog", "roost", "surf"], "ability": "Gulp Missile", "evs": {"hp": 85, "atk": 85, "def": 85, "spa": 85, "spd": 85, "spe": 85}, "ivs": {"hp": 31, "atk": 31, "def": 31, "spa": 31, "spd": 31, "spe": 31}, "item": "Heavy-Duty Boots", "teraType": "Ground", "role": "Bulky Support", "bvs": {"hp": 70, "atk": 85, "def": 55, "spa": 85, "spd": 95, "spe": 85}, "stats": {"hp": 261, "atk": 195, "def": 144, "spa": 195, "spd": 213, "spe": 195}, "types": ["Flying", "Water"]}, "Drifblim": {"name": "Drifblim", "species": "Drifblim", "speciesId": "drifblim", "gender": "M", "shiny": false, "level": 86, "moves": ["shadowball", "calmmind", "airslash", "strengthsap"], "ability": "Unburden", "evs": {"hp": 73, "atk": 0, "def": 85, "spa": 85, "spd": 85, "spe": 85}, "ivs": {"hp": 31, "atk": 0, "def": 31, "spa": 31, "spd": 31, "spe": 31}, "item": "Sitrus Berry", "teraType": "Dark", "role": "Bulky Attacker", "bvs": {"hp": 150, "atk": 80, "def": 44, "spa": 90, "spd": 54, "spe": 80}, "stats": {"hp": 396, "atk": 142, "def": 125, "spa": 204, "spd": 142, "spe": 187}, "types": ["Ghost", "Flying"]}, "Emboar": {"name": "Emboar", "species": "Emboar", "speciesId": "emboar", "gender": "M", "shiny": false, "level": 84, "moves": ["flareblitz", "knockoff", "scald", "closecombat"], "ability": "Reckless", "evs": {"hp": 85, "atk": 85, "def": 85, "spa": 85, "spd": 85, "spe": 85}, "ivs": {"hp": 31, "atk": 31, "def": 31, "spa": 31, "spd": 31, "spe": 31}, "item": "Assault Vest", "teraType": "Dark", "role": "AV Pivot", "bvs": {"hp": 110, "atk": 123, "def": 65, "spa": 100, "spd": 65, "spe": 65}, "stats": {"hp": 322, "atk": 255, "def": 157, "spa": 216, "spd": 157, "spe": 157}, "types": ["Fire", "Fighting"]}, "Quaquaval": {"name": "Quaquaval", "species": "Quaquaval", "speciesId": "quaquaval", "gender": "F", "shiny": false, "level": 79, "moves": ["aquastep", "knockoff", "closecombat", "tripleaxel"], "ability": "Moxie", "evs": {"hp": 85, "atk": 85, "def": 85, "spa": 85, "spd": 85, "spe": 85}, "ivs": {"hp": 31, "atk": 31, "def": 31, "spa": 31, "spd": 31, "spe": 31}, "item": "Choice Band", "teraType": "Water", "role": "Wallbreaker", "bvs": {"hp": 85, "atk": 120, "def": 80, "spa": 85, "spd": 75, "spe": 85}, "stats": {"hp": 264, "atk": 235, "def": 172, "spa": 180, "spd": 164, "spe": 180}, "types": ["Water", "Fighting"]}}, {"Bronzong": {"name": "Bronzong", "species": "Bronzong", "speciesId": "bronzong", "gender": "N", "shiny": false, "level": 88, "moves": ["ironhead", "stealthrock", "psychic", "hypnosis"], "ability": "Levitate", "evs": {"hp": 85, "atk": 85, "def": 85, "spa": 85, "spd": 85, "spe": 85}, "ivs": {"hp": 31, "atk": 31, "def": 31, "spa": 31, "spd": 31, "spe": 31}, "item": "Leftovers", "teraType": "Electric", "role": "Bulky Support", "bvs": {"hp": 67, "atk": 89, "def": 116, "spa": 79, "spd": 116, "spe": 33}, "stats": {"hp": 261, "atk": 207, "def": 254, "spa": 189, "spd": 254, "spe": 108}, "types": ["Steel", "Psychic"]}, "Spiritomb": {"name": "Spiritomb", "species": "Spiritomb", "speciesId": "spiritomb", "gender": "F", "shiny": false, "level": 89, "moves": ["suckerpunch", "foulplay", "willowisp", "poltergeist"], "ability": "Infiltrator", "evs": {"hp": 85, "atk": 85, "def": 85, "spa": 85, "spd": 85, "spe": 85}, "ivs": {"hp": 31, "atk": 31, "def": 31, "spa": 31, "spd": 31, "spe": 31}, "item": "Leftovers", "teraType": "Ghost", "role": "Bulky Support", "bvs": {"hp": 50, "atk": 92, "def": 108, "spa": 92, "spd": 108, "spe": 35}, "stats": {"hp": 234, "atk": 215, "def": 243, "spa": 215, "spd": 243, "spe": 113}, "types": ["Ghost", "Dark"]}, "Venusaur": {"name": "Venusaur", "species": "Venusaur", "speciesId": "venusaur", "gender": "M", "shiny": false, "level": 84, "moves": ["synthesis", "sludgebomb", "knockoff", "toxic"], "ability": "Chlorophyll", "evs": {"hp": 85, "atk": 85, "def": 85, "spa": 85, "spd": 85, "spe": 85}, "ivs": {"hp": 31, "atk": 31, "def": 31, "spa": 31, "spd": 31, "spe": 31}, "item": "Leftovers", "teraType": "Dark", "role": "Bulky Attacker", "bvs": {"hp": 80, "atk": 82, "def": 83, "spa": 100, "spd": 100, "spe": 80}, "stats": {"hp": 272, "atk": 186, "def": 188, "spa": 216, "spd": 216, "spe": 183}, "types": ["Grass", "Poison"]}, "Rabsca": {"name": "Rabsca", "species": "Rabsca", "speciesId": "rabsca", "gender": "F", "shiny": false, "level": 91, "moves": ["trickroom", "bugbuzz", "psychic", "revivalblessing"], "ability": "Synchronize", "evs": {"hp": 85, "atk": 0, "def": 85, "spa": 85, "spd": 85, "spe": 0}, "ivs": {"hp": 31, "atk": 0, "def": 31, "spa": 31, "spd": 31, "spe": 0}, "item": "Heavy-Duty Boots", "teraType": "Steel", "role": "Wallbreaker", "bvs": {"hp": 75, "atk": 50, "def": 85, "spa": 115, "spd": 100, "spe": 45}, "stats": {"hp": 284, "atk": 96, "def": 207, "spa": 261, "spd": 234, "spe": 86}, "types": ["Bug", "Psychic"]}, "Eternatus": {"name": "Eternatus", "species": "Eternatus", "speciesId": "eternatus", "gender": "N", "shiny": false, "level": 69, "moves": ["dynamaxcannon", "sludgebomb", "fireblast", "recover"], "ability": "Pressure", "evs": {"hp": 85, "atk": 0, "def": 85, "spa": 85, "spd": 85, "spe": 85}, "ivs": {"hp": 31, "atk": 0, "def": 31, "spa": 31, "spd": 31, "spe": 31}, "item": "Leftovers", "teraType": "Dragon", "role": "Bulky Attacker", "bvs": {"hp": 140, "atk": 85, "def": 95, "spa": 145, "spd": 95, "spe": 130}, "stats": {"hp": 308, "atk": 122, "def": 171, "spa": 240, "spd": 171, "spe": 220}, "types": ["Poison", "Dragon"]}, "Palafin": {"name": "Palafin", "species": "Palafin", "speciesId": "palafin", "gender": "F", "shiny": false, "level": 77, "moves": ["wavecrash", "closecombat", "flipturn", "jetpunch"], "ability": "Zero to Hero", "evs": {"hp": 85, "atk": 85, "def": 85, "spa": 85, "spd": 85, "spe": 85}, "ivs": {"hp": 31, "atk": 31, "def": 31, "spa": 31, "spd": 31, "spe": 31}, "item": "Choice Band", "teraType": "Water", "role": "Wallbreaker", "bvs": {"hp": 100, "atk": 70, "def": 72, "spa": 53, "spd": 62, "spe": 100}, "stats": {"hp": 281, "atk": 152, "def": 155, "spa": 126, "spd": 140, "spe": 199}, "types": ["Water"]}}]}