{"id": "gen9randombattle-2641994485", "format": "[Gen 9] Random Battle", "players": ["Kiseijou", "zinkaru."], "log": "|j|\u2606Kiseijou\n|j|\u2606zinkaru.\n|t:|1782870290\n|gametype|singles\n|player|p1|Kiseijou|cynthia-masters4|1638\n|player|p2|zinkaru.|102|1623\n|gen|9\n|tier|[Gen 9] Random Battle\n|rated|\n|rule|Species Clause: Limit one of each Pok\u00e9mon\n|rule|HP Percentage Mod: HP is shown in percentages\n|rule|Sleep Clause Mod: Limit one foe put to sleep\n|rule|Illusion Level Mod: Illusion disguises the Pok\u00e9mon's true level\n|\n|t:|1782870290\n|teamsize|p1|6\n|teamsize|p2|6\n|start\n|switch|p1a: Haxorus|Haxorus, L77, M|244/244\n|switch|p2a: Vespiquen|Vespiquen, L99, F|299/299\n|-ability|p1a: Haxorus|Mold Breaker\n|-ability|p2a: Vespiquen|Pressure\n|turn|1\n|inactive|Battle timer is ON: inactive players will automatically lose when time's up. (requested by zinkaru.)\n|\n|t:|1782870318\n|move|p1a: Haxorus|Dragon Dance|p1a: Haxorus\n|-boost|p1a: Haxorus|atk|1\n|-boost|p1a: Haxorus|spe|1\n|move|p2a: Vespiquen|U-turn|p1a: Haxorus\n|-damage|p1a: Haxorus|154/244\n|inactive|zinkaru. has 120 seconds left.\n|\n|t:|1782870355\n|switch|p2a: Oranguru|Oranguru, L92, F|315/315|[from] U-turn\n|\n|upkeep\n|turn|2\n|\n|t:|1782870384\n|move|p1a: Haxorus|Outrage|p2a: Oranguru\n|-damage|p2a: Oranguru|113/315\n|move|p2a: Oranguru|Psychic|p1a: Haxorus\n|-damage|p1a: Haxorus|15/244\n|\n|-heal|p2a: Oranguru|132/315|[from] item: Leftovers\n|upkeep\n|turn|3\n|\n|t:|1782870401\n|move|p1a: Haxorus|Outrage|p2a: Oranguru|[from] lockedmove\n|-damage|p2a: Oranguru|0 fnt\n|faint|p2a: Oranguru\n|-start|p1a: Haxorus|confusion|[fatigue]\n|-enditem|p1a: Haxorus|Lum Berry|[eat]\n|-end|p1a: Haxorus|confusion\n|\n|upkeep\n|\n|t:|1782870413\n|switch|p2a: Vespiquen|Vespiquen, L99, F|299/299\n|-ability|p2a: Vespiquen|Pressure\n|turn|4\n|\n|t:|1782870418\n|move|p1a: Haxorus|Outrage|p2a: Vespiquen\n|-damage|p2a: Vespiquen|127/299\n|move|p2a: Vespiquen|U-turn|p1a: Haxorus\n|-damage|p1a: Haxorus|0 fnt\n|faint|p1a: Haxorus\n|\n|t:|1782870428\n|switch|p2a: Alomomola|Alomomola, L87, M|429/429|[from] U-turn\n|\n|upkeep\n|\n|t:|1782870444\n|switch|p1a: Arboliva|Arboliva, L91, F|288/288\n|turn|5\n|\n|t:|1782870452\n|move|p2a: Alomomola|Flip Turn|p1a: Arboliva\n|-resisted|p1a: Arboliva\n|-damage|p1a: Arboliva|263/288\n|\n|t:|1782870458\n|switch|p2a: Vespiquen|Vespiquen, L99, F|127/299|[from] Flip Turn\n|-ability|p2a: Vespiquen|Pressure\n|move|p1a: Arboliva|Substitute|p1a: Arboliva\n|-start|p1a: Arboliva|Substitute\n|-damage|p1a: Arboliva|191/288\n|\n|upkeep\n|turn|6\n|\n|t:|1782870469\n|move|p2a: Vespiquen|U-turn|p1a: Arboliva\n|-supereffective|p1a: Arboliva\n|-end|p1a: Arboliva|Substitute\n|\n|t:|1782870473\n|switch|p2a: Scovillain|Scovillain, L91, F|266/266|[from] U-turn\n|move|p1a: Arboliva|Leech Seed|p2a: Scovillain\n|-immune|p2a: Scovillain\n|\n|upkeep\n|turn|7\n|\n|t:|1782870492\n|move|p1a: Arboliva|Protect|p1a: Arboliva\n|-singleturn|p1a: Arboliva|Protect\n|move|p2a: Scovillain|Substitute|p2a: Scovillain\n|-start|p2a: Scovillain|Substitute\n|-damage|p2a: Scovillain|200/266\n|\n|-heal|p2a: Scovillain|216/266|[from] item: Leftovers\n|upkeep\n|turn|8\n|\n|t:|1782870499\n|move|p2a: Scovillain|Flamethrower|p1a: Arboliva\n|-supereffective|p1a: Arboliva\n|-damage|p1a: Arboliva|11/288\n|-enditem|p1a: Arboliva|Sitrus Berry|[eat]\n|-heal|p1a: Arboliva|83/288|[from] item: Sitrus Berry\n|move|p1a: Arboliva|Hyper Voice|p2a: Scovillain\n|-damage|p2a: Scovillain|69/266\n|\n|-heal|p2a: Scovillain|85/266|[from] item: Leftovers\n|-item|p1a: Arboliva|Sitrus Berry|[from] ability: Harvest\n|upkeep\n|-enditem|p1a: Arboliva|Sitrus Berry|[eat]\n|-heal|p1a: Arboliva|155/288|[from] item: Sitrus Berry\n|turn|9\n|\n|t:|1782870521\n|switch|p1a: Diancie|Diancie, L82|216/216\n|move|p2a: Scovillain|Flamethrower|p1a: Diancie\n|-resisted|p1a: Diancie\n|-damage|p1a: Diancie|177/216\n|\n|-heal|p2a: Scovillain|101/266|[from] item: Leftovers\n|-heal|p1a: Diancie|190/216|[from] item: Leftovers\n|upkeep\n|turn|10\n|\n|t:|1782870531\n|move|p2a: Scovillain|Leech Seed|p1a: Diancie|[miss]\n|-miss|p2a: Scovillain|p1a: Diancie\n|move|p1a: Diancie|Calm Mind|p1a: Diancie\n|-boost|p1a: Diancie|spa|1\n|-boost|p1a: Diancie|spd|1\n|\n|-heal|p2a: Scovillain|117/266|[from] item: Leftovers\n|-heal|p1a: Diancie|203/216|[from] item: Leftovers\n|upkeep\n|turn|11\n|\n|t:|1782870538\n|move|p2a: Scovillain|Leech Seed|p1a: Diancie\n|-start|p1a: Diancie|move: Leech Seed\n|move|p1a: Diancie|Diamond Storm|p2a: Scovillain\n|-supereffective|p2a: Scovillain\n|-end|p2a: Scovillain|Substitute\n|-boost|p1a: Diancie|def|2\n|\n|-heal|p2a: Scovillain|133/266|[from] item: Leftovers\n|-heal|p1a: Diancie|216/216|[from] item: Leftovers\n|-damage|p1a: Diancie|189/216|[from] Leech Seed|[of] p2a: Scovillain\n|-heal|p2a: Scovillain|160/266|[silent]\n|upkeep\n|turn|12\n|\n|t:|1782870548\n|move|p2a: Scovillain|Substitute|p2a: Scovillain\n|-start|p2a: Scovillain|Substitute\n|-damage|p2a: Scovillain|94/266\n|move|p1a: Diancie|Diamond Storm|p2a: Scovillain\n|-supereffective|p2a: Scovillain\n|-end|p2a: Scovillain|Substitute\n|-boost|p1a: Diancie|def|2\n|\n|-heal|p2a: Scovillain|110/266|[from] item: Leftovers\n|-heal|p1a: Diancie|202/216|[from] item: Leftovers\n|-damage|p1a: Diancie|175/216|[from] Leech Seed|[of] p2a: Scovillain\n|-heal|p2a: Scovillain|137/266|[silent]\n|upkeep\n|turn|13\n|\n|t:|1782870558\n|move|p2a: Scovillain|Protect|p2a: Scovillain\n|-singleturn|p2a: Scovillain|Protect\n|move|p1a: Diancie|Calm Mind|p1a: Diancie\n|-boost|p1a: Diancie|spa|1\n|-boost|p1a: Diancie|spd|1\n|\n|-heal|p2a: Scovillain|153/266|[from] item: Leftovers\n|-heal|p1a: Diancie|188/216|[from] item: Leftovers\n|-damage|p1a: Diancie|161/216|[from] Leech Seed|[of] p2a: Scovillain\n|-heal|p2a: Scovillain|180/266|[silent]\n|upkeep\n|turn|14\n|\n|t:|1782870567\n|move|p2a: Scovillain|Substitute|p2a: Scovillain\n|-start|p2a: Scovillain|Substitute\n|-damage|p2a: Scovillain|114/266\n|move|p1a: Diancie|Diamond Storm|p2a: Scovillain\n|-supereffective|p2a: Scovillain\n|-end|p2a: Scovillain|Substitute\n|-boost|p1a: Diancie|def|2\n|\n|-heal|p2a: Scovillain|130/266|[from] item: Leftovers\n|-heal|p1a: Diancie|174/216|[from] item: Leftovers\n|-damage|p1a: Diancie|147/216|[from] Leech Seed|[of] p2a: Scovillain\n|-heal|p2a: Scovillain|157/266|[silent]\n|upkeep\n|turn|15\n|\n|t:|1782870577\n|move|p2a: Scovillain|Protect|p2a: Scovillain\n|-singleturn|p2a: Scovillain|Protect\n|move|p1a: Diancie|Calm Mind|p1a: Diancie\n|-boost|p1a: Diancie|spa|1\n|-boost|p1a: Diancie|spd|1\n|\n|-heal|p2a: Scovillain|173/266|[from] item: Leftovers\n|-heal|p1a: Diancie|160/216|[from] item: Leftovers\n|-damage|p1a: Diancie|133/216|[from] Leech Seed|[of] p2a: Scovillain\n|-heal|p2a: Scovillain|200/266|[silent]\n|upkeep\n|turn|16\n|\n|t:|1782870586\n|move|p2a: Scovillain|Substitute|p2a: Scovillain\n|-start|p2a: Scovillain|Substitute\n|-damage|p2a: Scovillain|134/266\n|move|p1a: Diancie|Draining Kiss|p2a: Scovillain\n|-resisted|p2a: Scovillain\n|-end|p2a: Scovillain|Substitute\n|-heal|p1a: Diancie|183/216|[from] drain|[of] p2a: Scovillain\n|\n|-heal|p2a: Scovillain|150/266|[from] item: Leftovers\n|-heal|p1a: Diancie|196/216|[from] item: Leftovers\n|-damage|p1a: Diancie|169/216|[from] Leech Seed|[of] p2a: Scovillain\n|-heal|p2a: Scovillain|177/266|[silent]\n|upkeep\n|turn|17\n|\n|t:|1782870601\n|move|p2a: Scovillain|Protect|p2a: Scovillain\n|-singleturn|p2a: Scovillain|Protect\n|move|p1a: Diancie|Draining Kiss|p2a: Scovillain\n|-activate|p2a: Scovillain|move: Protect\n|\n|-heal|p2a: Scovillain|193/266|[from] item: Leftovers\n|-heal|p1a: Diancie|182/216|[from] item: Leftovers\n|-damage|p1a: Diancie|155/216|[from] Leech Seed|[of] p2a: Scovillain\n|-heal|p2a: Scovillain|220/266|[silent]\n|upkeep\n|turn|18\n|\n|t:|1782870609\n|move|p2a: Scovillain|Substitute|p2a: Scovillain\n|-start|p2a: Scovillain|Substitute\n|-damage|p2a: Scovillain|154/266\n|move|p1a: Diancie|Draining Kiss|p2a: Scovillain\n|-resisted|p2a: Scovillain\n|-end|p2a: Scovillain|Substitute\n|-heal|p1a: Diancie|205/216|[from] drain|[of] p2a: Scovillain\n|\n|-heal|p2a: Scovillain|170/266|[from] item: Leftovers\n|-heal|p1a: Diancie|216/216|[from] item: Leftovers\n|-damage|p1a: Diancie|189/216|[from] Leech Seed|[of] p2a: Scovillain\n|-heal|p2a: Scovillain|197/266|[silent]\n|upkeep\n|turn|19\n|\n|t:|1782870621\n|move|p2a: Scovillain|Protect|p2a: Scovillain\n|-singleturn|p2a: Scovillain|Protect\n|move|p1a: Diancie|Calm Mind|p1a: Diancie\n|-boost|p1a: Diancie|spa|1\n|-boost|p1a: Diancie|spd|1\n|\n|-heal|p2a: Scovillain|213/266|[from] item: Leftovers\n|-heal|p1a: Diancie|202/216|[from] item: Leftovers\n|-damage|p1a: Diancie|175/216|[from] Leech Seed|[of] p2a: Scovillain\n|-heal|p2a: Scovillain|240/266|[silent]\n|upkeep\n|turn|20\n|\n|t:|1782870629\n|move|p2a: Scovillain|Substitute|p2a: Scovillain\n|-start|p2a: Scovillain|Substitute\n|-damage|p2a: Scovillain|174/266\n|move|p1a: Diancie|Draining Kiss|p2a: Scovillain\n|-resisted|p2a: Scovillain\n|-end|p2a: Scovillain|Substitute\n|-heal|p1a: Diancie|216/216|[from] drain|[of] p2a: Scovillain\n|\n|-heal|p2a: Scovillain|190/266|[from] item: Leftovers\n|-damage|p1a: Diancie|189/216|[from] Leech Seed|[of] p2a: Scovillain\n|-heal|p2a: Scovillain|217/266|[silent]\n|upkeep\n|turn|21\n|\n|t:|1782870638\n|move|p2a: Scovillain|Substitute|p2a: Scovillain\n|-start|p2a: Scovillain|Substitute\n|-damage|p2a: Scovillain|151/266\n|move|p1a: Diancie|Earth Power|p2a: Scovillain\n|-end|p2a: Scovillain|Substitute\n|\n|-heal|p2a: Scovillain|167/266|[from] item: Leftovers\n|-heal|p1a: Diancie|202/216|[from] item: Leftovers\n|-damage|p1a: Diancie|175/216|[from] Leech Seed|[of] p2a: Scovillain\n|-heal|p2a: Scovillain|194/266|[silent]\n|upkeep\n|turn|22\n|inactive|Kiseijou has 120 seconds left.\n|\n|t:|1782870696\n|move|p2a: Scovillain|Protect|p2a: Scovillain\n|-singleturn|p2a: Scovillain|Protect\n|move|p1a: Diancie|Draining Kiss|p2a: Scovillain\n|-activate|p2a: Scovillain|move: Protect\n|\n|-heal|p2a: Scovillain|210/266|[from] item: Leftovers\n|-heal|p1a: Diancie|188/216|[from] item: Leftovers\n|-damage|p1a: Diancie|161/216|[from] Leech Seed|[of] p2a: Scovillain\n|-heal|p2a: Scovillain|237/266|[silent]\n|upkeep\n|turn|23\n|inactive|zinkaru. has 120 seconds left.\n|inactive|zinkaru. has 90 seconds left.\n|\n|t:|1782870754\n|move|p2a: Scovillain|Substitute|p2a: Scovillain\n|-start|p2a: Scovillain|Substitute\n|-damage|p2a: Scovillain|171/266\n|move|p1a: Diancie|Draining Kiss|p2a: Scovillain\n|-resisted|p2a: Scovillain\n|-end|p2a: Scovillain|Substitute\n|-heal|p1a: Diancie|211/216|[from] drain|[of] p2a: Scovillain\n|\n|-heal|p2a: Scovillain|187/266|[from] item: Leftovers\n|-heal|p1a: Diancie|216/216|[from] item: Leftovers\n|-damage|p1a: Diancie|189/216|[from] Leech Seed|[of] p2a: Scovillain\n|-heal|p2a: Scovillain|214/266|[silent]\n|upkeep\n|turn|24\n|\n|t:|1782870765\n|move|p2a: Scovillain|Protect|p2a: Scovillain\n|-singleturn|p2a: Scovillain|Protect\n|move|p1a: Diancie|Earth Power|p2a: Scovillain\n|-activate|p2a: Scovillain|move: Protect\n|\n|-heal|p2a: Scovillain|230/266|[from] item: Leftovers\n|-heal|p1a: Diancie|202/216|[from] item: Leftovers\n|-damage|p1a: Diancie|175/216|[from] Leech Seed|[of] p2a: Scovillain\n|-heal|p2a: Scovillain|257/266|[silent]\n|upkeep\n|turn|25\n|\n|t:|1782870782\n|move|p2a: Scovillain|Substitute|p2a: Scovillain\n|-start|p2a: Scovillain|Substitute\n|-damage|p2a: Scovillain|191/266\n|move|p1a: Diancie|Earth Power|p2a: Scovillain\n|-end|p2a: Scovillain|Substitute\n|\n|-heal|p2a: Scovillain|207/266|[from] item: Leftovers\n|-heal|p1a: Diancie|188/216|[from] item: Leftovers\n|-damage|p1a: Diancie|161/216|[from] Leech Seed|[of] p2a: Scovillain\n|-heal|p2a: Scovillain|234/266|[silent]\n|upkeep\n|turn|26\n|inactive|zinkaru. has 90 seconds left.\n|inactive|zinkaru. has 60 seconds left.\n|\n|t:|1782870831\n|move|p2a: Scovillain|Protect|p2a: Scovillain\n|-singleturn|p2a: Scovillain|Protect\n|move|p1a: Diancie|Calm Mind|p1a: Diancie\n|-boost|p1a: Diancie|spa|1\n|-boost|p1a: Diancie|spd|1\n|\n|-heal|p2a: Scovillain|250/266|[from] item: Leftovers\n|-heal|p1a: Diancie|174/216|[from] item: Leftovers\n|-damage|p1a: Diancie|147/216|[from] Leech Seed|[of] p2a: Scovillain\n|-heal|p2a: Scovillain|266/266|[silent]\n|upkeep\n|turn|27\n|inactive|Kiseijou has 120 seconds left.\n|\n|t:|1782870839\n|move|p2a: Scovillain|Substitute|p2a: Scovillain\n|-start|p2a: Scovillain|Substitute\n|-damage|p2a: Scovillain|200/266\n|move|p1a: Diancie|Draining Kiss|p2a: Scovillain\n|-resisted|p2a: Scovillain\n|-crit|p2a: Scovillain\n|-end|p2a: Scovillain|Substitute\n|-heal|p1a: Diancie|197/216|[from] drain|[of] p2a: Scovillain\n|\n|-heal|p2a: Scovillain|216/266|[from] item: Leftovers\n|-heal|p1a: Diancie|210/216|[from] item: Leftovers\n|-damage|p1a: Diancie|183/216|[from] Leech Seed|[of] p2a: Scovillain\n|-heal|p2a: Scovillain|243/266|[silent]\n|upkeep\n|turn|28\n|inactive|zinkaru. has 60 seconds left.\n|\n|t:|1782870850\n|switch|p2a: Ogerpon|Ogerpon, L80, F|259/259\n|move|p1a: Diancie|Earth Power|p2a: Ogerpon\n|-resisted|p2a: Ogerpon\n|-damage|p2a: Ogerpon|155/259\n|\n|-heal|p2a: Ogerpon|171/259|[from] item: Leftovers\n|-heal|p1a: Diancie|196/216|[from] item: Leftovers\n|-damage|p1a: Diancie|169/216|[from] Leech Seed|[of] p2a: Ogerpon\n|-heal|p2a: Ogerpon|198/259|[silent]\n|upkeep\n|turn|29\n|inactive|zinkaru. has 60 seconds left.\n|\n|t:|1782870859\n|move|p2a: Ogerpon|Encore|p1a: Diancie\n|-start|p1a: Diancie|Encore\n|move|p1a: Diancie|Earth Power|p2a: Ogerpon\n|-resisted|p2a: Ogerpon\n|-damage|p2a: Ogerpon|101/259\n|-unboost|p2a: Ogerpon|spd|1\n|-ability|p2a: Ogerpon|Defiant|boost\n|-boost|p2a: Ogerpon|atk|2\n|\n|-heal|p2a: Ogerpon|117/259|[from] item: Leftovers\n|-heal|p1a: Diancie|182/216|[from] item: Leftovers\n|-damage|p1a: Diancie|155/216|[from] Leech Seed|[of] p2a: Ogerpon\n|-heal|p2a: Ogerpon|144/259|[silent]\n|upkeep\n|turn|30\n|inactive|zinkaru. has 60 seconds left.\n|\n|t:|1782870872\n|move|p2a: Ogerpon|Ivy Cudgel|p1a: Diancie\n|-supereffective|p1a: Diancie\n|-damage|p1a: Diancie|81/216\n|move|p1a: Diancie|Earth Power|p2a: Ogerpon\n|-resisted|p2a: Ogerpon\n|-damage|p2a: Ogerpon|0 fnt\n|faint|p2a: Ogerpon\n|\n|-heal|p1a: Diancie|94/216|[from] item: Leftovers\n|upkeep\n|inactive|zinkaru. has 60 seconds left.\n|inactive|zinkaru. has 30 seconds left.\n|\n|t:|1782870908\n|switch|p2a: Alomomola|Alomomola, L87, M|429/429\n|turn|31\n|\n|t:|1782870911\n|move|p2a: Alomomola|Scald|p1a: Diancie\n|-supereffective|p1a: Diancie\n|-damage|p1a: Diancie|74/216\n|move|p1a: Diancie|Earth Power|p2a: Alomomola\n|-damage|p2a: Alomomola|129/429\n|\n|-heal|p1a: Diancie|87/216|[from] item: Leftovers\n|-damage|p1a: Diancie|60/216|[from] Leech Seed|[of] p2a: Alomomola\n|-heal|p2a: Alomomola|156/429|[silent]\n|-end|p1a: Diancie|Encore\n|upkeep\n|turn|32\n|-message|zinkaru. forfeited.\n|\n|win|Kiseijou\n|raw|Kiseijou's rating: 1638 &rarr; <strong>1657</strong><br />(+19 for winning)\n|raw|zinkaru.'s rating: 1623 &rarr; <strong>1604</strong><br />(-19 for losing)\n|l|\u2606zinkaru.\n|player|p2|\n", "inputlog": ">version f8ac14003a5f27e1bdc8d8c59608a773c1cb96e5\n>start {\"formatid\":\"gen9randombattle\",\"seed\":\"sodium,98cf35f7b5a219aad1d430dcc6c6e69d\",\"rated\":\"Rated battle\"}\n>player p1 {\"name\":\"Kiseijou\",\"avatar\":\"cynthia-masters4\",\"rating\":1638,\"seed\":\"sodium,0ff3577604b1517981d70b7fe9e78296\"}\n>player p2 {\"name\":\"zinkaru.\",\"avatar\":\"102\",\"rating\":1623,\"seed\":\"sodium,9d7b411043dd57344ab6a74c08fc2b3d\"}\n>p1 move dragondance\n>p2 move uturn\n>p2 switch 6\n>p1 move outrage\n>p2 move psychic\n>p1 move outrage\n>p2 move psychic\n>p2 switch 6\n>p1 move outrage\n>p2 move uturn\n>p2 switch 2\n>p1 switch 3\n>p1 move substitute\n>p2 move flipturn\n>p2 switch 2\n>p1 move leechseed\n>p2 move uturn\n>p2 switch 5\n>p1 move protect\n>p2 move substitute\n>p1 move hypervoice\n>p2 move flamethrower\n>p1 switch 4\n>p2 move flamethrower\n>p1 move calmmind\n>p2 move leechseed\n>p1 move diamondstorm\n>p2 move leechseed\n>p1 move diamondstorm\n>p2 move substitute\n>p1 move calmmind\n>p2 move protect\n>p1 move diamondstorm\n>p2 move substitute\n>p1 move calmmind\n>p2 move protect\n>p1 move drainingkiss\n>p2 move substitute\n>p1 move drainingkiss\n>p2 move protect\n>p1 move drainingkiss\n>p2 move substitute\n>p1 move calmmind\n>p2 move protect\n>p1 move drainingkiss\n>p2 move substitute\n>p1 move earthpower\n>p2 move substitute\n>p1 move drainingkiss\n>p2 move protect\n>p1 move drainingkiss\n>p2 move substitute\n>p1 move earthpower\n>p2 move protect\n>p1 move earthpower\n>p2 move substitute\n>p1 move calmmind\n>p2 move protect\n>p1 move drainingkiss\n>p2 move substitute\n>p1 move earthpower\n>p2 switch 3\n>p1 move drainingkiss\n>p2 move encore\n>p1 move earthpower\n>p2 move ivycudgel\n>p2 switch 2\n>p1 move earthpower\n>p2 move scald\n>forcelose p2", "uploadtime": 1782870919, "views": 12, "formatid": "gen9randombattle", "rating": 1604, "private": 0, "password": null, "player_dets": [{"name": "Kiseijou", "avatar": "cynthia-masters4", "rating": 1638, "seed": "sodium,0ff3577604b1517981d70b7fe9e78296"}, {"name": "zinkaru.", "avatar": "102", "rating": 1623, "seed": "sodium,9d7b411043dd57344ab6a74c08fc2b3d"}], "teams_full": [{"Haxorus": {"name": "Haxorus", "species": "Haxorus", "speciesId": "haxorus", "gender": "M", "shiny": false, "level": 77, "moves": ["ironhead", "dragondance", "outrage", "closecombat"], "ability": "Mold Breaker", "evs": {"hp": 85, "atk": 85, "def": 85, "spa": 85, "spd": 85, "spe": 85}, "ivs": {"hp": 31, "atk": 31, "def": 31, "spa": 31, "spd": 31, "spe": 31}, "item": "Lum Berry", "teraType": "Steel", "role": "Setup Sweeper", "bvs": {"hp": 76, "atk": 147, "def": 90, "spa": 60, "spd": 70, "spe": 97}, "stats": {"hp": 244, "atk": 271, "def": 183, "spa": 137, "spd": 152, "spe": 194}, "types": ["Dragon"]}, "Bombirdier": {"name": "Bombirdier", "species": "Bombirdier", "speciesId": "bombirdier", "gender": "F", "shiny": false, "level": 85, "moves": ["roost", "stealthrock", "knockoff", "bravebird"], "ability": "Big Pecks", "evs": {"hp": 85, "atk": 85, "def": 85, "spa": 85, "spd": 85, "spe": 85}, "ivs": {"hp": 31, "atk": 31, "def": 31, "spa": 31, "spd": 31, "spe": 31}, "item": "Heavy-Duty Boots", "teraType": "Steel", "role": "Bulky Support", "bvs": {"hp": 70, "atk": 103, "def": 85, "spa": 60, "spd": 85, "spe": 82}, "stats": {"hp": 258, "atk": 224, "def": 193, "spa": 151, "spd": 193, "spe": 188}, "types": ["Flying", "Dark"]}, "Arboliva": {"name": "Arboliva", "species": "Arboliva", "speciesId": "arboliva", "gender": "F", "shiny": false, "level": 91, "moves": ["leechseed", "substitute", "hypervoice", "protect"], "ability": "Harvest", "evs": {"hp": 77, "atk": 0, "def": 85, "spa": 85, "spd": 85, "spe": 85}, "ivs": {"hp": 31, "atk": 0, "def": 31, "spa": 31, "spd": 31, "spe": 31}, "item": "Sitrus Berry", "teraType": "Water", "role": "Bulky Support", "bvs": {"hp": 78, "atk": 69, "def": 90, "spa": 125, "spd": 109, "spe": 39}, "stats": {"hp": 288, "atk": 130, "def": 216, "spa": 279, "spd": 250, "spe": 123}, "types": ["Grass", "Normal"]}, "Diancie": {"name": "Diancie", "species": "Diancie", "speciesId": "diancie", "gender": "N", "shiny": false, "level": 82, "moves": ["drainingkiss", "calmmind", "earthpower", "diamondstorm"], "ability": "Clear Body", "evs": {"hp": 85, "atk": 85, "def": 85, "spa": 85, "spd": 85, "spe": 85}, "ivs": {"hp": 31, "atk": 31, "def": 31, "spa": 31, "spd": 31, "spe": 31}, "item": "Leftovers", "teraType": "Water", "role": "Bulky Setup", "bvs": {"hp": 50, "atk": 100, "def": 150, "spa": 100, "spd": 150, "spe": 50}, "stats": {"hp": 216, "atk": 211, "def": 293, "spa": 211, "spd": 293, "spe": 129}, "types": ["Rock", "Fairy"]}, "Regigigas": {"name": "Regigigas", "species": "Regigigas", "speciesId": "regigigas", "gender": "N", "shiny": false, "level": 84, "moves": ["bodyslam", "sleeptalk", "rest", "knockoff"], "ability": "Slow Start", "evs": {"hp": 85, "atk": 85, "def": 85, "spa": 85, "spd": 85, "spe": 85}, "ivs": {"hp": 31, "atk": 31, "def": 31, "spa": 31, "spd": 31, "spe": 31}, "item": "Leftovers", "teraType": "Ghost", "role": "Bulky Support", "bvs": {"hp": 110, "atk": 160, "def": 110, "spa": 80, "spd": 110, "spe": 100}, "stats": {"hp": 322, "atk": 317, "def": 233, "spa": 183, "spd": 233, "spe": 216}, "types": ["Normal"]}, "Fezandipiti": {"name": "Fezandipiti", "species": "Fezandipiti", "speciesId": "fezandipiti", "gender": "M", "shiny": false, "level": 82, "moves": ["gunkshot", "moonblast", "roost", "beatup"], "ability": "Toxic Chain", "evs": {"hp": 85, "atk": 85, "def": 85, "spa": 85, "spd": 85, "spe": 85}, "ivs": {"hp": 31, "atk": 31, "def": 31, "spa": 31, "spd": 31, "spe": 31}, "item": "Leftovers", "teraType": "Water", "role": "Bulky Attacker", "bvs": {"hp": 88, "atk": 91, "def": 82, "spa": 70, "spd": 125, "spe": 99}, "stats": {"hp": 278, "atk": 196, "def": 182, "spa": 162, "spd": 252, "spe": 210}, "types": ["Poison", "Fairy"]}}, {"Vespiquen": {"name": "Vespiquen", "species": "Vespiquen", "speciesId": "vespiquen", "gender": "F", "shiny": false, "level": 99, "moves": ["uturn", "hurricane", "roost", "toxicspikes"], "ability": "Pressure", "evs": {"hp": 85, "atk": 85, "def": 85, "spa": 85, "spd": 85, "spe": 85}, "ivs": {"hp": 31, "atk": 31, "def": 31, "spa": 31, "spd": 31, "spe": 31}, "item": "Heavy-Duty Boots", "teraType": "Steel", "role": "Bulky Support", "bvs": {"hp": 70, "atk": 80, "def": 102, "spa": 80, "spd": 102, "spe": 40}, "stats": {"hp": 299, "atk": 214, "def": 258, "spa": 214, "spd": 258, "spe": 135}, "types": ["Bug", "Flying"]}, "Alomomola": {"name": "Alomomola", "species": "Alomomola", "speciesId": "alomomola", "gender": "M", "shiny": false, "level": 87, "moves": ["flipturn", "scald", "protect", "wish"], "ability": "Regenerator", "evs": {"hp": 85, "atk": 85, "def": 85, "spa": 85, "spd": 85, "spe": 85}, "ivs": {"hp": 31, "atk": 31, "def": 31, "spa": 31, "spd": 31, "spe": 31}, "item": "Heavy-Duty Boots", "teraType": "Poison", "role": "Fast Support", "bvs": {"hp": 165, "atk": 75, "def": 80, "spa": 40, "spd": 45, "spe": 65}, "stats": {"hp": 429, "atk": 180, "def": 189, "spa": 119, "spd": 128, "spe": 163}, "types": ["Water"]}, "Ogerpon": {"name": "Ogerpon", "species": "Ogerpon", "speciesId": "ogerpon", "gender": "F", "shiny": false, "level": 80, "moves": ["synthesis", "encore", "ivycudgel", "superpower"], "ability": "Defiant", "evs": {"hp": 85, "atk": 85, "def": 85, "spa": 85, "spd": 85, "spe": 85}, "ivs": {"hp": 31, "atk": 31, "def": 31, "spa": 31, "spd": 31, "spe": 31}, "item": "Leftovers", "teraType": "Grass", "role": "Fast Support", "bvs": {"hp": 80, "atk": 120, "def": 84, "spa": 60, "spd": 96, "spe": 110}, "stats": {"hp": 259, "atk": 238, "def": 181, "spa": 142, "spd": 200, "spe": 222}, "types": ["Grass"]}, "Rampardos": {"name": "Rampardos", "species": "Rampardos", "speciesId": "rampardos", "gender": "F", "shiny": false, "level": 90, "moves": ["headsmash", "earthquake", "firepunch", "rockslide"], "ability": "Sheer Force", "evs": {"hp": 85, "atk": 85, "def": 85, "spa": 85, "spd": 85, "spe": 85}, "ivs": {"hp": 31, "atk": 31, "def": 31, "spa": 31, "spd": 31, "spe": 31}, "item": "Choice Scarf", "teraType": "Rock", "role": "Fast Attacker", "bvs": {"hp": 97, "atk": 165, "def": 60, "spa": 65, "spd": 50, "spe": 58}, "stats": {"hp": 321, "atk": 348, "def": 159, "spa": 168, "spd": 141, "spe": 156}, "types": ["Rock"]}, "Scovillain": {"name": "Scovillain", "species": "Scovillain", "speciesId": "scovillain", "gender": "F", "shiny": false, "level": 91, "moves": ["flamethrower", "substitute", "protect", "leechseed"], "ability": "Chlorophyll", "evs": {"hp": 85, "atk": 0, "def": 85, "spa": 85, "spd": 85, "spe": 85}, "ivs": {"hp": 31, "atk": 0, "def": 31, "spa": 31, "spd": 31, "spe": 31}, "item": "Leftovers", "teraType": "Steel", "role": "Bulky Attacker", "bvs": {"hp": 65, "atk": 108, "def": 65, "spa": 108, "spd": 65, "spe": 75}, "stats": {"hp": 266, "atk": 201, "def": 170, "spa": 248, "spd": 170, "spe": 188}, "types": ["Grass", "Fire"]}, "Oranguru": {"name": "Oranguru", "species": "Oranguru", "speciesId": "oranguru", "gender": "F", "shiny": false, "level": 92, "moves": ["nastyplot", "focusblast", "psychic", "thunderbolt"], "ability": "Inner Focus", "evs": {"hp": 85, "atk": 0, "def": 85, "spa": 85, "spd": 85, "spe": 85}, "ivs": {"hp": 31, "atk": 0, "def": 31, "spa": 31, "spd": 31, "spe": 31}, "item": "Leftovers", "teraType": "Fighting", "role": "Bulky Attacker", "bvs": {"hp": 90, "atk": 60, "def": 80, "spa": 90, "spd": 110, "spe": 60}, "stats": {"hp": 315, "atk": 115, "def": 200, "spa": 218, "spd": 255, "spe": 163}, "types": ["Normal", "Psychic"]}}]}