{"id": "gen9randombattle-2642137369", "format": "[Gen 9] Random Battle", "players": ["jnpr010334", "Zoubarbar"], "log": "|j|\u2606jnpr010334\n|j|\u2606Zoubarbar\n|t:|1782897973\n|gametype|singles\n|player|p1|jnpr010334|265|1672\n|player|p2|Zoubarbar|pokemaniac|1651\n|gen|9\n|tier|[Gen 9] Random Battle\n|rated|\n|rule|Species Clause: Limit one of each Pok\u00e9mon\n|rule|HP Percentage Mod: HP is shown in percentages\n|rule|Sleep Clause Mod: Limit one foe put to sleep\n|rule|Illusion Level Mod: Illusion disguises the Pok\u00e9mon's true level\n|\n|t:|1782897973\n|teamsize|p1|6\n|teamsize|p2|6\n|start\n|switch|p1a: Lanturn|Lanturn, L89, M|367/367\n|switch|p2a: Mabosstiff|Mabosstiff, L86, F|278/278\n|turn|1\n|inactive|Battle timer is ON: inactive players will automatically lose when time's up. (requested by jnpr010334)\n|\n|t:|1782897987\n|move|p2a: Mabosstiff|Crunch|p1a: Lanturn\n|-damage|p1a: Lanturn|240/367\n|move|p1a: Lanturn|Thunder Wave|p2a: Mabosstiff\n|-status|p2a: Mabosstiff|par\n|\n|upkeep\n|turn|2\n|\n|t:|1782897994\n|move|p1a: Lanturn|Volt Switch|p2a: Mabosstiff\n|-damage|p2a: Mabosstiff|205/278 par\n|\n|t:|1782897995\n|switch|p1a: Tauros|Tauros-Paldea-Combat, L82, M|257/257|[from] Volt Switch\n|-ability|p1a: Tauros|Intimidate|boost\n|-unboost|p2a: Mabosstiff|atk|1\n|cant|p2a: Mabosstiff|par\n|\n|upkeep\n|turn|3\n|\n|t:|1782898008\n|switch|p2a: Scream Tail|Scream Tail, L84|330/330\n|move|p1a: Tauros|Bulk Up|p1a: Tauros\n|-boost|p1a: Tauros|atk|1\n|-boost|p1a: Tauros|def|1\n|\n|upkeep\n|turn|4\n|\n|t:|1782898015\n|switch|p1a: Lanturn|Lanturn, L89, M|240/367\n|move|p2a: Scream Tail|Play Rough|p1a: Lanturn\n|-damage|p1a: Lanturn|146/367\n|\n|upkeep\n|turn|5\n|\n|t:|1782898025\n|move|p2a: Scream Tail|Protect|p2a: Scream Tail\n|-singleturn|p2a: Scream Tail|Protect\n|move|p1a: Lanturn|Thunder Wave|p2a: Scream Tail\n|-activate|p2a: Scream Tail|move: Protect\n|\n|upkeep\n|turn|6\n|\n|t:|1782898032\n|-end|p2a: Scream Tail|Protosynthesis|[silent]\n|switch|p2a: Pachirisu|Pachirisu, L96, M|271/271\n|move|p1a: Lanturn|Thunder Wave|p2a: Pachirisu\n|-immune|p2a: Pachirisu|[from] ability: Volt Absorb\n|\n|upkeep\n|turn|7\n|\n|t:|1782898040\n|move|p2a: Pachirisu|Super Fang|p1a: Lanturn\n|-damage|p1a: Lanturn|73/367\n|move|p1a: Lanturn|Scald|p2a: Pachirisu\n|-crit|p2a: Pachirisu\n|-damage|p2a: Pachirisu|199/271\n|-status|p2a: Pachirisu|brn\n|\n|-damage|p2a: Pachirisu|183/271 brn|[from] brn\n|upkeep\n|turn|8\n|\n|t:|1782898050\n|move|p2a: Pachirisu|Super Fang|p1a: Lanturn\n|-damage|p1a: Lanturn|37/367\n|move|p1a: Lanturn|Scald|p2a: Pachirisu\n|-damage|p2a: Pachirisu|140/271 brn\n|\n|-damage|p2a: Pachirisu|124/271 brn|[from] brn\n|upkeep\n|turn|9\n|\n|t:|1782898056\n|move|p2a: Pachirisu|U-turn|p1a: Lanturn\n|-damage|p1a: Lanturn|13/367\n|\n|t:|1782898065\n|switch|p2a: Scream Tail|Scream Tail, L84|330/330|[from] U-turn\n|move|p1a: Lanturn|Scald|p2a: Scream Tail\n|-damage|p2a: Scream Tail|261/330\n|-status|p2a: Scream Tail|brn\n|\n|-heal|p2a: Scream Tail|281/330 brn|[from] item: Leftovers\n|-damage|p2a: Scream Tail|261/330 brn|[from] brn\n|upkeep\n|turn|10\n|\n|t:|1782898072\n|switch|p1a: Fezandipiti|Fezandipiti, L82, M|278/278\n|move|p2a: Scream Tail|Play Rough|p1a: Fezandipiti\n|-resisted|p1a: Fezandipiti\n|-damage|p1a: Fezandipiti|260/278\n|\n|-heal|p2a: Scream Tail|281/330 brn|[from] item: Leftovers\n|-heal|p1a: Fezandipiti|277/278|[from] item: Leftovers\n|-damage|p2a: Scream Tail|261/330 brn|[from] brn\n|upkeep\n|turn|11\n|\n|t:|1782898080\n|move|p2a: Scream Tail|Wish|p2a: Scream Tail\n|move|p1a: Fezandipiti|U-turn|p2a: Scream Tail\n|-damage|p2a: Scream Tail|220/330 brn\n|\n|t:|1782898082\n|switch|p1a: Lanturn|Lanturn, L89, M|13/367|[from] U-turn\n|\n|-heal|p2a: Scream Tail|240/330 brn|[from] item: Leftovers\n|-damage|p2a: Scream Tail|220/330 brn|[from] brn\n|upkeep\n|turn|12\n|\n|t:|1782898085\n|switch|p1a: Fezandipiti|Fezandipiti, L82, M|277/278\n|move|p2a: Scream Tail|Play Rough|p1a: Fezandipiti|[miss]\n|-miss|p2a: Scream Tail|p1a: Fezandipiti\n|\n|-heal|p2a: Scream Tail|330/330 brn|[from] move: Wish|[wisher] Scream Tail\n|-heal|p1a: Fezandipiti|278/278|[from] item: Leftovers\n|-damage|p2a: Scream Tail|310/330 brn|[from] brn\n|upkeep\n|turn|13\n|\n|t:|1782898092\n|move|p2a: Scream Tail|Protect|p2a: Scream Tail\n|-singleturn|p2a: Scream Tail|Protect\n|move|p1a: Fezandipiti|Moonblast|p2a: Scream Tail\n|-activate|p2a: Scream Tail|move: Protect\n|\n|-heal|p2a: Scream Tail|330/330 brn|[from] item: Leftovers\n|-damage|p2a: Scream Tail|310/330 brn|[from] brn\n|upkeep\n|turn|14\n|\n|t:|1782898100\n|move|p2a: Scream Tail|Encore|p1a: Fezandipiti\n|-start|p1a: Fezandipiti|Encore\n|move|p1a: Fezandipiti|Moonblast|p2a: Scream Tail\n|-damage|p2a: Scream Tail|249/330 brn\n|\n|-heal|p2a: Scream Tail|269/330 brn|[from] item: Leftovers\n|-damage|p2a: Scream Tail|249/330 brn|[from] brn\n|upkeep\n|turn|15\n|\n|t:|1782898109\n|move|p2a: Scream Tail|Wish|p2a: Scream Tail\n|move|p1a: Fezandipiti|Moonblast|p2a: Scream Tail\n|-damage|p2a: Scream Tail|189/330 brn\n|\n|-heal|p2a: Scream Tail|209/330 brn|[from] item: Leftovers\n|-damage|p2a: Scream Tail|189/330 brn|[from] brn\n|upkeep\n|turn|16\n|\n|t:|1782898116\n|move|p2a: Scream Tail|Play Rough|p1a: Fezandipiti\n|-resisted|p1a: Fezandipiti\n|-damage|p1a: Fezandipiti|258/278\n|move|p1a: Fezandipiti|Moonblast|p2a: Scream Tail\n|-crit|p2a: Scream Tail\n|-damage|p2a: Scream Tail|105/330 brn\n|-unboost|p2a: Scream Tail|spa|1\n|\n|-heal|p2a: Scream Tail|270/330 brn|[from] move: Wish|[wisher] Scream Tail\n|-heal|p2a: Scream Tail|290/330 brn|[from] item: Leftovers\n|-heal|p1a: Fezandipiti|275/278|[from] item: Leftovers\n|-damage|p2a: Scream Tail|270/330 brn|[from] brn\n|-end|p1a: Fezandipiti|Encore\n|upkeep\n|turn|17\n|\n|t:|1782898123\n|move|p2a: Scream Tail|Encore|p1a: Fezandipiti\n|-start|p1a: Fezandipiti|Encore\n|move|p1a: Fezandipiti|Moonblast|p2a: Scream Tail\n|-damage|p2a: Scream Tail|207/330 brn\n|\n|-heal|p2a: Scream Tail|227/330 brn|[from] item: Leftovers\n|-heal|p1a: Fezandipiti|278/278|[from] item: Leftovers\n|-damage|p2a: Scream Tail|207/330 brn|[from] brn\n|upkeep\n|turn|18\n|\n|t:|1782898127\n|move|p2a: Scream Tail|Wish|p2a: Scream Tail\n|move|p1a: Fezandipiti|Moonblast|p2a: Scream Tail\n|-damage|p2a: Scream Tail|141/330 brn\n|\n|-heal|p2a: Scream Tail|161/330 brn|[from] item: Leftovers\n|-damage|p2a: Scream Tail|141/330 brn|[from] brn\n|upkeep\n|turn|19\n|\n|t:|1782898134\n|-end|p2a: Scream Tail|Protosynthesis|[silent]\n|switch|p2a: Pachirisu|Pachirisu, L96, M|124/271 brn\n|move|p1a: Fezandipiti|Moonblast|p2a: Pachirisu\n|-damage|p2a: Pachirisu|79/271 brn\n|\n|-heal|p2a: Pachirisu|244/271 brn|[from] move: Wish|[wisher] Scream Tail\n|-damage|p2a: Pachirisu|228/271 brn|[from] brn\n|-end|p1a: Fezandipiti|Encore\n|upkeep\n|turn|20\n|\n|t:|1782898145\n|move|p2a: Pachirisu|U-turn|p1a: Fezandipiti\n|-resisted|p1a: Fezandipiti\n|-damage|p1a: Fezandipiti|273/278\n|\n|t:|1782898151\n|switch|p2a: Coalossal|Coalossal, L89, F|341/341|[from] U-turn\n|move|p1a: Fezandipiti|Gunk Shot|p2a: Coalossal|[miss]\n|-miss|p1a: Fezandipiti|p2a: Coalossal\n|\n|-heal|p1a: Fezandipiti|278/278|[from] item: Leftovers\n|upkeep\n|turn|21\n|\n|t:|1782898158\n|switch|p1a: Lanturn|Lanturn, L89, M|13/367\n|move|p2a: Coalossal|Will-O-Wisp|p1a: Lanturn\n|-status|p1a: Lanturn|brn\n|\n|-damage|p1a: Lanturn|0 fnt|[from] brn\n|faint|p1a: Lanturn\n|upkeep\n|\n|t:|1782898160\n|switch|p1a: Mesprit|Mesprit, L85|275/275\n|turn|22\n|\n|t:|1782898167\n|switch|p2a: Mabosstiff|Mabosstiff, L86, F|205/278 par\n|move|p1a: Mesprit|Psychic|p2a: Mabosstiff\n|-immune|p2a: Mabosstiff\n|\n|upkeep\n|turn|23\n|\n|t:|1782898172\n|switch|p1a: Archaludon|Archaludon, L78, M|268/268\n|move|p2a: Mabosstiff|Crunch|p1a: Archaludon\n|-damage|p1a: Archaludon|102/268\n|-ability|p1a: Archaludon|Stamina|boost\n|-boost|p1a: Archaludon|def|1\n|\n|upkeep\n|turn|24\n|\n|t:|1782898191\n|move|p1a: Archaludon|Swords Dance|p1a: Archaludon\n|-boost|p1a: Archaludon|atk|2\n|move|p2a: Mabosstiff|Crunch|p1a: Archaludon\n|-damage|p1a: Archaludon|50/268\n|-ability|p1a: Archaludon|Stamina|boost\n|-boost|p1a: Archaludon|def|1\n|\n|upkeep\n|turn|25\n|\n|t:|1782898200\n|move|p1a: Archaludon|Outrage|p2a: Mabosstiff\n|-damage|p2a: Mabosstiff|0 fnt\n|faint|p2a: Mabosstiff\n|\n|upkeep\n|\n|t:|1782898202\n|switch|p2a: Scream Tail|Scream Tail, L84|141/330 brn\n|turn|26\n|\n|t:|1782898204\n|move|p2a: Scream Tail|Wish|p2a: Scream Tail\n|move|p1a: Archaludon|Outrage|p2a: Scream Tail|[from] lockedmove\n|-immune|p2a: Scream Tail\n|\n|-heal|p2a: Scream Tail|161/330 brn|[from] item: Leftovers\n|-damage|p2a: Scream Tail|141/330 brn|[from] brn\n|upkeep\n|turn|27\n|\n|t:|1782898210\n|move|p2a: Scream Tail|Play Rough|p1a: Archaludon\n|-damage|p1a: Archaludon|36/268\n|-ability|p1a: Archaludon|Stamina|boost\n|-boost|p1a: Archaludon|def|1\n|move|p1a: Archaludon|Iron Head|p2a: Scream Tail\n|-supereffective|p2a: Scream Tail\n|-damage|p2a: Scream Tail|0 fnt\n|faint|p2a: Scream Tail\n|-end|p2a: Scream Tail|Protosynthesis|[silent]\n|\n|upkeep\n|\n|t:|1782898224\n|switch|p2a: Pachirisu|Pachirisu, L96, M|228/271 brn\n|turn|28\n|\n|t:|1782898227\n|move|p2a: Pachirisu|Thunderbolt|p1a: Archaludon\n|-resisted|p1a: Archaludon\n|-damage|p1a: Archaludon|0 fnt\n|faint|p1a: Archaludon\n|\n|-damage|p2a: Pachirisu|212/271 brn|[from] brn\n|upkeep\n|\n|t:|1782898228\n|switch|p1a: Volcarona|Volcarona, L77, F|257/257\n|turn|29\n|\n|t:|1782898232\n|move|p2a: Pachirisu|Nuzzle|p1a: Volcarona\n|-damage|p1a: Volcarona|246/257\n|-status|p1a: Volcarona|par\n|cant|p1a: Volcarona|par\n|\n|-damage|p2a: Pachirisu|196/271 brn|[from] brn\n|upkeep\n|turn|30\n|\n|t:|1782898239\n|move|p2a: Pachirisu|Super Fang|p1a: Volcarona\n|-damage|p1a: Volcarona|123/257 par\n|move|p1a: Volcarona|Quiver Dance|p1a: Volcarona\n|-boost|p1a: Volcarona|spa|1\n|-boost|p1a: Volcarona|spd|1\n|-boost|p1a: Volcarona|spe|1\n|\n|-damage|p2a: Pachirisu|180/271 brn|[from] brn\n|upkeep\n|turn|31\n|\n|t:|1782898245\n|move|p2a: Pachirisu|U-turn|p1a: Volcarona\n|-resisted|p1a: Volcarona\n|-damage|p1a: Volcarona|111/257 par\n|\n|t:|1782898249\n|switch|p2a: Phione|Phione, L91|293/293|[from] U-turn\n|move|p1a: Volcarona|Bug Buzz|p2a: Phione\n|-damage|p2a: Phione|125/293\n|\n|-heal|p2a: Phione|143/293|[from] item: Leftovers\n|upkeep\n|turn|32\n|\n|t:|1782898260\n|move|p2a: Phione|Scald|p1a: Volcarona\n|-supereffective|p1a: Volcarona\n|-damage|p1a: Volcarona|0 fnt\n|faint|p1a: Volcarona\n|\n|-heal|p2a: Phione|161/293|[from] item: Leftovers\n|upkeep\n|\n|t:|1782898262\n|switch|p1a: Mesprit|Mesprit, L85|275/275\n|turn|33\n|\n|t:|1782898280\n|move|p2a: Phione|Take Heart|p2a: Phione\n|-boost|p2a: Phione|spa|1\n|-boost|p2a: Phione|spd|1\n|move|p1a: Mesprit|Psychic|p2a: Phione\n|-damage|p2a: Phione|58/293\n|\n|-heal|p2a: Phione|76/293|[from] item: Leftovers\n|upkeep\n|turn|34\n|\n|t:|1782898287\n|move|p2a: Phione|Rest|p2a: Phione\n|-status|p2a: Phione|slp|[from] move: Rest\n|-heal|p2a: Phione|293/293 slp|[silent]\n|move|p1a: Mesprit|Psychic|p2a: Phione\n|-damage|p2a: Phione|190/293 slp\n|-unboost|p2a: Phione|spd|1\n|\n|-heal|p2a: Phione|208/293 slp|[from] item: Leftovers\n|upkeep\n|turn|35\n|\n|t:|1782898298\n|cant|p2a: Phione|slp\n|move|p2a: Phione|Sleep Talk|p2a: Phione\n|move|p2a: Phione|Scald|p1a: Mesprit|[from] move: Sleep Talk\n|-damage|p1a: Mesprit|157/275\n|move|p1a: Mesprit|Psychic|p2a: Phione\n|-damage|p2a: Phione|58/293 slp\n|\n|-heal|p2a: Phione|76/293 slp|[from] item: Leftovers\n|upkeep\n|turn|36\n|\n|t:|1782898313\n|cant|p2a: Phione|slp\n|move|p2a: Phione|Sleep Talk|p2a: Phione\n|move|p2a: Phione|Scald|p1a: Mesprit|[from] move: Sleep Talk\n|-damage|p1a: Mesprit|51/275\n|move|p1a: Mesprit|Psychic|p2a: Phione\n|-damage|p2a: Phione|0 fnt\n|faint|p2a: Phione\n|\n|upkeep\n|\n|t:|1782898324\n|switch|p2a: Pachirisu|Pachirisu, L96, M|180/271 brn\n|turn|37\n|\n|t:|1782898326\n|switch|p1a: Fezandipiti|Fezandipiti, L82, M|278/278\n|move|p2a: Pachirisu|Thunderbolt|p1a: Fezandipiti\n|-damage|p1a: Fezandipiti|218/278\n|\n|-heal|p1a: Fezandipiti|235/278|[from] item: Leftovers\n|-damage|p2a: Pachirisu|164/271 brn|[from] brn\n|upkeep\n|turn|38\n|\n|t:|1782898332\n|move|p2a: Pachirisu|Nuzzle|p1a: Fezandipiti\n|-crit|p1a: Fezandipiti\n|-damage|p1a: Fezandipiti|222/278\n|-status|p1a: Fezandipiti|par\n|move|p1a: Fezandipiti|Gunk Shot|p2a: Pachirisu\n|-damage|p2a: Pachirisu|53/271 brn\n|\n|-heal|p1a: Fezandipiti|239/278 par|[from] item: Leftovers\n|-damage|p2a: Pachirisu|37/271 brn|[from] brn\n|upkeep\n|turn|39\n|\n|t:|1782898342\n|switch|p2a: Coalossal|Coalossal, L89, F|341/341\n|cant|p1a: Fezandipiti|par\n|\n|-heal|p1a: Fezandipiti|256/278 par|[from] item: Leftovers\n|upkeep\n|turn|40\n|\n|t:|1782898353\n|switch|p1a: Mesprit|Mesprit, L85|51/275\n|move|p2a: Coalossal|Flamethrower|p1a: Mesprit\n|-damage|p1a: Mesprit|0 fnt\n|faint|p1a: Mesprit\n|\n|upkeep\n|\n|t:|1782898357\n|switch|p1a: Tauros|Tauros-Paldea-Combat, L82, M|257/257\n|-ability|p1a: Tauros|Intimidate|boost\n|-unboost|p2a: Coalossal|atk|1\n|turn|41\n|\n|t:|1782898367\n|switch|p2a: Pachirisu|Pachirisu, L96, M|37/271 brn\n|move|p1a: Tauros|Earthquake|p2a: Pachirisu\n|-supereffective|p2a: Pachirisu\n|-damage|p2a: Pachirisu|0 fnt\n|faint|p2a: Pachirisu\n|-damage|p1a: Tauros|232/257|[from] item: Life Orb\n|\n|upkeep\n|\n|t:|1782898376\n|switch|p2a: Shaymin|Shaymin-Sky, L73|266/266\n|turn|42\n|\n|t:|1782898382\n|switch|p1a: Fezandipiti|Fezandipiti, L82, M|256/278 par\n|move|p2a: Shaymin|Air Slash|p1a: Fezandipiti\n|-damage|p1a: Fezandipiti|163/278 par\n|\n|-heal|p1a: Fezandipiti|180/278 par|[from] item: Leftovers\n|upkeep\n|turn|43\n|\n|t:|1782898385\n|switch|p2a: Coalossal|Coalossal, L89, F|341/341\n|move|p1a: Fezandipiti|Gunk Shot|p2a: Coalossal\n|-resisted|p2a: Coalossal\n|-damage|p2a: Coalossal|296/341\n|-status|p2a: Coalossal|psn\n|\n|-heal|p1a: Fezandipiti|197/278 par|[from] item: Leftovers\n|-damage|p2a: Coalossal|254/341 psn|[from] psn\n|upkeep\n|turn|44\n|\n|t:|1782898391\n|move|p1a: Fezandipiti|Roost|p1a: Fezandipiti\n|-heal|p1a: Fezandipiti|278/278 par\n|-singleturn|p1a: Fezandipiti|move: Roost\n|move|p2a: Coalossal|Will-O-Wisp||[still]\n|-fail|p2a: Coalossal\n|\n|-damage|p2a: Coalossal|212/341 psn|[from] psn\n|upkeep\n|turn|45\n|\n|t:|1782898397\n|move|p1a: Fezandipiti|Moonblast|p2a: Coalossal\n|-resisted|p2a: Coalossal\n|-damage|p2a: Coalossal|178/341 psn\n|move|p2a: Coalossal|Stone Edge|p1a: Fezandipiti|[miss]\n|-miss|p2a: Coalossal|p1a: Fezandipiti\n|\n|-damage|p2a: Coalossal|136/341 psn|[from] psn\n|upkeep\n|turn|46\n|\n|t:|1782898406\n|switch|p1a: Tauros|Tauros-Paldea-Combat, L82, M|232/257\n|-ability|p1a: Tauros|Intimidate|boost\n|-unboost|p2a: Coalossal|atk|1\n|move|p2a: Coalossal|Rapid Spin|p1a: Tauros\n|-crit|p1a: Tauros\n|-damage|p1a: Tauros|187/257\n|-boost|p2a: Coalossal|spe|1\n|\n|-damage|p2a: Coalossal|94/341 psn|[from] psn\n|upkeep\n|turn|47\n|\n|t:|1782898416\n|move|p1a: Tauros|Close Combat|p2a: Coalossal\n|-supereffective|p2a: Coalossal\n|-damage|p2a: Coalossal|0 fnt\n|-unboost|p1a: Tauros|def|1\n|-unboost|p1a: Tauros|spd|1\n|-status|p1a: Tauros|brn|[from] ability: Flame Body|[of] p2a: Coalossal\n|faint|p2a: Coalossal\n|-damage|p1a: Tauros|162/257 brn|[from] item: Life Orb\n|\n|-damage|p1a: Tauros|146/257 brn|[from] brn\n|upkeep\n|\n|t:|1782898419\n|switch|p2a: Shaymin|Shaymin-Sky, L73|266/266\n|turn|48\n|\n|t:|1782898428\n|switch|p1a: Fezandipiti|Fezandipiti, L82, M|278/278 par\n|move|p2a: Shaymin|Air Slash|p1a: Fezandipiti\n|-damage|p1a: Fezandipiti|193/278 par\n|\n|-heal|p1a: Fezandipiti|210/278 par|[from] item: Leftovers\n|upkeep\n|turn|49\n|\n|t:|1782898432\n|move|p2a: Shaymin|Air Slash|p1a: Fezandipiti\n|-damage|p1a: Fezandipiti|120/278 par\n|cant|p1a: Fezandipiti|flinch\n|\n|-heal|p1a: Fezandipiti|137/278 par|[from] item: Leftovers\n|upkeep\n|turn|50\n|\n|t:|1782898437\n|-terastallize|p2a: Shaymin|Flying\n|move|p2a: Shaymin|Air Slash|p1a: Fezandipiti\n|-damage|p1a: Fezandipiti|33/278 par\n|move|p1a: Fezandipiti|Roost|p1a: Fezandipiti\n|-heal|p1a: Fezandipiti|172/278 par\n|-singleturn|p1a: Fezandipiti|move: Roost\n|\n|-heal|p1a: Fezandipiti|189/278 par|[from] item: Leftovers\n|upkeep\n|turn|51\n|\n|t:|1782898442\n|move|p2a: Shaymin|Air Slash|p1a: Fezandipiti\n|-damage|p1a: Fezandipiti|75/278 par\n|move|p1a: Fezandipiti|Roost|p1a: Fezandipiti\n|-heal|p1a: Fezandipiti|214/278 par\n|-singleturn|p1a: Fezandipiti|move: Roost\n|\n|-heal|p1a: Fezandipiti|231/278 par|[from] item: Leftovers\n|upkeep\n|turn|52\n|\n|t:|1782898446\n|move|p2a: Shaymin|Air Slash|p1a: Fezandipiti\n|-damage|p1a: Fezandipiti|125/278 par\n|cant|p1a: Fezandipiti|flinch\n|\n|-heal|p1a: Fezandipiti|142/278 par|[from] item: Leftovers\n|upkeep\n|turn|53\n|\n|t:|1782898450\n|move|p2a: Shaymin|Air Slash|p1a: Fezandipiti\n|-damage|p1a: Fezandipiti|18/278 par\n|cant|p1a: Fezandipiti|flinch\n|\n|-heal|p1a: Fezandipiti|35/278 par|[from] item: Leftovers\n|upkeep\n|turn|54\n|\n|t:|1782898454\n|move|p2a: Shaymin|Air Slash|p1a: Fezandipiti\n|-damage|p1a: Fezandipiti|0 fnt\n|faint|p1a: Fezandipiti\n|\n|upkeep\n|\n|t:|1782898456\n|switch|p1a: Tauros|Tauros-Paldea-Combat, L82, M|146/257 brn\n|-ability|p1a: Tauros|Intimidate|boost\n|-unboost|p2a: Shaymin|atk|1\n|turn|55\n|\n|t:|1782898458\n|-terastallize|p1a: Tauros|Fighting\n|move|p2a: Shaymin|Air Slash|p1a: Tauros\n|-supereffective|p1a: Tauros\n|-damage|p1a: Tauros|0 fnt\n|faint|p1a: Tauros\n|\n|win|Zoubarbar\n|raw|jnpr010334's rating: 1754 &rarr; <strong>1728</strong><br />(-26 for losing)\n|raw|Zoubarbar's rating: 1651 &rarr; <strong>1677</strong><br />(+26 for winning)\n", "inputlog": ">version f8ac14003a5f27e1bdc8d8c59608a773c1cb96e5\n>start {\"formatid\":\"gen9randombattle\",\"seed\":\"sodium,3cde914d74d53ba1a5711e4fdcdc9c43\",\"rated\":\"Rated battle\"}\n>player p1 {\"name\":\"jnpr010334\",\"avatar\":\"265\",\"rating\":1672,\"seed\":\"sodium,2340f06b5c47b52c5c4e9706c02db7e1\"}\n>player p2 {\"name\":\"Zoubarbar\",\"avatar\":\"pokemaniac\",\"rating\":1651,\"seed\":\"sodium,a028101a7fa6762f3bed6db62dfb38ba\"}\n>p1 move thunderwave\n>p2 move crunch\n>p1 move voltswitch\n>p2 move crunch\n>p1 switch 5\n>p1 move bulkup\n>p2 switch 6\n>p1 switch 5\n>p2 move playrough\n>p1 move thunderwave\n>p2 move protect\n>p1 move thunderwave\n>p2 switch 5\n>p1 move scald\n>p2 move superfang\n>p1 move scald\n>p2 move superfang\n>p1 move scald\n>p2 move uturn\n>p2 switch 5\n>p1 switch 2\n>p2 move playrough\n>p1 move uturn\n>p2 move wish\n>p1 switch 2\n>p1 switch 2\n>p2 move playrough\n>p1 move moonblast\n>p2 move protect\n>p1 move gunkshot\n>p2 move encore\n>p1 move moonblast\n>p2 move wish\n>p1 move moonblast\n>p2 move playrough\n>p1 move moonblast\n>p2 move encore\n>p1 move moonblast\n>p2 move wish\n>p1 move moonblast\n>p2 switch 5\n>p1 move gunkshot\n>p2 move uturn\n>p2 switch 2\n>p1 switch 2\n>p2 move willowisp\n>p1 switch 4\n>p1 move psychic\n>p2 switch 6\n>p1 switch 3\n>p2 move crunch\n>p1 move swordsdance\n>p2 move crunch\n>p1 move outrage\n>p2 move crunch\n>p2 switch 5\n>p1 move outrage\n>p2 move wish\n>p1 move ironhead\n>p2 move playrough\n>p2 switch 2\n>p1 move earthquake\n>p2 move thunderbolt\n>p1 switch 6\n>p1 move quiverdance\n>p2 move nuzzle\n>p1 move quiverdance\n>p2 move superfang\n>p1 move bugbuzz\n>p2 move uturn\n>p2 switch 3\n>p1 move bugbuzz\n>p2 move scald\n>p1 switch 3\n>p1 move psychic\n>p2 move takeheart\n>p1 move psychic\n>p2 move rest\n>p1 move psychic\n>p2 move sleeptalk\n>p1 move psychic\n>p2 move sleeptalk\n>p2 switch 3\n>p1 switch 2\n>p2 move thunderbolt\n>p1 move gunkshot\n>p2 move nuzzle\n>p1 move moonblast\n>p2 switch 6\n>p1 switch 2\n>p2 move flamethrower\n>p1 switch 5\n>p1 move earthquake\n>p2 switch 6\n>p2 switch 4\n>p1 switch 2\n>p2 move airslash\n>p1 move gunkshot\n>p2 switch 6\n>p1 move roost\n>p2 move willowisp\n>p1 move moonblast\n>p2 move stoneedge\n>p1 switch 2\n>p2 move rapidspin\n>p1 move closecombat\n>p2 move willowisp\n>p2 switch 6\n>p1 switch 2\n>p2 move airslash\n>p1 move gunkshot\n>p2 move airslash\n>p1 move roost\n>p2 move airslash terastallize\n>p1 move roost\n>p2 move airslash\n>p1 move gunkshot\n>p2 move airslash\n>p1 move roost\n>p2 move airslash\n>p1 move gunkshot\n>p2 move airslash\n>p1 switch 2\n>p1 move bulkup terastallize\n>p2 move airslash", "uploadtime": 1782898458, "views": 7, "formatid": "gen9randombattle", "rating": 1677, "private": 0, "password": null, "player_dets": [{"name": "jnpr010334", "avatar": "265", "rating": 1672, "seed": "sodium,2340f06b5c47b52c5c4e9706c02db7e1"}, {"name": "Zoubarbar", "avatar": "pokemaniac", "rating": 1651, "seed": "sodium,a028101a7fa6762f3bed6db62dfb38ba"}], "teams_full": [{"Lanturn": {"name": "Lanturn", "species": "Lanturn", "speciesId": "lanturn", "gender": "M", "shiny": false, "level": 89, "moves": ["thunderbolt", "scald", "voltswitch", "thunderwave"], "ability": "Volt Absorb", "evs": {"hp": 85, "atk": 0, "def": 85, "spa": 85, "spd": 85, "spe": 85}, "ivs": {"hp": 31, "atk": 0, "def": 31, "spa": 31, "spd": 31, "spe": 31}, "item": "Heavy-Duty Boots", "teraType": "Flying", "role": "Fast Support", "bvs": {"hp": 125, "atk": 58, "def": 58, "spa": 76, "spd": 76, "spe": 67}, "stats": {"hp": 367, "atk": 108, "def": 154, "spa": 186, "spd": 186, "spe": 170}, "types": ["Water", "Electric"]}, "Fezandipiti": {"name": "Fezandipiti", "species": "Fezandipiti", "speciesId": "fezandipiti", "gender": "M", "shiny": false, "level": 82, "moves": ["roost", "uturn", "moonblast", "gunkshot"], "ability": "Toxic Chain", "evs": {"hp": 85, "atk": 85, "def": 85, "spa": 85, "spd": 85, "spe": 85}, "ivs": {"hp": 31, "atk": 31, "def": 31, "spa": 31, "spd": 31, "spe": 31}, "item": "Leftovers", "teraType": "Water", "role": "Bulky Attacker", "bvs": {"hp": 88, "atk": 91, "def": 82, "spa": 70, "spd": 125, "spe": 99}, "stats": {"hp": 278, "atk": 196, "def": 182, "spa": 162, "spd": 252, "spe": 210}, "types": ["Poison", "Fairy"]}, "Archaludon": {"name": "Archaludon", "species": "Archaludon", "speciesId": "archaludon", "gender": "M", "shiny": false, "level": 78, "moves": ["outrage", "swordsdance", "ironhead", "earthquake"], "ability": "Stamina", "evs": {"hp": 85, "atk": 85, "def": 85, "spa": 85, "spd": 85, "spe": 85}, "ivs": {"hp": 31, "atk": 31, "def": 31, "spa": 31, "spd": 31, "spe": 31}, "item": "Lum Berry", "teraType": "Ground", "role": "Bulky Setup", "bvs": {"hp": 90, "atk": 105, "def": 130, "spa": 125, "spd": 65, "spe": 85}, "stats": {"hp": 268, "atk": 209, "def": 248, "spa": 240, "spd": 146, "spe": 178}, "types": ["Steel", "Dragon"]}, "Mesprit": {"name": "Mesprit", "species": "Mesprit", "speciesId": "mesprit", "gender": "N", "shiny": false, "level": 85, "moves": ["thunderbolt", "uturn", "dazzlinggleam", "psychic"], "ability": "Levitate", "evs": {"hp": 85, "atk": 85, "def": 85, "spa": 85, "spd": 85, "spe": 85}, "ivs": {"hp": 31, "atk": 31, "def": 31, "spa": 31, "spd": 31, "spe": 31}, "item": "Choice Specs", "teraType": "Electric", "role": "Fast Attacker", "bvs": {"hp": 80, "atk": 105, "def": 105, "spa": 105, "spd": 105, "spe": 80}, "stats": {"hp": 275, "atk": 227, "def": 227, "spa": 227, "spd": 227, "spe": 185}, "types": ["Psychic"]}, "Tauros": {"name": "Tauros", "species": "Tauros-Paldea-Combat", "speciesId": "taurospaldeacombat", "gender": "M", "shiny": false, "level": 82, "moves": ["closecombat", "stoneedge", "earthquake", "bulkup"], "ability": "Intimidate", "evs": {"hp": 85, "atk": 85, "def": 85, "spa": 85, "spd": 85, "spe": 85}, "ivs": {"hp": 31, "atk": 31, "def": 31, "spa": 31, "spd": 31, "spe": 31}, "item": "Life Orb", "teraType": "Fighting", "role": "Wallbreaker", "bvs": {"hp": 75, "atk": 110, "def": 105, "spa": 30, "spd": 70, "spe": 100}, "stats": {"hp": 257, "atk": 228, "def": 219, "spa": 96, "spd": 162, "spe": 211}, "types": ["Fighting"]}, "Volcarona": {"name": "Volcarona", "species": "Volcarona", "speciesId": "volcarona", "gender": "F", "shiny": false, "level": 77, "moves": ["fireblast", "bugbuzz", "terablast", "quiverdance"], "ability": "Swarm", "evs": {"hp": 85, "atk": 0, "def": 85, "spa": 85, "spd": 85, "spe": 85}, "ivs": {"hp": 31, "atk": 0, "def": 31, "spa": 31, "spd": 31, "spe": 31}, "item": "Heavy-Duty Boots", "teraType": "Ground", "role": "Tera Blast user", "bvs": {"hp": 85, "atk": 60, "def": 65, "spa": 135, "spd": 105, "spe": 100}, "stats": {"hp": 257, "atk": 97, "def": 145, "spa": 252, "spd": 206, "spe": 199}, "types": ["Bug", "Fire"]}}, {"Mabosstiff": {"name": "Mabosstiff", "species": "Mabosstiff", "speciesId": "mabosstiff", "gender": "F", "shiny": false, "level": 86, "moves": ["psychicfangs", "playrough", "wildcharge", "crunch"], "ability": "Stakeout", "evs": {"hp": 85, "atk": 85, "def": 85, "spa": 85, "spd": 85, "spe": 85}, "ivs": {"hp": 31, "atk": 31, "def": 31, "spa": 31, "spd": 31, "spe": 31}, "item": "Choice Scarf", "teraType": "Dark", "role": "Bulky Attacker", "bvs": {"hp": 80, "atk": 120, "def": 90, "spa": 60, "spd": 70, "spe": 85}, "stats": {"hp": 278, "atk": 256, "def": 204, "spa": 152, "spd": 170, "spe": 195}, "types": ["Dark"]}, "Coalossal": {"name": "Coalossal", "species": "Coalossal", "speciesId": "coalossal", "gender": "F", "shiny": false, "level": 89, "moves": ["rapidspin", "willowisp", "stoneedge", "flamethrower"], "ability": "Flame Body", "evs": {"hp": 85, "atk": 85, "def": 85, "spa": 85, "spd": 85, "spe": 85}, "ivs": {"hp": 31, "atk": 31, "def": 31, "spa": 31, "spd": 31, "spe": 31}, "item": "Heavy-Duty Boots", "teraType": "Water", "role": "Bulky Support", "bvs": {"hp": 110, "atk": 80, "def": 120, "spa": 80, "spd": 90, "spe": 30}, "stats": {"hp": 341, "atk": 193, "def": 264, "spa": 193, "spd": 211, "spe": 104}, "types": ["Rock", "Fire"]}, "Phione": {"name": "Phione", "species": "Phione", "speciesId": "phione", "gender": "N", "shiny": false, "level": 91, "moves": ["rest", "sleeptalk", "scald", "takeheart"], "ability": "Hydration", "evs": {"hp": 85, "atk": 0, "def": 85, "spa": 85, "spd": 85, "spe": 85}, "ivs": {"hp": 31, "atk": 0, "def": 31, "spa": 31, "spd": 31, "spe": 31}, "item": "Leftovers", "teraType": "Dragon", "role": "Bulky Setup", "bvs": {"hp": 80, "atk": 80, "def": 80, "spa": 80, "spd": 80, "spe": 80}, "stats": {"hp": 293, "atk": 150, "def": 197, "spa": 197, "spd": 197, "spe": 197}, "types": ["Water"]}, "Shaymin": {"name": "Shaymin", "species": "Shaymin-Sky", "speciesId": "shayminsky", "gender": "N", "shiny": false, "level": 73, "moves": ["airslash", "seedflare", "dazzlinggleam", "earthpower"], "ability": "Serene Grace", "evs": {"hp": 85, "atk": 0, "def": 85, "spa": 85, "spd": 85, "spe": 85}, "ivs": {"hp": 31, "atk": 0, "def": 31, "spa": 31, "spd": 31, "spe": 31}, "item": "Choice Specs", "teraType": "Flying", "role": "Fast Attacker", "bvs": {"hp": 100, "atk": 103, "def": 75, "spa": 120, "spd": 75, "spe": 127}, "stats": {"hp": 266, "atk": 155, "def": 152, "spa": 218, "spd": 152, "spe": 228}, "types": ["Grass", "Flying"]}, "Pachirisu": {"name": "Pachirisu", "species": "Pachirisu", "speciesId": "pachirisu", "gender": "M", "shiny": false, "level": 96, "moves": ["superfang", "thunderbolt", "nuzzle", "uturn"], "ability": "Volt Absorb", "evs": {"hp": 85, "atk": 85, "def": 85, "spa": 85, "spd": 85, "spe": 85}, "ivs": {"hp": 31, "atk": 31, "def": 31, "spa": 31, "spd": 31, "spe": 31}, "item": "Assault Vest", "teraType": "Flying", "role": "AV Pivot", "bvs": {"hp": 60, "atk": 45, "def": 70, "spa": 45, "spd": 90, "spe": 95}, "stats": {"hp": 271, "atk": 141, "def": 189, "spa": 141, "spd": 227, "spe": 237}, "types": ["Electric"]}, "Scream Tail": {"name": "Scream Tail", "species": "Scream Tail", "speciesId": "screamtail", "gender": "N", "shiny": false, "level": 84, "moves": ["protect", "encore", "playrough", "wish"], "ability": "Protosynthesis", "evs": {"hp": 85, "atk": 85, "def": 85, "spa": 85, "spd": 85, "spe": 85}, "ivs": {"hp": 31, "atk": 31, "def": 31, "spa": 31, "spd": 31, "spe": 31}, "item": "Leftovers", "teraType": "Steel", "role": "Bulky Support", "bvs": {"hp": 115, "atk": 65, "def": 99, "spa": 65, "spd": 115, "spe": 111}, "stats": {"hp": 330, "atk": 157, "def": 215, "spa": 157, "spd": 241, "spe": 235}, "types": ["Fairy", "Psychic"]}}]}