{"id": "gen9randombattle-2642060083", "format": "[Gen 9] Random Battle", "players": ["jnpr010334", "Draxen23"], "log": "|j|\u2606jnpr010334\n|j|\u2606Draxen23\n|t:|1782881404\n|gametype|singles\n|player|p1|jnpr010334|265|1671\n|player|p2|Draxen23|steven|1623\n|gen|9\n|tier|[Gen 9] Random Battle\n|rated|\n|rule|Species Clause: Limit one of each Pok\u00e9mon\n|rule|HP Percentage Mod: HP is shown in percentages\n|rule|Sleep Clause Mod: Limit one foe put to sleep\n|rule|Illusion Level Mod: Illusion disguises the Pok\u00e9mon's true level\n|\n|t:|1782881404\n|teamsize|p1|6\n|teamsize|p2|6\n|start\n|switch|p1a: Palkia|Palkia, L75|259/259\n|switch|p2a: Medicham|Medicham, L86, F|243/243\n|-ability|p1a: Palkia|Pressure\n|turn|1\n|inactive|Battle timer is ON: inactive players will automatically lose when time's up. (requested by jnpr010334)\n|\n|t:|1782881418\n|-terastallize|p1a: Palkia|Dragon\n|move|p1a: Palkia|Spacial Rend|p2a: Medicham\n|-damage|p2a: Medicham|67/243\n|move|p2a: Medicham|Zen Headbutt|p1a: Palkia\n|-damage|p1a: Palkia|79/259\n|\n|upkeep\n|turn|2\n|\n|t:|1782881433\n|switch|p2a: Tauros|Tauros, L82, M|257/257\n|move|p1a: Palkia|Spacial Rend|p2a: Tauros\n|-damage|p2a: Tauros|57/257\n|\n|upkeep\n|turn|3\n|\n|t:|1782881437\n|move|p1a: Palkia|Spacial Rend|p2a: Tauros\n|-damage|p2a: Tauros|0 fnt\n|faint|p2a: Tauros\n|\n|upkeep\n|\n|t:|1782881440\n|switch|p2a: Inteleon|Inteleon, L81, M|246/246\n|turn|4\n|\n|t:|1782881443\n|move|p1a: Palkia|Spacial Rend|p2a: Inteleon\n|-damage|p2a: Inteleon|22/246\n|move|p2a: Inteleon|Ice Beam|p1a: Palkia\n|-supereffective|p1a: Palkia\n|-damage|p1a: Palkia|0 fnt\n|faint|p1a: Palkia\n|\n|upkeep\n|\n|t:|1782881446\n|switch|p1a: Alcremie|Alcremie, L90, F|263/263\n|turn|5\n|\n|t:|1782881452\n|switch|p2a: Entei|Entei, L78|307/307\n|move|p1a: Alcremie|Alluring Voice|p2a: Entei\n|-resisted|p2a: Entei\n|-damage|p2a: Entei|243/307\n|\n|upkeep\n|turn|6\n|\n|t:|1782881456\n|switch|p1a: Iron Boulder|Iron Boulder, L77|265/265\n|-enditem|p1a: Iron Boulder|Booster Energy\n|-activate|p1a: Iron Boulder|ability: Quark Drive|[fromitem]\n|-start|p1a: Iron Boulder|quarkdrivespe\n|move|p2a: Entei|Flare Blitz|p1a: Iron Boulder\n|-resisted|p1a: Iron Boulder\n|-damage|p1a: Iron Boulder|145/265\n|-status|p1a: Iron Boulder|brn\n|-damage|p2a: Entei|203/307|[from] Recoil\n|\n|-damage|p1a: Iron Boulder|129/265 brn|[from] brn\n|upkeep\n|turn|7\n|\n|t:|1782881467\n|switch|p2a: Camerupt|Camerupt, L91, F|275/275\n|move|p1a: Iron Boulder|Swords Dance|p1a: Iron Boulder\n|-boost|p1a: Iron Boulder|atk|2\n|\n|-damage|p1a: Iron Boulder|113/265 brn|[from] brn\n|upkeep\n|turn|8\n|\n|t:|1782881471\n|move|p1a: Iron Boulder|Mighty Cleave|p2a: Camerupt\n|-damage|p2a: Camerupt|171/275\n|move|p2a: Camerupt|Stealth Rock|p1a: Iron Boulder\n|-sidestart|p1: jnpr010334|move: Stealth Rock\n|\n|-heal|p2a: Camerupt|188/275|[from] item: Leftovers\n|-damage|p1a: Iron Boulder|97/265 brn|[from] brn\n|upkeep\n|turn|9\n|\n|t:|1782881474\n|move|p1a: Iron Boulder|Mighty Cleave|p2a: Camerupt\n|-damage|p2a: Camerupt|79/275\n|move|p2a: Camerupt|Earthquake|p1a: Iron Boulder\n|-supereffective|p1a: Iron Boulder\n|-crit|p1a: Iron Boulder\n|-damage|p1a: Iron Boulder|0 fnt\n|faint|p1a: Iron Boulder\n|-end|p1a: Iron Boulder|Quark Drive|[silent]\n|\n|-heal|p2a: Camerupt|96/275|[from] item: Leftovers\n|upkeep\n|\n|t:|1782881475\n|switch|p1a: Okidogi|Okidogi, L77, M|262/262\n|-damage|p1a: Okidogi|246/262|[from] Stealth Rock\n|turn|10\n|\n|t:|1782881494\n|switch|p2a: Dondozo|Dondozo, L78, F|362/362\n|move|p1a: Okidogi|Drain Punch|p2a: Dondozo\n|-damage|p2a: Dondozo|286/362\n|-heal|p1a: Okidogi|262/262|[from] drain|[of] p2a: Dondozo\n|\n|-heal|p2a: Dondozo|308/362|[from] item: Leftovers\n|upkeep\n|turn|11\n|\n|t:|1782881499\n|move|p1a: Okidogi|Gunk Shot|p2a: Dondozo\n|-damage|p2a: Dondozo|187/362\n|-status|p2a: Dondozo|tox|[from] ability: Toxic Chain|[of] p1a: Okidogi\n|move|p2a: Dondozo|Curse|p2a: Dondozo\n|-unboost|p2a: Dondozo|spe|1\n|-boost|p2a: Dondozo|atk|1\n|-boost|p2a: Dondozo|def|1\n|\n|-heal|p2a: Dondozo|209/362 tox|[from] item: Leftovers\n|-damage|p2a: Dondozo|187/362 tox|[from] psn\n|upkeep\n|turn|12\n|\n|t:|1782881505\n|switch|p1a: Fezandipiti|Fezandipiti, L82, M|278/278\n|-damage|p1a: Fezandipiti|244/278|[from] Stealth Rock\n|move|p2a: Dondozo|Rest|p2a: Dondozo\n|-status|p2a: Dondozo|slp|[from] move: Rest\n|-heal|p2a: Dondozo|362/362 slp|[silent]\n|\n|-heal|p1a: Fezandipiti|261/278|[from] item: Leftovers\n|upkeep\n|turn|13\n|\n|t:|1782881511\n|move|p1a: Fezandipiti|Moonblast|p2a: Dondozo\n|-damage|p2a: Dondozo|256/362 slp\n|cant|p2a: Dondozo|slp\n|move|p2a: Dondozo|Sleep Talk|p2a: Dondozo\n|move|p2a: Dondozo|Rest||[from] move: Sleep Talk|[still]\n|-fail|p2a: Dondozo\n|\n|-heal|p1a: Fezandipiti|278/278|[from] item: Leftovers\n|-heal|p2a: Dondozo|278/362 slp|[from] item: Leftovers\n|upkeep\n|turn|14\n|\n|t:|1782881524\n|move|p1a: Fezandipiti|Moonblast|p2a: Dondozo\n|-damage|p2a: Dondozo|173/362 slp\n|cant|p2a: Dondozo|slp\n|move|p2a: Dondozo|Sleep Talk|p2a: Dondozo\n|move|p2a: Dondozo|Rest||[from] move: Sleep Talk|[still]\n|-fail|p2a: Dondozo\n|\n|-heal|p2a: Dondozo|195/362 slp|[from] item: Leftovers\n|upkeep\n|turn|15\n|\n|t:|1782881538\n|move|p1a: Fezandipiti|Moonblast|p2a: Dondozo\n|-damage|p2a: Dondozo|95/362 slp\n|-curestatus|p2a: Dondozo|slp|[msg]\n|move|p2a: Dondozo|Rest|p2a: Dondozo\n|-status|p2a: Dondozo|slp|[from] move: Rest\n|-heal|p2a: Dondozo|362/362 slp|[silent]\n|\n|upkeep\n|turn|16\n|\n|t:|1782881541\n|move|p1a: Fezandipiti|Moonblast|p2a: Dondozo\n|-damage|p2a: Dondozo|259/362 slp\n|cant|p2a: Dondozo|slp\n|move|p2a: Dondozo|Sleep Talk|p2a: Dondozo\n|move|p2a: Dondozo|Rest||[from] move: Sleep Talk|[still]\n|-fail|p2a: Dondozo\n|\n|-heal|p2a: Dondozo|281/362 slp|[from] item: Leftovers\n|upkeep\n|turn|17\n|\n|t:|1782881544\n|move|p1a: Fezandipiti|Moonblast|p2a: Dondozo\n|-damage|p2a: Dondozo|184/362 slp\n|-unboost|p2a: Dondozo|spa|1\n|cant|p2a: Dondozo|slp\n|move|p2a: Dondozo|Sleep Talk|p2a: Dondozo\n|move|p2a: Dondozo|Rest||[from] move: Sleep Talk|[still]\n|-fail|p2a: Dondozo\n|\n|-heal|p2a: Dondozo|206/362 slp|[from] item: Leftovers\n|upkeep\n|turn|18\n|\n|t:|1782881551\n|move|p1a: Fezandipiti|Moonblast|p2a: Dondozo\n|-damage|p2a: Dondozo|112/362 slp\n|-curestatus|p2a: Dondozo|slp|[msg]\n|move|p2a: Dondozo|Rest|p2a: Dondozo\n|-status|p2a: Dondozo|slp|[from] move: Rest\n|-heal|p2a: Dondozo|362/362 slp|[silent]\n|\n|upkeep\n|turn|19\n|\n|t:|1782881555\n|move|p1a: Fezandipiti|Moonblast|p2a: Dondozo\n|-damage|p2a: Dondozo|254/362 slp\n|cant|p2a: Dondozo|slp\n|move|p2a: Dondozo|Sleep Talk|p2a: Dondozo\n|move|p2a: Dondozo|Wave Crash|p1a: Fezandipiti|[from] move: Sleep Talk\n|-crit|p1a: Fezandipiti\n|-damage|p1a: Fezandipiti|23/278\n|-damage|p2a: Dondozo|170/362 slp|[from] Recoil\n|\n|-heal|p1a: Fezandipiti|40/278|[from] item: Leftovers\n|-heal|p2a: Dondozo|192/362 slp|[from] item: Leftovers\n|upkeep\n|turn|20\n|\n|t:|1782881557\n|move|p1a: Fezandipiti|Roost|p1a: Fezandipiti\n|-heal|p1a: Fezandipiti|179/278\n|-singleturn|p1a: Fezandipiti|move: Roost\n|cant|p2a: Dondozo|slp\n|move|p2a: Dondozo|Sleep Talk|p2a: Dondozo\n|move|p2a: Dondozo|Wave Crash|p1a: Fezandipiti|[from] move: Sleep Talk\n|-damage|p1a: Fezandipiti|0 fnt\n|faint|p1a: Fezandipiti\n|-damage|p2a: Dondozo|133/362 slp|[from] Recoil\n|\n|-heal|p2a: Dondozo|155/362 slp|[from] item: Leftovers\n|upkeep\n|\n|t:|1782881560\n|switch|p1a: Alcremie|Alcremie, L90, F|263/263\n|-damage|p1a: Alcremie|231/263|[from] Stealth Rock\n|turn|21\n|\n|t:|1782881566\n|move|p1a: Alcremie|Alluring Voice|p2a: Dondozo\n|-damage|p2a: Dondozo|2/362 slp\n|-curestatus|p2a: Dondozo|slp|[msg]\n|move|p2a: Dondozo|Rest|p2a: Dondozo\n|-status|p2a: Dondozo|slp|[from] move: Rest\n|-heal|p2a: Dondozo|362/362 slp|[silent]\n|\n|-heal|p1a: Alcremie|247/263|[from] item: Leftovers\n|upkeep\n|turn|22\n|\n|t:|1782881576\n|move|p1a: Alcremie|Alluring Voice|p2a: Dondozo\n|-damage|p2a: Dondozo|212/362 slp\n|cant|p2a: Dondozo|slp\n|move|p2a: Dondozo|Sleep Talk|p2a: Dondozo\n|move|p2a: Dondozo|Rest||[from] move: Sleep Talk|[still]\n|-fail|p2a: Dondozo\n|\n|-heal|p1a: Alcremie|263/263|[from] item: Leftovers\n|-heal|p2a: Dondozo|234/362 slp|[from] item: Leftovers\n|upkeep\n|turn|23\n|\n|t:|1782881581\n|switch|p2a: Entei|Entei, L78|203/307\n|move|p1a: Alcremie|Alluring Voice|p2a: Entei\n|-resisted|p2a: Entei\n|-damage|p2a: Entei|135/307\n|\n|upkeep\n|turn|24\n|\n|t:|1782881585\n|switch|p1a: Okidogi|Okidogi, L77, M|262/262\n|-damage|p1a: Okidogi|246/262|[from] Stealth Rock\n|move|p2a: Entei|Sacred Fire|p1a: Okidogi\n|-damage|p1a: Okidogi|107/262\n|\n|-heal|p1a: Okidogi|123/262|[from] item: Leftovers\n|upkeep\n|turn|25\n|\n|t:|1782881594\n|move|p2a: Entei|Sacred Fire|p1a: Okidogi\n|-damage|p1a: Okidogi|0 fnt\n|faint|p1a: Okidogi\n|\n|upkeep\n|\n|t:|1782881595\n|switch|p1a: Ditto|Ditto, L87|225/225\n|-damage|p1a: Ditto|197/225|[from] Stealth Rock\n|-transform|p1a: Ditto|p2a: Entei|[from] ability: Imposter\n|turn|26\n|\n|t:|1782881603\n|switch|p2a: Camerupt|Camerupt, L91, F|96/275\n|move|p1a: Ditto|Flare Blitz|p2a: Camerupt\n|-resisted|p2a: Camerupt\n|-damage|p2a: Camerupt|24/275\n|-damage|p1a: Ditto|173/225|[from] Recoil\n|\n|-heal|p2a: Camerupt|41/275|[from] item: Leftovers\n|upkeep\n|turn|27\n|\n|t:|1782881611\n|switch|p2a: Dondozo|Dondozo, L78, F|234/362 slp\n|move|p1a: Ditto|Flare Blitz|p2a: Dondozo\n|-resisted|p2a: Dondozo\n|-damage|p2a: Dondozo|170/362 slp\n|-damage|p1a: Ditto|152/225|[from] Recoil\n|\n|-heal|p2a: Dondozo|192/362 slp|[from] item: Leftovers\n|upkeep\n|turn|28\n|\n|t:|1782881614\n|switch|p1a: Alcremie|Alcremie, L90, F|263/263\n|-damage|p1a: Alcremie|231/263|[from] Stealth Rock\n|cant|p2a: Dondozo|slp\n|move|p2a: Dondozo|Sleep Talk|p2a: Dondozo\n|move|p2a: Dondozo|Rest||[from] move: Sleep Talk|[still]\n|-fail|p2a: Dondozo\n|\n|-heal|p1a: Alcremie|247/263|[from] item: Leftovers\n|-heal|p2a: Dondozo|214/362 slp|[from] item: Leftovers\n|upkeep\n|turn|29\n|\n|t:|1782881618\n|move|p1a: Alcremie|Calm Mind|p1a: Alcremie\n|-boost|p1a: Alcremie|spa|1\n|-boost|p1a: Alcremie|spd|1\n|-curestatus|p2a: Dondozo|slp|[msg]\n|move|p2a: Dondozo|Rest|p2a: Dondozo\n|-status|p2a: Dondozo|slp|[from] move: Rest\n|-heal|p2a: Dondozo|362/362 slp|[silent]\n|\n|-heal|p1a: Alcremie|263/263|[from] item: Leftovers\n|upkeep\n|turn|30\n|\n|t:|1782881621\n|move|p1a: Alcremie|Alluring Voice|p2a: Dondozo\n|-damage|p2a: Dondozo|217/362 slp\n|cant|p2a: Dondozo|slp\n|move|p2a: Dondozo|Sleep Talk|p2a: Dondozo\n|move|p2a: Dondozo|Curse|p2a: Dondozo|[from] move: Sleep Talk\n|-unboost|p2a: Dondozo|spe|1\n|-boost|p2a: Dondozo|atk|1\n|-boost|p2a: Dondozo|def|1\n|\n|-heal|p2a: Dondozo|239/362 slp|[from] item: Leftovers\n|upkeep\n|turn|31\n|\n|t:|1782881625\n|move|p1a: Alcremie|Calm Mind|p1a: Alcremie\n|-boost|p1a: Alcremie|spa|1\n|-boost|p1a: Alcremie|spd|1\n|cant|p2a: Dondozo|slp\n|move|p2a: Dondozo|Sleep Talk|p2a: Dondozo\n|move|p2a: Dondozo|Rest||[from] move: Sleep Talk|[still]\n|-fail|p2a: Dondozo\n|\n|-heal|p2a: Dondozo|261/362 slp|[from] item: Leftovers\n|upkeep\n|turn|32\n|\n|t:|1782881631\n|move|p1a: Alcremie|Alluring Voice|p2a: Dondozo\n|-damage|p2a: Dondozo|126/362 slp\n|-curestatus|p2a: Dondozo|slp|[msg]\n|move|p2a: Dondozo|Rest|p2a: Dondozo\n|-status|p2a: Dondozo|slp|[from] move: Rest\n|-heal|p2a: Dondozo|362/362 slp|[silent]\n|\n|upkeep\n|turn|33\n|\n|t:|1782881637\n|move|p1a: Alcremie|Alluring Voice|p2a: Dondozo\n|-damage|p2a: Dondozo|221/362 slp\n|cant|p2a: Dondozo|slp\n|move|p2a: Dondozo|Sleep Talk|p2a: Dondozo\n|move|p2a: Dondozo|Curse|p2a: Dondozo|[from] move: Sleep Talk\n|-unboost|p2a: Dondozo|spe|1\n|-boost|p2a: Dondozo|atk|1\n|-boost|p2a: Dondozo|def|1\n|\n|-heal|p2a: Dondozo|243/362 slp|[from] item: Leftovers\n|upkeep\n|turn|34\n|\n|t:|1782881641\n|move|p1a: Alcremie|Alluring Voice|p2a: Dondozo\n|-damage|p2a: Dondozo|108/362 slp\n|cant|p2a: Dondozo|slp\n|move|p2a: Dondozo|Sleep Talk|p2a: Dondozo\n|move|p2a: Dondozo|Curse|p2a: Dondozo|[from] move: Sleep Talk\n|-unboost|p2a: Dondozo|spe|1\n|-boost|p2a: Dondozo|atk|1\n|-boost|p2a: Dondozo|def|1\n|\n|-heal|p2a: Dondozo|130/362 slp|[from] item: Leftovers\n|upkeep\n|turn|35\n|\n|t:|1782881653\n|move|p1a: Alcremie|Alluring Voice|p2a: Dondozo\n|-damage|p2a: Dondozo|0 fnt\n|faint|p2a: Dondozo\n|\n|upkeep\n|\n|t:|1782881665\n|switch|p2a: Inteleon|Inteleon, L81, M|22/246\n|turn|36\n|\n|t:|1782881670\n|move|p2a: Inteleon|Ice Beam|p1a: Alcremie\n|-damage|p1a: Alcremie|220/263\n|move|p1a: Alcremie|Recover|p1a: Alcremie\n|-heal|p1a: Alcremie|263/263\n|\n|upkeep\n|turn|37\n|\n|t:|1782881676\n|move|p2a: Inteleon|Ice Beam|p1a: Alcremie\n|-damage|p1a: Alcremie|221/263\n|move|p1a: Alcremie|Recover|p1a: Alcremie\n|-heal|p1a: Alcremie|263/263\n|\n|upkeep\n|turn|38\n|\n|t:|1782881680\n|move|p2a: Inteleon|Ice Beam|p1a: Alcremie\n|-damage|p1a: Alcremie|221/263\n|move|p1a: Alcremie|Recover|p1a: Alcremie\n|-heal|p1a: Alcremie|263/263\n|\n|upkeep\n|turn|39\n|\n|t:|1782881685\n|move|p2a: Inteleon|Ice Beam|p1a: Alcremie\n|-damage|p1a: Alcremie|223/263\n|move|p1a: Alcremie|Recover|p1a: Alcremie\n|-heal|p1a: Alcremie|263/263\n|\n|upkeep\n|turn|40\n|\n|t:|1782881689\n|move|p2a: Inteleon|Ice Beam|p1a: Alcremie\n|-damage|p1a: Alcremie|226/263\n|move|p1a: Alcremie|Calm Mind|p1a: Alcremie\n|-boost|p1a: Alcremie|spa|1\n|-boost|p1a: Alcremie|spd|1\n|\n|-heal|p1a: Alcremie|242/263|[from] item: Leftovers\n|upkeep\n|turn|41\n|\n|t:|1782881692\n|move|p2a: Inteleon|Ice Beam|p1a: Alcremie\n|-crit|p1a: Alcremie\n|-damage|p1a: Alcremie|116/263\n|move|p1a: Alcremie|Recover|p1a: Alcremie\n|-heal|p1a: Alcremie|248/263\n|\n|-heal|p1a: Alcremie|263/263|[from] item: Leftovers\n|upkeep\n|turn|42\n|\n|t:|1782881694\n|move|p2a: Inteleon|Ice Beam|p1a: Alcremie\n|-damage|p1a: Alcremie|232/263\n|move|p1a: Alcremie|Recover|p1a: Alcremie\n|-heal|p1a: Alcremie|263/263\n|\n|upkeep\n|turn|43\n|\n|t:|1782881697\n|move|p2a: Inteleon|Ice Beam|p1a: Alcremie\n|-damage|p1a: Alcremie|232/263\n|move|p1a: Alcremie|Recover|p1a: Alcremie\n|-heal|p1a: Alcremie|263/263\n|\n|upkeep\n|turn|44\n|\n|t:|1782881700\n|move|p2a: Inteleon|Ice Beam|p1a: Alcremie\n|-damage|p1a: Alcremie|233/263\n|move|p1a: Alcremie|Recover|p1a: Alcremie\n|-heal|p1a: Alcremie|263/263\n|\n|upkeep\n|turn|45\n|\n|t:|1782881702\n|move|p2a: Inteleon|Ice Beam|p1a: Alcremie\n|-damage|p1a: Alcremie|231/263\n|move|p1a: Alcremie|Calm Mind|p1a: Alcremie\n|-boost|p1a: Alcremie|spa|1\n|-boost|p1a: Alcremie|spd|1\n|\n|-heal|p1a: Alcremie|247/263|[from] item: Leftovers\n|upkeep\n|turn|46\n|\n|t:|1782881705\n|move|p2a: Inteleon|Ice Beam|p1a: Alcremie\n|-damage|p1a: Alcremie|219/263\n|move|p1a: Alcremie|Alluring Voice|p2a: Inteleon\n|-damage|p2a: Inteleon|0 fnt\n|faint|p2a: Inteleon\n|\n|-heal|p1a: Alcremie|235/263|[from] item: Leftovers\n|upkeep\n|\n|t:|1782881717\n|switch|p2a: Camerupt|Camerupt, L91, F|41/275\n|turn|47\n|\n|t:|1782881722\n|move|p1a: Alcremie|Alluring Voice|p2a: Camerupt\n|-resisted|p2a: Camerupt\n|-crit|p2a: Camerupt\n|-damage|p2a: Camerupt|0 fnt\n|faint|p2a: Camerupt\n|\n|-heal|p1a: Alcremie|251/263|[from] item: Leftovers\n|upkeep\n|\n|t:|1782881730\n|switch|p2a: Medicham|Medicham, L86, F|67/243\n|turn|48\n|\n|t:|1782881733\n|move|p2a: Medicham|Bullet Punch|p1a: Alcremie\n|-supereffective|p1a: Alcremie\n|-damage|p1a: Alcremie|127/263\n|move|p1a: Alcremie|Alluring Voice|p2a: Medicham\n|-supereffective|p2a: Medicham\n|-damage|p2a: Medicham|0 fnt\n|faint|p2a: Medicham\n|\n|-heal|p1a: Alcremie|143/263|[from] item: Leftovers\n|upkeep\n|\n|t:|1782881737\n|switch|p2a: Entei|Entei, L78|135/307\n|turn|49\n|\n|t:|1782881739\n|move|p2a: Entei|Extreme Speed|p1a: Alcremie\n|-damage|p1a: Alcremie|48/263\n|move|p1a: Alcremie|Alluring Voice|p2a: Entei\n|-resisted|p2a: Entei\n|-damage|p2a: Entei|0 fnt\n|faint|p2a: Entei\n|\n|win|jnpr010334\n|raw|jnpr010334's rating: 1697 &rarr; <strong>1713</strong><br />(+16 for winning)\n|raw|Draxen23's rating: 1623 &rarr; <strong>1607</strong><br />(-16 for losing)\n", "inputlog": ">version f8ac14003a5f27e1bdc8d8c59608a773c1cb96e5\n>start {\"formatid\":\"gen9randombattle\",\"seed\":\"sodium,301a0db873eed6d570425c2ed6a0e716\",\"rated\":\"Rated battle\"}\n>player p1 {\"name\":\"jnpr010334\",\"avatar\":\"265\",\"rating\":1671,\"seed\":\"sodium,eaceaeeea07bb00e29a86819a1a5bfc8\"}\n>player p2 {\"name\":\"Draxen23\",\"avatar\":\"steven\",\"rating\":1623,\"seed\":\"sodium,ca5a43b5c8a309885d80756b0a18adc4\"}\n>p1 move spacialrend terastallize\n>p2 move zenheadbutt\n>p1 move spacialrend\n>p2 switch 2\n>p1 move spacialrend\n>p2 move bodyslam\n>p2 switch 3\n>p1 move spacialrend\n>p2 move icebeam\n>p1 switch 6\n>p1 move alluringvoice\n>p2 switch 4\n>p1 switch 5\n>p2 move flareblitz\n>p1 move swordsdance\n>p2 switch 6\n>p1 move mightycleave\n>p2 move stealthrock\n>p1 move mightycleave\n>p2 move earthquake\n>p1 switch 2\n>p1 move drainpunch\n>p2 switch 5\n>p1 move gunkshot\n>p2 move curse\n>p1 switch 3\n>p2 move rest\n>p1 move moonblast\n>p2 move sleeptalk\n>p1 move moonblast\n>p2 move sleeptalk\n>p1 move moonblast\n>p2 move rest\n>p1 move moonblast\n>p2 move sleeptalk\n>p1 move moonblast\n>p2 move sleeptalk\n>p1 move moonblast\n>p2 move rest\n>p1 move moonblast\n>p2 move sleeptalk\n>p1 move roost\n>p2 move sleeptalk\n>p1 switch 5\n>p1 move alluringvoice\n>p2 move rest\n>p1 move alluringvoice\n>p2 move sleeptalk\n>p1 move alluringvoice\n>p2 switch 6\n>p1 switch 3\n>p2 move sacredfire\n>p1 move drainpunch\n>p2 move sacredfire\n>p1 switch 4\n>p1 move flareblitz\n>p2 switch 5\n>p1 move flareblitz\n>p2 switch 6\n>p1 switch 3\n>p2 move sleeptalk\n>p1 move calmmind\n>p2 move rest\n>p1 move alluringvoice\n>p2 move sleeptalk\n>p1 move calmmind\n>p2 move sleeptalk\n>p1 move alluringvoice\n>p2 move rest\n>p1 move alluringvoice\n>p2 move sleeptalk\n>p1 move alluringvoice\n>p2 move sleeptalk\n>p1 move alluringvoice\n>p2 move rest\n>p2 switch 4\n>p1 move recover\n>p2 move icebeam\n>p1 move recover\n>p2 move icebeam\n>p1 move recover\n>p2 move icebeam\n>p1 move recover\n>p2 move icebeam\n>p1 move calmmind\n>p2 move icebeam\n>p1 move recover\n>p2 move icebeam\n>p1 move recover\n>p2 move icebeam\n>p1 move recover\n>p2 move icebeam\n>p1 move recover\n>p2 move icebeam\n>p1 move calmmind\n>p2 move icebeam\n>p1 move alluringvoice\n>p2 move icebeam\n>p2 switch 6\n>p1 move alluringvoice\n>p2 move earthquake\n>p2 switch 2\n>p1 move alluringvoice\n>p2 move bulletpunch\n>p2 switch 5\n>p1 move alluringvoice\n>p2 move extremespeed", "uploadtime": 1782881740, "views": 2, "formatid": "gen9randombattle", "rating": 1607, "private": 0, "password": null, "player_dets": [{"name": "jnpr010334", "avatar": "265", "rating": 1671, "seed": "sodium,eaceaeeea07bb00e29a86819a1a5bfc8"}, {"name": "Draxen23", "avatar": "steven", "rating": 1623, "seed": "sodium,ca5a43b5c8a309885d80756b0a18adc4"}], "teams_full": [{"Palkia": {"name": "Palkia", "species": "Palkia", "speciesId": "palkia", "gender": "N", "shiny": false, "level": 75, "moves": ["fireblast", "spacialrend", "hydropump", "dracometeor"], "ability": "Pressure", "evs": {"hp": 85, "atk": 0, "def": 85, "spa": 85, "spd": 85, "spe": 85}, "ivs": {"hp": 31, "atk": 0, "def": 31, "spa": 31, "spd": 31, "spe": 31}, "item": "Choice Scarf", "teraType": "Dragon", "role": "Fast Attacker", "bvs": {"hp": 90, "atk": 120, "def": 100, "spa": 150, "spd": 120, "spe": 100}, "stats": {"hp": 259, "atk": 185, "def": 194, "spa": 269, "spd": 224, "spe": 194}, "types": ["Water", "Dragon"]}, "Okidogi": {"name": "Okidogi", "species": "Okidogi", "speciesId": "okidogi", "gender": "M", "shiny": false, "level": 77, "moves": ["bulkup", "drainpunch", "knockoff", "gunkshot"], "ability": "Toxic Chain", "evs": {"hp": 85, "atk": 85, "def": 85, "spa": 85, "spd": 85, "spe": 85}, "ivs": {"hp": 31, "atk": 31, "def": 31, "spa": 31, "spd": 31, "spe": 31}, "item": "Leftovers", "teraType": "Dark", "role": "Bulky Setup", "bvs": {"hp": 88, "atk": 128, "def": 115, "spa": 58, "spd": 86, "spe": 80}, "stats": {"hp": 262, "atk": 242, "def": 222, "spa": 134, "spd": 177, "spe": 168}, "types": ["Poison", "Fighting"]}, "Fezandipiti": {"name": "Fezandipiti", "species": "Fezandipiti", "speciesId": "fezandipiti", "gender": "M", "shiny": false, "level": 82, "moves": ["gunkshot", "roost", "beatup", "moonblast"], "ability": "Toxic Chain", "evs": {"hp": 85, "atk": 85, "def": 85, "spa": 85, "spd": 85, "spe": 85}, "ivs": {"hp": 31, "atk": 31, "def": 31, "spa": 31, "spd": 31, "spe": 31}, "item": "Leftovers", "teraType": "Dark", "role": "Bulky Attacker", "bvs": {"hp": 88, "atk": 91, "def": 82, "spa": 70, "spd": 125, "spe": 99}, "stats": {"hp": 278, "atk": 196, "def": 182, "spa": 162, "spd": 252, "spe": 210}, "types": ["Poison", "Fairy"]}, "Ditto": {"name": "Ditto", "species": "Ditto", "speciesId": "ditto", "gender": "N", "shiny": false, "level": 87, "moves": ["transform"], "ability": "Imposter", "evs": {"hp": 85, "atk": 85, "def": 85, "spa": 85, "spd": 85, "spe": 85}, "ivs": {"hp": 31, "atk": 31, "def": 31, "spa": 31, "spd": 31, "spe": 31}, "item": "Choice Scarf", "teraType": "Steel", "role": "Fast Support", "bvs": {"hp": 48, "atk": 48, "def": 48, "spa": 48, "spd": 48, "spe": 48}, "stats": {"hp": 225, "atk": 133, "def": 133, "spa": 133, "spd": 133, "spe": 133}, "types": ["Normal"]}, "Iron Boulder": {"name": "Iron Boulder", "species": "Iron Boulder", "speciesId": "ironboulder", "gender": "N", "shiny": false, "level": 77, "moves": ["zenheadbutt", "closecombat", "mightycleave", "swordsdance"], "ability": "Quark Drive", "evs": {"hp": 85, "atk": 85, "def": 85, "spa": 85, "spd": 85, "spe": 85}, "ivs": {"hp": 31, "atk": 31, "def": 31, "spa": 31, "spd": 31, "spe": 31}, "item": "Booster Energy", "teraType": "Fighting", "role": "Fast Bulky Setup", "bvs": {"hp": 90, "atk": 120, "def": 80, "spa": 68, "spd": 108, "spe": 124}, "stats": {"hp": 265, "atk": 229, "def": 168, "spa": 149, "spd": 211, "spe": 236}, "types": ["Rock", "Psychic"]}, "Alcremie": {"name": "Alcremie", "species": "Alcremie", "speciesId": "alcremie", "gender": "F", "shiny": false, "level": 90, "moves": ["recover", "psyshock", "calmmind", "alluringvoice"], "ability": "Aroma Veil", "evs": {"hp": 85, "atk": 0, "def": 85, "spa": 85, "spd": 85, "spe": 85}, "ivs": {"hp": 31, "atk": 0, "def": 31, "spa": 31, "spd": 31, "spe": 31}, "item": "Leftovers", "teraType": "Poison", "role": "Bulky Setup", "bvs": {"hp": 65, "atk": 60, "def": 75, "spa": 110, "spd": 121, "spe": 64}, "stats": {"hp": 263, "atk": 113, "def": 186, "spa": 249, "spd": 269, "spe": 167}, "types": ["Fairy"]}}, {"Medicham": {"name": "Medicham", "species": "Medicham", "speciesId": "medicham", "gender": "F", "shiny": false, "level": 86, "moves": ["bulletpunch", "zenheadbutt", "closecombat", "trick"], "ability": "Pure Power", "evs": {"hp": 85, "atk": 85, "def": 85, "spa": 85, "spd": 85, "spe": 85}, "ivs": {"hp": 31, "atk": 31, "def": 31, "spa": 31, "spd": 31, "spe": 31}, "item": "Choice Band", "teraType": "Fighting", "role": "Fast Attacker", "bvs": {"hp": 60, "atk": 60, "def": 75, "spa": 60, "spd": 75, "spe": 80}, "stats": {"hp": 243, "atk": 152, "def": 178, "spa": 152, "spd": 178, "spe": 187}, "types": ["Fighting", "Psychic"]}, "Tauros": {"name": "Tauros", "species": "Tauros", "speciesId": "tauros", "gender": "M", "shiny": false, "level": 82, "moves": ["bodyslam", "throatchop", "earthquake", "closecombat"], "ability": "Sheer Force", "evs": {"hp": 85, "atk": 85, "def": 85, "spa": 85, "spd": 85, "spe": 85}, "ivs": {"hp": 31, "atk": 31, "def": 31, "spa": 31, "spd": 31, "spe": 31}, "item": "Life Orb", "teraType": "Fighting", "role": "Fast Attacker", "bvs": {"hp": 75, "atk": 100, "def": 95, "spa": 40, "spd": 70, "spe": 110}, "stats": {"hp": 257, "atk": 211, "def": 203, "spa": 113, "spd": 162, "spe": 228}, "types": ["Normal"]}, "Inteleon": {"name": "Inteleon", "species": "Inteleon", "speciesId": "inteleon", "gender": "M", "shiny": false, "level": 81, "moves": ["scald", "uturn", "icebeam", "hydropump"], "ability": "Torrent", "evs": {"hp": 85, "atk": 85, "def": 85, "spa": 85, "spd": 85, "spe": 85}, "ivs": {"hp": 31, "atk": 31, "def": 31, "spa": 31, "spd": 31, "spe": 31}, "item": "Choice Specs", "teraType": "Water", "role": "Wallbreaker", "bvs": {"hp": 70, "atk": 85, "def": 65, "spa": 125, "spd": 65, "spe": 120}, "stats": {"hp": 246, "atk": 184, "def": 152, "spa": 249, "spd": 152, "spe": 241}, "types": ["Water"]}, "Entei": {"name": "Entei", "species": "Entei", "speciesId": "entei", "gender": "N", "shiny": false, "level": 78, "moves": ["extremespeed", "sacredfire", "flareblitz", "stompingtantrum"], "ability": "Inner Focus", "evs": {"hp": 85, "atk": 85, "def": 85, "spa": 85, "spd": 85, "spe": 85}, "ivs": {"hp": 31, "atk": 31, "def": 31, "spa": 31, "spd": 31, "spe": 31}, "item": "Choice Band", "teraType": "Fire", "role": "Wallbreaker", "bvs": {"hp": 115, "atk": 115, "def": 85, "spa": 90, "spd": 75, "spe": 100}, "stats": {"hp": 307, "atk": 224, "def": 178, "spa": 185, "spd": 162, "spe": 201}, "types": ["Fire"]}, "Dondozo": {"name": "Dondozo", "species": "Dondozo", "speciesId": "dondozo", "gender": "F", "shiny": false, "level": 78, "moves": ["rest", "wavecrash", "sleeptalk", "curse"], "ability": "Unaware", "evs": {"hp": 85, "atk": 85, "def": 85, "spa": 85, "spd": 85, "spe": 85}, "ivs": {"hp": 31, "atk": 31, "def": 31, "spa": 31, "spd": 31, "spe": 31}, "item": "Leftovers", "teraType": "Fairy", "role": "Bulky Setup", "bvs": {"hp": 150, "atk": 100, "def": 115, "spa": 65, "spd": 65, "spe": 35}, "stats": {"hp": 362, "atk": 201, "def": 224, "spa": 146, "spd": 146, "spe": 100}, "types": ["Water"]}, "Camerupt": {"name": "Camerupt", "species": "Camerupt", "speciesId": "camerupt", "gender": "F", "shiny": false, "level": 91, "moves": ["overheat", "earthquake", "stealthrock", "willowisp"], "ability": "Solid Rock", "evs": {"hp": 85, "atk": 85, "def": 85, "spa": 85, "spd": 85, "spe": 85}, "ivs": {"hp": 31, "atk": 31, "def": 31, "spa": 31, "spd": 31, "spe": 31}, "item": "Leftovers", "teraType": "Grass", "role": "Bulky Support", "bvs": {"hp": 70, "atk": 100, "def": 70, "spa": 105, "spd": 75, "spe": 40}, "stats": {"hp": 275, "atk": 234, "def": 179, "spa": 243, "spd": 188, "spe": 125}, "types": ["Fire", "Ground"]}}]}