{"id": "gen9randombattle-2642026507", "format": "[Gen 9] Random Battle", "players": ["Ry7i", "sonnyjimvb2"], "log": "|j|\u2606Ry7i\n|j|\u2606sonnyjimvb2\n|t:|1782875385\n|gametype|singles\n|player|p1|Ry7i|102|1905\n|player|p2|sonnyjimvb2|1|1978\n|gen|9\n|tier|[Gen 9] Random Battle\n|rated|\n|rule|Species Clause: Limit one of each Pok\u00e9mon\n|rule|HP Percentage Mod: HP is shown in percentages\n|rule|Sleep Clause Mod: Limit one foe put to sleep\n|rule|Illusion Level Mod: Illusion disguises the Pok\u00e9mon's true level\n|\n|t:|1782875385\n|teamsize|p1|6\n|teamsize|p2|6\n|start\n|switch|p1a: Ampharos|Ampharos, L88, F|302/302\n|switch|p2a: Iron Leaves|Iron Leaves, L80|275/275\n|turn|1\n|\n|t:|1782875397\n|move|p2a: Iron Leaves|Leaf Blade|p1a: Ampharos\n|-damage|p1a: Ampharos|150/302\n|-status|p2a: Iron Leaves|par|[from] ability: Static|[of] p1a: Ampharos\n|-damage|p2a: Iron Leaves|248/275 par|[from] item: Life Orb\n|move|p1a: Ampharos|Agility|p1a: Ampharos\n|-boost|p1a: Ampharos|spe|2\n|\n|upkeep\n|turn|2\n|\n|t:|1782875404\n|move|p1a: Ampharos|Dazzling Gleam|p2a: Iron Leaves\n|-damage|p2a: Iron Leaves|170/275 par\n|-damage|p1a: Ampharos|120/302|[from] item: Life Orb\n|move|p2a: Iron Leaves|Leaf Blade|p1a: Ampharos\n|-damage|p1a: Ampharos|0 fnt\n|faint|p1a: Ampharos\n|-damage|p2a: Iron Leaves|143/275 par|[from] item: Life Orb\n|\n|upkeep\n|inactive|Battle timer is ON: inactive players will automatically lose when time's up. (requested by Ry7i)\n|\n|t:|1782875411\n|switch|p1a: Vileplume|Vileplume, L85, M|266/266\n|turn|3\n|\n|t:|1782875440\n|-end|p2a: Iron Leaves|Quark Drive|[silent]\n|switch|p2a: Girafarig|Girafarig, L89, M|269/269\n|move|p1a: Vileplume|Sludge Bomb|p2a: Girafarig\n|-damage|p2a: Girafarig|179/269\n|\n|upkeep\n|turn|4\n|\n|t:|1782875452\n|switch|p1a: Iron Treads|Iron Treads, L77|265/265\n|move|p2a: Girafarig|Nasty Plot|p2a: Girafarig\n|-boost|p2a: Girafarig|spa|2\n|\n|upkeep\n|turn|5\n|\n|t:|1782875462\n|switch|p2a: Donphan|Donphan, L84, F|288/288\n|move|p1a: Iron Treads|Iron Head|p2a: Donphan\n|-damage|p2a: Donphan|227/288\n|\n|-heal|p2a: Donphan|245/288|[from] item: Leftovers\n|upkeep\n|turn|6\n|\n|t:|1782875466\n|-end|p1a: Iron Treads|Quark Drive|[silent]\n|switch|p1a: Vileplume|Vileplume, L85, M|266/266\n|move|p2a: Donphan|Knock Off|p1a: Vileplume\n|-damage|p1a: Vileplume|181/266\n|-enditem|p1a: Vileplume|Leftovers|[from] move: Knock Off|[of] p2a: Donphan\n|\n|-heal|p2a: Donphan|263/288|[from] item: Leftovers\n|upkeep\n|turn|7\n|\n|t:|1782875474\n|move|p1a: Vileplume|Strength Sap|p2a: Donphan\n|-unboost|p2a: Donphan|atk|1\n|-heal|p1a: Vileplume|266/266\n|move|p2a: Donphan|Earthquake|p1a: Vileplume\n|-damage|p1a: Vileplume|173/266\n|\n|-heal|p2a: Donphan|281/288|[from] item: Leftovers\n|upkeep\n|turn|8\n|\n|t:|1782875479\n|switch|p2a: Girafarig|Girafarig, L89, M|179/269\n|move|p1a: Vileplume|Giga Drain|p2a: Girafarig\n|-ability|p2a: Girafarig|Sap Sipper|boost\n|-boost|p2a: Girafarig|atk|1\n|\n|upkeep\n|turn|9\n|\n|t:|1782875488\n|switch|p2a: Slither Wing|Slither Wing, L81|270/270\n|switch|p1a: Iron Treads|Iron Treads, L77|265/265\n|\n|upkeep\n|turn|10\n|\n|t:|1782875495\n|-end|p1a: Iron Treads|Quark Drive|[silent]\n|switch|p1a: Vileplume|Vileplume, L85, M|173/266\n|move|p2a: Slither Wing|Flare Blitz|p1a: Vileplume\n|-supereffective|p1a: Vileplume\n|-damage|p1a: Vileplume|0 fnt\n|faint|p1a: Vileplume\n|-damage|p2a: Slither Wing|213/270|[from] Recoil\n|\n|upkeep\n|\n|t:|1782875501\n|switch|p1a: Alomomola|Alomomola, L87, M|429/429\n|turn|11\n|\n|t:|1782875505\n|-end|p2a: Slither Wing|Protosynthesis|[silent]\n|switch|p2a: Iron Leaves|Iron Leaves, L80|143/275 par\n|move|p1a: Alomomola|Scald|p2a: Iron Leaves\n|-resisted|p2a: Iron Leaves\n|-damage|p2a: Iron Leaves|119/275 par\n|\n|upkeep\n|turn|12\n|\n|t:|1782875510\n|move|p1a: Alomomola|Flip Turn|p2a: Iron Leaves\n|-resisted|p2a: Iron Leaves\n|-damage|p2a: Iron Leaves|88/275 par\n|\n|t:|1782875514\n|switch|p1a: Iron Treads|Iron Treads, L77|265/265|[from] Flip Turn\n|move|p2a: Iron Leaves|Leaf Blade|p1a: Iron Treads\n|-damage|p1a: Iron Treads|136/265\n|-damage|p2a: Iron Leaves|61/275 par|[from] item: Life Orb\n|\n|upkeep\n|turn|13\n|\n|t:|1782875517\n|move|p1a: Iron Treads|Iron Head|p2a: Iron Leaves\n|-damage|p2a: Iron Leaves|0 fnt\n|faint|p2a: Iron Leaves\n|-end|p2a: Iron Leaves|Quark Drive|[silent]\n|\n|upkeep\n|\n|t:|1782875522\n|switch|p2a: Slither Wing|Slither Wing, L81|213/270\n|turn|14\n|\n|t:|1782875525\n|-end|p1a: Iron Treads|Quark Drive|[silent]\n|switch|p1a: Alomomola|Alomomola, L87, M|429/429\n|move|p2a: Slither Wing|Close Combat|p1a: Alomomola\n|-damage|p1a: Alomomola|279/429\n|-unboost|p2a: Slither Wing|def|1\n|-unboost|p2a: Slither Wing|spd|1\n|\n|upkeep\n|turn|15\n|\n|t:|1782875531\n|-end|p2a: Slither Wing|Protosynthesis|[silent]\n|switch|p2a: Girafarig|Girafarig, L89, M|179/269\n|move|p1a: Alomomola|Wish|p1a: Alomomola\n|\n|upkeep\n|turn|16\n|\n|t:|1782875537\n|move|p2a: Girafarig|Nasty Plot|p2a: Girafarig\n|-boost|p2a: Girafarig|spa|2\n|move|p1a: Alomomola|Flip Turn|p2a: Girafarig\n|-damage|p2a: Girafarig|134/269\n|\n|t:|1782875540\n|switch|p1a: Iron Treads|Iron Treads, L77|136/265|[from] Flip Turn\n|\n|-heal|p1a: Iron Treads|265/265|[from] move: Wish|[wisher] Alomomola\n|upkeep\n|turn|17\n|\n|t:|1782875542\n|move|p1a: Iron Treads|Knock Off|p2a: Girafarig\n|-supereffective|p2a: Girafarig\n|-damage|p2a: Girafarig|34/269\n|-enditem|p2a: Girafarig|Eviolite|[from] move: Knock Off|[of] p1a: Iron Treads\n|move|p2a: Girafarig|Hyper Voice|p1a: Iron Treads\n|-resisted|p1a: Iron Treads\n|-damage|p1a: Iron Treads|184/265\n|\n|upkeep\n|turn|18\n|\n|t:|1782875572\n|move|p1a: Iron Treads|Iron Head|p2a: Girafarig\n|-damage|p2a: Girafarig|0 fnt\n|faint|p2a: Girafarig\n|\n|upkeep\n|\n|t:|1782875576\n|switch|p2a: Regidrago|Regidrago, L77|435/435\n|turn|19\n|\n|t:|1782875593\n|move|p1a: Iron Treads|Knock Off|p2a: Regidrago\n|-damage|p2a: Regidrago|337/435\n|-enditem|p2a: Regidrago|Life Orb|[from] move: Knock Off|[of] p1a: Iron Treads\n|move|p2a: Regidrago|Dragon Dance|p2a: Regidrago\n|-boost|p2a: Regidrago|atk|1\n|-boost|p2a: Regidrago|spe|1\n|\n|upkeep\n|turn|20\n|\n|t:|1782875599\n|-end|p1a: Iron Treads|Quark Drive|[silent]\n|switch|p1a: Alomomola|Alomomola, L87, M|422/429\n|move|p2a: Regidrago|Dragon Dance|p2a: Regidrago\n|-boost|p2a: Regidrago|atk|1\n|-boost|p2a: Regidrago|spe|1\n|\n|upkeep\n|turn|21\n|\n|t:|1782875609\n|move|p2a: Regidrago|Dragon Claw|p1a: Alomomola\n|-damage|p1a: Alomomola|178/429\n|move|p1a: Alomomola|Wish|p1a: Alomomola\n|\n|upkeep\n|turn|22\n|\n|t:|1782875616\n|move|p1a: Alomomola|Protect|p1a: Alomomola\n|-singleturn|p1a: Alomomola|Protect\n|move|p2a: Regidrago|Dragon Claw|p1a: Alomomola\n|-activate|p1a: Alomomola|move: Protect\n|\n|-heal|p1a: Alomomola|392/429|[from] move: Wish|[wisher] Alomomola\n|upkeep\n|turn|23\n|\n|t:|1782875622\n|move|p2a: Regidrago|Dragon Claw|p1a: Alomomola\n|-damage|p1a: Alomomola|181/429\n|move|p1a: Alomomola|Scald|p2a: Regidrago\n|-resisted|p2a: Regidrago\n|-damage|p2a: Regidrago|301/435\n|-status|p2a: Regidrago|brn\n|\n|-damage|p2a: Regidrago|274/435 brn|[from] brn\n|upkeep\n|turn|24\n|\n|t:|1782875626\n|move|p2a: Regidrago|Dragon Dance|p2a: Regidrago\n|-boost|p2a: Regidrago|atk|1\n|-boost|p2a: Regidrago|spe|1\n|move|p1a: Alomomola|Wish|p1a: Alomomola\n|\n|-damage|p2a: Regidrago|247/435 brn|[from] brn\n|upkeep\n|turn|25\n|\n|t:|1782875630\n|move|p2a: Regidrago|Dragon Dance|p2a: Regidrago\n|-boost|p2a: Regidrago|atk|1\n|-boost|p2a: Regidrago|spe|1\n|move|p1a: Alomomola|Flip Turn|p2a: Regidrago\n|-resisted|p2a: Regidrago\n|-damage|p2a: Regidrago|204/435 brn\n|\n|t:|1782875633\n|switch|p1a: Iron Treads|Iron Treads, L77|184/265|[from] Flip Turn\n|\n|-heal|p1a: Iron Treads|265/265|[from] move: Wish|[wisher] Alomomola\n|-damage|p2a: Regidrago|177/435 brn|[from] brn\n|upkeep\n|turn|26\n|\n|t:|1782875635\n|-end|p1a: Iron Treads|Quark Drive|[silent]\n|switch|p1a: Alomomola|Alomomola, L87, M|324/429\n|move|p2a: Regidrago|Earthquake|p1a: Alomomola\n|-damage|p1a: Alomomola|233/429\n|\n|-damage|p2a: Regidrago|150/435 brn|[from] brn\n|upkeep\n|turn|27\n|\n|t:|1782875640\n|move|p2a: Regidrago|Dragon Dance|p2a: Regidrago\n|-boost|p2a: Regidrago|atk|1\n|-boost|p2a: Regidrago|spe|1\n|move|p1a: Alomomola|Wish|p1a: Alomomola\n|\n|-damage|p2a: Regidrago|123/435 brn|[from] brn\n|upkeep\n|turn|28\n|\n|t:|1782875644\n|move|p1a: Alomomola|Protect|p1a: Alomomola\n|-singleturn|p1a: Alomomola|Protect\n|move|p2a: Regidrago|Dragon Dance|p2a: Regidrago\n|-boost|p2a: Regidrago|atk|1\n|-boost|p2a: Regidrago|spe|1\n|\n|-heal|p1a: Alomomola|429/429|[from] move: Wish|[wisher] Alomomola\n|-damage|p2a: Regidrago|96/435 brn|[from] brn\n|upkeep\n|turn|29\n|\n|t:|1782875649\n|move|p2a: Regidrago|Dragon Claw|p1a: Alomomola\n|-damage|p1a: Alomomola|215/429\n|move|p1a: Alomomola|Wish|p1a: Alomomola\n|\n|-damage|p2a: Regidrago|69/435 brn|[from] brn\n|upkeep\n|turn|30\n|\n|t:|1782875653\n|move|p1a: Alomomola|Protect|p1a: Alomomola\n|-singleturn|p1a: Alomomola|Protect\n|move|p2a: Regidrago|Dragon Claw|p1a: Alomomola\n|-activate|p1a: Alomomola|move: Protect\n|\n|-heal|p1a: Alomomola|429/429|[from] move: Wish|[wisher] Alomomola\n|-damage|p2a: Regidrago|42/435 brn|[from] brn\n|upkeep\n|turn|31\n|\n|t:|1782875656\n|move|p2a: Regidrago|Dragon Claw|p1a: Alomomola\n|-damage|p1a: Alomomola|198/429\n|move|p1a: Alomomola|Wish|p1a: Alomomola\n|\n|-damage|p2a: Regidrago|15/435 brn|[from] brn\n|upkeep\n|turn|32\n|\n|t:|1782875659\n|move|p1a: Alomomola|Protect|p1a: Alomomola\n|-singleturn|p1a: Alomomola|Protect\n|move|p2a: Regidrago|Dragon Claw|p1a: Alomomola\n|-activate|p1a: Alomomola|move: Protect\n|\n|-heal|p1a: Alomomola|412/429|[from] move: Wish|[wisher] Alomomola\n|-damage|p2a: Regidrago|0 fnt|[from] brn\n|faint|p2a: Regidrago\n|upkeep\n|\n|t:|1782875669\n|switch|p2a: Crabominable|Crabominable, L90, F|321/321\n|turn|33\n|\n|t:|1782875676\n|move|p1a: Alomomola|Scald|p2a: Crabominable\n|-damage|p2a: Crabominable|261/321\n|-status|p2a: Crabominable|brn\n|move|p2a: Crabominable|Close Combat|p1a: Alomomola\n|-damage|p1a: Alomomola|262/429\n|-unboost|p2a: Crabominable|def|1\n|-unboost|p2a: Crabominable|spd|1\n|\n|-damage|p2a: Crabominable|241/321 brn|[from] brn\n|upkeep\n|turn|34\n|\n|t:|1782875684\n|move|p1a: Alomomola|Wish|p1a: Alomomola\n|move|p2a: Crabominable|Close Combat|p1a: Alomomola\n|-damage|p1a: Alomomola|129/429\n|-unboost|p2a: Crabominable|def|1\n|-unboost|p2a: Crabominable|spd|1\n|\n|-damage|p2a: Crabominable|221/321 brn|[from] brn\n|upkeep\n|turn|35\n|\n|t:|1782875689\n|switch|p2a: Slither Wing|Slither Wing, L81|213/270\n|move|p1a: Alomomola|Protect||[still]\n|-fail|p1a: Alomomola\n|\n|-heal|p1a: Alomomola|343/429|[from] move: Wish|[wisher] Alomomola\n|upkeep\n|turn|36\n|\n|t:|1782875694\n|-terastallize|p2a: Slither Wing|Electric\n|move|p2a: Slither Wing|Wild Charge|p1a: Alomomola\n|-supereffective|p1a: Alomomola\n|-damage|p1a: Alomomola|119/429\n|-damage|p2a: Slither Wing|157/270|[from] Recoil\n|move|p1a: Alomomola|Scald|p2a: Slither Wing\n|-damage|p2a: Slither Wing|114/270\n|\n|upkeep\n|turn|37\n|\n|t:|1782875703\n|-end|p2a: Slither Wing|Protosynthesis|[silent]\n|switch|p2a: Donphan|Donphan, L84, F|281/288\n|switch|p1a: Chansey|Chansey, L85, F|564/564\n|\n|-heal|p2a: Donphan|288/288|[from] item: Leftovers\n|upkeep\n|turn|38\n|\n|t:|1782875707\n|switch|p1a: Alomomola|Alomomola, L87, M|262/429\n|move|p2a: Donphan|Rapid Spin|p1a: Alomomola\n|-damage|p1a: Alomomola|216/429\n|-boost|p2a: Donphan|spe|1\n|\n|upkeep\n|turn|39\n|\n|t:|1782875712\n|move|p2a: Donphan|Earthquake|p1a: Alomomola\n|-damage|p1a: Alomomola|75/429\n|move|p1a: Alomomola|Wish|p1a: Alomomola\n|\n|upkeep\n|turn|40\n|\n|t:|1782875716\n|move|p1a: Alomomola|Protect|p1a: Alomomola\n|-singleturn|p1a: Alomomola|Protect\n|move|p2a: Donphan|Earthquake|p1a: Alomomola\n|-activate|p1a: Alomomola|move: Protect\n|\n|-heal|p1a: Alomomola|289/429|[from] move: Wish|[wisher] Alomomola\n|upkeep\n|turn|41\n|\n|t:|1782875721\n|move|p2a: Donphan|Earthquake|p1a: Alomomola\n|-damage|p1a: Alomomola|162/429\n|move|p1a: Alomomola|Scald|p2a: Donphan\n|-supereffective|p2a: Donphan\n|-damage|p2a: Donphan|150/288\n|\n|-heal|p2a: Donphan|168/288|[from] item: Leftovers\n|upkeep\n|turn|42\n|\n|t:|1782875725\n|move|p2a: Donphan|Earthquake|p1a: Alomomola\n|-damage|p1a: Alomomola|42/429\n|move|p1a: Alomomola|Wish|p1a: Alomomola\n|\n|-heal|p2a: Donphan|186/288|[from] item: Leftovers\n|upkeep\n|turn|43\n|\n|t:|1782875730\n|switch|p2a: Slither Wing|Slither Wing, L81, tera:Electric|114/270\n|move|p1a: Alomomola|Protect||[still]\n|-fail|p1a: Alomomola\n|\n|-heal|p1a: Alomomola|256/429|[from] move: Wish|[wisher] Alomomola\n|upkeep\n|turn|44\n|\n|t:|1782875733\n|switch|p1a: Chansey|Chansey, L85, F|564/564\n|move|p2a: Slither Wing|Wild Charge|p1a: Chansey\n|-damage|p1a: Chansey|279/564\n|-damage|p2a: Slither Wing|43/270|[from] Recoil\n|\n|upkeep\n|turn|45\n|\n|t:|1782875741\n|switch|p1a: Iron Treads|Iron Treads, L77|265/265\n|move|p2a: Slither Wing|Wild Charge|p1a: Iron Treads\n|-immune|p1a: Iron Treads\n|\n|upkeep\n|turn|46\n|\n|t:|1782875749\n|-end|p2a: Slither Wing|Protosynthesis|[silent]\n|switch|p2a: Donphan|Donphan, L84, F|186/288\n|move|p1a: Iron Treads|Knock Off|p2a: Donphan\n|-crit|p2a: Donphan\n|-damage|p2a: Donphan|113/288\n|-enditem|p2a: Donphan|Leftovers|[from] move: Knock Off|[of] p1a: Iron Treads\n|\n|upkeep\n|turn|47\n|\n|t:|1782875755\n|-end|p1a: Iron Treads|Quark Drive|[silent]\n|switch|p1a: Alomomola|Alomomola, L87, M|399/429\n|move|p2a: Donphan|Knock Off|p1a: Alomomola\n|-damage|p1a: Alomomola|312/429\n|-enditem|p1a: Alomomola|Heavy-Duty Boots|[from] move: Knock Off|[of] p2a: Donphan\n|\n|upkeep\n|turn|48\n|\n|t:|1782875760\n|switch|p2a: Crabominable|Crabominable, L90, F|221/321 brn\n|move|p1a: Alomomola|Scald|p2a: Crabominable\n|-damage|p2a: Crabominable|170/321 brn\n|\n|-damage|p2a: Crabominable|150/321 brn|[from] brn\n|upkeep\n|turn|49\n|\n|t:|1782875766\n|move|p1a: Alomomola|Flip Turn|p2a: Crabominable\n|-damage|p2a: Crabominable|96/321 brn\n|\n|t:|1782875770\n|switch|p1a: Inteleon|Inteleon, L81, M|246/246|[from] Flip Turn\n|move|p2a: Crabominable|Gunk Shot|p1a: Inteleon|[miss]\n|-miss|p2a: Crabominable|p1a: Inteleon\n|\n|-damage|p2a: Crabominable|76/321 brn|[from] brn\n|upkeep\n|turn|50\n|\n|t:|1782875776\n|move|p1a: Inteleon|Scald|p2a: Crabominable\n|-damage|p2a: Crabominable|0 fnt\n|faint|p2a: Crabominable\n|\n|upkeep\n|\n|t:|1782875779\n|switch|p2a: Slither Wing|Slither Wing, L81, tera:Electric|43/270\n|turn|51\n|\n|t:|1782875784\n|move|p2a: Slither Wing|Close Combat|p1a: Inteleon\n|-damage|p1a: Inteleon|57/246\n|-unboost|p2a: Slither Wing|def|1\n|-unboost|p2a: Slither Wing|spd|1\n|move|p1a: Inteleon|Scald|p2a: Slither Wing\n|-damage|p2a: Slither Wing|0 fnt\n|faint|p2a: Slither Wing\n|-end|p2a: Slither Wing|Protosynthesis|[silent]\n|\n|upkeep\n|\n|t:|1782875786\n|switch|p2a: Donphan|Donphan, L84, F|113/288\n|turn|52\n|\n|t:|1782875789\n|move|p1a: Inteleon|Scald|p2a: Donphan\n|-supereffective|p2a: Donphan\n|-damage|p2a: Donphan|0 fnt\n|faint|p2a: Donphan\n|\n|win|Ry7i\n|raw|Ry7i's rating: 1926 &rarr; <strong>1949</strong><br />(+23 for winning)\n|raw|sonnyjimvb2's rating: 1978 &rarr; <strong>1955</strong><br />(-23 for losing)\n", "inputlog": ">version f8ac14003a5f27e1bdc8d8c59608a773c1cb96e5\n>start {\"formatid\":\"gen9randombattle\",\"seed\":\"sodium,07325ddee93c9701d0289c8f9f3f31e3\",\"rated\":\"Rated battle\"}\n>player p1 {\"name\":\"Ry7i\",\"avatar\":\"102\",\"rating\":1905,\"seed\":\"sodium,eea9066962908f151accac347fcf1f70\"}\n>player p2 {\"name\":\"sonnyjimvb2\",\"avatar\":\"1\",\"rating\":1978,\"seed\":\"sodium,efcb301b5c2e47d8a17b458ba1683d4c\"}\n>p1 move agility\n>p2 move leafblade\n>p1 move dazzlinggleam\n>p2 move leafblade\n>p1 switch 2\n>p1 move sludgebomb\n>p2 switch 2\n>p1 switch 3\n>p2 move nastyplot\n>p1 move ironhead\n>p2 switch 3\n>p1 switch 3\n>p2 move knockoff\n>p1 move strengthsap\n>p2 move earthquake\n>p1 move gigadrain\n>p2 switch 3\n>p1 switch 3\n>p2 switch 6\n>p1 switch 3\n>p2 move flareblitz\n>p1 switch 6\n>p1 move scald\n>p2 switch 2\n>p1 move flipturn\n>p2 move leafblade\n>p1 switch 3\n>p1 move ironhead\n>p2 move closecombat\n>p2 switch 2\n>p1 switch 3\n>p2 move closecombat\n>p1 move wish\n>p2 switch 6\n>p1 move flipturn\n>p2 move nastyplot\n>p1 switch 3\n>p1 move knockoff\n>p2 move hypervoice\n>p1 move ironhead\n>p2 move hypervoice\n>p2 switch 4\n>p1 move knockoff\n>p2 move dragondance\n>p1 switch 3\n>p2 move dragondance\n>p1 move wish\n>p2 move dragonclaw\n>p1 move protect\n>p2 move dragonclaw\n>p1 move scald\n>p2 move dragonclaw\n>p1 move wish\n>p2 move dragondance\n>p1 move flipturn\n>p2 move dragondance\n>p1 switch 3\n>p1 switch 3\n>p2 move earthquake\n>p1 move wish\n>p2 move dragondance\n>p1 move protect\n>p2 move dragondance\n>p1 move wish\n>p2 move dragonclaw\n>p1 move protect\n>p2 move dragonclaw\n>p1 move wish\n>p2 move dragonclaw\n>p1 move protect\n>p2 move dragonclaw\n>p2 switch 5\n>p1 move scald\n>p2 move closecombat\n>p1 move wish\n>p2 move closecombat\n>p1 move protect\n>p2 switch 6\n>p1 move scald\n>p2 move wildcharge terastallize\n>p1 switch 5\n>p2 switch 3\n>p1 switch 5\n>p2 move rapidspin\n>p1 move wish\n>p2 move earthquake\n>p1 move protect\n>p2 move earthquake\n>p1 move scald\n>p2 move earthquake\n>p1 move wish\n>p2 move earthquake\n>p1 move protect\n>p2 switch 3\n>p1 switch 5\n>p2 move wildcharge\n>p1 switch 3\n>p2 move wildcharge\n>p1 move knockoff\n>p2 switch 3\n>p1 switch 5\n>p2 move knockoff\n>p1 move scald\n>p2 switch 6\n>p1 move flipturn\n>p2 move gunkshot\n>p1 switch 4\n>p1 move scald\n>p2 move gunkshot\n>p2 switch 3\n>p1 move scald\n>p2 move closecombat\n>p2 switch 6\n>p1 move scald\n>p2 move rapidspin", "uploadtime": 1782875789, "views": 6, "formatid": "gen9randombattle", "rating": 1949, "private": 0, "password": null, "player_dets": [{"name": "Ry7i", "avatar": "102", "rating": 1905, "seed": "sodium,eea9066962908f151accac347fcf1f70"}, {"name": "sonnyjimvb2", "avatar": "1", "rating": 1978, "seed": "sodium,efcb301b5c2e47d8a17b458ba1683d4c"}], "teams_full": [{"Ampharos": {"name": "Ampharos", "species": "Ampharos", "speciesId": "ampharos", "gender": "F", "shiny": false, "level": 88, "moves": ["thunderbolt", "agility", "focusblast", "dazzlinggleam"], "ability": "Static", "evs": {"hp": 85, "atk": 0, "def": 85, "spa": 85, "spd": 85, "spe": 85}, "ivs": {"hp": 31, "atk": 0, "def": 31, "spa": 31, "spd": 31, "spe": 31}, "item": "Life Orb", "teraType": "Electric", "role": "Wallbreaker", "bvs": {"hp": 90, "atk": 75, "def": 85, "spa": 115, "spd": 90, "spe": 55}, "stats": {"hp": 302, "atk": 137, "def": 200, "spa": 253, "spd": 209, "spe": 147}, "types": ["Electric"]}, "Vileplume": {"name": "Vileplume", "species": "Vileplume", "speciesId": "vileplume", "gender": "M", "shiny": false, "level": 85, "moves": ["strengthsap", "leechseed", "sludgebomb", "gigadrain"], "ability": "Effect Spore", "evs": {"hp": 85, "atk": 0, "def": 85, "spa": 85, "spd": 85, "spe": 85}, "ivs": {"hp": 31, "atk": 0, "def": 31, "spa": 31, "spd": 31, "spe": 31}, "item": "Leftovers", "teraType": "Water", "role": "Bulky Attacker", "bvs": {"hp": 75, "atk": 80, "def": 85, "spa": 110, "spd": 90, "spe": 50}, "stats": {"hp": 266, "atk": 141, "def": 193, "spa": 236, "spd": 202, "spe": 134}, "types": ["Grass", "Poison"]}, "Iron Treads": {"name": "Iron Treads", "species": "Iron Treads", "speciesId": "irontreads", "gender": "N", "shiny": false, "level": 77, "moves": ["ironhead", "knockoff", "earthquake", "rapidspin"], "ability": "Quark Drive", "evs": {"hp": 85, "atk": 85, "def": 85, "spa": 85, "spd": 85, "spe": 85}, "ivs": {"hp": 31, "atk": 31, "def": 31, "spa": 31, "spd": 31, "spe": 31}, "item": "Assault Vest", "teraType": "Water", "role": "Bulky Support", "bvs": {"hp": 90, "atk": 112, "def": 120, "spa": 72, "spd": 70, "spe": 106}, "stats": {"hp": 265, "atk": 217, "def": 229, "spa": 155, "spd": 152, "spe": 208}, "types": ["Ground", "Steel"]}, "Inteleon": {"name": "Inteleon", "species": "Inteleon", "speciesId": "inteleon", "gender": "M", "shiny": false, "level": 81, "moves": ["hydropump", "icebeam", "scald", "uturn"], "ability": "Torrent", "evs": {"hp": 85, "atk": 85, "def": 85, "spa": 85, "spd": 85, "spe": 85}, "ivs": {"hp": 31, "atk": 31, "def": 31, "spa": 31, "spd": 31, "spe": 31}, "item": "Choice Specs", "teraType": "Water", "role": "Wallbreaker", "bvs": {"hp": 70, "atk": 85, "def": 65, "spa": 125, "spd": 65, "spe": 120}, "stats": {"hp": 246, "atk": 184, "def": 152, "spa": 249, "spd": 152, "spe": 241}, "types": ["Water"]}, "Chansey": {"name": "Chansey", "species": "Chansey", "speciesId": "chansey", "gender": "F", "shiny": false, "level": 85, "moves": ["seismictoss", "thunderwave", "softboiled", "healbell"], "ability": "Natural Cure", "evs": {"hp": 85, "atk": 0, "def": 85, "spa": 85, "spd": 85, "spe": 85}, "ivs": {"hp": 31, "atk": 0, "def": 31, "spa": 31, "spd": 31, "spe": 31}, "item": "Eviolite", "teraType": "Poison", "role": "Bulky Support", "bvs": {"hp": 250, "atk": 5, "def": 5, "spa": 35, "spd": 105, "spe": 50}, "stats": {"hp": 564, "atk": 13, "def": 57, "spa": 108, "spd": 227, "spe": 134}, "types": ["Normal"]}, "Alomomola": {"name": "Alomomola", "species": "Alomomola", "speciesId": "alomomola", "gender": "M", "shiny": false, "level": 87, "moves": ["wish", "protect", "flipturn", "scald"], "ability": "Regenerator", "evs": {"hp": 85, "atk": 85, "def": 85, "spa": 85, "spd": 85, "spe": 85}, "ivs": {"hp": 31, "atk": 31, "def": 31, "spa": 31, "spd": 31, "spe": 31}, "item": "Heavy-Duty Boots", "teraType": "Poison", "role": "Fast Support", "bvs": {"hp": 165, "atk": 75, "def": 80, "spa": 40, "spd": 45, "spe": 65}, "stats": {"hp": 429, "atk": 180, "def": 189, "spa": 119, "spd": 128, "spe": 163}, "types": ["Water"]}}, {"Iron Leaves": {"name": "Iron Leaves", "species": "Iron Leaves", "speciesId": "ironleaves", "gender": "N", "shiny": false, "level": 80, "moves": ["swordsdance", "closecombat", "leafblade", "psyblade"], "ability": "Quark Drive", "evs": {"hp": 85, "atk": 85, "def": 85, "spa": 85, "spd": 85, "spe": 85}, "ivs": {"hp": 31, "atk": 31, "def": 31, "spa": 31, "spd": 31, "spe": 31}, "item": "Life Orb", "teraType": "Fighting", "role": "Wallbreaker", "bvs": {"hp": 90, "atk": 130, "def": 88, "spa": 70, "spd": 108, "spe": 104}, "stats": {"hp": 275, "atk": 254, "def": 187, "spa": 158, "spd": 219, "spe": 213}, "types": ["Grass", "Psychic"]}, "Girafarig": {"name": "Girafarig", "species": "Girafarig", "speciesId": "girafarig", "gender": "M", "shiny": false, "level": 89, "moves": ["nastyplot", "hypervoice", "psyshock", "thunderbolt"], "ability": "Sap Sipper", "evs": {"hp": 85, "atk": 0, "def": 85, "spa": 85, "spd": 85, "spe": 85}, "ivs": {"hp": 31, "atk": 0, "def": 31, "spa": 31, "spd": 31, "spe": 31}, "item": "Eviolite", "teraType": "Electric", "role": "Fast Bulky Setup", "bvs": {"hp": 70, "atk": 80, "def": 65, "spa": 90, "spd": 65, "spe": 85}, "stats": {"hp": 269, "atk": 147, "def": 166, "spa": 211, "spd": 166, "spe": 202}, "types": ["Normal", "Psychic"]}, "Donphan": {"name": "Donphan", "species": "Donphan", "speciesId": "donphan", "gender": "F", "shiny": false, "level": 84, "moves": ["earthquake", "stealthrock", "knockoff", "rapidspin"], "ability": "Sturdy", "evs": {"hp": 85, "atk": 85, "def": 85, "spa": 85, "spd": 85, "spe": 85}, "ivs": {"hp": 31, "atk": 31, "def": 31, "spa": 31, "spd": 31, "spe": 31}, "item": "Leftovers", "teraType": "Water", "role": "Bulky Support", "bvs": {"hp": 90, "atk": 120, "def": 120, "spa": 60, "spd": 60, "spe": 50}, "stats": {"hp": 288, "atk": 250, "def": 250, "spa": 149, "spd": 149, "spe": 132}, "types": ["Ground"]}, "Regidrago": {"name": "Regidrago", "species": "Regidrago", "speciesId": "regidrago", "gender": "N", "shiny": false, "level": 77, "moves": ["dragondance", "earthquake", "terablast", "dragonclaw"], "ability": "Dragon's Maw", "evs": {"hp": 85, "atk": 85, "def": 85, "spa": 85, "spd": 85, "spe": 85}, "ivs": {"hp": 31, "atk": 31, "def": 31, "spa": 31, "spd": 31, "spe": 31}, "item": "Life Orb", "teraType": "Steel", "role": "Tera Blast user", "bvs": {"hp": 200, "atk": 100, "def": 50, "spa": 100, "spd": 50, "spe": 80}, "stats": {"hp": 435, "atk": 199, "def": 122, "spa": 199, "spd": 122, "spe": 168}, "types": ["Dragon"]}, "Crabominable": {"name": "Crabominable", "species": "Crabominable", "speciesId": "crabominable", "gender": "F", "shiny": false, "level": 90, "moves": ["gunkshot", "earthquake", "closecombat", "icehammer"], "ability": "Iron Fist", "evs": {"hp": 85, "atk": 85, "def": 85, "spa": 85, "spd": 85, "spe": 85}, "ivs": {"hp": 31, "atk": 31, "def": 31, "spa": 31, "spd": 31, "spe": 31}, "item": "Choice Band", "teraType": "Fighting", "role": "Wallbreaker", "bvs": {"hp": 97, "atk": 132, "def": 77, "spa": 62, "spd": 67, "spe": 43}, "stats": {"hp": 321, "atk": 289, "def": 190, "spa": 163, "spd": 172, "spe": 129}, "types": ["Fighting", "Ice"]}, "Slither Wing": {"name": "Slither Wing", "species": "Slither Wing", "speciesId": "slitherwing", "gender": "N", "shiny": false, "level": 81, "moves": ["wildcharge", "flareblitz", "earthquake", "closecombat"], "ability": "Protosynthesis", "evs": {"hp": 85, "atk": 85, "def": 85, "spa": 85, "spd": 85, "spe": 85}, "ivs": {"hp": 31, "atk": 31, "def": 31, "spa": 31, "spd": 31, "spe": 31}, "item": "Choice Scarf", "teraType": "Electric", "role": "Fast Attacker", "bvs": {"hp": 85, "atk": 135, "def": 79, "spa": 85, "spd": 105, "spe": 81}, "stats": {"hp": 270, "atk": 265, "def": 175, "spa": 184, "spd": 217, "spe": 178}, "types": ["Bug", "Fighting"]}}]}