{"id": "gen9randombattle-2642217299", "format": "[Gen 9] Random Battle", "players": ["zudin_sudin", "kenzhoou"], "log": "|j|\u2606zudin_sudin\n|j|\u2606kenzhoou\n|t:|1782912378\n|gametype|singles\n|player|p1|zudin_sudin|cameraman|1108\n|player|p2|kenzhoou|2|1139\n|gen|9\n|tier|[Gen 9] Random Battle\n|rated|\n|rule|Species Clause: Limit one of each Pok\u00e9mon\n|rule|HP Percentage Mod: HP is shown in percentages\n|rule|Sleep Clause Mod: Limit one foe put to sleep\n|rule|Illusion Level Mod: Illusion disguises the Pok\u00e9mon's true level\n|\n|t:|1782912378\n|teamsize|p1|6\n|teamsize|p2|6\n|start\n|switch|p1a: Dachsbun|Dachsbun, L92, M|254/254\n|switch|p2a: Toedscruel|Toedscruel, L87, F|281/281\n|turn|1\n|\n|t:|1782912396\n|move|p1a: Dachsbun|Yawn|p2a: Toedscruel\n|-start|p2a: Toedscruel|move: Yawn|[of] p1a: Dachsbun\n|move|p2a: Toedscruel|Spore|p1a: Dachsbun\n|-status|p1a: Dachsbun|slp|[from] move: Spore\n|\n|upkeep\n|turn|2\n|\n|t:|1782912404\n|cant|p1a: Dachsbun|slp\n|move|p2a: Toedscruel|Rapid Spin|p1a: Dachsbun\n|-damage|p1a: Dachsbun|232/254 slp\n|-boost|p2a: Toedscruel|spe|1\n|\n|-heal|p1a: Dachsbun|247/254 slp|[from] item: Leftovers\n|-end|p2a: Toedscruel|move: Yawn|[silent]\n|-status|p2a: Toedscruel|slp\n|upkeep\n|turn|3\n|c|\u2606zudin_sudin|dachsbun is just an png ts is frying me\n|\n|t:|1782912430\n|cant|p2a: Toedscruel|slp\n|cant|p1a: Dachsbun|slp\n|\n|-heal|p1a: Dachsbun|254/254 slp|[from] item: Leftovers\n|upkeep\n|turn|4\n|c|\u2606kenzhoou|lmao\n|\n|t:|1782912440\n|cant|p2a: Toedscruel|slp\n|cant|p1a: Dachsbun|slp\n|\n|upkeep\n|turn|5\n|\n|t:|1782912448\n|cant|p2a: Toedscruel|slp\n|-curestatus|p1a: Dachsbun|slp|[msg]\n|move|p1a: Dachsbun|Play Rough|p2a: Toedscruel\n|-damage|p2a: Toedscruel|158/281 slp\n|\n|-heal|p2a: Toedscruel|175/281 slp|[from] item: Leftovers\n|upkeep\n|turn|6\n|\n|t:|1782912459\n|-curestatus|p2a: Toedscruel|slp|[msg]\n|move|p2a: Toedscruel|Giga Drain|p1a: Dachsbun\n|-damage|p1a: Dachsbun|178/254\n|-heal|p2a: Toedscruel|213/281|[from] drain|[of] p1a: Dachsbun\n|move|p1a: Dachsbun|Play Rough|p2a: Toedscruel\n|-damage|p2a: Toedscruel|96/281\n|\n|-heal|p2a: Toedscruel|113/281|[from] item: Leftovers\n|-heal|p1a: Dachsbun|193/254|[from] item: Leftovers\n|upkeep\n|turn|7\n|\n|t:|1782912488\n|switch|p1a: Sandaconda|Sandaconda, L84, M|258/258\n|move|p2a: Toedscruel|Earth Power|p1a: Sandaconda\n|-damage|p1a: Sandaconda|161/258\n|\n|-heal|p2a: Toedscruel|130/281|[from] item: Leftovers\n|-heal|p1a: Sandaconda|177/258|[from] item: Leftovers\n|upkeep\n|turn|8\n|\n|t:|1782912513\n|move|p1a: Sandaconda|Earthquake|p2a: Toedscruel\n|-resisted|p2a: Toedscruel\n|-damage|p2a: Toedscruel|57/281\n|move|p2a: Toedscruel|Spore|p1a: Sandaconda\n|-status|p1a: Sandaconda|slp|[from] move: Spore\n|\n|-heal|p2a: Toedscruel|74/281|[from] item: Leftovers\n|-heal|p1a: Sandaconda|193/258 slp|[from] item: Leftovers\n|upkeep\n|turn|9\n|\n|t:|1782912521\n|move|p2a: Toedscruel|Giga Drain|p1a: Sandaconda\n|-supereffective|p1a: Sandaconda\n|-damage|p1a: Sandaconda|11/258 slp\n|-heal|p2a: Toedscruel|165/281|[from] drain|[of] p1a: Sandaconda\n|cant|p1a: Sandaconda|slp\n|\n|-heal|p2a: Toedscruel|182/281|[from] item: Leftovers\n|-heal|p1a: Sandaconda|27/258 slp|[from] item: Leftovers\n|upkeep\n|turn|10\n|\n|t:|1782912530\n|move|p2a: Toedscruel|Giga Drain|p1a: Sandaconda\n|-supereffective|p1a: Sandaconda\n|-damage|p1a: Sandaconda|0 fnt\n|-heal|p2a: Toedscruel|196/281|[from] drain|[of] p1a: Sandaconda\n|faint|p1a: Sandaconda\n|\n|-heal|p2a: Toedscruel|213/281|[from] item: Leftovers\n|upkeep\n|\n|t:|1782912541\n|switch|p1a: Tauros|Tauros-Paldea-Blaze, L81, M|254/254\n|-ability|p1a: Tauros|Intimidate|boost\n|-unboost|p2a: Toedscruel|atk|1\n|turn|11\n|\n|t:|1782912559\n|-terastallize|p2a: Toedscruel|Water\n|move|p2a: Toedscruel|Earth Power|p1a: Tauros\n|-supereffective|p1a: Tauros\n|-damage|p1a: Tauros|54/254\n|move|p1a: Tauros|Flare Blitz|p2a: Toedscruel\n|-resisted|p2a: Toedscruel\n|-damage|p2a: Toedscruel|102/281\n|-status|p2a: Toedscruel|brn\n|-damage|p1a: Tauros|17/254|[from] Recoil\n|\n|-heal|p2a: Toedscruel|119/281 brn|[from] item: Leftovers\n|-damage|p2a: Toedscruel|102/281 brn|[from] brn\n|upkeep\n|turn|12\n|\n|t:|1782912574\n|move|p2a: Toedscruel|Giga Drain|p1a: Tauros\n|-resisted|p1a: Tauros\n|-damage|p1a: Tauros|0 fnt\n|-heal|p2a: Toedscruel|111/281 brn|[from] drain|[of] p1a: Tauros\n|faint|p1a: Tauros\n|\n|-heal|p2a: Toedscruel|128/281 brn|[from] item: Leftovers\n|-damage|p2a: Toedscruel|111/281 brn|[from] brn\n|upkeep\n|\n|t:|1782912582\n|switch|p1a: Haxorus|Haxorus, L77, F|244/244\n|-ability|p1a: Haxorus|Mold Breaker\n|turn|13\n|\n|t:|1782912591\n|move|p2a: Toedscruel|Earth Power|p1a: Haxorus\n|-damage|p1a: Haxorus|136/244\n|move|p1a: Haxorus|Close Combat|p2a: Toedscruel\n|-damage|p2a: Toedscruel|0 fnt\n|-unboost|p1a: Haxorus|def|1\n|-unboost|p1a: Haxorus|spd|1\n|faint|p2a: Toedscruel\n|\n|upkeep\n|\n|t:|1782912605\n|switch|p2a: Dachsbun|Dachsbun, L92, F|254/254\n|turn|14\n|c|\u2606kenzhoou|i got bro too\n|\n|t:|1782912615\n|move|p2a: Dachsbun|Play Rough|p1a: Haxorus\n|-supereffective|p1a: Haxorus\n|-damage|p1a: Haxorus|0 fnt\n|faint|p1a: Haxorus\n|\n|upkeep\n|c|\u2606zudin_sudin|how tf did you outsped\n|\n|t:|1782912627\n|switch|p1a: Dachsbun|Dachsbun, L92, M|193/254\n|turn|15\n|c|\u2606kenzhoou|227 vs 194\n|\n|t:|1782912647\n|move|p2a: Dachsbun|Wish|p2a: Dachsbun\n|move|p1a: Dachsbun|Yawn|p2a: Dachsbun\n|-start|p2a: Dachsbun|move: Yawn|[of] p1a: Dachsbun\n|\n|-heal|p1a: Dachsbun|208/254|[from] item: Leftovers\n|upkeep\n|turn|16\n|\n|t:|1782912656\n|move|p1a: Dachsbun|Play Rough|p2a: Dachsbun\n|-damage|p2a: Dachsbun|185/254\n|move|p2a: Dachsbun|Play Rough|p1a: Dachsbun\n|-damage|p1a: Dachsbun|129/254\n|\n|-heal|p2a: Dachsbun|254/254|[from] move: Wish|[wisher] Dachsbun\n|-heal|p1a: Dachsbun|144/254|[from] item: Leftovers\n|-end|p2a: Dachsbun|move: Yawn|[silent]\n|-status|p2a: Dachsbun|slp\n|upkeep\n|turn|17\n|c|\u2606kenzhoou|i dont have yawn tf\n|\n|t:|1782912674\n|move|p1a: Dachsbun|Play Rough|p2a: Dachsbun\n|-damage|p2a: Dachsbun|184/254 slp\n|cant|p2a: Dachsbun|slp\n|\n|-heal|p2a: Dachsbun|199/254 slp|[from] item: Leftovers\n|-heal|p1a: Dachsbun|159/254|[from] item: Leftovers\n|upkeep\n|turn|18\n|c|\u2606zudin_sudin|i just lost my dawgggg\n|\n|t:|1782912685\n|switch|p1a: Houndstone|Houndstone, L86, M|264/264\n|-curestatus|p2a: Dachsbun|slp|[msg]\n|move|p2a: Dachsbun|Play Rough|p1a: Houndstone\n|-damage|p1a: Houndstone|219/264\n|\n|-heal|p2a: Dachsbun|214/254|[from] item: Leftovers\n|-heal|p1a: Houndstone|235/264|[from] item: Leftovers\n|upkeep\n|turn|19\n|c|\u2606kenzhoou|lmao\n|\n|t:|1782912712\n|move|p2a: Dachsbun|Play Rough|p1a: Houndstone\n|-damage|p1a: Houndstone|193/264\n|move|p1a: Houndstone|Poltergeist|p2a: Dachsbun\n|-activate|p2a: Dachsbun|move: Poltergeist|Leftovers\n|-damage|p2a: Dachsbun|123/254\n|\n|-heal|p2a: Dachsbun|138/254|[from] item: Leftovers\n|-heal|p1a: Houndstone|209/264|[from] item: Leftovers\n|upkeep\n|turn|20\n|\n|t:|1782912723\n|move|p2a: Dachsbun|Wish|p2a: Dachsbun\n|move|p1a: Houndstone|Poltergeist|p2a: Dachsbun\n|-activate|p2a: Dachsbun|move: Poltergeist|Leftovers\n|-damage|p2a: Dachsbun|47/254\n|\n|-heal|p2a: Dachsbun|62/254|[from] item: Leftovers\n|-heal|p1a: Houndstone|225/264|[from] item: Leftovers\n|upkeep\n|turn|21\n|\n|t:|1782912730\n|move|p2a: Dachsbun|Play Rough|p1a: Houndstone\n|-damage|p1a: Houndstone|184/264\n|move|p1a: Houndstone|Poltergeist|p2a: Dachsbun\n|-activate|p2a: Dachsbun|move: Poltergeist|Leftovers\n|-damage|p2a: Dachsbun|0 fnt\n|faint|p2a: Dachsbun\n|\n|-heal|p1a: Houndstone|200/264|[from] item: Leftovers\n|upkeep\n|c|\u2606kenzhoou|yo where my wish at man\n|\n|t:|1782912752\n|switch|p2a: Oinkologne|Oinkologne-F, L92, F|361/361\n|turn|22\n|c|\u2606zudin_sudin|where yo protect at\n|\n|t:|1782912761\n|move|p2a: Oinkologne|Curse|p2a: Oinkologne\n|-unboost|p2a: Oinkologne|spe|1\n|-boost|p2a: Oinkologne|atk|1\n|-boost|p2a: Oinkologne|def|1\n|move|p1a: Houndstone|Body Press|p2a: Oinkologne\n|-supereffective|p2a: Oinkologne\n|-damage|p2a: Oinkologne|281/361\n|\n|-heal|p1a: Houndstone|216/264|[from] item: Leftovers\n|-heal|p2a: Oinkologne|303/361|[from] item: Leftovers\n|upkeep\n|turn|23\n|c|\u2606kenzhoou|yo this mf got ONE move and its normal type\n|\n|t:|1782912797\n|switch|p1a: Dachsbun|Dachsbun, L92, M|159/254\n|switch|p2a: Skeledirge|Skeledirge, L79, F|294/294\n|\n|-heal|p1a: Dachsbun|174/254|[from] item: Leftovers\n|upkeep\n|turn|24\n|\n|t:|1782912814\n|move|p1a: Dachsbun|Yawn|p2a: Skeledirge\n|-start|p2a: Skeledirge|move: Yawn|[of] p1a: Dachsbun\n|move|p2a: Skeledirge|Torch Song|p1a: Dachsbun\n|-ability|p1a: Dachsbun|Well-Baked Body|boost\n|-boost|p1a: Dachsbun|def|2\n|\n|-heal|p1a: Dachsbun|189/254|[from] item: Leftovers\n|upkeep\n|turn|25\n|c|\u2606zudin_sudin|aw thank you\n|c|\u2606kenzhoou|wtf\n|c|\u2606zudin_sudin|do it again\n|c|\u2606kenzhoou|yo im too unc for ts\n|c|\u2606kenzhoou|what are these new pokemon\n|\n|t:|1782912840\n|switch|p2a: Regirock|Regirock, L83|268/268\n|move|p1a: Dachsbun|Play Rough|p2a: Regirock\n|-damage|p2a: Regirock|214/268\n|\n|-heal|p1a: Dachsbun|204/254|[from] item: Leftovers\n|upkeep\n|turn|26\n|c|\u2606kenzhoou|is it cuz bros bread\n|c|\u2606kenzhoou|fire moves stat boast him\n|c|\u2606kenzhoou|?\n|\n|t:|1782912873\n|move|p1a: Dachsbun|Yawn|p2a: Regirock\n|-start|p2a: Regirock|move: Yawn|[of] p1a: Dachsbun\n|move|p2a: Regirock|Iron Defense|p2a: Regirock\n|-boost|p2a: Regirock|def|2\n|\n|-heal|p1a: Dachsbun|219/254|[from] item: Leftovers\n|upkeep\n|turn|27\n|c|\u2606zudin_sudin|crossaint pokemon\n|\n|t:|1782912887\n|switch|p1a: Houndstone|Houndstone, L86, M|216/264\n|move|p2a: Regirock|Body Press|p1a: Houndstone\n|-immune|p1a: Houndstone\n|\n|-heal|p1a: Houndstone|232/264|[from] item: Leftovers\n|-end|p2a: Regirock|move: Yawn|[silent]\n|-status|p2a: Regirock|slp\n|upkeep\n|-enditem|p2a: Regirock|Chesto Berry|[eat]\n|-curestatus|p2a: Regirock|slp|[msg]\n|turn|28\n|c|\u2606kenzhoou|yo\n|\n|t:|1782912904\n|move|p1a: Houndstone|Poltergeist||[still]\n|-fail|p1a: Houndstone\n|move|p2a: Regirock|Stone Edge|p1a: Houndstone\n|-damage|p1a: Houndstone|136/264\n|\n|-heal|p1a: Houndstone|152/264|[from] item: Leftovers\n|upkeep\n|turn|29\n|\n|t:|1782912914\n|move|p1a: Houndstone|Body Press|p2a: Regirock\n|-supereffective|p2a: Regirock\n|-damage|p2a: Regirock|184/268\n|move|p2a: Regirock|Iron Defense|p2a: Regirock\n|-boost|p2a: Regirock|def|2\n|\n|-heal|p1a: Houndstone|168/264|[from] item: Leftovers\n|upkeep\n|turn|30\n|\n|t:|1782912922\n|move|p1a: Houndstone|Body Press|p2a: Regirock\n|-supereffective|p2a: Regirock\n|-damage|p2a: Regirock|160/268\n|move|p2a: Regirock|Stone Edge|p1a: Houndstone\n|-damage|p1a: Houndstone|72/264\n|\n|-heal|p1a: Houndstone|88/264|[from] item: Leftovers\n|upkeep\n|turn|31\n|\n|t:|1782912931\n|move|p1a: Houndstone|Rest|p1a: Houndstone\n|-status|p1a: Houndstone|slp|[from] move: Rest\n|-heal|p1a: Houndstone|264/264 slp|[silent]\n|move|p2a: Regirock|Stone Edge|p1a: Houndstone\n|-damage|p1a: Houndstone|165/264 slp\n|\n|-heal|p1a: Houndstone|181/264 slp|[from] item: Leftovers\n|upkeep\n|turn|32\n|\n|t:|1782912939\n|cant|p1a: Houndstone|slp\n|move|p1a: Houndstone|Sleep Talk|p1a: Houndstone\n|move|p1a: Houndstone|Body Press|p2a: Regirock|[from] move: Sleep Talk\n|-supereffective|p2a: Regirock\n|-damage|p2a: Regirock|136/268\n|move|p2a: Regirock|Stone Edge|p1a: Houndstone\n|-damage|p1a: Houndstone|88/264 slp\n|\n|-heal|p1a: Houndstone|104/264 slp|[from] item: Leftovers\n|upkeep\n|turn|33\n|\n|t:|1782912948\n|cant|p1a: Houndstone|slp\n|move|p1a: Houndstone|Sleep Talk|p1a: Houndstone\n|move|p1a: Houndstone|Rest||[from] move: Sleep Talk|[still]\n|-fail|p1a: Houndstone\n|move|p2a: Regirock|Stone Edge|p1a: Houndstone\n|-damage|p1a: Houndstone|14/264 slp\n|\n|-heal|p1a: Houndstone|30/264 slp|[from] item: Leftovers\n|upkeep\n|turn|34\n|\n|t:|1782912957\n|-curestatus|p1a: Houndstone|slp|[msg]\n|move|p1a: Houndstone|Rest|p1a: Houndstone\n|-status|p1a: Houndstone|slp|[from] move: Rest\n|-heal|p1a: Houndstone|264/264 slp|[silent]\n|move|p2a: Regirock|Stone Edge|p1a: Houndstone\n|-damage|p1a: Houndstone|161/264 slp\n|\n|-heal|p1a: Houndstone|177/264 slp|[from] item: Leftovers\n|upkeep\n|turn|35\n|\n|t:|1782912967\n|cant|p1a: Houndstone|slp\n|move|p1a: Houndstone|Sleep Talk|p1a: Houndstone\n|move|p1a: Houndstone|Body Press|p2a: Regirock|[from] move: Sleep Talk\n|-supereffective|p2a: Regirock\n|-damage|p2a: Regirock|112/268\n|move|p2a: Regirock|Iron Defense|p2a: Regirock\n|-boost|p2a: Regirock|def|2\n|\n|-heal|p1a: Houndstone|193/264 slp|[from] item: Leftovers\n|upkeep\n|turn|36\n|\n|t:|1782912978\n|cant|p1a: Houndstone|slp\n|move|p1a: Houndstone|Sleep Talk|p1a: Houndstone\n|move|p1a: Houndstone|Rest||[from] move: Sleep Talk|[still]\n|-fail|p1a: Houndstone\n|move|p2a: Regirock|Stone Edge|p1a: Houndstone\n|-damage|p1a: Houndstone|97/264 slp\n|\n|-heal|p1a: Houndstone|113/264 slp|[from] item: Leftovers\n|upkeep\n|turn|37\n|\n|t:|1782912987\n|-curestatus|p1a: Houndstone|slp|[msg]\n|move|p1a: Houndstone|Sleep Talk||[still]\n|-fail|p1a: Houndstone\n|move|p2a: Regirock|Stone Edge|p1a: Houndstone\n|-damage|p1a: Houndstone|20/264\n|\n|-heal|p1a: Houndstone|36/264|[from] item: Leftovers\n|upkeep\n|turn|38\n|\n|t:|1782912998\n|move|p1a: Houndstone|Rest|p1a: Houndstone\n|-status|p1a: Houndstone|slp|[from] move: Rest\n|-heal|p1a: Houndstone|264/264 slp|[silent]\n|move|p2a: Regirock|Rest|p2a: Regirock\n|-status|p2a: Regirock|slp|[from] move: Rest\n|-heal|p2a: Regirock|268/268 slp|[silent]\n|\n|upkeep\n|turn|39\n|c|\u2606kenzhoou|I RAN OUT OF PP\n|c|\u2606kenzhoou|yo fuck this game man\n|c|\u2606zudin_sudin|go struggle\n|\n|t:|1782913027\n|switch|p1a: Deoxys|Deoxys-Attack, L72|191/191\n|-ability|p1a: Deoxys|Pressure\n|switch|p2a: Skeledirge|Skeledirge, L79, F|294/294\n|\n|upkeep\n|turn|40\n|\n|t:|1782913037\n|move|p1a: Deoxys|Knock Off|p2a: Skeledirge\n|-supereffective|p2a: Skeledirge\n|-damage|p2a: Skeledirge|91/294\n|-enditem|p2a: Skeledirge|Heavy-Duty Boots|[from] move: Knock Off|[of] p1a: Deoxys\n|-damage|p1a: Deoxys|172/191|[from] item: Life Orb\n|move|p2a: Skeledirge|Shadow Ball|p1a: Deoxys\n|-supereffective|p1a: Deoxys\n|-damage|p1a: Deoxys|0 fnt\n|faint|p1a: Deoxys\n|\n|upkeep\n|\n|t:|1782913046\n|switch|p1a: Houndstone|Houndstone, L86, M|264/264 slp\n|turn|41\n|\n|t:|1782913050\n|switch|p1a: Dachsbun|Dachsbun, L92, M|219/254\n|move|p2a: Skeledirge|Torch Song|p1a: Dachsbun\n|-ability|p1a: Dachsbun|Well-Baked Body|boost\n|-boost|p1a: Dachsbun|def|2\n|\n|-heal|p1a: Dachsbun|234/254|[from] item: Leftovers\n|upkeep\n|turn|42\n|c|\u2606kenzhoou|ight bro\n|\n|t:|1782913069\n|move|p1a: Dachsbun|Play Rough|p2a: Skeledirge\n|-resisted|p2a: Skeledirge\n|-damage|p2a: Skeledirge|40/294\n|move|p2a: Skeledirge|Slack Off|p2a: Skeledirge\n|-heal|p2a: Skeledirge|187/294\n|\n|-heal|p1a: Dachsbun|249/254|[from] item: Leftovers\n|upkeep\n|turn|43\n|c|\u2606zudin_sudin|this is what we call predicting unc\n|\n|t:|1782913085\n|move|p1a: Dachsbun|Yawn|p2a: Skeledirge\n|-start|p2a: Skeledirge|move: Yawn|[of] p1a: Dachsbun\n|move|p2a: Skeledirge|Shadow Ball|p1a: Dachsbun\n|-damage|p1a: Dachsbun|165/254\n|\n|-heal|p1a: Dachsbun|180/254|[from] item: Leftovers\n|upkeep\n|turn|44\n|\n|t:|1782913094\n|move|p1a: Dachsbun|Play Rough|p2a: Skeledirge\n|-resisted|p2a: Skeledirge\n|-crit|p2a: Skeledirge\n|-damage|p2a: Skeledirge|121/294\n|-unboost|p2a: Skeledirge|atk|1\n|move|p2a: Skeledirge|Shadow Ball|p1a: Dachsbun\n|-damage|p1a: Dachsbun|105/254\n|\n|-heal|p1a: Dachsbun|120/254|[from] item: Leftovers\n|-end|p2a: Skeledirge|move: Yawn|[silent]\n|-status|p2a: Skeledirge|slp\n|upkeep\n|turn|45\n|\n|t:|1782913117\n|switch|p2a: Poliwrath|Poliwrath, L88, M|302/302\n|move|p1a: Dachsbun|Play Rough|p2a: Poliwrath\n|-supereffective|p2a: Poliwrath\n|-damage|p2a: Poliwrath|126/302\n|\n|-heal|p1a: Dachsbun|135/254|[from] item: Leftovers\n|upkeep\n|turn|46\n|\n|t:|1782913137\n|move|p1a: Dachsbun|Play Rough|p2a: Poliwrath\n|-supereffective|p2a: Poliwrath\n|-damage|p2a: Poliwrath|0 fnt\n|faint|p2a: Poliwrath\n|\n|-heal|p1a: Dachsbun|150/254|[from] item: Leftovers\n|upkeep\n|\n|t:|1782913149\n|switch|p2a: Regirock|Regirock, L83|268/268 slp\n|turn|47\n|\n|t:|1782913168\n|move|p1a: Dachsbun|Play Rough|p2a: Regirock\n|-damage|p2a: Regirock|216/268 slp\n|cant|p2a: Regirock|slp\n|\n|-heal|p1a: Dachsbun|165/254|[from] item: Leftovers\n|upkeep\n|turn|48\n|\n|t:|1782913183\n|move|p1a: Dachsbun|Play Rough|p2a: Regirock\n|-damage|p2a: Regirock|167/268 slp\n|cant|p2a: Regirock|slp\n|\n|-heal|p1a: Dachsbun|180/254|[from] item: Leftovers\n|upkeep\n|turn|49\n|\n|t:|1782913217\n|move|p1a: Dachsbun|Play Rough|p2a: Regirock\n|-damage|p2a: Regirock|110/268 slp\n|-curestatus|p2a: Regirock|slp|[msg]\n|move|p2a: Regirock|Iron Defense|p2a: Regirock\n|-boost|p2a: Regirock|def|2\n|\n|-heal|p1a: Dachsbun|195/254|[from] item: Leftovers\n|upkeep\n|turn|50\n|\n|t:|1782913225\n|move|p1a: Dachsbun|Yawn|p2a: Regirock\n|-start|p2a: Regirock|move: Yawn|[of] p1a: Dachsbun\n|move|p2a: Regirock|Iron Defense|p2a: Regirock\n|-boost|p2a: Regirock|def|2\n|\n|-heal|p1a: Dachsbun|210/254|[from] item: Leftovers\n|upkeep\n|turn|51\n|\n|t:|1782913232\n|move|p1a: Dachsbun|Play Rough|p2a: Regirock\n|-damage|p2a: Regirock|91/268\n|move|p2a: Regirock|Rest|p2a: Regirock\n|-status|p2a: Regirock|slp|[from] move: Rest\n|-heal|p2a: Regirock|268/268 slp|[silent]\n|\n|-heal|p1a: Dachsbun|225/254|[from] item: Leftovers\n|-end|p2a: Regirock|move: Yawn|[silent]\n|upkeep\n|turn|52\n|\n|t:|1782913242\n|switch|p1a: Houndstone|Houndstone, L86, M|264/264 slp\n|cant|p2a: Regirock|slp\n|\n|upkeep\n|turn|53\n|\n|t:|1782913257\n|switch|p2a: Skeledirge|Skeledirge, L79, F|121/294 slp\n|cant|p1a: Houndstone|slp\n|move|p1a: Houndstone|Sleep Talk|p1a: Houndstone\n|move|p1a: Houndstone|Rest||[from] move: Sleep Talk|[still]\n|-fail|p1a: Houndstone\n|\n|upkeep\n|turn|54\n|\n|t:|1782913292\n|cant|p1a: Houndstone|slp\n|cant|p2a: Skeledirge|slp\n|\n|upkeep\n|turn|55\n|\n|t:|1782913296\n|-curestatus|p1a: Houndstone|slp|[msg]\n|move|p1a: Houndstone|Poltergeist||[still]\n|-fail|p1a: Houndstone\n|cant|p2a: Skeledirge|slp\n|\n|upkeep\n|turn|56\n|c|\u2606zudin_sudin|fuck am i suppose to do\n|\n|t:|1782913308\n|switch|p1a: Dachsbun|Dachsbun, L92, M|225/254\n|-curestatus|p2a: Skeledirge|slp|[msg]\n|move|p2a: Skeledirge|Shadow Ball|p1a: Dachsbun\n|-damage|p1a: Dachsbun|149/254\n|\n|-heal|p1a: Dachsbun|164/254|[from] item: Leftovers\n|upkeep\n|turn|57\n|\n|t:|1782913322\n|move|p1a: Dachsbun|Yawn|p2a: Skeledirge\n|-start|p2a: Skeledirge|move: Yawn|[of] p1a: Dachsbun\n|move|p2a: Skeledirge|Slack Off|p2a: Skeledirge\n|-heal|p2a: Skeledirge|268/294\n|\n|-heal|p1a: Dachsbun|179/254|[from] item: Leftovers\n|upkeep\n|turn|58\n|\n|t:|1782913329\n|move|p1a: Dachsbun|Play Rough|p2a: Skeledirge\n|-resisted|p2a: Skeledirge\n|-damage|p2a: Skeledirge|223/294\n|move|p2a: Skeledirge|Shadow Ball|p1a: Dachsbun\n|-damage|p1a: Dachsbun|98/254\n|\n|-heal|p1a: Dachsbun|113/254|[from] item: Leftovers\n|-end|p2a: Skeledirge|move: Yawn|[silent]\n|-status|p2a: Skeledirge|slp\n|upkeep\n|turn|59\n|c|\u2606kenzhoou|this is the worst comp ive played against wallah\n|\n|t:|1782913343\n|move|p1a: Dachsbun|Play Rough|p2a: Skeledirge\n|-resisted|p2a: Skeledirge\n|-damage|p2a: Skeledirge|178/294 slp\n|cant|p2a: Skeledirge|slp\n|\n|-heal|p1a: Dachsbun|128/254|[from] item: Leftovers\n|upkeep\n|turn|60\n|\n|t:|1782913376\n|move|p1a: Dachsbun|Play Rough|p2a: Skeledirge\n|-resisted|p2a: Skeledirge\n|-damage|p2a: Skeledirge|130/294 slp\n|cant|p2a: Skeledirge|slp\n|\n|-heal|p1a: Dachsbun|143/254|[from] item: Leftovers\n|upkeep\n|turn|61\n|c|\u2606zudin_sudin|no way play rough is out of pp\n|\n|t:|1782913410\n|move|p1a: Dachsbun|Yawn||[still]\n|-fail|p1a: Dachsbun\n|cant|p2a: Skeledirge|slp\n|\n|-heal|p1a: Dachsbun|158/254|[from] item: Leftovers\n|upkeep\n|turn|62\n|c|\u2606kenzhoou|YES\n|\n|t:|1782913419\n|move|p1a: Dachsbun|Protect|p1a: Dachsbun\n|-singleturn|p1a: Dachsbun|Protect\n|-curestatus|p2a: Skeledirge|slp|[msg]\n|move|p2a: Skeledirge|Shadow Ball|p1a: Dachsbun\n|-activate|p1a: Dachsbun|move: Protect\n|\n|-heal|p1a: Dachsbun|173/254|[from] item: Leftovers\n|upkeep\n|turn|63\n|\n|t:|1782913431\n|move|p1a: Dachsbun|Yawn|p2a: Skeledirge\n|-start|p2a: Skeledirge|move: Yawn|[of] p1a: Dachsbun\n|move|p2a: Skeledirge|Slack Off|p2a: Skeledirge\n|-heal|p2a: Skeledirge|277/294\n|\n|-heal|p1a: Dachsbun|188/254|[from] item: Leftovers\n|upkeep\n|turn|64\n|\n|t:|1782913439\n|move|p1a: Dachsbun|Protect|p1a: Dachsbun\n|-singleturn|p1a: Dachsbun|Protect\n|move|p2a: Skeledirge|Shadow Ball|p1a: Dachsbun\n|-activate|p1a: Dachsbun|move: Protect\n|\n|-heal|p1a: Dachsbun|203/254|[from] item: Leftovers\n|-end|p2a: Skeledirge|move: Yawn|[silent]\n|-status|p2a: Skeledirge|slp\n|upkeep\n|turn|65\n|\n|t:|1782913447\n|switch|p1a: Houndstone|Houndstone, L86, M|264/264\n|cant|p2a: Skeledirge|slp\n|\n|upkeep\n|turn|66\n|\n|t:|1782913455\n|move|p1a: Houndstone|Poltergeist||[still]\n|-fail|p1a: Houndstone\n|cant|p2a: Skeledirge|slp\n|\n|upkeep\n|turn|67\n|c|\u2606zudin_sudin|67\n|c|\u2606kenzhoou|real\n|\n|t:|1782913468\n|switch|p1a: Dachsbun|Dachsbun, L92, M|203/254\n|-curestatus|p2a: Skeledirge|slp|[msg]\n|move|p2a: Skeledirge|Shadow Ball|p1a: Dachsbun\n|-damage|p1a: Dachsbun|122/254\n|\n|-heal|p1a: Dachsbun|137/254|[from] item: Leftovers\n|upkeep\n|turn|68\n|\n|t:|1782913477\n|move|p1a: Dachsbun|Wish|p1a: Dachsbun\n|move|p2a: Skeledirge|Shadow Ball|p1a: Dachsbun\n|-damage|p1a: Dachsbun|56/254\n|-unboost|p1a: Dachsbun|spd|1\n|\n|-heal|p1a: Dachsbun|71/254|[from] item: Leftovers\n|upkeep\n|turn|69\n|\n|t:|1782913485\n|move|p1a: Dachsbun|Protect|p1a: Dachsbun\n|-singleturn|p1a: Dachsbun|Protect\n|move|p2a: Skeledirge|Shadow Ball|p1a: Dachsbun\n|-activate|p1a: Dachsbun|move: Protect\n|\n|-heal|p1a: Dachsbun|198/254|[from] move: Wish|[wisher] Dachsbun\n|-heal|p1a: Dachsbun|213/254|[from] item: Leftovers\n|upkeep\n|turn|70\n|\n|t:|1782913494\n|move|p1a: Dachsbun|Yawn|p2a: Skeledirge\n|-start|p2a: Skeledirge|move: Yawn|[of] p1a: Dachsbun\n|move|p2a: Skeledirge|Shadow Ball|p1a: Dachsbun\n|-crit|p1a: Dachsbun\n|-damage|p1a: Dachsbun|81/254\n|\n|-heal|p1a: Dachsbun|96/254|[from] item: Leftovers\n|upkeep\n|turn|71\n|\n|t:|1782913503\n|move|p1a: Dachsbun|Protect|p1a: Dachsbun\n|-singleturn|p1a: Dachsbun|Protect\n|move|p2a: Skeledirge|Shadow Ball|p1a: Dachsbun\n|-activate|p1a: Dachsbun|move: Protect\n|\n|-heal|p1a: Dachsbun|111/254|[from] item: Leftovers\n|-end|p2a: Skeledirge|move: Yawn|[silent]\n|-status|p2a: Skeledirge|slp\n|upkeep\n|turn|72\n|\n|t:|1782913519\n|move|p1a: Dachsbun|Wish|p1a: Dachsbun\n|cant|p2a: Skeledirge|slp\n|\n|-heal|p1a: Dachsbun|126/254|[from] item: Leftovers\n|upkeep\n|turn|73\n|\n|t:|1782913523\n|move|p1a: Dachsbun|Protect|p1a: Dachsbun\n|-singleturn|p1a: Dachsbun|Protect\n|cant|p2a: Skeledirge|slp\n|\n|-heal|p1a: Dachsbun|253/254|[from] move: Wish|[wisher] Dachsbun\n|-heal|p1a: Dachsbun|254/254|[from] item: Leftovers\n|upkeep\n|turn|74\n|\n|t:|1782913531\n|switch|p1a: Houndstone|Houndstone, L86, M|264/264\n|cant|p2a: Skeledirge|slp\n|\n|upkeep\n|turn|75\n|\n|t:|1782913539\n|move|p1a: Houndstone|Rest|p1a: Houndstone\n|-fail|p1a: Houndstone|heal\n|-curestatus|p2a: Skeledirge|slp|[msg]\n|move|p2a: Skeledirge|Shadow Ball|p1a: Houndstone\n|-supereffective|p1a: Houndstone\n|-damage|p1a: Houndstone|106/264\n|-unboost|p1a: Houndstone|spd|1\n|\n|-heal|p1a: Houndstone|122/264|[from] item: Leftovers\n|upkeep\n|turn|76\n|\n|t:|1782913550\n|move|p1a: Houndstone|Rest|p1a: Houndstone\n|-status|p1a: Houndstone|slp|[from] move: Rest\n|-heal|p1a: Houndstone|264/264 slp|[silent]\n|move|p2a: Skeledirge|Shadow Ball|p1a: Houndstone\n|-supereffective|p1a: Houndstone\n|-damage|p1a: Houndstone|100/264 slp\n|\n|-heal|p1a: Houndstone|116/264 slp|[from] item: Leftovers\n|upkeep\n|turn|77\n|c|\u2606kenzhoou|YES\n|\n|t:|1782913558\n|cant|p1a: Houndstone|slp\n|move|p1a: Houndstone|Sleep Talk|p1a: Houndstone\n|move|p1a: Houndstone|Body Press|p2a: Skeledirge|[from] move: Sleep Talk\n|-immune|p2a: Skeledirge\n|move|p2a: Skeledirge|Shadow Ball|p1a: Houndstone\n|-supereffective|p1a: Houndstone\n|-damage|p1a: Houndstone|0 fnt\n|faint|p1a: Houndstone\n|\n|upkeep\n|\n|t:|1782913567\n|switch|p1a: Dachsbun|Dachsbun, L92, M|254/254\n|turn|78\n|c|\u2606kenzhoou|AHAHAHA\n|c|\u2606kenzhoou|FINALLY\n|\n|t:|1782913575\n|move|p1a: Dachsbun|Yawn|p2a: Skeledirge\n|-start|p2a: Skeledirge|move: Yawn|[of] p1a: Dachsbun\n|move|p2a: Skeledirge|Shadow Ball|p1a: Dachsbun\n|-damage|p1a: Dachsbun|169/254\n|\n|-heal|p1a: Dachsbun|184/254|[from] item: Leftovers\n|upkeep\n|turn|79\n|\n|t:|1782913584\n|move|p1a: Dachsbun|Protect|p1a: Dachsbun\n|-singleturn|p1a: Dachsbun|Protect\n|move|p2a: Skeledirge|Shadow Ball|p1a: Dachsbun\n|-activate|p1a: Dachsbun|move: Protect\n|\n|-heal|p1a: Dachsbun|199/254|[from] item: Leftovers\n|-end|p2a: Skeledirge|move: Yawn|[silent]\n|-status|p2a: Skeledirge|slp\n|upkeep\n|turn|80\n|\n|t:|1782913594\n|switch|p2a: Oinkologne|Oinkologne-F, L92, F|303/361\n|move|p1a: Dachsbun|Wish|p1a: Dachsbun\n|\n|-heal|p1a: Dachsbun|214/254|[from] item: Leftovers\n|-heal|p2a: Oinkologne|325/361|[from] item: Leftovers\n|upkeep\n|turn|81\n|\n|t:|1782913602\n|-terastallize|p1a: Dachsbun|Steel\n|move|p1a: Dachsbun|Yawn|p2a: Oinkologne\n|-start|p2a: Oinkologne|move: Yawn|[of] p1a: Dachsbun\n|move|p2a: Oinkologne|Curse|p2a: Oinkologne\n|-unboost|p2a: Oinkologne|spe|1\n|-boost|p2a: Oinkologne|atk|1\n|-boost|p2a: Oinkologne|def|1\n|\n|-heal|p1a: Dachsbun|254/254|[from] move: Wish|[wisher] Dachsbun\n|-heal|p2a: Oinkologne|347/361|[from] item: Leftovers\n|upkeep\n|turn|82\n|\n|t:|1782913617\n|move|p1a: Dachsbun|Protect|p1a: Dachsbun\n|-singleturn|p1a: Dachsbun|Protect\n|move|p2a: Oinkologne|Curse|p2a: Oinkologne\n|-unboost|p2a: Oinkologne|spe|1\n|-boost|p2a: Oinkologne|atk|1\n|-boost|p2a: Oinkologne|def|1\n|\n|-heal|p2a: Oinkologne|361/361|[from] item: Leftovers\n|-end|p2a: Oinkologne|move: Yawn|[silent]\n|-message|Sleep Clause Mod activated.\n|-hint|Sleep Clause Mod prevents players from putting more than one of their opponent's Pok\u00e9mon to sleep at a time\n|upkeep\n|turn|83\n|\n|t:|1782913629\n|move|p1a: Dachsbun|Wish|p1a: Dachsbun\n|move|p2a: Oinkologne|Sleep Talk||[still]\n|-fail|p2a: Oinkologne\n|\n|upkeep\n|turn|84\n|\n|t:|1782913633\n|move|p1a: Dachsbun|Protect|p1a: Dachsbun\n|-singleturn|p1a: Dachsbun|Protect\n|move|p2a: Oinkologne|Curse|p2a: Oinkologne\n|-unboost|p2a: Oinkologne|spe|1\n|-boost|p2a: Oinkologne|atk|1\n|-boost|p2a: Oinkologne|def|1\n|\n|upkeep\n|turn|85\n|\n|t:|1782913644\n|move|p1a: Dachsbun|Wish|p1a: Dachsbun\n|move|p2a: Oinkologne|Curse|p2a: Oinkologne\n|-unboost|p2a: Oinkologne|spe|1\n|-boost|p2a: Oinkologne|atk|1\n|-boost|p2a: Oinkologne|def|1\n|\n|upkeep\n|turn|86\n|\n|t:|1782913650\n|move|p1a: Dachsbun|Yawn|p2a: Oinkologne\n|-start|p2a: Oinkologne|move: Yawn|[of] p1a: Dachsbun\n|move|p2a: Oinkologne|Curse|p2a: Oinkologne\n|-unboost|p2a: Oinkologne|spe|1\n|-boost|p2a: Oinkologne|atk|1\n|-boost|p2a: Oinkologne|def|1\n|\n|upkeep\n|turn|87\n|c|\u2606kenzhoou|CANT PUT ALL MY POKEMON TO SLEEP\n|\n|t:|1782913665\n|move|p1a: Dachsbun|Protect|p1a: Dachsbun\n|-singleturn|p1a: Dachsbun|Protect\n|move|p2a: Oinkologne|Curse|p2a: Oinkologne\n|-unboost|p2a: Oinkologne|spe|1\n|-boost|p2a: Oinkologne|atk|1\n|-boost|p2a: Oinkologne|def|1\n|\n|-end|p2a: Oinkologne|move: Yawn|[silent]\n|-message|Sleep Clause Mod activated.\n|-hint|Sleep Clause Mod prevents players from putting more than one of their opponent's Pok\u00e9mon to sleep at a time\n|upkeep\n|turn|88\n|\n|t:|1782913674\n|move|p1a: Dachsbun|Wish|p1a: Dachsbun\n|move|p2a: Oinkologne|Body Slam|p1a: Dachsbun\n|-resisted|p1a: Dachsbun\n|-damage|p1a: Dachsbun|97/254\n|\n|-heal|p1a: Dachsbun|112/254|[from] item: Leftovers\n|upkeep\n|turn|89\n|\n|t:|1782913692\n|move|p1a: Dachsbun|Protect|p1a: Dachsbun\n|-singleturn|p1a: Dachsbun|Protect\n|move|p2a: Oinkologne|Body Slam|p1a: Dachsbun\n|-activate|p1a: Dachsbun|move: Protect\n|\n|-heal|p1a: Dachsbun|239/254|[from] move: Wish|[wisher] Dachsbun\n|-heal|p1a: Dachsbun|254/254|[from] item: Leftovers\n|upkeep\n|turn|90\n|\n|t:|1782913700\n|move|p1a: Dachsbun|Yawn|p2a: Oinkologne\n|-start|p2a: Oinkologne|move: Yawn|[of] p1a: Dachsbun\n|move|p2a: Oinkologne|Body Slam|p1a: Dachsbun\n|-resisted|p1a: Dachsbun\n|-damage|p1a: Dachsbun|95/254\n|-status|p1a: Dachsbun|par\n|\n|-heal|p1a: Dachsbun|110/254 par|[from] item: Leftovers\n|upkeep\n|turn|91\n|\n|t:|1782913709\n|move|p1a: Dachsbun|Protect|p1a: Dachsbun\n|-singleturn|p1a: Dachsbun|Protect\n|move|p2a: Oinkologne|Body Slam|p1a: Dachsbun\n|-activate|p1a: Dachsbun|move: Protect\n|\n|-heal|p1a: Dachsbun|125/254 par|[from] item: Leftovers\n|-end|p2a: Oinkologne|move: Yawn|[silent]\n|-message|Sleep Clause Mod activated.\n|-hint|Sleep Clause Mod prevents players from putting more than one of their opponent's Pok\u00e9mon to sleep at a time\n|upkeep\n|turn|92\n|\n|t:|1782913727\n|move|p1a: Dachsbun|Wish|p1a: Dachsbun\n|move|p2a: Oinkologne|Body Slam|p1a: Dachsbun\n|-resisted|p1a: Dachsbun\n|-damage|p1a: Dachsbun|0 fnt\n|faint|p1a: Dachsbun\n|\n|win|kenzhoou\n|raw|zudin_sudin's rating: 1108 &rarr; <strong>1085</strong><br />(-23 for losing)\n|raw|kenzhoou's rating: 1139 &rarr; <strong>1162</strong><br />(+23 for winning)\n|c|\u2606kenzhoou|ggs genuinely longest showdown game ive played\n|c|\u2606kenzhoou|unc still got it\n|c|\u2606zudin_sudin|im genuinely harmless\n|l|\u2606zudin_sudin\n|player|p1|\n|c|\u2606kenzhoou|it was fun\n", "inputlog": ">version f8ac14003a5f27e1bdc8d8c59608a773c1cb96e5\n>start {\"formatid\":\"gen9randombattle\",\"seed\":\"sodium,cf6df09ac5dab21d5ce1570f581ff837\",\"rated\":\"Rated battle\"}\n>player p1 {\"name\":\"zudin_sudin\",\"avatar\":\"cameraman\",\"rating\":1108,\"seed\":\"sodium,cd3df08efd3fd56751ebb3914a839701\"}\n>player p2 {\"name\":\"kenzhoou\",\"avatar\":\"2\",\"rating\":1139,\"seed\":\"sodium,45d2e9bc9331986579ecd4ba84cd786c\"}\n>p1 move yawn\n>p2 move spore\n>p1 move playrough\n>p2 move rapidspin\n>chat \u2606zudin_sudin|dachsbun is just an png ts is frying me\n>p1 move playrough\n>p2 move earthpower\n>chat \u2606kenzhoou|lmao\n>p1 move playrough\n>p2 move earthpower\n>p1 move playrough\n>p2 move earthpower\n>p1 move playrough\n>p2 move gigadrain\n>p1 switch 2\n>p2 move earthpower\n>p1 move earthquake\n>p2 move spore\n>p1 move earthquake\n>p2 move gigadrain\n>p1 move earthquake\n>p2 move gigadrain\n>p1 switch 4\n>p1 move flareblitz\n>p2 move earthpower terastallize\n>p1 move flareblitz\n>p2 move gigadrain\n>p1 switch 3\n>p1 move closecombat\n>p2 move earthpower\n>p2 switch 4\n>chat \u2606kenzhoou|i got bro too \n>p1 move ironhead\n>p2 move playrough\n>chat \u2606zudin_sudin|how tf did you outsped\n>p1 switch 2\n>chat \u2606kenzhoou|227 vs 194\n>p1 move yawn\n>p2 move wish\n>p1 move playrough\n>p2 move playrough\n>chat \u2606kenzhoou|i dont have yawn tf\n>p1 move playrough\n>p2 move playrough\n>chat \u2606zudin_sudin|i just lost my dawgggg\n>p1 switch 5\n>p2 move playrough\n>chat \u2606kenzhoou|lmao\n>p1 move poltergeist\n>p2 move playrough\n>p1 move poltergeist\n>p2 move wish\n>p1 move poltergeist\n>p2 move playrough\n>chat \u2606kenzhoou|yo where my wish at man\n>p2 switch 5\n>chat \u2606zudin_sudin|where yo protect at\n>p1 move bodypress\n>p2 move curse\n>chat \u2606kenzhoou|yo this mf got ONE move and its normal type\n>p1 switch 5\n>p2 switch 3\n>p1 move yawn\n>p2 move torchsong\n>chat \u2606zudin_sudin|aw thank you\n>chat \u2606kenzhoou|wtf\n>chat \u2606zudin_sudin|do it again\n>chat \u2606kenzhoou|yo im too unc for ts\n>chat \u2606kenzhoou|what are these new pokemon\n>p1 move playrough\n>p2 switch 2\n>chat \u2606kenzhoou|is it cuz bros bread\n>chat \u2606kenzhoou|fire moves stat boast him\n>chat \u2606kenzhoou|?\n>p1 move yawn\n>p2 move irondefense\n>chat \u2606zudin_sudin|crossaint pokemon\n>p1 switch 5\n>p2 move bodypress\n>chat \u2606kenzhoou|yo\n>p1 move poltergeist\n>p2 move stoneedge\n>p1 move bodypress\n>p2 move irondefense\n>p1 move bodypress\n>p2 move stoneedge\n>p1 move rest\n>p2 move stoneedge\n>p1 move sleeptalk\n>p2 move stoneedge\n>p1 move sleeptalk\n>p2 move stoneedge\n>p1 move rest\n>p2 move stoneedge\n>p1 move sleeptalk\n>p2 move irondefense\n>p1 move sleeptalk\n>p2 move stoneedge\n>p1 move sleeptalk\n>p2 move stoneedge\n>p1 move rest\n>p2 move rest\n>chat \u2606kenzhoou|I RAN OUT OF PP\n>chat \u2606kenzhoou|yo fuck this game man\n>chat \u2606zudin_sudin|go struggle\n>p1 switch 6\n>p2 switch 2\n>p1 move knockoff\n>p2 move shadowball\n>p1 switch 6\n>p1 switch 5\n>p2 move torchsong\n>chat \u2606kenzhoou|ight bro\n>p1 move playrough\n>p2 move slackoff\n>chat \u2606zudin_sudin|this is what we call predicting unc\n>p1 move yawn\n>p2 move shadowball\n>p1 move playrough\n>p2 move shadowball\n>p1 move playrough\n>p2 switch 6\n>p1 move playrough\n>p2 move liquidation\n>p2 switch 2\n>p1 move playrough\n>p2 move irondefense\n>p1 move playrough\n>p2 move bodypress\n>p1 move playrough\n>p2 move irondefense\n>p1 move yawn\n>p2 move irondefense\n>p1 move playrough\n>p2 move rest\n>p1 switch 5\n>p2 move bodypress\n>p1 move sleeptalk\n>p2 switch 6\n>p1 move poltergeist\n>p2 move shadowball\n>p1 move poltergeist\n>p2 move shadowball\n>chat \u2606zudin_sudin|fuck am i suppose to do\n>p1 switch 5\n>p2 move shadowball\n>p1 move yawn\n>p2 move slackoff\n>p1 move playrough\n>p2 move shadowball\n>chat \u2606kenzhoou|this is the worst comp ive played against wallah\n>p1 move playrough\n>p2 move shadowball\n>p1 move playrough\n>p2 move shadowball\n>chat \u2606zudin_sudin|no way play rough is out of pp\n>p1 move yawn\n>p2 move shadowball\n>chat \u2606kenzhoou|YES\n>p1 move protect\n>p2 move shadowball\n>p1 move yawn\n>p2 move slackoff\n>p1 move protect\n>p2 move shadowball\n>p1 switch 5\n>p2 move shadowball\n>p1 move poltergeist\n>p2 move shadowball\n>chat \u2606zudin_sudin|67\n>chat \u2606kenzhoou|real\n>p1 switch 5\n>p2 move shadowball\n>p1 move wish\n>p2 move shadowball\n>p1 move protect\n>p2 move shadowball\n>p1 move yawn\n>p2 move shadowball\n>p1 move protect\n>p2 move shadowball\n>p1 move wish\n>p2 move shadowball\n>p1 move protect\n>p2 move shadowball\n>p1 switch 5\n>p2 move shadowball\n>p1 move rest\n>p2 move shadowball\n>p1 move rest\n>p2 move shadowball\n>chat \u2606kenzhoou|YES\n>p1 move sleeptalk\n>p2 move shadowball\n>p1 switch 5\n>chat \u2606kenzhoou|AHAHAHA\n>chat \u2606kenzhoou|FINALLY\n>p1 move yawn\n>p2 move shadowball\n>p1 move protect\n>p2 move shadowball\n>p1 move wish\n>p2 switch 3\n>p1 move yawn terastallize\n>p2 move curse\n>p1 move protect\n>p2 move curse\n>p1 move wish\n>p2 move sleeptalk\n>p1 move protect\n>p2 move curse\n>p1 move wish\n>p2 move curse\n>p1 move yawn\n>p2 move curse\n>chat \u2606kenzhoou|CANT PUT ALL MY POKEMON TO SLEEP\n>p1 move protect\n>p2 move curse\n>p1 move wish\n>p2 move bodyslam\n>p1 move protect\n>p2 move bodyslam\n>p1 move yawn\n>p2 move bodyslam\n>p1 move protect\n>p2 move bodyslam\n>p1 move wish\n>p2 move bodyslam", "uploadtime": 1782914052, "views": 2, "formatid": "gen9randombattle", "rating": 1085, "private": 0, "password": null, "player_dets": [{"name": "zudin_sudin", "avatar": "cameraman", "rating": 1108, "seed": "sodium,cd3df08efd3fd56751ebb3914a839701"}, {"name": "kenzhoou", "avatar": "2", "rating": 1139, "seed": "sodium,45d2e9bc9331986579ecd4ba84cd786c"}], "teams_full": [{"Dachsbun": {"name": "Dachsbun", "species": "Dachsbun", "speciesId": "dachsbun", "gender": "M", "shiny": false, "level": 92, "moves": ["playrough", "protect", "yawn", "wish"], "ability": "Well-Baked Body", "evs": {"hp": 85, "atk": 85, "def": 85, "spa": 85, "spd": 85, "spe": 85}, "ivs": {"hp": 31, "atk": 31, "def": 31, "spa": 31, "spd": 31, "spe": 31}, "item": "Leftovers", "teraType": "Steel", "role": "Bulky Support", "bvs": {"hp": 57, "atk": 80, "def": 115, "spa": 50, "spd": 80, "spe": 95}, "stats": {"hp": 254, "atk": 200, "def": 264, "spa": 144, "spd": 200, "spe": 227}, "types": ["Fairy"]}, "Sandaconda": {"name": "Sandaconda", "species": "Sandaconda", "speciesId": "sandaconda", "gender": "M", "shiny": false, "level": 84, "moves": ["stoneedge", "rest", "earthquake", "stealthrock"], "ability": "Shed Skin", "evs": {"hp": 85, "atk": 85, "def": 85, "spa": 85, "spd": 85, "spe": 85}, "ivs": {"hp": 31, "atk": 31, "def": 31, "spa": 31, "spd": 31, "spe": 31}, "item": "Leftovers", "teraType": "Dragon", "role": "Bulky Attacker", "bvs": {"hp": 72, "atk": 107, "def": 125, "spa": 65, "spd": 70, "spe": 71}, "stats": {"hp": 258, "atk": 228, "def": 258, "spa": 157, "spd": 166, "spe": 167}, "types": ["Ground"]}, "Haxorus": {"name": "Haxorus", "species": "Haxorus", "speciesId": "haxorus", "gender": "F", "shiny": false, "level": 77, "moves": ["ironhead", "dragondance", "outrage", "closecombat"], "ability": "Mold Breaker", "evs": {"hp": 85, "atk": 85, "def": 85, "spa": 85, "spd": 85, "spe": 85}, "ivs": {"hp": 31, "atk": 31, "def": 31, "spa": 31, "spd": 31, "spe": 31}, "item": "Lum Berry", "teraType": "Steel", "role": "Setup Sweeper", "bvs": {"hp": 76, "atk": 147, "def": 90, "spa": 60, "spd": 70, "spe": 97}, "stats": {"hp": 244, "atk": 271, "def": 183, "spa": 137, "spd": 152, "spe": 194}, "types": ["Dragon"]}, "Tauros": {"name": "Tauros", "species": "Tauros-Paldea-Blaze", "speciesId": "taurospaldeablaze", "gender": "M", "shiny": false, "level": 81, "moves": ["flareblitz", "closecombat", "stoneedge", "wildcharge"], "ability": "Intimidate", "evs": {"hp": 85, "atk": 85, "def": 85, "spa": 85, "spd": 85, "spe": 85}, "ivs": {"hp": 31, "atk": 31, "def": 31, "spa": 31, "spd": 31, "spe": 31}, "item": "Choice Band", "teraType": "Fighting", "role": "Wallbreaker", "bvs": {"hp": 75, "atk": 110, "def": 105, "spa": 30, "spd": 70, "spe": 100}, "stats": {"hp": 254, "atk": 225, "def": 217, "spa": 95, "spd": 160, "spe": 209}, "types": ["Fighting", "Fire"]}, "Houndstone": {"name": "Houndstone", "species": "Houndstone", "speciesId": "houndstone", "gender": "M", "shiny": false, "level": 86, "moves": ["poltergeist", "rest", "sleeptalk", "bodypress"], "ability": "Fluffy", "evs": {"hp": 85, "atk": 85, "def": 85, "spa": 85, "spd": 85, "spe": 85}, "ivs": {"hp": 31, "atk": 31, "def": 31, "spa": 31, "spd": 31, "spe": 31}, "item": "Leftovers", "teraType": "Fighting", "role": "Bulky Support", "bvs": {"hp": 72, "atk": 101, "def": 100, "spa": 50, "spd": 97, "spe": 68}, "stats": {"hp": 264, "atk": 223, "def": 221, "spa": 135, "spd": 216, "spe": 166}, "types": ["Ghost"]}, "Deoxys": {"name": "Deoxys", "species": "Deoxys-Attack", "speciesId": "deoxysattack", "gender": "N", "shiny": false, "level": 72, "moves": ["extremespeed", "superpower", "knockoff", "psychoboost"], "ability": "Pressure", "evs": {"hp": 85, "atk": 85, "def": 85, "spa": 85, "spd": 85, "spe": 85}, "ivs": {"hp": 31, "atk": 31, "def": 31, "spa": 31, "spd": 31, "spe": 31}, "item": "Life Orb", "teraType": "Dark", "role": "Fast Attacker", "bvs": {"hp": 50, "atk": 180, "def": 20, "spa": 180, "spd": 20, "spe": 150}, "stats": {"hp": 191, "atk": 301, "def": 71, "spa": 301, "spd": 71, "spe": 258}, "types": ["Psychic"]}}, {"Toedscruel": {"name": "Toedscruel", "species": "Toedscruel", "speciesId": "toedscruel", "gender": "F", "shiny": false, "level": 87, "moves": ["gigadrain", "spore", "rapidspin", "earthpower"], "ability": "Mycelium Might", "evs": {"hp": 85, "atk": 85, "def": 85, "spa": 85, "spd": 85, "spe": 85}, "ivs": {"hp": 31, "atk": 31, "def": 31, "spa": 31, "spd": 31, "spe": 31}, "item": "Leftovers", "teraType": "Water", "role": "Bulky Support", "bvs": {"hp": 80, "atk": 70, "def": 65, "spa": 80, "spd": 120, "spe": 100}, "stats": {"hp": 281, "atk": 172, "def": 163, "spa": 189, "spd": 259, "spe": 224}, "types": ["Ground", "Grass"]}, "Regirock": {"name": "Regirock", "species": "Regirock", "speciesId": "regirock", "gender": "N", "shiny": false, "level": 83, "moves": ["stoneedge", "rest", "irondefense", "bodypress"], "ability": "Clear Body", "evs": {"hp": 85, "atk": 85, "def": 85, "spa": 85, "spd": 85, "spe": 85}, "ivs": {"hp": 31, "atk": 31, "def": 31, "spa": 31, "spd": 31, "spe": 31}, "item": "Chesto Berry", "teraType": "Fighting", "role": "Bulky Setup", "bvs": {"hp": 80, "atk": 100, "def": 200, "spa": 50, "spd": 100, "spe": 50}, "stats": {"hp": 268, "atk": 214, "def": 380, "spa": 131, "spd": 214, "spe": 131}, "types": ["Rock"]}, "Skeledirge": {"name": "Skeledirge", "species": "Skeledirge", "speciesId": "skeledirge", "gender": "F", "shiny": false, "level": 79, "moves": ["slackoff", "torchsong", "shadowball", "flamecharge"], "ability": "Unaware", "evs": {"hp": 85, "atk": 85, "def": 85, "spa": 85, "spd": 85, "spe": 85}, "ivs": {"hp": 31, "atk": 31, "def": 31, "spa": 31, "spd": 31, "spe": 31}, "item": "Heavy-Duty Boots", "teraType": "Fairy", "role": "Bulky Attacker", "bvs": {"hp": 104, "atk": 75, "def": 100, "spa": 110, "spd": 75, "spe": 66}, "stats": {"hp": 294, "atk": 164, "def": 204, "spa": 219, "spd": 164, "spe": 150}, "types": ["Fire", "Ghost"]}, "Dachsbun": {"name": "Dachsbun", "species": "Dachsbun", "speciesId": "dachsbun", "gender": "F", "shiny": false, "level": 92, "moves": ["protect", "wish", "bodypress", "playrough"], "ability": "Well-Baked Body", "evs": {"hp": 85, "atk": 85, "def": 85, "spa": 85, "spd": 85, "spe": 85}, "ivs": {"hp": 31, "atk": 31, "def": 31, "spa": 31, "spd": 31, "spe": 31}, "item": "Leftovers", "teraType": "Steel", "role": "Bulky Support", "bvs": {"hp": 57, "atk": 80, "def": 115, "spa": 50, "spd": 80, "spe": 95}, "stats": {"hp": 254, "atk": 200, "def": 264, "spa": 144, "spd": 200, "spe": 227}, "types": ["Fairy"]}, "Oinkologne": {"name": "Oinkologne", "species": "Oinkologne-F", "speciesId": "oinkolognef", "gender": "F", "shiny": false, "level": 92, "moves": ["rest", "sleeptalk", "curse", "bodyslam"], "ability": "Thick Fat", "evs": {"hp": 85, "atk": 85, "def": 85, "spa": 85, "spd": 85, "spe": 85}, "ivs": {"hp": 31, "atk": 31, "def": 31, "spa": 31, "spd": 31, "spe": 31}, "item": "Leftovers", "teraType": "Fairy", "role": "Bulky Support", "bvs": {"hp": 115, "atk": 90, "def": 70, "spa": 59, "spd": 90, "spe": 65}, "stats": {"hp": 361, "atk": 218, "def": 181, "spa": 161, "spd": 218, "spe": 172}, "types": ["Normal"]}, "Poliwrath": {"name": "Poliwrath", "species": "Poliwrath", "speciesId": "poliwrath", "gender": "M", "shiny": false, "level": 88, "moves": ["closecombat", "liquidation", "raindance", "knockoff"], "ability": "Swift Swim", "evs": {"hp": 85, "atk": 85, "def": 85, "spa": 85, "spd": 85, "spe": 85}, "ivs": {"hp": 31, "atk": 31, "def": 31, "spa": 31, "spd": 31, "spe": 31}, "item": "Life Orb", "teraType": "Fighting", "role": "Setup Sweeper", "bvs": {"hp": 90, "atk": 95, "def": 95, "spa": 70, "spd": 90, "spe": 70}, "stats": {"hp": 302, "atk": 217, "def": 217, "spa": 173, "spd": 209, "spe": 173}, "types": ["Water", "Fighting"]}}]}