{"id": "gen9randombattle-2642009174", "format": "[Gen 9] Random Battle", "players": ["romaal", "CrystalFurry17"], "log": "|j|\u2606romaal\n|j|\u2606CrystalFurry17\n|t:|1782872587\n|gametype|singles\n|player|p1|romaal|266|1637\n|player|p2|CrystalFurry17|rosa|1569\n|gen|9\n|tier|[Gen 9] Random Battle\n|rated|\n|rule|Species Clause: Limit one of each Pok\u00e9mon\n|rule|HP Percentage Mod: HP is shown in percentages\n|rule|Sleep Clause Mod: Limit one foe put to sleep\n|rule|Illusion Level Mod: Illusion disguises the Pok\u00e9mon's true level\n|\n|t:|1782872587\n|teamsize|p1|6\n|teamsize|p2|6\n|start\n|switch|p1a: Duraludon|Duraludon, L82, F|249/249\n|switch|p2a: Serperior|Serperior, L79, F|248/248\n|turn|1\n|inactive|Battle timer is ON: inactive players will automatically lose when time's up. (requested by CrystalFurry17)\n|inactive|romaal also wants the timer to be on.\n|\n|t:|1782872597\n|move|p2a: Serperior|Glare|p1a: Duraludon\n|-status|p1a: Duraludon|par\n|move|p1a: Duraludon|Dragon Tail|p2a: Serperior\n|-damage|p2a: Serperior|193/248\n|drag|p2a: Golurk|Golurk, L87|297/297\n|\n|upkeep\n|turn|2\n|\n|t:|1782872614\n|switch|p1a: Hydreigon|Hydreigon, L79, F|275/275\n|move|p2a: Golurk|Dynamic Punch|p1a: Hydreigon\n|-supereffective|p1a: Hydreigon\n|-damage|p1a: Hydreigon|5/275\n|-start|p1a: Hydreigon|confusion\n|\n|upkeep\n|turn|3\n|\n|t:|1782872625\n|switch|p2a: Granbull|Granbull, L88, M|302/302\n|-ability|p2a: Granbull|Intimidate|boost\n|-unboost|p1a: Hydreigon|atk|1\n|-activate|p1a: Hydreigon|confusion\n|move|p1a: Hydreigon|Dark Pulse|p2a: Granbull\n|-resisted|p2a: Granbull\n|-damage|p2a: Granbull|222/302\n|\n|-heal|p2a: Granbull|240/302|[from] item: Leftovers\n|upkeep\n|turn|4\n|\n|t:|1782872634\n|switch|p1a: Qwilfish|Qwilfish, L86, M|252/252\n|-ability|p1a: Qwilfish|Intimidate|boost\n|-unboost|p2a: Granbull|atk|1\n|move|p2a: Granbull|Play Rough|p1a: Qwilfish\n|-resisted|p1a: Qwilfish\n|-damage|p1a: Qwilfish|211/252\n|\n|-heal|p2a: Granbull|258/302|[from] item: Leftovers\n|upkeep\n|turn|5\n|\n|t:|1782872647\n|switch|p2a: Golurk|Golurk, L87|297/297\n|move|p1a: Qwilfish|Toxic Spikes|p2a: Golurk\n|-sidestart|p2: CrystalFurry17|move: Toxic Spikes\n|\n|upkeep\n|turn|6\n|\n|t:|1782872660\n|move|p1a: Qwilfish|Toxic Spikes|p2a: Golurk\n|-sidestart|p2: CrystalFurry17|move: Toxic Spikes\n|move|p2a: Golurk|Dynamic Punch|p1a: Qwilfish\n|-resisted|p1a: Qwilfish\n|-damage|p1a: Qwilfish|140/252\n|-start|p1a: Qwilfish|confusion\n|\n|upkeep\n|turn|7\n|\n|t:|1782872666\n|-activate|p1a: Qwilfish|confusion\n|-damage|p1a: Qwilfish|112/252|[from] confusion\n|move|p2a: Golurk|Dynamic Punch|p1a: Qwilfish\n|-resisted|p1a: Qwilfish\n|-damage|p1a: Qwilfish|40/252\n|\n|upkeep\n|turn|8\n|\n|t:|1782872669\n|-activate|p1a: Qwilfish|confusion\n|-damage|p1a: Qwilfish|10/252|[from] confusion\n|move|p2a: Golurk|Dynamic Punch|p1a: Qwilfish\n|-resisted|p1a: Qwilfish\n|-damage|p1a: Qwilfish|0 fnt\n|faint|p1a: Qwilfish\n|\n|upkeep\n|\n|t:|1782872673\n|switch|p1a: Hydreigon|Hydreigon, L79, F|5/275\n|turn|9\n|\n|t:|1782872678\n|switch|p2a: Granbull|Granbull, L88, M|258/302\n|-status|p2a: Granbull|tox\n|-ability|p2a: Granbull|Intimidate|boost\n|-unboost|p1a: Hydreigon|atk|1\n|move|p1a: Hydreigon|Flash Cannon|p2a: Granbull\n|-supereffective|p2a: Granbull\n|-damage|p2a: Granbull|22/302 tox\n|-unboost|p2a: Granbull|spd|1\n|\n|-heal|p2a: Granbull|40/302 tox|[from] item: Leftovers\n|-damage|p2a: Granbull|22/302 tox|[from] psn\n|upkeep\n|turn|10\n|\n|t:|1782872688\n|move|p1a: Hydreigon|Flash Cannon|p2a: Granbull\n|-supereffective|p2a: Granbull\n|-damage|p2a: Granbull|0 fnt\n|faint|p2a: Granbull\n|\n|upkeep\n|\n|t:|1782872695\n|switch|p2a: Registeel|Registeel, L81|262/262\n|turn|11\n|\n|t:|1782872702\n|switch|p1a: Duraludon|Duraludon, L82, F|249/249 par\n|move|p2a: Registeel|Iron Defense|p2a: Registeel\n|-boost|p2a: Registeel|def|2\n|\n|upkeep\n|turn|12\n|\n|t:|1782872709\n|move|p2a: Registeel|Body Press|p1a: Duraludon\n|-supereffective|p1a: Duraludon\n|-damage|p1a: Duraludon|73/249 par\n|move|p1a: Duraludon|Dragon Tail|p2a: Registeel|[miss]\n|-miss|p1a: Duraludon|p2a: Registeel\n|\n|upkeep\n|turn|13\n|\n|t:|1782872715\n|move|p2a: Registeel|Body Press|p1a: Duraludon\n|-supereffective|p1a: Duraludon\n|-damage|p1a: Duraludon|0 fnt\n|faint|p1a: Duraludon\n|\n|upkeep\n|\n|t:|1782872724\n|switch|p1a: Brambleghast|Brambleghast, L88, F|240/240\n|turn|14\n|\n|t:|1782872727\n|move|p1a: Brambleghast|Substitute|p1a: Brambleghast\n|-start|p1a: Brambleghast|Substitute\n|-damage|p1a: Brambleghast|180/240\n|move|p2a: Registeel|Iron Head|p1a: Brambleghast\n|-end|p1a: Brambleghast|Substitute\n|\n|-heal|p1a: Brambleghast|195/240|[from] item: Leftovers\n|upkeep\n|turn|15\n|\n|t:|1782872733\n|move|p1a: Brambleghast|Leech Seed|p2a: Registeel\n|-start|p2a: Registeel|move: Leech Seed\n|move|p2a: Registeel|Iron Head|p1a: Brambleghast\n|-damage|p1a: Brambleghast|126/240\n|\n|-heal|p1a: Brambleghast|141/240|[from] item: Leftovers\n|-damage|p2a: Registeel|230/262|[from] Leech Seed|[of] p1a: Brambleghast\n|-heal|p1a: Brambleghast|173/240|[silent]\n|upkeep\n|turn|16\n|\n|t:|1782872750\n|switch|p2a: Flygon|Flygon, L82, M|265/265\n|move|p1a: Brambleghast|Substitute|p1a: Brambleghast\n|-start|p1a: Brambleghast|Substitute\n|-damage|p1a: Brambleghast|113/240\n|\n|-heal|p1a: Brambleghast|128/240|[from] item: Leftovers\n|upkeep\n|turn|17\n|\n|t:|1782872766\n|-terastallize|p1a: Brambleghast|Fairy\n|move|p2a: Flygon|Outrage|p1a: Brambleghast\n|-immune|p1a: Brambleghast\n|move|p1a: Brambleghast|Leech Seed|p2a: Flygon\n|-start|p2a: Flygon|move: Leech Seed\n|\n|-heal|p1a: Brambleghast|143/240|[from] item: Leftovers\n|-damage|p2a: Flygon|232/265|[from] Leech Seed|[of] p1a: Brambleghast\n|-heal|p1a: Brambleghast|176/240|[silent]\n|upkeep\n|turn|18\n|\n|t:|1782872778\n|switch|p2a: Registeel|Registeel, L81|230/262\n|move|p1a: Brambleghast|Poltergeist|p2a: Registeel|[miss]\n|-miss|p1a: Brambleghast|p2a: Registeel\n|\n|-heal|p1a: Brambleghast|191/240|[from] item: Leftovers\n|upkeep\n|turn|19\n|\n|t:|1782872785\n|move|p1a: Brambleghast|Leech Seed|p2a: Registeel\n|-start|p2a: Registeel|move: Leech Seed\n|move|p2a: Registeel|Iron Head|p1a: Brambleghast\n|-supereffective|p1a: Brambleghast\n|-end|p1a: Brambleghast|Substitute\n|\n|-heal|p1a: Brambleghast|206/240|[from] item: Leftovers\n|-damage|p2a: Registeel|198/262|[from] Leech Seed|[of] p1a: Brambleghast\n|-heal|p1a: Brambleghast|238/240|[silent]\n|upkeep\n|turn|20\n|\n|t:|1782872803\n|switch|p2a: Serperior|Serperior, L79, F|193/248\n|-status|p2a: Serperior|tox\n|move|p1a: Brambleghast|Substitute|p1a: Brambleghast\n|-start|p1a: Brambleghast|Substitute\n|-damage|p1a: Brambleghast|178/240\n|\n|-heal|p1a: Brambleghast|193/240|[from] item: Leftovers\n|-damage|p2a: Serperior|178/248 tox|[from] psn\n|upkeep\n|turn|21\n|\n|t:|1782872815\n|move|p2a: Serperior|Leaf Storm|p1a: Brambleghast\n|-end|p1a: Brambleghast|Substitute\n|-boost|p2a: Serperior|spa|2\n|-damage|p2a: Serperior|154/248 tox|[from] item: Life Orb\n|move|p1a: Brambleghast|Poltergeist|p2a: Serperior\n|-activate|p2a: Serperior|move: Poltergeist|Life Orb\n|-damage|p2a: Serperior|0 fnt\n|faint|p2a: Serperior\n|\n|-heal|p1a: Brambleghast|208/240|[from] item: Leftovers\n|upkeep\n|\n|t:|1782872823\n|switch|p2a: Registeel|Registeel, L81|198/262\n|turn|22\n|\n|t:|1782872839\n|move|p1a: Brambleghast|Leech Seed|p2a: Registeel\n|-start|p2a: Registeel|move: Leech Seed\n|move|p2a: Registeel|Iron Head|p1a: Brambleghast\n|-supereffective|p1a: Brambleghast\n|-damage|p1a: Brambleghast|70/240\n|\n|-heal|p1a: Brambleghast|85/240|[from] item: Leftovers\n|-damage|p2a: Registeel|166/262|[from] Leech Seed|[of] p1a: Brambleghast\n|-heal|p1a: Brambleghast|117/240|[silent]\n|upkeep\n|turn|23\n|\n|t:|1782872848\n|move|p1a: Brambleghast|Substitute|p1a: Brambleghast\n|-start|p1a: Brambleghast|Substitute\n|-damage|p1a: Brambleghast|57/240\n|move|p2a: Registeel|Iron Head|p1a: Brambleghast\n|-supereffective|p1a: Brambleghast\n|-end|p1a: Brambleghast|Substitute\n|\n|-heal|p1a: Brambleghast|72/240|[from] item: Leftovers\n|-damage|p2a: Registeel|134/262|[from] Leech Seed|[of] p1a: Brambleghast\n|-heal|p1a: Brambleghast|104/240|[silent]\n|upkeep\n|turn|24\n|\n|t:|1782872858\n|switch|p2a: Flygon|Flygon, L82, M|232/265\n|move|p1a: Brambleghast|Substitute|p1a: Brambleghast\n|-start|p1a: Brambleghast|Substitute\n|-damage|p1a: Brambleghast|44/240\n|\n|-heal|p1a: Brambleghast|59/240|[from] item: Leftovers\n|upkeep\n|turn|25\n|\n|t:|1782872880\n|move|p2a: Flygon|U-turn|p1a: Brambleghast\n|-resisted|p1a: Brambleghast\n|-activate|p1a: Brambleghast|move: Substitute|[damage]\n|\n|t:|1782872884\n|switch|p2a: Registeel|Registeel, L81|134/262|[from] U-turn\n|move|p1a: Brambleghast|Leech Seed|p2a: Registeel\n|-start|p2a: Registeel|move: Leech Seed\n|\n|-heal|p1a: Brambleghast|74/240|[from] item: Leftovers\n|-damage|p2a: Registeel|102/262|[from] Leech Seed|[of] p1a: Brambleghast\n|-heal|p1a: Brambleghast|106/240|[silent]\n|upkeep\n|turn|26\n|\n|t:|1782872895\n|switch|p2a: Flygon|Flygon, L82, M|232/265\n|move|p1a: Brambleghast|Poltergeist|p2a: Flygon\n|-activate|p2a: Flygon|move: Poltergeist|Choice Scarf\n|-damage|p2a: Flygon|75/265\n|\n|-heal|p1a: Brambleghast|121/240|[from] item: Leftovers\n|upkeep\n|turn|27\n|\n|t:|1782872907\n|move|p2a: Flygon|Earthquake|p1a: Brambleghast\n|-end|p1a: Brambleghast|Substitute\n|move|p1a: Brambleghast|Substitute|p1a: Brambleghast\n|-start|p1a: Brambleghast|Substitute\n|-damage|p1a: Brambleghast|61/240\n|\n|-heal|p1a: Brambleghast|76/240|[from] item: Leftovers\n|upkeep\n|turn|28\n|\n|t:|1782872920\n|move|p2a: Flygon|Earthquake|p1a: Brambleghast\n|-end|p1a: Brambleghast|Substitute\n|move|p1a: Brambleghast|Poltergeist|p2a: Flygon\n|-activate|p2a: Flygon|move: Poltergeist|Choice Scarf\n|-damage|p2a: Flygon|0 fnt\n|faint|p2a: Flygon\n|\n|-heal|p1a: Brambleghast|91/240|[from] item: Leftovers\n|upkeep\n|\n|t:|1782872935\n|switch|p2a: Registeel|Registeel, L81|102/262\n|turn|29\n|\n|t:|1782872948\n|move|p1a: Brambleghast|Leech Seed|p2a: Registeel\n|-start|p2a: Registeel|move: Leech Seed\n|move|p2a: Registeel|Rest|p2a: Registeel\n|-status|p2a: Registeel|slp|[from] move: Rest\n|-heal|p2a: Registeel|262/262 slp|[silent]\n|-enditem|p2a: Registeel|Chesto Berry|[eat]\n|-curestatus|p2a: Registeel|slp|[msg]\n|\n|-heal|p1a: Brambleghast|106/240|[from] item: Leftovers\n|-damage|p2a: Registeel|230/262|[from] Leech Seed|[of] p1a: Brambleghast\n|-heal|p1a: Brambleghast|138/240|[silent]\n|upkeep\n|turn|30\n|\n|t:|1782872959\n|switch|p2a: Golurk|Golurk, L87|297/297\n|-status|p2a: Golurk|tox\n|move|p1a: Brambleghast|Substitute|p1a: Brambleghast\n|-start|p1a: Brambleghast|Substitute\n|-damage|p1a: Brambleghast|78/240\n|\n|-heal|p1a: Brambleghast|93/240|[from] item: Leftovers\n|-damage|p2a: Golurk|279/297 tox|[from] psn\n|upkeep\n|turn|31\n|\n|t:|1782872964\n|move|p1a: Brambleghast|Poltergeist|p2a: Golurk\n|-activate|p2a: Golurk|move: Poltergeist|Choice Band\n|-supereffective|p2a: Golurk\n|-damage|p2a: Golurk|0 fnt\n|faint|p2a: Golurk\n|\n|-heal|p1a: Brambleghast|108/240|[from] item: Leftovers\n|upkeep\n|\n|t:|1782872966\n|switch|p2a: Registeel|Registeel, L81|230/262\n|turn|32\n|\n|t:|1782872975\n|move|p1a: Brambleghast|Leech Seed|p2a: Registeel\n|-start|p2a: Registeel|move: Leech Seed\n|move|p2a: Registeel|Iron Head|p1a: Brambleghast\n|-supereffective|p1a: Brambleghast\n|-crit|p1a: Brambleghast\n|-end|p1a: Brambleghast|Substitute\n|\n|-heal|p1a: Brambleghast|123/240|[from] item: Leftovers\n|-damage|p2a: Registeel|198/262|[from] Leech Seed|[of] p1a: Brambleghast\n|-heal|p1a: Brambleghast|155/240|[silent]\n|upkeep\n|turn|33\n|\n|t:|1782872985\n|switch|p2a: Arceus|Arceus-Bug, L73|295/295\n|-status|p2a: Arceus|tox\n|move|p1a: Brambleghast|Substitute|p1a: Brambleghast\n|-start|p1a: Brambleghast|Substitute\n|-damage|p1a: Brambleghast|95/240\n|\n|-heal|p1a: Brambleghast|110/240|[from] item: Leftovers\n|-damage|p2a: Arceus|277/295 tox|[from] psn\n|upkeep\n|turn|34\n|\n|t:|1782872996\n|move|p2a: Arceus|Judgment|p1a: Brambleghast\n|-resisted|p1a: Brambleghast\n|-end|p1a: Brambleghast|Substitute\n|move|p1a: Brambleghast|Leech Seed|p2a: Arceus\n|-start|p2a: Arceus|move: Leech Seed\n|\n|-heal|p1a: Brambleghast|125/240|[from] item: Leftovers\n|-damage|p2a: Arceus|241/295 tox|[from] Leech Seed|[of] p1a: Brambleghast\n|-heal|p1a: Brambleghast|161/240|[silent]\n|-damage|p2a: Arceus|205/295 tox|[from] psn\n|upkeep\n|turn|35\n|\n|t:|1782873007\n|move|p2a: Arceus|Fire Blast|p1a: Brambleghast\n|-damage|p1a: Brambleghast|83/240\n|move|p1a: Brambleghast|Substitute|p1a: Brambleghast\n|-start|p1a: Brambleghast|Substitute\n|-damage|p1a: Brambleghast|23/240\n|\n|-heal|p1a: Brambleghast|38/240|[from] item: Leftovers\n|-damage|p2a: Arceus|169/295 tox|[from] Leech Seed|[of] p1a: Brambleghast\n|-heal|p1a: Brambleghast|74/240|[silent]\n|-damage|p2a: Arceus|115/295 tox|[from] psn\n|upkeep\n|turn|36\n|\n|t:|1782873019\n|move|p2a: Arceus|Fire Blast|p1a: Brambleghast|[miss]\n|-miss|p2a: Arceus|p1a: Brambleghast\n|move|p1a: Brambleghast|Substitute|p1a: Brambleghast\n|-fail|p1a: Brambleghast|move: Substitute\n|\n|-heal|p1a: Brambleghast|89/240|[from] item: Leftovers\n|-damage|p2a: Arceus|79/295 tox|[from] Leech Seed|[of] p1a: Brambleghast\n|-heal|p1a: Brambleghast|125/240|[silent]\n|-damage|p2a: Arceus|7/295 tox|[from] psn\n|upkeep\n|turn|37\n|\n|t:|1782873023\n|move|p2a: Arceus|Fire Blast|p1a: Brambleghast\n|-end|p1a: Brambleghast|Substitute\n|move|p1a: Brambleghast|Substitute|p1a: Brambleghast\n|-start|p1a: Brambleghast|Substitute\n|-damage|p1a: Brambleghast|65/240\n|\n|-heal|p1a: Brambleghast|80/240|[from] item: Leftovers\n|-damage|p2a: Arceus|0 fnt|[from] Leech Seed|[of] p1a: Brambleghast\n|-heal|p1a: Brambleghast|87/240|[silent]\n|faint|p2a: Arceus\n|upkeep\n|\n|t:|1782873027\n|switch|p2a: Registeel|Registeel, L81|198/262\n|turn|38\n|\n|t:|1782873037\n|move|p1a: Brambleghast|Leech Seed|p2a: Registeel\n|-start|p2a: Registeel|move: Leech Seed\n|move|p2a: Registeel|Iron Head|p1a: Brambleghast\n|-supereffective|p1a: Brambleghast\n|-end|p1a: Brambleghast|Substitute\n|\n|-heal|p1a: Brambleghast|102/240|[from] item: Leftovers\n|-damage|p2a: Registeel|166/262|[from] Leech Seed|[of] p1a: Brambleghast\n|-heal|p1a: Brambleghast|134/240|[silent]\n|upkeep\n|turn|39\n|\n|t:|1782873047\n|move|p1a: Brambleghast|Substitute|p1a: Brambleghast\n|-start|p1a: Brambleghast|Substitute\n|-damage|p1a: Brambleghast|74/240\n|move|p2a: Registeel|Iron Head|p1a: Brambleghast\n|-supereffective|p1a: Brambleghast\n|-end|p1a: Brambleghast|Substitute\n|\n|-heal|p1a: Brambleghast|89/240|[from] item: Leftovers\n|-damage|p2a: Registeel|134/262|[from] Leech Seed|[of] p1a: Brambleghast\n|-heal|p1a: Brambleghast|121/240|[silent]\n|upkeep\n|turn|40\n|\n|t:|1782873058\n|move|p1a: Brambleghast|Substitute|p1a: Brambleghast\n|-start|p1a: Brambleghast|Substitute\n|-damage|p1a: Brambleghast|61/240\n|move|p2a: Registeel|Iron Head|p1a: Brambleghast\n|-supereffective|p1a: Brambleghast\n|-end|p1a: Brambleghast|Substitute\n|\n|-heal|p1a: Brambleghast|76/240|[from] item: Leftovers\n|-damage|p2a: Registeel|102/262|[from] Leech Seed|[of] p1a: Brambleghast\n|-heal|p1a: Brambleghast|108/240|[silent]\n|upkeep\n|turn|41\n|\n|t:|1782873068\n|move|p1a: Brambleghast|Substitute|p1a: Brambleghast\n|-start|p1a: Brambleghast|Substitute\n|-damage|p1a: Brambleghast|48/240\n|move|p2a: Registeel|Iron Head|p1a: Brambleghast\n|-supereffective|p1a: Brambleghast\n|-end|p1a: Brambleghast|Substitute\n|\n|-heal|p1a: Brambleghast|63/240|[from] item: Leftovers\n|-damage|p2a: Registeel|70/262|[from] Leech Seed|[of] p1a: Brambleghast\n|-heal|p1a: Brambleghast|95/240|[silent]\n|upkeep\n|turn|42\n|\n|t:|1782873076\n|move|p1a: Brambleghast|Substitute|p1a: Brambleghast\n|-start|p1a: Brambleghast|Substitute\n|-damage|p1a: Brambleghast|35/240\n|move|p2a: Registeel|Iron Head|p1a: Brambleghast\n|-supereffective|p1a: Brambleghast\n|-crit|p1a: Brambleghast\n|-end|p1a: Brambleghast|Substitute\n|\n|-heal|p1a: Brambleghast|50/240|[from] item: Leftovers\n|-damage|p2a: Registeel|38/262|[from] Leech Seed|[of] p1a: Brambleghast\n|-heal|p1a: Brambleghast|82/240|[silent]\n|upkeep\n|turn|43\n|\n|t:|1782873087\n|move|p1a: Brambleghast|Substitute|p1a: Brambleghast\n|-start|p1a: Brambleghast|Substitute\n|-damage|p1a: Brambleghast|22/240\n|move|p2a: Registeel|Iron Head|p1a: Brambleghast\n|-supereffective|p1a: Brambleghast\n|-end|p1a: Brambleghast|Substitute\n|\n|-heal|p1a: Brambleghast|37/240|[from] item: Leftovers\n|-damage|p2a: Registeel|6/262|[from] Leech Seed|[of] p1a: Brambleghast\n|-heal|p1a: Brambleghast|69/240|[silent]\n|upkeep\n|turn|44\n|\n|t:|1782873101\n|move|p1a: Brambleghast|Power Whip|p2a: Registeel\n|-resisted|p2a: Registeel\n|-damage|p2a: Registeel|0 fnt\n|faint|p2a: Registeel\n|\n|win|romaal\n|raw|romaal's rating: 1637 &rarr; <strong>1653</strong><br />(+16 for winning)\n|raw|CrystalFurry17's rating: 1569 &rarr; <strong>1553</strong><br />(-16 for losing)\n|c|\u2606CrystalFurry17|I freaking hate leech stall\n|l|\u2606CrystalFurry17\n|player|p2|\n", "inputlog": ">version f8ac14003a5f27e1bdc8d8c59608a773c1cb96e5\n>start {\"formatid\":\"gen9randombattle\",\"seed\":\"sodium,5e1b86de98f395cf910c1ab6e1a77cc0\",\"rated\":\"Rated battle\"}\n>player p1 {\"name\":\"romaal\",\"avatar\":\"266\",\"rating\":1637,\"seed\":\"sodium,e8faa577c4692deddf2045649454c059\"}\n>player p2 {\"name\":\"CrystalFurry17\",\"avatar\":\"rosa\",\"rating\":1569,\"seed\":\"sodium,32a6583f92295a2b14697fa9863f889e\"}\n>p1 move dragontail\n>p2 move glare\n>p1 switch 5\n>p2 move dynamicpunch\n>p1 move darkpulse\n>p2 switch 6\n>p1 switch 4\n>p2 move playrough\n>p1 move toxicspikes\n>p2 switch 6\n>p1 move toxicspikes\n>p2 move dynamicpunch\n>p1 move flipturn\n>p2 move dynamicpunch\n>p1 move flipturn\n>p2 move dynamicpunch\n>p1 switch 4\n>p1 move flashcannon\n>p2 switch 6\n>p1 move flashcannon\n>p2 move playrough\n>p2 switch 4\n>p1 switch 5\n>p2 move irondefense\n>p1 move dragontail\n>p2 move bodypress\n>p1 move dragontail\n>p2 move bodypress\n>p1 switch 3\n>p1 move substitute\n>p2 move ironhead\n>p1 move leechseed\n>p2 move ironhead\n>p1 move substitute\n>p2 switch 5\n>p1 move leechseed terastallize\n>p2 move outrage\n>p1 move poltergeist\n>p2 switch 5\n>p1 move leechseed\n>p2 move ironhead\n>p1 move substitute\n>p2 switch 3\n>p1 move poltergeist\n>p2 move leafstorm\n>p2 switch 3\n>p1 move leechseed\n>p2 move ironhead\n>p1 move substitute\n>p2 move ironhead\n>p1 move substitute\n>p2 switch 5\n>p1 move leechseed\n>p2 move uturn\n>p2 switch 5\n>p1 move poltergeist\n>p2 switch 5\n>p1 move substitute\n>p2 move earthquake\n>p1 move poltergeist\n>p2 move earthquake\n>p2 switch 5\n>p1 move leechseed\n>p2 move rest\n>p1 move substitute\n>p2 switch 6\n>p1 move poltergeist\n>p2 move poltergeist\n>p2 switch 6\n>p1 move leechseed\n>p2 move ironhead\n>p1 move substitute\n>p2 switch 2\n>p1 move leechseed\n>p2 move judgment\n>p1 move substitute\n>p2 move fireblast\n>p1 move substitute\n>p2 move fireblast\n>p1 move substitute\n>p2 move fireblast\n>p2 switch 2\n>p1 move leechseed\n>p2 move ironhead\n>p1 move substitute\n>p2 move ironhead\n>p1 move substitute\n>p2 move ironhead\n>p1 move substitute\n>p2 move ironhead\n>p1 move substitute\n>p2 move ironhead\n>p1 move substitute\n>p2 move ironhead\n>p1 move powerwhip\n>p2 move rest", "uploadtime": 1782873166, "views": 9, "formatid": "gen9randombattle", "rating": 1553, "private": 0, "password": null, "player_dets": [{"name": "romaal", "avatar": "266", "rating": 1637, "seed": "sodium,e8faa577c4692deddf2045649454c059"}, {"name": "CrystalFurry17", "avatar": "rosa", "rating": 1569, "seed": "sodium,32a6583f92295a2b14697fa9863f889e"}], "teams_full": [{"Duraludon": {"name": "Duraludon", "species": "Duraludon", "speciesId": "duraludon", "gender": "F", "shiny": false, "level": 82, "moves": ["dragontail", "dracometeor", "bodypress", "flashcannon"], "ability": "Light Metal", "evs": {"hp": 85, "atk": 85, "def": 85, "spa": 85, "spd": 85, "spe": 85}, "ivs": {"hp": 31, "atk": 31, "def": 31, "spa": 31, "spd": 31, "spe": 31}, "item": "Eviolite", "teraType": "Fighting", "role": "Bulky Attacker", "bvs": {"hp": 70, "atk": 95, "def": 115, "spa": 120, "spd": 50, "spe": 85}, "stats": {"hp": 249, "atk": 203, "def": 236, "spa": 244, "spd": 129, "spe": 187}, "types": ["Steel", "Dragon"]}, "Mightyena": {"name": "Mightyena", "species": "Mightyena", "speciesId": "mightyena", "gender": "F", "shiny": false, "level": 96, "moves": ["taunt", "playrough", "throatchop", "suckerpunch"], "ability": "Intimidate", "evs": {"hp": 85, "atk": 85, "def": 85, "spa": 85, "spd": 85, "spe": 85}, "ivs": {"hp": 31, "atk": 31, "def": 31, "spa": 31, "spd": 31, "spe": 31}, "item": "Leftovers", "teraType": "Fairy", "role": "Bulky Attacker", "bvs": {"hp": 70, "atk": 90, "def": 70, "spa": 60, "spd": 60, "spe": 70}, "stats": {"hp": 290, "atk": 227, "def": 189, "spa": 170, "spd": 170, "spe": 189}, "types": ["Dark"]}, "Brambleghast": {"name": "Brambleghast", "species": "Brambleghast", "speciesId": "brambleghast", "gender": "F", "shiny": false, "level": 88, "moves": ["powerwhip", "leechseed", "substitute", "poltergeist"], "ability": "Wind Rider", "evs": {"hp": 85, "atk": 85, "def": 85, "spa": 85, "spd": 85, "spe": 85}, "ivs": {"hp": 31, "atk": 31, "def": 31, "spa": 31, "spd": 31, "spe": 31}, "item": "Leftovers", "teraType": "Fairy", "role": "Fast Support", "bvs": {"hp": 55, "atk": 115, "def": 70, "spa": 80, "spd": 70, "spe": 90}, "stats": {"hp": 240, "atk": 253, "def": 173, "spa": 191, "spd": 173, "spe": 209}, "types": ["Grass", "Ghost"]}, "Qwilfish": {"name": "Qwilfish", "species": "Qwilfish", "speciesId": "qwilfish", "gender": "M", "shiny": false, "level": 86, "moves": ["flipturn", "gunkshot", "painsplit", "toxicspikes"], "ability": "Intimidate", "evs": {"hp": 85, "atk": 85, "def": 85, "spa": 85, "spd": 85, "spe": 85}, "ivs": {"hp": 31, "atk": 31, "def": 31, "spa": 31, "spd": 31, "spe": 31}, "item": "Heavy-Duty Boots", "teraType": "Dark", "role": "Fast Support", "bvs": {"hp": 65, "atk": 95, "def": 85, "spa": 55, "spd": 55, "spe": 85}, "stats": {"hp": 252, "atk": 213, "def": 195, "spa": 144, "spd": 144, "spe": 195}, "types": ["Water", "Poison"]}, "Hydreigon": {"name": "Hydreigon", "species": "Hydreigon", "speciesId": "hydreigon", "gender": "F", "shiny": false, "level": 79, "moves": ["darkpulse", "dracometeor", "flashcannon", "uturn"], "ability": "Levitate", "evs": {"hp": 85, "atk": 85, "def": 85, "spa": 85, "spd": 85, "spe": 85}, "ivs": {"hp": 31, "atk": 31, "def": 31, "spa": 31, "spd": 31, "spe": 31}, "item": "Choice Specs", "teraType": "Steel", "role": "Fast Attacker", "bvs": {"hp": 92, "atk": 105, "def": 90, "spa": 125, "spd": 90, "spe": 98}, "stats": {"hp": 275, "atk": 211, "def": 188, "spa": 243, "spd": 188, "spe": 200}, "types": ["Dark", "Dragon"]}, "Jirachi": {"name": "Jirachi", "species": "Jirachi", "speciesId": "jirachi", "gender": "N", "shiny": false, "level": 80, "moves": ["healingwish", "ironhead", "psychic", "uturn"], "ability": "Serene Grace", "evs": {"hp": 85, "atk": 85, "def": 85, "spa": 85, "spd": 85, "spe": 85}, "ivs": {"hp": 31, "atk": 31, "def": 31, "spa": 31, "spd": 31, "spe": 31}, "item": "Choice Scarf", "teraType": "Water", "role": "Bulky Support", "bvs": {"hp": 100, "atk": 100, "def": 100, "spa": 100, "spd": 100, "spe": 100}, "stats": {"hp": 291, "atk": 206, "def": 206, "spa": 206, "spd": 206, "spe": 206}, "types": ["Steel", "Psychic"]}}, {"Serperior": {"name": "Serperior", "species": "Serperior", "speciesId": "serperior", "gender": "F", "shiny": false, "level": 79, "moves": ["terablast", "synthesis", "glare", "leafstorm"], "ability": "Contrary", "evs": {"hp": 85, "atk": 85, "def": 85, "spa": 85, "spd": 85, "spe": 85}, "ivs": {"hp": 31, "atk": 31, "def": 31, "spa": 31, "spd": 31, "spe": 31}, "item": "Life Orb", "teraType": "Fire", "role": "Tera Blast user", "bvs": {"hp": 75, "atk": 75, "def": 95, "spa": 75, "spd": 95, "spe": 113}, "stats": {"hp": 248, "atk": 164, "def": 196, "spa": 164, "spd": 196, "spe": 224}, "types": ["Grass"]}, "Arceus": {"name": "Arceus", "species": "Arceus-Bug", "speciesId": "arceusbug", "gender": "N", "shiny": false, "level": 73, "moves": ["calmmind", "judgment", "fireblast", "recover"], "ability": "Multitype", "evs": {"hp": 81, "atk": 0, "def": 85, "spa": 85, "spd": 85, "spe": 85}, "ivs": {"hp": 31, "atk": 0, "def": 31, "spa": 31, "spd": 31, "spe": 31}, "item": "Insect Plate", "teraType": "Fire", "role": "Bulky Setup", "bvs": {"hp": 120, "atk": 120, "def": 120, "spa": 120, "spd": 120, "spe": 120}, "stats": {"hp": 295, "atk": 180, "def": 218, "spa": 218, "spd": 218, "spe": 218}, "types": ["Bug"]}, "Golurk": {"name": "Golurk", "species": "Golurk", "speciesId": "golurk", "gender": "N", "shiny": false, "level": 87, "moves": ["dynamicpunch", "poltergeist", "stoneedge", "earthquake"], "ability": "No Guard", "evs": {"hp": 85, "atk": 85, "def": 85, "spa": 85, "spd": 85, "spe": 85}, "ivs": {"hp": 31, "atk": 31, "def": 31, "spa": 31, "spd": 31, "spe": 31}, "item": "Choice Band", "teraType": "Ground", "role": "Wallbreaker", "bvs": {"hp": 89, "atk": 124, "def": 80, "spa": 55, "spd": 80, "spe": 55}, "stats": {"hp": 297, "atk": 266, "def": 189, "spa": 145, "spd": 189, "spe": 145}, "types": ["Ground", "Ghost"]}, "Registeel": {"name": "Registeel", "species": "Registeel", "speciesId": "registeel", "gender": "N", "shiny": false, "level": 81, "moves": ["ironhead", "rest", "bodypress", "irondefense"], "ability": "Clear Body", "evs": {"hp": 85, "atk": 85, "def": 85, "spa": 85, "spd": 85, "spe": 85}, "ivs": {"hp": 31, "atk": 31, "def": 31, "spa": 31, "spd": 31, "spe": 31}, "item": "Chesto Berry", "teraType": "Fighting", "role": "Bulky Setup", "bvs": {"hp": 80, "atk": 75, "def": 150, "spa": 75, "spd": 150, "spe": 50}, "stats": {"hp": 262, "atk": 168, "def": 290, "spa": 168, "spd": 290, "spe": 128}, "types": ["Steel"]}, "Flygon": {"name": "Flygon", "species": "Flygon", "speciesId": "flygon", "gender": "M", "shiny": false, "level": 82, "moves": ["stoneedge", "earthquake", "uturn", "outrage"], "ability": "Levitate", "evs": {"hp": 85, "atk": 85, "def": 85, "spa": 85, "spd": 85, "spe": 85}, "ivs": {"hp": 31, "atk": 31, "def": 31, "spa": 31, "spd": 31, "spe": 31}, "item": "Choice Scarf", "teraType": "Rock", "role": "Fast Attacker", "bvs": {"hp": 80, "atk": 100, "def": 80, "spa": 80, "spd": 80, "spe": 100}, "stats": {"hp": 265, "atk": 211, "def": 178, "spa": 178, "spd": 178, "spe": 211}, "types": ["Ground", "Dragon"]}, "Granbull": {"name": "Granbull", "species": "Granbull", "speciesId": "granbull", "gender": "M", "shiny": false, "level": 88, "moves": ["earthquake", "encore", "playrough", "thunderwave"], "ability": "Intimidate", "evs": {"hp": 85, "atk": 85, "def": 85, "spa": 85, "spd": 85, "spe": 85}, "ivs": {"hp": 31, "atk": 31, "def": 31, "spa": 31, "spd": 31, "spe": 31}, "item": "Leftovers", "teraType": "Ground", "role": "Bulky Attacker", "bvs": {"hp": 90, "atk": 120, "def": 75, "spa": 60, "spd": 60, "spe": 45}, "stats": {"hp": 302, "atk": 261, "def": 182, "spa": 156, "spd": 156, "spe": 129}, "types": ["Fairy"]}}]}