{"id": "gen9randombattle-2642024610", "format": "[Gen 9] Random Battle", "players": ["PsychoUnsocial", "saulo199t"], "log": "|j|\u2606PsychoUnsocial\n|j|\u2606saulo199t\n|t:|1782875088\n|gametype|singles\n|player|p1|PsychoUnsocial|guitarist|1382\n|player|p2|saulo199t|266|1381\n|gen|9\n|tier|[Gen 9] Random Battle\n|rated|\n|rule|Species Clause: Limit one of each Pok\u00e9mon\n|rule|HP Percentage Mod: HP is shown in percentages\n|rule|Sleep Clause Mod: Limit one foe put to sleep\n|rule|Illusion Level Mod: Illusion disguises the Pok\u00e9mon's true level\n|\n|t:|1782875088\n|teamsize|p1|6\n|teamsize|p2|6\n|start\n|switch|p1a: Wyrdeer|Wyrdeer, L87, F|321/321\n|switch|p2a: Pincurchin|Pincurchin, F|258/258\n|-ability|p1a: Wyrdeer|Intimidate|boost\n|-unboost|p2a: Pincurchin|atk|1\n|-fieldstart|move: Electric Terrain|[from] ability: Electric Surge|[of] p2a: Pincurchin\n|turn|1\n|inactive|Battle timer is ON: inactive players will automatically lose when time's up. (requested by PsychoUnsocial)\n|\n|t:|1782875120\n|switch|p2a: Exeggutor|Exeggutor-Alola, L89, M|314/314\n|move|p1a: Wyrdeer|Earthquake|p2a: Exeggutor\n|-resisted|p2a: Exeggutor\n|-damage|p2a: Exeggutor|279/314\n|\n|upkeep\n|turn|2\n|\n|t:|1782875138\n|move|p1a: Wyrdeer|Megahorn|p2a: Exeggutor\n|-supereffective|p2a: Exeggutor\n|-damage|p2a: Exeggutor|87/314\n|-enditem|p2a: Exeggutor|Sitrus Berry|[eat]\n|-heal|p2a: Exeggutor|165/314|[from] item: Sitrus Berry\n|move|p2a: Exeggutor|Flamethrower|p1a: Wyrdeer\n|-damage|p1a: Wyrdeer|258/321\n|-status|p1a: Wyrdeer|brn\n|\n|-damage|p1a: Wyrdeer|238/321 brn|[from] brn\n|upkeep\n|turn|3\n|\n|t:|1782875159\n|switch|p2a: Dondozo|Dondozo, L78, M|362/362\n|move|p1a: Wyrdeer|Psychic Noise|p2a: Dondozo\n|-damage|p2a: Dondozo|251/362\n|-start|p2a: Dondozo|move: Heal Block\n|\n|-damage|p1a: Wyrdeer|218/321 brn|[from] brn\n|upkeep\n|turn|4\n|\n|t:|1782875175\n|switch|p1a: Scream Tail|Scream Tail, L84|330/330\n|move|p2a: Dondozo|Wave Crash|p1a: Scream Tail\n|-damage|p1a: Scream Tail|222/330\n|-damage|p2a: Dondozo|215/362|[from] Recoil\n|\n|-heal|p1a: Scream Tail|242/330|[from] item: Leftovers\n|-end|p2a: Dondozo|move: Heal Block\n|upkeep\n|turn|5\n|\n|t:|1782875194\n|move|p1a: Scream Tail|Dazzling Gleam|p2a: Dondozo\n|-damage|p2a: Dondozo|133/362\n|move|p2a: Dondozo|Curse|p2a: Dondozo\n|-unboost|p2a: Dondozo|spe|1\n|-boost|p2a: Dondozo|atk|1\n|-boost|p2a: Dondozo|def|1\n|\n|-heal|p1a: Scream Tail|262/330|[from] item: Leftovers\n|-heal|p2a: Dondozo|155/362|[from] item: Leftovers\n|-fieldend|move: Electric Terrain\n|upkeep\n|turn|6\n|\n|t:|1782875204\n|move|p1a: Scream Tail|Encore|p2a: Dondozo\n|-start|p2a: Dondozo|Encore\n|move|p2a: Dondozo|Curse|p2a: Dondozo\n|-unboost|p2a: Dondozo|spe|1\n|-boost|p2a: Dondozo|atk|1\n|-boost|p2a: Dondozo|def|1\n|\n|-heal|p1a: Scream Tail|282/330|[from] item: Leftovers\n|-heal|p2a: Dondozo|177/362|[from] item: Leftovers\n|upkeep\n|turn|7\n|\n|t:|1782875216\n|switch|p2a: Pincurchin|Pincurchin, F|258/258\n|-fieldstart|move: Electric Terrain|[from] ability: Electric Surge|[of] p2a: Pincurchin\n|move|p1a: Scream Tail|Wish|p1a: Scream Tail\n|\n|-heal|p1a: Scream Tail|302/330|[from] item: Leftovers\n|upkeep\n|turn|8\n|inactive|PsychoUnsocial has 120 seconds left.\n|\n|t:|1782875244\n|-end|p1a: Scream Tail|Protosynthesis|[silent]\n|switch|p1a: Ting-Lu|Ting-Lu, L78|370/370\n|-ability|p1a: Ting-Lu|Vessel of Ruin\n|move|p2a: Pincurchin|Zing Zap|p1a: Ting-Lu\n|-immune|p1a: Ting-Lu\n|\n|upkeep\n|turn|9\n|\n|t:|1782875251\n|switch|p2a: Weezing|Weezing-Galar, L86, M|252/252\n|move|p1a: Ting-Lu|Spikes|p2a: Weezing\n|-sidestart|p2: saulo199t|Spikes\n|\n|upkeep\n|turn|10\n|inactive|PsychoUnsocial has 120 seconds left.\n|\n|t:|1782875275\n|switch|p1a: Forretress|Forretress, L84, M|263/263\n|move|p2a: Weezing|Gunk Shot|p1a: Forretress\n|-immune|p1a: Forretress\n|\n|upkeep\n|turn|11\n|\n|t:|1782875283\n|move|p2a: Weezing|Fire Blast|p1a: Forretress\n|-supereffective|p1a: Forretress\n|-ability|p1a: Forretress|Sturdy\n|-damage|p1a: Forretress|1/263\n|move|p1a: Forretress|Spikes|p2a: Weezing\n|-sidestart|p2: saulo199t|Spikes\n|\n|-heal|p1a: Forretress|17/263|[from] item: Leftovers\n|-fieldend|move: Electric Terrain\n|upkeep\n|turn|12\n|\n|t:|1782875296\n|move|p2a: Weezing|Strange Steam|p1a: Forretress\n|-resisted|p1a: Forretress\n|-damage|p1a: Forretress|0 fnt\n|faint|p1a: Forretress\n|\n|upkeep\n|\n|t:|1782875309\n|switch|p1a: Wyrdeer|Wyrdeer, L87, F|218/321 brn\n|-ability|p1a: Wyrdeer|Intimidate|boost\n|-unboost|p2a: Weezing|atk|1\n|turn|13\n|\n|t:|1782875319\n|switch|p2a: Qwilfish|Qwilfish-Hisui, L83, M|244/244\n|-damage|p2a: Qwilfish|204/244|[from] Spikes\n|-ability|p2a: Qwilfish|Intimidate|boost\n|-unboost|p1a: Wyrdeer|atk|1\n|move|p1a: Wyrdeer|Psychic Noise|p2a: Qwilfish\n|-immune|p2a: Qwilfish\n|\n|-damage|p1a: Wyrdeer|198/321 brn|[from] brn\n|upkeep\n|turn|14\n|inactive|PsychoUnsocial has 120 seconds left.\n|\n|t:|1782875344\n|switch|p2a: Exeggutor|Exeggutor-Alola, L89, M|165/314\n|-damage|p2a: Exeggutor|113/314|[from] Spikes\n|switch|p1a: Ting-Lu|Ting-Lu, L78|370/370\n|-ability|p1a: Ting-Lu|Vessel of Ruin\n|\n|upkeep\n|turn|15\n|inactive|PsychoUnsocial has 90 seconds left.\n|\n|t:|1782875376\n|switch|p1a: Lokix|Lokix, L82, M|251/251\n|move|p2a: Exeggutor|Giga Drain|p1a: Lokix\n|-resisted|p1a: Lokix\n|-damage|p1a: Lokix|172/251\n|-heal|p2a: Exeggutor|153/314|[from] drain|[of] p1a: Lokix\n|\n|upkeep\n|turn|16\n|\n|t:|1782875391\n|move|p1a: Lokix|First Impression|p2a: Exeggutor\n|-supereffective|p2a: Exeggutor\n|-damage|p2a: Exeggutor|0 fnt\n|faint|p2a: Exeggutor\n|\n|upkeep\n|\n|t:|1782875395\n|switch|p2a: Weezing|Weezing-Galar, L86, M|252/252\n|turn|17\n|\n|t:|1782875399\n|move|p1a: Lokix|U-turn|p2a: Weezing\n|-resisted|p2a: Weezing\n|-damage|p2a: Weezing|218/252\n|\n|t:|1782875409\n|switch|p1a: Mudsdale|Mudsdale, L83, M|302/302|[from] U-turn\n|move|p2a: Weezing|Defog|p1a: Mudsdale\n|-unboost|p1a: Mudsdale|evasion|1\n|-sideend|p2: saulo199t|Spikes|[from] move: Defog|[of] p2a: Weezing\n|\n|-heal|p2a: Weezing|233/252|[from] item: Leftovers\n|upkeep\n|turn|18\n|\n|t:|1782875419\n|move|p2a: Weezing|Strange Steam|p1a: Mudsdale\n|-damage|p1a: Mudsdale|200/302\n|-ability|p1a: Mudsdale|Stamina|boost\n|-boost|p1a: Mudsdale|def|1\n|move|p1a: Mudsdale|Heavy Slam|p2a: Weezing\n|-supereffective|p2a: Weezing\n|-damage|p2a: Weezing|75/252\n|\n|-heal|p2a: Weezing|90/252|[from] item: Leftovers\n|-heal|p1a: Mudsdale|218/302|[from] item: Leftovers\n|upkeep\n|turn|19\n|inactive|PsychoUnsocial has 90 seconds left.\n|\n|t:|1782875444\n|move|p2a: Weezing|Strange Steam|p1a: Mudsdale\n|-damage|p1a: Mudsdale|125/302\n|-ability|p1a: Mudsdale|Stamina|boost\n|-boost|p1a: Mudsdale|def|1\n|move|p1a: Mudsdale|Stealth Rock|p2a: Weezing\n|-sidestart|p2: saulo199t|move: Stealth Rock\n|\n|-heal|p2a: Weezing|105/252|[from] item: Leftovers\n|-heal|p1a: Mudsdale|143/302|[from] item: Leftovers\n|upkeep\n|turn|20\n|\n|t:|1782875456\n|move|p2a: Weezing|Defog|p1a: Mudsdale\n|-unboost|p1a: Mudsdale|evasion|1\n|-sideend|p2: saulo199t|Stealth Rock|[from] move: Defog|[of] p2a: Weezing\n|move|p1a: Mudsdale|Heavy Slam|p2a: Weezing\n|-supereffective|p2a: Weezing\n|-damage|p2a: Weezing|0 fnt\n|faint|p2a: Weezing\n|\n|-heal|p1a: Mudsdale|161/302|[from] item: Leftovers\n|upkeep\n|\n|t:|1782875459\n|switch|p2a: Espathra|Espathra, L80, M|283/283\n|turn|21\n|\n|t:|1782875474\n|switch|p1a: Lokix|Lokix, L82, M|172/251\n|move|p2a: Espathra|Dazzling Gleam|p1a: Lokix\n|-supereffective|p1a: Lokix\n|-damage|p1a: Lokix|0 fnt\n|faint|p1a: Lokix\n|\n|-ability|p2a: Espathra|Speed Boost|boost\n|-boost|p2a: Espathra|spe|1\n|upkeep\n|\n|t:|1782875485\n|switch|p1a: Wyrdeer|Wyrdeer, L87, F|198/321 brn\n|-ability|p1a: Wyrdeer|Intimidate|boost\n|-unboost|p2a: Espathra|atk|1\n|turn|22\n|\n|t:|1782875496\n|switch|p2a: Dondozo|Dondozo, L78, M|177/362\n|move|p1a: Wyrdeer|Body Slam|p2a: Dondozo\n|-damage|p2a: Dondozo|133/362\n|\n|-heal|p2a: Dondozo|155/362|[from] item: Leftovers\n|-damage|p1a: Wyrdeer|178/321 brn|[from] brn\n|upkeep\n|turn|23\n|\n|t:|1782875506\n|switch|p1a: Scream Tail|Scream Tail, L84|302/330\n|move|p2a: Dondozo|Wave Crash|p1a: Scream Tail\n|-damage|p1a: Scream Tail|203/330\n|-damage|p2a: Dondozo|122/362|[from] Recoil\n|\n|-heal|p1a: Scream Tail|223/330|[from] item: Leftovers\n|-heal|p2a: Dondozo|144/362|[from] item: Leftovers\n|upkeep\n|turn|24\n|\n|t:|1782875516\n|move|p1a: Scream Tail|Wish|p1a: Scream Tail\n|move|p2a: Dondozo|Wave Crash|p1a: Scream Tail\n|-damage|p1a: Scream Tail|126/330\n|-damage|p2a: Dondozo|112/362|[from] Recoil\n|\n|-heal|p1a: Scream Tail|146/330|[from] item: Leftovers\n|-heal|p2a: Dondozo|134/362|[from] item: Leftovers\n|upkeep\n|turn|25\n|\n|t:|1782875525\n|switch|p2a: Qwilfish|Qwilfish-Hisui, L83, M|204/244\n|-ability|p2a: Qwilfish|Intimidate|boost\n|-unboost|p1a: Scream Tail|atk|1\n|move|p1a: Scream Tail|Dazzling Gleam|p2a: Qwilfish\n|-damage|p2a: Qwilfish|149/244\n|\n|-heal|p1a: Scream Tail|311/330|[from] move: Wish|[wisher] Scream Tail\n|-heal|p1a: Scream Tail|330/330|[from] item: Leftovers\n|upkeep\n|turn|26\n|\n|t:|1782875541\n|-end|p1a: Scream Tail|Protosynthesis|[silent]\n|switch|p1a: Wyrdeer|Wyrdeer, L87, F|178/321 brn\n|-ability|p1a: Wyrdeer|Intimidate|boost\n|-unboost|p2a: Qwilfish|atk|1\n|move|p2a: Qwilfish|Gunk Shot|p1a: Wyrdeer\n|-damage|p1a: Wyrdeer|88/321 brn\n|\n|-damage|p1a: Wyrdeer|68/321 brn|[from] brn\n|upkeep\n|turn|27\n|\n|t:|1782875551\n|move|p2a: Qwilfish|Crunch|p1a: Wyrdeer\n|-supereffective|p1a: Wyrdeer\n|-damage|p1a: Wyrdeer|0 fnt\n|faint|p1a: Wyrdeer\n|\n|upkeep\n|\n|t:|1782875557\n|switch|p1a: Ting-Lu|Ting-Lu, L78|370/370\n|-ability|p1a: Ting-Lu|Vessel of Ruin\n|turn|28\n|\n|t:|1782875571\n|switch|p2a: Dondozo|Dondozo, L78, M|134/362\n|move|p1a: Ting-Lu|Spikes|p2a: Dondozo\n|-sidestart|p2: saulo199t|Spikes\n|\n|-heal|p2a: Dondozo|156/362|[from] item: Leftovers\n|upkeep\n|turn|29\n|\n|t:|1782875580\n|switch|p1a: Scream Tail|Scream Tail, L84|330/330\n|move|p2a: Dondozo|Wave Crash|p1a: Scream Tail\n|-damage|p1a: Scream Tail|219/330\n|-damage|p2a: Dondozo|119/362|[from] Recoil\n|\n|-heal|p1a: Scream Tail|239/330|[from] item: Leftovers\n|-heal|p2a: Dondozo|141/362|[from] item: Leftovers\n|upkeep\n|turn|30\n|\n|t:|1782875591\n|switch|p2a: Qwilfish|Qwilfish-Hisui, L83, M|149/244\n|-damage|p2a: Qwilfish|119/244|[from] Spikes\n|-ability|p2a: Qwilfish|Intimidate|boost\n|-unboost|p1a: Scream Tail|atk|1\n|move|p1a: Scream Tail|Wish|p1a: Scream Tail\n|\n|-heal|p1a: Scream Tail|259/330|[from] item: Leftovers\n|upkeep\n|turn|31\n|\n|t:|1782875609\n|switch|p2a: Dondozo|Dondozo, L78, M|141/362\n|-damage|p2a: Dondozo|96/362|[from] Spikes\n|-terastallize|p1a: Scream Tail|Poison\n|move|p1a: Scream Tail|Dazzling Gleam|p2a: Dondozo\n|-damage|p2a: Dondozo|12/362\n|\n|-heal|p1a: Scream Tail|330/330|[from] move: Wish|[wisher] Scream Tail\n|-heal|p2a: Dondozo|34/362|[from] item: Leftovers\n|upkeep\n|turn|32\n|\n|t:|1782875626\n|move|p1a: Scream Tail|Dazzling Gleam|p2a: Dondozo\n|-damage|p2a: Dondozo|0 fnt\n|faint|p2a: Dondozo\n|\n|upkeep\n|\n|t:|1782875633\n|switch|p2a: Pincurchin|Pincurchin, F|258/258\n|-damage|p2a: Pincurchin|226/258|[from] Spikes\n|-fieldstart|move: Electric Terrain|[from] ability: Electric Surge|[of] p2a: Pincurchin\n|turn|33\n|\n|t:|1782875645\n|-end|p1a: Scream Tail|Protosynthesis|[silent]\n|switch|p1a: Ting-Lu|Ting-Lu, L78|370/370\n|-ability|p1a: Ting-Lu|Vessel of Ruin\n|-terastallize|p2a: Pincurchin|Water\n|move|p2a: Pincurchin|Liquidation|p1a: Ting-Lu\n|-supereffective|p1a: Ting-Lu\n|-damage|p1a: Ting-Lu|140/370\n|\n|-heal|p1a: Ting-Lu|163/370|[from] item: Leftovers\n|-heal|p2a: Pincurchin|242/258|[from] item: Leftovers\n|upkeep\n|turn|34\n|\n|t:|1782875662\n|move|p1a: Ting-Lu|Earthquake|p2a: Pincurchin\n|-damage|p2a: Pincurchin|157/258\n|move|p2a: Pincurchin|Liquidation|p1a: Ting-Lu\n|-supereffective|p1a: Ting-Lu\n|-damage|p1a: Ting-Lu|0 fnt\n|faint|p1a: Ting-Lu\n|\n|-heal|p2a: Pincurchin|173/258|[from] item: Leftovers\n|upkeep\n|\n|t:|1782875672\n|switch|p1a: Scream Tail|Scream Tail, L84, tera:Poison|330/330\n|turn|35\n|\n|t:|1782875676\n|move|p1a: Scream Tail|Dazzling Gleam|p2a: Pincurchin\n|-damage|p2a: Pincurchin|116/258\n|move|p2a: Pincurchin|Liquidation|p1a: Scream Tail\n|-damage|p1a: Scream Tail|209/330\n|\n|-heal|p1a: Scream Tail|229/330|[from] item: Leftovers\n|-heal|p2a: Pincurchin|132/258|[from] item: Leftovers\n|upkeep\n|turn|36\n|\n|t:|1782875697\n|move|p1a: Scream Tail|Dazzling Gleam|p2a: Pincurchin\n|-damage|p2a: Pincurchin|78/258\n|move|p2a: Pincurchin|Recover|p2a: Pincurchin\n|-heal|p2a: Pincurchin|207/258\n|\n|-heal|p1a: Scream Tail|249/330|[from] item: Leftovers\n|-heal|p2a: Pincurchin|223/258|[from] item: Leftovers\n|upkeep\n|turn|37\n|\n|t:|1782875709\n|switch|p2a: Espathra|Espathra, L80, M|283/283\n|-damage|p2a: Espathra|248/283|[from] Spikes\n|move|p1a: Scream Tail|Encore||[still]\n|-fail|p1a: Scream Tail\n|\n|-heal|p1a: Scream Tail|269/330|[from] item: Leftovers\n|-fieldend|move: Electric Terrain\n|upkeep\n|turn|38\n|\n|t:|1782875722\n|move|p1a: Scream Tail|Dazzling Gleam|p2a: Espathra\n|-damage|p2a: Espathra|154/283\n|move|p2a: Espathra|Lumina Crash|p1a: Scream Tail\n|-supereffective|p1a: Scream Tail\n|-damage|p1a: Scream Tail|57/330\n|-unboost|p1a: Scream Tail|spd|2\n|\n|-heal|p1a: Scream Tail|77/330|[from] item: Leftovers\n|-ability|p2a: Espathra|Speed Boost|boost\n|-boost|p2a: Espathra|spe|1\n|upkeep\n|turn|39\n|\n|t:|1782875739\n|move|p2a: Espathra|Lumina Crash|p1a: Scream Tail\n|-supereffective|p1a: Scream Tail\n|-damage|p1a: Scream Tail|0 fnt\n|faint|p1a: Scream Tail\n|-end|p1a: Scream Tail|Protosynthesis|[silent]\n|\n|-ability|p2a: Espathra|Speed Boost|boost\n|-boost|p2a: Espathra|spe|1\n|upkeep\n|\n|t:|1782875747\n|switch|p1a: Mudsdale|Mudsdale, L83, M|161/302\n|turn|40\n|\n|t:|1782875751\n|move|p2a: Espathra|Lumina Crash|p1a: Mudsdale\n|-damage|p1a: Mudsdale|44/302\n|-unboost|p1a: Mudsdale|spd|2\n|-ability|p1a: Mudsdale|Stamina|boost\n|-boost|p1a: Mudsdale|def|1\n|move|p1a: Mudsdale|Earthquake|p2a: Espathra\n|-damage|p2a: Espathra|0 fnt\n|faint|p2a: Espathra\n|\n|-heal|p1a: Mudsdale|62/302|[from] item: Leftovers\n|upkeep\n|\n|t:|1782875762\n|switch|p2a: Qwilfish|Qwilfish-Hisui, L83, M|119/244\n|-damage|p2a: Qwilfish|89/244|[from] Spikes\n|-ability|p2a: Qwilfish|Intimidate|boost\n|-unboost|p1a: Mudsdale|atk|1\n|turn|41\n|\n|t:|1782875769\n|switch|p2a: Pincurchin|Pincurchin, F, tera:Water|223/258\n|-damage|p2a: Pincurchin|191/258|[from] Spikes\n|-fieldstart|move: Electric Terrain|[from] ability: Electric Surge|[of] p2a: Pincurchin\n|move|p1a: Mudsdale|Earthquake|p2a: Pincurchin\n|-damage|p2a: Pincurchin|118/258\n|\n|-heal|p1a: Mudsdale|80/302|[from] item: Leftovers\n|-heal|p2a: Pincurchin|134/258|[from] item: Leftovers\n|upkeep\n|turn|42\n|inactive|PsychoUnsocial has 120 seconds left.\n|\n|t:|1782875783\n|move|p1a: Mudsdale|Earthquake|p2a: Pincurchin\n|-damage|p2a: Pincurchin|62/258\n|move|p2a: Pincurchin|Curse|p2a: Pincurchin\n|-unboost|p2a: Pincurchin|spe|1\n|-boost|p2a: Pincurchin|atk|1\n|-boost|p2a: Pincurchin|def|1\n|\n|-heal|p1a: Mudsdale|98/302|[from] item: Leftovers\n|-heal|p2a: Pincurchin|78/258|[from] item: Leftovers\n|upkeep\n|turn|43\n|inactive|PsychoUnsocial has 120 seconds left.\n|\n|t:|1782875793\n|move|p1a: Mudsdale|Earthquake|p2a: Pincurchin\n|-damage|p2a: Pincurchin|33/258\n|move|p2a: Pincurchin|Recover|p2a: Pincurchin\n|-heal|p2a: Pincurchin|162/258\n|\n|-heal|p1a: Mudsdale|116/302|[from] item: Leftovers\n|-heal|p2a: Pincurchin|178/258|[from] item: Leftovers\n|upkeep\n|turn|44\n|inactive|PsychoUnsocial has 120 seconds left.\n|\n|t:|1782875802\n|move|p2a: Pincurchin|Curse|p2a: Pincurchin\n|-unboost|p2a: Pincurchin|spe|1\n|-boost|p2a: Pincurchin|atk|1\n|-boost|p2a: Pincurchin|def|1\n|move|p1a: Mudsdale|Roar|p2a: Pincurchin\n|drag|p2a: Qwilfish|Qwilfish-Hisui, L83, M|89/244\n|-damage|p2a: Qwilfish|59/244|[from] Spikes\n|-ability|p2a: Qwilfish|Intimidate|boost\n|-unboost|p1a: Mudsdale|atk|1\n|\n|-heal|p1a: Mudsdale|134/302|[from] item: Leftovers\n|upkeep\n|turn|45\n|inactive|PsychoUnsocial has 120 seconds left.\n|\n|t:|1782875819\n|move|p2a: Qwilfish|Taunt|p1a: Mudsdale\n|-start|p1a: Mudsdale|move: Taunt\n|move|p1a: Mudsdale|Earthquake|p2a: Qwilfish\n|-supereffective|p2a: Qwilfish\n|-damage|p2a: Qwilfish|0 fnt\n|faint|p2a: Qwilfish\n|\n|-heal|p1a: Mudsdale|152/302|[from] item: Leftovers\n|-fieldend|move: Electric Terrain\n|upkeep\n|\n|t:|1782875822\n|switch|p2a: Pincurchin|Pincurchin, F, tera:Water|178/258\n|-damage|p2a: Pincurchin|146/258|[from] Spikes\n|-fieldstart|move: Electric Terrain|[from] ability: Electric Surge|[of] p2a: Pincurchin\n|turn|46\n|inactive|PsychoUnsocial has 120 seconds left.\n|\n|t:|1782875836\n|move|p1a: Mudsdale|Earthquake|p2a: Pincurchin\n|-damage|p2a: Pincurchin|94/258\n|move|p2a: Pincurchin|Recover|p2a: Pincurchin\n|-heal|p2a: Pincurchin|223/258\n|\n|-heal|p1a: Mudsdale|170/302|[from] item: Leftovers\n|-heal|p2a: Pincurchin|239/258|[from] item: Leftovers\n|upkeep\n|turn|47\n|\n|t:|1782875845\n|move|p1a: Mudsdale|Earthquake|p2a: Pincurchin\n|-damage|p2a: Pincurchin|187/258\n|move|p2a: Pincurchin|Curse|p2a: Pincurchin\n|-unboost|p2a: Pincurchin|spe|1\n|-boost|p2a: Pincurchin|atk|1\n|-boost|p2a: Pincurchin|def|1\n|\n|-heal|p1a: Mudsdale|188/302|[from] item: Leftovers\n|-heal|p2a: Pincurchin|203/258|[from] item: Leftovers\n|-end|p1a: Mudsdale|move: Taunt\n|upkeep\n|turn|48\n|\n|t:|1782875858\n|move|p1a: Mudsdale|Earthquake|p2a: Pincurchin\n|-damage|p2a: Pincurchin|170/258\n|move|p2a: Pincurchin|Curse|p2a: Pincurchin\n|-unboost|p2a: Pincurchin|spe|1\n|-boost|p2a: Pincurchin|atk|1\n|-boost|p2a: Pincurchin|def|1\n|\n|-heal|p1a: Mudsdale|206/302|[from] item: Leftovers\n|-heal|p2a: Pincurchin|186/258|[from] item: Leftovers\n|upkeep\n|turn|49\n|\n|t:|1782875867\n|move|p1a: Mudsdale|Earthquake|p2a: Pincurchin\n|-crit|p2a: Pincurchin\n|-damage|p2a: Pincurchin|26/258\n|move|p2a: Pincurchin|Curse|p2a: Pincurchin\n|-unboost|p2a: Pincurchin|spe|1\n|-boost|p2a: Pincurchin|atk|1\n|-boost|p2a: Pincurchin|def|1\n|\n|-heal|p1a: Mudsdale|224/302|[from] item: Leftovers\n|-heal|p2a: Pincurchin|42/258|[from] item: Leftovers\n|upkeep\n|turn|50\n|\n|t:|1782875877\n|move|p1a: Mudsdale|Earthquake|p2a: Pincurchin\n|-damage|p2a: Pincurchin|23/258\n|move|p2a: Pincurchin|Recover|p2a: Pincurchin\n|-heal|p2a: Pincurchin|152/258\n|\n|-heal|p1a: Mudsdale|242/302|[from] item: Leftovers\n|-heal|p2a: Pincurchin|168/258|[from] item: Leftovers\n|-fieldend|move: Electric Terrain\n|upkeep\n|turn|51\n|\n|t:|1782875886\n|move|p1a: Mudsdale|Earthquake|p2a: Pincurchin\n|-damage|p2a: Pincurchin|147/258\n|move|p2a: Pincurchin|Recover|p2a: Pincurchin\n|-heal|p2a: Pincurchin|258/258\n|\n|-heal|p1a: Mudsdale|260/302|[from] item: Leftovers\n|upkeep\n|turn|52\n|\n|t:|1782875902\n|move|p1a: Mudsdale|Earthquake|p2a: Pincurchin\n|-damage|p2a: Pincurchin|239/258\n|move|p2a: Pincurchin|Curse|p2a: Pincurchin\n|-unboost|p2a: Pincurchin|spe|1\n|-boost|p2a: Pincurchin|atk|1\n|-boost|p2a: Pincurchin|def|1\n|\n|-heal|p1a: Mudsdale|278/302|[from] item: Leftovers\n|-heal|p2a: Pincurchin|255/258|[from] item: Leftovers\n|upkeep\n|turn|53\n|\n|t:|1782875914\n|move|p1a: Mudsdale|Heavy Slam|p2a: Pincurchin\n|-resisted|p2a: Pincurchin\n|-damage|p2a: Pincurchin|248/258\n|move|p2a: Pincurchin|Curse|p2a: Pincurchin\n|-unboost|p2a: Pincurchin|spe|1\n|-boost|p2a: Pincurchin|atk|1\n|-boost|p2a: Pincurchin|def|1\n|\n|-heal|p1a: Mudsdale|296/302|[from] item: Leftovers\n|-heal|p2a: Pincurchin|258/258|[from] item: Leftovers\n|upkeep\n|turn|54\n|\n|t:|1782875925\n|move|p1a: Mudsdale|Earthquake|p2a: Pincurchin\n|-damage|p2a: Pincurchin|242/258\n|move|p2a: Pincurchin|Curse|p2a: Pincurchin\n|-unboost|p2a: Pincurchin|spe|1\n|-boost|p2a: Pincurchin|atk|1\n|-boost|p2a: Pincurchin|def|1\n|\n|-heal|p1a: Mudsdale|302/302|[from] item: Leftovers\n|-heal|p2a: Pincurchin|258/258|[from] item: Leftovers\n|upkeep\n|turn|55\n|\n|t:|1782875934\n|move|p1a: Mudsdale|Earthquake|p2a: Pincurchin\n|-damage|p2a: Pincurchin|245/258\n|move|p2a: Pincurchin|Liquidation|p1a: Mudsdale\n|-supereffective|p1a: Mudsdale\n|-damage|p1a: Mudsdale|0 fnt\n|faint|p1a: Mudsdale\n|\n|win|saulo199t\n|raw|PsychoUnsocial's rating: 1382 &rarr; <strong>1362</strong><br />(-20 for losing)\n|raw|saulo199t's rating: 1381 &rarr; <strong>1401</strong><br />(+20 for winning)\n", "inputlog": ">version f8ac14003a5f27e1bdc8d8c59608a773c1cb96e5\n>start {\"formatid\":\"gen9randombattle\",\"seed\":\"sodium,c5ec4475b7174fbd20a5ca350b12a356\",\"rated\":\"Rated battle\"}\n>player p1 {\"name\":\"PsychoUnsocial\",\"avatar\":\"guitarist\",\"rating\":1382,\"seed\":\"sodium,086594d14796efb136a457531d1cc48e\"}\n>player p2 {\"name\":\"saulo199t\",\"avatar\":\"266\",\"rating\":1381,\"seed\":\"sodium,3b3802823b01f6016437d222ce8ff09c\"}\n>p1 move earthquake\n>p2 switch 5\n>p1 move megahorn\n>p2 move flamethrower\n>p1 move psychicnoise\n>p2 switch 3\n>p1 switch 5\n>p2 move wavecrash\n>p1 move dazzlinggleam\n>p2 move curse\n>p1 move encore\n>p2 move wavecrash\n>p1 move wish\n>p2 switch 5\n>p1 switch 3\n>p2 move zingzap\n>p1 move spikes\n>p2 switch 6\n>p1 switch 6\n>p2 move gunkshot\n>p1 move spikes\n>p2 move fireblast\n>p1 move ironhead\n>p2 move strangesteam\n>p1 switch 5\n>p1 move psychicnoise\n>p2 switch 2\n>p1 switch 6\n>p2 switch 3\n>p1 switch 4\n>p2 move gigadrain\n>p1 move firstimpression\n>p2 move flamethrower\n>p2 switch 2\n>p1 move uturn\n>p2 move defog\n>p1 switch 2\n>p1 move heavyslam\n>p2 move strangesteam\n>p1 move stealthrock\n>p2 move strangesteam\n>p1 move heavyslam\n>p2 move defog\n>p2 switch 4\n>p1 switch 2\n>p2 move dazzlinggleam\n>p1 switch 6\n>p1 move bodyslam\n>p2 switch 5\n>p1 switch 3\n>p2 move wavecrash\n>p1 move wish\n>p2 move wavecrash\n>p1 move dazzlinggleam\n>p2 switch 3\n>p1 switch 3\n>p2 move gunkshot\n>p1 move earthquake\n>p2 move crunch\n>p1 switch 4\n>p1 move spikes\n>p2 switch 3\n>p1 switch 3\n>p2 move wavecrash\n>p1 move wish\n>p2 switch 3\n>p1 move dazzlinggleam terastallize\n>p2 switch 3\n>p1 move dazzlinggleam\n>p2 move wavecrash\n>p2 switch 6\n>p1 switch 3\n>p2 move liquidation terastallize\n>p1 move earthquake\n>p2 move liquidation\n>p1 switch 3\n>p1 move dazzlinggleam\n>p2 move liquidation\n>p1 move dazzlinggleam\n>p2 move recover\n>p1 move encore\n>p2 switch 5\n>p1 move dazzlinggleam\n>p2 move luminacrash\n>p1 move wish\n>p2 move luminacrash\n>p1 switch 2\n>p1 move earthquake\n>p2 move luminacrash\n>p2 switch 3\n>p1 move earthquake\n>p2 switch 5\n>p1 move earthquake\n>p2 move curse\n>p1 move earthquake\n>p2 move recover\n>p1 move roar\n>p2 move curse\n>p1 move earthquake\n>p2 move taunt\n>p2 switch 5\n>p1 move earthquake\n>p2 move recover\n>p1 move earthquake\n>p2 move curse\n>p1 move earthquake\n>p2 move curse\n>p1 move earthquake\n>p2 move curse\n>p1 move earthquake\n>p2 move recover\n>p1 move earthquake\n>p2 move recover\n>p1 move earthquake\n>p2 move curse\n>p1 move heavyslam\n>p2 move curse\n>p1 move earthquake\n>p2 move curse\n>p1 move earthquake\n>p2 move liquidation", "uploadtime": 1782875942, "views": 2, "formatid": "gen9randombattle", "rating": 1362, "private": 0, "password": null, "player_dets": [{"name": "PsychoUnsocial", "avatar": "guitarist", "rating": 1382, "seed": "sodium,086594d14796efb136a457531d1cc48e"}, {"name": "saulo199t", "avatar": "266", "rating": 1381, "seed": "sodium,3b3802823b01f6016437d222ce8ff09c"}], "teams_full": [{"Wyrdeer": {"name": "Wyrdeer", "species": "Wyrdeer", "speciesId": "wyrdeer", "gender": "F", "shiny": false, "level": 87, "moves": ["earthquake", "megahorn", "bodyslam", "psychicnoise"], "ability": "Intimidate", "evs": {"hp": 85, "atk": 85, "def": 85, "spa": 85, "spd": 85, "spe": 85}, "ivs": {"hp": 31, "atk": 31, "def": 31, "spa": 31, "spd": 31, "spe": 31}, "item": "Assault Vest", "teraType": "Ground", "role": "Bulky Attacker", "bvs": {"hp": 103, "atk": 105, "def": 72, "spa": 105, "spd": 75, "spe": 65}, "stats": {"hp": 321, "atk": 232, "def": 175, "spa": 232, "spd": 180, "spe": 163}, "types": ["Normal", "Psychic"]}, "Mudsdale": {"name": "Mudsdale", "species": "Mudsdale", "speciesId": "mudsdale", "gender": "M", "shiny": false, "level": 83, "moves": ["roar", "heavyslam", "earthquake", "stealthrock"], "ability": "Stamina", "evs": {"hp": 85, "atk": 85, "def": 85, "spa": 85, "spd": 85, "spe": 85}, "ivs": {"hp": 31, "atk": 31, "def": 31, "spa": 31, "spd": 31, "spe": 31}, "item": "Leftovers", "teraType": "Steel", "role": "Bulky Attacker", "bvs": {"hp": 100, "atk": 125, "def": 100, "spa": 55, "spd": 85, "spe": 35}, "stats": {"hp": 302, "atk": 255, "def": 214, "spa": 139, "spd": 189, "spe": 106}, "types": ["Ground"]}, "Ting-Lu": {"name": "Ting-Lu", "species": "Ting-Lu", "speciesId": "tinglu", "gender": "N", "shiny": false, "level": 78, "moves": ["throatchop", "whirlwind", "earthquake", "spikes"], "ability": "Vessel of Ruin", "evs": {"hp": 85, "atk": 85, "def": 85, "spa": 85, "spd": 85, "spe": 85}, "ivs": {"hp": 31, "atk": 31, "def": 31, "spa": 31, "spd": 31, "spe": 31}, "item": "Leftovers", "teraType": "Ghost", "role": "Bulky Support", "bvs": {"hp": 155, "atk": 110, "def": 125, "spa": 55, "spd": 80, "spe": 45}, "stats": {"hp": 370, "atk": 217, "def": 240, "spa": 131, "spd": 170, "spe": 115}, "types": ["Dark", "Ground"]}, "Lokix": {"name": "Lokix", "species": "Lokix", "speciesId": "lokix", "gender": "M", "shiny": false, "level": 82, "moves": ["firstimpression", "uturn", "knockoff", "suckerpunch"], "ability": "Tinted Lens", "evs": {"hp": 85, "atk": 85, "def": 85, "spa": 85, "spd": 85, "spe": 85}, "ivs": {"hp": 31, "atk": 31, "def": 31, "spa": 31, "spd": 31, "spe": 31}, "item": "Silver Powder", "teraType": "Bug", "role": "Fast Attacker", "bvs": {"hp": 71, "atk": 102, "def": 78, "spa": 52, "spd": 55, "spe": 92}, "stats": {"hp": 251, "atk": 214, "def": 175, "spa": 132, "spd": 137, "spe": 198}, "types": ["Bug", "Dark"]}, "Scream Tail": {"name": "Scream Tail", "species": "Scream Tail", "speciesId": "screamtail", "gender": "N", "shiny": false, "level": 84, "moves": ["encore", "wish", "protect", "dazzlinggleam"], "ability": "Protosynthesis", "evs": {"hp": 85, "atk": 0, "def": 85, "spa": 85, "spd": 85, "spe": 85}, "ivs": {"hp": 31, "atk": 0, "def": 31, "spa": 31, "spd": 31, "spe": 31}, "item": "Leftovers", "teraType": "Poison", "role": "Bulky Attacker", "bvs": {"hp": 115, "atk": 65, "def": 99, "spa": 65, "spd": 115, "spe": 111}, "stats": {"hp": 330, "atk": 114, "def": 215, "spa": 157, "spd": 241, "spe": 235}, "types": ["Fairy", "Psychic"]}, "Forretress": {"name": "Forretress", "species": "Forretress", "speciesId": "forretress", "gender": "M", "shiny": false, "level": 84, "moves": ["ironhead", "rapidspin", "spikes", "bodypress"], "ability": "Sturdy", "evs": {"hp": 85, "atk": 85, "def": 85, "spa": 85, "spd": 85, "spe": 85}, "ivs": {"hp": 31, "atk": 31, "def": 31, "spa": 31, "spd": 31, "spe": 31}, "item": "Leftovers", "teraType": "Water", "role": "Bulky Attacker", "bvs": {"hp": 75, "atk": 90, "def": 140, "spa": 60, "spd": 60, "spe": 40}, "stats": {"hp": 263, "atk": 199, "def": 283, "spa": 149, "spd": 149, "spe": 115}, "types": ["Bug", "Steel"]}}, {"Pincurchin": {"name": "Pincurchin", "species": "Pincurchin", "speciesId": "pincurchin", "gender": "F", "shiny": false, "level": 100, "moves": ["liquidation", "curse", "zingzap", "recover"], "ability": "Electric Surge", "evs": {"hp": 85, "atk": 85, "def": 85, "spa": 85, "spd": 85, "spe": 85}, "ivs": {"hp": 31, "atk": 31, "def": 31, "spa": 31, "spd": 31, "spe": 31}, "item": "Leftovers", "teraType": "Water", "role": "Bulky Setup", "bvs": {"hp": 48, "atk": 101, "def": 95, "spa": 91, "spd": 85, "spe": 15}, "stats": {"hp": 258, "atk": 259, "def": 247, "spa": 239, "spd": 227, "spe": 87}, "types": ["Electric"]}, "Qwilfish": {"name": "Qwilfish", "species": "Qwilfish-Hisui", "speciesId": "qwilfishhisui", "gender": "M", "shiny": false, "level": 83, "moves": ["gunkshot", "taunt", "spikes", "crunch"], "ability": "Intimidate", "evs": {"hp": 85, "atk": 85, "def": 85, "spa": 85, "spd": 85, "spe": 85}, "ivs": {"hp": 31, "atk": 31, "def": 31, "spa": 31, "spd": 31, "spe": 31}, "item": "Eviolite", "teraType": "Poison", "role": "Bulky Support", "bvs": {"hp": 65, "atk": 95, "def": 85, "spa": 55, "spd": 55, "spe": 85}, "stats": {"hp": 244, "atk": 205, "def": 189, "spa": 139, "spd": 139, "spe": 189}, "types": ["Dark", "Poison"]}, "Dondozo": {"name": "Dondozo", "species": "Dondozo", "speciesId": "dondozo", "gender": "M", "shiny": false, "level": 78, "moves": ["rest", "sleeptalk", "curse", "wavecrash"], "ability": "Unaware", "evs": {"hp": 85, "atk": 85, "def": 85, "spa": 85, "spd": 85, "spe": 85}, "ivs": {"hp": 31, "atk": 31, "def": 31, "spa": 31, "spd": 31, "spe": 31}, "item": "Leftovers", "teraType": "Fairy", "role": "Bulky Setup", "bvs": {"hp": 150, "atk": 100, "def": 115, "spa": 65, "spd": 65, "spe": 35}, "stats": {"hp": 362, "atk": 201, "def": 224, "spa": 146, "spd": 146, "spe": 100}, "types": ["Water"]}, "Espathra": {"name": "Espathra", "species": "Espathra", "speciesId": "espathra", "gender": "M", "shiny": false, "level": 80, "moves": ["dazzlinggleam", "uturn", "shadowball", "luminacrash"], "ability": "Speed Boost", "evs": {"hp": 85, "atk": 85, "def": 85, "spa": 85, "spd": 85, "spe": 85}, "ivs": {"hp": 31, "atk": 31, "def": 31, "spa": 31, "spd": 31, "spe": 31}, "item": "Choice Specs", "teraType": "Psychic", "role": "Wallbreaker", "bvs": {"hp": 95, "atk": 60, "def": 60, "spa": 101, "spd": 60, "spe": 105}, "stats": {"hp": 283, "atk": 142, "def": 142, "spa": 208, "spd": 142, "spe": 214}, "types": ["Psychic"]}, "Exeggutor": {"name": "Exeggutor", "species": "Exeggutor-Alola", "speciesId": "exeggutoralola", "gender": "M", "shiny": false, "level": 89, "moves": ["flamethrower", "calmmind", "gigadrain", "dragonpulse"], "ability": "Harvest", "evs": {"hp": 85, "atk": 0, "def": 85, "spa": 85, "spd": 85, "spe": 85}, "ivs": {"hp": 31, "atk": 0, "def": 31, "spa": 31, "spd": 31, "spe": 31}, "item": "Sitrus Berry", "teraType": "Steel", "role": "Bulky Setup", "bvs": {"hp": 95, "atk": 105, "def": 85, "spa": 125, "spd": 75, "spe": 45}, "stats": {"hp": 314, "atk": 191, "def": 202, "spa": 273, "spd": 184, "spe": 131}, "types": ["Grass", "Dragon"]}, "Weezing": {"name": "Weezing", "species": "Weezing-Galar", "speciesId": "weezinggalar", "gender": "M", "shiny": false, "level": 86, "moves": ["gunkshot", "defog", "fireblast", "strangesteam"], "ability": "Levitate", "evs": {"hp": 85, "atk": 85, "def": 85, "spa": 85, "spd": 85, "spe": 85}, "ivs": {"hp": 31, "atk": 31, "def": 31, "spa": 31, "spd": 31, "spe": 31}, "item": "Leftovers", "teraType": "Steel", "role": "Bulky Support", "bvs": {"hp": 65, "atk": 90, "def": 120, "spa": 85, "spd": 70, "spe": 60}, "stats": {"hp": 252, "atk": 204, "def": 256, "spa": 195, "spd": 170, "spe": 152}, "types": ["Poison", "Fairy"]}}]}