{"id": "gen9randombattle-2641783295", "format": "[Gen 9] Random Battle", "players": ["memegameguy", "Smucky"], "log": "|j|\u2606memegameguy\n|j|\u2606Smucky\n|t:|1782841416\n|gametype|singles\n|player|p1|memegameguy|hilbert|2187\n|player|p2|Smucky|cynthia-gen7|2236\n|gen|9\n|tier|[Gen 9] Random Battle\n|rated|\n|rule|Species Clause: Limit one of each Pok\u00e9mon\n|rule|HP Percentage Mod: HP is shown in percentages\n|rule|Sleep Clause Mod: Limit one foe put to sleep\n|rule|Illusion Level Mod: Illusion disguises the Pok\u00e9mon's true level\n|\n|t:|1782841416\n|teamsize|p1|6\n|teamsize|p2|6\n|start\n|switch|p1a: Rabsca|Rabsca, L91, M|284/284\n|switch|p2a: Crawdaunt|Crawdaunt, L84, F|243/243\n|turn|1\n|inactive|Battle timer is ON: inactive players will automatically lose when time's up. (requested by Smucky)\n|inactive|memegameguy has 120 seconds left.\n|\n|t:|1782841460\n|switch|p1a: Mimikyu|Mimikyu, L79, M|216/216\n|move|p2a: Crawdaunt|Knock Off|p1a: Mimikyu\n|-activate|p1a: Mimikyu|ability: Disguise\n|-damage|p1a: Mimikyu|216/216\n|-enditem|p1a: Mimikyu|Life Orb|[from] move: Knock Off|[of] p2a: Crawdaunt\n|detailschange|p1a: Mimikyu|Mimikyu-Busted, L79, M\n|-damage|p1a: Mimikyu|189/216|[from] pokemon: Mimikyu-Busted\n|\n|upkeep\n|turn|2\n|\n|t:|1782841475\n|switch|p2a: Mudsdale|Mudsdale, L83, F|302/302\n|move|p1a: Mimikyu|Play Rough|p2a: Mudsdale\n|-damage|p2a: Mudsdale|232/302\n|-ability|p2a: Mudsdale|Stamina|boost\n|-boost|p2a: Mudsdale|def|1\n|\n|-heal|p2a: Mudsdale|250/302|[from] item: Leftovers\n|upkeep\n|turn|3\n|\n|t:|1782841495\n|switch|p1a: Rabsca|Rabsca, L91, M|284/284\n|move|p2a: Mudsdale|Stealth Rock|p1a: Rabsca\n|-sidestart|p1: memegameguy|move: Stealth Rock\n|\n|-heal|p2a: Mudsdale|268/302|[from] item: Leftovers\n|upkeep\n|turn|4\n|\n|t:|1782841507\n|move|p2a: Mudsdale|Stone Edge|p1a: Rabsca|[miss]\n|-miss|p2a: Mudsdale|p1a: Rabsca\n|move|p1a: Rabsca|Trick Room|p1a: Rabsca\n|-fieldstart|move: Trick Room|[of] p1a: Rabsca\n|\n|-heal|p2a: Mudsdale|286/302|[from] item: Leftovers\n|upkeep\n|turn|5\n|\n|t:|1782841514\n|move|p1a: Rabsca|Bug Buzz|p2a: Mudsdale\n|-damage|p2a: Mudsdale|165/302\n|-ability|p2a: Mudsdale|Stamina|boost\n|-boost|p2a: Mudsdale|def|1\n|move|p2a: Mudsdale|Stone Edge|p1a: Rabsca\n|-supereffective|p1a: Rabsca\n|-damage|p1a: Rabsca|122/284\n|\n|-heal|p2a: Mudsdale|183/302|[from] item: Leftovers\n|upkeep\n|turn|6\n|\n|t:|1782841521\n|move|p1a: Rabsca|Bug Buzz|p2a: Mudsdale\n|-damage|p2a: Mudsdale|44/302\n|-ability|p2a: Mudsdale|Stamina|boost\n|-boost|p2a: Mudsdale|def|1\n|move|p2a: Mudsdale|Stone Edge|p1a: Rabsca\n|-supereffective|p1a: Rabsca\n|-damage|p1a: Rabsca|0 fnt\n|faint|p1a: Rabsca\n|\n|-heal|p2a: Mudsdale|62/302|[from] item: Leftovers\n|upkeep\n|\n|t:|1782841530\n|switch|p1a: Orthworm|Orthworm, L88, M|266/266\n|-damage|p1a: Orthworm|250/266|[from] Stealth Rock\n|turn|7\n|\n|t:|1782841537\n|switch|p2a: Palossand|Palossand, L89, F|296/296\n|move|p1a: Orthworm|Stealth Rock|p2a: Palossand\n|-sidestart|p2: Smucky|move: Stealth Rock\n|\n|-heal|p1a: Orthworm|266/266|[from] item: Leftovers\n|upkeep\n|turn|8\n|\n|t:|1782841545\n|move|p2a: Palossand|Shadow Ball|p1a: Orthworm\n|-damage|p1a: Orthworm|134/266\n|move|p1a: Orthworm|Spikes|p2a: Palossand\n|-sidestart|p2: Smucky|Spikes\n|\n|-heal|p1a: Orthworm|150/266|[from] item: Leftovers\n|-fieldend|move: Trick Room\n|upkeep\n|turn|9\n|\n|t:|1782841552\n|switch|p1a: Cresselia|Cresselia, L80, F|323/323\n|-damage|p1a: Cresselia|283/323|[from] Stealth Rock\n|move|p2a: Palossand|Shadow Ball|p1a: Cresselia\n|-supereffective|p1a: Cresselia\n|-damage|p1a: Cresselia|119/323\n|\n|-heal|p1a: Cresselia|139/323|[from] item: Leftovers\n|upkeep\n|turn|10\n|\n|t:|1782841561\n|move|p1a: Cresselia|Calm Mind|p1a: Cresselia\n|-boost|p1a: Cresselia|spa|1\n|-boost|p1a: Cresselia|spd|1\n|move|p2a: Palossand|Shadow Ball|p1a: Cresselia\n|-supereffective|p1a: Cresselia\n|-damage|p1a: Cresselia|35/323\n|\n|-heal|p1a: Cresselia|55/323|[from] item: Leftovers\n|upkeep\n|turn|11\n|\n|t:|1782841564\n|move|p1a: Cresselia|Moonlight|p1a: Cresselia\n|-heal|p1a: Cresselia|216/323\n|move|p2a: Palossand|Shadow Ball|p1a: Cresselia\n|-supereffective|p1a: Cresselia\n|-damage|p1a: Cresselia|118/323\n|-unboost|p1a: Cresselia|spd|1\n|\n|-heal|p1a: Cresselia|138/323|[from] item: Leftovers\n|upkeep\n|turn|12\n|\n|t:|1782841579\n|move|p1a: Cresselia|Calm Mind|p1a: Cresselia\n|-boost|p1a: Cresselia|spa|1\n|-boost|p1a: Cresselia|spd|1\n|move|p2a: Palossand|Shadow Ball|p1a: Cresselia\n|-supereffective|p1a: Cresselia\n|-damage|p1a: Cresselia|24/323\n|\n|-heal|p1a: Cresselia|44/323|[from] item: Leftovers\n|upkeep\n|turn|13\n|\n|t:|1782841581\n|move|p1a: Cresselia|Moonlight|p1a: Cresselia\n|-heal|p1a: Cresselia|205/323\n|move|p2a: Palossand|Shadow Ball|p1a: Cresselia\n|-supereffective|p1a: Cresselia\n|-damage|p1a: Cresselia|91/323\n|\n|-heal|p1a: Cresselia|111/323|[from] item: Leftovers\n|upkeep\n|turn|14\n|\n|t:|1782841589\n|move|p1a: Cresselia|Moonlight|p1a: Cresselia\n|-heal|p1a: Cresselia|272/323\n|move|p2a: Palossand|Sludge Bomb|p1a: Cresselia\n|-damage|p1a: Cresselia|229/323\n|\n|-heal|p1a: Cresselia|249/323|[from] item: Leftovers\n|upkeep\n|turn|15\n|\n|t:|1782841598\n|move|p1a: Cresselia|Calm Mind|p1a: Cresselia\n|-boost|p1a: Cresselia|spa|1\n|-boost|p1a: Cresselia|spd|1\n|move|p2a: Palossand|Sludge Bomb|p1a: Cresselia\n|-damage|p1a: Cresselia|217/323\n|\n|-heal|p1a: Cresselia|237/323|[from] item: Leftovers\n|upkeep\n|turn|16\n|\n|t:|1782841601\n|move|p1a: Cresselia|Psyshock|p2a: Palossand\n|-damage|p2a: Palossand|173/296\n|move|p2a: Palossand|Sludge Bomb|p1a: Cresselia\n|-damage|p1a: Cresselia|208/323\n|\n|-heal|p1a: Cresselia|228/323|[from] item: Leftovers\n|-heal|p2a: Palossand|191/296|[from] item: Leftovers\n|upkeep\n|turn|17\n|\n|t:|1782841607\n|move|p1a: Cresselia|Psyshock|p2a: Palossand\n|-damage|p2a: Palossand|53/296\n|move|p2a: Palossand|Shore Up|p2a: Palossand\n|-heal|p2a: Palossand|201/296\n|\n|-heal|p1a: Cresselia|248/323|[from] item: Leftovers\n|-heal|p2a: Palossand|219/296|[from] item: Leftovers\n|upkeep\n|turn|18\n|\n|t:|1782841611\n|move|p1a: Cresselia|Calm Mind|p1a: Cresselia\n|-boost|p1a: Cresselia|spa|1\n|-boost|p1a: Cresselia|spd|1\n|move|p2a: Palossand|Sludge Bomb|p1a: Cresselia\n|-damage|p1a: Cresselia|225/323\n|-status|p1a: Cresselia|psn\n|\n|-heal|p1a: Cresselia|245/323 psn|[from] item: Leftovers\n|-heal|p2a: Palossand|237/296|[from] item: Leftovers\n|-damage|p1a: Cresselia|205/323 psn|[from] psn\n|upkeep\n|turn|19\n|\n|t:|1782841615\n|move|p1a: Cresselia|Psyshock|p2a: Palossand\n|-damage|p2a: Palossand|71/296\n|move|p2a: Palossand|Shore Up|p2a: Palossand\n|-heal|p2a: Palossand|219/296\n|\n|-heal|p1a: Cresselia|225/323 psn|[from] item: Leftovers\n|-heal|p2a: Palossand|237/296|[from] item: Leftovers\n|-damage|p1a: Cresselia|185/323 psn|[from] psn\n|upkeep\n|turn|20\n|\n|t:|1782841626\n|move|p1a: Cresselia|Calm Mind|p1a: Cresselia\n|-boost|p1a: Cresselia|spa|1\n|-boost|p1a: Cresselia|spd|1\n|move|p2a: Palossand|Shore Up|p2a: Palossand\n|-heal|p2a: Palossand|296/296\n|\n|-heal|p1a: Cresselia|205/323 psn|[from] item: Leftovers\n|-damage|p1a: Cresselia|165/323 psn|[from] psn\n|upkeep\n|turn|21\n|\n|t:|1782841630\n|move|p1a: Cresselia|Calm Mind|p1a: Cresselia\n|-boost|p1a: Cresselia|spa|1\n|-boost|p1a: Cresselia|spd|1\n|move|p2a: Palossand|Shadow Ball|p1a: Cresselia\n|-supereffective|p1a: Cresselia\n|-damage|p1a: Cresselia|111/323 psn\n|\n|-heal|p1a: Cresselia|131/323 psn|[from] item: Leftovers\n|-damage|p1a: Cresselia|91/323 psn|[from] psn\n|upkeep\n|turn|22\n|\n|t:|1782841633\n|move|p1a: Cresselia|Moonlight|p1a: Cresselia\n|-heal|p1a: Cresselia|252/323 psn\n|move|p2a: Palossand|Shadow Ball|p1a: Cresselia\n|-supereffective|p1a: Cresselia\n|-damage|p1a: Cresselia|202/323 psn\n|-unboost|p1a: Cresselia|spd|1\n|\n|-heal|p1a: Cresselia|222/323 psn|[from] item: Leftovers\n|-damage|p1a: Cresselia|182/323 psn|[from] psn\n|upkeep\n|turn|23\n|\n|t:|1782841644\n|switch|p2a: Mudsdale|Mudsdale, L83, F|62/302\n|-damage|p2a: Mudsdale|44/302|[from] Stealth Rock\n|-damage|p2a: Mudsdale|7/302|[from] Spikes\n|move|p1a: Cresselia|Psyshock|p2a: Mudsdale\n|-damage|p2a: Mudsdale|0 fnt\n|faint|p2a: Mudsdale\n|\n|-heal|p1a: Cresselia|202/323 psn|[from] item: Leftovers\n|-damage|p1a: Cresselia|162/323 psn|[from] psn\n|upkeep\n|\n|t:|1782841658\n|switch|p2a: Zebstrika|Zebstrika, L87, F|272/272\n|-damage|p2a: Zebstrika|238/272|[from] Stealth Rock\n|-damage|p2a: Zebstrika|204/272|[from] Spikes\n|turn|24\n|\n|t:|1782841670\n|switch|p1a: Groudon|Groudon, L72|263/263\n|-damage|p1a: Groudon|247/263|[from] Stealth Rock\n|-weather|SunnyDay|[from] ability: Drought|[of] p1a: Groudon\n|move|p2a: Zebstrika|Supercell Slam|p1a: Groudon\n|-immune|p1a: Groudon\n|-damage|p2a: Zebstrika|68/272|[from] supercellslam\n|\n|-weather|SunnyDay|[upkeep]\n|-heal|p1a: Groudon|263/263|[from] item: Leftovers\n|upkeep\n|turn|25\n|\n|t:|1782841686\n|move|p2a: Zebstrika|Overheat|p1a: Groudon|[miss]\n|-miss|p2a: Zebstrika|p1a: Groudon\n|move|p1a: Groudon|Heat Crash|p2a: Zebstrika\n|-damage|p2a: Zebstrika|0 fnt\n|faint|p2a: Zebstrika\n|\n|-weather|SunnyDay|[upkeep]\n|upkeep\n|\n|t:|1782841693\n|switch|p2a: Gardevoir|Gardevoir, L83, M|249/249\n|-damage|p2a: Gardevoir|218/249|[from] Stealth Rock\n|-damage|p2a: Gardevoir|187/249|[from] Spikes\n|-ability|p2a: Gardevoir|Drought|Trace|[from] ability: Trace|[of] p1a: Groudon\n|turn|26\n|\n|t:|1782841721\n|move|p2a: Gardevoir|Moonblast|p1a: Groudon\n|-damage|p1a: Groudon|116/263\n|move|p1a: Groudon|Thunder Wave|p2a: Gardevoir\n|-status|p2a: Gardevoir|par\n|\n|-weather|SunnyDay|[upkeep]\n|-heal|p1a: Groudon|132/263|[from] item: Leftovers\n|upkeep\n|turn|27\n|\n|t:|1782841732\n|move|p1a: Groudon|Heat Crash|p2a: Gardevoir\n|-damage|p2a: Gardevoir|10/249 par\n|move|p2a: Gardevoir|Moonblast|p1a: Groudon\n|-damage|p1a: Groudon|0 fnt\n|faint|p1a: Groudon\n|\n|-weather|SunnyDay|[upkeep]\n|upkeep\n|\n|t:|1782841741\n|switch|p1a: Mimikyu|Mimikyu-Busted, L79, M|189/216\n|-damage|p1a: Mimikyu|162/216|[from] Stealth Rock\n|turn|28\n|\n|t:|1782841751\n|move|p1a: Mimikyu|Shadow Claw|p2a: Gardevoir\n|-supereffective|p2a: Gardevoir\n|-damage|p2a: Gardevoir|0 fnt\n|faint|p2a: Gardevoir\n|\n|-weather|none\n|upkeep\n|\n|t:|1782841756\n|switch|p2a: Palossand|Palossand, L89, F|296/296\n|-damage|p2a: Palossand|278/296|[from] Stealth Rock\n|-damage|p2a: Palossand|241/296|[from] Spikes\n|turn|29\n|\n|t:|1782841769\n|move|p1a: Mimikyu|Swords Dance|p1a: Mimikyu\n|-boost|p1a: Mimikyu|atk|2\n|move|p2a: Palossand|Shadow Ball|p1a: Mimikyu\n|-supereffective|p1a: Mimikyu\n|-damage|p1a: Mimikyu|0 fnt\n|faint|p1a: Mimikyu\n|\n|-heal|p2a: Palossand|259/296|[from] item: Leftovers\n|upkeep\n|\n|t:|1782841781\n|switch|p1a: Cresselia|Cresselia, L80, F|162/323 psn\n|-damage|p1a: Cresselia|122/323 psn|[from] Stealth Rock\n|turn|30\n|\n|t:|1782841790\n|-terastallize|p1a: Cresselia|Electric\n|move|p1a: Cresselia|Moonlight|p1a: Cresselia\n|-heal|p1a: Cresselia|283/323 psn\n|move|p2a: Palossand|Shadow Ball|p1a: Cresselia\n|-damage|p1a: Cresselia|210/323 psn\n|\n|-heal|p1a: Cresselia|230/323 psn|[from] item: Leftovers\n|-heal|p2a: Palossand|277/296|[from] item: Leftovers\n|-damage|p1a: Cresselia|190/323 psn|[from] psn\n|upkeep\n|turn|31\n|\n|t:|1782841801\n|move|p1a: Cresselia|Calm Mind|p1a: Cresselia\n|-boost|p1a: Cresselia|spa|1\n|-boost|p1a: Cresselia|spd|1\n|move|p2a: Palossand|Shadow Ball|p1a: Cresselia\n|-damage|p1a: Cresselia|139/323 psn\n|\n|-heal|p1a: Cresselia|159/323 psn|[from] item: Leftovers\n|-heal|p2a: Palossand|295/296|[from] item: Leftovers\n|-damage|p1a: Cresselia|119/323 psn|[from] psn\n|upkeep\n|turn|32\n|\n|t:|1782841816\n|switch|p2a: Crawdaunt|Crawdaunt, L84, F|243/243\n|-damage|p2a: Crawdaunt|213/243|[from] Stealth Rock\n|-damage|p2a: Crawdaunt|183/243|[from] Spikes\n|move|p1a: Cresselia|Moonlight|p1a: Cresselia\n|-heal|p1a: Cresselia|280/323 psn\n|\n|-heal|p1a: Cresselia|300/323 psn|[from] item: Leftovers\n|-damage|p1a: Cresselia|260/323 psn|[from] psn\n|upkeep\n|turn|33\n|\n|t:|1782841821\n|-terastallize|p2a: Crawdaunt|Fighting\n|move|p1a: Cresselia|Thunderbolt|p2a: Crawdaunt\n|-damage|p2a: Crawdaunt|30/243\n|move|p2a: Crawdaunt|Crabhammer|p1a: Cresselia\n|-damage|p1a: Cresselia|83/323 psn\n|\n|-heal|p1a: Cresselia|103/323 psn|[from] item: Leftovers\n|-damage|p1a: Cresselia|63/323 psn|[from] psn\n|upkeep\n|turn|34\n|\n|t:|1782841830\n|move|p1a: Cresselia|Psyshock|p2a: Crawdaunt\n|-supereffective|p2a: Crawdaunt\n|-damage|p2a: Crawdaunt|0 fnt\n|faint|p2a: Crawdaunt\n|\n|-heal|p1a: Cresselia|83/323 psn|[from] item: Leftovers\n|-damage|p1a: Cresselia|43/323 psn|[from] psn\n|upkeep\n|\n|t:|1782841832\n|switch|p2a: Zapdos|Zapdos-Galar, L77|265/265\n|-damage|p2a: Zapdos|232/265|[from] Stealth Rock\n|turn|35\n|\n|t:|1782841838\n|move|p2a: Zapdos|Close Combat|p1a: Cresselia\n|-crit|p1a: Cresselia\n|-damage|p1a: Cresselia|0 fnt\n|-unboost|p2a: Zapdos|def|1\n|-unboost|p2a: Zapdos|spd|1\n|faint|p1a: Cresselia\n|\n|upkeep\n|\n|t:|1782841844\n|switch|p1a: Koraidon|Koraidon, L64|235/235\n|-damage|p1a: Koraidon|221/235|[from] Stealth Rock\n|-weather|SunnyDay|[from] ability: Orichalcum Pulse|[of] p1a: Koraidon\n|-activate|p1a: Koraidon|Orichalcum Pulse|[source]\n|turn|36\n|\n|t:|1782841862\n|switch|p2a: Palossand|Palossand, L89, F|295/296\n|-damage|p2a: Palossand|277/296|[from] Stealth Rock\n|-damage|p2a: Palossand|240/296|[from] Spikes\n|move|p1a: Koraidon|Swords Dance|p1a: Koraidon\n|-boost|p1a: Koraidon|atk|2\n|\n|-weather|SunnyDay|[upkeep]\n|-heal|p2a: Palossand|258/296|[from] item: Leftovers\n|upkeep\n|turn|37\n|\n|t:|1782841878\n|move|p1a: Koraidon|Scale Shot|p2a: Palossand|[miss]\n|-miss|p1a: Koraidon|p2a: Palossand\n|move|p2a: Palossand|Earth Power|p1a: Koraidon\n|-damage|p1a: Koraidon|91/235\n|\n|-weather|SunnyDay|[upkeep]\n|-heal|p2a: Palossand|276/296|[from] item: Leftovers\n|upkeep\n|turn|38\n|\n|t:|1782841888\n|move|p1a: Koraidon|Scale Shot|p2a: Palossand|[miss]\n|-miss|p1a: Koraidon|p2a: Palossand\n|move|p2a: Palossand|Shadow Ball|p1a: Koraidon\n|-damage|p1a: Koraidon|0 fnt\n|faint|p1a: Koraidon\n|\n|-weather|SunnyDay|[upkeep]\n|-heal|p2a: Palossand|294/296|[from] item: Leftovers\n|upkeep\n|-message|memegameguy forfeited.\n|\n|win|Smucky\n|raw|memegameguy's rating: 2187 &rarr; <strong>2170</strong><br />(-17 for losing)\n|raw|Smucky's rating: 2236 &rarr; <strong>2253</strong><br />(+17 for winning)\n", "inputlog": ">version f8ac14003a5f27e1bdc8d8c59608a773c1cb96e5\n>start {\"formatid\":\"gen9randombattle\",\"seed\":\"sodium,4827063e155d4bb908318434a68d5684\",\"rated\":\"Rated battle\"}\n>player p1 {\"name\":\"memegameguy\",\"avatar\":\"hilbert\",\"rating\":2187,\"seed\":\"sodium,12df7aca85d5c471f4c05fa6b3aa2cca\"}\n>player p2 {\"name\":\"Smucky\",\"avatar\":\"cynthia-gen7\",\"rating\":2236,\"seed\":\"sodium,021af760619420889fe4dd6c75efebb8\"}\n>p1 switch 5\n>p2 move knockoff\n>p1 move playrough\n>p2 switch 2\n>p1 switch 5\n>p2 move stealthrock\n>p1 move trickroom\n>p2 move stoneedge\n>p1 move bugbuzz\n>p2 move stoneedge\n>p1 move bugbuzz\n>p2 move stoneedge\n>p1 switch 2\n>p1 move stealthrock\n>p2 switch 6\n>p1 move spikes\n>p2 move shadowball\n>p1 switch 4\n>p2 move shadowball\n>p1 move calmmind\n>p2 move shadowball\n>p1 move moonlight\n>p2 move shadowball\n>p1 move calmmind\n>p2 move shadowball\n>p1 move moonlight\n>p2 move shadowball\n>p1 move moonlight\n>p2 move sludgebomb\n>p1 move calmmind\n>p2 move sludgebomb\n>p1 move psyshock\n>p2 move sludgebomb\n>p1 move psyshock\n>p2 move shoreup\n>p1 move calmmind\n>p2 move sludgebomb\n>p1 move psyshock\n>p2 move shoreup\n>p1 move calmmind\n>p2 move shoreup\n>p1 move calmmind\n>p2 move shadowball\n>p1 move moonlight\n>p2 move shadowball\n>p1 move psyshock\n>p2 switch 6\n>p2 switch 3\n>p1 switch 3\n>p2 move supercellslam\n>p1 move heatcrash\n>p2 move overheat\n>p2 switch 4\n>p1 move thunderwave\n>p2 move moonblast\n>p1 move heatcrash\n>p2 move moonblast\n>p1 switch 5\n>p1 move shadowclaw\n>p2 move moonblast\n>p2 switch 6\n>p1 move swordsdance\n>p2 move shadowball\n>p1 switch 3\n>p1 move moonlight terastallize\n>p2 move shadowball\n>p1 move calmmind\n>p2 move shadowball\n>p1 move moonlight\n>p2 switch 2\n>p1 move thunderbolt\n>p2 move crabhammer terastallize\n>p1 move psyshock\n>p2 move crabhammer\n>p2 switch 5\n>p1 move thunderbolt\n>p2 move closecombat\n>p1 switch 6\n>p1 move swordsdance\n>p2 switch 2\n>p1 move scaleshot\n>p2 move earthpower\n>p1 move scaleshot\n>p2 move shadowball\n>forcelose p1", "uploadtime": 1782841896, "views": 6, "formatid": "gen9randombattle", "rating": 2170, "private": 0, "password": null, "player_dets": [{"name": "memegameguy", "avatar": "hilbert", "rating": 2187, "seed": "sodium,12df7aca85d5c471f4c05fa6b3aa2cca"}, {"name": "Smucky", "avatar": "cynthia-gen7", "rating": 2236, "seed": "sodium,021af760619420889fe4dd6c75efebb8"}], "teams_full": [{"Rabsca": {"name": "Rabsca", "species": "Rabsca", "speciesId": "rabsca", "gender": "M", "shiny": false, "level": 91, "moves": ["trickroom", "bugbuzz", "revivalblessing", "psychic"], "ability": "Synchronize", "evs": {"hp": 85, "atk": 0, "def": 85, "spa": 85, "spd": 85, "spe": 0}, "ivs": {"hp": 31, "atk": 0, "def": 31, "spa": 31, "spd": 31, "spe": 0}, "item": "Heavy-Duty Boots", "teraType": "Steel", "role": "Wallbreaker", "bvs": {"hp": 75, "atk": 50, "def": 85, "spa": 115, "spd": 100, "spe": 45}, "stats": {"hp": 284, "atk": 96, "def": 207, "spa": 261, "spd": 234, "spe": 86}, "types": ["Bug", "Psychic"]}, "Orthworm": {"name": "Orthworm", "species": "Orthworm", "speciesId": "orthworm", "gender": "M", "shiny": false, "level": 88, "moves": ["stealthrock", "spikes", "heavyslam", "bodypress"], "ability": "Earth Eater", "evs": {"hp": 85, "atk": 85, "def": 85, "spa": 85, "spd": 85, "spe": 85}, "ivs": {"hp": 31, "atk": 31, "def": 31, "spa": 31, "spd": 31, "spe": 31}, "item": "Leftovers", "teraType": "Electric", "role": "Bulky Attacker", "bvs": {"hp": 70, "atk": 85, "def": 145, "spa": 60, "spd": 55, "spe": 65}, "stats": {"hp": 266, "atk": 200, "def": 305, "spa": 156, "spd": 147, "spe": 165}, "types": ["Steel"]}, "Groudon": {"name": "Groudon", "species": "Groudon", "speciesId": "groudon", "gender": "N", "shiny": false, "level": 72, "moves": ["precipiceblades", "spikes", "heatcrash", "thunderwave"], "ability": "Drought", "evs": {"hp": 85, "atk": 85, "def": 85, "spa": 85, "spd": 85, "spe": 85}, "ivs": {"hp": 31, "atk": 31, "def": 31, "spa": 31, "spd": 31, "spe": 31}, "item": "Leftovers", "teraType": "Fire", "role": "Bulky Attacker", "bvs": {"hp": 100, "atk": 150, "def": 140, "spa": 100, "spd": 90, "spe": 90}, "stats": {"hp": 263, "atk": 258, "def": 244, "spa": 186, "spd": 172, "spe": 172}, "types": ["Ground"]}, "Cresselia": {"name": "Cresselia", "species": "Cresselia", "speciesId": "cresselia", "gender": "F", "shiny": false, "level": 80, "moves": ["thunderbolt", "moonlight", "calmmind", "psyshock"], "ability": "Levitate", "evs": {"hp": 85, "atk": 0, "def": 85, "spa": 85, "spd": 85, "spe": 85}, "ivs": {"hp": 31, "atk": 0, "def": 31, "spa": 31, "spd": 31, "spe": 31}, "item": "Leftovers", "teraType": "Electric", "role": "Bulky Setup", "bvs": {"hp": 120, "atk": 70, "def": 110, "spa": 75, "spd": 120, "spe": 85}, "stats": {"hp": 323, "atk": 117, "def": 222, "spa": 166, "spd": 238, "spe": 182}, "types": ["Psychic"]}, "Mimikyu": {"name": "Mimikyu", "species": "Mimikyu", "speciesId": "mimikyu", "gender": "M", "shiny": false, "level": 79, "moves": ["shadowclaw", "playrough", "shadowsneak", "swordsdance"], "ability": "Disguise", "evs": {"hp": 85, "atk": 85, "def": 85, "spa": 85, "spd": 85, "spe": 85}, "ivs": {"hp": 31, "atk": 31, "def": 31, "spa": 31, "spd": 31, "spe": 31}, "item": "Life Orb", "teraType": "Ghost", "role": "Fast Bulky Setup", "bvs": {"hp": 55, "atk": 90, "def": 80, "spa": 50, "spd": 105, "spe": 96}, "stats": {"hp": 216, "atk": 188, "def": 172, "spa": 125, "spd": 211, "spe": 197}, "types": ["Ghost", "Fairy"]}, "Koraidon": {"name": "Koraidon", "species": "Koraidon", "speciesId": "koraidon", "gender": "N", "shiny": false, "level": 64, "moves": ["scaleshot", "swordsdance", "collisioncourse", "flareblitz"], "ability": "Orichalcum Pulse", "evs": {"hp": 85, "atk": 85, "def": 85, "spa": 85, "spd": 85, "spe": 85}, "ivs": {"hp": 31, "atk": 31, "def": 31, "spa": 31, "spd": 31, "spe": 31}, "item": "Loaded Dice", "teraType": "Fire", "role": "Setup Sweeper", "bvs": {"hp": 100, "atk": 135, "def": 115, "spa": 85, "spd": 100, "spe": 135}, "stats": {"hp": 235, "atk": 211, "def": 185, "spa": 147, "spd": 166, "spe": 211}, "types": ["Fighting", "Dragon"]}}, {"Crawdaunt": {"name": "Crawdaunt", "species": "Crawdaunt", "speciesId": "crawdaunt", "gender": "F", "shiny": false, "level": 84, "moves": ["closecombat", "knockoff", "aquajet", "crabhammer"], "ability": "Adaptability", "evs": {"hp": 85, "atk": 85, "def": 85, "spa": 85, "spd": 85, "spe": 85}, "ivs": {"hp": 31, "atk": 31, "def": 31, "spa": 31, "spd": 31, "spe": 31}, "item": "Choice Band", "teraType": "Fighting", "role": "Fast Attacker", "bvs": {"hp": 63, "atk": 120, "def": 85, "spa": 90, "spd": 55, "spe": 55}, "stats": {"hp": 243, "atk": 250, "def": 191, "spa": 199, "spd": 141, "spe": 141}, "types": ["Water", "Dark"]}, "Mudsdale": {"name": "Mudsdale", "species": "Mudsdale", "speciesId": "mudsdale", "gender": "F", "shiny": false, "level": 83, "moves": ["stoneedge", "stealthrock", "earthquake", "heavyslam"], "ability": "Stamina", "evs": {"hp": 85, "atk": 85, "def": 85, "spa": 85, "spd": 85, "spe": 85}, "ivs": {"hp": 31, "atk": 31, "def": 31, "spa": 31, "spd": 31, "spe": 31}, "item": "Leftovers", "teraType": "Steel", "role": "Bulky Attacker", "bvs": {"hp": 100, "atk": 125, "def": 100, "spa": 55, "spd": 85, "spe": 35}, "stats": {"hp": 302, "atk": 255, "def": 214, "spa": 139, "spd": 189, "spe": 106}, "types": ["Ground"]}, "Zebstrika": {"name": "Zebstrika", "species": "Zebstrika", "speciesId": "zebstrika", "gender": "F", "shiny": false, "level": 87, "moves": ["voltswitch", "highhorsepower", "supercellslam", "overheat"], "ability": "Sap Sipper", "evs": {"hp": 85, "atk": 85, "def": 85, "spa": 85, "spd": 85, "spe": 85}, "ivs": {"hp": 31, "atk": 31, "def": 31, "spa": 31, "spd": 31, "spe": 31}, "item": "Life Orb", "teraType": "Ground", "role": "Fast Attacker", "bvs": {"hp": 75, "atk": 100, "def": 63, "spa": 80, "spd": 63, "spe": 116}, "stats": {"hp": 272, "atk": 224, "def": 159, "spa": 189, "spd": 159, "spe": 252}, "types": ["Electric"]}, "Gardevoir": {"name": "Gardevoir", "species": "Gardevoir", "speciesId": "gardevoir", "gender": "M", "shiny": false, "level": 83, "moves": ["mysticalfire", "healingwish", "psyshock", "moonblast"], "ability": "Trace", "evs": {"hp": 85, "atk": 0, "def": 85, "spa": 85, "spd": 85, "spe": 85}, "ivs": {"hp": 31, "atk": 0, "def": 31, "spa": 31, "spd": 31, "spe": 31}, "item": "Choice Scarf", "teraType": "Fire", "role": "Fast Attacker", "bvs": {"hp": 68, "atk": 65, "def": 65, "spa": 125, "spd": 115, "spe": 80}, "stats": {"hp": 249, "atk": 112, "def": 156, "spa": 255, "spd": 239, "spe": 180}, "types": ["Psychic", "Fairy"]}, "Zapdos": {"name": "Zapdos", "species": "Zapdos-Galar", "speciesId": "zapdosgalar", "gender": "N", "shiny": false, "level": 77, "moves": ["uturn", "bravebird", "knockoff", "closecombat"], "ability": "Defiant", "evs": {"hp": 85, "atk": 85, "def": 85, "spa": 85, "spd": 85, "spe": 85}, "ivs": {"hp": 31, "atk": 31, "def": 31, "spa": 31, "spd": 31, "spe": 31}, "item": "Choice Scarf", "teraType": "Dark", "role": "Fast Attacker", "bvs": {"hp": 90, "atk": 125, "def": 90, "spa": 85, "spd": 90, "spe": 100}, "stats": {"hp": 265, "atk": 237, "def": 183, "spa": 175, "spd": 183, "spe": 199}, "types": ["Fighting", "Flying"]}, "Palossand": {"name": "Palossand", "species": "Palossand", "speciesId": "palossand", "gender": "F", "shiny": false, "level": 89, "moves": ["shadowball", "shoreup", "sludgebomb", "earthpower"], "ability": "Water Compaction", "evs": {"hp": 85, "atk": 0, "def": 85, "spa": 85, "spd": 85, "spe": 85}, "ivs": {"hp": 31, "atk": 0, "def": 31, "spa": 31, "spd": 31, "spe": 31}, "item": "Leftovers", "teraType": "Poison", "role": "Bulky Support", "bvs": {"hp": 85, "atk": 75, "def": 110, "spa": 100, "spd": 75, "spe": 35}, "stats": {"hp": 296, "atk": 138, "def": 247, "spa": 229, "spd": 184, "spe": 113}, "types": ["Ghost", "Ground"]}}]}