{"id": "gen9randombattle-2642009097", "format": "[Gen 9] Random Battle", "players": ["OlaftheIrish", "OrionTheThird"], "log": "|j|\u2606OlaftheIrish\n|j|\u2606OrionTheThird\n|t:|1782872574\n|gametype|singles\n|player|p1|OlaftheIrish|veteran|\n|player|p2|OrionTheThird|lance|\n|gen|9\n|tier|[Gen 9] Random Battle\n|rule|Species Clause: Limit one of each Pok\u00e9mon\n|rule|HP Percentage Mod: HP is shown in percentages\n|rule|Sleep Clause Mod: Limit one foe put to sleep\n|rule|Illusion Level Mod: Illusion disguises the Pok\u00e9mon's true level\n|\n|t:|1782872574\n|teamsize|p1|6\n|teamsize|p2|6\n|start\n|switch|p1a: Scovillain|Scovillain, L91, F|266/266\n|switch|p2a: Poliwrath|Poliwrath, L88, M|302/302\n|turn|1\n|\n|t:|1782872615\n|move|p1a: Scovillain|Leech Seed|p2a: Poliwrath\n|-start|p2a: Poliwrath|move: Leech Seed\n|move|p2a: Poliwrath|Bulk Up|p2a: Poliwrath\n|-boost|p2a: Poliwrath|atk|1\n|-boost|p2a: Poliwrath|def|1\n|\n|-damage|p2a: Poliwrath|265/302|[from] Leech Seed|[of] p1a: Scovillain\n|upkeep\n|turn|2\n|\n|t:|1782872624\n|move|p1a: Scovillain|Substitute|p1a: Scovillain\n|-start|p1a: Scovillain|Substitute\n|-damage|p1a: Scovillain|200/266\n|move|p2a: Poliwrath|Poison Jab|p1a: Scovillain\n|-supereffective|p1a: Scovillain\n|-end|p1a: Scovillain|Substitute\n|\n|-heal|p1a: Scovillain|216/266|[from] item: Leftovers\n|-heal|p2a: Poliwrath|283/302|[from] item: Leftovers\n|-damage|p2a: Poliwrath|246/302|[from] Leech Seed|[of] p1a: Scovillain\n|-heal|p1a: Scovillain|253/266|[silent]\n|upkeep\n|turn|3\n|\n|t:|1782872633\n|-terastallize|p1a: Scovillain|Steel\n|move|p1a: Scovillain|Substitute|p1a: Scovillain\n|-start|p1a: Scovillain|Substitute\n|-damage|p1a: Scovillain|187/266\n|move|p2a: Poliwrath|Poison Jab|p1a: Scovillain\n|-immune|p1a: Scovillain\n|\n|-heal|p1a: Scovillain|203/266|[from] item: Leftovers\n|-heal|p2a: Poliwrath|264/302|[from] item: Leftovers\n|-damage|p2a: Poliwrath|227/302|[from] Leech Seed|[of] p1a: Scovillain\n|-heal|p1a: Scovillain|240/266|[silent]\n|upkeep\n|turn|4\n|\n|t:|1782872643\n|move|p1a: Scovillain|Protect|p1a: Scovillain\n|-singleturn|p1a: Scovillain|Protect\n|move|p2a: Poliwrath|Drain Punch|p1a: Scovillain\n|-activate|p1a: Scovillain|move: Protect\n|\n|-heal|p1a: Scovillain|256/266|[from] item: Leftovers\n|-heal|p2a: Poliwrath|245/302|[from] item: Leftovers\n|-damage|p2a: Poliwrath|208/302|[from] Leech Seed|[of] p1a: Scovillain\n|-heal|p1a: Scovillain|266/266|[silent]\n|upkeep\n|turn|5\n|\n|t:|1782872653\n|move|p1a: Scovillain|Flamethrower|p2a: Poliwrath\n|-resisted|p2a: Poliwrath\n|-damage|p2a: Poliwrath|154/302\n|move|p2a: Poliwrath|Drain Punch|p1a: Scovillain\n|-supereffective|p1a: Scovillain\n|-end|p1a: Scovillain|Substitute\n|-heal|p2a: Poliwrath|187/302|[from] drain|[of] p1a: Scovillain\n|\n|-heal|p2a: Poliwrath|205/302|[from] item: Leftovers\n|-damage|p2a: Poliwrath|168/302|[from] Leech Seed|[of] p1a: Scovillain\n|upkeep\n|turn|6\n|\n|t:|1782872663\n|move|p1a: Scovillain|Protect|p1a: Scovillain\n|-singleturn|p1a: Scovillain|Protect\n|move|p2a: Poliwrath|Drain Punch|p1a: Scovillain\n|-activate|p1a: Scovillain|move: Protect\n|\n|-heal|p2a: Poliwrath|186/302|[from] item: Leftovers\n|-damage|p2a: Poliwrath|149/302|[from] Leech Seed|[of] p1a: Scovillain\n|upkeep\n|turn|7\n|\n|t:|1782872672\n|move|p1a: Scovillain|Substitute|p1a: Scovillain\n|-start|p1a: Scovillain|Substitute\n|-damage|p1a: Scovillain|200/266\n|move|p2a: Poliwrath|Drain Punch|p1a: Scovillain\n|-supereffective|p1a: Scovillain\n|-end|p1a: Scovillain|Substitute\n|-heal|p2a: Poliwrath|182/302|[from] drain|[of] p1a: Scovillain\n|\n|-heal|p1a: Scovillain|216/266|[from] item: Leftovers\n|-heal|p2a: Poliwrath|200/302|[from] item: Leftovers\n|-damage|p2a: Poliwrath|163/302|[from] Leech Seed|[of] p1a: Scovillain\n|-heal|p1a: Scovillain|253/266|[silent]\n|upkeep\n|turn|8\n|\n|t:|1782872684\n|move|p1a: Scovillain|Substitute|p1a: Scovillain\n|-start|p1a: Scovillain|Substitute\n|-damage|p1a: Scovillain|187/266\n|move|p2a: Poliwrath|Drain Punch|p1a: Scovillain\n|-supereffective|p1a: Scovillain\n|-end|p1a: Scovillain|Substitute\n|-heal|p2a: Poliwrath|196/302|[from] drain|[of] p1a: Scovillain\n|\n|-heal|p1a: Scovillain|203/266|[from] item: Leftovers\n|-heal|p2a: Poliwrath|214/302|[from] item: Leftovers\n|-damage|p2a: Poliwrath|177/302|[from] Leech Seed|[of] p1a: Scovillain\n|-heal|p1a: Scovillain|240/266|[silent]\n|upkeep\n|turn|9\n|\n|t:|1782872697\n|move|p1a: Scovillain|Protect|p1a: Scovillain\n|-singleturn|p1a: Scovillain|Protect\n|move|p2a: Poliwrath|Drain Punch|p1a: Scovillain\n|-activate|p1a: Scovillain|move: Protect\n|\n|-heal|p1a: Scovillain|256/266|[from] item: Leftovers\n|-heal|p2a: Poliwrath|195/302|[from] item: Leftovers\n|-damage|p2a: Poliwrath|158/302|[from] Leech Seed|[of] p1a: Scovillain\n|-heal|p1a: Scovillain|266/266|[silent]\n|upkeep\n|turn|10\n|\n|t:|1782872705\n|move|p1a: Scovillain|Substitute|p1a: Scovillain\n|-start|p1a: Scovillain|Substitute\n|-damage|p1a: Scovillain|200/266\n|move|p2a: Poliwrath|Drain Punch|p1a: Scovillain\n|-supereffective|p1a: Scovillain\n|-end|p1a: Scovillain|Substitute\n|-heal|p2a: Poliwrath|191/302|[from] drain|[of] p1a: Scovillain\n|\n|-heal|p1a: Scovillain|216/266|[from] item: Leftovers\n|-heal|p2a: Poliwrath|209/302|[from] item: Leftovers\n|-damage|p2a: Poliwrath|172/302|[from] Leech Seed|[of] p1a: Scovillain\n|-heal|p1a: Scovillain|253/266|[silent]\n|upkeep\n|turn|11\n|\n|t:|1782872736\n|move|p1a: Scovillain|Flamethrower|p2a: Poliwrath\n|-resisted|p2a: Poliwrath\n|-damage|p2a: Poliwrath|118/302\n|move|p2a: Poliwrath|Bulk Up|p2a: Poliwrath\n|-boost|p2a: Poliwrath|atk|1\n|-boost|p2a: Poliwrath|def|1\n|\n|-heal|p1a: Scovillain|266/266|[from] item: Leftovers\n|-heal|p2a: Poliwrath|136/302|[from] item: Leftovers\n|-damage|p2a: Poliwrath|99/302|[from] Leech Seed|[of] p1a: Scovillain\n|upkeep\n|turn|12\n|\n|t:|1782872745\n|move|p1a: Scovillain|Substitute|p1a: Scovillain\n|-start|p1a: Scovillain|Substitute\n|-damage|p1a: Scovillain|200/266\n|move|p2a: Poliwrath|Drain Punch|p1a: Scovillain\n|-supereffective|p1a: Scovillain\n|-end|p1a: Scovillain|Substitute\n|-heal|p2a: Poliwrath|132/302|[from] drain|[of] p1a: Scovillain\n|\n|-heal|p1a: Scovillain|216/266|[from] item: Leftovers\n|-heal|p2a: Poliwrath|150/302|[from] item: Leftovers\n|-damage|p2a: Poliwrath|113/302|[from] Leech Seed|[of] p1a: Scovillain\n|-heal|p1a: Scovillain|253/266|[silent]\n|upkeep\n|turn|13\n|\n|t:|1782872756\n|move|p1a: Scovillain|Protect|p1a: Scovillain\n|-singleturn|p1a: Scovillain|Protect\n|move|p2a: Poliwrath|Drain Punch|p1a: Scovillain\n|-activate|p1a: Scovillain|move: Protect\n|\n|-heal|p1a: Scovillain|266/266|[from] item: Leftovers\n|-heal|p2a: Poliwrath|131/302|[from] item: Leftovers\n|-damage|p2a: Poliwrath|94/302|[from] Leech Seed|[of] p1a: Scovillain\n|upkeep\n|turn|14\n|\n|t:|1782872764\n|move|p1a: Scovillain|Substitute|p1a: Scovillain\n|-start|p1a: Scovillain|Substitute\n|-damage|p1a: Scovillain|200/266\n|move|p2a: Poliwrath|Drain Punch|p1a: Scovillain\n|-supereffective|p1a: Scovillain\n|-end|p1a: Scovillain|Substitute\n|-heal|p2a: Poliwrath|127/302|[from] drain|[of] p1a: Scovillain\n|\n|-heal|p1a: Scovillain|216/266|[from] item: Leftovers\n|-heal|p2a: Poliwrath|145/302|[from] item: Leftovers\n|-damage|p2a: Poliwrath|108/302|[from] Leech Seed|[of] p1a: Scovillain\n|-heal|p1a: Scovillain|253/266|[silent]\n|upkeep\n|turn|15\n|\n|t:|1782872781\n|move|p1a: Scovillain|Protect|p1a: Scovillain\n|-singleturn|p1a: Scovillain|Protect\n|move|p2a: Poliwrath|Drain Punch|p1a: Scovillain\n|-activate|p1a: Scovillain|move: Protect\n|\n|-heal|p1a: Scovillain|266/266|[from] item: Leftovers\n|-heal|p2a: Poliwrath|126/302|[from] item: Leftovers\n|-damage|p2a: Poliwrath|89/302|[from] Leech Seed|[of] p1a: Scovillain\n|upkeep\n|turn|16\n|\n|t:|1782872790\n|move|p1a: Scovillain|Substitute|p1a: Scovillain\n|-start|p1a: Scovillain|Substitute\n|-damage|p1a: Scovillain|200/266\n|move|p2a: Poliwrath|Drain Punch|p1a: Scovillain\n|-supereffective|p1a: Scovillain\n|-end|p1a: Scovillain|Substitute\n|-heal|p2a: Poliwrath|122/302|[from] drain|[of] p1a: Scovillain\n|\n|-heal|p1a: Scovillain|216/266|[from] item: Leftovers\n|-heal|p2a: Poliwrath|140/302|[from] item: Leftovers\n|-damage|p2a: Poliwrath|103/302|[from] Leech Seed|[of] p1a: Scovillain\n|-heal|p1a: Scovillain|253/266|[silent]\n|upkeep\n|turn|17\n|\n|t:|1782872801\n|move|p1a: Scovillain|Protect|p1a: Scovillain\n|-singleturn|p1a: Scovillain|Protect\n|move|p2a: Poliwrath|Drain Punch|p1a: Scovillain\n|-activate|p1a: Scovillain|move: Protect\n|\n|-heal|p1a: Scovillain|266/266|[from] item: Leftovers\n|-heal|p2a: Poliwrath|121/302|[from] item: Leftovers\n|-damage|p2a: Poliwrath|84/302|[from] Leech Seed|[of] p1a: Scovillain\n|upkeep\n|turn|18\n|\n|t:|1782872810\n|move|p1a: Scovillain|Substitute|p1a: Scovillain\n|-start|p1a: Scovillain|Substitute\n|-damage|p1a: Scovillain|200/266\n|move|p2a: Poliwrath|Drain Punch|p1a: Scovillain\n|-supereffective|p1a: Scovillain\n|-end|p1a: Scovillain|Substitute\n|-heal|p2a: Poliwrath|117/302|[from] drain|[of] p1a: Scovillain\n|\n|-heal|p1a: Scovillain|216/266|[from] item: Leftovers\n|-heal|p2a: Poliwrath|135/302|[from] item: Leftovers\n|-damage|p2a: Poliwrath|98/302|[from] Leech Seed|[of] p1a: Scovillain\n|-heal|p1a: Scovillain|253/266|[silent]\n|upkeep\n|turn|19\n|\n|t:|1782872820\n|move|p1a: Scovillain|Protect|p1a: Scovillain\n|-singleturn|p1a: Scovillain|Protect\n|move|p2a: Poliwrath|Drain Punch|p1a: Scovillain\n|-activate|p1a: Scovillain|move: Protect\n|\n|-heal|p1a: Scovillain|266/266|[from] item: Leftovers\n|-heal|p2a: Poliwrath|116/302|[from] item: Leftovers\n|-damage|p2a: Poliwrath|79/302|[from] Leech Seed|[of] p1a: Scovillain\n|upkeep\n|turn|20\n|\n|t:|1782872828\n|move|p1a: Scovillain|Substitute|p1a: Scovillain\n|-start|p1a: Scovillain|Substitute\n|-damage|p1a: Scovillain|200/266\n|move|p2a: Poliwrath|Drain Punch|p1a: Scovillain\n|-supereffective|p1a: Scovillain\n|-crit|p1a: Scovillain\n|-end|p1a: Scovillain|Substitute\n|-heal|p2a: Poliwrath|112/302|[from] drain|[of] p1a: Scovillain\n|\n|-heal|p1a: Scovillain|216/266|[from] item: Leftovers\n|-heal|p2a: Poliwrath|130/302|[from] item: Leftovers\n|-damage|p2a: Poliwrath|93/302|[from] Leech Seed|[of] p1a: Scovillain\n|-heal|p1a: Scovillain|253/266|[silent]\n|upkeep\n|turn|21\n|\n|t:|1782872840\n|move|p1a: Scovillain|Protect|p1a: Scovillain\n|-singleturn|p1a: Scovillain|Protect\n|move|p2a: Poliwrath|Liquidation|p1a: Scovillain\n|-activate|p1a: Scovillain|move: Protect\n|\n|-heal|p1a: Scovillain|266/266|[from] item: Leftovers\n|-heal|p2a: Poliwrath|111/302|[from] item: Leftovers\n|-damage|p2a: Poliwrath|74/302|[from] Leech Seed|[of] p1a: Scovillain\n|upkeep\n|turn|22\n|\n|t:|1782872848\n|move|p1a: Scovillain|Substitute|p1a: Scovillain\n|-start|p1a: Scovillain|Substitute\n|-damage|p1a: Scovillain|200/266\n|move|p2a: Poliwrath|Liquidation|p1a: Scovillain\n|-end|p1a: Scovillain|Substitute\n|\n|-heal|p1a: Scovillain|216/266|[from] item: Leftovers\n|-heal|p2a: Poliwrath|92/302|[from] item: Leftovers\n|-damage|p2a: Poliwrath|55/302|[from] Leech Seed|[of] p1a: Scovillain\n|-heal|p1a: Scovillain|253/266|[silent]\n|upkeep\n|turn|23\n|\n|t:|1782872858\n|move|p1a: Scovillain|Protect|p1a: Scovillain\n|-singleturn|p1a: Scovillain|Protect\n|move|p2a: Poliwrath|Liquidation|p1a: Scovillain\n|-activate|p1a: Scovillain|move: Protect\n|\n|-heal|p1a: Scovillain|266/266|[from] item: Leftovers\n|-heal|p2a: Poliwrath|73/302|[from] item: Leftovers\n|-damage|p2a: Poliwrath|36/302|[from] Leech Seed|[of] p1a: Scovillain\n|upkeep\n|turn|24\n|\n|t:|1782872880\n|move|p1a: Scovillain|Flamethrower|p2a: Poliwrath\n|-resisted|p2a: Poliwrath\n|-damage|p2a: Poliwrath|0 fnt\n|faint|p2a: Poliwrath\n|\n|upkeep\n|\n|t:|1782872892\n|switch|p2a: Cinderace|Cinderace, L77, F|249/249\n|turn|25\n|\n|t:|1782872911\n|move|p1a: Scovillain|Protect|p1a: Scovillain\n|-singleturn|p1a: Scovillain|Protect\n|move|p2a: Cinderace|Pyro Ball|p1a: Scovillain\n|-activate|p1a: Scovillain|move: Protect\n|\n|upkeep\n|turn|26\n|\n|t:|1782872921\n|move|p2a: Cinderace|Pyro Ball|p1a: Scovillain|[miss]\n|-miss|p2a: Cinderace|p1a: Scovillain\n|move|p1a: Scovillain|Leech Seed|p2a: Cinderace\n|-start|p2a: Cinderace|move: Leech Seed\n|\n|-damage|p2a: Cinderace|218/249|[from] Leech Seed|[of] p1a: Scovillain\n|upkeep\n|turn|27\n|\n|t:|1782872927\n|move|p1a: Scovillain|Protect|p1a: Scovillain\n|-singleturn|p1a: Scovillain|Protect\n|move|p2a: Cinderace|Pyro Ball|p1a: Scovillain\n|-activate|p1a: Scovillain|move: Protect\n|\n|-damage|p2a: Cinderace|187/249|[from] Leech Seed|[of] p1a: Scovillain\n|upkeep\n|turn|28\n|\n|t:|1782872934\n|switch|p2a: Dipplin|Dipplin, L88, F|284/284\n|move|p1a: Scovillain|Substitute|p1a: Scovillain\n|-start|p1a: Scovillain|Substitute\n|-damage|p1a: Scovillain|200/266\n|\n|-heal|p1a: Scovillain|216/266|[from] item: Leftovers\n|upkeep\n|turn|29\n|\n|t:|1782872967\n|switch|p2a: Cinderace|Cinderace, L77, F|187/249\n|move|p1a: Scovillain|Flamethrower|p2a: Cinderace\n|-resisted|p2a: Cinderace\n|-damage|p2a: Cinderace|109/249\n|\n|-heal|p1a: Scovillain|232/266|[from] item: Leftovers\n|upkeep\n|turn|30\n|\n|t:|1782872975\n|move|p2a: Cinderace|Pyro Ball|p1a: Scovillain\n|-supereffective|p1a: Scovillain\n|-end|p1a: Scovillain|Substitute\n|move|p1a: Scovillain|Leech Seed|p2a: Cinderace\n|-start|p2a: Cinderace|move: Leech Seed\n|\n|-heal|p1a: Scovillain|248/266|[from] item: Leftovers\n|-damage|p2a: Cinderace|78/249|[from] Leech Seed|[of] p1a: Scovillain\n|-heal|p1a: Scovillain|266/266|[silent]\n|upkeep\n|turn|31\n|\n|t:|1782872985\n|switch|p2a: Shaymin|Shaymin, L82|298/298\n|move|p1a: Scovillain|Protect||[still]\n|-fail|p1a: Scovillain\n|\n|upkeep\n|turn|32\n|\n|t:|1782872989\n|move|p2a: Shaymin|Earth Power|p1a: Scovillain\n|-supereffective|p1a: Scovillain\n|-damage|p1a: Scovillain|134/266\n|move|p1a: Scovillain|Flamethrower|p2a: Shaymin\n|-supereffective|p2a: Shaymin\n|-damage|p2a: Shaymin|56/298\n|\n|-heal|p2a: Shaymin|74/298|[from] item: Leftovers\n|-heal|p1a: Scovillain|150/266|[from] item: Leftovers\n|upkeep\n|turn|33\n|\n|t:|1782873002\n|move|p1a: Scovillain|Protect|p1a: Scovillain\n|-singleturn|p1a: Scovillain|Protect\n|move|p2a: Shaymin|Synthesis|p2a: Shaymin\n|-heal|p2a: Shaymin|223/298\n|\n|-heal|p2a: Shaymin|241/298|[from] item: Leftovers\n|-heal|p1a: Scovillain|166/266|[from] item: Leftovers\n|upkeep\n|turn|34\n|\n|t:|1782873009\n|move|p2a: Shaymin|Earth Power|p1a: Scovillain\n|-supereffective|p1a: Scovillain\n|-damage|p1a: Scovillain|14/266\n|move|p1a: Scovillain|Flamethrower|p2a: Shaymin\n|-supereffective|p2a: Shaymin\n|-damage|p2a: Shaymin|0 fnt\n|faint|p2a: Shaymin\n|\n|-heal|p1a: Scovillain|30/266|[from] item: Leftovers\n|upkeep\n|\n|t:|1782873017\n|switch|p2a: Cinderace|Cinderace, L77, F|78/249\n|turn|35\n|\n|t:|1782873021\n|move|p2a: Cinderace|Pyro Ball|p1a: Scovillain\n|-supereffective|p1a: Scovillain\n|-crit|p1a: Scovillain\n|-damage|p1a: Scovillain|0 fnt\n|faint|p1a: Scovillain\n|\n|upkeep\n|\n|t:|1782873029\n|switch|p1a: Inteleon|Inteleon, L81, M|246/246\n|turn|36\n|\n|t:|1782873049\n|switch|p2a: Glastrier|Glastrier, L86|312/312\n|move|p1a: Inteleon|Scald|p2a: Glastrier\n|-damage|p2a: Glastrier|197/312\n|-status|p2a: Glastrier|brn\n|\n|-damage|p2a: Glastrier|178/312 brn|[from] brn\n|upkeep\n|turn|37\n|\n|t:|1782873065\n|switch|p1a: Orthworm|Orthworm, L88, F|266/266\n|move|p2a: Glastrier|Heavy Slam|p1a: Orthworm\n|-resisted|p1a: Orthworm\n|-damage|p1a: Orthworm|256/266\n|\n|-damage|p2a: Glastrier|159/312 brn|[from] brn\n|upkeep\n|turn|38\n|\n|t:|1782873079\n|move|p1a: Orthworm|Coil|p1a: Orthworm\n|-boost|p1a: Orthworm|atk|1\n|-boost|p1a: Orthworm|def|1\n|-boost|p1a: Orthworm|accuracy|1\n|move|p2a: Glastrier|Swords Dance|p2a: Glastrier\n|-boost|p2a: Glastrier|atk|2\n|\n|-damage|p2a: Glastrier|140/312 brn|[from] brn\n|upkeep\n|turn|39\n|\n|t:|1782873087\n|move|p1a: Orthworm|Coil|p1a: Orthworm\n|-boost|p1a: Orthworm|atk|1\n|-boost|p1a: Orthworm|def|1\n|-boost|p1a: Orthworm|accuracy|1\n|move|p2a: Glastrier|Close Combat|p1a: Orthworm\n|-supereffective|p1a: Orthworm\n|-damage|p1a: Orthworm|183/266\n|-unboost|p2a: Glastrier|def|1\n|-unboost|p2a: Glastrier|spd|1\n|\n|-damage|p2a: Glastrier|121/312 brn|[from] brn\n|upkeep\n|turn|40\n|\n|t:|1782873097\n|move|p1a: Orthworm|Coil|p1a: Orthworm\n|-boost|p1a: Orthworm|atk|1\n|-boost|p1a: Orthworm|def|1\n|-boost|p1a: Orthworm|accuracy|1\n|move|p2a: Glastrier|Close Combat|p1a: Orthworm\n|-supereffective|p1a: Orthworm\n|-damage|p1a: Orthworm|115/266\n|-unboost|p2a: Glastrier|def|1\n|-unboost|p2a: Glastrier|spd|1\n|\n|-damage|p2a: Glastrier|102/312 brn|[from] brn\n|upkeep\n|turn|41\n|\n|t:|1782873107\n|move|p1a: Orthworm|Rest|p1a: Orthworm\n|-status|p1a: Orthworm|slp|[from] move: Rest\n|-heal|p1a: Orthworm|266/266 slp|[silent]\n|-enditem|p1a: Orthworm|Chesto Berry|[eat]\n|-curestatus|p1a: Orthworm|slp|[msg]\n|move|p2a: Glastrier|Close Combat|p1a: Orthworm\n|-supereffective|p1a: Orthworm\n|-damage|p1a: Orthworm|197/266\n|-unboost|p2a: Glastrier|def|1\n|-unboost|p2a: Glastrier|spd|1\n|\n|-damage|p2a: Glastrier|83/312 brn|[from] brn\n|upkeep\n|turn|42\n|\n|t:|1782873127\n|move|p1a: Orthworm|Iron Tail|p2a: Glastrier\n|-supereffective|p2a: Glastrier\n|-crit|p2a: Glastrier\n|-damage|p2a: Glastrier|0 fnt\n|faint|p2a: Glastrier\n|\n|upkeep\n|\n|t:|1782873129\n|switch|p2a: Cinderace|Cinderace, L77, F|78/249\n|turn|43\n|\n|t:|1782873138\n|move|p2a: Cinderace|Pyro Ball|p1a: Orthworm\n|-supereffective|p1a: Orthworm\n|-damage|p1a: Orthworm|95/266\n|move|p1a: Orthworm|Body Press|p2a: Cinderace\n|-crit|p2a: Cinderace\n|-damage|p2a: Cinderace|0 fnt\n|faint|p2a: Cinderace\n|\n|upkeep\n|\n|t:|1782873149\n|switch|p2a: Dipplin|Dipplin, L88, F|284/284\n|turn|44\n|\n|t:|1782873154\n|move|p1a: Orthworm|Body Press|p2a: Dipplin\n|-damage|p2a: Dipplin|159/284\n|move|p2a: Dipplin|Dragon Pulse|p1a: Orthworm\n|-resisted|p1a: Orthworm\n|-damage|p1a: Orthworm|30/266\n|\n|upkeep\n|turn|45\n|\n|t:|1782873160\n|move|p2a: Dipplin|Sucker Punch||[still]\n|-fail|p2a: Dipplin\n|move|p1a: Orthworm|Rest|p1a: Orthworm\n|-status|p1a: Orthworm|slp|[from] move: Rest\n|-heal|p1a: Orthworm|266/266 slp|[silent]\n|\n|upkeep\n|turn|46\n|\n|t:|1782873168\n|switch|p2a: Oricorio|Oricorio-Pa'u, L87, M|272/272\n|cant|p1a: Orthworm|slp\n|\n|upkeep\n|turn|47\n|\n|t:|1782873174\n|move|p2a: Oricorio|Quiver Dance|p2a: Oricorio\n|-boost|p2a: Oricorio|spa|1\n|-boost|p2a: Oricorio|spd|1\n|-boost|p2a: Oricorio|spe|1\n|cant|p1a: Orthworm|slp\n|\n|upkeep\n|turn|48\n|\n|t:|1782873183\n|move|p2a: Oricorio|Quiver Dance|p2a: Oricorio\n|-boost|p2a: Oricorio|spa|1\n|-boost|p2a: Oricorio|spd|1\n|-boost|p2a: Oricorio|spe|1\n|-curestatus|p1a: Orthworm|slp|[msg]\n|move|p1a: Orthworm|Iron Tail|p2a: Oricorio\n|-damage|p2a: Oricorio|0 fnt\n|faint|p2a: Oricorio\n|\n|upkeep\n|\n|t:|1782873190\n|switch|p2a: Dipplin|Dipplin, L88, F|159/284\n|turn|49\n|\n|t:|1782873196\n|move|p2a: Dipplin|Sucker Punch|p1a: Orthworm\n|-damage|p1a: Orthworm|254/266\n|move|p1a: Orthworm|Iron Tail|p2a: Dipplin\n|-damage|p2a: Dipplin|26/284\n|\n|upkeep\n|turn|50\n|\n|t:|1782873201\n|move|p2a: Dipplin|Sucker Punch|p1a: Orthworm\n|-damage|p1a: Orthworm|242/266\n|move|p1a: Orthworm|Iron Tail|p2a: Dipplin\n|-damage|p2a: Dipplin|0 fnt\n|faint|p2a: Dipplin\n|\n|win|OlaftheIrish\n|l|\u2606OrionTheThird\n|player|p2|\n", "inputlog": ">version f8ac14003a5f27e1bdc8d8c59608a773c1cb96e5\n>start {\"formatid\":\"gen9randombattle\",\"seed\":\"sodium,4fe7f7cf6fcd23850c1be044ff0f7235\"}\n>player p1 {\"name\":\"OlaftheIrish\",\"avatar\":\"veteran\",\"rating\":0,\"seed\":\"sodium,edb224276a5c6d04a0e670f0d0782086\"}\n>player p2 {\"name\":\"OrionTheThird\",\"avatar\":\"lance\",\"rating\":0,\"seed\":\"sodium,70dce54b17c9049ae4855f3d70ed51fd\"}\n>p1 move leechseed\n>p2 move bulkup\n>p1 move substitute\n>p2 move poisonjab\n>p1 move substitute terastallize\n>p2 move poisonjab\n>p1 move protect\n>p2 move drainpunch\n>p1 move flamethrower\n>p2 move drainpunch\n>p1 move protect\n>p2 move drainpunch\n>p1 move substitute\n>p2 move drainpunch\n>p1 move substitute\n>p2 move drainpunch\n>p1 move protect\n>p2 move drainpunch\n>p1 move substitute\n>p2 move drainpunch\n>p1 move flamethrower\n>p2 move bulkup\n>p1 move substitute\n>p2 move drainpunch\n>p1 move protect\n>p2 move drainpunch\n>p1 move substitute\n>p2 move drainpunch\n>p1 move protect\n>p2 move drainpunch\n>p1 move substitute\n>p2 move drainpunch\n>p1 move protect\n>p2 move drainpunch\n>p1 move substitute\n>p2 move drainpunch\n>p1 move protect\n>p2 move drainpunch\n>p1 move substitute\n>p2 move drainpunch\n>p1 move protect\n>p2 move liquidation\n>p1 move substitute\n>p2 move liquidation\n>p1 move protect\n>p2 move liquidation\n>p1 move flamethrower\n>p2 move liquidation\n>p2 switch 2\n>p1 move protect\n>p2 move pyroball\n>p1 move leechseed\n>p2 move pyroball\n>p1 move protect\n>p2 move pyroball\n>p1 move substitute\n>p2 switch 3\n>p1 move flamethrower\n>p2 switch 3\n>p1 move leechseed\n>p2 move pyroball\n>p1 move protect\n>p2 switch 5\n>p1 move flamethrower\n>p2 move earthpower\n>p1 move protect\n>p2 move synthesis\n>p1 move flamethrower\n>p2 move earthpower\n>p2 switch 5\n>p1 move leechseed\n>p2 move pyroball\n>p1 switch 3\n>p1 move scald\n>p2 switch 4\n>p1 switch 6\n>p2 move heavyslam\n>p1 move coil\n>p2 move swordsdance\n>p1 move coil\n>p2 move closecombat\n>p1 move coil\n>p2 move closecombat\n>p1 move rest\n>p2 move closecombat\n>p1 move irontail\n>p2 move closecombat\n>p2 switch 4\n>p1 move bodypress\n>p2 move pyroball\n>p2 switch 3\n>p1 move bodypress\n>p2 move dragonpulse\n>p1 move rest\n>p2 move suckerpunch\n>p1 move bodypress\n>p2 switch 6\n>p1 move irontail\n>p2 move quiverdance\n>p1 move irontail\n>p2 move quiverdance\n>p2 switch 6\n>p1 move irontail\n>p2 move suckerpunch\n>p1 move irontail\n>p2 move suckerpunch", "uploadtime": 1782873210, "views": 7, "formatid": "gen9randombattle", "rating": null, "private": 0, "password": null, "player_dets": [{"name": "OlaftheIrish", "avatar": "veteran", "rating": 0, "seed": "sodium,edb224276a5c6d04a0e670f0d0782086"}, {"name": "OrionTheThird", "avatar": "lance", "rating": 0, "seed": "sodium,70dce54b17c9049ae4855f3d70ed51fd"}], "teams_full": [{"Scovillain": {"name": "Scovillain", "species": "Scovillain", "speciesId": "scovillain", "gender": "F", "shiny": false, "level": 91, "moves": ["substitute", "leechseed", "flamethrower", "protect"], "ability": "Chlorophyll", "evs": {"hp": 85, "atk": 0, "def": 85, "spa": 85, "spd": 85, "spe": 85}, "ivs": {"hp": 31, "atk": 0, "def": 31, "spa": 31, "spd": 31, "spe": 31}, "item": "Leftovers", "teraType": "Steel", "role": "Bulky Attacker", "bvs": {"hp": 65, "atk": 108, "def": 65, "spa": 108, "spd": 65, "spe": 75}, "stats": {"hp": 266, "atk": 201, "def": 170, "spa": 248, "spd": 170, "spe": 188}, "types": ["Grass", "Fire"]}, "Comfey": {"name": "Comfey", "species": "Comfey", "speciesId": "comfey", "gender": "F", "shiny": false, "level": 85, "moves": ["storedpower", "gigadrain", "drainingkiss", "calmmind"], "ability": "Triage", "evs": {"hp": 85, "atk": 0, "def": 85, "spa": 85, "spd": 85, "spe": 85}, "ivs": {"hp": 31, "atk": 0, "def": 31, "spa": 31, "spd": 31, "spe": 31}, "item": "Leftovers", "teraType": "Poison", "role": "Bulky Setup", "bvs": {"hp": 51, "atk": 52, "def": 90, "spa": 82, "spd": 110, "spe": 100}, "stats": {"hp": 225, "atk": 93, "def": 202, "spa": 188, "spd": 236, "spe": 219}, "types": ["Fairy"]}, "Inteleon": {"name": "Inteleon", "species": "Inteleon", "speciesId": "inteleon", "gender": "M", "shiny": false, "level": 81, "moves": ["scald", "hydropump", "uturn", "icebeam"], "ability": "Torrent", "evs": {"hp": 85, "atk": 85, "def": 85, "spa": 85, "spd": 85, "spe": 85}, "ivs": {"hp": 31, "atk": 31, "def": 31, "spa": 31, "spd": 31, "spe": 31}, "item": "Choice Specs", "teraType": "Water", "role": "Wallbreaker", "bvs": {"hp": 70, "atk": 85, "def": 65, "spa": 125, "spd": 65, "spe": 120}, "stats": {"hp": 246, "atk": 184, "def": 152, "spa": 249, "spd": 152, "spe": 241}, "types": ["Water"]}, "Ribombee": {"name": "Ribombee", "species": "Ribombee", "speciesId": "ribombee", "gender": "M", "shiny": false, "level": 83, "moves": ["bugbuzz", "moonblast", "quiverdance", "terablast"], "ability": "Shield Dust", "evs": {"hp": 85, "atk": 0, "def": 85, "spa": 85, "spd": 85, "spe": 85}, "ivs": {"hp": 31, "atk": 0, "def": 31, "spa": 31, "spd": 31, "spe": 31}, "item": "Heavy-Duty Boots", "teraType": "Ground", "role": "Tera Blast user", "bvs": {"hp": 60, "atk": 55, "def": 60, "spa": 95, "spd": 70, "spe": 124}, "stats": {"hp": 235, "atk": 96, "def": 147, "spa": 205, "spd": 164, "spe": 254}, "types": ["Bug", "Fairy"]}, "Espeon": {"name": "Espeon", "species": "Espeon", "speciesId": "espeon", "gender": "F", "shiny": false, "level": 84, "moves": ["alluringvoice", "psychic", "calmmind", "morningsun"], "ability": "Magic Bounce", "evs": {"hp": 85, "atk": 0, "def": 85, "spa": 85, "spd": 85, "spe": 85}, "ivs": {"hp": 31, "atk": 0, "def": 31, "spa": 31, "spd": 31, "spe": 31}, "item": "Life Orb", "teraType": "Psychic", "role": "Fast Attacker", "bvs": {"hp": 65, "atk": 65, "def": 60, "spa": 130, "spd": 95, "spe": 110}, "stats": {"hp": 246, "atk": 114, "def": 149, "spa": 267, "spd": 208, "spe": 233}, "types": ["Psychic"]}, "Orthworm": {"name": "Orthworm", "species": "Orthworm", "speciesId": "orthworm", "gender": "F", "shiny": false, "level": 88, "moves": ["bodypress", "rest", "irontail", "coil"], "ability": "Earth Eater", "evs": {"hp": 85, "atk": 85, "def": 85, "spa": 85, "spd": 85, "spe": 85}, "ivs": {"hp": 31, "atk": 31, "def": 31, "spa": 31, "spd": 31, "spe": 31}, "item": "Chesto Berry", "teraType": "Fighting", "role": "Bulky Setup", "bvs": {"hp": 70, "atk": 85, "def": 145, "spa": 60, "spd": 55, "spe": 65}, "stats": {"hp": 266, "atk": 200, "def": 305, "spa": 156, "spd": 147, "spe": 165}, "types": ["Steel"]}}, {"Poliwrath": {"name": "Poliwrath", "species": "Poliwrath", "speciesId": "poliwrath", "gender": "M", "shiny": false, "level": 88, "moves": ["liquidation", "bulkup", "poisonjab", "drainpunch"], "ability": "Water Absorb", "evs": {"hp": 85, "atk": 85, "def": 85, "spa": 85, "spd": 85, "spe": 85}, "ivs": {"hp": 31, "atk": 31, "def": 31, "spa": 31, "spd": 31, "spe": 31}, "item": "Leftovers", "teraType": "Steel", "role": "Bulky Setup", "bvs": {"hp": 90, "atk": 95, "def": 95, "spa": 70, "spd": 90, "spe": 70}, "stats": {"hp": 302, "atk": 217, "def": 217, "spa": 173, "spd": 209, "spe": 173}, "types": ["Water", "Fighting"]}, "Cinderace": {"name": "Cinderace", "species": "Cinderace", "speciesId": "cinderace", "gender": "F", "shiny": false, "level": 77, "moves": ["pyroball", "gunkshot", "highjumpkick", "uturn"], "ability": "Libero", "evs": {"hp": 81, "atk": 85, "def": 85, "spa": 85, "spd": 85, "spe": 85}, "ivs": {"hp": 31, "atk": 31, "def": 31, "spa": 31, "spd": 31, "spe": 31}, "item": "Choice Band", "teraType": "Fire", "role": "Wallbreaker", "bvs": {"hp": 80, "atk": 116, "def": 75, "spa": 65, "spd": 75, "spe": 119}, "stats": {"hp": 249, "atk": 223, "def": 160, "spa": 145, "spd": 160, "spe": 228}, "types": ["Fire"]}, "Dipplin": {"name": "Dipplin", "species": "Dipplin", "speciesId": "dipplin", "gender": "F", "shiny": false, "level": 88, "moves": ["gigadrain", "suckerpunch", "dragonpulse", "recover"], "ability": "Sticky Hold", "evs": {"hp": 85, "atk": 85, "def": 85, "spa": 85, "spd": 85, "spe": 85}, "ivs": {"hp": 31, "atk": 31, "def": 31, "spa": 31, "spd": 31, "spe": 31}, "item": "Eviolite", "teraType": "Steel", "role": "Bulky Attacker", "bvs": {"hp": 80, "atk": 80, "def": 110, "spa": 95, "spd": 80, "spe": 40}, "stats": {"hp": 284, "atk": 191, "def": 244, "spa": 217, "spd": 191, "spe": 121}, "types": ["Grass", "Dragon"]}, "Glastrier": {"name": "Glastrier", "species": "Glastrier", "speciesId": "glastrier", "gender": "N", "shiny": false, "level": 86, "moves": ["heavyslam", "swordsdance", "iciclecrash", "closecombat"], "ability": "Chilling Neigh", "evs": {"hp": 85, "atk": 85, "def": 85, "spa": 85, "spd": 85, "spe": 85}, "ivs": {"hp": 31, "atk": 31, "def": 31, "spa": 31, "spd": 31, "spe": 31}, "item": "Heavy-Duty Boots", "teraType": "Steel", "role": "Bulky Attacker", "bvs": {"hp": 100, "atk": 145, "def": 130, "spa": 65, "spd": 110, "spe": 30}, "stats": {"hp": 312, "atk": 299, "def": 273, "spa": 161, "spd": 238, "spe": 101}, "types": ["Ice"]}, "Shaymin": {"name": "Shaymin", "species": "Shaymin", "speciesId": "shaymin", "gender": "N", "shiny": false, "level": 82, "moves": ["earthpower", "airslash", "seedflare", "synthesis"], "ability": "Natural Cure", "evs": {"hp": 85, "atk": 0, "def": 85, "spa": 85, "spd": 85, "spe": 85}, "ivs": {"hp": 31, "atk": 0, "def": 31, "spa": 31, "spd": 31, "spe": 31}, "item": "Leftovers", "teraType": "Steel", "role": "Bulky Attacker", "bvs": {"hp": 100, "atk": 100, "def": 100, "spa": 100, "spd": 100, "spe": 100}, "stats": {"hp": 298, "atk": 169, "def": 211, "spa": 211, "spd": 211, "spe": 211}, "types": ["Grass"]}, "Oricorio": {"name": "Oricorio", "species": "Oricorio-Pa'u", "speciesId": "oricoriopau", "gender": "M", "shiny": false, "level": 87, "moves": ["hurricane", "quiverdance", "roost", "revelationdance"], "ability": "Dancer", "evs": {"hp": 85, "atk": 0, "def": 85, "spa": 85, "spd": 85, "spe": 85}, "ivs": {"hp": 31, "atk": 0, "def": 31, "spa": 31, "spd": 31, "spe": 31}, "item": "Heavy-Duty Boots", "teraType": "Fighting", "role": "Setup Sweeper", "bvs": {"hp": 75, "atk": 70, "def": 70, "spa": 98, "spd": 70, "spe": 93}, "stats": {"hp": 272, "atk": 126, "def": 172, "spa": 220, "spd": 172, "spe": 212}, "types": ["Psychic", "Flying"]}}]}