{"id": "gen9randombattle-2642140063", "format": "[Gen 9] Random Battle", "players": ["Kopliko", "superg64"], "log": "|j|\u2606Kopliko\n|j|\u2606superg64\n|t:|1782898551\n|gametype|singles\n|player|p1|Kopliko|pokefanf-gen4|1947\n|player|p2|superg64|170|1984\n|gen|9\n|tier|[Gen 9] Random Battle\n|rated|\n|rule|Species Clause: Limit one of each Pok\u00e9mon\n|rule|HP Percentage Mod: HP is shown in percentages\n|rule|Sleep Clause Mod: Limit one foe put to sleep\n|rule|Illusion Level Mod: Illusion disguises the Pok\u00e9mon's true level\n|\n|t:|1782898551\n|teamsize|p1|6\n|teamsize|p2|6\n|start\n|switch|p1a: Hippowdon|Hippowdon, L82, F|311/311\n|switch|p2a: Gurdurr|Gurdurr, L85, F|283/283\n|-weather|Sandstorm|[from] ability: Sand Stream|[of] p1a: Hippowdon\n|turn|1\n|inactive|Battle timer is ON: inactive players will automatically lose when time's up. (requested by superg64)\n|inactive|Kopliko also wants the timer to be on.\n|\n|t:|1782898564\n|move|p2a: Gurdurr|Knock Off|p1a: Hippowdon\n|-damage|p1a: Hippowdon|255/311\n|-damage|p2a: Gurdurr|236/283|[from] item: Rocky Helmet|[of] p1a: Hippowdon\n|-enditem|p1a: Hippowdon|Rocky Helmet|[from] move: Knock Off|[of] p2a: Gurdurr\n|move|p1a: Hippowdon|Whirlwind|p2a: Gurdurr\n|drag|p2a: Inteleon|Inteleon, L81, M|246/246\n|\n|-weather|Sandstorm|[upkeep]\n|-damage|p2a: Inteleon|231/246|[from] Sandstorm\n|upkeep\n|turn|2\n|\n|t:|1782898570\n|switch|p1a: Virizion|Virizion, L82|283/283\n|move|p2a: Inteleon|Scald|p1a: Virizion\n|-resisted|p1a: Virizion\n|-damage|p1a: Virizion|232/283\n|\n|-weather|Sandstorm|[upkeep]\n|-damage|p2a: Inteleon|216/246|[from] Sandstorm\n|-damage|p1a: Virizion|215/283|[from] Sandstorm\n|upkeep\n|turn|3\n|\n|t:|1782898579\n|switch|p2a: Muk|Muk-Alola, L82, M|306/306\n|move|p1a: Virizion|Leaf Blade|p2a: Muk\n|-resisted|p2a: Muk\n|-damage|p2a: Muk|240/306\n|-damage|p1a: Virizion|187/283|[from] item: Life Orb\n|\n|-weather|Sandstorm|[upkeep]\n|-damage|p1a: Virizion|170/283|[from] Sandstorm\n|-damage|p2a: Muk|221/306|[from] Sandstorm\n|upkeep\n|turn|4\n|\n|t:|1782898586\n|switch|p1a: Hippowdon|Hippowdon, L82, F|255/311\n|move|p2a: Muk|Drain Punch|p1a: Hippowdon\n|-damage|p1a: Hippowdon|208/311\n|-heal|p2a: Muk|245/306|[from] drain|[of] p1a: Hippowdon\n|\n|-weather|Sandstorm|[upkeep]\n|-damage|p2a: Muk|226/306|[from] Sandstorm\n|upkeep\n|turn|5\n|\n|t:|1782898592\n|switch|p2a: Gurdurr|Gurdurr, L85, F|236/283\n|move|p1a: Hippowdon|Earthquake|p2a: Gurdurr\n|-damage|p2a: Gurdurr|164/283\n|\n|-weather|none\n|upkeep\n|turn|6\n|\n|t:|1782898596\n|move|p1a: Hippowdon|Slack Off|p1a: Hippowdon\n|-heal|p1a: Hippowdon|311/311\n|move|p2a: Gurdurr|Drain Punch|p1a: Hippowdon\n|-damage|p1a: Hippowdon|242/311\n|-heal|p2a: Gurdurr|199/283|[from] drain|[of] p1a: Hippowdon\n|\n|upkeep\n|turn|7\n|\n|t:|1782898599\n|move|p2a: Gurdurr|Bulk Up|p2a: Gurdurr\n|-boost|p2a: Gurdurr|atk|1\n|-boost|p2a: Gurdurr|def|1\n|move|p1a: Hippowdon|Whirlwind|p2a: Gurdurr\n|drag|p2a: Muk|Muk-Alola, L82, M|226/306\n|\n|upkeep\n|turn|8\n|\n|t:|1782898602\n|switch|p2a: Gurdurr|Gurdurr, L85, F|199/283\n|move|p1a: Hippowdon|Earthquake|p2a: Gurdurr\n|-damage|p2a: Gurdurr|120/283\n|\n|upkeep\n|turn|9\n|\n|t:|1782898604\n|move|p1a: Hippowdon|Earthquake|p2a: Gurdurr\n|-damage|p2a: Gurdurr|48/283\n|move|p2a: Gurdurr|Drain Punch|p1a: Hippowdon\n|-damage|p1a: Hippowdon|172/311\n|-heal|p2a: Gurdurr|83/283|[from] drain|[of] p1a: Hippowdon\n|\n|upkeep\n|turn|10\n|\n|t:|1782898611\n|move|p1a: Hippowdon|Earthquake|p2a: Gurdurr\n|-damage|p2a: Gurdurr|8/283\n|move|p2a: Gurdurr|Drain Punch|p1a: Hippowdon\n|-damage|p1a: Hippowdon|99/311\n|-heal|p2a: Gurdurr|45/283|[from] drain|[of] p1a: Hippowdon\n|\n|upkeep\n|turn|11\n|\n|t:|1782898616\n|switch|p2a: Hydreigon|Hydreigon, L79, M|275/275\n|move|p1a: Hippowdon|Slack Off|p1a: Hippowdon\n|-heal|p1a: Hippowdon|255/311\n|\n|upkeep\n|turn|12\n|\n|t:|1782898620\n|switch|p1a: Fezandipiti|Fezandipiti, L82, M|278/278\n|move|p2a: Hydreigon|Draco Meteor|p1a: Fezandipiti\n|-immune|p1a: Fezandipiti\n|\n|upkeep\n|turn|13\n|\n|t:|1782898628\n|switch|p1a: Hippowdon|Hippowdon, L82, F|255/311\n|-weather|Sandstorm|[from] ability: Sand Stream|[of] p1a: Hippowdon\n|switch|p2a: Gurdurr|Gurdurr, L85, F|45/283\n|\n|-weather|Sandstorm|[upkeep]\n|-damage|p2a: Gurdurr|28/283|[from] Sandstorm\n|upkeep\n|turn|14\n|\n|t:|1782898635\n|move|p2a: Gurdurr|Mach Punch|p1a: Hippowdon\n|-damage|p1a: Hippowdon|219/311\n|move|p1a: Hippowdon|Earthquake|p2a: Gurdurr\n|-damage|p2a: Gurdurr|0 fnt\n|faint|p2a: Gurdurr\n|\n|-weather|Sandstorm|[upkeep]\n|upkeep\n|\n|t:|1782898643\n|switch|p2a: Inteleon|Inteleon, L81, M|216/246\n|turn|15\n|\n|t:|1782898647\n|switch|p1a: Virizion|Virizion, L82|170/283\n|move|p2a: Inteleon|Scald|p1a: Virizion\n|-resisted|p1a: Virizion\n|-damage|p1a: Virizion|116/283\n|\n|-weather|Sandstorm|[upkeep]\n|-damage|p2a: Inteleon|201/246|[from] Sandstorm\n|-damage|p1a: Virizion|99/283|[from] Sandstorm\n|upkeep\n|turn|16\n|\n|t:|1782898651\n|switch|p2a: Muk|Muk-Alola, L82, M|226/306\n|move|p1a: Virizion|Leaf Blade|p2a: Muk\n|-resisted|p2a: Muk\n|-crit|p2a: Muk\n|-damage|p2a: Muk|136/306\n|-damage|p1a: Virizion|71/283|[from] item: Life Orb\n|\n|-weather|Sandstorm|[upkeep]\n|-damage|p1a: Virizion|54/283|[from] Sandstorm\n|-damage|p2a: Muk|117/306|[from] Sandstorm\n|upkeep\n|turn|17\n|\n|t:|1782898657\n|move|p2a: Muk|Shadow Sneak|p1a: Virizion\n|-damage|p1a: Virizion|17/283\n|move|p1a: Virizion|Close Combat|p2a: Muk\n|-damage|p2a: Muk|0 fnt\n|-unboost|p1a: Virizion|def|1\n|-unboost|p1a: Virizion|spd|1\n|faint|p2a: Muk\n|-damage|p1a: Virizion|0 fnt|[from] item: Life Orb\n|faint|p1a: Virizion\n|\n|-weather|none\n|upkeep\n|\n|t:|1782898664\n|switch|p1a: Latias|Latias, L79, F|256/256\n|switch|p2a: Regigigas|Regigigas, L84|322/322\n|-start|p2a: Regigigas|ability: Slow Start\n|turn|18\n|\n|t:|1782898670\n|switch|p1a: Hippowdon|Hippowdon, L82, F|219/311\n|-weather|Sandstorm|[from] ability: Sand Stream|[of] p1a: Hippowdon\n|move|p2a: Regigigas|Body Slam|p1a: Hippowdon\n|-damage|p1a: Hippowdon|167/311\n|\n|-weather|Sandstorm|[upkeep]\n|-damage|p2a: Regigigas|302/322|[from] Sandstorm\n|-heal|p2a: Regigigas|322/322|[from] item: Leftovers\n|upkeep\n|turn|19\n|\n|t:|1782898673\n|move|p2a: Regigigas|Body Slam|p1a: Hippowdon\n|-damage|p1a: Hippowdon|113/311\n|move|p1a: Hippowdon|Whirlwind|p2a: Regigigas\n|drag|p2a: Hydreigon|Hydreigon, L79, M|275/275\n|\n|-weather|Sandstorm|[upkeep]\n|-damage|p2a: Hydreigon|258/275|[from] Sandstorm\n|upkeep\n|turn|20\n|\n|t:|1782898681\n|switch|p1a: Fezandipiti|Fezandipiti, L82, M|278/278\n|move|p2a: Hydreigon|U-turn|p1a: Fezandipiti\n|-resisted|p1a: Fezandipiti\n|-damage|p1a: Fezandipiti|266/278\n|\n|t:|1782898684\n|switch|p2a: Regigigas|Regigigas, L84|322/322|[from] U-turn\n|-start|p2a: Regigigas|ability: Slow Start\n|\n|-weather|Sandstorm|[upkeep]\n|-damage|p1a: Fezandipiti|249/278|[from] Sandstorm\n|-damage|p2a: Regigigas|302/322|[from] Sandstorm\n|-heal|p1a: Fezandipiti|266/278|[from] item: Leftovers\n|-heal|p2a: Regigigas|322/322|[from] item: Leftovers\n|upkeep\n|turn|21\n|\n|t:|1782898688\n|move|p1a: Fezandipiti|Gunk Shot|p2a: Regigigas\n|-damage|p2a: Regigigas|234/322\n|-status|p2a: Regigigas|psn\n|move|p2a: Regigigas|Body Slam|p1a: Fezandipiti\n|-damage|p1a: Fezandipiti|196/278\n|\n|-weather|Sandstorm|[upkeep]\n|-damage|p1a: Fezandipiti|179/278|[from] Sandstorm\n|-damage|p2a: Regigigas|214/322 psn|[from] Sandstorm\n|-heal|p1a: Fezandipiti|196/278|[from] item: Leftovers\n|-heal|p2a: Regigigas|234/322 psn|[from] item: Leftovers\n|-damage|p2a: Regigigas|194/322 psn|[from] psn\n|upkeep\n|turn|22\n|\n|t:|1782898695\n|move|p1a: Fezandipiti|Swords Dance|p1a: Fezandipiti\n|-boost|p1a: Fezandipiti|atk|2\n|move|p2a: Regigigas|Rest|p2a: Regigigas\n|-status|p2a: Regigigas|slp|[from] move: Rest\n|-heal|p2a: Regigigas|322/322 slp|[silent]\n|\n|-weather|none\n|-heal|p1a: Fezandipiti|213/278|[from] item: Leftovers\n|upkeep\n|turn|23\n|\n|t:|1782898703\n|-terastallize|p2a: Regigigas|Ghost\n|move|p1a: Fezandipiti|Gunk Shot|p2a: Regigigas\n|-resisted|p2a: Regigigas\n|-damage|p2a: Regigigas|229/322 slp\n|cant|p2a: Regigigas|slp\n|\n|-heal|p1a: Fezandipiti|230/278|[from] item: Leftovers\n|-heal|p2a: Regigigas|249/322 slp|[from] item: Leftovers\n|upkeep\n|turn|24\n|\n|t:|1782898710\n|switch|p1a: Malamar|Malamar, L82, F|275/275\n|cant|p2a: Regigigas|slp\n|move|p2a: Regigigas|Sleep Talk|p2a: Regigigas\n|move|p2a: Regigigas|Body Slam|p1a: Malamar|[from] move: Sleep Talk\n|-damage|p1a: Malamar|202/275\n|-status|p1a: Malamar|par\n|\n|-heal|p2a: Regigigas|269/322 slp|[from] item: Leftovers\n|upkeep\n|turn|25\n|\n|t:|1782898718\n|-curestatus|p2a: Regigigas|slp|[msg]\n|move|p2a: Regigigas|Knock Off|p1a: Malamar\n|-damage|p1a: Malamar|149/275 par\n|-enditem|p1a: Malamar|Chesto Berry|[from] move: Knock Off|[of] p2a: Regigigas\n|cant|p1a: Malamar|par\n|\n|-heal|p2a: Regigigas|289/322|[from] item: Leftovers\n|-end|p2a: Regigigas|Slow Start\n|upkeep\n|turn|26\n|\n|t:|1782898725\n|move|p2a: Regigigas|Body Slam|p1a: Malamar\n|-damage|p1a: Malamar|7/275 par\n|move|p1a: Malamar|Knock Off|p2a: Regigigas\n|-supereffective|p2a: Regigigas\n|-damage|p2a: Regigigas|139/322\n|-enditem|p2a: Regigigas|Leftovers|[from] move: Knock Off|[of] p1a: Malamar\n|\n|upkeep\n|turn|27\n|\n|t:|1782898736\n|move|p2a: Regigigas|Rest|p2a: Regigigas\n|-status|p2a: Regigigas|slp|[from] move: Rest\n|-heal|p2a: Regigigas|322/322 slp|[silent]\n|cant|p1a: Malamar|par\n|\n|upkeep\n|turn|28\n|\n|t:|1782898739\n|cant|p2a: Regigigas|slp\n|move|p2a: Regigigas|Sleep Talk|p2a: Regigigas\n|move|p2a: Regigigas|Body Slam|p1a: Malamar|[from] move: Sleep Talk\n|-damage|p1a: Malamar|0 fnt\n|faint|p1a: Malamar\n|\n|upkeep\n|\n|t:|1782898742\n|switch|p1a: Hippowdon|Hippowdon, L82, F|113/311\n|-weather|Sandstorm|[from] ability: Sand Stream|[of] p1a: Hippowdon\n|turn|29\n|\n|t:|1782898744\n|cant|p2a: Regigigas|slp\n|move|p2a: Regigigas|Sleep Talk|p2a: Regigigas\n|move|p2a: Regigigas|Knock Off|p1a: Hippowdon|[from] move: Sleep Talk\n|-damage|p1a: Hippowdon|55/311\n|move|p1a: Hippowdon|Whirlwind|p2a: Regigigas\n|drag|p2a: Hydreigon|Hydreigon, L79, M|258/275\n|\n|-weather|Sandstorm|[upkeep]\n|-damage|p2a: Hydreigon|241/275|[from] Sandstorm\n|upkeep\n|turn|30\n|\n|t:|1782898751\n|move|p2a: Hydreigon|U-turn|p1a: Hippowdon\n|-damage|p1a: Hippowdon|14/311\n|\n|t:|1782898753\n|switch|p2a: Regigigas|Regigigas, L84, tera:Ghost|322/322 slp|[from] U-turn\n|-start|p2a: Regigigas|ability: Slow Start\n|move|p1a: Hippowdon|Slack Off|p1a: Hippowdon\n|-heal|p1a: Hippowdon|170/311\n|\n|-weather|Sandstorm|[upkeep]\n|-damage|p2a: Regigigas|302/322 slp|[from] Sandstorm\n|upkeep\n|turn|31\n|\n|t:|1782898758\n|move|p1a: Hippowdon|Earthquake|p2a: Regigigas\n|-damage|p2a: Regigigas|203/322 slp\n|-curestatus|p2a: Regigigas|slp|[msg]\n|move|p2a: Regigigas|Body Slam|p1a: Hippowdon\n|-damage|p1a: Hippowdon|110/311\n|\n|-weather|Sandstorm|[upkeep]\n|-damage|p2a: Regigigas|183/322|[from] Sandstorm\n|upkeep\n|turn|32\n|\n|t:|1782898764\n|move|p2a: Regigigas|Rest|p2a: Regigigas\n|-status|p2a: Regigigas|slp|[from] move: Rest\n|-heal|p2a: Regigigas|322/322 slp|[silent]\n|move|p1a: Hippowdon|Whirlwind|p2a: Regigigas\n|drag|p2a: Hydreigon|Hydreigon, L79, M|241/275\n|\n|-weather|Sandstorm|[upkeep]\n|-damage|p2a: Hydreigon|224/275|[from] Sandstorm\n|upkeep\n|turn|33\n|\n|t:|1782898768\n|move|p2a: Hydreigon|U-turn|p1a: Hippowdon\n|-damage|p1a: Hippowdon|75/311\n|\n|t:|1782898770\n|switch|p2a: Regigigas|Regigigas, L84, tera:Ghost|322/322 slp|[from] U-turn\n|-start|p2a: Regigigas|ability: Slow Start\n|move|p1a: Hippowdon|Slack Off|p1a: Hippowdon\n|-heal|p1a: Hippowdon|231/311\n|\n|-weather|none\n|upkeep\n|turn|34\n|\n|t:|1782898777\n|cant|p2a: Regigigas|slp\n|move|p2a: Regigigas|Sleep Talk|p2a: Regigigas\n|move|p2a: Regigigas|Body Slam|p1a: Hippowdon|[from] move: Sleep Talk\n|-damage|p1a: Hippowdon|173/311\n|move|p1a: Hippowdon|Whirlwind|p2a: Regigigas\n|drag|p2a: Inteleon|Inteleon, L81, M|201/246\n|\n|upkeep\n|turn|35\n|\n|t:|1782898785\n|move|p2a: Inteleon|Scald|p1a: Hippowdon\n|-supereffective|p1a: Hippowdon\n|-damage|p1a: Hippowdon|0 fnt\n|faint|p1a: Hippowdon\n|\n|upkeep\n|\n|t:|1782898787\n|switch|p1a: Latias|Latias, L79, F|256/256\n|turn|36\n|\n|t:|1782898790\n|move|p2a: Inteleon|Scald|p1a: Latias\n|-resisted|p1a: Latias\n|-damage|p1a: Latias|196/256\n|-status|p1a: Latias|brn\n|move|p1a: Latias|Calm Mind|p1a: Latias\n|-boost|p1a: Latias|spa|1\n|-boost|p1a: Latias|spd|1\n|\n|-damage|p1a: Latias|180/256 brn|[from] brn\n|upkeep\n|turn|37\n|\n|t:|1782898798\n|switch|p2a: Hydreigon|Hydreigon, L79, M|224/275\n|move|p1a: Latias|Calm Mind|p1a: Latias\n|-boost|p1a: Latias|spa|1\n|-boost|p1a: Latias|spd|1\n|\n|-damage|p1a: Latias|164/256 brn|[from] brn\n|upkeep\n|turn|38\n|\n|t:|1782898810\n|switch|p2a: Regigigas|Regigigas, L84, tera:Ghost|322/322 slp\n|-start|p2a: Regigigas|ability: Slow Start\n|-terastallize|p1a: Latias|Steel\n|move|p1a: Latias|Calm Mind|p1a: Latias\n|-boost|p1a: Latias|spa|1\n|-boost|p1a: Latias|spd|1\n|\n|-damage|p1a: Latias|148/256 brn|[from] brn\n|upkeep\n|turn|39\n|\n|t:|1782898820\n|move|p1a: Latias|Calm Mind|p1a: Latias\n|-boost|p1a: Latias|spa|1\n|-boost|p1a: Latias|spd|1\n|cant|p2a: Regigigas|slp\n|move|p2a: Regigigas|Sleep Talk|p2a: Regigigas\n|move|p2a: Regigigas|Knock Off|p1a: Latias|[from] move: Sleep Talk\n|-damage|p1a: Latias|92/256 brn\n|-enditem|p1a: Latias|Soul Dew|[from] move: Knock Off|[of] p2a: Regigigas\n|\n|-damage|p1a: Latias|76/256 brn|[from] brn\n|upkeep\n|turn|40\n|\n|t:|1782898834\n|move|p1a: Latias|Recover|p1a: Latias\n|-heal|p1a: Latias|204/256 brn\n|-curestatus|p2a: Regigigas|slp|[msg]\n|move|p2a: Regigigas|Knock Off|p1a: Latias\n|-damage|p1a: Latias|169/256 brn\n|\n|-damage|p1a: Latias|153/256 brn|[from] brn\n|upkeep\n|turn|41\n|\n|t:|1782898839\n|move|p1a: Latias|Calm Mind|p1a: Latias\n|-boost|p1a: Latias|spa|1\n|-boost|p1a: Latias|spd|1\n|move|p2a: Regigigas|Knock Off|p1a: Latias\n|-crit|p1a: Latias\n|-damage|p1a: Latias|101/256 brn\n|\n|-damage|p1a: Latias|85/256 brn|[from] brn\n|upkeep\n|turn|42\n|\n|t:|1782898848\n|move|p1a: Latias|Recover|p1a: Latias\n|-heal|p1a: Latias|213/256 brn\n|move|p2a: Regigigas|Knock Off|p1a: Latias\n|-damage|p1a: Latias|173/256 brn\n|\n|-damage|p1a: Latias|157/256 brn|[from] brn\n|upkeep\n|turn|43\n|\n|t:|1782898850\n|move|p1a: Latias|Draco Meteor|p2a: Regigigas\n|-damage|p2a: Regigigas|0 fnt\n|-unboost|p1a: Latias|spa|2\n|faint|p2a: Regigigas\n|-end|p2a: Regigigas|Slow Start|[silent]\n|\n|-damage|p1a: Latias|141/256 brn|[from] brn\n|upkeep\n|\n|t:|1782898854\n|switch|p2a: Hydreigon|Hydreigon, L79, M|224/275\n|turn|44\n|\n|t:|1782898859\n|move|p1a: Latias|Draco Meteor|p2a: Hydreigon\n|-supereffective|p2a: Hydreigon\n|-damage|p2a: Hydreigon|0 fnt\n|-unboost|p1a: Latias|spa|2\n|faint|p2a: Hydreigon\n|\n|-damage|p1a: Latias|125/256 brn|[from] brn\n|upkeep\n|\n|t:|1782898866\n|switch|p2a: Inteleon|Inteleon, L81, M|201/246\n|turn|45\n|l|\u2606Kopliko\n|inactive|Kopliko disconnected and has a minute to reconnect!\n|player|p1|\n|j|\u2606Kopliko\n|inactive|Kopliko reconnected and has 125 seconds left.\n|player|p1|Kopliko|pokefanf-gen4|\n|\n|t:|1782898896\n|move|p2a: Inteleon|Scald|p1a: Latias\n|-damage|p1a: Latias|94/256 brn\n|move|p1a: Latias|Psyshock|p2a: Inteleon\n|-damage|p2a: Inteleon|29/246\n|\n|-damage|p1a: Latias|78/256 brn|[from] brn\n|upkeep\n|turn|46\n|\n|t:|1782898901\n|move|p2a: Inteleon|Scald|p1a: Latias\n|-damage|p1a: Latias|29/256 brn\n|move|p1a: Latias|Recover|p1a: Latias\n|-heal|p1a: Latias|157/256 brn\n|\n|-damage|p1a: Latias|141/256 brn|[from] brn\n|upkeep\n|turn|47\n|\n|t:|1782898903\n|move|p2a: Inteleon|Scald|p1a: Latias\n|-damage|p1a: Latias|93/256 brn\n|move|p1a: Latias|Psyshock|p2a: Inteleon\n|-damage|p2a: Inteleon|0 fnt\n|faint|p2a: Inteleon\n|\n|-damage|p1a: Latias|77/256 brn|[from] brn\n|upkeep\n|\n|t:|1782898906\n|switch|p2a: Hariyama|Hariyama, L87, M|392/392\n|turn|48\n|\n|t:|1782898909\n|move|p1a: Latias|Psyshock|p2a: Hariyama\n|-supereffective|p2a: Hariyama\n|-damage|p2a: Hariyama|72/392\n|move|p2a: Hariyama|Close Combat|p1a: Latias\n|-supereffective|p1a: Latias\n|-damage|p1a: Latias|0 fnt\n|-unboost|p2a: Hariyama|def|1\n|-unboost|p2a: Hariyama|spd|1\n|faint|p1a: Latias\n|\n|-status|p2a: Hariyama|brn|[from] item: Flame Orb\n|upkeep\n|\n|t:|1782898913\n|switch|p1a: Fezandipiti|Fezandipiti, L82, M|230/278\n|turn|49\n|\n|t:|1782898916\n|move|p2a: Hariyama|Bullet Punch|p1a: Fezandipiti\n|-supereffective|p1a: Fezandipiti\n|-damage|p1a: Fezandipiti|118/278\n|move|p1a: Fezandipiti|Tera Blast|p2a: Hariyama\n|-damage|p2a: Hariyama|0 fnt\n|faint|p2a: Hariyama\n|\n|win|Kopliko\n|raw|Kopliko's rating: 1947 &rarr; <strong>1969</strong><br />(+22 for winning)\n|raw|superg64's rating: 1984 &rarr; <strong>1962</strong><br />(-22 for losing)\n", "inputlog": ">version f8ac14003a5f27e1bdc8d8c59608a773c1cb96e5\n>start {\"formatid\":\"gen9randombattle\",\"seed\":\"sodium,62855c657d19d1f398d04dec8aede3bb\",\"rated\":\"Rated battle\"}\n>player p1 {\"name\":\"Kopliko\",\"avatar\":\"pokefanf-gen4\",\"rating\":1947,\"seed\":\"sodium,66a3e0aeacb498c645936b82b253358f\"}\n>player p2 {\"name\":\"superg64\",\"avatar\":\"170\",\"rating\":1984,\"seed\":\"sodium,c0a44abff61711dc1472fcbf237349a9\"}\n>p1 move whirlwind\n>p2 move knockoff\n>p1 switch 3\n>p2 move scald\n>p1 move leafblade\n>p2 switch 6\n>p1 switch 3\n>p2 move drainpunch\n>p1 move earthquake\n>p2 switch 5\n>p1 move slackoff\n>p2 move drainpunch\n>p1 move whirlwind\n>p2 move bulkup\n>p1 move earthquake\n>p2 switch 5\n>p1 move earthquake\n>p2 move drainpunch\n>p1 move earthquake\n>p2 move drainpunch\n>p1 move slackoff\n>p2 switch 3\n>p1 switch 6\n>p2 move dracometeor\n>p1 switch 6\n>p2 switch 3\n>p1 move earthquake\n>p2 move machpunch\n>p2 switch 6\n>p1 switch 3\n>p2 move scald\n>p1 move leafblade\n>p2 switch 5\n>p1 move closecombat\n>p2 move shadowsneak\n>p1 switch 4\n>p2 switch 2\n>p1 switch 3\n>p2 move bodyslam\n>p1 move whirlwind\n>p2 move bodyslam\n>p1 switch 6\n>p2 move uturn\n>p2 switch 3\n>p1 move gunkshot\n>p2 move bodyslam\n>p1 move swordsdance\n>p2 move rest\n>p1 move gunkshot\n>p2 move bodyslam terastallize\n>p1 switch 5\n>p2 move sleeptalk\n>p1 move knockoff\n>p2 move knockoff\n>p1 move knockoff\n>p2 move bodyslam\n>p1 move rest\n>p2 move rest\n>p1 move knockoff\n>p2 move sleeptalk\n>p1 switch 6\n>p1 move whirlwind\n>p2 move sleeptalk\n>p1 move slackoff\n>p2 move uturn\n>p2 switch 3\n>p1 move earthquake\n>p2 move bodyslam\n>p1 move whirlwind\n>p2 move rest\n>p1 move slackoff\n>p2 move uturn\n>p2 switch 3\n>p1 move whirlwind\n>p2 move sleeptalk\n>p1 move earthquake\n>p2 move scald\n>p1 switch 3\n>p1 move calmmind\n>p2 move scald\n>p1 move calmmind\n>p2 switch 3\n>p1 move calmmind terastallize\n>p2 switch 5\n>p1 move calmmind\n>p2 move sleeptalk\n>p1 move recover\n>p2 move knockoff\n>p1 move calmmind\n>p2 move knockoff\n>p1 move recover\n>p2 move knockoff\n>p1 move dracometeor\n>p2 move knockoff\n>p2 switch 5\n>p1 move dracometeor\n>p2 move dracometeor\n>p2 switch 3\n>p1 move psyshock\n>p2 move scald\n>p1 move recover\n>p2 move scald\n>p1 move psyshock\n>p2 move scald\n>p2 switch 4\n>p1 move psyshock\n>p2 move closecombat\n>p1 switch 5\n>p1 move terablast\n>p2 move bulletpunch", "uploadtime": 1782898916, "views": 3, "formatid": "gen9randombattle", "rating": 1962, "private": 0, "password": null, "player_dets": [{"name": "Kopliko", "avatar": "pokefanf-gen4", "rating": 1947, "seed": "sodium,66a3e0aeacb498c645936b82b253358f"}, {"name": "superg64", "avatar": "170", "rating": 1984, "seed": "sodium,c0a44abff61711dc1472fcbf237349a9"}], "teams_full": [{"Hippowdon": {"name": "Hippowdon", "species": "Hippowdon", "speciesId": "hippowdon", "gender": "F", "shiny": false, "level": 82, "moves": ["whirlwind", "earthquake", "stoneedge", "slackoff"], "ability": "Sand Stream", "evs": {"hp": 85, "atk": 85, "def": 85, "spa": 85, "spd": 85, "spe": 85}, "ivs": {"hp": 31, "atk": 31, "def": 31, "spa": 31, "spd": 31, "spe": 31}, "item": "Rocky Helmet", "teraType": "Rock", "role": "Bulky Support", "bvs": {"hp": 108, "atk": 112, "def": 118, "spa": 68, "spd": 72, "spe": 47}, "stats": {"hp": 311, "atk": 231, "def": 241, "spa": 159, "spd": 165, "spe": 124}, "types": ["Ground"]}, "Cinccino": {"name": "Cinccino", "species": "Cinccino", "speciesId": "cinccino", "gender": "F", "shiny": false, "level": 83, "moves": ["tailslap", "bulletseed", "tripleaxel", "uturn"], "ability": "Technician", "evs": {"hp": 85, "atk": 85, "def": 85, "spa": 85, "spd": 85, "spe": 85}, "ivs": {"hp": 31, "atk": 31, "def": 31, "spa": 31, "spd": 31, "spe": 31}, "item": "Loaded Dice", "teraType": "Normal", "role": "Fast Attacker", "bvs": {"hp": 75, "atk": 95, "def": 60, "spa": 65, "spd": 60, "spe": 115}, "stats": {"hp": 260, "atk": 205, "def": 147, "spa": 156, "spd": 147, "spe": 239}, "types": ["Normal"]}, "Virizion": {"name": "Virizion", "species": "Virizion", "speciesId": "virizion", "gender": "N", "shiny": false, "level": 82, "moves": ["leafblade", "stoneedge", "closecombat", "swordsdance"], "ability": "Justified", "evs": {"hp": 85, "atk": 85, "def": 85, "spa": 85, "spd": 85, "spe": 85}, "ivs": {"hp": 31, "atk": 31, "def": 31, "spa": 31, "spd": 31, "spe": 31}, "item": "Life Orb", "teraType": "Rock", "role": "Setup Sweeper", "bvs": {"hp": 91, "atk": 90, "def": 72, "spa": 90, "spd": 129, "spe": 108}, "stats": {"hp": 283, "atk": 195, "def": 165, "spa": 195, "spd": 259, "spe": 224}, "types": ["Grass", "Fighting"]}, "Latias": {"name": "Latias", "species": "Latias", "speciesId": "latias", "gender": "F", "shiny": false, "level": 79, "moves": ["psyshock", "calmmind", "recover", "dracometeor"], "ability": "Levitate", "evs": {"hp": 85, "atk": 0, "def": 85, "spa": 85, "spd": 85, "spe": 85}, "ivs": {"hp": 31, "atk": 0, "def": 31, "spa": 31, "spd": 31, "spe": 31}, "item": "Soul Dew", "teraType": "Steel", "role": "Fast Bulky Setup", "bvs": {"hp": 80, "atk": 80, "def": 90, "spa": 110, "spd": 130, "spe": 110}, "stats": {"hp": 256, "atk": 131, "def": 188, "spa": 219, "spd": 251, "spe": 219}, "types": ["Dragon", "Psychic"]}, "Malamar": {"name": "Malamar", "species": "Malamar", "speciesId": "malamar", "gender": "F", "shiny": false, "level": 82, "moves": ["superpower", "psychocut", "knockoff", "rest"], "ability": "Contrary", "evs": {"hp": 85, "atk": 85, "def": 85, "spa": 85, "spd": 85, "spe": 85}, "ivs": {"hp": 31, "atk": 31, "def": 31, "spa": 31, "spd": 31, "spe": 31}, "item": "Chesto Berry", "teraType": "Fighting", "role": "Fast Bulky Setup", "bvs": {"hp": 86, "atk": 92, "def": 88, "spa": 68, "spd": 75, "spe": 73}, "stats": {"hp": 275, "atk": 198, "def": 191, "spa": 159, "spd": 170, "spe": 167}, "types": ["Dark", "Psychic"]}, "Fezandipiti": {"name": "Fezandipiti", "species": "Fezandipiti", "speciesId": "fezandipiti", "gender": "M", "shiny": false, "level": 82, "moves": ["swordsdance", "playrough", "gunkshot", "terablast"], "ability": "Toxic Chain", "evs": {"hp": 85, "atk": 85, "def": 85, "spa": 85, "spd": 85, "spe": 85}, "ivs": {"hp": 31, "atk": 31, "def": 31, "spa": 31, "spd": 31, "spe": 31}, "item": "Leftovers", "teraType": "Ground", "role": "Tera Blast user", "bvs": {"hp": 88, "atk": 91, "def": 82, "spa": 70, "spd": 125, "spe": 99}, "stats": {"hp": 278, "atk": 196, "def": 182, "spa": 162, "spd": 252, "spe": 210}, "types": ["Poison", "Fairy"]}}, {"Gurdurr": {"name": "Gurdurr", "species": "Gurdurr", "speciesId": "gurdurr", "gender": "F", "shiny": false, "level": 85, "moves": ["knockoff", "machpunch", "bulkup", "drainpunch"], "ability": "Guts", "evs": {"hp": 85, "atk": 85, "def": 85, "spa": 85, "spd": 85, "spe": 85}, "ivs": {"hp": 31, "atk": 31, "def": 31, "spa": 31, "spd": 31, "spe": 31}, "item": "Eviolite", "teraType": "Steel", "role": "Bulky Attacker", "bvs": {"hp": 85, "atk": 105, "def": 85, "spa": 40, "spd": 50, "spe": 40}, "stats": {"hp": 283, "atk": 227, "def": 193, "spa": 117, "spd": 134, "spe": 117}, "types": ["Fighting"]}, "Regigigas": {"name": "Regigigas", "species": "Regigigas", "speciesId": "regigigas", "gender": "N", "shiny": false, "level": 84, "moves": ["knockoff", "sleeptalk", "rest", "bodyslam"], "ability": "Slow Start", "evs": {"hp": 85, "atk": 85, "def": 85, "spa": 85, "spd": 85, "spe": 85}, "ivs": {"hp": 31, "atk": 31, "def": 31, "spa": 31, "spd": 31, "spe": 31}, "item": "Leftovers", "teraType": "Ghost", "role": "Bulky Support", "bvs": {"hp": 110, "atk": 160, "def": 110, "spa": 80, "spd": 110, "spe": 100}, "stats": {"hp": 322, "atk": 317, "def": 233, "spa": 183, "spd": 233, "spe": 216}, "types": ["Normal"]}, "Hydreigon": {"name": "Hydreigon", "species": "Hydreigon", "speciesId": "hydreigon", "gender": "M", "shiny": false, "level": 79, "moves": ["uturn", "dracometeor", "darkpulse", "flashcannon"], "ability": "Levitate", "evs": {"hp": 85, "atk": 85, "def": 85, "spa": 85, "spd": 85, "spe": 85}, "ivs": {"hp": 31, "atk": 31, "def": 31, "spa": 31, "spd": 31, "spe": 31}, "item": "Choice Specs", "teraType": "Dark", "role": "Fast Attacker", "bvs": {"hp": 92, "atk": 105, "def": 90, "spa": 125, "spd": 90, "spe": 98}, "stats": {"hp": 275, "atk": 211, "def": 188, "spa": 243, "spd": 188, "spe": 200}, "types": ["Dark", "Dragon"]}, "Hariyama": {"name": "Hariyama", "species": "Hariyama", "speciesId": "hariyama", "gender": "M", "shiny": false, "level": 87, "moves": ["knockoff", "closecombat", "bulletpunch", "facade"], "ability": "Guts", "evs": {"hp": 85, "atk": 85, "def": 85, "spa": 85, "spd": 85, "spe": 85}, "ivs": {"hp": 31, "atk": 31, "def": 31, "spa": 31, "spd": 31, "spe": 31}, "item": "Flame Orb", "teraType": "Normal", "role": "Wallbreaker", "bvs": {"hp": 144, "atk": 120, "def": 60, "spa": 40, "spd": 60, "spe": 50}, "stats": {"hp": 392, "atk": 259, "def": 154, "spa": 119, "spd": 154, "spe": 137}, "types": ["Fighting"]}, "Inteleon": {"name": "Inteleon", "species": "Inteleon", "speciesId": "inteleon", "gender": "M", "shiny": false, "level": 81, "moves": ["hydropump", "uturn", "icebeam", "scald"], "ability": "Torrent", "evs": {"hp": 85, "atk": 85, "def": 85, "spa": 85, "spd": 85, "spe": 85}, "ivs": {"hp": 31, "atk": 31, "def": 31, "spa": 31, "spd": 31, "spe": 31}, "item": "Choice Specs", "teraType": "Water", "role": "Wallbreaker", "bvs": {"hp": 70, "atk": 85, "def": 65, "spa": 125, "spd": 65, "spe": 120}, "stats": {"hp": 246, "atk": 184, "def": 152, "spa": 249, "spd": 152, "spe": 241}, "types": ["Water"]}, "Muk": {"name": "Muk", "species": "Muk-Alola", "speciesId": "mukalola", "gender": "M", "shiny": false, "level": 82, "moves": ["drainpunch", "knockoff", "gunkshot", "shadowsneak"], "ability": "Poison Touch", "evs": {"hp": 85, "atk": 85, "def": 85, "spa": 85, "spd": 85, "spe": 85}, "ivs": {"hp": 31, "atk": 31, "def": 31, "spa": 31, "spd": 31, "spe": 31}, "item": "Assault Vest", "teraType": "Fighting", "role": "AV Pivot", "bvs": {"hp": 105, "atk": 105, "def": 75, "spa": 65, "spd": 100, "spe": 50}, "stats": {"hp": 306, "atk": 219, "def": 170, "spa": 154, "spd": 211, "spe": 129}, "types": ["Poison", "Dark"]}}]}