{"id": "gen9randombattle-2642236506", "format": "[Gen 9] Random Battle", "players": ["jnpr010334", "requin12"], "log": "|j|\u2606jnpr010334\n|j|\u2606requin12\n|t:|1782914945\n|gametype|singles\n|player|p1|jnpr010334|265|1938\n|player|p2|requin12|fisherman-gen4|1917\n|gen|9\n|tier|[Gen 9] Random Battle\n|rated|\n|rule|Species Clause: Limit one of each Pok\u00e9mon\n|rule|HP Percentage Mod: HP is shown in percentages\n|rule|Sleep Clause Mod: Limit one foe put to sleep\n|rule|Illusion Level Mod: Illusion disguises the Pok\u00e9mon's true level\n|\n|t:|1782914945\n|teamsize|p1|6\n|teamsize|p2|6\n|start\n|switch|p1a: Volcanion|Volcanion, L79|255/255\n|switch|p2a: Wugtrio|Wugtrio, L91, F|212/212\n|turn|1\n|inactive|Battle timer is ON: inactive players will automatically lose when time's up. (requested by jnpr010334)\n|\n|t:|1782914951\n|move|p2a: Wugtrio|Stomping Tantrum|p1a: Volcanion\n|-supereffective|p1a: Volcanion\n|-damage|p1a: Volcanion|83/255\n|move|p1a: Volcanion|Steam Eruption|p2a: Wugtrio\n|-resisted|p2a: Wugtrio\n|-damage|p2a: Wugtrio|139/212\n|\n|upkeep\n|turn|2\n|\n|t:|1782914955\n|switch|p1a: Scyther|Scyther, L82, M|249/249\n|move|p2a: Wugtrio|Stomping Tantrum|p1a: Scyther\n|-immune|p1a: Scyther\n|\n|upkeep\n|turn|3\n|\n|t:|1782914960\n|switch|p2a: Grimmsnarl|Grimmsnarl, L83, M|293/293\n|move|p1a: Scyther|U-turn|p2a: Grimmsnarl\n|-damage|p2a: Grimmsnarl|202/293\n|\n|t:|1782914962\n|switch|p1a: Lucario|Lucario, L84, F|255/255|[from] U-turn\n|\n|-heal|p2a: Grimmsnarl|220/293|[from] item: Leftovers\n|upkeep\n|turn|4\n|\n|t:|1782914967\n|move|p2a: Grimmsnarl|Thunder Wave|p1a: Lucario\n|-status|p1a: Lucario|par\n|move|p1a: Lucario|Swords Dance|p1a: Lucario\n|-boost|p1a: Lucario|atk|2\n|\n|-heal|p2a: Grimmsnarl|238/293|[from] item: Leftovers\n|upkeep\n|turn|5\n|\n|t:|1782914970\n|move|p2a: Grimmsnarl|Spirit Break|p1a: Lucario\n|-damage|p1a: Lucario|149/255 par\n|-unboost|p1a: Lucario|spa|1\n|move|p1a: Lucario|Meteor Mash|p2a: Grimmsnarl\n|-supereffective|p2a: Grimmsnarl\n|-damage|p2a: Grimmsnarl|0 fnt\n|faint|p2a: Grimmsnarl\n|-damage|p1a: Lucario|124/255 par|[from] item: Life Orb\n|\n|upkeep\n|\n|t:|1782914981\n|switch|p2a: Wugtrio|Wugtrio, L91, F|139/212\n|turn|6\n|\n|t:|1782914983\n|move|p1a: Lucario|Extreme Speed|p2a: Wugtrio\n|-damage|p2a: Wugtrio|0 fnt\n|-ability|p2a: Wugtrio|Gooey\n|-unboost|p1a: Lucario|spe|1\n|faint|p2a: Wugtrio\n|-damage|p1a: Lucario|99/255 par|[from] item: Life Orb\n|\n|upkeep\n|\n|t:|1782914987\n|switch|p2a: Jumpluff|Jumpluff, L87, F|271/271\n|turn|7\n|\n|t:|1782914991\n|move|p2a: Jumpluff|Acrobatics|p1a: Lucario\n|-damage|p1a: Lucario|0 fnt\n|faint|p1a: Lucario\n|\n|upkeep\n|\n|t:|1782914993\n|switch|p1a: Roaring Moon|Roaring Moon, L72|270/270\n|-enditem|p1a: Roaring Moon|Booster Energy\n|-activate|p1a: Roaring Moon|ability: Protosynthesis|[fromitem]\n|-start|p1a: Roaring Moon|protosynthesisatk\n|turn|8\n|\n|t:|1782914997\n|-terastallize|p1a: Roaring Moon|Steel\n|move|p2a: Jumpluff|Leech Seed|p1a: Roaring Moon\n|-start|p1a: Roaring Moon|move: Leech Seed\n|move|p1a: Roaring Moon|Dragon Dance|p1a: Roaring Moon\n|-boost|p1a: Roaring Moon|atk|1\n|-boost|p1a: Roaring Moon|spe|1\n|\n|-damage|p1a: Roaring Moon|237/270|[from] Leech Seed|[of] p2a: Jumpluff\n|upkeep\n|turn|9\n|\n|t:|1782915000\n|move|p1a: Roaring Moon|Iron Head|p2a: Jumpluff\n|-damage|p2a: Jumpluff|78/271\n|cant|p2a: Jumpluff|flinch\n|\n|-damage|p1a: Roaring Moon|204/270|[from] Leech Seed|[of] p2a: Jumpluff\n|-heal|p2a: Jumpluff|111/271|[silent]\n|upkeep\n|turn|10\n|\n|t:|1782915006\n|switch|p2a: Arceus|Arceus-Water, L71|288/288\n|move|p1a: Roaring Moon|Iron Head|p2a: Arceus\n|-resisted|p2a: Arceus\n|-damage|p2a: Arceus|216/288\n|\n|-damage|p1a: Roaring Moon|171/270|[from] Leech Seed|[of] p2a: Arceus\n|-heal|p2a: Arceus|249/288|[silent]\n|upkeep\n|turn|11\n|\n|t:|1782915010\n|move|p1a: Roaring Moon|Outrage|p2a: Arceus\n|-damage|p2a: Arceus|9/288\n|move|p2a: Arceus|Recover|p2a: Arceus\n|-heal|p2a: Arceus|153/288\n|\n|-damage|p1a: Roaring Moon|138/270|[from] Leech Seed|[of] p2a: Arceus\n|-heal|p2a: Arceus|186/288|[silent]\n|upkeep\n|turn|12\n|\n|t:|1782915014\n|-terastallize|p2a: Arceus|Steel\n|move|p1a: Roaring Moon|Outrage|p2a: Arceus|[from] lockedmove\n|-resisted|p2a: Arceus\n|-damage|p2a: Arceus|65/288\n|-start|p1a: Roaring Moon|confusion|[fatigue]\n|move|p2a: Arceus|Recover|p2a: Arceus\n|-heal|p2a: Arceus|209/288\n|\n|-damage|p1a: Roaring Moon|105/270|[from] Leech Seed|[of] p2a: Arceus\n|-heal|p2a: Arceus|242/288|[silent]\n|upkeep\n|turn|13\n|\n|t:|1782915018\n|-end|p1a: Roaring Moon|Protosynthesis|[silent]\n|switch|p1a: Basculegion|Basculegion, L80, M|323/323\n|move|p2a: Arceus|Ice Beam|p1a: Basculegion\n|-resisted|p1a: Basculegion\n|-damage|p1a: Basculegion|303/323\n|\n|upkeep\n|turn|14\n|\n|t:|1782915024\n|switch|p2a: Kricketune|Kricketune, L99, M|312/312\n|move|p1a: Basculegion|Wave Crash|p2a: Kricketune\n|-damage|p2a: Kricketune|110/312\n|-damage|p1a: Basculegion|236/323|[from] Recoil\n|\n|upkeep\n|turn|15\n|\n|t:|1782915028\n|move|p2a: Kricketune|Sticky Web|p1a: Basculegion\n|-sidestart|p1: jnpr010334|move: Sticky Web\n|move|p1a: Basculegion|Wave Crash|p2a: Kricketune\n|-damage|p2a: Kricketune|0 fnt\n|faint|p2a: Kricketune\n|-damage|p1a: Basculegion|200/323|[from] Recoil\n|\n|upkeep\n|\n|t:|1782915030\n|switch|p2a: Weavile|Weavile, L79, M|240/240\n|turn|16\n|\n|t:|1782915032\n|move|p1a: Basculegion|Aqua Jet|p2a: Weavile\n|-damage|p2a: Weavile|158/240\n|move|p2a: Weavile|Knock Off|p1a: Basculegion\n|-supereffective|p1a: Basculegion\n|-damage|p1a: Basculegion|0 fnt\n|-enditem|p1a: Basculegion|Assault Vest|[from] move: Knock Off|[of] p2a: Weavile\n|faint|p1a: Basculegion\n|\n|upkeep\n|\n|t:|1782915035\n|switch|p1a: Scyther|Scyther, L82, M|249/249\n|turn|17\n|\n|t:|1782915037\n|move|p2a: Weavile|Triple Axel|p1a: Scyther\n|-supereffective|p1a: Scyther\n|-damage|p1a: Scyther|199/249\n|-supereffective|p1a: Scyther\n|-damage|p1a: Scyther|107/249\n|-hitcount|p1a: Scyther|2\n|move|p1a: Scyther|Close Combat|p2a: Weavile\n|-supereffective|p2a: Weavile\n|-damage|p2a: Weavile|0 fnt\n|-unboost|p1a: Scyther|def|1\n|-unboost|p1a: Scyther|spd|1\n|faint|p2a: Weavile\n|\n|upkeep\n|\n|t:|1782915041\n|switch|p2a: Jumpluff|Jumpluff, L87, F|111/271\n|turn|18\n|\n|t:|1782915044\n|move|p2a: Jumpluff|Acrobatics|p1a: Scyther\n|-supereffective|p1a: Scyther\n|-damage|p1a: Scyther|0 fnt\n|faint|p1a: Scyther\n|\n|upkeep\n|\n|t:|1782915048\n|switch|p1a: Regigigas|Regigigas, L84|322/322\n|-activate|p1a: Regigigas|move: Sticky Web\n|-unboost|p1a: Regigigas|spe|1\n|-start|p1a: Regigigas|ability: Slow Start\n|turn|19\n|\n|t:|1782915053\n|move|p2a: Jumpluff|Leech Seed|p1a: Regigigas\n|-start|p1a: Regigigas|move: Leech Seed\n|move|p1a: Regigigas|Body Slam|p2a: Jumpluff\n|-damage|p2a: Jumpluff|38/271\n|\n|-damage|p1a: Regigigas|282/322|[from] Leech Seed|[of] p2a: Jumpluff\n|-heal|p2a: Jumpluff|78/271|[silent]\n|upkeep\n|turn|20\n|\n|t:|1782915055\n|move|p2a: Jumpluff|Strength Sap|p1a: Regigigas\n|-unboost|p1a: Regigigas|atk|1\n|-heal|p2a: Jumpluff|271/271\n|move|p1a: Regigigas|Body Slam|p2a: Jumpluff\n|-damage|p2a: Jumpluff|222/271\n|\n|-heal|p1a: Regigigas|302/322|[from] item: Leftovers\n|-damage|p1a: Regigigas|262/322|[from] Leech Seed|[of] p2a: Jumpluff\n|-heal|p2a: Jumpluff|262/271|[silent]\n|upkeep\n|turn|21\n|\n|t:|1782915059\n|switch|p1a: Volcanion|Volcanion, L79|83/255\n|-activate|p1a: Volcanion|move: Sticky Web\n|-unboost|p1a: Volcanion|spe|1\n|move|p2a: Jumpluff|Substitute|p2a: Jumpluff\n|-start|p2a: Jumpluff|Substitute\n|-damage|p2a: Jumpluff|195/271\n|\n|upkeep\n|turn|22\n|\n|t:|1782915062\n|move|p2a: Jumpluff|Acrobatics|p1a: Volcanion\n|-damage|p1a: Volcanion|8/255\n|move|p1a: Volcanion|Flame Charge|p2a: Jumpluff\n|-supereffective|p2a: Jumpluff\n|-end|p2a: Jumpluff|Substitute\n|-boost|p1a: Volcanion|spe|1\n|\n|upkeep\n|turn|23\n|\n|t:|1782915066\n|move|p2a: Jumpluff|Acrobatics|p1a: Volcanion\n|-damage|p1a: Volcanion|0 fnt\n|faint|p1a: Volcanion\n|\n|upkeep\n|\n|t:|1782915068\n|switch|p1a: Regigigas|Regigigas, L84|262/322\n|-activate|p1a: Regigigas|move: Sticky Web\n|-unboost|p1a: Regigigas|spe|1\n|-start|p1a: Regigigas|ability: Slow Start\n|turn|24\n|\n|t:|1782915070\n|move|p2a: Jumpluff|Leech Seed|p1a: Regigigas\n|-start|p1a: Regigigas|move: Leech Seed\n|move|p1a: Regigigas|Body Slam|p2a: Jumpluff\n|-damage|p2a: Jumpluff|125/271\n|\n|-heal|p1a: Regigigas|282/322|[from] item: Leftovers\n|-damage|p1a: Regigigas|242/322|[from] Leech Seed|[of] p2a: Jumpluff\n|-heal|p2a: Jumpluff|165/271|[silent]\n|upkeep\n|turn|25\n|\n|t:|1782915074\n|move|p2a: Jumpluff|Substitute|p2a: Jumpluff\n|-start|p2a: Jumpluff|Substitute\n|-damage|p2a: Jumpluff|98/271\n|move|p1a: Regigigas|Body Slam|p2a: Jumpluff\n|-end|p2a: Jumpluff|Substitute\n|\n|-heal|p1a: Regigigas|262/322|[from] item: Leftovers\n|-damage|p1a: Regigigas|222/322|[from] Leech Seed|[of] p2a: Jumpluff\n|-heal|p2a: Jumpluff|138/271|[silent]\n|upkeep\n|turn|26\n|\n|t:|1782915076\n|move|p2a: Jumpluff|Strength Sap|p1a: Regigigas\n|-unboost|p1a: Regigigas|atk|1\n|-heal|p2a: Jumpluff|271/271\n|move|p1a: Regigigas|Body Slam|p2a: Jumpluff\n|-damage|p2a: Jumpluff|220/271\n|-status|p2a: Jumpluff|par\n|\n|-heal|p1a: Regigigas|242/322|[from] item: Leftovers\n|-damage|p1a: Regigigas|202/322|[from] Leech Seed|[of] p2a: Jumpluff\n|-heal|p2a: Jumpluff|260/271 par|[silent]\n|upkeep\n|turn|27\n|\n|t:|1782915080\n|cant|p2a: Jumpluff|par\n|move|p1a: Regigigas|Rest|p1a: Regigigas\n|-status|p1a: Regigigas|slp|[from] move: Rest\n|-heal|p1a: Regigigas|322/322 slp|[silent]\n|\n|-damage|p1a: Regigigas|282/322 slp|[from] Leech Seed|[of] p2a: Jumpluff\n|-heal|p2a: Jumpluff|271/271 par|[silent]\n|upkeep\n|turn|28\n|\n|t:|1782915083\n|switch|p2a: Arceus|Arceus-Water, L71, tera:Steel|242/288\n|cant|p1a: Regigigas|slp\n|move|p1a: Regigigas|Sleep Talk|p1a: Regigigas\n|move|p1a: Regigigas|Knock Off|p2a: Arceus|[from] move: Sleep Talk\n|-damage|p2a: Arceus|221/288\n|\n|-heal|p1a: Regigigas|302/322 slp|[from] item: Leftovers\n|-damage|p1a: Regigigas|262/322 slp|[from] Leech Seed|[of] p2a: Arceus\n|-heal|p2a: Arceus|261/288|[silent]\n|-end|p1a: Regigigas|Slow Start\n|upkeep\n|turn|29\n|\n|t:|1782915086\n|move|p2a: Arceus|Calm Mind|p2a: Arceus\n|-boost|p2a: Arceus|spa|1\n|-boost|p2a: Arceus|spd|1\n|cant|p1a: Regigigas|slp\n|move|p1a: Regigigas|Sleep Talk|p1a: Regigigas\n|move|p1a: Regigigas|Body Slam|p2a: Arceus|[from] move: Sleep Talk\n|-resisted|p2a: Arceus\n|-damage|p2a: Arceus|220/288\n|-status|p2a: Arceus|par\n|\n|-heal|p1a: Regigigas|282/322 slp|[from] item: Leftovers\n|-damage|p1a: Regigigas|242/322 slp|[from] Leech Seed|[of] p2a: Arceus\n|-heal|p2a: Arceus|260/288 par|[silent]\n|upkeep\n|turn|30\n|\n|t:|1782915090\n|switch|p1a: Roaring Moon|Roaring Moon, L72, tera:Steel|105/270\n|-activate|p1a: Roaring Moon|move: Sticky Web\n|-unboost|p1a: Roaring Moon|spe|1\n|move|p2a: Arceus|Judgment|p1a: Roaring Moon\n|-damage|p1a: Roaring Moon|0 fnt\n|faint|p1a: Roaring Moon\n|-end|p1a: Roaring Moon|Protosynthesis|[silent]\n|\n|upkeep\n|\n|t:|1782915093\n|switch|p1a: Regigigas|Regigigas, L84|242/322 slp\n|-activate|p1a: Regigigas|move: Sticky Web\n|-unboost|p1a: Regigigas|spe|1\n|-start|p1a: Regigigas|ability: Slow Start\n|turn|31\n|\n|t:|1782915095\n|switch|p2a: Jumpluff|Jumpluff, L87, F|271/271 par\n|-curestatus|p1a: Regigigas|slp|[msg]\n|move|p1a: Regigigas|Sleep Talk||[still]\n|-fail|p1a: Regigigas\n|\n|-heal|p1a: Regigigas|262/322|[from] item: Leftovers\n|upkeep\n|turn|32\n|\n|t:|1782915097\n|move|p2a: Jumpluff|Leech Seed|p1a: Regigigas\n|-start|p1a: Regigigas|move: Leech Seed\n|move|p1a: Regigigas|Body Slam|p2a: Jumpluff\n|-damage|p2a: Jumpluff|198/271 par\n|\n|-heal|p1a: Regigigas|282/322|[from] item: Leftovers\n|-damage|p1a: Regigigas|242/322|[from] Leech Seed|[of] p2a: Jumpluff\n|-heal|p2a: Jumpluff|238/271 par|[silent]\n|upkeep\n|turn|33\n|\n|t:|1782915101\n|move|p2a: Jumpluff|Strength Sap|p1a: Regigigas\n|-unboost|p1a: Regigigas|atk|1\n|-heal|p2a: Jumpluff|271/271 par\n|move|p1a: Regigigas|Rest|p1a: Regigigas\n|-status|p1a: Regigigas|slp|[from] move: Rest\n|-heal|p1a: Regigigas|322/322 slp|[silent]\n|\n|-damage|p1a: Regigigas|282/322 slp|[from] Leech Seed|[of] p2a: Jumpluff\n|upkeep\n|turn|34\n|\n|t:|1782915104\n|cant|p2a: Jumpluff|par\n|cant|p1a: Regigigas|slp\n|move|p1a: Regigigas|Sleep Talk|p1a: Regigigas\n|move|p1a: Regigigas|Rest||[from] move: Sleep Talk|[still]\n|-fail|p1a: Regigigas\n|\n|-heal|p1a: Regigigas|302/322 slp|[from] item: Leftovers\n|-damage|p1a: Regigigas|262/322 slp|[from] Leech Seed|[of] p2a: Jumpluff\n|upkeep\n|turn|35\n|\n|t:|1782915107\n|cant|p2a: Jumpluff|par\n|cant|p1a: Regigigas|slp\n|move|p1a: Regigigas|Sleep Talk|p1a: Regigigas\n|move|p1a: Regigigas|Rest||[from] move: Sleep Talk|[still]\n|-fail|p1a: Regigigas\n|\n|-heal|p1a: Regigigas|282/322 slp|[from] item: Leftovers\n|-damage|p1a: Regigigas|242/322 slp|[from] Leech Seed|[of] p2a: Jumpluff\n|-end|p1a: Regigigas|Slow Start\n|upkeep\n|turn|36\n|\n|t:|1782915112\n|-curestatus|p1a: Regigigas|slp|[msg]\n|move|p1a: Regigigas|Body Slam|p2a: Jumpluff\n|-damage|p2a: Jumpluff|177/271 par\n|cant|p2a: Jumpluff|par\n|\n|-heal|p1a: Regigigas|262/322|[from] item: Leftovers\n|-damage|p1a: Regigigas|222/322|[from] Leech Seed|[of] p2a: Jumpluff\n|-heal|p2a: Jumpluff|217/271 par|[silent]\n|upkeep\n|turn|37\n|\n|t:|1782915118\n|move|p1a: Regigigas|Body Slam|p2a: Jumpluff\n|-damage|p2a: Jumpluff|120/271 par\n|cant|p2a: Jumpluff|par\n|\n|-heal|p1a: Regigigas|242/322|[from] item: Leftovers\n|-damage|p1a: Regigigas|202/322|[from] Leech Seed|[of] p2a: Jumpluff\n|-heal|p2a: Jumpluff|160/271 par|[silent]\n|upkeep\n|turn|38\n|\n|t:|1782915120\n|move|p1a: Regigigas|Body Slam|p2a: Jumpluff\n|-damage|p2a: Jumpluff|52/271 par\n|move|p2a: Jumpluff|Strength Sap|p1a: Regigigas\n|-unboost|p1a: Regigigas|atk|1\n|-heal|p2a: Jumpluff|263/271 par\n|\n|-heal|p1a: Regigigas|222/322|[from] item: Leftovers\n|-damage|p1a: Regigigas|182/322|[from] Leech Seed|[of] p2a: Jumpluff\n|-heal|p2a: Jumpluff|271/271 par|[silent]\n|upkeep\n|turn|39\n|\n|t:|1782915122\n|move|p1a: Regigigas|Rest|p1a: Regigigas\n|-status|p1a: Regigigas|slp|[from] move: Rest\n|-heal|p1a: Regigigas|322/322 slp|[silent]\n|move|p2a: Jumpluff|Substitute|p2a: Jumpluff\n|-start|p2a: Jumpluff|Substitute\n|-damage|p2a: Jumpluff|204/271 par\n|\n|-damage|p1a: Regigigas|282/322 slp|[from] Leech Seed|[of] p2a: Jumpluff\n|-heal|p2a: Jumpluff|244/271 par|[silent]\n|upkeep\n|turn|40\n|\n|t:|1782915125\n|cant|p1a: Regigigas|slp\n|move|p1a: Regigigas|Sleep Talk|p1a: Regigigas\n|move|p1a: Regigigas|Body Slam|p2a: Jumpluff|[from] move: Sleep Talk\n|-end|p2a: Jumpluff|Substitute\n|move|p2a: Jumpluff|Acrobatics|p1a: Regigigas\n|-damage|p1a: Regigigas|212/322 slp\n|\n|-heal|p1a: Regigigas|232/322 slp|[from] item: Leftovers\n|-damage|p1a: Regigigas|192/322 slp|[from] Leech Seed|[of] p2a: Jumpluff\n|-heal|p2a: Jumpluff|271/271 par|[silent]\n|upkeep\n|turn|41\n|\n|t:|1782915128\n|cant|p1a: Regigigas|slp\n|move|p2a: Jumpluff|Strength Sap|p1a: Regigigas\n|-unboost|p1a: Regigigas|atk|1\n|\n|-heal|p1a: Regigigas|212/322 slp|[from] item: Leftovers\n|-damage|p1a: Regigigas|172/322 slp|[from] Leech Seed|[of] p2a: Jumpluff\n|upkeep\n|turn|42\n|\n|t:|1782915131\n|-curestatus|p1a: Regigigas|slp|[msg]\n|move|p1a: Regigigas|Rest|p1a: Regigigas\n|-status|p1a: Regigigas|slp|[from] move: Rest\n|-heal|p1a: Regigigas|322/322 slp|[silent]\n|cant|p2a: Jumpluff|par\n|\n|-damage|p1a: Regigigas|282/322 slp|[from] Leech Seed|[of] p2a: Jumpluff\n|upkeep\n|turn|43\n|\n|t:|1782915136\n|cant|p1a: Regigigas|slp\n|move|p1a: Regigigas|Sleep Talk|p1a: Regigigas\n|move|p1a: Regigigas|Knock Off|p2a: Jumpluff|[from] move: Sleep Talk\n|-damage|p2a: Jumpluff|242/271 par\n|move|p2a: Jumpluff|Strength Sap|p1a: Regigigas\n|-unboost|p1a: Regigigas|atk|1\n|-heal|p2a: Jumpluff|271/271 par\n|\n|-heal|p1a: Regigigas|302/322 slp|[from] item: Leftovers\n|-damage|p1a: Regigigas|262/322 slp|[from] Leech Seed|[of] p2a: Jumpluff\n|upkeep\n|turn|44\n|\n|t:|1782915140\n|cant|p1a: Regigigas|slp\n|move|p1a: Regigigas|Sleep Talk|p1a: Regigigas\n|move|p1a: Regigigas|Rest||[from] move: Sleep Talk|[still]\n|-fail|p1a: Regigigas\n|cant|p2a: Jumpluff|par\n|\n|-heal|p1a: Regigigas|282/322 slp|[from] item: Leftovers\n|-damage|p1a: Regigigas|242/322 slp|[from] Leech Seed|[of] p2a: Jumpluff\n|upkeep\n|turn|45\n|\n|t:|1782915144\n|-curestatus|p1a: Regigigas|slp|[msg]\n|move|p1a: Regigigas|Sleep Talk||[still]\n|-fail|p1a: Regigigas\n|move|p2a: Jumpluff|Strength Sap|p1a: Regigigas\n|-unboost|p1a: Regigigas|atk|1\n|\n|-heal|p1a: Regigigas|262/322|[from] item: Leftovers\n|-damage|p1a: Regigigas|222/322|[from] Leech Seed|[of] p2a: Jumpluff\n|upkeep\n|turn|46\n|\n|t:|1782915149\n|move|p1a: Regigigas|Rest|p1a: Regigigas\n|-status|p1a: Regigigas|slp|[from] move: Rest\n|-heal|p1a: Regigigas|322/322 slp|[silent]\n|move|p2a: Jumpluff|Strength Sap|p1a: Regigigas\n|-unboost|p1a: Regigigas|atk|1\n|\n|-damage|p1a: Regigigas|282/322 slp|[from] Leech Seed|[of] p2a: Jumpluff\n|upkeep\n|turn|47\n|\n|t:|1782915152\n|cant|p1a: Regigigas|slp\n|move|p1a: Regigigas|Sleep Talk|p1a: Regigigas\n|move|p1a: Regigigas|Body Slam|p2a: Jumpluff|[from] move: Sleep Talk\n|-damage|p2a: Jumpluff|228/271 par\n|move|p2a: Jumpluff|Substitute|p2a: Jumpluff\n|-start|p2a: Jumpluff|Substitute\n|-damage|p2a: Jumpluff|161/271 par\n|\n|-heal|p1a: Regigigas|302/322 slp|[from] item: Leftovers\n|-damage|p1a: Regigigas|262/322 slp|[from] Leech Seed|[of] p2a: Jumpluff\n|-heal|p2a: Jumpluff|201/271 par|[silent]\n|upkeep\n|turn|48\n|\n|t:|1782915154\n|cant|p1a: Regigigas|slp\n|move|p1a: Regigigas|Sleep Talk|p1a: Regigigas\n|move|p1a: Regigigas|Knock Off|p2a: Jumpluff|[from] move: Sleep Talk\n|-activate|p2a: Jumpluff|move: Substitute|[damage]\n|cant|p2a: Jumpluff|par\n|\n|-heal|p1a: Regigigas|282/322 slp|[from] item: Leftovers\n|-damage|p1a: Regigigas|242/322 slp|[from] Leech Seed|[of] p2a: Jumpluff\n|-heal|p2a: Jumpluff|241/271 par|[silent]\n|upkeep\n|turn|49\n|\n|t:|1782915157\n|-curestatus|p1a: Regigigas|slp|[msg]\n|move|p1a: Regigigas|Sleep Talk||[still]\n|-fail|p1a: Regigigas\n|move|p2a: Jumpluff|Acrobatics|p1a: Regigigas\n|-damage|p1a: Regigigas|175/322\n|\n|-heal|p1a: Regigigas|195/322|[from] item: Leftovers\n|-damage|p1a: Regigigas|155/322|[from] Leech Seed|[of] p2a: Jumpluff\n|-heal|p2a: Jumpluff|271/271 par|[silent]\n|upkeep\n|turn|50\n|\n|t:|1782915161\n|move|p1a: Regigigas|Rest|p1a: Regigigas\n|-status|p1a: Regigigas|slp|[from] move: Rest\n|-heal|p1a: Regigigas|322/322 slp|[silent]\n|move|p2a: Jumpluff|Acrobatics|p1a: Regigigas\n|-damage|p1a: Regigigas|247/322 slp\n|\n|-heal|p1a: Regigigas|267/322 slp|[from] item: Leftovers\n|-damage|p1a: Regigigas|227/322 slp|[from] Leech Seed|[of] p2a: Jumpluff\n|upkeep\n|turn|51\n|\n|t:|1782915163\n|cant|p1a: Regigigas|slp\n|move|p1a: Regigigas|Sleep Talk|p1a: Regigigas\n|move|p1a: Regigigas|Rest||[from] move: Sleep Talk|[still]\n|-fail|p1a: Regigigas\n|cant|p2a: Jumpluff|par\n|\n|-heal|p1a: Regigigas|247/322 slp|[from] item: Leftovers\n|-damage|p1a: Regigigas|207/322 slp|[from] Leech Seed|[of] p2a: Jumpluff\n|upkeep\n|turn|52\n|\n|t:|1782915167\n|cant|p1a: Regigigas|slp\n|move|p2a: Jumpluff|Acrobatics|p1a: Regigigas\n|-damage|p1a: Regigigas|134/322 slp\n|\n|-heal|p1a: Regigigas|154/322 slp|[from] item: Leftovers\n|-damage|p1a: Regigigas|114/322 slp|[from] Leech Seed|[of] p2a: Jumpluff\n|upkeep\n|turn|53\n|\n|t:|1782915171\n|-curestatus|p1a: Regigigas|slp|[msg]\n|move|p1a: Regigigas|Rest|p1a: Regigigas\n|-status|p1a: Regigigas|slp|[from] move: Rest\n|-heal|p1a: Regigigas|322/322 slp|[silent]\n|move|p2a: Jumpluff|Acrobatics|p1a: Regigigas\n|-damage|p1a: Regigigas|249/322 slp\n|\n|-heal|p1a: Regigigas|269/322 slp|[from] item: Leftovers\n|-damage|p1a: Regigigas|229/322 slp|[from] Leech Seed|[of] p2a: Jumpluff\n|upkeep\n|turn|54\n|\n|t:|1782915176\n|cant|p1a: Regigigas|slp\n|move|p1a: Regigigas|Sleep Talk|p1a: Regigigas\n|move|p1a: Regigigas|Knock Off|p2a: Jumpluff|[from] move: Sleep Talk\n|-activate|p2a: Jumpluff|move: Substitute|[damage]\n|move|p2a: Jumpluff|Acrobatics|p1a: Regigigas\n|-damage|p1a: Regigigas|159/322 slp\n|\n|-heal|p1a: Regigigas|179/322 slp|[from] item: Leftovers\n|-damage|p1a: Regigigas|139/322 slp|[from] Leech Seed|[of] p2a: Jumpluff\n|upkeep\n|turn|55\n|\n|t:|1782915177\n|cant|p1a: Regigigas|slp\n|move|p2a: Jumpluff|Acrobatics|p1a: Regigigas\n|-damage|p1a: Regigigas|75/322 slp\n|\n|-heal|p1a: Regigigas|95/322 slp|[from] item: Leftovers\n|-damage|p1a: Regigigas|55/322 slp|[from] Leech Seed|[of] p2a: Jumpluff\n|upkeep\n|turn|56\n|\n|t:|1782915181\n|-curestatus|p1a: Regigigas|slp|[msg]\n|move|p1a: Regigigas|Rest|p1a: Regigigas\n|-status|p1a: Regigigas|slp|[from] move: Rest\n|-heal|p1a: Regigigas|322/322 slp|[silent]\n|move|p2a: Jumpluff|Acrobatics|p1a: Regigigas\n|-damage|p1a: Regigigas|252/322 slp\n|\n|-heal|p1a: Regigigas|272/322 slp|[from] item: Leftovers\n|-damage|p1a: Regigigas|232/322 slp|[from] Leech Seed|[of] p2a: Jumpluff\n|upkeep\n|turn|57\n|\n|t:|1782915185\n|cant|p1a: Regigigas|slp\n|move|p1a: Regigigas|Sleep Talk|p1a: Regigigas\n|move|p1a: Regigigas|Knock Off|p2a: Jumpluff|[from] move: Sleep Talk\n|-activate|p2a: Jumpluff|move: Substitute|[damage]\n|move|p2a: Jumpluff|Acrobatics|p1a: Regigigas\n|-damage|p1a: Regigigas|163/322 slp\n|\n|-heal|p1a: Regigigas|183/322 slp|[from] item: Leftovers\n|-damage|p1a: Regigigas|143/322 slp|[from] Leech Seed|[of] p2a: Jumpluff\n|upkeep\n|turn|58\n|\n|t:|1782915191\n|cant|p1a: Regigigas|slp\n|move|p1a: Regigigas|Sleep Talk|p1a: Regigigas\n|move|p1a: Regigigas|Knock Off|p2a: Jumpluff|[from] move: Sleep Talk\n|-end|p2a: Jumpluff|Substitute\n|move|p2a: Jumpluff|Acrobatics|p1a: Regigigas\n|-damage|p1a: Regigigas|70/322 slp\n|\n|-heal|p1a: Regigigas|90/322 slp|[from] item: Leftovers\n|-damage|p1a: Regigigas|50/322 slp|[from] Leech Seed|[of] p2a: Jumpluff\n|upkeep\n|turn|59\n|\n|t:|1782915195\n|-curestatus|p1a: Regigigas|slp|[msg]\n|move|p1a: Regigigas|Knock Off|p2a: Jumpluff\n|-damage|p2a: Jumpluff|251/271 par\n|cant|p2a: Jumpluff|par\n|\n|-heal|p1a: Regigigas|70/322|[from] item: Leftovers\n|-damage|p1a: Regigigas|30/322|[from] Leech Seed|[of] p2a: Jumpluff\n|-heal|p2a: Jumpluff|271/271 par|[silent]\n|upkeep\n|turn|60\n|\n|t:|1782915200\n|move|p1a: Regigigas|Knock Off|p2a: Jumpluff\n|-damage|p2a: Jumpluff|250/271 par\n|move|p2a: Jumpluff|Strength Sap||[still]\n|-fail|p2a: Jumpluff\n|\n|-heal|p1a: Regigigas|50/322|[from] item: Leftovers\n|-damage|p1a: Regigigas|10/322|[from] Leech Seed|[of] p2a: Jumpluff\n|-heal|p2a: Jumpluff|271/271 par|[silent]\n|upkeep\n|turn|61\n|\n|t:|1782915202\n|move|p1a: Regigigas|Knock Off|p2a: Jumpluff\n|-damage|p2a: Jumpluff|251/271 par\n|move|p2a: Jumpluff|Strength Sap||[still]\n|-fail|p2a: Jumpluff\n|\n|-heal|p1a: Regigigas|30/322|[from] item: Leftovers\n|-damage|p1a: Regigigas|0 fnt|[from] Leech Seed|[of] p2a: Jumpluff\n|-heal|p2a: Jumpluff|271/271 par|[silent]\n|faint|p1a: Regigigas\n|-end|p1a: Regigigas|Slow Start|[silent]\n|\n|win|requin12\n|raw|jnpr010334's rating: 1923 &rarr; <strong>1903</strong><br />(-20 for losing)\n|raw|requin12's rating: 1917 &rarr; <strong>1937</strong><br />(+20 for winning)\n", "inputlog": ">version f8ac14003a5f27e1bdc8d8c59608a773c1cb96e5\n>start {\"formatid\":\"gen9randombattle\",\"seed\":\"sodium,4534933f19e3023bdf038b0d38c5edff\",\"rated\":\"Rated battle\"}\n>player p1 {\"name\":\"jnpr010334\",\"avatar\":\"265\",\"rating\":1938,\"seed\":\"sodium,72306cbb91a3e1fdc25526b20fbe0952\"}\n>player p2 {\"name\":\"requin12\",\"avatar\":\"fisherman-gen4\",\"rating\":1917,\"seed\":\"sodium,33a98ded7784073d7abb9d2e6c427d8d\"}\n>p1 move steameruption\n>p2 move stompingtantrum\n>p1 switch 3\n>p2 move stompingtantrum\n>p1 move uturn\n>p2 switch 3\n>p1 switch 6\n>p1 move swordsdance\n>p2 move thunderwave\n>p1 move meteormash\n>p2 move spiritbreak\n>p2 switch 3\n>p1 move extremespeed\n>p2 move stompingtantrum\n>p2 switch 2\n>p1 move meteormash\n>p2 move acrobatics\n>p1 switch 5\n>p1 move dragondance terastallize\n>p2 move leechseed\n>p1 move ironhead\n>p2 move strengthsap\n>p1 move ironhead\n>p2 switch 5\n>p1 move outrage\n>p2 move recover\n>p1 move outrage\n>p2 move recover terastallize\n>p1 switch 4\n>p2 move icebeam\n>p1 move wavecrash\n>p2 switch 6\n>p1 move wavecrash\n>p2 move stickyweb\n>p2 switch 4\n>p1 move aquajet\n>p2 move knockoff\n>p1 switch 6\n>p1 move closecombat\n>p2 move tripleaxel\n>p2 switch 5\n>p1 move dualwingbeat\n>p2 move acrobatics\n>p1 switch 2\n>p1 move bodyslam\n>p2 move leechseed\n>p1 move bodyslam\n>p2 move strengthsap\n>p1 switch 3\n>p2 move substitute\n>p1 move flamecharge\n>p2 move acrobatics\n>p1 move flamethrower\n>p2 move acrobatics\n>p1 switch 3\n>p1 move bodyslam\n>p2 move leechseed\n>p1 move bodyslam\n>p2 move substitute\n>p1 move bodyslam\n>p2 move strengthsap\n>p1 move rest\n>p2 move substitute\n>p1 move sleeptalk\n>p2 switch 6\n>p1 move sleeptalk\n>p2 move calmmind\n>p1 switch 4\n>p2 move judgment\n>p1 switch 4\n>p1 move sleeptalk\n>p2 switch 6\n>p1 move bodyslam\n>p2 move leechseed\n>p1 move rest\n>p2 move strengthsap\n>p1 move sleeptalk\n>p2 move substitute\n>p1 move sleeptalk\n>p2 move substitute\n>p1 move bodyslam\n>p2 move substitute\n>p1 move bodyslam\n>p2 move strengthsap\n>p1 move bodyslam\n>p2 move strengthsap\n>p1 move rest\n>p2 move substitute\n>p1 move sleeptalk\n>p2 move acrobatics\n>p1 move rest\n>p2 move strengthsap\n>p1 move rest\n>p2 move strengthsap\n>p1 move sleeptalk\n>p2 move strengthsap\n>p1 move sleeptalk\n>p2 move strengthsap\n>p1 move sleeptalk\n>p2 move strengthsap\n>p1 move rest\n>p2 move strengthsap\n>p1 move sleeptalk\n>p2 move substitute\n>p1 move sleeptalk\n>p2 move acrobatics\n>p1 move sleeptalk\n>p2 move acrobatics\n>p1 move rest\n>p2 move acrobatics\n>p1 move sleeptalk\n>p2 move acrobatics\n>p1 move rest\n>p2 move acrobatics\n>p1 move rest\n>p2 move acrobatics\n>p1 move sleeptalk\n>p2 move acrobatics\n>p1 move rest\n>p2 move acrobatics\n>p1 move rest\n>p2 move acrobatics\n>p1 move sleeptalk\n>p2 move acrobatics\n>p1 move sleeptalk\n>p2 move acrobatics\n>p1 move knockoff\n>p2 move strengthsap\n>p1 move knockoff\n>p2 move strengthsap\n>p1 move knockoff\n>p2 move strengthsap", "uploadtime": 1782915208, "views": 3, "formatid": "gen9randombattle", "rating": 1903, "private": 0, "password": null, "player_dets": [{"name": "jnpr010334", "avatar": "265", "rating": 1938, "seed": "sodium,72306cbb91a3e1fdc25526b20fbe0952"}, {"name": "requin12", "avatar": "fisherman-gen4", "rating": 1917, "seed": "sodium,33a98ded7784073d7abb9d2e6c427d8d"}], "teams_full": [{"Volcanion": {"name": "Volcanion", "species": "Volcanion", "speciesId": "volcanion", "gender": "N", "shiny": false, "level": 79, "moves": ["earthpower", "flamethrower", "flamecharge", "steameruption"], "ability": "Water Absorb", "evs": {"hp": 81, "atk": 85, "def": 85, "spa": 85, "spd": 85, "spe": 85}, "ivs": {"hp": 31, "atk": 31, "def": 31, "spa": 31, "spd": 31, "spe": 31}, "item": "Assault Vest", "teraType": "Ground", "role": "Bulky Attacker", "bvs": {"hp": 80, "atk": 110, "def": 120, "spa": 130, "spd": 90, "spe": 70}, "stats": {"hp": 255, "atk": 219, "def": 235, "spa": 251, "spd": 188, "spe": 156}, "types": ["Fire", "Water"]}, "Regigigas": {"name": "Regigigas", "species": "Regigigas", "speciesId": "regigigas", "gender": "N", "shiny": false, "level": 84, "moves": ["knockoff", "rest", "sleeptalk", "bodyslam"], "ability": "Slow Start", "evs": {"hp": 85, "atk": 85, "def": 85, "spa": 85, "spd": 85, "spe": 85}, "ivs": {"hp": 31, "atk": 31, "def": 31, "spa": 31, "spd": 31, "spe": 31}, "item": "Leftovers", "teraType": "Ghost", "role": "Bulky Support", "bvs": {"hp": 110, "atk": 160, "def": 110, "spa": 80, "spd": 110, "spe": 100}, "stats": {"hp": 322, "atk": 317, "def": 233, "spa": 183, "spd": 233, "spe": 216}, "types": ["Normal"]}, "Scyther": {"name": "Scyther", "species": "Scyther", "speciesId": "scyther", "gender": "M", "shiny": false, "level": 82, "moves": ["dualwingbeat", "defog", "uturn", "closecombat"], "ability": "Technician", "evs": {"hp": 85, "atk": 85, "def": 85, "spa": 85, "spd": 85, "spe": 85}, "ivs": {"hp": 31, "atk": 31, "def": 31, "spa": 31, "spd": 31, "spe": 31}, "item": "Heavy-Duty Boots", "teraType": "Fighting", "role": "Fast Support", "bvs": {"hp": 70, "atk": 110, "def": 80, "spa": 55, "spd": 80, "spe": 105}, "stats": {"hp": 249, "atk": 228, "def": 178, "spa": 137, "spd": 178, "spe": 219}, "types": ["Bug", "Flying"]}, "Basculegion": {"name": "Basculegion", "species": "Basculegion", "speciesId": "basculegion", "gender": "M", "shiny": false, "level": 80, "moves": ["flipturn", "wavecrash", "shadowball", "aquajet"], "ability": "Adaptability", "evs": {"hp": 85, "atk": 85, "def": 85, "spa": 85, "spd": 85, "spe": 85}, "ivs": {"hp": 31, "atk": 31, "def": 31, "spa": 31, "spd": 31, "spe": 31}, "item": "Assault Vest", "teraType": "Water", "role": "AV Pivot", "bvs": {"hp": 120, "atk": 112, "def": 65, "spa": 80, "spd": 75, "spe": 78}, "stats": {"hp": 323, "atk": 225, "def": 150, "spa": 174, "spd": 166, "spe": 171}, "types": ["Water", "Ghost"]}, "Roaring Moon": {"name": "Roaring Moon", "species": "Roaring Moon", "speciesId": "roaringmoon", "gender": "N", "shiny": false, "level": 72, "moves": ["ironhead", "outrage", "knockoff", "dragondance"], "ability": "Protosynthesis", "evs": {"hp": 85, "atk": 85, "def": 85, "spa": 85, "spd": 85, "spe": 85}, "ivs": {"hp": 31, "atk": 31, "def": 31, "spa": 31, "spd": 31, "spe": 31}, "item": "Booster Energy", "teraType": "Steel", "role": "Fast Bulky Setup", "bvs": {"hp": 105, "atk": 139, "def": 71, "spa": 55, "spd": 101, "spe": 119}, "stats": {"hp": 270, "atk": 242, "def": 144, "spa": 121, "spd": 187, "spe": 213}, "types": ["Dragon", "Dark"]}, "Lucario": {"name": "Lucario", "species": "Lucario", "speciesId": "lucario", "gender": "F", "shiny": false, "level": 84, "moves": ["extremespeed", "meteormash", "swordsdance", "closecombat"], "ability": "Justified", "evs": {"hp": 85, "atk": 85, "def": 85, "spa": 85, "spd": 85, "spe": 85}, "ivs": {"hp": 31, "atk": 31, "def": 31, "spa": 31, "spd": 31, "spe": 31}, "item": "Life Orb", "teraType": "Normal", "role": "Fast Attacker", "bvs": {"hp": 70, "atk": 110, "def": 70, "spa": 115, "spd": 70, "spe": 90}, "stats": {"hp": 255, "atk": 233, "def": 166, "spa": 241, "spd": 166, "spe": 199}, "types": ["Fighting", "Steel"]}}, {"Wugtrio": {"name": "Wugtrio", "species": "Wugtrio", "speciesId": "wugtrio", "gender": "F", "shiny": false, "level": 91, "moves": ["aquajet", "throatchop", "stompingtantrum", "liquidation"], "ability": "Gooey", "evs": {"hp": 85, "atk": 85, "def": 85, "spa": 85, "spd": 85, "spe": 85}, "ivs": {"hp": 31, "atk": 31, "def": 31, "spa": 31, "spd": 31, "spe": 31}, "item": "Choice Band", "teraType": "Ground", "role": "Fast Attacker", "bvs": {"hp": 35, "atk": 100, "def": 50, "spa": 50, "spd": 70, "spe": 120}, "stats": {"hp": 212, "atk": 234, "def": 143, "spa": 143, "spd": 179, "spe": 270}, "types": ["Water"]}, "Jumpluff": {"name": "Jumpluff", "species": "Jumpluff", "speciesId": "jumpluff", "gender": "F", "shiny": false, "level": 87, "moves": ["acrobatics", "substitute", "strengthsap", "leechseed"], "ability": "Infiltrator", "evs": {"hp": 81, "atk": 85, "def": 85, "spa": 85, "spd": 85, "spe": 85}, "ivs": {"hp": 31, "atk": 31, "def": 31, "spa": 31, "spd": 31, "spe": 31}, "item": "", "teraType": "Steel", "role": "Bulky Support", "bvs": {"hp": 75, "atk": 55, "def": 70, "spa": 55, "spd": 95, "spe": 110}, "stats": {"hp": 271, "atk": 145, "def": 172, "spa": 145, "spd": 215, "spe": 241}, "types": ["Grass", "Flying"]}, "Grimmsnarl": {"name": "Grimmsnarl", "species": "Grimmsnarl", "speciesId": "grimmsnarl", "gender": "M", "shiny": false, "level": 83, "moves": ["spiritbreak", "thunderwave", "taunt", "suckerpunch"], "ability": "Prankster", "evs": {"hp": 85, "atk": 85, "def": 85, "spa": 85, "spd": 85, "spe": 85}, "ivs": {"hp": 31, "atk": 31, "def": 31, "spa": 31, "spd": 31, "spe": 31}, "item": "Leftovers", "teraType": "Poison", "role": "Bulky Attacker", "bvs": {"hp": 95, "atk": 120, "def": 65, "spa": 95, "spd": 75, "spe": 60}, "stats": {"hp": 293, "atk": 247, "def": 156, "spa": 205, "spd": 172, "spe": 147}, "types": ["Dark", "Fairy"]}, "Weavile": {"name": "Weavile", "species": "Weavile", "speciesId": "weavile", "gender": "M", "shiny": false, "level": 79, "moves": ["swordsdance", "knockoff", "iceshard", "tripleaxel"], "ability": "Pickpocket", "evs": {"hp": 85, "atk": 85, "def": 85, "spa": 85, "spd": 85, "spe": 85}, "ivs": {"hp": 31, "atk": 31, "def": 31, "spa": 31, "spd": 31, "spe": 31}, "item": "Heavy-Duty Boots", "teraType": "Dark", "role": "Fast Attacker", "bvs": {"hp": 70, "atk": 120, "def": 65, "spa": 45, "spd": 85, "spe": 125}, "stats": {"hp": 240, "atk": 235, "def": 148, "spa": 117, "spd": 180, "spe": 243}, "types": ["Dark", "Ice"]}, "Arceus": {"name": "Arceus", "species": "Arceus-Water", "speciesId": "arceuswater", "gender": "N", "shiny": false, "level": 71, "moves": ["recover", "calmmind", "icebeam", "judgment"], "ability": "Multitype", "evs": {"hp": 85, "atk": 0, "def": 85, "spa": 85, "spd": 85, "spe": 85}, "ivs": {"hp": 31, "atk": 0, "def": 31, "spa": 31, "spd": 31, "spe": 31}, "item": "Splash Plate", "teraType": "Steel", "role": "Bulky Support", "bvs": {"hp": 120, "atk": 120, "def": 120, "spa": 120, "spd": 120, "spe": 120}, "stats": {"hp": 288, "atk": 175, "def": 212, "spa": 212, "spd": 212, "spe": 212}, "types": ["Water"]}, "Kricketune": {"name": "Kricketune", "species": "Kricketune", "speciesId": "kricketune", "gender": "M", "shiny": false, "level": 99, "moves": ["stickyweb", "knockoff", "pounce", "taunt"], "ability": "Technician", "evs": {"hp": 85, "atk": 85, "def": 85, "spa": 85, "spd": 85, "spe": 85}, "ivs": {"hp": 31, "atk": 31, "def": 31, "spa": 31, "spd": 31, "spe": 31}, "item": "Heavy-Duty Boots", "teraType": "Ghost", "role": "Fast Support", "bvs": {"hp": 77, "atk": 85, "def": 51, "spa": 55, "spd": 51, "spe": 65}, "stats": {"hp": 312, "atk": 224, "def": 157, "spa": 165, "spd": 157, "spe": 185}, "types": ["Bug"]}}]}