{"id": "gen9randombattle-2641805072", "format": "[Gen 9] Random Battle", "players": ["Zuhhh", "wacholoko"], "log": "|j|\u2606Zuhhh\n|j|\u203dwacholoko\n|t:|1782843983\n|gametype|singles\n|player|p1|Zuhhh|265|2009\n|player|p2|wacholoko|102|1936\n|gen|9\n|tier|[Gen 9] Random Battle\n|rated|\n|rule|Species Clause: Limit one of each Pok\u00e9mon\n|rule|HP Percentage Mod: HP is shown in percentages\n|rule|Sleep Clause Mod: Limit one foe put to sleep\n|rule|Illusion Level Mod: Illusion disguises the Pok\u00e9mon's true level\n|\n|t:|1782843983\n|teamsize|p1|6\n|teamsize|p2|6\n|start\n|switch|p1a: Palkia|Palkia-Origin, L72|249/249\n|switch|p2a: Volbeat|Volbeat, L90, M|263/263\n|-ability|p1a: Palkia|Pressure\n|turn|1\n|inactive|Battle timer is ON: inactive players will automatically lose when time's up. (requested by Zuhhh)\n|inactive|Zuhhh has 120 seconds left.\n|\n|t:|1782844014\n|move|p1a: Palkia|Fire Blast|p2a: Volbeat\n|-supereffective|p2a: Volbeat\n|-damage|p2a: Volbeat|105/263\n|move|p2a: Volbeat|Lunge|p1a: Palkia\n|-damage|p1a: Palkia|171/249\n|-unboost|p1a: Palkia|atk|1\n|\n|upkeep\n|turn|2\n|\n|t:|1782844029\n|move|p2a: Volbeat|Roost|p2a: Volbeat\n|-heal|p2a: Volbeat|237/263\n|-singleturn|p2a: Volbeat|move: Roost\n|move|p1a: Palkia|Fire Blast|p2a: Volbeat\n|-supereffective|p2a: Volbeat\n|-damage|p2a: Volbeat|79/263\n|\n|upkeep\n|turn|3\n|\n|t:|1782844041\n|move|p2a: Volbeat|Roost|p2a: Volbeat\n|-heal|p2a: Volbeat|211/263\n|-singleturn|p2a: Volbeat|move: Roost\n|move|p1a: Palkia|Fire Blast|p2a: Volbeat\n|-supereffective|p2a: Volbeat\n|-damage|p2a: Volbeat|59/263\n|\n|upkeep\n|turn|4\n|\n|t:|1782844048\n|move|p2a: Volbeat|Thunder Wave|p1a: Palkia\n|-status|p1a: Palkia|par\n|move|p1a: Palkia|Fire Blast|p2a: Volbeat\n|-supereffective|p2a: Volbeat\n|-damage|p2a: Volbeat|0 fnt\n|faint|p2a: Volbeat\n|\n|upkeep\n|\n|t:|1782844054\n|switch|p2a: Florges|Florges-White, L85, F|271/271\n|turn|5\n|\n|t:|1782844069\n|switch|p1a: Tsareena|Tsareena, L87, F|267/267\n|move|p2a: Florges|Calm Mind|p2a: Florges\n|-boost|p2a: Florges|spa|1\n|-boost|p2a: Florges|spd|1\n|\n|upkeep\n|turn|6\n|\n|t:|1782844082\n|move|p2a: Florges|Moonblast|p1a: Tsareena\n|-damage|p1a: Tsareena|168/267\n|-unboost|p1a: Tsareena|spa|1\n|move|p1a: Tsareena|Rapid Spin|p2a: Florges\n|-damage|p2a: Florges|222/271\n|-boost|p1a: Tsareena|spe|1\n|\n|-heal|p2a: Florges|238/271|[from] item: Leftovers\n|upkeep\n|turn|7\n|\n|t:|1782844095\n|move|p1a: Tsareena|Power Whip|p2a: Florges\n|-damage|p2a: Florges|42/271\n|move|p2a: Florges|Moonblast|p1a: Tsareena\n|-damage|p1a: Tsareena|68/267\n|\n|-heal|p2a: Florges|58/271|[from] item: Leftovers\n|upkeep\n|turn|8\n|\n|t:|1782844105\n|move|p1a: Tsareena|Power Whip|p2a: Florges|[miss]\n|-miss|p1a: Tsareena|p2a: Florges\n|move|p2a: Florges|Moonblast|p1a: Tsareena\n|-damage|p1a: Tsareena|0 fnt\n|faint|p1a: Tsareena\n|\n|-heal|p2a: Florges|74/271|[from] item: Leftovers\n|upkeep\n|\n|t:|1782844118\n|switch|p1a: Stonjourner|Stonjourner, L91, M|330/330\n|turn|9\n|\n|t:|1782844132\n|move|p1a: Stonjourner|Heat Crash|p2a: Florges\n|-damage|p2a: Florges|0 fnt\n|faint|p2a: Florges\n|-damage|p1a: Stonjourner|297/330|[from] item: Life Orb\n|\n|upkeep\n|\n|t:|1782844135\n|switch|p2a: Golduck|Golduck, L90, M|290/290\n|-ability|p2a: Golduck|Cloud Nine\n|turn|10\n|\n|t:|1782844144\n|switch|p1a: Palkia|Palkia-Origin, L72|171/249 par\n|-ability|p1a: Palkia|Pressure\n|move|p2a: Golduck|Grass Knot|p1a: Palkia\n|-damage|p1a: Palkia|54/249 par\n|-damage|p2a: Golduck|261/290|[from] item: Life Orb\n|\n|upkeep\n|turn|11\n|\n|t:|1782844151\n|move|p2a: Golduck|Grass Knot|p1a: Palkia\n|-damage|p1a: Palkia|0 fnt\n|faint|p1a: Palkia\n|-damage|p2a: Golduck|232/290|[from] item: Life Orb\n|\n|upkeep\n|\n|t:|1782844162\n|switch|p1a: Brute Bonnet|Brute Bonnet, L80|309/309\n|turn|12\n|\n|t:|1782844175\n|switch|p2a: Vigoroth|Vigoroth, L85, M|275/275\n|move|p1a: Brute Bonnet|Spore|p2a: Vigoroth\n|-immune|p2a: Vigoroth|[from] ability: Vital Spirit\n|\n|upkeep\n|turn|13\n|\n|t:|1782844185\n|-end|p1a: Brute Bonnet|Protosynthesis|[silent]\n|switch|p1a: Passimian|Passimian, L83, F|302/302\n|move|p2a: Vigoroth|Bulk Up|p2a: Vigoroth\n|-boost|p2a: Vigoroth|atk|1\n|-boost|p2a: Vigoroth|def|1\n|\n|upkeep\n|turn|14\n|\n|t:|1782844196\n|move|p2a: Vigoroth|Knock Off|p1a: Passimian\n|-resisted|p1a: Passimian\n|-damage|p1a: Passimian|258/302\n|-enditem|p1a: Passimian|Leftovers|[from] move: Knock Off|[of] p2a: Vigoroth\n|move|p1a: Passimian|Bulk Up|p1a: Passimian\n|-boost|p1a: Passimian|atk|1\n|-boost|p1a: Passimian|def|1\n|\n|upkeep\n|turn|15\n|\n|t:|1782844203\n|move|p2a: Vigoroth|Body Slam|p1a: Passimian\n|-damage|p1a: Passimian|182/302\n|-status|p1a: Passimian|par\n|move|p1a: Passimian|Knock Off|p2a: Vigoroth\n|-damage|p2a: Vigoroth|220/275\n|-enditem|p2a: Vigoroth|Eviolite|[from] move: Knock Off|[of] p1a: Passimian\n|\n|upkeep\n|turn|16\n|\n|t:|1782844229\n|move|p2a: Vigoroth|Bulk Up|p2a: Vigoroth\n|-boost|p2a: Vigoroth|atk|1\n|-boost|p2a: Vigoroth|def|1\n|move|p1a: Passimian|Drain Punch|p2a: Vigoroth\n|-supereffective|p2a: Vigoroth\n|-damage|p2a: Vigoroth|74/275\n|-heal|p1a: Passimian|255/302 par|[from] drain|[of] p2a: Vigoroth\n|\n|upkeep\n|turn|17\n|\n|t:|1782844237\n|move|p2a: Vigoroth|Slack Off|p2a: Vigoroth\n|-heal|p2a: Vigoroth|212/275\n|cant|p1a: Passimian|par\n|\n|upkeep\n|turn|18\n|\n|t:|1782844243\n|move|p2a: Vigoroth|Bulk Up|p2a: Vigoroth\n|-boost|p2a: Vigoroth|atk|1\n|-boost|p2a: Vigoroth|def|1\n|move|p1a: Passimian|Bulk Up|p1a: Passimian\n|-boost|p1a: Passimian|atk|1\n|-boost|p1a: Passimian|def|1\n|\n|upkeep\n|turn|19\n|\n|t:|1782844250\n|move|p2a: Vigoroth|Body Slam|p1a: Passimian\n|-damage|p1a: Passimian|162/302 par\n|move|p1a: Passimian|Drain Punch|p2a: Vigoroth\n|-supereffective|p2a: Vigoroth\n|-damage|p2a: Vigoroth|66/275\n|-heal|p1a: Passimian|235/302 par|[from] drain|[of] p2a: Vigoroth\n|\n|upkeep\n|turn|20\n|\n|t:|1782844264\n|-terastallize|p2a: Vigoroth|Ghost\n|move|p2a: Vigoroth|Bulk Up|p2a: Vigoroth\n|-boost|p2a: Vigoroth|atk|1\n|-boost|p2a: Vigoroth|def|1\n|cant|p1a: Passimian|par\n|\n|upkeep\n|turn|21\n|\n|t:|1782844271\n|move|p2a: Vigoroth|Slack Off|p2a: Vigoroth\n|-heal|p2a: Vigoroth|204/275\n|move|p1a: Passimian|Knock Off|p2a: Vigoroth\n|-supereffective|p2a: Vigoroth\n|-damage|p2a: Vigoroth|128/275\n|\n|upkeep\n|turn|22\n|\n|t:|1782844277\n|move|p2a: Vigoroth|Slack Off|p2a: Vigoroth\n|-heal|p2a: Vigoroth|266/275\n|move|p1a: Passimian|Bulk Up|p1a: Passimian\n|-boost|p1a: Passimian|atk|1\n|-boost|p1a: Passimian|def|1\n|\n|upkeep\n|turn|23\n|\n|t:|1782844284\n|move|p2a: Vigoroth|Bulk Up|p2a: Vigoroth\n|-boost|p2a: Vigoroth|atk|1\n|-boost|p2a: Vigoroth|def|1\n|move|p1a: Passimian|Gunk Shot|p2a: Vigoroth\n|-resisted|p2a: Vigoroth\n|-damage|p2a: Vigoroth|225/275\n|\n|upkeep\n|turn|24\n|\n|t:|1782844291\n|move|p2a: Vigoroth|Body Slam|p1a: Passimian\n|-damage|p1a: Passimian|120/302 par\n|cant|p1a: Passimian|par\n|\n|upkeep\n|turn|25\n|\n|t:|1782844295\n|move|p2a: Vigoroth|Body Slam|p1a: Passimian\n|-damage|p1a: Passimian|6/302 par\n|move|p1a: Passimian|Gunk Shot|p2a: Vigoroth|[miss]\n|-miss|p1a: Passimian|p2a: Vigoroth\n|\n|upkeep\n|turn|26\n|\n|t:|1782844301\n|move|p2a: Vigoroth|Knock Off|p1a: Passimian\n|-resisted|p1a: Passimian\n|-crit|p1a: Passimian\n|-damage|p1a: Passimian|0 fnt\n|faint|p1a: Passimian\n|\n|upkeep\n|\n|t:|1782844312\n|switch|p1a: Diancie|Diancie, L82|216/216\n|turn|27\n|\n|t:|1782844322\n|move|p2a: Vigoroth|Body Slam|p1a: Diancie\n|-resisted|p1a: Diancie\n|-damage|p1a: Diancie|124/216\n|move|p1a: Diancie|Calm Mind|p1a: Diancie\n|-boost|p1a: Diancie|spa|1\n|-boost|p1a: Diancie|spd|1\n|\n|-heal|p1a: Diancie|137/216|[from] item: Leftovers\n|upkeep\n|turn|28\n|\n|t:|1782844329\n|move|p2a: Vigoroth|Body Slam|p1a: Diancie\n|-resisted|p1a: Diancie\n|-damage|p1a: Diancie|38/216\n|move|p1a: Diancie|Draining Kiss|p2a: Vigoroth\n|-damage|p2a: Vigoroth|128/275\n|-heal|p1a: Diancie|111/216|[from] drain|[of] p2a: Vigoroth\n|\n|-heal|p1a: Diancie|124/216|[from] item: Leftovers\n|upkeep\n|turn|29\n|\n|t:|1782844337\n|move|p2a: Vigoroth|Body Slam|p1a: Diancie\n|-resisted|p1a: Diancie\n|-damage|p1a: Diancie|32/216\n|move|p1a: Diancie|Draining Kiss|p2a: Vigoroth\n|-damage|p2a: Vigoroth|19/275\n|-heal|p1a: Diancie|114/216|[from] drain|[of] p2a: Vigoroth\n|\n|-heal|p1a: Diancie|127/216|[from] item: Leftovers\n|upkeep\n|turn|30\n|\n|t:|1782844345\n|move|p2a: Vigoroth|Body Slam|p1a: Diancie\n|-resisted|p1a: Diancie\n|-damage|p1a: Diancie|37/216\n|move|p1a: Diancie|Draining Kiss|p2a: Vigoroth\n|-damage|p2a: Vigoroth|0 fnt\n|-heal|p1a: Diancie|51/216|[from] drain|[of] p2a: Vigoroth\n|faint|p2a: Vigoroth\n|\n|-heal|p1a: Diancie|64/216|[from] item: Leftovers\n|upkeep\n|\n|t:|1782844359\n|switch|p2a: Golduck|Golduck, L90, M|232/290\n|-ability|p2a: Golduck|Cloud Nine\n|turn|31\n|\n|t:|1782844364\n|-terastallize|p1a: Diancie|Fairy\n|move|p2a: Golduck|Nasty Plot|p2a: Golduck\n|-boost|p2a: Golduck|spa|2\n|move|p1a: Diancie|Draining Kiss|p2a: Golduck\n|-damage|p2a: Golduck|114/290\n|-heal|p1a: Diancie|153/216|[from] drain|[of] p2a: Golduck\n|\n|-heal|p1a: Diancie|166/216|[from] item: Leftovers\n|upkeep\n|turn|32\n|\n|t:|1782844372\n|move|p2a: Golduck|Hydro Pump|p1a: Diancie\n|-damage|p1a: Diancie|1/216\n|-damage|p2a: Golduck|85/290|[from] item: Life Orb\n|move|p1a: Diancie|Draining Kiss|p2a: Golduck\n|-damage|p2a: Golduck|0 fnt\n|-heal|p1a: Diancie|65/216|[from] drain|[of] p2a: Golduck\n|faint|p2a: Golduck\n|\n|-heal|p1a: Diancie|78/216|[from] item: Leftovers\n|upkeep\n|\n|t:|1782844379\n|switch|p2a: Cresselia|Cresselia, L80, F|323/323\n|turn|33\n|\n|t:|1782844384\n|move|p2a: Cresselia|Calm Mind|p2a: Cresselia\n|-boost|p2a: Cresselia|spa|1\n|-boost|p2a: Cresselia|spd|1\n|move|p1a: Diancie|Draining Kiss|p2a: Cresselia\n|-damage|p2a: Cresselia|251/323\n|-heal|p1a: Diancie|132/216|[from] drain|[of] p2a: Cresselia\n|\n|-heal|p2a: Cresselia|271/323|[from] item: Leftovers\n|-heal|p1a: Diancie|145/216|[from] item: Leftovers\n|upkeep\n|turn|34\n|\n|t:|1782844393\n|move|p2a: Cresselia|Calm Mind|p2a: Cresselia\n|-boost|p2a: Cresselia|spa|1\n|-boost|p2a: Cresselia|spd|1\n|move|p1a: Diancie|Calm Mind|p1a: Diancie\n|-boost|p1a: Diancie|spa|1\n|-boost|p1a: Diancie|spd|1\n|\n|-heal|p2a: Cresselia|291/323|[from] item: Leftovers\n|-heal|p1a: Diancie|158/216|[from] item: Leftovers\n|upkeep\n|turn|35\n|\n|t:|1782844401\n|move|p2a: Cresselia|Calm Mind|p2a: Cresselia\n|-boost|p2a: Cresselia|spa|1\n|-boost|p2a: Cresselia|spd|1\n|move|p1a: Diancie|Diamond Storm|p2a: Cresselia\n|-damage|p2a: Cresselia|192/323\n|-boost|p1a: Diancie|def|2\n|\n|-heal|p2a: Cresselia|212/323|[from] item: Leftovers\n|-heal|p1a: Diancie|171/216|[from] item: Leftovers\n|upkeep\n|turn|36\n|\n|t:|1782844410\n|move|p2a: Cresselia|Psyshock|p1a: Diancie\n|-damage|p1a: Diancie|114/216\n|move|p1a: Diancie|Diamond Storm|p2a: Cresselia\n|-damage|p2a: Cresselia|122/323\n|-boost|p1a: Diancie|def|2\n|\n|-heal|p2a: Cresselia|142/323|[from] item: Leftovers\n|-heal|p1a: Diancie|127/216|[from] item: Leftovers\n|upkeep\n|turn|37\n|\n|t:|1782844418\n|move|p2a: Cresselia|Moonlight|p2a: Cresselia\n|-heal|p2a: Cresselia|303/323\n|move|p1a: Diancie|Calm Mind|p1a: Diancie\n|-boost|p1a: Diancie|spa|1\n|-boost|p1a: Diancie|spd|1\n|\n|-heal|p2a: Cresselia|323/323|[from] item: Leftovers\n|-heal|p1a: Diancie|140/216|[from] item: Leftovers\n|upkeep\n|turn|38\n|\n|t:|1782844426\n|move|p2a: Cresselia|Calm Mind|p2a: Cresselia\n|-boost|p2a: Cresselia|spa|1\n|-boost|p2a: Cresselia|spd|1\n|move|p1a: Diancie|Draining Kiss|p2a: Cresselia\n|-damage|p2a: Cresselia|263/323\n|-heal|p1a: Diancie|185/216|[from] drain|[of] p2a: Cresselia\n|\n|-heal|p2a: Cresselia|283/323|[from] item: Leftovers\n|-heal|p1a: Diancie|198/216|[from] item: Leftovers\n|upkeep\n|turn|39\n|\n|t:|1782844434\n|move|p2a: Cresselia|Calm Mind|p2a: Cresselia\n|-boost|p2a: Cresselia|spa|1\n|-boost|p2a: Cresselia|spd|1\n|move|p1a: Diancie|Diamond Storm|p2a: Cresselia\n|-damage|p2a: Cresselia|187/323\n|-boost|p1a: Diancie|def|2\n|\n|-heal|p2a: Cresselia|207/323|[from] item: Leftovers\n|-heal|p1a: Diancie|211/216|[from] item: Leftovers\n|upkeep\n|turn|40\n|\n|t:|1782844443\n|move|p2a: Cresselia|Calm Mind|p2a: Cresselia\n|-boost|p2a: Cresselia|spa|1\n|-boost|p2a: Cresselia|spd|1\n|move|p1a: Diancie|Calm Mind|p1a: Diancie\n|-boost|p1a: Diancie|spa|1\n|-boost|p1a: Diancie|spd|1\n|\n|-heal|p2a: Cresselia|227/323|[from] item: Leftovers\n|-heal|p1a: Diancie|216/216|[from] item: Leftovers\n|upkeep\n|turn|41\n|\n|t:|1782844451\n|move|p2a: Cresselia|Psyshock|p1a: Diancie\n|-damage|p1a: Diancie|170/216\n|move|p1a: Diancie|Calm Mind|p1a: Diancie\n|-boost|p1a: Diancie|spa|1\n|-boost|p1a: Diancie|spd|1\n|\n|-heal|p2a: Cresselia|247/323|[from] item: Leftovers\n|-heal|p1a: Diancie|183/216|[from] item: Leftovers\n|upkeep\n|turn|42\n|\n|t:|1782844458\n|move|p2a: Cresselia|Psyshock|p1a: Diancie\n|-damage|p1a: Diancie|140/216\n|move|p1a: Diancie|Calm Mind|p1a: Diancie\n|-boost|p1a: Diancie|spa|1\n|-boost|p1a: Diancie|spd|1\n|\n|-heal|p2a: Cresselia|267/323|[from] item: Leftovers\n|-heal|p1a: Diancie|153/216|[from] item: Leftovers\n|upkeep\n|turn|43\n|\n|t:|1782844465\n|move|p2a: Cresselia|Moonblast|p1a: Diancie\n|-damage|p1a: Diancie|118/216\n|move|p1a: Diancie|Draining Kiss|p2a: Cresselia\n|-damage|p2a: Cresselia|201/323\n|-heal|p1a: Diancie|168/216|[from] drain|[of] p2a: Cresselia\n|\n|-heal|p2a: Cresselia|221/323|[from] item: Leftovers\n|-heal|p1a: Diancie|181/216|[from] item: Leftovers\n|upkeep\n|turn|44\n|\n|t:|1782844477\n|move|p2a: Cresselia|Psyshock|p1a: Diancie\n|-damage|p1a: Diancie|139/216\n|move|p1a: Diancie|Diamond Storm|p2a: Cresselia\n|-damage|p2a: Cresselia|133/323\n|\n|-heal|p2a: Cresselia|153/323|[from] item: Leftovers\n|-heal|p1a: Diancie|152/216|[from] item: Leftovers\n|upkeep\n|turn|45\n|\n|t:|1782844487\n|move|p2a: Cresselia|Moonlight|p2a: Cresselia\n|-heal|p2a: Cresselia|314/323\n|move|p1a: Diancie|Earth Power|p2a: Cresselia\n|-immune|p2a: Cresselia|[from] ability: Levitate\n|\n|-heal|p2a: Cresselia|323/323|[from] item: Leftovers\n|-heal|p1a: Diancie|165/216|[from] item: Leftovers\n|upkeep\n|turn|46\n|\n|t:|1782844499\n|move|p2a: Cresselia|Moonblast|p1a: Diancie\n|-damage|p1a: Diancie|129/216\n|move|p1a: Diancie|Draining Kiss|p2a: Cresselia\n|-damage|p2a: Cresselia|247/323\n|-heal|p1a: Diancie|186/216|[from] drain|[of] p2a: Cresselia\n|\n|-heal|p2a: Cresselia|267/323|[from] item: Leftovers\n|-heal|p1a: Diancie|199/216|[from] item: Leftovers\n|upkeep\n|turn|47\n|\n|t:|1782844507\n|move|p2a: Cresselia|Moonblast|p1a: Diancie\n|-damage|p1a: Diancie|165/216\n|move|p1a: Diancie|Earth Power|p2a: Cresselia\n|-immune|p2a: Cresselia|[from] ability: Levitate\n|\n|-heal|p2a: Cresselia|287/323|[from] item: Leftovers\n|-heal|p1a: Diancie|178/216|[from] item: Leftovers\n|upkeep\n|turn|48\n|\n|t:|1782844522\n|move|p2a: Cresselia|Moonblast|p1a: Diancie\n|-damage|p1a: Diancie|145/216\n|move|p1a: Diancie|Diamond Storm|p2a: Cresselia\n|-damage|p2a: Cresselia|191/323\n|\n|-heal|p2a: Cresselia|211/323|[from] item: Leftovers\n|-heal|p1a: Diancie|158/216|[from] item: Leftovers\n|upkeep\n|turn|49\n|\n|t:|1782844530\n|move|p2a: Cresselia|Moonblast|p1a: Diancie\n|-damage|p1a: Diancie|126/216\n|move|p1a: Diancie|Draining Kiss|p2a: Cresselia\n|-damage|p2a: Cresselia|147/323\n|-heal|p1a: Diancie|174/216|[from] drain|[of] p2a: Cresselia\n|\n|-heal|p2a: Cresselia|167/323|[from] item: Leftovers\n|-heal|p1a: Diancie|187/216|[from] item: Leftovers\n|upkeep\n|turn|50\n|\n|t:|1782844538\n|move|p2a: Cresselia|Moonlight|p2a: Cresselia\n|-heal|p2a: Cresselia|323/323\n|move|p1a: Diancie|Diamond Storm|p2a: Cresselia\n|-damage|p2a: Cresselia|227/323\n|\n|-heal|p2a: Cresselia|247/323|[from] item: Leftovers\n|-heal|p1a: Diancie|200/216|[from] item: Leftovers\n|upkeep\n|turn|51\n|\n|t:|1782844545\n|move|p2a: Cresselia|Psyshock|p1a: Diancie\n|-damage|p1a: Diancie|160/216\n|move|p1a: Diancie|Earth Power|p2a: Cresselia\n|-immune|p2a: Cresselia|[from] ability: Levitate\n|\n|-heal|p2a: Cresselia|267/323|[from] item: Leftovers\n|-heal|p1a: Diancie|173/216|[from] item: Leftovers\n|upkeep\n|turn|52\n|\n|t:|1782844553\n|move|p2a: Cresselia|Psyshock|p1a: Diancie\n|-damage|p1a: Diancie|128/216\n|move|p1a: Diancie|Draining Kiss|p2a: Cresselia\n|-damage|p2a: Cresselia|201/323\n|-heal|p1a: Diancie|178/216|[from] drain|[of] p2a: Cresselia\n|\n|-heal|p2a: Cresselia|221/323|[from] item: Leftovers\n|-heal|p1a: Diancie|191/216|[from] item: Leftovers\n|upkeep\n|turn|53\n|\n|t:|1782844563\n|move|p2a: Cresselia|Psyshock|p1a: Diancie\n|-damage|p1a: Diancie|151/216\n|move|p1a: Diancie|Calm Mind|p1a: Diancie\n|-boost|p1a: Diancie|spa|0\n|-boost|p1a: Diancie|spd|0\n|\n|-heal|p2a: Cresselia|241/323|[from] item: Leftovers\n|-heal|p1a: Diancie|164/216|[from] item: Leftovers\n|upkeep\n|turn|54\n|\n|t:|1782844576\n|move|p2a: Cresselia|Calm Mind|p2a: Cresselia\n|-boost|p2a: Cresselia|spa|0\n|-boost|p2a: Cresselia|spd|0\n|move|p1a: Diancie|Diamond Storm|p2a: Cresselia\n|-damage|p2a: Cresselia|147/323\n|\n|-heal|p2a: Cresselia|167/323|[from] item: Leftovers\n|-heal|p1a: Diancie|177/216|[from] item: Leftovers\n|upkeep\n|turn|55\n|\n|t:|1782844584\n|move|p2a: Cresselia|Moonlight|p2a: Cresselia\n|-heal|p2a: Cresselia|323/323\n|move|p1a: Diancie|Calm Mind|p1a: Diancie\n|-boost|p1a: Diancie|spa|0\n|-boost|p1a: Diancie|spd|0\n|\n|-heal|p1a: Diancie|190/216|[from] item: Leftovers\n|upkeep\n|turn|56\n|\n|t:|1782844591\n|move|p2a: Cresselia|Calm Mind|p2a: Cresselia\n|-boost|p2a: Cresselia|spa|0\n|-boost|p2a: Cresselia|spd|0\n|move|p1a: Diancie|Calm Mind|p1a: Diancie\n|-boost|p1a: Diancie|spa|0\n|-boost|p1a: Diancie|spd|0\n|\n|-heal|p1a: Diancie|203/216|[from] item: Leftovers\n|upkeep\n|turn|57\n|c|\u2606Zuhhh|this is fun\n|inactive|wacholoko has 120 seconds left.\n|\n|t:|1782844641\n|move|p2a: Cresselia|Calm Mind|p2a: Cresselia\n|-boost|p2a: Cresselia|spa|0\n|-boost|p2a: Cresselia|spd|0\n|move|p1a: Diancie|Calm Mind|p1a: Diancie\n|-boost|p1a: Diancie|spa|0\n|-boost|p1a: Diancie|spd|0\n|\n|-heal|p1a: Diancie|216/216|[from] item: Leftovers\n|upkeep\n|turn|58\n|c|\u2606Zuhhh|wanna play RPS for the forfeit?\n|\n|t:|1782844668\n|move|p2a: Cresselia|Calm Mind|p2a: Cresselia\n|-boost|p2a: Cresselia|spa|0\n|-boost|p2a: Cresselia|spd|0\n|move|p1a: Diancie|Calm Mind|p1a: Diancie\n|-boost|p1a: Diancie|spa|0\n|-boost|p1a: Diancie|spd|0\n|\n|upkeep\n|turn|59\n|\n|t:|1782844678\n|move|p2a: Cresselia|Moonblast|p1a: Diancie\n|-crit|p1a: Diancie\n|-damage|p1a: Diancie|12/216\n|move|p1a: Diancie|Calm Mind|p1a: Diancie\n|-boost|p1a: Diancie|spa|0\n|-boost|p1a: Diancie|spd|0\n|\n|-heal|p1a: Diancie|25/216|[from] item: Leftovers\n|upkeep\n|turn|60\n|inactive|wacholoko has 120 seconds left.\n|c|\u2606Zuhhh|damn nvm\n|\n|t:|1782844685\n|move|p2a: Cresselia|Psyshock|p1a: Diancie\n|-damage|p1a: Diancie|0 fnt\n|faint|p1a: Diancie\n|\n|upkeep\n|\n|t:|1782844691\n|switch|p1a: Brute Bonnet|Brute Bonnet, L80|309/309\n|turn|61\n|\n|t:|1782844694\n|move|p1a: Brute Bonnet|Sucker Punch|p2a: Cresselia\n|-supereffective|p2a: Cresselia\n|-damage|p2a: Cresselia|179/323\n|move|p2a: Cresselia|Moonblast|p1a: Brute Bonnet\n|-supereffective|p1a: Brute Bonnet\n|-damage|p1a: Brute Bonnet|0 fnt\n|faint|p1a: Brute Bonnet\n|-end|p1a: Brute Bonnet|Protosynthesis|[silent]\n|\n|-heal|p2a: Cresselia|199/323|[from] item: Leftovers\n|upkeep\n|c|\u2606Zuhhh|gg\n|\n|t:|1782844703\n|switch|p1a: Stonjourner|Stonjourner, L91, M|297/330\n|turn|62\n|\n|t:|1782844705\n|move|p2a: Cresselia|Moonblast|p1a: Stonjourner\n|-damage|p1a: Stonjourner|0 fnt\n|faint|p1a: Stonjourner\n|\n|win|wacholoko\n|raw|Zuhhh's rating: 2009 &rarr; <strong>1985</strong><br />(-24 for losing)\n|raw|wacholoko's rating: 1936 &rarr; <strong>1960</strong><br />(+24 for winning)\n", "inputlog": ">version f8ac14003a5f27e1bdc8d8c59608a773c1cb96e5\n>start {\"formatid\":\"gen9randombattle\",\"seed\":\"sodium,54c8e435581064fc010e1151303809c6\",\"rated\":\"Rated battle\"}\n>player p1 {\"name\":\"Zuhhh\",\"avatar\":\"265\",\"rating\":2009,\"seed\":\"sodium,185b33e4fb5e701d15771f2d4272abbc\"}\n>player p2 {\"name\":\"wacholoko\",\"avatar\":\"102\",\"rating\":1936,\"seed\":\"sodium,dec266db83a84f5891d4c765a505ed5c\"}\n>p1 move fireblast\n>p2 move lunge\n>p1 move fireblast\n>p2 move roost\n>p1 move fireblast\n>p2 move roost\n>p1 move fireblast\n>p2 move thunderwave\n>p2 switch 3\n>p1 switch 4\n>p2 move calmmind\n>p1 move rapidspin\n>p2 move moonblast\n>p1 move powerwhip\n>p2 move moonblast\n>p1 move powerwhip\n>p2 move moonblast\n>p1 switch 2\n>p1 move heatcrash\n>p2 move moonblast\n>p2 switch 2\n>p1 switch 4\n>p2 move grassknot\n>p1 move thunderwave\n>p2 move grassknot\n>p1 switch 3\n>p1 move spore\n>p2 switch 4\n>p1 switch 6\n>p2 move bulkup\n>p1 move bulkup\n>p2 move knockoff\n>p1 move knockoff\n>p2 move bodyslam\n>p1 move drainpunch\n>p2 move bulkup\n>p1 move drainpunch\n>p2 move slackoff\n>p1 move bulkup\n>p2 move bulkup\n>p1 move drainpunch\n>p2 move bodyslam\n>p1 move bulkup\n>p2 move bulkup terastallize\n>p1 move knockoff\n>p2 move slackoff\n>p1 move bulkup\n>p2 move slackoff\n>p1 move gunkshot\n>p2 move bulkup\n>p1 move gunkshot\n>p2 move bodyslam\n>p1 move gunkshot\n>p2 move bodyslam\n>p1 move knockoff\n>p2 move knockoff\n>p1 switch 5\n>p1 move calmmind\n>p2 move bodyslam\n>p1 move drainingkiss\n>p2 move bodyslam\n>p1 move drainingkiss\n>p2 move bodyslam\n>p1 move drainingkiss\n>p2 move bodyslam\n>p2 switch 4\n>p1 move drainingkiss terastallize\n>p2 move nastyplot\n>p1 move drainingkiss\n>p2 move hydropump\n>p2 switch 6\n>p1 move drainingkiss\n>p2 move calmmind\n>p1 move calmmind\n>p2 move calmmind\n>p1 move diamondstorm\n>p2 move calmmind\n>p1 move diamondstorm\n>p2 move psyshock\n>p1 move calmmind\n>p2 move moonlight\n>p1 move drainingkiss\n>p2 move calmmind\n>p1 move diamondstorm\n>p2 move calmmind\n>p1 move calmmind\n>p2 move calmmind\n>p1 move calmmind\n>p2 move psyshock\n>p1 move calmmind\n>p2 move psyshock\n>p1 move drainingkiss\n>p2 move moonblast\n>p1 move diamondstorm\n>p2 move psyshock\n>p1 move earthpower\n>p2 move moonlight\n>p1 move drainingkiss\n>p2 move moonblast\n>p1 move earthpower\n>p2 move moonblast\n>p1 move diamondstorm\n>p2 move moonblast\n>p1 move drainingkiss\n>p2 move moonblast\n>p1 move diamondstorm\n>p2 move moonlight\n>p1 move earthpower\n>p2 move psyshock\n>p1 move drainingkiss\n>p2 move psyshock\n>p1 move calmmind\n>p2 move psyshock\n>p1 move diamondstorm\n>p2 move calmmind\n>p1 move calmmind\n>p2 move moonlight\n>p1 move calmmind\n>p2 move calmmind\n>chat \u2606Zuhhh|this is fun\n>p1 move calmmind\n>p2 move calmmind\n>chat \u2606Zuhhh|wanna play RPS for the forfeit?\n>p1 move calmmind\n>p2 move calmmind\n>p1 move calmmind\n>p2 move moonblast\n>chat \u2606Zuhhh|damn nvm\n>p1 move drainingkiss\n>p2 move psyshock\n>p1 switch 6\n>p1 move suckerpunch\n>p2 move moonblast\n>chat \u2606Zuhhh|gg\n>p1 switch 4\n>p1 move heatcrash\n>p2 move moonblast", "uploadtime": 1782844705, "views": 6, "formatid": "gen9randombattle", "rating": 1960, "private": 0, "password": null, "player_dets": [{"name": "Zuhhh", "avatar": "265", "rating": 2009, "seed": "sodium,185b33e4fb5e701d15771f2d4272abbc"}, {"name": "wacholoko", "avatar": "102", "rating": 1936, "seed": "sodium,dec266db83a84f5891d4c765a505ed5c"}], "teams_full": [{"Palkia": {"name": "Palkia", "species": "Palkia-Origin", "speciesId": "palkiaorigin", "gender": "N", "shiny": false, "level": 72, "moves": ["fireblast", "thunderwave", "hydropump", "dracometeor"], "ability": "Pressure", "evs": {"hp": 85, "atk": 0, "def": 85, "spa": 85, "spd": 85, "spe": 85}, "ivs": {"hp": 31, "atk": 0, "def": 31, "spa": 31, "spd": 31, "spe": 31}, "item": "Lustrous Globe", "teraType": "Dragon", "role": "Bulky Attacker", "bvs": {"hp": 90, "atk": 100, "def": 100, "spa": 150, "spd": 120, "spe": 120}, "stats": {"hp": 249, "atk": 149, "def": 186, "spa": 258, "spd": 215, "spe": 215}, "types": ["Water", "Dragon"]}, "Stonjourner": {"name": "Stonjourner", "species": "Stonjourner", "speciesId": "stonjourner", "gender": "M", "shiny": false, "level": 91, "moves": ["stealthrock", "heatcrash", "stoneedge", "earthquake"], "ability": "Power Spot", "evs": {"hp": 85, "atk": 85, "def": 85, "spa": 85, "spd": 85, "spe": 85}, "ivs": {"hp": 31, "atk": 31, "def": 31, "spa": 31, "spd": 31, "spe": 31}, "item": "Life Orb", "teraType": "Ground", "role": "Fast Attacker", "bvs": {"hp": 100, "atk": 125, "def": 135, "spa": 20, "spd": 20, "spe": 70}, "stats": {"hp": 330, "atk": 279, "def": 298, "spa": 88, "spd": 88, "spe": 179}, "types": ["Rock"]}, "Brute Bonnet": {"name": "Brute Bonnet", "species": "Brute Bonnet", "speciesId": "brutebonnet", "gender": "N", "shiny": false, "level": 80, "moves": ["suckerpunch", "spore", "seedbomb", "crunch"], "ability": "Protosynthesis", "evs": {"hp": 85, "atk": 85, "def": 85, "spa": 85, "spd": 85, "spe": 85}, "ivs": {"hp": 31, "atk": 31, "def": 31, "spa": 31, "spd": 31, "spe": 31}, "item": "Leftovers", "teraType": "Dark", "role": "Bulky Support", "bvs": {"hp": 111, "atk": 127, "def": 99, "spa": 79, "spd": 99, "spe": 55}, "stats": {"hp": 309, "atk": 249, "def": 205, "spa": 173, "spd": 205, "spe": 134}, "types": ["Grass", "Dark"]}, "Tsareena": {"name": "Tsareena", "species": "Tsareena", "speciesId": "tsareena", "gender": "F", "shiny": false, "level": 87, "moves": ["knockoff", "tripleaxel", "powerwhip", "rapidspin"], "ability": "Queenly Majesty", "evs": {"hp": 85, "atk": 85, "def": 85, "spa": 85, "spd": 85, "spe": 85}, "ivs": {"hp": 31, "atk": 31, "def": 31, "spa": 31, "spd": 31, "spe": 31}, "item": "Assault Vest", "teraType": "Steel", "role": "Fast Support", "bvs": {"hp": 72, "atk": 120, "def": 98, "spa": 50, "spd": 98, "spe": 72}, "stats": {"hp": 267, "atk": 259, "def": 220, "spa": 137, "spd": 220, "spe": 175}, "types": ["Grass"]}, "Diancie": {"name": "Diancie", "species": "Diancie", "speciesId": "diancie", "gender": "N", "shiny": false, "level": 82, "moves": ["diamondstorm", "drainingkiss", "earthpower", "calmmind"], "ability": "Clear Body", "evs": {"hp": 85, "atk": 85, "def": 85, "spa": 85, "spd": 85, "spe": 85}, "ivs": {"hp": 31, "atk": 31, "def": 31, "spa": 31, "spd": 31, "spe": 31}, "item": "Leftovers", "teraType": "Fairy", "role": "Bulky Setup", "bvs": {"hp": 50, "atk": 100, "def": 150, "spa": 100, "spd": 150, "spe": 50}, "stats": {"hp": 216, "atk": 211, "def": 293, "spa": 211, "spd": 293, "spe": 129}, "types": ["Rock", "Fairy"]}, "Passimian": {"name": "Passimian", "species": "Passimian", "speciesId": "passimian", "gender": "F", "shiny": false, "level": 83, "moves": ["bulkup", "drainpunch", "knockoff", "gunkshot"], "ability": "Defiant", "evs": {"hp": 85, "atk": 85, "def": 85, "spa": 85, "spd": 85, "spe": 85}, "ivs": {"hp": 31, "atk": 31, "def": 31, "spa": 31, "spd": 31, "spe": 31}, "item": "Leftovers", "teraType": "Poison", "role": "Bulky Setup", "bvs": {"hp": 100, "atk": 120, "def": 90, "spa": 40, "spd": 60, "spe": 80}, "stats": {"hp": 302, "atk": 247, "def": 197, "spa": 114, "spd": 147, "spe": 180}, "types": ["Fighting"]}}, {"Volbeat": {"name": "Volbeat", "species": "Volbeat", "speciesId": "volbeat", "gender": "M", "shiny": false, "level": 90, "moves": ["roost", "thunderwave", "encore", "lunge"], "ability": "Prankster", "evs": {"hp": 85, "atk": 85, "def": 85, "spa": 85, "spd": 85, "spe": 85}, "ivs": {"hp": 31, "atk": 31, "def": 31, "spa": 31, "spd": 31, "spe": 31}, "item": "Heavy-Duty Boots", "teraType": "Steel", "role": "Bulky Attacker", "bvs": {"hp": 65, "atk": 73, "def": 75, "spa": 47, "spd": 85, "spe": 85}, "stats": {"hp": 263, "atk": 183, "def": 186, "spa": 136, "spd": 204, "spe": 204}, "types": ["Bug"]}, "Golduck": {"name": "Golduck", "species": "Golduck", "speciesId": "golduck", "gender": "M", "shiny": false, "level": 90, "moves": ["icebeam", "nastyplot", "hydropump", "grassknot"], "ability": "Cloud Nine", "evs": {"hp": 85, "atk": 0, "def": 85, "spa": 85, "spd": 85, "spe": 85}, "ivs": {"hp": 31, "atk": 0, "def": 31, "spa": 31, "spd": 31, "spe": 31}, "item": "Life Orb", "teraType": "Water", "role": "Fast Attacker", "bvs": {"hp": 80, "atk": 82, "def": 78, "spa": 95, "spd": 80, "spe": 85}, "stats": {"hp": 290, "atk": 152, "def": 192, "spa": 222, "spd": 195, "spe": 204}, "types": ["Water"]}, "Florges": {"name": "Florges", "species": "Florges-White", "speciesId": "florges", "gender": "F", "shiny": false, "level": 85, "moves": ["moonblast", "calmmind", "synthesis", "terablast"], "ability": "Flower Veil", "evs": {"hp": 85, "atk": 0, "def": 85, "spa": 85, "spd": 85, "spe": 85}, "ivs": {"hp": 31, "atk": 0, "def": 31, "spa": 31, "spd": 31, "spe": 31}, "item": "Leftovers", "teraType": "Ground", "role": "Tera Blast user", "bvs": {"hp": 78, "atk": 65, "def": 68, "spa": 112, "spd": 154, "spe": 75}, "stats": {"hp": 271, "atk": 115, "def": 164, "spa": 239, "spd": 311, "spe": 176}, "types": ["Fairy"]}, "Vigoroth": {"name": "Vigoroth", "species": "Vigoroth", "speciesId": "vigoroth", "gender": "M", "shiny": false, "level": 85, "moves": ["knockoff", "bodyslam", "slackoff", "bulkup"], "ability": "Vital Spirit", "evs": {"hp": 85, "atk": 85, "def": 85, "spa": 85, "spd": 85, "spe": 85}, "ivs": {"hp": 31, "atk": 31, "def": 31, "spa": 31, "spd": 31, "spe": 31}, "item": "Eviolite", "teraType": "Ghost", "role": "Bulky Setup", "bvs": {"hp": 80, "atk": 80, "def": 80, "spa": 55, "spd": 55, "spe": 90}, "stats": {"hp": 275, "atk": 185, "def": 185, "spa": 142, "spd": 142, "spe": 202}, "types": ["Normal"]}, "Baxcalibur": {"name": "Baxcalibur", "species": "Baxcalibur", "speciesId": "baxcalibur", "gender": "M", "shiny": false, "level": 75, "moves": ["iciclespear", "scaleshot", "swordsdance", "earthquake"], "ability": "Thermal Exchange", "evs": {"hp": 81, "atk": 85, "def": 85, "spa": 85, "spd": 85, "spe": 85}, "ivs": {"hp": 31, "atk": 31, "def": 31, "spa": 31, "spd": 31, "spe": 31}, "item": "Loaded Dice", "teraType": "Ground", "role": "Bulky Setup", "bvs": {"hp": 115, "atk": 145, "def": 92, "spa": 75, "spd": 86, "spe": 87}, "stats": {"hp": 295, "atk": 261, "def": 182, "spa": 156, "spd": 173, "spe": 174}, "types": ["Dragon", "Ice"]}, "Cresselia": {"name": "Cresselia", "species": "Cresselia", "speciesId": "cresselia", "gender": "F", "shiny": false, "level": 80, "moves": ["calmmind", "psyshock", "moonlight", "moonblast"], "ability": "Levitate", "evs": {"hp": 85, "atk": 0, "def": 85, "spa": 85, "spd": 85, "spe": 85}, "ivs": {"hp": 31, "atk": 0, "def": 31, "spa": 31, "spd": 31, "spe": 31}, "item": "Leftovers", "teraType": "Fairy", "role": "Bulky Setup", "bvs": {"hp": 120, "atk": 70, "def": 110, "spa": 75, "spd": 120, "spe": 85}, "stats": {"hp": 323, "atk": 117, "def": 222, "spa": 166, "spd": 238, "spe": 182}, "types": ["Psychic"]}}]}