{"id": "gen9randombattle-2642212535", "format": "[Gen 9] Random Battle", "players": ["jnpr010334", "Lol665"], "log": "|j|\u2606jnpr010334\n|j|\u2606Lol665\n|t:|1782911695\n|gametype|singles\n|player|p1|jnpr010334|265|1861\n|player|p2|Lol665|102|1871\n|gen|9\n|tier|[Gen 9] Random Battle\n|rated|\n|rule|Species Clause: Limit one of each Pok\u00e9mon\n|rule|HP Percentage Mod: HP is shown in percentages\n|rule|Sleep Clause Mod: Limit one foe put to sleep\n|rule|Illusion Level Mod: Illusion disguises the Pok\u00e9mon's true level\n|\n|t:|1782911695\n|teamsize|p1|6\n|teamsize|p2|6\n|start\n|switch|p1a: Hippowdon|Hippowdon, L82, F|311/311\n|switch|p2a: Palafin|Palafin, L77, F|281/281\n|-weather|Sandstorm|[from] ability: Sand Stream|[of] p1a: Hippowdon\n|turn|1\n|\n|t:|1782911701\n|detailschange|p2a: Palafin|Palafin-Hero, L77, F\n|switch|p2a: Virizion|Virizion, L82|283/283\n|move|p1a: Hippowdon|Stealth Rock|p2a: Virizion\n|-sidestart|p2: Lol665|move: Stealth Rock\n|\n|-weather|Sandstorm|[upkeep]\n|-damage|p2a: Virizion|266/283|[from] Sandstorm\n|upkeep\n|turn|2\n|inactive|Battle timer is ON: inactive players will automatically lose when time's up. (requested by jnpr010334)\n|\n|t:|1782911704\n|switch|p1a: Braviary|Braviary-Hisui, L85, M|326/326\n|move|p2a: Virizion|Swords Dance|p2a: Virizion\n|-boost|p2a: Virizion|atk|2\n|\n|-weather|Sandstorm|[upkeep]\n|-damage|p2a: Virizion|249/283|[from] Sandstorm\n|-damage|p1a: Braviary|306/326|[from] Sandstorm\n|upkeep\n|turn|3\n|\n|t:|1782911706\n|move|p2a: Virizion|Stone Edge|p1a: Braviary\n|-supereffective|p1a: Braviary\n|-damage|p1a: Braviary|0 fnt\n|faint|p1a: Braviary\n|-damage|p2a: Virizion|221/283|[from] item: Life Orb\n|\n|-weather|Sandstorm|[upkeep]\n|-damage|p2a: Virizion|204/283|[from] Sandstorm\n|upkeep\n|\n|t:|1782911708\n|switch|p1a: Iron Valiant|Iron Valiant, L78|244/244\n|turn|4\n|\n|t:|1782911713\n|-terastallize|p2a: Virizion|Rock\n|move|p1a: Iron Valiant|Close Combat|p2a: Virizion\n|-supereffective|p2a: Virizion\n|-damage|p2a: Virizion|0 fnt\n|-unboost|p1a: Iron Valiant|def|1\n|-unboost|p1a: Iron Valiant|spd|1\n|faint|p2a: Virizion\n|-damage|p1a: Iron Valiant|220/244|[from] item: Life Orb\n|\n|-weather|Sandstorm|[upkeep]\n|-damage|p1a: Iron Valiant|205/244|[from] Sandstorm\n|upkeep\n|\n|t:|1782911717\n|switch|p2a: Palafin|Palafin-Hero, L77, F|281/281\n|-damage|p2a: Palafin|246/281|[from] Stealth Rock\n|-activate|p2a: Palafin|ability: Zero to Hero\n|turn|5\n|\n|t:|1782911720\n|-end|p1a: Iron Valiant|Quark Drive|[silent]\n|switch|p1a: Vaporeon|Vaporeon, L86, M|364/364\n|move|p2a: Palafin|Bulk Up|p2a: Palafin\n|-boost|p2a: Palafin|atk|1\n|-boost|p2a: Palafin|def|1\n|\n|-weather|none\n|-heal|p2a: Palafin|263/281|[from] item: Leftovers\n|upkeep\n|turn|6\n|\n|t:|1782911725\n|move|p2a: Palafin|Bulk Up|p2a: Palafin\n|-boost|p2a: Palafin|atk|1\n|-boost|p2a: Palafin|def|1\n|move|p1a: Vaporeon|Scald|p2a: Palafin\n|-resisted|p2a: Palafin\n|-damage|p2a: Palafin|205/281\n|-status|p2a: Palafin|brn\n|\n|-heal|p2a: Palafin|222/281 brn|[from] item: Leftovers\n|-damage|p2a: Palafin|205/281 brn|[from] brn\n|upkeep\n|turn|7\n|\n|t:|1782911728\n|move|p2a: Palafin|Bulk Up|p2a: Palafin\n|-boost|p2a: Palafin|atk|1\n|-boost|p2a: Palafin|def|1\n|move|p1a: Vaporeon|Calm Mind|p1a: Vaporeon\n|-boost|p1a: Vaporeon|spa|1\n|-boost|p1a: Vaporeon|spd|1\n|\n|-heal|p2a: Palafin|222/281 brn|[from] item: Leftovers\n|-damage|p2a: Palafin|205/281 brn|[from] brn\n|upkeep\n|turn|8\n|\n|t:|1782911731\n|move|p2a: Palafin|Bulk Up|p2a: Palafin\n|-boost|p2a: Palafin|atk|1\n|-boost|p2a: Palafin|def|1\n|move|p1a: Vaporeon|Scald|p2a: Palafin\n|-resisted|p2a: Palafin\n|-crit|p2a: Palafin\n|-damage|p2a: Palafin|94/281 brn\n|\n|-heal|p2a: Palafin|111/281 brn|[from] item: Leftovers\n|-damage|p2a: Palafin|94/281 brn|[from] brn\n|upkeep\n|turn|9\n|\n|t:|1782911733\n|move|p2a: Palafin|Drain Punch|p1a: Vaporeon\n|-damage|p1a: Vaporeon|245/364\n|-heal|p2a: Palafin|154/281 brn|[from] drain|[of] p1a: Vaporeon\n|move|p1a: Vaporeon|Scald|p2a: Palafin\n|-resisted|p2a: Palafin\n|-damage|p2a: Palafin|70/281 brn\n|\n|-heal|p2a: Palafin|87/281 brn|[from] item: Leftovers\n|-heal|p1a: Vaporeon|267/364|[from] item: Leftovers\n|-damage|p2a: Palafin|70/281 brn|[from] brn\n|upkeep\n|turn|10\n|\n|t:|1782911737\n|move|p2a: Palafin|Drain Punch|p1a: Vaporeon\n|-damage|p1a: Vaporeon|148/364\n|-heal|p2a: Palafin|130/281 brn|[from] drain|[of] p1a: Vaporeon\n|move|p1a: Vaporeon|Wish|p1a: Vaporeon\n|\n|-heal|p2a: Palafin|147/281 brn|[from] item: Leftovers\n|-heal|p1a: Vaporeon|170/364|[from] item: Leftovers\n|-damage|p2a: Palafin|130/281 brn|[from] brn\n|upkeep\n|turn|11\n|\n|t:|1782911740\n|move|p1a: Vaporeon|Protect|p1a: Vaporeon\n|-singleturn|p1a: Vaporeon|Protect\n|move|p2a: Palafin|Drain Punch|p1a: Vaporeon\n|-activate|p1a: Vaporeon|move: Protect\n|\n|-heal|p1a: Vaporeon|352/364|[from] move: Wish|[wisher] Vaporeon\n|-heal|p2a: Palafin|147/281 brn|[from] item: Leftovers\n|-heal|p1a: Vaporeon|364/364|[from] item: Leftovers\n|-damage|p2a: Palafin|130/281 brn|[from] brn\n|upkeep\n|turn|12\n|\n|t:|1782911742\n|move|p2a: Palafin|Drain Punch|p1a: Vaporeon\n|-damage|p1a: Vaporeon|227/364\n|-heal|p2a: Palafin|199/281 brn|[from] drain|[of] p1a: Vaporeon\n|move|p1a: Vaporeon|Scald|p2a: Palafin\n|-resisted|p2a: Palafin\n|-damage|p2a: Palafin|116/281 brn\n|\n|-heal|p2a: Palafin|133/281 brn|[from] item: Leftovers\n|-heal|p1a: Vaporeon|249/364|[from] item: Leftovers\n|-damage|p2a: Palafin|116/281 brn|[from] brn\n|upkeep\n|turn|13\n|\n|t:|1782911746\n|move|p2a: Palafin|Drain Punch|p1a: Vaporeon\n|-damage|p1a: Vaporeon|117/364\n|-heal|p2a: Palafin|182/281 brn|[from] drain|[of] p1a: Vaporeon\n|move|p1a: Vaporeon|Wish|p1a: Vaporeon\n|\n|-heal|p2a: Palafin|199/281 brn|[from] item: Leftovers\n|-heal|p1a: Vaporeon|139/364|[from] item: Leftovers\n|-damage|p2a: Palafin|182/281 brn|[from] brn\n|upkeep\n|turn|14\n|\n|t:|1782911751\n|move|p1a: Vaporeon|Protect|p1a: Vaporeon\n|-singleturn|p1a: Vaporeon|Protect\n|move|p2a: Palafin|Drain Punch|p1a: Vaporeon\n|-activate|p1a: Vaporeon|move: Protect\n|\n|-heal|p1a: Vaporeon|321/364|[from] move: Wish|[wisher] Vaporeon\n|-heal|p2a: Palafin|199/281 brn|[from] item: Leftovers\n|-heal|p1a: Vaporeon|343/364|[from] item: Leftovers\n|-damage|p2a: Palafin|182/281 brn|[from] brn\n|upkeep\n|turn|15\n|\n|t:|1782911753\n|move|p2a: Palafin|Drain Punch|p1a: Vaporeon\n|-damage|p1a: Vaporeon|209/364\n|-heal|p2a: Palafin|249/281 brn|[from] drain|[of] p1a: Vaporeon\n|move|p1a: Vaporeon|Wish|p1a: Vaporeon\n|\n|-heal|p2a: Palafin|266/281 brn|[from] item: Leftovers\n|-heal|p1a: Vaporeon|231/364|[from] item: Leftovers\n|-damage|p2a: Palafin|249/281 brn|[from] brn\n|upkeep\n|turn|16\n|\n|t:|1782911757\n|move|p2a: Palafin|Bulk Up|p2a: Palafin\n|-boost|p2a: Palafin|atk|1\n|-boost|p2a: Palafin|def|1\n|move|p1a: Vaporeon|Scald|p2a: Palafin\n|-resisted|p2a: Palafin\n|-damage|p2a: Palafin|162/281 brn\n|\n|-heal|p1a: Vaporeon|364/364|[from] move: Wish|[wisher] Vaporeon\n|-heal|p2a: Palafin|179/281 brn|[from] item: Leftovers\n|-damage|p2a: Palafin|162/281 brn|[from] brn\n|upkeep\n|turn|17\n|\n|t:|1782911759\n|move|p2a: Palafin|Drain Punch|p1a: Vaporeon\n|-damage|p1a: Vaporeon|216/364\n|-heal|p2a: Palafin|236/281 brn|[from] drain|[of] p1a: Vaporeon\n|move|p1a: Vaporeon|Scald|p2a: Palafin\n|-resisted|p2a: Palafin\n|-damage|p2a: Palafin|153/281 brn\n|\n|-heal|p2a: Palafin|170/281 brn|[from] item: Leftovers\n|-heal|p1a: Vaporeon|238/364|[from] item: Leftovers\n|-damage|p2a: Palafin|153/281 brn|[from] brn\n|upkeep\n|turn|18\n|\n|t:|1782911762\n|move|p2a: Palafin|Drain Punch|p1a: Vaporeon\n|-damage|p1a: Vaporeon|100/364\n|-heal|p2a: Palafin|222/281 brn|[from] drain|[of] p1a: Vaporeon\n|move|p1a: Vaporeon|Wish|p1a: Vaporeon\n|\n|-heal|p2a: Palafin|239/281 brn|[from] item: Leftovers\n|-heal|p1a: Vaporeon|122/364|[from] item: Leftovers\n|-damage|p2a: Palafin|222/281 brn|[from] brn\n|upkeep\n|turn|19\n|\n|t:|1782911766\n|move|p1a: Vaporeon|Protect|p1a: Vaporeon\n|-singleturn|p1a: Vaporeon|Protect\n|move|p2a: Palafin|Bulk Up|p2a: Palafin\n|-boost|p2a: Palafin|atk|1\n|-boost|p2a: Palafin|def|1\n|\n|-heal|p1a: Vaporeon|304/364|[from] move: Wish|[wisher] Vaporeon\n|-heal|p2a: Palafin|239/281 brn|[from] item: Leftovers\n|-heal|p1a: Vaporeon|326/364|[from] item: Leftovers\n|-damage|p2a: Palafin|222/281 brn|[from] brn\n|upkeep\n|turn|20\n|\n|t:|1782911769\n|move|p2a: Palafin|Drain Punch|p1a: Vaporeon\n|-damage|p1a: Vaporeon|157/364\n|-heal|p2a: Palafin|281/281 brn|[from] drain|[of] p1a: Vaporeon\n|move|p1a: Vaporeon|Wish|p1a: Vaporeon\n|\n|-heal|p1a: Vaporeon|179/364|[from] item: Leftovers\n|-damage|p2a: Palafin|264/281 brn|[from] brn\n|upkeep\n|turn|21\n|\n|t:|1782911772\n|move|p1a: Vaporeon|Protect|p1a: Vaporeon\n|-singleturn|p1a: Vaporeon|Protect\n|move|p2a: Palafin|Ice Punch|p1a: Vaporeon\n|-activate|p1a: Vaporeon|move: Protect\n|\n|-heal|p1a: Vaporeon|361/364|[from] move: Wish|[wisher] Vaporeon\n|-heal|p2a: Palafin|281/281 brn|[from] item: Leftovers\n|-heal|p1a: Vaporeon|364/364|[from] item: Leftovers\n|-damage|p2a: Palafin|264/281 brn|[from] brn\n|upkeep\n|turn|22\n|\n|t:|1782911776\n|move|p2a: Palafin|Ice Punch|p1a: Vaporeon\n|-resisted|p1a: Vaporeon\n|-damage|p1a: Vaporeon|285/364\n|move|p1a: Vaporeon|Wish|p1a: Vaporeon\n|\n|-heal|p2a: Palafin|281/281 brn|[from] item: Leftovers\n|-heal|p1a: Vaporeon|307/364|[from] item: Leftovers\n|-damage|p2a: Palafin|264/281 brn|[from] brn\n|upkeep\n|turn|23\n|\n|t:|1782911782\n|move|p2a: Palafin|Ice Punch|p1a: Vaporeon\n|-resisted|p1a: Vaporeon\n|-damage|p1a: Vaporeon|227/364\n|move|p1a: Vaporeon|Scald|p2a: Palafin\n|-resisted|p2a: Palafin\n|-damage|p2a: Palafin|184/281 brn\n|\n|-heal|p1a: Vaporeon|364/364|[from] move: Wish|[wisher] Vaporeon\n|-heal|p2a: Palafin|201/281 brn|[from] item: Leftovers\n|-damage|p2a: Palafin|184/281 brn|[from] brn\n|upkeep\n|turn|24\n|\n|t:|1782911787\n|move|p2a: Palafin|Drain Punch|p1a: Vaporeon\n|-damage|p1a: Vaporeon|206/364\n|-heal|p2a: Palafin|263/281 brn|[from] drain|[of] p1a: Vaporeon\n|move|p1a: Vaporeon|Scald|p2a: Palafin\n|-resisted|p2a: Palafin\n|-damage|p2a: Palafin|189/281 brn\n|\n|-heal|p2a: Palafin|206/281 brn|[from] item: Leftovers\n|-heal|p1a: Vaporeon|228/364|[from] item: Leftovers\n|-damage|p2a: Palafin|189/281 brn|[from] brn\n|upkeep\n|turn|25\n|\n|t:|1782911791\n|move|p2a: Palafin|Ice Punch|p1a: Vaporeon\n|-resisted|p1a: Vaporeon\n|-damage|p1a: Vaporeon|137/364\n|move|p1a: Vaporeon|Wish|p1a: Vaporeon\n|\n|-heal|p2a: Palafin|206/281 brn|[from] item: Leftovers\n|-heal|p1a: Vaporeon|159/364|[from] item: Leftovers\n|-damage|p2a: Palafin|189/281 brn|[from] brn\n|upkeep\n|turn|26\n|\n|t:|1782911794\n|move|p1a: Vaporeon|Protect|p1a: Vaporeon\n|-singleturn|p1a: Vaporeon|Protect\n|move|p2a: Palafin|Ice Punch|p1a: Vaporeon\n|-activate|p1a: Vaporeon|move: Protect\n|\n|-heal|p1a: Vaporeon|341/364|[from] move: Wish|[wisher] Vaporeon\n|-heal|p2a: Palafin|206/281 brn|[from] item: Leftovers\n|-heal|p1a: Vaporeon|363/364|[from] item: Leftovers\n|-damage|p2a: Palafin|189/281 brn|[from] brn\n|upkeep\n|turn|27\n|\n|t:|1782911797\n|move|p2a: Palafin|Ice Punch|p1a: Vaporeon\n|-resisted|p1a: Vaporeon\n|-damage|p1a: Vaporeon|282/364\n|move|p1a: Vaporeon|Scald|p2a: Palafin\n|-resisted|p2a: Palafin\n|-damage|p2a: Palafin|114/281 brn\n|\n|-heal|p2a: Palafin|131/281 brn|[from] item: Leftovers\n|-heal|p1a: Vaporeon|304/364|[from] item: Leftovers\n|-damage|p2a: Palafin|114/281 brn|[from] brn\n|upkeep\n|turn|28\n|\n|t:|1782911802\n|move|p2a: Palafin|Drain Punch|p1a: Vaporeon\n|-damage|p1a: Vaporeon|138/364\n|-heal|p2a: Palafin|197/281 brn|[from] drain|[of] p1a: Vaporeon\n|move|p1a: Vaporeon|Scald|p2a: Palafin\n|-resisted|p2a: Palafin\n|-damage|p2a: Palafin|119/281 brn\n|\n|-heal|p2a: Palafin|136/281 brn|[from] item: Leftovers\n|-heal|p1a: Vaporeon|160/364|[from] item: Leftovers\n|-damage|p2a: Palafin|119/281 brn|[from] brn\n|upkeep\n|turn|29\n|\n|t:|1782911807\n|move|p1a: Vaporeon|Protect|p1a: Vaporeon\n|-singleturn|p1a: Vaporeon|Protect\n|move|p2a: Palafin|Drain Punch|p1a: Vaporeon\n|-activate|p1a: Vaporeon|move: Protect\n|\n|-heal|p2a: Palafin|136/281 brn|[from] item: Leftovers\n|-heal|p1a: Vaporeon|182/364|[from] item: Leftovers\n|-damage|p2a: Palafin|119/281 brn|[from] brn\n|upkeep\n|turn|30\n|\n|t:|1782911810\n|move|p2a: Palafin|Drain Punch|p1a: Vaporeon\n|-damage|p1a: Vaporeon|0 fnt\n|-heal|p2a: Palafin|210/281 brn|[from] drain|[of] p1a: Vaporeon\n|faint|p1a: Vaporeon\n|\n|-heal|p2a: Palafin|227/281 brn|[from] item: Leftovers\n|-damage|p2a: Palafin|210/281 brn|[from] brn\n|upkeep\n|\n|t:|1782911813\n|switch|p1a: Iron Valiant|Iron Valiant, L78|205/244\n|turn|31\n|\n|t:|1782911815\n|move|p2a: Palafin|Jet Punch|p1a: Iron Valiant\n|-damage|p1a: Iron Valiant|46/244\n|move|p1a: Iron Valiant|Encore|p2a: Palafin\n|-start|p2a: Palafin|Encore\n|\n|-heal|p2a: Palafin|227/281 brn|[from] item: Leftovers\n|-damage|p2a: Palafin|210/281 brn|[from] brn\n|upkeep\n|turn|32\n|\n|t:|1782911818\n|move|p2a: Palafin|Jet Punch|p1a: Iron Valiant\n|-damage|p1a: Iron Valiant|0 fnt\n|faint|p1a: Iron Valiant\n|-end|p1a: Iron Valiant|Quark Drive|[silent]\n|\n|-heal|p2a: Palafin|227/281 brn|[from] item: Leftovers\n|-damage|p2a: Palafin|210/281 brn|[from] brn\n|upkeep\n|\n|t:|1782911820\n|switch|p1a: Necrozma|Necrozma, L80|286/286\n|turn|33\n|\n|t:|1782911823\n|move|p2a: Palafin|Jet Punch|p1a: Necrozma\n|-damage|p1a: Necrozma|136/286\n|move|p1a: Necrozma|Photon Geyser|p2a: Palafin\n|-crit|p2a: Palafin\n|-damage|p2a: Palafin|2/281 brn\n|\n|-heal|p2a: Palafin|19/281 brn|[from] item: Leftovers\n|-heal|p1a: Necrozma|153/286|[from] item: Leftovers\n|-damage|p2a: Palafin|2/281 brn|[from] brn\n|upkeep\n|turn|34\n|\n|t:|1782911825\n|move|p2a: Palafin|Jet Punch|p1a: Necrozma\n|-damage|p1a: Necrozma|15/286\n|move|p1a: Necrozma|Photon Geyser|p2a: Palafin\n|-damage|p2a: Palafin|0 fnt\n|faint|p2a: Palafin\n|\n|-heal|p1a: Necrozma|32/286|[from] item: Leftovers\n|upkeep\n|\n|t:|1782911830\n|switch|p2a: Gengar|Gengar, L81, M|230/230\n|-damage|p2a: Gengar|202/230|[from] Stealth Rock\n|turn|35\n|\n|t:|1782911834\n|move|p2a: Gengar|Shadow Ball|p1a: Necrozma\n|-supereffective|p1a: Necrozma\n|-damage|p1a: Necrozma|0 fnt\n|faint|p1a: Necrozma\n|\n|upkeep\n|\n|t:|1782911835\n|switch|p1a: Groudon|Groudon, L72|263/263\n|-weather|SunnyDay|[from] ability: Drought|[of] p1a: Groudon\n|turn|36\n|\n|t:|1782911841\n|move|p2a: Gengar|Shadow Ball|p1a: Groudon\n|-damage|p1a: Groudon|86/263\n|move|p1a: Groudon|Precipice Blades|p2a: Gengar\n|-supereffective|p2a: Gengar\n|-damage|p2a: Gengar|0 fnt\n|faint|p2a: Gengar\n|\n|-weather|SunnyDay|[upkeep]\n|-heal|p1a: Groudon|102/263|[from] item: Leftovers\n|upkeep\n|\n|t:|1782911847\n|switch|p2a: Clefable|Clefable, L83, M|293/293\n|turn|37\n|\n|t:|1782911850\n|-terastallize|p1a: Groudon|Fire\n|move|p1a: Groudon|Heat Crash|p2a: Clefable\n|-damage|p2a: Clefable|58/293\n|move|p2a: Clefable|Moonblast|p1a: Groudon\n|-resisted|p1a: Groudon\n|-damage|p1a: Groudon|28/263\n|\n|-weather|SunnyDay|[upkeep]\n|-heal|p1a: Groudon|44/263|[from] item: Leftovers\n|upkeep\n|turn|38\n|\n|t:|1782911854\n|move|p1a: Groudon|Heat Crash|p2a: Clefable\n|-damage|p2a: Clefable|0 fnt\n|faint|p2a: Clefable\n|\n|-weather|SunnyDay|[upkeep]\n|-heal|p1a: Groudon|60/263|[from] item: Leftovers\n|upkeep\n|\n|t:|1782911856\n|switch|p2a: Bellibolt|Bellibolt, L84, M|320/320\n|-damage|p2a: Bellibolt|280/320|[from] Stealth Rock\n|turn|39\n|\n|t:|1782911858\n|move|p1a: Groudon|Precipice Blades|p2a: Bellibolt\n|-supereffective|p2a: Bellibolt\n|-damage|p2a: Bellibolt|8/320\n|-start|p2a: Bellibolt|Charge|Precipice Blades|[from] ability: Electromorphosis\n|move|p2a: Bellibolt|Thunderbolt|p1a: Groudon\n|-damage|p1a: Groudon|0 fnt\n|faint|p1a: Groudon\n|-end|p2a: Bellibolt|Charge|[silent]\n|\n|-weather|SunnyDay|[upkeep]\n|-heal|p2a: Bellibolt|28/320|[from] item: Leftovers\n|upkeep\n|\n|t:|1782911861\n|switch|p1a: Hippowdon|Hippowdon, L82, F|311/311\n|-weather|Sandstorm|[from] ability: Sand Stream|[of] p1a: Hippowdon\n|turn|40\n|\n|t:|1782911863\n|move|p1a: Hippowdon|Earthquake|p2a: Bellibolt\n|-supereffective|p2a: Bellibolt\n|-crit|p2a: Bellibolt\n|-damage|p2a: Bellibolt|0 fnt\n|faint|p2a: Bellibolt\n|\n|-weather|Sandstorm|[upkeep]\n|upkeep\n|\n|t:|1782911865\n|switch|p2a: Calyrex|Calyrex-Ice, L72|263/263\n|-ability|p2a: Calyrex|As One\n|-ability|p2a: Calyrex|Unnerve\n|turn|41\n|\n|t:|1782911869\n|move|p1a: Hippowdon|Stone Edge|p2a: Calyrex\n|-supereffective|p2a: Calyrex\n|-damage|p2a: Calyrex|159/263\n|move|p2a: Calyrex|Trick Room|p2a: Calyrex\n|-fieldstart|move: Trick Room|[of] p2a: Calyrex\n|\n|-weather|Sandstorm|[upkeep]\n|-damage|p2a: Calyrex|143/263|[from] Sandstorm\n|upkeep\n|turn|42\n|\n|t:|1782911873\n|move|p2a: Calyrex|Glacial Lance|p1a: Hippowdon\n|-supereffective|p1a: Hippowdon\n|-damage|p1a: Hippowdon|63/311\n|move|p1a: Hippowdon|Stone Edge|p2a: Calyrex\n|-supereffective|p2a: Calyrex\n|-damage|p2a: Calyrex|37/263\n|\n|-weather|Sandstorm|[upkeep]\n|-damage|p2a: Calyrex|21/263|[from] Sandstorm\n|-heal|p1a: Hippowdon|82/311|[from] item: Leftovers\n|upkeep\n|turn|43\n|\n|t:|1782911876\n|move|p2a: Calyrex|Glacial Lance|p1a: Hippowdon\n|-supereffective|p1a: Hippowdon\n|-damage|p1a: Hippowdon|0 fnt\n|faint|p1a: Hippowdon\n|\n|win|Lol665\n|raw|jnpr010334's rating: 1855 &rarr; <strong>1836</strong><br />(-19 for losing)\n|raw|Lol665's rating: 1871 &rarr; <strong>1890</strong><br />(+19 for winning)\n", "inputlog": ">version f8ac14003a5f27e1bdc8d8c59608a773c1cb96e5\n>start {\"formatid\":\"gen9randombattle\",\"seed\":\"sodium,b94dbf3e80950a41f60e7c9a531551ca\",\"rated\":\"Rated battle\"}\n>player p1 {\"name\":\"jnpr010334\",\"avatar\":\"265\",\"rating\":1861,\"seed\":\"sodium,081445435c8335aa4780cc41df04d508\"}\n>player p2 {\"name\":\"Lol665\",\"avatar\":\"102\",\"rating\":1871,\"seed\":\"sodium,3eca659a69956c918033c0d8fcf56bb3\"}\n>p1 move stealthrock\n>p2 switch 3\n>p1 switch 2\n>p2 move swordsdance\n>p1 move esperwing\n>p2 move stoneedge\n>p1 switch 3\n>p1 move closecombat\n>p2 move leafblade terastallize\n>p2 switch 3\n>p1 switch 4\n>p2 move bulkup\n>p1 move scald\n>p2 move bulkup\n>p1 move calmmind\n>p2 move bulkup\n>p1 move scald\n>p2 move bulkup\n>p1 move scald\n>p2 move drainpunch\n>p1 move wish\n>p2 move drainpunch\n>p1 move protect\n>p2 move drainpunch\n>p1 move scald\n>p2 move drainpunch\n>p1 move wish\n>p2 move drainpunch\n>p1 move protect\n>p2 move drainpunch\n>p1 move wish\n>p2 move drainpunch\n>p1 move scald\n>p2 move bulkup\n>p1 move scald\n>p2 move drainpunch\n>p1 move wish\n>p2 move drainpunch\n>p1 move protect\n>p2 move bulkup\n>p1 move wish\n>p2 move drainpunch\n>p1 move protect\n>p2 move icepunch\n>p1 move wish\n>p2 move icepunch\n>p1 move scald\n>p2 move icepunch\n>p1 move scald\n>p2 move drainpunch\n>p1 move wish\n>p2 move icepunch\n>p1 move protect\n>p2 move icepunch\n>p1 move scald\n>p2 move icepunch\n>p1 move scald\n>p2 move drainpunch\n>p1 move protect\n>p2 move drainpunch\n>p1 move wish\n>p2 move drainpunch\n>p1 switch 4\n>p1 move encore\n>p2 move jetpunch\n>p1 move moonblast\n>p2 move jetpunch\n>p1 switch 6\n>p1 move photongeyser\n>p2 move jetpunch\n>p1 move photongeyser\n>p2 move jetpunch\n>p2 switch 2\n>p1 move photongeyser\n>p2 move shadowball\n>p1 switch 5\n>p1 move precipiceblades\n>p2 move shadowball\n>p2 switch 6\n>p1 move heatcrash terastallize\n>p2 move moonblast\n>p1 move heatcrash\n>p2 move moonblast\n>p2 switch 4\n>p1 move precipiceblades\n>p2 move thunderbolt\n>p1 switch 2\n>p1 move earthquake\n>p2 move toxic\n>p2 switch 5\n>p1 move stoneedge\n>p2 move trickroom\n>p1 move stoneedge\n>p2 move glaciallance\n>p1 move earthquake\n>p2 move glaciallance", "uploadtime": 1782911876, "views": 3, "formatid": "gen9randombattle", "rating": 1836, "private": 0, "password": null, "player_dets": [{"name": "jnpr010334", "avatar": "265", "rating": 1861, "seed": "sodium,081445435c8335aa4780cc41df04d508"}, {"name": "Lol665", "avatar": "102", "rating": 1871, "seed": "sodium,3eca659a69956c918033c0d8fcf56bb3"}], "teams_full": [{"Hippowdon": {"name": "Hippowdon", "species": "Hippowdon", "speciesId": "hippowdon", "gender": "F", "shiny": false, "level": 82, "moves": ["earthquake", "stoneedge", "stealthrock", "slackoff"], "ability": "Sand Stream", "evs": {"hp": 85, "atk": 85, "def": 85, "spa": 85, "spd": 85, "spe": 85}, "ivs": {"hp": 31, "atk": 31, "def": 31, "spa": 31, "spd": 31, "spe": 31}, "item": "Leftovers", "teraType": "Rock", "role": "Bulky Support", "bvs": {"hp": 108, "atk": 112, "def": 118, "spa": 68, "spd": 72, "spe": 47}, "stats": {"hp": 311, "atk": 231, "def": 241, "spa": 159, "spd": 165, "spe": 124}, "types": ["Ground"]}, "Braviary": {"name": "Braviary", "species": "Braviary-Hisui", "speciesId": "braviaryhisui", "gender": "M", "shiny": false, "level": 85, "moves": ["esperwing", "vacuumwave", "hurricane", "uturn"], "ability": "Tinted Lens", "evs": {"hp": 85, "atk": 85, "def": 85, "spa": 85, "spd": 85, "spe": 85}, "ivs": {"hp": 31, "atk": 31, "def": 31, "spa": 31, "spd": 31, "spe": 31}, "item": "Choice Specs", "teraType": "Steel", "role": "Wallbreaker", "bvs": {"hp": 110, "atk": 83, "def": 70, "spa": 112, "spd": 70, "spe": 65}, "stats": {"hp": 326, "atk": 190, "def": 168, "spa": 239, "spd": 168, "spe": 159}, "types": ["Psychic", "Flying"]}, "Iron Valiant": {"name": "Iron Valiant", "species": "Iron Valiant", "speciesId": "ironvaliant", "gender": "N", "shiny": false, "level": 78, "moves": ["closecombat", "moonblast", "encore", "knockoff"], "ability": "Quark Drive", "evs": {"hp": 85, "atk": 85, "def": 85, "spa": 85, "spd": 85, "spe": 85}, "ivs": {"hp": 31, "atk": 31, "def": 31, "spa": 31, "spd": 31, "spe": 31}, "item": "Life Orb", "teraType": "Fighting", "role": "Wallbreaker", "bvs": {"hp": 74, "atk": 130, "def": 90, "spa": 120, "spd": 60, "spe": 116}, "stats": {"hp": 244, "atk": 248, "def": 185, "spa": 232, "spd": 139, "spe": 226}, "types": ["Fairy", "Fighting"]}, "Vaporeon": {"name": "Vaporeon", "species": "Vaporeon", "speciesId": "vaporeon", "gender": "M", "shiny": false, "level": 86, "moves": ["scald", "wish", "protect", "calmmind"], "ability": "Water Absorb", "evs": {"hp": 85, "atk": 0, "def": 85, "spa": 85, "spd": 85, "spe": 85}, "ivs": {"hp": 31, "atk": 0, "def": 31, "spa": 31, "spd": 31, "spe": 31}, "item": "Leftovers", "teraType": "Ghost", "role": "Bulky Setup", "bvs": {"hp": 130, "atk": 65, "def": 60, "spa": 110, "spd": 95, "spe": 65}, "stats": {"hp": 364, "atk": 116, "def": 152, "spa": 238, "spd": 213, "spe": 161}, "types": ["Water"]}, "Groudon": {"name": "Groudon", "species": "Groudon", "speciesId": "groudon", "gender": "N", "shiny": false, "level": 72, "moves": ["precipiceblades", "spikes", "thunderwave", "heatcrash"], "ability": "Drought", "evs": {"hp": 85, "atk": 85, "def": 85, "spa": 85, "spd": 85, "spe": 85}, "ivs": {"hp": 31, "atk": 31, "def": 31, "spa": 31, "spd": 31, "spe": 31}, "item": "Leftovers", "teraType": "Fire", "role": "Bulky Attacker", "bvs": {"hp": 100, "atk": 150, "def": 140, "spa": 100, "spd": 90, "spe": 90}, "stats": {"hp": 263, "atk": 258, "def": 244, "spa": 186, "spd": 172, "spe": 172}, "types": ["Ground"]}, "Necrozma": {"name": "Necrozma", "species": "Necrozma", "speciesId": "necrozma", "gender": "N", "shiny": false, "level": 80, "moves": ["calmmind", "earthpower", "moonlight", "photongeyser"], "ability": "Prism Armor", "evs": {"hp": 85, "atk": 0, "def": 85, "spa": 85, "spd": 85, "spe": 85}, "ivs": {"hp": 31, "atk": 0, "def": 31, "spa": 31, "spd": 31, "spe": 31}, "item": "Leftovers", "teraType": "Ground", "role": "Bulky Setup", "bvs": {"hp": 97, "atk": 107, "def": 101, "spa": 127, "spd": 89, "spe": 79}, "stats": {"hp": 286, "atk": 176, "def": 208, "spa": 249, "spd": 189, "spe": 173}, "types": ["Psychic"]}}, {"Palafin": {"name": "Palafin", "species": "Palafin", "speciesId": "palafin", "gender": "F", "shiny": false, "level": 77, "moves": ["bulkup", "drainpunch", "jetpunch", "icepunch"], "ability": "Zero to Hero", "evs": {"hp": 85, "atk": 85, "def": 85, "spa": 85, "spd": 85, "spe": 85}, "ivs": {"hp": 31, "atk": 31, "def": 31, "spa": 31, "spd": 31, "spe": 31}, "item": "Leftovers", "teraType": "Steel", "role": "Bulky Setup", "bvs": {"hp": 100, "atk": 70, "def": 72, "spa": 53, "spd": 62, "spe": 100}, "stats": {"hp": 281, "atk": 152, "def": 155, "spa": 126, "spd": 140, "spe": 199}, "types": ["Water"]}, "Gengar": {"name": "Gengar", "species": "Gengar", "speciesId": "gengar", "gender": "M", "shiny": false, "level": 81, "moves": ["focusblast", "trick", "shadowball", "sludgewave"], "ability": "Cursed Body", "evs": {"hp": 85, "atk": 0, "def": 85, "spa": 85, "spd": 85, "spe": 85}, "ivs": {"hp": 31, "atk": 0, "def": 31, "spa": 31, "spd": 31, "spe": 31}, "item": "Choice Specs", "teraType": "Fighting", "role": "Wallbreaker", "bvs": {"hp": 60, "atk": 65, "def": 60, "spa": 130, "spd": 75, "spe": 110}, "stats": {"hp": 230, "atk": 110, "def": 144, "spa": 257, "spd": 168, "spe": 225}, "types": ["Ghost", "Poison"]}, "Virizion": {"name": "Virizion", "species": "Virizion", "speciesId": "virizion", "gender": "N", "shiny": false, "level": 82, "moves": ["swordsdance", "closecombat", "stoneedge", "leafblade"], "ability": "Justified", "evs": {"hp": 85, "atk": 85, "def": 85, "spa": 85, "spd": 85, "spe": 85}, "ivs": {"hp": 31, "atk": 31, "def": 31, "spa": 31, "spd": 31, "spe": 31}, "item": "Life Orb", "teraType": "Rock", "role": "Setup Sweeper", "bvs": {"hp": 91, "atk": 90, "def": 72, "spa": 90, "spd": 129, "spe": 108}, "stats": {"hp": 283, "atk": 195, "def": 165, "spa": 195, "spd": 259, "spe": 224}, "types": ["Grass", "Fighting"]}, "Bellibolt": {"name": "Bellibolt", "species": "Bellibolt", "speciesId": "bellibolt", "gender": "M", "shiny": false, "level": 84, "moves": ["thunderbolt", "slackoff", "muddywater", "toxic"], "ability": "Electromorphosis", "evs": {"hp": 85, "atk": 0, "def": 85, "spa": 85, "spd": 85, "spe": 85}, "ivs": {"hp": 31, "atk": 0, "def": 31, "spa": 31, "spd": 31, "spe": 31}, "item": "Leftovers", "teraType": "Water", "role": "Bulky Attacker", "bvs": {"hp": 109, "atk": 64, "def": 91, "spa": 103, "spd": 83, "spe": 45}, "stats": {"hp": 320, "atk": 112, "def": 201, "spa": 221, "spd": 188, "spe": 124}, "types": ["Electric"]}, "Calyrex": {"name": "Calyrex", "species": "Calyrex-Ice", "speciesId": "calyrexice", "gender": "N", "shiny": false, "level": 72, "moves": ["glaciallance", "highhorsepower", "closecombat", "trickroom"], "ability": "As One (Glastrier)", "evs": {"hp": 85, "atk": 85, "def": 85, "spa": 85, "spd": 85, "spe": 0}, "ivs": {"hp": 31, "atk": 31, "def": 31, "spa": 31, "spd": 31, "spe": 0}, "item": "Heavy-Duty Boots", "teraType": "Ground", "role": "Wallbreaker", "bvs": {"hp": 100, "atk": 165, "def": 150, "spa": 85, "spd": 130, "spe": 50}, "stats": {"hp": 263, "atk": 280, "def": 258, "spa": 164, "spd": 229, "spe": 77}, "types": ["Psychic", "Ice"]}, "Clefable": {"name": "Clefable", "species": "Clefable", "speciesId": "clefable", "gender": "M", "shiny": false, "level": 83, "moves": ["moonblast", "calmmind", "moonlight", "fireblast"], "ability": "Magic Guard", "evs": {"hp": 85, "atk": 0, "def": 85, "spa": 85, "spd": 85, "spe": 85}, "ivs": {"hp": 31, "atk": 0, "def": 31, "spa": 31, "spd": 31, "spe": 31}, "item": "Life Orb", "teraType": "Steel", "role": "Bulky Setup", "bvs": {"hp": 95, "atk": 70, "def": 73, "spa": 95, "spd": 90, "spe": 60}, "stats": {"hp": 293, "atk": 121, "def": 169, "spa": 205, "spd": 197, "spe": 147}, "types": ["Fairy"]}}]}