{"id": "gen9randombattle-2642195292", "format": "[Gen 9] Random Battle", "players": ["1414144l", "regu2"], "log": "|j|\u26061414144l\n|j|\u2606regu2\n|t:|1782909007\n|gametype|singles\n|player|p1|1414144l|1|2041\n|player|p2|regu2|101|2023\n|gen|9\n|tier|[Gen 9] Random Battle\n|rated|\n|rule|Species Clause: Limit one of each Pok\u00e9mon\n|rule|HP Percentage Mod: HP is shown in percentages\n|rule|Sleep Clause Mod: Limit one foe put to sleep\n|rule|Illusion Level Mod: Illusion disguises the Pok\u00e9mon's true level\n|\n|t:|1782909007\n|teamsize|p1|6\n|teamsize|p2|6\n|start\n|switch|p1a: Umbreon|Umbreon, L84, F|297/297\n|switch|p2a: Meloetta|Meloetta, L82|298/298\n|turn|1\n|inactive|Battle timer is ON: inactive players will automatically lose when time's up. (requested by regu2)\n|\n|t:|1782909027\n|switch|p2a: Mesprit|Mesprit, L85|275/275\n|move|p1a: Umbreon|Foul Play|p2a: Mesprit\n|-supereffective|p2a: Mesprit\n|-damage|p2a: Mesprit|117/275\n|\n|-heal|p2a: Mesprit|134/275|[from] item: Leftovers\n|upkeep\n|turn|2\n|inactive|1414144l has 120 seconds left.\n|\n|t:|1782909062\n|switch|p1a: Smeargle|Smeargle, L95, M|258/258\n|move|p2a: Mesprit|Stealth Rock|p1a: Smeargle\n|-sidestart|p1: 1414144l|move: Stealth Rock\n|\n|-heal|p2a: Mesprit|151/275|[from] item: Leftovers\n|upkeep\n|turn|3\n|\n|t:|1782909070\n|move|p1a: Smeargle|Sticky Web|p2a: Mesprit\n|-sidestart|p2: regu2|move: Sticky Web\n|move|p2a: Mesprit|Thunder Wave|p1a: Smeargle\n|-status|p1a: Smeargle|par\n|\n|-heal|p2a: Mesprit|168/275|[from] item: Leftovers\n|upkeep\n|turn|4\n|\n|t:|1782909075\n|move|p2a: Mesprit|Encore|p1a: Smeargle\n|-start|p1a: Smeargle|Encore\n|move|p1a: Smeargle|Sticky Web||[still]\n|-fail|p1a: Smeargle\n|\n|-heal|p2a: Mesprit|185/275|[from] item: Leftovers\n|upkeep\n|turn|5\n|\n|t:|1782909090\n|move|p2a: Mesprit|Thunder Wave|p1a: Smeargle\n|-fail|p1a: Smeargle|par\n|move|p1a: Smeargle|Sticky Web||[still]\n|-fail|p1a: Smeargle\n|\n|-heal|p2a: Mesprit|202/275|[from] item: Leftovers\n|upkeep\n|turn|6\n|\n|t:|1782909104\n|switch|p1a: Umbreon|Umbreon, L84, F|297/297\n|-damage|p1a: Umbreon|260/297|[from] Stealth Rock\n|move|p2a: Mesprit|Psychic Noise|p1a: Umbreon\n|-immune|p1a: Umbreon\n|\n|-heal|p2a: Mesprit|219/275|[from] item: Leftovers\n|-heal|p1a: Umbreon|278/297|[from] item: Leftovers\n|upkeep\n|turn|7\n|\n|t:|1782909109\n|move|p2a: Mesprit|Thunder Wave|p1a: Umbreon\n|-status|p1a: Umbreon|par\n|-activate|p1a: Umbreon|ability: Synchronize\n|-status|p2a: Mesprit|par\n|cant|p1a: Umbreon|par\n|\n|-heal|p2a: Mesprit|236/275 par|[from] item: Leftovers\n|-heal|p1a: Umbreon|296/297 par|[from] item: Leftovers\n|upkeep\n|turn|8\n|\n|t:|1782909120\n|switch|p2a: Magnezone|Magnezone, L85|258/258\n|-activate|p2a: Magnezone|move: Sticky Web\n|-unboost|p2a: Magnezone|spe|1\n|move|p1a: Umbreon|Toxic|p2a: Magnezone\n|-immune|p2a: Magnezone\n|\n|-heal|p1a: Umbreon|297/297 par|[from] item: Leftovers\n|upkeep\n|turn|9\n|\n|t:|1782909126\n|move|p1a: Umbreon|Protect|p1a: Umbreon\n|-singleturn|p1a: Umbreon|Protect\n|move|p2a: Magnezone|Thunderbolt|p1a: Umbreon\n|-activate|p1a: Umbreon|move: Protect\n|\n|upkeep\n|turn|10\n|\n|t:|1782909131\n|move|p2a: Magnezone|Thunderbolt|p1a: Umbreon\n|-damage|p1a: Umbreon|204/297 par\n|move|p1a: Umbreon|Wish|p1a: Umbreon\n|\n|-heal|p1a: Umbreon|222/297 par|[from] item: Leftovers\n|upkeep\n|turn|11\n|\n|t:|1782909136\n|move|p2a: Magnezone|Thunderbolt|p1a: Umbreon\n|-damage|p1a: Umbreon|129/297 par\n|cant|p1a: Umbreon|par\n|\n|-heal|p1a: Umbreon|277/297 par|[from] move: Wish|[wisher] Umbreon\n|-heal|p1a: Umbreon|295/297 par|[from] item: Leftovers\n|upkeep\n|turn|12\n|\n|t:|1782909146\n|switch|p2a: Mesprit|Mesprit, L85|236/275 par\n|cant|p1a: Umbreon|par\n|\n|-heal|p2a: Mesprit|253/275 par|[from] item: Leftovers\n|-heal|p1a: Umbreon|297/297 par|[from] item: Leftovers\n|upkeep\n|turn|13\n|\n|t:|1782909167\n|move|p2a: Mesprit|Encore|p1a: Umbreon\n|-start|p1a: Umbreon|Encore\n|move|p1a: Umbreon|Wish|p1a: Umbreon\n|\n|-heal|p2a: Mesprit|270/275 par|[from] item: Leftovers\n|upkeep\n|turn|14\n|\n|t:|1782909173\n|switch|p1a: Smeargle|Smeargle, L95, M|258/258 par\n|-damage|p1a: Smeargle|226/258 par|[from] Stealth Rock\n|cant|p2a: Mesprit|par\n|\n|-heal|p1a: Smeargle|258/258 par|[from] move: Wish|[wisher] Umbreon\n|-heal|p2a: Mesprit|275/275 par|[from] item: Leftovers\n|upkeep\n|turn|15\n|\n|t:|1782909195\n|cant|p1a: Smeargle|par\n|move|p2a: Mesprit|Psychic Noise|p1a: Smeargle\n|-damage|p1a: Smeargle|140/258 par\n|-start|p1a: Smeargle|move: Heal Block\n|\n|upkeep\n|turn|16\n|\n|t:|1782909200\n|cant|p1a: Smeargle|par\n|cant|p2a: Mesprit|par\n|\n|-end|p1a: Smeargle|move: Heal Block\n|upkeep\n|turn|17\n|\n|t:|1782909203\n|cant|p1a: Smeargle|par\n|move|p2a: Mesprit|Psychic Noise|p1a: Smeargle\n|-damage|p1a: Smeargle|17/258 par\n|-start|p1a: Smeargle|move: Heal Block\n|\n|upkeep\n|turn|18\n|\n|t:|1782909209\n|move|p1a: Smeargle|Ceaseless Edge|p2a: Mesprit\n|-supereffective|p2a: Mesprit\n|-crit|p2a: Mesprit\n|-damage|p2a: Mesprit|207/275 par\n|-sidestart|p2: regu2|Spikes\n|move|p2a: Mesprit|Psychic Noise|p1a: Smeargle\n|-damage|p1a: Smeargle|0 fnt\n|faint|p1a: Smeargle\n|\n|-heal|p2a: Mesprit|224/275 par|[from] item: Leftovers\n|upkeep\n|\n|t:|1782909226\n|switch|p1a: Klefki|Klefki, L84, M|233/233\n|-damage|p1a: Klefki|219/233|[from] Stealth Rock\n|turn|19\n|\n|t:|1782909231\n|move|p1a: Klefki|Spikes|p2a: Mesprit\n|-sidestart|p2: regu2|Spikes\n|move|p2a: Mesprit|Thunder Wave|p1a: Klefki\n|-status|p1a: Klefki|par\n|\n|-heal|p2a: Mesprit|241/275 par|[from] item: Leftovers\n|-heal|p1a: Klefki|233/233 par|[from] item: Leftovers\n|upkeep\n|turn|20\n|\n|t:|1782909249\n|move|p1a: Klefki|Spikes|p2a: Mesprit\n|-sidestart|p2: regu2|Spikes\n|move|p2a: Mesprit|Encore|p1a: Klefki\n|-start|p1a: Klefki|Encore\n|\n|-heal|p2a: Mesprit|258/275 par|[from] item: Leftovers\n|upkeep\n|turn|21\n|\n|t:|1782909258\n|switch|p2a: Mandibuzz|Mandibuzz, L85, F|326/326\n|switch|p1a: Conkeldurr|Conkeldurr, L80, M|299/299\n|-damage|p1a: Conkeldurr|281/299|[from] Stealth Rock\n|\n|-status|p1a: Conkeldurr|brn|[from] item: Flame Orb\n|upkeep\n|turn|22\n|\n|t:|1782909264\n|move|p2a: Mandibuzz|Defog|p1a: Conkeldurr\n|-unboost|p1a: Conkeldurr|evasion|1\n|-sideend|p1: 1414144l|Stealth Rock|[from] move: Defog|[of] p2a: Mandibuzz\n|-sideend|p2: regu2|Spikes|[from] move: Defog|[of] p2a: Mandibuzz\n|-sideend|p2: regu2|Sticky Web|[from] move: Defog|[of] p2a: Mandibuzz\n|move|p1a: Conkeldurr|Close Combat|p2a: Mandibuzz\n|-damage|p2a: Mandibuzz|122/326\n|-unboost|p1a: Conkeldurr|def|1\n|-unboost|p1a: Conkeldurr|spd|1\n|\n|-damage|p1a: Conkeldurr|263/299 brn|[from] brn\n|upkeep\n|turn|23\n|inactive|1414144l has 120 seconds left.\n|\n|t:|1782909309\n|move|p2a: Mandibuzz|Brave Bird|p1a: Conkeldurr\n|-supereffective|p1a: Conkeldurr\n|-damage|p1a: Conkeldurr|0 fnt\n|faint|p1a: Conkeldurr\n|-damage|p2a: Mandibuzz|35/326|[from] Recoil\n|\n|upkeep\n|\n|t:|1782909317\n|switch|p1a: Medicham|Medicham, L86, F|243/243\n|turn|24\n|\n|t:|1782909324\n|move|p1a: Medicham|Close Combat|p2a: Mandibuzz\n|-damage|p2a: Mandibuzz|0 fnt\n|-unboost|p1a: Medicham|def|1\n|-unboost|p1a: Medicham|spd|1\n|faint|p2a: Mandibuzz\n|\n|upkeep\n|\n|t:|1782909335\n|switch|p2a: Magnezone|Magnezone, L85|258/258\n|turn|25\n|\n|t:|1782909345\n|switch|p1a: Umbreon|Umbreon, L84, F|297/297 par\n|move|p2a: Magnezone|Volt Switch|p1a: Umbreon\n|-damage|p1a: Umbreon|228/297 par\n|\n|t:|1782909351\n|switch|p2a: Rillaboom|Rillaboom, L79, F|288/288|[from] Volt Switch\n|-fieldstart|move: Grassy Terrain|[from] ability: Grassy Surge|[of] p2a: Rillaboom\n|\n|-heal|p1a: Umbreon|246/297 par|[from] Grassy Terrain\n|-heal|p1a: Umbreon|264/297 par|[from] item: Leftovers\n|upkeep\n|turn|26\n|\n|t:|1782909360\n|switch|p1a: Klefki|Klefki, L84, M|233/233 par\n|move|p2a: Rillaboom|Wood Hammer|p1a: Klefki\n|-resisted|p1a: Klefki\n|-damage|p1a: Klefki|105/233 par\n|-damage|p2a: Rillaboom|246/288|[from] Recoil\n|\n|-heal|p2a: Rillaboom|264/288|[from] Grassy Terrain\n|-heal|p1a: Klefki|119/233 par|[from] Grassy Terrain\n|-heal|p1a: Klefki|133/233 par|[from] item: Leftovers\n|upkeep\n|turn|27\n|\n|t:|1782909365\n|switch|p2a: Magnezone|Magnezone, L85|258/258\n|move|p1a: Klefki|Spikes|p2a: Magnezone\n|-sidestart|p2: regu2|Spikes\n|\n|-heal|p1a: Klefki|147/233 par|[from] Grassy Terrain\n|-heal|p1a: Klefki|161/233 par|[from] item: Leftovers\n|upkeep\n|turn|28\n|\n|t:|1782909372\n|move|p1a: Klefki|Spikes|p2a: Magnezone\n|-sidestart|p2: regu2|Spikes\n|move|p2a: Magnezone|Flash Cannon|p1a: Klefki\n|-damage|p1a: Klefki|46/233 par\n|\n|-heal|p1a: Klefki|60/233 par|[from] Grassy Terrain\n|-heal|p1a: Klefki|74/233 par|[from] item: Leftovers\n|upkeep\n|turn|29\n|\n|t:|1782909374\n|move|p1a: Klefki|Spikes|p2a: Magnezone\n|-sidestart|p2: regu2|Spikes\n|move|p2a: Magnezone|Flash Cannon|p1a: Klefki\n|-damage|p1a: Klefki|0 fnt\n|faint|p1a: Klefki\n|\n|-fieldend|move: Grassy Terrain\n|upkeep\n|\n|t:|1782909377\n|switch|p1a: Medicham|Medicham, L86, F|243/243\n|turn|30\n|\n|t:|1782909381\n|-terastallize|p1a: Medicham|Fighting\n|move|p1a: Medicham|Close Combat|p2a: Magnezone\n|-supereffective|p2a: Magnezone\n|-damage|p2a: Magnezone|0 fnt\n|-unboost|p1a: Medicham|def|1\n|-unboost|p1a: Medicham|spd|1\n|faint|p2a: Magnezone\n|\n|upkeep\n|\n|t:|1782909403\n|switch|p2a: Mesprit|Mesprit, L85|258/275 par\n|turn|31\n|\n|t:|1782909419\n|switch|p2a: Maushold|Maushold, L76|238/238\n|-damage|p2a: Maushold|179/238|[from] Spikes\n|move|p1a: Medicham|Close Combat|p2a: Maushold\n|-supereffective|p2a: Maushold\n|-damage|p2a: Maushold|0 fnt\n|-unboost|p1a: Medicham|def|1\n|-unboost|p1a: Medicham|spd|1\n|faint|p2a: Maushold\n|\n|upkeep\n|\n|t:|1782909422\n|switch|p2a: Mesprit|Mesprit, L85|258/275 par\n|turn|32\n|\n|t:|1782909426\n|switch|p1a: Umbreon|Umbreon, L84, F|264/297 par\n|cant|p2a: Mesprit|par\n|\n|-heal|p2a: Mesprit|275/275 par|[from] item: Leftovers\n|-heal|p1a: Umbreon|282/297 par|[from] item: Leftovers\n|upkeep\n|turn|33\n|\n|t:|1782909434\n|switch|p2a: Rillaboom|Rillaboom, L79, F|264/288\n|-damage|p2a: Rillaboom|192/288|[from] Spikes\n|-fieldstart|move: Grassy Terrain|[from] ability: Grassy Surge|[of] p2a: Rillaboom\n|cant|p1a: Umbreon|par\n|\n|-heal|p2a: Rillaboom|210/288|[from] Grassy Terrain\n|-heal|p1a: Umbreon|297/297 par|[from] Grassy Terrain\n|upkeep\n|turn|34\n|\n|t:|1782909438\n|move|p2a: Rillaboom|Wood Hammer|p1a: Umbreon\n|-damage|p1a: Umbreon|92/297 par\n|-damage|p2a: Rillaboom|142/288|[from] Recoil\n|move|p1a: Umbreon|Foul Play|p2a: Rillaboom\n|-damage|p2a: Rillaboom|30/288\n|\n|-heal|p2a: Rillaboom|48/288|[from] Grassy Terrain\n|-heal|p1a: Umbreon|110/297 par|[from] Grassy Terrain\n|-heal|p1a: Umbreon|128/297 par|[from] item: Leftovers\n|upkeep\n|turn|35\n|\n|t:|1782909447\n|cant|p1a: Umbreon|par\n|move|p2a: Rillaboom|Wood Hammer|p1a: Umbreon\n|-damage|p1a: Umbreon|0 fnt\n|faint|p1a: Umbreon\n|-damage|p2a: Rillaboom|6/288|[from] Recoil\n|\n|-heal|p2a: Rillaboom|24/288|[from] Grassy Terrain\n|upkeep\n|\n|t:|1782909474\n|switch|p1a: Iron Bundle|Iron Bundle, L78|215/215\n|turn|36\n|\n|t:|1782909479\n|switch|p2a: Mesprit|Mesprit, L85|275/275 par\n|move|p1a: Iron Bundle|Ice Beam|p2a: Mesprit\n|-damage|p2a: Mesprit|152/275 par\n|\n|-heal|p2a: Mesprit|169/275 par|[from] item: Leftovers\n|upkeep\n|turn|37\n|\n|t:|1782909484\n|move|p1a: Iron Bundle|Ice Beam|p2a: Mesprit\n|-damage|p2a: Mesprit|42/275 par\n|move|p2a: Mesprit|Thunder Wave|p1a: Iron Bundle\n|-status|p1a: Iron Bundle|par\n|\n|-heal|p2a: Mesprit|59/275 par|[from] item: Leftovers\n|-fieldend|move: Grassy Terrain\n|upkeep\n|turn|38\n|\n|t:|1782909498\n|cant|p1a: Iron Bundle|par\n|move|p2a: Mesprit|Encore|p1a: Iron Bundle\n|-start|p1a: Iron Bundle|Encore\n|\n|-heal|p2a: Mesprit|76/275 par|[from] item: Leftovers\n|upkeep\n|turn|39\n|\n|t:|1782909504\n|move|p1a: Iron Bundle|Ice Beam|p2a: Mesprit\n|-damage|p2a: Mesprit|0 fnt\n|faint|p2a: Mesprit\n|\n|upkeep\n|\n|t:|1782909507\n|switch|p2a: Meloetta|Meloetta, L82|298/298\n|-damage|p2a: Meloetta|224/298|[from] Spikes\n|turn|40\n|\n|t:|1782909518\n|move|p2a: Meloetta|Calm Mind|p2a: Meloetta\n|-boost|p2a: Meloetta|spa|1\n|-boost|p2a: Meloetta|spd|1\n|move|p1a: Iron Bundle|Ice Beam|p2a: Meloetta\n|-damage|p2a: Meloetta|143/298\n|\n|-heal|p2a: Meloetta|161/298|[from] item: Leftovers\n|upkeep\n|turn|41\n|\n|t:|1782909522\n|move|p2a: Meloetta|Calm Mind|p2a: Meloetta\n|-boost|p2a: Meloetta|spa|1\n|-boost|p2a: Meloetta|spd|1\n|move|p1a: Iron Bundle|Ice Beam|p2a: Meloetta\n|-damage|p2a: Meloetta|107/298\n|\n|-heal|p2a: Meloetta|125/298|[from] item: Leftovers\n|-end|p1a: Iron Bundle|Encore\n|upkeep\n|turn|42\n|\n|t:|1782909527\n|move|p2a: Meloetta|Calm Mind|p2a: Meloetta\n|-boost|p2a: Meloetta|spa|1\n|-boost|p2a: Meloetta|spd|1\n|move|p1a: Iron Bundle|Ice Beam|p2a: Meloetta\n|-damage|p2a: Meloetta|80/298\n|\n|-heal|p2a: Meloetta|98/298|[from] item: Leftovers\n|upkeep\n|turn|43\n|\n|t:|1782909542\n|move|p2a: Meloetta|Calm Mind|p2a: Meloetta\n|-boost|p2a: Meloetta|spa|1\n|-boost|p2a: Meloetta|spd|1\n|move|p1a: Iron Bundle|Ice Beam|p2a: Meloetta\n|-damage|p2a: Meloetta|62/298\n|\n|-heal|p2a: Meloetta|80/298|[from] item: Leftovers\n|upkeep\n|turn|44\n|\n|t:|1782909545\n|move|p2a: Meloetta|Calm Mind|p2a: Meloetta\n|-boost|p2a: Meloetta|spa|1\n|-boost|p2a: Meloetta|spd|1\n|move|p1a: Iron Bundle|Ice Beam|p2a: Meloetta\n|-damage|p2a: Meloetta|49/298\n|\n|-heal|p2a: Meloetta|67/298|[from] item: Leftovers\n|upkeep\n|turn|45\n|\n|t:|1782909547\n|move|p2a: Meloetta|Calm Mind|p2a: Meloetta\n|-boost|p2a: Meloetta|spa|1\n|-boost|p2a: Meloetta|spd|1\n|move|p1a: Iron Bundle|Ice Beam|p2a: Meloetta\n|-damage|p2a: Meloetta|39/298\n|\n|-heal|p2a: Meloetta|57/298|[from] item: Leftovers\n|upkeep\n|turn|46\n|\n|t:|1782909549\n|move|p2a: Meloetta|Calm Mind|p2a: Meloetta\n|-boost|p2a: Meloetta|spa|0\n|-boost|p2a: Meloetta|spd|0\n|move|p1a: Iron Bundle|Ice Beam|p2a: Meloetta\n|-damage|p2a: Meloetta|27/298\n|\n|-heal|p2a: Meloetta|45/298|[from] item: Leftovers\n|upkeep\n|turn|47\n|\n|t:|1782909555\n|move|p2a: Meloetta|Calm Mind|p2a: Meloetta\n|-boost|p2a: Meloetta|spa|0\n|-boost|p2a: Meloetta|spd|0\n|move|p1a: Iron Bundle|Ice Beam|p2a: Meloetta\n|-damage|p2a: Meloetta|12/298\n|\n|-heal|p2a: Meloetta|30/298|[from] item: Leftovers\n|upkeep\n|turn|48\n|\n|t:|1782909571\n|move|p2a: Meloetta|Calm Mind|p2a: Meloetta\n|-boost|p2a: Meloetta|spa|0\n|-boost|p2a: Meloetta|spd|0\n|move|p1a: Iron Bundle|Ice Beam|p2a: Meloetta\n|-damage|p2a: Meloetta|0 fnt\n|faint|p2a: Meloetta\n|\n|upkeep\n|-message|regu2 forfeited.\n|\n|win|1414144l\n|raw|1414144l's rating: 2041 &rarr; <strong>2060</strong><br />(+19 for winning)\n|raw|regu2's rating: 2023 &rarr; <strong>2004</strong><br />(-19 for losing)\n", "inputlog": ">version f8ac14003a5f27e1bdc8d8c59608a773c1cb96e5\n>start {\"formatid\":\"gen9randombattle\",\"seed\":\"sodium,867c49d8d064ed7e025cd6e909ac2465\",\"rated\":\"Rated battle\"}\n>player p1 {\"name\":\"1414144l\",\"avatar\":\"1\",\"rating\":2041,\"seed\":\"sodium,f06ae0154d246adb6f5d935ea42e6c13\"}\n>player p2 {\"name\":\"regu2\",\"avatar\":\"101\",\"rating\":2023,\"seed\":\"sodium,44afae8688e92beeab6d21f763f7257a\"}\n>p1 move foulplay\n>p2 switch 4\n>p1 switch 2\n>p2 move stealthrock\n>p1 move stickyweb\n>p2 move thunderwave\n>p1 move spore\n>p2 move encore\n>p1 move stickyweb\n>p2 move thunderwave\n>p1 switch 2\n>p2 move psychicnoise\n>p1 move toxic\n>p2 move thunderwave\n>p1 move toxic\n>p2 switch 5\n>p1 move protect\n>p2 move thunderbolt\n>p1 move wish\n>p2 move thunderbolt\n>p1 move foulplay\n>p2 move thunderbolt\n>p1 move wish\n>p2 switch 5\n>p1 move foulplay\n>p2 move encore\n>p1 switch 2\n>p2 move psychicnoise\n>p1 move ceaselessedge\n>p2 move psychicnoise\n>p1 move ceaselessedge\n>p2 move psychicnoise\n>p1 move ceaselessedge\n>p2 move psychicnoise\n>p1 move ceaselessedge\n>p2 move psychicnoise\n>p1 switch 3\n>p1 move spikes\n>p2 move thunderwave\n>p1 move spikes\n>p2 move encore\n>p1 switch 5\n>p2 switch 6\n>p1 move closecombat\n>p2 move defog\n>p1 move facade\n>p2 move bravebird\n>p1 switch 4\n>p1 move closecombat\n>p2 move roost\n>p2 switch 5\n>p1 switch 2\n>p2 move voltswitch\n>p2 switch 3\n>p1 switch 5\n>p2 move woodhammer\n>p1 move spikes\n>p2 switch 3\n>p1 move spikes\n>p2 move flashcannon\n>p1 move spikes\n>p2 move flashcannon\n>p1 switch 2\n>p1 move closecombat terastallize\n>p2 move flashcannon\n>p2 switch 6\n>p1 move closecombat\n>p2 switch 2\n>p2 switch 2\n>p1 switch 5\n>p2 move psychicnoise\n>p1 move foulplay\n>p2 switch 3\n>p1 move foulplay\n>p2 move woodhammer\n>p1 move protect\n>p2 move woodhammer\n>p1 switch 6\n>p1 move icebeam\n>p2 switch 3\n>p1 move icebeam\n>p2 move thunderwave\n>p1 move icebeam\n>p2 move encore\n>p1 move icebeam\n>p2 move psychicnoise\n>p2 switch 4\n>p1 move icebeam\n>p2 move calmmind\n>p1 move icebeam\n>p2 move calmmind\n>p1 move icebeam\n>p2 move calmmind\n>p1 move icebeam\n>p2 move calmmind\n>p1 move icebeam\n>p2 move calmmind\n>p1 move icebeam\n>p2 move calmmind\n>p1 move icebeam\n>p2 move calmmind\n>p1 move icebeam\n>p2 move calmmind\n>p1 move icebeam\n>p2 move calmmind\n>forcelose p2", "uploadtime": 1782909577, "views": 2, "formatid": "gen9randombattle", "rating": 2004, "private": 0, "password": null, "player_dets": [{"name": "1414144l", "avatar": "1", "rating": 2041, "seed": "sodium,f06ae0154d246adb6f5d935ea42e6c13"}, {"name": "regu2", "avatar": "101", "rating": 2023, "seed": "sodium,44afae8688e92beeab6d21f763f7257a"}], "teams_full": [{"Umbreon": {"name": "Umbreon", "species": "Umbreon", "speciesId": "umbreon", "gender": "F", "shiny": false, "level": 84, "moves": ["toxic", "foulplay", "protect", "wish"], "ability": "Synchronize", "evs": {"hp": 85, "atk": 0, "def": 85, "spa": 85, "spd": 85, "spe": 85}, "ivs": {"hp": 31, "atk": 0, "def": 31, "spa": 31, "spd": 31, "spe": 31}, "item": "Leftovers", "teraType": "Poison", "role": "Bulky Support", "bvs": {"hp": 95, "atk": 65, "def": 110, "spa": 60, "spd": 130, "spe": 65}, "stats": {"hp": 297, "atk": 114, "def": 233, "spa": 149, "spd": 267, "spe": 157}, "types": ["Dark"]}, "Smeargle": {"name": "Smeargle", "species": "Smeargle", "speciesId": "smeargle", "gender": "M", "shiny": false, "level": 95, "moves": ["ceaselessedge", "stickyweb", "spore", "whirlwind"], "ability": "Own Tempo", "evs": {"hp": 85, "atk": 85, "def": 85, "spa": 85, "spd": 85, "spe": 85}, "ivs": {"hp": 31, "atk": 31, "def": 31, "spa": 31, "spd": 31, "spe": 31}, "item": "Focus Sash", "teraType": "Ghost", "role": "Fast Support", "bvs": {"hp": 55, "atk": 20, "def": 35, "spa": 20, "spd": 45, "spe": 75}, "stats": {"hp": 258, "atk": 92, "def": 120, "spa": 92, "spd": 139, "spe": 196}, "types": ["Normal"]}, "Klefki": {"name": "Klefki", "species": "Klefki", "speciesId": "klefki", "gender": "M", "shiny": false, "level": 84, "moves": ["playrough", "magnetrise", "spikes", "thunderwave"], "ability": "Prankster", "evs": {"hp": 85, "atk": 85, "def": 85, "spa": 85, "spd": 85, "spe": 85}, "ivs": {"hp": 31, "atk": 31, "def": 31, "spa": 31, "spd": 31, "spe": 31}, "item": "Leftovers", "teraType": "Water", "role": "Bulky Support", "bvs": {"hp": 57, "atk": 80, "def": 91, "spa": 80, "spd": 87, "spe": 75}, "stats": {"hp": 233, "atk": 183, "def": 201, "spa": 183, "spd": 194, "spe": 174}, "types": ["Steel", "Fairy"]}, "Medicham": {"name": "Medicham", "species": "Medicham", "speciesId": "medicham", "gender": "F", "shiny": false, "level": 86, "moves": ["closecombat", "zenheadbutt", "trick", "poisonjab"], "ability": "Pure Power", "evs": {"hp": 85, "atk": 85, "def": 85, "spa": 85, "spd": 85, "spe": 85}, "ivs": {"hp": 31, "atk": 31, "def": 31, "spa": 31, "spd": 31, "spe": 31}, "item": "Choice Scarf", "teraType": "Fighting", "role": "Fast Attacker", "bvs": {"hp": 60, "atk": 60, "def": 75, "spa": 60, "spd": 75, "spe": 80}, "stats": {"hp": 243, "atk": 152, "def": 178, "spa": 152, "spd": 178, "spe": 187}, "types": ["Fighting", "Psychic"]}, "Conkeldurr": {"name": "Conkeldurr", "species": "Conkeldurr", "speciesId": "conkeldurr", "gender": "M", "shiny": false, "level": 80, "moves": ["knockoff", "facade", "closecombat", "machpunch"], "ability": "Guts", "evs": {"hp": 85, "atk": 85, "def": 85, "spa": 85, "spd": 85, "spe": 85}, "ivs": {"hp": 31, "atk": 31, "def": 31, "spa": 31, "spd": 31, "spe": 31}, "item": "Flame Orb", "teraType": "Normal", "role": "Wallbreaker", "bvs": {"hp": 105, "atk": 140, "def": 95, "spa": 55, "spd": 65, "spe": 45}, "stats": {"hp": 299, "atk": 270, "def": 198, "spa": 134, "spd": 150, "spe": 118}, "types": ["Fighting"]}, "Iron Bundle": {"name": "Iron Bundle", "species": "Iron Bundle", "speciesId": "ironbundle", "gender": "N", "shiny": false, "level": 78, "moves": ["flipturn", "freezedry", "icebeam", "hydropump"], "ability": "Quark Drive", "evs": {"hp": 85, "atk": 85, "def": 85, "spa": 85, "spd": 85, "spe": 85}, "ivs": {"hp": 31, "atk": 31, "def": 31, "spa": 31, "spd": 31, "spe": 31}, "item": "Choice Specs", "teraType": "Ice", "role": "Fast Attacker", "bvs": {"hp": 56, "atk": 80, "def": 114, "spa": 124, "spd": 60, "spe": 136}, "stats": {"hp": 215, "atk": 170, "def": 223, "spa": 239, "spd": 139, "spe": 257}, "types": ["Ice", "Water"]}}, {"Meloetta": {"name": "Meloetta", "species": "Meloetta", "speciesId": "meloetta", "gender": "N", "shiny": false, "level": 82, "moves": ["calmmind", "psyshock", "focusblast", "hypervoice"], "ability": "Serene Grace", "evs": {"hp": 85, "atk": 0, "def": 85, "spa": 85, "spd": 85, "spe": 85}, "ivs": {"hp": 31, "atk": 0, "def": 31, "spa": 31, "spd": 31, "spe": 31}, "item": "Leftovers", "teraType": "Normal", "role": "Bulky Attacker", "bvs": {"hp": 100, "atk": 77, "def": 77, "spa": 128, "spd": 128, "spe": 90}, "stats": {"hp": 298, "atk": 131, "def": 173, "spa": 257, "spd": 257, "spe": 195}, "types": ["Normal", "Psychic"]}, "Maushold": {"name": "Maushold", "species": "Maushold", "speciesId": "maushold", "gender": "N", "shiny": false, "level": 76, "moves": ["bite", "populationbomb", "tidyup", "encore"], "ability": "Technician", "evs": {"hp": 85, "atk": 85, "def": 85, "spa": 85, "spd": 85, "spe": 85}, "ivs": {"hp": 31, "atk": 31, "def": 31, "spa": 31, "spd": 31, "spe": 31}, "item": "Wide Lens", "teraType": "Normal", "role": "Setup Sweeper", "bvs": {"hp": 74, "atk": 75, "def": 70, "spa": 65, "spd": 75, "spe": 111}, "stats": {"hp": 238, "atk": 158, "def": 150, "spa": 143, "spd": 158, "spe": 213}, "types": ["Normal"]}, "Rillaboom": {"name": "Rillaboom", "species": "Rillaboom", "speciesId": "rillaboom", "gender": "F", "shiny": false, "level": 79, "moves": ["woodhammer", "uturn", "grassyglide", "highhorsepower"], "ability": "Grassy Surge", "evs": {"hp": 85, "atk": 85, "def": 85, "spa": 85, "spd": 85, "spe": 85}, "ivs": {"hp": 31, "atk": 31, "def": 31, "spa": 31, "spd": 31, "spe": 31}, "item": "Choice Band", "teraType": "Grass", "role": "Fast Attacker", "bvs": {"hp": 100, "atk": 125, "def": 90, "spa": 60, "spd": 70, "spe": 85}, "stats": {"hp": 288, "atk": 243, "def": 188, "spa": 140, "spd": 156, "spe": 180}, "types": ["Grass"]}, "Mesprit": {"name": "Mesprit", "species": "Mesprit", "speciesId": "mesprit", "gender": "N", "shiny": false, "level": 85, "moves": ["thunderwave", "psychicnoise", "encore", "stealthrock"], "ability": "Levitate", "evs": {"hp": 85, "atk": 0, "def": 85, "spa": 85, "spd": 85, "spe": 85}, "ivs": {"hp": 31, "atk": 0, "def": 31, "spa": 31, "spd": 31, "spe": 31}, "item": "Leftovers", "teraType": "Dark", "role": "Bulky Support", "bvs": {"hp": 80, "atk": 105, "def": 105, "spa": 105, "spd": 105, "spe": 80}, "stats": {"hp": 275, "atk": 183, "def": 227, "spa": 227, "spd": 227, "spe": 185}, "types": ["Psychic"]}, "Magnezone": {"name": "Magnezone", "species": "Magnezone", "speciesId": "magnezone", "gender": "N", "shiny": false, "level": 85, "moves": ["bodypress", "flashcannon", "voltswitch", "thunderbolt"], "ability": "Magnet Pull", "evs": {"hp": 85, "atk": 0, "def": 85, "spa": 85, "spd": 85, "spe": 85}, "ivs": {"hp": 31, "atk": 0, "def": 31, "spa": 31, "spd": 31, "spe": 31}, "item": "Choice Scarf", "teraType": "Electric", "role": "Fast Attacker", "bvs": {"hp": 70, "atk": 70, "def": 115, "spa": 130, "spd": 90, "spe": 60}, "stats": {"hp": 258, "atk": 124, "def": 244, "spa": 270, "spd": 202, "spe": 151}, "types": ["Electric", "Steel"]}, "Mandibuzz": {"name": "Mandibuzz", "species": "Mandibuzz", "speciesId": "mandibuzz", "gender": "F", "shiny": false, "level": 85, "moves": ["foulplay", "defog", "bravebird", "roost"], "ability": "Overcoat", "evs": {"hp": 85, "atk": 85, "def": 85, "spa": 85, "spd": 85, "spe": 85}, "ivs": {"hp": 31, "atk": 31, "def": 31, "spa": 31, "spd": 31, "spe": 31}, "item": "Heavy-Duty Boots", "teraType": "Steel", "role": "Bulky Attacker", "bvs": {"hp": 110, "atk": 65, "def": 105, "spa": 55, "spd": 95, "spe": 80}, "stats": {"hp": 326, "atk": 159, "def": 227, "spa": 142, "spd": 210, "spe": 185}, "types": ["Dark", "Flying"]}}]}