{"id": "gen9randombattle-2641877245", "format": "[Gen 9] Random Battle", "players": ["Xelemental 4ever", "docyber"], "log": "|j|\u2606Xelemental 4ever\n|j|\u2606docyber\n|t:|1782852667\n|gametype|singles\n|player|p1|Xelemental 4ever|169|\n|player|p2|docyber|2|\n|gen|9\n|tier|[Gen 9] Random Battle\n|rule|Species Clause: Limit one of each Pok\u00e9mon\n|rule|HP Percentage Mod: HP is shown in percentages\n|rule|Sleep Clause Mod: Limit one foe put to sleep\n|rule|Illusion Level Mod: Illusion disguises the Pok\u00e9mon's true level\n|\n|t:|1782852667\n|teamsize|p1|6\n|teamsize|p2|6\n|start\n|switch|p1a: Flareon|Flareon, L90, F|263/263\n|switch|p2a: Chien-Pao|Chien-Pao, L72|234/234\n|-ability|p2a: Chien-Pao|Sword of Ruin\n|turn|1\n|\n|t:|1782852699\n|switch|p2a: Iron Thorns|Iron Thorns, L83|302/302\n|-enditem|p2a: Iron Thorns|Booster Energy\n|-activate|p2a: Iron Thorns|ability: Quark Drive|[fromitem]\n|-start|p2a: Iron Thorns|quarkdriveatk\n|move|p1a: Flareon|Flare Blitz|p2a: Iron Thorns\n|-resisted|p2a: Iron Thorns\n|-damage|p2a: Iron Thorns|216/302\n|-damage|p1a: Flareon|235/263|[from] Recoil\n|\n|-status|p1a: Flareon|tox|[from] item: Toxic Orb\n|upkeep\n|turn|2\n|\n|t:|1782852718\n|switch|p1a: Clodsire|Clodsire, L81, F|343/343\n|move|p2a: Iron Thorns|Dragon Dance|p2a: Iron Thorns\n|-boost|p2a: Iron Thorns|atk|1\n|-boost|p2a: Iron Thorns|spe|1\n|\n|upkeep\n|turn|3\n|\n|t:|1782852738\n|-terastallize|p2a: Iron Thorns|Ground\n|move|p2a: Iron Thorns|Earthquake|p1a: Clodsire\n|-supereffective|p1a: Clodsire\n|-damage|p1a: Clodsire|0 fnt\n|faint|p1a: Clodsire\n|\n|upkeep\n|\n|t:|1782852750\n|switch|p1a: Latios|Latios, L78, M|253/253\n|turn|4\n|\n|t:|1782852765\n|-end|p2a: Iron Thorns|Quark Drive|[silent]\n|switch|p2a: Chien-Pao|Chien-Pao, L72|234/234\n|-ability|p2a: Chien-Pao|Sword of Ruin\n|move|p1a: Latios|Draco Meteor|p2a: Chien-Pao|[miss]\n|-miss|p1a: Latios|p2a: Chien-Pao\n|\n|upkeep\n|turn|5\n|\n|t:|1782852789\n|switch|p1a: Hariyama|Hariyama, L87, F|392/392\n|move|p2a: Chien-Pao|Throat Chop|p1a: Hariyama\n|-resisted|p1a: Hariyama\n|-damage|p1a: Hariyama|329/392\n|-start|p1a: Hariyama|Throat Chop|[silent]\n|\n|upkeep\n|turn|6\n|\n|t:|1782852802\n|switch|p2a: Lugia|Lugia, L73|275/275\n|move|p1a: Hariyama|Heavy Slam|p2a: Lugia\n|-damage|p2a: Lugia|261/275\n|\n|-end|p1a: Hariyama|Throat Chop|[silent]\n|upkeep\n|turn|7\n|\n|t:|1782852814\n|switch|p1a: Gliscor|Gliscor, L76, M|239/239\n|move|p2a: Lugia|Calm Mind|p2a: Lugia\n|-boost|p2a: Lugia|spa|1\n|-boost|p2a: Lugia|spd|1\n|\n|-status|p1a: Gliscor|tox|[from] item: Toxic Orb\n|upkeep\n|turn|8\n|\n|t:|1782852838\n|switch|p2a: Chien-Pao|Chien-Pao, L72|234/234\n|-ability|p2a: Chien-Pao|Sword of Ruin\n|-terastallize|p1a: Gliscor|Water\n|move|p1a: Gliscor|Toxic|p2a: Chien-Pao\n|-status|p2a: Chien-Pao|tox\n|\n|-damage|p2a: Chien-Pao|220/234 tox|[from] psn\n|upkeep\n|turn|9\n|\n|t:|1782852926\n|switch|p2a: Samurott|Samurott, L88, M|310/310\n|move|p1a: Gliscor|Substitute|p1a: Gliscor\n|-start|p1a: Gliscor|Substitute\n|-damage|p1a: Gliscor|180/239 tox\n|\n|-heal|p1a: Gliscor|209/239 tox|[from] ability: Poison Heal\n|upkeep\n|turn|10\n|\n|t:|1782852934\n|move|p1a: Gliscor|Toxic|p2a: Samurott\n|-status|p2a: Samurott|tox\n|move|p2a: Samurott|Grass Knot|p1a: Gliscor\n|-supereffective|p1a: Gliscor\n|-end|p1a: Gliscor|Substitute\n|\n|-heal|p1a: Gliscor|238/239 tox|[from] ability: Poison Heal\n|-damage|p2a: Samurott|291/310 tox|[from] psn\n|upkeep\n|turn|11\n|\n|t:|1782852947\n|move|p1a: Gliscor|Protect|p1a: Gliscor\n|-singleturn|p1a: Gliscor|Protect\n|move|p2a: Samurott|Grass Knot|p1a: Gliscor\n|-activate|p1a: Gliscor|move: Protect\n|\n|-heal|p1a: Gliscor|239/239 tox|[from] ability: Poison Heal\n|-damage|p2a: Samurott|253/310 tox|[from] psn\n|upkeep\n|turn|12\n|\n|t:|1782852954\n|switch|p1a: Latios|Latios, L78, M|253/253\n|move|p2a: Samurott|Grass Knot|p1a: Latios\n|-resisted|p1a: Latios\n|-damage|p1a: Latios|222/253\n|\n|-damage|p2a: Samurott|196/310 tox|[from] psn\n|upkeep\n|turn|13\n|\n|t:|1782852978\n|switch|p1a: Gliscor|Gliscor, L76, M, tera:Water|239/239 tox\n|switch|p2a: Malamar|Malamar, L82, M|275/275\n|\n|upkeep\n|turn|14\n|\n|t:|1782852986\n|move|p1a: Gliscor|Toxic|p2a: Malamar|[miss]\n|-miss|p1a: Gliscor|p2a: Malamar\n|move|p2a: Malamar|Knock Off|p1a: Gliscor\n|-damage|p1a: Gliscor|154/239 tox\n|-enditem|p1a: Gliscor|Toxic Orb|[from] move: Knock Off|[of] p2a: Malamar\n|\n|-heal|p1a: Gliscor|183/239 tox|[from] ability: Poison Heal\n|upkeep\n|turn|15\n|\n|t:|1782853000\n|move|p1a: Gliscor|Toxic|p2a: Malamar\n|-status|p2a: Malamar|tox\n|move|p2a: Malamar|Superpower|p1a: Gliscor\n|-damage|p1a: Gliscor|122/239 tox\n|-boost|p2a: Malamar|atk|1\n|-boost|p2a: Malamar|def|1\n|\n|-heal|p1a: Gliscor|151/239 tox|[from] ability: Poison Heal\n|-damage|p2a: Malamar|258/275 tox|[from] psn\n|upkeep\n|turn|16\n|\n|t:|1782853011\n|move|p1a: Gliscor|Protect|p1a: Gliscor\n|-singleturn|p1a: Gliscor|Protect\n|move|p2a: Malamar|Superpower|p1a: Gliscor\n|-activate|p1a: Gliscor|move: Protect\n|\n|-heal|p2a: Malamar|275/275 tox|[from] item: Leftovers\n|-heal|p1a: Gliscor|180/239 tox|[from] ability: Poison Heal\n|-damage|p2a: Malamar|241/275 tox|[from] psn\n|upkeep\n|turn|17\n|\n|t:|1782853028\n|switch|p1a: Latios|Latios, L78, M|222/253\n|move|p2a: Malamar|Superpower|p1a: Latios\n|-resisted|p1a: Latios\n|-damage|p1a: Latios|158/253\n|-boost|p2a: Malamar|atk|1\n|-boost|p2a: Malamar|def|1\n|\n|-heal|p2a: Malamar|258/275 tox|[from] item: Leftovers\n|-damage|p2a: Malamar|207/275 tox|[from] psn\n|upkeep\n|turn|18\n|\n|t:|1782853038\n|move|p1a: Latios|Draco Meteor|p2a: Malamar\n|-damage|p2a: Malamar|0 fnt\n|-unboost|p1a: Latios|spa|2\n|faint|p2a: Malamar\n|\n|upkeep\n|\n|t:|1782853046\n|switch|p2a: Chien-Pao|Chien-Pao, L72|220/234 tox\n|-ability|p2a: Chien-Pao|Sword of Ruin\n|turn|19\n|\n|t:|1782853063\n|switch|p1a: Hariyama|Hariyama, L87, F|329/392\n|move|p2a: Chien-Pao|Swords Dance|p2a: Chien-Pao\n|-boost|p2a: Chien-Pao|atk|2\n|\n|-damage|p2a: Chien-Pao|206/234 tox|[from] psn\n|upkeep\n|turn|20\n|\n|t:|1782853074\n|move|p1a: Hariyama|Bullet Punch|p2a: Chien-Pao\n|-supereffective|p2a: Chien-Pao\n|-damage|p2a: Chien-Pao|116/234 tox\n|move|p2a: Chien-Pao|Sacred Sword|p1a: Hariyama\n|-damage|p1a: Hariyama|145/392\n|\n|-damage|p2a: Chien-Pao|88/234 tox|[from] psn\n|upkeep\n|turn|21\n|\n|t:|1782853086\n|switch|p2a: Lugia|Lugia, L73|261/275\n|move|p1a: Hariyama|Bullet Punch|p2a: Lugia\n|-damage|p2a: Lugia|227/275\n|\n|upkeep\n|turn|22\n|\n|t:|1782853093\n|switch|p1a: Gliscor|Gliscor, L76, M, tera:Water|180/239 tox\n|move|p2a: Lugia|Aeroblast|p1a: Gliscor|[miss]\n|-miss|p2a: Lugia|p1a: Gliscor\n|\n|-heal|p1a: Gliscor|209/239 tox|[from] ability: Poison Heal\n|upkeep\n|turn|23\n|\n|t:|1782853105\n|move|p2a: Lugia|Aeroblast|p1a: Gliscor\n|-damage|p1a: Gliscor|109/239 tox\n|move|p1a: Gliscor|Toxic|p2a: Lugia\n|-status|p2a: Lugia|tox\n|\n|-damage|p2a: Lugia|210/275 tox|[from] psn\n|-heal|p1a: Gliscor|138/239 tox|[from] ability: Poison Heal\n|upkeep\n|turn|24\n|\n|t:|1782853113\n|move|p1a: Gliscor|Protect|p1a: Gliscor\n|-singleturn|p1a: Gliscor|Protect\n|move|p2a: Lugia|Aeroblast|p1a: Gliscor\n|-activate|p1a: Gliscor|move: Protect\n|\n|-damage|p2a: Lugia|176/275 tox|[from] psn\n|-heal|p1a: Gliscor|167/239 tox|[from] ability: Poison Heal\n|upkeep\n|turn|25\n|\n|t:|1782853125\n|move|p1a: Gliscor|Protect||[still]\n|-fail|p1a: Gliscor\n|move|p2a: Lugia|Aeroblast|p1a: Gliscor\n|-damage|p1a: Gliscor|79/239 tox\n|\n|-damage|p2a: Lugia|125/275 tox|[from] psn\n|-heal|p1a: Gliscor|108/239 tox|[from] ability: Poison Heal\n|upkeep\n|turn|26\n|\n|t:|1782853136\n|move|p2a: Lugia|Recover|p2a: Lugia\n|-heal|p2a: Lugia|263/275 tox\n|move|p1a: Gliscor|Substitute|p1a: Gliscor\n|-start|p1a: Gliscor|Substitute\n|-damage|p1a: Gliscor|49/239 tox\n|\n|-damage|p2a: Lugia|195/275 tox|[from] psn\n|-heal|p1a: Gliscor|78/239 tox|[from] ability: Poison Heal\n|upkeep\n|turn|27\n|\n|t:|1782853145\n|switch|p2a: Samurott|Samurott, L88, M|196/310 tox\n|move|p1a: Gliscor|Protect||[still]\n|-fail|p1a: Gliscor\n|\n|-heal|p1a: Gliscor|107/239 tox|[from] ability: Poison Heal\n|-damage|p2a: Samurott|177/310 tox|[from] psn\n|upkeep\n|turn|28\n|\n|t:|1782853154\n|move|p1a: Gliscor|Protect|p1a: Gliscor\n|-singleturn|p1a: Gliscor|Protect\n|move|p2a: Samurott|Grass Knot|p1a: Gliscor\n|-activate|p1a: Gliscor|move: Protect\n|\n|-heal|p1a: Gliscor|136/239 tox|[from] ability: Poison Heal\n|-damage|p2a: Samurott|139/310 tox|[from] psn\n|upkeep\n|turn|29\n|\n|t:|1782853162\n|move|p1a: Gliscor|Earthquake|p2a: Samurott\n|-damage|p2a: Samurott|55/310 tox\n|move|p2a: Samurott|Grass Knot|p1a: Gliscor\n|-supereffective|p1a: Gliscor\n|-end|p1a: Gliscor|Substitute\n|\n|-heal|p1a: Gliscor|165/239 tox|[from] ability: Poison Heal\n|-damage|p2a: Samurott|0 fnt|[from] psn\n|faint|p2a: Samurott\n|upkeep\n|\n|t:|1782853180\n|switch|p2a: Iron Thorns|Iron Thorns, L83, tera:Ground|216/302\n|turn|30\n|\n|t:|1782853190\n|move|p1a: Gliscor|Toxic|p2a: Iron Thorns\n|-status|p2a: Iron Thorns|tox\n|move|p2a: Iron Thorns|Dragon Dance|p2a: Iron Thorns\n|-boost|p2a: Iron Thorns|atk|1\n|-boost|p2a: Iron Thorns|spe|1\n|\n|-damage|p2a: Iron Thorns|198/302 tox|[from] psn\n|-heal|p1a: Gliscor|194/239 tox|[from] ability: Poison Heal\n|upkeep\n|turn|31\n|\n|t:|1782853201\n|move|p1a: Gliscor|Protect|p1a: Gliscor\n|-singleturn|p1a: Gliscor|Protect\n|move|p2a: Iron Thorns|Wild Charge|p1a: Gliscor\n|-activate|p1a: Gliscor|move: Protect\n|\n|-damage|p2a: Iron Thorns|162/302 tox|[from] psn\n|-heal|p1a: Gliscor|223/239 tox|[from] ability: Poison Heal\n|upkeep\n|turn|32\n|\n|t:|1782853208\n|switch|p1a: Latios|Latios, L78, M|158/253\n|move|p2a: Iron Thorns|Wild Charge|p1a: Latios\n|-resisted|p1a: Latios\n|-damage|p1a: Latios|59/253\n|-damage|p2a: Iron Thorns|137/302 tox|[from] Recoil\n|\n|-damage|p2a: Iron Thorns|83/302 tox|[from] psn\n|upkeep\n|turn|33\n|\n|t:|1782853217\n|-end|p2a: Iron Thorns|Quark Drive|[silent]\n|switch|p2a: Chien-Pao|Chien-Pao, L72|88/234 tox\n|-ability|p2a: Chien-Pao|Sword of Ruin\n|move|p1a: Latios|Recover|p1a: Latios\n|-heal|p1a: Latios|186/253\n|\n|-damage|p2a: Chien-Pao|74/234 tox|[from] psn\n|upkeep\n|turn|34\n|\n|t:|1782853227\n|switch|p1a: Hariyama|Hariyama, L87, F|145/392\n|move|p2a: Chien-Pao|Throat Chop|p1a: Hariyama\n|-resisted|p1a: Hariyama\n|-damage|p1a: Hariyama|83/392\n|-start|p1a: Hariyama|Throat Chop|[silent]\n|\n|-damage|p2a: Chien-Pao|46/234 tox|[from] psn\n|upkeep\n|turn|35\n|\n|t:|1782853236\n|move|p2a: Chien-Pao|Sacred Sword|p1a: Hariyama\n|-damage|p1a: Hariyama|0 fnt\n|faint|p1a: Hariyama\n|\n|-damage|p2a: Chien-Pao|4/234 tox|[from] psn\n|upkeep\n|\n|t:|1782853241\n|switch|p1a: Flareon|Flareon, L90, F|235/263 tox\n|turn|36\n|\n|t:|1782853246\n|move|p2a: Chien-Pao|Sacred Sword|p1a: Flareon\n|-crit|p1a: Flareon\n|-damage|p1a: Flareon|87/263 tox\n|move|p1a: Flareon|Trailblaze|p2a: Chien-Pao\n|-damage|p2a: Chien-Pao|0 fnt\n|-boost|p1a: Flareon|spe|1\n|faint|p2a: Chien-Pao\n|\n|-damage|p1a: Flareon|71/263 tox|[from] psn\n|upkeep\n|\n|t:|1782853256\n|switch|p2a: Vaporeon|Vaporeon, L86, F|364/364\n|turn|37\n|\n|t:|1782853265\n|switch|p1a: Gliscor|Gliscor, L76, M, tera:Water|223/239 tox\n|move|p2a: Vaporeon|Scald|p1a: Gliscor\n|-resisted|p1a: Gliscor\n|-damage|p1a: Gliscor|162/239 tox\n|\n|-heal|p1a: Gliscor|191/239 tox|[from] ability: Poison Heal\n|upkeep\n|turn|38\n|\n|t:|1782853274\n|move|p2a: Vaporeon|Protect|p2a: Vaporeon\n|-singleturn|p2a: Vaporeon|Protect\n|move|p1a: Gliscor|Earthquake|p2a: Vaporeon\n|-activate|p2a: Vaporeon|move: Protect\n|\n|-heal|p1a: Gliscor|220/239 tox|[from] ability: Poison Heal\n|upkeep\n|turn|39\n|\n|t:|1782853288\n|move|p1a: Gliscor|Substitute|p1a: Gliscor\n|-start|p1a: Gliscor|Substitute\n|-damage|p1a: Gliscor|161/239 tox\n|move|p2a: Vaporeon|Scald|p1a: Gliscor\n|-resisted|p1a: Gliscor\n|-end|p1a: Gliscor|Substitute\n|\n|-heal|p1a: Gliscor|190/239 tox|[from] ability: Poison Heal\n|upkeep\n|turn|40\n|\n|t:|1782853297\n|move|p1a: Gliscor|Substitute|p1a: Gliscor\n|-start|p1a: Gliscor|Substitute\n|-damage|p1a: Gliscor|131/239 tox\n|move|p2a: Vaporeon|Scald|p1a: Gliscor\n|-resisted|p1a: Gliscor\n|-crit|p1a: Gliscor\n|-end|p1a: Gliscor|Substitute\n|\n|-heal|p1a: Gliscor|160/239 tox|[from] ability: Poison Heal\n|upkeep\n|turn|41\n|\n|t:|1782853305\n|move|p1a: Gliscor|Protect|p1a: Gliscor\n|-singleturn|p1a: Gliscor|Protect\n|move|p2a: Vaporeon|Scald|p1a: Gliscor\n|-activate|p1a: Gliscor|move: Protect\n|\n|-heal|p1a: Gliscor|189/239 tox|[from] ability: Poison Heal\n|upkeep\n|turn|42\n|\n|t:|1782853312\n|move|p1a: Gliscor|Toxic|p2a: Vaporeon|[miss]\n|-miss|p1a: Gliscor|p2a: Vaporeon\n|move|p2a: Vaporeon|Scald|p1a: Gliscor\n|-resisted|p1a: Gliscor\n|-damage|p1a: Gliscor|134/239 tox\n|\n|-heal|p1a: Gliscor|163/239 tox|[from] ability: Poison Heal\n|upkeep\n|turn|43\n|\n|t:|1782853324\n|move|p2a: Vaporeon|Protect|p2a: Vaporeon\n|-singleturn|p2a: Vaporeon|Protect\n|move|p1a: Gliscor|Toxic|p2a: Vaporeon\n|-activate|p2a: Vaporeon|move: Protect\n|\n|-heal|p1a: Gliscor|192/239 tox|[from] ability: Poison Heal\n|upkeep\n|turn|44\n|\n|t:|1782853334\n|move|p1a: Gliscor|Toxic|p2a: Vaporeon\n|-status|p2a: Vaporeon|tox\n|move|p2a: Vaporeon|Scald|p1a: Gliscor\n|-resisted|p1a: Gliscor\n|-damage|p1a: Gliscor|128/239 tox\n|\n|-heal|p1a: Gliscor|157/239 tox|[from] ability: Poison Heal\n|-damage|p2a: Vaporeon|342/364 tox|[from] psn\n|upkeep\n|turn|45\n|\n|t:|1782853346\n|move|p1a: Gliscor|Protect|p1a: Gliscor\n|-singleturn|p1a: Gliscor|Protect\n|move|p2a: Vaporeon|Scald|p1a: Gliscor\n|-activate|p1a: Gliscor|move: Protect\n|\n|-heal|p2a: Vaporeon|364/364 tox|[from] item: Leftovers\n|-heal|p1a: Gliscor|186/239 tox|[from] ability: Poison Heal\n|-damage|p2a: Vaporeon|320/364 tox|[from] psn\n|upkeep\n|turn|46\n|\n|t:|1782853359\n|move|p1a: Gliscor|Earthquake|p2a: Vaporeon\n|-damage|p2a: Vaporeon|200/364 tox\n|move|p2a: Vaporeon|Scald|p1a: Gliscor\n|-resisted|p1a: Gliscor\n|-damage|p1a: Gliscor|122/239 tox\n|\n|-heal|p2a: Vaporeon|222/364 tox|[from] item: Leftovers\n|-heal|p1a: Gliscor|151/239 tox|[from] ability: Poison Heal\n|-damage|p2a: Vaporeon|156/364 tox|[from] psn\n|upkeep\n|turn|47\n|\n|t:|1782853369\n|move|p1a: Gliscor|Earthquake|p2a: Vaporeon\n|-crit|p2a: Vaporeon\n|-damage|p2a: Vaporeon|0 fnt\n|faint|p2a: Vaporeon\n|\n|-heal|p1a: Gliscor|180/239 tox|[from] ability: Poison Heal\n|upkeep\n|\n|t:|1782853375\n|switch|p2a: Lugia|Lugia, L73|195/275 tox\n|turn|48\n|\n|t:|1782853380\n|switch|p1a: Cinccino|Cinccino, L83, M|260/260\n|move|p2a: Lugia|Calm Mind|p2a: Lugia\n|-boost|p2a: Lugia|spa|1\n|-boost|p2a: Lugia|spd|1\n|\n|-damage|p2a: Lugia|178/275 tox|[from] psn\n|upkeep\n|turn|49\n|\n|t:|1782853388\n|move|p1a: Cinccino|Tidy Up|p1a: Cinccino\n|-boost|p1a: Cinccino|atk|1\n|-boost|p1a: Cinccino|spe|1\n|move|p2a: Lugia|Aeroblast|p1a: Cinccino\n|-damage|p1a: Cinccino|113/260\n|\n|-damage|p2a: Lugia|144/275 tox|[from] psn\n|upkeep\n|turn|50\n|\n|t:|1782853396\n|move|p1a: Cinccino|Triple Axel|p2a: Lugia\n|-supereffective|p2a: Lugia\n|-damage|p2a: Lugia|92/275 tox\n|-supereffective|p2a: Lugia\n|-damage|p2a: Lugia|0 fnt\n|faint|p2a: Lugia\n|-hitcount|p2: Lugia|2\n|\n|upkeep\n|\n|t:|1782853402\n|switch|p2a: Iron Thorns|Iron Thorns, L83, tera:Ground|83/302 tox\n|turn|51\n|\n|t:|1782853408\n|move|p1a: Cinccino|Bullet Seed|p2a: Iron Thorns\n|-supereffective|p2a: Iron Thorns\n|-damage|p2a: Iron Thorns|13/302 tox\n|-supereffective|p2a: Iron Thorns\n|-damage|p2a: Iron Thorns|0 fnt\n|faint|p2a: Iron Thorns\n|-end|p2a: Iron Thorns|Quark Drive|[silent]\n|-hitcount|p2: Iron Thorns|2\n|\n|win|Xelemental 4ever\n", "inputlog": ">version f8ac14003a5f27e1bdc8d8c59608a773c1cb96e5\n>start {\"formatid\":\"gen9randombattle\",\"seed\":\"sodium,d66a63ea439a1958ba5e9149fb72eca2\"}\n>player p1 {\"name\":\"Xelemental 4ever\",\"avatar\":\"169\",\"rating\":0,\"seed\":\"sodium,9873d631cfaf9e708eeac7d03483e014\"}\n>player p2 {\"name\":\"docyber\",\"avatar\":\"2\",\"rating\":0,\"seed\":\"sodium,0c42cad4d6c9b523912f4c5d515b1264\"}\n>p1 move flareblitz\n>p2 switch 2\n>p1 switch 2\n>p2 move dragondance\n>p1 move earthquake\n>p2 move earthquake terastallize\n>p1 switch 6\n>p1 move dracometeor\n>p2 switch 2\n>p1 switch 5\n>p2 move throatchop\n>p1 move heavyslam\n>p2 switch 4\n>p1 switch 4\n>p2 move calmmind\n>p1 move toxic terastallize\n>p2 switch 4\n>p1 move substitute\n>p2 switch 3\n>p1 move toxic\n>p2 move grassknot\n>p1 move protect\n>p2 move grassknot\n>p1 switch 5\n>p2 move grassknot\n>p1 switch 5\n>p2 switch 6\n>p1 move toxic\n>p2 move knockoff\n>p1 move toxic\n>p2 move superpower\n>p1 move protect\n>p2 move superpower\n>p1 switch 5\n>p2 move superpower\n>p1 move dracometeor\n>p2 move knockoff\n>p2 switch 3\n>p1 switch 4\n>p2 move swordsdance\n>p1 move bulletpunch\n>p2 move sacredsword\n>p1 move bulletpunch\n>p2 switch 4\n>p1 switch 5\n>p2 move aeroblast\n>p1 move toxic\n>p2 move aeroblast\n>p1 move protect\n>p2 move aeroblast\n>p1 move protect\n>p2 move aeroblast\n>p1 move substitute\n>p2 move recover\n>p1 move protect\n>p2 switch 6\n>p1 move protect\n>p2 move grassknot\n>p1 move earthquake\n>p2 move grassknot\n>p2 switch 2\n>p1 move toxic\n>p2 move dragondance\n>p1 move protect\n>p2 move wildcharge\n>p1 switch 4\n>p2 move wildcharge\n>p1 move recover\n>p2 switch 4\n>p1 switch 5\n>p2 move throatchop\n>p1 move heavyslam\n>p2 move sacredsword\n>p1 switch 2\n>p1 move trailblaze\n>p2 move sacredsword\n>p2 switch 5\n>p1 switch 4\n>p2 move scald\n>p1 move earthquake\n>p2 move protect\n>p1 move substitute\n>p2 move scald\n>p1 move substitute\n>p2 move scald\n>p1 move protect\n>p2 move scald\n>p1 move toxic\n>p2 move scald\n>p1 move toxic\n>p2 move protect\n>p1 move toxic\n>p2 move scald\n>p1 move protect\n>p2 move scald\n>p1 move earthquake\n>p2 move scald\n>p1 move earthquake\n>p2 move wish\n>p2 switch 6\n>p1 switch 3\n>p2 move calmmind\n>p1 move tidyup\n>p2 move aeroblast\n>p1 move tripleaxel\n>p2 move aeroblast\n>p2 switch 4\n>p1 move bulletseed\n>p2 move earthquake", "uploadtime": 1782853449, "views": 9, "formatid": "gen9randombattle", "rating": null, "private": 0, "password": null, "player_dets": [{"name": "Xelemental 4ever", "avatar": "169", "rating": 0, "seed": "sodium,9873d631cfaf9e708eeac7d03483e014"}, {"name": "docyber", "avatar": "2", "rating": 0, "seed": "sodium,0c42cad4d6c9b523912f4c5d515b1264"}], "teams_full": [{"Flareon": {"name": "Flareon", "species": "Flareon", "speciesId": "flareon", "gender": "F", "shiny": false, "level": 90, "moves": ["facade", "flareblitz", "trailblaze", "quickattack"], "ability": "Guts", "evs": {"hp": 85, "atk": 85, "def": 85, "spa": 85, "spd": 85, "spe": 85}, "ivs": {"hp": 31, "atk": 31, "def": 31, "spa": 31, "spd": 31, "spe": 31}, "item": "Toxic Orb", "teraType": "Normal", "role": "Setup Sweeper", "bvs": {"hp": 65, "atk": 130, "def": 60, "spa": 95, "spd": 110, "spe": 65}, "stats": {"hp": 263, "atk": 285, "def": 159, "spa": 222, "spd": 249, "spe": 168}, "types": ["Fire"]}, "Clodsire": {"name": "Clodsire", "species": "Clodsire", "speciesId": "clodsire", "gender": "F", "shiny": false, "level": 81, "moves": ["earthquake", "gunkshot", "toxicspikes", "recover"], "ability": "Unaware", "evs": {"hp": 85, "atk": 85, "def": 85, "spa": 85, "spd": 85, "spe": 85}, "ivs": {"hp": 31, "atk": 31, "def": 31, "spa": 31, "spd": 31, "spe": 31}, "item": "Leftovers", "teraType": "Steel", "role": "Bulky Attacker", "bvs": {"hp": 130, "atk": 75, "def": 60, "spa": 45, "spd": 100, "spe": 20}, "stats": {"hp": 343, "atk": 168, "def": 144, "spa": 120, "spd": 209, "spe": 79}, "types": ["Poison", "Ground"]}, "Cinccino": {"name": "Cinccino", "species": "Cinccino", "speciesId": "cinccino", "gender": "M", "shiny": false, "level": 83, "moves": ["bulletseed", "tripleaxel", "tidyup", "tailslap"], "ability": "Technician", "evs": {"hp": 85, "atk": 85, "def": 85, "spa": 85, "spd": 85, "spe": 85}, "ivs": {"hp": 31, "atk": 31, "def": 31, "spa": 31, "spd": 31, "spe": 31}, "item": "Loaded Dice", "teraType": "Grass", "role": "Fast Attacker", "bvs": {"hp": 75, "atk": 95, "def": 60, "spa": 65, "spd": 60, "spe": 115}, "stats": {"hp": 260, "atk": 205, "def": 147, "spa": 156, "spd": 147, "spe": 239}, "types": ["Normal"]}, "Gliscor": {"name": "Gliscor", "species": "Gliscor", "speciesId": "gliscor", "gender": "M", "shiny": false, "level": 76, "moves": ["toxic", "protect", "earthquake", "substitute"], "ability": "Poison Heal", "evs": {"hp": 85, "atk": 85, "def": 85, "spa": 85, "spd": 85, "spe": 85}, "ivs": {"hp": 31, "atk": 31, "def": 31, "spa": 31, "spd": 31, "spe": 31}, "item": "Toxic Orb", "teraType": "Water", "role": "Fast Support", "bvs": {"hp": 75, "atk": 95, "def": 125, "spa": 45, "spd": 75, "spe": 95}, "stats": {"hp": 239, "atk": 188, "def": 234, "spa": 112, "spd": 158, "spe": 188}, "types": ["Ground", "Flying"]}, "Hariyama": {"name": "Hariyama", "species": "Hariyama", "speciesId": "hariyama", "gender": "F", "shiny": false, "level": 87, "moves": ["knockoff", "closecombat", "bulletpunch", "heavyslam"], "ability": "Thick Fat", "evs": {"hp": 85, "atk": 85, "def": 85, "spa": 85, "spd": 85, "spe": 85}, "ivs": {"hp": 31, "atk": 31, "def": 31, "spa": 31, "spd": 31, "spe": 31}, "item": "Assault Vest", "teraType": "Steel", "role": "AV Pivot", "bvs": {"hp": 144, "atk": 120, "def": 60, "spa": 40, "spd": 60, "spe": 50}, "stats": {"hp": 392, "atk": 259, "def": 154, "spa": 119, "spd": 154, "spe": 137}, "types": ["Fighting"]}, "Latios": {"name": "Latios", "species": "Latios", "speciesId": "latios", "gender": "M", "shiny": false, "level": 78, "moves": ["psyshock", "recover", "dracometeor", "calmmind"], "ability": "Levitate", "evs": {"hp": 85, "atk": 0, "def": 85, "spa": 85, "spd": 85, "spe": 85}, "ivs": {"hp": 31, "atk": 0, "def": 31, "spa": 31, "spd": 31, "spe": 31}, "item": "Soul Dew", "teraType": "Steel", "role": "Bulky Setup", "bvs": {"hp": 80, "atk": 90, "def": 80, "spa": 130, "spd": 110, "spe": 110}, "stats": {"hp": 253, "atk": 145, "def": 170, "spa": 248, "spd": 217, "spe": 217}, "types": ["Dragon", "Psychic"]}}, {"Chien-Pao": {"name": "Chien-Pao", "species": "Chien-Pao", "speciesId": "chienpao", "gender": "N", "shiny": false, "level": 72, "moves": ["swordsdance", "iciclecrash", "throatchop", "sacredsword"], "ability": "Sword of Ruin", "evs": {"hp": 85, "atk": 85, "def": 85, "spa": 85, "spd": 85, "spe": 85}, "ivs": {"hp": 31, "atk": 31, "def": 31, "spa": 31, "spd": 31, "spe": 31}, "item": "Heavy-Duty Boots", "teraType": "Fighting", "role": "Setup Sweeper", "bvs": {"hp": 80, "atk": 120, "def": 80, "spa": 90, "spd": 65, "spe": 135}, "stats": {"hp": 234, "atk": 215, "def": 157, "spa": 172, "spd": 136, "spe": 236}, "types": ["Dark", "Ice"]}, "Iron Thorns": {"name": "Iron Thorns", "species": "Iron Thorns", "speciesId": "ironthorns", "gender": "N", "shiny": false, "level": 83, "moves": ["dragondance", "wildcharge", "earthquake", "stoneedge"], "ability": "Quark Drive", "evs": {"hp": 85, "atk": 85, "def": 85, "spa": 85, "spd": 85, "spe": 85}, "ivs": {"hp": 31, "atk": 31, "def": 31, "spa": 31, "spd": 31, "spe": 31}, "item": "Booster Energy", "teraType": "Ground", "role": "Fast Bulky Setup", "bvs": {"hp": 100, "atk": 134, "def": 110, "spa": 70, "spd": 84, "spe": 72}, "stats": {"hp": 302, "atk": 270, "def": 230, "spa": 164, "spd": 187, "spe": 167}, "types": ["Rock", "Electric"]}, "Samurott": {"name": "Samurott", "species": "Samurott", "speciesId": "samurott", "gender": "M", "shiny": false, "level": 88, "moves": ["sacredsword", "grassknot", "knockoff", "hydropump"], "ability": "Torrent", "evs": {"hp": 85, "atk": 85, "def": 85, "spa": 85, "spd": 85, "spe": 85}, "ivs": {"hp": 31, "atk": 31, "def": 31, "spa": 31, "spd": 31, "spe": 31}, "item": "Assault Vest", "teraType": "Grass", "role": "AV Pivot", "bvs": {"hp": 95, "atk": 100, "def": 85, "spa": 108, "spd": 70, "spe": 70}, "stats": {"hp": 310, "atk": 226, "def": 200, "spa": 240, "spd": 173, "spe": 173}, "types": ["Water"]}, "Lugia": {"name": "Lugia", "species": "Lugia", "speciesId": "lugia", "gender": "N", "shiny": false, "level": 73, "moves": ["calmmind", "aeroblast", "recover", "earthpower"], "ability": "Multiscale", "evs": {"hp": 85, "atk": 0, "def": 85, "spa": 85, "spd": 85, "spe": 85}, "ivs": {"hp": 31, "atk": 0, "def": 31, "spa": 31, "spd": 31, "spe": 31}, "item": "Heavy-Duty Boots", "teraType": "Ground", "role": "Bulky Setup", "bvs": {"hp": 106, "atk": 90, "def": 130, "spa": 90, "spd": 154, "spe": 110}, "stats": {"hp": 275, "atk": 136, "def": 232, "spa": 174, "spd": 267, "spe": 203}, "types": ["Psychic", "Flying"]}, "Vaporeon": {"name": "Vaporeon", "species": "Vaporeon", "speciesId": "vaporeon", "gender": "F", "shiny": false, "level": 86, "moves": ["scald", "protect", "wish", "icebeam"], "ability": "Water Absorb", "evs": {"hp": 85, "atk": 0, "def": 85, "spa": 85, "spd": 85, "spe": 85}, "ivs": {"hp": 31, "atk": 0, "def": 31, "spa": 31, "spd": 31, "spe": 31}, "item": "Leftovers", "teraType": "Ground", "role": "Bulky Support", "bvs": {"hp": 130, "atk": 65, "def": 60, "spa": 110, "spd": 95, "spe": 65}, "stats": {"hp": 364, "atk": 116, "def": 152, "spa": 238, "spd": 213, "spe": 161}, "types": ["Water"]}, "Malamar": {"name": "Malamar", "species": "Malamar", "speciesId": "malamar", "gender": "M", "shiny": false, "level": 82, "moves": ["rest", "sleeptalk", "superpower", "knockoff"], "ability": "Contrary", "evs": {"hp": 85, "atk": 85, "def": 85, "spa": 85, "spd": 85, "spe": 85}, "ivs": {"hp": 31, "atk": 31, "def": 31, "spa": 31, "spd": 31, "spe": 31}, "item": "Leftovers", "teraType": "Steel", "role": "Bulky Setup", "bvs": {"hp": 86, "atk": 92, "def": 88, "spa": 68, "spd": 75, "spe": 73}, "stats": {"hp": 275, "atk": 198, "def": 191, "spa": 159, "spd": 170, "spe": 167}, "types": ["Dark", "Psychic"]}}]}