{"id": "gen9randombattle-2642143662", "format": "[Gen 9] Random Battle", "players": ["jnpr010334", "AllCreme"], "log": "|j|\u2606jnpr010334\n|j|\u2606AllCreme\n|t:|1782899316\n|gametype|singles\n|player|p1|jnpr010334|265|1659\n|player|p2|AllCreme|iris-gen5bw2|1677\n|gen|9\n|tier|[Gen 9] Random Battle\n|rated|\n|rule|Species Clause: Limit one of each Pok\u00e9mon\n|rule|HP Percentage Mod: HP is shown in percentages\n|rule|Sleep Clause Mod: Limit one foe put to sleep\n|rule|Illusion Level Mod: Illusion disguises the Pok\u00e9mon's true level\n|\n|t:|1782899316\n|teamsize|p1|6\n|teamsize|p2|6\n|start\n|switch|p1a: Glaceon|Glaceon, L94, M|275/275\n|switch|p2a: Exeggutor|Exeggutor, L89, F|312/312\n|turn|1\n|inactive|Battle timer is ON: inactive players will automatically lose when time's up. (requested by AllCreme)\n|\n|t:|1782899322\n|switch|p2a: Frosmoth|Frosmoth, L82, M|249/249\n|move|p1a: Glaceon|Freeze-Dry|p2a: Frosmoth\n|-resisted|p2a: Frosmoth\n|-damage|p2a: Frosmoth|222/249\n|\n|upkeep\n|turn|2\n|inactive|jnpr010334 also wants the timer to be on.\n|\n|t:|1782899326\n|switch|p1a: Iron Treads|Iron Treads, L77|265/265\n|move|p2a: Frosmoth|Quiver Dance|p2a: Frosmoth\n|-boost|p2a: Frosmoth|spa|1\n|-boost|p2a: Frosmoth|spd|1\n|-boost|p2a: Frosmoth|spe|1\n|\n|upkeep\n|turn|3\n|\n|t:|1782899330\n|move|p2a: Frosmoth|Ice Beam|p1a: Iron Treads\n|-damage|p1a: Iron Treads|135/265\n|move|p1a: Iron Treads|Iron Head|p2a: Frosmoth\n|-supereffective|p2a: Frosmoth\n|-crit|p2a: Frosmoth\n|-damage|p2a: Frosmoth|0 fnt\n|faint|p2a: Frosmoth\n|\n|upkeep\n|\n|t:|1782899335\n|switch|p2a: Ambipom|Ambipom, L84, M|263/263\n|turn|4\n|\n|t:|1782899338\n|-end|p1a: Iron Treads|Quark Drive|[silent]\n|switch|p1a: Skarmory|Skarmory, L80, M|235/235\n|move|p2a: Ambipom|Fake Out|p1a: Skarmory\n|-resisted|p1a: Skarmory\n|-damage|p1a: Skarmory|205/235\n|-damage|p2a: Ambipom|220/263|[from] item: Rocky Helmet|[of] p1a: Skarmory\n|\n|upkeep\n|turn|5\n|\n|t:|1782899342\n|switch|p2a: Reshiram|Reshiram, L76|277/277\n|-ability|p2a: Reshiram|Turboblaze\n|move|p1a: Skarmory|Stealth Rock|p2a: Reshiram\n|-sidestart|p2: AllCreme|move: Stealth Rock\n|\n|upkeep\n|turn|6\n|\n|t:|1782899346\n|move|p2a: Reshiram|Dragon Dance|p2a: Reshiram\n|-boost|p2a: Reshiram|atk|1\n|-boost|p2a: Reshiram|spe|1\n|move|p1a: Skarmory|Whirlwind|p2a: Reshiram\n|drag|p2a: Sceptile|Sceptile, L87, F|264/264\n|-damage|p2a: Sceptile|231/264|[from] Stealth Rock\n|\n|-heal|p2a: Sceptile|247/264|[from] item: Leftovers\n|upkeep\n|turn|7\n|\n|t:|1782899348\n|move|p2a: Sceptile|Focus Blast|p1a: Skarmory\n|-damage|p1a: Skarmory|85/235\n|move|p1a: Skarmory|Brave Bird|p2a: Sceptile\n|-supereffective|p2a: Sceptile\n|-damage|p2a: Sceptile|11/264\n|-damage|p1a: Skarmory|7/235|[from] Recoil\n|\n|-heal|p2a: Sceptile|27/264|[from] item: Leftovers\n|upkeep\n|turn|8\n|\n|t:|1782899351\n|switch|p1a: Cresselia|Cresselia, L80, F|323/323\n|move|p2a: Sceptile|Giga Drain|p1a: Cresselia\n|-damage|p1a: Cresselia|208/323\n|-heal|p2a: Sceptile|85/264|[from] drain|[of] p1a: Cresselia\n|\n|-heal|p2a: Sceptile|101/264|[from] item: Leftovers\n|-heal|p1a: Cresselia|228/323|[from] item: Leftovers\n|upkeep\n|turn|9\n|\n|t:|1782899356\n|switch|p2a: Ambipom|Ambipom, L84, M|220/263\n|-damage|p2a: Ambipom|188/263|[from] Stealth Rock\n|move|p1a: Cresselia|Moonlight|p1a: Cresselia\n|-heal|p1a: Cresselia|323/323\n|\n|upkeep\n|turn|10\n|\n|t:|1782899359\n|switch|p1a: Skarmory|Skarmory, L80, M|7/235\n|move|p2a: Ambipom|Fake Out|p1a: Skarmory\n|-resisted|p1a: Skarmory\n|-damage|p1a: Skarmory|0 fnt\n|-damage|p2a: Ambipom|145/263|[from] item: Rocky Helmet|[of] p1a: Skarmory\n|faint|p1a: Skarmory\n|\n|upkeep\n|\n|t:|1782899361\n|switch|p1a: Iron Hands|Iron Hands, L79|373/373\n|turn|11\n|\n|t:|1782899364\n|switch|p2a: Exeggutor|Exeggutor, L89, F|312/312\n|-damage|p2a: Exeggutor|273/312|[from] Stealth Rock\n|move|p1a: Iron Hands|Drain Punch|p2a: Exeggutor\n|-resisted|p2a: Exeggutor\n|-damage|p2a: Exeggutor|225/312\n|\n|upkeep\n|turn|12\n|\n|t:|1782899367\n|-end|p1a: Iron Hands|Quark Drive|[silent]\n|switch|p1a: Iron Treads|Iron Treads, L77|135/265\n|move|p2a: Exeggutor|Substitute|p2a: Exeggutor\n|-start|p2a: Exeggutor|Substitute\n|-damage|p2a: Exeggutor|147/312\n|-enditem|p2a: Exeggutor|Sitrus Berry|[eat]\n|-heal|p2a: Exeggutor|225/312|[from] item: Sitrus Berry\n|\n|-item|p2a: Exeggutor|Sitrus Berry|[from] ability: Harvest\n|upkeep\n|turn|13\n|\n|t:|1782899371\n|move|p1a: Iron Treads|Iron Head|p2a: Exeggutor\n|-activate|p2a: Exeggutor|move: Substitute|[damage]\n|move|p2a: Exeggutor|Leech Seed|p1a: Iron Treads\n|-start|p1a: Iron Treads|move: Leech Seed\n|\n|-damage|p1a: Iron Treads|102/265|[from] Leech Seed|[of] p2a: Exeggutor\n|-heal|p2a: Exeggutor|258/312|[silent]\n|upkeep\n|turn|14\n|\n|t:|1782899375\n|-end|p1a: Iron Treads|Quark Drive|[silent]\n|switch|p1a: Glaceon|Glaceon, L94, M|275/275\n|move|p2a: Exeggutor|Protect||[still]\n|-fail|p2a: Exeggutor\n|\n|upkeep\n|turn|15\n|\n|t:|1782899377\n|move|p1a: Glaceon|Freeze-Dry|p2a: Exeggutor\n|-supereffective|p2a: Exeggutor\n|-end|p2a: Exeggutor|Substitute\n|move|p2a: Exeggutor|Leech Seed|p1a: Glaceon|[miss]\n|-miss|p2a: Exeggutor|p1a: Glaceon\n|\n|upkeep\n|turn|16\n|\n|t:|1782899383\n|switch|p2a: Reshiram|Reshiram, L76|277/277\n|-ability|p2a: Reshiram|Turboblaze\n|move|p1a: Glaceon|Freeze-Dry|p2a: Reshiram\n|-damage|p2a: Reshiram|183/277\n|\n|upkeep\n|turn|17\n|\n|t:|1782899386\n|switch|p1a: Iron Hands|Iron Hands, L79|373/373\n|move|p2a: Reshiram|Dragon Dance|p2a: Reshiram\n|-boost|p2a: Reshiram|atk|1\n|-boost|p2a: Reshiram|spe|1\n|\n|upkeep\n|turn|18\n|\n|t:|1782899391\n|move|p2a: Reshiram|Flare Blitz|p1a: Iron Hands\n|-damage|p1a: Iron Hands|217/373\n|-damage|p2a: Reshiram|132/277|[from] Recoil\n|move|p1a: Iron Hands|Drain Punch|p2a: Reshiram\n|-damage|p2a: Reshiram|32/277\n|-heal|p1a: Iron Hands|267/373|[from] drain|[of] p2a: Reshiram\n|\n|-heal|p1a: Iron Hands|290/373|[from] item: Leftovers\n|upkeep\n|turn|19\n|\n|t:|1782899401\n|move|p2a: Reshiram|Flare Blitz|p1a: Iron Hands\n|-damage|p1a: Iron Hands|112/373\n|-damage|p2a: Reshiram|0 fnt|[from] Recoil\n|faint|p2a: Reshiram\n|move|p1a: Iron Hands|Drain Punch|p2: Reshiram|[notarget]\n|-fail|p1a: Iron Hands\n|\n|-heal|p1a: Iron Hands|135/373|[from] item: Leftovers\n|upkeep\n|\n|t:|1782899405\n|switch|p2a: Ambipom|Ambipom, L84, M|145/263\n|-damage|p2a: Ambipom|113/263|[from] Stealth Rock\n|turn|20\n|\n|t:|1782899409\n|move|p2a: Ambipom|Fake Out|p1a: Iron Hands\n|-damage|p1a: Iron Hands|65/373\n|cant|p1a: Iron Hands|flinch\n|\n|-heal|p1a: Iron Hands|88/373|[from] item: Leftovers\n|upkeep\n|turn|21\n|\n|t:|1782899414\n|move|p2a: Ambipom|Double-Edge|p1a: Iron Hands\n|-crit|p1a: Iron Hands\n|-damage|p1a: Iron Hands|0 fnt\n|faint|p1a: Iron Hands\n|-end|p1a: Iron Hands|Quark Drive|[silent]\n|-damage|p2a: Ambipom|84/263|[from] Recoil\n|\n|upkeep\n|\n|t:|1782899416\n|switch|p1a: Glaceon|Glaceon, L94, M|275/275\n|turn|22\n|\n|t:|1782899431\n|switch|p2a: Exeggutor|Exeggutor, L89, F|258/312\n|-damage|p2a: Exeggutor|219/312|[from] Stealth Rock\n|move|p1a: Glaceon|Freeze-Dry|p2a: Exeggutor\n|-supereffective|p2a: Exeggutor\n|-damage|p2a: Exeggutor|0 fnt\n|faint|p2a: Exeggutor\n|\n|upkeep\n|\n|t:|1782899435\n|switch|p2a: Rhyperior|Rhyperior, L82, F|323/323\n|-damage|p2a: Rhyperior|303/323|[from] Stealth Rock\n|turn|23\n|\n|t:|1782899438\n|move|p1a: Glaceon|Freeze-Dry|p2a: Rhyperior\n|-supereffective|p2a: Rhyperior\n|-damage|p2a: Rhyperior|74/323\n|move|p2a: Rhyperior|Stone Edge|p1a: Glaceon\n|-supereffective|p1a: Glaceon\n|-damage|p1a: Glaceon|0 fnt\n|faint|p1a: Glaceon\n|\n|upkeep\n|\n|t:|1782899443\n|switch|p1a: Necrozma|Necrozma, L80|286/286\n|turn|24\n|\n|t:|1782899446\n|move|p1a: Necrozma|Photon Geyser|p2a: Rhyperior\n|-damage|p2a: Rhyperior|0 fnt\n|faint|p2a: Rhyperior\n|\n|upkeep\n|\n|t:|1782899449\n|switch|p2a: Ambipom|Ambipom, L84, M|84/263\n|-damage|p2a: Ambipom|52/263|[from] Stealth Rock\n|turn|25\n|\n|t:|1782899454\n|move|p2a: Ambipom|Fake Out|p1a: Necrozma\n|-damage|p1a: Necrozma|210/286\n|cant|p1a: Necrozma|flinch\n|\n|-heal|p1a: Necrozma|227/286|[from] item: Leftovers\n|upkeep\n|turn|26\n|\n|t:|1782899461\n|move|p2a: Ambipom|Knock Off|p1a: Necrozma\n|-supereffective|p1a: Necrozma\n|-damage|p1a: Necrozma|130/286\n|-enditem|p1a: Necrozma|Leftovers|[from] move: Knock Off|[of] p2a: Ambipom\n|move|p1a: Necrozma|Photon Geyser|p2a: Ambipom\n|-damage|p2a: Ambipom|0 fnt\n|faint|p2a: Ambipom\n|\n|upkeep\n|\n|t:|1782899464\n|switch|p2a: Sceptile|Sceptile, L87, F|101/264\n|-damage|p2a: Sceptile|68/264|[from] Stealth Rock\n|turn|27\n|\n|t:|1782899467\n|-terastallize|p2a: Sceptile|Steel\n|move|p2a: Sceptile|Leech Seed|p1a: Necrozma\n|-start|p1a: Necrozma|move: Leech Seed\n|move|p1a: Necrozma|Photon Geyser|p2a: Sceptile\n|-resisted|p2a: Sceptile\n|-damage|p2a: Sceptile|8/264\n|\n|-heal|p2a: Sceptile|24/264|[from] item: Leftovers\n|-damage|p1a: Necrozma|95/286|[from] Leech Seed|[of] p2a: Sceptile\n|-heal|p2a: Sceptile|59/264|[silent]\n|upkeep\n|turn|28\n|\n|t:|1782899472\n|move|p2a: Sceptile|Giga Drain|p1a: Necrozma\n|-damage|p1a: Necrozma|0 fnt\n|-heal|p2a: Sceptile|107/264|[from] drain|[of] p1a: Necrozma\n|faint|p1a: Necrozma\n|\n|-heal|p2a: Sceptile|123/264|[from] item: Leftovers\n|upkeep\n|\n|t:|1782899474\n|switch|p1a: Cresselia|Cresselia, L80, F|323/323\n|turn|29\n|\n|t:|1782899478\n|move|p2a: Sceptile|Leech Seed|p1a: Cresselia\n|-start|p1a: Cresselia|move: Leech Seed\n|move|p1a: Cresselia|Calm Mind|p1a: Cresselia\n|-boost|p1a: Cresselia|spa|1\n|-boost|p1a: Cresselia|spd|1\n|\n|-heal|p2a: Sceptile|139/264|[from] item: Leftovers\n|-damage|p1a: Cresselia|283/323|[from] Leech Seed|[of] p2a: Sceptile\n|-heal|p2a: Sceptile|179/264|[silent]\n|upkeep\n|turn|30\n|\n|t:|1782899482\n|switch|p1a: Iron Treads|Iron Treads, L77|102/265\n|move|p2a: Sceptile|Substitute|p2a: Sceptile\n|-start|p2a: Sceptile|Substitute\n|-damage|p2a: Sceptile|113/264\n|\n|-heal|p2a: Sceptile|129/264|[from] item: Leftovers\n|upkeep\n|turn|31\n|\n|t:|1782899485\n|move|p2a: Sceptile|Focus Blast|p1a: Iron Treads\n|-supereffective|p1a: Iron Treads\n|-crit|p1a: Iron Treads\n|-damage|p1a: Iron Treads|0 fnt\n|faint|p1a: Iron Treads\n|-end|p1a: Iron Treads|Quark Drive|[silent]\n|\n|-heal|p2a: Sceptile|145/264|[from] item: Leftovers\n|upkeep\n|\n|t:|1782899486\n|switch|p1a: Cresselia|Cresselia, L80, F|283/323\n|turn|32\n|\n|t:|1782899489\n|move|p2a: Sceptile|Leech Seed|p1a: Cresselia\n|-start|p1a: Cresselia|move: Leech Seed\n|move|p1a: Cresselia|Calm Mind|p1a: Cresselia\n|-boost|p1a: Cresselia|spa|1\n|-boost|p1a: Cresselia|spd|1\n|\n|-heal|p2a: Sceptile|161/264|[from] item: Leftovers\n|-heal|p1a: Cresselia|303/323|[from] item: Leftovers\n|-damage|p1a: Cresselia|263/323|[from] Leech Seed|[of] p2a: Sceptile\n|-heal|p2a: Sceptile|201/264|[silent]\n|upkeep\n|turn|33\n|\n|t:|1782899492\n|move|p2a: Sceptile|Giga Drain|p1a: Cresselia\n|-damage|p1a: Cresselia|214/323\n|-heal|p2a: Sceptile|226/264|[from] drain|[of] p1a: Cresselia\n|move|p1a: Cresselia|Calm Mind|p1a: Cresselia\n|-boost|p1a: Cresselia|spa|1\n|-boost|p1a: Cresselia|spd|1\n|\n|-heal|p2a: Sceptile|242/264|[from] item: Leftovers\n|-heal|p1a: Cresselia|234/323|[from] item: Leftovers\n|-damage|p1a: Cresselia|194/323|[from] Leech Seed|[of] p2a: Sceptile\n|-heal|p2a: Sceptile|264/264|[silent]\n|upkeep\n|turn|34\n|\n|t:|1782899494\n|move|p2a: Sceptile|Giga Drain|p1a: Cresselia\n|-damage|p1a: Cresselia|160/323\n|move|p1a: Cresselia|Moonlight|p1a: Cresselia\n|-heal|p1a: Cresselia|321/323\n|\n|-heal|p1a: Cresselia|323/323|[from] item: Leftovers\n|-damage|p1a: Cresselia|283/323|[from] Leech Seed|[of] p2a: Sceptile\n|upkeep\n|turn|35\n|\n|t:|1782899497\n|move|p2a: Sceptile|Giga Drain|p1a: Cresselia\n|-damage|p1a: Cresselia|249/323\n|move|p1a: Cresselia|Thunderbolt|p2a: Sceptile\n|-end|p2a: Sceptile|Substitute\n|\n|-heal|p1a: Cresselia|269/323|[from] item: Leftovers\n|-damage|p1a: Cresselia|229/323|[from] Leech Seed|[of] p2a: Sceptile\n|upkeep\n|turn|36\n|\n|t:|1782899501\n|move|p2a: Sceptile|Substitute|p2a: Sceptile\n|-start|p2a: Sceptile|Substitute\n|-damage|p2a: Sceptile|198/264\n|move|p1a: Cresselia|Moonlight|p1a: Cresselia\n|-heal|p1a: Cresselia|323/323\n|\n|-heal|p2a: Sceptile|214/264|[from] item: Leftovers\n|-damage|p1a: Cresselia|283/323|[from] Leech Seed|[of] p2a: Sceptile\n|-heal|p2a: Sceptile|254/264|[silent]\n|upkeep\n|turn|37\n|\n|t:|1782899504\n|move|p2a: Sceptile|Giga Drain|p1a: Cresselia\n|-damage|p1a: Cresselia|247/323\n|-heal|p2a: Sceptile|264/264|[from] drain|[of] p1a: Cresselia\n|move|p1a: Cresselia|Thunderbolt|p2a: Sceptile\n|-end|p2a: Sceptile|Substitute\n|\n|-heal|p1a: Cresselia|267/323|[from] item: Leftovers\n|-damage|p1a: Cresselia|227/323|[from] Leech Seed|[of] p2a: Sceptile\n|upkeep\n|turn|38\n|\n|t:|1782899507\n|move|p2a: Sceptile|Substitute|p2a: Sceptile\n|-start|p2a: Sceptile|Substitute\n|-damage|p2a: Sceptile|198/264\n|move|p1a: Cresselia|Moonlight|p1a: Cresselia\n|-heal|p1a: Cresselia|323/323\n|\n|-heal|p2a: Sceptile|214/264|[from] item: Leftovers\n|-damage|p1a: Cresselia|283/323|[from] Leech Seed|[of] p2a: Sceptile\n|-heal|p2a: Sceptile|254/264|[silent]\n|upkeep\n|turn|39\n|\n|t:|1782899511\n|move|p2a: Sceptile|Giga Drain|p1a: Cresselia\n|-damage|p1a: Cresselia|244/323\n|-heal|p2a: Sceptile|264/264|[from] drain|[of] p1a: Cresselia\n|move|p1a: Cresselia|Thunderbolt|p2a: Sceptile\n|-end|p2a: Sceptile|Substitute\n|\n|-heal|p1a: Cresselia|264/323|[from] item: Leftovers\n|-damage|p1a: Cresselia|224/323|[from] Leech Seed|[of] p2a: Sceptile\n|upkeep\n|turn|40\n|\n|t:|1782899516\n|move|p2a: Sceptile|Substitute|p2a: Sceptile\n|-start|p2a: Sceptile|Substitute\n|-damage|p2a: Sceptile|198/264\n|move|p1a: Cresselia|Moonlight|p1a: Cresselia\n|-heal|p1a: Cresselia|323/323\n|\n|-heal|p2a: Sceptile|214/264|[from] item: Leftovers\n|-damage|p1a: Cresselia|283/323|[from] Leech Seed|[of] p2a: Sceptile\n|-heal|p2a: Sceptile|254/264|[silent]\n|upkeep\n|turn|41\n|\n|t:|1782899519\n|move|p2a: Sceptile|Giga Drain|p1a: Cresselia\n|-damage|p1a: Cresselia|244/323\n|-heal|p2a: Sceptile|264/264|[from] drain|[of] p1a: Cresselia\n|move|p1a: Cresselia|Thunderbolt|p2a: Sceptile\n|-end|p2a: Sceptile|Substitute\n|\n|-heal|p1a: Cresselia|264/323|[from] item: Leftovers\n|-damage|p1a: Cresselia|224/323|[from] Leech Seed|[of] p2a: Sceptile\n|upkeep\n|turn|42\n|\n|t:|1782899522\n|move|p2a: Sceptile|Substitute|p2a: Sceptile\n|-start|p2a: Sceptile|Substitute\n|-damage|p2a: Sceptile|198/264\n|move|p1a: Cresselia|Moonlight|p1a: Cresselia\n|-heal|p1a: Cresselia|323/323\n|\n|-heal|p2a: Sceptile|214/264|[from] item: Leftovers\n|-damage|p1a: Cresselia|283/323|[from] Leech Seed|[of] p2a: Sceptile\n|-heal|p2a: Sceptile|254/264|[silent]\n|upkeep\n|turn|43\n|\n|t:|1782899525\n|move|p2a: Sceptile|Giga Drain|p1a: Cresselia\n|-crit|p1a: Cresselia\n|-damage|p1a: Cresselia|163/323\n|-heal|p2a: Sceptile|264/264|[from] drain|[of] p1a: Cresselia\n|move|p1a: Cresselia|Thunderbolt|p2a: Sceptile\n|-end|p2a: Sceptile|Substitute\n|\n|-heal|p1a: Cresselia|183/323|[from] item: Leftovers\n|-damage|p1a: Cresselia|143/323|[from] Leech Seed|[of] p2a: Sceptile\n|upkeep\n|turn|44\n|\n|t:|1782899528\n|move|p2a: Sceptile|Substitute|p2a: Sceptile\n|-start|p2a: Sceptile|Substitute\n|-damage|p2a: Sceptile|198/264\n|move|p1a: Cresselia|Moonlight|p1a: Cresselia\n|-heal|p1a: Cresselia|304/323\n|\n|-heal|p2a: Sceptile|214/264|[from] item: Leftovers\n|-heal|p1a: Cresselia|323/323|[from] item: Leftovers\n|-damage|p1a: Cresselia|283/323|[from] Leech Seed|[of] p2a: Sceptile\n|-heal|p2a: Sceptile|254/264|[silent]\n|upkeep\n|turn|45\n|\n|t:|1782899531\n|move|p2a: Sceptile|Giga Drain|p1a: Cresselia\n|-damage|p1a: Cresselia|246/323\n|-heal|p2a: Sceptile|264/264|[from] drain|[of] p1a: Cresselia\n|move|p1a: Cresselia|Thunderbolt|p2a: Sceptile\n|-end|p2a: Sceptile|Substitute\n|\n|-heal|p1a: Cresselia|266/323|[from] item: Leftovers\n|-damage|p1a: Cresselia|226/323|[from] Leech Seed|[of] p2a: Sceptile\n|upkeep\n|turn|46\n|\n|t:|1782899534\n|move|p2a: Sceptile|Substitute|p2a: Sceptile\n|-start|p2a: Sceptile|Substitute\n|-damage|p2a: Sceptile|198/264\n|move|p1a: Cresselia|Moonlight|p1a: Cresselia\n|-heal|p1a: Cresselia|323/323\n|\n|-heal|p2a: Sceptile|214/264|[from] item: Leftovers\n|-damage|p1a: Cresselia|283/323|[from] Leech Seed|[of] p2a: Sceptile\n|-heal|p2a: Sceptile|254/264|[silent]\n|upkeep\n|turn|47\n|\n|t:|1782899536\n|move|p2a: Sceptile|Giga Drain|p1a: Cresselia\n|-damage|p1a: Cresselia|241/323\n|-heal|p2a: Sceptile|264/264|[from] drain|[of] p1a: Cresselia\n|move|p1a: Cresselia|Thunderbolt|p2a: Sceptile\n|-crit|p2a: Sceptile\n|-end|p2a: Sceptile|Substitute\n|\n|-heal|p1a: Cresselia|261/323|[from] item: Leftovers\n|-damage|p1a: Cresselia|221/323|[from] Leech Seed|[of] p2a: Sceptile\n|upkeep\n|turn|48\n|\n|t:|1782899539\n|move|p2a: Sceptile|Substitute|p2a: Sceptile\n|-start|p2a: Sceptile|Substitute\n|-damage|p2a: Sceptile|198/264\n|move|p1a: Cresselia|Thunderbolt|p2a: Sceptile\n|-end|p2a: Sceptile|Substitute\n|\n|-heal|p2a: Sceptile|214/264|[from] item: Leftovers\n|-heal|p1a: Cresselia|241/323|[from] item: Leftovers\n|-damage|p1a: Cresselia|201/323|[from] Leech Seed|[of] p2a: Sceptile\n|-heal|p2a: Sceptile|254/264|[silent]\n|upkeep\n|turn|49\n|\n|t:|1782899543\n|move|p2a: Sceptile|Substitute|p2a: Sceptile\n|-start|p2a: Sceptile|Substitute\n|-damage|p2a: Sceptile|188/264\n|move|p1a: Cresselia|Thunderbolt|p2a: Sceptile\n|-end|p2a: Sceptile|Substitute\n|\n|-heal|p2a: Sceptile|204/264|[from] item: Leftovers\n|-heal|p1a: Cresselia|221/323|[from] item: Leftovers\n|-damage|p1a: Cresselia|181/323|[from] Leech Seed|[of] p2a: Sceptile\n|-heal|p2a: Sceptile|244/264|[silent]\n|upkeep\n|turn|50\n|\n|t:|1782899547\n|move|p2a: Sceptile|Substitute|p2a: Sceptile\n|-start|p2a: Sceptile|Substitute\n|-damage|p2a: Sceptile|178/264\n|move|p1a: Cresselia|Thunderbolt|p2a: Sceptile\n|-end|p2a: Sceptile|Substitute\n|\n|-heal|p2a: Sceptile|194/264|[from] item: Leftovers\n|-heal|p1a: Cresselia|201/323|[from] item: Leftovers\n|-damage|p1a: Cresselia|161/323|[from] Leech Seed|[of] p2a: Sceptile\n|-heal|p2a: Sceptile|234/264|[silent]\n|upkeep\n|turn|51\n|\n|t:|1782899549\n|move|p2a: Sceptile|Substitute|p2a: Sceptile\n|-start|p2a: Sceptile|Substitute\n|-damage|p2a: Sceptile|168/264\n|move|p1a: Cresselia|Thunderbolt|p2a: Sceptile\n|-end|p2a: Sceptile|Substitute\n|\n|-heal|p2a: Sceptile|184/264|[from] item: Leftovers\n|-heal|p1a: Cresselia|181/323|[from] item: Leftovers\n|-damage|p1a: Cresselia|141/323|[from] Leech Seed|[of] p2a: Sceptile\n|-heal|p2a: Sceptile|224/264|[silent]\n|upkeep\n|turn|52\n|\n|t:|1782899552\n|move|p2a: Sceptile|Substitute|p2a: Sceptile\n|-start|p2a: Sceptile|Substitute\n|-damage|p2a: Sceptile|158/264\n|move|p1a: Cresselia|Thunderbolt|p2a: Sceptile\n|-end|p2a: Sceptile|Substitute\n|\n|-heal|p2a: Sceptile|174/264|[from] item: Leftovers\n|-heal|p1a: Cresselia|161/323|[from] item: Leftovers\n|-damage|p1a: Cresselia|121/323|[from] Leech Seed|[of] p2a: Sceptile\n|-heal|p2a: Sceptile|214/264|[silent]\n|upkeep\n|turn|53\n|\n|t:|1782899555\n|move|p2a: Sceptile|Substitute|p2a: Sceptile\n|-start|p2a: Sceptile|Substitute\n|-damage|p2a: Sceptile|148/264\n|move|p1a: Cresselia|Thunderbolt|p2a: Sceptile\n|-end|p2a: Sceptile|Substitute\n|\n|-heal|p2a: Sceptile|164/264|[from] item: Leftovers\n|-heal|p1a: Cresselia|141/323|[from] item: Leftovers\n|-damage|p1a: Cresselia|101/323|[from] Leech Seed|[of] p2a: Sceptile\n|-heal|p2a: Sceptile|204/264|[silent]\n|upkeep\n|turn|54\n|\n|t:|1782899557\n|-terastallize|p1a: Cresselia|Poison\n|move|p2a: Sceptile|Substitute|p2a: Sceptile\n|-start|p2a: Sceptile|Substitute\n|-damage|p2a: Sceptile|138/264\n|move|p1a: Cresselia|Thunderbolt|p2a: Sceptile\n|-end|p2a: Sceptile|Substitute\n|\n|-heal|p2a: Sceptile|154/264|[from] item: Leftovers\n|-heal|p1a: Cresselia|121/323|[from] item: Leftovers\n|-damage|p1a: Cresselia|81/323|[from] Leech Seed|[of] p2a: Sceptile\n|-heal|p2a: Sceptile|194/264|[silent]\n|upkeep\n|turn|55\n|\n|t:|1782899560\n|move|p2a: Sceptile|Substitute|p2a: Sceptile\n|-start|p2a: Sceptile|Substitute\n|-damage|p2a: Sceptile|128/264\n|move|p1a: Cresselia|Thunderbolt|p2a: Sceptile\n|-end|p2a: Sceptile|Substitute\n|\n|-heal|p2a: Sceptile|144/264|[from] item: Leftovers\n|-heal|p1a: Cresselia|101/323|[from] item: Leftovers\n|-damage|p1a: Cresselia|61/323|[from] Leech Seed|[of] p2a: Sceptile\n|-heal|p2a: Sceptile|184/264|[silent]\n|upkeep\n|turn|56\n|\n|t:|1782899563\n|move|p2a: Sceptile|Substitute|p2a: Sceptile\n|-start|p2a: Sceptile|Substitute\n|-damage|p2a: Sceptile|118/264\n|move|p1a: Cresselia|Thunderbolt|p2a: Sceptile\n|-end|p2a: Sceptile|Substitute\n|\n|-heal|p2a: Sceptile|134/264|[from] item: Leftovers\n|-heal|p1a: Cresselia|81/323|[from] item: Leftovers\n|-damage|p1a: Cresselia|41/323|[from] Leech Seed|[of] p2a: Sceptile\n|-heal|p2a: Sceptile|174/264|[silent]\n|upkeep\n|turn|57\n|\n|t:|1782899566\n|move|p2a: Sceptile|Giga Drain|p1a: Cresselia\n|-resisted|p1a: Cresselia\n|-damage|p1a: Cresselia|22/323\n|-heal|p2a: Sceptile|184/264|[from] drain|[of] p1a: Cresselia\n|move|p1a: Cresselia|Thunderbolt|p2a: Sceptile\n|-damage|p2a: Sceptile|82/264\n|\n|-heal|p2a: Sceptile|98/264|[from] item: Leftovers\n|-heal|p1a: Cresselia|42/323|[from] item: Leftovers\n|-damage|p1a: Cresselia|2/323|[from] Leech Seed|[of] p2a: Sceptile\n|-heal|p2a: Sceptile|138/264|[silent]\n|upkeep\n|turn|58\n|\n|t:|1782899571\n|move|p2a: Sceptile|Giga Drain|p1a: Cresselia\n|-resisted|p1a: Cresselia\n|-damage|p1a: Cresselia|0 fnt\n|-heal|p2a: Sceptile|139/264|[from] drain|[of] p1a: Cresselia\n|faint|p1a: Cresselia\n|\n|win|AllCreme\n|raw|jnpr010334's rating: 1679 &rarr; <strong>1659</strong><br />(-20 for losing)\n|raw|AllCreme's rating: 1677 &rarr; <strong>1697</strong><br />(+20 for winning)\n|l|\u2606AllCreme\n|player|p2|\n", "inputlog": ">version f8ac14003a5f27e1bdc8d8c59608a773c1cb96e5\n>start {\"formatid\":\"gen9randombattle\",\"seed\":\"sodium,b309aa92282ed652f28ea76e7a56d13e\",\"rated\":\"Rated battle\"}\n>player p1 {\"name\":\"jnpr010334\",\"avatar\":\"265\",\"rating\":1659,\"seed\":\"sodium,37a79cc64e0080999c52ffd6db216592\"}\n>player p2 {\"name\":\"AllCreme\",\"avatar\":\"iris-gen5bw2\",\"rating\":1677,\"seed\":\"sodium,88b8efb4c74608e486772f595697b6e5\"}\n>p1 move freezedry\n>p2 switch 4\n>p1 switch 5\n>p2 move quiverdance\n>p1 move ironhead\n>p2 move icebeam\n>p2 switch 6\n>p1 switch 4\n>p2 move fakeout\n>p1 move stealthrock\n>p2 switch 2\n>p1 move whirlwind\n>p2 move dragondance\n>p1 move bravebird\n>p2 move focusblast\n>p1 switch 2\n>p2 move gigadrain\n>p1 move moonlight\n>p2 switch 2\n>p1 switch 2\n>p2 move fakeout\n>p1 switch 6\n>p1 move drainpunch\n>p2 switch 4\n>p1 switch 4\n>p2 move substitute\n>p1 move ironhead\n>p2 move leechseed\n>p1 switch 5\n>p2 move protect\n>p1 move freezedry\n>p2 move leechseed\n>p1 move freezedry\n>p2 switch 5\n>p1 switch 4\n>p2 move dragondance\n>p1 move drainpunch\n>p2 move flareblitz\n>p1 move drainpunch\n>p2 move flareblitz\n>p2 switch 4\n>p1 move drainpunch\n>p2 move fakeout\n>p1 move drainpunch\n>p2 move doubleedge\n>p1 switch 4\n>p1 move freezedry\n>p2 switch 5\n>p2 switch 3\n>p1 move freezedry\n>p2 move stoneedge\n>p1 switch 3\n>p1 move photongeyser\n>p2 move stoneedge\n>p2 switch 5\n>p1 move photongeyser\n>p2 move fakeout\n>p1 move photongeyser\n>p2 move knockoff\n>p2 switch 2\n>p1 move photongeyser\n>p2 move leechseed terastallize\n>p1 move earthpower\n>p2 move gigadrain\n>p1 switch 2\n>p1 move calmmind\n>p2 move leechseed\n>p1 switch 5\n>p2 move substitute\n>p1 move earthquake\n>p2 move focusblast\n>p1 switch 5\n>p1 move calmmind\n>p2 move leechseed\n>p1 move calmmind\n>p2 move gigadrain\n>p1 move moonlight\n>p2 move gigadrain\n>p1 move thunderbolt\n>p2 move gigadrain\n>p1 move moonlight\n>p2 move substitute\n>p1 move thunderbolt\n>p2 move gigadrain\n>p1 move moonlight\n>p2 move substitute\n>p1 move thunderbolt\n>p2 move gigadrain\n>p1 move moonlight\n>p2 move substitute\n>p1 move thunderbolt\n>p2 move gigadrain\n>p1 move moonlight\n>p2 move substitute\n>p1 move thunderbolt\n>p2 move gigadrain\n>p1 move moonlight\n>p2 move substitute\n>p1 move thunderbolt\n>p2 move gigadrain\n>p1 move moonlight\n>p2 move substitute\n>p1 move thunderbolt\n>p2 move gigadrain\n>p1 move thunderbolt\n>p2 move substitute\n>p1 move thunderbolt\n>p2 move substitute\n>p1 move thunderbolt\n>p2 move substitute\n>p1 move thunderbolt\n>p2 move substitute\n>p1 move thunderbolt\n>p2 move substitute\n>p1 move thunderbolt\n>p2 move substitute\n>p1 move thunderbolt terastallize\n>p2 move substitute\n>p1 move thunderbolt\n>p2 move substitute\n>p1 move thunderbolt\n>p2 move substitute\n>p1 move thunderbolt\n>p2 move gigadrain\n>p1 move thunderbolt\n>p2 move gigadrain", "uploadtime": 1782899574, "views": 2, "formatid": "gen9randombattle", "rating": 1659, "private": 0, "password": null, "player_dets": [{"name": "jnpr010334", "avatar": "265", "rating": 1659, "seed": "sodium,37a79cc64e0080999c52ffd6db216592"}, {"name": "AllCreme", "avatar": "iris-gen5bw2", "rating": 1677, "seed": "sodium,88b8efb4c74608e486772f595697b6e5"}], "teams_full": [{"Glaceon": {"name": "Glaceon", "species": "Glaceon", "speciesId": "glaceon", "gender": "M", "shiny": false, "level": 94, "moves": ["wish", "calmmind", "freezedry", "protect"], "ability": "Ice Body", "evs": {"hp": 85, "atk": 0, "def": 85, "spa": 85, "spd": 85, "spe": 85}, "ivs": {"hp": 31, "atk": 0, "def": 31, "spa": 31, "spd": 31, "spe": 31}, "item": "Heavy-Duty Boots", "teraType": "Water", "role": "Bulky Setup", "bvs": {"hp": 65, "atk": 60, "def": 110, "spa": 130, "spd": 95, "spe": 65}, "stats": {"hp": 275, "atk": 117, "def": 260, "spa": 298, "spd": 232, "spe": 176}, "types": ["Ice"]}, "Cresselia": {"name": "Cresselia", "species": "Cresselia", "speciesId": "cresselia", "gender": "F", "shiny": false, "level": 80, "moves": ["psyshock", "thunderbolt", "moonlight", "calmmind"], "ability": "Levitate", "evs": {"hp": 85, "atk": 0, "def": 85, "spa": 85, "spd": 85, "spe": 85}, "ivs": {"hp": 31, "atk": 0, "def": 31, "spa": 31, "spd": 31, "spe": 31}, "item": "Leftovers", "teraType": "Poison", "role": "Bulky Setup", "bvs": {"hp": 120, "atk": 70, "def": 110, "spa": 75, "spd": 120, "spe": 85}, "stats": {"hp": 323, "atk": 117, "def": 222, "spa": 166, "spd": 238, "spe": 182}, "types": ["Psychic"]}, "Necrozma": {"name": "Necrozma", "species": "Necrozma", "speciesId": "necrozma", "gender": "N", "shiny": false, "level": 80, "moves": ["calmmind", "moonlight", "photongeyser", "earthpower"], "ability": "Prism Armor", "evs": {"hp": 85, "atk": 0, "def": 85, "spa": 85, "spd": 85, "spe": 85}, "ivs": {"hp": 31, "atk": 0, "def": 31, "spa": 31, "spd": 31, "spe": 31}, "item": "Leftovers", "teraType": "Ground", "role": "Bulky Setup", "bvs": {"hp": 97, "atk": 107, "def": 101, "spa": 127, "spd": 89, "spe": 79}, "stats": {"hp": 286, "atk": 176, "def": 208, "spa": 249, "spd": 189, "spe": 173}, "types": ["Psychic"]}, "Skarmory": {"name": "Skarmory", "species": "Skarmory", "speciesId": "skarmory", "gender": "M", "shiny": false, "level": 80, "moves": ["bravebird", "stealthrock", "roost", "whirlwind"], "ability": "Sturdy", "evs": {"hp": 85, "atk": 85, "def": 85, "spa": 85, "spd": 85, "spe": 85}, "ivs": {"hp": 31, "atk": 31, "def": 31, "spa": 31, "spd": 31, "spe": 31}, "item": "Rocky Helmet", "teraType": "Dragon", "role": "Bulky Support", "bvs": {"hp": 65, "atk": 80, "def": 140, "spa": 40, "spd": 70, "spe": 70}, "stats": {"hp": 235, "atk": 174, "def": 270, "spa": 110, "spd": 158, "spe": 158}, "types": ["Steel", "Flying"]}, "Iron Treads": {"name": "Iron Treads", "species": "Iron Treads", "speciesId": "irontreads", "gender": "N", "shiny": false, "level": 77, "moves": ["earthquake", "voltswitch", "rapidspin", "ironhead"], "ability": "Quark Drive", "evs": {"hp": 85, "atk": 85, "def": 85, "spa": 85, "spd": 85, "spe": 85}, "ivs": {"hp": 31, "atk": 31, "def": 31, "spa": 31, "spd": 31, "spe": 31}, "item": "Assault Vest", "teraType": "Ghost", "role": "Bulky Support", "bvs": {"hp": 90, "atk": 112, "def": 120, "spa": 72, "spd": 70, "spe": 106}, "stats": {"hp": 265, "atk": 217, "def": 229, "spa": 155, "spd": 152, "spe": 208}, "types": ["Ground", "Steel"]}, "Iron Hands": {"name": "Iron Hands", "species": "Iron Hands", "speciesId": "ironhands", "gender": "N", "shiny": false, "level": 79, "moves": ["icepunch", "wildcharge", "drainpunch", "swordsdance"], "ability": "Quark Drive", "evs": {"hp": 85, "atk": 85, "def": 85, "spa": 85, "spd": 85, "spe": 85}, "ivs": {"hp": 31, "atk": 31, "def": 31, "spa": 31, "spd": 31, "spe": 31}, "item": "Leftovers", "teraType": "Steel", "role": "Bulky Attacker", "bvs": {"hp": 154, "atk": 140, "def": 108, "spa": 50, "spd": 68, "spe": 50}, "stats": {"hp": 373, "atk": 267, "def": 216, "spa": 125, "spd": 153, "spe": 125}, "types": ["Fighting", "Electric"]}}, {"Exeggutor": {"name": "Exeggutor", "species": "Exeggutor", "speciesId": "exeggutor", "gender": "F", "shiny": false, "level": 89, "moves": ["protect", "leechseed", "psychicnoise", "substitute"], "ability": "Harvest", "evs": {"hp": 77, "atk": 0, "def": 85, "spa": 85, "spd": 85, "spe": 85}, "ivs": {"hp": 31, "atk": 0, "def": 31, "spa": 31, "spd": 31, "spe": 31}, "item": "Sitrus Berry", "teraType": "Steel", "role": "Bulky Attacker", "bvs": {"hp": 95, "atk": 95, "def": 85, "spa": 125, "spd": 75, "spe": 55}, "stats": {"hp": 312, "atk": 174, "def": 202, "spa": 273, "spd": 184, "spe": 149}, "types": ["Grass", "Psychic"]}, "Reshiram": {"name": "Reshiram", "species": "Reshiram", "speciesId": "reshiram", "gender": "N", "shiny": false, "level": 76, "moves": ["outrage", "flareblitz", "dragondance", "stoneedge"], "ability": "Turboblaze", "evs": {"hp": 85, "atk": 85, "def": 85, "spa": 85, "spd": 85, "spe": 85}, "ivs": {"hp": 31, "atk": 31, "def": 31, "spa": 31, "spd": 31, "spe": 31}, "item": "Heavy-Duty Boots", "teraType": "Dragon", "role": "Setup Sweeper", "bvs": {"hp": 100, "atk": 120, "def": 100, "spa": 150, "spd": 120, "spe": 90}, "stats": {"hp": 277, "atk": 226, "def": 196, "spa": 272, "spd": 226, "spe": 181}, "types": ["Dragon", "Fire"]}, "Rhyperior": {"name": "Rhyperior", "species": "Rhyperior", "speciesId": "rhyperior", "gender": "F", "shiny": false, "level": 82, "moves": ["earthquake", "stoneedge", "icepunch", "megahorn"], "ability": "Solid Rock", "evs": {"hp": 85, "atk": 85, "def": 85, "spa": 85, "spd": 85, "spe": 85}, "ivs": {"hp": 31, "atk": 31, "def": 31, "spa": 31, "spd": 31, "spe": 31}, "item": "Choice Band", "teraType": "Dragon", "role": "Bulky Attacker", "bvs": {"hp": 115, "atk": 140, "def": 130, "spa": 55, "spd": 55, "spe": 40}, "stats": {"hp": 323, "atk": 277, "def": 260, "spa": 137, "spd": 137, "spe": 113}, "types": ["Ground", "Rock"]}, "Frosmoth": {"name": "Frosmoth", "species": "Frosmoth", "speciesId": "frosmoth", "gender": "M", "shiny": false, "level": 82, "moves": ["gigadrain", "icebeam", "quiverdance", "terablast"], "ability": "Ice Scales", "evs": {"hp": 85, "atk": 0, "def": 85, "spa": 85, "spd": 85, "spe": 85}, "ivs": {"hp": 31, "atk": 0, "def": 31, "spa": 31, "spd": 31, "spe": 31}, "item": "Heavy-Duty Boots", "teraType": "Ground", "role": "Tera Blast user", "bvs": {"hp": 70, "atk": 65, "def": 60, "spa": 125, "spd": 90, "spe": 65}, "stats": {"hp": 249, "atk": 111, "def": 146, "spa": 252, "spd": 195, "spe": 154}, "types": ["Ice", "Bug"]}, "Sceptile": {"name": "Sceptile", "species": "Sceptile", "speciesId": "sceptile", "gender": "F", "shiny": false, "level": 87, "moves": ["focusblast", "gigadrain", "leechseed", "substitute"], "ability": "Overgrow", "evs": {"hp": 85, "atk": 0, "def": 85, "spa": 85, "spd": 85, "spe": 85}, "ivs": {"hp": 31, "atk": 0, "def": 31, "spa": 31, "spd": 31, "spe": 31}, "item": "Leftovers", "teraType": "Steel", "role": "Fast Support", "bvs": {"hp": 70, "atk": 85, "def": 65, "spa": 105, "spd": 85, "spe": 120}, "stats": {"hp": 264, "atk": 152, "def": 163, "spa": 232, "spd": 198, "spe": 259}, "types": ["Grass"]}, "Ambipom": {"name": "Ambipom", "species": "Ambipom", "speciesId": "ambipom", "gender": "M", "shiny": false, "level": 84, "moves": ["fakeout", "lowkick", "knockoff", "doubleedge"], "ability": "Technician", "evs": {"hp": 85, "atk": 85, "def": 85, "spa": 85, "spd": 85, "spe": 85}, "ivs": {"hp": 31, "atk": 31, "def": 31, "spa": 31, "spd": 31, "spe": 31}, "item": "Silk Scarf", "teraType": "Normal", "role": "Wallbreaker", "bvs": {"hp": 75, "atk": 100, "def": 66, "spa": 60, "spd": 66, "spe": 115}, "stats": {"hp": 263, "atk": 216, "def": 159, "spa": 149, "spd": 159, "spe": 241}, "types": ["Normal"]}}]}