{"id": "gen9randombattle-2642115704", "format": "[Gen 9] Random Battle", "players": ["Porygon_Red", "jnpr010334"], "log": "|j|\u2606Porygon_Red\n|j|\u2606jnpr010334\n|t:|1782893331\n|gametype|singles\n|player|p1|Porygon_Red|101|1718\n|player|p2|jnpr010334|265|1744\n|gen|9\n|tier|[Gen 9] Random Battle\n|rated|\n|rule|Species Clause: Limit one of each Pok\u00e9mon\n|rule|HP Percentage Mod: HP is shown in percentages\n|rule|Sleep Clause Mod: Limit one foe put to sleep\n|rule|Illusion Level Mod: Illusion disguises the Pok\u00e9mon's true level\n|\n|t:|1782893332\n|teamsize|p1|6\n|teamsize|p2|6\n|start\n|switch|p1a: Dachsbun|Dachsbun, L92, F|254/254\n|switch|p2a: Kingdra|Kingdra, L84, F|263/263\n|turn|1\n|inactive|Battle timer is ON: inactive players will automatically lose when time's up. (requested by jnpr010334)\n|\n|t:|1782893341\n|move|p1a: Dachsbun|Yawn|p2a: Kingdra\n|-start|p2a: Kingdra|move: Yawn|[of] p1a: Dachsbun\n|move|p2a: Kingdra|Rain Dance|p2a: Kingdra\n|-weather|RainDance\n|\n|-weather|RainDance|[upkeep]\n|upkeep\n|turn|2\n|\n|t:|1782893354\n|switch|p2a: Phione|Phione, L91|293/293\n|switch|p1a: Vikavolt|Vikavolt, L83, M|263/263\n|\n|-weather|RainDance|[upkeep]\n|upkeep\n|turn|3\n|\n|t:|1782893357\n|move|p2a: Phione|Scald|p1a: Vikavolt\n|-damage|p1a: Vikavolt|107/263\n|move|p1a: Vikavolt|Sticky Web|p2a: Phione\n|-sidestart|p2: jnpr010334|move: Sticky Web\n|\n|-weather|RainDance|[upkeep]\n|upkeep\n|turn|4\n|\n|t:|1782893362\n|switch|p1a: Hydrapple|Hydrapple, L83, F|312/312\n|move|p2a: Phione|Scald|p1a: Hydrapple\n|-resisted|p1a: Hydrapple\n|-damage|p1a: Hydrapple|287/312\n|-status|p1a: Hydrapple|brn\n|\n|-weather|RainDance|[upkeep]\n|-damage|p1a: Hydrapple|268/312 brn|[from] brn\n|upkeep\n|turn|5\n|\n|t:|1782893367\n|switch|p2a: Lunala|Lunala, L70|308/308\n|-activate|p2a: Lunala|move: Sticky Web\n|-unboost|p2a: Lunala|spe|1\n|move|p1a: Hydrapple|Fickle Beam|p2a: Lunala\n|-damage|p2a: Lunala|254/308\n|\n|-weather|none\n|-heal|p2a: Lunala|273/308|[from] item: Leftovers\n|-damage|p1a: Hydrapple|249/312 brn|[from] brn\n|upkeep\n|turn|6\n|\n|t:|1782893374\n|move|p2a: Lunala|Moongeist Beam|p1a: Hydrapple\n|-damage|p1a: Hydrapple|180/312 brn\n|move|p1a: Hydrapple|Dragon Tail|p2a: Lunala\n|-damage|p2a: Lunala|239/308\n|drag|p2a: Klawf|Klawf, L90, M|272/272\n|-activate|p2a: Klawf|move: Sticky Web\n|-unboost|p2a: Klawf|spe|1\n|\n|-damage|p1a: Hydrapple|161/312 brn|[from] brn\n|upkeep\n|turn|7\n|\n|t:|1782893377\n|move|p2a: Klawf|Swords Dance|p2a: Klawf\n|-boost|p2a: Klawf|atk|2\n|move|p1a: Hydrapple|Leaf Storm|p2a: Klawf\n|-supereffective|p2a: Klawf\n|-damage|p2a: Klawf|0 fnt\n|-unboost|p1a: Hydrapple|spa|2\n|faint|p2a: Klawf\n|\n|-damage|p1a: Hydrapple|142/312 brn|[from] brn\n|upkeep\n|\n|t:|1782893379\n|switch|p2a: Dusknoir|Dusknoir, L89, M|225/225\n|-activate|p2a: Dusknoir|move: Sticky Web\n|-unboost|p2a: Dusknoir|spe|1\n|-item|p1a: Hydrapple|Assault Vest|[from] ability: Frisk|[of] p2a: Dusknoir\n|turn|8\n|\n|t:|1782893391\n|switch|p1a: Arcanine|Arcanine, L84, M|288/288\n|-ability|p1a: Arcanine|Intimidate|boost\n|-unboost|p2a: Dusknoir|atk|1\n|move|p2a: Dusknoir|Poltergeist|p1a: Arcanine|[miss]\n|-miss|p2a: Dusknoir|p1a: Arcanine\n|\n|upkeep\n|turn|9\n|\n|t:|1782893399\n|switch|p2a: Kingdra|Kingdra, L84, F|263/263\n|-activate|p2a: Kingdra|move: Sticky Web\n|-unboost|p2a: Kingdra|spe|1\n|move|p1a: Arcanine|Flare Blitz|p2a: Kingdra\n|-resisted|p2a: Kingdra\n|-damage|p2a: Kingdra|230/263\n|-damage|p1a: Arcanine|277/288|[from] Recoil\n|\n|upkeep\n|turn|10\n|\n|t:|1782893407\n|move|p2a: Kingdra|Rain Dance|p2a: Kingdra\n|-weather|RainDance\n|move|p1a: Arcanine|Roar|p2a: Kingdra\n|drag|p2a: Dusknoir|Dusknoir, L89, M|225/225\n|-activate|p2a: Dusknoir|move: Sticky Web\n|-unboost|p2a: Dusknoir|spe|1\n|-item|p1a: Arcanine|Heavy-Duty Boots|[from] ability: Frisk|[of] p2a: Dusknoir\n|\n|-weather|RainDance|[upkeep]\n|upkeep\n|turn|11\n|\n|t:|1782893414\n|switch|p1a: Dachsbun|Dachsbun, L92, F|254/254\n|move|p2a: Dusknoir|Earthquake|p1a: Dachsbun\n|-damage|p1a: Dachsbun|165/254\n|\n|-weather|RainDance|[upkeep]\n|-heal|p1a: Dachsbun|180/254|[from] item: Leftovers\n|upkeep\n|turn|12\n|\n|t:|1782893417\n|move|p1a: Dachsbun|Wish|p1a: Dachsbun\n|move|p2a: Dusknoir|Earthquake|p1a: Dachsbun\n|-damage|p1a: Dachsbun|82/254\n|\n|-weather|RainDance|[upkeep]\n|-heal|p1a: Dachsbun|97/254|[from] item: Leftovers\n|upkeep\n|turn|13\n|\n|t:|1782893425\n|switch|p2a: Phione|Phione, L91|293/293\n|-activate|p2a: Phione|move: Sticky Web\n|-unboost|p2a: Phione|spe|1\n|move|p1a: Dachsbun|Play Rough|p2a: Phione\n|-damage|p2a: Phione|191/293\n|\n|-weather|RainDance|[upkeep]\n|-heal|p1a: Dachsbun|224/254|[from] move: Wish|[wisher] Dachsbun\n|-heal|p1a: Dachsbun|239/254|[from] item: Leftovers\n|-heal|p2a: Phione|209/293|[from] item: Leftovers\n|upkeep\n|turn|14\n|\n|t:|1782893439\n|move|p1a: Dachsbun|Protect|p1a: Dachsbun\n|-singleturn|p1a: Dachsbun|Protect\n|move|p2a: Phione|Scald|p1a: Dachsbun\n|-activate|p1a: Dachsbun|move: Protect\n|\n|-weather|none\n|-heal|p1a: Dachsbun|254/254|[from] item: Leftovers\n|-heal|p2a: Phione|227/293|[from] item: Leftovers\n|upkeep\n|turn|15\n|\n|t:|1782893442\n|move|p1a: Dachsbun|Yawn|p2a: Phione\n|-start|p2a: Phione|move: Yawn|[of] p1a: Dachsbun\n|move|p2a: Phione|Scald|p1a: Dachsbun\n|-damage|p1a: Dachsbun|169/254\n|\n|-heal|p1a: Dachsbun|184/254|[from] item: Leftovers\n|-heal|p2a: Phione|245/293|[from] item: Leftovers\n|upkeep\n|turn|16\n|\n|t:|1782893445\n|move|p1a: Dachsbun|Wish|p1a: Dachsbun\n|move|p2a: Phione|Scald|p1a: Dachsbun\n|-damage|p1a: Dachsbun|106/254\n|\n|-heal|p1a: Dachsbun|121/254|[from] item: Leftovers\n|-heal|p2a: Phione|263/293|[from] item: Leftovers\n|-end|p2a: Phione|move: Yawn|[silent]\n|-status|p2a: Phione|slp\n|upkeep\n|turn|17\n|\n|t:|1782893449\n|move|p1a: Dachsbun|Play Rough|p2a: Phione\n|-damage|p2a: Phione|161/293 slp\n|cant|p2a: Phione|slp\n|move|p2a: Phione|Sleep Talk|p2a: Phione\n|move|p2a: Phione|Rest||[from] move: Sleep Talk|[still]\n|-fail|p2a: Phione\n|\n|-heal|p1a: Dachsbun|248/254|[from] move: Wish|[wisher] Dachsbun\n|-heal|p1a: Dachsbun|254/254|[from] item: Leftovers\n|-heal|p2a: Phione|179/293 slp|[from] item: Leftovers\n|upkeep\n|turn|18\n|\n|t:|1782893453\n|move|p1a: Dachsbun|Play Rough|p2a: Phione\n|-damage|p2a: Phione|85/293 slp\n|cant|p2a: Phione|slp\n|move|p2a: Phione|Sleep Talk|p2a: Phione\n|move|p2a: Phione|Rest||[from] move: Sleep Talk|[still]\n|-fail|p2a: Phione\n|\n|-heal|p2a: Phione|103/293 slp|[from] item: Leftovers\n|upkeep\n|turn|19\n|\n|t:|1782893457\n|move|p1a: Dachsbun|Play Rough|p2a: Phione\n|-damage|p2a: Phione|13/293 slp\n|-curestatus|p2a: Phione|slp|[msg]\n|move|p2a: Phione|Rest|p2a: Phione\n|-status|p2a: Phione|slp|[from] move: Rest\n|-heal|p2a: Phione|293/293 slp|[silent]\n|\n|upkeep\n|turn|20\n|\n|t:|1782893459\n|move|p1a: Dachsbun|Play Rough|p2a: Phione\n|-damage|p2a: Phione|194/293 slp\n|cant|p2a: Phione|slp\n|move|p2a: Phione|Sleep Talk|p2a: Phione\n|move|p2a: Phione|Take Heart|p2a: Phione|[from] move: Sleep Talk\n|-boost|p2a: Phione|spa|1\n|-boost|p2a: Phione|spd|1\n|-curestatus|p2a: Phione|slp|[msg]\n|\n|-heal|p2a: Phione|212/293|[from] item: Leftovers\n|upkeep\n|turn|21\n|\n|t:|1782893472\n|switch|p1a: Hydrapple|Hydrapple, L83, F|246/312 brn\n|move|p2a: Phione|Scald|p1a: Hydrapple\n|-resisted|p1a: Hydrapple\n|-damage|p1a: Hydrapple|222/312 brn\n|\n|-heal|p2a: Phione|230/293|[from] item: Leftovers\n|-damage|p1a: Hydrapple|203/312 brn|[from] brn\n|upkeep\n|turn|22\n|\n|t:|1782893476\n|move|p2a: Phione|Take Heart|p2a: Phione\n|-boost|p2a: Phione|spa|1\n|-boost|p2a: Phione|spd|1\n|move|p1a: Hydrapple|Leaf Storm|p2a: Phione\n|-supereffective|p2a: Phione\n|-damage|p2a: Phione|68/293\n|-unboost|p1a: Hydrapple|spa|2\n|\n|-heal|p2a: Phione|86/293|[from] item: Leftovers\n|-damage|p1a: Hydrapple|184/312 brn|[from] brn\n|upkeep\n|turn|23\n|\n|t:|1782893479\n|move|p2a: Phione|Rest|p2a: Phione\n|-status|p2a: Phione|slp|[from] move: Rest\n|-heal|p2a: Phione|293/293 slp|[silent]\n|move|p1a: Hydrapple|Dragon Tail|p2a: Phione\n|-damage|p2a: Phione|267/293 slp\n|drag|p2a: Entei|Entei, L78|307/307\n|-activate|p2a: Entei|move: Sticky Web\n|-unboost|p2a: Entei|spe|1\n|\n|-damage|p1a: Hydrapple|165/312 brn|[from] brn\n|upkeep\n|turn|24\n|\n|t:|1782893484\n|switch|p1a: Arcanine|Arcanine, L84, M|277/288\n|-ability|p1a: Arcanine|Intimidate|boost\n|-fail|p2a: Entei|unboost|Attack|[from] ability: Inner Focus|[of] p2a: Entei\n|move|p2a: Entei|Sacred Fire|p1a: Arcanine|[miss]\n|-miss|p2a: Entei|p1a: Arcanine\n|\n|upkeep\n|turn|25\n|\n|t:|1782893492\n|switch|p2a: Kingdra|Kingdra, L84, F|230/263\n|-activate|p2a: Kingdra|move: Sticky Web\n|-unboost|p2a: Kingdra|spe|1\n|move|p1a: Arcanine|Close Combat|p2a: Kingdra\n|-damage|p2a: Kingdra|134/263\n|-unboost|p1a: Arcanine|def|1\n|-unboost|p1a: Arcanine|spd|1\n|\n|upkeep\n|turn|26\n|\n|t:|1782893499\n|switch|p1a: Dachsbun|Dachsbun, L92, F|254/254\n|move|p2a: Kingdra|Rain Dance|p2a: Kingdra\n|-weather|RainDance\n|\n|-weather|RainDance|[upkeep]\n|upkeep\n|turn|27\n|\n|t:|1782893505\n|move|p2a: Kingdra|Wave Crash|p1a: Dachsbun\n|-damage|p1a: Dachsbun|71/254\n|-damage|p2a: Kingdra|74/263|[from] Recoil\n|-damage|p2a: Kingdra|48/263|[from] item: Life Orb\n|move|p1a: Dachsbun|Play Rough|p2a: Kingdra\n|-supereffective|p2a: Kingdra\n|-damage|p2a: Kingdra|0 fnt\n|faint|p2a: Kingdra\n|\n|-weather|RainDance|[upkeep]\n|-heal|p1a: Dachsbun|86/254|[from] item: Leftovers\n|upkeep\n|\n|t:|1782893508\n|switch|p2a: Dusknoir|Dusknoir, L89, M|225/225\n|-activate|p2a: Dusknoir|move: Sticky Web\n|-unboost|p2a: Dusknoir|spe|1\n|-item|p1a: Dachsbun|Leftovers|[from] ability: Frisk|[of] p2a: Dusknoir\n|turn|28\n|\n|t:|1782893512\n|move|p1a: Dachsbun|Protect|p1a: Dachsbun\n|-singleturn|p1a: Dachsbun|Protect\n|move|p2a: Dusknoir|Poltergeist|p1a: Dachsbun\n|-activate|p1a: Dachsbun|move: Protect\n|\n|-weather|RainDance|[upkeep]\n|-heal|p1a: Dachsbun|101/254|[from] item: Leftovers\n|upkeep\n|turn|29\n|\n|t:|1782893529\n|switch|p1a: Arcanine|Arcanine, L84, M|277/288\n|-ability|p1a: Arcanine|Intimidate|boost\n|-unboost|p2a: Dusknoir|atk|1\n|move|p2a: Dusknoir|Poltergeist|p1a: Arcanine\n|-activate|p1a: Arcanine|move: Poltergeist|Heavy-Duty Boots\n|-damage|p1a: Arcanine|139/288\n|\n|-weather|RainDance|[upkeep]\n|upkeep\n|turn|30\n|\n|t:|1782893537\n|switch|p1a: Hydrapple|Hydrapple, L83, F|269/312 brn\n|switch|p2a: Phione|Phione, L91|267/293 slp\n|-activate|p2a: Phione|move: Sticky Web\n|-unboost|p2a: Phione|spe|1\n|\n|-weather|none\n|-heal|p2a: Phione|285/293 slp|[from] item: Leftovers\n|-damage|p1a: Hydrapple|250/312 brn|[from] brn\n|upkeep\n|turn|31\n|\n|t:|1782893542\n|switch|p2a: Dusknoir|Dusknoir, L89, M|225/225\n|-activate|p2a: Dusknoir|move: Sticky Web\n|-unboost|p2a: Dusknoir|spe|1\n|-item|p1a: Hydrapple|Assault Vest|[from] ability: Frisk|[of] p2a: Dusknoir\n|move|p1a: Hydrapple|Leaf Storm|p2a: Dusknoir\n|-crit|p2a: Dusknoir\n|-damage|p2a: Dusknoir|65/225\n|-unboost|p1a: Hydrapple|spa|2\n|\n|-damage|p1a: Hydrapple|231/312 brn|[from] brn\n|upkeep\n|turn|32\n|\n|t:|1782893547\n|move|p1a: Hydrapple|Leaf Storm|p2a: Dusknoir\n|-damage|p2a: Dusknoir|10/225\n|-unboost|p1a: Hydrapple|spa|2\n|move|p2a: Dusknoir|Leech Life|p1a: Hydrapple\n|-supereffective|p1a: Hydrapple\n|-damage|p1a: Hydrapple|79/312 brn\n|-heal|p2a: Dusknoir|86/225|[from] drain|[of] p1a: Hydrapple\n|\n|-damage|p1a: Hydrapple|60/312 brn|[from] brn\n|upkeep\n|turn|33\n|\n|t:|1782893552\n|switch|p1a: Arcanine|Arcanine, L84, M|139/288\n|-ability|p1a: Arcanine|Intimidate|boost\n|-unboost|p2a: Dusknoir|atk|1\n|move|p2a: Dusknoir|Leech Life|p1a: Arcanine\n|-resisted|p1a: Arcanine\n|-damage|p1a: Arcanine|107/288\n|-heal|p2a: Dusknoir|102/225|[from] drain|[of] p1a: Arcanine\n|\n|upkeep\n|turn|34\n|\n|t:|1782893556\n|switch|p2a: Phione|Phione, L91|285/293 slp\n|-activate|p2a: Phione|move: Sticky Web\n|-unboost|p2a: Phione|spe|1\n|move|p1a: Arcanine|Morning Sun|p1a: Arcanine\n|-heal|p1a: Arcanine|251/288\n|\n|-heal|p2a: Phione|293/293 slp|[from] item: Leftovers\n|upkeep\n|turn|35\n|\n|t:|1782893562\n|move|p1a: Arcanine|Close Combat|p2a: Phione\n|-damage|p2a: Phione|196/293 slp\n|-unboost|p1a: Arcanine|def|1\n|-unboost|p1a: Arcanine|spd|1\n|cant|p2a: Phione|slp\n|\n|-heal|p2a: Phione|214/293 slp|[from] item: Leftovers\n|upkeep\n|turn|36\n|\n|t:|1782893570\n|switch|p1a: Iron Hands|Iron Hands, L79|373/373\n|cant|p2a: Phione|slp\n|move|p2a: Phione|Sleep Talk|p2a: Phione\n|move|p2a: Phione|Take Heart|p2a: Phione|[from] move: Sleep Talk\n|-boost|p2a: Phione|spa|1\n|-boost|p2a: Phione|spd|1\n|-curestatus|p2a: Phione|slp|[msg]\n|\n|-heal|p2a: Phione|232/293|[from] item: Leftovers\n|upkeep\n|turn|37\n|\n|t:|1782893573\n|-terastallize|p2a: Phione|Dragon\n|move|p2a: Phione|Scald|p1a: Iron Hands\n|-damage|p1a: Iron Hands|264/373\n|move|p1a: Iron Hands|Wild Charge|p2a: Phione\n|-resisted|p2a: Phione\n|-damage|p2a: Phione|178/293\n|-damage|p1a: Iron Hands|250/373|[from] Recoil\n|\n|-heal|p2a: Phione|196/293|[from] item: Leftovers\n|upkeep\n|turn|38\n|\n|t:|1782893579\n|move|p2a: Phione|Scald|p1a: Iron Hands\n|-damage|p1a: Iron Hands|147/373\n|move|p1a: Iron Hands|Heavy Slam|p2a: Phione\n|-damage|p2a: Phione|104/293\n|\n|-heal|p2a: Phione|122/293|[from] item: Leftovers\n|upkeep\n|turn|39\n|\n|t:|1782893582\n|move|p2a: Phione|Scald|p1a: Iron Hands\n|-damage|p1a: Iron Hands|32/373\n|move|p1a: Iron Hands|Close Combat|p2a: Phione\n|-damage|p2a: Phione|0 fnt\n|-unboost|p1a: Iron Hands|def|1\n|-unboost|p1a: Iron Hands|spd|1\n|faint|p2a: Phione\n|\n|upkeep\n|\n|t:|1782893584\n|switch|p2a: Dusknoir|Dusknoir, L89, M|102/225\n|-activate|p2a: Dusknoir|move: Sticky Web\n|-unboost|p2a: Dusknoir|spe|1\n|-item|p1a: Iron Hands|Assault Vest|[from] ability: Frisk|[of] p2a: Dusknoir\n|turn|40\n|\n|t:|1782893599\n|move|p2a: Dusknoir|Shadow Sneak|p1a: Iron Hands\n|-damage|p1a: Iron Hands|0 fnt\n|faint|p1a: Iron Hands\n|-end|p1a: Iron Hands|Quark Drive|[silent]\n|\n|upkeep\n|\n|t:|1782893603\n|switch|p1a: Arcanine|Arcanine, L84, M|251/288\n|-ability|p1a: Arcanine|Intimidate|boost\n|-unboost|p2a: Dusknoir|atk|1\n|turn|41\n|l|\u2606jnpr010334\n|inactive|jnpr010334 disconnected and has a minute to reconnect!\n|player|p2|\n|j|\u2606jnpr010334\n|inactive|jnpr010334 reconnected and has 145 seconds left.\n|player|p2|jnpr010334|265|\n|\n|t:|1782893615\n|move|p2a: Dusknoir|Shadow Sneak|p1a: Arcanine\n|-damage|p1a: Arcanine|203/288\n|move|p1a: Arcanine|Flare Blitz|p2a: Dusknoir\n|-damage|p2a: Dusknoir|6/225\n|-damage|p1a: Arcanine|171/288|[from] Recoil\n|\n|upkeep\n|turn|42\n|\n|t:|1782893625\n|switch|p2a: Lunala|Lunala, L70|239/308\n|-activate|p2a: Lunala|move: Sticky Web\n|-unboost|p2a: Lunala|spe|1\n|move|p1a: Arcanine|Morning Sun|p1a: Arcanine\n|-heal|p1a: Arcanine|288/288\n|\n|-heal|p2a: Lunala|258/308|[from] item: Leftovers\n|upkeep\n|turn|43\n|\n|t:|1782893635\n|move|p1a: Arcanine|Flare Blitz|p2a: Lunala\n|-damage|p2a: Lunala|102/308\n|-damage|p1a: Arcanine|237/288|[from] Recoil\n|move|p2a: Lunala|Calm Mind|p2a: Lunala\n|-boost|p2a: Lunala|spa|1\n|-boost|p2a: Lunala|spd|1\n|\n|-heal|p2a: Lunala|121/308|[from] item: Leftovers\n|upkeep\n|turn|44\n|\n|t:|1782893640\n|move|p1a: Arcanine|Flare Blitz|p2a: Lunala\n|-damage|p2a: Lunala|0 fnt\n|faint|p2a: Lunala\n|-damage|p1a: Arcanine|197/288|[from] Recoil\n|\n|upkeep\n|\n|t:|1782893642\n|switch|p2a: Entei|Entei, L78|307/307\n|-activate|p2a: Entei|move: Sticky Web\n|-unboost|p2a: Entei|spe|1\n|turn|45\n|\n|t:|1782893649\n|switch|p1a: Hydrapple|Hydrapple, L83, F|164/312 brn\n|move|p2a: Entei|Flare Blitz|p1a: Hydrapple\n|-damage|p1a: Hydrapple|7/312 brn\n|-damage|p2a: Entei|255/307|[from] Recoil\n|\n|-damage|p1a: Hydrapple|0 fnt|[from] brn\n|faint|p1a: Hydrapple\n|upkeep\n|\n|t:|1782893652\n|switch|p1a: Arcanine|Arcanine, L84, M|197/288\n|-ability|p1a: Arcanine|Intimidate|boost\n|-fail|p2a: Entei|unboost|Attack|[from] ability: Inner Focus|[of] p2a: Entei\n|turn|46\n|\n|t:|1782893658\n|move|p1a: Arcanine|Morning Sun|p1a: Arcanine\n|-heal|p1a: Arcanine|288/288\n|move|p2a: Entei|Flare Blitz|p1a: Arcanine\n|-resisted|p1a: Arcanine\n|-damage|p1a: Arcanine|180/288\n|-damage|p2a: Entei|219/307|[from] Recoil\n|\n|upkeep\n|turn|47\n|\n|t:|1782893665\n|move|p1a: Arcanine|Flare Blitz|p2a: Entei\n|-resisted|p2a: Entei\n|-damage|p2a: Entei|139/307\n|-damage|p1a: Arcanine|154/288|[from] Recoil\n|move|p2a: Entei|Flare Blitz|p1a: Arcanine\n|-resisted|p1a: Arcanine\n|-damage|p1a: Arcanine|58/288\n|-damage|p2a: Entei|107/307|[from] Recoil\n|\n|upkeep\n|turn|48\n|\n|t:|1782893668\n|move|p1a: Arcanine|Morning Sun|p1a: Arcanine\n|-heal|p1a: Arcanine|202/288\n|move|p2a: Entei|Flare Blitz|p1a: Arcanine\n|-resisted|p1a: Arcanine\n|-damage|p1a: Arcanine|108/288\n|-damage|p2a: Entei|76/307|[from] Recoil\n|\n|upkeep\n|turn|49\n|\n|t:|1782893671\n|move|p1a: Arcanine|Morning Sun|p1a: Arcanine\n|-heal|p1a: Arcanine|252/288\n|move|p2a: Entei|Flare Blitz|p1a: Arcanine\n|-resisted|p1a: Arcanine\n|-damage|p1a: Arcanine|158/288\n|-damage|p2a: Entei|45/307|[from] Recoil\n|\n|upkeep\n|turn|50\n|\n|t:|1782893677\n|move|p1a: Arcanine|Morning Sun|p1a: Arcanine\n|-heal|p1a: Arcanine|288/288\n|move|p2a: Entei|Flare Blitz|p1a: Arcanine\n|-resisted|p1a: Arcanine\n|-damage|p1a: Arcanine|180/288\n|-damage|p2a: Entei|9/307|[from] Recoil\n|\n|upkeep\n|turn|51\n|\n|t:|1782893680\n|move|p1a: Arcanine|Flare Blitz|p2a: Entei\n|-resisted|p2a: Entei\n|-damage|p2a: Entei|0 fnt\n|faint|p2a: Entei\n|-damage|p1a: Arcanine|177/288|[from] Recoil\n|\n|upkeep\n|\n|t:|1782893683\n|switch|p2a: Dusknoir|Dusknoir, L89, M|6/225\n|-activate|p2a: Dusknoir|move: Sticky Web\n|-unboost|p2a: Dusknoir|spe|1\n|-item|p1a: Arcanine|Heavy-Duty Boots|[from] ability: Frisk|[of] p2a: Dusknoir\n|turn|52\n|\n|t:|1782893687\n|move|p1a: Arcanine|Flare Blitz|p2a: Dusknoir\n|-damage|p2a: Dusknoir|0 fnt\n|faint|p2a: Dusknoir\n|-damage|p1a: Arcanine|175/288|[from] Recoil\n|\n|win|Porygon_Red\n|raw|Porygon_Red's rating: 1718 &rarr; <strong>1737</strong><br />(+19 for winning)\n|raw|jnpr010334's rating: 1706 &rarr; <strong>1687</strong><br />(-19 for losing)\n", "inputlog": ">version f8ac14003a5f27e1bdc8d8c59608a773c1cb96e5\n>start {\"formatid\":\"gen9randombattle\",\"seed\":\"sodium,fc42e5ee3ae407e4ec8338b5ddee8fe9\",\"rated\":\"Rated battle\"}\n>player p1 {\"name\":\"Porygon_Red\",\"avatar\":\"101\",\"rating\":1718,\"seed\":\"sodium,2f4b3fd1f2ad0a12da7d2e370b8931cf\"}\n>player p2 {\"name\":\"jnpr010334\",\"avatar\":\"265\",\"rating\":1744,\"seed\":\"sodium,87994d6d8973a6817df156c7bca29b9b\"}\n>p1 move yawn\n>p2 move raindance\n>p1 switch 4\n>p2 switch 6\n>p1 move stickyweb\n>p2 move scald\n>p1 switch 2\n>p2 move scald\n>p1 move ficklebeam\n>p2 switch 3\n>p1 move dragontail\n>p2 move moongeistbeam\n>p1 move leafstorm\n>p2 move swordsdance\n>p2 switch 2\n>p1 switch 3\n>p2 move poltergeist\n>p1 move flareblitz\n>p2 switch 6\n>p1 move roar\n>p2 move raindance\n>p1 switch 4\n>p2 move earthquake\n>p1 move wish\n>p2 move earthquake\n>p1 move playrough\n>p2 switch 3\n>p1 move protect\n>p2 move scald\n>p1 move yawn\n>p2 move scald\n>p1 move wish\n>p2 move scald\n>p1 move playrough\n>p2 move sleeptalk\n>p1 move playrough\n>p2 move sleeptalk\n>p1 move playrough\n>p2 move rest\n>p1 move playrough\n>p2 move sleeptalk\n>p1 switch 3\n>p2 move scald\n>p1 move leafstorm\n>p2 move takeheart\n>p1 move dragontail\n>p2 move rest\n>p1 switch 4\n>p2 move sacredfire\n>p1 move closecombat\n>p2 switch 6\n>p1 switch 3\n>p2 move raindance\n>p1 move playrough\n>p2 move wavecrash\n>p2 switch 3\n>p1 move protect\n>p2 move poltergeist\n>p1 switch 3\n>p2 move poltergeist\n>p1 switch 4\n>p2 switch 5\n>p1 move leafstorm\n>p2 switch 5\n>p1 move leafstorm\n>p2 move leechlife\n>p1 switch 4\n>p2 move leechlife\n>p1 move morningsun\n>p2 switch 5\n>p1 move closecombat\n>p2 move scald\n>p1 switch 5\n>p2 move sleeptalk\n>p1 move wildcharge\n>p2 move scald terastallize\n>p1 move heavyslam\n>p2 move scald\n>p1 move closecombat\n>p2 move scald\n>p2 switch 5\n>p1 move wildcharge\n>p2 move shadowsneak\n>p1 switch 5\n>p1 move flareblitz\n>p2 move shadowsneak\n>p1 move morningsun\n>p2 switch 4\n>p1 move flareblitz\n>p2 move calmmind\n>p1 move flareblitz\n>p2 move calmmind\n>p2 switch 6\n>p1 switch 4\n>p2 move flareblitz\n>p1 switch 4\n>p1 move morningsun\n>p2 move flareblitz\n>p1 move flareblitz\n>p2 move flareblitz\n>p1 move morningsun\n>p2 move flareblitz\n>p1 move morningsun\n>p2 move flareblitz\n>p1 move morningsun\n>p2 move flareblitz\n>p1 move flareblitz\n>p2 move flareblitz\n>p2 switch 4\n>p1 move flareblitz\n>p2 move leechlife", "uploadtime": 1782893688, "views": 3, "formatid": "gen9randombattle", "rating": 1687, "private": 0, "password": null, "player_dets": [{"name": "Porygon_Red", "avatar": "101", "rating": 1718, "seed": "sodium,2f4b3fd1f2ad0a12da7d2e370b8931cf"}, {"name": "jnpr010334", "avatar": "265", "rating": 1744, "seed": "sodium,87994d6d8973a6817df156c7bca29b9b"}], "teams_full": [{"Dachsbun": {"name": "Dachsbun", "species": "Dachsbun", "speciesId": "dachsbun", "gender": "F", "shiny": false, "level": 92, "moves": ["wish", "protect", "yawn", "playrough"], "ability": "Well-Baked Body", "evs": {"hp": 85, "atk": 85, "def": 85, "spa": 85, "spd": 85, "spe": 85}, "ivs": {"hp": 31, "atk": 31, "def": 31, "spa": 31, "spd": 31, "spe": 31}, "item": "Leftovers", "teraType": "Steel", "role": "Bulky Support", "bvs": {"hp": 57, "atk": 80, "def": 115, "spa": 50, "spd": 80, "spe": 95}, "stats": {"hp": 254, "atk": 200, "def": 264, "spa": 144, "spd": 200, "spe": 227}, "types": ["Fairy"]}, "Hydrapple": {"name": "Hydrapple", "species": "Hydrapple", "speciesId": "hydrapple", "gender": "F", "shiny": false, "level": 83, "moves": ["earthpower", "ficklebeam", "dragontail", "leafstorm"], "ability": "Regenerator", "evs": {"hp": 85, "atk": 85, "def": 85, "spa": 85, "spd": 85, "spe": 85}, "ivs": {"hp": 31, "atk": 31, "def": 31, "spa": 31, "spd": 31, "spe": 31}, "item": "Assault Vest", "teraType": "Steel", "role": "AV Pivot", "bvs": {"hp": 106, "atk": 80, "def": 110, "spa": 120, "spd": 80, "spe": 44}, "stats": {"hp": 312, "atk": 180, "def": 230, "spa": 247, "spd": 180, "spe": 121}, "types": ["Grass", "Dragon"]}, "Arcanine": {"name": "Arcanine", "species": "Arcanine", "speciesId": "arcanine", "gender": "M", "shiny": false, "level": 84, "moves": ["closecombat", "flareblitz", "morningsun", "roar"], "ability": "Intimidate", "evs": {"hp": 85, "atk": 85, "def": 85, "spa": 85, "spd": 85, "spe": 85}, "ivs": {"hp": 31, "atk": 31, "def": 31, "spa": 31, "spd": 31, "spe": 31}, "item": "Heavy-Duty Boots", "teraType": "Fighting", "role": "Bulky Attacker", "bvs": {"hp": 90, "atk": 110, "def": 80, "spa": 100, "spd": 80, "spe": 95}, "stats": {"hp": 288, "atk": 233, "def": 183, "spa": 216, "spd": 183, "spe": 208}, "types": ["Fire"]}, "Vikavolt": {"name": "Vikavolt", "species": "Vikavolt", "speciesId": "vikavolt", "gender": "M", "shiny": false, "level": 83, "moves": ["stickyweb", "bugbuzz", "voltswitch", "discharge"], "ability": "Levitate", "evs": {"hp": 85, "atk": 0, "def": 85, "spa": 85, "spd": 85, "spe": 85}, "ivs": {"hp": 31, "atk": 0, "def": 31, "spa": 31, "spd": 31, "spe": 31}, "item": "Heavy-Duty Boots", "teraType": "Electric", "role": "Bulky Support", "bvs": {"hp": 77, "atk": 70, "def": 90, "spa": 145, "spd": 75, "spe": 43}, "stats": {"hp": 263, "atk": 121, "def": 197, "spa": 288, "spd": 172, "spe": 119}, "types": ["Bug", "Electric"]}, "Iron Hands": {"name": "Iron Hands", "species": "Iron Hands", "speciesId": "ironhands", "gender": "N", "shiny": false, "level": 79, "moves": ["closecombat", "wildcharge", "voltswitch", "heavyslam"], "ability": "Quark Drive", "evs": {"hp": 85, "atk": 85, "def": 85, "spa": 85, "spd": 85, "spe": 85}, "ivs": {"hp": 31, "atk": 31, "def": 31, "spa": 31, "spd": 31, "spe": 31}, "item": "Assault Vest", "teraType": "Fighting", "role": "AV Pivot", "bvs": {"hp": 154, "atk": 140, "def": 108, "spa": 50, "spd": 68, "spe": 50}, "stats": {"hp": 373, "atk": 267, "def": 216, "spa": 125, "spd": 153, "spe": 125}, "types": ["Fighting", "Electric"]}, "Magearna": {"name": "Magearna", "species": "Magearna-Original", "speciesId": "magearna", "gender": "N", "shiny": false, "level": 77, "moves": ["terablast", "shiftgear", "fleurcannon", "ironhead"], "ability": "Soul-Heart", "evs": {"hp": 85, "atk": 85, "def": 85, "spa": 85, "spd": 85, "spe": 85}, "ivs": {"hp": 31, "atk": 31, "def": 31, "spa": 31, "spd": 31, "spe": 31}, "item": "Weakness Policy", "teraType": "Ground", "role": "Tera Blast user", "bvs": {"hp": 80, "atk": 95, "def": 115, "spa": 130, "spd": 115, "spe": 65}, "stats": {"hp": 250, "atk": 191, "def": 222, "spa": 245, "spd": 222, "spe": 145}, "types": ["Steel", "Fairy"]}}, {"Kingdra": {"name": "Kingdra", "species": "Kingdra", "speciesId": "kingdra", "gender": "F", "shiny": false, "level": 84, "moves": ["raindance", "hurricane", "wavecrash", "dracometeor"], "ability": "Swift Swim", "evs": {"hp": 85, "atk": 85, "def": 85, "spa": 85, "spd": 85, "spe": 85}, "ivs": {"hp": 31, "atk": 31, "def": 31, "spa": 31, "spd": 31, "spe": 31}, "item": "Life Orb", "teraType": "Water", "role": "Fast Attacker", "bvs": {"hp": 75, "atk": 95, "def": 95, "spa": 95, "spd": 95, "spe": 85}, "stats": {"hp": 263, "atk": 208, "def": 208, "spa": 208, "spd": 208, "spe": 191}, "types": ["Water", "Dragon"]}, "Dusknoir": {"name": "Dusknoir", "species": "Dusknoir", "speciesId": "dusknoir", "gender": "M", "shiny": false, "level": 89, "moves": ["earthquake", "poltergeist", "leechlife", "shadowsneak"], "ability": "Frisk", "evs": {"hp": 85, "atk": 85, "def": 85, "spa": 85, "spd": 85, "spe": 85}, "ivs": {"hp": 31, "atk": 31, "def": 31, "spa": 31, "spd": 31, "spe": 31}, "item": "Choice Band", "teraType": "Ghost", "role": "Wallbreaker", "bvs": {"hp": 45, "atk": 100, "def": 135, "spa": 65, "spd": 135, "spe": 45}, "stats": {"hp": 225, "atk": 229, "def": 291, "spa": 166, "spd": 291, "spe": 131}, "types": ["Ghost"]}, "Lunala": {"name": "Lunala", "species": "Lunala", "speciesId": "lunala", "gender": "N", "shiny": false, "level": 70, "moves": ["moonlight", "moongeistbeam", "calmmind", "psyshock"], "ability": "Shadow Shield", "evs": {"hp": 85, "atk": 0, "def": 85, "spa": 85, "spd": 85, "spe": 85}, "ivs": {"hp": 31, "atk": 0, "def": 31, "spa": 31, "spd": 31, "spe": 31}, "item": "Leftovers", "teraType": "Dark", "role": "Fast Bulky Setup", "bvs": {"hp": 137, "atk": 113, "def": 89, "spa": 137, "spd": 107, "spe": 97}, "stats": {"hp": 308, "atk": 163, "def": 166, "spa": 233, "spd": 191, "spe": 177}, "types": ["Psychic", "Ghost"]}, "Klawf": {"name": "Klawf", "species": "Klawf", "speciesId": "klawf", "gender": "M", "shiny": false, "level": 90, "moves": ["knockoff", "crabhammer", "swordsdance", "stoneedge"], "ability": "Anger Shell", "evs": {"hp": 85, "atk": 85, "def": 85, "spa": 85, "spd": 85, "spe": 85}, "ivs": {"hp": 31, "atk": 31, "def": 31, "spa": 31, "spd": 31, "spe": 31}, "item": "Expert Belt", "teraType": "Water", "role": "Setup Sweeper", "bvs": {"hp": 70, "atk": 100, "def": 115, "spa": 35, "spd": 55, "spe": 75}, "stats": {"hp": 272, "atk": 231, "def": 258, "spa": 114, "spd": 150, "spe": 186}, "types": ["Rock"]}, "Entei": {"name": "Entei", "species": "Entei", "speciesId": "entei", "gender": "N", "shiny": false, "level": 78, "moves": ["extremespeed", "sacredfire", "flareblitz", "stompingtantrum"], "ability": "Inner Focus", "evs": {"hp": 85, "atk": 85, "def": 85, "spa": 85, "spd": 85, "spe": 85}, "ivs": {"hp": 31, "atk": 31, "def": 31, "spa": 31, "spd": 31, "spe": 31}, "item": "Choice Band", "teraType": "Normal", "role": "Wallbreaker", "bvs": {"hp": 115, "atk": 115, "def": 85, "spa": 90, "spd": 75, "spe": 100}, "stats": {"hp": 307, "atk": 224, "def": 178, "spa": 185, "spd": 162, "spe": 201}, "types": ["Fire"]}, "Phione": {"name": "Phione", "species": "Phione", "speciesId": "phione", "gender": "N", "shiny": false, "level": 91, "moves": ["takeheart", "scald", "sleeptalk", "rest"], "ability": "Hydration", "evs": {"hp": 85, "atk": 0, "def": 85, "spa": 85, "spd": 85, "spe": 85}, "ivs": {"hp": 31, "atk": 0, "def": 31, "spa": 31, "spd": 31, "spe": 31}, "item": "Leftovers", "teraType": "Dragon", "role": "Bulky Setup", "bvs": {"hp": 80, "atk": 80, "def": 80, "spa": 80, "spd": 80, "spe": 80}, "stats": {"hp": 293, "atk": 150, "def": 197, "spa": 197, "spd": 197, "spe": 197}, "types": ["Water"]}}]}