{"id": "gen9randombattle-2641974091", "format": "[Gen 9] Random Battle", "players": ["notmetbh102", "whisperwyrm"], "log": "|j|\u2606notmetbh102\n|j|\u2606whisperwyrm\n|t:|1782867192\n|gametype|singles\n|player|p1|notmetbh102|265|2087\n|player|p2|whisperwyrm|170|2109\n|gen|9\n|tier|[Gen 9] Random Battle\n|rated|\n|rule|Species Clause: Limit one of each Pok\u00e9mon\n|rule|HP Percentage Mod: HP is shown in percentages\n|rule|Sleep Clause Mod: Limit one foe put to sleep\n|rule|Illusion Level Mod: Illusion disguises the Pok\u00e9mon's true level\n|\n|t:|1782867192\n|teamsize|p1|6\n|teamsize|p2|6\n|start\n|switch|p1a: Kingambit|Kingambit, L74, F|270/270\n|switch|p2a: Seviper|Seviper, L93, M|287/287\n|turn|1\n|inactive|Battle timer is ON: inactive players will automatically lose when time's up. (requested by whisperwyrm)\n|inactive|notmetbh102 also wants the timer to be on.\n|c|\u2606notmetbh102|hf\n|\n|t:|1782867197\n|move|p2a: Seviper|Earthquake|p1a: Kingambit\n|-supereffective|p1a: Kingambit\n|-damage|p1a: Kingambit|106/270\n|move|p1a: Kingambit|Swords Dance|p1a: Kingambit\n|-boost|p1a: Kingambit|atk|2\n|\n|-heal|p1a: Kingambit|122/270|[from] item: Leftovers\n|upkeep\n|turn|2\n|\n|t:|1782867201\n|move|p1a: Kingambit|Sucker Punch|p2a: Seviper\n|-damage|p2a: Seviper|104/287\n|move|p2a: Seviper|Earthquake|p1a: Kingambit\n|-supereffective|p1a: Kingambit\n|-damage|p1a: Kingambit|0 fnt\n|faint|p1a: Kingambit\n|-end|p1a: Kingambit|fallenundefined|[silent]\n|\n|-heal|p2a: Seviper|121/287|[from] item: Leftovers\n|upkeep\n|\n|t:|1782867202\n|switch|p1a: Rillaboom|Rillaboom, L79, M|288/288\n|-fieldstart|move: Grassy Terrain|[from] ability: Grassy Surge|[of] p1a: Rillaboom\n|turn|3\n|\n|t:|1782867206\n|switch|p2a: Incineroar|Incineroar, L82, F|290/290\n|-ability|p2a: Incineroar|Intimidate|boost\n|-unboost|p1a: Rillaboom|atk|1\n|move|p1a: Rillaboom|Wood Hammer|p2a: Incineroar\n|-resisted|p2a: Incineroar\n|-damage|p2a: Incineroar|195/290\n|-damage|p1a: Rillaboom|257/288|[from] Recoil\n|\n|-heal|p1a: Rillaboom|275/288|[from] Grassy Terrain\n|-heal|p2a: Incineroar|213/290|[from] Grassy Terrain\n|upkeep\n|turn|4\n|\n|t:|1782867213\n|switch|p1a: Magcargo|Magcargo, L95, F|268/268\n|move|p2a: Incineroar|Knock Off|p1a: Magcargo\n|-crit|p1a: Magcargo\n|-damage|p1a: Magcargo|154/268\n|-ability|p1a: Magcargo|Weak Armor|boost\n|-unboost|p1a: Magcargo|def|1\n|-boost|p1a: Magcargo|spe|2\n|-enditem|p1a: Magcargo|Heavy-Duty Boots|[from] move: Knock Off|[of] p2a: Incineroar\n|\n|-heal|p1a: Magcargo|170/268|[from] Grassy Terrain\n|-heal|p2a: Incineroar|231/290|[from] Grassy Terrain\n|upkeep\n|turn|5\n|\n|t:|1782867216\n|move|p1a: Magcargo|Power Gem|p2a: Incineroar\n|-supereffective|p2a: Incineroar\n|-damage|p2a: Incineroar|85/290\n|move|p2a: Incineroar|Close Combat|p1a: Magcargo\n|-supereffective|p1a: Magcargo\n|-damage|p1a: Magcargo|0 fnt\n|-unboost|p2a: Incineroar|def|1\n|-unboost|p2a: Incineroar|spd|1\n|faint|p1a: Magcargo\n|\n|-heal|p2a: Incineroar|103/290|[from] Grassy Terrain\n|upkeep\n|\n|t:|1782867217\n|switch|p1a: Lycanroc|Lycanroc-Midnight, L89, F|296/296\n|turn|6\n|\n|t:|1782867221\n|switch|p2a: Falinks|Falinks, L84|246/246\n|move|p1a: Lycanroc|Stone Edge|p2a: Falinks\n|-resisted|p2a: Falinks\n|-damage|p2a: Falinks|165/246\n|-damage|p1a: Lycanroc|267/296|[from] item: Life Orb\n|\n|-heal|p1a: Lycanroc|285/296|[from] Grassy Terrain\n|-heal|p2a: Falinks|180/246|[from] Grassy Terrain\n|upkeep\n|turn|7\n|\n|t:|1782867226\n|move|p1a: Lycanroc|Play Rough|p2a: Falinks\n|-supereffective|p2a: Falinks\n|-damage|p2a: Falinks|0 fnt\n|faint|p2a: Falinks\n|-damage|p1a: Lycanroc|256/296|[from] item: Life Orb\n|\n|-heal|p1a: Lycanroc|274/296|[from] Grassy Terrain\n|-fieldend|move: Grassy Terrain\n|upkeep\n|\n|t:|1782867234\n|switch|p2a: Iron Leaves|Iron Leaves, L80|275/275\n|turn|8\n|\n|t:|1782867241\n|switch|p1a: Rillaboom|Rillaboom, L79, M|275/288\n|-fieldstart|move: Grassy Terrain|[from] ability: Grassy Surge|[of] p1a: Rillaboom\n|move|p2a: Iron Leaves|Psyblade|p1a: Rillaboom\n|-damage|p1a: Rillaboom|115/288\n|\n|-heal|p1a: Rillaboom|133/288|[from] Grassy Terrain\n|upkeep\n|turn|9\n|\n|t:|1782867243\n|switch|p1a: Espeon|Espeon, L84, F|246/246\n|move|p2a: Iron Leaves|Psyblade|p1a: Espeon\n|-resisted|p1a: Espeon\n|-damage|p1a: Espeon|153/246\n|\n|-heal|p1a: Espeon|168/246|[from] Grassy Terrain\n|upkeep\n|turn|10\n|\n|t:|1782867248\n|-end|p2a: Iron Leaves|Quark Drive|[silent]\n|switch|p2a: Incineroar|Incineroar, L82, F|103/290\n|-ability|p2a: Incineroar|Intimidate|boost\n|-unboost|p1a: Espeon|atk|1\n|move|p1a: Espeon|Shadow Ball|p2a: Incineroar\n|-resisted|p2a: Incineroar\n|-damage|p2a: Incineroar|69/290\n|\n|-heal|p1a: Espeon|183/246|[from] Grassy Terrain\n|-heal|p2a: Incineroar|87/290|[from] Grassy Terrain\n|upkeep\n|turn|11\n|\n|t:|1782867252\n|switch|p1a: Vileplume|Vileplume, L85, M|266/266\n|move|p2a: Incineroar|U-turn|p1a: Vileplume\n|-damage|p1a: Vileplume|206/266\n|\n|t:|1782867261\n|switch|p2a: Seviper|Seviper, L93, M|121/287|[from] U-turn\n|\n|-heal|p2a: Seviper|138/287|[from] Grassy Terrain\n|-heal|p2a: Seviper|155/287|[from] item: Leftovers\n|-heal|p1a: Vileplume|222/266|[from] Grassy Terrain\n|-heal|p1a: Vileplume|238/266|[from] item: Leftovers\n|upkeep\n|turn|12\n|\n|t:|1782867266\n|move|p2a: Seviper|Gunk Shot|p1a: Vileplume|[miss]\n|-miss|p2a: Seviper|p1a: Vileplume\n|move|p1a: Vileplume|Sleep Powder|p2a: Seviper\n|-status|p2a: Seviper|slp|[from] move: Sleep Powder\n|\n|-heal|p2a: Seviper|172/287 slp|[from] Grassy Terrain\n|-heal|p2a: Seviper|189/287 slp|[from] item: Leftovers\n|-heal|p1a: Vileplume|254/266|[from] Grassy Terrain\n|-heal|p1a: Vileplume|266/266|[from] item: Leftovers\n|-fieldend|move: Grassy Terrain\n|upkeep\n|turn|13\n|\n|t:|1782867270\n|cant|p2a: Seviper|slp\n|move|p1a: Vileplume|Sludge Bomb|p2a: Seviper\n|-resisted|p2a: Seviper\n|-damage|p2a: Seviper|121/287 slp\n|\n|-activate|p2a: Seviper|ability: Shed Skin\n|-curestatus|p2a: Seviper|slp|[msg]\n|-heal|p2a: Seviper|138/287|[from] item: Leftovers\n|upkeep\n|turn|14\n|\n|t:|1782867272\n|move|p2a: Seviper|Gunk Shot|p1a: Vileplume\n|-damage|p1a: Vileplume|103/266\n|move|p1a: Vileplume|Strength Sap|p2a: Seviper\n|-unboost|p2a: Seviper|atk|1\n|-heal|p1a: Vileplume|266/266\n|\n|-heal|p2a: Seviper|155/287|[from] item: Leftovers\n|upkeep\n|turn|15\n|\n|t:|1782867275\n|move|p2a: Seviper|Swords Dance|p2a: Seviper\n|-boost|p2a: Seviper|atk|2\n|move|p1a: Vileplume|Sludge Bomb|p2a: Seviper\n|-resisted|p2a: Seviper\n|-damage|p2a: Seviper|86/287\n|\n|-heal|p2a: Seviper|103/287|[from] item: Leftovers\n|upkeep\n|turn|16\n|\n|t:|1782867278\n|move|p2a: Seviper|Gunk Shot|p1a: Vileplume|[miss]\n|-miss|p2a: Seviper|p1a: Vileplume\n|move|p1a: Vileplume|Strength Sap|p2a: Seviper\n|-unboost|p2a: Seviper|atk|1\n|\n|-heal|p2a: Seviper|120/287|[from] item: Leftovers\n|upkeep\n|turn|17\n|\n|t:|1782867282\n|switch|p2a: Magnezone|Magnezone, L85|258/258\n|move|p1a: Vileplume|Strength Sap|p2a: Magnezone\n|-unboost|p2a: Magnezone|atk|1\n|\n|upkeep\n|turn|18\n|\n|t:|1782867284\n|move|p2a: Magnezone|Flash Cannon|p1a: Vileplume\n|-damage|p1a: Vileplume|157/266\n|move|p1a: Vileplume|Sludge Bomb|p2a: Magnezone\n|-immune|p2a: Magnezone\n|\n|-heal|p1a: Vileplume|173/266|[from] item: Leftovers\n|upkeep\n|turn|19\n|\n|t:|1782867287\n|move|p2a: Magnezone|Flash Cannon|p1a: Vileplume\n|-damage|p1a: Vileplume|64/266\n|move|p1a: Vileplume|Strength Sap|p2a: Magnezone\n|-unboost|p2a: Magnezone|atk|1\n|-heal|p1a: Vileplume|146/266\n|\n|-heal|p1a: Vileplume|162/266|[from] item: Leftovers\n|upkeep\n|turn|20\n|\n|t:|1782867289\n|move|p2a: Magnezone|Flash Cannon|p1a: Vileplume\n|-damage|p1a: Vileplume|45/266\n|move|p1a: Vileplume|Strength Sap|p2a: Magnezone\n|-unboost|p2a: Magnezone|atk|1\n|-heal|p1a: Vileplume|107/266\n|\n|-heal|p1a: Vileplume|123/266|[from] item: Leftovers\n|upkeep\n|turn|21\n|\n|t:|1782867291\n|move|p2a: Magnezone|Flash Cannon|p1a: Vileplume\n|-damage|p1a: Vileplume|9/266\n|move|p1a: Vileplume|Sleep Powder|p2a: Magnezone\n|-status|p2a: Magnezone|slp|[from] move: Sleep Powder\n|\n|-heal|p1a: Vileplume|25/266|[from] item: Leftovers\n|upkeep\n|turn|22\n|\n|t:|1782867294\n|cant|p2a: Magnezone|slp\n|move|p1a: Vileplume|Strength Sap|p2a: Magnezone\n|-unboost|p2a: Magnezone|atk|1\n|-heal|p1a: Vileplume|74/266\n|\n|-heal|p1a: Vileplume|90/266|[from] item: Leftovers\n|upkeep\n|turn|23\n|\n|t:|1782867296\n|cant|p2a: Magnezone|slp\n|move|p1a: Vileplume|Strength Sap|p2a: Magnezone\n|-unboost|p2a: Magnezone|atk|1\n|-heal|p1a: Vileplume|131/266\n|\n|-heal|p1a: Vileplume|147/266|[from] item: Leftovers\n|upkeep\n|turn|24\n|\n|t:|1782867297\n|cant|p2a: Magnezone|slp\n|move|p1a: Vileplume|Strength Sap|p2a: Magnezone\n|-unboost|p2a: Magnezone|atk|1\n|-heal|p1a: Vileplume|182/266\n|\n|-heal|p1a: Vileplume|198/266|[from] item: Leftovers\n|upkeep\n|turn|25\n|\n|t:|1782867299\n|-curestatus|p2a: Magnezone|slp|[msg]\n|move|p2a: Magnezone|Flash Cannon|p1a: Vileplume\n|-damage|p1a: Vileplume|89/266\n|move|p1a: Vileplume|Sleep Powder|p2a: Magnezone\n|-status|p2a: Magnezone|slp|[from] move: Sleep Powder\n|\n|-heal|p1a: Vileplume|105/266|[from] item: Leftovers\n|upkeep\n|turn|26\n|\n|t:|1782867300\n|cant|p2a: Magnezone|slp\n|move|p1a: Vileplume|Strength Sap||[still]\n|-fail|p1a: Vileplume\n|\n|-heal|p1a: Vileplume|121/266|[from] item: Leftovers\n|upkeep\n|turn|27\n|\n|t:|1782867301\n|cant|p2a: Magnezone|slp\n|move|p1a: Vileplume|Giga Drain|p2a: Magnezone\n|-resisted|p2a: Magnezone\n|-damage|p2a: Magnezone|216/258 slp\n|-heal|p1a: Vileplume|142/266|[from] drain|[of] p2a: Magnezone\n|\n|-heal|p2a: Magnezone|232/258 slp|[from] item: Leftovers\n|-heal|p1a: Vileplume|158/266|[from] item: Leftovers\n|upkeep\n|turn|28\n|\n|t:|1782867303\n|cant|p2a: Magnezone|slp\n|move|p1a: Vileplume|Giga Drain|p2a: Magnezone\n|-resisted|p2a: Magnezone\n|-damage|p2a: Magnezone|186/258 slp\n|-heal|p1a: Vileplume|181/266|[from] drain|[of] p2a: Magnezone\n|\n|-heal|p2a: Magnezone|202/258 slp|[from] item: Leftovers\n|-heal|p1a: Vileplume|197/266|[from] item: Leftovers\n|upkeep\n|turn|29\n|\n|t:|1782867304\n|-curestatus|p2a: Magnezone|slp|[msg]\n|move|p2a: Magnezone|Flash Cannon|p1a: Vileplume\n|-damage|p1a: Vileplume|97/266\n|move|p1a: Vileplume|Sleep Powder|p2a: Magnezone\n|-status|p2a: Magnezone|slp|[from] move: Sleep Powder\n|\n|-heal|p2a: Magnezone|218/258 slp|[from] item: Leftovers\n|-heal|p1a: Vileplume|113/266|[from] item: Leftovers\n|upkeep\n|turn|30\n|\n|t:|1782867306\n|cant|p2a: Magnezone|slp\n|move|p1a: Vileplume|Strength Sap||[still]\n|-fail|p1a: Vileplume\n|\n|-heal|p2a: Magnezone|234/258 slp|[from] item: Leftovers\n|-heal|p1a: Vileplume|129/266|[from] item: Leftovers\n|upkeep\n|turn|31\n|\n|t:|1782867307\n|cant|p2a: Magnezone|slp\n|move|p1a: Vileplume|Giga Drain|p2a: Magnezone\n|-resisted|p2a: Magnezone\n|-damage|p2a: Magnezone|192/258 slp\n|-heal|p1a: Vileplume|150/266|[from] drain|[of] p2a: Magnezone\n|\n|-heal|p2a: Magnezone|208/258 slp|[from] item: Leftovers\n|-heal|p1a: Vileplume|166/266|[from] item: Leftovers\n|upkeep\n|turn|32\n|\n|t:|1782867309\n|-curestatus|p2a: Magnezone|slp|[msg]\n|move|p2a: Magnezone|Flash Cannon|p1a: Vileplume\n|-damage|p1a: Vileplume|55/266\n|move|p1a: Vileplume|Sleep Powder|p2a: Magnezone\n|-status|p2a: Magnezone|slp|[from] move: Sleep Powder\n|\n|-heal|p2a: Magnezone|224/258 slp|[from] item: Leftovers\n|-heal|p1a: Vileplume|71/266|[from] item: Leftovers\n|upkeep\n|turn|33\n|\n|t:|1782867311\n|cant|p2a: Magnezone|slp\n|move|p1a: Vileplume|Strength Sap||[still]\n|-fail|p1a: Vileplume\n|\n|-heal|p2a: Magnezone|240/258 slp|[from] item: Leftovers\n|-heal|p1a: Vileplume|87/266|[from] item: Leftovers\n|upkeep\n|turn|34\n|\n|t:|1782867313\n|cant|p2a: Magnezone|slp\n|move|p1a: Vileplume|Giga Drain|p2a: Magnezone\n|-resisted|p2a: Magnezone\n|-damage|p2a: Magnezone|196/258 slp\n|-heal|p1a: Vileplume|109/266|[from] drain|[of] p2a: Magnezone\n|\n|-heal|p2a: Magnezone|212/258 slp|[from] item: Leftovers\n|-heal|p1a: Vileplume|125/266|[from] item: Leftovers\n|upkeep\n|turn|35\n|\n|t:|1782867314\n|-curestatus|p2a: Magnezone|slp|[msg]\n|move|p2a: Magnezone|Flash Cannon|p1a: Vileplume\n|-damage|p1a: Vileplume|23/266\n|move|p1a: Vileplume|Sleep Powder|p2a: Magnezone\n|-status|p2a: Magnezone|slp|[from] move: Sleep Powder\n|\n|-heal|p2a: Magnezone|228/258 slp|[from] item: Leftovers\n|-heal|p1a: Vileplume|39/266|[from] item: Leftovers\n|upkeep\n|turn|36\n|\n|t:|1782867316\n|cant|p2a: Magnezone|slp\n|move|p1a: Vileplume|Strength Sap||[still]\n|-fail|p1a: Vileplume\n|\n|-heal|p2a: Magnezone|244/258 slp|[from] item: Leftovers\n|-heal|p1a: Vileplume|55/266|[from] item: Leftovers\n|upkeep\n|turn|37\n|\n|t:|1782867318\n|-curestatus|p2a: Magnezone|slp|[msg]\n|move|p2a: Magnezone|Flash Cannon|p1a: Vileplume\n|-damage|p1a: Vileplume|0 fnt\n|faint|p1a: Vileplume\n|\n|-heal|p2a: Magnezone|258/258|[from] item: Leftovers\n|upkeep\n|\n|t:|1782867319\n|switch|p1a: Rillaboom|Rillaboom, L79, M|133/288\n|-fieldstart|move: Grassy Terrain|[from] ability: Grassy Surge|[of] p1a: Rillaboom\n|turn|38\n|\n|t:|1782867325\n|switch|p2a: Incineroar|Incineroar, L82, F|87/290\n|-ability|p2a: Incineroar|Intimidate|boost\n|-unboost|p1a: Rillaboom|atk|1\n|move|p1a: Rillaboom|U-turn|p2a: Incineroar\n|-damage|p2a: Incineroar|30/290\n|\n|t:|1782867325\n|switch|p1a: Lycanroc|Lycanroc-Midnight, L89, F|274/296|[from] U-turn\n|\n|-heal|p1a: Lycanroc|292/296|[from] Grassy Terrain\n|-heal|p2a: Incineroar|48/290|[from] Grassy Terrain\n|upkeep\n|turn|39\n|\n|t:|1782867328\n|move|p1a: Lycanroc|Stone Edge|p2a: Incineroar\n|-supereffective|p2a: Incineroar\n|-damage|p2a: Incineroar|0 fnt\n|faint|p2a: Incineroar\n|-damage|p1a: Lycanroc|263/296|[from] item: Life Orb\n|\n|-heal|p1a: Lycanroc|281/296|[from] Grassy Terrain\n|upkeep\n|\n|t:|1782867330\n|switch|p2a: Iron Leaves|Iron Leaves, L80|275/275\n|turn|40\n|\n|t:|1782867332\n|-terastallize|p1a: Lycanroc|Fighting\n|move|p2a: Iron Leaves|Leaf Blade|p1a: Lycanroc\n|-damage|p1a: Lycanroc|58/296\n|move|p1a: Lycanroc|Stone Edge|p2a: Iron Leaves\n|-damage|p2a: Iron Leaves|102/275\n|-damage|p1a: Lycanroc|29/296|[from] item: Life Orb\n|\n|-heal|p2a: Iron Leaves|119/275|[from] Grassy Terrain\n|-heal|p1a: Lycanroc|47/296|[from] Grassy Terrain\n|upkeep\n|turn|41\n|\n|t:|1782867336\n|switch|p1a: Rillaboom|Rillaboom, L79, M|133/288\n|move|p2a: Iron Leaves|Leaf Blade|p1a: Rillaboom\n|-resisted|p1a: Rillaboom\n|-damage|p1a: Rillaboom|11/288\n|\n|-heal|p2a: Iron Leaves|136/275|[from] Grassy Terrain\n|-heal|p1a: Rillaboom|29/288|[from] Grassy Terrain\n|upkeep\n|turn|42\n|\n|t:|1782867338\n|move|p1a: Rillaboom|Grassy Glide|p2a: Iron Leaves\n|-resisted|p2a: Iron Leaves\n|-damage|p2a: Iron Leaves|71/275\n|move|p2a: Iron Leaves|Leaf Blade|p1a: Rillaboom\n|-resisted|p1a: Rillaboom\n|-damage|p1a: Rillaboom|0 fnt\n|faint|p1a: Rillaboom\n|\n|-heal|p2a: Iron Leaves|88/275|[from] Grassy Terrain\n|-fieldend|move: Grassy Terrain\n|upkeep\n|\n|t:|1782867339\n|switch|p1a: Lycanroc|Lycanroc-Midnight, L89, F, tera:Fighting|47/296\n|turn|43\n|\n|t:|1782867340\n|move|p2a: Iron Leaves|Leaf Blade|p1a: Lycanroc\n|-damage|p1a: Lycanroc|0 fnt\n|faint|p1a: Lycanroc\n|\n|upkeep\n|\n|t:|1782867341\n|switch|p1a: Espeon|Espeon, L84, F|183/246\n|turn|44\n|\n|t:|1782867342\n|move|p1a: Espeon|Shadow Ball|p2a: Iron Leaves\n|-supereffective|p2a: Iron Leaves\n|-damage|p2a: Iron Leaves|0 fnt\n|faint|p2a: Iron Leaves\n|-end|p2a: Iron Leaves|Quark Drive|[silent]\n|\n|upkeep\n|\n|t:|1782867345\n|switch|p2a: Magnezone|Magnezone, L85|258/258\n|turn|45\n|\n|t:|1782867346\n|move|p1a: Espeon|Shadow Ball|p2a: Magnezone\n|-damage|p2a: Magnezone|148/258\n|-unboost|p2a: Magnezone|spd|1\n|move|p2a: Magnezone|Discharge|p1a: Espeon\n|-damage|p1a: Espeon|71/246\n|\n|-heal|p2a: Magnezone|164/258|[from] item: Leftovers\n|upkeep\n|turn|46\n|\n|t:|1782867349\n|move|p1a: Espeon|Shadow Ball|p2a: Magnezone\n|-damage|p2a: Magnezone|12/258\n|-unboost|p2a: Magnezone|spd|1\n|move|p2a: Magnezone|Discharge|p1a: Espeon\n|-damage|p1a: Espeon|0 fnt\n|faint|p1a: Espeon\n|\n|win|whisperwyrm\n|raw|notmetbh102's rating: 2087 &rarr; <strong>2068</strong><br />(-19 for losing)\n|raw|whisperwyrm's rating: 2109 &rarr; <strong>2128</strong><br />(+19 for winning)\n|c|\u2606notmetbh102|gg\n", "inputlog": ">version f8ac14003a5f27e1bdc8d8c59608a773c1cb96e5\n>start {\"formatid\":\"gen9randombattle\",\"seed\":\"sodium,e16a4002434fa3b05e5e5fe8b7463d7a\",\"rated\":\"Rated battle\"}\n>player p1 {\"name\":\"notmetbh102\",\"avatar\":\"265\",\"rating\":2087,\"seed\":\"sodium,7af8290bd85b90797a7693bc3d7f568f\"}\n>player p2 {\"name\":\"whisperwyrm\",\"avatar\":\"170\",\"rating\":2109,\"seed\":\"sodium,ed426658db30d35ee4397d8173ac7d54\"}\n>chat \u2606notmetbh102|hf\n>p1 move swordsdance\n>p2 move earthquake\n>p1 move suckerpunch\n>p2 move earthquake\n>p1 switch 2\n>p1 move woodhammer\n>p2 switch 5\n>p1 switch 6\n>p2 move knockoff\n>p1 move powergem\n>p2 move closecombat\n>p1 switch 4\n>p1 move stoneedge\n>p2 switch 3\n>p1 move playrough\n>p2 move knockoff\n>p2 switch 4\n>p1 switch 6\n>p2 move psyblade\n>p1 switch 5\n>p2 move psyblade\n>p1 move shadowball\n>p2 switch 3\n>p1 switch 3\n>p2 move uturn\n>p2 switch 5\n>p1 move sleeppowder\n>p2 move gunkshot\n>p1 move sludgebomb\n>p2 move swordsdance\n>p1 move strengthsap\n>p2 move gunkshot\n>p1 move sludgebomb\n>p2 move swordsdance\n>p1 move strengthsap\n>p2 move gunkshot\n>p1 move strengthsap\n>p2 switch 6\n>p1 move sludgebomb\n>p2 move flashcannon\n>p1 move strengthsap\n>p2 move flashcannon\n>p1 move strengthsap\n>p2 move flashcannon\n>p1 move sleeppowder\n>p2 move flashcannon\n>p1 move strengthsap\n>p2 move flashcannon\n>p1 move strengthsap\n>p2 move flashcannon\n>p1 move strengthsap\n>p2 move flashcannon\n>p1 move sleeppowder\n>p2 move flashcannon\n>p1 move strengthsap\n>p2 move flashcannon\n>p1 move gigadrain\n>p2 move flashcannon\n>p1 move gigadrain\n>p2 move flashcannon\n>p1 move sleeppowder\n>p2 move flashcannon\n>p1 move strengthsap\n>p2 move flashcannon\n>p1 move gigadrain\n>p2 move flashcannon\n>p1 move sleeppowder\n>p2 move flashcannon\n>p1 move strengthsap\n>p2 move flashcannon\n>p1 move gigadrain\n>p2 move flashcannon\n>p1 move sleeppowder\n>p2 move flashcannon\n>p1 move strengthsap\n>p2 move flashcannon\n>p1 move strengthsap\n>p2 move flashcannon\n>p1 switch 5\n>p1 move uturn\n>p2 switch 5\n>p1 switch 6\n>p1 move stoneedge\n>p2 move closecombat\n>p2 switch 3\n>p1 move stoneedge terastallize\n>p2 move leafblade\n>p1 switch 6\n>p2 move leafblade\n>p1 move grassyglide\n>p2 move leafblade\n>p1 switch 6\n>p1 move closecombat\n>p2 move leafblade\n>p1 switch 3\n>p1 move shadowball\n>p2 move leafblade\n>p2 switch 5\n>p1 move shadowball\n>p2 move discharge\n>p1 move shadowball\n>p2 move discharge", "uploadtime": 1782867350, "views": 7, "formatid": "gen9randombattle", "rating": 2068, "private": 0, "password": null, "player_dets": [{"name": "notmetbh102", "avatar": "265", "rating": 2087, "seed": "sodium,7af8290bd85b90797a7693bc3d7f568f"}, {"name": "whisperwyrm", "avatar": "170", "rating": 2109, "seed": "sodium,ed426658db30d35ee4397d8173ac7d54"}], "teams_full": [{"Kingambit": {"name": "Kingambit", "species": "Kingambit", "speciesId": "kingambit", "gender": "F", "shiny": false, "level": 74, "moves": ["suckerpunch", "swordsdance", "ironhead", "kowtowcleave"], "ability": "Supreme Overlord", "evs": {"hp": 85, "atk": 85, "def": 85, "spa": 85, "spd": 85, "spe": 85}, "ivs": {"hp": 31, "atk": 31, "def": 31, "spa": 31, "spd": 31, "spe": 31}, "item": "Leftovers", "teraType": "Dark", "role": "Bulky Attacker", "bvs": {"hp": 100, "atk": 135, "def": 120, "spa": 60, "spd": 85, "spe": 50}, "stats": {"hp": 270, "atk": 243, "def": 221, "spa": 132, "spd": 169, "spe": 117}, "types": ["Dark", "Steel"]}, "Rillaboom": {"name": "Rillaboom", "species": "Rillaboom", "speciesId": "rillaboom", "gender": "M", "shiny": false, "level": 79, "moves": ["uturn", "woodhammer", "grassyglide", "highhorsepower"], "ability": "Grassy Surge", "evs": {"hp": 85, "atk": 85, "def": 85, "spa": 85, "spd": 85, "spe": 85}, "ivs": {"hp": 31, "atk": 31, "def": 31, "spa": 31, "spd": 31, "spe": 31}, "item": "Choice Band", "teraType": "Grass", "role": "Fast Attacker", "bvs": {"hp": 100, "atk": 125, "def": 90, "spa": 60, "spd": 70, "spe": 85}, "stats": {"hp": 288, "atk": 243, "def": 188, "spa": 140, "spd": 156, "spe": 180}, "types": ["Grass"]}, "Vileplume": {"name": "Vileplume", "species": "Vileplume", "speciesId": "vileplume", "gender": "M", "shiny": false, "level": 85, "moves": ["gigadrain", "strengthsap", "sleeppowder", "sludgebomb"], "ability": "Effect Spore", "evs": {"hp": 85, "atk": 0, "def": 85, "spa": 85, "spd": 85, "spe": 85}, "ivs": {"hp": 31, "atk": 0, "def": 31, "spa": 31, "spd": 31, "spe": 31}, "item": "Leftovers", "teraType": "Water", "role": "Bulky Attacker", "bvs": {"hp": 75, "atk": 80, "def": 85, "spa": 110, "spd": 90, "spe": 50}, "stats": {"hp": 266, "atk": 141, "def": 193, "spa": 236, "spd": 202, "spe": 134}, "types": ["Grass", "Poison"]}, "Lycanroc": {"name": "Lycanroc", "species": "Lycanroc-Midnight", "speciesId": "lycanrocmidnight", "gender": "F", "shiny": false, "level": 89, "moves": ["closecombat", "stoneedge", "playrough", "swordsdance"], "ability": "No Guard", "evs": {"hp": 85, "atk": 85, "def": 85, "spa": 85, "spd": 85, "spe": 85}, "ivs": {"hp": 31, "atk": 31, "def": 31, "spa": 31, "spd": 31, "spe": 31}, "item": "Life Orb", "teraType": "Fighting", "role": "Fast Attacker", "bvs": {"hp": 85, "atk": 115, "def": 75, "spa": 55, "spd": 75, "spe": 82}, "stats": {"hp": 296, "atk": 255, "def": 184, "spa": 149, "spd": 184, "spe": 197}, "types": ["Rock"]}, "Espeon": {"name": "Espeon", "species": "Espeon", "speciesId": "espeon", "gender": "F", "shiny": false, "level": 84, "moves": ["trick", "shadowball", "psyshock", "alluringvoice"], "ability": "Magic Bounce", "evs": {"hp": 85, "atk": 0, "def": 85, "spa": 85, "spd": 85, "spe": 85}, "ivs": {"hp": 31, "atk": 0, "def": 31, "spa": 31, "spd": 31, "spe": 31}, "item": "Choice Specs", "teraType": "Fairy", "role": "Fast Attacker", "bvs": {"hp": 65, "atk": 65, "def": 60, "spa": 130, "spd": 95, "spe": 110}, "stats": {"hp": 246, "atk": 114, "def": 149, "spa": 267, "spd": 208, "spe": 233}, "types": ["Psychic"]}, "Magcargo": {"name": "Magcargo", "species": "Magcargo", "speciesId": "magcargo", "gender": "F", "shiny": false, "level": 95, "moves": ["fireblast", "shellsmash", "earthpower", "powergem"], "ability": "Weak Armor", "evs": {"hp": 85, "atk": 0, "def": 85, "spa": 85, "spd": 85, "spe": 85}, "ivs": {"hp": 31, "atk": 0, "def": 31, "spa": 31, "spd": 31, "spe": 31}, "item": "Heavy-Duty Boots", "teraType": "Grass", "role": "Setup Sweeper", "bvs": {"hp": 60, "atk": 50, "def": 120, "spa": 90, "spd": 80, "spe": 30}, "stats": {"hp": 268, "atk": 100, "def": 282, "spa": 225, "spd": 206, "spe": 111}, "types": ["Fire", "Rock"]}}, {"Seviper": {"name": "Seviper", "species": "Seviper", "speciesId": "seviper", "gender": "M", "shiny": false, "level": 93, "moves": ["swordsdance", "trailblaze", "earthquake", "gunkshot"], "ability": "Shed Skin", "evs": {"hp": 85, "atk": 85, "def": 85, "spa": 85, "spd": 85, "spe": 85}, "ivs": {"hp": 31, "atk": 31, "def": 31, "spa": 31, "spd": 31, "spe": 31}, "item": "Leftovers", "teraType": "Ground", "role": "Bulky Setup", "bvs": {"hp": 73, "atk": 100, "def": 60, "spa": 100, "spd": 60, "spe": 65}, "stats": {"hp": 287, "atk": 239, "def": 164, "spa": 239, "spd": 164, "spe": 174}, "types": ["Poison"]}, "Blastoise": {"name": "Blastoise", "species": "Blastoise", "speciesId": "blastoise", "gender": "F", "shiny": false, "level": 80, "moves": ["hydropump", "shellsmash", "terablast", "icebeam"], "ability": "Torrent", "evs": {"hp": 85, "atk": 0, "def": 85, "spa": 85, "spd": 85, "spe": 85}, "ivs": {"hp": 31, "atk": 0, "def": 31, "spa": 31, "spd": 31, "spe": 31}, "item": "White Herb", "teraType": "Grass", "role": "Tera Blast user", "bvs": {"hp": 79, "atk": 83, "def": 100, "spa": 85, "spd": 105, "spe": 78}, "stats": {"hp": 258, "atk": 137, "def": 206, "spa": 182, "spd": 214, "spe": 171}, "types": ["Water"]}, "Falinks": {"name": "Falinks", "species": "Falinks", "speciesId": "falinks", "gender": "N", "shiny": false, "level": 84, "moves": ["noretreat", "knockoff", "ironhead", "closecombat"], "ability": "Defiant", "evs": {"hp": 85, "atk": 85, "def": 85, "spa": 85, "spd": 85, "spe": 85}, "ivs": {"hp": 31, "atk": 31, "def": 31, "spa": 31, "spd": 31, "spe": 31}, "item": "Life Orb", "teraType": "Steel", "role": "Setup Sweeper", "bvs": {"hp": 65, "atk": 100, "def": 100, "spa": 70, "spd": 60, "spe": 75}, "stats": {"hp": 246, "atk": 216, "def": 216, "spa": 166, "spd": 149, "spe": 174}, "types": ["Fighting"]}, "Iron Leaves": {"name": "Iron Leaves", "species": "Iron Leaves", "speciesId": "ironleaves", "gender": "N", "shiny": false, "level": 80, "moves": ["psyblade", "leafblade", "megahorn", "closecombat"], "ability": "Quark Drive", "evs": {"hp": 85, "atk": 85, "def": 85, "spa": 85, "spd": 85, "spe": 85}, "ivs": {"hp": 31, "atk": 31, "def": 31, "spa": 31, "spd": 31, "spe": 31}, "item": "Choice Band", "teraType": "Fighting", "role": "Wallbreaker", "bvs": {"hp": 90, "atk": 130, "def": 88, "spa": 70, "spd": 108, "spe": 104}, "stats": {"hp": 275, "atk": 254, "def": 187, "spa": 158, "spd": 219, "spe": 213}, "types": ["Grass", "Psychic"]}, "Incineroar": {"name": "Incineroar", "species": "Incineroar", "speciesId": "incineroar", "gender": "F", "shiny": false, "level": 82, "moves": ["knockoff", "overheat", "uturn", "closecombat"], "ability": "Intimidate", "evs": {"hp": 85, "atk": 85, "def": 85, "spa": 85, "spd": 85, "spe": 85}, "ivs": {"hp": 31, "atk": 31, "def": 31, "spa": 31, "spd": 31, "spe": 31}, "item": "Assault Vest", "teraType": "Fighting", "role": "AV Pivot", "bvs": {"hp": 95, "atk": 115, "def": 90, "spa": 80, "spd": 90, "spe": 60}, "stats": {"hp": 290, "atk": 236, "def": 195, "spa": 178, "spd": 195, "spe": 146}, "types": ["Fire", "Dark"]}, "Magnezone": {"name": "Magnezone", "species": "Magnezone", "speciesId": "magnezone", "gender": "N", "shiny": false, "level": 85, "moves": ["flashcannon", "bodypress", "irondefense", "discharge"], "ability": "Magnet Pull", "evs": {"hp": 85, "atk": 0, "def": 85, "spa": 85, "spd": 85, "spe": 85}, "ivs": {"hp": 31, "atk": 0, "def": 31, "spa": 31, "spd": 31, "spe": 31}, "item": "Leftovers", "teraType": "Fighting", "role": "Bulky Setup", "bvs": {"hp": 70, "atk": 70, "def": 115, "spa": 130, "spd": 90, "spe": 60}, "stats": {"hp": 258, "atk": 124, "def": 244, "spa": 270, "spd": 202, "spe": 151}, "types": ["Electric", "Steel"]}}]}