{"id": "gen9randombattle-2641922170", "format": "[Gen 9] Random Battle", "players": ["joeyloverbbl", "isnt clodsire cute"], "log": "|j|\u2606joeyloverbbl\n|j|\u2606isnt clodsire cute\n|t:|1782859173\n|gametype|singles\n|player|p1|joeyloverbbl|buck|1137\n|player|p2|isnt clodsire cute|gladion|1162\n|gen|9\n|tier|[Gen 9] Random Battle\n|rated|\n|rule|Species Clause: Limit one of each Pok\u00e9mon\n|rule|HP Percentage Mod: HP is shown in percentages\n|rule|Sleep Clause Mod: Limit one foe put to sleep\n|rule|Illusion Level Mod: Illusion disguises the Pok\u00e9mon's true level\n|\n|t:|1782859173\n|teamsize|p1|6\n|teamsize|p2|6\n|start\n|switch|p1a: Sceptile|Sceptile, L87, F|264/264\n|switch|p2a: Tinkaton|Tinkaton, L82, F|274/274\n|-ability|p2a: Tinkaton|Mold Breaker\n|turn|1\n|n|\u2606joeyloverbbl|joeyloverbbl\n|inactive|Battle timer is ON: inactive players will automatically lose when time's up. (requested by isnt clodsire cute)\n|\n|t:|1782859186\n|move|p1a: Sceptile|Swords Dance|p1a: Sceptile\n|-boost|p1a: Sceptile|atk|2\n|move|p2a: Tinkaton|Swords Dance|p2a: Tinkaton\n|-boost|p2a: Tinkaton|atk|2\n|\n|upkeep\n|turn|2\n|\n|t:|1782859194\n|-terastallize|p1a: Sceptile|Rock\n|move|p1a: Sceptile|Earthquake|p2a: Tinkaton\n|-supereffective|p2a: Tinkaton\n|-damage|p2a: Tinkaton|0 fnt\n|faint|p2a: Tinkaton\n|-damage|p1a: Sceptile|238/264|[from] item: Life Orb\n|\n|upkeep\n|\n|t:|1782859207\n|switch|p2a: Diancie|Diancie, L82|216/216\n|turn|3\n|\n|t:|1782859215\n|move|p1a: Sceptile|Leaf Blade|p2a: Diancie\n|-supereffective|p2a: Diancie\n|-damage|p2a: Diancie|0 fnt\n|faint|p2a: Diancie\n|-damage|p1a: Sceptile|212/264|[from] item: Life Orb\n|\n|upkeep\n|\n|t:|1782859224\n|switch|p2a: Emboar|Emboar, L84, M|322/322\n|turn|4\n|\n|t:|1782859230\n|move|p1a: Sceptile|Earthquake|p2a: Emboar\n|-supereffective|p2a: Emboar\n|-damage|p2a: Emboar|0 fnt\n|faint|p2a: Emboar\n|-damage|p1a: Sceptile|186/264|[from] item: Life Orb\n|\n|upkeep\n|\n|t:|1782859233\n|switch|p2a: Wo-Chien|Wo-Chien, L83|277/277\n|-ability|p2a: Wo-Chien|Tablets of Ruin\n|turn|5\n|\n|t:|1782859241\n|move|p1a: Sceptile|Rock Slide|p2a: Wo-Chien\n|-damage|p2a: Wo-Chien|143/277\n|-damage|p1a: Sceptile|160/264|[from] item: Life Orb\n|cant|p2a: Wo-Chien|flinch\n|\n|-heal|p2a: Wo-Chien|160/277|[from] item: Leftovers\n|upkeep\n|turn|6\n|\n|t:|1782859250\n|move|p2a: Wo-Chien|Protect|p2a: Wo-Chien\n|-singleturn|p2a: Wo-Chien|Protect\n|move|p1a: Sceptile|Rock Slide|p2a: Wo-Chien\n|-activate|p2a: Wo-Chien|move: Protect\n|\n|-heal|p2a: Wo-Chien|177/277|[from] item: Leftovers\n|upkeep\n|turn|7\n|\n|t:|1782859258\n|move|p1a: Sceptile|Rock Slide|p2a: Wo-Chien\n|-crit|p2a: Wo-Chien\n|-damage|p2a: Wo-Chien|0 fnt\n|faint|p2a: Wo-Chien\n|-damage|p1a: Sceptile|134/264|[from] item: Life Orb\n|\n|upkeep\n|\n|t:|1782859264\n|switch|p2a: Arboliva|Arboliva, L91, F|288/288\n|turn|8\n|c|\u2606joeyloverbbl|gg\n|\n|t:|1782859272\n|move|p1a: Sceptile|Rock Slide|p2a: Arboliva\n|-damage|p2a: Arboliva|103/288\n|-enditem|p2a: Arboliva|Sitrus Berry|[eat]\n|-heal|p2a: Arboliva|175/288|[from] item: Sitrus Berry\n|-damage|p1a: Sceptile|108/264|[from] item: Life Orb\n|cant|p2a: Arboliva|flinch\n|\n|upkeep\n|turn|9\n|c|\u2606isnt clodsire cute|Why the flinches\n|\n|t:|1782859288\n|move|p1a: Sceptile|Rock Slide|p2a: Arboliva\n|-damage|p2a: Arboliva|6/288\n|-damage|p1a: Sceptile|82/264|[from] item: Life Orb\n|move|p2a: Arboliva|Leech Seed|p1a: Sceptile\n|-start|p1a: Sceptile|move: Leech Seed\n|\n|-damage|p1a: Sceptile|49/264|[from] Leech Seed|[of] p2a: Arboliva\n|-heal|p2a: Arboliva|39/288|[silent]\n|-item|p2a: Arboliva|Sitrus Berry|[from] ability: Harvest\n|upkeep\n|-enditem|p2a: Arboliva|Sitrus Berry|[eat]\n|-heal|p2a: Arboliva|111/288|[from] item: Sitrus Berry\n|turn|10\n|c|\u2606joeyloverbbl|303\n|c|\u2606joeyloverbbl|30%\n|\n|t:|1782859303\n|move|p2a: Arboliva|Protect|p2a: Arboliva\n|-singleturn|p2a: Arboliva|Protect\n|move|p1a: Sceptile|Rock Slide|p2a: Arboliva\n|-activate|p2a: Arboliva|move: Protect\n|\n|-damage|p1a: Sceptile|16/264|[from] Leech Seed|[of] p2a: Arboliva\n|-heal|p2a: Arboliva|144/288|[silent]\n|-item|p2a: Arboliva|Sitrus Berry|[from] ability: Harvest\n|upkeep\n|-enditem|p2a: Arboliva|Sitrus Berry|[eat]\n|-heal|p2a: Arboliva|216/288|[from] item: Sitrus Berry\n|turn|11\n|c|\u2606isnt clodsire cute|I know but still\n|\n|t:|1782859314\n|move|p2a: Arboliva|Protect||[still]\n|-fail|p2a: Arboliva\n|move|p1a: Sceptile|Rock Slide|p2a: Arboliva|[miss]\n|-miss|p1a: Sceptile|p2a: Arboliva\n|\n|-damage|p1a: Sceptile|0 fnt|[from] Leech Seed|[of] p2a: Arboliva\n|-heal|p2a: Arboliva|232/288|[silent]\n|faint|p1a: Sceptile\n|-item|p2a: Arboliva|Sitrus Berry|[from] ability: Harvest\n|upkeep\n|\n|t:|1782859329\n|switch|p1a: Plusle|Plusle, L95, F|268/268\n|turn|12\n|\n|t:|1782859334\n|move|p1a: Plusle|Nasty Plot|p1a: Plusle\n|-boost|p1a: Plusle|spa|2\n|move|p2a: Arboliva|Leech Seed|p1a: Plusle\n|-start|p1a: Plusle|move: Leech Seed\n|\n|-damage|p1a: Plusle|235/268|[from] Leech Seed|[of] p2a: Arboliva\n|-heal|p2a: Arboliva|265/288|[silent]\n|upkeep\n|turn|13\n|\n|t:|1782859344\n|move|p1a: Plusle|Alluring Voice|p2a: Arboliva\n|-damage|p2a: Arboliva|119/288\n|-enditem|p2a: Arboliva|Sitrus Berry|[eat]\n|-heal|p2a: Arboliva|191/288|[from] item: Sitrus Berry\n|-damage|p1a: Plusle|209/268|[from] item: Life Orb\n|move|p2a: Arboliva|Substitute|p2a: Arboliva\n|-start|p2a: Arboliva|Substitute\n|-damage|p2a: Arboliva|119/288\n|\n|-damage|p1a: Plusle|176/268|[from] Leech Seed|[of] p2a: Arboliva\n|-heal|p2a: Arboliva|152/288|[silent]\n|upkeep\n|turn|14\n|c|\u2606isnt clodsire cute|Special wall here\n|\n|t:|1782859360\n|move|p2a: Arboliva|Protect|p2a: Arboliva\n|-singleturn|p2a: Arboliva|Protect\n|move|p1a: Plusle|Alluring Voice|p2a: Arboliva\n|-activate|p2a: Arboliva|move: Protect\n|\n|-damage|p1a: Plusle|143/268|[from] Leech Seed|[of] p2a: Arboliva\n|-heal|p2a: Arboliva|185/288|[silent]\n|upkeep\n|turn|15\n|\n|t:|1782859384\n|move|p1a: Plusle|Alluring Voice|p2a: Arboliva\n|-damage|p2a: Arboliva|59/288\n|-damage|p1a: Plusle|117/268|[from] item: Life Orb\n|move|p2a: Arboliva|Hyper Voice|p1a: Plusle\n|-damage|p1a: Plusle|0 fnt\n|faint|p1a: Plusle\n|\n|upkeep\n|\n|t:|1782859399\n|switch|p1a: Clodsire|Clodsire, L81, M|343/343\n|turn|16\n|c|\u2606isnt clodsire cute|My lad\n|c|\u2606isnt clodsire cute|Dont fight me join me\n|\n|t:|1782859416\n|switch|p1a: Glastrier|Glastrier, L86|312/312\n|move|p2a: Arboliva|Leech Seed|p1a: Glastrier\n|-start|p1a: Glastrier|move: Leech Seed\n|\n|-damage|p1a: Glastrier|273/312|[from] Leech Seed|[of] p2a: Arboliva\n|-heal|p2a: Arboliva|98/288|[silent]\n|-item|p2a: Arboliva|Sitrus Berry|[from] ability: Harvest\n|upkeep\n|-enditem|p2a: Arboliva|Sitrus Berry|[eat]\n|-heal|p2a: Arboliva|170/288|[from] item: Sitrus Berry\n|turn|17\n|\n|t:|1782859431\n|move|p2a: Arboliva|Hyper Voice|p1a: Glastrier\n|-damage|p1a: Glastrier|156/312\n|move|p1a: Glastrier|Icicle Crash|p2a: Arboliva\n|-supereffective|p2a: Arboliva\n|-end|p2a: Arboliva|Substitute\n|\n|-damage|p1a: Glastrier|117/312|[from] Leech Seed|[of] p2a: Arboliva\n|-heal|p2a: Arboliva|209/288|[silent]\n|upkeep\n|turn|18\n|\n|t:|1782859443\n|move|p2a: Arboliva|Protect|p2a: Arboliva\n|-singleturn|p2a: Arboliva|Protect\n|move|p1a: Glastrier|Icicle Crash|p2a: Arboliva\n|-activate|p2a: Arboliva|move: Protect\n|\n|-damage|p1a: Glastrier|78/312|[from] Leech Seed|[of] p2a: Arboliva\n|-heal|p2a: Arboliva|248/288|[silent]\n|upkeep\n|turn|19\n|\n|t:|1782859450\n|move|p2a: Arboliva|Substitute|p2a: Arboliva\n|-start|p2a: Arboliva|Substitute\n|-damage|p2a: Arboliva|176/288\n|move|p1a: Glastrier|Icicle Crash|p2a: Arboliva\n|-supereffective|p2a: Arboliva\n|-end|p2a: Arboliva|Substitute\n|\n|-damage|p1a: Glastrier|39/312|[from] Leech Seed|[of] p2a: Arboliva\n|-heal|p2a: Arboliva|215/288|[silent]\n|upkeep\n|turn|20\n|\n|t:|1782859458\n|move|p2a: Arboliva|Protect|p2a: Arboliva\n|-singleturn|p2a: Arboliva|Protect\n|move|p1a: Glastrier|Icicle Crash|p2a: Arboliva\n|-activate|p2a: Arboliva|move: Protect\n|\n|-damage|p1a: Glastrier|0 fnt|[from] Leech Seed|[of] p2a: Arboliva\n|-heal|p2a: Arboliva|254/288|[silent]\n|faint|p1a: Glastrier\n|-item|p2a: Arboliva|Sitrus Berry|[from] ability: Harvest\n|upkeep\n|c|\u2606isnt clodsire cute|Oh\n|\n|t:|1782859470\n|switch|p1a: Dragapult|Dragapult, L77, F|262/262\n|turn|21\n|\n|t:|1782859478\n|move|p1a: Dragapult|Fire Blast|p2a: Arboliva\n|-supereffective|p2a: Arboliva\n|-damage|p2a: Arboliva|124/288\n|-enditem|p2a: Arboliva|Sitrus Berry|[eat]\n|-heal|p2a: Arboliva|196/288|[from] item: Sitrus Berry\n|-damage|p1a: Dragapult|236/262|[from] item: Life Orb\n|move|p2a: Arboliva|Leech Seed|p1a: Dragapult\n|-start|p1a: Dragapult|move: Leech Seed\n|\n|-damage|p1a: Dragapult|204/262|[from] Leech Seed|[of] p2a: Arboliva\n|-heal|p2a: Arboliva|228/288|[silent]\n|upkeep\n|turn|22\n|\n|t:|1782859494\n|move|p2a: Arboliva|Protect|p2a: Arboliva\n|-singleturn|p2a: Arboliva|Protect\n|move|p1a: Dragapult|Dragon Dance|p1a: Dragapult\n|-boost|p1a: Dragapult|atk|1\n|-boost|p1a: Dragapult|spe|1\n|\n|-damage|p1a: Dragapult|172/262|[from] Leech Seed|[of] p2a: Arboliva\n|-heal|p2a: Arboliva|260/288|[silent]\n|upkeep\n|turn|23\n|inactive|isnt clodsire cute has 120 seconds left.\n|\n|t:|1782859532\n|move|p1a: Dragapult|Fire Blast|p2a: Arboliva|[miss]\n|-miss|p1a: Dragapult|p2a: Arboliva\n|move|p2a: Arboliva|Substitute|p2a: Arboliva\n|-start|p2a: Arboliva|Substitute\n|-damage|p2a: Arboliva|188/288\n|\n|-damage|p1a: Dragapult|140/262|[from] Leech Seed|[of] p2a: Arboliva\n|-heal|p2a: Arboliva|220/288|[silent]\n|upkeep\n|turn|24\n|\n|t:|1782859540\n|move|p2a: Arboliva|Protect|p2a: Arboliva\n|-singleturn|p2a: Arboliva|Protect\n|move|p1a: Dragapult|Dragon Dance|p1a: Dragapult\n|-boost|p1a: Dragapult|atk|1\n|-boost|p1a: Dragapult|spe|1\n|\n|-damage|p1a: Dragapult|108/262|[from] Leech Seed|[of] p2a: Arboliva\n|-heal|p2a: Arboliva|252/288|[silent]\n|-item|p2a: Arboliva|Sitrus Berry|[from] ability: Harvest\n|upkeep\n|turn|25\n|\n|t:|1782859552\n|move|p1a: Dragapult|Dragon Darts|p2a: Arboliva\n|-end|p2a: Arboliva|Substitute\n|-anim|p1a: Dragapult|Dragon Darts|p2a: Arboliva\n|-damage|p2a: Arboliva|135/288\n|-enditem|p2a: Arboliva|Sitrus Berry|[eat]\n|-heal|p2a: Arboliva|207/288|[from] item: Sitrus Berry\n|-damage|p1a: Dragapult|82/262|[from] item: Life Orb\n|move|p2a: Arboliva|Substitute|p2a: Arboliva\n|-start|p2a: Arboliva|Substitute\n|-damage|p2a: Arboliva|135/288\n|\n|-damage|p1a: Dragapult|50/262|[from] Leech Seed|[of] p2a: Arboliva\n|-heal|p2a: Arboliva|167/288|[silent]\n|-item|p2a: Arboliva|Sitrus Berry|[from] ability: Harvest\n|upkeep\n|turn|26\n|\n|t:|1782859566\n|move|p2a: Arboliva|Protect|p2a: Arboliva\n|-singleturn|p2a: Arboliva|Protect\n|move|p1a: Dragapult|Dragon Dance|p1a: Dragapult\n|-boost|p1a: Dragapult|atk|1\n|-boost|p1a: Dragapult|spe|1\n|\n|-damage|p1a: Dragapult|18/262|[from] Leech Seed|[of] p2a: Arboliva\n|-heal|p2a: Arboliva|199/288|[silent]\n|upkeep\n|turn|27\n|\n|t:|1782859576\n|move|p1a: Dragapult|Dragon Darts|p2a: Arboliva\n|-end|p2a: Arboliva|Substitute\n|-anim|p1a: Dragapult|Dragon Darts|p2a: Arboliva\n|-damage|p2a: Arboliva|34/288\n|-enditem|p2a: Arboliva|Sitrus Berry|[eat]\n|-heal|p2a: Arboliva|106/288|[from] item: Sitrus Berry\n|-damage|p1a: Dragapult|0 fnt|[from] item: Life Orb\n|faint|p1a: Dragapult\n|move|p2a: Arboliva|Substitute|p2a: Arboliva\n|-start|p2a: Arboliva|Substitute\n|-damage|p2a: Arboliva|34/288\n|\n|-item|p2a: Arboliva|Sitrus Berry|[from] ability: Harvest\n|upkeep\n|-enditem|p2a: Arboliva|Sitrus Berry|[eat]\n|-heal|p2a: Arboliva|106/288|[from] item: Sitrus Berry\n|\n|t:|1782859591\n|switch|p1a: Forretress|Forretress, L84, F|263/263\n|turn|28\n|\n|t:|1782859597\n|move|p2a: Arboliva|Leech Seed|p1a: Forretress\n|-start|p1a: Forretress|move: Leech Seed\n|move|p1a: Forretress|Stealth Rock|p2a: Arboliva\n|-sidestart|p2: isnt clodsire cute|move: Stealth Rock\n|\n|-damage|p1a: Forretress|231/263|[from] Leech Seed|[of] p2a: Arboliva\n|-heal|p2a: Arboliva|138/288|[silent]\n|-item|p2a: Arboliva|Sitrus Berry|[from] ability: Harvest\n|upkeep\n|-enditem|p2a: Arboliva|Sitrus Berry|[eat]\n|-heal|p2a: Arboliva|210/288|[from] item: Sitrus Berry\n|turn|29\n|\n|t:|1782859608\n|move|p2a: Arboliva|Protect|p2a: Arboliva\n|-singleturn|p2a: Arboliva|Protect\n|move|p1a: Forretress|Iron Head|p2a: Arboliva\n|-activate|p2a: Arboliva|move: Protect\n|\n|-heal|p1a: Forretress|247/263|[from] item: Leftovers\n|-damage|p1a: Forretress|215/263|[from] Leech Seed|[of] p2a: Arboliva\n|-heal|p2a: Arboliva|242/288|[silent]\n|upkeep\n|turn|30\n|\n|t:|1782859622\n|move|p2a: Arboliva|Hyper Voice|p1a: Forretress\n|-resisted|p1a: Forretress\n|-damage|p1a: Forretress|130/263\n|move|p1a: Forretress|Iron Head|p2a: Arboliva\n|-end|p2a: Arboliva|Substitute\n|\n|-heal|p1a: Forretress|146/263|[from] item: Leftovers\n|-damage|p1a: Forretress|114/263|[from] Leech Seed|[of] p2a: Arboliva\n|-heal|p2a: Arboliva|274/288|[silent]\n|-item|p2a: Arboliva|Sitrus Berry|[from] ability: Harvest\n|upkeep\n|turn|31\n|\n|t:|1782859636\n|move|p2a: Arboliva|Substitute|p2a: Arboliva\n|-start|p2a: Arboliva|Substitute\n|-damage|p2a: Arboliva|202/288\n|move|p1a: Forretress|Rapid Spin|p2a: Arboliva\n|-activate|p2a: Arboliva|move: Substitute|[damage]\n|-end|p1a: Forretress|Leech Seed|[from] move: Rapid Spin|[of] p1a: Forretress\n|-boost|p1a: Forretress|spe|1\n|\n|-heal|p1a: Forretress|130/263|[from] item: Leftovers\n|upkeep\n|turn|32\n|c|\u2606isnt clodsire cute|Can believe i didnt lose\n|\n|t:|1782859645\n|move|p1a: Forretress|Rapid Spin|p2a: Arboliva\n|-activate|p2a: Arboliva|move: Substitute|[damage]\n|-boost|p1a: Forretress|spe|1\n|move|p2a: Arboliva|Leech Seed|p1a: Forretress\n|-start|p1a: Forretress|move: Leech Seed\n|\n|-heal|p1a: Forretress|146/263|[from] item: Leftovers\n|-damage|p1a: Forretress|114/263|[from] Leech Seed|[of] p2a: Arboliva\n|-heal|p2a: Arboliva|234/288|[silent]\n|upkeep\n|turn|33\n|\n|t:|1782859655\n|switch|p1a: Clodsire|Clodsire, L81, M|343/343\n|move|p2a: Arboliva|Hyper Voice|p1a: Clodsire\n|-damage|p1a: Clodsire|214/343\n|\n|-heal|p1a: Clodsire|235/343|[from] item: Leftovers\n|upkeep\n|turn|34\n|\n|t:|1782859664\n|move|p2a: Arboliva|Leech Seed|p1a: Clodsire\n|-start|p1a: Clodsire|move: Leech Seed\n|move|p1a: Clodsire|Poison Jab|p2a: Arboliva\n|-supereffective|p2a: Arboliva\n|-end|p2a: Arboliva|Substitute\n|\n|-heal|p1a: Clodsire|256/343|[from] item: Leftovers\n|-damage|p1a: Clodsire|214/343|[from] Leech Seed|[of] p2a: Arboliva\n|-heal|p2a: Arboliva|276/288|[silent]\n|upkeep\n|turn|35\n|\n|t:|1782859673\n|move|p2a: Arboliva|Substitute|p2a: Arboliva\n|-start|p2a: Arboliva|Substitute\n|-damage|p2a: Arboliva|204/288\n|move|p1a: Clodsire|Poison Jab|p2a: Arboliva\n|-supereffective|p2a: Arboliva\n|-end|p2a: Arboliva|Substitute\n|\n|-heal|p1a: Clodsire|235/343|[from] item: Leftovers\n|-damage|p1a: Clodsire|193/343|[from] Leech Seed|[of] p2a: Arboliva\n|-heal|p2a: Arboliva|246/288|[silent]\n|upkeep\n|turn|36\n|\n|t:|1782859683\n|move|p2a: Arboliva|Substitute|p2a: Arboliva\n|-start|p2a: Arboliva|Substitute\n|-damage|p2a: Arboliva|174/288\n|move|p1a: Clodsire|Curse|p1a: Clodsire\n|-unboost|p1a: Clodsire|spe|1\n|-boost|p1a: Clodsire|atk|1\n|-boost|p1a: Clodsire|def|1\n|\n|-heal|p1a: Clodsire|214/343|[from] item: Leftovers\n|-damage|p1a: Clodsire|172/343|[from] Leech Seed|[of] p2a: Arboliva\n|-heal|p2a: Arboliva|216/288|[silent]\n|upkeep\n|turn|37\n|\n|t:|1782859693\n|move|p2a: Arboliva|Hyper Voice|p1a: Clodsire\n|-damage|p1a: Clodsire|49/343\n|move|p1a: Clodsire|Recover|p1a: Clodsire\n|-heal|p1a: Clodsire|221/343\n|\n|-heal|p1a: Clodsire|242/343|[from] item: Leftovers\n|-damage|p1a: Clodsire|200/343|[from] Leech Seed|[of] p2a: Arboliva\n|-heal|p2a: Arboliva|258/288|[silent]\n|upkeep\n|turn|38\n|c|\u2606isnt clodsire cute|Wrong option\n|\n|t:|1782859701\n|move|p2a: Arboliva|Hyper Voice|p1a: Clodsire\n|-damage|p1a: Clodsire|76/343\n|move|p1a: Clodsire|Poison Jab|p2a: Arboliva\n|-supereffective|p2a: Arboliva\n|-end|p2a: Arboliva|Substitute\n|\n|-heal|p1a: Clodsire|97/343|[from] item: Leftovers\n|-damage|p1a: Clodsire|55/343|[from] Leech Seed|[of] p2a: Arboliva\n|-heal|p2a: Arboliva|288/288|[silent]\n|upkeep\n|turn|39\n|\n|t:|1782859711\n|move|p2a: Arboliva|Hyper Voice|p1a: Clodsire\n|-damage|p1a: Clodsire|0 fnt\n|faint|p1a: Clodsire\n|\n|upkeep\n|\n|t:|1782859716\n|switch|p1a: Forretress|Forretress, L84, F|114/263\n|turn|40\n|\n|t:|1782859722\n|move|p2a: Arboliva|Leech Seed|p1a: Forretress\n|-start|p1a: Forretress|move: Leech Seed\n|move|p1a: Forretress|Rapid Spin|p2a: Arboliva\n|-crit|p2a: Arboliva\n|-damage|p2a: Arboliva|237/288\n|-boost|p1a: Forretress|spe|1\n|-end|p1a: Forretress|Leech Seed|[from] move: Rapid Spin|[of] p1a: Forretress\n|\n|-heal|p1a: Forretress|130/263|[from] item: Leftovers\n|upkeep\n|turn|41\n|\n|t:|1782859731\n|move|p1a: Forretress|Iron Head|p2a: Arboliva\n|-damage|p2a: Arboliva|162/288\n|move|p2a: Arboliva|Substitute|p2a: Arboliva\n|-start|p2a: Arboliva|Substitute\n|-damage|p2a: Arboliva|90/288\n|-enditem|p2a: Arboliva|Sitrus Berry|[eat]\n|-heal|p2a: Arboliva|162/288|[from] item: Sitrus Berry\n|\n|-heal|p1a: Forretress|146/263|[from] item: Leftovers\n|upkeep\n|turn|42\n|c|\u2606joeyloverbbl|ggs i lost\n|\n|t:|1782859750\n|move|p1a: Forretress|Iron Head|p2a: Arboliva\n|-end|p2a: Arboliva|Substitute\n|move|p2a: Arboliva|Hyper Voice|p1a: Forretress\n|-resisted|p1a: Forretress\n|-damage|p1a: Forretress|57/263\n|\n|-heal|p1a: Forretress|73/263|[from] item: Leftovers\n|-item|p2a: Arboliva|Sitrus Berry|[from] ability: Harvest\n|upkeep\n|turn|43\n|c|\u2606isnt clodsire cute|Yep\n|\n|t:|1782859759\n|move|p1a: Forretress|Iron Head|p2a: Arboliva\n|-damage|p2a: Arboliva|92/288\n|-enditem|p2a: Arboliva|Sitrus Berry|[eat]\n|-heal|p2a: Arboliva|164/288|[from] item: Sitrus Berry\n|cant|p2a: Arboliva|flinch\n|\n|-heal|p1a: Forretress|89/263|[from] item: Leftovers\n|upkeep\n|turn|44\n|c|\u2606isnt clodsire cute|Well you could get flinch after flinch\n|c|\u2606isnt clodsire cute|And so on\n|\n|t:|1782859781\n|move|p1a: Forretress|Iron Head|p2a: Arboliva\n|-damage|p2a: Arboliva|91/288\n|cant|p2a: Arboliva|flinch\n|\n|-heal|p1a: Forretress|105/263|[from] item: Leftovers\n|-item|p2a: Arboliva|Sitrus Berry|[from] ability: Harvest\n|upkeep\n|-enditem|p2a: Arboliva|Sitrus Berry|[eat]\n|-heal|p2a: Arboliva|163/288|[from] item: Sitrus Berry\n|turn|45\n|\n|t:|1782859791\n|move|p1a: Forretress|Iron Head|p2a: Arboliva\n|-damage|p2a: Arboliva|94/288\n|move|p2a: Arboliva|Hyper Voice|p1a: Forretress\n|-resisted|p1a: Forretress\n|-damage|p1a: Forretress|10/263\n|\n|-heal|p1a: Forretress|26/263|[from] item: Leftovers\n|-item|p2a: Arboliva|Sitrus Berry|[from] ability: Harvest\n|upkeep\n|-enditem|p2a: Arboliva|Sitrus Berry|[eat]\n|-heal|p2a: Arboliva|166/288|[from] item: Sitrus Berry\n|turn|46\n|\n|t:|1782859802\n|switch|p2a: Altaria|Altaria, L89, M|278/278\n|move|p1a: Forretress|Iron Head|p2a: Altaria\n|-damage|p2a: Altaria|202/278\n|\n|-heal|p1a: Forretress|42/263|[from] item: Leftovers\n|upkeep\n|turn|47\n|\n|t:|1782859814\n|move|p2a: Altaria|Will-O-Wisp|p1a: Forretress\n|-status|p1a: Forretress|brn\n|move|p1a: Forretress|Iron Head|p2a: Altaria\n|-damage|p2a: Altaria|164/278\n|\n|-heal|p1a: Forretress|58/263 brn|[from] item: Leftovers\n|-damage|p1a: Forretress|42/263 brn|[from] brn\n|upkeep\n|turn|48\n|\n|t:|1782859822\n|move|p2a: Altaria|Defog|p1a: Forretress\n|-unboost|p1a: Forretress|evasion|1\n|-sideend|p2: isnt clodsire cute|Stealth Rock|[from] move: Defog|[of] p2a: Altaria\n|move|p1a: Forretress|Rapid Spin|p2a: Altaria\n|-damage|p2a: Altaria|148/278\n|-boost|p1a: Forretress|spe|1\n|\n|-heal|p1a: Forretress|58/263 brn|[from] item: Leftovers\n|-damage|p1a: Forretress|42/263 brn|[from] brn\n|upkeep\n|turn|49\n|c|\u2606isnt clodsire cute|Gg\n|\n|t:|1782859831\n|move|p1a: Forretress|Iron Head|p2a: Altaria\n|-damage|p2a: Altaria|111/278\n|move|p2a: Altaria|Brave Bird|p1a: Forretress\n|-damage|p1a: Forretress|0 fnt\n|faint|p1a: Forretress\n|-damage|p2a: Altaria|97/278|[from] Recoil\n|\n|win|isnt clodsire cute\n|raw|joeyloverbbl's rating: 1137 &rarr; <strong>1114</strong><br />(-23 for losing)\n|raw|isnt clodsire cute's rating: 1162 &rarr; <strong>1185</strong><br />(+23 for winning)\n|c|\u2606joeyloverbbl|gg\n|l|\u2606joeyloverbbl\n|player|p1|\n", "inputlog": ">version f8ac14003a5f27e1bdc8d8c59608a773c1cb96e5\n>start {\"formatid\":\"gen9randombattle\",\"seed\":\"sodium,26566622b96a65c81a12a05346485891\",\"rated\":\"Rated battle\"}\n>player p1 {\"name\":\"joeyloverbbl\",\"avatar\":\"buck\",\"rating\":1137,\"seed\":\"sodium,2ed2c882f8cf6a44520aebf136111e4e\"}\n>player p2 {\"name\":\"isnt clodsire cute\",\"avatar\":\"gladion\",\"rating\":1162,\"seed\":\"sodium,cfa07162dde37704bc46a83123a96414\"}\n>p1 move swordsdance\n>p2 move swordsdance\n>p1 move earthquake terastallize\n>p2 move gigatonhammer\n>p2 switch 2\n>p1 move leafblade\n>p2 move earthpower\n>p2 switch 4\n>p1 move earthquake\n>p2 move drainpunch\n>p2 switch 5\n>p1 move rockslide\n>p2 move gigadrain\n>p1 move rockslide\n>p2 move protect\n>p1 move rockslide\n>p2 move gigadrain\n>p2 switch 3\n>chat \u2606joeyloverbbl|gg\n>p1 move rockslide\n>p2 move leechseed\n>chat \u2606isnt clodsire cute|Why the flinches\n>p1 move rockslide\n>p2 move leechseed\n>chat \u2606joeyloverbbl|303\n>chat \u2606joeyloverbbl|30%\n>p1 move rockslide\n>p2 move protect\n>chat \u2606isnt clodsire cute|I know but still\n>p1 move rockslide\n>p2 move protect\n>p1 switch 4\n>p1 move nastyplot\n>p2 move leechseed\n>p1 move alluringvoice\n>p2 move substitute\n>chat \u2606isnt clodsire cute|Special wall here\n>p1 move alluringvoice\n>p2 move protect\n>p1 move alluringvoice\n>p2 move hypervoice\n>p1 switch 6\n>chat \u2606isnt clodsire cute|My lad\n>chat \u2606isnt clodsire cute|Dont fight me join me\n>p1 switch 5\n>p2 move leechseed\n>p1 move iciclecrash\n>p2 move hypervoice\n>p1 move iciclecrash\n>p2 move protect\n>p1 move iciclecrash\n>p2 move substitute\n>p1 move iciclecrash\n>p2 move protect\n>chat \u2606isnt clodsire cute|Oh\n>p1 switch 2\n>p1 move fireblast\n>p2 move leechseed\n>p1 move dragondance\n>p2 move protect\n>p1 move fireblast\n>p2 move substitute\n>p1 move dragondance\n>p2 move protect\n>p1 move dragondarts\n>p2 move substitute\n>p1 move dragondance\n>p2 move protect\n>p1 move dragondarts\n>p2 move substitute\n>p1 switch 3\n>p1 move stealthrock\n>p2 move leechseed\n>p1 move ironhead\n>p2 move protect\n>p1 move ironhead\n>p2 move hypervoice\n>p1 move rapidspin\n>p2 move substitute\n>chat \u2606isnt clodsire cute|Can believe i didnt lose\n>p1 move rapidspin\n>p2 move leechseed\n>p1 switch 5\n>p2 move hypervoice\n>p1 move poisonjab\n>p2 move leechseed\n>p1 move poisonjab\n>p2 move substitute\n>p1 move curse\n>p2 move substitute\n>p1 move recover\n>p2 move hypervoice\n>chat \u2606isnt clodsire cute|Wrong option\n>p1 move poisonjab\n>p2 move hypervoice\n>p1 move recover\n>p2 move hypervoice\n>p1 switch 5\n>p1 move rapidspin\n>p2 move leechseed\n>p1 move ironhead\n>p2 move substitute\n>chat \u2606joeyloverbbl|ggs i lost\n>p1 move ironhead\n>p2 move hypervoice\n>chat \u2606isnt clodsire cute|Yep\n>p1 move ironhead\n>p2 move hypervoice\n>chat \u2606isnt clodsire cute|Well you could get flinch after flinch\n>chat \u2606isnt clodsire cute|And so on\n>p1 move ironhead\n>p2 move hypervoice\n>p1 move ironhead\n>p2 move hypervoice\n>p1 move ironhead\n>p2 switch 6\n>p1 move ironhead\n>p2 move willowisp\n>p1 move rapidspin\n>p2 move defog\n>chat \u2606isnt clodsire cute|Gg\n>p1 move ironhead\n>p2 move bravebird", "uploadtime": 1782859843, "views": 6, "formatid": "gen9randombattle", "rating": 1114, "private": 0, "password": null, "player_dets": [{"name": "joeyloverbbl", "avatar": "buck", "rating": 1137, "seed": "sodium,2ed2c882f8cf6a44520aebf136111e4e"}, {"name": "isnt clodsire cute", "avatar": "gladion", "rating": 1162, "seed": "sodium,cfa07162dde37704bc46a83123a96414"}], "teams_full": [{"Sceptile": {"name": "Sceptile", "species": "Sceptile", "speciesId": "sceptile", "gender": "F", "shiny": false, "level": 87, "moves": ["rockslide", "leafblade", "earthquake", "swordsdance"], "ability": "Overgrow", "evs": {"hp": 85, "atk": 85, "def": 85, "spa": 85, "spd": 85, "spe": 85}, "ivs": {"hp": 31, "atk": 31, "def": 31, "spa": 31, "spd": 31, "spe": 31}, "item": "Life Orb", "teraType": "Rock", "role": "Setup Sweeper", "bvs": {"hp": 70, "atk": 85, "def": 65, "spa": 105, "spd": 85, "spe": 120}, "stats": {"hp": 264, "atk": 198, "def": 163, "spa": 232, "spd": 198, "spe": 259}, "types": ["Grass"]}, "Dragapult": {"name": "Dragapult", "species": "Dragapult", "speciesId": "dragapult", "gender": "F", "shiny": false, "level": 77, "moves": ["dragondance", "dragondarts", "terablast", "fireblast"], "ability": "Clear Body", "evs": {"hp": 85, "atk": 85, "def": 85, "spa": 85, "spd": 85, "spe": 85}, "ivs": {"hp": 31, "atk": 31, "def": 31, "spa": 31, "spd": 31, "spe": 31}, "item": "Life Orb", "teraType": "Ghost", "role": "Tera Blast user", "bvs": {"hp": 88, "atk": 120, "def": 75, "spa": 100, "spd": 75, "spe": 142}, "stats": {"hp": 262, "atk": 229, "def": 160, "spa": 199, "spd": 160, "spe": 263}, "types": ["Dragon", "Ghost"]}, "Forretress": {"name": "Forretress", "species": "Forretress", "speciesId": "forretress", "gender": "F", "shiny": false, "level": 84, "moves": ["ironhead", "rapidspin", "toxicspikes", "stealthrock"], "ability": "Sturdy", "evs": {"hp": 85, "atk": 85, "def": 85, "spa": 85, "spd": 85, "spe": 85}, "ivs": {"hp": 31, "atk": 31, "def": 31, "spa": 31, "spd": 31, "spe": 31}, "item": "Leftovers", "teraType": "Water", "role": "Bulky Support", "bvs": {"hp": 75, "atk": 90, "def": 140, "spa": 60, "spd": 60, "spe": 40}, "stats": {"hp": 263, "atk": 199, "def": 283, "spa": 149, "spd": 149, "spe": 115}, "types": ["Bug", "Steel"]}, "Plusle": {"name": "Plusle", "species": "Plusle", "speciesId": "plusle", "gender": "F", "shiny": false, "level": 95, "moves": ["grassknot", "nastyplot", "alluringvoice", "thunderbolt"], "ability": "Lightning Rod", "evs": {"hp": 85, "atk": 0, "def": 85, "spa": 85, "spd": 85, "spe": 85}, "ivs": {"hp": 31, "atk": 0, "def": 31, "spa": 31, "spd": 31, "spe": 31}, "item": "Life Orb", "teraType": "Grass", "role": "Setup Sweeper", "bvs": {"hp": 60, "atk": 50, "def": 40, "spa": 85, "spd": 75, "spe": 95}, "stats": {"hp": 268, "atk": 100, "def": 130, "spa": 215, "spd": 196, "spe": 234}, "types": ["Electric"]}, "Glastrier": {"name": "Glastrier", "species": "Glastrier", "speciesId": "glastrier", "gender": "N", "shiny": false, "level": 86, "moves": ["swordsdance", "closecombat", "iciclecrash", "highhorsepower"], "ability": "Chilling Neigh", "evs": {"hp": 85, "atk": 85, "def": 85, "spa": 85, "spd": 85, "spe": 85}, "ivs": {"hp": 31, "atk": 31, "def": 31, "spa": 31, "spd": 31, "spe": 31}, "item": "Heavy-Duty Boots", "teraType": "Ground", "role": "Bulky Attacker", "bvs": {"hp": 100, "atk": 145, "def": 130, "spa": 65, "spd": 110, "spe": 30}, "stats": {"hp": 312, "atk": 299, "def": 273, "spa": 161, "spd": 238, "spe": 101}, "types": ["Ice"]}, "Clodsire": {"name": "Clodsire", "species": "Clodsire", "speciesId": "clodsire", "gender": "M", "shiny": false, "level": 81, "moves": ["earthquake", "poisonjab", "recover", "curse"], "ability": "Water Absorb", "evs": {"hp": 85, "atk": 85, "def": 85, "spa": 85, "spd": 85, "spe": 85}, "ivs": {"hp": 31, "atk": 31, "def": 31, "spa": 31, "spd": 31, "spe": 31}, "item": "Leftovers", "teraType": "Flying", "role": "Bulky Attacker", "bvs": {"hp": 130, "atk": 75, "def": 60, "spa": 45, "spd": 100, "spe": 20}, "stats": {"hp": 343, "atk": 168, "def": 144, "spa": 120, "spd": 209, "spe": 79}, "types": ["Poison", "Ground"]}}, {"Tinkaton": {"name": "Tinkaton", "species": "Tinkaton", "speciesId": "tinkaton", "gender": "F", "shiny": false, "level": 82, "moves": ["protect", "gigatonhammer", "playrough", "swordsdance"], "ability": "Mold Breaker", "evs": {"hp": 85, "atk": 85, "def": 85, "spa": 85, "spd": 85, "spe": 85}, "ivs": {"hp": 31, "atk": 31, "def": 31, "spa": 31, "spd": 31, "spe": 31}, "item": "Leftovers", "teraType": "Steel", "role": "Bulky Setup", "bvs": {"hp": 85, "atk": 75, "def": 77, "spa": 70, "spd": 105, "spe": 94}, "stats": {"hp": 274, "atk": 170, "def": 173, "spa": 162, "spd": 219, "spe": 201}, "types": ["Fairy", "Steel"]}, "Diancie": {"name": "Diancie", "species": "Diancie", "speciesId": "diancie", "gender": "N", "shiny": false, "level": 82, "moves": ["diamondstorm", "calmmind", "earthpower", "drainingkiss"], "ability": "Clear Body", "evs": {"hp": 85, "atk": 85, "def": 85, "spa": 85, "spd": 85, "spe": 85}, "ivs": {"hp": 31, "atk": 31, "def": 31, "spa": 31, "spd": 31, "spe": 31}, "item": "Leftovers", "teraType": "Fairy", "role": "Bulky Setup", "bvs": {"hp": 50, "atk": 100, "def": 150, "spa": 100, "spd": 150, "spe": 50}, "stats": {"hp": 216, "atk": 211, "def": 293, "spa": 211, "spd": 293, "spe": 129}, "types": ["Rock", "Fairy"]}, "Arboliva": {"name": "Arboliva", "species": "Arboliva", "speciesId": "arboliva", "gender": "F", "shiny": false, "level": 91, "moves": ["hypervoice", "substitute", "leechseed", "protect"], "ability": "Harvest", "evs": {"hp": 77, "atk": 0, "def": 85, "spa": 85, "spd": 85, "spe": 85}, "ivs": {"hp": 31, "atk": 0, "def": 31, "spa": 31, "spd": 31, "spe": 31}, "item": "Sitrus Berry", "teraType": "Poison", "role": "Bulky Support", "bvs": {"hp": 78, "atk": 69, "def": 90, "spa": 125, "spd": 109, "spe": 39}, "stats": {"hp": 288, "atk": 130, "def": 216, "spa": 279, "spd": 250, "spe": 123}, "types": ["Grass", "Normal"]}, "Emboar": {"name": "Emboar", "species": "Emboar", "speciesId": "emboar", "gender": "M", "shiny": false, "level": 84, "moves": ["bulkup", "flareblitz", "trailblaze", "drainpunch"], "ability": "Reckless", "evs": {"hp": 85, "atk": 85, "def": 85, "spa": 85, "spd": 85, "spe": 85}, "ivs": {"hp": 31, "atk": 31, "def": 31, "spa": 31, "spd": 31, "spe": 31}, "item": "Leftovers", "teraType": "Grass", "role": "Bulky Setup", "bvs": {"hp": 110, "atk": 123, "def": 65, "spa": 100, "spd": 65, "spe": 65}, "stats": {"hp": 322, "atk": 255, "def": 157, "spa": 216, "spd": 157, "spe": 157}, "types": ["Fire", "Fighting"]}, "Wo-Chien": {"name": "Wo-Chien", "species": "Wo-Chien", "speciesId": "wochien", "gender": "N", "shiny": false, "level": 83, "moves": ["knockoff", "gigadrain", "protect", "leechseed"], "ability": "Tablets of Ruin", "evs": {"hp": 85, "atk": 85, "def": 85, "spa": 85, "spd": 85, "spe": 85}, "ivs": {"hp": 31, "atk": 31, "def": 31, "spa": 31, "spd": 31, "spe": 31}, "item": "Leftovers", "teraType": "Poison", "role": "Bulky Support", "bvs": {"hp": 85, "atk": 85, "def": 100, "spa": 95, "spd": 135, "spe": 70}, "stats": {"hp": 277, "atk": 189, "def": 214, "spa": 205, "spd": 272, "spe": 164}, "types": ["Dark", "Grass"]}, "Altaria": {"name": "Altaria", "species": "Altaria", "speciesId": "altaria", "gender": "M", "shiny": false, "level": 89, "moves": ["roost", "bravebird", "defog", "willowisp"], "ability": "Natural Cure", "evs": {"hp": 85, "atk": 85, "def": 85, "spa": 85, "spd": 85, "spe": 85}, "ivs": {"hp": 31, "atk": 31, "def": 31, "spa": 31, "spd": 31, "spe": 31}, "item": "Heavy-Duty Boots", "teraType": "Steel", "role": "Bulky Support", "bvs": {"hp": 75, "atk": 70, "def": 90, "spa": 70, "spd": 105, "spe": 80}, "stats": {"hp": 278, "atk": 175, "def": 211, "spa": 175, "spd": 238, "spe": 193}, "types": ["Dragon", "Flying"]}}]}