{"id": "gen9randombattle-2642150656", "format": "[Gen 9] Random Battle", "players": ["thanlankhungbo", "5th Vision"], "log": "|j|\u2606thanlankhungbo\n|j|\u26065th Vision\n|t:|1782900768\n|gametype|singles\n|player|p1|thanlankhungbo|266|1621\n|player|p2|5th Vision|iris|1683\n|gen|9\n|tier|[Gen 9] Random Battle\n|rated|\n|rule|Species Clause: Limit one of each Pok\u00e9mon\n|rule|HP Percentage Mod: HP is shown in percentages\n|rule|Sleep Clause Mod: Limit one foe put to sleep\n|rule|Illusion Level Mod: Illusion disguises the Pok\u00e9mon's true level\n|\n|t:|1782900768\n|teamsize|p1|6\n|teamsize|p2|6\n|start\n|switch|p1a: Gengar|Gengar, L81, M|230/230\n|switch|p2a: Ting-Lu|Ting-Lu, L78|370/370\n|-ability|p2a: Ting-Lu|Vessel of Ruin\n|turn|1\n|inactive|Battle timer is ON: inactive players will automatically lose when time's up. (requested by thanlankhungbo)\n|\n|t:|1782900790\n|switch|p1a: Skarmory|Skarmory, L80, M|235/235\n|move|p2a: Ting-Lu|Stealth Rock|p1a: Skarmory\n|-sidestart|p1: thanlankhungbo|move: Stealth Rock\n|\n|upkeep\n|turn|2\n|\n|t:|1782900806\n|move|p1a: Skarmory|Spikes|p2a: Ting-Lu\n|-sidestart|p2: 5th Vision|Spikes\n|move|p2a: Ting-Lu|Whirlwind|p1a: Skarmory\n|drag|p1a: Hitmontop|Hitmontop, L88, M|231/231\n|-damage|p1a: Hitmontop|217/231|[from] Stealth Rock\n|-ability|p1a: Hitmontop|Intimidate|boost\n|-unboost|p2a: Ting-Lu|atk|1\n|\n|upkeep\n|turn|3\n|inactive|5th Vision has 120 seconds left.\n|\n|t:|1782900835\n|switch|p2a: Tentacruel|Tentacruel, L84, M|272/272\n|-damage|p2a: Tentacruel|238/272|[from] Spikes\n|move|p1a: Hitmontop|Rapid Spin|p2a: Tentacruel\n|-crit|p2a: Tentacruel\n|-damage|p2a: Tentacruel|161/272\n|-boost|p1a: Hitmontop|spe|1\n|-sideend|p1: thanlankhungbo|Stealth Rock|[from] move: Rapid Spin|[of] p1a: Hitmontop\n|\n|upkeep\n|turn|4\n|inactive|5th Vision has 120 seconds left.\n|\n|t:|1782900852\n|move|p1a: Hitmontop|Stone Edge|p2a: Tentacruel|[miss]\n|-miss|p1a: Hitmontop|p2a: Tentacruel\n|move|p2a: Tentacruel|Rapid Spin|p1a: Hitmontop\n|-damage|p1a: Hitmontop|190/231\n|-boost|p2a: Tentacruel|spe|1\n|-sideend|p2: 5th Vision|Spikes|[from] move: Rapid Spin|[of] p2a: Tentacruel\n|\n|upkeep\n|turn|5\n|inactive|5th Vision has 120 seconds left.\n|\n|t:|1782900863\n|move|p2a: Tentacruel|Sludge Bomb|p1a: Hitmontop\n|-damage|p1a: Hitmontop|148/231\n|move|p1a: Hitmontop|Stone Edge|p2a: Tentacruel\n|-damage|p2a: Tentacruel|62/272\n|\n|upkeep\n|turn|6\n|inactive|5th Vision has 120 seconds left.\n|\n|t:|1782900879\n|switch|p2a: Sandaconda|Sandaconda, L84, F|258/258\n|switch|p1a: Swalot|Swalot, L90, M|326/326\n|\n|upkeep\n|turn|7\n|inactive|5th Vision has 120 seconds left.\n|\n|t:|1782900896\n|move|p2a: Sandaconda|Coil|p2a: Sandaconda\n|-boost|p2a: Sandaconda|atk|1\n|-boost|p2a: Sandaconda|def|1\n|-boost|p2a: Sandaconda|accuracy|1\n|move|p1a: Swalot|Toxic|p2a: Sandaconda\n|-status|p2a: Sandaconda|tox\n|\n|-damage|p2a: Sandaconda|242/258 tox|[from] psn\n|upkeep\n|turn|8\n|\n|t:|1782900911\n|switch|p1a: Skarmory|Skarmory, L80, M|235/235\n|move|p2a: Sandaconda|Earthquake|p1a: Skarmory\n|-immune|p1a: Skarmory\n|\n|-heal|p2a: Sandaconda|258/258 tox|[from] item: Leftovers\n|-damage|p2a: Sandaconda|226/258 tox|[from] psn\n|upkeep\n|turn|9\n|\n|t:|1782900926\n|move|p2a: Sandaconda|Stone Edge|p1a: Skarmory\n|-damage|p1a: Skarmory|156/235\n|move|p1a: Skarmory|Spikes|p2a: Sandaconda\n|-sidestart|p2: 5th Vision|Spikes\n|\n|-activate|p2a: Sandaconda|ability: Shed Skin\n|-curestatus|p2a: Sandaconda|tox|[msg]\n|-heal|p2a: Sandaconda|242/258|[from] item: Leftovers\n|upkeep\n|turn|10\n|\n|t:|1782900937\n|switch|p1a: Hitmontop|Hitmontop, L88, M|148/231\n|-ability|p1a: Hitmontop|Intimidate|boost\n|-unboost|p2a: Sandaconda|atk|1\n|move|p2a: Sandaconda|Coil|p2a: Sandaconda\n|-boost|p2a: Sandaconda|atk|1\n|-boost|p2a: Sandaconda|def|1\n|-boost|p2a: Sandaconda|accuracy|1\n|\n|-heal|p2a: Sandaconda|258/258|[from] item: Leftovers\n|upkeep\n|turn|11\n|\n|t:|1782900954\n|switch|p1a: Skarmory|Skarmory, L80, M|156/235\n|move|p2a: Sandaconda|Glare|p1a: Skarmory\n|-status|p1a: Skarmory|par\n|\n|upkeep\n|turn|12\n|\n|t:|1782900962\n|move|p2a: Sandaconda|Coil|p2a: Sandaconda\n|-boost|p2a: Sandaconda|atk|1\n|-boost|p2a: Sandaconda|def|1\n|-boost|p2a: Sandaconda|accuracy|1\n|cant|p1a: Skarmory|par\n|\n|upkeep\n|turn|13\n|\n|t:|1782900973\n|switch|p1a: Manaphy|Manaphy, L78|284/284\n|move|p2a: Sandaconda|Stone Edge|p1a: Manaphy\n|-damage|p1a: Manaphy|145/284\n|\n|-heal|p1a: Manaphy|162/284|[from] item: Leftovers\n|upkeep\n|turn|14\n|\n|t:|1782900986\n|-terastallize|p2a: Sandaconda|Steel\n|move|p1a: Manaphy|Hydro Pump|p2a: Sandaconda\n|-damage|p2a: Sandaconda|135/258\n|move|p2a: Sandaconda|Glare|p1a: Manaphy\n|-status|p1a: Manaphy|par\n|\n|-heal|p2a: Sandaconda|151/258|[from] item: Leftovers\n|-heal|p1a: Manaphy|179/284 par|[from] item: Leftovers\n|upkeep\n|turn|15\n|\n|t:|1782901004\n|switch|p1a: Gothitelle|Gothitelle, L90, M|272/272\n|move|p2a: Sandaconda|Earthquake|p1a: Gothitelle\n|-damage|p1a: Gothitelle|58/272\n|\n|-heal|p2a: Sandaconda|167/258|[from] item: Leftovers\n|upkeep\n|turn|16\n|\n|t:|1782901012\n|move|p1a: Gothitelle|Trick|p2a: Sandaconda\n|-activate|p1a: Gothitelle|move: Trick|[of] p2a: Sandaconda\n|-item|p2a: Sandaconda|Choice Scarf|[from] move: Trick\n|-item|p1a: Gothitelle|Leftovers|[from] move: Trick\n|move|p2a: Sandaconda|Earthquake|p1a: Gothitelle\n|-damage|p1a: Gothitelle|0 fnt\n|faint|p1a: Gothitelle\n|\n|upkeep\n|\n|t:|1782901018\n|switch|p1a: Skarmory|Skarmory, L80, M|156/235 par\n|turn|17\n|\n|t:|1782901030\n|switch|p2a: Forretress|Forretress, L84, F|263/263\n|-damage|p2a: Forretress|231/263|[from] Spikes\n|move|p1a: Skarmory|Roost|p1a: Skarmory\n|-heal|p1a: Skarmory|235/235 par\n|-singleturn|p1a: Skarmory|move: Roost\n|\n|-heal|p2a: Forretress|247/263|[from] item: Leftovers\n|upkeep\n|turn|18\n|\n|t:|1782901053\n|switch|p1a: Swalot|Swalot, L90, M|326/326\n|move|p2a: Forretress|Rapid Spin|p1a: Swalot\n|-damage|p1a: Swalot|296/326\n|-boost|p2a: Forretress|spe|1\n|-sideend|p2: 5th Vision|Spikes|[from] move: Rapid Spin|[of] p2a: Forretress\n|\n|-heal|p2a: Forretress|263/263|[from] item: Leftovers\n|-heal|p1a: Swalot|316/326|[from] item: Leftovers\n|upkeep\n|turn|19\n|\n|t:|1782901068\n|move|p2a: Forretress|Spikes|p1a: Swalot\n|-sidestart|p1: thanlankhungbo|Spikes\n|move|p1a: Swalot|Earthquake|p2a: Forretress\n|-damage|p2a: Forretress|214/263\n|\n|-heal|p2a: Forretress|230/263|[from] item: Leftovers\n|-heal|p1a: Swalot|326/326|[from] item: Leftovers\n|upkeep\n|turn|20\n|\n|t:|1782901080\n|switch|p1a: Manaphy|Manaphy, L78|179/284 par\n|-damage|p1a: Manaphy|144/284 par|[from] Spikes\n|move|p2a: Forretress|Spikes|p1a: Manaphy\n|-sidestart|p1: thanlankhungbo|Spikes\n|\n|-heal|p2a: Forretress|246/263|[from] item: Leftovers\n|-heal|p1a: Manaphy|161/284 par|[from] item: Leftovers\n|upkeep\n|turn|21\n|\n|t:|1782901091\n|move|p2a: Forretress|Rapid Spin|p1a: Manaphy\n|-damage|p1a: Manaphy|128/284 par\n|-boost|p2a: Forretress|spe|1\n|move|p1a: Manaphy|Hydro Pump|p2a: Forretress\n|-damage|p2a: Forretress|110/263\n|\n|-heal|p2a: Forretress|126/263|[from] item: Leftovers\n|-heal|p1a: Manaphy|145/284 par|[from] item: Leftovers\n|upkeep\n|turn|22\n|\n|t:|1782901101\n|move|p2a: Forretress|Body Press|p1a: Manaphy\n|-damage|p1a: Manaphy|70/284 par\n|move|p1a: Manaphy|Hydro Pump|p2a: Forretress\n|-damage|p2a: Forretress|0 fnt\n|faint|p2a: Forretress\n|\n|-heal|p1a: Manaphy|87/284 par|[from] item: Leftovers\n|upkeep\n|\n|t:|1782901125\n|switch|p2a: Vaporeon|Vaporeon, L86, F|364/364\n|turn|23\n|\n|t:|1782901132\n|move|p2a: Vaporeon|Wish|p2a: Vaporeon\n|cant|p1a: Manaphy|par\n|\n|-heal|p1a: Manaphy|104/284 par|[from] item: Leftovers\n|upkeep\n|turn|24\n|\n|t:|1782901142\n|switch|p2a: Tentacruel|Tentacruel, L84, M|62/272\n|move|p1a: Manaphy|Energy Ball|p2a: Tentacruel\n|-damage|p2a: Tentacruel|30/272\n|\n|-heal|p2a: Tentacruel|212/272|[from] move: Wish|[wisher] Vaporeon\n|-heal|p1a: Manaphy|121/284 par|[from] item: Leftovers\n|upkeep\n|turn|25\n|\n|t:|1782901155\n|move|p2a: Tentacruel|Knock Off|p1a: Manaphy\n|-damage|p1a: Manaphy|65/284 par\n|-enditem|p1a: Manaphy|Leftovers|[from] move: Knock Off|[of] p2a: Tentacruel\n|move|p1a: Manaphy|Tail Glow|p1a: Manaphy\n|-boost|p1a: Manaphy|spa|3\n|\n|upkeep\n|turn|26\n|\n|t:|1782901162\n|move|p2a: Tentacruel|Sludge Bomb|p1a: Manaphy\n|-damage|p1a: Manaphy|0 fnt\n|faint|p1a: Manaphy\n|\n|upkeep\n|\n|t:|1782901167\n|switch|p1a: Hitmontop|Hitmontop, L88, M|148/231\n|-damage|p1a: Hitmontop|110/231|[from] Spikes\n|-ability|p1a: Hitmontop|Intimidate|boost\n|-unboost|p2a: Tentacruel|atk|1\n|turn|27\n|\n|t:|1782901174\n|move|p2a: Tentacruel|Sludge Bomb|p1a: Hitmontop\n|-damage|p1a: Hitmontop|68/231\n|move|p1a: Hitmontop|Rapid Spin|p2a: Tentacruel\n|-damage|p2a: Tentacruel|165/272\n|-boost|p1a: Hitmontop|spe|1\n|-sideend|p1: thanlankhungbo|Spikes|[from] move: Rapid Spin|[of] p1a: Hitmontop\n|\n|upkeep\n|turn|28\n|\n|t:|1782901193\n|switch|p1a: Swalot|Swalot, L90, M|326/326\n|move|p2a: Tentacruel|Sludge Bomb|p1a: Swalot\n|-resisted|p1a: Swalot\n|-crit|p1a: Swalot\n|-damage|p1a: Swalot|269/326\n|\n|-heal|p1a: Swalot|289/326|[from] item: Leftovers\n|upkeep\n|turn|29\n|\n|t:|1782901214\n|switch|p2a: Lokix|Lokix, L82, M|251/251\n|move|p1a: Swalot|Earthquake|p2a: Lokix\n|-resisted|p2a: Lokix\n|-damage|p2a: Lokix|213/251\n|\n|-heal|p1a: Swalot|309/326|[from] item: Leftovers\n|upkeep\n|turn|30\n|\n|t:|1782901226\n|move|p2a: Lokix|Knock Off|p1a: Swalot\n|-damage|p1a: Swalot|213/326\n|-enditem|p1a: Swalot|Leftovers|[from] move: Knock Off|[of] p2a: Lokix\n|move|p1a: Swalot|Sludge Bomb|p2a: Lokix\n|-damage|p2a: Lokix|86/251\n|\n|upkeep\n|turn|31\n|\n|t:|1782901239\n|move|p2a: Lokix|U-turn|p1a: Swalot\n|-resisted|p1a: Swalot\n|-damage|p1a: Swalot|127/326\n|\n|t:|1782901247\n|switch|p2a: Sandaconda|Sandaconda, L84, F, tera:Steel|167/258|[from] U-turn\n|move|p1a: Swalot|Toxic|p2a: Sandaconda\n|-immune|p2a: Sandaconda\n|\n|upkeep\n|turn|32\n|\n|t:|1782901259\n|switch|p1a: Skarmory|Skarmory, L80, M|235/235 par\n|move|p2a: Sandaconda|Earthquake|p1a: Skarmory\n|-immune|p1a: Skarmory\n|\n|upkeep\n|turn|33\n|inactive|5th Vision has 120 seconds left.\n|\n|t:|1782901295\n|switch|p2a: Vaporeon|Vaporeon, L86, F|364/364\n|cant|p1a: Skarmory|par\n|\n|upkeep\n|turn|34\n|\n|t:|1782901302\n|switch|p1a: Swalot|Swalot, L90, M|127/326\n|move|p2a: Vaporeon|Wish|p2a: Vaporeon\n|\n|upkeep\n|turn|35\n|\n|t:|1782901309\n|switch|p2a: Lokix|Lokix, L82, M|86/251\n|move|p1a: Swalot|Toxic|p2a: Lokix\n|-status|p2a: Lokix|tox\n|\n|-heal|p2a: Lokix|251/251 tox|[from] move: Wish|[wisher] Vaporeon\n|-damage|p2a: Lokix|236/251 tox|[from] psn\n|upkeep\n|turn|36\n|\n|t:|1782901322\n|move|p1a: Swalot|Protect|p1a: Swalot\n|-singleturn|p1a: Swalot|Protect\n|move|p2a: Lokix|First Impression|p1a: Swalot\n|-activate|p1a: Swalot|move: Protect\n|\n|-damage|p2a: Lokix|206/251 tox|[from] psn\n|upkeep\n|turn|37\n|\n|t:|1782901328\n|switch|p1a: Skarmory|Skarmory, L80, M|235/235 par\n|move|p2a: Lokix|U-turn|p1a: Skarmory\n|-resisted|p1a: Skarmory\n|-damage|p1a: Skarmory|205/235 par\n|-damage|p2a: Lokix|165/251 tox|[from] item: Rocky Helmet|[of] p1a: Skarmory\n|\n|t:|1782901337\n|switch|p2a: Vaporeon|Vaporeon, L86, F|364/364|[from] U-turn\n|\n|upkeep\n|turn|38\n|\n|t:|1782901343\n|switch|p1a: Swalot|Swalot, L90, M|127/326\n|move|p2a: Vaporeon|Wish|p2a: Vaporeon\n|\n|upkeep\n|turn|39\n|\n|t:|1782901350\n|switch|p2a: Sandaconda|Sandaconda, L84, F, tera:Steel|167/258\n|move|p1a: Swalot|Sludge Bomb|p2a: Sandaconda\n|-immune|p2a: Sandaconda\n|\n|-heal|p2a: Sandaconda|258/258|[from] move: Wish|[wisher] Vaporeon\n|upkeep\n|turn|40\n|\n|t:|1782901356\n|switch|p1a: Skarmory|Skarmory, L80, M|205/235 par\n|move|p2a: Sandaconda|Stone Edge|p1a: Skarmory\n|-damage|p1a: Skarmory|147/235 par\n|\n|upkeep\n|turn|41\n|\n|t:|1782901364\n|move|p2a: Sandaconda|Stone Edge|p1a: Skarmory\n|-damage|p1a: Skarmory|94/235 par\n|move|p1a: Skarmory|Roost|p1a: Skarmory\n|-heal|p1a: Skarmory|212/235 par\n|-singleturn|p1a: Skarmory|move: Roost\n|\n|upkeep\n|turn|42\n|\n|t:|1782901376\n|switch|p1a: Hitmontop|Hitmontop, L88, M|68/231\n|-ability|p1a: Hitmontop|Intimidate|boost\n|-unboost|p2a: Sandaconda|atk|1\n|move|p2a: Sandaconda|Stone Edge|p1a: Hitmontop\n|-resisted|p1a: Hitmontop\n|-damage|p1a: Hitmontop|44/231\n|\n|upkeep\n|turn|43\n|\n|t:|1782901386\n|switch|p2a: Tentacruel|Tentacruel, L84, M|165/272\n|move|p1a: Hitmontop|Close Combat|p2a: Tentacruel\n|-resisted|p2a: Tentacruel\n|-damage|p2a: Tentacruel|76/272\n|-unboost|p1a: Hitmontop|def|1\n|-unboost|p1a: Hitmontop|spd|1\n|\n|upkeep\n|turn|44\n|\n|t:|1782901402\n|switch|p1a: Swalot|Swalot, L90, M|127/326\n|move|p2a: Tentacruel|Surf|p1a: Swalot\n|-damage|p1a: Swalot|46/326\n|\n|upkeep\n|turn|45\n|\n|t:|1782901415\n|move|p2a: Tentacruel|Surf|p1a: Swalot\n|-damage|p1a: Swalot|0 fnt\n|faint|p1a: Swalot\n|\n|upkeep\n|\n|t:|1782901417\n|switch|p1a: Gengar|Gengar, L81, M|230/230\n|turn|46\n|\n|t:|1782901438\n|switch|p2a: Lokix|Lokix, L82, M|165/251 tox\n|move|p1a: Gengar|Shadow Ball|p2a: Lokix\n|-resisted|p2a: Lokix\n|-damage|p2a: Lokix|74/251 tox\n|-damage|p1a: Gengar|207/230|[from] item: Life Orb\n|\n|-damage|p2a: Lokix|59/251 tox|[from] psn\n|upkeep\n|turn|47\n|\n|t:|1782901449\n|switch|p1a: Skarmory|Skarmory, L80, M|212/235 par\n|move|p2a: Lokix|Sucker Punch||[still]\n|-fail|p2a: Lokix\n|\n|-damage|p2a: Lokix|29/251 tox|[from] psn\n|upkeep\n|turn|48\n|\n|t:|1782901455\n|switch|p2a: Vaporeon|Vaporeon, L86, F|364/364\n|cant|p1a: Skarmory|par\n|\n|upkeep\n|turn|49\n|\n|t:|1782901459\n|move|p2a: Vaporeon|Wish|p2a: Vaporeon\n|cant|p1a: Skarmory|par\n|\n|upkeep\n|turn|50\n|\n|t:|1782901463\n|switch|p2a: Tentacruel|Tentacruel, L84, M|76/272\n|move|p1a: Skarmory|Spikes|p2a: Tentacruel\n|-sidestart|p2: 5th Vision|Spikes\n|\n|-heal|p2a: Tentacruel|258/272|[from] move: Wish|[wisher] Vaporeon\n|upkeep\n|turn|51\n|\n|t:|1782901468\n|move|p2a: Tentacruel|Rapid Spin|p1a: Skarmory\n|-resisted|p1a: Skarmory\n|-damage|p1a: Skarmory|202/235 par\n|-boost|p2a: Tentacruel|spe|1\n|-damage|p2a: Tentacruel|213/272|[from] item: Rocky Helmet|[of] p1a: Skarmory\n|-sideend|p2: 5th Vision|Spikes|[from] move: Rapid Spin|[of] p2a: Tentacruel\n|move|p1a: Skarmory|Brave Bird|p2a: Tentacruel\n|-damage|p2a: Tentacruel|75/272\n|-damage|p1a: Skarmory|156/235 par|[from] Recoil\n|\n|upkeep\n|turn|52\n|\n|t:|1782901490\n|switch|p2a: Vaporeon|Vaporeon, L86, F|364/364\n|cant|p1a: Skarmory|par\n|\n|upkeep\n|turn|53\n|\n|t:|1782901496\n|move|p2a: Vaporeon|Wish|p2a: Vaporeon\n|move|p1a: Skarmory|Spikes|p2a: Vaporeon\n|-sidestart|p2: 5th Vision|Spikes\n|\n|upkeep\n|turn|54\n|\n|t:|1782901504\n|move|p2a: Vaporeon|Scald|p1a: Skarmory\n|-damage|p1a: Skarmory|39/235 par\n|cant|p1a: Skarmory|par\n|\n|upkeep\n|turn|55\n|\n|t:|1782901517\n|switch|p1a: Hitmontop|Hitmontop, L88, M|44/231\n|-ability|p1a: Hitmontop|Intimidate|boost\n|-unboost|p2a: Vaporeon|atk|1\n|move|p2a: Vaporeon|Scald|p1a: Hitmontop\n|-damage|p1a: Hitmontop|0 fnt\n|faint|p1a: Hitmontop\n|\n|upkeep\n|\n|t:|1782901521\n|switch|p1a: Gengar|Gengar, L81, M|207/230\n|turn|56\n|\n|t:|1782901533\n|move|p2a: Vaporeon|Protect|p2a: Vaporeon\n|-singleturn|p2a: Vaporeon|Protect\n|move|p1a: Gengar|Nasty Plot|p1a: Gengar\n|-boost|p1a: Gengar|spa|2\n|\n|upkeep\n|turn|57\n|\n|t:|1782901544\n|move|p1a: Gengar|Sludge Wave|p2a: Vaporeon\n|-damage|p2a: Vaporeon|94/364\n|-damage|p1a: Gengar|184/230|[from] item: Life Orb\n|move|p2a: Vaporeon|Haze|p2a: Vaporeon\n|-clearallboost\n|\n|-heal|p2a: Vaporeon|116/364|[from] item: Leftovers\n|upkeep\n|turn|58\n|\n|t:|1782901550\n|move|p2a: Vaporeon|Protect|p2a: Vaporeon\n|-singleturn|p2a: Vaporeon|Protect\n|move|p1a: Gengar|Sludge Wave|p2a: Vaporeon\n|-activate|p2a: Vaporeon|move: Protect\n|\n|-heal|p2a: Vaporeon|138/364|[from] item: Leftovers\n|upkeep\n|turn|59\n|\n|t:|1782901564\n|switch|p2a: Sandaconda|Sandaconda, L84, F, tera:Steel|258/258\n|-damage|p2a: Sandaconda|226/258|[from] Spikes\n|move|p1a: Gengar|Nasty Plot|p1a: Gengar\n|-boost|p1a: Gengar|spa|2\n|\n|upkeep\n|turn|60\n|\n|t:|1782901585\n|switch|p1a: Skarmory|Skarmory, L80, M|39/235 par\n|move|p2a: Sandaconda|Glare|p1a: Skarmory\n|-fail|p1a: Skarmory|par\n|\n|upkeep\n|turn|61\n|\n|t:|1782901598\n|switch|p2a: Ting-Lu|Ting-Lu, L78|370/370\n|-damage|p2a: Ting-Lu|324/370|[from] Spikes\n|-ability|p2a: Ting-Lu|Vessel of Ruin\n|move|p1a: Skarmory|Roost|p1a: Skarmory\n|-heal|p1a: Skarmory|157/235 par\n|-singleturn|p1a: Skarmory|move: Roost\n|\n|-heal|p2a: Ting-Lu|347/370|[from] item: Leftovers\n|upkeep\n|turn|62\n|\n|t:|1782901610\n|move|p2a: Ting-Lu|Stealth Rock|p1a: Skarmory\n|-sidestart|p1: thanlankhungbo|move: Stealth Rock\n|move|p1a: Skarmory|Roost|p1a: Skarmory\n|-heal|p1a: Skarmory|235/235 par\n|-singleturn|p1a: Skarmory|move: Roost\n|\n|-heal|p2a: Ting-Lu|370/370|[from] item: Leftovers\n|upkeep\n|turn|63\n|\n|t:|1782901618\n|cant|p1a: Skarmory|par\n|move|p2a: Ting-Lu|Whirlwind|p1a: Skarmory\n|drag|p1a: Gengar|Gengar, L81, M|184/230\n|-damage|p1a: Gengar|156/230|[from] Stealth Rock\n|\n|upkeep\n|turn|64\n|\n|t:|1782901626\n|switch|p1a: Skarmory|Skarmory, L80, M|235/235 par\n|-damage|p1a: Skarmory|206/235 par|[from] Stealth Rock\n|move|p2a: Ting-Lu|Throat Chop|p1a: Skarmory\n|-damage|p1a: Skarmory|145/235 par\n|-start|p1a: Skarmory|Throat Chop|[silent]\n|-damage|p2a: Ting-Lu|309/370|[from] item: Rocky Helmet|[of] p1a: Skarmory\n|\n|-heal|p2a: Ting-Lu|332/370|[from] item: Leftovers\n|upkeep\n|turn|65\n|\n|t:|1782901636\n|cant|p1a: Skarmory|par\n|move|p2a: Ting-Lu|Whirlwind|p1a: Skarmory\n|drag|p1a: Gengar|Gengar, L81, M|156/230\n|-damage|p1a: Gengar|128/230|[from] Stealth Rock\n|\n|-heal|p2a: Ting-Lu|355/370|[from] item: Leftovers\n|upkeep\n|turn|66\n|\n|t:|1782901642\n|-terastallize|p1a: Gengar|Fighting\n|move|p1a: Gengar|Nasty Plot|p1a: Gengar\n|-boost|p1a: Gengar|spa|2\n|move|p2a: Ting-Lu|Throat Chop|p1a: Gengar\n|-resisted|p1a: Gengar\n|-damage|p1a: Gengar|76/230\n|-start|p1a: Gengar|Throat Chop|[silent]\n|\n|-heal|p2a: Ting-Lu|370/370|[from] item: Leftovers\n|upkeep\n|turn|67\n|\n|t:|1782901649\n|move|p1a: Gengar|Focus Blast|p2a: Ting-Lu|[miss]\n|-miss|p1a: Gengar|p2a: Ting-Lu\n|move|p2a: Ting-Lu|Whirlwind|p1a: Gengar\n|drag|p1a: Skarmory|Skarmory, L80, M|145/235 par\n|-damage|p1a: Skarmory|116/235 par|[from] Stealth Rock\n|\n|upkeep\n|turn|68\n|-message|thanlankhungbo forfeited.\n|\n|win|5th Vision\n|raw|thanlankhungbo's rating: 1621 &rarr; <strong>1605</strong><br />(-16 for losing)\n|raw|5th Vision's rating: 1683 &rarr; <strong>1699</strong><br />(+16 for winning)\n|l|\u2606thanlankhungbo\n|player|p1|\n", "inputlog": ">version f8ac14003a5f27e1bdc8d8c59608a773c1cb96e5\n>start {\"formatid\":\"gen9randombattle\",\"seed\":\"sodium,447afd00f2e5d4d7343fd224d4e03b33\",\"rated\":\"Rated battle\"}\n>player p1 {\"name\":\"thanlankhungbo\",\"avatar\":\"266\",\"rating\":1621,\"seed\":\"sodium,41f1270d0cb0105e32b440c72e7222d7\"}\n>player p2 {\"name\":\"5th Vision\",\"avatar\":\"iris\",\"rating\":1683,\"seed\":\"sodium,bcac369645741f6e5a8ef3f786139b3b\"}\n>p1 switch 4\n>p2 move stealthrock\n>p1 move spikes\n>p2 move whirlwind\n>p1 move rapidspin\n>p2 switch 5\n>p1 move stoneedge\n>p2 move rapidspin\n>p1 move stoneedge\n>p2 move sludgebomb\n>p1 switch 2\n>p2 switch 3\n>p1 move toxic\n>p2 move coil\n>p1 switch 5\n>p2 move earthquake\n>p1 move spikes\n>p2 move stoneedge\n>p1 switch 2\n>p2 move coil\n>p1 switch 2\n>p2 move glare\n>p1 move roost\n>p2 move coil\n>p1 switch 3\n>p2 move stoneedge\n>p1 move hydropump\n>p2 move glare terastallize\n>p1 switch 6\n>p2 move earthquake\n>p1 move trick\n>p2 move earthquake\n>p1 switch 3\n>p1 move roost\n>p2 switch 6\n>p1 switch 5\n>p2 move rapidspin\n>p1 move earthquake\n>p2 move spikes\n>p1 switch 6\n>p2 move spikes\n>p1 move hydropump\n>p2 move rapidspin\n>p1 move hydropump\n>p2 move bodypress\n>p2 switch 2\n>p1 move energyball\n>p2 move wish\n>p1 move energyball\n>p2 switch 3\n>p1 move tailglow\n>p2 move knockoff\n>p1 move energyball\n>p2 move sludgebomb\n>p1 switch 2\n>p1 move rapidspin\n>p2 move sludgebomb\n>p1 switch 6\n>p2 move sludgebomb\n>p1 move earthquake\n>p2 switch 4\n>p1 move sludgebomb\n>p2 move knockoff\n>p1 move toxic\n>p2 move uturn\n>p2 switch 6\n>p1 switch 5\n>p2 move earthquake\n>p1 move bravebird\n>p2 switch 3\n>p1 switch 5\n>p2 move wish\n>p1 move toxic\n>p2 switch 6\n>p1 move protect\n>p2 move firstimpression\n>p1 switch 5\n>p2 move uturn\n>p2 switch 6\n>p1 switch 5\n>p2 move wish\n>p1 move sludgebomb\n>p2 switch 3\n>p1 switch 5\n>p2 move stoneedge\n>p1 move roost\n>p2 move stoneedge\n>p1 switch 6\n>p2 move stoneedge\n>p1 move closecombat\n>p2 switch 4\n>p1 switch 5\n>p2 move surf\n>p1 move earthquake\n>p2 move surf\n>p1 switch 4\n>p1 move shadowball\n>p2 switch 6\n>p1 switch 6\n>p2 move suckerpunch\n>p1 move spikes\n>p2 switch 3\n>p1 move spikes\n>p2 move wish\n>p1 move spikes\n>p2 switch 6\n>p1 move bravebird\n>p2 move rapidspin\n>p1 move roost\n>p2 switch 6\n>p1 move spikes\n>p2 move wish\n>p1 move bravebird\n>p2 move scald\n>p1 switch 5\n>p2 move scald\n>p1 switch 6\n>p1 move nastyplot\n>p2 move protect\n>p1 move sludgewave\n>p2 move haze\n>p1 move sludgewave\n>p2 move protect\n>p1 move nastyplot\n>p2 switch 4\n>p1 switch 5\n>p2 move glare\n>p1 move roost\n>p2 switch 5\n>p1 move roost\n>p2 move stealthrock\n>p1 move spikes\n>p2 move whirlwind\n>p1 switch 5\n>p2 move throatchop\n>p1 move roost\n>p2 move whirlwind\n>p1 move nastyplot terastallize\n>p2 move throatchop\n>p1 move focusblast\n>p2 move whirlwind\n>forcelose p1", "uploadtime": 1782901658, "views": 2, "formatid": "gen9randombattle", "rating": 1605, "private": 0, "password": null, "player_dets": [{"name": "thanlankhungbo", "avatar": "266", "rating": 1621, "seed": "sodium,41f1270d0cb0105e32b440c72e7222d7"}, {"name": "5th Vision", "avatar": "iris", "rating": 1683, "seed": "sodium,bcac369645741f6e5a8ef3f786139b3b"}], "teams_full": [{"Gengar": {"name": "Gengar", "species": "Gengar", "speciesId": "gengar", "gender": "M", "shiny": false, "level": 81, "moves": ["shadowball", "sludgewave", "nastyplot", "focusblast"], "ability": "Cursed Body", "evs": {"hp": 85, "atk": 0, "def": 85, "spa": 85, "spd": 85, "spe": 85}, "ivs": {"hp": 31, "atk": 0, "def": 31, "spa": 31, "spd": 31, "spe": 31}, "item": "Life Orb", "teraType": "Fighting", "role": "Wallbreaker", "bvs": {"hp": 60, "atk": 65, "def": 60, "spa": 130, "spd": 75, "spe": 110}, "stats": {"hp": 230, "atk": 110, "def": 144, "spa": 257, "spd": 168, "spe": 225}, "types": ["Ghost", "Poison"]}, "Swalot": {"name": "Swalot", "species": "Swalot", "speciesId": "swalot", "gender": "M", "shiny": false, "level": 90, "moves": ["earthquake", "sludgebomb", "toxic", "protect"], "ability": "Liquid Ooze", "evs": {"hp": 85, "atk": 85, "def": 85, "spa": 85, "spd": 85, "spe": 85}, "ivs": {"hp": 31, "atk": 31, "def": 31, "spa": 31, "spd": 31, "spe": 31}, "item": "Leftovers", "teraType": "Ground", "role": "Bulky Support", "bvs": {"hp": 100, "atk": 73, "def": 83, "spa": 73, "spd": 83, "spe": 55}, "stats": {"hp": 326, "atk": 183, "def": 201, "spa": 183, "spd": 201, "spe": 150}, "types": ["Poison"]}, "Manaphy": {"name": "Manaphy", "species": "Manaphy", "speciesId": "manaphy", "gender": "N", "shiny": false, "level": 78, "moves": ["tailglow", "icebeam", "energyball", "hydropump"], "ability": "Hydration", "evs": {"hp": 85, "atk": 0, "def": 85, "spa": 85, "spd": 85, "spe": 85}, "ivs": {"hp": 31, "atk": 0, "def": 31, "spa": 31, "spd": 31, "spe": 31}, "item": "Leftovers", "teraType": "Grass", "role": "Bulky Setup", "bvs": {"hp": 100, "atk": 100, "def": 100, "spa": 100, "spd": 100, "spe": 100}, "stats": {"hp": 284, "atk": 161, "def": 201, "spa": 201, "spd": 201, "spe": 201}, "types": ["Water"]}, "Skarmory": {"name": "Skarmory", "species": "Skarmory", "speciesId": "skarmory", "gender": "M", "shiny": false, "level": 80, "moves": ["roost", "bravebird", "bodypress", "spikes"], "ability": "Sturdy", "evs": {"hp": 85, "atk": 85, "def": 85, "spa": 85, "spd": 85, "spe": 85}, "ivs": {"hp": 31, "atk": 31, "def": 31, "spa": 31, "spd": 31, "spe": 31}, "item": "Rocky Helmet", "teraType": "Fighting", "role": "Bulky Attacker", "bvs": {"hp": 65, "atk": 80, "def": 140, "spa": 40, "spd": 70, "spe": 70}, "stats": {"hp": 235, "atk": 174, "def": 270, "spa": 110, "spd": 158, "spe": 158}, "types": ["Steel", "Flying"]}, "Hitmontop": {"name": "Hitmontop", "species": "Hitmontop", "speciesId": "hitmontop", "gender": "M", "shiny": false, "level": 88, "moves": ["stoneedge", "closecombat", "rapidspin", "suckerpunch"], "ability": "Intimidate", "evs": {"hp": 85, "atk": 85, "def": 85, "spa": 85, "spd": 85, "spe": 85}, "ivs": {"hp": 31, "atk": 31, "def": 31, "spa": 31, "spd": 31, "spe": 31}, "item": "Assault Vest", "teraType": "Steel", "role": "Bulky Support", "bvs": {"hp": 50, "atk": 95, "def": 95, "spa": 35, "spd": 110, "spe": 70}, "stats": {"hp": 231, "atk": 217, "def": 217, "spa": 112, "spd": 244, "spe": 173}, "types": ["Fighting"]}, "Gothitelle": {"name": "Gothitelle", "species": "Gothitelle", "speciesId": "gothitelle", "gender": "M", "shiny": false, "level": 90, "moves": ["darkpulse", "trick", "focusblast", "psychic"], "ability": "Shadow Tag", "evs": {"hp": 85, "atk": 0, "def": 85, "spa": 85, "spd": 85, "spe": 85}, "ivs": {"hp": 31, "atk": 0, "def": 31, "spa": 31, "spd": 31, "spe": 31}, "item": "Choice Scarf", "teraType": "Psychic", "role": "Fast Attacker", "bvs": {"hp": 70, "atk": 55, "def": 95, "spa": 95, "spd": 110, "spe": 65}, "stats": {"hp": 272, "atk": 104, "def": 222, "spa": 222, "spd": 249, "spe": 168}, "types": ["Psychic"]}}, {"Ting-Lu": {"name": "Ting-Lu", "species": "Ting-Lu", "speciesId": "tinglu", "gender": "N", "shiny": false, "level": 78, "moves": ["whirlwind", "throatchop", "earthquake", "stealthrock"], "ability": "Vessel of Ruin", "evs": {"hp": 85, "atk": 85, "def": 85, "spa": 85, "spd": 85, "spe": 85}, "ivs": {"hp": 31, "atk": 31, "def": 31, "spa": 31, "spd": 31, "spe": 31}, "item": "Leftovers", "teraType": "Poison", "role": "Bulky Support", "bvs": {"hp": 155, "atk": 110, "def": 125, "spa": 55, "spd": 80, "spe": 45}, "stats": {"hp": 370, "atk": 217, "def": 240, "spa": 131, "spd": 170, "spe": 115}, "types": ["Dark", "Ground"]}, "Vaporeon": {"name": "Vaporeon", "species": "Vaporeon", "speciesId": "vaporeon", "gender": "F", "shiny": false, "level": 86, "moves": ["haze", "wish", "scald", "protect"], "ability": "Water Absorb", "evs": {"hp": 85, "atk": 0, "def": 85, "spa": 85, "spd": 85, "spe": 85}, "ivs": {"hp": 31, "atk": 0, "def": 31, "spa": 31, "spd": 31, "spe": 31}, "item": "Leftovers", "teraType": "Poison", "role": "Bulky Attacker", "bvs": {"hp": 130, "atk": 65, "def": 60, "spa": 110, "spd": 95, "spe": 65}, "stats": {"hp": 364, "atk": 116, "def": 152, "spa": 238, "spd": 213, "spe": 161}, "types": ["Water"]}, "Sandaconda": {"name": "Sandaconda", "species": "Sandaconda", "speciesId": "sandaconda", "gender": "F", "shiny": false, "level": 84, "moves": ["earthquake", "stoneedge", "glare", "coil"], "ability": "Shed Skin", "evs": {"hp": 85, "atk": 85, "def": 85, "spa": 85, "spd": 85, "spe": 85}, "ivs": {"hp": 31, "atk": 31, "def": 31, "spa": 31, "spd": 31, "spe": 31}, "item": "Leftovers", "teraType": "Steel", "role": "Bulky Setup", "bvs": {"hp": 72, "atk": 107, "def": 125, "spa": 65, "spd": 70, "spe": 71}, "stats": {"hp": 258, "atk": 228, "def": 258, "spa": 157, "spd": 166, "spe": 167}, "types": ["Ground"]}, "Lokix": {"name": "Lokix", "species": "Lokix", "speciesId": "lokix", "gender": "M", "shiny": false, "level": 82, "moves": ["firstimpression", "suckerpunch", "knockoff", "uturn"], "ability": "Tinted Lens", "evs": {"hp": 85, "atk": 85, "def": 85, "spa": 85, "spd": 85, "spe": 85}, "ivs": {"hp": 31, "atk": 31, "def": 31, "spa": 31, "spd": 31, "spe": 31}, "item": "Silver Powder", "teraType": "Bug", "role": "Fast Attacker", "bvs": {"hp": 71, "atk": 102, "def": 78, "spa": 52, "spd": 55, "spe": 92}, "stats": {"hp": 251, "atk": 214, "def": 175, "spa": 132, "spd": 137, "spe": 198}, "types": ["Bug", "Dark"]}, "Tentacruel": {"name": "Tentacruel", "species": "Tentacruel", "speciesId": "tentacruel", "gender": "M", "shiny": false, "level": 84, "moves": ["knockoff", "surf", "sludgebomb", "rapidspin"], "ability": "Liquid Ooze", "evs": {"hp": 85, "atk": 85, "def": 85, "spa": 85, "spd": 85, "spe": 85}, "ivs": {"hp": 31, "atk": 31, "def": 31, "spa": 31, "spd": 31, "spe": 31}, "item": "Assault Vest", "teraType": "Flying", "role": "Bulky Support", "bvs": {"hp": 80, "atk": 70, "def": 65, "spa": 80, "spd": 120, "spe": 100}, "stats": {"hp": 272, "atk": 166, "def": 157, "spa": 183, "spd": 250, "spe": 216}, "types": ["Water", "Poison"]}, "Forretress": {"name": "Forretress", "species": "Forretress", "speciesId": "forretress", "gender": "F", "shiny": false, "level": 84, "moves": ["rapidspin", "ironhead", "bodypress", "spikes"], "ability": "Sturdy", "evs": {"hp": 85, "atk": 85, "def": 85, "spa": 85, "spd": 85, "spe": 85}, "ivs": {"hp": 31, "atk": 31, "def": 31, "spa": 31, "spd": 31, "spe": 31}, "item": "Leftovers", "teraType": "Fighting", "role": "Bulky Attacker", "bvs": {"hp": 75, "atk": 90, "def": 140, "spa": 60, "spd": 60, "spe": 40}, "stats": {"hp": 263, "atk": 199, "def": 283, "spa": 149, "spd": 149, "spe": 115}, "types": ["Bug", "Steel"]}}]}