{"id": "gen9randombattle-2641971476", "format": "[Gen 9] Random Battle", "players": ["MORCATE", "kingsoreloser"], "log": "|j|\u2606MORCATE\n|j|\u2606kingsoreloser\n|t:|1782866780\n|gametype|singles\n|player|p1|MORCATE|2|1066\n|player|p2|kingsoreloser|2|1056\n|gen|9\n|tier|[Gen 9] Random Battle\n|rated|\n|rule|Species Clause: Limit one of each Pok\u00e9mon\n|rule|HP Percentage Mod: HP is shown in percentages\n|rule|Sleep Clause Mod: Limit one foe put to sleep\n|rule|Illusion Level Mod: Illusion disguises the Pok\u00e9mon's true level\n|\n|t:|1782866780\n|teamsize|p1|6\n|teamsize|p2|6\n|start\n|switch|p1a: Krookodile|Krookodile, L79, M|280/280\n|switch|p2a: Articuno|Articuno, L86|295/295\n|-ability|p2a: Articuno|Pressure\n|-ability|p1a: Krookodile|Intimidate|boost\n|-unboost|p2a: Articuno|atk|1\n|turn|1\n|\n|t:|1782866809\n|move|p2a: Articuno|Freeze-Dry|p1a: Krookodile\n|-supereffective|p1a: Krookodile\n|-damage|p1a: Krookodile|76/280\n|move|p1a: Krookodile|Stealth Rock|p2a: Articuno\n|-sidestart|p2: kingsoreloser|move: Stealth Rock\n|\n|upkeep\n|turn|2\n|\n|t:|1782866821\n|switch|p1a: Scizor|Scizor, L79, F|240/240\n|move|p2a: Articuno|Freeze-Dry|p1a: Scizor\n|-resisted|p1a: Scizor\n|-damage|p1a: Scizor|195/240\n|\n|-heal|p1a: Scizor|210/240|[from] item: Leftovers\n|upkeep\n|turn|3\n|\n|t:|1782866835\n|move|p1a: Scizor|Bullet Punch|p2a: Articuno\n|-supereffective|p2a: Articuno\n|-damage|p2a: Articuno|173/295\n|move|p2a: Articuno|Brave Bird|p1a: Scizor\n|-damage|p1a: Scizor|125/240\n|-damage|p2a: Articuno|145/295|[from] Recoil\n|\n|-heal|p1a: Scizor|140/240|[from] item: Leftovers\n|upkeep\n|turn|4\n|\n|t:|1782866874\n|switch|p2a: Politoed|Politoed, L88, M|302/302\n|-damage|p2a: Politoed|265/302|[from] Stealth Rock\n|-weather|RainDance|[from] ability: Drizzle|[of] p2a: Politoed\n|move|p1a: Scizor|Bullet Punch|p2a: Politoed\n|-resisted|p2a: Politoed\n|-damage|p2a: Politoed|228/302\n|\n|-weather|RainDance|[upkeep]\n|-heal|p2a: Politoed|246/302|[from] item: Leftovers\n|-heal|p1a: Scizor|155/240|[from] item: Leftovers\n|upkeep\n|turn|5\n|\n|t:|1782866917\n|switch|p1a: Scream Tail|Scream Tail, L84|330/330\n|move|p2a: Politoed|Surf|p1a: Scream Tail\n|-damage|p1a: Scream Tail|212/330\n|\n|-weather|RainDance|[upkeep]\n|-heal|p1a: Scream Tail|232/330|[from] item: Leftovers\n|-heal|p2a: Politoed|264/302|[from] item: Leftovers\n|upkeep\n|turn|6\n|\n|t:|1782866936\n|move|p1a: Scream Tail|Protect|p1a: Scream Tail\n|-singleturn|p1a: Scream Tail|Protect\n|move|p2a: Politoed|Hypnosis|p1a: Scream Tail\n|-activate|p1a: Scream Tail|move: Protect\n|\n|-weather|RainDance|[upkeep]\n|-heal|p1a: Scream Tail|252/330|[from] item: Leftovers\n|-heal|p2a: Politoed|282/302|[from] item: Leftovers\n|upkeep\n|turn|7\n|\n|t:|1782866948\n|move|p1a: Scream Tail|Wish|p1a: Scream Tail\n|move|p2a: Politoed|Hypnosis|p1a: Scream Tail\n|-status|p1a: Scream Tail|slp|[from] move: Hypnosis\n|\n|-weather|RainDance|[upkeep]\n|-heal|p1a: Scream Tail|272/330 slp|[from] item: Leftovers\n|-heal|p2a: Politoed|300/302|[from] item: Leftovers\n|upkeep\n|turn|8\n|\n|t:|1782866973\n|switch|p2a: Mew|Mew, L82|298/298\n|-damage|p2a: Mew|261/298|[from] Stealth Rock\n|cant|p1a: Scream Tail|slp\n|\n|-weather|none\n|-heal|p1a: Scream Tail|330/330 slp|[from] move: Wish|[wisher] Scream Tail\n|-heal|p2a: Mew|279/298|[from] item: Leftovers\n|upkeep\n|turn|9\n|\n|t:|1782866996\n|-end|p1a: Scream Tail|Protosynthesis|[silent]\n|switch|p1a: Umbreon|Umbreon, L84, M|297/297\n|move|p2a: Mew|Toxic Spikes|p1a: Umbreon\n|-sidestart|p1: MORCATE|move: Toxic Spikes\n|\n|-heal|p2a: Mew|297/298|[from] item: Leftovers\n|upkeep\n|turn|10\n|\n|t:|1782867014\n|move|p2a: Mew|Stealth Rock|p1a: Umbreon\n|-sidestart|p1: MORCATE|move: Stealth Rock\n|move|p1a: Umbreon|Foul Play|p2a: Mew\n|-supereffective|p2a: Mew\n|-damage|p2a: Mew|157/298\n|\n|-heal|p2a: Mew|175/298|[from] item: Leftovers\n|upkeep\n|turn|11\n|\n|t:|1782867029\n|switch|p2a: Politoed|Politoed, L88, M|300/302\n|-damage|p2a: Politoed|263/302|[from] Stealth Rock\n|-weather|RainDance|[from] ability: Drizzle|[of] p2a: Politoed\n|move|p1a: Umbreon|Foul Play|p2a: Politoed\n|-damage|p2a: Politoed|194/302\n|\n|-weather|RainDance|[upkeep]\n|-heal|p2a: Politoed|212/302|[from] item: Leftovers\n|upkeep\n|turn|12\n|\n|t:|1782867042\n|move|p2a: Politoed|Surf|p1a: Umbreon\n|-damage|p1a: Umbreon|183/297\n|move|p1a: Umbreon|Toxic|p2a: Politoed\n|-status|p2a: Politoed|tox\n|\n|-weather|RainDance|[upkeep]\n|-heal|p2a: Politoed|230/302 tox|[from] item: Leftovers\n|-heal|p1a: Umbreon|201/297|[from] item: Leftovers\n|-damage|p2a: Politoed|212/302 tox|[from] psn\n|upkeep\n|turn|13\n|\n|t:|1782867063\n|-terastallize|p1a: Umbreon|Poison\n|move|p2a: Politoed|Encore|p1a: Umbreon\n|-start|p1a: Umbreon|Encore\n|move|p1a: Umbreon|Toxic|p2a: Politoed\n|-fail|p2a: Politoed|tox\n|\n|-weather|RainDance|[upkeep]\n|-heal|p2a: Politoed|230/302 tox|[from] item: Leftovers\n|-heal|p1a: Umbreon|219/297|[from] item: Leftovers\n|-damage|p2a: Politoed|194/302 tox|[from] psn\n|upkeep\n|turn|14\n|\n|t:|1782867079\n|switch|p2a: Mew|Mew, L82|175/298\n|-damage|p2a: Mew|138/298|[from] Stealth Rock\n|switch|p1a: Greedent|Greedent, L86, M|347/347\n|-status|p1a: Greedent|psn\n|-damage|p1a: Greedent|304/347 psn|[from] Stealth Rock\n|\n|-weather|RainDance|[upkeep]\n|-heal|p2a: Mew|156/298|[from] item: Leftovers\n|-damage|p1a: Greedent|261/347 psn|[from] psn\n|upkeep\n|turn|15\n|\n|t:|1782867101\n|move|p2a: Mew|Psychic|p1a: Greedent\n|-damage|p1a: Greedent|156/347 psn\n|-enditem|p1a: Greedent|Sitrus Berry|[eat]\n|-heal|p1a: Greedent|242/347 psn|[from] item: Sitrus Berry\n|-heal|p1a: Greedent|347/347 psn|[from] ability: Cheek Pouch\n|move|p1a: Greedent|Knock Off|p2a: Mew\n|-supereffective|p2a: Mew\n|-damage|p2a: Mew|18/298\n|-enditem|p2a: Mew|Leftovers|[from] move: Knock Off|[of] p1a: Greedent\n|\n|-weather|none\n|-damage|p1a: Greedent|304/347 psn|[from] psn\n|upkeep\n|turn|16\n|\n|t:|1782867128\n|move|p2a: Mew|Toxic Spikes|p1a: Greedent\n|-sidestart|p1: MORCATE|move: Toxic Spikes\n|move|p1a: Greedent|Knock Off|p2a: Mew\n|-supereffective|p2a: Mew\n|-damage|p2a: Mew|0 fnt\n|faint|p2a: Mew\n|\n|-damage|p1a: Greedent|261/347 psn|[from] psn\n|upkeep\n|\n|t:|1782867143\n|switch|p2a: Articuno|Articuno, L86|145/295\n|-ability|p2a: Articuno|Pressure\n|turn|17\n|\n|t:|1782867155\n|move|p2a: Articuno|Roost|p2a: Articuno\n|-heal|p2a: Articuno|293/295\n|-singleturn|p2a: Articuno|move: Roost\n|move|p1a: Greedent|Double-Edge|p2a: Articuno\n|-damage|p2a: Articuno|181/295\n|-damage|p1a: Greedent|224/347 psn|[from] Recoil\n|\n|-damage|p1a: Greedent|181/347 psn|[from] psn\n|upkeep\n|turn|18\n|\n|t:|1782867168\n|move|p2a: Articuno|Roost|p2a: Articuno\n|-heal|p2a: Articuno|295/295\n|-singleturn|p2a: Articuno|move: Roost\n|move|p1a: Greedent|Double-Edge|p2a: Articuno\n|-damage|p2a: Articuno|171/295\n|-damage|p1a: Greedent|140/347 psn|[from] Recoil\n|\n|-damage|p1a: Greedent|97/347 psn|[from] psn\n|upkeep\n|turn|19\n|\n|t:|1782867178\n|move|p2a: Articuno|Roost|p2a: Articuno\n|-heal|p2a: Articuno|295/295\n|-singleturn|p2a: Articuno|move: Roost\n|move|p1a: Greedent|Double-Edge|p2a: Articuno\n|-damage|p2a: Articuno|169/295\n|-damage|p1a: Greedent|55/347 psn|[from] Recoil\n|\n|-damage|p1a: Greedent|12/347 psn|[from] psn\n|upkeep\n|turn|20\n|\n|t:|1782867189\n|move|p2a: Articuno|Roost|p2a: Articuno\n|-heal|p2a: Articuno|295/295\n|-singleturn|p2a: Articuno|move: Roost\n|move|p1a: Greedent|Double-Edge|p2a: Articuno\n|-damage|p2a: Articuno|168/295\n|-damage|p1a: Greedent|0 fnt|[from] Recoil\n|faint|p1a: Greedent\n|\n|upkeep\n|\n|t:|1782867199\n|switch|p1a: Scizor|Scizor, L79, F|155/240\n|-damage|p1a: Scizor|125/240|[from] Stealth Rock\n|turn|21\n|\n|t:|1782867213\n|switch|p2a: Politoed|Politoed, L88, M|194/302 tox\n|-damage|p2a: Politoed|157/302 tox|[from] Stealth Rock\n|-weather|RainDance|[from] ability: Drizzle|[of] p2a: Politoed\n|move|p1a: Scizor|Bullet Punch|p2a: Politoed\n|-resisted|p2a: Politoed\n|-damage|p2a: Politoed|120/302 tox\n|\n|-weather|RainDance|[upkeep]\n|-heal|p2a: Politoed|138/302 tox|[from] item: Leftovers\n|-heal|p1a: Scizor|140/240|[from] item: Leftovers\n|-damage|p2a: Politoed|120/302 tox|[from] psn\n|upkeep\n|turn|22\n|\n|t:|1782867237\n|switch|p1a: Krookodile|Krookodile, L79, M|76/280\n|-status|p1a: Krookodile|tox\n|-damage|p1a: Krookodile|59/280 tox|[from] Stealth Rock\n|-ability|p1a: Krookodile|Intimidate|boost\n|-unboost|p2a: Politoed|atk|1\n|move|p2a: Politoed|Surf|p1a: Krookodile\n|-supereffective|p1a: Krookodile\n|-damage|p1a: Krookodile|0 fnt\n|faint|p1a: Krookodile\n|\n|-weather|RainDance|[upkeep]\n|-heal|p2a: Politoed|138/302 tox|[from] item: Leftovers\n|-damage|p2a: Politoed|102/302 tox|[from] psn\n|upkeep\n|\n|t:|1782867255\n|switch|p1a: Scizor|Scizor, L79, F|140/240\n|-damage|p1a: Scizor|110/240|[from] Stealth Rock\n|turn|23\n|\n|t:|1782867288\n|move|p1a: Scizor|Bullet Punch|p2a: Politoed\n|-resisted|p2a: Politoed\n|-damage|p2a: Politoed|62/302 tox\n|move|p2a: Politoed|Surf|p1a: Scizor\n|-damage|p1a: Scizor|0 fnt\n|faint|p1a: Scizor\n|\n|-weather|RainDance|[upkeep]\n|-heal|p2a: Politoed|80/302 tox|[from] item: Leftovers\n|-damage|p2a: Politoed|26/302 tox|[from] psn\n|upkeep\n|\n|t:|1782867302\n|switch|p1a: Scream Tail|Scream Tail, L84|330/330 slp\n|-damage|p1a: Scream Tail|289/330 slp|[from] Stealth Rock\n|turn|24\n|\n|t:|1782867312\n|cant|p1a: Scream Tail|slp\n|move|p2a: Politoed|Surf|p1a: Scream Tail\n|-damage|p1a: Scream Tail|165/330 slp\n|\n|-weather|RainDance|[upkeep]\n|-heal|p1a: Scream Tail|185/330 slp|[from] item: Leftovers\n|-heal|p2a: Politoed|44/302 tox|[from] item: Leftovers\n|-damage|p2a: Politoed|0 fnt|[from] psn\n|faint|p2a: Politoed\n|upkeep\n|\n|t:|1782867338\n|switch|p2a: Ariados|Ariados, L95, F|287/287\n|turn|25\n|\n|t:|1782867347\n|-curestatus|p1a: Scream Tail|slp|[msg]\n|move|p1a: Scream Tail|Thunder Wave|p2a: Ariados\n|-status|p2a: Ariados|par\n|cant|p2a: Ariados|par\n|\n|-weather|none\n|-heal|p1a: Scream Tail|205/330|[from] item: Leftovers\n|upkeep\n|turn|26\n|inactive|Battle timer is ON: inactive players will automatically lose when time's up. (requested by kingsoreloser)\n|\n|t:|1782867383\n|move|p1a: Scream Tail|Dazzling Gleam|p2a: Ariados\n|-resisted|p2a: Ariados\n|-damage|p2a: Ariados|252/287 par\n|move|p2a: Ariados|Knock Off|p1a: Scream Tail\n|-damage|p1a: Scream Tail|135/330\n|-enditem|p1a: Scream Tail|Leftovers|[from] move: Knock Off|[of] p2a: Ariados\n|\n|upkeep\n|turn|27\n|\n|t:|1782867395\n|move|p1a: Scream Tail|Wish|p1a: Scream Tail\n|move|p2a: Ariados|Sticky Web|p1a: Scream Tail\n|-sidestart|p1: MORCATE|move: Sticky Web\n|\n|upkeep\n|turn|28\n|\n|t:|1782867409\n|-end|p1a: Scream Tail|Protosynthesis|[silent]\n|switch|p1a: Umbreon|Umbreon, L84, M, tera:Poison|219/297\n|-sideend|p1: MORCATE|move: Toxic Spikes|[of] p1a: Umbreon\n|-damage|p1a: Umbreon|182/297|[from] Stealth Rock\n|-activate|p1a: Umbreon|move: Sticky Web\n|-unboost|p1a: Umbreon|spe|1\n|move|p2a: Ariados|Megahorn|p1a: Umbreon\n|-resisted|p1a: Umbreon\n|-damage|p1a: Umbreon|114/297\n|\n|-heal|p1a: Umbreon|279/297|[from] move: Wish|[wisher] Scream Tail\n|-heal|p1a: Umbreon|297/297|[from] item: Leftovers\n|upkeep\n|turn|29\n|\n|t:|1782867433\n|move|p1a: Umbreon|Foul Play|p2a: Ariados\n|-crit|p2a: Ariados\n|-damage|p2a: Ariados|81/287 par\n|move|p2a: Ariados|Knock Off|p1a: Umbreon\n|-damage|p1a: Umbreon|232/297\n|-enditem|p1a: Umbreon|Leftovers|[from] move: Knock Off|[of] p2a: Ariados\n|\n|upkeep\n|turn|30\n|\n|t:|1782867443\n|move|p1a: Umbreon|Foul Play|p2a: Ariados\n|-damage|p2a: Ariados|0 fnt\n|faint|p2a: Ariados\n|\n|upkeep\n|inactive|kingsoreloser has 120 seconds left.\n|inactive|kingsoreloser has 90 seconds left.\n|\n|t:|1782867501\n|switch|p2a: Typhlosion|Typhlosion, L84, F|267/267\n|-damage|p2a: Typhlosion|201/267|[from] Stealth Rock\n|turn|31\n|\n|t:|1782867513\n|move|p2a: Typhlosion|Scorching Sands|p1a: Umbreon\n|-supereffective|p1a: Umbreon\n|-damage|p1a: Umbreon|106/297\n|move|p1a: Umbreon|Toxic|p2a: Typhlosion\n|-status|p2a: Typhlosion|tox\n|\n|-damage|p2a: Typhlosion|185/267 tox|[from] psn\n|upkeep\n|turn|32\n|\n|t:|1782867523\n|move|p2a: Typhlosion|Scorching Sands|p1a: Umbreon\n|-supereffective|p1a: Umbreon\n|-damage|p1a: Umbreon|0 fnt\n|faint|p1a: Umbreon\n|\n|-damage|p2a: Typhlosion|153/267 tox|[from] psn\n|upkeep\n|\n|t:|1782867530\n|switch|p1a: Polteageist|Polteageist, L78|222/222\n|-damage|p1a: Polteageist|195/222|[from] Stealth Rock\n|-activate|p1a: Polteageist|move: Sticky Web\n|-unboost|p1a: Polteageist|spe|1\n|-enditem|p1a: Polteageist|White Herb\n|-clearnegativeboost|p1a: Polteageist|[silent]\n|turn|33\n|inactive|kingsoreloser has 90 seconds left.\n|\n|t:|1782867545\n|move|p2a: Typhlosion|Scorching Sands|p1a: Polteageist\n|-damage|p1a: Polteageist|118/222\n|-start|p2a: Typhlosion|Disable|Scorching Sands|[from] ability: Cursed Body|[of] p1a: Polteageist\n|move|p1a: Polteageist|Shadow Ball|p2a: Typhlosion\n|-damage|p2a: Typhlosion|50/267 tox\n|\n|-damage|p2a: Typhlosion|2/267 tox|[from] psn\n|upkeep\n|turn|34\n|inactive|kingsoreloser has 90 seconds left.\n|\n|t:|1782867563\n|-activate|p2a: Typhlosion|move: Struggle\n|move|p2a: Typhlosion|Struggle|p1a: Polteageist\n|-damage|p1a: Polteageist|81/222\n|-damage|p2a: Typhlosion|0 fnt|[from] recoil\n|faint|p2a: Typhlosion\n|move|p1a: Polteageist|Shadow Ball|p2: Typhlosion|[notarget]\n|-fail|p1a: Polteageist\n|\n|upkeep\n|inactive|kingsoreloser has 90 seconds left.\n|inactive|kingsoreloser has 60 seconds left.\n|\n|t:|1782867612\n|switch|p2a: Magearna|Magearna-Original, L77|250/250\n|-damage|p2a: Magearna|235/250|[from] Stealth Rock\n|turn|35\n|\n|t:|1782867633\n|-terastallize|p2a: Magearna|Ground\n|move|p1a: Polteageist|Shadow Ball|p2a: Magearna\n|-damage|p2a: Magearna|153/250\n|move|p2a: Magearna|Shift Gear|p2a: Magearna\n|-boost|p2a: Magearna|spe|2\n|-boost|p2a: Magearna|atk|1\n|\n|upkeep\n|turn|36\n|\n|t:|1782867661\n|move|p2a: Magearna|Iron Head|p1a: Polteageist\n|-damage|p1a: Polteageist|0 fnt\n|-start|p2a: Magearna|Disable|Iron Head|[from] ability: Cursed Body|[of] p1a: Polteageist\n|faint|p1a: Polteageist\n|-ability|p2a: Magearna|Soul-Heart|boost\n|-boost|p2a: Magearna|spa|1\n|\n|upkeep\n|inactive|MORCATE has 120 seconds left.\n|\n|t:|1782867686\n|switch|p1a: Scream Tail|Scream Tail, L84|135/330\n|-damage|p1a: Scream Tail|94/330|[from] Stealth Rock\n|-activate|p1a: Scream Tail|move: Sticky Web\n|-unboost|p1a: Scream Tail|spe|1\n|turn|37\n|\n|t:|1782867699\n|move|p2a: Magearna|Tera Blast|p1a: Scream Tail|[anim] Tera Blast Ground\n|-damage|p1a: Scream Tail|0 fnt\n|faint|p1a: Scream Tail\n|-end|p1a: Scream Tail|Protosynthesis|[silent]\n|\n|win|kingsoreloser\n|raw|MORCATE's rating: 1066 &rarr; <strong>1046</strong><br />(-20 for losing)\n|raw|kingsoreloser's rating: 1056 &rarr; <strong>1089</strong><br />(+33 for winning)\n|l|\u2606MORCATE\n|player|p1|\n", "inputlog": ">version f8ac14003a5f27e1bdc8d8c59608a773c1cb96e5\n>start {\"formatid\":\"gen9randombattle\",\"seed\":\"sodium,65d0246f2cb7e239fa2df7387ac62b17\",\"rated\":\"Rated battle\"}\n>player p1 {\"name\":\"MORCATE\",\"avatar\":\"2\",\"rating\":1066,\"seed\":\"sodium,870869b7969ba88b543af8c30288b55a\"}\n>player p2 {\"name\":\"kingsoreloser\",\"avatar\":\"2\",\"rating\":1056,\"seed\":\"sodium,0c1e61dd485f778d85ef597fabeca666\"}\n>p1 move stealthrock\n>p2 move freezedry\n>p1 switch 5\n>p2 move freezedry\n>p1 move bulletpunch\n>p2 move bravebird\n>p1 move bulletpunch\n>p2 switch 5\n>p1 switch 2\n>p2 move surf\n>p1 move protect\n>p2 move hypnosis\n>p1 move wish\n>p2 move hypnosis\n>p1 move thunderwave\n>p2 switch 6\n>p1 switch 3\n>p2 move toxicspikes\n>p1 move foulplay\n>p2 move stealthrock\n>p1 move foulplay\n>p2 switch 6\n>p1 move toxic\n>p2 move surf\n>p1 move wish terastallize\n>p2 move encore\n>p1 switch 4\n>p2 switch 6\n>p1 move knockoff\n>p2 move psychic\n>p1 move knockoff\n>p2 move toxicspikes\n>p2 switch 5\n>p1 move doubleedge\n>p2 move roost\n>p1 move doubleedge\n>p2 move roost\n>p1 move doubleedge\n>p2 move roost\n>p1 move doubleedge\n>p2 move roost\n>p1 switch 2\n>p1 move bulletpunch\n>p2 switch 6\n>p1 switch 5\n>p2 move surf\n>p1 switch 5\n>p1 move bulletpunch\n>p2 move surf\n>p1 switch 3\n>p1 move dazzlinggleam\n>p2 move surf\n>p2 switch 2\n>p1 move thunderwave\n>p2 move knockoff\n>p1 move dazzlinggleam\n>p2 move knockoff\n>p1 move wish\n>p2 move stickyweb\n>p1 switch 4\n>p2 move megahorn\n>p1 move foulplay\n>p2 move knockoff\n>p1 move foulplay\n>p2 move megahorn\n>p2 switch 4\n>p1 move toxic\n>p2 move scorchingsands\n>p1 move wish\n>p2 move scorchingsands\n>p1 switch 6\n>p1 move shadowball\n>p2 move scorchingsands\n>p1 move shadowball\n>p2 move struggle\n>p2 switch 3\n>p1 move shadowball\n>p2 move shiftgear terastallize\n>p1 move strengthsap\n>p2 move ironhead\n>p1 switch 4\n>p1 move dazzlinggleam\n>p2 move terablast", "uploadtime": 1782867708, "views": 9, "formatid": "gen9randombattle", "rating": 1046, "private": 0, "password": null, "player_dets": [{"name": "MORCATE", "avatar": "2", "rating": 1066, "seed": "sodium,870869b7969ba88b543af8c30288b55a"}, {"name": "kingsoreloser", "avatar": "2", "rating": 1056, "seed": "sodium,0c1e61dd485f778d85ef597fabeca666"}], "teams_full": [{"Krookodile": {"name": "Krookodile", "species": "Krookodile", "speciesId": "krookodile", "gender": "M", "shiny": false, "level": 79, "moves": ["earthquake", "stealthrock", "stoneedge", "knockoff"], "ability": "Intimidate", "evs": {"hp": 85, "atk": 85, "def": 85, "spa": 85, "spd": 85, "spe": 85}, "ivs": {"hp": 31, "atk": 31, "def": 31, "spa": 31, "spd": 31, "spe": 31}, "item": "Life Orb", "teraType": "Ground", "role": "Fast Attacker", "bvs": {"hp": 95, "atk": 117, "def": 80, "spa": 65, "spd": 70, "spe": 92}, "stats": {"hp": 280, "atk": 230, "def": 172, "spa": 148, "spd": 156, "spe": 191}, "types": ["Ground", "Dark"]}, "Scream Tail": {"name": "Scream Tail", "species": "Scream Tail", "speciesId": "screamtail", "gender": "N", "shiny": false, "level": 84, "moves": ["protect", "wish", "dazzlinggleam", "thunderwave"], "ability": "Protosynthesis", "evs": {"hp": 85, "atk": 0, "def": 85, "spa": 85, "spd": 85, "spe": 85}, "ivs": {"hp": 31, "atk": 0, "def": 31, "spa": 31, "spd": 31, "spe": 31}, "item": "Leftovers", "teraType": "Poison", "role": "Bulky Attacker", "bvs": {"hp": 115, "atk": 65, "def": 99, "spa": 65, "spd": 115, "spe": 111}, "stats": {"hp": 330, "atk": 114, "def": 215, "spa": 157, "spd": 241, "spe": 235}, "types": ["Fairy", "Psychic"]}, "Umbreon": {"name": "Umbreon", "species": "Umbreon", "speciesId": "umbreon", "gender": "M", "shiny": false, "level": 84, "moves": ["toxic", "wish", "protect", "foulplay"], "ability": "Synchronize", "evs": {"hp": 85, "atk": 0, "def": 85, "spa": 85, "spd": 85, "spe": 85}, "ivs": {"hp": 31, "atk": 0, "def": 31, "spa": 31, "spd": 31, "spe": 31}, "item": "Leftovers", "teraType": "Poison", "role": "Bulky Support", "bvs": {"hp": 95, "atk": 65, "def": 110, "spa": 60, "spd": 130, "spe": 65}, "stats": {"hp": 297, "atk": 114, "def": 233, "spa": 149, "spd": 267, "spe": 157}, "types": ["Dark"]}, "Greedent": {"name": "Greedent", "species": "Greedent", "speciesId": "greedent", "gender": "M", "shiny": false, "level": 86, "moves": ["earthquake", "knockoff", "swordsdance", "doubleedge"], "ability": "Cheek Pouch", "evs": {"hp": 85, "atk": 85, "def": 85, "spa": 85, "spd": 85, "spe": 85}, "ivs": {"hp": 31, "atk": 31, "def": 31, "spa": 31, "spd": 31, "spe": 31}, "item": "Sitrus Berry", "teraType": "Ground", "role": "Bulky Setup", "bvs": {"hp": 120, "atk": 95, "def": 95, "spa": 55, "spd": 75, "spe": 20}, "stats": {"hp": 347, "atk": 213, "def": 213, "spa": 144, "spd": 178, "spe": 84}, "types": ["Normal"]}, "Scizor": {"name": "Scizor", "species": "Scizor", "speciesId": "scizor", "gender": "F", "shiny": false, "level": 79, "moves": ["uturn", "bulletpunch", "knockoff", "defog"], "ability": "Technician", "evs": {"hp": 85, "atk": 85, "def": 85, "spa": 85, "spd": 85, "spe": 85}, "ivs": {"hp": 31, "atk": 31, "def": 31, "spa": 31, "spd": 31, "spe": 31}, "item": "Leftovers", "teraType": "Dragon", "role": "Bulky Support", "bvs": {"hp": 70, "atk": 130, "def": 100, "spa": 55, "spd": 80, "spe": 65}, "stats": {"hp": 240, "atk": 251, "def": 204, "spa": 132, "spd": 172, "spe": 148}, "types": ["Bug", "Steel"]}, "Polteageist": {"name": "Polteageist", "species": "Polteageist", "speciesId": "polteageist", "gender": "N", "shiny": false, "level": 78, "moves": ["shellsmash", "strengthsap", "shadowball", "terablast"], "ability": "Cursed Body", "evs": {"hp": 85, "atk": 0, "def": 85, "spa": 85, "spd": 85, "spe": 85}, "ivs": {"hp": 31, "atk": 0, "def": 31, "spa": 31, "spd": 31, "spe": 31}, "item": "White Herb", "teraType": "Fighting", "role": "Tera Blast user", "bvs": {"hp": 60, "atk": 65, "def": 65, "spa": 134, "spd": 114, "spe": 70}, "stats": {"hp": 222, "atk": 106, "def": 146, "spa": 254, "spd": 223, "spe": 154}, "types": ["Ghost"]}}, {"Articuno": {"name": "Articuno", "species": "Articuno", "speciesId": "articuno", "gender": "N", "shiny": false, "level": 86, "moves": ["bravebird", "uturn", "freezedry", "roost"], "ability": "Pressure", "evs": {"hp": 85, "atk": 85, "def": 85, "spa": 85, "spd": 85, "spe": 85}, "ivs": {"hp": 31, "atk": 31, "def": 31, "spa": 31, "spd": 31, "spe": 31}, "item": "Heavy-Duty Boots", "teraType": "Steel", "role": "Bulky Support", "bvs": {"hp": 90, "atk": 85, "def": 100, "spa": 95, "spd": 125, "spe": 85}, "stats": {"hp": 295, "atk": 195, "def": 221, "spa": 213, "spd": 264, "spe": 195}, "types": ["Ice", "Flying"]}, "Ariados": {"name": "Ariados", "species": "Ariados", "speciesId": "ariados", "gender": "F", "shiny": false, "level": 95, "moves": ["poisonjab", "knockoff", "megahorn", "stickyweb"], "ability": "Insomnia", "evs": {"hp": 85, "atk": 85, "def": 85, "spa": 85, "spd": 85, "spe": 85}, "ivs": {"hp": 31, "atk": 31, "def": 31, "spa": 31, "spd": 31, "spe": 31}, "item": "Heavy-Duty Boots", "teraType": "Ghost", "role": "Fast Support", "bvs": {"hp": 70, "atk": 90, "def": 70, "spa": 60, "spd": 70, "spe": 40}, "stats": {"hp": 287, "atk": 225, "def": 187, "spa": 168, "spd": 187, "spe": 130}, "types": ["Bug", "Poison"]}, "Magearna": {"name": "Magearna", "species": "Magearna-Original", "speciesId": "magearna", "gender": "N", "shiny": false, "level": 77, "moves": ["terablast", "shiftgear", "ironhead", "fleurcannon"], "ability": "Soul-Heart", "evs": {"hp": 85, "atk": 85, "def": 85, "spa": 85, "spd": 85, "spe": 85}, "ivs": {"hp": 31, "atk": 31, "def": 31, "spa": 31, "spd": 31, "spe": 31}, "item": "Weakness Policy", "teraType": "Ground", "role": "Tera Blast user", "bvs": {"hp": 80, "atk": 95, "def": 115, "spa": 130, "spd": 115, "spe": 65}, "stats": {"hp": 250, "atk": 191, "def": 222, "spa": 245, "spd": 222, "spe": 145}, "types": ["Steel", "Fairy"]}, "Typhlosion": {"name": "Typhlosion", "species": "Typhlosion", "speciesId": "typhlosion", "gender": "F", "shiny": false, "level": 84, "moves": ["scorchingsands", "focusblast", "fireblast", "eruption"], "ability": "Flash Fire", "evs": {"hp": 81, "atk": 0, "def": 85, "spa": 85, "spd": 85, "spe": 85}, "ivs": {"hp": 31, "atk": 0, "def": 31, "spa": 31, "spd": 31, "spe": 31}, "item": "Choice Specs", "teraType": "Fire", "role": "Fast Attacker", "bvs": {"hp": 78, "atk": 84, "def": 78, "spa": 109, "spd": 85, "spe": 100}, "stats": {"hp": 267, "atk": 146, "def": 179, "spa": 231, "spd": 191, "spe": 216}, "types": ["Fire"]}, "Politoed": {"name": "Politoed", "species": "Politoed", "speciesId": "politoed", "gender": "M", "shiny": false, "level": 88, "moves": ["surf", "icebeam", "encore", "hypnosis"], "ability": "Drizzle", "evs": {"hp": 85, "atk": 0, "def": 85, "spa": 85, "spd": 85, "spe": 85}, "ivs": {"hp": 31, "atk": 0, "def": 31, "spa": 31, "spd": 31, "spe": 31}, "item": "Leftovers", "teraType": "Water", "role": "Bulky Attacker", "bvs": {"hp": 90, "atk": 75, "def": 75, "spa": 90, "spd": 100, "spe": 70}, "stats": {"hp": 302, "atk": 137, "def": 182, "spa": 209, "spd": 226, "spe": 173}, "types": ["Water"]}, "Mew": {"name": "Mew", "species": "Mew", "speciesId": "mew", "gender": "N", "shiny": false, "level": 82, "moves": ["psychic", "stealthrock", "encore", "toxicspikes"], "ability": "Synchronize", "evs": {"hp": 85, "atk": 0, "def": 85, "spa": 85, "spd": 85, "spe": 85}, "ivs": {"hp": 31, "atk": 0, "def": 31, "spa": 31, "spd": 31, "spe": 31}, "item": "Leftovers", "teraType": "Dark", "role": "Bulky Support", "bvs": {"hp": 100, "atk": 100, "def": 100, "spa": 100, "spd": 100, "spe": 100}, "stats": {"hp": 298, "atk": 169, "def": 211, "spa": 211, "spd": 211, "spe": 211}, "types": ["Psychic"]}}]}