{"id": "gen9randombattle-2642106048", "format": "[Gen 9] Random Battle", "players": ["chimaco", "Nangran"], "log": "|j|\u2606chimaco\n|j|\u2606Nangran\n|t:|1782891208\n|gametype|singles\n|player|p1|chimaco|169|1704\n|player|p2|Nangran|1|1657\n|gen|9\n|tier|[Gen 9] Random Battle\n|rated|\n|rule|Species Clause: Limit one of each Pok\u00e9mon\n|rule|HP Percentage Mod: HP is shown in percentages\n|rule|Sleep Clause Mod: Limit one foe put to sleep\n|rule|Illusion Level Mod: Illusion disguises the Pok\u00e9mon's true level\n|\n|t:|1782891208\n|teamsize|p1|6\n|teamsize|p2|6\n|start\n|switch|p1a: Moltres|Moltres-Galar, L79|271/271\n|switch|p2a: Vileplume|Vileplume, L85, M|266/266\n|turn|1\n|inactive|Battle timer is ON: inactive players will automatically lose when time's up. (requested by chimaco)\n|\n|t:|1782891222\n|move|p1a: Moltres|Hurricane|p2a: Vileplume\n|-supereffective|p2a: Vileplume\n|-damage|p2a: Vileplume|74/266\n|-start|p2a: Vileplume|confusion\n|-activate|p2a: Vileplume|confusion\n|move|p2a: Vileplume|Leech Seed|p1a: Moltres\n|-start|p1a: Moltres|move: Leech Seed\n|\n|-heal|p2a: Vileplume|90/266|[from] item: Leftovers\n|-damage|p1a: Moltres|238/271|[from] Leech Seed|[of] p2a: Vileplume\n|-heal|p2a: Vileplume|123/266|[silent]\n|upkeep\n|turn|2\n|\n|t:|1782891231\n|switch|p2a: Luvdisc|Luvdisc, F|247/247\n|move|p1a: Moltres|Hurricane|p2a: Luvdisc\n|-damage|p2a: Luvdisc|129/247\n|\n|-damage|p1a: Moltres|205/271|[from] Leech Seed|[of] p2a: Luvdisc\n|-heal|p2a: Luvdisc|162/247|[silent]\n|upkeep\n|turn|3\n|\n|t:|1782891244\n|switch|p1a: Swampert|Swampert, L83, M|302/302\n|move|p2a: Luvdisc|Whirlpool|p1a: Swampert\n|-damage|p1a: Swampert|272/302\n|-activate|p1a: Swampert|move: Whirlpool|[of] p2a: Luvdisc\n|\n|-heal|p1a: Swampert|290/302|[from] item: Leftovers\n|-damage|p1a: Swampert|253/302|[from] move: Whirlpool|[partiallytrapped]\n|upkeep\n|turn|4\n|\n|t:|1782891249\n|move|p2a: Luvdisc|Substitute|p2a: Luvdisc\n|-start|p2a: Luvdisc|Substitute\n|-damage|p2a: Luvdisc|101/247\n|move|p1a: Swampert|Stealth Rock|p2a: Luvdisc\n|-sidestart|p2: Nangran|move: Stealth Rock\n|\n|-heal|p1a: Swampert|271/302|[from] item: Leftovers\n|-damage|p1a: Swampert|234/302|[from] move: Whirlpool|[partiallytrapped]\n|upkeep\n|turn|5\n|\n|t:|1782891253\n|move|p2a: Luvdisc|Surf|p1a: Swampert\n|-damage|p1a: Swampert|159/302\n|move|p1a: Swampert|Earthquake|p2a: Luvdisc\n|-end|p2a: Luvdisc|Substitute\n|\n|-heal|p1a: Swampert|177/302|[from] item: Leftovers\n|-damage|p1a: Swampert|140/302|[from] move: Whirlpool|[partiallytrapped]\n|upkeep\n|turn|6\n|\n|t:|1782891259\n|move|p2a: Luvdisc|Substitute|p2a: Luvdisc\n|-start|p2a: Luvdisc|Substitute\n|-damage|p2a: Luvdisc|40/247\n|move|p1a: Swampert|Earthquake|p2a: Luvdisc\n|-end|p2a: Luvdisc|Substitute\n|\n|-heal|p1a: Swampert|158/302|[from] item: Leftovers\n|-damage|p1a: Swampert|121/302|[from] move: Whirlpool|[partiallytrapped]\n|upkeep\n|turn|7\n|\n|t:|1782891263\n|move|p2a: Luvdisc|Endeavor|p1a: Swampert\n|-damage|p1a: Swampert|40/302\n|move|p1a: Swampert|Earthquake|p2a: Luvdisc\n|-damage|p2a: Luvdisc|0 fnt\n|faint|p2a: Luvdisc\n|\n|-heal|p1a: Swampert|58/302|[from] item: Leftovers\n|-end|p1a: Swampert|Whirlpool|[partiallytrapped]|[silent]\n|upkeep\n|\n|t:|1782891272\n|switch|p2a: Cacturne|Cacturne, L92, F|278/278\n|-damage|p2a: Cacturne|244/278|[from] Stealth Rock\n|turn|8\n|\n|t:|1782891280\n|move|p2a: Cacturne|Seed Bomb|p1a: Swampert\n|-supereffective|p1a: Swampert\n|-crit|p1a: Swampert\n|-damage|p1a: Swampert|0 fnt\n|faint|p1a: Swampert\n|-damage|p2a: Cacturne|217/278|[from] item: Life Orb\n|\n|upkeep\n|\n|t:|1782891289\n|switch|p1a: Moltres|Moltres-Galar, L79|205/271\n|turn|9\n|\n|t:|1782891298\n|switch|p2a: Persian|Persian-Alola, L86, M|252/252\n|-damage|p2a: Persian|221/252|[from] Stealth Rock\n|move|p1a: Moltres|Hurricane|p2a: Persian\n|-damage|p2a: Persian|101/252\n|-start|p2a: Persian|confusion\n|\n|-heal|p2a: Persian|116/252|[from] item: Leftovers\n|upkeep\n|turn|10\n|\n|t:|1782891314\n|-activate|p2a: Persian|confusion\n|move|p2a: Persian|Hypnosis|p1a: Moltres\n|-status|p1a: Moltres|slp|[from] move: Hypnosis\n|cant|p1a: Moltres|slp\n|\n|-heal|p2a: Persian|131/252|[from] item: Leftovers\n|upkeep\n|turn|11\n|\n|t:|1782891329\n|-activate|p2a: Persian|confusion\n|-damage|p2a: Persian|110/252|[from] confusion\n|cant|p1a: Moltres|slp\n|\n|-heal|p2a: Persian|125/252|[from] item: Leftovers\n|upkeep\n|turn|12\n|\n|t:|1782891339\n|-end|p2a: Persian|confusion\n|move|p2a: Persian|Nasty Plot|p2a: Persian\n|-boost|p2a: Persian|spa|2\n|-curestatus|p1a: Moltres|slp|[msg]\n|move|p1a: Moltres|Agility|p1a: Moltres\n|-boost|p1a: Moltres|spe|2\n|\n|-heal|p2a: Persian|140/252|[from] item: Leftovers\n|upkeep\n|turn|13\n|inactive|chimaco has 120 seconds left.\n|\n|t:|1782891387\n|-terastallize|p1a: Moltres|Steel\n|-terastallize|p2a: Persian|Electric\n|move|p1a: Moltres|Hurricane|p2a: Persian|[miss]\n|-miss|p1a: Moltres|p2a: Persian\n|move|p2a: Persian|Thunderbolt|p1a: Moltres\n|-damage|p1a: Moltres|73/271\n|-ability|p1a: Moltres|Berserk|boost\n|-boost|p1a: Moltres|spa|1\n|\n|-heal|p2a: Persian|155/252|[from] item: Leftovers\n|upkeep\n|turn|14\n|\n|t:|1782891402\n|move|p1a: Moltres|Fiery Wrath|p2a: Persian\n|-damage|p2a: Persian|2/252\n|move|p2a: Persian|Dark Pulse|p1a: Moltres\n|-damage|p1a: Moltres|0 fnt\n|faint|p1a: Moltres\n|\n|-heal|p2a: Persian|17/252|[from] item: Leftovers\n|upkeep\n|\n|t:|1782891412\n|switch|p1a: Ting-Lu|Ting-Lu, L78|370/370\n|-ability|p1a: Ting-Lu|Vessel of Ruin\n|turn|15\n|\n|t:|1782891421\n|move|p2a: Persian|Hypnosis|p1a: Ting-Lu\n|-status|p1a: Ting-Lu|slp|[from] move: Hypnosis\n|cant|p1a: Ting-Lu|slp\n|\n|-heal|p2a: Persian|32/252|[from] item: Leftovers\n|upkeep\n|turn|16\n|\n|t:|1782891429\n|switch|p2a: Vileplume|Vileplume, L85, M|123/266\n|-damage|p2a: Vileplume|90/266|[from] Stealth Rock\n|cant|p1a: Ting-Lu|slp\n|\n|-heal|p2a: Vileplume|106/266|[from] item: Leftovers\n|upkeep\n|turn|17\n|inactive|chimaco has 120 seconds left.\n|\n|t:|1782891438\n|switch|p1a: Dialga|Dialga, L73|266/266\n|-ability|p1a: Dialga|Pressure\n|move|p2a: Vileplume|Strength Sap|p1a: Dialga\n|-unboost|p1a: Dialga|atk|1\n|-heal|p2a: Vileplume|266/266\n|\n|upkeep\n|turn|18\n|inactive|chimaco has 120 seconds left.\n|\n|t:|1782891457\n|move|p1a: Dialga|Fire Blast|p2a: Vileplume\n|-supereffective|p2a: Vileplume\n|-damage|p2a: Vileplume|94/266\n|move|p2a: Vileplume|Leech Seed|p1a: Dialga\n|-start|p1a: Dialga|move: Leech Seed\n|\n|-heal|p2a: Vileplume|110/266|[from] item: Leftovers\n|-damage|p1a: Dialga|233/266|[from] Leech Seed|[of] p2a: Vileplume\n|-heal|p2a: Vileplume|143/266|[silent]\n|upkeep\n|turn|19\n|inactive|chimaco has 120 seconds left.\n|\n|t:|1782891465\n|switch|p2a: Hitmontop|Hitmontop, L88, M|231/231\n|-damage|p2a: Hitmontop|217/231|[from] Stealth Rock\n|-ability|p2a: Hitmontop|Intimidate|boost\n|-unboost|p1a: Dialga|atk|1\n|move|p1a: Dialga|Fire Blast|p2a: Hitmontop\n|-damage|p2a: Hitmontop|167/231\n|\n|-heal|p1a: Dialga|249/266|[from] item: Leftovers\n|-damage|p1a: Dialga|216/266|[from] Leech Seed|[of] p2a: Hitmontop\n|-heal|p2a: Hitmontop|200/231|[silent]\n|upkeep\n|turn|20\n|inactive|chimaco has 120 seconds left.\n|\n|t:|1782891478\n|switch|p1a: Kleavor|Kleavor, L78, M|237/237\n|move|p2a: Hitmontop|Rapid Spin|p1a: Kleavor\n|-resisted|p1a: Kleavor\n|-damage|p1a: Kleavor|216/237\n|-boost|p2a: Hitmontop|spe|1\n|-sideend|p2: Nangran|Stealth Rock|[from] move: Rapid Spin|[of] p2a: Hitmontop\n|\n|upkeep\n|turn|21\n|inactive|chimaco has 120 seconds left.\n|\n|t:|1782891491\n|move|p2a: Hitmontop|Earthquake|p1a: Kleavor\n|-damage|p1a: Kleavor|138/237\n|move|p1a: Kleavor|Close Combat|p2a: Hitmontop\n|-damage|p2a: Hitmontop|112/231\n|-unboost|p1a: Kleavor|def|1\n|-unboost|p1a: Kleavor|spd|1\n|\n|upkeep\n|turn|22\n|\n|t:|1782891501\n|move|p2a: Hitmontop|Close Combat|p1a: Kleavor\n|-damage|p1a: Kleavor|0 fnt\n|-unboost|p2a: Hitmontop|def|1\n|-unboost|p2a: Hitmontop|spd|1\n|faint|p1a: Kleavor\n|\n|upkeep\n|inactive|chimaco has 120 seconds left.\n|\n|t:|1782891512\n|switch|p1a: Ludicolo|Ludicolo, L90, F|290/290\n|turn|23\n|\n|t:|1782891520\n|switch|p2a: Cacturne|Cacturne, L92, F|217/278\n|move|p1a: Ludicolo|Rain Dance|p1a: Ludicolo\n|-weather|RainDance\n|\n|-weather|RainDance|[upkeep]\n|upkeep\n|turn|24\n|\n|t:|1782891525\n|move|p2a: Cacturne|Sucker Punch|p1a: Ludicolo\n|-damage|p1a: Ludicolo|148/290\n|-damage|p2a: Cacturne|190/278|[from] item: Life Orb\n|move|p1a: Ludicolo|Ice Beam|p2a: Cacturne\n|-supereffective|p2a: Cacturne\n|-damage|p2a: Cacturne|0 fnt\n|faint|p2a: Cacturne\n|-damage|p1a: Ludicolo|119/290|[from] item: Life Orb\n|\n|-weather|RainDance|[upkeep]\n|upkeep\n|\n|t:|1782891533\n|switch|p2a: Hypno|Hypno, L95, M|315/315\n|turn|25\n|\n|t:|1782891538\n|move|p2a: Hypno|Protect|p2a: Hypno\n|-singleturn|p2a: Hypno|Protect\n|move|p1a: Ludicolo|Hydro Pump|p2a: Hypno\n|-activate|p2a: Hypno|move: Protect\n|\n|-weather|RainDance|[upkeep]\n|upkeep\n|turn|26\n|\n|t:|1782891547\n|switch|p2a: Vileplume|Vileplume, L85, M|143/266\n|move|p1a: Ludicolo|Hydro Pump|p2a: Vileplume\n|-resisted|p2a: Vileplume\n|-damage|p2a: Vileplume|17/266\n|-damage|p1a: Ludicolo|90/290|[from] item: Life Orb\n|\n|-weather|RainDance|[upkeep]\n|-heal|p2a: Vileplume|33/266|[from] item: Leftovers\n|upkeep\n|turn|27\n|\n|t:|1782891555\n|switch|p2a: Hitmontop|Hitmontop, L88, M|112/231\n|-ability|p2a: Hitmontop|Intimidate|boost\n|-unboost|p1a: Ludicolo|atk|1\n|move|p1a: Ludicolo|Ice Beam|p2a: Hitmontop\n|-damage|p2a: Hitmontop|61/231\n|-damage|p1a: Ludicolo|61/290|[from] item: Life Orb\n|\n|-weather|none\n|upkeep\n|turn|28\n|\n|t:|1782891568\n|move|p1a: Ludicolo|Giga Drain|p2a: Hitmontop\n|-damage|p2a: Hitmontop|3/231\n|-heal|p1a: Ludicolo|90/290|[from] drain|[of] p2a: Hitmontop\n|-damage|p1a: Ludicolo|61/290|[from] item: Life Orb\n|move|p2a: Hitmontop|Close Combat|p1a: Ludicolo\n|-damage|p1a: Ludicolo|0 fnt\n|-unboost|p2a: Hitmontop|def|1\n|-unboost|p2a: Hitmontop|spd|1\n|faint|p1a: Ludicolo\n|\n|upkeep\n|\n|t:|1782891579\n|switch|p1a: Dialga|Dialga, L73|216/266\n|-ability|p1a: Dialga|Pressure\n|turn|29\n|\n|t:|1782891587\n|switch|p2a: Persian|Persian-Alola, L86, M, tera:Electric|32/252\n|move|p1a: Dialga|Fire Blast|p2a: Persian|[miss]\n|-miss|p1a: Dialga|p2a: Persian\n|\n|-heal|p2a: Persian|47/252|[from] item: Leftovers\n|-heal|p1a: Dialga|232/266|[from] item: Leftovers\n|upkeep\n|turn|30\n|\n|t:|1782891595\n|switch|p1a: Ting-Lu|Ting-Lu, L78|370/370 slp\n|-ability|p1a: Ting-Lu|Vessel of Ruin\n|move|p2a: Persian|Dark Pulse|p1a: Ting-Lu\n|-resisted|p1a: Ting-Lu\n|-damage|p1a: Ting-Lu|338/370 slp\n|\n|-heal|p2a: Persian|62/252|[from] item: Leftovers\n|-heal|p1a: Ting-Lu|361/370 slp|[from] item: Leftovers\n|upkeep\n|turn|31\n|\n|t:|1782891608\n|move|p2a: Persian|Dark Pulse|p1a: Ting-Lu\n|-resisted|p1a: Ting-Lu\n|-damage|p1a: Ting-Lu|329/370 slp\n|-curestatus|p1a: Ting-Lu|slp|[msg]\n|move|p1a: Ting-Lu|Spikes|p2a: Persian\n|-sidestart|p2: Nangran|Spikes\n|\n|-heal|p2a: Persian|77/252|[from] item: Leftovers\n|-heal|p1a: Ting-Lu|352/370|[from] item: Leftovers\n|upkeep\n|turn|32\n|\n|t:|1782891618\n|switch|p2a: Hypno|Hypno, L95, M|315/315\n|-damage|p2a: Hypno|276/315|[from] Spikes\n|move|p1a: Ting-Lu|Spikes|p2a: Hypno\n|-sidestart|p2: Nangran|Spikes\n|\n|-heal|p2a: Hypno|295/315|[from] item: Leftovers\n|-heal|p1a: Ting-Lu|370/370|[from] item: Leftovers\n|upkeep\n|turn|33\n|\n|t:|1782891627\n|move|p2a: Hypno|Toxic|p1a: Ting-Lu\n|-status|p1a: Ting-Lu|tox\n|move|p1a: Ting-Lu|Throat Chop|p2a: Hypno\n|-supereffective|p2a: Hypno\n|-damage|p2a: Hypno|113/315\n|-start|p2a: Hypno|Throat Chop|[silent]\n|\n|-heal|p2a: Hypno|132/315|[from] item: Leftovers\n|-damage|p1a: Ting-Lu|347/370 tox|[from] psn\n|upkeep\n|turn|34\n|\n|t:|1782891639\n|move|p2a: Hypno|Protect|p2a: Hypno\n|-singleturn|p2a: Hypno|Protect\n|move|p1a: Ting-Lu|Throat Chop|p2a: Hypno\n|-activate|p2a: Hypno|move: Protect\n|\n|-heal|p2a: Hypno|151/315|[from] item: Leftovers\n|-heal|p1a: Ting-Lu|370/370 tox|[from] item: Leftovers\n|-damage|p1a: Ting-Lu|324/370 tox|[from] psn\n|-end|p2a: Hypno|Throat Chop|[silent]\n|upkeep\n|turn|35\n|\n|t:|1782891646\n|switch|p2a: Persian|Persian-Alola, L86, M, tera:Electric|77/252\n|-damage|p2a: Persian|35/252|[from] Spikes\n|move|p1a: Ting-Lu|Throat Chop|p2a: Persian\n|-damage|p2a: Persian|0 fnt\n|faint|p2a: Persian\n|\n|-heal|p1a: Ting-Lu|347/370 tox|[from] item: Leftovers\n|-damage|p1a: Ting-Lu|278/370 tox|[from] psn\n|upkeep\n|\n|t:|1782891649\n|switch|p2a: Hypno|Hypno, L95, M|151/315\n|-damage|p2a: Hypno|99/315|[from] Spikes\n|turn|36\n|\n|t:|1782891656\n|switch|p1a: Dialga|Dialga, L73|232/266\n|-ability|p1a: Dialga|Pressure\n|move|p2a: Hypno|Focus Blast|p1a: Dialga\n|-supereffective|p1a: Dialga\n|-damage|p1a: Dialga|32/266\n|\n|-heal|p2a: Hypno|118/315|[from] item: Leftovers\n|-heal|p1a: Dialga|48/266|[from] item: Leftovers\n|upkeep\n|turn|37\n|\n|t:|1782891671\n|move|p2a: Hypno|Protect|p2a: Hypno\n|-singleturn|p2a: Hypno|Protect\n|move|p1a: Dialga|Draco Meteor|p2a: Hypno\n|-activate|p2a: Hypno|move: Protect\n|\n|-heal|p2a: Hypno|137/315|[from] item: Leftovers\n|-heal|p1a: Dialga|64/266|[from] item: Leftovers\n|upkeep\n|turn|38\n|\n|t:|1782891679\n|move|p2a: Hypno|Focus Blast|p1a: Dialga\n|-supereffective|p1a: Dialga\n|-damage|p1a: Dialga|0 fnt\n|faint|p1a: Dialga\n|\n|-heal|p2a: Hypno|156/315|[from] item: Leftovers\n|upkeep\n|\n|t:|1782891681\n|switch|p1a: Ting-Lu|Ting-Lu, L78|278/370 tox\n|-ability|p1a: Ting-Lu|Vessel of Ruin\n|turn|39\n|\n|t:|1782891686\n|move|p2a: Hypno|Protect|p2a: Hypno\n|-singleturn|p2a: Hypno|Protect\n|move|p1a: Ting-Lu|Whirlwind|p2a: Hypno\n|drag|p2a: Hitmontop|Hitmontop, L88, M|3/231\n|-damage|p2a: Hitmontop|0 fnt|[from] Spikes\n|faint|p2a: Hitmontop\n|\n|-heal|p1a: Ting-Lu|301/370 tox|[from] item: Leftovers\n|-damage|p1a: Ting-Lu|278/370 tox|[from] psn\n|upkeep\n|\n|t:|1782891693\n|switch|p2a: Hypno|Hypno, L95, M|156/315\n|-damage|p2a: Hypno|104/315|[from] Spikes\n|turn|40\n|\n|t:|1782891699\n|move|p2a: Hypno|Focus Blast|p1a: Ting-Lu\n|-supereffective|p1a: Ting-Lu\n|-damage|p1a: Ting-Lu|134/370 tox\n|move|p1a: Ting-Lu|Throat Chop|p2a: Hypno\n|-supereffective|p2a: Hypno\n|-damage|p2a: Hypno|0 fnt\n|faint|p2a: Hypno\n|\n|-heal|p1a: Ting-Lu|157/370 tox|[from] item: Leftovers\n|-damage|p1a: Ting-Lu|111/370 tox|[from] psn\n|upkeep\n|\n|t:|1782891704\n|switch|p2a: Vileplume|Vileplume, L85, M|33/266\n|-damage|p2a: Vileplume|0 fnt|[from] Spikes\n|faint|p2a: Vileplume\n|\n|win|chimaco\n|raw|chimaco's rating: 1704 &rarr; <strong>1721</strong><br />(+17 for winning)\n|raw|Nangran's rating: 1657 &rarr; <strong>1640</strong><br />(-17 for losing)\n|l|\u2606Nangran\n|player|p2|\n", "inputlog": ">version f8ac14003a5f27e1bdc8d8c59608a773c1cb96e5\n>start {\"formatid\":\"gen9randombattle\",\"seed\":\"sodium,2419a22150060e03723b998da2caceb9\",\"rated\":\"Rated battle\"}\n>player p1 {\"name\":\"chimaco\",\"avatar\":\"169\",\"rating\":1704,\"seed\":\"sodium,aaf0db5ba8d9b67c6846e1679a55a773\"}\n>player p2 {\"name\":\"Nangran\",\"avatar\":\"1\",\"rating\":1657,\"seed\":\"sodium,898e822e20215d5d1f3519626f7a34cc\"}\n>p1 move hurricane\n>p2 move leechseed\n>p1 move hurricane\n>p2 switch 5\n>p1 switch 2\n>p2 move whirlpool\n>p1 move stealthrock\n>p2 move substitute\n>p1 move earthquake\n>p2 move surf\n>p1 move earthquake\n>p2 move substitute\n>p1 move earthquake\n>p2 move endeavor\n>p2 switch 4\n>p1 move icebeam\n>p2 move seedbomb\n>p1 switch 2\n>p1 move hurricane\n>p2 switch 2\n>p1 move agility\n>p2 move hypnosis\n>p1 move agility\n>p2 move nastyplot\n>p1 move agility\n>p2 move nastyplot\n>p1 move hurricane terastallize\n>p2 move thunderbolt terastallize\n>p1 move fierywrath\n>p2 move darkpulse\n>p1 switch 4\n>p1 move earthquake\n>p2 move hypnosis\n>p1 move earthquake\n>p2 switch 5\n>p1 switch 6\n>p2 move strengthsap\n>p1 move fireblast\n>p2 move leechseed\n>p1 move fireblast\n>p2 switch 6\n>p1 switch 5\n>p2 move rapidspin\n>p1 move closecombat\n>p2 move earthquake\n>p1 move closecombat\n>p2 move closecombat\n>p1 switch 3\n>p1 move raindance\n>p2 switch 2\n>p1 move icebeam\n>p2 move suckerpunch\n>p2 switch 3\n>p1 move hydropump\n>p2 move protect\n>p1 move hydropump\n>p2 switch 6\n>p1 move icebeam\n>p2 switch 2\n>p1 move gigadrain\n>p2 move closecombat\n>p1 switch 5\n>p1 move fireblast\n>p2 switch 5\n>p1 switch 6\n>p2 move darkpulse\n>p1 move spikes\n>p2 move darkpulse\n>p1 move spikes\n>p2 switch 6\n>p1 move throatchop\n>p2 move toxic\n>p1 move throatchop\n>p2 move protect\n>p1 move throatchop\n>p2 switch 6\n>p2 switch 6\n>p1 switch 6\n>p2 move focusblast\n>p1 move dracometeor\n>p2 move protect\n>p1 move dracometeor\n>p2 move focusblast\n>p1 switch 6\n>p1 move whirlwind\n>p2 move protect\n>p2 switch 5\n>p1 move throatchop\n>p2 move focusblast\n>p2 switch 2", "uploadtime": 1782891712, "views": 2, "formatid": "gen9randombattle", "rating": 1640, "private": 0, "password": null, "player_dets": [{"name": "chimaco", "avatar": "169", "rating": 1704, "seed": "sodium,aaf0db5ba8d9b67c6846e1679a55a773"}, {"name": "Nangran", "avatar": "1", "rating": 1657, "seed": "sodium,898e822e20215d5d1f3519626f7a34cc"}], "teams_full": [{"Moltres": {"name": "Moltres", "species": "Moltres-Galar", "speciesId": "moltresgalar", "gender": "N", "shiny": false, "level": 79, "moves": ["hurricane", "agility", "fierywrath", "nastyplot"], "ability": "Berserk", "evs": {"hp": 81, "atk": 0, "def": 85, "spa": 85, "spd": 85, "spe": 85}, "ivs": {"hp": 31, "atk": 0, "def": 31, "spa": 31, "spd": 31, "spe": 31}, "item": "Weakness Policy", "teraType": "Steel", "role": "Bulky Setup", "bvs": {"hp": 90, "atk": 85, "def": 90, "spa": 100, "spd": 125, "spe": 90}, "stats": {"hp": 271, "atk": 139, "def": 188, "spa": 204, "spd": 243, "spe": 188}, "types": ["Dark", "Flying"]}, "Swampert": {"name": "Swampert", "species": "Swampert", "speciesId": "swampert", "gender": "M", "shiny": false, "level": 83, "moves": ["stealthrock", "icebeam", "yawn", "earthquake"], "ability": "Damp", "evs": {"hp": 85, "atk": 85, "def": 85, "spa": 85, "spd": 85, "spe": 85}, "ivs": {"hp": 31, "atk": 31, "def": 31, "spa": 31, "spd": 31, "spe": 31}, "item": "Leftovers", "teraType": "Poison", "role": "Bulky Support", "bvs": {"hp": 100, "atk": 110, "def": 90, "spa": 85, "spd": 90, "spe": 60}, "stats": {"hp": 302, "atk": 230, "def": 197, "spa": 189, "spd": 197, "spe": 147}, "types": ["Water", "Ground"]}, "Ludicolo": {"name": "Ludicolo", "species": "Ludicolo", "speciesId": "ludicolo", "gender": "F", "shiny": false, "level": 90, "moves": ["gigadrain", "icebeam", "hydropump", "raindance"], "ability": "Swift Swim", "evs": {"hp": 85, "atk": 0, "def": 85, "spa": 85, "spd": 85, "spe": 85}, "ivs": {"hp": 31, "atk": 0, "def": 31, "spa": 31, "spd": 31, "spe": 31}, "item": "Life Orb", "teraType": "Grass", "role": "Setup Sweeper", "bvs": {"hp": 80, "atk": 70, "def": 70, "spa": 90, "spd": 100, "spe": 70}, "stats": {"hp": 290, "atk": 131, "def": 177, "spa": 213, "spd": 231, "spe": 177}, "types": ["Water", "Grass"]}, "Ting-Lu": {"name": "Ting-Lu", "species": "Ting-Lu", "speciesId": "tinglu", "gender": "N", "shiny": false, "level": 78, "moves": ["whirlwind", "throatchop", "spikes", "earthquake"], "ability": "Vessel of Ruin", "evs": {"hp": 85, "atk": 85, "def": 85, "spa": 85, "spd": 85, "spe": 85}, "ivs": {"hp": 31, "atk": 31, "def": 31, "spa": 31, "spd": 31, "spe": 31}, "item": "Leftovers", "teraType": "Ghost", "role": "Bulky Support", "bvs": {"hp": 155, "atk": 110, "def": 125, "spa": 55, "spd": 80, "spe": 45}, "stats": {"hp": 370, "atk": 217, "def": 240, "spa": 131, "spd": 170, "spe": 115}, "types": ["Dark", "Ground"]}, "Kleavor": {"name": "Kleavor", "species": "Kleavor", "speciesId": "kleavor", "gender": "M", "shiny": false, "level": 78, "moves": ["closecombat", "xscissor", "swordsdance", "stoneaxe"], "ability": "Sharpness", "evs": {"hp": 85, "atk": 85, "def": 85, "spa": 85, "spd": 85, "spe": 85}, "ivs": {"hp": 31, "atk": 31, "def": 31, "spa": 31, "spd": 31, "spe": 31}, "item": "Heavy-Duty Boots", "teraType": "Bug", "role": "Bulky Attacker", "bvs": {"hp": 70, "atk": 135, "def": 95, "spa": 45, "spd": 70, "spe": 85}, "stats": {"hp": 237, "atk": 256, "def": 193, "spa": 115, "spd": 154, "spe": 178}, "types": ["Bug", "Rock"]}, "Dialga": {"name": "Dialga", "species": "Dialga", "speciesId": "dialga", "gender": "N", "shiny": false, "level": 73, "moves": ["dracometeor", "thunderwave", "heavyslam", "fireblast"], "ability": "Pressure", "evs": {"hp": 85, "atk": 85, "def": 85, "spa": 85, "spd": 85, "spe": 85}, "ivs": {"hp": 31, "atk": 31, "def": 31, "spa": 31, "spd": 31, "spe": 31}, "item": "Leftovers", "teraType": "Flying", "role": "Bulky Attacker", "bvs": {"hp": 100, "atk": 120, "def": 120, "spa": 150, "spd": 100, "spe": 90}, "stats": {"hp": 266, "atk": 218, "def": 218, "spa": 261, "spd": 188, "spe": 174}, "types": ["Steel", "Dragon"]}}, {"Vileplume": {"name": "Vileplume", "species": "Vileplume", "speciesId": "vileplume", "gender": "M", "shiny": false, "level": 85, "moves": ["leechseed", "sludgebomb", "strengthsap", "gigadrain"], "ability": "Effect Spore", "evs": {"hp": 85, "atk": 0, "def": 85, "spa": 85, "spd": 85, "spe": 85}, "ivs": {"hp": 31, "atk": 0, "def": 31, "spa": 31, "spd": 31, "spe": 31}, "item": "Leftovers", "teraType": "Water", "role": "Bulky Attacker", "bvs": {"hp": 75, "atk": 80, "def": 85, "spa": 110, "spd": 90, "spe": 50}, "stats": {"hp": 266, "atk": 141, "def": 193, "spa": 236, "spd": 202, "spe": 134}, "types": ["Grass", "Poison"]}, "Persian": {"name": "Persian", "species": "Persian-Alola", "speciesId": "persianalola", "gender": "M", "shiny": false, "level": 86, "moves": ["thunderbolt", "nastyplot", "darkpulse", "hypnosis"], "ability": "Fur Coat", "evs": {"hp": 85, "atk": 0, "def": 85, "spa": 85, "spd": 85, "spe": 85}, "ivs": {"hp": 31, "atk": 0, "def": 31, "spa": 31, "spd": 31, "spe": 31}, "item": "Leftovers", "teraType": "Electric", "role": "Fast Bulky Setup", "bvs": {"hp": 65, "atk": 60, "def": 60, "spa": 75, "spd": 65, "spe": 115}, "stats": {"hp": 252, "atk": 108, "def": 152, "spa": 178, "spd": 161, "spe": 247}, "types": ["Dark"]}, "Hypno": {"name": "Hypno", "species": "Hypno", "speciesId": "hypno", "gender": "M", "shiny": false, "level": 95, "moves": ["protect", "toxic", "focusblast", "psychicnoise"], "ability": "Insomnia", "evs": {"hp": 85, "atk": 0, "def": 85, "spa": 85, "spd": 85, "spe": 85}, "ivs": {"hp": 31, "atk": 0, "def": 31, "spa": 31, "spd": 31, "spe": 31}, "item": "Leftovers", "teraType": "Dark", "role": "Bulky Attacker", "bvs": {"hp": 85, "atk": 73, "def": 70, "spa": 73, "spd": 115, "spe": 67}, "stats": {"hp": 315, "atk": 143, "def": 187, "spa": 193, "spd": 272, "spe": 181}, "types": ["Psychic"]}, "Cacturne": {"name": "Cacturne", "species": "Cacturne", "speciesId": "cacturne", "gender": "F", "shiny": false, "level": 92, "moves": ["suckerpunch", "knockoff", "seedbomb", "swordsdance"], "ability": "Water Absorb", "evs": {"hp": 85, "atk": 85, "def": 85, "spa": 85, "spd": 85, "spe": 85}, "ivs": {"hp": 31, "atk": 31, "def": 31, "spa": 31, "spd": 31, "spe": 31}, "item": "Life Orb", "teraType": "Poison", "role": "Setup Sweeper", "bvs": {"hp": 70, "atk": 115, "def": 60, "spa": 115, "spd": 60, "spe": 55}, "stats": {"hp": 278, "atk": 264, "def": 163, "spa": 264, "spd": 163, "spe": 154}, "types": ["Grass", "Dark"]}, "Luvdisc": {"name": "Luvdisc", "species": "Luvdisc", "speciesId": "luvdisc", "gender": "F", "shiny": false, "level": 100, "moves": ["substitute", "whirlpool", "surf", "endeavor"], "ability": "Swift Swim", "evs": {"hp": 81, "atk": 0, "def": 85, "spa": 85, "spd": 85, "spe": 85}, "ivs": {"hp": 31, "atk": 0, "def": 31, "spa": 31, "spd": 31, "spe": 31}, "item": "Heavy-Duty Boots", "teraType": "Ground", "role": "Fast Support", "bvs": {"hp": 43, "atk": 30, "def": 55, "spa": 40, "spd": 65, "spe": 97}, "stats": {"hp": 247, "atk": 65, "def": 167, "spa": 137, "spd": 187, "spe": 251}, "types": ["Water"]}, "Hitmontop": {"name": "Hitmontop", "species": "Hitmontop", "speciesId": "hitmontop", "gender": "M", "shiny": false, "level": 88, "moves": ["closecombat", "suckerpunch", "rapidspin", "earthquake"], "ability": "Intimidate", "evs": {"hp": 85, "atk": 85, "def": 85, "spa": 85, "spd": 85, "spe": 85}, "ivs": {"hp": 31, "atk": 31, "def": 31, "spa": 31, "spd": 31, "spe": 31}, "item": "Assault Vest", "teraType": "Steel", "role": "Bulky Support", "bvs": {"hp": 50, "atk": 95, "def": 95, "spa": 35, "spd": 110, "spe": 70}, "stats": {"hp": 231, "atk": 217, "def": 217, "spa": 112, "spd": 244, "spe": 173}, "types": ["Fighting"]}}]}