{"id": "gen9randombattle-2641577575", "format": "[Gen 9] Random Battle", "players": ["opik8", "BTS fan forevahh"], "log": "|j|\u2606opik8\n|j|\u2606BTS fan forevahh\n|t:|1782811764\n|gametype|singles\n|player|p1|opik8|colress|2120\n|player|p2|BTS fan forevahh|170|2120\n|gen|9\n|tier|[Gen 9] Random Battle\n|rated|\n|rule|Species Clause: Limit one of each Pok\u00e9mon\n|rule|HP Percentage Mod: HP is shown in percentages\n|rule|Sleep Clause Mod: Limit one foe put to sleep\n|rule|Illusion Level Mod: Illusion disguises the Pok\u00e9mon's true level\n|\n|t:|1782811764\n|teamsize|p1|6\n|teamsize|p2|6\n|start\n|switch|p1a: Iron Jugulis|Iron Jugulis, L77|271/271\n|switch|p2a: Pachirisu|Pachirisu, L96, F|271/271\n|turn|1\n|\n|t:|1782811770\n|-end|p1a: Iron Jugulis|Quark Drive|[silent]\n|switch|p1a: Pincurchin|Pincurchin, M|258/258\n|-fieldstart|move: Electric Terrain|[from] ability: Electric Surge|[of] p1a: Pincurchin\n|move|p2a: Pachirisu|Super Fang|p1a: Pincurchin\n|-damage|p1a: Pincurchin|129/258\n|\n|-heal|p1a: Pincurchin|145/258|[from] item: Leftovers\n|upkeep\n|turn|2\n|inactive|Battle timer is ON: inactive players will automatically lose when time's up. (requested by opik8)\n|\n|t:|1782811781\n|move|p2a: Pachirisu|Super Fang|p1a: Pincurchin\n|-damage|p1a: Pincurchin|73/258\n|move|p1a: Pincurchin|Toxic Spikes|p2a: Pachirisu\n|-sidestart|p2: BTS fan forevahh|move: Toxic Spikes\n|\n|-heal|p1a: Pincurchin|89/258|[from] item: Leftovers\n|upkeep\n|turn|3\n|\n|t:|1782811786\n|move|p2a: Pachirisu|Encore|p1a: Pincurchin\n|-start|p1a: Pincurchin|Encore\n|move|p1a: Pincurchin|Toxic Spikes|p2a: Pachirisu\n|-sidestart|p2: BTS fan forevahh|move: Toxic Spikes\n|\n|-heal|p1a: Pincurchin|105/258|[from] item: Leftovers\n|upkeep\n|turn|4\n|\n|t:|1782811793\n|switch|p1a: Decidueye|Decidueye, L88, F|281/281\n|move|p2a: Pachirisu|U-turn|p1a: Decidueye\n|-damage|p1a: Decidueye|241/281\n|\n|t:|1782811801\n|switch|p2a: Gengar|Gengar, L81, M|230/230|[from] U-turn\n|-sideend|p2: BTS fan forevahh|move: Toxic Spikes|[of] p2a: Gengar\n|\n|upkeep\n|turn|5\n|\n|t:|1782811808\n|move|p2a: Gengar|Shadow Ball|p1a: Decidueye\n|-supereffective|p1a: Decidueye\n|-damage|p1a: Decidueye|0 fnt\n|faint|p1a: Decidueye\n|\n|-fieldend|move: Electric Terrain\n|upkeep\n|\n|t:|1782811814\n|switch|p1a: Tyranitar|Tyranitar, L78, M|284/284\n|-weather|Sandstorm|[from] ability: Sand Stream|[of] p1a: Tyranitar\n|turn|6\n|\n|t:|1782811821\n|switch|p2a: Pachirisu|Pachirisu, L96, F|271/271\n|move|p1a: Tyranitar|Knock Off|p2a: Pachirisu\n|-damage|p2a: Pachirisu|139/271\n|-enditem|p2a: Pachirisu|Heavy-Duty Boots|[from] move: Knock Off|[of] p1a: Tyranitar\n|\n|-weather|Sandstorm|[upkeep]\n|-damage|p2a: Pachirisu|123/271|[from] Sandstorm\n|upkeep\n|turn|7\n|\n|t:|1782811836\n|move|p2a: Pachirisu|Super Fang|p1a: Tyranitar\n|-damage|p1a: Tyranitar|142/284\n|move|p1a: Tyranitar|Stone Edge|p2a: Pachirisu\n|-damage|p2a: Pachirisu|8/271\n|\n|-weather|Sandstorm|[upkeep]\n|-damage|p2a: Pachirisu|0 fnt|[from] Sandstorm\n|faint|p2a: Pachirisu\n|-heal|p1a: Tyranitar|159/284|[from] item: Leftovers\n|upkeep\n|\n|t:|1782811849\n|switch|p2a: Excadrill|Excadrill, L79, F|303/303\n|-ability|p2a: Excadrill|Mold Breaker\n|turn|8\n|\n|t:|1782811855\n|switch|p1a: Arboliva|Arboliva, L91, M|290/290\n|move|p2a: Excadrill|Iron Head|p1a: Arboliva\n|-damage|p1a: Arboliva|199/290\n|-fieldstart|move: Grassy Terrain|[from] ability: Seed Sower|[of] p1a: Arboliva\n|\n|-weather|Sandstorm|[upkeep]\n|-damage|p1a: Arboliva|181/290|[from] Sandstorm\n|-heal|p1a: Arboliva|199/290|[from] Grassy Terrain\n|-heal|p1a: Arboliva|217/290|[from] item: Leftovers\n|upkeep\n|turn|9\n|\n|t:|1782811869\n|switch|p2a: Araquanid|Araquanid, L82, F|246/246\n|move|p1a: Arboliva|Earth Power|p2a: Araquanid\n|-resisted|p2a: Araquanid\n|-damage|p2a: Araquanid|211/246\n|\n|-weather|Sandstorm|[upkeep]\n|-damage|p1a: Arboliva|199/290|[from] Sandstorm\n|-damage|p2a: Araquanid|196/246|[from] Sandstorm\n|-heal|p1a: Arboliva|217/290|[from] Grassy Terrain\n|-heal|p1a: Arboliva|235/290|[from] item: Leftovers\n|-heal|p2a: Araquanid|211/246|[from] Grassy Terrain\n|upkeep\n|turn|10\n|\n|t:|1782811876\n|switch|p1a: Baxcalibur|Baxcalibur, L75, M|296/296\n|move|p2a: Araquanid|Leech Life|p1a: Baxcalibur\n|-damage|p1a: Baxcalibur|226/296\n|-heal|p2a: Araquanid|246/246|[from] drain|[of] p1a: Baxcalibur\n|\n|-weather|none\n|-heal|p1a: Baxcalibur|244/296|[from] Grassy Terrain\n|upkeep\n|turn|11\n|inactive|BTS fan forevahh has 120 seconds left.\n|\n|t:|1782811913\n|switch|p2a: Gardevoir|Gardevoir, L83, M|249/249\n|-ability|p2a: Gardevoir|Thermal Exchange|Trace|[from] ability: Trace|[of] p1a: Baxcalibur\n|move|p1a: Baxcalibur|Dragon Dance|p1a: Baxcalibur\n|-boost|p1a: Baxcalibur|atk|1\n|-boost|p1a: Baxcalibur|spe|1\n|\n|-heal|p1a: Baxcalibur|262/296|[from] Grassy Terrain\n|upkeep\n|turn|12\n|inactive|BTS fan forevahh has 120 seconds left.\n|\n|t:|1782811948\n|move|p2a: Gardevoir|Moonblast|p1a: Baxcalibur\n|-supereffective|p1a: Baxcalibur\n|-damage|p1a: Baxcalibur|0 fnt\n|faint|p1a: Baxcalibur\n|\n|-fieldend|move: Grassy Terrain\n|upkeep\n|\n|t:|1782811959\n|switch|p1a: Arboliva|Arboliva, L91, M|235/290\n|turn|13\n|\n|t:|1782811965\n|move|p2a: Gardevoir|Moonblast|p1a: Arboliva\n|-damage|p1a: Arboliva|133/290\n|-fieldstart|move: Grassy Terrain|[from] ability: Seed Sower|[of] p1a: Arboliva\n|move|p1a: Arboliva|Energy Ball|p2a: Gardevoir\n|-damage|p2a: Gardevoir|107/249\n|\n|-heal|p2a: Gardevoir|122/249|[from] Grassy Terrain\n|-heal|p1a: Arboliva|151/290|[from] Grassy Terrain\n|-heal|p1a: Arboliva|169/290|[from] item: Leftovers\n|upkeep\n|turn|14\n|\n|t:|1782811970\n|switch|p2a: Gengar|Gengar, L81, M|230/230\n|move|p1a: Arboliva|Strength Sap|p2a: Gengar\n|-unboost|p2a: Gengar|atk|1\n|-heal|p1a: Arboliva|279/290\n|\n|-heal|p1a: Arboliva|290/290|[from] Grassy Terrain\n|upkeep\n|turn|15\n|\n|t:|1782811977\n|switch|p1a: Tyranitar|Tyranitar, L78, M|159/284\n|-weather|Sandstorm|[from] ability: Sand Stream|[of] p1a: Tyranitar\n|move|p2a: Gengar|Sludge Wave|p1a: Tyranitar\n|-resisted|p1a: Tyranitar\n|-damage|p1a: Tyranitar|96/284\n|\n|-weather|Sandstorm|[upkeep]\n|-damage|p2a: Gengar|216/230|[from] Sandstorm\n|-heal|p2a: Gengar|230/230|[from] Grassy Terrain\n|-heal|p1a: Tyranitar|113/284|[from] Grassy Terrain\n|-heal|p1a: Tyranitar|130/284|[from] item: Leftovers\n|upkeep\n|turn|16\n|\n|t:|1782811986\n|switch|p2a: Gardevoir|Gardevoir, L83, M|122/249\n|-ability|p2a: Gardevoir|Sand Stream|Trace|[from] ability: Trace|[of] p1a: Tyranitar\n|move|p1a: Tyranitar|Knock Off|p2a: Gardevoir\n|-damage|p2a: Gardevoir|0 fnt\n|-enditem|p2a: Gardevoir|Choice Scarf|[from] move: Knock Off|[of] p1a: Tyranitar\n|faint|p2a: Gardevoir\n|\n|-weather|Sandstorm|[upkeep]\n|-heal|p1a: Tyranitar|147/284|[from] Grassy Terrain\n|-heal|p1a: Tyranitar|164/284|[from] item: Leftovers\n|upkeep\n|\n|t:|1782811993\n|switch|p2a: Excadrill|Excadrill, L79, F|303/303\n|-ability|p2a: Excadrill|Mold Breaker\n|turn|17\n|\n|t:|1782812001\n|switch|p1a: Pincurchin|Pincurchin, M|105/258\n|-fieldstart|move: Electric Terrain|[from] ability: Electric Surge|[of] p1a: Pincurchin\n|move|p2a: Excadrill|Iron Head|p1a: Pincurchin\n|-resisted|p1a: Pincurchin\n|-damage|p1a: Pincurchin|67/258\n|\n|-weather|Sandstorm|[upkeep]\n|-damage|p1a: Pincurchin|51/258|[from] Sandstorm\n|-heal|p1a: Pincurchin|67/258|[from] item: Leftovers\n|upkeep\n|turn|18\n|\n|t:|1782812007\n|move|p2a: Excadrill|Earthquake|p1a: Pincurchin\n|-supereffective|p1a: Pincurchin\n|-damage|p1a: Pincurchin|0 fnt\n|faint|p1a: Pincurchin\n|\n|-weather|Sandstorm|[upkeep]\n|upkeep\n|\n|t:|1782812010\n|switch|p1a: Arboliva|Arboliva, L91, M|290/290\n|turn|19\n|\n|t:|1782812015\n|switch|p2a: Araquanid|Araquanid, L82, F|246/246\n|move|p1a: Arboliva|Earth Power|p2a: Araquanid\n|-resisted|p2a: Araquanid\n|-crit|p2a: Araquanid\n|-damage|p2a: Araquanid|198/246\n|\n|-weather|none\n|upkeep\n|turn|20\n|\n|t:|1782812023\n|move|p1a: Arboliva|Strength Sap|p2a: Araquanid\n|-unboost|p2a: Araquanid|atk|1\n|move|p2a: Araquanid|Leech Life|p1a: Arboliva\n|-supereffective|p1a: Arboliva\n|-damage|p1a: Arboliva|210/290\n|-heal|p2a: Araquanid|238/246|[from] drain|[of] p1a: Arboliva\n|-fieldstart|move: Grassy Terrain|[from] ability: Seed Sower|[of] p1a: Arboliva\n|\n|-heal|p1a: Arboliva|228/290|[from] Grassy Terrain\n|-heal|p1a: Arboliva|246/290|[from] item: Leftovers\n|-heal|p2a: Araquanid|246/246|[from] Grassy Terrain\n|upkeep\n|turn|21\n|\n|t:|1782812027\n|move|p1a: Arboliva|Earth Power|p2a: Araquanid\n|-resisted|p2a: Araquanid\n|-damage|p2a: Araquanid|214/246\n|move|p2a: Araquanid|Sticky Web|p1a: Arboliva\n|-sidestart|p1: opik8|move: Sticky Web\n|\n|-heal|p1a: Arboliva|264/290|[from] Grassy Terrain\n|-heal|p1a: Arboliva|282/290|[from] item: Leftovers\n|-heal|p2a: Araquanid|229/246|[from] Grassy Terrain\n|upkeep\n|turn|22\n|\n|t:|1782812035\n|move|p1a: Arboliva|Earth Power|p2a: Araquanid\n|-resisted|p2a: Araquanid\n|-damage|p2a: Araquanid|197/246\n|move|p2a: Araquanid|Leech Life|p1a: Arboliva\n|-supereffective|p1a: Arboliva\n|-damage|p1a: Arboliva|208/290\n|-heal|p2a: Araquanid|234/246|[from] drain|[of] p1a: Arboliva\n|\n|-heal|p1a: Arboliva|226/290|[from] Grassy Terrain\n|-heal|p1a: Arboliva|244/290|[from] item: Leftovers\n|-heal|p2a: Araquanid|246/246|[from] Grassy Terrain\n|upkeep\n|turn|23\n|\n|t:|1782812040\n|switch|p2a: Gengar|Gengar, L81, M|230/230\n|move|p1a: Arboliva|Hyper Voice|p2a: Gengar\n|-immune|p2a: Gengar\n|\n|-heal|p1a: Arboliva|262/290|[from] Grassy Terrain\n|-heal|p1a: Arboliva|280/290|[from] item: Leftovers\n|upkeep\n|turn|24\n|\n|t:|1782812047\n|switch|p1a: Tyranitar|Tyranitar, L78, M|164/284\n|-activate|p1a: Tyranitar|move: Sticky Web\n|-unboost|p1a: Tyranitar|spe|1\n|-weather|Sandstorm|[from] ability: Sand Stream|[of] p1a: Tyranitar\n|move|p2a: Gengar|Sludge Wave|p1a: Tyranitar\n|-resisted|p1a: Tyranitar\n|-damage|p1a: Tyranitar|104/284\n|\n|-weather|Sandstorm|[upkeep]\n|-damage|p2a: Gengar|216/230|[from] Sandstorm\n|-heal|p2a: Gengar|230/230|[from] Grassy Terrain\n|-heal|p1a: Tyranitar|121/284|[from] Grassy Terrain\n|-heal|p1a: Tyranitar|138/284|[from] item: Leftovers\n|-fieldend|move: Grassy Terrain\n|upkeep\n|turn|25\n|\n|t:|1782812053\n|switch|p2a: Scrafty|Scrafty, L83, F|244/244\n|move|p1a: Tyranitar|Dragon Tail|p2a: Scrafty\n|-damage|p2a: Scrafty|201/244\n|drag|p2a: Excadrill|Excadrill, L79, F|303/303\n|-ability|p2a: Excadrill|Mold Breaker\n|\n|-weather|Sandstorm|[upkeep]\n|-heal|p1a: Tyranitar|155/284|[from] item: Leftovers\n|upkeep\n|turn|26\n|\n|t:|1782812061\n|switch|p1a: Arboliva|Arboliva, L91, M|280/290\n|-activate|p1a: Arboliva|move: Sticky Web\n|-unboost|p1a: Arboliva|spe|1\n|move|p2a: Excadrill|Swords Dance|p2a: Excadrill\n|-boost|p2a: Excadrill|atk|2\n|\n|-weather|Sandstorm|[upkeep]\n|-damage|p1a: Arboliva|262/290|[from] Sandstorm\n|-heal|p1a: Arboliva|280/290|[from] item: Leftovers\n|upkeep\n|turn|27\n|\n|t:|1782812070\n|move|p2a: Excadrill|Iron Head|p1a: Arboliva\n|-damage|p1a: Arboliva|111/290\n|-fieldstart|move: Grassy Terrain|[from] ability: Seed Sower|[of] p1a: Arboliva\n|move|p1a: Arboliva|Strength Sap|p2a: Excadrill\n|-unboost|p2a: Excadrill|atk|1\n|-heal|p1a: Arboliva|290/290\n|\n|-weather|Sandstorm|[upkeep]\n|-damage|p1a: Arboliva|272/290|[from] Sandstorm\n|-heal|p1a: Arboliva|290/290|[from] Grassy Terrain\n|upkeep\n|turn|28\n|\n|t:|1782812088\n|move|p2a: Excadrill|Iron Head|p1a: Arboliva\n|-crit|p1a: Arboliva\n|-damage|p1a: Arboliva|98/290\n|move|p1a: Arboliva|Earth Power|p2a: Excadrill\n|-supereffective|p2a: Excadrill\n|-damage|p2a: Excadrill|57/303\n|\n|-weather|none\n|-heal|p2a: Excadrill|75/303|[from] Grassy Terrain\n|-heal|p2a: Excadrill|93/303|[from] item: Leftovers\n|-heal|p1a: Arboliva|116/290|[from] Grassy Terrain\n|-heal|p1a: Arboliva|134/290|[from] item: Leftovers\n|upkeep\n|turn|29\n|\n|t:|1782812094\n|move|p2a: Excadrill|Iron Head|p1a: Arboliva\n|-damage|p1a: Arboliva|0 fnt\n|faint|p1a: Arboliva\n|\n|-heal|p2a: Excadrill|111/303|[from] Grassy Terrain\n|-heal|p2a: Excadrill|129/303|[from] item: Leftovers\n|upkeep\n|\n|t:|1782812096\n|switch|p1a: Iron Jugulis|Iron Jugulis, L77|271/271\n|turn|30\n|\n|t:|1782812117\n|move|p1a: Iron Jugulis|Earth Power|p2a: Excadrill\n|-supereffective|p2a: Excadrill\n|-damage|p2a: Excadrill|0 fnt\n|faint|p2a: Excadrill\n|\n|upkeep\n|\n|t:|1782812126\n|switch|p2a: Araquanid|Araquanid, L82, F|246/246\n|turn|31\n|\n|t:|1782812130\n|move|p1a: Iron Jugulis|Meteor Beam||[still]\n|-prepare|p1a: Iron Jugulis|Meteor Beam\n|-boost|p1a: Iron Jugulis|spa|1\n|-enditem|p1a: Iron Jugulis|Power Herb\n|-anim|p1a: Iron Jugulis|Meteor Beam|p2a: Araquanid\n|-supereffective|p2a: Araquanid\n|-damage|p2a: Araquanid|44/246\n|move|p2a: Araquanid|Liquidation|p1a: Iron Jugulis\n|-damage|p1a: Iron Jugulis|127/271\n|-unboost|p1a: Iron Jugulis|def|1\n|\n|-heal|p2a: Araquanid|59/246|[from] Grassy Terrain\n|-fieldend|move: Grassy Terrain\n|upkeep\n|turn|32\n|\n|t:|1782812141\n|move|p1a: Iron Jugulis|Dark Pulse|p2a: Araquanid\n|-damage|p2a: Araquanid|0 fnt\n|faint|p2a: Araquanid\n|\n|upkeep\n|\n|t:|1782812153\n|switch|p2a: Gengar|Gengar, L81, M|230/230\n|turn|33\n|\n|t:|1782812172\n|-end|p1a: Iron Jugulis|Quark Drive|[silent]\n|switch|p1a: Tyranitar|Tyranitar, L78, M|155/284\n|-activate|p1a: Tyranitar|move: Sticky Web\n|-unboost|p1a: Tyranitar|spe|1\n|-weather|Sandstorm|[from] ability: Sand Stream|[of] p1a: Tyranitar\n|move|p2a: Gengar|Sludge Wave|p1a: Tyranitar\n|-resisted|p1a: Tyranitar\n|-damage|p1a: Tyranitar|98/284\n|\n|-weather|Sandstorm|[upkeep]\n|-damage|p2a: Gengar|216/230|[from] Sandstorm\n|-heal|p1a: Tyranitar|115/284|[from] item: Leftovers\n|upkeep\n|turn|34\n|\n|t:|1782812179\n|move|p2a: Gengar|Sludge Wave|p1a: Tyranitar\n|-resisted|p1a: Tyranitar\n|-damage|p1a: Tyranitar|62/284\n|move|p1a: Tyranitar|Dragon Tail|p2a: Gengar\n|-damage|p2a: Gengar|156/230\n|drag|p2a: Scrafty|Scrafty, L83, F|201/244\n|\n|-weather|Sandstorm|[upkeep]\n|-damage|p2a: Scrafty|186/244|[from] Sandstorm\n|-heal|p2a: Scrafty|201/244|[from] item: Leftovers\n|-heal|p1a: Tyranitar|79/284|[from] item: Leftovers\n|upkeep\n|turn|35\n|\n|t:|1782812183\n|move|p2a: Scrafty|Drain Punch|p1a: Tyranitar\n|-supereffective|p1a: Tyranitar\n|-damage|p1a: Tyranitar|0 fnt\n|-heal|p2a: Scrafty|241/244|[from] drain|[of] p1a: Tyranitar\n|faint|p1a: Tyranitar\n|\n|-weather|Sandstorm|[upkeep]\n|-damage|p2a: Scrafty|226/244|[from] Sandstorm\n|-heal|p2a: Scrafty|241/244|[from] item: Leftovers\n|upkeep\n|\n|t:|1782812185\n|switch|p1a: Iron Jugulis|Iron Jugulis, L77|127/271\n|turn|36\n|\n|t:|1782812189\n|move|p1a: Iron Jugulis|Hurricane|p2a: Scrafty\n|-supereffective|p2a: Scrafty\n|-damage|p2a: Scrafty|35/244\n|move|p2a: Scrafty|Drain Punch|p1a: Iron Jugulis\n|-damage|p1a: Iron Jugulis|43/271\n|-heal|p2a: Scrafty|77/244|[from] drain|[of] p1a: Iron Jugulis\n|\n|-weather|Sandstorm|[upkeep]\n|-damage|p1a: Iron Jugulis|27/271|[from] Sandstorm\n|-damage|p2a: Scrafty|62/244|[from] Sandstorm\n|-heal|p2a: Scrafty|77/244|[from] item: Leftovers\n|upkeep\n|turn|37\n|-message|opik8 forfeited.\n|\n|win|BTS fan forevahh\n", "inputlog": ">version f8ac14003a5f27e1bdc8d8c59608a773c1cb96e5\n>start {\"formatid\":\"gen9randombattle\",\"seed\":\"sodium,4864729eafd514596f036dba280f3da0\",\"rated\":\"Rated battle\"}\n>player p1 {\"name\":\"opik8\",\"avatar\":\"colress\",\"rating\":2120,\"seed\":\"sodium,3260a2273a73ab50c66029347aface4f\"}\n>player p2 {\"name\":\"BTS fan forevahh\",\"avatar\":\"170\",\"rating\":2120,\"seed\":\"sodium,2a12b8bc652eef786b79b5e776cdccf7\"}\n>p1 switch 5\n>p2 move superfang\n>p1 move toxicspikes\n>p2 move superfang\n>p1 move recover\n>p2 move encore\n>p1 switch 2\n>p2 move uturn\n>p2 switch 2\n>p1 move poltergeist\n>p2 move shadowball\n>p1 switch 4\n>p1 move knockoff\n>p2 switch 2\n>p1 move stoneedge\n>p2 move superfang\n>p2 switch 3\n>p1 switch 3\n>p2 move ironhead\n>p1 move earthpower\n>p2 switch 4\n>p1 switch 6\n>p2 move leechlife\n>p1 move dragondance\n>p2 switch 6\n>p1 move iciclecrash\n>p2 move moonblast\n>p1 switch 6\n>p1 move energyball\n>p2 move moonblast\n>p1 move strengthsap\n>p2 switch 2\n>p1 switch 3\n>p2 move sludgewave\n>p1 move knockoff\n>p2 switch 2\n>p2 switch 4\n>p1 switch 2\n>p2 move ironhead\n>p1 move scald\n>p2 move earthquake\n>p1 switch 3\n>p1 move earthpower\n>p2 switch 6\n>p1 move strengthsap\n>p2 move leechlife\n>p1 move earthpower\n>p2 move stickyweb\n>p1 move earthpower\n>p2 move leechlife\n>p1 move hypervoice\n>p2 switch 2\n>p1 switch 2\n>p2 move sludgewave\n>p1 move dragontail\n>p2 switch 5\n>p1 switch 2\n>p2 move swordsdance\n>p1 move strengthsap\n>p2 move ironhead\n>p1 move earthpower\n>p2 move ironhead\n>p1 move strengthsap\n>p2 move ironhead\n>p1 switch 5\n>p1 move earthpower\n>p2 move ironhead\n>p2 switch 2\n>p1 move meteorbeam\n>p2 move liquidation\n>p1 move darkpulse\n>p2 move leechlife\n>p2 switch 5\n>p1 switch 2\n>p2 move sludgewave\n>p1 move dragontail\n>p2 move sludgewave\n>p1 move knockoff\n>p2 move drainpunch\n>p1 switch 2\n>p1 move hurricane\n>p2 move drainpunch\n>forcelose p1", "uploadtime": 1782811766, "views": 6, "formatid": "gen9randombattle", "rating": null, "private": 0, "password": null, "player_dets": [{"name": "opik8", "avatar": "colress", "rating": 2120, "seed": "sodium,3260a2273a73ab50c66029347aface4f"}, {"name": "BTS fan forevahh", "avatar": "170", "rating": 2120, "seed": "sodium,2a12b8bc652eef786b79b5e776cdccf7"}], "teams_full": [{"Iron Jugulis": {"name": "Iron Jugulis", "species": "Iron Jugulis", "speciesId": "ironjugulis", "gender": "N", "shiny": false, "level": 77, "moves": ["meteorbeam", "hurricane", "darkpulse", "earthpower"], "ability": "Quark Drive", "evs": {"hp": 85, "atk": 0, "def": 85, "spa": 85, "spd": 85, "spe": 85}, "ivs": {"hp": 31, "atk": 0, "def": 31, "spa": 31, "spd": 31, "spe": 31}, "item": "Power Herb", "teraType": "Dark", "role": "Setup Sweeper", "bvs": {"hp": 94, "atk": 80, "def": 86, "spa": 122, "spd": 80, "spe": 108}, "stats": {"hp": 271, "atk": 128, "def": 177, "spa": 232, "spd": 168, "spe": 211}, "types": ["Dark", "Flying"]}, "Decidueye": {"name": "Decidueye", "species": "Decidueye", "speciesId": "decidueye", "gender": "F", "shiny": false, "level": 88, "moves": ["leafblade", "swordsdance", "poltergeist", "shadowsneak"], "ability": "Overgrow", "evs": {"hp": 85, "atk": 85, "def": 85, "spa": 85, "spd": 85, "spe": 85}, "ivs": {"hp": 31, "atk": 31, "def": 31, "spa": 31, "spd": 31, "spe": 31}, "item": "Life Orb", "teraType": "Ghost", "role": "Setup Sweeper", "bvs": {"hp": 78, "atk": 107, "def": 75, "spa": 100, "spd": 100, "spe": 70}, "stats": {"hp": 281, "atk": 239, "def": 182, "spa": 226, "spd": 226, "spe": 173}, "types": ["Grass", "Ghost"]}, "Arboliva": {"name": "Arboliva", "species": "Arboliva", "speciesId": "arboliva", "gender": "M", "shiny": false, "level": 91, "moves": ["energyball", "strengthsap", "hypervoice", "earthpower"], "ability": "Seed Sower", "evs": {"hp": 85, "atk": 0, "def": 85, "spa": 85, "spd": 85, "spe": 85}, "ivs": {"hp": 31, "atk": 0, "def": 31, "spa": 31, "spd": 31, "spe": 31}, "item": "Leftovers", "teraType": "Grass", "role": "Bulky Attacker", "bvs": {"hp": 78, "atk": 69, "def": 90, "spa": 125, "spd": 109, "spe": 39}, "stats": {"hp": 290, "atk": 130, "def": 216, "spa": 279, "spd": 250, "spe": 123}, "types": ["Grass", "Normal"]}, "Tyranitar": {"name": "Tyranitar", "species": "Tyranitar", "speciesId": "tyranitar", "gender": "M", "shiny": false, "level": 78, "moves": ["stoneedge", "knockoff", "dragontail", "thunderwave"], "ability": "Sand Stream", "evs": {"hp": 85, "atk": 85, "def": 85, "spa": 85, "spd": 85, "spe": 85}, "ivs": {"hp": 31, "atk": 31, "def": 31, "spa": 31, "spd": 31, "spe": 31}, "item": "Leftovers", "teraType": "Rock", "role": "Bulky Support", "bvs": {"hp": 100, "atk": 134, "def": 110, "spa": 95, "spd": 100, "spe": 61}, "stats": {"hp": 284, "atk": 254, "def": 217, "spa": 193, "spd": 201, "spe": 140}, "types": ["Rock", "Dark"]}, "Pincurchin": {"name": "Pincurchin", "species": "Pincurchin", "speciesId": "pincurchin", "gender": "M", "shiny": false, "level": 100, "moves": ["toxicspikes", "scald", "recover", "thunderbolt"], "ability": "Electric Surge", "evs": {"hp": 85, "atk": 0, "def": 85, "spa": 85, "spd": 85, "spe": 85}, "ivs": {"hp": 31, "atk": 0, "def": 31, "spa": 31, "spd": 31, "spe": 31}, "item": "Leftovers", "teraType": "Water", "role": "Bulky Attacker", "bvs": {"hp": 48, "atk": 101, "def": 95, "spa": 91, "spd": 85, "spe": 15}, "stats": {"hp": 258, "atk": 207, "def": 247, "spa": 239, "spd": 227, "spe": 87}, "types": ["Electric"]}, "Baxcalibur": {"name": "Baxcalibur", "species": "Baxcalibur", "speciesId": "baxcalibur", "gender": "M", "shiny": false, "level": 75, "moves": ["glaiverush", "iciclecrash", "earthquake", "dragondance"], "ability": "Thermal Exchange", "evs": {"hp": 85, "atk": 85, "def": 85, "spa": 85, "spd": 85, "spe": 85}, "ivs": {"hp": 31, "atk": 31, "def": 31, "spa": 31, "spd": 31, "spe": 31}, "item": "Heavy-Duty Boots", "teraType": "Dragon", "role": "Setup Sweeper", "bvs": {"hp": 115, "atk": 145, "def": 92, "spa": 75, "spd": 86, "spe": 87}, "stats": {"hp": 296, "atk": 261, "def": 182, "spa": 156, "spd": 173, "spe": 174}, "types": ["Dragon", "Ice"]}}, {"Pachirisu": {"name": "Pachirisu", "species": "Pachirisu", "speciesId": "pachirisu", "gender": "F", "shiny": false, "level": 96, "moves": ["discharge", "superfang", "uturn", "encore"], "ability": "Volt Absorb", "evs": {"hp": 85, "atk": 85, "def": 85, "spa": 85, "spd": 85, "spe": 85}, "ivs": {"hp": 31, "atk": 31, "def": 31, "spa": 31, "spd": 31, "spe": 31}, "item": "Heavy-Duty Boots", "teraType": "Flying", "role": "Fast Support", "bvs": {"hp": 60, "atk": 45, "def": 70, "spa": 45, "spd": 90, "spe": 95}, "stats": {"hp": 271, "atk": 141, "def": 189, "spa": 141, "spd": 227, "spe": 237}, "types": ["Electric"]}, "Gengar": {"name": "Gengar", "species": "Gengar", "speciesId": "gengar", "gender": "M", "shiny": false, "level": 81, "moves": ["trick", "sludgewave", "focusblast", "shadowball"], "ability": "Cursed Body", "evs": {"hp": 85, "atk": 0, "def": 85, "spa": 85, "spd": 85, "spe": 85}, "ivs": {"hp": 31, "atk": 0, "def": 31, "spa": 31, "spd": 31, "spe": 31}, "item": "Choice Specs", "teraType": "Fighting", "role": "Wallbreaker", "bvs": {"hp": 60, "atk": 65, "def": 60, "spa": 130, "spd": 75, "spe": 110}, "stats": {"hp": 230, "atk": 110, "def": 144, "spa": 257, "spd": 168, "spe": 225}, "types": ["Ghost", "Poison"]}, "Excadrill": {"name": "Excadrill", "species": "Excadrill", "speciesId": "excadrill", "gender": "F", "shiny": false, "level": 79, "moves": ["rapidspin", "earthquake", "ironhead", "swordsdance"], "ability": "Mold Breaker", "evs": {"hp": 85, "atk": 85, "def": 85, "spa": 85, "spd": 85, "spe": 85}, "ivs": {"hp": 31, "atk": 31, "def": 31, "spa": 31, "spd": 31, "spe": 31}, "item": "Leftovers", "teraType": "Ground", "role": "Bulky Setup", "bvs": {"hp": 110, "atk": 135, "def": 60, "spa": 50, "spd": 65, "spe": 88}, "stats": {"hp": 303, "atk": 259, "def": 140, "spa": 125, "spd": 148, "spe": 185}, "types": ["Ground", "Steel"]}, "Araquanid": {"name": "Araquanid", "species": "Araquanid", "speciesId": "araquanid", "gender": "F", "shiny": false, "level": 82, "moves": ["stickyweb", "leechlife", "mirrorcoat", "liquidation"], "ability": "Water Bubble", "evs": {"hp": 85, "atk": 85, "def": 85, "spa": 85, "spd": 85, "spe": 85}, "ivs": {"hp": 31, "atk": 31, "def": 31, "spa": 31, "spd": 31, "spe": 31}, "item": "Heavy-Duty Boots", "teraType": "Water", "role": "Bulky Attacker", "bvs": {"hp": 68, "atk": 70, "def": 92, "spa": 50, "spd": 132, "spe": 42}, "stats": {"hp": 246, "atk": 162, "def": 198, "spa": 129, "spd": 264, "spe": 116}, "types": ["Water", "Bug"]}, "Scrafty": {"name": "Scrafty", "species": "Scrafty", "speciesId": "scrafty", "gender": "F", "shiny": false, "level": 83, "moves": ["bulkup", "drainpunch", "rest", "knockoff"], "ability": "Shed Skin", "evs": {"hp": 85, "atk": 85, "def": 85, "spa": 85, "spd": 85, "spe": 85}, "ivs": {"hp": 31, "atk": 31, "def": 31, "spa": 31, "spd": 31, "spe": 31}, "item": "Leftovers", "teraType": "Poison", "role": "Bulky Setup", "bvs": {"hp": 65, "atk": 90, "def": 115, "spa": 45, "spd": 115, "spe": 58}, "stats": {"hp": 244, "atk": 197, "def": 239, "spa": 122, "spd": 239, "spe": 144}, "types": ["Dark", "Fighting"]}, "Gardevoir": {"name": "Gardevoir", "species": "Gardevoir", "speciesId": "gardevoir", "gender": "M", "shiny": false, "level": 83, "moves": ["moonblast", "focusblast", "mysticalfire", "psyshock"], "ability": "Trace", "evs": {"hp": 85, "atk": 0, "def": 85, "spa": 85, "spd": 85, "spe": 85}, "ivs": {"hp": 31, "atk": 0, "def": 31, "spa": 31, "spd": 31, "spe": 31}, "item": "Choice Scarf", "teraType": "Fire", "role": "Fast Attacker", "bvs": {"hp": 68, "atk": 65, "def": 65, "spa": 125, "spd": 115, "spe": 80}, "stats": {"hp": 249, "atk": 112, "def": 156, "spa": 255, "spd": 239, "spe": 180}, "types": ["Psychic", "Fairy"]}}]}