{"id": "gen9randombattle-2642090126", "format": "[Gen 9] Random Battle", "players": ["naeuuu", "dandandandandandan"], "log": "|j|\u2606naeuuu\n|j|\u2606dandandandandandan\n|t:|1782887704\n|gametype|singles\n|player|p1|naeuuu|red|1080\n|player|p2|dandandandandandan|chili|1140\n|gen|9\n|tier|[Gen 9] Random Battle\n|rated|\n|rule|Species Clause: Limit one of each Pok\u00e9mon\n|rule|HP Percentage Mod: HP is shown in percentages\n|rule|Sleep Clause Mod: Limit one foe put to sleep\n|rule|Illusion Level Mod: Illusion disguises the Pok\u00e9mon's true level\n|\n|t:|1782887704\n|teamsize|p1|6\n|teamsize|p2|6\n|start\n|switch|p1a: Mudsdale|Mudsdale, L83, F|302/302\n|switch|p2a: Oinkologne|Oinkologne, L92, M|352/352\n|turn|1\n|c|\u2606dandandandandandan|GLHF!!\n|\n|t:|1782887733\n|switch|p1a: Spiritomb|Spiritomb, L89, M|234/234\n|move|p2a: Oinkologne|Curse|p2a: Oinkologne\n|-unboost|p2a: Oinkologne|spe|1\n|-boost|p2a: Oinkologne|atk|1\n|-boost|p2a: Oinkologne|def|1\n|\n|upkeep\n|turn|2\n|inactive|Battle timer is ON: inactive players will automatically lose when time's up. (requested by naeuuu)\n|\n|t:|1782887753\n|move|p2a: Oinkologne|High Horsepower|p1a: Spiritomb\n|-damage|p1a: Spiritomb|127/234\n|move|p1a: Spiritomb|Foul Play|p2a: Oinkologne\n|-damage|p2a: Oinkologne|240/352\n|\n|-heal|p2a: Oinkologne|262/352|[from] item: Leftovers\n|-heal|p1a: Spiritomb|141/234|[from] item: Leftovers\n|upkeep\n|turn|3\n|\n|t:|1782887764\n|move|p2a: Oinkologne|Lash Out|p1a: Spiritomb\n|-crit|p1a: Spiritomb\n|-damage|p1a: Spiritomb|14/234\n|move|p1a: Spiritomb|Toxic|p2a: Oinkologne\n|-status|p2a: Oinkologne|tox\n|\n|-heal|p2a: Oinkologne|284/352 tox|[from] item: Leftovers\n|-heal|p1a: Spiritomb|28/234|[from] item: Leftovers\n|-damage|p2a: Oinkologne|262/352 tox|[from] psn\n|upkeep\n|turn|4\n|\n|t:|1782887776\n|move|p1a: Spiritomb|Sucker Punch|p2a: Oinkologne\n|-damage|p2a: Oinkologne|202/352 tox\n|move|p2a: Oinkologne|High Horsepower|p1a: Spiritomb\n|-damage|p1a: Spiritomb|0 fnt\n|faint|p1a: Spiritomb\n|\n|-heal|p2a: Oinkologne|224/352 tox|[from] item: Leftovers\n|-damage|p2a: Oinkologne|180/352 tox|[from] psn\n|upkeep\n|inactive|naeuuu has 120 seconds left.\n|\n|t:|1782887810\n|switch|p1a: Sandaconda|Sandaconda, L84, F|258/258\n|turn|5\n|inactive|naeuuu has 120 seconds left.\n|\n|t:|1782887828\n|move|p1a: Sandaconda|Coil|p1a: Sandaconda\n|-boost|p1a: Sandaconda|atk|1\n|-boost|p1a: Sandaconda|def|1\n|-boost|p1a: Sandaconda|accuracy|1\n|move|p2a: Oinkologne|Curse|p2a: Oinkologne\n|-unboost|p2a: Oinkologne|spe|1\n|-boost|p2a: Oinkologne|atk|1\n|-boost|p2a: Oinkologne|def|1\n|\n|-heal|p2a: Oinkologne|202/352 tox|[from] item: Leftovers\n|-damage|p2a: Oinkologne|136/352 tox|[from] psn\n|upkeep\n|turn|6\n|inactive|naeuuu has 120 seconds left.\n|\n|t:|1782887844\n|move|p1a: Sandaconda|Stone Edge|p2a: Oinkologne\n|-damage|p2a: Oinkologne|75/352 tox\n|move|p2a: Oinkologne|High Horsepower|p1a: Sandaconda\n|-damage|p1a: Sandaconda|178/258\n|\n|-heal|p1a: Sandaconda|194/258|[from] item: Leftovers\n|-heal|p2a: Oinkologne|97/352 tox|[from] item: Leftovers\n|-damage|p2a: Oinkologne|9/352 tox|[from] psn\n|upkeep\n|turn|7\n|inactive|naeuuu has 120 seconds left.\n|\n|t:|1782887855\n|move|p1a: Sandaconda|Coil|p1a: Sandaconda\n|-boost|p1a: Sandaconda|atk|1\n|-boost|p1a: Sandaconda|def|1\n|-boost|p1a: Sandaconda|accuracy|1\n|move|p2a: Oinkologne|Lash Out|p1a: Sandaconda\n|-damage|p1a: Sandaconda|142/258\n|\n|-heal|p1a: Sandaconda|158/258|[from] item: Leftovers\n|-heal|p2a: Oinkologne|31/352 tox|[from] item: Leftovers\n|-damage|p2a: Oinkologne|0 fnt|[from] psn\n|faint|p2a: Oinkologne\n|upkeep\n|inactive|dandandandandandan has 120 seconds left.\n|\n|t:|1782887883\n|switch|p2a: Gliscor|Gliscor, L76, M|239/239\n|turn|8\n|inactive|dandandandandandan has 120 seconds left.\n|inactive|naeuuu has 120 seconds left.\n|\n|t:|1782887918\n|move|p2a: Gliscor|Toxic|p1a: Sandaconda\n|-status|p1a: Sandaconda|tox\n|move|p1a: Sandaconda|Stone Edge|p2a: Gliscor\n|-damage|p2a: Gliscor|118/239\n|\n|-activate|p1a: Sandaconda|ability: Shed Skin\n|-curestatus|p1a: Sandaconda|tox|[msg]\n|-heal|p1a: Sandaconda|174/258|[from] item: Leftovers\n|-status|p2a: Gliscor|tox|[from] item: Toxic Orb\n|upkeep\n|turn|9\n|inactive|dandandandandandan has 90 seconds left.\n|\n|t:|1782887950\n|move|p2a: Gliscor|Protect|p2a: Gliscor\n|-singleturn|p2a: Gliscor|Protect\n|move|p1a: Sandaconda|Stone Edge|p2a: Gliscor\n|-activate|p2a: Gliscor|move: Protect\n|\n|-heal|p1a: Sandaconda|190/258|[from] item: Leftovers\n|-heal|p2a: Gliscor|147/239 tox|[from] ability: Poison Heal\n|upkeep\n|turn|10\n|inactive|dandandandandandan has 90 seconds left.\n|\n|t:|1782887963\n|move|p2a: Gliscor|Substitute|p2a: Gliscor\n|-start|p2a: Gliscor|Substitute\n|-damage|p2a: Gliscor|88/239 tox\n|move|p1a: Sandaconda|Stone Edge|p2a: Gliscor\n|-crit|p2a: Gliscor\n|-end|p2a: Gliscor|Substitute\n|\n|-heal|p1a: Sandaconda|206/258|[from] item: Leftovers\n|-heal|p2a: Gliscor|117/239 tox|[from] ability: Poison Heal\n|upkeep\n|turn|11\n|inactive|dandandandandandan has 90 seconds left.\n|\n|t:|1782887973\n|move|p2a: Gliscor|Protect|p2a: Gliscor\n|-singleturn|p2a: Gliscor|Protect\n|move|p1a: Sandaconda|Stone Edge|p2a: Gliscor\n|-activate|p2a: Gliscor|move: Protect\n|\n|-heal|p1a: Sandaconda|222/258|[from] item: Leftovers\n|-heal|p2a: Gliscor|146/239 tox|[from] ability: Poison Heal\n|upkeep\n|turn|12\n|\n|t:|1782887991\n|move|p2a: Gliscor|Substitute|p2a: Gliscor\n|-start|p2a: Gliscor|Substitute\n|-damage|p2a: Gliscor|87/239 tox\n|move|p1a: Sandaconda|Stone Edge|p2a: Gliscor\n|-end|p2a: Gliscor|Substitute\n|\n|-heal|p1a: Sandaconda|238/258|[from] item: Leftovers\n|-heal|p2a: Gliscor|116/239 tox|[from] ability: Poison Heal\n|upkeep\n|turn|13\n|\n|t:|1782888002\n|move|p2a: Gliscor|Protect|p2a: Gliscor\n|-singleturn|p2a: Gliscor|Protect\n|move|p1a: Sandaconda|Stone Edge|p2a: Gliscor\n|-activate|p2a: Gliscor|move: Protect\n|\n|-heal|p1a: Sandaconda|254/258|[from] item: Leftovers\n|-heal|p2a: Gliscor|145/239 tox|[from] ability: Poison Heal\n|upkeep\n|turn|14\n|\n|t:|1782888012\n|move|p2a: Gliscor|Substitute|p2a: Gliscor\n|-start|p2a: Gliscor|Substitute\n|-damage|p2a: Gliscor|86/239 tox\n|move|p1a: Sandaconda|Stone Edge|p2a: Gliscor\n|-end|p2a: Gliscor|Substitute\n|\n|-heal|p1a: Sandaconda|258/258|[from] item: Leftovers\n|-heal|p2a: Gliscor|115/239 tox|[from] ability: Poison Heal\n|upkeep\n|turn|15\n|inactive|naeuuu has 90 seconds left.\n|inactive|dandandandandandan has 90 seconds left.\n|inactive|naeuuu has 60 seconds left.\n|\n|t:|1782888085\n|move|p2a: Gliscor|Substitute|p2a: Gliscor\n|-start|p2a: Gliscor|Substitute\n|-damage|p2a: Gliscor|56/239 tox\n|move|p1a: Sandaconda|Coil|p1a: Sandaconda\n|-boost|p1a: Sandaconda|atk|1\n|-boost|p1a: Sandaconda|def|1\n|-boost|p1a: Sandaconda|accuracy|1\n|\n|-heal|p2a: Gliscor|85/239 tox|[from] ability: Poison Heal\n|upkeep\n|turn|16\n|inactive|dandandandandandan has 90 seconds left.\n|c|\u2606naeuuu|Can u stop\n|c|\u2606dandandandandandan|stop what?\n|\n|t:|1782888105\n|move|p2a: Gliscor|Toxic|p1a: Sandaconda\n|-status|p1a: Sandaconda|tox\n|move|p1a: Sandaconda|Coil|p1a: Sandaconda\n|-boost|p1a: Sandaconda|atk|1\n|-boost|p1a: Sandaconda|def|1\n|-boost|p1a: Sandaconda|accuracy|1\n|\n|-activate|p1a: Sandaconda|ability: Shed Skin\n|-curestatus|p1a: Sandaconda|tox|[msg]\n|-heal|p2a: Gliscor|114/239 tox|[from] ability: Poison Heal\n|upkeep\n|turn|17\n|\n|t:|1782888119\n|move|p2a: Gliscor|Earthquake|p1a: Sandaconda\n|-damage|p1a: Sandaconda|233/258\n|move|p1a: Sandaconda|Coil|p1a: Sandaconda\n|-boost|p1a: Sandaconda|atk|1\n|-boost|p1a: Sandaconda|def|1\n|-boost|p1a: Sandaconda|accuracy|1\n|\n|-heal|p1a: Sandaconda|249/258|[from] item: Leftovers\n|-heal|p2a: Gliscor|143/239 tox|[from] ability: Poison Heal\n|upkeep\n|turn|18\n|inactive|dandandandandandan has 60 seconds left.\n|\n|t:|1782888164\n|switch|p2a: Grimmsnarl|Grimmsnarl, L83, M|293/293\n|move|p1a: Sandaconda|Coil|p1a: Sandaconda\n|-boost|p1a: Sandaconda|atk|1\n|-boost|p1a: Sandaconda|def|1\n|-boost|p1a: Sandaconda|accuracy|1\n|\n|-heal|p1a: Sandaconda|258/258|[from] item: Leftovers\n|upkeep\n|turn|19\n|\n|t:|1782888175\n|move|p2a: Grimmsnarl|Parting Shot|p1a: Sandaconda\n|-unboost|p1a: Sandaconda|atk|1\n|-unboost|p1a: Sandaconda|spa|1\n|\n|t:|1782888184\n|switch|p2a: Deoxys|Deoxys-Defense, L84|221/221|[from] Parting Shot\n|-ability|p2a: Deoxys|Pressure\n|move|p1a: Sandaconda|Glare|p2a: Deoxys\n|-status|p2a: Deoxys|par\n|\n|upkeep\n|turn|20\n|inactive|dandandandandandan has 60 seconds left.\n|\n|t:|1782888197\n|move|p1a: Sandaconda|Earthquake|p2a: Deoxys\n|-damage|p2a: Deoxys|0 fnt\n|faint|p2a: Deoxys\n|\n|upkeep\n|inactive|dandandandandandan has 60 seconds left.\n|\n|t:|1782888212\n|switch|p2a: Grimmsnarl|Grimmsnarl, L83, M|293/293\n|turn|21\n|inactive|dandandandandandan has 60 seconds left.\n|\n|t:|1782888220\n|move|p2a: Grimmsnarl|Taunt|p1a: Sandaconda\n|-start|p1a: Sandaconda|move: Taunt\n|move|p1a: Sandaconda|Earthquake|p2a: Grimmsnarl\n|-damage|p2a: Grimmsnarl|0 fnt\n|faint|p2a: Grimmsnarl\n|\n|upkeep\n|inactive|dandandandandandan has 60 seconds left.\n|\n|t:|1782888243\n|switch|p2a: Gliscor|Gliscor, L76, M|143/239 tox\n|turn|22\n|\n|t:|1782888265\n|move|p2a: Gliscor|Toxic|p1a: Sandaconda\n|-status|p1a: Sandaconda|tox\n|move|p1a: Sandaconda|Earthquake|p2a: Gliscor\n|-immune|p2a: Gliscor\n|\n|-heal|p2a: Gliscor|172/239 tox|[from] ability: Poison Heal\n|-damage|p1a: Sandaconda|242/258 tox|[from] psn\n|upkeep\n|turn|23\n|\n|t:|1782888277\n|-terastallize|p1a: Sandaconda|Steel\n|move|p2a: Gliscor|Protect|p2a: Gliscor\n|-singleturn|p2a: Gliscor|Protect\n|move|p1a: Sandaconda|Earthquake|p2a: Gliscor\n|-activate|p2a: Gliscor|move: Protect\n|\n|-activate|p1a: Sandaconda|ability: Shed Skin\n|-curestatus|p1a: Sandaconda|tox|[msg]\n|-heal|p1a: Sandaconda|258/258|[from] item: Leftovers\n|-heal|p2a: Gliscor|201/239 tox|[from] ability: Poison Heal\n|-end|p1a: Sandaconda|move: Taunt\n|upkeep\n|turn|24\n|inactive|dandandandandandan has 30 seconds left.\n|\n|t:|1782888296\n|move|p2a: Gliscor|Substitute|p2a: Gliscor\n|-start|p2a: Gliscor|Substitute\n|-damage|p2a: Gliscor|142/239 tox\n|move|p1a: Sandaconda|Coil|p1a: Sandaconda\n|-boost|p1a: Sandaconda|atk|1\n|-boost|p1a: Sandaconda|def|0\n|-boost|p1a: Sandaconda|accuracy|0\n|\n|-heal|p2a: Gliscor|171/239 tox|[from] ability: Poison Heal\n|upkeep\n|turn|25\n|inactive|naeuuu has 60 seconds left.\n|\n|t:|1782888317\n|move|p2a: Gliscor|Earthquake|p1a: Sandaconda\n|-supereffective|p1a: Sandaconda\n|-crit|p1a: Sandaconda\n|-damage|p1a: Sandaconda|60/258\n|move|p1a: Sandaconda|Coil|p1a: Sandaconda\n|-boost|p1a: Sandaconda|atk|0\n|-boost|p1a: Sandaconda|def|0\n|-boost|p1a: Sandaconda|accuracy|0\n|\n|-heal|p1a: Sandaconda|76/258|[from] item: Leftovers\n|-heal|p2a: Gliscor|200/239 tox|[from] ability: Poison Heal\n|upkeep\n|turn|26\n|inactive|naeuuu has 60 seconds left.\n|\n|t:|1782888328\n|move|p2a: Gliscor|Earthquake|p1a: Sandaconda\n|-supereffective|p1a: Sandaconda\n|-damage|p1a: Sandaconda|44/258\n|move|p1a: Sandaconda|Glare||[still]\n|-fail|p1a: Sandaconda\n|\n|-heal|p1a: Sandaconda|60/258|[from] item: Leftovers\n|-heal|p2a: Gliscor|229/239 tox|[from] ability: Poison Heal\n|upkeep\n|turn|27\n|inactive|naeuuu has 60 seconds left.\n|\n|t:|1782888339\n|move|p2a: Gliscor|Earthquake|p1a: Sandaconda\n|-supereffective|p1a: Sandaconda\n|-damage|p1a: Sandaconda|24/258\n|move|p1a: Sandaconda|Coil|p1a: Sandaconda\n|-boost|p1a: Sandaconda|atk|0\n|-boost|p1a: Sandaconda|def|0\n|-boost|p1a: Sandaconda|accuracy|0\n|\n|-heal|p1a: Sandaconda|40/258|[from] item: Leftovers\n|-heal|p2a: Gliscor|239/239 tox|[from] ability: Poison Heal\n|upkeep\n|turn|28\n|inactive|naeuuu has 60 seconds left.\n|c|\u2606dandandandandandan|IT ALL WORKS OUT?\n|\n|t:|1782888359\n|move|p2a: Gliscor|Earthquake|p1a: Sandaconda\n|-supereffective|p1a: Sandaconda\n|-damage|p1a: Sandaconda|8/258\n|move|p1a: Sandaconda|Coil|p1a: Sandaconda\n|-boost|p1a: Sandaconda|atk|0\n|-boost|p1a: Sandaconda|def|0\n|-boost|p1a: Sandaconda|accuracy|0\n|\n|-heal|p1a: Sandaconda|24/258|[from] item: Leftovers\n|upkeep\n|turn|29\n|\n|t:|1782888368\n|move|p2a: Gliscor|Earthquake|p1a: Sandaconda\n|-supereffective|p1a: Sandaconda\n|-damage|p1a: Sandaconda|0 fnt\n|faint|p1a: Sandaconda\n|\n|upkeep\n|\n|t:|1782888378\n|switch|p1a: Chimecho|Chimecho, L93, F|290/290\n|turn|30\n|c|\u2606dandandandandandan|i totally thought i lost forever ago\n|inactive|naeuuu has 60 seconds left.\n|inactive|dandandandandandan has 60 seconds left.\n|\n|t:|1782888385\n|move|p2a: Gliscor|Toxic|p1a: Chimecho\n|-status|p1a: Chimecho|tox\n|move|p1a: Chimecho|Cosmic Power|p1a: Chimecho\n|-boost|p1a: Chimecho|def|1\n|-boost|p1a: Chimecho|spd|1\n|\n|-damage|p1a: Chimecho|272/290 tox|[from] psn\n|upkeep\n|turn|31\n|inactive|naeuuu has 60 seconds left.\n|inactive|dandandandandandan has 60 seconds left.\n|\n|t:|1782888406\n|move|p2a: Gliscor|Earthquake|p1a: Chimecho\n|-immune|p1a: Chimecho|[from] ability: Levitate\n|move|p1a: Chimecho|Cosmic Power|p1a: Chimecho\n|-boost|p1a: Chimecho|def|1\n|-boost|p1a: Chimecho|spd|1\n|\n|-heal|p1a: Chimecho|290/290 tox|[from] item: Leftovers\n|-damage|p1a: Chimecho|254/290 tox|[from] psn\n|upkeep\n|turn|32\n|inactive|naeuuu has 60 seconds left.\n|\n|t:|1782888422\n|move|p2a: Gliscor|Toxic|p1a: Chimecho\n|-fail|p1a: Chimecho|tox\n|move|p1a: Chimecho|Stored Power|p2a: Gliscor\n|-end|p2a: Gliscor|Substitute\n|\n|-heal|p1a: Chimecho|272/290 tox|[from] item: Leftovers\n|-damage|p1a: Chimecho|218/290 tox|[from] psn\n|upkeep\n|turn|33\n|\n|t:|1782888431\n|move|p2a: Gliscor|Protect|p2a: Gliscor\n|-singleturn|p2a: Gliscor|Protect\n|move|p1a: Chimecho|Stored Power|p2a: Gliscor\n|-activate|p2a: Gliscor|move: Protect\n|\n|-heal|p1a: Chimecho|236/290 tox|[from] item: Leftovers\n|-damage|p1a: Chimecho|164/290 tox|[from] psn\n|upkeep\n|turn|34\n|\n|t:|1782888440\n|move|p2a: Gliscor|Substitute|p2a: Gliscor\n|-start|p2a: Gliscor|Substitute\n|-damage|p2a: Gliscor|180/239 tox\n|move|p1a: Chimecho|Cosmic Power|p1a: Chimecho\n|-boost|p1a: Chimecho|def|1\n|-boost|p1a: Chimecho|spd|1\n|\n|-heal|p1a: Chimecho|182/290 tox|[from] item: Leftovers\n|-heal|p2a: Gliscor|209/239 tox|[from] ability: Poison Heal\n|-damage|p1a: Chimecho|92/290 tox|[from] psn\n|upkeep\n|turn|35\n|inactive|dandandandandandan has 60 seconds left.\n|\n|t:|1782888453\n|move|p2a: Gliscor|Protect|p2a: Gliscor\n|-singleturn|p2a: Gliscor|Protect\n|move|p1a: Chimecho|Recover|p1a: Chimecho\n|-heal|p1a: Chimecho|237/290 tox\n|\n|-heal|p1a: Chimecho|255/290 tox|[from] item: Leftovers\n|-heal|p2a: Gliscor|238/239 tox|[from] ability: Poison Heal\n|-damage|p1a: Chimecho|147/290 tox|[from] psn\n|upkeep\n|turn|36\n|inactive|dandandandandandan has 60 seconds left.\n|\n|t:|1782888469\n|move|p2a: Gliscor|Toxic|p1a: Chimecho\n|-fail|p1a: Chimecho|tox\n|move|p1a: Chimecho|Stored Power|p2a: Gliscor\n|-end|p2a: Gliscor|Substitute\n|\n|-heal|p1a: Chimecho|165/290 tox|[from] item: Leftovers\n|-heal|p2a: Gliscor|239/239 tox|[from] ability: Poison Heal\n|-damage|p1a: Chimecho|39/290 tox|[from] psn\n|upkeep\n|turn|37\n|\n|t:|1782888479\n|move|p2a: Gliscor|Protect|p2a: Gliscor\n|-singleturn|p2a: Gliscor|Protect\n|move|p1a: Chimecho|Recover|p1a: Chimecho\n|-heal|p1a: Chimecho|184/290 tox\n|\n|-heal|p1a: Chimecho|202/290 tox|[from] item: Leftovers\n|-damage|p1a: Chimecho|58/290 tox|[from] psn\n|upkeep\n|turn|38\n|inactive|dandandandandandan has 60 seconds left.\n|\n|t:|1782888489\n|move|p2a: Gliscor|Substitute|p2a: Gliscor\n|-start|p2a: Gliscor|Substitute\n|-damage|p2a: Gliscor|180/239 tox\n|move|p1a: Chimecho|Stored Power|p2a: Gliscor\n|-end|p2a: Gliscor|Substitute\n|\n|-heal|p1a: Chimecho|76/290 tox|[from] item: Leftovers\n|-heal|p2a: Gliscor|209/239 tox|[from] ability: Poison Heal\n|-damage|p1a: Chimecho|0 fnt|[from] psn\n|faint|p1a: Chimecho\n|upkeep\n|inactive|naeuuu has 60 seconds left.\n|\n|t:|1782888521\n|switch|p1a: Seviper|Seviper, L93, F|287/287\n|turn|39\n|\n|t:|1782888531\n|move|p2a: Gliscor|Substitute|p2a: Gliscor\n|-start|p2a: Gliscor|Substitute\n|-damage|p2a: Gliscor|150/239 tox\n|move|p1a: Seviper|Swords Dance|p1a: Seviper\n|-boost|p1a: Seviper|atk|2\n|\n|-heal|p2a: Gliscor|179/239 tox|[from] ability: Poison Heal\n|upkeep\n|turn|40\n|\n|t:|1782888544\n|move|p2a: Gliscor|Earthquake|p1a: Seviper\n|-supereffective|p1a: Seviper\n|-damage|p1a: Seviper|87/287\n|move|p1a: Seviper|Trailblaze|p2a: Gliscor\n|-end|p2a: Gliscor|Substitute\n|-boost|p1a: Seviper|spe|1\n|\n|-heal|p1a: Seviper|104/287|[from] item: Leftovers\n|-heal|p2a: Gliscor|208/239 tox|[from] ability: Poison Heal\n|upkeep\n|turn|41\n|\n|t:|1782888560\n|move|p2a: Gliscor|Protect|p2a: Gliscor\n|-singleturn|p2a: Gliscor|Protect\n|move|p1a: Seviper|Trailblaze|p2a: Gliscor\n|-activate|p2a: Gliscor|move: Protect\n|\n|-heal|p1a: Seviper|121/287|[from] item: Leftovers\n|-heal|p2a: Gliscor|237/239 tox|[from] ability: Poison Heal\n|upkeep\n|turn|42\n|\n|t:|1782888574\n|move|p1a: Seviper|Trailblaze|p2a: Gliscor\n|-damage|p2a: Gliscor|159/239 tox\n|-boost|p1a: Seviper|spe|1\n|move|p2a: Gliscor|Earthquake|p1a: Seviper\n|-supereffective|p1a: Seviper\n|-damage|p1a: Seviper|0 fnt\n|faint|p1a: Seviper\n|\n|-heal|p2a: Gliscor|188/239 tox|[from] ability: Poison Heal\n|upkeep\n|\n|t:|1782888587\n|switch|p1a: Mudsdale|Mudsdale, L83, F|302/302\n|turn|43\n|\n|t:|1782888603\n|move|p2a: Gliscor|Substitute|p2a: Gliscor\n|-start|p2a: Gliscor|Substitute\n|-damage|p2a: Gliscor|129/239 tox\n|move|p1a: Mudsdale|Heavy Slam|p2a: Gliscor\n|-crit|p2a: Gliscor\n|-end|p2a: Gliscor|Substitute\n|\n|-heal|p2a: Gliscor|158/239 tox|[from] ability: Poison Heal\n|upkeep\n|turn|44\n|\n|t:|1782888613\n|move|p2a: Gliscor|Protect|p2a: Gliscor\n|-singleturn|p2a: Gliscor|Protect\n|move|p1a: Mudsdale|Heavy Slam|p2a: Gliscor\n|-activate|p2a: Gliscor|move: Protect\n|\n|-heal|p2a: Gliscor|187/239 tox|[from] ability: Poison Heal\n|upkeep\n|turn|45\n|c|\u2606naeuuu|bro this isn\u2019t fair\n|\n|t:|1782888634\n|move|p2a: Gliscor|Substitute|p2a: Gliscor\n|-start|p2a: Gliscor|Substitute\n|-damage|p2a: Gliscor|128/239 tox\n|move|p1a: Mudsdale|Stealth Rock|p2a: Gliscor\n|-sidestart|p2: dandandandandandan|move: Stealth Rock\n|\n|-heal|p2a: Gliscor|157/239 tox|[from] ability: Poison Heal\n|upkeep\n|turn|46\n|c|\u2606dandandandandandan|LMAOOO\n|\n|t:|1782888644\n|move|p2a: Gliscor|Toxic|p1a: Mudsdale\n|-status|p1a: Mudsdale|tox\n|move|p1a: Mudsdale|Stone Edge|p2a: Gliscor|[miss]\n|-miss|p1a: Mudsdale|p2a: Gliscor\n|\n|-heal|p2a: Gliscor|186/239 tox|[from] ability: Poison Heal\n|-damage|p1a: Mudsdale|284/302 tox|[from] psn\n|upkeep\n|turn|47\n|c|\u2606dandandandandandan|hey man i don't know either\n|c|\u2606dandandandandandan|i only started playing a week ago\n|\n|t:|1782888665\n|move|p2a: Gliscor|Protect|p2a: Gliscor\n|-singleturn|p2a: Gliscor|Protect\n|move|p1a: Mudsdale|Heavy Slam|p2a: Gliscor\n|-activate|p2a: Gliscor|move: Protect\n|\n|-heal|p1a: Mudsdale|302/302 tox|[from] item: Leftovers\n|-heal|p2a: Gliscor|215/239 tox|[from] ability: Poison Heal\n|-damage|p1a: Mudsdale|266/302 tox|[from] psn\n|upkeep\n|turn|48\n|\n|t:|1782888679\n|move|p2a: Gliscor|Earthquake|p1a: Mudsdale\n|-damage|p1a: Mudsdale|187/302 tox\n|-ability|p1a: Mudsdale|Stamina|boost\n|-boost|p1a: Mudsdale|def|1\n|move|p1a: Mudsdale|Heavy Slam|p2a: Gliscor\n|-end|p2a: Gliscor|Substitute\n|\n|-heal|p1a: Mudsdale|205/302 tox|[from] item: Leftovers\n|-heal|p2a: Gliscor|239/239 tox|[from] ability: Poison Heal\n|-damage|p1a: Mudsdale|151/302 tox|[from] psn\n|upkeep\n|turn|49\n|c|\u2606naeuuu|I quit this is impossible\n|-message|naeuuu forfeited.\n|\n|win|dandandandandandan\n|raw|naeuuu's rating: 1080 &rarr; <strong>1062</strong><br />(-18 for losing)\n|raw|dandandandandandan's rating: 1140 &rarr; <strong>1161</strong><br />(+21 for winning)\n|l|\u2606naeuuu\n|player|p1|\n|c|\u2606dandandandandandan|HAHAHAHAH\n", "inputlog": ">version f8ac14003a5f27e1bdc8d8c59608a773c1cb96e5\n>start {\"formatid\":\"gen9randombattle\",\"seed\":\"sodium,e1a4ff8f8131866df5ee0183b301ba3d\",\"rated\":\"Rated battle\"}\n>player p1 {\"name\":\"naeuuu\",\"avatar\":\"red\",\"rating\":1080,\"seed\":\"sodium,cc1311a7dce1db9eac6f3168accedd65\"}\n>player p2 {\"name\":\"dandandandandandan\",\"avatar\":\"chili\",\"rating\":1140,\"seed\":\"sodium,64f0af9d8917cfce8160c0ed2da192d9\"}\n>chat \u2606dandandandandandan|GLHF!!\n>p1 switch 5\n>p2 move curse\n>p1 move foulplay\n>p2 move highhorsepower\n>p1 move toxic\n>p2 move lashout\n>p1 move suckerpunch\n>p2 move highhorsepower\n>p1 switch 3\n>p1 move coil\n>p2 move curse\n>p1 move stoneedge\n>p2 move highhorsepower\n>p1 move coil\n>p2 move lashout\n>p2 switch 4\n>p1 move stoneedge\n>p2 move toxic\n>p1 move stoneedge\n>p2 move protect\n>p1 move stoneedge\n>p2 move substitute\n>p1 move stoneedge\n>p2 move protect\n>p1 move stoneedge\n>p2 move substitute\n>p1 move stoneedge\n>p2 move protect\n>p1 move stoneedge\n>p2 move substitute\n>p1 move coil\n>p2 move substitute\n>chat \u2606naeuuu|Can u stop\n>chat \u2606dandandandandandan|stop what?\n>p1 move coil\n>p2 move toxic\n>p1 move coil\n>p2 move earthquake\n>p1 move coil\n>p2 switch 6\n>p1 move glare\n>p2 move partingshot\n>p2 switch 5\n>p1 move earthquake\n>p2 move spikes\n>p2 switch 5\n>p1 move earthquake\n>p2 move taunt\n>p2 switch 6\n>p1 move earthquake\n>p2 move toxic\n>p1 move earthquake terastallize\n>p2 move protect\n>p1 move coil\n>p2 move substitute\n>p1 move coil\n>p2 move earthquake\n>p1 move glare\n>p2 move earthquake\n>p1 move coil\n>p2 move earthquake\n>chat \u2606dandandandandandan|IT ALL WORKS OUT?\n>p1 move coil\n>p2 move earthquake\n>p1 move coil\n>p2 move earthquake\n>p1 switch 2\n>chat \u2606dandandandandandan|i totally thought i lost forever ago\n>p1 move cosmicpower\n>p2 move toxic\n>p1 move cosmicpower\n>p2 move earthquake\n>p1 move storedpower\n>p2 move toxic\n>p1 move storedpower\n>p2 move protect\n>p1 move cosmicpower\n>p2 move substitute\n>p1 move recover\n>p2 move protect\n>p1 move storedpower\n>p2 move toxic\n>p1 move recover\n>p2 move protect\n>p1 move storedpower\n>p2 move substitute\n>p1 switch 6\n>p1 move swordsdance\n>p2 move substitute\n>p1 move trailblaze\n>p2 move earthquake\n>p1 move trailblaze\n>p2 move protect\n>p1 move trailblaze\n>p2 move earthquake\n>p1 switch 5\n>p1 move heavyslam\n>p2 move substitute\n>p1 move heavyslam\n>p2 move protect\n>chat \u2606naeuuu|bro this isn\u2019t fair\n>p1 move stealthrock\n>p2 move substitute\n>chat \u2606dandandandandandan|LMAOOO\n>p1 move stoneedge\n>p2 move toxic\n>chat \u2606dandandandandandan|hey man i don't know either\n>chat \u2606dandandandandandan|i only started playing a week ago\n>p1 move heavyslam\n>p2 move protect\n>p1 move heavyslam\n>p2 move earthquake\n>chat \u2606naeuuu|I quit this is impossible \n>forcelose p1", "uploadtime": 1782888714, "views": 7, "formatid": "gen9randombattle", "rating": 1062, "private": 0, "password": null, "player_dets": [{"name": "naeuuu", "avatar": "red", "rating": 1080, "seed": "sodium,cc1311a7dce1db9eac6f3168accedd65"}, {"name": "dandandandandandan", "avatar": "chili", "rating": 1140, "seed": "sodium,64f0af9d8917cfce8160c0ed2da192d9"}], "teams_full": [{"Mudsdale": {"name": "Mudsdale", "species": "Mudsdale", "speciesId": "mudsdale", "gender": "F", "shiny": false, "level": 83, "moves": ["earthquake", "heavyslam", "stealthrock", "stoneedge"], "ability": "Stamina", "evs": {"hp": 85, "atk": 85, "def": 85, "spa": 85, "spd": 85, "spe": 85}, "ivs": {"hp": 31, "atk": 31, "def": 31, "spa": 31, "spd": 31, "spe": 31}, "item": "Leftovers", "teraType": "Steel", "role": "Bulky Attacker", "bvs": {"hp": 100, "atk": 125, "def": 100, "spa": 55, "spd": 85, "spe": 35}, "stats": {"hp": 302, "atk": 255, "def": 214, "spa": 139, "spd": 189, "spe": 106}, "types": ["Ground"]}, "Chimecho": {"name": "Chimecho", "species": "Chimecho", "speciesId": "chimecho", "gender": "F", "shiny": false, "level": 93, "moves": ["dazzlinggleam", "recover", "storedpower", "cosmicpower"], "ability": "Levitate", "evs": {"hp": 85, "atk": 0, "def": 85, "spa": 85, "spd": 85, "spe": 85}, "ivs": {"hp": 31, "atk": 0, "def": 31, "spa": 31, "spd": 31, "spe": 31}, "item": "Leftovers", "teraType": "Steel", "role": "Bulky Attacker", "bvs": {"hp": 75, "atk": 50, "def": 80, "spa": 95, "spd": 90, "spe": 65}, "stats": {"hp": 290, "atk": 98, "def": 202, "spa": 230, "spd": 220, "spe": 174}, "types": ["Psychic"]}, "Sandaconda": {"name": "Sandaconda", "species": "Sandaconda", "speciesId": "sandaconda", "gender": "F", "shiny": false, "level": 84, "moves": ["coil", "earthquake", "glare", "stoneedge"], "ability": "Shed Skin", "evs": {"hp": 85, "atk": 85, "def": 85, "spa": 85, "spd": 85, "spe": 85}, "ivs": {"hp": 31, "atk": 31, "def": 31, "spa": 31, "spd": 31, "spe": 31}, "item": "Leftovers", "teraType": "Steel", "role": "Bulky Setup", "bvs": {"hp": 72, "atk": 107, "def": 125, "spa": 65, "spd": 70, "spe": 71}, "stats": {"hp": 258, "atk": 228, "def": 258, "spa": 157, "spd": 166, "spe": 167}, "types": ["Ground"]}, "Chi-Yu": {"name": "Chi-Yu", "species": "Chi-Yu", "speciesId": "chiyu", "gender": "N", "shiny": false, "level": 77, "moves": ["psychic", "flamethrower", "overheat", "darkpulse"], "ability": "Beads of Ruin", "evs": {"hp": 85, "atk": 0, "def": 85, "spa": 85, "spd": 85, "spe": 85}, "ivs": {"hp": 31, "atk": 0, "def": 31, "spa": 31, "spd": 31, "spe": 31}, "item": "Choice Specs", "teraType": "Dark", "role": "Fast Attacker", "bvs": {"hp": 55, "atk": 80, "def": 80, "spa": 135, "spd": 120, "spe": 100}, "stats": {"hp": 211, "atk": 128, "def": 168, "spa": 252, "spd": 229, "spe": 199}, "types": ["Dark", "Fire"]}, "Spiritomb": {"name": "Spiritomb", "species": "Spiritomb", "speciesId": "spiritomb", "gender": "M", "shiny": false, "level": 89, "moves": ["foulplay", "suckerpunch", "toxic", "poltergeist"], "ability": "Infiltrator", "evs": {"hp": 85, "atk": 85, "def": 85, "spa": 85, "spd": 85, "spe": 85}, "ivs": {"hp": 31, "atk": 31, "def": 31, "spa": 31, "spd": 31, "spe": 31}, "item": "Leftovers", "teraType": "Steel", "role": "Bulky Support", "bvs": {"hp": 50, "atk": 92, "def": 108, "spa": 92, "spd": 108, "spe": 35}, "stats": {"hp": 234, "atk": 215, "def": 243, "spa": 215, "spd": 243, "spe": 113}, "types": ["Ghost", "Dark"]}, "Seviper": {"name": "Seviper", "species": "Seviper", "speciesId": "seviper", "gender": "F", "shiny": false, "level": 93, "moves": ["gunkshot", "swordsdance", "trailblaze", "earthquake"], "ability": "Shed Skin", "evs": {"hp": 85, "atk": 85, "def": 85, "spa": 85, "spd": 85, "spe": 85}, "ivs": {"hp": 31, "atk": 31, "def": 31, "spa": 31, "spd": 31, "spe": 31}, "item": "Leftovers", "teraType": "Ground", "role": "Bulky Setup", "bvs": {"hp": 73, "atk": 100, "def": 60, "spa": 100, "spd": 60, "spe": 65}, "stats": {"hp": 287, "atk": 239, "def": 164, "spa": 239, "spd": 164, "spe": 174}, "types": ["Poison"]}}, {"Oinkologne": {"name": "Oinkologne", "species": "Oinkologne", "speciesId": "oinkologne", "gender": "M", "shiny": false, "level": 92, "moves": ["highhorsepower", "curse", "lashout", "doubleedge"], "ability": "Thick Fat", "evs": {"hp": 85, "atk": 85, "def": 85, "spa": 85, "spd": 85, "spe": 85}, "ivs": {"hp": 31, "atk": 31, "def": 31, "spa": 31, "spd": 31, "spe": 31}, "item": "Leftovers", "teraType": "Ground", "role": "Bulky Setup", "bvs": {"hp": 110, "atk": 100, "def": 75, "spa": 59, "spd": 80, "spe": 65}, "stats": {"hp": 352, "atk": 236, "def": 190, "spa": 161, "spd": 200, "spe": 172}, "types": ["Normal"]}, "Iron Hands": {"name": "Iron Hands", "species": "Iron Hands", "speciesId": "ironhands", "gender": "N", "shiny": false, "level": 79, "moves": ["closecombat", "icepunch", "voltswitch", "thunderpunch"], "ability": "Quark Drive", "evs": {"hp": 85, "atk": 85, "def": 85, "spa": 85, "spd": 85, "spe": 85}, "ivs": {"hp": 31, "atk": 31, "def": 31, "spa": 31, "spd": 31, "spe": 31}, "item": "Assault Vest", "teraType": "Electric", "role": "AV Pivot", "bvs": {"hp": 154, "atk": 140, "def": 108, "spa": 50, "spd": 68, "spe": 50}, "stats": {"hp": 373, "atk": 267, "def": 216, "spa": 125, "spd": 153, "spe": 125}, "types": ["Fighting", "Electric"]}, "Volbeat": {"name": "Volbeat", "species": "Volbeat", "speciesId": "volbeat", "gender": "M", "shiny": false, "level": 90, "moves": ["lunge", "encore", "roost", "thunderwave"], "ability": "Prankster", "evs": {"hp": 85, "atk": 85, "def": 85, "spa": 85, "spd": 85, "spe": 85}, "ivs": {"hp": 31, "atk": 31, "def": 31, "spa": 31, "spd": 31, "spe": 31}, "item": "Heavy-Duty Boots", "teraType": "Steel", "role": "Bulky Attacker", "bvs": {"hp": 65, "atk": 73, "def": 75, "spa": 47, "spd": 85, "spe": 85}, "stats": {"hp": 263, "atk": 183, "def": 186, "spa": 136, "spd": 204, "spe": 204}, "types": ["Bug"]}, "Gliscor": {"name": "Gliscor", "species": "Gliscor", "speciesId": "gliscor", "gender": "M", "shiny": false, "level": 76, "moves": ["toxic", "earthquake", "substitute", "protect"], "ability": "Poison Heal", "evs": {"hp": 85, "atk": 85, "def": 85, "spa": 85, "spd": 85, "spe": 85}, "ivs": {"hp": 31, "atk": 31, "def": 31, "spa": 31, "spd": 31, "spe": 31}, "item": "Toxic Orb", "teraType": "Water", "role": "Fast Support", "bvs": {"hp": 75, "atk": 95, "def": 125, "spa": 45, "spd": 75, "spe": 95}, "stats": {"hp": 239, "atk": 188, "def": 234, "spa": 112, "spd": 158, "spe": 188}, "types": ["Ground", "Flying"]}, "Deoxys": {"name": "Deoxys", "species": "Deoxys-Defense", "speciesId": "deoxysdefense", "gender": "N", "shiny": false, "level": 84, "moves": ["spikes", "recover", "teleport", "psychicnoise"], "ability": "Pressure", "evs": {"hp": 85, "atk": 0, "def": 85, "spa": 85, "spd": 85, "spe": 85}, "ivs": {"hp": 31, "atk": 0, "def": 31, "spa": 31, "spd": 31, "spe": 31}, "item": "Rocky Helmet", "teraType": "Fairy", "role": "Bulky Support", "bvs": {"hp": 50, "atk": 70, "def": 160, "spa": 70, "spd": 160, "spe": 90}, "stats": {"hp": 221, "atk": 122, "def": 317, "spa": 166, "spd": 317, "spe": 199}, "types": ["Psychic"]}, "Grimmsnarl": {"name": "Grimmsnarl", "species": "Grimmsnarl", "speciesId": "grimmsnarl", "gender": "M", "shiny": false, "level": 83, "moves": ["suckerpunch", "spiritbreak", "partingshot", "taunt"], "ability": "Prankster", "evs": {"hp": 85, "atk": 85, "def": 85, "spa": 85, "spd": 85, "spe": 85}, "ivs": {"hp": 31, "atk": 31, "def": 31, "spa": 31, "spd": 31, "spe": 31}, "item": "Leftovers", "teraType": "Poison", "role": "Bulky Attacker", "bvs": {"hp": 95, "atk": 120, "def": 65, "spa": 95, "spd": 75, "spe": 60}, "stats": {"hp": 293, "atk": 247, "def": 156, "spa": 205, "spd": 172, "spe": 147}, "types": ["Dark", "Fairy"]}}]}