{"id": "gen9randombattle-2642160298", "format": "[Gen 9] Random Battle", "players": ["Matuidi14", "botbeater6767"], "log": "|badge|p1|bronze|gen9randombattle|100-10\n|uhtml|medal-msg|<div class=\"broadcast-blue\">Curious what those medals under the avatar are? PS now has Ladder Seasons! For more information, check out the <a href=\"https://www.smogon.com/forums/threads/3740067/\">thread on Smogon.</a></div>\n|j|\u2606Matuidi14\n|j|\u2606botbeater6767\n|t:|1782902746\n|gametype|singles\n|player|p1|Matuidi14|clown|2242\n|player|p2|botbeater6767|265|2313\n|gen|9\n|tier|[Gen 9] Random Battle\n|rated|\n|rule|Species Clause: Limit one of each Pok\u00e9mon\n|rule|HP Percentage Mod: HP is shown in percentages\n|rule|Sleep Clause Mod: Limit one foe put to sleep\n|rule|Illusion Level Mod: Illusion disguises the Pok\u00e9mon's true level\n|\n|t:|1782902746\n|teamsize|p1|6\n|teamsize|p2|6\n|start\n|switch|p1a: Arboliva|Arboliva, L91, M|290/290\n|switch|p2a: Dewgong|Dewgong, L94, F|322/322\n|turn|1\n|c|\u2606botbeater6767|hf\n|inactive|Battle timer is ON: inactive players will automatically lose when time's up. (requested by Matuidi14)\n|inactive|botbeater6767 also wants the timer to be on.\n|\n|t:|1782902753\n|switch|p1a: Qwilfish|Qwilfish, L86, M|252/252\n|-ability|p1a: Qwilfish|Intimidate|boost\n|-unboost|p2a: Dewgong|atk|1\n|move|p2a: Dewgong|Ice Beam|p1a: Qwilfish\n|-resisted|p1a: Qwilfish\n|-damage|p1a: Qwilfish|186/252\n|\n|upkeep\n|turn|2\n|\n|t:|1782902769\n|switch|p2a: Swalot|Swalot, L90, M|326/326\n|move|p1a: Qwilfish|Toxic Spikes|p2a: Swalot\n|-sidestart|p2: botbeater6767|move: Toxic Spikes\n|\n|upkeep\n|turn|3\n|\n|t:|1782902771\n|move|p1a: Qwilfish|Flip Turn|p2a: Swalot\n|-damage|p2a: Swalot|260/326\n|\n|t:|1782902773\n|switch|p1a: Meloetta|Meloetta, L82|298/298|[from] Flip Turn\n|move|p2a: Swalot|Sludge Bomb|p1a: Meloetta\n|-damage|p1a: Meloetta|229/298\n|\n|-heal|p1a: Meloetta|247/298|[from] item: Leftovers\n|-heal|p2a: Swalot|280/326|[from] item: Leftovers\n|upkeep\n|turn|4\n|\n|t:|1782902775\n|move|p1a: Meloetta|Psyshock|p2a: Swalot\n|-supereffective|p2a: Swalot\n|-damage|p2a: Swalot|80/326\n|move|p2a: Swalot|Toxic|p1a: Meloetta\n|-status|p1a: Meloetta|tox\n|\n|-heal|p1a: Meloetta|265/298 tox|[from] item: Leftovers\n|-heal|p2a: Swalot|100/326|[from] item: Leftovers\n|-damage|p1a: Meloetta|247/298 tox|[from] psn\n|upkeep\n|turn|5\n|\n|t:|1782902780\n|move|p2a: Swalot|Protect|p2a: Swalot\n|-singleturn|p2a: Swalot|Protect\n|move|p1a: Meloetta|Hyper Voice|p2a: Swalot\n|-activate|p2a: Swalot|move: Protect\n|\n|-heal|p1a: Meloetta|265/298 tox|[from] item: Leftovers\n|-heal|p2a: Swalot|120/326|[from] item: Leftovers\n|-damage|p1a: Meloetta|229/298 tox|[from] psn\n|upkeep\n|turn|6\n|\n|t:|1782902782\n|switch|p2a: Glaceon|Glaceon, L94, F|275/275\n|move|p1a: Meloetta|Psyshock|p2a: Glaceon\n|-damage|p2a: Glaceon|205/275\n|\n|-heal|p1a: Meloetta|247/298 tox|[from] item: Leftovers\n|-damage|p1a: Meloetta|193/298 tox|[from] psn\n|upkeep\n|turn|7\n|\n|t:|1782902784\n|move|p1a: Meloetta|Focus Blast|p2a: Glaceon|[miss]\n|-miss|p1a: Meloetta|p2a: Glaceon\n|move|p2a: Glaceon|Freeze-Dry|p1a: Meloetta\n|-damage|p1a: Meloetta|109/298 tox\n|\n|-heal|p1a: Meloetta|127/298 tox|[from] item: Leftovers\n|-damage|p1a: Meloetta|55/298 tox|[from] psn\n|upkeep\n|turn|8\n|\n|t:|1782902790\n|switch|p1a: Houndoom|Houndoom, L87, M|272/272\n|switch|p2a: Swalot|Swalot, L90, M|120/326\n|-sideend|p2: botbeater6767|move: Toxic Spikes|[of] p2a: Swalot\n|\n|-heal|p2a: Swalot|140/326|[from] item: Leftovers\n|upkeep\n|turn|9\n|\n|t:|1782902792\n|move|p1a: Houndoom|Fire Blast|p2a: Swalot\n|-damage|p2a: Swalot|0 fnt\n|faint|p2a: Swalot\n|\n|upkeep\n|\n|t:|1782902793\n|switch|p2a: Dewgong|Dewgong, L94, F|322/322\n|turn|10\n|\n|t:|1782902796\n|switch|p1a: Qwilfish|Qwilfish, L86, M|186/252\n|-ability|p1a: Qwilfish|Intimidate|boost\n|-unboost|p2a: Dewgong|atk|1\n|move|p2a: Dewgong|Surf|p1a: Qwilfish\n|-resisted|p1a: Qwilfish\n|-damage|p1a: Qwilfish|117/252\n|\n|upkeep\n|turn|11\n|\n|t:|1782902800\n|switch|p2a: Glaceon|Glaceon, L94, F|205/275\n|move|p1a: Qwilfish|Toxic Spikes|p2a: Glaceon\n|-sidestart|p2: botbeater6767|move: Toxic Spikes\n|\n|upkeep\n|turn|12\n|\n|t:|1782902803\n|move|p1a: Qwilfish|Flip Turn|p2a: Glaceon\n|-damage|p2a: Glaceon|151/275\n|\n|t:|1782902804\n|switch|p1a: Houndoom|Houndoom, L87, M|272/272|[from] Flip Turn\n|move|p2a: Glaceon|Freeze-Dry|p1a: Houndoom\n|-resisted|p1a: Houndoom\n|-damage|p1a: Houndoom|212/272\n|\n|upkeep\n|turn|13\n|\n|t:|1782902805\n|-terastallize|p2a: Glaceon|Ground\n|move|p1a: Houndoom|Fire Blast|p2a: Glaceon\n|-damage|p2a: Glaceon|30/275\n|move|p2a: Glaceon|Mud Shot|p1a: Houndoom\n|-supereffective|p1a: Houndoom\n|-damage|p1a: Houndoom|0 fnt\n|faint|p1a: Houndoom\n|\n|upkeep\n|\n|t:|1782902808\n|switch|p1a: Qwilfish|Qwilfish, L86, M|117/252\n|-ability|p1a: Qwilfish|Intimidate|boost\n|-unboost|p2a: Glaceon|atk|1\n|turn|14\n|\n|t:|1782902810\n|move|p2a: Glaceon|Protect|p2a: Glaceon\n|-singleturn|p2a: Glaceon|Protect\n|move|p1a: Qwilfish|Flip Turn|p2a: Glaceon\n|-activate|p2a: Glaceon|move: Protect\n|\n|upkeep\n|turn|15\n|\n|t:|1782902831\n|move|p1a: Qwilfish|Flip Turn|p2a: Glaceon\n|-supereffective|p2a: Glaceon\n|-damage|p2a: Glaceon|0 fnt\n|faint|p2a: Glaceon\n|\n|t:|1782902836\n|switch|p1a: Arboliva|Arboliva, L91, M|290/290|[from] Flip Turn\n|\n|upkeep\n|\n|t:|1782902837\n|switch|p2a: Moltres|Moltres, L81|278/278\n|turn|16\n|\n|t:|1782902840\n|switch|p1a: Dondozo|Dondozo, L78, F|362/362\n|move|p2a: Moltres|Fire Blast|p1a: Dondozo\n|-resisted|p1a: Dondozo\n|-damage|p1a: Dondozo|274/362\n|\n|-heal|p1a: Dondozo|296/362|[from] item: Leftovers\n|upkeep\n|turn|17\n|\n|t:|1782902842\n|move|p2a: Moltres|Will-O-Wisp|p1a: Dondozo\n|-status|p1a: Dondozo|brn\n|move|p1a: Dondozo|Wave Crash|p2a: Moltres\n|-supereffective|p2a: Moltres\n|-damage|p2a: Moltres|172/278\n|-damage|p1a: Dondozo|261/362 brn|[from] Recoil\n|\n|-heal|p1a: Dondozo|283/362 brn|[from] item: Leftovers\n|-damage|p1a: Dondozo|261/362 brn|[from] brn\n|upkeep\n|turn|18\n|\n|t:|1782902845\n|move|p2a: Moltres|Roost|p2a: Moltres\n|-heal|p2a: Moltres|278/278\n|-singleturn|p2a: Moltres|move: Roost\n|move|p1a: Dondozo|Rest|p1a: Dondozo\n|-status|p1a: Dondozo|slp|[from] move: Rest\n|-heal|p1a: Dondozo|362/362 slp|[silent]\n|\n|upkeep\n|turn|19\n|\n|t:|1782902847\n|move|p2a: Moltres|Fire Blast|p1a: Dondozo\n|-resisted|p1a: Dondozo\n|-damage|p1a: Dondozo|267/362 slp\n|cant|p1a: Dondozo|slp\n|move|p1a: Dondozo|Sleep Talk|p1a: Dondozo\n|move|p1a: Dondozo|Curse|p1a: Dondozo|[from] move: Sleep Talk\n|-unboost|p1a: Dondozo|spe|1\n|-boost|p1a: Dondozo|atk|1\n|-boost|p1a: Dondozo|def|1\n|\n|-heal|p1a: Dondozo|289/362 slp|[from] item: Leftovers\n|upkeep\n|turn|20\n|\n|t:|1782902870\n|switch|p2a: Appletun|Appletun, L92, M|352/352\n|-status|p2a: Appletun|psn\n|cant|p1a: Dondozo|slp\n|move|p1a: Dondozo|Sleep Talk|p1a: Dondozo\n|move|p1a: Dondozo|Rest||[from] move: Sleep Talk|[still]\n|-fail|p1a: Dondozo\n|\n|-heal|p1a: Dondozo|311/362 slp|[from] item: Leftovers\n|-damage|p2a: Appletun|308/352 psn|[from] psn\n|upkeep\n|turn|21\n|\n|t:|1782902873\n|switch|p1a: Arboliva|Arboliva, L91, M|290/290\n|move|p2a: Appletun|Apple Acid|p1a: Arboliva\n|-resisted|p1a: Arboliva\n|-damage|p1a: Arboliva|247/290\n|-unboost|p1a: Arboliva|spd|1\n|-fieldstart|move: Grassy Terrain|[from] ability: Seed Sower|[of] p1a: Arboliva\n|\n|-heal|p1a: Arboliva|265/290|[from] Grassy Terrain\n|-heal|p1a: Arboliva|283/290|[from] item: Leftovers\n|-heal|p2a: Appletun|330/352 psn|[from] Grassy Terrain\n|-heal|p2a: Appletun|352/352 psn|[from] item: Leftovers\n|-damage|p2a: Appletun|308/352 psn|[from] psn\n|upkeep\n|turn|22\n|\n|t:|1782902875\n|move|p1a: Arboliva|Hyper Voice|p2a: Appletun\n|-damage|p2a: Appletun|163/352 psn\n|move|p2a: Appletun|Apple Acid|p1a: Arboliva\n|-resisted|p1a: Arboliva\n|-damage|p1a: Arboliva|205/290\n|-unboost|p1a: Arboliva|spd|1\n|\n|-heal|p1a: Arboliva|223/290|[from] Grassy Terrain\n|-heal|p1a: Arboliva|241/290|[from] item: Leftovers\n|-heal|p2a: Appletun|185/352 psn|[from] Grassy Terrain\n|-heal|p2a: Appletun|207/352 psn|[from] item: Leftovers\n|-damage|p2a: Appletun|163/352 psn|[from] psn\n|upkeep\n|turn|23\n|\n|t:|1782902876\n|move|p1a: Arboliva|Hyper Voice|p2a: Appletun\n|-damage|p2a: Appletun|40/352 psn\n|move|p2a: Appletun|Recover|p2a: Appletun\n|-heal|p2a: Appletun|216/352 psn\n|\n|-heal|p1a: Arboliva|259/290|[from] Grassy Terrain\n|-heal|p1a: Arboliva|277/290|[from] item: Leftovers\n|-heal|p2a: Appletun|238/352 psn|[from] Grassy Terrain\n|-heal|p2a: Appletun|260/352 psn|[from] item: Leftovers\n|-damage|p2a: Appletun|216/352 psn|[from] psn\n|upkeep\n|turn|24\n|\n|t:|1782902891\n|move|p1a: Arboliva|Hyper Voice|p2a: Appletun\n|-crit|p2a: Appletun\n|-damage|p2a: Appletun|27/352 psn\n|move|p2a: Appletun|Recover|p2a: Appletun\n|-heal|p2a: Appletun|203/352 psn\n|\n|-heal|p1a: Arboliva|290/290|[from] Grassy Terrain\n|-heal|p2a: Appletun|225/352 psn|[from] Grassy Terrain\n|-heal|p2a: Appletun|247/352 psn|[from] item: Leftovers\n|-damage|p2a: Appletun|203/352 psn|[from] psn\n|upkeep\n|turn|25\n|\n|t:|1782902894\n|move|p1a: Arboliva|Hyper Voice|p2a: Appletun\n|-damage|p2a: Appletun|65/352 psn\n|move|p2a: Appletun|Dragon Pulse|p1a: Arboliva\n|-damage|p1a: Arboliva|124/290\n|\n|-heal|p1a: Arboliva|142/290|[from] Grassy Terrain\n|-heal|p1a: Arboliva|160/290|[from] item: Leftovers\n|-heal|p2a: Appletun|87/352 psn|[from] Grassy Terrain\n|-heal|p2a: Appletun|109/352 psn|[from] item: Leftovers\n|-damage|p2a: Appletun|65/352 psn|[from] psn\n|-fieldend|move: Grassy Terrain\n|upkeep\n|turn|26\n|\n|t:|1782902896\n|move|p1a: Arboliva|Hyper Voice|p2a: Appletun\n|-damage|p2a: Appletun|0 fnt\n|faint|p2a: Appletun\n|\n|-heal|p1a: Arboliva|178/290|[from] item: Leftovers\n|upkeep\n|\n|t:|1782902897\n|switch|p2a: Moltres|Moltres, L81|278/278\n|turn|27\n|\n|t:|1782902911\n|move|p2a: Moltres|Fire Blast|p1a: Arboliva\n|-supereffective|p1a: Arboliva\n|-damage|p1a: Arboliva|0 fnt\n|-fieldstart|move: Grassy Terrain|[from] ability: Seed Sower|[of] p1a: Arboliva\n|faint|p1a: Arboliva\n|\n|upkeep\n|\n|t:|1782902913\n|switch|p1a: Dondozo|Dondozo, L78, F|311/362 slp\n|turn|28\n|\n|t:|1782902915\n|switch|p2a: Chesnaught|Chesnaught, L84, M|285/285\n|-status|p2a: Chesnaught|psn\n|-curestatus|p1a: Dondozo|slp|[msg]\n|move|p1a: Dondozo|Wave Crash|p2a: Chesnaught\n|-resisted|p2a: Chesnaught\n|-damage|p2a: Chesnaught|243/285 psn\n|-damage|p1a: Dondozo|297/362|[from] Recoil\n|\n|-heal|p2a: Chesnaught|260/285 psn|[from] Grassy Terrain\n|-heal|p2a: Chesnaught|277/285 psn|[from] item: Leftovers\n|-heal|p1a: Dondozo|319/362|[from] Grassy Terrain\n|-heal|p1a: Dondozo|341/362|[from] item: Leftovers\n|-damage|p2a: Chesnaught|242/285 psn|[from] psn\n|upkeep\n|turn|29\n|\n|t:|1782902918\n|switch|p1a: Grimmsnarl|Grimmsnarl, L83, M|293/293\n|move|p2a: Chesnaught|Wood Hammer|p1a: Grimmsnarl\n|-damage|p1a: Grimmsnarl|70/293\n|-damage|p2a: Chesnaught|168/285 psn|[from] Recoil\n|\n|-heal|p2a: Chesnaught|185/285 psn|[from] Grassy Terrain\n|-heal|p2a: Chesnaught|202/285 psn|[from] item: Leftovers\n|-heal|p1a: Grimmsnarl|88/293|[from] Grassy Terrain\n|-heal|p1a: Grimmsnarl|106/293|[from] item: Leftovers\n|-damage|p2a: Chesnaught|167/285 psn|[from] psn\n|upkeep\n|turn|30\n|\n|t:|1782902924\n|move|p1a: Grimmsnarl|Taunt|p2a: Chesnaught\n|-start|p2a: Chesnaught|move: Taunt\n|move|p2a: Chesnaught|Wood Hammer|p1a: Grimmsnarl\n|-crit|p1a: Grimmsnarl\n|-damage|p1a: Grimmsnarl|0 fnt\n|faint|p1a: Grimmsnarl\n|-damage|p2a: Chesnaught|132/285 psn|[from] Recoil\n|\n|-heal|p2a: Chesnaught|149/285 psn|[from] Grassy Terrain\n|-heal|p2a: Chesnaught|166/285 psn|[from] item: Leftovers\n|-damage|p2a: Chesnaught|131/285 psn|[from] psn\n|upkeep\n|\n|t:|1782902930\n|switch|p1a: Meloetta|Meloetta, L82|55/298 tox\n|turn|31\n|\n|t:|1782902933\n|switch|p2a: Moltres|Moltres, L81|278/278\n|move|p1a: Meloetta|Hyper Voice|p2a: Moltres\n|-damage|p2a: Moltres|157/278\n|\n|-heal|p1a: Meloetta|73/298 tox|[from] Grassy Terrain\n|-heal|p1a: Meloetta|91/298 tox|[from] item: Leftovers\n|-damage|p1a: Meloetta|73/298 tox|[from] psn\n|-fieldend|move: Grassy Terrain\n|upkeep\n|turn|32\n|\n|t:|1782902935\n|switch|p1a: Dondozo|Dondozo, L78, F|341/362\n|move|p2a: Moltres|Roost|p2a: Moltres\n|-heal|p2a: Moltres|278/278\n|-singleturn|p2a: Moltres|move: Roost\n|\n|-heal|p1a: Dondozo|362/362|[from] item: Leftovers\n|upkeep\n|turn|33\n|\n|t:|1782902938\n|move|p2a: Moltres|Will-O-Wisp|p1a: Dondozo\n|-status|p1a: Dondozo|brn\n|move|p1a: Dondozo|Curse|p1a: Dondozo\n|-unboost|p1a: Dondozo|spe|1\n|-boost|p1a: Dondozo|atk|1\n|-boost|p1a: Dondozo|def|1\n|\n|-damage|p1a: Dondozo|340/362 brn|[from] brn\n|upkeep\n|turn|34\n|\n|t:|1782902943\n|switch|p2a: Chesnaught|Chesnaught, L84, M|131/285 psn\n|move|p1a: Dondozo|Curse|p1a: Dondozo\n|-unboost|p1a: Dondozo|spe|1\n|-boost|p1a: Dondozo|atk|1\n|-boost|p1a: Dondozo|def|1\n|\n|-heal|p2a: Chesnaught|148/285 psn|[from] item: Leftovers\n|-heal|p1a: Dondozo|362/362 brn|[from] item: Leftovers\n|-damage|p2a: Chesnaught|113/285 psn|[from] psn\n|-damage|p1a: Dondozo|340/362 brn|[from] brn\n|upkeep\n|turn|35\n|\n|t:|1782902946\n|move|p2a: Chesnaught|Synthesis|p2a: Chesnaught\n|-heal|p2a: Chesnaught|255/285 psn\n|move|p1a: Dondozo|Rest|p1a: Dondozo\n|-status|p1a: Dondozo|slp|[from] move: Rest\n|-heal|p1a: Dondozo|362/362 slp|[silent]\n|\n|-heal|p2a: Chesnaught|272/285 psn|[from] item: Leftovers\n|-damage|p2a: Chesnaught|237/285 psn|[from] psn\n|upkeep\n|turn|36\n|\n|t:|1782902948\n|move|p2a: Chesnaught|Knock Off|p1a: Dondozo\n|-damage|p1a: Dondozo|327/362 slp\n|-enditem|p1a: Dondozo|Leftovers|[from] move: Knock Off|[of] p2a: Chesnaught\n|cant|p1a: Dondozo|slp\n|move|p1a: Dondozo|Sleep Talk|p1a: Dondozo\n|move|p1a: Dondozo|Rest||[from] move: Sleep Talk|[still]\n|-fail|p1a: Dondozo\n|\n|-heal|p2a: Chesnaught|254/285 psn|[from] item: Leftovers\n|-damage|p2a: Chesnaught|219/285 psn|[from] psn\n|upkeep\n|turn|37\n|\n|t:|1782902950\n|move|p2a: Chesnaught|Synthesis|p2a: Chesnaught\n|-heal|p2a: Chesnaught|285/285 psn\n|cant|p1a: Dondozo|slp\n|move|p1a: Dondozo|Sleep Talk|p1a: Dondozo\n|move|p1a: Dondozo|Rest||[from] move: Sleep Talk|[still]\n|-fail|p1a: Dondozo\n|\n|-damage|p2a: Chesnaught|250/285 psn|[from] psn\n|upkeep\n|turn|38\n|\n|t:|1782902952\n|move|p2a: Chesnaught|Wood Hammer|p1a: Dondozo\n|-supereffective|p1a: Dondozo\n|-damage|p1a: Dondozo|205/362 slp\n|-damage|p2a: Chesnaught|210/285 psn|[from] Recoil\n|-curestatus|p1a: Dondozo|slp|[msg]\n|move|p1a: Dondozo|Curse|p1a: Dondozo\n|-unboost|p1a: Dondozo|spe|1\n|-boost|p1a: Dondozo|atk|1\n|-boost|p1a: Dondozo|def|1\n|\n|-heal|p2a: Chesnaught|227/285 psn|[from] item: Leftovers\n|-damage|p2a: Chesnaught|192/285 psn|[from] psn\n|upkeep\n|turn|39\n|\n|t:|1782902955\n|move|p2a: Chesnaught|Synthesis|p2a: Chesnaught\n|-heal|p2a: Chesnaught|285/285 psn\n|move|p1a: Dondozo|Rest|p1a: Dondozo\n|-status|p1a: Dondozo|slp|[from] move: Rest\n|-heal|p1a: Dondozo|362/362 slp|[silent]\n|\n|-damage|p2a: Chesnaught|250/285 psn|[from] psn\n|upkeep\n|turn|40\n|\n|t:|1782902957\n|move|p2a: Chesnaught|Wood Hammer|p1a: Dondozo\n|-supereffective|p1a: Dondozo\n|-damage|p1a: Dondozo|266/362 slp\n|-damage|p2a: Chesnaught|218/285 psn|[from] Recoil\n|cant|p1a: Dondozo|slp\n|move|p1a: Dondozo|Sleep Talk|p1a: Dondozo\n|move|p1a: Dondozo|Wave Crash|p2a: Chesnaught|[from] move: Sleep Talk\n|-resisted|p2a: Chesnaught\n|-damage|p2a: Chesnaught|101/285 psn\n|-damage|p1a: Dondozo|227/362 slp|[from] Recoil\n|\n|-heal|p2a: Chesnaught|118/285 psn|[from] item: Leftovers\n|-damage|p2a: Chesnaught|83/285 psn|[from] psn\n|upkeep\n|turn|41\n|\n|t:|1782902960\n|move|p2a: Chesnaught|Synthesis|p2a: Chesnaught\n|-heal|p2a: Chesnaught|225/285 psn\n|cant|p1a: Dondozo|slp\n|move|p1a: Dondozo|Sleep Talk|p1a: Dondozo\n|move|p1a: Dondozo|Rest||[from] move: Sleep Talk|[still]\n|-fail|p1a: Dondozo\n|\n|-heal|p2a: Chesnaught|242/285 psn|[from] item: Leftovers\n|-damage|p2a: Chesnaught|207/285 psn|[from] psn\n|upkeep\n|turn|42\n|\n|t:|1782902963\n|move|p2a: Chesnaught|Synthesis|p2a: Chesnaught\n|-heal|p2a: Chesnaught|285/285 psn\n|-curestatus|p1a: Dondozo|slp|[msg]\n|move|p1a: Dondozo|Rest|p1a: Dondozo\n|-status|p1a: Dondozo|slp|[from] move: Rest\n|-heal|p1a: Dondozo|362/362 slp|[silent]\n|\n|-damage|p2a: Chesnaught|250/285 psn|[from] psn\n|upkeep\n|turn|43\n|\n|t:|1782902964\n|move|p2a: Chesnaught|Wood Hammer|p1a: Dondozo\n|-supereffective|p1a: Dondozo\n|-damage|p1a: Dondozo|266/362 slp\n|-damage|p2a: Chesnaught|218/285 psn|[from] Recoil\n|cant|p1a: Dondozo|slp\n|move|p1a: Dondozo|Sleep Talk|p1a: Dondozo\n|move|p1a: Dondozo|Rest||[from] move: Sleep Talk|[still]\n|-fail|p1a: Dondozo\n|\n|-heal|p2a: Chesnaught|235/285 psn|[from] item: Leftovers\n|-damage|p2a: Chesnaught|200/285 psn|[from] psn\n|upkeep\n|turn|44\n|\n|t:|1782902967\n|move|p2a: Chesnaught|Synthesis|p2a: Chesnaught\n|-heal|p2a: Chesnaught|285/285 psn\n|cant|p1a: Dondozo|slp\n|move|p1a: Dondozo|Sleep Talk|p1a: Dondozo\n|move|p1a: Dondozo|Rest||[from] move: Sleep Talk|[still]\n|-fail|p1a: Dondozo\n|\n|-damage|p2a: Chesnaught|250/285 psn|[from] psn\n|upkeep\n|turn|45\n|\n|t:|1782902970\n|move|p2a: Chesnaught|Wood Hammer|p1a: Dondozo\n|-supereffective|p1a: Dondozo\n|-damage|p1a: Dondozo|168/362 slp\n|-damage|p2a: Chesnaught|218/285 psn|[from] Recoil\n|-curestatus|p1a: Dondozo|slp|[msg]\n|move|p1a: Dondozo|Curse|p1a: Dondozo\n|-unboost|p1a: Dondozo|spe|1\n|-boost|p1a: Dondozo|atk|1\n|-boost|p1a: Dondozo|def|1\n|\n|-heal|p2a: Chesnaught|235/285 psn|[from] item: Leftovers\n|-damage|p2a: Chesnaught|200/285 psn|[from] psn\n|upkeep\n|turn|46\n|\n|t:|1782902971\n|move|p2a: Chesnaught|Synthesis|p2a: Chesnaught\n|-heal|p2a: Chesnaught|285/285 psn\n|move|p1a: Dondozo|Rest|p1a: Dondozo\n|-status|p1a: Dondozo|slp|[from] move: Rest\n|-heal|p1a: Dondozo|362/362 slp|[silent]\n|\n|-damage|p2a: Chesnaught|250/285 psn|[from] psn\n|upkeep\n|turn|47\n|\n|t:|1782902972\n|move|p2a: Chesnaught|Wood Hammer|p1a: Dondozo\n|-supereffective|p1a: Dondozo\n|-damage|p1a: Dondozo|282/362 slp\n|-damage|p2a: Chesnaught|224/285 psn|[from] Recoil\n|cant|p1a: Dondozo|slp\n|move|p1a: Dondozo|Sleep Talk|p1a: Dondozo\n|move|p1a: Dondozo|Rest||[from] move: Sleep Talk|[still]\n|-fail|p1a: Dondozo\n|\n|-heal|p2a: Chesnaught|241/285 psn|[from] item: Leftovers\n|-damage|p2a: Chesnaught|206/285 psn|[from] psn\n|upkeep\n|turn|48\n|\n|t:|1782902995\n|move|p2a: Chesnaught|Synthesis|p2a: Chesnaught\n|-heal|p2a: Chesnaught|285/285 psn\n|cant|p1a: Dondozo|slp\n|move|p1a: Dondozo|Sleep Talk|p1a: Dondozo\n|move|p1a: Dondozo|Curse|p1a: Dondozo|[from] move: Sleep Talk\n|-unboost|p1a: Dondozo|spe|1\n|-boost|p1a: Dondozo|atk|1\n|-boost|p1a: Dondozo|def|1\n|\n|-damage|p2a: Chesnaught|250/285 psn|[from] psn\n|upkeep\n|turn|49\n|\n|t:|1782903001\n|move|p2a: Chesnaught|Wood Hammer|p1a: Dondozo\n|-supereffective|p1a: Dondozo\n|-damage|p1a: Dondozo|208/362 slp\n|-damage|p2a: Chesnaught|226/285 psn|[from] Recoil\n|-curestatus|p1a: Dondozo|slp|[msg]\n|move|p1a: Dondozo|Rest|p1a: Dondozo\n|-status|p1a: Dondozo|slp|[from] move: Rest\n|-heal|p1a: Dondozo|362/362 slp|[silent]\n|\n|-heal|p2a: Chesnaught|243/285 psn|[from] item: Leftovers\n|-damage|p2a: Chesnaught|208/285 psn|[from] psn\n|upkeep\n|turn|50\n|\n|t:|1782903005\n|move|p2a: Chesnaught|Wood Hammer|p1a: Dondozo\n|-supereffective|p1a: Dondozo\n|-damage|p1a: Dondozo|296/362 slp\n|-damage|p2a: Chesnaught|186/285 psn|[from] Recoil\n|cant|p1a: Dondozo|slp\n|move|p1a: Dondozo|Sleep Talk|p1a: Dondozo\n|move|p1a: Dondozo|Curse|p1a: Dondozo|[from] move: Sleep Talk\n|-unboost|p1a: Dondozo|spe|1\n|-boost|p1a: Dondozo|atk|1\n|-boost|p1a: Dondozo|def|1\n|\n|-heal|p2a: Chesnaught|203/285 psn|[from] item: Leftovers\n|-damage|p2a: Chesnaught|168/285 psn|[from] psn\n|upkeep\n|turn|51\n|\n|t:|1782903007\n|move|p2a: Chesnaught|Wood Hammer|p1a: Dondozo\n|-supereffective|p1a: Dondozo\n|-damage|p1a: Dondozo|234/362 slp\n|-damage|p2a: Chesnaught|148/285 psn|[from] Recoil\n|cant|p1a: Dondozo|slp\n|move|p1a: Dondozo|Sleep Talk|p1a: Dondozo\n|move|p1a: Dondozo|Rest||[from] move: Sleep Talk|[still]\n|-fail|p1a: Dondozo\n|\n|-heal|p2a: Chesnaught|165/285 psn|[from] item: Leftovers\n|-damage|p2a: Chesnaught|130/285 psn|[from] psn\n|upkeep\n|turn|52\n|\n|t:|1782903011\n|move|p2a: Chesnaught|Wood Hammer|p1a: Dondozo\n|-supereffective|p1a: Dondozo\n|-damage|p1a: Dondozo|174/362 slp\n|-damage|p2a: Chesnaught|110/285 psn|[from] Recoil\n|-curestatus|p1a: Dondozo|slp|[msg]\n|move|p1a: Dondozo|Rest|p1a: Dondozo\n|-status|p1a: Dondozo|slp|[from] move: Rest\n|-heal|p1a: Dondozo|362/362 slp|[silent]\n|\n|-heal|p2a: Chesnaught|127/285 psn|[from] item: Leftovers\n|-damage|p2a: Chesnaught|92/285 psn|[from] psn\n|upkeep\n|turn|53\n|\n|t:|1782903014\n|move|p2a: Chesnaught|Knock Off|p1a: Dondozo\n|-damage|p1a: Dondozo|351/362 slp\n|cant|p1a: Dondozo|slp\n|move|p1a: Dondozo|Sleep Talk|p1a: Dondozo\n|move|p1a: Dondozo|Rest||[from] move: Sleep Talk|[still]\n|-fail|p1a: Dondozo\n|\n|-heal|p2a: Chesnaught|109/285 psn|[from] item: Leftovers\n|-damage|p2a: Chesnaught|74/285 psn|[from] psn\n|upkeep\n|turn|54\n|\n|t:|1782903019\n|move|p2a: Chesnaught|Wood Hammer|p1a: Dondozo\n|-supereffective|p1a: Dondozo\n|-damage|p1a: Dondozo|289/362 slp\n|-damage|p2a: Chesnaught|54/285 psn|[from] Recoil\n|cant|p1a: Dondozo|slp\n|move|p1a: Dondozo|Sleep Talk|p1a: Dondozo\n|move|p1a: Dondozo|Wave Crash|p2a: Chesnaught|[from] move: Sleep Talk\n|-resisted|p2a: Chesnaught\n|-damage|p2a: Chesnaught|0 fnt\n|faint|p2a: Chesnaught\n|-damage|p1a: Dondozo|271/362 slp|[from] Recoil\n|\n|upkeep\n|\n|t:|1782903020\n|switch|p2a: Dewgong|Dewgong, L94, F|322/322\n|-status|p2a: Dewgong|psn\n|turn|55\n|\n|t:|1782903023\n|move|p2a: Dewgong|Ice Beam|p1a: Dondozo\n|-resisted|p1a: Dondozo\n|-damage|p1a: Dondozo|212/362 slp\n|-curestatus|p1a: Dondozo|slp|[msg]\n|move|p1a: Dondozo|Wave Crash|p2a: Dewgong\n|-resisted|p2a: Dewgong\n|-damage|p2a: Dewgong|123/322 psn\n|-damage|p1a: Dondozo|146/362|[from] Recoil\n|\n|-damage|p2a: Dewgong|83/322 psn|[from] psn\n|upkeep\n|turn|56\n|\n|t:|1782903028\n|move|p2a: Dewgong|Ice Beam|p1a: Dondozo\n|-resisted|p1a: Dondozo\n|-damage|p1a: Dondozo|87/362\n|move|p1a: Dondozo|Rest|p1a: Dondozo\n|-status|p1a: Dondozo|slp|[from] move: Rest\n|-heal|p1a: Dondozo|362/362 slp|[silent]\n|\n|-damage|p2a: Dewgong|43/322 psn|[from] psn\n|upkeep\n|turn|57\n|\n|t:|1782903031\n|switch|p2a: Moltres|Moltres, L81|278/278\n|cant|p1a: Dondozo|slp\n|move|p1a: Dondozo|Sleep Talk|p1a: Dondozo\n|move|p1a: Dondozo|Curse|p1a: Dondozo|[from] move: Sleep Talk\n|\n|upkeep\n|turn|58\n|\n|t:|1782903033\n|move|p2a: Moltres|Fire Blast|p1a: Dondozo|[miss]\n|-miss|p2a: Moltres|p1a: Dondozo\n|cant|p1a: Dondozo|slp\n|move|p1a: Dondozo|Sleep Talk|p1a: Dondozo\n|move|p1a: Dondozo|Curse|p1a: Dondozo|[from] move: Sleep Talk\n|\n|upkeep\n|turn|59\n|\n|t:|1782903034\n|switch|p2a: Dewgong|Dewgong, L94, F|43/322 psn\n|-curestatus|p1a: Dondozo|slp|[msg]\n|move|p1a: Dondozo|Wave Crash|p2a: Dewgong\n|-resisted|p2a: Dewgong\n|-damage|p2a: Dewgong|0 fnt\n|faint|p2a: Dewgong\n|-damage|p1a: Dondozo|348/362|[from] Recoil\n|\n|upkeep\n|\n|t:|1782903035\n|switch|p2a: Moltres|Moltres, L81|278/278\n|turn|60\n|\n|t:|1782903036\n|move|p2a: Moltres|Roost||[still]\n|-fail|p2a: Moltres|heal\n|move|p1a: Dondozo|Wave Crash|p2a: Moltres\n|-supereffective|p2a: Moltres\n|-damage|p2a: Moltres|0 fnt\n|-status|p1a: Dondozo|brn|[from] ability: Flame Body|[of] p2a: Moltres\n|faint|p2a: Moltres\n|-damage|p1a: Dondozo|256/362 brn|[from] Recoil\n|\n|win|Matuidi14\n|raw|Matuidi14's rating: 2222 &rarr; <strong>2247</strong><br />(+25 for winning)\n|raw|botbeater6767's rating: 2313 &rarr; <strong>2288</strong><br />(-25 for losing)\n", "inputlog": ">version f8ac14003a5f27e1bdc8d8c59608a773c1cb96e5\n>start {\"formatid\":\"gen9randombattle\",\"seed\":\"sodium,70df2943264a60ffa9af04d580762c6d\",\"rated\":\"Rated battle\"}\n>player p1 {\"name\":\"Matuidi14\",\"avatar\":\"clown\",\"rating\":2242,\"seed\":\"sodium,f480860593a7cfa361d7b1253a0baa45\"}\n>player p2 {\"name\":\"botbeater6767\",\"avatar\":\"265\",\"rating\":2313,\"seed\":\"sodium,57561cbc5efe679a22ce48c9a4c4c60d\"}\n>chat \u2606botbeater6767|hf\n>p1 switch 6\n>p2 move icebeam\n>p1 move toxicspikes\n>p2 switch 2\n>p1 move flipturn\n>p2 move sludgebomb\n>p1 switch 2\n>p1 move psyshock\n>p2 move toxic\n>p1 move hypervoice\n>p2 move protect\n>p1 move psyshock\n>p2 switch 5\n>p1 move focusblast\n>p2 move freezedry\n>p1 switch 3\n>p2 switch 5\n>p1 move fireblast\n>p2 move earthquake\n>p2 switch 2\n>p1 switch 2\n>p2 move surf\n>p1 move toxicspikes\n>p2 switch 5\n>p1 move flipturn\n>p2 move freezedry\n>p1 switch 2\n>p1 move fireblast\n>p2 move mudshot terastallize\n>p1 switch 2\n>p1 move flipturn\n>p2 move protect\n>p1 move flipturn\n>p2 move mudshot\n>p1 switch 6\n>p2 switch 4\n>p1 switch 4\n>p2 move fireblast\n>p1 move wavecrash\n>p2 move willowisp\n>p1 move rest\n>p2 move roost\n>p1 move sleeptalk\n>p2 move fireblast\n>p1 move sleeptalk\n>p2 switch 6\n>p1 switch 4\n>p2 move appleacid\n>p1 move hypervoice\n>p2 move appleacid\n>p1 move hypervoice\n>p2 move recover\n>p1 move hypervoice\n>p2 move recover\n>p1 move hypervoice\n>p2 move dragonpulse\n>p1 move hypervoice\n>p2 move recover\n>p2 switch 6\n>p1 move hypervoice\n>p2 move fireblast\n>p1 switch 4\n>p1 move wavecrash\n>p2 switch 3\n>p1 switch 5\n>p2 move woodhammer\n>p1 move taunt\n>p2 move woodhammer\n>p1 switch 3\n>p1 move hypervoice\n>p2 switch 3\n>p1 switch 5\n>p2 move roost\n>p1 move curse\n>p2 move willowisp\n>p1 move curse\n>p2 switch 3\n>p1 move rest\n>p2 move synthesis\n>p1 move sleeptalk\n>p2 move knockoff\n>p1 move sleeptalk\n>p2 move synthesis\n>p1 move curse\n>p2 move woodhammer\n>p1 move rest\n>p2 move synthesis\n>p1 move sleeptalk\n>p2 move woodhammer\n>p1 move sleeptalk\n>p2 move synthesis\n>p1 move rest\n>p2 move synthesis\n>p1 move sleeptalk\n>p2 move woodhammer\n>p1 move sleeptalk\n>p2 move synthesis\n>p1 move curse\n>p2 move woodhammer\n>p1 move rest\n>p2 move synthesis\n>p1 move sleeptalk\n>p2 move woodhammer\n>p1 move sleeptalk\n>p2 move synthesis\n>p1 move rest\n>p2 move woodhammer\n>p1 move sleeptalk\n>p2 move woodhammer\n>p1 move sleeptalk\n>p2 move woodhammer\n>p1 move rest\n>p2 move woodhammer\n>p1 move sleeptalk\n>p2 move knockoff\n>p1 move sleeptalk\n>p2 move woodhammer\n>p2 switch 5\n>p1 move wavecrash\n>p2 move icebeam\n>p1 move rest\n>p2 move icebeam\n>p1 move sleeptalk\n>p2 switch 3\n>p1 move sleeptalk\n>p2 move fireblast\n>p1 move wavecrash\n>p2 switch 3\n>p2 switch 3\n>p1 move wavecrash\n>p2 move roost", "uploadtime": 1782903036, "views": 6, "formatid": "gen9randombattle", "rating": 2247, "private": 0, "password": null, "player_dets": [{"name": "Matuidi14", "avatar": "clown", "rating": 2242, "seed": "sodium,f480860593a7cfa361d7b1253a0baa45"}, {"name": "botbeater6767", "avatar": "265", "rating": 2313, "seed": "sodium,57561cbc5efe679a22ce48c9a4c4c60d"}], "teams_full": [{"Arboliva": {"name": "Arboliva", "species": "Arboliva", "speciesId": "arboliva", "gender": "M", "shiny": false, "level": 91, "moves": ["strengthsap", "earthpower", "hypervoice", "energyball"], "ability": "Seed Sower", "evs": {"hp": 85, "atk": 0, "def": 85, "spa": 85, "spd": 85, "spe": 85}, "ivs": {"hp": 31, "atk": 0, "def": 31, "spa": 31, "spd": 31, "spe": 31}, "item": "Leftovers", "teraType": "Grass", "role": "Bulky Attacker", "bvs": {"hp": 78, "atk": 69, "def": 90, "spa": 125, "spd": 109, "spe": 39}, "stats": {"hp": 290, "atk": 130, "def": 216, "spa": 279, "spd": 250, "spe": 123}, "types": ["Grass", "Normal"]}, "Meloetta": {"name": "Meloetta", "species": "Meloetta", "speciesId": "meloetta", "gender": "N", "shiny": false, "level": 82, "moves": ["focusblast", "hypervoice", "psyshock", "calmmind"], "ability": "Serene Grace", "evs": {"hp": 85, "atk": 0, "def": 85, "spa": 85, "spd": 85, "spe": 85}, "ivs": {"hp": 31, "atk": 0, "def": 31, "spa": 31, "spd": 31, "spe": 31}, "item": "Leftovers", "teraType": "Psychic", "role": "Bulky Attacker", "bvs": {"hp": 100, "atk": 77, "def": 77, "spa": 128, "spd": 128, "spe": 90}, "stats": {"hp": 298, "atk": 131, "def": 173, "spa": 257, "spd": 257, "spe": 195}, "types": ["Normal", "Psychic"]}, "Houndoom": {"name": "Houndoom", "species": "Houndoom", "speciesId": "houndoom", "gender": "M", "shiny": false, "level": 87, "moves": ["darkpulse", "suckerpunch", "sludgebomb", "fireblast"], "ability": "Flash Fire", "evs": {"hp": 85, "atk": 85, "def": 85, "spa": 85, "spd": 85, "spe": 85}, "ivs": {"hp": 31, "atk": 31, "def": 31, "spa": 31, "spd": 31, "spe": 31}, "item": "Heavy-Duty Boots", "teraType": "Fire", "role": "Fast Attacker", "bvs": {"hp": 75, "atk": 90, "def": 50, "spa": 110, "spd": 80, "spe": 95}, "stats": {"hp": 272, "atk": 206, "def": 137, "spa": 241, "spd": 189, "spe": 215}, "types": ["Dark", "Fire"]}, "Dondozo": {"name": "Dondozo", "species": "Dondozo", "speciesId": "dondozo", "gender": "F", "shiny": false, "level": 78, "moves": ["wavecrash", "sleeptalk", "curse", "rest"], "ability": "Unaware", "evs": {"hp": 85, "atk": 85, "def": 85, "spa": 85, "spd": 85, "spe": 85}, "ivs": {"hp": 31, "atk": 31, "def": 31, "spa": 31, "spd": 31, "spe": 31}, "item": "Leftovers", "teraType": "Fairy", "role": "Bulky Setup", "bvs": {"hp": 150, "atk": 100, "def": 115, "spa": 65, "spd": 65, "spe": 35}, "stats": {"hp": 362, "atk": 201, "def": 224, "spa": 146, "spd": 146, "spe": 100}, "types": ["Water"]}, "Grimmsnarl": {"name": "Grimmsnarl", "species": "Grimmsnarl", "speciesId": "grimmsnarl", "gender": "M", "shiny": false, "level": 83, "moves": ["suckerpunch", "partingshot", "spiritbreak", "taunt"], "ability": "Prankster", "evs": {"hp": 85, "atk": 85, "def": 85, "spa": 85, "spd": 85, "spe": 85}, "ivs": {"hp": 31, "atk": 31, "def": 31, "spa": 31, "spd": 31, "spe": 31}, "item": "Leftovers", "teraType": "Steel", "role": "Bulky Attacker", "bvs": {"hp": 95, "atk": 120, "def": 65, "spa": 95, "spd": 75, "spe": 60}, "stats": {"hp": 293, "atk": 247, "def": 156, "spa": 205, "spd": 172, "spe": 147}, "types": ["Dark", "Fairy"]}, "Qwilfish": {"name": "Qwilfish", "species": "Qwilfish", "speciesId": "qwilfish", "gender": "M", "shiny": false, "level": 86, "moves": ["painsplit", "toxicspikes", "gunkshot", "flipturn"], "ability": "Intimidate", "evs": {"hp": 85, "atk": 85, "def": 85, "spa": 85, "spd": 85, "spe": 85}, "ivs": {"hp": 31, "atk": 31, "def": 31, "spa": 31, "spd": 31, "spe": 31}, "item": "Heavy-Duty Boots", "teraType": "Grass", "role": "Fast Support", "bvs": {"hp": 65, "atk": 95, "def": 85, "spa": 55, "spd": 55, "spe": 85}, "stats": {"hp": 252, "atk": 213, "def": 195, "spa": 144, "spd": 144, "spe": 195}, "types": ["Water", "Poison"]}}, {"Dewgong": {"name": "Dewgong", "species": "Dewgong", "speciesId": "dewgong", "gender": "F", "shiny": false, "level": 94, "moves": ["knockoff", "flipturn", "surf", "icebeam"], "ability": "Thick Fat", "evs": {"hp": 85, "atk": 85, "def": 85, "spa": 85, "spd": 85, "spe": 85}, "ivs": {"hp": 31, "atk": 31, "def": 31, "spa": 31, "spd": 31, "spe": 31}, "item": "Assault Vest", "teraType": "Steel", "role": "Bulky Support", "bvs": {"hp": 90, "atk": 70, "def": 80, "spa": 70, "spd": 95, "spe": 70}, "stats": {"hp": 322, "atk": 185, "def": 204, "spa": 185, "spd": 232, "spe": 185}, "types": ["Water", "Ice"]}, "Swalot": {"name": "Swalot", "species": "Swalot", "speciesId": "swalot", "gender": "M", "shiny": false, "level": 90, "moves": ["sludgebomb", "toxic", "earthquake", "protect"], "ability": "Liquid Ooze", "evs": {"hp": 85, "atk": 85, "def": 85, "spa": 85, "spd": 85, "spe": 85}, "ivs": {"hp": 31, "atk": 31, "def": 31, "spa": 31, "spd": 31, "spe": 31}, "item": "Leftovers", "teraType": "Ground", "role": "Bulky Support", "bvs": {"hp": 100, "atk": 73, "def": 83, "spa": 73, "spd": 83, "spe": 55}, "stats": {"hp": 326, "atk": 183, "def": 201, "spa": 183, "spd": 201, "spe": 150}, "types": ["Poison"]}, "Chesnaught": {"name": "Chesnaught", "species": "Chesnaught", "speciesId": "chesnaught", "gender": "M", "shiny": false, "level": 84, "moves": ["knockoff", "synthesis", "woodhammer", "bodypress"], "ability": "Bulletproof", "evs": {"hp": 85, "atk": 85, "def": 85, "spa": 85, "spd": 85, "spe": 85}, "ivs": {"hp": 31, "atk": 31, "def": 31, "spa": 31, "spd": 31, "spe": 31}, "item": "Leftovers", "teraType": "Water", "role": "Bulky Support", "bvs": {"hp": 88, "atk": 107, "def": 122, "spa": 74, "spd": 75, "spe": 64}, "stats": {"hp": 285, "atk": 228, "def": 253, "spa": 173, "spd": 174, "spe": 156}, "types": ["Grass", "Fighting"]}, "Moltres": {"name": "Moltres", "species": "Moltres", "speciesId": "moltres", "gender": "N", "shiny": false, "level": 81, "moves": ["bravebird", "roost", "fireblast", "willowisp"], "ability": "Flame Body", "evs": {"hp": 85, "atk": 85, "def": 85, "spa": 85, "spd": 85, "spe": 85}, "ivs": {"hp": 31, "atk": 31, "def": 31, "spa": 31, "spd": 31, "spe": 31}, "item": "Heavy-Duty Boots", "teraType": "Steel", "role": "Bulky Attacker", "bvs": {"hp": 90, "atk": 100, "def": 90, "spa": 125, "spd": 85, "spe": 90}, "stats": {"hp": 278, "atk": 209, "def": 192, "spa": 249, "spd": 184, "spe": 192}, "types": ["Fire", "Flying"]}, "Glaceon": {"name": "Glaceon", "species": "Glaceon", "speciesId": "glaceon", "gender": "F", "shiny": false, "level": 94, "moves": ["mudshot", "protect", "wish", "freezedry"], "ability": "Ice Body", "evs": {"hp": 85, "atk": 0, "def": 85, "spa": 85, "spd": 85, "spe": 85}, "ivs": {"hp": 31, "atk": 0, "def": 31, "spa": 31, "spd": 31, "spe": 31}, "item": "Heavy-Duty Boots", "teraType": "Ground", "role": "Bulky Attacker", "bvs": {"hp": 65, "atk": 60, "def": 110, "spa": 130, "spd": 95, "spe": 65}, "stats": {"hp": 275, "atk": 117, "def": 260, "spa": 298, "spd": 232, "spe": 176}, "types": ["Ice"]}, "Appletun": {"name": "Appletun", "species": "Appletun", "speciesId": "appletun", "gender": "M", "shiny": false, "level": 92, "moves": ["appleacid", "recover", "dragonpulse", "dragontail"], "ability": "Thick Fat", "evs": {"hp": 85, "atk": 85, "def": 85, "spa": 85, "spd": 85, "spe": 85}, "ivs": {"hp": 31, "atk": 31, "def": 31, "spa": 31, "spd": 31, "spe": 31}, "item": "Leftovers", "teraType": "Steel", "role": "Bulky Attacker", "bvs": {"hp": 110, "atk": 85, "def": 80, "spa": 100, "spd": 80, "spe": 30}, "stats": {"hp": 352, "atk": 209, "def": 200, "spa": 236, "spd": 200, "spe": 108}, "types": ["Grass", "Dragon"]}}]}