{"id": "gen9randombattle-2642066638", "format": "[Gen 9] Random Battle", "players": ["devbts", "Pokepaulll"], "log": "|j|\u2606devbts\n|j|\u2606Pokepaulll\n|t:|1782882716\n|gametype|singles\n|player|p1|devbts|101|1365\n|player|p2|Pokepaulll|101|1351\n|gen|9\n|tier|[Gen 9] Random Battle\n|rated|\n|rule|Species Clause: Limit one of each Pok\u00e9mon\n|rule|HP Percentage Mod: HP is shown in percentages\n|rule|Sleep Clause Mod: Limit one foe put to sleep\n|rule|Illusion Level Mod: Illusion disguises the Pok\u00e9mon's true level\n|\n|t:|1782882716\n|teamsize|p1|6\n|teamsize|p2|6\n|start\n|switch|p1a: Bombirdier|Bombirdier, L85, M|258/258\n|switch|p2a: Pachirisu|Pachirisu, L96, F|271/271\n|turn|1\n|inactive|Battle timer is ON: inactive players will automatically lose when time's up. (requested by devbts)\n|\n|t:|1782882729\n|switch|p1a: Vikavolt|Vikavolt, L83, M|263/263\n|move|p2a: Pachirisu|U-turn|p1a: Vikavolt\n|-damage|p1a: Vikavolt|225/263\n|\n|t:|1782882751\n|switch|p2a: Spidops|Spidops, L96, F|271/271|[from] U-turn\n|\n|upkeep\n|turn|2\n|\n|t:|1782882756\n|move|p2a: Spidops|Sticky Web|p1a: Vikavolt\n|-sidestart|p1: devbts|move: Sticky Web\n|move|p1a: Vikavolt|Sticky Web|p2a: Spidops\n|-sidestart|p2: Pokepaulll|move: Sticky Web\n|\n|upkeep\n|turn|3\n|inactive|devbts has 120 seconds left.\n|\n|t:|1782882817\n|move|p2a: Spidops|Knock Off|p1a: Vikavolt\n|-damage|p1a: Vikavolt|151/263\n|-enditem|p1a: Vikavolt|Heavy-Duty Boots|[from] move: Knock Off|[of] p2a: Spidops\n|move|p1a: Vikavolt|Thunderbolt|p2a: Spidops\n|-damage|p2a: Spidops|156/271\n|\n|upkeep\n|turn|4\n|\n|t:|1782882830\n|move|p2a: Spidops|U-turn|p1a: Vikavolt\n|-damage|p1a: Vikavolt|64/263\n|\n|t:|1782882833\n|switch|p2a: Zekrom|Zekrom, L71|259/259|[from] U-turn\n|-activate|p2a: Zekrom|move: Sticky Web\n|-unboost|p2a: Zekrom|spe|1\n|-ability|p2a: Zekrom|Teravolt\n|move|p1a: Vikavolt|Bug Buzz|p2a: Zekrom\n|-damage|p2a: Zekrom|129/259\n|\n|-heal|p2a: Zekrom|145/259|[from] item: Leftovers\n|upkeep\n|turn|5\n|\n|t:|1782882850\n|switch|p2a: Spidops|Spidops, L96, F|156/271\n|move|p1a: Vikavolt|Bug Buzz|p2a: Spidops\n|-damage|p2a: Spidops|36/271\n|\n|upkeep\n|turn|6\n|\n|t:|1782882858\n|move|p2a: Spidops|Knock Off|p1a: Vikavolt\n|-damage|p1a: Vikavolt|9/263\n|move|p1a: Vikavolt|Bug Buzz|p2a: Spidops\n|-damage|p2a: Spidops|0 fnt\n|faint|p2a: Spidops\n|\n|upkeep\n|\n|t:|1782882862\n|switch|p2a: Weavile|Weavile, L79, M|239/239\n|-activate|p2a: Weavile|move: Sticky Web\n|-unboost|p2a: Weavile|spe|1\n|turn|7\n|\n|t:|1782882868\n|move|p2a: Weavile|Triple Axel|p1a: Vikavolt\n|-damage|p1a: Vikavolt|0 fnt\n|faint|p1a: Vikavolt\n|-hitcount|p1: Vikavolt|1\n|\n|upkeep\n|\n|t:|1782882875\n|switch|p1a: Inteleon|Inteleon, L81, F|246/246\n|-activate|p1a: Inteleon|move: Sticky Web\n|-unboost|p1a: Inteleon|spe|1\n|turn|8\n|\n|t:|1782882885\n|switch|p2a: Toxapex|Toxapex, L82, M|216/216\n|-activate|p2a: Toxapex|move: Sticky Web\n|-unboost|p2a: Toxapex|spe|1\n|move|p1a: Inteleon|U-turn|p2a: Toxapex\n|-resisted|p2a: Toxapex\n|-damage|p2a: Toxapex|202/216\n|-damage|p1a: Inteleon|205/246|[from] item: Rocky Helmet|[of] p2a: Toxapex\n|\n|t:|1782882893\n|switch|p1a: Jumpluff|Jumpluff, L87, F|271/271|[from] U-turn\n|\n|upkeep\n|turn|9\n|\n|t:|1782882906\n|switch|p2a: Weavile|Weavile, L79, M|239/239\n|-activate|p2a: Weavile|move: Sticky Web\n|-unboost|p2a: Weavile|spe|1\n|move|p1a: Jumpluff|Substitute|p1a: Jumpluff\n|-start|p1a: Jumpluff|Substitute\n|-damage|p1a: Jumpluff|204/271\n|\n|upkeep\n|turn|10\n|\n|t:|1782882921\n|-terastallize|p1a: Jumpluff|Steel\n|move|p1a: Jumpluff|Strength Sap|p2a: Weavile\n|-unboost|p2a: Weavile|atk|1\n|-heal|p1a: Jumpluff|271/271\n|move|p2a: Weavile|Knock Off|p1a: Jumpluff\n|-crit|p1a: Jumpluff\n|-end|p1a: Jumpluff|Substitute\n|\n|upkeep\n|turn|11\n|\n|t:|1782882932\n|switch|p2a: Toxapex|Toxapex, L82, M|216/216\n|-activate|p2a: Toxapex|move: Sticky Web\n|-unboost|p2a: Toxapex|spe|1\n|move|p1a: Jumpluff|Leech Seed|p2a: Toxapex\n|-start|p2a: Toxapex|move: Leech Seed\n|\n|-damage|p2a: Toxapex|189/216|[from] Leech Seed|[of] p1a: Jumpluff\n|upkeep\n|turn|12\n|\n|t:|1782882945\n|switch|p2a: Weavile|Weavile, L79, M|239/239\n|-activate|p2a: Weavile|move: Sticky Web\n|-unboost|p2a: Weavile|spe|1\n|move|p1a: Jumpluff|Substitute|p1a: Jumpluff\n|-start|p1a: Jumpluff|Substitute\n|-damage|p1a: Jumpluff|204/271\n|\n|upkeep\n|turn|13\n|\n|t:|1782882953\n|move|p1a: Jumpluff|Leech Seed|p2a: Weavile\n|-start|p2a: Weavile|move: Leech Seed\n|move|p2a: Weavile|Low Kick|p1a: Jumpluff\n|-supereffective|p1a: Jumpluff\n|-activate|p1a: Jumpluff|move: Substitute|[damage]\n|\n|-damage|p2a: Weavile|210/239|[from] Leech Seed|[of] p1a: Jumpluff\n|-heal|p1a: Jumpluff|233/271|[silent]\n|upkeep\n|turn|14\n|\n|t:|1782882963\n|switch|p2a: Arceus|Arceus-Ghost, L69|280/280\n|-activate|p2a: Arceus|move: Sticky Web\n|-unboost|p2a: Arceus|spe|1\n|move|p1a: Jumpluff|Strength Sap|p2a: Arceus\n|-unboost|p2a: Arceus|atk|1\n|-heal|p1a: Jumpluff|271/271\n|\n|upkeep\n|turn|15\n|\n|t:|1782882975\n|move|p1a: Jumpluff|Leech Seed|p2a: Arceus\n|-start|p2a: Arceus|move: Leech Seed\n|move|p2a: Arceus|Judgment|p1a: Jumpluff\n|-end|p1a: Jumpluff|Substitute\n|\n|-damage|p2a: Arceus|245/280|[from] Leech Seed|[of] p1a: Jumpluff\n|upkeep\n|turn|16\n|\n|t:|1782883000\n|switch|p2a: Toxapex|Toxapex, L82, M|216/216\n|-activate|p2a: Toxapex|move: Sticky Web\n|-unboost|p2a: Toxapex|spe|1\n|move|p1a: Jumpluff|Substitute|p1a: Jumpluff\n|-start|p1a: Jumpluff|Substitute\n|-damage|p1a: Jumpluff|204/271\n|\n|upkeep\n|turn|17\n|l|\u2606Pokepaulll\n|inactive|Pokepaulll disconnected and has a minute to reconnect!\n|player|p2|\n|j|\u2606Pokepaulll\n|inactive|Pokepaulll reconnected and has 130 seconds left.\n|player|p2|Pokepaulll|101|\n|\n|t:|1782883016\n|move|p1a: Jumpluff|Leech Seed|p2a: Toxapex\n|-start|p2a: Toxapex|move: Leech Seed\n|move|p2a: Toxapex|Liquidation|p1a: Jumpluff\n|-end|p1a: Jumpluff|Substitute\n|\n|-damage|p2a: Toxapex|189/216|[from] Leech Seed|[of] p1a: Jumpluff\n|-heal|p1a: Jumpluff|231/271|[silent]\n|upkeep\n|turn|18\n|\n|t:|1782883025\n|move|p1a: Jumpluff|Strength Sap|p2a: Toxapex\n|-unboost|p2a: Toxapex|atk|1\n|-heal|p1a: Jumpluff|271/271\n|move|p2a: Toxapex|Liquidation|p1a: Jumpluff\n|-damage|p1a: Jumpluff|219/271\n|-unboost|p1a: Jumpluff|def|1\n|\n|-damage|p2a: Toxapex|162/216|[from] Leech Seed|[of] p1a: Jumpluff\n|-heal|p1a: Jumpluff|246/271|[silent]\n|upkeep\n|turn|19\n|\n|t:|1782883036\n|move|p1a: Jumpluff|Substitute|p1a: Jumpluff\n|-start|p1a: Jumpluff|Substitute\n|-damage|p1a: Jumpluff|179/271\n|move|p2a: Toxapex|Liquidation|p1a: Jumpluff\n|-end|p1a: Jumpluff|Substitute\n|\n|-damage|p2a: Toxapex|135/216|[from] Leech Seed|[of] p1a: Jumpluff\n|-heal|p1a: Jumpluff|206/271|[silent]\n|upkeep\n|turn|20\n|\n|t:|1782883043\n|move|p1a: Jumpluff|Strength Sap|p2a: Toxapex\n|-unboost|p2a: Toxapex|atk|1\n|-heal|p1a: Jumpluff|271/271\n|move|p2a: Toxapex|Recover|p2a: Toxapex\n|-heal|p2a: Toxapex|216/216\n|\n|-damage|p2a: Toxapex|189/216|[from] Leech Seed|[of] p1a: Jumpluff\n|upkeep\n|turn|21\n|\n|t:|1782883051\n|move|p1a: Jumpluff|Acrobatics|p2a: Toxapex\n|-damage|p2a: Toxapex|135/216\n|-damage|p1a: Jumpluff|226/271|[from] item: Rocky Helmet|[of] p2a: Toxapex\n|move|p2a: Toxapex|Liquidation|p1a: Jumpluff\n|-damage|p1a: Jumpluff|172/271\n|-unboost|p1a: Jumpluff|def|1\n|\n|-damage|p2a: Toxapex|108/216|[from] Leech Seed|[of] p1a: Jumpluff\n|-heal|p1a: Jumpluff|199/271|[silent]\n|upkeep\n|turn|22\n|\n|t:|1782883061\n|move|p1a: Jumpluff|Substitute|p1a: Jumpluff\n|-start|p1a: Jumpluff|Substitute\n|-damage|p1a: Jumpluff|132/271\n|move|p2a: Toxapex|Recover|p2a: Toxapex\n|-heal|p2a: Toxapex|216/216\n|\n|-damage|p2a: Toxapex|189/216|[from] Leech Seed|[of] p1a: Jumpluff\n|-heal|p1a: Jumpluff|159/271|[silent]\n|upkeep\n|turn|23\n|\n|t:|1782883069\n|move|p1a: Jumpluff|Strength Sap|p2a: Toxapex\n|-unboost|p2a: Toxapex|atk|1\n|-heal|p1a: Jumpluff|234/271\n|move|p2a: Toxapex|Liquidation|p1a: Jumpluff\n|-activate|p1a: Jumpluff|move: Substitute|[damage]\n|\n|-damage|p2a: Toxapex|162/216|[from] Leech Seed|[of] p1a: Jumpluff\n|-heal|p1a: Jumpluff|261/271|[silent]\n|upkeep\n|turn|24\n|\n|t:|1782883079\n|move|p1a: Jumpluff|Acrobatics|p2a: Toxapex\n|-crit|p2a: Toxapex\n|-damage|p2a: Toxapex|83/216\n|-damage|p1a: Jumpluff|216/271|[from] item: Rocky Helmet|[of] p2a: Toxapex\n|move|p2a: Toxapex|Liquidation|p1a: Jumpluff\n|-end|p1a: Jumpluff|Substitute\n|\n|-damage|p2a: Toxapex|56/216|[from] Leech Seed|[of] p1a: Jumpluff\n|-heal|p1a: Jumpluff|243/271|[silent]\n|upkeep\n|turn|25\n|\n|t:|1782883092\n|switch|p2a: Weavile|Weavile, L79, M|210/239\n|-activate|p2a: Weavile|move: Sticky Web\n|-unboost|p2a: Weavile|spe|1\n|move|p1a: Jumpluff|Substitute|p1a: Jumpluff\n|-start|p1a: Jumpluff|Substitute\n|-damage|p1a: Jumpluff|176/271\n|\n|upkeep\n|turn|26\n|\n|t:|1782883101\n|move|p1a: Jumpluff|Strength Sap|p2a: Weavile\n|-unboost|p2a: Weavile|atk|1\n|-heal|p1a: Jumpluff|271/271\n|move|p2a: Weavile|Triple Axel|p1a: Jumpluff\n|-resisted|p1a: Jumpluff\n|-activate|p1a: Jumpluff|move: Substitute|[damage]\n|-resisted|p1a: Jumpluff\n|-end|p1a: Jumpluff|Substitute\n|-resisted|p1a: Jumpluff\n|-damage|p1a: Jumpluff|193/271\n|-hitcount|p1a: Jumpluff|3\n|\n|upkeep\n|turn|27\n|\n|t:|1782883114\n|move|p1a: Jumpluff|Strength Sap|p2a: Weavile\n|-unboost|p2a: Weavile|atk|1\n|-heal|p1a: Jumpluff|271/271\n|move|p2a: Weavile|Triple Axel|p1a: Jumpluff\n|-resisted|p1a: Jumpluff\n|-damage|p1a: Jumpluff|251/271\n|-resisted|p1a: Jumpluff\n|-damage|p1a: Jumpluff|217/271\n|-hitcount|p1a: Jumpluff|2\n|\n|upkeep\n|turn|28\n|\n|t:|1782883126\n|switch|p2a: Toxapex|Toxapex, L82, M|128/216\n|-activate|p2a: Toxapex|move: Sticky Web\n|-unboost|p2a: Toxapex|spe|1\n|move|p1a: Jumpluff|Leech Seed|p2a: Toxapex\n|-start|p2a: Toxapex|move: Leech Seed\n|\n|-damage|p2a: Toxapex|101/216|[from] Leech Seed|[of] p1a: Jumpluff\n|-heal|p1a: Jumpluff|244/271|[silent]\n|upkeep\n|turn|29\n|\n|t:|1782883134\n|move|p1a: Jumpluff|Strength Sap|p2a: Toxapex\n|-unboost|p2a: Toxapex|atk|1\n|-heal|p1a: Jumpluff|271/271\n|move|p2a: Toxapex|Recover|p2a: Toxapex\n|-heal|p2a: Toxapex|209/216\n|\n|-damage|p2a: Toxapex|182/216|[from] Leech Seed|[of] p1a: Jumpluff\n|upkeep\n|turn|30\n|\n|t:|1782883142\n|move|p1a: Jumpluff|Substitute|p1a: Jumpluff\n|-start|p1a: Jumpluff|Substitute\n|-damage|p1a: Jumpluff|204/271\n|move|p2a: Toxapex|Liquidation|p1a: Jumpluff\n|-end|p1a: Jumpluff|Substitute\n|\n|-damage|p2a: Toxapex|155/216|[from] Leech Seed|[of] p1a: Jumpluff\n|-heal|p1a: Jumpluff|231/271|[silent]\n|upkeep\n|turn|31\n|\n|t:|1782883153\n|move|p1a: Jumpluff|Substitute|p1a: Jumpluff\n|-start|p1a: Jumpluff|Substitute\n|-damage|p1a: Jumpluff|164/271\n|move|p2a: Toxapex|Liquidation|p1a: Jumpluff\n|-end|p1a: Jumpluff|Substitute\n|\n|-damage|p2a: Toxapex|128/216|[from] Leech Seed|[of] p1a: Jumpluff\n|-heal|p1a: Jumpluff|191/271|[silent]\n|upkeep\n|turn|32\n|\n|t:|1782883160\n|move|p1a: Jumpluff|Strength Sap|p2a: Toxapex\n|-unboost|p2a: Toxapex|atk|1\n|-heal|p1a: Jumpluff|271/271\n|move|p2a: Toxapex|Recover|p2a: Toxapex\n|-heal|p2a: Toxapex|216/216\n|\n|-damage|p2a: Toxapex|189/216|[from] Leech Seed|[of] p1a: Jumpluff\n|upkeep\n|turn|33\n|\n|t:|1782883168\n|move|p1a: Jumpluff|Acrobatics|p2a: Toxapex\n|-damage|p2a: Toxapex|138/216\n|-damage|p1a: Jumpluff|226/271|[from] item: Rocky Helmet|[of] p2a: Toxapex\n|move|p2a: Toxapex|Liquidation|p1a: Jumpluff\n|-damage|p1a: Jumpluff|159/271\n|\n|-damage|p2a: Toxapex|111/216|[from] Leech Seed|[of] p1a: Jumpluff\n|-heal|p1a: Jumpluff|186/271|[silent]\n|upkeep\n|turn|34\n|\n|t:|1782883177\n|move|p1a: Jumpluff|Substitute|p1a: Jumpluff\n|-start|p1a: Jumpluff|Substitute\n|-damage|p1a: Jumpluff|119/271\n|move|p2a: Toxapex|Recover|p2a: Toxapex\n|-heal|p2a: Toxapex|216/216\n|\n|-damage|p2a: Toxapex|189/216|[from] Leech Seed|[of] p1a: Jumpluff\n|-heal|p1a: Jumpluff|146/271|[silent]\n|upkeep\n|turn|35\n|\n|t:|1782883186\n|move|p1a: Jumpluff|Strength Sap|p2a: Toxapex\n|-unboost|p2a: Toxapex|atk|1\n|-heal|p1a: Jumpluff|221/271\n|move|p2a: Toxapex|Liquidation|p1a: Jumpluff\n|-activate|p1a: Jumpluff|move: Substitute|[damage]\n|\n|-damage|p2a: Toxapex|162/216|[from] Leech Seed|[of] p1a: Jumpluff\n|-heal|p1a: Jumpluff|248/271|[silent]\n|upkeep\n|turn|36\n|\n|t:|1782883197\n|move|p1a: Jumpluff|Acrobatics|p2a: Toxapex\n|-damage|p2a: Toxapex|105/216\n|-damage|p1a: Jumpluff|203/271|[from] item: Rocky Helmet|[of] p2a: Toxapex\n|move|p2a: Toxapex|Liquidation|p1a: Jumpluff\n|-end|p1a: Jumpluff|Substitute\n|\n|-damage|p2a: Toxapex|78/216|[from] Leech Seed|[of] p1a: Jumpluff\n|-heal|p1a: Jumpluff|230/271|[silent]\n|upkeep\n|turn|37\n|\n|t:|1782883209\n|move|p1a: Jumpluff|Substitute|p1a: Jumpluff\n|-start|p1a: Jumpluff|Substitute\n|-damage|p1a: Jumpluff|163/271\n|move|p2a: Toxapex|Recover|p2a: Toxapex\n|-heal|p2a: Toxapex|186/216\n|\n|-damage|p2a: Toxapex|159/216|[from] Leech Seed|[of] p1a: Jumpluff\n|-heal|p1a: Jumpluff|190/271|[silent]\n|upkeep\n|turn|38\n|\n|t:|1782883224\n|move|p1a: Jumpluff|Strength Sap|p2a: Toxapex\n|-unboost|p2a: Toxapex|atk|1\n|-heal|p1a: Jumpluff|250/271\n|move|p2a: Toxapex|Liquidation|p1a: Jumpluff\n|-activate|p1a: Jumpluff|move: Substitute|[damage]\n|\n|-damage|p2a: Toxapex|132/216|[from] Leech Seed|[of] p1a: Jumpluff\n|-heal|p1a: Jumpluff|271/271|[silent]\n|upkeep\n|turn|39\n|\n|t:|1782883234\n|move|p1a: Jumpluff|Acrobatics|p2a: Toxapex\n|-damage|p2a: Toxapex|81/216\n|-damage|p1a: Jumpluff|226/271|[from] item: Rocky Helmet|[of] p2a: Toxapex\n|move|p2a: Toxapex|Recover|p2a: Toxapex\n|-heal|p2a: Toxapex|189/216\n|\n|-damage|p2a: Toxapex|162/216|[from] Leech Seed|[of] p1a: Jumpluff\n|-heal|p1a: Jumpluff|253/271|[silent]\n|upkeep\n|turn|40\n|\n|t:|1782883249\n|move|p1a: Jumpluff|Acrobatics|p2a: Toxapex\n|-damage|p2a: Toxapex|108/216\n|-damage|p1a: Jumpluff|208/271|[from] item: Rocky Helmet|[of] p2a: Toxapex\n|move|p2a: Toxapex|Liquidation|p1a: Jumpluff\n|-end|p1a: Jumpluff|Substitute\n|\n|-damage|p2a: Toxapex|81/216|[from] Leech Seed|[of] p1a: Jumpluff\n|-heal|p1a: Jumpluff|235/271|[silent]\n|upkeep\n|turn|41\n|\n|t:|1782883259\n|move|p1a: Jumpluff|Substitute|p1a: Jumpluff\n|-start|p1a: Jumpluff|Substitute\n|-damage|p1a: Jumpluff|168/271\n|move|p2a: Toxapex|Recover|p2a: Toxapex\n|-heal|p2a: Toxapex|189/216\n|\n|-damage|p2a: Toxapex|162/216|[from] Leech Seed|[of] p1a: Jumpluff\n|-heal|p1a: Jumpluff|195/271|[silent]\n|upkeep\n|turn|42\n|\n|t:|1782883266\n|move|p1a: Jumpluff|Strength Sap|p2a: Toxapex\n|-unboost|p2a: Toxapex|atk|1\n|-heal|p1a: Jumpluff|245/271\n|move|p2a: Toxapex|Liquidation|p1a: Jumpluff\n|-activate|p1a: Jumpluff|move: Substitute|[damage]\n|\n|-damage|p2a: Toxapex|135/216|[from] Leech Seed|[of] p1a: Jumpluff\n|-heal|p1a: Jumpluff|271/271|[silent]\n|upkeep\n|turn|43\n|\n|t:|1782883275\n|switch|p2a: Weavile|Weavile, L79, M|210/239\n|-activate|p2a: Weavile|move: Sticky Web\n|-unboost|p2a: Weavile|spe|1\n|move|p1a: Jumpluff|Acrobatics|p2a: Weavile\n|-damage|p2a: Weavile|99/239\n|\n|upkeep\n|turn|44\n|\n|t:|1782883291\n|move|p1a: Jumpluff|Acrobatics|p2a: Weavile\n|-damage|p2a: Weavile|0 fnt\n|faint|p2a: Weavile\n|\n|upkeep\n|\n|t:|1782883294\n|switch|p2a: Pachirisu|Pachirisu, L96, F|271/271\n|-activate|p2a: Pachirisu|move: Sticky Web\n|-unboost|p2a: Pachirisu|spe|1\n|turn|45\n|\n|t:|1782883301\n|move|p1a: Jumpluff|Leech Seed|p2a: Pachirisu\n|-start|p2a: Pachirisu|move: Leech Seed\n|move|p2a: Pachirisu|Thunderbolt|p1a: Jumpluff\n|-end|p1a: Jumpluff|Substitute\n|\n|-damage|p2a: Pachirisu|238/271|[from] Leech Seed|[of] p1a: Jumpluff\n|upkeep\n|turn|46\n|\n|t:|1782883322\n|switch|p1a: Pecharunt|Pecharunt, L77|262/262\n|-activate|p1a: Pecharunt|move: Sticky Web\n|-unboost|p1a: Pecharunt|spe|1\n|switch|p2a: Toxapex|Toxapex, L82, M|207/216\n|-activate|p2a: Toxapex|move: Sticky Web\n|-unboost|p2a: Toxapex|spe|1\n|\n|upkeep\n|turn|47\n|\n|t:|1782883333\n|move|p1a: Pecharunt|Nasty Plot|p1a: Pecharunt\n|-boost|p1a: Pecharunt|spa|2\n|move|p2a: Toxapex|Liquidation|p1a: Pecharunt\n|-damage|p1a: Pecharunt|217/262\n|\n|-heal|p1a: Pecharunt|233/262|[from] item: Leftovers\n|upkeep\n|turn|48\n|\n|t:|1782883341\n|move|p1a: Pecharunt|Shadow Ball|p2a: Toxapex\n|-crit|p2a: Toxapex\n|-damage|p2a: Toxapex|74/216\n|move|p2a: Toxapex|Haze|p2a: Toxapex\n|-clearallboost\n|\n|-heal|p1a: Pecharunt|249/262|[from] item: Leftovers\n|upkeep\n|turn|49\n|\n|t:|1782883352\n|switch|p2a: Zekrom|Zekrom, L71|145/259\n|-activate|p2a: Zekrom|move: Sticky Web\n|-unboost|p2a: Zekrom|spe|1\n|-ability|p2a: Zekrom|Teravolt\n|move|p1a: Pecharunt|Shadow Ball|p2a: Zekrom\n|-damage|p2a: Zekrom|76/259\n|-unboost|p2a: Zekrom|spd|1\n|\n|-heal|p1a: Pecharunt|262/262|[from] item: Leftovers\n|-heal|p2a: Zekrom|92/259|[from] item: Leftovers\n|upkeep\n|turn|50\n|c|\u2606Pokepaulll|\ud83d\ude44\n|\n|t:|1782883377\n|move|p1a: Pecharunt|Malignant Chain|p2a: Zekrom\n|-crit|p2a: Zekrom\n|-damage|p2a: Zekrom|0 fnt\n|faint|p2a: Zekrom\n|\n|upkeep\n|c|\u2606Pokepaulll|\ud83d\ude21\n|inactive|Pokepaulll has 120 seconds left.\n|\n|t:|1782883398\n|switch|p2a: Pachirisu|Pachirisu, L96, F|238/271\n|-activate|p2a: Pachirisu|move: Sticky Web\n|-unboost|p2a: Pachirisu|spe|1\n|turn|51\n|\n|t:|1782883404\n|move|p1a: Pecharunt|Malignant Chain|p2a: Pachirisu\n|-damage|p2a: Pachirisu|192/271\n|-status|p2a: Pachirisu|tox\n|-start|p2a: Pachirisu|confusion|[from] ability: Poison Puppeteer|[of] p1a: Pecharunt\n|-activate|p2a: Pachirisu|confusion\n|move|p2a: Pachirisu|Nuzzle|p1a: Pecharunt\n|-damage|p1a: Pecharunt|249/262\n|-status|p1a: Pecharunt|par\n|\n|-heal|p1a: Pecharunt|262/262 par|[from] item: Leftovers\n|-damage|p2a: Pachirisu|176/271 tox|[from] psn\n|upkeep\n|turn|52\n|\n|t:|1782883416\n|-activate|p2a: Pachirisu|confusion\n|-damage|p2a: Pachirisu|154/271 tox|[from] confusion\n|move|p1a: Pecharunt|Shadow Ball|p2a: Pachirisu\n|-damage|p2a: Pachirisu|112/271 tox\n|\n|-damage|p2a: Pachirisu|80/271 tox|[from] psn\n|upkeep\n|turn|53\n|\n|t:|1782883423\n|-activate|p2a: Pachirisu|confusion\n|move|p2a: Pachirisu|U-turn|p1a: Pecharunt\n|-resisted|p1a: Pecharunt\n|-damage|p1a: Pecharunt|256/262 par\n|c|\u2606Pokepaulll|This game is incredible\n|c|\u2606devbts|you hazed me\n|inactive|Pokepaulll has 120 seconds left.\n|\n|t:|1782883447\n|switch|p2a: Arceus|Arceus-Ghost, L69|245/280|[from] U-turn\n|-activate|p2a: Arceus|move: Sticky Web\n|-unboost|p2a: Arceus|spe|1\n|move|p1a: Pecharunt|Shadow Ball|p2a: Arceus\n|-supereffective|p2a: Arceus\n|-damage|p2a: Arceus|129/280\n|\n|-heal|p1a: Pecharunt|262/262 par|[from] item: Leftovers\n|upkeep\n|turn|54\n|\n|t:|1782883457\n|move|p2a: Arceus|Recover|p2a: Arceus\n|-heal|p2a: Arceus|269/280\n|move|p1a: Pecharunt|Shadow Ball|p2a: Arceus\n|-supereffective|p2a: Arceus\n|-damage|p2a: Arceus|137/280\n|-unboost|p2a: Arceus|spd|1\n|\n|upkeep\n|turn|55\n|\n|t:|1782883467\n|move|p2a: Arceus|Judgment|p1a: Pecharunt\n|-supereffective|p1a: Pecharunt\n|-damage|p1a: Pecharunt|32/262 par\n|cant|p1a: Pecharunt|par\n|\n|-heal|p1a: Pecharunt|48/262 par|[from] item: Leftovers\n|upkeep\n|turn|56\n|\n|t:|1782883474\n|move|p2a: Arceus|Judgment|p1a: Pecharunt\n|-supereffective|p1a: Pecharunt\n|-damage|p1a: Pecharunt|0 fnt\n|faint|p1a: Pecharunt\n|\n|upkeep\n|\n|t:|1782883479\n|switch|p1a: Bombirdier|Bombirdier, L85, M|258/258\n|turn|57\n|\n|t:|1782883483\n|switch|p2a: Toxapex|Toxapex, L82, M|146/216\n|-activate|p2a: Toxapex|move: Sticky Web\n|-unboost|p2a: Toxapex|spe|1\n|move|p1a: Bombirdier|Knock Off|p2a: Toxapex\n|-damage|p2a: Toxapex|68/216\n|-damage|p1a: Bombirdier|215/258|[from] item: Rocky Helmet|[of] p2a: Toxapex\n|-enditem|p2a: Toxapex|Rocky Helmet|[from] move: Knock Off|[of] p1a: Bombirdier\n|\n|upkeep\n|turn|58\n|\n|t:|1782883494\n|move|p1a: Bombirdier|Brave Bird|p2a: Toxapex\n|-damage|p2a: Toxapex|0 fnt\n|faint|p2a: Toxapex\n|-damage|p1a: Bombirdier|193/258|[from] Recoil\n|\n|upkeep\n|c|\u2606devbts|gg\n|\n|t:|1782883497\n|switch|p2a: Pachirisu|Pachirisu, L96, F|80/271 tox\n|-activate|p2a: Pachirisu|move: Sticky Web\n|-unboost|p2a: Pachirisu|spe|1\n|turn|59\n|\n|t:|1782883504\n|move|p1a: Bombirdier|Knock Off|p2a: Pachirisu\n|-damage|p2a: Pachirisu|0 fnt\n|-enditem|p2a: Pachirisu|Assault Vest|[from] move: Knock Off|[of] p1a: Bombirdier\n|faint|p2a: Pachirisu\n|\n|upkeep\n|\n|t:|1782883514\n|switch|p2a: Arceus|Arceus-Ghost, L69|137/280\n|-activate|p2a: Arceus|move: Sticky Web\n|-unboost|p2a: Arceus|spe|1\n|turn|60\n|\n|t:|1782883519\n|move|p1a: Bombirdier|Knock Off|p2a: Arceus\n|-supereffective|p2a: Arceus\n|-damage|p2a: Arceus|3/280\n|move|p2a: Arceus|Judgment|p1a: Bombirdier\n|-resisted|p1a: Bombirdier\n|-damage|p1a: Bombirdier|142/258\n|\n|upkeep\n|turn|61\n|\n|t:|1782883526\n|move|p1a: Bombirdier|Knock Off|p2a: Arceus\n|-supereffective|p2a: Arceus\n|-damage|p2a: Arceus|0 fnt\n|faint|p2a: Arceus\n|\n|win|devbts\n|raw|devbts's rating: 1365 &rarr; <strong>1384</strong><br />(+19 for winning)\n|raw|Pokepaulll's rating: 1351 &rarr; <strong>1332</strong><br />(-19 for losing)\n", "inputlog": ">version f8ac14003a5f27e1bdc8d8c59608a773c1cb96e5\n>start {\"formatid\":\"gen9randombattle\",\"seed\":\"sodium,4f6b25e96a8fe0343231bb4f717c4400\",\"rated\":\"Rated battle\"}\n>player p1 {\"name\":\"devbts\",\"avatar\":\"101\",\"rating\":1365,\"seed\":\"sodium,125cedbefa0c4abe36cf7717a739b0d4\"}\n>player p2 {\"name\":\"Pokepaulll\",\"avatar\":\"101\",\"rating\":1351,\"seed\":\"sodium,3d5c64cd4887402fb252773c52dcc465\"}\n>p1 switch 5\n>p2 move uturn\n>p2 switch 4\n>p1 move stickyweb\n>p2 move stickyweb\n>p1 move thunderbolt\n>p2 move knockoff\n>p1 move bugbuzz\n>p2 move uturn\n>p2 switch 6\n>p1 move bugbuzz\n>p2 switch 6\n>p1 move bugbuzz\n>p2 move knockoff\n>p2 switch 3\n>p1 move bugbuzz\n>p2 move tripleaxel\n>p1 switch 2\n>p1 move uturn\n>p2 switch 2\n>p1 switch 3\n>p1 move substitute\n>p2 switch 2\n>p1 move strengthsap terastallize\n>p2 move knockoff\n>p1 move leechseed\n>p2 switch 2\n>p1 move substitute\n>p2 switch 2\n>p1 move leechseed\n>p2 move lowkick\n>p1 move strengthsap\n>p2 switch 5\n>p1 move leechseed\n>p2 move judgment\n>p1 move substitute\n>p2 switch 2\n>p1 move leechseed\n>p2 move liquidation\n>p1 move strengthsap\n>p2 move liquidation\n>p1 move substitute\n>p2 move liquidation\n>p1 move strengthsap\n>p2 move recover\n>p1 move acrobatics\n>p2 move liquidation\n>p1 move substitute\n>p2 move recover\n>p1 move strengthsap\n>p2 move liquidation\n>p1 move acrobatics\n>p2 move liquidation\n>p1 move substitute\n>p2 switch 5\n>p1 move strengthsap\n>p2 move tripleaxel\n>p1 move strengthsap\n>p2 move tripleaxel\n>p1 move leechseed\n>p2 switch 5\n>p1 move strengthsap\n>p2 move recover\n>p1 move substitute\n>p2 move liquidation\n>p1 move substitute\n>p2 move liquidation\n>p1 move strengthsap\n>p2 move recover\n>p1 move acrobatics\n>p2 move liquidation\n>p1 move substitute\n>p2 move recover\n>p1 move strengthsap\n>p2 move liquidation\n>p1 move acrobatics\n>p2 move liquidation\n>p1 move substitute\n>p2 move recover\n>p1 move strengthsap\n>p2 move liquidation\n>p1 move acrobatics\n>p2 move recover\n>p1 move acrobatics\n>p2 move liquidation\n>p1 move substitute\n>p2 move recover\n>p1 move strengthsap\n>p2 move liquidation\n>p1 move acrobatics\n>p2 switch 5\n>p1 move acrobatics\n>p2 move tripleaxel\n>p2 switch 4\n>p1 move leechseed\n>p2 move thunderbolt\n>p1 switch 6\n>p2 switch 5\n>p1 move nastyplot\n>p2 move liquidation\n>p1 move shadowball\n>p2 move haze\n>p1 move shadowball\n>p2 switch 6\n>chat \u2606Pokepaulll|\ud83d\ude44\n>p1 move malignantchain\n>p2 move outrage\n>chat \u2606Pokepaulll|\ud83d\ude21\n>p2 switch 5\n>p1 move malignantchain\n>p2 move nuzzle\n>p1 move shadowball\n>p2 move uturn\n>p1 move shadowball\n>p2 move uturn\n>chat \u2606Pokepaulll|This game is incredible\n>chat \u2606devbts|you hazed me\n>p2 switch 2\n>p1 move shadowball\n>p2 move recover\n>p1 move nastyplot\n>p2 move judgment\n>p1 move shadowball\n>p2 move judgment\n>p1 switch 5\n>p1 move knockoff\n>p2 switch 6\n>p1 move bravebird\n>p2 move toxic\n>chat \u2606devbts|gg\n>p2 switch 2\n>p1 move knockoff\n>p2 move thunderbolt\n>p2 switch 6\n>p1 move knockoff\n>p2 move judgment\n>p1 move knockoff\n>p2 move judgment", "uploadtime": 1782883531, "views": 9, "formatid": "gen9randombattle", "rating": 1332, "private": 0, "password": null, "player_dets": [{"name": "devbts", "avatar": "101", "rating": 1365, "seed": "sodium,125cedbefa0c4abe36cf7717a739b0d4"}, {"name": "Pokepaulll", "avatar": "101", "rating": 1351, "seed": "sodium,3d5c64cd4887402fb252773c52dcc465"}], "teams_full": [{"Bombirdier": {"name": "Bombirdier", "species": "Bombirdier", "speciesId": "bombirdier", "gender": "M", "shiny": false, "level": 85, "moves": ["bravebird", "knockoff", "roost", "suckerpunch"], "ability": "Big Pecks", "evs": {"hp": 85, "atk": 85, "def": 85, "spa": 85, "spd": 85, "spe": 85}, "ivs": {"hp": 31, "atk": 31, "def": 31, "spa": 31, "spd": 31, "spe": 31}, "item": "Heavy-Duty Boots", "teraType": "Steel", "role": "Bulky Support", "bvs": {"hp": 70, "atk": 103, "def": 85, "spa": 60, "spd": 85, "spe": 82}, "stats": {"hp": 258, "atk": 224, "def": 193, "spa": 151, "spd": 193, "spe": 188}, "types": ["Flying", "Dark"]}, "Inteleon": {"name": "Inteleon", "species": "Inteleon", "speciesId": "inteleon", "gender": "F", "shiny": false, "level": 81, "moves": ["uturn", "icebeam", "scald", "hydropump"], "ability": "Torrent", "evs": {"hp": 85, "atk": 85, "def": 85, "spa": 85, "spd": 85, "spe": 85}, "ivs": {"hp": 31, "atk": 31, "def": 31, "spa": 31, "spd": 31, "spe": 31}, "item": "Choice Specs", "teraType": "Water", "role": "Wallbreaker", "bvs": {"hp": 70, "atk": 85, "def": 65, "spa": 125, "spd": 65, "spe": 120}, "stats": {"hp": 246, "atk": 184, "def": 152, "spa": 249, "spd": 152, "spe": 241}, "types": ["Water"]}, "Jumpluff": {"name": "Jumpluff", "species": "Jumpluff", "speciesId": "jumpluff", "gender": "F", "shiny": false, "level": 87, "moves": ["substitute", "acrobatics", "leechseed", "strengthsap"], "ability": "Infiltrator", "evs": {"hp": 81, "atk": 85, "def": 85, "spa": 85, "spd": 85, "spe": 85}, "ivs": {"hp": 31, "atk": 31, "def": 31, "spa": 31, "spd": 31, "spe": 31}, "item": "", "teraType": "Steel", "role": "Bulky Support", "bvs": {"hp": 75, "atk": 55, "def": 70, "spa": 55, "spd": 95, "spe": 110}, "stats": {"hp": 271, "atk": 145, "def": 172, "spa": 145, "spd": 215, "spe": 241}, "types": ["Grass", "Flying"]}, "Kyogre": {"name": "Kyogre", "species": "Kyogre", "speciesId": "kyogre", "gender": "N", "shiny": false, "level": 71, "moves": ["originpulse", "icebeam", "thunder", "calmmind"], "ability": "Drizzle", "evs": {"hp": 85, "atk": 0, "def": 85, "spa": 85, "spd": 85, "spe": 85}, "ivs": {"hp": 31, "atk": 0, "def": 31, "spa": 31, "spd": 31, "spe": 31}, "item": "Leftovers", "teraType": "Electric", "role": "Bulky Setup", "bvs": {"hp": 100, "atk": 100, "def": 90, "spa": 150, "spd": 140, "spe": 90}, "stats": {"hp": 259, "atk": 147, "def": 169, "spa": 254, "spd": 240, "spe": 169}, "types": ["Water"]}, "Vikavolt": {"name": "Vikavolt", "species": "Vikavolt", "speciesId": "vikavolt", "gender": "M", "shiny": false, "level": 83, "moves": ["energyball", "bugbuzz", "stickyweb", "thunderbolt"], "ability": "Levitate", "evs": {"hp": 85, "atk": 0, "def": 85, "spa": 85, "spd": 85, "spe": 85}, "ivs": {"hp": 31, "atk": 0, "def": 31, "spa": 31, "spd": 31, "spe": 31}, "item": "Heavy-Duty Boots", "teraType": "Electric", "role": "Bulky Support", "bvs": {"hp": 77, "atk": 70, "def": 90, "spa": 145, "spd": 75, "spe": 43}, "stats": {"hp": 263, "atk": 121, "def": 197, "spa": 288, "spd": 172, "spe": 119}, "types": ["Bug", "Electric"]}, "Pecharunt": {"name": "Pecharunt", "species": "Pecharunt", "speciesId": "pecharunt", "gender": "N", "shiny": false, "level": 77, "moves": ["shadowball", "nastyplot", "malignantchain", "recover"], "ability": "Poison Puppeteer", "evs": {"hp": 85, "atk": 0, "def": 85, "spa": 85, "spd": 85, "spe": 85}, "ivs": {"hp": 31, "atk": 0, "def": 31, "spa": 31, "spd": 31, "spe": 31}, "item": "Leftovers", "teraType": "Dark", "role": "Bulky Attacker", "bvs": {"hp": 88, "atk": 88, "def": 160, "spa": 88, "spd": 88, "spe": 88}, "stats": {"hp": 262, "atk": 140, "def": 291, "spa": 180, "spd": 180, "spe": 180}, "types": ["Poison", "Ghost"]}}, {"Pachirisu": {"name": "Pachirisu", "species": "Pachirisu", "speciesId": "pachirisu", "gender": "F", "shiny": false, "level": 96, "moves": ["uturn", "nuzzle", "superfang", "thunderbolt"], "ability": "Volt Absorb", "evs": {"hp": 85, "atk": 85, "def": 85, "spa": 85, "spd": 85, "spe": 85}, "ivs": {"hp": 31, "atk": 31, "def": 31, "spa": 31, "spd": 31, "spe": 31}, "item": "Assault Vest", "teraType": "Flying", "role": "AV Pivot", "bvs": {"hp": 60, "atk": 45, "def": 70, "spa": 45, "spd": 90, "spe": 95}, "stats": {"hp": 271, "atk": 141, "def": 189, "spa": 141, "spd": 227, "spe": 237}, "types": ["Electric"]}, "Toxapex": {"name": "Toxapex", "species": "Toxapex", "speciesId": "toxapex", "gender": "M", "shiny": false, "level": 82, "moves": ["liquidation", "recover", "toxic", "haze"], "ability": "Regenerator", "evs": {"hp": 85, "atk": 85, "def": 85, "spa": 85, "spd": 85, "spe": 85}, "ivs": {"hp": 31, "atk": 31, "def": 31, "spa": 31, "spd": 31, "spe": 31}, "item": "Rocky Helmet", "teraType": "Steel", "role": "Bulky Support", "bvs": {"hp": 50, "atk": 63, "def": 152, "spa": 53, "spd": 142, "spe": 35}, "stats": {"hp": 216, "atk": 150, "def": 296, "spa": 134, "spd": 280, "spe": 105}, "types": ["Poison", "Water"]}, "Weavile": {"name": "Weavile", "species": "Weavile", "speciesId": "weavile", "gender": "M", "shiny": false, "level": 79, "moves": ["tripleaxel", "iceshard", "lowkick", "knockoff"], "ability": "Pickpocket", "evs": {"hp": 81, "atk": 85, "def": 85, "spa": 85, "spd": 85, "spe": 85}, "ivs": {"hp": 31, "atk": 31, "def": 31, "spa": 31, "spd": 31, "spe": 31}, "item": "Choice Band", "teraType": "Fighting", "role": "Fast Attacker", "bvs": {"hp": 70, "atk": 120, "def": 65, "spa": 45, "spd": 85, "spe": 125}, "stats": {"hp": 239, "atk": 235, "def": 148, "spa": 117, "spd": 180, "spe": 243}, "types": ["Dark", "Ice"]}, "Spidops": {"name": "Spidops", "species": "Spidops", "speciesId": "spidops", "gender": "F", "shiny": false, "level": 96, "moves": ["stickyweb", "circlethrow", "knockoff", "uturn"], "ability": "Stakeout", "evs": {"hp": 85, "atk": 85, "def": 85, "spa": 85, "spd": 85, "spe": 85}, "ivs": {"hp": 31, "atk": 31, "def": 31, "spa": 31, "spd": 31, "spe": 31}, "item": "Heavy-Duty Boots", "teraType": "Ghost", "role": "Bulky Support", "bvs": {"hp": 60, "atk": 79, "def": 92, "spa": 52, "spd": 86, "spe": 35}, "stats": {"hp": 271, "atk": 206, "def": 231, "spa": 154, "spd": 220, "spe": 122}, "types": ["Bug"]}, "Arceus": {"name": "Arceus", "species": "Arceus-Ghost", "speciesId": "arceusghost", "gender": "N", "shiny": false, "level": 69, "moves": ["focusblast", "recover", "judgment", "willowisp"], "ability": "Multitype", "evs": {"hp": 85, "atk": 0, "def": 85, "spa": 85, "spd": 85, "spe": 85}, "ivs": {"hp": 31, "atk": 0, "def": 31, "spa": 31, "spd": 31, "spe": 31}, "item": "Spooky Plate", "teraType": "Fighting", "role": "Bulky Attacker", "bvs": {"hp": 120, "atk": 120, "def": 120, "spa": 120, "spd": 120, "spe": 120}, "stats": {"hp": 280, "atk": 170, "def": 206, "spa": 206, "spd": 206, "spe": 206}, "types": ["Ghost"]}, "Zekrom": {"name": "Zekrom", "species": "Zekrom", "speciesId": "zekrom", "gender": "N", "shiny": false, "level": 71, "moves": ["boltstrike", "substitute", "outrage", "dragondance"], "ability": "Teravolt", "evs": {"hp": 85, "atk": 85, "def": 85, "spa": 85, "spd": 85, "spe": 85}, "ivs": {"hp": 31, "atk": 31, "def": 31, "spa": 31, "spd": 31, "spe": 31}, "item": "Leftovers", "teraType": "Grass", "role": "Setup Sweeper", "bvs": {"hp": 100, "atk": 150, "def": 120, "spa": 120, "spd": 100, "spe": 90}, "stats": {"hp": 259, "atk": 254, "def": 212, "spa": 212, "spd": 183, "spe": 169}, "types": ["Dragon", "Electric"]}}]}