{"id": "gen9randombattle-2642180886", "format": "[Gen 9] Random Battle", "players": ["jnpr010334", "maojoras"], "log": "|j|\u2606jnpr010334\n|j|\u2606maojoras\n|t:|1782906606\n|gametype|singles\n|player|p1|jnpr010334|265|1761\n|player|p2|maojoras|cyclist-gen4|1714\n|gen|9\n|tier|[Gen 9] Random Battle\n|rated|\n|rule|Species Clause: Limit one of each Pok\u00e9mon\n|rule|HP Percentage Mod: HP is shown in percentages\n|rule|Sleep Clause Mod: Limit one foe put to sleep\n|rule|Illusion Level Mod: Illusion disguises the Pok\u00e9mon's true level\n|\n|t:|1782906606\n|teamsize|p1|6\n|teamsize|p2|6\n|start\n|switch|p1a: Regigigas|Regigigas, L84|322/322\n|switch|p2a: Dachsbun|Dachsbun, L92, F|254/254\n|-start|p1a: Regigigas|ability: Slow Start\n|turn|1\n|inactive|Battle timer is ON: inactive players will automatically lose when time's up. (requested by jnpr010334)\n|c|\u2606maojoras|high, good luck and have fun\n|inactive|maojoras has 120 seconds left.\n|\n|t:|1782906647\n|move|p2a: Dachsbun|Body Press|p1a: Regigigas\n|-supereffective|p1a: Regigigas\n|-damage|p1a: Regigigas|204/322\n|move|p1a: Regigigas|Substitute|p1a: Regigigas\n|-start|p1a: Regigigas|Substitute\n|-damage|p1a: Regigigas|124/322\n|\n|-heal|p1a: Regigigas|144/322|[from] item: Leftovers\n|upkeep\n|turn|2\n|inactive|maojoras has 120 seconds left.\n|\n|t:|1782906680\n|switch|p2a: Zarude|Zarude-Dada, L77|288/288\n|move|p1a: Regigigas|Protect||[still]\n|-fail|p1a: Regigigas\n|\n|-heal|p1a: Regigigas|164/322|[from] item: Leftovers\n|upkeep\n|turn|3\n|\n|t:|1782906688\n|move|p2a: Zarude|Knock Off|p1a: Regigigas\n|-end|p1a: Regigigas|Substitute\n|-damage|p2a: Zarude|260/288|[from] item: Life Orb\n|move|p1a: Regigigas|Body Slam|p2a: Zarude\n|-damage|p2a: Zarude|193/288\n|\n|-heal|p1a: Regigigas|184/322|[from] item: Leftovers\n|upkeep\n|turn|4\n|\n|t:|1782906697\n|move|p2a: Zarude|Swords Dance|p2a: Zarude\n|-boost|p2a: Zarude|atk|2\n|move|p1a: Regigigas|Body Slam|p2a: Zarude\n|-damage|p2a: Zarude|124/288\n|\n|-heal|p1a: Regigigas|204/322|[from] item: Leftovers\n|upkeep\n|turn|5\n|\n|t:|1782906706\n|move|p2a: Zarude|Knock Off|p1a: Regigigas\n|-crit|p1a: Regigigas\n|-damage|p1a: Regigigas|0 fnt\n|-enditem|p1a: Regigigas|Leftovers|[from] move: Knock Off|[of] p2a: Zarude\n|faint|p1a: Regigigas\n|-end|p1a: Regigigas|Slow Start|[silent]\n|-damage|p2a: Zarude|96/288|[from] item: Life Orb\n|\n|upkeep\n|\n|t:|1782906710\n|switch|p1a: Donphan|Donphan, L84, F|219/219\n|turn|6\n|\n|t:|1782906720\n|switch|p1a: Iron Valiant|Iron Valiant, L78|244/244\n|move|p2a: Zarude|Power Whip|p1a: Iron Valiant|[miss]\n|-miss|p2a: Zarude|p1a: Iron Valiant\n|\n|upkeep\n|turn|7\n|\n|t:|1782906732\n|switch|p2a: Dachsbun|Dachsbun, L92, F|254/254\n|move|p1a: Iron Valiant|Moonblast|p2a: Dachsbun\n|-damage|p2a: Dachsbun|133/254\n|-damage|p1a: Iron Valiant|220/244|[from] item: Life Orb\n|\n|-heal|p2a: Dachsbun|148/254|[from] item: Leftovers\n|upkeep\n|turn|8\n|\n|t:|1782906740\n|move|p2a: Dachsbun|Wish|p2a: Dachsbun\n|move|p1a: Iron Valiant|Moonblast|p2a: Dachsbun\n|-damage|p2a: Dachsbun|14/254\n|-damage|p1a: Iron Valiant|196/244|[from] item: Life Orb\n|\n|-heal|p2a: Dachsbun|29/254|[from] item: Leftovers\n|upkeep\n|turn|9\n|\n|t:|1782906747\n|move|p2a: Dachsbun|Protect|p2a: Dachsbun\n|-singleturn|p2a: Dachsbun|Protect\n|move|p1a: Iron Valiant|Moonblast|p2a: Dachsbun\n|-activate|p2a: Dachsbun|move: Protect\n|\n|-heal|p2a: Dachsbun|156/254|[from] move: Wish|[wisher] Dachsbun\n|-heal|p2a: Dachsbun|171/254|[from] item: Leftovers\n|upkeep\n|turn|10\n|\n|t:|1782906772\n|move|p2a: Dachsbun|Wish|p2a: Dachsbun\n|move|p1a: Iron Valiant|Moonblast|p2a: Dachsbun\n|-damage|p2a: Dachsbun|33/254\n|-damage|p1a: Iron Valiant|172/244|[from] item: Life Orb\n|\n|-heal|p2a: Dachsbun|48/254|[from] item: Leftovers\n|upkeep\n|turn|11\n|\n|t:|1782906778\n|-end|p1a: Iron Valiant|Quark Drive|[silent]\n|switch|p1a: Pincurchin|Pincurchin, F|258/258\n|-fieldstart|move: Electric Terrain|[from] ability: Electric Surge|[of] p1a: Pincurchin\n|move|p2a: Dachsbun|Protect||[still]\n|-fail|p2a: Dachsbun\n|\n|-heal|p2a: Dachsbun|175/254|[from] move: Wish|[wisher] Dachsbun\n|-heal|p2a: Dachsbun|190/254|[from] item: Leftovers\n|upkeep\n|turn|12\n|inactive|maojoras has 120 seconds left.\n|\n|t:|1782906810\n|move|p2a: Dachsbun|Wish|p2a: Dachsbun\n|move|p1a: Pincurchin|Liquidation|p2a: Dachsbun\n|-damage|p2a: Dachsbun|118/254\n|\n|-heal|p2a: Dachsbun|133/254|[from] item: Leftovers\n|upkeep\n|turn|13\n|inactive|maojoras has 120 seconds left.\n|\n|t:|1782906816\n|switch|p2a: Zarude|Zarude-Dada, L77|96/288\n|move|p1a: Pincurchin|Curse|p1a: Pincurchin\n|-unboost|p1a: Pincurchin|spe|1\n|-boost|p1a: Pincurchin|atk|1\n|-boost|p1a: Pincurchin|def|1\n|\n|-heal|p2a: Zarude|223/288|[from] move: Wish|[wisher] Dachsbun\n|upkeep\n|turn|14\n|\n|t:|1782906825\n|switch|p1a: Iron Valiant|Iron Valiant, L78|172/244\n|-activate|p1a: Iron Valiant|ability: Quark Drive\n|-start|p1a: Iron Valiant|quarkdriveatk\n|move|p2a: Zarude|Knock Off|p1a: Iron Valiant\n|-resisted|p1a: Iron Valiant\n|-damage|p1a: Iron Valiant|136/244\n|-enditem|p1a: Iron Valiant|Life Orb|[from] move: Knock Off|[of] p2a: Zarude\n|-damage|p2a: Zarude|195/288|[from] item: Life Orb\n|\n|upkeep\n|turn|15\n|inactive|maojoras has 120 seconds left.\n|\n|t:|1782906852\n|switch|p2a: Chandelure|Chandelure, L83, F|235/235\n|move|p1a: Iron Valiant|Knock Off|p2a: Chandelure\n|-supereffective|p2a: Chandelure\n|-damage|p2a: Chandelure|51/235\n|-enditem|p2a: Chandelure|Leftovers|[from] move: Knock Off|[of] p1a: Iron Valiant\n|\n|-fieldend|move: Electric Terrain\n|-end|p1a: Iron Valiant|Quark Drive\n|upkeep\n|turn|16\n|\n|t:|1782906862\n|move|p1a: Iron Valiant|Moonblast|p2a: Chandelure\n|-resisted|p2a: Chandelure\n|-damage|p2a: Chandelure|0 fnt\n|faint|p2a: Chandelure\n|\n|upkeep\n|\n|t:|1782906872\n|switch|p2a: Ampharos|Ampharos, L88, F|302/302\n|turn|17\n|\n|t:|1782906876\n|-end|p1a: Iron Valiant|Quark Drive|[silent]\n|switch|p1a: Donphan|Donphan, L84, F|288/288\n|move|p2a: Ampharos|Dazzling Gleam|p1a: Donphan\n|-damage|p1a: Donphan|200/288\n|\n|-heal|p1a: Donphan|218/288|[from] item: Leftovers\n|upkeep\n|turn|18\n|inactive|maojoras has 120 seconds left.\n|\n|t:|1782906891\n|switch|p2a: Dachsbun|Dachsbun, L92, F|133/254\n|move|p1a: Donphan|Stealth Rock|p2a: Dachsbun\n|-sidestart|p2: maojoras|move: Stealth Rock\n|\n|-heal|p2a: Dachsbun|148/254|[from] item: Leftovers\n|-heal|p1a: Donphan|236/288|[from] item: Leftovers\n|upkeep\n|turn|19\n|\n|t:|1782906899\n|switch|p1a: Pincurchin|Pincurchin, F|258/258\n|-fieldstart|move: Electric Terrain|[from] ability: Electric Surge|[of] p1a: Pincurchin\n|move|p2a: Dachsbun|Wish|p2a: Dachsbun\n|\n|-heal|p2a: Dachsbun|163/254|[from] item: Leftovers\n|upkeep\n|turn|20\n|inactive|maojoras has 120 seconds left.\n|\n|t:|1782906917\n|switch|p2a: Zarude|Zarude-Dada, L77|195/288\n|-damage|p2a: Zarude|159/288|[from] Stealth Rock\n|move|p1a: Pincurchin|Curse|p1a: Pincurchin\n|-unboost|p1a: Pincurchin|spe|1\n|-boost|p1a: Pincurchin|atk|1\n|-boost|p1a: Pincurchin|def|1\n|\n|-heal|p2a: Zarude|286/288|[from] move: Wish|[wisher] Dachsbun\n|upkeep\n|turn|21\n|inactive|maojoras has 120 seconds left.\n|\n|t:|1782906929\n|move|p2a: Zarude|Power Whip|p1a: Pincurchin\n|-crit|p1a: Pincurchin\n|-damage|p1a: Pincurchin|77/258\n|-damage|p2a: Zarude|258/288|[from] item: Life Orb\n|move|p1a: Pincurchin|Zing Zap|p2a: Zarude\n|-resisted|p2a: Zarude\n|-damage|p2a: Zarude|147/288\n|\n|-heal|p1a: Pincurchin|93/258|[from] item: Leftovers\n|upkeep\n|turn|22\n|\n|t:|1782906938\n|switch|p1a: Iron Valiant|Iron Valiant, L78|136/244\n|-activate|p1a: Iron Valiant|ability: Quark Drive\n|-start|p1a: Iron Valiant|quarkdriveatk\n|move|p2a: Zarude|Swords Dance|p2a: Zarude\n|-boost|p2a: Zarude|atk|2\n|\n|upkeep\n|turn|23\n|\n|t:|1782906951\n|move|p1a: Iron Valiant|Close Combat|p2a: Zarude\n|-supereffective|p2a: Zarude\n|-damage|p2a: Zarude|0 fnt\n|-unboost|p1a: Iron Valiant|def|1\n|-unboost|p1a: Iron Valiant|spd|1\n|faint|p2a: Zarude\n|\n|-fieldend|move: Electric Terrain\n|-end|p1a: Iron Valiant|Quark Drive\n|upkeep\n|inactive|maojoras has 120 seconds left.\n|\n|t:|1782906978\n|switch|p2a: Toucannon|Toucannon, L88, M|284/284\n|turn|24\n|\n|t:|1782906987\n|-end|p1a: Iron Valiant|Quark Drive|[silent]\n|switch|p1a: Pincurchin|Pincurchin, F|219/219\n|move|p2a: Toucannon|Boomburst|p1a: Pincurchin\n|-immune|p1a: Pincurchin\n|\n|upkeep\n|turn|25\n|\n|t:|1782907002\n|-singleturn|p2a: Toucannon|move: Beak Blast\n|move|p1a: Pincurchin|Hyper Voice|p2a: Toucannon\n|-damage|p2a: Toucannon|123/284\n|-damage|p1a: Pincurchin|198/219|[from] item: Life Orb\n|move|p2a: Toucannon|Beak Blast|p1a: Pincurchin\n|-damage|p1a: Pincurchin|17/219\n|replace|p1a: Zoroark|Zoroark-Hisui, L80, F\n|-end|p1a: Zoroark|Illusion\n|-hint|Illusion Level Mod is active, so this Pok\u00e9mon's true level was hidden.\n|\n|upkeep\n|turn|26\n|\n|t:|1782907016\n|switch|p1a: Iron Valiant|Iron Valiant, L78|136/244\n|switch|p2a: Tyranitar|Tyranitar, L78, M|284/284\n|-damage|p2a: Tyranitar|249/284|[from] Stealth Rock\n|-weather|Sandstorm|[from] ability: Sand Stream|[of] p2a: Tyranitar\n|\n|-weather|Sandstorm|[upkeep]\n|-damage|p1a: Iron Valiant|121/244|[from] Sandstorm\n|upkeep\n|turn|27\n|\n|t:|1782907035\n|switch|p2a: Dachsbun|Dachsbun, L92, F|163/254\n|-damage|p2a: Dachsbun|132/254|[from] Stealth Rock\n|move|p1a: Iron Valiant|Close Combat|p2a: Dachsbun\n|-resisted|p2a: Dachsbun\n|-damage|p2a: Dachsbun|76/254\n|-unboost|p1a: Iron Valiant|def|1\n|-unboost|p1a: Iron Valiant|spd|1\n|\n|-weather|Sandstorm|[upkeep]\n|-damage|p2a: Dachsbun|61/254|[from] Sandstorm\n|-damage|p1a: Iron Valiant|106/244|[from] Sandstorm\n|-heal|p2a: Dachsbun|76/254|[from] item: Leftovers\n|upkeep\n|turn|28\n|\n|t:|1782907052\n|move|p2a: Dachsbun|Protect|p2a: Dachsbun\n|-singleturn|p2a: Dachsbun|Protect\n|move|p1a: Iron Valiant|Moonblast|p2a: Dachsbun\n|-activate|p2a: Dachsbun|move: Protect\n|\n|-weather|Sandstorm|[upkeep]\n|-damage|p2a: Dachsbun|61/254|[from] Sandstorm\n|-damage|p1a: Iron Valiant|91/244|[from] Sandstorm\n|-heal|p2a: Dachsbun|76/254|[from] item: Leftovers\n|upkeep\n|turn|29\n|\n|t:|1782907061\n|move|p2a: Dachsbun|Wish|p2a: Dachsbun\n|move|p1a: Iron Valiant|Moonblast|p2a: Dachsbun\n|-damage|p2a: Dachsbun|0 fnt\n|faint|p2a: Dachsbun\n|\n|-weather|Sandstorm|[upkeep]\n|-damage|p1a: Iron Valiant|76/244|[from] Sandstorm\n|upkeep\n|\n|t:|1782907077\n|switch|p2a: Ampharos|Ampharos, L88, F|302/302\n|-damage|p2a: Ampharos|265/302|[from] Stealth Rock\n|turn|30\n|\n|t:|1782907085\n|-end|p1a: Iron Valiant|Quark Drive|[silent]\n|switch|p1a: Pincurchin|Pincurchin, F|17/219\n|move|p2a: Ampharos|Dazzling Gleam|p1a: Pincurchin\n|-crit|p1a: Pincurchin\n|-damage|p1a: Pincurchin|0 fnt\n|replace|p1a: Zoroark|Zoroark-Hisui, L80, F\n|-end|p1a: Zoroark|Illusion\n|faint|p1a: Zoroark\n|\n|-weather|none\n|-heal|p2a: Ampharos|302/302|[from] move: Wish|[wisher] Dachsbun\n|upkeep\n|\n|t:|1782907087\n|switch|p1a: Iron Valiant|Iron Valiant, L78|76/244\n|turn|31\n|\n|t:|1782907096\n|-end|p1a: Iron Valiant|Quark Drive|[silent]\n|switch|p1a: Donphan|Donphan, L84, F|236/288\n|move|p2a: Ampharos|Dazzling Gleam|p1a: Donphan\n|-damage|p1a: Donphan|137/288\n|\n|-heal|p1a: Donphan|155/288|[from] item: Leftovers\n|upkeep\n|turn|32\n|\n|t:|1782907105\n|switch|p2a: Toucannon|Toucannon, L88, M|123/284\n|move|p1a: Donphan|Earthquake|p2a: Toucannon\n|-immune|p2a: Toucannon\n|\n|-heal|p1a: Donphan|173/288|[from] item: Leftovers\n|upkeep\n|turn|33\n|inactive|maojoras has 120 seconds left.\n|\n|t:|1782907120\n|switch|p1a: Glaceon|Glaceon, L94, F|275/275\n|move|p2a: Toucannon|Boomburst|p1a: Glaceon\n|-damage|p1a: Glaceon|166/275\n|\n|upkeep\n|turn|34\n|inactive|maojoras has 120 seconds left.\n|\n|t:|1782907127\n|switch|p2a: Tyranitar|Tyranitar, L78, M|249/284\n|-damage|p2a: Tyranitar|214/284|[from] Stealth Rock\n|-weather|Sandstorm|[from] ability: Sand Stream|[of] p2a: Tyranitar\n|move|p1a: Glaceon|Freeze-Dry|p2a: Tyranitar\n|-damage|p2a: Tyranitar|157/284\n|\n|-weather|Sandstorm|[upkeep]\n|-damage|p1a: Glaceon|149/275|[from] Sandstorm\n|upkeep\n|turn|35\n|inactive|maojoras has 120 seconds left.\n|\n|t:|1782907140\n|-terastallize|p1a: Glaceon|Ground\n|move|p1a: Glaceon|Mud Shot|p2a: Tyranitar\n|-supereffective|p2a: Tyranitar\n|-damage|p2a: Tyranitar|71/284\n|-unboost|p2a: Tyranitar|spe|1\n|move|p2a: Tyranitar|Knock Off|p1a: Glaceon\n|-damage|p1a: Glaceon|58/275\n|-enditem|p1a: Glaceon|Heavy-Duty Boots|[from] move: Knock Off|[of] p2a: Tyranitar\n|\n|-weather|Sandstorm|[upkeep]\n|upkeep\n|turn|36\n|inactive|maojoras has 120 seconds left.\n|\n|t:|1782907151\n|move|p1a: Glaceon|Mud Shot|p2a: Tyranitar\n|-supereffective|p2a: Tyranitar\n|-damage|p2a: Tyranitar|0 fnt\n|faint|p2a: Tyranitar\n|\n|-weather|Sandstorm|[upkeep]\n|upkeep\n|inactive|maojoras has 120 seconds left.\n|\n|t:|1782907158\n|switch|p2a: Ampharos|Ampharos, L88, F|302/302\n|-damage|p2a: Ampharos|265/302|[from] Stealth Rock\n|turn|37\n|\n|t:|1782907163\n|move|p1a: Glaceon|Mud Shot|p2a: Ampharos\n|-supereffective|p2a: Ampharos\n|-damage|p2a: Ampharos|131/302\n|-unboost|p2a: Ampharos|spe|1\n|move|p2a: Ampharos|Dazzling Gleam|p1a: Glaceon\n|-damage|p1a: Glaceon|0 fnt\n|faint|p1a: Glaceon\n|\n|-weather|Sandstorm|[upkeep]\n|-damage|p2a: Ampharos|113/302|[from] Sandstorm\n|upkeep\n|\n|t:|1782907167\n|switch|p1a: Donphan|Donphan, L84, F|173/288\n|turn|38\n|\n|t:|1782907180\n|switch|p2a: Toucannon|Toucannon, L88, M|123/284\n|move|p1a: Donphan|Earthquake|p2a: Toucannon\n|-immune|p2a: Toucannon\n|\n|-weather|none\n|-heal|p1a: Donphan|191/288|[from] item: Leftovers\n|upkeep\n|turn|39\n|\n|t:|1782907189\n|switch|p1a: Pincurchin|Pincurchin, F|93/258\n|-fieldstart|move: Electric Terrain|[from] ability: Electric Surge|[of] p1a: Pincurchin\n|move|p2a: Toucannon|Roost|p2a: Toucannon\n|-heal|p2a: Toucannon|265/284\n|-singleturn|p2a: Toucannon|move: Roost\n|\n|-heal|p1a: Pincurchin|109/258|[from] item: Leftovers\n|upkeep\n|turn|40\n|\n|t:|1782907207\n|move|p2a: Toucannon|Boomburst|p1a: Pincurchin\n|-damage|p1a: Pincurchin|0 fnt\n|faint|p1a: Pincurchin\n|\n|upkeep\n|\n|t:|1782907210\n|switch|p1a: Iron Valiant|Iron Valiant, L78|76/244\n|-activate|p1a: Iron Valiant|ability: Quark Drive\n|-start|p1a: Iron Valiant|quarkdriveatk\n|turn|41\n|\n|t:|1782907232\n|move|p1a: Iron Valiant|Close Combat|p2a: Toucannon\n|-damage|p2a: Toucannon|55/284\n|-unboost|p1a: Iron Valiant|def|1\n|-unboost|p1a: Iron Valiant|spd|1\n|move|p2a: Toucannon|Boomburst|p1a: Iron Valiant\n|-damage|p1a: Iron Valiant|0 fnt\n|faint|p1a: Iron Valiant\n|-end|p1a: Iron Valiant|Quark Drive|[silent]\n|\n|upkeep\n|\n|t:|1782907235\n|switch|p1a: Donphan|Donphan, L84, F|191/288\n|turn|42\n|\n|t:|1782907252\n|move|p1a: Donphan|Ice Shard|p2a: Toucannon\n|-supereffective|p2a: Toucannon\n|-damage|p2a: Toucannon|0 fnt\n|faint|p2a: Toucannon\n|\n|-heal|p1a: Donphan|209/288|[from] item: Leftovers\n|upkeep\n|\n|t:|1782907258\n|switch|p2a: Ampharos|Ampharos, L88, F|113/302\n|-damage|p2a: Ampharos|76/302|[from] Stealth Rock\n|turn|43\n|\n|t:|1782907267\n|-terastallize|p2a: Ampharos|Fairy\n|move|p1a: Donphan|Ice Shard|p2a: Ampharos\n|-damage|p2a: Ampharos|44/302\n|move|p2a: Ampharos|Dazzling Gleam|p1a: Donphan\n|-damage|p1a: Donphan|70/288\n|\n|-heal|p1a: Donphan|88/288|[from] item: Leftovers\n|-fieldend|move: Electric Terrain\n|upkeep\n|turn|44\n|\n|t:|1782907277\n|move|p1a: Donphan|Ice Shard|p2a: Ampharos\n|-damage|p2a: Ampharos|13/302\n|move|p2a: Ampharos|Dazzling Gleam|p1a: Donphan\n|-damage|p1a: Donphan|0 fnt\n|faint|p1a: Donphan\n|\n|win|maojoras\n|raw|jnpr010334's rating: 1781 &rarr; <strong>1757</strong><br />(-24 for losing)\n|raw|maojoras's rating: 1714 &rarr; <strong>1738</strong><br />(+24 for winning)\n", "inputlog": ">version f8ac14003a5f27e1bdc8d8c59608a773c1cb96e5\n>start {\"formatid\":\"gen9randombattle\",\"seed\":\"sodium,e0324ef278268bf1ab5f0d17bb7dde38\",\"rated\":\"Rated battle\"}\n>player p1 {\"name\":\"jnpr010334\",\"avatar\":\"265\",\"rating\":1761,\"seed\":\"sodium,d537e670bfed83befa3f12e704ed4b10\"}\n>player p2 {\"name\":\"maojoras\",\"avatar\":\"cyclist-gen4\",\"rating\":1714,\"seed\":\"sodium,5d1478601decfec82e34abf9f7718675\"}\n>chat \u2606maojoras|high, good luck and have fun\n>p1 move substitute\n>p2 move bodypress\n>p1 move protect\n>p2 switch 5\n>p1 move bodyslam\n>p2 move knockoff\n>p1 move bodyslam\n>p2 move swordsdance\n>p1 move bodyslam\n>p2 move knockoff\n>p1 switch 4\n>p1 switch 2\n>p2 move powerwhip\n>p1 move moonblast\n>p2 switch 5\n>p1 move moonblast\n>p2 move wish\n>p1 move moonblast\n>p2 move protect\n>p1 move moonblast\n>p2 move wish\n>p1 switch 5\n>p2 move protect\n>p1 move liquidation\n>p2 move wish\n>p1 move curse\n>p2 switch 5\n>p1 switch 5\n>p2 move knockoff\n>p1 move knockoff\n>p2 switch 6\n>p1 move moonblast\n>p2 move shadowball\n>p2 switch 2\n>p1 switch 6\n>p2 move dazzlinggleam\n>p1 move stealthrock\n>p2 switch 5\n>p1 switch 5\n>p2 move wish\n>p1 move curse\n>p2 switch 6\n>p1 move zingzap\n>p2 move powerwhip\n>p1 switch 6\n>p2 move swordsdance\n>p1 move closecombat\n>p2 move powerwhip\n>p2 switch 4\n>p1 switch 2\n>p2 move boomburst\n>p1 move hypervoice\n>p2 move beakblast\n>p1 switch 2\n>p2 switch 3\n>p1 move closecombat\n>p2 switch 6\n>p1 move moonblast\n>p2 move protect\n>p1 move moonblast\n>p2 move wish\n>p2 switch 5\n>p1 switch 2\n>p2 move dazzlinggleam\n>p1 switch 2\n>p1 switch 5\n>p2 move dazzlinggleam\n>p1 move earthquake\n>p2 switch 3\n>p1 switch 3\n>p2 move boomburst\n>p1 move freezedry\n>p2 switch 6\n>p1 move mudshot terastallize\n>p2 move knockoff\n>p1 move mudshot\n>p2 move earthquake\n>p2 switch 3\n>p1 move mudshot\n>p2 move dazzlinggleam\n>p1 switch 3\n>p1 move earthquake\n>p2 switch 6\n>p1 switch 6\n>p2 move roost\n>p1 move recover\n>p2 move boomburst\n>p1 switch 5\n>p1 move closecombat\n>p2 move boomburst\n>p1 switch 6\n>p1 move iceshard\n>p2 move bulletseed\n>p2 switch 6\n>p1 move iceshard\n>p2 move dazzlinggleam terastallize\n>p1 move iceshard\n>p2 move dazzlinggleam", "uploadtime": 1782907277, "views": 2, "formatid": "gen9randombattle", "rating": 1738, "private": 0, "password": null, "player_dets": [{"name": "jnpr010334", "avatar": "265", "rating": 1761, "seed": "sodium,d537e670bfed83befa3f12e704ed4b10"}, {"name": "maojoras", "avatar": "cyclist-gen4", "rating": 1714, "seed": "sodium,5d1478601decfec82e34abf9f7718675"}], "teams_full": [{"Regigigas": {"name": "Regigigas", "species": "Regigigas", "speciesId": "regigigas", "gender": "N", "shiny": false, "level": 84, "moves": ["knockoff", "bodyslam", "protect", "substitute"], "ability": "Slow Start", "evs": {"hp": 85, "atk": 85, "def": 85, "spa": 85, "spd": 85, "spe": 85}, "ivs": {"hp": 31, "atk": 31, "def": 31, "spa": 31, "spd": 31, "spe": 31}, "item": "Leftovers", "teraType": "Ghost", "role": "Bulky Attacker", "bvs": {"hp": 110, "atk": 160, "def": 110, "spa": 80, "spd": 110, "spe": 100}, "stats": {"hp": 322, "atk": 317, "def": 233, "spa": 183, "spd": 233, "spe": 216}, "types": ["Normal"]}, "Iron Valiant": {"name": "Iron Valiant", "species": "Iron Valiant", "speciesId": "ironvaliant", "gender": "N", "shiny": false, "level": 78, "moves": ["closecombat", "moonblast", "encore", "knockoff"], "ability": "Quark Drive", "evs": {"hp": 85, "atk": 85, "def": 85, "spa": 85, "spd": 85, "spe": 85}, "ivs": {"hp": 31, "atk": 31, "def": 31, "spa": 31, "spd": 31, "spe": 31}, "item": "Life Orb", "teraType": "Fighting", "role": "Wallbreaker", "bvs": {"hp": 74, "atk": 130, "def": 90, "spa": 120, "spd": 60, "spe": 116}, "stats": {"hp": 244, "atk": 248, "def": 185, "spa": 232, "spd": 139, "spe": 226}, "types": ["Fairy", "Fighting"]}, "Glaceon": {"name": "Glaceon", "species": "Glaceon", "speciesId": "glaceon", "gender": "F", "shiny": false, "level": 94, "moves": ["freezedry", "wish", "mudshot", "protect"], "ability": "Ice Body", "evs": {"hp": 85, "atk": 0, "def": 85, "spa": 85, "spd": 85, "spe": 85}, "ivs": {"hp": 31, "atk": 0, "def": 31, "spa": 31, "spd": 31, "spe": 31}, "item": "Heavy-Duty Boots", "teraType": "Ground", "role": "Bulky Attacker", "bvs": {"hp": 65, "atk": 60, "def": 110, "spa": 130, "spd": 95, "spe": 65}, "stats": {"hp": 275, "atk": 117, "def": 260, "spa": 298, "spd": 232, "spe": 176}, "types": ["Ice"]}, "Zoroark": {"name": "Zoroark", "species": "Zoroark-Hisui", "speciesId": "zoroarkhisui", "gender": "F", "shiny": false, "level": 80, "moves": ["willowisp", "hypervoice", "poltergeist", "focusblast"], "ability": "Illusion", "evs": {"hp": 85, "atk": 85, "def": 85, "spa": 85, "spd": 85, "spe": 85}, "ivs": {"hp": 31, "atk": 31, "def": 31, "spa": 31, "spd": 31, "spe": 31}, "item": "Life Orb", "teraType": "Fighting", "role": "Fast Attacker", "bvs": {"hp": 55, "atk": 100, "def": 60, "spa": 125, "spd": 60, "spe": 110}, "stats": {"hp": 219, "atk": 206, "def": 142, "spa": 246, "spd": 142, "spe": 222}, "types": ["Normal", "Ghost"]}, "Pincurchin": {"name": "Pincurchin", "species": "Pincurchin", "speciesId": "pincurchin", "gender": "F", "shiny": false, "level": 100, "moves": ["liquidation", "recover", "zingzap", "curse"], "ability": "Electric Surge", "evs": {"hp": 85, "atk": 85, "def": 85, "spa": 85, "spd": 85, "spe": 85}, "ivs": {"hp": 31, "atk": 31, "def": 31, "spa": 31, "spd": 31, "spe": 31}, "item": "Leftovers", "teraType": "Grass", "role": "Bulky Setup", "bvs": {"hp": 48, "atk": 101, "def": 95, "spa": 91, "spd": 85, "spe": 15}, "stats": {"hp": 258, "atk": 259, "def": 247, "spa": 239, "spd": 227, "spe": 87}, "types": ["Electric"]}, "Donphan": {"name": "Donphan", "species": "Donphan", "speciesId": "donphan", "gender": "F", "shiny": false, "level": 84, "moves": ["stealthrock", "rapidspin", "earthquake", "iceshard"], "ability": "Sturdy", "evs": {"hp": 85, "atk": 85, "def": 85, "spa": 85, "spd": 85, "spe": 85}, "ivs": {"hp": 31, "atk": 31, "def": 31, "spa": 31, "spd": 31, "spe": 31}, "item": "Leftovers", "teraType": "Steel", "role": "Bulky Support", "bvs": {"hp": 90, "atk": 120, "def": 120, "spa": 60, "spd": 60, "spe": 50}, "stats": {"hp": 288, "atk": 250, "def": 250, "spa": 149, "spd": 149, "spe": 132}, "types": ["Ground"]}}, {"Dachsbun": {"name": "Dachsbun", "species": "Dachsbun", "speciesId": "dachsbun", "gender": "F", "shiny": false, "level": 92, "moves": ["playrough", "bodypress", "protect", "wish"], "ability": "Well-Baked Body", "evs": {"hp": 85, "atk": 85, "def": 85, "spa": 85, "spd": 85, "spe": 85}, "ivs": {"hp": 31, "atk": 31, "def": 31, "spa": 31, "spd": 31, "spe": 31}, "item": "Leftovers", "teraType": "Steel", "role": "Bulky Support", "bvs": {"hp": 57, "atk": 80, "def": 115, "spa": 50, "spd": 80, "spe": 95}, "stats": {"hp": 254, "atk": 200, "def": 264, "spa": 144, "spd": 200, "spe": 227}, "types": ["Fairy"]}, "Ampharos": {"name": "Ampharos", "species": "Ampharos", "speciesId": "ampharos", "gender": "F", "shiny": false, "level": 88, "moves": ["discharge", "voltswitch", "focusblast", "dazzlinggleam"], "ability": "Static", "evs": {"hp": 85, "atk": 0, "def": 85, "spa": 85, "spd": 85, "spe": 85}, "ivs": {"hp": 31, "atk": 0, "def": 31, "spa": 31, "spd": 31, "spe": 31}, "item": "Assault Vest", "teraType": "Fairy", "role": "AV Pivot", "bvs": {"hp": 90, "atk": 75, "def": 85, "spa": 115, "spd": 90, "spe": 55}, "stats": {"hp": 302, "atk": 137, "def": 200, "spa": 253, "spd": 209, "spe": 147}, "types": ["Electric"]}, "Tyranitar": {"name": "Tyranitar", "species": "Tyranitar", "speciesId": "tyranitar", "gender": "M", "shiny": false, "level": 78, "moves": ["earthquake", "stoneedge", "dragontail", "knockoff"], "ability": "Sand Stream", "evs": {"hp": 85, "atk": 85, "def": 85, "spa": 85, "spd": 85, "spe": 85}, "ivs": {"hp": 31, "atk": 31, "def": 31, "spa": 31, "spd": 31, "spe": 31}, "item": "Assault Vest", "teraType": "Rock", "role": "Bulky Support", "bvs": {"hp": 100, "atk": 134, "def": 110, "spa": 95, "spd": 100, "spe": 61}, "stats": {"hp": 284, "atk": 254, "def": 217, "spa": 193, "spd": 201, "spe": 140}, "types": ["Rock", "Dark"]}, "Toucannon": {"name": "Toucannon", "species": "Toucannon", "speciesId": "toucannon", "gender": "M", "shiny": false, "level": 88, "moves": ["beakblast", "bulletseed", "boomburst", "roost"], "ability": "Skill Link", "evs": {"hp": 85, "atk": 85, "def": 85, "spa": 85, "spd": 85, "spe": 85}, "ivs": {"hp": 31, "atk": 31, "def": 31, "spa": 31, "spd": 31, "spe": 31}, "item": "Heavy-Duty Boots", "teraType": "Steel", "role": "Bulky Support", "bvs": {"hp": 80, "atk": 120, "def": 75, "spa": 75, "spd": 75, "spe": 60}, "stats": {"hp": 284, "atk": 261, "def": 182, "spa": 182, "spd": 182, "spe": 156}, "types": ["Normal", "Flying"]}, "Zarude": {"name": "Zarude", "species": "Zarude-Dada", "speciesId": "zarude", "gender": "N", "shiny": false, "level": 77, "moves": ["swordsdance", "powerwhip", "knockoff", "closecombat"], "ability": "Leaf Guard", "evs": {"hp": 85, "atk": 85, "def": 85, "spa": 85, "spd": 85, "spe": 85}, "ivs": {"hp": 31, "atk": 31, "def": 31, "spa": 31, "spd": 31, "spe": 31}, "item": "Life Orb", "teraType": "Dark", "role": "Fast Bulky Setup", "bvs": {"hp": 105, "atk": 120, "def": 105, "spa": 70, "spd": 95, "spe": 105}, "stats": {"hp": 288, "atk": 229, "def": 206, "spa": 152, "spd": 191, "spe": 206}, "types": ["Dark", "Grass"]}, "Chandelure": {"name": "Chandelure", "species": "Chandelure", "speciesId": "chandelure", "gender": "F", "shiny": false, "level": 83, "moves": ["shadowball", "calmmind", "substitute", "fireblast"], "ability": "Flame Body", "evs": {"hp": 85, "atk": 0, "def": 85, "spa": 85, "spd": 85, "spe": 85}, "ivs": {"hp": 31, "atk": 0, "def": 31, "spa": 31, "spd": 31, "spe": 31}, "item": "Leftovers", "teraType": "Ghost", "role": "Fast Bulky Setup", "bvs": {"hp": 60, "atk": 55, "def": 90, "spa": 145, "spd": 90, "spe": 80}, "stats": {"hp": 235, "atk": 96, "def": 197, "spa": 288, "spd": 197, "spe": 180}, "types": ["Ghost", "Fire"]}}]}