{"id": "gen9randombattle-2642234234", "format": "[Gen 9] Random Battle", "players": ["rushav", "Imbluedabest"], "log": "|j|\u203drushav\n|j|\u2606Imbluedabest\n|t:|1782914651\n|gametype|singles\n|player|p1|rushav|102|1178\n|player|p2|Imbluedabest|blanche|1194\n|gen|9\n|tier|[Gen 9] Random Battle\n|rated|\n|rule|Species Clause: Limit one of each Pok\u00e9mon\n|rule|HP Percentage Mod: HP is shown in percentages\n|rule|Sleep Clause Mod: Limit one foe put to sleep\n|rule|Illusion Level Mod: Illusion disguises the Pok\u00e9mon's true level\n|\n|t:|1782914651\n|teamsize|p1|6\n|teamsize|p2|6\n|start\n|switch|p1a: Zarude|Zarude-Dada, L77|288/288\n|switch|p2a: Hawlucha|Hawlucha, L80, M|256/256\n|turn|1\n|inactive|Battle timer is ON: inactive players will automatically lose when time's up. (requested by Imbluedabest)\n|\n|t:|1782914670\n|switch|p1a: Talonflame|Talonflame, L83, F|265/265\n|move|p2a: Hawlucha|Swords Dance|p2a: Hawlucha\n|-boost|p2a: Hawlucha|atk|2\n|\n|upkeep\n|turn|2\n|\n|t:|1782914680\n|switch|p2a: Zebstrika|Zebstrika, L87, F|272/272\n|move|p1a: Talonflame|Brave Bird|p2a: Zebstrika\n|-resisted|p2a: Zebstrika\n|-damage|p2a: Zebstrika|209/272\n|-damage|p1a: Talonflame|244/265|[from] Recoil\n|\n|upkeep\n|turn|3\n|\n|t:|1782914698\n|switch|p1a: Trevenant|Trevenant, L89, M|296/296\n|move|p2a: Zebstrika|Volt Switch|p1a: Trevenant\n|-resisted|p1a: Trevenant\n|-damage|p1a: Trevenant|253/296\n|-damage|p2a: Zebstrika|182/272|[from] item: Life Orb\n|\n|t:|1782914721\n|switch|p2a: Annihilape|Annihilape, L76, M|292/292|[from] Volt Switch\n|\n|upkeep\n|turn|4\n|\n|t:|1782914733\n|move|p2a: Annihilape|Bulk Up|p2a: Annihilape\n|-boost|p2a: Annihilape|atk|1\n|-boost|p2a: Annihilape|def|1\n|move|p1a: Trevenant|Poltergeist|p2a: Annihilape\n|-activate|p2a: Annihilape|move: Poltergeist|Chesto Berry\n|-supereffective|p2a: Annihilape\n|-damage|p2a: Annihilape|0 fnt\n|faint|p2a: Annihilape\n|\n|upkeep\n|\n|t:|1782914742\n|switch|p2a: Spiritomb|Spiritomb, L89, F|234/234\n|turn|5\n|inactive|Imbluedabest has 120 seconds left.\n|\n|t:|1782914758\n|switch|p1a: Zarude|Zarude-Dada, L77|288/288\n|-terastallize|p2a: Spiritomb|Steel\n|move|p2a: Spiritomb|Poltergeist|p1a: Zarude\n|-activate|p1a: Zarude|move: Poltergeist|Choice Band\n|-resisted|p1a: Zarude\n|-damage|p1a: Zarude|198/288\n|\n|upkeep\n|turn|6\n|inactive|Imbluedabest has 120 seconds left.\n|\n|t:|1782914785\n|switch|p2a: Hawlucha|Hawlucha, L80, M|256/256\n|move|p1a: Zarude|Knock Off|p2a: Hawlucha\n|-resisted|p2a: Hawlucha\n|-damage|p2a: Hawlucha|168/256\n|-enditem|p2a: Hawlucha|White Herb|[from] move: Knock Off|[of] p1a: Zarude\n|\n|upkeep\n|turn|7\n|\n|t:|1782914795\n|switch|p1a: Talonflame|Talonflame, L83, F|244/265\n|move|p2a: Hawlucha|Close Combat|p1a: Talonflame\n|-resisted|p1a: Talonflame\n|-damage|p1a: Talonflame|177/265\n|-unboost|p2a: Hawlucha|def|1\n|-unboost|p2a: Hawlucha|spd|1\n|-status|p2a: Hawlucha|brn|[from] ability: Flame Body|[of] p1a: Talonflame\n|\n|-damage|p2a: Hawlucha|152/256 brn|[from] brn\n|upkeep\n|turn|8\n|\n|t:|1782914807\n|switch|p2a: Alomomola|Alomomola, L87, M|429/429\n|move|p1a: Talonflame|Overheat|p2a: Alomomola\n|-resisted|p2a: Alomomola\n|-damage|p2a: Alomomola|344/429\n|-unboost|p1a: Talonflame|spa|2\n|\n|upkeep\n|turn|9\n|\n|t:|1782914816\n|switch|p1a: Trevenant|Trevenant, L89, M|253/296\n|move|p2a: Alomomola|Wish|p2a: Alomomola\n|\n|upkeep\n|turn|10\n|\n|t:|1782914826\n|switch|p2a: Hawlucha|Hawlucha, L80, M|152/256 brn\n|move|p1a: Trevenant|Poltergeist||[still]\n|-fail|p1a: Trevenant\n|\n|-heal|p2a: Hawlucha|256/256 brn|[from] move: Wish|[wisher] Alomomola\n|-damage|p2a: Hawlucha|240/256 brn|[from] brn\n|upkeep\n|turn|11\n|\n|t:|1782914838\n|switch|p1a: Talonflame|Talonflame, L83, F|177/265\n|move|p2a: Hawlucha|Brave Bird|p1a: Talonflame\n|-damage|p1a: Talonflame|105/265\n|-damage|p2a: Hawlucha|216/256 brn|[from] Recoil\n|\n|-damage|p2a: Hawlucha|200/256 brn|[from] brn\n|upkeep\n|turn|12\n|\n|t:|1782914849\n|switch|p2a: Alomomola|Alomomola, L87, M|429/429\n|move|p1a: Talonflame|Roost|p1a: Talonflame\n|-heal|p1a: Talonflame|238/265\n|-singleturn|p1a: Talonflame|move: Roost\n|\n|upkeep\n|turn|13\n|\n|t:|1782914856\n|switch|p1a: Trevenant|Trevenant, L89, M|253/296\n|move|p2a: Alomomola|Wish|p2a: Alomomola\n|\n|upkeep\n|turn|14\n|\n|t:|1782914868\n|switch|p2a: Zebstrika|Zebstrika, L87, F|182/272\n|move|p1a: Trevenant|Wood Hammer|p2a: Zebstrika\n|-ability|p2a: Zebstrika|Sap Sipper|boost\n|-boost|p2a: Zebstrika|atk|1\n|\n|-heal|p2a: Zebstrika|272/272|[from] move: Wish|[wisher] Alomomola\n|upkeep\n|turn|15\n|\n|t:|1782914883\n|switch|p1a: Tauros|Tauros, L82, M|257/257\n|move|p2a: Zebstrika|Overheat|p1a: Tauros\n|-damage|p1a: Tauros|135/257\n|-unboost|p2a: Zebstrika|spa|2\n|-damage|p2a: Zebstrika|245/272|[from] item: Life Orb\n|\n|upkeep\n|turn|16\n|\n|t:|1782914896\n|move|p2a: Zebstrika|Volt Switch|p1a: Tauros\n|-damage|p1a: Tauros|83/257\n|-damage|p2a: Zebstrika|218/272|[from] item: Life Orb\n|\n|t:|1782914900\n|switch|p2a: Hawlucha|Hawlucha, L80, M|200/256 brn|[from] Volt Switch\n|move|p1a: Tauros|Earthquake|p2a: Hawlucha\n|-immune|p2a: Hawlucha\n|\n|-damage|p2a: Hawlucha|184/256 brn|[from] brn\n|upkeep\n|turn|17\n|\n|t:|1782914911\n|switch|p1a: Talonflame|Talonflame, L83, F|238/265\n|move|p2a: Hawlucha|Close Combat|p1a: Talonflame\n|-resisted|p1a: Talonflame\n|-damage|p1a: Talonflame|202/265\n|-unboost|p2a: Hawlucha|def|1\n|-unboost|p2a: Hawlucha|spd|1\n|\n|-damage|p2a: Hawlucha|168/256 brn|[from] brn\n|upkeep\n|turn|18\n|\n|t:|1782914922\n|switch|p2a: Alomomola|Alomomola, L87, M|429/429\n|move|p1a: Talonflame|Brave Bird|p2a: Alomomola\n|-damage|p2a: Alomomola|309/429\n|-damage|p1a: Talonflame|162/265|[from] Recoil\n|\n|upkeep\n|turn|19\n|\n|t:|1782914929\n|switch|p1a: Trevenant|Trevenant, L89, M|253/296\n|move|p2a: Alomomola|Wish|p2a: Alomomola\n|\n|upkeep\n|turn|20\n|\n|t:|1782914939\n|switch|p2a: Hawlucha|Hawlucha, L80, M|168/256 brn\n|move|p1a: Trevenant|Drain Punch|p2a: Hawlucha\n|-resisted|p2a: Hawlucha\n|-damage|p2a: Hawlucha|110/256 brn\n|-heal|p1a: Trevenant|282/296|[from] drain|[of] p2a: Hawlucha\n|\n|-heal|p2a: Hawlucha|256/256 brn|[from] move: Wish|[wisher] Alomomola\n|-damage|p2a: Hawlucha|240/256 brn|[from] brn\n|upkeep\n|turn|21\n|\n|t:|1782914950\n|switch|p2a: Zebstrika|Zebstrika, L87, F|218/272\n|switch|p1a: Talonflame|Talonflame, L83, F|162/265\n|\n|upkeep\n|turn|22\n|\n|t:|1782914960\n|switch|p1a: Trevenant|Trevenant, L89, M|282/296\n|move|p2a: Zebstrika|Overheat|p1a: Trevenant|[miss]\n|-miss|p2a: Zebstrika|p1a: Trevenant\n|\n|upkeep\n|turn|23\n|\n|t:|1782914977\n|move|p2a: Zebstrika|Overheat|p1a: Trevenant\n|-supereffective|p1a: Trevenant\n|-damage|p1a: Trevenant|64/296\n|-unboost|p2a: Zebstrika|spa|2\n|-damage|p2a: Zebstrika|191/272|[from] item: Life Orb\n|move|p1a: Trevenant|Poltergeist|p2a: Zebstrika\n|-activate|p2a: Zebstrika|move: Poltergeist|Life Orb\n|-damage|p2a: Zebstrika|0 fnt\n|faint|p2a: Zebstrika\n|\n|upkeep\n|\n|t:|1782914992\n|switch|p2a: Spiritomb|Spiritomb, L89, F, tera:Steel|234/234\n|turn|24\n|\n|t:|1782914998\n|switch|p1a: Blaziken|Blaziken, L76, M|247/247\n|move|p2a: Spiritomb|Shadow Sneak|p1a: Blaziken\n|-damage|p1a: Blaziken|162/247\n|\n|upkeep\n|turn|25\n|\n|t:|1782915010\n|switch|p2a: Alomomola|Alomomola, L87, M|429/429\n|move|p1a: Blaziken|Close Combat|p2a: Alomomola\n|-damage|p2a: Alomomola|261/429\n|-unboost|p1a: Blaziken|def|1\n|-unboost|p1a: Blaziken|spd|1\n|-damage|p1a: Blaziken|138/247|[from] item: Life Orb\n|\n|-ability|p1a: Blaziken|Speed Boost|boost\n|-boost|p1a: Blaziken|spe|1\n|upkeep\n|turn|26\n|\n|t:|1782915021\n|switch|p1a: Trevenant|Trevenant, L89, M|64/296\n|move|p2a: Alomomola|Wish|p2a: Alomomola\n|\n|upkeep\n|turn|27\n|\n|t:|1782915027\n|move|p2a: Alomomola|Protect|p2a: Alomomola\n|-singleturn|p2a: Alomomola|Protect\n|move|p1a: Trevenant|Horn Leech|p2a: Alomomola\n|-activate|p2a: Alomomola|move: Protect\n|\n|-heal|p2a: Alomomola|429/429|[from] move: Wish|[wisher] Alomomola\n|upkeep\n|turn|28\n|\n|t:|1782915035\n|move|p2a: Alomomola|Flip Turn|p1a: Trevenant\n|-resisted|p1a: Trevenant\n|-damage|p1a: Trevenant|34/296\n|\n|t:|1782915039\n|switch|p2a: Spiritomb|Spiritomb, L89, F, tera:Steel|234/234|[from] Flip Turn\n|move|p1a: Trevenant|Horn Leech|p2a: Spiritomb\n|-resisted|p2a: Spiritomb\n|-damage|p2a: Spiritomb|176/234\n|-heal|p1a: Trevenant|63/296|[from] drain|[of] p2a: Spiritomb\n|\n|upkeep\n|turn|29\n|\n|t:|1782915049\n|switch|p1a: Tauros|Tauros, L82, M|83/257\n|move|p2a: Spiritomb|Shadow Sneak|p1a: Tauros\n|-immune|p1a: Tauros\n|\n|upkeep\n|turn|30\n|\n|t:|1782915056\n|switch|p2a: Alomomola|Alomomola, L87, M|429/429\n|move|p1a: Tauros|Close Combat|p2a: Alomomola\n|-damage|p2a: Alomomola|313/429\n|-unboost|p1a: Tauros|def|1\n|-unboost|p1a: Tauros|spd|1\n|-damage|p1a: Tauros|58/257|[from] item: Life Orb\n|\n|upkeep\n|turn|31\n|\n|t:|1782915064\n|switch|p1a: Trevenant|Trevenant, L89, M|63/296\n|move|p2a: Alomomola|Wish|p2a: Alomomola\n|\n|upkeep\n|turn|32\n|\n|t:|1782915073\n|move|p2a: Alomomola|Flip Turn|p1a: Trevenant\n|-resisted|p1a: Trevenant\n|-damage|p1a: Trevenant|33/296\n|\n|t:|1782915077\n|switch|p2a: Spiritomb|Spiritomb, L89, F, tera:Steel|176/234|[from] Flip Turn\n|move|p1a: Trevenant|Drain Punch|p2a: Spiritomb\n|-supereffective|p2a: Spiritomb\n|-damage|p2a: Spiritomb|18/234\n|-heal|p1a: Trevenant|112/296|[from] drain|[of] p2a: Spiritomb\n|\n|-heal|p2a: Spiritomb|232/234|[from] move: Wish|[wisher] Alomomola\n|upkeep\n|turn|33\n|\n|t:|1782915086\n|switch|p1a: Tauros|Tauros, L82, M|58/257\n|move|p2a: Spiritomb|Shadow Sneak|p1a: Tauros\n|-immune|p1a: Tauros\n|\n|upkeep\n|turn|34\n|\n|t:|1782915095\n|switch|p2a: Hawlucha|Hawlucha, L80, M|240/256 brn\n|move|p1a: Tauros|Close Combat|p2a: Hawlucha\n|-resisted|p2a: Hawlucha\n|-damage|p2a: Hawlucha|176/256 brn\n|-unboost|p1a: Tauros|def|1\n|-unboost|p1a: Tauros|spd|1\n|-damage|p1a: Tauros|33/257|[from] item: Life Orb\n|\n|-damage|p2a: Hawlucha|160/256 brn|[from] brn\n|upkeep\n|turn|35\n|\n|t:|1782915111\n|switch|p1a: Talonflame|Talonflame, L83, F|162/265\n|move|p2a: Hawlucha|Close Combat|p1a: Talonflame\n|-resisted|p1a: Talonflame\n|-damage|p1a: Talonflame|128/265\n|-unboost|p2a: Hawlucha|def|1\n|-unboost|p2a: Hawlucha|spd|1\n|\n|-damage|p2a: Hawlucha|144/256 brn|[from] brn\n|upkeep\n|turn|36\n|\n|t:|1782915125\n|switch|p2a: Alomomola|Alomomola, L87, M|429/429\n|move|p1a: Talonflame|Taunt|p2a: Alomomola\n|-start|p2a: Alomomola|move: Taunt\n|\n|upkeep\n|turn|37\n|\n|t:|1782915132\n|switch|p1a: Trevenant|Trevenant, L89, M|112/296\n|move|p2a: Alomomola|Flip Turn|p1a: Trevenant\n|-resisted|p1a: Trevenant\n|-damage|p1a: Trevenant|82/296\n|\n|t:|1782915140\n|switch|p2a: Hawlucha|Hawlucha, L80, M|144/256 brn|[from] Flip Turn\n|\n|-damage|p2a: Hawlucha|128/256 brn|[from] brn\n|upkeep\n|turn|38\n|\n|t:|1782915148\n|switch|p1a: Talonflame|Talonflame, L83, F|128/265\n|move|p2a: Hawlucha|Brave Bird|p1a: Talonflame\n|-damage|p1a: Talonflame|62/265\n|-damage|p2a: Hawlucha|106/256 brn|[from] Recoil\n|\n|-damage|p2a: Hawlucha|90/256 brn|[from] brn\n|upkeep\n|turn|39\n|\n|t:|1782915158\n|move|p1a: Talonflame|Roost|p1a: Talonflame\n|-heal|p1a: Talonflame|195/265\n|-singleturn|p1a: Talonflame|move: Roost\n|move|p2a: Hawlucha|Encore|p1a: Talonflame\n|-start|p1a: Talonflame|Encore\n|\n|-damage|p2a: Hawlucha|74/256 brn|[from] brn\n|upkeep\n|turn|40\n|\n|t:|1782915181\n|switch|p2a: Alomomola|Alomomola, L87, M|429/429\n|move|p1a: Talonflame|Roost|p1a: Talonflame\n|-heal|p1a: Talonflame|265/265\n|-singleturn|p1a: Talonflame|move: Roost\n|\n|upkeep\n|turn|41\n|\n|t:|1782915188\n|switch|p1a: Trevenant|Trevenant, L89, M|82/296\n|move|p2a: Alomomola|Wish|p2a: Alomomola\n|\n|upkeep\n|turn|42\n|\n|t:|1782915198\n|switch|p2a: Hawlucha|Hawlucha, L80, M|74/256 brn\n|move|p1a: Trevenant|Drain Punch|p2a: Hawlucha\n|-resisted|p2a: Hawlucha\n|-damage|p2a: Hawlucha|19/256 brn\n|-heal|p1a: Trevenant|110/296|[from] drain|[of] p2a: Hawlucha\n|\n|-heal|p2a: Hawlucha|233/256 brn|[from] move: Wish|[wisher] Alomomola\n|-damage|p2a: Hawlucha|217/256 brn|[from] brn\n|upkeep\n|turn|43\n|\n|t:|1782915209\n|switch|p2a: Spiritomb|Spiritomb, L89, F, tera:Steel|232/234\n|switch|p1a: Talonflame|Talonflame, L83, F|265/265\n|\n|upkeep\n|turn|44\n|\n|t:|1782915221\n|switch|p2a: Alomomola|Alomomola, L87, M|429/429\n|move|p1a: Talonflame|Brave Bird|p2a: Alomomola\n|-damage|p2a: Alomomola|317/429\n|-damage|p1a: Talonflame|228/265|[from] Recoil\n|\n|upkeep\n|turn|45\n|\n|t:|1782915232\n|switch|p1a: Zarude|Zarude-Dada, L77|198/288\n|move|p2a: Alomomola|Wish|p2a: Alomomola\n|\n|upkeep\n|turn|46\n|\n|t:|1782915240\n|switch|p2a: Hawlucha|Hawlucha, L80, M|217/256 brn\n|move|p1a: Zarude|Power Whip|p2a: Hawlucha\n|-resisted|p2a: Hawlucha\n|-damage|p2a: Hawlucha|115/256 brn\n|\n|-heal|p2a: Hawlucha|256/256 brn|[from] move: Wish|[wisher] Alomomola\n|-damage|p2a: Hawlucha|240/256 brn|[from] brn\n|upkeep\n|turn|47\n|\n|t:|1782915259\n|switch|p2a: Alomomola|Alomomola, L87, M|429/429\n|switch|p1a: Talonflame|Talonflame, L83, F|228/265\n|\n|upkeep\n|turn|48\n|\n|t:|1782915271\n|switch|p1a: Trevenant|Trevenant, L89, M|110/296\n|switch|p2a: Spiritomb|Spiritomb, L89, F, tera:Steel|232/234\n|\n|upkeep\n|turn|49\n|\n|t:|1782915279\n|switch|p1a: Tauros|Tauros, L82, M|33/257\n|switch|p2a: Hawlucha|Hawlucha, L80, M|240/256 brn\n|\n|-damage|p2a: Hawlucha|224/256 brn|[from] brn\n|upkeep\n|turn|50\n|\n|t:|1782915287\n|switch|p1a: Talonflame|Talonflame, L83, F|228/265\n|move|p2a: Hawlucha|Swords Dance|p2a: Hawlucha\n|-boost|p2a: Hawlucha|atk|2\n|\n|-damage|p2a: Hawlucha|208/256 brn|[from] brn\n|upkeep\n|turn|51\n|\n|t:|1782915296\n|move|p1a: Talonflame|Brave Bird|p2a: Hawlucha\n|-supereffective|p2a: Hawlucha\n|-damage|p2a: Hawlucha|0 fnt\n|faint|p2a: Hawlucha\n|-damage|p1a: Talonflame|159/265|[from] Recoil\n|\n|upkeep\n|\n|t:|1782915306\n|switch|p2a: Alomomola|Alomomola, L87, M|429/429\n|turn|52\n|\n|t:|1782915310\n|switch|p1a: Trevenant|Trevenant, L89, M|110/296\n|move|p2a: Alomomola|Protect||[still]\n|-fail|p2a: Alomomola\n|\n|upkeep\n|turn|53\n|\n|t:|1782915316\n|move|p2a: Alomomola|Protect|p2a: Alomomola\n|-singleturn|p2a: Alomomola|Protect\n|move|p1a: Trevenant|Drain Punch|p2a: Alomomola\n|-activate|p2a: Alomomola|move: Protect\n|\n|upkeep\n|turn|54\n|\n|t:|1782915324\n|move|p2a: Alomomola|Flip Turn|p1a: Trevenant\n|-resisted|p1a: Trevenant\n|-damage|p1a: Trevenant|82/296\n|\n|t:|1782915329\n|switch|p2a: Manaphy|Manaphy, L78|284/284|[from] Flip Turn\n|move|p1a: Trevenant|Drain Punch|p2a: Manaphy\n|-damage|p2a: Manaphy|190/284\n|-heal|p1a: Trevenant|129/296|[from] drain|[of] p2a: Manaphy\n|\n|-heal|p2a: Manaphy|207/284|[from] item: Leftovers\n|upkeep\n|turn|55\n|\n|t:|1782915344\n|switch|p1a: Rayquaza|Rayquaza, L72|270/270\n|-ability|p1a: Rayquaza|Air Lock\n|move|p2a: Manaphy|Tail Glow|p2a: Manaphy\n|-boost|p2a: Manaphy|spa|3\n|\n|-heal|p2a: Manaphy|224/284|[from] item: Leftovers\n|upkeep\n|turn|56\n|\n|t:|1782915355\n|move|p2a: Manaphy|Ice Beam|p1a: Rayquaza\n|-supereffective|p1a: Rayquaza\n|-damage|p1a: Rayquaza|0 fnt\n|faint|p1a: Rayquaza\n|\n|-heal|p2a: Manaphy|241/284|[from] item: Leftovers\n|upkeep\n|\n|t:|1782915363\n|switch|p1a: Tauros|Tauros, L82, M|33/257\n|turn|57\n|\n|t:|1782915374\n|move|p1a: Tauros|Close Combat|p2a: Manaphy\n|-damage|p2a: Manaphy|137/284\n|-unboost|p1a: Tauros|def|1\n|-unboost|p1a: Tauros|spd|1\n|-damage|p1a: Tauros|8/257|[from] item: Life Orb\n|move|p2a: Manaphy|Surf|p1a: Tauros\n|-damage|p1a: Tauros|0 fnt\n|faint|p1a: Tauros\n|\n|-heal|p2a: Manaphy|154/284|[from] item: Leftovers\n|upkeep\n|\n|t:|1782915383\n|switch|p1a: Zarude|Zarude-Dada, L77|198/288\n|turn|58\n|\n|t:|1782915393\n|switch|p2a: Spiritomb|Spiritomb, L89, F, tera:Steel|232/234\n|move|p1a: Zarude|Power Whip|p2a: Spiritomb\n|-resisted|p2a: Spiritomb\n|-damage|p2a: Spiritomb|153/234\n|\n|upkeep\n|turn|59\n|\n|t:|1782915403\n|switch|p1a: Blaziken|Blaziken, L76, M|138/247\n|move|p2a: Spiritomb|Poltergeist|p1a: Blaziken\n|-activate|p1a: Blaziken|move: Poltergeist|Life Orb\n|-damage|p1a: Blaziken|0 fnt\n|faint|p1a: Blaziken\n|\n|upkeep\n|\n|t:|1782915412\n|switch|p1a: Talonflame|Talonflame, L83, F|159/265\n|turn|60\n|\n|t:|1782915417\n|switch|p2a: Alomomola|Alomomola, L87, M|429/429\n|move|p1a: Talonflame|Overheat|p2a: Alomomola\n|-resisted|p2a: Alomomola\n|-damage|p2a: Alomomola|351/429\n|-unboost|p1a: Talonflame|spa|2\n|\n|upkeep\n|turn|61\n|\n|t:|1782915424\n|switch|p1a: Zarude|Zarude-Dada, L77|198/288\n|move|p2a: Alomomola|Wish|p2a: Alomomola\n|\n|upkeep\n|turn|62\n|\n|t:|1782915431\n|move|p1a: Zarude|U-turn|p2a: Alomomola\n|-damage|p2a: Alomomola|281/429\n|\n|t:|1782915435\n|switch|p1a: Trevenant|Trevenant, L89, M|129/296|[from] U-turn\n|move|p2a: Alomomola|Flip Turn|p1a: Trevenant\n|-resisted|p1a: Trevenant\n|-damage|p1a: Trevenant|99/296\n|\n|t:|1782915440\n|switch|p2a: Manaphy|Manaphy, L78|154/284|[from] Flip Turn\n|\n|-heal|p2a: Manaphy|284/284|[from] move: Wish|[wisher] Alomomola\n|upkeep\n|turn|63\n|\n|t:|1782915456\n|move|p2a: Manaphy|Ice Beam|p1a: Trevenant\n|-supereffective|p1a: Trevenant\n|-damage|p1a: Trevenant|0 fnt\n|faint|p1a: Trevenant\n|\n|upkeep\n|\n|t:|1782915459\n|switch|p1a: Zarude|Zarude-Dada, L77|198/288\n|turn|64\n|\n|t:|1782915466\n|switch|p2a: Spiritomb|Spiritomb, L89, F, tera:Steel|153/234\n|-terastallize|p1a: Zarude|Dark\n|move|p1a: Zarude|Power Whip|p2a: Spiritomb\n|-resisted|p2a: Spiritomb\n|-damage|p2a: Spiritomb|82/234\n|\n|upkeep\n|turn|65\n|\n|t:|1782915476\n|switch|p1a: Talonflame|Talonflame, L83, F|159/265\n|move|p2a: Spiritomb|Poltergeist|p1a: Talonflame|[miss]\n|-miss|p2a: Spiritomb|p1a: Talonflame\n|\n|upkeep\n|turn|66\n|\n|t:|1782915486\n|switch|p2a: Alomomola|Alomomola, L87, M|424/429\n|move|p1a: Talonflame|Roost|p1a: Talonflame\n|-heal|p1a: Talonflame|265/265\n|-singleturn|p1a: Talonflame|move: Roost\n|\n|upkeep\n|turn|67\n|\n|t:|1782915495\n|switch|p1a: Zarude|Zarude-Dada, L77, tera:Dark|198/288\n|move|p2a: Alomomola|Wish|p2a: Alomomola\n|\n|upkeep\n|turn|68\n|\n|t:|1782915502\n|move|p1a: Zarude|Close Combat|p2a: Alomomola\n|-damage|p2a: Alomomola|292/429\n|-unboost|p1a: Zarude|def|1\n|-unboost|p1a: Zarude|spd|1\n|move|p2a: Alomomola|Flip Turn|p1a: Zarude\n|-damage|p1a: Zarude|114/288\n|\n|t:|1782915509\n|switch|p2a: Spiritomb|Spiritomb, L89, F, tera:Steel|82/234|[from] Flip Turn\n|\n|-heal|p2a: Spiritomb|234/234|[from] move: Wish|[wisher] Alomomola\n|upkeep\n|turn|69\n|\n|t:|1782915523\n|move|p2a: Spiritomb|Sucker Punch|p1a: Zarude\n|-resisted|p1a: Zarude\n|-damage|p1a: Zarude|24/288\n|move|p1a: Zarude|Close Combat|p2a: Spiritomb\n|-supereffective|p2a: Spiritomb\n|-damage|p2a: Spiritomb|20/234\n|-unboost|p1a: Zarude|def|1\n|-unboost|p1a: Zarude|spd|1\n|\n|upkeep\n|turn|70\n|\n|t:|1782915534\n|switch|p1a: Talonflame|Talonflame, L83, F|265/265\n|move|p2a: Spiritomb|Sucker Punch||[still]\n|-fail|p2a: Spiritomb\n|\n|upkeep\n|turn|71\n|\n|t:|1782915539\n|switch|p2a: Alomomola|Alomomola, L87, M|429/429\n|move|p1a: Talonflame|Brave Bird|p2a: Alomomola\n|-damage|p2a: Alomomola|324/429\n|-damage|p1a: Talonflame|230/265|[from] Recoil\n|\n|upkeep\n|turn|72\n|\n|t:|1782915547\n|move|p1a: Talonflame|Brave Bird|p2a: Alomomola\n|-damage|p2a: Alomomola|212/429\n|-damage|p1a: Talonflame|193/265|[from] Recoil\n|move|p2a: Alomomola|Wish|p2a: Alomomola\n|\n|upkeep\n|turn|73\n|\n|t:|1782915560\n|move|p1a: Talonflame|Brave Bird|p2a: Alomomola\n|-damage|p2a: Alomomola|104/429\n|-damage|p1a: Talonflame|157/265|[from] Recoil\n|move|p2a: Alomomola|Flip Turn|p1a: Talonflame\n|-supereffective|p1a: Talonflame\n|-damage|p1a: Talonflame|17/265\n|\n|t:|1782915568\n|switch|p2a: Spiritomb|Spiritomb, L89, F, tera:Steel|20/234|[from] Flip Turn\n|\n|-heal|p2a: Spiritomb|234/234|[from] move: Wish|[wisher] Alomomola\n|upkeep\n|turn|74\n|\n|t:|1782915583\n|move|p2a: Spiritomb|Shadow Sneak|p1a: Talonflame\n|-crit|p1a: Talonflame\n|-damage|p1a: Talonflame|0 fnt\n|-status|p2a: Spiritomb|brn|[from] ability: Flame Body|[of] p1a: Talonflame\n|faint|p1a: Talonflame\n|\n|-damage|p2a: Spiritomb|220/234 brn|[from] brn\n|upkeep\n|l|\u203drushav\n|inactive|rushav disconnected and has a minute to reconnect!\n|player|p1|\n|inactive|rushav has 30 seconds to reconnect!\n|inactive|rushav has 20 seconds to reconnect!\n|inactive|rushav has 15 seconds to reconnect!\n|inactive|rushav has 10 seconds to reconnect!\n|inactive|rushav has 5 seconds to reconnect!\n|-message|rushav lost due to inactivity.\n|\n|win|Imbluedabest\n|raw|rushav's rating: 1178 &rarr; <strong>1154</strong><br />(-24 for losing)\n|raw|Imbluedabest's rating: 1194 &rarr; <strong>1218</strong><br />(+24 for winning)\n", "inputlog": ">version f8ac14003a5f27e1bdc8d8c59608a773c1cb96e5\n>start {\"formatid\":\"gen9randombattle\",\"seed\":\"sodium,6224230b3343448a28e170941d18fa0a\",\"rated\":\"Rated battle\"}\n>player p1 {\"name\":\"rushav\",\"avatar\":\"102\",\"rating\":1178,\"seed\":\"sodium,a7053c0d9b40cb58eee20c36c6b55b3f\"}\n>player p2 {\"name\":\"Imbluedabest\",\"avatar\":\"blanche\",\"rating\":1194,\"seed\":\"sodium,782aa1f0e9e8d2266e6651eafd9c38d7\"}\n>p1 switch 5\n>p2 move swordsdance\n>p1 move bravebird\n>p2 switch 5\n>p1 switch 2\n>p2 move voltswitch\n>p2 switch 3\n>p1 move poltergeist\n>p2 move bulkup\n>p2 switch 4\n>p1 switch 5\n>p2 move poltergeist terastallize\n>p1 move knockoff\n>p2 switch 5\n>p1 switch 2\n>p2 move closecombat\n>p1 move overheat\n>p2 switch 6\n>p1 switch 5\n>p2 move wish\n>p1 move poltergeist\n>p2 switch 6\n>p1 switch 5\n>p2 move bravebird\n>p1 move roost\n>p2 switch 6\n>p1 switch 5\n>p2 move wish\n>p1 move woodhammer\n>p2 switch 3\n>p1 switch 6\n>p2 move overheat\n>p1 move earthquake\n>p2 move voltswitch\n>p2 switch 6\n>p1 switch 5\n>p2 move closecombat\n>p1 move bravebird\n>p2 switch 3\n>p1 switch 6\n>p2 move wish\n>p1 move drainpunch\n>p2 switch 3\n>p1 switch 6\n>p2 switch 6\n>p1 switch 6\n>p2 move overheat\n>p1 move poltergeist\n>p2 move overheat\n>p2 switch 5\n>p1 switch 4\n>p2 move shadowsneak\n>p1 move closecombat\n>p2 switch 3\n>p1 switch 4\n>p2 move wish\n>p1 move hornleech\n>p2 move protect\n>p1 move hornleech\n>p2 move flipturn\n>p2 switch 3\n>p1 switch 5\n>p2 move shadowsneak\n>p1 move closecombat\n>p2 switch 3\n>p1 switch 5\n>p2 move wish\n>p1 move drainpunch\n>p2 move flipturn\n>p2 switch 3\n>p1 switch 5\n>p2 move shadowsneak\n>p1 move closecombat\n>p2 switch 6\n>p1 switch 6\n>p2 move closecombat\n>p1 move taunt\n>p2 switch 3\n>p1 switch 5\n>p2 move flipturn\n>p2 switch 3\n>p1 switch 5\n>p2 move bravebird\n>p1 move roost\n>p2 move encore\n>p1 move roost\n>p2 switch 3\n>p1 switch 5\n>p2 move wish\n>p1 move drainpunch\n>p2 switch 3\n>p1 switch 5\n>p2 switch 6\n>p1 move bravebird\n>p2 switch 3\n>p1 switch 2\n>p2 move wish\n>p1 move powerwhip\n>p2 switch 6\n>p1 switch 2\n>p2 switch 6\n>p1 switch 5\n>p2 switch 3\n>p1 switch 6\n>p2 switch 6\n>p1 switch 5\n>p2 move swordsdance\n>p1 move bravebird\n>p2 move bravebird\n>p2 switch 3\n>p1 switch 6\n>p2 move protect\n>p1 move drainpunch\n>p2 move protect\n>p1 move drainpunch\n>p2 move flipturn\n>p2 switch 2\n>p1 switch 3\n>p2 move tailglow\n>p1 move outrage\n>p2 move icebeam\n>p1 switch 5\n>p1 move closecombat\n>p2 move surf\n>p1 switch 2\n>p1 move powerwhip\n>p2 switch 6\n>p1 switch 4\n>p2 move poltergeist\n>p1 switch 6\n>p1 move overheat\n>p2 switch 2\n>p1 switch 4\n>p2 move wish\n>p1 move uturn\n>p2 move flipturn\n>p1 switch 3\n>p2 switch 6\n>p1 move woodhammer\n>p2 move icebeam\n>p1 switch 3\n>p1 move powerwhip terastallize\n>p2 switch 2\n>p1 switch 4\n>p2 move poltergeist\n>p1 move roost\n>p2 switch 6\n>p1 switch 4\n>p2 move wish\n>p1 move closecombat\n>p2 move flipturn\n>p2 switch 6\n>p1 move closecombat\n>p2 move suckerpunch\n>p1 switch 4\n>p2 move suckerpunch\n>p1 move bravebird\n>p2 switch 6\n>p1 move bravebird\n>p2 move wish\n>p1 move bravebird\n>p2 move flipturn\n>p2 switch 6\n>p1 move overheat\n>p2 move shadowsneak\n>forcelose p1", "uploadtime": 1782915657, "views": 11, "formatid": "gen9randombattle", "rating": 1154, "private": 0, "password": null, "player_dets": [{"name": "rushav", "avatar": "102", "rating": 1178, "seed": "sodium,a7053c0d9b40cb58eee20c36c6b55b3f"}, {"name": "Imbluedabest", "avatar": "blanche", "rating": 1194, "seed": "sodium,782aa1f0e9e8d2266e6651eafd9c38d7"}], "teams_full": [{"Zarude": {"name": "Zarude", "species": "Zarude-Dada", "speciesId": "zarude", "gender": "N", "shiny": false, "level": 77, "moves": ["closecombat", "knockoff", "uturn", "powerwhip"], "ability": "Leaf Guard", "evs": {"hp": 85, "atk": 85, "def": 85, "spa": 85, "spd": 85, "spe": 85}, "ivs": {"hp": 31, "atk": 31, "def": 31, "spa": 31, "spd": 31, "spe": 31}, "item": "Choice Band", "teraType": "Dark", "role": "Fast Attacker", "bvs": {"hp": 105, "atk": 120, "def": 105, "spa": 70, "spd": 95, "spe": 105}, "stats": {"hp": 288, "atk": 229, "def": 206, "spa": 152, "spd": 191, "spe": 206}, "types": ["Dark", "Grass"]}, "Trevenant": {"name": "Trevenant", "species": "Trevenant", "speciesId": "trevenant", "gender": "M", "shiny": false, "level": 89, "moves": ["woodhammer", "drainpunch", "poltergeist", "hornleech"], "ability": "Natural Cure", "evs": {"hp": 85, "atk": 85, "def": 85, "spa": 85, "spd": 85, "spe": 85}, "ivs": {"hp": 31, "atk": 31, "def": 31, "spa": 31, "spd": 31, "spe": 31}, "item": "Choice Band", "teraType": "Fighting", "role": "Wallbreaker", "bvs": {"hp": 85, "atk": 110, "def": 76, "spa": 65, "spd": 82, "spe": 56}, "stats": {"hp": 296, "atk": 247, "def": 186, "spa": 166, "spd": 197, "spe": 150}, "types": ["Ghost", "Grass"]}, "Rayquaza": {"name": "Rayquaza", "species": "Rayquaza", "speciesId": "rayquaza", "gender": "N", "shiny": false, "level": 72, "moves": ["dragonascent", "dragondance", "outrage", "earthquake"], "ability": "Air Lock", "evs": {"hp": 85, "atk": 85, "def": 85, "spa": 85, "spd": 85, "spe": 85}, "ivs": {"hp": 31, "atk": 31, "def": 31, "spa": 31, "spd": 31, "spe": 31}, "item": "Heavy-Duty Boots", "teraType": "Steel", "role": "Setup Sweeper", "bvs": {"hp": 105, "atk": 150, "def": 90, "spa": 150, "spd": 90, "spe": 95}, "stats": {"hp": 270, "atk": 258, "def": 172, "spa": 258, "spd": 172, "spe": 179}, "types": ["Dragon", "Flying"]}, "Blaziken": {"name": "Blaziken", "species": "Blaziken", "speciesId": "blaziken", "gender": "M", "shiny": false, "level": 76, "moves": ["flareblitz", "closecombat", "swordsdance", "knockoff"], "ability": "Speed Boost", "evs": {"hp": 85, "atk": 85, "def": 85, "spa": 85, "spd": 85, "spe": 85}, "ivs": {"hp": 31, "atk": 31, "def": 31, "spa": 31, "spd": 31, "spe": 31}, "item": "Life Orb", "teraType": "Dark", "role": "Setup Sweeper", "bvs": {"hp": 80, "atk": 120, "def": 70, "spa": 110, "spd": 70, "spe": 80}, "stats": {"hp": 247, "atk": 226, "def": 150, "spa": 211, "spd": 150, "spe": 166}, "types": ["Fire", "Fighting"]}, "Talonflame": {"name": "Talonflame", "species": "Talonflame", "speciesId": "talonflame", "gender": "F", "shiny": false, "level": 83, "moves": ["roost", "overheat", "bravebird", "taunt"], "ability": "Flame Body", "evs": {"hp": 85, "atk": 85, "def": 85, "spa": 85, "spd": 85, "spe": 85}, "ivs": {"hp": 31, "atk": 31, "def": 31, "spa": 31, "spd": 31, "spe": 31}, "item": "Heavy-Duty Boots", "teraType": "Ground", "role": "Bulky Attacker", "bvs": {"hp": 78, "atk": 81, "def": 71, "spa": 74, "spd": 69, "spe": 126}, "stats": {"hp": 265, "atk": 182, "def": 166, "spa": 171, "spd": 162, "spe": 257}, "types": ["Fire", "Flying"]}, "Tauros": {"name": "Tauros", "species": "Tauros", "speciesId": "tauros", "gender": "M", "shiny": false, "level": 82, "moves": ["earthquake", "throatchop", "closecombat", "bodyslam"], "ability": "Sheer Force", "evs": {"hp": 85, "atk": 85, "def": 85, "spa": 85, "spd": 85, "spe": 85}, "ivs": {"hp": 31, "atk": 31, "def": 31, "spa": 31, "spd": 31, "spe": 31}, "item": "Life Orb", "teraType": "Fighting", "role": "Fast Attacker", "bvs": {"hp": 75, "atk": 100, "def": 95, "spa": 40, "spd": 70, "spe": 110}, "stats": {"hp": 257, "atk": 211, "def": 203, "spa": 113, "spd": 162, "spe": 228}, "types": ["Normal"]}}, {"Hawlucha": {"name": "Hawlucha", "species": "Hawlucha", "speciesId": "hawlucha", "gender": "M", "shiny": false, "level": 80, "moves": ["encore", "closecombat", "bravebird", "swordsdance"], "ability": "Unburden", "evs": {"hp": 85, "atk": 85, "def": 85, "spa": 85, "spd": 85, "spe": 85}, "ivs": {"hp": 31, "atk": 31, "def": 31, "spa": 31, "spd": 31, "spe": 31}, "item": "White Herb", "teraType": "Fighting", "role": "Setup Sweeper", "bvs": {"hp": 78, "atk": 92, "def": 75, "spa": 74, "spd": 63, "spe": 118}, "stats": {"hp": 256, "atk": 193, "def": 166, "spa": 165, "spd": 147, "spe": 235}, "types": ["Fighting", "Flying"]}, "Manaphy": {"name": "Manaphy", "species": "Manaphy", "speciesId": "manaphy", "gender": "N", "shiny": false, "level": 78, "moves": ["surf", "tailglow", "icebeam", "energyball"], "ability": "Hydration", "evs": {"hp": 85, "atk": 0, "def": 85, "spa": 85, "spd": 85, "spe": 85}, "ivs": {"hp": 31, "atk": 0, "def": 31, "spa": 31, "spd": 31, "spe": 31}, "item": "Leftovers", "teraType": "Water", "role": "Bulky Setup", "bvs": {"hp": 100, "atk": 100, "def": 100, "spa": 100, "spd": 100, "spe": 100}, "stats": {"hp": 284, "atk": 161, "def": 201, "spa": 201, "spd": 201, "spe": 201}, "types": ["Water"]}, "Annihilape": {"name": "Annihilape", "species": "Annihilape", "speciesId": "annihilape", "gender": "M", "shiny": false, "level": 76, "moves": ["bulkup", "drainpunch", "rest", "ragefist"], "ability": "Defiant", "evs": {"hp": 85, "atk": 85, "def": 85, "spa": 85, "spd": 85, "spe": 85}, "ivs": {"hp": 31, "atk": 31, "def": 31, "spa": 31, "spd": 31, "spe": 31}, "item": "Chesto Berry", "teraType": "Ghost", "role": "Bulky Setup", "bvs": {"hp": 110, "atk": 115, "def": 80, "spa": 50, "spd": 90, "spe": 90}, "stats": {"hp": 292, "atk": 219, "def": 166, "spa": 120, "spd": 181, "spe": 181}, "types": ["Fighting", "Ghost"]}, "Spiritomb": {"name": "Spiritomb", "species": "Spiritomb", "speciesId": "spiritomb", "gender": "F", "shiny": false, "level": 89, "moves": ["suckerpunch", "poltergeist", "foulplay", "shadowsneak"], "ability": "Infiltrator", "evs": {"hp": 85, "atk": 85, "def": 85, "spa": 85, "spd": 85, "spe": 85}, "ivs": {"hp": 31, "atk": 31, "def": 31, "spa": 31, "spd": 31, "spe": 31}, "item": "Choice Band", "teraType": "Steel", "role": "Bulky Support", "bvs": {"hp": 50, "atk": 92, "def": 108, "spa": 92, "spd": 108, "spe": 35}, "stats": {"hp": 234, "atk": 215, "def": 243, "spa": 215, "spd": 243, "spe": 113}, "types": ["Ghost", "Dark"]}, "Zebstrika": {"name": "Zebstrika", "species": "Zebstrika", "speciesId": "zebstrika", "gender": "F", "shiny": false, "level": 87, "moves": ["voltswitch", "highhorsepower", "supercellslam", "overheat"], "ability": "Sap Sipper", "evs": {"hp": 85, "atk": 85, "def": 85, "spa": 85, "spd": 85, "spe": 85}, "ivs": {"hp": 31, "atk": 31, "def": 31, "spa": 31, "spd": 31, "spe": 31}, "item": "Life Orb", "teraType": "Ground", "role": "Fast Attacker", "bvs": {"hp": 75, "atk": 100, "def": 63, "spa": 80, "spd": 63, "spe": 116}, "stats": {"hp": 272, "atk": 224, "def": 159, "spa": 189, "spd": 159, "spe": 252}, "types": ["Electric"]}, "Alomomola": {"name": "Alomomola", "species": "Alomomola", "speciesId": "alomomola", "gender": "M", "shiny": false, "level": 87, "moves": ["scald", "protect", "wish", "flipturn"], "ability": "Regenerator", "evs": {"hp": 85, "atk": 85, "def": 85, "spa": 85, "spd": 85, "spe": 85}, "ivs": {"hp": 31, "atk": 31, "def": 31, "spa": 31, "spd": 31, "spe": 31}, "item": "Heavy-Duty Boots", "teraType": "Poison", "role": "Fast Support", "bvs": {"hp": 165, "atk": 75, "def": 80, "spa": 40, "spd": 45, "spe": 65}, "stats": {"hp": 429, "atk": 180, "def": 189, "spa": 119, "spd": 128, "spe": 163}, "types": ["Water"]}}]}