{"id": "gen9randombattle-2642105907", "format": "[Gen 9] Random Battle", "players": ["Xv196", "5th Vision"], "log": "|j|\u2606Xv196\n|j|\u26065th Vision\n|t:|1782891181\n|gametype|singles\n|player|p1|Xv196|101|1740\n|player|p2|5th Vision|iris|1710\n|gen|9\n|tier|[Gen 9] Random Battle\n|rated|\n|rule|Species Clause: Limit one of each Pok\u00e9mon\n|rule|HP Percentage Mod: HP is shown in percentages\n|rule|Sleep Clause Mod: Limit one foe put to sleep\n|rule|Illusion Level Mod: Illusion disguises the Pok\u00e9mon's true level\n|\n|t:|1782891181\n|teamsize|p1|6\n|teamsize|p2|6\n|start\n|switch|p1a: Dugtrio|Dugtrio, L84, F|196/196\n|switch|p2a: Deoxys|Deoxys-Defense, L84|221/221\n|-ability|p2a: Deoxys|Pressure\n|turn|1\n|inactive|Battle timer is ON: inactive players will automatically lose when time's up. (requested by 5th Vision)\n|\n|t:|1782891217\n|switch|p1a: Hoopa|Hoopa-Unbound, L80|259/259\n|move|p2a: Deoxys|Spikes|p1a: Hoopa\n|-sidestart|p1: Xv196|Spikes\n|\n|upkeep\n|turn|2\n|\n|t:|1782891246\n|switch|p2a: Persian|Persian-Alola, L86, F|252/252\n|move|p1a: Hoopa|Hyperspace Fury|p2a: Persian\n|-resisted|p2a: Persian\n|-damage|p2a: Persian|181/252\n|-unboost|p1a: Hoopa|def|1\n|\n|upkeep\n|turn|3\n|\n|t:|1782891268\n|switch|p1a: Camerupt|Camerupt, L91, F|275/275\n|-damage|p1a: Camerupt|241/275|[from] Spikes\n|move|p2a: Persian|Parting Shot|p1a: Camerupt\n|-unboost|p1a: Camerupt|atk|1\n|-unboost|p1a: Camerupt|spa|1\n|inactive|5th Vision has 120 seconds left.\n|\n|t:|1782891285\n|switch|p2a: Feraligatr|Feraligatr, L79, F|264/264|[from] Parting Shot\n|\n|-heal|p1a: Camerupt|258/275|[from] item: Leftovers\n|upkeep\n|turn|4\n|inactive|5th Vision has 120 seconds left.\n|\n|t:|1782891297\n|switch|p1a: Meganium|Meganium, L90, M|290/290\n|-damage|p1a: Meganium|254/290|[from] Spikes\n|move|p2a: Feraligatr|Dragon Dance|p2a: Feraligatr\n|-boost|p2a: Feraligatr|atk|1\n|-boost|p2a: Feraligatr|spe|1\n|\n|-heal|p1a: Meganium|272/290|[from] item: Leftovers\n|upkeep\n|turn|5\n|\n|t:|1782891305\n|move|p2a: Feraligatr|Ice Punch|p1a: Meganium\n|-supereffective|p1a: Meganium\n|-damage|p1a: Meganium|51/290\n|move|p1a: Meganium|Energy Ball|p2a: Feraligatr\n|-supereffective|p2a: Feraligatr\n|-damage|p2a: Feraligatr|0 fnt\n|faint|p2a: Feraligatr\n|\n|-heal|p1a: Meganium|69/290|[from] item: Leftovers\n|upkeep\n|inactive|5th Vision has 120 seconds left.\n|\n|t:|1782891323\n|switch|p2a: Ribombee|Ribombee, L83, F|235/235\n|turn|6\n|inactive|5th Vision has 120 seconds left.\n|\n|t:|1782891333\n|move|p2a: Ribombee|Quiver Dance|p2a: Ribombee\n|-boost|p2a: Ribombee|spa|1\n|-boost|p2a: Ribombee|spd|1\n|-boost|p2a: Ribombee|spe|1\n|move|p1a: Meganium|Synthesis|p1a: Meganium\n|-heal|p1a: Meganium|214/290\n|\n|-heal|p1a: Meganium|232/290|[from] item: Leftovers\n|upkeep\n|turn|7\n|inactive|5th Vision has 120 seconds left.\n|\n|t:|1782891341\n|switch|p1a: Camerupt|Camerupt, L91, F|258/275\n|-damage|p1a: Camerupt|224/275|[from] Spikes\n|move|p2a: Ribombee|Quiver Dance|p2a: Ribombee\n|-boost|p2a: Ribombee|spa|1\n|-boost|p2a: Ribombee|spd|1\n|-boost|p2a: Ribombee|spe|1\n|\n|-heal|p1a: Camerupt|241/275|[from] item: Leftovers\n|upkeep\n|turn|8\n|inactive|5th Vision has 120 seconds left.\n|\n|t:|1782891357\n|-terastallize|p2a: Ribombee|Ground\n|-terastallize|p1a: Camerupt|Water\n|move|p2a: Ribombee|Tera Blast|p1a: Camerupt|[anim] Tera Blast Ground\n|-damage|p1a: Camerupt|63/275\n|move|p1a: Camerupt|Roar|p2a: Ribombee\n|drag|p2a: Arcanine|Arcanine, L84, F|288/288\n|-ability|p2a: Arcanine|Intimidate|boost\n|-unboost|p1a: Camerupt|atk|1\n|\n|-heal|p1a: Camerupt|80/275|[from] item: Leftovers\n|upkeep\n|turn|9\n|inactive|5th Vision has 120 seconds left.\n|\n|t:|1782891376\n|move|p2a: Arcanine|Extreme Speed|p1a: Camerupt\n|-damage|p1a: Camerupt|17/275\n|move|p1a: Camerupt|Stealth Rock|p2a: Arcanine\n|-sidestart|p2: 5th Vision|move: Stealth Rock\n|\n|-heal|p1a: Camerupt|34/275|[from] item: Leftovers\n|upkeep\n|turn|10\n|\n|t:|1782891382\n|move|p2a: Arcanine|Extreme Speed|p1a: Camerupt\n|-damage|p1a: Camerupt|0 fnt\n|faint|p1a: Camerupt\n|\n|upkeep\n|\n|t:|1782891388\n|switch|p1a: Dugtrio|Dugtrio, L84, F|196/196\n|-damage|p1a: Dugtrio|172/196|[from] Spikes\n|turn|11\n|inactive|5th Vision has 120 seconds left.\n|\n|t:|1782891401\n|move|p1a: Dugtrio|Earthquake|p2a: Arcanine\n|-supereffective|p2a: Arcanine\n|-damage|p2a: Arcanine|58/288\n|move|p2a: Arcanine|Close Combat|p1a: Dugtrio\n|-damage|p1a: Dugtrio|24/196\n|-unboost|p2a: Arcanine|def|1\n|-unboost|p2a: Arcanine|spd|1\n|\n|upkeep\n|turn|12\n|\n|t:|1782891410\n|move|p2a: Arcanine|Extreme Speed|p1a: Dugtrio\n|-damage|p1a: Dugtrio|0 fnt\n|faint|p1a: Dugtrio\n|\n|upkeep\n|\n|t:|1782891426\n|switch|p1a: Hoopa|Hoopa-Unbound, L80|259/259\n|-damage|p1a: Hoopa|227/259|[from] Spikes\n|turn|13\n|\n|t:|1782891442\n|switch|p2a: Persian|Persian-Alola, L86, F|181/252\n|move|p1a: Hoopa|Hyperspace Fury|p2a: Persian\n|-resisted|p2a: Persian\n|-damage|p2a: Persian|108/252\n|-unboost|p1a: Hoopa|def|1\n|\n|upkeep\n|turn|14\n|\n|t:|1782891452\n|switch|p1a: Meganium|Meganium, L90, M|232/290\n|-damage|p1a: Meganium|196/290|[from] Spikes\n|move|p2a: Persian|Parting Shot|p1a: Meganium\n|-unboost|p1a: Meganium|atk|1\n|-unboost|p1a: Meganium|spa|1\n|inactive|5th Vision has 120 seconds left.\n|\n|t:|1782891473\n|switch|p2a: Deoxys|Deoxys-Defense, L84|221/221|[from] Parting Shot\n|-damage|p2a: Deoxys|194/221|[from] Stealth Rock\n|-ability|p2a: Deoxys|Pressure\n|\n|-heal|p2a: Deoxys|207/221|[from] item: Leftovers\n|-heal|p1a: Meganium|214/290|[from] item: Leftovers\n|upkeep\n|turn|15\n|inactive|5th Vision has 120 seconds left.\n|\n|t:|1782891483\n|move|p2a: Deoxys|Spikes|p1a: Meganium\n|-sidestart|p1: Xv196|Spikes\n|move|p1a: Meganium|Leech Seed|p2a: Deoxys|[miss]\n|-miss|p1a: Meganium|p2a: Deoxys\n|\n|-heal|p2a: Deoxys|220/221|[from] item: Leftovers\n|-heal|p1a: Meganium|232/290|[from] item: Leftovers\n|upkeep\n|turn|16\n|\n|t:|1782891487\n|move|p2a: Deoxys|Psychic Noise|p1a: Meganium\n|-damage|p1a: Meganium|181/290\n|-start|p1a: Meganium|move: Heal Block\n|move|p1a: Meganium|Leech Seed|p2a: Deoxys\n|-start|p2a: Deoxys|move: Leech Seed\n|\n|-heal|p2a: Deoxys|221/221|[from] item: Leftovers\n|-damage|p2a: Deoxys|194/221|[from] Leech Seed|[of] p1a: Meganium\n|upkeep\n|turn|17\n|\n|t:|1782891494\n|move|p2a: Deoxys|Spikes|p1a: Meganium\n|-sidestart|p1: Xv196|Spikes\n|move|p1a: Meganium|Knock Off|p2a: Deoxys\n|-supereffective|p2a: Deoxys\n|-damage|p2a: Deoxys|130/221\n|-enditem|p2a: Deoxys|Leftovers|[from] move: Knock Off|[of] p1a: Meganium\n|\n|-damage|p2a: Deoxys|103/221|[from] Leech Seed|[of] p1a: Meganium\n|-end|p1a: Meganium|move: Heal Block\n|upkeep\n|turn|18\n|\n|t:|1782891504\n|switch|p1a: Misdreavus|Misdreavus, L90, F|254/254\n|move|p2a: Deoxys|Psychic Noise|p1a: Misdreavus\n|-damage|p1a: Misdreavus|214/254\n|-start|p1a: Misdreavus|move: Heal Block\n|\n|-damage|p2a: Deoxys|76/221|[from] Leech Seed|[of] p1a: Misdreavus\n|upkeep\n|turn|19\n|\n|t:|1782891521\n|switch|p2a: Ribombee|Ribombee, L83, F, tera:Ground|235/235\n|move|p1a: Misdreavus|Calm Mind|p1a: Misdreavus\n|-boost|p1a: Misdreavus|spa|1\n|-boost|p1a: Misdreavus|spd|1\n|\n|-end|p1a: Misdreavus|move: Heal Block\n|upkeep\n|turn|20\n|\n|t:|1782891532\n|move|p2a: Ribombee|Quiver Dance|p2a: Ribombee\n|-boost|p2a: Ribombee|spa|1\n|-boost|p2a: Ribombee|spd|1\n|-boost|p2a: Ribombee|spe|1\n|move|p1a: Misdreavus|Calm Mind|p1a: Misdreavus\n|-boost|p1a: Misdreavus|spa|1\n|-boost|p1a: Misdreavus|spd|1\n|\n|upkeep\n|turn|21\n|\n|t:|1782891537\n|move|p2a: Ribombee|Quiver Dance|p2a: Ribombee\n|-boost|p2a: Ribombee|spa|1\n|-boost|p2a: Ribombee|spd|1\n|-boost|p2a: Ribombee|spe|1\n|move|p1a: Misdreavus|Calm Mind|p1a: Misdreavus\n|-boost|p1a: Misdreavus|spa|1\n|-boost|p1a: Misdreavus|spd|1\n|\n|upkeep\n|turn|22\n|\n|t:|1782891546\n|move|p2a: Ribombee|Moonblast|p1a: Misdreavus\n|-damage|p1a: Misdreavus|165/254\n|-unboost|p1a: Misdreavus|spa|1\n|move|p1a: Misdreavus|Calm Mind|p1a: Misdreavus\n|-boost|p1a: Misdreavus|spa|1\n|-boost|p1a: Misdreavus|spd|1\n|\n|upkeep\n|turn|23\n|\n|t:|1782891557\n|move|p2a: Ribombee|Moonblast|p1a: Misdreavus\n|-damage|p1a: Misdreavus|126/254\n|move|p1a: Misdreavus|Calm Mind|p1a: Misdreavus\n|-boost|p1a: Misdreavus|spa|1\n|-boost|p1a: Misdreavus|spd|1\n|\n|upkeep\n|turn|24\n|\n|t:|1782891570\n|move|p2a: Ribombee|Quiver Dance|p2a: Ribombee\n|-boost|p2a: Ribombee|spa|1\n|-boost|p2a: Ribombee|spd|1\n|-boost|p2a: Ribombee|spe|1\n|move|p1a: Misdreavus|Calm Mind|p1a: Misdreavus\n|-boost|p1a: Misdreavus|spa|1\n|-boost|p1a: Misdreavus|spd|1\n|\n|upkeep\n|turn|25\n|\n|t:|1782891579\n|move|p2a: Ribombee|Quiver Dance|p2a: Ribombee\n|-boost|p2a: Ribombee|spa|1\n|-boost|p2a: Ribombee|spd|1\n|-boost|p2a: Ribombee|spe|1\n|move|p1a: Misdreavus|Draining Kiss|p2a: Ribombee\n|-damage|p2a: Ribombee|185/235\n|-heal|p1a: Misdreavus|164/254|[from] drain|[of] p2a: Ribombee\n|\n|upkeep\n|turn|26\n|\n|t:|1782891589\n|move|p2a: Ribombee|Moonblast|p1a: Misdreavus\n|-damage|p1a: Misdreavus|119/254\n|move|p1a: Misdreavus|Draining Kiss|p2a: Ribombee\n|-damage|p2a: Ribombee|136/235\n|-heal|p1a: Misdreavus|156/254|[from] drain|[of] p2a: Ribombee\n|\n|upkeep\n|turn|27\n|\n|t:|1782891594\n|move|p2a: Ribombee|Moonblast|p1a: Misdreavus\n|-damage|p1a: Misdreavus|107/254\n|-unboost|p1a: Misdreavus|spa|1\n|move|p1a: Misdreavus|Draining Kiss|p2a: Ribombee\n|-damage|p2a: Ribombee|90/235\n|-heal|p1a: Misdreavus|142/254|[from] drain|[of] p2a: Ribombee\n|\n|upkeep\n|turn|28\n|\n|t:|1782891599\n|move|p2a: Ribombee|Moonblast|p1a: Misdreavus\n|-damage|p1a: Misdreavus|93/254\n|move|p1a: Misdreavus|Draining Kiss|p2a: Ribombee\n|-damage|p2a: Ribombee|46/235\n|-heal|p1a: Misdreavus|126/254|[from] drain|[of] p2a: Ribombee\n|\n|upkeep\n|turn|29\n|\n|t:|1782891604\n|move|p2a: Ribombee|Moonblast|p1a: Misdreavus\n|-damage|p1a: Misdreavus|77/254\n|-unboost|p1a: Misdreavus|spa|1\n|move|p1a: Misdreavus|Draining Kiss|p2a: Ribombee\n|-damage|p2a: Ribombee|7/235\n|-heal|p1a: Misdreavus|106/254|[from] drain|[of] p2a: Ribombee\n|\n|upkeep\n|turn|30\n|\n|t:|1782891610\n|move|p2a: Ribombee|Moonblast|p1a: Misdreavus\n|-damage|p1a: Misdreavus|58/254\n|-unboost|p1a: Misdreavus|spa|1\n|move|p1a: Misdreavus|Draining Kiss|p2a: Ribombee\n|-crit|p2a: Ribombee\n|-damage|p2a: Ribombee|0 fnt\n|-heal|p1a: Misdreavus|63/254|[from] drain|[of] p2a: Ribombee\n|faint|p2a: Ribombee\n|\n|upkeep\n|\n|t:|1782891625\n|switch|p2a: Persian|Persian-Alola, L86, F|108/252\n|turn|31\n|\n|t:|1782891637\n|move|p2a: Persian|Knock Off|p1a: Misdreavus\n|-supereffective|p1a: Misdreavus\n|-damage|p1a: Misdreavus|0 fnt\n|-enditem|p1a: Misdreavus|Eviolite|[from] move: Knock Off|[of] p2a: Persian\n|faint|p1a: Misdreavus\n|\n|upkeep\n|\n|t:|1782891643\n|switch|p1a: Meganium|Meganium, L90, M|181/290\n|-damage|p1a: Meganium|109/290|[from] Spikes\n|turn|32\n|\n|t:|1782891666\n|move|p2a: Persian|Parting Shot|p1a: Meganium\n|-unboost|p1a: Meganium|atk|1\n|-unboost|p1a: Meganium|spa|1\n|\n|t:|1782891671\n|switch|p2a: Rotom|Rotom-Heat, L83|219/219|[from] Parting Shot\n|move|p1a: Meganium|Synthesis|p1a: Meganium\n|-heal|p1a: Meganium|254/290\n|\n|-heal|p1a: Meganium|272/290|[from] item: Leftovers\n|upkeep\n|turn|33\n|\n|t:|1782891684\n|move|p1a: Meganium|Leech Seed|p2a: Rotom\n|-start|p2a: Rotom|move: Leech Seed\n|move|p2a: Rotom|Will-O-Wisp|p1a: Meganium\n|-status|p1a: Meganium|brn\n|\n|-heal|p1a: Meganium|290/290 brn|[from] item: Leftovers\n|-damage|p2a: Rotom|192/219|[from] Leech Seed|[of] p1a: Meganium\n|-damage|p1a: Meganium|272/290 brn|[from] brn\n|upkeep\n|turn|34\n|\n|t:|1782891690\n|move|p1a: Meganium|Knock Off|p2a: Rotom\n|-damage|p2a: Rotom|173/219\n|-enditem|p2a: Rotom|Heavy-Duty Boots|[from] move: Knock Off|[of] p1a: Meganium\n|move|p2a: Rotom|Overheat|p1a: Meganium\n|-supereffective|p1a: Meganium\n|-damage|p1a: Meganium|48/290 brn\n|-unboost|p2a: Rotom|spa|2\n|\n|-heal|p1a: Meganium|66/290 brn|[from] item: Leftovers\n|-damage|p2a: Rotom|146/219|[from] Leech Seed|[of] p1a: Meganium\n|-heal|p1a: Meganium|93/290 brn|[silent]\n|-damage|p1a: Meganium|75/290 brn|[from] brn\n|upkeep\n|turn|35\n|\n|t:|1782891700\n|move|p1a: Meganium|Synthesis|p1a: Meganium\n|-heal|p1a: Meganium|220/290 brn\n|move|p2a: Rotom|Overheat|p1a: Meganium\n|-supereffective|p1a: Meganium\n|-damage|p1a: Meganium|100/290 brn\n|-unboost|p2a: Rotom|spa|2\n|\n|-heal|p1a: Meganium|118/290 brn|[from] item: Leftovers\n|-damage|p2a: Rotom|119/219|[from] Leech Seed|[of] p1a: Meganium\n|-heal|p1a: Meganium|145/290 brn|[silent]\n|-damage|p1a: Meganium|127/290 brn|[from] brn\n|upkeep\n|turn|36\n|\n|t:|1782891704\n|move|p1a: Meganium|Synthesis|p1a: Meganium\n|-heal|p1a: Meganium|272/290 brn\n|move|p2a: Rotom|Volt Switch|p1a: Meganium\n|-resisted|p1a: Meganium\n|-damage|p1a: Meganium|260/290 brn\n|\n|t:|1782891712\n|switch|p2a: Deoxys|Deoxys-Defense, L84|76/221|[from] Volt Switch\n|-damage|p2a: Deoxys|49/221|[from] Stealth Rock\n|-ability|p2a: Deoxys|Pressure\n|\n|-heal|p1a: Meganium|278/290 brn|[from] item: Leftovers\n|-damage|p1a: Meganium|260/290 brn|[from] brn\n|upkeep\n|turn|37\n|\n|t:|1782891732\n|switch|p1a: Hoopa|Hoopa-Unbound, L80|227/259\n|-damage|p1a: Hoopa|163/259|[from] Spikes\n|move|p2a: Deoxys|Recover|p2a: Deoxys\n|-heal|p2a: Deoxys|160/221\n|\n|upkeep\n|turn|38\n|\n|t:|1782891758\n|move|p1a: Hoopa|Gunk Shot|p2a: Deoxys|[miss]\n|-miss|p1a: Hoopa|p2a: Deoxys\n|move|p2a: Deoxys|Teleport|p2a: Deoxys\n|inactive|5th Vision has 120 seconds left.\n|\n|t:|1782891772\n|switch|p2a: Arcanine|Arcanine, L84, F|58/288|[from] Teleport\n|-ability|p2a: Arcanine|Intimidate|boost\n|-unboost|p1a: Hoopa|atk|1\n|\n|upkeep\n|turn|39\n|\n|t:|1782891775\n|move|p2a: Arcanine|Close Combat|p1a: Hoopa\n|-damage|p1a: Hoopa|33/259\n|-unboost|p2a: Arcanine|def|1\n|-unboost|p2a: Arcanine|spd|1\n|move|p1a: Hoopa|Gunk Shot|p2a: Arcanine|[miss]\n|-miss|p1a: Hoopa|p2a: Arcanine\n|\n|upkeep\n|turn|40\n|\n|t:|1782891785\n|switch|p1a: Trevenant|Trevenant, L89, F|296/296\n|-damage|p1a: Trevenant|222/296|[from] Spikes\n|move|p2a: Arcanine|Close Combat|p1a: Trevenant\n|-immune|p1a: Trevenant\n|\n|upkeep\n|turn|41\n|\n|t:|1782891802\n|switch|p2a: Rotom|Rotom-Heat, L83|119/219\n|-damage|p2a: Rotom|65/219|[from] Stealth Rock\n|move|p1a: Trevenant|Rest|p1a: Trevenant\n|-status|p1a: Trevenant|slp|[from] move: Rest\n|-heal|p1a: Trevenant|296/296 slp|[silent]\n|\n|upkeep\n|turn|42\n|\n|t:|1782891811\n|-curestatus|p1a: Trevenant|slp|[from] ability: Natural Cure|[silent]\n|switch|p1a: Hoopa|Hoopa-Unbound, L80|33/259\n|-damage|p1a: Hoopa|0 fnt|[from] Spikes\n|faint|p1a: Hoopa\n|move|p2a: Rotom|Overheat|p1: Hoopa|[notarget]\n|-fail|p2a: Rotom\n|\n|upkeep\n|\n|t:|1782891817\n|switch|p1a: Meganium|Meganium, L90, M|260/290 brn\n|-damage|p1a: Meganium|188/290 brn|[from] Spikes\n|turn|43\n|\n|t:|1782891826\n|move|p1a: Meganium|Synthesis|p1a: Meganium\n|-heal|p1a: Meganium|290/290 brn\n|move|p2a: Rotom|Volt Switch|p1a: Meganium\n|-resisted|p1a: Meganium\n|-damage|p1a: Meganium|257/290 brn\n|\n|t:|1782891830\n|switch|p2a: Deoxys|Deoxys-Defense, L84|160/221|[from] Volt Switch\n|-damage|p2a: Deoxys|133/221|[from] Stealth Rock\n|-ability|p2a: Deoxys|Pressure\n|\n|-heal|p1a: Meganium|275/290 brn|[from] item: Leftovers\n|-damage|p1a: Meganium|257/290 brn|[from] brn\n|upkeep\n|turn|44\n|\n|t:|1782891843\n|move|p2a: Deoxys|Psychic Noise|p1a: Meganium\n|-damage|p1a: Meganium|202/290 brn\n|-start|p1a: Meganium|move: Heal Block\n|move|p1a: Meganium|Leech Seed|p2a: Deoxys|[miss]\n|-miss|p1a: Meganium|p2a: Deoxys\n|\n|-damage|p1a: Meganium|184/290 brn|[from] brn\n|upkeep\n|turn|45\n|\n|t:|1782891866\n|move|p2a: Deoxys|Recover|p2a: Deoxys\n|-heal|p2a: Deoxys|221/221\n|move|p1a: Meganium|Leech Seed|p2a: Deoxys|[miss]\n|-miss|p1a: Meganium|p2a: Deoxys\n|\n|-damage|p1a: Meganium|166/290 brn|[from] brn\n|-end|p1a: Meganium|move: Heal Block\n|upkeep\n|turn|46\n|-message|Xv196 forfeited.\n|\n|win|5th Vision\n|raw|Xv196's rating: 1740 &rarr; <strong>1718</strong><br />(-22 for losing)\n|raw|5th Vision's rating: 1710 &rarr; <strong>1732</strong><br />(+22 for winning)\n|l|\u2606Xv196\n|player|p1|\n", "inputlog": ">version f8ac14003a5f27e1bdc8d8c59608a773c1cb96e5\n>start {\"formatid\":\"gen9randombattle\",\"seed\":\"sodium,352a809d900648ae132c90961088a060\",\"rated\":\"Rated battle\"}\n>player p1 {\"name\":\"Xv196\",\"avatar\":\"101\",\"rating\":1740,\"seed\":\"sodium,60613b79c384592c4f24161d37f298f2\"}\n>player p2 {\"name\":\"5th Vision\",\"avatar\":\"iris\",\"rating\":1710,\"seed\":\"sodium,8ebad2875345035716dfa2984bf1c7f4\"}\n>p1 switch 2\n>p2 move spikes\n>p1 move hyperspacefury\n>p2 switch 4\n>p1 switch 4\n>p2 move partingshot\n>p2 switch 3\n>p1 switch 3\n>p2 move dragondance\n>p1 move energyball\n>p2 move icepunch\n>p2 switch 6\n>p1 move synthesis\n>p2 move quiverdance\n>p1 switch 3\n>p2 move quiverdance\n>p1 move roar terastallize\n>p2 move terablast terastallize\n>p1 move stealthrock\n>p2 move extremespeed\n>p1 move earthquake\n>p2 move extremespeed\n>p1 switch 2\n>p1 move earthquake\n>p2 move closecombat\n>p1 move suckerpunch\n>p2 move extremespeed\n>p1 switch 4\n>p1 move hyperspacefury\n>p2 switch 3\n>p1 switch 3\n>p2 move partingshot\n>p2 switch 4\n>p1 move leechseed\n>p2 move spikes\n>p1 move leechseed\n>p2 move psychicnoise\n>p1 move knockoff\n>p2 move spikes\n>p1 switch 5\n>p2 move psychicnoise\n>p1 move calmmind\n>p2 switch 5\n>p1 move calmmind\n>p2 move quiverdance\n>p1 move calmmind\n>p2 move quiverdance\n>p1 move calmmind\n>p2 move moonblast\n>p1 move calmmind\n>p2 move moonblast\n>p1 move calmmind\n>p2 move quiverdance\n>p1 move drainingkiss\n>p2 move quiverdance\n>p1 move drainingkiss\n>p2 move moonblast\n>p1 move drainingkiss\n>p2 move moonblast\n>p1 move drainingkiss\n>p2 move moonblast\n>p1 move drainingkiss\n>p2 move moonblast\n>p1 move drainingkiss\n>p2 move moonblast\n>p2 switch 4\n>p1 move drainingkiss\n>p2 move knockoff\n>p1 switch 5\n>p1 move synthesis\n>p2 move partingshot\n>p2 switch 2\n>p1 move leechseed\n>p2 move willowisp\n>p1 move knockoff\n>p2 move overheat\n>p1 move synthesis\n>p2 move overheat\n>p1 move synthesis\n>p2 move voltswitch\n>p2 switch 5\n>p1 switch 3\n>p2 move recover\n>p1 move gunkshot\n>p2 move teleport\n>p2 switch 3\n>p1 move gunkshot\n>p2 move closecombat\n>p1 switch 6\n>p2 move closecombat\n>p1 move rest\n>p2 switch 5\n>p1 switch 6\n>p2 move overheat\n>p1 switch 3\n>p1 move synthesis\n>p2 move voltswitch\n>p2 switch 3\n>p1 move leechseed\n>p2 move psychicnoise\n>p1 move leechseed\n>p2 move recover\n>forcelose p1", "uploadtime": 1782891874, "views": 2, "formatid": "gen9randombattle", "rating": 1718, "private": 0, "password": null, "player_dets": [{"name": "Xv196", "avatar": "101", "rating": 1740, "seed": "sodium,60613b79c384592c4f24161d37f298f2"}, {"name": "5th Vision", "avatar": "iris", "rating": 1710, "seed": "sodium,8ebad2875345035716dfa2984bf1c7f4"}], "teams_full": [{"Dugtrio": {"name": "Dugtrio", "species": "Dugtrio", "speciesId": "dugtrio", "gender": "F", "shiny": false, "level": 84, "moves": ["stoneedge", "earthquake", "swordsdance", "suckerpunch"], "ability": "Arena Trap", "evs": {"hp": 85, "atk": 85, "def": 85, "spa": 85, "spd": 85, "spe": 85}, "ivs": {"hp": 31, "atk": 31, "def": 31, "spa": 31, "spd": 31, "spe": 31}, "item": "Focus Sash", "teraType": "Fairy", "role": "Fast Support", "bvs": {"hp": 35, "atk": 100, "def": 50, "spa": 50, "spd": 70, "spe": 120}, "stats": {"hp": 196, "atk": 216, "def": 132, "spa": 132, "spd": 166, "spe": 250}, "types": ["Ground"]}, "Hoopa": {"name": "Hoopa", "species": "Hoopa-Unbound", "speciesId": "hoopaunbound", "gender": "N", "shiny": false, "level": 80, "moves": ["trick", "zenheadbutt", "gunkshot", "hyperspacefury"], "ability": "Magician", "evs": {"hp": 85, "atk": 85, "def": 85, "spa": 85, "spd": 85, "spe": 85}, "ivs": {"hp": 31, "atk": 31, "def": 31, "spa": 31, "spd": 31, "spe": 31}, "item": "Choice Band", "teraType": "Poison", "role": "Wallbreaker", "bvs": {"hp": 80, "atk": 160, "def": 60, "spa": 170, "spd": 130, "spe": 80}, "stats": {"hp": 259, "atk": 302, "def": 142, "spa": 318, "spd": 254, "spe": 174}, "types": ["Psychic", "Dark"]}, "Meganium": {"name": "Meganium", "species": "Meganium", "speciesId": "meganium", "gender": "M", "shiny": false, "level": 90, "moves": ["knockoff", "synthesis", "leechseed", "energyball"], "ability": "Overgrow", "evs": {"hp": 85, "atk": 85, "def": 85, "spa": 85, "spd": 85, "spe": 85}, "ivs": {"hp": 31, "atk": 31, "def": 31, "spa": 31, "spd": 31, "spe": 31}, "item": "Leftovers", "teraType": "Water", "role": "Bulky Attacker", "bvs": {"hp": 80, "atk": 82, "def": 100, "spa": 83, "spd": 100, "spe": 80}, "stats": {"hp": 290, "atk": 199, "def": 231, "spa": 201, "spd": 231, "spe": 195}, "types": ["Grass"]}, "Camerupt": {"name": "Camerupt", "species": "Camerupt", "speciesId": "camerupt", "gender": "F", "shiny": false, "level": 91, "moves": ["overheat", "roar", "stealthrock", "earthquake"], "ability": "Solid Rock", "evs": {"hp": 85, "atk": 85, "def": 85, "spa": 85, "spd": 85, "spe": 85}, "ivs": {"hp": 31, "atk": 31, "def": 31, "spa": 31, "spd": 31, "spe": 31}, "item": "Leftovers", "teraType": "Water", "role": "Bulky Support", "bvs": {"hp": 70, "atk": 100, "def": 70, "spa": 105, "spd": 75, "spe": 40}, "stats": {"hp": 275, "atk": 234, "def": 179, "spa": 243, "spd": 188, "spe": 125}, "types": ["Fire", "Ground"]}, "Misdreavus": {"name": "Misdreavus", "species": "Misdreavus", "speciesId": "misdreavus", "gender": "F", "shiny": false, "level": 90, "moves": ["willowisp", "calmmind", "shadowball", "drainingkiss"], "ability": "Levitate", "evs": {"hp": 85, "atk": 0, "def": 85, "spa": 85, "spd": 85, "spe": 85}, "ivs": {"hp": 31, "atk": 0, "def": 31, "spa": 31, "spd": 31, "spe": 31}, "item": "Eviolite", "teraType": "Fairy", "role": "Bulky Setup", "bvs": {"hp": 60, "atk": 60, "def": 60, "spa": 85, "spd": 85, "spe": 85}, "stats": {"hp": 254, "atk": 113, "def": 159, "spa": 204, "spd": 204, "spe": 204}, "types": ["Ghost"]}, "Trevenant": {"name": "Trevenant", "species": "Trevenant", "speciesId": "trevenant", "gender": "F", "shiny": false, "level": 89, "moves": ["poltergeist", "rest", "drainpunch", "hornleech"], "ability": "Natural Cure", "evs": {"hp": 85, "atk": 85, "def": 85, "spa": 85, "spd": 85, "spe": 85}, "ivs": {"hp": 31, "atk": 31, "def": 31, "spa": 31, "spd": 31, "spe": 31}, "item": "Life Orb", "teraType": "Fighting", "role": "Wallbreaker", "bvs": {"hp": 85, "atk": 110, "def": 76, "spa": 65, "spd": 82, "spe": 56}, "stats": {"hp": 296, "atk": 247, "def": 186, "spa": 166, "spd": 197, "spe": 150}, "types": ["Ghost", "Grass"]}}, {"Deoxys": {"name": "Deoxys", "species": "Deoxys-Defense", "speciesId": "deoxysdefense", "gender": "N", "shiny": false, "level": 84, "moves": ["recover", "spikes", "psychicnoise", "teleport"], "ability": "Pressure", "evs": {"hp": 85, "atk": 0, "def": 85, "spa": 85, "spd": 85, "spe": 85}, "ivs": {"hp": 31, "atk": 0, "def": 31, "spa": 31, "spd": 31, "spe": 31}, "item": "Leftovers", "teraType": "Steel", "role": "Bulky Support", "bvs": {"hp": 50, "atk": 70, "def": 160, "spa": 70, "spd": 160, "spe": 90}, "stats": {"hp": 221, "atk": 122, "def": 317, "spa": 166, "spd": 317, "spe": 199}, "types": ["Psychic"]}, "Rotom": {"name": "Rotom", "species": "Rotom-Heat", "speciesId": "rotomheat", "gender": "N", "shiny": false, "level": 83, "moves": ["discharge", "overheat", "willowisp", "voltswitch"], "ability": "Levitate", "evs": {"hp": 85, "atk": 0, "def": 85, "spa": 85, "spd": 85, "spe": 85}, "ivs": {"hp": 31, "atk": 0, "def": 31, "spa": 31, "spd": 31, "spe": 31}, "item": "Heavy-Duty Boots", "teraType": "Steel", "role": "Bulky Support", "bvs": {"hp": 50, "atk": 65, "def": 107, "spa": 105, "spd": 107, "spe": 86}, "stats": {"hp": 219, "atk": 112, "def": 225, "spa": 222, "spd": 225, "spe": 190}, "types": ["Electric", "Fire"]}, "Feraligatr": {"name": "Feraligatr", "species": "Feraligatr", "speciesId": "feraligatr", "gender": "F", "shiny": false, "level": 79, "moves": ["icepunch", "dragondance", "trailblaze", "liquidation"], "ability": "Sheer Force", "evs": {"hp": 85, "atk": 85, "def": 85, "spa": 85, "spd": 85, "spe": 85}, "ivs": {"hp": 31, "atk": 31, "def": 31, "spa": 31, "spd": 31, "spe": 31}, "item": "Life Orb", "teraType": "Water", "role": "Setup Sweeper", "bvs": {"hp": 85, "atk": 105, "def": 100, "spa": 79, "spd": 83, "spe": 78}, "stats": {"hp": 264, "atk": 211, "def": 204, "spa": 170, "spd": 177, "spe": 169}, "types": ["Water"]}, "Persian": {"name": "Persian", "species": "Persian-Alola", "speciesId": "persianalola", "gender": "F", "shiny": false, "level": 86, "moves": ["taunt", "knockoff", "thunderwave", "partingshot"], "ability": "Fur Coat", "evs": {"hp": 85, "atk": 85, "def": 85, "spa": 85, "spd": 85, "spe": 85}, "ivs": {"hp": 31, "atk": 31, "def": 31, "spa": 31, "spd": 31, "spe": 31}, "item": "Heavy-Duty Boots", "teraType": "Fairy", "role": "Fast Support", "bvs": {"hp": 65, "atk": 60, "def": 60, "spa": 75, "spd": 65, "spe": 115}, "stats": {"hp": 252, "atk": 152, "def": 152, "spa": 178, "spd": 161, "spe": 247}, "types": ["Dark"]}, "Arcanine": {"name": "Arcanine", "species": "Arcanine", "speciesId": "arcanine", "gender": "F", "shiny": false, "level": 84, "moves": ["closecombat", "extremespeed", "flareblitz", "morningsun"], "ability": "Intimidate", "evs": {"hp": 85, "atk": 85, "def": 85, "spa": 85, "spd": 85, "spe": 85}, "ivs": {"hp": 31, "atk": 31, "def": 31, "spa": 31, "spd": 31, "spe": 31}, "item": "Heavy-Duty Boots", "teraType": "Normal", "role": "Bulky Attacker", "bvs": {"hp": 90, "atk": 110, "def": 80, "spa": 100, "spd": 80, "spe": 95}, "stats": {"hp": 288, "atk": 233, "def": 183, "spa": 216, "spd": 183, "spe": 208}, "types": ["Fire"]}, "Ribombee": {"name": "Ribombee", "species": "Ribombee", "speciesId": "ribombee", "gender": "F", "shiny": false, "level": 83, "moves": ["bugbuzz", "moonblast", "quiverdance", "terablast"], "ability": "Shield Dust", "evs": {"hp": 85, "atk": 0, "def": 85, "spa": 85, "spd": 85, "spe": 85}, "ivs": {"hp": 31, "atk": 0, "def": 31, "spa": 31, "spd": 31, "spe": 31}, "item": "Heavy-Duty Boots", "teraType": "Ground", "role": "Tera Blast user", "bvs": {"hp": 60, "atk": 55, "def": 60, "spa": 95, "spd": 70, "spe": 124}, "stats": {"hp": 235, "atk": 96, "def": 147, "spa": 205, "spd": 164, "spe": 254}, "types": ["Bug", "Fairy"]}}]}