{"id": "gen9randombattle-2641890456", "format": "[Gen 9] Random Battle", "players": ["testbotcif", "Doddogama"], "log": "|j|\u2606testbotcif\n|j|\u2606Doddogama\n|t:|1782854406\n|gametype|singles\n|player|p1|testbotcif|266|1274\n|player|p2|Doddogama|li|1295\n|gen|9\n|tier|[Gen 9] Random Battle\n|rated|\n|rule|Species Clause: Limit one of each Pok\u00e9mon\n|rule|HP Percentage Mod: HP is shown in percentages\n|rule|Sleep Clause Mod: Limit one foe put to sleep\n|rule|Illusion Level Mod: Illusion disguises the Pok\u00e9mon's true level\n|\n|t:|1782854406\n|teamsize|p1|6\n|teamsize|p2|6\n|start\n|switch|p1a: Vespiquen|Vespiquen, L99, F|299/299\n|switch|p2a: Arboliva|Arboliva, L91, F|288/288\n|-ability|p1a: Vespiquen|Pressure\n|turn|1\n|inactive|Battle timer is ON: inactive players will automatically lose when time's up. (requested by testbotcif)\n|c|\u2606testbotcif|rlhf\n|\n|t:|1782854415\n|switch|p2a: Carbink|Carbink, L90|236/236\n|move|p1a: Vespiquen|Air Slash|p2a: Carbink\n|-resisted|p2a: Carbink\n|-damage|p2a: Carbink|205/236\n|\n|-heal|p2a: Carbink|219/236|[from] item: Leftovers\n|upkeep\n|turn|2\n|\n|t:|1782854420\n|switch|p1a: Palafin|Palafin, L77, F|281/281\n|move|p2a: Carbink|Rock Polish|p2a: Carbink\n|-boost|p2a: Carbink|spe|2\n|\n|-heal|p2a: Carbink|233/236|[from] item: Leftovers\n|upkeep\n|turn|3\n|\n|t:|1782854431\n|move|p2a: Carbink|Body Press|p1a: Palafin\n|-crit|p1a: Palafin\n|-damage|p1a: Palafin|112/281\n|move|p1a: Palafin|Wave Crash|p2a: Carbink\n|-supereffective|p2a: Carbink\n|-damage|p2a: Carbink|93/236\n|-damage|p1a: Palafin|66/281|[from] Recoil\n|\n|-heal|p2a: Carbink|107/236|[from] item: Leftovers\n|upkeep\n|turn|4\n|\n|t:|1782854435\n|move|p2a: Carbink|Body Press|p1a: Palafin\n|-damage|p1a: Palafin|0 fnt\n|faint|p1a: Palafin\n|\n|-heal|p2a: Carbink|121/236|[from] item: Leftovers\n|upkeep\n|\n|t:|1782854435\n|switch|p1a: Florges|Florges-White, L85, F|271/271\n|turn|5\n|\n|t:|1782854444\n|switch|p2a: Arboliva|Arboliva, L91, F|288/288\n|move|p1a: Florges|Calm Mind|p1a: Florges\n|-boost|p1a: Florges|spa|1\n|-boost|p1a: Florges|spd|1\n|\n|upkeep\n|turn|6\n|\n|t:|1782854446\n|move|p1a: Florges|Moonblast|p2a: Arboliva\n|-crit|p2a: Arboliva\n|-damage|p2a: Arboliva|83/288\n|-unboost|p2a: Arboliva|spa|1\n|-enditem|p2a: Arboliva|Sitrus Berry|[eat]\n|-heal|p2a: Arboliva|155/288|[from] item: Sitrus Berry\n|move|p2a: Arboliva|Leech Seed|p1a: Florges\n|-start|p1a: Florges|move: Leech Seed\n|\n|-damage|p1a: Florges|238/271|[from] Leech Seed|[of] p2a: Arboliva\n|-heal|p2a: Arboliva|188/288|[silent]\n|upkeep\n|turn|7\n|\n|t:|1782854458\n|move|p2a: Arboliva|Protect|p2a: Arboliva\n|-singleturn|p2a: Arboliva|Protect\n|move|p1a: Florges|Moonblast|p2a: Arboliva\n|-activate|p2a: Arboliva|move: Protect\n|\n|-heal|p1a: Florges|254/271|[from] item: Leftovers\n|-damage|p1a: Florges|221/271|[from] Leech Seed|[of] p2a: Arboliva\n|-heal|p2a: Arboliva|221/288|[silent]\n|upkeep\n|turn|8\n|\n|t:|1782854463\n|move|p1a: Florges|Moonblast|p2a: Arboliva\n|-damage|p2a: Arboliva|73/288\n|move|p2a: Arboliva|Substitute|p2a: Arboliva\n|-start|p2a: Arboliva|Substitute\n|-damage|p2a: Arboliva|1/288\n|\n|-heal|p1a: Florges|237/271|[from] item: Leftovers\n|-damage|p1a: Florges|204/271|[from] Leech Seed|[of] p2a: Arboliva\n|-heal|p2a: Arboliva|34/288|[silent]\n|-item|p2a: Arboliva|Sitrus Berry|[from] ability: Harvest\n|upkeep\n|-enditem|p2a: Arboliva|Sitrus Berry|[eat]\n|-heal|p2a: Arboliva|106/288|[from] item: Sitrus Berry\n|turn|9\n|\n|t:|1782854475\n|move|p2a: Arboliva|Protect|p2a: Arboliva\n|-singleturn|p2a: Arboliva|Protect\n|move|p1a: Florges|Moonblast|p2a: Arboliva\n|-activate|p2a: Arboliva|move: Protect\n|\n|-heal|p1a: Florges|220/271|[from] item: Leftovers\n|-damage|p1a: Florges|187/271|[from] Leech Seed|[of] p2a: Arboliva\n|-heal|p2a: Arboliva|139/288|[silent]\n|-item|p2a: Arboliva|Sitrus Berry|[from] ability: Harvest\n|upkeep\n|-enditem|p2a: Arboliva|Sitrus Berry|[eat]\n|-heal|p2a: Arboliva|211/288|[from] item: Sitrus Berry\n|turn|10\n|\n|t:|1782854484\n|move|p1a: Florges|Moonblast|p2a: Arboliva\n|-end|p2a: Arboliva|Substitute\n|move|p2a: Arboliva|Hyper Voice|p1a: Florges\n|-damage|p1a: Florges|145/271\n|\n|-heal|p1a: Florges|161/271|[from] item: Leftovers\n|-damage|p1a: Florges|128/271|[from] Leech Seed|[of] p2a: Arboliva\n|-heal|p2a: Arboliva|244/288|[silent]\n|upkeep\n|turn|11\n|\n|t:|1782854492\n|move|p2a: Arboliva|Protect|p2a: Arboliva\n|-singleturn|p2a: Arboliva|Protect\n|move|p1a: Florges|Synthesis|p1a: Florges\n|-heal|p1a: Florges|263/271\n|\n|-heal|p1a: Florges|271/271|[from] item: Leftovers\n|-damage|p1a: Florges|238/271|[from] Leech Seed|[of] p2a: Arboliva\n|-heal|p2a: Arboliva|277/288|[silent]\n|-item|p2a: Arboliva|Sitrus Berry|[from] ability: Harvest\n|upkeep\n|turn|12\n|\n|t:|1782854497\n|move|p1a: Florges|Calm Mind|p1a: Florges\n|-boost|p1a: Florges|spa|1\n|-boost|p1a: Florges|spd|1\n|move|p2a: Arboliva|Substitute|p2a: Arboliva\n|-start|p2a: Arboliva|Substitute\n|-damage|p2a: Arboliva|205/288\n|\n|-heal|p1a: Florges|254/271|[from] item: Leftovers\n|-damage|p1a: Florges|221/271|[from] Leech Seed|[of] p2a: Arboliva\n|-heal|p2a: Arboliva|238/288|[silent]\n|upkeep\n|turn|13\n|\n|t:|1782854511\n|move|p2a: Arboliva|Protect|p2a: Arboliva\n|-singleturn|p2a: Arboliva|Protect\n|move|p1a: Florges|Calm Mind|p1a: Florges\n|-boost|p1a: Florges|spa|1\n|-boost|p1a: Florges|spd|1\n|\n|-heal|p1a: Florges|237/271|[from] item: Leftovers\n|-damage|p1a: Florges|204/271|[from] Leech Seed|[of] p2a: Arboliva\n|-heal|p2a: Arboliva|271/288|[silent]\n|upkeep\n|turn|14\n|\n|t:|1782854518\n|move|p1a: Florges|Moonblast|p2a: Arboliva\n|-end|p2a: Arboliva|Substitute\n|move|p2a: Arboliva|Hyper Voice|p1a: Florges\n|-damage|p1a: Florges|180/271\n|\n|-heal|p1a: Florges|196/271|[from] item: Leftovers\n|-damage|p1a: Florges|163/271|[from] Leech Seed|[of] p2a: Arboliva\n|-heal|p2a: Arboliva|288/288|[silent]\n|upkeep\n|turn|15\n|\n|t:|1782854539\n|move|p1a: Florges|Moonblast|p2a: Arboliva\n|-damage|p2a: Arboliva|62/288\n|-enditem|p2a: Arboliva|Sitrus Berry|[eat]\n|-heal|p2a: Arboliva|134/288|[from] item: Sitrus Berry\n|move|p2a: Arboliva|Hyper Voice|p1a: Florges\n|-damage|p1a: Florges|139/271\n|\n|-heal|p1a: Florges|155/271|[from] item: Leftovers\n|-damage|p1a: Florges|122/271|[from] Leech Seed|[of] p2a: Arboliva\n|-heal|p2a: Arboliva|167/288|[silent]\n|-item|p2a: Arboliva|Sitrus Berry|[from] ability: Harvest\n|upkeep\n|turn|16\n|\n|t:|1782854544\n|switch|p2a: Torterra|Torterra, L78, F|276/276\n|move|p1a: Florges|Synthesis|p1a: Florges\n|-heal|p1a: Florges|257/271\n|\n|-heal|p1a: Florges|271/271|[from] item: Leftovers\n|-damage|p1a: Florges|238/271|[from] Leech Seed|[of] p2a: Torterra\n|upkeep\n|turn|17\n|\n|t:|1782854556\n|move|p1a: Florges|Moonblast|p2a: Torterra\n|-damage|p2a: Torterra|0 fnt\n|faint|p2a: Torterra\n|\n|-heal|p1a: Florges|254/271|[from] item: Leftovers\n|upkeep\n|\n|t:|1782854567\n|switch|p2a: Spiritomb|Spiritomb, L89, M|234/234\n|turn|18\n|\n|t:|1782854576\n|-terastallize|p2a: Spiritomb|Poison\n|move|p1a: Florges|Moonblast|p2a: Spiritomb\n|-resisted|p2a: Spiritomb\n|-damage|p2a: Spiritomb|117/234\n|move|p2a: Spiritomb|Poltergeist|p1a: Florges\n|-activate|p1a: Florges|move: Poltergeist|Leftovers\n|-damage|p1a: Florges|104/271\n|\n|-heal|p1a: Florges|120/271|[from] item: Leftovers\n|-heal|p2a: Spiritomb|131/234|[from] item: Leftovers\n|-damage|p1a: Florges|87/271|[from] Leech Seed|[of] p2a: Spiritomb\n|-heal|p2a: Spiritomb|164/234|[silent]\n|upkeep\n|turn|19\n|\n|t:|1782854588\n|move|p1a: Florges|Synthesis|p1a: Florges\n|-heal|p1a: Florges|222/271\n|move|p2a: Spiritomb|Poltergeist|p1a: Florges\n|-activate|p1a: Florges|move: Poltergeist|Leftovers\n|-damage|p1a: Florges|71/271\n|\n|-heal|p1a: Florges|87/271|[from] item: Leftovers\n|-heal|p2a: Spiritomb|178/234|[from] item: Leftovers\n|-damage|p1a: Florges|54/271|[from] Leech Seed|[of] p2a: Spiritomb\n|-heal|p2a: Spiritomb|211/234|[silent]\n|upkeep\n|turn|20\n|\n|t:|1782854598\n|move|p1a: Florges|Moonblast|p2a: Spiritomb\n|-resisted|p2a: Spiritomb\n|-damage|p2a: Spiritomb|92/234\n|-unboost|p2a: Spiritomb|spa|1\n|move|p2a: Spiritomb|Poltergeist|p1a: Florges\n|-activate|p1a: Florges|move: Poltergeist|Leftovers\n|-damage|p1a: Florges|0 fnt\n|faint|p1a: Florges\n|\n|-heal|p2a: Spiritomb|106/234|[from] item: Leftovers\n|upkeep\n|\n|t:|1782854598\n|switch|p1a: Bombirdier|Bombirdier, L85, F|258/258\n|turn|21\n|\n|t:|1782854607\n|move|p1a: Bombirdier|Knock Off|p2a: Spiritomb\n|-damage|p2a: Spiritomb|0 fnt\n|-enditem|p2a: Spiritomb|Leftovers|[from] move: Knock Off|[of] p1a: Bombirdier\n|faint|p2a: Spiritomb\n|\n|upkeep\n|\n|t:|1782854612\n|switch|p2a: Carbink|Carbink, L90|121/236\n|turn|22\n|\n|t:|1782854617\n|switch|p1a: Virizion|Virizion, L82|283/283\n|move|p2a: Carbink|Moonblast|p1a: Virizion\n|-supereffective|p1a: Virizion\n|-damage|p1a: Virizion|173/283\n|\n|-heal|p2a: Carbink|135/236|[from] item: Leftovers\n|upkeep\n|turn|23\n|\n|t:|1782854629\n|move|p1a: Virizion|Swords Dance|p1a: Virizion\n|-boost|p1a: Virizion|atk|2\n|move|p2a: Carbink|Iron Defense|p2a: Carbink\n|-boost|p2a: Carbink|def|2\n|\n|-heal|p2a: Carbink|149/236|[from] item: Leftovers\n|upkeep\n|turn|24\n|\n|t:|1782854631\n|move|p1a: Virizion|Leaf Blade|p2a: Carbink\n|-supereffective|p2a: Carbink\n|-damage|p2a: Carbink|6/236\n|-damage|p1a: Virizion|145/283|[from] item: Life Orb\n|move|p2a: Carbink|Rock Polish|p2a: Carbink\n|-boost|p2a: Carbink|spe|2\n|\n|-heal|p2a: Carbink|20/236|[from] item: Leftovers\n|upkeep\n|turn|25\n|\n|t:|1782854637\n|move|p2a: Carbink|Moonblast|p1a: Virizion\n|-supereffective|p1a: Virizion\n|-damage|p1a: Virizion|37/283\n|move|p1a: Virizion|Leaf Blade|p2a: Carbink\n|-supereffective|p2a: Carbink\n|-damage|p2a: Carbink|0 fnt\n|faint|p2a: Carbink\n|-damage|p1a: Virizion|9/283|[from] item: Life Orb\n|\n|upkeep\n|\n|t:|1782854646\n|switch|p2a: Arboliva|Arboliva, L91, F|167/288\n|turn|26\n|\n|t:|1782854656\n|move|p2a: Arboliva|Protect|p2a: Arboliva\n|-singleturn|p2a: Arboliva|Protect\n|move|p1a: Virizion|Close Combat|p2a: Arboliva\n|-activate|p2a: Arboliva|move: Protect\n|\n|upkeep\n|turn|27\n|\n|t:|1782854668\n|move|p1a: Virizion|Close Combat|p2a: Arboliva\n|-supereffective|p2a: Arboliva\n|-damage|p2a: Arboliva|0 fnt\n|-unboost|p1a: Virizion|def|1\n|-unboost|p1a: Virizion|spd|1\n|faint|p2a: Arboliva\n|-damage|p1a: Virizion|0 fnt|[from] item: Life Orb\n|faint|p1a: Virizion\n|\n|upkeep\n|\n|t:|1782854680\n|switch|p1a: Cryogonal|Cryogonal, L89|287/287\n|switch|p2a: Vaporeon|Vaporeon, L86, M|364/364\n|turn|28\n|\n|t:|1782854686\n|move|p1a: Cryogonal|Freeze-Dry|p2a: Vaporeon\n|-supereffective|p2a: Vaporeon\n|-damage|p2a: Vaporeon|214/364\n|move|p2a: Vaporeon|Scald|p1a: Cryogonal\n|-damage|p1a: Cryogonal|224/287\n|-status|p1a: Cryogonal|brn\n|\n|-heal|p2a: Vaporeon|236/364|[from] item: Leftovers\n|-damage|p1a: Cryogonal|207/287 brn|[from] brn\n|upkeep\n|turn|29\n|\n|t:|1782854693\n|move|p1a: Cryogonal|Freeze-Dry|p2a: Vaporeon\n|-supereffective|p2a: Vaporeon\n|-damage|p2a: Vaporeon|98/364\n|move|p2a: Vaporeon|Wish|p2a: Vaporeon\n|\n|-heal|p2a: Vaporeon|120/364|[from] item: Leftovers\n|-damage|p1a: Cryogonal|190/287 brn|[from] brn\n|upkeep\n|turn|30\n|\n|t:|1782854698\n|move|p2a: Vaporeon|Protect|p2a: Vaporeon\n|-singleturn|p2a: Vaporeon|Protect\n|move|p1a: Cryogonal|Freeze-Dry|p2a: Vaporeon\n|-activate|p2a: Vaporeon|move: Protect\n|\n|-heal|p2a: Vaporeon|302/364|[from] move: Wish|[wisher] Vaporeon\n|-heal|p2a: Vaporeon|324/364|[from] item: Leftovers\n|-damage|p1a: Cryogonal|173/287 brn|[from] brn\n|upkeep\n|turn|31\n|\n|t:|1782854703\n|move|p1a: Cryogonal|Freeze-Dry|p2a: Vaporeon\n|-supereffective|p2a: Vaporeon\n|-damage|p2a: Vaporeon|160/364\n|move|p2a: Vaporeon|Wish|p2a: Vaporeon\n|\n|-heal|p2a: Vaporeon|182/364|[from] item: Leftovers\n|-damage|p1a: Cryogonal|156/287 brn|[from] brn\n|upkeep\n|turn|32\n|\n|t:|1782854707\n|move|p1a: Cryogonal|Freeze-Dry|p2a: Vaporeon\n|-supereffective|p2a: Vaporeon\n|-damage|p2a: Vaporeon|24/364\n|-status|p2a: Vaporeon|frz\n|-curestatus|p2a: Vaporeon|frz|[from] move: Scald\n|move|p2a: Vaporeon|Scald|p1a: Cryogonal\n|-damage|p1a: Cryogonal|90/287 brn\n|\n|-heal|p2a: Vaporeon|206/364|[from] move: Wish|[wisher] Vaporeon\n|-heal|p2a: Vaporeon|228/364|[from] item: Leftovers\n|-damage|p1a: Cryogonal|73/287 brn|[from] brn\n|upkeep\n|turn|33\n|\n|t:|1782854720\n|move|p1a: Cryogonal|Freeze-Dry|p2a: Vaporeon\n|-supereffective|p2a: Vaporeon\n|-damage|p2a: Vaporeon|78/364\n|-status|p2a: Vaporeon|frz\n|cant|p2a: Vaporeon|frz\n|\n|-heal|p2a: Vaporeon|100/364 frz|[from] item: Leftovers\n|-damage|p1a: Cryogonal|56/287 brn|[from] brn\n|upkeep\n|turn|34\n|\n|t:|1782854727\n|move|p1a: Cryogonal|Freeze-Dry|p2a: Vaporeon\n|-supereffective|p2a: Vaporeon\n|-damage|p2a: Vaporeon|0 fnt\n|faint|p2a: Vaporeon\n|\n|-damage|p1a: Cryogonal|39/287 brn|[from] brn\n|upkeep\n|\n|t:|1782854730\n|switch|p2a: Goodra|Goodra, L85, M|292/292\n|turn|35\n|\n|t:|1782854739\n|move|p1a: Cryogonal|Freeze-Dry|p2a: Goodra\n|-supereffective|p2a: Goodra\n|-damage|p2a: Goodra|220/292\n|move|p2a: Goodra|Knock Off|p1a: Cryogonal\n|-damage|p1a: Cryogonal|0 fnt\n|-enditem|p1a: Cryogonal|Heavy-Duty Boots|[from] move: Knock Off|[of] p2a: Goodra\n|faint|p1a: Cryogonal\n|\n|upkeep\n|\n|t:|1782854740\n|switch|p1a: Bombirdier|Bombirdier, L85, F|258/258\n|turn|36\n|\n|t:|1782854744\n|move|p1a: Bombirdier|Brave Bird|p2a: Goodra\n|-damage|p2a: Goodra|0 fnt\n|faint|p2a: Goodra\n|-damage|p1a: Bombirdier|185/258|[from] Recoil\n|\n|win|testbotcif\n|raw|testbotcif's rating: 1274 &rarr; <strong>1301</strong><br />(+27 for winning)\n|raw|Doddogama's rating: 1295 &rarr; <strong>1268</strong><br />(-27 for losing)\n", "inputlog": ">version f8ac14003a5f27e1bdc8d8c59608a773c1cb96e5\n>start {\"formatid\":\"gen9randombattle\",\"seed\":\"sodium,d4ef614177f01e696d333cdb1cb47528\",\"rated\":\"Rated battle\"}\n>player p1 {\"name\":\"testbotcif\",\"avatar\":\"266\",\"rating\":1274,\"seed\":\"sodium,05869f52ac6061d997a61b91d804f2eb\"}\n>player p2 {\"name\":\"Doddogama\",\"avatar\":\"li\",\"rating\":1295,\"seed\":\"sodium,3d4d0b7cec0956b38eabca6a194731b9\"}\n>chat \u2606testbotcif|rlhf\n>p1 move airslash\n>p2 switch 2\n>p1 switch 5\n>p2 move rockpolish\n>p1 move wavecrash\n>p2 move bodypress\n>p1 move wavecrash\n>p2 move bodypress\n>p1 switch 4\n>p1 move calmmind\n>p2 switch 2\n>p1 move moonblast\n>p2 move leechseed\n>p1 move moonblast\n>p2 move protect\n>p1 move moonblast\n>p2 move substitute\n>p1 move moonblast\n>p2 move protect\n>p1 move moonblast\n>p2 move hypervoice\n>p1 move synthesis\n>p2 move protect\n>p1 move calmmind\n>p2 move substitute\n>p1 move calmmind\n>p2 move protect\n>p1 move moonblast\n>p2 move hypervoice\n>p1 move moonblast\n>p2 move hypervoice\n>p1 move synthesis\n>p2 switch 4\n>p1 move moonblast\n>p2 move shellsmash\n>p2 switch 3\n>p1 move moonblast\n>p2 move poltergeist terastallize\n>p1 move synthesis\n>p2 move poltergeist\n>p1 move moonblast\n>p2 move poltergeist\n>p1 switch 6\n>p1 move knockoff\n>p2 move toxic\n>p2 switch 2\n>p1 switch 2\n>p2 move moonblast\n>p1 move swordsdance\n>p2 move irondefense\n>p1 move leafblade\n>p2 move rockpolish\n>p1 move leafblade\n>p2 move moonblast\n>p2 switch 4\n>p1 move closecombat\n>p2 move protect\n>p1 move closecombat\n>p2 move hypervoice\n>p1 switch 3\n>p2 switch 6\n>p1 move freezedry\n>p2 move scald\n>p1 move freezedry\n>p2 move wish\n>p1 move freezedry\n>p2 move protect\n>p1 move freezedry\n>p2 move wish\n>p1 move freezedry\n>p2 move scald\n>p1 move freezedry\n>p2 move wish\n>p1 move freezedry\n>p2 move scald\n>p2 switch 5\n>p1 move freezedry\n>p2 move knockoff\n>p1 switch 2\n>p1 move bravebird\n>p2 move sludgebomb", "uploadtime": 1782854744, "views": 11, "formatid": "gen9randombattle", "rating": 1268, "private": 0, "password": null, "player_dets": [{"name": "testbotcif", "avatar": "266", "rating": 1274, "seed": "sodium,05869f52ac6061d997a61b91d804f2eb"}, {"name": "Doddogama", "avatar": "li", "rating": 1295, "seed": "sodium,3d4d0b7cec0956b38eabca6a194731b9"}], "teams_full": [{"Vespiquen": {"name": "Vespiquen", "species": "Vespiquen", "speciesId": "vespiquen", "gender": "F", "shiny": false, "level": 99, "moves": ["airslash", "spikes", "toxicspikes", "roost"], "ability": "Pressure", "evs": {"hp": 85, "atk": 0, "def": 85, "spa": 85, "spd": 85, "spe": 85}, "ivs": {"hp": 31, "atk": 0, "def": 31, "spa": 31, "spd": 31, "spe": 31}, "item": "Heavy-Duty Boots", "teraType": "Steel", "role": "Bulky Support", "bvs": {"hp": 70, "atk": 80, "def": 102, "spa": 80, "spd": 102, "spe": 40}, "stats": {"hp": 299, "atk": 163, "def": 258, "spa": 214, "spd": 258, "spe": 135}, "types": ["Bug", "Flying"]}, "Virizion": {"name": "Virizion", "species": "Virizion", "speciesId": "virizion", "gender": "N", "shiny": false, "level": 82, "moves": ["leafblade", "stoneedge", "swordsdance", "closecombat"], "ability": "Justified", "evs": {"hp": 85, "atk": 85, "def": 85, "spa": 85, "spd": 85, "spe": 85}, "ivs": {"hp": 31, "atk": 31, "def": 31, "spa": 31, "spd": 31, "spe": 31}, "item": "Life Orb", "teraType": "Rock", "role": "Setup Sweeper", "bvs": {"hp": 91, "atk": 90, "def": 72, "spa": 90, "spd": 129, "spe": 108}, "stats": {"hp": 283, "atk": 195, "def": 165, "spa": 195, "spd": 259, "spe": 224}, "types": ["Grass", "Fighting"]}, "Cryogonal": {"name": "Cryogonal", "species": "Cryogonal", "speciesId": "cryogonal", "gender": "N", "shiny": false, "level": 89, "moves": ["freezedry", "recover", "haze", "rapidspin"], "ability": "Levitate", "evs": {"hp": 85, "atk": 85, "def": 85, "spa": 85, "spd": 85, "spe": 85}, "ivs": {"hp": 31, "atk": 31, "def": 31, "spa": 31, "spd": 31, "spe": 31}, "item": "Heavy-Duty Boots", "teraType": "Steel", "role": "Bulky Support", "bvs": {"hp": 80, "atk": 50, "def": 50, "spa": 95, "spd": 135, "spe": 105}, "stats": {"hp": 287, "atk": 140, "def": 140, "spa": 220, "spd": 291, "spe": 238}, "types": ["Ice"]}, "Florges": {"name": "Florges", "species": "Florges-White", "speciesId": "florges", "gender": "F", "shiny": false, "level": 85, "moves": ["calmmind", "terablast", "synthesis", "moonblast"], "ability": "Flower Veil", "evs": {"hp": 85, "atk": 0, "def": 85, "spa": 85, "spd": 85, "spe": 85}, "ivs": {"hp": 31, "atk": 0, "def": 31, "spa": 31, "spd": 31, "spe": 31}, "item": "Leftovers", "teraType": "Ground", "role": "Tera Blast user", "bvs": {"hp": 78, "atk": 65, "def": 68, "spa": 112, "spd": 154, "spe": 75}, "stats": {"hp": 271, "atk": 115, "def": 164, "spa": 239, "spd": 311, "spe": 176}, "types": ["Fairy"]}, "Palafin": {"name": "Palafin", "species": "Palafin", "speciesId": "palafin", "gender": "F", "shiny": false, "level": 77, "moves": ["flipturn", "wavecrash", "jetpunch", "closecombat"], "ability": "Zero to Hero", "evs": {"hp": 85, "atk": 85, "def": 85, "spa": 85, "spd": 85, "spe": 85}, "ivs": {"hp": 31, "atk": 31, "def": 31, "spa": 31, "spd": 31, "spe": 31}, "item": "Choice Band", "teraType": "Water", "role": "Wallbreaker", "bvs": {"hp": 100, "atk": 70, "def": 72, "spa": 53, "spd": 62, "spe": 100}, "stats": {"hp": 281, "atk": 152, "def": 155, "spa": 126, "spd": 140, "spe": 199}, "types": ["Water"]}, "Bombirdier": {"name": "Bombirdier", "species": "Bombirdier", "speciesId": "bombirdier", "gender": "F", "shiny": false, "level": 85, "moves": ["knockoff", "suckerpunch", "stoneedge", "bravebird"], "ability": "Rocky Payload", "evs": {"hp": 85, "atk": 85, "def": 85, "spa": 85, "spd": 85, "spe": 85}, "ivs": {"hp": 31, "atk": 31, "def": 31, "spa": 31, "spd": 31, "spe": 31}, "item": "Choice Band", "teraType": "Rock", "role": "Fast Attacker", "bvs": {"hp": 70, "atk": 103, "def": 85, "spa": 60, "spd": 85, "spe": 82}, "stats": {"hp": 258, "atk": 224, "def": 193, "spa": 151, "spd": 193, "spe": 188}, "types": ["Flying", "Dark"]}}, {"Arboliva": {"name": "Arboliva", "species": "Arboliva", "speciesId": "arboliva", "gender": "F", "shiny": false, "level": 91, "moves": ["substitute", "protect", "hypervoice", "leechseed"], "ability": "Harvest", "evs": {"hp": 77, "atk": 0, "def": 85, "spa": 85, "spd": 85, "spe": 85}, "ivs": {"hp": 31, "atk": 0, "def": 31, "spa": 31, "spd": 31, "spe": 31}, "item": "Sitrus Berry", "teraType": "Water", "role": "Bulky Support", "bvs": {"hp": 78, "atk": 69, "def": 90, "spa": 125, "spd": 109, "spe": 39}, "stats": {"hp": 288, "atk": 130, "def": 216, "spa": 279, "spd": 250, "spe": 123}, "types": ["Grass", "Normal"]}, "Carbink": {"name": "Carbink", "species": "Carbink", "speciesId": "carbink", "gender": "N", "shiny": false, "level": 90, "moves": ["bodypress", "irondefense", "moonblast", "rockpolish"], "ability": "Clear Body", "evs": {"hp": 85, "atk": 0, "def": 85, "spa": 85, "spd": 85, "spe": 85}, "ivs": {"hp": 31, "atk": 0, "def": 31, "spa": 31, "spd": 31, "spe": 31}, "item": "Leftovers", "teraType": "Fighting", "role": "Fast Bulky Setup", "bvs": {"hp": 50, "atk": 50, "def": 150, "spa": 50, "spd": 150, "spe": 50}, "stats": {"hp": 236, "atk": 95, "def": 321, "spa": 141, "spd": 321, "spe": 141}, "types": ["Rock", "Fairy"]}, "Spiritomb": {"name": "Spiritomb", "species": "Spiritomb", "speciesId": "spiritomb", "gender": "M", "shiny": false, "level": 89, "moves": ["foulplay", "toxic", "suckerpunch", "poltergeist"], "ability": "Infiltrator", "evs": {"hp": 85, "atk": 85, "def": 85, "spa": 85, "spd": 85, "spe": 85}, "ivs": {"hp": 31, "atk": 31, "def": 31, "spa": 31, "spd": 31, "spe": 31}, "item": "Leftovers", "teraType": "Poison", "role": "Bulky Support", "bvs": {"hp": 50, "atk": 92, "def": 108, "spa": 92, "spd": 108, "spe": 35}, "stats": {"hp": 234, "atk": 215, "def": 243, "spa": 215, "spd": 243, "spe": 113}, "types": ["Ghost", "Dark"]}, "Torterra": {"name": "Torterra", "species": "Torterra", "speciesId": "torterra", "gender": "F", "shiny": false, "level": 78, "moves": ["headlongrush", "bulletseed", "rockblast", "shellsmash"], "ability": "Overgrow", "evs": {"hp": 85, "atk": 85, "def": 85, "spa": 85, "spd": 85, "spe": 85}, "ivs": {"hp": 31, "atk": 31, "def": 31, "spa": 31, "spd": 31, "spe": 31}, "item": "Loaded Dice", "teraType": "Rock", "role": "Setup Sweeper", "bvs": {"hp": 95, "atk": 109, "def": 105, "spa": 75, "spd": 85, "spe": 56}, "stats": {"hp": 276, "atk": 215, "def": 209, "spa": 162, "spd": 178, "spe": 132}, "types": ["Grass", "Ground"]}, "Goodra": {"name": "Goodra", "species": "Goodra", "speciesId": "goodra", "gender": "M", "shiny": false, "level": 85, "moves": ["sludgebomb", "powerwhip", "knockoff", "dracometeor"], "ability": "Sap Sipper", "evs": {"hp": 85, "atk": 85, "def": 85, "spa": 85, "spd": 85, "spe": 85}, "ivs": {"hp": 31, "atk": 31, "def": 31, "spa": 31, "spd": 31, "spe": 31}, "item": "Assault Vest", "teraType": "Steel", "role": "AV Pivot", "bvs": {"hp": 90, "atk": 100, "def": 70, "spa": 110, "spd": 150, "spe": 80}, "stats": {"hp": 292, "atk": 219, "def": 168, "spa": 236, "spd": 304, "spe": 185}, "types": ["Dragon"]}, "Vaporeon": {"name": "Vaporeon", "species": "Vaporeon", "speciesId": "vaporeon", "gender": "M", "shiny": false, "level": 86, "moves": ["protect", "scald", "icebeam", "wish"], "ability": "Water Absorb", "evs": {"hp": 85, "atk": 0, "def": 85, "spa": 85, "spd": 85, "spe": 85}, "ivs": {"hp": 31, "atk": 0, "def": 31, "spa": 31, "spd": 31, "spe": 31}, "item": "Leftovers", "teraType": "Ghost", "role": "Bulky Support", "bvs": {"hp": 130, "atk": 65, "def": 60, "spa": 110, "spd": 95, "spe": 65}, "stats": {"hp": 364, "atk": 116, "def": 152, "spa": 238, "spd": 213, "spe": 161}, "types": ["Water"]}}]}