{"id": "gen9randombattle-2642111579", "format": "[Gen 9] Random Battle", "players": ["iwanrung", "Master haibao"], "log": "|j|\u2606iwanrung\n|j|\u2606Master haibao\n|t:|1782892408\n|gametype|singles\n|player|p1|iwanrung|169|1766\n|player|p2|Master haibao|n|1683\n|gen|9\n|tier|[Gen 9] Random Battle\n|rated|\n|rule|Species Clause: Limit one of each Pok\u00e9mon\n|rule|HP Percentage Mod: HP is shown in percentages\n|rule|Sleep Clause Mod: Limit one foe put to sleep\n|rule|Illusion Level Mod: Illusion disguises the Pok\u00e9mon's true level\n|\n|t:|1782892408\n|teamsize|p1|6\n|teamsize|p2|6\n|start\n|switch|p1a: Chi-Yu|Chi-Yu, L77|211/211\n|switch|p2a: Abomasnow|Abomasnow, L84, F|287/287\n|-ability|p1a: Chi-Yu|Beads of Ruin\n|-weather|Snowscape|[from] ability: Snow Warning|[of] p2a: Abomasnow\n|turn|1\n|inactive|Battle timer is ON: inactive players will automatically lose when time's up. (requested by Master haibao)\n|\n|t:|1782892414\n|move|p1a: Chi-Yu|Fire Blast|p2a: Abomasnow|[miss]\n|-miss|p1a: Chi-Yu|p2a: Abomasnow\n|move|p2a: Abomasnow|Aurora Veil|p2a: Abomasnow\n|-sidestart|p2: Master haibao|move: Aurora Veil\n|\n|-weather|Snowscape|[upkeep]\n|upkeep\n|turn|2\n|\n|t:|1782892418\n|move|p1a: Chi-Yu|Fire Blast|p2a: Abomasnow|[miss]\n|-miss|p1a: Chi-Yu|p2a: Abomasnow\n|move|p2a: Abomasnow|Earthquake|p1a: Chi-Yu\n|-supereffective|p1a: Chi-Yu\n|-damage|p1a: Chi-Yu|47/211\n|\n|-weather|Snowscape|[upkeep]\n|upkeep\n|turn|3\n|\n|t:|1782892426\n|switch|p2a: Toxapex|Toxapex, L82, M|216/216\n|move|p1a: Chi-Yu|Fire Blast|p2a: Toxapex\n|-resisted|p2a: Toxapex\n|-damage|p2a: Toxapex|185/216\n|\n|-weather|Snowscape|[upkeep]\n|-heal|p2a: Toxapex|198/216|[from] item: Leftovers\n|upkeep\n|turn|4\n|c|\u2606iwanrung|cool bro\n|\n|t:|1782892434\n|move|p1a: Chi-Yu|Nasty Plot|p1a: Chi-Yu\n|-boost|p1a: Chi-Yu|spa|2\n|move|p2a: Toxapex|Liquidation|p1a: Chi-Yu\n|-supereffective|p1a: Chi-Yu\n|-damage|p1a: Chi-Yu|0 fnt\n|faint|p1a: Chi-Yu\n|\n|-weather|Snowscape|[upkeep]\n|-heal|p2a: Toxapex|211/216|[from] item: Leftovers\n|upkeep\n|\n|t:|1782892450\n|switch|p1a: Dragonite|Dragonite, L74, M|257/257\n|turn|5\n|\n|t:|1782892452\n|move|p1a: Dragonite|Dragon Dance|p1a: Dragonite\n|-boost|p1a: Dragonite|atk|1\n|-boost|p1a: Dragonite|spe|1\n|move|p2a: Toxapex|Toxic|p1a: Dragonite\n|-status|p1a: Dragonite|tox\n|\n|-weather|none\n|-heal|p2a: Toxapex|216/216|[from] item: Leftovers\n|-damage|p1a: Dragonite|241/257 tox|[from] psn\n|upkeep\n|turn|6\n|\n|t:|1782892458\n|move|p1a: Dragonite|Dragon Dance|p1a: Dragonite\n|-boost|p1a: Dragonite|atk|1\n|-boost|p1a: Dragonite|spe|1\n|move|p2a: Toxapex|Haze|p2a: Toxapex\n|-clearallboost\n|\n|-damage|p1a: Dragonite|209/257 tox|[from] psn\n|upkeep\n|turn|7\n|\n|t:|1782892464\n|move|p1a: Dragonite|Dragon Dance|p1a: Dragonite\n|-boost|p1a: Dragonite|atk|1\n|-boost|p1a: Dragonite|spe|1\n|move|p2a: Toxapex|Haze|p2a: Toxapex\n|-clearallboost\n|\n|-damage|p1a: Dragonite|161/257 tox|[from] psn\n|upkeep\n|turn|8\n|\n|t:|1782892468\n|move|p1a: Dragonite|Earthquake|p2a: Toxapex\n|-supereffective|p2a: Toxapex\n|-damage|p2a: Toxapex|170/216\n|move|p2a: Toxapex|Haze|p2a: Toxapex\n|-clearallboost\n|\n|-heal|p2a: Toxapex|183/216|[from] item: Leftovers\n|-damage|p1a: Dragonite|97/257 tox|[from] psn\n|-sideend|p2: Master haibao|move: Aurora Veil\n|upkeep\n|turn|9\n|\n|t:|1782892472\n|move|p1a: Dragonite|Dragon Dance|p1a: Dragonite\n|-boost|p1a: Dragonite|atk|1\n|-boost|p1a: Dragonite|spe|1\n|move|p2a: Toxapex|Recover|p2a: Toxapex\n|-heal|p2a: Toxapex|216/216\n|\n|-damage|p1a: Dragonite|17/257 tox|[from] psn\n|upkeep\n|turn|10\n|\n|t:|1782892477\n|switch|p2a: Kilowattrel|Kilowattrel, L83, M|252/252\n|move|p1a: Dragonite|Outrage|p2a: Kilowattrel\n|-damage|p2a: Kilowattrel|0 fnt\n|faint|p2a: Kilowattrel\n|\n|-damage|p1a: Dragonite|0 fnt|[from] psn\n|faint|p1a: Dragonite\n|upkeep\n|\n|t:|1782892490\n|switch|p2a: Abomasnow|Abomasnow, L84, F|287/287\n|switch|p1a: Pelipper|Pelipper, L86, F|243/243\n|-weather|RainDance|[from] ability: Drizzle|[of] p1a: Pelipper\n|-weather|Snowscape|[from] ability: Snow Warning|[of] p2a: Abomasnow\n|turn|11\n|\n|t:|1782892498\n|move|p1a: Pelipper|Hurricane|p2a: Abomasnow\n|-supereffective|p2a: Abomasnow\n|-damage|p2a: Abomasnow|35/287\n|-start|p2a: Abomasnow|confusion\n|-activate|p2a: Abomasnow|confusion\n|-damage|p2a: Abomasnow|2/287|[from] confusion\n|\n|-weather|Snowscape|[upkeep]\n|upkeep\n|turn|12\n|\n|t:|1782892507\n|-activate|p2a: Abomasnow|confusion\n|move|p2a: Abomasnow|Ice Shard|p1a: Pelipper\n|-damage|p1a: Pelipper|203/243\n|move|p1a: Pelipper|U-turn|p2a: Abomasnow\n|-supereffective|p2a: Abomasnow\n|-damage|p2a: Abomasnow|0 fnt\n|faint|p2a: Abomasnow\n|\n|t:|1782892514\n|switch|p1a: Lucario|Lucario, L84, M|255/255|[from] U-turn\n|\n|-weather|Snowscape|[upkeep]\n|upkeep\n|\n|t:|1782892524\n|switch|p2a: Koraidon|Koraidon, L64|235/235\n|-weather|SunnyDay|[from] ability: Orichalcum Pulse|[of] p2a: Koraidon\n|-activate|p2a: Koraidon|Orichalcum Pulse|[source]\n|turn|13\n|\n|t:|1782892542\n|switch|p1a: Giratina|Giratina-Origin, L72|335/335\n|move|p2a: Koraidon|U-turn|p1a: Giratina\n|-resisted|p1a: Giratina\n|-damage|p1a: Giratina|294/335\n|\n|t:|1782892551\n|switch|p2a: Jumpluff|Jumpluff, L87, F|271/271|[from] U-turn\n|\n|-weather|SunnyDay|[upkeep]\n|upkeep\n|turn|14\n|\n|t:|1782892565\n|move|p2a: Jumpluff|Leech Seed|p1a: Giratina\n|-start|p1a: Giratina|move: Leech Seed\n|move|p1a: Giratina|Poltergeist||[still]\n|-fail|p1a: Giratina\n|\n|-weather|SunnyDay|[upkeep]\n|-damage|p1a: Giratina|253/335|[from] Leech Seed|[of] p2a: Jumpluff\n|upkeep\n|turn|15\n|\n|t:|1782892577\n|switch|p1a: Floatzel|Floatzel, L86, M|286/286\n|move|p2a: Jumpluff|Substitute|p2a: Jumpluff\n|-start|p2a: Jumpluff|Substitute\n|-damage|p2a: Jumpluff|204/271\n|\n|-weather|SunnyDay|[upkeep]\n|upkeep\n|turn|16\n|\n|t:|1782892588\n|move|p1a: Floatzel|Ice Spinner|p2a: Jumpluff\n|-supereffective|p2a: Jumpluff\n|-end|p2a: Jumpluff|Substitute\n|move|p2a: Jumpluff|Strength Sap|p1a: Floatzel\n|-unboost|p1a: Floatzel|atk|1\n|-heal|p2a: Jumpluff|271/271\n|\n|-weather|SunnyDay|[upkeep]\n|upkeep\n|turn|17\n|\n|t:|1782892599\n|-terastallize|p2a: Jumpluff|Steel\n|move|p1a: Floatzel|Ice Spinner|p2a: Jumpluff\n|-resisted|p2a: Jumpluff\n|-damage|p2a: Jumpluff|232/271\n|move|p2a: Jumpluff|Leech Seed|p1a: Floatzel\n|-start|p1a: Floatzel|move: Leech Seed\n|\n|-weather|none\n|-damage|p1a: Floatzel|251/286|[from] Leech Seed|[of] p2a: Jumpluff\n|-heal|p2a: Jumpluff|267/271|[silent]\n|upkeep\n|turn|18\n|\n|t:|1782892610\n|switch|p1a: Lucario|Lucario, L84, M|255/255\n|move|p2a: Jumpluff|Substitute|p2a: Jumpluff\n|-start|p2a: Jumpluff|Substitute\n|-damage|p2a: Jumpluff|200/271\n|\n|upkeep\n|turn|19\n|\n|t:|1782892622\n|move|p2a: Jumpluff|Leech Seed|p1a: Lucario\n|-start|p1a: Lucario|move: Leech Seed\n|move|p1a: Lucario|Close Combat|p2a: Jumpluff\n|-supereffective|p2a: Jumpluff\n|-end|p2a: Jumpluff|Substitute\n|-unboost|p1a: Lucario|def|1\n|-unboost|p1a: Lucario|spd|1\n|\n|-damage|p1a: Lucario|224/255|[from] Leech Seed|[of] p2a: Jumpluff\n|-heal|p2a: Jumpluff|231/271|[silent]\n|upkeep\n|turn|20\n|\n|t:|1782892638\n|switch|p2a: Toxapex|Toxapex, L82, M|216/216\n|switch|p1a: Pelipper|Pelipper, L86, F|203/243\n|-weather|RainDance|[from] ability: Drizzle|[of] p1a: Pelipper\n|\n|-weather|RainDance|[upkeep]\n|upkeep\n|turn|21\n|\n|t:|1782892656\n|switch|p1a: Lucario|Lucario, L84, M|224/255\n|move|p2a: Toxapex|Toxic|p1a: Lucario\n|-immune|p1a: Lucario\n|\n|-weather|RainDance|[upkeep]\n|upkeep\n|turn|22\n|\n|t:|1782892670\n|switch|p1a: Giratina|Giratina-Origin, L72|253/335\n|move|p2a: Toxapex|Liquidation|p1a: Giratina\n|-resisted|p1a: Giratina\n|-damage|p1a: Giratina|200/335\n|\n|-weather|RainDance|[upkeep]\n|upkeep\n|turn|23\n|\n|t:|1782892674\n|move|p1a: Giratina|Will-O-Wisp|p2a: Toxapex\n|-status|p2a: Toxapex|brn\n|move|p2a: Toxapex|Liquidation|p1a: Giratina\n|-resisted|p1a: Giratina\n|-damage|p1a: Giratina|175/335\n|-unboost|p1a: Giratina|def|1\n|\n|-weather|RainDance|[upkeep]\n|-damage|p2a: Toxapex|203/216 brn|[from] brn\n|upkeep\n|turn|24\n|c|\u2606iwanrung|i dont think i can break past the toxapex\n|\n|t:|1782892700\n|move|p1a: Giratina|Poltergeist|p2a: Toxapex\n|-activate|p2a: Toxapex|move: Poltergeist|Leftovers\n|-crit|p2a: Toxapex\n|-damage|p2a: Toxapex|74/216 brn\n|move|p2a: Toxapex|Toxic|p1a: Giratina\n|-status|p1a: Giratina|tox\n|\n|-weather|none\n|-heal|p2a: Toxapex|87/216 brn|[from] item: Leftovers\n|-damage|p1a: Giratina|155/335 tox|[from] psn\n|-damage|p2a: Toxapex|74/216 brn|[from] brn\n|upkeep\n|turn|25\n|\n|t:|1782892714\n|switch|p2a: Jumpluff|Jumpluff, L87, F, tera:Steel|231/271\n|move|p1a: Giratina|Draco Meteor|p2a: Jumpluff\n|-resisted|p2a: Jumpluff\n|-damage|p2a: Jumpluff|165/271\n|-unboost|p1a: Giratina|spa|2\n|\n|-damage|p1a: Giratina|115/335 tox|[from] psn\n|upkeep\n|turn|26\n|\n|t:|1782892726\n|switch|p1a: Floatzel|Floatzel, L86, M|251/286\n|move|p2a: Jumpluff|Strength Sap|p1a: Floatzel\n|-unboost|p1a: Floatzel|atk|1\n|-heal|p2a: Jumpluff|271/271\n|\n|upkeep\n|turn|27\n|\n|t:|1782892735\n|switch|p1a: Pelipper|Pelipper, L86, F|203/243\n|-weather|RainDance|[from] ability: Drizzle|[of] p1a: Pelipper\n|switch|p2a: Toxapex|Toxapex, L82, M|146/216 brn\n|\n|-weather|RainDance|[upkeep]\n|-heal|p2a: Toxapex|159/216 brn|[from] item: Leftovers\n|-damage|p2a: Toxapex|146/216 brn|[from] brn\n|upkeep\n|turn|28\n|\n|t:|1782892742\n|move|p1a: Pelipper|Hurricane|p2a: Toxapex\n|-damage|p2a: Toxapex|62/216 brn\n|move|p2a: Toxapex|Recover|p2a: Toxapex\n|-heal|p2a: Toxapex|170/216 brn\n|\n|-weather|RainDance|[upkeep]\n|-heal|p2a: Toxapex|183/216 brn|[from] item: Leftovers\n|-damage|p2a: Toxapex|170/216 brn|[from] brn\n|upkeep\n|turn|29\n|\n|t:|1782892749\n|move|p1a: Pelipper|Hurricane|p2a: Toxapex\n|-damage|p2a: Toxapex|85/216 brn\n|-start|p2a: Toxapex|confusion\n|-activate|p2a: Toxapex|confusion\n|move|p2a: Toxapex|Toxic|p1a: Pelipper\n|-status|p1a: Pelipper|tox\n|\n|-weather|RainDance|[upkeep]\n|-heal|p2a: Toxapex|98/216 brn|[from] item: Leftovers\n|-damage|p1a: Pelipper|188/243 tox|[from] psn\n|-damage|p2a: Toxapex|85/216 brn|[from] brn\n|upkeep\n|turn|30\n|\n|t:|1782892756\n|switch|p2a: Jumpluff|Jumpluff, L87, F, tera:Steel|271/271\n|move|p1a: Pelipper|Hurricane|p2a: Jumpluff\n|-resisted|p2a: Jumpluff\n|-damage|p2a: Jumpluff|217/271\n|\n|-weather|RainDance|[upkeep]\n|-damage|p1a: Pelipper|158/243 tox|[from] psn\n|upkeep\n|turn|31\n|\n|t:|1782892761\n|move|p2a: Jumpluff|Substitute|p2a: Jumpluff\n|-start|p2a: Jumpluff|Substitute\n|-damage|p2a: Jumpluff|150/271\n|move|p1a: Pelipper|Surf|p2a: Jumpluff\n|-end|p2a: Jumpluff|Substitute\n|\n|-weather|none\n|-damage|p1a: Pelipper|113/243 tox|[from] psn\n|upkeep\n|turn|32\n|\n|t:|1782892766\n|move|p2a: Jumpluff|Strength Sap|p1a: Pelipper\n|-unboost|p1a: Pelipper|atk|1\n|-heal|p2a: Jumpluff|271/271\n|move|p1a: Pelipper|Roost|p1a: Pelipper\n|-heal|p1a: Pelipper|235/243 tox\n|-singleturn|p1a: Pelipper|move: Roost\n|\n|-damage|p1a: Pelipper|175/243 tox|[from] psn\n|upkeep\n|turn|33\n|\n|t:|1782892776\n|switch|p1a: Lucario|Lucario, L84, M|224/255\n|move|p2a: Jumpluff|Substitute|p2a: Jumpluff\n|-start|p2a: Jumpluff|Substitute\n|-damage|p2a: Jumpluff|204/271\n|\n|upkeep\n|turn|34\n|\n|t:|1782892780\n|move|p2a: Jumpluff|Leech Seed|p1a: Lucario\n|-start|p1a: Lucario|move: Leech Seed\n|move|p1a: Lucario|Close Combat|p2a: Jumpluff\n|-supereffective|p2a: Jumpluff\n|-end|p2a: Jumpluff|Substitute\n|-unboost|p1a: Lucario|def|1\n|-unboost|p1a: Lucario|spd|1\n|\n|-damage|p1a: Lucario|193/255|[from] Leech Seed|[of] p2a: Jumpluff\n|-heal|p2a: Jumpluff|235/271|[silent]\n|upkeep\n|turn|35\n|\n|t:|1782892788\n|switch|p1a: Pelipper|Pelipper, L86, F|175/243 tox\n|-weather|RainDance|[from] ability: Drizzle|[of] p1a: Pelipper\n|move|p2a: Jumpluff|Acrobatics|p1a: Pelipper\n|-damage|p1a: Pelipper|106/243 tox\n|\n|-weather|RainDance|[upkeep]\n|-damage|p1a: Pelipper|91/243 tox|[from] psn\n|upkeep\n|turn|36\n|\n|t:|1782892798\n|move|p2a: Jumpluff|Strength Sap|p1a: Pelipper\n|-unboost|p1a: Pelipper|atk|1\n|-heal|p2a: Jumpluff|271/271\n|move|p1a: Pelipper|Roost|p1a: Pelipper\n|-heal|p1a: Pelipper|213/243 tox\n|-singleturn|p1a: Pelipper|move: Roost\n|\n|-weather|RainDance|[upkeep]\n|-damage|p1a: Pelipper|183/243 tox|[from] psn\n|upkeep\n|turn|37\n|\n|t:|1782892802\n|switch|p1a: Floatzel|Floatzel, L86, M|251/286\n|move|p2a: Jumpluff|Leech Seed|p1a: Floatzel\n|-start|p1a: Floatzel|move: Leech Seed\n|\n|-weather|RainDance|[upkeep]\n|-damage|p1a: Floatzel|216/286|[from] Leech Seed|[of] p2a: Jumpluff\n|upkeep\n|turn|38\n|\n|t:|1782892809\n|switch|p2a: Toxapex|Toxapex, L82, M|157/216 brn\n|move|p1a: Floatzel|Wave Crash|p2a: Toxapex\n|-resisted|p2a: Toxapex\n|-damage|p2a: Toxapex|53/216 brn\n|-damage|p1a: Floatzel|182/286|[from] Recoil\n|\n|-weather|RainDance|[upkeep]\n|-heal|p2a: Toxapex|66/216 brn|[from] item: Leftovers\n|-damage|p1a: Floatzel|147/286|[from] Leech Seed|[of] p2a: Toxapex\n|-heal|p2a: Toxapex|101/216 brn|[silent]\n|-damage|p2a: Toxapex|88/216 brn|[from] brn\n|upkeep\n|turn|39\n|\n|t:|1782892816\n|-terastallize|p1a: Floatzel|Water\n|move|p1a: Floatzel|Wave Crash|p2a: Toxapex\n|-resisted|p2a: Toxapex\n|-damage|p2a: Toxapex|0 fnt\n|faint|p2a: Toxapex\n|-damage|p1a: Floatzel|118/286|[from] Recoil\n|\n|-weather|none\n|upkeep\n|\n|t:|1782892827\n|switch|p2a: Jumpluff|Jumpluff, L87, F, tera:Steel|271/271\n|turn|40\n|\n|t:|1782892840\n|switch|p1a: Lucario|Lucario, L84, M|193/255\n|move|p2a: Jumpluff|Strength Sap|p1a: Lucario\n|-unboost|p1a: Lucario|atk|1\n|\n|upkeep\n|turn|41\n|\n|t:|1782892848\n|move|p2a: Jumpluff|Substitute|p2a: Jumpluff\n|-start|p2a: Jumpluff|Substitute\n|-damage|p2a: Jumpluff|204/271\n|move|p1a: Lucario|Close Combat|p2a: Jumpluff\n|-supereffective|p2a: Jumpluff\n|-end|p2a: Jumpluff|Substitute\n|-unboost|p1a: Lucario|def|1\n|-unboost|p1a: Lucario|spd|1\n|\n|upkeep\n|turn|42\n|\n|t:|1782892859\n|move|p2a: Jumpluff|Acrobatics|p1a: Lucario\n|-damage|p1a: Lucario|52/255\n|move|p1a: Lucario|Close Combat|p2a: Jumpluff\n|-supereffective|p2a: Jumpluff\n|-damage|p2a: Jumpluff|0 fnt\n|-unboost|p1a: Lucario|def|1\n|-unboost|p1a: Lucario|spd|1\n|faint|p2a: Jumpluff\n|\n|upkeep\n|\n|t:|1782892868\n|switch|p2a: Koraidon|Koraidon, L64|235/235\n|-weather|SunnyDay|[from] ability: Orichalcum Pulse|[of] p2a: Koraidon\n|-activate|p2a: Koraidon|Orichalcum Pulse|[source]\n|turn|43\n|\n|t:|1782892877\n|switch|p1a: Giratina|Giratina-Origin, L72|115/335 tox\n|move|p2a: Koraidon|U-turn|p1a: Giratina\n|-resisted|p1a: Giratina\n|-damage|p1a: Giratina|79/335 tox\n|\n|t:|1782892879\n|switch|p2a: Lycanroc|Lycanroc, L86, M|269/269|[from] U-turn\n|\n|-weather|SunnyDay|[upkeep]\n|-damage|p1a: Giratina|59/335 tox|[from] psn\n|upkeep\n|turn|44\n|\n|t:|1782892892\n|move|p2a: Lycanroc|Psychic Fangs|p1a: Giratina\n|-damage|p1a: Giratina|0 fnt\n|faint|p1a: Giratina\n|-damage|p2a: Lycanroc|243/269|[from] item: Life Orb\n|\n|-weather|SunnyDay|[upkeep]\n|upkeep\n|\n|t:|1782892896\n|switch|p1a: Pelipper|Pelipper, L86, F|183/243 tox\n|-weather|RainDance|[from] ability: Drizzle|[of] p1a: Pelipper\n|turn|45\n|\n|t:|1782892905\n|move|p2a: Lycanroc|Stone Edge|p1a: Pelipper|[miss]\n|-miss|p2a: Lycanroc|p1a: Pelipper\n|move|p1a: Pelipper|Surf|p2a: Lycanroc\n|-supereffective|p2a: Lycanroc\n|-damage|p2a: Lycanroc|0 fnt\n|faint|p2a: Lycanroc\n|\n|-weather|RainDance|[upkeep]\n|-damage|p1a: Pelipper|168/243 tox|[from] psn\n|upkeep\n|\n|t:|1782892907\n|switch|p2a: Koraidon|Koraidon, L64|235/235\n|-weather|SunnyDay|[from] ability: Orichalcum Pulse|[of] p2a: Koraidon\n|-activate|p2a: Koraidon|Orichalcum Pulse|[source]\n|turn|46\n|\n|t:|1782892924\n|switch|p1a: Lucario|Lucario, L84, M|52/255\n|move|p2a: Koraidon|Flare Blitz|p1a: Lucario\n|-supereffective|p1a: Lucario\n|-damage|p1a: Lucario|0 fnt\n|faint|p1a: Lucario\n|-damage|p2a: Koraidon|218/235|[from] Recoil\n|\n|-weather|SunnyDay|[upkeep]\n|upkeep\n|\n|t:|1782892930\n|switch|p1a: Pelipper|Pelipper, L86, F|168/243 tox\n|-weather|RainDance|[from] ability: Drizzle|[of] p1a: Pelipper\n|turn|47\n|\n|t:|1782892933\n|move|p2a: Koraidon|Flare Blitz|p1a: Pelipper\n|-resisted|p1a: Pelipper\n|-damage|p1a: Pelipper|146/243 tox\n|-damage|p2a: Koraidon|211/235|[from] Recoil\n|move|p1a: Pelipper|Hurricane|p2a: Koraidon\n|-supereffective|p2a: Koraidon\n|-damage|p2a: Koraidon|0 fnt\n|faint|p2a: Koraidon\n|\n|win|iwanrung\n|raw|iwanrung's rating: 1766 &rarr; <strong>1781</strong><br />(+15 for winning)\n|raw|Master haibao's rating: 1683 &rarr; <strong>1668</strong><br />(-15 for losing)\n|l|\u2606Master haibao\n|player|p2|\n|c|\u2606iwanrung|im better than you\n", "inputlog": ">version f8ac14003a5f27e1bdc8d8c59608a773c1cb96e5\n>start {\"formatid\":\"gen9randombattle\",\"seed\":\"sodium,2a04d2e7e6751c5fac89f054b5654084\",\"rated\":\"Rated battle\"}\n>player p1 {\"name\":\"iwanrung\",\"avatar\":\"169\",\"rating\":1766,\"seed\":\"sodium,d7f36b6926cb9c21736e328bf0af2d99\"}\n>player p2 {\"name\":\"Master haibao\",\"avatar\":\"n\",\"rating\":1683,\"seed\":\"sodium,4e3823918e42bb4196ede2a99b5381be\"}\n>p1 move fireblast\n>p2 move auroraveil\n>p1 move fireblast\n>p2 move earthquake\n>p1 move fireblast\n>p2 switch 6\n>chat \u2606iwanrung|cool bro\n>p1 move nastyplot\n>p2 move liquidation\n>p1 switch 3\n>p1 move dragondance\n>p2 move toxic\n>p1 move dragondance\n>p2 move haze\n>p1 move dragondance\n>p2 move haze\n>p1 move earthquake\n>p2 move haze\n>p1 move dragondance\n>p2 move recover\n>p1 move outrage\n>p2 switch 4\n>p1 switch 5\n>p2 switch 6\n>p1 move hurricane\n>p2 move auroraveil\n>p1 move uturn\n>p2 move iceshard\n>p1 switch 4\n>p2 switch 5\n>p1 switch 6\n>p2 move uturn\n>p2 switch 3\n>p1 move poltergeist\n>p2 move leechseed\n>p1 switch 2\n>p2 move substitute\n>p1 move icespinner\n>p2 move strengthsap\n>p1 move icespinner\n>p2 move leechseed terastallize\n>p1 switch 6\n>p2 move substitute\n>p1 move closecombat\n>p2 move leechseed\n>p1 switch 4\n>p2 switch 4\n>p1 switch 4\n>p2 move toxic\n>p1 switch 2\n>p2 move liquidation\n>p1 move willowisp\n>p2 move liquidation\n>chat \u2606iwanrung|i dont think i can break past the toxapex\n>p1 move poltergeist\n>p2 move toxic\n>p1 move dracometeor\n>p2 switch 4\n>p1 switch 6\n>p2 move strengthsap\n>p1 switch 4\n>p2 switch 4\n>p1 move hurricane\n>p2 move recover\n>p1 move hurricane\n>p2 move toxic\n>p1 move hurricane\n>p2 switch 4\n>p1 move surf\n>p2 move substitute\n>p1 move roost\n>p2 move strengthsap\n>p1 switch 2\n>p2 move substitute\n>p1 move closecombat\n>p2 move leechseed\n>p1 switch 2\n>p2 move acrobatics\n>p1 move roost\n>p2 move strengthsap\n>p1 switch 4\n>p2 move leechseed\n>p1 move wavecrash\n>p2 switch 4\n>p1 move wavecrash terastallize\n>p2 move recover\n>p2 switch 4\n>p1 switch 2\n>p2 move strengthsap\n>p1 move closecombat\n>p2 move substitute\n>p1 move closecombat\n>p2 move acrobatics\n>p2 switch 3\n>p1 switch 6\n>p2 move uturn\n>p2 switch 2\n>p1 move willowisp\n>p2 move psychicfangs\n>p1 switch 4\n>p1 move surf\n>p2 move stoneedge\n>p2 switch 2\n>p1 switch 6\n>p2 move flareblitz\n>p1 switch 6\n>p1 move hurricane\n>p2 move flareblitz", "uploadtime": 1782892945, "views": 15, "formatid": "gen9randombattle", "rating": 1668, "private": 0, "password": null, "player_dets": [{"name": "iwanrung", "avatar": "169", "rating": 1766, "seed": "sodium,d7f36b6926cb9c21736e328bf0af2d99"}, {"name": "Master haibao", "avatar": "n", "rating": 1683, "seed": "sodium,4e3823918e42bb4196ede2a99b5381be"}], "teams_full": [{"Chi-Yu": {"name": "Chi-Yu", "species": "Chi-Yu", "speciesId": "chiyu", "gender": "N", "shiny": false, "level": 77, "moves": ["fireblast", "psychic", "darkpulse", "nastyplot"], "ability": "Beads of Ruin", "evs": {"hp": 85, "atk": 0, "def": 85, "spa": 85, "spd": 85, "spe": 85}, "ivs": {"hp": 31, "atk": 0, "def": 31, "spa": 31, "spd": 31, "spe": 31}, "item": "Heavy-Duty Boots", "teraType": "Fire", "role": "Setup Sweeper", "bvs": {"hp": 55, "atk": 80, "def": 80, "spa": 135, "spd": 120, "spe": 100}, "stats": {"hp": 211, "atk": 128, "def": 168, "spa": 252, "spd": 229, "spe": 199}, "types": ["Dark", "Fire"]}, "Floatzel": {"name": "Floatzel", "species": "Floatzel", "speciesId": "floatzel", "gender": "M", "shiny": false, "level": 86, "moves": ["icespinner", "flipturn", "wavecrash", "crunch"], "ability": "Water Veil", "evs": {"hp": 85, "atk": 85, "def": 85, "spa": 85, "spd": 85, "spe": 85}, "ivs": {"hp": 31, "atk": 31, "def": 31, "spa": 31, "spd": 31, "spe": 31}, "item": "Choice Band", "teraType": "Water", "role": "Wallbreaker", "bvs": {"hp": 85, "atk": 105, "def": 55, "spa": 85, "spd": 50, "spe": 115}, "stats": {"hp": 286, "atk": 230, "def": 144, "spa": 195, "spd": 135, "spe": 247}, "types": ["Water"]}, "Dragonite": {"name": "Dragonite", "species": "Dragonite", "speciesId": "dragonite", "gender": "M", "shiny": false, "level": 74, "moves": ["dragondance", "outrage", "earthquake", "ironhead"], "ability": "Multiscale", "evs": {"hp": 85, "atk": 85, "def": 85, "spa": 85, "spd": 85, "spe": 85}, "ivs": {"hp": 31, "atk": 31, "def": 31, "spa": 31, "spd": 31, "spe": 31}, "item": "Heavy-Duty Boots", "teraType": "Steel", "role": "Setup Sweeper", "bvs": {"hp": 91, "atk": 134, "def": 95, "spa": 100, "spd": 100, "spe": 80}, "stats": {"hp": 257, "atk": 241, "def": 184, "spa": 191, "spd": 191, "spe": 161}, "types": ["Dragon", "Flying"]}, "Lucario": {"name": "Lucario", "species": "Lucario", "speciesId": "lucario", "gender": "M", "shiny": false, "level": 84, "moves": ["meteormash", "closecombat", "stoneedge", "extremespeed"], "ability": "Justified", "evs": {"hp": 85, "atk": 85, "def": 85, "spa": 85, "spd": 85, "spe": 85}, "ivs": {"hp": 31, "atk": 31, "def": 31, "spa": 31, "spd": 31, "spe": 31}, "item": "Choice Band", "teraType": "Normal", "role": "Fast Attacker", "bvs": {"hp": 70, "atk": 110, "def": 70, "spa": 115, "spd": 70, "spe": 90}, "stats": {"hp": 255, "atk": 233, "def": 166, "spa": 241, "spd": 166, "spe": 199}, "types": ["Fighting", "Steel"]}, "Pelipper": {"name": "Pelipper", "species": "Pelipper", "speciesId": "pelipper", "gender": "F", "shiny": false, "level": 86, "moves": ["uturn", "roost", "surf", "hurricane"], "ability": "Drizzle", "evs": {"hp": 85, "atk": 85, "def": 85, "spa": 85, "spd": 85, "spe": 85}, "ivs": {"hp": 31, "atk": 31, "def": 31, "spa": 31, "spd": 31, "spe": 31}, "item": "Heavy-Duty Boots", "teraType": "Water", "role": "Bulky Attacker", "bvs": {"hp": 60, "atk": 50, "def": 100, "spa": 95, "spd": 70, "spe": 65}, "stats": {"hp": 243, "atk": 135, "def": 221, "spa": 213, "spd": 170, "spe": 161}, "types": ["Water", "Flying"]}, "Giratina": {"name": "Giratina", "species": "Giratina-Origin", "speciesId": "giratinaorigin", "gender": "N", "shiny": false, "level": 72, "moves": ["willowisp", "defog", "poltergeist", "dracometeor"], "ability": "Levitate", "evs": {"hp": 85, "atk": 85, "def": 85, "spa": 85, "spd": 85, "spe": 85}, "ivs": {"hp": 31, "atk": 31, "def": 31, "spa": 31, "spd": 31, "spe": 31}, "item": "Griseous Core", "teraType": "Steel", "role": "Fast Attacker", "bvs": {"hp": 150, "atk": 120, "def": 100, "spa": 120, "spd": 100, "spe": 90}, "stats": {"hp": 335, "atk": 215, "def": 186, "spa": 215, "spd": 186, "spe": 172}, "types": ["Ghost", "Dragon"]}}, {"Abomasnow": {"name": "Abomasnow", "species": "Abomasnow", "speciesId": "abomasnow", "gender": "F", "shiny": false, "level": 84, "moves": ["auroraveil", "blizzard", "iceshard", "earthquake"], "ability": "Snow Warning", "evs": {"hp": 77, "atk": 85, "def": 85, "spa": 85, "spd": 85, "spe": 85}, "ivs": {"hp": 31, "atk": 31, "def": 31, "spa": 31, "spd": 31, "spe": 31}, "item": "Light Clay", "teraType": "Ghost", "role": "Bulky Support", "bvs": {"hp": 90, "atk": 92, "def": 75, "spa": 92, "spd": 85, "spe": 60}, "stats": {"hp": 287, "atk": 203, "def": 174, "spa": 203, "spd": 191, "spe": 149}, "types": ["Grass", "Ice"]}, "Lycanroc": {"name": "Lycanroc", "species": "Lycanroc", "speciesId": "lycanroc", "gender": "M", "shiny": false, "level": 86, "moves": ["closecombat", "taunt", "psychicfangs", "stoneedge"], "ability": "Sand Rush", "evs": {"hp": 85, "atk": 85, "def": 85, "spa": 85, "spd": 85, "spe": 85}, "ivs": {"hp": 31, "atk": 31, "def": 31, "spa": 31, "spd": 31, "spe": 31}, "item": "Life Orb", "teraType": "Fighting", "role": "Fast Attacker", "bvs": {"hp": 75, "atk": 115, "def": 65, "spa": 55, "spd": 65, "spe": 112}, "stats": {"hp": 269, "atk": 247, "def": 161, "spa": 144, "spd": 161, "spe": 242}, "types": ["Rock"]}, "Jumpluff": {"name": "Jumpluff", "species": "Jumpluff", "speciesId": "jumpluff", "gender": "F", "shiny": false, "level": 87, "moves": ["acrobatics", "strengthsap", "leechseed", "substitute"], "ability": "Infiltrator", "evs": {"hp": 81, "atk": 85, "def": 85, "spa": 85, "spd": 85, "spe": 85}, "ivs": {"hp": 31, "atk": 31, "def": 31, "spa": 31, "spd": 31, "spe": 31}, "item": "", "teraType": "Steel", "role": "Bulky Support", "bvs": {"hp": 75, "atk": 55, "def": 70, "spa": 55, "spd": 95, "spe": 110}, "stats": {"hp": 271, "atk": 145, "def": 172, "spa": 145, "spd": 215, "spe": 241}, "types": ["Grass", "Flying"]}, "Kilowattrel": {"name": "Kilowattrel", "species": "Kilowattrel", "speciesId": "kilowattrel", "gender": "M", "shiny": false, "level": 83, "moves": ["uturn", "hurricane", "discharge", "roost"], "ability": "Volt Absorb", "evs": {"hp": 85, "atk": 85, "def": 85, "spa": 85, "spd": 85, "spe": 85}, "ivs": {"hp": 31, "atk": 31, "def": 31, "spa": 31, "spd": 31, "spe": 31}, "item": "Heavy-Duty Boots", "teraType": "Steel", "role": "Bulky Attacker", "bvs": {"hp": 70, "atk": 70, "def": 60, "spa": 105, "spd": 60, "spe": 125}, "stats": {"hp": 252, "atk": 164, "def": 147, "spa": 222, "spd": 147, "spe": 255}, "types": ["Electric", "Flying"]}, "Koraidon": {"name": "Koraidon", "species": "Koraidon", "speciesId": "koraidon", "gender": "N", "shiny": false, "level": 64, "moves": ["uturn", "outrage", "flareblitz", "closecombat"], "ability": "Orichalcum Pulse", "evs": {"hp": 85, "atk": 85, "def": 85, "spa": 85, "spd": 85, "spe": 85}, "ivs": {"hp": 31, "atk": 31, "def": 31, "spa": 31, "spd": 31, "spe": 31}, "item": "Choice Band", "teraType": "Fire", "role": "Fast Attacker", "bvs": {"hp": 100, "atk": 135, "def": 115, "spa": 85, "spd": 100, "spe": 135}, "stats": {"hp": 235, "atk": 211, "def": 185, "spa": 147, "spd": 166, "spe": 211}, "types": ["Fighting", "Dragon"]}, "Toxapex": {"name": "Toxapex", "species": "Toxapex", "speciesId": "toxapex", "gender": "M", "shiny": false, "level": 82, "moves": ["haze", "toxic", "liquidation", "recover"], "ability": "Regenerator", "evs": {"hp": 85, "atk": 85, "def": 85, "spa": 85, "spd": 85, "spe": 85}, "ivs": {"hp": 31, "atk": 31, "def": 31, "spa": 31, "spd": 31, "spe": 31}, "item": "Leftovers", "teraType": "Fairy", "role": "Bulky Support", "bvs": {"hp": 50, "atk": 63, "def": 152, "spa": 53, "spd": 142, "spe": 35}, "stats": {"hp": 216, "atk": 150, "def": 296, "spa": 134, "spd": 280, "spe": 105}, "types": ["Poison", "Water"]}}]}