{"id": "gen9randombattle-2642073850", "format": "[Gen 9] Random Battle", "players": ["thuggernaut", "JayCroc"], "log": "|j|\u2606thuggernaut\n|j|\u2606JayCroc\n|t:|1782884208\n|gametype|singles\n|player|p1|thuggernaut|265|1977\n|player|p2|JayCroc|ivor|2027\n|gen|9\n|tier|[Gen 9] Random Battle\n|rated|\n|rule|Species Clause: Limit one of each Pok\u00e9mon\n|rule|HP Percentage Mod: HP is shown in percentages\n|rule|Sleep Clause Mod: Limit one foe put to sleep\n|rule|Illusion Level Mod: Illusion disguises the Pok\u00e9mon's true level\n|\n|t:|1782884208\n|teamsize|p1|6\n|teamsize|p2|6\n|start\n|switch|p1a: Clawitzer|Clawitzer, L87, F|265/265\n|switch|p2a: Hypno|Hypno, L95, M|315/315\n|turn|1\n|\n|t:|1782884213\n|move|p2a: Hypno|Toxic|p1a: Clawitzer\n|-status|p1a: Clawitzer|tox\n|move|p1a: Clawitzer|Dark Pulse|p2a: Hypno\n|-supereffective|p2a: Hypno\n|-damage|p2a: Hypno|85/315\n|\n|-heal|p2a: Hypno|104/315|[from] item: Leftovers\n|-damage|p1a: Clawitzer|249/265 tox|[from] psn\n|upkeep\n|turn|2\n|\n|t:|1782884222\n|switch|p1a: Froslass|Froslass, L87, F|263/263\n|move|p2a: Hypno|Protect||[still]\n|-fail|p2a: Hypno\n|\n|-heal|p2a: Hypno|123/315|[from] item: Leftovers\n|upkeep\n|turn|3\n|\n|t:|1782884230\n|switch|p2a: Iron Bundle|Iron Bundle, L78|215/215\n|move|p1a: Froslass|Spikes|p2a: Iron Bundle\n|-sidestart|p2: JayCroc|Spikes\n|\n|upkeep\n|turn|4\n|\n|t:|1782884241\n|switch|p1a: Clawitzer|Clawitzer, L87, F|249/265 tox\n|move|p2a: Iron Bundle|Hydro Pump|p1a: Clawitzer\n|-resisted|p1a: Clawitzer\n|-damage|p1a: Clawitzer|167/265 tox\n|\n|-damage|p1a: Clawitzer|151/265 tox|[from] psn\n|upkeep\n|turn|5\n|\n|t:|1782884248\n|-end|p2a: Iron Bundle|Quark Drive|[silent]\n|switch|p2a: Lumineon|Lumineon, L93, M|279/279\n|move|p1a: Clawitzer|Dragon Pulse|p2a: Lumineon\n|-damage|p2a: Lumineon|113/279\n|\n|-damage|p1a: Clawitzer|119/265 tox|[from] psn\n|upkeep\n|turn|6\n|\n|t:|1782884264\n|move|p2a: Lumineon|U-turn|p1a: Clawitzer\n|-damage|p1a: Clawitzer|74/265 tox\n|\n|t:|1782884267\n|switch|p2a: Hariyama|Hariyama, L87, F|392/392|[from] U-turn\n|-damage|p2a: Hariyama|343/392|[from] Spikes\n|move|p1a: Clawitzer|Dragon Pulse|p2a: Hariyama\n|-damage|p2a: Hariyama|206/392\n|\n|-damage|p1a: Clawitzer|26/265 tox|[from] psn\n|upkeep\n|turn|7\n|\n|t:|1782884277\n|move|p1a: Clawitzer|Dragon Pulse|p2a: Hariyama\n|-damage|p2a: Hariyama|64/392\n|move|p2a: Hariyama|Knock Off|p1a: Clawitzer\n|-damage|p1a: Clawitzer|0 fnt\n|-enditem|p1a: Clawitzer|Choice Specs|[from] move: Knock Off|[of] p2a: Hariyama\n|faint|p1a: Clawitzer\n|\n|upkeep\n|\n|t:|1782884288\n|switch|p1a: Froslass|Froslass, L87, F|263/263\n|turn|8\n|\n|t:|1782884292\n|move|p1a: Froslass|Poltergeist|p2a: Hariyama\n|-activate|p2a: Hariyama|move: Poltergeist|Assault Vest\n|-damage|p2a: Hariyama|0 fnt\n|faint|p2a: Hariyama\n|\n|upkeep\n|\n|t:|1782884298\n|switch|p2a: Iron Bundle|Iron Bundle, L78|215/215\n|-damage|p2a: Iron Bundle|189/215|[from] Spikes\n|turn|9\n|\n|t:|1782884305\n|move|p2a: Iron Bundle|Hydro Pump|p1a: Froslass|[miss]\n|-miss|p2a: Iron Bundle|p1a: Froslass\n|move|p1a: Froslass|Poltergeist|p2a: Iron Bundle\n|-activate|p2a: Iron Bundle|move: Poltergeist|Choice Specs\n|-damage|p2a: Iron Bundle|98/215\n|\n|upkeep\n|turn|10\n|\n|t:|1782884316\n|switch|p1a: Sceptile|Sceptile, L87, M|264/264\n|move|p2a: Iron Bundle|Hydro Pump|p1a: Sceptile\n|-resisted|p1a: Sceptile\n|-damage|p1a: Sceptile|168/264\n|\n|upkeep\n|turn|11\n|\n|t:|1782884326\n|-end|p2a: Iron Bundle|Quark Drive|[silent]\n|switch|p2a: Tropius|Tropius, L91, M|328/328\n|move|p1a: Sceptile|Shed Tail|p1a: Sceptile\n|-start|p1a: Sceptile|Substitute|[from] move: Shed Tail\n|-damage|p1a: Sceptile|36/264\n|\n|t:|1782884370\n|switch|p1a: Froslass|Froslass, L87, F|263/263|[from] Shed Tail\n|\n|upkeep\n|turn|12\n|\n|t:|1782884375\n|-terastallize|p2a: Tropius|Steel\n|move|p1a: Froslass|Triple Axel|p2a: Tropius\n|-resisted|p2a: Tropius\n|-damage|p2a: Tropius|319/328\n|-resisted|p2a: Tropius\n|-damage|p2a: Tropius|300/328\n|-resisted|p2a: Tropius\n|-damage|p2a: Tropius|273/328\n|-hitcount|p2a: Tropius|3\n|move|p2a: Tropius|Air Slash|p1a: Froslass\n|-end|p1a: Froslass|Substitute\n|\n|upkeep\n|turn|13\n|\n|t:|1782884389\n|switch|p1a: Dedenne|Dedenne, L88, M|261/261\n|move|p2a: Tropius|Air Slash|p1a: Dedenne\n|-resisted|p1a: Dedenne\n|-damage|p1a: Dedenne|218/261\n|\n|upkeep\n|turn|14\n|\n|t:|1782884401\n|move|p2a: Tropius|Protect|p2a: Tropius\n|-singleturn|p2a: Tropius|Protect\n|move|p1a: Dedenne|Nuzzle|p2a: Tropius\n|-activate|p2a: Tropius|move: Protect\n|\n|upkeep\n|turn|15\n|\n|t:|1782884412\n|switch|p2a: Hypno|Hypno, L95, M|123/315\n|-damage|p2a: Hypno|84/315|[from] Spikes\n|move|p1a: Dedenne|Nuzzle|p2a: Hypno\n|-damage|p2a: Hypno|66/315\n|-status|p2a: Hypno|par\n|\n|-heal|p2a: Hypno|85/315 par|[from] item: Leftovers\n|upkeep\n|turn|16\n|\n|t:|1782884421\n|cant|p2a: Hypno|par\n|move|p1a: Dedenne|Thunderbolt|p2a: Hypno\n|-damage|p2a: Hypno|21/315 par\n|\n|-heal|p2a: Hypno|40/315 par|[from] item: Leftovers\n|upkeep\n|turn|17\n|\n|t:|1782884427\n|move|p1a: Dedenne|Thunderbolt|p2a: Hypno\n|-damage|p2a: Hypno|0 fnt\n|faint|p2a: Hypno\n|\n|upkeep\n|\n|t:|1782884432\n|switch|p2a: Iron Bundle|Iron Bundle, L78|98/215\n|-damage|p2a: Iron Bundle|72/215|[from] Spikes\n|turn|18\n|\n|t:|1782884441\n|move|p2a: Iron Bundle|Hydro Pump|p1a: Dedenne|[miss]\n|-miss|p2a: Iron Bundle|p1a: Dedenne\n|move|p1a: Dedenne|Thunderbolt|p2a: Iron Bundle\n|-supereffective|p2a: Iron Bundle\n|-damage|p2a: Iron Bundle|0 fnt\n|faint|p2a: Iron Bundle\n|-end|p2a: Iron Bundle|Quark Drive|[silent]\n|\n|upkeep\n|\n|t:|1782884449\n|switch|p2a: Tropius|Tropius, L91, M, tera:Steel|273/328\n|-damage|p2a: Tropius|232/328|[from] Spikes\n|turn|19\n|\n|t:|1782884454\n|move|p1a: Dedenne|Nuzzle|p2a: Tropius\n|-damage|p2a: Tropius|214/328\n|-status|p2a: Tropius|par\n|move|p2a: Tropius|Leech Seed|p1a: Dedenne\n|-start|p1a: Dedenne|move: Leech Seed\n|\n|-damage|p1a: Dedenne|186/261|[from] Leech Seed|[of] p2a: Tropius\n|-heal|p2a: Tropius|246/328 par|[silent]\n|upkeep\n|turn|20\n|\n|t:|1782884461\n|switch|p1a: Froslass|Froslass, L87, F|263/263\n|move|p2a: Tropius|Air Slash|p1a: Froslass\n|-damage|p1a: Froslass|170/263\n|-start|p2a: Tropius|Disable|Air Slash|[from] ability: Cursed Body|[of] p1a: Froslass\n|\n|upkeep\n|turn|21\n|\n|t:|1782884470\n|move|p1a: Froslass|Poltergeist|p2a: Tropius\n|-activate|p2a: Tropius|move: Poltergeist|Sitrus Berry\n|-damage|p2a: Tropius|147/328 par\n|-enditem|p2a: Tropius|Sitrus Berry|[eat]\n|-heal|p2a: Tropius|229/328 par|[from] item: Sitrus Berry\n|cant|p2a: Tropius|par\n|\n|upkeep\n|turn|22\n|inactive|Battle timer is ON: inactive players will automatically lose when time's up. (requested by JayCroc)\n|\n|t:|1782884482\n|switch|p1a: Sceptile|Sceptile, L87, M|36/264\n|move|p2a: Tropius|Protect||[still]\n|-fail|p2a: Tropius\n|\n|-item|p2a: Tropius|Sitrus Berry|[from] ability: Harvest\n|upkeep\n|turn|23\n|\n|t:|1782884488\n|switch|p2a: Spectrier|Spectrier, L75|274/274\n|-damage|p2a: Spectrier|240/274|[from] Spikes\n|move|p1a: Sceptile|Focus Blast|p2a: Spectrier\n|-immune|p2a: Spectrier\n|\n|upkeep\n|turn|24\n|\n|t:|1782884497\n|switch|p1a: Cinccino|Cinccino, L83, M|260/260\n|move|p2a: Spectrier|Shadow Ball|p1a: Cinccino\n|-immune|p1a: Cinccino\n|\n|upkeep\n|turn|25\n|\n|t:|1782884509\n|switch|p2a: Tropius|Tropius, L91, M, tera:Steel|229/328 par\n|-damage|p2a: Tropius|188/328 par|[from] Spikes\n|move|p1a: Cinccino|Bullet Seed|p2a: Tropius\n|-resisted|p2a: Tropius\n|-damage|p2a: Tropius|174/328 par\n|-resisted|p2a: Tropius\n|-damage|p2a: Tropius|161/328 par\n|-enditem|p2a: Tropius|Sitrus Berry|[eat]\n|-heal|p2a: Tropius|243/328 par|[from] item: Sitrus Berry\n|-resisted|p2a: Tropius\n|-damage|p2a: Tropius|231/328 par\n|-resisted|p2a: Tropius\n|-damage|p2a: Tropius|219/328 par\n|-resisted|p2a: Tropius\n|-damage|p2a: Tropius|206/328 par\n|-hitcount|p2a: Tropius|5\n|\n|upkeep\n|turn|26\n|\n|t:|1782884525\n|move|p1a: Cinccino|U-turn|p2a: Tropius\n|-resisted|p2a: Tropius\n|-damage|p2a: Tropius|182/328 par\n|\n|t:|1782884530\n|switch|p1a: Froslass|Froslass, L87, F|170/263|[from] U-turn\n|move|p2a: Tropius|Air Slash|p1a: Froslass\n|-damage|p1a: Froslass|86/263\n|\n|-item|p2a: Tropius|Sitrus Berry|[from] ability: Harvest\n|upkeep\n|turn|27\n|\n|t:|1782884538\n|move|p1a: Froslass|Spikes|p2a: Tropius\n|-sidestart|p2: JayCroc|Spikes\n|move|p2a: Tropius|Leech Seed|p1a: Froslass\n|-start|p1a: Froslass|move: Leech Seed\n|\n|-damage|p1a: Froslass|54/263|[from] Leech Seed|[of] p2a: Tropius\n|-heal|p2a: Tropius|214/328 par|[silent]\n|upkeep\n|turn|28\n|\n|t:|1782884549\n|move|p2a: Tropius|Protect|p2a: Tropius\n|-singleturn|p2a: Tropius|Protect\n|move|p1a: Froslass|Poltergeist|p2a: Tropius\n|-activate|p2a: Tropius|move: Protect\n|\n|-damage|p1a: Froslass|22/263|[from] Leech Seed|[of] p2a: Tropius\n|-heal|p2a: Tropius|246/328 par|[silent]\n|upkeep\n|turn|29\n|\n|t:|1782884557\n|move|p1a: Froslass|Destiny Bond|p1a: Froslass\n|-singlemove|p1a: Froslass|Destiny Bond\n|move|p2a: Tropius|Substitute|p2a: Tropius\n|-start|p2a: Tropius|Substitute\n|-damage|p2a: Tropius|164/328 par\n|-enditem|p2a: Tropius|Sitrus Berry|[eat]\n|-heal|p2a: Tropius|246/328 par|[from] item: Sitrus Berry\n|\n|-damage|p1a: Froslass|0 fnt|[from] Leech Seed|[of] p2a: Tropius\n|-heal|p2a: Tropius|268/328 par|[silent]\n|faint|p1a: Froslass\n|-item|p2a: Tropius|Sitrus Berry|[from] ability: Harvest\n|upkeep\n|c|\u2606thuggernaut|it should work like that\n|inactive|thuggernaut has 120 seconds left.\n|\n|t:|1782884587\n|switch|p1a: Dedenne|Dedenne, L88, M|186/261\n|turn|30\n|\n|t:|1782884591\n|move|p1a: Dedenne|Thunderbolt|p2a: Tropius\n|-activate|p2a: Tropius|move: Substitute|[damage]\n|move|p2a: Tropius|Leech Seed|p1a: Dedenne\n|-start|p1a: Dedenne|move: Leech Seed\n|\n|-damage|p1a: Dedenne|154/261|[from] Leech Seed|[of] p2a: Tropius\n|-heal|p2a: Tropius|300/328 par|[silent]\n|upkeep\n|turn|31\n|\n|t:|1782884600\n|switch|p1a: Iron Boulder|Iron Boulder, L77|265/265\n|move|p2a: Tropius|Substitute|p2a: Tropius\n|-fail|p2a: Tropius|move: Substitute\n|\n|upkeep\n|turn|32\n|\n|t:|1782884609\n|move|p1a: Iron Boulder|Close Combat|p2a: Tropius\n|-supereffective|p2a: Tropius\n|-end|p2a: Tropius|Substitute\n|-unboost|p1a: Iron Boulder|def|1\n|-unboost|p1a: Iron Boulder|spd|1\n|-damage|p1a: Iron Boulder|239/265|[from] item: Life Orb\n|move|p2a: Tropius|Leech Seed|p1a: Iron Boulder\n|-start|p1a: Iron Boulder|move: Leech Seed\n|\n|-damage|p1a: Iron Boulder|206/265|[from] Leech Seed|[of] p2a: Tropius\n|-heal|p2a: Tropius|328/328 par|[silent]\n|upkeep\n|turn|33\n|\n|t:|1782884621\n|move|p1a: Iron Boulder|Swords Dance|p1a: Iron Boulder\n|-boost|p1a: Iron Boulder|atk|2\n|move|p2a: Tropius|Air Slash|p1a: Iron Boulder\n|-resisted|p1a: Iron Boulder\n|-damage|p1a: Iron Boulder|155/265\n|\n|-damage|p1a: Iron Boulder|122/265|[from] Leech Seed|[of] p2a: Tropius\n|upkeep\n|turn|34\n|\n|t:|1782884628\n|switch|p2a: Lumineon|Lumineon, L93, M|113/279\n|move|p1a: Iron Boulder|Close Combat|p2a: Lumineon\n|-damage|p2a: Lumineon|0 fnt\n|-unboost|p1a: Iron Boulder|def|1\n|-unboost|p1a: Iron Boulder|spd|1\n|faint|p2a: Lumineon\n|-damage|p1a: Iron Boulder|96/265|[from] item: Life Orb\n|\n|upkeep\n|\n|t:|1782884637\n|switch|p2a: Spectrier|Spectrier, L75|240/274\n|-damage|p2a: Spectrier|195/274|[from] Spikes\n|turn|35\n|\n|t:|1782884652\n|-end|p1a: Iron Boulder|Quark Drive|[silent]\n|switch|p1a: Cinccino|Cinccino, L83, M|260/260\n|move|p2a: Spectrier|Dark Pulse|p1a: Cinccino\n|-damage|p1a: Cinccino|144/260\n|-damage|p2a: Spectrier|168/274|[from] item: Life Orb\n|\n|upkeep\n|turn|36\n|\n|t:|1782884672\n|move|p1a: Cinccino|Bullet Seed|p2a: Spectrier\n|-damage|p2a: Spectrier|128/274\n|-damage|p2a: Spectrier|90/274\n|-crit|p2a: Spectrier\n|-damage|p2a: Spectrier|39/274\n|-damage|p2a: Spectrier|3/274\n|-damage|p2a: Spectrier|0 fnt\n|faint|p2a: Spectrier\n|-hitcount|p2: Spectrier|5\n|\n|upkeep\n|\n|t:|1782884680\n|switch|p2a: Tropius|Tropius, L91, M, tera:Steel|328/328 par\n|-damage|p2a: Tropius|274/328 par|[from] Spikes\n|turn|37\n|\n|t:|1782884687\n|move|p1a: Cinccino|Tail Slap|p2a: Tropius\n|-resisted|p2a: Tropius\n|-damage|p2a: Tropius|254/328 par\n|-resisted|p2a: Tropius\n|-damage|p2a: Tropius|236/328 par\n|-resisted|p2a: Tropius\n|-damage|p2a: Tropius|217/328 par\n|-resisted|p2a: Tropius\n|-damage|p2a: Tropius|197/328 par\n|-resisted|p2a: Tropius\n|-damage|p2a: Tropius|179/328 par\n|-hitcount|p2a: Tropius|5\n|move|p2a: Tropius|Substitute|p2a: Tropius\n|-start|p2a: Tropius|Substitute\n|-damage|p2a: Tropius|97/328 par\n|-enditem|p2a: Tropius|Sitrus Berry|[eat]\n|-heal|p2a: Tropius|179/328 par|[from] item: Sitrus Berry\n|\n|-item|p2a: Tropius|Sitrus Berry|[from] ability: Harvest\n|upkeep\n|turn|38\n|\n|t:|1782884702\n|move|p1a: Cinccino|Tail Slap|p2a: Tropius\n|-resisted|p2a: Tropius\n|-activate|p2a: Tropius|move: Substitute|[damage]\n|-resisted|p2a: Tropius\n|-activate|p2a: Tropius|move: Substitute|[damage]\n|-resisted|p2a: Tropius\n|-activate|p2a: Tropius|move: Substitute|[damage]\n|-resisted|p2a: Tropius\n|-crit|p2a: Tropius\n|-end|p2a: Tropius|Substitute\n|-hitcount|p2a: Tropius|4\n|move|p2a: Tropius|Air Slash|p1a: Cinccino\n|-damage|p1a: Cinccino|42/260\n|\n|upkeep\n|turn|39\n|\n|t:|1782884715\n|move|p1a: Cinccino|Tail Slap|p2a: Tropius\n|-resisted|p2a: Tropius\n|-damage|p2a: Tropius|159/328 par\n|-enditem|p2a: Tropius|Sitrus Berry|[eat]\n|-heal|p2a: Tropius|241/328 par|[from] item: Sitrus Berry\n|-resisted|p2a: Tropius\n|-damage|p2a: Tropius|221/328 par\n|-resisted|p2a: Tropius\n|-damage|p2a: Tropius|203/328 par\n|-resisted|p2a: Tropius\n|-damage|p2a: Tropius|185/328 par\n|-hitcount|p2a: Tropius|4\n|move|p2a: Tropius|Substitute|p2a: Tropius\n|-start|p2a: Tropius|Substitute\n|-damage|p2a: Tropius|103/328 par\n|\n|-item|p2a: Tropius|Sitrus Berry|[from] ability: Harvest\n|upkeep\n|-enditem|p2a: Tropius|Sitrus Berry|[eat]\n|-heal|p2a: Tropius|185/328 par|[from] item: Sitrus Berry\n|turn|40\n|\n|t:|1782884730\n|move|p1a: Cinccino|Tail Slap|p2a: Tropius\n|-resisted|p2a: Tropius\n|-activate|p2a: Tropius|move: Substitute|[damage]\n|-resisted|p2a: Tropius\n|-activate|p2a: Tropius|move: Substitute|[damage]\n|-resisted|p2a: Tropius\n|-activate|p2a: Tropius|move: Substitute|[damage]\n|-resisted|p2a: Tropius\n|-activate|p2a: Tropius|move: Substitute|[damage]\n|-resisted|p2a: Tropius\n|-end|p2a: Tropius|Substitute\n|-hitcount|p2a: Tropius|5\n|move|p2a: Tropius|Leech Seed|p1a: Cinccino\n|-start|p1a: Cinccino|move: Leech Seed\n|\n|-damage|p1a: Cinccino|10/260|[from] Leech Seed|[of] p2a: Tropius\n|-heal|p2a: Tropius|217/328 par|[silent]\n|-item|p2a: Tropius|Sitrus Berry|[from] ability: Harvest\n|upkeep\n|turn|41\n|\n|t:|1782884744\n|move|p1a: Cinccino|Tail Slap|p2a: Tropius|[miss]\n|-miss|p1a: Cinccino|p2a: Tropius\n|move|p2a: Tropius|Substitute|p2a: Tropius\n|-start|p2a: Tropius|Substitute\n|-damage|p2a: Tropius|135/328 par\n|-enditem|p2a: Tropius|Sitrus Berry|[eat]\n|-heal|p2a: Tropius|217/328 par|[from] item: Sitrus Berry\n|\n|-damage|p1a: Cinccino|0 fnt|[from] Leech Seed|[of] p2a: Tropius\n|-heal|p2a: Tropius|227/328 par|[silent]\n|faint|p1a: Cinccino\n|upkeep\n|\n|t:|1782884759\n|switch|p1a: Sceptile|Sceptile, L87, M|36/264\n|turn|42\n|\n|t:|1782884762\n|move|p1a: Sceptile|Focus Blast|p2a: Tropius|[miss]\n|-miss|p1a: Sceptile|p2a: Tropius\n|move|p2a: Tropius|Air Slash|p1a: Sceptile\n|-supereffective|p1a: Sceptile\n|-damage|p1a: Sceptile|0 fnt\n|faint|p1a: Sceptile\n|\n|upkeep\n|\n|t:|1782884770\n|switch|p1a: Dedenne|Dedenne, L88, M|154/261\n|turn|43\n|\n|t:|1782884773\n|move|p1a: Dedenne|Thunderbolt|p2a: Tropius\n|-end|p2a: Tropius|Substitute\n|move|p2a: Tropius|Leech Seed|p1a: Dedenne\n|-start|p1a: Dedenne|move: Leech Seed\n|\n|-damage|p1a: Dedenne|122/261|[from] Leech Seed|[of] p2a: Tropius\n|-heal|p2a: Tropius|259/328 par|[silent]\n|upkeep\n|-enditem|p1a: Dedenne|Sitrus Berry|[eat]\n|-heal|p1a: Dedenne|187/261|[from] item: Sitrus Berry\n|-heal|p1a: Dedenne|261/261|[from] ability: Cheek Pouch\n|turn|44\n|\n|t:|1782884782\n|move|p1a: Dedenne|Super Fang|p2a: Tropius\n|-damage|p2a: Tropius|130/328 par\n|cant|p2a: Tropius|par\n|\n|-damage|p1a: Dedenne|229/261|[from] Leech Seed|[of] p2a: Tropius\n|-heal|p2a: Tropius|162/328 par|[silent]\n|-item|p2a: Tropius|Sitrus Berry|[from] ability: Harvest\n|upkeep\n|-enditem|p2a: Tropius|Sitrus Berry|[eat]\n|-heal|p2a: Tropius|244/328 par|[from] item: Sitrus Berry\n|turn|45\n|\n|t:|1782884791\n|move|p1a: Dedenne|Super Fang|p2a: Tropius\n|-damage|p2a: Tropius|122/328 par\n|move|p2a: Tropius|Substitute|p2a: Tropius\n|-start|p2a: Tropius|Substitute\n|-damage|p2a: Tropius|40/328 par\n|\n|-damage|p1a: Dedenne|197/261|[from] Leech Seed|[of] p2a: Tropius\n|-heal|p2a: Tropius|72/328 par|[silent]\n|upkeep\n|turn|46\n|\n|t:|1782884799\n|cant|p2a: Tropius|par\n|move|p1a: Dedenne|Thunderbolt|p2a: Tropius\n|-activate|p2a: Tropius|move: Substitute|[damage]\n|\n|-damage|p1a: Dedenne|165/261|[from] Leech Seed|[of] p2a: Tropius\n|-heal|p2a: Tropius|104/328 par|[silent]\n|-item|p2a: Tropius|Sitrus Berry|[from] ability: Harvest\n|upkeep\n|-enditem|p2a: Tropius|Sitrus Berry|[eat]\n|-heal|p2a: Tropius|186/328 par|[from] item: Sitrus Berry\n|turn|47\n|\n|t:|1782884808\n|move|p2a: Tropius|Protect|p2a: Tropius\n|-singleturn|p2a: Tropius|Protect\n|move|p1a: Dedenne|Thunderbolt|p2a: Tropius\n|-activate|p2a: Tropius|move: Protect\n|\n|-damage|p1a: Dedenne|133/261|[from] Leech Seed|[of] p2a: Tropius\n|-heal|p2a: Tropius|218/328 par|[silent]\n|upkeep\n|turn|48\n|\n|t:|1782884815\n|move|p1a: Dedenne|Thunderbolt|p2a: Tropius\n|-end|p2a: Tropius|Substitute\n|move|p2a: Tropius|Substitute|p2a: Tropius\n|-start|p2a: Tropius|Substitute\n|-damage|p2a: Tropius|136/328 par\n|\n|-damage|p1a: Dedenne|101/261|[from] Leech Seed|[of] p2a: Tropius\n|-heal|p2a: Tropius|168/328 par|[silent]\n|upkeep\n|turn|49\n|\n|t:|1782884823\n|move|p2a: Tropius|Protect|p2a: Tropius\n|-singleturn|p2a: Tropius|Protect\n|move|p1a: Dedenne|Thunderbolt|p2a: Tropius\n|-activate|p2a: Tropius|move: Protect\n|\n|-damage|p1a: Dedenne|69/261|[from] Leech Seed|[of] p2a: Tropius\n|-heal|p2a: Tropius|200/328 par|[silent]\n|upkeep\n|turn|50\n|\n|t:|1782884831\n|move|p1a: Dedenne|Thunderbolt|p2a: Tropius\n|-end|p2a: Tropius|Substitute\n|move|p2a: Tropius|Substitute|p2a: Tropius\n|-start|p2a: Tropius|Substitute\n|-damage|p2a: Tropius|118/328 par\n|\n|-damage|p1a: Dedenne|37/261|[from] Leech Seed|[of] p2a: Tropius\n|-heal|p2a: Tropius|150/328 par|[silent]\n|-item|p2a: Tropius|Sitrus Berry|[from] ability: Harvest\n|upkeep\n|-enditem|p2a: Tropius|Sitrus Berry|[eat]\n|-heal|p2a: Tropius|232/328 par|[from] item: Sitrus Berry\n|turn|51\n|\n|t:|1782884841\n|switch|p1a: Iron Boulder|Iron Boulder, L77|96/265\n|move|p2a: Tropius|Protect||[still]\n|-fail|p2a: Tropius\n|\n|-item|p2a: Tropius|Sitrus Berry|[from] ability: Harvest\n|upkeep\n|turn|52\n|\n|t:|1782884848\n|-end|p1a: Iron Boulder|Quark Drive|[silent]\n|switch|p1a: Dedenne|Dedenne, L88, M|37/261\n|cant|p2a: Tropius|par\n|\n|upkeep\n|turn|53\n|\n|t:|1782884852\n|move|p1a: Dedenne|Thunderbolt|p2a: Tropius\n|-end|p2a: Tropius|Substitute\n|move|p2a: Tropius|Leech Seed|p1a: Dedenne\n|-start|p1a: Dedenne|move: Leech Seed\n|\n|-damage|p1a: Dedenne|5/261|[from] Leech Seed|[of] p2a: Tropius\n|-heal|p2a: Tropius|264/328 par|[silent]\n|upkeep\n|turn|54\n|\n|t:|1782884859\n|move|p1a: Dedenne|Thunderbolt|p2a: Tropius\n|-damage|p2a: Tropius|173/328 par\n|cant|p2a: Tropius|par\n|\n|-damage|p1a: Dedenne|0 fnt|[from] Leech Seed|[of] p2a: Tropius\n|-heal|p2a: Tropius|178/328 par|[silent]\n|faint|p1a: Dedenne\n|upkeep\n|\n|t:|1782884863\n|switch|p1a: Iron Boulder|Iron Boulder, L77|96/265\n|turn|55\n|-message|JayCroc forfeited.\n|\n|win|thuggernaut\n|raw|thuggernaut's rating: 1977 &rarr; <strong>2000</strong><br />(+23 for winning)\n|raw|JayCroc's rating: 2027 &rarr; <strong>2004</strong><br />(-23 for losing)\n", "inputlog": ">version f8ac14003a5f27e1bdc8d8c59608a773c1cb96e5\n>start {\"formatid\":\"gen9randombattle\",\"seed\":\"sodium,d431e11f60a6673aceaf342cd31aca10\",\"rated\":\"Rated battle\"}\n>player p1 {\"name\":\"thuggernaut\",\"avatar\":\"265\",\"rating\":1977,\"seed\":\"sodium,237f848971abb55ff7b74a79feb7d7f2\"}\n>player p2 {\"name\":\"JayCroc\",\"avatar\":\"ivor\",\"rating\":2027,\"seed\":\"sodium,25a0e9549cafc24836a0d0d4aef6d9e3\"}\n>p1 move darkpulse\n>p2 move toxic\n>p1 switch 5\n>p2 move protect\n>p1 move spikes\n>p2 switch 3\n>p1 switch 5\n>p2 move hydropump\n>p1 move dragonpulse\n>p2 switch 6\n>p1 move dragonpulse\n>p2 move uturn\n>p2 switch 2\n>p1 move dragonpulse\n>p2 move knockoff\n>p1 switch 5\n>p1 move poltergeist\n>p2 move heavyslam\n>p2 switch 6\n>p1 move poltergeist\n>p2 move hydropump\n>p1 switch 4\n>p2 move hydropump\n>p1 move shedtail\n>p2 switch 4\n>p1 switch 4\n>p1 move tripleaxel\n>p2 move airslash terastallize\n>p1 switch 6\n>p2 move airslash\n>p1 move nuzzle\n>p2 move protect\n>p1 move nuzzle\n>p2 switch 3\n>p1 move thunderbolt\n>p2 move protect\n>p1 move thunderbolt\n>p2 move toxic\n>p2 switch 4\n>p1 move thunderbolt\n>p2 move hydropump\n>p2 switch 3\n>p1 move nuzzle\n>p2 move leechseed\n>p1 switch 6\n>p2 move airslash\n>p1 move poltergeist\n>p2 move leechseed\n>p1 switch 4\n>p2 move protect\n>p1 move focusblast\n>p2 switch 5\n>p1 switch 3\n>p2 move shadowball\n>p1 move bulletseed\n>p2 switch 5\n>p1 move uturn\n>p2 move airslash\n>p1 switch 4\n>p1 move spikes\n>p2 move leechseed\n>p1 move poltergeist\n>p2 move protect\n>p1 move destinybond\n>p2 move substitute\n>chat \u2606thuggernaut|it should work like that\n>p1 switch 6\n>p1 move thunderbolt\n>p2 move leechseed\n>p1 switch 2\n>p2 move substitute\n>p1 move closecombat\n>p2 move leechseed\n>p1 move swordsdance\n>p2 move airslash\n>p1 move closecombat\n>p2 switch 2\n>p2 switch 5\n>p1 switch 4\n>p2 move darkpulse\n>p1 move bulletseed\n>p2 move drainingkiss\n>p2 switch 2\n>p1 move tailslap\n>p2 move substitute\n>p1 move tailslap\n>p2 move airslash\n>p1 move tailslap\n>p2 move substitute\n>p1 move tailslap\n>p2 move leechseed\n>p1 move tailslap\n>p2 move substitute\n>p1 switch 3\n>p1 move focusblast\n>p2 move airslash\n>p1 switch 2\n>p1 move thunderbolt\n>p2 move leechseed\n>p1 move superfang\n>p2 move substitute\n>p1 move superfang\n>p2 move substitute\n>p1 move thunderbolt\n>p2 move protect\n>p1 move thunderbolt\n>p2 move protect\n>p1 move thunderbolt\n>p2 move substitute\n>p1 move thunderbolt\n>p2 move protect\n>p1 move thunderbolt\n>p2 move substitute\n>p1 switch 4\n>p2 move protect\n>p1 switch 4\n>p2 move leechseed\n>p1 move thunderbolt\n>p2 move leechseed\n>p1 move thunderbolt\n>p2 move substitute\n>p1 switch 4\n>forcelose p2", "uploadtime": 1782884865, "views": 5, "formatid": "gen9randombattle", "rating": 2000, "private": 0, "password": null, "player_dets": [{"name": "thuggernaut", "avatar": "265", "rating": 1977, "seed": "sodium,237f848971abb55ff7b74a79feb7d7f2"}, {"name": "JayCroc", "avatar": "ivor", "rating": 2027, "seed": "sodium,25a0e9549cafc24836a0d0d4aef6d9e3"}], "teams_full": [{"Clawitzer": {"name": "Clawitzer", "species": "Clawitzer", "speciesId": "clawitzer", "gender": "F", "shiny": false, "level": 87, "moves": ["dragonpulse", "waterpulse", "icebeam", "darkpulse"], "ability": "Mega Launcher", "evs": {"hp": 85, "atk": 0, "def": 85, "spa": 85, "spd": 85, "spe": 85}, "ivs": {"hp": 31, "atk": 0, "def": 31, "spa": 31, "spd": 31, "spe": 31}, "item": "Choice Specs", "teraType": "Dark", "role": "Wallbreaker", "bvs": {"hp": 71, "atk": 73, "def": 88, "spa": 120, "spd": 89, "spe": 59}, "stats": {"hp": 265, "atk": 132, "def": 203, "spa": 259, "spd": 205, "spe": 152}, "types": ["Water"]}, "Iron Boulder": {"name": "Iron Boulder", "species": "Iron Boulder", "speciesId": "ironboulder", "gender": "N", "shiny": false, "level": 77, "moves": ["zenheadbutt", "swordsdance", "mightycleave", "closecombat"], "ability": "Quark Drive", "evs": {"hp": 85, "atk": 85, "def": 85, "spa": 85, "spd": 85, "spe": 85}, "ivs": {"hp": 31, "atk": 31, "def": 31, "spa": 31, "spd": 31, "spe": 31}, "item": "Life Orb", "teraType": "Fighting", "role": "Setup Sweeper", "bvs": {"hp": 90, "atk": 120, "def": 80, "spa": 68, "spd": 108, "spe": 124}, "stats": {"hp": 265, "atk": 229, "def": 168, "spa": 149, "spd": 211, "spe": 236}, "types": ["Rock", "Psychic"]}, "Cinccino": {"name": "Cinccino", "species": "Cinccino", "speciesId": "cinccino", "gender": "M", "shiny": false, "level": 83, "moves": ["tripleaxel", "tailslap", "bulletseed", "uturn"], "ability": "Technician", "evs": {"hp": 85, "atk": 85, "def": 85, "spa": 85, "spd": 85, "spe": 85}, "ivs": {"hp": 31, "atk": 31, "def": 31, "spa": 31, "spd": 31, "spe": 31}, "item": "Loaded Dice", "teraType": "Normal", "role": "Fast Attacker", "bvs": {"hp": 75, "atk": 95, "def": 60, "spa": 65, "spd": 60, "spe": 115}, "stats": {"hp": 260, "atk": 205, "def": 147, "spa": 156, "spd": 147, "spe": 239}, "types": ["Normal"]}, "Sceptile": {"name": "Sceptile", "species": "Sceptile", "speciesId": "sceptile", "gender": "M", "shiny": false, "level": 87, "moves": ["focusblast", "leafstorm", "rockslide", "shedtail"], "ability": "Overgrow", "evs": {"hp": 85, "atk": 85, "def": 85, "spa": 85, "spd": 85, "spe": 85}, "ivs": {"hp": 31, "atk": 31, "def": 31, "spa": 31, "spd": 31, "spe": 31}, "item": "Life Orb", "teraType": "Steel", "role": "Fast Attacker", "bvs": {"hp": 70, "atk": 85, "def": 65, "spa": 105, "spd": 85, "spe": 120}, "stats": {"hp": 264, "atk": 198, "def": 163, "spa": 232, "spd": 198, "spe": 259}, "types": ["Grass"]}, "Froslass": {"name": "Froslass", "species": "Froslass", "speciesId": "froslass", "gender": "F", "shiny": false, "level": 87, "moves": ["destinybond", "spikes", "poltergeist", "tripleaxel"], "ability": "Cursed Body", "evs": {"hp": 81, "atk": 85, "def": 85, "spa": 85, "spd": 85, "spe": 85}, "ivs": {"hp": 31, "atk": 31, "def": 31, "spa": 31, "spd": 31, "spe": 31}, "item": "Wide Lens", "teraType": "Ice", "role": "Fast Support", "bvs": {"hp": 70, "atk": 80, "def": 70, "spa": 80, "spd": 70, "spe": 110}, "stats": {"hp": 263, "atk": 189, "def": 172, "spa": 189, "spd": 172, "spe": 241}, "types": ["Ice", "Ghost"]}, "Dedenne": {"name": "Dedenne", "species": "Dedenne", "speciesId": "dedenne", "gender": "M", "shiny": false, "level": 88, "moves": ["thunderbolt", "dazzlinggleam", "nuzzle", "superfang"], "ability": "Cheek Pouch", "evs": {"hp": 85, "atk": 85, "def": 85, "spa": 85, "spd": 85, "spe": 85}, "ivs": {"hp": 31, "atk": 31, "def": 31, "spa": 31, "spd": 31, "spe": 31}, "item": "Sitrus Berry", "teraType": "Flying", "role": "Fast Support", "bvs": {"hp": 67, "atk": 58, "def": 57, "spa": 81, "spd": 67, "spe": 101}, "stats": {"hp": 261, "atk": 152, "def": 151, "spa": 193, "spd": 168, "spe": 228}, "types": ["Electric", "Fairy"]}}, {"Hypno": {"name": "Hypno", "species": "Hypno", "speciesId": "hypno", "gender": "M", "shiny": false, "level": 95, "moves": ["toxic", "focusblast", "protect", "psychicnoise"], "ability": "Insomnia", "evs": {"hp": 85, "atk": 0, "def": 85, "spa": 85, "spd": 85, "spe": 85}, "ivs": {"hp": 31, "atk": 0, "def": 31, "spa": 31, "spd": 31, "spe": 31}, "item": "Leftovers", "teraType": "Steel", "role": "Bulky Attacker", "bvs": {"hp": 85, "atk": 73, "def": 70, "spa": 73, "spd": 115, "spe": 67}, "stats": {"hp": 315, "atk": 143, "def": 187, "spa": 193, "spd": 272, "spe": 181}, "types": ["Psychic"]}, "Hariyama": {"name": "Hariyama", "species": "Hariyama", "speciesId": "hariyama", "gender": "F", "shiny": false, "level": 87, "moves": ["headlongrush", "closecombat", "heavyslam", "knockoff"], "ability": "Thick Fat", "evs": {"hp": 85, "atk": 85, "def": 85, "spa": 85, "spd": 85, "spe": 85}, "ivs": {"hp": 31, "atk": 31, "def": 31, "spa": 31, "spd": 31, "spe": 31}, "item": "Assault Vest", "teraType": "Steel", "role": "AV Pivot", "bvs": {"hp": 144, "atk": 120, "def": 60, "spa": 40, "spd": 60, "spe": 50}, "stats": {"hp": 392, "atk": 259, "def": 154, "spa": 119, "spd": 154, "spe": 137}, "types": ["Fighting"]}, "Iron Bundle": {"name": "Iron Bundle", "species": "Iron Bundle", "speciesId": "ironbundle", "gender": "N", "shiny": false, "level": 78, "moves": ["hydropump", "flipturn", "icebeam", "freezedry"], "ability": "Quark Drive", "evs": {"hp": 85, "atk": 85, "def": 85, "spa": 85, "spd": 85, "spe": 85}, "ivs": {"hp": 31, "atk": 31, "def": 31, "spa": 31, "spd": 31, "spe": 31}, "item": "Choice Specs", "teraType": "Ice", "role": "Fast Attacker", "bvs": {"hp": 56, "atk": 80, "def": 114, "spa": 124, "spd": 60, "spe": 136}, "stats": {"hp": 215, "atk": 170, "def": 223, "spa": 239, "spd": 139, "spe": 257}, "types": ["Ice", "Water"]}, "Tropius": {"name": "Tropius", "species": "Tropius", "speciesId": "tropius", "gender": "M", "shiny": false, "level": 91, "moves": ["protect", "substitute", "leechseed", "airslash"], "ability": "Harvest", "evs": {"hp": 85, "atk": 0, "def": 85, "spa": 85, "spd": 85, "spe": 85}, "ivs": {"hp": 31, "atk": 0, "def": 31, "spa": 31, "spd": 31, "spe": 31}, "item": "Sitrus Berry", "teraType": "Steel", "role": "Bulky Support", "bvs": {"hp": 99, "atk": 68, "def": 83, "spa": 72, "spd": 87, "spe": 51}, "stats": {"hp": 328, "atk": 128, "def": 203, "spa": 183, "spd": 210, "spe": 145}, "types": ["Grass", "Flying"]}, "Spectrier": {"name": "Spectrier", "species": "Spectrier", "speciesId": "spectrier", "gender": "N", "shiny": false, "level": 75, "moves": ["shadowball", "darkpulse", "drainingkiss", "nastyplot"], "ability": "Grim Neigh", "evs": {"hp": 85, "atk": 0, "def": 85, "spa": 85, "spd": 85, "spe": 85}, "ivs": {"hp": 31, "atk": 0, "def": 31, "spa": 31, "spd": 31, "spe": 31}, "item": "Life Orb", "teraType": "Dark", "role": "Setup Sweeper", "bvs": {"hp": 100, "atk": 65, "def": 60, "spa": 145, "spd": 80, "spe": 130}, "stats": {"hp": 274, "atk": 102, "def": 134, "spa": 261, "spd": 164, "spe": 239}, "types": ["Ghost"]}, "Lumineon": {"name": "Lumineon", "species": "Lumineon", "speciesId": "lumineon", "gender": "M", "shiny": false, "level": 93, "moves": ["icebeam", "encore", "uturn", "hydropump"], "ability": "Storm Drain", "evs": {"hp": 85, "atk": 85, "def": 85, "spa": 85, "spd": 85, "spe": 85}, "ivs": {"hp": 31, "atk": 31, "def": 31, "spa": 31, "spd": 31, "spe": 31}, "item": "Heavy-Duty Boots", "teraType": "Ground", "role": "Fast Support", "bvs": {"hp": 69, "atk": 69, "def": 76, "spa": 69, "spd": 86, "spe": 91}, "stats": {"hp": 279, "atk": 181, "def": 194, "spa": 181, "spd": 213, "spe": 222}, "types": ["Water"]}}]}