{"id": "gen9randombattle-2642142805", "format": "[Gen 9] Random Battle", "players": ["forcemajor14", "botbeater6767"], "log": "|badge|p2|bronze|gen9randombattle|100-10\n|uhtml|medal-msg|<div class=\"broadcast-blue\">Curious what those medals under the avatar are? PS now has Ladder Seasons! For more information, check out the <a href=\"https://www.smogon.com/forums/threads/3740067/\">thread on Smogon.</a></div>\n|j|\u2606forcemajor14\n|j|\u2606botbeater6767\n|t:|1782899131\n|gametype|singles\n|player|p1|forcemajor14|266|2219\n|player|p2|botbeater6767|265|2245\n|gen|9\n|tier|[Gen 9] Random Battle\n|rated|\n|rule|Species Clause: Limit one of each Pok\u00e9mon\n|rule|HP Percentage Mod: HP is shown in percentages\n|rule|Sleep Clause Mod: Limit one foe put to sleep\n|rule|Illusion Level Mod: Illusion disguises the Pok\u00e9mon's true level\n|\n|t:|1782899131\n|teamsize|p1|6\n|teamsize|p2|6\n|start\n|switch|p1a: Brute Bonnet|Brute Bonnet, L80|309/309\n|switch|p2a: Kyurem|Kyurem, L77|319/319\n|-ability|p2a: Kyurem|Pressure\n|turn|1\n|c|\u2606botbeater6767|hf\n|inactive|Battle timer is ON: inactive players will automatically lose when time's up. (requested by botbeater6767)\n|\n|t:|1782899137\n|-end|p1a: Brute Bonnet|Protosynthesis|[silent]\n|switch|p1a: Cinderace|Cinderace, L77, M|249/249\n|move|p2a: Kyurem|Ice Beam|p1a: Cinderace\n|-resisted|p1a: Cinderace\n|-damage|p1a: Cinderace|162/249\n|-status|p1a: Cinderace|frz\n|\n|upkeep\n|turn|2\n|inactive|forcemajor14 also wants the timer to be on.\n|\n|t:|1782899145\n|cant|p1a: Cinderace|frz\n|move|p2a: Kyurem|Ice Beam|p1a: Cinderace\n|-resisted|p1a: Cinderace\n|-damage|p1a: Cinderace|75/249 frz\n|\n|upkeep\n|turn|3\n|\n|t:|1782899148\n|switch|p1a: Blissey|Blissey, L85, F|572/572\n|move|p2a: Kyurem|Ice Beam|p1a: Blissey\n|-damage|p1a: Blissey|457/572\n|\n|-heal|p1a: Blissey|492/572|[from] item: Leftovers\n|upkeep\n|turn|4\n|\n|t:|1782899151\n|move|p2a: Kyurem|Ice Beam|p1a: Blissey\n|-damage|p1a: Blissey|377/572\n|move|p1a: Blissey|Stealth Rock|p2a: Kyurem\n|-sidestart|p2: botbeater6767|move: Stealth Rock\n|\n|-heal|p1a: Blissey|412/572|[from] item: Leftovers\n|upkeep\n|turn|5\n|\n|t:|1782899155\n|move|p2a: Kyurem|Ice Beam|p1a: Blissey\n|-crit|p1a: Blissey\n|-damage|p1a: Blissey|246/572\n|move|p1a: Blissey|Thunder Wave|p2a: Kyurem\n|-status|p2a: Kyurem|par\n|\n|-heal|p1a: Blissey|281/572|[from] item: Leftovers\n|upkeep\n|turn|6\n|\n|t:|1782899157\n|move|p1a: Blissey|Soft-Boiled|p1a: Blissey\n|-heal|p1a: Blissey|567/572\n|move|p2a: Kyurem|Ice Beam|p1a: Blissey\n|-damage|p1a: Blissey|450/572\n|-status|p1a: Blissey|frz\n|\n|-heal|p1a: Blissey|485/572 frz|[from] item: Leftovers\n|upkeep\n|turn|7\n|\n|t:|1782899161\n|cant|p1a: Blissey|frz\n|cant|p2a: Kyurem|par\n|\n|-heal|p1a: Blissey|520/572 frz|[from] item: Leftovers\n|upkeep\n|turn|8\n|\n|t:|1782899164\n|-curestatus|p1a: Blissey|frz|[msg]\n|move|p1a: Blissey|Seismic Toss|p2a: Kyurem\n|-damage|p2a: Kyurem|234/319 par\n|move|p2a: Kyurem|Ice Beam|p1a: Blissey\n|-damage|p1a: Blissey|411/572\n|\n|-heal|p1a: Blissey|446/572|[from] item: Leftovers\n|upkeep\n|turn|9\n|\n|t:|1782899166\n|move|p1a: Blissey|Seismic Toss|p2a: Kyurem\n|-damage|p2a: Kyurem|149/319 par\n|move|p2a: Kyurem|Ice Beam|p1a: Blissey\n|-damage|p1a: Blissey|344/572\n|-status|p1a: Blissey|frz\n|\n|-heal|p1a: Blissey|379/572 frz|[from] item: Leftovers\n|upkeep\n|turn|10\n|\n|t:|1782899172\n|cant|p1a: Blissey|frz\n|cant|p2a: Kyurem|par\n|\n|-heal|p1a: Blissey|414/572 frz|[from] item: Leftovers\n|upkeep\n|turn|11\n|\n|t:|1782899175\n|cant|p1a: Blissey|frz\n|cant|p2a: Kyurem|par\n|\n|-heal|p1a: Blissey|449/572 frz|[from] item: Leftovers\n|upkeep\n|turn|12\n|\n|t:|1782899178\n|cant|p1a: Blissey|frz\n|move|p2a: Kyurem|Ice Beam|p1a: Blissey\n|-damage|p1a: Blissey|338/572 frz\n|\n|-heal|p1a: Blissey|373/572 frz|[from] item: Leftovers\n|upkeep\n|turn|13\n|\n|t:|1782899179\n|cant|p1a: Blissey|frz\n|move|p2a: Kyurem|Ice Beam|p1a: Blissey\n|-damage|p1a: Blissey|273/572 frz\n|\n|-heal|p1a: Blissey|308/572 frz|[from] item: Leftovers\n|upkeep\n|turn|14\n|\n|t:|1782899183\n|cant|p1a: Blissey|frz\n|move|p2a: Kyurem|Ice Beam|p1a: Blissey\n|-damage|p1a: Blissey|209/572 frz\n|\n|-heal|p1a: Blissey|244/572 frz|[from] item: Leftovers\n|upkeep\n|turn|15\n|\n|t:|1782899187\n|cant|p1a: Blissey|frz\n|cant|p2a: Kyurem|par\n|\n|-heal|p1a: Blissey|279/572 frz|[from] item: Leftovers\n|upkeep\n|turn|16\n|\n|t:|1782899189\n|cant|p1a: Blissey|frz\n|move|p2a: Kyurem|Ice Beam|p1a: Blissey\n|-damage|p1a: Blissey|162/572 frz\n|\n|-heal|p1a: Blissey|197/572 frz|[from] item: Leftovers\n|upkeep\n|turn|17\n|\n|t:|1782899191\n|cant|p1a: Blissey|frz\n|move|p2a: Kyurem|Ice Beam|p1a: Blissey\n|-damage|p1a: Blissey|83/572 frz\n|\n|-heal|p1a: Blissey|118/572 frz|[from] item: Leftovers\n|upkeep\n|turn|18\n|\n|t:|1782899194\n|cant|p1a: Blissey|frz\n|move|p2a: Kyurem|Ice Beam|p1a: Blissey\n|-damage|p1a: Blissey|7/572 frz\n|\n|-heal|p1a: Blissey|42/572 frz|[from] item: Leftovers\n|upkeep\n|turn|19\n|\n|t:|1782899197\n|cant|p1a: Blissey|frz\n|cant|p2a: Kyurem|par\n|\n|-heal|p1a: Blissey|77/572 frz|[from] item: Leftovers\n|upkeep\n|turn|20\n|\n|t:|1782899199\n|cant|p1a: Blissey|frz\n|cant|p2a: Kyurem|par\n|\n|-heal|p1a: Blissey|112/572 frz|[from] item: Leftovers\n|upkeep\n|turn|21\n|\n|t:|1782899204\n|cant|p1a: Blissey|frz\n|cant|p2a: Kyurem|par\n|\n|-heal|p1a: Blissey|147/572 frz|[from] item: Leftovers\n|upkeep\n|turn|22\n|\n|t:|1782899208\n|-curestatus|p1a: Blissey|frz|[msg]\n|move|p1a: Blissey|Soft-Boiled|p1a: Blissey\n|-heal|p1a: Blissey|433/572\n|move|p2a: Kyurem|Ice Beam|p1a: Blissey\n|-damage|p1a: Blissey|324/572\n|\n|-heal|p1a: Blissey|359/572|[from] item: Leftovers\n|upkeep\n|turn|23\n|\n|t:|1782899213\n|move|p1a: Blissey|Seismic Toss|p2a: Kyurem\n|-damage|p2a: Kyurem|64/319 par\n|move|p2a: Kyurem|Ice Beam|p1a: Blissey\n|-damage|p1a: Blissey|244/572\n|\n|-heal|p1a: Blissey|279/572|[from] item: Leftovers\n|upkeep\n|turn|24\n|\n|t:|1782899216\n|switch|p2a: Necrozma|Necrozma-Dusk-Mane, L69|248/248\n|-damage|p2a: Necrozma|233/248|[from] Stealth Rock\n|move|p1a: Blissey|Soft-Boiled|p1a: Blissey\n|-heal|p1a: Blissey|565/572\n|\n|-heal|p1a: Blissey|572/572|[from] item: Leftovers\n|upkeep\n|turn|25\n|\n|t:|1782899217\n|switch|p1a: Hippowdon|Hippowdon, L82, M|311/311\n|-weather|Sandstorm|[from] ability: Sand Stream|[of] p1a: Hippowdon\n|move|p2a: Necrozma|Earthquake|p1a: Hippowdon\n|-damage|p1a: Hippowdon|253/311\n|\n|-weather|Sandstorm|[upkeep]\n|-heal|p1a: Hippowdon|272/311|[from] item: Leftovers\n|upkeep\n|turn|26\n|\n|t:|1782899219\n|switch|p2a: Wo-Chien|Wo-Chien, L83|277/277\n|-damage|p2a: Wo-Chien|243/277|[from] Stealth Rock\n|-ability|p2a: Wo-Chien|Tablets of Ruin\n|move|p1a: Hippowdon|Earthquake|p2a: Wo-Chien\n|-resisted|p2a: Wo-Chien\n|-damage|p2a: Wo-Chien|201/277\n|\n|-weather|Sandstorm|[upkeep]\n|-damage|p2a: Wo-Chien|184/277|[from] Sandstorm\n|-heal|p2a: Wo-Chien|201/277|[from] item: Leftovers\n|-heal|p1a: Hippowdon|291/311|[from] item: Leftovers\n|upkeep\n|turn|27\n|\n|t:|1782899224\n|switch|p1a: Blissey|Blissey, L85, F|572/572\n|move|p2a: Wo-Chien|Knock Off|p1a: Blissey\n|-damage|p1a: Blissey|293/572\n|-enditem|p1a: Blissey|Leftovers|[from] move: Knock Off|[of] p2a: Wo-Chien\n|\n|-weather|Sandstorm|[upkeep]\n|-damage|p2a: Wo-Chien|184/277|[from] Sandstorm\n|-damage|p1a: Blissey|258/572|[from] Sandstorm\n|-heal|p2a: Wo-Chien|201/277|[from] item: Leftovers\n|upkeep\n|turn|28\n|\n|t:|1782899226\n|move|p2a: Wo-Chien|Leech Seed|p1a: Blissey\n|-start|p1a: Blissey|move: Leech Seed\n|move|p1a: Blissey|Thunder Wave|p2a: Wo-Chien|[miss]\n|-miss|p1a: Blissey|p2a: Wo-Chien\n|\n|-weather|Sandstorm|[upkeep]\n|-damage|p2a: Wo-Chien|184/277|[from] Sandstorm\n|-damage|p1a: Blissey|223/572|[from] Sandstorm\n|-heal|p2a: Wo-Chien|201/277|[from] item: Leftovers\n|-damage|p1a: Blissey|152/572|[from] Leech Seed|[of] p2a: Wo-Chien\n|-heal|p2a: Wo-Chien|272/277|[silent]\n|upkeep\n|turn|29\n|\n|t:|1782899228\n|switch|p1a: Brute Bonnet|Brute Bonnet, L80|309/309\n|move|p2a: Wo-Chien|Knock Off|p1a: Brute Bonnet\n|-resisted|p1a: Brute Bonnet\n|-damage|p1a: Brute Bonnet|267/309\n|-enditem|p1a: Brute Bonnet|Leftovers|[from] move: Knock Off|[of] p2a: Wo-Chien\n|\n|-weather|none\n|-heal|p2a: Wo-Chien|277/277|[from] item: Leftovers\n|upkeep\n|turn|30\n|\n|t:|1782899232\n|move|p2a: Wo-Chien|Knock Off|p1a: Brute Bonnet\n|-resisted|p1a: Brute Bonnet\n|-damage|p1a: Brute Bonnet|240/309\n|move|p1a: Brute Bonnet|Close Combat|p2a: Wo-Chien\n|-supereffective|p2a: Wo-Chien\n|-damage|p2a: Wo-Chien|137/277\n|-unboost|p1a: Brute Bonnet|def|1\n|-unboost|p1a: Brute Bonnet|spd|1\n|\n|-heal|p2a: Wo-Chien|154/277|[from] item: Leftovers\n|upkeep\n|turn|31\n|\n|t:|1782899236\n|move|p2a: Wo-Chien|Ruination|p1a: Brute Bonnet|[miss]\n|-miss|p2a: Wo-Chien|p1a: Brute Bonnet\n|move|p1a: Brute Bonnet|Close Combat|p2a: Wo-Chien\n|-supereffective|p2a: Wo-Chien\n|-damage|p2a: Wo-Chien|18/277\n|-unboost|p1a: Brute Bonnet|def|1\n|-unboost|p1a: Brute Bonnet|spd|1\n|\n|-heal|p2a: Wo-Chien|35/277|[from] item: Leftovers\n|upkeep\n|turn|32\n|\n|t:|1782899239\n|move|p2a: Wo-Chien|Knock Off|p1a: Brute Bonnet\n|-resisted|p1a: Brute Bonnet\n|-damage|p1a: Brute Bonnet|183/309\n|move|p1a: Brute Bonnet|Close Combat|p2a: Wo-Chien\n|-supereffective|p2a: Wo-Chien\n|-damage|p2a: Wo-Chien|0 fnt\n|-unboost|p1a: Brute Bonnet|def|1\n|-unboost|p1a: Brute Bonnet|spd|1\n|faint|p2a: Wo-Chien\n|\n|upkeep\n|\n|t:|1782899240\n|switch|p2a: Necrozma|Necrozma-Dusk-Mane, L69|233/248\n|-damage|p2a: Necrozma|218/248|[from] Stealth Rock\n|turn|33\n|\n|t:|1782899242\n|-end|p1a: Brute Bonnet|Protosynthesis|[silent]\n|switch|p1a: Hippowdon|Hippowdon, L82, M|291/311\n|-weather|Sandstorm|[from] ability: Sand Stream|[of] p1a: Hippowdon\n|move|p2a: Necrozma|Earthquake|p1a: Hippowdon\n|-damage|p1a: Hippowdon|236/311\n|\n|-weather|Sandstorm|[upkeep]\n|-heal|p1a: Hippowdon|255/311|[from] item: Leftovers\n|upkeep\n|turn|34\n|\n|t:|1782899249\n|move|p2a: Necrozma|Earthquake|p1a: Hippowdon\n|-damage|p1a: Hippowdon|198/311\n|move|p1a: Hippowdon|Earthquake|p2a: Necrozma\n|-supereffective|p2a: Necrozma\n|-damage|p2a: Necrozma|64/248\n|-enditem|p2a: Necrozma|Weakness Policy\n|-boost|p2a: Necrozma|atk|2|[from] item: Weakness Policy\n|-boost|p2a: Necrozma|spa|2|[from] item: Weakness Policy\n|\n|-weather|Sandstorm|[upkeep]\n|-heal|p1a: Hippowdon|217/311|[from] item: Leftovers\n|upkeep\n|turn|35\n|\n|t:|1782899254\n|move|p2a: Necrozma|Sunsteel Strike|p1a: Hippowdon\n|-damage|p1a: Hippowdon|49/311\n|move|p1a: Hippowdon|Earthquake|p2a: Necrozma\n|-supereffective|p2a: Necrozma\n|-damage|p2a: Necrozma|0 fnt\n|faint|p2a: Necrozma\n|\n|-weather|Sandstorm|[upkeep]\n|-heal|p1a: Hippowdon|68/311|[from] item: Leftovers\n|upkeep\n|\n|t:|1782899255\n|switch|p2a: Indeedee|Indeedee, L84, M|238/238\n|-damage|p2a: Indeedee|209/238|[from] Stealth Rock\n|-fieldstart|move: Psychic Terrain|[from] ability: Psychic Surge|[of] p2a: Indeedee\n|turn|36\n|\n|t:|1782899259\n|move|p2a: Indeedee|Hyper Voice|p1a: Hippowdon\n|-damage|p1a: Hippowdon|0 fnt\n|faint|p1a: Hippowdon\n|-damage|p2a: Indeedee|186/238|[from] item: Life Orb\n|\n|-weather|Sandstorm|[upkeep]\n|-damage|p2a: Indeedee|172/238|[from] Sandstorm\n|upkeep\n|\n|t:|1782899261\n|switch|p1a: Maushold|Maushold, L76|238/238\n|turn|37\n|\n|t:|1782899264\n|switch|p2a: Kyurem|Kyurem, L77|64/319 par\n|-damage|p2a: Kyurem|0 fnt|[from] Stealth Rock\n|faint|p2a: Kyurem\n|move|p1a: Maushold|Population Bomb|p2: Kyurem|[notarget]\n|-fail|p1a: Maushold\n|\n|-weather|none\n|upkeep\n|\n|t:|1782899265\n|switch|p2a: Regice|Regice, L88|284/284\n|turn|38\n|\n|t:|1782899267\n|move|p1a: Maushold|Population Bomb|p2a: Regice\n|-damage|p2a: Regice|262/284\n|-damage|p2a: Regice|243/284\n|-damage|p2a: Regice|222/284\n|-damage|p2a: Regice|201/284\n|-damage|p2a: Regice|182/284\n|-damage|p2a: Regice|161/284\n|-damage|p2a: Regice|142/284\n|-damage|p2a: Regice|124/284\n|-damage|p2a: Regice|106/284\n|-damage|p2a: Regice|87/284\n|-hitcount|p2a: Regice|10\n|move|p2a: Regice|Ice Beam|p1a: Maushold\n|-damage|p1a: Maushold|100/238\n|\n|upkeep\n|turn|39\n|\n|t:|1782899272\n|move|p1a: Maushold|Population Bomb|p2a: Regice\n|-damage|p2a: Regice|66/284\n|-damage|p2a: Regice|47/284\n|-damage|p2a: Regice|26/284\n|-damage|p2a: Regice|5/284\n|-damage|p2a: Regice|0 fnt\n|faint|p2a: Regice\n|-hitcount|p2: Regice|5\n|\n|upkeep\n|\n|t:|1782899273\n|switch|p2a: Dedenne|Dedenne, L88, F|261/261\n|-damage|p2a: Dedenne|229/261|[from] Stealth Rock\n|turn|40\n|\n|t:|1782899276\n|move|p2a: Dedenne|Thunderbolt|p1a: Maushold\n|-damage|p1a: Maushold|0 fnt\n|faint|p1a: Maushold\n|\n|-fieldend|move: Psychic Terrain\n|upkeep\n|\n|t:|1782899278\n|switch|p1a: Delphox|Delphox, L84, F|263/263\n|turn|41\n|\n|t:|1782899282\n|move|p2a: Dedenne|Super Fang|p1a: Delphox\n|-damage|p1a: Delphox|132/263\n|move|p1a: Delphox|Fire Blast|p2a: Dedenne\n|-damage|p2a: Dedenne|82/261\n|-enditem|p2a: Dedenne|Sitrus Berry|[eat]\n|-heal|p2a: Dedenne|147/261|[from] item: Sitrus Berry\n|-heal|p2a: Dedenne|234/261|[from] ability: Cheek Pouch\n|\n|upkeep\n|turn|42\n|\n|t:|1782899284\n|move|p2a: Dedenne|Thunderbolt|p1a: Delphox\n|-damage|p1a: Delphox|51/263\n|move|p1a: Delphox|Fire Blast|p2a: Dedenne|[miss]\n|-miss|p1a: Delphox|p2a: Dedenne\n|\n|upkeep\n|turn|43\n|\n|t:|1782899287\n|switch|p1a: Blissey|Blissey, L85, F|152/572\n|move|p2a: Dedenne|Thunderbolt|p1a: Blissey\n|-damage|p1a: Blissey|83/572\n|\n|upkeep\n|turn|44\n|\n|t:|1782899291\n|move|p2a: Dedenne|Thunderbolt|p1a: Blissey\n|-damage|p1a: Blissey|23/572\n|move|p1a: Blissey|Soft-Boiled|p1a: Blissey\n|-heal|p1a: Blissey|309/572\n|\n|upkeep\n|turn|45\n|\n|t:|1782899294\n|move|p2a: Dedenne|Super Fang|p1a: Blissey\n|-damage|p1a: Blissey|155/572\n|move|p1a: Blissey|Soft-Boiled|p1a: Blissey\n|-heal|p1a: Blissey|441/572\n|\n|upkeep\n|turn|46\n|\n|t:|1782899296\n|move|p2a: Dedenne|Super Fang|p1a: Blissey\n|-damage|p1a: Blissey|221/572\n|move|p1a: Blissey|Seismic Toss|p2a: Dedenne\n|-damage|p2a: Dedenne|149/261\n|\n|upkeep\n|turn|47\n|\n|t:|1782899299\n|move|p2a: Dedenne|Super Fang|p1a: Blissey\n|-damage|p1a: Blissey|111/572\n|move|p1a: Blissey|Soft-Boiled|p1a: Blissey\n|-heal|p1a: Blissey|397/572\n|\n|upkeep\n|turn|48\n|\n|t:|1782899304\n|move|p2a: Dedenne|Super Fang|p1a: Blissey\n|-damage|p1a: Blissey|199/572\n|move|p1a: Blissey|Seismic Toss|p2a: Dedenne\n|-damage|p2a: Dedenne|64/261\n|\n|upkeep\n|turn|49\n|\n|t:|1782899307\n|move|p2a: Dedenne|U-turn|p1a: Blissey\n|-damage|p1a: Blissey|94/572\n|\n|t:|1782899308\n|switch|p2a: Indeedee|Indeedee, L84, M|172/238|[from] U-turn\n|-damage|p2a: Indeedee|143/238|[from] Stealth Rock\n|-fieldstart|move: Psychic Terrain|[from] ability: Psychic Surge|[of] p2a: Indeedee\n|move|p1a: Blissey|Soft-Boiled|p1a: Blissey\n|-heal|p1a: Blissey|380/572\n|\n|upkeep\n|turn|50\n|\n|t:|1782899310\n|-terastallize|p2a: Indeedee|Psychic\n|move|p2a: Indeedee|Expanding Force|p1a: Blissey\n|-damage|p1a: Blissey|149/572\n|-damage|p2a: Indeedee|120/238|[from] item: Life Orb\n|move|p1a: Blissey|Thunder Wave|p2a: Indeedee\n|-status|p2a: Indeedee|par\n|\n|upkeep\n|turn|51\n|\n|t:|1782899314\n|move|p1a: Blissey|Soft-Boiled|p1a: Blissey\n|-heal|p1a: Blissey|435/572\n|move|p2a: Indeedee|Hyper Voice|p1a: Blissey\n|-damage|p1a: Blissey|344/572\n|-damage|p2a: Indeedee|97/238 par|[from] item: Life Orb\n|\n|upkeep\n|turn|52\n|\n|t:|1782899315\n|move|p1a: Blissey|Seismic Toss|p2a: Indeedee\n|-damage|p2a: Indeedee|12/238 par\n|cant|p2a: Indeedee|par\n|\n|upkeep\n|turn|53\n|\n|t:|1782899317\n|move|p1a: Blissey|Seismic Toss|p2a: Indeedee\n|-damage|p2a: Indeedee|0 fnt\n|faint|p2a: Indeedee\n|\n|-fieldend|move: Psychic Terrain\n|upkeep\n|\n|t:|1782899318\n|switch|p2a: Dedenne|Dedenne, L88, F|64/261\n|-damage|p2a: Dedenne|32/261|[from] Stealth Rock\n|turn|54\n|\n|t:|1782899322\n|move|p2a: Dedenne|Thunderbolt|p1a: Blissey\n|-crit|p1a: Blissey\n|-damage|p1a: Blissey|236/572\n|move|p1a: Blissey|Seismic Toss|p2a: Dedenne\n|-damage|p2a: Dedenne|0 fnt\n|faint|p2a: Dedenne\n|\n|win|forcemajor14\n|raw|forcemajor14's rating: 2213 &rarr; <strong>2235</strong><br />(+22 for winning)\n|raw|botbeater6767's rating: 2245 &rarr; <strong>2223</strong><br />(-22 for losing)\n|c|\u2606botbeater6767|gg\n", "inputlog": ">version f8ac14003a5f27e1bdc8d8c59608a773c1cb96e5\n>start {\"formatid\":\"gen9randombattle\",\"seed\":\"sodium,169a7958386c0db5c78c4f960eec84cd\",\"rated\":\"Rated battle\"}\n>player p1 {\"name\":\"forcemajor14\",\"avatar\":\"266\",\"rating\":2219,\"seed\":\"sodium,539bbecca108074a9131e517a2a58638\"}\n>player p2 {\"name\":\"botbeater6767\",\"avatar\":\"265\",\"rating\":2245,\"seed\":\"sodium,3539823a772de29d49a6785e5cebf32d\"}\n>chat \u2606botbeater6767|hf\n>p1 switch 3\n>p2 move icebeam\n>p1 move highjumpkick\n>p2 move icebeam\n>p1 switch 5\n>p2 move icebeam\n>p1 move stealthrock\n>p2 move icebeam\n>p1 move thunderwave\n>p2 move icebeam\n>p1 move softboiled\n>p2 move icebeam\n>p1 move seismictoss\n>p2 move icebeam\n>p1 move seismictoss\n>p2 move icebeam\n>p1 move seismictoss\n>p2 move icebeam\n>p1 move seismictoss\n>p2 move icebeam\n>p1 move seismictoss\n>p2 move icebeam\n>p1 move seismictoss\n>p2 move icebeam\n>p1 move seismictoss\n>p2 move icebeam\n>p1 move seismictoss\n>p2 move icebeam\n>p1 move softboiled\n>p2 move icebeam\n>p1 move softboiled\n>p2 move icebeam\n>p1 move softboiled\n>p2 move icebeam\n>p1 move softboiled\n>p2 move icebeam\n>p1 move softboiled\n>p2 move icebeam\n>p1 move softboiled\n>p2 move icebeam\n>p1 move softboiled\n>p2 move icebeam\n>p1 move softboiled\n>p2 move icebeam\n>p1 move seismictoss\n>p2 move icebeam\n>p1 move softboiled\n>p2 switch 3\n>p1 switch 6\n>p2 move earthquake\n>p1 move earthquake\n>p2 switch 2\n>p1 switch 6\n>p2 move knockoff\n>p1 move thunderwave\n>p2 move leechseed\n>p1 switch 3\n>p2 move knockoff\n>p1 move closecombat\n>p2 move knockoff\n>p1 move closecombat\n>p2 move ruination\n>p1 move closecombat\n>p2 move knockoff\n>p2 switch 2\n>p1 switch 6\n>p2 move earthquake\n>p1 move earthquake\n>p2 move earthquake\n>p1 move earthquake\n>p2 move sunsteelstrike\n>p2 switch 5\n>p1 move earthquake\n>p2 move hypervoice\n>p1 switch 2\n>p1 move populationbomb\n>p2 switch 3\n>p2 switch 4\n>p1 move populationbomb\n>p2 move icebeam\n>p1 move populationbomb\n>p2 move icebeam\n>p2 switch 6\n>p1 move tidyup\n>p2 move thunderbolt\n>p1 switch 4\n>p1 move fireblast\n>p2 move superfang\n>p1 move fireblast\n>p2 move thunderbolt\n>p1 switch 3\n>p2 move thunderbolt\n>p1 move softboiled\n>p2 move thunderbolt\n>p1 move softboiled\n>p2 move superfang\n>p1 move seismictoss\n>p2 move superfang\n>p1 move softboiled\n>p2 move superfang\n>p1 move seismictoss\n>p2 move superfang\n>p1 move softboiled\n>p2 move uturn\n>p2 switch 3\n>p1 move thunderwave\n>p2 move expandingforce terastallize\n>p1 move softboiled\n>p2 move hypervoice\n>p1 move seismictoss\n>p2 move shadowball\n>p1 move seismictoss\n>p2 move expandingforce\n>p2 switch 3\n>p1 move seismictoss\n>p2 move thunderbolt", "uploadtime": 1782899323, "views": 2, "formatid": "gen9randombattle", "rating": 2223, "private": 0, "password": null, "player_dets": [{"name": "forcemajor14", "avatar": "266", "rating": 2219, "seed": "sodium,539bbecca108074a9131e517a2a58638"}, {"name": "botbeater6767", "avatar": "265", "rating": 2245, "seed": "sodium,3539823a772de29d49a6785e5cebf32d"}], "teams_full": [{"Brute Bonnet": {"name": "Brute Bonnet", "species": "Brute Bonnet", "speciesId": "brutebonnet", "gender": "N", "shiny": false, "level": 80, "moves": ["crunch", "suckerpunch", "closecombat", "spore"], "ability": "Protosynthesis", "evs": {"hp": 85, "atk": 85, "def": 85, "spa": 85, "spd": 85, "spe": 85}, "ivs": {"hp": 31, "atk": 31, "def": 31, "spa": 31, "spd": 31, "spe": 31}, "item": "Leftovers", "teraType": "Poison", "role": "Bulky Attacker", "bvs": {"hp": 111, "atk": 127, "def": 99, "spa": 79, "spd": 99, "spe": 55}, "stats": {"hp": 309, "atk": 249, "def": 205, "spa": 173, "spd": 205, "spe": 134}, "types": ["Grass", "Dark"]}, "Maushold": {"name": "Maushold", "species": "Maushold", "speciesId": "maushold", "gender": "N", "shiny": false, "level": 76, "moves": ["populationbomb", "encore", "bite", "tidyup"], "ability": "Technician", "evs": {"hp": 85, "atk": 85, "def": 85, "spa": 85, "spd": 85, "spe": 85}, "ivs": {"hp": 31, "atk": 31, "def": 31, "spa": 31, "spd": 31, "spe": 31}, "item": "Wide Lens", "teraType": "Ghost", "role": "Setup Sweeper", "bvs": {"hp": 74, "atk": 75, "def": 70, "spa": 65, "spd": 75, "spe": 111}, "stats": {"hp": 238, "atk": 158, "def": 150, "spa": 143, "spd": 158, "spe": 213}, "types": ["Normal"]}, "Cinderace": {"name": "Cinderace", "species": "Cinderace", "speciesId": "cinderace", "gender": "M", "shiny": false, "level": 77, "moves": ["highjumpkick", "pyroball", "gunkshot", "uturn"], "ability": "Libero", "evs": {"hp": 81, "atk": 85, "def": 85, "spa": 85, "spd": 85, "spe": 85}, "ivs": {"hp": 31, "atk": 31, "def": 31, "spa": 31, "spd": 31, "spe": 31}, "item": "Choice Band", "teraType": "Fire", "role": "Wallbreaker", "bvs": {"hp": 80, "atk": 116, "def": 75, "spa": 65, "spd": 75, "spe": 119}, "stats": {"hp": 249, "atk": 223, "def": 160, "spa": 145, "spd": 160, "spe": 228}, "types": ["Fire"]}, "Delphox": {"name": "Delphox", "species": "Delphox", "speciesId": "delphox", "gender": "F", "shiny": false, "level": 84, "moves": ["psyshock", "focusblast", "nastyplot", "fireblast"], "ability": "Blaze", "evs": {"hp": 85, "atk": 0, "def": 85, "spa": 85, "spd": 85, "spe": 85}, "ivs": {"hp": 31, "atk": 0, "def": 31, "spa": 31, "spd": 31, "spe": 31}, "item": "Heavy-Duty Boots", "teraType": "Fire", "role": "Fast Attacker", "bvs": {"hp": 75, "atk": 69, "def": 72, "spa": 114, "spd": 100, "spe": 104}, "stats": {"hp": 263, "atk": 120, "def": 169, "spa": 240, "spd": 216, "spe": 223}, "types": ["Fire", "Psychic"]}, "Blissey": {"name": "Blissey", "species": "Blissey", "speciesId": "blissey", "gender": "F", "shiny": false, "level": 85, "moves": ["softboiled", "seismictoss", "stealthrock", "thunderwave"], "ability": "Natural Cure", "evs": {"hp": 85, "atk": 0, "def": 85, "spa": 85, "spd": 85, "spe": 85}, "ivs": {"hp": 31, "atk": 0, "def": 31, "spa": 31, "spd": 31, "spe": 31}, "item": "Leftovers", "teraType": "Dark", "role": "Bulky Support", "bvs": {"hp": 255, "atk": 10, "def": 10, "spa": 75, "spd": 135, "spe": 55}, "stats": {"hp": 572, "atk": 22, "def": 66, "spa": 176, "spd": 278, "spe": 142}, "types": ["Normal"]}, "Hippowdon": {"name": "Hippowdon", "species": "Hippowdon", "speciesId": "hippowdon", "gender": "M", "shiny": false, "level": 82, "moves": ["slackoff", "stoneedge", "earthquake", "curse"], "ability": "Sand Stream", "evs": {"hp": 85, "atk": 85, "def": 85, "spa": 85, "spd": 85, "spe": 85}, "ivs": {"hp": 31, "atk": 31, "def": 31, "spa": 31, "spd": 31, "spe": 31}, "item": "Leftovers", "teraType": "Steel", "role": "Bulky Setup", "bvs": {"hp": 108, "atk": 112, "def": 118, "spa": 68, "spd": 72, "spe": 47}, "stats": {"hp": 311, "atk": 231, "def": 241, "spa": 159, "spd": 165, "spe": 124}, "types": ["Ground"]}}, {"Kyurem": {"name": "Kyurem", "species": "Kyurem", "speciesId": "kyurem", "gender": "N", "shiny": false, "level": 77, "moves": ["earthpower", "icebeam", "dracometeor", "freezedry"], "ability": "Pressure", "evs": {"hp": 85, "atk": 0, "def": 85, "spa": 85, "spd": 85, "spe": 85}, "ivs": {"hp": 31, "atk": 0, "def": 31, "spa": 31, "spd": 31, "spe": 31}, "item": "Choice Specs", "teraType": "Ground", "role": "Wallbreaker", "bvs": {"hp": 125, "atk": 130, "def": 90, "spa": 130, "spd": 90, "spe": 95}, "stats": {"hp": 319, "atk": 205, "def": 183, "spa": 245, "spd": 183, "spe": 191}, "types": ["Dragon", "Ice"]}, "Wo-Chien": {"name": "Wo-Chien", "species": "Wo-Chien", "speciesId": "wochien", "gender": "N", "shiny": false, "level": 83, "moves": ["leechseed", "ruination", "protect", "knockoff"], "ability": "Tablets of Ruin", "evs": {"hp": 85, "atk": 85, "def": 85, "spa": 85, "spd": 85, "spe": 85}, "ivs": {"hp": 31, "atk": 31, "def": 31, "spa": 31, "spd": 31, "spe": 31}, "item": "Leftovers", "teraType": "Poison", "role": "Bulky Support", "bvs": {"hp": 85, "atk": 85, "def": 100, "spa": 95, "spd": 135, "spe": 70}, "stats": {"hp": 277, "atk": 189, "def": 214, "spa": 205, "spd": 272, "spe": 164}, "types": ["Dark", "Grass"]}, "Necrozma": {"name": "Necrozma", "species": "Necrozma-Dusk-Mane", "speciesId": "necrozmaduskmane", "gender": "N", "shiny": false, "level": 69, "moves": ["dragondance", "sunsteelstrike", "earthquake", "morningsun"], "ability": "Prism Armor", "evs": {"hp": 85, "atk": 85, "def": 85, "spa": 85, "spd": 85, "spe": 85}, "ivs": {"hp": 31, "atk": 31, "def": 31, "spa": 31, "spd": 31, "spe": 31}, "item": "Weakness Policy", "teraType": "Water", "role": "Bulky Setup", "bvs": {"hp": 97, "atk": 157, "def": 127, "spa": 113, "spd": 109, "spe": 77}, "stats": {"hp": 248, "atk": 257, "def": 216, "spa": 196, "spd": 191, "spe": 147}, "types": ["Psychic", "Steel"]}, "Regice": {"name": "Regice", "species": "Regice", "speciesId": "regice", "gender": "N", "shiny": false, "level": 88, "moves": ["sleeptalk", "icebeam", "thunderbolt", "rest"], "ability": "Clear Body", "evs": {"hp": 85, "atk": 0, "def": 85, "spa": 85, "spd": 85, "spe": 85}, "ivs": {"hp": 31, "atk": 0, "def": 31, "spa": 31, "spd": 31, "spe": 31}, "item": "Heavy-Duty Boots", "teraType": "Electric", "role": "Bulky Attacker", "bvs": {"hp": 80, "atk": 50, "def": 100, "spa": 100, "spd": 200, "spe": 50}, "stats": {"hp": 284, "atk": 93, "def": 226, "spa": 226, "spd": 402, "spe": 138}, "types": ["Ice"]}, "Indeedee": {"name": "Indeedee", "species": "Indeedee", "speciesId": "indeedee", "gender": "M", "shiny": false, "level": 84, "moves": ["hypervoice", "expandingforce", "calmmind", "shadowball"], "ability": "Psychic Surge", "evs": {"hp": 85, "atk": 0, "def": 85, "spa": 85, "spd": 85, "spe": 85}, "ivs": {"hp": 31, "atk": 0, "def": 31, "spa": 31, "spd": 31, "spe": 31}, "item": "Life Orb", "teraType": "Psychic", "role": "Fast Attacker", "bvs": {"hp": 60, "atk": 65, "def": 55, "spa": 105, "spd": 95, "spe": 95}, "stats": {"hp": 238, "atk": 114, "def": 141, "spa": 225, "spd": 208, "spe": 208}, "types": ["Psychic", "Normal"]}, "Dedenne": {"name": "Dedenne", "species": "Dedenne", "speciesId": "dedenne", "gender": "F", "shiny": false, "level": 88, "moves": ["dazzlinggleam", "uturn", "thunderbolt", "superfang"], "ability": "Cheek Pouch", "evs": {"hp": 85, "atk": 85, "def": 85, "spa": 85, "spd": 85, "spe": 85}, "ivs": {"hp": 31, "atk": 31, "def": 31, "spa": 31, "spd": 31, "spe": 31}, "item": "Sitrus Berry", "teraType": "Flying", "role": "Fast Support", "bvs": {"hp": 67, "atk": 58, "def": 57, "spa": 81, "spd": 67, "spe": 101}, "stats": {"hp": 261, "atk": 152, "def": 151, "spa": 193, "spd": 168, "spe": 228}, "types": ["Electric", "Fairy"]}}]}