{"id": "gen9randombattle-2641755161", "format": "[Gen 9] Random Battle", "players": ["YeetFleetSkeet", "auraitsitsd"], "log": "|j|\u2606YeetFleetSkeet\n|j|\u2606auraitsitsd\n|t:|1782838037\n|gametype|singles\n|player|p1|YeetFleetSkeet|lance|1901\n|player|p2|auraitsitsd|170|1905\n|gen|9\n|tier|[Gen 9] Random Battle\n|rated|\n|rule|Species Clause: Limit one of each Pok\u00e9mon\n|rule|HP Percentage Mod: HP is shown in percentages\n|rule|Sleep Clause Mod: Limit one foe put to sleep\n|rule|Illusion Level Mod: Illusion disguises the Pok\u00e9mon's true level\n|\n|t:|1782838037\n|teamsize|p1|6\n|teamsize|p2|6\n|start\n|switch|p1a: Rhyperior|Rhyperior, L82, M|323/323\n|switch|p2a: Seviper|Seviper, L93, M|287/287\n|turn|1\n|inactive|Battle timer is ON: inactive players will automatically lose when time's up. (requested by auraitsitsd)\n|\n|t:|1782838062\n|move|p2a: Seviper|Giga Drain|p1a: Rhyperior\n|-supereffective|p1a: Rhyperior\n|-damage|p1a: Rhyperior|93/323\n|-damage|p2a: Seviper|259/287|[from] item: Life Orb\n|move|p1a: Rhyperior|Earthquake|p2a: Seviper\n|-supereffective|p2a: Seviper\n|-damage|p2a: Seviper|0 fnt\n|faint|p2a: Seviper\n|\n|upkeep\n|\n|t:|1782838068\n|switch|p2a: Alomomola|Alomomola, L87, M|429/429\n|turn|2\n|\n|t:|1782838075\n|switch|p1a: Uxie|Uxie, L83|260/260\n|move|p2a: Alomomola|Flip Turn|p1a: Uxie\n|-damage|p1a: Uxie|221/260\n|\n|t:|1782838093\n|switch|p2a: Vigoroth|Vigoroth, L85, M|275/275|[from] Flip Turn\n|\n|-heal|p1a: Uxie|237/260|[from] item: Leftovers\n|upkeep\n|turn|3\n|\n|t:|1782838118\n|move|p1a: Uxie|Knock Off|p2a: Vigoroth\n|-crit|p2a: Vigoroth\n|-damage|p2a: Vigoroth|209/275\n|-enditem|p2a: Vigoroth|Eviolite|[from] move: Knock Off|[of] p1a: Uxie\n|move|p2a: Vigoroth|Bulk Up|p2a: Vigoroth\n|-boost|p2a: Vigoroth|atk|1\n|-boost|p2a: Vigoroth|def|1\n|\n|-heal|p1a: Uxie|253/260|[from] item: Leftovers\n|upkeep\n|turn|4\n|\n|t:|1782838122\n|move|p1a: Uxie|Thunder Wave|p2a: Vigoroth\n|-status|p2a: Vigoroth|par\n|cant|p2a: Vigoroth|par\n|\n|-heal|p1a: Uxie|260/260|[from] item: Leftovers\n|upkeep\n|turn|5\n|\n|t:|1782838126\n|move|p1a: Uxie|U-turn|p2a: Vigoroth\n|-crit|p2a: Vigoroth\n|-damage|p2a: Vigoroth|143/275 par\n|\n|t:|1782838128\n|switch|p1a: Rhyperior|Rhyperior, L82, M|93/323|[from] U-turn\n|cant|p2a: Vigoroth|par\n|\n|upkeep\n|turn|6\n|\n|t:|1782838137\n|move|p1a: Rhyperior|Earthquake|p2a: Vigoroth\n|-damage|p2a: Vigoroth|53/275 par\n|cant|p2a: Vigoroth|par\n|\n|upkeep\n|turn|7\n|\n|t:|1782838140\n|move|p1a: Rhyperior|Earthquake|p2a: Vigoroth\n|-damage|p2a: Vigoroth|0 fnt\n|faint|p2a: Vigoroth\n|\n|upkeep\n|\n|t:|1782838144\n|switch|p2a: Iron Bundle|Iron Bundle, L78|215/215\n|turn|8\n|\n|t:|1782838149\n|move|p2a: Iron Bundle|Freeze-Dry|p1a: Rhyperior\n|-supereffective|p1a: Rhyperior\n|-damage|p1a: Rhyperior|0 fnt\n|faint|p1a: Rhyperior\n|\n|upkeep\n|\n|t:|1782838152\n|switch|p1a: Uxie|Uxie, L83|260/260\n|turn|9\n|\n|t:|1782838161\n|move|p2a: Iron Bundle|Hydro Pump|p1a: Uxie\n|-damage|p1a: Uxie|176/260\n|move|p1a: Uxie|Thunder Wave|p2a: Iron Bundle\n|-status|p2a: Iron Bundle|par\n|\n|-heal|p1a: Uxie|192/260|[from] item: Leftovers\n|upkeep\n|turn|10\n|\n|t:|1782838167\n|move|p1a: Uxie|Knock Off|p2a: Iron Bundle\n|-damage|p2a: Iron Bundle|164/215 par\n|-enditem|p2a: Iron Bundle|Heavy-Duty Boots|[from] move: Knock Off|[of] p1a: Uxie\n|move|p2a: Iron Bundle|Hydro Pump|p1a: Uxie\n|-damage|p1a: Uxie|102/260\n|\n|-heal|p1a: Uxie|118/260|[from] item: Leftovers\n|upkeep\n|turn|11\n|\n|t:|1782838178\n|move|p1a: Uxie|Psychic Noise|p2a: Iron Bundle\n|-damage|p2a: Iron Bundle|65/215 par\n|-start|p2a: Iron Bundle|move: Heal Block\n|move|p2a: Iron Bundle|Hydro Pump|p1a: Uxie\n|-damage|p1a: Uxie|33/260\n|\n|-heal|p1a: Uxie|49/260|[from] item: Leftovers\n|upkeep\n|turn|12\n|\n|t:|1782838188\n|move|p1a: Uxie|Psychic Noise|p2a: Iron Bundle\n|-damage|p2a: Iron Bundle|0 fnt\n|faint|p2a: Iron Bundle\n|-end|p2a: Iron Bundle|Quark Drive|[silent]\n|\n|-heal|p1a: Uxie|65/260|[from] item: Leftovers\n|upkeep\n|\n|t:|1782838193\n|switch|p2a: Alomomola|Alomomola, L87, M|429/429\n|turn|13\n|\n|t:|1782838205\n|move|p1a: Uxie|Thunder Wave|p2a: Alomomola\n|-status|p2a: Alomomola|par\n|move|p2a: Alomomola|Scald|p1a: Uxie\n|-damage|p1a: Uxie|31/260\n|-status|p1a: Uxie|brn\n|\n|-heal|p1a: Uxie|47/260 brn|[from] item: Leftovers\n|-damage|p1a: Uxie|31/260 brn|[from] brn\n|upkeep\n|turn|14\n|\n|t:|1782838212\n|move|p1a: Uxie|Knock Off|p2a: Alomomola\n|-damage|p2a: Alomomola|400/429 par\n|-enditem|p2a: Alomomola|Heavy-Duty Boots|[from] move: Knock Off|[of] p1a: Uxie\n|move|p2a: Alomomola|Wish|p2a: Alomomola\n|\n|-heal|p1a: Uxie|47/260 brn|[from] item: Leftovers\n|-damage|p1a: Uxie|31/260 brn|[from] brn\n|upkeep\n|turn|15\n|\n|t:|1782838217\n|move|p1a: Uxie|Psychic Noise|p2a: Alomomola\n|-damage|p2a: Alomomola|306/429 par\n|-start|p2a: Alomomola|move: Heal Block\n|move|p2a: Alomomola|Scald|p1a: Uxie\n|-damage|p1a: Uxie|0 fnt\n|faint|p1a: Uxie\n|\n|upkeep\n|\n|t:|1782838227\n|switch|p1a: Zangoose|Zangoose, L85, F|263/263\n|turn|16\n|\n|t:|1782838233\n|move|p1a: Zangoose|Facade|p2a: Alomomola\n|-damage|p2a: Alomomola|213/429 par\n|move|p2a: Alomomola|Flip Turn|p1a: Zangoose\n|-damage|p1a: Zangoose|188/263\n|\n|t:|1782838237\n|switch|p2a: Crabominable|Crabominable, L90, F|321/321|[from] Flip Turn\n|\n|-status|p1a: Zangoose|tox|[from] item: Toxic Orb\n|upkeep\n|turn|17\n|\n|t:|1782838256\n|switch|p1a: Alomomola|Alomomola, L87, M|429/429\n|move|p2a: Crabominable|Drain Punch|p1a: Alomomola\n|-damage|p1a: Alomomola|270/429\n|-damage|p2a: Crabominable|268/321|[from] item: Rocky Helmet|[of] p1a: Alomomola\n|\n|upkeep\n|turn|18\n|\n|t:|1782838260\n|move|p1a: Alomomola|Flip Turn|p2a: Crabominable\n|-damage|p2a: Crabominable|211/321\n|\n|t:|1782838263\n|switch|p1a: Houndstone|Houndstone, L86, M|264/264|[from] Flip Turn\n|move|p2a: Crabominable|Knock Off|p1a: Houndstone\n|-supereffective|p1a: Houndstone\n|-damage|p1a: Houndstone|171/264\n|-enditem|p1a: Houndstone|Leftovers|[from] move: Knock Off|[of] p2a: Crabominable\n|\n|upkeep\n|turn|19\n|\n|t:|1782838266\n|move|p1a: Houndstone|Body Press|p2a: Crabominable\n|-supereffective|p2a: Crabominable\n|-damage|p2a: Crabominable|89/321\n|move|p2a: Crabominable|Ice Hammer|p1a: Houndstone\n|-damage|p1a: Houndstone|95/264\n|-unboost|p2a: Crabominable|spe|1\n|\n|upkeep\n|turn|20\n|\n|t:|1782838270\n|switch|p2a: Alomomola|Alomomola, L87, M|356/429 par\n|move|p1a: Houndstone|Body Press|p2a: Alomomola\n|-damage|p2a: Alomomola|289/429 par\n|\n|upkeep\n|turn|21\n|\n|t:|1782838273\n|move|p1a: Houndstone|Rest|p1a: Houndstone\n|-status|p1a: Houndstone|slp|[from] move: Rest\n|-heal|p1a: Houndstone|264/264 slp|[silent]\n|move|p2a: Alomomola|Wish|p2a: Alomomola\n|\n|upkeep\n|turn|22\n|\n|t:|1782838277\n|cant|p1a: Houndstone|slp\n|move|p1a: Houndstone|Sleep Talk|p1a: Houndstone\n|move|p1a: Houndstone|Rest||[from] move: Sleep Talk|[still]\n|-fail|p1a: Houndstone\n|move|p2a: Alomomola|Flip Turn|p1a: Houndstone\n|-damage|p1a: Houndstone|237/264 slp\n|\n|t:|1782838279\n|switch|p2a: Crabominable|Crabominable, L90, F|89/321|[from] Flip Turn\n|\n|-heal|p2a: Crabominable|303/321|[from] move: Wish|[wisher] Alomomola\n|upkeep\n|turn|23\n|\n|t:|1782838281\n|cant|p1a: Houndstone|slp\n|move|p2a: Crabominable|Knock Off|p1a: Houndstone\n|-supereffective|p1a: Houndstone\n|-damage|p1a: Houndstone|180/264 slp\n|\n|upkeep\n|turn|24\n|\n|t:|1782838293\n|-curestatus|p1a: Houndstone|slp|[msg]\n|move|p1a: Houndstone|Body Press|p2a: Crabominable\n|-supereffective|p2a: Crabominable\n|-damage|p2a: Crabominable|181/321\n|move|p2a: Crabominable|Ice Hammer|p1a: Houndstone\n|-damage|p1a: Houndstone|91/264\n|-unboost|p2a: Crabominable|spe|1\n|\n|upkeep\n|turn|25\n|\n|t:|1782838300\n|switch|p2a: Alomomola|Alomomola, L87, M|429/429 par\n|move|p1a: Houndstone|Body Press|p2a: Alomomola\n|-damage|p2a: Alomomola|365/429 par\n|\n|upkeep\n|turn|26\n|\n|t:|1782838307\n|move|p1a: Houndstone|Rest|p1a: Houndstone\n|-status|p1a: Houndstone|slp|[from] move: Rest\n|-heal|p1a: Houndstone|264/264 slp|[silent]\n|move|p2a: Alomomola|Wish|p2a: Alomomola\n|\n|upkeep\n|turn|27\n|inactive|YeetFleetSkeet has 120 seconds left.\n|\n|t:|1782838347\n|switch|p2a: Crabominable|Crabominable, L90, F|181/321\n|cant|p1a: Houndstone|slp\n|move|p1a: Houndstone|Sleep Talk|p1a: Houndstone\n|move|p1a: Houndstone|Rest||[from] move: Sleep Talk|[still]\n|-fail|p1a: Houndstone\n|\n|-heal|p2a: Crabominable|321/321|[from] move: Wish|[wisher] Alomomola\n|upkeep\n|turn|28\n|\n|t:|1782838365\n|cant|p1a: Houndstone|slp\n|move|p1a: Houndstone|Sleep Talk|p1a: Houndstone\n|move|p1a: Houndstone|Rest||[from] move: Sleep Talk|[still]\n|-fail|p1a: Houndstone\n|move|p2a: Crabominable|Knock Off|p1a: Houndstone\n|-supereffective|p1a: Houndstone\n|-damage|p1a: Houndstone|200/264 slp\n|\n|upkeep\n|turn|29\n|\n|t:|1782838371\n|-curestatus|p1a: Houndstone|slp|[msg]\n|move|p1a: Houndstone|Body Press|p2a: Crabominable\n|-supereffective|p2a: Crabominable\n|-damage|p2a: Crabominable|199/321\n|move|p2a: Crabominable|Ice Hammer|p1a: Houndstone\n|-damage|p1a: Houndstone|124/264\n|-unboost|p2a: Crabominable|spe|1\n|\n|upkeep\n|turn|30\n|\n|t:|1782838373\n|move|p1a: Houndstone|Body Press|p2a: Crabominable\n|-supereffective|p2a: Crabominable\n|-damage|p2a: Crabominable|73/321\n|move|p2a: Crabominable|Ice Hammer|p1a: Houndstone\n|-damage|p1a: Houndstone|35/264\n|-unboost|p2a: Crabominable|spe|1\n|\n|upkeep\n|turn|31\n|\n|t:|1782838378\n|switch|p2a: Alomomola|Alomomola, L87, M|429/429 par\n|move|p1a: Houndstone|Body Press|p2a: Alomomola\n|-damage|p2a: Alomomola|371/429 par\n|\n|upkeep\n|turn|32\n|\n|t:|1782838380\n|move|p1a: Houndstone|Rest|p1a: Houndstone\n|-status|p1a: Houndstone|slp|[from] move: Rest\n|-heal|p1a: Houndstone|264/264 slp|[silent]\n|move|p2a: Alomomola|Wish|p2a: Alomomola\n|\n|upkeep\n|turn|33\n|\n|t:|1782838383\n|cant|p1a: Houndstone|slp\n|move|p1a: Houndstone|Sleep Talk|p1a: Houndstone\n|move|p1a: Houndstone|Body Press|p2a: Alomomola|[from] move: Sleep Talk\n|-damage|p2a: Alomomola|309/429 par\n|move|p2a: Alomomola|Flip Turn|p1a: Houndstone\n|-damage|p1a: Houndstone|241/264 slp\n|\n|t:|1782838385\n|switch|p2a: Crabominable|Crabominable, L90, F|73/321|[from] Flip Turn\n|\n|-heal|p2a: Crabominable|287/321|[from] move: Wish|[wisher] Alomomola\n|upkeep\n|turn|34\n|\n|t:|1782838391\n|cant|p1a: Houndstone|slp\n|move|p1a: Houndstone|Sleep Talk|p1a: Houndstone\n|move|p1a: Houndstone|Rest||[from] move: Sleep Talk|[still]\n|-fail|p1a: Houndstone\n|move|p2a: Crabominable|Ice Hammer|p1a: Houndstone\n|-damage|p1a: Houndstone|161/264 slp\n|-unboost|p2a: Crabominable|spe|1\n|\n|upkeep\n|turn|35\n|\n|t:|1782838394\n|-curestatus|p1a: Houndstone|slp|[msg]\n|move|p1a: Houndstone|Body Press|p2a: Crabominable\n|-supereffective|p2a: Crabominable\n|-damage|p2a: Crabominable|161/321\n|move|p2a: Crabominable|Ice Hammer|p1a: Houndstone\n|-damage|p1a: Houndstone|77/264\n|-unboost|p2a: Crabominable|spe|1\n|\n|upkeep\n|turn|36\n|\n|t:|1782838398\n|move|p1a: Houndstone|Rest|p1a: Houndstone\n|-status|p1a: Houndstone|slp|[from] move: Rest\n|-heal|p1a: Houndstone|264/264 slp|[silent]\n|move|p2a: Crabominable|Ice Hammer|p1a: Houndstone\n|-damage|p1a: Houndstone|177/264 slp\n|-unboost|p2a: Crabominable|spe|1\n|\n|upkeep\n|turn|37\n|\n|t:|1782838401\n|cant|p1a: Houndstone|slp\n|move|p1a: Houndstone|Sleep Talk|p1a: Houndstone\n|move|p1a: Houndstone|Rest||[from] move: Sleep Talk|[still]\n|-fail|p1a: Houndstone\n|move|p2a: Crabominable|Ice Hammer|p1a: Houndstone\n|-damage|p1a: Houndstone|94/264 slp\n|-unboost|p2a: Crabominable|spe|1\n|\n|upkeep\n|turn|38\n|\n|t:|1782838404\n|cant|p1a: Houndstone|slp\n|move|p1a: Houndstone|Sleep Talk|p1a: Houndstone\n|move|p1a: Houndstone|Poltergeist|p2a: Crabominable|[from] move: Sleep Talk\n|-activate|p2a: Crabominable|move: Poltergeist|Assault Vest\n|-damage|p2a: Crabominable|26/321\n|move|p2a: Crabominable|Ice Hammer|p1a: Houndstone\n|-damage|p1a: Houndstone|7/264 slp\n|-unboost|p2a: Crabominable|spe|1\n|\n|upkeep\n|turn|39\n|\n|t:|1782838407\n|switch|p2a: Alomomola|Alomomola, L87, M|429/429 par\n|-curestatus|p1a: Houndstone|slp|[msg]\n|move|p1a: Houndstone|Rest|p1a: Houndstone\n|-status|p1a: Houndstone|slp|[from] move: Rest\n|-heal|p1a: Houndstone|264/264 slp|[silent]\n|\n|upkeep\n|turn|40\n|\n|t:|1782838410\n|cant|p1a: Houndstone|slp\n|move|p1a: Houndstone|Sleep Talk|p1a: Houndstone\n|move|p1a: Houndstone|Poltergeist||[from] move: Sleep Talk|[still]\n|-fail|p1a: Houndstone\n|move|p2a: Alomomola|Wish|p2a: Alomomola\n|\n|upkeep\n|turn|41\n|\n|t:|1782838411\n|cant|p1a: Houndstone|slp\n|move|p1a: Houndstone|Sleep Talk|p1a: Houndstone\n|move|p1a: Houndstone|Poltergeist||[from] move: Sleep Talk|[still]\n|-fail|p1a: Houndstone\n|move|p2a: Alomomola|Flip Turn|p1a: Houndstone\n|-damage|p1a: Houndstone|241/264 slp\n|\n|t:|1782838414\n|switch|p2a: Crabominable|Crabominable, L90, F|26/321|[from] Flip Turn\n|\n|-heal|p2a: Crabominable|240/321|[from] move: Wish|[wisher] Alomomola\n|upkeep\n|turn|42\n|\n|t:|1782838416\n|-curestatus|p1a: Houndstone|slp|[msg]\n|move|p1a: Houndstone|Body Press|p2a: Crabominable\n|-supereffective|p2a: Crabominable\n|-damage|p2a: Crabominable|122/321\n|move|p2a: Crabominable|Ice Hammer|p1a: Houndstone\n|-damage|p1a: Houndstone|152/264\n|-unboost|p2a: Crabominable|spe|1\n|\n|upkeep\n|turn|43\n|\n|t:|1782838420\n|switch|p2a: Alomomola|Alomomola, L87, M|429/429 par\n|move|p1a: Houndstone|Body Press|p2a: Alomomola\n|-damage|p2a: Alomomola|361/429 par\n|\n|upkeep\n|turn|44\n|\n|t:|1782838422\n|move|p1a: Houndstone|Body Press|p2a: Alomomola\n|-damage|p2a: Alomomola|303/429 par\n|move|p2a: Alomomola|Wish|p2a: Alomomola\n|\n|upkeep\n|turn|45\n|\n|t:|1782838428\n|move|p1a: Houndstone|Body Press|p2a: Alomomola\n|-crit|p2a: Alomomola\n|-damage|p2a: Alomomola|214/429 par\n|move|p2a: Alomomola|Flip Turn|p1a: Houndstone\n|-damage|p1a: Houndstone|127/264\n|\n|t:|1782838431\n|switch|p2a: Crabominable|Crabominable, L90, F|122/321|[from] Flip Turn\n|\n|-heal|p2a: Crabominable|321/321|[from] move: Wish|[wisher] Alomomola\n|upkeep\n|turn|46\n|\n|t:|1782838434\n|move|p1a: Houndstone|Body Press|p2a: Crabominable\n|-supereffective|p2a: Crabominable\n|-damage|p2a: Crabominable|205/321\n|move|p2a: Crabominable|Ice Hammer|p1a: Houndstone\n|-damage|p1a: Houndstone|45/264\n|-unboost|p2a: Crabominable|spe|1\n|\n|upkeep\n|turn|47\n|\n|t:|1782838437\n|move|p1a: Houndstone|Body Press|p2a: Crabominable\n|-supereffective|p2a: Crabominable\n|-damage|p2a: Crabominable|77/321\n|move|p2a: Crabominable|Knock Off|p1a: Houndstone\n|-supereffective|p1a: Houndstone\n|-damage|p1a: Houndstone|0 fnt\n|faint|p1a: Houndstone\n|\n|upkeep\n|\n|t:|1782838439\n|switch|p1a: Zangoose|Zangoose, L85, F|188/263 tox\n|turn|48\n|\n|t:|1782838447\n|move|p1a: Zangoose|Facade|p2a: Crabominable\n|-damage|p2a: Crabominable|0 fnt\n|faint|p2a: Crabominable\n|\n|-damage|p1a: Zangoose|172/263 tox|[from] psn\n|upkeep\n|\n|t:|1782838449\n|switch|p2a: Moltres|Moltres, L81|278/278\n|turn|49\n|\n|t:|1782838453\n|switch|p1a: Alomomola|Alomomola, L87, M|413/429\n|move|p2a: Moltres|Fire Blast|p1a: Alomomola\n|-resisted|p1a: Alomomola\n|-damage|p1a: Alomomola|307/429\n|\n|upkeep\n|turn|50\n|\n|t:|1782838456\n|switch|p2a: Alomomola|Alomomola, L87, M|357/429 par\n|move|p1a: Alomomola|Flip Turn|p2a: Alomomola\n|-resisted|p2a: Alomomola\n|-damage|p2a: Alomomola|326/429 par\n|\n|t:|1782838458\n|switch|p1a: Zangoose|Zangoose, L85, F|172/263 tox|[from] Flip Turn\n|\n|-damage|p1a: Zangoose|156/263 tox|[from] psn\n|upkeep\n|turn|51\n|\n|t:|1782838462\n|move|p2a: Alomomola|Protect|p2a: Alomomola\n|-singleturn|p2a: Alomomola|Protect\n|move|p1a: Zangoose|Facade|p2a: Alomomola\n|-activate|p2a: Alomomola|move: Protect\n|\n|-damage|p1a: Zangoose|124/263 tox|[from] psn\n|upkeep\n|turn|52\n|\n|t:|1782838465\n|-terastallize|p2a: Alomomola|Steel\n|move|p1a: Zangoose|Facade|p2a: Alomomola\n|-resisted|p2a: Alomomola\n|-damage|p2a: Alomomola|183/429 par\n|move|p2a: Alomomola|Scald|p1a: Zangoose\n|-damage|p1a: Zangoose|54/263 tox\n|\n|-damage|p1a: Zangoose|6/263 tox|[from] psn\n|upkeep\n|turn|53\n|\n|t:|1782838471\n|switch|p1a: Alomomola|Alomomola, L87, M|429/429\n|move|p2a: Alomomola|Wish|p2a: Alomomola\n|\n|upkeep\n|turn|54\n|\n|t:|1782838477\n|move|p2a: Alomomola|Protect|p2a: Alomomola\n|-singleturn|p2a: Alomomola|Protect\n|move|p1a: Alomomola|Scald|p2a: Alomomola\n|-activate|p2a: Alomomola|move: Protect\n|\n|-heal|p2a: Alomomola|397/429 par|[from] move: Wish|[wisher] Alomomola\n|upkeep\n|turn|55\n|\n|t:|1782838481\n|move|p1a: Alomomola|Scald|p2a: Alomomola\n|-damage|p2a: Alomomola|325/429 par\n|cant|p2a: Alomomola|par\n|\n|upkeep\n|turn|56\n|\n|t:|1782838484\n|move|p1a: Alomomola|Scald|p2a: Alomomola\n|-damage|p2a: Alomomola|250/429 par\n|move|p2a: Alomomola|Scald|p1a: Alomomola\n|-resisted|p1a: Alomomola\n|-damage|p1a: Alomomola|391/429\n|\n|upkeep\n|turn|57\n|\n|t:|1782838486\n|move|p1a: Alomomola|Scald|p2a: Alomomola\n|-damage|p2a: Alomomola|175/429 par\n|move|p2a: Alomomola|Wish|p2a: Alomomola\n|\n|upkeep\n|turn|58\n|\n|t:|1782838487\n|move|p2a: Alomomola|Protect|p2a: Alomomola\n|-singleturn|p2a: Alomomola|Protect\n|move|p1a: Alomomola|Scald|p2a: Alomomola\n|-activate|p2a: Alomomola|move: Protect\n|\n|-heal|p2a: Alomomola|389/429 par|[from] move: Wish|[wisher] Alomomola\n|upkeep\n|turn|59\n|\n|t:|1782838490\n|move|p1a: Alomomola|Scald|p2a: Alomomola\n|-damage|p2a: Alomomola|319/429 par\n|cant|p2a: Alomomola|par\n|\n|upkeep\n|turn|60\n|\n|t:|1782838492\n|move|p1a: Alomomola|Scald|p2a: Alomomola\n|-damage|p2a: Alomomola|247/429 par\n|cant|p2a: Alomomola|par\n|\n|upkeep\n|turn|61\n|\n|t:|1782838495\n|move|p2a: Alomomola|Protect|p2a: Alomomola\n|-singleturn|p2a: Alomomola|Protect\n|move|p1a: Alomomola|Scald|p2a: Alomomola\n|-activate|p2a: Alomomola|move: Protect\n|\n|upkeep\n|turn|62\n|\n|t:|1782838497\n|move|p1a: Alomomola|Scald|p2a: Alomomola\n|-damage|p2a: Alomomola|174/429 par\n|cant|p2a: Alomomola|par\n|\n|upkeep\n|turn|63\n|\n|t:|1782838502\n|switch|p1a: Krookodile|Krookodile, L79, M|280/280\n|-ability|p1a: Krookodile|Intimidate|boost\n|-unboost|p2a: Alomomola|atk|1\n|move|p2a: Alomomola|Wish|p2a: Alomomola\n|\n|upkeep\n|turn|64\n|\n|t:|1782838510\n|move|p2a: Alomomola|Protect|p2a: Alomomola\n|-singleturn|p2a: Alomomola|Protect\n|move|p1a: Krookodile|Earthquake|p2a: Alomomola\n|-activate|p2a: Alomomola|move: Protect\n|\n|-heal|p2a: Alomomola|388/429 par|[from] move: Wish|[wisher] Alomomola\n|upkeep\n|turn|65\n|\n|t:|1782838514\n|switch|p2a: Moltres|Moltres, L81|278/278\n|move|p1a: Krookodile|Gunk Shot|p2a: Moltres\n|-damage|p2a: Moltres|191/278\n|\n|upkeep\n|turn|66\n|\n|t:|1782838520\n|move|p2a: Moltres|Fire Blast|p1a: Krookodile\n|-damage|p1a: Krookodile|99/280\n|move|p1a: Krookodile|Gunk Shot|p2a: Moltres|[miss]\n|-miss|p1a: Krookodile|p2a: Moltres\n|\n|-heal|p1a: Krookodile|116/280|[from] item: Leftovers\n|upkeep\n|turn|67\n|\n|t:|1782838525\n|move|p2a: Moltres|Fire Blast|p1a: Krookodile\n|-damage|p1a: Krookodile|0 fnt\n|faint|p1a: Krookodile\n|\n|upkeep\n|\n|t:|1782838527\n|switch|p1a: Alomomola|Alomomola, L87, M|429/429\n|turn|68\n|\n|t:|1782838531\n|switch|p2a: Alomomola|Alomomola, L87, M, tera:Steel|429/429 par\n|move|p1a: Alomomola|Scald|p2a: Alomomola\n|-damage|p2a: Alomomola|348/429 par\n|\n|upkeep\n|turn|69\n|\n|t:|1782838535\n|move|p1a: Alomomola|Scald|p2a: Alomomola\n|-damage|p2a: Alomomola|273/429 par\n|move|p2a: Alomomola|Wish|p2a: Alomomola\n|\n|upkeep\n|turn|70\n|\n|t:|1782838537\n|cant|p2a: Alomomola|par\n|move|p1a: Alomomola|Scald|p2a: Alomomola\n|-damage|p2a: Alomomola|194/429 par\n|\n|-heal|p2a: Alomomola|408/429 par|[from] move: Wish|[wisher] Alomomola\n|upkeep\n|turn|71\n|\n|t:|1782838540\n|move|p1a: Alomomola|Wish|p1a: Alomomola\n|move|p2a: Alomomola|Scald|p1a: Alomomola\n|-resisted|p1a: Alomomola\n|-damage|p1a: Alomomola|390/429\n|-status|p1a: Alomomola|brn\n|\n|-damage|p1a: Alomomola|364/429 brn|[from] brn\n|upkeep\n|turn|72\n|c|\u2606YeetFleetSkeet|Sure\n|\n|t:|1782838547\n|move|p1a: Alomomola|Protect|p1a: Alomomola\n|-singleturn|p1a: Alomomola|Protect\n|cant|p2a: Alomomola|par\n|\n|-heal|p1a: Alomomola|429/429 brn|[from] move: Wish|[wisher] Alomomola\n|-damage|p1a: Alomomola|403/429 brn|[from] brn\n|upkeep\n|turn|73\n|\n|t:|1782838555\n|move|p1a: Alomomola|Scald|p2a: Alomomola\n|-damage|p2a: Alomomola|332/429 par\n|move|p2a: Alomomola|Wish|p2a: Alomomola\n|\n|-damage|p1a: Alomomola|377/429 brn|[from] brn\n|upkeep\n|turn|74\n|\n|t:|1782838562\n|switch|p2a: Moltres|Moltres, L81|191/278\n|move|p1a: Alomomola|Wish|p1a: Alomomola\n|\n|-heal|p2a: Moltres|278/278|[from] move: Wish|[wisher] Alomomola\n|-damage|p1a: Alomomola|351/429 brn|[from] brn\n|upkeep\n|turn|75\n|\n|t:|1782838565\n|switch|p2a: Alomomola|Alomomola, L87, M, tera:Steel|429/429 par\n|move|p1a: Alomomola|Scald|p2a: Alomomola\n|-damage|p2a: Alomomola|354/429 par\n|\n|-heal|p1a: Alomomola|429/429 brn|[from] move: Wish|[wisher] Alomomola\n|-damage|p1a: Alomomola|403/429 brn|[from] brn\n|upkeep\n|turn|76\n|\n|t:|1782838567\n|move|p1a: Alomomola|Protect|p1a: Alomomola\n|-singleturn|p1a: Alomomola|Protect\n|move|p2a: Alomomola|Scald|p1a: Alomomola\n|-activate|p1a: Alomomola|move: Protect\n|\n|-damage|p1a: Alomomola|377/429 brn|[from] brn\n|upkeep\n|turn|77\n|\n|t:|1782838572\n|move|p1a: Alomomola|Scald|p2a: Alomomola\n|-damage|p2a: Alomomola|279/429 par\n|move|p2a: Alomomola|Scald|p1a: Alomomola\n|-resisted|p1a: Alomomola\n|-damage|p1a: Alomomola|342/429 brn\n|\n|-damage|p1a: Alomomola|316/429 brn|[from] brn\n|upkeep\n|turn|78\n|\n|t:|1782838576\n|move|p1a: Alomomola|Wish|p1a: Alomomola\n|move|p2a: Alomomola|Wish|p2a: Alomomola\n|\n|-damage|p1a: Alomomola|290/429 brn|[from] brn\n|upkeep\n|turn|79\n|\n|t:|1782838579\n|move|p1a: Alomomola|Protect|p1a: Alomomola\n|-singleturn|p1a: Alomomola|Protect\n|cant|p2a: Alomomola|par\n|\n|-heal|p1a: Alomomola|429/429 brn|[from] move: Wish|[wisher] Alomomola\n|-heal|p2a: Alomomola|429/429 par|[from] move: Wish|[wisher] Alomomola\n|-damage|p1a: Alomomola|403/429 brn|[from] brn\n|upkeep\n|turn|80\n|\n|t:|1782838582\n|move|p1a: Alomomola|Scald|p2a: Alomomola\n|-damage|p2a: Alomomola|348/429 par\n|move|p2a: Alomomola|Scald|p1a: Alomomola\n|-resisted|p1a: Alomomola\n|-damage|p1a: Alomomola|362/429 brn\n|\n|-damage|p1a: Alomomola|336/429 brn|[from] brn\n|upkeep\n|turn|81\n|\n|t:|1782838585\n|move|p1a: Alomomola|Scald|p2a: Alomomola\n|-damage|p2a: Alomomola|272/429 par\n|move|p2a: Alomomola|Scald|p1a: Alomomola\n|-resisted|p1a: Alomomola\n|-damage|p1a: Alomomola|298/429 brn\n|\n|-damage|p1a: Alomomola|272/429 brn|[from] brn\n|upkeep\n|turn|82\n|\n|t:|1782838588\n|move|p1a: Alomomola|Wish|p1a: Alomomola\n|move|p2a: Alomomola|Scald|p1a: Alomomola\n|-resisted|p1a: Alomomola\n|-damage|p1a: Alomomola|232/429 brn\n|\n|-damage|p1a: Alomomola|206/429 brn|[from] brn\n|upkeep\n|turn|83\n|\n|t:|1782838591\n|move|p1a: Alomomola|Protect|p1a: Alomomola\n|-singleturn|p1a: Alomomola|Protect\n|move|p2a: Alomomola|Scald|p1a: Alomomola\n|-activate|p1a: Alomomola|move: Protect\n|\n|-heal|p1a: Alomomola|420/429 brn|[from] move: Wish|[wisher] Alomomola\n|-damage|p1a: Alomomola|394/429 brn|[from] brn\n|upkeep\n|turn|84\n|\n|t:|1782838596\n|move|p1a: Alomomola|Scald|p2a: Alomomola\n|-damage|p2a: Alomomola|196/429 par\n|cant|p2a: Alomomola|par\n|\n|-damage|p1a: Alomomola|368/429 brn|[from] brn\n|upkeep\n|turn|85\n|\n|t:|1782838600\n|move|p1a: Alomomola|Scald|p2a: Alomomola\n|-damage|p2a: Alomomola|123/429 par\n|cant|p2a: Alomomola|par\n|\n|-damage|p1a: Alomomola|342/429 brn|[from] brn\n|upkeep\n|turn|86\n|\n|t:|1782838605\n|move|p1a: Alomomola|Scald|p2a: Alomomola\n|-damage|p2a: Alomomola|54/429 par\n|move|p2a: Alomomola|Wish|p2a: Alomomola\n|\n|-damage|p1a: Alomomola|316/429 brn|[from] brn\n|upkeep\n|turn|87\n|\n|t:|1782838607\n|move|p2a: Alomomola|Protect|p2a: Alomomola\n|-singleturn|p2a: Alomomola|Protect\n|move|p1a: Alomomola|Scald|p2a: Alomomola\n|-activate|p2a: Alomomola|move: Protect\n|\n|-heal|p2a: Alomomola|268/429 par|[from] move: Wish|[wisher] Alomomola\n|-damage|p1a: Alomomola|290/429 brn|[from] brn\n|upkeep\n|turn|88\n|\n|t:|1782838609\n|move|p1a: Alomomola|Scald|p2a: Alomomola\n|-damage|p2a: Alomomola|190/429 par\n|move|p2a: Alomomola|Wish|p2a: Alomomola\n|\n|-damage|p1a: Alomomola|264/429 brn|[from] brn\n|upkeep\n|turn|89\n|\n|t:|1782838612\n|move|p2a: Alomomola|Protect|p2a: Alomomola\n|-singleturn|p2a: Alomomola|Protect\n|move|p1a: Alomomola|Wish|p1a: Alomomola\n|\n|-heal|p2a: Alomomola|404/429 par|[from] move: Wish|[wisher] Alomomola\n|-damage|p1a: Alomomola|238/429 brn|[from] brn\n|upkeep\n|turn|90\n|\n|t:|1782838617\n|move|p1a: Alomomola|Scald|p2a: Alomomola\n|-damage|p2a: Alomomola|331/429 par\n|move|p2a: Alomomola|Scald|p1a: Alomomola\n|-resisted|p1a: Alomomola\n|-damage|p1a: Alomomola|201/429 brn\n|\n|-heal|p1a: Alomomola|415/429 brn|[from] move: Wish|[wisher] Alomomola\n|-damage|p1a: Alomomola|389/429 brn|[from] brn\n|upkeep\n|turn|91\n|\n|t:|1782838621\n|move|p1a: Alomomola|Scald|p2a: Alomomola\n|-damage|p2a: Alomomola|261/429 par\n|move|p2a: Alomomola|Scald|p1a: Alomomola\n|-resisted|p1a: Alomomola\n|-damage|p1a: Alomomola|353/429 brn\n|\n|-damage|p1a: Alomomola|327/429 brn|[from] brn\n|upkeep\n|turn|92\n|\n|t:|1782838625\n|move|p1a: Alomomola|Protect|p1a: Alomomola\n|-singleturn|p1a: Alomomola|Protect\n|move|p2a: Alomomola|Wish|p2a: Alomomola\n|\n|-damage|p1a: Alomomola|301/429 brn|[from] brn\n|upkeep\n|turn|93\n|\n|t:|1782838629\n|move|p1a: Alomomola|Wish|p1a: Alomomola\n|move|p2a: Alomomola|Scald|p1a: Alomomola\n|-resisted|p1a: Alomomola\n|-damage|p1a: Alomomola|262/429 brn\n|\n|-heal|p2a: Alomomola|429/429 par|[from] move: Wish|[wisher] Alomomola\n|-damage|p1a: Alomomola|236/429 brn|[from] brn\n|upkeep\n|turn|94\n|\n|t:|1782838632\n|switch|p1a: Zangoose|Zangoose, L85, F|6/263 tox\n|move|p2a: Alomomola|Scald|p1a: Zangoose\n|-damage|p1a: Zangoose|0 fnt\n|faint|p1a: Zangoose\n|\n|upkeep\n|\n|t:|1782838634\n|switch|p1a: Alomomola|Alomomola, L87, M|379/429 brn\n|turn|95\n|\n|t:|1782838642\n|move|p1a: Alomomola|Flip Turn|p2a: Alomomola\n|-damage|p2a: Alomomola|399/429 par\n|move|p2a: Alomomola|Scald|p1a: Alomomola\n|-resisted|p1a: Alomomola\n|-damage|p1a: Alomomola|342/429 brn\n|\n|-damage|p1a: Alomomola|316/429 brn|[from] brn\n|upkeep\n|turn|96\n|\n|t:|1782838644\n|move|p1a: Alomomola|Flip Turn|p2a: Alomomola\n|-damage|p2a: Alomomola|368/429 par\n|move|p2a: Alomomola|Scald|p1a: Alomomola\n|-resisted|p1a: Alomomola\n|-damage|p1a: Alomomola|282/429 brn\n|\n|-damage|p1a: Alomomola|256/429 brn|[from] brn\n|upkeep\n|turn|97\n|\n|t:|1782838646\n|move|p1a: Alomomola|Flip Turn|p2a: Alomomola\n|-damage|p2a: Alomomola|336/429 par\n|move|p2a: Alomomola|Scald|p1a: Alomomola\n|-resisted|p1a: Alomomola\n|-damage|p1a: Alomomola|220/429 brn\n|\n|-damage|p1a: Alomomola|194/429 brn|[from] brn\n|upkeep\n|turn|98\n|\n|t:|1782838648\n|move|p1a: Alomomola|Flip Turn|p2a: Alomomola\n|-damage|p2a: Alomomola|308/429 par\n|move|p2a: Alomomola|Scald|p1a: Alomomola\n|-resisted|p1a: Alomomola\n|-damage|p1a: Alomomola|155/429 brn\n|\n|-damage|p1a: Alomomola|129/429 brn|[from] brn\n|upkeep\n|turn|99\n|\n|t:|1782838650\n|move|p1a: Alomomola|Wish|p1a: Alomomola\n|cant|p2a: Alomomola|par\n|\n|-damage|p1a: Alomomola|103/429 brn|[from] brn\n|upkeep\n|turn|100\n|\n|t:|1782838651\n|move|p1a: Alomomola|Flip Turn|p2a: Alomomola\n|-damage|p2a: Alomomola|278/429 par\n|move|p2a: Alomomola|Scald|p1a: Alomomola\n|-resisted|p1a: Alomomola\n|-damage|p1a: Alomomola|65/429 brn\n|\n|-heal|p1a: Alomomola|279/429 brn|[from] move: Wish|[wisher] Alomomola\n|-damage|p1a: Alomomola|253/429 brn|[from] brn\n|upkeep\n|turn|101\n|\n|t:|1782838653\n|move|p1a: Alomomola|Flip Turn|p2a: Alomomola\n|-damage|p2a: Alomomola|246/429 par\n|move|p2a: Alomomola|Scald|p1a: Alomomola\n|-resisted|p1a: Alomomola\n|-damage|p1a: Alomomola|217/429 brn\n|\n|-damage|p1a: Alomomola|191/429 brn|[from] brn\n|upkeep\n|turn|102\n|\n|t:|1782838654\n|move|p1a: Alomomola|Wish|p1a: Alomomola\n|cant|p2a: Alomomola|par\n|\n|-damage|p1a: Alomomola|165/429 brn|[from] brn\n|upkeep\n|turn|103\n|\n|t:|1782838660\n|move|p1a: Alomomola|Flip Turn|p2a: Alomomola\n|-damage|p2a: Alomomola|217/429 par\n|cant|p2a: Alomomola|par\n|\n|-heal|p1a: Alomomola|379/429 brn|[from] move: Wish|[wisher] Alomomola\n|-damage|p1a: Alomomola|353/429 brn|[from] brn\n|upkeep\n|turn|104\n|\n|t:|1782838663\n|move|p1a: Alomomola|Flip Turn|p2a: Alomomola\n|-damage|p2a: Alomomola|190/429 par\n|cant|p2a: Alomomola|par\n|\n|-damage|p1a: Alomomola|327/429 brn|[from] brn\n|upkeep\n|turn|105\n|\n|t:|1782838668\n|move|p1a: Alomomola|Flip Turn|p2a: Alomomola\n|-damage|p2a: Alomomola|160/429 par\n|move|p2a: Alomomola|Wish|p2a: Alomomola\n|\n|-damage|p1a: Alomomola|301/429 brn|[from] brn\n|upkeep\n|turn|106\n|\n|t:|1782838673\n|move|p2a: Alomomola|Protect|p2a: Alomomola\n|-singleturn|p2a: Alomomola|Protect\n|move|p1a: Alomomola|Flip Turn|p2a: Alomomola\n|-activate|p2a: Alomomola|move: Protect\n|\n|-heal|p2a: Alomomola|374/429 par|[from] move: Wish|[wisher] Alomomola\n|-damage|p1a: Alomomola|275/429 brn|[from] brn\n|upkeep\n|turn|107\n|\n|t:|1782838676\n|move|p1a: Alomomola|Wish|p1a: Alomomola\n|move|p2a: Alomomola|Scald|p1a: Alomomola\n|-resisted|p1a: Alomomola\n|-damage|p1a: Alomomola|239/429 brn\n|\n|-damage|p1a: Alomomola|213/429 brn|[from] brn\n|upkeep\n|turn|108\n|\n|t:|1782838678\n|move|p1a: Alomomola|Flip Turn|p2a: Alomomola\n|-damage|p2a: Alomomola|343/429 par\n|move|p2a: Alomomola|Scald|p1a: Alomomola\n|-resisted|p1a: Alomomola\n|-damage|p1a: Alomomola|178/429 brn\n|\n|-heal|p1a: Alomomola|392/429 brn|[from] move: Wish|[wisher] Alomomola\n|-damage|p1a: Alomomola|366/429 brn|[from] brn\n|upkeep\n|turn|109\n|\n|t:|1782838680\n|move|p1a: Alomomola|Flip Turn|p2a: Alomomola\n|-damage|p2a: Alomomola|313/429 par\n|move|p2a: Alomomola|Scald|p1a: Alomomola\n|-resisted|p1a: Alomomola\n|-crit|p1a: Alomomola\n|-damage|p1a: Alomomola|311/429 brn\n|\n|-damage|p1a: Alomomola|285/429 brn|[from] brn\n|upkeep\n|turn|110\n|\n|t:|1782838685\n|move|p1a: Alomomola|Flip Turn|p2a: Alomomola\n|-damage|p2a: Alomomola|284/429 par\n|move|p2a: Alomomola|Flip Turn|p1a: Alomomola\n|-resisted|p1a: Alomomola\n|-damage|p1a: Alomomola|253/429 brn\n|-damage|p2a: Alomomola|213/429 par|[from] item: Rocky Helmet|[of] p1a: Alomomola\n|\n|t:|1782838688\n|switch|p2a: Moltres|Moltres, L81|278/278|[from] Flip Turn\n|\n|-damage|p1a: Alomomola|227/429 brn|[from] brn\n|upkeep\n|turn|111\n|\n|t:|1782838691\n|switch|p2a: Alomomola|Alomomola, L87, M, tera:Steel|356/429 par\n|move|p1a: Alomomola|Flip Turn|p2a: Alomomola\n|-damage|p2a: Alomomola|325/429 par\n|\n|-damage|p1a: Alomomola|201/429 brn|[from] brn\n|upkeep\n|turn|112\n|\n|t:|1782838693\n|move|p1a: Alomomola|Flip Turn|p2a: Alomomola\n|-damage|p2a: Alomomola|294/429 par\n|cant|p2a: Alomomola|par\n|\n|-damage|p1a: Alomomola|175/429 brn|[from] brn\n|upkeep\n|turn|113\n|\n|t:|1782838697\n|cant|p2a: Alomomola|par\n|move|p1a: Alomomola|Flip Turn|p2a: Alomomola\n|-damage|p2a: Alomomola|264/429 par\n|\n|-damage|p1a: Alomomola|149/429 brn|[from] brn\n|upkeep\n|turn|114\n|\n|t:|1782838699\n|move|p2a: Alomomola|Protect|p2a: Alomomola\n|-singleturn|p2a: Alomomola|Protect\n|move|p1a: Alomomola|Flip Turn|p2a: Alomomola\n|-activate|p2a: Alomomola|move: Protect\n|\n|-damage|p1a: Alomomola|123/429 brn|[from] brn\n|upkeep\n|turn|115\n|\n|t:|1782838701\n|move|p1a: Alomomola|Flip Turn|p2a: Alomomola\n|-damage|p2a: Alomomola|236/429 par\n|move|p2a: Alomomola|Flip Turn|p1a: Alomomola\n|-resisted|p1a: Alomomola\n|-damage|p1a: Alomomola|92/429 brn\n|-damage|p2a: Alomomola|165/429 par|[from] item: Rocky Helmet|[of] p1a: Alomomola\n|\n|t:|1782838703\n|switch|p2a: Moltres|Moltres, L81|278/278|[from] Flip Turn\n|\n|-damage|p1a: Alomomola|66/429 brn|[from] brn\n|upkeep\n|turn|116\n|\n|t:|1782838705\n|move|p2a: Moltres|Brave Bird|p1a: Alomomola\n|-damage|p1a: Alomomola|0 fnt\n|-damage|p2a: Moltres|232/278|[from] item: Rocky Helmet|[of] p1a: Alomomola\n|faint|p1a: Alomomola\n|-damage|p2a: Moltres|210/278|[from] Recoil\n|\n|win|auraitsitsd\n|raw|YeetFleetSkeet's rating: 1901 &rarr; <strong>1881</strong><br />(-20 for losing)\n|raw|auraitsitsd's rating: 1905 &rarr; <strong>1925</strong><br />(+20 for winning)\n", "inputlog": ">version f8ac14003a5f27e1bdc8d8c59608a773c1cb96e5\n>start {\"formatid\":\"gen9randombattle\",\"seed\":\"sodium,9a84e7ae1717e90d3da6a36c4c40bdfe\",\"rated\":\"Rated battle\"}\n>player p1 {\"name\":\"YeetFleetSkeet\",\"avatar\":\"lance\",\"rating\":1901,\"seed\":\"sodium,2f1ae6d8decefe65ac2fb52a4e0e843d\"}\n>player p2 {\"name\":\"auraitsitsd\",\"avatar\":\"170\",\"rating\":1905,\"seed\":\"sodium,52d6e8f6d90ccb0a1254f2448bb94e36\"}\n>p1 move earthquake\n>p2 move gigadrain\n>p2 switch 4\n>p1 switch 3\n>p2 move flipturn\n>p2 switch 5\n>p1 move knockoff\n>p2 move bulkup\n>p1 move thunderwave\n>p2 move knockoff\n>p1 move uturn\n>p2 move knockoff\n>p1 switch 3\n>p1 move earthquake\n>p2 move knockoff\n>p1 move earthquake\n>p2 move slackoff\n>p2 switch 3\n>p1 move earthquake\n>p2 move freezedry\n>p1 switch 3\n>p1 move thunderwave\n>p2 move hydropump\n>p1 move knockoff\n>p2 move hydropump\n>p1 move psychicnoise\n>p2 move hydropump\n>p1 move psychicnoise\n>p2 move flipturn\n>p2 switch 5\n>p1 move thunderwave\n>p2 move scald\n>p1 move knockoff\n>p2 move wish\n>p1 move psychicnoise\n>p2 move scald\n>p1 switch 2\n>p1 move facade\n>p2 move flipturn\n>p2 switch 6\n>p1 switch 6\n>p2 move drainpunch\n>p1 move flipturn\n>p2 move knockoff\n>p1 switch 4\n>p1 move bodypress\n>p2 move icehammer\n>p1 move bodypress\n>p2 switch 6\n>p1 move rest\n>p2 move wish\n>p1 move sleeptalk\n>p2 move flipturn\n>p2 switch 6\n>p1 move bodypress\n>p2 move knockoff\n>p1 move bodypress\n>p2 move icehammer\n>p1 move bodypress\n>p2 switch 6\n>p1 move rest\n>p2 move wish\n>p1 move sleeptalk\n>p2 switch 6\n>p1 move sleeptalk\n>p2 move knockoff\n>p1 move bodypress\n>p2 move icehammer\n>p1 move bodypress\n>p2 move icehammer\n>p1 move bodypress\n>p2 switch 6\n>p1 move rest\n>p2 move wish\n>p1 move sleeptalk\n>p2 move flipturn\n>p2 switch 6\n>p1 move sleeptalk\n>p2 move icehammer\n>p1 move bodypress\n>p2 move icehammer\n>p1 move rest\n>p2 move icehammer\n>p1 move sleeptalk\n>p2 move icehammer\n>p1 move sleeptalk\n>p2 move icehammer\n>p1 move rest\n>p2 switch 6\n>p1 move sleeptalk\n>p2 move wish\n>p1 move sleeptalk\n>p2 move flipturn\n>p2 switch 6\n>p1 move bodypress\n>p2 move icehammer\n>p1 move bodypress\n>p2 switch 6\n>p1 move bodypress\n>p2 move wish\n>p1 move bodypress\n>p2 move flipturn\n>p2 switch 6\n>p1 move bodypress\n>p2 move icehammer\n>p1 move bodypress\n>p2 move knockoff\n>p1 switch 6\n>p1 move facade\n>p2 move knockoff\n>p2 switch 2\n>p1 switch 4\n>p2 move fireblast\n>p1 move flipturn\n>p2 switch 6\n>p1 switch 4\n>p1 move facade\n>p2 move protect\n>p1 move facade\n>p2 move scald terastallize\n>p1 switch 4\n>p2 move wish\n>p1 move scald\n>p2 move protect\n>p1 move scald\n>p2 move scald\n>p1 move scald\n>p2 move scald\n>p1 move scald\n>p2 move wish\n>p1 move scald\n>p2 move protect\n>p1 move scald\n>p2 move scald\n>p1 move scald\n>p2 move wish\n>p1 move scald\n>p2 move protect\n>p1 move scald\n>p2 move wish\n>p1 switch 5\n>p2 move wish\n>p1 move earthquake\n>p2 move protect\n>p1 move gunkshot\n>p2 switch 6\n>p1 move gunkshot\n>p2 move fireblast\n>p1 move gunkshot\n>p2 move fireblast\n>p1 switch 5\n>p1 move scald\n>p2 switch 6\n>p1 move scald\n>p2 move wish\n>p1 move scald\n>p2 move protect\n>p1 move wish\n>p2 move scald\n>chat \u2606YeetFleetSkeet|Sure\n>p1 move protect\n>p2 move scald\n>p1 move scald\n>p2 move wish\n>p1 move wish\n>p2 switch 6\n>p1 move scald\n>p2 switch 6\n>p1 move protect\n>p2 move scald\n>p1 move scald\n>p2 move scald\n>p1 move wish\n>p2 move wish\n>p1 move protect\n>p2 move flipturn\n>p1 move scald\n>p2 move scald\n>p1 move scald\n>p2 move scald\n>p1 move wish\n>p2 move scald\n>p1 move protect\n>p2 move scald\n>p1 move scald\n>p2 move wish\n>p1 move scald\n>p2 move wish\n>p1 move scald\n>p2 move wish\n>p1 move scald\n>p2 move protect\n>p1 move scald\n>p2 move wish\n>p1 move wish\n>p2 move protect\n>p1 move scald\n>p2 move scald\n>p1 move scald\n>p2 move scald\n>p1 move protect\n>p2 move wish\n>p1 move wish\n>p2 move scald\n>p1 switch 4\n>p2 move scald\n>p1 switch 4\n>p1 move flipturn\n>p2 move scald\n>p1 move flipturn\n>p2 move scald\n>p1 move flipturn\n>p2 move scald\n>p1 move flipturn\n>p2 move scald\n>p1 move wish\n>p2 move scald\n>p1 move flipturn\n>p2 move scald\n>p1 move flipturn\n>p2 move scald\n>p1 move wish\n>p2 move scald\n>p1 move flipturn\n>p2 move scald\n>p1 move flipturn\n>p2 move wish\n>p1 move flipturn\n>p2 move wish\n>p1 move flipturn\n>p2 move protect\n>p1 move wish\n>p2 move scald\n>p1 move flipturn\n>p2 move scald\n>p1 move flipturn\n>p2 move scald\n>p1 move flipturn\n>p2 move flipturn\n>p2 switch 6\n>p1 move flipturn\n>p2 switch 6\n>p1 move flipturn\n>p2 move flipturn\n>p1 move flipturn\n>p2 move protect\n>p1 move flipturn\n>p2 move protect\n>p1 move flipturn\n>p2 move flipturn\n>p2 switch 6\n>p1 move flipturn\n>p2 move bravebird", "uploadtime": 1782838039, "views": 10, "formatid": "gen9randombattle", "rating": 1881, "private": 0, "password": null, "player_dets": [{"name": "YeetFleetSkeet", "avatar": "lance", "rating": 1901, "seed": "sodium,2f1ae6d8decefe65ac2fb52a4e0e843d"}, {"name": "auraitsitsd", "avatar": "170", "rating": 1905, "seed": "sodium,52d6e8f6d90ccb0a1254f2448bb94e36"}], "teams_full": [{"Rhyperior": {"name": "Rhyperior", "species": "Rhyperior", "speciesId": "rhyperior", "gender": "M", "shiny": false, "level": 82, "moves": ["dragontail", "earthquake", "megahorn", "stoneedge"], "ability": "Solid Rock", "evs": {"hp": 85, "atk": 85, "def": 85, "spa": 85, "spd": 85, "spe": 85}, "ivs": {"hp": 31, "atk": 31, "def": 31, "spa": 31, "spd": 31, "spe": 31}, "item": "Assault Vest", "teraType": "Grass", "role": "Bulky Attacker", "bvs": {"hp": 115, "atk": 140, "def": 130, "spa": 55, "spd": 55, "spe": 40}, "stats": {"hp": 323, "atk": 277, "def": 260, "spa": 137, "spd": 137, "spe": 113}, "types": ["Ground", "Rock"]}, "Zangoose": {"name": "Zangoose", "species": "Zangoose", "speciesId": "zangoose", "gender": "F", "shiny": false, "level": 85, "moves": ["knockoff", "facade", "closecombat", "quickattack"], "ability": "Toxic Boost", "evs": {"hp": 85, "atk": 85, "def": 85, "spa": 85, "spd": 85, "spe": 85}, "ivs": {"hp": 31, "atk": 31, "def": 31, "spa": 31, "spd": 31, "spe": 31}, "item": "Toxic Orb", "teraType": "Normal", "role": "Fast Attacker", "bvs": {"hp": 73, "atk": 115, "def": 60, "spa": 60, "spd": 60, "spe": 90}, "stats": {"hp": 263, "atk": 244, "def": 151, "spa": 151, "spd": 151, "spe": 202}, "types": ["Normal"]}, "Uxie": {"name": "Uxie", "species": "Uxie", "speciesId": "uxie", "gender": "N", "shiny": false, "level": 83, "moves": ["knockoff", "uturn", "psychicnoise", "thunderwave"], "ability": "Levitate", "evs": {"hp": 85, "atk": 85, "def": 85, "spa": 85, "spd": 85, "spe": 85}, "ivs": {"hp": 31, "atk": 31, "def": 31, "spa": 31, "spd": 31, "spe": 31}, "item": "Leftovers", "teraType": "Electric", "role": "Bulky Support", "bvs": {"hp": 75, "atk": 75, "def": 130, "spa": 75, "spd": 130, "spe": 95}, "stats": {"hp": 260, "atk": 172, "def": 263, "spa": 172, "spd": 263, "spe": 205}, "types": ["Psychic"]}, "Houndstone": {"name": "Houndstone", "species": "Houndstone", "speciesId": "houndstone", "gender": "M", "shiny": false, "level": 86, "moves": ["bodypress", "sleeptalk", "poltergeist", "rest"], "ability": "Fluffy", "evs": {"hp": 85, "atk": 85, "def": 85, "spa": 85, "spd": 85, "spe": 85}, "ivs": {"hp": 31, "atk": 31, "def": 31, "spa": 31, "spd": 31, "spe": 31}, "item": "Leftovers", "teraType": "Fighting", "role": "Bulky Support", "bvs": {"hp": 72, "atk": 101, "def": 100, "spa": 50, "spd": 97, "spe": 68}, "stats": {"hp": 264, "atk": 223, "def": 221, "spa": 135, "spd": 216, "spe": 166}, "types": ["Ghost"]}, "Krookodile": {"name": "Krookodile", "species": "Krookodile", "speciesId": "krookodile", "gender": "M", "shiny": false, "level": 79, "moves": ["bulkup", "gunkshot", "knockoff", "earthquake"], "ability": "Intimidate", "evs": {"hp": 85, "atk": 85, "def": 85, "spa": 85, "spd": 85, "spe": 85}, "ivs": {"hp": 31, "atk": 31, "def": 31, "spa": 31, "spd": 31, "spe": 31}, "item": "Leftovers", "teraType": "Poison", "role": "Bulky Setup", "bvs": {"hp": 95, "atk": 117, "def": 80, "spa": 65, "spd": 70, "spe": 92}, "stats": {"hp": 280, "atk": 230, "def": 172, "spa": 148, "spd": 156, "spe": 191}, "types": ["Ground", "Dark"]}, "Alomomola": {"name": "Alomomola", "species": "Alomomola", "speciesId": "alomomola", "gender": "M", "shiny": false, "level": 87, "moves": ["flipturn", "scald", "protect", "wish"], "ability": "Regenerator", "evs": {"hp": 85, "atk": 85, "def": 85, "spa": 85, "spd": 85, "spe": 85}, "ivs": {"hp": 31, "atk": 31, "def": 31, "spa": 31, "spd": 31, "spe": 31}, "item": "Rocky Helmet", "teraType": "Steel", "role": "Bulky Support", "bvs": {"hp": 165, "atk": 75, "def": 80, "spa": 40, "spd": 45, "spe": 65}, "stats": {"hp": 429, "atk": 180, "def": 189, "spa": 119, "spd": 128, "spe": 163}, "types": ["Water"]}}, {"Seviper": {"name": "Seviper", "species": "Seviper", "speciesId": "seviper", "gender": "M", "shiny": false, "level": 93, "moves": ["knockoff", "flamethrower", "gigadrain", "gunkshot"], "ability": "Infiltrator", "evs": {"hp": 85, "atk": 85, "def": 85, "spa": 85, "spd": 85, "spe": 85}, "ivs": {"hp": 31, "atk": 31, "def": 31, "spa": 31, "spd": 31, "spe": 31}, "item": "Life Orb", "teraType": "Grass", "role": "Fast Attacker", "bvs": {"hp": 73, "atk": 100, "def": 60, "spa": 100, "spd": 60, "spe": 65}, "stats": {"hp": 287, "atk": 239, "def": 164, "spa": 239, "spd": 164, "spe": 174}, "types": ["Poison"]}, "Moltres": {"name": "Moltres", "species": "Moltres", "speciesId": "moltres", "gender": "N", "shiny": false, "level": 81, "moves": ["roost", "scorchingsands", "bravebird", "fireblast"], "ability": "Flame Body", "evs": {"hp": 85, "atk": 85, "def": 85, "spa": 85, "spd": 85, "spe": 85}, "ivs": {"hp": 31, "atk": 31, "def": 31, "spa": 31, "spd": 31, "spe": 31}, "item": "Heavy-Duty Boots", "teraType": "Dragon", "role": "Bulky Attacker", "bvs": {"hp": 90, "atk": 100, "def": 90, "spa": 125, "spd": 85, "spe": 90}, "stats": {"hp": 278, "atk": 209, "def": 192, "spa": 249, "spd": 184, "spe": 192}, "types": ["Fire", "Flying"]}, "Iron Bundle": {"name": "Iron Bundle", "species": "Iron Bundle", "speciesId": "ironbundle", "gender": "N", "shiny": false, "level": 78, "moves": ["encore", "flipturn", "hydropump", "freezedry"], "ability": "Quark Drive", "evs": {"hp": 85, "atk": 85, "def": 85, "spa": 85, "spd": 85, "spe": 85}, "ivs": {"hp": 31, "atk": 31, "def": 31, "spa": 31, "spd": 31, "spe": 31}, "item": "Heavy-Duty Boots", "teraType": "Water", "role": "Fast Attacker", "bvs": {"hp": 56, "atk": 80, "def": 114, "spa": 124, "spd": 60, "spe": 136}, "stats": {"hp": 215, "atk": 170, "def": 223, "spa": 239, "spd": 139, "spe": 257}, "types": ["Ice", "Water"]}, "Alomomola": {"name": "Alomomola", "species": "Alomomola", "speciesId": "alomomola", "gender": "M", "shiny": false, "level": 87, "moves": ["scald", "protect", "flipturn", "wish"], "ability": "Regenerator", "evs": {"hp": 85, "atk": 85, "def": 85, "spa": 85, "spd": 85, "spe": 85}, "ivs": {"hp": 31, "atk": 31, "def": 31, "spa": 31, "spd": 31, "spe": 31}, "item": "Heavy-Duty Boots", "teraType": "Steel", "role": "Fast Support", "bvs": {"hp": 165, "atk": 75, "def": 80, "spa": 40, "spd": 45, "spe": 65}, "stats": {"hp": 429, "atk": 180, "def": 189, "spa": 119, "spd": 128, "spe": 163}, "types": ["Water"]}, "Vigoroth": {"name": "Vigoroth", "species": "Vigoroth", "speciesId": "vigoroth", "gender": "M", "shiny": false, "level": 85, "moves": ["bodyslam", "knockoff", "bulkup", "slackoff"], "ability": "Vital Spirit", "evs": {"hp": 85, "atk": 85, "def": 85, "spa": 85, "spd": 85, "spe": 85}, "ivs": {"hp": 31, "atk": 31, "def": 31, "spa": 31, "spd": 31, "spe": 31}, "item": "Eviolite", "teraType": "Ghost", "role": "Bulky Setup", "bvs": {"hp": 80, "atk": 80, "def": 80, "spa": 55, "spd": 55, "spe": 90}, "stats": {"hp": 275, "atk": 185, "def": 185, "spa": 142, "spd": 142, "spe": 202}, "types": ["Normal"]}, "Crabominable": {"name": "Crabominable", "species": "Crabominable", "speciesId": "crabominable", "gender": "F", "shiny": false, "level": 90, "moves": ["icehammer", "knockoff", "earthquake", "drainpunch"], "ability": "Iron Fist", "evs": {"hp": 85, "atk": 85, "def": 85, "spa": 85, "spd": 85, "spe": 85}, "ivs": {"hp": 31, "atk": 31, "def": 31, "spa": 31, "spd": 31, "spe": 31}, "item": "Assault Vest", "teraType": "Ground", "role": "AV Pivot", "bvs": {"hp": 97, "atk": 132, "def": 77, "spa": 62, "spd": 67, "spe": 43}, "stats": {"hp": 321, "atk": 289, "def": 190, "spa": 163, "spd": 172, "spe": 129}, "types": ["Fighting", "Ice"]}}]}