{"id": "gen9randombattle-2641439605", "format": "[Gen 9] Random Battle", "players": ["notmetbh102", "AmYisraelChaiLatte"], "log": "|badge|p2|bronze|gen9randombattle|100-9\n|html|<div class=\"broadcast-red\"><strong>This battle is required to be public due to one or more player having a season medal.</strong><br />During the public phase, you can discuss the state of the ladder <a href=\"/seasondiscussion\">in a special chatroom.</a></div>\n|uhtml|medal-msg|<div class=\"broadcast-blue\">Curious what those medals under the avatar are? PS now has Ladder Seasons! For more information, check out the <a href=\"https://www.smogon.com/forums/threads/3740067/\">thread on Smogon.</a></div>\n|raw|<div class=\"broadcast-blue\"><strong>This battle is required to be public due to a player having a name starting with 'medal'.</div>\n|j|\u2606notmetbh102\n|j|\u2606AmYisraelChaiLatte\n|t:|1782785000\n|gametype|singles\n|player|p1|notmetbh102|2|2210\n|player|p2|AmYisraelChaiLatte|169|2364\n|gen|9\n|tier|[Gen 9] Random Battle\n|rated|\n|rule|Species Clause: Limit one of each Pok\u00e9mon\n|rule|HP Percentage Mod: HP is shown in percentages\n|rule|Sleep Clause Mod: Limit one foe put to sleep\n|rule|Illusion Level Mod: Illusion disguises the Pok\u00e9mon's true level\n|\n|t:|1782785000\n|teamsize|p1|6\n|teamsize|p2|6\n|start\n|switch|p1a: Walking Wake|Walking Wake, L79|286/286\n|switch|p2a: Eiscue|Eiscue, L88, M|274/274\n|turn|1\n|inactive|Battle timer is ON: inactive players will automatically lose when time's up. (requested by notmetbh102)\n|c|\u2606notmetbh102|hf\n|\n|t:|1782785007\n|switch|p2a: Uxie|Uxie, L83|260/260\n|move|p1a: Walking Wake|Draco Meteor|p2a: Uxie\n|-damage|p2a: Uxie|104/260\n|-unboost|p1a: Walking Wake|spa|2\n|\n|-heal|p2a: Uxie|120/260|[from] item: Leftovers\n|upkeep\n|turn|2\n|\n|t:|1782785012\n|move|p1a: Walking Wake|Draco Meteor|p2a: Uxie\n|-damage|p2a: Uxie|44/260\n|-unboost|p1a: Walking Wake|spa|2\n|move|p2a: Uxie|Yawn|p1a: Walking Wake\n|-start|p1a: Walking Wake|move: Yawn|[of] p2a: Uxie\n|\n|-heal|p2a: Uxie|60/260|[from] item: Leftovers\n|upkeep\n|turn|3\n|\n|t:|1782785013\n|-end|p1a: Walking Wake|Protosynthesis|[silent]\n|switch|p1a: Mudsdale|Mudsdale, L83, F|302/302\n|move|p2a: Uxie|Yawn|p1a: Mudsdale\n|-start|p1a: Mudsdale|move: Yawn|[of] p2a: Uxie\n|\n|-heal|p2a: Uxie|76/260|[from] item: Leftovers\n|upkeep\n|turn|4\n|\n|t:|1782785016\n|switch|p1a: Walking Wake|Walking Wake, L79|286/286\n|move|p2a: Uxie|Psychic Noise|p1a: Walking Wake\n|-damage|p1a: Walking Wake|208/286\n|-start|p1a: Walking Wake|move: Heal Block\n|\n|-heal|p2a: Uxie|92/260|[from] item: Leftovers\n|upkeep\n|turn|5\n|\n|t:|1782785018\n|move|p1a: Walking Wake|Hydro Pump|p2a: Uxie\n|-damage|p2a: Uxie|0 fnt\n|faint|p2a: Uxie\n|\n|-end|p1a: Walking Wake|move: Heal Block\n|upkeep\n|\n|t:|1782785021\n|switch|p2a: Spidops|Spidops, L96, M|271/271\n|turn|6\n|\n|t:|1782785024\n|move|p1a: Walking Wake|Hydro Pump|p2a: Spidops\n|-damage|p2a: Spidops|115/271\n|move|p2a: Spidops|Sticky Web|p1a: Walking Wake\n|-sidestart|p1: notmetbh102|move: Sticky Web\n|\n|upkeep\n|turn|7\n|\n|t:|1782785025\n|move|p1a: Walking Wake|Hydro Pump|p2a: Spidops\n|-damage|p2a: Spidops|0 fnt\n|faint|p2a: Spidops\n|\n|upkeep\n|\n|t:|1782785028\n|switch|p2a: Wigglytuff|Wigglytuff, L96, F|424/424\n|turn|8\n|\n|t:|1782785029\n|-end|p1a: Walking Wake|Protosynthesis|[silent]\n|switch|p1a: Mudsdale|Mudsdale, L83, F|302/302\n|-activate|p1a: Mudsdale|move: Sticky Web\n|-unboost|p1a: Mudsdale|spe|1\n|move|p2a: Wigglytuff|Knock Off|p1a: Mudsdale\n|-damage|p1a: Mudsdale|242/302\n|-ability|p1a: Mudsdale|Stamina|boost\n|-boost|p1a: Mudsdale|def|1\n|-enditem|p1a: Mudsdale|Leftovers|[from] move: Knock Off|[of] p2a: Wigglytuff\n|\n|upkeep\n|turn|9\n|\n|t:|1782785034\n|move|p2a: Wigglytuff|Dazzling Gleam|p1a: Mudsdale\n|-damage|p1a: Mudsdale|136/302\n|-ability|p1a: Mudsdale|Stamina|boost\n|-boost|p1a: Mudsdale|def|1\n|move|p1a: Mudsdale|Earthquake|p2a: Wigglytuff\n|-damage|p2a: Wigglytuff|252/424\n|\n|-heal|p2a: Wigglytuff|278/424|[from] item: Leftovers\n|upkeep\n|turn|10\n|\n|t:|1782785037\n|move|p2a: Wigglytuff|Dazzling Gleam|p1a: Mudsdale\n|-damage|p1a: Mudsdale|33/302\n|-ability|p1a: Mudsdale|Stamina|boost\n|-boost|p1a: Mudsdale|def|1\n|move|p1a: Mudsdale|Heavy Slam|p2a: Wigglytuff\n|-supereffective|p2a: Wigglytuff\n|-damage|p2a: Wigglytuff|6/424\n|\n|-heal|p2a: Wigglytuff|32/424|[from] item: Leftovers\n|upkeep\n|turn|11\n|\n|t:|1782785039\n|move|p2a: Wigglytuff|Dazzling Gleam|p1a: Mudsdale\n|-damage|p1a: Mudsdale|0 fnt\n|faint|p1a: Mudsdale\n|\n|-heal|p2a: Wigglytuff|58/424|[from] item: Leftovers\n|upkeep\n|\n|t:|1782785039\n|switch|p1a: Walking Wake|Walking Wake, L79|208/286\n|-activate|p1a: Walking Wake|move: Sticky Web\n|-unboost|p1a: Walking Wake|spe|1\n|turn|12\n|\n|t:|1782785041\n|move|p2a: Wigglytuff|Protect|p2a: Wigglytuff\n|-singleturn|p2a: Wigglytuff|Protect\n|move|p1a: Walking Wake|Flip Turn|p2a: Wigglytuff\n|-activate|p2a: Wigglytuff|move: Protect\n|\n|-heal|p2a: Wigglytuff|84/424|[from] item: Leftovers\n|upkeep\n|turn|13\n|\n|t:|1782785045\n|move|p1a: Walking Wake|Flip Turn|p2a: Wigglytuff\n|-damage|p2a: Wigglytuff|17/424\n|\n|t:|1782785045\n|-end|p1a: Walking Wake|Protosynthesis|[silent]\n|switch|p1a: Milotic|Milotic, L83, F|293/293|[from] Flip Turn\n|-activate|p1a: Milotic|move: Sticky Web\n|-unboost|p1a: Milotic|spe|1\n|-ability|p1a: Milotic|Competitive|boost\n|-boost|p1a: Milotic|spa|2\n|move|p2a: Wigglytuff|Wish|p2a: Wigglytuff\n|\n|-heal|p2a: Wigglytuff|43/424|[from] item: Leftovers\n|upkeep\n|turn|14\n|\n|t:|1782785048\n|move|p2a: Wigglytuff|Protect|p2a: Wigglytuff\n|-singleturn|p2a: Wigglytuff|Protect\n|move|p1a: Milotic|Recover||[still]\n|-fail|p1a: Milotic|heal\n|\n|-heal|p2a: Wigglytuff|255/424|[from] move: Wish|[wisher] Wigglytuff\n|-heal|p2a: Wigglytuff|281/424|[from] item: Leftovers\n|upkeep\n|turn|15\n|\n|t:|1782785053\n|move|p2a: Wigglytuff|Wish|p2a: Wigglytuff\n|move|p1a: Milotic|Scald|p2a: Wigglytuff\n|-damage|p2a: Wigglytuff|53/424\n|\n|-heal|p2a: Wigglytuff|79/424|[from] item: Leftovers\n|upkeep\n|turn|16\n|\n|t:|1782785054\n|move|p2a: Wigglytuff|Protect|p2a: Wigglytuff\n|-singleturn|p2a: Wigglytuff|Protect\n|move|p1a: Milotic|Scald|p2a: Wigglytuff\n|-activate|p2a: Wigglytuff|move: Protect\n|\n|-heal|p2a: Wigglytuff|291/424|[from] move: Wish|[wisher] Wigglytuff\n|-heal|p2a: Wigglytuff|317/424|[from] item: Leftovers\n|upkeep\n|turn|17\n|\n|t:|1782785057\n|move|p2a: Wigglytuff|Wish|p2a: Wigglytuff\n|move|p1a: Milotic|Scald|p2a: Wigglytuff\n|-damage|p2a: Wigglytuff|94/424\n|\n|-heal|p2a: Wigglytuff|120/424|[from] item: Leftovers\n|upkeep\n|turn|18\n|\n|t:|1782785060\n|move|p2a: Wigglytuff|Protect|p2a: Wigglytuff\n|-singleturn|p2a: Wigglytuff|Protect\n|move|p1a: Milotic|Scald|p2a: Wigglytuff\n|-activate|p2a: Wigglytuff|move: Protect\n|\n|-heal|p2a: Wigglytuff|332/424|[from] move: Wish|[wisher] Wigglytuff\n|-heal|p2a: Wigglytuff|358/424|[from] item: Leftovers\n|upkeep\n|turn|19\n|\n|t:|1782785064\n|move|p2a: Wigglytuff|Wish|p2a: Wigglytuff\n|move|p1a: Milotic|Scald|p2a: Wigglytuff\n|-damage|p2a: Wigglytuff|127/424\n|-status|p2a: Wigglytuff|brn\n|\n|-heal|p2a: Wigglytuff|153/424 brn|[from] item: Leftovers\n|-damage|p2a: Wigglytuff|127/424 brn|[from] brn\n|upkeep\n|turn|20\n|\n|t:|1782785066\n|move|p2a: Wigglytuff|Protect|p2a: Wigglytuff\n|-singleturn|p2a: Wigglytuff|Protect\n|move|p1a: Milotic|Scald|p2a: Wigglytuff\n|-activate|p2a: Wigglytuff|move: Protect\n|\n|-heal|p2a: Wigglytuff|339/424 brn|[from] move: Wish|[wisher] Wigglytuff\n|-heal|p2a: Wigglytuff|365/424 brn|[from] item: Leftovers\n|-damage|p2a: Wigglytuff|339/424 brn|[from] brn\n|upkeep\n|turn|21\n|\n|t:|1782785068\n|move|p2a: Wigglytuff|Wish|p2a: Wigglytuff\n|move|p1a: Milotic|Scald|p2a: Wigglytuff\n|-damage|p2a: Wigglytuff|129/424 brn\n|\n|-heal|p2a: Wigglytuff|155/424 brn|[from] item: Leftovers\n|-damage|p2a: Wigglytuff|129/424 brn|[from] brn\n|upkeep\n|turn|22\n|\n|t:|1782785072\n|move|p2a: Wigglytuff|Protect|p2a: Wigglytuff\n|-singleturn|p2a: Wigglytuff|Protect\n|move|p1a: Milotic|Scald|p2a: Wigglytuff\n|-activate|p2a: Wigglytuff|move: Protect\n|\n|-heal|p2a: Wigglytuff|341/424 brn|[from] move: Wish|[wisher] Wigglytuff\n|-heal|p2a: Wigglytuff|367/424 brn|[from] item: Leftovers\n|-damage|p2a: Wigglytuff|341/424 brn|[from] brn\n|upkeep\n|turn|23\n|\n|t:|1782785073\n|move|p2a: Wigglytuff|Wish|p2a: Wigglytuff\n|move|p1a: Milotic|Scald|p2a: Wigglytuff\n|-damage|p2a: Wigglytuff|130/424 brn\n|\n|-heal|p2a: Wigglytuff|156/424 brn|[from] item: Leftovers\n|-damage|p2a: Wigglytuff|130/424 brn|[from] brn\n|upkeep\n|turn|24\n|\n|t:|1782785076\n|move|p2a: Wigglytuff|Protect|p2a: Wigglytuff\n|-singleturn|p2a: Wigglytuff|Protect\n|move|p1a: Milotic|Scald|p2a: Wigglytuff\n|-activate|p2a: Wigglytuff|move: Protect\n|\n|-heal|p2a: Wigglytuff|342/424 brn|[from] move: Wish|[wisher] Wigglytuff\n|-heal|p2a: Wigglytuff|368/424 brn|[from] item: Leftovers\n|-damage|p2a: Wigglytuff|342/424 brn|[from] brn\n|upkeep\n|turn|25\n|\n|t:|1782785078\n|move|p2a: Wigglytuff|Wish|p2a: Wigglytuff\n|move|p1a: Milotic|Scald|p2a: Wigglytuff\n|-damage|p2a: Wigglytuff|138/424 brn\n|\n|-heal|p2a: Wigglytuff|164/424 brn|[from] item: Leftovers\n|-damage|p2a: Wigglytuff|138/424 brn|[from] brn\n|upkeep\n|turn|26\n|\n|t:|1782785080\n|move|p2a: Wigglytuff|Protect|p2a: Wigglytuff\n|-singleturn|p2a: Wigglytuff|Protect\n|move|p1a: Milotic|Scald|p2a: Wigglytuff\n|-activate|p2a: Wigglytuff|move: Protect\n|\n|-heal|p2a: Wigglytuff|350/424 brn|[from] move: Wish|[wisher] Wigglytuff\n|-heal|p2a: Wigglytuff|376/424 brn|[from] item: Leftovers\n|-damage|p2a: Wigglytuff|350/424 brn|[from] brn\n|upkeep\n|turn|27\n|\n|t:|1782785081\n|move|p2a: Wigglytuff|Wish|p2a: Wigglytuff\n|move|p1a: Milotic|Scald|p2a: Wigglytuff\n|-damage|p2a: Wigglytuff|136/424 brn\n|\n|-heal|p2a: Wigglytuff|162/424 brn|[from] item: Leftovers\n|-damage|p2a: Wigglytuff|136/424 brn|[from] brn\n|upkeep\n|turn|28\n|\n|t:|1782785083\n|move|p2a: Wigglytuff|Protect|p2a: Wigglytuff\n|-singleturn|p2a: Wigglytuff|Protect\n|move|p1a: Milotic|Ice Beam|p2a: Wigglytuff\n|-activate|p2a: Wigglytuff|move: Protect\n|\n|-heal|p2a: Wigglytuff|348/424 brn|[from] move: Wish|[wisher] Wigglytuff\n|-heal|p2a: Wigglytuff|374/424 brn|[from] item: Leftovers\n|-damage|p2a: Wigglytuff|348/424 brn|[from] brn\n|upkeep\n|turn|29\n|l|\u2606AmYisraelChaiLatte\n|inactive|AmYisraelChaiLatte disconnected and has a minute to reconnect!\n|player|p2|\n|j|\u2606AmYisraelChaiLatte\n|inactive|AmYisraelChaiLatte reconnected and has 140 seconds left.\n|player|p2|AmYisraelChaiLatte|169|\n|\n|t:|1782785099\n|move|p2a: Wigglytuff|Wish|p2a: Wigglytuff\n|move|p1a: Milotic|Scald|p2a: Wigglytuff\n|-damage|p2a: Wigglytuff|125/424 brn\n|\n|-heal|p2a: Wigglytuff|151/424 brn|[from] item: Leftovers\n|-damage|p2a: Wigglytuff|125/424 brn|[from] brn\n|upkeep\n|turn|30\n|\n|t:|1782785100\n|move|p2a: Wigglytuff|Protect|p2a: Wigglytuff\n|-singleturn|p2a: Wigglytuff|Protect\n|move|p1a: Milotic|Scald|p2a: Wigglytuff\n|-activate|p2a: Wigglytuff|move: Protect\n|\n|-heal|p2a: Wigglytuff|337/424 brn|[from] move: Wish|[wisher] Wigglytuff\n|-heal|p2a: Wigglytuff|363/424 brn|[from] item: Leftovers\n|-damage|p2a: Wigglytuff|337/424 brn|[from] brn\n|upkeep\n|turn|31\n|\n|t:|1782785102\n|move|p2a: Wigglytuff|Wish|p2a: Wigglytuff\n|move|p1a: Milotic|Scald|p2a: Wigglytuff\n|-damage|p2a: Wigglytuff|133/424 brn\n|\n|-heal|p2a: Wigglytuff|159/424 brn|[from] item: Leftovers\n|-damage|p2a: Wigglytuff|133/424 brn|[from] brn\n|upkeep\n|turn|32\n|\n|t:|1782785105\n|move|p2a: Wigglytuff|Protect|p2a: Wigglytuff\n|-singleturn|p2a: Wigglytuff|Protect\n|move|p1a: Milotic|Scald|p2a: Wigglytuff\n|-activate|p2a: Wigglytuff|move: Protect\n|\n|-heal|p2a: Wigglytuff|345/424 brn|[from] move: Wish|[wisher] Wigglytuff\n|-heal|p2a: Wigglytuff|371/424 brn|[from] item: Leftovers\n|-damage|p2a: Wigglytuff|345/424 brn|[from] brn\n|upkeep\n|turn|33\n|\n|t:|1782785108\n|move|p2a: Wigglytuff|Wish|p2a: Wigglytuff\n|move|p1a: Milotic|Scald|p2a: Wigglytuff\n|-damage|p2a: Wigglytuff|135/424 brn\n|\n|-heal|p2a: Wigglytuff|161/424 brn|[from] item: Leftovers\n|-damage|p2a: Wigglytuff|135/424 brn|[from] brn\n|upkeep\n|turn|34\n|\n|t:|1782785110\n|move|p2a: Wigglytuff|Protect|p2a: Wigglytuff\n|-singleturn|p2a: Wigglytuff|Protect\n|move|p1a: Milotic|Ice Beam|p2a: Wigglytuff\n|-activate|p2a: Wigglytuff|move: Protect\n|\n|-heal|p2a: Wigglytuff|347/424 brn|[from] move: Wish|[wisher] Wigglytuff\n|-heal|p2a: Wigglytuff|373/424 brn|[from] item: Leftovers\n|-damage|p2a: Wigglytuff|347/424 brn|[from] brn\n|upkeep\n|turn|35\n|\n|t:|1782785115\n|move|p2a: Wigglytuff|Wish|p2a: Wigglytuff\n|move|p1a: Milotic|Scald|p2a: Wigglytuff\n|-damage|p2a: Wigglytuff|133/424 brn\n|\n|-heal|p2a: Wigglytuff|159/424 brn|[from] item: Leftovers\n|-damage|p2a: Wigglytuff|133/424 brn|[from] brn\n|upkeep\n|turn|36\n|\n|t:|1782785117\n|move|p2a: Wigglytuff|Protect|p2a: Wigglytuff\n|-singleturn|p2a: Wigglytuff|Protect\n|move|p1a: Milotic|Scald|p2a: Wigglytuff\n|-activate|p2a: Wigglytuff|move: Protect\n|\n|-heal|p2a: Wigglytuff|345/424 brn|[from] move: Wish|[wisher] Wigglytuff\n|-heal|p2a: Wigglytuff|371/424 brn|[from] item: Leftovers\n|-damage|p2a: Wigglytuff|345/424 brn|[from] brn\n|upkeep\n|turn|37\n|\n|t:|1782785119\n|move|p2a: Wigglytuff|Wish|p2a: Wigglytuff\n|move|p1a: Milotic|Scald|p2a: Wigglytuff\n|-damage|p2a: Wigglytuff|117/424 brn\n|\n|-heal|p2a: Wigglytuff|143/424 brn|[from] item: Leftovers\n|-damage|p2a: Wigglytuff|117/424 brn|[from] brn\n|upkeep\n|turn|38\n|\n|t:|1782785121\n|move|p2a: Wigglytuff|Protect|p2a: Wigglytuff\n|-singleturn|p2a: Wigglytuff|Protect\n|move|p1a: Milotic|Ice Beam|p2a: Wigglytuff\n|-activate|p2a: Wigglytuff|move: Protect\n|\n|-heal|p2a: Wigglytuff|329/424 brn|[from] move: Wish|[wisher] Wigglytuff\n|-heal|p2a: Wigglytuff|355/424 brn|[from] item: Leftovers\n|-damage|p2a: Wigglytuff|329/424 brn|[from] brn\n|upkeep\n|turn|39\n|\n|t:|1782785123\n|move|p2a: Wigglytuff|Wish|p2a: Wigglytuff\n|move|p1a: Milotic|Scald|p2a: Wigglytuff\n|-damage|p2a: Wigglytuff|122/424 brn\n|\n|-heal|p2a: Wigglytuff|148/424 brn|[from] item: Leftovers\n|-damage|p2a: Wigglytuff|122/424 brn|[from] brn\n|upkeep\n|turn|40\n|\n|t:|1782785125\n|move|p2a: Wigglytuff|Protect|p2a: Wigglytuff\n|-singleturn|p2a: Wigglytuff|Protect\n|move|p1a: Milotic|Ice Beam|p2a: Wigglytuff\n|-activate|p2a: Wigglytuff|move: Protect\n|\n|-heal|p2a: Wigglytuff|334/424 brn|[from] move: Wish|[wisher] Wigglytuff\n|-heal|p2a: Wigglytuff|360/424 brn|[from] item: Leftovers\n|-damage|p2a: Wigglytuff|334/424 brn|[from] brn\n|upkeep\n|turn|41\n|\n|t:|1782785139\n|move|p2a: Wigglytuff|Wish|p2a: Wigglytuff\n|move|p1a: Milotic|Scald|p2a: Wigglytuff\n|-damage|p2a: Wigglytuff|100/424 brn\n|\n|-heal|p2a: Wigglytuff|126/424 brn|[from] item: Leftovers\n|-damage|p2a: Wigglytuff|100/424 brn|[from] brn\n|upkeep\n|turn|42\n|\n|t:|1782785141\n|move|p2a: Wigglytuff|Protect|p2a: Wigglytuff\n|-singleturn|p2a: Wigglytuff|Protect\n|move|p1a: Milotic|Ice Beam|p2a: Wigglytuff\n|-activate|p2a: Wigglytuff|move: Protect\n|\n|-heal|p2a: Wigglytuff|312/424 brn|[from] move: Wish|[wisher] Wigglytuff\n|-heal|p2a: Wigglytuff|338/424 brn|[from] item: Leftovers\n|-damage|p2a: Wigglytuff|312/424 brn|[from] brn\n|upkeep\n|turn|43\n|\n|t:|1782785145\n|move|p2a: Wigglytuff|Knock Off|p1a: Milotic\n|-damage|p1a: Milotic|258/293\n|-enditem|p1a: Milotic|Leftovers|[from] move: Knock Off|[of] p2a: Wigglytuff\n|move|p1a: Milotic|Ice Beam|p2a: Wigglytuff\n|-damage|p2a: Wigglytuff|137/424 brn\n|\n|-heal|p2a: Wigglytuff|163/424 brn|[from] item: Leftovers\n|-damage|p2a: Wigglytuff|137/424 brn|[from] brn\n|upkeep\n|turn|44\n|\n|t:|1782785147\n|move|p2a: Wigglytuff|Wish|p2a: Wigglytuff\n|move|p1a: Milotic|Ice Beam|p2a: Wigglytuff\n|-damage|p2a: Wigglytuff|0 fnt\n|faint|p2a: Wigglytuff\n|\n|upkeep\n|\n|t:|1782785152\n|switch|p2a: Eiscue|Eiscue, L88, M|274/274\n|turn|45\n|\n|t:|1782785153\n|move|p2a: Eiscue|Belly Drum|p2a: Eiscue\n|-damage|p2a: Eiscue|137/274\n|-setboost|p2a: Eiscue|atk|6|[from] move: Belly Drum\n|-enditem|p2a: Eiscue|Sitrus Berry|[eat]\n|-heal|p2a: Eiscue|205/274|[from] item: Sitrus Berry\n|move|p1a: Milotic|Recover|p1a: Milotic\n|-heal|p1a: Milotic|293/293\n|\n|-heal|p2a: Eiscue|274/274|[from] move: Wish|[wisher] Wigglytuff\n|upkeep\n|turn|46\n|\n|t:|1782785162\n|-terastallize|p2a: Eiscue|Electric\n|move|p2a: Eiscue|Tera Blast|p1a: Milotic|[anim] Tera Blast Electric\n|-supereffective|p1a: Milotic\n|-damage|p1a: Milotic|0 fnt\n|faint|p1a: Milotic\n|\n|upkeep\n|\n|t:|1782785163\n|switch|p1a: Walking Wake|Walking Wake, L79|208/286\n|-activate|p1a: Walking Wake|move: Sticky Web\n|-unboost|p1a: Walking Wake|spe|1\n|turn|47\n|\n|t:|1782785166\n|move|p1a: Walking Wake|Draco Meteor|p2a: Eiscue|[miss]\n|-miss|p1a: Walking Wake|p2a: Eiscue\n|move|p2a: Eiscue|Tera Blast|p1a: Walking Wake|[anim] Tera Blast Electric\n|-damage|p1a: Walking Wake|0 fnt\n|faint|p1a: Walking Wake\n|-end|p1a: Walking Wake|Protosynthesis|[silent]\n|\n|upkeep\n|\n|t:|1782785167\n|switch|p1a: Snorlax|Snorlax, L82, F|397/397\n|-activate|p1a: Snorlax|move: Sticky Web\n|-unboost|p1a: Snorlax|spe|1\n|turn|48\n|\n|t:|1782785170\n|-terastallize|p1a: Snorlax|Ground\n|move|p2a: Eiscue|Tera Blast|p1a: Snorlax|[anim] Tera Blast Electric\n|-immune|p1a: Snorlax\n|move|p1a: Snorlax|Crunch|p2a: Eiscue\n|-activate|p2a: Eiscue|ability: Ice Face\n|-damage|p2a: Eiscue|274/274\n|detailschange|p2a: Eiscue|Eiscue-Noice, L88, M, tera:Electric\n|\n|upkeep\n|turn|49\n|\n|t:|1782785171\n|switch|p1a: Iron Leaves|Iron Leaves, L80|275/275\n|-activate|p1a: Iron Leaves|move: Sticky Web\n|-unboost|p1a: Iron Leaves|spe|1\n|move|p2a: Eiscue|Liquidation|p1a: Iron Leaves\n|-resisted|p1a: Iron Leaves\n|-damage|p1a: Iron Leaves|158/275\n|-unboost|p1a: Iron Leaves|def|1\n|\n|upkeep\n|turn|50\n|\n|t:|1782785174\n|-end|p1a: Iron Leaves|Quark Drive|[silent]\n|switch|p1a: Grumpig|Grumpig, L92, F|297/297\n|-activate|p1a: Grumpig|move: Sticky Web\n|-unboost|p1a: Grumpig|spe|1\n|move|p2a: Eiscue|Ice Spinner|p1a: Grumpig\n|-damage|p1a: Grumpig|128/297\n|\n|-heal|p1a: Grumpig|146/297|[from] item: Leftovers\n|upkeep\n|turn|51\n|\n|t:|1782785175\n|switch|p1a: Snorlax|Snorlax, L82, F, tera:Ground|397/397\n|-activate|p1a: Snorlax|move: Sticky Web\n|-unboost|p1a: Snorlax|spe|1\n|move|p2a: Eiscue|Liquidation|p1a: Snorlax\n|-supereffective|p1a: Snorlax\n|-damage|p1a: Snorlax|0 fnt\n|faint|p1a: Snorlax\n|\n|upkeep\n|\n|t:|1782785176\n|switch|p1a: Grumpig|Grumpig, L92, F|146/297\n|-activate|p1a: Grumpig|move: Sticky Web\n|-unboost|p1a: Grumpig|spe|1\n|turn|52\n|\n|t:|1782785177\n|move|p2a: Eiscue|Liquidation|p1a: Grumpig\n|-damage|p1a: Grumpig|0 fnt\n|faint|p1a: Grumpig\n|\n|upkeep\n|\n|t:|1782785178\n|switch|p1a: Iron Leaves|Iron Leaves, L80|158/275\n|-activate|p1a: Iron Leaves|move: Sticky Web\n|-unboost|p1a: Iron Leaves|spe|1\n|turn|53\n|\n|t:|1782785181\n|move|p2a: Eiscue|Liquidation|p1a: Iron Leaves\n|-resisted|p1a: Iron Leaves\n|-damage|p1a: Iron Leaves|44/275\n|move|p1a: Iron Leaves|Swords Dance|p1a: Iron Leaves\n|-boost|p1a: Iron Leaves|atk|2\n|\n|upkeep\n|turn|54\n|\n|t:|1782785183\n|move|p2a: Eiscue|Liquidation|p1a: Iron Leaves\n|-resisted|p1a: Iron Leaves\n|-damage|p1a: Iron Leaves|0 fnt\n|faint|p1a: Iron Leaves\n|-end|p1a: Iron Leaves|Quark Drive|[silent]\n|\n|win|AmYisraelChaiLatte\n|raw|notmetbh102's rating: 2210 &rarr; <strong>2198</strong><br />(-12 for losing)\n|raw|AmYisraelChaiLatte's rating: 2364 &rarr; <strong>2376</strong><br />(+12 for winning)\n|c|\u2606notmetbh102|gg\n", "inputlog": ">version f8ac14003a5f27e1bdc8d8c59608a773c1cb96e5\n>start {\"formatid\":\"gen9randombattle\",\"seed\":\"sodium,d95afd44ed140003dc13ffceb2190098\",\"rated\":\"Rated battle\"}\n>player p1 {\"name\":\"notmetbh102\",\"avatar\":\"2\",\"rating\":2210,\"seed\":\"sodium,bcca59b7449eea11fc1412b1dcc96df1\"}\n>player p2 {\"name\":\"AmYisraelChaiLatte\",\"avatar\":\"169\",\"rating\":2364,\"seed\":\"sodium,39194c57bdd14c924312d0f314a66baf\"}\n>chat \u2606notmetbh102|hf\n>p1 move dracometeor\n>p2 switch 4\n>p1 move dracometeor\n>p2 move yawn\n>p1 switch 6\n>p2 move yawn\n>p1 switch 6\n>p2 move psychicnoise\n>p1 move hydropump\n>p2 move yawn\n>p2 switch 6\n>p1 move hydropump\n>p2 move stickyweb\n>p1 move hydropump\n>p2 move circlethrow\n>p2 switch 2\n>p1 switch 6\n>p2 move knockoff\n>p1 move earthquake\n>p2 move dazzlinggleam\n>p1 move heavyslam\n>p2 move dazzlinggleam\n>p1 move earthquake\n>p2 move dazzlinggleam\n>p1 switch 6\n>p1 move flipturn\n>p2 move protect\n>p1 move flipturn\n>p2 move wish\n>p1 switch 5\n>p1 move recover\n>p2 move protect\n>p1 move scald\n>p2 move wish\n>p1 move scald\n>p2 move protect\n>p1 move scald\n>p2 move wish\n>p1 move scald\n>p2 move protect\n>p1 move scald\n>p2 move wish\n>p1 move scald\n>p2 move protect\n>p1 move scald\n>p2 move wish\n>p1 move scald\n>p2 move protect\n>p1 move scald\n>p2 move wish\n>p1 move scald\n>p2 move protect\n>p1 move scald\n>p2 move wish\n>p1 move scald\n>p2 move protect\n>p1 move scald\n>p2 move wish\n>p1 move icebeam\n>p2 move protect\n>p1 move scald\n>p2 move wish\n>p1 move scald\n>p2 move protect\n>p1 move scald\n>p2 move wish\n>p1 move scald\n>p2 move protect\n>p1 move scald\n>p2 move wish\n>p1 move icebeam\n>p2 move protect\n>p1 move scald\n>p2 move wish\n>p1 move scald\n>p2 move protect\n>p1 move scald\n>p2 move wish\n>p1 move icebeam\n>p2 move protect\n>p1 move scald\n>p2 move wish\n>p1 move icebeam\n>p2 move protect\n>p1 move scald\n>p2 move wish\n>p1 move icebeam\n>p2 move protect\n>p1 move icebeam\n>p2 move knockoff\n>p1 move icebeam\n>p2 move wish\n>p2 switch 4\n>p1 move recover\n>p2 move bellydrum\n>p1 move haze\n>p2 move terablast terastallize\n>p1 switch 5\n>p1 move dracometeor\n>p2 move terablast\n>p1 switch 2\n>p1 move crunch terastallize\n>p2 move terablast\n>p1 switch 4\n>p2 move liquidation\n>p1 switch 3\n>p2 move icespinner\n>p1 switch 4\n>p2 move liquidation\n>p1 switch 4\n>p1 move psyshock\n>p2 move liquidation\n>p1 switch 3\n>p1 move swordsdance\n>p2 move liquidation\n>p1 move leafblade\n>p2 move liquidation", "uploadtime": 1782785003, "views": 8, "formatid": "gen9randombattle", "rating": 2198, "private": 0, "password": null, "player_dets": [{"name": "notmetbh102", "avatar": "2", "rating": 2210, "seed": "sodium,bcca59b7449eea11fc1412b1dcc96df1"}, {"name": "AmYisraelChaiLatte", "avatar": "169", "rating": 2364, "seed": "sodium,39194c57bdd14c924312d0f314a66baf"}], "teams_full": [{"Walking Wake": {"name": "Walking Wake", "species": "Walking Wake", "speciesId": "walkingwake", "gender": "N", "shiny": false, "level": 79, "moves": ["dracometeor", "flamethrower", "hydropump", "flipturn"], "ability": "Protosynthesis", "evs": {"hp": 85, "atk": 85, "def": 85, "spa": 85, "spd": 85, "spe": 85}, "ivs": {"hp": 31, "atk": 31, "def": 31, "spa": 31, "spd": 31, "spe": 31}, "item": "Choice Specs", "teraType": "Fire", "role": "Wallbreaker", "bvs": {"hp": 99, "atk": 83, "def": 91, "spa": 125, "spd": 83, "spe": 109}, "stats": {"hp": 286, "atk": 177, "def": 189, "spa": 243, "spd": 177, "spe": 218}, "types": ["Water", "Dragon"]}, "Snorlax": {"name": "Snorlax", "species": "Snorlax", "speciesId": "snorlax", "gender": "F", "shiny": false, "level": 82, "moves": ["bodyslam", "earthquake", "crunch", "curse"], "ability": "Thick Fat", "evs": {"hp": 85, "atk": 85, "def": 85, "spa": 85, "spd": 85, "spe": 85}, "ivs": {"hp": 31, "atk": 31, "def": 31, "spa": 31, "spd": 31, "spe": 31}, "item": "Leftovers", "teraType": "Ground", "role": "Bulky Setup", "bvs": {"hp": 160, "atk": 110, "def": 65, "spa": 65, "spd": 110, "spe": 30}, "stats": {"hp": 397, "atk": 228, "def": 154, "spa": 154, "spd": 228, "spe": 96}, "types": ["Normal"]}, "Grumpig": {"name": "Grumpig", "species": "Grumpig", "speciesId": "grumpig", "gender": "F", "shiny": false, "level": 92, "moves": ["earthpower", "psyshock", "nastyplot", "dazzlinggleam"], "ability": "Thick Fat", "evs": {"hp": 85, "atk": 0, "def": 85, "spa": 85, "spd": 85, "spe": 85}, "ivs": {"hp": 31, "atk": 0, "def": 31, "spa": 31, "spd": 31, "spe": 31}, "item": "Leftovers", "teraType": "Ground", "role": "Bulky Setup", "bvs": {"hp": 80, "atk": 45, "def": 65, "spa": 90, "spd": 110, "spe": 80}, "stats": {"hp": 297, "atk": 87, "def": 172, "spa": 218, "spd": 255, "spe": 200}, "types": ["Psychic"]}, "Iron Leaves": {"name": "Iron Leaves", "species": "Iron Leaves", "speciesId": "ironleaves", "gender": "N", "shiny": false, "level": 80, "moves": ["closecombat", "swordsdance", "psyblade", "leafblade"], "ability": "Quark Drive", "evs": {"hp": 85, "atk": 85, "def": 85, "spa": 85, "spd": 85, "spe": 85}, "ivs": {"hp": 31, "atk": 31, "def": 31, "spa": 31, "spd": 31, "spe": 31}, "item": "Life Orb", "teraType": "Fighting", "role": "Wallbreaker", "bvs": {"hp": 90, "atk": 130, "def": 88, "spa": 70, "spd": 108, "spe": 104}, "stats": {"hp": 275, "atk": 254, "def": 187, "spa": 158, "spd": 219, "spe": 213}, "types": ["Grass", "Psychic"]}, "Milotic": {"name": "Milotic", "species": "Milotic", "speciesId": "milotic", "gender": "F", "shiny": false, "level": 83, "moves": ["scald", "icebeam", "recover", "haze"], "ability": "Competitive", "evs": {"hp": 85, "atk": 0, "def": 85, "spa": 85, "spd": 85, "spe": 85}, "ivs": {"hp": 31, "atk": 0, "def": 31, "spa": 31, "spd": 31, "spe": 31}, "item": "Leftovers", "teraType": "Steel", "role": "Bulky Attacker", "bvs": {"hp": 95, "atk": 60, "def": 79, "spa": 100, "spd": 125, "spe": 81}, "stats": {"hp": 293, "atk": 104, "def": 179, "spa": 214, "spd": 255, "spe": 182}, "types": ["Water"]}, "Mudsdale": {"name": "Mudsdale", "species": "Mudsdale", "speciesId": "mudsdale", "gender": "F", "shiny": false, "level": 83, "moves": ["roar", "stoneedge", "earthquake", "heavyslam"], "ability": "Stamina", "evs": {"hp": 85, "atk": 85, "def": 85, "spa": 85, "spd": 85, "spe": 85}, "ivs": {"hp": 31, "atk": 31, "def": 31, "spa": 31, "spd": 31, "spe": 31}, "item": "Leftovers", "teraType": "Steel", "role": "Bulky Attacker", "bvs": {"hp": 100, "atk": 125, "def": 100, "spa": 55, "spd": 85, "spe": 35}, "stats": {"hp": 302, "atk": 255, "def": 214, "spa": 139, "spd": 189, "spe": 106}, "types": ["Ground"]}}, {"Eiscue": {"name": "Eiscue", "species": "Eiscue", "speciesId": "eiscue", "gender": "M", "shiny": false, "level": 88, "moves": ["icespinner", "bellydrum", "liquidation", "terablast"], "ability": "Ice Face", "evs": {"hp": 81, "atk": 85, "def": 85, "spa": 85, "spd": 85, "spe": 85}, "ivs": {"hp": 31, "atk": 31, "def": 31, "spa": 31, "spd": 31, "spe": 31}, "item": "Sitrus Berry", "teraType": "Electric", "role": "Tera Blast user", "bvs": {"hp": 75, "atk": 80, "def": 110, "spa": 65, "spd": 90, "spe": 50}, "stats": {"hp": 274, "atk": 191, "def": 244, "spa": 165, "spd": 209, "spe": 138}, "types": ["Ice"]}, "Wigglytuff": {"name": "Wigglytuff", "species": "Wigglytuff", "speciesId": "wigglytuff", "gender": "F", "shiny": false, "level": 96, "moves": ["dazzlinggleam", "wish", "protect", "knockoff"], "ability": "Competitive", "evs": {"hp": 85, "atk": 85, "def": 85, "spa": 85, "spd": 85, "spe": 85}, "ivs": {"hp": 31, "atk": 31, "def": 31, "spa": 31, "spd": 31, "spe": 31}, "item": "Leftovers", "teraType": "Steel", "role": "Bulky Support", "bvs": {"hp": 140, "atk": 70, "def": 45, "spa": 85, "spd": 50, "spe": 45}, "stats": {"hp": 424, "atk": 189, "def": 141, "spa": 218, "spd": 150, "spe": 141}, "types": ["Normal", "Fairy"]}, "Dachsbun": {"name": "Dachsbun", "species": "Dachsbun", "speciesId": "dachsbun", "gender": "F", "shiny": false, "level": 92, "moves": ["protect", "yawn", "playrough", "wish"], "ability": "Well-Baked Body", "evs": {"hp": 85, "atk": 85, "def": 85, "spa": 85, "spd": 85, "spe": 85}, "ivs": {"hp": 31, "atk": 31, "def": 31, "spa": 31, "spd": 31, "spe": 31}, "item": "Leftovers", "teraType": "Steel", "role": "Bulky Support", "bvs": {"hp": 57, "atk": 80, "def": 115, "spa": 50, "spd": 80, "spe": 95}, "stats": {"hp": 254, "atk": 200, "def": 264, "spa": 144, "spd": 200, "spe": 227}, "types": ["Fairy"]}, "Uxie": {"name": "Uxie", "species": "Uxie", "speciesId": "uxie", "gender": "N", "shiny": false, "level": 83, "moves": ["encore", "yawn", "uturn", "psychicnoise"], "ability": "Levitate", "evs": {"hp": 85, "atk": 85, "def": 85, "spa": 85, "spd": 85, "spe": 85}, "ivs": {"hp": 31, "atk": 31, "def": 31, "spa": 31, "spd": 31, "spe": 31}, "item": "Leftovers", "teraType": "Electric", "role": "Bulky Support", "bvs": {"hp": 75, "atk": 75, "def": 130, "spa": 75, "spd": 130, "spe": 95}, "stats": {"hp": 260, "atk": 172, "def": 263, "spa": 172, "spd": 263, "spe": 205}, "types": ["Psychic"]}, "Whiscash": {"name": "Whiscash", "species": "Whiscash", "speciesId": "whiscash", "gender": "M", "shiny": false, "level": 88, "moves": ["stoneedge", "dragondance", "liquidation", "earthquake"], "ability": "Oblivious", "evs": {"hp": 85, "atk": 85, "def": 85, "spa": 85, "spd": 85, "spe": 85}, "ivs": {"hp": 31, "atk": 31, "def": 31, "spa": 31, "spd": 31, "spe": 31}, "item": "Life Orb", "teraType": "Steel", "role": "Setup Sweeper", "bvs": {"hp": 110, "atk": 78, "def": 73, "spa": 76, "spd": 71, "spe": 60}, "stats": {"hp": 337, "atk": 188, "def": 179, "spa": 184, "spd": 175, "spe": 156}, "types": ["Water", "Ground"]}, "Spidops": {"name": "Spidops", "species": "Spidops", "speciesId": "spidops", "gender": "M", "shiny": false, "level": 96, "moves": ["knockoff", "stickyweb", "circlethrow", "spikes"], "ability": "Stakeout", "evs": {"hp": 85, "atk": 85, "def": 85, "spa": 85, "spd": 85, "spe": 85}, "ivs": {"hp": 31, "atk": 31, "def": 31, "spa": 31, "spd": 31, "spe": 31}, "item": "Heavy-Duty Boots", "teraType": "Ghost", "role": "Bulky Support", "bvs": {"hp": 60, "atk": 79, "def": 92, "spa": 52, "spd": 86, "spe": 35}, "stats": {"hp": 271, "atk": 206, "def": 231, "spa": 154, "spd": 220, "spe": 122}, "types": ["Bug"]}}]}