{"id": "gen9randombattle-2642049160", "format": "[Gen 9] Random Battle", "players": ["pallettownashboi", "TimePress"], "log": "|j|\u2606pallettownashboi\n|j|\u2606TimePress\n|t:|1782879362\n|gametype|singles\n|player|p1|pallettownashboi|1|1745\n|player|p2|TimePress|marlon|1790\n|gen|9\n|tier|[Gen 9] Random Battle\n|rated|\n|rule|Species Clause: Limit one of each Pok\u00e9mon\n|rule|HP Percentage Mod: HP is shown in percentages\n|rule|Sleep Clause Mod: Limit one foe put to sleep\n|rule|Illusion Level Mod: Illusion disguises the Pok\u00e9mon's true level\n|\n|t:|1782879362\n|teamsize|p1|6\n|teamsize|p2|6\n|start\n|switch|p1a: Hawlucha|Hawlucha, L80, M|256/256\n|switch|p2a: Slither Wing|Slither Wing, L81|270/270\n|turn|1\n|\n|t:|1782879406\n|-end|p2a: Slither Wing|Protosynthesis|[silent]\n|switch|p2a: Palafin|Palafin, L77, F|281/281\n|move|p1a: Hawlucha|Swords Dance|p1a: Hawlucha\n|-boost|p1a: Hawlucha|atk|2\n|\n|upkeep\n|turn|2\n|\n|t:|1782879435\n|detailschange|p2a: Palafin|Palafin-Hero, L77, F\n|switch|p2a: Slither Wing|Slither Wing, L81|270/270\n|move|p1a: Hawlucha|Close Combat|p2a: Slither Wing\n|-resisted|p2a: Slither Wing\n|-damage|p2a: Slither Wing|146/270\n|-unboost|p1a: Hawlucha|def|1\n|-unboost|p1a: Hawlucha|spd|1\n|-enditem|p1a: Hawlucha|White Herb\n|-clearnegativeboost|p1a: Hawlucha|[silent]\n|\n|upkeep\n|turn|3\n|\n|t:|1782879447\n|move|p2a: Slither Wing|First Impression|p1a: Hawlucha\n|-resisted|p1a: Hawlucha\n|-damage|p1a: Hawlucha|209/256\n|-damage|p2a: Slither Wing|119/270|[from] item: Life Orb\n|move|p1a: Hawlucha|Swords Dance|p1a: Hawlucha\n|-boost|p1a: Hawlucha|atk|2\n|\n|upkeep\n|turn|4\n|\n|t:|1782879459\n|move|p1a: Hawlucha|Encore|p2a: Slither Wing\n|-start|p2a: Slither Wing|Encore\n|move|p2a: Slither Wing|First Impression||[still]\n|-hint|First Impression only works on your first turn out.\n|-fail|p2a: Slither Wing\n|\n|upkeep\n|turn|5\n|inactive|Battle timer is ON: inactive players will automatically lose when time's up. (requested by pallettownashboi)\n|\n|t:|1782879478\n|move|p2a: Slither Wing|First Impression||[still]\n|-hint|First Impression only works on your first turn out.\n|-fail|p2a: Slither Wing\n|move|p1a: Hawlucha|Swords Dance|p1a: Hawlucha\n|-boost|p1a: Hawlucha|atk|2\n|\n|upkeep\n|turn|6\n|\n|t:|1782879485\n|move|p2a: Slither Wing|First Impression||[still]\n|-hint|First Impression only works on your first turn out.\n|-fail|p2a: Slither Wing\n|move|p1a: Hawlucha|Brave Bird|p2a: Slither Wing\n|-supereffective|p2a: Slither Wing\n|-damage|p2a: Slither Wing|0 fnt\n|faint|p2a: Slither Wing\n|-end|p2a: Slither Wing|Protosynthesis|[silent]\n|-damage|p1a: Hawlucha|170/256|[from] Recoil\n|\n|upkeep\n|\n|t:|1782879497\n|switch|p2a: Entei|Entei, L78|307/307\n|turn|7\n|\n|t:|1782879502\n|move|p2a: Entei|Extreme Speed|p1a: Hawlucha\n|-damage|p1a: Hawlucha|65/256\n|move|p1a: Hawlucha|Close Combat|p2a: Entei\n|-damage|p2a: Entei|0 fnt\n|-unboost|p1a: Hawlucha|def|1\n|-unboost|p1a: Hawlucha|spd|1\n|faint|p2a: Entei\n|\n|upkeep\n|\n|t:|1782879508\n|switch|p2a: Palafin|Palafin-Hero, L77, F|281/281\n|-activate|p2a: Palafin|ability: Zero to Hero\n|turn|8\n|\n|t:|1782879513\n|move|p2a: Palafin|Jet Punch|p1a: Hawlucha\n|-damage|p1a: Hawlucha|0 fnt\n|faint|p1a: Hawlucha\n|\n|upkeep\n|\n|t:|1782879520\n|switch|p1a: Amoonguss|Amoonguss, L82, M|321/321\n|turn|9\n|\n|t:|1782879537\n|switch|p2a: Zarude|Zarude-Dada, L77|288/288\n|move|p1a: Amoonguss|Spore|p2a: Zarude\n|-immune|p2a: Zarude\n|\n|upkeep\n|turn|10\n|\n|t:|1782879545\n|move|p2a: Zarude|Knock Off|p1a: Amoonguss\n|-crit|p1a: Amoonguss\n|-damage|p1a: Amoonguss|152/321\n|-enditem|p1a: Amoonguss|Leftovers|[from] move: Knock Off|[of] p2a: Zarude\n|move|p1a: Amoonguss|Sludge Bomb|p2a: Zarude\n|-supereffective|p2a: Zarude\n|-damage|p2a: Zarude|120/288\n|-status|p2a: Zarude|psn\n|\n|-damage|p2a: Zarude|84/288 psn|[from] psn\n|upkeep\n|turn|11\n|\n|t:|1782879558\n|move|p2a: Zarude|Knock Off|p1a: Amoonguss\n|-damage|p1a: Amoonguss|68/321\n|move|p1a: Amoonguss|Sludge Bomb|p2a: Zarude\n|-supereffective|p2a: Zarude\n|-damage|p2a: Zarude|0 fnt\n|faint|p2a: Zarude\n|\n|upkeep\n|\n|t:|1782879567\n|switch|p2a: Palafin|Palafin-Hero, L77, F|281/281\n|turn|12\n|\n|t:|1782879575\n|switch|p1a: Alomomola|Alomomola, L87, M|429/429\n|move|p2a: Palafin|Ice Punch|p1a: Alomomola\n|-resisted|p1a: Alomomola\n|-damage|p1a: Alomomola|397/429\n|-damage|p2a: Palafin|235/281|[from] item: Rocky Helmet|[of] p1a: Alomomola\n|\n|-heal|p2a: Palafin|252/281|[from] item: Leftovers\n|upkeep\n|turn|13\n|\n|t:|1782879584\n|switch|p2a: Tyranitar|Tyranitar, L78, F|284/284\n|-weather|Sandstorm|[from] ability: Sand Stream|[of] p2a: Tyranitar\n|move|p1a: Alomomola|Scald|p2a: Tyranitar\n|-supereffective|p2a: Tyranitar\n|-damage|p2a: Tyranitar|224/284\n|-status|p2a: Tyranitar|brn\n|-enditem|p2a: Tyranitar|Weakness Policy\n|-boost|p2a: Tyranitar|atk|2|[from] item: Weakness Policy\n|-boost|p2a: Tyranitar|spa|2|[from] item: Weakness Policy\n|\n|-weather|Sandstorm|[upkeep]\n|-damage|p1a: Alomomola|371/429|[from] Sandstorm\n|-damage|p2a: Tyranitar|207/284 brn|[from] brn\n|upkeep\n|turn|14\n|\n|t:|1782879597\n|move|p1a: Alomomola|Wish|p1a: Alomomola\n|move|p2a: Tyranitar|Dragon Dance|p2a: Tyranitar\n|-boost|p2a: Tyranitar|atk|1\n|-boost|p2a: Tyranitar|spe|1\n|\n|-weather|Sandstorm|[upkeep]\n|-damage|p1a: Alomomola|345/429|[from] Sandstorm\n|-damage|p2a: Tyranitar|190/284 brn|[from] brn\n|upkeep\n|turn|15\n|\n|t:|1782879604\n|move|p2a: Tyranitar|Knock Off|p1a: Alomomola\n|-damage|p1a: Alomomola|195/429\n|-damage|p2a: Tyranitar|143/284 brn|[from] item: Rocky Helmet|[of] p1a: Alomomola\n|-enditem|p1a: Alomomola|Rocky Helmet|[from] move: Knock Off|[of] p2a: Tyranitar\n|move|p1a: Alomomola|Scald|p2a: Tyranitar\n|-supereffective|p2a: Tyranitar\n|-damage|p2a: Tyranitar|83/284 brn\n|\n|-weather|Sandstorm|[upkeep]\n|-damage|p1a: Alomomola|169/429|[from] Sandstorm\n|-heal|p1a: Alomomola|383/429|[from] move: Wish|[wisher] Alomomola\n|-damage|p2a: Tyranitar|66/284 brn|[from] brn\n|upkeep\n|turn|16\n|\n|t:|1782879619\n|move|p2a: Tyranitar|Stone Edge|p1a: Alomomola\n|-damage|p1a: Alomomola|233/429\n|move|p1a: Alomomola|Wish|p1a: Alomomola\n|\n|-weather|Sandstorm|[upkeep]\n|-damage|p1a: Alomomola|207/429|[from] Sandstorm\n|-damage|p2a: Tyranitar|49/284 brn|[from] brn\n|upkeep\n|turn|17\n|\n|t:|1782879626\n|move|p2a: Tyranitar|Stone Edge|p1a: Alomomola\n|-damage|p1a: Alomomola|47/429\n|move|p1a: Alomomola|Scald|p2a: Tyranitar\n|-supereffective|p2a: Tyranitar\n|-damage|p2a: Tyranitar|0 fnt\n|faint|p2a: Tyranitar\n|\n|-weather|none\n|-heal|p1a: Alomomola|261/429|[from] move: Wish|[wisher] Alomomola\n|upkeep\n|\n|t:|1782879641\n|switch|p2a: Excadrill|Excadrill, L79, M|303/303\n|-ability|p2a: Excadrill|Mold Breaker\n|turn|18\n|\n|t:|1782879648\n|move|p2a: Excadrill|Swords Dance|p2a: Excadrill\n|-boost|p2a: Excadrill|atk|2\n|move|p1a: Alomomola|Scald|p2a: Excadrill\n|-supereffective|p2a: Excadrill\n|-damage|p2a: Excadrill|181/303\n|-status|p2a: Excadrill|brn\n|\n|-heal|p2a: Excadrill|199/303 brn|[from] item: Leftovers\n|-damage|p2a: Excadrill|181/303 brn|[from] brn\n|upkeep\n|turn|19\n|\n|t:|1782879658\n|move|p2a: Excadrill|Swords Dance|p2a: Excadrill\n|-boost|p2a: Excadrill|atk|2\n|move|p1a: Alomomola|Wish|p1a: Alomomola\n|\n|-heal|p2a: Excadrill|199/303 brn|[from] item: Leftovers\n|-damage|p2a: Excadrill|181/303 brn|[from] brn\n|upkeep\n|turn|20\n|\n|t:|1782879666\n|move|p2a: Excadrill|Earthquake|p1a: Alomomola\n|-damage|p1a: Alomomola|75/429\n|move|p1a: Alomomola|Scald|p2a: Excadrill\n|-supereffective|p2a: Excadrill\n|-damage|p2a: Excadrill|55/303 brn\n|\n|-heal|p1a: Alomomola|289/429|[from] move: Wish|[wisher] Alomomola\n|-heal|p2a: Excadrill|73/303 brn|[from] item: Leftovers\n|-damage|p2a: Excadrill|55/303 brn|[from] brn\n|upkeep\n|turn|21\n|\n|t:|1782879676\n|move|p2a: Excadrill|Earthquake|p1a: Alomomola\n|-damage|p1a: Alomomola|85/429\n|move|p1a: Alomomola|Wish|p1a: Alomomola\n|\n|-heal|p2a: Excadrill|73/303 brn|[from] item: Leftovers\n|-damage|p2a: Excadrill|55/303 brn|[from] brn\n|upkeep\n|turn|22\n|\n|t:|1782879682\n|move|p1a: Alomomola|Protect|p1a: Alomomola\n|-singleturn|p1a: Alomomola|Protect\n|move|p2a: Excadrill|Earthquake|p1a: Alomomola\n|-activate|p1a: Alomomola|move: Protect\n|\n|-heal|p1a: Alomomola|299/429|[from] move: Wish|[wisher] Alomomola\n|-heal|p2a: Excadrill|73/303 brn|[from] item: Leftovers\n|-damage|p2a: Excadrill|55/303 brn|[from] brn\n|upkeep\n|turn|23\n|\n|t:|1782879691\n|move|p2a: Excadrill|Earthquake|p1a: Alomomola\n|-damage|p1a: Alomomola|111/429\n|move|p1a: Alomomola|Wish|p1a: Alomomola\n|\n|-heal|p2a: Excadrill|73/303 brn|[from] item: Leftovers\n|-damage|p2a: Excadrill|55/303 brn|[from] brn\n|upkeep\n|turn|24\n|\n|t:|1782879698\n|move|p1a: Alomomola|Protect|p1a: Alomomola\n|-singleturn|p1a: Alomomola|Protect\n|move|p2a: Excadrill|Swords Dance|p2a: Excadrill\n|-boost|p2a: Excadrill|atk|2\n|\n|-heal|p1a: Alomomola|325/429|[from] move: Wish|[wisher] Alomomola\n|-heal|p2a: Excadrill|73/303 brn|[from] item: Leftovers\n|-damage|p2a: Excadrill|55/303 brn|[from] brn\n|upkeep\n|turn|25\n|\n|t:|1782879708\n|move|p2a: Excadrill|Earthquake|p1a: Alomomola\n|-damage|p1a: Alomomola|78/429\n|move|p1a: Alomomola|Scald|p2a: Excadrill\n|-supereffective|p2a: Excadrill\n|-damage|p2a: Excadrill|0 fnt\n|faint|p2a: Excadrill\n|\n|upkeep\n|\n|t:|1782879713\n|switch|p2a: Palafin|Palafin-Hero, L77, F|252/281\n|turn|26\n|\n|t:|1782879720\n|move|p2a: Palafin|Bulk Up|p2a: Palafin\n|-boost|p2a: Palafin|atk|1\n|-boost|p2a: Palafin|def|1\n|move|p1a: Alomomola|Scald|p2a: Palafin\n|-resisted|p2a: Palafin\n|-crit|p2a: Palafin\n|-damage|p2a: Palafin|209/281\n|-status|p2a: Palafin|brn\n|\n|-heal|p2a: Palafin|226/281 brn|[from] item: Leftovers\n|-damage|p2a: Palafin|209/281 brn|[from] brn\n|upkeep\n|turn|27\n|c|\u2606pallettownashboi|wow\n|c|\u2606pallettownashboi|im sorry\n|\n|t:|1782879736\n|move|p2a: Palafin|Bulk Up|p2a: Palafin\n|-boost|p2a: Palafin|atk|1\n|-boost|p2a: Palafin|def|1\n|move|p1a: Alomomola|Wish|p1a: Alomomola\n|\n|-heal|p2a: Palafin|226/281 brn|[from] item: Leftovers\n|-damage|p2a: Palafin|209/281 brn|[from] brn\n|upkeep\n|turn|28\n|c|\u2606TimePress|oof\n|\n|t:|1782879746\n|move|p2a: Palafin|Drain Punch|p1a: Alomomola\n|-damage|p1a: Alomomola|14/429\n|-heal|p2a: Palafin|241/281 brn|[from] drain|[of] p1a: Alomomola\n|move|p1a: Alomomola|Scald|p2a: Palafin\n|-resisted|p2a: Palafin\n|-damage|p2a: Palafin|213/281 brn\n|\n|-heal|p1a: Alomomola|228/429|[from] move: Wish|[wisher] Alomomola\n|-heal|p2a: Palafin|230/281 brn|[from] item: Leftovers\n|-damage|p2a: Palafin|213/281 brn|[from] brn\n|upkeep\n|turn|29\n|\n|t:|1782879759\n|move|p2a: Palafin|Bulk Up|p2a: Palafin\n|-boost|p2a: Palafin|atk|1\n|-boost|p2a: Palafin|def|1\n|move|p1a: Alomomola|Wish|p1a: Alomomola\n|\n|-heal|p2a: Palafin|230/281 brn|[from] item: Leftovers\n|-damage|p2a: Palafin|213/281 brn|[from] brn\n|upkeep\n|turn|30\n|\n|t:|1782879766\n|move|p2a: Palafin|Bulk Up|p2a: Palafin\n|-boost|p2a: Palafin|atk|1\n|-boost|p2a: Palafin|def|1\n|move|p1a: Alomomola|Scald|p2a: Palafin\n|-resisted|p2a: Palafin\n|-damage|p2a: Palafin|186/281 brn\n|\n|-heal|p1a: Alomomola|429/429|[from] move: Wish|[wisher] Alomomola\n|-heal|p2a: Palafin|203/281 brn|[from] item: Leftovers\n|-damage|p2a: Palafin|186/281 brn|[from] brn\n|upkeep\n|turn|31\n|\n|t:|1782879776\n|move|p2a: Palafin|Bulk Up|p2a: Palafin\n|-boost|p2a: Palafin|atk|1\n|-boost|p2a: Palafin|def|1\n|move|p1a: Alomomola|Scald|p2a: Palafin\n|-resisted|p2a: Palafin\n|-damage|p2a: Palafin|159/281 brn\n|\n|-heal|p2a: Palafin|176/281 brn|[from] item: Leftovers\n|-damage|p2a: Palafin|159/281 brn|[from] brn\n|upkeep\n|turn|32\n|\n|t:|1782879785\n|move|p2a: Palafin|Bulk Up|p2a: Palafin\n|-boost|p2a: Palafin|atk|1\n|-boost|p2a: Palafin|def|1\n|move|p1a: Alomomola|Scald|p2a: Palafin\n|-resisted|p2a: Palafin\n|-damage|p2a: Palafin|130/281 brn\n|\n|-heal|p2a: Palafin|147/281 brn|[from] item: Leftovers\n|-damage|p2a: Palafin|130/281 brn|[from] brn\n|upkeep\n|turn|33\n|\n|t:|1782879795\n|move|p2a: Palafin|Drain Punch|p1a: Alomomola\n|-damage|p1a: Alomomola|300/429\n|-heal|p2a: Palafin|195/281 brn|[from] drain|[of] p1a: Alomomola\n|move|p1a: Alomomola|Scald|p2a: Palafin\n|-resisted|p2a: Palafin\n|-damage|p2a: Palafin|169/281 brn\n|\n|-heal|p2a: Palafin|186/281 brn|[from] item: Leftovers\n|-damage|p2a: Palafin|169/281 brn|[from] brn\n|upkeep\n|turn|34\n|\n|t:|1782879804\n|move|p2a: Palafin|Drain Punch|p1a: Alomomola\n|-damage|p1a: Alomomola|155/429\n|-heal|p2a: Palafin|242/281 brn|[from] drain|[of] p1a: Alomomola\n|move|p1a: Alomomola|Wish|p1a: Alomomola\n|\n|-heal|p2a: Palafin|259/281 brn|[from] item: Leftovers\n|-damage|p2a: Palafin|242/281 brn|[from] brn\n|upkeep\n|turn|35\n|\n|t:|1782879812\n|move|p1a: Alomomola|Protect|p1a: Alomomola\n|-singleturn|p1a: Alomomola|Protect\n|move|p2a: Palafin|Drain Punch|p1a: Alomomola\n|-activate|p1a: Alomomola|move: Protect\n|\n|-heal|p1a: Alomomola|369/429|[from] move: Wish|[wisher] Alomomola\n|-heal|p2a: Palafin|259/281 brn|[from] item: Leftovers\n|-damage|p2a: Palafin|242/281 brn|[from] brn\n|upkeep\n|turn|36\n|\n|t:|1782879826\n|move|p2a: Palafin|Ice Punch|p1a: Alomomola\n|-resisted|p1a: Alomomola\n|-damage|p1a: Alomomola|297/429\n|move|p1a: Alomomola|Wish|p1a: Alomomola\n|\n|-heal|p2a: Palafin|259/281 brn|[from] item: Leftovers\n|-damage|p2a: Palafin|242/281 brn|[from] brn\n|upkeep\n|turn|37\n|\n|t:|1782879855\n|move|p2a: Palafin|Ice Punch|p1a: Alomomola\n|-resisted|p1a: Alomomola\n|-damage|p1a: Alomomola|233/429\n|move|p1a: Alomomola|Scald|p2a: Palafin\n|-resisted|p2a: Palafin\n|-damage|p2a: Palafin|215/281 brn\n|\n|-heal|p1a: Alomomola|429/429|[from] move: Wish|[wisher] Alomomola\n|-heal|p2a: Palafin|232/281 brn|[from] item: Leftovers\n|-damage|p2a: Palafin|215/281 brn|[from] brn\n|upkeep\n|turn|38\n|inactive|pallettownashboi has 120 seconds left.\n|\n|t:|1782879889\n|move|p2a: Palafin|Drain Punch|p1a: Alomomola\n|-damage|p1a: Alomomola|291/429\n|-heal|p2a: Palafin|281/281 brn|[from] drain|[of] p1a: Alomomola\n|move|p1a: Alomomola|Scald|p2a: Palafin\n|-resisted|p2a: Palafin\n|-damage|p2a: Palafin|253/281 brn\n|\n|-heal|p2a: Palafin|270/281 brn|[from] item: Leftovers\n|-damage|p2a: Palafin|253/281 brn|[from] brn\n|upkeep\n|turn|39\n|inactive|pallettownashboi has 120 seconds left.\n|\n|t:|1782879902\n|move|p2a: Palafin|Ice Punch|p1a: Alomomola\n|-resisted|p1a: Alomomola\n|-damage|p1a: Alomomola|228/429\n|move|p1a: Alomomola|Scald|p2a: Palafin\n|-resisted|p2a: Palafin\n|-damage|p2a: Palafin|224/281 brn\n|\n|-heal|p2a: Palafin|241/281 brn|[from] item: Leftovers\n|-damage|p2a: Palafin|224/281 brn|[from] brn\n|upkeep\n|turn|40\n|\n|t:|1782879917\n|move|p2a: Palafin|Ice Punch|p1a: Alomomola\n|-resisted|p1a: Alomomola\n|-crit|p1a: Alomomola\n|-damage|p1a: Alomomola|129/429\n|move|p1a: Alomomola|Wish|p1a: Alomomola\n|\n|-heal|p2a: Palafin|241/281 brn|[from] item: Leftovers\n|-damage|p2a: Palafin|224/281 brn|[from] brn\n|upkeep\n|turn|41\n|\n|t:|1782879926\n|move|p2a: Palafin|Ice Punch|p1a: Alomomola\n|-resisted|p1a: Alomomola\n|-damage|p1a: Alomomola|63/429\n|move|p1a: Alomomola|Scald|p2a: Palafin\n|-resisted|p2a: Palafin\n|-damage|p2a: Palafin|197/281 brn\n|\n|-heal|p1a: Alomomola|277/429|[from] move: Wish|[wisher] Alomomola\n|-heal|p2a: Palafin|214/281 brn|[from] item: Leftovers\n|-damage|p2a: Palafin|197/281 brn|[from] brn\n|upkeep\n|turn|42\n|\n|t:|1782879939\n|move|p2a: Palafin|Drain Punch|p1a: Alomomola\n|-damage|p1a: Alomomola|133/429\n|-heal|p2a: Palafin|269/281 brn|[from] drain|[of] p1a: Alomomola\n|move|p1a: Alomomola|Wish|p1a: Alomomola\n|\n|-heal|p2a: Palafin|281/281 brn|[from] item: Leftovers\n|-damage|p2a: Palafin|264/281 brn|[from] brn\n|upkeep\n|turn|43\n|\n|t:|1782879949\n|move|p2a: Palafin|Drain Punch|p1a: Alomomola\n|-damage|p1a: Alomomola|0 fnt\n|-heal|p2a: Palafin|281/281 brn|[from] drain|[of] p1a: Alomomola\n|faint|p1a: Alomomola\n|\n|-damage|p2a: Palafin|264/281 brn|[from] brn\n|upkeep\n|\n|t:|1782879955\n|switch|p1a: Drifblim|Drifblim, L86, M|396/396\n|turn|44\n|\n|t:|1782879973\n|move|p2a: Palafin|Ice Punch|p1a: Drifblim\n|-supereffective|p1a: Drifblim\n|-damage|p1a: Drifblim|16/396\n|-status|p1a: Drifblim|frz\n|-enditem|p1a: Drifblim|Sitrus Berry|[eat]\n|-heal|p1a: Drifblim|115/396 frz|[from] item: Sitrus Berry\n|cant|p1a: Drifblim|frz\n|\n|-heal|p2a: Palafin|281/281 brn|[from] item: Leftovers\n|-damage|p2a: Palafin|264/281 brn|[from] brn\n|upkeep\n|turn|45\n|\n|t:|1782879984\n|move|p2a: Palafin|Jet Punch|p1a: Drifblim\n|-damage|p1a: Drifblim|0 fnt\n|faint|p1a: Drifblim\n|\n|-heal|p2a: Palafin|281/281 brn|[from] item: Leftovers\n|-damage|p2a: Palafin|264/281 brn|[from] brn\n|upkeep\n|\n|t:|1782879993\n|switch|p1a: Annihilape|Annihilape, L76, M|292/292\n|turn|46\n|\n|t:|1782880011\n|move|p2a: Palafin|Jet Punch|p1a: Annihilape\n|-damage|p1a: Annihilape|100/292\n|move|p1a: Annihilape|Bulk Up|p1a: Annihilape\n|-boost|p1a: Annihilape|atk|1\n|-boost|p1a: Annihilape|def|1\n|\n|-heal|p2a: Palafin|281/281 brn|[from] item: Leftovers\n|-heal|p1a: Annihilape|118/292|[from] item: Leftovers\n|-damage|p2a: Palafin|264/281 brn|[from] brn\n|upkeep\n|turn|47\n|\n|t:|1782880025\n|-terastallize|p1a: Annihilape|Water\n|move|p2a: Palafin|Jet Punch|p1a: Annihilape\n|-resisted|p1a: Annihilape\n|-damage|p1a: Annihilape|52/292\n|move|p1a: Annihilape|Drain Punch|p2a: Palafin\n|-damage|p2a: Palafin|233/281 brn\n|-heal|p1a: Annihilape|68/292|[from] drain|[of] p2a: Palafin\n|\n|-heal|p2a: Palafin|250/281 brn|[from] item: Leftovers\n|-heal|p1a: Annihilape|86/292|[from] item: Leftovers\n|-damage|p2a: Palafin|233/281 brn|[from] brn\n|upkeep\n|turn|48\n|\n|t:|1782880036\n|move|p2a: Palafin|Drain Punch|p1a: Annihilape\n|-damage|p1a: Annihilape|0 fnt\n|-heal|p2a: Palafin|276/281 brn|[from] drain|[of] p1a: Annihilape\n|faint|p1a: Annihilape\n|\n|-heal|p2a: Palafin|281/281 brn|[from] item: Leftovers\n|-damage|p2a: Palafin|264/281 brn|[from] brn\n|upkeep\n|\n|t:|1782880045\n|switch|p1a: Dialga|Dialga, L73|266/266\n|-ability|p1a: Dialga|Pressure\n|turn|49\n|\n|t:|1782880054\n|move|p2a: Palafin|Drain Punch|p1a: Dialga\n|-supereffective|p1a: Dialga\n|-damage|p1a: Dialga|29/266\n|-heal|p2a: Palafin|281/281 brn|[from] drain|[of] p1a: Dialga\n|move|p1a: Dialga|Draco Meteor|p2a: Palafin\n|-damage|p2a: Palafin|109/281 brn\n|-unboost|p1a: Dialga|spa|2\n|\n|-heal|p2a: Palafin|126/281 brn|[from] item: Leftovers\n|-heal|p1a: Dialga|45/266|[from] item: Leftovers\n|-damage|p2a: Palafin|109/281 brn|[from] brn\n|upkeep\n|turn|50\n|\n|t:|1782880067\n|switch|p1a: Amoonguss|Amoonguss, L82, M|175/321\n|move|p2a: Palafin|Drain Punch|p1a: Amoonguss\n|-resisted|p1a: Amoonguss\n|-damage|p1a: Amoonguss|93/321\n|-heal|p2a: Palafin|150/281 brn|[from] drain|[of] p1a: Amoonguss\n|\n|-heal|p2a: Palafin|167/281 brn|[from] item: Leftovers\n|-damage|p2a: Palafin|150/281 brn|[from] brn\n|upkeep\n|turn|51\n|\n|t:|1782880077\n|switch|p1a: Dialga|Dialga, L73|45/266\n|-ability|p1a: Dialga|Pressure\n|move|p2a: Palafin|Ice Punch|p1a: Dialga\n|-damage|p1a: Dialga|0 fnt\n|faint|p1a: Dialga\n|\n|-heal|p2a: Palafin|167/281 brn|[from] item: Leftovers\n|-damage|p2a: Palafin|150/281 brn|[from] brn\n|upkeep\n|\n|t:|1782880087\n|switch|p1a: Amoonguss|Amoonguss, L82, M|200/321\n|turn|52\n|\n|t:|1782880091\n|-terastallize|p2a: Palafin|Steel\n|move|p2a: Palafin|Ice Punch|p1a: Amoonguss\n|-supereffective|p1a: Amoonguss\n|-damage|p1a: Amoonguss|0 fnt\n|faint|p1a: Amoonguss\n|\n|win|TimePress\n|raw|pallettownashboi's rating: 1745 &rarr; <strong>1726</strong><br />(-19 for losing)\n|raw|TimePress's rating: 1768 &rarr; <strong>1787</strong><br />(+19 for winning)\n|c|\u2606TimePress|gg\n|c|\u2606pallettownashboi|ggs lol\n|l|\u2606pallettownashboi\n|player|p1|\n", "inputlog": ">version f8ac14003a5f27e1bdc8d8c59608a773c1cb96e5\n>start {\"formatid\":\"gen9randombattle\",\"seed\":\"sodium,0e6c03f956712c249c7188d01b697d80\",\"rated\":\"Rated battle\"}\n>player p1 {\"name\":\"pallettownashboi\",\"avatar\":\"1\",\"rating\":1745,\"seed\":\"sodium,fcacc968a8748621258692fd066b8c23\"}\n>player p2 {\"name\":\"TimePress\",\"avatar\":\"marlon\",\"rating\":1790,\"seed\":\"sodium,b114116a587d1322174bb62668ef79dc\"}\n>p1 move swordsdance\n>p2 switch 6\n>p1 move closecombat\n>p2 switch 6\n>p1 move swordsdance\n>p2 move firstimpression\n>p1 move encore\n>p2 move flareblitz\n>p1 move swordsdance\n>p2 move firstimpression\n>p1 move bravebird\n>p2 move firstimpression\n>p2 switch 2\n>p1 move closecombat\n>p2 move extremespeed\n>p2 switch 6\n>p1 move closecombat\n>p2 move jetpunch\n>p1 switch 3\n>p1 move spore\n>p2 switch 5\n>p1 move sludgebomb\n>p2 move knockoff\n>p1 move sludgebomb\n>p2 move knockoff\n>p2 switch 5\n>p1 switch 6\n>p2 move icepunch\n>p1 move scald\n>p2 switch 4\n>p1 move wish\n>p2 move dragondance\n>p1 move scald\n>p2 move knockoff\n>p1 move wish\n>p2 move stoneedge\n>p1 move scald\n>p2 move stoneedge\n>p2 switch 3\n>p1 move scald\n>p2 move swordsdance\n>p1 move wish\n>p2 move swordsdance\n>p1 move scald\n>p2 move earthquake\n>p1 move wish\n>p2 move earthquake\n>p1 move protect\n>p2 move earthquake\n>p1 move wish\n>p2 move earthquake\n>p1 move protect\n>p2 move swordsdance\n>p1 move scald\n>p2 move earthquake\n>p2 switch 4\n>p1 move scald\n>p2 move bulkup\n>chat \u2606pallettownashboi|wow\n>chat \u2606pallettownashboi|im sorry\n>p1 move wish\n>p2 move bulkup\n>chat \u2606TimePress|oof\n>p1 move scald\n>p2 move drainpunch\n>p1 move wish\n>p2 move bulkup\n>p1 move scald\n>p2 move bulkup\n>p1 move scald\n>p2 move bulkup\n>p1 move scald\n>p2 move bulkup\n>p1 move scald\n>p2 move drainpunch\n>p1 move wish\n>p2 move drainpunch\n>p1 move protect\n>p2 move drainpunch\n>p1 move wish\n>p2 move icepunch\n>p1 move scald\n>p2 move icepunch\n>p1 move scald\n>p2 move drainpunch\n>p1 move scald\n>p2 move icepunch\n>p1 move wish\n>p2 move icepunch\n>p1 move scald\n>p2 move icepunch\n>p1 move wish\n>p2 move drainpunch\n>p1 move scald\n>p2 move drainpunch\n>p1 switch 5\n>p1 move strengthsap\n>p2 move icepunch\n>p1 move strengthsap\n>p2 move jetpunch\n>p1 switch 4\n>p1 move bulkup\n>p2 move jetpunch\n>p1 move drainpunch terastallize\n>p2 move jetpunch\n>p1 move ragefist\n>p2 move drainpunch\n>p1 switch 2\n>p1 move dracometeor\n>p2 move drainpunch\n>p1 switch 6\n>p2 move drainpunch\n>p1 switch 6\n>p2 move icepunch\n>p1 switch 6\n>p1 move gigadrain\n>p2 move icepunch terastallize", "uploadtime": 1782880156, "views": 3, "formatid": "gen9randombattle", "rating": 1726, "private": 0, "password": null, "player_dets": [{"name": "pallettownashboi", "avatar": "1", "rating": 1745, "seed": "sodium,fcacc968a8748621258692fd066b8c23"}, {"name": "TimePress", "avatar": "marlon", "rating": 1790, "seed": "sodium,b114116a587d1322174bb62668ef79dc"}], "teams_full": [{"Hawlucha": {"name": "Hawlucha", "species": "Hawlucha", "speciesId": "hawlucha", "gender": "M", "shiny": false, "level": 80, "moves": ["swordsdance", "closecombat", "encore", "bravebird"], "ability": "Unburden", "evs": {"hp": 85, "atk": 85, "def": 85, "spa": 85, "spd": 85, "spe": 85}, "ivs": {"hp": 31, "atk": 31, "def": 31, "spa": 31, "spd": 31, "spe": 31}, "item": "White Herb", "teraType": "Flying", "role": "Setup Sweeper", "bvs": {"hp": 78, "atk": 92, "def": 75, "spa": 74, "spd": 63, "spe": 118}, "stats": {"hp": 256, "atk": 193, "def": 166, "spa": 165, "spd": 147, "spe": 235}, "types": ["Fighting", "Flying"]}, "Dialga": {"name": "Dialga", "species": "Dialga", "speciesId": "dialga", "gender": "N", "shiny": false, "level": 73, "moves": ["heavyslam", "dracometeor", "fireblast", "thunderwave"], "ability": "Pressure", "evs": {"hp": 85, "atk": 85, "def": 85, "spa": 85, "spd": 85, "spe": 85}, "ivs": {"hp": 31, "atk": 31, "def": 31, "spa": 31, "spd": 31, "spe": 31}, "item": "Leftovers", "teraType": "Steel", "role": "Bulky Attacker", "bvs": {"hp": 100, "atk": 120, "def": 120, "spa": 150, "spd": 100, "spe": 90}, "stats": {"hp": 266, "atk": 218, "def": 218, "spa": 261, "spd": 188, "spe": 174}, "types": ["Steel", "Dragon"]}, "Amoonguss": {"name": "Amoonguss", "species": "Amoonguss", "speciesId": "amoonguss", "gender": "M", "shiny": false, "level": 82, "moves": ["stompingtantrum", "spore", "sludgebomb", "gigadrain"], "ability": "Regenerator", "evs": {"hp": 85, "atk": 85, "def": 85, "spa": 85, "spd": 85, "spe": 85}, "ivs": {"hp": 31, "atk": 31, "def": 31, "spa": 31, "spd": 31, "spe": 31}, "item": "Leftovers", "teraType": "Water", "role": "Bulky Attacker", "bvs": {"hp": 114, "atk": 85, "def": 70, "spa": 85, "spd": 80, "spe": 30}, "stats": {"hp": 321, "atk": 187, "def": 162, "spa": 187, "spd": 178, "spe": 96}, "types": ["Grass", "Poison"]}, "Annihilape": {"name": "Annihilape", "species": "Annihilape", "speciesId": "annihilape", "gender": "M", "shiny": false, "level": 76, "moves": ["drainpunch", "taunt", "bulkup", "ragefist"], "ability": "Defiant", "evs": {"hp": 85, "atk": 85, "def": 85, "spa": 85, "spd": 85, "spe": 85}, "ivs": {"hp": 31, "atk": 31, "def": 31, "spa": 31, "spd": 31, "spe": 31}, "item": "Leftovers", "teraType": "Water", "role": "Bulky Setup", "bvs": {"hp": 110, "atk": 115, "def": 80, "spa": 50, "spd": 90, "spe": 90}, "stats": {"hp": 292, "atk": 219, "def": 166, "spa": 120, "spd": 181, "spe": 181}, "types": ["Fighting", "Ghost"]}, "Drifblim": {"name": "Drifblim", "species": "Drifblim", "speciesId": "drifblim", "gender": "M", "shiny": false, "level": 86, "moves": ["calmmind", "strengthsap", "shadowball", "airslash"], "ability": "Unburden", "evs": {"hp": 73, "atk": 0, "def": 85, "spa": 85, "spd": 85, "spe": 85}, "ivs": {"hp": 31, "atk": 0, "def": 31, "spa": 31, "spd": 31, "spe": 31}, "item": "Sitrus Berry", "teraType": "Steel", "role": "Bulky Attacker", "bvs": {"hp": 150, "atk": 80, "def": 44, "spa": 90, "spd": 54, "spe": 80}, "stats": {"hp": 396, "atk": 142, "def": 125, "spa": 204, "spd": 142, "spe": 187}, "types": ["Ghost", "Flying"]}, "Alomomola": {"name": "Alomomola", "species": "Alomomola", "speciesId": "alomomola", "gender": "M", "shiny": false, "level": 87, "moves": ["protect", "scald", "wish", "flipturn"], "ability": "Regenerator", "evs": {"hp": 85, "atk": 85, "def": 85, "spa": 85, "spd": 85, "spe": 85}, "ivs": {"hp": 31, "atk": 31, "def": 31, "spa": 31, "spd": 31, "spe": 31}, "item": "Rocky Helmet", "teraType": "Poison", "role": "Bulky Support", "bvs": {"hp": 165, "atk": 75, "def": 80, "spa": 40, "spd": 45, "spe": 65}, "stats": {"hp": 429, "atk": 180, "def": 189, "spa": 119, "spd": 128, "spe": 163}, "types": ["Water"]}}, {"Slither Wing": {"name": "Slither Wing", "species": "Slither Wing", "speciesId": "slitherwing", "gender": "N", "shiny": false, "level": 81, "moves": ["closecombat", "firstimpression", "earthquake", "flareblitz"], "ability": "Protosynthesis", "evs": {"hp": 85, "atk": 85, "def": 85, "spa": 85, "spd": 85, "spe": 85}, "ivs": {"hp": 31, "atk": 31, "def": 31, "spa": 31, "spd": 31, "spe": 31}, "item": "Life Orb", "teraType": "Fighting", "role": "Fast Attacker", "bvs": {"hp": 85, "atk": 135, "def": 79, "spa": 85, "spd": 105, "spe": 81}, "stats": {"hp": 270, "atk": 265, "def": 175, "spa": 184, "spd": 217, "spe": 178}, "types": ["Bug", "Fighting"]}, "Entei": {"name": "Entei", "species": "Entei", "speciesId": "entei", "gender": "N", "shiny": false, "level": 78, "moves": ["flareblitz", "stoneedge", "sacredfire", "extremespeed"], "ability": "Inner Focus", "evs": {"hp": 85, "atk": 85, "def": 85, "spa": 85, "spd": 85, "spe": 85}, "ivs": {"hp": 31, "atk": 31, "def": 31, "spa": 31, "spd": 31, "spe": 31}, "item": "Choice Band", "teraType": "Fire", "role": "Fast Attacker", "bvs": {"hp": 115, "atk": 115, "def": 85, "spa": 90, "spd": 75, "spe": 100}, "stats": {"hp": 307, "atk": 224, "def": 178, "spa": 185, "spd": 162, "spe": 201}, "types": ["Fire"]}, "Excadrill": {"name": "Excadrill", "species": "Excadrill", "speciesId": "excadrill", "gender": "M", "shiny": false, "level": 79, "moves": ["swordsdance", "rapidspin", "earthquake", "ironhead"], "ability": "Mold Breaker", "evs": {"hp": 85, "atk": 85, "def": 85, "spa": 85, "spd": 85, "spe": 85}, "ivs": {"hp": 31, "atk": 31, "def": 31, "spa": 31, "spd": 31, "spe": 31}, "item": "Leftovers", "teraType": "Ground", "role": "Bulky Setup", "bvs": {"hp": 110, "atk": 135, "def": 60, "spa": 50, "spd": 65, "spe": 88}, "stats": {"hp": 303, "atk": 259, "def": 140, "spa": 125, "spd": 148, "spe": 185}, "types": ["Ground", "Steel"]}, "Tyranitar": {"name": "Tyranitar", "species": "Tyranitar", "speciesId": "tyranitar", "gender": "F", "shiny": false, "level": 78, "moves": ["stoneedge", "knockoff", "earthquake", "dragondance"], "ability": "Sand Stream", "evs": {"hp": 85, "atk": 85, "def": 85, "spa": 85, "spd": 85, "spe": 85}, "ivs": {"hp": 31, "atk": 31, "def": 31, "spa": 31, "spd": 31, "spe": 31}, "item": "Weakness Policy", "teraType": "Ghost", "role": "Bulky Setup", "bvs": {"hp": 100, "atk": 134, "def": 110, "spa": 95, "spd": 100, "spe": 61}, "stats": {"hp": 284, "atk": 254, "def": 217, "spa": 193, "spd": 201, "spe": 140}, "types": ["Rock", "Dark"]}, "Zarude": {"name": "Zarude", "species": "Zarude-Dada", "speciesId": "zarude", "gender": "N", "shiny": false, "level": 77, "moves": ["uturn", "powerwhip", "knockoff", "closecombat"], "ability": "Leaf Guard", "evs": {"hp": 85, "atk": 85, "def": 85, "spa": 85, "spd": 85, "spe": 85}, "ivs": {"hp": 31, "atk": 31, "def": 31, "spa": 31, "spd": 31, "spe": 31}, "item": "Choice Scarf", "teraType": "Fighting", "role": "Fast Attacker", "bvs": {"hp": 105, "atk": 120, "def": 105, "spa": 70, "spd": 95, "spe": 105}, "stats": {"hp": 288, "atk": 229, "def": 206, "spa": 152, "spd": 191, "spe": 206}, "types": ["Dark", "Grass"]}, "Palafin": {"name": "Palafin", "species": "Palafin", "speciesId": "palafin", "gender": "F", "shiny": false, "level": 77, "moves": ["drainpunch", "bulkup", "icepunch", "jetpunch"], "ability": "Zero to Hero", "evs": {"hp": 85, "atk": 85, "def": 85, "spa": 85, "spd": 85, "spe": 85}, "ivs": {"hp": 31, "atk": 31, "def": 31, "spa": 31, "spd": 31, "spe": 31}, "item": "Leftovers", "teraType": "Steel", "role": "Bulky Setup", "bvs": {"hp": 100, "atk": 70, "def": 72, "spa": 53, "spd": 62, "spe": 100}, "stats": {"hp": 281, "atk": 152, "def": 155, "spa": 126, "spd": 140, "spe": 199}, "types": ["Water"]}}]}