{"id": "gen9randombattle-2641816699", "format": "[Gen 9] Random Battle", "players": ["xxmonarch", "SFroggeh"], "log": "|j|\u2606xxmonarch\n|j|\u2606SFroggeh\n|t:|1782845396\n|gametype|singles\n|player|p1|xxmonarch|169|2004\n|player|p2|SFroggeh|102|2017\n|gen|9\n|tier|[Gen 9] Random Battle\n|rated|\n|rule|Species Clause: Limit one of each Pok\u00e9mon\n|rule|HP Percentage Mod: HP is shown in percentages\n|rule|Sleep Clause Mod: Limit one foe put to sleep\n|rule|Illusion Level Mod: Illusion disguises the Pok\u00e9mon's true level\n|\n|t:|1782845396\n|teamsize|p1|6\n|teamsize|p2|6\n|start\n|switch|p1a: Volcarona|Volcarona, L77, M|257/257\n|switch|p2a: Wo-Chien|Wo-Chien, L83|277/277\n|-ability|p2a: Wo-Chien|Tablets of Ruin\n|turn|1\n|inactive|Battle timer is ON: inactive players will automatically lose when time's up. (requested by xxmonarch)\n|inactive|SFroggeh also wants the timer to be on.\n|\n|t:|1782845408\n|switch|p2a: Toxapex|Toxapex, L82, M|216/216\n|move|p1a: Volcarona|Quiver Dance|p1a: Volcarona\n|-boost|p1a: Volcarona|spa|1\n|-boost|p1a: Volcarona|spd|1\n|-boost|p1a: Volcarona|spe|1\n|\n|upkeep\n|turn|2\n|\n|t:|1782845420\n|switch|p1a: Leavanny|Leavanny, L86, F|269/269\n|move|p2a: Toxapex|Liquidation|p1a: Leavanny\n|-resisted|p1a: Leavanny\n|-damage|p1a: Leavanny|235/269\n|\n|upkeep\n|turn|3\n|\n|t:|1782845430\n|move|p1a: Leavanny|Sticky Web|p2a: Toxapex\n|-sidestart|p2: SFroggeh|move: Sticky Web\n|move|p2a: Toxapex|Toxic Spikes|p1a: Leavanny\n|-sidestart|p1: xxmonarch|move: Toxic Spikes\n|\n|upkeep\n|turn|4\n|\n|t:|1782845438\n|switch|p2a: Ditto|Ditto, L87|225/225\n|-activate|p2a: Ditto|move: Sticky Web\n|-unboost|p2a: Ditto|spe|1\n|-transform|p2a: Ditto|p1a: Leavanny|[from] ability: Imposter\n|move|p1a: Leavanny|Knock Off|p2a: Ditto\n|-damage|p2a: Ditto|152/225\n|-enditem|p2a: Ditto|Choice Scarf|[from] move: Knock Off|[of] p1a: Leavanny\n|\n|upkeep\n|turn|5\n|\n|t:|1782845455\n|move|p1a: Leavanny|Lunge|p2a: Ditto\n|-supereffective|p2a: Ditto\n|-crit|p2a: Ditto\n|-damage|p2a: Ditto|0 fnt\n|faint|p2a: Ditto\n|\n|upkeep\n|\n|t:|1782845476\n|switch|p2a: Toxapex|Toxapex, L82, M|216/216\n|-activate|p2a: Toxapex|move: Sticky Web\n|-unboost|p2a: Toxapex|spe|1\n|turn|6\n|\n|t:|1782845482\n|move|p1a: Leavanny|Knock Off|p2a: Toxapex\n|-damage|p2a: Toxapex|166/216\n|-enditem|p2a: Toxapex|Leftovers|[from] move: Knock Off|[of] p1a: Leavanny\n|move|p2a: Toxapex|Toxic Spikes|p1a: Leavanny\n|-sidestart|p1: xxmonarch|move: Toxic Spikes\n|\n|upkeep\n|turn|7\n|\n|t:|1782845491\n|move|p1a: Leavanny|Leaf Blade|p2a: Toxapex\n|-damage|p2a: Toxapex|93/216\n|move|p2a: Toxapex|Liquidation|p1a: Leavanny\n|-resisted|p1a: Leavanny\n|-damage|p1a: Leavanny|200/269\n|\n|upkeep\n|turn|8\n|\n|t:|1782845498\n|move|p1a: Leavanny|Leaf Blade|p2a: Toxapex\n|-damage|p2a: Toxapex|24/216\n|move|p2a: Toxapex|Recover|p2a: Toxapex\n|-heal|p2a: Toxapex|132/216\n|\n|upkeep\n|turn|9\n|\n|t:|1782845509\n|move|p1a: Leavanny|Leaf Blade|p2a: Toxapex\n|-damage|p2a: Toxapex|60/216\n|move|p2a: Toxapex|Recover|p2a: Toxapex\n|-heal|p2a: Toxapex|168/216\n|\n|upkeep\n|turn|10\n|\n|t:|1782845516\n|move|p1a: Leavanny|Leaf Blade|p2a: Toxapex\n|-damage|p2a: Toxapex|96/216\n|move|p2a: Toxapex|Recover|p2a: Toxapex\n|-heal|p2a: Toxapex|204/216\n|\n|upkeep\n|turn|11\n|\n|t:|1782845524\n|move|p1a: Leavanny|Leaf Blade|p2a: Toxapex\n|-damage|p2a: Toxapex|138/216\n|move|p2a: Toxapex|Liquidation|p1a: Leavanny\n|-resisted|p1a: Leavanny\n|-damage|p1a: Leavanny|166/269\n|\n|upkeep\n|turn|12\n|\n|t:|1782845531\n|switch|p2a: Wo-Chien|Wo-Chien, L83|277/277\n|-activate|p2a: Wo-Chien|move: Sticky Web\n|-unboost|p2a: Wo-Chien|spe|1\n|-ability|p2a: Wo-Chien|Tablets of Ruin\n|move|p1a: Leavanny|Leaf Blade|p2a: Wo-Chien\n|-resisted|p2a: Wo-Chien\n|-damage|p2a: Wo-Chien|243/277\n|\n|-heal|p2a: Wo-Chien|260/277|[from] item: Leftovers\n|upkeep\n|turn|13\n|\n|t:|1782845548\n|move|p2a: Wo-Chien|Protect|p2a: Wo-Chien\n|-singleturn|p2a: Wo-Chien|Protect\n|move|p1a: Leavanny|Lunge|p2a: Wo-Chien\n|-activate|p2a: Wo-Chien|move: Protect\n|\n|-heal|p2a: Wo-Chien|277/277|[from] item: Leftovers\n|upkeep\n|turn|14\n|\n|t:|1782845559\n|switch|p2a: Toxapex|Toxapex, L82, M|210/216\n|-activate|p2a: Toxapex|move: Sticky Web\n|-unboost|p2a: Toxapex|spe|1\n|move|p1a: Leavanny|Lunge|p2a: Toxapex\n|-resisted|p2a: Toxapex\n|-damage|p2a: Toxapex|177/216\n|-unboost|p2a: Toxapex|atk|1\n|\n|upkeep\n|turn|15\n|\n|t:|1782845573\n|switch|p1a: Eternatus|Eternatus, L69|308/308\n|-sideend|p1: xxmonarch|move: Toxic Spikes|[of] p1a: Eternatus\n|-ability|p1a: Eternatus|Pressure\n|move|p2a: Toxapex|Liquidation|p1a: Eternatus\n|-resisted|p1a: Eternatus\n|-damage|p1a: Eternatus|285/308\n|\n|upkeep\n|turn|16\n|\n|t:|1782845583\n|switch|p1a: Bellibolt|Bellibolt, L84, F|320/320\n|switch|p2a: Garganacl|Garganacl, L80, F|291/291\n|-activate|p2a: Garganacl|move: Sticky Web\n|-unboost|p2a: Garganacl|spe|1\n|\n|upkeep\n|turn|17\n|\n|t:|1782845591\n|move|p1a: Bellibolt|Muddy Water|p2a: Garganacl\n|-supereffective|p2a: Garganacl\n|-damage|p2a: Garganacl|153/291\n|-unboost|p2a: Garganacl|accuracy|1\n|move|p2a: Garganacl|Salt Cure|p1a: Bellibolt|[miss]\n|-miss|p2a: Garganacl|p1a: Bellibolt\n|\n|-heal|p2a: Garganacl|171/291|[from] item: Leftovers\n|upkeep\n|turn|18\n|\n|t:|1782845607\n|switch|p2a: Flapple|Flapple, L88, M|266/266\n|-activate|p2a: Flapple|move: Sticky Web\n|-unboost|p2a: Flapple|spe|1\n|move|p1a: Bellibolt|Volt Switch|p2a: Flapple\n|-resisted|p2a: Flapple\n|-damage|p2a: Flapple|241/266\n|\n|t:|1782845612\n|switch|p1a: Dachsbun|Dachsbun, L92, M|254/254|[from] Volt Switch\n|\n|upkeep\n|turn|19\n|\n|t:|1782845620\n|switch|p2a: Garganacl|Garganacl, L80, F|171/291\n|-activate|p2a: Garganacl|move: Sticky Web\n|-unboost|p2a: Garganacl|spe|1\n|move|p1a: Dachsbun|Wish|p1a: Dachsbun\n|\n|-heal|p2a: Garganacl|189/291|[from] item: Leftovers\n|upkeep\n|turn|20\n|inactive|xxmonarch has 120 seconds left.\n|\n|t:|1782845654\n|switch|p1a: Leavanny|Leavanny, L86, F|166/269\n|move|p2a: Garganacl|Salt Cure|p1a: Leavanny\n|-supereffective|p1a: Leavanny\n|-damage|p1a: Leavanny|74/269\n|-start|p1a: Leavanny|Salt Cure\n|\n|-heal|p1a: Leavanny|201/269|[from] move: Wish|[wisher] Dachsbun\n|-heal|p2a: Garganacl|207/291|[from] item: Leftovers\n|-damage|p1a: Leavanny|168/269|[from] Salt Cure\n|upkeep\n|turn|21\n|inactive|xxmonarch has 120 seconds left.\n|\n|t:|1782845671\n|move|p1a: Leavanny|Knock Off|p2a: Garganacl\n|-crit|p2a: Garganacl\n|-damage|p2a: Garganacl|121/291\n|-enditem|p2a: Garganacl|Leftovers|[from] move: Knock Off|[of] p1a: Leavanny\n|move|p2a: Garganacl|Salt Cure|p1a: Leavanny\n|-supereffective|p1a: Leavanny\n|-damage|p1a: Leavanny|90/269\n|\n|-damage|p1a: Leavanny|57/269|[from] Salt Cure\n|upkeep\n|turn|22\n|\n|t:|1782845686\n|switch|p2a: Toxapex|Toxapex, L82, M|216/216\n|-activate|p2a: Toxapex|move: Sticky Web\n|-unboost|p2a: Toxapex|spe|1\n|move|p1a: Leavanny|Leaf Blade|p2a: Toxapex\n|-damage|p2a: Toxapex|152/216\n|\n|-damage|p1a: Leavanny|24/269|[from] Salt Cure\n|upkeep\n|turn|23\n|\n|t:|1782845696\n|switch|p1a: Bellibolt|Bellibolt, L84, F|320/320\n|move|p2a: Toxapex|Toxic Spikes|p1a: Bellibolt\n|-sidestart|p1: xxmonarch|move: Toxic Spikes\n|\n|upkeep\n|turn|24\n|\n|t:|1782845707\n|move|p1a: Bellibolt|Volt Switch|p2a: Toxapex\n|-supereffective|p2a: Toxapex\n|-damage|p2a: Toxapex|48/216\n|\n|t:|1782845709\n|switch|p1a: Eternatus|Eternatus, L69|285/308|[from] Volt Switch\n|-sideend|p1: xxmonarch|move: Toxic Spikes|[of] p1a: Eternatus\n|-ability|p1a: Eternatus|Pressure\n|move|p2a: Toxapex|Toxic Spikes|p1a: Eternatus\n|-sidestart|p1: xxmonarch|move: Toxic Spikes\n|\n|upkeep\n|turn|25\n|\n|t:|1782845721\n|switch|p2a: Garganacl|Garganacl, L80, F|121/291\n|-activate|p2a: Garganacl|move: Sticky Web\n|-unboost|p2a: Garganacl|spe|1\n|move|p1a: Eternatus|Meteor Beam||[still]\n|-prepare|p1a: Eternatus|Meteor Beam\n|-boost|p1a: Eternatus|spa|1\n|-enditem|p1a: Eternatus|Power Herb\n|-anim|p1a: Eternatus|Meteor Beam|p2a: Garganacl\n|-damage|p2a: Garganacl|0 fnt\n|faint|p2a: Garganacl\n|\n|upkeep\n|\n|t:|1782845738\n|switch|p2a: Rabsca|Rabsca, L91, M|284/284\n|turn|26\n|\n|t:|1782845748\n|move|p1a: Eternatus|Fire Blast|p2a: Rabsca\n|-supereffective|p2a: Rabsca\n|-damage|p2a: Rabsca|96/284\n|move|p2a: Rabsca|Trick Room|p2a: Rabsca\n|-fieldstart|move: Trick Room|[of] p2a: Rabsca\n|\n|upkeep\n|turn|27\n|\n|t:|1782845759\n|switch|p1a: Leavanny|Leavanny, L86, F|24/269\n|move|p2a: Rabsca|Psychic|p1a: Leavanny\n|-crit|p1a: Leavanny\n|-damage|p1a: Leavanny|0 fnt\n|faint|p1a: Leavanny\n|\n|upkeep\n|\n|t:|1782845769\n|switch|p1a: Volcarona|Volcarona, L77, M|257/257\n|turn|28\n|\n|t:|1782845775\n|move|p2a: Rabsca|Revival Blessing|p2a: Rabsca\n|\n|t:|1782845780\n|-heal|p2: Garganacl|145/291|[from] move: Revival Blessing\n|move|p1a: Volcarona|Bug Buzz|p2a: Rabsca\n|-supereffective|p2a: Rabsca\n|-damage|p2a: Rabsca|0 fnt\n|faint|p2a: Rabsca\n|\n|upkeep\n|\n|t:|1782845789\n|switch|p2a: Garganacl|Garganacl, L80, F|145/291\n|-activate|p2a: Garganacl|move: Sticky Web\n|-unboost|p2a: Garganacl|spe|1\n|turn|29\n|\n|t:|1782845806\n|switch|p1a: Eternatus|Eternatus, L69|285/308\n|-sideend|p1: xxmonarch|move: Toxic Spikes|[of] p1a: Eternatus\n|-ability|p1a: Eternatus|Pressure\n|move|p2a: Garganacl|Salt Cure|p1a: Eternatus\n|-damage|p1a: Eternatus|240/308\n|-start|p1a: Eternatus|Salt Cure\n|\n|-damage|p1a: Eternatus|202/308|[from] Salt Cure\n|upkeep\n|turn|30\n|\n|t:|1782845816\n|switch|p1a: Bellibolt|Bellibolt, L84, F|320/320\n|move|p2a: Garganacl|Recover|p2a: Garganacl\n|-heal|p2a: Garganacl|291/291\n|\n|-fieldend|move: Trick Room\n|upkeep\n|turn|31\n|\n|t:|1782845829\n|switch|p2a: Flapple|Flapple, L88, M|241/266\n|-activate|p2a: Flapple|move: Sticky Web\n|-unboost|p2a: Flapple|spe|1\n|move|p1a: Bellibolt|Muddy Water|p2a: Flapple\n|-resisted|p2a: Flapple\n|-damage|p2a: Flapple|222/266\n|-unboost|p2a: Flapple|accuracy|1\n|\n|upkeep\n|turn|32\n|\n|t:|1782845839\n|move|p1a: Bellibolt|Volt Switch|p2a: Flapple\n|-resisted|p2a: Flapple\n|-damage|p2a: Flapple|196/266\n|\n|t:|1782845841\n|switch|p1a: Dachsbun|Dachsbun, L92, M|254/254|[from] Volt Switch\n|move|p2a: Flapple|Grav Apple|p1a: Dachsbun\n|-damage|p1a: Dachsbun|145/254\n|-unboost|p1a: Dachsbun|def|1\n|\n|-heal|p1a: Dachsbun|160/254|[from] item: Leftovers\n|upkeep\n|turn|33\n|\n|t:|1782845852\n|move|p1a: Dachsbun|Wish|p1a: Dachsbun\n|move|p2a: Flapple|Grav Apple|p1a: Dachsbun|[miss]\n|-miss|p2a: Flapple|p1a: Dachsbun\n|\n|-heal|p1a: Dachsbun|175/254|[from] item: Leftovers\n|upkeep\n|turn|34\n|\n|t:|1782845881\n|switch|p2a: Toxapex|Toxapex, L82, M|120/216\n|-activate|p2a: Toxapex|move: Sticky Web\n|-unboost|p2a: Toxapex|spe|1\n|move|p1a: Dachsbun|Play Rough|p2a: Toxapex|[miss]\n|-miss|p1a: Dachsbun|p2a: Toxapex\n|\n|-heal|p1a: Dachsbun|254/254|[from] move: Wish|[wisher] Dachsbun\n|upkeep\n|turn|35\n|\n|t:|1782845901\n|move|p1a: Dachsbun|Wish|p1a: Dachsbun\n|move|p2a: Toxapex|Toxic Spikes|p1a: Dachsbun\n|-sidestart|p1: xxmonarch|move: Toxic Spikes\n|\n|upkeep\n|turn|36\n|\n|t:|1782845908\n|switch|p1a: Eternatus|Eternatus, L69|202/308\n|-sideend|p1: xxmonarch|move: Toxic Spikes|[of] p1a: Eternatus\n|-ability|p1a: Eternatus|Pressure\n|switch|p2a: Garganacl|Garganacl, L80, F|291/291\n|-activate|p2a: Garganacl|move: Sticky Web\n|-unboost|p2a: Garganacl|spe|1\n|\n|-heal|p1a: Eternatus|308/308|[from] move: Wish|[wisher] Dachsbun\n|upkeep\n|turn|37\n|\n|t:|1782845924\n|switch|p1a: Bellibolt|Bellibolt, L84, F|320/320\n|move|p2a: Garganacl|Salt Cure|p1a: Bellibolt\n|-damage|p1a: Bellibolt|278/320\n|-start|p1a: Bellibolt|Salt Cure\n|-start|p1a: Bellibolt|Charge|Salt Cure|[from] ability: Electromorphosis\n|\n|-heal|p1a: Bellibolt|298/320|[from] item: Leftovers\n|-damage|p1a: Bellibolt|258/320|[from] Salt Cure\n|upkeep\n|turn|38\n|\n|t:|1782845936\n|move|p1a: Bellibolt|Thunderbolt|p2a: Garganacl\n|-damage|p2a: Garganacl|87/291\n|-end|p1a: Bellibolt|Charge|[silent]\n|move|p2a: Garganacl|Salt Cure|p1a: Bellibolt\n|-damage|p1a: Bellibolt|216/320\n|-start|p1a: Bellibolt|Charge|Salt Cure|[from] ability: Electromorphosis\n|\n|-heal|p1a: Bellibolt|236/320|[from] item: Leftovers\n|-damage|p1a: Bellibolt|196/320|[from] Salt Cure\n|upkeep\n|turn|39\n|\n|t:|1782845960\n|switch|p2a: Wo-Chien|Wo-Chien, L83|277/277\n|-activate|p2a: Wo-Chien|move: Sticky Web\n|-unboost|p2a: Wo-Chien|spe|1\n|-ability|p2a: Wo-Chien|Tablets of Ruin\n|move|p1a: Bellibolt|Volt Switch|p2a: Wo-Chien\n|-resisted|p2a: Wo-Chien\n|-damage|p2a: Wo-Chien|221/277\n|-end|p1a: Bellibolt|Charge|[silent]\n|\n|t:|1782845970\n|switch|p1a: Volcarona|Volcarona, L77, M|257/257|[from] Volt Switch\n|\n|-heal|p2a: Wo-Chien|238/277|[from] item: Leftovers\n|upkeep\n|turn|40\n|\n|t:|1782845978\n|move|p1a: Volcarona|Quiver Dance|p1a: Volcarona\n|-boost|p1a: Volcarona|spa|1\n|-boost|p1a: Volcarona|spd|1\n|-boost|p1a: Volcarona|spe|1\n|move|p2a: Wo-Chien|Leech Seed|p1a: Volcarona\n|-start|p1a: Volcarona|move: Leech Seed\n|\n|-heal|p2a: Wo-Chien|255/277|[from] item: Leftovers\n|-damage|p1a: Volcarona|225/257|[from] Leech Seed|[of] p2a: Wo-Chien\n|-heal|p2a: Wo-Chien|277/277|[silent]\n|upkeep\n|turn|41\n|\n|t:|1782845989\n|switch|p2a: Toxapex|Toxapex, L82, M|192/216\n|-activate|p2a: Toxapex|move: Sticky Web\n|-unboost|p2a: Toxapex|spe|1\n|move|p1a: Volcarona|Bug Buzz|p2a: Toxapex\n|-resisted|p2a: Toxapex\n|-damage|p2a: Toxapex|135/216\n|\n|-damage|p1a: Volcarona|193/257|[from] Leech Seed|[of] p2a: Toxapex\n|-heal|p2a: Toxapex|167/216|[silent]\n|upkeep\n|turn|42\n|\n|t:|1782846004\n|move|p1a: Volcarona|Giga Drain|p2a: Toxapex\n|-damage|p2a: Toxapex|105/216\n|-heal|p1a: Volcarona|224/257|[from] drain|[of] p2a: Toxapex\n|move|p2a: Toxapex|Toxic Spikes|p1a: Volcarona\n|-sidestart|p1: xxmonarch|move: Toxic Spikes\n|\n|-damage|p1a: Volcarona|192/257|[from] Leech Seed|[of] p2a: Toxapex\n|-heal|p2a: Toxapex|137/216|[silent]\n|upkeep\n|turn|43\n|\n|t:|1782846015\n|move|p1a: Volcarona|Giga Drain|p2a: Toxapex\n|-damage|p2a: Toxapex|73/216\n|-heal|p1a: Volcarona|224/257|[from] drain|[of] p2a: Toxapex\n|move|p2a: Toxapex|Liquidation|p1a: Volcarona\n|-supereffective|p1a: Volcarona\n|-damage|p1a: Volcarona|62/257\n|\n|-damage|p1a: Volcarona|30/257|[from] Leech Seed|[of] p2a: Toxapex\n|-heal|p2a: Toxapex|105/216|[silent]\n|upkeep\n|turn|44\n|\n|t:|1782846026\n|switch|p1a: Eternatus|Eternatus, L69|308/308\n|-sideend|p1: xxmonarch|move: Toxic Spikes|[of] p1a: Eternatus\n|-ability|p1a: Eternatus|Pressure\n|move|p2a: Toxapex|Recover|p2a: Toxapex\n|-heal|p2a: Toxapex|213/216\n|\n|upkeep\n|turn|45\n|\n|t:|1782846036\n|move|p1a: Eternatus|Meteor Beam||[still]\n|-prepare|p1a: Eternatus|Meteor Beam\n|-boost|p1a: Eternatus|spa|1\n|move|p2a: Toxapex|Toxic Spikes|p1a: Eternatus\n|-sidestart|p1: xxmonarch|move: Toxic Spikes\n|\n|upkeep\n|turn|46\n|\n|t:|1782846043\n|move|p1a: Eternatus|Meteor Beam|p2a: Toxapex|[from] lockedmove\n|-damage|p2a: Toxapex|123/216\n|move|p2a: Toxapex|Haze|p2a: Toxapex\n|-clearallboost\n|\n|upkeep\n|turn|47\n|\n|t:|1782846055\n|switch|p2a: Garganacl|Garganacl, L80, F|87/291\n|-activate|p2a: Garganacl|move: Sticky Web\n|-unboost|p2a: Garganacl|spe|1\n|move|p1a: Eternatus|Dynamax Cannon|p2a: Garganacl\n|-damage|p2a: Garganacl|0 fnt\n|faint|p2a: Garganacl\n|\n|upkeep\n|\n|t:|1782846069\n|switch|p2a: Wo-Chien|Wo-Chien, L83|277/277\n|-activate|p2a: Wo-Chien|move: Sticky Web\n|-unboost|p2a: Wo-Chien|spe|1\n|-ability|p2a: Wo-Chien|Tablets of Ruin\n|turn|48\n|\n|t:|1782846085\n|move|p1a: Eternatus|Sludge Bomb|p2a: Wo-Chien\n|-supereffective|p2a: Wo-Chien\n|-damage|p2a: Wo-Chien|143/277\n|move|p2a: Wo-Chien|Stun Spore|p1a: Eternatus\n|-status|p1a: Eternatus|par\n|\n|-heal|p2a: Wo-Chien|160/277|[from] item: Leftovers\n|upkeep\n|turn|49\n|\n|t:|1782846094\n|move|p1a: Eternatus|Sludge Bomb|p2a: Wo-Chien\n|-supereffective|p2a: Wo-Chien\n|-damage|p2a: Wo-Chien|22/277\n|move|p2a: Wo-Chien|Leech Seed|p1a: Eternatus\n|-start|p1a: Eternatus|move: Leech Seed\n|\n|-heal|p2a: Wo-Chien|39/277|[from] item: Leftovers\n|-damage|p1a: Eternatus|270/308 par|[from] Leech Seed|[of] p2a: Wo-Chien\n|-heal|p2a: Wo-Chien|77/277|[silent]\n|upkeep\n|turn|50\n|\n|t:|1782846106\n|move|p2a: Wo-Chien|Protect|p2a: Wo-Chien\n|-singleturn|p2a: Wo-Chien|Protect\n|move|p1a: Eternatus|Sludge Bomb|p2a: Wo-Chien\n|-activate|p2a: Wo-Chien|move: Protect\n|\n|-heal|p2a: Wo-Chien|94/277|[from] item: Leftovers\n|-damage|p1a: Eternatus|232/308 par|[from] Leech Seed|[of] p2a: Wo-Chien\n|-heal|p2a: Wo-Chien|132/277|[silent]\n|upkeep\n|turn|51\n|\n|t:|1782846118\n|switch|p2a: Toxapex|Toxapex, L82, M|195/216\n|-activate|p2a: Toxapex|move: Sticky Web\n|-unboost|p2a: Toxapex|spe|1\n|move|p1a: Eternatus|Sludge Bomb|p2a: Toxapex\n|-resisted|p2a: Toxapex\n|-damage|p2a: Toxapex|165/216\n|\n|-damage|p1a: Eternatus|194/308 par|[from] Leech Seed|[of] p2a: Toxapex\n|-heal|p2a: Toxapex|203/216|[silent]\n|upkeep\n|turn|52\n|\n|t:|1782846130\n|switch|p1a: Bellibolt|Bellibolt, L84, F|196/320\n|-status|p1a: Bellibolt|psn\n|move|p2a: Toxapex|Toxic Spikes|p1a: Bellibolt\n|-sidestart|p1: xxmonarch|move: Toxic Spikes\n|\n|-heal|p1a: Bellibolt|216/320 psn|[from] item: Leftovers\n|-damage|p1a: Bellibolt|176/320 psn|[from] psn\n|upkeep\n|turn|53\n|\n|t:|1782846140\n|switch|p2a: Wo-Chien|Wo-Chien, L83|132/277\n|-activate|p2a: Wo-Chien|move: Sticky Web\n|-unboost|p2a: Wo-Chien|spe|1\n|-ability|p2a: Wo-Chien|Tablets of Ruin\n|move|p1a: Bellibolt|Thunderbolt|p2a: Wo-Chien\n|-resisted|p2a: Wo-Chien\n|-damage|p2a: Wo-Chien|97/277\n|\n|-heal|p1a: Bellibolt|196/320 psn|[from] item: Leftovers\n|-heal|p2a: Wo-Chien|114/277|[from] item: Leftovers\n|-damage|p1a: Bellibolt|156/320 psn|[from] psn\n|upkeep\n|turn|54\n|\n|t:|1782846154\n|move|p1a: Bellibolt|Volt Switch|p2a: Wo-Chien\n|-resisted|p2a: Wo-Chien\n|-damage|p2a: Wo-Chien|85/277\n|\n|t:|1782846157\n|switch|p1a: Eternatus|Eternatus, L69|194/308 par|[from] Volt Switch\n|-sideend|p1: xxmonarch|move: Toxic Spikes|[of] p1a: Eternatus\n|-ability|p1a: Eternatus|Pressure\n|move|p2a: Wo-Chien|Leech Seed|p1a: Eternatus\n|-start|p1a: Eternatus|move: Leech Seed\n|\n|-heal|p2a: Wo-Chien|102/277|[from] item: Leftovers\n|-damage|p1a: Eternatus|156/308 par|[from] Leech Seed|[of] p2a: Wo-Chien\n|-heal|p2a: Wo-Chien|140/277|[silent]\n|upkeep\n|turn|55\n|\n|t:|1782846169\n|move|p2a: Wo-Chien|Protect|p2a: Wo-Chien\n|-singleturn|p2a: Wo-Chien|Protect\n|move|p1a: Eternatus|Sludge Bomb|p2a: Wo-Chien\n|-activate|p2a: Wo-Chien|move: Protect\n|\n|-heal|p2a: Wo-Chien|157/277|[from] item: Leftovers\n|-damage|p1a: Eternatus|118/308 par|[from] Leech Seed|[of] p2a: Wo-Chien\n|-heal|p2a: Wo-Chien|195/277|[silent]\n|upkeep\n|turn|56\n|\n|t:|1782846181\n|cant|p1a: Eternatus|par\n|move|p2a: Wo-Chien|Knock Off|p1a: Eternatus\n|-damage|p1a: Eternatus|46/308 par\n|\n|-heal|p2a: Wo-Chien|212/277|[from] item: Leftovers\n|-damage|p1a: Eternatus|8/308 par|[from] Leech Seed|[of] p2a: Wo-Chien\n|-heal|p2a: Wo-Chien|250/277|[silent]\n|upkeep\n|turn|57\n|\n|t:|1782846191\n|move|p2a: Wo-Chien|Protect|p2a: Wo-Chien\n|-singleturn|p2a: Wo-Chien|Protect\n|move|p1a: Eternatus|Sludge Bomb|p2a: Wo-Chien\n|-activate|p2a: Wo-Chien|move: Protect\n|\n|-heal|p2a: Wo-Chien|267/277|[from] item: Leftovers\n|-damage|p1a: Eternatus|0 fnt|[from] Leech Seed|[of] p2a: Wo-Chien\n|-heal|p2a: Wo-Chien|275/277|[silent]\n|faint|p1a: Eternatus\n|upkeep\n|\n|t:|1782846193\n|switch|p1a: Volcarona|Volcarona, L77, M|30/257\n|turn|58\n|\n|t:|1782846204\n|switch|p2a: Toxapex|Toxapex, L82, M|216/216\n|-activate|p2a: Toxapex|move: Sticky Web\n|-unboost|p2a: Toxapex|spe|1\n|move|p1a: Volcarona|Bug Buzz|p2a: Toxapex\n|-resisted|p2a: Toxapex\n|-damage|p2a: Toxapex|165/216\n|\n|upkeep\n|turn|59\n|\n|t:|1782846213\n|switch|p1a: Bellibolt|Bellibolt, L84, F|156/320 psn\n|move|p2a: Toxapex|Liquidation|p1a: Bellibolt\n|-crit|p1a: Bellibolt\n|-damage|p1a: Bellibolt|63/320 psn\n|-start|p1a: Bellibolt|Charge|Liquidation|[from] ability: Electromorphosis\n|\n|-heal|p1a: Bellibolt|83/320 psn|[from] item: Leftovers\n|-damage|p1a: Bellibolt|43/320 psn|[from] psn\n|upkeep\n|turn|60\n|\n|t:|1782846225\n|switch|p2a: Wo-Chien|Wo-Chien, L83|275/277\n|-activate|p2a: Wo-Chien|move: Sticky Web\n|-unboost|p2a: Wo-Chien|spe|1\n|-ability|p2a: Wo-Chien|Tablets of Ruin\n|move|p1a: Bellibolt|Volt Switch|p2a: Wo-Chien\n|-resisted|p2a: Wo-Chien\n|-damage|p2a: Wo-Chien|221/277\n|-end|p1a: Bellibolt|Charge|[silent]\n|\n|t:|1782846243\n|switch|p1a: Dachsbun|Dachsbun, L92, M|254/254|[from] Volt Switch\n|\n|-heal|p2a: Wo-Chien|238/277|[from] item: Leftovers\n|upkeep\n|turn|61\n|\n|t:|1782846262\n|move|p1a: Dachsbun|Wish|p1a: Dachsbun\n|move|p2a: Wo-Chien|Leech Seed|p1a: Dachsbun\n|-start|p1a: Dachsbun|move: Leech Seed\n|\n|-heal|p2a: Wo-Chien|255/277|[from] item: Leftovers\n|-damage|p1a: Dachsbun|223/254|[from] Leech Seed|[of] p2a: Wo-Chien\n|-heal|p2a: Wo-Chien|277/277|[silent]\n|upkeep\n|turn|62\n|\n|t:|1782846270\n|move|p1a: Dachsbun|Play Rough|p2a: Wo-Chien\n|-supereffective|p2a: Wo-Chien\n|-damage|p2a: Wo-Chien|143/277\n|move|p2a: Wo-Chien|Knock Off|p1a: Dachsbun\n|-resisted|p1a: Dachsbun\n|-damage|p1a: Dachsbun|190/254\n|-enditem|p1a: Dachsbun|Leftovers|[from] move: Knock Off|[of] p2a: Wo-Chien\n|\n|-heal|p1a: Dachsbun|254/254|[from] move: Wish|[wisher] Dachsbun\n|-heal|p2a: Wo-Chien|160/277|[from] item: Leftovers\n|-damage|p1a: Dachsbun|223/254|[from] Leech Seed|[of] p2a: Wo-Chien\n|-heal|p2a: Wo-Chien|191/277|[silent]\n|upkeep\n|turn|63\n|\n|t:|1782846286\n|move|p1a: Dachsbun|Wish|p1a: Dachsbun\n|move|p2a: Wo-Chien|Stun Spore|p1a: Dachsbun\n|-status|p1a: Dachsbun|par\n|\n|-heal|p2a: Wo-Chien|208/277|[from] item: Leftovers\n|-damage|p1a: Dachsbun|192/254 par|[from] Leech Seed|[of] p2a: Wo-Chien\n|-heal|p2a: Wo-Chien|239/277|[silent]\n|upkeep\n|turn|64\n|\n|t:|1782846298\n|switch|p1a: Volcarona|Volcarona, L77, M|30/257\n|move|p2a: Wo-Chien|Knock Off|p1a: Volcarona\n|-damage|p1a: Volcarona|0 fnt\n|-enditem|p1a: Volcarona|Heavy-Duty Boots|[from] move: Knock Off|[of] p2a: Wo-Chien\n|faint|p1a: Volcarona\n|\n|-heal|p2a: Wo-Chien|256/277|[from] item: Leftovers\n|upkeep\n|\n|t:|1782846302\n|switch|p1a: Spectrier|Spectrier, L75|274/274\n|turn|65\n|\n|t:|1782846311\n|move|p1a: Spectrier|Nasty Plot|p1a: Spectrier\n|-boost|p1a: Spectrier|spa|2\n|move|p2a: Wo-Chien|Knock Off|p1a: Spectrier\n|-supereffective|p1a: Spectrier\n|-damage|p1a: Spectrier|2/274\n|-enditem|p1a: Spectrier|Life Orb|[from] move: Knock Off|[of] p2a: Wo-Chien\n|\n|-heal|p2a: Wo-Chien|273/277|[from] item: Leftovers\n|upkeep\n|turn|66\n|\n|t:|1782846323\n|-terastallize|p1a: Spectrier|Fighting\n|move|p1a: Spectrier|Tera Blast|p2a: Wo-Chien|[anim] Tera Blast Fighting\n|-supereffective|p2a: Wo-Chien\n|-damage|p2a: Wo-Chien|0 fnt\n|faint|p2a: Wo-Chien\n|-ability|p1a: Spectrier|Grim Neigh|boost\n|-boost|p1a: Spectrier|spa|1\n|\n|upkeep\n|\n|t:|1782846334\n|switch|p2a: Flapple|Flapple, L88, M|196/266\n|-activate|p2a: Flapple|move: Sticky Web\n|-unboost|p2a: Flapple|spe|1\n|turn|67\n|\n|t:|1782846340\n|move|p2a: Flapple|Sucker Punch|p1a: Spectrier|[miss]\n|-miss|p2a: Flapple|p1a: Spectrier\n|move|p1a: Spectrier|Shadow Ball|p2a: Flapple\n|-damage|p2a: Flapple|0 fnt\n|faint|p2a: Flapple\n|-ability|p1a: Spectrier|Grim Neigh|boost\n|-boost|p1a: Spectrier|spa|1\n|\n|upkeep\n|-message|SFroggeh forfeited.\n|\n|win|xxmonarch\n|raw|xxmonarch's rating: 2004 &rarr; <strong>2025</strong><br />(+21 for winning)\n|raw|SFroggeh's rating: 2017 &rarr; <strong>1996</strong><br />(-21 for losing)\n", "inputlog": ">version f8ac14003a5f27e1bdc8d8c59608a773c1cb96e5\n>start {\"formatid\":\"gen9randombattle\",\"seed\":\"sodium,a5eaf9ae2a72f5fb49d109e3d13b1c85\",\"rated\":\"Rated battle\"}\n>player p1 {\"name\":\"xxmonarch\",\"avatar\":\"169\",\"rating\":2004,\"seed\":\"sodium,1592966ddb05caffc5ecbe6092cea903\"}\n>player p2 {\"name\":\"SFroggeh\",\"avatar\":\"102\",\"rating\":2017,\"seed\":\"sodium,e4e39650af1d1ecfa0a08c22304aa955\"}\n>p1 move quiverdance\n>p2 switch 3\n>p1 switch 2\n>p2 move liquidation\n>p1 move stickyweb\n>p2 move toxicspikes\n>p1 move knockoff\n>p2 switch 2\n>p1 move lunge\n>p2 move stickyweb\n>p2 switch 2\n>p1 move knockoff\n>p2 move toxicspikes\n>p1 move leafblade\n>p2 move liquidation\n>p1 move leafblade\n>p2 move recover\n>p1 move leafblade\n>p2 move recover\n>p1 move leafblade\n>p2 move recover\n>p1 move leafblade\n>p2 move liquidation\n>p1 move leafblade\n>p2 switch 3\n>p1 move lunge\n>p2 move protect\n>p1 move lunge\n>p2 switch 3\n>p1 switch 3\n>p2 move liquidation\n>p1 switch 6\n>p2 switch 4\n>p1 move muddywater\n>p2 move saltcure\n>p1 move voltswitch\n>p2 switch 6\n>p1 switch 5\n>p1 move wish\n>p2 switch 6\n>p1 switch 3\n>p2 move saltcure\n>p1 move knockoff\n>p2 move saltcure\n>p1 move leafblade\n>p2 switch 4\n>p1 switch 5\n>p2 move toxicspikes\n>p1 move voltswitch\n>p2 move toxicspikes\n>p1 switch 6\n>p1 move meteorbeam\n>p2 switch 4\n>p2 switch 5\n>p1 move fireblast\n>p2 move trickroom\n>p1 switch 5\n>p2 move psychic\n>p1 switch 2\n>p1 move bugbuzz\n>p2 move revivalblessing\n>p2 switch 5\n>p2 switch 5\n>p1 switch 5\n>p2 move saltcure\n>p1 switch 6\n>p2 move recover\n>p1 move muddywater\n>p2 switch 6\n>p1 move voltswitch\n>p2 move gravapple\n>p1 switch 3\n>p1 move wish\n>p2 move gravapple\n>p1 move playrough\n>p2 switch 4\n>p1 move wish\n>p2 move toxicspikes\n>p1 switch 6\n>p2 switch 6\n>p1 switch 3\n>p2 move saltcure\n>p1 move thunderbolt\n>p2 move saltcure\n>p1 move voltswitch\n>p2 switch 3\n>p1 switch 5\n>p1 move quiverdance\n>p2 move leechseed\n>p1 move bugbuzz\n>p2 switch 6\n>p1 move gigadrain\n>p2 move toxicspikes\n>p1 move gigadrain\n>p2 move liquidation\n>p1 switch 3\n>p2 move recover\n>p1 move meteorbeam\n>p2 move toxicspikes\n>p1 move meteorbeam\n>p2 move haze\n>p1 move dynamaxcannon\n>p2 switch 3\n>p2 switch 6\n>p1 move sludgebomb\n>p2 move stunspore\n>p1 move sludgebomb\n>p2 move leechseed\n>p1 move sludgebomb\n>p2 move protect\n>p1 move sludgebomb\n>p2 switch 3\n>p1 switch 5\n>p2 move toxicspikes\n>p1 move thunderbolt\n>p2 switch 3\n>p1 move voltswitch\n>p2 move leechseed\n>p1 switch 5\n>p1 move sludgebomb\n>p2 move protect\n>p1 move sludgebomb\n>p2 move knockoff\n>p1 move sludgebomb\n>p2 move protect\n>p1 switch 3\n>p1 move bugbuzz\n>p2 switch 3\n>p1 switch 5\n>p2 move liquidation\n>p1 move voltswitch\n>p2 switch 3\n>p1 switch 6\n>p1 move wish\n>p2 move leechseed\n>p1 move playrough\n>p2 move knockoff\n>p1 move wish\n>p2 move stunspore\n>p1 switch 5\n>p2 move knockoff\n>p1 switch 4\n>p1 move nastyplot\n>p2 move knockoff\n>p1 move terablast terastallize\n>p2 move knockoff\n>p2 switch 4\n>p1 move shadowball\n>p2 move suckerpunch\n>forcelose p2", "uploadtime": 1782846349, "views": 6, "formatid": "gen9randombattle", "rating": 1996, "private": 0, "password": null, "player_dets": [{"name": "xxmonarch", "avatar": "169", "rating": 2004, "seed": "sodium,1592966ddb05caffc5ecbe6092cea903"}, {"name": "SFroggeh", "avatar": "102", "rating": 2017, "seed": "sodium,e4e39650af1d1ecfa0a08c22304aa955"}], "teams_full": [{"Volcarona": {"name": "Volcarona", "species": "Volcarona", "speciesId": "volcarona", "gender": "M", "shiny": false, "level": 77, "moves": ["gigadrain", "fireblast", "bugbuzz", "quiverdance"], "ability": "Swarm", "evs": {"hp": 85, "atk": 0, "def": 85, "spa": 85, "spd": 85, "spe": 85}, "ivs": {"hp": 31, "atk": 0, "def": 31, "spa": 31, "spd": 31, "spe": 31}, "item": "Heavy-Duty Boots", "teraType": "Fire", "role": "Fast Bulky Setup", "bvs": {"hp": 85, "atk": 60, "def": 65, "spa": 135, "spd": 105, "spe": 100}, "stats": {"hp": 257, "atk": 97, "def": 145, "spa": 252, "spd": 206, "spe": 199}, "types": ["Bug", "Fire"]}, "Leavanny": {"name": "Leavanny", "species": "Leavanny", "speciesId": "leavanny", "gender": "F", "shiny": false, "level": 86, "moves": ["leafblade", "knockoff", "stickyweb", "lunge"], "ability": "Swarm", "evs": {"hp": 85, "atk": 85, "def": 85, "spa": 85, "spd": 85, "spe": 85}, "ivs": {"hp": 31, "atk": 31, "def": 31, "spa": 31, "spd": 31, "spe": 31}, "item": "Heavy-Duty Boots", "teraType": "Ghost", "role": "Fast Support", "bvs": {"hp": 75, "atk": 103, "def": 80, "spa": 70, "spd": 80, "spe": 92}, "stats": {"hp": 269, "atk": 226, "def": 187, "spa": 170, "spd": 187, "spe": 207}, "types": ["Bug", "Grass"]}, "Eternatus": {"name": "Eternatus", "species": "Eternatus", "speciesId": "eternatus", "gender": "N", "shiny": false, "level": 69, "moves": ["fireblast", "sludgebomb", "dynamaxcannon", "meteorbeam"], "ability": "Pressure", "evs": {"hp": 85, "atk": 0, "def": 85, "spa": 85, "spd": 85, "spe": 85}, "ivs": {"hp": 31, "atk": 0, "def": 31, "spa": 31, "spd": 31, "spe": 31}, "item": "Power Herb", "teraType": "Dragon", "role": "Setup Sweeper", "bvs": {"hp": 140, "atk": 85, "def": 95, "spa": 145, "spd": 95, "spe": 130}, "stats": {"hp": 308, "atk": 122, "def": 171, "spa": 240, "spd": 171, "spe": 220}, "types": ["Poison", "Dragon"]}, "Spectrier": {"name": "Spectrier", "species": "Spectrier", "speciesId": "spectrier", "gender": "N", "shiny": false, "level": 75, "moves": ["shadowball", "willowisp", "terablast", "nastyplot"], "ability": "Grim Neigh", "evs": {"hp": 85, "atk": 0, "def": 85, "spa": 85, "spd": 85, "spe": 85}, "ivs": {"hp": 31, "atk": 0, "def": 31, "spa": 31, "spd": 31, "spe": 31}, "item": "Life Orb", "teraType": "Fighting", "role": "Tera Blast user", "bvs": {"hp": 100, "atk": 65, "def": 60, "spa": 145, "spd": 80, "spe": 130}, "stats": {"hp": 274, "atk": 102, "def": 134, "spa": 261, "spd": 164, "spe": 239}, "types": ["Ghost"]}, "Dachsbun": {"name": "Dachsbun", "species": "Dachsbun", "speciesId": "dachsbun", "gender": "M", "shiny": false, "level": 92, "moves": ["playrough", "bodypress", "wish", "protect"], "ability": "Well-Baked Body", "evs": {"hp": 85, "atk": 85, "def": 85, "spa": 85, "spd": 85, "spe": 85}, "ivs": {"hp": 31, "atk": 31, "def": 31, "spa": 31, "spd": 31, "spe": 31}, "item": "Leftovers", "teraType": "Steel", "role": "Bulky Support", "bvs": {"hp": 57, "atk": 80, "def": 115, "spa": 50, "spd": 80, "spe": 95}, "stats": {"hp": 254, "atk": 200, "def": 264, "spa": 144, "spd": 200, "spe": 227}, "types": ["Fairy"]}, "Bellibolt": {"name": "Bellibolt", "species": "Bellibolt", "speciesId": "bellibolt", "gender": "F", "shiny": false, "level": 84, "moves": ["slackoff", "muddywater", "thunderbolt", "voltswitch"], "ability": "Electromorphosis", "evs": {"hp": 85, "atk": 0, "def": 85, "spa": 85, "spd": 85, "spe": 85}, "ivs": {"hp": 31, "atk": 0, "def": 31, "spa": 31, "spd": 31, "spe": 31}, "item": "Leftovers", "teraType": "Water", "role": "Bulky Attacker", "bvs": {"hp": 109, "atk": 64, "def": 91, "spa": 103, "spd": 83, "spe": 45}, "stats": {"hp": 320, "atk": 112, "def": 201, "spa": 221, "spd": 188, "spe": 124}, "types": ["Electric"]}}, {"Wo-Chien": {"name": "Wo-Chien", "species": "Wo-Chien", "speciesId": "wochien", "gender": "N", "shiny": false, "level": 83, "moves": ["leechseed", "knockoff", "stunspore", "protect"], "ability": "Tablets of Ruin", "evs": {"hp": 85, "atk": 85, "def": 85, "spa": 85, "spd": 85, "spe": 85}, "ivs": {"hp": 31, "atk": 31, "def": 31, "spa": 31, "spd": 31, "spe": 31}, "item": "Leftovers", "teraType": "Poison", "role": "Bulky Support", "bvs": {"hp": 85, "atk": 85, "def": 100, "spa": 95, "spd": 135, "spe": 70}, "stats": {"hp": 277, "atk": 189, "def": 214, "spa": 205, "spd": 272, "spe": 164}, "types": ["Dark", "Grass"]}, "Ditto": {"name": "Ditto", "species": "Ditto", "speciesId": "ditto", "gender": "N", "shiny": false, "level": 87, "moves": ["transform"], "ability": "Imposter", "evs": {"hp": 85, "atk": 85, "def": 85, "spa": 85, "spd": 85, "spe": 85}, "ivs": {"hp": 31, "atk": 31, "def": 31, "spa": 31, "spd": 31, "spe": 31}, "item": "Choice Scarf", "teraType": "Steel", "role": "Fast Support", "bvs": {"hp": 48, "atk": 48, "def": 48, "spa": 48, "spd": 48, "spe": 48}, "stats": {"hp": 225, "atk": 133, "def": 133, "spa": 133, "spd": 133, "spe": 133}, "types": ["Normal"]}, "Toxapex": {"name": "Toxapex", "species": "Toxapex", "speciesId": "toxapex", "gender": "M", "shiny": false, "level": 82, "moves": ["liquidation", "toxicspikes", "recover", "haze"], "ability": "Regenerator", "evs": {"hp": 85, "atk": 85, "def": 85, "spa": 85, "spd": 85, "spe": 85}, "ivs": {"hp": 31, "atk": 31, "def": 31, "spa": 31, "spd": 31, "spe": 31}, "item": "Leftovers", "teraType": "Steel", "role": "Bulky Support", "bvs": {"hp": 50, "atk": 63, "def": 152, "spa": 53, "spd": 142, "spe": 35}, "stats": {"hp": 216, "atk": 150, "def": 296, "spa": 134, "spd": 280, "spe": 105}, "types": ["Poison", "Water"]}, "Garganacl": {"name": "Garganacl", "species": "Garganacl", "speciesId": "garganacl", "gender": "F", "shiny": false, "level": 80, "moves": ["saltcure", "bodypress", "irondefense", "recover"], "ability": "Purifying Salt", "evs": {"hp": 85, "atk": 85, "def": 85, "spa": 85, "spd": 85, "spe": 85}, "ivs": {"hp": 31, "atk": 31, "def": 31, "spa": 31, "spd": 31, "spe": 31}, "item": "Leftovers", "teraType": "Dragon", "role": "Bulky Setup", "bvs": {"hp": 100, "atk": 100, "def": 130, "spa": 45, "spd": 90, "spe": 35}, "stats": {"hp": 291, "atk": 206, "def": 254, "spa": 118, "spd": 190, "spe": 102}, "types": ["Rock"]}, "Rabsca": {"name": "Rabsca", "species": "Rabsca", "speciesId": "rabsca", "gender": "M", "shiny": false, "level": 91, "moves": ["psychic", "trickroom", "bugbuzz", "revivalblessing"], "ability": "Synchronize", "evs": {"hp": 85, "atk": 0, "def": 85, "spa": 85, "spd": 85, "spe": 0}, "ivs": {"hp": 31, "atk": 0, "def": 31, "spa": 31, "spd": 31, "spe": 0}, "item": "Heavy-Duty Boots", "teraType": "Steel", "role": "Wallbreaker", "bvs": {"hp": 75, "atk": 50, "def": 85, "spa": 115, "spd": 100, "spe": 45}, "stats": {"hp": 284, "atk": 96, "def": 207, "spa": 261, "spd": 234, "spe": 86}, "types": ["Bug", "Psychic"]}, "Flapple": {"name": "Flapple", "species": "Flapple", "speciesId": "flapple", "gender": "M", "shiny": false, "level": 88, "moves": ["outrage", "suckerpunch", "gravapple", "dragondance"], "ability": "Hustle", "evs": {"hp": 85, "atk": 85, "def": 85, "spa": 85, "spd": 85, "spe": 85}, "ivs": {"hp": 31, "atk": 31, "def": 31, "spa": 31, "spd": 31, "spe": 31}, "item": "Wide Lens", "teraType": "Steel", "role": "Fast Attacker", "bvs": {"hp": 70, "atk": 110, "def": 80, "spa": 95, "spd": 60, "spe": 70}, "stats": {"hp": 266, "atk": 244, "def": 191, "spa": 217, "spd": 156, "spe": 173}, "types": ["Grass", "Dragon"]}}]}