{"id": "gen9randombattle-2642060644", "format": "[Gen 9] Random Battle", "players": ["jnpr010334", "lesdoit7272"], "log": "|j|\u2606jnpr010334\n|j|\u2606lesdoit7272\n|t:|1782881509\n|gametype|singles\n|player|p1|jnpr010334|265|1667\n|player|p2|lesdoit7272|101|1668\n|gen|9\n|tier|[Gen 9] Random Battle\n|rated|\n|rule|Species Clause: Limit one of each Pok\u00e9mon\n|rule|HP Percentage Mod: HP is shown in percentages\n|rule|Sleep Clause Mod: Limit one foe put to sleep\n|rule|Illusion Level Mod: Illusion disguises the Pok\u00e9mon's true level\n|\n|t:|1782881509\n|teamsize|p1|6\n|teamsize|p2|6\n|start\n|switch|p1a: Rhyperior|Rhyperior, L82, F|323/323\n|switch|p2a: Regirock|Regirock, L83|268/268\n|turn|1\n|inactive|Battle timer is ON: inactive players will automatically lose when time's up. (requested by lesdoit7272)\n|\n|t:|1782881515\n|move|p2a: Regirock|Iron Defense|p2a: Regirock\n|-boost|p2a: Regirock|def|2\n|move|p1a: Rhyperior|Rock Polish|p1a: Rhyperior\n|-boost|p1a: Rhyperior|spe|2\n|\n|upkeep\n|turn|2\n|inactive|jnpr010334 also wants the timer to be on.\n|\n|t:|1782881520\n|switch|p1a: Deoxys|Deoxys-Speed, L82|216/216\n|-ability|p1a: Deoxys|Pressure\n|move|p2a: Regirock|Iron Defense|p2a: Regirock\n|-boost|p2a: Regirock|def|2\n|\n|upkeep\n|turn|3\n|\n|t:|1782881528\n|move|p1a: Deoxys|Psycho Boost|p2a: Regirock\n|-damage|p2a: Regirock|112/268\n|-unboost|p1a: Deoxys|spa|2\n|-damage|p1a: Deoxys|195/216|[from] item: Life Orb\n|move|p2a: Regirock|Body Press|p1a: Deoxys\n|-resisted|p1a: Deoxys\n|-damage|p1a: Deoxys|46/216\n|\n|-heal|p2a: Regirock|128/268|[from] item: Leftovers\n|upkeep\n|turn|4\n|\n|t:|1782881534\n|move|p1a: Deoxys|Psycho Boost|p2a: Regirock\n|-damage|p2a: Regirock|50/268\n|-unboost|p1a: Deoxys|spa|2\n|-damage|p1a: Deoxys|25/216|[from] item: Life Orb\n|move|p2a: Regirock|Body Press|p1a: Deoxys\n|-resisted|p1a: Deoxys\n|-crit|p1a: Deoxys\n|-damage|p1a: Deoxys|0 fnt\n|faint|p1a: Deoxys\n|\n|-heal|p2a: Regirock|66/268|[from] item: Leftovers\n|upkeep\n|\n|t:|1782881536\n|switch|p1a: Electrode|Electrode-Hisui, L87|246/246\n|turn|5\n|\n|t:|1782881546\n|switch|p2a: Bellossom|Bellossom, L84, F|263/263\n|move|p1a: Electrode|Thunderbolt|p2a: Bellossom\n|-resisted|p2a: Bellossom\n|-damage|p2a: Bellossom|215/263\n|-damage|p1a: Electrode|222/246|[from] item: Life Orb\n|\n|-heal|p2a: Bellossom|231/263|[from] item: Leftovers\n|upkeep\n|turn|6\n|\n|t:|1782881552\n|switch|p2a: Regirock|Regirock, L83|66/268\n|move|p1a: Electrode|Thunder Wave|p2a: Regirock\n|-status|p2a: Regirock|par\n|\n|-heal|p2a: Regirock|82/268 par|[from] item: Leftovers\n|upkeep\n|turn|7\n|\n|t:|1782881556\n|move|p1a: Electrode|Leaf Storm|p2a: Regirock|[miss]\n|-miss|p1a: Electrode|p2a: Regirock\n|move|p2a: Regirock|Body Press|p1a: Electrode\n|-damage|p1a: Electrode|107/246\n|\n|-heal|p2a: Regirock|98/268 par|[from] item: Leftovers\n|upkeep\n|turn|8\n|\n|t:|1782881559\n|move|p1a: Electrode|Leaf Storm|p2a: Regirock\n|-supereffective|p2a: Regirock\n|-damage|p2a: Regirock|0 fnt\n|-unboost|p1a: Electrode|spa|2\n|faint|p2a: Regirock\n|-damage|p1a: Electrode|83/246|[from] item: Life Orb\n|\n|upkeep\n|\n|t:|1782881567\n|switch|p2a: Dudunsparce|Dudunsparce-Three-Segment, L83, M|343/343\n|turn|9\n|\n|t:|1782881571\n|move|p1a: Electrode|Thunder Wave|p2a: Dudunsparce\n|-status|p2a: Dudunsparce|par\n|move|p2a: Dudunsparce|Shadow Ball|p1a: Electrode\n|-damage|p1a: Electrode|32/246\n|\n|upkeep\n|turn|10\n|\n|t:|1782881591\n|switch|p1a: Bellibolt|Bellibolt, L84, F|320/320\n|move|p2a: Dudunsparce|Shadow Ball|p1a: Bellibolt\n|-damage|p1a: Bellibolt|269/320\n|-start|p1a: Bellibolt|Charge|Shadow Ball|[from] ability: Electromorphosis\n|\n|-heal|p1a: Bellibolt|289/320|[from] item: Leftovers\n|upkeep\n|turn|11\n|\n|t:|1782881595\n|move|p1a: Bellibolt|Muddy Water|p2a: Dudunsparce\n|-damage|p2a: Dudunsparce|266/343 par\n|move|p2a: Dudunsparce|Calm Mind|p2a: Dudunsparce\n|-boost|p2a: Dudunsparce|spa|1\n|-boost|p2a: Dudunsparce|spd|1\n|\n|-heal|p1a: Bellibolt|309/320|[from] item: Leftovers\n|-heal|p2a: Dudunsparce|287/343 par|[from] item: Leftovers\n|upkeep\n|turn|12\n|\n|t:|1782881600\n|move|p1a: Bellibolt|Thunderbolt|p2a: Dudunsparce\n|-damage|p2a: Dudunsparce|137/343 par\n|-end|p1a: Bellibolt|Charge|[silent]\n|move|p2a: Dudunsparce|Boomburst|p1a: Bellibolt\n|-damage|p1a: Bellibolt|86/320\n|-start|p1a: Bellibolt|Charge|Boomburst|[from] ability: Electromorphosis\n|\n|-heal|p1a: Bellibolt|106/320|[from] item: Leftovers\n|-heal|p2a: Dudunsparce|158/343 par|[from] item: Leftovers\n|upkeep\n|turn|13\n|\n|t:|1782881602\n|move|p1a: Bellibolt|Slack Off|p1a: Bellibolt\n|-heal|p1a: Bellibolt|266/320\n|cant|p2a: Dudunsparce|par\n|\n|-heal|p1a: Bellibolt|286/320|[from] item: Leftovers\n|-heal|p2a: Dudunsparce|179/343 par|[from] item: Leftovers\n|upkeep\n|turn|14\n|\n|t:|1782881607\n|move|p1a: Bellibolt|Thunderbolt|p2a: Dudunsparce\n|-damage|p2a: Dudunsparce|28/343 par\n|-end|p1a: Bellibolt|Charge|[silent]\n|cant|p2a: Dudunsparce|par\n|\n|-heal|p1a: Bellibolt|306/320|[from] item: Leftovers\n|-heal|p2a: Dudunsparce|49/343 par|[from] item: Leftovers\n|upkeep\n|turn|15\n|\n|t:|1782881610\n|move|p1a: Bellibolt|Thunderbolt|p2a: Dudunsparce\n|-damage|p2a: Dudunsparce|0 fnt\n|faint|p2a: Dudunsparce\n|\n|-heal|p1a: Bellibolt|320/320|[from] item: Leftovers\n|upkeep\n|\n|t:|1782881612\n|switch|p2a: Serperior|Serperior, L79, F|248/248\n|turn|16\n|\n|t:|1782881615\n|move|p2a: Serperior|Substitute|p2a: Serperior\n|-start|p2a: Serperior|Substitute\n|-damage|p2a: Serperior|186/248\n|move|p1a: Bellibolt|Volt Switch|p2a: Serperior\n|-resisted|p2a: Serperior\n|-activate|p2a: Serperior|move: Substitute|[damage]\n|\n|t:|1782881618\n|switch|p1a: Ariados|Ariados, L95, M|287/287|[from] Volt Switch\n|\n|-heal|p2a: Serperior|201/248|[from] item: Leftovers\n|upkeep\n|turn|17\n|\n|t:|1782881623\n|move|p2a: Serperior|Leaf Storm|p1a: Ariados\n|-resisted|p1a: Ariados\n|-damage|p1a: Ariados|261/287\n|-boost|p2a: Serperior|spa|2\n|move|p1a: Ariados|Megahorn|p2a: Serperior\n|-supereffective|p2a: Serperior\n|-end|p2a: Serperior|Substitute\n|\n|-heal|p2a: Serperior|216/248|[from] item: Leftovers\n|upkeep\n|turn|18\n|\n|t:|1782881628\n|move|p2a: Serperior|Dragon Pulse|p1a: Ariados\n|-damage|p1a: Ariados|165/287\n|move|p1a: Ariados|Megahorn|p2a: Serperior\n|-supereffective|p2a: Serperior\n|-damage|p2a: Serperior|0 fnt\n|faint|p2a: Serperior\n|\n|upkeep\n|\n|t:|1782881629\n|switch|p2a: Iron Crown|Iron Crown, L78|268/268\n|turn|19\n|\n|t:|1782881635\n|switch|p1a: Bellibolt|Bellibolt, L84, F|320/320\n|move|p2a: Iron Crown|Psyshock|p1a: Bellibolt\n|-damage|p1a: Bellibolt|230/320\n|-start|p1a: Bellibolt|Charge|Psyshock|[from] ability: Electromorphosis\n|\n|-heal|p1a: Bellibolt|250/320|[from] item: Leftovers\n|upkeep\n|turn|20\n|\n|t:|1782881646\n|move|p2a: Iron Crown|Calm Mind|p2a: Iron Crown\n|-boost|p2a: Iron Crown|spa|1\n|-boost|p2a: Iron Crown|spd|1\n|move|p1a: Bellibolt|Thunderbolt|p2a: Iron Crown\n|-damage|p2a: Iron Crown|141/268\n|-end|p1a: Bellibolt|Charge|[silent]\n|\n|-heal|p2a: Iron Crown|157/268|[from] item: Leftovers\n|-heal|p1a: Bellibolt|270/320|[from] item: Leftovers\n|upkeep\n|turn|21\n|\n|t:|1782881652\n|move|p2a: Iron Crown|Calm Mind|p2a: Iron Crown\n|-boost|p2a: Iron Crown|spa|1\n|-boost|p2a: Iron Crown|spd|1\n|move|p1a: Bellibolt|Thunderbolt|p2a: Iron Crown\n|-damage|p2a: Iron Crown|108/268\n|\n|-heal|p2a: Iron Crown|124/268|[from] item: Leftovers\n|-heal|p1a: Bellibolt|290/320|[from] item: Leftovers\n|upkeep\n|turn|22\n|\n|t:|1782881657\n|move|p2a: Iron Crown|Psyshock|p1a: Bellibolt\n|-damage|p1a: Bellibolt|116/320\n|-start|p1a: Bellibolt|Charge|Psyshock|[from] ability: Electromorphosis\n|move|p1a: Bellibolt|Thunderbolt|p2a: Iron Crown\n|-damage|p2a: Iron Crown|31/268\n|-end|p1a: Bellibolt|Charge|[silent]\n|\n|-heal|p2a: Iron Crown|47/268|[from] item: Leftovers\n|-heal|p1a: Bellibolt|136/320|[from] item: Leftovers\n|upkeep\n|turn|23\n|\n|t:|1782881660\n|move|p2a: Iron Crown|Psyshock|p1a: Bellibolt\n|-damage|p1a: Bellibolt|0 fnt\n|faint|p1a: Bellibolt\n|\n|-heal|p2a: Iron Crown|63/268|[from] item: Leftovers\n|upkeep\n|\n|t:|1782881661\n|switch|p1a: Electrode|Electrode-Hisui, L87|32/246\n|turn|24\n|\n|t:|1782881664\n|move|p1a: Electrode|Thunderbolt|p2a: Iron Crown\n|-damage|p2a: Iron Crown|7/268\n|-damage|p1a: Electrode|8/246|[from] item: Life Orb\n|move|p2a: Iron Crown|Psyshock|p1a: Electrode\n|-damage|p1a: Electrode|0 fnt\n|faint|p1a: Electrode\n|\n|-heal|p2a: Iron Crown|23/268|[from] item: Leftovers\n|upkeep\n|\n|t:|1782881667\n|switch|p1a: Ariados|Ariados, L95, M|165/287\n|turn|25\n|\n|t:|1782881671\n|move|p1a: Ariados|Sucker Punch||[still]\n|-fail|p1a: Ariados\n|move|p2a: Iron Crown|Calm Mind|p2a: Iron Crown\n|-boost|p2a: Iron Crown|spa|1\n|-boost|p2a: Iron Crown|spd|1\n|\n|-heal|p2a: Iron Crown|39/268|[from] item: Leftovers\n|upkeep\n|turn|26\n|\n|t:|1782881675\n|move|p1a: Ariados|Sucker Punch|p2a: Iron Crown\n|-supereffective|p2a: Iron Crown\n|-damage|p2a: Iron Crown|0 fnt\n|faint|p2a: Iron Crown\n|-end|p2a: Iron Crown|Quark Drive|[silent]\n|\n|upkeep\n|\n|t:|1782881677\n|switch|p2a: Cinccino|Cinccino, L83, F|260/260\n|turn|27\n|\n|t:|1782881681\n|move|p2a: Cinccino|Tidy Up|p2a: Cinccino\n|-boost|p2a: Cinccino|atk|1\n|-boost|p2a: Cinccino|spe|1\n|move|p1a: Ariados|Megahorn|p2a: Cinccino|[miss]\n|-miss|p1a: Ariados|p2a: Cinccino\n|\n|upkeep\n|turn|28\n|\n|t:|1782881687\n|move|p2a: Cinccino|Tail Slap|p1a: Ariados\n|-damage|p1a: Ariados|99/287\n|-damage|p1a: Ariados|39/287\n|-damage|p1a: Ariados|0 fnt\n|faint|p1a: Ariados\n|-hitcount|p1: Ariados|3\n|\n|upkeep\n|\n|t:|1782881691\n|switch|p1a: Rhyperior|Rhyperior, L82, F|323/323\n|turn|29\n|\n|t:|1782881705\n|-terastallize|p1a: Rhyperior|Rock\n|move|p2a: Cinccino|Bullet Seed|p1a: Rhyperior\n|-supereffective|p1a: Rhyperior\n|-damage|p1a: Rhyperior|278/323\n|-enditem|p1a: Rhyperior|Weakness Policy\n|-boost|p1a: Rhyperior|atk|2|[from] item: Weakness Policy\n|-boost|p1a: Rhyperior|spa|2|[from] item: Weakness Policy\n|-supereffective|p1a: Rhyperior\n|-damage|p1a: Rhyperior|238/323\n|-supereffective|p1a: Rhyperior\n|-damage|p1a: Rhyperior|196/323\n|-supereffective|p1a: Rhyperior\n|-damage|p1a: Rhyperior|150/323\n|-supereffective|p1a: Rhyperior\n|-damage|p1a: Rhyperior|102/323\n|-hitcount|p1a: Rhyperior|5\n|move|p1a: Rhyperior|Earthquake|p2a: Cinccino\n|-damage|p2a: Cinccino|0 fnt\n|faint|p2a: Cinccino\n|\n|upkeep\n|\n|t:|1782881708\n|switch|p2a: Bellossom|Bellossom, L84, F|231/263\n|turn|30\n|\n|t:|1782881711\n|move|p2a: Bellossom|Giga Drain|p1a: Rhyperior\n|-supereffective|p1a: Rhyperior\n|-damage|p1a: Rhyperior|0 fnt\n|-heal|p2a: Bellossom|263/263|[from] drain|[of] p1a: Rhyperior\n|faint|p1a: Rhyperior\n|\n|upkeep\n|\n|t:|1782881713\n|switch|p1a: Frosmoth|Frosmoth, L82, F|249/249\n|turn|31\n|\n|t:|1782881725\n|-terastallize|p2a: Bellossom|Fairy\n|move|p1a: Frosmoth|Quiver Dance|p1a: Frosmoth\n|-boost|p1a: Frosmoth|spa|1\n|-boost|p1a: Frosmoth|spd|1\n|-boost|p1a: Frosmoth|spe|1\n|move|p2a: Bellossom|Quiver Dance|p2a: Bellossom\n|-boost|p2a: Bellossom|spa|1\n|-boost|p2a: Bellossom|spd|1\n|-boost|p2a: Bellossom|spe|1\n|\n|upkeep\n|turn|32\n|\n|t:|1782881728\n|move|p1a: Frosmoth|Quiver Dance|p1a: Frosmoth\n|-boost|p1a: Frosmoth|spa|1\n|-boost|p1a: Frosmoth|spd|1\n|-boost|p1a: Frosmoth|spe|1\n|move|p2a: Bellossom|Quiver Dance|p2a: Bellossom\n|-boost|p2a: Bellossom|spa|1\n|-boost|p2a: Bellossom|spd|1\n|-boost|p2a: Bellossom|spe|1\n|\n|upkeep\n|turn|33\n|\n|t:|1782881731\n|move|p1a: Frosmoth|Quiver Dance|p1a: Frosmoth\n|-boost|p1a: Frosmoth|spa|1\n|-boost|p1a: Frosmoth|spd|1\n|-boost|p1a: Frosmoth|spe|1\n|move|p2a: Bellossom|Quiver Dance|p2a: Bellossom\n|-boost|p2a: Bellossom|spa|1\n|-boost|p2a: Bellossom|spd|1\n|-boost|p2a: Bellossom|spe|1\n|\n|upkeep\n|turn|34\n|\n|t:|1782881734\n|move|p1a: Frosmoth|Ice Beam|p2a: Bellossom\n|-damage|p2a: Bellossom|170/263\n|-status|p2a: Bellossom|frz\n|-curestatus|p2a: Bellossom|frz|[msg]\n|move|p2a: Bellossom|Quiver Dance|p2a: Bellossom\n|-boost|p2a: Bellossom|spa|1\n|-boost|p2a: Bellossom|spd|1\n|-boost|p2a: Bellossom|spe|1\n|\n|-heal|p2a: Bellossom|186/263|[from] item: Leftovers\n|upkeep\n|turn|35\n|\n|t:|1782881738\n|move|p2a: Bellossom|Quiver Dance|p2a: Bellossom\n|-boost|p2a: Bellossom|spa|1\n|-boost|p2a: Bellossom|spd|1\n|-boost|p2a: Bellossom|spe|1\n|move|p1a: Frosmoth|Ice Beam|p2a: Bellossom\n|-damage|p2a: Bellossom|113/263\n|\n|-heal|p2a: Bellossom|129/263|[from] item: Leftovers\n|upkeep\n|turn|36\n|\n|t:|1782881744\n|move|p2a: Bellossom|Quiver Dance|p2a: Bellossom\n|-boost|p2a: Bellossom|spa|1\n|-boost|p2a: Bellossom|spd|1\n|-boost|p2a: Bellossom|spe|1\n|move|p1a: Frosmoth|Ice Beam|p2a: Bellossom\n|-damage|p2a: Bellossom|69/263\n|\n|-heal|p2a: Bellossom|85/263|[from] item: Leftovers\n|upkeep\n|turn|37\n|\n|t:|1782881748\n|move|p2a: Bellossom|Moonblast|p1a: Frosmoth\n|-damage|p1a: Frosmoth|170/249\n|move|p1a: Frosmoth|Ice Beam|p2a: Bellossom\n|-damage|p2a: Bellossom|21/263\n|\n|-heal|p2a: Bellossom|37/263|[from] item: Leftovers\n|upkeep\n|turn|38\n|\n|t:|1782881753\n|move|p2a: Bellossom|Strength Sap|p1a: Frosmoth\n|-unboost|p1a: Frosmoth|atk|1\n|-heal|p2a: Bellossom|148/263\n|move|p1a: Frosmoth|Ice Beam|p2a: Bellossom\n|-damage|p2a: Bellossom|82/263\n|\n|-heal|p2a: Bellossom|98/263|[from] item: Leftovers\n|upkeep\n|turn|39\n|\n|t:|1782881756\n|move|p2a: Bellossom|Giga Drain|p1a: Frosmoth\n|-resisted|p1a: Frosmoth\n|-damage|p1a: Frosmoth|140/249\n|-heal|p2a: Bellossom|113/263|[from] drain|[of] p1a: Frosmoth\n|move|p1a: Frosmoth|Ice Beam|p2a: Bellossom\n|-damage|p2a: Bellossom|49/263\n|\n|-heal|p2a: Bellossom|65/263|[from] item: Leftovers\n|upkeep\n|turn|40\n|\n|t:|1782881759\n|move|p2a: Bellossom|Giga Drain|p1a: Frosmoth\n|-resisted|p1a: Frosmoth\n|-damage|p1a: Frosmoth|112/249\n|-heal|p2a: Bellossom|79/263|[from] drain|[of] p1a: Frosmoth\n|move|p1a: Frosmoth|Ice Beam|p2a: Bellossom\n|-damage|p2a: Bellossom|18/263\n|\n|-heal|p2a: Bellossom|34/263|[from] item: Leftovers\n|upkeep\n|turn|41\n|\n|t:|1782881762\n|move|p2a: Bellossom|Giga Drain|p1a: Frosmoth\n|-resisted|p1a: Frosmoth\n|-damage|p1a: Frosmoth|81/249\n|-heal|p2a: Bellossom|50/263|[from] drain|[of] p1a: Frosmoth\n|move|p1a: Frosmoth|Ice Beam|p2a: Bellossom\n|-damage|p2a: Bellossom|0 fnt\n|faint|p2a: Bellossom\n|\n|win|jnpr010334\n|raw|jnpr010334's rating: 1713 &rarr; <strong>1730</strong><br />(+17 for winning)\n|raw|lesdoit7272's rating: 1664 &rarr; <strong>1647</strong><br />(-17 for losing)\n", "inputlog": ">version f8ac14003a5f27e1bdc8d8c59608a773c1cb96e5\n>start {\"formatid\":\"gen9randombattle\",\"seed\":\"sodium,8a8d5503fcbbdd05ade44d4a61cd1765\",\"rated\":\"Rated battle\"}\n>player p1 {\"name\":\"jnpr010334\",\"avatar\":\"265\",\"rating\":1667,\"seed\":\"sodium,7eb05216abd2372ca4bfa8de063bf847\"}\n>player p2 {\"name\":\"lesdoit7272\",\"avatar\":\"101\",\"rating\":1668,\"seed\":\"sodium,36e88c2c1e840c0ecd65c0966151e04d\"}\n>p1 move rockpolish\n>p2 move irondefense\n>p1 switch 2\n>p2 move irondefense\n>p1 move psychoboost\n>p2 move bodypress\n>p1 move psychoboost\n>p2 move bodypress\n>p1 switch 6\n>p1 move thunderbolt\n>p2 switch 4\n>p1 move thunderwave\n>p2 switch 4\n>p1 move leafstorm\n>p2 move bodypress\n>p1 move leafstorm\n>p2 move bodypress\n>p2 switch 3\n>p1 move thunderwave\n>p2 move shadowball\n>p1 switch 3\n>p2 move shadowball\n>p1 move muddywater\n>p2 move calmmind\n>p1 move thunderbolt\n>p2 move boomburst\n>p1 move slackoff\n>p2 move boomburst\n>p1 move thunderbolt\n>p2 move roost\n>p1 move thunderbolt\n>p2 move roost\n>p2 switch 5\n>p1 move voltswitch\n>p2 move substitute\n>p1 switch 4\n>p1 move megahorn\n>p2 move leafstorm\n>p1 move megahorn\n>p2 move dragonpulse\n>p2 switch 6\n>p1 switch 4\n>p2 move psyshock\n>p1 move thunderbolt\n>p2 move calmmind\n>p1 move thunderbolt\n>p2 move calmmind\n>p1 move thunderbolt\n>p2 move psyshock\n>p1 move thunderbolt\n>p2 move psyshock\n>p1 switch 3\n>p1 move thunderbolt\n>p2 move psyshock\n>p1 switch 4\n>p1 move suckerpunch\n>p2 move calmmind\n>p1 move suckerpunch\n>p2 move psyshock\n>p2 switch 2\n>p1 move megahorn\n>p2 move tidyup\n>p1 move megahorn\n>p2 move tailslap\n>p1 switch 2\n>p1 move earthquake terastallize\n>p2 move bulletseed\n>p2 switch 4\n>p1 move stoneedge\n>p2 move gigadrain\n>p1 switch 5\n>p1 move quiverdance\n>p2 move quiverdance terastallize\n>p1 move quiverdance\n>p2 move quiverdance\n>p1 move quiverdance\n>p2 move quiverdance\n>p1 move icebeam\n>p2 move quiverdance\n>p1 move icebeam\n>p2 move quiverdance\n>p1 move icebeam\n>p2 move quiverdance\n>p1 move icebeam\n>p2 move moonblast\n>p1 move icebeam\n>p2 move strengthsap\n>p1 move icebeam\n>p2 move gigadrain\n>p1 move icebeam\n>p2 move gigadrain\n>p1 move icebeam\n>p2 move gigadrain", "uploadtime": 1782881764, "views": 2, "formatid": "gen9randombattle", "rating": 1647, "private": 0, "password": null, "player_dets": [{"name": "jnpr010334", "avatar": "265", "rating": 1667, "seed": "sodium,7eb05216abd2372ca4bfa8de063bf847"}, {"name": "lesdoit7272", "avatar": "101", "rating": 1668, "seed": "sodium,36e88c2c1e840c0ecd65c0966151e04d"}], "teams_full": [{"Rhyperior": {"name": "Rhyperior", "species": "Rhyperior", "speciesId": "rhyperior", "gender": "F", "shiny": false, "level": 82, "moves": ["megahorn", "rockpolish", "earthquake", "stoneedge"], "ability": "Solid Rock", "evs": {"hp": 85, "atk": 85, "def": 85, "spa": 85, "spd": 85, "spe": 85}, "ivs": {"hp": 31, "atk": 31, "def": 31, "spa": 31, "spd": 31, "spe": 31}, "item": "Weakness Policy", "teraType": "Rock", "role": "Bulky Setup", "bvs": {"hp": 115, "atk": 140, "def": 130, "spa": 55, "spd": 55, "spe": 40}, "stats": {"hp": 323, "atk": 277, "def": 260, "spa": 137, "spd": 137, "spe": 113}, "types": ["Ground", "Rock"]}, "Deoxys": {"name": "Deoxys", "species": "Deoxys-Speed", "speciesId": "deoxysspeed", "gender": "N", "shiny": false, "level": 82, "moves": ["spikes", "psychoboost", "superpower", "knockoff"], "ability": "Pressure", "evs": {"hp": 85, "atk": 85, "def": 85, "spa": 85, "spd": 85, "spe": 85}, "ivs": {"hp": 31, "atk": 31, "def": 31, "spa": 31, "spd": 31, "spe": 31}, "item": "Life Orb", "teraType": "Fighting", "role": "Fast Support", "bvs": {"hp": 50, "atk": 95, "def": 90, "spa": 95, "spd": 90, "spe": 180}, "stats": {"hp": 216, "atk": 203, "def": 195, "spa": 203, "spd": 195, "spe": 342}, "types": ["Psychic"]}, "Bellibolt": {"name": "Bellibolt", "species": "Bellibolt", "speciesId": "bellibolt", "gender": "F", "shiny": false, "level": 84, "moves": ["muddywater", "thunderbolt", "voltswitch", "slackoff"], "ability": "Electromorphosis", "evs": {"hp": 85, "atk": 0, "def": 85, "spa": 85, "spd": 85, "spe": 85}, "ivs": {"hp": 31, "atk": 0, "def": 31, "spa": 31, "spd": 31, "spe": 31}, "item": "Leftovers", "teraType": "Water", "role": "Bulky Attacker", "bvs": {"hp": 109, "atk": 64, "def": 91, "spa": 103, "spd": 83, "spe": 45}, "stats": {"hp": 320, "atk": 112, "def": 201, "spa": 221, "spd": 188, "spe": 124}, "types": ["Electric"]}, "Ariados": {"name": "Ariados", "species": "Ariados", "speciesId": "ariados", "gender": "M", "shiny": false, "level": 95, "moves": ["poisonjab", "megahorn", "suckerpunch", "stickyweb"], "ability": "Swarm", "evs": {"hp": 85, "atk": 85, "def": 85, "spa": 85, "spd": 85, "spe": 85}, "ivs": {"hp": 31, "atk": 31, "def": 31, "spa": 31, "spd": 31, "spe": 31}, "item": "Heavy-Duty Boots", "teraType": "Ghost", "role": "Fast Support", "bvs": {"hp": 70, "atk": 90, "def": 70, "spa": 60, "spd": 70, "spe": 40}, "stats": {"hp": 287, "atk": 225, "def": 187, "spa": 168, "spd": 187, "spe": 130}, "types": ["Bug", "Poison"]}, "Frosmoth": {"name": "Frosmoth", "species": "Frosmoth", "speciesId": "frosmoth", "gender": "F", "shiny": false, "level": 82, "moves": ["quiverdance", "icebeam", "terablast", "bugbuzz"], "ability": "Ice Scales", "evs": {"hp": 85, "atk": 0, "def": 85, "spa": 85, "spd": 85, "spe": 85}, "ivs": {"hp": 31, "atk": 0, "def": 31, "spa": 31, "spd": 31, "spe": 31}, "item": "Heavy-Duty Boots", "teraType": "Ground", "role": "Tera Blast user", "bvs": {"hp": 70, "atk": 65, "def": 60, "spa": 125, "spd": 90, "spe": 65}, "stats": {"hp": 249, "atk": 111, "def": 146, "spa": 252, "spd": 195, "spe": 154}, "types": ["Ice", "Bug"]}, "Electrode": {"name": "Electrode", "species": "Electrode-Hisui", "speciesId": "electrodehisui", "gender": "N", "shiny": false, "level": 87, "moves": ["thunderbolt", "thunderwave", "leafstorm", "taunt"], "ability": "Soundproof", "evs": {"hp": 85, "atk": 0, "def": 85, "spa": 85, "spd": 85, "spe": 85}, "ivs": {"hp": 31, "atk": 0, "def": 31, "spa": 31, "spd": 31, "spe": 31}, "item": "Life Orb", "teraType": "Electric", "role": "Fast Attacker", "bvs": {"hp": 60, "atk": 50, "def": 70, "spa": 80, "spd": 80, "spe": 150}, "stats": {"hp": 246, "atk": 92, "def": 172, "spa": 189, "spd": 189, "spe": 311}, "types": ["Electric", "Grass"]}}, {"Regirock": {"name": "Regirock", "species": "Regirock", "speciesId": "regirock", "gender": "N", "shiny": false, "level": 83, "moves": ["bodypress", "irondefense", "thunderwave", "stoneedge"], "ability": "Clear Body", "evs": {"hp": 85, "atk": 85, "def": 85, "spa": 85, "spd": 85, "spe": 85}, "ivs": {"hp": 31, "atk": 31, "def": 31, "spa": 31, "spd": 31, "spe": 31}, "item": "Leftovers", "teraType": "Fighting", "role": "Bulky Attacker", "bvs": {"hp": 80, "atk": 100, "def": 200, "spa": 50, "spd": 100, "spe": 50}, "stats": {"hp": 268, "atk": 214, "def": 380, "spa": 131, "spd": 214, "spe": 131}, "types": ["Rock"]}, "Cinccino": {"name": "Cinccino", "species": "Cinccino", "speciesId": "cinccino", "gender": "F", "shiny": false, "level": 83, "moves": ["bulletseed", "tidyup", "tripleaxel", "tailslap"], "ability": "Technician", "evs": {"hp": 85, "atk": 85, "def": 85, "spa": 85, "spd": 85, "spe": 85}, "ivs": {"hp": 31, "atk": 31, "def": 31, "spa": 31, "spd": 31, "spe": 31}, "item": "Loaded Dice", "teraType": "Grass", "role": "Fast Attacker", "bvs": {"hp": 75, "atk": 95, "def": 60, "spa": 65, "spd": 60, "spe": 115}, "stats": {"hp": 260, "atk": 205, "def": 147, "spa": 156, "spd": 147, "spe": 239}, "types": ["Normal"]}, "Dudunsparce": {"name": "Dudunsparce", "species": "Dudunsparce-Three-Segment", "speciesId": "dudunsparce", "gender": "M", "shiny": false, "level": 83, "moves": ["calmmind", "boomburst", "roost", "shadowball"], "ability": "Rattled", "evs": {"hp": 85, "atk": 0, "def": 85, "spa": 85, "spd": 85, "spe": 85}, "ivs": {"hp": 31, "atk": 0, "def": 31, "spa": 31, "spd": 31, "spe": 31}, "item": "Leftovers", "teraType": "Poison", "role": "Bulky Setup", "bvs": {"hp": 125, "atk": 100, "def": 80, "spa": 85, "spd": 75, "spe": 55}, "stats": {"hp": 343, "atk": 171, "def": 180, "spa": 189, "spd": 172, "spe": 139}, "types": ["Normal"]}, "Bellossom": {"name": "Bellossom", "species": "Bellossom", "speciesId": "bellossom", "gender": "F", "shiny": false, "level": 84, "moves": ["quiverdance", "gigadrain", "strengthsap", "moonblast"], "ability": "Chlorophyll", "evs": {"hp": 85, "atk": 0, "def": 85, "spa": 85, "spd": 85, "spe": 85}, "ivs": {"hp": 31, "atk": 0, "def": 31, "spa": 31, "spd": 31, "spe": 31}, "item": "Leftovers", "teraType": "Fairy", "role": "Bulky Setup", "bvs": {"hp": 75, "atk": 80, "def": 95, "spa": 90, "spd": 100, "spe": 50}, "stats": {"hp": 263, "atk": 139, "def": 208, "spa": 199, "spd": 216, "spe": 132}, "types": ["Grass"]}, "Serperior": {"name": "Serperior", "species": "Serperior", "speciesId": "serperior", "gender": "F", "shiny": false, "level": 79, "moves": ["substitute", "leafstorm", "dragonpulse", "leechseed"], "ability": "Contrary", "evs": {"hp": 85, "atk": 0, "def": 85, "spa": 85, "spd": 85, "spe": 85}, "ivs": {"hp": 31, "atk": 0, "def": 31, "spa": 31, "spd": 31, "spe": 31}, "item": "Leftovers", "teraType": "Grass", "role": "Fast Attacker", "bvs": {"hp": 75, "atk": 75, "def": 95, "spa": 75, "spd": 95, "spe": 113}, "stats": {"hp": 248, "atk": 123, "def": 196, "spa": 164, "spd": 196, "spe": 224}, "types": ["Grass"]}, "Iron Crown": {"name": "Iron Crown", "species": "Iron Crown", "speciesId": "ironcrown", "gender": "N", "shiny": false, "level": 78, "moves": ["psyshock", "calmmind", "tachyoncutter", "focusblast"], "ability": "Quark Drive", "evs": {"hp": 85, "atk": 0, "def": 85, "spa": 85, "spd": 85, "spe": 85}, "ivs": {"hp": 31, "atk": 0, "def": 31, "spa": 31, "spd": 31, "spe": 31}, "item": "Leftovers", "teraType": "Fighting", "role": "Bulky Setup", "bvs": {"hp": 90, "atk": 72, "def": 100, "spa": 122, "spd": 108, "spe": 98}, "stats": {"hp": 268, "atk": 117, "def": 201, "spa": 235, "spd": 214, "spe": 198}, "types": ["Steel", "Psychic"]}}]}