{"id": "gen9randombattle-2642182475", "format": "[Gen 9] Random Battle", "players": ["mrongey10", "forcemajor14"], "log": "|j|\u203dmrongey10\n|j|\u2606forcemajor14\n|t:|1782906889\n|gametype|singles\n|player|p1|mrongey10|266|2014\n|player|p2|forcemajor14|266|2079\n|gen|9\n|tier|[Gen 9] Random Battle\n|rated|\n|rule|Species Clause: Limit one of each Pok\u00e9mon\n|rule|HP Percentage Mod: HP is shown in percentages\n|rule|Sleep Clause Mod: Limit one foe put to sleep\n|rule|Illusion Level Mod: Illusion disguises the Pok\u00e9mon's true level\n|\n|t:|1782906889\n|teamsize|p1|6\n|teamsize|p2|6\n|start\n|switch|p1a: Gliscor|Gliscor, L76, F|239/239\n|switch|p2a: Rabsca|Rabsca, L91, F|284/284\n|turn|1\n|inactive|Battle timer is ON: inactive players will automatically lose when time's up. (requested by mrongey10)\n|\n|t:|1782906895\n|move|p1a: Gliscor|Toxic|p2a: Rabsca\n|-status|p2a: Rabsca|tox\n|-activate|p2a: Rabsca|ability: Synchronize\n|-status|p1a: Gliscor|tox\n|move|p2a: Rabsca|Psychic|p1a: Gliscor\n|-damage|p1a: Gliscor|89/239 tox\n|\n|-heal|p1a: Gliscor|118/239 tox|[from] ability: Poison Heal\n|-damage|p2a: Rabsca|267/284 tox|[from] psn\n|upkeep\n|turn|2\n|inactive|forcemajor14 also wants the timer to be on.\n|\n|t:|1782906897\n|switch|p2a: Bruxish|Bruxish, L85, M|254/254\n|move|p1a: Gliscor|Protect||[still]\n|-fail|p1a: Gliscor\n|\n|-heal|p1a: Gliscor|147/239 tox|[from] ability: Poison Heal\n|upkeep\n|turn|3\n|\n|t:|1782906901\n|switch|p1a: Milotic|Milotic, L83, F|293/293\n|move|p2a: Bruxish|Psychic Fangs|p1a: Milotic\n|-damage|p1a: Milotic|34/293\n|\n|-heal|p1a: Milotic|52/293|[from] item: Leftovers\n|upkeep\n|turn|4\n|\n|t:|1782906904\n|move|p2a: Bruxish|Psychic Fangs|p1a: Milotic\n|-damage|p1a: Milotic|0 fnt\n|faint|p1a: Milotic\n|\n|upkeep\n|\n|t:|1782906906\n|switch|p1a: Grimmsnarl|Grimmsnarl, L83, M|293/293\n|turn|5\n|\n|t:|1782906909\n|switch|p2a: Clodsire|Clodsire, L81, M|343/343\n|move|p1a: Grimmsnarl|Spirit Break|p2a: Clodsire\n|-resisted|p2a: Clodsire\n|-damage|p2a: Clodsire|275/343\n|-unboost|p2a: Clodsire|spa|1\n|\n|-heal|p2a: Clodsire|296/343|[from] item: Leftovers\n|upkeep\n|turn|6\n|\n|t:|1782906911\n|move|p1a: Grimmsnarl|Parting Shot|p2a: Clodsire\n|-unboost|p2a: Clodsire|atk|1\n|-unboost|p2a: Clodsire|spa|1\n|\n|t:|1782906913\n|switch|p1a: Gliscor|Gliscor, L76, F|147/239 tox|[from] Parting Shot\n|move|p2a: Clodsire|Toxic Spikes|p1a: Gliscor\n|-sidestart|p1: mrongey10|move: Toxic Spikes\n|\n|-heal|p2a: Clodsire|317/343|[from] item: Leftovers\n|-heal|p1a: Gliscor|176/239 tox|[from] ability: Poison Heal\n|upkeep\n|turn|7\n|\n|t:|1782906920\n|switch|p2a: Spectrier|Spectrier, L75|274/274\n|move|p1a: Gliscor|Substitute|p1a: Gliscor\n|-start|p1a: Gliscor|Substitute\n|-damage|p1a: Gliscor|117/239 tox\n|\n|-heal|p1a: Gliscor|146/239 tox|[from] ability: Poison Heal\n|upkeep\n|turn|8\n|inactive|forcemajor14 has 120 seconds left.\n|l|\u2606forcemajor14\n|inactive|forcemajor14 disconnected and has a minute to reconnect!\n|player|p2|\n|j|\u2606forcemajor14\n|inactive|forcemajor14 reconnected and has 115 seconds left.\n|player|p2|forcemajor14|266|\n|\n|t:|1782906965\n|move|p2a: Spectrier|Substitute|p2a: Spectrier\n|-start|p2a: Spectrier|Substitute\n|-damage|p2a: Spectrier|206/274\n|move|p1a: Gliscor|Toxic||[still]\n|-fail|p1a: Gliscor\n|\n|-heal|p2a: Spectrier|223/274|[from] item: Leftovers\n|-heal|p1a: Gliscor|175/239 tox|[from] ability: Poison Heal\n|upkeep\n|turn|9\n|\n|t:|1782906972\n|move|p2a: Spectrier|Nasty Plot|p2a: Spectrier\n|-boost|p2a: Spectrier|spa|2\n|move|p1a: Gliscor|Earthquake|p2a: Spectrier\n|-end|p2a: Spectrier|Substitute\n|\n|-heal|p2a: Spectrier|240/274|[from] item: Leftovers\n|-heal|p1a: Gliscor|204/239 tox|[from] ability: Poison Heal\n|upkeep\n|turn|10\n|\n|t:|1782906976\n|move|p2a: Spectrier|Shadow Ball|p1a: Gliscor\n|-end|p1a: Gliscor|Substitute\n|move|p1a: Gliscor|Earthquake|p2a: Spectrier\n|-damage|p2a: Spectrier|117/274\n|\n|-heal|p2a: Spectrier|134/274|[from] item: Leftovers\n|-heal|p1a: Gliscor|233/239 tox|[from] ability: Poison Heal\n|upkeep\n|turn|11\n|\n|t:|1782906979\n|switch|p1a: Grimmsnarl|Grimmsnarl, L83, M|293/293\n|-status|p1a: Grimmsnarl|psn\n|move|p2a: Spectrier|Shadow Ball|p1a: Grimmsnarl\n|-resisted|p1a: Grimmsnarl\n|-damage|p1a: Grimmsnarl|191/293 psn\n|-unboost|p1a: Grimmsnarl|spd|1\n|\n|-heal|p2a: Spectrier|151/274|[from] item: Leftovers\n|-damage|p1a: Grimmsnarl|155/293 psn|[from] psn\n|upkeep\n|turn|12\n|\n|t:|1782906982\n|move|p1a: Grimmsnarl|Light Screen|p1a: Grimmsnarl\n|-sidestart|p1: mrongey10|move: Light Screen\n|move|p2a: Spectrier|Substitute|p2a: Spectrier\n|-start|p2a: Spectrier|Substitute\n|-damage|p2a: Spectrier|83/274\n|\n|-heal|p2a: Spectrier|100/274|[from] item: Leftovers\n|-damage|p1a: Grimmsnarl|119/293 psn|[from] psn\n|upkeep\n|turn|13\n|\n|t:|1782906985\n|move|p2a: Spectrier|Tera Blast|p1a: Grimmsnarl\n|-damage|p1a: Grimmsnarl|3/293 psn\n|move|p1a: Grimmsnarl|Spirit Break|p2a: Spectrier\n|-end|p2a: Spectrier|Substitute\n|\n|-heal|p2a: Spectrier|117/274|[from] item: Leftovers\n|-damage|p1a: Grimmsnarl|0 fnt|[from] psn\n|faint|p1a: Grimmsnarl\n|upkeep\n|\n|t:|1782906992\n|switch|p1a: Gliscor|Gliscor, L76, F|233/239 tox\n|turn|14\n|\n|t:|1782906996\n|move|p2a: Spectrier|Shadow Ball|p1a: Gliscor\n|-damage|p1a: Gliscor|121/239 tox\n|-unboost|p1a: Gliscor|spd|1\n|move|p1a: Gliscor|Earthquake|p2a: Spectrier\n|-damage|p2a: Spectrier|0 fnt\n|faint|p2a: Spectrier\n|\n|-heal|p1a: Gliscor|150/239 tox|[from] ability: Poison Heal\n|upkeep\n|\n|t:|1782906999\n|switch|p2a: Clodsire|Clodsire, L81, M|317/343\n|turn|15\n|\n|t:|1782907003\n|switch|p2a: Bruxish|Bruxish, L85, M|254/254\n|move|p1a: Gliscor|Earthquake|p2a: Bruxish\n|-damage|p2a: Bruxish|158/254\n|\n|-heal|p1a: Gliscor|179/239 tox|[from] ability: Poison Heal\n|upkeep\n|turn|16\n|\n|t:|1782907007\n|move|p1a: Gliscor|Protect|p1a: Gliscor\n|-singleturn|p1a: Gliscor|Protect\n|move|p2a: Bruxish|Psychic Fangs|p1a: Gliscor\n|-activate|p1a: Gliscor|move: Protect\n|\n|-heal|p1a: Gliscor|208/239 tox|[from] ability: Poison Heal\n|upkeep\n|turn|17\n|\n|t:|1782907014\n|move|p2a: Bruxish|Psychic Fangs|p1a: Gliscor\n|-sideend|p1: mrongey10|move: Light Screen\n|-damage|p1a: Gliscor|39/239 tox\n|move|p1a: Gliscor|Toxic|p2a: Bruxish\n|-status|p2a: Bruxish|tox\n|\n|-damage|p2a: Bruxish|143/254 tox|[from] psn\n|-heal|p1a: Gliscor|68/239 tox|[from] ability: Poison Heal\n|upkeep\n|turn|18\n|\n|t:|1782907017\n|switch|p2a: Clodsire|Clodsire, L81, M|317/343\n|move|p1a: Gliscor|Earthquake|p2a: Clodsire\n|-supereffective|p2a: Clodsire\n|-crit|p2a: Clodsire\n|-damage|p2a: Clodsire|0 fnt\n|faint|p2a: Clodsire\n|\n|-heal|p1a: Gliscor|97/239 tox|[from] ability: Poison Heal\n|upkeep\n|\n|t:|1782907021\n|switch|p2a: Rabsca|Rabsca, L91, F|267/284 tox\n|turn|19\n|l|\u2606forcemajor14\n|inactive|forcemajor14 disconnected and has a minute to reconnect!\n|player|p2|\n|\n|t:|1782907024\n|move|p1a: Gliscor|Protect|p1a: Gliscor\n|-singleturn|p1a: Gliscor|Protect\n|move|p2a: Rabsca|Revival Blessing|p2a: Rabsca\n|j|\u2606forcemajor14\n|inactive|forcemajor14 reconnected and has 150 seconds left.\n|player|p2|forcemajor14|266|\n|\n|t:|1782907035\n|-heal|p2: Spectrier|137/274|[from] move: Revival Blessing\n|\n|-heal|p1a: Gliscor|126/239 tox|[from] ability: Poison Heal\n|-damage|p2a: Rabsca|250/284 tox|[from] psn\n|upkeep\n|turn|20\n|\n|t:|1782907041\n|move|p1a: Gliscor|Substitute|p1a: Gliscor\n|-start|p1a: Gliscor|Substitute\n|-damage|p1a: Gliscor|67/239 tox\n|move|p2a: Rabsca|Psychic|p1a: Gliscor\n|-end|p1a: Gliscor|Substitute\n|\n|-heal|p1a: Gliscor|96/239 tox|[from] ability: Poison Heal\n|-damage|p2a: Rabsca|216/284 tox|[from] psn\n|upkeep\n|turn|21\n|\n|t:|1782907044\n|switch|p2a: Spectrier|Spectrier, L75|137/274\n|move|p1a: Gliscor|Substitute|p1a: Gliscor\n|-start|p1a: Gliscor|Substitute\n|-damage|p1a: Gliscor|37/239 tox\n|\n|-heal|p2a: Spectrier|154/274|[from] item: Leftovers\n|-heal|p1a: Gliscor|66/239 tox|[from] ability: Poison Heal\n|upkeep\n|turn|22\n|\n|t:|1782907047\n|move|p2a: Spectrier|Substitute|p2a: Spectrier\n|-start|p2a: Spectrier|Substitute\n|-damage|p2a: Spectrier|86/274\n|move|p1a: Gliscor|Earthquake|p2a: Spectrier\n|-end|p2a: Spectrier|Substitute\n|\n|-heal|p2a: Spectrier|103/274|[from] item: Leftovers\n|-heal|p1a: Gliscor|95/239 tox|[from] ability: Poison Heal\n|upkeep\n|turn|23\n|\n|t:|1782907049\n|move|p2a: Spectrier|Shadow Ball|p1a: Gliscor\n|-end|p1a: Gliscor|Substitute\n|move|p1a: Gliscor|Earthquake|p2a: Spectrier\n|-damage|p2a: Spectrier|0 fnt\n|faint|p2a: Spectrier\n|\n|-heal|p1a: Gliscor|124/239 tox|[from] ability: Poison Heal\n|upkeep\n|\n|t:|1782907050\n|switch|p2a: Rabsca|Rabsca, L91, F|216/284 tox\n|turn|24\n|\n|t:|1782907054\n|move|p1a: Gliscor|Protect|p1a: Gliscor\n|-singleturn|p1a: Gliscor|Protect\n|move|p2a: Rabsca|Psychic|p1a: Gliscor\n|-activate|p1a: Gliscor|move: Protect\n|\n|-heal|p1a: Gliscor|153/239 tox|[from] ability: Poison Heal\n|-damage|p2a: Rabsca|199/284 tox|[from] psn\n|upkeep\n|turn|25\n|\n|t:|1782907058\n|move|p1a: Gliscor|Substitute|p1a: Gliscor\n|-start|p1a: Gliscor|Substitute\n|-damage|p1a: Gliscor|94/239 tox\n|move|p2a: Rabsca|Psychic|p1a: Gliscor\n|-end|p1a: Gliscor|Substitute\n|\n|-heal|p1a: Gliscor|123/239 tox|[from] ability: Poison Heal\n|-damage|p2a: Rabsca|165/284 tox|[from] psn\n|upkeep\n|turn|26\n|\n|t:|1782907064\n|switch|p2a: Eelektross|Eelektross, L87, F|290/290\n|move|p1a: Gliscor|Substitute|p1a: Gliscor\n|-start|p1a: Gliscor|Substitute\n|-damage|p1a: Gliscor|64/239 tox\n|\n|-heal|p1a: Gliscor|93/239 tox|[from] ability: Poison Heal\n|upkeep\n|turn|27\n|\n|t:|1782907071\n|move|p1a: Gliscor|Toxic|p2a: Eelektross\n|-status|p2a: Eelektross|tox\n|move|p2a: Eelektross|Giga Drain|p1a: Gliscor\n|-end|p1a: Gliscor|Substitute\n|\n|-heal|p1a: Gliscor|122/239 tox|[from] ability: Poison Heal\n|-damage|p2a: Eelektross|272/290 tox|[from] psn\n|upkeep\n|turn|28\n|\n|t:|1782907075\n|switch|p2a: Rabsca|Rabsca, L91, F|165/284 tox\n|move|p1a: Gliscor|Protect||[still]\n|-fail|p1a: Gliscor\n|\n|-heal|p1a: Gliscor|151/239 tox|[from] ability: Poison Heal\n|-damage|p2a: Rabsca|148/284 tox|[from] psn\n|upkeep\n|turn|29\n|\n|t:|1782907078\n|move|p1a: Gliscor|Substitute|p1a: Gliscor\n|-start|p1a: Gliscor|Substitute\n|-damage|p1a: Gliscor|92/239 tox\n|move|p2a: Rabsca|Recover|p2a: Rabsca\n|-heal|p2a: Rabsca|284/284 tox\n|\n|-heal|p1a: Gliscor|121/239 tox|[from] ability: Poison Heal\n|-damage|p2a: Rabsca|250/284 tox|[from] psn\n|upkeep\n|turn|30\n|\n|t:|1782907081\n|switch|p2a: Eelektross|Eelektross, L87, F|272/290 tox\n|move|p1a: Gliscor|Protect||[still]\n|-fail|p1a: Gliscor\n|\n|-heal|p1a: Gliscor|150/239 tox|[from] ability: Poison Heal\n|-damage|p2a: Eelektross|254/290 tox|[from] psn\n|upkeep\n|turn|31\n|\n|t:|1782907087\n|switch|p2a: Rabsca|Rabsca, L91, F|250/284 tox\n|move|p1a: Gliscor|Protect||[still]\n|-fail|p1a: Gliscor\n|\n|-heal|p1a: Gliscor|179/239 tox|[from] ability: Poison Heal\n|-damage|p2a: Rabsca|233/284 tox|[from] psn\n|upkeep\n|turn|32\n|\n|t:|1782907093\n|switch|p2a: Eelektross|Eelektross, L87, F|254/290 tox\n|move|p1a: Gliscor|Protect||[still]\n|-fail|p1a: Gliscor\n|\n|-heal|p1a: Gliscor|208/239 tox|[from] ability: Poison Heal\n|-damage|p2a: Eelektross|236/290 tox|[from] psn\n|upkeep\n|turn|33\n|\n|t:|1782907100\n|switch|p2a: Rabsca|Rabsca, L91, F|233/284 tox\n|move|p1a: Gliscor|Toxic|p2a: Rabsca|[miss]\n|-miss|p1a: Gliscor|p2a: Rabsca\n|\n|-heal|p1a: Gliscor|237/239 tox|[from] ability: Poison Heal\n|-damage|p2a: Rabsca|216/284 tox|[from] psn\n|upkeep\n|turn|34\n|\n|t:|1782907102\n|switch|p2a: Eelektross|Eelektross, L87, F|236/290 tox\n|move|p1a: Gliscor|Earthquake|p2a: Eelektross\n|-immune|p2a: Eelektross|[from] ability: Levitate\n|\n|-heal|p1a: Gliscor|239/239 tox|[from] ability: Poison Heal\n|-damage|p2a: Eelektross|218/290 tox|[from] psn\n|upkeep\n|turn|35\n|\n|t:|1782907107\n|switch|p2a: Rabsca|Rabsca, L91, F|216/284 tox\n|move|p1a: Gliscor|Earthquake|p2a: Rabsca\n|-resisted|p2a: Rabsca\n|-damage|p2a: Rabsca|177/284 tox\n|\n|-damage|p2a: Rabsca|160/284 tox|[from] psn\n|upkeep\n|turn|36\n|\n|t:|1782907109\n|move|p1a: Gliscor|Earthquake|p2a: Rabsca\n|-resisted|p2a: Rabsca\n|-damage|p2a: Rabsca|121/284 tox\n|move|p2a: Rabsca|Recover|p2a: Rabsca\n|-heal|p2a: Rabsca|263/284 tox\n|\n|-damage|p2a: Rabsca|229/284 tox|[from] psn\n|upkeep\n|turn|37\n|\n|t:|1782907112\n|switch|p2a: Eelektross|Eelektross, L87, F|218/290 tox\n|move|p1a: Gliscor|Earthquake|p2a: Eelektross\n|-immune|p2a: Eelektross|[from] ability: Levitate\n|\n|-damage|p2a: Eelektross|200/290 tox|[from] psn\n|upkeep\n|turn|38\n|\n|t:|1782907116\n|switch|p2a: Rabsca|Rabsca, L91, F|229/284 tox\n|move|p1a: Gliscor|Substitute|p1a: Gliscor\n|-fail|p1a: Gliscor|move: Substitute\n|\n|-damage|p2a: Rabsca|212/284 tox|[from] psn\n|upkeep\n|turn|39\n|\n|t:|1782907119\n|switch|p2a: Eelektross|Eelektross, L87, F|200/290 tox\n|move|p1a: Gliscor|Toxic|p2a: Eelektross\n|-fail|p2a: Eelektross|tox\n|\n|-damage|p2a: Eelektross|182/290 tox|[from] psn\n|upkeep\n|turn|40\n|\n|t:|1782907123\n|switch|p2a: Rabsca|Rabsca, L91, F|212/284 tox\n|move|p1a: Gliscor|Toxic|p2a: Rabsca\n|-fail|p2a: Rabsca|tox\n|\n|-damage|p2a: Rabsca|195/284 tox|[from] psn\n|upkeep\n|turn|41\n|\n|t:|1782907125\n|move|p1a: Gliscor|Earthquake|p2a: Rabsca\n|-resisted|p2a: Rabsca\n|-damage|p2a: Rabsca|156/284 tox\n|move|p2a: Rabsca|Recover|p2a: Rabsca\n|-heal|p2a: Rabsca|284/284 tox\n|\n|-damage|p2a: Rabsca|250/284 tox|[from] psn\n|upkeep\n|turn|42\n|\n|t:|1782907128\n|switch|p2a: Eelektross|Eelektross, L87, F|182/290 tox\n|move|p1a: Gliscor|Toxic|p2a: Eelektross\n|-fail|p2a: Eelektross|tox\n|\n|-damage|p2a: Eelektross|164/290 tox|[from] psn\n|upkeep\n|turn|43\n|\n|t:|1782907134\n|switch|p2a: Rabsca|Rabsca, L91, F|250/284 tox\n|move|p1a: Gliscor|Toxic|p2a: Rabsca\n|-fail|p2a: Rabsca|tox\n|\n|-damage|p2a: Rabsca|233/284 tox|[from] psn\n|upkeep\n|turn|44\n|\n|t:|1782907138\n|switch|p2a: Eelektross|Eelektross, L87, F|164/290 tox\n|move|p1a: Gliscor|Toxic|p2a: Eelektross\n|-fail|p2a: Eelektross|tox\n|\n|-damage|p2a: Eelektross|146/290 tox|[from] psn\n|upkeep\n|turn|45\n|\n|t:|1782907141\n|switch|p2a: Rabsca|Rabsca, L91, F|233/284 tox\n|move|p1a: Gliscor|Toxic|p2a: Rabsca|[miss]\n|-miss|p1a: Gliscor|p2a: Rabsca\n|\n|-damage|p2a: Rabsca|216/284 tox|[from] psn\n|upkeep\n|turn|46\n|\n|t:|1782907150\n|move|p1a: Gliscor|Substitute|p1a: Gliscor\n|-fail|p1a: Gliscor|move: Substitute\n|move|p2a: Rabsca|Recover|p2a: Rabsca\n|-heal|p2a: Rabsca|284/284 tox\n|\n|-damage|p2a: Rabsca|250/284 tox|[from] psn\n|upkeep\n|turn|47\n|\n|t:|1782907154\n|switch|p2a: Eelektross|Eelektross, L87, F|146/290 tox\n|move|p1a: Gliscor|Substitute|p1a: Gliscor\n|-fail|p1a: Gliscor|move: Substitute\n|\n|-damage|p2a: Eelektross|128/290 tox|[from] psn\n|upkeep\n|turn|48\n|\n|t:|1782907157\n|switch|p2a: Rabsca|Rabsca, L91, F|250/284 tox\n|move|p1a: Gliscor|Substitute|p1a: Gliscor\n|-fail|p1a: Gliscor|move: Substitute\n|\n|-damage|p2a: Rabsca|233/284 tox|[from] psn\n|upkeep\n|turn|49\n|\n|t:|1782907161\n|switch|p2a: Eelektross|Eelektross, L87, F|128/290 tox\n|move|p1a: Gliscor|Toxic|p2a: Eelektross\n|-fail|p2a: Eelektross|tox\n|\n|-damage|p2a: Eelektross|110/290 tox|[from] psn\n|upkeep\n|turn|50\n|\n|t:|1782907163\n|switch|p2a: Rabsca|Rabsca, L91, F|233/284 tox\n|move|p1a: Gliscor|Substitute|p1a: Gliscor\n|-fail|p1a: Gliscor|move: Substitute\n|\n|-damage|p2a: Rabsca|216/284 tox|[from] psn\n|upkeep\n|turn|51\n|\n|t:|1782907168\n|move|p1a: Gliscor|Protect|p1a: Gliscor\n|-singleturn|p1a: Gliscor|Protect\n|move|p2a: Rabsca|Recover|p2a: Rabsca\n|-heal|p2a: Rabsca|284/284 tox\n|\n|-damage|p2a: Rabsca|250/284 tox|[from] psn\n|upkeep\n|turn|52\n|\n|t:|1782907170\n|switch|p2a: Eelektross|Eelektross, L87, F|110/290 tox\n|move|p1a: Gliscor|Substitute|p1a: Gliscor\n|-fail|p1a: Gliscor|move: Substitute\n|\n|-damage|p2a: Eelektross|92/290 tox|[from] psn\n|upkeep\n|turn|53\n|\n|t:|1782907175\n|switch|p2a: Rabsca|Rabsca, L91, F|250/284 tox\n|move|p1a: Gliscor|Toxic|p2a: Rabsca\n|-fail|p2a: Rabsca|tox\n|\n|-damage|p2a: Rabsca|233/284 tox|[from] psn\n|upkeep\n|turn|54\n|\n|t:|1782907176\n|switch|p2a: Bruxish|Bruxish, L85, M|143/254 tox\n|move|p1a: Gliscor|Protect||[still]\n|-fail|p1a: Gliscor\n|\n|-damage|p2a: Bruxish|128/254 tox|[from] psn\n|upkeep\n|turn|55\n|\n|t:|1782907180\n|move|p1a: Gliscor|Protect|p1a: Gliscor\n|-singleturn|p1a: Gliscor|Protect\n|move|p2a: Bruxish|Crunch|p1a: Gliscor\n|-activate|p1a: Gliscor|move: Protect\n|\n|-damage|p2a: Bruxish|98/254 tox|[from] psn\n|upkeep\n|turn|56\n|\n|t:|1782907184\n|move|p2a: Bruxish|Crunch|p1a: Gliscor\n|-end|p1a: Gliscor|Substitute\n|move|p1a: Gliscor|Substitute|p1a: Gliscor\n|-start|p1a: Gliscor|Substitute\n|-damage|p1a: Gliscor|180/239 tox\n|\n|-damage|p2a: Bruxish|53/254 tox|[from] psn\n|-heal|p1a: Gliscor|209/239 tox|[from] ability: Poison Heal\n|upkeep\n|turn|57\n|\n|t:|1782907188\n|move|p1a: Gliscor|Protect|p1a: Gliscor\n|-singleturn|p1a: Gliscor|Protect\n|move|p2a: Bruxish|Crunch|p1a: Gliscor\n|-activate|p1a: Gliscor|move: Protect\n|\n|-damage|p2a: Bruxish|0 fnt|[from] psn\n|faint|p2a: Bruxish\n|-heal|p1a: Gliscor|238/239 tox|[from] ability: Poison Heal\n|upkeep\n|\n|t:|1782907189\n|switch|p2a: Rabsca|Rabsca, L91, F|233/284 tox\n|turn|58\n|\n|t:|1782907192\n|move|p1a: Gliscor|Protect||[still]\n|-fail|p1a: Gliscor\n|move|p2a: Rabsca|Psychic|p1a: Gliscor\n|-end|p1a: Gliscor|Substitute\n|\n|-heal|p1a: Gliscor|239/239 tox|[from] ability: Poison Heal\n|-damage|p2a: Rabsca|216/284 tox|[from] psn\n|upkeep\n|turn|59\n|\n|t:|1782907195\n|move|p1a: Gliscor|Substitute|p1a: Gliscor\n|-start|p1a: Gliscor|Substitute\n|-damage|p1a: Gliscor|180/239 tox\n|move|p2a: Rabsca|Psychic|p1a: Gliscor\n|-end|p1a: Gliscor|Substitute\n|\n|-heal|p1a: Gliscor|209/239 tox|[from] ability: Poison Heal\n|-damage|p2a: Rabsca|182/284 tox|[from] psn\n|upkeep\n|turn|60\n|\n|t:|1782907198\n|move|p1a: Gliscor|Protect|p1a: Gliscor\n|-singleturn|p1a: Gliscor|Protect\n|move|p2a: Rabsca|Psychic|p1a: Gliscor\n|-activate|p1a: Gliscor|move: Protect\n|\n|-heal|p1a: Gliscor|238/239 tox|[from] ability: Poison Heal\n|-damage|p2a: Rabsca|131/284 tox|[from] psn\n|upkeep\n|turn|61\n|\n|t:|1782907200\n|move|p1a: Gliscor|Substitute|p1a: Gliscor\n|-start|p1a: Gliscor|Substitute\n|-damage|p1a: Gliscor|179/239 tox\n|move|p2a: Rabsca|Psychic|p1a: Gliscor\n|-end|p1a: Gliscor|Substitute\n|\n|-heal|p1a: Gliscor|208/239 tox|[from] ability: Poison Heal\n|-damage|p2a: Rabsca|63/284 tox|[from] psn\n|upkeep\n|turn|62\n|\n|t:|1782907203\n|move|p1a: Gliscor|Substitute|p1a: Gliscor\n|-start|p1a: Gliscor|Substitute\n|-damage|p1a: Gliscor|149/239 tox\n|move|p2a: Rabsca|Psychic|p1a: Gliscor\n|-end|p1a: Gliscor|Substitute\n|\n|-heal|p1a: Gliscor|178/239 tox|[from] ability: Poison Heal\n|-damage|p2a: Rabsca|0 fnt|[from] psn\n|faint|p2a: Rabsca\n|upkeep\n|\n|t:|1782907206\n|switch|p2a: Magearna|Magearna-Original, L77|250/250\n|turn|63\n|\n|t:|1782907217\n|-terastallize|p2a: Magearna|Water\n|move|p1a: Gliscor|Earthquake|p2a: Magearna\n|-damage|p2a: Magearna|171/250\n|move|p2a: Magearna|Flash Cannon|p1a: Gliscor\n|-damage|p1a: Gliscor|0 fnt\n|faint|p1a: Gliscor\n|-ability|p2a: Magearna|Soul-Heart|boost\n|-boost|p2a: Magearna|spa|1\n|\n|-heal|p2a: Magearna|186/250|[from] item: Leftovers\n|upkeep\n|\n|t:|1782907224\n|switch|p1a: Rillaboom|Rillaboom, L79, M|288/288\n|-status|p1a: Rillaboom|psn\n|-fieldstart|move: Grassy Terrain|[from] ability: Grassy Surge|[of] p1a: Rillaboom\n|turn|64\n|\n|t:|1782907228\n|move|p1a: Rillaboom|Wood Hammer|p2a: Magearna\n|-supereffective|p2a: Magearna\n|-damage|p2a: Magearna|0 fnt\n|faint|p2a: Magearna\n|-damage|p1a: Rillaboom|227/288 psn|[from] Recoil\n|\n|-heal|p1a: Rillaboom|245/288 psn|[from] Grassy Terrain\n|-damage|p1a: Rillaboom|209/288 psn|[from] psn\n|upkeep\n|\n|t:|1782907230\n|switch|p2a: Eelektross|Eelektross, L87, F|92/290 tox\n|turn|65\n|\n|t:|1782907235\n|move|p1a: Rillaboom|Wood Hammer|p2a: Eelektross\n|-damage|p2a: Eelektross|0 fnt\n|faint|p2a: Eelektross\n|-damage|p1a: Rillaboom|179/288 psn|[from] Recoil\n|\n|win|mrongey10\n|raw|mrongey10's rating: 2014 &rarr; <strong>2037</strong><br />(+23 for winning)\n|raw|forcemajor14's rating: 2064 &rarr; <strong>2041</strong><br />(-23 for losing)\n", "inputlog": ">version f8ac14003a5f27e1bdc8d8c59608a773c1cb96e5\n>start {\"formatid\":\"gen9randombattle\",\"seed\":\"sodium,14ccb7b8e200e9d05e5a4b30f6dde8b5\",\"rated\":\"Rated battle\"}\n>player p1 {\"name\":\"mrongey10\",\"avatar\":\"266\",\"rating\":2014,\"seed\":\"sodium,d10a680662fc9125d657fafcb2cba261\"}\n>player p2 {\"name\":\"forcemajor14\",\"avatar\":\"266\",\"rating\":2079,\"seed\":\"sodium,85e204cfda0f601b22f5ce5d8d8db972\"}\n>p1 move toxic\n>p2 move psychic\n>p1 move protect\n>p2 switch 2\n>p1 switch 5\n>p2 move psychicfangs\n>p1 move scald\n>p2 move psychicfangs\n>p1 switch 2\n>p1 move spiritbreak\n>p2 switch 5\n>p1 move partingshot\n>p2 move toxicspikes\n>p1 switch 5\n>p1 move substitute\n>p2 switch 6\n>p1 move toxic\n>p2 move substitute\n>p1 move earthquake\n>p2 move nastyplot\n>p1 move earthquake\n>p2 move shadowball\n>p1 switch 5\n>p2 move shadowball\n>p1 move lightscreen\n>p2 move substitute\n>p1 move spiritbreak\n>p2 move terablast\n>p1 switch 5\n>p1 move earthquake\n>p2 move shadowball\n>p2 switch 6\n>p1 move earthquake\n>p2 switch 5\n>p1 move protect\n>p2 move psychicfangs\n>p1 move toxic\n>p2 move psychicfangs\n>p1 move earthquake\n>p2 switch 5\n>p2 switch 2\n>p1 move protect\n>p2 move revivalblessing\n>p2 switch 6\n>p1 move substitute\n>p2 move psychic\n>p1 move substitute\n>p2 switch 6\n>p1 move earthquake\n>p2 move substitute\n>p1 move earthquake\n>p2 move shadowball\n>p2 switch 6\n>p1 move protect\n>p2 move psychic\n>p1 move substitute\n>p2 move psychic\n>p1 move substitute\n>p2 switch 3\n>p1 move toxic\n>p2 move gigadrain\n>p1 move protect\n>p2 switch 3\n>p1 move substitute\n>p2 move recover\n>p1 move protect\n>p2 switch 3\n>p1 move protect\n>p2 switch 3\n>p1 move protect\n>p2 switch 3\n>p1 move toxic\n>p2 switch 3\n>p1 move earthquake\n>p2 switch 3\n>p1 move earthquake\n>p2 switch 3\n>p1 move earthquake\n>p2 move recover\n>p1 move earthquake\n>p2 switch 3\n>p1 move substitute\n>p2 switch 3\n>p1 move toxic\n>p2 switch 3\n>p1 move toxic\n>p2 switch 3\n>p1 move earthquake\n>p2 move recover\n>p1 move toxic\n>p2 switch 3\n>p1 move toxic\n>p2 switch 3\n>p1 move toxic\n>p2 switch 3\n>p1 move toxic\n>p2 switch 3\n>p1 move substitute\n>p2 move recover\n>p1 move substitute\n>p2 switch 3\n>p1 move substitute\n>p2 switch 3\n>p1 move toxic\n>p2 switch 3\n>p1 move substitute\n>p2 switch 3\n>p1 move protect\n>p2 move recover\n>p1 move substitute\n>p2 switch 3\n>p1 move toxic\n>p2 switch 3\n>p1 move protect\n>p2 switch 5\n>p1 move protect\n>p2 move crunch\n>p1 move substitute\n>p2 move crunch\n>p1 move protect\n>p2 move crunch\n>p2 switch 5\n>p1 move protect\n>p2 move psychic\n>p1 move substitute\n>p2 move psychic\n>p1 move protect\n>p2 move psychic\n>p1 move substitute\n>p2 move psychic\n>p1 move substitute\n>p2 move psychic\n>p2 switch 4\n>p1 move earthquake\n>p2 move flashcannon terastallize\n>p1 switch 6\n>p1 move woodhammer\n>p2 move fleurcannon\n>p2 switch 3\n>p1 move woodhammer\n>p2 move uturn", "uploadtime": 1782907235, "views": 2, "formatid": "gen9randombattle", "rating": 2037, "private": 0, "password": null, "player_dets": [{"name": "mrongey10", "avatar": "266", "rating": 2014, "seed": "sodium,d10a680662fc9125d657fafcb2cba261"}, {"name": "forcemajor14", "avatar": "266", "rating": 2079, "seed": "sodium,85e204cfda0f601b22f5ce5d8d8db972"}], "teams_full": [{"Gliscor": {"name": "Gliscor", "species": "Gliscor", "speciesId": "gliscor", "gender": "F", "shiny": false, "level": 76, "moves": ["earthquake", "substitute", "toxic", "protect"], "ability": "Poison Heal", "evs": {"hp": 85, "atk": 85, "def": 85, "spa": 85, "spd": 85, "spe": 85}, "ivs": {"hp": 31, "atk": 31, "def": 31, "spa": 31, "spd": 31, "spe": 31}, "item": "Toxic Orb", "teraType": "Water", "role": "Fast Support", "bvs": {"hp": 75, "atk": 95, "def": 125, "spa": 45, "spd": 75, "spe": 95}, "stats": {"hp": 239, "atk": 188, "def": 234, "spa": 112, "spd": 158, "spe": 188}, "types": ["Ground", "Flying"]}, "Grimmsnarl": {"name": "Grimmsnarl", "species": "Grimmsnarl", "speciesId": "grimmsnarl", "gender": "M", "shiny": false, "level": 83, "moves": ["reflect", "partingshot", "spiritbreak", "lightscreen"], "ability": "Prankster", "evs": {"hp": 85, "atk": 85, "def": 85, "spa": 85, "spd": 85, "spe": 85}, "ivs": {"hp": 31, "atk": 31, "def": 31, "spa": 31, "spd": 31, "spe": 31}, "item": "Light Clay", "teraType": "Poison", "role": "Bulky Support", "bvs": {"hp": 95, "atk": 120, "def": 65, "spa": 95, "spd": 75, "spe": 60}, "stats": {"hp": 293, "atk": 247, "def": 156, "spa": 205, "spd": 172, "spe": 147}, "types": ["Dark", "Fairy"]}, "Emboar": {"name": "Emboar", "species": "Emboar", "speciesId": "emboar", "gender": "M", "shiny": false, "level": 84, "moves": ["flareblitz", "closecombat", "headsmash", "wildcharge"], "ability": "Reckless", "evs": {"hp": 85, "atk": 85, "def": 85, "spa": 85, "spd": 85, "spe": 85}, "ivs": {"hp": 31, "atk": 31, "def": 31, "spa": 31, "spd": 31, "spe": 31}, "item": "Choice Band", "teraType": "Fire", "role": "Fast Attacker", "bvs": {"hp": 110, "atk": 123, "def": 65, "spa": 100, "spd": 65, "spe": 65}, "stats": {"hp": 322, "atk": 255, "def": 157, "spa": 216, "spd": 157, "spe": 157}, "types": ["Fire", "Fighting"]}, "Cloyster": {"name": "Cloyster", "species": "Cloyster", "speciesId": "cloyster", "gender": "F", "shiny": false, "level": 80, "moves": ["rockblast", "drillrun", "shellsmash", "iciclespear"], "ability": "Skill Link", "evs": {"hp": 85, "atk": 85, "def": 85, "spa": 85, "spd": 85, "spe": 85}, "ivs": {"hp": 31, "atk": 31, "def": 31, "spa": 31, "spd": 31, "spe": 31}, "item": "White Herb", "teraType": "Ground", "role": "Fast Attacker", "bvs": {"hp": 50, "atk": 95, "def": 180, "spa": 85, "spd": 45, "spe": 70}, "stats": {"hp": 211, "atk": 198, "def": 334, "spa": 182, "spd": 118, "spe": 158}, "types": ["Water", "Ice"]}, "Milotic": {"name": "Milotic", "species": "Milotic", "speciesId": "milotic", "gender": "F", "shiny": false, "level": 83, "moves": ["icebeam", "recover", "dragontail", "scald"], "ability": "Competitive", "evs": {"hp": 85, "atk": 85, "def": 85, "spa": 85, "spd": 85, "spe": 85}, "ivs": {"hp": 31, "atk": 31, "def": 31, "spa": 31, "spd": 31, "spe": 31}, "item": "Leftovers", "teraType": "Dragon", "role": "Bulky Attacker", "bvs": {"hp": 95, "atk": 60, "def": 79, "spa": 100, "spd": 125, "spe": 81}, "stats": {"hp": 293, "atk": 147, "def": 179, "spa": 214, "spd": 255, "spe": 182}, "types": ["Water"]}, "Rillaboom": {"name": "Rillaboom", "species": "Rillaboom", "speciesId": "rillaboom", "gender": "M", "shiny": false, "level": 79, "moves": ["highhorsepower", "grassyglide", "uturn", "woodhammer"], "ability": "Grassy Surge", "evs": {"hp": 85, "atk": 85, "def": 85, "spa": 85, "spd": 85, "spe": 85}, "ivs": {"hp": 31, "atk": 31, "def": 31, "spa": 31, "spd": 31, "spe": 31}, "item": "Choice Band", "teraType": "Grass", "role": "Fast Attacker", "bvs": {"hp": 100, "atk": 125, "def": 90, "spa": 60, "spd": 70, "spe": 85}, "stats": {"hp": 288, "atk": 243, "def": 188, "spa": 140, "spd": 156, "spe": 180}, "types": ["Grass"]}}, {"Rabsca": {"name": "Rabsca", "species": "Rabsca", "speciesId": "rabsca", "gender": "F", "shiny": false, "level": 91, "moves": ["revivalblessing", "recover", "psychic", "bugbuzz"], "ability": "Synchronize", "evs": {"hp": 85, "atk": 0, "def": 85, "spa": 85, "spd": 85, "spe": 85}, "ivs": {"hp": 31, "atk": 0, "def": 31, "spa": 31, "spd": 31, "spe": 31}, "item": "Heavy-Duty Boots", "teraType": "Steel", "role": "Wallbreaker", "bvs": {"hp": 75, "atk": 50, "def": 85, "spa": 115, "spd": 100, "spe": 45}, "stats": {"hp": 284, "atk": 96, "def": 207, "spa": 261, "spd": 234, "spe": 134}, "types": ["Bug", "Psychic"]}, "Bruxish": {"name": "Bruxish", "species": "Bruxish", "speciesId": "bruxish", "gender": "M", "shiny": false, "level": 85, "moves": ["aquajet", "crunch", "psychicfangs", "wavecrash"], "ability": "Strong Jaw", "evs": {"hp": 85, "atk": 85, "def": 85, "spa": 85, "spd": 85, "spe": 85}, "ivs": {"hp": 31, "atk": 31, "def": 31, "spa": 31, "spd": 31, "spe": 31}, "item": "Choice Band", "teraType": "Dark", "role": "Fast Attacker", "bvs": {"hp": 68, "atk": 105, "def": 70, "spa": 70, "spd": 70, "spe": 92}, "stats": {"hp": 254, "atk": 227, "def": 168, "spa": 168, "spd": 168, "spe": 205}, "types": ["Water", "Psychic"]}, "Eelektross": {"name": "Eelektross", "species": "Eelektross", "speciesId": "eelektross", "gender": "F", "shiny": false, "level": 87, "moves": ["uturn", "gigadrain", "discharge", "knockoff"], "ability": "Levitate", "evs": {"hp": 85, "atk": 85, "def": 85, "spa": 85, "spd": 85, "spe": 85}, "ivs": {"hp": 31, "atk": 31, "def": 31, "spa": 31, "spd": 31, "spe": 31}, "item": "Assault Vest", "teraType": "Steel", "role": "AV Pivot", "bvs": {"hp": 85, "atk": 115, "def": 80, "spa": 105, "spd": 80, "spe": 50}, "stats": {"hp": 290, "atk": 250, "def": 189, "spa": 232, "spd": 189, "spe": 137}, "types": ["Electric"]}, "Magearna": {"name": "Magearna", "species": "Magearna-Original", "speciesId": "magearna", "gender": "N", "shiny": false, "level": 77, "moves": ["flashcannon", "aurasphere", "fleurcannon", "thunderwave"], "ability": "Soul-Heart", "evs": {"hp": 85, "atk": 0, "def": 85, "spa": 85, "spd": 85, "spe": 85}, "ivs": {"hp": 31, "atk": 0, "def": 31, "spa": 31, "spd": 31, "spe": 31}, "item": "Leftovers", "teraType": "Water", "role": "Bulky Attacker", "bvs": {"hp": 80, "atk": 95, "def": 115, "spa": 130, "spd": 115, "spe": 65}, "stats": {"hp": 250, "atk": 151, "def": 222, "spa": 245, "spd": 222, "spe": 145}, "types": ["Steel", "Fairy"]}, "Clodsire": {"name": "Clodsire", "species": "Clodsire", "speciesId": "clodsire", "gender": "M", "shiny": false, "level": 81, "moves": ["gunkshot", "recover", "toxicspikes", "earthquake"], "ability": "Unaware", "evs": {"hp": 85, "atk": 85, "def": 85, "spa": 85, "spd": 85, "spe": 85}, "ivs": {"hp": 31, "atk": 31, "def": 31, "spa": 31, "spd": 31, "spe": 31}, "item": "Leftovers", "teraType": "Steel", "role": "Bulky Attacker", "bvs": {"hp": 130, "atk": 75, "def": 60, "spa": 45, "spd": 100, "spe": 20}, "stats": {"hp": 343, "atk": 168, "def": 144, "spa": 120, "spd": 209, "spe": 79}, "types": ["Poison", "Ground"]}, "Spectrier": {"name": "Spectrier", "species": "Spectrier", "speciesId": "spectrier", "gender": "N", "shiny": false, "level": 75, "moves": ["terablast", "substitute", "shadowball", "nastyplot"], "ability": "Grim Neigh", "evs": {"hp": 85, "atk": 0, "def": 85, "spa": 85, "spd": 85, "spe": 85}, "ivs": {"hp": 31, "atk": 0, "def": 31, "spa": 31, "spd": 31, "spe": 31}, "item": "Leftovers", "teraType": "Fighting", "role": "Tera Blast user", "bvs": {"hp": 100, "atk": 65, "def": 60, "spa": 145, "spd": 80, "spe": 130}, "stats": {"hp": 274, "atk": 102, "def": 134, "spa": 261, "spd": 164, "spe": 239}, "types": ["Ghost"]}}]}