{"id": "gen9randombattle-2642159026", "format": "[Gen 9] Random Battle", "players": ["Waisa29", "shiniu2"], "log": "|j|\u2606Waisa29\n|j|\u2606shiniu2\n|t:|1782902494\n|gametype|singles\n|player|p1|Waisa29|170|1979\n|player|p2|shiniu2|1|1917\n|gen|9\n|tier|[Gen 9] Random Battle\n|rated|\n|rule|Species Clause: Limit one of each Pok\u00e9mon\n|rule|HP Percentage Mod: HP is shown in percentages\n|rule|Sleep Clause Mod: Limit one foe put to sleep\n|rule|Illusion Level Mod: Illusion disguises the Pok\u00e9mon's true level\n|\n|t:|1782902494\n|teamsize|p1|6\n|teamsize|p2|6\n|start\n|switch|p1a: Wyrdeer|Wyrdeer, L87, F|321/321\n|switch|p2a: Garganacl|Garganacl, L80, M|291/291\n|-ability|p1a: Wyrdeer|Intimidate|boost\n|-unboost|p2a: Garganacl|atk|1\n|turn|1\n|\n|t:|1782902519\n|switch|p1a: Torkoal|Torkoal, L88, M|266/266\n|-weather|SunnyDay|[from] ability: Drought|[of] p1a: Torkoal\n|move|p2a: Garganacl|Salt Cure|p1a: Torkoal\n|-supereffective|p1a: Torkoal\n|-damage|p1a: Torkoal|234/266\n|-start|p1a: Torkoal|Salt Cure\n|\n|-weather|SunnyDay|[upkeep]\n|-damage|p1a: Torkoal|201/266|[from] Salt Cure\n|upkeep\n|turn|2\n|\n|t:|1782902523\n|switch|p2a: Walking Wake|Walking Wake, L79|286/286\n|-activate|p2a: Walking Wake|ability: Protosynthesis\n|-start|p2a: Walking Wake|protosynthesisspa\n|move|p1a: Torkoal|Stealth Rock|p2a: Walking Wake\n|-sidestart|p2: shiniu2|move: Stealth Rock\n|\n|-weather|SunnyDay|[upkeep]\n|-damage|p1a: Torkoal|168/266|[from] Salt Cure\n|upkeep\n|turn|3\n|\n|t:|1782902528\n|move|p2a: Walking Wake|Hydro Steam|p1a: Torkoal\n|-supereffective|p1a: Torkoal\n|-damage|p1a: Torkoal|0 fnt\n|faint|p1a: Torkoal\n|-damage|p2a: Walking Wake|258/286|[from] item: Life Orb\n|\n|-weather|SunnyDay|[upkeep]\n|upkeep\n|\n|t:|1782902541\n|switch|p1a: Wyrdeer|Wyrdeer, L87, F|321/321\n|-ability|p1a: Wyrdeer|Intimidate|boost\n|-unboost|p2a: Walking Wake|atk|1\n|turn|4\n|\n|t:|1782902546\n|move|p2a: Walking Wake|Hydro Steam|p1a: Wyrdeer\n|-damage|p1a: Wyrdeer|51/321\n|-damage|p2a: Walking Wake|230/286|[from] item: Life Orb\n|move|p1a: Wyrdeer|Thunder Wave|p2a: Walking Wake\n|-status|p2a: Walking Wake|par\n|\n|-weather|SunnyDay|[upkeep]\n|-heal|p1a: Wyrdeer|71/321|[from] item: Leftovers\n|upkeep\n|turn|5\n|\n|t:|1782902552\n|move|p1a: Wyrdeer|Psychic Noise|p2a: Walking Wake\n|-damage|p2a: Walking Wake|134/286 par\n|-start|p2a: Walking Wake|move: Heal Block\n|cant|p2a: Walking Wake|par\n|\n|-weather|none\n|-end|p2a: Walking Wake|Protosynthesis\n|-heal|p1a: Wyrdeer|91/321|[from] item: Leftovers\n|upkeep\n|turn|6\n|\n|t:|1782902558\n|move|p1a: Wyrdeer|Psychic Noise|p2a: Walking Wake\n|-damage|p2a: Walking Wake|32/286 par\n|cant|p2a: Walking Wake|par\n|\n|-heal|p1a: Wyrdeer|111/321|[from] item: Leftovers\n|-end|p2a: Walking Wake|move: Heal Block\n|upkeep\n|turn|7\n|\n|t:|1782902561\n|move|p1a: Wyrdeer|Psychic Noise|p2a: Walking Wake\n|-damage|p2a: Walking Wake|0 fnt\n|faint|p2a: Walking Wake\n|-end|p2a: Walking Wake|Protosynthesis|[silent]\n|\n|-heal|p1a: Wyrdeer|131/321|[from] item: Leftovers\n|upkeep\n|\n|t:|1782902562\n|switch|p2a: Sandslash|Sandslash, L89, F|278/278\n|-damage|p2a: Sandslash|261/278|[from] Stealth Rock\n|turn|8\n|\n|t:|1782902566\n|switch|p1a: Drifblim|Drifblim, L86, M|396/396\n|move|p2a: Sandslash|Rapid Spin|p1a: Drifblim\n|-immune|p1a: Drifblim\n|\n|-heal|p2a: Sandslash|278/278|[from] item: Leftovers\n|upkeep\n|turn|9\n|\n|t:|1782902570\n|switch|p2a: Garganacl|Garganacl, L80, M|291/291\n|-damage|p2a: Garganacl|255/291|[from] Stealth Rock\n|move|p1a: Drifblim|Calm Mind|p1a: Drifblim\n|-boost|p1a: Drifblim|spa|1\n|-boost|p1a: Drifblim|spd|1\n|\n|-heal|p2a: Garganacl|273/291|[from] item: Leftovers\n|upkeep\n|turn|10\n|\n|t:|1782902575\n|move|p1a: Drifblim|Calm Mind|p1a: Drifblim\n|-boost|p1a: Drifblim|spa|1\n|-boost|p1a: Drifblim|spd|1\n|move|p2a: Garganacl|Salt Cure|p1a: Drifblim\n|-supereffective|p1a: Drifblim\n|-damage|p1a: Drifblim|276/396\n|-start|p1a: Drifblim|Salt Cure\n|\n|-heal|p2a: Garganacl|291/291|[from] item: Leftovers\n|-damage|p1a: Drifblim|227/396|[from] Salt Cure\n|upkeep\n|turn|11\n|\n|t:|1782902591\n|move|p1a: Drifblim|Calm Mind|p1a: Drifblim\n|-boost|p1a: Drifblim|spa|1\n|-boost|p1a: Drifblim|spd|1\n|move|p2a: Garganacl|Salt Cure|p1a: Drifblim\n|-supereffective|p1a: Drifblim\n|-damage|p1a: Drifblim|99/396\n|-enditem|p1a: Drifblim|Sitrus Berry|[eat]\n|-heal|p1a: Drifblim|198/396|[from] item: Sitrus Berry\n|\n|-damage|p1a: Drifblim|149/396|[from] Salt Cure\n|upkeep\n|turn|12\n|\n|t:|1782902594\n|move|p1a: Drifblim|Strength Sap|p2a: Garganacl\n|-unboost|p2a: Garganacl|atk|1\n|-heal|p1a: Drifblim|355/396\n|move|p2a: Garganacl|Salt Cure|p1a: Drifblim\n|-supereffective|p1a: Drifblim\n|-damage|p1a: Drifblim|269/396\n|\n|-damage|p1a: Drifblim|220/396|[from] Salt Cure\n|upkeep\n|turn|13\n|\n|t:|1782902601\n|move|p1a: Drifblim|Shadow Ball|p2a: Garganacl\n|-damage|p2a: Garganacl|177/291\n|move|p2a: Garganacl|Salt Cure|p1a: Drifblim\n|-supereffective|p1a: Drifblim\n|-damage|p1a: Drifblim|134/396\n|\n|-heal|p2a: Garganacl|195/291|[from] item: Leftovers\n|-damage|p1a: Drifblim|85/396|[from] Salt Cure\n|upkeep\n|turn|14\n|\n|t:|1782902605\n|move|p1a: Drifblim|Strength Sap|p2a: Garganacl\n|-unboost|p2a: Garganacl|atk|1\n|-heal|p1a: Drifblim|222/396\n|move|p2a: Garganacl|Recover|p2a: Garganacl\n|-heal|p2a: Garganacl|291/291\n|\n|-damage|p1a: Drifblim|173/396|[from] Salt Cure\n|upkeep\n|turn|15\n|\n|t:|1782902610\n|move|p1a: Drifblim|Strength Sap|p2a: Garganacl\n|-unboost|p2a: Garganacl|atk|1\n|-heal|p1a: Drifblim|276/396\n|move|p2a: Garganacl|Salt Cure|p1a: Drifblim\n|-supereffective|p1a: Drifblim\n|-crit|p1a: Drifblim\n|-damage|p1a: Drifblim|84/396\n|\n|-damage|p1a: Drifblim|35/396|[from] Salt Cure\n|upkeep\n|turn|16\n|\n|t:|1782902617\n|move|p1a: Drifblim|Strength Sap|p2a: Garganacl\n|-unboost|p2a: Garganacl|atk|1\n|-heal|p1a: Drifblim|117/396\n|move|p2a: Garganacl|Recover||[still]\n|-fail|p2a: Garganacl|heal\n|\n|-damage|p1a: Drifblim|68/396|[from] Salt Cure\n|upkeep\n|turn|17\n|\n|t:|1782902628\n|switch|p1a: Wyrdeer|Wyrdeer, L87, F|131/321\n|-ability|p1a: Wyrdeer|Intimidate|boost\n|-unboost|p2a: Garganacl|atk|1\n|move|p2a: Garganacl|Recover||[still]\n|-fail|p2a: Garganacl|heal\n|\n|-heal|p1a: Wyrdeer|151/321|[from] item: Leftovers\n|upkeep\n|turn|18\n|\n|t:|1782902630\n|switch|p2a: Sandslash|Sandslash, L89, F|278/278\n|-damage|p2a: Sandslash|261/278|[from] Stealth Rock\n|move|p1a: Wyrdeer|Earthquake|p2a: Sandslash\n|-damage|p2a: Sandslash|195/278\n|\n|-heal|p2a: Sandslash|212/278|[from] item: Leftovers\n|-heal|p1a: Wyrdeer|171/321|[from] item: Leftovers\n|upkeep\n|turn|19\n|\n|t:|1782902642\n|switch|p1a: Drifblim|Drifblim, L86, M|68/396\n|move|p2a: Sandslash|Stone Edge|p1a: Drifblim|[miss]\n|-miss|p2a: Sandslash|p1a: Drifblim\n|\n|-heal|p2a: Sandslash|229/278|[from] item: Leftovers\n|upkeep\n|turn|20\n|\n|t:|1782902647\n|switch|p2a: Garganacl|Garganacl, L80, M|291/291\n|-damage|p2a: Garganacl|255/291|[from] Stealth Rock\n|move|p1a: Drifblim|Strength Sap|p2a: Garganacl\n|-unboost|p2a: Garganacl|atk|1\n|-heal|p1a: Drifblim|274/396\n|\n|-heal|p2a: Garganacl|273/291|[from] item: Leftovers\n|upkeep\n|turn|21\n|\n|t:|1782902658\n|switch|p1a: Wyrdeer|Wyrdeer, L87, F|171/321\n|-ability|p1a: Wyrdeer|Intimidate|boost\n|-unboost|p2a: Garganacl|atk|1\n|move|p2a: Garganacl|Salt Cure|p1a: Wyrdeer\n|-damage|p1a: Wyrdeer|149/321\n|-start|p1a: Wyrdeer|Salt Cure\n|\n|-heal|p1a: Wyrdeer|169/321|[from] item: Leftovers\n|-heal|p2a: Garganacl|291/291|[from] item: Leftovers\n|-damage|p1a: Wyrdeer|129/321|[from] Salt Cure\n|upkeep\n|turn|22\n|\n|t:|1782902662\n|move|p1a: Wyrdeer|Psychic Noise|p2a: Garganacl\n|-damage|p2a: Garganacl|203/291\n|-start|p2a: Garganacl|move: Heal Block\n|move|p2a: Garganacl|Iron Defense|p2a: Garganacl\n|-boost|p2a: Garganacl|def|2\n|\n|-heal|p1a: Wyrdeer|149/321|[from] item: Leftovers\n|-damage|p1a: Wyrdeer|109/321|[from] Salt Cure\n|upkeep\n|turn|23\n|\n|t:|1782902666\n|switch|p2a: Sandslash|Sandslash, L89, F|229/278\n|-damage|p2a: Sandslash|212/278|[from] Stealth Rock\n|move|p1a: Wyrdeer|Psychic Noise|p2a: Sandslash\n|-damage|p2a: Sandslash|100/278\n|-start|p2a: Sandslash|move: Heal Block\n|\n|-heal|p1a: Wyrdeer|129/321|[from] item: Leftovers\n|-damage|p1a: Wyrdeer|89/321|[from] Salt Cure\n|upkeep\n|turn|24\n|\n|t:|1782902673\n|move|p2a: Sandslash|Stone Edge|p1a: Wyrdeer\n|-crit|p1a: Wyrdeer\n|-damage|p1a: Wyrdeer|0 fnt\n|faint|p1a: Wyrdeer\n|\n|-end|p2a: Sandslash|move: Heal Block\n|upkeep\n|\n|t:|1782902680\n|switch|p1a: Sneasler|Sneasler, L74, M|240/240\n|turn|25\n|\n|t:|1782902683\n|switch|p2a: Trevenant|Trevenant, L89, F|296/296\n|-damage|p2a: Trevenant|259/296|[from] Stealth Rock\n|move|p1a: Sneasler|Close Combat|p2a: Trevenant\n|-immune|p2a: Trevenant\n|\n|upkeep\n|turn|26\n|\n|t:|1782902688\n|switch|p1a: Arcanine|Arcanine, L84, F|288/288\n|-ability|p1a: Arcanine|Intimidate|boost\n|-unboost|p2a: Trevenant|atk|1\n|move|p2a: Trevenant|Toxic|p1a: Arcanine\n|-status|p1a: Arcanine|tox\n|\n|-damage|p1a: Arcanine|270/288 tox|[from] psn\n|upkeep\n|turn|27\n|\n|t:|1782902692\n|switch|p2a: Poliwrath|Poliwrath, L88, M|302/302\n|-damage|p2a: Poliwrath|284/302|[from] Stealth Rock\n|move|p1a: Arcanine|Flare Blitz|p2a: Poliwrath\n|-resisted|p2a: Poliwrath\n|-damage|p2a: Poliwrath|219/302\n|-damage|p1a: Arcanine|249/288 tox|[from] Recoil\n|\n|-damage|p1a: Arcanine|213/288 tox|[from] psn\n|upkeep\n|turn|28\n|\n|t:|1782902698\n|move|p1a: Arcanine|Close Combat|p2a: Poliwrath\n|-damage|p2a: Poliwrath|139/302\n|-unboost|p1a: Arcanine|def|1\n|-unboost|p1a: Arcanine|spd|1\n|move|p2a: Poliwrath|Rain Dance|p2a: Poliwrath\n|-weather|RainDance\n|\n|-weather|RainDance|[upkeep]\n|-damage|p1a: Arcanine|159/288 tox|[from] psn\n|upkeep\n|turn|29\n|\n|t:|1782902703\n|move|p1a: Arcanine|Extreme Speed|p2a: Poliwrath\n|-damage|p2a: Poliwrath|82/302\n|move|p2a: Poliwrath|Liquidation|p1a: Arcanine\n|-supereffective|p1a: Arcanine\n|-damage|p1a: Arcanine|0 fnt\n|faint|p1a: Arcanine\n|-damage|p2a: Poliwrath|52/302|[from] item: Life Orb\n|\n|-weather|RainDance|[upkeep]\n|upkeep\n|\n|t:|1782902713\n|switch|p1a: Wugtrio|Wugtrio, L91, F|212/212\n|turn|30\n|\n|t:|1782902719\n|move|p1a: Wugtrio|Aqua Jet|p2a: Poliwrath\n|-resisted|p2a: Poliwrath\n|-damage|p2a: Poliwrath|0 fnt\n|faint|p2a: Poliwrath\n|\n|-weather|RainDance|[upkeep]\n|upkeep\n|\n|t:|1782902728\n|switch|p2a: Trevenant|Trevenant, L89, F|259/296\n|-damage|p2a: Trevenant|222/296|[from] Stealth Rock\n|turn|31\n|\n|t:|1782902731\n|switch|p1a: Sneasler|Sneasler, L74, M|240/240\n|move|p2a: Trevenant|Toxic|p1a: Sneasler\n|-immune|p1a: Sneasler\n|\n|-weather|RainDance|[upkeep]\n|upkeep\n|turn|32\n|\n|t:|1782902737\n|move|p2a: Trevenant|Protect|p2a: Trevenant\n|-singleturn|p2a: Trevenant|Protect\n|move|p1a: Sneasler|Dire Claw|p2a: Trevenant\n|-activate|p2a: Trevenant|move: Protect\n|\n|-weather|none\n|upkeep\n|turn|33\n|\n|t:|1782902740\n|move|p1a: Sneasler|Dire Claw|p2a: Trevenant\n|-damage|p2a: Trevenant|81/296\n|-status|p2a: Trevenant|slp\n|-enditem|p2a: Trevenant|Sitrus Berry|[eat]\n|-heal|p2a: Trevenant|155/296 slp|[from] item: Sitrus Berry\n|cant|p2a: Trevenant|slp\n|\n|upkeep\n|turn|34\n|\n|t:|1782902745\n|move|p1a: Sneasler|Dire Claw|p2a: Trevenant\n|-damage|p2a: Trevenant|16/296 slp\n|cant|p2a: Trevenant|slp\n|\n|-item|p2a: Trevenant|Sitrus Berry|[from] ability: Harvest\n|upkeep\n|-enditem|p2a: Trevenant|Sitrus Berry|[eat]\n|-heal|p2a: Trevenant|90/296 slp|[from] item: Sitrus Berry\n|turn|35\n|\n|t:|1782902748\n|move|p1a: Sneasler|Dire Claw|p2a: Trevenant\n|-damage|p2a: Trevenant|0 fnt\n|faint|p2a: Trevenant\n|\n|upkeep\n|\n|t:|1782902752\n|switch|p2a: Garganacl|Garganacl, L80, M|203/291\n|-damage|p2a: Garganacl|167/291|[from] Stealth Rock\n|turn|36\n|\n|t:|1782902763\n|move|p1a: Sneasler|Dire Claw|p2a: Garganacl\n|-resisted|p2a: Garganacl\n|-damage|p2a: Garganacl|119/291\n|move|p2a: Garganacl|Recover|p2a: Garganacl\n|-heal|p2a: Garganacl|265/291\n|\n|-heal|p2a: Garganacl|283/291|[from] item: Leftovers\n|upkeep\n|turn|37\n|\n|t:|1782902769\n|switch|p1a: Drifblim|Drifblim, L86, M|274/396\n|move|p2a: Garganacl|Salt Cure|p1a: Drifblim\n|-supereffective|p1a: Drifblim\n|-damage|p1a: Drifblim|140/396\n|-start|p1a: Drifblim|Salt Cure\n|\n|-heal|p2a: Garganacl|291/291|[from] item: Leftovers\n|-damage|p1a: Drifblim|91/396|[from] Salt Cure\n|upkeep\n|turn|38\n|\n|t:|1782902778\n|move|p1a: Drifblim|Strength Sap|p2a: Garganacl\n|-unboost|p2a: Garganacl|atk|1\n|-heal|p1a: Drifblim|297/396\n|move|p2a: Garganacl|Iron Defense|p2a: Garganacl\n|-boost|p2a: Garganacl|def|2\n|\n|-damage|p1a: Drifblim|248/396|[from] Salt Cure\n|upkeep\n|turn|39\n|\n|t:|1782902780\n|move|p1a: Drifblim|Strength Sap|p2a: Garganacl\n|-unboost|p2a: Garganacl|atk|1\n|-heal|p1a: Drifblim|385/396\n|move|p2a: Garganacl|Iron Defense|p2a: Garganacl\n|-boost|p2a: Garganacl|def|2\n|\n|-damage|p1a: Drifblim|336/396|[from] Salt Cure\n|upkeep\n|turn|40\n|\n|t:|1782902784\n|switch|p1a: Wugtrio|Wugtrio, L91, F|212/212\n|move|p2a: Garganacl|Iron Defense|p2a: Garganacl\n|-boost|p2a: Garganacl|def|2\n|\n|upkeep\n|turn|41\n|\n|t:|1782902788\n|move|p1a: Wugtrio|Liquidation|p2a: Garganacl\n|-supereffective|p2a: Garganacl\n|-damage|p2a: Garganacl|231/291\n|move|p2a: Garganacl|Body Press|p1a: Wugtrio\n|-damage|p1a: Wugtrio|0 fnt\n|-ability|p1a: Wugtrio|Gooey\n|-unboost|p2a: Garganacl|spe|1\n|faint|p1a: Wugtrio\n|\n|-heal|p2a: Garganacl|249/291|[from] item: Leftovers\n|upkeep\n|\n|t:|1782902796\n|switch|p1a: Sneasler|Sneasler, L74, M|240/240\n|turn|42\n|\n|t:|1782902799\n|move|p1a: Sneasler|Close Combat|p2a: Garganacl\n|-supereffective|p2a: Garganacl\n|-damage|p2a: Garganacl|177/291\n|-unboost|p1a: Sneasler|def|1\n|-unboost|p1a: Sneasler|spd|1\n|move|p2a: Garganacl|Salt Cure|p1a: Sneasler\n|-resisted|p1a: Sneasler\n|-damage|p1a: Sneasler|217/240\n|-start|p1a: Sneasler|Salt Cure\n|\n|-heal|p2a: Garganacl|195/291|[from] item: Leftovers\n|-damage|p1a: Sneasler|187/240|[from] Salt Cure\n|upkeep\n|turn|43\n|\n|t:|1782902807\n|-terastallize|p1a: Sneasler|Fighting\n|move|p1a: Sneasler|Close Combat|p2a: Garganacl\n|-supereffective|p2a: Garganacl\n|-damage|p2a: Garganacl|95/291\n|-unboost|p1a: Sneasler|def|1\n|-unboost|p1a: Sneasler|spd|1\n|move|p2a: Garganacl|Recover|p2a: Garganacl\n|-heal|p2a: Garganacl|241/291\n|\n|-heal|p2a: Garganacl|259/291|[from] item: Leftovers\n|-damage|p1a: Sneasler|157/240|[from] Salt Cure\n|upkeep\n|turn|44\n|\n|t:|1782902815\n|move|p1a: Sneasler|Close Combat|p2a: Garganacl\n|-supereffective|p2a: Garganacl\n|-damage|p2a: Garganacl|167/291\n|-unboost|p1a: Sneasler|def|1\n|-unboost|p1a: Sneasler|spd|1\n|move|p2a: Garganacl|Body Press|p1a: Sneasler\n|-crit|p1a: Sneasler\n|-damage|p1a: Sneasler|0 fnt\n|faint|p1a: Sneasler\n|\n|-heal|p2a: Garganacl|185/291|[from] item: Leftovers\n|upkeep\n|\n|t:|1782902819\n|switch|p1a: Drifblim|Drifblim, L86, M|336/396\n|turn|45\n|\n|t:|1782902833\n|move|p1a: Drifblim|Calm Mind|p1a: Drifblim\n|-boost|p1a: Drifblim|spa|1\n|-boost|p1a: Drifblim|spd|1\n|move|p2a: Garganacl|Salt Cure|p1a: Drifblim\n|-supereffective|p1a: Drifblim\n|-damage|p1a: Drifblim|270/396\n|-start|p1a: Drifblim|Salt Cure\n|\n|-heal|p2a: Garganacl|203/291|[from] item: Leftovers\n|-damage|p1a: Drifblim|221/396|[from] Salt Cure\n|upkeep\n|turn|46\n|\n|t:|1782902836\n|move|p1a: Drifblim|Calm Mind|p1a: Drifblim\n|-boost|p1a: Drifblim|spa|1\n|-boost|p1a: Drifblim|spd|1\n|move|p2a: Garganacl|Recover|p2a: Garganacl\n|-heal|p2a: Garganacl|291/291\n|\n|-damage|p1a: Drifblim|172/396|[from] Salt Cure\n|upkeep\n|turn|47\n|\n|t:|1782902839\n|move|p1a: Drifblim|Air Slash|p2a: Garganacl\n|-resisted|p2a: Garganacl\n|-damage|p2a: Garganacl|216/291\n|cant|p2a: Garganacl|flinch\n|\n|-heal|p2a: Garganacl|234/291|[from] item: Leftovers\n|-damage|p1a: Drifblim|123/396|[from] Salt Cure\n|upkeep\n|turn|48\n|\n|t:|1782902842\n|move|p1a: Drifblim|Air Slash|p2a: Garganacl\n|-resisted|p2a: Garganacl\n|-damage|p2a: Garganacl|156/291\n|move|p2a: Garganacl|Salt Cure|p1a: Drifblim\n|-supereffective|p1a: Drifblim\n|-damage|p1a: Drifblim|63/396\n|\n|-heal|p2a: Garganacl|174/291|[from] item: Leftovers\n|-damage|p1a: Drifblim|14/396|[from] Salt Cure\n|upkeep\n|turn|49\n|\n|t:|1782902845\n|move|p1a: Drifblim|Shadow Ball|p2a: Garganacl\n|-damage|p2a: Garganacl|87/291\n|move|p2a: Garganacl|Recover|p2a: Garganacl\n|-heal|p2a: Garganacl|233/291\n|\n|-heal|p2a: Garganacl|251/291|[from] item: Leftovers\n|-damage|p1a: Drifblim|0 fnt|[from] Salt Cure\n|faint|p1a: Drifblim\n|\n|win|shiniu2\n|raw|Waisa29's rating: 1979 &rarr; <strong>1955</strong><br />(-24 for losing)\n|raw|shiniu2's rating: 1917 &rarr; <strong>1941</strong><br />(+24 for winning)\n", "inputlog": ">version f8ac14003a5f27e1bdc8d8c59608a773c1cb96e5\n>start {\"formatid\":\"gen9randombattle\",\"seed\":\"sodium,ce0f48d210a33f4b3d670d0975a60c81\",\"rated\":\"Rated battle\"}\n>player p1 {\"name\":\"Waisa29\",\"avatar\":\"170\",\"rating\":1979,\"seed\":\"sodium,c0a6434f8cb5ef99c7392ce8ba33f885\"}\n>player p2 {\"name\":\"shiniu2\",\"avatar\":\"1\",\"rating\":1917,\"seed\":\"sodium,65bb12479e958a92439de68987e164be\"}\n>p1 switch 5\n>p2 move saltcure\n>p1 move stealthrock\n>p2 switch 6\n>p1 move solarbeam\n>p2 move hydrosteam\n>p1 switch 5\n>p1 move thunderwave\n>p2 move hydrosteam\n>p1 move psychicnoise\n>p2 move hydrosteam\n>p1 move psychicnoise\n>p2 move hydrosteam\n>p1 move psychicnoise\n>p2 move hydrosteam\n>p2 switch 5\n>p1 switch 4\n>p2 move rapidspin\n>p1 move calmmind\n>p2 switch 6\n>p1 move calmmind\n>p2 move saltcure\n>p1 move calmmind\n>p2 move saltcure\n>p1 move strengthsap\n>p2 move saltcure\n>p1 move shadowball\n>p2 move saltcure\n>p1 move strengthsap\n>p2 move recover\n>p1 move strengthsap\n>p2 move saltcure\n>p1 move strengthsap\n>p2 move recover\n>p1 switch 4\n>p2 move recover\n>p1 move earthquake\n>p2 switch 6\n>p1 switch 4\n>p2 move stoneedge\n>p1 move strengthsap\n>p2 switch 6\n>p1 switch 4\n>p2 move saltcure\n>p1 move psychicnoise\n>p2 move irondefense\n>p1 move psychicnoise\n>p2 switch 6\n>p1 move psychicnoise\n>p2 move stoneedge\n>p1 switch 2\n>p1 move closecombat\n>p2 switch 3\n>p1 switch 3\n>p2 move toxic\n>p1 move flareblitz\n>p2 switch 4\n>p1 move closecombat\n>p2 move raindance\n>p1 move extremespeed\n>p2 move liquidation\n>p1 switch 6\n>p1 move aquajet\n>p2 move closecombat\n>p2 switch 4\n>p1 switch 3\n>p2 move toxic\n>p1 move direclaw\n>p2 move protect\n>p1 move direclaw\n>p2 move toxic\n>p1 move direclaw\n>p2 move poltergeist\n>p1 move direclaw\n>p2 move poltergeist\n>p2 switch 6\n>p1 move direclaw\n>p2 move recover\n>p1 switch 4\n>p2 move saltcure\n>p1 move strengthsap\n>p2 move irondefense\n>p1 move strengthsap\n>p2 move irondefense\n>p1 switch 3\n>p2 move irondefense\n>p1 move liquidation\n>p2 move bodypress\n>p1 switch 4\n>p1 move closecombat\n>p2 move saltcure\n>p1 move closecombat terastallize\n>p2 move recover\n>p1 move closecombat\n>p2 move bodypress\n>p1 switch 3\n>p1 move calmmind\n>p2 move saltcure\n>p1 move calmmind\n>p2 move recover\n>p1 move airslash\n>p2 move saltcure\n>p1 move airslash\n>p2 move saltcure\n>p1 move shadowball\n>p2 move recover", "uploadtime": 1782902845, "views": 7, "formatid": "gen9randombattle", "rating": 1941, "private": 0, "password": null, "player_dets": [{"name": "Waisa29", "avatar": "170", "rating": 1979, "seed": "sodium,c0a6434f8cb5ef99c7392ce8ba33f885"}, {"name": "shiniu2", "avatar": "1", "rating": 1917, "seed": "sodium,65bb12479e958a92439de68987e164be"}], "teams_full": [{"Wyrdeer": {"name": "Wyrdeer", "species": "Wyrdeer", "speciesId": "wyrdeer", "gender": "F", "shiny": false, "level": 87, "moves": ["megahorn", "earthquake", "thunderwave", "psychicnoise"], "ability": "Intimidate", "evs": {"hp": 85, "atk": 85, "def": 85, "spa": 85, "spd": 85, "spe": 85}, "ivs": {"hp": 31, "atk": 31, "def": 31, "spa": 31, "spd": 31, "spe": 31}, "item": "Leftovers", "teraType": "Ground", "role": "Bulky Attacker", "bvs": {"hp": 103, "atk": 105, "def": 72, "spa": 105, "spd": 75, "spe": 65}, "stats": {"hp": 321, "atk": 232, "def": 175, "spa": 232, "spd": 180, "spe": 163}, "types": ["Normal", "Psychic"]}, "Sneasler": {"name": "Sneasler", "species": "Sneasler", "speciesId": "sneasler", "gender": "M", "shiny": false, "level": 74, "moves": ["uturn", "throatchop", "direclaw", "closecombat"], "ability": "Poison Touch", "evs": {"hp": 85, "atk": 85, "def": 85, "spa": 85, "spd": 85, "spe": 85}, "ivs": {"hp": 31, "atk": 31, "def": 31, "spa": 31, "spd": 31, "spe": 31}, "item": "Choice Band", "teraType": "Fighting", "role": "Fast Attacker", "bvs": {"hp": 80, "atk": 130, "def": 60, "spa": 40, "spd": 80, "spe": 120}, "stats": {"hp": 240, "atk": 235, "def": 132, "spa": 102, "spd": 161, "spe": 221}, "types": ["Fighting", "Poison"]}, "Arcanine": {"name": "Arcanine", "species": "Arcanine", "speciesId": "arcanine", "gender": "F", "shiny": false, "level": 84, "moves": ["flareblitz", "morningsun", "extremespeed", "closecombat"], "ability": "Intimidate", "evs": {"hp": 85, "atk": 85, "def": 85, "spa": 85, "spd": 85, "spe": 85}, "ivs": {"hp": 31, "atk": 31, "def": 31, "spa": 31, "spd": 31, "spe": 31}, "item": "Heavy-Duty Boots", "teraType": "Normal", "role": "Bulky Attacker", "bvs": {"hp": 90, "atk": 110, "def": 80, "spa": 100, "spd": 80, "spe": 95}, "stats": {"hp": 288, "atk": 233, "def": 183, "spa": 216, "spd": 183, "spe": 208}, "types": ["Fire"]}, "Drifblim": {"name": "Drifblim", "species": "Drifblim", "speciesId": "drifblim", "gender": "M", "shiny": false, "level": 86, "moves": ["airslash", "calmmind", "shadowball", "strengthsap"], "ability": "Unburden", "evs": {"hp": 73, "atk": 0, "def": 85, "spa": 85, "spd": 85, "spe": 85}, "ivs": {"hp": 31, "atk": 0, "def": 31, "spa": 31, "spd": 31, "spe": 31}, "item": "Sitrus Berry", "teraType": "Steel", "role": "Bulky Attacker", "bvs": {"hp": 150, "atk": 80, "def": 44, "spa": 90, "spd": 54, "spe": 80}, "stats": {"hp": 396, "atk": 142, "def": 125, "spa": 204, "spd": 142, "spe": 187}, "types": ["Ghost", "Flying"]}, "Torkoal": {"name": "Torkoal", "species": "Torkoal", "speciesId": "torkoal", "gender": "M", "shiny": false, "level": 88, "moves": ["lavaplume", "earthquake", "stealthrock", "solarbeam"], "ability": "Drought", "evs": {"hp": 85, "atk": 85, "def": 85, "spa": 85, "spd": 85, "spe": 85}, "ivs": {"hp": 31, "atk": 31, "def": 31, "spa": 31, "spd": 31, "spe": 31}, "item": "Heavy-Duty Boots", "teraType": "Grass", "role": "Wallbreaker", "bvs": {"hp": 70, "atk": 85, "def": 140, "spa": 85, "spd": 70, "spe": 20}, "stats": {"hp": 266, "atk": 200, "def": 297, "spa": 200, "spd": 173, "spe": 85}, "types": ["Fire"]}, "Wugtrio": {"name": "Wugtrio", "species": "Wugtrio", "speciesId": "wugtrio", "gender": "F", "shiny": false, "level": 91, "moves": ["throatchop", "stompingtantrum", "aquajet", "liquidation"], "ability": "Gooey", "evs": {"hp": 85, "atk": 85, "def": 85, "spa": 85, "spd": 85, "spe": 85}, "ivs": {"hp": 31, "atk": 31, "def": 31, "spa": 31, "spd": 31, "spe": 31}, "item": "Choice Band", "teraType": "Dark", "role": "Fast Attacker", "bvs": {"hp": 35, "atk": 100, "def": 50, "spa": 50, "spd": 70, "spe": 120}, "stats": {"hp": 212, "atk": 234, "def": 143, "spa": 143, "spd": 179, "spe": 270}, "types": ["Water"]}}, {"Garganacl": {"name": "Garganacl", "species": "Garganacl", "speciesId": "garganacl", "gender": "M", "shiny": false, "level": 80, "moves": ["recover", "saltcure", "bodypress", "irondefense"], "ability": "Purifying Salt", "evs": {"hp": 85, "atk": 85, "def": 85, "spa": 85, "spd": 85, "spe": 85}, "ivs": {"hp": 31, "atk": 31, "def": 31, "spa": 31, "spd": 31, "spe": 31}, "item": "Leftovers", "teraType": "Ghost", "role": "Bulky Setup", "bvs": {"hp": 100, "atk": 100, "def": 130, "spa": 45, "spd": 90, "spe": 35}, "stats": {"hp": 291, "atk": 206, "def": 254, "spa": 118, "spd": 190, "spe": 102}, "types": ["Rock"]}, "Heracross": {"name": "Heracross", "species": "Heracross", "speciesId": "heracross", "gender": "M", "shiny": false, "level": 80, "moves": ["closecombat", "knockoff", "megahorn", "earthquake"], "ability": "Moxie", "evs": {"hp": 85, "atk": 85, "def": 85, "spa": 85, "spd": 85, "spe": 85}, "ivs": {"hp": 31, "atk": 31, "def": 31, "spa": 31, "spd": 31, "spe": 31}, "item": "Choice Band", "teraType": "Fighting", "role": "Fast Attacker", "bvs": {"hp": 80, "atk": 125, "def": 75, "spa": 40, "spd": 95, "spe": 85}, "stats": {"hp": 259, "atk": 246, "def": 166, "spa": 110, "spd": 198, "spe": 182}, "types": ["Bug", "Fighting"]}, "Trevenant": {"name": "Trevenant", "species": "Trevenant", "speciesId": "trevenant", "gender": "F", "shiny": false, "level": 89, "moves": ["toxic", "protect", "poltergeist", "drainpunch"], "ability": "Harvest", "evs": {"hp": 85, "atk": 85, "def": 85, "spa": 85, "spd": 85, "spe": 85}, "ivs": {"hp": 31, "atk": 31, "def": 31, "spa": 31, "spd": 31, "spe": 31}, "item": "Sitrus Berry", "teraType": "Dark", "role": "Bulky Support", "bvs": {"hp": 85, "atk": 110, "def": 76, "spa": 65, "spd": 82, "spe": 56}, "stats": {"hp": 296, "atk": 247, "def": 186, "spa": 166, "spd": 197, "spe": 150}, "types": ["Ghost", "Grass"]}, "Poliwrath": {"name": "Poliwrath", "species": "Poliwrath", "speciesId": "poliwrath", "gender": "M", "shiny": false, "level": 88, "moves": ["closecombat", "knockoff", "liquidation", "raindance"], "ability": "Swift Swim", "evs": {"hp": 85, "atk": 85, "def": 85, "spa": 85, "spd": 85, "spe": 85}, "ivs": {"hp": 31, "atk": 31, "def": 31, "spa": 31, "spd": 31, "spe": 31}, "item": "Life Orb", "teraType": "Fighting", "role": "Setup Sweeper", "bvs": {"hp": 90, "atk": 95, "def": 95, "spa": 70, "spd": 90, "spe": 70}, "stats": {"hp": 302, "atk": 217, "def": 217, "spa": 173, "spd": 209, "spe": 173}, "types": ["Water", "Fighting"]}, "Sandslash": {"name": "Sandslash", "species": "Sandslash", "speciesId": "sandslash", "gender": "F", "shiny": false, "level": 89, "moves": ["earthquake", "rapidspin", "stoneedge", "spikes"], "ability": "Sand Rush", "evs": {"hp": 85, "atk": 85, "def": 85, "spa": 85, "spd": 85, "spe": 85}, "ivs": {"hp": 31, "atk": 31, "def": 31, "spa": 31, "spd": 31, "spe": 31}, "item": "Leftovers", "teraType": "Water", "role": "Bulky Support", "bvs": {"hp": 75, "atk": 100, "def": 110, "spa": 45, "spd": 55, "spe": 65}, "stats": {"hp": 278, "atk": 229, "def": 247, "spa": 131, "spd": 149, "spe": 166}, "types": ["Ground"]}, "Walking Wake": {"name": "Walking Wake", "species": "Walking Wake", "speciesId": "walkingwake", "gender": "N", "shiny": false, "level": 79, "moves": ["sunnyday", "flamethrower", "dracometeor", "hydrosteam"], "ability": "Protosynthesis", "evs": {"hp": 85, "atk": 0, "def": 85, "spa": 85, "spd": 85, "spe": 85}, "ivs": {"hp": 31, "atk": 0, "def": 31, "spa": 31, "spd": 31, "spe": 31}, "item": "Life Orb", "teraType": "Fire", "role": "Fast Attacker", "bvs": {"hp": 99, "atk": 83, "def": 91, "spa": 125, "spd": 83, "spe": 109}, "stats": {"hp": 286, "atk": 136, "def": 189, "spa": 243, "spd": 177, "spe": 218}, "types": ["Water", "Dragon"]}}]}