{"id": "gen9randombattle-2642123694", "format": "[Gen 9] Random Battle", "players": ["komisan777", "jnpr010334"], "log": "|j|\u2606komisan777\n|j|\u2606jnpr010334\n|t:|1782895060\n|gametype|singles\n|player|p1|komisan777|dawn|1663\n|player|p2|jnpr010334|265|1724\n|gen|9\n|tier|[Gen 9] Random Battle\n|rated|\n|rule|Species Clause: Limit one of each Pok\u00e9mon\n|rule|HP Percentage Mod: HP is shown in percentages\n|rule|Sleep Clause Mod: Limit one foe put to sleep\n|rule|Illusion Level Mod: Illusion disguises the Pok\u00e9mon's true level\n|\n|t:|1782895060\n|teamsize|p1|6\n|teamsize|p2|6\n|start\n|switch|p1a: Emboar|Emboar, L84, M|322/322\n|switch|p2a: Haxorus|Haxorus, L77, F|244/244\n|-ability|p2a: Haxorus|Mold Breaker\n|turn|1\n|inactive|Battle timer is ON: inactive players will automatically lose when time's up. (requested by jnpr010334)\n|\n|t:|1782895074\n|switch|p1a: Polteageist|Polteageist-Antique, L78|222/222\n|move|p2a: Haxorus|Swords Dance|p2a: Haxorus\n|-boost|p2a: Haxorus|atk|2\n|\n|upkeep\n|turn|2\n|\n|t:|1782895086\n|switch|p1a: Skarmory|Skarmory, L80, M|235/235\n|-terastallize|p2a: Haxorus|Steel\n|move|p2a: Haxorus|Scale Shot|p1a: Skarmory\n|-resisted|p1a: Skarmory\n|-damage|p1a: Skarmory|211/235\n|-resisted|p1a: Skarmory\n|-damage|p1a: Skarmory|188/235\n|-resisted|p1a: Skarmory\n|-damage|p1a: Skarmory|164/235\n|-resisted|p1a: Skarmory\n|-damage|p1a: Skarmory|143/235\n|-hitcount|p1a: Skarmory|4\n|-unboost|p2a: Haxorus|def|1\n|-boost|p2a: Haxorus|spe|1\n|\n|-heal|p1a: Skarmory|157/235|[from] item: Leftovers\n|upkeep\n|turn|3\n|\n|t:|1782895091\n|move|p2a: Haxorus|Swords Dance|p2a: Haxorus\n|-boost|p2a: Haxorus|atk|2\n|move|p1a: Skarmory|Whirlwind|p2a: Haxorus\n|drag|p2a: Tinkaton|Tinkaton, L82, F|274/274\n|-ability|p2a: Tinkaton|Mold Breaker\n|\n|-heal|p1a: Skarmory|171/235|[from] item: Leftovers\n|upkeep\n|turn|4\n|\n|t:|1782895098\n|move|p2a: Tinkaton|Swords Dance|p2a: Tinkaton\n|-boost|p2a: Tinkaton|atk|2\n|move|p1a: Skarmory|Roost|p1a: Skarmory\n|-heal|p1a: Skarmory|235/235\n|-singleturn|p1a: Skarmory|move: Roost\n|\n|upkeep\n|turn|5\n|\n|t:|1782895102\n|move|p2a: Tinkaton|Swords Dance|p2a: Tinkaton\n|-boost|p2a: Tinkaton|atk|2\n|move|p1a: Skarmory|Whirlwind|p2a: Tinkaton\n|drag|p2a: Haxorus|Haxorus, L77, F, tera:Steel|244/244\n|-ability|p2a: Haxorus|Mold Breaker\n|\n|upkeep\n|turn|6\n|\n|t:|1782895105\n|move|p2a: Haxorus|Swords Dance|p2a: Haxorus\n|-boost|p2a: Haxorus|atk|2\n|move|p1a: Skarmory|Spikes|p2a: Haxorus\n|-sidestart|p2: jnpr010334|Spikes\n|\n|upkeep\n|turn|7\n|\n|t:|1782895109\n|move|p2a: Haxorus|Swords Dance|p2a: Haxorus\n|-boost|p2a: Haxorus|atk|2\n|move|p1a: Skarmory|Whirlwind|p2a: Haxorus\n|drag|p2a: Regice|Regice, L88|284/284\n|\n|upkeep\n|turn|8\n|\n|t:|1782895113\n|move|p1a: Skarmory|Spikes|p2a: Regice\n|-sidestart|p2: jnpr010334|Spikes\n|move|p2a: Regice|Ice Beam|p1a: Skarmory\n|-damage|p1a: Skarmory|102/235\n|\n|-heal|p1a: Skarmory|116/235|[from] item: Leftovers\n|upkeep\n|turn|9\n|\n|t:|1782895118\n|switch|p1a: Emboar|Emboar, L84, M|322/322\n|move|p2a: Regice|Ice Beam|p1a: Emboar\n|-resisted|p1a: Emboar\n|-damage|p1a: Emboar|276/322\n|\n|upkeep\n|turn|10\n|\n|t:|1782895122\n|move|p1a: Emboar|Flare Blitz|p2a: Regice\n|-supereffective|p2a: Regice\n|-damage|p2a: Regice|0 fnt\n|faint|p2a: Regice\n|-damage|p1a: Emboar|182/322|[from] Recoil\n|\n|upkeep\n|\n|t:|1782895124\n|switch|p2a: Chi-Yu|Chi-Yu, L77|211/211\n|-ability|p2a: Chi-Yu|Beads of Ruin\n|turn|11\n|\n|t:|1782895129\n|move|p2a: Chi-Yu|Psychic|p1a: Emboar\n|-supereffective|p1a: Emboar\n|-damage|p1a: Emboar|18/322\n|move|p1a: Emboar|Close Combat|p2a: Chi-Yu\n|-supereffective|p2a: Chi-Yu\n|-damage|p2a: Chi-Yu|0 fnt\n|-unboost|p1a: Emboar|def|1\n|-unboost|p1a: Emboar|spd|1\n|faint|p2a: Chi-Yu\n|\n|upkeep\n|\n|t:|1782895132\n|switch|p2a: Haxorus|Haxorus, L77, F, tera:Steel|244/244\n|-damage|p2a: Haxorus|204/244|[from] Spikes\n|-ability|p2a: Haxorus|Mold Breaker\n|turn|12\n|\n|t:|1782895135\n|move|p2a: Haxorus|Scale Shot|p1a: Emboar\n|-damage|p1a: Emboar|0 fnt\n|faint|p1a: Emboar\n|-hitcount|p1: Emboar|1\n|-unboost|p2a: Haxorus|def|1\n|-boost|p2a: Haxorus|spe|1\n|\n|upkeep\n|\n|t:|1782895138\n|switch|p1a: Skarmory|Skarmory, L80, M|116/235\n|turn|13\n|\n|t:|1782895142\n|move|p2a: Haxorus|Swords Dance|p2a: Haxorus\n|-boost|p2a: Haxorus|atk|2\n|move|p1a: Skarmory|Roost|p1a: Skarmory\n|-heal|p1a: Skarmory|234/235\n|-singleturn|p1a: Skarmory|move: Roost\n|\n|-heal|p1a: Skarmory|235/235|[from] item: Leftovers\n|upkeep\n|turn|14\n|\n|t:|1782895146\n|move|p2a: Haxorus|Iron Head|p1a: Skarmory\n|-resisted|p1a: Skarmory\n|-damage|p1a: Skarmory|157/235\n|move|p1a: Skarmory|Whirlwind|p2a: Haxorus\n|drag|p2a: Sunflora|Sunflora, M|312/312\n|-damage|p2a: Sunflora|260/312|[from] Spikes\n|\n|-heal|p1a: Skarmory|171/235|[from] item: Leftovers\n|upkeep\n|turn|15\n|\n|t:|1782895153\n|move|p1a: Skarmory|Roost|p1a: Skarmory\n|-heal|p1a: Skarmory|235/235\n|-singleturn|p1a: Skarmory|move: Roost\n|move|p2a: Sunflora|Dazzling Gleam|p1a: Skarmory\n|-resisted|p1a: Skarmory\n|-damage|p1a: Skarmory|151/235\n|\n|-heal|p1a: Skarmory|165/235|[from] item: Leftovers\n|upkeep\n|turn|16\n|\n|t:|1782895166\n|move|p1a: Skarmory|Roost|p1a: Skarmory\n|-heal|p1a: Skarmory|235/235\n|-singleturn|p1a: Skarmory|move: Roost\n|move|p2a: Sunflora|Dazzling Gleam|p1a: Skarmory\n|-resisted|p1a: Skarmory\n|-damage|p1a: Skarmory|149/235\n|\n|-heal|p1a: Skarmory|163/235|[from] item: Leftovers\n|upkeep\n|turn|17\n|\n|t:|1782895174\n|switch|p1a: Jumpluff|Jumpluff, L87, M|271/271\n|move|p2a: Sunflora|Dazzling Gleam|p1a: Jumpluff\n|-damage|p1a: Jumpluff|151/271\n|\n|upkeep\n|turn|18\n|\n|t:|1782895181\n|move|p1a: Jumpluff|Acrobatics|p2a: Sunflora\n|-supereffective|p2a: Sunflora\n|-damage|p2a: Sunflora|68/312\n|move|p2a: Sunflora|Dazzling Gleam|p1a: Jumpluff\n|-damage|p1a: Jumpluff|37/271\n|\n|upkeep\n|turn|19\n|\n|t:|1782895189\n|switch|p2a: Tinkaton|Tinkaton, L82, F|274/274\n|-damage|p2a: Tinkaton|229/274|[from] Spikes\n|-ability|p2a: Tinkaton|Mold Breaker\n|move|p1a: Jumpluff|Acrobatics|p2a: Tinkaton\n|-resisted|p2a: Tinkaton\n|-damage|p2a: Tinkaton|181/274\n|\n|-heal|p2a: Tinkaton|198/274|[from] item: Leftovers\n|upkeep\n|turn|20\n|\n|t:|1782895192\n|move|p1a: Jumpluff|Leech Seed|p2a: Tinkaton\n|-start|p2a: Tinkaton|move: Leech Seed\n|move|p2a: Tinkaton|Swords Dance|p2a: Tinkaton\n|-boost|p2a: Tinkaton|atk|2\n|\n|-heal|p2a: Tinkaton|215/274|[from] item: Leftovers\n|-damage|p2a: Tinkaton|181/274|[from] Leech Seed|[of] p1a: Jumpluff\n|-heal|p1a: Jumpluff|71/271|[silent]\n|upkeep\n|turn|21\n|\n|t:|1782895194\n|move|p1a: Jumpluff|Strength Sap|p2a: Tinkaton\n|-unboost|p2a: Tinkaton|atk|1\n|-heal|p1a: Jumpluff|271/271\n|move|p2a: Tinkaton|Gigaton Hammer|p1a: Jumpluff\n|-damage|p1a: Jumpluff|54/271\n|\n|-heal|p2a: Tinkaton|198/274|[from] item: Leftovers\n|-damage|p2a: Tinkaton|164/274|[from] Leech Seed|[of] p1a: Jumpluff\n|-heal|p1a: Jumpluff|88/271|[silent]\n|upkeep\n|turn|22\n|\n|t:|1782895201\n|move|p1a: Jumpluff|Strength Sap|p2a: Tinkaton\n|-unboost|p2a: Tinkaton|atk|1\n|-heal|p1a: Jumpluff|271/271\n|move|p2a: Tinkaton|Play Rough|p1a: Jumpluff\n|-damage|p1a: Jumpluff|189/271\n|\n|-heal|p2a: Tinkaton|181/274|[from] item: Leftovers\n|-damage|p2a: Tinkaton|147/274|[from] Leech Seed|[of] p1a: Jumpluff\n|-heal|p1a: Jumpluff|223/271|[silent]\n|upkeep\n|turn|23\n|\n|t:|1782895206\n|switch|p2a: Iron Hands|Iron Hands, L79|373/373\n|-damage|p2a: Iron Hands|311/373|[from] Spikes\n|move|p1a: Jumpluff|Substitute|p1a: Jumpluff\n|-start|p1a: Jumpluff|Substitute\n|-damage|p1a: Jumpluff|156/271\n|\n|upkeep\n|turn|24\n|\n|t:|1782895210\n|move|p1a: Jumpluff|Leech Seed|p2a: Iron Hands\n|-start|p2a: Iron Hands|move: Leech Seed\n|move|p2a: Iron Hands|Thunder Punch|p1a: Jumpluff\n|-end|p1a: Jumpluff|Substitute\n|\n|-damage|p2a: Iron Hands|265/373|[from] Leech Seed|[of] p1a: Jumpluff\n|-heal|p1a: Jumpluff|202/271|[silent]\n|upkeep\n|turn|25\n|\n|t:|1782895215\n|-end|p2a: Iron Hands|Quark Drive|[silent]\n|switch|p2a: Tinkaton|Tinkaton, L82, F|147/274\n|-damage|p2a: Tinkaton|102/274|[from] Spikes\n|-ability|p2a: Tinkaton|Mold Breaker\n|move|p1a: Jumpluff|Strength Sap|p2a: Tinkaton\n|-unboost|p2a: Tinkaton|atk|1\n|-heal|p1a: Jumpluff|271/271\n|\n|-heal|p2a: Tinkaton|119/274|[from] item: Leftovers\n|upkeep\n|turn|26\n|\n|t:|1782895218\n|move|p1a: Jumpluff|Leech Seed|p2a: Tinkaton\n|-start|p2a: Tinkaton|move: Leech Seed\n|move|p2a: Tinkaton|Gigaton Hammer|p1a: Jumpluff\n|-damage|p1a: Jumpluff|166/271\n|\n|-heal|p2a: Tinkaton|136/274|[from] item: Leftovers\n|-damage|p2a: Tinkaton|102/274|[from] Leech Seed|[of] p1a: Jumpluff\n|-heal|p1a: Jumpluff|200/271|[silent]\n|upkeep\n|turn|27\n|\n|t:|1782895223\n|switch|p2a: Iron Hands|Iron Hands, L79|265/373\n|-damage|p2a: Iron Hands|203/373|[from] Spikes\n|move|p1a: Jumpluff|Acrobatics|p2a: Iron Hands\n|-damage|p2a: Iron Hands|125/373\n|\n|upkeep\n|turn|28\n|\n|t:|1782895227\n|move|p2a: Iron Hands|Fake Out|p1a: Jumpluff\n|-damage|p1a: Jumpluff|159/271\n|cant|p1a: Jumpluff|flinch\n|\n|upkeep\n|turn|29\n|\n|t:|1782895230\n|move|p1a: Jumpluff|Strength Sap|p2a: Iron Hands\n|-unboost|p2a: Iron Hands|atk|1\n|-heal|p1a: Jumpluff|271/271\n|move|p2a: Iron Hands|Thunder Punch|p1a: Jumpluff\n|-damage|p1a: Jumpluff|193/271\n|\n|upkeep\n|turn|30\n|\n|t:|1782895238\n|move|p1a: Jumpluff|Substitute|p1a: Jumpluff\n|-start|p1a: Jumpluff|Substitute\n|-damage|p1a: Jumpluff|126/271\n|move|p2a: Iron Hands|Thunder Punch|p1a: Jumpluff\n|-end|p1a: Jumpluff|Substitute\n|\n|upkeep\n|turn|31\n|\n|t:|1782895242\n|move|p1a: Jumpluff|Strength Sap|p2a: Iron Hands\n|-unboost|p2a: Iron Hands|atk|1\n|-heal|p1a: Jumpluff|271/271\n|move|p2a: Iron Hands|Thunder Punch|p1a: Jumpluff\n|-damage|p1a: Jumpluff|217/271\n|\n|upkeep\n|turn|32\n|\n|t:|1782895246\n|move|p1a: Jumpluff|Strength Sap|p2a: Iron Hands\n|-unboost|p2a: Iron Hands|atk|1\n|-heal|p1a: Jumpluff|271/271\n|move|p2a: Iron Hands|Thunder Punch|p1a: Jumpluff\n|-damage|p1a: Jumpluff|229/271\n|\n|upkeep\n|turn|33\n|\n|t:|1782895249\n|move|p1a: Jumpluff|Substitute|p1a: Jumpluff\n|-start|p1a: Jumpluff|Substitute\n|-damage|p1a: Jumpluff|162/271\n|move|p2a: Iron Hands|Volt Switch|p1a: Jumpluff\n|-activate|p1a: Jumpluff|move: Substitute|[damage]\n|\n|t:|1782895251\n|-end|p2a: Iron Hands|Quark Drive|[silent]\n|switch|p2a: Tinkaton|Tinkaton, L82, F|102/274|[from] Volt Switch\n|-damage|p2a: Tinkaton|57/274|[from] Spikes\n|-ability|p2a: Tinkaton|Mold Breaker\n|\n|-heal|p2a: Tinkaton|74/274|[from] item: Leftovers\n|upkeep\n|turn|34\n|\n|t:|1782895253\n|move|p1a: Jumpluff|Leech Seed|p2a: Tinkaton\n|-start|p2a: Tinkaton|move: Leech Seed\n|move|p2a: Tinkaton|Gigaton Hammer|p1a: Jumpluff\n|-end|p1a: Jumpluff|Substitute\n|\n|-heal|p2a: Tinkaton|91/274|[from] item: Leftovers\n|-damage|p2a: Tinkaton|57/274|[from] Leech Seed|[of] p1a: Jumpluff\n|-heal|p1a: Jumpluff|196/271|[silent]\n|upkeep\n|turn|35\n|\n|t:|1782895256\n|switch|p2a: Iron Hands|Iron Hands, L79|125/373\n|-damage|p2a: Iron Hands|63/373|[from] Spikes\n|move|p1a: Jumpluff|Strength Sap|p2a: Iron Hands\n|-unboost|p2a: Iron Hands|atk|1\n|-heal|p1a: Jumpluff|271/271\n|\n|upkeep\n|turn|36\n|\n|t:|1782895259\n|move|p2a: Iron Hands|Fake Out|p1a: Jumpluff\n|-damage|p1a: Jumpluff|245/271\n|cant|p1a: Jumpluff|flinch\n|\n|upkeep\n|turn|37\n|\n|t:|1782895263\n|move|p1a: Jumpluff|Strength Sap|p2a: Iron Hands\n|-unboost|p2a: Iron Hands|atk|1\n|-heal|p1a: Jumpluff|271/271\n|move|p2a: Iron Hands|Thunder Punch|p1a: Jumpluff\n|-damage|p1a: Jumpluff|217/271\n|\n|upkeep\n|turn|38\n|\n|t:|1782895268\n|move|p1a: Jumpluff|Strength Sap|p2a: Iron Hands\n|-unboost|p2a: Iron Hands|atk|1\n|-heal|p1a: Jumpluff|271/271\n|move|p2a: Iron Hands|Thunder Punch|p1a: Jumpluff\n|-damage|p1a: Jumpluff|229/271\n|\n|upkeep\n|turn|39\n|\n|t:|1782895272\n|move|p1a: Jumpluff|Substitute|p1a: Jumpluff\n|-start|p1a: Jumpluff|Substitute\n|-damage|p1a: Jumpluff|162/271\n|move|p2a: Iron Hands|Volt Switch|p1a: Jumpluff\n|-activate|p1a: Jumpluff|move: Substitute|[damage]\n|\n|t:|1782895277\n|-end|p2a: Iron Hands|Quark Drive|[silent]\n|switch|p2a: Tinkaton|Tinkaton, L82, F|57/274|[from] Volt Switch\n|-damage|p2a: Tinkaton|12/274|[from] Spikes\n|-ability|p2a: Tinkaton|Mold Breaker\n|\n|-heal|p2a: Tinkaton|29/274|[from] item: Leftovers\n|upkeep\n|turn|40\n|\n|t:|1782895281\n|move|p1a: Jumpluff|Acrobatics|p2a: Tinkaton\n|-resisted|p2a: Tinkaton\n|-damage|p2a: Tinkaton|0 fnt\n|faint|p2a: Tinkaton\n|\n|upkeep\n|\n|t:|1782895284\n|switch|p2a: Haxorus|Haxorus, L77, F, tera:Steel|204/244\n|-damage|p2a: Haxorus|164/244|[from] Spikes\n|-ability|p2a: Haxorus|Mold Breaker\n|turn|41\n|\n|t:|1782895288\n|move|p1a: Jumpluff|Leech Seed|p2a: Haxorus\n|-start|p2a: Haxorus|move: Leech Seed\n|move|p2a: Haxorus|Scale Shot|p1a: Jumpluff|[miss]\n|-miss|p2a: Haxorus|p1a: Jumpluff\n|\n|-damage|p2a: Haxorus|134/244|[from] Leech Seed|[of] p1a: Jumpluff\n|-heal|p1a: Jumpluff|192/271|[silent]\n|upkeep\n|turn|42\n|\n|t:|1782895293\n|move|p1a: Jumpluff|Strength Sap|p2a: Haxorus\n|-unboost|p2a: Haxorus|atk|1\n|-heal|p1a: Jumpluff|271/271\n|move|p2a: Haxorus|Scale Shot|p1a: Jumpluff\n|-end|p1a: Jumpluff|Substitute\n|-damage|p1a: Jumpluff|247/271\n|-damage|p1a: Jumpluff|225/271\n|-damage|p1a: Jumpluff|203/271\n|-damage|p1a: Jumpluff|181/271\n|-hitcount|p1a: Jumpluff|5\n|-unboost|p2a: Haxorus|def|1\n|-boost|p2a: Haxorus|spe|1\n|\n|-damage|p2a: Haxorus|104/244|[from] Leech Seed|[of] p1a: Jumpluff\n|-heal|p1a: Jumpluff|211/271|[silent]\n|upkeep\n|turn|43\n|\n|t:|1782895300\n|move|p2a: Haxorus|Scale Shot|p1a: Jumpluff|[miss]\n|-miss|p2a: Haxorus|p1a: Jumpluff\n|move|p1a: Jumpluff|Strength Sap|p2a: Haxorus\n|-unboost|p2a: Haxorus|atk|1\n|-heal|p1a: Jumpluff|271/271\n|\n|-damage|p2a: Haxorus|74/244|[from] Leech Seed|[of] p1a: Jumpluff\n|upkeep\n|turn|44\n|\n|t:|1782895302\n|move|p2a: Haxorus|Scale Shot|p1a: Jumpluff\n|-damage|p1a: Jumpluff|253/271\n|-damage|p1a: Jumpluff|234/271\n|-damage|p1a: Jumpluff|213/271\n|-damage|p1a: Jumpluff|194/271\n|-hitcount|p1a: Jumpluff|4\n|-unboost|p2a: Haxorus|def|1\n|-boost|p2a: Haxorus|spe|1\n|move|p1a: Jumpluff|Strength Sap|p2a: Haxorus\n|-unboost|p2a: Haxorus|atk|1\n|-heal|p1a: Jumpluff|271/271\n|\n|-damage|p2a: Haxorus|44/244|[from] Leech Seed|[of] p1a: Jumpluff\n|upkeep\n|turn|45\n|\n|t:|1782895305\n|switch|p2a: Iron Hands|Iron Hands, L79|63/373\n|-damage|p2a: Iron Hands|1/373|[from] Spikes\n|move|p1a: Jumpluff|Acrobatics|p2a: Iron Hands\n|-damage|p2a: Iron Hands|0 fnt\n|faint|p2a: Iron Hands\n|-end|p2a: Iron Hands|Quark Drive|[silent]\n|\n|upkeep\n|\n|t:|1782895306\n|switch|p2a: Haxorus|Haxorus, L77, F, tera:Steel|44/244\n|-damage|p2a: Haxorus|4/244|[from] Spikes\n|-ability|p2a: Haxorus|Mold Breaker\n|turn|46\n|\n|t:|1782895308\n|move|p1a: Jumpluff|Acrobatics|p2a: Haxorus\n|-resisted|p2a: Haxorus\n|-damage|p2a: Haxorus|0 fnt\n|faint|p2a: Haxorus\n|\n|upkeep\n|\n|t:|1782895310\n|switch|p2a: Sunflora|Sunflora, M|68/312\n|-damage|p2a: Sunflora|16/312|[from] Spikes\n|turn|47\n|\n|t:|1782895314\n|move|p1a: Jumpluff|Acrobatics|p2a: Sunflora\n|-supereffective|p2a: Sunflora\n|-damage|p2a: Sunflora|0 fnt\n|faint|p2a: Sunflora\n|\n|win|komisan777\n|raw|komisan777's rating: 1663 &rarr; <strong>1686</strong><br />(+23 for winning)\n|raw|jnpr010334's rating: 1713 &rarr; <strong>1690</strong><br />(-23 for losing)\n", "inputlog": ">version f8ac14003a5f27e1bdc8d8c59608a773c1cb96e5\n>start {\"formatid\":\"gen9randombattle\",\"seed\":\"sodium,cddbac3d24c73ae9831cf550da0671ae\",\"rated\":\"Rated battle\"}\n>player p1 {\"name\":\"komisan777\",\"avatar\":\"dawn\",\"rating\":1663,\"seed\":\"sodium,c02c5beb50889492bd71d4d08aa04257\"}\n>player p2 {\"name\":\"jnpr010334\",\"avatar\":\"265\",\"rating\":1724,\"seed\":\"sodium,c8874a5ca4c984cc9eff9ae7245403f4\"}\n>p1 switch 3\n>p2 move swordsdance\n>p1 switch 6\n>p2 move scaleshot terastallize\n>p1 move whirlwind\n>p2 move swordsdance\n>p1 move roost\n>p2 move swordsdance\n>p1 move whirlwind\n>p2 move swordsdance\n>p1 move spikes\n>p2 move swordsdance\n>p1 move whirlwind\n>p2 move swordsdance\n>p1 move spikes\n>p2 move icebeam\n>p1 switch 3\n>p2 move icebeam\n>p1 move flareblitz\n>p2 move thunderwave\n>p2 switch 3\n>p1 move closecombat\n>p2 move psychic\n>p2 switch 6\n>p1 move flareblitz\n>p2 move scaleshot\n>p1 switch 3\n>p1 move roost\n>p2 move swordsdance\n>p1 move whirlwind\n>p2 move ironhead\n>p1 move roost\n>p2 move dazzlinggleam\n>p1 move roost\n>p2 move dazzlinggleam\n>p1 switch 2\n>p2 move dazzlinggleam\n>p1 move acrobatics\n>p2 move dazzlinggleam\n>p1 move acrobatics\n>p2 switch 5\n>p1 move leechseed\n>p2 move swordsdance\n>p1 move strengthsap\n>p2 move gigatonhammer\n>p1 move strengthsap\n>p2 move playrough\n>p1 move substitute\n>p2 switch 2\n>p1 move leechseed\n>p2 move thunderpunch\n>p1 move strengthsap\n>p2 switch 2\n>p1 move leechseed\n>p2 move gigatonhammer\n>p1 move acrobatics\n>p2 switch 2\n>p1 move leechseed\n>p2 move fakeout\n>p1 move strengthsap\n>p2 move thunderpunch\n>p1 move substitute\n>p2 move thunderpunch\n>p1 move strengthsap\n>p2 move thunderpunch\n>p1 move strengthsap\n>p2 move thunderpunch\n>p1 move substitute\n>p2 move voltswitch\n>p2 switch 2\n>p1 move leechseed\n>p2 move gigatonhammer\n>p1 move strengthsap\n>p2 switch 2\n>p1 move acrobatics\n>p2 move fakeout\n>p1 move strengthsap\n>p2 move thunderpunch\n>p1 move strengthsap\n>p2 move thunderpunch\n>p1 move substitute\n>p2 move voltswitch\n>p2 switch 2\n>p1 move acrobatics\n>p2 move gigatonhammer\n>p2 switch 4\n>p1 move leechseed\n>p2 move scaleshot\n>p1 move strengthsap\n>p2 move scaleshot\n>p1 move strengthsap\n>p2 move scaleshot\n>p1 move strengthsap\n>p2 move scaleshot\n>p1 move acrobatics\n>p2 switch 2\n>p2 switch 2\n>p1 move acrobatics\n>p2 move scaleshot\n>p2 switch 5\n>p1 move acrobatics\n>p2 move sludgebomb", "uploadtime": 1782895315, "views": 2, "formatid": "gen9randombattle", "rating": 1686, "private": 0, "password": null, "player_dets": [{"name": "komisan777", "avatar": "dawn", "rating": 1663, "seed": "sodium,c02c5beb50889492bd71d4d08aa04257"}, {"name": "jnpr010334", "avatar": "265", "rating": 1724, "seed": "sodium,c8874a5ca4c984cc9eff9ae7245403f4"}], "teams_full": [{"Emboar": {"name": "Emboar", "species": "Emboar", "speciesId": "emboar", "gender": "M", "shiny": false, "level": 84, "moves": ["wildcharge", "closecombat", "scald", "flareblitz"], "ability": "Reckless", "evs": {"hp": 85, "atk": 85, "def": 85, "spa": 85, "spd": 85, "spe": 85}, "ivs": {"hp": 31, "atk": 31, "def": 31, "spa": 31, "spd": 31, "spe": 31}, "item": "Assault Vest", "teraType": "Electric", "role": "AV Pivot", "bvs": {"hp": 110, "atk": 123, "def": 65, "spa": 100, "spd": 65, "spe": 65}, "stats": {"hp": 322, "atk": 255, "def": 157, "spa": 216, "spd": 157, "spe": 157}, "types": ["Fire", "Fighting"]}, "Jumpluff": {"name": "Jumpluff", "species": "Jumpluff", "speciesId": "jumpluff", "gender": "M", "shiny": false, "level": 87, "moves": ["strengthsap", "acrobatics", "substitute", "leechseed"], "ability": "Infiltrator", "evs": {"hp": 81, "atk": 85, "def": 85, "spa": 85, "spd": 85, "spe": 85}, "ivs": {"hp": 31, "atk": 31, "def": 31, "spa": 31, "spd": 31, "spe": 31}, "item": "", "teraType": "Steel", "role": "Bulky Support", "bvs": {"hp": 75, "atk": 55, "def": 70, "spa": 55, "spd": 95, "spe": 110}, "stats": {"hp": 271, "atk": 145, "def": 172, "spa": 145, "spd": 215, "spe": 241}, "types": ["Grass", "Flying"]}, "Polteageist": {"name": "Polteageist", "species": "Polteageist-Antique", "speciesId": "polteageist", "gender": "N", "shiny": false, "level": 78, "moves": ["terablast", "shadowball", "storedpower", "shellsmash"], "ability": "Cursed Body", "evs": {"hp": 85, "atk": 0, "def": 85, "spa": 85, "spd": 85, "spe": 85}, "ivs": {"hp": 31, "atk": 0, "def": 31, "spa": 31, "spd": 31, "spe": 31}, "item": "White Herb", "teraType": "Fighting", "role": "Tera Blast user", "bvs": {"hp": 60, "atk": 65, "def": 65, "spa": 134, "spd": 114, "spe": 70}, "stats": {"hp": 222, "atk": 106, "def": 146, "spa": 254, "spd": 223, "spe": 154}, "types": ["Ghost"]}, "Dewgong": {"name": "Dewgong", "species": "Dewgong", "speciesId": "dewgong", "gender": "F", "shiny": false, "level": 94, "moves": ["encore", "knockoff", "hydropump", "icebeam"], "ability": "Thick Fat", "evs": {"hp": 85, "atk": 85, "def": 85, "spa": 85, "spd": 85, "spe": 85}, "ivs": {"hp": 31, "atk": 31, "def": 31, "spa": 31, "spd": 31, "spe": 31}, "item": "Heavy-Duty Boots", "teraType": "Poison", "role": "Bulky Support", "bvs": {"hp": 90, "atk": 70, "def": 80, "spa": 70, "spd": 95, "spe": 70}, "stats": {"hp": 322, "atk": 185, "def": 204, "spa": 185, "spd": 232, "spe": 185}, "types": ["Water", "Ice"]}, "Arboliva": {"name": "Arboliva", "species": "Arboliva", "speciesId": "arboliva", "gender": "F", "shiny": false, "level": 91, "moves": ["hypervoice", "protect", "leechseed", "substitute"], "ability": "Harvest", "evs": {"hp": 77, "atk": 0, "def": 85, "spa": 85, "spd": 85, "spe": 85}, "ivs": {"hp": 31, "atk": 0, "def": 31, "spa": 31, "spd": 31, "spe": 31}, "item": "Sitrus Berry", "teraType": "Poison", "role": "Bulky Support", "bvs": {"hp": 78, "atk": 69, "def": 90, "spa": 125, "spd": 109, "spe": 39}, "stats": {"hp": 288, "atk": 130, "def": 216, "spa": 279, "spd": 250, "spe": 123}, "types": ["Grass", "Normal"]}, "Skarmory": {"name": "Skarmory", "species": "Skarmory", "speciesId": "skarmory", "gender": "M", "shiny": false, "level": 80, "moves": ["roost", "bravebird", "spikes", "whirlwind"], "ability": "Sturdy", "evs": {"hp": 85, "atk": 85, "def": 85, "spa": 85, "spd": 85, "spe": 85}, "ivs": {"hp": 31, "atk": 31, "def": 31, "spa": 31, "spd": 31, "spe": 31}, "item": "Leftovers", "teraType": "Dragon", "role": "Bulky Support", "bvs": {"hp": 65, "atk": 80, "def": 140, "spa": 40, "spd": 70, "spe": 70}, "stats": {"hp": 235, "atk": 174, "def": 270, "spa": 110, "spd": 158, "spe": 158}, "types": ["Steel", "Flying"]}}, {"Haxorus": {"name": "Haxorus", "species": "Haxorus", "speciesId": "haxorus", "gender": "F", "shiny": false, "level": 77, "moves": ["ironhead", "scaleshot", "earthquake", "swordsdance"], "ability": "Mold Breaker", "evs": {"hp": 85, "atk": 85, "def": 85, "spa": 85, "spd": 85, "spe": 85}, "ivs": {"hp": 31, "atk": 31, "def": 31, "spa": 31, "spd": 31, "spe": 31}, "item": "Loaded Dice", "teraType": "Steel", "role": "Fast Bulky Setup", "bvs": {"hp": 76, "atk": 147, "def": 90, "spa": 60, "spd": 70, "spe": 97}, "stats": {"hp": 244, "atk": 271, "def": 183, "spa": 137, "spd": 152, "spe": 194}, "types": ["Dragon"]}, "Iron Hands": {"name": "Iron Hands", "species": "Iron Hands", "speciesId": "ironhands", "gender": "N", "shiny": false, "level": 79, "moves": ["closecombat", "thunderpunch", "fakeout", "voltswitch"], "ability": "Quark Drive", "evs": {"hp": 85, "atk": 85, "def": 85, "spa": 85, "spd": 85, "spe": 85}, "ivs": {"hp": 31, "atk": 31, "def": 31, "spa": 31, "spd": 31, "spe": 31}, "item": "Assault Vest", "teraType": "Fighting", "role": "AV Pivot", "bvs": {"hp": 154, "atk": 140, "def": 108, "spa": 50, "spd": 68, "spe": 50}, "stats": {"hp": 373, "atk": 267, "def": 216, "spa": 125, "spd": 153, "spe": 125}, "types": ["Fighting", "Electric"]}, "Chi-Yu": {"name": "Chi-Yu", "species": "Chi-Yu", "speciesId": "chiyu", "gender": "N", "shiny": false, "level": 77, "moves": ["darkpulse", "fireblast", "psychic", "nastyplot"], "ability": "Beads of Ruin", "evs": {"hp": 85, "atk": 0, "def": 85, "spa": 85, "spd": 85, "spe": 85}, "ivs": {"hp": 31, "atk": 0, "def": 31, "spa": 31, "spd": 31, "spe": 31}, "item": "Heavy-Duty Boots", "teraType": "Dark", "role": "Setup Sweeper", "bvs": {"hp": 55, "atk": 80, "def": 80, "spa": 135, "spd": 120, "spe": 100}, "stats": {"hp": 211, "atk": 128, "def": 168, "spa": 252, "spd": 229, "spe": 199}, "types": ["Dark", "Fire"]}, "Sunflora": {"name": "Sunflora", "species": "Sunflora", "speciesId": "sunflora", "gender": "M", "shiny": false, "level": 100, "moves": ["sludgebomb", "dazzlinggleam", "earthpower", "leafstorm"], "ability": "Chlorophyll", "evs": {"hp": 85, "atk": 0, "def": 85, "spa": 85, "spd": 85, "spe": 85}, "ivs": {"hp": 31, "atk": 0, "def": 31, "spa": 31, "spd": 31, "spe": 31}, "item": "Choice Specs", "teraType": "Ground", "role": "Wallbreaker", "bvs": {"hp": 75, "atk": 75, "def": 55, "spa": 105, "spd": 85, "spe": 30}, "stats": {"hp": 312, "atk": 155, "def": 167, "spa": 267, "spd": 227, "spe": 117}, "types": ["Grass"]}, "Tinkaton": {"name": "Tinkaton", "species": "Tinkaton", "speciesId": "tinkaton", "gender": "F", "shiny": false, "level": 82, "moves": ["playrough", "swordsdance", "protect", "gigatonhammer"], "ability": "Mold Breaker", "evs": {"hp": 85, "atk": 85, "def": 85, "spa": 85, "spd": 85, "spe": 85}, "ivs": {"hp": 31, "atk": 31, "def": 31, "spa": 31, "spd": 31, "spe": 31}, "item": "Leftovers", "teraType": "Steel", "role": "Bulky Setup", "bvs": {"hp": 85, "atk": 75, "def": 77, "spa": 70, "spd": 105, "spe": 94}, "stats": {"hp": 274, "atk": 170, "def": 173, "spa": 162, "spd": 219, "spe": 201}, "types": ["Fairy", "Steel"]}, "Regice": {"name": "Regice", "species": "Regice", "speciesId": "regice", "gender": "N", "shiny": false, "level": 88, "moves": ["bodypress", "icebeam", "thunderbolt", "thunderwave"], "ability": "Clear Body", "evs": {"hp": 85, "atk": 0, "def": 85, "spa": 85, "spd": 85, "spe": 85}, "ivs": {"hp": 31, "atk": 0, "def": 31, "spa": 31, "spd": 31, "spe": 31}, "item": "Heavy-Duty Boots", "teraType": "Electric", "role": "Bulky Attacker", "bvs": {"hp": 80, "atk": 50, "def": 100, "spa": 100, "spd": 200, "spe": 50}, "stats": {"hp": 284, "atk": 93, "def": 226, "spa": 226, "spd": 402, "spe": 138}, "types": ["Ice"]}}]}