{"id": "gen9randombattle-2641980519", "format": "[Gen 9] Random Battle", "players": ["notmetbh102", "who is to say"], "log": "|j|\u2606notmetbh102\n|j|\u2606who is to say\n|t:|1782868163\n|gametype|singles\n|player|p1|notmetbh102|265|2104\n|player|p2|who is to say|266|2260\n|gen|9\n|tier|[Gen 9] Random Battle\n|rated|\n|rule|Species Clause: Limit one of each Pok\u00e9mon\n|rule|HP Percentage Mod: HP is shown in percentages\n|rule|Sleep Clause Mod: Limit one foe put to sleep\n|rule|Illusion Level Mod: Illusion disguises the Pok\u00e9mon's true level\n|\n|t:|1782868163\n|teamsize|p1|6\n|teamsize|p2|6\n|start\n|switch|p1a: Gyarados|Gyarados, L79, M|280/280\n|switch|p2a: Cacturne|Cacturne, L92, F|278/278\n|-ability|p1a: Gyarados|Intimidate|boost\n|-unboost|p2a: Cacturne|atk|1\n|turn|1\n|inactive|Battle timer is ON: inactive players will automatically lose when time's up. (requested by notmetbh102)\n|c|\u2606notmetbh102|hf\n|c|\u2606who is to say|u2\n|\n|t:|1782868177\n|move|p1a: Gyarados|Temper Flare|p2a: Cacturne\n|-supereffective|p2a: Cacturne\n|-damage|p2a: Cacturne|140/278\n|move|p2a: Cacturne|Swords Dance|p2a: Cacturne\n|-boost|p2a: Cacturne|atk|2\n|\n|upkeep\n|turn|2\n|\n|t:|1782868183\n|switch|p1a: Zacian|Zacian-Crowned, L64|225/225\n|-ability|p1a: Zacian|Intrepid Sword|boost\n|-boost|p1a: Zacian|atk|1\n|move|p2a: Cacturne|Knock Off|p1a: Zacian\n|-resisted|p1a: Zacian\n|-damage|p1a: Zacian|125/225\n|-damage|p2a: Cacturne|113/278|[from] item: Life Orb\n|\n|upkeep\n|turn|3\n|\n|t:|1782868187\n|move|p1a: Zacian|Close Combat|p2a: Cacturne\n|-supereffective|p2a: Cacturne\n|-damage|p2a: Cacturne|0 fnt\n|-unboost|p1a: Zacian|def|1\n|-unboost|p1a: Zacian|spd|1\n|faint|p2a: Cacturne\n|\n|upkeep\n|\n|t:|1782868192\n|switch|p2a: Breloom|Breloom, L83, M|235/235\n|turn|4\n|\n|t:|1782868194\n|switch|p1a: Gyarados|Gyarados, L79, M|280/280\n|-ability|p1a: Gyarados|Intimidate|boost\n|-unboost|p2a: Breloom|atk|1\n|move|p2a: Breloom|Mach Punch|p1a: Gyarados\n|-resisted|p1a: Gyarados\n|-damage|p1a: Gyarados|237/280\n|-damage|p2a: Breloom|212/235|[from] item: Life Orb\n|\n|upkeep\n|turn|5\n|\n|t:|1782868200\n|switch|p2a: Umbreon|Umbreon, L84, F|297/297\n|move|p1a: Gyarados|Temper Flare|p2a: Umbreon\n|-damage|p2a: Umbreon|245/297\n|\n|-heal|p2a: Umbreon|263/297|[from] item: Leftovers\n|upkeep\n|turn|6\n|\n|t:|1782868209\n|switch|p1a: Magnezone|Magnezone, L85|258/258\n|switch|p2a: Piloswine|Piloswine, L85, F|309/309\n|\n|upkeep\n|turn|7\n|\n|t:|1782868211\n|-terastallize|p1a: Magnezone|Flying\n|move|p1a: Magnezone|Flash Cannon|p2a: Piloswine\n|-supereffective|p2a: Piloswine\n|-damage|p2a: Piloswine|115/309\n|move|p2a: Piloswine|Stealth Rock|p1a: Magnezone\n|-sidestart|p1: notmetbh102|move: Stealth Rock\n|\n|upkeep\n|turn|8\n|\n|t:|1782868216\n|switch|p2a: Umbreon|Umbreon, L84, F|263/297\n|move|p1a: Magnezone|Body Press|p2a: Umbreon\n|-supereffective|p2a: Umbreon\n|-damage|p2a: Umbreon|105/297\n|\n|-heal|p2a: Umbreon|123/297|[from] item: Leftovers\n|upkeep\n|turn|9\n|\n|t:|1782868219\n|move|p2a: Umbreon|Protect|p2a: Umbreon\n|-singleturn|p2a: Umbreon|Protect\n|move|p1a: Magnezone|Flash Cannon|p2a: Umbreon\n|-activate|p2a: Umbreon|move: Protect\n|\n|-heal|p2a: Umbreon|141/297|[from] item: Leftovers\n|upkeep\n|turn|10\n|\n|t:|1782868228\n|switch|p2a: Pachirisu|Pachirisu, L96, M|271/271\n|move|p1a: Magnezone|Body Press|p2a: Pachirisu\n|-crit|p2a: Pachirisu\n|-damage|p2a: Pachirisu|141/271\n|\n|upkeep\n|turn|11\n|\n|t:|1782868231\n|move|p2a: Pachirisu|Discharge|p1a: Magnezone\n|-supereffective|p1a: Magnezone\n|-damage|p1a: Magnezone|168/258\n|move|p1a: Magnezone|Body Press|p2a: Pachirisu\n|-damage|p2a: Pachirisu|48/271\n|\n|upkeep\n|turn|12\n|\n|t:|1782868236\n|move|p2a: Pachirisu|Discharge|p1a: Magnezone\n|-supereffective|p1a: Magnezone\n|-damage|p1a: Magnezone|82/258\n|move|p1a: Magnezone|Body Press|p2a: Pachirisu\n|-damage|p2a: Pachirisu|0 fnt\n|faint|p2a: Pachirisu\n|\n|upkeep\n|\n|t:|1782868245\n|switch|p2a: Breloom|Breloom, L83, M|212/235\n|turn|13\n|\n|t:|1782868249\n|move|p2a: Breloom|Rock Tomb|p1a: Magnezone\n|-supereffective|p1a: Magnezone\n|-damage|p1a: Magnezone|0 fnt\n|faint|p1a: Magnezone\n|-damage|p2a: Breloom|189/235|[from] item: Life Orb\n|\n|upkeep\n|\n|t:|1782868249\n|switch|p1a: Koraidon|Koraidon, L64|235/235\n|-damage|p1a: Koraidon|221/235|[from] Stealth Rock\n|-weather|SunnyDay|[from] ability: Orichalcum Pulse|[of] p1a: Koraidon\n|-activate|p1a: Koraidon|Orichalcum Pulse|[source]\n|turn|14\n|\n|t:|1782868253\n|switch|p2a: Weezing|Weezing-Galar, L86, M|252/252\n|move|p1a: Koraidon|Close Combat|p2a: Weezing\n|-resisted|p2a: Weezing\n|-damage|p2a: Weezing|215/252\n|-unboost|p1a: Koraidon|def|1\n|-unboost|p1a: Koraidon|spd|1\n|\n|-weather|SunnyDay|[upkeep]\n|-heal|p2a: Weezing|230/252|[from] item: Leftovers\n|upkeep\n|turn|15\n|\n|t:|1782868257\n|switch|p1a: Gyarados|Gyarados, L79, M|237/280\n|-ability|p1a: Gyarados|Intimidate|boost\n|-unboost|p2a: Weezing|atk|1\n|move|p2a: Weezing|Will-O-Wisp|p1a: Gyarados\n|-status|p1a: Gyarados|brn\n|\n|-weather|SunnyDay|[upkeep]\n|-heal|p2a: Weezing|245/252|[from] item: Leftovers\n|-damage|p1a: Gyarados|220/280 brn|[from] brn\n|upkeep\n|turn|16\n|\n|t:|1782868263\n|switch|p2a: Umbreon|Umbreon, L84, F|141/297\n|move|p1a: Gyarados|Temper Flare|p2a: Umbreon\n|-damage|p2a: Umbreon|106/297\n|\n|-weather|SunnyDay|[upkeep]\n|-heal|p2a: Umbreon|124/297|[from] item: Leftovers\n|-damage|p1a: Gyarados|203/280 brn|[from] brn\n|upkeep\n|turn|17\n|\n|t:|1782868266\n|move|p1a: Gyarados|Waterfall|p2a: Umbreon\n|-crit|p2a: Umbreon\n|-damage|p2a: Umbreon|97/297\n|move|p2a: Umbreon|Wish|p2a: Umbreon\n|\n|-weather|SunnyDay|[upkeep]\n|-heal|p2a: Umbreon|115/297|[from] item: Leftovers\n|-damage|p1a: Gyarados|186/280 brn|[from] brn\n|upkeep\n|turn|18\n|\n|t:|1782868276\n|move|p1a: Gyarados|Temper Flare|p2a: Umbreon\n|-damage|p2a: Umbreon|79/297\n|move|p2a: Umbreon|Foul Play|p1a: Gyarados\n|-damage|p1a: Gyarados|57/280 brn\n|\n|-weather|none\n|-heal|p2a: Umbreon|227/297|[from] move: Wish|[wisher] Umbreon\n|-heal|p2a: Umbreon|245/297|[from] item: Leftovers\n|-damage|p1a: Gyarados|40/280 brn|[from] brn\n|upkeep\n|turn|19\n|\n|t:|1782868281\n|move|p1a: Gyarados|Waterfall|p2a: Umbreon\n|-damage|p2a: Umbreon|209/297\n|move|p2a: Umbreon|Wish|p2a: Umbreon\n|\n|-heal|p2a: Umbreon|227/297|[from] item: Leftovers\n|-damage|p1a: Gyarados|23/280 brn|[from] brn\n|upkeep\n|turn|20\n|\n|t:|1782868289\n|move|p1a: Gyarados|Waterfall|p2a: Umbreon\n|-damage|p2a: Umbreon|191/297\n|move|p2a: Umbreon|Foul Play|p1a: Gyarados\n|-damage|p1a: Gyarados|0 fnt\n|faint|p1a: Gyarados\n|\n|-heal|p2a: Umbreon|297/297|[from] move: Wish|[wisher] Umbreon\n|upkeep\n|\n|t:|1782868290\n|switch|p1a: Zacian|Zacian-Crowned, L64|125/225\n|-damage|p1a: Zacian|111/225|[from] Stealth Rock\n|turn|21\n|\n|t:|1782868294\n|move|p1a: Zacian|Play Rough|p2a: Umbreon\n|-supereffective|p2a: Umbreon\n|-damage|p2a: Umbreon|171/297\n|move|p2a: Umbreon|Foul Play|p1a: Zacian\n|-resisted|p1a: Zacian\n|-damage|p1a: Zacian|53/225\n|\n|-heal|p2a: Umbreon|189/297|[from] item: Leftovers\n|upkeep\n|turn|22\n|\n|t:|1782868299\n|move|p2a: Umbreon|Protect|p2a: Umbreon\n|-singleturn|p2a: Umbreon|Protect\n|move|p1a: Zacian|Play Rough|p2a: Umbreon\n|-activate|p2a: Umbreon|move: Protect\n|\n|-heal|p2a: Umbreon|207/297|[from] item: Leftovers\n|upkeep\n|turn|23\n|\n|t:|1782868309\n|switch|p2a: Piloswine|Piloswine, L85, F|115/309\n|move|p1a: Zacian|Play Rough|p2a: Piloswine\n|-damage|p2a: Piloswine|60/309\n|\n|upkeep\n|turn|24\n|\n|t:|1782868312\n|move|p2a: Piloswine|Ice Shard|p1a: Zacian\n|-resisted|p1a: Zacian\n|-damage|p1a: Zacian|29/225\n|move|p1a: Zacian|Behemoth Blade|p2a: Piloswine\n|-supereffective|p2a: Piloswine\n|-damage|p2a: Piloswine|0 fnt\n|faint|p2a: Piloswine\n|\n|upkeep\n|\n|t:|1782868314\n|switch|p2a: Breloom|Breloom, L83, M|189/235\n|turn|25\n|\n|t:|1782868317\n|switch|p1a: Flutter Mane|Flutter Mane, L74|203/203\n|-damage|p1a: Flutter Mane|178/203|[from] Stealth Rock\n|move|p2a: Breloom|Mach Punch|p1a: Flutter Mane\n|-immune|p1a: Flutter Mane\n|\n|upkeep\n|turn|26\n|\n|t:|1782868319\n|switch|p2a: Weezing|Weezing-Galar, L86, M|245/252\n|move|p1a: Flutter Mane|Shadow Ball|p2a: Weezing\n|-damage|p2a: Weezing|97/252\n|\n|-heal|p2a: Weezing|112/252|[from] item: Leftovers\n|upkeep\n|turn|27\n|\n|t:|1782868322\n|switch|p2a: Umbreon|Umbreon, L84, F|207/297\n|move|p1a: Flutter Mane|Shadow Ball|p2a: Umbreon\n|-resisted|p2a: Umbreon\n|-damage|p2a: Umbreon|158/297\n|\n|-heal|p2a: Umbreon|176/297|[from] item: Leftovers\n|upkeep\n|turn|28\n|\n|t:|1782868328\n|move|p1a: Flutter Mane|Shadow Ball|p2a: Umbreon\n|-resisted|p2a: Umbreon\n|-damage|p2a: Umbreon|129/297\n|move|p2a: Umbreon|Foul Play|p1a: Flutter Mane\n|-damage|p1a: Flutter Mane|109/203\n|\n|-heal|p2a: Umbreon|147/297|[from] item: Leftovers\n|upkeep\n|turn|29\n|\n|t:|1782868331\n|move|p1a: Flutter Mane|Shadow Ball|p2a: Umbreon\n|-resisted|p2a: Umbreon\n|-damage|p2a: Umbreon|99/297\n|move|p2a: Umbreon|Wish|p2a: Umbreon\n|\n|-heal|p2a: Umbreon|117/297|[from] item: Leftovers\n|upkeep\n|turn|30\n|\n|t:|1782868337\n|move|p1a: Flutter Mane|Shadow Ball|p2a: Umbreon\n|-resisted|p2a: Umbreon\n|-damage|p2a: Umbreon|72/297\n|move|p2a: Umbreon|Foul Play|p1a: Flutter Mane\n|-damage|p1a: Flutter Mane|48/203\n|\n|-heal|p2a: Umbreon|220/297|[from] move: Wish|[wisher] Umbreon\n|-heal|p2a: Umbreon|238/297|[from] item: Leftovers\n|upkeep\n|turn|31\n|\n|t:|1782868342\n|move|p1a: Flutter Mane|Shadow Ball|p2a: Umbreon\n|-resisted|p2a: Umbreon\n|-damage|p2a: Umbreon|187/297\n|move|p2a: Umbreon|Wish|p2a: Umbreon\n|\n|-heal|p2a: Umbreon|205/297|[from] item: Leftovers\n|upkeep\n|turn|32\n|\n|t:|1782868346\n|-end|p1a: Flutter Mane|Protosynthesis|[silent]\n|switch|p1a: Koraidon|Koraidon, L64|221/235\n|-damage|p1a: Koraidon|207/235|[from] Stealth Rock\n|-weather|SunnyDay|[from] ability: Orichalcum Pulse|[of] p1a: Koraidon\n|-activate|p1a: Koraidon|Orichalcum Pulse|[source]\n|move|p2a: Umbreon|Foul Play|p1a: Koraidon\n|-resisted|p1a: Koraidon\n|-damage|p1a: Koraidon|155/235\n|\n|-weather|SunnyDay|[upkeep]\n|-heal|p2a: Umbreon|297/297|[from] move: Wish|[wisher] Umbreon\n|upkeep\n|turn|33\n|\n|t:|1782868349\n|move|p2a: Umbreon|Protect|p2a: Umbreon\n|-singleturn|p2a: Umbreon|Protect\n|move|p1a: Koraidon|Flare Blitz|p2a: Umbreon\n|-activate|p2a: Umbreon|move: Protect\n|\n|-weather|SunnyDay|[upkeep]\n|upkeep\n|turn|34\n|\n|t:|1782868354\n|move|p1a: Koraidon|Flare Blitz|p2a: Umbreon\n|-damage|p2a: Umbreon|136/297\n|-damage|p1a: Koraidon|102/235|[from] Recoil\n|move|p2a: Umbreon|Wish|p2a: Umbreon\n|\n|-weather|SunnyDay|[upkeep]\n|-heal|p2a: Umbreon|154/297|[from] item: Leftovers\n|upkeep\n|turn|35\n|\n|t:|1782868359\n|switch|p1a: Zacian|Zacian-Crowned, L64|29/225\n|-damage|p1a: Zacian|15/225|[from] Stealth Rock\n|move|p2a: Umbreon|Protect||[still]\n|-fail|p2a: Umbreon\n|\n|-weather|SunnyDay|[upkeep]\n|-heal|p2a: Umbreon|297/297|[from] move: Wish|[wisher] Umbreon\n|upkeep\n|turn|36\n|\n|t:|1782868363\n|move|p1a: Zacian|Play Rough|p2a: Umbreon\n|-supereffective|p2a: Umbreon\n|-damage|p2a: Umbreon|171/297\n|move|p2a: Umbreon|Foul Play|p1a: Zacian\n|-resisted|p1a: Zacian\n|-damage|p1a: Zacian|0 fnt\n|faint|p1a: Zacian\n|\n|-weather|none\n|-heal|p2a: Umbreon|189/297|[from] item: Leftovers\n|upkeep\n|\n|t:|1782868364\n|switch|p1a: Flutter Mane|Flutter Mane, L74|48/203\n|-damage|p1a: Flutter Mane|23/203|[from] Stealth Rock\n|turn|37\n|\n|t:|1782868370\n|move|p2a: Umbreon|Protect|p2a: Umbreon\n|-singleturn|p2a: Umbreon|Protect\n|move|p1a: Flutter Mane|Moonblast|p2a: Umbreon\n|-activate|p2a: Umbreon|move: Protect\n|\n|-heal|p2a: Umbreon|207/297|[from] item: Leftovers\n|upkeep\n|turn|38\n|\n|t:|1782868378\n|-terastallize|p2a: Umbreon|Poison\n|move|p1a: Flutter Mane|Moonblast|p2a: Umbreon\n|-resisted|p2a: Umbreon\n|-damage|p2a: Umbreon|153/297\n|move|p2a: Umbreon|Wish|p2a: Umbreon\n|\n|-heal|p2a: Umbreon|171/297|[from] item: Leftovers\n|upkeep\n|turn|39\n|\n|t:|1782868383\n|move|p1a: Flutter Mane|Moonblast|p2a: Umbreon\n|-resisted|p2a: Umbreon\n|-damage|p2a: Umbreon|114/297\n|-unboost|p2a: Umbreon|spa|1\n|move|p2a: Umbreon|Foul Play|p1a: Flutter Mane\n|-damage|p1a: Flutter Mane|0 fnt\n|faint|p1a: Flutter Mane\n|-end|p1a: Flutter Mane|Protosynthesis|[silent]\n|\n|-heal|p2a: Umbreon|262/297|[from] move: Wish|[wisher] Umbreon\n|-heal|p2a: Umbreon|280/297|[from] item: Leftovers\n|upkeep\n|\n|t:|1782868384\n|switch|p1a: Koraidon|Koraidon, L64|102/235\n|-damage|p1a: Koraidon|88/235|[from] Stealth Rock\n|-weather|SunnyDay|[from] ability: Orichalcum Pulse|[of] p1a: Koraidon\n|-activate|p1a: Koraidon|Orichalcum Pulse|[source]\n|turn|40\n|\n|t:|1782868392\n|move|p2a: Umbreon|Protect|p2a: Umbreon\n|-singleturn|p2a: Umbreon|Protect\n|move|p1a: Koraidon|U-turn|p2a: Umbreon\n|-activate|p2a: Umbreon|move: Protect\n|\n|-weather|SunnyDay|[upkeep]\n|-heal|p2a: Umbreon|297/297|[from] item: Leftovers\n|upkeep\n|turn|41\n|\n|t:|1782868396\n|move|p1a: Koraidon|U-turn|p2a: Umbreon\n|-resisted|p2a: Umbreon\n|-damage|p2a: Umbreon|265/297\n|\n|t:|1782868397\n|switch|p1a: Sandaconda|Sandaconda, L84, M|258/258|[from] U-turn\n|-damage|p1a: Sandaconda|242/258|[from] Stealth Rock\n|move|p2a: Umbreon|Toxic|p1a: Sandaconda\n|-status|p1a: Sandaconda|tox\n|\n|-weather|SunnyDay|[upkeep]\n|-heal|p2a: Umbreon|283/297|[from] item: Leftovers\n|-damage|p1a: Sandaconda|226/258 tox|[from] psn\n|upkeep\n|turn|42\n|\n|t:|1782868402\n|move|p1a: Sandaconda|Scale Shot|p2a: Umbreon\n|-damage|p2a: Umbreon|267/297\n|-damage|p2a: Umbreon|249/297\n|-damage|p2a: Umbreon|233/297\n|-damage|p2a: Umbreon|216/297\n|-crit|p2a: Umbreon\n|-damage|p2a: Umbreon|189/297\n|-hitcount|p2a: Umbreon|5\n|-unboost|p1a: Sandaconda|def|1\n|-boost|p1a: Sandaconda|spe|1\n|move|p2a: Umbreon|Foul Play|p1a: Sandaconda\n|-damage|p1a: Sandaconda|108/258 tox\n|\n|-weather|SunnyDay|[upkeep]\n|-heal|p2a: Umbreon|207/297|[from] item: Leftovers\n|-damage|p1a: Sandaconda|76/258 tox|[from] psn\n|upkeep\n|turn|43\n|\n|t:|1782868412\n|switch|p1a: Koraidon|Koraidon, L64|88/235\n|-damage|p1a: Koraidon|74/235|[from] Stealth Rock\n|-activate|p1a: Koraidon|ability: Orichalcum Pulse\n|switch|p2a: Breloom|Breloom, L83, M|189/235\n|\n|-weather|SunnyDay|[upkeep]\n|upkeep\n|turn|44\n|\n|t:|1782868414\n|move|p2a: Breloom|Mach Punch|p1a: Koraidon\n|-damage|p1a: Koraidon|0 fnt\n|faint|p1a: Koraidon\n|-damage|p2a: Breloom|166/235|[from] item: Life Orb\n|\n|-weather|none\n|upkeep\n|\n|t:|1782868415\n|switch|p1a: Sandaconda|Sandaconda, L84, M|76/258 tox\n|-damage|p1a: Sandaconda|60/258 tox|[from] Stealth Rock\n|turn|45\n|\n|t:|1782868418\n|move|p2a: Breloom|Mach Punch|p1a: Sandaconda\n|-damage|p1a: Sandaconda|0 fnt\n|faint|p1a: Sandaconda\n|-damage|p2a: Breloom|143/235|[from] item: Life Orb\n|\n|win|who is to say\n|raw|notmetbh102's rating: 2104 &rarr; <strong>2092</strong><br />(-12 for losing)\n|raw|who is to say's rating: 2260 &rarr; <strong>2272</strong><br />(+12 for winning)\n|c|\u2606notmetbh102|gg\n", "inputlog": ">version f8ac14003a5f27e1bdc8d8c59608a773c1cb96e5\n>start {\"formatid\":\"gen9randombattle\",\"seed\":\"sodium,6a7dbc061559c5dbcedcc75782198b0a\",\"rated\":\"Rated battle\"}\n>player p1 {\"name\":\"notmetbh102\",\"avatar\":\"265\",\"rating\":2104,\"seed\":\"sodium,7fd1f3a2fbdc562a10647d4804135bbf\"}\n>player p2 {\"name\":\"who is to say\",\"avatar\":\"266\",\"rating\":2260,\"seed\":\"sodium,2546d0b08221c703365df5763c130bcf\"}\n>chat \u2606notmetbh102|hf\n>chat \u2606who is to say|u2\n>p1 move temperflare\n>p2 move swordsdance\n>p1 switch 6\n>p2 move knockoff\n>p1 move closecombat\n>p2 move seedbomb\n>p2 switch 5\n>p1 switch 6\n>p2 move machpunch\n>p1 move temperflare\n>p2 switch 6\n>p1 switch 3\n>p2 switch 2\n>p1 move flashcannon terastallize\n>p2 move stealthrock\n>p1 move bodypress\n>p2 switch 2\n>p1 move flashcannon\n>p2 move protect\n>p1 move bodypress\n>p2 switch 4\n>p1 move bodypress\n>p2 move discharge\n>p1 move bodypress\n>p2 move discharge\n>p2 switch 6\n>p1 move voltswitch\n>p2 move rocktomb\n>p1 switch 4\n>p1 move closecombat\n>p2 switch 3\n>p1 switch 3\n>p2 move willowisp\n>p1 move temperflare\n>p2 switch 4\n>p1 move waterfall\n>p2 move wish\n>p1 move temperflare\n>p2 move foulplay\n>p1 move waterfall\n>p2 move wish\n>p1 move waterfall\n>p2 move foulplay\n>p1 switch 6\n>p1 move playrough\n>p2 move foulplay\n>p1 move playrough\n>p2 move protect\n>p1 move playrough\n>p2 switch 2\n>p1 move behemothblade\n>p2 move iceshard\n>p2 switch 3\n>p1 switch 5\n>p2 move machpunch\n>p1 move shadowball\n>p2 switch 4\n>p1 move shadowball\n>p2 switch 2\n>p1 move shadowball\n>p2 move foulplay\n>p1 move shadowball\n>p2 move wish\n>p1 move shadowball\n>p2 move foulplay\n>p1 move shadowball\n>p2 move wish\n>p1 switch 3\n>p2 move foulplay\n>p1 move flareblitz\n>p2 move protect\n>p1 move flareblitz\n>p2 move wish\n>p1 switch 5\n>p2 move protect\n>p1 move playrough\n>p2 move foulplay\n>p1 switch 3\n>p1 move moonblast\n>p2 move protect\n>p1 move moonblast\n>p2 move wish terastallize\n>p1 move moonblast\n>p2 move foulplay\n>p1 switch 5\n>p1 move uturn\n>p2 move protect\n>p1 move uturn\n>p2 move toxic\n>p1 switch 2\n>p1 move scaleshot\n>p2 move foulplay\n>p1 switch 2\n>p2 switch 4\n>p1 move flareblitz\n>p2 move machpunch\n>p1 switch 2\n>p1 move coil\n>p2 move machpunch", "uploadtime": 1782868419, "views": 6, "formatid": "gen9randombattle", "rating": 2092, "private": 0, "password": null, "player_dets": [{"name": "notmetbh102", "avatar": "265", "rating": 2104, "seed": "sodium,7fd1f3a2fbdc562a10647d4804135bbf"}, {"name": "who is to say", "avatar": "266", "rating": 2260, "seed": "sodium,2546d0b08221c703365df5763c130bcf"}], "teams_full": [{"Gyarados": {"name": "Gyarados", "species": "Gyarados", "speciesId": "gyarados", "gender": "M", "shiny": false, "level": 79, "moves": ["temperflare", "waterfall", "dragondance", "earthquake"], "ability": "Intimidate", "evs": {"hp": 85, "atk": 85, "def": 85, "spa": 85, "spd": 85, "spe": 85}, "ivs": {"hp": 31, "atk": 31, "def": 31, "spa": 31, "spd": 31, "spe": 31}, "item": "Heavy-Duty Boots", "teraType": "Ground", "role": "Setup Sweeper", "bvs": {"hp": 95, "atk": 125, "def": 79, "spa": 60, "spd": 100, "spe": 81}, "stats": {"hp": 280, "atk": 243, "def": 170, "spa": 140, "spd": 204, "spe": 174}, "types": ["Water", "Flying"]}, "Sandaconda": {"name": "Sandaconda", "species": "Sandaconda", "speciesId": "sandaconda", "gender": "M", "shiny": false, "level": 84, "moves": ["rockblast", "coil", "scaleshot", "earthquake"], "ability": "Shed Skin", "evs": {"hp": 85, "atk": 85, "def": 85, "spa": 85, "spd": 85, "spe": 85}, "ivs": {"hp": 31, "atk": 31, "def": 31, "spa": 31, "spd": 31, "spe": 31}, "item": "Loaded Dice", "teraType": "Dragon", "role": "Fast Bulky Setup", "bvs": {"hp": 72, "atk": 107, "def": 125, "spa": 65, "spd": 70, "spe": 71}, "stats": {"hp": 258, "atk": 228, "def": 258, "spa": 157, "spd": 166, "spe": 167}, "types": ["Ground"]}, "Magnezone": {"name": "Magnezone", "species": "Magnezone", "speciesId": "magnezone", "gender": "N", "shiny": false, "level": 85, "moves": ["voltswitch", "bodypress", "discharge", "flashcannon"], "ability": "Analytic", "evs": {"hp": 85, "atk": 0, "def": 85, "spa": 85, "spd": 85, "spe": 85}, "ivs": {"hp": 31, "atk": 0, "def": 31, "spa": 31, "spd": 31, "spe": 31}, "item": "Assault Vest", "teraType": "Flying", "role": "AV Pivot", "bvs": {"hp": 70, "atk": 70, "def": 115, "spa": 130, "spd": 90, "spe": 60}, "stats": {"hp": 258, "atk": 124, "def": 244, "spa": 270, "spd": 202, "spe": 151}, "types": ["Electric", "Steel"]}, "Koraidon": {"name": "Koraidon", "species": "Koraidon", "speciesId": "koraidon", "gender": "N", "shiny": false, "level": 64, "moves": ["flareblitz", "outrage", "closecombat", "uturn"], "ability": "Orichalcum Pulse", "evs": {"hp": 85, "atk": 85, "def": 85, "spa": 85, "spd": 85, "spe": 85}, "ivs": {"hp": 31, "atk": 31, "def": 31, "spa": 31, "spd": 31, "spe": 31}, "item": "Choice Band", "teraType": "Fire", "role": "Fast Attacker", "bvs": {"hp": 100, "atk": 135, "def": 115, "spa": 85, "spd": 100, "spe": 135}, "stats": {"hp": 235, "atk": 211, "def": 185, "spa": 147, "spd": 166, "spe": 211}, "types": ["Fighting", "Dragon"]}, "Flutter Mane": {"name": "Flutter Mane", "species": "Flutter Mane", "speciesId": "fluttermane", "gender": "N", "shiny": false, "level": 74, "moves": ["moonblast", "mysticalfire", "shadowball", "thunderbolt"], "ability": "Protosynthesis", "evs": {"hp": 85, "atk": 0, "def": 85, "spa": 85, "spd": 85, "spe": 85}, "ivs": {"hp": 31, "atk": 0, "def": 31, "spa": 31, "spd": 31, "spe": 31}, "item": "Choice Specs", "teraType": "Fairy", "role": "Wallbreaker", "bvs": {"hp": 55, "atk": 55, "def": 55, "spa": 135, "spd": 135, "spe": 135}, "stats": {"hp": 203, "atk": 86, "def": 124, "spa": 243, "spd": 243, "spe": 243}, "types": ["Ghost", "Fairy"]}, "Zacian": {"name": "Zacian", "species": "Zacian", "speciesId": "zaciancrowned", "gender": "N", "shiny": false, "level": 64, "moves": ["playrough", "closecombat", "behemothblade", "swordsdance"], "ability": "Intrepid Sword", "evs": {"hp": 85, "atk": 85, "def": 85, "spa": 85, "spd": 85, "spe": 85}, "ivs": {"hp": 31, "atk": 31, "def": 31, "spa": 31, "spd": 31, "spe": 31}, "item": "Rusted Sword", "teraType": "Fighting", "role": "Setup Sweeper", "bvs": {"hp": 92, "atk": 150, "def": 115, "spa": 80, "spd": 115, "spe": 148}, "stats": {"hp": 225, "atk": 230, "def": 185, "spa": 140, "spd": 185, "spe": 227}, "types": ["Fairy", "Steel"]}}, {"Cacturne": {"name": "Cacturne", "species": "Cacturne", "speciesId": "cacturne", "gender": "F", "shiny": false, "level": 92, "moves": ["suckerpunch", "seedbomb", "swordsdance", "knockoff"], "ability": "Water Absorb", "evs": {"hp": 85, "atk": 85, "def": 85, "spa": 85, "spd": 85, "spe": 85}, "ivs": {"hp": 31, "atk": 31, "def": 31, "spa": 31, "spd": 31, "spe": 31}, "item": "Life Orb", "teraType": "Dark", "role": "Setup Sweeper", "bvs": {"hp": 70, "atk": 115, "def": 60, "spa": 115, "spd": 60, "spe": 55}, "stats": {"hp": 278, "atk": 264, "def": 163, "spa": 264, "spd": 163, "spe": 154}, "types": ["Grass", "Dark"]}, "Piloswine": {"name": "Piloswine", "species": "Piloswine", "speciesId": "piloswine", "gender": "F", "shiny": false, "level": 85, "moves": ["iceshard", "stealthrock", "iciclecrash", "earthquake"], "ability": "Thick Fat", "evs": {"hp": 85, "atk": 85, "def": 85, "spa": 85, "spd": 85, "spe": 85}, "ivs": {"hp": 31, "atk": 31, "def": 31, "spa": 31, "spd": 31, "spe": 31}, "item": "Eviolite", "teraType": "Poison", "role": "Bulky Support", "bvs": {"hp": 100, "atk": 100, "def": 80, "spa": 60, "spd": 60, "spe": 50}, "stats": {"hp": 309, "atk": 219, "def": 185, "spa": 151, "spd": 151, "spe": 134}, "types": ["Ice", "Ground"]}, "Weezing": {"name": "Weezing", "species": "Weezing-Galar", "speciesId": "weezinggalar", "gender": "M", "shiny": false, "level": 86, "moves": ["willowisp", "gunkshot", "defog", "strangesteam"], "ability": "Levitate", "evs": {"hp": 85, "atk": 85, "def": 85, "spa": 85, "spd": 85, "spe": 85}, "ivs": {"hp": 31, "atk": 31, "def": 31, "spa": 31, "spd": 31, "spe": 31}, "item": "Leftovers", "teraType": "Steel", "role": "Bulky Support", "bvs": {"hp": 65, "atk": 90, "def": 120, "spa": 85, "spd": 70, "spe": 60}, "stats": {"hp": 252, "atk": 204, "def": 256, "spa": 195, "spd": 170, "spe": 152}, "types": ["Poison", "Fairy"]}, "Pachirisu": {"name": "Pachirisu", "species": "Pachirisu", "speciesId": "pachirisu", "gender": "M", "shiny": false, "level": 96, "moves": ["superfang", "encore", "uturn", "discharge"], "ability": "Volt Absorb", "evs": {"hp": 85, "atk": 85, "def": 85, "spa": 85, "spd": 85, "spe": 85}, "ivs": {"hp": 31, "atk": 31, "def": 31, "spa": 31, "spd": 31, "spe": 31}, "item": "Heavy-Duty Boots", "teraType": "Flying", "role": "Fast Support", "bvs": {"hp": 60, "atk": 45, "def": 70, "spa": 45, "spd": 90, "spe": 95}, "stats": {"hp": 271, "atk": 141, "def": 189, "spa": 141, "spd": 227, "spe": 237}, "types": ["Electric"]}, "Breloom": {"name": "Breloom", "species": "Breloom", "speciesId": "breloom", "gender": "M", "shiny": false, "level": 83, "moves": ["swordsdance", "rocktomb", "bulletseed", "machpunch"], "ability": "Technician", "evs": {"hp": 85, "atk": 85, "def": 85, "spa": 85, "spd": 85, "spe": 85}, "ivs": {"hp": 31, "atk": 31, "def": 31, "spa": 31, "spd": 31, "spe": 31}, "item": "Life Orb", "teraType": "Rock", "role": "Fast Attacker", "bvs": {"hp": 60, "atk": 130, "def": 80, "spa": 60, "spd": 60, "spe": 70}, "stats": {"hp": 235, "atk": 263, "def": 180, "spa": 147, "spd": 147, "spe": 164}, "types": ["Grass", "Fighting"]}, "Umbreon": {"name": "Umbreon", "species": "Umbreon", "speciesId": "umbreon", "gender": "F", "shiny": false, "level": 84, "moves": ["foulplay", "protect", "wish", "toxic"], "ability": "Synchronize", "evs": {"hp": 85, "atk": 0, "def": 85, "spa": 85, "spd": 85, "spe": 85}, "ivs": {"hp": 31, "atk": 0, "def": 31, "spa": 31, "spd": 31, "spe": 31}, "item": "Leftovers", "teraType": "Poison", "role": "Bulky Support", "bvs": {"hp": 95, "atk": 65, "def": 110, "spa": 60, "spd": 130, "spe": 65}, "stats": {"hp": 297, "atk": 114, "def": 233, "spa": 149, "spd": 267, "spe": 157}, "types": ["Dark"]}}]}