{"id": "gen9randombattle-2641927090", "format": "[Gen 9] Random Battle", "players": ["Tidm", "testbotcif"], "log": "|j|\u203dTidm\n|j|\u2606testbotcif\n|t:|1782860041\n|gametype|singles\n|player|p1|Tidm|will|1302\n|player|p2|testbotcif|1|1331\n|gen|9\n|tier|[Gen 9] Random Battle\n|rated|\n|rule|Species Clause: Limit one of each Pok\u00e9mon\n|rule|HP Percentage Mod: HP is shown in percentages\n|rule|Sleep Clause Mod: Limit one foe put to sleep\n|rule|Illusion Level Mod: Illusion disguises the Pok\u00e9mon's true level\n|\n|t:|1782860041\n|teamsize|p1|6\n|teamsize|p2|6\n|start\n|switch|p1a: Flutter Mane|Flutter Mane, L74|203/203\n|switch|p2a: Avalugg|Avalugg-Hisui, L90, M|317/317\n|turn|1\n|c|\u2606testbotcif|rlhf\n|inactive|Battle timer is ON: inactive players will automatically lose when time's up. (requested by Tidm)\n|inactive|testbotcif also wants the timer to be on.\n|\n|t:|1782860045\n|move|p1a: Flutter Mane|Mystical Fire|p2a: Avalugg\n|-damage|p2a: Avalugg|192/317\n|-unboost|p2a: Avalugg|spa|1\n|-damage|p1a: Flutter Mane|183/203|[from] item: Life Orb\n|move|p2a: Avalugg|Avalanche|p1a: Flutter Mane\n|-damage|p1a: Flutter Mane|0 fnt\n|faint|p1a: Flutter Mane\n|-end|p1a: Flutter Mane|Protosynthesis|[silent]\n|\n|upkeep\n|\n|t:|1782860049\n|switch|p1a: Garganacl|Garganacl, L80, M|291/291\n|turn|2\n|\n|t:|1782860051\n|-terastallize|p2a: Avalugg|Ghost\n|move|p2a: Avalugg|Body Press|p1a: Garganacl\n|-supereffective|p1a: Garganacl\n|-damage|p1a: Garganacl|117/291\n|move|p1a: Garganacl|Salt Cure|p2a: Avalugg\n|-damage|p2a: Avalugg|171/317\n|-start|p2a: Avalugg|Salt Cure\n|\n|-heal|p1a: Garganacl|135/291|[from] item: Leftovers\n|-damage|p2a: Avalugg|132/317|[from] Salt Cure\n|upkeep\n|turn|3\n|\n|t:|1782860054\n|move|p2a: Avalugg|Body Press|p1a: Garganacl\n|-supereffective|p1a: Garganacl\n|-damage|p1a: Garganacl|0 fnt\n|faint|p1a: Garganacl\n|\n|-damage|p2a: Avalugg|93/317|[from] Salt Cure\n|upkeep\n|\n|t:|1782860058\n|switch|p1a: Talonflame|Talonflame, L83, M|265/265\n|turn|4\n|\n|t:|1782860062\n|move|p1a: Talonflame|Flare Blitz|p2a: Avalugg\n|-damage|p2a: Avalugg|33/317\n|-damage|p1a: Talonflame|245/265|[from] Recoil\n|move|p2a: Avalugg|Recover|p2a: Avalugg\n|-heal|p2a: Avalugg|192/317\n|\n|-damage|p2a: Avalugg|153/317|[from] Salt Cure\n|upkeep\n|turn|5\n|\n|t:|1782860071\n|switch|p1a: Scrafty|Scrafty, L83, M|244/244\n|move|p2a: Avalugg|Recover|p2a: Avalugg\n|-heal|p2a: Avalugg|312/317\n|\n|-damage|p2a: Avalugg|273/317|[from] Salt Cure\n|upkeep\n|turn|6\n|\n|t:|1782860074\n|move|p1a: Scrafty|Knock Off|p2a: Avalugg\n|-supereffective|p2a: Avalugg\n|-damage|p2a: Avalugg|175/317\n|-enditem|p2a: Avalugg|Heavy-Duty Boots|[from] move: Knock Off|[of] p1a: Scrafty\n|move|p2a: Avalugg|Body Press|p1a: Scrafty\n|-supereffective|p1a: Scrafty\n|-damage|p1a: Scrafty|74/244\n|\n|-heal|p1a: Scrafty|89/244|[from] item: Leftovers\n|-damage|p2a: Avalugg|136/317|[from] Salt Cure\n|upkeep\n|turn|7\n|\n|t:|1782860077\n|move|p1a: Scrafty|Bulk Up|p1a: Scrafty\n|-boost|p1a: Scrafty|atk|1\n|-boost|p1a: Scrafty|def|1\n|move|p2a: Avalugg|Recover|p2a: Avalugg\n|-heal|p2a: Avalugg|295/317\n|\n|-heal|p1a: Scrafty|104/244|[from] item: Leftovers\n|-damage|p2a: Avalugg|256/317|[from] Salt Cure\n|upkeep\n|turn|8\n|\n|t:|1782860079\n|move|p1a: Scrafty|Rest|p1a: Scrafty\n|-status|p1a: Scrafty|slp|[from] move: Rest\n|-heal|p1a: Scrafty|244/244 slp|[silent]\n|move|p2a: Avalugg|Body Press|p1a: Scrafty\n|-supereffective|p1a: Scrafty\n|-damage|p1a: Scrafty|128/244 slp\n|\n|-activate|p1a: Scrafty|ability: Shed Skin\n|-curestatus|p1a: Scrafty|slp|[msg]\n|-heal|p1a: Scrafty|143/244|[from] item: Leftovers\n|-damage|p2a: Avalugg|217/317|[from] Salt Cure\n|upkeep\n|turn|9\n|\n|t:|1782860088\n|move|p1a: Scrafty|Knock Off|p2a: Avalugg\n|-supereffective|p2a: Avalugg\n|-damage|p2a: Avalugg|121/317\n|move|p2a: Avalugg|Body Press|p1a: Scrafty\n|-supereffective|p1a: Scrafty\n|-damage|p1a: Scrafty|15/244\n|\n|-heal|p1a: Scrafty|30/244|[from] item: Leftovers\n|-damage|p2a: Avalugg|82/317|[from] Salt Cure\n|upkeep\n|turn|10\n|\n|t:|1782860090\n|move|p1a: Scrafty|Knock Off|p2a: Avalugg\n|-supereffective|p2a: Avalugg\n|-damage|p2a: Avalugg|0 fnt\n|faint|p2a: Avalugg\n|\n|-heal|p1a: Scrafty|45/244|[from] item: Leftovers\n|upkeep\n|\n|t:|1782860090\n|switch|p2a: Tauros|Tauros-Paldea-Blaze, L81, M|254/254\n|-ability|p2a: Tauros|Intimidate|boost\n|-unboost|p1a: Scrafty|atk|1\n|turn|11\n|\n|t:|1782860095\n|move|p2a: Tauros|Flare Blitz|p1a: Scrafty\n|-damage|p1a: Scrafty|0 fnt\n|faint|p1a: Scrafty\n|-damage|p2a: Tauros|239/254|[from] Recoil\n|\n|upkeep\n|\n|t:|1782860097\n|switch|p1a: Talonflame|Talonflame, L83, M|245/265\n|turn|12\n|\n|t:|1782860099\n|switch|p2a: Poliwrath|Poliwrath, L88, F|302/302\n|move|p1a: Talonflame|Brave Bird|p2a: Poliwrath\n|-supereffective|p2a: Poliwrath\n|-damage|p2a: Poliwrath|98/302\n|-damage|p1a: Talonflame|178/265|[from] Recoil\n|\n|upkeep\n|turn|13\n|\n|t:|1782860101\n|move|p1a: Talonflame|Brave Bird|p2a: Poliwrath\n|-supereffective|p2a: Poliwrath\n|-damage|p2a: Poliwrath|0 fnt\n|faint|p2a: Poliwrath\n|-damage|p1a: Talonflame|146/265|[from] Recoil\n|\n|upkeep\n|\n|t:|1782860101\n|switch|p2a: Dudunsparce|Dudunsparce, L83, M|343/343\n|turn|14\n|\n|t:|1782860104\n|switch|p1a: Magcargo|Magcargo, L95, F|268/268\n|move|p2a: Dudunsparce|Headbutt|p1a: Magcargo\n|-resisted|p1a: Magcargo\n|-damage|p1a: Magcargo|240/268\n|-ability|p1a: Magcargo|Weak Armor|boost\n|-unboost|p1a: Magcargo|def|1\n|-boost|p1a: Magcargo|spe|2\n|\n|upkeep\n|turn|15\n|\n|t:|1782860107\n|move|p1a: Magcargo|Shell Smash|p1a: Magcargo\n|-unboost|p1a: Magcargo|def|1\n|-unboost|p1a: Magcargo|spd|1\n|-boost|p1a: Magcargo|atk|2\n|-boost|p1a: Magcargo|spa|2\n|-boost|p1a: Magcargo|spe|2\n|move|p2a: Dudunsparce|Earthquake|p1a: Magcargo\n|-supereffective|p1a: Magcargo\n|-damage|p1a: Magcargo|0 fnt\n|faint|p1a: Magcargo\n|\n|upkeep\n|\n|t:|1782860108\n|switch|p1a: Jumpluff|Jumpluff, L87, M|271/271\n|turn|16\n|\n|t:|1782860109\n|move|p1a: Jumpluff|Acrobatics|p2a: Dudunsparce\n|-damage|p2a: Dudunsparce|261/343\n|move|p2a: Dudunsparce|Headbutt|p1a: Jumpluff\n|-damage|p1a: Jumpluff|193/271\n|\n|-heal|p2a: Dudunsparce|282/343|[from] item: Leftovers\n|upkeep\n|turn|17\n|\n|t:|1782860110\n|move|p1a: Jumpluff|Sleep Powder|p2a: Dudunsparce\n|-status|p2a: Dudunsparce|slp|[from] move: Sleep Powder\n|cant|p2a: Dudunsparce|slp\n|\n|-heal|p2a: Dudunsparce|303/343 slp|[from] item: Leftovers\n|upkeep\n|turn|18\n|\n|t:|1782860114\n|move|p1a: Jumpluff|U-turn|p2a: Dudunsparce\n|-damage|p2a: Dudunsparce|267/343 slp\n|\n|t:|1782860116\n|switch|p1a: Talonflame|Talonflame, L83, M|146/265|[from] U-turn\n|cant|p2a: Dudunsparce|slp\n|\n|-heal|p2a: Dudunsparce|288/343 slp|[from] item: Leftovers\n|upkeep\n|turn|19\n|\n|t:|1782860118\n|move|p1a: Talonflame|Swords Dance|p1a: Talonflame\n|-boost|p1a: Talonflame|atk|2\n|-curestatus|p2a: Dudunsparce|slp|[msg]\n|move|p2a: Dudunsparce|Headbutt|p1a: Talonflame\n|-damage|p1a: Talonflame|55/265\n|\n|-heal|p2a: Dudunsparce|309/343|[from] item: Leftovers\n|upkeep\n|turn|20\n|\n|t:|1782860122\n|move|p1a: Talonflame|Tera Blast|p2a: Dudunsparce\n|-crit|p2a: Dudunsparce\n|-damage|p2a: Dudunsparce|229/343\n|move|p2a: Dudunsparce|Headbutt|p1a: Talonflame\n|-damage|p1a: Talonflame|0 fnt\n|faint|p1a: Talonflame\n|\n|-heal|p2a: Dudunsparce|250/343|[from] item: Leftovers\n|upkeep\n|\n|t:|1782860123\n|switch|p1a: Jumpluff|Jumpluff, L87, M|193/271\n|turn|21\n|\n|t:|1782860125\n|move|p1a: Jumpluff|Sleep Powder|p2a: Dudunsparce\n|-status|p2a: Dudunsparce|slp|[from] move: Sleep Powder\n|cant|p2a: Dudunsparce|slp\n|\n|-heal|p2a: Dudunsparce|271/343 slp|[from] item: Leftovers\n|upkeep\n|turn|22\n|\n|t:|1782860126\n|move|p1a: Jumpluff|Strength Sap|p2a: Dudunsparce\n|-unboost|p2a: Dudunsparce|atk|1\n|-heal|p1a: Jumpluff|271/271\n|cant|p2a: Dudunsparce|slp\n|\n|-heal|p2a: Dudunsparce|292/343 slp|[from] item: Leftovers\n|upkeep\n|turn|23\n|\n|t:|1782860127\n|move|p1a: Jumpluff|Acrobatics|p2a: Dudunsparce\n|-damage|p2a: Dudunsparce|204/343 slp\n|cant|p2a: Dudunsparce|slp\n|\n|-heal|p2a: Dudunsparce|225/343 slp|[from] item: Leftovers\n|upkeep\n|turn|24\n|\n|t:|1782860129\n|move|p1a: Jumpluff|Acrobatics|p2a: Dudunsparce\n|-damage|p2a: Dudunsparce|138/343 slp\n|-curestatus|p2a: Dudunsparce|slp|[msg]\n|move|p2a: Dudunsparce|Headbutt|p1a: Jumpluff\n|-crit|p1a: Jumpluff\n|-damage|p1a: Jumpluff|141/271\n|\n|-heal|p2a: Dudunsparce|159/343|[from] item: Leftovers\n|upkeep\n|turn|25\n|\n|t:|1782860131\n|move|p1a: Jumpluff|Sleep Powder|p2a: Dudunsparce\n|-status|p2a: Dudunsparce|slp|[from] move: Sleep Powder\n|cant|p2a: Dudunsparce|slp\n|\n|-heal|p2a: Dudunsparce|180/343 slp|[from] item: Leftovers\n|upkeep\n|turn|26\n|\n|t:|1782860132\n|move|p1a: Jumpluff|Strength Sap|p2a: Dudunsparce\n|-unboost|p2a: Dudunsparce|atk|1\n|-heal|p1a: Jumpluff|271/271\n|cant|p2a: Dudunsparce|slp\n|\n|-heal|p2a: Dudunsparce|201/343 slp|[from] item: Leftovers\n|upkeep\n|turn|27\n|\n|t:|1782860134\n|move|p1a: Jumpluff|Acrobatics|p2a: Dudunsparce\n|-damage|p2a: Dudunsparce|119/343 slp\n|-curestatus|p2a: Dudunsparce|slp|[msg]\n|move|p2a: Dudunsparce|Headbutt|p1a: Jumpluff\n|-damage|p1a: Jumpluff|231/271\n|\n|-heal|p2a: Dudunsparce|140/343|[from] item: Leftovers\n|upkeep\n|turn|28\n|\n|t:|1782860136\n|move|p1a: Jumpluff|Acrobatics|p2a: Dudunsparce\n|-damage|p2a: Dudunsparce|43/343\n|move|p2a: Dudunsparce|Roost|p2a: Dudunsparce\n|-heal|p2a: Dudunsparce|215/343\n|-singleturn|p2a: Dudunsparce|move: Roost\n|\n|-heal|p2a: Dudunsparce|236/343|[from] item: Leftovers\n|upkeep\n|turn|29\n|\n|t:|1782860137\n|move|p1a: Jumpluff|Strength Sap|p2a: Dudunsparce\n|-unboost|p2a: Dudunsparce|atk|1\n|-heal|p1a: Jumpluff|271/271\n|move|p2a: Dudunsparce|Headbutt|p1a: Jumpluff\n|-damage|p1a: Jumpluff|237/271\n|\n|-heal|p2a: Dudunsparce|257/343|[from] item: Leftovers\n|upkeep\n|turn|30\n|\n|t:|1782860138\n|move|p1a: Jumpluff|Sleep Powder|p2a: Dudunsparce\n|-status|p2a: Dudunsparce|slp|[from] move: Sleep Powder\n|cant|p2a: Dudunsparce|slp\n|\n|-heal|p2a: Dudunsparce|278/343 slp|[from] item: Leftovers\n|upkeep\n|turn|31\n|\n|t:|1782860140\n|move|p1a: Jumpluff|Acrobatics|p2a: Dudunsparce\n|-damage|p2a: Dudunsparce|194/343 slp\n|cant|p2a: Dudunsparce|slp\n|\n|-heal|p2a: Dudunsparce|215/343 slp|[from] item: Leftovers\n|upkeep\n|turn|32\n|\n|t:|1782860141\n|move|p1a: Jumpluff|Acrobatics|p2a: Dudunsparce\n|-damage|p2a: Dudunsparce|133/343 slp\n|cant|p2a: Dudunsparce|slp\n|\n|-heal|p2a: Dudunsparce|154/343 slp|[from] item: Leftovers\n|upkeep\n|turn|33\n|\n|t:|1782860143\n|move|p1a: Jumpluff|Acrobatics|p2a: Dudunsparce\n|-damage|p2a: Dudunsparce|66/343 slp\n|-curestatus|p2a: Dudunsparce|slp|[msg]\n|move|p2a: Dudunsparce|Roost|p2a: Dudunsparce\n|-heal|p2a: Dudunsparce|238/343\n|-singleturn|p2a: Dudunsparce|move: Roost\n|\n|-heal|p2a: Dudunsparce|259/343|[from] item: Leftovers\n|upkeep\n|turn|34\n|\n|t:|1782860144\n|move|p1a: Jumpluff|Acrobatics|p2a: Dudunsparce\n|-damage|p2a: Dudunsparce|165/343\n|move|p2a: Dudunsparce|Headbutt|p1a: Jumpluff\n|-damage|p1a: Jumpluff|200/271\n|\n|-heal|p2a: Dudunsparce|186/343|[from] item: Leftovers\n|upkeep\n|turn|35\n|\n|t:|1782860145\n|move|p1a: Jumpluff|Sleep Powder|p2a: Dudunsparce|[miss]\n|-miss|p1a: Jumpluff|p2a: Dudunsparce\n|move|p2a: Dudunsparce|Roost|p2a: Dudunsparce\n|-heal|p2a: Dudunsparce|343/343\n|-singleturn|p2a: Dudunsparce|move: Roost\n|\n|upkeep\n|turn|36\n|\n|t:|1782860146\n|move|p1a: Jumpluff|Acrobatics|p2a: Dudunsparce\n|-damage|p2a: Dudunsparce|261/343\n|move|p2a: Dudunsparce|Headbutt|p1a: Jumpluff\n|-damage|p1a: Jumpluff|164/271\n|\n|-heal|p2a: Dudunsparce|282/343|[from] item: Leftovers\n|upkeep\n|turn|37\n|\n|t:|1782860147\n|move|p1a: Jumpluff|Sleep Powder|p2a: Dudunsparce\n|-status|p2a: Dudunsparce|slp|[from] move: Sleep Powder\n|cant|p2a: Dudunsparce|slp\n|\n|-heal|p2a: Dudunsparce|303/343 slp|[from] item: Leftovers\n|upkeep\n|turn|38\n|\n|t:|1782860149\n|move|p1a: Jumpluff|Acrobatics|p2a: Dudunsparce\n|-damage|p2a: Dudunsparce|221/343 slp\n|cant|p2a: Dudunsparce|slp\n|\n|-heal|p2a: Dudunsparce|242/343 slp|[from] item: Leftovers\n|upkeep\n|turn|39\n|\n|t:|1782860150\n|move|p1a: Jumpluff|Acrobatics|p2a: Dudunsparce\n|-damage|p2a: Dudunsparce|151/343 slp\n|-curestatus|p2a: Dudunsparce|slp|[msg]\n|move|p2a: Dudunsparce|Headbutt|p1a: Jumpluff\n|-damage|p1a: Jumpluff|128/271\n|\n|-heal|p2a: Dudunsparce|172/343|[from] item: Leftovers\n|upkeep\n|turn|40\n|\n|t:|1782860152\n|move|p1a: Jumpluff|Strength Sap|p2a: Dudunsparce\n|-unboost|p2a: Dudunsparce|atk|1\n|-heal|p1a: Jumpluff|213/271\n|move|p2a: Dudunsparce|Roost|p2a: Dudunsparce\n|-heal|p2a: Dudunsparce|343/343\n|-singleturn|p2a: Dudunsparce|move: Roost\n|\n|upkeep\n|turn|41\n|\n|t:|1782860153\n|move|p1a: Jumpluff|Acrobatics|p2a: Dudunsparce\n|-damage|p2a: Dudunsparce|252/343\n|move|p2a: Dudunsparce|Headbutt|p1a: Jumpluff\n|-damage|p1a: Jumpluff|183/271\n|\n|-heal|p2a: Dudunsparce|273/343|[from] item: Leftovers\n|upkeep\n|turn|42\n|\n|t:|1782860154\n|move|p1a: Jumpluff|Sleep Powder|p2a: Dudunsparce\n|-status|p2a: Dudunsparce|slp|[from] move: Sleep Powder\n|cant|p2a: Dudunsparce|slp\n|\n|-heal|p2a: Dudunsparce|294/343 slp|[from] item: Leftovers\n|upkeep\n|turn|43\n|\n|t:|1782860161\n|move|p1a: Jumpluff|U-turn|p2a: Dudunsparce\n|-damage|p2a: Dudunsparce|255/343 slp\n|cant|p2a: Dudunsparce|slp\n|\n|-heal|p2a: Dudunsparce|276/343 slp|[from] item: Leftovers\n|upkeep\n|turn|44\n|\n|t:|1782860162\n|move|p1a: Jumpluff|Acrobatics|p2a: Dudunsparce\n|-damage|p2a: Dudunsparce|194/343 slp\n|-curestatus|p2a: Dudunsparce|slp|[msg]\n|move|p2a: Dudunsparce|Headbutt|p1a: Jumpluff\n|-damage|p1a: Jumpluff|156/271\n|\n|-heal|p2a: Dudunsparce|215/343|[from] item: Leftovers\n|upkeep\n|turn|45\n|\n|t:|1782860163\n|move|p1a: Jumpluff|Acrobatics|p2a: Dudunsparce\n|-damage|p2a: Dudunsparce|130/343\n|move|p2a: Dudunsparce|Headbutt|p1a: Jumpluff\n|-damage|p1a: Jumpluff|129/271\n|\n|-heal|p2a: Dudunsparce|151/343|[from] item: Leftovers\n|upkeep\n|turn|46\n|\n|t:|1782860165\n|move|p1a: Jumpluff|Sleep Powder|p2a: Dudunsparce\n|-status|p2a: Dudunsparce|slp|[from] move: Sleep Powder\n|cant|p2a: Dudunsparce|slp\n|\n|-heal|p2a: Dudunsparce|172/343 slp|[from] item: Leftovers\n|upkeep\n|turn|47\n|\n|t:|1782860166\n|move|p1a: Jumpluff|Strength Sap|p2a: Dudunsparce\n|-unboost|p2a: Dudunsparce|atk|1\n|-heal|p1a: Jumpluff|200/271\n|cant|p2a: Dudunsparce|slp\n|\n|-heal|p2a: Dudunsparce|193/343 slp|[from] item: Leftovers\n|upkeep\n|turn|48\n|\n|t:|1782860167\n|move|p1a: Jumpluff|Acrobatics|p2a: Dudunsparce\n|-damage|p2a: Dudunsparce|111/343 slp\n|cant|p2a: Dudunsparce|slp\n|\n|-heal|p2a: Dudunsparce|132/343 slp|[from] item: Leftovers\n|upkeep\n|turn|49\n|\n|t:|1782860169\n|move|p1a: Jumpluff|Acrobatics|p2a: Dudunsparce\n|-damage|p2a: Dudunsparce|50/343 slp\n|-curestatus|p2a: Dudunsparce|slp|[msg]\n|move|p2a: Dudunsparce|Roost|p2a: Dudunsparce\n|-heal|p2a: Dudunsparce|222/343\n|-singleturn|p2a: Dudunsparce|move: Roost\n|\n|-heal|p2a: Dudunsparce|243/343|[from] item: Leftovers\n|upkeep\n|turn|50\n|\n|t:|1782860171\n|move|p1a: Jumpluff|Sleep Powder|p2a: Dudunsparce\n|-status|p2a: Dudunsparce|slp|[from] move: Sleep Powder\n|cant|p2a: Dudunsparce|slp\n|\n|-heal|p2a: Dudunsparce|264/343 slp|[from] item: Leftovers\n|upkeep\n|turn|51\n|\n|t:|1782860172\n|move|p1a: Jumpluff|Acrobatics|p2a: Dudunsparce\n|-crit|p2a: Dudunsparce\n|-damage|p2a: Dudunsparce|138/343 slp\n|-curestatus|p2a: Dudunsparce|slp|[msg]\n|move|p2a: Dudunsparce|Headbutt|p1a: Jumpluff\n|-damage|p1a: Jumpluff|173/271\n|\n|-heal|p2a: Dudunsparce|159/343|[from] item: Leftovers\n|upkeep\n|turn|52\n|\n|t:|1782860173\n|move|p1a: Jumpluff|Acrobatics|p2a: Dudunsparce\n|-damage|p2a: Dudunsparce|69/343\n|move|p2a: Dudunsparce|Roost|p2a: Dudunsparce\n|-heal|p2a: Dudunsparce|241/343\n|-singleturn|p2a: Dudunsparce|move: Roost\n|\n|-heal|p2a: Dudunsparce|262/343|[from] item: Leftovers\n|upkeep\n|turn|53\n|\n|t:|1782860175\n|move|p1a: Jumpluff|U-turn|p2a: Dudunsparce\n|-damage|p2a: Dudunsparce|226/343\n|move|p2a: Dudunsparce|Headbutt|p1a: Jumpluff\n|-damage|p1a: Jumpluff|149/271\n|\n|-heal|p2a: Dudunsparce|247/343|[from] item: Leftovers\n|upkeep\n|turn|54\n|-message|Tidm forfeited.\n|\n|win|testbotcif\n|raw|Tidm's rating: 1302 &rarr; <strong>1284</strong><br />(-18 for losing)\n|raw|testbotcif's rating: 1331 &rarr; <strong>1349</strong><br />(+18 for winning)\n", "inputlog": ">version f8ac14003a5f27e1bdc8d8c59608a773c1cb96e5\n>start {\"formatid\":\"gen9randombattle\",\"seed\":\"sodium,99cc9c0cdee8ca69b6111d3b7834072b\",\"rated\":\"Rated battle\"}\n>player p1 {\"name\":\"Tidm\",\"avatar\":\"will\",\"rating\":1302,\"seed\":\"sodium,33472904df3e0fb3906af90b2213a8a5\"}\n>player p2 {\"name\":\"testbotcif\",\"avatar\":\"1\",\"rating\":1331,\"seed\":\"sodium,4b2240c6d6ffc2b08e1519c2b29b74ce\"}\n>chat \u2606testbotcif|rlhf\n>p1 move mysticalfire\n>p2 move avalanche\n>p1 switch 5\n>p1 move saltcure\n>p2 move bodypress terastallize\n>p1 move recover\n>p2 move bodypress\n>p1 switch 2\n>p1 move flareblitz\n>p2 move recover\n>p1 switch 4\n>p2 move recover\n>p1 move knockoff\n>p2 move bodypress\n>p1 move bulkup\n>p2 move recover\n>p1 move rest\n>p2 move bodypress\n>p1 move knockoff\n>p2 move bodypress\n>p1 move knockoff\n>p2 move avalanche\n>p2 switch 3\n>p1 move rest\n>p2 move flareblitz\n>p1 switch 4\n>p1 move bravebird\n>p2 switch 2\n>p1 move bravebird\n>p2 move liquidation\n>p2 switch 6\n>p1 switch 3\n>p2 move headbutt\n>p1 move shellsmash\n>p2 move earthquake\n>p1 switch 6\n>p1 move acrobatics\n>p2 move headbutt\n>p1 move sleeppowder\n>p2 move headbutt\n>p1 move uturn\n>p2 move headbutt\n>p1 switch 3\n>p1 move swordsdance\n>p2 move headbutt\n>p1 move terablast\n>p2 move headbutt\n>p1 switch 3\n>p1 move sleeppowder\n>p2 move headbutt\n>p1 move strengthsap\n>p2 move headbutt\n>p1 move acrobatics\n>p2 move headbutt\n>p1 move acrobatics\n>p2 move headbutt\n>p1 move sleeppowder\n>p2 move headbutt\n>p1 move strengthsap\n>p2 move headbutt\n>p1 move acrobatics\n>p2 move headbutt\n>p1 move acrobatics\n>p2 move roost\n>p1 move strengthsap\n>p2 move headbutt\n>p1 move sleeppowder\n>p2 move headbutt\n>p1 move acrobatics\n>p2 move headbutt\n>p1 move acrobatics\n>p2 move headbutt\n>p1 move acrobatics\n>p2 move roost\n>p1 move acrobatics\n>p2 move headbutt\n>p1 move sleeppowder\n>p2 move roost\n>p1 move acrobatics\n>p2 move headbutt\n>p1 move sleeppowder\n>p2 move headbutt\n>p1 move acrobatics\n>p2 move headbutt\n>p1 move acrobatics\n>p2 move headbutt\n>p1 move strengthsap\n>p2 move roost\n>p1 move acrobatics\n>p2 move headbutt\n>p1 move sleeppowder\n>p2 move headbutt\n>p1 move uturn\n>p2 move headbutt\n>p1 move acrobatics\n>p2 move headbutt\n>p1 move acrobatics\n>p2 move headbutt\n>p1 move sleeppowder\n>p2 move roost\n>p1 move strengthsap\n>p2 move headbutt\n>p1 move acrobatics\n>p2 move headbutt\n>p1 move acrobatics\n>p2 move roost\n>p1 move sleeppowder\n>p2 move headbutt\n>p1 move acrobatics\n>p2 move headbutt\n>p1 move acrobatics\n>p2 move roost\n>p1 move uturn\n>p2 move headbutt\n>forcelose p1", "uploadtime": 1782860177, "views": 8, "formatid": "gen9randombattle", "rating": 1284, "private": 0, "password": null, "player_dets": [{"name": "Tidm", "avatar": "will", "rating": 1302, "seed": "sodium,33472904df3e0fb3906af90b2213a8a5"}, {"name": "testbotcif", "avatar": "1", "rating": 1331, "seed": "sodium,4b2240c6d6ffc2b08e1519c2b29b74ce"}], "teams_full": [{"Flutter Mane": {"name": "Flutter Mane", "species": "Flutter Mane", "speciesId": "fluttermane", "gender": "N", "shiny": false, "level": 74, "moves": ["mysticalfire", "calmmind", "moonblast", "shadowball"], "ability": "Protosynthesis", "evs": {"hp": 85, "atk": 0, "def": 85, "spa": 85, "spd": 85, "spe": 85}, "ivs": {"hp": 31, "atk": 0, "def": 31, "spa": 31, "spd": 31, "spe": 31}, "item": "Life Orb", "teraType": "Fire", "role": "Setup Sweeper", "bvs": {"hp": 55, "atk": 55, "def": 55, "spa": 135, "spd": 135, "spe": 135}, "stats": {"hp": 203, "atk": 86, "def": 124, "spa": 243, "spd": 243, "spe": 243}, "types": ["Ghost", "Fairy"]}, "Talonflame": {"name": "Talonflame", "species": "Talonflame", "speciesId": "talonflame", "gender": "M", "shiny": false, "level": 83, "moves": ["terablast", "swordsdance", "bravebird", "flareblitz"], "ability": "Flame Body", "evs": {"hp": 85, "atk": 85, "def": 85, "spa": 85, "spd": 85, "spe": 85}, "ivs": {"hp": 31, "atk": 31, "def": 31, "spa": 31, "spd": 31, "spe": 31}, "item": "Heavy-Duty Boots", "teraType": "Ground", "role": "Tera Blast user", "bvs": {"hp": 78, "atk": 81, "def": 71, "spa": 74, "spd": 69, "spe": 126}, "stats": {"hp": 265, "atk": 182, "def": 166, "spa": 171, "spd": 162, "spe": 257}, "types": ["Fire", "Flying"]}, "Magcargo": {"name": "Magcargo", "species": "Magcargo", "speciesId": "magcargo", "gender": "F", "shiny": false, "level": 95, "moves": ["powergem", "shellsmash", "fireblast", "earthpower"], "ability": "Weak Armor", "evs": {"hp": 85, "atk": 0, "def": 85, "spa": 85, "spd": 85, "spe": 85}, "ivs": {"hp": 31, "atk": 0, "def": 31, "spa": 31, "spd": 31, "spe": 31}, "item": "Heavy-Duty Boots", "teraType": "Dragon", "role": "Setup Sweeper", "bvs": {"hp": 60, "atk": 50, "def": 120, "spa": 90, "spd": 80, "spe": 30}, "stats": {"hp": 268, "atk": 100, "def": 282, "spa": 225, "spd": 206, "spe": 111}, "types": ["Fire", "Rock"]}, "Scrafty": {"name": "Scrafty", "species": "Scrafty", "speciesId": "scrafty", "gender": "M", "shiny": false, "level": 83, "moves": ["rest", "bulkup", "knockoff", "drainpunch"], "ability": "Shed Skin", "evs": {"hp": 85, "atk": 85, "def": 85, "spa": 85, "spd": 85, "spe": 85}, "ivs": {"hp": 31, "atk": 31, "def": 31, "spa": 31, "spd": 31, "spe": 31}, "item": "Leftovers", "teraType": "Poison", "role": "Bulky Setup", "bvs": {"hp": 65, "atk": 90, "def": 115, "spa": 45, "spd": 115, "spe": 58}, "stats": {"hp": 244, "atk": 197, "def": 239, "spa": 122, "spd": 239, "spe": 144}, "types": ["Dark", "Fighting"]}, "Garganacl": {"name": "Garganacl", "species": "Garganacl", "speciesId": "garganacl", "gender": "M", "shiny": false, "level": 80, "moves": ["recover", "saltcure", "earthquake", "stealthrock"], "ability": "Purifying Salt", "evs": {"hp": 85, "atk": 85, "def": 85, "spa": 85, "spd": 85, "spe": 85}, "ivs": {"hp": 31, "atk": 31, "def": 31, "spa": 31, "spd": 31, "spe": 31}, "item": "Leftovers", "teraType": "Dragon", "role": "Bulky Attacker", "bvs": {"hp": 100, "atk": 100, "def": 130, "spa": 45, "spd": 90, "spe": 35}, "stats": {"hp": 291, "atk": 206, "def": 254, "spa": 118, "spd": 190, "spe": 102}, "types": ["Rock"]}, "Jumpluff": {"name": "Jumpluff", "species": "Jumpluff", "speciesId": "jumpluff", "gender": "M", "shiny": false, "level": 87, "moves": ["strengthsap", "sleeppowder", "uturn", "acrobatics"], "ability": "Infiltrator", "evs": {"hp": 81, "atk": 85, "def": 85, "spa": 85, "spd": 85, "spe": 85}, "ivs": {"hp": 31, "atk": 31, "def": 31, "spa": 31, "spd": 31, "spe": 31}, "item": "", "teraType": "Steel", "role": "Bulky Attacker", "bvs": {"hp": 75, "atk": 55, "def": 70, "spa": 55, "spd": 95, "spe": 110}, "stats": {"hp": 271, "atk": 145, "def": 172, "spa": 145, "spd": 215, "spe": 241}, "types": ["Grass", "Flying"]}}, {"Avalugg": {"name": "Avalugg", "species": "Avalugg-Hisui", "speciesId": "avalugghisui", "gender": "M", "shiny": false, "level": 90, "moves": ["stoneedge", "bodypress", "avalanche", "recover"], "ability": "Sturdy", "evs": {"hp": 85, "atk": 85, "def": 85, "spa": 85, "spd": 85, "spe": 85}, "ivs": {"hp": 31, "atk": 31, "def": 31, "spa": 31, "spd": 31, "spe": 31}, "item": "Heavy-Duty Boots", "teraType": "Ghost", "role": "Bulky Attacker", "bvs": {"hp": 95, "atk": 127, "def": 184, "spa": 34, "spd": 36, "spe": 38}, "stats": {"hp": 317, "atk": 280, "def": 383, "spa": 113, "spd": 116, "spe": 120}, "types": ["Ice", "Rock"]}, "Poliwrath": {"name": "Poliwrath", "species": "Poliwrath", "speciesId": "poliwrath", "gender": "F", "shiny": false, "level": 88, "moves": ["knockoff", "closecombat", "liquidation", "raindance"], "ability": "Swift Swim", "evs": {"hp": 85, "atk": 85, "def": 85, "spa": 85, "spd": 85, "spe": 85}, "ivs": {"hp": 31, "atk": 31, "def": 31, "spa": 31, "spd": 31, "spe": 31}, "item": "Life Orb", "teraType": "Water", "role": "Setup Sweeper", "bvs": {"hp": 90, "atk": 95, "def": 95, "spa": 70, "spd": 90, "spe": 70}, "stats": {"hp": 302, "atk": 217, "def": 217, "spa": 173, "spd": 209, "spe": 173}, "types": ["Water", "Fighting"]}, "Tauros": {"name": "Tauros", "species": "Tauros-Paldea-Blaze", "speciesId": "taurospaldeablaze", "gender": "M", "shiny": false, "level": 81, "moves": ["closecombat", "wildcharge", "flareblitz", "stoneedge"], "ability": "Intimidate", "evs": {"hp": 85, "atk": 85, "def": 85, "spa": 85, "spd": 85, "spe": 85}, "ivs": {"hp": 31, "atk": 31, "def": 31, "spa": 31, "spd": 31, "spe": 31}, "item": "Choice Band", "teraType": "Fighting", "role": "Wallbreaker", "bvs": {"hp": 75, "atk": 110, "def": 105, "spa": 30, "spd": 70, "spe": 100}, "stats": {"hp": 254, "atk": 225, "def": 217, "spa": 95, "spd": 160, "spe": 209}, "types": ["Fighting", "Fire"]}, "Lokix": {"name": "Lokix", "species": "Lokix", "speciesId": "lokix", "gender": "M", "shiny": false, "level": 82, "moves": ["firstimpression", "leechlife", "knockoff", "suckerpunch"], "ability": "Tinted Lens", "evs": {"hp": 85, "atk": 85, "def": 85, "spa": 85, "spd": 85, "spe": 85}, "ivs": {"hp": 31, "atk": 31, "def": 31, "spa": 31, "spd": 31, "spe": 31}, "item": "Life Orb", "teraType": "Bug", "role": "Wallbreaker", "bvs": {"hp": 71, "atk": 102, "def": 78, "spa": 52, "spd": 55, "spe": 92}, "stats": {"hp": 251, "atk": 214, "def": 175, "spa": 132, "spd": 137, "spe": 198}, "types": ["Bug", "Dark"]}, "Dugtrio": {"name": "Dugtrio", "species": "Dugtrio", "speciesId": "dugtrio", "gender": "F", "shiny": false, "level": 84, "moves": ["throatchop", "stoneedge", "suckerpunch", "earthquake"], "ability": "Arena Trap", "evs": {"hp": 85, "atk": 85, "def": 85, "spa": 85, "spd": 85, "spe": 85}, "ivs": {"hp": 31, "atk": 31, "def": 31, "spa": 31, "spd": 31, "spe": 31}, "item": "Choice Band", "teraType": "Ground", "role": "Wallbreaker", "bvs": {"hp": 35, "atk": 100, "def": 50, "spa": 50, "spd": 70, "spe": 120}, "stats": {"hp": 196, "atk": 216, "def": 132, "spa": 132, "spd": 166, "spe": 250}, "types": ["Ground"]}, "Dudunsparce": {"name": "Dudunsparce", "species": "Dudunsparce", "speciesId": "dudunsparce", "gender": "M", "shiny": false, "level": 83, "moves": ["roost", "headbutt", "earthquake", "glare"], "ability": "Serene Grace", "evs": {"hp": 85, "atk": 85, "def": 85, "spa": 85, "spd": 85, "spe": 85}, "ivs": {"hp": 31, "atk": 31, "def": 31, "spa": 31, "spd": 31, "spe": 31}, "item": "Leftovers", "teraType": "Ghost", "role": "Bulky Support", "bvs": {"hp": 125, "atk": 100, "def": 80, "spa": 85, "spd": 75, "spe": 55}, "stats": {"hp": 343, "atk": 214, "def": 180, "spa": 189, "spd": 172, "spe": 139}, "types": ["Normal"]}}]}