{"id": "gen9randombattle-2642098053", "format": "[Gen 9] Random Battle", "players": ["Cynthia'sWetRag", "Takenicchi"], "log": "|j|\u2606Cynthia'sWetRag\n|j|\u203dTakenicchi\n|t:|1782889458\n|gametype|singles\n|player|p1|Cynthia'sWetRag|ruinmaniac|1301\n|player|p2|Takenicchi|170|1310\n|gen|9\n|tier|[Gen 9] Random Battle\n|rated|\n|rule|Species Clause: Limit one of each Pok\u00e9mon\n|rule|HP Percentage Mod: HP is shown in percentages\n|rule|Sleep Clause Mod: Limit one foe put to sleep\n|rule|Illusion Level Mod: Illusion disguises the Pok\u00e9mon's true level\n|\n|t:|1782889458\n|teamsize|p1|6\n|teamsize|p2|6\n|start\n|switch|p1a: Zarude|Zarude-Dada, L77|288/288\n|switch|p2a: Dragapult|Dragapult, L77, F|262/262\n|turn|1\n|inactive|Battle timer is ON: inactive players will automatically lose when time's up. (requested by Cynthia'sWetRag)\n|\n|t:|1782889482\n|switch|p2a: Umbreon|Umbreon, L84, M|297/297\n|move|p1a: Zarude|Knock Off|p2a: Umbreon\n|-resisted|p2a: Umbreon\n|-damage|p2a: Umbreon|255/297\n|-enditem|p2a: Umbreon|Leftovers|[from] move: Knock Off|[of] p1a: Zarude\n|\n|upkeep\n|turn|2\n|\n|t:|1782889500\n|switch|p1a: Cramorant|Cramorant, L86, M|261/261\n|move|p2a: Umbreon|Toxic|p1a: Cramorant\n|-status|p1a: Cramorant|tox\n|\n|-damage|p1a: Cramorant|245/261 tox|[from] psn\n|upkeep\n|turn|3\n|\n|t:|1782889513\n|move|p1a: Cramorant|Surf|p2a: Umbreon\n|-formechange|p1a: Cramorant|Cramorant-Gulping|\n|-damage|p2a: Umbreon|188/297\n|move|p2a: Umbreon|Wish|p2a: Umbreon\n|\n|-damage|p1a: Cramorant|213/261 tox|[from] psn\n|upkeep\n|turn|4\n|\n|t:|1782889521\n|switch|p1a: Empoleon|Empoleon, L84, M|278/278\n|move|p2a: Umbreon|Protect||[still]\n|-fail|p2a: Umbreon\n|\n|-heal|p2a: Umbreon|297/297|[from] move: Wish|[wisher] Umbreon\n|upkeep\n|turn|5\n|\n|t:|1782889539\n|switch|p2a: Dondozo|Dondozo, L78, F|362/362\n|move|p1a: Empoleon|Surf|p2a: Dondozo\n|-resisted|p2a: Dondozo\n|-damage|p2a: Dondozo|288/362\n|\n|-heal|p2a: Dondozo|310/362|[from] item: Leftovers\n|upkeep\n|turn|6\n|\n|t:|1782889551\n|move|p1a: Empoleon|Yawn|p2a: Dondozo\n|-start|p2a: Dondozo|move: Yawn|[of] p1a: Empoleon\n|move|p2a: Dondozo|Curse|p2a: Dondozo\n|-unboost|p2a: Dondozo|spe|1\n|-boost|p2a: Dondozo|atk|1\n|-boost|p2a: Dondozo|def|1\n|\n|-heal|p2a: Dondozo|332/362|[from] item: Leftovers\n|upkeep\n|turn|7\n|\n|t:|1782889561\n|move|p1a: Empoleon|Knock Off|p2a: Dondozo\n|-damage|p2a: Dondozo|292/362\n|-enditem|p2a: Dondozo|Leftovers|[from] move: Knock Off|[of] p1a: Empoleon\n|move|p2a: Dondozo|Curse|p2a: Dondozo\n|-unboost|p2a: Dondozo|spe|1\n|-boost|p2a: Dondozo|atk|1\n|-boost|p2a: Dondozo|def|1\n|\n|-end|p2a: Dondozo|move: Yawn|[silent]\n|-status|p2a: Dondozo|slp\n|upkeep\n|turn|8\n|\n|t:|1782889575\n|switch|p1a: Meganium|Meganium, L90, M|290/290\n|cant|p2a: Dondozo|slp\n|move|p2a: Dondozo|Sleep Talk|p2a: Dondozo\n|move|p2a: Dondozo|Curse|p2a: Dondozo|[from] move: Sleep Talk\n|-unboost|p2a: Dondozo|spe|1\n|-boost|p2a: Dondozo|atk|1\n|-boost|p2a: Dondozo|def|1\n|\n|upkeep\n|turn|9\n|\n|t:|1782889587\n|switch|p2a: Umbreon|Umbreon, L84, M|297/297\n|move|p1a: Meganium|Energy Ball|p2a: Umbreon\n|-damage|p2a: Umbreon|218/297\n|\n|upkeep\n|turn|10\n|\n|t:|1782889598\n|switch|p1a: Cramorant|Cramorant, L86, M|213/261 tox\n|move|p2a: Umbreon|Wish|p2a: Umbreon\n|\n|-damage|p1a: Cramorant|197/261 tox|[from] psn\n|upkeep\n|turn|11\n|\n|t:|1782889607\n|switch|p1a: Empoleon|Empoleon, L84, M|278/278\n|move|p2a: Umbreon|Foul Play|p1a: Empoleon\n|-damage|p1a: Empoleon|182/278\n|\n|-heal|p2a: Umbreon|297/297|[from] move: Wish|[wisher] Umbreon\n|-heal|p1a: Empoleon|199/278|[from] item: Leftovers\n|upkeep\n|turn|12\n|\n|t:|1782889620\n|move|p2a: Umbreon|Foul Play|p1a: Empoleon\n|-damage|p1a: Empoleon|103/278\n|move|p1a: Empoleon|Surf|p2a: Umbreon\n|-damage|p2a: Umbreon|224/297\n|\n|-heal|p1a: Empoleon|120/278|[from] item: Leftovers\n|upkeep\n|turn|13\n|\n|t:|1782889627\n|move|p2a: Umbreon|Wish|p2a: Umbreon\n|move|p1a: Empoleon|Roost|p1a: Empoleon\n|-heal|p1a: Empoleon|259/278\n|-singleturn|p1a: Empoleon|move: Roost\n|\n|-heal|p1a: Empoleon|276/278|[from] item: Leftovers\n|upkeep\n|turn|14\n|\n|t:|1782889643\n|move|p2a: Umbreon|Foul Play|p1a: Empoleon\n|-damage|p1a: Empoleon|177/278\n|move|p1a: Empoleon|Surf|p2a: Umbreon\n|-damage|p2a: Umbreon|140/297\n|\n|-heal|p2a: Umbreon|288/297|[from] move: Wish|[wisher] Umbreon\n|-heal|p1a: Empoleon|194/278|[from] item: Leftovers\n|upkeep\n|turn|15\n|\n|t:|1782889653\n|switch|p1a: Zarude|Zarude-Dada, L77|288/288\n|move|p2a: Umbreon|Foul Play|p1a: Zarude\n|-resisted|p1a: Zarude\n|-damage|p1a: Zarude|232/288\n|\n|upkeep\n|turn|16\n|\n|t:|1782889660\n|move|p1a: Zarude|U-turn|p2a: Umbreon\n|-supereffective|p2a: Umbreon\n|-damage|p2a: Umbreon|198/297\n|\n|t:|1782889664\n|switch|p1a: Empoleon|Empoleon, L84, M|194/278|[from] U-turn\n|move|p2a: Umbreon|Toxic|p1a: Empoleon\n|-immune|p1a: Empoleon\n|\n|-heal|p1a: Empoleon|211/278|[from] item: Leftovers\n|upkeep\n|turn|17\n|\n|t:|1782889671\n|move|p2a: Umbreon|Wish|p2a: Umbreon\n|move|p1a: Empoleon|Surf|p2a: Umbreon\n|-damage|p2a: Umbreon|116/297\n|\n|-heal|p1a: Empoleon|228/278|[from] item: Leftovers\n|upkeep\n|turn|18\n|\n|t:|1782889677\n|move|p2a: Umbreon|Protect|p2a: Umbreon\n|-singleturn|p2a: Umbreon|Protect\n|move|p1a: Empoleon|Surf|p2a: Umbreon\n|-activate|p2a: Umbreon|move: Protect\n|\n|-heal|p2a: Umbreon|264/297|[from] move: Wish|[wisher] Umbreon\n|-heal|p1a: Empoleon|245/278|[from] item: Leftovers\n|upkeep\n|turn|19\n|\n|t:|1782889685\n|move|p2a: Umbreon|Foul Play|p1a: Empoleon\n|-damage|p1a: Empoleon|160/278\n|move|p1a: Empoleon|Surf|p2a: Umbreon\n|-damage|p2a: Umbreon|183/297\n|\n|-heal|p1a: Empoleon|177/278|[from] item: Leftovers\n|upkeep\n|turn|20\n|\n|t:|1782889693\n|move|p2a: Umbreon|Wish|p2a: Umbreon\n|move|p1a: Empoleon|Roost|p1a: Empoleon\n|-heal|p1a: Empoleon|278/278\n|-singleturn|p1a: Empoleon|move: Roost\n|\n|upkeep\n|turn|21\n|\n|t:|1782889699\n|move|p2a: Umbreon|Foul Play|p1a: Empoleon\n|-damage|p1a: Empoleon|194/278\n|move|p1a: Empoleon|Surf|p2a: Umbreon\n|-damage|p2a: Umbreon|110/297\n|\n|-heal|p2a: Umbreon|258/297|[from] move: Wish|[wisher] Umbreon\n|-heal|p1a: Empoleon|211/278|[from] item: Leftovers\n|upkeep\n|turn|22\n|c|\u2606Cynthia'sWetRag|i got more surfs than ur wishes son\n|\n|t:|1782889715\n|move|p2a: Umbreon|Wish|p2a: Umbreon\n|move|p1a: Empoleon|Surf|p2a: Umbreon\n|-damage|p2a: Umbreon|182/297\n|\n|-heal|p1a: Empoleon|228/278|[from] item: Leftovers\n|upkeep\n|turn|23\n|\n|t:|1782889731\n|switch|p1a: Zarude|Zarude-Dada, L77|232/288\n|move|p2a: Umbreon|Foul Play|p1a: Zarude\n|-resisted|p1a: Zarude\n|-damage|p1a: Zarude|184/288\n|\n|-heal|p2a: Umbreon|297/297|[from] move: Wish|[wisher] Umbreon\n|upkeep\n|turn|24\n|\n|t:|1782889740\n|move|p1a: Zarude|Close Combat|p2a: Umbreon\n|-supereffective|p2a: Umbreon\n|-damage|p2a: Umbreon|145/297\n|-unboost|p1a: Zarude|def|1\n|-unboost|p1a: Zarude|spd|1\n|move|p2a: Umbreon|Foul Play|p1a: Zarude\n|-resisted|p1a: Zarude\n|-damage|p1a: Zarude|102/288\n|\n|upkeep\n|turn|25\n|\n|t:|1782889750\n|move|p2a: Umbreon|Protect|p2a: Umbreon\n|-singleturn|p2a: Umbreon|Protect\n|move|p1a: Zarude|Close Combat|p2a: Umbreon\n|-activate|p2a: Umbreon|move: Protect\n|\n|upkeep\n|turn|26\n|\n|t:|1782889761\n|switch|p2a: Dragapult|Dragapult, L77, F|262/262\n|move|p1a: Zarude|Close Combat|p2a: Dragapult\n|-immune|p2a: Dragapult\n|\n|upkeep\n|turn|27\n|\n|t:|1782889775\n|switch|p1a: Cramorant|Cramorant, L86, M|197/261 tox\n|move|p2a: Dragapult|Dragon Darts|p1a: Cramorant\n|-damage|p1a: Cramorant|107/261 tox\n|-anim|p2a: Dragapult|Dragon Darts|p1a: Cramorant\n|-damage|p1a: Cramorant|6/261 tox\n|-damage|p2a: Dragapult|236/262|[from] item: Life Orb\n|\n|-damage|p1a: Cramorant|0 fnt|[from] psn\n|faint|p1a: Cramorant\n|upkeep\n|\n|t:|1782889788\n|switch|p1a: Empoleon|Empoleon, L84, M|228/278\n|turn|28\n|\n|t:|1782889793\n|move|p2a: Dragapult|Dragon Dance|p2a: Dragapult\n|-boost|p2a: Dragapult|atk|1\n|-boost|p2a: Dragapult|spe|1\n|move|p1a: Empoleon|Knock Off|p2a: Dragapult\n|-supereffective|p2a: Dragapult\n|-damage|p2a: Dragapult|84/262\n|-enditem|p2a: Dragapult|Life Orb|[from] move: Knock Off|[of] p1a: Empoleon\n|\n|-heal|p1a: Empoleon|245/278|[from] item: Leftovers\n|upkeep\n|turn|29\n|\n|t:|1782889803\n|move|p2a: Dragapult|Dragon Darts|p1a: Empoleon\n|-resisted|p1a: Empoleon\n|-damage|p1a: Empoleon|203/278\n|-anim|p2a: Dragapult|Dragon Darts|p1a: Empoleon\n|-resisted|p1a: Empoleon\n|-damage|p1a: Empoleon|164/278\n|move|p1a: Empoleon|Knock Off|p2a: Dragapult\n|-supereffective|p2a: Dragapult\n|-crit|p2a: Dragapult\n|-damage|p2a: Dragapult|0 fnt\n|faint|p2a: Dragapult\n|\n|-heal|p1a: Empoleon|181/278|[from] item: Leftovers\n|upkeep\n|c|\u2606Cynthia'sWetRag|tsk tsk\n|\n|t:|1782889815\n|switch|p2a: Palafin|Palafin, L77, F|281/281\n|turn|30\n|\n|t:|1782889825\n|detailschange|p2a: Palafin|Palafin-Hero, L77, F\n|switch|p2a: Dondozo|Dondozo, L78, F|292/362 slp\n|move|p1a: Empoleon|Roost|p1a: Empoleon\n|-heal|p1a: Empoleon|278/278\n|-singleturn|p1a: Empoleon|move: Roost\n|\n|upkeep\n|turn|31\n|\n|t:|1782889840\n|switch|p1a: Meganium|Meganium, L90, M|290/290\n|cant|p2a: Dondozo|slp\n|move|p2a: Dondozo|Sleep Talk|p2a: Dondozo\n|move|p2a: Dondozo|Curse|p2a: Dondozo|[from] move: Sleep Talk\n|-unboost|p2a: Dondozo|spe|1\n|-boost|p2a: Dondozo|atk|1\n|-boost|p2a: Dondozo|def|1\n|\n|upkeep\n|turn|32\n|\n|t:|1782889854\n|switch|p2a: Goodra|Goodra-Hisui, L82, F|265/265\n|move|p1a: Meganium|Energy Ball|p2a: Goodra\n|-ability|p2a: Goodra|Sap Sipper|boost\n|-boost|p2a: Goodra|atk|1\n|\n|upkeep\n|turn|33\n|\n|t:|1782889868\n|move|p2a: Goodra|Knock Off|p1a: Meganium\n|-damage|p1a: Meganium|201/290\n|-enditem|p1a: Meganium|Leftovers|[from] move: Knock Off|[of] p2a: Goodra\n|move|p1a: Meganium|Dragon Tail|p2a: Goodra|[miss]\n|-miss|p1a: Meganium|p2a: Goodra\n|\n|upkeep\n|turn|34\n|\n|t:|1782889879\n|move|p1a: Meganium|Knock Off|p2a: Goodra\n|-damage|p2a: Goodra|203/265\n|-enditem|p2a: Goodra|Assault Vest|[from] move: Knock Off|[of] p1a: Meganium\n|move|p2a: Goodra|Heavy Slam|p1a: Meganium\n|-damage|p1a: Meganium|102/290\n|\n|upkeep\n|turn|35\n|\n|t:|1782889890\n|switch|p1a: Empoleon|Empoleon, L84, M|278/278\n|move|p2a: Goodra|Draco Meteor|p1a: Empoleon\n|-resisted|p1a: Empoleon\n|-damage|p1a: Empoleon|212/278\n|-unboost|p2a: Goodra|spa|2\n|\n|-heal|p1a: Empoleon|229/278|[from] item: Leftovers\n|upkeep\n|turn|36\n|\n|t:|1782889908\n|switch|p1a: Spectrier|Spectrier, L75|274/274\n|move|p2a: Goodra|Knock Off|p1a: Spectrier\n|-supereffective|p1a: Spectrier\n|-damage|p1a: Spectrier|0 fnt\n|-enditem|p1a: Spectrier|Life Orb|[from] move: Knock Off|[of] p2a: Goodra\n|faint|p1a: Spectrier\n|\n|upkeep\n|\n|t:|1782889917\n|switch|p1a: Zarude|Zarude-Dada, L77|102/288\n|turn|37\n|\n|t:|1782889924\n|move|p1a: Zarude|Close Combat|p2a: Goodra\n|-supereffective|p2a: Goodra\n|-damage|p2a: Goodra|51/265\n|-unboost|p1a: Zarude|def|1\n|-unboost|p1a: Zarude|spd|1\n|move|p2a: Goodra|Heavy Slam|p1a: Zarude\n|-damage|p1a: Zarude|0 fnt\n|faint|p1a: Zarude\n|\n|upkeep\n|\n|t:|1782889935\n|switch|p1a: Iron Thorns|Iron Thorns, L83|302/302\n|turn|38\n|\n|t:|1782889951\n|move|p1a: Iron Thorns|Earthquake|p2a: Goodra\n|-supereffective|p2a: Goodra\n|-damage|p2a: Goodra|0 fnt\n|faint|p2a: Goodra\n|\n|upkeep\n|\n|t:|1782889959\n|switch|p2a: Palafin|Palafin-Hero, L77, F|281/281\n|-activate|p2a: Palafin|ability: Zero to Hero\n|turn|39\n|\n|t:|1782889968\n|-end|p1a: Iron Thorns|Quark Drive|[silent]\n|switch|p1a: Empoleon|Empoleon, L84, M|229/278\n|-terastallize|p2a: Palafin|Steel\n|move|p2a: Palafin|Bulk Up|p2a: Palafin\n|-boost|p2a: Palafin|atk|1\n|-boost|p2a: Palafin|def|1\n|\n|-heal|p1a: Empoleon|246/278|[from] item: Leftovers\n|upkeep\n|turn|40\n|\n|t:|1782889980\n|move|p2a: Palafin|Wave Crash|p1a: Empoleon\n|-resisted|p1a: Empoleon\n|-damage|p1a: Empoleon|137/278\n|-damage|p2a: Palafin|245/281|[from] Recoil\n|move|p1a: Empoleon|Knock Off|p2a: Palafin\n|-damage|p2a: Palafin|199/281\n|-enditem|p2a: Palafin|Leftovers|[from] move: Knock Off|[of] p1a: Empoleon\n|\n|-heal|p1a: Empoleon|154/278|[from] item: Leftovers\n|upkeep\n|turn|41\n|\n|t:|1782890004\n|move|p2a: Palafin|Wave Crash|p1a: Empoleon\n|-resisted|p1a: Empoleon\n|-damage|p1a: Empoleon|25/278\n|-damage|p2a: Palafin|156/281|[from] Recoil\n|move|p1a: Empoleon|Surf|p2a: Palafin\n|-damage|p2a: Palafin|45/281\n|\n|-heal|p1a: Empoleon|42/278|[from] item: Leftovers\n|upkeep\n|turn|42\n|\n|t:|1782890020\n|switch|p1a: Meganium|Meganium, L90, M|102/290\n|move|p2a: Palafin|Wave Crash|p1a: Meganium\n|-resisted|p1a: Meganium\n|-damage|p1a: Meganium|0 fnt\n|faint|p1a: Meganium\n|-damage|p2a: Palafin|11/281|[from] Recoil\n|\n|upkeep\n|\n|t:|1782890031\n|switch|p1a: Iron Thorns|Iron Thorns, L83|302/302\n|turn|43\n|\n|t:|1782890046\n|-terastallize|p1a: Iron Thorns|Flying\n|move|p2a: Palafin|Jet Punch|p1a: Iron Thorns\n|-damage|p1a: Iron Thorns|203/302\n|move|p1a: Iron Thorns|Earthquake|p2a: Palafin\n|-supereffective|p2a: Palafin\n|-damage|p2a: Palafin|0 fnt\n|faint|p2a: Palafin\n|\n|upkeep\n|c|\u2606Cynthia'sWetRag|im boutta poop\n|\n|t:|1782890067\n|switch|p2a: Dondozo|Dondozo, L78, F|292/362 slp\n|turn|44\n|\n|t:|1782890073\n|-end|p1a: Iron Thorns|Quark Drive|[silent]\n|switch|p1a: Empoleon|Empoleon, L84, M|42/278\n|cant|p2a: Dondozo|slp\n|move|p2a: Dondozo|Sleep Talk|p2a: Dondozo\n|move|p2a: Dondozo|Curse|p2a: Dondozo|[from] move: Sleep Talk\n|-unboost|p2a: Dondozo|spe|1\n|-boost|p2a: Dondozo|atk|1\n|-boost|p2a: Dondozo|def|1\n|\n|-heal|p1a: Empoleon|59/278|[from] item: Leftovers\n|upkeep\n|turn|45\n|\n|t:|1782890083\n|switch|p1a: Iron Thorns|Iron Thorns, L83, tera:Flying|203/302\n|-curestatus|p2a: Dondozo|slp|[msg]\n|move|p2a: Dondozo|Wave Crash|p1a: Iron Thorns\n|-damage|p1a: Iron Thorns|58/302\n|-damage|p2a: Dondozo|244/362|[from] Recoil\n|\n|upkeep\n|turn|46\n|\n|t:|1782890092\n|move|p1a: Iron Thorns|Wild Charge|p2a: Dondozo\n|-supereffective|p2a: Dondozo\n|-damage|p2a: Dondozo|22/362\n|-damage|p1a: Iron Thorns|2/302|[from] Recoil\n|move|p2a: Dondozo|Wave Crash|p1a: Iron Thorns\n|-damage|p1a: Iron Thorns|0 fnt\n|faint|p1a: Iron Thorns\n|-end|p1a: Iron Thorns|Quark Drive|[silent]\n|-damage|p2a: Dondozo|21/362|[from] Recoil\n|\n|upkeep\n|\n|t:|1782890102\n|switch|p1a: Empoleon|Empoleon, L84, M|59/278\n|turn|47\n|\n|t:|1782890106\n|move|p1a: Empoleon|Surf|p2a: Dondozo\n|-resisted|p2a: Dondozo\n|-damage|p2a: Dondozo|0 fnt\n|faint|p2a: Dondozo\n|\n|-heal|p1a: Empoleon|76/278|[from] item: Leftovers\n|upkeep\n|\n|t:|1782890112\n|switch|p2a: Chansey|Chansey, L85, F|564/564\n|turn|48\n|\n|t:|1782890119\n|move|p1a: Empoleon|Roost|p1a: Empoleon\n|-heal|p1a: Empoleon|215/278\n|-singleturn|p1a: Empoleon|move: Roost\n|move|p2a: Chansey|Thunder Wave|p1a: Empoleon\n|-status|p1a: Empoleon|par\n|\n|-heal|p1a: Empoleon|232/278 par|[from] item: Leftovers\n|upkeep\n|turn|49\n|\n|t:|1782890127\n|move|p2a: Chansey|Seismic Toss|p1a: Empoleon\n|-damage|p1a: Empoleon|147/278 par\n|move|p1a: Empoleon|Knock Off|p2a: Chansey\n|-damage|p2a: Chansey|421/564\n|-enditem|p2a: Chansey|Eviolite|[from] move: Knock Off|[of] p1a: Empoleon\n|\n|-heal|p1a: Empoleon|164/278 par|[from] item: Leftovers\n|upkeep\n|turn|50\n|\n|t:|1782890135\n|move|p2a: Chansey|Seismic Toss|p1a: Empoleon\n|-damage|p1a: Empoleon|79/278 par\n|move|p1a: Empoleon|Roost|p1a: Empoleon\n|-heal|p1a: Empoleon|218/278 par\n|-singleturn|p1a: Empoleon|move: Roost\n|\n|-heal|p1a: Empoleon|235/278 par|[from] item: Leftovers\n|upkeep\n|turn|51\n|\n|t:|1782890142\n|move|p2a: Chansey|Seismic Toss|p1a: Empoleon\n|-damage|p1a: Empoleon|150/278 par\n|cant|p1a: Empoleon|par\n|\n|-heal|p1a: Empoleon|167/278 par|[from] item: Leftovers\n|upkeep\n|turn|52\n|\n|t:|1782890149\n|move|p2a: Chansey|Seismic Toss|p1a: Empoleon\n|-damage|p1a: Empoleon|82/278 par\n|move|p1a: Empoleon|Roost|p1a: Empoleon\n|-heal|p1a: Empoleon|221/278 par\n|-singleturn|p1a: Empoleon|move: Roost\n|\n|-heal|p1a: Empoleon|238/278 par|[from] item: Leftovers\n|upkeep\n|turn|53\n|\n|t:|1782890156\n|move|p2a: Chansey|Seismic Toss|p1a: Empoleon\n|-damage|p1a: Empoleon|153/278 par\n|move|p1a: Empoleon|Yawn|p2a: Chansey\n|-start|p2a: Chansey|move: Yawn|[of] p1a: Empoleon\n|\n|-heal|p1a: Empoleon|170/278 par|[from] item: Leftovers\n|upkeep\n|turn|54\n|\n|t:|1782890177\n|move|p2a: Chansey|Seismic Toss|p1a: Empoleon\n|-damage|p1a: Empoleon|85/278 par\n|move|p1a: Empoleon|Surf|p2a: Chansey\n|-damage|p2a: Chansey|322/564\n|\n|-heal|p1a: Empoleon|102/278 par|[from] item: Leftovers\n|-end|p2a: Chansey|move: Yawn|[silent]\n|-status|p2a: Chansey|slp\n|upkeep\n|turn|55\n|\n|t:|1782890187\n|cant|p2a: Chansey|slp\n|cant|p1a: Empoleon|par\n|\n|-heal|p1a: Empoleon|119/278 par|[from] item: Leftovers\n|upkeep\n|turn|56\n|\n|t:|1782890192\n|cant|p2a: Chansey|slp\n|cant|p1a: Empoleon|par\n|\n|-heal|p1a: Empoleon|136/278 par|[from] item: Leftovers\n|upkeep\n|turn|57\n|c|\u2606Cynthia'sWetRag|nice\n|\n|t:|1782890200\n|cant|p2a: Chansey|slp\n|cant|p1a: Empoleon|par\n|\n|-heal|p1a: Empoleon|153/278 par|[from] item: Leftovers\n|upkeep\n|turn|58\n|c|\u2606Cynthia'sWetRag|might as well shoot me in the head while ur at it\n|\n|t:|1782890216\n|-curestatus|p2a: Chansey|slp|[msg]\n|move|p2a: Chansey|Seismic Toss|p1a: Empoleon\n|-damage|p1a: Empoleon|68/278 par\n|move|p1a: Empoleon|Roost|p1a: Empoleon\n|-heal|p1a: Empoleon|207/278 par\n|-singleturn|p1a: Empoleon|move: Roost\n|\n|-heal|p1a: Empoleon|224/278 par|[from] item: Leftovers\n|upkeep\n|turn|59\n|\n|t:|1782890226\n|move|p2a: Chansey|Seismic Toss|p1a: Empoleon\n|-damage|p1a: Empoleon|139/278 par\n|cant|p1a: Empoleon|par\n|\n|-heal|p1a: Empoleon|156/278 par|[from] item: Leftovers\n|upkeep\n|turn|60\n|\n|t:|1782890234\n|move|p2a: Chansey|Seismic Toss|p1a: Empoleon\n|-damage|p1a: Empoleon|71/278 par\n|move|p1a: Empoleon|Yawn|p2a: Chansey\n|-start|p2a: Chansey|move: Yawn|[of] p1a: Empoleon\n|\n|-heal|p1a: Empoleon|88/278 par|[from] item: Leftovers\n|upkeep\n|turn|61\n|c|\u2606Cynthia'sWetRag|after a certain point its just funny\n|\n|t:|1782890245\n|move|p2a: Chansey|Seismic Toss|p1a: Empoleon\n|-damage|p1a: Empoleon|3/278 par\n|move|p1a: Empoleon|Roost|p1a: Empoleon\n|-heal|p1a: Empoleon|142/278 par\n|-singleturn|p1a: Empoleon|move: Roost\n|\n|-heal|p1a: Empoleon|159/278 par|[from] item: Leftovers\n|-end|p2a: Chansey|move: Yawn|[silent]\n|-status|p2a: Chansey|slp\n|upkeep\n|turn|62\n|\n|t:|1782890254\n|cant|p2a: Chansey|slp\n|move|p1a: Empoleon|Surf|p2a: Chansey\n|-damage|p2a: Chansey|222/564 slp\n|\n|-heal|p1a: Empoleon|176/278 par|[from] item: Leftovers\n|upkeep\n|turn|63\n|\n|t:|1782890261\n|-curestatus|p2a: Chansey|slp|[msg]\n|move|p2a: Chansey|Soft-Boiled|p2a: Chansey\n|-heal|p2a: Chansey|504/564\n|move|p1a: Empoleon|Surf|p2a: Chansey\n|-damage|p2a: Chansey|414/564\n|\n|-heal|p1a: Empoleon|193/278 par|[from] item: Leftovers\n|upkeep\n|turn|64\n|\n|t:|1782890269\n|move|p2a: Chansey|Seismic Toss|p1a: Empoleon\n|-damage|p1a: Empoleon|108/278 par\n|move|p1a: Empoleon|Yawn|p2a: Chansey\n|-start|p2a: Chansey|move: Yawn|[of] p1a: Empoleon\n|\n|-heal|p1a: Empoleon|125/278 par|[from] item: Leftovers\n|upkeep\n|turn|65\n|\n|t:|1782890276\n|move|p2a: Chansey|Seismic Toss|p1a: Empoleon\n|-damage|p1a: Empoleon|40/278 par\n|move|p1a: Empoleon|Surf|p2a: Chansey\n|-damage|p2a: Chansey|326/564\n|\n|-heal|p1a: Empoleon|57/278 par|[from] item: Leftovers\n|-end|p2a: Chansey|move: Yawn|[silent]\n|-status|p2a: Chansey|slp\n|upkeep\n|turn|66\n|\n|t:|1782890284\n|cant|p2a: Chansey|slp\n|move|p1a: Empoleon|Surf|p2a: Chansey\n|-damage|p2a: Chansey|238/564 slp\n|\n|-heal|p1a: Empoleon|74/278 par|[from] item: Leftovers\n|upkeep\n|turn|67\n|\n|t:|1782890290\n|cant|p2a: Chansey|slp\n|move|p1a: Empoleon|Surf|p2a: Chansey\n|-damage|p2a: Chansey|142/564 slp\n|\n|-heal|p1a: Empoleon|91/278 par|[from] item: Leftovers\n|upkeep\n|turn|68\n|\n|t:|1782890297\n|cant|p2a: Chansey|slp\n|move|p1a: Empoleon|Surf|p2a: Chansey\n|-damage|p2a: Chansey|46/564 slp\n|\n|-heal|p1a: Empoleon|108/278 par|[from] item: Leftovers\n|upkeep\n|turn|69\n|\n|t:|1782890306\n|-curestatus|p2a: Chansey|slp|[msg]\n|move|p2a: Chansey|Seismic Toss|p1a: Empoleon\n|-damage|p1a: Empoleon|23/278 par\n|cant|p1a: Empoleon|par\n|\n|-heal|p1a: Empoleon|40/278 par|[from] item: Leftovers\n|upkeep\n|turn|70\n|c|\u2606Cynthia'sWetRag|yup\n|\n|t:|1782890315\n|move|p2a: Chansey|Seismic Toss|p1a: Empoleon\n|-damage|p1a: Empoleon|0 fnt\n|faint|p1a: Empoleon\n|\n|win|Takenicchi\n|raw|Cynthia&apos;sWetRag's rating: 1301 &rarr; <strong>1282</strong><br />(-19 for losing)\n|raw|Takenicchi's rating: 1310 &rarr; <strong>1329</strong><br />(+19 for winning)\n|c|\u2606Cynthia'sWetRag|gg\n|l|\u203dTakenicchi\n|player|p2|\n", "inputlog": ">version f8ac14003a5f27e1bdc8d8c59608a773c1cb96e5\n>start {\"formatid\":\"gen9randombattle\",\"seed\":\"sodium,8c5d718b02bba8bb4f58bdde40909942\",\"rated\":\"Rated battle\"}\n>player p1 {\"name\":\"Cynthia'sWetRag\",\"avatar\":\"ruinmaniac\",\"rating\":1301,\"seed\":\"sodium,8c15a900b0c2498db1ff38ad6ccccb88\"}\n>player p2 {\"name\":\"Takenicchi\",\"avatar\":\"170\",\"rating\":1310,\"seed\":\"sodium,48c11cbdfdb429703d72572925257453\"}\n>p1 move knockoff\n>p2 switch 3\n>p1 switch 6\n>p2 move toxic\n>p1 move surf\n>p2 move wish\n>p1 switch 5\n>p2 move protect\n>p1 move surf\n>p2 switch 2\n>p1 move yawn\n>p2 move curse\n>p1 move knockoff\n>p2 move curse\n>p1 switch 3\n>p2 move sleeptalk\n>p1 move energyball\n>p2 switch 2\n>p1 switch 5\n>p2 move wish\n>p1 switch 3\n>p2 move foulplay\n>p1 move surf\n>p2 move foulplay\n>p1 move roost\n>p2 move wish\n>p1 move surf\n>p2 move foulplay\n>p1 switch 6\n>p2 move foulplay\n>p1 move uturn\n>p2 move toxic\n>p1 switch 6\n>p1 move surf\n>p2 move wish\n>p1 move surf\n>p2 move protect\n>p1 move surf\n>p2 move foulplay\n>p1 move roost\n>p2 move wish\n>p1 move surf\n>p2 move foulplay\n>chat \u2606Cynthia'sWetRag|i got more surfs than ur wishes son\n>p1 move surf\n>p2 move wish\n>p1 switch 6\n>p2 move foulplay\n>p1 move closecombat\n>p2 move foulplay\n>p1 move closecombat\n>p2 move protect\n>p1 move closecombat\n>p2 switch 3\n>p1 switch 3\n>p2 move dragondarts\n>p1 switch 6\n>p1 move knockoff\n>p2 move dragondance\n>p1 move knockoff\n>p2 move dragondarts\n>chat \u2606Cynthia'sWetRag|tsk tsk\n>p2 switch 4\n>p1 move roost\n>p2 switch 2\n>p1 switch 5\n>p2 move sleeptalk\n>p1 move energyball\n>p2 switch 5\n>p1 move dragontail\n>p2 move knockoff\n>p1 move knockoff\n>p2 move heavyslam\n>p1 switch 5\n>p2 move dracometeor\n>p1 switch 2\n>p2 move knockoff\n>p1 switch 3\n>p1 move closecombat\n>p2 move heavyslam\n>p1 switch 4\n>p1 move earthquake\n>p2 move knockoff\n>p2 switch 2\n>p1 switch 2\n>p2 move bulkup terastallize\n>p1 move knockoff\n>p2 move wavecrash\n>p1 move surf\n>p2 move wavecrash\n>p1 switch 5\n>p2 move wavecrash\n>p1 switch 2\n>p1 move earthquake terastallize\n>p2 move jetpunch\n>chat \u2606Cynthia'sWetRag|im boutta poop\n>p2 switch 5\n>p1 switch 5\n>p2 move sleeptalk\n>p1 switch 5\n>p2 move wavecrash\n>p1 move wildcharge\n>p2 move wavecrash\n>p1 switch 5\n>p1 move surf\n>p2 move rest\n>p2 switch 6\n>p1 move roost\n>p2 move thunderwave\n>p1 move knockoff\n>p2 move seismictoss\n>p1 move roost\n>p2 move seismictoss\n>p1 move yawn\n>p2 move seismictoss\n>p1 move roost\n>p2 move seismictoss\n>p1 move yawn\n>p2 move seismictoss\n>p1 move surf\n>p2 move seismictoss\n>p1 move roost\n>p2 move softboiled\n>p1 move roost\n>p2 move softboiled\n>chat \u2606Cynthia'sWetRag|nice\n>p1 move roost\n>p2 move seismictoss\n>chat \u2606Cynthia'sWetRag|might as well shoot me in the head while ur at it\n>p1 move roost\n>p2 move seismictoss\n>p1 move yawn\n>p2 move seismictoss\n>p1 move yawn\n>p2 move seismictoss\n>chat \u2606Cynthia'sWetRag|after a certain point its just funny\n>p1 move roost\n>p2 move seismictoss\n>p1 move surf\n>p2 move softboiled\n>p1 move surf\n>p2 move softboiled\n>p1 move yawn\n>p2 move seismictoss\n>p1 move surf\n>p2 move seismictoss\n>p1 move surf\n>p2 move seismictoss\n>p1 move surf\n>p2 move seismictoss\n>p1 move surf\n>p2 move seismictoss\n>p1 move surf\n>p2 move seismictoss\n>chat \u2606Cynthia'sWetRag|yup\n>p1 move surf\n>p2 move seismictoss", "uploadtime": 1782890327, "views": 2, "formatid": "gen9randombattle", "rating": 1282, "private": 0, "password": null, "player_dets": [{"name": "Cynthia'sWetRag", "avatar": "ruinmaniac", "rating": 1301, "seed": "sodium,8c15a900b0c2498db1ff38ad6ccccb88"}, {"name": "Takenicchi", "avatar": "170", "rating": 1310, "seed": "sodium,48c11cbdfdb429703d72572925257453"}], "teams_full": [{"Zarude": {"name": "Zarude", "species": "Zarude-Dada", "speciesId": "zarude", "gender": "N", "shiny": false, "level": 77, "moves": ["knockoff", "powerwhip", "closecombat", "uturn"], "ability": "Leaf Guard", "evs": {"hp": 85, "atk": 85, "def": 85, "spa": 85, "spd": 85, "spe": 85}, "ivs": {"hp": 31, "atk": 31, "def": 31, "spa": 31, "spd": 31, "spe": 31}, "item": "Choice Scarf", "teraType": "Dark", "role": "Fast Attacker", "bvs": {"hp": 105, "atk": 120, "def": 105, "spa": 70, "spd": 95, "spe": 105}, "stats": {"hp": 288, "atk": 229, "def": 206, "spa": 152, "spd": 191, "spe": 206}, "types": ["Dark", "Grass"]}, "Spectrier": {"name": "Spectrier", "species": "Spectrier", "speciesId": "spectrier", "gender": "N", "shiny": false, "level": 75, "moves": ["shadowball", "nastyplot", "willowisp", "drainingkiss"], "ability": "Grim Neigh", "evs": {"hp": 85, "atk": 0, "def": 85, "spa": 85, "spd": 85, "spe": 85}, "ivs": {"hp": 31, "atk": 0, "def": 31, "spa": 31, "spd": 31, "spe": 31}, "item": "Life Orb", "teraType": "Fairy", "role": "Setup Sweeper", "bvs": {"hp": 100, "atk": 65, "def": 60, "spa": 145, "spd": 80, "spe": 130}, "stats": {"hp": 274, "atk": 102, "def": 134, "spa": 261, "spd": 164, "spe": 239}, "types": ["Ghost"]}, "Meganium": {"name": "Meganium", "species": "Meganium", "speciesId": "meganium", "gender": "M", "shiny": false, "level": 90, "moves": ["energyball", "knockoff", "dragontail", "synthesis"], "ability": "Overgrow", "evs": {"hp": 85, "atk": 85, "def": 85, "spa": 85, "spd": 85, "spe": 85}, "ivs": {"hp": 31, "atk": 31, "def": 31, "spa": 31, "spd": 31, "spe": 31}, "item": "Leftovers", "teraType": "Poison", "role": "Bulky Attacker", "bvs": {"hp": 80, "atk": 82, "def": 100, "spa": 83, "spd": 100, "spe": 80}, "stats": {"hp": 290, "atk": 199, "def": 231, "spa": 201, "spd": 231, "spe": 195}, "types": ["Grass"]}, "Iron Thorns": {"name": "Iron Thorns", "species": "Iron Thorns", "speciesId": "ironthorns", "gender": "N", "shiny": false, "level": 83, "moves": ["earthquake", "icepunch", "stoneedge", "wildcharge"], "ability": "Quark Drive", "evs": {"hp": 85, "atk": 85, "def": 85, "spa": 85, "spd": 85, "spe": 85}, "ivs": {"hp": 31, "atk": 31, "def": 31, "spa": 31, "spd": 31, "spe": 31}, "item": "Choice Band", "teraType": "Flying", "role": "Fast Support", "bvs": {"hp": 100, "atk": 134, "def": 110, "spa": 70, "spd": 84, "spe": 72}, "stats": {"hp": 302, "atk": 270, "def": 230, "spa": 164, "spd": 187, "spe": 167}, "types": ["Rock", "Electric"]}, "Empoleon": {"name": "Empoleon", "species": "Empoleon", "speciesId": "empoleon", "gender": "M", "shiny": false, "level": 84, "moves": ["yawn", "surf", "knockoff", "roost"], "ability": "Competitive", "evs": {"hp": 85, "atk": 85, "def": 85, "spa": 85, "spd": 85, "spe": 85}, "ivs": {"hp": 31, "atk": 31, "def": 31, "spa": 31, "spd": 31, "spe": 31}, "item": "Leftovers", "teraType": "Flying", "role": "Bulky Support", "bvs": {"hp": 84, "atk": 86, "def": 88, "spa": 111, "spd": 101, "spe": 60}, "stats": {"hp": 278, "atk": 193, "def": 196, "spa": 235, "spd": 218, "spe": 149}, "types": ["Water", "Steel"]}, "Cramorant": {"name": "Cramorant", "species": "Cramorant", "speciesId": "cramorant", "gender": "M", "shiny": false, "level": 86, "moves": ["surf", "bravebird", "roost", "defog"], "ability": "Gulp Missile", "evs": {"hp": 85, "atk": 85, "def": 85, "spa": 85, "spd": 85, "spe": 85}, "ivs": {"hp": 31, "atk": 31, "def": 31, "spa": 31, "spd": 31, "spe": 31}, "item": "Heavy-Duty Boots", "teraType": "Ground", "role": "Bulky Support", "bvs": {"hp": 70, "atk": 85, "def": 55, "spa": 85, "spd": 95, "spe": 85}, "stats": {"hp": 261, "atk": 195, "def": 144, "spa": 195, "spd": 213, "spe": 195}, "types": ["Flying", "Water"]}}, {"Dragapult": {"name": "Dragapult", "species": "Dragapult", "speciesId": "dragapult", "gender": "F", "shiny": false, "level": 77, "moves": ["fireblast", "terablast", "dragondance", "dragondarts"], "ability": "Clear Body", "evs": {"hp": 85, "atk": 85, "def": 85, "spa": 85, "spd": 85, "spe": 85}, "ivs": {"hp": 31, "atk": 31, "def": 31, "spa": 31, "spd": 31, "spe": 31}, "item": "Life Orb", "teraType": "Ghost", "role": "Tera Blast user", "bvs": {"hp": 88, "atk": 120, "def": 75, "spa": 100, "spd": 75, "spe": 142}, "stats": {"hp": 262, "atk": 229, "def": 160, "spa": 199, "spd": 160, "spe": 263}, "types": ["Dragon", "Ghost"]}, "Dondozo": {"name": "Dondozo", "species": "Dondozo", "speciesId": "dondozo", "gender": "F", "shiny": false, "level": 78, "moves": ["rest", "wavecrash", "curse", "sleeptalk"], "ability": "Unaware", "evs": {"hp": 85, "atk": 85, "def": 85, "spa": 85, "spd": 85, "spe": 85}, "ivs": {"hp": 31, "atk": 31, "def": 31, "spa": 31, "spd": 31, "spe": 31}, "item": "Leftovers", "teraType": "Dragon", "role": "Bulky Setup", "bvs": {"hp": 150, "atk": 100, "def": 115, "spa": 65, "spd": 65, "spe": 35}, "stats": {"hp": 362, "atk": 201, "def": 224, "spa": 146, "spd": 146, "spe": 100}, "types": ["Water"]}, "Umbreon": {"name": "Umbreon", "species": "Umbreon", "speciesId": "umbreon", "gender": "M", "shiny": false, "level": 84, "moves": ["protect", "wish", "foulplay", "toxic"], "ability": "Synchronize", "evs": {"hp": 85, "atk": 0, "def": 85, "spa": 85, "spd": 85, "spe": 85}, "ivs": {"hp": 31, "atk": 0, "def": 31, "spa": 31, "spd": 31, "spe": 31}, "item": "Leftovers", "teraType": "Poison", "role": "Bulky Support", "bvs": {"hp": 95, "atk": 65, "def": 110, "spa": 60, "spd": 130, "spe": 65}, "stats": {"hp": 297, "atk": 114, "def": 233, "spa": 149, "spd": 267, "spe": 157}, "types": ["Dark"]}, "Palafin": {"name": "Palafin", "species": "Palafin", "speciesId": "palafin", "gender": "F", "shiny": false, "level": 77, "moves": ["bulkup", "jetpunch", "icepunch", "wavecrash"], "ability": "Zero to Hero", "evs": {"hp": 85, "atk": 85, "def": 85, "spa": 85, "spd": 85, "spe": 85}, "ivs": {"hp": 31, "atk": 31, "def": 31, "spa": 31, "spd": 31, "spe": 31}, "item": "Leftovers", "teraType": "Steel", "role": "Bulky Setup", "bvs": {"hp": 100, "atk": 70, "def": 72, "spa": 53, "spd": 62, "spe": 100}, "stats": {"hp": 281, "atk": 152, "def": 155, "spa": 126, "spd": 140, "spe": 199}, "types": ["Water"]}, "Goodra": {"name": "Goodra", "species": "Goodra-Hisui", "speciesId": "goodrahisui", "gender": "F", "shiny": false, "level": 82, "moves": ["hydropump", "heavyslam", "knockoff", "dracometeor"], "ability": "Sap Sipper", "evs": {"hp": 85, "atk": 85, "def": 85, "spa": 85, "spd": 85, "spe": 85}, "ivs": {"hp": 31, "atk": 31, "def": 31, "spa": 31, "spd": 31, "spe": 31}, "item": "Assault Vest", "teraType": "Water", "role": "AV Pivot", "bvs": {"hp": 80, "atk": 100, "def": 100, "spa": 110, "spd": 150, "spe": 60}, "stats": {"hp": 265, "atk": 211, "def": 211, "spa": 228, "spd": 293, "spe": 146}, "types": ["Steel", "Dragon"]}, "Chansey": {"name": "Chansey", "species": "Chansey", "speciesId": "chansey", "gender": "F", "shiny": false, "level": 85, "moves": ["seismictoss", "thunderwave", "healbell", "softboiled"], "ability": "Natural Cure", "evs": {"hp": 85, "atk": 0, "def": 85, "spa": 85, "spd": 85, "spe": 85}, "ivs": {"hp": 31, "atk": 0, "def": 31, "spa": 31, "spd": 31, "spe": 31}, "item": "Eviolite", "teraType": "Dark", "role": "Bulky Support", "bvs": {"hp": 250, "atk": 5, "def": 5, "spa": 35, "spd": 105, "spe": 50}, "stats": {"hp": 564, "atk": 13, "def": 57, "spa": 108, "spd": 227, "spe": 134}, "types": ["Normal"]}}]}