{"id": "gen9randombattle-2642010097", "format": "[Gen 9] Random Battle", "players": ["spikylala", "forcemajor14"], "log": "|j|\u2606spikylala\n|j|\u2606forcemajor14\n|t:|1782872735\n|gametype|singles\n|player|p1|spikylala|170|1954\n|player|p2|forcemajor14|169|2022\n|gen|9\n|tier|[Gen 9] Random Battle\n|rated|\n|rule|Species Clause: Limit one of each Pok\u00e9mon\n|rule|HP Percentage Mod: HP is shown in percentages\n|rule|Sleep Clause Mod: Limit one foe put to sleep\n|rule|Illusion Level Mod: Illusion disguises the Pok\u00e9mon's true level\n|\n|t:|1782872735\n|teamsize|p1|6\n|teamsize|p2|6\n|start\n|switch|p1a: Houndoom|Houndoom, L87, M|272/272\n|switch|p2a: Hawlucha|Hawlucha, L80, F|256/256\n|turn|1\n|inactive|Battle timer is ON: inactive players will automatically lose when time's up. (requested by spikylala)\n|\n|t:|1782872741\n|switch|p1a: Dondozo|Dondozo, L78, F|362/362\n|move|p2a: Hawlucha|Close Combat|p1a: Dondozo\n|-damage|p1a: Dondozo|260/362\n|-unboost|p2a: Hawlucha|def|1\n|-unboost|p2a: Hawlucha|spd|1\n|-enditem|p2a: Hawlucha|White Herb\n|-clearnegativeboost|p2a: Hawlucha|[silent]\n|\n|-heal|p1a: Dondozo|282/362|[from] item: Leftovers\n|upkeep\n|turn|2\n|inactive|forcemajor14 also wants the timer to be on.\n|\n|t:|1782872748\n|switch|p2a: Leavanny|Leavanny, L86, F|269/269\n|switch|p1a: Magearna|Magearna-Original, L77|250/250\n|\n|upkeep\n|turn|3\n|\n|t:|1782872750\n|move|p2a: Leavanny|Sticky Web|p1a: Magearna\n|-sidestart|p1: spikylala|move: Sticky Web\n|move|p1a: Magearna|Spikes|p2a: Leavanny\n|-sidestart|p2: forcemajor14|Spikes\n|\n|upkeep\n|turn|4\n|\n|t:|1782872754\n|switch|p2a: Gothitelle|Gothitelle, L90, M|272/272\n|-damage|p2a: Gothitelle|238/272|[from] Spikes\n|move|p1a: Magearna|Spikes|p2a: Gothitelle\n|-sidestart|p2: forcemajor14|Spikes\n|\n|-heal|p2a: Gothitelle|255/272|[from] item: Leftovers\n|upkeep\n|turn|5\n|\n|t:|1782872761\n|move|p2a: Gothitelle|Calm Mind|p2a: Gothitelle\n|-boost|p2a: Gothitelle|spa|1\n|-boost|p2a: Gothitelle|spd|1\n|move|p1a: Magearna|Spikes|p2a: Gothitelle\n|-sidestart|p2: forcemajor14|Spikes\n|\n|-heal|p2a: Gothitelle|272/272|[from] item: Leftovers\n|upkeep\n|turn|6\n|\n|t:|1782872764\n|move|p2a: Gothitelle|Calm Mind|p2a: Gothitelle\n|-boost|p2a: Gothitelle|spa|1\n|-boost|p2a: Gothitelle|spd|1\n|move|p1a: Magearna|Flash Cannon|p2a: Gothitelle\n|-damage|p2a: Gothitelle|236/272\n|-unboost|p2a: Gothitelle|spd|1\n|\n|-heal|p2a: Gothitelle|253/272|[from] item: Leftovers\n|upkeep\n|turn|7\n|\n|t:|1782872769\n|move|p2a: Gothitelle|Thunderbolt|p1a: Magearna\n|-damage|p1a: Magearna|129/250\n|move|p1a: Magearna|Flash Cannon|p2a: Gothitelle\n|-damage|p2a: Gothitelle|201/272\n|\n|-heal|p2a: Gothitelle|218/272|[from] item: Leftovers\n|-heal|p1a: Magearna|144/250|[from] item: Leftovers\n|upkeep\n|turn|8\n|\n|t:|1782872774\n|move|p2a: Gothitelle|Calm Mind|p2a: Gothitelle\n|-boost|p2a: Gothitelle|spa|1\n|-boost|p2a: Gothitelle|spd|1\n|move|p1a: Magearna|Flash Cannon|p2a: Gothitelle\n|-damage|p2a: Gothitelle|179/272\n|\n|-heal|p2a: Gothitelle|196/272|[from] item: Leftovers\n|-heal|p1a: Magearna|159/250|[from] item: Leftovers\n|upkeep\n|turn|9\n|\n|t:|1782872778\n|move|p2a: Gothitelle|Thunderbolt|p1a: Magearna\n|-damage|p1a: Magearna|11/250\n|move|p1a: Magearna|Flash Cannon|p2a: Gothitelle\n|-damage|p2a: Gothitelle|160/272\n|\n|-heal|p2a: Gothitelle|177/272|[from] item: Leftovers\n|-heal|p1a: Magearna|26/250|[from] item: Leftovers\n|upkeep\n|turn|10\n|\n|t:|1782872781\n|move|p2a: Gothitelle|Thunderbolt|p1a: Magearna\n|-damage|p1a: Magearna|0 fnt\n|faint|p1a: Magearna\n|\n|-heal|p2a: Gothitelle|194/272|[from] item: Leftovers\n|upkeep\n|\n|t:|1782872795\n|switch|p1a: Houndoom|Houndoom, L87, M|272/272\n|turn|11\n|\n|t:|1782872798\n|-terastallize|p2a: Gothitelle|Steel\n|move|p1a: Houndoom|Sucker Punch|p2a: Gothitelle\n|-damage|p2a: Gothitelle|122/272\n|move|p2a: Gothitelle|Thunderbolt|p1a: Houndoom\n|-damage|p1a: Houndoom|70/272\n|\n|-heal|p2a: Gothitelle|139/272|[from] item: Leftovers\n|upkeep\n|turn|12\n|\n|t:|1782872801\n|move|p1a: Houndoom|Fire Blast|p2a: Gothitelle\n|-supereffective|p2a: Gothitelle\n|-damage|p2a: Gothitelle|31/272\n|move|p2a: Gothitelle|Thunderbolt|p1a: Houndoom\n|-damage|p1a: Houndoom|0 fnt\n|faint|p1a: Houndoom\n|\n|-heal|p2a: Gothitelle|48/272|[from] item: Leftovers\n|upkeep\n|\n|t:|1782872813\n|switch|p1a: Dondozo|Dondozo, L78, F|282/362\n|-activate|p1a: Dondozo|move: Sticky Web\n|-unboost|p1a: Dondozo|spe|1\n|turn|13\n|\n|t:|1782872820\n|move|p2a: Gothitelle|Thunderbolt|p1a: Dondozo\n|-supereffective|p1a: Dondozo\n|-damage|p1a: Dondozo|84/362\n|move|p1a: Dondozo|Wave Crash|p2a: Gothitelle\n|-damage|p2a: Gothitelle|0 fnt\n|faint|p2a: Gothitelle\n|-damage|p1a: Dondozo|68/362|[from] Recoil\n|\n|-heal|p1a: Dondozo|90/362|[from] item: Leftovers\n|upkeep\n|\n|t:|1782872823\n|switch|p2a: Leavanny|Leavanny, L86, F|269/269\n|turn|14\n|\n|t:|1782872828\n|-terastallize|p1a: Dondozo|Dragon\n|move|p2a: Leavanny|Leaf Blade|p1a: Dondozo\n|-resisted|p1a: Dondozo\n|-damage|p1a: Dondozo|42/362\n|move|p1a: Dondozo|Rest|p1a: Dondozo\n|-status|p1a: Dondozo|slp|[from] move: Rest\n|-heal|p1a: Dondozo|362/362 slp|[silent]\n|\n|upkeep\n|turn|15\n|\n|t:|1782872838\n|move|p2a: Leavanny|Lunge|p1a: Dondozo\n|-damage|p1a: Dondozo|284/362 slp\n|-unboost|p1a: Dondozo|atk|1\n|cant|p1a: Dondozo|slp\n|move|p1a: Dondozo|Sleep Talk|p1a: Dondozo\n|move|p1a: Dondozo|Wave Crash|p2a: Leavanny|[from] move: Sleep Talk\n|-resisted|p2a: Leavanny\n|-damage|p2a: Leavanny|233/269\n|-damage|p1a: Dondozo|272/362 slp|[from] Recoil\n|\n|-heal|p1a: Dondozo|294/362 slp|[from] item: Leftovers\n|upkeep\n|turn|16\n|\n|t:|1782872840\n|move|p2a: Leavanny|Lunge|p1a: Dondozo\n|-damage|p1a: Dondozo|216/362 slp\n|-unboost|p1a: Dondozo|atk|1\n|cant|p1a: Dondozo|slp\n|move|p1a: Dondozo|Sleep Talk|p1a: Dondozo\n|move|p1a: Dondozo|Rest||[from] move: Sleep Talk|[still]\n|-fail|p1a: Dondozo\n|\n|-heal|p1a: Dondozo|238/362 slp|[from] item: Leftovers\n|upkeep\n|turn|17\n|\n|t:|1782872845\n|move|p2a: Leavanny|Lunge|p1a: Dondozo\n|-damage|p1a: Dondozo|151/362 slp\n|-unboost|p1a: Dondozo|atk|1\n|-curestatus|p1a: Dondozo|slp|[msg]\n|move|p1a: Dondozo|Curse|p1a: Dondozo\n|-unboost|p1a: Dondozo|spe|1\n|-boost|p1a: Dondozo|atk|1\n|-boost|p1a: Dondozo|def|1\n|\n|-heal|p1a: Dondozo|173/362|[from] item: Leftovers\n|upkeep\n|turn|18\n|\n|t:|1782872849\n|move|p2a: Leavanny|Lunge|p1a: Dondozo\n|-damage|p1a: Dondozo|113/362\n|-unboost|p1a: Dondozo|atk|1\n|move|p1a: Dondozo|Rest|p1a: Dondozo\n|-status|p1a: Dondozo|slp|[from] move: Rest\n|-heal|p1a: Dondozo|362/362 slp|[silent]\n|\n|upkeep\n|turn|19\n|\n|t:|1782872854\n|move|p2a: Leavanny|Lunge|p1a: Dondozo\n|-damage|p1a: Dondozo|304/362 slp\n|-unboost|p1a: Dondozo|atk|1\n|cant|p1a: Dondozo|slp\n|move|p1a: Dondozo|Sleep Talk|p1a: Dondozo\n|move|p1a: Dondozo|Curse|p1a: Dondozo|[from] move: Sleep Talk\n|-unboost|p1a: Dondozo|spe|1\n|-boost|p1a: Dondozo|atk|1\n|-boost|p1a: Dondozo|def|1\n|\n|-heal|p1a: Dondozo|326/362 slp|[from] item: Leftovers\n|upkeep\n|turn|20\n|\n|t:|1782872857\n|move|p2a: Leavanny|Lunge|p1a: Dondozo\n|-damage|p1a: Dondozo|286/362 slp\n|-unboost|p1a: Dondozo|atk|1\n|cant|p1a: Dondozo|slp\n|move|p1a: Dondozo|Sleep Talk|p1a: Dondozo\n|move|p1a: Dondozo|Wave Crash|p2a: Leavanny|[from] move: Sleep Talk\n|-resisted|p2a: Leavanny\n|-damage|p2a: Leavanny|212/269\n|-damage|p1a: Dondozo|279/362 slp|[from] Recoil\n|\n|-heal|p1a: Dondozo|301/362 slp|[from] item: Leftovers\n|upkeep\n|turn|21\n|\n|t:|1782872862\n|move|p2a: Leavanny|Lunge|p1a: Dondozo\n|-damage|p1a: Dondozo|262/362 slp\n|-unboost|p1a: Dondozo|atk|1\n|-curestatus|p1a: Dondozo|slp|[msg]\n|move|p1a: Dondozo|Curse|p1a: Dondozo\n|-unboost|p1a: Dondozo|spe|1\n|-boost|p1a: Dondozo|atk|1\n|-boost|p1a: Dondozo|def|1\n|\n|-heal|p1a: Dondozo|284/362|[from] item: Leftovers\n|upkeep\n|turn|22\n|\n|t:|1782872865\n|move|p2a: Leavanny|Knock Off|p1a: Dondozo\n|-damage|p1a: Dondozo|255/362\n|-enditem|p1a: Dondozo|Leftovers|[from] move: Knock Off|[of] p2a: Leavanny\n|move|p1a: Dondozo|Curse|p1a: Dondozo\n|-unboost|p1a: Dondozo|spe|1\n|-boost|p1a: Dondozo|atk|1\n|-boost|p1a: Dondozo|def|1\n|\n|upkeep\n|turn|23\n|\n|t:|1782872870\n|switch|p2a: Bombirdier|Bombirdier, L85, M|258/258\n|move|p1a: Dondozo|Curse|p1a: Dondozo\n|-unboost|p1a: Dondozo|spe|1\n|-boost|p1a: Dondozo|atk|1\n|-boost|p1a: Dondozo|def|1\n|\n|upkeep\n|turn|24\n|\n|t:|1782872876\n|move|p2a: Bombirdier|U-turn|p1a: Dondozo\n|-damage|p1a: Dondozo|241/362\n|\n|t:|1782872879\n|switch|p2a: Leavanny|Leavanny, L86, F|212/269|[from] U-turn\n|move|p1a: Dondozo|Curse|p1a: Dondozo\n|-boost|p1a: Dondozo|atk|1\n|-boost|p1a: Dondozo|def|1\n|\n|upkeep\n|turn|25\n|\n|t:|1782872885\n|move|p2a: Leavanny|Lunge|p1a: Dondozo\n|-damage|p1a: Dondozo|219/362\n|-unboost|p1a: Dondozo|atk|1\n|move|p1a: Dondozo|Wave Crash|p2a: Leavanny\n|-resisted|p2a: Leavanny\n|-damage|p2a: Leavanny|185/269\n|-damage|p1a: Dondozo|210/362|[from] Recoil\n|\n|upkeep\n|turn|26\n|\n|t:|1782872889\n|move|p2a: Leavanny|Lunge|p1a: Dondozo\n|-damage|p1a: Dondozo|189/362\n|-unboost|p1a: Dondozo|atk|1\n|move|p1a: Dondozo|Wave Crash|p2a: Leavanny\n|-resisted|p2a: Leavanny\n|-damage|p2a: Leavanny|163/269\n|-damage|p1a: Dondozo|182/362|[from] Recoil\n|\n|upkeep\n|turn|27\n|\n|t:|1782872892\n|move|p2a: Leavanny|Lunge|p1a: Dondozo\n|-damage|p1a: Dondozo|161/362\n|-unboost|p1a: Dondozo|atk|1\n|move|p1a: Dondozo|Rest|p1a: Dondozo\n|-status|p1a: Dondozo|slp|[from] move: Rest\n|-heal|p1a: Dondozo|362/362 slp|[silent]\n|\n|upkeep\n|turn|28\n|\n|t:|1782872896\n|move|p2a: Leavanny|Lunge|p1a: Dondozo\n|-damage|p1a: Dondozo|341/362 slp\n|-unboost|p1a: Dondozo|atk|1\n|cant|p1a: Dondozo|slp\n|move|p1a: Dondozo|Sleep Talk|p1a: Dondozo\n|move|p1a: Dondozo|Wave Crash|p2a: Leavanny|[from] move: Sleep Talk\n|-resisted|p2a: Leavanny\n|-damage|p2a: Leavanny|146/269\n|-damage|p1a: Dondozo|335/362 slp|[from] Recoil\n|\n|upkeep\n|turn|29\n|\n|t:|1782872900\n|move|p2a: Leavanny|Lunge|p1a: Dondozo\n|-damage|p1a: Dondozo|314/362 slp\n|-unboost|p1a: Dondozo|atk|1\n|cant|p1a: Dondozo|slp\n|move|p1a: Dondozo|Sleep Talk|p1a: Dondozo\n|move|p1a: Dondozo|Curse|p1a: Dondozo|[from] move: Sleep Talk\n|-boost|p1a: Dondozo|atk|1\n|\n|upkeep\n|turn|30\n|\n|t:|1782872905\n|move|p2a: Leavanny|Lunge|p1a: Dondozo\n|-damage|p1a: Dondozo|295/362 slp\n|-unboost|p1a: Dondozo|atk|1\n|-curestatus|p1a: Dondozo|slp|[msg]\n|move|p1a: Dondozo|Curse|p1a: Dondozo\n|-boost|p1a: Dondozo|atk|1\n|\n|upkeep\n|turn|31\n|\n|t:|1782872908\n|move|p2a: Leavanny|Lunge|p1a: Dondozo\n|-damage|p1a: Dondozo|274/362\n|-unboost|p1a: Dondozo|atk|1\n|move|p1a: Dondozo|Curse|p1a: Dondozo\n|-boost|p1a: Dondozo|atk|1\n|\n|upkeep\n|turn|32\n|\n|t:|1782872912\n|move|p2a: Leavanny|Lunge|p1a: Dondozo\n|-damage|p1a: Dondozo|253/362\n|-unboost|p1a: Dondozo|atk|1\n|move|p1a: Dondozo|Curse|p1a: Dondozo\n|-boost|p1a: Dondozo|atk|1\n|\n|upkeep\n|turn|33\n|\n|t:|1782872917\n|move|p2a: Leavanny|Lunge|p1a: Dondozo\n|-damage|p1a: Dondozo|229/362\n|-unboost|p1a: Dondozo|atk|1\n|move|p1a: Dondozo|Wave Crash|p2a: Leavanny\n|-resisted|p2a: Leavanny\n|-damage|p2a: Leavanny|131/269\n|-damage|p1a: Dondozo|224/362|[from] Recoil\n|\n|upkeep\n|turn|34\n|\n|t:|1782872920\n|move|p2a: Leavanny|Lunge|p1a: Dondozo\n|-damage|p1a: Dondozo|202/362\n|move|p1a: Dondozo|Rest|p1a: Dondozo\n|-status|p1a: Dondozo|slp|[from] move: Rest\n|-heal|p1a: Dondozo|362/362 slp|[silent]\n|\n|upkeep\n|turn|35\n|\n|t:|1782872928\n|move|p2a: Leavanny|Lunge|p1a: Dondozo\n|-crit|p1a: Dondozo\n|-damage|p1a: Dondozo|230/362 slp\n|cant|p1a: Dondozo|slp\n|move|p1a: Dondozo|Sleep Talk|p1a: Dondozo\n|move|p1a: Dondozo|Curse|p1a: Dondozo|[from] move: Sleep Talk\n|-boost|p1a: Dondozo|atk|1\n|\n|upkeep\n|turn|36\n|\n|t:|1782872932\n|move|p2a: Leavanny|Lunge|p1a: Dondozo\n|-damage|p1a: Dondozo|209/362 slp\n|-unboost|p1a: Dondozo|atk|1\n|cant|p1a: Dondozo|slp\n|move|p1a: Dondozo|Sleep Talk|p1a: Dondozo\n|move|p1a: Dondozo|Wave Crash|p2a: Leavanny|[from] move: Sleep Talk\n|-resisted|p2a: Leavanny\n|-damage|p2a: Leavanny|114/269\n|-damage|p1a: Dondozo|203/362 slp|[from] Recoil\n|\n|upkeep\n|turn|37\n|\n|t:|1782872938\n|move|p2a: Leavanny|Lunge|p1a: Dondozo\n|-damage|p1a: Dondozo|182/362 slp\n|-curestatus|p1a: Dondozo|slp|[msg]\n|move|p1a: Dondozo|Rest|p1a: Dondozo\n|-status|p1a: Dondozo|slp|[from] move: Rest\n|-heal|p1a: Dondozo|362/362 slp|[silent]\n|\n|upkeep\n|turn|38\n|\n|t:|1782872944\n|move|p2a: Leavanny|Lunge|p1a: Dondozo\n|-damage|p1a: Dondozo|343/362 slp\n|cant|p1a: Dondozo|slp\n|\n|upkeep\n|turn|39\n|\n|t:|1782872947\n|move|p2a: Leavanny|Lunge|p1a: Dondozo\n|-damage|p1a: Dondozo|321/362 slp\n|cant|p1a: Dondozo|slp\n|\n|upkeep\n|turn|40\n|\n|t:|1782872955\n|move|p2a: Leavanny|Lunge|p1a: Dondozo\n|-damage|p1a: Dondozo|300/362 slp\n|-curestatus|p1a: Dondozo|slp|[msg]\n|move|p1a: Dondozo|Wave Crash|p2a: Leavanny\n|-resisted|p2a: Leavanny\n|-damage|p2a: Leavanny|99/269\n|-damage|p1a: Dondozo|295/362|[from] Recoil\n|\n|upkeep\n|turn|41\n|\n|t:|1782872962\n|switch|p1a: Hoopa|Hoopa, L85|275/275\n|-activate|p1a: Hoopa|move: Sticky Web\n|-unboost|p1a: Hoopa|spe|1\n|move|p2a: Leavanny|Knock Off|p1a: Hoopa\n|-supereffective|p1a: Hoopa\n|-damage|p1a: Hoopa|0 fnt\n|-enditem|p1a: Hoopa|Life Orb|[from] move: Knock Off|[of] p2a: Leavanny\n|faint|p1a: Hoopa\n|\n|upkeep\n|\n|t:|1782872964\n|switch|p1a: Dondozo|Dondozo, L78, F, tera:Dragon|295/362\n|-activate|p1a: Dondozo|move: Sticky Web\n|-unboost|p1a: Dondozo|spe|1\n|turn|42\n|\n|t:|1782872966\n|move|p2a: Leavanny|Lunge|p1a: Dondozo\n|-damage|p1a: Dondozo|214/362\n|-unboost|p1a: Dondozo|atk|1\n|move|p1a: Dondozo|Curse|p1a: Dondozo\n|-unboost|p1a: Dondozo|spe|1\n|-boost|p1a: Dondozo|atk|1\n|-boost|p1a: Dondozo|def|1\n|\n|upkeep\n|turn|43\n|\n|t:|1782872969\n|switch|p2a: Bombirdier|Bombirdier, L85, M|258/258\n|move|p1a: Dondozo|Curse|p1a: Dondozo\n|-unboost|p1a: Dondozo|spe|1\n|-boost|p1a: Dondozo|atk|1\n|-boost|p1a: Dondozo|def|1\n|\n|upkeep\n|turn|44\n|\n|t:|1782872977\n|move|p2a: Bombirdier|U-turn|p1a: Dondozo\n|-damage|p1a: Dondozo|191/362\n|\n|t:|1782872979\n|switch|p2a: Leavanny|Leavanny, L86, F|99/269|[from] U-turn\n|move|p1a: Dondozo|Curse|p1a: Dondozo\n|-unboost|p1a: Dondozo|spe|1\n|-boost|p1a: Dondozo|atk|1\n|-boost|p1a: Dondozo|def|1\n|\n|upkeep\n|turn|45\n|\n|t:|1782872982\n|move|p2a: Leavanny|Knock Off|p1a: Dondozo\n|-damage|p1a: Dondozo|172/362\n|move|p1a: Dondozo|Rest|p1a: Dondozo\n|-status|p1a: Dondozo|slp|[from] move: Rest\n|-heal|p1a: Dondozo|362/362 slp|[silent]\n|\n|upkeep\n|turn|46\n|\n|t:|1782872985\n|move|p2a: Leavanny|Knock Off|p1a: Dondozo\n|-damage|p1a: Dondozo|345/362 slp\n|cant|p1a: Dondozo|slp\n|move|p1a: Dondozo|Sleep Talk|p1a: Dondozo\n|move|p1a: Dondozo|Curse|p1a: Dondozo|[from] move: Sleep Talk\n|-unboost|p1a: Dondozo|spe|1\n|-boost|p1a: Dondozo|atk|1\n|-boost|p1a: Dondozo|def|1\n|\n|upkeep\n|turn|47\n|\n|t:|1782872987\n|move|p2a: Leavanny|Knock Off|p1a: Dondozo\n|-damage|p1a: Dondozo|330/362 slp\n|cant|p1a: Dondozo|slp\n|move|p1a: Dondozo|Sleep Talk|p1a: Dondozo\n|move|p1a: Dondozo|Curse|p1a: Dondozo|[from] move: Sleep Talk\n|-unboost|p1a: Dondozo|spe|1\n|-boost|p1a: Dondozo|atk|1\n|-boost|p1a: Dondozo|def|1\n|\n|upkeep\n|turn|48\n|\n|t:|1782872990\n|move|p2a: Leavanny|Knock Off|p1a: Dondozo\n|-damage|p1a: Dondozo|316/362 slp\n|-curestatus|p1a: Dondozo|slp|[msg]\n|move|p1a: Dondozo|Curse|p1a: Dondozo\n|-boost|p1a: Dondozo|atk|1\n|-boost|p1a: Dondozo|def|1\n|\n|upkeep\n|turn|49\n|\n|t:|1782872996\n|move|p2a: Leavanny|Knock Off|p1a: Dondozo\n|-damage|p1a: Dondozo|305/362\n|move|p1a: Dondozo|Curse|p1a: Dondozo\n|-boost|p1a: Dondozo|atk|1\n|\n|upkeep\n|turn|50\n|\n|t:|1782873000\n|move|p2a: Leavanny|Knock Off|p1a: Dondozo\n|-damage|p1a: Dondozo|294/362\n|move|p1a: Dondozo|Wave Crash|p2a: Leavanny\n|-resisted|p2a: Leavanny\n|-damage|p2a: Leavanny|0 fnt\n|faint|p2a: Leavanny\n|-damage|p1a: Dondozo|261/362|[from] Recoil\n|\n|upkeep\n|\n|t:|1782873004\n|switch|p2a: Greninja|Greninja, L80, M|246/246\n|-damage|p2a: Greninja|185/246|[from] Spikes\n|turn|51\n|\n|t:|1782873011\n|move|p2a: Greninja|Dark Pulse|p1a: Dondozo\n|-start|p2a: Greninja|typechange|Dark|[from] ability: Protean\n|-damage|p1a: Dondozo|115/362\n|-damage|p2a: Greninja|161/246|[from] item: Life Orb\n|move|p1a: Dondozo|Wave Crash|p2a: Greninja\n|-damage|p2a: Greninja|0 fnt\n|faint|p2a: Greninja\n|-damage|p1a: Dondozo|62/362|[from] Recoil\n|\n|upkeep\n|\n|t:|1782873015\n|switch|p2a: Bombirdier|Bombirdier, L85, M|258/258\n|turn|52\n|\n|t:|1782873017\n|move|p2a: Bombirdier|Brave Bird|p1a: Dondozo\n|-damage|p1a: Dondozo|31/362\n|-damage|p2a: Bombirdier|248/258|[from] Recoil\n|move|p1a: Dondozo|Rest|p1a: Dondozo\n|-status|p1a: Dondozo|slp|[from] move: Rest\n|-heal|p1a: Dondozo|362/362 slp|[silent]\n|\n|upkeep\n|turn|53\n|\n|t:|1782873021\n|move|p2a: Bombirdier|Knock Off|p1a: Dondozo\n|-damage|p1a: Dondozo|346/362 slp\n|cant|p1a: Dondozo|slp\n|move|p1a: Dondozo|Sleep Talk|p1a: Dondozo\n|move|p1a: Dondozo|Wave Crash|p2a: Bombirdier|[from] move: Sleep Talk\n|-damage|p2a: Bombirdier|0 fnt\n|faint|p2a: Bombirdier\n|-damage|p1a: Dondozo|264/362 slp|[from] Recoil\n|\n|upkeep\n|\n|t:|1782873024\n|switch|p2a: Ditto|Ditto, L87|225/225\n|-damage|p2a: Ditto|169/225|[from] Spikes\n|-transform|p2a: Ditto|p1a: Dondozo|[from] ability: Imposter\n|turn|54\n|\n|t:|1782873037\n|move|p2a: Ditto|Sleep Talk||[still]\n|-fail|p2a: Ditto\n|cant|p1a: Dondozo|slp\n|move|p1a: Dondozo|Sleep Talk|p1a: Dondozo\n|move|p1a: Dondozo|Rest||[from] move: Sleep Talk|[still]\n|-fail|p1a: Dondozo\n|\n|upkeep\n|turn|55\n|\n|t:|1782873042\n|move|p2a: Ditto|Sleep Talk||[still]\n|-fail|p2a: Ditto\n|-curestatus|p1a: Dondozo|slp|[msg]\n|move|p1a: Dondozo|Wave Crash|p2a: Ditto\n|-resisted|p2a: Ditto\n|-damage|p2a: Ditto|120/225\n|-damage|p1a: Dondozo|248/362|[from] Recoil\n|\n|upkeep\n|turn|56\n|\n|t:|1782873045\n|move|p2a: Ditto|Sleep Talk||[still]\n|-fail|p2a: Ditto\n|move|p1a: Dondozo|Wave Crash|p2a: Ditto\n|-resisted|p2a: Ditto\n|-damage|p2a: Ditto|72/225\n|-damage|p1a: Dondozo|232/362|[from] Recoil\n|\n|upkeep\n|turn|57\n|\n|t:|1782873049\n|move|p2a: Ditto|Sleep Talk||[still]\n|-fail|p2a: Ditto\n|move|p1a: Dondozo|Wave Crash|p2a: Ditto\n|-resisted|p2a: Ditto\n|-damage|p2a: Ditto|24/225\n|-damage|p1a: Dondozo|216/362|[from] Recoil\n|\n|upkeep\n|turn|58\n|\n|t:|1782873052\n|move|p2a: Ditto|Sleep Talk||[still]\n|-fail|p2a: Ditto\n|move|p1a: Dondozo|Wave Crash|p2a: Ditto\n|-resisted|p2a: Ditto\n|-damage|p2a: Ditto|0 fnt\n|faint|p2a: Ditto\n|-damage|p1a: Dondozo|208/362|[from] Recoil\n|\n|upkeep\n|\n|t:|1782873054\n|switch|p2a: Hawlucha|Hawlucha, L80, F|256/256\n|turn|59\n|\n|t:|1782873055\n|move|p2a: Hawlucha|Swords Dance|p2a: Hawlucha\n|-boost|p2a: Hawlucha|atk|2\n|move|p1a: Dondozo|Wave Crash|p2a: Hawlucha\n|-damage|p2a: Hawlucha|0 fnt\n|faint|p2a: Hawlucha\n|-damage|p1a: Dondozo|124/362|[from] Recoil\n|\n|win|spikylala\n|raw|spikylala's rating: 1954 &rarr; <strong>1977</strong><br />(+23 for winning)\n|raw|forcemajor14's rating: 2004 &rarr; <strong>1981</strong><br />(-23 for losing)\n", "inputlog": ">version f8ac14003a5f27e1bdc8d8c59608a773c1cb96e5\n>start {\"formatid\":\"gen9randombattle\",\"seed\":\"sodium,82993b3e64528c88fdb0cfc06e6fa7cd\",\"rated\":\"Rated battle\"}\n>player p1 {\"name\":\"spikylala\",\"avatar\":\"170\",\"rating\":1954,\"seed\":\"sodium,b6128f9d89d179d6bca10279bbd9a91a\"}\n>player p2 {\"name\":\"forcemajor14\",\"avatar\":\"169\",\"rating\":2022,\"seed\":\"sodium,70ba079785d7771ca05b1fd259196fd8\"}\n>p1 switch 6\n>p2 move closecombat\n>p1 switch 2\n>p2 switch 5\n>p1 move spikes\n>p2 move stickyweb\n>p1 move spikes\n>p2 switch 4\n>p1 move spikes\n>p2 move calmmind\n>p1 move flashcannon\n>p2 move calmmind\n>p1 move flashcannon\n>p2 move thunderbolt\n>p1 move flashcannon\n>p2 move calmmind\n>p1 move flashcannon\n>p2 move thunderbolt\n>p1 move fleurcannon\n>p2 move thunderbolt\n>p1 switch 6\n>p1 move suckerpunch\n>p2 move thunderbolt terastallize\n>p1 move fireblast\n>p2 move thunderbolt\n>p1 switch 2\n>p1 move wavecrash\n>p2 move thunderbolt\n>p2 switch 4\n>p1 move rest terastallize\n>p2 move leafblade\n>p1 move sleeptalk\n>p2 move lunge\n>p1 move sleeptalk\n>p2 move lunge\n>p1 move curse\n>p2 move lunge\n>p1 move rest\n>p2 move lunge\n>p1 move sleeptalk\n>p2 move lunge\n>p1 move sleeptalk\n>p2 move lunge\n>p1 move curse\n>p2 move lunge\n>p1 move curse\n>p2 move knockoff\n>p1 move curse\n>p2 switch 2\n>p1 move curse\n>p2 move uturn\n>p2 switch 2\n>p1 move wavecrash\n>p2 move lunge\n>p1 move wavecrash\n>p2 move lunge\n>p1 move rest\n>p2 move lunge\n>p1 move sleeptalk\n>p2 move lunge\n>p1 move sleeptalk\n>p2 move lunge\n>p1 move curse\n>p2 move lunge\n>p1 move curse\n>p2 move lunge\n>p1 move curse\n>p2 move lunge\n>p1 move wavecrash\n>p2 move lunge\n>p1 move rest\n>p2 move lunge\n>p1 move sleeptalk\n>p2 move lunge\n>p1 move sleeptalk\n>p2 move lunge\n>p1 move rest\n>p2 move lunge\n>p1 move wavecrash\n>p2 move lunge\n>p1 move wavecrash\n>p2 move lunge\n>p1 move wavecrash\n>p2 move lunge\n>p1 switch 5\n>p2 move knockoff\n>p1 switch 5\n>p1 move curse\n>p2 move lunge\n>p1 move curse\n>p2 switch 2\n>p1 move curse\n>p2 move uturn\n>p2 switch 2\n>p1 move rest\n>p2 move knockoff\n>p1 move sleeptalk\n>p2 move knockoff\n>p1 move sleeptalk\n>p2 move knockoff\n>p1 move curse\n>p2 move knockoff\n>p1 move curse\n>p2 move knockoff\n>p1 move wavecrash\n>p2 move knockoff\n>p2 switch 3\n>p1 move wavecrash\n>p2 move darkpulse\n>p2 switch 2\n>p1 move rest\n>p2 move bravebird\n>p1 move sleeptalk\n>p2 move knockoff\n>p2 switch 6\n>p1 move sleeptalk\n>p2 move sleeptalk\n>p1 move wavecrash\n>p2 move sleeptalk\n>p1 move wavecrash\n>p2 move sleeptalk\n>p1 move wavecrash\n>p2 move sleeptalk\n>p1 move wavecrash\n>p2 move sleeptalk\n>p2 switch 5\n>p1 move wavecrash\n>p2 move swordsdance", "uploadtime": 1782873056, "views": 7, "formatid": "gen9randombattle", "rating": 1977, "private": 0, "password": null, "player_dets": [{"name": "spikylala", "avatar": "170", "rating": 1954, "seed": "sodium,b6128f9d89d179d6bca10279bbd9a91a"}, {"name": "forcemajor14", "avatar": "169", "rating": 2022, "seed": "sodium,70ba079785d7771ca05b1fd259196fd8"}], "teams_full": [{"Houndoom": {"name": "Houndoom", "species": "Houndoom", "speciesId": "houndoom", "gender": "M", "shiny": false, "level": 87, "moves": ["fireblast", "darkpulse", "sludgebomb", "suckerpunch"], "ability": "Flash Fire", "evs": {"hp": 85, "atk": 85, "def": 85, "spa": 85, "spd": 85, "spe": 85}, "ivs": {"hp": 31, "atk": 31, "def": 31, "spa": 31, "spd": 31, "spe": 31}, "item": "Heavy-Duty Boots", "teraType": "Poison", "role": "Fast Attacker", "bvs": {"hp": 75, "atk": 90, "def": 50, "spa": 110, "spd": 80, "spe": 95}, "stats": {"hp": 272, "atk": 206, "def": 137, "spa": 241, "spd": 189, "spe": 215}, "types": ["Dark", "Fire"]}, "Magearna": {"name": "Magearna", "species": "Magearna-Original", "speciesId": "magearna", "gender": "N", "shiny": false, "level": 77, "moves": ["aurasphere", "spikes", "flashcannon", "fleurcannon"], "ability": "Soul-Heart", "evs": {"hp": 85, "atk": 0, "def": 85, "spa": 85, "spd": 85, "spe": 85}, "ivs": {"hp": 31, "atk": 0, "def": 31, "spa": 31, "spd": 31, "spe": 31}, "item": "Leftovers", "teraType": "Fairy", "role": "Bulky Attacker", "bvs": {"hp": 80, "atk": 95, "def": 115, "spa": 130, "spd": 115, "spe": 65}, "stats": {"hp": 250, "atk": 151, "def": 222, "spa": 245, "spd": 222, "spe": 145}, "types": ["Steel", "Fairy"]}, "Drednaw": {"name": "Drednaw", "species": "Drednaw", "speciesId": "drednaw", "gender": "F", "shiny": false, "level": 81, "moves": ["stoneedge", "earthquake", "liquidation", "shellsmash"], "ability": "Shell Armor", "evs": {"hp": 85, "atk": 85, "def": 85, "spa": 85, "spd": 85, "spe": 85}, "ivs": {"hp": 31, "atk": 31, "def": 31, "spa": 31, "spd": 31, "spe": 31}, "item": "White Herb", "teraType": "Ground", "role": "Fast Bulky Setup", "bvs": {"hp": 90, "atk": 115, "def": 90, "spa": 48, "spd": 68, "spe": 74}, "stats": {"hp": 278, "atk": 233, "def": 192, "spa": 124, "spd": 157, "spe": 167}, "types": ["Water", "Rock"]}, "Porygon-Z": {"name": "Porygon-Z", "species": "Porygon-Z", "speciesId": "porygonz", "gender": "N", "shiny": false, "level": 83, "moves": ["nastyplot", "triattack", "thunderbolt", "shadowball"], "ability": "Download", "evs": {"hp": 85, "atk": 0, "def": 85, "spa": 85, "spd": 85, "spe": 85}, "ivs": {"hp": 31, "atk": 0, "def": 31, "spa": 31, "spd": 31, "spe": 31}, "item": "Life Orb", "teraType": "Ghost", "role": "Fast Attacker", "bvs": {"hp": 85, "atk": 80, "def": 70, "spa": 135, "spd": 75, "spe": 90}, "stats": {"hp": 277, "atk": 137, "def": 164, "spa": 272, "spd": 172, "spe": 197}, "types": ["Normal"]}, "Hoopa": {"name": "Hoopa", "species": "Hoopa", "speciesId": "hoopa", "gender": "N", "shiny": false, "level": 85, "moves": ["psychic", "focusblast", "shadowball", "nastyplot"], "ability": "Magician", "evs": {"hp": 85, "atk": 0, "def": 85, "spa": 85, "spd": 85, "spe": 85}, "ivs": {"hp": 31, "atk": 0, "def": 31, "spa": 31, "spd": 31, "spe": 31}, "item": "Life Orb", "teraType": "Ghost", "role": "Fast Attacker", "bvs": {"hp": 80, "atk": 110, "def": 60, "spa": 150, "spd": 130, "spe": 70}, "stats": {"hp": 275, "atk": 192, "def": 151, "spa": 304, "spd": 270, "spe": 168}, "types": ["Psychic", "Ghost"]}, "Dondozo": {"name": "Dondozo", "species": "Dondozo", "speciesId": "dondozo", "gender": "F", "shiny": false, "level": 78, "moves": ["curse", "sleeptalk", "rest", "wavecrash"], "ability": "Unaware", "evs": {"hp": 85, "atk": 85, "def": 85, "spa": 85, "spd": 85, "spe": 85}, "ivs": {"hp": 31, "atk": 31, "def": 31, "spa": 31, "spd": 31, "spe": 31}, "item": "Leftovers", "teraType": "Dragon", "role": "Bulky Setup", "bvs": {"hp": 150, "atk": 100, "def": 115, "spa": 65, "spd": 65, "spe": 35}, "stats": {"hp": 362, "atk": 201, "def": 224, "spa": 146, "spd": 146, "spe": 100}, "types": ["Water"]}}, {"Hawlucha": {"name": "Hawlucha", "species": "Hawlucha", "speciesId": "hawlucha", "gender": "F", "shiny": false, "level": 80, "moves": ["swordsdance", "acrobatics", "bravebird", "closecombat"], "ability": "Unburden", "evs": {"hp": 85, "atk": 85, "def": 85, "spa": 85, "spd": 85, "spe": 85}, "ivs": {"hp": 31, "atk": 31, "def": 31, "spa": 31, "spd": 31, "spe": 31}, "item": "White Herb", "teraType": "Flying", "role": "Setup Sweeper", "bvs": {"hp": 78, "atk": 92, "def": 75, "spa": 74, "spd": 63, "spe": 118}, "stats": {"hp": 256, "atk": 193, "def": 166, "spa": 165, "spd": 147, "spe": 235}, "types": ["Fighting", "Flying"]}, "Bombirdier": {"name": "Bombirdier", "species": "Bombirdier", "speciesId": "bombirdier", "gender": "M", "shiny": false, "level": 85, "moves": ["bravebird", "uturn", "knockoff", "roost"], "ability": "Big Pecks", "evs": {"hp": 85, "atk": 85, "def": 85, "spa": 85, "spd": 85, "spe": 85}, "ivs": {"hp": 31, "atk": 31, "def": 31, "spa": 31, "spd": 31, "spe": 31}, "item": "Heavy-Duty Boots", "teraType": "Steel", "role": "Bulky Support", "bvs": {"hp": 70, "atk": 103, "def": 85, "spa": 60, "spd": 85, "spe": 82}, "stats": {"hp": 258, "atk": 224, "def": 193, "spa": 151, "spd": 193, "spe": 188}, "types": ["Flying", "Dark"]}, "Greninja": {"name": "Greninja", "species": "Greninja", "speciesId": "greninja", "gender": "M", "shiny": false, "level": 80, "moves": ["toxicspikes", "hydropump", "darkpulse", "gunkshot"], "ability": "Protean", "evs": {"hp": 85, "atk": 85, "def": 85, "spa": 85, "spd": 85, "spe": 85}, "ivs": {"hp": 31, "atk": 31, "def": 31, "spa": 31, "spd": 31, "spe": 31}, "item": "Life Orb", "teraType": "Poison", "role": "Fast Attacker", "bvs": {"hp": 72, "atk": 95, "def": 67, "spa": 103, "spd": 71, "spe": 122}, "stats": {"hp": 246, "atk": 198, "def": 153, "spa": 211, "spd": 160, "spe": 241}, "types": ["Water", "Dark"]}, "Gothitelle": {"name": "Gothitelle", "species": "Gothitelle", "speciesId": "gothitelle", "gender": "M", "shiny": false, "level": 90, "moves": ["thunderbolt", "psychicnoise", "darkpulse", "calmmind"], "ability": "Shadow Tag", "evs": {"hp": 85, "atk": 0, "def": 85, "spa": 85, "spd": 85, "spe": 85}, "ivs": {"hp": 31, "atk": 0, "def": 31, "spa": 31, "spd": 31, "spe": 31}, "item": "Leftovers", "teraType": "Steel", "role": "Bulky Setup", "bvs": {"hp": 70, "atk": 55, "def": 95, "spa": 95, "spd": 110, "spe": 65}, "stats": {"hp": 272, "atk": 104, "def": 222, "spa": 222, "spd": 249, "spe": 168}, "types": ["Psychic"]}, "Leavanny": {"name": "Leavanny", "species": "Leavanny", "speciesId": "leavanny", "gender": "F", "shiny": false, "level": 86, "moves": ["leafblade", "knockoff", "stickyweb", "lunge"], "ability": "Swarm", "evs": {"hp": 85, "atk": 85, "def": 85, "spa": 85, "spd": 85, "spe": 85}, "ivs": {"hp": 31, "atk": 31, "def": 31, "spa": 31, "spd": 31, "spe": 31}, "item": "Heavy-Duty Boots", "teraType": "Rock", "role": "Fast Support", "bvs": {"hp": 75, "atk": 103, "def": 80, "spa": 70, "spd": 80, "spe": 92}, "stats": {"hp": 269, "atk": 226, "def": 187, "spa": 170, "spd": 187, "spe": 207}, "types": ["Bug", "Grass"]}, "Ditto": {"name": "Ditto", "species": "Ditto", "speciesId": "ditto", "gender": "N", "shiny": false, "level": 87, "moves": ["transform"], "ability": "Imposter", "evs": {"hp": 85, "atk": 85, "def": 85, "spa": 85, "spd": 85, "spe": 85}, "ivs": {"hp": 31, "atk": 31, "def": 31, "spa": 31, "spd": 31, "spe": 31}, "item": "Choice Scarf", "teraType": "Steel", "role": "Fast Support", "bvs": {"hp": 48, "atk": 48, "def": 48, "spa": 48, "spd": 48, "spe": 48}, "stats": {"hp": 225, "atk": 133, "def": 133, "spa": 133, "spd": 133, "spe": 133}, "types": ["Normal"]}}]}