{"id": "gen9randombattle-2641949189", "format": "[Gen 9] Random Battle", "players": ["cowman25!", "Delta 2777"], "log": "|badge|p2|bronze|gen9randombattle|100-9\n|html|<div class=\"broadcast-red\"><strong>This battle is required to be public due to one or more player having a season medal.</strong><br />During the public phase, you can discuss the state of the ladder <a href=\"/seasondiscussion\">in a special chatroom.</a></div>\n|uhtml|medal-msg|<div class=\"broadcast-blue\">Curious what those medals under the avatar are? PS now has Ladder Seasons! For more information, check out the <a href=\"https://www.smogon.com/forums/threads/3740067/\">thread on Smogon.</a></div>\n|j|\u2606cowman25!\n|j|\u2606Delta 2777\n|t:|1782863420\n|gametype|singles\n|player|p1|cowman25!|1|2100\n|player|p2|Delta 2777|2|2292\n|gen|9\n|tier|[Gen 9] Random Battle\n|rated|\n|rule|Species Clause: Limit one of each Pok\u00e9mon\n|rule|HP Percentage Mod: HP is shown in percentages\n|rule|Sleep Clause Mod: Limit one foe put to sleep\n|rule|Illusion Level Mod: Illusion disguises the Pok\u00e9mon's true level\n|\n|t:|1782863420\n|teamsize|p1|6\n|teamsize|p2|6\n|start\n|switch|p1a: Mew|Mew, L82|298/298\n|switch|p2a: Lunala|Lunala, L70|308/308\n|turn|1\n|inactive|Battle timer is ON: inactive players will automatically lose when time's up. (requested by Delta 2777)\n|\n|t:|1782863443\n|switch|p1a: Toucannon|Toucannon, L88, F|284/284\n|move|p2a: Lunala|Moongeist Beam|p1a: Toucannon\n|-immune|p1a: Toucannon\n|\n|upkeep\n|turn|2\n|\n|t:|1782863456\n|switch|p2a: Tinkaton|Tinkaton, L82, F|274/274\n|-ability|p2a: Tinkaton|Mold Breaker\n|move|p1a: Toucannon|Bullet Seed|p2a: Tinkaton\n|-resisted|p2a: Tinkaton\n|-damage|p2a: Tinkaton|261/274\n|-resisted|p2a: Tinkaton\n|-damage|p2a: Tinkaton|248/274\n|-resisted|p2a: Tinkaton\n|-damage|p2a: Tinkaton|235/274\n|-resisted|p2a: Tinkaton\n|-damage|p2a: Tinkaton|222/274\n|-resisted|p2a: Tinkaton\n|-damage|p2a: Tinkaton|210/274\n|-hitcount|p2a: Tinkaton|5\n|\n|-heal|p2a: Tinkaton|227/274|[from] item: Leftovers\n|upkeep\n|turn|3\n|\n|t:|1782863472\n|-singleturn|p1a: Toucannon|move: Beak Blast\n|move|p2a: Tinkaton|Swords Dance|p2a: Tinkaton\n|-boost|p2a: Tinkaton|atk|2\n|move|p1a: Toucannon|Beak Blast|p2a: Tinkaton\n|-resisted|p2a: Tinkaton\n|-damage|p2a: Tinkaton|151/274\n|\n|-heal|p2a: Tinkaton|168/274|[from] item: Leftovers\n|upkeep\n|turn|4\n|\n|t:|1782863488\n|-singleturn|p1a: Toucannon|move: Beak Blast\n|move|p2a: Tinkaton|Swords Dance|p2a: Tinkaton\n|-boost|p2a: Tinkaton|atk|2\n|move|p1a: Toucannon|Beak Blast|p2a: Tinkaton\n|-resisted|p2a: Tinkaton\n|-damage|p2a: Tinkaton|85/274\n|\n|-heal|p2a: Tinkaton|102/274|[from] item: Leftovers\n|upkeep\n|turn|5\n|\n|t:|1782863495\n|-singleturn|p1a: Toucannon|move: Beak Blast\n|move|p2a: Tinkaton|Gigaton Hammer|p1a: Toucannon\n|-damage|p1a: Toucannon|0 fnt\n|faint|p1a: Toucannon\n|\n|-heal|p2a: Tinkaton|119/274|[from] item: Leftovers\n|upkeep\n|\n|t:|1782863503\n|switch|p1a: Azelf|Azelf, L82|257/257\n|turn|6\n|\n|t:|1782863508\n|switch|p2a: Hydrapple|Hydrapple, L83, M|312/312\n|move|p1a: Azelf|Fire Blast|p2a: Hydrapple\n|-damage|p2a: Hydrapple|186/312\n|-damage|p1a: Azelf|232/257|[from] item: Life Orb\n|\n|upkeep\n|turn|7\n|inactive|Delta 2777 has 120 seconds left.\n|\n|t:|1782863539\n|switch|p2a: Tinkaton|Tinkaton, L82, F|119/274\n|-ability|p2a: Tinkaton|Mold Breaker\n|move|p1a: Azelf|Dazzling Gleam|p2a: Tinkaton\n|-resisted|p2a: Tinkaton\n|-damage|p2a: Tinkaton|80/274\n|-damage|p1a: Azelf|207/257|[from] item: Life Orb\n|\n|-heal|p2a: Tinkaton|97/274|[from] item: Leftovers\n|upkeep\n|turn|8\n|inactive|Delta 2777 has 120 seconds left.\n|\n|t:|1782863554\n|switch|p2a: Lunala|Lunala, L70|308/308\n|move|p1a: Azelf|Fire Blast|p2a: Lunala\n|-damage|p2a: Lunala|245/308\n|-damage|p1a: Azelf|182/257|[from] item: Life Orb\n|\n|-heal|p2a: Lunala|264/308|[from] item: Leftovers\n|upkeep\n|turn|9\n|\n|t:|1782863566\n|switch|p1a: Terapagos|Terapagos, L77, M|265/265\n|-activate|p1a: Terapagos|ability: Tera Shift\n|detailschange|p1a: Terapagos|Terapagos-Terastal, L77, M\n|-heal|p1a: Terapagos|273/273|[silent]\n|move|p2a: Lunala|Moongeist Beam|p1a: Terapagos\n|-immune|p1a: Terapagos\n|\n|-heal|p2a: Lunala|283/308|[from] item: Leftovers\n|upkeep\n|turn|10\n|\n|t:|1782863579\n|switch|p2a: Tinkaton|Tinkaton, L82, F|97/274\n|-ability|p2a: Tinkaton|Mold Breaker\n|move|p1a: Terapagos|Calm Mind|p1a: Terapagos\n|-boost|p1a: Terapagos|spa|1\n|-boost|p1a: Terapagos|spd|1\n|\n|-heal|p2a: Tinkaton|114/274|[from] item: Leftovers\n|upkeep\n|turn|11\n|\n|t:|1782863582\n|move|p2a: Tinkaton|Knock Off|p1a: Terapagos\n|-damage|p1a: Terapagos|226/273\n|-enditem|p1a: Terapagos|Chesto Berry|[from] move: Knock Off|[of] p2a: Tinkaton\n|move|p1a: Terapagos|Earth Power|p2a: Tinkaton\n|-supereffective|p2a: Tinkaton\n|-crit|p2a: Tinkaton\n|-damage|p2a: Tinkaton|0 fnt\n|faint|p2a: Tinkaton\n|\n|upkeep\n|inactive|Delta 2777 has 120 seconds left.\n|\n|t:|1782863607\n|switch|p2a: Brambleghast|Brambleghast, L88, F|240/240\n|turn|12\n|\n|t:|1782863623\n|move|p2a: Brambleghast|Poltergeist||[still]\n|-fail|p2a: Brambleghast\n|move|p1a: Terapagos|Earth Power|p2a: Brambleghast\n|-resisted|p2a: Brambleghast\n|-damage|p2a: Brambleghast|190/240\n|\n|upkeep\n|turn|13\n|\n|t:|1782863631\n|move|p2a: Brambleghast|Spikes|p1a: Terapagos\n|-sidestart|p1: cowman25!|Spikes\n|move|p1a: Terapagos|Earth Power|p2a: Brambleghast\n|-resisted|p2a: Brambleghast\n|-damage|p2a: Brambleghast|143/240\n|\n|upkeep\n|turn|14\n|\n|t:|1782863637\n|move|p2a: Brambleghast|Spikes|p1a: Terapagos\n|-sidestart|p1: cowman25!|Spikes\n|move|p1a: Terapagos|Earth Power|p2a: Brambleghast\n|-resisted|p2a: Brambleghast\n|-damage|p2a: Brambleghast|97/240\n|\n|upkeep\n|turn|15\n|\n|t:|1782863643\n|move|p2a: Brambleghast|Power Whip|p1a: Terapagos\n|-damage|p1a: Terapagos|73/273\n|move|p1a: Terapagos|Calm Mind|p1a: Terapagos\n|-boost|p1a: Terapagos|spa|1\n|-boost|p1a: Terapagos|spd|1\n|\n|upkeep\n|turn|16\n|\n|t:|1782863649\n|move|p2a: Brambleghast|Spikes|p1a: Terapagos\n|-sidestart|p1: cowman25!|Spikes\n|move|p1a: Terapagos|Rest|p1a: Terapagos\n|-status|p1a: Terapagos|slp|[from] move: Rest\n|-heal|p1a: Terapagos|273/273 slp|[silent]\n|\n|upkeep\n|turn|17\n|\n|t:|1782863658\n|move|p2a: Brambleghast|Rapid Spin|p1a: Terapagos\n|-activate|p1a: Terapagos|ability: Tera Shell\n|-resisted|p1a: Terapagos\n|-damage|p1a: Terapagos|252/273 slp\n|-boost|p2a: Brambleghast|spe|1\n|cant|p1a: Terapagos|slp\n|\n|upkeep\n|turn|18\n|\n|t:|1782863666\n|move|p2a: Brambleghast|Power Whip|p1a: Terapagos\n|-damage|p1a: Terapagos|104/273 slp\n|cant|p1a: Terapagos|slp\n|\n|upkeep\n|turn|19\n|\n|t:|1782863671\n|move|p2a: Brambleghast|Power Whip|p1a: Terapagos\n|-damage|p1a: Terapagos|0 fnt\n|faint|p1a: Terapagos\n|\n|upkeep\n|\n|t:|1782863676\n|switch|p1a: Bellossom|Bellossom, L84, M|263/263\n|-damage|p1a: Bellossom|198/263|[from] Spikes\n|turn|20\n|inactive|Delta 2777 has 120 seconds left.\n|\n|t:|1782863718\n|switch|p2a: Lunala|Lunala, L70|283/308\n|move|p1a: Bellossom|Strength Sap|p2a: Lunala\n|-unboost|p2a: Lunala|atk|1\n|-heal|p1a: Bellossom|263/263\n|\n|-heal|p2a: Lunala|302/308|[from] item: Leftovers\n|upkeep\n|turn|21\n|\n|t:|1782863722\n|move|p2a: Lunala|Calm Mind|p2a: Lunala\n|-boost|p2a: Lunala|spa|1\n|-boost|p2a: Lunala|spd|1\n|move|p1a: Bellossom|Quiver Dance|p1a: Bellossom\n|-boost|p1a: Bellossom|spa|1\n|-boost|p1a: Bellossom|spd|1\n|-boost|p1a: Bellossom|spe|1\n|\n|-heal|p2a: Lunala|308/308|[from] item: Leftovers\n|upkeep\n|turn|22\n|\n|t:|1782863731\n|move|p1a: Bellossom|Quiver Dance|p1a: Bellossom\n|-boost|p1a: Bellossom|spa|1\n|-boost|p1a: Bellossom|spd|1\n|-boost|p1a: Bellossom|spe|1\n|move|p2a: Lunala|Calm Mind|p2a: Lunala\n|-boost|p2a: Lunala|spa|1\n|-boost|p2a: Lunala|spd|1\n|\n|upkeep\n|turn|23\n|\n|t:|1782863737\n|move|p1a: Bellossom|Quiver Dance|p1a: Bellossom\n|-boost|p1a: Bellossom|spa|1\n|-boost|p1a: Bellossom|spd|1\n|-boost|p1a: Bellossom|spe|1\n|move|p2a: Lunala|Calm Mind|p2a: Lunala\n|-boost|p2a: Lunala|spa|1\n|-boost|p2a: Lunala|spd|1\n|\n|upkeep\n|turn|24\n|\n|t:|1782863742\n|move|p1a: Bellossom|Giga Drain|p2a: Lunala\n|-damage|p2a: Lunala|271/308\n|move|p2a: Lunala|Calm Mind|p2a: Lunala\n|-boost|p2a: Lunala|spa|1\n|-boost|p2a: Lunala|spd|1\n|\n|-heal|p2a: Lunala|290/308|[from] item: Leftovers\n|upkeep\n|turn|25\n|\n|t:|1782863749\n|move|p1a: Bellossom|Giga Drain|p2a: Lunala\n|-damage|p2a: Lunala|230/308\n|move|p2a: Lunala|Calm Mind|p2a: Lunala\n|-boost|p2a: Lunala|spa|1\n|-boost|p2a: Lunala|spd|1\n|\n|-heal|p2a: Lunala|249/308|[from] item: Leftovers\n|upkeep\n|turn|26\n|\n|t:|1782863756\n|move|p1a: Bellossom|Quiver Dance|p1a: Bellossom\n|-boost|p1a: Bellossom|spa|1\n|-boost|p1a: Bellossom|spd|1\n|-boost|p1a: Bellossom|spe|1\n|move|p2a: Lunala|Moongeist Beam|p1a: Bellossom\n|-damage|p1a: Bellossom|164/263\n|\n|-heal|p1a: Bellossom|180/263|[from] item: Leftovers\n|-heal|p2a: Lunala|268/308|[from] item: Leftovers\n|upkeep\n|turn|27\n|\n|t:|1782863762\n|move|p1a: Bellossom|Giga Drain|p2a: Lunala\n|-damage|p2a: Lunala|198/308\n|-heal|p1a: Bellossom|215/263|[from] drain|[of] p2a: Lunala\n|move|p2a: Lunala|Calm Mind|p2a: Lunala\n|-boost|p2a: Lunala|spa|1\n|-boost|p2a: Lunala|spd|1\n|\n|-heal|p1a: Bellossom|231/263|[from] item: Leftovers\n|-heal|p2a: Lunala|217/308|[from] item: Leftovers\n|upkeep\n|turn|28\n|\n|t:|1782863769\n|move|p1a: Bellossom|Quiver Dance|p1a: Bellossom\n|-boost|p1a: Bellossom|spa|1\n|-boost|p1a: Bellossom|spd|1\n|-boost|p1a: Bellossom|spe|1\n|move|p2a: Lunala|Moongeist Beam|p1a: Bellossom\n|-damage|p1a: Bellossom|126/263\n|\n|-heal|p1a: Bellossom|142/263|[from] item: Leftovers\n|-heal|p2a: Lunala|236/308|[from] item: Leftovers\n|upkeep\n|turn|29\n|\n|t:|1782863776\n|move|p1a: Bellossom|Giga Drain|p2a: Lunala\n|-damage|p2a: Lunala|169/308\n|-heal|p1a: Bellossom|176/263|[from] drain|[of] p2a: Lunala\n|move|p2a: Lunala|Moongeist Beam|p1a: Bellossom\n|-damage|p1a: Bellossom|71/263\n|\n|-heal|p1a: Bellossom|87/263|[from] item: Leftovers\n|-heal|p2a: Lunala|188/308|[from] item: Leftovers\n|upkeep\n|turn|30\n|\n|t:|1782863784\n|move|p1a: Bellossom|Strength Sap|p2a: Lunala\n|-unboost|p2a: Lunala|atk|1\n|-heal|p1a: Bellossom|195/263\n|move|p2a: Lunala|Moonlight|p2a: Lunala\n|-heal|p2a: Lunala|308/308\n|\n|-heal|p1a: Bellossom|211/263|[from] item: Leftovers\n|upkeep\n|turn|31\n|\n|t:|1782863792\n|move|p1a: Bellossom|Quiver Dance|p1a: Bellossom\n|-boost|p1a: Bellossom|spa|1\n|-boost|p1a: Bellossom|spd|1\n|-boost|p1a: Bellossom|spe|1\n|move|p2a: Lunala|Moongeist Beam|p1a: Bellossom\n|-damage|p1a: Bellossom|127/263\n|\n|-heal|p1a: Bellossom|143/263|[from] item: Leftovers\n|upkeep\n|turn|32\n|\n|t:|1782863802\n|move|p1a: Bellossom|Giga Drain|p2a: Lunala\n|-damage|p2a: Lunala|269/308\n|-heal|p1a: Bellossom|163/263|[from] drain|[of] p2a: Lunala\n|move|p2a: Lunala|Focus Blast|p1a: Bellossom|[miss]\n|-miss|p2a: Lunala|p1a: Bellossom\n|\n|-heal|p1a: Bellossom|179/263|[from] item: Leftovers\n|-heal|p2a: Lunala|288/308|[from] item: Leftovers\n|upkeep\n|turn|33\n|\n|t:|1782863816\n|-terastallize|p1a: Bellossom|Poison\n|move|p1a: Bellossom|Sludge Bomb|p2a: Lunala\n|-resisted|p2a: Lunala\n|-damage|p2a: Lunala|239/308\n|-status|p2a: Lunala|psn\n|move|p2a: Lunala|Focus Blast|p1a: Bellossom\n|-resisted|p1a: Bellossom\n|-damage|p1a: Bellossom|141/263\n|\n|-heal|p1a: Bellossom|157/263|[from] item: Leftovers\n|-heal|p2a: Lunala|258/308 psn|[from] item: Leftovers\n|-damage|p2a: Lunala|220/308 psn|[from] psn\n|upkeep\n|turn|34\n|\n|t:|1782863843\n|move|p1a: Bellossom|Giga Drain|p2a: Lunala\n|-damage|p2a: Lunala|148/308 psn\n|-heal|p1a: Bellossom|193/263|[from] drain|[of] p2a: Lunala\n|move|p2a: Lunala|Moongeist Beam|p1a: Bellossom\n|-damage|p1a: Bellossom|105/263\n|\n|-heal|p1a: Bellossom|121/263|[from] item: Leftovers\n|-heal|p2a: Lunala|167/308 psn|[from] item: Leftovers\n|-damage|p2a: Lunala|129/308 psn|[from] psn\n|upkeep\n|turn|35\n|\n|t:|1782863851\n|move|p1a: Bellossom|Giga Drain|p2a: Lunala\n|-damage|p2a: Lunala|45/308 psn\n|-heal|p1a: Bellossom|163/263|[from] drain|[of] p2a: Lunala\n|move|p2a: Lunala|Moongeist Beam|p1a: Bellossom\n|-damage|p1a: Bellossom|79/263\n|\n|-heal|p1a: Bellossom|95/263|[from] item: Leftovers\n|-heal|p2a: Lunala|64/308 psn|[from] item: Leftovers\n|-damage|p2a: Lunala|26/308 psn|[from] psn\n|upkeep\n|turn|36\n|\n|t:|1782863860\n|move|p1a: Bellossom|Giga Drain|p2a: Lunala\n|-damage|p2a: Lunala|0 fnt\n|-heal|p1a: Bellossom|108/263|[from] drain|[of] p2a: Lunala\n|faint|p2a: Lunala\n|\n|-heal|p1a: Bellossom|124/263|[from] item: Leftovers\n|upkeep\n|\n|t:|1782863881\n|switch|p2a: Ditto|Ditto, L87|225/225\n|-transform|p2a: Ditto|p1a: Bellossom|[from] ability: Imposter\n|-start|p2a: Ditto|typechange|Grass|[silent]\n|turn|37\n|\n|t:|1782863891\n|-terastallize|p2a: Ditto|Steel\n|move|p2a: Ditto|Giga Drain|p1a: Bellossom\n|-resisted|p1a: Bellossom\n|-damage|p1a: Bellossom|91/263\n|move|p1a: Bellossom|Strength Sap|p2a: Ditto\n|-unboost|p2a: Ditto|atk|1\n|-heal|p1a: Bellossom|230/263\n|\n|-heal|p1a: Bellossom|246/263|[from] item: Leftovers\n|upkeep\n|turn|38\n|\n|t:|1782863906\n|move|p2a: Ditto|Giga Drain|p1a: Bellossom\n|-resisted|p1a: Bellossom\n|-damage|p1a: Bellossom|214/263\n|move|p1a: Bellossom|Quiver Dance|p1a: Bellossom\n|-boost|p1a: Bellossom|spa|0\n|-boost|p1a: Bellossom|spd|0\n|-boost|p1a: Bellossom|spe|0\n|\n|-heal|p1a: Bellossom|230/263|[from] item: Leftovers\n|upkeep\n|turn|39\n|\n|t:|1782863914\n|move|p2a: Ditto|Giga Drain|p1a: Bellossom\n|-resisted|p1a: Bellossom\n|-damage|p1a: Bellossom|194/263\n|move|p1a: Bellossom|Quiver Dance|p1a: Bellossom\n|-boost|p1a: Bellossom|spa|0\n|-boost|p1a: Bellossom|spd|0\n|-boost|p1a: Bellossom|spe|0\n|\n|-heal|p1a: Bellossom|210/263|[from] item: Leftovers\n|upkeep\n|turn|40\n|\n|t:|1782863926\n|move|p2a: Ditto|Giga Drain|p1a: Bellossom\n|-resisted|p1a: Bellossom\n|-damage|p1a: Bellossom|176/263\n|move|p1a: Bellossom|Giga Drain|p2a: Ditto\n|-resisted|p2a: Ditto\n|-damage|p2a: Ditto|188/225\n|-heal|p1a: Bellossom|195/263|[from] drain|[of] p2a: Ditto\n|\n|-heal|p1a: Bellossom|211/263|[from] item: Leftovers\n|upkeep\n|turn|41\n|\n|t:|1782863934\n|switch|p2a: Brambleghast|Brambleghast, L88, F|97/240\n|move|p1a: Bellossom|Giga Drain|p2a: Brambleghast\n|-resisted|p2a: Brambleghast\n|-damage|p2a: Brambleghast|0 fnt\n|-heal|p1a: Bellossom|260/263|[from] drain|[of] p2a: Brambleghast\n|faint|p2a: Brambleghast\n|\n|-heal|p1a: Bellossom|263/263|[from] item: Leftovers\n|upkeep\n|\n|t:|1782863939\n|switch|p2a: Ditto|Ditto, L87, tera:Steel|188/225\n|-transform|p2a: Ditto|p1a: Bellossom|[from] ability: Imposter\n|turn|42\n|\n|t:|1782863948\n|move|p2a: Ditto|Giga Drain|p1a: Bellossom\n|-resisted|p1a: Bellossom\n|-damage|p1a: Bellossom|230/263\n|-heal|p2a: Ditto|205/225|[from] drain|[of] p1a: Bellossom\n|move|p1a: Bellossom|Quiver Dance|p1a: Bellossom\n|-boost|p1a: Bellossom|spa|0\n|-boost|p1a: Bellossom|spd|0\n|-boost|p1a: Bellossom|spe|0\n|\n|-heal|p1a: Bellossom|246/263|[from] item: Leftovers\n|upkeep\n|turn|43\n|\n|t:|1782863960\n|move|p2a: Ditto|Giga Drain|p1a: Bellossom\n|-resisted|p1a: Bellossom\n|-damage|p1a: Bellossom|211/263\n|-heal|p2a: Ditto|223/225|[from] drain|[of] p1a: Bellossom\n|move|p1a: Bellossom|Quiver Dance|p1a: Bellossom\n|-boost|p1a: Bellossom|spa|0\n|-boost|p1a: Bellossom|spd|0\n|-boost|p1a: Bellossom|spe|0\n|\n|-heal|p1a: Bellossom|227/263|[from] item: Leftovers\n|upkeep\n|turn|44\n|\n|t:|1782863973\n|move|p2a: Ditto|Giga Drain|p1a: Bellossom\n|-resisted|p1a: Bellossom\n|-damage|p1a: Bellossom|194/263\n|-heal|p2a: Ditto|225/225|[from] drain|[of] p1a: Bellossom\n|move|p1a: Bellossom|Sludge Bomb|p2a: Ditto\n|-immune|p2a: Ditto\n|\n|-heal|p1a: Bellossom|210/263|[from] item: Leftovers\n|upkeep\n|turn|45\n|\n|t:|1782863980\n|move|p2a: Ditto|Giga Drain|p1a: Bellossom\n|-resisted|p1a: Bellossom\n|-damage|p1a: Bellossom|172/263\n|move|p1a: Bellossom|Sludge Bomb|p2a: Ditto\n|-immune|p2a: Ditto\n|\n|-heal|p1a: Bellossom|188/263|[from] item: Leftovers\n|upkeep\n|turn|46\n|\n|t:|1782863985\n|move|p2a: Ditto|Giga Drain|p1a: Bellossom\n|-resisted|p1a: Bellossom\n|-damage|p1a: Bellossom|155/263\n|move|p1a: Bellossom|Sludge Bomb|p2a: Ditto\n|-immune|p2a: Ditto\n|\n|-heal|p1a: Bellossom|171/263|[from] item: Leftovers\n|upkeep\n|turn|47\n|\n|t:|1782863989\n|switch|p2a: Zacian|Zacian-Crowned, L64|225/225\n|-ability|p2a: Zacian|Intrepid Sword|boost\n|-boost|p2a: Zacian|atk|1\n|move|p1a: Bellossom|Sludge Bomb|p2a: Zacian\n|-immune|p2a: Zacian\n|\n|-heal|p1a: Bellossom|187/263|[from] item: Leftovers\n|upkeep\n|turn|48\n|\n|t:|1782863993\n|switch|p2a: Ditto|Ditto, L87, tera:Steel|225/225\n|-transform|p2a: Ditto|p1a: Bellossom|[from] ability: Imposter\n|move|p1a: Bellossom|Giga Drain|p2a: Ditto\n|-resisted|p2a: Ditto\n|-damage|p2a: Ditto|192/225\n|-heal|p1a: Bellossom|204/263|[from] drain|[of] p2a: Ditto\n|\n|-heal|p1a: Bellossom|220/263|[from] item: Leftovers\n|upkeep\n|turn|49\n|\n|t:|1782864001\n|move|p2a: Ditto|Giga Drain|p1a: Bellossom\n|-resisted|p1a: Bellossom\n|-damage|p1a: Bellossom|187/263\n|-heal|p2a: Ditto|209/225|[from] drain|[of] p1a: Bellossom\n|move|p1a: Bellossom|Strength Sap|p2a: Ditto\n|-unboost|p2a: Ditto|atk|1\n|-heal|p1a: Bellossom|263/263\n|\n|upkeep\n|turn|50\n|\n|t:|1782864007\n|move|p2a: Ditto|Giga Drain|p1a: Bellossom\n|-resisted|p1a: Bellossom\n|-damage|p1a: Bellossom|231/263\n|-heal|p2a: Ditto|225/225|[from] drain|[of] p1a: Bellossom\n|move|p1a: Bellossom|Quiver Dance|p1a: Bellossom\n|-boost|p1a: Bellossom|spa|0\n|-boost|p1a: Bellossom|spd|0\n|-boost|p1a: Bellossom|spe|0\n|\n|-heal|p1a: Bellossom|247/263|[from] item: Leftovers\n|upkeep\n|turn|51\n|\n|t:|1782864029\n|switch|p2a: Zacian|Zacian-Crowned, L64|225/225\n|move|p1a: Bellossom|Quiver Dance|p1a: Bellossom\n|-boost|p1a: Bellossom|spa|0\n|-boost|p1a: Bellossom|spd|0\n|-boost|p1a: Bellossom|spe|0\n|\n|-heal|p1a: Bellossom|263/263|[from] item: Leftovers\n|upkeep\n|turn|52\n|\n|t:|1782864040\n|switch|p1a: Stonjourner|Stonjourner, L91, M|330/330\n|-damage|p1a: Stonjourner|248/330|[from] Spikes\n|switch|p2a: Ditto|Ditto, L87, tera:Steel|225/225\n|-transform|p2a: Ditto|p1a: Stonjourner|[from] ability: Imposter\n|\n|upkeep\n|turn|53\n|\n|t:|1782864049\n|switch|p2a: Hydrapple|Hydrapple, L83, M|290/312\n|move|p1a: Stonjourner|Stealth Rock|p2a: Hydrapple\n|-sidestart|p2: Delta 2777|move: Stealth Rock\n|\n|upkeep\n|turn|54\n|\n|t:|1782864058\n|move|p1a: Stonjourner|Heat Crash|p2a: Hydrapple\n|-damage|p2a: Hydrapple|154/312\n|-damage|p1a: Stonjourner|215/330|[from] item: Life Orb\n|move|p2a: Hydrapple|Fickle Beam|p1a: Stonjourner|[anim] Fickle Beam All Out\n|-activate|p2a: Hydrapple|move: Fickle Beam\n|-damage|p1a: Stonjourner|0 fnt\n|faint|p1a: Stonjourner\n|\n|upkeep\n|\n|t:|1782864075\n|switch|p1a: Mew|Mew, L82|298/298\n|-damage|p1a: Mew|224/298|[from] Spikes\n|turn|55\n|\n|t:|1782864083\n|switch|p2a: Zacian|Zacian-Crowned, L64|225/225\n|-damage|p2a: Zacian|211/225|[from] Stealth Rock\n|move|p1a: Mew|Leech Life|p2a: Zacian\n|-resisted|p2a: Zacian\n|-crit|p2a: Zacian\n|-damage|p2a: Zacian|182/225\n|-heal|p1a: Mew|239/298|[from] drain|[of] p2a: Zacian\n|-damage|p1a: Mew|210/298|[from] item: Life Orb\n|\n|upkeep\n|turn|56\n|\n|t:|1782864100\n|move|p2a: Zacian|Behemoth Blade|p1a: Mew\n|-damage|p1a: Mew|131/298\n|move|p1a: Mew|Close Combat|p2a: Zacian\n|-damage|p2a: Zacian|64/225\n|-unboost|p1a: Mew|def|1\n|-unboost|p1a: Mew|spd|1\n|-damage|p1a: Mew|102/298|[from] item: Life Orb\n|\n|upkeep\n|turn|57\n|\n|t:|1782864109\n|move|p2a: Zacian|Behemoth Blade|p1a: Mew\n|-damage|p1a: Mew|0 fnt\n|faint|p1a: Mew\n|\n|upkeep\n|\n|t:|1782864112\n|switch|p1a: Bellossom|Bellossom, L84, M, tera:Poison|263/263\n|-damage|p1a: Bellossom|198/263|[from] Spikes\n|turn|58\n|inactive|Delta 2777 has 120 seconds left.\n|\n|t:|1782864153\n|move|p2a: Zacian|Swords Dance|p2a: Zacian\n|-boost|p2a: Zacian|atk|2\n|move|p1a: Bellossom|Quiver Dance|p1a: Bellossom\n|-boost|p1a: Bellossom|spa|1\n|-boost|p1a: Bellossom|spd|1\n|-boost|p1a: Bellossom|spe|1\n|\n|-heal|p1a: Bellossom|214/263|[from] item: Leftovers\n|upkeep\n|turn|59\n|\n|t:|1782864163\n|move|p2a: Zacian|Behemoth Blade|p1a: Bellossom\n|-damage|p1a: Bellossom|49/263\n|move|p1a: Bellossom|Quiver Dance|p1a: Bellossom\n|-boost|p1a: Bellossom|spa|1\n|-boost|p1a: Bellossom|spd|1\n|-boost|p1a: Bellossom|spe|1\n|\n|-heal|p1a: Bellossom|65/263|[from] item: Leftovers\n|upkeep\n|turn|60\n|inactive|Delta 2777 has 120 seconds left.\n|\n|t:|1782864174\n|switch|p2a: Ditto|Ditto, L87, tera:Steel|225/225\n|-damage|p2a: Ditto|211/225|[from] Stealth Rock\n|-transform|p2a: Ditto|p1a: Bellossom|[from] ability: Imposter\n|move|p1a: Bellossom|Giga Drain|p2a: Ditto\n|-resisted|p2a: Ditto\n|-damage|p2a: Ditto|178/225\n|-heal|p1a: Bellossom|82/263|[from] drain|[of] p2a: Ditto\n|\n|-heal|p1a: Bellossom|98/263|[from] item: Leftovers\n|upkeep\n|turn|61\n|inactive|Delta 2777 has 120 seconds left.\n|\n|t:|1782864204\n|move|p2a: Ditto|Giga Drain|p1a: Bellossom\n|-resisted|p1a: Bellossom\n|-damage|p1a: Bellossom|62/263\n|-heal|p2a: Ditto|196/225|[from] drain|[of] p1a: Bellossom\n|move|p1a: Bellossom|Strength Sap|p2a: Ditto\n|-unboost|p2a: Ditto|atk|1\n|-heal|p1a: Bellossom|201/263\n|\n|-heal|p1a: Bellossom|217/263|[from] item: Leftovers\n|upkeep\n|turn|62\n|\n|t:|1782864218\n|switch|p2a: Zacian|Zacian-Crowned, L64|64/225\n|-damage|p2a: Zacian|50/225|[from] Stealth Rock\n|move|p1a: Bellossom|Quiver Dance|p1a: Bellossom\n|-boost|p1a: Bellossom|spa|1\n|-boost|p1a: Bellossom|spd|1\n|-boost|p1a: Bellossom|spe|1\n|\n|-heal|p1a: Bellossom|233/263|[from] item: Leftovers\n|upkeep\n|turn|63\n|\n|t:|1782864224\n|switch|p2a: Ditto|Ditto, L87, tera:Steel|196/225\n|-damage|p2a: Ditto|182/225|[from] Stealth Rock\n|-transform|p2a: Ditto|p1a: Bellossom|[from] ability: Imposter\n|move|p1a: Bellossom|Giga Drain|p2a: Ditto\n|-resisted|p2a: Ditto\n|-damage|p2a: Ditto|148/225\n|-heal|p1a: Bellossom|250/263|[from] drain|[of] p2a: Ditto\n|\n|-heal|p1a: Bellossom|263/263|[from] item: Leftovers\n|upkeep\n|turn|64\n|\n|t:|1782864232\n|move|p2a: Ditto|Giga Drain|p1a: Bellossom\n|-resisted|p1a: Bellossom\n|-damage|p1a: Bellossom|227/263\n|-heal|p2a: Ditto|166/225|[from] drain|[of] p1a: Bellossom\n|move|p1a: Bellossom|Quiver Dance|p1a: Bellossom\n|-boost|p1a: Bellossom|spa|1\n|-boost|p1a: Bellossom|spd|1\n|-boost|p1a: Bellossom|spe|1\n|\n|-heal|p1a: Bellossom|243/263|[from] item: Leftovers\n|upkeep\n|turn|65\n|\n|t:|1782864237\n|move|p2a: Ditto|Giga Drain|p1a: Bellossom\n|-resisted|p1a: Bellossom\n|-damage|p1a: Bellossom|213/263\n|-heal|p2a: Ditto|181/225|[from] drain|[of] p1a: Bellossom\n|move|p1a: Bellossom|Giga Drain|p2a: Ditto\n|-resisted|p2a: Ditto\n|-damage|p2a: Ditto|141/225\n|-heal|p1a: Bellossom|233/263|[from] drain|[of] p2a: Ditto\n|\n|-heal|p1a: Bellossom|249/263|[from] item: Leftovers\n|upkeep\n|turn|66\n|\n|t:|1782864244\n|switch|p2a: Zacian|Zacian-Crowned, L64|50/225\n|-damage|p2a: Zacian|36/225|[from] Stealth Rock\n|move|p1a: Bellossom|Quiver Dance|p1a: Bellossom\n|-boost|p1a: Bellossom|spa|1\n|-boost|p1a: Bellossom|spd|1\n|-boost|p1a: Bellossom|spe|1\n|\n|-heal|p1a: Bellossom|263/263|[from] item: Leftovers\n|upkeep\n|turn|67\n|\n|t:|1782864249\n|switch|p2a: Ditto|Ditto, L87, tera:Steel|141/225\n|-damage|p2a: Ditto|127/225|[from] Stealth Rock\n|-transform|p2a: Ditto|p1a: Bellossom|[from] ability: Imposter\n|move|p1a: Bellossom|Giga Drain|p2a: Ditto\n|-resisted|p2a: Ditto\n|-damage|p2a: Ditto|91/225\n|\n|upkeep\n|turn|68\n|\n|t:|1782864272\n|move|p2a: Ditto|Giga Drain|p1a: Bellossom\n|-resisted|p1a: Bellossom\n|-damage|p1a: Bellossom|227/263\n|-heal|p2a: Ditto|109/225|[from] drain|[of] p1a: Bellossom\n|move|p1a: Bellossom|Quiver Dance|p1a: Bellossom\n|-boost|p1a: Bellossom|spa|1\n|-boost|p1a: Bellossom|spd|1\n|-boost|p1a: Bellossom|spe|1\n|\n|-heal|p1a: Bellossom|243/263|[from] item: Leftovers\n|upkeep\n|turn|69\n|\n|t:|1782864278\n|move|p2a: Ditto|Giga Drain|p1a: Bellossom\n|-resisted|p1a: Bellossom\n|-damage|p1a: Bellossom|212/263\n|-heal|p2a: Ditto|125/225|[from] drain|[of] p1a: Bellossom\n|move|p1a: Bellossom|Strength Sap|p2a: Ditto\n|-unboost|p2a: Ditto|atk|1\n|-heal|p1a: Bellossom|263/263\n|\n|upkeep\n|turn|70\n|\n|t:|1782864288\n|move|p2a: Ditto|Giga Drain|p1a: Bellossom\n|-resisted|p1a: Bellossom\n|-damage|p1a: Bellossom|233/263\n|-heal|p2a: Ditto|140/225|[from] drain|[of] p1a: Bellossom\n|move|p1a: Bellossom|Giga Drain|p2a: Ditto\n|-resisted|p2a: Ditto\n|-damage|p2a: Ditto|104/225\n|-heal|p1a: Bellossom|251/263|[from] drain|[of] p2a: Ditto\n|\n|-heal|p1a: Bellossom|263/263|[from] item: Leftovers\n|upkeep\n|turn|71\n|\n|t:|1782864294\n|move|p2a: Ditto|Giga Drain|p1a: Bellossom\n|-resisted|p1a: Bellossom\n|-damage|p1a: Bellossom|230/263\n|-heal|p2a: Ditto|121/225|[from] drain|[of] p1a: Bellossom\n|move|p1a: Bellossom|Strength Sap|p2a: Ditto\n|-unboost|p2a: Ditto|atk|1\n|-heal|p1a: Bellossom|263/263\n|\n|upkeep\n|turn|72\n|\n|t:|1782864305\n|switch|p1a: Azelf|Azelf, L82|182/257\n|move|p2a: Ditto|Giga Drain|p1a: Azelf\n|-damage|p1a: Azelf|0 fnt\n|-heal|p2a: Ditto|212/225|[from] drain|[of] p1a: Azelf\n|faint|p1a: Azelf\n|\n|upkeep\n|\n|t:|1782864312\n|switch|p1a: Bellossom|Bellossom, L84, M, tera:Poison|263/263\n|-damage|p1a: Bellossom|198/263|[from] Spikes\n|turn|73\n|\n|t:|1782864317\n|switch|p2a: Zacian|Zacian-Crowned, L64|36/225\n|-damage|p2a: Zacian|22/225|[from] Stealth Rock\n|move|p1a: Bellossom|Quiver Dance|p1a: Bellossom\n|-boost|p1a: Bellossom|spa|1\n|-boost|p1a: Bellossom|spd|1\n|-boost|p1a: Bellossom|spe|1\n|\n|-heal|p1a: Bellossom|214/263|[from] item: Leftovers\n|upkeep\n|turn|74\n|\n|t:|1782864322\n|move|p2a: Zacian|Swords Dance|p2a: Zacian\n|-boost|p2a: Zacian|atk|2\n|move|p1a: Bellossom|Quiver Dance|p1a: Bellossom\n|-boost|p1a: Bellossom|spa|1\n|-boost|p1a: Bellossom|spd|1\n|-boost|p1a: Bellossom|spe|1\n|\n|-heal|p1a: Bellossom|230/263|[from] item: Leftovers\n|upkeep\n|turn|75\n|\n|t:|1782864328\n|move|p1a: Bellossom|Strength Sap|p2a: Zacian\n|-unboost|p2a: Zacian|atk|1\n|-heal|p1a: Bellossom|263/263\n|move|p2a: Zacian|Swords Dance|p2a: Zacian\n|-boost|p2a: Zacian|atk|2\n|\n|upkeep\n|turn|76\n|\n|t:|1782864335\n|move|p1a: Bellossom|Strength Sap|p2a: Zacian\n|-unboost|p2a: Zacian|atk|1\n|move|p2a: Zacian|Swords Dance|p2a: Zacian\n|-boost|p2a: Zacian|atk|2\n|\n|upkeep\n|turn|77\n|\n|t:|1782864340\n|move|p1a: Bellossom|Strength Sap|p2a: Zacian\n|-unboost|p2a: Zacian|atk|1\n|move|p2a: Zacian|Swords Dance|p2a: Zacian\n|-boost|p2a: Zacian|atk|2\n|\n|upkeep\n|turn|78\n|-message|cowman25! forfeited.\n|\n|win|Delta 2777\n|raw|cowman25!'s rating: 2100 &rarr; <strong>2090</strong><br />(-10 for losing)\n|raw|Delta 2777's rating: 2292 &rarr; <strong>2302</strong><br />(+10 for winning)\n|l|\u2606cowman25!\n|player|p1|\n|c|\u2606Delta 2777|gg\n", "inputlog": ">version f8ac14003a5f27e1bdc8d8c59608a773c1cb96e5\n>start {\"formatid\":\"gen9randombattle\",\"seed\":\"sodium,281d27d98ead9ade634bf473e099eb42\",\"rated\":\"Rated battle\"}\n>player p1 {\"name\":\"cowman25!\",\"avatar\":\"1\",\"rating\":2100,\"seed\":\"sodium,8d207767e63e69304bc2efa02874f1be\"}\n>player p2 {\"name\":\"Delta 2777\",\"avatar\":\"2\",\"rating\":2292,\"seed\":\"sodium,7331c3b715b2249b976f3171d2fbc4eb\"}\n>p1 switch 2\n>p2 move moongeistbeam\n>p1 move bulletseed\n>p2 switch 2\n>p1 move beakblast\n>p2 move swordsdance\n>p1 move beakblast\n>p2 move swordsdance\n>p1 move beakblast\n>p2 move gigatonhammer\n>p1 switch 5\n>p1 move fireblast\n>p2 switch 5\n>p1 move dazzlinggleam\n>p2 switch 5\n>p1 move fireblast\n>p2 switch 2\n>p1 switch 3\n>p2 move moongeistbeam\n>p1 move calmmind\n>p2 switch 2\n>p1 move earthpower\n>p2 move knockoff\n>p2 switch 4\n>p1 move earthpower\n>p2 move poltergeist\n>p1 move earthpower\n>p2 move spikes\n>p1 move earthpower\n>p2 move spikes\n>p1 move calmmind\n>p2 move powerwhip\n>p1 move rest\n>p2 move spikes\n>p1 move earthpower\n>p2 move rapidspin\n>p1 move earthpower\n>p2 move powerwhip\n>p1 move earthpower\n>p2 move powerwhip\n>p1 switch 4\n>p1 move strengthsap\n>p2 switch 2\n>p1 move quiverdance\n>p2 move calmmind\n>p1 move quiverdance\n>p2 move calmmind\n>p1 move quiverdance\n>p2 move calmmind\n>p1 move gigadrain\n>p2 move calmmind\n>p1 move gigadrain\n>p2 move calmmind\n>p1 move quiverdance\n>p2 move moongeistbeam\n>p1 move gigadrain\n>p2 move calmmind\n>p1 move quiverdance\n>p2 move moongeistbeam\n>p1 move gigadrain\n>p2 move moongeistbeam\n>p1 move strengthsap\n>p2 move moonlight\n>p1 move quiverdance\n>p2 move moongeistbeam\n>p1 move gigadrain\n>p2 move focusblast\n>p1 move sludgebomb terastallize\n>p2 move focusblast\n>p1 move gigadrain\n>p2 move moongeistbeam\n>p1 move gigadrain\n>p2 move moongeistbeam\n>p1 move gigadrain\n>p2 move focusblast\n>p2 switch 6\n>p1 move strengthsap\n>p2 move gigadrain terastallize\n>p1 move quiverdance\n>p2 move gigadrain\n>p1 move quiverdance\n>p2 move gigadrain\n>p1 move gigadrain\n>p2 move gigadrain\n>p1 move gigadrain\n>p2 switch 2\n>p2 switch 2\n>p1 move quiverdance\n>p2 move gigadrain\n>p1 move quiverdance\n>p2 move gigadrain\n>p1 move sludgebomb\n>p2 move gigadrain\n>p1 move sludgebomb\n>p2 move gigadrain\n>p1 move sludgebomb\n>p2 move gigadrain\n>p1 move sludgebomb\n>p2 switch 3\n>p1 move gigadrain\n>p2 switch 3\n>p1 move strengthsap\n>p2 move gigadrain\n>p1 move quiverdance\n>p2 move gigadrain\n>p1 move quiverdance\n>p2 switch 3\n>p1 switch 6\n>p2 switch 3\n>p1 move stealthrock\n>p2 switch 5\n>p1 move heatcrash\n>p2 move ficklebeam\n>p1 switch 2\n>p1 move leechlife\n>p2 switch 3\n>p1 move closecombat\n>p2 move behemothblade\n>p1 move closecombat\n>p2 move behemothblade\n>p1 switch 6\n>p1 move quiverdance\n>p2 move swordsdance\n>p1 move quiverdance\n>p2 move behemothblade\n>p1 move gigadrain\n>p2 switch 5\n>p1 move strengthsap\n>p2 move gigadrain\n>p1 move quiverdance\n>p2 switch 5\n>p1 move gigadrain\n>p2 switch 5\n>p1 move quiverdance\n>p2 move gigadrain\n>p1 move gigadrain\n>p2 move gigadrain\n>p1 move quiverdance\n>p2 switch 5\n>p1 move gigadrain\n>p2 switch 5\n>p1 move quiverdance\n>p2 move gigadrain\n>p1 move strengthsap\n>p2 move gigadrain\n>p1 move gigadrain\n>p2 move gigadrain\n>p1 move strengthsap\n>p2 move gigadrain\n>p1 switch 3\n>p2 move gigadrain\n>p1 switch 3\n>p1 move quiverdance\n>p2 switch 5\n>p1 move quiverdance\n>p2 move swordsdance\n>p1 move strengthsap\n>p2 move swordsdance\n>p1 move strengthsap\n>p2 move swordsdance\n>p1 move strengthsap\n>p2 move swordsdance\n>forcelose p1", "uploadtime": 1782864351, "views": 5, "formatid": "gen9randombattle", "rating": 2090, "private": 0, "password": null, "player_dets": [{"name": "cowman25!", "avatar": "1", "rating": 2100, "seed": "sodium,8d207767e63e69304bc2efa02874f1be"}, {"name": "Delta 2777", "avatar": "2", "rating": 2292, "seed": "sodium,7331c3b715b2249b976f3171d2fbc4eb"}], "teams_full": [{"Mew": {"name": "Mew", "species": "Mew", "speciesId": "mew", "gender": "N", "shiny": false, "level": 82, "moves": ["leechlife", "closecombat", "psychicfangs", "swordsdance"], "ability": "Synchronize", "evs": {"hp": 85, "atk": 85, "def": 85, "spa": 85, "spd": 85, "spe": 85}, "ivs": {"hp": 31, "atk": 31, "def": 31, "spa": 31, "spd": 31, "spe": 31}, "item": "Life Orb", "teraType": "Fighting", "role": "Setup Sweeper", "bvs": {"hp": 100, "atk": 100, "def": 100, "spa": 100, "spd": 100, "spe": 100}, "stats": {"hp": 298, "atk": 211, "def": 211, "spa": 211, "spd": 211, "spe": 211}, "types": ["Psychic"]}, "Toucannon": {"name": "Toucannon", "species": "Toucannon", "speciesId": "toucannon", "gender": "F", "shiny": false, "level": 88, "moves": ["beakblast", "bulletseed", "boomburst", "roost"], "ability": "Skill Link", "evs": {"hp": 85, "atk": 85, "def": 85, "spa": 85, "spd": 85, "spe": 85}, "ivs": {"hp": 31, "atk": 31, "def": 31, "spa": 31, "spd": 31, "spe": 31}, "item": "Heavy-Duty Boots", "teraType": "Steel", "role": "Bulky Support", "bvs": {"hp": 80, "atk": 120, "def": 75, "spa": 75, "spd": 75, "spe": 60}, "stats": {"hp": 284, "atk": 261, "def": 182, "spa": 182, "spd": 182, "spe": 156}, "types": ["Normal", "Flying"]}, "Terapagos": {"name": "Terapagos", "species": "Terapagos", "speciesId": "terapagos", "gender": "M", "shiny": false, "level": 77, "moves": ["earthpower", "calmmind", "terastarstorm", "rest"], "ability": "Tera Shift", "evs": {"hp": 85, "atk": 0, "def": 85, "spa": 85, "spd": 85, "spe": 85}, "ivs": {"hp": 31, "atk": 0, "def": 31, "spa": 31, "spd": 31, "spe": 31}, "item": "Chesto Berry", "teraType": "Stellar", "role": "Fast Bulky Setup", "bvs": {"hp": 90, "atk": 65, "def": 85, "spa": 65, "spd": 85, "spe": 60}, "stats": {"hp": 265, "atk": 105, "def": 175, "spa": 145, "spd": 175, "spe": 137}, "types": ["Normal"]}, "Bellossom": {"name": "Bellossom", "species": "Bellossom", "speciesId": "bellossom", "gender": "M", "shiny": false, "level": 84, "moves": ["sludgebomb", "gigadrain", "quiverdance", "strengthsap"], "ability": "Chlorophyll", "evs": {"hp": 85, "atk": 0, "def": 85, "spa": 85, "spd": 85, "spe": 85}, "ivs": {"hp": 31, "atk": 0, "def": 31, "spa": 31, "spd": 31, "spe": 31}, "item": "Leftovers", "teraType": "Poison", "role": "Bulky Setup", "bvs": {"hp": 75, "atk": 80, "def": 95, "spa": 90, "spd": 100, "spe": 50}, "stats": {"hp": 263, "atk": 139, "def": 208, "spa": 199, "spd": 216, "spe": 132}, "types": ["Grass"]}, "Azelf": {"name": "Azelf", "species": "Azelf", "speciesId": "azelf", "gender": "N", "shiny": false, "level": 82, "moves": ["dazzlinggleam", "nastyplot", "psyshock", "fireblast"], "ability": "Levitate", "evs": {"hp": 85, "atk": 0, "def": 85, "spa": 85, "spd": 85, "spe": 85}, "ivs": {"hp": 31, "atk": 0, "def": 31, "spa": 31, "spd": 31, "spe": 31}, "item": "Life Orb", "teraType": "Psychic", "role": "Fast Attacker", "bvs": {"hp": 75, "atk": 125, "def": 70, "spa": 125, "spd": 70, "spe": 115}, "stats": {"hp": 257, "atk": 210, "def": 162, "spa": 252, "spd": 162, "spe": 236}, "types": ["Psychic"]}, "Stonjourner": {"name": "Stonjourner", "species": "Stonjourner", "speciesId": "stonjourner", "gender": "M", "shiny": false, "level": 91, "moves": ["stoneedge", "stealthrock", "heatcrash", "earthquake"], "ability": "Power Spot", "evs": {"hp": 85, "atk": 85, "def": 85, "spa": 85, "spd": 85, "spe": 85}, "ivs": {"hp": 31, "atk": 31, "def": 31, "spa": 31, "spd": 31, "spe": 31}, "item": "Life Orb", "teraType": "Fire", "role": "Fast Attacker", "bvs": {"hp": 100, "atk": 125, "def": 135, "spa": 20, "spd": 20, "spe": 70}, "stats": {"hp": 330, "atk": 279, "def": 298, "spa": 88, "spd": 88, "spe": 179}, "types": ["Rock"]}}, {"Lunala": {"name": "Lunala", "species": "Lunala", "speciesId": "lunala", "gender": "N", "shiny": false, "level": 70, "moves": ["moonlight", "calmmind", "moongeistbeam", "focusblast"], "ability": "Shadow Shield", "evs": {"hp": 85, "atk": 0, "def": 85, "spa": 85, "spd": 85, "spe": 85}, "ivs": {"hp": 31, "atk": 0, "def": 31, "spa": 31, "spd": 31, "spe": 31}, "item": "Leftovers", "teraType": "Fighting", "role": "Bulky Setup", "bvs": {"hp": 137, "atk": 113, "def": 89, "spa": 137, "spd": 107, "spe": 97}, "stats": {"hp": 308, "atk": 163, "def": 166, "spa": 233, "spd": 191, "spe": 177}, "types": ["Psychic", "Ghost"]}, "Tinkaton": {"name": "Tinkaton", "species": "Tinkaton", "speciesId": "tinkaton", "gender": "F", "shiny": false, "level": 82, "moves": ["gigatonhammer", "playrough", "swordsdance", "knockoff"], "ability": "Mold Breaker", "evs": {"hp": 85, "atk": 85, "def": 85, "spa": 85, "spd": 85, "spe": 85}, "ivs": {"hp": 31, "atk": 31, "def": 31, "spa": 31, "spd": 31, "spe": 31}, "item": "Leftovers", "teraType": "Steel", "role": "Bulky Setup", "bvs": {"hp": 85, "atk": 75, "def": 77, "spa": 70, "spd": 105, "spe": 94}, "stats": {"hp": 274, "atk": 170, "def": 173, "spa": 162, "spd": 219, "spe": 201}, "types": ["Fairy", "Steel"]}, "Zacian": {"name": "Zacian", "species": "Zacian", "speciesId": "zaciancrowned", "gender": "N", "shiny": false, "level": 64, "moves": ["playrough", "behemothblade", "closecombat", "swordsdance"], "ability": "Intrepid Sword", "evs": {"hp": 85, "atk": 85, "def": 85, "spa": 85, "spd": 85, "spe": 85}, "ivs": {"hp": 31, "atk": 31, "def": 31, "spa": 31, "spd": 31, "spe": 31}, "item": "Rusted Sword", "teraType": "Fighting", "role": "Setup Sweeper", "bvs": {"hp": 92, "atk": 150, "def": 115, "spa": 80, "spd": 115, "spe": 148}, "stats": {"hp": 225, "atk": 230, "def": 185, "spa": 140, "spd": 185, "spe": 227}, "types": ["Fairy", "Steel"]}, "Brambleghast": {"name": "Brambleghast", "species": "Brambleghast", "speciesId": "brambleghast", "gender": "F", "shiny": false, "level": 88, "moves": ["rapidspin", "spikes", "poltergeist", "powerwhip"], "ability": "Wind Rider", "evs": {"hp": 85, "atk": 85, "def": 85, "spa": 85, "spd": 85, "spe": 85}, "ivs": {"hp": 31, "atk": 31, "def": 31, "spa": 31, "spd": 31, "spe": 31}, "item": "Heavy-Duty Boots", "teraType": "Water", "role": "Fast Support", "bvs": {"hp": 55, "atk": 115, "def": 70, "spa": 80, "spd": 70, "spe": 90}, "stats": {"hp": 240, "atk": 253, "def": 173, "spa": 191, "spd": 173, "spe": 209}, "types": ["Grass", "Ghost"]}, "Hydrapple": {"name": "Hydrapple", "species": "Hydrapple", "speciesId": "hydrapple", "gender": "M", "shiny": false, "level": 83, "moves": ["leafstorm", "ficklebeam", "dracometeor", "earthpower"], "ability": "Regenerator", "evs": {"hp": 85, "atk": 0, "def": 85, "spa": 85, "spd": 85, "spe": 85}, "ivs": {"hp": 31, "atk": 0, "def": 31, "spa": 31, "spd": 31, "spe": 31}, "item": "Choice Specs", "teraType": "Steel", "role": "Wallbreaker", "bvs": {"hp": 106, "atk": 80, "def": 110, "spa": 120, "spd": 80, "spe": 44}, "stats": {"hp": 312, "atk": 137, "def": 230, "spa": 247, "spd": 180, "spe": 121}, "types": ["Grass", "Dragon"]}, "Ditto": {"name": "Ditto", "species": "Ditto", "speciesId": "ditto", "gender": "N", "shiny": false, "level": 87, "moves": ["transform"], "ability": "Imposter", "evs": {"hp": 85, "atk": 85, "def": 85, "spa": 85, "spd": 85, "spe": 85}, "ivs": {"hp": 31, "atk": 31, "def": 31, "spa": 31, "spd": 31, "spe": 31}, "item": "Choice Scarf", "teraType": "Steel", "role": "Fast Support", "bvs": {"hp": 48, "atk": 48, "def": 48, "spa": 48, "spd": 48, "spe": 48}, "stats": {"hp": 225, "atk": 133, "def": 133, "spa": 133, "spd": 133, "spe": 133}, "types": ["Normal"]}}]}