{"id": "gen9randombattle-2642062847", "format": "[Gen 9] Random Battle", "players": ["cccyber_g", "Nakirooo"], "log": "|j|\u2606cccyber_g\n|j|\u2606Nakirooo\n|t:|1782881944\n|gametype|singles\n|player|p1|cccyber_g|266|\n|player|p2|Nakirooo|cynthia|\n|gen|9\n|tier|[Gen 9] Random Battle\n|rule|Species Clause: Limit one of each Pok\u00e9mon\n|rule|HP Percentage Mod: HP is shown in percentages\n|rule|Sleep Clause Mod: Limit one foe put to sleep\n|rule|Illusion Level Mod: Illusion disguises the Pok\u00e9mon's true level\n|\n|t:|1782881944\n|teamsize|p1|6\n|teamsize|p2|6\n|start\n|switch|p1a: Conkeldurr|Conkeldurr, L80, F|299/299\n|switch|p2a: Ho-Oh|Ho-Oh, L71|268/268\n|turn|1\n|inactive|Battle timer is ON: inactive players will automatically lose when time's up. (requested by cccyber_g)\n|\n|t:|1782881967\n|switch|p1a: Eternatus|Eternatus, L69|308/308\n|-ability|p1a: Eternatus|Pressure\n|move|p2a: Ho-Oh|Brave Bird|p1a: Eternatus\n|-damage|p1a: Eternatus|184/308\n|-damage|p2a: Ho-Oh|227/268|[from] Recoil\n|\n|-heal|p1a: Eternatus|203/308|[from] item: Leftovers\n|upkeep\n|turn|2\n|\n|t:|1782881991\n|-terastallize|p2a: Ho-Oh|Steel\n|move|p1a: Eternatus|Sludge Bomb|p2a: Ho-Oh\n|-immune|p2a: Ho-Oh\n|move|p2a: Ho-Oh|Earthquake|p1a: Eternatus\n|-supereffective|p1a: Eternatus\n|-damage|p1a: Eternatus|61/308\n|\n|-heal|p1a: Eternatus|80/308|[from] item: Leftovers\n|upkeep\n|turn|3\n|\n|t:|1782882007\n|switch|p2a: Mesprit|Mesprit, L85|275/275\n|move|p1a: Eternatus|Recover|p1a: Eternatus\n|-heal|p1a: Eternatus|234/308\n|\n|-heal|p1a: Eternatus|253/308|[from] item: Leftovers\n|upkeep\n|turn|4\n|\n|t:|1782882020\n|-terastallize|p1a: Eternatus|Fire\n|move|p2a: Mesprit|Psychic|p1a: Eternatus\n|-damage|p1a: Eternatus|127/308\n|move|p1a: Eternatus|Dynamax Cannon|p2a: Mesprit\n|-damage|p2a: Mesprit|185/275\n|\n|-heal|p1a: Eternatus|146/308|[from] item: Leftovers\n|upkeep\n|turn|5\n|\n|t:|1782882030\n|move|p2a: Mesprit|Psychic|p1a: Eternatus\n|-damage|p1a: Eternatus|32/308\n|-unboost|p1a: Eternatus|spd|1\n|move|p1a: Eternatus|Recover|p1a: Eternatus\n|-heal|p1a: Eternatus|186/308\n|\n|-heal|p1a: Eternatus|205/308|[from] item: Leftovers\n|upkeep\n|turn|6\n|\n|t:|1782882040\n|move|p2a: Mesprit|Psychic|p1a: Eternatus\n|-damage|p1a: Eternatus|25/308\n|move|p1a: Eternatus|Sludge Bomb|p2a: Mesprit\n|-damage|p2a: Mesprit|113/275\n|-status|p2a: Mesprit|psn\n|\n|-heal|p1a: Eternatus|44/308|[from] item: Leftovers\n|-damage|p2a: Mesprit|79/275 psn|[from] psn\n|upkeep\n|turn|7\n|\n|t:|1782882058\n|switch|p1a: Forretress|Forretress, L84, M|263/263\n|move|p2a: Mesprit|Psychic|p1a: Forretress\n|-resisted|p1a: Forretress\n|-damage|p1a: Forretress|197/263\n|\n|-heal|p1a: Forretress|213/263|[from] item: Leftovers\n|-damage|p2a: Mesprit|45/275 psn|[from] psn\n|upkeep\n|turn|8\n|\n|t:|1782882070\n|switch|p2a: Ho-Oh|Ho-Oh, L71, tera:Steel|268/268\n|move|p1a: Forretress|Spikes|p2a: Ho-Oh\n|-sidestart|p2: Nakirooo|Spikes\n|\n|-heal|p1a: Forretress|229/263|[from] item: Leftovers\n|upkeep\n|turn|9\n|\n|t:|1782882090\n|switch|p1a: Eternatus|Eternatus, L69, tera:Fire|44/308\n|-ability|p1a: Eternatus|Pressure\n|move|p2a: Ho-Oh|Sacred Fire|p1a: Eternatus\n|-resisted|p1a: Eternatus\n|-damage|p1a: Eternatus|0 fnt\n|faint|p1a: Eternatus\n|\n|upkeep\n|inactive|cccyber_g has 270 seconds left.\n|\n|t:|1782882106\n|switch|p1a: Conkeldurr|Conkeldurr, L80, F|299/299\n|turn|10\n|inactive|cccyber_g has 270 seconds left.\n|\n|t:|1782882113\n|switch|p2a: Mesprit|Mesprit, L85|45/275 psn\n|move|p1a: Conkeldurr|Close Combat|p2a: Mesprit\n|-resisted|p2a: Mesprit\n|-damage|p2a: Mesprit|0 fnt\n|-unboost|p1a: Conkeldurr|def|1\n|-unboost|p1a: Conkeldurr|spd|1\n|faint|p2a: Mesprit\n|\n|-status|p1a: Conkeldurr|brn|[from] item: Flame Orb\n|upkeep\n|\n|t:|1782882125\n|switch|p2a: Ho-Oh|Ho-Oh, L71, tera:Steel|268/268\n|turn|11\n|\n|t:|1782882129\n|move|p1a: Conkeldurr|Mach Punch|p2a: Ho-Oh\n|-supereffective|p2a: Ho-Oh\n|-damage|p2a: Ho-Oh|98/268\n|move|p2a: Ho-Oh|Brave Bird|p1a: Conkeldurr\n|-supereffective|p1a: Conkeldurr\n|-damage|p1a: Conkeldurr|0 fnt\n|faint|p1a: Conkeldurr\n|-damage|p2a: Ho-Oh|0 fnt|[from] Recoil\n|faint|p2a: Ho-Oh\n|\n|upkeep\n|\n|t:|1782882146\n|switch|p2a: Scovillain|Scovillain, L91, F|266/266\n|switch|p1a: Forretress|Forretress, L84, M|229/263\n|-damage|p2a: Scovillain|233/266|[from] Spikes\n|turn|12\n|\n|t:|1782882159\n|switch|p1a: Oinkologne|Oinkologne-F, L92, F|361/361\n|move|p2a: Scovillain|Leech Seed|p1a: Oinkologne\n|-start|p1a: Oinkologne|move: Leech Seed\n|\n|-heal|p2a: Scovillain|249/266|[from] item: Leftovers\n|-damage|p1a: Oinkologne|316/361|[from] Leech Seed|[of] p2a: Scovillain\n|-heal|p2a: Scovillain|266/266|[silent]\n|upkeep\n|turn|13\n|\n|t:|1782882173\n|move|p2a: Scovillain|Substitute|p2a: Scovillain\n|-start|p2a: Scovillain|Substitute\n|-damage|p2a: Scovillain|200/266\n|move|p1a: Oinkologne|Curse|p1a: Oinkologne\n|-unboost|p1a: Oinkologne|spe|1\n|-boost|p1a: Oinkologne|atk|1\n|-boost|p1a: Oinkologne|def|1\n|\n|-heal|p2a: Scovillain|216/266|[from] item: Leftovers\n|-heal|p1a: Oinkologne|338/361|[from] item: Leftovers\n|-damage|p1a: Oinkologne|293/361|[from] Leech Seed|[of] p2a: Scovillain\n|-heal|p2a: Scovillain|261/266|[silent]\n|upkeep\n|turn|14\n|\n|t:|1782882187\n|move|p2a: Scovillain|Protect|p2a: Scovillain\n|-singleturn|p2a: Scovillain|Protect\n|move|p1a: Oinkologne|Rest|p1a: Oinkologne\n|-status|p1a: Oinkologne|slp|[from] move: Rest\n|-heal|p1a: Oinkologne|361/361 slp|[silent]\n|\n|-heal|p2a: Scovillain|266/266|[from] item: Leftovers\n|-damage|p1a: Oinkologne|316/361 slp|[from] Leech Seed|[of] p2a: Scovillain\n|upkeep\n|turn|15\n|\n|t:|1782882199\n|move|p2a: Scovillain|Flamethrower|p1a: Oinkologne\n|-damage|p1a: Oinkologne|259/361 slp\n|cant|p1a: Oinkologne|slp\n|move|p1a: Oinkologne|Sleep Talk|p1a: Oinkologne\n|move|p1a: Oinkologne|Curse|p1a: Oinkologne|[from] move: Sleep Talk\n|-unboost|p1a: Oinkologne|spe|1\n|-boost|p1a: Oinkologne|atk|1\n|-boost|p1a: Oinkologne|def|1\n|\n|-heal|p1a: Oinkologne|281/361 slp|[from] item: Leftovers\n|-damage|p1a: Oinkologne|236/361 slp|[from] Leech Seed|[of] p2a: Scovillain\n|upkeep\n|turn|16\n|\n|t:|1782882214\n|move|p2a: Scovillain|Flamethrower|p1a: Oinkologne\n|-damage|p1a: Oinkologne|182/361 slp\n|cant|p1a: Oinkologne|slp\n|move|p1a: Oinkologne|Sleep Talk|p1a: Oinkologne\n|move|p1a: Oinkologne|Rest||[from] move: Sleep Talk|[still]\n|-fail|p1a: Oinkologne\n|\n|-heal|p1a: Oinkologne|204/361 slp|[from] item: Leftovers\n|-damage|p1a: Oinkologne|159/361 slp|[from] Leech Seed|[of] p2a: Scovillain\n|upkeep\n|turn|17\n|inactive|cccyber_g has 270 seconds left.\n|\n|t:|1782882239\n|move|p2a: Scovillain|Flamethrower|p1a: Oinkologne\n|-damage|p1a: Oinkologne|108/361 slp\n|-curestatus|p1a: Oinkologne|slp|[msg]\n|move|p1a: Oinkologne|Rest|p1a: Oinkologne\n|-status|p1a: Oinkologne|slp|[from] move: Rest\n|-heal|p1a: Oinkologne|361/361 slp|[silent]\n|\n|-damage|p1a: Oinkologne|316/361 slp|[from] Leech Seed|[of] p2a: Scovillain\n|upkeep\n|turn|18\n|inactive|cccyber_g has 270 seconds left.\n|\n|t:|1782882253\n|move|p2a: Scovillain|Flamethrower|p1a: Oinkologne\n|-damage|p1a: Oinkologne|261/361 slp\n|cant|p1a: Oinkologne|slp\n|move|p1a: Oinkologne|Sleep Talk|p1a: Oinkologne\n|move|p1a: Oinkologne|Rest||[from] move: Sleep Talk|[still]\n|-fail|p1a: Oinkologne\n|\n|-heal|p1a: Oinkologne|283/361 slp|[from] item: Leftovers\n|-damage|p1a: Oinkologne|238/361 slp|[from] Leech Seed|[of] p2a: Scovillain\n|upkeep\n|turn|19\n|inactive|cccyber_g has 270 seconds left.\n|\n|t:|1782882269\n|move|p2a: Scovillain|Protect|p2a: Scovillain\n|-singleturn|p2a: Scovillain|Protect\n|cant|p1a: Oinkologne|slp\n|move|p1a: Oinkologne|Sleep Talk|p1a: Oinkologne\n|move|p1a: Oinkologne|Rest||[from] move: Sleep Talk|[still]\n|-fail|p1a: Oinkologne\n|\n|-heal|p1a: Oinkologne|260/361 slp|[from] item: Leftovers\n|-damage|p1a: Oinkologne|215/361 slp|[from] Leech Seed|[of] p2a: Scovillain\n|upkeep\n|turn|20\n|inactive|cccyber_g has 270 seconds left.\n|\n|t:|1782882284\n|move|p2a: Scovillain|Flamethrower|p1a: Oinkologne\n|-damage|p1a: Oinkologne|160/361 slp\n|-curestatus|p1a: Oinkologne|slp|[msg]\n|move|p1a: Oinkologne|Curse|p1a: Oinkologne\n|-unboost|p1a: Oinkologne|spe|1\n|-boost|p1a: Oinkologne|atk|1\n|-boost|p1a: Oinkologne|def|1\n|\n|-heal|p1a: Oinkologne|182/361|[from] item: Leftovers\n|-damage|p1a: Oinkologne|137/361|[from] Leech Seed|[of] p2a: Scovillain\n|upkeep\n|turn|21\n|\n|t:|1782882301\n|move|p2a: Scovillain|Flamethrower|p1a: Oinkologne\n|-damage|p1a: Oinkologne|80/361\n|move|p1a: Oinkologne|Rest|p1a: Oinkologne\n|-status|p1a: Oinkologne|slp|[from] move: Rest\n|-heal|p1a: Oinkologne|361/361 slp|[silent]\n|\n|-damage|p1a: Oinkologne|316/361 slp|[from] Leech Seed|[of] p2a: Scovillain\n|upkeep\n|turn|22\n|c|\u2606cccyber_g|Sweet ima get to +6\n|\n|t:|1782882319\n|move|p2a: Scovillain|Flamethrower|p1a: Oinkologne\n|-damage|p1a: Oinkologne|262/361 slp\n|cant|p1a: Oinkologne|slp\n|move|p1a: Oinkologne|Sleep Talk|p1a: Oinkologne\n|move|p1a: Oinkologne|Body Slam|p2a: Scovillain|[from] move: Sleep Talk\n|-end|p2a: Scovillain|Substitute\n|\n|-heal|p1a: Oinkologne|284/361 slp|[from] item: Leftovers\n|-damage|p1a: Oinkologne|239/361 slp|[from] Leech Seed|[of] p2a: Scovillain\n|upkeep\n|turn|23\n|inactive|cccyber_g has 240 seconds left.\n|\n|t:|1782882344\n|move|p2a: Scovillain|Substitute|p2a: Scovillain\n|-start|p2a: Scovillain|Substitute\n|-damage|p2a: Scovillain|200/266\n|cant|p1a: Oinkologne|slp\n|move|p1a: Oinkologne|Sleep Talk|p1a: Oinkologne\n|move|p1a: Oinkologne|Rest||[from] move: Sleep Talk|[still]\n|-fail|p1a: Oinkologne\n|\n|-heal|p2a: Scovillain|216/266|[from] item: Leftovers\n|-heal|p1a: Oinkologne|261/361 slp|[from] item: Leftovers\n|-damage|p1a: Oinkologne|216/361 slp|[from] Leech Seed|[of] p2a: Scovillain\n|-heal|p2a: Scovillain|261/266|[silent]\n|upkeep\n|turn|24\n|inactive|cccyber_g has 240 seconds left.\n|\n|t:|1782882372\n|switch|p2a: Magnezone|Magnezone, L85|258/258\n|-damage|p2a: Magnezone|226/258|[from] Spikes\n|-curestatus|p1a: Oinkologne|slp|[msg]\n|move|p1a: Oinkologne|Curse|p1a: Oinkologne\n|-unboost|p1a: Oinkologne|spe|1\n|-boost|p1a: Oinkologne|atk|1\n|-boost|p1a: Oinkologne|def|1\n|\n|-heal|p1a: Oinkologne|238/361|[from] item: Leftovers\n|-damage|p1a: Oinkologne|193/361|[from] Leech Seed|[of] p2a: Magnezone\n|-heal|p2a: Magnezone|258/258|[silent]\n|upkeep\n|turn|25\n|\n|t:|1782882390\n|move|p2a: Magnezone|Flash Cannon|p1a: Oinkologne\n|-damage|p1a: Oinkologne|97/361\n|move|p1a: Oinkologne|Rest|p1a: Oinkologne\n|-status|p1a: Oinkologne|slp|[from] move: Rest\n|-heal|p1a: Oinkologne|361/361 slp|[silent]\n|\n|-damage|p1a: Oinkologne|316/361 slp|[from] Leech Seed|[of] p2a: Magnezone\n|upkeep\n|turn|26\n|\n|t:|1782882402\n|switch|p2a: Suicune|Suicune, L82|298/298\n|-damage|p2a: Suicune|261/298|[from] Spikes\n|-ability|p2a: Suicune|Pressure\n|cant|p1a: Oinkologne|slp\n|move|p1a: Oinkologne|Sleep Talk|p1a: Oinkologne\n|move|p1a: Oinkologne|Curse|p1a: Oinkologne|[from] move: Sleep Talk\n|-unboost|p1a: Oinkologne|spe|1\n|-boost|p1a: Oinkologne|atk|1\n|-boost|p1a: Oinkologne|def|1\n|\n|-heal|p2a: Suicune|279/298|[from] item: Leftovers\n|-heal|p1a: Oinkologne|338/361 slp|[from] item: Leftovers\n|-damage|p1a: Oinkologne|293/361 slp|[from] Leech Seed|[of] p2a: Suicune\n|-heal|p2a: Suicune|298/298|[silent]\n|upkeep\n|turn|27\n|inactive|cccyber_g has 240 seconds left.\n|\n|t:|1782882432\n|move|p2a: Suicune|Scald|p1a: Oinkologne\n|-damage|p1a: Oinkologne|229/361 slp\n|cant|p1a: Oinkologne|slp\n|move|p1a: Oinkologne|Sleep Talk|p1a: Oinkologne\n|move|p1a: Oinkologne|Body Slam|p2a: Suicune|[from] move: Sleep Talk\n|-damage|p2a: Suicune|0 fnt\n|faint|p2a: Suicune\n|\n|-heal|p1a: Oinkologne|251/361 slp|[from] item: Leftovers\n|upkeep\n|inactive|Nakirooo has 270 seconds left.\n|\n|t:|1782882446\n|switch|p2a: Magnezone|Magnezone, L85|258/258\n|-damage|p2a: Magnezone|226/258|[from] Spikes\n|turn|28\n|inactive|Nakirooo has 270 seconds left.\n|\n|t:|1782882463\n|move|p2a: Magnezone|Thunderbolt|p1a: Oinkologne\n|-damage|p1a: Oinkologne|133/361 slp\n|-curestatus|p1a: Oinkologne|slp|[msg]\n|move|p1a: Oinkologne|Body Slam|p2a: Magnezone\n|-resisted|p2a: Magnezone\n|-damage|p2a: Magnezone|80/258\n|\n|-heal|p1a: Oinkologne|155/361|[from] item: Leftovers\n|-damage|p1a: Oinkologne|110/361|[from] Leech Seed|[of] p2a: Magnezone\n|-heal|p2a: Magnezone|125/258|[silent]\n|upkeep\n|turn|29\n|inactive|Nakirooo has 270 seconds left.\n|\n|t:|1782882475\n|move|p2a: Magnezone|Thunderbolt|p1a: Oinkologne\n|-damage|p1a: Oinkologne|2/361\n|move|p1a: Oinkologne|Rest|p1a: Oinkologne\n|-status|p1a: Oinkologne|slp|[from] move: Rest\n|-heal|p1a: Oinkologne|361/361 slp|[silent]\n|\n|-damage|p1a: Oinkologne|316/361 slp|[from] Leech Seed|[of] p2a: Magnezone\n|-heal|p2a: Magnezone|170/258|[silent]\n|upkeep\n|turn|30\n|c|\u2606cccyber_g|That's gotta be ragebait lmao\n|\n|t:|1782882496\n|move|p2a: Magnezone|Thunderbolt|p1a: Oinkologne\n|-damage|p1a: Oinkologne|199/361 slp\n|cant|p1a: Oinkologne|slp\n|move|p1a: Oinkologne|Sleep Talk|p1a: Oinkologne\n|move|p1a: Oinkologne|Curse|p1a: Oinkologne|[from] move: Sleep Talk\n|-unboost|p1a: Oinkologne|spe|1\n|-boost|p1a: Oinkologne|atk|1\n|-boost|p1a: Oinkologne|def|1\n|\n|-heal|p1a: Oinkologne|221/361 slp|[from] item: Leftovers\n|-damage|p1a: Oinkologne|176/361 slp|[from] Leech Seed|[of] p2a: Magnezone\n|-heal|p2a: Magnezone|215/258|[silent]\n|upkeep\n|turn|31\n|\n|t:|1782882509\n|move|p2a: Magnezone|Thunderbolt|p1a: Oinkologne\n|-damage|p1a: Oinkologne|61/361 slp\n|cant|p1a: Oinkologne|slp\n|\n|-heal|p1a: Oinkologne|83/361 slp|[from] item: Leftovers\n|-damage|p1a: Oinkologne|38/361 slp|[from] Leech Seed|[of] p2a: Magnezone\n|-heal|p2a: Magnezone|258/258|[silent]\n|upkeep\n|turn|32\n|\n|t:|1782882520\n|move|p2a: Magnezone|Thunderbolt|p1a: Oinkologne\n|-damage|p1a: Oinkologne|0 fnt\n|faint|p1a: Oinkologne\n|\n|upkeep\n|c|\u2606cccyber_g|Missclick\n|inactive|cccyber_g has 210 seconds left.\n|\n|t:|1782882536\n|switch|p1a: Iron Hands|Iron Hands, L79|373/373\n|turn|33\n|inactive|cccyber_g has 210 seconds left.\n|\n|t:|1782882555\n|switch|p2a: Scovillain|Scovillain, L91, F|261/266\n|-damage|p2a: Scovillain|228/266|[from] Spikes\n|move|p1a: Iron Hands|Drain Punch|p2a: Scovillain\n|-damage|p2a: Scovillain|120/266\n|\n|-heal|p2a: Scovillain|136/266|[from] item: Leftovers\n|upkeep\n|turn|34\n|inactive|cccyber_g has 210 seconds left.\n|\n|t:|1782882568\n|move|p2a: Scovillain|Leech Seed|p1a: Iron Hands\n|-start|p1a: Iron Hands|move: Leech Seed\n|move|p1a: Iron Hands|Swords Dance|p1a: Iron Hands\n|-boost|p1a: Iron Hands|atk|2\n|\n|-heal|p2a: Scovillain|152/266|[from] item: Leftovers\n|-damage|p1a: Iron Hands|327/373|[from] Leech Seed|[of] p2a: Scovillain\n|-heal|p2a: Scovillain|198/266|[silent]\n|upkeep\n|turn|35\n|inactive|cccyber_g has 210 seconds left.\n|\n|t:|1782882582\n|move|p2a: Scovillain|Substitute|p2a: Scovillain\n|-start|p2a: Scovillain|Substitute\n|-damage|p2a: Scovillain|132/266\n|move|p1a: Iron Hands|Drain Punch|p2a: Scovillain\n|-end|p2a: Scovillain|Substitute\n|-heal|p1a: Iron Hands|360/373|[from] drain|[of] p2a: Scovillain\n|\n|-heal|p2a: Scovillain|148/266|[from] item: Leftovers\n|-heal|p1a: Iron Hands|373/373|[from] item: Leftovers\n|-damage|p1a: Iron Hands|327/373|[from] Leech Seed|[of] p2a: Scovillain\n|-heal|p2a: Scovillain|194/266|[silent]\n|upkeep\n|turn|36\n|inactive|cccyber_g has 210 seconds left.\n|\n|t:|1782882595\n|move|p2a: Scovillain|Protect|p2a: Scovillain\n|-singleturn|p2a: Scovillain|Protect\n|move|p1a: Iron Hands|Drain Punch|p2a: Scovillain\n|-activate|p2a: Scovillain|move: Protect\n|\n|-heal|p2a: Scovillain|210/266|[from] item: Leftovers\n|-heal|p1a: Iron Hands|350/373|[from] item: Leftovers\n|-damage|p1a: Iron Hands|304/373|[from] Leech Seed|[of] p2a: Scovillain\n|-heal|p2a: Scovillain|256/266|[silent]\n|upkeep\n|turn|37\n|inactive|cccyber_g has 210 seconds left.\n|\n|t:|1782882605\n|move|p2a: Scovillain|Flamethrower|p1a: Iron Hands\n|-damage|p1a: Iron Hands|136/373\n|move|p1a: Iron Hands|Drain Punch|p2a: Scovillain\n|-damage|p2a: Scovillain|37/266\n|-heal|p1a: Iron Hands|246/373|[from] drain|[of] p2a: Scovillain\n|\n|-heal|p2a: Scovillain|53/266|[from] item: Leftovers\n|-heal|p1a: Iron Hands|269/373|[from] item: Leftovers\n|-damage|p1a: Iron Hands|223/373|[from] Leech Seed|[of] p2a: Scovillain\n|-heal|p2a: Scovillain|99/266|[silent]\n|upkeep\n|turn|38\n|inactive|cccyber_g has 210 seconds left.\n|\n|t:|1782882620\n|move|p2a: Scovillain|Protect|p2a: Scovillain\n|-singleturn|p2a: Scovillain|Protect\n|move|p1a: Iron Hands|Swords Dance|p1a: Iron Hands\n|-boost|p1a: Iron Hands|atk|2\n|\n|-heal|p2a: Scovillain|115/266|[from] item: Leftovers\n|-heal|p1a: Iron Hands|246/373|[from] item: Leftovers\n|-damage|p1a: Iron Hands|200/373|[from] Leech Seed|[of] p2a: Scovillain\n|-heal|p2a: Scovillain|161/266|[silent]\n|upkeep\n|turn|39\n|inactive|cccyber_g has 210 seconds left.\n|\n|t:|1782882631\n|move|p2a: Scovillain|Substitute|p2a: Scovillain\n|-start|p2a: Scovillain|Substitute\n|-damage|p2a: Scovillain|95/266\n|move|p1a: Iron Hands|Drain Punch|p2a: Scovillain\n|-end|p2a: Scovillain|Substitute\n|-heal|p1a: Iron Hands|233/373|[from] drain|[of] p2a: Scovillain\n|\n|-heal|p2a: Scovillain|111/266|[from] item: Leftovers\n|-heal|p1a: Iron Hands|256/373|[from] item: Leftovers\n|-damage|p1a: Iron Hands|210/373|[from] Leech Seed|[of] p2a: Scovillain\n|-heal|p2a: Scovillain|157/266|[silent]\n|upkeep\n|turn|40\n|inactive|cccyber_g has 210 seconds left.\n|\n|t:|1782882642\n|move|p2a: Scovillain|Flamethrower|p1a: Iron Hands\n|-damage|p1a: Iron Hands|53/373\n|move|p1a: Iron Hands|Drain Punch|p2a: Scovillain\n|-damage|p2a: Scovillain|0 fnt\n|-heal|p1a: Iron Hands|132/373|[from] drain|[of] p2a: Scovillain\n|faint|p2a: Scovillain\n|\n|-heal|p1a: Iron Hands|155/373|[from] item: Leftovers\n|upkeep\n|\n|t:|1782882658\n|switch|p2a: Flapple|Flapple, L88, M|266/266\n|-damage|p2a: Flapple|233/266|[from] Spikes\n|turn|41\n|\n|t:|1782882668\n|move|p2a: Flapple|Outrage|p1a: Iron Hands|[miss]\n|-miss|p2a: Flapple|p1a: Iron Hands\n|move|p1a: Iron Hands|Ice Punch|p2a: Flapple\n|-supereffective|p2a: Flapple\n|-damage|p2a: Flapple|0 fnt\n|faint|p2a: Flapple\n|\n|-heal|p1a: Iron Hands|178/373|[from] item: Leftovers\n|upkeep\n|c|\u2606Nakirooo|Bru\n|\n|t:|1782882679\n|switch|p2a: Magnezone|Magnezone, L85|258/258\n|-damage|p2a: Magnezone|226/258|[from] Spikes\n|turn|42\n|c|\u2606cccyber_g|Lol\n|inactive|Nakirooo has 270 seconds left.\n|c|\u2606cccyber_g|Did it kill tho?\n|c|\u2606Nakirooo|Miss was bad gg\n|c|\u2606Nakirooo|Gg\n|c|\u2606Nakirooo|It should kill\n|inactive|Nakirooo has 240 seconds left.\n|c|\u2606cccyber_g|Prolly tanked\n|c|\u2606Nakirooo|No\n|c|\u2606cccyber_g|Iron hands bulky\n|\n|t:|1782882738\n|move|p2a: Magnezone|Body Press|p1a: Iron Hands\n|-damage|p1a: Iron Hands|113/373\n|move|p1a: Iron Hands|Drain Punch|p2a: Magnezone\n|-supereffective|p2a: Magnezone\n|-crit|p2a: Magnezone\n|-damage|p2a: Magnezone|0 fnt\n|-heal|p1a: Iron Hands|226/373|[from] drain|[of] p2a: Magnezone\n|faint|p2a: Magnezone\n|\n|win|cccyber_g\n|c|\u2606cccyber_g|Regardless you can't win\n|l|\u2606Nakirooo\n|player|p2|\n|c|\u2606cccyber_g|Still got a arc in the back\n|j|\u2606Nakirooo\n|player|p2|Nakirooo|cynthia|\n", "inputlog": ">version f8ac14003a5f27e1bdc8d8c59608a773c1cb96e5\n>start {\"formatid\":\"gen9randombattle\",\"seed\":\"sodium,c5caa9e605d6ada1431749b749b11b53\"}\n>player p1 {\"name\":\"cccyber_g\",\"avatar\":\"266\",\"rating\":0,\"seed\":\"sodium,a7f1a13cd68eab934214667321cc055b\"}\n>player p2 {\"name\":\"Nakirooo\",\"avatar\":\"cynthia\",\"rating\":0,\"seed\":\"sodium,a81dfe2aa36377c545b280e6b0b167ff\"}\n>p1 switch 3\n>p2 move bravebird\n>p1 move sludgebomb\n>p2 move earthquake terastallize\n>p1 move recover\n>p2 switch 6\n>p1 move dynamaxcannon terastallize\n>p2 move psychic\n>p1 move recover\n>p2 move psychic\n>p1 move sludgebomb\n>p2 move psychic\n>p1 switch 6\n>p2 move psychic\n>p1 move spikes\n>p2 switch 6\n>p1 switch 6\n>p2 move sacredfire\n>p1 switch 3\n>p1 move closecombat\n>p2 switch 6\n>p2 switch 6\n>p1 move machpunch\n>p2 move bravebird\n>p1 switch 6\n>p2 switch 2\n>p1 switch 4\n>p2 move leechseed\n>p1 move curse\n>p2 move substitute\n>p1 move rest\n>p2 move protect\n>p1 move sleeptalk\n>p2 move flamethrower\n>p1 move sleeptalk\n>p2 move flamethrower\n>p1 move rest\n>p2 move flamethrower\n>p1 move sleeptalk\n>p2 move flamethrower\n>p1 move sleeptalk\n>p2 move protect\n>p1 move curse\n>p2 move flamethrower\n>p1 move rest\n>p2 move flamethrower\n>chat \u2606cccyber_g|Sweet ima get to +6\n>p1 move sleeptalk\n>p2 move flamethrower\n>p1 move sleeptalk\n>p2 move substitute\n>p1 move curse\n>p2 switch 4\n>p1 move rest\n>p2 move flashcannon\n>p1 move sleeptalk\n>p2 switch 3\n>p1 move sleeptalk\n>p2 move scald\n>p2 switch 3\n>p1 move bodyslam\n>p2 move thunderbolt\n>p1 move rest\n>p2 move thunderbolt\n>chat \u2606cccyber_g|That's gotta be ragebait lmao\n>p1 move sleeptalk\n>p2 move thunderbolt\n>p1 move rest\n>p2 move thunderbolt\n>p1 move sleeptalk\n>p2 move thunderbolt\n>chat \u2606cccyber_g|Missclick\n>p1 switch 5\n>p1 move drainpunch\n>p2 switch 4\n>p1 move swordsdance\n>p2 move leechseed\n>p1 move drainpunch\n>p2 move substitute\n>p1 move drainpunch\n>p2 move protect\n>p1 move drainpunch\n>p2 move flamethrower\n>p1 move swordsdance\n>p2 move protect\n>p1 move drainpunch\n>p2 move substitute\n>p1 move drainpunch\n>p2 move flamethrower\n>p2 switch 5\n>p1 move icepunch\n>p2 move outrage\n>chat \u2606Nakirooo|Bru\n>p2 switch 4\n>chat \u2606cccyber_g|Lol\n>chat \u2606cccyber_g|Did it kill tho?\n>chat \u2606Nakirooo|Miss was bad gg\n>chat \u2606Nakirooo|Gg\n>chat \u2606Nakirooo|It should kill \n>chat \u2606cccyber_g|Prolly tanked\n>chat \u2606Nakirooo|No \n>chat \u2606cccyber_g|Iron hands bulky\n>p1 move drainpunch\n>p2 move bodypress", "uploadtime": 1782882776, "views": 14, "formatid": "gen9randombattle", "rating": null, "private": 0, "password": null, "player_dets": [{"name": "cccyber_g", "avatar": "266", "rating": 0, "seed": "sodium,a7f1a13cd68eab934214667321cc055b"}, {"name": "Nakirooo", "avatar": "cynthia", "rating": 0, "seed": "sodium,a81dfe2aa36377c545b280e6b0b167ff"}], "teams_full": [{"Conkeldurr": {"name": "Conkeldurr", "species": "Conkeldurr", "speciesId": "conkeldurr", "gender": "F", "shiny": false, "level": 80, "moves": ["facade", "closecombat", "knockoff", "machpunch"], "ability": "Guts", "evs": {"hp": 85, "atk": 85, "def": 85, "spa": 85, "spd": 85, "spe": 85}, "ivs": {"hp": 31, "atk": 31, "def": 31, "spa": 31, "spd": 31, "spe": 31}, "item": "Flame Orb", "teraType": "Normal", "role": "Wallbreaker", "bvs": {"hp": 105, "atk": 140, "def": 95, "spa": 55, "spd": 65, "spe": 45}, "stats": {"hp": 299, "atk": 270, "def": 198, "spa": 134, "spd": 150, "spe": 118}, "types": ["Fighting"]}, "Girafarig": {"name": "Girafarig", "species": "Girafarig", "speciesId": "girafarig", "gender": "M", "shiny": false, "level": 89, "moves": ["nastyplot", "thunderbolt", "psyshock", "shadowball"], "ability": "Sap Sipper", "evs": {"hp": 85, "atk": 0, "def": 85, "spa": 85, "spd": 85, "spe": 85}, "ivs": {"hp": 31, "atk": 0, "def": 31, "spa": 31, "spd": 31, "spe": 31}, "item": "Eviolite", "teraType": "Psychic", "role": "Bulky Setup", "bvs": {"hp": 70, "atk": 80, "def": 65, "spa": 90, "spd": 65, "spe": 85}, "stats": {"hp": 269, "atk": 147, "def": 166, "spa": 211, "spd": 166, "spe": 202}, "types": ["Normal", "Psychic"]}, "Eternatus": {"name": "Eternatus", "species": "Eternatus", "speciesId": "eternatus", "gender": "N", "shiny": false, "level": 69, "moves": ["sludgebomb", "dynamaxcannon", "recover", "fireblast"], "ability": "Pressure", "evs": {"hp": 85, "atk": 0, "def": 85, "spa": 85, "spd": 85, "spe": 85}, "ivs": {"hp": 31, "atk": 0, "def": 31, "spa": 31, "spd": 31, "spe": 31}, "item": "Leftovers", "teraType": "Fire", "role": "Bulky Attacker", "bvs": {"hp": 140, "atk": 85, "def": 95, "spa": 145, "spd": 95, "spe": 130}, "stats": {"hp": 308, "atk": 122, "def": 171, "spa": 240, "spd": 171, "spe": 220}, "types": ["Poison", "Dragon"]}, "Oinkologne": {"name": "Oinkologne", "species": "Oinkologne-F", "speciesId": "oinkolognef", "gender": "F", "shiny": false, "level": 92, "moves": ["sleeptalk", "rest", "bodyslam", "curse"], "ability": "Thick Fat", "evs": {"hp": 85, "atk": 85, "def": 85, "spa": 85, "spd": 85, "spe": 85}, "ivs": {"hp": 31, "atk": 31, "def": 31, "spa": 31, "spd": 31, "spe": 31}, "item": "Leftovers", "teraType": "Poison", "role": "Bulky Support", "bvs": {"hp": 115, "atk": 90, "def": 70, "spa": 59, "spd": 90, "spe": 65}, "stats": {"hp": 361, "atk": 218, "def": 181, "spa": 161, "spd": 218, "spe": 172}, "types": ["Normal"]}, "Iron Hands": {"name": "Iron Hands", "species": "Iron Hands", "speciesId": "ironhands", "gender": "N", "shiny": false, "level": 79, "moves": ["thunderpunch", "drainpunch", "swordsdance", "icepunch"], "ability": "Quark Drive", "evs": {"hp": 85, "atk": 85, "def": 85, "spa": 85, "spd": 85, "spe": 85}, "ivs": {"hp": 31, "atk": 31, "def": 31, "spa": 31, "spd": 31, "spe": 31}, "item": "Leftovers", "teraType": "Steel", "role": "Bulky Attacker", "bvs": {"hp": 154, "atk": 140, "def": 108, "spa": 50, "spd": 68, "spe": 50}, "stats": {"hp": 373, "atk": 267, "def": 216, "spa": 125, "spd": 153, "spe": 125}, "types": ["Fighting", "Electric"]}, "Forretress": {"name": "Forretress", "species": "Forretress", "speciesId": "forretress", "gender": "M", "shiny": false, "level": 84, "moves": ["bodypress", "spikes", "ironhead", "stealthrock"], "ability": "Sturdy", "evs": {"hp": 85, "atk": 85, "def": 85, "spa": 85, "spd": 85, "spe": 85}, "ivs": {"hp": 31, "atk": 31, "def": 31, "spa": 31, "spd": 31, "spe": 31}, "item": "Leftovers", "teraType": "Water", "role": "Bulky Attacker", "bvs": {"hp": 75, "atk": 90, "def": 140, "spa": 60, "spd": 60, "spe": 40}, "stats": {"hp": 263, "atk": 199, "def": 283, "spa": 149, "spd": 149, "spe": 115}, "types": ["Bug", "Steel"]}}, {"Ho-Oh": {"name": "Ho-Oh", "species": "Ho-Oh", "speciesId": "hooh", "gender": "N", "shiny": false, "level": 71, "moves": ["earthquake", "sacredfire", "bravebird", "recover"], "ability": "Regenerator", "evs": {"hp": 85, "atk": 85, "def": 85, "spa": 85, "spd": 85, "spe": 85}, "ivs": {"hp": 31, "atk": 31, "def": 31, "spa": 31, "spd": 31, "spe": 31}, "item": "Heavy-Duty Boots", "teraType": "Steel", "role": "Bulky Attacker", "bvs": {"hp": 106, "atk": 130, "def": 90, "spa": 110, "spd": 154, "spe": 90}, "stats": {"hp": 268, "atk": 226, "def": 169, "spa": 198, "spd": 260, "spe": 169}, "types": ["Fire", "Flying"]}, "Scovillain": {"name": "Scovillain", "species": "Scovillain", "speciesId": "scovillain", "gender": "F", "shiny": false, "level": 91, "moves": ["flamethrower", "leechseed", "substitute", "protect"], "ability": "Chlorophyll", "evs": {"hp": 85, "atk": 0, "def": 85, "spa": 85, "spd": 85, "spe": 85}, "ivs": {"hp": 31, "atk": 0, "def": 31, "spa": 31, "spd": 31, "spe": 31}, "item": "Leftovers", "teraType": "Steel", "role": "Bulky Attacker", "bvs": {"hp": 65, "atk": 108, "def": 65, "spa": 108, "spd": 65, "spe": 75}, "stats": {"hp": 266, "atk": 201, "def": 170, "spa": 248, "spd": 170, "spe": 188}, "types": ["Grass", "Fire"]}, "Suicune": {"name": "Suicune", "species": "Suicune", "speciesId": "suicune", "gender": "N", "shiny": false, "level": 82, "moves": ["calmmind", "protect", "scald", "substitute"], "ability": "Pressure", "evs": {"hp": 85, "atk": 0, "def": 85, "spa": 85, "spd": 85, "spe": 85}, "ivs": {"hp": 31, "atk": 0, "def": 31, "spa": 31, "spd": 31, "spe": 31}, "item": "Leftovers", "teraType": "Steel", "role": "Fast Support", "bvs": {"hp": 100, "atk": 75, "def": 115, "spa": 90, "spd": 115, "spe": 85}, "stats": {"hp": 298, "atk": 127, "def": 236, "spa": 195, "spd": 236, "spe": 187}, "types": ["Water"]}, "Magnezone": {"name": "Magnezone", "species": "Magnezone", "speciesId": "magnezone", "gender": "N", "shiny": false, "level": 85, "moves": ["voltswitch", "bodypress", "flashcannon", "thunderbolt"], "ability": "Analytic", "evs": {"hp": 85, "atk": 0, "def": 85, "spa": 85, "spd": 85, "spe": 85}, "ivs": {"hp": 31, "atk": 0, "def": 31, "spa": 31, "spd": 31, "spe": 31}, "item": "Choice Scarf", "teraType": "Electric", "role": "Fast Attacker", "bvs": {"hp": 70, "atk": 70, "def": 115, "spa": 130, "spd": 90, "spe": 60}, "stats": {"hp": 258, "atk": 124, "def": 244, "spa": 270, "spd": 202, "spe": 151}, "types": ["Electric", "Steel"]}, "Flapple": {"name": "Flapple", "species": "Flapple", "speciesId": "flapple", "gender": "M", "shiny": false, "level": 88, "moves": ["outrage", "suckerpunch", "gravapple", "dragondance"], "ability": "Hustle", "evs": {"hp": 85, "atk": 85, "def": 85, "spa": 85, "spd": 85, "spe": 85}, "ivs": {"hp": 31, "atk": 31, "def": 31, "spa": 31, "spd": 31, "spe": 31}, "item": "Wide Lens", "teraType": "Steel", "role": "Fast Attacker", "bvs": {"hp": 70, "atk": 110, "def": 80, "spa": 95, "spd": 60, "spe": 70}, "stats": {"hp": 266, "atk": 244, "def": 191, "spa": 217, "spd": 156, "spe": 173}, "types": ["Grass", "Dragon"]}, "Mesprit": {"name": "Mesprit", "species": "Mesprit", "speciesId": "mesprit", "gender": "N", "shiny": false, "level": 85, "moves": ["thunderbolt", "icebeam", "psychic", "dazzlinggleam"], "ability": "Levitate", "evs": {"hp": 85, "atk": 0, "def": 85, "spa": 85, "spd": 85, "spe": 85}, "ivs": {"hp": 31, "atk": 0, "def": 31, "spa": 31, "spd": 31, "spe": 31}, "item": "Choice Scarf", "teraType": "Electric", "role": "Fast Attacker", "bvs": {"hp": 80, "atk": 105, "def": 105, "spa": 105, "spd": 105, "spe": 80}, "stats": {"hp": 275, "atk": 183, "def": 227, "spa": 227, "spd": 227, "spe": 185}, "types": ["Psychic"]}}]}