{"id": "gen9randombattle-2642085449", "format": "[Gen 9] Random Battle", "players": ["mayqueen nyannyan", "aofoxygen"], "log": "|j|\u2606mayqueen nyannyan\n|j|\u203daofoxygen\n|t:|1782886687\n|gametype|singles\n|player|p1|mayqueen nyannyan|101|2087\n|player|p2|aofoxygen|265|2116\n|gen|9\n|tier|[Gen 9] Random Battle\n|rated|\n|rule|Species Clause: Limit one of each Pok\u00e9mon\n|rule|HP Percentage Mod: HP is shown in percentages\n|rule|Sleep Clause Mod: Limit one foe put to sleep\n|rule|Illusion Level Mod: Illusion disguises the Pok\u00e9mon's true level\n|\n|t:|1782886687\n|teamsize|p1|6\n|teamsize|p2|6\n|start\n|switch|p1a: Lycanroc|Lycanroc-Dusk, L81, F|254/254\n|switch|p2a: Sunflora|Sunflora, F|312/312\n|turn|1\n|\n|t:|1782886716\n|move|p1a: Lycanroc|Stone Edge|p2a: Sunflora\n|-damage|p2a: Sunflora|127/312\n|-damage|p1a: Lycanroc|229/254|[from] item: Life Orb\n|move|p2a: Sunflora|Earth Power|p1a: Lycanroc\n|-supereffective|p1a: Lycanroc\n|-damage|p1a: Lycanroc|0 fnt\n|faint|p1a: Lycanroc\n|\n|upkeep\n|\n|t:|1782886723\n|switch|p1a: Mew|Mew, L82|298/298\n|turn|2\n|\n|t:|1782886729\n|switch|p2a: Jirachi|Jirachi, L80|291/291\n|move|p1a: Mew|Swords Dance|p1a: Mew\n|-boost|p1a: Mew|atk|2\n|\n|upkeep\n|turn|3\n|\n|t:|1782886734\n|move|p1a: Mew|Leech Life|p2a: Jirachi\n|-damage|p2a: Jirachi|144/291\n|-damage|p1a: Mew|269/298|[from] item: Life Orb\n|move|p2a: Jirachi|Body Slam|p1a: Mew\n|-damage|p1a: Mew|212/298\n|\n|-heal|p2a: Jirachi|162/291|[from] item: Leftovers\n|upkeep\n|turn|4\n|\n|t:|1782886743\n|move|p1a: Mew|Close Combat|p2a: Jirachi\n|-damage|p2a: Jirachi|0 fnt\n|-unboost|p1a: Mew|def|1\n|-unboost|p1a: Mew|spd|1\n|faint|p2a: Jirachi\n|-damage|p1a: Mew|183/298|[from] item: Life Orb\n|\n|upkeep\n|\n|t:|1782886756\n|switch|p2a: Braviary|Braviary-Hisui, L85, M|326/326\n|turn|5\n|\n|t:|1782886760\n|move|p1a: Mew|Leech Life|p2a: Braviary\n|-damage|p2a: Braviary|154/326\n|-heal|p1a: Mew|269/298|[from] drain|[of] p2a: Braviary\n|-damage|p1a: Mew|240/298|[from] item: Life Orb\n|move|p2a: Braviary|Esper Wing|p1a: Mew\n|-resisted|p1a: Mew\n|-damage|p1a: Mew|94/298\n|-boost|p2a: Braviary|spe|1\n|\n|upkeep\n|turn|6\n|\n|t:|1782886771\n|switch|p1a: Delphox|Delphox, L84, F|263/263\n|move|p2a: Braviary|Esper Wing|p1a: Delphox\n|-resisted|p1a: Delphox\n|-damage|p1a: Delphox|169/263\n|-boost|p2a: Braviary|spe|1\n|\n|upkeep\n|turn|7\n|\n|t:|1782886779\n|move|p2a: Braviary|Roost|p2a: Braviary\n|-heal|p2a: Braviary|317/326\n|-singleturn|p2a: Braviary|move: Roost\n|move|p1a: Delphox|Fire Blast|p2a: Braviary\n|-damage|p2a: Braviary|170/326\n|\n|upkeep\n|turn|8\n|\n|t:|1782886786\n|move|p2a: Braviary|Hurricane|p1a: Delphox|[miss]\n|-miss|p2a: Braviary|p1a: Delphox\n|move|p1a: Delphox|Nasty Plot|p1a: Delphox\n|-boost|p1a: Delphox|spa|2\n|\n|upkeep\n|turn|9\n|\n|t:|1782886792\n|move|p2a: Braviary|Hurricane|p1a: Delphox\n|-damage|p1a: Delphox|55/263\n|-start|p1a: Delphox|confusion\n|-activate|p1a: Delphox|confusion\n|move|p1a: Delphox|Fire Blast|p2a: Braviary\n|-damage|p2a: Braviary|0 fnt\n|faint|p2a: Braviary\n|\n|upkeep\n|\n|t:|1782886802\n|switch|p2a: Keldeo|Keldeo-Resolute, L79|273/273\n|turn|10\n|\n|t:|1782886806\n|-end|p1a: Delphox|confusion\n|move|p1a: Delphox|Psyshock|p2a: Keldeo\n|-supereffective|p2a: Keldeo\n|-damage|p2a: Keldeo|0 fnt\n|faint|p2a: Keldeo\n|\n|upkeep\n|\n|t:|1782886811\n|switch|p2a: Giratina|Giratina, L75|349/349\n|-ability|p2a: Giratina|Pressure\n|turn|11\n|\n|t:|1782886814\n|move|p1a: Delphox|Psyshock|p2a: Giratina\n|-damage|p2a: Giratina|195/349\n|move|p2a: Giratina|Dragon Pulse|p1a: Delphox\n|-damage|p1a: Delphox|0 fnt\n|faint|p1a: Delphox\n|\n|-heal|p2a: Giratina|216/349|[from] item: Leftovers\n|upkeep\n|\n|t:|1782886826\n|switch|p1a: Duraludon|Duraludon, L82, F|249/249\n|turn|12\n|\n|t:|1782886840\n|move|p1a: Duraludon|Draco Meteor|p2a: Giratina|[miss]\n|-miss|p1a: Duraludon|p2a: Giratina\n|move|p2a: Giratina|Calm Mind|p2a: Giratina\n|-boost|p2a: Giratina|spa|1\n|-boost|p2a: Giratina|spd|1\n|\n|-heal|p2a: Giratina|237/349|[from] item: Leftovers\n|upkeep\n|turn|13\n|\n|t:|1782886844\n|-terastallize|p2a: Giratina|Fairy\n|move|p1a: Duraludon|Draco Meteor|p2a: Giratina\n|-immune|p2a: Giratina\n|move|p2a: Giratina|Calm Mind|p2a: Giratina\n|-boost|p2a: Giratina|spa|1\n|-boost|p2a: Giratina|spd|1\n|\n|-heal|p2a: Giratina|258/349|[from] item: Leftovers\n|upkeep\n|turn|14\n|\n|t:|1782886855\n|move|p1a: Duraludon|Flash Cannon|p2a: Giratina\n|-supereffective|p2a: Giratina\n|-damage|p2a: Giratina|172/349\n|move|p2a: Giratina|Dragon Pulse|p1a: Duraludon\n|-damage|p1a: Duraludon|104/249\n|\n|-heal|p2a: Giratina|193/349|[from] item: Leftovers\n|upkeep\n|turn|15\n|\n|t:|1782886858\n|move|p1a: Duraludon|Flash Cannon|p2a: Giratina\n|-supereffective|p2a: Giratina\n|-damage|p2a: Giratina|103/349\n|move|p2a: Giratina|Calm Mind|p2a: Giratina\n|-boost|p2a: Giratina|spa|1\n|-boost|p2a: Giratina|spd|1\n|\n|-heal|p2a: Giratina|124/349|[from] item: Leftovers\n|upkeep\n|turn|16\n|\n|t:|1782886863\n|move|p1a: Duraludon|Flash Cannon|p2a: Giratina\n|-supereffective|p2a: Giratina\n|-damage|p2a: Giratina|52/349\n|move|p2a: Giratina|Rest|p2a: Giratina\n|-status|p2a: Giratina|slp|[from] move: Rest\n|-heal|p2a: Giratina|349/349 slp|[silent]\n|\n|upkeep\n|turn|17\n|\n|t:|1782886866\n|move|p1a: Duraludon|Flash Cannon|p2a: Giratina\n|-supereffective|p2a: Giratina\n|-damage|p2a: Giratina|283/349 slp\n|cant|p2a: Giratina|slp\n|move|p2a: Giratina|Sleep Talk|p2a: Giratina\n|move|p2a: Giratina|Calm Mind|p2a: Giratina|[from] move: Sleep Talk\n|-boost|p2a: Giratina|spa|1\n|-boost|p2a: Giratina|spd|1\n|\n|-heal|p2a: Giratina|304/349 slp|[from] item: Leftovers\n|upkeep\n|turn|18\n|\n|t:|1782886872\n|move|p1a: Duraludon|Flash Cannon|p2a: Giratina\n|-supereffective|p2a: Giratina\n|-damage|p2a: Giratina|250/349 slp\n|cant|p2a: Giratina|slp\n|move|p2a: Giratina|Sleep Talk|p2a: Giratina\n|move|p2a: Giratina|Calm Mind|p2a: Giratina|[from] move: Sleep Talk\n|-boost|p2a: Giratina|spa|1\n|-boost|p2a: Giratina|spd|1\n|\n|-heal|p2a: Giratina|271/349 slp|[from] item: Leftovers\n|upkeep\n|turn|19\n|\n|t:|1782886878\n|move|p1a: Duraludon|Flash Cannon|p2a: Giratina\n|-supereffective|p2a: Giratina\n|-damage|p2a: Giratina|223/349 slp\n|-curestatus|p2a: Giratina|slp|[msg]\n|move|p2a: Giratina|Calm Mind|p2a: Giratina\n|-boost|p2a: Giratina|spa|1\n|-boost|p2a: Giratina|spd|1\n|\n|-heal|p2a: Giratina|244/349|[from] item: Leftovers\n|upkeep\n|turn|20\n|\n|t:|1782886886\n|move|p1a: Duraludon|Flash Cannon|p2a: Giratina\n|-supereffective|p2a: Giratina\n|-damage|p2a: Giratina|206/349\n|move|p2a: Giratina|Dragon Pulse|p1a: Duraludon\n|-damage|p1a: Duraludon|0 fnt\n|faint|p1a: Duraludon\n|\n|-heal|p2a: Giratina|227/349|[from] item: Leftovers\n|upkeep\n|\n|t:|1782886903\n|switch|p1a: Dragapult|Dragapult, L77, M|262/262\n|turn|21\n|\n|t:|1782886911\n|-terastallize|p1a: Dragapult|Fairy\n|move|p1a: Dragapult|Will-O-Wisp|p2a: Giratina|[miss]\n|-miss|p1a: Dragapult|p2a: Giratina\n|move|p2a: Giratina|Dragon Pulse|p1a: Dragapult\n|-immune|p1a: Dragapult\n|\n|-heal|p2a: Giratina|248/349|[from] item: Leftovers\n|upkeep\n|turn|22\n|\n|t:|1782886922\n|move|p1a: Dragapult|Hex|p2a: Giratina\n|-damage|p2a: Giratina|235/349\n|move|p2a: Giratina|Calm Mind|p2a: Giratina\n|-boost|p2a: Giratina|spa|0\n|-boost|p2a: Giratina|spd|0\n|\n|-heal|p2a: Giratina|256/349|[from] item: Leftovers\n|upkeep\n|turn|23\n|\n|t:|1782886927\n|move|p1a: Dragapult|Will-O-Wisp|p2a: Giratina\n|-status|p2a: Giratina|brn\n|move|p2a: Giratina|Calm Mind|p2a: Giratina\n|-boost|p2a: Giratina|spa|0\n|-boost|p2a: Giratina|spd|0\n|\n|-heal|p2a: Giratina|277/349 brn|[from] item: Leftovers\n|-damage|p2a: Giratina|256/349 brn|[from] brn\n|upkeep\n|turn|24\n|\n|t:|1782886932\n|move|p1a: Dragapult|Hex|p2a: Giratina\n|-damage|p2a: Giratina|228/349 brn\n|move|p2a: Giratina|Calm Mind|p2a: Giratina\n|-boost|p2a: Giratina|spa|0\n|-boost|p2a: Giratina|spd|0\n|\n|-heal|p2a: Giratina|249/349 brn|[from] item: Leftovers\n|-damage|p2a: Giratina|228/349 brn|[from] brn\n|upkeep\n|turn|25\n|\n|t:|1782886936\n|move|p1a: Dragapult|Hex|p2a: Giratina\n|-damage|p2a: Giratina|200/349 brn\n|move|p2a: Giratina|Rest|p2a: Giratina\n|-status|p2a: Giratina|slp|[from] move: Rest\n|-heal|p2a: Giratina|349/349 slp|[silent]\n|\n|upkeep\n|turn|26\n|\n|t:|1782886952\n|move|p1a: Dragapult|Dragon Darts|p2a: Giratina\n|-immune|p2a: Giratina\n|cant|p2a: Giratina|slp\n|move|p2a: Giratina|Sleep Talk|p2a: Giratina\n|move|p2a: Giratina|Calm Mind|p2a: Giratina|[from] move: Sleep Talk\n|-boost|p2a: Giratina|spa|0\n|-boost|p2a: Giratina|spd|0\n|\n|upkeep\n|turn|27\n|\n|t:|1782886956\n|move|p1a: Dragapult|Dragon Darts|p2a: Giratina\n|-immune|p2a: Giratina\n|cant|p2a: Giratina|slp\n|move|p2a: Giratina|Sleep Talk|p2a: Giratina\n|move|p2a: Giratina|Calm Mind|p2a: Giratina|[from] move: Sleep Talk\n|-boost|p2a: Giratina|spa|0\n|-boost|p2a: Giratina|spd|0\n|\n|upkeep\n|turn|28\n|\n|t:|1782886962\n|move|p1a: Dragapult|Dragon Darts|p2a: Giratina\n|-immune|p2a: Giratina\n|-curestatus|p2a: Giratina|slp|[msg]\n|move|p2a: Giratina|Sleep Talk||[still]\n|-fail|p2a: Giratina\n|\n|upkeep\n|turn|29\n|\n|t:|1782886979\n|switch|p1a: Mew|Mew, L82|94/298\n|move|p2a: Giratina|Rest|p2a: Giratina\n|-fail|p2a: Giratina|heal\n|\n|upkeep\n|turn|30\n|\n|t:|1782886981\n|switch|p1a: Dragapult|Dragapult, L77, M, tera:Fairy|262/262\n|move|p2a: Giratina|Dragon Pulse|p1a: Dragapult\n|-immune|p1a: Dragapult\n|\n|upkeep\n|turn|31\n|\n|t:|1782886984\n|move|p1a: Dragapult|Dragon Darts|p2a: Giratina\n|-immune|p2a: Giratina\n|move|p2a: Giratina|Dragon Pulse|p1a: Dragapult\n|-immune|p1a: Dragapult\n|\n|upkeep\n|turn|32\n|\n|t:|1782886989\n|move|p1a: Dragapult|Dragon Darts|p2a: Giratina\n|-immune|p2a: Giratina\n|move|p2a: Giratina|Calm Mind|p2a: Giratina\n|-boost|p2a: Giratina|spa|0\n|-boost|p2a: Giratina|spd|0\n|\n|upkeep\n|turn|33\n|\n|t:|1782886992\n|move|p1a: Dragapult|Dragon Darts|p2a: Giratina\n|-immune|p2a: Giratina\n|move|p2a: Giratina|Calm Mind|p2a: Giratina\n|-boost|p2a: Giratina|spa|0\n|-boost|p2a: Giratina|spd|0\n|\n|upkeep\n|turn|34\n|\n|t:|1782886996\n|switch|p1a: Mew|Mew, L82|94/298\n|move|p2a: Giratina|Calm Mind|p2a: Giratina\n|-boost|p2a: Giratina|spa|0\n|-boost|p2a: Giratina|spd|0\n|\n|upkeep\n|turn|35\n|\n|t:|1782886998\n|switch|p1a: Dragapult|Dragapult, L77, M, tera:Fairy|262/262\n|move|p2a: Giratina|Dragon Pulse|p1a: Dragapult\n|-immune|p1a: Dragapult\n|\n|upkeep\n|turn|36\n|\n|t:|1782887004\n|move|p1a: Dragapult|Dragon Darts|p2a: Giratina\n|-immune|p2a: Giratina\n|move|p2a: Giratina|Calm Mind|p2a: Giratina\n|-boost|p2a: Giratina|spa|0\n|-boost|p2a: Giratina|spd|0\n|\n|upkeep\n|turn|37\n|\n|t:|1782887006\n|switch|p1a: Mew|Mew, L82|94/298\n|move|p2a: Giratina|Calm Mind|p2a: Giratina\n|-boost|p2a: Giratina|spa|0\n|-boost|p2a: Giratina|spd|0\n|\n|upkeep\n|turn|38\n|\n|t:|1782887008\n|switch|p1a: Dragapult|Dragapult, L77, M, tera:Fairy|262/262\n|move|p2a: Giratina|Dragon Pulse|p1a: Dragapult\n|-immune|p1a: Dragapult\n|\n|upkeep\n|turn|39\n|\n|t:|1782887015\n|switch|p1a: Mew|Mew, L82|94/298\n|move|p2a: Giratina|Calm Mind|p2a: Giratina\n|-boost|p2a: Giratina|spa|0\n|-boost|p2a: Giratina|spd|0\n|\n|upkeep\n|turn|40\n|\n|t:|1782887017\n|switch|p1a: Dragapult|Dragapult, L77, M, tera:Fairy|262/262\n|move|p2a: Giratina|Calm Mind|p2a: Giratina\n|-boost|p2a: Giratina|spa|0\n|-boost|p2a: Giratina|spd|0\n|\n|upkeep\n|turn|41\n|\n|t:|1782887020\n|switch|p1a: Mew|Mew, L82|94/298\n|move|p2a: Giratina|Dragon Pulse|p1a: Mew\n|-damage|p1a: Mew|0 fnt\n|faint|p1a: Mew\n|\n|upkeep\n|\n|t:|1782887021\n|switch|p1a: Dragapult|Dragapult, L77, M, tera:Fairy|262/262\n|turn|42\n|\n|t:|1782887024\n|move|p1a: Dragapult|Dragon Darts|p2a: Giratina\n|-immune|p2a: Giratina\n|move|p2a: Giratina|Calm Mind|p2a: Giratina\n|-boost|p2a: Giratina|spa|0\n|-boost|p2a: Giratina|spd|0\n|\n|upkeep\n|turn|43\n|\n|t:|1782887032\n|switch|p1a: Frosmoth|Frosmoth, L82, F|249/249\n|move|p2a: Giratina|Calm Mind|p2a: Giratina\n|-boost|p2a: Giratina|spa|0\n|-boost|p2a: Giratina|spd|0\n|\n|upkeep\n|turn|44\n|\n|t:|1782887035\n|switch|p1a: Dragapult|Dragapult, L77, M, tera:Fairy|262/262\n|move|p2a: Giratina|Dragon Pulse|p1a: Dragapult\n|-immune|p1a: Dragapult\n|\n|upkeep\n|turn|45\n|\n|t:|1782887041\n|move|p1a: Dragapult|Hex|p2a: Giratina\n|-damage|p2a: Giratina|334/349\n|move|p2a: Giratina|Dragon Pulse|p1a: Dragapult\n|-immune|p1a: Dragapult\n|\n|-heal|p2a: Giratina|349/349|[from] item: Leftovers\n|upkeep\n|turn|46\n|\n|t:|1782887046\n|move|p1a: Dragapult|Hex|p2a: Giratina\n|-damage|p2a: Giratina|334/349\n|move|p2a: Giratina|Dragon Pulse|p1a: Dragapult\n|-immune|p1a: Dragapult\n|\n|-heal|p2a: Giratina|349/349|[from] item: Leftovers\n|upkeep\n|turn|47\n|\n|t:|1782887051\n|switch|p1a: Frosmoth|Frosmoth, L82, F|249/249\n|move|p2a: Giratina|Calm Mind|p2a: Giratina\n|-boost|p2a: Giratina|spa|0\n|-boost|p2a: Giratina|spd|0\n|\n|upkeep\n|turn|48\n|\n|t:|1782887052\n|switch|p1a: Dragapult|Dragapult, L77, M, tera:Fairy|262/262\n|move|p2a: Giratina|Calm Mind|p2a: Giratina\n|-boost|p2a: Giratina|spa|0\n|-boost|p2a: Giratina|spd|0\n|\n|upkeep\n|turn|49\n|\n|t:|1782887058\n|move|p1a: Dragapult|Hex|p2a: Giratina\n|-damage|p2a: Giratina|336/349\n|move|p2a: Giratina|Calm Mind|p2a: Giratina\n|-boost|p2a: Giratina|spa|0\n|-boost|p2a: Giratina|spd|0\n|\n|-heal|p2a: Giratina|349/349|[from] item: Leftovers\n|upkeep\n|turn|50\n|\n|t:|1782887064\n|move|p1a: Dragapult|Will-O-Wisp|p2a: Giratina|[miss]\n|-miss|p1a: Dragapult|p2a: Giratina\n|move|p2a: Giratina|Dragon Pulse|p1a: Dragapult\n|-immune|p1a: Dragapult\n|\n|upkeep\n|turn|51\n|\n|t:|1782887068\n|switch|p1a: Frosmoth|Frosmoth, L82, F|249/249\n|move|p2a: Giratina|Calm Mind|p2a: Giratina\n|-boost|p2a: Giratina|spa|0\n|-boost|p2a: Giratina|spd|0\n|\n|upkeep\n|turn|52\n|\n|t:|1782887071\n|switch|p1a: Dragapult|Dragapult, L77, M, tera:Fairy|262/262\n|move|p2a: Giratina|Calm Mind|p2a: Giratina\n|-boost|p2a: Giratina|spa|0\n|-boost|p2a: Giratina|spd|0\n|\n|upkeep\n|turn|53\n|\n|t:|1782887077\n|move|p1a: Dragapult|Hex|p2a: Giratina\n|-damage|p2a: Giratina|334/349\n|move|p2a: Giratina|Calm Mind|p2a: Giratina\n|-boost|p2a: Giratina|spa|0\n|-boost|p2a: Giratina|spd|0\n|\n|-heal|p2a: Giratina|349/349|[from] item: Leftovers\n|upkeep\n|turn|54\n|\n|t:|1782887080\n|switch|p1a: Frosmoth|Frosmoth, L82, F|249/249\n|move|p2a: Giratina|Calm Mind|p2a: Giratina\n|-boost|p2a: Giratina|spa|0\n|-boost|p2a: Giratina|spd|0\n|\n|upkeep\n|turn|55\n|\n|t:|1782887083\n|switch|p1a: Dragapult|Dragapult, L77, M, tera:Fairy|262/262\n|move|p2a: Giratina|Dragon Pulse|p1a: Dragapult\n|-immune|p1a: Dragapult\n|\n|upkeep\n|turn|56\n|\n|t:|1782887088\n|switch|p1a: Frosmoth|Frosmoth, L82, F|249/249\n|move|p2a: Giratina|Calm Mind|p2a: Giratina\n|-boost|p2a: Giratina|spa|0\n|-boost|p2a: Giratina|spd|0\n|\n|upkeep\n|turn|57\n|\n|t:|1782887090\n|switch|p1a: Dragapult|Dragapult, L77, M, tera:Fairy|262/262\n|move|p2a: Giratina|Calm Mind|p2a: Giratina\n|-boost|p2a: Giratina|spa|0\n|-boost|p2a: Giratina|spd|0\n|\n|upkeep\n|turn|58\n|\n|t:|1782887095\n|move|p1a: Dragapult|Will-O-Wisp|p2a: Giratina\n|-status|p2a: Giratina|brn\n|move|p2a: Giratina|Calm Mind|p2a: Giratina\n|-boost|p2a: Giratina|spa|0\n|-boost|p2a: Giratina|spd|0\n|\n|-damage|p2a: Giratina|328/349 brn|[from] brn\n|upkeep\n|turn|59\n|\n|t:|1782887101\n|move|p1a: Dragapult|Hex|p2a: Giratina\n|-damage|p2a: Giratina|303/349 brn\n|move|p2a: Giratina|Calm Mind|p2a: Giratina\n|-boost|p2a: Giratina|spa|0\n|-boost|p2a: Giratina|spd|0\n|\n|-heal|p2a: Giratina|324/349 brn|[from] item: Leftovers\n|-damage|p2a: Giratina|303/349 brn|[from] brn\n|upkeep\n|turn|60\n|\n|t:|1782887106\n|move|p1a: Dragapult|Will-O-Wisp|p2a: Giratina\n|-fail|p2a: Giratina|brn\n|move|p2a: Giratina|Calm Mind|p2a: Giratina\n|-boost|p2a: Giratina|spa|0\n|-boost|p2a: Giratina|spd|0\n|\n|-heal|p2a: Giratina|324/349 brn|[from] item: Leftovers\n|-damage|p2a: Giratina|303/349 brn|[from] brn\n|upkeep\n|turn|61\n|\n|t:|1782887112\n|move|p1a: Dragapult|Will-O-Wisp|p2a: Giratina|[miss]\n|-miss|p1a: Dragapult|p2a: Giratina\n|move|p2a: Giratina|Calm Mind|p2a: Giratina\n|-boost|p2a: Giratina|spa|0\n|-boost|p2a: Giratina|spd|0\n|\n|-heal|p2a: Giratina|324/349 brn|[from] item: Leftovers\n|-damage|p2a: Giratina|303/349 brn|[from] brn\n|upkeep\n|turn|62\n|\n|t:|1782887116\n|move|p1a: Dragapult|Will-O-Wisp|p2a: Giratina\n|-fail|p2a: Giratina|brn\n|move|p2a: Giratina|Calm Mind|p2a: Giratina\n|-boost|p2a: Giratina|spa|0\n|-boost|p2a: Giratina|spd|0\n|\n|-heal|p2a: Giratina|324/349 brn|[from] item: Leftovers\n|-damage|p2a: Giratina|303/349 brn|[from] brn\n|upkeep\n|turn|63\n|\n|t:|1782887119\n|move|p1a: Dragapult|Will-O-Wisp|p2a: Giratina|[miss]\n|-miss|p1a: Dragapult|p2a: Giratina\n|move|p2a: Giratina|Calm Mind|p2a: Giratina\n|-boost|p2a: Giratina|spa|0\n|-boost|p2a: Giratina|spd|0\n|\n|-heal|p2a: Giratina|324/349 brn|[from] item: Leftovers\n|-damage|p2a: Giratina|303/349 brn|[from] brn\n|upkeep\n|turn|64\n|\n|t:|1782887122\n|switch|p1a: Frosmoth|Frosmoth, L82, F|249/249\n|move|p2a: Giratina|Calm Mind|p2a: Giratina\n|-boost|p2a: Giratina|spa|0\n|-boost|p2a: Giratina|spd|0\n|\n|-heal|p2a: Giratina|324/349 brn|[from] item: Leftovers\n|-damage|p2a: Giratina|303/349 brn|[from] brn\n|upkeep\n|turn|65\n|\n|t:|1782887124\n|switch|p1a: Dragapult|Dragapult, L77, M, tera:Fairy|262/262\n|move|p2a: Giratina|Dragon Pulse|p1a: Dragapult\n|-immune|p1a: Dragapult\n|\n|-heal|p2a: Giratina|324/349 brn|[from] item: Leftovers\n|-damage|p2a: Giratina|303/349 brn|[from] brn\n|upkeep\n|turn|66\n|\n|t:|1782887137\n|switch|p2a: Sunflora|Sunflora, F|127/312\n|move|p1a: Dragapult|Will-O-Wisp|p2a: Sunflora|[miss]\n|-miss|p1a: Dragapult|p2a: Sunflora\n|\n|upkeep\n|turn|67\n|\n|t:|1782887143\n|move|p1a: Dragapult|U-turn|p2a: Sunflora\n|-supereffective|p2a: Sunflora\n|-damage|p2a: Sunflora|9/312\n|\n|t:|1782887145\n|switch|p1a: Frosmoth|Frosmoth, L82, F|249/249|[from] U-turn\n|move|p2a: Sunflora|Sludge Bomb|p1a: Frosmoth\n|-damage|p1a: Frosmoth|175/249\n|-status|p1a: Frosmoth|psn\n|\n|-damage|p1a: Frosmoth|144/249 psn|[from] psn\n|upkeep\n|turn|68\n|\n|t:|1782887156\n|move|p1a: Frosmoth|Ice Beam|p2a: Sunflora\n|-supereffective|p2a: Sunflora\n|-damage|p2a: Sunflora|0 fnt\n|faint|p2a: Sunflora\n|\n|-damage|p1a: Frosmoth|113/249 psn|[from] psn\n|upkeep\n|\n|t:|1782887165\n|switch|p2a: Slither Wing|Slither Wing, L81|270/270\n|turn|69\n|\n|t:|1782887167\n|switch|p1a: Dragapult|Dragapult, L77, M, tera:Fairy|262/262\n|move|p2a: Slither Wing|U-turn|p1a: Dragapult\n|-resisted|p1a: Dragapult\n|-damage|p1a: Dragapult|185/262\n|\n|t:|1782887170\n|-end|p2a: Slither Wing|Protosynthesis|[silent]\n|switch|p2a: Giratina|Giratina, L75, tera:Fairy|303/349 brn|[from] U-turn\n|-ability|p2a: Giratina|Pressure\n|\n|-heal|p2a: Giratina|324/349 brn|[from] item: Leftovers\n|-damage|p2a: Giratina|303/349 brn|[from] brn\n|upkeep\n|turn|70\n|\n|t:|1782887174\n|move|p1a: Dragapult|U-turn|p2a: Giratina\n|-resisted|p2a: Giratina\n|-damage|p2a: Giratina|283/349 brn\n|\n|t:|1782887175\n|switch|p1a: Frosmoth|Frosmoth, L82, F|113/249 psn|[from] U-turn\n|move|p2a: Giratina|Rest|p2a: Giratina\n|-status|p2a: Giratina|slp|[from] move: Rest\n|-heal|p2a: Giratina|349/349 slp|[silent]\n|\n|-damage|p1a: Frosmoth|82/249 psn|[from] psn\n|upkeep\n|turn|71\n|\n|t:|1782887182\n|switch|p1a: Dragapult|Dragapult, L77, M, tera:Fairy|185/262\n|cant|p2a: Giratina|slp\n|move|p2a: Giratina|Sleep Talk|p2a: Giratina\n|move|p2a: Giratina|Calm Mind|p2a: Giratina|[from] move: Sleep Talk\n|-boost|p2a: Giratina|spa|1\n|-boost|p2a: Giratina|spd|1\n|\n|upkeep\n|turn|72\n|\n|t:|1782887191\n|move|p1a: Dragapult|Will-O-Wisp||[still]\n|-fail|p1a: Dragapult\n|cant|p2a: Giratina|slp\n|move|p2a: Giratina|Sleep Talk|p2a: Giratina\n|move|p2a: Giratina|Dragon Pulse|p1a: Dragapult|[from] move: Sleep Talk\n|-immune|p1a: Dragapult\n|\n|upkeep\n|turn|73\n|\n|t:|1782887197\n|switch|p1a: Frosmoth|Frosmoth, L82, F|82/249 psn\n|-curestatus|p2a: Giratina|slp|[msg]\n|move|p2a: Giratina|Sleep Talk||[still]\n|-fail|p2a: Giratina\n|\n|-damage|p1a: Frosmoth|51/249 psn|[from] psn\n|upkeep\n|turn|74\n|\n|t:|1782887202\n|switch|p1a: Dragapult|Dragapult, L77, M, tera:Fairy|185/262\n|move|p2a: Giratina|Sleep Talk||[still]\n|-fail|p2a: Giratina\n|\n|upkeep\n|turn|75\n|\n|t:|1782887207\n|switch|p1a: Frosmoth|Frosmoth, L82, F|51/249 psn\n|move|p2a: Giratina|Sleep Talk||[still]\n|-fail|p2a: Giratina\n|\n|-damage|p1a: Frosmoth|20/249 psn|[from] psn\n|upkeep\n|turn|76\n|\n|t:|1782887220\n|move|p2a: Giratina|Dragon Pulse|p1a: Frosmoth\n|-damage|p1a: Frosmoth|0 fnt\n|faint|p1a: Frosmoth\n|\n|upkeep\n|\n|t:|1782887222\n|switch|p1a: Dragapult|Dragapult, L77, M, tera:Fairy|185/262\n|turn|77\n|\n|t:|1782887231\n|move|p1a: Dragapult|U-turn|p2a: Giratina\n|-resisted|p2a: Giratina\n|-damage|p2a: Giratina|330/349\n|move|p2a: Giratina|Rest|p2a: Giratina\n|-status|p2a: Giratina|slp|[from] move: Rest\n|-heal|p2a: Giratina|349/349 slp|[silent]\n|\n|upkeep\n|turn|78\n|\n|t:|1782887234\n|move|p1a: Dragapult|U-turn|p2a: Giratina\n|-resisted|p2a: Giratina\n|-crit|p2a: Giratina\n|-damage|p2a: Giratina|316/349 slp\n|cant|p2a: Giratina|slp\n|move|p2a: Giratina|Sleep Talk|p2a: Giratina\n|move|p2a: Giratina|Dragon Pulse|p1a: Dragapult|[from] move: Sleep Talk\n|-immune|p1a: Dragapult\n|\n|-heal|p2a: Giratina|337/349 slp|[from] item: Leftovers\n|upkeep\n|turn|79\n|\n|t:|1782887238\n|move|p1a: Dragapult|U-turn|p2a: Giratina\n|-resisted|p2a: Giratina\n|-damage|p2a: Giratina|317/349 slp\n|cant|p2a: Giratina|slp\n|move|p2a: Giratina|Sleep Talk|p2a: Giratina\n|move|p2a: Giratina|Dragon Pulse|p1a: Dragapult|[from] move: Sleep Talk\n|-immune|p1a: Dragapult\n|\n|-heal|p2a: Giratina|338/349 slp|[from] item: Leftovers\n|upkeep\n|turn|80\n|\n|t:|1782887241\n|move|p1a: Dragapult|U-turn|p2a: Giratina\n|-resisted|p2a: Giratina\n|-damage|p2a: Giratina|316/349 slp\n|-curestatus|p2a: Giratina|slp|[msg]\n|move|p2a: Giratina|Sleep Talk||[still]\n|-fail|p2a: Giratina\n|\n|-heal|p2a: Giratina|337/349|[from] item: Leftovers\n|upkeep\n|turn|81\n|\n|t:|1782887244\n|move|p1a: Dragapult|U-turn|p2a: Giratina\n|-resisted|p2a: Giratina\n|-damage|p2a: Giratina|314/349\n|move|p2a: Giratina|Rest|p2a: Giratina\n|-status|p2a: Giratina|slp|[from] move: Rest\n|-heal|p2a: Giratina|349/349 slp|[silent]\n|\n|upkeep\n|turn|82\n|\n|t:|1782887247\n|move|p1a: Dragapult|U-turn|p2a: Giratina\n|-resisted|p2a: Giratina\n|-damage|p2a: Giratina|328/349 slp\n|cant|p2a: Giratina|slp\n|move|p2a: Giratina|Sleep Talk|p2a: Giratina\n|move|p2a: Giratina|Dragon Pulse|p1a: Dragapult|[from] move: Sleep Talk\n|-immune|p1a: Dragapult\n|\n|-heal|p2a: Giratina|349/349 slp|[from] item: Leftovers\n|upkeep\n|turn|83\n|\n|t:|1782887251\n|move|p1a: Dragapult|U-turn|p2a: Giratina\n|-resisted|p2a: Giratina\n|-crit|p2a: Giratina\n|-damage|p2a: Giratina|320/349 slp\n|cant|p2a: Giratina|slp\n|move|p2a: Giratina|Sleep Talk|p2a: Giratina\n|move|p2a: Giratina|Rest||[from] move: Sleep Talk|[still]\n|-fail|p2a: Giratina\n|\n|-heal|p2a: Giratina|341/349 slp|[from] item: Leftovers\n|upkeep\n|turn|84\n|\n|t:|1782887255\n|move|p1a: Dragapult|U-turn|p2a: Giratina\n|-resisted|p2a: Giratina\n|-damage|p2a: Giratina|319/349 slp\n|-curestatus|p2a: Giratina|slp|[msg]\n|move|p2a: Giratina|Rest|p2a: Giratina\n|-status|p2a: Giratina|slp|[from] move: Rest\n|-heal|p2a: Giratina|349/349 slp|[silent]\n|\n|upkeep\n|turn|85\n|\n|t:|1782887258\n|move|p1a: Dragapult|U-turn|p2a: Giratina\n|-resisted|p2a: Giratina\n|-crit|p2a: Giratina\n|-damage|p2a: Giratina|318/349 slp\n|cant|p2a: Giratina|slp\n|move|p2a: Giratina|Sleep Talk|p2a: Giratina\n|move|p2a: Giratina|Dragon Pulse|p1a: Dragapult|[from] move: Sleep Talk\n|-immune|p1a: Dragapult\n|\n|-heal|p2a: Giratina|339/349 slp|[from] item: Leftovers\n|upkeep\n|turn|86\n|\n|t:|1782887261\n|move|p1a: Dragapult|U-turn|p2a: Giratina\n|-resisted|p2a: Giratina\n|-damage|p2a: Giratina|318/349 slp\n|cant|p2a: Giratina|slp\n|\n|-heal|p2a: Giratina|339/349 slp|[from] item: Leftovers\n|upkeep\n|turn|87\n|\n|t:|1782887263\n|move|p1a: Dragapult|U-turn|p2a: Giratina\n|-resisted|p2a: Giratina\n|-damage|p2a: Giratina|319/349 slp\n|-curestatus|p2a: Giratina|slp|[msg]\n|move|p2a: Giratina|Rest|p2a: Giratina\n|-status|p2a: Giratina|slp|[from] move: Rest\n|-heal|p2a: Giratina|349/349 slp|[silent]\n|\n|upkeep\n|turn|88\n|\n|t:|1782887267\n|move|p1a: Dragapult|U-turn|p2a: Giratina\n|-resisted|p2a: Giratina\n|-damage|p2a: Giratina|326/349 slp\n|cant|p2a: Giratina|slp\n|\n|-heal|p2a: Giratina|347/349 slp|[from] item: Leftovers\n|upkeep\n|turn|89\n|\n|t:|1782887269\n|move|p1a: Dragapult|Will-O-Wisp||[still]\n|-fail|p1a: Dragapult\n|cant|p2a: Giratina|slp\n|\n|-heal|p2a: Giratina|349/349 slp|[from] item: Leftovers\n|upkeep\n|turn|90\n|-message|mayqueen nyannyan forfeited.\n|\n|win|aofoxygen\n|raw|mayqueen nyannyan's rating: 2087 &rarr; <strong>2069</strong><br />(-18 for losing)\n|raw|aofoxygen's rating: 2116 &rarr; <strong>2134</strong><br />(+18 for winning)\n", "inputlog": ">version f8ac14003a5f27e1bdc8d8c59608a773c1cb96e5\n>start {\"formatid\":\"gen9randombattle\",\"seed\":\"sodium,c9f5e35c29ad9ae0642a8e9b9cb86add\",\"rated\":\"Rated battle\"}\n>player p1 {\"name\":\"mayqueen nyannyan\",\"avatar\":\"101\",\"rating\":2087,\"seed\":\"sodium,82fe7b6babcbc4f6eb77eb4e45124a10\"}\n>player p2 {\"name\":\"aofoxygen\",\"avatar\":\"265\",\"rating\":2116,\"seed\":\"sodium,390106863730ae0947bce56f2ac7ba69\"}\n>p1 move stoneedge\n>p2 move earthpower\n>p1 switch 4\n>p1 move swordsdance\n>p2 switch 2\n>p1 move leechlife\n>p2 move bodyslam\n>p1 move closecombat\n>p2 move bodyslam\n>p2 switch 6\n>p1 move leechlife\n>p2 move esperwing\n>p1 switch 2\n>p2 move esperwing\n>p1 move fireblast\n>p2 move roost\n>p1 move nastyplot\n>p2 move hurricane\n>p1 move fireblast\n>p2 move hurricane\n>p2 switch 4\n>p1 move psyshock\n>p2 move flipturn\n>p2 switch 3\n>p1 move psyshock\n>p2 move dragonpulse\n>p1 switch 3\n>p1 move dracometeor\n>p2 move calmmind\n>p1 move dracometeor\n>p2 move calmmind terastallize\n>p1 move flashcannon\n>p2 move dragonpulse\n>p1 move flashcannon\n>p2 move calmmind\n>p1 move flashcannon\n>p2 move rest\n>p1 move flashcannon\n>p2 move sleeptalk\n>p1 move flashcannon\n>p2 move sleeptalk\n>p1 move flashcannon\n>p2 move calmmind\n>p1 move flashcannon\n>p2 move dragonpulse\n>p1 switch 5\n>p1 move willowisp terastallize\n>p2 move dragonpulse\n>p1 move hex\n>p2 move calmmind\n>p1 move willowisp\n>p2 move calmmind\n>p1 move hex\n>p2 move calmmind\n>p1 move hex\n>p2 move rest\n>p1 move dragondarts\n>p2 move sleeptalk\n>p1 move dragondarts\n>p2 move sleeptalk\n>p1 move dragondarts\n>p2 move sleeptalk\n>p1 switch 2\n>p2 move rest\n>p1 switch 2\n>p2 move dragonpulse\n>p1 move dragondarts\n>p2 move dragonpulse\n>p1 move dragondarts\n>p2 move calmmind\n>p1 move dragondarts\n>p2 move calmmind\n>p1 switch 2\n>p2 move calmmind\n>p1 switch 2\n>p2 move dragonpulse\n>p1 move dragondarts\n>p2 move calmmind\n>p1 switch 2\n>p2 move calmmind\n>p1 switch 2\n>p2 move dragonpulse\n>p1 switch 2\n>p2 move calmmind\n>p1 switch 2\n>p2 move calmmind\n>p1 switch 2\n>p2 move dragonpulse\n>p1 switch 2\n>p1 move dragondarts\n>p2 move calmmind\n>p1 switch 6\n>p2 move calmmind\n>p1 switch 6\n>p2 move dragonpulse\n>p1 move hex\n>p2 move dragonpulse\n>p1 move hex\n>p2 move dragonpulse\n>p1 switch 6\n>p2 move calmmind\n>p1 switch 6\n>p2 move calmmind\n>p1 move hex\n>p2 move calmmind\n>p1 move willowisp\n>p2 move dragonpulse\n>p1 switch 6\n>p2 move calmmind\n>p1 switch 6\n>p2 move calmmind\n>p1 move hex\n>p2 move calmmind\n>p1 switch 6\n>p2 move calmmind\n>p1 switch 6\n>p2 move dragonpulse\n>p1 switch 6\n>p2 move calmmind\n>p1 switch 6\n>p2 move calmmind\n>p1 move willowisp\n>p2 move calmmind\n>p1 move hex\n>p2 move calmmind\n>p1 move willowisp\n>p2 move calmmind\n>p1 move willowisp\n>p2 move calmmind\n>p1 move willowisp\n>p2 move calmmind\n>p1 move willowisp\n>p2 move calmmind\n>p1 switch 6\n>p2 move calmmind\n>p1 switch 6\n>p2 move dragonpulse\n>p1 move willowisp\n>p2 switch 2\n>p1 move uturn\n>p2 move sludgebomb\n>p1 switch 6\n>p1 move icebeam\n>p2 move sludgebomb\n>p2 switch 5\n>p1 switch 6\n>p2 move uturn\n>p2 switch 2\n>p1 move uturn\n>p2 move rest\n>p1 switch 6\n>p1 switch 6\n>p2 move sleeptalk\n>p1 move willowisp\n>p2 move sleeptalk\n>p1 switch 6\n>p2 move sleeptalk\n>p1 switch 6\n>p2 move sleeptalk\n>p1 switch 6\n>p2 move sleeptalk\n>p1 move icebeam\n>p2 move dragonpulse\n>p1 switch 6\n>p1 move uturn\n>p2 move rest\n>p1 move uturn\n>p2 move sleeptalk\n>p1 move uturn\n>p2 move sleeptalk\n>p1 move uturn\n>p2 move sleeptalk\n>p1 move uturn\n>p2 move rest\n>p1 move uturn\n>p2 move sleeptalk\n>p1 move uturn\n>p2 move sleeptalk\n>p1 move uturn\n>p2 move rest\n>p1 move uturn\n>p2 move sleeptalk\n>p1 move uturn\n>p2 move rest\n>p1 move uturn\n>p2 move rest\n>p1 move uturn\n>p2 move struggle\n>p1 move willowisp\n>p2 move struggle\n>forcelose p1", "uploadtime": 1782887273, "views": 3, "formatid": "gen9randombattle", "rating": 2069, "private": 0, "password": null, "player_dets": [{"name": "mayqueen nyannyan", "avatar": "101", "rating": 2087, "seed": "sodium,82fe7b6babcbc4f6eb77eb4e45124a10"}, {"name": "aofoxygen", "avatar": "265", "rating": 2116, "seed": "sodium,390106863730ae0947bce56f2ac7ba69"}], "teams_full": [{"Lycanroc": {"name": "Lycanroc", "species": "Lycanroc-Dusk", "speciesId": "lycanrocdusk", "gender": "F", "shiny": false, "level": 81, "moves": ["swordsdance", "closecombat", "psychicfangs", "stoneedge"], "ability": "Tough Claws", "evs": {"hp": 85, "atk": 85, "def": 85, "spa": 85, "spd": 85, "spe": 85}, "ivs": {"hp": 31, "atk": 31, "def": 31, "spa": 31, "spd": 31, "spe": 31}, "item": "Life Orb", "teraType": "Fighting", "role": "Setup Sweeper", "bvs": {"hp": 75, "atk": 117, "def": 65, "spa": 55, "spd": 65, "spe": 110}, "stats": {"hp": 254, "atk": 236, "def": 152, "spa": 136, "spd": 152, "spe": 225}, "types": ["Rock"]}, "Delphox": {"name": "Delphox", "species": "Delphox", "speciesId": "delphox", "gender": "F", "shiny": false, "level": 84, "moves": ["psyshock", "grassknot", "fireblast", "nastyplot"], "ability": "Blaze", "evs": {"hp": 85, "atk": 0, "def": 85, "spa": 85, "spd": 85, "spe": 85}, "ivs": {"hp": 31, "atk": 0, "def": 31, "spa": 31, "spd": 31, "spe": 31}, "item": "Heavy-Duty Boots", "teraType": "Grass", "role": "Fast Attacker", "bvs": {"hp": 75, "atk": 69, "def": 72, "spa": 114, "spd": 100, "spe": 104}, "stats": {"hp": 263, "atk": 120, "def": 169, "spa": 240, "spd": 216, "spe": 223}, "types": ["Fire", "Psychic"]}, "Duraludon": {"name": "Duraludon", "species": "Duraludon", "speciesId": "duraludon", "gender": "F", "shiny": false, "level": 82, "moves": ["flashcannon", "bodypress", "dracometeor", "irondefense"], "ability": "Light Metal", "evs": {"hp": 85, "atk": 0, "def": 85, "spa": 85, "spd": 85, "spe": 85}, "ivs": {"hp": 31, "atk": 0, "def": 31, "spa": 31, "spd": 31, "spe": 31}, "item": "Eviolite", "teraType": "Fighting", "role": "Bulky Attacker", "bvs": {"hp": 70, "atk": 95, "def": 115, "spa": 120, "spd": 50, "spe": 85}, "stats": {"hp": 249, "atk": 160, "def": 236, "spa": 244, "spd": 129, "spe": 187}, "types": ["Steel", "Dragon"]}, "Mew": {"name": "Mew", "species": "Mew", "speciesId": "mew", "gender": "N", "shiny": false, "level": 82, "moves": ["closecombat", "swordsdance", "psychicfangs", "leechlife"], "ability": "Synchronize", "evs": {"hp": 85, "atk": 85, "def": 85, "spa": 85, "spd": 85, "spe": 85}, "ivs": {"hp": 31, "atk": 31, "def": 31, "spa": 31, "spd": 31, "spe": 31}, "item": "Life Orb", "teraType": "Fighting", "role": "Setup Sweeper", "bvs": {"hp": 100, "atk": 100, "def": 100, "spa": 100, "spd": 100, "spe": 100}, "stats": {"hp": 298, "atk": 211, "def": 211, "spa": 211, "spd": 211, "spe": 211}, "types": ["Psychic"]}, "Dragapult": {"name": "Dragapult", "species": "Dragapult", "speciesId": "dragapult", "gender": "M", "shiny": false, "level": 77, "moves": ["hex", "dragondarts", "uturn", "willowisp"], "ability": "Cursed Body", "evs": {"hp": 85, "atk": 85, "def": 85, "spa": 85, "spd": 85, "spe": 85}, "ivs": {"hp": 31, "atk": 31, "def": 31, "spa": 31, "spd": 31, "spe": 31}, "item": "Heavy-Duty Boots", "teraType": "Fairy", "role": "Fast Support", "bvs": {"hp": 88, "atk": 120, "def": 75, "spa": 100, "spd": 75, "spe": 142}, "stats": {"hp": 262, "atk": 229, "def": 160, "spa": 199, "spd": 160, "spe": 263}, "types": ["Dragon", "Ghost"]}, "Frosmoth": {"name": "Frosmoth", "species": "Frosmoth", "speciesId": "frosmoth", "gender": "F", "shiny": false, "level": 82, "moves": ["quiverdance", "bugbuzz", "icebeam", "terablast"], "ability": "Ice Scales", "evs": {"hp": 85, "atk": 0, "def": 85, "spa": 85, "spd": 85, "spe": 85}, "ivs": {"hp": 31, "atk": 0, "def": 31, "spa": 31, "spd": 31, "spe": 31}, "item": "Heavy-Duty Boots", "teraType": "Ground", "role": "Tera Blast user", "bvs": {"hp": 70, "atk": 65, "def": 60, "spa": 125, "spd": 90, "spe": 65}, "stats": {"hp": 249, "atk": 111, "def": 146, "spa": 252, "spd": 195, "spe": 154}, "types": ["Ice", "Bug"]}}, {"Sunflora": {"name": "Sunflora", "species": "Sunflora", "speciesId": "sunflora", "gender": "F", "shiny": false, "level": 100, "moves": ["leafstorm", "earthpower", "dazzlinggleam", "sludgebomb"], "ability": "Chlorophyll", "evs": {"hp": 85, "atk": 0, "def": 85, "spa": 85, "spd": 85, "spe": 85}, "ivs": {"hp": 31, "atk": 0, "def": 31, "spa": 31, "spd": 31, "spe": 31}, "item": "Choice Specs", "teraType": "Fairy", "role": "Wallbreaker", "bvs": {"hp": 75, "atk": 75, "def": 55, "spa": 105, "spd": 85, "spe": 30}, "stats": {"hp": 312, "atk": 155, "def": 167, "spa": 267, "spd": 227, "spe": 117}, "types": ["Grass"]}, "Jirachi": {"name": "Jirachi", "species": "Jirachi", "speciesId": "jirachi", "gender": "N", "shiny": false, "level": 80, "moves": ["wish", "bodyslam", "protect", "ironhead"], "ability": "Serene Grace", "evs": {"hp": 85, "atk": 85, "def": 85, "spa": 85, "spd": 85, "spe": 85}, "ivs": {"hp": 31, "atk": 31, "def": 31, "spa": 31, "spd": 31, "spe": 31}, "item": "Leftovers", "teraType": "Water", "role": "Fast Support", "bvs": {"hp": 100, "atk": 100, "def": 100, "spa": 100, "spd": 100, "spe": 100}, "stats": {"hp": 291, "atk": 206, "def": 206, "spa": 206, "spd": 206, "spe": 206}, "types": ["Steel", "Psychic"]}, "Giratina": {"name": "Giratina", "species": "Giratina", "speciesId": "giratina", "gender": "N", "shiny": false, "level": 75, "moves": ["sleeptalk", "dragonpulse", "calmmind", "rest"], "ability": "Pressure", "evs": {"hp": 85, "atk": 0, "def": 85, "spa": 85, "spd": 85, "spe": 85}, "ivs": {"hp": 31, "atk": 0, "def": 31, "spa": 31, "spd": 31, "spe": 31}, "item": "Leftovers", "teraType": "Fairy", "role": "Bulky Setup", "bvs": {"hp": 150, "atk": 100, "def": 120, "spa": 100, "spd": 120, "spe": 90}, "stats": {"hp": 349, "atk": 155, "def": 224, "spa": 194, "spd": 224, "spe": 179}, "types": ["Ghost", "Dragon"]}, "Keldeo": {"name": "Keldeo", "species": "Keldeo-Resolute", "speciesId": "keldeoresolute", "gender": "N", "shiny": false, "level": 79, "moves": ["flipturn", "secretsword", "vacuumwave", "hydropump"], "ability": "Justified", "evs": {"hp": 85, "atk": 85, "def": 85, "spa": 85, "spd": 85, "spe": 85}, "ivs": {"hp": 31, "atk": 31, "def": 31, "spa": 31, "spd": 31, "spe": 31}, "item": "Choice Specs", "teraType": "Fighting", "role": "Fast Attacker", "bvs": {"hp": 91, "atk": 72, "def": 90, "spa": 129, "spd": 90, "spe": 108}, "stats": {"hp": 273, "atk": 159, "def": 188, "spa": 249, "spd": 188, "spe": 216}, "types": ["Water", "Fighting"]}, "Slither Wing": {"name": "Slither Wing", "species": "Slither Wing", "speciesId": "slitherwing", "gender": "N", "shiny": false, "level": 81, "moves": ["closecombat", "wildcharge", "earthquake", "uturn"], "ability": "Protosynthesis", "evs": {"hp": 85, "atk": 85, "def": 85, "spa": 85, "spd": 85, "spe": 85}, "ivs": {"hp": 31, "atk": 31, "def": 31, "spa": 31, "spd": 31, "spe": 31}, "item": "Choice Band", "teraType": "Electric", "role": "Fast Attacker", "bvs": {"hp": 85, "atk": 135, "def": 79, "spa": 85, "spd": 105, "spe": 81}, "stats": {"hp": 270, "atk": 265, "def": 175, "spa": 184, "spd": 217, "spe": 178}, "types": ["Bug", "Fighting"]}, "Braviary": {"name": "Braviary", "species": "Braviary-Hisui", "speciesId": "braviaryhisui", "gender": "M", "shiny": false, "level": 85, "moves": ["hurricane", "defog", "roost", "esperwing"], "ability": "Tinted Lens", "evs": {"hp": 85, "atk": 0, "def": 85, "spa": 85, "spd": 85, "spe": 85}, "ivs": {"hp": 31, "atk": 0, "def": 31, "spa": 31, "spd": 31, "spe": 31}, "item": "Heavy-Duty Boots", "teraType": "Steel", "role": "Bulky Attacker", "bvs": {"hp": 110, "atk": 83, "def": 70, "spa": 112, "spd": 70, "spe": 65}, "stats": {"hp": 326, "atk": 146, "def": 168, "spa": 239, "spd": 168, "spe": 159}, "types": ["Psychic", "Flying"]}}]}