{"id": "gen9randombattle-2642109967", "format": "[Gen 9] Random Battle", "players": ["discotetis", "test x343"], "log": "|j|\u2606discotetis\n|j|\u2606test x343\n|t:|1782892054\n|gametype|singles\n|player|p1|discotetis|170|1801\n|player|p2|test x343|170|1763\n|gen|9\n|tier|[Gen 9] Random Battle\n|rated|\n|rule|Species Clause: Limit one of each Pok\u00e9mon\n|rule|HP Percentage Mod: HP is shown in percentages\n|rule|Sleep Clause Mod: Limit one foe put to sleep\n|rule|Illusion Level Mod: Illusion disguises the Pok\u00e9mon's true level\n|\n|t:|1782892054\n|teamsize|p1|6\n|teamsize|p2|6\n|start\n|switch|p1a: Bellibolt|Bellibolt, L84, M|320/320\n|switch|p2a: Groudon|Groudon, L72|263/263\n|-weather|SunnyDay|[from] ability: Drought|[of] p2a: Groudon\n|turn|1\n|\n|t:|1782892063\n|move|p2a: Groudon|Stealth Rock|p1a: Bellibolt\n|-sidestart|p1: discotetis|move: Stealth Rock\n|move|p1a: Bellibolt|Muddy Water|p2a: Groudon\n|-supereffective|p2a: Groudon\n|-damage|p2a: Groudon|183/263\n|-unboost|p2a: Groudon|accuracy|1\n|\n|-weather|SunnyDay|[upkeep]\n|-heal|p2a: Groudon|199/263|[from] item: Leftovers\n|upkeep\n|turn|2\n|inactive|Battle timer is ON: inactive players will automatically lose when time's up. (requested by discotetis)\n|\n|t:|1782892077\n|switch|p1a: Kyogre|Kyogre, L71|259/259\n|-damage|p1a: Kyogre|227/259|[from] Stealth Rock\n|-weather|RainDance|[from] ability: Drizzle|[of] p1a: Kyogre\n|move|p2a: Groudon|Precipice Blades|p1a: Kyogre\n|-damage|p1a: Kyogre|82/259\n|\n|-weather|RainDance|[upkeep]\n|-heal|p2a: Groudon|215/263|[from] item: Leftovers\n|-heal|p1a: Kyogre|98/259|[from] item: Leftovers\n|upkeep\n|turn|3\n|\n|t:|1782892095\n|switch|p2a: Dewgong|Dewgong, L94, F|322/322\n|move|p1a: Kyogre|Origin Pulse|p2a: Dewgong|[miss]\n|-miss|p1a: Kyogre|p2a: Dewgong\n|\n|-weather|RainDance|[upkeep]\n|-heal|p1a: Kyogre|114/259|[from] item: Leftovers\n|upkeep\n|turn|4\n|\n|t:|1782892103\n|move|p2a: Dewgong|Flip Turn|p1a: Kyogre\n|-resisted|p1a: Kyogre\n|-damage|p1a: Kyogre|58/259\n|\n|t:|1782892105\n|switch|p2a: Jolteon|Jolteon, L84, F|246/246|[from] Flip Turn\n|move|p1a: Kyogre|Thunder|p2a: Jolteon\n|-immune|p2a: Jolteon|[from] ability: Volt Absorb\n|\n|-weather|RainDance|[upkeep]\n|-heal|p1a: Kyogre|74/259|[from] item: Leftovers\n|upkeep\n|turn|5\n|\n|t:|1782892117\n|switch|p1a: Raichu|Raichu, L88, M|249/249\n|-damage|p1a: Raichu|218/249|[from] Stealth Rock\n|move|p2a: Jolteon|Alluring Voice|p1a: Raichu\n|-damage|p1a: Raichu|134/249\n|-damage|p2a: Jolteon|222/246|[from] item: Life Orb\n|\n|-weather|RainDance|[upkeep]\n|upkeep\n|turn|6\n|\n|t:|1782892139\n|switch|p2a: Dewgong|Dewgong, L94, F|322/322\n|move|p1a: Raichu|Surf|p2a: Dewgong\n|-resisted|p2a: Dewgong\n|-damage|p2a: Dewgong|283/322\n|-damage|p1a: Raichu|110/249|[from] item: Life Orb\n|\n|-weather|none\n|upkeep\n|turn|7\n|\n|t:|1782892154\n|switch|p1a: Bellibolt|Bellibolt, L84, M|320/320\n|-damage|p1a: Bellibolt|280/320|[from] Stealth Rock\n|switch|p2a: Groudon|Groudon, L72|215/263\n|-weather|SunnyDay|[from] ability: Drought|[of] p2a: Groudon\n|\n|-weather|SunnyDay|[upkeep]\n|-heal|p2a: Groudon|231/263|[from] item: Leftovers\n|-heal|p1a: Bellibolt|300/320|[from] item: Leftovers\n|upkeep\n|turn|8\n|l|\u2606test x343\n|inactive|test x343 disconnected and has a minute to reconnect!\n|player|p2|\n|j|\u2606test x343\n|inactive|test x343 reconnected and has 120 seconds left.\n|player|p2|test x343|170|\n|\n|t:|1782892189\n|switch|p1a: Azelf|Azelf, L82|257/257\n|-damage|p1a: Azelf|225/257|[from] Stealth Rock\n|move|p2a: Groudon|Precipice Blades|p1a: Azelf\n|-immune|p1a: Azelf|[from] ability: Levitate\n|\n|-weather|SunnyDay|[upkeep]\n|-heal|p2a: Groudon|247/263|[from] item: Leftovers\n|upkeep\n|turn|9\n|inactive|discotetis has 120 seconds left.\n|\n|t:|1782892224\n|switch|p2a: Banette|Banette, L93, F|270/270\n|move|p1a: Azelf|Psychic|p2a: Banette\n|-damage|p2a: Banette|78/270\n|\n|-weather|SunnyDay|[upkeep]\n|upkeep\n|turn|10\n|inactive|discotetis has 120 seconds left.\n|\n|t:|1782892233\n|move|p2a: Banette|Shadow Sneak|p1a: Azelf\n|-supereffective|p1a: Azelf\n|-damage|p1a: Azelf|27/257\n|-damage|p2a: Banette|51/270|[from] item: Life Orb\n|move|p1a: Azelf|Psychic|p2a: Banette\n|-damage|p2a: Banette|0 fnt\n|-start|p1a: Azelf|Disable|Psychic|[from] ability: Cursed Body|[of] p2a: Banette\n|faint|p2a: Banette\n|\n|-weather|SunnyDay|[upkeep]\n|upkeep\n|\n|t:|1782892240\n|switch|p2a: Jolteon|Jolteon, L84, F|222/246\n|turn|11\n|inactive|discotetis has 120 seconds left.\n|\n|t:|1782892255\n|switch|p1a: Bellibolt|Bellibolt, L84, M|300/320\n|-damage|p1a: Bellibolt|260/320|[from] Stealth Rock\n|move|p2a: Jolteon|Calm Mind|p2a: Jolteon\n|-boost|p2a: Jolteon|spa|1\n|-boost|p2a: Jolteon|spd|1\n|\n|-weather|none\n|-heal|p1a: Bellibolt|280/320|[from] item: Leftovers\n|upkeep\n|turn|12\n|\n|t:|1782892278\n|move|p2a: Jolteon|Alluring Voice|p1a: Bellibolt\n|-damage|p1a: Bellibolt|147/320\n|-start|p1a: Bellibolt|Charge|Alluring Voice|[from] ability: Electromorphosis\n|-damage|p2a: Jolteon|198/246|[from] item: Life Orb\n|move|p1a: Bellibolt|Muddy Water|p2a: Jolteon\n|-damage|p2a: Jolteon|158/246\n|-unboost|p2a: Jolteon|accuracy|1\n|\n|-heal|p1a: Bellibolt|167/320|[from] item: Leftovers\n|upkeep\n|turn|13\n|inactive|discotetis has 120 seconds left.\n|\n|t:|1782892323\n|move|p2a: Jolteon|Calm Mind|p2a: Jolteon\n|-boost|p2a: Jolteon|spa|1\n|-boost|p2a: Jolteon|spd|1\n|move|p1a: Bellibolt|Slack Off|p1a: Bellibolt\n|-heal|p1a: Bellibolt|320/320\n|\n|upkeep\n|turn|14\n|\n|t:|1782892329\n|move|p2a: Jolteon|Alluring Voice|p1a: Bellibolt\n|-damage|p1a: Bellibolt|150/320\n|-start|p1a: Bellibolt|Charge|Alluring Voice|[from] ability: Electromorphosis\n|-damage|p2a: Jolteon|134/246|[from] item: Life Orb\n|move|p1a: Bellibolt|Toxic|p2a: Jolteon\n|-status|p2a: Jolteon|tox\n|\n|-heal|p1a: Bellibolt|170/320|[from] item: Leftovers\n|-damage|p2a: Jolteon|119/246 tox|[from] psn\n|upkeep\n|turn|15\n|\n|t:|1782892339\n|-terastallize|p2a: Jolteon|Fairy\n|move|p2a: Jolteon|Alluring Voice|p1a: Bellibolt\n|-damage|p1a: Bellibolt|0 fnt\n|faint|p1a: Bellibolt\n|-damage|p2a: Jolteon|95/246 tox|[from] item: Life Orb\n|\n|-damage|p2a: Jolteon|65/246 tox|[from] psn\n|upkeep\n|\n|t:|1782892349\n|switch|p1a: Scream Tail|Scream Tail, L84|330/330\n|-damage|p1a: Scream Tail|289/330|[from] Stealth Rock\n|turn|16\n|\n|t:|1782892355\n|move|p2a: Jolteon|Alluring Voice|p1a: Scream Tail\n|-damage|p1a: Scream Tail|78/330\n|-damage|p2a: Jolteon|41/246 tox|[from] item: Life Orb\n|move|p1a: Scream Tail|Wish|p1a: Scream Tail\n|\n|-heal|p1a: Scream Tail|98/330|[from] item: Leftovers\n|-damage|p2a: Jolteon|0 fnt|[from] psn\n|faint|p2a: Jolteon\n|upkeep\n|\n|t:|1782892360\n|switch|p2a: Groudon|Groudon, L72|247/263\n|-weather|SunnyDay|[from] ability: Drought|[of] p2a: Groudon\n|-activate|p1a: Scream Tail|ability: Protosynthesis\n|-start|p1a: Scream Tail|protosynthesisspd\n|turn|17\n|inactive|discotetis has 120 seconds left.\n|\n|t:|1782892369\n|move|p1a: Scream Tail|Protect|p1a: Scream Tail\n|-singleturn|p1a: Scream Tail|Protect\n|move|p2a: Groudon|Precipice Blades|p1a: Scream Tail\n|-activate|p1a: Scream Tail|move: Protect\n|\n|-weather|SunnyDay|[upkeep]\n|-heal|p1a: Scream Tail|263/330|[from] move: Wish|[wisher] Scream Tail\n|-heal|p1a: Scream Tail|283/330|[from] item: Leftovers\n|-heal|p2a: Groudon|263/263|[from] item: Leftovers\n|upkeep\n|turn|18\n|\n|t:|1782892391\n|move|p1a: Scream Tail|Wish|p1a: Scream Tail\n|move|p2a: Groudon|Precipice Blades|p1a: Scream Tail|[miss]\n|-miss|p2a: Groudon|p1a: Scream Tail\n|\n|-weather|SunnyDay|[upkeep]\n|-heal|p1a: Scream Tail|303/330|[from] item: Leftovers\n|upkeep\n|turn|19\n|\n|t:|1782892408\n|move|p1a: Scream Tail|Play Rough|p2a: Groudon\n|-damage|p2a: Groudon|202/263\n|-unboost|p2a: Groudon|atk|1\n|move|p2a: Groudon|Precipice Blades|p1a: Scream Tail\n|-damage|p1a: Scream Tail|224/330\n|\n|-weather|SunnyDay|[upkeep]\n|-heal|p1a: Scream Tail|330/330|[from] move: Wish|[wisher] Scream Tail\n|-heal|p2a: Groudon|218/263|[from] item: Leftovers\n|upkeep\n|turn|20\n|\n|t:|1782892418\n|switch|p2a: Dewgong|Dewgong, L94, F|283/322\n|move|p1a: Scream Tail|Play Rough|p2a: Dewgong\n|-damage|p2a: Dewgong|213/322\n|-unboost|p2a: Dewgong|atk|1\n|\n|-weather|SunnyDay|[upkeep]\n|upkeep\n|turn|21\n|\n|t:|1782892434\n|move|p1a: Scream Tail|Play Rough|p2a: Dewgong\n|-damage|p2a: Dewgong|140/322\n|-unboost|p2a: Dewgong|atk|1\n|move|p2a: Dewgong|Knock Off|p1a: Scream Tail\n|-damage|p1a: Scream Tail|301/330\n|-enditem|p1a: Scream Tail|Leftovers|[from] move: Knock Off|[of] p2a: Dewgong\n|\n|-weather|none\n|-end|p1a: Scream Tail|Protosynthesis\n|upkeep\n|turn|22\n|\n|t:|1782892443\n|move|p1a: Scream Tail|Thunder Wave|p2a: Dewgong\n|-status|p2a: Dewgong|par\n|move|p2a: Dewgong|Flip Turn|p1a: Scream Tail\n|-damage|p1a: Scream Tail|274/330\n|\n|t:|1782892446\n|switch|p2a: Groudon|Groudon, L72|218/263|[from] Flip Turn\n|-weather|SunnyDay|[from] ability: Drought|[of] p2a: Groudon\n|-activate|p1a: Scream Tail|ability: Protosynthesis\n|-start|p1a: Scream Tail|protosynthesisspd\n|\n|-weather|SunnyDay|[upkeep]\n|-heal|p2a: Groudon|234/263|[from] item: Leftovers\n|upkeep\n|turn|23\n|\n|t:|1782892466\n|move|p1a: Scream Tail|Play Rough|p2a: Groudon\n|-damage|p2a: Groudon|176/263\n|move|p2a: Groudon|Precipice Blades|p1a: Scream Tail\n|-damage|p1a: Scream Tail|153/330\n|\n|-weather|SunnyDay|[upkeep]\n|-heal|p2a: Groudon|192/263|[from] item: Leftovers\n|upkeep\n|turn|24\n|\n|t:|1782892475\n|move|p1a: Scream Tail|Wish|p1a: Scream Tail\n|move|p2a: Groudon|Precipice Blades|p1a: Scream Tail\n|-damage|p1a: Scream Tail|33/330\n|\n|-weather|SunnyDay|[upkeep]\n|-heal|p2a: Groudon|208/263|[from] item: Leftovers\n|upkeep\n|turn|25\n|\n|t:|1782892483\n|switch|p2a: Moltres|Moltres, L81|278/278\n|move|p1a: Scream Tail|Protect||[still]\n|-fail|p1a: Scream Tail\n|\n|-weather|SunnyDay|[upkeep]\n|-heal|p1a: Scream Tail|198/330|[from] move: Wish|[wisher] Scream Tail\n|upkeep\n|turn|26\n|\n|t:|1782892491\n|switch|p2a: Groudon|Groudon, L72|208/263\n|move|p1a: Scream Tail|Wish|p1a: Scream Tail\n|\n|-weather|none\n|-end|p1a: Scream Tail|Protosynthesis\n|-heal|p2a: Groudon|224/263|[from] item: Leftovers\n|upkeep\n|turn|27\n|\n|t:|1782892515\n|move|p1a: Scream Tail|Play Rough|p2a: Groudon\n|-damage|p2a: Groudon|172/263\n|move|p2a: Groudon|Precipice Blades|p1a: Scream Tail\n|-damage|p1a: Scream Tail|75/330\n|\n|-heal|p1a: Scream Tail|240/330|[from] move: Wish|[wisher] Scream Tail\n|-heal|p2a: Groudon|188/263|[from] item: Leftovers\n|upkeep\n|turn|28\n|\n|t:|1782892523\n|move|p1a: Scream Tail|Play Rough|p2a: Groudon\n|-damage|p2a: Groudon|134/263\n|move|p2a: Groudon|Precipice Blades|p1a: Scream Tail\n|-damage|p1a: Scream Tail|120/330\n|\n|-heal|p2a: Groudon|150/263|[from] item: Leftovers\n|upkeep\n|turn|29\n|\n|t:|1782892531\n|move|p1a: Scream Tail|Wish|p1a: Scream Tail\n|move|p2a: Groudon|Heat Crash|p1a: Scream Tail\n|-damage|p1a: Scream Tail|37/330\n|\n|-heal|p2a: Groudon|166/263|[from] item: Leftovers\n|upkeep\n|turn|30\n|\n|t:|1782892536\n|move|p1a: Scream Tail|Protect|p1a: Scream Tail\n|-singleturn|p1a: Scream Tail|Protect\n|move|p2a: Groudon|Stone Edge|p1a: Scream Tail\n|-activate|p1a: Scream Tail|move: Protect\n|\n|-heal|p1a: Scream Tail|202/330|[from] move: Wish|[wisher] Scream Tail\n|-heal|p2a: Groudon|182/263|[from] item: Leftovers\n|upkeep\n|turn|31\n|\n|t:|1782892545\n|move|p1a: Scream Tail|Wish|p1a: Scream Tail\n|move|p2a: Groudon|Precipice Blades|p1a: Scream Tail\n|-damage|p1a: Scream Tail|82/330\n|\n|-heal|p2a: Groudon|198/263|[from] item: Leftovers\n|upkeep\n|turn|32\n|inactive|test x343 has 120 seconds left.\n|\n|t:|1782892575\n|move|p1a: Scream Tail|Protect|p1a: Scream Tail\n|-singleturn|p1a: Scream Tail|Protect\n|move|p2a: Groudon|Precipice Blades|p1a: Scream Tail\n|-activate|p1a: Scream Tail|move: Protect\n|\n|-heal|p1a: Scream Tail|247/330|[from] move: Wish|[wisher] Scream Tail\n|-heal|p2a: Groudon|214/263|[from] item: Leftovers\n|upkeep\n|turn|33\n|\n|t:|1782892583\n|move|p1a: Scream Tail|Play Rough|p2a: Groudon\n|-damage|p2a: Groudon|160/263\n|move|p2a: Groudon|Precipice Blades|p1a: Scream Tail|[miss]\n|-miss|p2a: Groudon|p1a: Scream Tail\n|\n|-heal|p2a: Groudon|176/263|[from] item: Leftovers\n|upkeep\n|turn|34\n|inactive|test x343 has 120 seconds left.\n|\n|t:|1782892606\n|move|p1a: Scream Tail|Play Rough|p2a: Groudon\n|-damage|p2a: Groudon|115/263\n|-unboost|p2a: Groudon|atk|1\n|move|p2a: Groudon|Precipice Blades|p1a: Scream Tail|[miss]\n|-miss|p2a: Groudon|p1a: Scream Tail\n|\n|-heal|p2a: Groudon|131/263|[from] item: Leftovers\n|upkeep\n|turn|35\n|\n|t:|1782892614\n|switch|p2a: Moltres|Moltres, L81|278/278\n|move|p1a: Scream Tail|Wish|p1a: Scream Tail\n|\n|upkeep\n|turn|36\n|\n|t:|1782892622\n|-end|p1a: Scream Tail|Protosynthesis|[silent]\n|switch|p1a: Kyogre|Kyogre, L71|74/259\n|-damage|p1a: Kyogre|42/259|[from] Stealth Rock\n|-weather|RainDance|[from] ability: Drizzle|[of] p1a: Kyogre\n|switch|p2a: Groudon|Groudon, L72|131/263\n|-weather|SunnyDay|[from] ability: Drought|[of] p2a: Groudon\n|\n|-weather|SunnyDay|[upkeep]\n|-heal|p1a: Kyogre|207/259|[from] move: Wish|[wisher] Scream Tail\n|-heal|p2a: Groudon|147/263|[from] item: Leftovers\n|-heal|p1a: Kyogre|223/259|[from] item: Leftovers\n|upkeep\n|turn|37\n|\n|t:|1782892641\n|switch|p2a: Dewgong|Dewgong, L94, F|140/322 par\n|move|p1a: Kyogre|Ice Beam|p2a: Dewgong\n|-resisted|p2a: Dewgong\n|-crit|p2a: Dewgong\n|-damage|p2a: Dewgong|133/322 par\n|\n|-weather|SunnyDay|[upkeep]\n|-heal|p1a: Kyogre|239/259|[from] item: Leftovers\n|upkeep\n|turn|38\n|inactive|discotetis has 120 seconds left.\n|\n|t:|1782892669\n|move|p1a: Kyogre|Calm Mind|p1a: Kyogre\n|-boost|p1a: Kyogre|spa|1\n|-boost|p1a: Kyogre|spd|1\n|move|p2a: Dewgong|Knock Off|p1a: Kyogre\n|-damage|p1a: Kyogre|164/259\n|-enditem|p1a: Kyogre|Leftovers|[from] move: Knock Off|[of] p2a: Dewgong\n|\n|-weather|SunnyDay|[upkeep]\n|upkeep\n|turn|39\n|\n|t:|1782892676\n|move|p1a: Kyogre|Thunder|p2a: Dewgong\n|-supereffective|p2a: Dewgong\n|-damage|p2a: Dewgong|0 fnt\n|faint|p2a: Dewgong\n|\n|-weather|SunnyDay|[upkeep]\n|upkeep\n|\n|t:|1782892685\n|switch|p2a: Baxcalibur|Baxcalibur, L75, M|296/296\n|turn|40\n|\n|t:|1782892696\n|move|p2a: Baxcalibur|Dragon Dance|p2a: Baxcalibur\n|-boost|p2a: Baxcalibur|atk|1\n|-boost|p2a: Baxcalibur|spe|1\n|move|p1a: Kyogre|Ice Beam|p2a: Baxcalibur\n|-damage|p2a: Baxcalibur|178/296\n|\n|-weather|none\n|upkeep\n|turn|41\n|\n|t:|1782892704\n|move|p2a: Baxcalibur|Dragon Dance|p2a: Baxcalibur\n|-boost|p2a: Baxcalibur|atk|1\n|-boost|p2a: Baxcalibur|spe|1\n|move|p1a: Kyogre|Ice Beam|p2a: Baxcalibur\n|-damage|p2a: Baxcalibur|62/296\n|\n|upkeep\n|turn|42\n|\n|t:|1782892717\n|-terastallize|p1a: Kyogre|Steel\n|move|p2a: Baxcalibur|Glaive Rush|p1a: Kyogre\n|-resisted|p1a: Kyogre\n|-crit|p1a: Kyogre\n|-damage|p1a: Kyogre|0 fnt\n|-singlemove|p2a: Baxcalibur|Glaive Rush|[silent]\n|faint|p1a: Kyogre\n|\n|upkeep\n|\n|t:|1782892724\n|switch|p1a: Kingambit|Kingambit, L74, F|270/270\n|-damage|p1a: Kingambit|254/270|[from] Stealth Rock\n|-activate|p1a: Kingambit|ability: Supreme Overlord\n|-start|p1a: Kingambit|fallen2|[silent]\n|turn|43\n|\n|t:|1782892730\n|move|p2a: Baxcalibur|Dragon Dance|p2a: Baxcalibur\n|-boost|p2a: Baxcalibur|atk|1\n|-boost|p2a: Baxcalibur|spe|1\n|move|p1a: Kingambit|Iron Head|p2a: Baxcalibur\n|-supereffective|p2a: Baxcalibur\n|-damage|p2a: Baxcalibur|0 fnt\n|faint|p2a: Baxcalibur\n|\n|-heal|p1a: Kingambit|270/270|[from] item: Leftovers\n|upkeep\n|\n|t:|1782892738\n|switch|p2a: Moltres|Moltres, L81|278/278\n|turn|44\n|\n|t:|1782892742\n|-end|p1a: Kingambit|fallen2|[silent]\n|switch|p1a: Azelf|Azelf, L82|27/257\n|-damage|p1a: Azelf|0 fnt|[from] Stealth Rock\n|faint|p1a: Azelf\n|move|p2a: Moltres|Fire Blast|p1: Azelf|[notarget]\n|-fail|p2a: Moltres\n|\n|upkeep\n|\n|t:|1782892752\n|switch|p1a: Raichu|Raichu, L88, M|110/249\n|-damage|p1a: Raichu|79/249|[from] Stealth Rock\n|turn|45\n|\n|t:|1782892761\n|move|p1a: Raichu|Surf|p2a: Moltres\n|-supereffective|p2a: Moltres\n|-damage|p2a: Moltres|86/278\n|-damage|p1a: Raichu|55/249|[from] item: Life Orb\n|move|p2a: Moltres|Scorching Sands|p1a: Raichu\n|-supereffective|p1a: Raichu\n|-damage|p1a: Raichu|0 fnt\n|faint|p1a: Raichu\n|\n|upkeep\n|\n|t:|1782892775\n|switch|p1a: Kingambit|Kingambit, L74, F|270/270\n|-damage|p1a: Kingambit|254/270|[from] Stealth Rock\n|-activate|p1a: Kingambit|ability: Supreme Overlord\n|-start|p1a: Kingambit|fallen4|[silent]\n|turn|46\n|\n|t:|1782892785\n|switch|p2a: Groudon|Groudon, L72|147/263\n|-weather|SunnyDay|[from] ability: Drought|[of] p2a: Groudon\n|move|p1a: Kingambit|Sucker Punch||[still]\n|-fail|p1a: Kingambit\n|\n|-weather|SunnyDay|[upkeep]\n|-heal|p2a: Groudon|163/263|[from] item: Leftovers\n|-heal|p1a: Kingambit|270/270|[from] item: Leftovers\n|upkeep\n|turn|47\n|\n|t:|1782892793\n|move|p1a: Kingambit|Sucker Punch|p2a: Groudon\n|-damage|p2a: Groudon|82/263\n|move|p2a: Groudon|Heat Crash|p1a: Kingambit\n|-supereffective|p1a: Kingambit\n|-damage|p1a: Kingambit|24/270\n|\n|-weather|SunnyDay|[upkeep]\n|-heal|p2a: Groudon|98/263|[from] item: Leftovers\n|-heal|p1a: Kingambit|40/270|[from] item: Leftovers\n|upkeep\n|turn|48\n|\n|t:|1782892802\n|-end|p1a: Kingambit|fallen4|[silent]\n|switch|p1a: Scream Tail|Scream Tail, L84|247/330\n|-damage|p1a: Scream Tail|206/330|[from] Stealth Rock\n|-activate|p1a: Scream Tail|ability: Protosynthesis\n|-start|p1a: Scream Tail|protosynthesisspd\n|move|p2a: Groudon|Precipice Blades|p1a: Scream Tail\n|-damage|p1a: Scream Tail|79/330\n|\n|-weather|SunnyDay|[upkeep]\n|-heal|p2a: Groudon|114/263|[from] item: Leftovers\n|upkeep\n|turn|49\n|-message|discotetis forfeited.\n|\n|win|test x343\n|raw|discotetis's rating: 1801 &rarr; <strong>1777</strong><br />(-24 for losing)\n|raw|test x343's rating: 1739 &rarr; <strong>1763</strong><br />(+24 for winning)\n|l|\u2606discotetis\n|player|p1|\n", "inputlog": ">version f8ac14003a5f27e1bdc8d8c59608a773c1cb96e5\n>start {\"formatid\":\"gen9randombattle\",\"seed\":\"sodium,6ce980cc8902a95697499ca2cc5497c9\",\"rated\":\"Rated battle\"}\n>player p1 {\"name\":\"discotetis\",\"avatar\":\"170\",\"rating\":1801,\"seed\":\"sodium,5887b4d57f2be6dfc53a8f562990a604\"}\n>player p2 {\"name\":\"test x343\",\"avatar\":\"170\",\"rating\":1763,\"seed\":\"sodium,5908d122191933c7ef0bc77cbf9ffef8\"}\n>p1 move muddywater\n>p2 move stealthrock\n>p1 switch 6\n>p2 move precipiceblades\n>p1 move originpulse\n>p2 switch 4\n>p1 move thunder\n>p2 move flipturn\n>p2 switch 5\n>p1 switch 4\n>p2 move alluringvoice\n>p1 move surf\n>p2 switch 5\n>p1 switch 6\n>p2 switch 4\n>p1 switch 3\n>p2 move precipiceblades\n>p1 move psychic\n>p2 switch 3\n>p1 move psychic\n>p2 move shadowsneak\n>p2 switch 5\n>p1 switch 3\n>p2 move calmmind\n>p1 move muddywater\n>p2 move alluringvoice\n>p1 move slackoff\n>p2 move calmmind\n>p1 move toxic\n>p2 move alluringvoice\n>p1 move slackoff\n>p2 move alluringvoice terastallize\n>p1 switch 2\n>p1 move wish\n>p2 move alluringvoice\n>p2 switch 3\n>p1 move protect\n>p2 move precipiceblades\n>p1 move wish\n>p2 move precipiceblades\n>p1 move playrough\n>p2 move precipiceblades\n>p1 move playrough\n>p2 switch 4\n>p1 move playrough\n>p2 move knockoff\n>p1 move thunderwave\n>p2 move flipturn\n>p2 switch 4\n>p1 move playrough\n>p2 move precipiceblades\n>p1 move wish\n>p2 move precipiceblades\n>p1 move protect\n>p2 switch 6\n>p1 move wish\n>p2 switch 6\n>p1 move playrough\n>p2 move precipiceblades\n>p1 move playrough\n>p2 move precipiceblades\n>p1 move wish\n>p2 move heatcrash\n>p1 move protect\n>p2 move stoneedge\n>p1 move wish\n>p2 move precipiceblades\n>p1 move protect\n>p2 move precipiceblades\n>p1 move playrough\n>p2 move precipiceblades\n>p1 move playrough\n>p2 move precipiceblades\n>p1 move wish\n>p2 switch 6\n>p1 switch 4\n>p2 switch 6\n>p1 move icebeam\n>p2 switch 4\n>p1 move calmmind\n>p2 move knockoff\n>p1 move thunder\n>p2 move flipturn\n>p2 switch 2\n>p1 move icebeam\n>p2 move dragondance\n>p1 move icebeam\n>p2 move dragondance\n>p1 move icebeam terastallize\n>p2 move glaiverush\n>p1 switch 5\n>p1 move ironhead\n>p2 move dragondance\n>p2 switch 6\n>p1 switch 3\n>p2 move fireblast\n>p1 switch 6\n>p1 move surf\n>p2 move scorchingsands\n>p1 switch 3\n>p1 move suckerpunch\n>p2 switch 4\n>p1 move suckerpunch\n>p2 move heatcrash\n>p1 switch 4\n>p2 move precipiceblades\n>forcelose p1", "uploadtime": 1782892822, "views": 3, "formatid": "gen9randombattle", "rating": 1763, "private": 0, "password": null, "player_dets": [{"name": "discotetis", "avatar": "170", "rating": 1801, "seed": "sodium,5887b4d57f2be6dfc53a8f562990a604"}, {"name": "test x343", "avatar": "170", "rating": 1763, "seed": "sodium,5908d122191933c7ef0bc77cbf9ffef8"}], "teams_full": [{"Bellibolt": {"name": "Bellibolt", "species": "Bellibolt", "speciesId": "bellibolt", "gender": "M", "shiny": false, "level": 84, "moves": ["thunderbolt", "toxic", "slackoff", "muddywater"], "ability": "Electromorphosis", "evs": {"hp": 85, "atk": 0, "def": 85, "spa": 85, "spd": 85, "spe": 85}, "ivs": {"hp": 31, "atk": 0, "def": 31, "spa": 31, "spd": 31, "spe": 31}, "item": "Leftovers", "teraType": "Water", "role": "Bulky Attacker", "bvs": {"hp": 109, "atk": 64, "def": 91, "spa": 103, "spd": 83, "spe": 45}, "stats": {"hp": 320, "atk": 112, "def": 201, "spa": 221, "spd": 188, "spe": 124}, "types": ["Electric"]}, "Scream Tail": {"name": "Scream Tail", "species": "Scream Tail", "speciesId": "screamtail", "gender": "N", "shiny": false, "level": 84, "moves": ["thunderwave", "protect", "wish", "playrough"], "ability": "Protosynthesis", "evs": {"hp": 85, "atk": 85, "def": 85, "spa": 85, "spd": 85, "spe": 85}, "ivs": {"hp": 31, "atk": 31, "def": 31, "spa": 31, "spd": 31, "spe": 31}, "item": "Leftovers", "teraType": "Poison", "role": "Bulky Support", "bvs": {"hp": 115, "atk": 65, "def": 99, "spa": 65, "spd": 115, "spe": 111}, "stats": {"hp": 330, "atk": 157, "def": 215, "spa": 157, "spd": 241, "spe": 235}, "types": ["Fairy", "Psychic"]}, "Azelf": {"name": "Azelf", "species": "Azelf", "speciesId": "azelf", "gender": "N", "shiny": false, "level": 82, "moves": ["fireblast", "psychic", "dazzlinggleam", "uturn"], "ability": "Levitate", "evs": {"hp": 85, "atk": 85, "def": 85, "spa": 85, "spd": 85, "spe": 85}, "ivs": {"hp": 31, "atk": 31, "def": 31, "spa": 31, "spd": 31, "spe": 31}, "item": "Choice Specs", "teraType": "Psychic", "role": "Fast Attacker", "bvs": {"hp": 75, "atk": 125, "def": 70, "spa": 125, "spd": 70, "spe": 115}, "stats": {"hp": 257, "atk": 252, "def": 162, "spa": 252, "spd": 162, "spe": 236}, "types": ["Psychic"]}, "Raichu": {"name": "Raichu", "species": "Raichu", "speciesId": "raichu", "gender": "M", "shiny": false, "level": 88, "moves": ["grassknot", "thunderbolt", "surf", "nastyplot"], "ability": "Lightning Rod", "evs": {"hp": 85, "atk": 0, "def": 85, "spa": 85, "spd": 85, "spe": 85}, "ivs": {"hp": 31, "atk": 0, "def": 31, "spa": 31, "spd": 31, "spe": 31}, "item": "Life Orb", "teraType": "Grass", "role": "Fast Support", "bvs": {"hp": 60, "atk": 90, "def": 55, "spa": 90, "spd": 80, "spe": 110}, "stats": {"hp": 249, "atk": 163, "def": 147, "spa": 209, "spd": 191, "spe": 244}, "types": ["Electric"]}, "Kingambit": {"name": "Kingambit", "species": "Kingambit", "speciesId": "kingambit", "gender": "F", "shiny": false, "level": 74, "moves": ["kowtowcleave", "suckerpunch", "swordsdance", "ironhead"], "ability": "Supreme Overlord", "evs": {"hp": 85, "atk": 85, "def": 85, "spa": 85, "spd": 85, "spe": 85}, "ivs": {"hp": 31, "atk": 31, "def": 31, "spa": 31, "spd": 31, "spe": 31}, "item": "Leftovers", "teraType": "Flying", "role": "Bulky Attacker", "bvs": {"hp": 100, "atk": 135, "def": 120, "spa": 60, "spd": 85, "spe": 50}, "stats": {"hp": 270, "atk": 243, "def": 221, "spa": 132, "spd": 169, "spe": 117}, "types": ["Dark", "Steel"]}, "Kyogre": {"name": "Kyogre", "species": "Kyogre", "speciesId": "kyogre", "gender": "N", "shiny": false, "level": 71, "moves": ["originpulse", "icebeam", "thunder", "calmmind"], "ability": "Drizzle", "evs": {"hp": 85, "atk": 0, "def": 85, "spa": 85, "spd": 85, "spe": 85}, "ivs": {"hp": 31, "atk": 0, "def": 31, "spa": 31, "spd": 31, "spe": 31}, "item": "Leftovers", "teraType": "Steel", "role": "Bulky Setup", "bvs": {"hp": 100, "atk": 100, "def": 90, "spa": 150, "spd": 140, "spe": 90}, "stats": {"hp": 259, "atk": 147, "def": 169, "spa": 254, "spd": 240, "spe": 169}, "types": ["Water"]}}, {"Groudon": {"name": "Groudon", "species": "Groudon", "speciesId": "groudon", "gender": "N", "shiny": false, "level": 72, "moves": ["precipiceblades", "heatcrash", "stealthrock", "stoneedge"], "ability": "Drought", "evs": {"hp": 85, "atk": 85, "def": 85, "spa": 85, "spd": 85, "spe": 85}, "ivs": {"hp": 31, "atk": 31, "def": 31, "spa": 31, "spd": 31, "spe": 31}, "item": "Leftovers", "teraType": "Fire", "role": "Bulky Attacker", "bvs": {"hp": 100, "atk": 150, "def": 140, "spa": 100, "spd": 90, "spe": 90}, "stats": {"hp": 263, "atk": 258, "def": 244, "spa": 186, "spd": 172, "spe": 172}, "types": ["Ground"]}, "Baxcalibur": {"name": "Baxcalibur", "species": "Baxcalibur", "speciesId": "baxcalibur", "gender": "M", "shiny": false, "level": 75, "moves": ["earthquake", "dragondance", "glaiverush", "iciclecrash"], "ability": "Thermal Exchange", "evs": {"hp": 85, "atk": 85, "def": 85, "spa": 85, "spd": 85, "spe": 85}, "ivs": {"hp": 31, "atk": 31, "def": 31, "spa": 31, "spd": 31, "spe": 31}, "item": "Heavy-Duty Boots", "teraType": "Dragon", "role": "Setup Sweeper", "bvs": {"hp": 115, "atk": 145, "def": 92, "spa": 75, "spd": 86, "spe": 87}, "stats": {"hp": 296, "atk": 261, "def": 182, "spa": 156, "spd": 173, "spe": 174}, "types": ["Dragon", "Ice"]}, "Banette": {"name": "Banette", "species": "Banette", "speciesId": "banette", "gender": "F", "shiny": false, "level": 93, "moves": ["poltergeist", "gunkshot", "swordsdance", "shadowsneak"], "ability": "Cursed Body", "evs": {"hp": 85, "atk": 85, "def": 85, "spa": 85, "spd": 85, "spe": 85}, "ivs": {"hp": 31, "atk": 31, "def": 31, "spa": 31, "spd": 31, "spe": 31}, "item": "Life Orb", "teraType": "Poison", "role": "Wallbreaker", "bvs": {"hp": 64, "atk": 115, "def": 65, "spa": 83, "spd": 63, "spe": 65}, "stats": {"hp": 270, "atk": 267, "def": 174, "spa": 207, "spd": 170, "spe": 174}, "types": ["Ghost"]}, "Dewgong": {"name": "Dewgong", "species": "Dewgong", "speciesId": "dewgong", "gender": "F", "shiny": false, "level": 94, "moves": ["icebeam", "knockoff", "flipturn", "hydropump"], "ability": "Thick Fat", "evs": {"hp": 85, "atk": 85, "def": 85, "spa": 85, "spd": 85, "spe": 85}, "ivs": {"hp": 31, "atk": 31, "def": 31, "spa": 31, "spd": 31, "spe": 31}, "item": "Assault Vest", "teraType": "Grass", "role": "Bulky Support", "bvs": {"hp": 90, "atk": 70, "def": 80, "spa": 70, "spd": 95, "spe": 70}, "stats": {"hp": 322, "atk": 185, "def": 204, "spa": 185, "spd": 232, "spe": 185}, "types": ["Water", "Ice"]}, "Jolteon": {"name": "Jolteon", "species": "Jolteon", "speciesId": "jolteon", "gender": "F", "shiny": false, "level": 84, "moves": ["shadowball", "thunderbolt", "alluringvoice", "calmmind"], "ability": "Volt Absorb", "evs": {"hp": 85, "atk": 0, "def": 85, "spa": 85, "spd": 85, "spe": 85}, "ivs": {"hp": 31, "atk": 0, "def": 31, "spa": 31, "spd": 31, "spe": 31}, "item": "Life Orb", "teraType": "Fairy", "role": "Fast Attacker", "bvs": {"hp": 65, "atk": 65, "def": 60, "spa": 110, "spd": 95, "spe": 130}, "stats": {"hp": 246, "atk": 114, "def": 149, "spa": 233, "spd": 208, "spe": 267}, "types": ["Electric"]}, "Moltres": {"name": "Moltres", "species": "Moltres", "speciesId": "moltres", "gender": "N", "shiny": false, "level": 81, "moves": ["scorchingsands", "roost", "bravebird", "fireblast"], "ability": "Flame Body", "evs": {"hp": 85, "atk": 85, "def": 85, "spa": 85, "spd": 85, "spe": 85}, "ivs": {"hp": 31, "atk": 31, "def": 31, "spa": 31, "spd": 31, "spe": 31}, "item": "Heavy-Duty Boots", "teraType": "Ground", "role": "Bulky Attacker", "bvs": {"hp": 90, "atk": 100, "def": 90, "spa": 125, "spd": 85, "spe": 90}, "stats": {"hp": 278, "atk": 209, "def": 192, "spa": 249, "spd": 184, "spe": 192}, "types": ["Fire", "Flying"]}}]}