{"id": "gen9randombattle-2642105262", "format": "[Gen 9] Random Battle", "players": ["hellc", "axou5"], "log": "|j|\u2606hellc\n|j|\u2606axou5\n|t:|1782891037\n|gametype|singles\n|player|p1|hellc|169|1732\n|player|p2|axou5|102|1762\n|gen|9\n|tier|[Gen 9] Random Battle\n|rated|\n|rule|Species Clause: Limit one of each Pok\u00e9mon\n|rule|HP Percentage Mod: HP is shown in percentages\n|rule|Sleep Clause Mod: Limit one foe put to sleep\n|rule|Illusion Level Mod: Illusion disguises the Pok\u00e9mon's true level\n|\n|t:|1782891037\n|teamsize|p1|6\n|teamsize|p2|6\n|start\n|switch|p1a: Comfey|Comfey, L85, F|225/225\n|switch|p2a: Gothitelle|Gothitelle, L90, M|272/272\n|turn|1\n|inactive|Battle timer is ON: inactive players will automatically lose when time's up. (requested by hellc)\n|\n|t:|1782891047\n|move|p1a: Comfey|Draining Kiss|p2a: Gothitelle\n|-damage|p2a: Gothitelle|230/272\n|move|p2a: Gothitelle|Trick|p1a: Comfey\n|-activate|p2a: Gothitelle|move: Trick|[of] p1a: Comfey\n|-item|p1a: Comfey|Choice Scarf|[from] move: Trick\n|-item|p2a: Gothitelle|Leftovers|[from] move: Trick\n|\n|-heal|p2a: Gothitelle|247/272|[from] item: Leftovers\n|upkeep\n|turn|2\n|\n|t:|1782891058\n|move|p1a: Comfey|Draining Kiss|p2a: Gothitelle\n|-damage|p2a: Gothitelle|208/272\n|move|p2a: Gothitelle|Psychic|p1a: Comfey\n|-damage|p1a: Comfey|129/225\n|\n|-heal|p2a: Gothitelle|225/272|[from] item: Leftovers\n|upkeep\n|turn|3\n|\n|t:|1782891064\n|move|p1a: Comfey|Draining Kiss|p2a: Gothitelle\n|-damage|p2a: Gothitelle|186/272\n|-heal|p1a: Comfey|158/225|[from] drain|[of] p2a: Gothitelle\n|move|p2a: Gothitelle|Psychic|p1a: Comfey\n|-damage|p1a: Comfey|62/225\n|\n|-heal|p2a: Gothitelle|203/272|[from] item: Leftovers\n|upkeep\n|turn|4\n|\n|t:|1782891067\n|move|p1a: Comfey|Draining Kiss|p2a: Gothitelle\n|-damage|p2a: Gothitelle|166/272\n|-heal|p1a: Comfey|90/225|[from] drain|[of] p2a: Gothitelle\n|move|p2a: Gothitelle|Psychic|p1a: Comfey\n|-damage|p1a: Comfey|5/225\n|\n|-heal|p2a: Gothitelle|183/272|[from] item: Leftovers\n|upkeep\n|turn|5\n|\n|t:|1782891070\n|move|p1a: Comfey|Draining Kiss|p2a: Gothitelle\n|-damage|p2a: Gothitelle|144/272\n|-heal|p1a: Comfey|34/225|[from] drain|[of] p2a: Gothitelle\n|move|p2a: Gothitelle|Psychic|p1a: Comfey\n|-damage|p1a: Comfey|0 fnt\n|faint|p1a: Comfey\n|\n|-heal|p2a: Gothitelle|161/272|[from] item: Leftovers\n|upkeep\n|\n|t:|1782891089\n|switch|p1a: Enamorus|Enamorus, L79, F|247/247\n|turn|6\n|\n|t:|1782891096\n|move|p1a: Enamorus|Calm Mind|p1a: Enamorus\n|-boost|p1a: Enamorus|spa|1\n|-boost|p1a: Enamorus|spd|1\n|move|p2a: Gothitelle|Psychic|p1a: Enamorus\n|-damage|p1a: Enamorus|159/247\n|\n|-heal|p1a: Enamorus|174/247|[from] item: Leftovers\n|-heal|p2a: Gothitelle|178/272|[from] item: Leftovers\n|upkeep\n|turn|7\n|\n|t:|1782891105\n|switch|p2a: Grumpig|Grumpig, L92, F|297/297\n|move|p1a: Enamorus|Calm Mind|p1a: Enamorus\n|-boost|p1a: Enamorus|spa|1\n|-boost|p1a: Enamorus|spd|1\n|\n|-heal|p1a: Enamorus|189/247|[from] item: Leftovers\n|upkeep\n|turn|8\n|\n|t:|1782891110\n|move|p2a: Grumpig|Trick|p1a: Enamorus\n|-activate|p2a: Grumpig|move: Trick|[of] p1a: Enamorus\n|-item|p1a: Enamorus|Choice Scarf|[from] move: Trick\n|-item|p2a: Grumpig|Leftovers|[from] move: Trick\n|move|p1a: Enamorus|Moonblast|p2a: Grumpig\n|-damage|p2a: Grumpig|129/297\n|\n|-heal|p2a: Grumpig|147/297|[from] item: Leftovers\n|upkeep\n|turn|9\n|\n|t:|1782891125\n|switch|p2a: Amoonguss|Amoonguss, L82, F|321/321\n|move|p1a: Enamorus|Moonblast|p2a: Amoonguss\n|-resisted|p2a: Amoonguss\n|-damage|p2a: Amoonguss|196/321\n|\n|-heal|p2a: Amoonguss|216/321|[from] item: Leftovers\n|upkeep\n|turn|10\n|\n|t:|1782891133\n|switch|p1a: Garganacl|Garganacl, L80, F|291/291\n|move|p2a: Amoonguss|Spore|p1a: Garganacl\n|-immune|p1a: Garganacl|[from] ability: Purifying Salt\n|\n|-heal|p2a: Amoonguss|236/321|[from] item: Leftovers\n|upkeep\n|turn|11\n|\n|t:|1782891138\n|move|p1a: Garganacl|Salt Cure|p2a: Amoonguss\n|-damage|p2a: Amoonguss|185/321\n|-start|p2a: Amoonguss|Salt Cure\n|move|p2a: Amoonguss|Giga Drain|p1a: Garganacl\n|-supereffective|p1a: Garganacl\n|-damage|p1a: Garganacl|159/291\n|-heal|p2a: Amoonguss|251/321|[from] drain|[of] p1a: Garganacl\n|\n|-heal|p1a: Garganacl|177/291|[from] item: Leftovers\n|-heal|p2a: Amoonguss|271/321|[from] item: Leftovers\n|-damage|p2a: Amoonguss|231/321|[from] Salt Cure\n|upkeep\n|turn|12\n|\n|t:|1782891146\n|move|p1a: Garganacl|Stealth Rock|p2a: Amoonguss\n|-sidestart|p2: axou5|move: Stealth Rock\n|move|p2a: Amoonguss|Giga Drain|p1a: Garganacl\n|-supereffective|p1a: Garganacl\n|-damage|p1a: Garganacl|27/291\n|-heal|p2a: Amoonguss|306/321|[from] drain|[of] p1a: Garganacl\n|\n|-heal|p1a: Garganacl|45/291|[from] item: Leftovers\n|-heal|p2a: Amoonguss|321/321|[from] item: Leftovers\n|-damage|p2a: Amoonguss|281/321|[from] Salt Cure\n|upkeep\n|turn|13\n|\n|t:|1782891150\n|move|p1a: Garganacl|Recover|p1a: Garganacl\n|-heal|p1a: Garganacl|191/291\n|move|p2a: Amoonguss|Giga Drain|p1a: Garganacl\n|-supereffective|p1a: Garganacl\n|-damage|p1a: Garganacl|39/291\n|-heal|p2a: Amoonguss|321/321|[from] drain|[of] p1a: Garganacl\n|\n|-heal|p1a: Garganacl|57/291|[from] item: Leftovers\n|-damage|p2a: Amoonguss|281/321|[from] Salt Cure\n|upkeep\n|turn|14\n|\n|t:|1782891157\n|-terastallize|p1a: Garganacl|Dragon\n|move|p1a: Garganacl|Recover|p1a: Garganacl\n|-heal|p1a: Garganacl|203/291\n|move|p2a: Amoonguss|Giga Drain|p1a: Garganacl\n|-resisted|p1a: Garganacl\n|-damage|p1a: Garganacl|167/291\n|-heal|p2a: Amoonguss|299/321|[from] drain|[of] p1a: Garganacl\n|\n|-heal|p1a: Garganacl|185/291|[from] item: Leftovers\n|-heal|p2a: Amoonguss|319/321|[from] item: Leftovers\n|-damage|p2a: Amoonguss|279/321|[from] Salt Cure\n|upkeep\n|turn|15\n|\n|t:|1782891164\n|switch|p1a: Squawkabilly|Squawkabilly-Blue, L85, M|278/278\n|move|p2a: Amoonguss|Sludge Bomb|p1a: Squawkabilly\n|-damage|p1a: Squawkabilly|169/278\n|-status|p1a: Squawkabilly|psn\n|\n|-heal|p2a: Amoonguss|299/321|[from] item: Leftovers\n|-damage|p1a: Squawkabilly|135/278 psn|[from] psn\n|-damage|p2a: Amoonguss|259/321|[from] Salt Cure\n|upkeep\n|turn|16\n|\n|t:|1782891179\n|switch|p2a: Grumpig|Grumpig, L92, F|147/297\n|-damage|p2a: Grumpig|110/297|[from] Stealth Rock\n|move|p1a: Squawkabilly|Facade|p2a: Grumpig\n|-damage|p2a: Grumpig|0 fnt\n|faint|p2a: Grumpig\n|\n|-damage|p1a: Squawkabilly|101/278 psn|[from] psn\n|upkeep\n|\n|t:|1782891194\n|switch|p2a: Houndoom|Houndoom, L87, M|272/272\n|turn|17\n|\n|t:|1782891203\n|switch|p1a: Gurdurr|Gurdurr, L85, F|283/283\n|move|p2a: Houndoom|Dark Pulse|p1a: Gurdurr\n|-resisted|p1a: Gurdurr\n|-damage|p1a: Gurdurr|238/283\n|\n|upkeep\n|turn|18\n|\n|t:|1782891210\n|switch|p2a: Gothitelle|Gothitelle, L90, M|178/272\n|-damage|p2a: Gothitelle|144/272|[from] Stealth Rock\n|move|p1a: Gurdurr|Knock Off|p2a: Gothitelle\n|-supereffective|p2a: Gothitelle\n|-damage|p2a: Gothitelle|2/272\n|-enditem|p2a: Gothitelle|Leftovers|[from] move: Knock Off|[of] p1a: Gurdurr\n|\n|upkeep\n|turn|19\n|\n|t:|1782891224\n|move|p1a: Gurdurr|Mach Punch|p2a: Gothitelle\n|-resisted|p2a: Gothitelle\n|-damage|p2a: Gothitelle|0 fnt\n|faint|p2a: Gothitelle\n|\n|upkeep\n|\n|t:|1782891230\n|switch|p2a: Amoonguss|Amoonguss, L82, F|321/321\n|-damage|p2a: Amoonguss|281/321|[from] Stealth Rock\n|turn|20\n|\n|t:|1782891236\n|switch|p1a: Garganacl|Garganacl, L80, F, tera:Dragon|185/291\n|move|p2a: Amoonguss|Sludge Bomb|p1a: Garganacl\n|-damage|p1a: Garganacl|104/291\n|\n|-heal|p1a: Garganacl|122/291|[from] item: Leftovers\n|-heal|p2a: Amoonguss|301/321|[from] item: Leftovers\n|upkeep\n|turn|21\n|\n|t:|1782891252\n|switch|p2a: Ursaluna|Ursaluna, L79, F|335/335\n|-damage|p2a: Ursaluna|315/335|[from] Stealth Rock\n|move|p1a: Garganacl|Salt Cure|p2a: Ursaluna\n|-resisted|p2a: Ursaluna\n|-damage|p2a: Ursaluna|297/335\n|-start|p2a: Ursaluna|Salt Cure\n|\n|-heal|p1a: Garganacl|140/291|[from] item: Leftovers\n|-damage|p2a: Ursaluna|256/335|[from] Salt Cure\n|-status|p2a: Ursaluna|brn|[from] item: Flame Orb\n|upkeep\n|turn|22\n|\n|t:|1782891273\n|switch|p1a: Drednaw|Drednaw, L81, M|278/278\n|move|p2a: Ursaluna|Facade|p1a: Drednaw\n|-resisted|p1a: Drednaw\n|-damage|p1a: Drednaw|145/278\n|\n|-damage|p2a: Ursaluna|236/335 brn|[from] brn\n|-damage|p2a: Ursaluna|195/335 brn|[from] Salt Cure\n|upkeep\n|turn|23\n|\n|t:|1782891282\n|move|p1a: Drednaw|Liquidation|p2a: Ursaluna\n|-supereffective|p2a: Ursaluna\n|-damage|p2a: Ursaluna|31/335 brn\n|move|p2a: Ursaluna|Trailblaze|p1a: Drednaw\n|-supereffective|p1a: Drednaw\n|-damage|p1a: Drednaw|0 fnt\n|-boost|p2a: Ursaluna|spe|1\n|faint|p1a: Drednaw\n|\n|-damage|p2a: Ursaluna|11/335 brn|[from] brn\n|-damage|p2a: Ursaluna|0 fnt|[from] Salt Cure\n|faint|p2a: Ursaluna\n|upkeep\n|\n|t:|1782891304\n|switch|p1a: Garganacl|Garganacl, L80, F, tera:Dragon|140/291\n|switch|p2a: Glastrier|Glastrier, L86|311/311\n|-damage|p2a: Glastrier|234/311|[from] Stealth Rock\n|turn|24\n|\n|t:|1782891310\n|switch|p1a: Squawkabilly|Squawkabilly-Blue, L85, M|101/278 psn\n|move|p2a: Glastrier|Icicle Crash|p1a: Squawkabilly\n|-supereffective|p1a: Squawkabilly\n|-damage|p1a: Squawkabilly|0 fnt\n|faint|p1a: Squawkabilly\n|-ability|p2a: Glastrier|Chilling Neigh|boost\n|-boost|p2a: Glastrier|atk|1\n|\n|upkeep\n|\n|t:|1782891317\n|switch|p1a: Gurdurr|Gurdurr, L85, F|238/283\n|turn|25\n|\n|t:|1782891321\n|-terastallize|p2a: Glastrier|Fighting\n|move|p1a: Gurdurr|Drain Punch|p2a: Glastrier\n|-damage|p2a: Glastrier|167/311\n|-heal|p1a: Gurdurr|272/283|[from] drain|[of] p2a: Glastrier\n|move|p2a: Glastrier|Icicle Crash|p1a: Gurdurr\n|-damage|p1a: Gurdurr|65/283\n|\n|upkeep\n|turn|26\n|\n|t:|1782891328\n|move|p1a: Gurdurr|Drain Punch|p2a: Glastrier\n|-damage|p2a: Glastrier|98/311\n|-heal|p1a: Gurdurr|100/283|[from] drain|[of] p2a: Glastrier\n|move|p2a: Glastrier|Icicle Crash|p1a: Gurdurr\n|-damage|p1a: Gurdurr|0 fnt\n|faint|p1a: Gurdurr\n|-ability|p2a: Glastrier|Chilling Neigh|boost\n|-boost|p2a: Glastrier|atk|1\n|\n|upkeep\n|\n|t:|1782891331\n|switch|p1a: Enamorus|Enamorus, L79, F|189/247\n|turn|27\n|\n|t:|1782891338\n|move|p1a: Enamorus|Moonblast|p2a: Glastrier\n|-supereffective|p2a: Glastrier\n|-damage|p2a: Glastrier|0 fnt\n|faint|p2a: Glastrier\n|\n|upkeep\n|\n|t:|1782891344\n|switch|p2a: Amoonguss|Amoonguss, L82, F|321/321\n|-damage|p2a: Amoonguss|281/321|[from] Stealth Rock\n|turn|28\n|\n|t:|1782891346\n|switch|p1a: Garganacl|Garganacl, L80, F, tera:Dragon|140/291\n|move|p2a: Amoonguss|Sludge Bomb|p1a: Garganacl\n|-damage|p1a: Garganacl|58/291\n|\n|-heal|p1a: Garganacl|76/291|[from] item: Leftovers\n|-heal|p2a: Amoonguss|301/321|[from] item: Leftovers\n|upkeep\n|turn|29\n|\n|t:|1782891350\n|switch|p2a: Houndoom|Houndoom, L87, M|272/272\n|move|p1a: Garganacl|Recover|p1a: Garganacl\n|-heal|p1a: Garganacl|222/291\n|\n|-heal|p1a: Garganacl|240/291|[from] item: Leftovers\n|upkeep\n|turn|30\n|\n|t:|1782891356\n|move|p2a: Houndoom|Dark Pulse|p1a: Garganacl\n|-crit|p1a: Garganacl\n|-damage|p1a: Garganacl|75/291\n|move|p1a: Garganacl|Salt Cure|p2a: Houndoom\n|-supereffective|p2a: Houndoom\n|-damage|p2a: Houndoom|156/272\n|-start|p2a: Houndoom|Salt Cure\n|\n|-heal|p1a: Garganacl|93/291|[from] item: Leftovers\n|-damage|p2a: Houndoom|122/272|[from] Salt Cure\n|upkeep\n|turn|31\n|\n|t:|1782891361\n|switch|p1a: Enamorus|Enamorus, L79, F|189/247\n|move|p2a: Houndoom|Dark Pulse|p1a: Enamorus\n|-resisted|p1a: Enamorus\n|-damage|p1a: Enamorus|135/247\n|\n|-damage|p2a: Houndoom|88/272|[from] Salt Cure\n|upkeep\n|turn|32\n|\n|t:|1782891369\n|switch|p2a: Amoonguss|Amoonguss, L82, F|321/321\n|-damage|p2a: Amoonguss|281/321|[from] Stealth Rock\n|move|p1a: Enamorus|Earth Power|p2a: Amoonguss\n|-damage|p2a: Amoonguss|206/321\n|\n|-heal|p2a: Amoonguss|226/321|[from] item: Leftovers\n|upkeep\n|turn|33\n|\n|t:|1782891382\n|switch|p1a: Garganacl|Garganacl, L80, F, tera:Dragon|93/291\n|switch|p2a: Houndoom|Houndoom, L87, M|88/272\n|\n|-heal|p1a: Garganacl|111/291|[from] item: Leftovers\n|upkeep\n|turn|34\n|\n|t:|1782891389\n|switch|p1a: Enamorus|Enamorus, L79, F|135/247\n|move|p2a: Houndoom|Dark Pulse|p1a: Enamorus\n|-resisted|p1a: Enamorus\n|-crit|p1a: Enamorus\n|-damage|p1a: Enamorus|55/247\n|\n|upkeep\n|turn|35\n|\n|t:|1782891393\n|switch|p2a: Amoonguss|Amoonguss, L82, F|321/321\n|-damage|p2a: Amoonguss|281/321|[from] Stealth Rock\n|move|p1a: Enamorus|Earth Power|p2a: Amoonguss\n|-damage|p2a: Amoonguss|194/321\n|\n|-heal|p2a: Amoonguss|214/321|[from] item: Leftovers\n|upkeep\n|turn|36\n|\n|t:|1782891401\n|switch|p1a: Garganacl|Garganacl, L80, F, tera:Dragon|111/291\n|move|p2a: Amoonguss|Sludge Bomb|p1a: Garganacl\n|-damage|p1a: Garganacl|30/291\n|\n|-heal|p1a: Garganacl|48/291|[from] item: Leftovers\n|-heal|p2a: Amoonguss|234/321|[from] item: Leftovers\n|upkeep\n|turn|37\n|\n|t:|1782891404\n|move|p1a: Garganacl|Recover|p1a: Garganacl\n|-heal|p1a: Garganacl|194/291\n|move|p2a: Amoonguss|Sludge Bomb|p1a: Garganacl\n|-damage|p1a: Garganacl|104/291\n|\n|-heal|p1a: Garganacl|122/291|[from] item: Leftovers\n|-heal|p2a: Amoonguss|254/321|[from] item: Leftovers\n|upkeep\n|turn|38\n|\n|t:|1782891408\n|move|p1a: Garganacl|Recover|p1a: Garganacl\n|-heal|p1a: Garganacl|268/291\n|move|p2a: Amoonguss|Sludge Bomb|p1a: Garganacl\n|-damage|p1a: Garganacl|190/291\n|\n|-heal|p1a: Garganacl|208/291|[from] item: Leftovers\n|-heal|p2a: Amoonguss|274/321|[from] item: Leftovers\n|upkeep\n|turn|39\n|\n|t:|1782891414\n|move|p1a: Garganacl|Salt Cure|p2a: Amoonguss\n|-damage|p2a: Amoonguss|220/321\n|-start|p2a: Amoonguss|Salt Cure\n|move|p2a: Amoonguss|Sludge Bomb|p1a: Garganacl\n|-damage|p1a: Garganacl|117/291\n|\n|-heal|p1a: Garganacl|135/291|[from] item: Leftovers\n|-heal|p2a: Amoonguss|240/321|[from] item: Leftovers\n|-damage|p2a: Amoonguss|200/321|[from] Salt Cure\n|upkeep\n|turn|40\n|\n|t:|1782891417\n|move|p1a: Garganacl|Salt Cure|p2a: Amoonguss\n|-damage|p2a: Amoonguss|152/321\n|move|p2a: Amoonguss|Sludge Bomb|p1a: Garganacl\n|-damage|p1a: Garganacl|44/291\n|\n|-heal|p1a: Garganacl|62/291|[from] item: Leftovers\n|-heal|p2a: Amoonguss|172/321|[from] item: Leftovers\n|-damage|p2a: Amoonguss|132/321|[from] Salt Cure\n|upkeep\n|turn|41\n|\n|t:|1782891424\n|switch|p2a: Houndoom|Houndoom, L87, M|88/272\n|move|p1a: Garganacl|Recover|p1a: Garganacl\n|-heal|p1a: Garganacl|208/291\n|\n|-heal|p1a: Garganacl|226/291|[from] item: Leftovers\n|upkeep\n|turn|42\n|\n|t:|1782891433\n|switch|p2a: Amoonguss|Amoonguss, L82, F|239/321\n|-damage|p2a: Amoonguss|199/321|[from] Stealth Rock\n|move|p1a: Garganacl|Salt Cure|p2a: Amoonguss\n|-damage|p2a: Amoonguss|153/321\n|-start|p2a: Amoonguss|Salt Cure\n|\n|-heal|p1a: Garganacl|244/291|[from] item: Leftovers\n|-heal|p2a: Amoonguss|173/321|[from] item: Leftovers\n|-damage|p2a: Amoonguss|133/321|[from] Salt Cure\n|upkeep\n|turn|43\n|\n|t:|1782891443\n|move|p1a: Garganacl|Salt Cure|p2a: Amoonguss\n|-damage|p2a: Amoonguss|87/321\n|move|p2a: Amoonguss|Sludge Bomb|p1a: Garganacl\n|-crit|p1a: Garganacl\n|-damage|p1a: Garganacl|111/291\n|\n|-heal|p1a: Garganacl|129/291|[from] item: Leftovers\n|-heal|p2a: Amoonguss|107/321|[from] item: Leftovers\n|-damage|p2a: Amoonguss|67/321|[from] Salt Cure\n|upkeep\n|turn|44\n|\n|t:|1782891450\n|move|p1a: Garganacl|Salt Cure|p2a: Amoonguss\n|-damage|p2a: Amoonguss|18/321\n|move|p2a: Amoonguss|Sludge Bomb|p1a: Garganacl\n|-damage|p1a: Garganacl|39/291\n|\n|-heal|p1a: Garganacl|57/291|[from] item: Leftovers\n|-heal|p2a: Amoonguss|38/321|[from] item: Leftovers\n|-damage|p2a: Amoonguss|0 fnt|[from] Salt Cure\n|faint|p2a: Amoonguss\n|upkeep\n|\n|t:|1782891456\n|switch|p2a: Houndoom|Houndoom, L87, M|88/272\n|turn|45\n|\n|t:|1782891467\n|move|p2a: Houndoom|Dark Pulse|p1a: Garganacl\n|-damage|p1a: Garganacl|0 fnt\n|faint|p1a: Garganacl\n|\n|upkeep\n|\n|t:|1782891469\n|switch|p1a: Enamorus|Enamorus, L79, F|55/247\n|turn|46\n|\n|t:|1782891476\n|move|p2a: Houndoom|Sucker Punch|p1a: Enamorus\n|-resisted|p1a: Enamorus\n|-damage|p1a: Enamorus|13/247\n|move|p1a: Enamorus|Moonblast|p2a: Houndoom\n|-damage|p2a: Houndoom|0 fnt\n|faint|p2a: Houndoom\n|\n|win|hellc\n|raw|hellc's rating: 1732 &rarr; <strong>1754</strong><br />(+22 for winning)\n|raw|axou5's rating: 1762 &rarr; <strong>1740</strong><br />(-22 for losing)\n", "inputlog": ">version f8ac14003a5f27e1bdc8d8c59608a773c1cb96e5\n>start {\"formatid\":\"gen9randombattle\",\"seed\":\"sodium,537dc2c466099bf696dfda961867ab12\",\"rated\":\"Rated battle\"}\n>player p1 {\"name\":\"hellc\",\"avatar\":\"169\",\"rating\":1732,\"seed\":\"sodium,40874a93d38c9cc3e9f9ef0b8d8a87d6\"}\n>player p2 {\"name\":\"axou5\",\"avatar\":\"102\",\"rating\":1762,\"seed\":\"sodium,c3300829766f6c84c5e299c7b0670bf1\"}\n>p1 move drainingkiss\n>p2 move trick\n>p1 move drainingkiss\n>p2 move psychic\n>p1 move drainingkiss\n>p2 move psychic\n>p1 move drainingkiss\n>p2 move psychic\n>p1 move drainingkiss\n>p2 move psychic\n>p1 switch 2\n>p1 move calmmind\n>p2 move psychic\n>p1 move calmmind\n>p2 switch 6\n>p1 move moonblast\n>p2 move trick\n>p1 move moonblast\n>p2 switch 5\n>p1 switch 5\n>p2 move spore\n>p1 move saltcure\n>p2 move gigadrain\n>p1 move stealthrock\n>p2 move gigadrain\n>p1 move recover\n>p2 move gigadrain\n>p1 move recover terastallize\n>p2 move gigadrain\n>p1 switch 3\n>p2 move sludgebomb\n>p1 move facade\n>p2 switch 5\n>p2 switch 3\n>p1 switch 4\n>p2 move darkpulse\n>p1 move knockoff\n>p2 switch 6\n>p1 move machpunch\n>p2 move psychic\n>p2 switch 5\n>p1 switch 3\n>p2 move sludgebomb\n>p1 move saltcure\n>p2 switch 4\n>p1 switch 6\n>p2 move facade\n>p1 move liquidation\n>p2 move trailblaze\n>p1 switch 6\n>p2 switch 2\n>p1 switch 4\n>p2 move iciclecrash\n>p1 switch 3\n>p1 move drainpunch\n>p2 move iciclecrash terastallize\n>p1 move drainpunch\n>p2 move iciclecrash\n>p1 switch 5\n>p1 move moonblast\n>p2 move iciclecrash\n>p2 switch 4\n>p1 switch 4\n>p2 move sludgebomb\n>p1 move recover\n>p2 switch 6\n>p1 move saltcure\n>p2 move darkpulse\n>p1 switch 4\n>p2 move darkpulse\n>p1 move earthpower\n>p2 switch 6\n>p1 switch 4\n>p2 switch 6\n>p1 switch 4\n>p2 move darkpulse\n>p1 move earthpower\n>p2 switch 6\n>p1 switch 4\n>p2 move sludgebomb\n>p1 move recover\n>p2 move sludgebomb\n>p1 move recover\n>p2 move sludgebomb\n>p1 move saltcure\n>p2 move sludgebomb\n>p1 move saltcure\n>p2 move sludgebomb\n>p1 move recover\n>p2 switch 6\n>p1 move saltcure\n>p2 switch 6\n>p1 move saltcure\n>p2 move sludgebomb\n>p1 move saltcure\n>p2 move sludgebomb\n>p2 switch 6\n>p1 move saltcure\n>p2 move darkpulse\n>p1 switch 4\n>p1 move moonblast\n>p2 move suckerpunch", "uploadtime": 1782891479, "views": 3, "formatid": "gen9randombattle", "rating": 1740, "private": 0, "password": null, "player_dets": [{"name": "hellc", "avatar": "169", "rating": 1732, "seed": "sodium,40874a93d38c9cc3e9f9ef0b8d8a87d6"}, {"name": "axou5", "avatar": "102", "rating": 1762, "seed": "sodium,c3300829766f6c84c5e299c7b0670bf1"}], "teams_full": [{"Comfey": {"name": "Comfey", "species": "Comfey", "speciesId": "comfey", "gender": "F", "shiny": false, "level": 85, "moves": ["calmmind", "gigadrain", "drainingkiss", "storedpower"], "ability": "Triage", "evs": {"hp": 85, "atk": 0, "def": 85, "spa": 85, "spd": 85, "spe": 85}, "ivs": {"hp": 31, "atk": 0, "def": 31, "spa": 31, "spd": 31, "spe": 31}, "item": "Leftovers", "teraType": "Fairy", "role": "Bulky Setup", "bvs": {"hp": 51, "atk": 52, "def": 90, "spa": 82, "spd": 110, "spe": 100}, "stats": {"hp": 225, "atk": 93, "def": 202, "spa": 188, "spd": 236, "spe": 219}, "types": ["Fairy"]}, "Enamorus": {"name": "Enamorus", "species": "Enamorus", "speciesId": "enamorus", "gender": "F", "shiny": false, "level": 79, "moves": ["calmmind", "substitute", "moonblast", "earthpower"], "ability": "Cute Charm", "evs": {"hp": 85, "atk": 0, "def": 85, "spa": 85, "spd": 85, "spe": 85}, "ivs": {"hp": 31, "atk": 0, "def": 31, "spa": 31, "spd": 31, "spe": 31}, "item": "Leftovers", "teraType": "Ground", "role": "Fast Bulky Setup", "bvs": {"hp": 74, "atk": 115, "def": 70, "spa": 135, "spd": 80, "spe": 106}, "stats": {"hp": 247, "atk": 186, "def": 156, "spa": 259, "spd": 172, "spe": 213}, "types": ["Fairy", "Flying"]}, "Squawkabilly": {"name": "Squawkabilly", "species": "Squawkabilly-Blue", "speciesId": "squawkabillyblue", "gender": "M", "shiny": false, "level": 85, "moves": ["bravebird", "facade", "quickattack", "uturn"], "ability": "Guts", "evs": {"hp": 85, "atk": 85, "def": 85, "spa": 85, "spd": 85, "spe": 85}, "ivs": {"hp": 31, "atk": 31, "def": 31, "spa": 31, "spd": 31, "spe": 31}, "item": "Flame Orb", "teraType": "Normal", "role": "Wallbreaker", "bvs": {"hp": 82, "atk": 96, "def": 51, "spa": 45, "spd": 51, "spe": 92}, "stats": {"hp": 278, "atk": 212, "def": 135, "spa": 125, "spd": 135, "spe": 205}, "types": ["Normal", "Flying"]}, "Gurdurr": {"name": "Gurdurr", "species": "Gurdurr", "speciesId": "gurdurr", "gender": "F", "shiny": false, "level": 85, "moves": ["drainpunch", "knockoff", "defog", "machpunch"], "ability": "Guts", "evs": {"hp": 85, "atk": 85, "def": 85, "spa": 85, "spd": 85, "spe": 85}, "ivs": {"hp": 31, "atk": 31, "def": 31, "spa": 31, "spd": 31, "spe": 31}, "item": "Eviolite", "teraType": "Steel", "role": "Bulky Attacker", "bvs": {"hp": 85, "atk": 105, "def": 85, "spa": 40, "spd": 50, "spe": 40}, "stats": {"hp": 283, "atk": 227, "def": 193, "spa": 117, "spd": 134, "spe": 117}, "types": ["Fighting"]}, "Garganacl": {"name": "Garganacl", "species": "Garganacl", "speciesId": "garganacl", "gender": "F", "shiny": false, "level": 80, "moves": ["saltcure", "recover", "stealthrock", "bodypress"], "ability": "Purifying Salt", "evs": {"hp": 85, "atk": 85, "def": 85, "spa": 85, "spd": 85, "spe": 85}, "ivs": {"hp": 31, "atk": 31, "def": 31, "spa": 31, "spd": 31, "spe": 31}, "item": "Leftovers", "teraType": "Dragon", "role": "Bulky Support", "bvs": {"hp": 100, "atk": 100, "def": 130, "spa": 45, "spd": 90, "spe": 35}, "stats": {"hp": 291, "atk": 206, "def": 254, "spa": 118, "spd": 190, "spe": 102}, "types": ["Rock"]}, "Drednaw": {"name": "Drednaw", "species": "Drednaw", "speciesId": "drednaw", "gender": "M", "shiny": false, "level": 81, "moves": ["stoneedge", "shellsmash", "earthquake", "liquidation"], "ability": "Shell Armor", "evs": {"hp": 85, "atk": 85, "def": 85, "spa": 85, "spd": 85, "spe": 85}, "ivs": {"hp": 31, "atk": 31, "def": 31, "spa": 31, "spd": 31, "spe": 31}, "item": "White Herb", "teraType": "Ground", "role": "Fast Bulky Setup", "bvs": {"hp": 90, "atk": 115, "def": 90, "spa": 48, "spd": 68, "spe": 74}, "stats": {"hp": 278, "atk": 233, "def": 192, "spa": 124, "spd": 157, "spe": 167}, "types": ["Water", "Rock"]}}, {"Gothitelle": {"name": "Gothitelle", "species": "Gothitelle", "speciesId": "gothitelle", "gender": "M", "shiny": false, "level": 90, "moves": ["focusblast", "psychic", "trick", "darkpulse"], "ability": "Shadow Tag", "evs": {"hp": 85, "atk": 0, "def": 85, "spa": 85, "spd": 85, "spe": 85}, "ivs": {"hp": 31, "atk": 0, "def": 31, "spa": 31, "spd": 31, "spe": 31}, "item": "Choice Scarf", "teraType": "Fairy", "role": "Fast Attacker", "bvs": {"hp": 70, "atk": 55, "def": 95, "spa": 95, "spd": 110, "spe": 65}, "stats": {"hp": 272, "atk": 104, "def": 222, "spa": 222, "spd": 249, "spe": 168}, "types": ["Psychic"]}, "Glastrier": {"name": "Glastrier", "species": "Glastrier", "speciesId": "glastrier", "gender": "N", "shiny": false, "level": 86, "moves": ["highhorsepower", "iciclecrash", "heavyslam", "closecombat"], "ability": "Chilling Neigh", "evs": {"hp": 81, "atk": 85, "def": 85, "spa": 85, "spd": 85, "spe": 85}, "ivs": {"hp": 31, "atk": 31, "def": 31, "spa": 31, "spd": 31, "spe": 31}, "item": "Choice Band", "teraType": "Fighting", "role": "Bulky Attacker", "bvs": {"hp": 100, "atk": 145, "def": 130, "spa": 65, "spd": 110, "spe": 30}, "stats": {"hp": 311, "atk": 299, "def": 273, "spa": 161, "spd": 238, "spe": 101}, "types": ["Ice"]}, "Houndoom": {"name": "Houndoom", "species": "Houndoom", "speciesId": "houndoom", "gender": "M", "shiny": false, "level": 87, "moves": ["suckerpunch", "fireblast", "darkpulse", "nastyplot"], "ability": "Flash Fire", "evs": {"hp": 85, "atk": 85, "def": 85, "spa": 85, "spd": 85, "spe": 85}, "ivs": {"hp": 31, "atk": 31, "def": 31, "spa": 31, "spd": 31, "spe": 31}, "item": "Heavy-Duty Boots", "teraType": "Dark", "role": "Fast Attacker", "bvs": {"hp": 75, "atk": 90, "def": 50, "spa": 110, "spd": 80, "spe": 95}, "stats": {"hp": 272, "atk": 206, "def": 137, "spa": 241, "spd": 189, "spe": 215}, "types": ["Dark", "Fire"]}, "Ursaluna": {"name": "Ursaluna", "species": "Ursaluna", "speciesId": "ursaluna", "gender": "F", "shiny": false, "level": 79, "moves": ["headlongrush", "facade", "throatchop", "trailblaze"], "ability": "Guts", "evs": {"hp": 85, "atk": 85, "def": 85, "spa": 85, "spd": 85, "spe": 85}, "ivs": {"hp": 31, "atk": 31, "def": 31, "spa": 31, "spd": 31, "spe": 31}, "item": "Flame Orb", "teraType": "Normal", "role": "Bulky Attacker", "bvs": {"hp": 130, "atk": 140, "def": 105, "spa": 45, "spd": 80, "spe": 50}, "stats": {"hp": 335, "atk": 267, "def": 211, "spa": 117, "spd": 172, "spe": 125}, "types": ["Ground", "Normal"]}, "Amoonguss": {"name": "Amoonguss", "species": "Amoonguss", "speciesId": "amoonguss", "gender": "F", "shiny": false, "level": 82, "moves": ["gigadrain", "clearsmog", "sludgebomb", "spore"], "ability": "Regenerator", "evs": {"hp": 85, "atk": 0, "def": 85, "spa": 85, "spd": 85, "spe": 85}, "ivs": {"hp": 31, "atk": 0, "def": 31, "spa": 31, "spd": 31, "spe": 31}, "item": "Leftovers", "teraType": "Water", "role": "Bulky Support", "bvs": {"hp": 114, "atk": 85, "def": 70, "spa": 85, "spd": 80, "spe": 30}, "stats": {"hp": 321, "atk": 144, "def": 162, "spa": 187, "spd": 178, "spe": 96}, "types": ["Grass", "Poison"]}, "Grumpig": {"name": "Grumpig", "species": "Grumpig", "speciesId": "grumpig", "gender": "F", "shiny": false, "level": 92, "moves": ["earthpower", "psyshock", "shadowball", "trick"], "ability": "Thick Fat", "evs": {"hp": 85, "atk": 0, "def": 85, "spa": 85, "spd": 85, "spe": 85}, "ivs": {"hp": 31, "atk": 0, "def": 31, "spa": 31, "spd": 31, "spe": 31}, "item": "Choice Scarf", "teraType": "Ghost", "role": "Bulky Attacker", "bvs": {"hp": 80, "atk": 45, "def": 65, "spa": 90, "spd": 110, "spe": 80}, "stats": {"hp": 297, "atk": 87, "def": 172, "spa": 218, "spd": 255, "spe": 200}, "types": ["Psychic"]}}]}