{"id": "gen9randombattle-2641958166", "format": "[Gen 9] Random Battle", "players": ["Ladder Newb", "Soparoz"], "log": "|j|\u2606Ladder Newb\n|j|\u2606Soparoz\n|t:|1782864789\n|gametype|singles\n|player|p1|Ladder Newb|cynthia-masters3|1356\n|player|p2|Soparoz|101|1353\n|gen|9\n|tier|[Gen 9] Random Battle\n|rated|\n|rule|Species Clause: Limit one of each Pok\u00e9mon\n|rule|HP Percentage Mod: HP is shown in percentages\n|rule|Sleep Clause Mod: Limit one foe put to sleep\n|rule|Illusion Level Mod: Illusion disguises the Pok\u00e9mon's true level\n|\n|t:|1782864789\n|teamsize|p1|6\n|teamsize|p2|6\n|start\n|switch|p1a: Houndstone|Houndstone, L86, M|264/264\n|switch|p2a: Ho-Oh|Ho-Oh, L71|268/268\n|turn|1\n|\n|t:|1782864811\n|switch|p2a: Scrafty|Scrafty, L83, F|244/244\n|move|p1a: Houndstone|Poltergeist|p2a: Scrafty\n|-activate|p2a: Scrafty|move: Poltergeist|Leftovers\n|-resisted|p2a: Scrafty\n|-damage|p2a: Scrafty|196/244\n|\n|-heal|p2a: Scrafty|211/244|[from] item: Leftovers\n|upkeep\n|turn|2\n|inactive|Battle timer is ON: inactive players will automatically lose when time's up. (requested by Soparoz)\n|\n|t:|1782864823\n|switch|p1a: Dachsbun|Dachsbun, L92, F|254/254\n|move|p2a: Scrafty|Knock Off|p1a: Dachsbun\n|-resisted|p1a: Dachsbun\n|-damage|p1a: Dachsbun|217/254\n|-enditem|p1a: Dachsbun|Leftovers|[from] move: Knock Off|[of] p2a: Scrafty\n|\n|-heal|p2a: Scrafty|226/244|[from] item: Leftovers\n|upkeep\n|turn|3\n|\n|t:|1782864849\n|switch|p2a: Skeledirge|Skeledirge, L79, M|294/294\n|move|p1a: Dachsbun|Yawn|p2a: Skeledirge\n|-start|p2a: Skeledirge|move: Yawn|[of] p1a: Dachsbun\n|\n|upkeep\n|turn|4\n|inactive|Soparoz has 120 seconds left.\n|\n|t:|1782864877\n|move|p1a: Dachsbun|Play Rough|p2a: Skeledirge\n|-resisted|p2a: Skeledirge\n|-damage|p2a: Skeledirge|249/294\n|move|p2a: Skeledirge|Will-O-Wisp|p1a: Dachsbun\n|-ability|p1a: Dachsbun|Well-Baked Body|boost\n|-boost|p1a: Dachsbun|def|2\n|\n|-end|p2a: Skeledirge|move: Yawn|[silent]\n|-status|p2a: Skeledirge|slp\n|upkeep\n|turn|5\n|\n|t:|1782864898\n|switch|p2a: Ho-Oh|Ho-Oh, L71|268/268\n|move|p1a: Dachsbun|Wish|p1a: Dachsbun\n|\n|upkeep\n|turn|6\n|\n|t:|1782864911\n|move|p1a: Dachsbun|Play Rough|p2a: Ho-Oh\n|-resisted|p2a: Ho-Oh\n|-damage|p2a: Ho-Oh|216/268\n|move|p2a: Ho-Oh|Sacred Fire|p1a: Dachsbun\n|-ability|p1a: Dachsbun|Well-Baked Body|boost\n|-boost|p1a: Dachsbun|def|2\n|\n|-heal|p1a: Dachsbun|254/254|[from] move: Wish|[wisher] Dachsbun\n|upkeep\n|turn|7\n|\n|t:|1782864924\n|move|p1a: Dachsbun|Play Rough|p2a: Ho-Oh\n|-resisted|p2a: Ho-Oh\n|-damage|p2a: Ho-Oh|156/268\n|move|p2a: Ho-Oh|Earthquake|p1a: Dachsbun\n|-damage|p1a: Dachsbun|236/254\n|\n|upkeep\n|turn|8\n|inactive|Soparoz has 90 seconds left.\n|\n|t:|1782864953\n|switch|p2a: Skeledirge|Skeledirge, L79, M|249/294 slp\n|move|p1a: Dachsbun|Play Rough|p2a: Skeledirge\n|-resisted|p2a: Skeledirge\n|-damage|p2a: Skeledirge|200/294 slp\n|\n|upkeep\n|turn|9\n|inactive|Soparoz has 90 seconds left.\n|\n|t:|1782864964\n|move|p1a: Dachsbun|Play Rough|p2a: Skeledirge\n|-resisted|p2a: Skeledirge\n|-damage|p2a: Skeledirge|157/294 slp\n|cant|p2a: Skeledirge|slp\n|\n|upkeep\n|turn|10\n|inactive|Soparoz has 90 seconds left.\n|\n|t:|1782864970\n|move|p1a: Dachsbun|Play Rough|p2a: Skeledirge\n|-resisted|p2a: Skeledirge\n|-damage|p2a: Skeledirge|109/294 slp\n|-curestatus|p2a: Skeledirge|slp|[msg]\n|move|p2a: Skeledirge|Slack Off|p2a: Skeledirge\n|-heal|p2a: Skeledirge|256/294\n|\n|upkeep\n|turn|11\n|inactive|Soparoz has 90 seconds left.\n|\n|t:|1782864983\n|move|p1a: Dachsbun|Protect|p1a: Dachsbun\n|-singleturn|p1a: Dachsbun|Protect\n|move|p2a: Skeledirge|Hex|p1a: Dachsbun\n|-activate|p1a: Dachsbun|move: Protect\n|\n|upkeep\n|turn|12\n|\n|t:|1782864998\n|switch|p1a: Dragalge|Dragalge, L88, F|258/258\n|move|p2a: Skeledirge|Hex|p1a: Dragalge\n|-damage|p1a: Dragalge|204/258\n|\n|upkeep\n|turn|13\n|inactive|Soparoz has 90 seconds left.\n|\n|t:|1782865013\n|move|p2a: Skeledirge|Torch Song|p1a: Dragalge\n|-resisted|p1a: Dragalge\n|-damage|p1a: Dragalge|176/258\n|-boost|p2a: Skeledirge|spa|1\n|move|p1a: Dragalge|Flip Turn|p2a: Skeledirge\n|-supereffective|p2a: Skeledirge\n|-damage|p2a: Skeledirge|184/294\n|\n|t:|1782865018\n|switch|p1a: Azelf|Azelf, L82|257/257|[from] Flip Turn\n|\n|upkeep\n|turn|14\n|\n|t:|1782865026\n|move|p1a: Azelf|Knock Off|p2a: Skeledirge\n|-supereffective|p2a: Skeledirge\n|-damage|p2a: Skeledirge|0 fnt\n|-enditem|p2a: Skeledirge|Heavy-Duty Boots|[from] move: Knock Off|[of] p1a: Azelf\n|faint|p2a: Skeledirge\n|-damage|p1a: Azelf|232/257|[from] item: Life Orb\n|\n|upkeep\n|\n|t:|1782865040\n|switch|p2a: Scrafty|Scrafty, L83, F|226/244\n|turn|15\n|inactive|Soparoz has 90 seconds left.\n|\n|t:|1782865068\n|switch|p1a: Dachsbun|Dachsbun, L92, F|236/254\n|switch|p2a: Ho-Oh|Ho-Oh, L71|245/268\n|\n|upkeep\n|turn|16\n|\n|t:|1782865083\n|switch|p1a: Azelf|Azelf, L82|232/257\n|move|p2a: Ho-Oh|Brave Bird|p1a: Azelf\n|-damage|p1a: Azelf|79/257\n|-damage|p2a: Ho-Oh|195/268|[from] Recoil\n|\n|upkeep\n|turn|17\n|\n|t:|1782865100\n|move|p1a: Azelf|Knock Off|p2a: Ho-Oh\n|-damage|p2a: Ho-Oh|65/268\n|-enditem|p2a: Ho-Oh|Heavy-Duty Boots|[from] move: Knock Off|[of] p1a: Azelf\n|-damage|p1a: Azelf|54/257|[from] item: Life Orb\n|move|p2a: Ho-Oh|Earthquake|p1a: Azelf\n|-immune|p1a: Azelf|[from] ability: Levitate\n|\n|upkeep\n|turn|18\n|\n|t:|1782865111\n|switch|p2a: Scrafty|Scrafty, L83, F|226/244\n|move|p1a: Azelf|Psychic|p2a: Scrafty\n|-immune|p2a: Scrafty\n|\n|-heal|p2a: Scrafty|241/244|[from] item: Leftovers\n|upkeep\n|turn|19\n|\n|t:|1782865127\n|switch|p1a: Dachsbun|Dachsbun, L92, F|236/254\n|switch|p2a: Ho-Oh|Ho-Oh, L71|154/268\n|\n|upkeep\n|turn|20\n|\n|t:|1782865140\n|move|p1a: Dachsbun|Wish|p1a: Dachsbun\n|move|p2a: Ho-Oh|Earthquake|p1a: Dachsbun\n|-damage|p1a: Dachsbun|190/254\n|\n|upkeep\n|turn|21\n|\n|t:|1782865152\n|switch|p2a: Scrafty|Scrafty, L83, F|241/244\n|move|p1a: Dachsbun|Protect||[still]\n|-fail|p1a: Dachsbun\n|\n|-heal|p1a: Dachsbun|254/254|[from] move: Wish|[wisher] Dachsbun\n|-heal|p2a: Scrafty|244/244|[from] item: Leftovers\n|upkeep\n|turn|22\n|inactive|Soparoz has 60 seconds left.\n|\n|t:|1782865176\n|switch|p2a: Ho-Oh|Ho-Oh, L71|243/268\n|move|p1a: Dachsbun|Wish|p1a: Dachsbun\n|\n|upkeep\n|turn|23\n|\n|t:|1782865186\n|move|p1a: Dachsbun|Yawn|p2a: Ho-Oh\n|-start|p2a: Ho-Oh|move: Yawn|[of] p1a: Dachsbun\n|move|p2a: Ho-Oh|Brave Bird|p1a: Dachsbun\n|-damage|p1a: Dachsbun|160/254\n|-damage|p2a: Ho-Oh|212/268|[from] Recoil\n|\n|-heal|p1a: Dachsbun|254/254|[from] move: Wish|[wisher] Dachsbun\n|upkeep\n|turn|24\n|\n|t:|1782865199\n|switch|p2a: Calyrex|Calyrex-Ice, L72|263/263\n|-ability|p2a: Calyrex|As One\n|-ability|p2a: Calyrex|Unnerve\n|move|p1a: Dachsbun|Wish|p1a: Dachsbun\n|\n|upkeep\n|turn|25\n|inactive|Soparoz has 60 seconds left.\n|\n|t:|1782865224\n|switch|p1a: Houndstone|Houndstone, L86, M|264/264\n|move|p2a: Calyrex|Glacial Lance|p1a: Houndstone\n|-damage|p1a: Houndstone|137/264\n|\n|-heal|p1a: Houndstone|264/264|[from] move: Wish|[wisher] Dachsbun\n|upkeep\n|turn|26\n|inactive|Soparoz has 60 seconds left.\n|\n|t:|1782865235\n|switch|p2a: Scrafty|Scrafty, L83, F|244/244\n|move|p1a: Houndstone|Poltergeist|p2a: Scrafty\n|-activate|p2a: Scrafty|move: Poltergeist|Leftovers\n|-resisted|p2a: Scrafty\n|-damage|p2a: Scrafty|193/244\n|\n|-heal|p2a: Scrafty|208/244|[from] item: Leftovers\n|upkeep\n|turn|27\n|inactive|Soparoz has 60 seconds left.\n|\n|t:|1782865256\n|-terastallize|p1a: Houndstone|Fighting\n|move|p1a: Houndstone|Body Press|p2a: Scrafty\n|-supereffective|p2a: Scrafty\n|-damage|p2a: Scrafty|68/244\n|move|p2a: Scrafty|Bulk Up|p2a: Scrafty\n|-boost|p2a: Scrafty|atk|1\n|-boost|p2a: Scrafty|def|1\n|\n|-heal|p2a: Scrafty|83/244|[from] item: Leftovers\n|upkeep\n|turn|28\n|\n|t:|1782865268\n|move|p1a: Houndstone|Body Press|p2a: Scrafty\n|-supereffective|p2a: Scrafty\n|-damage|p2a: Scrafty|0 fnt\n|faint|p2a: Scrafty\n|\n|upkeep\n|\n|t:|1782865280\n|switch|p2a: Ho-Oh|Ho-Oh, L71|268/268\n|turn|29\n|\n|t:|1782865285\n|move|p2a: Ho-Oh|Brave Bird|p1a: Houndstone\n|-supereffective|p1a: Houndstone\n|-damage|p1a: Houndstone|155/264\n|-damage|p2a: Ho-Oh|232/268|[from] Recoil\n|move|p1a: Houndstone|Poltergeist||[still]\n|-fail|p1a: Houndstone\n|\n|-heal|p1a: Houndstone|171/264|[from] item: Leftovers\n|upkeep\n|turn|30\n|\n|t:|1782865296\n|switch|p1a: Dachsbun|Dachsbun, L92, F|254/254\n|move|p2a: Ho-Oh|Brave Bird|p1a: Dachsbun\n|-damage|p1a: Dachsbun|172/254\n|-damage|p2a: Ho-Oh|205/268|[from] Recoil\n|\n|upkeep\n|turn|31\n|inactive|Soparoz has 60 seconds left.\n|\n|t:|1782865305\n|move|p1a: Dachsbun|Wish|p1a: Dachsbun\n|move|p2a: Ho-Oh|Brave Bird|p1a: Dachsbun\n|-damage|p1a: Dachsbun|85/254\n|-damage|p2a: Ho-Oh|176/268|[from] Recoil\n|\n|upkeep\n|turn|32\n|\n|t:|1782865312\n|move|p1a: Dachsbun|Protect|p1a: Dachsbun\n|-singleturn|p1a: Dachsbun|Protect\n|move|p2a: Ho-Oh|Brave Bird|p1a: Dachsbun\n|-activate|p1a: Dachsbun|move: Protect\n|\n|-heal|p1a: Dachsbun|212/254|[from] move: Wish|[wisher] Dachsbun\n|upkeep\n|turn|33\n|\n|t:|1782865325\n|move|p1a: Dachsbun|Wish|p1a: Dachsbun\n|move|p2a: Ho-Oh|Brave Bird|p1a: Dachsbun\n|-damage|p1a: Dachsbun|122/254\n|-damage|p2a: Ho-Oh|146/268|[from] Recoil\n|\n|upkeep\n|turn|34\n|\n|t:|1782865342\n|switch|p2a: Palkia|Palkia-Origin, L72|249/249\n|-ability|p2a: Palkia|Pressure\n|move|p1a: Dachsbun|Protect||[still]\n|-fail|p1a: Dachsbun\n|\n|-heal|p1a: Dachsbun|249/254|[from] move: Wish|[wisher] Dachsbun\n|upkeep\n|turn|35\n|\n|t:|1782865354\n|move|p1a: Dachsbun|Play Rough|p2a: Palkia\n|-supereffective|p2a: Palkia\n|-damage|p2a: Palkia|25/249\n|move|p2a: Palkia|Thunder Wave|p1a: Dachsbun\n|-status|p1a: Dachsbun|par\n|\n|upkeep\n|turn|36\n|inactive|Soparoz has 60 seconds left.\n|\n|t:|1782865374\n|move|p2a: Palkia|Hydro Pump|p1a: Dachsbun\n|-damage|p1a: Dachsbun|96/254 par\n|move|p1a: Dachsbun|Wish|p1a: Dachsbun\n|\n|upkeep\n|turn|37\n|\n|t:|1782865381\n|cant|p1a: Dachsbun|par\n|move|p2a: Palkia|Hydro Pump|p1a: Dachsbun\n|-crit|p1a: Dachsbun\n|-damage|p1a: Dachsbun|0 fnt\n|faint|p1a: Dachsbun\n|\n|upkeep\n|\n|t:|1782865384\n|switch|p1a: Azelf|Azelf, L82|54/257\n|turn|38\n|\n|t:|1782865389\n|switch|p2a: Ho-Oh|Ho-Oh, L71|235/268\n|move|p1a: Azelf|Knock Off|p2a: Ho-Oh\n|-damage|p2a: Ho-Oh|149/268\n|-damage|p1a: Azelf|29/257|[from] item: Life Orb\n|\n|upkeep\n|turn|39\n|\n|t:|1782865400\n|move|p1a: Azelf|Psychic|p2a: Ho-Oh\n|-damage|p2a: Ho-Oh|42/268\n|-damage|p1a: Azelf|4/257|[from] item: Life Orb\n|move|p2a: Ho-Oh|Recover|p2a: Ho-Oh\n|-heal|p2a: Ho-Oh|176/268\n|\n|upkeep\n|turn|40\n|\n|t:|1782865413\n|move|p1a: Azelf|Taunt|p2a: Ho-Oh\n|-start|p2a: Ho-Oh|move: Taunt\n|cant|p2a: Ho-Oh|move: Taunt|Recover\n|\n|upkeep\n|turn|41\n|\n|t:|1782865423\n|move|p1a: Azelf|Knock Off|p2a: Ho-Oh\n|-damage|p2a: Ho-Oh|98/268\n|-damage|p1a: Azelf|0 fnt|[from] item: Life Orb\n|faint|p1a: Azelf\n|move|p2a: Ho-Oh|Sacred Fire|p1: Azelf|[notarget]\n|-fail|p2a: Ho-Oh\n|\n|upkeep\n|\n|t:|1782865430\n|switch|p1a: Iron Crown|Iron Crown, L78|268/268\n|turn|42\n|inactive|Soparoz has 90 seconds left.\n|\n|t:|1782865442\n|switch|p2a: Palkia|Palkia-Origin, L72|25/249\n|-ability|p2a: Palkia|Pressure\n|move|p1a: Iron Crown|Psyshock|p2a: Palkia\n|-damage|p2a: Palkia|0 fnt\n|faint|p2a: Palkia\n|\n|upkeep\n|inactive|Soparoz has 60 seconds left.\n|\n|t:|1782865482\n|switch|p2a: Ho-Oh|Ho-Oh, L71|187/268\n|turn|43\n|inactive|Soparoz has 60 seconds left.\n|\n|t:|1782865491\n|-end|p1a: Iron Crown|Quark Drive|[silent]\n|switch|p1a: Houndstone|Houndstone, L86, M, tera:Fighting|171/264\n|move|p2a: Ho-Oh|Recover|p2a: Ho-Oh\n|-heal|p2a: Ho-Oh|268/268\n|\n|-heal|p1a: Houndstone|187/264|[from] item: Leftovers\n|upkeep\n|turn|44\n|inactive|Soparoz has 60 seconds left.\n|\n|t:|1782865511\n|switch|p1a: Articuno|Articuno, L86|295/295\n|-ability|p1a: Articuno|Pressure\n|move|p2a: Ho-Oh|Brave Bird|p1a: Articuno\n|-damage|p1a: Articuno|198/295\n|-damage|p2a: Ho-Oh|236/268|[from] Recoil\n|\n|upkeep\n|turn|45\n|\n|t:|1782865521\n|move|p1a: Articuno|Substitute|p1a: Articuno\n|-start|p1a: Articuno|Substitute\n|-damage|p1a: Articuno|125/295\n|move|p2a: Ho-Oh|Sacred Fire|p1a: Articuno\n|-supereffective|p1a: Articuno\n|-end|p1a: Articuno|Substitute\n|\n|upkeep\n|turn|46\n|\n|t:|1782865529\n|move|p1a: Articuno|Substitute|p1a: Articuno\n|-start|p1a: Articuno|Substitute\n|-damage|p1a: Articuno|52/295\n|move|p2a: Ho-Oh|Sacred Fire|p1a: Articuno\n|-supereffective|p1a: Articuno\n|-end|p1a: Articuno|Substitute\n|\n|upkeep\n|turn|47\n|inactive|Soparoz has 60 seconds left.\n|\n|t:|1782865549\n|switch|p1a: Houndstone|Houndstone, L86, M, tera:Fighting|187/264\n|move|p2a: Ho-Oh|Brave Bird|p1a: Houndstone\n|-supereffective|p1a: Houndstone\n|-damage|p1a: Houndstone|75/264\n|-damage|p2a: Ho-Oh|199/268|[from] Recoil\n|\n|-heal|p1a: Houndstone|91/264|[from] item: Leftovers\n|upkeep\n|turn|48\n|\n|t:|1782865567\n|move|p2a: Ho-Oh|Recover|p2a: Ho-Oh\n|-heal|p2a: Ho-Oh|268/268\n|move|p1a: Houndstone|Rest|p1a: Houndstone\n|-status|p1a: Houndstone|slp|[from] move: Rest\n|-heal|p1a: Houndstone|264/264 slp|[silent]\n|\n|upkeep\n|turn|49\n|\n|t:|1782865588\n|move|p2a: Ho-Oh|Brave Bird|p1a: Houndstone\n|-supereffective|p1a: Houndstone\n|-damage|p1a: Houndstone|156/264 slp\n|-damage|p2a: Ho-Oh|232/268|[from] Recoil\n|cant|p1a: Houndstone|slp\n|move|p1a: Houndstone|Sleep Talk|p1a: Houndstone\n|move|p1a: Houndstone|Poltergeist||[from] move: Sleep Talk|[still]\n|-fail|p1a: Houndstone\n|\n|-heal|p1a: Houndstone|172/264 slp|[from] item: Leftovers\n|upkeep\n|turn|50\n|\n|t:|1782865600\n|move|p2a: Ho-Oh|Brave Bird|p1a: Houndstone\n|-supereffective|p1a: Houndstone\n|-damage|p1a: Houndstone|69/264 slp\n|-damage|p2a: Ho-Oh|198/268|[from] Recoil\n|cant|p1a: Houndstone|slp\n|move|p1a: Houndstone|Sleep Talk|p1a: Houndstone\n|move|p1a: Houndstone|Poltergeist||[from] move: Sleep Talk|[still]\n|-fail|p1a: Houndstone\n|\n|-heal|p1a: Houndstone|85/264 slp|[from] item: Leftovers\n|upkeep\n|turn|51\n|\n|t:|1782865613\n|move|p2a: Ho-Oh|Brave Bird|p1a: Houndstone\n|-supereffective|p1a: Houndstone\n|-damage|p1a: Houndstone|0 fnt\n|faint|p1a: Houndstone\n|-damage|p2a: Ho-Oh|170/268|[from] Recoil\n|\n|upkeep\n|\n|t:|1782865619\n|switch|p1a: Articuno|Articuno, L86|52/295\n|-ability|p1a: Articuno|Pressure\n|turn|52\n|inactive|Soparoz has 60 seconds left.\n|\n|t:|1782865630\n|switch|p2a: Calyrex|Calyrex-Ice, L72|263/263\n|-ability|p2a: Calyrex|As One\n|-ability|p2a: Calyrex|Unnerve\n|move|p1a: Articuno|Roost|p1a: Articuno\n|-heal|p1a: Articuno|200/295\n|-singleturn|p1a: Articuno|move: Roost\n|\n|upkeep\n|turn|53\n|inactive|Soparoz has 60 seconds left.\n|\n|t:|1782865645\n|move|p1a: Articuno|Roost|p1a: Articuno\n|-heal|p1a: Articuno|295/295\n|-singleturn|p1a: Articuno|move: Roost\n|move|p2a: Calyrex|Trick Room|p2a: Calyrex\n|-fieldstart|move: Trick Room|[of] p2a: Calyrex\n|\n|upkeep\n|turn|54\n|inactive|Soparoz has 60 seconds left.\n|\n|t:|1782865658\n|move|p2a: Calyrex|Glacial Lance|p1a: Articuno\n|-damage|p1a: Articuno|160/295\n|move|p1a: Articuno|Substitute|p1a: Articuno\n|-start|p1a: Articuno|Substitute\n|-damage|p1a: Articuno|87/295\n|\n|upkeep\n|turn|55\n|inactive|Soparoz has 60 seconds left.\n|\n|t:|1782865666\n|move|p2a: Calyrex|Glacial Lance|p1a: Articuno\n|-end|p1a: Articuno|Substitute\n|move|p1a: Articuno|Roost|p1a: Articuno\n|-heal|p1a: Articuno|235/295\n|-singleturn|p1a: Articuno|move: Roost\n|\n|upkeep\n|turn|56\n|\n|t:|1782865675\n|move|p2a: Calyrex|Glacial Lance|p1a: Articuno\n|-damage|p1a: Articuno|97/295\n|move|p1a: Articuno|Roost|p1a: Articuno\n|-heal|p1a: Articuno|245/295\n|-singleturn|p1a: Articuno|move: Roost\n|\n|upkeep\n|turn|57\n|\n|t:|1782865683\n|move|p2a: Calyrex|Glacial Lance|p1a: Articuno\n|-damage|p1a: Articuno|122/295\n|move|p1a: Articuno|Substitute|p1a: Articuno\n|-start|p1a: Articuno|Substitute\n|-damage|p1a: Articuno|49/295\n|\n|-fieldend|move: Trick Room\n|upkeep\n|turn|58\n|\n|t:|1782865699\n|switch|p2a: Ho-Oh|Ho-Oh, L71|259/268\n|move|p1a: Articuno|Roost|p1a: Articuno\n|-heal|p1a: Articuno|197/295\n|-singleturn|p1a: Articuno|move: Roost\n|\n|upkeep\n|turn|59\n|\n|t:|1782865709\n|move|p1a: Articuno|Brave Bird|p2a: Ho-Oh\n|-damage|p2a: Ho-Oh|114/268\n|-damage|p1a: Articuno|149/295|[from] Recoil\n|move|p2a: Ho-Oh|Brave Bird|p1a: Articuno\n|-crit|p1a: Articuno\n|-end|p1a: Articuno|Substitute\n|-damage|p2a: Ho-Oh|90/268|[from] Recoil|[of] p1a: Articuno\n|\n|upkeep\n|turn|60\n|inactive|Soparoz has 60 seconds left.\n|\n|t:|1782865724\n|switch|p2a: Calyrex|Calyrex-Ice, L72|263/263\n|-ability|p2a: Calyrex|As One\n|-ability|p2a: Calyrex|Unnerve\n|move|p1a: Articuno|Brave Bird|p2a: Calyrex\n|-damage|p2a: Calyrex|169/263\n|-damage|p1a: Articuno|118/295|[from] Recoil\n|\n|upkeep\n|turn|61\n|inactive|Soparoz has 60 seconds left.\n|\n|t:|1782865741\n|move|p1a: Articuno|Roost|p1a: Articuno\n|-heal|p1a: Articuno|266/295\n|-singleturn|p1a: Articuno|move: Roost\n|move|p2a: Calyrex|Close Combat|p1a: Articuno\n|-supereffective|p1a: Articuno\n|-damage|p1a: Articuno|80/295\n|-unboost|p2a: Calyrex|def|1\n|-unboost|p2a: Calyrex|spd|1\n|\n|upkeep\n|turn|62\n|inactive|Soparoz has 60 seconds left.\n|\n|t:|1782865751\n|move|p1a: Articuno|Roost|p1a: Articuno\n|-heal|p1a: Articuno|228/295\n|-singleturn|p1a: Articuno|move: Roost\n|move|p2a: Calyrex|Trick Room|p2a: Calyrex\n|-fieldstart|move: Trick Room|[of] p2a: Calyrex\n|\n|upkeep\n|turn|63\n|\n|t:|1782865759\n|move|p2a: Calyrex|Close Combat|p1a: Articuno\n|-damage|p1a: Articuno|138/295\n|-unboost|p2a: Calyrex|def|1\n|-unboost|p2a: Calyrex|spd|1\n|move|p1a: Articuno|Brave Bird|p2a: Calyrex\n|-damage|p2a: Calyrex|0 fnt\n|faint|p2a: Calyrex\n|-damage|p1a: Articuno|82/295|[from] Recoil\n|\n|upkeep\n|inactive|Soparoz has 60 seconds left.\n|\n|t:|1782865771\n|switch|p2a: Ho-Oh|Ho-Oh, L71|179/268\n|turn|64\n|inactive|Soparoz has 60 seconds left.\n|\n|t:|1782865782\n|switch|p1a: Dragalge|Dragalge, L88, F|176/258\n|move|p2a: Ho-Oh|Brave Bird|p1a: Dragalge\n|-crit|p1a: Dragalge\n|-damage|p1a: Dragalge|5/258\n|-damage|p2a: Ho-Oh|123/268|[from] Recoil\n|\n|upkeep\n|turn|65\n|inactive|Soparoz has 60 seconds left.\n|\n|t:|1782865797\n|switch|p2a: Hawlucha|Hawlucha, L80, M|256/256\n|move|p1a: Dragalge|Draco Meteor|p2a: Hawlucha|[miss]\n|-miss|p1a: Dragalge|p2a: Hawlucha\n|\n|upkeep\n|turn|66\n|\n|t:|1782865805\n|switch|p2a: Ho-Oh|Ho-Oh, L71|212/268\n|move|p1a: Dragalge|Draco Meteor|p2a: Ho-Oh\n|-damage|p2a: Ho-Oh|0 fnt\n|-unboost|p1a: Dragalge|spa|2\n|faint|p2a: Ho-Oh\n|\n|-fieldend|move: Trick Room\n|upkeep\n|\n|t:|1782865815\n|switch|p2a: Hawlucha|Hawlucha, L80, M|256/256\n|turn|67\n|\n|t:|1782865825\n|move|p2a: Hawlucha|Swords Dance|p2a: Hawlucha\n|-boost|p2a: Hawlucha|atk|2\n|move|p1a: Dragalge|Draco Meteor|p2a: Hawlucha\n|-damage|p2a: Hawlucha|58/256\n|-unboost|p1a: Dragalge|spa|2\n|\n|upkeep\n|turn|68\n|\n|t:|1782865836\n|move|p2a: Hawlucha|Close Combat|p1a: Dragalge\n|-resisted|p1a: Dragalge\n|-damage|p1a: Dragalge|0 fnt\n|-unboost|p2a: Hawlucha|def|1\n|-unboost|p2a: Hawlucha|spd|1\n|faint|p1a: Dragalge\n|-enditem|p2a: Hawlucha|White Herb\n|-clearnegativeboost|p2a: Hawlucha|[silent]\n|\n|upkeep\n|\n|t:|1782865839\n|switch|p1a: Iron Crown|Iron Crown, L78|268/268\n|turn|69\n|\n|t:|1782865858\n|move|p2a: Hawlucha|Close Combat|p1a: Iron Crown\n|-damage|p1a: Iron Crown|63/268\n|-unboost|p2a: Hawlucha|def|1\n|-unboost|p2a: Hawlucha|spd|1\n|move|p1a: Iron Crown|Psyshock|p2a: Hawlucha\n|-supereffective|p2a: Hawlucha\n|-damage|p2a: Hawlucha|0 fnt\n|faint|p2a: Hawlucha\n|\n|win|Ladder Newb\n|raw|Ladder Newb's rating: 1356 &rarr; <strong>1376</strong><br />(+20 for winning)\n|raw|Soparoz's rating: 1353 &rarr; <strong>1333</strong><br />(-20 for losing)\n|l|\u2606Soparoz\n|player|p2|\n|c|\u2606Ladder Newb|gg\n", "inputlog": ">version f8ac14003a5f27e1bdc8d8c59608a773c1cb96e5\n>start {\"formatid\":\"gen9randombattle\",\"seed\":\"sodium,22cdf6baef92d906e032c0c465c6ee9a\",\"rated\":\"Rated battle\"}\n>player p1 {\"name\":\"Ladder Newb\",\"avatar\":\"cynthia-masters3\",\"rating\":1356,\"seed\":\"sodium,9f7d5c2c756558c556651f27e4f1c925\"}\n>player p2 {\"name\":\"Soparoz\",\"avatar\":\"101\",\"rating\":1353,\"seed\":\"sodium,866c6da98369f1440d58964d2fad6af8\"}\n>p1 move poltergeist\n>p2 switch 4\n>p1 switch 6\n>p2 move knockoff\n>p1 move yawn\n>p2 switch 2\n>p1 move playrough\n>p2 move willowisp\n>p1 move wish\n>p2 switch 4\n>p1 move playrough\n>p2 move sacredfire\n>p1 move playrough\n>p2 move earthquake\n>p1 move playrough\n>p2 switch 4\n>p1 move playrough\n>p2 move hex\n>p1 move playrough\n>p2 move slackoff\n>p1 move protect\n>p2 move hex\n>p1 switch 5\n>p2 move hex\n>p1 move flipturn\n>p2 move torchsong\n>p1 switch 4\n>p1 move knockoff\n>p2 move slackoff\n>p2 switch 2\n>p1 switch 5\n>p2 switch 4\n>p1 switch 5\n>p2 move bravebird\n>p1 move knockoff\n>p2 move earthquake\n>p1 move psychic\n>p2 switch 4\n>p1 switch 5\n>p2 switch 4\n>p1 move wish\n>p2 move earthquake\n>p1 move protect\n>p2 switch 4\n>p1 move wish\n>p2 switch 4\n>p1 move yawn\n>p2 move bravebird\n>p1 move wish\n>p2 switch 6\n>p1 switch 6\n>p2 move glaciallance\n>p1 move poltergeist\n>p2 switch 4\n>p1 move bodypress terastallize\n>p2 move bulkup\n>p1 move bodypress\n>p2 move rest\n>p2 switch 6\n>p1 move poltergeist\n>p2 move bravebird\n>p1 switch 6\n>p2 move bravebird\n>p1 move wish\n>p2 move bravebird\n>p1 move protect\n>p2 move bravebird\n>p1 move wish\n>p2 move bravebird\n>p1 move protect\n>p2 switch 5\n>p1 move playrough\n>p2 move thunderwave\n>p1 move wish\n>p2 move hydropump\n>p1 move protect\n>p2 move hydropump\n>p1 switch 5\n>p1 move knockoff\n>p2 switch 5\n>p1 move psychic\n>p2 move recover\n>p1 move taunt\n>p2 move recover\n>p1 move knockoff\n>p2 move sacredfire\n>p1 switch 3\n>p1 move psyshock\n>p2 switch 5\n>p2 switch 5\n>p1 switch 6\n>p2 move recover\n>p1 switch 2\n>p2 move bravebird\n>p1 move substitute\n>p2 move sacredfire\n>p1 move substitute\n>p2 move sacredfire\n>p1 switch 2\n>p2 move bravebird\n>p1 move rest\n>p2 move recover\n>p1 move sleeptalk\n>p2 move bravebird\n>p1 move sleeptalk\n>p2 move bravebird\n>p1 move sleeptalk\n>p2 move bravebird\n>p1 switch 2\n>p1 move roost\n>p2 switch 4\n>p1 move roost\n>p2 move trickroom\n>p1 move substitute\n>p2 move glaciallance\n>p1 move roost\n>p2 move glaciallance\n>p1 move roost\n>p2 move glaciallance\n>p1 move substitute\n>p2 move glaciallance\n>p1 move roost\n>p2 switch 4\n>p1 move bravebird\n>p2 move bravebird\n>p1 move bravebird\n>p2 switch 4\n>p1 move roost\n>p2 move closecombat\n>p1 move roost\n>p2 move trickroom\n>p1 move bravebird\n>p2 move closecombat\n>p2 switch 4\n>p1 switch 4\n>p2 move bravebird\n>p1 move dracometeor\n>p2 switch 3\n>p1 move dracometeor\n>p2 switch 3\n>p2 switch 3\n>p1 move dracometeor\n>p2 move swordsdance\n>p1 move dracometeor\n>p2 move closecombat\n>p1 switch 6\n>p1 move psyshock\n>p2 move closecombat", "uploadtime": 1782865871, "views": 12, "formatid": "gen9randombattle", "rating": 1333, "private": 0, "password": null, "player_dets": [{"name": "Ladder Newb", "avatar": "cynthia-masters3", "rating": 1356, "seed": "sodium,9f7d5c2c756558c556651f27e4f1c925"}, {"name": "Soparoz", "avatar": "101", "rating": 1353, "seed": "sodium,866c6da98369f1440d58964d2fad6af8"}], "teams_full": [{"Houndstone": {"name": "Houndstone", "species": "Houndstone", "speciesId": "houndstone", "gender": "M", "shiny": false, "level": 86, "moves": ["rest", "sleeptalk", "bodypress", "poltergeist"], "ability": "Fluffy", "evs": {"hp": 85, "atk": 85, "def": 85, "spa": 85, "spd": 85, "spe": 85}, "ivs": {"hp": 31, "atk": 31, "def": 31, "spa": 31, "spd": 31, "spe": 31}, "item": "Leftovers", "teraType": "Fighting", "role": "Bulky Support", "bvs": {"hp": 72, "atk": 101, "def": 100, "spa": 50, "spd": 97, "spe": 68}, "stats": {"hp": 264, "atk": 223, "def": 221, "spa": 135, "spd": 216, "spe": 166}, "types": ["Ghost"]}, "Articuno": {"name": "Articuno", "species": "Articuno", "speciesId": "articuno", "gender": "N", "shiny": false, "level": 86, "moves": ["roost", "substitute", "freezedry", "bravebird"], "ability": "Pressure", "evs": {"hp": 85, "atk": 85, "def": 85, "spa": 85, "spd": 85, "spe": 85}, "ivs": {"hp": 31, "atk": 31, "def": 31, "spa": 31, "spd": 31, "spe": 31}, "item": "Heavy-Duty Boots", "teraType": "Steel", "role": "Bulky Support", "bvs": {"hp": 90, "atk": 85, "def": 100, "spa": 95, "spd": 125, "spe": 85}, "stats": {"hp": 295, "atk": 195, "def": 221, "spa": 213, "spd": 264, "spe": 195}, "types": ["Ice", "Flying"]}, "Iron Crown": {"name": "Iron Crown", "species": "Iron Crown", "speciesId": "ironcrown", "gender": "N", "shiny": false, "level": 78, "moves": ["focusblast", "tachyoncutter", "psyshock", "calmmind"], "ability": "Quark Drive", "evs": {"hp": 85, "atk": 0, "def": 85, "spa": 85, "spd": 85, "spe": 85}, "ivs": {"hp": 31, "atk": 0, "def": 31, "spa": 31, "spd": 31, "spe": 31}, "item": "Leftovers", "teraType": "Steel", "role": "Bulky Setup", "bvs": {"hp": 90, "atk": 72, "def": 100, "spa": 122, "spd": 108, "spe": 98}, "stats": {"hp": 268, "atk": 117, "def": 201, "spa": 235, "spd": 214, "spe": 198}, "types": ["Steel", "Psychic"]}, "Azelf": {"name": "Azelf", "species": "Azelf", "speciesId": "azelf", "gender": "N", "shiny": false, "level": 82, "moves": ["psychic", "fireblast", "taunt", "knockoff"], "ability": "Levitate", "evs": {"hp": 85, "atk": 85, "def": 85, "spa": 85, "spd": 85, "spe": 85}, "ivs": {"hp": 31, "atk": 31, "def": 31, "spa": 31, "spd": 31, "spe": 31}, "item": "Life Orb", "teraType": "Dark", "role": "Fast Support", "bvs": {"hp": 75, "atk": 125, "def": 70, "spa": 125, "spd": 70, "spe": 115}, "stats": {"hp": 257, "atk": 252, "def": 162, "spa": 252, "spd": 162, "spe": 236}, "types": ["Psychic"]}, "Dragalge": {"name": "Dragalge", "species": "Dragalge", "speciesId": "dragalge", "gender": "F", "shiny": false, "level": 88, "moves": ["sludgewave", "focusblast", "flipturn", "dracometeor"], "ability": "Adaptability", "evs": {"hp": 85, "atk": 85, "def": 85, "spa": 85, "spd": 85, "spe": 85}, "ivs": {"hp": 31, "atk": 31, "def": 31, "spa": 31, "spd": 31, "spe": 31}, "item": "Choice Specs", "teraType": "Fighting", "role": "Bulky Attacker", "bvs": {"hp": 65, "atk": 75, "def": 90, "spa": 97, "spd": 123, "spe": 44}, "stats": {"hp": 258, "atk": 182, "def": 209, "spa": 221, "spd": 267, "spe": 128}, "types": ["Poison", "Dragon"]}, "Dachsbun": {"name": "Dachsbun", "species": "Dachsbun", "speciesId": "dachsbun", "gender": "F", "shiny": false, "level": 92, "moves": ["playrough", "wish", "protect", "yawn"], "ability": "Well-Baked Body", "evs": {"hp": 85, "atk": 85, "def": 85, "spa": 85, "spd": 85, "spe": 85}, "ivs": {"hp": 31, "atk": 31, "def": 31, "spa": 31, "spd": 31, "spe": 31}, "item": "Leftovers", "teraType": "Steel", "role": "Bulky Support", "bvs": {"hp": 57, "atk": 80, "def": 115, "spa": 50, "spd": 80, "spe": 95}, "stats": {"hp": 254, "atk": 200, "def": 264, "spa": 144, "spd": 200, "spe": 227}, "types": ["Fairy"]}}, {"Ho-Oh": {"name": "Ho-Oh", "species": "Ho-Oh", "speciesId": "hooh", "gender": "N", "shiny": false, "level": 71, "moves": ["sacredfire", "earthquake", "recover", "bravebird"], "ability": "Regenerator", "evs": {"hp": 85, "atk": 85, "def": 85, "spa": 85, "spd": 85, "spe": 85}, "ivs": {"hp": 31, "atk": 31, "def": 31, "spa": 31, "spd": 31, "spe": 31}, "item": "Heavy-Duty Boots", "teraType": "Ground", "role": "Bulky Attacker", "bvs": {"hp": 106, "atk": 130, "def": 90, "spa": 110, "spd": 154, "spe": 90}, "stats": {"hp": 268, "atk": 226, "def": 169, "spa": 198, "spd": 260, "spe": 169}, "types": ["Fire", "Flying"]}, "Skeledirge": {"name": "Skeledirge", "species": "Skeledirge", "speciesId": "skeledirge", "gender": "M", "shiny": false, "level": 79, "moves": ["slackoff", "torchsong", "hex", "willowisp"], "ability": "Unaware", "evs": {"hp": 85, "atk": 0, "def": 85, "spa": 85, "spd": 85, "spe": 85}, "ivs": {"hp": 31, "atk": 0, "def": 31, "spa": 31, "spd": 31, "spe": 31}, "item": "Heavy-Duty Boots", "teraType": "Water", "role": "Bulky Support", "bvs": {"hp": 104, "atk": 75, "def": 100, "spa": 110, "spd": 75, "spe": 66}, "stats": {"hp": 294, "atk": 123, "def": 204, "spa": 219, "spd": 164, "spe": 150}, "types": ["Fire", "Ghost"]}, "Hawlucha": {"name": "Hawlucha", "species": "Hawlucha", "speciesId": "hawlucha", "gender": "M", "shiny": false, "level": 80, "moves": ["swordsdance", "acrobatics", "closecombat", "bravebird"], "ability": "Unburden", "evs": {"hp": 85, "atk": 85, "def": 85, "spa": 85, "spd": 85, "spe": 85}, "ivs": {"hp": 31, "atk": 31, "def": 31, "spa": 31, "spd": 31, "spe": 31}, "item": "White Herb", "teraType": "Flying", "role": "Setup Sweeper", "bvs": {"hp": 78, "atk": 92, "def": 75, "spa": 74, "spd": 63, "spe": 118}, "stats": {"hp": 256, "atk": 193, "def": 166, "spa": 165, "spd": 147, "spe": 235}, "types": ["Fighting", "Flying"]}, "Scrafty": {"name": "Scrafty", "species": "Scrafty", "speciesId": "scrafty", "gender": "F", "shiny": false, "level": 83, "moves": ["rest", "drainpunch", "bulkup", "knockoff"], "ability": "Shed Skin", "evs": {"hp": 85, "atk": 85, "def": 85, "spa": 85, "spd": 85, "spe": 85}, "ivs": {"hp": 31, "atk": 31, "def": 31, "spa": 31, "spd": 31, "spe": 31}, "item": "Leftovers", "teraType": "Poison", "role": "Bulky Setup", "bvs": {"hp": 65, "atk": 90, "def": 115, "spa": 45, "spd": 115, "spe": 58}, "stats": {"hp": 244, "atk": 197, "def": 239, "spa": 122, "spd": 239, "spe": 144}, "types": ["Dark", "Fighting"]}, "Palkia": {"name": "Palkia", "species": "Palkia-Origin", "speciesId": "palkiaorigin", "gender": "N", "shiny": false, "level": 72, "moves": ["thunderwave", "fireblast", "hydropump", "spacialrend"], "ability": "Pressure", "evs": {"hp": 85, "atk": 0, "def": 85, "spa": 85, "spd": 85, "spe": 85}, "ivs": {"hp": 31, "atk": 0, "def": 31, "spa": 31, "spd": 31, "spe": 31}, "item": "Lustrous Globe", "teraType": "Water", "role": "Bulky Attacker", "bvs": {"hp": 90, "atk": 100, "def": 100, "spa": 150, "spd": 120, "spe": 120}, "stats": {"hp": 249, "atk": 149, "def": 186, "spa": 258, "spd": 215, "spe": 215}, "types": ["Water", "Dragon"]}, "Calyrex": {"name": "Calyrex", "species": "Calyrex-Ice", "speciesId": "calyrexice", "gender": "N", "shiny": false, "level": 72, "moves": ["highhorsepower", "glaciallance", "trickroom", "closecombat"], "ability": "As One (Glastrier)", "evs": {"hp": 85, "atk": 85, "def": 85, "spa": 85, "spd": 85, "spe": 0}, "ivs": {"hp": 31, "atk": 31, "def": 31, "spa": 31, "spd": 31, "spe": 0}, "item": "Heavy-Duty Boots", "teraType": "Ground", "role": "Wallbreaker", "bvs": {"hp": 100, "atk": 165, "def": 150, "spa": 85, "spd": 130, "spe": 50}, "stats": {"hp": 263, "atk": 280, "def": 258, "spa": 164, "spd": 229, "spe": 77}, "types": ["Psychic", "Ice"]}}]}