{"id": "gen9randombattle-2642153259", "format": "[Gen 9] Random Battle", "players": ["shadow_monarch831", "jnpr010334"], "log": "|j|\u2606shadow_monarch831\n|j|\u2606jnpr010334\n|t:|1782901300\n|gametype|singles\n|player|p1|shadow_monarch831|101|1661\n|player|p2|jnpr010334|265|1665\n|gen|9\n|tier|[Gen 9] Random Battle\n|rated|\n|rule|Species Clause: Limit one of each Pok\u00e9mon\n|rule|HP Percentage Mod: HP is shown in percentages\n|rule|Sleep Clause Mod: Limit one foe put to sleep\n|rule|Illusion Level Mod: Illusion disguises the Pok\u00e9mon's true level\n|\n|t:|1782901300\n|teamsize|p1|6\n|teamsize|p2|6\n|start\n|switch|p1a: Vaporeon|Vaporeon, L86, M|364/364\n|switch|p2a: Kricketune|Kricketune, L99, M|311/311\n|turn|1\n|inactive|Battle timer is ON: inactive players will automatically lose when time's up. (requested by jnpr010334)\n|\n|t:|1782901313\n|switch|p1a: Smeargle|Smeargle, L95, M|258/258\n|move|p2a: Kricketune|Sticky Web|p1a: Smeargle\n|-sidestart|p1: shadow_monarch831|move: Sticky Web\n|\n|upkeep\n|turn|2\n|\n|t:|1782901318\n|move|p1a: Smeargle|Spore|p2a: Kricketune\n|-status|p2a: Kricketune|slp|[from] move: Spore\n|cant|p2a: Kricketune|slp\n|\n|upkeep\n|turn|3\n|\n|t:|1782901321\n|switch|p2a: Iron Crown|Iron Crown, L78|268/268\n|move|p1a: Smeargle|Shell Smash|p1a: Smeargle\n|-unboost|p1a: Smeargle|def|1\n|-unboost|p1a: Smeargle|spd|1\n|-boost|p1a: Smeargle|atk|2\n|-boost|p1a: Smeargle|spa|2\n|-boost|p1a: Smeargle|spe|2\n|\n|upkeep\n|turn|4\n|\n|t:|1782901343\n|switch|p1a: Bisharp|Bisharp, L79, F|232/232\n|-activate|p1a: Bisharp|move: Sticky Web\n|-unboost|p1a: Bisharp|spe|1\n|-ability|p1a: Bisharp|Defiant|boost\n|-boost|p1a: Bisharp|atk|2\n|move|p2a: Iron Crown|Tachyon Cutter|p1a: Bisharp\n|-resisted|p1a: Bisharp\n|-damage|p1a: Bisharp|199/232\n|-resisted|p1a: Bisharp\n|-damage|p1a: Bisharp|166/232\n|-hitcount|p1a: Bisharp|2\n|\n|upkeep\n|turn|5\n|\n|t:|1782901347\n|-end|p2a: Iron Crown|Quark Drive|[silent]\n|switch|p2a: Dondozo|Dondozo, L78, M|362/362\n|move|p1a: Bisharp|Throat Chop|p2a: Dondozo\n|-damage|p2a: Dondozo|283/362\n|-start|p2a: Dondozo|Throat Chop|[silent]\n|\n|-heal|p2a: Dondozo|305/362|[from] item: Leftovers\n|upkeep\n|turn|6\n|\n|t:|1782901361\n|switch|p1a: Vaporeon|Vaporeon, L86, M|364/364\n|-activate|p1a: Vaporeon|move: Sticky Web\n|-unboost|p1a: Vaporeon|spe|1\n|move|p2a: Dondozo|Wave Crash|p1a: Vaporeon\n|-immune|p1a: Vaporeon|[from] ability: Water Absorb\n|\n|-heal|p2a: Dondozo|327/362|[from] item: Leftovers\n|-end|p2a: Dondozo|Throat Chop|[silent]\n|upkeep\n|turn|7\n|\n|t:|1782901364\n|switch|p2a: Meganium|Meganium, L90, M|290/290\n|move|p1a: Vaporeon|Scald|p2a: Meganium\n|-resisted|p2a: Meganium\n|-crit|p2a: Meganium\n|-damage|p2a: Meganium|233/290\n|\n|-heal|p2a: Meganium|251/290|[from] item: Leftovers\n|upkeep\n|turn|8\n|\n|t:|1782901372\n|move|p2a: Meganium|Swords Dance|p2a: Meganium\n|-boost|p2a: Meganium|atk|2\n|move|p1a: Vaporeon|Wish|p1a: Vaporeon\n|\n|-heal|p2a: Meganium|269/290|[from] item: Leftovers\n|upkeep\n|turn|9\n|\n|t:|1782901381\n|switch|p1a: Dragapult|Dragapult, L77, F|262/262\n|-activate|p1a: Dragapult|move: Sticky Web\n|-fail|p1a: Dragapult|unboost|[from] ability: Clear Body|[of] p1a: Dragapult\n|move|p2a: Meganium|Swords Dance|p2a: Meganium\n|-boost|p2a: Meganium|atk|2\n|\n|-heal|p2a: Meganium|287/290|[from] item: Leftovers\n|upkeep\n|turn|10\n|\n|t:|1782901398\n|-terastallize|p2a: Meganium|Steel\n|move|p1a: Dragapult|Fire Blast|p2a: Meganium\n|-supereffective|p2a: Meganium\n|-damage|p2a: Meganium|134/290\n|-damage|p1a: Dragapult|236/262|[from] item: Life Orb\n|move|p2a: Meganium|Knock Off|p1a: Dragapult\n|-supereffective|p1a: Dragapult\n|-damage|p1a: Dragapult|0 fnt\n|-enditem|p1a: Dragapult|Life Orb|[from] move: Knock Off|[of] p2a: Meganium\n|faint|p1a: Dragapult\n|\n|-heal|p2a: Meganium|152/290|[from] item: Leftovers\n|upkeep\n|inactive|shadow_monarch831 has 120 seconds left.\n|\n|t:|1782901424\n|switch|p1a: Keldeo|Keldeo-Resolute, L79|273/273\n|-activate|p1a: Keldeo|move: Sticky Web\n|-unboost|p1a: Keldeo|spe|1\n|turn|11\n|\n|t:|1782901428\n|-terastallize|p1a: Keldeo|Steel\n|move|p2a: Meganium|Petal Blizzard|p1a: Keldeo\n|-resisted|p1a: Keldeo\n|-damage|p1a: Keldeo|116/273\n|move|p1a: Keldeo|Secret Sword|p2a: Meganium\n|-supereffective|p2a: Meganium\n|-damage|p2a: Meganium|0 fnt\n|faint|p2a: Meganium\n|\n|-heal|p1a: Keldeo|133/273|[from] item: Leftovers\n|upkeep\n|\n|t:|1782901431\n|switch|p2a: Delphox|Delphox, L84, M|263/263\n|turn|12\n|\n|t:|1782901434\n|switch|p1a: Vaporeon|Vaporeon, L86, M|364/364\n|-activate|p1a: Vaporeon|move: Sticky Web\n|-unboost|p1a: Vaporeon|spe|1\n|move|p2a: Delphox|Fire Blast|p1a: Vaporeon\n|-resisted|p1a: Vaporeon\n|-damage|p1a: Vaporeon|271/364\n|\n|-heal|p1a: Vaporeon|293/364|[from] item: Leftovers\n|upkeep\n|turn|13\n|\n|t:|1782901441\n|switch|p2a: Kricketune|Kricketune, L99, M|311/311 slp\n|move|p1a: Vaporeon|Scald|p2a: Kricketune\n|-damage|p2a: Kricketune|190/311 slp\n|\n|-heal|p1a: Vaporeon|315/364|[from] item: Leftovers\n|upkeep\n|turn|14\n|\n|t:|1782901447\n|cant|p2a: Kricketune|slp\n|move|p1a: Vaporeon|Wish|p1a: Vaporeon\n|\n|-heal|p1a: Vaporeon|337/364|[from] item: Leftovers\n|upkeep\n|turn|15\n|\n|t:|1782901449\n|switch|p1a: Keldeo|Keldeo-Resolute, L79, tera:Steel|133/273\n|-activate|p1a: Keldeo|move: Sticky Web\n|-unboost|p1a: Keldeo|spe|1\n|cant|p2a: Kricketune|slp\n|\n|-heal|p1a: Keldeo|273/273|[from] move: Wish|[wisher] Vaporeon\n|upkeep\n|turn|16\n|\n|t:|1782901454\n|switch|p2a: Delphox|Delphox, L84, M|263/263\n|move|p1a: Keldeo|Substitute|p1a: Keldeo\n|-start|p1a: Keldeo|Substitute\n|-damage|p1a: Keldeo|205/273\n|\n|-heal|p1a: Keldeo|222/273|[from] item: Leftovers\n|upkeep\n|turn|17\n|\n|t:|1782901463\n|move|p2a: Delphox|Fire Blast|p1a: Keldeo\n|-supereffective|p1a: Keldeo\n|-end|p1a: Keldeo|Substitute\n|move|p1a: Keldeo|Hydro Pump|p2a: Delphox\n|-supereffective|p2a: Delphox\n|-damage|p2a: Delphox|21/263\n|\n|-heal|p1a: Keldeo|239/273|[from] item: Leftovers\n|upkeep\n|turn|18\n|\n|t:|1782901469\n|switch|p1a: Vaporeon|Vaporeon, L86, M|337/364\n|-activate|p1a: Vaporeon|move: Sticky Web\n|-unboost|p1a: Vaporeon|spe|1\n|move|p2a: Delphox|Fire Blast|p1a: Vaporeon\n|-resisted|p1a: Vaporeon\n|-damage|p1a: Vaporeon|203/364\n|\n|-heal|p1a: Vaporeon|225/364|[from] item: Leftovers\n|upkeep\n|turn|19\n|\n|t:|1782901474\n|move|p2a: Delphox|Fire Blast|p1a: Vaporeon\n|-resisted|p1a: Vaporeon\n|-damage|p1a: Vaporeon|99/364\n|move|p1a: Vaporeon|Scald|p2a: Delphox\n|-supereffective|p2a: Delphox\n|-damage|p2a: Delphox|0 fnt\n|faint|p2a: Delphox\n|\n|-heal|p1a: Vaporeon|121/364|[from] item: Leftovers\n|upkeep\n|\n|t:|1782901478\n|switch|p2a: Iron Crown|Iron Crown, L78|268/268\n|turn|20\n|\n|t:|1782901482\n|switch|p1a: Bisharp|Bisharp, L79, F|166/232\n|-activate|p1a: Bisharp|move: Sticky Web\n|-unboost|p1a: Bisharp|spe|1\n|-ability|p1a: Bisharp|Defiant|boost\n|-boost|p1a: Bisharp|atk|2\n|move|p2a: Iron Crown|Psyshock|p1a: Bisharp\n|-immune|p1a: Bisharp\n|\n|upkeep\n|turn|21\n|\n|t:|1782901488\n|-end|p2a: Iron Crown|Quark Drive|[silent]\n|switch|p2a: Dondozo|Dondozo, L78, M|327/362\n|move|p1a: Bisharp|Throat Chop|p2a: Dondozo\n|-damage|p2a: Dondozo|243/362\n|-start|p2a: Dondozo|Throat Chop|[silent]\n|\n|-heal|p2a: Dondozo|265/362|[from] item: Leftovers\n|upkeep\n|turn|22\n|\n|t:|1782901492\n|switch|p1a: Vaporeon|Vaporeon, L86, M|121/364\n|-activate|p1a: Vaporeon|move: Sticky Web\n|-unboost|p1a: Vaporeon|spe|1\n|move|p2a: Dondozo|Wave Crash|p1a: Vaporeon\n|-heal|p1a: Vaporeon|212/364|[from] ability: Water Absorb|[of] p2a: Dondozo\n|\n|-heal|p1a: Vaporeon|234/364|[from] item: Leftovers\n|-heal|p2a: Dondozo|287/362|[from] item: Leftovers\n|-end|p2a: Dondozo|Throat Chop|[silent]\n|upkeep\n|turn|23\n|\n|t:|1782901497\n|switch|p2a: Iron Crown|Iron Crown, L78|268/268\n|move|p1a: Vaporeon|Scald|p2a: Iron Crown\n|-damage|p2a: Iron Crown|177/268\n|\n|-heal|p1a: Vaporeon|256/364|[from] item: Leftovers\n|upkeep\n|turn|24\n|\n|t:|1782901506\n|move|p1a: Vaporeon|Protect|p1a: Vaporeon\n|-singleturn|p1a: Vaporeon|Protect\n|move|p2a: Iron Crown|Psyshock|p1a: Vaporeon\n|-activate|p1a: Vaporeon|move: Protect\n|\n|-heal|p1a: Vaporeon|278/364|[from] item: Leftovers\n|upkeep\n|turn|25\n|\n|t:|1782901513\n|switch|p1a: Bisharp|Bisharp, L79, F|166/232\n|-activate|p1a: Bisharp|move: Sticky Web\n|-unboost|p1a: Bisharp|spe|1\n|-ability|p1a: Bisharp|Defiant|boost\n|-boost|p1a: Bisharp|atk|2\n|move|p2a: Iron Crown|Psyshock|p1a: Bisharp\n|-immune|p1a: Bisharp\n|\n|upkeep\n|turn|26\n|\n|t:|1782901518\n|-end|p2a: Iron Crown|Quark Drive|[silent]\n|switch|p2a: Dondozo|Dondozo, L78, M|287/362\n|move|p1a: Bisharp|Throat Chop|p2a: Dondozo\n|-damage|p2a: Dondozo|203/362\n|-start|p2a: Dondozo|Throat Chop|[silent]\n|\n|-heal|p2a: Dondozo|225/362|[from] item: Leftovers\n|upkeep\n|turn|27\n|\n|t:|1782901521\n|switch|p1a: Vaporeon|Vaporeon, L86, M|278/364\n|-activate|p1a: Vaporeon|move: Sticky Web\n|-unboost|p1a: Vaporeon|spe|1\n|move|p2a: Dondozo|Wave Crash|p1a: Vaporeon\n|-heal|p1a: Vaporeon|364/364|[from] ability: Water Absorb|[of] p2a: Dondozo\n|\n|-heal|p2a: Dondozo|247/362|[from] item: Leftovers\n|-end|p2a: Dondozo|Throat Chop|[silent]\n|upkeep\n|turn|28\n|\n|t:|1782901524\n|move|p1a: Vaporeon|Scald|p2a: Dondozo\n|-resisted|p2a: Dondozo\n|-damage|p2a: Dondozo|187/362\n|move|p2a: Dondozo|Rest|p2a: Dondozo\n|-status|p2a: Dondozo|slp|[from] move: Rest\n|-heal|p2a: Dondozo|362/362 slp|[silent]\n|\n|upkeep\n|turn|29\n|\n|t:|1782901530\n|cant|p2a: Dondozo|slp\n|move|p2a: Dondozo|Sleep Talk|p2a: Dondozo\n|move|p2a: Dondozo|Rest||[from] move: Sleep Talk|[still]\n|-fail|p2a: Dondozo\n|move|p1a: Vaporeon|Roar|p2a: Dondozo\n|drag|p2a: Kricketune|Kricketune, L99, M|190/311 slp\n|\n|upkeep\n|turn|30\n|\n|t:|1782901533\n|-curestatus|p2a: Kricketune|slp|[msg]\n|move|p2a: Kricketune|Knock Off|p1a: Vaporeon\n|-damage|p1a: Vaporeon|262/364\n|-enditem|p1a: Vaporeon|Leftovers|[from] move: Knock Off|[of] p2a: Kricketune\n|move|p1a: Vaporeon|Scald|p2a: Kricketune\n|-damage|p2a: Kricketune|72/311\n|\n|upkeep\n|turn|31\n|\n|t:|1782901538\n|move|p2a: Kricketune|Pounce|p1a: Vaporeon\n|-damage|p1a: Vaporeon|138/364\n|-unboost|p1a: Vaporeon|spe|1\n|move|p1a: Vaporeon|Scald|p2a: Kricketune\n|-damage|p2a: Kricketune|0 fnt\n|faint|p2a: Kricketune\n|\n|upkeep\n|\n|t:|1782901539\n|switch|p2a: Iron Crown|Iron Crown, L78|177/268\n|turn|32\n|\n|t:|1782901544\n|move|p1a: Vaporeon|Protect|p1a: Vaporeon\n|-singleturn|p1a: Vaporeon|Protect\n|move|p2a: Iron Crown|Psyshock|p1a: Vaporeon\n|-activate|p1a: Vaporeon|move: Protect\n|\n|upkeep\n|turn|33\n|\n|t:|1782901547\n|switch|p1a: Bisharp|Bisharp, L79, F|166/232\n|-activate|p1a: Bisharp|move: Sticky Web\n|-unboost|p1a: Bisharp|spe|1\n|-ability|p1a: Bisharp|Defiant|boost\n|-boost|p1a: Bisharp|atk|2\n|move|p2a: Iron Crown|Psyshock|p1a: Bisharp\n|-immune|p1a: Bisharp\n|\n|upkeep\n|turn|34\n|\n|t:|1782901558\n|-end|p2a: Iron Crown|Quark Drive|[silent]\n|switch|p2a: Dondozo|Dondozo, L78, M|362/362 slp\n|switch|p1a: Smeargle|Smeargle, L95, M|258/258\n|-activate|p1a: Smeargle|move: Sticky Web\n|-unboost|p1a: Smeargle|spe|1\n|\n|upkeep\n|turn|35\n|\n|t:|1782901564\n|move|p1a: Smeargle|Population Bomb|p2a: Dondozo\n|-damage|p2a: Dondozo|347/362 slp\n|-damage|p2a: Dondozo|334/362 slp\n|-crit|p2a: Dondozo\n|-damage|p2a: Dondozo|310/362 slp\n|-damage|p2a: Dondozo|295/362 slp\n|-damage|p2a: Dondozo|280/362 slp\n|-damage|p2a: Dondozo|267/362 slp\n|-damage|p2a: Dondozo|251/362 slp\n|-damage|p2a: Dondozo|238/362 slp\n|-damage|p2a: Dondozo|223/362 slp\n|-damage|p2a: Dondozo|210/362 slp\n|-hitcount|p2a: Dondozo|10\n|cant|p2a: Dondozo|slp\n|\n|-heal|p2a: Dondozo|232/362 slp|[from] item: Leftovers\n|upkeep\n|turn|36\n|\n|t:|1782901584\n|switch|p1a: Vaporeon|Vaporeon, L86, M|138/364\n|-activate|p1a: Vaporeon|move: Sticky Web\n|-unboost|p1a: Vaporeon|spe|1\n|-curestatus|p2a: Dondozo|slp|[msg]\n|move|p2a: Dondozo|Curse|p2a: Dondozo\n|-unboost|p2a: Dondozo|spe|1\n|-boost|p2a: Dondozo|atk|1\n|-boost|p2a: Dondozo|def|1\n|\n|-heal|p2a: Dondozo|254/362|[from] item: Leftovers\n|upkeep\n|turn|37\n|\n|t:|1782901597\n|switch|p2a: Iron Crown|Iron Crown, L78|177/268\n|move|p1a: Vaporeon|Wish|p1a: Vaporeon\n|\n|upkeep\n|turn|38\n|\n|t:|1782901608\n|switch|p1a: Smeargle|Smeargle, L95, M|258/258\n|-activate|p1a: Smeargle|move: Sticky Web\n|-unboost|p1a: Smeargle|spe|1\n|move|p2a: Iron Crown|Psyshock|p1a: Smeargle\n|-crit|p1a: Smeargle\n|-damage|p1a: Smeargle|0 fnt\n|faint|p1a: Smeargle\n|\n|upkeep\n|inactive|shadow_monarch831 has 120 seconds left.\n|\n|t:|1782901627\n|switch|p1a: Blissey|Blissey, L85, F|572/572\n|-activate|p1a: Blissey|move: Sticky Web\n|-unboost|p1a: Blissey|spe|1\n|turn|39\n|\n|t:|1782901631\n|move|p2a: Iron Crown|Psyshock|p1a: Blissey\n|-damage|p1a: Blissey|187/572\n|move|p1a: Blissey|Thunder Wave|p2a: Iron Crown\n|-status|p2a: Iron Crown|par\n|\n|-heal|p1a: Blissey|222/572|[from] item: Leftovers\n|upkeep\n|turn|40\n|\n|t:|1782901635\n|switch|p1a: Bisharp|Bisharp, L79, F|166/232\n|-activate|p1a: Bisharp|move: Sticky Web\n|-unboost|p1a: Bisharp|spe|1\n|-ability|p1a: Bisharp|Defiant|boost\n|-boost|p1a: Bisharp|atk|2\n|move|p2a: Iron Crown|Psyshock|p1a: Bisharp\n|-immune|p1a: Bisharp\n|\n|upkeep\n|turn|41\n|\n|t:|1782901639\n|-end|p2a: Iron Crown|Quark Drive|[silent]\n|switch|p2a: Dondozo|Dondozo, L78, M|254/362\n|move|p1a: Bisharp|Throat Chop|p2a: Dondozo\n|-damage|p2a: Dondozo|178/362\n|-start|p2a: Dondozo|Throat Chop|[silent]\n|\n|-heal|p2a: Dondozo|200/362|[from] item: Leftovers\n|upkeep\n|turn|42\n|\n|t:|1782901643\n|switch|p1a: Vaporeon|Vaporeon, L86, M|138/364\n|-activate|p1a: Vaporeon|move: Sticky Web\n|-unboost|p1a: Vaporeon|spe|1\n|move|p2a: Dondozo|Wave Crash|p1a: Vaporeon\n|-heal|p1a: Vaporeon|229/364|[from] ability: Water Absorb|[of] p2a: Dondozo\n|\n|-heal|p2a: Dondozo|222/362|[from] item: Leftovers\n|-end|p2a: Dondozo|Throat Chop|[silent]\n|upkeep\n|turn|43\n|\n|t:|1782901647\n|switch|p2a: Iron Crown|Iron Crown, L78|177/268 par\n|move|p1a: Vaporeon|Wish|p1a: Vaporeon\n|\n|upkeep\n|turn|44\n|\n|t:|1782901651\n|switch|p1a: Bisharp|Bisharp, L79, F|166/232\n|-activate|p1a: Bisharp|move: Sticky Web\n|-unboost|p1a: Bisharp|spe|1\n|-ability|p1a: Bisharp|Defiant|boost\n|-boost|p1a: Bisharp|atk|2\n|cant|p2a: Iron Crown|par\n|\n|-heal|p1a: Bisharp|232/232|[from] move: Wish|[wisher] Vaporeon\n|upkeep\n|turn|45\n|\n|t:|1782901655\n|move|p1a: Bisharp|Throat Chop|p2a: Iron Crown\n|-supereffective|p2a: Iron Crown\n|-damage|p2a: Iron Crown|0 fnt\n|faint|p2a: Iron Crown\n|-end|p2a: Iron Crown|Quark Drive|[silent]\n|\n|upkeep\n|\n|t:|1782901657\n|switch|p2a: Dondozo|Dondozo, L78, M|222/362\n|turn|46\n|\n|t:|1782901660\n|switch|p1a: Vaporeon|Vaporeon, L86, M|229/364\n|-activate|p1a: Vaporeon|move: Sticky Web\n|-unboost|p1a: Vaporeon|spe|1\n|move|p2a: Dondozo|Wave Crash|p1a: Vaporeon\n|-heal|p1a: Vaporeon|320/364|[from] ability: Water Absorb|[of] p2a: Dondozo\n|\n|-heal|p2a: Dondozo|244/362|[from] item: Leftovers\n|upkeep\n|turn|47\n|\n|t:|1782901663\n|move|p1a: Vaporeon|Wish|p1a: Vaporeon\n|move|p2a: Dondozo|Rest|p2a: Dondozo\n|-status|p2a: Dondozo|slp|[from] move: Rest\n|-heal|p2a: Dondozo|362/362 slp|[silent]\n|\n|upkeep\n|turn|48\n|\n|t:|1782901666\n|cant|p2a: Dondozo|slp\n|move|p2a: Dondozo|Sleep Talk|p2a: Dondozo\n|move|p2a: Dondozo|Curse|p2a: Dondozo|[from] move: Sleep Talk\n|-unboost|p2a: Dondozo|spe|1\n|-boost|p2a: Dondozo|atk|1\n|-boost|p2a: Dondozo|def|1\n|move|p1a: Vaporeon|Roar|p2a: Dondozo\n|drag|p2a: Flygon|Flygon, L82, M|265/265\n|\n|-heal|p1a: Vaporeon|364/364|[from] move: Wish|[wisher] Vaporeon\n|upkeep\n|turn|49\n|\n|t:|1782901670\n|move|p2a: Flygon|Earthquake|p1a: Vaporeon\n|-damage|p1a: Vaporeon|235/364\n|move|p1a: Vaporeon|Scald|p2a: Flygon\n|-damage|p2a: Flygon|148/265\n|-status|p2a: Flygon|brn\n|-enditem|p2a: Flygon|Lum Berry|[eat]\n|-curestatus|p2a: Flygon|brn|[msg]\n|\n|upkeep\n|turn|50\n|\n|t:|1782901677\n|move|p2a: Flygon|Outrage|p1a: Vaporeon\n|-damage|p1a: Vaporeon|70/364\n|move|p1a: Vaporeon|Wish|p1a: Vaporeon\n|\n|upkeep\n|turn|51\n|\n|t:|1782901681\n|switch|p1a: Keldeo|Keldeo-Resolute, L79, tera:Steel|239/273\n|-activate|p1a: Keldeo|move: Sticky Web\n|-unboost|p1a: Keldeo|spe|1\n|move|p2a: Flygon|Outrage|p1a: Keldeo|[from] lockedmove\n|-resisted|p1a: Keldeo\n|-damage|p1a: Keldeo|171/273\n|\n|-heal|p1a: Keldeo|273/273|[from] move: Wish|[wisher] Vaporeon\n|upkeep\n|turn|52\n|\n|t:|1782901688\n|move|p2a: Flygon|Outrage|p1a: Keldeo|[from] lockedmove\n|-resisted|p1a: Keldeo\n|-damage|p1a: Keldeo|207/273\n|-start|p2a: Flygon|confusion|[fatigue]\n|move|p1a: Keldeo|Hydro Pump|p2a: Flygon\n|-damage|p2a: Flygon|4/265\n|\n|-heal|p1a: Keldeo|224/273|[from] item: Leftovers\n|upkeep\n|turn|53\n|\n|t:|1782901700\n|-activate|p2a: Flygon|confusion\n|-damage|p2a: Flygon|0 fnt|[from] confusion\n|faint|p2a: Flygon\n|move|p1a: Keldeo|Secret Sword|p2: Flygon|[notarget]\n|-fail|p1a: Keldeo\n|\n|-heal|p1a: Keldeo|241/273|[from] item: Leftovers\n|upkeep\n|\n|t:|1782901702\n|switch|p2a: Dondozo|Dondozo, L78, M|362/362 slp\n|turn|54\n|\n|t:|1782901709\n|move|p1a: Keldeo|Substitute|p1a: Keldeo\n|-start|p1a: Keldeo|Substitute\n|-damage|p1a: Keldeo|173/273\n|cant|p2a: Dondozo|slp\n|\n|-heal|p1a: Keldeo|190/273|[from] item: Leftovers\n|upkeep\n|turn|55\n|\n|t:|1782901722\n|move|p1a: Keldeo|Secret Sword|p2a: Dondozo\n|-crit|p2a: Dondozo\n|-damage|p2a: Dondozo|239/362 slp\n|-curestatus|p2a: Dondozo|slp|[msg]\n|move|p2a: Dondozo|Wave Crash|p1a: Keldeo\n|-end|p1a: Keldeo|Substitute\n|-damage|p2a: Dondozo|217/362|[from] Recoil|[of] p1a: Keldeo\n|\n|-heal|p1a: Keldeo|207/273|[from] item: Leftovers\n|-heal|p2a: Dondozo|239/362|[from] item: Leftovers\n|upkeep\n|turn|56\n|\n|t:|1782901731\n|switch|p1a: Vaporeon|Vaporeon, L86, M|70/364\n|-activate|p1a: Vaporeon|move: Sticky Web\n|-unboost|p1a: Vaporeon|spe|1\n|move|p2a: Dondozo|Curse|p2a: Dondozo\n|-unboost|p2a: Dondozo|spe|1\n|-boost|p2a: Dondozo|atk|1\n|-boost|p2a: Dondozo|def|1\n|\n|-heal|p2a: Dondozo|261/362|[from] item: Leftovers\n|upkeep\n|turn|57\n|\n|t:|1782901739\n|move|p1a: Vaporeon|Wish|p1a: Vaporeon\n|move|p2a: Dondozo|Rest|p2a: Dondozo\n|-status|p2a: Dondozo|slp|[from] move: Rest\n|-heal|p2a: Dondozo|362/362 slp|[silent]\n|\n|upkeep\n|turn|58\n|\n|t:|1782901749\n|cant|p2a: Dondozo|slp\n|move|p2a: Dondozo|Sleep Talk|p2a: Dondozo\n|move|p2a: Dondozo|Rest||[from] move: Sleep Talk|[still]\n|-fail|p2a: Dondozo\n|move|p1a: Vaporeon|Roar||[still]\n|-fail|p1a: Vaporeon\n|\n|-heal|p1a: Vaporeon|252/364|[from] move: Wish|[wisher] Vaporeon\n|upkeep\n|turn|59\n|\n|t:|1782901759\n|cant|p2a: Dondozo|slp\n|move|p1a: Vaporeon|Roar||[still]\n|-fail|p1a: Vaporeon\n|\n|upkeep\n|turn|60\n|\n|t:|1782901783\n|switch|p1a: Keldeo|Keldeo-Resolute, L79, tera:Steel|207/273\n|-activate|p1a: Keldeo|move: Sticky Web\n|-unboost|p1a: Keldeo|spe|1\n|-curestatus|p2a: Dondozo|slp|[msg]\n|move|p2a: Dondozo|Curse|p2a: Dondozo\n|-unboost|p2a: Dondozo|spe|1\n|-boost|p2a: Dondozo|atk|1\n|-boost|p2a: Dondozo|def|1\n|\n|-heal|p1a: Keldeo|224/273|[from] item: Leftovers\n|upkeep\n|turn|61\n|\n|t:|1782901795\n|move|p1a: Keldeo|Substitute|p1a: Keldeo\n|-start|p1a: Keldeo|Substitute\n|-damage|p1a: Keldeo|156/273\n|move|p2a: Dondozo|Wave Crash|p1a: Keldeo\n|-end|p1a: Keldeo|Substitute\n|-damage|p2a: Dondozo|340/362|[from] Recoil|[of] p1a: Keldeo\n|\n|-heal|p1a: Keldeo|173/273|[from] item: Leftovers\n|-heal|p2a: Dondozo|362/362|[from] item: Leftovers\n|upkeep\n|turn|62\n|\n|t:|1782901804\n|move|p1a: Keldeo|Substitute|p1a: Keldeo\n|-start|p1a: Keldeo|Substitute\n|-damage|p1a: Keldeo|105/273\n|move|p2a: Dondozo|Wave Crash|p1a: Keldeo\n|-end|p1a: Keldeo|Substitute\n|-damage|p2a: Dondozo|340/362|[from] Recoil|[of] p1a: Keldeo\n|\n|-heal|p1a: Keldeo|122/273|[from] item: Leftovers\n|-heal|p2a: Dondozo|362/362|[from] item: Leftovers\n|upkeep\n|turn|63\n|\n|t:|1782901812\n|move|p1a: Keldeo|Substitute|p1a: Keldeo\n|-start|p1a: Keldeo|Substitute\n|-damage|p1a: Keldeo|54/273\n|move|p2a: Dondozo|Wave Crash|p1a: Keldeo\n|-end|p1a: Keldeo|Substitute\n|-damage|p2a: Dondozo|340/362|[from] Recoil|[of] p1a: Keldeo\n|\n|-heal|p1a: Keldeo|71/273|[from] item: Leftovers\n|-heal|p2a: Dondozo|362/362|[from] item: Leftovers\n|upkeep\n|turn|64\n|\n|t:|1782901817\n|switch|p1a: Vaporeon|Vaporeon, L86, M|252/364\n|-activate|p1a: Vaporeon|move: Sticky Web\n|-unboost|p1a: Vaporeon|spe|1\n|move|p2a: Dondozo|Wave Crash|p1a: Vaporeon\n|-heal|p1a: Vaporeon|343/364|[from] ability: Water Absorb|[of] p2a: Dondozo\n|\n|upkeep\n|turn|65\n|\n|t:|1782901824\n|move|p2a: Dondozo|Curse|p2a: Dondozo\n|-unboost|p2a: Dondozo|spe|1\n|-boost|p2a: Dondozo|atk|1\n|-boost|p2a: Dondozo|def|1\n|move|p1a: Vaporeon|Roar||[still]\n|-fail|p1a: Vaporeon\n|\n|upkeep\n|turn|66\n|\n|t:|1782901827\n|move|p2a: Dondozo|Wave Crash|p1a: Vaporeon\n|-heal|p1a: Vaporeon|364/364|[from] ability: Water Absorb|[of] p2a: Dondozo\n|move|p1a: Vaporeon|Roar||[still]\n|-fail|p1a: Vaporeon\n|\n|upkeep\n|turn|67\n|\n|t:|1782901833\n|move|p2a: Dondozo|Wave Crash|p1a: Vaporeon\n|-immune|p1a: Vaporeon|[from] ability: Water Absorb\n|move|p1a: Vaporeon|Roar||[still]\n|-fail|p1a: Vaporeon\n|\n|upkeep\n|turn|68\n|c|\u2606shadow_monarch831|just forfit bro\n|\n|t:|1782901846\n|move|p2a: Dondozo|Wave Crash|p1a: Vaporeon\n|-immune|p1a: Vaporeon|[from] ability: Water Absorb\n|move|p1a: Vaporeon|Roar||[still]\n|-fail|p1a: Vaporeon\n|\n|upkeep\n|turn|69\n|\n|t:|1782901852\n|move|p2a: Dondozo|Wave Crash|p1a: Vaporeon\n|-immune|p1a: Vaporeon|[from] ability: Water Absorb\n|move|p1a: Vaporeon|Roar||[still]\n|-fail|p1a: Vaporeon\n|\n|upkeep\n|turn|70\n|\n|t:|1782901863\n|move|p2a: Dondozo|Wave Crash|p1a: Vaporeon\n|-immune|p1a: Vaporeon|[from] ability: Water Absorb\n|move|p1a: Vaporeon|Roar||[still]\n|-fail|p1a: Vaporeon\n|\n|upkeep\n|turn|71\n|\n|t:|1782901868\n|move|p2a: Dondozo|Wave Crash|p1a: Vaporeon\n|-immune|p1a: Vaporeon|[from] ability: Water Absorb\n|move|p1a: Vaporeon|Roar||[still]\n|-fail|p1a: Vaporeon\n|\n|upkeep\n|turn|72\n|\n|t:|1782901871\n|move|p2a: Dondozo|Rest|p2a: Dondozo\n|-fail|p2a: Dondozo|heal\n|move|p1a: Vaporeon|Roar||[still]\n|-fail|p1a: Vaporeon\n|\n|upkeep\n|turn|73\n|\n|t:|1782901879\n|move|p2a: Dondozo|Rest|p2a: Dondozo\n|-fail|p2a: Dondozo|heal\n|move|p1a: Vaporeon|Roar||[still]\n|-fail|p1a: Vaporeon\n|\n|upkeep\n|turn|74\n|\n|t:|1782901885\n|move|p2a: Dondozo|Rest|p2a: Dondozo\n|-fail|p2a: Dondozo|heal\n|move|p1a: Vaporeon|Roar||[still]\n|-fail|p1a: Vaporeon\n|\n|upkeep\n|turn|75\n|\n|t:|1782901887\n|move|p2a: Dondozo|Rest|p2a: Dondozo\n|-fail|p2a: Dondozo|heal\n|move|p1a: Vaporeon|Roar||[still]\n|-fail|p1a: Vaporeon\n|\n|upkeep\n|turn|76\n|\n|t:|1782901892\n|move|p2a: Dondozo|Rest|p2a: Dondozo\n|-fail|p2a: Dondozo|heal\n|move|p1a: Vaporeon|Roar||[still]\n|-fail|p1a: Vaporeon\n|\n|upkeep\n|turn|77\n|\n|t:|1782901896\n|move|p2a: Dondozo|Curse|p2a: Dondozo\n|-unboost|p2a: Dondozo|spe|1\n|-boost|p2a: Dondozo|atk|1\n|-boost|p2a: Dondozo|def|1\n|move|p1a: Vaporeon|Roar||[still]\n|-fail|p1a: Vaporeon\n|\n|upkeep\n|turn|78\n|\n|t:|1782901900\n|move|p2a: Dondozo|Curse|p2a: Dondozo\n|-unboost|p2a: Dondozo|spe|1\n|-boost|p2a: Dondozo|atk|1\n|-boost|p2a: Dondozo|def|1\n|move|p1a: Vaporeon|Roar||[still]\n|-fail|p1a: Vaporeon\n|\n|upkeep\n|turn|79\n|inactive|shadow_monarch831 has 120 seconds left.\n|inactive|shadow_monarch831 has 90 seconds left.\n|\n|t:|1782901971\n|move|p2a: Dondozo|Curse|p2a: Dondozo\n|-unboost|p2a: Dondozo|spe|1\n|-boost|p2a: Dondozo|atk|1\n|-boost|p2a: Dondozo|def|1\n|move|p1a: Vaporeon|Roar||[still]\n|-fail|p1a: Vaporeon\n|\n|upkeep\n|turn|80\n|\n|t:|1782901973\n|move|p2a: Dondozo|Curse|p2a: Dondozo\n|move|p1a: Vaporeon|Roar||[still]\n|-fail|p1a: Vaporeon\n|\n|upkeep\n|turn|81\n|\n|t:|1782901975\n|move|p2a: Dondozo|Curse|p2a: Dondozo\n|move|p1a: Vaporeon|Roar||[still]\n|-fail|p1a: Vaporeon\n|\n|upkeep\n|turn|82\n|\n|t:|1782901980\n|move|p2a: Dondozo|Curse|p2a: Dondozo\n|move|p1a: Vaporeon|Roar||[still]\n|-fail|p1a: Vaporeon\n|\n|upkeep\n|turn|83\n|\n|t:|1782901981\n|move|p2a: Dondozo|Curse|p2a: Dondozo\n|move|p1a: Vaporeon|Roar||[still]\n|-fail|p1a: Vaporeon\n|\n|upkeep\n|turn|84\n|\n|t:|1782901985\n|move|p2a: Dondozo|Curse|p2a: Dondozo\n|move|p1a: Vaporeon|Roar||[still]\n|-fail|p1a: Vaporeon\n|\n|upkeep\n|turn|85\n|inactive|shadow_monarch831 has 120 seconds left.\n|\n|t:|1782902007\n|move|p2a: Dondozo|Curse|p2a: Dondozo\n|move|p1a: Vaporeon|Roar||[still]\n|-fail|p1a: Vaporeon\n|\n|upkeep\n|turn|86\n|\n|t:|1782902015\n|move|p1a: Vaporeon|Wish|p1a: Vaporeon\n|move|p2a: Dondozo|Curse|p2a: Dondozo\n|\n|upkeep\n|turn|87\n|\n|t:|1782902018\n|switch|p1a: Bisharp|Bisharp, L79, F|232/232\n|-activate|p1a: Bisharp|move: Sticky Web\n|-unboost|p1a: Bisharp|spe|1\n|-ability|p1a: Bisharp|Defiant|boost\n|-boost|p1a: Bisharp|atk|2\n|move|p2a: Dondozo|Sleep Talk||[still]\n|-fail|p2a: Dondozo\n|\n|upkeep\n|turn|88\n|\n|t:|1782902022\n|move|p1a: Bisharp|Swords Dance|p1a: Bisharp\n|-boost|p1a: Bisharp|atk|2\n|move|p2a: Dondozo|Sleep Talk||[still]\n|-fail|p2a: Dondozo\n|\n|upkeep\n|turn|89\n|\n|t:|1782902026\n|move|p1a: Bisharp|Swords Dance|p1a: Bisharp\n|-boost|p1a: Bisharp|atk|2\n|move|p2a: Dondozo|Sleep Talk||[still]\n|-fail|p2a: Dondozo\n|\n|upkeep\n|turn|90\n|\n|t:|1782902028\n|move|p1a: Bisharp|Swords Dance|p1a: Bisharp\n|-boost|p1a: Bisharp|atk|0\n|move|p2a: Dondozo|Sleep Talk||[still]\n|-fail|p2a: Dondozo\n|\n|upkeep\n|turn|91\n|\n|t:|1782902033\n|move|p1a: Bisharp|Throat Chop|p2a: Dondozo\n|-damage|p2a: Dondozo|340/362\n|-start|p2a: Dondozo|Throat Chop|[silent]\n|move|p2a: Dondozo|Sleep Talk||[still]\n|-fail|p2a: Dondozo\n|\n|-heal|p2a: Dondozo|362/362|[from] item: Leftovers\n|upkeep\n|turn|92\n|\n|t:|1782902040\n|switch|p1a: Blissey|Blissey, L85, F|222/572\n|-activate|p1a: Blissey|move: Sticky Web\n|-unboost|p1a: Blissey|spe|1\n|move|p2a: Dondozo|Sleep Talk||[still]\n|-fail|p2a: Dondozo\n|\n|-heal|p1a: Blissey|257/572|[from] item: Leftovers\n|-end|p2a: Dondozo|Throat Chop|[silent]\n|upkeep\n|turn|93\n|\n|t:|1782902042\n|move|p1a: Blissey|Thunder Wave|p2a: Dondozo\n|-status|p2a: Dondozo|par\n|move|p2a: Dondozo|Sleep Talk||[still]\n|-fail|p2a: Dondozo\n|\n|-heal|p1a: Blissey|292/572|[from] item: Leftovers\n|upkeep\n|turn|94\n|\n|t:|1782902048\n|move|p1a: Blissey|Seismic Toss|p2a: Dondozo\n|-damage|p2a: Dondozo|277/362 par\n|cant|p2a: Dondozo|par\n|\n|-heal|p1a: Blissey|327/572|[from] item: Leftovers\n|-heal|p2a: Dondozo|299/362 par|[from] item: Leftovers\n|upkeep\n|turn|95\n|\n|t:|1782902050\n|move|p1a: Blissey|Seismic Toss|p2a: Dondozo\n|-damage|p2a: Dondozo|214/362 par\n|cant|p2a: Dondozo|par\n|\n|-heal|p1a: Blissey|362/572|[from] item: Leftovers\n|-heal|p2a: Dondozo|236/362 par|[from] item: Leftovers\n|upkeep\n|turn|96\n|\n|t:|1782902053\n|move|p1a: Blissey|Seismic Toss|p2a: Dondozo\n|-damage|p2a: Dondozo|151/362 par\n|cant|p2a: Dondozo|par\n|\n|-heal|p1a: Blissey|397/572|[from] item: Leftovers\n|-heal|p2a: Dondozo|173/362 par|[from] item: Leftovers\n|upkeep\n|turn|97\n|\n|t:|1782902056\n|move|p1a: Blissey|Seismic Toss|p2a: Dondozo\n|-damage|p2a: Dondozo|88/362 par\n|cant|p2a: Dondozo|par\n|\n|-heal|p1a: Blissey|432/572|[from] item: Leftovers\n|-heal|p2a: Dondozo|110/362 par|[from] item: Leftovers\n|upkeep\n|turn|98\n|\n|t:|1782902058\n|move|p1a: Blissey|Seismic Toss|p2a: Dondozo\n|-damage|p2a: Dondozo|25/362 par\n|cant|p2a: Dondozo|par\n|\n|-heal|p1a: Blissey|467/572|[from] item: Leftovers\n|-heal|p2a: Dondozo|47/362 par|[from] item: Leftovers\n|upkeep\n|turn|99\n|\n|t:|1782902080\n|move|p1a: Blissey|Seismic Toss|p2a: Dondozo\n|-damage|p2a: Dondozo|0 fnt\n|faint|p2a: Dondozo\n|\n|win|shadow_monarch831\n|raw|shadow_monarch831's rating: 1661 &rarr; <strong>1679</strong><br />(+18 for winning)\n|raw|jnpr010334's rating: 1633 &rarr; <strong>1615</strong><br />(-18 for losing)\n", "inputlog": ">version f8ac14003a5f27e1bdc8d8c59608a773c1cb96e5\n>start {\"formatid\":\"gen9randombattle\",\"seed\":\"sodium,92ef6f01c3149c2f52f13a506d770a59\",\"rated\":\"Rated battle\"}\n>player p1 {\"name\":\"shadow_monarch831\",\"avatar\":\"101\",\"rating\":1661,\"seed\":\"sodium,952dad228539d54de8ea340a841b5081\"}\n>player p2 {\"name\":\"jnpr010334\",\"avatar\":\"265\",\"rating\":1665,\"seed\":\"sodium,1c46565f7b7f93e9481f7ceab7cbcdff\"}\n>p1 switch 6\n>p2 move stickyweb\n>p1 move spore\n>p2 move pounce\n>p1 move shellsmash\n>p2 switch 2\n>p1 switch 4\n>p2 move tachyoncutter\n>p1 move throatchop\n>p2 switch 4\n>p1 switch 6\n>p2 move wavecrash\n>p1 move scald\n>p2 switch 3\n>p1 move wish\n>p2 move swordsdance\n>p1 switch 3\n>p2 move swordsdance\n>p1 move fireblast\n>p2 move knockoff terastallize\n>p1 switch 2\n>p1 move secretsword terastallize\n>p2 move petalblizzard\n>p2 switch 6\n>p1 switch 3\n>p2 move fireblast\n>p1 move scald\n>p2 switch 2\n>p1 move wish\n>p2 move knockoff\n>p1 switch 3\n>p2 move knockoff\n>p1 move substitute\n>p2 switch 2\n>p1 move hydropump\n>p2 move fireblast\n>p1 switch 3\n>p2 move fireblast\n>p1 move scald\n>p2 move fireblast\n>p2 switch 4\n>p1 switch 6\n>p2 move psyshock\n>p1 move throatchop\n>p2 switch 3\n>p1 switch 6\n>p2 move wavecrash\n>p1 move scald\n>p2 switch 3\n>p1 move protect\n>p2 move psyshock\n>p1 switch 6\n>p2 move psyshock\n>p1 move throatchop\n>p2 switch 3\n>p1 switch 6\n>p2 move wavecrash\n>p1 move scald\n>p2 move rest\n>p1 move roar\n>p2 move sleeptalk\n>p1 move scald\n>p2 move knockoff\n>p1 move scald\n>p2 move pounce\n>p2 switch 3\n>p1 move protect\n>p2 move psyshock\n>p1 switch 6\n>p2 move psyshock\n>p1 switch 4\n>p2 switch 2\n>p1 move populationbomb\n>p2 move wavecrash\n>p1 switch 6\n>p2 move curse\n>p1 move wish\n>p2 switch 2\n>p1 switch 6\n>p2 move psyshock\n>p1 switch 5\n>p1 move thunderwave\n>p2 move psyshock\n>p1 switch 4\n>p2 move psyshock\n>p1 move throatchop\n>p2 switch 2\n>p1 switch 6\n>p2 move wavecrash\n>p1 move wish\n>p2 switch 2\n>p1 switch 6\n>p2 move voltswitch\n>p1 move throatchop\n>p2 move focusblast\n>p2 switch 2\n>p1 switch 6\n>p2 move wavecrash\n>p1 move wish\n>p2 move rest\n>p1 move roar\n>p2 move sleeptalk\n>p1 move scald\n>p2 move earthquake\n>p1 move wish\n>p2 move outrage\n>p1 switch 3\n>p2 move outrage\n>p1 move hydropump\n>p2 move outrage\n>p1 move secretsword\n>p2 move earthquake\n>p2 switch 5\n>p1 move substitute\n>p2 move curse\n>p1 move secretsword\n>p2 move wavecrash\n>p1 switch 3\n>p2 move curse\n>p1 move wish\n>p2 move rest\n>p1 move roar\n>p2 move sleeptalk\n>p1 move roar\n>p2 move curse\n>p1 switch 3\n>p2 move curse\n>p1 move substitute\n>p2 move wavecrash\n>p1 move substitute\n>p2 move wavecrash\n>p1 move substitute\n>p2 move wavecrash\n>p1 switch 3\n>p2 move wavecrash\n>p1 move roar\n>p2 move curse\n>p1 move roar\n>p2 move wavecrash\n>p1 move roar\n>p2 move wavecrash\n>chat \u2606shadow_monarch831|just forfit bro\n>p1 move roar\n>p2 move wavecrash\n>p1 move roar\n>p2 move wavecrash\n>p1 move roar\n>p2 move wavecrash\n>p1 move roar\n>p2 move wavecrash\n>p1 move roar\n>p2 move rest\n>p1 move roar\n>p2 move rest\n>p1 move roar\n>p2 move rest\n>p1 move roar\n>p2 move rest\n>p1 move roar\n>p2 move rest\n>p1 move roar\n>p2 move curse\n>p1 move roar\n>p2 move curse\n>p1 move roar\n>p2 move curse\n>p1 move roar\n>p2 move curse\n>p1 move roar\n>p2 move curse\n>p1 move roar\n>p2 move curse\n>p1 move roar\n>p2 move curse\n>p1 move roar\n>p2 move curse\n>p1 move roar\n>p2 move curse\n>p1 move wish\n>p2 move curse\n>p1 switch 6\n>p2 move sleeptalk\n>p1 move swordsdance\n>p2 move sleeptalk\n>p1 move swordsdance\n>p2 move sleeptalk\n>p1 move swordsdance\n>p2 move sleeptalk\n>p1 move throatchop\n>p2 move sleeptalk\n>p1 switch 4\n>p2 move sleeptalk\n>p1 move thunderwave\n>p2 move sleeptalk\n>p1 move seismictoss\n>p2 move sleeptalk\n>p1 move seismictoss\n>p2 move sleeptalk\n>p1 move seismictoss\n>p2 move sleeptalk\n>p1 move seismictoss\n>p2 move sleeptalk\n>p1 move seismictoss\n>p2 move sleeptalk\n>p1 move seismictoss\n>p2 move sleeptalk", "uploadtime": 1782902080, "views": 3, "formatid": "gen9randombattle", "rating": 1615, "private": 0, "password": null, "player_dets": [{"name": "shadow_monarch831", "avatar": "101", "rating": 1661, "seed": "sodium,952dad228539d54de8ea340a841b5081"}, {"name": "jnpr010334", "avatar": "265", "rating": 1665, "seed": "sodium,1c46565f7b7f93e9481f7ceab7cbcdff"}], "teams_full": [{"Vaporeon": {"name": "Vaporeon", "species": "Vaporeon", "speciesId": "vaporeon", "gender": "M", "shiny": false, "level": 86, "moves": ["roar", "wish", "scald", "protect"], "ability": "Water Absorb", "evs": {"hp": 85, "atk": 0, "def": 85, "spa": 85, "spd": 85, "spe": 85}, "ivs": {"hp": 31, "atk": 0, "def": 31, "spa": 31, "spd": 31, "spe": 31}, "item": "Leftovers", "teraType": "Poison", "role": "Bulky Attacker", "bvs": {"hp": 130, "atk": 65, "def": 60, "spa": 110, "spd": 95, "spe": 65}, "stats": {"hp": 364, "atk": 116, "def": 152, "spa": 238, "spd": 213, "spe": 161}, "types": ["Water"]}, "Keldeo": {"name": "Keldeo", "species": "Keldeo-Resolute", "speciesId": "keldeoresolute", "gender": "N", "shiny": false, "level": 79, "moves": ["hydropump", "secretsword", "calmmind", "substitute"], "ability": "Justified", "evs": {"hp": 85, "atk": 0, "def": 85, "spa": 85, "spd": 85, "spe": 85}, "ivs": {"hp": 31, "atk": 0, "def": 31, "spa": 31, "spd": 31, "spe": 31}, "item": "Leftovers", "teraType": "Steel", "role": "Bulky Setup", "bvs": {"hp": 91, "atk": 72, "def": 90, "spa": 129, "spd": 90, "spe": 108}, "stats": {"hp": 273, "atk": 118, "def": 188, "spa": 249, "spd": 188, "spe": 216}, "types": ["Water", "Fighting"]}, "Dragapult": {"name": "Dragapult", "species": "Dragapult", "speciesId": "dragapult", "gender": "F", "shiny": false, "level": 77, "moves": ["terablast", "fireblast", "dragondance", "dragondarts"], "ability": "Clear Body", "evs": {"hp": 85, "atk": 85, "def": 85, "spa": 85, "spd": 85, "spe": 85}, "ivs": {"hp": 31, "atk": 31, "def": 31, "spa": 31, "spd": 31, "spe": 31}, "item": "Life Orb", "teraType": "Ghost", "role": "Tera Blast user", "bvs": {"hp": 88, "atk": 120, "def": 75, "spa": 100, "spd": 75, "spe": 142}, "stats": {"hp": 262, "atk": 229, "def": 160, "spa": 199, "spd": 160, "spe": 263}, "types": ["Dragon", "Ghost"]}, "Bisharp": {"name": "Bisharp", "species": "Bisharp", "speciesId": "bisharp", "gender": "F", "shiny": false, "level": 79, "moves": ["ironhead", "swordsdance", "throatchop", "suckerpunch"], "ability": "Defiant", "evs": {"hp": 85, "atk": 85, "def": 85, "spa": 85, "spd": 85, "spe": 85}, "ivs": {"hp": 31, "atk": 31, "def": 31, "spa": 31, "spd": 31, "spe": 31}, "item": "Eviolite", "teraType": "Flying", "role": "Bulky Attacker", "bvs": {"hp": 65, "atk": 125, "def": 100, "spa": 60, "spd": 70, "spe": 70}, "stats": {"hp": 232, "atk": 243, "def": 204, "spa": 140, "spd": 156, "spe": 156}, "types": ["Dark", "Steel"]}, "Blissey": {"name": "Blissey", "species": "Blissey", "speciesId": "blissey", "gender": "F", "shiny": false, "level": 85, "moves": ["healbell", "thunderwave", "softboiled", "seismictoss"], "ability": "Natural Cure", "evs": {"hp": 85, "atk": 0, "def": 85, "spa": 85, "spd": 85, "spe": 85}, "ivs": {"hp": 31, "atk": 0, "def": 31, "spa": 31, "spd": 31, "spe": 31}, "item": "Leftovers", "teraType": "Ghost", "role": "Bulky Support", "bvs": {"hp": 255, "atk": 10, "def": 10, "spa": 75, "spd": 135, "spe": 55}, "stats": {"hp": 572, "atk": 22, "def": 66, "spa": 176, "spd": 278, "spe": 142}, "types": ["Normal"]}, "Smeargle": {"name": "Smeargle", "species": "Smeargle", "speciesId": "smeargle", "gender": "M", "shiny": false, "level": 95, "moves": ["spore", "powertrip", "populationbomb", "shellsmash"], "ability": "Technician", "evs": {"hp": 85, "atk": 85, "def": 85, "spa": 85, "spd": 85, "spe": 85}, "ivs": {"hp": 31, "atk": 31, "def": 31, "spa": 31, "spd": 31, "spe": 31}, "item": "Wide Lens", "teraType": "Normal", "role": "Setup Sweeper", "bvs": {"hp": 55, "atk": 20, "def": 35, "spa": 20, "spd": 45, "spe": 75}, "stats": {"hp": 258, "atk": 92, "def": 120, "spa": 92, "spd": 139, "spe": 196}, "types": ["Normal"]}}, {"Kricketune": {"name": "Kricketune", "species": "Kricketune", "speciesId": "kricketune", "gender": "M", "shiny": false, "level": 99, "moves": ["taunt", "stickyweb", "knockoff", "pounce"], "ability": "Technician", "evs": {"hp": 81, "atk": 85, "def": 85, "spa": 85, "spd": 85, "spe": 85}, "ivs": {"hp": 31, "atk": 31, "def": 31, "spa": 31, "spd": 31, "spe": 31}, "item": "Focus Sash", "teraType": "Ghost", "role": "Fast Support", "bvs": {"hp": 77, "atk": 85, "def": 51, "spa": 55, "spd": 51, "spe": 65}, "stats": {"hp": 311, "atk": 224, "def": 157, "spa": 165, "spd": 157, "spe": 185}, "types": ["Bug"]}, "Iron Crown": {"name": "Iron Crown", "species": "Iron Crown", "speciesId": "ironcrown", "gender": "N", "shiny": false, "level": 78, "moves": ["voltswitch", "psyshock", "focusblast", "tachyoncutter"], "ability": "Quark Drive", "evs": {"hp": 85, "atk": 0, "def": 85, "spa": 85, "spd": 85, "spe": 85}, "ivs": {"hp": 31, "atk": 0, "def": 31, "spa": 31, "spd": 31, "spe": 31}, "item": "Choice Specs", "teraType": "Steel", "role": "Wallbreaker", "bvs": {"hp": 90, "atk": 72, "def": 100, "spa": 122, "spd": 108, "spe": 98}, "stats": {"hp": 268, "atk": 117, "def": 201, "spa": 235, "spd": 214, "spe": 198}, "types": ["Steel", "Psychic"]}, "Meganium": {"name": "Meganium", "species": "Meganium", "speciesId": "meganium", "gender": "M", "shiny": false, "level": 90, "moves": ["petalblizzard", "swordsdance", "knockoff", "earthquake"], "ability": "Overgrow", "evs": {"hp": 85, "atk": 85, "def": 85, "spa": 85, "spd": 85, "spe": 85}, "ivs": {"hp": 31, "atk": 31, "def": 31, "spa": 31, "spd": 31, "spe": 31}, "item": "Leftovers", "teraType": "Steel", "role": "Bulky Setup", "bvs": {"hp": 80, "atk": 82, "def": 100, "spa": 83, "spd": 100, "spe": 80}, "stats": {"hp": 290, "atk": 199, "def": 231, "spa": 201, "spd": 231, "spe": 195}, "types": ["Grass"]}, "Dondozo": {"name": "Dondozo", "species": "Dondozo", "speciesId": "dondozo", "gender": "M", "shiny": false, "level": 78, "moves": ["wavecrash", "rest", "curse", "sleeptalk"], "ability": "Unaware", "evs": {"hp": 85, "atk": 85, "def": 85, "spa": 85, "spd": 85, "spe": 85}, "ivs": {"hp": 31, "atk": 31, "def": 31, "spa": 31, "spd": 31, "spe": 31}, "item": "Leftovers", "teraType": "Dragon", "role": "Bulky Setup", "bvs": {"hp": 150, "atk": 100, "def": 115, "spa": 65, "spd": 65, "spe": 35}, "stats": {"hp": 362, "atk": 201, "def": 224, "spa": 146, "spd": 146, "spe": 100}, "types": ["Water"]}, "Flygon": {"name": "Flygon", "species": "Flygon", "speciesId": "flygon", "gender": "M", "shiny": false, "level": 82, "moves": ["outrage", "dragondance", "earthquake", "stoneedge"], "ability": "Levitate", "evs": {"hp": 85, "atk": 85, "def": 85, "spa": 85, "spd": 85, "spe": 85}, "ivs": {"hp": 31, "atk": 31, "def": 31, "spa": 31, "spd": 31, "spe": 31}, "item": "Lum Berry", "teraType": "Rock", "role": "Fast Attacker", "bvs": {"hp": 80, "atk": 100, "def": 80, "spa": 80, "spd": 80, "spe": 100}, "stats": {"hp": 265, "atk": 211, "def": 178, "spa": 178, "spd": 178, "spe": 211}, "types": ["Ground", "Dragon"]}, "Delphox": {"name": "Delphox", "species": "Delphox", "speciesId": "delphox", "gender": "M", "shiny": false, "level": 84, "moves": ["psyshock", "focusblast", "grassknot", "fireblast"], "ability": "Blaze", "evs": {"hp": 85, "atk": 0, "def": 85, "spa": 85, "spd": 85, "spe": 85}, "ivs": {"hp": 31, "atk": 0, "def": 31, "spa": 31, "spd": 31, "spe": 31}, "item": "Choice Specs", "teraType": "Fighting", "role": "Fast Attacker", "bvs": {"hp": 75, "atk": 69, "def": 72, "spa": 114, "spd": 100, "spe": 104}, "stats": {"hp": 263, "atk": 120, "def": 169, "spa": 240, "spd": 216, "spe": 223}, "types": ["Fire", "Psychic"]}}]}