{"id": "gen9randombattle-2641287041", "format": "[Gen 9] Random Battle", "players": ["diegohha", "jeanpilopez"], "log": "|j|\u2606diegohha\n|j|\u2606jeanpilopez\n|html|<table width=\"100%\"><tr><td align=\"left\">diegohha</td><td align=\"right\">jeanpilopez</tr><tr><td align=\"left\"><i class=\"fa fa-circle-o\"></i> <i class=\"fa fa-circle-o\"></i> </td><td align=\"right\"><i class=\"fa fa-circle-o\"></i> <i class=\"fa fa-circle-o\"></i> </tr></table>\n|uhtml|bestof|<h2><strong>Game 1</strong> of <a href=\"/game-bestof3-gen9randombattle-2641287040\">a best-of-3</a></h2>\n|t:|1782763480\n|gametype|singles\n|player|p1|diegohha|byron|\n|player|p2|jeanpilopez|gambler|\n|gen|9\n|tier|[Gen 9] Random Battle\n|rule|Species Clause: Limit one of each Pok\u00e9mon\n|rule|HP Percentage Mod: HP is shown in percentages\n|rule|Sleep Clause Mod: Limit one foe put to sleep\n|rule|Illusion Level Mod: Illusion disguises the Pok\u00e9mon's true level\n|raw|<div class=\"infobox\"><details class=\"readmore\" open><summary><strong>1 custom rule:</strong></summary> Best of = 3</details></div>\n|\n|t:|1782763480\n|teamsize|p1|6\n|teamsize|p2|6\n|start\n|switch|p1a: Hydrapple|Hydrapple, L83, F|312/312\n|switch|p2a: Phione|Phione, L91|293/293\n|turn|1\n|\n|t:|1782763501\n|switch|p2a: Lapras|Lapras, L87, M|367/367\n|move|p1a: Hydrapple|Nasty Plot|p1a: Hydrapple\n|-boost|p1a: Hydrapple|spa|2\n|\n|upkeep\n|turn|2\n|\n|t:|1782763512\n|-terastallize|p1a: Hydrapple|Steel\n|move|p2a: Lapras|Ice Beam|p1a: Hydrapple\n|-resisted|p1a: Hydrapple\n|-damage|p1a: Hydrapple|238/312\n|move|p1a: Hydrapple|Giga Drain|p2a: Lapras\n|-supereffective|p2a: Lapras\n|-damage|p2a: Lapras|0 fnt\n|-heal|p1a: Hydrapple|312/312|[from] drain|[of] p2a: Lapras\n|faint|p2a: Lapras\n|-damage|p1a: Hydrapple|281/312|[from] item: Life Orb\n|\n|upkeep\n|\n|t:|1782763528\n|switch|p2a: Orthworm|Orthworm, L88, M|266/266\n|turn|3\n|\n|t:|1782763543\n|switch|p1a: Gengar|Gengar, L81, M|230/230\n|move|p2a: Orthworm|Coil|p2a: Orthworm\n|-boost|p2a: Orthworm|atk|1\n|-boost|p2a: Orthworm|def|1\n|-boost|p2a: Orthworm|accuracy|1\n|\n|upkeep\n|turn|4\n|\n|t:|1782763551\n|move|p1a: Gengar|Will-O-Wisp|p2a: Orthworm\n|-status|p2a: Orthworm|brn\n|move|p2a: Orthworm|Iron Tail|p1a: Gengar\n|-damage|p1a: Gengar|121/230\n|-unboost|p1a: Gengar|def|1\n|-start|p2a: Orthworm|Disable|Iron Tail|[from] ability: Cursed Body|[of] p1a: Gengar\n|\n|-damage|p2a: Orthworm|250/266 brn|[from] brn\n|upkeep\n|turn|5\n|\n|t:|1782763563\n|switch|p2a: Phione|Phione, L91|293/293\n|move|p1a: Gengar|Focus Blast|p2a: Phione|[miss]\n|-miss|p1a: Gengar|p2a: Phione\n|\n|upkeep\n|turn|6\n|\n|t:|1782763574\n|switch|p2a: Orthworm|Orthworm, L88, M|250/266 brn\n|move|p1a: Gengar|Sludge Wave|p2a: Orthworm\n|-immune|p2a: Orthworm\n|\n|-damage|p2a: Orthworm|234/266 brn|[from] brn\n|upkeep\n|turn|7\n|\n|t:|1782763585\n|move|p1a: Gengar|Focus Blast|p2a: Orthworm|[miss]\n|-miss|p1a: Gengar|p2a: Orthworm\n|move|p2a: Orthworm|Coil|p2a: Orthworm\n|-boost|p2a: Orthworm|atk|1\n|-boost|p2a: Orthworm|def|1\n|-boost|p2a: Orthworm|accuracy|1\n|\n|-damage|p2a: Orthworm|218/266 brn|[from] brn\n|upkeep\n|turn|8\n|\n|t:|1782763597\n|-terastallize|p2a: Orthworm|Fighting\n|move|p1a: Gengar|Focus Blast|p2a: Orthworm\n|-damage|p2a: Orthworm|43/266 brn\n|-damage|p1a: Gengar|98/230|[from] item: Life Orb\n|move|p2a: Orthworm|Iron Tail|p1a: Gengar\n|-damage|p1a: Gengar|0 fnt\n|faint|p1a: Gengar\n|\n|-damage|p2a: Orthworm|27/266 brn|[from] brn\n|upkeep\n|\n|t:|1782763614\n|switch|p1a: Walking Wake|Walking Wake, L79|286/286\n|turn|9\n|\n|t:|1782763618\n|move|p1a: Walking Wake|Sunny Day|p1a: Walking Wake\n|-weather|SunnyDay\n|-activate|p1a: Walking Wake|ability: Protosynthesis\n|-start|p1a: Walking Wake|protosynthesisspa\n|move|p2a: Orthworm|Rest|p2a: Orthworm\n|-status|p2a: Orthworm|slp|[from] move: Rest\n|-heal|p2a: Orthworm|266/266 slp|[silent]\n|-enditem|p2a: Orthworm|Chesto Berry|[eat]\n|-curestatus|p2a: Orthworm|slp|[msg]\n|\n|-weather|SunnyDay|[upkeep]\n|upkeep\n|turn|10\n|\n|t:|1782763629\n|move|p1a: Walking Wake|Hydro Steam|p2a: Orthworm\n|-damage|p2a: Orthworm|0 fnt\n|faint|p2a: Orthworm\n|-damage|p1a: Walking Wake|258/286|[from] item: Life Orb\n|\n|-weather|SunnyDay|[upkeep]\n|upkeep\n|\n|t:|1782763658\n|switch|p2a: Phione|Phione, L91|293/293\n|turn|11\n|\n|t:|1782763665\n|move|p1a: Walking Wake|Draco Meteor|p2a: Phione\n|-damage|p2a: Phione|46/293\n|-unboost|p1a: Walking Wake|spa|2\n|-damage|p1a: Walking Wake|230/286|[from] item: Life Orb\n|move|p2a: Phione|Scald|p1a: Walking Wake\n|-resisted|p1a: Walking Wake\n|-damage|p1a: Walking Wake|218/286\n|\n|-weather|SunnyDay|[upkeep]\n|-heal|p2a: Phione|64/293|[from] item: Leftovers\n|upkeep\n|turn|12\n|\n|t:|1782763677\n|switch|p2a: Rayquaza|Rayquaza, L72|270/270\n|-ability|p2a: Rayquaza|Air Lock\n|-end|p1a: Walking Wake|Protosynthesis\n|move|p1a: Walking Wake|Flamethrower|p2a: Rayquaza\n|-resisted|p2a: Rayquaza\n|-damage|p2a: Rayquaza|245/270\n|-damage|p1a: Walking Wake|190/286|[from] item: Life Orb\n|\n|-weather|SunnyDay|[upkeep]\n|upkeep\n|turn|13\n|\n|t:|1782763693\n|-end|p1a: Walking Wake|Protosynthesis|[silent]\n|switch|p1a: Hydrapple|Hydrapple, L83, F, tera:Steel|312/312\n|move|p2a: Rayquaza|Swords Dance|p2a: Rayquaza\n|-boost|p2a: Rayquaza|atk|2\n|\n|-weather|none\n|upkeep\n|turn|14\n|\n|t:|1782763704\n|move|p2a: Rayquaza|Earthquake|p1a: Hydrapple\n|-supereffective|p1a: Hydrapple\n|-damage|p1a: Hydrapple|70/312\n|move|p1a: Hydrapple|Fickle Beam|p2a: Rayquaza\n|-supereffective|p2a: Rayquaza\n|-damage|p2a: Rayquaza|0 fnt\n|faint|p2a: Rayquaza\n|-damage|p1a: Hydrapple|39/312|[from] item: Life Orb\n|\n|upkeep\n|\n|t:|1782763721\n|switch|p2a: Pawmot|Pawmot, L80, F|243/243\n|turn|15\n|\n|t:|1782763727\n|move|p2a: Pawmot|Revival Blessing|p2a: Pawmot\n|\n|t:|1782763750\n|-heal|p2: Rayquaza|135/270|[from] move: Revival Blessing\n|move|p1a: Hydrapple|Earth Power|p2a: Pawmot\n|-supereffective|p2a: Pawmot\n|-damage|p2a: Pawmot|0 fnt\n|faint|p2a: Pawmot\n|-damage|p1a: Hydrapple|8/312|[from] item: Life Orb\n|\n|upkeep\n|\n|t:|1782763763\n|switch|p2a: Phione|Phione, L91|64/293\n|turn|16\n|\n|t:|1782763772\n|switch|p1a: Spidops|Spidops, L96, M|271/271\n|move|p2a: Phione|Scald|p1a: Spidops\n|-damage|p1a: Spidops|187/271\n|\n|-heal|p2a: Phione|82/293|[from] item: Leftovers\n|upkeep\n|turn|17\n|\n|t:|1782763788\n|switch|p2a: Giratina|Giratina, L75|349/349\n|-ability|p2a: Giratina|Pressure\n|move|p1a: Spidops|Knock Off|p2a: Giratina\n|-supereffective|p2a: Giratina\n|-damage|p2a: Giratina|99/349\n|-enditem|p2a: Giratina|Leftovers|[from] move: Knock Off|[of] p1a: Spidops\n|\n|upkeep\n|turn|18\n|\n|t:|1782763809\n|move|p2a: Giratina|Rest|p2a: Giratina\n|-status|p2a: Giratina|slp|[from] move: Rest\n|-heal|p2a: Giratina|349/349 slp|[silent]\n|move|p1a: Spidops|Sticky Web|p2a: Giratina\n|-sidestart|p2: jeanpilopez|move: Sticky Web\n|\n|upkeep\n|turn|19\n|\n|t:|1782763827\n|switch|p1a: Golurk|Golurk, L87|297/297\n|cant|p2a: Giratina|slp\n|move|p2a: Giratina|Sleep Talk|p2a: Giratina\n|move|p2a: Giratina|Rest||[from] move: Sleep Talk|[still]\n|-fail|p2a: Giratina\n|\n|upkeep\n|turn|20\n|\n|t:|1782763846\n|cant|p2a: Giratina|slp\n|move|p2a: Giratina|Sleep Talk|p2a: Giratina\n|move|p2a: Giratina|Rest||[from] move: Sleep Talk|[still]\n|-fail|p2a: Giratina\n|move|p1a: Golurk|Stealth Rock|p2a: Giratina\n|-sidestart|p2: jeanpilopez|move: Stealth Rock\n|\n|upkeep\n|turn|21\n|\n|t:|1782763856\n|-curestatus|p2a: Giratina|slp|[msg]\n|move|p2a: Giratina|Calm Mind|p2a: Giratina\n|-boost|p2a: Giratina|spa|1\n|-boost|p2a: Giratina|spd|1\n|move|p1a: Golurk|Earthquake|p2a: Giratina\n|-damage|p2a: Giratina|196/349\n|-damage|p1a: Golurk|268/297|[from] item: Life Orb\n|\n|upkeep\n|turn|22\n|\n|t:|1782763871\n|move|p2a: Giratina|Dragon Pulse|p1a: Golurk\n|-crit|p1a: Golurk\n|-damage|p1a: Golurk|103/297\n|move|p1a: Golurk|Earthquake|p2a: Giratina\n|-damage|p2a: Giratina|35/349\n|-damage|p1a: Golurk|74/297|[from] item: Life Orb\n|\n|upkeep\n|turn|23\n|\n|t:|1782763880\n|move|p2a: Giratina|Rest|p2a: Giratina\n|-status|p2a: Giratina|slp|[from] move: Rest\n|-heal|p2a: Giratina|349/349 slp|[silent]\n|move|p1a: Golurk|Earthquake|p2a: Giratina\n|-damage|p2a: Giratina|197/349 slp\n|-damage|p1a: Golurk|45/297|[from] item: Life Orb\n|\n|upkeep\n|turn|24\n|\n|t:|1782763887\n|cant|p2a: Giratina|slp\n|move|p2a: Giratina|Sleep Talk|p2a: Giratina\n|move|p2a: Giratina|Dragon Pulse|p1a: Golurk|[from] move: Sleep Talk\n|-damage|p1a: Golurk|0 fnt\n|faint|p1a: Golurk\n|\n|upkeep\n|\n|t:|1782763899\n|switch|p1a: Iron Moth|Iron Moth, L78|253/253\n|turn|25\n|\n|t:|1782763908\n|move|p1a: Iron Moth|Fiery Dance|p2a: Giratina\n|-resisted|p2a: Giratina\n|-damage|p2a: Giratina|153/349 slp\n|cant|p2a: Giratina|slp\n|move|p2a: Giratina|Sleep Talk|p2a: Giratina\n|move|p2a: Giratina|Dragon Pulse|p1a: Iron Moth|[from] move: Sleep Talk\n|-damage|p1a: Iron Moth|147/253\n|\n|upkeep\n|turn|26\n|\n|t:|1782763919\n|move|p1a: Iron Moth|Fiery Dance|p2a: Giratina\n|-resisted|p2a: Giratina\n|-damage|p2a: Giratina|110/349 slp\n|-curestatus|p2a: Giratina|slp|[msg]\n|move|p2a: Giratina|Calm Mind|p2a: Giratina\n|-boost|p2a: Giratina|spa|1\n|-boost|p2a: Giratina|spd|1\n|\n|upkeep\n|turn|27\n|\n|t:|1782763927\n|move|p1a: Iron Moth|Fiery Dance|p2a: Giratina\n|-resisted|p2a: Giratina\n|-damage|p2a: Giratina|79/349\n|-boost|p1a: Iron Moth|spa|1\n|move|p2a: Giratina|Rest|p2a: Giratina\n|-status|p2a: Giratina|slp|[from] move: Rest\n|-heal|p2a: Giratina|349/349 slp|[silent]\n|\n|upkeep\n|turn|28\n|\n|t:|1782763935\n|move|p1a: Iron Moth|Fiery Dance|p2a: Giratina\n|-resisted|p2a: Giratina\n|-damage|p2a: Giratina|298/349 slp\n|cant|p2a: Giratina|slp\n|move|p2a: Giratina|Sleep Talk|p2a: Giratina\n|move|p2a: Giratina|Dragon Pulse|p1a: Iron Moth|[from] move: Sleep Talk\n|-damage|p1a: Iron Moth|15/253\n|\n|upkeep\n|turn|29\n|\n|t:|1782763943\n|-end|p1a: Iron Moth|Quark Drive|[silent]\n|switch|p1a: Hydrapple|Hydrapple, L83, F, tera:Steel|112/312\n|cant|p2a: Giratina|slp\n|move|p2a: Giratina|Sleep Talk|p2a: Giratina\n|move|p2a: Giratina|Rest||[from] move: Sleep Talk|[still]\n|-fail|p2a: Giratina\n|\n|upkeep\n|turn|30\n|\n|t:|1782763954\n|switch|p1a: Iron Moth|Iron Moth, L78|15/253\n|-curestatus|p2a: Giratina|slp|[msg]\n|move|p2a: Giratina|Dragon Pulse|p1a: Iron Moth\n|-damage|p1a: Iron Moth|0 fnt\n|faint|p1a: Iron Moth\n|-end|p1a: Iron Moth|Quark Drive|[silent]\n|\n|upkeep\n|\n|t:|1782763966\n|switch|p1a: Hydrapple|Hydrapple, L83, F, tera:Steel|216/312\n|turn|31\n|\n|t:|1782763979\n|move|p2a: Giratina|Calm Mind|p2a: Giratina\n|-boost|p2a: Giratina|spa|1\n|-boost|p2a: Giratina|spd|1\n|move|p1a: Hydrapple|Fickle Beam|p2a: Giratina\n|-supereffective|p2a: Giratina\n|-damage|p2a: Giratina|210/349\n|-damage|p1a: Hydrapple|185/312|[from] item: Life Orb\n|\n|upkeep\n|turn|32\n|\n|t:|1782763987\n|move|p2a: Giratina|Dragon Pulse|p1a: Hydrapple\n|-resisted|p1a: Hydrapple\n|-damage|p1a: Hydrapple|89/312\n|move|p1a: Hydrapple|Nasty Plot|p1a: Hydrapple\n|-boost|p1a: Hydrapple|spa|2\n|\n|upkeep\n|turn|33\n|\n|t:|1782763995\n|move|p2a: Giratina|Dragon Pulse|p1a: Hydrapple\n|-resisted|p1a: Hydrapple\n|-damage|p1a: Hydrapple|0 fnt\n|faint|p1a: Hydrapple\n|\n|upkeep\n|\n|t:|1782763999\n|switch|p1a: Spidops|Spidops, L96, M|187/271\n|turn|34\n|\n|t:|1782764007\n|move|p2a: Giratina|Dragon Pulse|p1a: Spidops\n|-damage|p1a: Spidops|21/271\n|move|p1a: Spidops|Knock Off|p2a: Giratina\n|-supereffective|p2a: Giratina\n|-damage|p2a: Giratina|112/349\n|\n|upkeep\n|turn|35\n|\n|t:|1782764014\n|move|p2a: Giratina|Rest|p2a: Giratina\n|-status|p2a: Giratina|slp|[from] move: Rest\n|-heal|p2a: Giratina|349/349 slp|[silent]\n|move|p1a: Spidops|Knock Off|p2a: Giratina\n|-supereffective|p2a: Giratina\n|-damage|p2a: Giratina|255/349 slp\n|\n|upkeep\n|turn|36\n|\n|t:|1782764023\n|cant|p2a: Giratina|slp\n|move|p2a: Giratina|Sleep Talk|p2a: Giratina\n|move|p2a: Giratina|Rest||[from] move: Sleep Talk|[still]\n|-fail|p2a: Giratina\n|move|p1a: Spidops|Knock Off|p2a: Giratina\n|-supereffective|p2a: Giratina\n|-damage|p2a: Giratina|171/349 slp\n|\n|upkeep\n|turn|37\n|\n|t:|1782764032\n|cant|p2a: Giratina|slp\n|move|p2a: Giratina|Sleep Talk|p2a: Giratina\n|move|p2a: Giratina|Calm Mind|p2a: Giratina|[from] move: Sleep Talk\n|-boost|p2a: Giratina|spa|1\n|-boost|p2a: Giratina|spd|1\n|move|p1a: Spidops|Knock Off|p2a: Giratina\n|-supereffective|p2a: Giratina\n|-damage|p2a: Giratina|79/349 slp\n|\n|upkeep\n|turn|38\n|\n|t:|1782764042\n|-curestatus|p2a: Giratina|slp|[msg]\n|move|p2a: Giratina|Rest|p2a: Giratina\n|-status|p2a: Giratina|slp|[from] move: Rest\n|-heal|p2a: Giratina|349/349 slp|[silent]\n|move|p1a: Spidops|Knock Off|p2a: Giratina\n|-supereffective|p2a: Giratina\n|-damage|p2a: Giratina|257/349 slp\n|\n|upkeep\n|turn|39\n|\n|t:|1782764052\n|switch|p1a: Walking Wake|Walking Wake, L79|190/286\n|cant|p2a: Giratina|slp\n|move|p2a: Giratina|Sleep Talk|p2a: Giratina\n|move|p2a: Giratina|Calm Mind|p2a: Giratina|[from] move: Sleep Talk\n|-boost|p2a: Giratina|spa|1\n|-boost|p2a: Giratina|spd|1\n|\n|upkeep\n|turn|40\n|\n|t:|1782764062\n|move|p1a: Walking Wake|Sunny Day|p1a: Walking Wake\n|-weather|SunnyDay\n|-activate|p1a: Walking Wake|ability: Protosynthesis\n|-start|p1a: Walking Wake|protosynthesisspa\n|cant|p2a: Giratina|slp\n|move|p2a: Giratina|Sleep Talk|p2a: Giratina\n|move|p2a: Giratina|Rest||[from] move: Sleep Talk|[still]\n|-fail|p2a: Giratina\n|\n|-weather|SunnyDay|[upkeep]\n|upkeep\n|turn|41\n|\n|t:|1782764072\n|move|p1a: Walking Wake|Draco Meteor|p2a: Giratina\n|-supereffective|p2a: Giratina\n|-damage|p2a: Giratina|117/349 slp\n|-unboost|p1a: Walking Wake|spa|2\n|-damage|p1a: Walking Wake|162/286|[from] item: Life Orb\n|-curestatus|p2a: Giratina|slp|[msg]\n|move|p2a: Giratina|Dragon Pulse|p1a: Walking Wake\n|-supereffective|p1a: Walking Wake\n|-damage|p1a: Walking Wake|0 fnt\n|faint|p1a: Walking Wake\n|-end|p1a: Walking Wake|Protosynthesis|[silent]\n|\n|-weather|SunnyDay|[upkeep]\n|upkeep\n|\n|t:|1782764078\n|switch|p1a: Spidops|Spidops, L96, M|21/271\n|turn|42\n|\n|t:|1782764085\n|move|p2a: Giratina|Rest|p2a: Giratina\n|-status|p2a: Giratina|slp|[from] move: Rest\n|-heal|p2a: Giratina|349/349 slp|[silent]\n|move|p1a: Spidops|Knock Off|p2a: Giratina\n|-supereffective|p2a: Giratina\n|-damage|p2a: Giratina|265/349 slp\n|\n|-weather|SunnyDay|[upkeep]\n|upkeep\n|turn|43\n|\n|t:|1782764096\n|cant|p2a: Giratina|slp\n|move|p2a: Giratina|Sleep Talk|p2a: Giratina\n|move|p2a: Giratina|Calm Mind|p2a: Giratina|[from] move: Sleep Talk\n|-boost|p2a: Giratina|spa|1\n|-boost|p2a: Giratina|spd|1\n|move|p1a: Spidops|Knock Off|p2a: Giratina\n|-supereffective|p2a: Giratina\n|-damage|p2a: Giratina|179/349 slp\n|\n|-weather|SunnyDay|[upkeep]\n|upkeep\n|turn|44\n|\n|t:|1782764107\n|cant|p2a: Giratina|slp\n|move|p2a: Giratina|Sleep Talk|p2a: Giratina\n|move|p2a: Giratina|Calm Mind|p2a: Giratina|[from] move: Sleep Talk\n|-boost|p2a: Giratina|spa|0\n|-boost|p2a: Giratina|spd|0\n|move|p1a: Spidops|Knock Off|p2a: Giratina\n|-supereffective|p2a: Giratina\n|-damage|p2a: Giratina|91/349 slp\n|\n|-weather|none\n|upkeep\n|turn|45\n|\n|t:|1782764118\n|-curestatus|p2a: Giratina|slp|[msg]\n|move|p2a: Giratina|Rest|p2a: Giratina\n|-status|p2a: Giratina|slp|[from] move: Rest\n|-heal|p2a: Giratina|349/349 slp|[silent]\n|move|p1a: Spidops|Knock Off|p2a: Giratina\n|-supereffective|p2a: Giratina\n|-damage|p2a: Giratina|257/349 slp\n|\n|upkeep\n|turn|46\n|\n|t:|1782764126\n|cant|p2a: Giratina|slp\n|move|p2a: Giratina|Sleep Talk|p2a: Giratina\n|move|p2a: Giratina|Rest||[from] move: Sleep Talk|[still]\n|-fail|p2a: Giratina\n|move|p1a: Spidops|Knock Off|p2a: Giratina\n|-supereffective|p2a: Giratina\n|-crit|p2a: Giratina\n|-damage|p2a: Giratina|121/349 slp\n|\n|upkeep\n|turn|47\n|\n|t:|1782764136\n|cant|p2a: Giratina|slp\n|move|p2a: Giratina|Sleep Talk|p2a: Giratina\n|move|p2a: Giratina|Calm Mind|p2a: Giratina|[from] move: Sleep Talk\n|-boost|p2a: Giratina|spa|0\n|-boost|p2a: Giratina|spd|0\n|move|p1a: Spidops|Knock Off|p2a: Giratina\n|-supereffective|p2a: Giratina\n|-damage|p2a: Giratina|33/349 slp\n|\n|upkeep\n|turn|48\n|\n|t:|1782764145\n|-curestatus|p2a: Giratina|slp|[msg]\n|move|p2a: Giratina|Dragon Pulse|p1a: Spidops\n|-damage|p1a: Spidops|0 fnt\n|faint|p1a: Spidops\n|\n|win|jeanpilopez\n||diegohha is ready for game 2.\n||jeanpilopez is ready for game 2.\n|uhtml|next|Next: <a href=\"/battle-gen9randombattle-2641292961\"><strong>Game 2 of 3</strong></a>\n", "inputlog": ">version f8ac14003a5f27e1bdc8d8c59608a773c1cb96e5\n>start {\"formatid\":\"gen9randombattle@@@Best of = 3\",\"seed\":\"sodium,0fae6fda6e7e5d23fa2ce3a15333918b\"}\n>player p1 {\"name\":\"diegohha\",\"avatar\":\"byron\",\"rating\":0,\"seed\":\"sodium,beba635c81be51704f75930c0f32a825\"}\n>player p2 {\"name\":\"jeanpilopez\",\"avatar\":\"gambler\",\"rating\":0,\"seed\":\"sodium,7eb85ab37b3c265f76b9a47b819af8ef\"}\n>p1 move nastyplot\n>p2 switch 5\n>p1 move gigadrain terastallize\n>p2 move icebeam\n>p2 switch 6\n>p1 switch 3\n>p2 move coil\n>p1 move willowisp\n>p2 move irontail\n>p1 move focusblast\n>p2 switch 5\n>p1 move sludgewave\n>p2 switch 5\n>p1 move focusblast\n>p2 move coil\n>p1 move focusblast\n>p2 move irontail terastallize\n>p1 switch 2\n>p1 move sunnyday\n>p2 move rest\n>p1 move hydrosteam\n>p2 move bodypress\n>p2 switch 5\n>p1 move dracometeor\n>p2 move scald\n>p1 move flamethrower\n>p2 switch 4\n>p1 switch 3\n>p2 move swordsdance\n>p1 move ficklebeam\n>p2 move earthquake\n>p2 switch 2\n>p1 move earthpower\n>p2 move revivalblessing\n>p2 switch 2\n>p2 switch 4\n>p1 switch 4\n>p2 move scald\n>p1 move knockoff\n>p2 switch 3\n>p1 move stickyweb\n>p2 move rest\n>p1 switch 6\n>p2 move sleeptalk\n>p1 move stealthrock\n>p2 move sleeptalk\n>p1 move earthquake\n>p2 move calmmind\n>p1 move earthquake\n>p2 move dragonpulse\n>p1 move earthquake\n>p2 move rest\n>p1 move earthquake\n>p2 move sleeptalk\n>p1 switch 5\n>p1 move fierydance\n>p2 move sleeptalk\n>p1 move fierydance\n>p2 move calmmind\n>p1 move fierydance\n>p2 move rest\n>p1 move fierydance\n>p2 move sleeptalk\n>p1 switch 4\n>p2 move sleeptalk\n>p1 switch 4\n>p2 move dragonpulse\n>p1 switch 4\n>p1 move ficklebeam\n>p2 move calmmind\n>p1 move nastyplot\n>p2 move dragonpulse\n>p1 move ficklebeam\n>p2 move dragonpulse\n>p1 switch 6\n>p1 move knockoff\n>p2 move dragonpulse\n>p1 move knockoff\n>p2 move rest\n>p1 move knockoff\n>p2 move sleeptalk\n>p1 move knockoff\n>p2 move sleeptalk\n>p1 move knockoff\n>p2 move rest\n>p1 switch 3\n>p2 move sleeptalk\n>p1 move sunnyday\n>p2 move sleeptalk\n>p1 move dracometeor\n>p2 move dragonpulse\n>p1 switch 3\n>p1 move knockoff\n>p2 move rest\n>p1 move knockoff\n>p2 move sleeptalk\n>p1 move knockoff\n>p2 move sleeptalk\n>p1 move knockoff\n>p2 move rest\n>p1 move knockoff\n>p2 move sleeptalk\n>p1 move knockoff\n>p2 move sleeptalk\n>p1 move knockoff\n>p2 move dragonpulse", "uploadtime": 1782764152, "views": 6, "formatid": "gen9randombattle", "rating": null, "private": 0, "password": null, "player_dets": [{"name": "diegohha", "avatar": "byron", "rating": 0, "seed": "sodium,beba635c81be51704f75930c0f32a825"}, {"name": "jeanpilopez", "avatar": "gambler", "rating": 0, "seed": "sodium,7eb85ab37b3c265f76b9a47b819af8ef"}], "teams_full": [{"Hydrapple": {"name": "Hydrapple", "species": "Hydrapple", "speciesId": "hydrapple", "gender": "F", "shiny": false, "level": 83, "moves": ["nastyplot", "ficklebeam", "gigadrain", "earthpower"], "ability": "Regenerator", "evs": {"hp": 85, "atk": 0, "def": 85, "spa": 85, "spd": 85, "spe": 85}, "ivs": {"hp": 31, "atk": 0, "def": 31, "spa": 31, "spd": 31, "spe": 31}, "item": "Life Orb", "teraType": "Steel", "role": "Fast Bulky Setup", "bvs": {"hp": 106, "atk": 80, "def": 110, "spa": 120, "spd": 80, "spe": 44}, "stats": {"hp": 312, "atk": 137, "def": 230, "spa": 247, "spd": 180, "spe": 121}, "types": ["Grass", "Dragon"]}, "Walking Wake": {"name": "Walking Wake", "species": "Walking Wake", "speciesId": "walkingwake", "gender": "N", "shiny": false, "level": 79, "moves": ["flamethrower", "dracometeor", "hydrosteam", "sunnyday"], "ability": "Protosynthesis", "evs": {"hp": 85, "atk": 0, "def": 85, "spa": 85, "spd": 85, "spe": 85}, "ivs": {"hp": 31, "atk": 0, "def": 31, "spa": 31, "spd": 31, "spe": 31}, "item": "Life Orb", "teraType": "Fire", "role": "Fast Attacker", "bvs": {"hp": 99, "atk": 83, "def": 91, "spa": 125, "spd": 83, "spe": 109}, "stats": {"hp": 286, "atk": 136, "def": 189, "spa": 243, "spd": 177, "spe": 218}, "types": ["Water", "Dragon"]}, "Gengar": {"name": "Gengar", "species": "Gengar", "speciesId": "gengar", "gender": "M", "shiny": false, "level": 81, "moves": ["willowisp", "sludgewave", "focusblast", "shadowball"], "ability": "Cursed Body", "evs": {"hp": 85, "atk": 0, "def": 85, "spa": 85, "spd": 85, "spe": 85}, "ivs": {"hp": 31, "atk": 0, "def": 31, "spa": 31, "spd": 31, "spe": 31}, "item": "Life Orb", "teraType": "Fighting", "role": "Fast Attacker", "bvs": {"hp": 60, "atk": 65, "def": 60, "spa": 130, "spd": 75, "spe": 110}, "stats": {"hp": 230, "atk": 110, "def": 144, "spa": 257, "spd": 168, "spe": 225}, "types": ["Ghost", "Poison"]}, "Spidops": {"name": "Spidops", "species": "Spidops", "speciesId": "spidops", "gender": "M", "shiny": false, "level": 96, "moves": ["stickyweb", "knockoff", "circlethrow", "spikes"], "ability": "Stakeout", "evs": {"hp": 85, "atk": 85, "def": 85, "spa": 85, "spd": 85, "spe": 85}, "ivs": {"hp": 31, "atk": 31, "def": 31, "spa": 31, "spd": 31, "spe": 31}, "item": "Heavy-Duty Boots", "teraType": "Ghost", "role": "Bulky Support", "bvs": {"hp": 60, "atk": 79, "def": 92, "spa": 52, "spd": 86, "spe": 35}, "stats": {"hp": 271, "atk": 206, "def": 231, "spa": 154, "spd": 220, "spe": 122}, "types": ["Bug"]}, "Iron Moth": {"name": "Iron Moth", "species": "Iron Moth", "speciesId": "ironmoth", "gender": "N", "shiny": false, "level": 78, "moves": ["uturn", "energyball", "fierydance", "sludgewave"], "ability": "Quark Drive", "evs": {"hp": 85, "atk": 85, "def": 85, "spa": 85, "spd": 85, "spe": 85}, "ivs": {"hp": 31, "atk": 31, "def": 31, "spa": 31, "spd": 31, "spe": 31}, "item": "Choice Specs", "teraType": "Fire", "role": "Fast Attacker", "bvs": {"hp": 80, "atk": 70, "def": 60, "spa": 140, "spd": 110, "spe": 110}, "stats": {"hp": 253, "atk": 154, "def": 139, "spa": 263, "spd": 217, "spe": 217}, "types": ["Fire", "Poison"]}, "Golurk": {"name": "Golurk", "species": "Golurk", "speciesId": "golurk", "gender": "N", "shiny": false, "level": 87, "moves": ["dynamicpunch", "earthquake", "poltergeist", "stealthrock"], "ability": "No Guard", "evs": {"hp": 85, "atk": 85, "def": 85, "spa": 85, "spd": 85, "spe": 85}, "ivs": {"hp": 31, "atk": 31, "def": 31, "spa": 31, "spd": 31, "spe": 31}, "item": "Life Orb", "teraType": "Fighting", "role": "Wallbreaker", "bvs": {"hp": 89, "atk": 124, "def": 80, "spa": 55, "spd": 80, "spe": 55}, "stats": {"hp": 297, "atk": 266, "def": 189, "spa": 145, "spd": 189, "spe": 145}, "types": ["Ground", "Ghost"]}}, {"Phione": {"name": "Phione", "species": "Phione", "speciesId": "phione", "gender": "N", "shiny": false, "level": 91, "moves": ["scald", "sleeptalk", "rest", "takeheart"], "ability": "Hydration", "evs": {"hp": 85, "atk": 0, "def": 85, "spa": 85, "spd": 85, "spe": 85}, "ivs": {"hp": 31, "atk": 0, "def": 31, "spa": 31, "spd": 31, "spe": 31}, "item": "Leftovers", "teraType": "Steel", "role": "Bulky Setup", "bvs": {"hp": 80, "atk": 80, "def": 80, "spa": 80, "spd": 80, "spe": 80}, "stats": {"hp": 293, "atk": 150, "def": 197, "spa": 197, "spd": 197, "spe": 197}, "types": ["Water"]}, "Pawmot": {"name": "Pawmot", "species": "Pawmot", "speciesId": "pawmot", "gender": "F", "shiny": false, "level": 80, "moves": ["closecombat", "icepunch", "revivalblessing", "doubleshock"], "ability": "Iron Fist", "evs": {"hp": 85, "atk": 85, "def": 85, "spa": 85, "spd": 85, "spe": 85}, "ivs": {"hp": 31, "atk": 31, "def": 31, "spa": 31, "spd": 31, "spe": 31}, "item": "Life Orb", "teraType": "Electric", "role": "Wallbreaker", "bvs": {"hp": 70, "atk": 115, "def": 70, "spa": 70, "spd": 60, "spe": 105}, "stats": {"hp": 243, "atk": 230, "def": 158, "spa": 158, "spd": 142, "spe": 214}, "types": ["Electric", "Fighting"]}, "Giratina": {"name": "Giratina", "species": "Giratina", "speciesId": "giratina", "gender": "N", "shiny": false, "level": 75, "moves": ["dragonpulse", "sleeptalk", "rest", "calmmind"], "ability": "Pressure", "evs": {"hp": 85, "atk": 0, "def": 85, "spa": 85, "spd": 85, "spe": 85}, "ivs": {"hp": 31, "atk": 0, "def": 31, "spa": 31, "spd": 31, "spe": 31}, "item": "Leftovers", "teraType": "Fairy", "role": "Bulky Setup", "bvs": {"hp": 150, "atk": 100, "def": 120, "spa": 100, "spd": 120, "spe": 90}, "stats": {"hp": 349, "atk": 155, "def": 224, "spa": 194, "spd": 224, "spe": 179}, "types": ["Ghost", "Dragon"]}, "Rayquaza": {"name": "Rayquaza", "species": "Rayquaza", "speciesId": "rayquaza", "gender": "N", "shiny": false, "level": 72, "moves": ["earthquake", "extremespeed", "swordsdance", "dragonascent"], "ability": "Air Lock", "evs": {"hp": 85, "atk": 85, "def": 85, "spa": 85, "spd": 85, "spe": 85}, "ivs": {"hp": 31, "atk": 31, "def": 31, "spa": 31, "spd": 31, "spe": 31}, "item": "Heavy-Duty Boots", "teraType": "Normal", "role": "Fast Attacker", "bvs": {"hp": 105, "atk": 150, "def": 90, "spa": 150, "spd": 90, "spe": 95}, "stats": {"hp": 270, "atk": 258, "def": 172, "spa": 258, "spd": 172, "spe": 179}, "types": ["Dragon", "Flying"]}, "Lapras": {"name": "Lapras", "species": "Lapras", "speciesId": "lapras", "gender": "M", "shiny": false, "level": 87, "moves": ["freezedry", "icebeam", "hydropump", "sparklingaria"], "ability": "Water Absorb", "evs": {"hp": 81, "atk": 0, "def": 85, "spa": 85, "spd": 85, "spe": 85}, "ivs": {"hp": 31, "atk": 0, "def": 31, "spa": 31, "spd": 31, "spe": 31}, "item": "Choice Specs", "teraType": "Water", "role": "Wallbreaker", "bvs": {"hp": 130, "atk": 85, "def": 80, "spa": 85, "spd": 95, "spe": 60}, "stats": {"hp": 367, "atk": 152, "def": 189, "spa": 198, "spd": 215, "spe": 154}, "types": ["Water", "Ice"]}, "Orthworm": {"name": "Orthworm", "species": "Orthworm", "speciesId": "orthworm", "gender": "M", "shiny": false, "level": 88, "moves": ["coil", "irontail", "rest", "bodypress"], "ability": "Earth Eater", "evs": {"hp": 85, "atk": 85, "def": 85, "spa": 85, "spd": 85, "spe": 85}, "ivs": {"hp": 31, "atk": 31, "def": 31, "spa": 31, "spd": 31, "spe": 31}, "item": "Chesto Berry", "teraType": "Fighting", "role": "Bulky Setup", "bvs": {"hp": 70, "atk": 85, "def": 145, "spa": 60, "spd": 55, "spe": 65}, "stats": {"hp": 266, "atk": 200, "def": 305, "spa": 156, "spd": 147, "spe": 165}, "types": ["Steel"]}}]}