{"id": "gen9randombattle-2641770793", "format": "[Gen 9] Random Battle", "players": ["milkreo", "dorapult"], "log": "|badge|p1|silver|gen9randombattle|30-9\n|html|<div class=\"broadcast-red\"><strong>This battle is required to be public due to one or more player having a season medal.</strong><br />During the public phase, you can discuss the state of the ladder <a href=\"/seasondiscussion\">in a special chatroom.</a></div>\n|uhtml|medal-msg|<div class=\"broadcast-blue\">Curious what those medals under the avatar are? PS now has Ladder Seasons! For more information, check out the <a href=\"https://www.smogon.com/forums/threads/3740067/\">thread on Smogon.</a></div>\n|badge|p2|silver|gen9randombattle|30-9\n|uhtml|medal-msg|<div class=\"broadcast-blue\">Curious what those medals under the avatar are? PS now has Ladder Seasons! For more information, check out the <a href=\"https://www.smogon.com/forums/threads/3740067/\">thread on Smogon.</a></div>\n|raw|<div class=\"broadcast-blue\"><strong>This battle is required to be public due to a player having a name starting with 'medal'.</div>\n|j|\u2606milkreo\n|j|\u2606dorapult\n|t:|1782839917\n|gametype|singles\n|player|p1|milkreo|101|2388\n|player|p2|dorapult|dawn|2371\n|gen|9\n|tier|[Gen 9] Random Battle\n|rated|\n|rule|Species Clause: Limit one of each Pok\u00e9mon\n|rule|HP Percentage Mod: HP is shown in percentages\n|rule|Sleep Clause Mod: Limit one foe put to sleep\n|rule|Illusion Level Mod: Illusion disguises the Pok\u00e9mon's true level\n|\n|t:|1782839917\n|teamsize|p1|6\n|teamsize|p2|6\n|start\n|switch|p1a: Altaria|Altaria, L89, F|278/278\n|switch|p2a: Necrozma|Necrozma-Dawn-Wings, L76|272/272\n|turn|1\n|\n|t:|1782839930\n|switch|p2a: Klawf|Klawf, L90, M|272/272\n|move|p1a: Altaria|Brave Bird|p2a: Klawf\n|-resisted|p2a: Klawf\n|-damage|p2a: Klawf|226/272\n|-damage|p1a: Altaria|263/278|[from] Recoil\n|\n|upkeep\n|turn|2\n|inactive|Battle timer is ON: inactive players will automatically lose when time's up. (requested by dorapult)\n|\n|t:|1782839945\n|switch|p1a: Electrode|Electrode-Hisui, L87|246/246\n|move|p2a: Klawf|Stealth Rock|p1a: Electrode\n|-sidestart|p1: milkreo|move: Stealth Rock\n|\n|upkeep\n|turn|3\n|\n|t:|1782839963\n|switch|p2a: Necrozma|Necrozma-Dawn-Wings, L76|272/272\n|move|p1a: Electrode|Substitute|p1a: Electrode\n|-start|p1a: Electrode|Substitute\n|-damage|p1a: Electrode|185/246\n|\n|-heal|p1a: Electrode|200/246|[from] item: Leftovers\n|upkeep\n|turn|4\n|\n|t:|1782839972\n|move|p1a: Electrode|Leech Seed|p2a: Necrozma\n|-start|p2a: Necrozma|move: Leech Seed\n|move|p2a: Necrozma|Calm Mind|p2a: Necrozma\n|-boost|p2a: Necrozma|spa|1\n|-boost|p2a: Necrozma|spd|1\n|\n|-heal|p1a: Electrode|215/246|[from] item: Leftovers\n|-damage|p2a: Necrozma|238/272|[from] Leech Seed|[of] p1a: Electrode\n|-heal|p1a: Electrode|246/246|[silent]\n|upkeep\n|turn|5\n|\n|t:|1782839980\n|move|p1a: Electrode|Thunderbolt|p2a: Necrozma\n|-damage|p2a: Necrozma|190/272\n|move|p2a: Necrozma|Calm Mind|p2a: Necrozma\n|-boost|p2a: Necrozma|spa|1\n|-boost|p2a: Necrozma|spd|1\n|\n|-heal|p2a: Necrozma|207/272|[from] item: Leftovers\n|-damage|p2a: Necrozma|173/272|[from] Leech Seed|[of] p1a: Electrode\n|upkeep\n|turn|6\n|\n|t:|1782839986\n|move|p1a: Electrode|Thunderbolt|p2a: Necrozma\n|-damage|p2a: Necrozma|139/272\n|move|p2a: Necrozma|Calm Mind|p2a: Necrozma\n|-boost|p2a: Necrozma|spa|1\n|-boost|p2a: Necrozma|spd|1\n|\n|-heal|p2a: Necrozma|156/272|[from] item: Leftovers\n|-damage|p2a: Necrozma|122/272|[from] Leech Seed|[of] p1a: Electrode\n|upkeep\n|turn|7\n|\n|t:|1782839990\n|move|p1a: Electrode|Thunderbolt|p2a: Necrozma\n|-damage|p2a: Necrozma|92/272\n|move|p2a: Necrozma|Moonlight|p2a: Necrozma\n|-heal|p2a: Necrozma|228/272\n|\n|-heal|p2a: Necrozma|245/272|[from] item: Leftovers\n|-damage|p2a: Necrozma|211/272|[from] Leech Seed|[of] p1a: Electrode\n|upkeep\n|turn|8\n|\n|t:|1782840001\n|move|p1a: Electrode|Thunderbolt|p2a: Necrozma\n|-damage|p2a: Necrozma|181/272\n|move|p2a: Necrozma|Calm Mind|p2a: Necrozma\n|-boost|p2a: Necrozma|spa|1\n|-boost|p2a: Necrozma|spd|1\n|\n|-heal|p2a: Necrozma|198/272|[from] item: Leftovers\n|-damage|p2a: Necrozma|164/272|[from] Leech Seed|[of] p1a: Electrode\n|upkeep\n|turn|9\n|\n|t:|1782840011\n|move|p1a: Electrode|Thunderbolt|p2a: Necrozma\n|-damage|p2a: Necrozma|139/272\n|move|p2a: Necrozma|Moonlight|p2a: Necrozma\n|-heal|p2a: Necrozma|272/272\n|\n|-damage|p2a: Necrozma|238/272|[from] Leech Seed|[of] p1a: Electrode\n|upkeep\n|turn|10\n|\n|t:|1782840016\n|move|p1a: Electrode|Thunderbolt|p2a: Necrozma\n|-damage|p2a: Necrozma|214/272\n|move|p2a: Necrozma|Calm Mind|p2a: Necrozma\n|-boost|p2a: Necrozma|spa|1\n|-boost|p2a: Necrozma|spd|1\n|\n|-heal|p2a: Necrozma|231/272|[from] item: Leftovers\n|-damage|p2a: Necrozma|197/272|[from] Leech Seed|[of] p1a: Electrode\n|upkeep\n|turn|11\n|\n|t:|1782840021\n|move|p1a: Electrode|Thunderbolt|p2a: Necrozma\n|-damage|p2a: Necrozma|175/272\n|move|p2a: Necrozma|Calm Mind|p2a: Necrozma\n|-boost|p2a: Necrozma|spa|1\n|-boost|p2a: Necrozma|spd|1\n|\n|-heal|p2a: Necrozma|192/272|[from] item: Leftovers\n|-damage|p2a: Necrozma|158/272|[from] Leech Seed|[of] p1a: Electrode\n|upkeep\n|turn|12\n|\n|t:|1782840025\n|move|p1a: Electrode|Thunderbolt|p2a: Necrozma\n|-damage|p2a: Necrozma|137/272\n|move|p2a: Necrozma|Moonlight|p2a: Necrozma\n|-heal|p2a: Necrozma|272/272\n|\n|-damage|p2a: Necrozma|238/272|[from] Leech Seed|[of] p1a: Electrode\n|upkeep\n|turn|13\n|\n|t:|1782840028\n|move|p1a: Electrode|Thunderbolt|p2a: Necrozma\n|-damage|p2a: Necrozma|217/272\n|move|p2a: Necrozma|Photon Geyser|p1a: Electrode\n|-end|p1a: Electrode|Substitute\n|\n|-heal|p2a: Necrozma|234/272|[from] item: Leftovers\n|-damage|p2a: Necrozma|200/272|[from] Leech Seed|[of] p1a: Electrode\n|upkeep\n|turn|14\n|\n|t:|1782840035\n|move|p1a: Electrode|Substitute|p1a: Electrode\n|-start|p1a: Electrode|Substitute\n|-damage|p1a: Electrode|185/246\n|move|p2a: Necrozma|Photon Geyser|p1a: Electrode\n|-end|p1a: Electrode|Substitute\n|\n|-heal|p1a: Electrode|200/246|[from] item: Leftovers\n|-heal|p2a: Necrozma|217/272|[from] item: Leftovers\n|-damage|p2a: Necrozma|183/272|[from] Leech Seed|[of] p1a: Electrode\n|-heal|p1a: Electrode|234/246|[silent]\n|upkeep\n|turn|15\n|\n|t:|1782840043\n|move|p1a: Electrode|Substitute|p1a: Electrode\n|-start|p1a: Electrode|Substitute\n|-damage|p1a: Electrode|173/246\n|move|p2a: Necrozma|Photon Geyser|p1a: Electrode\n|-end|p1a: Electrode|Substitute\n|\n|-heal|p1a: Electrode|188/246|[from] item: Leftovers\n|-heal|p2a: Necrozma|200/272|[from] item: Leftovers\n|-damage|p2a: Necrozma|166/272|[from] Leech Seed|[of] p1a: Electrode\n|-heal|p1a: Electrode|222/246|[silent]\n|upkeep\n|turn|16\n|\n|t:|1782840050\n|move|p1a: Electrode|Substitute|p1a: Electrode\n|-start|p1a: Electrode|Substitute\n|-damage|p1a: Electrode|161/246\n|move|p2a: Necrozma|Photon Geyser|p1a: Electrode\n|-end|p1a: Electrode|Substitute\n|\n|-heal|p1a: Electrode|176/246|[from] item: Leftovers\n|-heal|p2a: Necrozma|183/272|[from] item: Leftovers\n|-damage|p2a: Necrozma|149/272|[from] Leech Seed|[of] p1a: Electrode\n|-heal|p1a: Electrode|210/246|[silent]\n|upkeep\n|turn|17\n|\n|t:|1782840053\n|move|p1a: Electrode|Substitute|p1a: Electrode\n|-start|p1a: Electrode|Substitute\n|-damage|p1a: Electrode|149/246\n|move|p2a: Necrozma|Photon Geyser|p1a: Electrode\n|-end|p1a: Electrode|Substitute\n|\n|-heal|p1a: Electrode|164/246|[from] item: Leftovers\n|-heal|p2a: Necrozma|166/272|[from] item: Leftovers\n|-damage|p2a: Necrozma|132/272|[from] Leech Seed|[of] p1a: Electrode\n|-heal|p1a: Electrode|198/246|[silent]\n|upkeep\n|turn|18\n|\n|t:|1782840059\n|move|p1a: Electrode|Substitute|p1a: Electrode\n|-start|p1a: Electrode|Substitute\n|-damage|p1a: Electrode|137/246\n|move|p2a: Necrozma|Photon Geyser|p1a: Electrode\n|-end|p1a: Electrode|Substitute\n|\n|-heal|p1a: Electrode|152/246|[from] item: Leftovers\n|-heal|p2a: Necrozma|149/272|[from] item: Leftovers\n|-damage|p2a: Necrozma|115/272|[from] Leech Seed|[of] p1a: Electrode\n|-heal|p1a: Electrode|186/246|[silent]\n|upkeep\n|turn|19\n|\n|t:|1782840061\n|move|p1a: Electrode|Substitute|p1a: Electrode\n|-start|p1a: Electrode|Substitute\n|-damage|p1a: Electrode|125/246\n|move|p2a: Necrozma|Photon Geyser|p1a: Electrode\n|-end|p1a: Electrode|Substitute\n|\n|-heal|p1a: Electrode|140/246|[from] item: Leftovers\n|-heal|p2a: Necrozma|132/272|[from] item: Leftovers\n|-damage|p2a: Necrozma|98/272|[from] Leech Seed|[of] p1a: Electrode\n|-heal|p1a: Electrode|174/246|[silent]\n|upkeep\n|turn|20\n|\n|t:|1782840064\n|move|p1a: Electrode|Substitute|p1a: Electrode\n|-start|p1a: Electrode|Substitute\n|-damage|p1a: Electrode|113/246\n|move|p2a: Necrozma|Moongeist Beam|p1a: Electrode\n|-crit|p1a: Electrode\n|-end|p1a: Electrode|Substitute\n|\n|-heal|p1a: Electrode|128/246|[from] item: Leftovers\n|-heal|p2a: Necrozma|115/272|[from] item: Leftovers\n|-damage|p2a: Necrozma|81/272|[from] Leech Seed|[of] p1a: Electrode\n|-heal|p1a: Electrode|162/246|[silent]\n|upkeep\n|turn|21\n|\n|t:|1782840068\n|move|p1a: Electrode|Substitute|p1a: Electrode\n|-start|p1a: Electrode|Substitute\n|-damage|p1a: Electrode|101/246\n|move|p2a: Necrozma|Moongeist Beam|p1a: Electrode\n|-end|p1a: Electrode|Substitute\n|\n|-heal|p1a: Electrode|116/246|[from] item: Leftovers\n|-heal|p2a: Necrozma|98/272|[from] item: Leftovers\n|-damage|p2a: Necrozma|64/272|[from] Leech Seed|[of] p1a: Electrode\n|-heal|p1a: Electrode|150/246|[silent]\n|upkeep\n|turn|22\n|\n|t:|1782840072\n|move|p1a: Electrode|Substitute|p1a: Electrode\n|-start|p1a: Electrode|Substitute\n|-damage|p1a: Electrode|89/246\n|move|p2a: Necrozma|Moongeist Beam|p1a: Electrode\n|-end|p1a: Electrode|Substitute\n|\n|-heal|p1a: Electrode|104/246|[from] item: Leftovers\n|-heal|p2a: Necrozma|81/272|[from] item: Leftovers\n|-damage|p2a: Necrozma|47/272|[from] Leech Seed|[of] p1a: Electrode\n|-heal|p1a: Electrode|138/246|[silent]\n|upkeep\n|turn|23\n|\n|t:|1782840076\n|move|p1a: Electrode|Substitute|p1a: Electrode\n|-start|p1a: Electrode|Substitute\n|-damage|p1a: Electrode|77/246\n|move|p2a: Necrozma|Moongeist Beam|p1a: Electrode\n|-end|p1a: Electrode|Substitute\n|\n|-heal|p1a: Electrode|92/246|[from] item: Leftovers\n|-heal|p2a: Necrozma|64/272|[from] item: Leftovers\n|-damage|p2a: Necrozma|30/272|[from] Leech Seed|[of] p1a: Electrode\n|-heal|p1a: Electrode|126/246|[silent]\n|upkeep\n|turn|24\n|\n|t:|1782840085\n|move|p1a: Electrode|Substitute|p1a: Electrode\n|-start|p1a: Electrode|Substitute\n|-damage|p1a: Electrode|65/246\n|move|p2a: Necrozma|Moonlight|p2a: Necrozma\n|-heal|p2a: Necrozma|166/272\n|\n|-heal|p1a: Electrode|80/246|[from] item: Leftovers\n|-heal|p2a: Necrozma|183/272|[from] item: Leftovers\n|-damage|p2a: Necrozma|149/272|[from] Leech Seed|[of] p1a: Electrode\n|-heal|p1a: Electrode|114/246|[silent]\n|upkeep\n|turn|25\n|\n|t:|1782840089\n|move|p1a: Electrode|Thunderbolt|p2a: Necrozma\n|-damage|p2a: Necrozma|130/272\n|move|p2a: Necrozma|Moongeist Beam|p1a: Electrode\n|-end|p1a: Electrode|Substitute\n|\n|-heal|p1a: Electrode|129/246|[from] item: Leftovers\n|-heal|p2a: Necrozma|147/272|[from] item: Leftovers\n|-damage|p2a: Necrozma|113/272|[from] Leech Seed|[of] p1a: Electrode\n|-heal|p1a: Electrode|163/246|[silent]\n|upkeep\n|turn|26\n|\n|t:|1782840092\n|move|p1a: Electrode|Substitute|p1a: Electrode\n|-start|p1a: Electrode|Substitute\n|-damage|p1a: Electrode|102/246\n|move|p2a: Necrozma|Moongeist Beam|p1a: Electrode\n|-end|p1a: Electrode|Substitute\n|\n|-heal|p1a: Electrode|117/246|[from] item: Leftovers\n|-heal|p2a: Necrozma|130/272|[from] item: Leftovers\n|-damage|p2a: Necrozma|96/272|[from] Leech Seed|[of] p1a: Electrode\n|-heal|p1a: Electrode|151/246|[silent]\n|upkeep\n|turn|27\n|\n|t:|1782840100\n|move|p1a: Electrode|Substitute|p1a: Electrode\n|-start|p1a: Electrode|Substitute\n|-damage|p1a: Electrode|90/246\n|move|p2a: Necrozma|Moongeist Beam|p1a: Electrode\n|-end|p1a: Electrode|Substitute\n|\n|-heal|p1a: Electrode|105/246|[from] item: Leftovers\n|-heal|p2a: Necrozma|113/272|[from] item: Leftovers\n|-damage|p2a: Necrozma|79/272|[from] Leech Seed|[of] p1a: Electrode\n|-heal|p1a: Electrode|139/246|[silent]\n|upkeep\n|turn|28\n|\n|t:|1782840107\n|move|p1a: Electrode|Substitute|p1a: Electrode\n|-start|p1a: Electrode|Substitute\n|-damage|p1a: Electrode|78/246\n|move|p2a: Necrozma|Photon Geyser|p1a: Electrode\n|-end|p1a: Electrode|Substitute\n|\n|-heal|p1a: Electrode|93/246|[from] item: Leftovers\n|-heal|p2a: Necrozma|96/272|[from] item: Leftovers\n|-damage|p2a: Necrozma|62/272|[from] Leech Seed|[of] p1a: Electrode\n|-heal|p1a: Electrode|127/246|[silent]\n|upkeep\n|turn|29\n|\n|t:|1782840119\n|move|p1a: Electrode|Substitute|p1a: Electrode\n|-start|p1a: Electrode|Substitute\n|-damage|p1a: Electrode|66/246\n|move|p2a: Necrozma|Moongeist Beam|p1a: Electrode\n|-end|p1a: Electrode|Substitute\n|\n|-heal|p1a: Electrode|81/246|[from] item: Leftovers\n|-heal|p2a: Necrozma|79/272|[from] item: Leftovers\n|-damage|p2a: Necrozma|45/272|[from] Leech Seed|[of] p1a: Electrode\n|-heal|p1a: Electrode|115/246|[silent]\n|upkeep\n|turn|30\n|\n|t:|1782840125\n|switch|p2a: Greedent|Greedent, L86, M|347/347\n|move|p1a: Electrode|Leech Seed|p2a: Greedent\n|-start|p2a: Greedent|move: Leech Seed\n|\n|-heal|p1a: Electrode|130/246|[from] item: Leftovers\n|-damage|p2a: Greedent|304/347|[from] Leech Seed|[of] p1a: Electrode\n|-heal|p1a: Electrode|173/246|[silent]\n|upkeep\n|turn|31\n|inactive|milkreo has 120 seconds left.\n|\n|t:|1782840167\n|switch|p1a: Beartic|Beartic, L91, M|321/321\n|move|p2a: Greedent|Swords Dance|p2a: Greedent\n|-boost|p2a: Greedent|atk|2\n|\n|-damage|p2a: Greedent|261/347|[from] Leech Seed|[of] p1a: Beartic\n|upkeep\n|turn|32\n|\n|t:|1782840176\n|move|p1a: Beartic|Snowscape|p1a: Beartic\n|-weather|Snowscape\n|move|p2a: Greedent|Body Slam|p1a: Beartic\n|-damage|p1a: Beartic|188/321\n|-status|p1a: Beartic|par\n|\n|-weather|Snowscape|[upkeep]\n|-damage|p2a: Greedent|218/347|[from] Leech Seed|[of] p1a: Beartic\n|-heal|p1a: Beartic|231/321 par|[silent]\n|upkeep\n|turn|33\n|inactive|milkreo has 120 seconds left.\n|\n|t:|1782840185\n|switch|p2a: Pelipper|Pelipper, L86, M|243/243\n|-weather|RainDance|[from] ability: Drizzle|[of] p2a: Pelipper\n|move|p1a: Beartic|Close Combat|p2a: Pelipper\n|-resisted|p2a: Pelipper\n|-damage|p2a: Pelipper|185/243\n|-unboost|p1a: Beartic|def|1\n|-unboost|p1a: Beartic|spd|1\n|\n|-weather|RainDance|[upkeep]\n|upkeep\n|turn|34\n|\n|t:|1782840195\n|switch|p1a: Altaria|Altaria, L89, F|263/278\n|move|p2a: Pelipper|U-turn|p1a: Altaria\n|-resisted|p1a: Altaria\n|-damage|p1a: Altaria|247/278\n|\n|t:|1782840204\n|switch|p2a: Klawf|Klawf, L90, M|272/272|[from] U-turn\n|\n|-weather|RainDance|[upkeep]\n|upkeep\n|turn|35\n|\n|t:|1782840210\n|switch|p1a: Beartic|Beartic, L91, M|231/321 par\n|move|p2a: Klawf|Stone Edge|p1a: Beartic\n|-supereffective|p1a: Beartic\n|-damage|p1a: Beartic|0 fnt\n|faint|p1a: Beartic\n|-damage|p2a: Klawf|245/272|[from] item: Life Orb\n|\n|-weather|RainDance|[upkeep]\n|upkeep\n|\n|t:|1782840211\n|switch|p1a: Electrode|Electrode-Hisui, L87|173/246\n|-damage|p1a: Electrode|143/246|[from] Stealth Rock\n|turn|36\n|\n|t:|1782840219\n|switch|p2a: Greedent|Greedent, L86, M|218/347\n|move|p1a: Electrode|Giga Drain|p2a: Greedent\n|-damage|p2a: Greedent|142/347\n|-heal|p1a: Electrode|181/246|[from] drain|[of] p2a: Greedent\n|-enditem|p2a: Greedent|Sitrus Berry|[eat]\n|-heal|p2a: Greedent|228/347|[from] item: Sitrus Berry\n|-heal|p2a: Greedent|343/347|[from] ability: Cheek Pouch\n|\n|-weather|RainDance|[upkeep]\n|-heal|p1a: Electrode|196/246|[from] item: Leftovers\n|upkeep\n|turn|37\n|\n|t:|1782840224\n|move|p1a: Electrode|Leech Seed|p2a: Greedent\n|-start|p2a: Greedent|move: Leech Seed\n|move|p2a: Greedent|Swords Dance|p2a: Greedent\n|-boost|p2a: Greedent|atk|2\n|\n|-weather|none\n|-heal|p1a: Electrode|211/246|[from] item: Leftovers\n|-damage|p2a: Greedent|300/347|[from] Leech Seed|[of] p1a: Electrode\n|-heal|p1a: Electrode|246/246|[silent]\n|upkeep\n|turn|38\n|\n|t:|1782840234\n|move|p1a: Electrode|Thunderbolt|p2a: Greedent\n|-damage|p2a: Greedent|204/347\n|move|p2a: Greedent|Knock Off|p1a: Electrode\n|-damage|p1a: Electrode|86/246\n|-enditem|p1a: Electrode|Leftovers|[from] move: Knock Off|[of] p2a: Greedent\n|\n|-damage|p2a: Greedent|161/347|[from] Leech Seed|[of] p1a: Electrode\n|-heal|p1a: Electrode|129/246|[silent]\n|upkeep\n|turn|39\n|\n|t:|1782840246\n|switch|p1a: Altaria|Altaria, L89, F|247/278\n|move|p2a: Greedent|Body Slam|p1a: Altaria\n|-damage|p1a: Altaria|75/278\n|\n|-damage|p2a: Greedent|118/347|[from] Leech Seed|[of] p1a: Altaria\n|-heal|p1a: Altaria|118/278|[silent]\n|upkeep\n|turn|40\n|\n|t:|1782840255\n|move|p1a: Altaria|Roost|p1a: Altaria\n|-heal|p1a: Altaria|257/278\n|-singleturn|p1a: Altaria|move: Roost\n|move|p2a: Greedent|Body Slam|p1a: Altaria\n|-damage|p1a: Altaria|89/278\n|-status|p1a: Altaria|par\n|\n|-damage|p2a: Greedent|75/347|[from] Leech Seed|[of] p1a: Altaria\n|-heal|p1a: Altaria|132/278 par|[silent]\n|upkeep\n|turn|41\n|\n|t:|1782840261\n|switch|p2a: Klawf|Klawf, L90, M|272/272\n|move|p1a: Altaria|Roost|p1a: Altaria\n|-heal|p1a: Altaria|271/278 par\n|-singleturn|p1a: Altaria|move: Roost\n|\n|upkeep\n|turn|42\n|\n|t:|1782840270\n|-curestatus|p1a: Altaria|par|[from] ability: Natural Cure|[silent]\n|switch|p1a: Meowstic|Meowstic, L89, M|277/277\n|-damage|p1a: Meowstic|243/277|[from] Stealth Rock\n|move|p2a: Klawf|Stone Edge|p1a: Meowstic\n|-damage|p1a: Meowstic|56/277\n|-damage|p2a: Klawf|245/272|[from] item: Life Orb\n|\n|upkeep\n|turn|43\n|\n|t:|1782840278\n|move|p1a: Meowstic|Reflect|p1a: Meowstic\n|-sidestart|p1: milkreo|Reflect\n|move|p2a: Klawf|Knock Off|p1a: Meowstic\n|-supereffective|p1a: Meowstic\n|-damage|p1a: Meowstic|0 fnt\n|-enditem|p1a: Meowstic|Light Clay|[from] move: Knock Off|[of] p2a: Klawf\n|faint|p1a: Meowstic\n|-damage|p2a: Klawf|218/272|[from] item: Life Orb\n|\n|upkeep\n|\n|t:|1782840284\n|switch|p1a: Electrode|Electrode-Hisui, L87|129/246\n|-damage|p1a: Electrode|99/246|[from] Stealth Rock\n|turn|44\n|\n|t:|1782840307\n|switch|p2a: Necrozma|Necrozma-Dawn-Wings, L76|45/272\n|move|p1a: Electrode|Leech Seed|p2a: Necrozma\n|-start|p2a: Necrozma|move: Leech Seed\n|\n|-heal|p2a: Necrozma|62/272|[from] item: Leftovers\n|-damage|p2a: Necrozma|28/272|[from] Leech Seed|[of] p1a: Electrode\n|-heal|p1a: Electrode|133/246|[silent]\n|upkeep\n|turn|45\n|\n|t:|1782840317\n|switch|p2a: Klawf|Klawf, L90, M|272/272\n|move|p1a: Electrode|Giga Drain|p2a: Klawf\n|-supereffective|p2a: Klawf\n|-damage|p2a: Klawf|72/272\n|-heal|p1a: Electrode|233/246|[from] drain|[of] p2a: Klawf\n|\n|upkeep\n|turn|46\n|\n|t:|1782840327\n|switch|p2a: Necrozma|Necrozma-Dawn-Wings, L76|28/272\n|move|p1a: Electrode|Giga Drain|p2a: Necrozma\n|-damage|p2a: Necrozma|0 fnt\n|-heal|p1a: Electrode|246/246|[from] drain|[of] p2a: Necrozma\n|faint|p2a: Necrozma\n|\n|upkeep\n|\n|t:|1782840332\n|switch|p2a: Talonflame|Talonflame, L83, M|265/265\n|turn|47\n|\n|t:|1782840338\n|move|p1a: Electrode|Thunderbolt|p2a: Talonflame\n|-supereffective|p2a: Talonflame\n|-damage|p2a: Talonflame|55/265\n|move|p2a: Talonflame|Overheat|p1a: Electrode\n|-supereffective|p1a: Electrode\n|-damage|p1a: Electrode|16/246\n|-unboost|p2a: Talonflame|spa|2\n|\n|upkeep\n|turn|48\n|\n|t:|1782840347\n|switch|p2a: Greedent|Greedent, L86, M|75/347\n|move|p1a: Electrode|Thunderbolt|p2a: Greedent\n|-damage|p2a: Greedent|0 fnt\n|faint|p2a: Greedent\n|\n|upkeep\n|\n|t:|1782840352\n|switch|p2a: Basculin|Basculin-Blue-Striped, L86, F|261/261\n|turn|49\n|\n|t:|1782840357\n|switch|p1a: Altaria|Altaria, L89, F|271/278\n|move|p2a: Basculin|Aqua Jet|p1a: Altaria\n|-resisted|p1a: Altaria\n|-damage|p1a: Altaria|250/278\n|\n|upkeep\n|turn|50\n|\n|t:|1782840363\n|switch|p2a: Klawf|Klawf, L90, M|162/272\n|move|p1a: Altaria|Defog|p2a: Klawf\n|-unboost|p2a: Klawf|evasion|1\n|-sideend|p1: milkreo|Stealth Rock|[from] move: Defog|[of] p1a: Altaria\n|\n|-sideend|p1: milkreo|Reflect\n|upkeep\n|turn|51\n|\n|t:|1782840379\n|switch|p1a: Electrode|Electrode-Hisui, L87|16/246\n|move|p2a: Klawf|Stealth Rock|p1a: Electrode\n|-sidestart|p1: milkreo|move: Stealth Rock\n|\n|upkeep\n|turn|52\n|\n|t:|1782840386\n|switch|p2a: Talonflame|Talonflame, L83, M|55/265\n|move|p1a: Electrode|Giga Drain|p2a: Talonflame\n|-resisted|p2a: Talonflame\n|-damage|p2a: Talonflame|34/265\n|-heal|p1a: Electrode|27/246|[from] drain|[of] p2a: Talonflame\n|\n|upkeep\n|turn|53\n|\n|t:|1782840402\n|-terastallize|p2a: Talonflame|Ground\n|move|p1a: Electrode|Thunderbolt|p2a: Talonflame\n|-immune|p2a: Talonflame\n|move|p2a: Talonflame|Brave Bird|p1a: Electrode\n|-damage|p1a: Electrode|0 fnt\n|faint|p1a: Electrode\n|-damage|p2a: Talonflame|25/265|[from] Recoil\n|\n|upkeep\n|inactive|milkreo has 120 seconds left.\n|\n|t:|1782840440\n|switch|p1a: Raichu|Raichu-Alola, L87, M|246/246\n|-damage|p1a: Raichu|216/246|[from] Stealth Rock\n|turn|54\n|inactive|milkreo has 120 seconds left.\n|\n|t:|1782840453\n|move|p2a: Talonflame|Overheat|p1a: Raichu\n|-damage|p1a: Raichu|108/246\n|-unboost|p2a: Talonflame|spa|2\n|move|p1a: Raichu|Surf|p2a: Talonflame\n|-supereffective|p2a: Talonflame\n|-damage|p2a: Talonflame|0 fnt\n|faint|p2a: Talonflame\n|\n|upkeep\n|inactive|dorapult has 120 seconds left.\n|\n|t:|1782840496\n|switch|p2a: Basculin|Basculin-Blue-Striped, L86, F|261/261\n|turn|55\n|\n|t:|1782840505\n|switch|p1a: Altaria|Altaria, L89, F|250/278\n|move|p2a: Basculin|Flip Turn|p1a: Altaria\n|-resisted|p1a: Altaria\n|-damage|p1a: Altaria|194/278\n|\n|t:|1782840509\n|switch|p2a: Klawf|Klawf, L90, M|252/272|[from] Flip Turn\n|\n|upkeep\n|turn|56\n|inactive|milkreo has 120 seconds left.\n|\n|t:|1782840548\n|move|p1a: Altaria|Defog|p2a: Klawf\n|-unboost|p2a: Klawf|evasion|1\n|-sideend|p1: milkreo|Stealth Rock|[from] move: Defog|[of] p1a: Altaria\n|move|p2a: Klawf|Stone Edge|p1a: Altaria|[miss]\n|-miss|p2a: Klawf|p1a: Altaria\n|\n|upkeep\n|turn|57\n|\n|t:|1782840556\n|move|p1a: Altaria|Brave Bird|p2a: Klawf\n|-resisted|p2a: Klawf\n|-damage|p2a: Klawf|209/272\n|-damage|p1a: Altaria|180/278|[from] Recoil\n|move|p2a: Klawf|Stealth Rock|p1a: Altaria\n|-sidestart|p1: milkreo|move: Stealth Rock\n|\n|upkeep\n|turn|58\n|\n|t:|1782840559\n|move|p1a: Altaria|Defog|p2a: Klawf\n|-unboost|p2a: Klawf|evasion|1\n|-sideend|p1: milkreo|Stealth Rock|[from] move: Defog|[of] p1a: Altaria\n|move|p2a: Klawf|Stone Edge|p1a: Altaria\n|-supereffective|p1a: Altaria\n|-damage|p1a: Altaria|0 fnt\n|faint|p1a: Altaria\n|-damage|p2a: Klawf|182/272|[from] item: Life Orb\n|\n|upkeep\n|\n|t:|1782840566\n|switch|p1a: Raichu|Raichu-Alola, L87, M|108/246\n|turn|59\n|inactive|milkreo has 120 seconds left.\n|\n|t:|1782840591\n|switch|p2a: Pelipper|Pelipper, L86, M|185/243\n|-weather|RainDance|[from] ability: Drizzle|[of] p2a: Pelipper\n|move|p1a: Raichu|Thunderbolt|p2a: Pelipper\n|-supereffective|p2a: Pelipper\n|-damage|p2a: Pelipper|0 fnt\n|faint|p2a: Pelipper\n|\n|-weather|RainDance|[upkeep]\n|upkeep\n|inactive|dorapult has 120 seconds left.\n|\n|t:|1782840636\n|switch|p2a: Klawf|Klawf, L90, M|272/272\n|turn|60\n|\n|t:|1782840643\n|switch|p1a: Illumise|Illumise, L91, F|266/266\n|move|p2a: Klawf|Knock Off|p1a: Illumise\n|-damage|p1a: Illumise|158/266\n|-enditem|p1a: Illumise|Heavy-Duty Boots|[from] move: Knock Off|[of] p2a: Klawf\n|-damage|p2a: Klawf|245/272|[from] item: Life Orb\n|\n|-weather|RainDance|[upkeep]\n|upkeep\n|turn|61\n|inactive|dorapult has 120 seconds left.\n|inactive|milkreo has 120 seconds left.\n|inactive|milkreo has 90 seconds left.\n|\n|t:|1782840700\n|switch|p2a: Basculin|Basculin-Blue-Striped, L86, F|261/261\n|-terastallize|p1a: Illumise|Steel\n|move|p1a: Illumise|Bug Buzz|p2a: Basculin\n|-damage|p2a: Basculin|144/261\n|\n|-weather|RainDance|[upkeep]\n|upkeep\n|turn|62\n|inactive|dorapult has 90 seconds left.\n|\n|t:|1782840732\n|move|p1a: Illumise|Roost|p1a: Illumise\n|-heal|p1a: Illumise|266/266\n|move|p2a: Basculin|Wave Crash|p1a: Illumise\n|-damage|p1a: Illumise|0 fnt\n|faint|p1a: Illumise\n|-damage|p2a: Basculin|56/261|[from] Recoil\n|\n|-weather|RainDance|[upkeep]\n|upkeep\n|\n|t:|1782840735\n|switch|p1a: Raichu|Raichu-Alola, L87, M|108/246\n|turn|63\n|\n|t:|1782840748\n|switch|p2a: Klawf|Klawf, L90, M|272/272\n|move|p1a: Raichu|Surf|p2a: Klawf\n|-supereffective|p2a: Klawf\n|-damage|p2a: Klawf|0 fnt\n|faint|p2a: Klawf\n|\n|-weather|none\n|upkeep\n|\n|t:|1782840750\n|switch|p2a: Basculin|Basculin-Blue-Striped, L86, F|56/261\n|turn|64\n|\n|t:|1782840752\n|move|p2a: Basculin|Aqua Jet|p1a: Raichu\n|-crit|p1a: Raichu\n|-damage|p1a: Raichu|0 fnt\n|faint|p1a: Raichu\n|\n|win|dorapult\n|raw|milkreo's rating: 2388 &rarr; <strong>2367</strong><br />(-21 for losing)\n|raw|dorapult's rating: 2371 &rarr; <strong>2392</strong><br />(+21 for winning)\n", "inputlog": ">version f8ac14003a5f27e1bdc8d8c59608a773c1cb96e5\n>start {\"formatid\":\"gen9randombattle\",\"seed\":\"sodium,55a837a558345ad992499cccfe15a02f\",\"rated\":\"Rated battle\"}\n>player p1 {\"name\":\"milkreo\",\"avatar\":\"101\",\"rating\":2388,\"seed\":\"sodium,3c7633cc62ba9504fd8ab2dc100bc439\"}\n>player p2 {\"name\":\"dorapult\",\"avatar\":\"dawn\",\"rating\":2371,\"seed\":\"sodium,742d8a2e89c67552a2413c1fb409759c\"}\n>p1 move bravebird\n>p2 switch 2\n>p1 switch 5\n>p2 move stealthrock\n>p1 move substitute\n>p2 switch 2\n>p1 move leechseed\n>p2 move calmmind\n>p1 move thunderbolt\n>p2 move calmmind\n>p1 move thunderbolt\n>p2 move calmmind\n>p1 move thunderbolt\n>p2 move moonlight\n>p1 move thunderbolt\n>p2 move calmmind\n>p1 move thunderbolt\n>p2 move moonlight\n>p1 move thunderbolt\n>p2 move calmmind\n>p1 move thunderbolt\n>p2 move calmmind\n>p1 move thunderbolt\n>p2 move moonlight\n>p1 move thunderbolt\n>p2 move photongeyser\n>p1 move substitute\n>p2 move photongeyser\n>p1 move substitute\n>p2 move photongeyser\n>p1 move substitute\n>p2 move photongeyser\n>p1 move substitute\n>p2 move photongeyser\n>p1 move substitute\n>p2 move photongeyser\n>p1 move substitute\n>p2 move photongeyser\n>p1 move substitute\n>p2 move moongeistbeam\n>p1 move substitute\n>p2 move moongeistbeam\n>p1 move substitute\n>p2 move moongeistbeam\n>p1 move substitute\n>p2 move moongeistbeam\n>p1 move substitute\n>p2 move moonlight\n>p1 move thunderbolt\n>p2 move moongeistbeam\n>p1 move substitute\n>p2 move moongeistbeam\n>p1 move substitute\n>p2 move moongeistbeam\n>p1 move substitute\n>p2 move photongeyser\n>p1 move substitute\n>p2 move moongeistbeam\n>p1 move leechseed\n>p2 switch 4\n>p1 switch 2\n>p2 move swordsdance\n>p1 move snowscape\n>p2 move bodyslam\n>p1 move closecombat\n>p2 switch 6\n>p1 switch 5\n>p2 move uturn\n>p2 switch 2\n>p1 switch 5\n>p2 move stoneedge\n>p1 switch 2\n>p1 move gigadrain\n>p2 switch 6\n>p1 move leechseed\n>p2 move swordsdance\n>p1 move thunderbolt\n>p2 move knockoff\n>p1 switch 5\n>p2 move bodyslam\n>p1 move roost\n>p2 move bodyslam\n>p1 move roost\n>p2 switch 6\n>p1 switch 3\n>p2 move stoneedge\n>p1 move reflect\n>p2 move knockoff\n>p1 switch 5\n>p1 move leechseed\n>p2 switch 4\n>p1 move gigadrain\n>p2 switch 4\n>p1 move gigadrain\n>p2 switch 4\n>p2 switch 5\n>p1 move thunderbolt\n>p2 move overheat\n>p1 move thunderbolt\n>p2 switch 6\n>p2 switch 3\n>p1 switch 3\n>p2 move aquajet\n>p1 move defog\n>p2 switch 4\n>p1 switch 3\n>p2 move stealthrock\n>p1 move gigadrain\n>p2 switch 6\n>p1 move thunderbolt\n>p2 move bravebird terastallize\n>p1 switch 6\n>p1 move surf\n>p2 move overheat\n>p2 switch 4\n>p1 switch 3\n>p2 move flipturn\n>p2 switch 6\n>p1 move defog\n>p2 move stoneedge\n>p1 move bravebird\n>p2 move stealthrock\n>p1 move defog\n>p2 move stoneedge\n>p1 switch 3\n>p1 move thunderbolt\n>p2 switch 2\n>p2 switch 2\n>p1 switch 4\n>p2 move knockoff\n>p1 move bugbuzz terastallize\n>p2 switch 6\n>p1 move roost\n>p2 move wavecrash\n>p1 switch 4\n>p1 move surf\n>p2 switch 6\n>p2 switch 6\n>p1 move surf\n>p2 move aquajet", "uploadtime": 1782840752, "views": 9, "formatid": "gen9randombattle", "rating": 2367, "private": 0, "password": null, "player_dets": [{"name": "milkreo", "avatar": "101", "rating": 2388, "seed": "sodium,3c7633cc62ba9504fd8ab2dc100bc439"}, {"name": "dorapult", "avatar": "dawn", "rating": 2371, "seed": "sodium,742d8a2e89c67552a2413c1fb409759c"}], "teams_full": [{"Altaria": {"name": "Altaria", "species": "Altaria", "speciesId": "altaria", "gender": "F", "shiny": false, "level": 89, "moves": ["defog", "bravebird", "roost", "haze"], "ability": "Natural Cure", "evs": {"hp": 85, "atk": 85, "def": 85, "spa": 85, "spd": 85, "spe": 85}, "ivs": {"hp": 31, "atk": 31, "def": 31, "spa": 31, "spd": 31, "spe": 31}, "item": "Heavy-Duty Boots", "teraType": "Steel", "role": "Bulky Support", "bvs": {"hp": 75, "atk": 70, "def": 90, "spa": 70, "spd": 105, "spe": 80}, "stats": {"hp": 278, "atk": 175, "def": 211, "spa": 175, "spd": 238, "spe": 193}, "types": ["Dragon", "Flying"]}, "Beartic": {"name": "Beartic", "species": "Beartic", "speciesId": "beartic", "gender": "M", "shiny": false, "level": 91, "moves": ["closecombat", "iciclecrash", "earthquake", "snowscape"], "ability": "Slush Rush", "evs": {"hp": 85, "atk": 85, "def": 85, "spa": 85, "spd": 85, "spe": 85}, "ivs": {"hp": 31, "atk": 31, "def": 31, "spa": 31, "spd": 31, "spe": 31}, "item": "Heavy-Duty Boots", "teraType": "Fighting", "role": "Wallbreaker", "bvs": {"hp": 95, "atk": 130, "def": 80, "spa": 70, "spd": 80, "spe": 50}, "stats": {"hp": 321, "atk": 288, "def": 197, "spa": 179, "spd": 197, "spe": 143}, "types": ["Ice"]}, "Meowstic": {"name": "Meowstic", "species": "Meowstic", "speciesId": "meowstic", "gender": "M", "shiny": false, "level": 89, "moves": ["yawn", "reflect", "lightscreen", "psychicnoise"], "ability": "Prankster", "evs": {"hp": 85, "atk": 0, "def": 85, "spa": 85, "spd": 85, "spe": 85}, "ivs": {"hp": 31, "atk": 0, "def": 31, "spa": 31, "spd": 31, "spe": 31}, "item": "Light Clay", "teraType": "Fairy", "role": "Bulky Support", "bvs": {"hp": 74, "atk": 48, "def": 76, "spa": 83, "spd": 81, "spe": 104}, "stats": {"hp": 277, "atk": 90, "def": 186, "spa": 199, "spd": 195, "spe": 236}, "types": ["Psychic"]}, "Illumise": {"name": "Illumise", "species": "Illumise", "speciesId": "illumise", "gender": "F", "shiny": false, "level": 91, "moves": ["roost", "bugbuzz", "encore", "thunderwave"], "ability": "Prankster", "evs": {"hp": 85, "atk": 0, "def": 85, "spa": 85, "spd": 85, "spe": 85}, "ivs": {"hp": 31, "atk": 0, "def": 31, "spa": 31, "spd": 31, "spe": 31}, "item": "Heavy-Duty Boots", "teraType": "Steel", "role": "Bulky Support", "bvs": {"hp": 65, "atk": 47, "def": 75, "spa": 73, "spd": 85, "spe": 85}, "stats": {"hp": 266, "atk": 90, "def": 188, "spa": 185, "spd": 207, "spe": 207}, "types": ["Bug"]}, "Electrode": {"name": "Electrode", "species": "Electrode-Hisui", "speciesId": "electrodehisui", "gender": "N", "shiny": false, "level": 87, "moves": ["substitute", "leechseed", "thunderbolt", "gigadrain"], "ability": "Soundproof", "evs": {"hp": 85, "atk": 0, "def": 85, "spa": 85, "spd": 85, "spe": 85}, "ivs": {"hp": 31, "atk": 0, "def": 31, "spa": 31, "spd": 31, "spe": 31}, "item": "Leftovers", "teraType": "Poison", "role": "Fast Support", "bvs": {"hp": 60, "atk": 50, "def": 70, "spa": 80, "spd": 80, "spe": 150}, "stats": {"hp": 246, "atk": 92, "def": 172, "spa": 189, "spd": 189, "spe": 311}, "types": ["Electric", "Grass"]}, "Raichu": {"name": "Raichu", "species": "Raichu-Alola", "speciesId": "raichualola", "gender": "M", "shiny": false, "level": 87, "moves": ["psyshock", "alluringvoice", "thunderbolt", "surf"], "ability": "Surge Surfer", "evs": {"hp": 85, "atk": 0, "def": 85, "spa": 85, "spd": 85, "spe": 85}, "ivs": {"hp": 31, "atk": 0, "def": 31, "spa": 31, "spd": 31, "spe": 31}, "item": "Choice Specs", "teraType": "Water", "role": "Fast Attacker", "bvs": {"hp": 60, "atk": 85, "def": 50, "spa": 95, "spd": 85, "spe": 110}, "stats": {"hp": 246, "atk": 152, "def": 137, "spa": 215, "spd": 198, "spe": 241}, "types": ["Electric", "Psychic"]}}, {"Necrozma": {"name": "Necrozma", "species": "Necrozma-Dawn-Wings", "speciesId": "necrozmadawnwings", "gender": "N", "shiny": false, "level": 76, "moves": ["moonlight", "photongeyser", "calmmind", "moongeistbeam"], "ability": "Prism Armor", "evs": {"hp": 85, "atk": 0, "def": 85, "spa": 85, "spd": 85, "spe": 85}, "ivs": {"hp": 31, "atk": 0, "def": 31, "spa": 31, "spd": 31, "spe": 31}, "item": "Leftovers", "teraType": "Dark", "role": "Bulky Setup", "bvs": {"hp": 97, "atk": 113, "def": 109, "spa": 157, "spd": 127, "spe": 77}, "stats": {"hp": 272, "atk": 176, "def": 210, "spa": 283, "spd": 237, "spe": 161}, "types": ["Psychic", "Ghost"]}, "Klawf": {"name": "Klawf", "species": "Klawf", "speciesId": "klawf", "gender": "M", "shiny": false, "level": 90, "moves": ["crabhammer", "stoneedge", "knockoff", "stealthrock"], "ability": "Regenerator", "evs": {"hp": 85, "atk": 85, "def": 85, "spa": 85, "spd": 85, "spe": 85}, "ivs": {"hp": 31, "atk": 31, "def": 31, "spa": 31, "spd": 31, "spe": 31}, "item": "Life Orb", "teraType": "Water", "role": "Fast Attacker", "bvs": {"hp": 70, "atk": 100, "def": 115, "spa": 35, "spd": 55, "spe": 75}, "stats": {"hp": 272, "atk": 231, "def": 258, "spa": 114, "spd": 150, "spe": 186}, "types": ["Rock"]}, "Basculin": {"name": "Basculin", "species": "Basculin-Blue-Striped", "speciesId": "basculin", "gender": "F", "shiny": false, "level": 86, "moves": ["wavecrash", "aquajet", "doubleedge", "flipturn"], "ability": "Adaptability", "evs": {"hp": 85, "atk": 85, "def": 85, "spa": 85, "spd": 85, "spe": 85}, "ivs": {"hp": 31, "atk": 31, "def": 31, "spa": 31, "spd": 31, "spe": 31}, "item": "Choice Band", "teraType": "Water", "role": "Wallbreaker", "bvs": {"hp": 70, "atk": 92, "def": 65, "spa": 80, "spd": 55, "spe": 98}, "stats": {"hp": 261, "atk": 207, "def": 161, "spa": 187, "spd": 144, "spe": 218}, "types": ["Water"]}, "Greedent": {"name": "Greedent", "species": "Greedent", "speciesId": "greedent", "gender": "M", "shiny": false, "level": 86, "moves": ["knockoff", "swordsdance", "bodyslam", "earthquake"], "ability": "Cheek Pouch", "evs": {"hp": 85, "atk": 85, "def": 85, "spa": 85, "spd": 85, "spe": 85}, "ivs": {"hp": 31, "atk": 31, "def": 31, "spa": 31, "spd": 31, "spe": 31}, "item": "Sitrus Berry", "teraType": "Ghost", "role": "Bulky Setup", "bvs": {"hp": 120, "atk": 95, "def": 95, "spa": 55, "spd": 75, "spe": 20}, "stats": {"hp": 347, "atk": 213, "def": 213, "spa": 144, "spd": 178, "spe": 84}, "types": ["Normal"]}, "Talonflame": {"name": "Talonflame", "species": "Talonflame", "speciesId": "talonflame", "gender": "M", "shiny": false, "level": 83, "moves": ["bravebird", "roost", "defog", "overheat"], "ability": "Flame Body", "evs": {"hp": 85, "atk": 85, "def": 85, "spa": 85, "spd": 85, "spe": 85}, "ivs": {"hp": 31, "atk": 31, "def": 31, "spa": 31, "spd": 31, "spe": 31}, "item": "Heavy-Duty Boots", "teraType": "Ground", "role": "Bulky Attacker", "bvs": {"hp": 78, "atk": 81, "def": 71, "spa": 74, "spd": 69, "spe": 126}, "stats": {"hp": 265, "atk": 182, "def": 166, "spa": 171, "spd": 162, "spe": 257}, "types": ["Fire", "Flying"]}, "Pelipper": {"name": "Pelipper", "species": "Pelipper", "speciesId": "pelipper", "gender": "M", "shiny": false, "level": 86, "moves": ["uturn", "roost", "hurricane", "surf"], "ability": "Drizzle", "evs": {"hp": 85, "atk": 85, "def": 85, "spa": 85, "spd": 85, "spe": 85}, "ivs": {"hp": 31, "atk": 31, "def": 31, "spa": 31, "spd": 31, "spe": 31}, "item": "Heavy-Duty Boots", "teraType": "Ground", "role": "Bulky Attacker", "bvs": {"hp": 60, "atk": 50, "def": 100, "spa": 95, "spd": 70, "spe": 65}, "stats": {"hp": 243, "atk": 135, "def": 221, "spa": 213, "spd": 170, "spe": 161}, "types": ["Water", "Flying"]}}]}