{"id": "gen9randombattle-2641587481", "format": "[Gen 9] Random Battle", "players": ["lazatron", "JoJo321"], "log": "|badge|p1|bronze|gen9randombattle|100-9\n|html|<div class=\"broadcast-red\"><strong>This battle is required to be public due to one or more player having a season medal.</strong><br />During the public phase, you can discuss the state of the ladder <a href=\"/seasondiscussion\">in a special chatroom.</a></div>\n|uhtml|medal-msg|<div class=\"broadcast-blue\">Curious what those medals under the avatar are? PS now has Ladder Seasons! For more information, check out the <a href=\"https://www.smogon.com/forums/threads/3740067/\">thread on Smogon.</a></div>\n|raw|<div class=\"broadcast-blue\"><strong>This battle is required to be public due to a player having a name starting with 'medal'.</div>\n|j|\u2606lazatron\n|j|\u2606JoJo321\n|t:|1782813795\n|gametype|singles\n|player|p1|lazatron|170|2298\n|player|p2|JoJo321|wattson|2197\n|gen|9\n|tier|[Gen 9] Random Battle\n|rated|\n|rule|Species Clause: Limit one of each Pok\u00e9mon\n|rule|HP Percentage Mod: HP is shown in percentages\n|rule|Sleep Clause Mod: Limit one foe put to sleep\n|rule|Illusion Level Mod: Illusion disguises the Pok\u00e9mon's true level\n|\n|t:|1782813795\n|teamsize|p1|6\n|teamsize|p2|6\n|start\n|switch|p1a: Corviknight|Corviknight, L80, M|288/288\n|switch|p2a: Ampharos|Ampharos, L88, M|302/302\n|-ability|p1a: Corviknight|Pressure\n|turn|1\n|\n|t:|1782813801\n|switch|p1a: Flapple|Flapple, L88, F|266/266\n|move|p2a: Ampharos|Volt Switch|p1a: Flapple\n|-resisted|p1a: Flapple\n|-damage|p1a: Flapple|220/266\n|\n|t:|1782813817\n|switch|p2a: Sandslash|Sandslash-Alola, L88, F|275/275|[from] Volt Switch\n|\n|upkeep\n|turn|2\n|\n|t:|1782813834\n|switch|p1a: Milotic|Milotic, L83, F|293/293\n|switch|p2a: Regigigas|Regigigas, L84|322/322\n|-start|p2a: Regigigas|ability: Slow Start\n|\n|upkeep\n|turn|3\n|\n|t:|1782813848\n|switch|p1a: Samurott|Samurott-Hisui, L77, F|265/265\n|move|p2a: Regigigas|Knock Off|p1a: Samurott\n|-resisted|p1a: Samurott\n|-damage|p1a: Samurott|233/265\n|-enditem|p1a: Samurott|Life Orb|[from] move: Knock Off|[of] p2a: Regigigas\n|\n|upkeep\n|turn|4\n|\n|t:|1782813856\n|move|p1a: Samurott|Ceaseless Edge|p2a: Regigigas\n|-damage|p2a: Regigigas|247/322\n|-sidestart|p2: JoJo321|Spikes\n|move|p2a: Regigigas|Body Slam|p1a: Samurott\n|-damage|p1a: Samurott|154/265\n|\n|-heal|p2a: Regigigas|267/322|[from] item: Leftovers\n|upkeep\n|turn|5\n|\n|t:|1782813861\n|move|p1a: Samurott|Ceaseless Edge|p2a: Regigigas\n|-damage|p2a: Regigigas|191/322\n|-sidestart|p2: JoJo321|Spikes\n|move|p2a: Regigigas|Body Slam|p1a: Samurott\n|-crit|p1a: Samurott\n|-damage|p1a: Samurott|43/265\n|\n|-heal|p2a: Regigigas|211/322|[from] item: Leftovers\n|upkeep\n|turn|6\n|\n|t:|1782813867\n|switch|p1a: Corviknight|Corviknight, L80, M|288/288\n|-ability|p1a: Corviknight|Pressure\n|move|p2a: Regigigas|Rest|p2a: Regigigas\n|-status|p2a: Regigigas|slp|[from] move: Rest\n|-heal|p2a: Regigigas|322/322 slp|[silent]\n|\n|upkeep\n|turn|7\n|\n|t:|1782813875\n|move|p1a: Corviknight|Brave Bird|p2a: Regigigas\n|-damage|p2a: Regigigas|225/322 slp\n|-damage|p1a: Corviknight|256/288|[from] Recoil\n|cant|p2a: Regigigas|slp\n|move|p2a: Regigigas|Sleep Talk|p2a: Regigigas\n|move|p2a: Regigigas|Knock Off|p1a: Corviknight|[from] move: Sleep Talk\n|-crit|p1a: Corviknight\n|-damage|p1a: Corviknight|185/288\n|-damage|p2a: Regigigas|172/322 slp|[from] item: Rocky Helmet|[of] p1a: Corviknight\n|-enditem|p1a: Corviknight|Rocky Helmet|[from] move: Knock Off|[of] p2a: Regigigas\n|\n|-heal|p2a: Regigigas|192/322 slp|[from] item: Leftovers\n|-end|p2a: Regigigas|Slow Start\n|upkeep\n|turn|8\n|\n|t:|1782813881\n|cant|p2a: Regigigas|slp\n|move|p2a: Regigigas|Sleep Talk|p2a: Regigigas\n|move|p2a: Regigigas|Knock Off|p1a: Corviknight|[from] move: Sleep Talk\n|-damage|p1a: Corviknight|123/288\n|move|p1a: Corviknight|Roost|p1a: Corviknight\n|-heal|p1a: Corviknight|267/288\n|-singleturn|p1a: Corviknight|move: Roost\n|\n|-heal|p2a: Regigigas|212/322 slp|[from] item: Leftovers\n|upkeep\n|turn|9\n|\n|t:|1782813894\n|-curestatus|p2a: Regigigas|slp|[msg]\n|move|p2a: Regigigas|Body Slam|p1a: Corviknight\n|-resisted|p1a: Corviknight\n|-damage|p1a: Corviknight|208/288\n|-status|p1a: Corviknight|par\n|move|p1a: Corviknight|Brave Bird|p2a: Regigigas\n|-damage|p2a: Regigigas|116/322\n|-damage|p1a: Corviknight|176/288 par|[from] Recoil\n|\n|-heal|p2a: Regigigas|136/322|[from] item: Leftovers\n|upkeep\n|turn|10\n|\n|t:|1782813902\n|move|p2a: Regigigas|Rest|p2a: Regigigas\n|-status|p2a: Regigigas|slp|[from] move: Rest\n|-heal|p2a: Regigigas|322/322 slp|[silent]\n|move|p1a: Corviknight|Roost|p1a: Corviknight\n|-heal|p1a: Corviknight|288/288 par\n|-singleturn|p1a: Corviknight|move: Roost\n|\n|upkeep\n|turn|11\n|\n|t:|1782813908\n|cant|p2a: Regigigas|slp\n|move|p1a: Corviknight|Brave Bird|p2a: Regigigas\n|-damage|p2a: Regigigas|223/322 slp\n|-damage|p1a: Corviknight|255/288 par|[from] Recoil\n|\n|-heal|p2a: Regigigas|243/322 slp|[from] item: Leftovers\n|upkeep\n|turn|12\n|\n|t:|1782813913\n|cant|p2a: Regigigas|slp\n|move|p1a: Corviknight|U-turn|p2a: Regigigas\n|-damage|p2a: Regigigas|209/322 slp\n|\n|t:|1782813922\n|switch|p1a: Samurott|Samurott-Hisui, L77, F|43/265|[from] U-turn\n|\n|-heal|p2a: Regigigas|229/322 slp|[from] item: Leftovers\n|upkeep\n|turn|13\n|\n|t:|1782813927\n|switch|p1a: Corviknight|Corviknight, L80, M|255/288 par\n|-ability|p1a: Corviknight|Pressure\n|-curestatus|p2a: Regigigas|slp|[msg]\n|move|p2a: Regigigas|Body Slam|p1a: Corviknight\n|-resisted|p1a: Corviknight\n|-damage|p1a: Corviknight|189/288 par\n|\n|-heal|p2a: Regigigas|249/322|[from] item: Leftovers\n|upkeep\n|turn|14\n|\n|t:|1782813931\n|move|p2a: Regigigas|Body Slam|p1a: Corviknight\n|-resisted|p1a: Corviknight\n|-damage|p1a: Corviknight|129/288 par\n|move|p1a: Corviknight|Roost|p1a: Corviknight\n|-heal|p1a: Corviknight|273/288 par\n|-singleturn|p1a: Corviknight|move: Roost\n|\n|-heal|p2a: Regigigas|269/322|[from] item: Leftovers\n|upkeep\n|turn|15\n|\n|t:|1782813937\n|move|p2a: Regigigas|Knock Off|p1a: Corviknight\n|-damage|p1a: Corviknight|210/288 par\n|move|p1a: Corviknight|Brave Bird|p2a: Regigigas\n|-damage|p2a: Regigigas|179/322\n|-damage|p1a: Corviknight|180/288 par|[from] Recoil\n|\n|-heal|p2a: Regigigas|199/322|[from] item: Leftovers\n|upkeep\n|turn|16\n|\n|t:|1782813940\n|move|p2a: Regigigas|Knock Off|p1a: Corviknight\n|-damage|p1a: Corviknight|118/288 par\n|move|p1a: Corviknight|Roost|p1a: Corviknight\n|-heal|p1a: Corviknight|262/288 par\n|-singleturn|p1a: Corviknight|move: Roost\n|\n|-heal|p2a: Regigigas|219/322|[from] item: Leftovers\n|upkeep\n|turn|17\n|\n|t:|1782813948\n|move|p2a: Regigigas|Knock Off|p1a: Corviknight\n|-damage|p1a: Corviknight|200/288 par\n|cant|p1a: Corviknight|par\n|\n|-heal|p2a: Regigigas|239/322|[from] item: Leftovers\n|upkeep\n|turn|18\n|\n|t:|1782813951\n|move|p2a: Regigigas|Knock Off|p1a: Corviknight\n|-damage|p1a: Corviknight|133/288 par\n|move|p1a: Corviknight|Roost|p1a: Corviknight\n|-heal|p1a: Corviknight|277/288 par\n|-singleturn|p1a: Corviknight|move: Roost\n|\n|-heal|p2a: Regigigas|259/322|[from] item: Leftovers\n|upkeep\n|turn|19\n|\n|t:|1782813954\n|move|p2a: Regigigas|Knock Off|p1a: Corviknight\n|-damage|p1a: Corviknight|213/288 par\n|cant|p1a: Corviknight|par\n|\n|-heal|p2a: Regigigas|279/322|[from] item: Leftovers\n|upkeep\n|turn|20\n|\n|t:|1782813957\n|move|p2a: Regigigas|Knock Off|p1a: Corviknight\n|-damage|p1a: Corviknight|153/288 par\n|move|p1a: Corviknight|Brave Bird|p2a: Regigigas\n|-damage|p2a: Regigigas|195/322\n|-damage|p1a: Corviknight|125/288 par|[from] Recoil\n|\n|-heal|p2a: Regigigas|215/322|[from] item: Leftovers\n|upkeep\n|turn|21\n|\n|t:|1782813960\n|move|p2a: Regigigas|Knock Off|p1a: Corviknight\n|-damage|p1a: Corviknight|67/288 par\n|move|p1a: Corviknight|Roost|p1a: Corviknight\n|-heal|p1a: Corviknight|211/288 par\n|-singleturn|p1a: Corviknight|move: Roost\n|\n|-heal|p2a: Regigigas|235/322|[from] item: Leftovers\n|upkeep\n|turn|22\n|\n|t:|1782813963\n|move|p2a: Regigigas|Knock Off|p1a: Corviknight\n|-damage|p1a: Corviknight|145/288 par\n|move|p1a: Corviknight|Brave Bird|p2a: Regigigas\n|-damage|p2a: Regigigas|138/322\n|-damage|p1a: Corviknight|113/288 par|[from] Recoil\n|\n|-heal|p2a: Regigigas|158/322|[from] item: Leftovers\n|upkeep\n|turn|23\n|\n|t:|1782813966\n|move|p2a: Regigigas|Rest|p2a: Regigigas\n|-status|p2a: Regigigas|slp|[from] move: Rest\n|-heal|p2a: Regigigas|322/322 slp|[silent]\n|cant|p1a: Corviknight|par\n|\n|upkeep\n|turn|24\n|\n|t:|1782813969\n|switch|p1a: Malamar|Malamar, L82, M|275/275\n|cant|p2a: Regigigas|slp\n|move|p2a: Regigigas|Sleep Talk|p2a: Regigigas\n|move|p2a: Regigigas|Knock Off|p1a: Malamar|[from] move: Sleep Talk\n|-damage|p1a: Malamar|179/275\n|-enditem|p1a: Malamar|Chesto Berry|[from] move: Knock Off|[of] p2a: Regigigas\n|\n|upkeep\n|turn|25\n|\n|t:|1782813974\n|-terastallize|p2a: Regigigas|Ghost\n|cant|p2a: Regigigas|slp\n|move|p2a: Regigigas|Sleep Talk|p2a: Regigigas\n|move|p2a: Regigigas|Body Slam|p1a: Malamar|[from] move: Sleep Talk\n|-damage|p1a: Malamar|43/275\n|move|p1a: Malamar|Superpower|p2a: Regigigas\n|-immune|p2a: Regigigas\n|\n|upkeep\n|turn|26\n|\n|t:|1782813981\n|switch|p1a: Corviknight|Corviknight, L80, M|113/288 par\n|-ability|p1a: Corviknight|Pressure\n|-curestatus|p2a: Regigigas|slp|[msg]\n|move|p2a: Regigigas|Body Slam|p1a: Corviknight\n|-resisted|p1a: Corviknight\n|-damage|p1a: Corviknight|55/288 par\n|\n|upkeep\n|turn|27\n|\n|t:|1782813985\n|move|p2a: Regigigas|Knock Off|p1a: Corviknight\n|-damage|p1a: Corviknight|0 fnt\n|faint|p1a: Corviknight\n|\n|upkeep\n|\n|t:|1782813989\n|switch|p1a: Milotic|Milotic, L83, F|293/293\n|turn|28\n|\n|t:|1782813991\n|move|p2a: Regigigas|Body Slam|p1a: Milotic\n|-damage|p1a: Milotic|148/293\n|-status|p1a: Milotic|par\n|move|p1a: Milotic|Scald|p2a: Regigigas\n|-damage|p2a: Regigigas|246/322\n|-status|p2a: Regigigas|brn\n|\n|-heal|p2a: Regigigas|266/322 brn|[from] item: Leftovers\n|-heal|p1a: Milotic|166/293 par|[from] item: Leftovers\n|-damage|p2a: Regigigas|246/322 brn|[from] brn\n|upkeep\n|turn|29\n|\n|t:|1782813997\n|move|p2a: Regigigas|Body Slam|p1a: Milotic\n|-damage|p1a: Milotic|93/293 par\n|move|p1a: Milotic|Recover|p1a: Milotic\n|-heal|p1a: Milotic|240/293 par\n|\n|-heal|p2a: Regigigas|266/322 brn|[from] item: Leftovers\n|-heal|p1a: Milotic|258/293 par|[from] item: Leftovers\n|-damage|p2a: Regigigas|246/322 brn|[from] brn\n|upkeep\n|turn|30\n|\n|t:|1782814006\n|move|p2a: Regigigas|Rest|p2a: Regigigas\n|-status|p2a: Regigigas|slp|[from] move: Rest\n|-heal|p2a: Regigigas|322/322 slp|[silent]\n|move|p1a: Milotic|Scald|p2a: Regigigas\n|-damage|p2a: Regigigas|246/322 slp\n|\n|-heal|p2a: Regigigas|266/322 slp|[from] item: Leftovers\n|-heal|p1a: Milotic|276/293 par|[from] item: Leftovers\n|upkeep\n|turn|31\n|\n|t:|1782814010\n|-terastallize|p1a: Milotic|Steel\n|cant|p2a: Regigigas|slp\n|move|p2a: Regigigas|Sleep Talk|p2a: Regigigas\n|move|p2a: Regigigas|Body Slam|p1a: Milotic|[from] move: Sleep Talk\n|-resisted|p1a: Milotic\n|-damage|p1a: Milotic|203/293 par\n|move|p1a: Milotic|Scald|p2a: Regigigas\n|-damage|p2a: Regigigas|196/322 slp\n|\n|-heal|p2a: Regigigas|216/322 slp|[from] item: Leftovers\n|-heal|p1a: Milotic|221/293 par|[from] item: Leftovers\n|upkeep\n|turn|32\n|\n|t:|1782814016\n|cant|p2a: Regigigas|slp\n|move|p2a: Regigigas|Sleep Talk|p2a: Regigigas\n|move|p2a: Regigigas|Rest||[from] move: Sleep Talk|[still]\n|-fail|p2a: Regigigas\n|cant|p1a: Milotic|par\n|\n|-heal|p2a: Regigigas|236/322 slp|[from] item: Leftovers\n|-heal|p1a: Milotic|239/293 par|[from] item: Leftovers\n|upkeep\n|turn|33\n|\n|t:|1782814019\n|-curestatus|p2a: Regigigas|slp|[msg]\n|move|p2a: Regigigas|Knock Off|p1a: Milotic\n|-damage|p1a: Milotic|130/293 par\n|-enditem|p1a: Milotic|Leftovers|[from] move: Knock Off|[of] p2a: Regigigas\n|move|p1a: Milotic|Scald|p2a: Regigigas\n|-damage|p2a: Regigigas|164/322\n|-status|p2a: Regigigas|brn\n|\n|-heal|p2a: Regigigas|184/322 brn|[from] item: Leftovers\n|-damage|p2a: Regigigas|164/322 brn|[from] brn\n|upkeep\n|turn|34\n|\n|t:|1782814023\n|move|p2a: Regigigas|Rest|p2a: Regigigas\n|-status|p2a: Regigigas|slp|[from] move: Rest\n|-heal|p2a: Regigigas|322/322 slp|[silent]\n|move|p1a: Milotic|Recover|p1a: Milotic\n|-heal|p1a: Milotic|277/293 par\n|\n|upkeep\n|turn|35\n|\n|t:|1782814030\n|cant|p2a: Regigigas|slp\n|move|p2a: Regigigas|Sleep Talk|p2a: Regigigas\n|move|p2a: Regigigas|Knock Off|p1a: Milotic|[from] move: Sleep Talk\n|-damage|p1a: Milotic|201/293 par\n|cant|p1a: Milotic|par\n|\n|upkeep\n|turn|36\n|\n|t:|1782814035\n|cant|p2a: Regigigas|slp\n|move|p2a: Regigigas|Sleep Talk|p2a: Regigigas\n|move|p2a: Regigigas|Body Slam|p1a: Milotic|[from] move: Sleep Talk\n|-resisted|p1a: Milotic\n|-damage|p1a: Milotic|125/293 par\n|cant|p1a: Milotic|par\n|\n|upkeep\n|turn|37\n|\n|t:|1782814038\n|-curestatus|p2a: Regigigas|slp|[msg]\n|move|p2a: Regigigas|Knock Off|p1a: Milotic\n|-damage|p1a: Milotic|54/293 par\n|move|p1a: Milotic|Recover|p1a: Milotic\n|-heal|p1a: Milotic|201/293 par\n|\n|upkeep\n|turn|38\n|\n|t:|1782814043\n|move|p2a: Regigigas|Body Slam|p1a: Milotic\n|-resisted|p1a: Milotic\n|-damage|p1a: Milotic|126/293 par\n|move|p1a: Milotic|Scald|p2a: Regigigas\n|-damage|p2a: Regigigas|250/322\n|\n|-heal|p2a: Regigigas|270/322|[from] item: Leftovers\n|upkeep\n|turn|39\n|\n|t:|1782814045\n|move|p2a: Regigigas|Body Slam|p1a: Milotic\n|-resisted|p1a: Milotic\n|-damage|p1a: Milotic|55/293 par\n|move|p1a: Milotic|Recover|p1a: Milotic\n|-heal|p1a: Milotic|202/293 par\n|\n|-heal|p2a: Regigigas|290/322|[from] item: Leftovers\n|upkeep\n|turn|40\n|\n|t:|1782814048\n|move|p2a: Regigigas|Body Slam|p1a: Milotic\n|-resisted|p1a: Milotic\n|-damage|p1a: Milotic|133/293 par\n|move|p1a: Milotic|Recover|p1a: Milotic\n|-heal|p1a: Milotic|280/293 par\n|\n|-heal|p2a: Regigigas|310/322|[from] item: Leftovers\n|upkeep\n|turn|41\n|\n|t:|1782814052\n|move|p2a: Regigigas|Knock Off|p1a: Milotic\n|-damage|p1a: Milotic|211/293 par\n|move|p1a: Milotic|Scald|p2a: Regigigas\n|-damage|p2a: Regigigas|241/322\n|\n|-heal|p2a: Regigigas|261/322|[from] item: Leftovers\n|upkeep\n|turn|42\n|\n|t:|1782814054\n|move|p2a: Regigigas|Knock Off|p1a: Milotic\n|-damage|p1a: Milotic|138/293 par\n|move|p1a: Milotic|Scald|p2a: Regigigas\n|-damage|p2a: Regigigas|189/322\n|-status|p2a: Regigigas|brn\n|\n|-heal|p2a: Regigigas|209/322 brn|[from] item: Leftovers\n|-damage|p2a: Regigigas|189/322 brn|[from] brn\n|upkeep\n|turn|43\n|\n|t:|1782814057\n|switch|p1a: Malamar|Malamar, L82, M|43/275\n|move|p2a: Regigigas|Rest|p2a: Regigigas\n|-status|p2a: Regigigas|slp|[from] move: Rest\n|-heal|p2a: Regigigas|322/322 slp|[silent]\n|\n|upkeep\n|turn|44\n|\n|t:|1782814061\n|cant|p2a: Regigigas|slp\n|move|p2a: Regigigas|Sleep Talk|p2a: Regigigas\n|move|p2a: Regigigas|Rest||[from] move: Sleep Talk|[still]\n|-fail|p2a: Regigigas\n|move|p1a: Malamar|Rest|p1a: Malamar\n|-status|p1a: Malamar|slp|[from] move: Rest\n|-heal|p1a: Malamar|275/275 slp|[silent]\n|\n|upkeep\n|turn|45\n|\n|t:|1782814068\n|cant|p2a: Regigigas|slp\n|move|p2a: Regigigas|Sleep Talk|p2a: Regigigas\n|move|p2a: Regigigas|Knock Off|p1a: Malamar|[from] move: Sleep Talk\n|-damage|p1a: Malamar|200/275 slp\n|cant|p1a: Malamar|slp\n|\n|upkeep\n|turn|46\n|\n|t:|1782814071\n|switch|p1a: Milotic|Milotic, L83, F, tera:Steel|138/293 par\n|-curestatus|p2a: Regigigas|slp|[msg]\n|move|p2a: Regigigas|Body Slam|p1a: Milotic\n|-resisted|p1a: Milotic\n|-damage|p1a: Milotic|68/293 par\n|\n|upkeep\n|turn|47\n|\n|t:|1782814074\n|move|p2a: Regigigas|Body Slam|p1a: Milotic\n|-resisted|p1a: Milotic\n|-damage|p1a: Milotic|0 fnt\n|faint|p1a: Milotic\n|\n|upkeep\n|\n|t:|1782814077\n|switch|p1a: Ninetales|Ninetales-Alola, L78, M|242/242\n|-weather|Snowscape|[from] ability: Snow Warning|[of] p1a: Ninetales\n|turn|48\n|\n|t:|1782814080\n|move|p2a: Regigigas|Body Slam|p1a: Ninetales\n|-damage|p1a: Ninetales|136/242\n|-status|p1a: Ninetales|par\n|move|p1a: Ninetales|Aurora Veil|p1a: Ninetales\n|-sidestart|p1: lazatron|move: Aurora Veil\n|\n|-weather|Snowscape|[upkeep]\n|upkeep\n|turn|49\n|\n|t:|1782814083\n|move|p2a: Regigigas|Knock Off|p1a: Ninetales\n|-resisted|p1a: Ninetales\n|-damage|p1a: Ninetales|114/242 par\n|-enditem|p1a: Ninetales|Light Clay|[from] move: Knock Off|[of] p2a: Regigigas\n|cant|p1a: Ninetales|par\n|\n|-weather|Snowscape|[upkeep]\n|upkeep\n|turn|50\n|\n|t:|1782814085\n|move|p2a: Regigigas|Body Slam|p1a: Ninetales\n|-damage|p1a: Ninetales|63/242 par\n|cant|p1a: Ninetales|par\n|\n|-weather|Snowscape|[upkeep]\n|upkeep\n|turn|51\n|\n|t:|1782814091\n|move|p2a: Regigigas|Body Slam|p1a: Ninetales\n|-damage|p1a: Ninetales|6/242 par\n|move|p1a: Ninetales|Blizzard|p2a: Regigigas\n|-damage|p2a: Regigigas|247/322\n|\n|-weather|Snowscape|[upkeep]\n|-heal|p2a: Regigigas|267/322|[from] item: Leftovers\n|upkeep\n|turn|52\n|\n|t:|1782814095\n|move|p2a: Regigigas|Knock Off|p1a: Ninetales\n|-resisted|p1a: Ninetales\n|-damage|p1a: Ninetales|0 fnt\n|faint|p1a: Ninetales\n|\n|-weather|none\n|-heal|p2a: Regigigas|287/322|[from] item: Leftovers\n|upkeep\n|\n|t:|1782814096\n|switch|p1a: Flapple|Flapple, L88, F|220/266\n|turn|53\n|\n|t:|1782814099\n|move|p2a: Regigigas|Body Slam|p1a: Flapple\n|-crit|p1a: Flapple\n|-damage|p1a: Flapple|27/266\n|move|p1a: Flapple|Dragon Dance|p1a: Flapple\n|-boost|p1a: Flapple|atk|1\n|-boost|p1a: Flapple|spe|1\n|\n|-heal|p2a: Regigigas|307/322|[from] item: Leftovers\n|upkeep\n|turn|54\n|c|\u2606lazatron|Jfc\n|-message|lazatron forfeited.\n|\n|win|JoJo321\n|raw|lazatron's rating: 2298 &rarr; <strong>2272</strong><br />(-26 for losing)\n|raw|JoJo321's rating: 2197 &rarr; <strong>2223</strong><br />(+26 for winning)\n", "inputlog": ">version f8ac14003a5f27e1bdc8d8c59608a773c1cb96e5\n>start {\"formatid\":\"gen9randombattle\",\"seed\":\"sodium,08059158540800be32a79c4cf2c63b32\",\"rated\":\"Rated battle\"}\n>player p1 {\"name\":\"lazatron\",\"avatar\":\"170\",\"rating\":2298,\"seed\":\"sodium,852d250ff6584c80fdfc0f789fa68abf\"}\n>player p2 {\"name\":\"JoJo321\",\"avatar\":\"wattson\",\"rating\":2197,\"seed\":\"sodium,0a1b2a7831c7e4d990450fac8f5b1d54\"}\n>p1 switch 5\n>p2 move voltswitch\n>p2 switch 2\n>p1 switch 6\n>p2 switch 6\n>p1 switch 2\n>p2 move knockoff\n>p1 move ceaselessedge\n>p2 move bodyslam\n>p1 move ceaselessedge\n>p2 move bodyslam\n>p1 switch 5\n>p2 move rest\n>p1 move bravebird\n>p2 move sleeptalk\n>p1 move roost\n>p2 move sleeptalk\n>p1 move bravebird\n>p2 move bodyslam\n>p1 move roost\n>p2 move rest\n>p1 move bravebird\n>p2 move knockoff\n>p1 move uturn\n>p2 move knockoff\n>p1 switch 5\n>p1 switch 5\n>p2 move bodyslam\n>p1 move roost\n>p2 move bodyslam\n>p1 move bravebird\n>p2 move knockoff\n>p1 move roost\n>p2 move knockoff\n>p1 move roost\n>p2 move knockoff\n>p1 move roost\n>p2 move knockoff\n>p1 move bravebird\n>p2 move knockoff\n>p1 move bravebird\n>p2 move knockoff\n>p1 move roost\n>p2 move knockoff\n>p1 move bravebird\n>p2 move knockoff\n>p1 move roost\n>p2 move rest\n>p1 switch 4\n>p2 move sleeptalk\n>p1 move superpower\n>p2 move sleeptalk terastallize\n>p1 switch 4\n>p2 move bodyslam\n>p1 move roost\n>p2 move knockoff\n>p1 switch 2\n>p1 move scald\n>p2 move bodyslam\n>p1 move recover\n>p2 move bodyslam\n>p1 move scald\n>p2 move rest\n>p1 move scald terastallize\n>p2 move sleeptalk\n>p1 move scald\n>p2 move sleeptalk\n>p1 move scald\n>p2 move knockoff\n>p1 move recover\n>p2 move rest\n>p1 move scald\n>p2 move sleeptalk\n>p1 move scald\n>p2 move sleeptalk\n>p1 move recover\n>p2 move knockoff\n>p1 move scald\n>p2 move bodyslam\n>p1 move recover\n>p2 move bodyslam\n>p1 move recover\n>p2 move bodyslam\n>p1 move scald\n>p2 move knockoff\n>p1 move scald\n>p2 move knockoff\n>p1 switch 4\n>p2 move rest\n>p1 move rest\n>p2 move sleeptalk\n>p1 move superpower\n>p2 move sleeptalk\n>p1 switch 4\n>p2 move bodyslam\n>p1 move recover\n>p2 move bodyslam\n>p1 switch 3\n>p1 move auroraveil\n>p2 move bodyslam\n>p1 move blizzard\n>p2 move knockoff\n>p1 move blizzard\n>p2 move bodyslam\n>p1 move blizzard\n>p2 move bodyslam\n>p1 move blizzard\n>p2 move knockoff\n>p1 switch 6\n>p1 move dragondance\n>p2 move bodyslam\n>chat \u2606lazatron|Jfc\n>forcelose p1", "uploadtime": 1782813797, "views": 12, "formatid": "gen9randombattle", "rating": 2223, "private": 0, "password": null, "player_dets": [{"name": "lazatron", "avatar": "170", "rating": 2298, "seed": "sodium,852d250ff6584c80fdfc0f789fa68abf"}, {"name": "JoJo321", "avatar": "wattson", "rating": 2197, "seed": "sodium,0a1b2a7831c7e4d990450fac8f5b1d54"}], "teams_full": [{"Corviknight": {"name": "Corviknight", "species": "Corviknight", "speciesId": "corviknight", "gender": "M", "shiny": false, "level": 80, "moves": ["roost", "defog", "bravebird", "uturn"], "ability": "Pressure", "evs": {"hp": 85, "atk": 85, "def": 85, "spa": 85, "spd": 85, "spe": 85}, "ivs": {"hp": 31, "atk": 31, "def": 31, "spa": 31, "spd": 31, "spe": 31}, "item": "Rocky Helmet", "teraType": "Dragon", "role": "Bulky Support", "bvs": {"hp": 98, "atk": 87, "def": 105, "spa": 53, "spd": 85, "spe": 67}, "stats": {"hp": 288, "atk": 185, "def": 214, "spa": 131, "spd": 182, "spe": 153}, "types": ["Flying", "Steel"]}, "Samurott": {"name": "Samurott", "species": "Samurott-Hisui", "speciesId": "samurotthisui", "gender": "F", "shiny": false, "level": 77, "moves": ["suckerpunch", "ceaselessedge", "razorshell", "swordsdance"], "ability": "Sharpness", "evs": {"hp": 85, "atk": 85, "def": 85, "spa": 85, "spd": 85, "spe": 85}, "ivs": {"hp": 31, "atk": 31, "def": 31, "spa": 31, "spd": 31, "spe": 31}, "item": "Life Orb", "teraType": "Poison", "role": "Fast Attacker", "bvs": {"hp": 90, "atk": 108, "def": 80, "spa": 100, "spd": 65, "spe": 85}, "stats": {"hp": 265, "atk": 211, "def": 168, "spa": 199, "spd": 145, "spe": 175}, "types": ["Water", "Dark"]}, "Ninetales": {"name": "Ninetales", "species": "Ninetales-Alola", "speciesId": "ninetalesalola", "gender": "M", "shiny": false, "level": 78, "moves": ["moonblast", "freezedry", "auroraveil", "blizzard"], "ability": "Snow Warning", "evs": {"hp": 85, "atk": 0, "def": 85, "spa": 85, "spd": 85, "spe": 85}, "ivs": {"hp": 31, "atk": 0, "def": 31, "spa": 31, "spd": 31, "spe": 31}, "item": "Light Clay", "teraType": "Steel", "role": "Fast Attacker", "bvs": {"hp": 73, "atk": 67, "def": 75, "spa": 81, "spd": 100, "spe": 109}, "stats": {"hp": 242, "atk": 109, "def": 162, "spa": 171, "spd": 201, "spe": 215}, "types": ["Ice", "Fairy"]}, "Malamar": {"name": "Malamar", "species": "Malamar", "speciesId": "malamar", "gender": "M", "shiny": false, "level": 82, "moves": ["psychocut", "rest", "knockoff", "superpower"], "ability": "Contrary", "evs": {"hp": 85, "atk": 85, "def": 85, "spa": 85, "spd": 85, "spe": 85}, "ivs": {"hp": 31, "atk": 31, "def": 31, "spa": 31, "spd": 31, "spe": 31}, "item": "Chesto Berry", "teraType": "Fighting", "role": "Fast Bulky Setup", "bvs": {"hp": 86, "atk": 92, "def": 88, "spa": 68, "spd": 75, "spe": 73}, "stats": {"hp": 275, "atk": 198, "def": 191, "spa": 159, "spd": 170, "spe": 167}, "types": ["Dark", "Psychic"]}, "Flapple": {"name": "Flapple", "species": "Flapple", "speciesId": "flapple", "gender": "F", "shiny": false, "level": 88, "moves": ["outrage", "gravapple", "dragondance", "terablast"], "ability": "Hustle", "evs": {"hp": 85, "atk": 85, "def": 85, "spa": 85, "spd": 85, "spe": 85}, "ivs": {"hp": 31, "atk": 31, "def": 31, "spa": 31, "spd": 31, "spe": 31}, "item": "Lum Berry", "teraType": "Fire", "role": "Tera Blast user", "bvs": {"hp": 70, "atk": 110, "def": 80, "spa": 95, "spd": 60, "spe": 70}, "stats": {"hp": 266, "atk": 244, "def": 191, "spa": 217, "spd": 156, "spe": 173}, "types": ["Grass", "Dragon"]}, "Milotic": {"name": "Milotic", "species": "Milotic", "speciesId": "milotic", "gender": "F", "shiny": false, "level": 83, "moves": ["recover", "icebeam", "scald", "haze"], "ability": "Competitive", "evs": {"hp": 85, "atk": 0, "def": 85, "spa": 85, "spd": 85, "spe": 85}, "ivs": {"hp": 31, "atk": 0, "def": 31, "spa": 31, "spd": 31, "spe": 31}, "item": "Leftovers", "teraType": "Steel", "role": "Bulky Attacker", "bvs": {"hp": 95, "atk": 60, "def": 79, "spa": 100, "spd": 125, "spe": 81}, "stats": {"hp": 293, "atk": 104, "def": 179, "spa": 214, "spd": 255, "spe": 182}, "types": ["Water"]}}, {"Ampharos": {"name": "Ampharos", "species": "Ampharos", "speciesId": "ampharos", "gender": "M", "shiny": false, "level": 88, "moves": ["focusblast", "voltswitch", "dazzlinggleam", "thunderbolt"], "ability": "Static", "evs": {"hp": 85, "atk": 0, "def": 85, "spa": 85, "spd": 85, "spe": 85}, "ivs": {"hp": 31, "atk": 0, "def": 31, "spa": 31, "spd": 31, "spe": 31}, "item": "Choice Specs", "teraType": "Electric", "role": "Wallbreaker", "bvs": {"hp": 90, "atk": 75, "def": 85, "spa": 115, "spd": 90, "spe": 55}, "stats": {"hp": 302, "atk": 137, "def": 200, "spa": 253, "spd": 209, "spe": 147}, "types": ["Electric"]}, "Sandslash": {"name": "Sandslash", "species": "Sandslash-Alola", "speciesId": "sandslashalola", "gender": "F", "shiny": false, "level": 88, "moves": ["ironhead", "rapidspin", "knockoff", "tripleaxel"], "ability": "Slush Rush", "evs": {"hp": 85, "atk": 85, "def": 85, "spa": 85, "spd": 85, "spe": 85}, "ivs": {"hp": 31, "atk": 31, "def": 31, "spa": 31, "spd": 31, "spe": 31}, "item": "Assault Vest", "teraType": "Flying", "role": "Bulky Support", "bvs": {"hp": 75, "atk": 100, "def": 120, "spa": 25, "spd": 65, "spe": 65}, "stats": {"hp": 275, "atk": 226, "def": 261, "spa": 94, "spd": 165, "spe": 165}, "types": ["Ice", "Steel"]}, "Scrafty": {"name": "Scrafty", "species": "Scrafty", "speciesId": "scrafty", "gender": "F", "shiny": false, "level": 83, "moves": ["rest", "bulkup", "knockoff", "drainpunch"], "ability": "Shed Skin", "evs": {"hp": 85, "atk": 85, "def": 85, "spa": 85, "spd": 85, "spe": 85}, "ivs": {"hp": 31, "atk": 31, "def": 31, "spa": 31, "spd": 31, "spe": 31}, "item": "Leftovers", "teraType": "Poison", "role": "Bulky Setup", "bvs": {"hp": 65, "atk": 90, "def": 115, "spa": 45, "spd": 115, "spe": 58}, "stats": {"hp": 244, "atk": 197, "def": 239, "spa": 122, "spd": 239, "spe": 144}, "types": ["Dark", "Fighting"]}, "Uxie": {"name": "Uxie", "species": "Uxie", "speciesId": "uxie", "gender": "N", "shiny": false, "level": 83, "moves": ["uturn", "stealthrock", "encore", "psychicnoise"], "ability": "Levitate", "evs": {"hp": 85, "atk": 85, "def": 85, "spa": 85, "spd": 85, "spe": 85}, "ivs": {"hp": 31, "atk": 31, "def": 31, "spa": 31, "spd": 31, "spe": 31}, "item": "Leftovers", "teraType": "Electric", "role": "Bulky Support", "bvs": {"hp": 75, "atk": 75, "def": 130, "spa": 75, "spd": 130, "spe": 95}, "stats": {"hp": 260, "atk": 172, "def": 263, "spa": 172, "spd": 263, "spe": 205}, "types": ["Psychic"]}, "Whiscash": {"name": "Whiscash", "species": "Whiscash", "speciesId": "whiscash", "gender": "F", "shiny": false, "level": 88, "moves": ["earthquake", "hydropump", "icebeam", "spikes"], "ability": "Oblivious", "evs": {"hp": 85, "atk": 85, "def": 85, "spa": 85, "spd": 85, "spe": 85}, "ivs": {"hp": 31, "atk": 31, "def": 31, "spa": 31, "spd": 31, "spe": 31}, "item": "Leftovers", "teraType": "Poison", "role": "Bulky Support", "bvs": {"hp": 110, "atk": 78, "def": 73, "spa": 76, "spd": 71, "spe": 60}, "stats": {"hp": 337, "atk": 188, "def": 179, "spa": 184, "spd": 175, "spe": 156}, "types": ["Water", "Ground"]}, "Regigigas": {"name": "Regigigas", "species": "Regigigas", "speciesId": "regigigas", "gender": "N", "shiny": false, "level": 84, "moves": ["knockoff", "sleeptalk", "rest", "bodyslam"], "ability": "Slow Start", "evs": {"hp": 85, "atk": 85, "def": 85, "spa": 85, "spd": 85, "spe": 85}, "ivs": {"hp": 31, "atk": 31, "def": 31, "spa": 31, "spd": 31, "spe": 31}, "item": "Leftovers", "teraType": "Ghost", "role": "Bulky Support", "bvs": {"hp": 110, "atk": 160, "def": 110, "spa": 80, "spd": 110, "spe": 100}, "stats": {"hp": 322, "atk": 317, "def": 233, "spa": 183, "spd": 233, "spe": 216}, "types": ["Normal"]}}]}