{"id": "gen9randombattle-2642220539", "format": "[Gen 9] Random Battle", "players": ["notmetbh102", "eaglecarson214"], "log": "|j|\u2606notmetbh102\n|j|\u2606eaglecarson214\n|t:|1782912822\n|gametype|singles\n|player|p1|notmetbh102|265|2050\n|player|p2|eaglecarson214|clown|2231\n|gen|9\n|tier|[Gen 9] Random Battle\n|rated|\n|rule|Species Clause: Limit one of each Pok\u00e9mon\n|rule|HP Percentage Mod: HP is shown in percentages\n|rule|Sleep Clause Mod: Limit one foe put to sleep\n|rule|Illusion Level Mod: Illusion disguises the Pok\u00e9mon's true level\n|\n|t:|1782912822\n|teamsize|p1|6\n|teamsize|p2|6\n|start\n|switch|p1a: Miraidon|Miraidon, L65|238/238\n|switch|p2a: Excadrill|Excadrill, L79, F|303/303\n|-fieldstart|move: Electric Terrain|[from] ability: Hadron Engine|[of] p1a: Miraidon\n|-ability|p2a: Excadrill|Mold Breaker\n|turn|1\n|inactive|Battle timer is ON: inactive players will automatically lose when time's up. (requested by notmetbh102)\n|c|\u2606notmetbh102|hf\n|\n|t:|1782912827\n|switch|p1a: Serperior|Serperior, L79, F|248/248\n|move|p2a: Excadrill|Earthquake|p1a: Serperior\n|-resisted|p1a: Serperior\n|-damage|p1a: Serperior|188/248\n|\n|-heal|p1a: Serperior|203/248|[from] item: Leftovers\n|upkeep\n|turn|2\n|\n|t:|1782912830\n|switch|p2a: Pyroar|Pyroar, L88, F|295/295\n|-ability|p2a: Pyroar|Unnerve\n|move|p1a: Serperior|Leaf Storm|p2a: Pyroar\n|-resisted|p2a: Pyroar\n|-damage|p2a: Pyroar|231/295\n|-boost|p1a: Serperior|spa|2\n|\n|-heal|p1a: Serperior|218/248|[from] item: Leftovers\n|upkeep\n|turn|3\n|\n|t:|1782912832\n|-terastallize|p1a: Serperior|Fire\n|move|p2a: Pyroar|Fire Blast|p1a: Serperior\n|-resisted|p1a: Serperior\n|-damage|p1a: Serperior|149/248\n|move|p1a: Serperior|Leech Seed|p2a: Pyroar\n|-start|p2a: Pyroar|move: Leech Seed\n|\n|-heal|p1a: Serperior|164/248|[from] item: Leftovers\n|-damage|p2a: Pyroar|195/295|[from] Leech Seed|[of] p1a: Serperior\n|-heal|p1a: Serperior|200/248|[silent]\n|upkeep\n|turn|4\n|\n|t:|1782912836\n|move|p2a: Pyroar|Hyper Voice|p1a: Serperior\n|-damage|p1a: Serperior|91/248\n|move|p1a: Serperior|Leaf Storm|p2a: Pyroar\n|-resisted|p2a: Pyroar\n|-damage|p2a: Pyroar|81/295\n|-boost|p1a: Serperior|spa|2\n|\n|-heal|p1a: Serperior|106/248|[from] item: Leftovers\n|-damage|p2a: Pyroar|45/295|[from] Leech Seed|[of] p1a: Serperior\n|-heal|p1a: Serperior|142/248|[silent]\n|upkeep\n|turn|5\n|\n|t:|1782912838\n|switch|p1a: Pincurchin|Pincurchin, M|258/258\n|move|p2a: Pyroar|Hyper Voice|p1a: Pincurchin\n|-damage|p1a: Pincurchin|159/258\n|\n|-heal|p1a: Pincurchin|175/258|[from] item: Leftovers\n|-damage|p2a: Pyroar|9/295|[from] Leech Seed|[of] p1a: Pincurchin\n|-heal|p1a: Pincurchin|211/258|[silent]\n|-fieldend|move: Electric Terrain\n|upkeep\n|turn|6\n|\n|t:|1782912840\n|move|p2a: Pyroar|Will-O-Wisp|p1a: Pincurchin\n|-status|p1a: Pincurchin|brn\n|move|p1a: Pincurchin|Recover|p1a: Pincurchin\n|-heal|p1a: Pincurchin|258/258 brn\n|\n|-damage|p2a: Pyroar|0 fnt|[from] Leech Seed|[of] p1a: Pincurchin\n|faint|p2a: Pyroar\n|-damage|p1a: Pincurchin|242/258 brn|[from] brn\n|upkeep\n|\n|t:|1782912844\n|switch|p2a: Excadrill|Excadrill, L79, F|303/303\n|-ability|p2a: Excadrill|Mold Breaker\n|turn|7\n|\n|t:|1782912847\n|switch|p1a: Phione|Phione, L91|293/293\n|move|p2a: Excadrill|Earthquake|p1a: Phione\n|-damage|p1a: Phione|173/293\n|\n|-heal|p1a: Phione|191/293|[from] item: Leftovers\n|upkeep\n|turn|8\n|\n|t:|1782912852\n|switch|p2a: Alcremie|Alcremie-Rainbow-Swirl, L90, F|263/263\n|move|p1a: Phione|Scald|p2a: Alcremie\n|-damage|p2a: Alcremie|205/263\n|\n|-heal|p1a: Phione|209/293|[from] item: Leftovers\n|-heal|p2a: Alcremie|221/263|[from] item: Leftovers\n|upkeep\n|turn|9\n|\n|t:|1782912856\n|switch|p1a: Indeedee|Indeedee-F, L90, F|272/272\n|-fieldstart|move: Psychic Terrain|[from] ability: Psychic Surge|[of] p1a: Indeedee\n|move|p2a: Alcremie|Calm Mind|p2a: Alcremie\n|-boost|p2a: Alcremie|spa|1\n|-boost|p2a: Alcremie|spd|1\n|\n|-heal|p2a: Alcremie|237/263|[from] item: Leftovers\n|upkeep\n|turn|10\n|\n|t:|1782912858\n|switch|p1a: Metagross|Metagross, L79|256/256\n|move|p2a: Alcremie|Alluring Voice|p1a: Metagross\n|-resisted|p1a: Metagross\n|-damage|p1a: Metagross|179/256\n|\n|-heal|p2a: Alcremie|253/263|[from] item: Leftovers\n|upkeep\n|turn|11\n|\n|t:|1782912860\n|switch|p1a: Indeedee|Indeedee-F, L90, F|272/272\n|-terastallize|p2a: Alcremie|Ground\n|move|p2a: Alcremie|Tera Blast|p1a: Indeedee|[anim] Tera Blast Ground\n|-damage|p1a: Indeedee|143/272\n|\n|-heal|p2a: Alcremie|263/263|[from] item: Leftovers\n|upkeep\n|turn|12\n|\n|t:|1782912861\n|move|p1a: Indeedee|Psyshock|p2a: Alcremie\n|-damage|p2a: Alcremie|122/263\n|move|p2a: Alcremie|Alluring Voice|p1a: Indeedee\n|-damage|p1a: Indeedee|10/272\n|\n|-heal|p2a: Alcremie|138/263|[from] item: Leftovers\n|upkeep\n|turn|13\n|\n|t:|1782912865\n|switch|p2a: Crawdaunt|Crawdaunt, L84, M|243/243\n|move|p1a: Indeedee|Psyshock|p2a: Crawdaunt\n|-immune|p2a: Crawdaunt\n|\n|-fieldend|move: Psychic Terrain\n|upkeep\n|turn|14\n|\n|t:|1782912868\n|move|p1a: Indeedee|Psyshock|p2a: Crawdaunt\n|-immune|p2a: Crawdaunt\n|move|p2a: Crawdaunt|Knock Off|p1a: Indeedee\n|-supereffective|p1a: Indeedee\n|-damage|p1a: Indeedee|0 fnt\n|-enditem|p1a: Indeedee|Choice Scarf|[from] move: Knock Off|[of] p2a: Crawdaunt\n|faint|p1a: Indeedee\n|\n|upkeep\n|\n|t:|1782912869\n|switch|p1a: Serperior|Serperior, L79, F, tera:Fire|142/248\n|turn|15\n|\n|t:|1782912875\n|switch|p2a: Skeledirge|Skeledirge, L79, F|294/294\n|move|p1a: Serperior|Leech Seed|p2a: Skeledirge\n|-start|p2a: Skeledirge|move: Leech Seed\n|\n|-heal|p1a: Serperior|157/248|[from] item: Leftovers\n|-damage|p2a: Skeledirge|258/294|[from] Leech Seed|[of] p1a: Serperior\n|-heal|p1a: Serperior|193/248|[silent]\n|upkeep\n|turn|16\n|\n|t:|1782912877\n|move|p1a: Serperior|Leaf Storm|p2a: Skeledirge\n|-resisted|p2a: Skeledirge\n|-damage|p2a: Skeledirge|193/294\n|-boost|p1a: Serperior|spa|2\n|move|p2a: Skeledirge|Flame Charge|p1a: Serperior\n|-resisted|p1a: Serperior\n|-damage|p1a: Serperior|174/248\n|-boost|p2a: Skeledirge|spe|1\n|\n|-heal|p1a: Serperior|189/248|[from] item: Leftovers\n|-damage|p2a: Skeledirge|157/294|[from] Leech Seed|[of] p1a: Serperior\n|-heal|p1a: Serperior|225/248|[silent]\n|upkeep\n|turn|17\n|\n|t:|1782912883\n|move|p2a: Skeledirge|Slack Off|p2a: Skeledirge\n|-heal|p2a: Skeledirge|294/294\n|move|p1a: Serperior|Leaf Storm|p2a: Skeledirge\n|-resisted|p2a: Skeledirge\n|-damage|p2a: Skeledirge|237/294\n|-boost|p1a: Serperior|spa|2\n|\n|-heal|p1a: Serperior|240/248|[from] item: Leftovers\n|-damage|p2a: Skeledirge|201/294|[from] Leech Seed|[of] p1a: Serperior\n|-heal|p1a: Serperior|248/248|[silent]\n|upkeep\n|turn|18\n|\n|t:|1782912885\n|move|p2a: Skeledirge|Flame Charge|p1a: Serperior\n|-resisted|p1a: Serperior\n|-damage|p1a: Serperior|230/248\n|-boost|p2a: Skeledirge|spe|1\n|move|p1a: Serperior|Substitute|p1a: Serperior\n|-start|p1a: Serperior|Substitute\n|-damage|p1a: Serperior|168/248\n|\n|-heal|p1a: Serperior|183/248|[from] item: Leftovers\n|-damage|p2a: Skeledirge|165/294|[from] Leech Seed|[of] p1a: Serperior\n|-heal|p1a: Serperior|219/248|[silent]\n|upkeep\n|turn|19\n|\n|t:|1782912888\n|move|p2a: Skeledirge|Torch Song|p1a: Serperior\n|-resisted|p1a: Serperior\n|-damage|p1a: Serperior|180/248\n|-boost|p2a: Skeledirge|spa|1\n|move|p1a: Serperior|Leaf Storm|p2a: Skeledirge\n|-resisted|p2a: Skeledirge\n|-damage|p2a: Skeledirge|103/294\n|-boost|p1a: Serperior|spa|2\n|\n|-heal|p1a: Serperior|195/248|[from] item: Leftovers\n|-damage|p2a: Skeledirge|67/294|[from] Leech Seed|[of] p1a: Serperior\n|-heal|p1a: Serperior|231/248|[silent]\n|upkeep\n|turn|20\n|\n|t:|1782912890\n|move|p2a: Skeledirge|Slack Off|p2a: Skeledirge\n|-heal|p2a: Skeledirge|214/294\n|move|p1a: Serperior|Tera Blast|p2a: Skeledirge|[anim] Tera Blast Fire\n|-resisted|p2a: Skeledirge\n|-damage|p2a: Skeledirge|174/294\n|\n|-heal|p1a: Serperior|246/248|[from] item: Leftovers\n|-damage|p2a: Skeledirge|138/294|[from] Leech Seed|[of] p1a: Serperior\n|-heal|p1a: Serperior|248/248|[silent]\n|upkeep\n|turn|21\n|\n|t:|1782912892\n|move|p2a: Skeledirge|Slack Off|p2a: Skeledirge\n|-heal|p2a: Skeledirge|285/294\n|move|p1a: Serperior|Leaf Storm|p2a: Skeledirge\n|-resisted|p2a: Skeledirge\n|-damage|p2a: Skeledirge|222/294\n|\n|-damage|p2a: Skeledirge|186/294|[from] Leech Seed|[of] p1a: Serperior\n|upkeep\n|turn|22\n|\n|t:|1782912894\n|move|p2a: Skeledirge|Torch Song|p1a: Serperior\n|-resisted|p1a: Serperior\n|-damage|p1a: Serperior|182/248\n|-boost|p2a: Skeledirge|spa|1\n|move|p1a: Serperior|Tera Blast|p2a: Skeledirge|[anim] Tera Blast Fire\n|-resisted|p2a: Skeledirge\n|-damage|p2a: Skeledirge|150/294\n|\n|-heal|p1a: Serperior|197/248|[from] item: Leftovers\n|-damage|p2a: Skeledirge|114/294|[from] Leech Seed|[of] p1a: Serperior\n|-heal|p1a: Serperior|233/248|[silent]\n|upkeep\n|turn|23\n|\n|t:|1782912896\n|move|p2a: Skeledirge|Slack Off|p2a: Skeledirge\n|-heal|p2a: Skeledirge|261/294\n|move|p1a: Serperior|Tera Blast|p2a: Skeledirge|[anim] Tera Blast Fire\n|-resisted|p2a: Skeledirge\n|-damage|p2a: Skeledirge|222/294\n|\n|-heal|p1a: Serperior|248/248|[from] item: Leftovers\n|-damage|p2a: Skeledirge|186/294|[from] Leech Seed|[of] p1a: Serperior\n|upkeep\n|turn|24\n|\n|t:|1782912898\n|move|p2a: Skeledirge|Torch Song|p1a: Serperior\n|-resisted|p1a: Serperior\n|-damage|p1a: Serperior|171/248\n|-boost|p2a: Skeledirge|spa|1\n|move|p1a: Serperior|Substitute|p1a: Serperior\n|-fail|p1a: Serperior|move: Substitute\n|\n|-heal|p1a: Serperior|186/248|[from] item: Leftovers\n|-damage|p2a: Skeledirge|150/294|[from] Leech Seed|[of] p1a: Serperior\n|-heal|p1a: Serperior|222/248|[silent]\n|upkeep\n|turn|25\n|\n|t:|1782912900\n|move|p2a: Skeledirge|Slack Off|p2a: Skeledirge\n|-heal|p2a: Skeledirge|294/294\n|move|p1a: Serperior|Leaf Storm|p2a: Skeledirge\n|-resisted|p2a: Skeledirge\n|-damage|p2a: Skeledirge|237/294\n|\n|-heal|p1a: Serperior|237/248|[from] item: Leftovers\n|-damage|p2a: Skeledirge|201/294|[from] Leech Seed|[of] p1a: Serperior\n|-heal|p1a: Serperior|248/248|[silent]\n|upkeep\n|turn|26\n|\n|t:|1782912902\n|switch|p1a: Metagross|Metagross, L79|179/256\n|move|p2a: Skeledirge|Shadow Ball|p1a: Metagross\n|-supereffective|p1a: Metagross\n|-damage|p1a: Metagross|0 fnt\n|faint|p1a: Metagross\n|\n|upkeep\n|\n|t:|1782912903\n|switch|p1a: Miraidon|Miraidon, L65|238/238\n|-fieldstart|move: Electric Terrain|[from] ability: Hadron Engine|[of] p1a: Miraidon\n|turn|27\n|\n|t:|1782912906\n|move|p2a: Skeledirge|Shadow Ball|p1a: Miraidon\n|-damage|p1a: Miraidon|25/238\n|move|p1a: Miraidon|Volt Switch|p2a: Skeledirge\n|-damage|p2a: Skeledirge|11/294\n|\n|t:|1782912907\n|switch|p1a: Phione|Phione, L91|209/293|[from] Volt Switch\n|\n|-heal|p1a: Phione|227/293|[from] item: Leftovers\n|-damage|p2a: Skeledirge|0 fnt|[from] Leech Seed|[of] p1a: Phione\n|-heal|p1a: Phione|238/293|[silent]\n|faint|p2a: Skeledirge\n|upkeep\n|\n|t:|1782912913\n|switch|p2a: Crawdaunt|Crawdaunt, L84, M|243/243\n|turn|28\n|\n|t:|1782912914\n|move|p1a: Phione|Scald|p2a: Crawdaunt\n|-resisted|p2a: Crawdaunt\n|-damage|p2a: Crawdaunt|187/243\n|-status|p2a: Crawdaunt|brn\n|move|p2a: Crawdaunt|Knock Off|p1a: Phione\n|-damage|p1a: Phione|118/293\n|-enditem|p1a: Phione|Leftovers|[from] move: Knock Off|[of] p2a: Crawdaunt\n|\n|-damage|p2a: Crawdaunt|172/243 brn|[from] brn\n|upkeep\n|turn|29\n|\n|t:|1782912916\n|move|p1a: Phione|Grass Knot|p2a: Crawdaunt\n|-supereffective|p2a: Crawdaunt\n|-damage|p2a: Crawdaunt|48/243 brn\n|move|p2a: Crawdaunt|Knock Off|p1a: Phione\n|-damage|p1a: Phione|41/293\n|\n|-damage|p2a: Crawdaunt|33/243 brn|[from] brn\n|upkeep\n|turn|30\n|\n|t:|1782912918\n|move|p1a: Phione|Scald|p2a: Crawdaunt\n|-resisted|p2a: Crawdaunt\n|-damage|p2a: Crawdaunt|0 fnt\n|faint|p2a: Crawdaunt\n|\n|upkeep\n|\n|t:|1782912925\n|switch|p2a: Latios|Latios, L78, M|253/253\n|turn|31\n|\n|t:|1782912927\n|move|p2a: Latios|Luster Purge|p1a: Phione\n|-damage|p1a: Phione|0 fnt\n|faint|p1a: Phione\n|\n|-fieldend|move: Electric Terrain\n|upkeep\n|\n|t:|1782912927\n|switch|p1a: Pincurchin|Pincurchin, M|242/258 brn\n|-fieldstart|move: Electric Terrain|[from] ability: Electric Surge|[of] p1a: Pincurchin\n|turn|32\n|\n|t:|1782912930\n|switch|p2a: Excadrill|Excadrill, L79, F|303/303\n|-ability|p2a: Excadrill|Mold Breaker\n|switch|p1a: Miraidon|Miraidon, L65|25/238\n|-activate|p1a: Miraidon|ability: Hadron Engine\n|\n|upkeep\n|turn|33\n|\n|t:|1782912932\n|move|p1a: Miraidon|Overheat|p2a: Excadrill\n|-supereffective|p2a: Excadrill\n|-damage|p2a: Excadrill|31/303\n|-unboost|p1a: Miraidon|spa|2\n|move|p2a: Excadrill|Rapid Spin|p1a: Miraidon\n|-damage|p1a: Miraidon|0 fnt\n|-boost|p2a: Excadrill|spe|1\n|faint|p1a: Miraidon\n|\n|upkeep\n|\n|t:|1782912933\n|switch|p1a: Pincurchin|Pincurchin, M|242/258 brn\n|turn|34\n|\n|t:|1782912934\n|move|p2a: Excadrill|Earthquake|p1a: Pincurchin\n|-supereffective|p1a: Pincurchin\n|-damage|p1a: Pincurchin|32/258 brn\n|move|p1a: Pincurchin|Scald|p2a: Excadrill\n|-supereffective|p2a: Excadrill\n|-damage|p2a: Excadrill|0 fnt\n|faint|p2a: Excadrill\n|\n|-heal|p1a: Pincurchin|48/258 brn|[from] item: Leftovers\n|-damage|p1a: Pincurchin|32/258 brn|[from] brn\n|upkeep\n|\n|t:|1782912937\n|switch|p2a: Latios|Latios, L78, M|253/253\n|turn|35\n|\n|t:|1782912938\n|move|p2a: Latios|Luster Purge|p1a: Pincurchin\n|-damage|p1a: Pincurchin|0 fnt\n|faint|p1a: Pincurchin\n|\n|upkeep\n|\n|t:|1782912939\n|switch|p1a: Serperior|Serperior, L79, F, tera:Fire|248/248\n|turn|36\n|\n|t:|1782912943\n|move|p1a: Serperior|Leech Seed|p2a: Latios\n|-start|p2a: Latios|move: Leech Seed\n|move|p2a: Latios|Luster Purge|p1a: Serperior\n|-damage|p1a: Serperior|106/248\n|\n|-heal|p1a: Serperior|121/248|[from] item: Leftovers\n|-damage|p2a: Latios|222/253|[from] Leech Seed|[of] p1a: Serperior\n|-heal|p1a: Serperior|152/248|[silent]\n|-fieldend|move: Electric Terrain\n|upkeep\n|turn|37\n|\n|t:|1782912944\n|move|p1a: Serperior|Substitute|p1a: Serperior\n|-start|p1a: Serperior|Substitute\n|-damage|p1a: Serperior|90/248\n|move|p2a: Latios|Luster Purge|p1a: Serperior\n|-end|p1a: Serperior|Substitute\n|\n|-heal|p1a: Serperior|105/248|[from] item: Leftovers\n|-damage|p2a: Latios|191/253|[from] Leech Seed|[of] p1a: Serperior\n|-heal|p1a: Serperior|136/248|[silent]\n|upkeep\n|turn|38\n|\n|t:|1782912946\n|move|p1a: Serperior|Substitute|p1a: Serperior\n|-start|p1a: Serperior|Substitute\n|-damage|p1a: Serperior|74/248\n|move|p2a: Latios|Luster Purge|p1a: Serperior\n|-end|p1a: Serperior|Substitute\n|\n|-heal|p1a: Serperior|89/248|[from] item: Leftovers\n|-damage|p2a: Latios|160/253|[from] Leech Seed|[of] p1a: Serperior\n|-heal|p1a: Serperior|120/248|[silent]\n|upkeep\n|turn|39\n|\n|t:|1782912948\n|move|p1a: Serperior|Substitute|p1a: Serperior\n|-start|p1a: Serperior|Substitute\n|-damage|p1a: Serperior|58/248\n|move|p2a: Latios|Luster Purge|p1a: Serperior\n|-end|p1a: Serperior|Substitute\n|\n|-heal|p1a: Serperior|73/248|[from] item: Leftovers\n|-damage|p2a: Latios|129/253|[from] Leech Seed|[of] p1a: Serperior\n|-heal|p1a: Serperior|104/248|[silent]\n|upkeep\n|turn|40\n|\n|t:|1782912949\n|move|p1a: Serperior|Substitute|p1a: Serperior\n|-start|p1a: Serperior|Substitute\n|-damage|p1a: Serperior|42/248\n|move|p2a: Latios|Luster Purge|p1a: Serperior\n|-end|p1a: Serperior|Substitute\n|\n|-heal|p1a: Serperior|57/248|[from] item: Leftovers\n|-damage|p2a: Latios|98/253|[from] Leech Seed|[of] p1a: Serperior\n|-heal|p1a: Serperior|88/248|[silent]\n|upkeep\n|turn|41\n|\n|t:|1782912951\n|move|p1a: Serperior|Substitute|p1a: Serperior\n|-start|p1a: Serperior|Substitute\n|-damage|p1a: Serperior|26/248\n|move|p2a: Latios|Luster Purge|p1a: Serperior\n|-end|p1a: Serperior|Substitute\n|\n|-heal|p1a: Serperior|41/248|[from] item: Leftovers\n|-damage|p2a: Latios|67/253|[from] Leech Seed|[of] p1a: Serperior\n|-heal|p1a: Serperior|72/248|[silent]\n|upkeep\n|turn|42\n|\n|t:|1782912953\n|move|p1a: Serperior|Substitute|p1a: Serperior\n|-start|p1a: Serperior|Substitute\n|-damage|p1a: Serperior|10/248\n|move|p2a: Latios|Recover|p2a: Latios\n|-heal|p2a: Latios|194/253\n|\n|-heal|p1a: Serperior|25/248|[from] item: Leftovers\n|-damage|p2a: Latios|163/253|[from] Leech Seed|[of] p1a: Serperior\n|-heal|p1a: Serperior|56/248|[silent]\n|upkeep\n|turn|43\n|\n|t:|1782912955\n|move|p1a: Serperior|Tera Blast|p2a: Latios|[anim] Tera Blast Fire\n|-resisted|p2a: Latios\n|-damage|p2a: Latios|135/253\n|move|p2a: Latios|Aura Sphere|p1a: Serperior\n|-end|p1a: Serperior|Substitute\n|\n|-heal|p1a: Serperior|71/248|[from] item: Leftovers\n|-damage|p2a: Latios|104/253|[from] Leech Seed|[of] p1a: Serperior\n|-heal|p1a: Serperior|102/248|[silent]\n|upkeep\n|turn|44\n|\n|t:|1782912957\n|move|p1a: Serperior|Substitute|p1a: Serperior\n|-start|p1a: Serperior|Substitute\n|-damage|p1a: Serperior|40/248\n|move|p2a: Latios|Recover|p2a: Latios\n|-heal|p2a: Latios|231/253\n|\n|-heal|p1a: Serperior|55/248|[from] item: Leftovers\n|-damage|p2a: Latios|200/253|[from] Leech Seed|[of] p1a: Serperior\n|-heal|p1a: Serperior|86/248|[silent]\n|upkeep\n|turn|45\n|\n|t:|1782912959\n|move|p1a: Serperior|Tera Blast|p2a: Latios|[anim] Tera Blast Fire\n|-resisted|p2a: Latios\n|-damage|p2a: Latios|172/253\n|move|p2a: Latios|Aura Sphere|p1a: Serperior\n|-activate|p1a: Serperior|move: Substitute|[damage]\n|\n|-heal|p1a: Serperior|101/248|[from] item: Leftovers\n|-damage|p2a: Latios|141/253|[from] Leech Seed|[of] p1a: Serperior\n|-heal|p1a: Serperior|132/248|[silent]\n|upkeep\n|turn|46\n|\n|t:|1782912960\n|move|p1a: Serperior|Tera Blast|p2a: Latios|[anim] Tera Blast Fire\n|-resisted|p2a: Latios\n|-damage|p2a: Latios|115/253\n|move|p2a: Latios|Aura Sphere|p1a: Serperior\n|-end|p1a: Serperior|Substitute\n|\n|-heal|p1a: Serperior|147/248|[from] item: Leftovers\n|-damage|p2a: Latios|84/253|[from] Leech Seed|[of] p1a: Serperior\n|-heal|p1a: Serperior|178/248|[silent]\n|upkeep\n|turn|47\n|\n|t:|1782912965\n|move|p1a: Serperior|Substitute|p1a: Serperior\n|-start|p1a: Serperior|Substitute\n|-damage|p1a: Serperior|116/248\n|move|p2a: Latios|Recover|p2a: Latios\n|-heal|p2a: Latios|211/253\n|\n|-heal|p1a: Serperior|131/248|[from] item: Leftovers\n|-damage|p2a: Latios|180/253|[from] Leech Seed|[of] p1a: Serperior\n|-heal|p1a: Serperior|162/248|[silent]\n|upkeep\n|turn|48\n|\n|t:|1782912968\n|move|p1a: Serperior|Tera Blast|p2a: Latios|[anim] Tera Blast Fire\n|-resisted|p2a: Latios\n|-damage|p2a: Latios|153/253\n|move|p2a: Latios|Aura Sphere|p1a: Serperior\n|-activate|p1a: Serperior|move: Substitute|[damage]\n|\n|-heal|p1a: Serperior|177/248|[from] item: Leftovers\n|-damage|p2a: Latios|122/253|[from] Leech Seed|[of] p1a: Serperior\n|-heal|p1a: Serperior|208/248|[silent]\n|upkeep\n|turn|49\n|\n|t:|1782912970\n|move|p1a: Serperior|Tera Blast|p2a: Latios|[anim] Tera Blast Fire\n|-resisted|p2a: Latios\n|-damage|p2a: Latios|92/253\n|move|p2a: Latios|Recover|p2a: Latios\n|-heal|p2a: Latios|219/253\n|\n|-heal|p1a: Serperior|223/248|[from] item: Leftovers\n|-damage|p2a: Latios|188/253|[from] Leech Seed|[of] p1a: Serperior\n|-heal|p1a: Serperior|248/248|[silent]\n|upkeep\n|turn|50\n|\n|t:|1782912971\n|move|p1a: Serperior|Leaf Storm|p2a: Latios|[miss]\n|-miss|p1a: Serperior|p2a: Latios\n|move|p2a: Latios|Aura Sphere|p1a: Serperior\n|-end|p1a: Serperior|Substitute\n|\n|-damage|p2a: Latios|157/253|[from] Leech Seed|[of] p1a: Serperior\n|upkeep\n|turn|51\n|\n|t:|1782912980\n|move|p1a: Serperior|Substitute|p1a: Serperior\n|-start|p1a: Serperior|Substitute\n|-damage|p1a: Serperior|186/248\n|move|p2a: Latios|Aura Sphere|p1a: Serperior\n|-activate|p1a: Serperior|move: Substitute|[damage]\n|\n|-heal|p1a: Serperior|201/248|[from] item: Leftovers\n|-damage|p2a: Latios|126/253|[from] Leech Seed|[of] p1a: Serperior\n|-heal|p1a: Serperior|232/248|[silent]\n|upkeep\n|turn|52\n|\n|t:|1782912982\n|move|p1a: Serperior|Tera Blast|p2a: Latios|[anim] Tera Blast Fire\n|-resisted|p2a: Latios\n|-damage|p2a: Latios|98/253\n|move|p2a: Latios|Aura Sphere|p1a: Serperior\n|-end|p1a: Serperior|Substitute\n|\n|-heal|p1a: Serperior|247/248|[from] item: Leftovers\n|-damage|p2a: Latios|67/253|[from] Leech Seed|[of] p1a: Serperior\n|-heal|p1a: Serperior|248/248|[silent]\n|upkeep\n|turn|53\n|\n|t:|1782912983\n|move|p1a: Serperior|Leech Seed||[still]\n|-fail|p1a: Serperior\n|move|p2a: Latios|Recover|p2a: Latios\n|-heal|p2a: Latios|194/253\n|\n|-damage|p2a: Latios|163/253|[from] Leech Seed|[of] p1a: Serperior\n|upkeep\n|turn|54\n|\n|t:|1782912985\n|move|p1a: Serperior|Leech Seed||[still]\n|-fail|p1a: Serperior\n|move|p2a: Latios|Aura Sphere|p1a: Serperior\n|-crit|p1a: Serperior\n|-damage|p1a: Serperior|159/248\n|\n|-heal|p1a: Serperior|174/248|[from] item: Leftovers\n|-damage|p2a: Latios|132/253|[from] Leech Seed|[of] p1a: Serperior\n|-heal|p1a: Serperior|205/248|[silent]\n|upkeep\n|turn|55\n|\n|t:|1782912988\n|move|p1a: Serperior|Leech Seed||[still]\n|-fail|p1a: Serperior\n|move|p2a: Latios|Aura Sphere|p1a: Serperior\n|-damage|p1a: Serperior|142/248\n|\n|-heal|p1a: Serperior|157/248|[from] item: Leftovers\n|-damage|p2a: Latios|101/253|[from] Leech Seed|[of] p1a: Serperior\n|-heal|p1a: Serperior|188/248|[silent]\n|upkeep\n|turn|56\n|\n|t:|1782912991\n|move|p1a: Serperior|Substitute|p1a: Serperior\n|-start|p1a: Serperior|Substitute\n|-damage|p1a: Serperior|126/248\n|move|p2a: Latios|Recover|p2a: Latios\n|-heal|p2a: Latios|228/253\n|\n|-heal|p1a: Serperior|141/248|[from] item: Leftovers\n|-damage|p2a: Latios|197/253|[from] Leech Seed|[of] p1a: Serperior\n|-heal|p1a: Serperior|172/248|[silent]\n|upkeep\n|turn|57\n|\n|t:|1782912993\n|move|p1a: Serperior|Leech Seed||[still]\n|-fail|p1a: Serperior\n|move|p2a: Latios|Aura Sphere|p1a: Serperior\n|-activate|p1a: Serperior|move: Substitute|[damage]\n|\n|-heal|p1a: Serperior|187/248|[from] item: Leftovers\n|-damage|p2a: Latios|166/253|[from] Leech Seed|[of] p1a: Serperior\n|-heal|p1a: Serperior|218/248|[silent]\n|upkeep\n|turn|58\n|\n|t:|1782912995\n|move|p1a: Serperior|Leech Seed||[still]\n|-fail|p1a: Serperior\n|move|p2a: Latios|Aura Sphere|p1a: Serperior\n|-end|p1a: Serperior|Substitute\n|\n|-heal|p1a: Serperior|233/248|[from] item: Leftovers\n|-damage|p2a: Latios|135/253|[from] Leech Seed|[of] p1a: Serperior\n|-heal|p1a: Serperior|248/248|[silent]\n|upkeep\n|turn|59\n|\n|t:|1782913009\n|move|p1a: Serperior|Leech Seed||[still]\n|-fail|p1a: Serperior\n|move|p2a: Latios|Aura Sphere|p1a: Serperior\n|-damage|p1a: Serperior|187/248\n|\n|-heal|p1a: Serperior|202/248|[from] item: Leftovers\n|-damage|p2a: Latios|104/253|[from] Leech Seed|[of] p1a: Serperior\n|-heal|p1a: Serperior|233/248|[silent]\n|upkeep\n|turn|60\n|\n|t:|1782913012\n|move|p1a: Serperior|Leech Seed||[still]\n|-fail|p1a: Serperior\n|move|p2a: Latios|Recover|p2a: Latios\n|-heal|p2a: Latios|231/253\n|\n|-heal|p1a: Serperior|248/248|[from] item: Leftovers\n|-damage|p2a: Latios|200/253|[from] Leech Seed|[of] p1a: Serperior\n|upkeep\n|turn|61\n|\n|t:|1782913013\n|move|p1a: Serperior|Substitute|p1a: Serperior\n|-start|p1a: Serperior|Substitute\n|-damage|p1a: Serperior|186/248\n|move|p2a: Latios|Aura Sphere|p1a: Serperior\n|-end|p1a: Serperior|Substitute\n|\n|-heal|p1a: Serperior|201/248|[from] item: Leftovers\n|-damage|p2a: Latios|169/253|[from] Leech Seed|[of] p1a: Serperior\n|-heal|p1a: Serperior|232/248|[silent]\n|upkeep\n|turn|62\n|\n|t:|1782913015\n|move|p1a: Serperior|Leech Seed||[still]\n|-fail|p1a: Serperior\n|move|p2a: Latios|Aura Sphere|p1a: Serperior\n|-damage|p1a: Serperior|170/248\n|\n|-heal|p1a: Serperior|185/248|[from] item: Leftovers\n|-damage|p2a: Latios|138/253|[from] Leech Seed|[of] p1a: Serperior\n|-heal|p1a: Serperior|216/248|[silent]\n|upkeep\n|turn|63\n|\n|t:|1782913017\n|move|p1a: Serperior|Leech Seed||[still]\n|-fail|p1a: Serperior\n|move|p2a: Latios|Recover|p2a: Latios\n|-heal|p2a: Latios|253/253\n|\n|-heal|p1a: Serperior|231/248|[from] item: Leftovers\n|-damage|p2a: Latios|222/253|[from] Leech Seed|[of] p1a: Serperior\n|-heal|p1a: Serperior|248/248|[silent]\n|upkeep\n|turn|64\n|\n|t:|1782913018\n|move|p1a: Serperior|Leech Seed||[still]\n|-fail|p1a: Serperior\n|move|p2a: Latios|Aura Sphere|p1a: Serperior\n|-crit|p1a: Serperior\n|-damage|p1a: Serperior|159/248\n|\n|-heal|p1a: Serperior|174/248|[from] item: Leftovers\n|-damage|p2a: Latios|191/253|[from] Leech Seed|[of] p1a: Serperior\n|-heal|p1a: Serperior|205/248|[silent]\n|upkeep\n|turn|65\n|\n|t:|1782913020\n|move|p1a: Serperior|Leech Seed|p2a: Latios|[miss]\n|-miss|p1a: Serperior|p2a: Latios\n|move|p2a: Latios|Aura Sphere|p1a: Serperior\n|-damage|p1a: Serperior|143/248\n|\n|-heal|p1a: Serperior|158/248|[from] item: Leftovers\n|-damage|p2a: Latios|160/253|[from] Leech Seed|[of] p1a: Serperior\n|-heal|p1a: Serperior|189/248|[silent]\n|upkeep\n|turn|66\n|\n|t:|1782913024\n|move|p1a: Serperior|Substitute|p1a: Serperior\n|-start|p1a: Serperior|Substitute\n|-damage|p1a: Serperior|127/248\n|move|p2a: Latios|Aura Sphere|p1a: Serperior\n|-crit|p1a: Serperior\n|-end|p1a: Serperior|Substitute\n|\n|-heal|p1a: Serperior|142/248|[from] item: Leftovers\n|-damage|p2a: Latios|129/253|[from] Leech Seed|[of] p1a: Serperior\n|-heal|p1a: Serperior|173/248|[silent]\n|upkeep\n|turn|67\n|\n|t:|1782913028\n|move|p1a: Serperior|Tera Blast|p2a: Latios|[anim] Tera Blast Fire\n|-resisted|p2a: Latios\n|-crit|p2a: Latios\n|-damage|p2a: Latios|87/253\n|move|p2a: Latios|Aura Sphere|p1a: Serperior\n|-damage|p1a: Serperior|108/248\n|\n|-heal|p1a: Serperior|123/248|[from] item: Leftovers\n|-damage|p2a: Latios|56/253|[from] Leech Seed|[of] p1a: Serperior\n|-heal|p1a: Serperior|154/248|[silent]\n|upkeep\n|turn|68\n|\n|t:|1782913030\n|move|p1a: Serperior|Substitute|p1a: Serperior\n|-start|p1a: Serperior|Substitute\n|-damage|p1a: Serperior|92/248\n|move|p2a: Latios|Draco Meteor|p1a: Serperior\n|-end|p1a: Serperior|Substitute\n|-unboost|p2a: Latios|spa|2\n|\n|-heal|p1a: Serperior|107/248|[from] item: Leftovers\n|-damage|p2a: Latios|25/253|[from] Leech Seed|[of] p1a: Serperior\n|-heal|p1a: Serperior|138/248|[silent]\n|upkeep\n|turn|69\n|\n|t:|1782913032\n|move|p1a: Serperior|Substitute|p1a: Serperior\n|-start|p1a: Serperior|Substitute\n|-damage|p1a: Serperior|76/248\n|move|p2a: Latios|Draco Meteor|p1a: Serperior\n|-end|p1a: Serperior|Substitute\n|-unboost|p2a: Latios|spa|2\n|\n|-heal|p1a: Serperior|91/248|[from] item: Leftovers\n|-damage|p2a: Latios|0 fnt|[from] Leech Seed|[of] p1a: Serperior\n|-heal|p1a: Serperior|116/248|[silent]\n|faint|p2a: Latios\n|upkeep\n|\n|t:|1782913035\n|switch|p2a: Alcremie|Alcremie-Rainbow-Swirl, L90, F, tera:Ground|138/263\n|turn|70\n|\n|t:|1782913037\n|move|p1a: Serperior|Leech Seed|p2a: Alcremie\n|-start|p2a: Alcremie|move: Leech Seed\n|move|p2a: Alcremie|Recover|p2a: Alcremie\n|-heal|p2a: Alcremie|263/263\n|\n|-heal|p1a: Serperior|131/248|[from] item: Leftovers\n|-damage|p2a: Alcremie|231/263|[from] Leech Seed|[of] p1a: Serperior\n|-heal|p1a: Serperior|163/248|[silent]\n|upkeep\n|turn|71\n|\n|t:|1782913038\n|move|p1a: Serperior|Leech Seed||[still]\n|-fail|p1a: Serperior\n|move|p2a: Alcremie|Calm Mind|p2a: Alcremie\n|-boost|p2a: Alcremie|spa|1\n|-boost|p2a: Alcremie|spd|1\n|\n|-heal|p1a: Serperior|178/248|[from] item: Leftovers\n|-heal|p2a: Alcremie|247/263|[from] item: Leftovers\n|-damage|p2a: Alcremie|215/263|[from] Leech Seed|[of] p1a: Serperior\n|-heal|p1a: Serperior|210/248|[silent]\n|upkeep\n|turn|72\n|\n|t:|1782913044\n|move|p1a: Serperior|Tera Blast|p2a: Alcremie|[anim] Tera Blast Fire\n|-damage|p2a: Alcremie|185/263\n|move|p2a: Alcremie|Calm Mind|p2a: Alcremie\n|-boost|p2a: Alcremie|spa|1\n|-boost|p2a: Alcremie|spd|1\n|\n|-heal|p1a: Serperior|225/248|[from] item: Leftovers\n|-heal|p2a: Alcremie|201/263|[from] item: Leftovers\n|-damage|p2a: Alcremie|169/263|[from] Leech Seed|[of] p1a: Serperior\n|-heal|p1a: Serperior|248/248|[silent]\n|upkeep\n|turn|73\n|\n|t:|1782913046\n|move|p1a: Serperior|Tera Blast|p2a: Alcremie|[anim] Tera Blast Fire\n|-damage|p2a: Alcremie|144/263\n|move|p2a: Alcremie|Recover|p2a: Alcremie\n|-heal|p2a: Alcremie|263/263\n|\n|-damage|p2a: Alcremie|231/263|[from] Leech Seed|[of] p1a: Serperior\n|upkeep\n|turn|74\n|\n|t:|1782913047\n|move|p1a: Serperior|Tera Blast|p2a: Alcremie|[anim] Tera Blast Fire\n|-damage|p2a: Alcremie|209/263\n|move|p2a: Alcremie|Recover|p2a: Alcremie\n|-heal|p2a: Alcremie|263/263\n|\n|-damage|p2a: Alcremie|231/263|[from] Leech Seed|[of] p1a: Serperior\n|upkeep\n|turn|75\n|\n|t:|1782913049\n|move|p1a: Serperior|Tera Blast|p2a: Alcremie|[anim] Tera Blast Fire\n|-damage|p2a: Alcremie|206/263\n|move|p2a: Alcremie|Recover|p2a: Alcremie\n|-heal|p2a: Alcremie|263/263\n|\n|-damage|p2a: Alcremie|231/263|[from] Leech Seed|[of] p1a: Serperior\n|upkeep\n|turn|76\n|\n|t:|1782913051\n|move|p1a: Serperior|Tera Blast|p2a: Alcremie|[anim] Tera Blast Fire\n|-damage|p2a: Alcremie|207/263\n|move|p2a: Alcremie|Recover|p2a: Alcremie\n|-heal|p2a: Alcremie|263/263\n|\n|-damage|p2a: Alcremie|231/263|[from] Leech Seed|[of] p1a: Serperior\n|upkeep\n|turn|77\n|\n|t:|1782913053\n|move|p1a: Serperior|Tera Blast|p2a: Alcremie|[anim] Tera Blast Fire\n|-damage|p2a: Alcremie|207/263\n|move|p2a: Alcremie|Recover|p2a: Alcremie\n|-heal|p2a: Alcremie|263/263\n|\n|-damage|p2a: Alcremie|231/263|[from] Leech Seed|[of] p1a: Serperior\n|upkeep\n|turn|78\n|\n|t:|1782913055\n|-activate|p1a: Serperior|move: Struggle\n|move|p1a: Serperior|Struggle|p2a: Alcremie\n|-crit|p2a: Alcremie\n|-damage|p2a: Alcremie|191/263\n|-damage|p1a: Serperior|186/248|[from] recoil\n|move|p2a: Alcremie|Tera Blast|p1a: Serperior|[anim] Tera Blast Ground\n|-supereffective|p1a: Serperior\n|-crit|p1a: Serperior\n|-damage|p1a: Serperior|0 fnt\n|faint|p1a: Serperior\n|\n|win|eaglecarson214\n|raw|notmetbh102's rating: 2050 &rarr; <strong>2040</strong><br />(-10 for losing)\n|raw|eaglecarson214's rating: 2231 &rarr; <strong>2241</strong><br />(+10 for winning)\n|c|\u2606notmetbh102|gg\n", "inputlog": ">version f8ac14003a5f27e1bdc8d8c59608a773c1cb96e5\n>start {\"formatid\":\"gen9randombattle\",\"seed\":\"sodium,8ae27276deb0716f089e014a3eab75ad\",\"rated\":\"Rated battle\"}\n>player p1 {\"name\":\"notmetbh102\",\"avatar\":\"265\",\"rating\":2050,\"seed\":\"sodium,20254bd59430b7377907b2bb7ab36caf\"}\n>player p2 {\"name\":\"eaglecarson214\",\"avatar\":\"clown\",\"rating\":2231,\"seed\":\"sodium,73475cae14f947e3b676031954bce811\"}\n>chat \u2606notmetbh102|hf\n>p1 switch 5\n>p2 move earthquake\n>p1 move leafstorm\n>p2 switch 4\n>p1 move leechseed terastallize\n>p2 move fireblast\n>p1 move leafstorm\n>p2 move hypervoice\n>p1 switch 2\n>p2 move hypervoice\n>p1 move recover\n>p2 move willowisp\n>p2 switch 4\n>p1 switch 3\n>p2 move earthquake\n>p1 move scald\n>p2 switch 5\n>p1 switch 6\n>p2 move calmmind\n>p1 switch 4\n>p2 move alluringvoice\n>p1 switch 4\n>p2 move terablast terastallize\n>p1 move psyshock\n>p2 move alluringvoice\n>p1 move psyshock\n>p2 switch 3\n>p1 move psyshock\n>p2 move knockoff\n>p1 switch 2\n>p1 move leechseed\n>p2 switch 2\n>p1 move leafstorm\n>p2 move flamecharge\n>p1 move leafstorm\n>p2 move slackoff\n>p1 move substitute\n>p2 move flamecharge\n>p1 move leafstorm\n>p2 move torchsong\n>p1 move terablast\n>p2 move slackoff\n>p1 move leafstorm\n>p2 move slackoff\n>p1 move terablast\n>p2 move torchsong\n>p1 move terablast\n>p2 move slackoff\n>p1 move substitute\n>p2 move torchsong\n>p1 move leafstorm\n>p2 move slackoff\n>p1 switch 4\n>p2 move shadowball\n>p1 switch 5\n>p1 move voltswitch\n>p2 move shadowball\n>p1 switch 6\n>p2 switch 2\n>p1 move scald\n>p2 move knockoff\n>p1 move grassknot\n>p2 move knockoff\n>p1 move scald\n>p2 move knockoff\n>p2 switch 6\n>p1 move icebeam\n>p2 move lusterpurge\n>p1 switch 3\n>p1 switch 6\n>p2 switch 5\n>p1 move overheat\n>p2 move rapidspin\n>p1 switch 6\n>p1 move scald\n>p2 move earthquake\n>p2 switch 5\n>p1 move scald\n>p2 move lusterpurge\n>p1 switch 4\n>p1 move leechseed\n>p2 move lusterpurge\n>p1 move substitute\n>p2 move lusterpurge\n>p1 move substitute\n>p2 move lusterpurge\n>p1 move substitute\n>p2 move lusterpurge\n>p1 move substitute\n>p2 move lusterpurge\n>p1 move substitute\n>p2 move lusterpurge\n>p1 move substitute\n>p2 move recover\n>p1 move terablast\n>p2 move aurasphere\n>p1 move substitute\n>p2 move recover\n>p1 move terablast\n>p2 move aurasphere\n>p1 move terablast\n>p2 move aurasphere\n>p1 move substitute\n>p2 move recover\n>p1 move terablast\n>p2 move aurasphere\n>p1 move terablast\n>p2 move recover\n>p1 move leafstorm\n>p2 move aurasphere\n>p1 move substitute\n>p2 move aurasphere\n>p1 move terablast\n>p2 move aurasphere\n>p1 move leechseed\n>p2 move recover\n>p1 move leechseed\n>p2 move aurasphere\n>p1 move leechseed\n>p2 move aurasphere\n>p1 move substitute\n>p2 move recover\n>p1 move leechseed\n>p2 move aurasphere\n>p1 move leechseed\n>p2 move aurasphere\n>p1 move leechseed\n>p2 move aurasphere\n>p1 move leechseed\n>p2 move recover\n>p1 move substitute\n>p2 move aurasphere\n>p1 move leechseed\n>p2 move aurasphere\n>p1 move leechseed\n>p2 move recover\n>p1 move leechseed\n>p2 move aurasphere\n>p1 move leechseed\n>p2 move aurasphere\n>p1 move substitute\n>p2 move aurasphere\n>p1 move terablast\n>p2 move aurasphere\n>p1 move substitute\n>p2 move dracometeor\n>p1 move substitute\n>p2 move dracometeor\n>p2 switch 3\n>p1 move leechseed\n>p2 move recover\n>p1 move leechseed\n>p2 move calmmind\n>p1 move terablast\n>p2 move calmmind\n>p1 move terablast\n>p2 move recover\n>p1 move terablast\n>p2 move recover\n>p1 move terablast\n>p2 move recover\n>p1 move terablast\n>p2 move recover\n>p1 move terablast\n>p2 move recover\n>p1 move struggle\n>p2 move terablast", "uploadtime": 1782913056, "views": 3, "formatid": "gen9randombattle", "rating": 2040, "private": 0, "password": null, "player_dets": [{"name": "notmetbh102", "avatar": "265", "rating": 2050, "seed": "sodium,20254bd59430b7377907b2bb7ab36caf"}, {"name": "eaglecarson214", "avatar": "clown", "rating": 2231, "seed": "sodium,73475cae14f947e3b676031954bce811"}], "teams_full": [{"Miraidon": {"name": "Miraidon", "species": "Miraidon", "speciesId": "miraidon", "gender": "N", "shiny": false, "level": 65, "moves": ["dracometeor", "electrodrift", "overheat", "voltswitch"], "ability": "Hadron Engine", "evs": {"hp": 85, "atk": 0, "def": 85, "spa": 85, "spd": 85, "spe": 85}, "ivs": {"hp": 31, "atk": 0, "def": 31, "spa": 31, "spd": 31, "spe": 31}, "item": "Choice Specs", "teraType": "Electric", "role": "Fast Attacker", "bvs": {"hp": 100, "atk": 85, "def": 100, "spa": 135, "spd": 115, "spe": 135}, "stats": {"hp": 238, "atk": 115, "def": 168, "spa": 214, "spd": 188, "spe": 214}, "types": ["Electric", "Dragon"]}, "Pincurchin": {"name": "Pincurchin", "species": "Pincurchin", "speciesId": "pincurchin", "gender": "M", "shiny": false, "level": 100, "moves": ["scald", "thunderbolt", "recover", "spikes"], "ability": "Electric Surge", "evs": {"hp": 85, "atk": 0, "def": 85, "spa": 85, "spd": 85, "spe": 85}, "ivs": {"hp": 31, "atk": 0, "def": 31, "spa": 31, "spd": 31, "spe": 31}, "item": "Leftovers", "teraType": "Water", "role": "Bulky Attacker", "bvs": {"hp": 48, "atk": 101, "def": 95, "spa": 91, "spd": 85, "spe": 15}, "stats": {"hp": 258, "atk": 207, "def": 247, "spa": 239, "spd": 227, "spe": 87}, "types": ["Electric"]}, "Phione": {"name": "Phione", "species": "Phione", "speciesId": "phione", "gender": "N", "shiny": false, "level": 91, "moves": ["takeheart", "icebeam", "scald", "grassknot"], "ability": "Hydration", "evs": {"hp": 85, "atk": 0, "def": 85, "spa": 85, "spd": 85, "spe": 85}, "ivs": {"hp": 31, "atk": 0, "def": 31, "spa": 31, "spd": 31, "spe": 31}, "item": "Leftovers", "teraType": "Grass", "role": "Bulky Attacker", "bvs": {"hp": 80, "atk": 80, "def": 80, "spa": 80, "spd": 80, "spe": 80}, "stats": {"hp": 293, "atk": 150, "def": 197, "spa": 197, "spd": 197, "spe": 197}, "types": ["Water"]}, "Metagross": {"name": "Metagross", "species": "Metagross", "speciesId": "metagross", "gender": "N", "shiny": false, "level": 79, "moves": ["knockoff", "earthquake", "agility", "heavyslam"], "ability": "Clear Body", "evs": {"hp": 85, "atk": 85, "def": 85, "spa": 85, "spd": 85, "spe": 85}, "ivs": {"hp": 31, "atk": 31, "def": 31, "spa": 31, "spd": 31, "spe": 31}, "item": "Weakness Policy", "teraType": "Ground", "role": "Bulky Setup", "bvs": {"hp": 80, "atk": 135, "def": 130, "spa": 95, "spd": 90, "spe": 70}, "stats": {"hp": 256, "atk": 259, "def": 251, "spa": 196, "spd": 188, "spe": 156}, "types": ["Steel", "Psychic"]}, "Serperior": {"name": "Serperior", "species": "Serperior", "speciesId": "serperior", "gender": "F", "shiny": false, "level": 79, "moves": ["leafstorm", "substitute", "terablast", "leechseed"], "ability": "Contrary", "evs": {"hp": 85, "atk": 85, "def": 85, "spa": 85, "spd": 85, "spe": 85}, "ivs": {"hp": 31, "atk": 31, "def": 31, "spa": 31, "spd": 31, "spe": 31}, "item": "Leftovers", "teraType": "Fire", "role": "Tera Blast user", "bvs": {"hp": 75, "atk": 75, "def": 95, "spa": 75, "spd": 95, "spe": 113}, "stats": {"hp": 248, "atk": 164, "def": 196, "spa": 164, "spd": 196, "spe": 224}, "types": ["Grass"]}, "Indeedee": {"name": "Indeedee", "species": "Indeedee-F", "speciesId": "indeedeef", "gender": "F", "shiny": false, "level": 90, "moves": ["psyshock", "healingwish", "hypervoice", "shadowball"], "ability": "Psychic Surge", "evs": {"hp": 85, "atk": 0, "def": 85, "spa": 85, "spd": 85, "spe": 85}, "ivs": {"hp": 31, "atk": 0, "def": 31, "spa": 31, "spd": 31, "spe": 31}, "item": "Choice Scarf", "teraType": "Psychic", "role": "Fast Attacker", "bvs": {"hp": 70, "atk": 55, "def": 65, "spa": 95, "spd": 105, "spe": 85}, "stats": {"hp": 272, "atk": 104, "def": 168, "spa": 222, "spd": 240, "spe": 204}, "types": ["Psychic", "Normal"]}}, {"Excadrill": {"name": "Excadrill", "species": "Excadrill", "speciesId": "excadrill", "gender": "F", "shiny": false, "level": 79, "moves": ["rapidspin", "earthquake", "rockslide", "ironhead"], "ability": "Mold Breaker", "evs": {"hp": 85, "atk": 85, "def": 85, "spa": 85, "spd": 85, "spe": 85}, "ivs": {"hp": 31, "atk": 31, "def": 31, "spa": 31, "spd": 31, "spe": 31}, "item": "Assault Vest", "teraType": "Water", "role": "AV Pivot", "bvs": {"hp": 110, "atk": 135, "def": 60, "spa": 50, "spd": 65, "spe": 88}, "stats": {"hp": 303, "atk": 259, "def": 140, "spa": 125, "spd": 148, "spe": 185}, "types": ["Ground", "Steel"]}, "Skeledirge": {"name": "Skeledirge", "species": "Skeledirge", "speciesId": "skeledirge", "gender": "F", "shiny": false, "level": 79, "moves": ["slackoff", "shadowball", "flamecharge", "torchsong"], "ability": "Unaware", "evs": {"hp": 85, "atk": 85, "def": 85, "spa": 85, "spd": 85, "spe": 85}, "ivs": {"hp": 31, "atk": 31, "def": 31, "spa": 31, "spd": 31, "spe": 31}, "item": "Heavy-Duty Boots", "teraType": "Water", "role": "Bulky Attacker", "bvs": {"hp": 104, "atk": 75, "def": 100, "spa": 110, "spd": 75, "spe": 66}, "stats": {"hp": 294, "atk": 164, "def": 204, "spa": 219, "spd": 164, "spe": 150}, "types": ["Fire", "Ghost"]}, "Crawdaunt": {"name": "Crawdaunt", "species": "Crawdaunt", "speciesId": "crawdaunt", "gender": "M", "shiny": false, "level": 84, "moves": ["closecombat", "crabhammer", "aquajet", "knockoff"], "ability": "Adaptability", "evs": {"hp": 85, "atk": 85, "def": 85, "spa": 85, "spd": 85, "spe": 85}, "ivs": {"hp": 31, "atk": 31, "def": 31, "spa": 31, "spd": 31, "spe": 31}, "item": "Choice Band", "teraType": "Fighting", "role": "Fast Attacker", "bvs": {"hp": 63, "atk": 120, "def": 85, "spa": 90, "spd": 55, "spe": 55}, "stats": {"hp": 243, "atk": 250, "def": 191, "spa": 199, "spd": 141, "spe": 141}, "types": ["Water", "Dark"]}, "Pyroar": {"name": "Pyroar", "species": "Pyroar", "speciesId": "pyroar", "gender": "F", "shiny": false, "level": 88, "moves": ["fireblast", "darkpulse", "willowisp", "hypervoice"], "ability": "Unnerve", "evs": {"hp": 85, "atk": 0, "def": 85, "spa": 85, "spd": 85, "spe": 85}, "ivs": {"hp": 31, "atk": 0, "def": 31, "spa": 31, "spd": 31, "spe": 31}, "item": "Heavy-Duty Boots", "teraType": "Fire", "role": "Fast Attacker", "bvs": {"hp": 86, "atk": 68, "def": 72, "spa": 109, "spd": 66, "spe": 106}, "stats": {"hp": 295, "atk": 124, "def": 177, "spa": 242, "spd": 166, "spe": 237}, "types": ["Fire", "Normal"]}, "Alcremie": {"name": "Alcremie", "species": "Alcremie-Rainbow-Swirl", "speciesId": "alcremie", "gender": "F", "shiny": false, "level": 90, "moves": ["calmmind", "alluringvoice", "terablast", "recover"], "ability": "Aroma Veil", "evs": {"hp": 85, "atk": 0, "def": 85, "spa": 85, "spd": 85, "spe": 85}, "ivs": {"hp": 31, "atk": 0, "def": 31, "spa": 31, "spd": 31, "spe": 31}, "item": "Leftovers", "teraType": "Ground", "role": "Tera Blast user", "bvs": {"hp": 65, "atk": 60, "def": 75, "spa": 110, "spd": 121, "spe": 64}, "stats": {"hp": 263, "atk": 113, "def": 186, "spa": 249, "spd": 269, "spe": 167}, "types": ["Fairy"]}, "Latios": {"name": "Latios", "species": "Latios", "speciesId": "latios", "gender": "M", "shiny": false, "level": 78, "moves": ["lusterpurge", "aurasphere", "recover", "dracometeor"], "ability": "Levitate", "evs": {"hp": 85, "atk": 0, "def": 85, "spa": 85, "spd": 85, "spe": 85}, "ivs": {"hp": 31, "atk": 0, "def": 31, "spa": 31, "spd": 31, "spe": 31}, "item": "Soul Dew", "teraType": "Steel", "role": "Bulky Attacker", "bvs": {"hp": 80, "atk": 90, "def": 80, "spa": 130, "spd": 110, "spe": 110}, "stats": {"hp": 253, "atk": 145, "def": 170, "spa": 248, "spd": 217, "spe": 217}, "types": ["Dragon", "Psychic"]}}]}