{"id": "gen9randombattle-2641949022", "format": "[Gen 9] Random Battle", "players": ["KasaiSV", "LavaDirt"], "log": "|j|\u2606KasaiSV\n|j|\u2606LavaDirt\n|t:|1782863393\n|gametype|singles\n|player|p1|KasaiSV|2|1632\n|player|p2|LavaDirt|265|1678\n|gen|9\n|tier|[Gen 9] Random Battle\n|rated|\n|rule|Species Clause: Limit one of each Pok\u00e9mon\n|rule|HP Percentage Mod: HP is shown in percentages\n|rule|Sleep Clause Mod: Limit one foe put to sleep\n|rule|Illusion Level Mod: Illusion disguises the Pok\u00e9mon's true level\n|\n|t:|1782863393\n|teamsize|p1|6\n|teamsize|p2|6\n|start\n|switch|p1a: Glaceon|Glaceon, L94, M|275/275\n|switch|p2a: Umbreon|Umbreon, L84, M|297/297\n|turn|1\n|inactive|Battle timer is ON: inactive players will automatically lose when time's up. (requested by LavaDirt)\n|\n|t:|1782863423\n|switch|p1a: Solgaleo|Solgaleo, L74|325/325\n|move|p2a: Umbreon|Toxic|p1a: Solgaleo\n|-immune|p1a: Solgaleo\n|\n|upkeep\n|turn|2\n|\n|t:|1782863442\n|move|p1a: Solgaleo|Knock Off|p2a: Umbreon\n|-resisted|p2a: Umbreon\n|-damage|p2a: Umbreon|269/297\n|-enditem|p2a: Umbreon|Leftovers|[from] move: Knock Off|[of] p1a: Solgaleo\n|move|p2a: Umbreon|Wish|p2a: Umbreon\n|\n|upkeep\n|turn|3\n|\n|t:|1782863449\n|move|p2a: Umbreon|Foul Play|p1a: Solgaleo\n|-supereffective|p1a: Solgaleo\n|-damage|p1a: Solgaleo|103/325\n|-damage|p2a: Umbreon|220/297|[from] item: Rocky Helmet|[of] p1a: Solgaleo\n|move|p1a: Solgaleo|Roar|p2a: Umbreon\n|drag|p2a: Landorus|Landorus-Therian, L76, M|260/260\n|-ability|p2a: Landorus|Intimidate|boost\n|-fail|p1a: Solgaleo|unboost|[from] ability: Full Metal Body|[of] p1a: Solgaleo\n|\n|upkeep\n|turn|4\n|\n|t:|1782863470\n|move|p1a: Solgaleo|Sunsteel Strike|p2a: Landorus\n|-damage|p2a: Landorus|146/260\n|move|p2a: Landorus|Earthquake|p1a: Solgaleo\n|-supereffective|p1a: Solgaleo\n|-damage|p1a: Solgaleo|0 fnt\n|faint|p1a: Solgaleo\n|\n|-heal|p2a: Landorus|162/260|[from] item: Leftovers\n|upkeep\n|\n|t:|1782863481\n|switch|p1a: Bruxish|Bruxish, L85, F|254/254\n|turn|5\n|inactive|LavaDirt has 120 seconds left.\n|\n|t:|1782863520\n|switch|p2a: Articuno|Articuno, L86|295/295\n|-ability|p2a: Articuno|Pressure\n|move|p1a: Bruxish|Wave Crash|p2a: Articuno\n|-damage|p2a: Articuno|108/295\n|-damage|p1a: Bruxish|192/254|[from] Recoil\n|\n|upkeep\n|turn|6\n|inactive|LavaDirt has 120 seconds left.\n|\n|t:|1782863530\n|move|p1a: Bruxish|Wave Crash|p2a: Articuno\n|-damage|p2a: Articuno|0 fnt\n|faint|p2a: Articuno\n|-damage|p1a: Bruxish|156/254|[from] Recoil\n|\n|upkeep\n|inactive|LavaDirt has 120 seconds left.\n|\n|t:|1782863539\n|switch|p2a: Landorus|Landorus-Therian, L76, M|162/260\n|-ability|p2a: Landorus|Intimidate|boost\n|-unboost|p1a: Bruxish|atk|1\n|turn|7\n|\n|t:|1782863546\n|switch|p2a: Umbreon|Umbreon, L84, M|220/297\n|move|p1a: Bruxish|Wave Crash|p2a: Umbreon\n|-damage|p2a: Umbreon|106/297\n|-damage|p1a: Bruxish|118/254|[from] Recoil\n|\n|upkeep\n|turn|8\n|\n|t:|1782863554\n|move|p2a: Umbreon|Protect|p2a: Umbreon\n|-singleturn|p2a: Umbreon|Protect\n|move|p1a: Bruxish|Wave Crash|p2a: Umbreon\n|-activate|p2a: Umbreon|move: Protect\n|\n|upkeep\n|turn|9\n|\n|t:|1782863562\n|switch|p2a: Scream Tail|Scream Tail, L84|330/330\n|move|p1a: Bruxish|Wave Crash|p2a: Scream Tail\n|-damage|p2a: Scream Tail|198/330\n|-damage|p1a: Bruxish|74/254|[from] Recoil\n|\n|-heal|p2a: Scream Tail|218/330|[from] item: Leftovers\n|upkeep\n|turn|10\n|\n|t:|1782863587\n|switch|p1a: Snorlax|Snorlax, L82, M|397/397\n|move|p2a: Scream Tail|Wish|p2a: Scream Tail\n|\n|-heal|p2a: Scream Tail|238/330|[from] item: Leftovers\n|upkeep\n|turn|11\n|\n|t:|1782863599\n|-end|p2a: Scream Tail|Protosynthesis|[silent]\n|switch|p2a: Landorus|Landorus-Therian, L76, M|162/260\n|-ability|p2a: Landorus|Intimidate|boost\n|-unboost|p1a: Snorlax|atk|1\n|move|p1a: Snorlax|Body Slam|p2a: Landorus\n|-damage|p2a: Landorus|90/260\n|\n|-heal|p2a: Landorus|255/260|[from] move: Wish|[wisher] Scream Tail\n|-heal|p2a: Landorus|260/260|[from] item: Leftovers\n|upkeep\n|turn|12\n|\n|t:|1782863616\n|switch|p2a: Komala|Komala, L88, F|258/258\n|-ability|p2a: Komala|Comatose\n|move|p1a: Snorlax|Body Slam|p2a: Komala\n|-damage|p2a: Komala|189/258\n|\n|upkeep\n|turn|13\n|\n|t:|1782863627\n|switch|p1a: Great Tusk|Great Tusk, L77|304/304\n|move|p2a: Komala|Body Slam|p1a: Great Tusk\n|-damage|p1a: Great Tusk|208/304\n|\n|-heal|p1a: Great Tusk|227/304|[from] item: Leftovers\n|upkeep\n|turn|14\n|inactive|KasaiSV has 120 seconds left.\n|inactive|LavaDirt has 120 seconds left.\n|\n|t:|1782863671\n|switch|p2a: Landorus|Landorus-Therian, L76, M|260/260\n|-ability|p2a: Landorus|Intimidate|boost\n|-unboost|p1a: Great Tusk|atk|1\n|move|p1a: Great Tusk|Close Combat|p2a: Landorus\n|-resisted|p2a: Landorus\n|-damage|p2a: Landorus|212/260\n|-unboost|p1a: Great Tusk|def|1\n|-unboost|p1a: Great Tusk|spd|1\n|\n|-heal|p2a: Landorus|228/260|[from] item: Leftovers\n|-heal|p1a: Great Tusk|246/304|[from] item: Leftovers\n|upkeep\n|turn|15\n|inactive|KasaiSV has 120 seconds left.\n|\n|t:|1782863694\n|-end|p1a: Great Tusk|Protosynthesis|[silent]\n|switch|p1a: Glaceon|Glaceon, L94, M|275/275\n|move|p2a: Landorus|U-turn|p1a: Glaceon\n|-damage|p1a: Glaceon|229/275\n|\n|t:|1782863701\n|switch|p2a: Umbreon|Umbreon, L84, M|106/297|[from] U-turn\n|\n|upkeep\n|turn|16\n|inactive|KasaiSV has 120 seconds left.\n|\n|t:|1782863713\n|switch|p1a: Snorlax|Snorlax, L82, M|397/397\n|move|p2a: Umbreon|Wish|p2a: Umbreon\n|\n|upkeep\n|turn|17\n|inactive|KasaiSV has 120 seconds left.\n|\n|t:|1782863720\n|move|p2a: Umbreon|Protect|p2a: Umbreon\n|-singleturn|p2a: Umbreon|Protect\n|move|p1a: Snorlax|Curse|p1a: Snorlax\n|-unboost|p1a: Snorlax|spe|1\n|-boost|p1a: Snorlax|atk|1\n|-boost|p1a: Snorlax|def|1\n|\n|-heal|p2a: Umbreon|254/297|[from] move: Wish|[wisher] Umbreon\n|upkeep\n|turn|18\n|\n|t:|1782863728\n|move|p2a: Umbreon|Toxic|p1a: Snorlax|[miss]\n|-miss|p2a: Umbreon|p1a: Snorlax\n|move|p1a: Snorlax|Body Slam|p2a: Umbreon\n|-damage|p2a: Umbreon|128/297\n|\n|upkeep\n|turn|19\n|\n|t:|1782863734\n|move|p2a: Umbreon|Protect|p2a: Umbreon\n|-singleturn|p2a: Umbreon|Protect\n|move|p1a: Snorlax|Body Slam|p2a: Umbreon\n|-activate|p2a: Umbreon|move: Protect\n|\n|upkeep\n|turn|20\n|\n|t:|1782863742\n|switch|p2a: Landorus|Landorus-Therian, L76, M|228/260\n|-ability|p2a: Landorus|Intimidate|boost\n|-unboost|p1a: Snorlax|atk|1\n|move|p1a: Snorlax|Body Slam|p2a: Landorus\n|-damage|p2a: Landorus|120/260\n|-status|p2a: Landorus|par\n|\n|-heal|p2a: Landorus|136/260 par|[from] item: Leftovers\n|upkeep\n|turn|21\n|\n|t:|1782863754\n|switch|p2a: Scream Tail|Scream Tail, L84|238/330\n|move|p1a: Snorlax|Curse|p1a: Snorlax\n|-unboost|p1a: Snorlax|spe|1\n|-boost|p1a: Snorlax|atk|1\n|-boost|p1a: Snorlax|def|1\n|\n|-heal|p2a: Scream Tail|258/330|[from] item: Leftovers\n|upkeep\n|turn|22\n|\n|t:|1782863762\n|move|p2a: Scream Tail|Encore|p1a: Snorlax\n|-start|p1a: Snorlax|Encore\n|move|p1a: Snorlax|Curse|p1a: Snorlax\n|-unboost|p1a: Snorlax|spe|1\n|-boost|p1a: Snorlax|atk|1\n|-boost|p1a: Snorlax|def|1\n|\n|-heal|p2a: Scream Tail|278/330|[from] item: Leftovers\n|upkeep\n|turn|23\n|\n|t:|1782863787\n|switch|p1a: Tropius|Tropius, L91, F|328/328\n|move|p2a: Scream Tail|Wish|p2a: Scream Tail\n|\n|-heal|p2a: Scream Tail|298/330|[from] item: Leftovers\n|upkeep\n|turn|24\n|\n|t:|1782863794\n|move|p2a: Scream Tail|Play Rough|p1a: Tropius\n|-damage|p1a: Tropius|261/328\n|move|p1a: Tropius|Leech Seed|p2a: Scream Tail\n|-start|p2a: Scream Tail|move: Leech Seed\n|\n|-heal|p2a: Scream Tail|330/330|[from] move: Wish|[wisher] Scream Tail\n|-damage|p2a: Scream Tail|289/330|[from] Leech Seed|[of] p1a: Tropius\n|-heal|p1a: Tropius|302/328|[silent]\n|upkeep\n|turn|25\n|\n|t:|1782863807\n|switch|p1a: Glaceon|Glaceon, L94, M|229/275\n|move|p2a: Scream Tail|Encore||[still]\n|-fail|p2a: Scream Tail\n|\n|-heal|p2a: Scream Tail|309/330|[from] item: Leftovers\n|-damage|p2a: Scream Tail|268/330|[from] Leech Seed|[of] p1a: Glaceon\n|-heal|p1a: Glaceon|270/275|[silent]\n|upkeep\n|turn|26\n|\n|t:|1782863818\n|move|p2a: Scream Tail|Wish|p2a: Scream Tail\n|move|p1a: Glaceon|Freeze-Dry|p2a: Scream Tail\n|-damage|p2a: Scream Tail|169/330\n|\n|-heal|p2a: Scream Tail|189/330|[from] item: Leftovers\n|-damage|p2a: Scream Tail|148/330|[from] Leech Seed|[of] p1a: Glaceon\n|-heal|p1a: Glaceon|275/275|[silent]\n|upkeep\n|turn|27\n|\n|t:|1782863827\n|move|p2a: Scream Tail|Protect|p2a: Scream Tail\n|-singleturn|p2a: Scream Tail|Protect\n|move|p1a: Glaceon|Freeze-Dry|p2a: Scream Tail\n|-activate|p2a: Scream Tail|move: Protect\n|\n|-heal|p2a: Scream Tail|313/330|[from] move: Wish|[wisher] Scream Tail\n|-heal|p2a: Scream Tail|330/330|[from] item: Leftovers\n|-damage|p2a: Scream Tail|289/330|[from] Leech Seed|[of] p1a: Glaceon\n|upkeep\n|turn|28\n|\n|t:|1782863838\n|move|p2a: Scream Tail|Wish|p2a: Scream Tail\n|move|p1a: Glaceon|Freeze-Dry|p2a: Scream Tail\n|-damage|p2a: Scream Tail|196/330\n|\n|-heal|p2a: Scream Tail|216/330|[from] item: Leftovers\n|-damage|p2a: Scream Tail|175/330|[from] Leech Seed|[of] p1a: Glaceon\n|upkeep\n|turn|29\n|\n|t:|1782863849\n|-end|p2a: Scream Tail|Protosynthesis|[silent]\n|switch|p2a: Umbreon|Umbreon, L84, M|128/297\n|move|p1a: Glaceon|Freeze-Dry|p2a: Umbreon\n|-damage|p2a: Umbreon|47/297\n|\n|-heal|p2a: Umbreon|212/297|[from] move: Wish|[wisher] Scream Tail\n|upkeep\n|turn|30\n|\n|t:|1782863858\n|switch|p1a: Snorlax|Snorlax, L82, M|397/397\n|move|p2a: Umbreon|Toxic|p1a: Snorlax\n|-status|p1a: Snorlax|tox\n|\n|-damage|p1a: Snorlax|373/397 tox|[from] psn\n|upkeep\n|turn|31\n|\n|t:|1782863865\n|switch|p2a: Landorus|Landorus-Therian, L76, M|136/260 par\n|-ability|p2a: Landorus|Intimidate|boost\n|-unboost|p1a: Snorlax|atk|1\n|move|p1a: Snorlax|Body Slam|p2a: Landorus\n|-damage|p2a: Landorus|72/260 par\n|\n|-heal|p2a: Landorus|88/260 par|[from] item: Leftovers\n|-damage|p1a: Snorlax|325/397 tox|[from] psn\n|upkeep\n|turn|32\n|\n|t:|1782863876\n|switch|p2a: Umbreon|Umbreon, L84, M|212/297\n|move|p1a: Snorlax|Curse|p1a: Snorlax\n|-unboost|p1a: Snorlax|spe|1\n|-boost|p1a: Snorlax|atk|1\n|-boost|p1a: Snorlax|def|1\n|\n|-damage|p1a: Snorlax|253/397 tox|[from] psn\n|upkeep\n|turn|33\n|\n|t:|1782863896\n|move|p2a: Umbreon|Wish|p2a: Umbreon\n|move|p1a: Snorlax|Body Slam||[still]\n|-damage|p2a: Umbreon|130/297\n|-status|p2a: Umbreon|par\n|-activate|p2a: Umbreon|ability: Synchronize\n|-fail|p2a: Umbreon\n|\n|-damage|p1a: Snorlax|157/397 tox|[from] psn\n|upkeep\n|turn|34\n|\n|t:|1782863908\n|switch|p2a: Landorus|Landorus-Therian, L76, M|88/260 par\n|-ability|p2a: Landorus|Intimidate|boost\n|-unboost|p1a: Snorlax|atk|1\n|move|p1a: Snorlax|Rest|p1a: Snorlax\n|-status|p1a: Snorlax|slp|[from] move: Rest\n|-heal|p1a: Snorlax|397/397 slp|[silent]\n|-enditem|p1a: Snorlax|Chesto Berry|[eat]\n|-curestatus|p1a: Snorlax|slp|[msg]\n|\n|-heal|p2a: Landorus|236/260 par|[from] move: Wish|[wisher] Umbreon\n|-heal|p2a: Landorus|252/260 par|[from] item: Leftovers\n|upkeep\n|turn|35\n|\n|t:|1782863927\n|switch|p1a: Glaceon|Glaceon, L94, M|275/275\n|move|p2a: Landorus|Taunt|p1a: Glaceon\n|-start|p1a: Glaceon|move: Taunt\n|\n|-heal|p2a: Landorus|260/260 par|[from] item: Leftovers\n|upkeep\n|turn|36\n|\n|t:|1782863939\n|switch|p2a: Komala|Komala, L88, F|189/258\n|-ability|p2a: Komala|Comatose\n|move|p1a: Glaceon|Freeze-Dry|p2a: Komala\n|-damage|p2a: Komala|119/258\n|\n|upkeep\n|turn|37\n|\n|t:|1782863952\n|switch|p1a: Great Tusk|Great Tusk, L77|246/304\n|move|p2a: Komala|Body Slam|p1a: Great Tusk\n|-damage|p1a: Great Tusk|153/304\n|-status|p1a: Great Tusk|par\n|\n|-heal|p1a: Great Tusk|172/304 par|[from] item: Leftovers\n|upkeep\n|turn|38\n|\n|t:|1782863968\n|switch|p2a: Landorus|Landorus-Therian, L76, M|260/260 par\n|-ability|p2a: Landorus|Intimidate|boost\n|-unboost|p1a: Great Tusk|atk|1\n|move|p1a: Great Tusk|Earthquake|p2a: Landorus\n|-immune|p2a: Landorus\n|\n|-heal|p1a: Great Tusk|191/304 par|[from] item: Leftovers\n|upkeep\n|turn|39\n|\n|t:|1782863980\n|-end|p1a: Great Tusk|Protosynthesis|[silent]\n|switch|p1a: Tropius|Tropius, L91, F|302/328\n|move|p2a: Landorus|U-turn|p1a: Tropius\n|-damage|p1a: Tropius|251/328\n|\n|t:|1782863995\n|switch|p2a: Umbreon|Umbreon, L84, M|130/297 par|[from] U-turn\n|\n|upkeep\n|turn|40\n|\n|t:|1782864003\n|move|p1a: Tropius|Substitute|p1a: Tropius\n|-start|p1a: Tropius|Substitute\n|-damage|p1a: Tropius|169/328\n|move|p2a: Umbreon|Toxic||[still]\n|-fail|p2a: Umbreon\n|\n|upkeep\n|turn|41\n|\n|t:|1782864011\n|switch|p2a: Scream Tail|Scream Tail, L84|175/330\n|move|p1a: Tropius|Leech Seed|p2a: Scream Tail\n|-start|p2a: Scream Tail|move: Leech Seed\n|\n|-heal|p2a: Scream Tail|195/330|[from] item: Leftovers\n|-damage|p2a: Scream Tail|154/330|[from] Leech Seed|[of] p1a: Tropius\n|-heal|p1a: Tropius|210/328|[silent]\n|upkeep\n|turn|42\n|\n|t:|1782864020\n|move|p2a: Scream Tail|Encore|p1a: Tropius\n|-start|p1a: Tropius|Encore\n|move|p1a: Tropius|Leech Seed||[still]\n|-fail|p1a: Tropius\n|\n|-heal|p2a: Scream Tail|174/330|[from] item: Leftovers\n|-damage|p2a: Scream Tail|133/330|[from] Leech Seed|[of] p1a: Tropius\n|-heal|p1a: Tropius|251/328|[silent]\n|upkeep\n|turn|43\n|\n|t:|1782864033\n|switch|p1a: Snorlax|Snorlax, L82, M|397/397\n|move|p2a: Scream Tail|Wish|p2a: Scream Tail\n|\n|-heal|p2a: Scream Tail|153/330|[from] item: Leftovers\n|-damage|p2a: Scream Tail|112/330|[from] Leech Seed|[of] p1a: Snorlax\n|upkeep\n|turn|44\n|\n|t:|1782864042\n|move|p2a: Scream Tail|Protect|p2a: Scream Tail\n|-singleturn|p2a: Scream Tail|Protect\n|move|p1a: Snorlax|Body Slam|p2a: Scream Tail\n|-activate|p2a: Scream Tail|move: Protect\n|\n|-heal|p2a: Scream Tail|277/330|[from] move: Wish|[wisher] Scream Tail\n|-heal|p2a: Scream Tail|297/330|[from] item: Leftovers\n|-damage|p2a: Scream Tail|256/330|[from] Leech Seed|[of] p1a: Snorlax\n|upkeep\n|turn|45\n|\n|t:|1782864052\n|-end|p2a: Scream Tail|Protosynthesis|[silent]\n|switch|p2a: Landorus|Landorus-Therian, L76, M|260/260 par\n|-ability|p2a: Landorus|Intimidate|boost\n|-unboost|p1a: Snorlax|atk|1\n|move|p1a: Snorlax|Body Slam|p2a: Landorus\n|-damage|p2a: Landorus|197/260 par\n|\n|-heal|p2a: Landorus|213/260 par|[from] item: Leftovers\n|upkeep\n|turn|46\n|\n|t:|1782864063\n|move|p1a: Snorlax|Curse|p1a: Snorlax\n|-unboost|p1a: Snorlax|spe|1\n|-boost|p1a: Snorlax|atk|1\n|-boost|p1a: Snorlax|def|1\n|move|p2a: Landorus|U-turn|p1a: Snorlax\n|-damage|p1a: Snorlax|350/397\n|\n|t:|1782864069\n|switch|p2a: Scream Tail|Scream Tail, L84|256/330|[from] U-turn\n|\n|-heal|p2a: Scream Tail|276/330|[from] item: Leftovers\n|upkeep\n|turn|47\n|\n|t:|1782864074\n|switch|p1a: Tropius|Tropius, L91, F|251/328\n|move|p2a: Scream Tail|Wish|p2a: Scream Tail\n|\n|-heal|p2a: Scream Tail|296/330|[from] item: Leftovers\n|upkeep\n|turn|48\n|\n|t:|1782864080\n|-end|p2a: Scream Tail|Protosynthesis|[silent]\n|switch|p2a: Umbreon|Umbreon, L84, M|130/297 par\n|move|p1a: Tropius|Leech Seed|p2a: Umbreon|[miss]\n|-miss|p1a: Tropius|p2a: Umbreon\n|\n|-heal|p2a: Umbreon|295/297 par|[from] move: Wish|[wisher] Scream Tail\n|upkeep\n|turn|49\n|\n|t:|1782864096\n|cant|p2a: Umbreon|par\n|move|p1a: Tropius|Substitute|p1a: Tropius\n|-start|p1a: Tropius|Substitute\n|-damage|p1a: Tropius|169/328\n|\n|upkeep\n|turn|50\n|\n|t:|1782864101\n|switch|p2a: Scream Tail|Scream Tail, L84|296/330\n|move|p1a: Tropius|Leech Seed|p2a: Scream Tail|[miss]\n|-miss|p1a: Tropius|p2a: Scream Tail\n|\n|-heal|p2a: Scream Tail|316/330|[from] item: Leftovers\n|upkeep\n|turn|51\n|\n|t:|1782864108\n|move|p2a: Scream Tail|Encore|p1a: Tropius\n|-start|p1a: Tropius|Encore\n|move|p1a: Tropius|Leech Seed|p2a: Scream Tail\n|-start|p2a: Scream Tail|move: Leech Seed\n|\n|-heal|p2a: Scream Tail|330/330|[from] item: Leftovers\n|-damage|p2a: Scream Tail|289/330|[from] Leech Seed|[of] p1a: Tropius\n|-heal|p1a: Tropius|210/328|[silent]\n|upkeep\n|turn|52\n|\n|t:|1782864116\n|move|p2a: Scream Tail|Play Rough|p1a: Tropius\n|-activate|p1a: Tropius|move: Substitute|[damage]\n|move|p1a: Tropius|Leech Seed||[still]\n|-fail|p1a: Tropius\n|\n|-heal|p2a: Scream Tail|309/330|[from] item: Leftovers\n|-damage|p2a: Scream Tail|268/330|[from] Leech Seed|[of] p1a: Tropius\n|-heal|p1a: Tropius|251/328|[silent]\n|upkeep\n|turn|53\n|\n|t:|1782864126\n|move|p2a: Scream Tail|Play Rough|p1a: Tropius\n|-end|p1a: Tropius|Substitute\n|move|p1a: Tropius|Leech Seed|p2a: Scream Tail|[miss]\n|-miss|p1a: Tropius|p2a: Scream Tail\n|\n|-heal|p2a: Scream Tail|288/330|[from] item: Leftovers\n|-damage|p2a: Scream Tail|247/330|[from] Leech Seed|[of] p1a: Tropius\n|-heal|p1a: Tropius|292/328|[silent]\n|-end|p1a: Tropius|Encore\n|upkeep\n|turn|54\n|c|\u2606LavaDirt|this is awful\n|\n|t:|1782864139\n|switch|p1a: Great Tusk|Great Tusk, L77|191/304 par\n|move|p2a: Scream Tail|Encore||[still]\n|-fail|p2a: Scream Tail\n|\n|-heal|p2a: Scream Tail|267/330|[from] item: Leftovers\n|-heal|p1a: Great Tusk|210/304 par|[from] item: Leftovers\n|-damage|p2a: Scream Tail|226/330|[from] Leech Seed|[of] p1a: Great Tusk\n|-heal|p1a: Great Tusk|251/304 par|[silent]\n|upkeep\n|turn|55\n|\n|t:|1782864150\n|-end|p2a: Scream Tail|Protosynthesis|[silent]\n|switch|p2a: Landorus|Landorus-Therian, L76, M|213/260 par\n|-ability|p2a: Landorus|Intimidate|boost\n|-unboost|p1a: Great Tusk|atk|1\n|move|p1a: Great Tusk|Earthquake|p2a: Landorus\n|-immune|p2a: Landorus\n|\n|-heal|p2a: Landorus|229/260 par|[from] item: Leftovers\n|-heal|p1a: Great Tusk|270/304 par|[from] item: Leftovers\n|upkeep\n|turn|56\n|\n|t:|1782864162\n|-end|p1a: Great Tusk|Protosynthesis|[silent]\n|switch|p1a: Snorlax|Snorlax, L82, M|350/397\n|move|p2a: Landorus|Taunt|p1a: Snorlax\n|-start|p1a: Snorlax|move: Taunt\n|\n|-heal|p2a: Landorus|245/260 par|[from] item: Leftovers\n|upkeep\n|turn|57\n|\n|t:|1782864172\n|move|p1a: Snorlax|Body Slam|p2a: Landorus\n|-damage|p2a: Landorus|136/260 par\n|move|p2a: Landorus|Earthquake|p1a: Snorlax\n|-damage|p1a: Snorlax|193/397\n|\n|-heal|p2a: Landorus|152/260 par|[from] item: Leftovers\n|upkeep\n|turn|58\n|\n|t:|1782864185\n|switch|p2a: Umbreon|Umbreon, L84, M|295/297 par\n|move|p1a: Snorlax|Body Slam|p2a: Umbreon\n|-damage|p2a: Umbreon|213/297 par\n|\n|-end|p1a: Snorlax|move: Taunt\n|upkeep\n|turn|59\n|\n|t:|1782864195\n|switch|p1a: Great Tusk|Great Tusk, L77|270/304 par\n|move|p2a: Umbreon|Wish|p2a: Umbreon\n|\n|-heal|p1a: Great Tusk|289/304 par|[from] item: Leftovers\n|upkeep\n|turn|60\n|\n|t:|1782864210\n|switch|p2a: Landorus|Landorus-Therian, L76, M|152/260 par\n|-ability|p2a: Landorus|Intimidate|boost\n|-unboost|p1a: Great Tusk|atk|1\n|move|p1a: Great Tusk|Bulk Up|p1a: Great Tusk\n|-boost|p1a: Great Tusk|atk|1\n|-boost|p1a: Great Tusk|def|1\n|\n|-heal|p2a: Landorus|260/260 par|[from] move: Wish|[wisher] Umbreon\n|-heal|p1a: Great Tusk|304/304 par|[from] item: Leftovers\n|upkeep\n|turn|61\n|\n|t:|1782864221\n|cant|p2a: Landorus|par\n|move|p1a: Great Tusk|Stone Edge|p2a: Landorus\n|-damage|p2a: Landorus|180/260 par\n|\n|-heal|p2a: Landorus|196/260 par|[from] item: Leftovers\n|upkeep\n|turn|62\n|\n|t:|1782864232\n|cant|p2a: Landorus|par\n|cant|p1a: Great Tusk|par\n|\n|-heal|p2a: Landorus|212/260 par|[from] item: Leftovers\n|upkeep\n|turn|63\n|\n|t:|1782864238\n|cant|p2a: Landorus|par\n|move|p1a: Great Tusk|Stone Edge|p2a: Landorus\n|-crit|p2a: Landorus\n|-damage|p2a: Landorus|100/260 par\n|\n|-heal|p2a: Landorus|116/260 par|[from] item: Leftovers\n|upkeep\n|turn|64\n|\n|t:|1782864255\n|switch|p2a: Scream Tail|Scream Tail, L84|226/330\n|move|p1a: Great Tusk|Close Combat|p2a: Scream Tail\n|-resisted|p2a: Scream Tail\n|-damage|p2a: Scream Tail|195/330\n|-unboost|p1a: Great Tusk|def|1\n|-unboost|p1a: Great Tusk|spd|1\n|\n|-heal|p2a: Scream Tail|215/330|[from] item: Leftovers\n|upkeep\n|turn|65\n|\n|t:|1782864275\n|-end|p1a: Great Tusk|Protosynthesis|[silent]\n|switch|p1a: Tropius|Tropius, L91, F|292/328\n|move|p2a: Scream Tail|Wish|p2a: Scream Tail\n|\n|-heal|p2a: Scream Tail|235/330|[from] item: Leftovers\n|upkeep\n|turn|66\n|\n|t:|1782864288\n|move|p2a: Scream Tail|Protect|p2a: Scream Tail\n|-singleturn|p2a: Scream Tail|Protect\n|move|p1a: Tropius|Leech Seed|p2a: Scream Tail\n|-activate|p2a: Scream Tail|move: Protect\n|\n|-heal|p2a: Scream Tail|330/330|[from] move: Wish|[wisher] Scream Tail\n|upkeep\n|turn|67\n|\n|t:|1782864295\n|move|p2a: Scream Tail|Encore|p1a: Tropius\n|-start|p1a: Tropius|Encore\n|move|p1a: Tropius|Leech Seed|p2a: Scream Tail\n|-start|p2a: Scream Tail|move: Leech Seed\n|\n|-damage|p2a: Scream Tail|289/330|[from] Leech Seed|[of] p1a: Tropius\n|-heal|p1a: Tropius|328/328|[silent]\n|upkeep\n|turn|68\n|\n|t:|1782864309\n|switch|p1a: Glaceon|Glaceon, L94, M|275/275\n|move|p2a: Scream Tail|Wish|p2a: Scream Tail\n|\n|-heal|p2a: Scream Tail|309/330|[from] item: Leftovers\n|-damage|p2a: Scream Tail|268/330|[from] Leech Seed|[of] p1a: Glaceon\n|upkeep\n|turn|69\n|\n|t:|1782864320\n|-end|p2a: Scream Tail|Protosynthesis|[silent]\n|switch|p2a: Komala|Komala, L88, F|119/258\n|-ability|p2a: Komala|Comatose\n|move|p1a: Glaceon|Calm Mind|p1a: Glaceon\n|-boost|p1a: Glaceon|spa|1\n|-boost|p1a: Glaceon|spd|1\n|\n|-heal|p2a: Komala|258/258|[from] move: Wish|[wisher] Scream Tail\n|upkeep\n|turn|70\n|\n|t:|1782864330\n|move|p1a: Glaceon|Protect|p1a: Glaceon\n|-singleturn|p1a: Glaceon|Protect\n|move|p2a: Komala|Body Slam|p1a: Glaceon\n|-activate|p1a: Glaceon|move: Protect\n|\n|upkeep\n|turn|71\n|\n|t:|1782864336\n|switch|p1a: Great Tusk|Great Tusk, L77|304/304 par\n|move|p2a: Komala|Knock Off|p1a: Great Tusk\n|-resisted|p1a: Great Tusk\n|-damage|p1a: Great Tusk|271/304 par\n|-enditem|p1a: Great Tusk|Leftovers|[from] move: Knock Off|[of] p2a: Komala\n|\n|upkeep\n|turn|72\n|\n|t:|1782864344\n|move|p2a: Komala|U-turn|p1a: Great Tusk\n|-resisted|p1a: Great Tusk\n|-damage|p1a: Great Tusk|248/304 par\n|\n|t:|1782864347\n|switch|p2a: Scream Tail|Scream Tail, L84|268/330|[from] U-turn\n|cant|p1a: Great Tusk|par\n|\n|-heal|p2a: Scream Tail|288/330|[from] item: Leftovers\n|upkeep\n|turn|73\n|\n|t:|1782864359\n|-end|p1a: Great Tusk|Protosynthesis|[silent]\n|switch|p1a: Snorlax|Snorlax, L82, M|193/397\n|move|p2a: Scream Tail|Wish|p2a: Scream Tail\n|\n|-heal|p2a: Scream Tail|308/330|[from] item: Leftovers\n|upkeep\n|turn|74\n|\n|t:|1782864373\n|-end|p2a: Scream Tail|Protosynthesis|[silent]\n|switch|p2a: Landorus|Landorus-Therian, L76, M|116/260 par\n|-ability|p2a: Landorus|Intimidate|boost\n|-unboost|p1a: Snorlax|atk|1\n|move|p1a: Snorlax|Curse|p1a: Snorlax\n|-unboost|p1a: Snorlax|spe|1\n|-boost|p1a: Snorlax|atk|1\n|-boost|p1a: Snorlax|def|1\n|\n|-heal|p2a: Landorus|260/260 par|[from] move: Wish|[wisher] Scream Tail\n|upkeep\n|turn|75\n|\n|t:|1782864389\n|move|p2a: Landorus|U-turn|p1a: Snorlax\n|-damage|p1a: Snorlax|147/397\n|\n|t:|1782864394\n|switch|p2a: Komala|Komala, L88, F|258/258|[from] U-turn\n|-ability|p2a: Komala|Comatose\n|move|p1a: Snorlax|Curse|p1a: Snorlax\n|-unboost|p1a: Snorlax|spe|1\n|-boost|p1a: Snorlax|atk|1\n|-boost|p1a: Snorlax|def|1\n|\n|upkeep\n|turn|76\n|\n|t:|1782864404\n|move|p2a: Komala|Body Slam|p1a: Snorlax\n|-damage|p1a: Snorlax|78/397\n|move|p1a: Snorlax|Body Slam|p2a: Komala\n|-damage|p2a: Komala|99/258\n|\n|upkeep\n|turn|77\n|\n|t:|1782864416\n|switch|p2a: Landorus|Landorus-Therian, L76, M|260/260 par\n|-ability|p2a: Landorus|Intimidate|boost\n|-unboost|p1a: Snorlax|atk|1\n|move|p1a: Snorlax|Body Slam|p2a: Landorus\n|-damage|p2a: Landorus|149/260 par\n|\n|-heal|p2a: Landorus|165/260 par|[from] item: Leftovers\n|upkeep\n|turn|78\n|\n|t:|1782864425\n|move|p2a: Landorus|U-turn|p1a: Snorlax\n|-damage|p1a: Snorlax|44/397\n|\n|t:|1782864432\n|switch|p2a: Umbreon|Umbreon, L84, M|213/297 par|[from] U-turn\n|move|p1a: Snorlax|Rest|p1a: Snorlax\n|-status|p1a: Snorlax|slp|[from] move: Rest\n|-heal|p1a: Snorlax|397/397 slp|[silent]\n|\n|upkeep\n|turn|79\n|\n|t:|1782864443\n|move|p2a: Umbreon|Wish|p2a: Umbreon\n|cant|p1a: Snorlax|slp\n|\n|upkeep\n|turn|80\n|\n|t:|1782864449\n|switch|p2a: Komala|Komala, L88, F|99/258\n|-ability|p2a: Komala|Comatose\n|cant|p1a: Snorlax|slp\n|\n|-heal|p2a: Komala|247/258|[from] move: Wish|[wisher] Umbreon\n|upkeep\n|turn|81\n|\n|t:|1782864468\n|switch|p2a: Landorus|Landorus-Therian, L76, M|165/260 par\n|-ability|p2a: Landorus|Intimidate|boost\n|-unboost|p1a: Snorlax|atk|1\n|switch|p1a: Great Tusk|Great Tusk, L77|248/304 par\n|\n|-heal|p2a: Landorus|181/260 par|[from] item: Leftovers\n|upkeep\n|turn|82\n|\n|t:|1782864481\n|move|p2a: Landorus|U-turn|p1a: Great Tusk\n|-resisted|p1a: Great Tusk\n|-damage|p1a: Great Tusk|227/304 par\n|\n|t:|1782864490\n|switch|p2a: Scream Tail|Scream Tail, L84|308/330|[from] U-turn\n|move|p1a: Great Tusk|Bulk Up|p1a: Great Tusk\n|-boost|p1a: Great Tusk|atk|1\n|-boost|p1a: Great Tusk|def|1\n|\n|-heal|p2a: Scream Tail|328/330|[from] item: Leftovers\n|upkeep\n|turn|83\n|\n|t:|1782864499\n|move|p2a: Scream Tail|Play Rough|p1a: Great Tusk\n|-supereffective|p1a: Great Tusk\n|-damage|p1a: Great Tusk|149/304 par\n|cant|p1a: Great Tusk|par\n|\n|-heal|p2a: Scream Tail|330/330|[from] item: Leftovers\n|upkeep\n|turn|84\n|\n|t:|1782864512\n|-end|p2a: Scream Tail|Protosynthesis|[silent]\n|switch|p2a: Landorus|Landorus-Therian, L76, M|181/260 par\n|-ability|p2a: Landorus|Intimidate|boost\n|-unboost|p1a: Great Tusk|atk|1\n|-end|p1a: Great Tusk|Protosynthesis|[silent]\n|switch|p1a: Tropius|Tropius, L91, F|328/328\n|\n|-heal|p2a: Landorus|197/260 par|[from] item: Leftovers\n|upkeep\n|turn|85\n|\n|t:|1782864523\n|move|p1a: Tropius|Substitute|p1a: Tropius\n|-start|p1a: Tropius|Substitute\n|-damage|p1a: Tropius|246/328\n|move|p2a: Landorus|Taunt|p1a: Tropius\n|-start|p1a: Tropius|move: Taunt\n|\n|-heal|p2a: Landorus|213/260 par|[from] item: Leftovers\n|upkeep\n|turn|86\n|\n|t:|1782864531\n|move|p1a: Tropius|Air Slash|p2a: Landorus\n|-damage|p2a: Landorus|131/260 par\n|cant|p2a: Landorus|par\n|\n|-heal|p2a: Landorus|147/260 par|[from] item: Leftovers\n|upkeep\n|turn|87\n|\n|t:|1782864539\n|switch|p2a: Scream Tail|Scream Tail, L84|330/330\n|move|p1a: Tropius|Air Slash|p2a: Scream Tail\n|-damage|p2a: Scream Tail|264/330\n|\n|-heal|p2a: Scream Tail|284/330|[from] item: Leftovers\n|upkeep\n|turn|88\n|\n|t:|1782864552\n|move|p2a: Scream Tail|Play Rough|p1a: Tropius\n|-activate|p1a: Tropius|move: Substitute|[damage]\n|move|p1a: Tropius|Air Slash|p2a: Scream Tail\n|-damage|p2a: Scream Tail|223/330\n|\n|-heal|p2a: Scream Tail|243/330|[from] item: Leftovers\n|-end|p1a: Tropius|move: Taunt\n|upkeep\n|turn|89\n|\n|t:|1782864560\n|move|p2a: Scream Tail|Play Rough|p1a: Tropius\n|-crit|p1a: Tropius\n|-end|p1a: Tropius|Substitute\n|move|p1a: Tropius|Leech Seed|p2a: Scream Tail|[miss]\n|-miss|p1a: Tropius|p2a: Scream Tail\n|\n|-heal|p2a: Scream Tail|263/330|[from] item: Leftovers\n|upkeep\n|turn|90\n|\n|t:|1782864572\n|-end|p2a: Scream Tail|Protosynthesis|[silent]\n|switch|p2a: Komala|Komala, L88, F|247/258\n|-ability|p2a: Komala|Comatose\n|move|p1a: Tropius|Leech Seed|p2a: Komala\n|-start|p2a: Komala|move: Leech Seed\n|\n|-damage|p2a: Komala|215/258|[from] Leech Seed|[of] p1a: Tropius\n|-heal|p1a: Tropius|278/328|[silent]\n|upkeep\n|turn|91\n|\n|t:|1782864593\n|move|p1a: Tropius|Protect|p1a: Tropius\n|-singleturn|p1a: Tropius|Protect\n|move|p2a: Komala|Rapid Spin|p1a: Tropius\n|-activate|p1a: Tropius|move: Protect\n|\n|-damage|p2a: Komala|183/258|[from] Leech Seed|[of] p1a: Tropius\n|-heal|p1a: Tropius|310/328|[silent]\n|upkeep\n|turn|92\n|\n|t:|1782864601\n|move|p2a: Komala|Rapid Spin|p1a: Tropius\n|-damage|p1a: Tropius|246/328\n|-boost|p2a: Komala|spe|1\n|-end|p2a: Komala|Leech Seed|[from] move: Rapid Spin|[of] p2a: Komala\n|move|p1a: Tropius|Substitute|p1a: Tropius\n|-start|p1a: Tropius|Substitute\n|-damage|p1a: Tropius|164/328\n|-enditem|p1a: Tropius|Sitrus Berry|[eat]\n|-heal|p1a: Tropius|246/328|[from] item: Sitrus Berry\n|\n|upkeep\n|turn|93\n|\n|t:|1782864611\n|move|p2a: Komala|Knock Off|p1a: Tropius\n|-activate|p1a: Tropius|move: Substitute|[damage]\n|move|p1a: Tropius|Air Slash|p2a: Komala\n|-damage|p2a: Komala|138/258\n|\n|-item|p1a: Tropius|Sitrus Berry|[from] ability: Harvest\n|upkeep\n|turn|94\n|\n|t:|1782864618\n|move|p2a: Komala|Knock Off|p1a: Tropius\n|-end|p1a: Tropius|Substitute\n|move|p1a: Tropius|Air Slash|p2a: Komala\n|-damage|p2a: Komala|92/258\n|\n|upkeep\n|turn|95\n|\n|t:|1782864628\n|switch|p1a: Snorlax|Snorlax, L82, M|397/397 slp\n|move|p2a: Komala|Knock Off|p1a: Snorlax\n|-damage|p1a: Snorlax|321/397 slp\n|\n|upkeep\n|turn|96\n|\n|t:|1782864636\n|switch|p2a: Umbreon|Umbreon, L84, M|213/297 par\n|-curestatus|p1a: Snorlax|slp|[msg]\n|move|p1a: Snorlax|Body Slam|p2a: Umbreon\n|-damage|p2a: Umbreon|137/297 par\n|\n|upkeep\n|turn|97\n|\n|t:|1782864643\n|move|p1a: Snorlax|Curse|p1a: Snorlax\n|-unboost|p1a: Snorlax|spe|1\n|-boost|p1a: Snorlax|atk|1\n|-boost|p1a: Snorlax|def|1\n|move|p2a: Umbreon|Toxic|p1a: Snorlax\n|-status|p1a: Snorlax|tox\n|\n|-damage|p1a: Snorlax|297/397 tox|[from] psn\n|upkeep\n|turn|98\n|\n|t:|1782864653\n|switch|p2a: Landorus|Landorus-Therian, L76, M|147/260 par\n|-ability|p2a: Landorus|Intimidate|boost\n|-unboost|p1a: Snorlax|atk|1\n|move|p1a: Snorlax|Body Slam|p2a: Landorus\n|-damage|p2a: Landorus|50/260 par\n|\n|-heal|p2a: Landorus|66/260 par|[from] item: Leftovers\n|-damage|p1a: Snorlax|249/397 tox|[from] psn\n|upkeep\n|turn|99\n|\n|t:|1782864669\n|switch|p2a: Komala|Komala, L88, F|92/258\n|-ability|p2a: Komala|Comatose\n|move|p1a: Snorlax|Body Slam|p2a: Komala\n|-damage|p2a: Komala|0 fnt\n|faint|p2a: Komala\n|\n|-damage|p1a: Snorlax|177/397 tox|[from] psn\n|upkeep\n|\n|t:|1782864674\n|switch|p2a: Barraskewda|Barraskewda, L81, M|231/231\n|turn|100\n|\n|t:|1782864693\n|switch|p1a: Great Tusk|Great Tusk, L77|149/304 par\n|move|p2a: Barraskewda|Close Combat|p1a: Great Tusk\n|-damage|p1a: Great Tusk|32/304 par\n|-unboost|p2a: Barraskewda|def|1\n|-unboost|p2a: Barraskewda|spd|1\n|\n|upkeep\n|turn|101\n|\n|t:|1782864700\n|move|p2a: Barraskewda|Close Combat|p1a: Great Tusk\n|-damage|p1a: Great Tusk|0 fnt\n|-unboost|p2a: Barraskewda|def|1\n|-unboost|p2a: Barraskewda|spd|1\n|faint|p1a: Great Tusk\n|-end|p1a: Great Tusk|Protosynthesis|[silent]\n|\n|upkeep\n|\n|t:|1782864706\n|switch|p1a: Tropius|Tropius, L91, F|246/328\n|turn|102\n|\n|t:|1782864712\n|switch|p2a: Scream Tail|Scream Tail, L84|263/330\n|move|p1a: Tropius|Leech Seed|p2a: Scream Tail\n|-start|p2a: Scream Tail|move: Leech Seed\n|\n|-heal|p2a: Scream Tail|283/330|[from] item: Leftovers\n|-damage|p2a: Scream Tail|242/330|[from] Leech Seed|[of] p1a: Tropius\n|-heal|p1a: Tropius|287/328|[silent]\n|upkeep\n|turn|103\n|\n|t:|1782864723\n|move|p1a: Tropius|Protect|p1a: Tropius\n|-singleturn|p1a: Tropius|Protect\n|move|p2a: Scream Tail|Encore|p1a: Tropius\n|-activate|p1a: Tropius|move: Protect\n|\n|-heal|p2a: Scream Tail|262/330|[from] item: Leftovers\n|-damage|p2a: Scream Tail|221/330|[from] Leech Seed|[of] p1a: Tropius\n|-heal|p1a: Tropius|328/328|[silent]\n|upkeep\n|turn|104\n|\n|t:|1782864733\n|-end|p2a: Scream Tail|Protosynthesis|[silent]\n|switch|p2a: Umbreon|Umbreon, L84, M|137/297 par\n|move|p1a: Tropius|Substitute|p1a: Tropius\n|-start|p1a: Tropius|Substitute\n|-damage|p1a: Tropius|246/328\n|\n|upkeep\n|turn|105\n|inactive|LavaDirt has 120 seconds left.\n|\n|t:|1782864748\n|switch|p2a: Scream Tail|Scream Tail, L84|221/330\n|move|p1a: Tropius|Leech Seed|p2a: Scream Tail\n|-start|p2a: Scream Tail|move: Leech Seed\n|\n|-heal|p2a: Scream Tail|241/330|[from] item: Leftovers\n|-damage|p2a: Scream Tail|200/330|[from] Leech Seed|[of] p1a: Tropius\n|-heal|p1a: Tropius|287/328|[silent]\n|upkeep\n|turn|106\n|\n|t:|1782864756\n|move|p1a: Tropius|Protect|p1a: Tropius\n|-singleturn|p1a: Tropius|Protect\n|move|p2a: Scream Tail|Wish|p2a: Scream Tail\n|\n|-heal|p2a: Scream Tail|220/330|[from] item: Leftovers\n|-damage|p2a: Scream Tail|179/330|[from] Leech Seed|[of] p1a: Tropius\n|-heal|p1a: Tropius|328/328|[silent]\n|upkeep\n|turn|107\n|\n|t:|1782864764\n|-end|p2a: Scream Tail|Protosynthesis|[silent]\n|switch|p2a: Umbreon|Umbreon, L84, M|137/297 par\n|move|p1a: Tropius|Air Slash|p2a: Umbreon\n|-damage|p2a: Umbreon|77/297 par\n|\n|-heal|p2a: Umbreon|242/297 par|[from] move: Wish|[wisher] Scream Tail\n|upkeep\n|turn|108\n|\n|t:|1782864774\n|move|p1a: Tropius|Air Slash|p2a: Umbreon|[miss]\n|-miss|p1a: Tropius|p2a: Umbreon\n|move|p2a: Umbreon|Wish|p2a: Umbreon\n|\n|upkeep\n|turn|109\n|\n|t:|1782864781\n|switch|p2a: Scream Tail|Scream Tail, L84|179/330\n|move|p1a: Tropius|Air Slash|p2a: Scream Tail|[miss]\n|-miss|p1a: Tropius|p2a: Scream Tail\n|\n|-heal|p2a: Scream Tail|327/330|[from] move: Wish|[wisher] Umbreon\n|-heal|p2a: Scream Tail|330/330|[from] item: Leftovers\n|upkeep\n|turn|110\n|\n|t:|1782864790\n|move|p2a: Scream Tail|Wish|p2a: Scream Tail\n|move|p1a: Tropius|Air Slash|p2a: Scream Tail\n|-damage|p2a: Scream Tail|273/330\n|\n|-heal|p2a: Scream Tail|293/330|[from] item: Leftovers\n|upkeep\n|turn|111\n|\n|t:|1782864803\n|-end|p2a: Scream Tail|Protosynthesis|[silent]\n|switch|p2a: Landorus|Landorus-Therian, L76, M|66/260 par\n|-ability|p2a: Landorus|Intimidate|boost\n|-immune|p1a: Tropius\n|move|p1a: Tropius|Air Slash|p2a: Landorus\n|-damage|p2a: Landorus|0 fnt\n|faint|p2a: Landorus\n|\n|upkeep\n|inactive|LavaDirt has 120 seconds left.\n|\n|t:|1782864817\n|switch|p2a: Scream Tail|Scream Tail, L84|293/330\n|turn|112\n|\n|t:|1782864824\n|move|p2a: Scream Tail|Protect|p2a: Scream Tail\n|-singleturn|p2a: Scream Tail|Protect\n|move|p1a: Tropius|Air Slash|p2a: Scream Tail\n|-activate|p2a: Scream Tail|move: Protect\n|\n|-heal|p2a: Scream Tail|313/330|[from] item: Leftovers\n|upkeep\n|turn|113\n|inactive|LavaDirt has 120 seconds left.\n|\n|t:|1782864834\n|-end|p2a: Scream Tail|Protosynthesis|[silent]\n|switch|p2a: Umbreon|Umbreon, L84, M|242/297 par\n|move|p1a: Tropius|Air Slash|p2a: Umbreon\n|-damage|p2a: Umbreon|190/297 par\n|\n|upkeep\n|turn|114\n|inactive|LavaDirt has 120 seconds left.\n|\n|t:|1782864849\n|move|p2a: Umbreon|Protect|p2a: Umbreon\n|-singleturn|p2a: Umbreon|Protect\n|move|p1a: Tropius|Leech Seed|p2a: Umbreon\n|-activate|p2a: Umbreon|move: Protect\n|\n|upkeep\n|turn|115\n|inactive|LavaDirt has 120 seconds left.\n|\n|t:|1782864862\n|switch|p1a: Snorlax|Snorlax, L82, M|177/397 tox\n|switch|p2a: Scream Tail|Scream Tail, L84|313/330\n|\n|-heal|p2a: Scream Tail|330/330|[from] item: Leftovers\n|-damage|p1a: Snorlax|153/397 tox|[from] psn\n|upkeep\n|turn|116\n|inactive|LavaDirt has 120 seconds left.\n|\n|t:|1782864870\n|move|p2a: Scream Tail|Play Rough|p1a: Snorlax\n|-damage|p1a: Snorlax|66/397 tox\n|move|p1a: Snorlax|Rest|p1a: Snorlax\n|-status|p1a: Snorlax|slp|[from] move: Rest\n|-heal|p1a: Snorlax|397/397 slp|[silent]\n|\n|upkeep\n|turn|117\n|\n|t:|1782864880\n|-end|p2a: Scream Tail|Protosynthesis|[silent]\n|switch|p2a: Barraskewda|Barraskewda, L81, M|231/231\n|cant|p1a: Snorlax|slp\n|\n|upkeep\n|turn|118\n|inactive|KasaiSV has 120 seconds left.\n|inactive|LavaDirt has 120 seconds left.\n|\n|t:|1782864902\n|switch|p1a: Glaceon|Glaceon, L94, M|275/275\n|move|p2a: Barraskewda|Close Combat|p1a: Glaceon\n|-supereffective|p1a: Glaceon\n|-damage|p1a: Glaceon|45/275\n|-unboost|p2a: Barraskewda|def|1\n|-unboost|p2a: Barraskewda|spd|1\n|\n|upkeep\n|turn|119\n|inactive|KasaiSV has 90 seconds left.\n|\n|t:|1782864936\n|move|p1a: Glaceon|Protect|p1a: Glaceon\n|-singleturn|p1a: Glaceon|Protect\n|move|p2a: Barraskewda|Close Combat|p1a: Glaceon\n|-activate|p1a: Glaceon|move: Protect\n|\n|upkeep\n|turn|120\n|inactive|KasaiSV has 90 seconds left.\n|\n|t:|1782864945\n|move|p2a: Barraskewda|Close Combat|p1a: Glaceon\n|-supereffective|p1a: Glaceon\n|-damage|p1a: Glaceon|0 fnt\n|-unboost|p2a: Barraskewda|def|1\n|-unboost|p2a: Barraskewda|spd|1\n|faint|p1a: Glaceon\n|\n|upkeep\n|inactive|KasaiSV has 90 seconds left.\n|\n|t:|1782864954\n|switch|p1a: Tropius|Tropius, L91, F|328/328\n|turn|121\n|inactive|KasaiSV has 90 seconds left.\n|\n|t:|1782864960\n|switch|p2a: Umbreon|Umbreon, L84, M|190/297 par\n|move|p1a: Tropius|Substitute|p1a: Tropius\n|-start|p1a: Tropius|Substitute\n|-damage|p1a: Tropius|246/328\n|\n|upkeep\n|turn|122\n|inactive|KasaiSV has 90 seconds left.\n|\n|t:|1782864968\n|move|p1a: Tropius|Air Slash|p2a: Umbreon\n|-damage|p2a: Umbreon|136/297 par\n|move|p2a: Umbreon|Wish|p2a: Umbreon\n|\n|upkeep\n|turn|123\n|inactive|KasaiSV has 90 seconds left.\n|\n|t:|1782864978\n|switch|p1a: Snorlax|Snorlax, L82, M|397/397 slp\n|move|p2a: Umbreon|Protect||[still]\n|-fail|p2a: Umbreon\n|\n|-heal|p2a: Umbreon|284/297 par|[from] move: Wish|[wisher] Umbreon\n|upkeep\n|turn|124\n|\n|t:|1782864989\n|switch|p2a: Barraskewda|Barraskewda, L81, M|231/231\n|cant|p1a: Snorlax|slp\n|\n|upkeep\n|turn|125\n|\n|t:|1782864998\n|switch|p1a: Bruxish|Bruxish, L85, F|74/254\n|move|p2a: Barraskewda|Close Combat|p1a: Bruxish\n|-resisted|p1a: Bruxish\n|-damage|p1a: Bruxish|0 fnt\n|-unboost|p2a: Barraskewda|def|1\n|-unboost|p2a: Barraskewda|spd|1\n|faint|p1a: Bruxish\n|\n|upkeep\n|\n|t:|1782865008\n|switch|p1a: Tropius|Tropius, L91, F|246/328\n|turn|126\n|\n|t:|1782865017\n|switch|p2a: Umbreon|Umbreon, L84, M|284/297 par\n|move|p1a: Tropius|Substitute|p1a: Tropius\n|-start|p1a: Tropius|Substitute\n|-damage|p1a: Tropius|164/328\n|-enditem|p1a: Tropius|Sitrus Berry|[eat]\n|-heal|p1a: Tropius|246/328|[from] item: Sitrus Berry\n|\n|upkeep\n|turn|127\n|\n|t:|1782865031\n|switch|p2a: Scream Tail|Scream Tail, L84|330/330\n|move|p1a: Tropius|Leech Seed|p2a: Scream Tail\n|-start|p2a: Scream Tail|move: Leech Seed\n|\n|-damage|p2a: Scream Tail|289/330|[from] Leech Seed|[of] p1a: Tropius\n|-heal|p1a: Tropius|287/328|[silent]\n|-item|p1a: Tropius|Sitrus Berry|[from] ability: Harvest\n|upkeep\n|turn|128\n|\n|t:|1782865043\n|-end|p2a: Scream Tail|Protosynthesis|[silent]\n|switch|p2a: Umbreon|Umbreon, L84, M|284/297 par\n|switch|p1a: Snorlax|Snorlax, L82, M|397/397 slp\n|\n|upkeep\n|turn|129\n|\n|t:|1782865051\n|-curestatus|p1a: Snorlax|slp|[msg]\n|move|p1a: Snorlax|Curse|p1a: Snorlax\n|-unboost|p1a: Snorlax|spe|1\n|-boost|p1a: Snorlax|atk|1\n|-boost|p1a: Snorlax|def|1\n|move|p2a: Umbreon|Toxic|p1a: Snorlax|[miss]\n|-miss|p2a: Umbreon|p1a: Snorlax\n|\n|upkeep\n|turn|130\n|\n|t:|1782865065\n|move|p2a: Umbreon|Toxic|p1a: Snorlax\n|-status|p1a: Snorlax|tox\n|move|p1a: Snorlax|Curse|p1a: Snorlax\n|-unboost|p1a: Snorlax|spe|1\n|-boost|p1a: Snorlax|atk|1\n|-boost|p1a: Snorlax|def|1\n|\n|-damage|p1a: Snorlax|373/397 tox|[from] psn\n|upkeep\n|turn|131\n|inactive|KasaiSV has 60 seconds left.\n|\n|t:|1782865078\n|switch|p2a: Scream Tail|Scream Tail, L84|289/330\n|move|p1a: Snorlax|Body Slam|p2a: Scream Tail\n|-damage|p2a: Scream Tail|117/330\n|\n|-heal|p2a: Scream Tail|137/330|[from] item: Leftovers\n|-damage|p1a: Snorlax|325/397 tox|[from] psn\n|upkeep\n|turn|132\n|inactive|KasaiSV has 60 seconds left.\n|\n|t:|1782865088\n|move|p2a: Scream Tail|Protect|p2a: Scream Tail\n|-singleturn|p2a: Scream Tail|Protect\n|move|p1a: Snorlax|Body Slam|p2a: Scream Tail\n|-activate|p2a: Scream Tail|move: Protect\n|\n|-heal|p2a: Scream Tail|157/330|[from] item: Leftovers\n|-damage|p1a: Snorlax|253/397 tox|[from] psn\n|upkeep\n|turn|133\n|inactive|KasaiSV has 60 seconds left.\n|\n|t:|1782865102\n|-end|p2a: Scream Tail|Protosynthesis|[silent]\n|switch|p2a: Umbreon|Umbreon, L84, M|284/297 par\n|move|p1a: Snorlax|Body Slam|p2a: Umbreon\n|-damage|p2a: Umbreon|127/297 par\n|\n|-damage|p1a: Snorlax|157/397 tox|[from] psn\n|upkeep\n|turn|134\n|\n|t:|1782865110\n|move|p2a: Umbreon|Wish|p2a: Umbreon\n|move|p1a: Snorlax|Rest|p1a: Snorlax\n|-status|p1a: Snorlax|slp|[from] move: Rest\n|-heal|p1a: Snorlax|397/397 slp|[silent]\n|\n|upkeep\n|turn|135\n|inactive|LavaDirt has 120 seconds left.\n|\n|t:|1782865122\n|move|p2a: Umbreon|Foul Play|p1a: Snorlax\n|-damage|p1a: Snorlax|262/397 slp\n|cant|p1a: Snorlax|slp\n|\n|-heal|p2a: Umbreon|275/297 par|[from] move: Wish|[wisher] Umbreon\n|upkeep\n|turn|136\n|inactive|LavaDirt has 120 seconds left.\n|inactive|KasaiSV has 30 seconds left.\n|inactive|KasaiSV has 20 seconds left.\n|inactive|KasaiSV has 15 seconds left.\n|inactive|KasaiSV has 10 seconds left.\n|inactive|KasaiSV has 5 seconds left.\n|-message|KasaiSV lost due to inactivity.\n|\n|win|LavaDirt\n|raw|KasaiSV's rating: 1632 &rarr; <strong>1615</strong><br />(-17 for losing)\n|raw|LavaDirt's rating: 1678 &rarr; <strong>1695</strong><br />(+17 for winning)\n|c|\u2606LavaDirt|136 turns to lose to a timer man\n|c|\u2606LavaDirt|what the hell\n|c|\u2606KasaiSV|Phone disconnected\n|c|\u2606LavaDirt|what is the last move of snorlax\n|c|\u2606LavaDirt|isn't it sleep talk\n", "inputlog": ">version f8ac14003a5f27e1bdc8d8c59608a773c1cb96e5\n>start {\"formatid\":\"gen9randombattle\",\"seed\":\"sodium,358ec6b8e47f98e7922390e175bc10e6\",\"rated\":\"Rated battle\"}\n>player p1 {\"name\":\"KasaiSV\",\"avatar\":\"2\",\"rating\":1632,\"seed\":\"sodium,ce83cc91853109ed5b2eb30dfdc88dcb\"}\n>player p2 {\"name\":\"LavaDirt\",\"avatar\":\"265\",\"rating\":1678,\"seed\":\"sodium,50f29eb2af74f09f15a8df1840d15f61\"}\n>p1 switch 5\n>p2 move toxic\n>p1 move knockoff\n>p2 move wish\n>p1 move roar\n>p2 move foulplay\n>p1 move sunsteelstrike\n>p2 move earthquake\n>p1 switch 4\n>p1 move wavecrash\n>p2 switch 6\n>p1 move wavecrash\n>p2 move freezedry\n>p2 switch 6\n>p1 move wavecrash\n>p2 switch 3\n>p1 move wavecrash\n>p2 move protect\n>p1 move wavecrash\n>p2 switch 2\n>p1 switch 6\n>p2 move wish\n>p1 move bodyslam\n>p2 switch 3\n>p1 move bodyslam\n>p2 switch 5\n>p1 switch 3\n>p2 move bodyslam\n>p1 move closecombat\n>p2 switch 5\n>p1 switch 5\n>p2 move uturn\n>p2 switch 2\n>p1 switch 3\n>p2 move wish\n>p1 move curse\n>p2 move protect\n>p1 move bodyslam\n>p2 move toxic\n>p1 move bodyslam\n>p2 move protect\n>p1 move bodyslam\n>p2 switch 2\n>p1 move curse\n>p2 switch 3\n>p1 move bodyslam\n>p2 move encore\n>p1 switch 2\n>p2 move wish\n>p1 move leechseed\n>p2 move playrough\n>p1 switch 3\n>p2 move encore\n>p1 move freezedry\n>p2 move wish\n>p1 move freezedry\n>p2 move protect\n>p1 move freezedry\n>p2 move wish\n>p1 move freezedry\n>p2 switch 2\n>p1 switch 2\n>p2 move toxic\n>p1 move bodyslam\n>p2 switch 3\n>p1 move curse\n>p2 switch 3\n>p1 move bodyslam\n>p2 move wish\n>p1 move rest\n>p2 switch 3\n>p1 switch 2\n>p2 move taunt\n>p1 move freezedry\n>p2 switch 5\n>p1 switch 5\n>p2 move bodyslam\n>p1 move earthquake\n>p2 switch 5\n>p1 switch 3\n>p2 move uturn\n>p2 switch 3\n>p1 move substitute\n>p2 move toxic\n>p1 move leechseed\n>p2 switch 2\n>p1 move airslash\n>p2 move encore\n>p1 switch 2\n>p2 move wish\n>p1 move bodyslam\n>p2 move protect\n>p1 move bodyslam\n>p2 switch 3\n>p1 move curse\n>p2 move uturn\n>p2 switch 3\n>p1 switch 2\n>p2 move wish\n>p1 move leechseed\n>p2 switch 2\n>p1 move substitute\n>p2 move protect\n>p1 move leechseed\n>p2 switch 2\n>p1 move leechseed\n>p2 move encore\n>p1 move leechseed\n>p2 move playrough\n>p1 move leechseed\n>p2 move playrough\n>chat \u2606LavaDirt|this is awful\n>p1 switch 3\n>p2 move encore\n>p1 move earthquake\n>p2 switch 3\n>p1 switch 2\n>p2 move taunt\n>p1 move bodyslam\n>p2 move earthquake\n>p1 move bodyslam\n>p2 switch 2\n>p1 switch 2\n>p2 move wish\n>p1 move bulkup\n>p2 switch 2\n>p1 move stoneedge\n>p2 move taunt\n>p1 move stoneedge\n>p2 move uturn\n>p1 move stoneedge\n>p2 move uturn\n>p1 move closecombat\n>p2 switch 3\n>p1 switch 3\n>p2 move wish\n>p1 move leechseed\n>p2 move protect\n>p1 move leechseed\n>p2 move encore\n>p1 switch 5\n>p2 move wish\n>p1 move calmmind\n>p2 switch 5\n>p1 move protect\n>p2 move bodyslam\n>p1 switch 3\n>p2 move knockoff\n>p1 move closecombat\n>p2 move uturn\n>p2 switch 5\n>p1 switch 2\n>p2 move wish\n>p1 move curse\n>p2 switch 3\n>p1 move curse\n>p2 move uturn\n>p2 switch 5\n>p1 move bodyslam\n>p2 move bodyslam\n>p1 move bodyslam\n>p2 switch 5\n>p1 move rest\n>p2 move uturn\n>p2 switch 2\n>p1 move bodyslam\n>p2 move wish\n>p1 move bodyslam\n>p2 switch 5\n>p1 switch 2\n>p2 switch 2\n>p1 move bulkup\n>p2 move uturn\n>p2 switch 3\n>p1 move earthquake\n>p2 move playrough\n>p1 switch 5\n>p2 switch 3\n>p1 move substitute\n>p2 move taunt\n>p1 move airslash\n>p2 move stoneedge\n>p1 move airslash\n>p2 switch 3\n>p1 move airslash\n>p2 move playrough\n>p1 move leechseed\n>p2 move playrough\n>p1 move leechseed\n>p2 switch 2\n>p1 move protect\n>p2 move rapidspin\n>p1 move substitute\n>p2 move rapidspin\n>p1 move airslash\n>p2 move knockoff\n>p1 move airslash\n>p2 move knockoff\n>p1 switch 2\n>p2 move knockoff\n>p1 move bodyslam\n>p2 switch 5\n>p1 move curse\n>p2 move toxic\n>p1 move bodyslam\n>p2 switch 3\n>p1 move bodyslam\n>p2 switch 5\n>p2 switch 4\n>p1 switch 5\n>p2 move closecombat\n>p1 move closecombat\n>p2 move closecombat\n>p1 switch 2\n>p1 move leechseed\n>p2 switch 2\n>p1 move protect\n>p2 move encore\n>p1 move substitute\n>p2 switch 3\n>p1 move leechseed\n>p2 switch 3\n>p1 move protect\n>p2 move wish\n>p1 move airslash\n>p2 switch 3\n>p1 move airslash\n>p2 move wish\n>p1 move airslash\n>p2 switch 3\n>p1 move airslash\n>p2 move wish\n>p1 move airslash\n>p2 switch 5\n>p2 switch 5\n>p1 move airslash\n>p2 move protect\n>p1 move airslash\n>p2 switch 3\n>p1 move leechseed\n>p2 move protect\n>p1 switch 5\n>p2 switch 3\n>p1 move rest\n>p2 move playrough\n>p1 move bodyslam\n>p2 switch 2\n>p1 switch 3\n>p2 move closecombat\n>p1 move protect\n>p2 move closecombat\n>p1 move wish\n>p2 move closecombat\n>p1 switch 5\n>p1 move substitute\n>p2 switch 3\n>p1 move airslash\n>p2 move wish\n>p1 switch 3\n>p2 move protect\n>p1 move curse\n>p2 switch 3\n>p1 switch 6\n>p2 move closecombat\n>p1 switch 3\n>p1 move substitute\n>p2 switch 3\n>p1 move leechseed\n>p2 switch 2\n>p1 switch 6\n>p2 switch 2\n>p1 move curse\n>p2 move toxic\n>p1 move curse\n>p2 move toxic\n>p1 move bodyslam\n>p2 switch 2\n>p1 move bodyslam\n>p2 move protect\n>p1 move bodyslam\n>p2 switch 2\n>p1 move rest\n>p2 move wish\n>p1 move bodyslam\n>p2 move foulplay\n>forcelose p1", "uploadtime": 1782865286, "views": 11, "formatid": "gen9randombattle", "rating": 1615, "private": 0, "password": null, "player_dets": [{"name": "KasaiSV", "avatar": "2", "rating": 1632, "seed": "sodium,ce83cc91853109ed5b2eb30dfdc88dcb"}, {"name": "LavaDirt", "avatar": "265", "rating": 1678, "seed": "sodium,50f29eb2af74f09f15a8df1840d15f61"}], "teams_full": [{"Glaceon": {"name": "Glaceon", "species": "Glaceon", "speciesId": "glaceon", "gender": "M", "shiny": false, "level": 94, "moves": ["wish", "calmmind", "freezedry", "protect"], "ability": "Ice Body", "evs": {"hp": 85, "atk": 0, "def": 85, "spa": 85, "spd": 85, "spe": 85}, "ivs": {"hp": 31, "atk": 0, "def": 31, "spa": 31, "spd": 31, "spe": 31}, "item": "Heavy-Duty Boots", "teraType": "Water", "role": "Bulky Setup", "bvs": {"hp": 65, "atk": 60, "def": 110, "spa": 130, "spd": 95, "spe": 65}, "stats": {"hp": 275, "atk": 117, "def": 260, "spa": 298, "spd": 232, "spe": 176}, "types": ["Ice"]}, "Tropius": {"name": "Tropius", "species": "Tropius", "speciesId": "tropius", "gender": "F", "shiny": false, "level": 91, "moves": ["substitute", "leechseed", "airslash", "protect"], "ability": "Harvest", "evs": {"hp": 85, "atk": 0, "def": 85, "spa": 85, "spd": 85, "spe": 85}, "ivs": {"hp": 31, "atk": 0, "def": 31, "spa": 31, "spd": 31, "spe": 31}, "item": "Sitrus Berry", "teraType": "Steel", "role": "Bulky Support", "bvs": {"hp": 99, "atk": 68, "def": 83, "spa": 72, "spd": 87, "spe": 51}, "stats": {"hp": 328, "atk": 128, "def": 203, "spa": 183, "spd": 210, "spe": 145}, "types": ["Grass", "Flying"]}, "Great Tusk": {"name": "Great Tusk", "species": "Great Tusk", "speciesId": "greattusk", "gender": "N", "shiny": false, "level": 77, "moves": ["closecombat", "bulkup", "earthquake", "stoneedge"], "ability": "Protosynthesis", "evs": {"hp": 85, "atk": 85, "def": 85, "spa": 85, "spd": 85, "spe": 85}, "ivs": {"hp": 31, "atk": 31, "def": 31, "spa": 31, "spd": 31, "spe": 31}, "item": "Leftovers", "teraType": "Steel", "role": "Bulky Setup", "bvs": {"hp": 115, "atk": 131, "def": 131, "spa": 53, "spd": 53, "spe": 87}, "stats": {"hp": 304, "atk": 246, "def": 246, "spa": 126, "spd": 126, "spe": 179}, "types": ["Ground", "Fighting"]}, "Bruxish": {"name": "Bruxish", "species": "Bruxish", "speciesId": "bruxish", "gender": "F", "shiny": false, "level": 85, "moves": ["psychicfangs", "aquajet", "wavecrash", "crunch"], "ability": "Strong Jaw", "evs": {"hp": 85, "atk": 85, "def": 85, "spa": 85, "spd": 85, "spe": 85}, "ivs": {"hp": 31, "atk": 31, "def": 31, "spa": 31, "spd": 31, "spe": 31}, "item": "Choice Band", "teraType": "Psychic", "role": "Fast Attacker", "bvs": {"hp": 68, "atk": 105, "def": 70, "spa": 70, "spd": 70, "spe": 92}, "stats": {"hp": 254, "atk": 227, "def": 168, "spa": 168, "spd": 168, "spe": 205}, "types": ["Water", "Psychic"]}, "Solgaleo": {"name": "Solgaleo", "species": "Solgaleo", "speciesId": "solgaleo", "gender": "N", "shiny": false, "level": 74, "moves": ["knockoff", "morningsun", "roar", "sunsteelstrike"], "ability": "Full Metal Body", "evs": {"hp": 85, "atk": 85, "def": 85, "spa": 85, "spd": 85, "spe": 85}, "ivs": {"hp": 31, "atk": 31, "def": 31, "spa": 31, "spd": 31, "spe": 31}, "item": "Rocky Helmet", "teraType": "Water", "role": "Bulky Attacker", "bvs": {"hp": 137, "atk": 137, "def": 107, "spa": 113, "spd": 89, "spe": 97}, "stats": {"hp": 325, "atk": 246, "def": 201, "spa": 210, "spd": 175, "spe": 187}, "types": ["Psychic", "Steel"]}, "Snorlax": {"name": "Snorlax", "species": "Snorlax", "speciesId": "snorlax", "gender": "M", "shiny": false, "level": 82, "moves": ["bodyslam", "earthquake", "rest", "curse"], "ability": "Thick Fat", "evs": {"hp": 85, "atk": 85, "def": 85, "spa": 85, "spd": 85, "spe": 85}, "ivs": {"hp": 31, "atk": 31, "def": 31, "spa": 31, "spd": 31, "spe": 31}, "item": "Chesto Berry", "teraType": "Ground", "role": "Bulky Setup", "bvs": {"hp": 160, "atk": 110, "def": 65, "spa": 65, "spd": 110, "spe": 30}, "stats": {"hp": 397, "atk": 228, "def": 154, "spa": 154, "spd": 228, "spe": 96}, "types": ["Normal"]}}, {"Umbreon": {"name": "Umbreon", "species": "Umbreon", "speciesId": "umbreon", "gender": "M", "shiny": false, "level": 84, "moves": ["toxic", "protect", "wish", "foulplay"], "ability": "Synchronize", "evs": {"hp": 85, "atk": 0, "def": 85, "spa": 85, "spd": 85, "spe": 85}, "ivs": {"hp": 31, "atk": 0, "def": 31, "spa": 31, "spd": 31, "spe": 31}, "item": "Leftovers", "teraType": "Poison", "role": "Bulky Support", "bvs": {"hp": 95, "atk": 65, "def": 110, "spa": 60, "spd": 130, "spe": 65}, "stats": {"hp": 297, "atk": 114, "def": 233, "spa": 149, "spd": 267, "spe": 157}, "types": ["Dark"]}, "Scream Tail": {"name": "Scream Tail", "species": "Scream Tail", "speciesId": "screamtail", "gender": "N", "shiny": false, "level": 84, "moves": ["encore", "playrough", "protect", "wish"], "ability": "Protosynthesis", "evs": {"hp": 85, "atk": 85, "def": 85, "spa": 85, "spd": 85, "spe": 85}, "ivs": {"hp": 31, "atk": 31, "def": 31, "spa": 31, "spd": 31, "spe": 31}, "item": "Leftovers", "teraType": "Poison", "role": "Bulky Support", "bvs": {"hp": 115, "atk": 65, "def": 99, "spa": 65, "spd": 115, "spe": 111}, "stats": {"hp": 330, "atk": 157, "def": 215, "spa": 157, "spd": 241, "spe": 235}, "types": ["Fairy", "Psychic"]}, "Landorus": {"name": "Landorus", "species": "Landorus-Therian", "speciesId": "landorustherian", "gender": "M", "shiny": false, "level": 76, "moves": ["taunt", "uturn", "earthquake", "stoneedge"], "ability": "Intimidate", "evs": {"hp": 85, "atk": 85, "def": 85, "spa": 85, "spd": 85, "spe": 85}, "ivs": {"hp": 31, "atk": 31, "def": 31, "spa": 31, "spd": 31, "spe": 31}, "item": "Leftovers", "teraType": "Ground", "role": "Bulky Support", "bvs": {"hp": 89, "atk": 145, "def": 90, "spa": 105, "spd": 80, "spe": 91}, "stats": {"hp": 260, "atk": 264, "def": 181, "spa": 204, "spd": 166, "spe": 182}, "types": ["Ground", "Flying"]}, "Barraskewda": {"name": "Barraskewda", "species": "Barraskewda", "speciesId": "barraskewda", "gender": "M", "shiny": false, "level": 81, "moves": ["waterfall", "psychicfangs", "flipturn", "closecombat"], "ability": "Swift Swim", "evs": {"hp": 85, "atk": 85, "def": 85, "spa": 85, "spd": 85, "spe": 85}, "ivs": {"hp": 31, "atk": 31, "def": 31, "spa": 31, "spd": 31, "spe": 31}, "item": "Choice Band", "teraType": "Fighting", "role": "Wallbreaker", "bvs": {"hp": 61, "atk": 123, "def": 60, "spa": 60, "spd": 50, "spe": 136}, "stats": {"hp": 231, "atk": 246, "def": 144, "spa": 144, "spd": 128, "spe": 267}, "types": ["Water"]}, "Komala": {"name": "Komala", "species": "Komala", "speciesId": "komala", "gender": "F", "shiny": false, "level": 88, "moves": ["knockoff", "uturn", "bodyslam", "rapidspin"], "ability": "Comatose", "evs": {"hp": 85, "atk": 85, "def": 85, "spa": 85, "spd": 85, "spe": 85}, "ivs": {"hp": 31, "atk": 31, "def": 31, "spa": 31, "spd": 31, "spe": 31}, "item": "Assault Vest", "teraType": "Ghost", "role": "Bulky Support", "bvs": {"hp": 65, "atk": 115, "def": 65, "spa": 75, "spd": 95, "spe": 65}, "stats": {"hp": 258, "atk": 253, "def": 165, "spa": 182, "spd": 217, "spe": 165}, "types": ["Normal"]}, "Articuno": {"name": "Articuno", "species": "Articuno", "speciesId": "articuno", "gender": "N", "shiny": false, "level": 86, "moves": ["freezedry", "roost", "uturn", "bravebird"], "ability": "Pressure", "evs": {"hp": 85, "atk": 85, "def": 85, "spa": 85, "spd": 85, "spe": 85}, "ivs": {"hp": 31, "atk": 31, "def": 31, "spa": 31, "spd": 31, "spe": 31}, "item": "Heavy-Duty Boots", "teraType": "Steel", "role": "Bulky Support", "bvs": {"hp": 90, "atk": 85, "def": 100, "spa": 95, "spd": 125, "spe": 85}, "stats": {"hp": 295, "atk": 195, "def": 221, "spa": 213, "spd": 264, "spe": 195}, "types": ["Ice", "Flying"]}}]}