{"id": "gen9randombattle-2642121024", "format": "[Gen 9] Random Battle", "players": ["gerry0ak", "testbotcif"], "log": "|j|\u2606gerry0ak\n|j|\u2606testbotcif\n|t:|1782894488\n|gametype|singles\n|player|p1|gerry0ak|170|1175\n|player|p2|testbotcif|1|1233\n|gen|9\n|tier|[Gen 9] Random Battle\n|rated|\n|rule|Species Clause: Limit one of each Pok\u00e9mon\n|rule|HP Percentage Mod: HP is shown in percentages\n|rule|Sleep Clause Mod: Limit one foe put to sleep\n|rule|Illusion Level Mod: Illusion disguises the Pok\u00e9mon's true level\n|\n|t:|1782894488\n|teamsize|p1|6\n|teamsize|p2|6\n|start\n|switch|p1a: Corviknight|Corviknight, L80, F|288/288\n|switch|p2a: Dragapult|Dragapult, L77, F|262/262\n|-ability|p1a: Corviknight|Pressure\n|turn|1\n|c|\u2606testbotcif|rlhf\n|inactive|Battle timer is ON: inactive players will automatically lose when time's up. (requested by testbotcif)\n|\n|t:|1782894495\n|move|p2a: Dragapult|Fire Blast|p1a: Corviknight|[miss]\n|-miss|p2a: Dragapult|p1a: Corviknight\n|move|p1a: Corviknight|U-turn|p2a: Dragapult\n|-resisted|p2a: Dragapult\n|-damage|p2a: Dragapult|237/262\n|\n|t:|1782894497\n|switch|p1a: Comfey|Comfey, L85, F|225/225|[from] U-turn\n|\n|upkeep\n|turn|2\n|\n|t:|1782894500\n|switch|p2a: Clodsire|Clodsire, L81, M|343/343\n|move|p1a: Comfey|Calm Mind|p1a: Comfey\n|-boost|p1a: Comfey|spa|1\n|-boost|p1a: Comfey|spd|1\n|\n|upkeep\n|turn|3\n|\n|t:|1782894508\n|switch|p1a: Corviknight|Corviknight, L80, F|288/288\n|-ability|p1a: Corviknight|Pressure\n|move|p2a: Clodsire|Poison Jab|p1a: Corviknight\n|-immune|p1a: Corviknight\n|\n|upkeep\n|turn|4\n|\n|t:|1782894512\n|move|p1a: Corviknight|Brave Bird|p2a: Clodsire\n|-crit|p2a: Clodsire\n|-damage|p2a: Clodsire|135/343\n|-damage|p1a: Corviknight|219/288|[from] Recoil\n|move|p2a: Clodsire|Toxic Spikes|p1a: Corviknight\n|-sidestart|p1: gerry0ak|move: Toxic Spikes\n|\n|-heal|p1a: Corviknight|237/288|[from] item: Leftovers\n|-heal|p2a: Clodsire|156/343|[from] item: Leftovers\n|upkeep\n|turn|5\n|\n|t:|1782894526\n|move|p1a: Corviknight|Brave Bird|p2a: Clodsire\n|-damage|p2a: Clodsire|15/343\n|-damage|p1a: Corviknight|190/288|[from] Recoil\n|move|p2a: Clodsire|Recover|p2a: Clodsire\n|-heal|p2a: Clodsire|187/343\n|\n|-heal|p1a: Corviknight|208/288|[from] item: Leftovers\n|-heal|p2a: Clodsire|208/343|[from] item: Leftovers\n|upkeep\n|turn|6\n|\n|t:|1782894550\n|move|p1a: Corviknight|Brave Bird|p2a: Clodsire\n|-damage|p2a: Clodsire|57/343\n|-damage|p1a: Corviknight|158/288|[from] Recoil\n|move|p2a: Clodsire|Recover|p2a: Clodsire\n|-heal|p2a: Clodsire|229/343\n|\n|-heal|p1a: Corviknight|176/288|[from] item: Leftovers\n|-heal|p2a: Clodsire|250/343|[from] item: Leftovers\n|upkeep\n|turn|7\n|\n|t:|1782894552\n|move|p1a: Corviknight|Brave Bird|p2a: Clodsire\n|-damage|p2a: Clodsire|99/343\n|-damage|p1a: Corviknight|126/288|[from] Recoil\n|move|p2a: Clodsire|Recover|p2a: Clodsire\n|-heal|p2a: Clodsire|271/343\n|\n|-heal|p1a: Corviknight|144/288|[from] item: Leftovers\n|-heal|p2a: Clodsire|292/343|[from] item: Leftovers\n|upkeep\n|turn|8\n|\n|t:|1782894555\n|move|p1a: Corviknight|Roost|p1a: Corviknight\n|-heal|p1a: Corviknight|288/288\n|-singleturn|p1a: Corviknight|move: Roost\n|move|p2a: Clodsire|Recover|p2a: Clodsire\n|-heal|p2a: Clodsire|343/343\n|\n|upkeep\n|turn|9\n|\n|t:|1782894557\n|move|p1a: Corviknight|Brave Bird|p2a: Clodsire\n|-damage|p2a: Clodsire|208/343\n|-damage|p1a: Corviknight|243/288|[from] Recoil\n|move|p2a: Clodsire|Poison Jab|p1a: Corviknight\n|-immune|p1a: Corviknight\n|\n|-heal|p1a: Corviknight|261/288|[from] item: Leftovers\n|-heal|p2a: Clodsire|229/343|[from] item: Leftovers\n|upkeep\n|turn|10\n|\n|t:|1782894560\n|move|p1a: Corviknight|Brave Bird|p2a: Clodsire\n|-damage|p2a: Clodsire|88/343\n|-damage|p1a: Corviknight|214/288|[from] Recoil\n|move|p2a: Clodsire|Recover|p2a: Clodsire\n|-heal|p2a: Clodsire|260/343\n|\n|-heal|p1a: Corviknight|232/288|[from] item: Leftovers\n|-heal|p2a: Clodsire|281/343|[from] item: Leftovers\n|upkeep\n|turn|11\n|\n|t:|1782894565\n|move|p1a: Corviknight|Brave Bird|p2a: Clodsire\n|-crit|p2a: Clodsire\n|-damage|p2a: Clodsire|79/343\n|-damage|p1a: Corviknight|165/288|[from] Recoil\n|move|p2a: Clodsire|Recover|p2a: Clodsire\n|-heal|p2a: Clodsire|251/343\n|\n|-heal|p1a: Corviknight|183/288|[from] item: Leftovers\n|-heal|p2a: Clodsire|272/343|[from] item: Leftovers\n|upkeep\n|turn|12\n|\n|t:|1782894569\n|move|p1a: Corviknight|Brave Bird|p2a: Clodsire\n|-damage|p2a: Clodsire|118/343\n|-damage|p1a: Corviknight|132/288|[from] Recoil\n|move|p2a: Clodsire|Recover|p2a: Clodsire\n|-heal|p2a: Clodsire|290/343\n|\n|-heal|p1a: Corviknight|150/288|[from] item: Leftovers\n|-heal|p2a: Clodsire|311/343|[from] item: Leftovers\n|upkeep\n|turn|13\n|\n|t:|1782894572\n|move|p1a: Corviknight|Roost|p1a: Corviknight\n|-heal|p1a: Corviknight|288/288\n|-singleturn|p1a: Corviknight|move: Roost\n|move|p2a: Clodsire|Recover|p2a: Clodsire\n|-heal|p2a: Clodsire|343/343\n|\n|upkeep\n|turn|14\n|\n|t:|1782894574\n|move|p1a: Corviknight|Brave Bird|p2a: Clodsire\n|-damage|p2a: Clodsire|195/343\n|-damage|p1a: Corviknight|239/288|[from] Recoil\n|move|p2a: Clodsire|Poison Jab|p1a: Corviknight\n|-immune|p1a: Corviknight\n|\n|-heal|p1a: Corviknight|257/288|[from] item: Leftovers\n|-heal|p2a: Clodsire|216/343|[from] item: Leftovers\n|upkeep\n|turn|15\n|\n|t:|1782894576\n|move|p1a: Corviknight|Brave Bird|p2a: Clodsire\n|-damage|p2a: Clodsire|75/343\n|-damage|p1a: Corviknight|210/288|[from] Recoil\n|move|p2a: Clodsire|Poison Jab|p1a: Corviknight\n|-immune|p1a: Corviknight\n|\n|-heal|p1a: Corviknight|228/288|[from] item: Leftovers\n|-heal|p2a: Clodsire|96/343|[from] item: Leftovers\n|upkeep\n|turn|16\n|\n|t:|1782894579\n|move|p1a: Corviknight|Brave Bird|p2a: Clodsire\n|-damage|p2a: Clodsire|0 fnt\n|faint|p2a: Clodsire\n|-damage|p1a: Corviknight|196/288|[from] Recoil\n|\n|-heal|p1a: Corviknight|214/288|[from] item: Leftovers\n|upkeep\n|\n|t:|1782894579\n|switch|p2a: Articuno|Articuno, L86|295/295\n|-ability|p2a: Articuno|Pressure\n|turn|17\n|\n|t:|1782894585\n|switch|p1a: Empoleon|Empoleon, L84, M|278/278\n|move|p2a: Articuno|Freeze-Dry|p1a: Empoleon\n|-damage|p1a: Empoleon|206/278\n|\n|-heal|p1a: Empoleon|223/278|[from] item: Leftovers\n|upkeep\n|turn|18\n|\n|t:|1782894589\n|switch|p2a: Grimmsnarl|Grimmsnarl, L83, M|293/293\n|move|p1a: Empoleon|Stealth Rock|p2a: Grimmsnarl\n|-sidestart|p2: testbotcif|move: Stealth Rock\n|\n|-heal|p1a: Empoleon|240/278|[from] item: Leftovers\n|upkeep\n|turn|19\n|\n|t:|1782894593\n|switch|p1a: Corviknight|Corviknight, L80, F|214/288\n|-ability|p1a: Corviknight|Pressure\n|move|p2a: Grimmsnarl|Spirit Break|p1a: Corviknight\n|-resisted|p1a: Corviknight\n|-damage|p1a: Corviknight|169/288\n|-unboost|p1a: Corviknight|spa|1\n|\n|-heal|p1a: Corviknight|187/288|[from] item: Leftovers\n|upkeep\n|turn|20\n|\n|t:|1782894599\n|move|p1a: Corviknight|U-turn|p2a: Grimmsnarl\n|-damage|p2a: Grimmsnarl|238/293\n|\n|t:|1782894606\n|switch|p1a: Empoleon|Empoleon, L84, M|240/278|[from] U-turn\n|move|p2a: Grimmsnarl|Spirit Break|p1a: Empoleon\n|-resisted|p1a: Empoleon\n|-damage|p1a: Empoleon|193/278\n|-unboost|p1a: Empoleon|spa|1\n|-ability|p1a: Empoleon|Competitive|boost\n|-boost|p1a: Empoleon|spa|2\n|\n|-heal|p1a: Empoleon|210/278|[from] item: Leftovers\n|upkeep\n|turn|21\n|\n|t:|1782894609\n|move|p1a: Empoleon|Surf|p2a: Grimmsnarl\n|-damage|p2a: Grimmsnarl|72/293\n|move|p2a: Grimmsnarl|Spirit Break|p1a: Empoleon\n|-resisted|p1a: Empoleon\n|-damage|p1a: Empoleon|162/278\n|-unboost|p1a: Empoleon|spa|1\n|-ability|p1a: Empoleon|Competitive|boost\n|-boost|p1a: Empoleon|spa|2\n|\n|-heal|p1a: Empoleon|179/278|[from] item: Leftovers\n|upkeep\n|turn|22\n|\n|t:|1782894611\n|move|p1a: Empoleon|Surf|p2a: Grimmsnarl\n|-damage|p2a: Grimmsnarl|0 fnt\n|faint|p2a: Grimmsnarl\n|\n|-heal|p1a: Empoleon|196/278|[from] item: Leftovers\n|upkeep\n|\n|t:|1782894612\n|switch|p2a: Terrakion|Terrakion, L79|273/273\n|-damage|p2a: Terrakion|256/273|[from] Stealth Rock\n|turn|23\n|\n|t:|1782894624\n|-terastallize|p1a: Empoleon|Flying\n|move|p2a: Terrakion|Close Combat|p1a: Empoleon\n|-resisted|p1a: Empoleon\n|-damage|p1a: Empoleon|97/278\n|-unboost|p2a: Terrakion|def|1\n|-unboost|p2a: Terrakion|spd|1\n|move|p1a: Empoleon|Surf|p2a: Terrakion\n|-supereffective|p2a: Terrakion\n|-damage|p2a: Terrakion|0 fnt\n|faint|p2a: Terrakion\n|\n|-heal|p1a: Empoleon|114/278|[from] item: Leftovers\n|upkeep\n|\n|t:|1782894625\n|switch|p2a: Dragapult|Dragapult, L77, F|237/262\n|-damage|p2a: Dragapult|205/262|[from] Stealth Rock\n|turn|24\n|\n|t:|1782894629\n|move|p2a: Dragapult|Shadow Ball|p1a: Empoleon\n|-damage|p1a: Empoleon|18/278\n|-unboost|p1a: Empoleon|spd|1\n|-ability|p1a: Empoleon|Competitive|boost\n|-boost|p1a: Empoleon|spa|2\n|move|p1a: Empoleon|Yawn|p2a: Dragapult\n|-start|p2a: Dragapult|move: Yawn|[of] p1a: Empoleon\n|\n|-heal|p1a: Empoleon|35/278|[from] item: Leftovers\n|upkeep\n|turn|25\n|\n|t:|1782894632\n|move|p2a: Dragapult|Shadow Ball|p1a: Empoleon\n|-damage|p1a: Empoleon|0 fnt\n|faint|p1a: Empoleon\n|\n|-end|p2a: Dragapult|move: Yawn|[silent]\n|-status|p2a: Dragapult|slp\n|upkeep\n|\n|t:|1782894637\n|switch|p1a: Comfey|Comfey, L85, F|225/225\n|-status|p1a: Comfey|psn\n|turn|26\n|\n|t:|1782894640\n|switch|p2a: Oinkologne|Oinkologne, L92, M|352/352\n|-damage|p2a: Oinkologne|308/352|[from] Stealth Rock\n|move|p1a: Comfey|Calm Mind|p1a: Comfey\n|-boost|p1a: Comfey|spa|1\n|-boost|p1a: Comfey|spd|1\n|\n|-heal|p2a: Oinkologne|330/352|[from] item: Leftovers\n|-damage|p1a: Comfey|197/225 psn|[from] psn\n|upkeep\n|turn|27\n|\n|t:|1782894643\n|move|p1a: Comfey|Calm Mind|p1a: Comfey\n|-boost|p1a: Comfey|spa|1\n|-boost|p1a: Comfey|spd|1\n|move|p2a: Oinkologne|Double-Edge|p1a: Comfey\n|-damage|p1a: Comfey|41/225 psn\n|-damage|p2a: Oinkologne|279/352|[from] Recoil\n|\n|-heal|p1a: Comfey|55/225 psn|[from] item: Leftovers\n|-heal|p2a: Oinkologne|301/352|[from] item: Leftovers\n|-damage|p1a: Comfey|27/225 psn|[from] psn\n|upkeep\n|turn|28\n|\n|t:|1782894649\n|move|p1a: Comfey|Draining Kiss|p2a: Oinkologne\n|-damage|p2a: Oinkologne|198/352\n|-heal|p1a: Comfey|104/225 psn|[from] drain|[of] p2a: Oinkologne\n|move|p2a: Oinkologne|Double-Edge|p1a: Comfey\n|-damage|p1a: Comfey|0 fnt\n|faint|p1a: Comfey\n|-damage|p2a: Oinkologne|164/352|[from] Recoil\n|\n|-heal|p2a: Oinkologne|186/352|[from] item: Leftovers\n|upkeep\n|\n|t:|1782894659\n|switch|p1a: Corviknight|Corviknight, L80, F|187/288\n|-ability|p1a: Corviknight|Pressure\n|turn|29\n|\n|t:|1782894662\n|move|p2a: Oinkologne|Curse|p2a: Oinkologne\n|-unboost|p2a: Oinkologne|spe|1\n|-boost|p2a: Oinkologne|atk|1\n|-boost|p2a: Oinkologne|def|1\n|move|p1a: Corviknight|Brave Bird|p2a: Oinkologne\n|-damage|p2a: Oinkologne|108/352\n|-damage|p1a: Corviknight|161/288|[from] Recoil\n|\n|-heal|p1a: Corviknight|179/288|[from] item: Leftovers\n|-heal|p2a: Oinkologne|130/352|[from] item: Leftovers\n|upkeep\n|turn|30\n|\n|t:|1782894664\n|move|p1a: Corviknight|Brave Bird|p2a: Oinkologne\n|-damage|p2a: Oinkologne|54/352\n|-damage|p1a: Corviknight|154/288|[from] Recoil\n|move|p2a: Oinkologne|Double-Edge|p1a: Corviknight\n|-resisted|p1a: Corviknight\n|-damage|p1a: Corviknight|58/288\n|-damage|p2a: Oinkologne|22/352|[from] Recoil\n|\n|-heal|p1a: Corviknight|76/288|[from] item: Leftovers\n|-heal|p2a: Oinkologne|44/352|[from] item: Leftovers\n|upkeep\n|turn|31\n|\n|t:|1782894667\n|move|p1a: Corviknight|Brave Bird|p2a: Oinkologne\n|-damage|p2a: Oinkologne|0 fnt\n|faint|p2a: Oinkologne\n|-damage|p1a: Corviknight|61/288|[from] Recoil\n|\n|-heal|p1a: Corviknight|79/288|[from] item: Leftovers\n|upkeep\n|\n|t:|1782894667\n|switch|p2a: Dragapult|Dragapult, L77, F|205/262 slp\n|-damage|p2a: Dragapult|173/262 slp|[from] Stealth Rock\n|turn|32\n|\n|t:|1782894673\n|cant|p2a: Dragapult|slp\n|move|p1a: Corviknight|Brave Bird|p2a: Dragapult\n|-damage|p2a: Dragapult|34/262 slp\n|-damage|p1a: Corviknight|33/288|[from] Recoil\n|\n|-heal|p1a: Corviknight|51/288|[from] item: Leftovers\n|upkeep\n|turn|33\n|\n|t:|1782894675\n|cant|p2a: Dragapult|slp\n|move|p1a: Corviknight|Brave Bird|p2a: Dragapult\n|-damage|p2a: Dragapult|0 fnt\n|faint|p2a: Dragapult\n|-damage|p1a: Corviknight|40/288|[from] Recoil\n|\n|-heal|p1a: Corviknight|58/288|[from] item: Leftovers\n|upkeep\n|\n|t:|1782894675\n|switch|p2a: Articuno|Articuno, L86|295/295\n|-ability|p2a: Articuno|Pressure\n|turn|34\n|\n|t:|1782894677\n|move|p2a: Articuno|Freeze-Dry|p1a: Corviknight\n|-damage|p1a: Corviknight|0 fnt\n|faint|p1a: Corviknight\n|\n|upkeep\n|\n|t:|1782894683\n|switch|p1a: Tyranitar|Tyranitar, L78, F|284/284\n|-status|p1a: Tyranitar|psn\n|-weather|Sandstorm|[from] ability: Sand Stream|[of] p1a: Tyranitar\n|turn|35\n|\n|t:|1782894690\n|-terastallize|p2a: Articuno|Steel\n|move|p2a: Articuno|Freeze-Dry|p1a: Tyranitar\n|-damage|p1a: Tyranitar|230/284 psn\n|move|p1a: Tyranitar|Dragon Dance|p1a: Tyranitar\n|-boost|p1a: Tyranitar|atk|1\n|-boost|p1a: Tyranitar|spe|1\n|\n|-weather|Sandstorm|[upkeep]\n|-damage|p1a: Tyranitar|195/284 psn|[from] psn\n|upkeep\n|turn|36\n|\n|t:|1782894698\n|move|p1a: Tyranitar|Knock Off|p2a: Articuno\n|-damage|p2a: Articuno|141/295\n|-enditem|p2a: Articuno|Heavy-Duty Boots|[from] move: Knock Off|[of] p1a: Tyranitar\n|move|p2a: Articuno|Freeze-Dry|p1a: Tyranitar\n|-damage|p1a: Tyranitar|143/284 psn\n|\n|-weather|Sandstorm|[upkeep]\n|-damage|p1a: Tyranitar|108/284 psn|[from] psn\n|upkeep\n|turn|37\n|\n|t:|1782894705\n|move|p1a: Tyranitar|Dragon Dance|p1a: Tyranitar\n|-boost|p1a: Tyranitar|atk|1\n|-boost|p1a: Tyranitar|spe|1\n|move|p2a: Articuno|Roost|p2a: Articuno\n|-heal|p2a: Articuno|289/295\n|\n|-weather|Sandstorm|[upkeep]\n|-damage|p1a: Tyranitar|73/284 psn|[from] psn\n|upkeep\n|turn|38\n|\n|t:|1782894707\n|move|p1a: Tyranitar|Knock Off|p2a: Articuno\n|-damage|p2a: Articuno|147/295\n|move|p2a: Articuno|Freeze-Dry|p1a: Tyranitar\n|-damage|p1a: Tyranitar|27/284 psn\n|\n|-weather|Sandstorm|[upkeep]\n|-damage|p1a: Tyranitar|0 fnt|[from] psn\n|faint|p1a: Tyranitar\n|upkeep\n|\n|t:|1782894714\n|switch|p1a: Terapagos|Terapagos, L77, F|265/265\n|-activate|p1a: Terapagos|ability: Tera Shift\n|detailschange|p1a: Terapagos|Terapagos-Terastal, L77, F\n|-heal|p1a: Terapagos|273/273|[silent]\n|-status|p1a: Terapagos|psn\n|turn|39\n|\n|t:|1782894717\n|move|p2a: Articuno|Roost|p2a: Articuno\n|-heal|p2a: Articuno|295/295\n|move|p1a: Terapagos|Calm Mind|p1a: Terapagos\n|-boost|p1a: Terapagos|spa|1\n|-boost|p1a: Terapagos|spd|1\n|\n|-weather|none\n|-damage|p1a: Terapagos|239/273 psn|[from] psn\n|upkeep\n|turn|40\n|\n|t:|1782894719\n|move|p2a: Articuno|Brave Bird|p1a: Terapagos\n|-damage|p1a: Terapagos|137/273 psn\n|-damage|p2a: Articuno|261/295|[from] Recoil\n|move|p1a: Terapagos|Calm Mind|p1a: Terapagos\n|-boost|p1a: Terapagos|spa|1\n|-boost|p1a: Terapagos|spd|1\n|\n|-damage|p1a: Terapagos|103/273 psn|[from] psn\n|upkeep\n|turn|41\n|\n|t:|1782894722\n|move|p2a: Articuno|Brave Bird|p1a: Terapagos\n|-damage|p1a: Terapagos|0 fnt\n|faint|p1a: Terapagos\n|-damage|p2a: Articuno|227/295|[from] Recoil\n|\n|upkeep\n|-message|gerry0ak forfeited.\n|\n|win|testbotcif\n|raw|gerry0ak's rating: 1175 &rarr; <strong>1154</strong><br />(-21 for losing)\n|raw|testbotcif's rating: 1233 &rarr; <strong>1254</strong><br />(+21 for winning)\n", "inputlog": ">version f8ac14003a5f27e1bdc8d8c59608a773c1cb96e5\n>start {\"formatid\":\"gen9randombattle\",\"seed\":\"sodium,f442f7ef153c846b4f1e98a1b92832d1\",\"rated\":\"Rated battle\"}\n>player p1 {\"name\":\"gerry0ak\",\"avatar\":\"170\",\"rating\":1175,\"seed\":\"sodium,a1ff80d6749ca3fa4428bfadbee7689f\"}\n>player p2 {\"name\":\"testbotcif\",\"avatar\":\"1\",\"rating\":1233,\"seed\":\"sodium,5381948010e2c4e589b7314cd7f82e1a\"}\n>chat \u2606testbotcif|rlhf\n>p1 move uturn\n>p2 move fireblast\n>p1 switch 6\n>p1 move calmmind\n>p2 switch 3\n>p1 switch 6\n>p2 move poisonjab\n>p1 move bravebird\n>p2 move toxicspikes\n>p1 move bravebird\n>p2 move recover\n>p1 move bravebird\n>p2 move recover\n>p1 move bravebird\n>p2 move recover\n>p1 move roost\n>p2 move recover\n>p1 move bravebird\n>p2 move poisonjab\n>p1 move bravebird\n>p2 move recover\n>p1 move bravebird\n>p2 move recover\n>p1 move bravebird\n>p2 move recover\n>p1 move roost\n>p2 move recover\n>p1 move bravebird\n>p2 move poisonjab\n>p1 move bravebird\n>p2 move poisonjab\n>p1 move bravebird\n>p2 move poisonjab\n>p2 switch 2\n>p1 switch 5\n>p2 move freezedry\n>p1 move stealthrock\n>p2 switch 6\n>p1 switch 5\n>p2 move spiritbreak\n>p1 move uturn\n>p2 move spiritbreak\n>p1 switch 5\n>p1 move surf\n>p2 move spiritbreak\n>p1 move surf\n>p2 move spiritbreak\n>p2 switch 4\n>p1 move surf terastallize\n>p2 move closecombat\n>p2 switch 3\n>p1 move yawn\n>p2 move shadowball\n>p1 move surf\n>p2 move shadowball\n>p1 switch 6\n>p1 move calmmind\n>p2 switch 5\n>p1 move calmmind\n>p2 move doubleedge\n>p1 move drainingkiss\n>p2 move doubleedge\n>p1 switch 5\n>p1 move bravebird\n>p2 move curse\n>p1 move bravebird\n>p2 move doubleedge\n>p1 move bravebird\n>p2 move doubleedge\n>p2 switch 5\n>p1 move bravebird\n>p2 move shadowball\n>p1 move bravebird\n>p2 move shadowball\n>p2 switch 6\n>p1 move bravebird\n>p2 move freezedry\n>p1 switch 4\n>p1 move dragondance\n>p2 move freezedry terastallize\n>p1 move knockoff\n>p2 move freezedry\n>p1 move dragondance\n>p2 move roost\n>p1 move knockoff\n>p2 move freezedry\n>p1 switch 2\n>p1 move calmmind\n>p2 move roost\n>p1 move calmmind\n>p2 move bravebird\n>p1 move rest\n>p2 move bravebird\n>forcelose p1", "uploadtime": 1782894725, "views": 5, "formatid": "gen9randombattle", "rating": 1154, "private": 0, "password": null, "player_dets": [{"name": "gerry0ak", "avatar": "170", "rating": 1175, "seed": "sodium,a1ff80d6749ca3fa4428bfadbee7689f"}, {"name": "testbotcif", "avatar": "1", "rating": 1233, "seed": "sodium,5381948010e2c4e589b7314cd7f82e1a"}], "teams_full": [{"Corviknight": {"name": "Corviknight", "species": "Corviknight", "speciesId": "corviknight", "gender": "F", "shiny": false, "level": 80, "moves": ["bravebird", "uturn", "roost", "defog"], "ability": "Pressure", "evs": {"hp": 85, "atk": 85, "def": 85, "spa": 85, "spd": 85, "spe": 85}, "ivs": {"hp": 31, "atk": 31, "def": 31, "spa": 31, "spd": 31, "spe": 31}, "item": "Leftovers", "teraType": "Dragon", "role": "Bulky Support", "bvs": {"hp": 98, "atk": 87, "def": 105, "spa": 53, "spd": 85, "spe": 67}, "stats": {"hp": 288, "atk": 185, "def": 214, "spa": 131, "spd": 182, "spe": 153}, "types": ["Flying", "Steel"]}, "Terapagos": {"name": "Terapagos", "species": "Terapagos", "speciesId": "terapagos", "gender": "F", "shiny": false, "level": 77, "moves": ["terastarstorm", "darkpulse", "rest", "calmmind"], "ability": "Tera Shift", "evs": {"hp": 85, "atk": 0, "def": 85, "spa": 85, "spd": 85, "spe": 85}, "ivs": {"hp": 31, "atk": 0, "def": 31, "spa": 31, "spd": 31, "spe": 31}, "item": "Chesto Berry", "teraType": "Stellar", "role": "Setup Sweeper", "bvs": {"hp": 90, "atk": 65, "def": 85, "spa": 65, "spd": 85, "spe": 60}, "stats": {"hp": 265, "atk": 105, "def": 175, "spa": 145, "spd": 175, "spe": 137}, "types": ["Normal"]}, "Kricketune": {"name": "Kricketune", "species": "Kricketune", "speciesId": "kricketune", "gender": "F", "shiny": false, "level": 99, "moves": ["taunt", "stickyweb", "knockoff", "pounce"], "ability": "Technician", "evs": {"hp": 85, "atk": 85, "def": 85, "spa": 85, "spd": 85, "spe": 85}, "ivs": {"hp": 31, "atk": 31, "def": 31, "spa": 31, "spd": 31, "spe": 31}, "item": "Heavy-Duty Boots", "teraType": "Ghost", "role": "Fast Support", "bvs": {"hp": 77, "atk": 85, "def": 51, "spa": 55, "spd": 51, "spe": 65}, "stats": {"hp": 312, "atk": 224, "def": 157, "spa": 165, "spd": 157, "spe": 185}, "types": ["Bug"]}, "Tyranitar": {"name": "Tyranitar", "species": "Tyranitar", "speciesId": "tyranitar", "gender": "F", "shiny": false, "level": 78, "moves": ["stoneedge", "knockoff", "icepunch", "dragondance"], "ability": "Sand Stream", "evs": {"hp": 85, "atk": 85, "def": 85, "spa": 85, "spd": 85, "spe": 85}, "ivs": {"hp": 31, "atk": 31, "def": 31, "spa": 31, "spd": 31, "spe": 31}, "item": "Weakness Policy", "teraType": "Ghost", "role": "Bulky Setup", "bvs": {"hp": 100, "atk": 134, "def": 110, "spa": 95, "spd": 100, "spe": 61}, "stats": {"hp": 284, "atk": 254, "def": 217, "spa": 193, "spd": 201, "spe": 140}, "types": ["Rock", "Dark"]}, "Empoleon": {"name": "Empoleon", "species": "Empoleon", "speciesId": "empoleon", "gender": "M", "shiny": false, "level": 84, "moves": ["yawn", "surf", "stealthrock", "roost"], "ability": "Competitive", "evs": {"hp": 85, "atk": 0, "def": 85, "spa": 85, "spd": 85, "spe": 85}, "ivs": {"hp": 31, "atk": 0, "def": 31, "spa": 31, "spd": 31, "spe": 31}, "item": "Leftovers", "teraType": "Flying", "role": "Bulky Support", "bvs": {"hp": 84, "atk": 86, "def": 88, "spa": 111, "spd": 101, "spe": 60}, "stats": {"hp": 278, "atk": 149, "def": 196, "spa": 235, "spd": 218, "spe": 149}, "types": ["Water", "Steel"]}, "Comfey": {"name": "Comfey", "species": "Comfey", "speciesId": "comfey", "gender": "F", "shiny": false, "level": 85, "moves": ["drainingkiss", "gigadrain", "calmmind", "storedpower"], "ability": "Triage", "evs": {"hp": 85, "atk": 0, "def": 85, "spa": 85, "spd": 85, "spe": 85}, "ivs": {"hp": 31, "atk": 0, "def": 31, "spa": 31, "spd": 31, "spe": 31}, "item": "Leftovers", "teraType": "Poison", "role": "Bulky Setup", "bvs": {"hp": 51, "atk": 52, "def": 90, "spa": 82, "spd": 110, "spe": 100}, "stats": {"hp": 225, "atk": 93, "def": 202, "spa": 188, "spd": 236, "spe": 219}, "types": ["Fairy"]}}, {"Dragapult": {"name": "Dragapult", "species": "Dragapult", "speciesId": "dragapult", "gender": "F", "shiny": false, "level": 77, "moves": ["shadowball", "fireblast", "dracometeor", "uturn"], "ability": "Infiltrator", "evs": {"hp": 85, "atk": 85, "def": 85, "spa": 85, "spd": 85, "spe": 85}, "ivs": {"hp": 31, "atk": 31, "def": 31, "spa": 31, "spd": 31, "spe": 31}, "item": "Choice Specs", "teraType": "Ghost", "role": "Fast Attacker", "bvs": {"hp": 88, "atk": 120, "def": 75, "spa": 100, "spd": 75, "spe": 142}, "stats": {"hp": 262, "atk": 229, "def": 160, "spa": 199, "spd": 160, "spe": 263}, "types": ["Dragon", "Ghost"]}, "Articuno": {"name": "Articuno", "species": "Articuno", "speciesId": "articuno", "gender": "N", "shiny": false, "level": 86, "moves": ["freezedry", "bravebird", "roost", "substitute"], "ability": "Pressure", "evs": {"hp": 85, "atk": 85, "def": 85, "spa": 85, "spd": 85, "spe": 85}, "ivs": {"hp": 31, "atk": 31, "def": 31, "spa": 31, "spd": 31, "spe": 31}, "item": "Heavy-Duty Boots", "teraType": "Steel", "role": "Bulky Support", "bvs": {"hp": 90, "atk": 85, "def": 100, "spa": 95, "spd": 125, "spe": 85}, "stats": {"hp": 295, "atk": 195, "def": 221, "spa": 213, "spd": 264, "spe": 195}, "types": ["Ice", "Flying"]}, "Clodsire": {"name": "Clodsire", "species": "Clodsire", "speciesId": "clodsire", "gender": "M", "shiny": false, "level": 81, "moves": ["recover", "earthquake", "poisonjab", "toxicspikes"], "ability": "Unaware", "evs": {"hp": 85, "atk": 85, "def": 85, "spa": 85, "spd": 85, "spe": 85}, "ivs": {"hp": 31, "atk": 31, "def": 31, "spa": 31, "spd": 31, "spe": 31}, "item": "Leftovers", "teraType": "Steel", "role": "Bulky Attacker", "bvs": {"hp": 130, "atk": 75, "def": 60, "spa": 45, "spd": 100, "spe": 20}, "stats": {"hp": 343, "atk": 168, "def": 144, "spa": 120, "spd": 209, "spe": 79}, "types": ["Poison", "Ground"]}, "Terrakion": {"name": "Terrakion", "species": "Terrakion", "speciesId": "terrakion", "gender": "N", "shiny": false, "level": 79, "moves": ["quickattack", "stoneedge", "earthquake", "closecombat"], "ability": "Justified", "evs": {"hp": 85, "atk": 85, "def": 85, "spa": 85, "spd": 85, "spe": 85}, "ivs": {"hp": 31, "atk": 31, "def": 31, "spa": 31, "spd": 31, "spe": 31}, "item": "Choice Band", "teraType": "Fighting", "role": "Wallbreaker", "bvs": {"hp": 91, "atk": 129, "def": 90, "spa": 72, "spd": 90, "spe": 108}, "stats": {"hp": 273, "atk": 249, "def": 188, "spa": 159, "spd": 188, "spe": 216}, "types": ["Rock", "Fighting"]}, "Oinkologne": {"name": "Oinkologne", "species": "Oinkologne", "speciesId": "oinkologne", "gender": "M", "shiny": false, "level": 92, "moves": ["highhorsepower", "lashout", "curse", "doubleedge"], "ability": "Thick Fat", "evs": {"hp": 85, "atk": 85, "def": 85, "spa": 85, "spd": 85, "spe": 85}, "ivs": {"hp": 31, "atk": 31, "def": 31, "spa": 31, "spd": 31, "spe": 31}, "item": "Leftovers", "teraType": "Ground", "role": "Bulky Setup", "bvs": {"hp": 110, "atk": 100, "def": 75, "spa": 59, "spd": 80, "spe": 65}, "stats": {"hp": 352, "atk": 236, "def": 190, "spa": 161, "spd": 200, "spe": 172}, "types": ["Normal"]}, "Grimmsnarl": {"name": "Grimmsnarl", "species": "Grimmsnarl", "speciesId": "grimmsnarl", "gender": "M", "shiny": false, "level": 83, "moves": ["lightscreen", "reflect", "spiritbreak", "partingshot"], "ability": "Prankster", "evs": {"hp": 85, "atk": 85, "def": 85, "spa": 85, "spd": 85, "spe": 85}, "ivs": {"hp": 31, "atk": 31, "def": 31, "spa": 31, "spd": 31, "spe": 31}, "item": "Light Clay", "teraType": "Steel", "role": "Bulky Support", "bvs": {"hp": 95, "atk": 120, "def": 65, "spa": 95, "spd": 75, "spe": 60}, "stats": {"hp": 293, "atk": 247, "def": 156, "spa": 205, "spd": 172, "spe": 147}, "types": ["Dark", "Fairy"]}}]}