{"id": "gen9randombattle-2642210297", "format": "[Gen 9] Random Battle", "players": ["jnpr010334", "Alexspitzcharles"], "log": "|j|\u2606jnpr010334\n|j|\u2606Alexspitzcharles\n|t:|1782911369\n|gametype|singles\n|player|p1|jnpr010334|265|1900\n|player|p2|Alexspitzcharles|1|2009\n|gen|9\n|tier|[Gen 9] Random Battle\n|rated|\n|rule|Species Clause: Limit one of each Pok\u00e9mon\n|rule|HP Percentage Mod: HP is shown in percentages\n|rule|Sleep Clause Mod: Limit one foe put to sleep\n|rule|Illusion Level Mod: Illusion disguises the Pok\u00e9mon's true level\n|\n|t:|1782911369\n|teamsize|p1|6\n|teamsize|p2|6\n|start\n|switch|p1a: Amoonguss|Amoonguss, L82, F|321/321\n|switch|p2a: Meganium|Meganium, L90, F|290/290\n|turn|1\n|inactive|Battle timer is ON: inactive players will automatically lose when time's up. (requested by jnpr010334)\n|\n|t:|1782911386\n|move|p2a: Meganium|Knock Off|p1a: Amoonguss\n|-damage|p1a: Amoonguss|232/321\n|-enditem|p1a: Amoonguss|Leftovers|[from] move: Knock Off|[of] p2a: Meganium\n|move|p1a: Amoonguss|Sludge Bomb|p2a: Meganium\n|-supereffective|p2a: Meganium\n|-damage|p2a: Meganium|138/290\n|\n|-heal|p2a: Meganium|156/290|[from] item: Leftovers\n|upkeep\n|turn|2\n|\n|t:|1782911389\n|switch|p2a: Komala|Komala, L88, F|258/258\n|-ability|p2a: Komala|Comatose\n|move|p1a: Amoonguss|Sludge Bomb|p2a: Komala\n|-damage|p2a: Komala|210/258\n|\n|upkeep\n|turn|3\n|\n|t:|1782911393\n|switch|p1a: Ting-Lu|Ting-Lu, L78|370/370\n|-ability|p1a: Ting-Lu|Vessel of Ruin\n|move|p2a: Komala|Body Slam|p1a: Ting-Lu\n|-damage|p1a: Ting-Lu|279/370\n|\n|-heal|p1a: Ting-Lu|302/370|[from] item: Leftovers\n|upkeep\n|turn|4\n|\n|t:|1782911399\n|move|p2a: Komala|Body Slam|p1a: Ting-Lu\n|-damage|p1a: Ting-Lu|205/370\n|move|p1a: Ting-Lu|Stealth Rock|p2a: Komala\n|-sidestart|p2: Alexspitzcharles|move: Stealth Rock\n|\n|-heal|p1a: Ting-Lu|228/370|[from] item: Leftovers\n|upkeep\n|turn|5\n|\n|t:|1782911403\n|move|p2a: Komala|Rapid Spin|p1a: Ting-Lu\n|-damage|p1a: Ting-Lu|171/370\n|-boost|p2a: Komala|spe|1\n|-sideend|p2: Alexspitzcharles|Stealth Rock|[from] move: Rapid Spin|[of] p2a: Komala\n|move|p1a: Ting-Lu|Earthquake|p2a: Komala\n|-damage|p2a: Komala|84/258\n|\n|-heal|p1a: Ting-Lu|194/370|[from] item: Leftovers\n|upkeep\n|turn|6\n|\n|t:|1782911410\n|switch|p2a: Weezing|Weezing, L88, F|258/258\n|move|p1a: Ting-Lu|Earthquake|p2a: Weezing\n|-immune|p2a: Weezing|[from] ability: Levitate\n|\n|-heal|p1a: Ting-Lu|217/370|[from] item: Leftovers\n|upkeep\n|turn|7\n|\n|t:|1782911413\n|switch|p1a: Pincurchin|Pincurchin, M|258/258\n|-fieldstart|move: Electric Terrain|[from] ability: Electric Surge|[of] p1a: Pincurchin\n|move|p2a: Weezing|Will-O-Wisp|p1a: Pincurchin|[miss]\n|-miss|p2a: Weezing|p1a: Pincurchin\n|\n|upkeep\n|turn|8\n|\n|t:|1782911417\n|move|p2a: Weezing|Will-O-Wisp|p1a: Pincurchin\n|-status|p1a: Pincurchin|brn\n|move|p1a: Pincurchin|Spikes|p2a: Weezing\n|-sidestart|p2: Alexspitzcharles|Spikes\n|\n|-damage|p1a: Pincurchin|242/258 brn|[from] brn\n|upkeep\n|turn|9\n|\n|t:|1782911422\n|move|p2a: Weezing|Sludge Bomb|p1a: Pincurchin\n|-damage|p1a: Pincurchin|160/258 brn\n|move|p1a: Pincurchin|Discharge|p2a: Weezing\n|-damage|p2a: Weezing|87/258\n|\n|-heal|p2a: Weezing|103/258|[from] item: Leftovers\n|-heal|p1a: Pincurchin|176/258 brn|[from] item: Leftovers\n|-damage|p1a: Pincurchin|160/258 brn|[from] brn\n|upkeep\n|turn|10\n|\n|t:|1782911430\n|move|p2a: Weezing|Pain Split|p1a: Pincurchin\n|-sethp|p1a: Pincurchin|131/258 brn|[from] move: Pain Split|[silent]\n|-sethp|p2a: Weezing|131/258|[from] move: Pain Split\n|move|p1a: Pincurchin|Recover|p1a: Pincurchin\n|-heal|p1a: Pincurchin|258/258 brn\n|\n|-heal|p2a: Weezing|147/258|[from] item: Leftovers\n|-damage|p1a: Pincurchin|242/258 brn|[from] brn\n|upkeep\n|turn|11\n|\n|t:|1782911434\n|move|p2a: Weezing|Pain Split|p1a: Pincurchin\n|-sethp|p1a: Pincurchin|194/258 brn|[from] move: Pain Split|[silent]\n|-sethp|p2a: Weezing|194/258|[from] move: Pain Split\n|move|p1a: Pincurchin|Discharge|p2a: Weezing\n|-damage|p2a: Weezing|32/258\n|\n|-heal|p2a: Weezing|48/258|[from] item: Leftovers\n|-heal|p1a: Pincurchin|210/258 brn|[from] item: Leftovers\n|-damage|p1a: Pincurchin|194/258 brn|[from] brn\n|-fieldend|move: Electric Terrain\n|upkeep\n|turn|12\n|\n|t:|1782911438\n|move|p2a: Weezing|Pain Split|p1a: Pincurchin\n|-sethp|p1a: Pincurchin|121/258 brn|[from] move: Pain Split|[silent]\n|-sethp|p2a: Weezing|121/258|[from] move: Pain Split\n|move|p1a: Pincurchin|Scald|p2a: Weezing\n|-damage|p2a: Weezing|30/258\n|\n|-heal|p2a: Weezing|46/258|[from] item: Leftovers\n|-heal|p1a: Pincurchin|137/258 brn|[from] item: Leftovers\n|-damage|p1a: Pincurchin|121/258 brn|[from] brn\n|upkeep\n|turn|13\n|\n|t:|1782911447\n|move|p2a: Weezing|Sludge Bomb|p1a: Pincurchin\n|-damage|p1a: Pincurchin|39/258 brn\n|move|p1a: Pincurchin|Recover|p1a: Pincurchin\n|-heal|p1a: Pincurchin|168/258 brn\n|\n|-heal|p2a: Weezing|62/258|[from] item: Leftovers\n|-heal|p1a: Pincurchin|184/258 brn|[from] item: Leftovers\n|-damage|p1a: Pincurchin|168/258 brn|[from] brn\n|upkeep\n|turn|14\n|\n|t:|1782911455\n|switch|p2a: Morpeko|Morpeko, L88, F|245/245\n|-damage|p2a: Morpeko|215/245|[from] Spikes\n|move|p1a: Pincurchin|Discharge|p2a: Morpeko\n|-resisted|p2a: Morpeko\n|-damage|p2a: Morpeko|146/245\n|\n|-heal|p2a: Morpeko|161/245|[from] item: Leftovers\n|-heal|p1a: Pincurchin|184/258 brn|[from] item: Leftovers\n|-damage|p1a: Pincurchin|168/258 brn|[from] brn\n|-formechange|p2a: Morpeko|Morpeko-Hangry||[from] ability: Hunger Switch\n|upkeep\n|turn|15\n|\n|t:|1782911459\n|move|p2a: Morpeko|Aura Wheel|p1a: Pincurchin\n|-damage|p1a: Pincurchin|75/258 brn\n|-boost|p2a: Morpeko|spe|1\n|move|p1a: Pincurchin|Scald|p2a: Morpeko\n|-damage|p2a: Morpeko|58/245\n|\n|-heal|p2a: Morpeko|73/245|[from] item: Leftovers\n|-heal|p1a: Pincurchin|91/258 brn|[from] item: Leftovers\n|-damage|p1a: Pincurchin|75/258 brn|[from] brn\n|-formechange|p2a: Morpeko|Morpeko||[from] ability: Hunger Switch\n|upkeep\n|turn|16\n|\n|t:|1782911462\n|switch|p1a: Ting-Lu|Ting-Lu, L78|217/370\n|-ability|p1a: Ting-Lu|Vessel of Ruin\n|move|p2a: Morpeko|Rapid Spin|p1a: Ting-Lu\n|-damage|p1a: Ting-Lu|187/370\n|-boost|p2a: Morpeko|spe|1\n|-sideend|p2: Alexspitzcharles|Spikes|[from] move: Rapid Spin|[of] p2a: Morpeko\n|\n|-heal|p2a: Morpeko|88/245|[from] item: Leftovers\n|-heal|p1a: Ting-Lu|210/370|[from] item: Leftovers\n|-formechange|p2a: Morpeko|Morpeko-Hangry||[from] ability: Hunger Switch\n|upkeep\n|turn|17\n|\n|t:|1782911477\n|switch|p2a: Meganium|Meganium, L90, F|156/290\n|move|p1a: Ting-Lu|Earthquake|p2a: Meganium\n|-resisted|p2a: Meganium\n|-damage|p2a: Meganium|111/290\n|\n|-heal|p2a: Meganium|129/290|[from] item: Leftovers\n|-heal|p1a: Ting-Lu|233/370|[from] item: Leftovers\n|upkeep\n|turn|18\n|\n|t:|1782911482\n|switch|p1a: Amoonguss|Amoonguss, L82, F|321/321\n|move|p2a: Meganium|Synthesis|p2a: Meganium\n|-heal|p2a: Meganium|274/290\n|\n|-heal|p2a: Meganium|290/290|[from] item: Leftovers\n|upkeep\n|turn|19\n|\n|t:|1782911486\n|switch|p2a: Komala|Komala, L88, F|84/258\n|-ability|p2a: Komala|Comatose\n|move|p1a: Amoonguss|Sludge Bomb|p2a: Komala\n|-damage|p2a: Komala|29/258\n|\n|upkeep\n|turn|20\n|\n|t:|1782911490\n|switch|p1a: Ting-Lu|Ting-Lu, L78|233/370\n|-ability|p1a: Ting-Lu|Vessel of Ruin\n|move|p2a: Komala|Body Slam|p1a: Ting-Lu\n|-damage|p1a: Ting-Lu|145/370\n|\n|-heal|p1a: Ting-Lu|168/370|[from] item: Leftovers\n|upkeep\n|turn|21\n|\n|t:|1782911495\n|switch|p2a: Meganium|Meganium, L90, F|290/290\n|move|p1a: Ting-Lu|Stealth Rock|p2a: Meganium\n|-sidestart|p2: Alexspitzcharles|move: Stealth Rock\n|\n|-heal|p1a: Ting-Lu|191/370|[from] item: Leftovers\n|upkeep\n|turn|22\n|\n|t:|1782911505\n|switch|p2a: Komala|Komala, L88, F|29/258\n|-damage|p2a: Komala|0 fnt|[from] Stealth Rock\n|faint|p2a: Komala\n|switch|p1a: Amoonguss|Amoonguss, L82, F|321/321\n|\n|upkeep\n|\n|t:|1782911511\n|switch|p2a: Morpeko|Morpeko, L88, F|88/245\n|-damage|p2a: Morpeko|58/245|[from] Stealth Rock\n|turn|23\n|\n|t:|1782911515\n|move|p2a: Morpeko|Rapid Spin|p1a: Amoonguss\n|-damage|p1a: Amoonguss|275/321\n|-boost|p2a: Morpeko|spe|1\n|-sideend|p2: Alexspitzcharles|Stealth Rock|[from] move: Rapid Spin|[of] p2a: Morpeko\n|move|p1a: Amoonguss|Sludge Bomb|p2a: Morpeko\n|-damage|p2a: Morpeko|0 fnt\n|faint|p2a: Morpeko\n|\n|upkeep\n|\n|t:|1782911524\n|switch|p2a: Weezing|Weezing, L88, F|62/258\n|turn|24\n|\n|t:|1782911529\n|switch|p1a: Pachirisu|Pachirisu, L96, M|271/271\n|move|p2a: Weezing|Fire Blast|p1a: Pachirisu\n|-damage|p1a: Pachirisu|201/271\n|\n|-heal|p2a: Weezing|78/258|[from] item: Leftovers\n|upkeep\n|turn|25\n|\n|t:|1782911533\n|move|p1a: Pachirisu|Super Fang|p2a: Weezing\n|-damage|p2a: Weezing|39/258\n|move|p2a: Weezing|Pain Split|p1a: Pachirisu\n|-sethp|p1a: Pachirisu|120/271|[from] move: Pain Split|[silent]\n|-sethp|p2a: Weezing|120/258|[from] move: Pain Split\n|\n|-heal|p2a: Weezing|136/258|[from] item: Leftovers\n|upkeep\n|turn|26\n|\n|t:|1782911538\n|move|p1a: Pachirisu|Discharge|p2a: Weezing\n|-damage|p2a: Weezing|58/258\n|move|p2a: Weezing|Fire Blast|p1a: Pachirisu\n|-damage|p1a: Pachirisu|53/271\n|\n|-heal|p2a: Weezing|74/258|[from] item: Leftovers\n|upkeep\n|turn|27\n|\n|t:|1782911543\n|move|p1a: Pachirisu|Discharge|p2a: Weezing\n|-damage|p2a: Weezing|0 fnt\n|faint|p2a: Weezing\n|\n|upkeep\n|\n|t:|1782911547\n|switch|p2a: Meganium|Meganium, L90, F|290/290\n|turn|28\n|\n|t:|1782911555\n|move|p1a: Pachirisu|U-turn|p2a: Meganium\n|-supereffective|p2a: Meganium\n|-damage|p2a: Meganium|220/290\n|\n|t:|1782911560\n|switch|p1a: Amoonguss|Amoonguss, L82, F|321/321|[from] U-turn\n|move|p2a: Meganium|Knock Off|p1a: Amoonguss\n|-damage|p1a: Amoonguss|268/321\n|\n|-heal|p2a: Meganium|238/290|[from] item: Leftovers\n|upkeep\n|turn|29\n|\n|t:|1782911562\n|switch|p2a: Oinkologne|Oinkologne-F, L92, F|361/361\n|move|p1a: Amoonguss|Sludge Bomb|p2a: Oinkologne\n|-damage|p2a: Oinkologne|280/361\n|\n|-heal|p2a: Oinkologne|302/361|[from] item: Leftovers\n|upkeep\n|turn|30\n|\n|t:|1782911568\n|move|p2a: Oinkologne|Curse|p2a: Oinkologne\n|-unboost|p2a: Oinkologne|spe|1\n|-boost|p2a: Oinkologne|atk|1\n|-boost|p2a: Oinkologne|def|1\n|move|p1a: Amoonguss|Spore|p2a: Oinkologne\n|-status|p2a: Oinkologne|slp|[from] move: Spore\n|\n|-heal|p2a: Oinkologne|324/361 slp|[from] item: Leftovers\n|upkeep\n|turn|31\n|\n|t:|1782911571\n|switch|p1a: Primarina|Primarina, L83, F|268/268\n|cant|p2a: Oinkologne|slp\n|\n|-heal|p2a: Oinkologne|346/361 slp|[from] item: Leftovers\n|upkeep\n|turn|32\n|\n|t:|1782911574\n|move|p1a: Primarina|Moonblast|p2a: Oinkologne\n|-damage|p2a: Oinkologne|195/361 slp\n|-curestatus|p2a: Oinkologne|slp|[msg]\n|move|p2a: Oinkologne|Body Slam|p1a: Primarina\n|-damage|p1a: Primarina|85/268\n|\n|-heal|p2a: Oinkologne|217/361|[from] item: Leftovers\n|upkeep\n|turn|33\n|\n|t:|1782911579\n|move|p1a: Primarina|Moonblast|p2a: Oinkologne\n|-damage|p2a: Oinkologne|55/361\n|move|p2a: Oinkologne|Body Slam|p1a: Primarina\n|-damage|p1a: Primarina|0 fnt\n|faint|p1a: Primarina\n|\n|-heal|p2a: Oinkologne|77/361|[from] item: Leftovers\n|upkeep\n|\n|t:|1782911580\n|switch|p1a: Meganium|Meganium, L90, M|290/290\n|turn|34\n|\n|t:|1782911584\n|switch|p2a: Meganium|Meganium, L90, F|238/290\n|move|p1a: Meganium|Energy Ball|p2a: Meganium\n|-resisted|p2a: Meganium\n|-damage|p2a: Meganium|199/290\n|\n|-heal|p2a: Meganium|217/290|[from] item: Leftovers\n|upkeep\n|turn|35\n|\n|t:|1782911587\n|move|p1a: Meganium|Knock Off|p2a: Meganium\n|-damage|p2a: Meganium|158/290\n|-enditem|p2a: Meganium|Leftovers|[from] move: Knock Off|[of] p1a: Meganium\n|move|p2a: Meganium|Knock Off|p1a: Meganium\n|-damage|p1a: Meganium|229/290\n|-enditem|p1a: Meganium|Leftovers|[from] move: Knock Off|[of] p2a: Meganium\n|\n|upkeep\n|turn|36\n|\n|t:|1782911595\n|switch|p1a: Amoonguss|Amoonguss, L82, F|321/321\n|move|p2a: Meganium|Synthesis|p2a: Meganium\n|-heal|p2a: Meganium|290/290\n|\n|upkeep\n|turn|37\n|\n|t:|1782911598\n|switch|p2a: Oinkologne|Oinkologne-F, L92, F|77/361\n|move|p1a: Amoonguss|Sludge Bomb|p2a: Oinkologne\n|-damage|p2a: Oinkologne|1/361\n|\n|-heal|p2a: Oinkologne|23/361|[from] item: Leftovers\n|upkeep\n|turn|38\n|\n|t:|1782911601\n|switch|p1a: Ting-Lu|Ting-Lu, L78|191/370\n|-ability|p1a: Ting-Lu|Vessel of Ruin\n|move|p2a: Oinkologne|Body Slam|p1a: Ting-Lu\n|-damage|p1a: Ting-Lu|103/370\n|\n|-heal|p2a: Oinkologne|45/361|[from] item: Leftovers\n|-heal|p1a: Ting-Lu|126/370|[from] item: Leftovers\n|upkeep\n|turn|39\n|\n|t:|1782911607\n|-terastallize|p1a: Ting-Lu|Ghost\n|move|p2a: Oinkologne|Body Slam|p1a: Ting-Lu\n|-immune|p1a: Ting-Lu\n|move|p1a: Ting-Lu|Earthquake|p2a: Oinkologne\n|-damage|p2a: Oinkologne|0 fnt\n|faint|p2a: Oinkologne\n|\n|-heal|p1a: Ting-Lu|149/370|[from] item: Leftovers\n|upkeep\n|\n|t:|1782911618\n|switch|p2a: Quaquaval|Quaquaval, L79, M|264/264\n|turn|40\n|\n|t:|1782911620\n|switch|p1a: Amoonguss|Amoonguss, L82, F|321/321\n|move|p2a: Quaquaval|Aqua Step|p1a: Amoonguss\n|-resisted|p1a: Amoonguss\n|-crit|p1a: Amoonguss\n|-damage|p1a: Amoonguss|237/321\n|-boost|p2a: Quaquaval|spe|1\n|\n|upkeep\n|turn|41\n|\n|t:|1782911625\n|-terastallize|p2a: Quaquaval|Steel\n|move|p2a: Quaquaval|Swords Dance|p2a: Quaquaval\n|-boost|p2a: Quaquaval|atk|2\n|move|p1a: Amoonguss|Giga Drain|p2a: Quaquaval\n|-resisted|p2a: Quaquaval\n|-damage|p2a: Quaquaval|225/264\n|-heal|p1a: Amoonguss|257/321|[from] drain|[of] p2a: Quaquaval\n|\n|-heal|p2a: Quaquaval|241/264|[from] item: Leftovers\n|upkeep\n|turn|42\n|\n|t:|1782911629\n|switch|p1a: Meganium|Meganium, L90, M|229/290\n|move|p2a: Quaquaval|Aqua Step|p1a: Meganium\n|-resisted|p1a: Meganium\n|-damage|p1a: Meganium|148/290\n|-boost|p2a: Quaquaval|spe|1\n|\n|-heal|p2a: Quaquaval|257/264|[from] item: Leftovers\n|upkeep\n|turn|43\n|\n|t:|1782911635\n|move|p2a: Quaquaval|Close Combat|p1a: Meganium\n|-damage|p1a: Meganium|0 fnt\n|-unboost|p2a: Quaquaval|def|1\n|-unboost|p2a: Quaquaval|spd|1\n|faint|p1a: Meganium\n|-ability|p2a: Quaquaval|Moxie|boost\n|-boost|p2a: Quaquaval|atk|1\n|\n|-heal|p2a: Quaquaval|264/264|[from] item: Leftovers\n|upkeep\n|\n|t:|1782911637\n|switch|p1a: Ting-Lu|Ting-Lu, L78, tera:Ghost|149/370\n|-ability|p1a: Ting-Lu|Vessel of Ruin\n|turn|44\n|\n|t:|1782911643\n|move|p2a: Quaquaval|Aqua Step|p1a: Ting-Lu\n|-damage|p1a: Ting-Lu|0 fnt\n|-boost|p2a: Quaquaval|spe|1\n|faint|p1a: Ting-Lu\n|-ability|p2a: Quaquaval|Moxie|boost\n|-boost|p2a: Quaquaval|atk|1\n|\n|upkeep\n|\n|t:|1782911647\n|switch|p1a: Amoonguss|Amoonguss, L82, F|321/321\n|turn|45\n|\n|t:|1782911651\n|move|p2a: Quaquaval|Aqua Step|p1a: Amoonguss\n|-resisted|p1a: Amoonguss\n|-damage|p1a: Amoonguss|157/321\n|-boost|p2a: Quaquaval|spe|1\n|move|p1a: Amoonguss|Stomping Tantrum|p2a: Quaquaval\n|-supereffective|p2a: Quaquaval\n|-damage|p2a: Quaquaval|106/264\n|\n|-heal|p2a: Quaquaval|122/264|[from] item: Leftovers\n|upkeep\n|turn|46\n|\n|t:|1782911654\n|move|p2a: Quaquaval|Aqua Step|p1a: Amoonguss\n|-resisted|p1a: Amoonguss\n|-damage|p1a: Amoonguss|7/321\n|-boost|p2a: Quaquaval|spe|1\n|move|p1a: Amoonguss|Stomping Tantrum|p2a: Quaquaval\n|-supereffective|p2a: Quaquaval\n|-damage|p2a: Quaquaval|0 fnt\n|faint|p2a: Quaquaval\n|\n|upkeep\n|\n|t:|1782911657\n|switch|p2a: Meganium|Meganium, L90, F|290/290\n|turn|47\n|\n|t:|1782911660\n|switch|p1a: Pachirisu|Pachirisu, L96, M|53/271\n|move|p2a: Meganium|Knock Off|p1a: Pachirisu\n|-damage|p1a: Pachirisu|0 fnt\n|-enditem|p1a: Pachirisu|Heavy-Duty Boots|[from] move: Knock Off|[of] p2a: Meganium\n|faint|p1a: Pachirisu\n|\n|upkeep\n|\n|t:|1782911663\n|switch|p1a: Amoonguss|Amoonguss, L82, F|114/321\n|turn|48\n|\n|t:|1782911666\n|move|p2a: Meganium|Knock Off|p1a: Amoonguss\n|-damage|p1a: Amoonguss|57/321\n|move|p1a: Amoonguss|Sludge Bomb|p2a: Meganium\n|-supereffective|p2a: Meganium\n|-damage|p2a: Meganium|144/290\n|-status|p2a: Meganium|psn\n|\n|-damage|p2a: Meganium|108/290 psn|[from] psn\n|upkeep\n|turn|49\n|\n|t:|1782911668\n|switch|p1a: Pincurchin|Pincurchin, M|75/258 brn\n|-fieldstart|move: Electric Terrain|[from] ability: Electric Surge|[of] p1a: Pincurchin\n|move|p2a: Meganium|Knock Off|p1a: Pincurchin\n|-damage|p1a: Pincurchin|16/258 brn\n|-enditem|p1a: Pincurchin|Leftovers|[from] move: Knock Off|[of] p2a: Meganium\n|\n|-damage|p2a: Meganium|72/290 psn|[from] psn\n|-damage|p1a: Pincurchin|0 fnt|[from] brn\n|faint|p1a: Pincurchin\n|upkeep\n|\n|t:|1782911671\n|switch|p1a: Amoonguss|Amoonguss, L82, F|164/321\n|turn|50\n|\n|t:|1782911674\n|move|p2a: Meganium|Knock Off|p1a: Amoonguss\n|-damage|p1a: Amoonguss|110/321\n|move|p1a: Amoonguss|Sludge Bomb|p2a: Meganium\n|-supereffective|p2a: Meganium\n|-damage|p2a: Meganium|0 fnt\n|faint|p2a: Meganium\n|\n|win|jnpr010334\n|raw|jnpr010334's rating: 1852 &rarr; <strong>1880</strong><br />(+28 for winning)\n|raw|Alexspitzcharles's rating: 2009 &rarr; <strong>1981</strong><br />(-28 for losing)\n", "inputlog": ">version f8ac14003a5f27e1bdc8d8c59608a773c1cb96e5\n>start {\"formatid\":\"gen9randombattle\",\"seed\":\"sodium,819636102702edb784deeb22a436214c\",\"rated\":\"Rated battle\"}\n>player p1 {\"name\":\"jnpr010334\",\"avatar\":\"265\",\"rating\":1900,\"seed\":\"sodium,94f76792904957f82f89bfd82885ed46\"}\n>player p2 {\"name\":\"Alexspitzcharles\",\"avatar\":\"1\",\"rating\":2009,\"seed\":\"sodium,eae82f7e9438cf4059d9c4fdf98a711d\"}\n>p1 move sludgebomb\n>p2 move knockoff\n>p1 move sludgebomb\n>p2 switch 2\n>p1 switch 4\n>p2 move bodyslam\n>p1 move stealthrock\n>p2 move bodyslam\n>p1 move earthquake\n>p2 move rapidspin\n>p1 move earthquake\n>p2 switch 5\n>p1 switch 3\n>p2 move willowisp\n>p1 move spikes\n>p2 move willowisp\n>p1 move discharge\n>p2 move sludgebomb\n>p1 move recover\n>p2 move painsplit\n>p1 move discharge\n>p2 move painsplit\n>p1 move scald\n>p2 move painsplit\n>p1 move recover\n>p2 move sludgebomb\n>p1 move discharge\n>p2 switch 4\n>p1 move scald\n>p2 move aurawheel\n>p1 switch 3\n>p2 move rapidspin\n>p1 move earthquake\n>p2 switch 2\n>p1 switch 4\n>p2 move synthesis\n>p1 move sludgebomb\n>p2 switch 5\n>p1 switch 4\n>p2 move bodyslam\n>p1 move stealthrock\n>p2 switch 5\n>p1 switch 4\n>p2 switch 5\n>p2 switch 2\n>p1 move sludgebomb\n>p2 move rapidspin\n>p2 switch 4\n>p1 switch 5\n>p2 move fireblast\n>p1 move superfang\n>p2 move painsplit\n>p1 move discharge\n>p2 move fireblast\n>p1 move discharge\n>p2 move sludgebomb\n>p2 switch 5\n>p1 move uturn\n>p2 move knockoff\n>p1 switch 5\n>p1 move sludgebomb\n>p2 switch 3\n>p1 move spore\n>p2 move curse\n>p1 switch 2\n>p2 move bodyslam\n>p1 move moonblast\n>p2 move bodyslam\n>p1 move moonblast\n>p2 move bodyslam\n>p1 switch 6\n>p1 move energyball\n>p2 switch 3\n>p1 move knockoff\n>p2 move knockoff\n>p1 switch 2\n>p2 move synthesis\n>p1 move sludgebomb\n>p2 switch 3\n>p1 switch 4\n>p2 move bodyslam\n>p1 move earthquake terastallize\n>p2 move bodyslam\n>p2 switch 6\n>p1 switch 4\n>p2 move aquastep\n>p1 move gigadrain\n>p2 move swordsdance terastallize\n>p1 switch 2\n>p2 move aquastep\n>p1 move synthesis\n>p2 move closecombat\n>p1 switch 4\n>p1 move earthquake\n>p2 move aquastep\n>p1 switch 2\n>p1 move stompingtantrum\n>p2 move aquastep\n>p1 move stompingtantrum\n>p2 move aquastep\n>p2 switch 3\n>p1 switch 5\n>p2 move knockoff\n>p1 switch 5\n>p1 move sludgebomb\n>p2 move knockoff\n>p1 switch 3\n>p2 move knockoff\n>p1 switch 3\n>p1 move sludgebomb\n>p2 move knockoff", "uploadtime": 1782911675, "views": 9, "formatid": "gen9randombattle", "rating": 1880, "private": 0, "password": null, "player_dets": [{"name": "jnpr010334", "avatar": "265", "rating": 1900, "seed": "sodium,94f76792904957f82f89bfd82885ed46"}, {"name": "Alexspitzcharles", "avatar": "1", "rating": 2009, "seed": "sodium,eae82f7e9438cf4059d9c4fdf98a711d"}], "teams_full": [{"Amoonguss": {"name": "Amoonguss", "species": "Amoonguss", "speciesId": "amoonguss", "gender": "F", "shiny": false, "level": 82, "moves": ["spore", "gigadrain", "sludgebomb", "stompingtantrum"], "ability": "Regenerator", "evs": {"hp": 85, "atk": 85, "def": 85, "spa": 85, "spd": 85, "spe": 85}, "ivs": {"hp": 31, "atk": 31, "def": 31, "spa": 31, "spd": 31, "spe": 31}, "item": "Leftovers", "teraType": "Steel", "role": "Bulky Attacker", "bvs": {"hp": 114, "atk": 85, "def": 70, "spa": 85, "spd": 80, "spe": 30}, "stats": {"hp": 321, "atk": 187, "def": 162, "spa": 187, "spd": 178, "spe": 96}, "types": ["Grass", "Poison"]}, "Primarina": {"name": "Primarina", "species": "Primarina", "speciesId": "primarina", "gender": "F", "shiny": false, "level": 83, "moves": ["flipturn", "moonblast", "hydropump", "psychic"], "ability": "Torrent", "evs": {"hp": 85, "atk": 85, "def": 85, "spa": 85, "spd": 85, "spe": 85}, "ivs": {"hp": 31, "atk": 31, "def": 31, "spa": 31, "spd": 31, "spe": 31}, "item": "Choice Specs", "teraType": "Water", "role": "Wallbreaker", "bvs": {"hp": 80, "atk": 74, "def": 74, "spa": 126, "spd": 116, "spe": 60}, "stats": {"hp": 268, "atk": 171, "def": 171, "spa": 257, "spd": 240, "spe": 147}, "types": ["Water", "Fairy"]}, "Pincurchin": {"name": "Pincurchin", "species": "Pincurchin", "speciesId": "pincurchin", "gender": "M", "shiny": false, "level": 100, "moves": ["spikes", "scald", "recover", "discharge"], "ability": "Electric Surge", "evs": {"hp": 85, "atk": 0, "def": 85, "spa": 85, "spd": 85, "spe": 85}, "ivs": {"hp": 31, "atk": 0, "def": 31, "spa": 31, "spd": 31, "spe": 31}, "item": "Leftovers", "teraType": "Water", "role": "Bulky Attacker", "bvs": {"hp": 48, "atk": 101, "def": 95, "spa": 91, "spd": 85, "spe": 15}, "stats": {"hp": 258, "atk": 207, "def": 247, "spa": 239, "spd": 227, "spe": 87}, "types": ["Electric"]}, "Ting-Lu": {"name": "Ting-Lu", "species": "Ting-Lu", "speciesId": "tinglu", "gender": "N", "shiny": false, "level": 78, "moves": ["earthquake", "stealthrock", "whirlwind", "throatchop"], "ability": "Vessel of Ruin", "evs": {"hp": 85, "atk": 85, "def": 85, "spa": 85, "spd": 85, "spe": 85}, "ivs": {"hp": 31, "atk": 31, "def": 31, "spa": 31, "spd": 31, "spe": 31}, "item": "Leftovers", "teraType": "Ghost", "role": "Bulky Support", "bvs": {"hp": 155, "atk": 110, "def": 125, "spa": 55, "spd": 80, "spe": 45}, "stats": {"hp": 370, "atk": 217, "def": 240, "spa": 131, "spd": 170, "spe": 115}, "types": ["Dark", "Ground"]}, "Pachirisu": {"name": "Pachirisu", "species": "Pachirisu", "speciesId": "pachirisu", "gender": "M", "shiny": false, "level": 96, "moves": ["superfang", "discharge", "uturn", "encore"], "ability": "Volt Absorb", "evs": {"hp": 85, "atk": 85, "def": 85, "spa": 85, "spd": 85, "spe": 85}, "ivs": {"hp": 31, "atk": 31, "def": 31, "spa": 31, "spd": 31, "spe": 31}, "item": "Heavy-Duty Boots", "teraType": "Flying", "role": "Fast Support", "bvs": {"hp": 60, "atk": 45, "def": 70, "spa": 45, "spd": 90, "spe": 95}, "stats": {"hp": 271, "atk": 141, "def": 189, "spa": 141, "spd": 227, "spe": 237}, "types": ["Electric"]}, "Meganium": {"name": "Meganium", "species": "Meganium", "speciesId": "meganium", "gender": "M", "shiny": false, "level": 90, "moves": ["synthesis", "energyball", "knockoff", "encore"], "ability": "Overgrow", "evs": {"hp": 85, "atk": 85, "def": 85, "spa": 85, "spd": 85, "spe": 85}, "ivs": {"hp": 31, "atk": 31, "def": 31, "spa": 31, "spd": 31, "spe": 31}, "item": "Leftovers", "teraType": "Water", "role": "Bulky Attacker", "bvs": {"hp": 80, "atk": 82, "def": 100, "spa": 83, "spd": 100, "spe": 80}, "stats": {"hp": 290, "atk": 199, "def": 231, "spa": 201, "spd": 231, "spe": 195}, "types": ["Grass"]}}, {"Meganium": {"name": "Meganium", "species": "Meganium", "speciesId": "meganium", "gender": "F", "shiny": false, "level": 90, "moves": ["energyball", "knockoff", "synthesis", "leechseed"], "ability": "Overgrow", "evs": {"hp": 85, "atk": 85, "def": 85, "spa": 85, "spd": 85, "spe": 85}, "ivs": {"hp": 31, "atk": 31, "def": 31, "spa": 31, "spd": 31, "spe": 31}, "item": "Leftovers", "teraType": "Water", "role": "Bulky Attacker", "bvs": {"hp": 80, "atk": 82, "def": 100, "spa": 83, "spd": 100, "spe": 80}, "stats": {"hp": 290, "atk": 199, "def": 231, "spa": 201, "spd": 231, "spe": 195}, "types": ["Grass"]}, "Komala": {"name": "Komala", "species": "Komala", "speciesId": "komala", "gender": "F", "shiny": false, "level": 88, "moves": ["rapidspin", "earthquake", "knockoff", "bodyslam"], "ability": "Comatose", "evs": {"hp": 85, "atk": 85, "def": 85, "spa": 85, "spd": 85, "spe": 85}, "ivs": {"hp": 31, "atk": 31, "def": 31, "spa": 31, "spd": 31, "spe": 31}, "item": "Assault Vest", "teraType": "Ghost", "role": "Bulky Support", "bvs": {"hp": 65, "atk": 115, "def": 65, "spa": 75, "spd": 95, "spe": 65}, "stats": {"hp": 258, "atk": 253, "def": 165, "spa": 182, "spd": 217, "spe": 165}, "types": ["Normal"]}, "Oinkologne": {"name": "Oinkologne", "species": "Oinkologne-F", "speciesId": "oinkolognef", "gender": "F", "shiny": false, "level": 92, "moves": ["lashout", "highhorsepower", "bodyslam", "curse"], "ability": "Thick Fat", "evs": {"hp": 85, "atk": 85, "def": 85, "spa": 85, "spd": 85, "spe": 85}, "ivs": {"hp": 31, "atk": 31, "def": 31, "spa": 31, "spd": 31, "spe": 31}, "item": "Leftovers", "teraType": "Ground", "role": "Bulky Setup", "bvs": {"hp": 115, "atk": 90, "def": 70, "spa": 59, "spd": 90, "spe": 65}, "stats": {"hp": 361, "atk": 218, "def": 181, "spa": 161, "spd": 218, "spe": 172}, "types": ["Normal"]}, "Morpeko": {"name": "Morpeko", "species": "Morpeko", "speciesId": "morpeko", "gender": "F", "shiny": false, "level": 88, "moves": ["rapidspin", "knockoff", "aurawheel", "protect"], "ability": "Hunger Switch", "evs": {"hp": 85, "atk": 85, "def": 85, "spa": 85, "spd": 85, "spe": 85}, "ivs": {"hp": 31, "atk": 31, "def": 31, "spa": 31, "spd": 31, "spe": 31}, "item": "Leftovers", "teraType": "Electric", "role": "Bulky Attacker", "bvs": {"hp": 58, "atk": 95, "def": 58, "spa": 70, "spd": 58, "spe": 97}, "stats": {"hp": 245, "atk": 217, "def": 152, "spa": 173, "spd": 152, "spe": 221}, "types": ["Electric", "Dark"]}, "Weezing": {"name": "Weezing", "species": "Weezing", "speciesId": "weezing", "gender": "F", "shiny": false, "level": 88, "moves": ["sludgebomb", "fireblast", "willowisp", "painsplit"], "ability": "Levitate", "evs": {"hp": 85, "atk": 0, "def": 85, "spa": 85, "spd": 85, "spe": 85}, "ivs": {"hp": 31, "atk": 0, "def": 31, "spa": 31, "spd": 31, "spe": 31}, "item": "Leftovers", "teraType": "Steel", "role": "Bulky Attacker", "bvs": {"hp": 65, "atk": 90, "def": 120, "spa": 85, "spd": 70, "spe": 60}, "stats": {"hp": 258, "atk": 163, "def": 261, "spa": 200, "spd": 173, "spe": 156}, "types": ["Poison"]}, "Quaquaval": {"name": "Quaquaval", "species": "Quaquaval", "speciesId": "quaquaval", "gender": "M", "shiny": false, "level": 79, "moves": ["swordsdance", "aquastep", "closecombat", "roost"], "ability": "Moxie", "evs": {"hp": 85, "atk": 85, "def": 85, "spa": 85, "spd": 85, "spe": 85}, "ivs": {"hp": 31, "atk": 31, "def": 31, "spa": 31, "spd": 31, "spe": 31}, "item": "Leftovers", "teraType": "Steel", "role": "Bulky Attacker", "bvs": {"hp": 85, "atk": 120, "def": 80, "spa": 85, "spd": 75, "spe": 85}, "stats": {"hp": 264, "atk": 235, "def": 172, "spa": 180, "spd": 164, "spe": 180}, "types": ["Water", "Fighting"]}}]}