{"id": "gen9randombattle-2642101125", "format": "[Gen 9] Random Battle", "players": ["woxihuanni", "notmetbh102"], "log": "|badge|p1|bronze|gen9randombattle|100-10\n|uhtml|medal-msg|<div class=\"broadcast-blue\">Curious what those medals under the avatar are? PS now has Ladder Seasons! For more information, check out the <a href=\"https://www.smogon.com/forums/threads/3740067/\">thread on Smogon.</a></div>\n|j|\u2606woxihuanni\n|j|\u2606notmetbh102\n|inactive|Battle timer is ON: inactive players will automatically lose when time's up. (requested by notmetbh102)\n|t:|1782890128\n|gametype|singles\n|player|p1|woxihuanni|170|2315\n|player|p2|notmetbh102|265|2186\n|gen|9\n|tier|[Gen 9] Random Battle\n|rated|\n|rule|Species Clause: Limit one of each Pok\u00e9mon\n|rule|HP Percentage Mod: HP is shown in percentages\n|rule|Sleep Clause Mod: Limit one foe put to sleep\n|rule|Illusion Level Mod: Illusion disguises the Pok\u00e9mon's true level\n|\n|t:|1782890128\n|teamsize|p1|6\n|teamsize|p2|6\n|start\n|switch|p1a: Rhydon|Rhydon, L85, F|317/317\n|switch|p2a: Tauros|Tauros-Paldea-Aqua, L81, M|252/252\n|turn|1\n|c|\u2606notmetbh102|hf\n|\n|t:|1782890144\n|switch|p2a: Ursaluna|Ursaluna, L79, F|335/335\n|move|p1a: Rhydon|Earthquake|p2a: Ursaluna\n|-damage|p2a: Ursaluna|206/335\n|\n|-status|p2a: Ursaluna|brn|[from] item: Flame Orb\n|upkeep\n|turn|2\n|\n|t:|1782890148\n|move|p2a: Ursaluna|Swords Dance|p2a: Ursaluna\n|-boost|p2a: Ursaluna|atk|2\n|move|p1a: Rhydon|Earthquake|p2a: Ursaluna\n|-damage|p2a: Ursaluna|88/335 brn\n|\n|-damage|p2a: Ursaluna|68/335 brn|[from] brn\n|upkeep\n|turn|3\n|\n|t:|1782890157\n|switch|p1a: Houndstone|Houndstone, L86, M|264/264\n|move|p2a: Ursaluna|Headlong Rush|p1a: Houndstone\n|-damage|p1a: Houndstone|78/264\n|-unboost|p2a: Ursaluna|def|1\n|-unboost|p2a: Ursaluna|spd|1\n|\n|-heal|p1a: Houndstone|94/264|[from] item: Leftovers\n|-damage|p2a: Ursaluna|48/335 brn|[from] brn\n|upkeep\n|turn|4\n|\n|t:|1782890164\n|switch|p2a: Ho-Oh|Ho-Oh, L71|268/268\n|move|p1a: Houndstone|Body Press|p2a: Ho-Oh\n|-resisted|p2a: Ho-Oh\n|-damage|p2a: Ho-Oh|233/268\n|\n|-heal|p1a: Houndstone|110/264|[from] item: Leftovers\n|upkeep\n|turn|5\n|\n|t:|1782890168\n|switch|p1a: Mudsdale|Mudsdale, L83, M|302/302\n|move|p2a: Ho-Oh|Sacred Fire|p1a: Mudsdale\n|-damage|p1a: Mudsdale|208/302\n|-status|p1a: Mudsdale|brn\n|-ability|p1a: Mudsdale|Stamina|boost\n|-boost|p1a: Mudsdale|def|1\n|\n|-heal|p1a: Mudsdale|226/302 brn|[from] item: Leftovers\n|-damage|p1a: Mudsdale|208/302 brn|[from] brn\n|upkeep\n|turn|6\n|\n|t:|1782890171\n|switch|p2a: Vaporeon|Vaporeon, L86, F|364/364\n|move|p1a: Mudsdale|Stealth Rock|p2a: Vaporeon\n|-sidestart|p2: notmetbh102|move: Stealth Rock\n|\n|-heal|p1a: Mudsdale|226/302 brn|[from] item: Leftovers\n|-damage|p1a: Mudsdale|208/302 brn|[from] brn\n|upkeep\n|turn|7\n|\n|t:|1782890178\n|move|p2a: Vaporeon|Scald|p1a: Mudsdale\n|-supereffective|p1a: Mudsdale\n|-damage|p1a: Mudsdale|8/302 brn\n|-ability|p1a: Mudsdale|Stamina|boost\n|-boost|p1a: Mudsdale|def|1\n|move|p1a: Mudsdale|Earthquake|p2a: Vaporeon\n|-damage|p2a: Vaporeon|286/364\n|\n|-heal|p2a: Vaporeon|308/364|[from] item: Leftovers\n|-heal|p1a: Mudsdale|26/302 brn|[from] item: Leftovers\n|-damage|p1a: Mudsdale|8/302 brn|[from] brn\n|upkeep\n|turn|8\n|\n|t:|1782890182\n|move|p2a: Vaporeon|Scald|p1a: Mudsdale\n|-supereffective|p1a: Mudsdale\n|-damage|p1a: Mudsdale|0 fnt\n|faint|p1a: Mudsdale\n|\n|-heal|p2a: Vaporeon|330/364|[from] item: Leftovers\n|upkeep\n|\n|t:|1782890186\n|switch|p1a: Cresselia|Cresselia, L80, F|323/323\n|turn|9\n|\n|t:|1782890188\n|move|p1a: Cresselia|Calm Mind|p1a: Cresselia\n|-boost|p1a: Cresselia|spa|1\n|-boost|p1a: Cresselia|spd|1\n|move|p2a: Vaporeon|Wish|p2a: Vaporeon\n|\n|-heal|p2a: Vaporeon|352/364|[from] item: Leftovers\n|upkeep\n|turn|10\n|\n|t:|1782890192\n|move|p1a: Cresselia|Psyshock|p2a: Vaporeon\n|-damage|p2a: Vaporeon|222/364\n|move|p2a: Vaporeon|Roar|p1a: Cresselia\n|drag|p1a: Houndstone|Houndstone, L86, M|110/264\n|\n|-heal|p2a: Vaporeon|364/364|[from] move: Wish|[wisher] Vaporeon\n|-heal|p1a: Houndstone|126/264|[from] item: Leftovers\n|upkeep\n|turn|11\n|\n|t:|1782890195\n|move|p1a: Houndstone|Poltergeist|p2a: Vaporeon\n|-activate|p2a: Vaporeon|move: Poltergeist|Leftovers\n|-crit|p2a: Vaporeon\n|-damage|p2a: Vaporeon|126/364\n|move|p2a: Vaporeon|Scald|p1a: Houndstone\n|-damage|p1a: Houndstone|29/264\n|\n|-heal|p1a: Houndstone|45/264|[from] item: Leftovers\n|-heal|p2a: Vaporeon|148/364|[from] item: Leftovers\n|upkeep\n|turn|12\n|\n|t:|1782890200\n|move|p2a: Vaporeon|Protect|p2a: Vaporeon\n|-singleturn|p2a: Vaporeon|Protect\n|move|p1a: Houndstone|Poltergeist|p2a: Vaporeon\n|-activate|p2a: Vaporeon|move: Protect\n|\n|-heal|p1a: Houndstone|61/264|[from] item: Leftovers\n|-heal|p2a: Vaporeon|170/364|[from] item: Leftovers\n|upkeep\n|turn|13\n|\n|t:|1782890205\n|move|p1a: Houndstone|Rest|p1a: Houndstone\n|-status|p1a: Houndstone|slp|[from] move: Rest\n|-heal|p1a: Houndstone|264/264 slp|[silent]\n|move|p2a: Vaporeon|Scald|p1a: Houndstone\n|-damage|p1a: Houndstone|177/264 slp\n|\n|-heal|p1a: Houndstone|193/264 slp|[from] item: Leftovers\n|-heal|p2a: Vaporeon|192/364|[from] item: Leftovers\n|upkeep\n|turn|14\n|\n|t:|1782890207\n|cant|p1a: Houndstone|slp\n|move|p1a: Houndstone|Sleep Talk|p1a: Houndstone\n|move|p1a: Houndstone|Rest||[from] move: Sleep Talk|[still]\n|-fail|p1a: Houndstone\n|move|p2a: Vaporeon|Wish|p2a: Vaporeon\n|\n|-heal|p1a: Houndstone|209/264 slp|[from] item: Leftovers\n|-heal|p2a: Vaporeon|214/364|[from] item: Leftovers\n|upkeep\n|turn|15\n|\n|t:|1782890211\n|cant|p1a: Houndstone|slp\n|move|p1a: Houndstone|Sleep Talk|p1a: Houndstone\n|move|p1a: Houndstone|Rest||[from] move: Sleep Talk|[still]\n|-fail|p1a: Houndstone\n|move|p2a: Vaporeon|Scald|p1a: Houndstone\n|-damage|p1a: Houndstone|122/264 slp\n|\n|-heal|p2a: Vaporeon|364/364|[from] move: Wish|[wisher] Vaporeon\n|-heal|p1a: Houndstone|138/264 slp|[from] item: Leftovers\n|upkeep\n|turn|16\n|\n|t:|1782890213\n|-curestatus|p1a: Houndstone|slp|[msg]\n|move|p1a: Houndstone|Poltergeist|p2a: Vaporeon\n|-activate|p2a: Vaporeon|move: Poltergeist|Leftovers\n|-damage|p2a: Vaporeon|195/364\n|move|p2a: Vaporeon|Scald|p1a: Houndstone\n|-crit|p1a: Houndstone\n|-damage|p1a: Houndstone|9/264\n|\n|-heal|p1a: Houndstone|25/264|[from] item: Leftovers\n|-heal|p2a: Vaporeon|217/364|[from] item: Leftovers\n|upkeep\n|turn|17\n|\n|t:|1782890221\n|move|p1a: Houndstone|Poltergeist|p2a: Vaporeon\n|-activate|p2a: Vaporeon|move: Poltergeist|Leftovers\n|-damage|p2a: Vaporeon|49/364\n|move|p2a: Vaporeon|Scald|p1a: Houndstone\n|-damage|p1a: Houndstone|0 fnt\n|faint|p1a: Houndstone\n|\n|-heal|p2a: Vaporeon|71/364|[from] item: Leftovers\n|upkeep\n|\n|t:|1782890227\n|switch|p1a: Cresselia|Cresselia, L80, F|323/323\n|turn|18\n|\n|t:|1782890230\n|move|p2a: Vaporeon|Protect|p2a: Vaporeon\n|-singleturn|p2a: Vaporeon|Protect\n|move|p1a: Cresselia|Psyshock|p2a: Vaporeon\n|-activate|p2a: Vaporeon|move: Protect\n|\n|-heal|p2a: Vaporeon|93/364|[from] item: Leftovers\n|upkeep\n|turn|19\n|\n|t:|1782890232\n|move|p1a: Cresselia|Thunderbolt|p2a: Vaporeon\n|-supereffective|p2a: Vaporeon\n|-damage|p2a: Vaporeon|0 fnt\n|faint|p2a: Vaporeon\n|\n|upkeep\n|\n|t:|1782890233\n|switch|p2a: Klefki|Klefki, L84, F|233/233\n|-damage|p2a: Klefki|219/233|[from] Stealth Rock\n|turn|20\n|\n|t:|1782890239\n|-terastallize|p1a: Cresselia|Electric\n|move|p2a: Klefki|Thunder Wave|p1a: Cresselia\n|-immune|p1a: Cresselia\n|move|p1a: Cresselia|Calm Mind|p1a: Cresselia\n|-boost|p1a: Cresselia|spa|1\n|-boost|p1a: Cresselia|spd|1\n|\n|-heal|p2a: Klefki|233/233|[from] item: Leftovers\n|upkeep\n|turn|21\n|\n|t:|1782890244\n|switch|p2a: Ursaluna|Ursaluna, L79, F|48/335 brn\n|-damage|p2a: Ursaluna|28/335 brn|[from] Stealth Rock\n|move|p1a: Cresselia|Calm Mind|p1a: Cresselia\n|-boost|p1a: Cresselia|spa|1\n|-boost|p1a: Cresselia|spd|1\n|\n|-damage|p2a: Ursaluna|8/335 brn|[from] brn\n|upkeep\n|turn|22\n|\n|t:|1782890247\n|switch|p2a: Klefki|Klefki, L84, F|233/233\n|-damage|p2a: Klefki|219/233|[from] Stealth Rock\n|move|p1a: Cresselia|Psyshock|p2a: Klefki\n|-resisted|p2a: Klefki\n|-damage|p2a: Klefki|159/233\n|\n|-heal|p2a: Klefki|173/233|[from] item: Leftovers\n|upkeep\n|turn|23\n|\n|t:|1782890250\n|move|p2a: Klefki|Spikes|p1a: Cresselia\n|-sidestart|p1: woxihuanni|Spikes\n|move|p1a: Cresselia|Calm Mind|p1a: Cresselia\n|-boost|p1a: Cresselia|spa|1\n|-boost|p1a: Cresselia|spd|1\n|\n|-heal|p2a: Klefki|187/233|[from] item: Leftovers\n|upkeep\n|turn|24\n|\n|t:|1782890252\n|move|p2a: Klefki|Spikes|p1a: Cresselia\n|-sidestart|p1: woxihuanni|Spikes\n|move|p1a: Cresselia|Calm Mind|p1a: Cresselia\n|-boost|p1a: Cresselia|spa|1\n|-boost|p1a: Cresselia|spd|1\n|\n|-heal|p2a: Klefki|201/233|[from] item: Leftovers\n|upkeep\n|turn|25\n|\n|t:|1782890254\n|switch|p2a: Ursaluna|Ursaluna, L79, F|8/335 brn\n|-damage|p2a: Ursaluna|0 fnt|[from] Stealth Rock\n|faint|p2a: Ursaluna\n|move|p1a: Cresselia|Thunderbolt|p2: Ursaluna|[notarget]\n|-fail|p1a: Cresselia\n|\n|upkeep\n|\n|t:|1782890255\n|switch|p2a: Ho-Oh|Ho-Oh, L71|268/268\n|turn|26\n|\n|t:|1782890258\n|move|p1a: Cresselia|Psyshock|p2a: Ho-Oh\n|-damage|p2a: Ho-Oh|48/268\n|move|p2a: Ho-Oh|Sacred Fire|p1a: Cresselia\n|-damage|p1a: Cresselia|235/323\n|-status|p1a: Cresselia|brn\n|\n|-heal|p1a: Cresselia|255/323 brn|[from] item: Leftovers\n|-damage|p1a: Cresselia|235/323 brn|[from] brn\n|upkeep\n|turn|27\n|\n|t:|1782890264\n|switch|p2a: Klefki|Klefki, L84, F|201/233\n|-damage|p2a: Klefki|187/233|[from] Stealth Rock\n|move|p1a: Cresselia|Psyshock|p2a: Klefki\n|-resisted|p2a: Klefki\n|-damage|p2a: Klefki|89/233\n|\n|-heal|p1a: Cresselia|255/323 brn|[from] item: Leftovers\n|-heal|p2a: Klefki|103/233|[from] item: Leftovers\n|-damage|p1a: Cresselia|235/323 brn|[from] brn\n|upkeep\n|turn|28\n|\n|t:|1782890268\n|move|p2a: Klefki|Spikes|p1a: Cresselia\n|-sidestart|p1: woxihuanni|Spikes\n|move|p1a: Cresselia|Calm Mind|p1a: Cresselia\n|-boost|p1a: Cresselia|spa|1\n|-boost|p1a: Cresselia|spd|1\n|\n|-heal|p1a: Cresselia|255/323 brn|[from] item: Leftovers\n|-heal|p2a: Klefki|117/233|[from] item: Leftovers\n|-damage|p1a: Cresselia|235/323 brn|[from] brn\n|upkeep\n|turn|29\n|\n|t:|1782890270\n|move|p2a: Klefki|Thunder Wave||[still]\n|-fail|p2a: Klefki\n|move|p1a: Cresselia|Moonlight|p1a: Cresselia\n|-heal|p1a: Cresselia|323/323 brn\n|\n|-heal|p2a: Klefki|131/233|[from] item: Leftovers\n|-damage|p1a: Cresselia|303/323 brn|[from] brn\n|upkeep\n|turn|30\n|\n|t:|1782890272\n|move|p2a: Klefki|Spikes||[still]\n|-fail|p2a: Klefki\n|move|p1a: Cresselia|Thunderbolt|p2a: Klefki\n|-damage|p2a: Klefki|0 fnt\n|faint|p2a: Klefki\n|\n|-heal|p1a: Cresselia|323/323 brn|[from] item: Leftovers\n|-damage|p1a: Cresselia|303/323 brn|[from] brn\n|upkeep\n|\n|t:|1782890273\n|switch|p2a: Tauros|Tauros-Paldea-Aqua, L81, M|252/252\n|-damage|p2a: Tauros|237/252|[from] Stealth Rock\n|turn|31\n|\n|t:|1782890278\n|move|p2a: Tauros|Substitute|p2a: Tauros\n|-start|p2a: Tauros|Substitute\n|-damage|p2a: Tauros|174/252\n|move|p1a: Cresselia|Psyshock|p2a: Tauros\n|-supereffective|p2a: Tauros\n|-end|p2a: Tauros|Substitute\n|\n|-heal|p1a: Cresselia|323/323 brn|[from] item: Leftovers\n|-damage|p1a: Cresselia|303/323 brn|[from] brn\n|upkeep\n|turn|32\n|\n|t:|1782890282\n|move|p2a: Tauros|Substitute|p2a: Tauros\n|-start|p2a: Tauros|Substitute\n|-damage|p2a: Tauros|111/252\n|-enditem|p2a: Tauros|Sitrus Berry|[eat]\n|-heal|p2a: Tauros|174/252|[from] item: Sitrus Berry\n|move|p1a: Cresselia|Thunderbolt|p2a: Tauros\n|-supereffective|p2a: Tauros\n|-end|p2a: Tauros|Substitute\n|\n|-heal|p1a: Cresselia|323/323 brn|[from] item: Leftovers\n|-damage|p1a: Cresselia|303/323 brn|[from] brn\n|upkeep\n|turn|33\n|\n|t:|1782890284\n|move|p2a: Tauros|Substitute|p2a: Tauros\n|-start|p2a: Tauros|Substitute\n|-damage|p2a: Tauros|111/252\n|move|p1a: Cresselia|Psyshock|p2a: Tauros\n|-supereffective|p2a: Tauros\n|-end|p2a: Tauros|Substitute\n|\n|-heal|p1a: Cresselia|323/323 brn|[from] item: Leftovers\n|-damage|p1a: Cresselia|303/323 brn|[from] brn\n|-activate|p2a: Tauros|ability: Cud Chew\n|-enditem|p2a: Tauros|Sitrus Berry|[eat]\n|-heal|p2a: Tauros|174/252|[from] item: Sitrus Berry\n|upkeep\n|turn|34\n|\n|t:|1782890286\n|move|p2a: Tauros|Substitute|p2a: Tauros\n|-start|p2a: Tauros|Substitute\n|-damage|p2a: Tauros|111/252\n|move|p1a: Cresselia|Thunderbolt|p2a: Tauros\n|-supereffective|p2a: Tauros\n|-end|p2a: Tauros|Substitute\n|\n|-heal|p1a: Cresselia|323/323 brn|[from] item: Leftovers\n|-damage|p1a: Cresselia|303/323 brn|[from] brn\n|upkeep\n|turn|35\n|\n|t:|1782890288\n|move|p2a: Tauros|Substitute|p2a: Tauros\n|-start|p2a: Tauros|Substitute\n|-damage|p2a: Tauros|48/252\n|move|p1a: Cresselia|Thunderbolt|p2a: Tauros\n|-supereffective|p2a: Tauros\n|-end|p2a: Tauros|Substitute\n|\n|-heal|p1a: Cresselia|323/323 brn|[from] item: Leftovers\n|-damage|p1a: Cresselia|303/323 brn|[from] brn\n|upkeep\n|turn|36\n|\n|t:|1782890290\n|move|p2a: Tauros|Liquidation|p1a: Cresselia\n|-damage|p1a: Cresselia|219/323 brn\n|move|p1a: Cresselia|Thunderbolt|p2a: Tauros\n|-supereffective|p2a: Tauros\n|-damage|p2a: Tauros|0 fnt\n|faint|p2a: Tauros\n|\n|-heal|p1a: Cresselia|239/323 brn|[from] item: Leftovers\n|-damage|p1a: Cresselia|219/323 brn|[from] brn\n|upkeep\n|\n|t:|1782890291\n|switch|p2a: Ho-Oh|Ho-Oh, L71|137/268\n|turn|37\n|\n|t:|1782890293\n|move|p1a: Cresselia|Psyshock|p2a: Ho-Oh\n|-damage|p2a: Ho-Oh|0 fnt\n|faint|p2a: Ho-Oh\n|\n|-heal|p1a: Cresselia|239/323 brn|[from] item: Leftovers\n|-damage|p1a: Cresselia|219/323 brn|[from] brn\n|upkeep\n|\n|t:|1782890294\n|switch|p2a: Terapagos|Terapagos, L77, M|265/265\n|-activate|p2a: Terapagos|ability: Tera Shift\n|detailschange|p2a: Terapagos|Terapagos-Terastal, L77, M\n|-heal|p2a: Terapagos|273/273|[silent]\n|-damage|p2a: Terapagos|239/273|[from] Stealth Rock\n|turn|38\n|\n|t:|1782890296\n|move|p1a: Cresselia|Thunderbolt|p2a: Terapagos\n|-damage|p2a: Terapagos|4/273\n|move|p2a: Terapagos|Rest|p2a: Terapagos\n|-status|p2a: Terapagos|slp|[from] move: Rest\n|-heal|p2a: Terapagos|273/273 slp|[silent]\n|-enditem|p2a: Terapagos|Chesto Berry|[eat]\n|-curestatus|p2a: Terapagos|slp|[msg]\n|\n|-heal|p1a: Cresselia|239/323 brn|[from] item: Leftovers\n|-damage|p1a: Cresselia|219/323 brn|[from] brn\n|upkeep\n|turn|39\n|\n|t:|1782890298\n|move|p1a: Cresselia|Psyshock|p2a: Terapagos\n|-activate|p2a: Terapagos|ability: Tera Shell\n|-resisted|p2a: Terapagos\n|-damage|p2a: Terapagos|168/273\n|move|p2a: Terapagos|Rest|p2a: Terapagos\n|-status|p2a: Terapagos|slp|[from] move: Rest\n|-heal|p2a: Terapagos|273/273 slp|[silent]\n|\n|-heal|p1a: Cresselia|239/323 brn|[from] item: Leftovers\n|-damage|p1a: Cresselia|219/323 brn|[from] brn\n|upkeep\n|turn|40\n|\n|t:|1782890300\n|move|p1a: Cresselia|Psyshock|p2a: Terapagos\n|-activate|p2a: Terapagos|ability: Tera Shell\n|-resisted|p2a: Terapagos\n|-damage|p2a: Terapagos|163/273 slp\n|cant|p2a: Terapagos|slp\n|\n|-heal|p1a: Cresselia|239/323 brn|[from] item: Leftovers\n|-damage|p1a: Cresselia|219/323 brn|[from] brn\n|upkeep\n|turn|41\n|\n|t:|1782890302\n|-terastallize|p2a: Terapagos|Stellar\n|detailschange|p2a: Terapagos|Terapagos-Stellar, L77, M, tera:Stellar\n|-heal|p2a: Terapagos|263/373 slp|[silent]\n|move|p1a: Cresselia|Psyshock|p2a: Terapagos\n|-damage|p2a: Terapagos|67/373 slp\n|cant|p2a: Terapagos|slp\n|\n|-heal|p1a: Cresselia|239/323 brn|[from] item: Leftovers\n|-damage|p1a: Cresselia|219/323 brn|[from] brn\n|upkeep\n|turn|42\n|\n|t:|1782890304\n|move|p1a: Cresselia|Psyshock|p2a: Terapagos\n|-damage|p2a: Terapagos|0 fnt\n|faint|p2a: Terapagos\n|detailschange|p2: Terapagos|Terapagos, L77, M|[silent]\n|\n|win|woxihuanni\n|raw|woxihuanni's rating: 2315 &rarr; <strong>2328</strong><br />(+13 for winning)\n|raw|notmetbh102's rating: 2186 &rarr; <strong>2173</strong><br />(-13 for losing)\n|c|\u2606notmetbh102|gg\n", "inputlog": ">version f8ac14003a5f27e1bdc8d8c59608a773c1cb96e5\n>start {\"formatid\":\"gen9randombattle\",\"seed\":\"sodium,1d38e8e4de11e32aab7027a43050a33a\",\"rated\":\"Rated battle\"}\n>player p1 {\"name\":\"woxihuanni\",\"avatar\":\"170\",\"rating\":2315,\"seed\":\"sodium,7bc569059fa120532f6039d2a7295c1a\"}\n>player p2 {\"name\":\"notmetbh102\",\"avatar\":\"265\",\"rating\":2186,\"seed\":\"sodium,cb6c33501c9e617132d7db308deb99cf\"}\n>chat \u2606notmetbh102|hf\n>p1 move earthquake\n>p2 switch 4\n>p1 move earthquake\n>p2 move swordsdance\n>p1 switch 3\n>p2 move headlongrush\n>p1 move bodypress\n>p2 switch 5\n>p1 switch 4\n>p2 move sacredfire\n>p1 move stealthrock\n>p2 switch 2\n>p1 move earthquake\n>p2 move scald\n>p1 move earthquake\n>p2 move scald\n>p1 switch 2\n>p1 move calmmind\n>p2 move wish\n>p1 move psyshock\n>p2 move roar\n>p1 move poltergeist\n>p2 move scald\n>p1 move poltergeist\n>p2 move protect\n>p1 move rest\n>p2 move scald\n>p1 move sleeptalk\n>p2 move wish\n>p1 move sleeptalk\n>p2 move scald\n>p1 move poltergeist\n>p2 move scald\n>p1 move poltergeist\n>p2 move scald\n>p1 switch 4\n>p1 move psyshock\n>p2 move protect\n>p1 move thunderbolt\n>p2 move wish\n>p2 switch 3\n>p1 move calmmind terastallize\n>p2 move thunderwave\n>p1 move calmmind\n>p2 switch 5\n>p1 move psyshock\n>p2 switch 5\n>p1 move calmmind\n>p2 move spikes\n>p1 move calmmind\n>p2 move spikes\n>p1 move thunderbolt\n>p2 switch 5\n>p2 switch 2\n>p1 move psyshock\n>p2 move sacredfire\n>p1 move psyshock\n>p2 switch 5\n>p1 move calmmind\n>p2 move spikes\n>p1 move moonlight\n>p2 move thunderwave\n>p1 move thunderbolt\n>p2 move spikes\n>p2 switch 4\n>p1 move psyshock\n>p2 move substitute\n>p1 move thunderbolt\n>p2 move substitute\n>p1 move psyshock\n>p2 move substitute\n>p1 move thunderbolt\n>p2 move substitute\n>p1 move thunderbolt\n>p2 move substitute\n>p1 move thunderbolt\n>p2 move liquidation\n>p2 switch 5\n>p1 move psyshock\n>p2 move bravebird\n>p2 switch 6\n>p1 move thunderbolt\n>p2 move rest\n>p1 move psyshock\n>p2 move rest\n>p1 move psyshock\n>p2 move terastarstorm\n>p1 move psyshock\n>p2 move rest terastallize\n>p1 move psyshock\n>p2 move darkpulse", "uploadtime": 1782890305, "views": 2, "formatid": "gen9randombattle", "rating": 2173, "private": 0, "password": null, "player_dets": [{"name": "woxihuanni", "avatar": "170", "rating": 2315, "seed": "sodium,7bc569059fa120532f6039d2a7295c1a"}, {"name": "notmetbh102", "avatar": "265", "rating": 2186, "seed": "sodium,cb6c33501c9e617132d7db308deb99cf"}], "teams_full": [{"Rhydon": {"name": "Rhydon", "species": "Rhydon", "speciesId": "rhydon", "gender": "F", "shiny": false, "level": 85, "moves": ["stoneedge", "megahorn", "swordsdance", "earthquake"], "ability": "Lightning Rod", "evs": {"hp": 85, "atk": 85, "def": 85, "spa": 85, "spd": 85, "spe": 85}, "ivs": {"hp": 31, "atk": 31, "def": 31, "spa": 31, "spd": 31, "spe": 31}, "item": "Eviolite", "teraType": "Grass", "role": "Bulky Attacker", "bvs": {"hp": 105, "atk": 130, "def": 120, "spa": 45, "spd": 45, "spe": 40}, "stats": {"hp": 317, "atk": 270, "def": 253, "spa": 125, "spd": 125, "spe": 117}, "types": ["Ground", "Rock"]}, "Cresselia": {"name": "Cresselia", "species": "Cresselia", "speciesId": "cresselia", "gender": "F", "shiny": false, "level": 80, "moves": ["calmmind", "thunderbolt", "psyshock", "moonlight"], "ability": "Levitate", "evs": {"hp": 85, "atk": 0, "def": 85, "spa": 85, "spd": 85, "spe": 85}, "ivs": {"hp": 31, "atk": 0, "def": 31, "spa": 31, "spd": 31, "spe": 31}, "item": "Leftovers", "teraType": "Electric", "role": "Bulky Setup", "bvs": {"hp": 120, "atk": 70, "def": 110, "spa": 75, "spd": 120, "spe": 85}, "stats": {"hp": 323, "atk": 117, "def": 222, "spa": 166, "spd": 238, "spe": 182}, "types": ["Psychic"]}, "Houndstone": {"name": "Houndstone", "species": "Houndstone", "speciesId": "houndstone", "gender": "M", "shiny": false, "level": 86, "moves": ["rest", "poltergeist", "bodypress", "sleeptalk"], "ability": "Fluffy", "evs": {"hp": 85, "atk": 85, "def": 85, "spa": 85, "spd": 85, "spe": 85}, "ivs": {"hp": 31, "atk": 31, "def": 31, "spa": 31, "spd": 31, "spe": 31}, "item": "Leftovers", "teraType": "Fighting", "role": "Bulky Support", "bvs": {"hp": 72, "atk": 101, "def": 100, "spa": 50, "spd": 97, "spe": 68}, "stats": {"hp": 264, "atk": 223, "def": 221, "spa": 135, "spd": 216, "spe": 166}, "types": ["Ghost"]}, "Mudsdale": {"name": "Mudsdale", "species": "Mudsdale", "speciesId": "mudsdale", "gender": "M", "shiny": false, "level": 83, "moves": ["stealthrock", "stoneedge", "earthquake", "heavyslam"], "ability": "Stamina", "evs": {"hp": 85, "atk": 85, "def": 85, "spa": 85, "spd": 85, "spe": 85}, "ivs": {"hp": 31, "atk": 31, "def": 31, "spa": 31, "spd": 31, "spe": 31}, "item": "Leftovers", "teraType": "Steel", "role": "Bulky Attacker", "bvs": {"hp": 100, "atk": 125, "def": 100, "spa": 55, "spd": 85, "spe": 35}, "stats": {"hp": 302, "atk": 255, "def": 214, "spa": 139, "spd": 189, "spe": 106}, "types": ["Ground"]}, "Salazzle": {"name": "Salazzle", "species": "Salazzle", "speciesId": "salazzle", "gender": "F", "shiny": false, "level": 83, "moves": ["flamethrower", "toxic", "protect", "substitute"], "ability": "Corrosion", "evs": {"hp": 85, "atk": 0, "def": 85, "spa": 85, "spd": 85, "spe": 85}, "ivs": {"hp": 31, "atk": 0, "def": 31, "spa": 31, "spd": 31, "spe": 31}, "item": "Leftovers", "teraType": "Grass", "role": "Fast Support", "bvs": {"hp": 68, "atk": 64, "def": 60, "spa": 111, "spd": 60, "spe": 117}, "stats": {"hp": 249, "atk": 111, "def": 147, "spa": 232, "spd": 147, "spe": 242}, "types": ["Poison", "Fire"]}, "Rabsca": {"name": "Rabsca", "species": "Rabsca", "speciesId": "rabsca", "gender": "M", "shiny": false, "level": 91, "moves": ["bugbuzz", "psychic", "revivalblessing", "recover"], "ability": "Synchronize", "evs": {"hp": 85, "atk": 0, "def": 85, "spa": 85, "spd": 85, "spe": 85}, "ivs": {"hp": 31, "atk": 0, "def": 31, "spa": 31, "spd": 31, "spe": 31}, "item": "Heavy-Duty Boots", "teraType": "Steel", "role": "Wallbreaker", "bvs": {"hp": 75, "atk": 50, "def": 85, "spa": 115, "spd": 100, "spe": 45}, "stats": {"hp": 284, "atk": 96, "def": 207, "spa": 261, "spd": 234, "spe": 134}, "types": ["Bug", "Psychic"]}}, {"Tauros": {"name": "Tauros", "species": "Tauros-Paldea-Aqua", "speciesId": "taurospaldeaaqua", "gender": "M", "shiny": false, "level": 81, "moves": ["bulkup", "substitute", "liquidation", "closecombat"], "ability": "Cud Chew", "evs": {"hp": 73, "atk": 85, "def": 85, "spa": 85, "spd": 85, "spe": 85}, "ivs": {"hp": 31, "atk": 31, "def": 31, "spa": 31, "spd": 31, "spe": 31}, "item": "Sitrus Berry", "teraType": "Steel", "role": "Fast Bulky Setup", "bvs": {"hp": 75, "atk": 110, "def": 105, "spa": 30, "spd": 70, "spe": 100}, "stats": {"hp": 252, "atk": 225, "def": 217, "spa": 95, "spd": 160, "spe": 209}, "types": ["Fighting", "Water"]}, "Vaporeon": {"name": "Vaporeon", "species": "Vaporeon", "speciesId": "vaporeon", "gender": "F", "shiny": false, "level": 86, "moves": ["protect", "scald", "wish", "roar"], "ability": "Water Absorb", "evs": {"hp": 85, "atk": 0, "def": 85, "spa": 85, "spd": 85, "spe": 85}, "ivs": {"hp": 31, "atk": 0, "def": 31, "spa": 31, "spd": 31, "spe": 31}, "item": "Leftovers", "teraType": "Ground", "role": "Bulky Attacker", "bvs": {"hp": 130, "atk": 65, "def": 60, "spa": 110, "spd": 95, "spe": 65}, "stats": {"hp": 364, "atk": 116, "def": 152, "spa": 238, "spd": 213, "spe": 161}, "types": ["Water"]}, "Klefki": {"name": "Klefki", "species": "Klefki", "speciesId": "klefki", "gender": "F", "shiny": false, "level": 84, "moves": ["spikes", "dazzlinggleam", "foulplay", "thunderwave"], "ability": "Prankster", "evs": {"hp": 85, "atk": 0, "def": 85, "spa": 85, "spd": 85, "spe": 85}, "ivs": {"hp": 31, "atk": 0, "def": 31, "spa": 31, "spd": 31, "spe": 31}, "item": "Leftovers", "teraType": "Water", "role": "Bulky Attacker", "bvs": {"hp": 57, "atk": 80, "def": 91, "spa": 80, "spd": 87, "spe": 75}, "stats": {"hp": 233, "atk": 139, "def": 201, "spa": 183, "spd": 194, "spe": 174}, "types": ["Steel", "Fairy"]}, "Ursaluna": {"name": "Ursaluna", "species": "Ursaluna", "speciesId": "ursaluna", "gender": "F", "shiny": false, "level": 79, "moves": ["swordsdance", "facade", "trailblaze", "headlongrush"], "ability": "Guts", "evs": {"hp": 85, "atk": 85, "def": 85, "spa": 85, "spd": 85, "spe": 85}, "ivs": {"hp": 31, "atk": 31, "def": 31, "spa": 31, "spd": 31, "spe": 31}, "item": "Flame Orb", "teraType": "Normal", "role": "Bulky Attacker", "bvs": {"hp": 130, "atk": 140, "def": 105, "spa": 45, "spd": 80, "spe": 50}, "stats": {"hp": 335, "atk": 267, "def": 211, "spa": 117, "spd": 172, "spe": 125}, "types": ["Ground", "Normal"]}, "Ho-Oh": {"name": "Ho-Oh", "species": "Ho-Oh", "speciesId": "hooh", "gender": "N", "shiny": false, "level": 71, "moves": ["sacredfire", "recover", "bravebird", "earthquake"], "ability": "Regenerator", "evs": {"hp": 85, "atk": 85, "def": 85, "spa": 85, "spd": 85, "spe": 85}, "ivs": {"hp": 31, "atk": 31, "def": 31, "spa": 31, "spd": 31, "spe": 31}, "item": "Heavy-Duty Boots", "teraType": "Ground", "role": "Bulky Attacker", "bvs": {"hp": 106, "atk": 130, "def": 90, "spa": 110, "spd": 154, "spe": 90}, "stats": {"hp": 268, "atk": 226, "def": 169, "spa": 198, "spd": 260, "spe": 169}, "types": ["Fire", "Flying"]}, "Terapagos": {"name": "Terapagos", "species": "Terapagos", "speciesId": "terapagos", "gender": "M", "shiny": false, "level": 77, "moves": ["darkpulse", "terastarstorm", "calmmind", "rest"], "ability": "Tera Shift", "evs": {"hp": 85, "atk": 0, "def": 85, "spa": 85, "spd": 85, "spe": 85}, "ivs": {"hp": 31, "atk": 0, "def": 31, "spa": 31, "spd": 31, "spe": 31}, "item": "Chesto Berry", "teraType": "Stellar", "role": "Setup Sweeper", "bvs": {"hp": 90, "atk": 65, "def": 85, "spa": 65, "spd": 85, "spe": 60}, "stats": {"hp": 265, "atk": 105, "def": 175, "spa": 145, "spd": 175, "spe": 137}, "types": ["Normal"]}}]}