{"id": "gen9randombattle-2641437454", "format": "[Gen 9] Random Battle", "players": ["Pkmn Sleep Pro", "pop smoke"], "log": "|badge|p2|bronze|gen9randombattle|100-9\n|html|<div class=\"broadcast-red\"><strong>This battle is required to be public due to one or more player having a season medal.</strong><br />During the public phase, you can discuss the state of the ladder <a href=\"/seasondiscussion\">in a special chatroom.</a></div>\n|uhtml|medal-msg|<div class=\"broadcast-blue\">Curious what those medals under the avatar are? PS now has Ladder Seasons! For more information, check out the <a href=\"https://www.smogon.com/forums/threads/3740067/\">thread on Smogon.</a></div>\n|j|\u2606Pkmn Sleep Pro\n|j|\u2606pop smoke\n|t:|1782784691\n|gametype|singles\n|player|p1|Pkmn Sleep Pro|102|2256\n|player|p2|pop smoke|#wcop2025uswest2|2277\n|gen|9\n|tier|[Gen 9] Random Battle\n|rated|\n|rule|Species Clause: Limit one of each Pok\u00e9mon\n|rule|HP Percentage Mod: HP is shown in percentages\n|rule|Sleep Clause Mod: Limit one foe put to sleep\n|rule|Illusion Level Mod: Illusion disguises the Pok\u00e9mon's true level\n|\n|t:|1782784691\n|teamsize|p1|6\n|teamsize|p2|6\n|start\n|switch|p1a: Umbreon|Umbreon, L84, F|297/297\n|switch|p2a: Arcanine|Arcanine, L84, M|288/288\n|-ability|p2a: Arcanine|Intimidate|boost\n|-unboost|p1a: Umbreon|atk|1\n|turn|1\n|inactive|Battle timer is ON: inactive players will automatically lose when time's up. (requested by Pkmn Sleep Pro)\n|\n|t:|1782784713\n|switch|p2a: Furret|Furret, L94, M|312/312\n|-item|p1a: Umbreon|Leftovers|[from] ability: Frisk|[of] p2a: Furret\n|move|p1a: Umbreon|Toxic|p2a: Furret\n|-status|p2a: Furret|tox\n|\n|-damage|p2a: Furret|293/312 tox|[from] psn\n|upkeep\n|turn|2\n|\n|t:|1782784738\n|move|p1a: Umbreon|Protect|p1a: Umbreon\n|-singleturn|p1a: Umbreon|Protect\n|move|p2a: Furret|U-turn|p1a: Umbreon\n|-activate|p1a: Umbreon|move: Protect\n|\n|-damage|p2a: Furret|255/312 tox|[from] psn\n|upkeep\n|turn|3\n|\n|t:|1782784742\n|move|p2a: Furret|U-turn|p1a: Umbreon\n|-supereffective|p1a: Umbreon\n|-damage|p1a: Umbreon|171/297\n|\n|t:|1782784750\n|switch|p2a: Bellibolt|Bellibolt, L84, M|320/320|[from] U-turn\n|move|p1a: Umbreon|Wish|p1a: Umbreon\n|\n|-heal|p1a: Umbreon|189/297|[from] item: Leftovers\n|upkeep\n|turn|4\n|\n|t:|1782784757\n|move|p1a: Umbreon|Foul Play|p2a: Bellibolt\n|-damage|p2a: Bellibolt|271/320\n|-start|p2a: Bellibolt|Charge|Foul Play|[from] ability: Electromorphosis\n|move|p2a: Bellibolt|Toxic|p1a: Umbreon\n|-status|p1a: Umbreon|tox\n|-activate|p1a: Umbreon|ability: Synchronize\n|-status|p2a: Bellibolt|tox\n|\n|-heal|p1a: Umbreon|297/297 tox|[from] move: Wish|[wisher] Umbreon\n|-heal|p2a: Bellibolt|291/320 tox|[from] item: Leftovers\n|-damage|p1a: Umbreon|279/297 tox|[from] psn\n|-damage|p2a: Bellibolt|271/320 tox|[from] psn\n|upkeep\n|turn|5\n|\n|t:|1782784770\n|switch|p1a: Chansey|Chansey, L85, F|564/564\n|switch|p2a: Furret|Furret, L94, M|255/312 tox\n|-item|p1a: Chansey|Eviolite|[from] ability: Frisk|[of] p2a: Furret\n|\n|-damage|p2a: Furret|236/312 tox|[from] psn\n|upkeep\n|turn|6\n|\n|t:|1782784786\n|switch|p1a: Vespiquen|Vespiquen, L99, F|299/299\n|-ability|p1a: Vespiquen|Pressure\n|move|p2a: Furret|Trick|p1a: Vespiquen\n|-activate|p2a: Furret|move: Trick|[of] p1a: Vespiquen\n|-item|p1a: Vespiquen|Choice Band|[from] move: Trick\n|-item|p2a: Furret|Heavy-Duty Boots|[from] move: Trick\n|\n|-damage|p2a: Furret|198/312 tox|[from] psn\n|upkeep\n|turn|7\n|\n|t:|1782784795\n|move|p2a: Furret|U-turn|p1a: Vespiquen\n|-resisted|p1a: Vespiquen\n|-damage|p1a: Vespiquen|280/299\n|\n|t:|1782784797\n|switch|p2a: Arcanine|Arcanine, L84, M|288/288|[from] U-turn\n|-ability|p2a: Arcanine|Intimidate|boost\n|-unboost|p1a: Vespiquen|atk|1\n|move|p1a: Vespiquen|Spikes|p2a: Arcanine\n|-sidestart|p2: pop smoke|Spikes\n|\n|upkeep\n|turn|8\n|\n|t:|1782784812\n|move|p2a: Arcanine|Flare Blitz|p1a: Vespiquen\n|-supereffective|p1a: Vespiquen\n|-crit|p1a: Vespiquen\n|-damage|p1a: Vespiquen|0 fnt\n|faint|p1a: Vespiquen\n|-damage|p2a: Arcanine|196/288|[from] Recoil\n|\n|upkeep\n|\n|t:|1782784821\n|switch|p1a: Pelipper|Pelipper, L86, F|243/243\n|-weather|RainDance|[from] ability: Drizzle|[of] p1a: Pelipper\n|turn|9\n|\n|t:|1782784830\n|switch|p2a: Tyranitar|Tyranitar, L78, M|284/284\n|-damage|p2a: Tyranitar|249/284|[from] Spikes\n|-weather|Sandstorm|[from] ability: Sand Stream|[of] p2a: Tyranitar\n|switch|p1a: Umbreon|Umbreon, L84, F|279/297 tox\n|\n|-weather|Sandstorm|[upkeep]\n|-damage|p1a: Umbreon|261/297 tox|[from] Sandstorm\n|-heal|p1a: Umbreon|279/297 tox|[from] item: Leftovers\n|-damage|p1a: Umbreon|261/297 tox|[from] psn\n|upkeep\n|turn|10\n|\n|t:|1782784842\n|move|p1a: Umbreon|Toxic|p2a: Tyranitar\n|-status|p2a: Tyranitar|tox\n|move|p2a: Tyranitar|Knock Off|p1a: Umbreon\n|-resisted|p1a: Umbreon\n|-damage|p1a: Umbreon|212/297 tox\n|-enditem|p1a: Umbreon|Leftovers|[from] move: Knock Off|[of] p2a: Tyranitar\n|\n|-weather|Sandstorm|[upkeep]\n|-damage|p1a: Umbreon|194/297 tox|[from] Sandstorm\n|-damage|p1a: Umbreon|158/297 tox|[from] psn\n|-damage|p2a: Tyranitar|232/284 tox|[from] psn\n|upkeep\n|turn|11\n|\n|t:|1782784848\n|move|p1a: Umbreon|Wish|p1a: Umbreon\n|move|p2a: Tyranitar|Stone Edge|p1a: Umbreon|[miss]\n|-miss|p2a: Tyranitar|p1a: Umbreon\n|\n|-weather|Sandstorm|[upkeep]\n|-damage|p1a: Umbreon|140/297 tox|[from] Sandstorm\n|-damage|p1a: Umbreon|86/297 tox|[from] psn\n|-damage|p2a: Tyranitar|198/284 tox|[from] psn\n|upkeep\n|turn|12\n|\n|t:|1782784860\n|switch|p2a: Crawdaunt|Crawdaunt, L84, M|243/243\n|-damage|p2a: Crawdaunt|213/243|[from] Spikes\n|move|p1a: Umbreon|Foul Play|p2a: Crawdaunt\n|-resisted|p2a: Crawdaunt\n|-damage|p2a: Crawdaunt|154/243\n|\n|-weather|Sandstorm|[upkeep]\n|-damage|p1a: Umbreon|68/297 tox|[from] Sandstorm\n|-damage|p2a: Crawdaunt|139/243|[from] Sandstorm\n|-heal|p1a: Umbreon|216/297 tox|[from] move: Wish|[wisher] Umbreon\n|-damage|p1a: Umbreon|144/297 tox|[from] psn\n|upkeep\n|turn|13\n|\n|t:|1782784874\n|move|p1a: Umbreon|Foul Play|p2a: Crawdaunt\n|-resisted|p2a: Crawdaunt\n|-damage|p2a: Crawdaunt|79/243\n|move|p2a: Crawdaunt|Crabhammer|p1a: Umbreon\n|-damage|p1a: Umbreon|0 fnt\n|faint|p1a: Umbreon\n|-damage|p2a: Crawdaunt|55/243|[from] item: Life Orb\n|\n|-weather|none\n|upkeep\n|inactive|Pkmn Sleep Pro has 120 seconds left.\n|\n|t:|1782784900\n|switch|p1a: Pelipper|Pelipper, L86, F|243/243\n|-weather|RainDance|[from] ability: Drizzle|[of] p1a: Pelipper\n|turn|14\n|\n|t:|1782784910\n|move|p2a: Crawdaunt|Aqua Jet|p1a: Pelipper\n|-resisted|p1a: Pelipper\n|-damage|p1a: Pelipper|187/243\n|-damage|p2a: Crawdaunt|31/243|[from] item: Life Orb\n|move|p1a: Pelipper|Surf|p2a: Crawdaunt\n|-resisted|p2a: Crawdaunt\n|-damage|p2a: Crawdaunt|0 fnt\n|faint|p2a: Crawdaunt\n|\n|-weather|RainDance|[upkeep]\n|upkeep\n|\n|t:|1782784916\n|switch|p2a: Furret|Furret, L94, M|198/312 tox\n|-item|p1a: Pelipper|Heavy-Duty Boots|[from] ability: Frisk|[of] p2a: Furret\n|turn|15\n|\n|t:|1782784926\n|move|p2a: Furret|Double-Edge|p1a: Pelipper\n|-damage|p1a: Pelipper|78/243\n|-damage|p2a: Furret|162/312 tox|[from] Recoil\n|move|p1a: Pelipper|Roost|p1a: Pelipper\n|-heal|p1a: Pelipper|200/243\n|-singleturn|p1a: Pelipper|move: Roost\n|\n|-weather|RainDance|[upkeep]\n|-damage|p2a: Furret|143/312 tox|[from] psn\n|upkeep\n|turn|16\n|\n|t:|1782784932\n|move|p2a: Furret|U-turn|p1a: Pelipper\n|-resisted|p1a: Pelipper\n|-crit|p1a: Pelipper\n|-damage|p1a: Pelipper|165/243\n|\n|t:|1782784933\n|switch|p2a: Bellibolt|Bellibolt, L84, M|271/320 tox|[from] U-turn\n|-damage|p2a: Bellibolt|231/320 tox|[from] Spikes\n|move|p1a: Pelipper|Roost|p1a: Pelipper\n|-heal|p1a: Pelipper|243/243\n|-singleturn|p1a: Pelipper|move: Roost\n|\n|-weather|RainDance|[upkeep]\n|-heal|p2a: Bellibolt|251/320 tox|[from] item: Leftovers\n|-damage|p2a: Bellibolt|231/320 tox|[from] psn\n|upkeep\n|turn|17\n|\n|t:|1782784940\n|move|p1a: Pelipper|U-turn|p2a: Bellibolt\n|-damage|p2a: Bellibolt|200/320 tox\n|-start|p2a: Bellibolt|Charge|U-turn|[from] ability: Electromorphosis\n|\n|t:|1782784947\n|switch|p1a: Chansey|Chansey, L85, F|564/564|[from] U-turn\n|move|p2a: Bellibolt|Thunderbolt|p1a: Chansey\n|-damage|p1a: Chansey|453/564\n|-end|p2a: Bellibolt|Charge|[silent]\n|\n|-weather|RainDance|[upkeep]\n|-heal|p2a: Bellibolt|220/320 tox|[from] item: Leftovers\n|-damage|p2a: Bellibolt|180/320 tox|[from] psn\n|upkeep\n|turn|18\n|\n|t:|1782784957\n|switch|p2a: Tyranitar|Tyranitar, L78, M|198/284 tox\n|-damage|p2a: Tyranitar|163/284 tox|[from] Spikes\n|-weather|Sandstorm|[from] ability: Sand Stream|[of] p2a: Tyranitar\n|move|p1a: Chansey|Seismic Toss|p2a: Tyranitar\n|-damage|p2a: Tyranitar|78/284 tox\n|\n|-weather|Sandstorm|[upkeep]\n|-damage|p1a: Chansey|418/564|[from] Sandstorm\n|-damage|p2a: Tyranitar|61/284 tox|[from] psn\n|upkeep\n|turn|19\n|\n|t:|1782784967\n|switch|p1a: Sneasler|Sneasler, L74, M|240/240\n|move|p2a: Tyranitar|Knock Off|p1a: Sneasler\n|-resisted|p1a: Sneasler\n|-damage|p1a: Sneasler|159/240\n|-enditem|p1a: Sneasler|Choice Band|[from] move: Knock Off|[of] p2a: Tyranitar\n|\n|-weather|Sandstorm|[upkeep]\n|-damage|p1a: Sneasler|144/240|[from] Sandstorm\n|-damage|p2a: Tyranitar|27/284 tox|[from] psn\n|upkeep\n|turn|20\n|\n|t:|1782784982\n|move|p1a: Sneasler|Close Combat|p2a: Tyranitar\n|-supereffective|p2a: Tyranitar\n|-damage|p2a: Tyranitar|0 fnt\n|-unboost|p1a: Sneasler|def|1\n|-unboost|p1a: Sneasler|spd|1\n|faint|p2a: Tyranitar\n|\n|-weather|Sandstorm|[upkeep]\n|-damage|p1a: Sneasler|129/240|[from] Sandstorm\n|upkeep\n|\n|t:|1782784991\n|switch|p2a: Furret|Furret, L94, M|143/312 tox\n|turn|21\n|\n|t:|1782784996\n|switch|p1a: Pelipper|Pelipper, L86, F|243/243\n|-weather|RainDance|[from] ability: Drizzle|[of] p1a: Pelipper\n|move|p2a: Furret|Double-Edge|p1a: Pelipper\n|-damage|p1a: Pelipper|117/243\n|-damage|p2a: Furret|101/312 tox|[from] Recoil\n|\n|-weather|RainDance|[upkeep]\n|-damage|p2a: Furret|82/312 tox|[from] psn\n|upkeep\n|turn|22\n|\n|t:|1782785007\n|switch|p1a: Misdreavus|Misdreavus, L90, F|254/254\n|move|p2a: Furret|Double-Edge|p1a: Misdreavus\n|-immune|p1a: Misdreavus\n|\n|-weather|RainDance|[upkeep]\n|-damage|p2a: Furret|44/312 tox|[from] psn\n|upkeep\n|turn|23\n|\n|t:|1782785013\n|switch|p1a: Sneasler|Sneasler, L74, M|129/240\n|move|p2a: Furret|Knock Off|p1a: Sneasler\n|-resisted|p1a: Sneasler\n|-damage|p1a: Sneasler|91/240\n|\n|-weather|RainDance|[upkeep]\n|-damage|p2a: Furret|0 fnt|[from] psn\n|faint|p2a: Furret\n|upkeep\n|\n|t:|1782785021\n|switch|p2a: Falinks|Falinks, L84|246/246\n|-damage|p2a: Falinks|216/246|[from] Spikes\n|turn|24\n|\n|t:|1782785032\n|move|p1a: Sneasler|Close Combat|p2a: Falinks\n|-damage|p2a: Falinks|95/246\n|-unboost|p1a: Sneasler|def|1\n|-unboost|p1a: Sneasler|spd|1\n|move|p2a: Falinks|No Retreat|p2a: Falinks\n|-boost|p2a: Falinks|atk|1\n|-boost|p2a: Falinks|def|1\n|-boost|p2a: Falinks|spa|1\n|-boost|p2a: Falinks|spd|1\n|-boost|p2a: Falinks|spe|1\n|-start|p2a: Falinks|move: No Retreat\n|\n|-weather|RainDance|[upkeep]\n|upkeep\n|turn|25\n|\n|t:|1782785042\n|move|p2a: Falinks|Iron Head|p1a: Sneasler\n|-damage|p1a: Sneasler|0 fnt\n|faint|p1a: Sneasler\n|-damage|p2a: Falinks|71/246|[from] item: Life Orb\n|\n|-weather|none\n|upkeep\n|\n|t:|1782785051\n|switch|p1a: Misdreavus|Misdreavus, L90, F|254/254\n|turn|26\n|\n|t:|1782785066\n|-terastallize|p2a: Falinks|Dark\n|move|p2a: Falinks|Iron Head|p1a: Misdreavus\n|-damage|p1a: Misdreavus|168/254\n|-damage|p2a: Falinks|47/246|[from] item: Life Orb\n|move|p1a: Misdreavus|Shadow Ball|p2a: Falinks\n|-resisted|p2a: Falinks\n|-damage|p2a: Falinks|6/246\n|\n|upkeep\n|turn|27\n|\n|t:|1782785084\n|switch|p1a: Pelipper|Pelipper, L86, F|117/243\n|-weather|RainDance|[from] ability: Drizzle|[of] p1a: Pelipper\n|move|p2a: Falinks|Knock Off|p1a: Pelipper\n|-damage|p1a: Pelipper|0 fnt\n|-enditem|p1a: Pelipper|Heavy-Duty Boots|[from] move: Knock Off|[of] p2a: Falinks\n|faint|p1a: Pelipper\n|-damage|p2a: Falinks|0 fnt|[from] item: Life Orb\n|faint|p2a: Falinks\n|\n|-weather|RainDance|[upkeep]\n|upkeep\n|\n|t:|1782785095\n|switch|p2a: Bellibolt|Bellibolt, L84, M|180/320 tox\n|switch|p1a: Chansey|Chansey, L85, F|418/564\n|-damage|p2a: Bellibolt|140/320 tox|[from] Spikes\n|turn|28\n|\n|t:|1782785105\n|move|p1a: Chansey|Seismic Toss|p2a: Bellibolt\n|-damage|p2a: Bellibolt|55/320 tox\n|-start|p2a: Bellibolt|Charge|Seismic Toss|[from] ability: Electromorphosis\n|move|p2a: Bellibolt|Slack Off|p2a: Bellibolt\n|-heal|p2a: Bellibolt|215/320 tox\n|\n|-weather|RainDance|[upkeep]\n|-heal|p2a: Bellibolt|235/320 tox|[from] item: Leftovers\n|-damage|p2a: Bellibolt|215/320 tox|[from] psn\n|upkeep\n|turn|29\n|\n|t:|1782785113\n|move|p1a: Chansey|Seismic Toss|p2a: Bellibolt\n|-damage|p2a: Bellibolt|130/320 tox\n|-start|p2a: Bellibolt|Charge|Seismic Toss|[from] ability: Electromorphosis\n|move|p2a: Bellibolt|Toxic|p1a: Chansey\n|-status|p1a: Chansey|tox\n|\n|-weather|RainDance|[upkeep]\n|-heal|p2a: Bellibolt|150/320 tox|[from] item: Leftovers\n|-damage|p1a: Chansey|383/564 tox|[from] psn\n|-damage|p2a: Bellibolt|110/320 tox|[from] psn\n|upkeep\n|turn|30\n|\n|t:|1782785119\n|move|p1a: Chansey|Seismic Toss|p2a: Bellibolt\n|-damage|p2a: Bellibolt|25/320 tox\n|-start|p2a: Bellibolt|Charge|Seismic Toss|[from] ability: Electromorphosis\n|move|p2a: Bellibolt|Slack Off|p2a: Bellibolt\n|-heal|p2a: Bellibolt|185/320 tox\n|\n|-weather|RainDance|[upkeep]\n|-heal|p2a: Bellibolt|205/320 tox|[from] item: Leftovers\n|-damage|p1a: Chansey|313/564 tox|[from] psn\n|-damage|p2a: Bellibolt|145/320 tox|[from] psn\n|upkeep\n|turn|31\n|j| log out artist\n|\n|t:|1782785138\n|switch|p2a: Arcanine|Arcanine, L84, M|196/288\n|-ability|p2a: Arcanine|Intimidate|boost\n|-unboost|p1a: Chansey|atk|1\n|move|p1a: Chansey|Seismic Toss|p2a: Arcanine\n|-damage|p2a: Arcanine|111/288\n|\n|-weather|none\n|-damage|p1a: Chansey|208/564 tox|[from] psn\n|upkeep\n|turn|32\n|\n|t:|1782785149\n|move|p2a: Arcanine|Morning Sun|p2a: Arcanine\n|-heal|p2a: Arcanine|255/288\n|move|p1a: Chansey|Thunder Wave|p2a: Arcanine\n|-status|p2a: Arcanine|par\n|\n|-damage|p1a: Chansey|68/564 tox|[from] psn\n|upkeep\n|turn|33\n|\n|t:|1782785157\n|move|p1a: Chansey|Seismic Toss|p2a: Arcanine\n|-damage|p2a: Arcanine|170/288 par\n|move|p2a: Arcanine|Flare Blitz|p1a: Chansey\n|-damage|p1a: Chansey|0 fnt\n|faint|p1a: Chansey\n|-damage|p2a: Arcanine|148/288 par|[from] Recoil\n|\n|upkeep\n|\n|t:|1782785161\n|switch|p1a: Misdreavus|Misdreavus, L90, F|168/254\n|turn|34\n|\n|t:|1782785173\n|move|p1a: Misdreavus|Calm Mind|p1a: Misdreavus\n|-boost|p1a: Misdreavus|spa|1\n|-boost|p1a: Misdreavus|spd|1\n|move|p2a: Arcanine|Morning Sun|p2a: Arcanine\n|-heal|p2a: Arcanine|288/288 par\n|\n|upkeep\n|turn|35\n|\n|t:|1782785179\n|move|p1a: Misdreavus|Shadow Ball|p2a: Arcanine\n|-damage|p2a: Arcanine|149/288 par\n|-unboost|p2a: Arcanine|spd|1\n|cant|p2a: Arcanine|par\n|\n|upkeep\n|turn|36\n|\n|t:|1782785185\n|move|p1a: Misdreavus|Shadow Ball|p2a: Arcanine\n|-damage|p2a: Arcanine|0 fnt\n|faint|p2a: Arcanine\n|\n|upkeep\n|\n|t:|1782785188\n|switch|p2a: Bellibolt|Bellibolt, L84, M|145/320 tox\n|-damage|p2a: Bellibolt|105/320 tox|[from] Spikes\n|turn|37\n|\n|t:|1782785193\n|move|p1a: Misdreavus|Shadow Ball|p2a: Bellibolt\n|-damage|p2a: Bellibolt|0 fnt\n|faint|p2a: Bellibolt\n|\n|win|Pkmn Sleep Pro\n", "inputlog": ">version f8ac14003a5f27e1bdc8d8c59608a773c1cb96e5\n>start {\"formatid\":\"gen9randombattle\",\"seed\":\"sodium,54bf7c35b910efef33cd05830d8b9393\",\"rated\":\"Rated battle\"}\n>player p1 {\"name\":\"Pkmn Sleep Pro\",\"avatar\":\"102\",\"rating\":2256,\"seed\":\"sodium,9a6f89c7081317b530f3762a5ef72258\"}\n>player p2 {\"name\":\"pop smoke\",\"avatar\":\"#wcop2025uswest2\",\"rating\":2277,\"seed\":\"sodium,f7edf7da48d21f89c712cc330572b247\"}\n>p1 move toxic\n>p2 switch 6\n>p1 move protect\n>p2 move uturn\n>p1 move wish\n>p2 move uturn\n>p2 switch 4\n>p1 move foulplay\n>p2 move toxic\n>p1 switch 3\n>p2 switch 4\n>p1 switch 4\n>p2 move trick\n>p1 move spikes\n>p2 move uturn\n>p2 switch 6\n>p1 move spikes\n>p2 move flareblitz\n>p1 switch 6\n>p1 switch 3\n>p2 switch 5\n>p1 move toxic\n>p2 move knockoff\n>p1 move wish\n>p2 move stoneedge\n>p1 move foulplay\n>p2 switch 3\n>p1 move foulplay\n>p2 move crabhammer\n>p1 switch 3\n>p1 move surf\n>p2 move aquajet\n>p2 switch 6\n>p1 move roost\n>p2 move doubleedge\n>p1 move roost\n>p2 move uturn\n>p2 switch 4\n>p1 move uturn\n>p2 move thunderbolt\n>p1 switch 4\n>p1 move seismictoss\n>p2 switch 3\n>p1 switch 5\n>p2 move knockoff\n>p1 move closecombat\n>p2 move dragontail\n>p2 switch 4\n>p1 switch 4\n>p2 move doubleedge\n>p1 switch 2\n>p2 move doubleedge\n>p1 switch 4\n>p2 move knockoff\n>p2 switch 2\n>p1 move closecombat\n>p2 move noretreat\n>p1 move closecombat\n>p2 move ironhead\n>p1 switch 4\n>p1 move shadowball\n>p2 move ironhead terastallize\n>p1 switch 2\n>p2 move knockoff\n>p1 switch 5\n>p2 switch 3\n>p1 move seismictoss\n>p2 move slackoff\n>p1 move seismictoss\n>p2 move toxic\n>p1 move seismictoss\n>p2 move slackoff\n>p1 move seismictoss\n>p2 switch 5\n>p1 move thunderwave\n>p2 move morningsun\n>p1 move seismictoss\n>p2 move flareblitz\n>p1 switch 2\n>p1 move calmmind\n>p2 move morningsun\n>p1 move shadowball\n>p2 move flareblitz\n>p1 move shadowball\n>p2 move flareblitz\n>p2 switch 5\n>p1 move shadowball\n>p2 move thunderbolt", "uploadtime": 1782784693, "views": 9, "formatid": "gen9randombattle", "rating": null, "private": 0, "password": null, "player_dets": [{"name": "Pkmn Sleep Pro", "avatar": "102", "rating": 2256, "seed": "sodium,9a6f89c7081317b530f3762a5ef72258"}, {"name": "pop smoke", "avatar": "#wcop2025uswest2", "rating": 2277, "seed": "sodium,f7edf7da48d21f89c712cc330572b247"}], "teams_full": [{"Umbreon": {"name": "Umbreon", "species": "Umbreon", "speciesId": "umbreon", "gender": "F", "shiny": false, "level": 84, "moves": ["foulplay", "toxic", "wish", "protect"], "ability": "Synchronize", "evs": {"hp": 85, "atk": 0, "def": 85, "spa": 85, "spd": 85, "spe": 85}, "ivs": {"hp": 31, "atk": 0, "def": 31, "spa": 31, "spd": 31, "spe": 31}, "item": "Leftovers", "teraType": "Poison", "role": "Bulky Support", "bvs": {"hp": 95, "atk": 65, "def": 110, "spa": 60, "spd": 130, "spe": 65}, "stats": {"hp": 297, "atk": 114, "def": 233, "spa": 149, "spd": 267, "spe": 157}, "types": ["Dark"]}, "Misdreavus": {"name": "Misdreavus", "species": "Misdreavus", "speciesId": "misdreavus", "gender": "F", "shiny": false, "level": 90, "moves": ["calmmind", "willowisp", "shadowball", "drainingkiss"], "ability": "Levitate", "evs": {"hp": 85, "atk": 0, "def": 85, "spa": 85, "spd": 85, "spe": 85}, "ivs": {"hp": 31, "atk": 0, "def": 31, "spa": 31, "spd": 31, "spe": 31}, "item": "Eviolite", "teraType": "Fairy", "role": "Bulky Setup", "bvs": {"hp": 60, "atk": 60, "def": 60, "spa": 85, "spd": 85, "spe": 85}, "stats": {"hp": 254, "atk": 113, "def": 159, "spa": 204, "spd": 204, "spe": 204}, "types": ["Ghost"]}, "Chansey": {"name": "Chansey", "species": "Chansey", "speciesId": "chansey", "gender": "F", "shiny": false, "level": 85, "moves": ["softboiled", "seismictoss", "healbell", "thunderwave"], "ability": "Natural Cure", "evs": {"hp": 85, "atk": 0, "def": 85, "spa": 85, "spd": 85, "spe": 85}, "ivs": {"hp": 31, "atk": 0, "def": 31, "spa": 31, "spd": 31, "spe": 31}, "item": "Eviolite", "teraType": "Ghost", "role": "Bulky Support", "bvs": {"hp": 250, "atk": 5, "def": 5, "spa": 35, "spd": 105, "spe": 50}, "stats": {"hp": 564, "atk": 13, "def": 57, "spa": 108, "spd": 227, "spe": 134}, "types": ["Normal"]}, "Vespiquen": {"name": "Vespiquen", "species": "Vespiquen", "speciesId": "vespiquen", "gender": "F", "shiny": false, "level": 99, "moves": ["roost", "hurricane", "toxic", "spikes"], "ability": "Pressure", "evs": {"hp": 85, "atk": 0, "def": 85, "spa": 85, "spd": 85, "spe": 85}, "ivs": {"hp": 31, "atk": 0, "def": 31, "spa": 31, "spd": 31, "spe": 31}, "item": "Heavy-Duty Boots", "teraType": "Steel", "role": "Bulky Support", "bvs": {"hp": 70, "atk": 80, "def": 102, "spa": 80, "spd": 102, "spe": 40}, "stats": {"hp": 299, "atk": 163, "def": 258, "spa": 214, "spd": 258, "spe": 135}, "types": ["Bug", "Flying"]}, "Sneasler": {"name": "Sneasler", "species": "Sneasler", "speciesId": "sneasler", "gender": "M", "shiny": false, "level": 74, "moves": ["throatchop", "closecombat", "direclaw", "uturn"], "ability": "Poison Touch", "evs": {"hp": 85, "atk": 85, "def": 85, "spa": 85, "spd": 85, "spe": 85}, "ivs": {"hp": 31, "atk": 31, "def": 31, "spa": 31, "spd": 31, "spe": 31}, "item": "Choice Band", "teraType": "Dark", "role": "Fast Attacker", "bvs": {"hp": 80, "atk": 130, "def": 60, "spa": 40, "spd": 80, "spe": 120}, "stats": {"hp": 240, "atk": 235, "def": 132, "spa": 102, "spd": 161, "spe": 221}, "types": ["Fighting", "Poison"]}, "Pelipper": {"name": "Pelipper", "species": "Pelipper", "speciesId": "pelipper", "gender": "F", "shiny": false, "level": 86, "moves": ["roost", "uturn", "hurricane", "surf"], "ability": "Drizzle", "evs": {"hp": 85, "atk": 85, "def": 85, "spa": 85, "spd": 85, "spe": 85}, "ivs": {"hp": 31, "atk": 31, "def": 31, "spa": 31, "spd": 31, "spe": 31}, "item": "Heavy-Duty Boots", "teraType": "Ground", "role": "Bulky Attacker", "bvs": {"hp": 60, "atk": 50, "def": 100, "spa": 95, "spd": 70, "spe": 65}, "stats": {"hp": 243, "atk": 135, "def": 221, "spa": 213, "spd": 170, "spe": 161}, "types": ["Water", "Flying"]}}, {"Arcanine": {"name": "Arcanine", "species": "Arcanine", "speciesId": "arcanine", "gender": "M", "shiny": false, "level": 84, "moves": ["flareblitz", "extremespeed", "morningsun", "closecombat"], "ability": "Intimidate", "evs": {"hp": 85, "atk": 85, "def": 85, "spa": 85, "spd": 85, "spe": 85}, "ivs": {"hp": 31, "atk": 31, "def": 31, "spa": 31, "spd": 31, "spe": 31}, "item": "Heavy-Duty Boots", "teraType": "Fighting", "role": "Bulky Attacker", "bvs": {"hp": 90, "atk": 110, "def": 80, "spa": 100, "spd": 80, "spe": 95}, "stats": {"hp": 288, "atk": 233, "def": 183, "spa": 216, "spd": 183, "spe": 208}, "types": ["Fire"]}, "Falinks": {"name": "Falinks", "species": "Falinks", "speciesId": "falinks", "gender": "N", "shiny": false, "level": 84, "moves": ["knockoff", "closecombat", "ironhead", "noretreat"], "ability": "Defiant", "evs": {"hp": 85, "atk": 85, "def": 85, "spa": 85, "spd": 85, "spe": 85}, "ivs": {"hp": 31, "atk": 31, "def": 31, "spa": 31, "spd": 31, "spe": 31}, "item": "Life Orb", "teraType": "Dark", "role": "Setup Sweeper", "bvs": {"hp": 65, "atk": 100, "def": 100, "spa": 70, "spd": 60, "spe": 75}, "stats": {"hp": 246, "atk": 216, "def": 216, "spa": 166, "spd": 149, "spe": 174}, "types": ["Fighting"]}, "Crawdaunt": {"name": "Crawdaunt", "species": "Crawdaunt", "speciesId": "crawdaunt", "gender": "M", "shiny": false, "level": 84, "moves": ["aquajet", "crabhammer", "knockoff", "dragondance"], "ability": "Adaptability", "evs": {"hp": 85, "atk": 85, "def": 85, "spa": 85, "spd": 85, "spe": 85}, "ivs": {"hp": 31, "atk": 31, "def": 31, "spa": 31, "spd": 31, "spe": 31}, "item": "Life Orb", "teraType": "Water", "role": "Setup Sweeper", "bvs": {"hp": 63, "atk": 120, "def": 85, "spa": 90, "spd": 55, "spe": 55}, "stats": {"hp": 243, "atk": 250, "def": 191, "spa": 199, "spd": 141, "spe": 141}, "types": ["Water", "Dark"]}, "Bellibolt": {"name": "Bellibolt", "species": "Bellibolt", "speciesId": "bellibolt", "gender": "M", "shiny": false, "level": 84, "moves": ["slackoff", "thunderbolt", "toxic", "muddywater"], "ability": "Electromorphosis", "evs": {"hp": 85, "atk": 0, "def": 85, "spa": 85, "spd": 85, "spe": 85}, "ivs": {"hp": 31, "atk": 0, "def": 31, "spa": 31, "spd": 31, "spe": 31}, "item": "Leftovers", "teraType": "Electric", "role": "Bulky Attacker", "bvs": {"hp": 109, "atk": 64, "def": 91, "spa": 103, "spd": 83, "spe": 45}, "stats": {"hp": 320, "atk": 112, "def": 201, "spa": 221, "spd": 188, "spe": 124}, "types": ["Electric"]}, "Tyranitar": {"name": "Tyranitar", "species": "Tyranitar", "speciesId": "tyranitar", "gender": "M", "shiny": false, "level": 78, "moves": ["knockoff", "dragontail", "icebeam", "stoneedge"], "ability": "Sand Stream", "evs": {"hp": 85, "atk": 85, "def": 85, "spa": 85, "spd": 85, "spe": 85}, "ivs": {"hp": 31, "atk": 31, "def": 31, "spa": 31, "spd": 31, "spe": 31}, "item": "Assault Vest", "teraType": "Rock", "role": "Bulky Support", "bvs": {"hp": 100, "atk": 134, "def": 110, "spa": 95, "spd": 100, "spe": 61}, "stats": {"hp": 284, "atk": 254, "def": 217, "spa": 193, "spd": 201, "spe": 140}, "types": ["Rock", "Dark"]}, "Furret": {"name": "Furret", "species": "Furret", "speciesId": "furret", "gender": "M", "shiny": false, "level": 94, "moves": ["trick", "doubleedge", "uturn", "knockoff"], "ability": "Frisk", "evs": {"hp": 85, "atk": 85, "def": 85, "spa": 85, "spd": 85, "spe": 85}, "ivs": {"hp": 31, "atk": 31, "def": 31, "spa": 31, "spd": 31, "spe": 31}, "item": "Choice Band", "teraType": "Ghost", "role": "Wallbreaker", "bvs": {"hp": 85, "atk": 76, "def": 64, "spa": 45, "spd": 55, "spe": 90}, "stats": {"hp": 312, "atk": 196, "def": 174, "spa": 138, "spd": 157, "spe": 223}, "types": ["Normal"]}}]}