{"id": "gen9randombattle-2641878897", "format": "[Gen 9] Random Battle", "players": ["J137", "LaViejaRaulito"], "log": "|j|\u2606J137\n|j|\u2606LaViejaRaulito\n|t:|1782852872\n|gametype|singles\n|player|p1|J137|265|1749\n|player|p2|LaViejaRaulito|preschooler|1762\n|gen|9\n|tier|[Gen 9] Random Battle\n|rated|\n|rule|Species Clause: Limit one of each Pok\u00e9mon\n|rule|HP Percentage Mod: HP is shown in percentages\n|rule|Sleep Clause Mod: Limit one foe put to sleep\n|rule|Illusion Level Mod: Illusion disguises the Pok\u00e9mon's true level\n|\n|t:|1782852872\n|teamsize|p1|6\n|teamsize|p2|6\n|start\n|switch|p1a: Raichu|Raichu, L88, F|249/249\n|switch|p2a: Dondozo|Dondozo, L78, F|362/362\n|turn|1\n|inactive|Battle timer is ON: inactive players will automatically lose when time's up. (requested by LaViejaRaulito)\n|\n|t:|1782852879\n|switch|p2a: Virizion|Virizion, L82|283/283\n|move|p1a: Raichu|Nasty Plot|p1a: Raichu\n|-boost|p1a: Raichu|spa|2\n|\n|upkeep\n|turn|2\n|\n|t:|1782852885\n|-terastallize|p1a: Raichu|Ice\n|move|p1a: Raichu|Tera Blast|p2a: Virizion|[anim] Tera Blast Ice\n|-supereffective|p2a: Virizion\n|-damage|p2a: Virizion|0 fnt\n|faint|p2a: Virizion\n|-damage|p1a: Raichu|225/249|[from] item: Life Orb\n|\n|upkeep\n|\n|t:|1782852889\n|switch|p2a: Scizor|Scizor, L79, M|240/240\n|turn|3\n|\n|t:|1782852892\n|move|p2a: Scizor|Bullet Punch|p1a: Raichu\n|-supereffective|p1a: Raichu\n|-damage|p1a: Raichu|0 fnt\n|faint|p1a: Raichu\n|-damage|p2a: Scizor|216/240|[from] item: Life Orb\n|\n|upkeep\n|\n|t:|1782852906\n|switch|p1a: Dondozo|Dondozo, L78, M|362/362\n|turn|4\n|\n|t:|1782852914\n|switch|p2a: Morpeko|Morpeko, L88, M|245/245\n|move|p1a: Dondozo|Curse|p1a: Dondozo\n|-unboost|p1a: Dondozo|spe|1\n|-boost|p1a: Dondozo|atk|1\n|-boost|p1a: Dondozo|def|1\n|\n|-formechange|p2a: Morpeko|Morpeko-Hangry||[from] ability: Hunger Switch\n|upkeep\n|turn|5\n|\n|t:|1782852924\n|move|p2a: Morpeko|Knock Off|p1a: Dondozo\n|-damage|p1a: Dondozo|293/362\n|-enditem|p1a: Dondozo|Leftovers|[from] move: Knock Off|[of] p2a: Morpeko\n|move|p1a: Dondozo|Wave Crash|p2a: Morpeko\n|-damage|p2a: Morpeko|14/245\n|-damage|p1a: Dondozo|217/362|[from] Recoil\n|\n|-heal|p2a: Morpeko|29/245|[from] item: Leftovers\n|-formechange|p2a: Morpeko|Morpeko||[from] ability: Hunger Switch\n|upkeep\n|turn|6\n|\n|t:|1782852931\n|switch|p1a: Pikachu|Pikachu-Unova, L93, F|216/216\n|move|p2a: Morpeko|Aura Wheel|p1a: Pikachu\n|-ability|p1a: Pikachu|Lightning Rod|boost\n|-boost|p1a: Pikachu|spa|1\n|\n|-heal|p2a: Morpeko|44/245|[from] item: Leftovers\n|-formechange|p2a: Morpeko|Morpeko-Hangry||[from] ability: Hunger Switch\n|upkeep\n|turn|7\n|\n|t:|1782852937\n|move|p2a: Morpeko|Protect|p2a: Morpeko\n|-singleturn|p2a: Morpeko|Protect\n|move|p1a: Pikachu|Fake Out|p2a: Morpeko\n|-activate|p2a: Morpeko|move: Protect\n|\n|-heal|p2a: Morpeko|59/245|[from] item: Leftovers\n|-formechange|p2a: Morpeko|Morpeko||[from] ability: Hunger Switch\n|upkeep\n|turn|8\n|\n|t:|1782852940\n|move|p2a: Morpeko|Knock Off|p1a: Pikachu\n|-damage|p1a: Pikachu|56/216\n|-enditem|p1a: Pikachu|Light Ball|[from] move: Knock Off|[of] p2a: Morpeko\n|move|p1a: Pikachu|Surf|p2a: Morpeko\n|-damage|p2a: Morpeko|0 fnt\n|faint|p2a: Morpeko\n|\n|upkeep\n|\n|t:|1782852942\n|switch|p2a: Scizor|Scizor, L79, M|216/240\n|turn|9\n|\n|t:|1782852945\n|move|p2a: Scizor|Bullet Punch|p1a: Pikachu\n|-resisted|p1a: Pikachu\n|-damage|p1a: Pikachu|0 fnt\n|faint|p1a: Pikachu\n|-damage|p2a: Scizor|192/240|[from] item: Life Orb\n|\n|upkeep\n|\n|t:|1782852948\n|switch|p1a: Dondozo|Dondozo, L78, M|217/362\n|turn|10\n|\n|t:|1782852956\n|switch|p2a: Alcremie|Alcremie-Salted-Cream, L90, F|263/263\n|switch|p1a: Chansey|Chansey, L85, F|564/564\n|\n|upkeep\n|turn|11\n|\n|t:|1782852965\n|switch|p2a: Dondozo|Dondozo, L78, F|362/362\n|move|p1a: Chansey|Stealth Rock|p2a: Dondozo\n|-sidestart|p2: LaViejaRaulito|move: Stealth Rock\n|\n|upkeep\n|turn|12\n|\n|t:|1782852979\n|move|p1a: Chansey|Thunder Wave|p2a: Dondozo|[miss]\n|-miss|p1a: Chansey|p2a: Dondozo\n|move|p2a: Dondozo|Wave Crash|p1a: Chansey\n|-damage|p1a: Chansey|321/564\n|-damage|p2a: Dondozo|282/362|[from] Recoil\n|\n|-heal|p2a: Dondozo|304/362|[from] item: Leftovers\n|upkeep\n|turn|13\n|\n|t:|1782852991\n|switch|p1a: Dondozo|Dondozo, L78, M|217/362\n|move|p2a: Dondozo|Wave Crash|p1a: Dondozo\n|-resisted|p1a: Dondozo\n|-damage|p1a: Dondozo|171/362\n|-damage|p2a: Dondozo|289/362|[from] Recoil\n|\n|-heal|p2a: Dondozo|311/362|[from] item: Leftovers\n|upkeep\n|turn|14\n|\n|t:|1782852997\n|switch|p2a: Alcremie|Alcremie-Salted-Cream, L90, F|263/263\n|-damage|p2a: Alcremie|231/263|[from] Stealth Rock\n|move|p1a: Dondozo|Wave Crash|p2a: Alcremie\n|-damage|p2a: Alcremie|111/263\n|-damage|p1a: Dondozo|131/362|[from] Recoil\n|\n|-heal|p2a: Alcremie|127/263|[from] item: Leftovers\n|upkeep\n|turn|15\n|\n|t:|1782853002\n|switch|p1a: Chansey|Chansey, L85, F|321/564\n|move|p2a: Alcremie|Alluring Voice|p1a: Chansey\n|-crit|p1a: Chansey\n|-damage|p1a: Chansey|234/564\n|\n|-heal|p2a: Alcremie|143/263|[from] item: Leftovers\n|upkeep\n|turn|16\n|\n|t:|1782853009\n|move|p2a: Alcremie|Recover|p2a: Alcremie\n|-heal|p2a: Alcremie|263/263\n|move|p1a: Chansey|Thunder Wave|p2a: Alcremie\n|-status|p2a: Alcremie|par\n|\n|upkeep\n|turn|17\n|\n|t:|1782853012\n|switch|p2a: Dondozo|Dondozo, L78, F|311/362\n|-damage|p2a: Dondozo|266/362|[from] Stealth Rock\n|move|p1a: Chansey|Soft-Boiled|p1a: Chansey\n|-heal|p1a: Chansey|516/564\n|\n|-heal|p2a: Dondozo|288/362|[from] item: Leftovers\n|upkeep\n|turn|18\n|\n|t:|1782853016\n|move|p1a: Chansey|Thunder Wave|p2a: Dondozo\n|-status|p2a: Dondozo|par\n|move|p2a: Dondozo|Wave Crash|p1a: Chansey\n|-damage|p1a: Chansey|270/564\n|-damage|p2a: Dondozo|207/362 par|[from] Recoil\n|\n|-heal|p2a: Dondozo|229/362 par|[from] item: Leftovers\n|upkeep\n|turn|19\n|\n|t:|1782853024\n|move|p1a: Chansey|Soft-Boiled|p1a: Chansey\n|-heal|p1a: Chansey|552/564\n|move|p2a: Dondozo|Curse|p2a: Dondozo\n|-unboost|p2a: Dondozo|spe|1\n|-boost|p2a: Dondozo|atk|1\n|-boost|p2a: Dondozo|def|1\n|\n|-heal|p2a: Dondozo|251/362 par|[from] item: Leftovers\n|upkeep\n|turn|20\n|\n|t:|1782853028\n|switch|p1a: Dondozo|Dondozo, L78, M|131/362\n|move|p2a: Dondozo|Curse|p2a: Dondozo\n|-unboost|p2a: Dondozo|spe|1\n|-boost|p2a: Dondozo|atk|1\n|-boost|p2a: Dondozo|def|1\n|\n|-heal|p2a: Dondozo|273/362 par|[from] item: Leftovers\n|upkeep\n|turn|21\n|\n|t:|1782853038\n|move|p1a: Dondozo|Curse|p1a: Dondozo\n|-unboost|p1a: Dondozo|spe|1\n|-boost|p1a: Dondozo|atk|1\n|-boost|p1a: Dondozo|def|1\n|move|p2a: Dondozo|Wave Crash|p1a: Dondozo\n|-resisted|p1a: Dondozo\n|-damage|p1a: Dondozo|79/362\n|-damage|p2a: Dondozo|256/362 par|[from] Recoil\n|\n|-heal|p2a: Dondozo|278/362 par|[from] item: Leftovers\n|upkeep\n|turn|22\n|\n|t:|1782853046\n|move|p1a: Dondozo|Wave Crash|p2a: Dondozo\n|-resisted|p2a: Dondozo\n|-damage|p2a: Dondozo|232/362 par\n|-damage|p1a: Dondozo|64/362|[from] Recoil\n|move|p2a: Dondozo|Wave Crash|p1a: Dondozo\n|-resisted|p1a: Dondozo\n|-damage|p1a: Dondozo|14/362\n|-damage|p2a: Dondozo|215/362 par|[from] Recoil\n|\n|-heal|p2a: Dondozo|237/362 par|[from] item: Leftovers\n|upkeep\n|turn|23\n|\n|t:|1782853052\n|move|p1a: Dondozo|Rest|p1a: Dondozo\n|-status|p1a: Dondozo|slp|[from] move: Rest\n|-heal|p1a: Dondozo|362/362 slp|[silent]\n|cant|p2a: Dondozo|par\n|\n|-heal|p2a: Dondozo|259/362 par|[from] item: Leftovers\n|upkeep\n|turn|24\n|\n|t:|1782853060\n|cant|p1a: Dondozo|slp\n|move|p2a: Dondozo|Sleep Talk||[still]\n|-fail|p2a: Dondozo\n|\n|-heal|p2a: Dondozo|281/362 par|[from] item: Leftovers\n|upkeep\n|turn|25\n|\n|t:|1782853064\n|cant|p1a: Dondozo|slp\n|move|p1a: Dondozo|Sleep Talk|p1a: Dondozo\n|move|p1a: Dondozo|Curse|p1a: Dondozo|[from] move: Sleep Talk\n|-unboost|p1a: Dondozo|spe|1\n|-boost|p1a: Dondozo|atk|1\n|-boost|p1a: Dondozo|def|1\n|move|p2a: Dondozo|Sleep Talk||[still]\n|-fail|p2a: Dondozo\n|\n|-heal|p2a: Dondozo|303/362 par|[from] item: Leftovers\n|upkeep\n|turn|26\n|\n|t:|1782853067\n|-curestatus|p1a: Dondozo|slp|[msg]\n|move|p1a: Dondozo|Curse|p1a: Dondozo\n|-unboost|p1a: Dondozo|spe|1\n|-boost|p1a: Dondozo|atk|1\n|-boost|p1a: Dondozo|def|1\n|move|p2a: Dondozo|Sleep Talk||[still]\n|-fail|p2a: Dondozo\n|\n|-heal|p2a: Dondozo|325/362 par|[from] item: Leftovers\n|upkeep\n|turn|27\n|\n|t:|1782853071\n|move|p1a: Dondozo|Sleep Talk||[still]\n|-fail|p1a: Dondozo\n|move|p2a: Dondozo|Sleep Talk||[still]\n|-fail|p2a: Dondozo\n|\n|-heal|p2a: Dondozo|347/362 par|[from] item: Leftovers\n|upkeep\n|turn|28\n|\n|t:|1782853073\n|move|p1a: Dondozo|Sleep Talk||[still]\n|-fail|p1a: Dondozo\n|move|p2a: Dondozo|Sleep Talk||[still]\n|-fail|p2a: Dondozo\n|\n|-heal|p2a: Dondozo|362/362 par|[from] item: Leftovers\n|upkeep\n|turn|29\n|\n|t:|1782853075\n|move|p1a: Dondozo|Sleep Talk||[still]\n|-fail|p1a: Dondozo\n|move|p2a: Dondozo|Sleep Talk||[still]\n|-fail|p2a: Dondozo\n|\n|upkeep\n|turn|30\n|\n|t:|1782853077\n|move|p1a: Dondozo|Sleep Talk||[still]\n|-fail|p1a: Dondozo\n|move|p2a: Dondozo|Sleep Talk||[still]\n|-fail|p2a: Dondozo\n|\n|upkeep\n|turn|31\n|\n|t:|1782853079\n|move|p1a: Dondozo|Sleep Talk||[still]\n|-fail|p1a: Dondozo\n|move|p2a: Dondozo|Sleep Talk||[still]\n|-fail|p2a: Dondozo\n|\n|upkeep\n|turn|32\n|\n|t:|1782853080\n|move|p1a: Dondozo|Sleep Talk||[still]\n|-fail|p1a: Dondozo\n|cant|p2a: Dondozo|par\n|\n|upkeep\n|turn|33\n|\n|t:|1782853082\n|move|p1a: Dondozo|Sleep Talk||[still]\n|-fail|p1a: Dondozo\n|move|p2a: Dondozo|Sleep Talk||[still]\n|-fail|p2a: Dondozo\n|\n|upkeep\n|turn|34\n|\n|t:|1782853084\n|move|p1a: Dondozo|Sleep Talk||[still]\n|-fail|p1a: Dondozo\n|move|p2a: Dondozo|Sleep Talk||[still]\n|-fail|p2a: Dondozo\n|\n|upkeep\n|turn|35\n|\n|t:|1782853086\n|move|p1a: Dondozo|Sleep Talk||[still]\n|-fail|p1a: Dondozo\n|move|p2a: Dondozo|Sleep Talk||[still]\n|-fail|p2a: Dondozo\n|\n|upkeep\n|turn|36\n|\n|t:|1782853089\n|move|p1a: Dondozo|Sleep Talk||[still]\n|-fail|p1a: Dondozo\n|move|p2a: Dondozo|Sleep Talk||[still]\n|-fail|p2a: Dondozo\n|\n|upkeep\n|turn|37\n|\n|t:|1782853093\n|switch|p2a: Alcremie|Alcremie-Salted-Cream, L90, F|263/263 par\n|-damage|p2a: Alcremie|231/263 par|[from] Stealth Rock\n|move|p1a: Dondozo|Sleep Talk||[still]\n|-fail|p1a: Dondozo\n|\n|-heal|p2a: Alcremie|247/263 par|[from] item: Leftovers\n|upkeep\n|turn|38\n|\n|t:|1782853095\n|switch|p2a: Dondozo|Dondozo, L78, F|362/362 par\n|-damage|p2a: Dondozo|317/362 par|[from] Stealth Rock\n|move|p1a: Dondozo|Wave Crash|p2a: Dondozo\n|-resisted|p2a: Dondozo\n|-damage|p2a: Dondozo|267/362 par\n|-damage|p1a: Dondozo|345/362|[from] Recoil\n|\n|-heal|p2a: Dondozo|289/362 par|[from] item: Leftovers\n|upkeep\n|turn|39\n|\n|t:|1782853102\n|move|p2a: Dondozo|Sleep Talk||[still]\n|-fail|p2a: Dondozo\n|move|p1a: Dondozo|Wave Crash|p2a: Dondozo\n|-resisted|p2a: Dondozo\n|-damage|p2a: Dondozo|238/362 par\n|-damage|p1a: Dondozo|328/362|[from] Recoil\n|\n|-heal|p2a: Dondozo|260/362 par|[from] item: Leftovers\n|upkeep\n|turn|40\n|\n|t:|1782853105\n|move|p2a: Dondozo|Sleep Talk||[still]\n|-fail|p2a: Dondozo\n|move|p1a: Dondozo|Sleep Talk||[still]\n|-fail|p1a: Dondozo\n|\n|-heal|p2a: Dondozo|282/362 par|[from] item: Leftovers\n|upkeep\n|turn|41\n|\n|t:|1782853108\n|move|p2a: Dondozo|Curse|p2a: Dondozo\n|-unboost|p2a: Dondozo|spe|1\n|-boost|p2a: Dondozo|atk|1\n|-boost|p2a: Dondozo|def|1\n|move|p1a: Dondozo|Sleep Talk||[still]\n|-fail|p1a: Dondozo\n|\n|-heal|p2a: Dondozo|304/362 par|[from] item: Leftovers\n|upkeep\n|turn|42\n|\n|t:|1782853111\n|move|p1a: Dondozo|Sleep Talk||[still]\n|-fail|p1a: Dondozo\n|move|p2a: Dondozo|Sleep Talk||[still]\n|-fail|p2a: Dondozo\n|\n|-heal|p2a: Dondozo|326/362 par|[from] item: Leftovers\n|upkeep\n|turn|43\n|\n|t:|1782853115\n|move|p1a: Dondozo|Sleep Talk||[still]\n|-fail|p1a: Dondozo\n|move|p2a: Dondozo|Sleep Talk||[still]\n|-fail|p2a: Dondozo\n|\n|-heal|p2a: Dondozo|348/362 par|[from] item: Leftovers\n|upkeep\n|turn|44\n|\n|t:|1782853120\n|move|p1a: Dondozo|Curse|p1a: Dondozo\n|-unboost|p1a: Dondozo|spe|1\n|-boost|p1a: Dondozo|atk|1\n|-boost|p1a: Dondozo|def|1\n|cant|p2a: Dondozo|par\n|\n|-heal|p2a: Dondozo|362/362 par|[from] item: Leftovers\n|upkeep\n|turn|45\n|\n|t:|1782853124\n|move|p2a: Dondozo|Curse|p2a: Dondozo\n|-unboost|p2a: Dondozo|spe|1\n|-boost|p2a: Dondozo|atk|1\n|-boost|p2a: Dondozo|def|1\n|move|p1a: Dondozo|Curse|p1a: Dondozo\n|-unboost|p1a: Dondozo|spe|1\n|-boost|p1a: Dondozo|atk|1\n|-boost|p1a: Dondozo|def|1\n|\n|upkeep\n|turn|46\n|\n|t:|1782853126\n|move|p1a: Dondozo|Curse|p1a: Dondozo\n|-unboost|p1a: Dondozo|spe|1\n|-boost|p1a: Dondozo|atk|1\n|-boost|p1a: Dondozo|def|1\n|move|p2a: Dondozo|Curse|p2a: Dondozo\n|-unboost|p2a: Dondozo|spe|1\n|-boost|p2a: Dondozo|atk|1\n|-boost|p2a: Dondozo|def|1\n|\n|upkeep\n|turn|47\n|\n|t:|1782853128\n|move|p1a: Dondozo|Curse|p1a: Dondozo\n|move|p2a: Dondozo|Curse|p2a: Dondozo\n|-unboost|p2a: Dondozo|spe|1\n|-boost|p2a: Dondozo|atk|1\n|-boost|p2a: Dondozo|def|1\n|\n|upkeep\n|turn|48\n|\n|t:|1782853130\n|move|p1a: Dondozo|Curse|p1a: Dondozo\n|move|p2a: Dondozo|Curse|p2a: Dondozo\n|-unboost|p2a: Dondozo|spe|1\n|-boost|p2a: Dondozo|atk|1\n|-boost|p2a: Dondozo|def|1\n|\n|upkeep\n|turn|49\n|\n|t:|1782853133\n|move|p1a: Dondozo|Curse|p1a: Dondozo\n|cant|p2a: Dondozo|par\n|\n|upkeep\n|turn|50\n|\n|t:|1782853135\n|move|p1a: Dondozo|Wave Crash|p2a: Dondozo\n|-resisted|p2a: Dondozo\n|-damage|p2a: Dondozo|308/362 par\n|-damage|p1a: Dondozo|310/362|[from] Recoil\n|move|p2a: Dondozo|Curse|p2a: Dondozo\n|-unboost|p2a: Dondozo|spe|1\n|-boost|p2a: Dondozo|atk|1\n|-boost|p2a: Dondozo|def|1\n|\n|-heal|p2a: Dondozo|330/362 par|[from] item: Leftovers\n|upkeep\n|turn|51\n|\n|t:|1782853141\n|move|p1a: Dondozo|Wave Crash|p2a: Dondozo\n|-resisted|p2a: Dondozo\n|-damage|p2a: Dondozo|279/362 par\n|-damage|p1a: Dondozo|293/362|[from] Recoil\n|cant|p2a: Dondozo|par\n|\n|-heal|p2a: Dondozo|301/362 par|[from] item: Leftovers\n|upkeep\n|turn|52\n|\n|t:|1782853147\n|move|p1a: Dondozo|Wave Crash|p2a: Dondozo\n|-resisted|p2a: Dondozo\n|-damage|p2a: Dondozo|250/362 par\n|-damage|p1a: Dondozo|276/362|[from] Recoil\n|move|p2a: Dondozo|Curse|p2a: Dondozo\n|\n|-heal|p2a: Dondozo|272/362 par|[from] item: Leftovers\n|upkeep\n|turn|53\n|\n|t:|1782853151\n|move|p1a: Dondozo|Curse|p1a: Dondozo\n|cant|p2a: Dondozo|par\n|\n|-heal|p2a: Dondozo|294/362 par|[from] item: Leftovers\n|upkeep\n|turn|54\n|\n|t:|1782853153\n|move|p1a: Dondozo|Curse|p1a: Dondozo\n|move|p2a: Dondozo|Curse|p2a: Dondozo\n|\n|-heal|p2a: Dondozo|316/362 par|[from] item: Leftovers\n|upkeep\n|turn|55\n|\n|t:|1782853156\n|move|p1a: Dondozo|Curse|p1a: Dondozo\n|move|p2a: Dondozo|Curse|p2a: Dondozo\n|\n|-heal|p2a: Dondozo|338/362 par|[from] item: Leftovers\n|upkeep\n|turn|56\n|\n|t:|1782853159\n|move|p1a: Dondozo|Curse|p1a: Dondozo\n|move|p2a: Dondozo|Curse|p2a: Dondozo\n|\n|-heal|p2a: Dondozo|360/362 par|[from] item: Leftovers\n|upkeep\n|turn|57\n|\n|t:|1782853161\n|move|p1a: Dondozo|Curse|p1a: Dondozo\n|move|p2a: Dondozo|Curse|p2a: Dondozo\n|\n|-heal|p2a: Dondozo|362/362 par|[from] item: Leftovers\n|upkeep\n|turn|58\n|\n|t:|1782853164\n|move|p1a: Dondozo|Curse|p1a: Dondozo\n|move|p2a: Dondozo|Curse|p2a: Dondozo\n|\n|upkeep\n|turn|59\n|\n|t:|1782853167\n|move|p1a: Dondozo|Curse|p1a: Dondozo\n|cant|p2a: Dondozo|par\n|\n|upkeep\n|turn|60\n|\n|t:|1782853174\n|move|p1a: Dondozo|Wave Crash|p2a: Dondozo\n|-resisted|p2a: Dondozo\n|-damage|p2a: Dondozo|316/362 par\n|-damage|p1a: Dondozo|261/362|[from] Recoil\n|move|p2a: Dondozo|Curse|p2a: Dondozo\n|\n|-heal|p2a: Dondozo|338/362 par|[from] item: Leftovers\n|upkeep\n|turn|61\n|\n|t:|1782853176\n|move|p1a: Dondozo|Wave Crash|p2a: Dondozo\n|-resisted|p2a: Dondozo\n|-damage|p2a: Dondozo|284/362 par\n|-damage|p1a: Dondozo|243/362|[from] Recoil\n|move|p2a: Dondozo|Curse|p2a: Dondozo\n|\n|-heal|p2a: Dondozo|306/362 par|[from] item: Leftovers\n|upkeep\n|turn|62\n|\n|t:|1782853179\n|move|p1a: Dondozo|Wave Crash|p2a: Dondozo\n|-resisted|p2a: Dondozo\n|-damage|p2a: Dondozo|252/362 par\n|-damage|p1a: Dondozo|225/362|[from] Recoil\n|cant|p2a: Dondozo|par\n|\n|-heal|p2a: Dondozo|274/362 par|[from] item: Leftovers\n|upkeep\n|turn|63\n|\n|t:|1782853182\n|move|p1a: Dondozo|Wave Crash|p2a: Dondozo\n|-resisted|p2a: Dondozo\n|-damage|p2a: Dondozo|226/362 par\n|-damage|p1a: Dondozo|209/362|[from] Recoil\n|cant|p2a: Dondozo|par\n|\n|-heal|p2a: Dondozo|248/362 par|[from] item: Leftovers\n|upkeep\n|turn|64\n|\n|t:|1782853185\n|move|p1a: Dondozo|Wave Crash|p2a: Dondozo\n|-resisted|p2a: Dondozo\n|-damage|p2a: Dondozo|195/362 par\n|-damage|p1a: Dondozo|192/362|[from] Recoil\n|cant|p2a: Dondozo|par\n|\n|-heal|p2a: Dondozo|217/362 par|[from] item: Leftovers\n|upkeep\n|turn|65\n|\n|t:|1782853188\n|move|p1a: Dondozo|Wave Crash|p2a: Dondozo\n|-resisted|p2a: Dondozo\n|-damage|p2a: Dondozo|163/362 par\n|-damage|p1a: Dondozo|174/362|[from] Recoil\n|move|p2a: Dondozo|Wave Crash|p1a: Dondozo\n|-resisted|p1a: Dondozo\n|-damage|p1a: Dondozo|125/362\n|-damage|p2a: Dondozo|147/362 par|[from] Recoil\n|\n|-heal|p2a: Dondozo|169/362 par|[from] item: Leftovers\n|upkeep\n|turn|66\n|\n|t:|1782853193\n|move|p1a: Dondozo|Wave Crash|p2a: Dondozo\n|-resisted|p2a: Dondozo\n|-damage|p2a: Dondozo|121/362 par\n|-damage|p1a: Dondozo|109/362|[from] Recoil\n|move|p2a: Dondozo|Wave Crash|p1a: Dondozo\n|-resisted|p1a: Dondozo\n|-damage|p1a: Dondozo|59/362\n|-damage|p2a: Dondozo|104/362 par|[from] Recoil\n|\n|-heal|p2a: Dondozo|126/362 par|[from] item: Leftovers\n|upkeep\n|turn|67\n|\n|t:|1782853201\n|move|p1a: Dondozo|Wave Crash|p2a: Dondozo\n|-resisted|p2a: Dondozo\n|-damage|p2a: Dondozo|79/362 par\n|-damage|p1a: Dondozo|43/362|[from] Recoil\n|cant|p2a: Dondozo|par\n|\n|-heal|p2a: Dondozo|101/362 par|[from] item: Leftovers\n|upkeep\n|turn|68\n|\n|t:|1782853204\n|move|p1a: Dondozo|Rest|p1a: Dondozo\n|-status|p1a: Dondozo|slp|[from] move: Rest\n|-heal|p1a: Dondozo|362/362 slp|[silent]\n|cant|p2a: Dondozo|par\n|\n|-heal|p2a: Dondozo|123/362 par|[from] item: Leftovers\n|upkeep\n|turn|69\n|\n|t:|1782853209\n|cant|p1a: Dondozo|slp\n|cant|p2a: Dondozo|par\n|\n|-heal|p2a: Dondozo|145/362 par|[from] item: Leftovers\n|upkeep\n|turn|70\n|\n|t:|1782853213\n|cant|p1a: Dondozo|slp\n|cant|p2a: Dondozo|par\n|\n|-heal|p2a: Dondozo|167/362 par|[from] item: Leftovers\n|upkeep\n|turn|71\n|\n|t:|1782853216\n|-curestatus|p1a: Dondozo|slp|[msg]\n|move|p1a: Dondozo|Rest|p1a: Dondozo\n|-fail|p1a: Dondozo|heal\n|move|p2a: Dondozo|Rest|p2a: Dondozo\n|-status|p2a: Dondozo|slp|[from] move: Rest\n|-heal|p2a: Dondozo|362/362 slp|[silent]\n|\n|upkeep\n|turn|72\n|\n|t:|1782853223\n|move|p1a: Dondozo|Rest|p1a: Dondozo\n|-fail|p1a: Dondozo|heal\n|cant|p2a: Dondozo|slp\n|\n|upkeep\n|turn|73\n|\n|t:|1782853227\n|move|p1a: Dondozo|Rest|p1a: Dondozo\n|-fail|p1a: Dondozo|heal\n|cant|p2a: Dondozo|slp\n|\n|upkeep\n|turn|74\n|\n|t:|1782853234\n|-curestatus|p2a: Dondozo|slp|[msg]\n|move|p2a: Dondozo|Rest|p2a: Dondozo\n|-fail|p2a: Dondozo|heal\n|move|p1a: Dondozo|Rest|p1a: Dondozo\n|-fail|p1a: Dondozo|heal\n|\n|upkeep\n|turn|75\n|\n|t:|1782853237\n|move|p2a: Dondozo|Rest|p2a: Dondozo\n|-fail|p2a: Dondozo|heal\n|move|p1a: Dondozo|Rest|p1a: Dondozo\n|-fail|p1a: Dondozo|heal\n|\n|upkeep\n|turn|76\n|\n|t:|1782853239\n|move|p1a: Dondozo|Rest|p1a: Dondozo\n|-fail|p1a: Dondozo|heal\n|move|p2a: Dondozo|Rest|p2a: Dondozo\n|-fail|p2a: Dondozo|heal\n|\n|upkeep\n|turn|77\n|\n|t:|1782853244\n|-activate|p1a: Dondozo|move: Struggle\n|move|p1a: Dondozo|Struggle|p2a: Dondozo\n|-damage|p2a: Dondozo|335/362\n|-damage|p1a: Dondozo|271/362|[from] recoil\n|move|p2a: Dondozo|Wave Crash|p1a: Dondozo\n|-resisted|p1a: Dondozo\n|-damage|p1a: Dondozo|225/362\n|-damage|p2a: Dondozo|320/362|[from] Recoil\n|\n|-heal|p2a: Dondozo|342/362|[from] item: Leftovers\n|upkeep\n|turn|78\n|\n|t:|1782853248\n|move|p2a: Dondozo|Wave Crash|p1a: Dondozo\n|-resisted|p1a: Dondozo\n|-damage|p1a: Dondozo|172/362\n|-damage|p2a: Dondozo|325/362|[from] Recoil\n|-activate|p1a: Dondozo|move: Struggle\n|move|p1a: Dondozo|Struggle|p2a: Dondozo\n|-crit|p2a: Dondozo\n|-damage|p2a: Dondozo|284/362\n|-damage|p1a: Dondozo|81/362|[from] recoil\n|\n|-heal|p2a: Dondozo|306/362|[from] item: Leftovers\n|upkeep\n|turn|79\n|\n|t:|1782853251\n|move|p2a: Dondozo|Wave Crash|p1a: Dondozo\n|-resisted|p1a: Dondozo\n|-damage|p1a: Dondozo|31/362\n|-damage|p2a: Dondozo|289/362|[from] Recoil\n|-activate|p1a: Dondozo|move: Struggle\n|move|p1a: Dondozo|Struggle|p2a: Dondozo\n|-damage|p2a: Dondozo|259/362\n|-damage|p1a: Dondozo|0 fnt|[from] recoil\n|faint|p1a: Dondozo\n|\n|-heal|p2a: Dondozo|281/362|[from] item: Leftovers\n|upkeep\n|\n|t:|1782853270\n|switch|p1a: Vivillon|Vivillon-Savanna, L83, M|268/268\n|turn|80\n|\n|t:|1782853281\n|move|p1a: Vivillon|Sleep Powder|p2a: Dondozo\n|-status|p2a: Dondozo|slp|[from] move: Sleep Powder\n|cant|p2a: Dondozo|slp\n|\n|-heal|p2a: Dondozo|303/362 slp|[from] item: Leftovers\n|upkeep\n|turn|81\n|\n|t:|1782853287\n|switch|p2a: Scizor|Scizor, L79, M|192/240\n|-damage|p2a: Scizor|162/240|[from] Stealth Rock\n|move|p1a: Vivillon|Hurricane|p2a: Scizor\n|-damage|p2a: Scizor|29/240\n|\n|upkeep\n|turn|82\n|\n|t:|1782853295\n|move|p2a: Scizor|Bullet Punch|p1a: Vivillon\n|-damage|p1a: Vivillon|135/268\n|-damage|p2a: Scizor|5/240|[from] item: Life Orb\n|move|p1a: Vivillon|Bug Buzz|p2a: Scizor\n|-resisted|p2a: Scizor\n|-damage|p2a: Scizor|0 fnt\n|faint|p2a: Scizor\n|\n|upkeep\n|\n|t:|1782853300\n|switch|p2a: Suicune|Suicune, L82|298/298\n|-damage|p2a: Suicune|261/298|[from] Stealth Rock\n|-ability|p2a: Suicune|Pressure\n|turn|83\n|\n|t:|1782853304\n|move|p1a: Vivillon|Quiver Dance|p1a: Vivillon\n|-boost|p1a: Vivillon|spa|1\n|-boost|p1a: Vivillon|spd|1\n|-boost|p1a: Vivillon|spe|1\n|move|p2a: Suicune|Calm Mind|p2a: Suicune\n|-boost|p2a: Suicune|spa|1\n|-boost|p2a: Suicune|spd|1\n|\n|-heal|p2a: Suicune|279/298|[from] item: Leftovers\n|upkeep\n|turn|84\n|inactive|J137 has 120 seconds left.\n|\n|t:|1782853343\n|move|p1a: Vivillon|Hurricane|p2a: Suicune\n|-damage|p2a: Suicune|189/298\n|move|p2a: Suicune|Ice Beam|p1a: Vivillon\n|-supereffective|p1a: Vivillon\n|-damage|p1a: Vivillon|0 fnt\n|faint|p1a: Vivillon\n|\n|-heal|p2a: Suicune|207/298|[from] item: Leftovers\n|upkeep\n|\n|t:|1782853349\n|switch|p1a: Chien-Pao|Chien-Pao, L72|234/234\n|-ability|p1a: Chien-Pao|Sword of Ruin\n|turn|85\n|\n|t:|1782853354\n|move|p1a: Chien-Pao|Swords Dance|p1a: Chien-Pao\n|-boost|p1a: Chien-Pao|atk|2\n|move|p2a: Suicune|Scald|p1a: Chien-Pao\n|-damage|p1a: Chien-Pao|75/234\n|\n|-heal|p2a: Suicune|225/298|[from] item: Leftovers\n|upkeep\n|turn|86\n|\n|t:|1782853360\n|move|p1a: Chien-Pao|Throat Chop|p2a: Suicune\n|-damage|p2a: Suicune|66/298\n|-start|p2a: Suicune|Throat Chop|[silent]\n|move|p2a: Suicune|Scald|p1a: Chien-Pao\n|-damage|p1a: Chien-Pao|0 fnt\n|faint|p1a: Chien-Pao\n|\n|-heal|p2a: Suicune|84/298|[from] item: Leftovers\n|upkeep\n|\n|t:|1782853365\n|switch|p1a: Chansey|Chansey, L85, F|552/564\n|turn|87\n|\n|t:|1782853369\n|move|p2a: Suicune|Scald|p1a: Chansey\n|-damage|p1a: Chansey|491/564\n|move|p1a: Chansey|Seismic Toss|p2a: Suicune\n|-damage|p2a: Suicune|0 fnt\n|faint|p2a: Suicune\n|\n|upkeep\n|\n|t:|1782853372\n|switch|p2a: Alcremie|Alcremie-Salted-Cream, L90, F|247/263 par\n|-damage|p2a: Alcremie|215/263 par|[from] Stealth Rock\n|turn|88\n|\n|t:|1782853375\n|move|p1a: Chansey|Seismic Toss|p2a: Alcremie\n|-damage|p2a: Alcremie|130/263 par\n|move|p2a: Alcremie|Calm Mind|p2a: Alcremie\n|-boost|p2a: Alcremie|spa|1\n|-boost|p2a: Alcremie|spd|1\n|\n|-heal|p2a: Alcremie|146/263 par|[from] item: Leftovers\n|upkeep\n|turn|89\n|\n|t:|1782853377\n|move|p1a: Chansey|Seismic Toss|p2a: Alcremie\n|-damage|p2a: Alcremie|61/263 par\n|move|p2a: Alcremie|Recover|p2a: Alcremie\n|-heal|p2a: Alcremie|193/263 par\n|\n|-heal|p2a: Alcremie|209/263 par|[from] item: Leftovers\n|upkeep\n|turn|90\n|\n|t:|1782853379\n|move|p1a: Chansey|Seismic Toss|p2a: Alcremie\n|-damage|p2a: Alcremie|124/263 par\n|move|p2a: Alcremie|Calm Mind|p2a: Alcremie\n|-boost|p2a: Alcremie|spa|1\n|-boost|p2a: Alcremie|spd|1\n|\n|-heal|p2a: Alcremie|140/263 par|[from] item: Leftovers\n|upkeep\n|turn|91\n|\n|t:|1782853382\n|move|p1a: Chansey|Seismic Toss|p2a: Alcremie\n|-damage|p2a: Alcremie|55/263 par\n|move|p2a: Alcremie|Recover|p2a: Alcremie\n|-heal|p2a: Alcremie|187/263 par\n|\n|-heal|p2a: Alcremie|203/263 par|[from] item: Leftovers\n|upkeep\n|turn|92\n|-message|J137 forfeited.\n|\n|win|LaViejaRaulito\n|raw|J137's rating: 1769 &rarr; <strong>1749</strong><br />(-20 for losing)\n|raw|LaViejaRaulito's rating: 1762 &rarr; <strong>1782</strong><br />(+20 for winning)\n|l|\u2606J137\n|player|p1|\n", "inputlog": ">version f8ac14003a5f27e1bdc8d8c59608a773c1cb96e5\n>start {\"formatid\":\"gen9randombattle\",\"seed\":\"sodium,0dee880bf93a2cbd646480f057e18ac8\",\"rated\":\"Rated battle\"}\n>player p1 {\"name\":\"J137\",\"avatar\":\"265\",\"rating\":1749,\"seed\":\"sodium,4b4d2da3d13a3bafeb7eb18b2ab9f93a\"}\n>player p2 {\"name\":\"LaViejaRaulito\",\"avatar\":\"preschooler\",\"rating\":1762,\"seed\":\"sodium,1e915c02fbe3e2988a9804b5598a0f09\"}\n>p1 move nastyplot\n>p2 switch 2\n>p1 move terablast terastallize\n>p2 move closecombat\n>p2 switch 6\n>p1 move thunderbolt\n>p2 move bulletpunch\n>p1 switch 3\n>p1 move curse\n>p2 switch 3\n>p1 move wavecrash\n>p2 move knockoff\n>p1 switch 4\n>p2 move aurawheel\n>p1 move fakeout\n>p2 move protect\n>p1 move surf\n>p2 move knockoff\n>p2 switch 3\n>p1 move voltswitch\n>p2 move bulletpunch\n>p1 switch 4\n>p1 switch 5\n>p2 switch 4\n>p1 move stealthrock\n>p2 switch 2\n>p1 move thunderwave\n>p2 move wavecrash\n>p1 switch 5\n>p2 move wavecrash\n>p1 move wavecrash\n>p2 switch 2\n>p1 switch 5\n>p2 move alluringvoice\n>p1 move thunderwave\n>p2 move recover\n>p1 move softboiled\n>p2 switch 2\n>p1 move thunderwave\n>p2 move wavecrash\n>p1 move softboiled\n>p2 move curse\n>p1 switch 5\n>p2 move curse\n>p1 move curse\n>p2 move wavecrash\n>p1 move wavecrash\n>p2 move wavecrash\n>p1 move rest\n>p2 move wavecrash\n>p1 move curse\n>p2 move sleeptalk\n>p1 move sleeptalk\n>p2 move sleeptalk\n>p1 move curse\n>p2 move sleeptalk\n>p1 move sleeptalk\n>p2 move sleeptalk\n>p1 move sleeptalk\n>p2 move sleeptalk\n>p1 move sleeptalk\n>p2 move sleeptalk\n>p1 move sleeptalk\n>p2 move sleeptalk\n>p1 move sleeptalk\n>p2 move sleeptalk\n>p1 move sleeptalk\n>p2 move sleeptalk\n>p1 move sleeptalk\n>p2 move sleeptalk\n>p1 move sleeptalk\n>p2 move sleeptalk\n>p1 move sleeptalk\n>p2 move sleeptalk\n>p1 move sleeptalk\n>p2 move sleeptalk\n>p1 move sleeptalk\n>p2 switch 2\n>p1 move wavecrash\n>p2 switch 2\n>p1 move wavecrash\n>p2 move sleeptalk\n>p1 move sleeptalk\n>p2 move sleeptalk\n>p1 move sleeptalk\n>p2 move curse\n>p1 move sleeptalk\n>p2 move sleeptalk\n>p1 move sleeptalk\n>p2 move sleeptalk\n>p1 move curse\n>p2 move curse\n>p1 move curse\n>p2 move curse\n>p1 move curse\n>p2 move curse\n>p1 move curse\n>p2 move curse\n>p1 move curse\n>p2 move curse\n>p1 move curse\n>p2 move curse\n>p1 move wavecrash\n>p2 move curse\n>p1 move wavecrash\n>p2 move curse\n>p1 move wavecrash\n>p2 move curse\n>p1 move curse\n>p2 move curse\n>p1 move curse\n>p2 move curse\n>p1 move curse\n>p2 move curse\n>p1 move curse\n>p2 move curse\n>p1 move curse\n>p2 move curse\n>p1 move curse\n>p2 move curse\n>p1 move curse\n>p2 move curse\n>p1 move wavecrash\n>p2 move curse\n>p1 move wavecrash\n>p2 move curse\n>p1 move wavecrash\n>p2 move wavecrash\n>p1 move wavecrash\n>p2 move wavecrash\n>p1 move wavecrash\n>p2 move wavecrash\n>p1 move wavecrash\n>p2 move wavecrash\n>p1 move wavecrash\n>p2 move wavecrash\n>p1 move wavecrash\n>p2 move wavecrash\n>p1 move rest\n>p2 move wavecrash\n>p1 move rest\n>p2 move rest\n>p1 move rest\n>p2 move rest\n>p1 move rest\n>p2 move rest\n>p1 move rest\n>p2 move rest\n>p1 move rest\n>p2 move rest\n>p1 move rest\n>p2 move rest\n>p1 move rest\n>p2 move rest\n>p1 move rest\n>p2 move rest\n>p1 move struggle\n>p2 move wavecrash\n>p1 move struggle\n>p2 move wavecrash\n>p1 move struggle\n>p2 move wavecrash\n>p1 switch 6\n>p1 move sleeppowder\n>p2 move wavecrash\n>p1 move hurricane\n>p2 switch 4\n>p1 move bugbuzz\n>p2 move bulletpunch\n>p2 switch 5\n>p1 move quiverdance\n>p2 move calmmind\n>p1 move hurricane\n>p2 move icebeam\n>p1 switch 2\n>p1 move swordsdance\n>p2 move scald\n>p1 move throatchop\n>p2 move scald\n>p1 switch 5\n>p1 move seismictoss\n>p2 move scald\n>p2 switch 2\n>p1 move seismictoss\n>p2 move calmmind\n>p1 move seismictoss\n>p2 move recover\n>p1 move seismictoss\n>p2 move calmmind\n>p1 move seismictoss\n>p2 move recover\n>forcelose p1", "uploadtime": 1782853389, "views": 8, "formatid": "gen9randombattle", "rating": 1749, "private": 0, "password": null, "player_dets": [{"name": "J137", "avatar": "265", "rating": 1749, "seed": "sodium,4b4d2da3d13a3bafeb7eb18b2ab9f93a"}, {"name": "LaViejaRaulito", "avatar": "preschooler", "rating": 1762, "seed": "sodium,1e915c02fbe3e2988a9804b5598a0f09"}], "teams_full": [{"Raichu": {"name": "Raichu", "species": "Raichu", "speciesId": "raichu", "gender": "F", "shiny": false, "level": 88, "moves": ["focusblast", "thunderbolt", "terablast", "nastyplot"], "ability": "Lightning Rod", "evs": {"hp": 85, "atk": 0, "def": 85, "spa": 85, "spd": 85, "spe": 85}, "ivs": {"hp": 31, "atk": 0, "def": 31, "spa": 31, "spd": 31, "spe": 31}, "item": "Life Orb", "teraType": "Ice", "role": "Tera Blast user", "bvs": {"hp": 60, "atk": 90, "def": 55, "spa": 90, "spd": 80, "spe": 110}, "stats": {"hp": 249, "atk": 163, "def": 147, "spa": 209, "spd": 191, "spe": 244}, "types": ["Electric"]}, "Chien-Pao": {"name": "Chien-Pao", "species": "Chien-Pao", "speciesId": "chienpao", "gender": "N", "shiny": false, "level": 72, "moves": ["sacredsword", "throatchop", "swordsdance", "iciclecrash"], "ability": "Sword of Ruin", "evs": {"hp": 85, "atk": 85, "def": 85, "spa": 85, "spd": 85, "spe": 85}, "ivs": {"hp": 31, "atk": 31, "def": 31, "spa": 31, "spd": 31, "spe": 31}, "item": "Heavy-Duty Boots", "teraType": "Fighting", "role": "Setup Sweeper", "bvs": {"hp": 80, "atk": 120, "def": 80, "spa": 90, "spd": 65, "spe": 135}, "stats": {"hp": 234, "atk": 215, "def": 157, "spa": 172, "spd": 136, "spe": 236}, "types": ["Dark", "Ice"]}, "Dondozo": {"name": "Dondozo", "species": "Dondozo", "speciesId": "dondozo", "gender": "M", "shiny": false, "level": 78, "moves": ["wavecrash", "curse", "sleeptalk", "rest"], "ability": "Unaware", "evs": {"hp": 85, "atk": 85, "def": 85, "spa": 85, "spd": 85, "spe": 85}, "ivs": {"hp": 31, "atk": 31, "def": 31, "spa": 31, "spd": 31, "spe": 31}, "item": "Leftovers", "teraType": "Fairy", "role": "Bulky Setup", "bvs": {"hp": 150, "atk": 100, "def": 115, "spa": 65, "spd": 65, "spe": 35}, "stats": {"hp": 362, "atk": 201, "def": 224, "spa": 146, "spd": 146, "spe": 100}, "types": ["Water"]}, "Pikachu": {"name": "Pikachu", "species": "Pikachu-Unova", "speciesId": "pikachu", "gender": "F", "shiny": false, "level": 93, "moves": ["fakeout", "voltswitch", "volttackle", "surf"], "ability": "Lightning Rod", "evs": {"hp": 85, "atk": 85, "def": 85, "spa": 85, "spd": 85, "spe": 85}, "ivs": {"hp": 31, "atk": 31, "def": 31, "spa": 31, "spd": 31, "spe": 31}, "item": "Light Ball", "teraType": "Water", "role": "Fast Attacker", "bvs": {"hp": 35, "atk": 55, "def": 40, "spa": 50, "spd": 50, "spe": 90}, "stats": {"hp": 216, "atk": 155, "def": 127, "spa": 146, "spd": 146, "spe": 220}, "types": ["Electric"]}, "Chansey": {"name": "Chansey", "species": "Chansey", "speciesId": "chansey", "gender": "F", "shiny": false, "level": 85, "moves": ["seismictoss", "softboiled", "thunderwave", "stealthrock"], "ability": "Natural Cure", "evs": {"hp": 85, "atk": 0, "def": 85, "spa": 85, "spd": 85, "spe": 85}, "ivs": {"hp": 31, "atk": 0, "def": 31, "spa": 31, "spd": 31, "spe": 31}, "item": "Eviolite", "teraType": "Fairy", "role": "Bulky Support", "bvs": {"hp": 250, "atk": 5, "def": 5, "spa": 35, "spd": 105, "spe": 50}, "stats": {"hp": 564, "atk": 13, "def": 57, "spa": 108, "spd": 227, "spe": 134}, "types": ["Normal"]}, "Vivillon": {"name": "Vivillon", "species": "Vivillon-Savanna", "speciesId": "vivillon", "gender": "M", "shiny": false, "level": 83, "moves": ["bugbuzz", "quiverdance", "hurricane", "sleeppowder"], "ability": "Compound Eyes", "evs": {"hp": 85, "atk": 0, "def": 85, "spa": 85, "spd": 85, "spe": 85}, "ivs": {"hp": 31, "atk": 0, "def": 31, "spa": 31, "spd": 31, "spe": 31}, "item": "Heavy-Duty Boots", "teraType": "Steel", "role": "Fast Bulky Setup", "bvs": {"hp": 80, "atk": 52, "def": 50, "spa": 90, "spd": 50, "spe": 89}, "stats": {"hp": 268, "atk": 91, "def": 131, "spa": 197, "spd": 131, "spe": 195}, "types": ["Bug", "Flying"]}}, {"Dondozo": {"name": "Dondozo", "species": "Dondozo", "speciesId": "dondozo", "gender": "F", "shiny": false, "level": 78, "moves": ["curse", "sleeptalk", "rest", "wavecrash"], "ability": "Unaware", "evs": {"hp": 85, "atk": 85, "def": 85, "spa": 85, "spd": 85, "spe": 85}, "ivs": {"hp": 31, "atk": 31, "def": 31, "spa": 31, "spd": 31, "spe": 31}, "item": "Leftovers", "teraType": "Dragon", "role": "Bulky Setup", "bvs": {"hp": 150, "atk": 100, "def": 115, "spa": 65, "spd": 65, "spe": 35}, "stats": {"hp": 362, "atk": 201, "def": 224, "spa": 146, "spd": 146, "spe": 100}, "types": ["Water"]}, "Virizion": {"name": "Virizion", "species": "Virizion", "speciesId": "virizion", "gender": "N", "shiny": false, "level": 82, "moves": ["stoneedge", "swordsdance", "leafblade", "closecombat"], "ability": "Justified", "evs": {"hp": 85, "atk": 85, "def": 85, "spa": 85, "spd": 85, "spe": 85}, "ivs": {"hp": 31, "atk": 31, "def": 31, "spa": 31, "spd": 31, "spe": 31}, "item": "Life Orb", "teraType": "Rock", "role": "Setup Sweeper", "bvs": {"hp": 91, "atk": 90, "def": 72, "spa": 90, "spd": 129, "spe": 108}, "stats": {"hp": 283, "atk": 195, "def": 165, "spa": 195, "spd": 259, "spe": 224}, "types": ["Grass", "Fighting"]}, "Morpeko": {"name": "Morpeko", "species": "Morpeko", "speciesId": "morpeko", "gender": "M", "shiny": false, "level": 88, "moves": ["protect", "knockoff", "aurawheel", "rapidspin"], "ability": "Hunger Switch", "evs": {"hp": 85, "atk": 85, "def": 85, "spa": 85, "spd": 85, "spe": 85}, "ivs": {"hp": 31, "atk": 31, "def": 31, "spa": 31, "spd": 31, "spe": 31}, "item": "Leftovers", "teraType": "Electric", "role": "Bulky Attacker", "bvs": {"hp": 58, "atk": 95, "def": 58, "spa": 70, "spd": 58, "spe": 97}, "stats": {"hp": 245, "atk": 217, "def": 152, "spa": 173, "spd": 152, "spe": 221}, "types": ["Electric", "Dark"]}, "Alcremie": {"name": "Alcremie", "species": "Alcremie-Salted-Cream", "speciesId": "alcremie", "gender": "F", "shiny": false, "level": 90, "moves": ["alluringvoice", "calmmind", "terablast", "recover"], "ability": "Aroma Veil", "evs": {"hp": 85, "atk": 0, "def": 85, "spa": 85, "spd": 85, "spe": 85}, "ivs": {"hp": 31, "atk": 0, "def": 31, "spa": 31, "spd": 31, "spe": 31}, "item": "Leftovers", "teraType": "Ground", "role": "Tera Blast user", "bvs": {"hp": 65, "atk": 60, "def": 75, "spa": 110, "spd": 121, "spe": 64}, "stats": {"hp": 263, "atk": 113, "def": 186, "spa": 249, "spd": 269, "spe": 167}, "types": ["Fairy"]}, "Suicune": {"name": "Suicune", "species": "Suicune", "speciesId": "suicune", "gender": "N", "shiny": false, "level": 82, "moves": ["icebeam", "substitute", "calmmind", "scald"], "ability": "Pressure", "evs": {"hp": 85, "atk": 0, "def": 85, "spa": 85, "spd": 85, "spe": 85}, "ivs": {"hp": 31, "atk": 0, "def": 31, "spa": 31, "spd": 31, "spe": 31}, "item": "Leftovers", "teraType": "Steel", "role": "Bulky Setup", "bvs": {"hp": 100, "atk": 75, "def": 115, "spa": 90, "spd": 115, "spe": 85}, "stats": {"hp": 298, "atk": 127, "def": 236, "spa": 195, "spd": 236, "spe": 187}, "types": ["Water"]}, "Scizor": {"name": "Scizor", "species": "Scizor", "speciesId": "scizor", "gender": "M", "shiny": false, "level": 79, "moves": ["bugbite", "closecombat", "bulletpunch", "swordsdance"], "ability": "Technician", "evs": {"hp": 85, "atk": 85, "def": 85, "spa": 85, "spd": 85, "spe": 85}, "ivs": {"hp": 31, "atk": 31, "def": 31, "spa": 31, "spd": 31, "spe": 31}, "item": "Life Orb", "teraType": "Steel", "role": "Setup Sweeper", "bvs": {"hp": 70, "atk": 130, "def": 100, "spa": 55, "spd": 80, "spe": 65}, "stats": {"hp": 240, "atk": 251, "def": 204, "spa": 132, "spd": 172, "spe": 148}, "types": ["Bug", "Steel"]}}]}