{"id": "gen9randombattle-2642120292", "format": "[Gen 9] Random Battle", "players": ["jnpr010334", "new pl"], "log": "|j|\u2606jnpr010334\n|j|\u2606new pl\n|t:|1782894336\n|gametype|singles\n|player|p1|jnpr010334|265|1732\n|player|p2|new pl|102|1729\n|gen|9\n|tier|[Gen 9] Random Battle\n|rated|\n|rule|Species Clause: Limit one of each Pok\u00e9mon\n|rule|HP Percentage Mod: HP is shown in percentages\n|rule|Sleep Clause Mod: Limit one foe put to sleep\n|rule|Illusion Level Mod: Illusion disguises the Pok\u00e9mon's true level\n|\n|t:|1782894336\n|teamsize|p1|6\n|teamsize|p2|6\n|start\n|switch|p1a: Donphan|Donphan, L84, M|288/288\n|switch|p2a: Reshiram|Reshiram, L76|277/277\n|-ability|p2a: Reshiram|Turboblaze\n|turn|1\n|inactive|Battle timer is ON: inactive players will automatically lose when time's up. (requested by new pl)\n|inactive|jnpr010334 also wants the timer to be on.\n|\n|t:|1782894352\n|switch|p2a: Skarmory|Skarmory, L80, F|235/235\n|move|p1a: Donphan|Earthquake|p2a: Skarmory\n|-immune|p2a: Skarmory\n|\n|upkeep\n|turn|2\n|\n|t:|1782894358\n|switch|p1a: Toxapex|Toxapex, L82, M|216/216\n|move|p2a: Skarmory|Body Press|p1a: Toxapex\n|-resisted|p1a: Toxapex\n|-damage|p1a: Toxapex|192/216\n|\n|-heal|p1a: Toxapex|205/216|[from] item: Leftovers\n|upkeep\n|turn|3\n|\n|t:|1782894366\n|switch|p2a: Forretress|Forretress, L84, F|263/263\n|move|p1a: Toxapex|Liquidation|p2a: Forretress\n|-damage|p2a: Forretress|215/263\n|\n|-heal|p2a: Forretress|231/263|[from] item: Leftovers\n|-heal|p1a: Toxapex|216/216|[from] item: Leftovers\n|upkeep\n|turn|4\n|\n|t:|1782894375\n|move|p2a: Forretress|Stealth Rock|p1a: Toxapex\n|-sidestart|p1: jnpr010334|move: Stealth Rock\n|move|p1a: Toxapex|Liquidation|p2a: Forretress\n|-damage|p2a: Forretress|188/263\n|\n|-heal|p2a: Forretress|204/263|[from] item: Leftovers\n|upkeep\n|turn|5\n|\n|t:|1782894382\n|move|p2a: Forretress|Toxic Spikes|p1a: Toxapex\n|-sidestart|p1: jnpr010334|move: Toxic Spikes\n|move|p1a: Toxapex|Liquidation|p2a: Forretress\n|-crit|p2a: Forretress\n|-damage|p2a: Forretress|134/263\n|\n|-heal|p2a: Forretress|150/263|[from] item: Leftovers\n|upkeep\n|turn|6\n|\n|t:|1782894390\n|switch|p2a: Skarmory|Skarmory, L80, F|235/235\n|move|p1a: Toxapex|Liquidation|p2a: Skarmory\n|-crit|p2a: Skarmory\n|-damage|p2a: Skarmory|162/235\n|-unboost|p2a: Skarmory|def|1\n|\n|-heal|p2a: Skarmory|176/235|[from] item: Leftovers\n|upkeep\n|turn|7\n|\n|t:|1782894399\n|switch|p2a: Lumineon|Lumineon, L93, M|279/279\n|move|p1a: Toxapex|Liquidation|p2a: Lumineon\n|-ability|p2a: Lumineon|Storm Drain|boost\n|-boost|p2a: Lumineon|spa|1\n|\n|upkeep\n|turn|8\n|\n|t:|1782894406\n|move|p2a: Lumineon|Encore|p1a: Toxapex\n|-start|p1a: Toxapex|Encore\n|move|p1a: Toxapex|Liquidation|p2a: Lumineon\n|-ability|p2a: Lumineon|Storm Drain|boost\n|-boost|p2a: Lumineon|spa|1\n|\n|upkeep\n|turn|9\n|\n|t:|1782894412\n|move|p2a: Lumineon|Ice Beam|p1a: Toxapex\n|-resisted|p1a: Toxapex\n|-damage|p1a: Toxapex|159/216\n|-damage|p2a: Lumineon|252/279|[from] item: Life Orb\n|move|p1a: Toxapex|Liquidation|p2a: Lumineon\n|-ability|p2a: Lumineon|Storm Drain|boost\n|-boost|p2a: Lumineon|spa|1\n|\n|-heal|p1a: Toxapex|172/216|[from] item: Leftovers\n|upkeep\n|turn|10\n|\n|t:|1782894421\n|switch|p1a: Munkidori|Munkidori, L79, M|269/269\n|-damage|p1a: Munkidori|236/269|[from] Stealth Rock\n|-sideend|p1: jnpr010334|move: Toxic Spikes|[of] p1a: Munkidori\n|move|p2a: Lumineon|Hydro Pump|p1a: Munkidori\n|-damage|p1a: Munkidori|6/269\n|-damage|p2a: Lumineon|225/279|[from] item: Life Orb\n|\n|upkeep\n|turn|11\n|\n|t:|1782894429\n|move|p1a: Munkidori|Fake Out|p2a: Lumineon\n|-damage|p2a: Lumineon|202/279\n|cant|p2a: Lumineon|flinch\n|\n|upkeep\n|turn|12\n|\n|t:|1782894434\n|switch|p1a: Toxapex|Toxapex, L82, M|216/216\n|-damage|p1a: Toxapex|189/216|[from] Stealth Rock\n|move|p2a: Lumineon|Ice Beam|p1a: Toxapex\n|-resisted|p1a: Toxapex\n|-damage|p1a: Toxapex|123/216\n|-damage|p2a: Lumineon|175/279|[from] item: Life Orb\n|\n|-heal|p1a: Toxapex|136/216|[from] item: Leftovers\n|upkeep\n|turn|13\n|\n|t:|1782894443\n|move|p2a: Lumineon|Hydro Pump|p1a: Toxapex\n|-resisted|p1a: Toxapex\n|-damage|p1a: Toxapex|16/216\n|-damage|p2a: Lumineon|148/279|[from] item: Life Orb\n|move|p1a: Toxapex|Recover|p1a: Toxapex\n|-heal|p1a: Toxapex|124/216\n|\n|-heal|p1a: Toxapex|137/216|[from] item: Leftovers\n|upkeep\n|turn|14\n|\n|t:|1782894451\n|move|p2a: Lumineon|Hydro Pump|p1a: Toxapex\n|-resisted|p1a: Toxapex\n|-damage|p1a: Toxapex|16/216\n|-damage|p2a: Lumineon|121/279|[from] item: Life Orb\n|move|p1a: Toxapex|Recover|p1a: Toxapex\n|-heal|p1a: Toxapex|124/216\n|\n|-heal|p1a: Toxapex|137/216|[from] item: Leftovers\n|upkeep\n|turn|15\n|\n|t:|1782894460\n|move|p2a: Lumineon|Encore|p1a: Toxapex\n|-start|p1a: Toxapex|Encore\n|move|p1a: Toxapex|Recover|p1a: Toxapex\n|-heal|p1a: Toxapex|216/216\n|\n|upkeep\n|turn|16\n|\n|t:|1782894466\n|move|p2a: Lumineon|Encore||[still]\n|-fail|p2a: Lumineon\n|move|p1a: Toxapex|Recover||[still]\n|-fail|p1a: Toxapex|heal\n|\n|upkeep\n|turn|17\n|\n|t:|1782894471\n|move|p2a: Lumineon|Encore||[still]\n|-fail|p2a: Lumineon\n|move|p1a: Toxapex|Recover||[still]\n|-fail|p1a: Toxapex|heal\n|\n|-end|p1a: Toxapex|Encore\n|upkeep\n|turn|18\n|\n|t:|1782894477\n|move|p2a: Lumineon|Encore|p1a: Toxapex\n|-start|p1a: Toxapex|Encore\n|move|p1a: Toxapex|Recover||[still]\n|-fail|p1a: Toxapex|heal\n|\n|upkeep\n|turn|19\n|\n|t:|1782894481\n|move|p2a: Lumineon|Encore||[still]\n|-fail|p2a: Lumineon\n|move|p1a: Toxapex|Recover||[still]\n|-fail|p1a: Toxapex|heal\n|\n|upkeep\n|turn|20\n|\n|t:|1782894486\n|move|p2a: Lumineon|Encore||[still]\n|-fail|p2a: Lumineon\n|move|p1a: Toxapex|Recover||[still]\n|-fail|p1a: Toxapex|heal\n|\n|-end|p1a: Toxapex|Encore\n|upkeep\n|turn|21\n|\n|t:|1782894494\n|move|p2a: Lumineon|Hydro Pump|p1a: Toxapex\n|-resisted|p1a: Toxapex\n|-damage|p1a: Toxapex|93/216\n|-damage|p2a: Lumineon|94/279|[from] item: Life Orb\n|move|p1a: Toxapex|Toxic|p2a: Lumineon\n|-status|p2a: Lumineon|tox\n|\n|-heal|p1a: Toxapex|106/216|[from] item: Leftovers\n|-damage|p2a: Lumineon|77/279 tox|[from] psn\n|upkeep\n|turn|22\n|\n|t:|1782894503\n|switch|p1a: Munkidori|Munkidori, L79, M|6/269\n|-damage|p1a: Munkidori|0 fnt|[from] Stealth Rock\n|faint|p1a: Munkidori\n|move|p2a: Lumineon|Hydro Pump|p1: Munkidori|[notarget]\n|-fail|p2a: Lumineon\n|\n|-damage|p2a: Lumineon|43/279 tox|[from] psn\n|upkeep\n|\n|t:|1782894508\n|switch|p1a: Rillaboom|Rillaboom, L79, F|288/288\n|-damage|p1a: Rillaboom|252/288|[from] Stealth Rock\n|-fieldstart|move: Grassy Terrain|[from] ability: Grassy Surge|[of] p1a: Rillaboom\n|turn|23\n|\n|t:|1782894519\n|switch|p2a: Skarmory|Skarmory, L80, F|176/235\n|switch|p1a: Toxapex|Toxapex, L82, M|178/216\n|-damage|p1a: Toxapex|151/216|[from] Stealth Rock\n|\n|-heal|p2a: Skarmory|190/235|[from] item: Leftovers\n|-heal|p1a: Toxapex|164/216|[from] Grassy Terrain\n|-heal|p1a: Toxapex|177/216|[from] item: Leftovers\n|upkeep\n|turn|24\n|\n|t:|1782894528\n|switch|p2a: Lumineon|Lumineon, L93, M|43/279 tox\n|move|p1a: Toxapex|Liquidation|p2a: Lumineon\n|-ability|p2a: Lumineon|Storm Drain|boost\n|-boost|p2a: Lumineon|spa|1\n|\n|-heal|p2a: Lumineon|60/279 tox|[from] Grassy Terrain\n|-heal|p1a: Toxapex|190/216|[from] Grassy Terrain\n|-heal|p1a: Toxapex|203/216|[from] item: Leftovers\n|-damage|p2a: Lumineon|43/279 tox|[from] psn\n|upkeep\n|turn|25\n|\n|t:|1782894542\n|move|p2a: Lumineon|Encore|p1a: Toxapex\n|-start|p1a: Toxapex|Encore\n|move|p1a: Toxapex|Liquidation|p2a: Lumineon\n|-ability|p2a: Lumineon|Storm Drain|boost\n|-boost|p2a: Lumineon|spa|1\n|\n|-heal|p2a: Lumineon|60/279 tox|[from] Grassy Terrain\n|-heal|p1a: Toxapex|216/216|[from] Grassy Terrain\n|-damage|p2a: Lumineon|26/279 tox|[from] psn\n|upkeep\n|turn|26\n|\n|t:|1782894551\n|move|p2a: Lumineon|Hydro Pump|p1a: Toxapex\n|-resisted|p1a: Toxapex\n|-damage|p1a: Toxapex|113/216\n|-damage|p2a: Lumineon|0 fnt|[from] item: Life Orb\n|faint|p2a: Lumineon\n|move|p1a: Toxapex|Liquidation|p2: Lumineon|[notarget]\n|-fail|p1a: Toxapex\n|\n|-heal|p1a: Toxapex|126/216|[from] Grassy Terrain\n|-heal|p1a: Toxapex|139/216|[from] item: Leftovers\n|upkeep\n|\n|t:|1782894561\n|switch|p2a: Forretress|Forretress, L84, F|150/263\n|turn|27\n|\n|t:|1782894565\n|move|p2a: Forretress|Toxic Spikes|p1a: Toxapex\n|-sidestart|p1: jnpr010334|move: Toxic Spikes\n|move|p1a: Toxapex|Liquidation|p2a: Forretress\n|-damage|p2a: Forretress|102/263\n|-unboost|p2a: Forretress|def|1\n|\n|-heal|p2a: Forretress|118/263|[from] Grassy Terrain\n|-heal|p2a: Forretress|134/263|[from] item: Leftovers\n|-heal|p1a: Toxapex|152/216|[from] Grassy Terrain\n|-heal|p1a: Toxapex|165/216|[from] item: Leftovers\n|-end|p1a: Toxapex|Encore\n|-fieldend|move: Grassy Terrain\n|upkeep\n|turn|28\n|\n|t:|1782894578\n|switch|p2a: Skarmory|Skarmory, L80, F|190/235\n|move|p1a: Toxapex|Liquidation|p2a: Skarmory\n|-damage|p2a: Skarmory|145/235\n|\n|-heal|p2a: Skarmory|159/235|[from] item: Leftovers\n|-heal|p1a: Toxapex|178/216|[from] item: Leftovers\n|upkeep\n|turn|29\n|\n|t:|1782894585\n|move|p2a: Skarmory|Roost|p2a: Skarmory\n|-heal|p2a: Skarmory|235/235\n|-singleturn|p2a: Skarmory|move: Roost\n|move|p1a: Toxapex|Liquidation|p2a: Skarmory\n|-damage|p2a: Skarmory|186/235\n|\n|-heal|p2a: Skarmory|200/235|[from] item: Leftovers\n|-heal|p1a: Toxapex|191/216|[from] item: Leftovers\n|upkeep\n|turn|30\n|\n|t:|1782894594\n|move|p2a: Skarmory|Iron Defense|p2a: Skarmory\n|-boost|p2a: Skarmory|def|2\n|move|p1a: Toxapex|Liquidation|p2a: Skarmory\n|-damage|p2a: Skarmory|176/235\n|\n|-heal|p2a: Skarmory|190/235|[from] item: Leftovers\n|-heal|p1a: Toxapex|204/216|[from] item: Leftovers\n|upkeep\n|turn|31\n|\n|t:|1782894602\n|switch|p2a: Forretress|Forretress, L84, F|134/263\n|move|p1a: Toxapex|Haze|p1a: Toxapex\n|-clearallboost\n|\n|-heal|p2a: Forretress|150/263|[from] item: Leftovers\n|-heal|p1a: Toxapex|216/216|[from] item: Leftovers\n|upkeep\n|turn|32\n|\n|t:|1782894610\n|move|p2a: Forretress|Toxic Spikes|p1a: Toxapex\n|-sidestart|p1: jnpr010334|move: Toxic Spikes\n|move|p1a: Toxapex|Liquidation|p2a: Forretress\n|-damage|p2a: Forretress|105/263\n|\n|-heal|p2a: Forretress|121/263|[from] item: Leftovers\n|upkeep\n|turn|33\n|\n|t:|1782894617\n|switch|p2a: Skarmory|Skarmory, L80, F|190/235\n|move|p1a: Toxapex|Liquidation|p2a: Skarmory\n|-damage|p2a: Skarmory|147/235\n|-unboost|p2a: Skarmory|def|1\n|\n|-heal|p2a: Skarmory|161/235|[from] item: Leftovers\n|upkeep\n|turn|34\n|\n|t:|1782894626\n|move|p2a: Skarmory|Roost|p2a: Skarmory\n|-heal|p2a: Skarmory|235/235\n|-singleturn|p2a: Skarmory|move: Roost\n|move|p1a: Toxapex|Toxic|p2a: Skarmory\n|-immune|p2a: Skarmory\n|\n|upkeep\n|turn|35\n|\n|t:|1782894638\n|switch|p2a: Forretress|Forretress, L84, F|121/263\n|move|p1a: Toxapex|Toxic|p2a: Forretress\n|-immune|p2a: Forretress\n|\n|-heal|p2a: Forretress|137/263|[from] item: Leftovers\n|upkeep\n|turn|36\n|\n|t:|1782894645\n|move|p2a: Forretress|Rapid Spin|p1a: Toxapex\n|-damage|p1a: Toxapex|192/216\n|-boost|p2a: Forretress|spe|1\n|move|p1a: Toxapex|Toxic|p2a: Forretress\n|-immune|p2a: Forretress\n|\n|-heal|p2a: Forretress|153/263|[from] item: Leftovers\n|-heal|p1a: Toxapex|205/216|[from] item: Leftovers\n|upkeep\n|turn|37\n|\n|t:|1782894653\n|move|p2a: Forretress|Rapid Spin|p1a: Toxapex\n|-damage|p1a: Toxapex|183/216\n|-boost|p2a: Forretress|spe|1\n|move|p1a: Toxapex|Toxic|p2a: Forretress\n|-immune|p2a: Forretress\n|\n|-heal|p2a: Forretress|169/263|[from] item: Leftovers\n|-heal|p1a: Toxapex|196/216|[from] item: Leftovers\n|upkeep\n|turn|38\n|\n|t:|1782894661\n|move|p2a: Forretress|Rapid Spin|p1a: Toxapex\n|-damage|p1a: Toxapex|174/216\n|-boost|p2a: Forretress|spe|1\n|move|p1a: Toxapex|Toxic|p2a: Forretress\n|-immune|p2a: Forretress\n|\n|-heal|p2a: Forretress|185/263|[from] item: Leftovers\n|-heal|p1a: Toxapex|187/216|[from] item: Leftovers\n|upkeep\n|turn|39\n|\n|t:|1782894669\n|move|p2a: Forretress|Rapid Spin|p1a: Toxapex\n|-damage|p1a: Toxapex|163/216\n|-boost|p2a: Forretress|spe|1\n|move|p1a: Toxapex|Toxic|p2a: Forretress\n|-immune|p2a: Forretress\n|\n|-heal|p2a: Forretress|201/263|[from] item: Leftovers\n|-heal|p1a: Toxapex|176/216|[from] item: Leftovers\n|upkeep\n|turn|40\n|\n|t:|1782894677\n|move|p2a: Forretress|Rapid Spin|p1a: Toxapex\n|-damage|p1a: Toxapex|155/216\n|-boost|p2a: Forretress|spe|1\n|move|p1a: Toxapex|Haze|p1a: Toxapex\n|-clearallboost\n|\n|-heal|p2a: Forretress|217/263|[from] item: Leftovers\n|-heal|p1a: Toxapex|168/216|[from] item: Leftovers\n|upkeep\n|turn|41\n|\n|t:|1782894687\n|move|p2a: Forretress|Rapid Spin|p1a: Toxapex\n|-damage|p1a: Toxapex|146/216\n|-boost|p2a: Forretress|spe|1\n|move|p1a: Toxapex|Toxic|p2a: Forretress\n|-immune|p2a: Forretress\n|\n|-heal|p2a: Forretress|233/263|[from] item: Leftovers\n|-heal|p1a: Toxapex|159/216|[from] item: Leftovers\n|upkeep\n|turn|42\n|\n|t:|1782894695\n|move|p2a: Forretress|Rapid Spin|p1a: Toxapex\n|-damage|p1a: Toxapex|135/216\n|-boost|p2a: Forretress|spe|1\n|move|p1a: Toxapex|Haze|p1a: Toxapex\n|-clearallboost\n|\n|-heal|p2a: Forretress|249/263|[from] item: Leftovers\n|-heal|p1a: Toxapex|148/216|[from] item: Leftovers\n|upkeep\n|turn|43\n|\n|t:|1782894703\n|switch|p1a: Ting-Lu|Ting-Lu, L78|370/370\n|-damage|p1a: Ting-Lu|347/370|[from] Stealth Rock\n|-status|p1a: Ting-Lu|tox\n|-ability|p1a: Ting-Lu|Vessel of Ruin\n|move|p2a: Forretress|Rapid Spin|p1a: Ting-Lu\n|-crit|p1a: Ting-Lu\n|-damage|p1a: Ting-Lu|304/370 tox\n|-boost|p2a: Forretress|spe|1\n|\n|-heal|p2a: Forretress|263/263|[from] item: Leftovers\n|-heal|p1a: Ting-Lu|327/370 tox|[from] item: Leftovers\n|-damage|p1a: Ting-Lu|304/370 tox|[from] psn\n|upkeep\n|turn|44\n|\n|t:|1782894716\n|switch|p2a: Skarmory|Skarmory, L80, F|235/235\n|move|p1a: Ting-Lu|Stealth Rock|p2a: Skarmory\n|-sidestart|p2: new pl|move: Stealth Rock\n|\n|-heal|p1a: Ting-Lu|327/370 tox|[from] item: Leftovers\n|-damage|p1a: Ting-Lu|281/370 tox|[from] psn\n|upkeep\n|turn|45\n|\n|t:|1782894725\n|switch|p1a: Toxapex|Toxapex, L82, M|216/216\n|-damage|p1a: Toxapex|189/216|[from] Stealth Rock\n|-sideend|p1: jnpr010334|move: Toxic Spikes|[of] p1a: Toxapex\n|move|p2a: Skarmory|Iron Defense|p2a: Skarmory\n|-boost|p2a: Skarmory|def|2\n|\n|-heal|p1a: Toxapex|202/216|[from] item: Leftovers\n|upkeep\n|turn|46\n|\n|t:|1782894733\n|move|p2a: Skarmory|Body Press|p1a: Toxapex\n|-resisted|p1a: Toxapex\n|-damage|p1a: Toxapex|157/216\n|move|p1a: Toxapex|Haze|p1a: Toxapex\n|-clearallboost\n|\n|-heal|p1a: Toxapex|170/216|[from] item: Leftovers\n|upkeep\n|turn|47\n|\n|t:|1782894741\n|switch|p2a: Forretress|Forretress, L84, F|263/263\n|-damage|p2a: Forretress|231/263|[from] Stealth Rock\n|move|p1a: Toxapex|Haze|p1a: Toxapex\n|-clearallboost\n|\n|-heal|p2a: Forretress|247/263|[from] item: Leftovers\n|-heal|p1a: Toxapex|183/216|[from] item: Leftovers\n|upkeep\n|turn|48\n|\n|t:|1782894750\n|move|p2a: Forretress|Rapid Spin|p1a: Toxapex\n|-damage|p1a: Toxapex|162/216\n|-boost|p2a: Forretress|spe|1\n|-sideend|p2: new pl|Stealth Rock|[from] move: Rapid Spin|[of] p2a: Forretress\n|move|p1a: Toxapex|Toxic|p2a: Forretress\n|-immune|p2a: Forretress\n|\n|-heal|p2a: Forretress|263/263|[from] item: Leftovers\n|-heal|p1a: Toxapex|175/216|[from] item: Leftovers\n|upkeep\n|turn|49\n|\n|t:|1782894758\n|move|p2a: Forretress|Toxic Spikes|p1a: Toxapex\n|-sidestart|p1: jnpr010334|move: Toxic Spikes\n|move|p1a: Toxapex|Haze|p1a: Toxapex\n|-clearallboost\n|\n|-heal|p1a: Toxapex|188/216|[from] item: Leftovers\n|upkeep\n|turn|50\n|\n|t:|1782894767\n|move|p2a: Forretress|Toxic Spikes|p1a: Toxapex\n|-sidestart|p1: jnpr010334|move: Toxic Spikes\n|move|p1a: Toxapex|Toxic|p2a: Forretress\n|-immune|p2a: Forretress\n|\n|-heal|p1a: Toxapex|201/216|[from] item: Leftovers\n|upkeep\n|turn|51\n|\n|t:|1782894773\n|move|p2a: Forretress|Rapid Spin|p1a: Toxapex\n|-damage|p1a: Toxapex|180/216\n|-boost|p2a: Forretress|spe|1\n|move|p1a: Toxapex|Toxic|p2a: Forretress\n|-immune|p2a: Forretress\n|\n|-heal|p1a: Toxapex|193/216|[from] item: Leftovers\n|upkeep\n|turn|52\n|\n|t:|1782894781\n|move|p2a: Forretress|Iron Head|p1a: Toxapex\n|-resisted|p1a: Toxapex\n|-damage|p1a: Toxapex|169/216\n|move|p1a: Toxapex|Haze|p1a: Toxapex\n|-clearallboost\n|\n|-heal|p1a: Toxapex|182/216|[from] item: Leftovers\n|upkeep\n|turn|53\n|\n|t:|1782894788\n|move|p2a: Forretress|Rapid Spin|p1a: Toxapex\n|-damage|p1a: Toxapex|159/216\n|-boost|p2a: Forretress|spe|1\n|move|p1a: Toxapex|Toxic|p2a: Forretress\n|-immune|p2a: Forretress\n|\n|-heal|p1a: Toxapex|172/216|[from] item: Leftovers\n|upkeep\n|turn|54\n|\n|t:|1782894796\n|move|p2a: Forretress|Rapid Spin|p1a: Toxapex\n|-damage|p1a: Toxapex|150/216\n|-boost|p2a: Forretress|spe|1\n|move|p1a: Toxapex|Haze|p1a: Toxapex\n|-clearallboost\n|\n|-heal|p1a: Toxapex|163/216|[from] item: Leftovers\n|upkeep\n|turn|55\n|\n|t:|1782894804\n|move|p2a: Forretress|Rapid Spin|p1a: Toxapex\n|-damage|p1a: Toxapex|142/216\n|-boost|p2a: Forretress|spe|1\n|move|p1a: Toxapex|Haze|p1a: Toxapex\n|-clearallboost\n|\n|-heal|p1a: Toxapex|155/216|[from] item: Leftovers\n|upkeep\n|turn|56\n|\n|t:|1782894812\n|move|p2a: Forretress|Rapid Spin|p1a: Toxapex\n|-damage|p1a: Toxapex|132/216\n|-boost|p2a: Forretress|spe|1\n|move|p1a: Toxapex|Haze|p1a: Toxapex\n|-clearallboost\n|\n|-heal|p1a: Toxapex|145/216|[from] item: Leftovers\n|upkeep\n|turn|57\n|\n|t:|1782894820\n|switch|p2a: Hariyama|Hariyama, L87, M|392/392\n|move|p1a: Toxapex|Haze|p1a: Toxapex\n|-clearallboost\n|\n|-heal|p1a: Toxapex|158/216|[from] item: Leftovers\n|-status|p2a: Hariyama|brn|[from] item: Flame Orb\n|upkeep\n|turn|58\n|\n|t:|1782894828\n|switch|p1a: Ting-Lu|Ting-Lu, L78|281/370 tox\n|-damage|p1a: Ting-Lu|258/370 tox|[from] Stealth Rock\n|-ability|p1a: Ting-Lu|Vessel of Ruin\n|move|p2a: Hariyama|Knock Off|p1a: Ting-Lu\n|-resisted|p1a: Ting-Lu\n|-damage|p1a: Ting-Lu|210/370 tox\n|-enditem|p1a: Ting-Lu|Leftovers|[from] move: Knock Off|[of] p2a: Hariyama\n|\n|-damage|p1a: Ting-Lu|187/370 tox|[from] psn\n|-damage|p2a: Hariyama|368/392 brn|[from] brn\n|upkeep\n|turn|59\n|\n|t:|1782894842\n|switch|p2a: Forretress|Forretress, L84, F|263/263\n|switch|p1a: Toxapex|Toxapex, L82, M|216/216\n|-damage|p1a: Toxapex|189/216|[from] Stealth Rock\n|-sideend|p1: jnpr010334|move: Toxic Spikes|[of] p1a: Toxapex\n|\n|-heal|p1a: Toxapex|202/216|[from] item: Leftovers\n|upkeep\n|turn|60\n|\n|t:|1782894850\n|move|p2a: Forretress|Toxic Spikes|p1a: Toxapex\n|-sidestart|p1: jnpr010334|move: Toxic Spikes\n|move|p1a: Toxapex|Toxic|p2a: Forretress\n|-immune|p2a: Forretress\n|\n|-heal|p1a: Toxapex|215/216|[from] item: Leftovers\n|upkeep\n|turn|61\n|\n|t:|1782894856\n|move|p2a: Forretress|Toxic Spikes|p1a: Toxapex\n|-sidestart|p1: jnpr010334|move: Toxic Spikes\n|move|p1a: Toxapex|Toxic|p2a: Forretress\n|-immune|p2a: Forretress\n|\n|-heal|p1a: Toxapex|216/216|[from] item: Leftovers\n|upkeep\n|turn|62\n|\n|t:|1782894862\n|switch|p2a: Hariyama|Hariyama, L87, M|368/392 brn\n|move|p1a: Toxapex|Toxic||[still]\n|-fail|p1a: Toxapex\n|\n|-damage|p2a: Hariyama|344/392 brn|[from] brn\n|upkeep\n|turn|63\n|\n|t:|1782894868\n|switch|p1a: Ting-Lu|Ting-Lu, L78|187/370 tox\n|-damage|p1a: Ting-Lu|164/370 tox|[from] Stealth Rock\n|-ability|p1a: Ting-Lu|Vessel of Ruin\n|move|p2a: Hariyama|Facade|p1a: Ting-Lu\n|-damage|p1a: Ting-Lu|10/370 tox\n|\n|-damage|p1a: Ting-Lu|0 fnt|[from] psn\n|faint|p1a: Ting-Lu\n|-damage|p2a: Hariyama|320/392 brn|[from] brn\n|upkeep\n|\n|t:|1782894870\n|switch|p1a: Wyrdeer|Wyrdeer, L87, M|321/321\n|-damage|p1a: Wyrdeer|281/321|[from] Stealth Rock\n|-status|p1a: Wyrdeer|tox\n|-ability|p1a: Wyrdeer|Intimidate|boost\n|-unboost|p2a: Hariyama|atk|1\n|turn|64\n|\n|t:|1782894890\n|switch|p2a: Skarmory|Skarmory, L80, F|235/235\n|move|p1a: Wyrdeer|Psychic Noise|p2a: Skarmory\n|-resisted|p2a: Skarmory\n|-damage|p2a: Skarmory|175/235\n|-start|p2a: Skarmory|move: Heal Block\n|\n|-heal|p1a: Wyrdeer|301/321 tox|[from] item: Leftovers\n|-damage|p1a: Wyrdeer|281/321 tox|[from] psn\n|upkeep\n|turn|65\n|\n|t:|1782894901\n|switch|p2a: Reshiram|Reshiram, L76|277/277\n|-ability|p2a: Reshiram|Turboblaze\n|move|p1a: Wyrdeer|Thunder Wave|p2a: Reshiram\n|-status|p2a: Reshiram|par\n|\n|-heal|p1a: Wyrdeer|301/321 tox|[from] item: Leftovers\n|-damage|p1a: Wyrdeer|261/321 tox|[from] psn\n|upkeep\n|turn|66\n|\n|t:|1782894911\n|move|p1a: Wyrdeer|Earthquake|p2a: Reshiram\n|-supereffective|p2a: Reshiram\n|-damage|p2a: Reshiram|109/277 par\n|move|p2a: Reshiram|Flare Blitz|p1a: Wyrdeer\n|-damage|p1a: Wyrdeer|134/321 tox\n|-damage|p2a: Reshiram|67/277 par|[from] Recoil\n|\n|-heal|p1a: Wyrdeer|154/321 tox|[from] item: Leftovers\n|-damage|p1a: Wyrdeer|94/321 tox|[from] psn\n|upkeep\n|turn|67\n|\n|t:|1782894922\n|move|p1a: Wyrdeer|Earthquake|p2a: Reshiram\n|-supereffective|p2a: Reshiram\n|-damage|p2a: Reshiram|0 fnt\n|faint|p2a: Reshiram\n|\n|-heal|p1a: Wyrdeer|114/321 tox|[from] item: Leftovers\n|-damage|p1a: Wyrdeer|34/321 tox|[from] psn\n|upkeep\n|\n|t:|1782894930\n|switch|p2a: Flareon|Flareon, L90, M|263/263\n|turn|68\n|\n|t:|1782894933\n|move|p2a: Flareon|Trailblaze|p1a: Wyrdeer\n|-damage|p1a: Wyrdeer|0 fnt\n|-boost|p2a: Flareon|spe|1\n|faint|p1a: Wyrdeer\n|\n|-status|p2a: Flareon|tox|[from] item: Toxic Orb\n|upkeep\n|\n|t:|1782894936\n|switch|p1a: Donphan|Donphan, L84, M|288/288\n|-damage|p1a: Donphan|270/288|[from] Stealth Rock\n|-status|p1a: Donphan|tox\n|turn|69\n|\n|t:|1782894946\n|switch|p2a: Skarmory|Skarmory, L80, F|175/235\n|move|p1a: Donphan|Earthquake|p2a: Skarmory\n|-immune|p2a: Skarmory\n|\n|-heal|p2a: Skarmory|189/235|[from] item: Leftovers\n|-damage|p1a: Donphan|252/288 tox|[from] psn\n|upkeep\n|turn|70\n|\n|t:|1782894954\n|switch|p1a: Toxapex|Toxapex, L82, M|216/216\n|-damage|p1a: Toxapex|189/216|[from] Stealth Rock\n|-sideend|p1: jnpr010334|move: Toxic Spikes|[of] p1a: Toxapex\n|move|p2a: Skarmory|Iron Defense|p2a: Skarmory\n|-boost|p2a: Skarmory|def|2\n|\n|-heal|p2a: Skarmory|203/235|[from] item: Leftovers\n|-heal|p1a: Toxapex|202/216|[from] item: Leftovers\n|upkeep\n|turn|71\n|\n|t:|1782894963\n|switch|p2a: Hariyama|Hariyama, L87, M|320/392 brn\n|move|p1a: Toxapex|Haze|p1a: Toxapex\n|-clearallboost\n|\n|-heal|p1a: Toxapex|215/216|[from] item: Leftovers\n|-damage|p2a: Hariyama|296/392 brn|[from] brn\n|upkeep\n|turn|72\n|\n|t:|1782894972\n|switch|p1a: Rillaboom|Rillaboom, L79, F|252/288\n|-damage|p1a: Rillaboom|216/288|[from] Stealth Rock\n|-fieldstart|move: Grassy Terrain|[from] ability: Grassy Surge|[of] p1a: Rillaboom\n|move|p2a: Hariyama|Knock Off|p1a: Rillaboom\n|-damage|p1a: Rillaboom|87/288\n|-enditem|p1a: Rillaboom|Choice Band|[from] move: Knock Off|[of] p2a: Hariyama\n|\n|-heal|p1a: Rillaboom|105/288|[from] Grassy Terrain\n|-heal|p2a: Hariyama|320/392 brn|[from] Grassy Terrain\n|-damage|p2a: Hariyama|296/392 brn|[from] brn\n|upkeep\n|turn|73\n|\n|t:|1782894983\n|move|p1a: Rillaboom|Wood Hammer|p2a: Hariyama\n|-damage|p2a: Hariyama|73/392 brn\n|-damage|p1a: Rillaboom|31/288|[from] Recoil\n|move|p2a: Hariyama|Facade|p1a: Rillaboom\n|-damage|p1a: Rillaboom|0 fnt\n|faint|p1a: Rillaboom\n|\n|-heal|p2a: Hariyama|97/392 brn|[from] Grassy Terrain\n|-damage|p2a: Hariyama|73/392 brn|[from] brn\n|upkeep\n|\n|t:|1782894985\n|switch|p1a: Donphan|Donphan, L84, M|252/288 tox\n|-damage|p1a: Donphan|234/288 tox|[from] Stealth Rock\n|turn|74\n|\n|t:|1782894997\n|switch|p2a: Forretress|Forretress, L84, F|263/263\n|move|p1a: Donphan|Rapid Spin|p2a: Forretress\n|-resisted|p2a: Forretress\n|-damage|p2a: Forretress|249/263\n|-boost|p1a: Donphan|spe|1\n|-sideend|p1: jnpr010334|Stealth Rock|[from] move: Rapid Spin|[of] p1a: Donphan\n|\n|-heal|p1a: Donphan|252/288 tox|[from] Grassy Terrain\n|-heal|p2a: Forretress|263/263|[from] Grassy Terrain\n|-damage|p1a: Donphan|234/288 tox|[from] psn\n|upkeep\n|turn|75\n|\n|t:|1782895007\n|switch|p1a: Toxapex|Toxapex, L82, M|216/216\n|move|p2a: Forretress|Stealth Rock|p1a: Toxapex\n|-sidestart|p1: jnpr010334|move: Stealth Rock\n|\n|upkeep\n|turn|76\n|\n|t:|1782895012\n|switch|p2a: Hariyama|Hariyama, L87, M|73/392 brn\n|move|p1a: Toxapex|Toxic||[still]\n|-fail|p1a: Toxapex\n|\n|-heal|p2a: Hariyama|97/392 brn|[from] Grassy Terrain\n|-damage|p2a: Hariyama|73/392 brn|[from] brn\n|-fieldend|move: Grassy Terrain\n|upkeep\n|turn|77\n|\n|t:|1782895023\n|switch|p1a: Donphan|Donphan, L84, M|234/288 tox\n|-damage|p1a: Donphan|216/288 tox|[from] Stealth Rock\n|move|p2a: Hariyama|Knock Off|p1a: Donphan\n|-damage|p1a: Donphan|123/288 tox\n|-enditem|p1a: Donphan|Assault Vest|[from] move: Knock Off|[of] p2a: Hariyama\n|\n|-damage|p1a: Donphan|105/288 tox|[from] psn\n|-damage|p2a: Hariyama|49/392 brn|[from] brn\n|upkeep\n|turn|78\n|\n|t:|1782895032\n|move|p2a: Hariyama|Facade|p1a: Donphan\n|-damage|p1a: Donphan|0 fnt\n|faint|p1a: Donphan\n|\n|-damage|p2a: Hariyama|25/392 brn|[from] brn\n|upkeep\n|\n|t:|1782895035\n|switch|p1a: Toxapex|Toxapex, L82, M|216/216\n|-damage|p1a: Toxapex|189/216|[from] Stealth Rock\n|turn|79\n|\n|t:|1782895041\n|move|p2a: Hariyama|Knock Off|p1a: Toxapex\n|-damage|p1a: Toxapex|110/216\n|-enditem|p1a: Toxapex|Leftovers|[from] move: Knock Off|[of] p2a: Hariyama\n|move|p1a: Toxapex|Haze|p1a: Toxapex\n|-clearallboost\n|\n|-damage|p2a: Hariyama|1/392 brn|[from] brn\n|upkeep\n|turn|80\n|\n|t:|1782895049\n|move|p2a: Hariyama|Headlong Rush|p1a: Toxapex\n|-supereffective|p1a: Toxapex\n|-damage|p1a: Toxapex|0 fnt\n|-unboost|p2a: Hariyama|def|1\n|-unboost|p2a: Hariyama|spd|1\n|faint|p1a: Toxapex\n|\n|win|new pl\n|raw|jnpr010334's rating: 1745 &rarr; <strong>1724</strong><br />(-21 for losing)\n|raw|new pl's rating: 1729 &rarr; <strong>1750</strong><br />(+21 for winning)\n", "inputlog": ">version f8ac14003a5f27e1bdc8d8c59608a773c1cb96e5\n>start {\"formatid\":\"gen9randombattle\",\"seed\":\"sodium,971e4fd0c53c2eff774fd0f7261befa1\",\"rated\":\"Rated battle\"}\n>player p1 {\"name\":\"jnpr010334\",\"avatar\":\"265\",\"rating\":1732,\"seed\":\"sodium,ee077fcad82eed0188e46e7c50e30f04\"}\n>player p2 {\"name\":\"new pl\",\"avatar\":\"102\",\"rating\":1729,\"seed\":\"sodium,4722d05a8fccca21ba1059959071863a\"}\n>p1 move earthquake\n>p2 switch 3\n>p1 switch 4\n>p2 move bodypress\n>p1 move liquidation\n>p2 switch 6\n>p1 move liquidation\n>p2 move stealthrock\n>p1 move liquidation\n>p2 move toxicspikes\n>p1 move liquidation\n>p2 switch 6\n>p1 move liquidation\n>p2 switch 2\n>p1 move toxic\n>p2 move encore\n>p1 move liquidation\n>p2 move icebeam\n>p1 switch 6\n>p2 move hydropump\n>p1 move fakeout\n>p2 move icebeam\n>p1 switch 6\n>p2 move icebeam\n>p1 move recover\n>p2 move hydropump\n>p1 move recover\n>p2 move hydropump\n>p1 move recover\n>p2 move encore\n>p1 move recover\n>p2 move encore\n>p1 move recover\n>p2 move encore\n>p1 move toxic\n>p2 move encore\n>p1 move recover\n>p2 move encore\n>p1 move recover\n>p2 move encore\n>p1 move toxic\n>p2 move hydropump\n>p1 switch 6\n>p2 move hydropump\n>p1 switch 5\n>p1 switch 6\n>p2 switch 2\n>p1 move liquidation\n>p2 switch 2\n>p1 move liquidation\n>p2 move encore\n>p1 move liquidation\n>p2 move hydropump\n>p2 switch 6\n>p1 move liquidation\n>p2 move toxicspikes\n>p1 move liquidation\n>p2 switch 2\n>p1 move liquidation\n>p2 move roost\n>p1 move liquidation\n>p2 move irondefense\n>p1 move haze\n>p2 switch 2\n>p1 move liquidation\n>p2 move toxicspikes\n>p1 move liquidation\n>p2 switch 2\n>p1 move toxic\n>p2 move roost\n>p1 move toxic\n>p2 switch 2\n>p1 move toxic\n>p2 move rapidspin\n>p1 move toxic\n>p2 move rapidspin\n>p1 move toxic\n>p2 move rapidspin\n>p1 move toxic\n>p2 move rapidspin\n>p1 move haze\n>p2 move rapidspin\n>p1 move toxic\n>p2 move rapidspin\n>p1 move haze\n>p2 move rapidspin\n>p1 switch 2\n>p2 move rapidspin\n>p1 move stealthrock\n>p2 switch 2\n>p1 switch 2\n>p2 move irondefense\n>p1 move haze\n>p2 move bodypress\n>p1 move haze\n>p2 switch 2\n>p1 move toxic\n>p2 move rapidspin\n>p1 move haze\n>p2 move toxicspikes\n>p1 move toxic\n>p2 move toxicspikes\n>p1 move toxic\n>p2 move rapidspin\n>p1 move haze\n>p2 move ironhead\n>p1 move toxic\n>p2 move rapidspin\n>p1 move haze\n>p2 move rapidspin\n>p1 move haze\n>p2 move rapidspin\n>p1 move haze\n>p2 move rapidspin\n>p1 move haze\n>p2 switch 5\n>p1 switch 2\n>p2 move knockoff\n>p1 switch 2\n>p2 switch 5\n>p1 move toxic\n>p2 move toxicspikes\n>p1 move toxic\n>p2 move toxicspikes\n>p1 move toxic\n>p2 switch 5\n>p1 switch 2\n>p2 move facade\n>p1 switch 3\n>p1 move psychicnoise\n>p2 switch 2\n>p1 move thunderwave\n>p2 switch 3\n>p1 move earthquake\n>p2 move flareblitz\n>p1 move earthquake\n>p2 move flareblitz\n>p2 switch 4\n>p1 move earthquake\n>p2 move trailblaze\n>p1 switch 4\n>p1 move earthquake\n>p2 switch 3\n>p1 switch 2\n>p2 move irondefense\n>p1 move haze\n>p2 switch 2\n>p1 switch 6\n>p2 move knockoff\n>p1 move woodhammer\n>p2 move facade\n>p1 switch 2\n>p1 move rapidspin\n>p2 switch 5\n>p1 switch 6\n>p2 move stealthrock\n>p1 move toxic\n>p2 switch 5\n>p1 switch 6\n>p2 move knockoff\n>p1 move earthquake\n>p2 move facade\n>p1 switch 6\n>p1 move haze\n>p2 move knockoff\n>p1 move haze\n>p2 move headlongrush", "uploadtime": 1782895049, "views": 3, "formatid": "gen9randombattle", "rating": 1724, "private": 0, "password": null, "player_dets": [{"name": "jnpr010334", "avatar": "265", "rating": 1732, "seed": "sodium,ee077fcad82eed0188e46e7c50e30f04"}, {"name": "new pl", "avatar": "102", "rating": 1729, "seed": "sodium,4722d05a8fccca21ba1059959071863a"}], "teams_full": [{"Donphan": {"name": "Donphan", "species": "Donphan", "speciesId": "donphan", "gender": "M", "shiny": false, "level": 84, "moves": ["earthquake", "icespinner", "rapidspin", "iceshard"], "ability": "Sturdy", "evs": {"hp": 85, "atk": 85, "def": 85, "spa": 85, "spd": 85, "spe": 85}, "ivs": {"hp": 31, "atk": 31, "def": 31, "spa": 31, "spd": 31, "spe": 31}, "item": "Assault Vest", "teraType": "Steel", "role": "Bulky Support", "bvs": {"hp": 90, "atk": 120, "def": 120, "spa": 60, "spd": 60, "spe": 50}, "stats": {"hp": 288, "atk": 250, "def": 250, "spa": 149, "spd": 149, "spe": 132}, "types": ["Ground"]}, "Ting-Lu": {"name": "Ting-Lu", "species": "Ting-Lu", "speciesId": "tinglu", "gender": "N", "shiny": false, "level": 78, "moves": ["stealthrock", "throatchop", "earthquake", "whirlwind"], "ability": "Vessel of Ruin", "evs": {"hp": 85, "atk": 85, "def": 85, "spa": 85, "spd": 85, "spe": 85}, "ivs": {"hp": 31, "atk": 31, "def": 31, "spa": 31, "spd": 31, "spe": 31}, "item": "Leftovers", "teraType": "Poison", "role": "Bulky Support", "bvs": {"hp": 155, "atk": 110, "def": 125, "spa": 55, "spd": 80, "spe": 45}, "stats": {"hp": 370, "atk": 217, "def": 240, "spa": 131, "spd": 170, "spe": 115}, "types": ["Dark", "Ground"]}, "Wyrdeer": {"name": "Wyrdeer", "species": "Wyrdeer", "speciesId": "wyrdeer", "gender": "M", "shiny": false, "level": 87, "moves": ["bodyslam", "psychicnoise", "thunderwave", "earthquake"], "ability": "Intimidate", "evs": {"hp": 85, "atk": 85, "def": 85, "spa": 85, "spd": 85, "spe": 85}, "ivs": {"hp": 31, "atk": 31, "def": 31, "spa": 31, "spd": 31, "spe": 31}, "item": "Leftovers", "teraType": "Ground", "role": "Bulky Attacker", "bvs": {"hp": 103, "atk": 105, "def": 72, "spa": 105, "spd": 75, "spe": 65}, "stats": {"hp": 321, "atk": 232, "def": 175, "spa": 232, "spd": 180, "spe": 163}, "types": ["Normal", "Psychic"]}, "Toxapex": {"name": "Toxapex", "species": "Toxapex", "speciesId": "toxapex", "gender": "M", "shiny": false, "level": 82, "moves": ["toxic", "liquidation", "recover", "haze"], "ability": "Regenerator", "evs": {"hp": 85, "atk": 85, "def": 85, "spa": 85, "spd": 85, "spe": 85}, "ivs": {"hp": 31, "atk": 31, "def": 31, "spa": 31, "spd": 31, "spe": 31}, "item": "Leftovers", "teraType": "Steel", "role": "Bulky Support", "bvs": {"hp": 50, "atk": 63, "def": 152, "spa": 53, "spd": 142, "spe": 35}, "stats": {"hp": 216, "atk": 150, "def": 296, "spa": 134, "spd": 280, "spe": 105}, "types": ["Poison", "Water"]}, "Rillaboom": {"name": "Rillaboom", "species": "Rillaboom", "speciesId": "rillaboom", "gender": "F", "shiny": false, "level": 79, "moves": ["grassyglide", "uturn", "woodhammer", "knockoff"], "ability": "Grassy Surge", "evs": {"hp": 85, "atk": 85, "def": 85, "spa": 85, "spd": 85, "spe": 85}, "ivs": {"hp": 31, "atk": 31, "def": 31, "spa": 31, "spd": 31, "spe": 31}, "item": "Choice Band", "teraType": "Grass", "role": "Wallbreaker", "bvs": {"hp": 100, "atk": 125, "def": 90, "spa": 60, "spd": 70, "spe": 85}, "stats": {"hp": 288, "atk": 243, "def": 188, "spa": 140, "spd": 156, "spe": 180}, "types": ["Grass"]}, "Munkidori": {"name": "Munkidori", "species": "Munkidori", "speciesId": "munkidori", "gender": "M", "shiny": false, "level": 79, "moves": ["uturn", "sludgewave", "fakeout", "psychicnoise"], "ability": "Toxic Chain", "evs": {"hp": 85, "atk": 85, "def": 85, "spa": 85, "spd": 85, "spe": 85}, "ivs": {"hp": 31, "atk": 31, "def": 31, "spa": 31, "spd": 31, "spe": 31}, "item": "Assault Vest", "teraType": "Dark", "role": "AV Pivot", "bvs": {"hp": 88, "atk": 75, "def": 66, "spa": 130, "spd": 90, "spe": 106}, "stats": {"hp": 269, "atk": 164, "def": 150, "spa": 251, "spd": 188, "spe": 213}, "types": ["Poison", "Psychic"]}}, {"Reshiram": {"name": "Reshiram", "species": "Reshiram", "speciesId": "reshiram", "gender": "N", "shiny": false, "level": 76, "moves": ["outrage", "dragondance", "flareblitz", "stoneedge"], "ability": "Turboblaze", "evs": {"hp": 85, "atk": 85, "def": 85, "spa": 85, "spd": 85, "spe": 85}, "ivs": {"hp": 31, "atk": 31, "def": 31, "spa": 31, "spd": 31, "spe": 31}, "item": "Heavy-Duty Boots", "teraType": "Fire", "role": "Setup Sweeper", "bvs": {"hp": 100, "atk": 120, "def": 100, "spa": 150, "spd": 120, "spe": 90}, "stats": {"hp": 277, "atk": 226, "def": 196, "spa": 272, "spd": 226, "spe": 181}, "types": ["Dragon", "Fire"]}, "Lumineon": {"name": "Lumineon", "species": "Lumineon", "speciesId": "lumineon", "gender": "M", "shiny": false, "level": 93, "moves": ["hydropump", "icebeam", "alluringvoice", "encore"], "ability": "Storm Drain", "evs": {"hp": 85, "atk": 0, "def": 85, "spa": 85, "spd": 85, "spe": 85}, "ivs": {"hp": 31, "atk": 0, "def": 31, "spa": 31, "spd": 31, "spe": 31}, "item": "Life Orb", "teraType": "Water", "role": "Fast Attacker", "bvs": {"hp": 69, "atk": 69, "def": 76, "spa": 69, "spd": 86, "spe": 91}, "stats": {"hp": 279, "atk": 133, "def": 194, "spa": 181, "spd": 213, "spe": 222}, "types": ["Water"]}, "Skarmory": {"name": "Skarmory", "species": "Skarmory", "speciesId": "skarmory", "gender": "F", "shiny": false, "level": 80, "moves": ["roost", "bravebird", "irondefense", "bodypress"], "ability": "Sturdy", "evs": {"hp": 85, "atk": 85, "def": 85, "spa": 85, "spd": 85, "spe": 85}, "ivs": {"hp": 31, "atk": 31, "def": 31, "spa": 31, "spd": 31, "spe": 31}, "item": "Leftovers", "teraType": "Fighting", "role": "Bulky Setup", "bvs": {"hp": 65, "atk": 80, "def": 140, "spa": 40, "spd": 70, "spe": 70}, "stats": {"hp": 235, "atk": 174, "def": 270, "spa": 110, "spd": 158, "spe": 158}, "types": ["Steel", "Flying"]}, "Flareon": {"name": "Flareon", "species": "Flareon", "speciesId": "flareon", "gender": "M", "shiny": false, "level": 90, "moves": ["flareblitz", "facade", "willowisp", "trailblaze"], "ability": "Guts", "evs": {"hp": 85, "atk": 85, "def": 85, "spa": 85, "spd": 85, "spe": 85}, "ivs": {"hp": 31, "atk": 31, "def": 31, "spa": 31, "spd": 31, "spe": 31}, "item": "Toxic Orb", "teraType": "Normal", "role": "Setup Sweeper", "bvs": {"hp": 65, "atk": 130, "def": 60, "spa": 95, "spd": 110, "spe": 65}, "stats": {"hp": 263, "atk": 285, "def": 159, "spa": 222, "spd": 249, "spe": 168}, "types": ["Fire"]}, "Hariyama": {"name": "Hariyama", "species": "Hariyama", "speciesId": "hariyama", "gender": "M", "shiny": false, "level": 87, "moves": ["knockoff", "headlongrush", "closecombat", "facade"], "ability": "Guts", "evs": {"hp": 85, "atk": 85, "def": 85, "spa": 85, "spd": 85, "spe": 85}, "ivs": {"hp": 31, "atk": 31, "def": 31, "spa": 31, "spd": 31, "spe": 31}, "item": "Flame Orb", "teraType": "Normal", "role": "Wallbreaker", "bvs": {"hp": 144, "atk": 120, "def": 60, "spa": 40, "spd": 60, "spe": 50}, "stats": {"hp": 392, "atk": 259, "def": 154, "spa": 119, "spd": 154, "spe": 137}, "types": ["Fighting"]}, "Forretress": {"name": "Forretress", "species": "Forretress", "speciesId": "forretress", "gender": "F", "shiny": false, "level": 84, "moves": ["ironhead", "rapidspin", "stealthrock", "toxicspikes"], "ability": "Sturdy", "evs": {"hp": 85, "atk": 85, "def": 85, "spa": 85, "spd": 85, "spe": 85}, "ivs": {"hp": 31, "atk": 31, "def": 31, "spa": 31, "spd": 31, "spe": 31}, "item": "Leftovers", "teraType": "Water", "role": "Bulky Support", "bvs": {"hp": 75, "atk": 90, "def": 140, "spa": 60, "spd": 60, "spe": 40}, "stats": {"hp": 263, "atk": 199, "def": 283, "spa": 149, "spd": 149, "spe": 115}, "types": ["Bug", "Steel"]}}]}