{"id": "gen9randombattle-2642125798", "format": "[Gen 9] Random Battle", "players": ["parmaje", "forcemajor14"], "log": "|j|\u2606parmaje\n|j|\u2606forcemajor14\n|t:|1782895505\n|gametype|singles\n|player|p1|parmaje|169|1989\n|player|p2|forcemajor14|266|2040\n|gen|9\n|tier|[Gen 9] Random Battle\n|rated|\n|rule|Species Clause: Limit one of each Pok\u00e9mon\n|rule|HP Percentage Mod: HP is shown in percentages\n|rule|Sleep Clause Mod: Limit one foe put to sleep\n|rule|Illusion Level Mod: Illusion disguises the Pok\u00e9mon's true level\n|\n|t:|1782895505\n|teamsize|p1|6\n|teamsize|p2|6\n|start\n|switch|p1a: Chesnaught|Chesnaught, L84, F|285/285\n|switch|p2a: Vileplume|Vileplume, L85, F|266/266\n|turn|1\n|inactive|Battle timer is ON: inactive players will automatically lose when time's up. (requested by forcemajor14)\n|\n|t:|1782895528\n|move|p1a: Chesnaught|Iron Defense|p1a: Chesnaught\n|-boost|p1a: Chesnaught|def|2\n|move|p2a: Vileplume|Sludge Bomb|p1a: Chesnaught\n|-immune|p1a: Chesnaught|[from] ability: Bulletproof\n|\n|upkeep\n|turn|2\n|\n|t:|1782895533\n|switch|p2a: Sableye|Sableye, L88, F|231/231\n|move|p1a: Chesnaught|Body Press|p2a: Sableye\n|-immune|p2a: Sableye\n|\n|upkeep\n|turn|3\n|\n|t:|1782895540\n|switch|p1a: Espeon|Espeon, L84, M|246/246\n|move|p2a: Sableye|Thunder Wave|p1a: Espeon\n|move|p1a: Espeon|Thunder Wave|p2a: Sableye|[from] ability: Magic Bounce|[miss]\n|-miss|p1a: Espeon|p2a: Sableye\n|\n|upkeep\n|turn|4\n|\n|t:|1782895551\n|move|p1a: Espeon|Alluring Voice|p2a: Sableye\n|-supereffective|p2a: Sableye\n|-damage|p2a: Sableye|28/231\n|-damage|p1a: Espeon|222/246|[from] item: Life Orb\n|move|p2a: Sableye|Knock Off|p1a: Espeon\n|-supereffective|p1a: Espeon\n|-damage|p1a: Espeon|0 fnt\n|-enditem|p1a: Espeon|Life Orb|[from] move: Knock Off|[of] p2a: Sableye\n|faint|p1a: Espeon\n|\n|-heal|p2a: Sableye|42/231|[from] item: Leftovers\n|upkeep\n|\n|t:|1782895566\n|switch|p1a: Roaring Moon|Roaring Moon, L72|270/270\n|turn|5\n|\n|t:|1782895569\n|switch|p2a: Poliwrath|Poliwrath, L88, M|302/302\n|move|p1a: Roaring Moon|U-turn|p2a: Poliwrath\n|-resisted|p2a: Poliwrath\n|-damage|p2a: Poliwrath|268/302\n|\n|t:|1782895575\n|-end|p1a: Roaring Moon|Protosynthesis|[silent]\n|switch|p1a: Chesnaught|Chesnaught, L84, F|285/285|[from] U-turn\n|\n|upkeep\n|turn|6\n|\n|t:|1782895577\n|switch|p2a: Vileplume|Vileplume, L85, F|266/266\n|move|p1a: Chesnaught|Trailblaze|p2a: Vileplume\n|-resisted|p2a: Vileplume\n|-damage|p2a: Vileplume|251/266\n|-boost|p1a: Chesnaught|spe|1\n|\n|-heal|p2a: Vileplume|266/266|[from] item: Leftovers\n|upkeep\n|turn|7\n|\n|t:|1782895583\n|move|p1a: Chesnaught|Iron Defense|p1a: Chesnaught\n|-boost|p1a: Chesnaught|def|2\n|move|p2a: Vileplume|Sleep Powder|p1a: Chesnaught\n|-immune|p1a: Chesnaught\n|\n|upkeep\n|turn|8\n|\n|t:|1782895589\n|move|p1a: Chesnaught|Trailblaze|p2a: Vileplume\n|-resisted|p2a: Vileplume\n|-damage|p2a: Vileplume|251/266\n|-boost|p1a: Chesnaught|spe|1\n|move|p2a: Vileplume|Strength Sap|p1a: Chesnaught\n|-unboost|p1a: Chesnaught|atk|1\n|-heal|p2a: Vileplume|266/266\n|\n|upkeep\n|turn|9\n|\n|t:|1782895593\n|switch|p2a: Sableye|Sableye, L88, F|42/231\n|move|p1a: Chesnaught|Iron Defense|p1a: Chesnaught\n|-boost|p1a: Chesnaught|def|2\n|\n|-heal|p2a: Sableye|56/231|[from] item: Leftovers\n|upkeep\n|turn|10\n|\n|t:|1782895601\n|switch|p1a: Roaring Moon|Roaring Moon, L72|270/270\n|move|p2a: Sableye|Recover|p2a: Sableye\n|-heal|p2a: Sableye|172/231\n|\n|-heal|p2a: Sableye|186/231|[from] item: Leftovers\n|upkeep\n|turn|11\n|\n|t:|1782895606\n|switch|p2a: Poliwrath|Poliwrath, L88, M|268/302\n|move|p1a: Roaring Moon|Outrage|p2a: Poliwrath\n|-damage|p2a: Poliwrath|105/302\n|\n|upkeep\n|turn|12\n|\n|t:|1782895610\n|move|p1a: Roaring Moon|Outrage|p2a: Poliwrath|[from] lockedmove\n|-damage|p2a: Poliwrath|0 fnt\n|faint|p2a: Poliwrath\n|\n|upkeep\n|\n|t:|1782895612\n|switch|p2a: Seviper|Seviper, L93, M|287/287\n|turn|13\n|\n|t:|1782895614\n|move|p2a: Seviper|Gunk Shot|p1a: Roaring Moon\n|-damage|p1a: Roaring Moon|68/270\n|move|p1a: Roaring Moon|Outrage|p2a: Seviper|[from] lockedmove\n|-damage|p2a: Seviper|61/287\n|-start|p1a: Roaring Moon|confusion|[fatigue]\n|\n|upkeep\n|turn|14\n|\n|t:|1782895619\n|-end|p1a: Roaring Moon|Protosynthesis|[silent]\n|switch|p1a: Magcargo|Magcargo, L95, F|268/268\n|move|p2a: Seviper|Gunk Shot|p1a: Magcargo\n|-resisted|p1a: Magcargo\n|-damage|p1a: Magcargo|208/268\n|\n|upkeep\n|turn|15\n|\n|t:|1782895624\n|switch|p2a: Kyogre|Kyogre, L71|259/259\n|-weather|RainDance|[from] ability: Drizzle|[of] p2a: Kyogre\n|move|p1a: Magcargo|Lava Plume|p2a: Kyogre\n|-resisted|p2a: Kyogre\n|-damage|p2a: Kyogre|240/259\n|\n|-weather|RainDance|[upkeep]\n|-heal|p2a: Kyogre|256/259|[from] item: Leftovers\n|upkeep\n|turn|16\n|\n|t:|1782895628\n|switch|p1a: Chesnaught|Chesnaught, L84, F|285/285\n|move|p2a: Kyogre|Thunder|p1a: Chesnaught\n|-resisted|p1a: Chesnaught\n|-damage|p1a: Chesnaught|239/285\n|\n|-weather|RainDance|[upkeep]\n|-heal|p2a: Kyogre|259/259|[from] item: Leftovers\n|-heal|p1a: Chesnaught|256/285|[from] item: Leftovers\n|upkeep\n|turn|17\n|\n|t:|1782895632\n|switch|p2a: Vileplume|Vileplume, L85, F|266/266\n|move|p1a: Chesnaught|Trailblaze|p2a: Vileplume\n|-resisted|p2a: Vileplume\n|-damage|p2a: Vileplume|253/266\n|-boost|p1a: Chesnaught|spe|1\n|\n|-weather|RainDance|[upkeep]\n|-heal|p1a: Chesnaught|273/285|[from] item: Leftovers\n|-heal|p2a: Vileplume|266/266|[from] item: Leftovers\n|upkeep\n|turn|18\n|\n|t:|1782895637\n|move|p1a: Chesnaught|Body Press|p2a: Vileplume\n|-resisted|p2a: Vileplume\n|-damage|p2a: Vileplume|212/266\n|move|p2a: Vileplume|Sleep Powder|p1a: Chesnaught\n|-immune|p1a: Chesnaught\n|\n|-weather|RainDance|[upkeep]\n|-heal|p1a: Chesnaught|285/285|[from] item: Leftovers\n|-heal|p2a: Vileplume|228/266|[from] item: Leftovers\n|upkeep\n|turn|19\n|\n|t:|1782895643\n|switch|p2a: Sableye|Sableye, L88, F|186/231\n|move|p1a: Chesnaught|Trailblaze|p2a: Sableye\n|-damage|p2a: Sableye|126/231\n|-boost|p1a: Chesnaught|spe|1\n|\n|-weather|none\n|-heal|p2a: Sableye|140/231|[from] item: Leftovers\n|upkeep\n|turn|20\n|\n|t:|1782895652\n|switch|p1a: Roaring Moon|Roaring Moon, L72|68/270\n|move|p2a: Sableye|Recover|p2a: Sableye\n|-heal|p2a: Sableye|231/231\n|\n|upkeep\n|turn|21\n|\n|t:|1782895657\n|switch|p2a: Vileplume|Vileplume, L85, F|228/266\n|move|p1a: Roaring Moon|Knock Off|p2a: Vileplume\n|-damage|p2a: Vileplume|81/266\n|-enditem|p2a: Vileplume|Leftovers|[from] move: Knock Off|[of] p1a: Roaring Moon\n|\n|upkeep\n|turn|22\n|\n|t:|1782895660\n|move|p1a: Roaring Moon|Knock Off|p2a: Vileplume\n|-damage|p2a: Vileplume|0 fnt\n|faint|p2a: Vileplume\n|\n|upkeep\n|\n|t:|1782895663\n|switch|p2a: Seviper|Seviper, L93, M|61/287\n|turn|23\n|\n|t:|1782895667\n|-end|p1a: Roaring Moon|Protosynthesis|[silent]\n|switch|p1a: Magcargo|Magcargo, L95, F|208/268\n|move|p2a: Seviper|Earthquake|p1a: Magcargo\n|-supereffective|p1a: Magcargo\n|-damage|p1a: Magcargo|0 fnt\n|faint|p1a: Magcargo\n|\n|upkeep\n|\n|t:|1782895672\n|switch|p1a: Kyogre|Kyogre, L71|259/259\n|-weather|RainDance|[from] ability: Drizzle|[of] p1a: Kyogre\n|turn|24\n|\n|t:|1782895675\n|move|p2a: Seviper|Earthquake|p1a: Kyogre\n|-damage|p1a: Kyogre|151/259\n|move|p1a: Kyogre|Origin Pulse|p2a: Seviper|[miss]\n|-miss|p1a: Kyogre|p2a: Seviper\n|\n|-weather|RainDance|[upkeep]\n|upkeep\n|turn|25\n|\n|t:|1782895678\n|move|p2a: Seviper|Earthquake|p1a: Kyogre\n|-damage|p1a: Kyogre|56/259\n|move|p1a: Kyogre|Origin Pulse|p2a: Seviper|[miss]\n|-miss|p1a: Kyogre|p2a: Seviper\n|\n|-weather|RainDance|[upkeep]\n|upkeep\n|turn|26\n|\n|t:|1782895680\n|move|p2a: Seviper|Earthquake|p1a: Kyogre\n|-damage|p1a: Kyogre|0 fnt\n|faint|p1a: Kyogre\n|\n|-weather|RainDance|[upkeep]\n|upkeep\n|\n|t:|1782895688\n|switch|p1a: Chesnaught|Chesnaught, L84, F|285/285\n|turn|27\n|\n|t:|1782895692\n|switch|p2a: Sableye|Sableye, L88, F|231/231\n|move|p1a: Chesnaught|Body Press|p2a: Sableye\n|-immune|p2a: Sableye\n|\n|-weather|RainDance|[upkeep]\n|upkeep\n|turn|28\n|\n|t:|1782895696\n|move|p1a: Chesnaught|Trailblaze|p2a: Sableye\n|-damage|p2a: Sableye|173/231\n|-boost|p1a: Chesnaught|spe|1\n|move|p2a: Sableye|Knock Off|p1a: Chesnaught\n|-resisted|p1a: Chesnaught\n|-damage|p1a: Chesnaught|248/285\n|-enditem|p1a: Chesnaught|Leftovers|[from] move: Knock Off|[of] p2a: Sableye\n|\n|-weather|none\n|-heal|p2a: Sableye|187/231|[from] item: Leftovers\n|upkeep\n|turn|29\n|\n|t:|1782895700\n|move|p2a: Sableye|Thunder Wave|p1a: Chesnaught\n|-status|p1a: Chesnaught|par\n|cant|p1a: Chesnaught|par\n|\n|-heal|p2a: Sableye|201/231|[from] item: Leftovers\n|upkeep\n|turn|30\n|\n|t:|1782895703\n|move|p2a: Sableye|Encore|p1a: Chesnaught\n|-start|p1a: Chesnaught|Encore\n|move|p1a: Chesnaught|Trailblaze|p2a: Sableye\n|-damage|p2a: Sableye|137/231\n|-boost|p1a: Chesnaught|spe|1\n|\n|-heal|p2a: Sableye|151/231|[from] item: Leftovers\n|upkeep\n|turn|31\n|\n|t:|1782895706\n|move|p1a: Chesnaught|Trailblaze|p2a: Sableye\n|-damage|p2a: Sableye|93/231\n|-boost|p1a: Chesnaught|spe|1\n|move|p2a: Sableye|Knock Off|p1a: Chesnaught\n|-resisted|p1a: Chesnaught\n|-damage|p1a: Chesnaught|223/285 par\n|\n|-heal|p2a: Sableye|107/231|[from] item: Leftovers\n|upkeep\n|turn|32\n|\n|t:|1782895709\n|move|p2a: Sableye|Recover|p2a: Sableye\n|-heal|p2a: Sableye|223/231\n|move|p1a: Chesnaught|Trailblaze|p2a: Sableye\n|-damage|p2a: Sableye|165/231\n|-boost|p1a: Chesnaught|spe|1\n|\n|-heal|p2a: Sableye|179/231|[from] item: Leftovers\n|-end|p1a: Chesnaught|Encore\n|upkeep\n|turn|33\n|\n|t:|1782895712\n|move|p2a: Sableye|Encore|p1a: Chesnaught\n|-start|p1a: Chesnaught|Encore\n|move|p1a: Chesnaught|Trailblaze|p2a: Sableye\n|-damage|p2a: Sableye|116/231\n|-boost|p1a: Chesnaught|spe|1\n|\n|-heal|p2a: Sableye|130/231|[from] item: Leftovers\n|upkeep\n|turn|34\n|\n|t:|1782895717\n|move|p1a: Chesnaught|Trailblaze|p2a: Sableye\n|-damage|p2a: Sableye|67/231\n|-boost|p1a: Chesnaught|spe|1\n|move|p2a: Sableye|Knock Off|p1a: Chesnaught\n|-resisted|p1a: Chesnaught\n|-damage|p1a: Chesnaught|201/285 par\n|\n|-heal|p2a: Sableye|81/231|[from] item: Leftovers\n|upkeep\n|turn|35\n|\n|t:|1782895721\n|move|p2a: Sableye|Recover|p2a: Sableye\n|-heal|p2a: Sableye|197/231\n|move|p1a: Chesnaught|Trailblaze|p2a: Sableye\n|-damage|p2a: Sableye|130/231\n|\n|-heal|p2a: Sableye|144/231|[from] item: Leftovers\n|-end|p1a: Chesnaught|Encore\n|upkeep\n|turn|36\n|\n|t:|1782895724\n|move|p2a: Sableye|Encore|p1a: Chesnaught\n|-start|p1a: Chesnaught|Encore\n|move|p1a: Chesnaught|Trailblaze|p2a: Sableye\n|-damage|p2a: Sableye|87/231\n|\n|-heal|p2a: Sableye|101/231|[from] item: Leftovers\n|upkeep\n|turn|37\n|\n|t:|1782895727\n|move|p2a: Sableye|Recover|p2a: Sableye\n|-heal|p2a: Sableye|217/231\n|move|p1a: Chesnaught|Trailblaze|p2a: Sableye\n|-damage|p2a: Sableye|156/231\n|\n|-heal|p2a: Sableye|170/231|[from] item: Leftovers\n|upkeep\n|turn|38\n|\n|t:|1782895730\n|cant|p1a: Chesnaught|par\n|move|p2a: Sableye|Knock Off|p1a: Chesnaught\n|-resisted|p1a: Chesnaught\n|-damage|p1a: Chesnaught|177/285 par\n|\n|-heal|p2a: Sableye|184/231|[from] item: Leftovers\n|-end|p1a: Chesnaught|Encore\n|upkeep\n|turn|39\n|\n|t:|1782895734\n|move|p2a: Sableye|Encore|p1a: Chesnaught\n|-start|p1a: Chesnaught|Encore\n|cant|p1a: Chesnaught|par\n|\n|-heal|p2a: Sableye|198/231|[from] item: Leftovers\n|upkeep\n|turn|40\n|\n|t:|1782895737\n|move|p1a: Chesnaught|Trailblaze|p2a: Sableye\n|-crit|p2a: Sableye\n|-damage|p2a: Sableye|113/231\n|move|p2a: Sableye|Knock Off|p1a: Chesnaught\n|-resisted|p1a: Chesnaught\n|-damage|p1a: Chesnaught|154/285 par\n|\n|-heal|p2a: Sableye|127/231|[from] item: Leftovers\n|upkeep\n|turn|41\n|\n|t:|1782895742\n|move|p1a: Chesnaught|Trailblaze|p2a: Sableye\n|-damage|p2a: Sableye|67/231\n|move|p2a: Sableye|Knock Off|p1a: Chesnaught\n|-resisted|p1a: Chesnaught\n|-damage|p1a: Chesnaught|132/285 par\n|\n|-heal|p2a: Sableye|81/231|[from] item: Leftovers\n|-end|p1a: Chesnaught|Encore\n|upkeep\n|turn|42\n|\n|t:|1782895746\n|move|p2a: Sableye|Recover|p2a: Sableye\n|-heal|p2a: Sableye|197/231\n|move|p1a: Chesnaught|Synthesis|p1a: Chesnaught\n|-heal|p1a: Chesnaught|274/285 par\n|\n|-heal|p2a: Sableye|211/231|[from] item: Leftovers\n|upkeep\n|turn|43\n|\n|t:|1782895753\n|switch|p1a: Roaring Moon|Roaring Moon, L72|68/270\n|move|p2a: Sableye|Encore|p1a: Roaring Moon\n|-hint|Since gen 7, Dark is immune to Prankster moves.\n|-immune|p1a: Roaring Moon\n|\n|-heal|p2a: Sableye|225/231|[from] item: Leftovers\n|upkeep\n|turn|44\n|\n|t:|1782895757\n|-end|p1a: Roaring Moon|Protosynthesis|[silent]\n|switch|p1a: Chesnaught|Chesnaught, L84, F|274/285 par\n|move|p2a: Sableye|Knock Off|p1a: Chesnaught\n|-resisted|p1a: Chesnaught\n|-damage|p1a: Chesnaught|251/285 par\n|\n|-heal|p2a: Sableye|231/231|[from] item: Leftovers\n|upkeep\n|turn|45\n|\n|t:|1782895761\n|switch|p2a: Seviper|Seviper, L93, M|61/287\n|move|p1a: Chesnaught|Trailblaze|p2a: Seviper\n|-resisted|p2a: Seviper\n|-damage|p2a: Seviper|25/287\n|-boost|p1a: Chesnaught|spe|1\n|\n|upkeep\n|turn|46\n|\n|t:|1782895766\n|move|p2a: Seviper|Flamethrower|p1a: Chesnaught\n|-supereffective|p1a: Chesnaught\n|-damage|p1a: Chesnaught|81/285 par\n|move|p1a: Chesnaught|Trailblaze|p2a: Seviper\n|-resisted|p2a: Seviper\n|-damage|p2a: Seviper|0 fnt\n|-boost|p1a: Chesnaught|spe|1\n|faint|p2a: Seviper\n|\n|upkeep\n|\n|t:|1782895768\n|switch|p2a: Raichu|Raichu, L88, F|249/249\n|turn|47\n|\n|t:|1782895771\n|-terastallize|p2a: Raichu|Ice\n|move|p2a: Raichu|Tera Blast|p1a: Chesnaught|[anim] Tera Blast Ice\n|-supereffective|p1a: Chesnaught\n|-damage|p1a: Chesnaught|0 fnt\n|faint|p1a: Chesnaught\n|-damage|p2a: Raichu|225/249|[from] item: Life Orb\n|\n|upkeep\n|\n|t:|1782895774\n|switch|p1a: Volcarona|Volcarona, L77, F|257/257\n|turn|48\n|\n|t:|1782895780\n|switch|p2a: Sableye|Sableye, L88, F|231/231\n|move|p1a: Volcarona|Quiver Dance|p1a: Volcarona\n|-boost|p1a: Volcarona|spa|1\n|-boost|p1a: Volcarona|spd|1\n|-boost|p1a: Volcarona|spe|1\n|\n|upkeep\n|turn|49\n|\n|t:|1782895784\n|move|p2a: Sableye|Encore|p1a: Volcarona\n|-start|p1a: Volcarona|Encore\n|move|p1a: Volcarona|Quiver Dance|p1a: Volcarona\n|-boost|p1a: Volcarona|spa|1\n|-boost|p1a: Volcarona|spd|1\n|-boost|p1a: Volcarona|spe|1\n|\n|upkeep\n|turn|50\n|\n|t:|1782895787\n|switch|p1a: Roaring Moon|Roaring Moon, L72|68/270\n|move|p2a: Sableye|Knock Off|p1a: Roaring Moon\n|-resisted|p1a: Roaring Moon\n|-damage|p1a: Roaring Moon|5/270\n|-enditem|p1a: Roaring Moon|Choice Band|[from] move: Knock Off|[of] p2a: Sableye\n|\n|upkeep\n|turn|51\n|\n|t:|1782895792\n|move|p1a: Roaring Moon|Outrage|p2a: Sableye\n|-damage|p2a: Sableye|98/231\n|move|p2a: Sableye|Knock Off|p1a: Roaring Moon\n|-resisted|p1a: Roaring Moon\n|-damage|p1a: Roaring Moon|0 fnt\n|faint|p1a: Roaring Moon\n|-end|p1a: Roaring Moon|Protosynthesis|[silent]\n|\n|-heal|p2a: Sableye|112/231|[from] item: Leftovers\n|upkeep\n|\n|t:|1782895795\n|switch|p1a: Volcarona|Volcarona, L77, F|257/257\n|turn|52\n|\n|t:|1782895802\n|move|p2a: Sableye|Thunder Wave|p1a: Volcarona\n|-status|p1a: Volcarona|par\n|move|p1a: Volcarona|Bug Buzz|p2a: Sableye\n|-damage|p2a: Sableye|0 fnt\n|faint|p2a: Sableye\n|\n|upkeep\n|\n|t:|1782895804\n|switch|p2a: Kyogre|Kyogre, L71|259/259\n|-weather|RainDance|[from] ability: Drizzle|[of] p2a: Kyogre\n|turn|53\n|\n|t:|1782895807\n|-terastallize|p1a: Volcarona|Steel\n|move|p2a: Kyogre|Origin Pulse|p1a: Volcarona\n|-damage|p1a: Volcarona|92/257 par\n|move|p1a: Volcarona|Quiver Dance|p1a: Volcarona\n|-boost|p1a: Volcarona|spa|1\n|-boost|p1a: Volcarona|spd|1\n|-boost|p1a: Volcarona|spe|1\n|\n|-weather|RainDance|[upkeep]\n|upkeep\n|turn|54\n|\n|t:|1782895811\n|move|p2a: Kyogre|Origin Pulse|p1a: Volcarona\n|-damage|p1a: Volcarona|0 fnt\n|faint|p1a: Volcarona\n|\n|win|forcemajor14\n|raw|parmaje's rating: 1989 &rarr; <strong>1972</strong><br />(-17 for losing)\n|raw|forcemajor14's rating: 2046 &rarr; <strong>2063</strong><br />(+17 for winning)\n|l|\u2606parmaje\n|player|p1|\n", "inputlog": ">version f8ac14003a5f27e1bdc8d8c59608a773c1cb96e5\n>start {\"formatid\":\"gen9randombattle\",\"seed\":\"sodium,798608614f23df204b7fb81184afaa48\",\"rated\":\"Rated battle\"}\n>player p1 {\"name\":\"parmaje\",\"avatar\":\"169\",\"rating\":1989,\"seed\":\"sodium,0ab1f285e13524a3586ee5ff401a41a6\"}\n>player p2 {\"name\":\"forcemajor14\",\"avatar\":\"266\",\"rating\":2040,\"seed\":\"sodium,179b926a09f26d3e5871c49934842afa\"}\n>p1 move irondefense\n>p2 move sludgebomb\n>p1 move bodypress\n>p2 switch 4\n>p1 switch 3\n>p2 move thunderwave\n>p1 move alluringvoice\n>p2 move knockoff\n>p1 switch 5\n>p1 move uturn\n>p2 switch 2\n>p1 switch 3\n>p1 move trailblaze\n>p2 switch 4\n>p1 move irondefense\n>p2 move sleeppowder\n>p1 move trailblaze\n>p2 move strengthsap\n>p1 move irondefense\n>p2 switch 2\n>p1 switch 3\n>p2 move recover\n>p1 move outrage\n>p2 switch 4\n>p1 move outrage\n>p2 move closecombat\n>p2 switch 3\n>p1 move outrage\n>p2 move gunkshot\n>p1 switch 6\n>p2 move gunkshot\n>p1 move lavaplume\n>p2 switch 6\n>p1 switch 3\n>p2 move thunder\n>p1 move trailblaze\n>p2 switch 2\n>p1 move bodypress\n>p2 move sleeppowder\n>p1 move trailblaze\n>p2 switch 4\n>p1 switch 6\n>p2 move recover\n>p1 move knockoff\n>p2 switch 4\n>p1 move knockoff\n>p2 move strengthsap\n>p2 switch 6\n>p1 switch 3\n>p2 move earthquake\n>p1 switch 2\n>p1 move originpulse\n>p2 move earthquake\n>p1 move originpulse\n>p2 move earthquake\n>p1 move originpulse\n>p2 move earthquake\n>p1 switch 6\n>p1 move bodypress\n>p2 switch 4\n>p1 move trailblaze\n>p2 move knockoff\n>p1 move trailblaze\n>p2 move thunderwave\n>p1 move trailblaze\n>p2 move encore\n>p1 move trailblaze\n>p2 move knockoff\n>p1 move trailblaze\n>p2 move recover\n>p1 move trailblaze\n>p2 move encore\n>p1 move trailblaze\n>p2 move knockoff\n>p1 move trailblaze\n>p2 move recover\n>p1 move trailblaze\n>p2 move encore\n>p1 move trailblaze\n>p2 move recover\n>p1 move trailblaze\n>p2 move knockoff\n>p1 move trailblaze\n>p2 move encore\n>p1 move trailblaze\n>p2 move knockoff\n>p1 move trailblaze\n>p2 move knockoff\n>p1 move synthesis\n>p2 move recover\n>p1 switch 3\n>p2 move encore\n>p1 switch 3\n>p2 move knockoff\n>p1 move trailblaze\n>p2 switch 4\n>p1 move trailblaze\n>p2 move flamethrower\n>p2 switch 5\n>p1 move synthesis\n>p2 move terablast terastallize\n>p1 switch 4\n>p1 move quiverdance\n>p2 switch 4\n>p1 move fierydance\n>p2 move encore\n>p1 switch 3\n>p2 move knockoff\n>p1 move outrage\n>p2 move knockoff\n>p1 switch 3\n>p1 move bugbuzz\n>p2 move thunderwave\n>p2 switch 2\n>p1 move quiverdance terastallize\n>p2 move originpulse\n>p1 move bugbuzz\n>p2 move originpulse", "uploadtime": 1782895814, "views": 3, "formatid": "gen9randombattle", "rating": 1972, "private": 0, "password": null, "player_dets": [{"name": "parmaje", "avatar": "169", "rating": 1989, "seed": "sodium,0ab1f285e13524a3586ee5ff401a41a6"}, {"name": "forcemajor14", "avatar": "266", "rating": 2040, "seed": "sodium,179b926a09f26d3e5871c49934842afa"}], "teams_full": [{"Chesnaught": {"name": "Chesnaught", "species": "Chesnaught", "speciesId": "chesnaught", "gender": "F", "shiny": false, "level": 84, "moves": ["irondefense", "synthesis", "bodypress", "trailblaze"], "ability": "Bulletproof", "evs": {"hp": 85, "atk": 85, "def": 85, "spa": 85, "spd": 85, "spe": 85}, "ivs": {"hp": 31, "atk": 31, "def": 31, "spa": 31, "spd": 31, "spe": 31}, "item": "Leftovers", "teraType": "Steel", "role": "Fast Bulky Setup", "bvs": {"hp": 88, "atk": 107, "def": 122, "spa": 74, "spd": 75, "spe": 64}, "stats": {"hp": 285, "atk": 228, "def": 253, "spa": 173, "spd": 174, "spe": 156}, "types": ["Grass", "Fighting"]}, "Kyogre": {"name": "Kyogre", "species": "Kyogre", "speciesId": "kyogre", "gender": "N", "shiny": false, "level": 71, "moves": ["icebeam", "waterspout", "originpulse", "thunder"], "ability": "Drizzle", "evs": {"hp": 85, "atk": 0, "def": 85, "spa": 85, "spd": 85, "spe": 85}, "ivs": {"hp": 31, "atk": 0, "def": 31, "spa": 31, "spd": 31, "spe": 31}, "item": "Choice Scarf", "teraType": "Water", "role": "Fast Attacker", "bvs": {"hp": 100, "atk": 100, "def": 90, "spa": 150, "spd": 140, "spe": 90}, "stats": {"hp": 259, "atk": 147, "def": 169, "spa": 254, "spd": 240, "spe": 169}, "types": ["Water"]}, "Espeon": {"name": "Espeon", "species": "Espeon", "speciesId": "espeon", "gender": "M", "shiny": false, "level": 84, "moves": ["alluringvoice", "calmmind", "psyshock", "morningsun"], "ability": "Magic Bounce", "evs": {"hp": 85, "atk": 0, "def": 85, "spa": 85, "spd": 85, "spe": 85}, "ivs": {"hp": 31, "atk": 0, "def": 31, "spa": 31, "spd": 31, "spe": 31}, "item": "Life Orb", "teraType": "Fairy", "role": "Fast Attacker", "bvs": {"hp": 65, "atk": 65, "def": 60, "spa": 130, "spd": 95, "spe": 110}, "stats": {"hp": 246, "atk": 114, "def": 149, "spa": 267, "spd": 208, "spe": 233}, "types": ["Psychic"]}, "Volcarona": {"name": "Volcarona", "species": "Volcarona", "speciesId": "volcarona", "gender": "F", "shiny": false, "level": 77, "moves": ["quiverdance", "bugbuzz", "morningsun", "fierydance"], "ability": "Swarm", "evs": {"hp": 85, "atk": 0, "def": 85, "spa": 85, "spd": 85, "spe": 85}, "ivs": {"hp": 31, "atk": 0, "def": 31, "spa": 31, "spd": 31, "spe": 31}, "item": "Heavy-Duty Boots", "teraType": "Steel", "role": "Fast Bulky Setup", "bvs": {"hp": 85, "atk": 60, "def": 65, "spa": 135, "spd": 105, "spe": 100}, "stats": {"hp": 257, "atk": 97, "def": 145, "spa": 252, "spd": 206, "spe": 199}, "types": ["Bug", "Fire"]}, "Roaring Moon": {"name": "Roaring Moon", "species": "Roaring Moon", "speciesId": "roaringmoon", "gender": "N", "shiny": false, "level": 72, "moves": ["ironhead", "uturn", "knockoff", "outrage"], "ability": "Protosynthesis", "evs": {"hp": 85, "atk": 85, "def": 85, "spa": 85, "spd": 85, "spe": 85}, "ivs": {"hp": 31, "atk": 31, "def": 31, "spa": 31, "spd": 31, "spe": 31}, "item": "Choice Band", "teraType": "Steel", "role": "Bulky Attacker", "bvs": {"hp": 105, "atk": 139, "def": 71, "spa": 55, "spd": 101, "spe": 119}, "stats": {"hp": 270, "atk": 242, "def": 144, "spa": 121, "spd": 187, "spe": 213}, "types": ["Dragon", "Dark"]}, "Magcargo": {"name": "Magcargo", "species": "Magcargo", "speciesId": "magcargo", "gender": "F", "shiny": false, "level": 95, "moves": ["recover", "yawn", "stealthrock", "lavaplume"], "ability": "Flame Body", "evs": {"hp": 85, "atk": 0, "def": 85, "spa": 85, "spd": 85, "spe": 85}, "ivs": {"hp": 31, "atk": 0, "def": 31, "spa": 31, "spd": 31, "spe": 31}, "item": "Heavy-Duty Boots", "teraType": "Dragon", "role": "Bulky Support", "bvs": {"hp": 60, "atk": 50, "def": 120, "spa": 90, "spd": 80, "spe": 30}, "stats": {"hp": 268, "atk": 100, "def": 282, "spa": 225, "spd": 206, "spe": 111}, "types": ["Fire", "Rock"]}}, {"Vileplume": {"name": "Vileplume", "species": "Vileplume", "speciesId": "vileplume", "gender": "F", "shiny": false, "level": 85, "moves": ["sludgebomb", "sleeppowder", "gigadrain", "strengthsap"], "ability": "Effect Spore", "evs": {"hp": 85, "atk": 0, "def": 85, "spa": 85, "spd": 85, "spe": 85}, "ivs": {"hp": 31, "atk": 0, "def": 31, "spa": 31, "spd": 31, "spe": 31}, "item": "Leftovers", "teraType": "Steel", "role": "Bulky Attacker", "bvs": {"hp": 75, "atk": 80, "def": 85, "spa": 110, "spd": 90, "spe": 50}, "stats": {"hp": 266, "atk": 141, "def": 193, "spa": 236, "spd": 202, "spe": 134}, "types": ["Grass", "Poison"]}, "Poliwrath": {"name": "Poliwrath", "species": "Poliwrath", "speciesId": "poliwrath", "gender": "M", "shiny": false, "level": 88, "moves": ["circlethrow", "liquidation", "closecombat", "knockoff"], "ability": "Water Absorb", "evs": {"hp": 85, "atk": 85, "def": 85, "spa": 85, "spd": 85, "spe": 85}, "ivs": {"hp": 31, "atk": 31, "def": 31, "spa": 31, "spd": 31, "spe": 31}, "item": "Assault Vest", "teraType": "Dark", "role": "AV Pivot", "bvs": {"hp": 90, "atk": 95, "def": 95, "spa": 70, "spd": 90, "spe": 70}, "stats": {"hp": 302, "atk": 217, "def": 217, "spa": 173, "spd": 209, "spe": 173}, "types": ["Water", "Fighting"]}, "Seviper": {"name": "Seviper", "species": "Seviper", "speciesId": "seviper", "gender": "M", "shiny": false, "level": 93, "moves": ["flamethrower", "gunkshot", "switcheroo", "earthquake"], "ability": "Infiltrator", "evs": {"hp": 85, "atk": 85, "def": 85, "spa": 85, "spd": 85, "spe": 85}, "ivs": {"hp": 31, "atk": 31, "def": 31, "spa": 31, "spd": 31, "spe": 31}, "item": "Choice Scarf", "teraType": "Ground", "role": "Fast Attacker", "bvs": {"hp": 73, "atk": 100, "def": 60, "spa": 100, "spd": 60, "spe": 65}, "stats": {"hp": 287, "atk": 239, "def": 164, "spa": 239, "spd": 164, "spe": 174}, "types": ["Poison"]}, "Sableye": {"name": "Sableye", "species": "Sableye", "speciesId": "sableye", "gender": "F", "shiny": false, "level": 88, "moves": ["encore", "recover", "knockoff", "thunderwave"], "ability": "Prankster", "evs": {"hp": 85, "atk": 85, "def": 85, "spa": 85, "spd": 85, "spe": 85}, "ivs": {"hp": 31, "atk": 31, "def": 31, "spa": 31, "spd": 31, "spe": 31}, "item": "Leftovers", "teraType": "Poison", "role": "Bulky Support", "bvs": {"hp": 50, "atk": 75, "def": 75, "spa": 65, "spd": 65, "spe": 50}, "stats": {"hp": 231, "atk": 182, "def": 182, "spa": 165, "spd": 165, "spe": 138}, "types": ["Dark", "Ghost"]}, "Raichu": {"name": "Raichu", "species": "Raichu", "speciesId": "raichu", "gender": "F", "shiny": false, "level": 88, "moves": ["surf", "terablast", "nastyplot", "thunderbolt"], "ability": "Lightning Rod", "evs": {"hp": 85, "atk": 0, "def": 85, "spa": 85, "spd": 85, "spe": 85}, "ivs": {"hp": 31, "atk": 0, "def": 31, "spa": 31, "spd": 31, "spe": 31}, "item": "Life Orb", "teraType": "Ice", "role": "Tera Blast user", "bvs": {"hp": 60, "atk": 90, "def": 55, "spa": 90, "spd": 80, "spe": 110}, "stats": {"hp": 249, "atk": 163, "def": 147, "spa": 209, "spd": 191, "spe": 244}, "types": ["Electric"]}, "Kyogre": {"name": "Kyogre", "species": "Kyogre", "speciesId": "kyogre", "gender": "N", "shiny": false, "level": 71, "moves": ["calmmind", "originpulse", "icebeam", "thunder"], "ability": "Drizzle", "evs": {"hp": 85, "atk": 0, "def": 85, "spa": 85, "spd": 85, "spe": 85}, "ivs": {"hp": 31, "atk": 0, "def": 31, "spa": 31, "spd": 31, "spe": 31}, "item": "Leftovers", "teraType": "Dragon", "role": "Bulky Setup", "bvs": {"hp": 100, "atk": 100, "def": 90, "spa": 150, "spd": 140, "spe": 90}, "stats": {"hp": 259, "atk": 147, "def": 169, "spa": 254, "spd": 240, "spe": 169}, "types": ["Water"]}}]}