{"id": "gen9randombattle-2641874661", "format": "[Gen 9] Random Battle", "players": ["Lvl1 feller", "hairychessat15"], "log": "|j|\u2606Lvl1 feller\n|j|\u2606hairychessat15\n|t:|1782852347\n|gametype|singles\n|player|p1|Lvl1 feller|102|1478\n|player|p2|hairychessat15|102|1507\n|gen|9\n|tier|[Gen 9] Random Battle\n|rated|\n|rule|Species Clause: Limit one of each Pok\u00e9mon\n|rule|HP Percentage Mod: HP is shown in percentages\n|rule|Sleep Clause Mod: Limit one foe put to sleep\n|rule|Illusion Level Mod: Illusion disguises the Pok\u00e9mon's true level\n|\n|t:|1782852347\n|teamsize|p1|6\n|teamsize|p2|6\n|start\n|switch|p1a: Froslass|Froslass, L87, F|263/263\n|switch|p2a: Klefki|Klefki, L84, F|233/233\n|turn|1\n|inactive|Battle timer is ON: inactive players will automatically lose when time's up. (requested by Lvl1 feller)\n|\n|t:|1782852369\n|switch|p1a: Flygon|Flygon, L82, F|265/265\n|move|p2a: Klefki|Spikes|p1a: Flygon\n|-sidestart|p1: Lvl1 feller|Spikes\n|\n|upkeep\n|turn|2\n|\n|t:|1782852379\n|move|p1a: Flygon|Earthquake|p2a: Klefki\n|-supereffective|p2a: Klefki\n|-crit|p2a: Klefki\n|-damage|p2a: Klefki|0 fnt\n|faint|p2a: Klefki\n|\n|upkeep\n|inactive|hairychessat15 has 120 seconds left.\n|\n|t:|1782852408\n|switch|p2a: Dewgong|Dewgong, L94, M|322/322\n|turn|3\n|\n|t:|1782852416\n|switch|p1a: Lumineon|Lumineon, L93, F|279/279\n|-damage|p1a: Lumineon|245/279|[from] Spikes\n|move|p2a: Dewgong|Knock Off|p1a: Lumineon\n|-damage|p1a: Lumineon|180/279\n|-enditem|p1a: Lumineon|Life Orb|[from] move: Knock Off|[of] p2a: Dewgong\n|\n|upkeep\n|turn|4\n|\n|t:|1782852435\n|switch|p1a: Regice|Regice, L88|284/284\n|switch|p2a: Bruxish|Bruxish, L85, M|254/254\n|\n|upkeep\n|turn|5\n|\n|t:|1782852447\n|move|p2a: Bruxish|Psychic Fangs|p1a: Regice\n|-damage|p1a: Regice|112/284\n|-damage|p2a: Bruxish|229/254|[from] item: Life Orb\n|move|p1a: Regice|Thunder Wave|p2a: Bruxish\n|-status|p2a: Bruxish|par\n|\n|upkeep\n|turn|6\n|\n|t:|1782852475\n|move|p1a: Regice|Thunderbolt|p2a: Bruxish\n|-supereffective|p2a: Bruxish\n|-damage|p2a: Bruxish|69/254 par\n|move|p2a: Bruxish|Psychic Fangs|p1a: Regice\n|-crit|p1a: Regice\n|-damage|p1a: Regice|0 fnt\n|faint|p1a: Regice\n|-damage|p2a: Bruxish|44/254 par|[from] item: Life Orb\n|\n|upkeep\n|inactive|Lvl1 feller has 120 seconds left.\n|\n|t:|1782852492\n|switch|p1a: Jirachi|Jirachi, L80|291/291\n|-damage|p1a: Jirachi|255/291|[from] Spikes\n|turn|7\n|\n|t:|1782852501\n|move|p1a: Jirachi|Iron Head|p2a: Bruxish\n|-resisted|p2a: Bruxish\n|-damage|p2a: Bruxish|0 fnt\n|faint|p2a: Bruxish\n|\n|-heal|p1a: Jirachi|273/291|[from] item: Leftovers\n|upkeep\n|\n|t:|1782852519\n|switch|p2a: Gumshoos|Gumshoos, L95, M|321/321\n|turn|8\n|\n|t:|1782852527\n|move|p1a: Jirachi|Protect|p1a: Jirachi\n|-singleturn|p1a: Jirachi|Protect\n|move|p2a: Gumshoos|Earthquake|p1a: Jirachi\n|-activate|p1a: Jirachi|move: Protect\n|\n|-heal|p1a: Jirachi|291/291|[from] item: Leftovers\n|upkeep\n|turn|9\n|\n|t:|1782852532\n|switch|p1a: Flygon|Flygon, L82, F|265/265\n|move|p2a: Gumshoos|Earthquake|p1a: Flygon\n|-immune|p1a: Flygon|[from] ability: Levitate\n|\n|upkeep\n|turn|10\n|\n|t:|1782852537\n|switch|p2a: Dewgong|Dewgong, L94, M|322/322\n|move|p1a: Flygon|Dragon Dance|p1a: Flygon\n|-boost|p1a: Flygon|atk|1\n|-boost|p1a: Flygon|spe|1\n|\n|upkeep\n|turn|11\n|\n|t:|1782852549\n|move|p1a: Flygon|Outrage|p2a: Dewgong\n|-damage|p2a: Dewgong|130/322\n|move|p2a: Dewgong|Encore|p1a: Flygon\n|-start|p1a: Flygon|Encore\n|\n|upkeep\n|turn|12\n|\n|t:|1782852552\n|switch|p2a: Clefable|Clefable, L83, F|293/293\n|move|p1a: Flygon|Outrage|p2a: Clefable|[from] lockedmove\n|-immune|p2a: Clefable\n|-start|p1a: Flygon|confusion|[fatigue]\n|-enditem|p1a: Flygon|Lum Berry|[eat]\n|-end|p1a: Flygon|confusion\n|\n|upkeep\n|turn|13\n|\n|t:|1782852576\n|switch|p1a: Jirachi|Jirachi, L80|291/291\n|-damage|p1a: Jirachi|255/291|[from] Spikes\n|move|p2a: Clefable|Knock Off|p1a: Jirachi\n|-supereffective|p1a: Jirachi\n|-damage|p1a: Jirachi|151/291\n|-enditem|p1a: Jirachi|Leftovers|[from] move: Knock Off|[of] p2a: Clefable\n|\n|upkeep\n|turn|14\n|\n|t:|1782852583\n|move|p1a: Jirachi|Wish|p1a: Jirachi\n|move|p2a: Clefable|Stealth Rock|p1a: Jirachi\n|-sidestart|p1: Lvl1 feller|move: Stealth Rock\n|\n|upkeep\n|turn|15\n|\n|t:|1782852600\n|move|p1a: Jirachi|Iron Head|p2a: Clefable\n|-supereffective|p2a: Clefable\n|-damage|p2a: Clefable|107/293\n|cant|p2a: Clefable|flinch\n|\n|-heal|p1a: Jirachi|291/291|[from] move: Wish|[wisher] Jirachi\n|-heal|p2a: Clefable|125/293|[from] item: Leftovers\n|upkeep\n|turn|16\n|\n|t:|1782852610\n|switch|p2a: Gothitelle|Gothitelle, L90, M|272/272\n|move|p1a: Jirachi|Iron Head|p2a: Gothitelle\n|-damage|p2a: Gothitelle|200/272\n|\n|-heal|p2a: Gothitelle|217/272|[from] item: Leftovers\n|upkeep\n|turn|17\n|\n|t:|1782852617\n|move|p1a: Jirachi|Iron Head|p2a: Gothitelle\n|-damage|p2a: Gothitelle|142/272\n|cant|p2a: Gothitelle|flinch\n|\n|-heal|p2a: Gothitelle|159/272|[from] item: Leftovers\n|upkeep\n|turn|18\n|\n|t:|1782852622\n|move|p1a: Jirachi|Iron Head|p2a: Gothitelle\n|-damage|p2a: Gothitelle|90/272\n|cant|p2a: Gothitelle|flinch\n|\n|-heal|p2a: Gothitelle|107/272|[from] item: Leftovers\n|upkeep\n|turn|19\n|\n|t:|1782852631\n|move|p1a: Jirachi|Iron Head|p2a: Gothitelle\n|-damage|p2a: Gothitelle|38/272\n|cant|p2a: Gothitelle|flinch\n|\n|-heal|p2a: Gothitelle|55/272|[from] item: Leftovers\n|upkeep\n|turn|20\n|\n|t:|1782852644\n|move|p1a: Jirachi|Iron Head|p2a: Gothitelle\n|-damage|p2a: Gothitelle|0 fnt\n|faint|p2a: Gothitelle\n|\n|upkeep\n|c|\u2606hairychessat15|rgkonwrxiogrwg\n|c|\u2606hairychessat15|wergqkregnr're\n|c|\u2606hairychessat15|gerkear\n|c|\u2606hairychessat15|er\n|c|\u2606hairychessat15|erafk\n|\n|t:|1782852651\n|switch|p2a: Gumshoos|Gumshoos, L95, M|321/321\n|turn|21\n|\n|t:|1782852668\n|move|p1a: Jirachi|Protect|p1a: Jirachi\n|-singleturn|p1a: Jirachi|Protect\n|move|p2a: Gumshoos|Earthquake|p1a: Jirachi\n|-activate|p1a: Jirachi|move: Protect\n|\n|upkeep\n|turn|22\n|\n|t:|1782852674\n|switch|p1a: Flygon|Flygon, L82, F|265/265\n|-damage|p1a: Flygon|249/265|[from] Stealth Rock\n|switch|p2a: Dewgong|Dewgong, L94, M|130/322\n|\n|upkeep\n|turn|23\n|\n|t:|1782852682\n|move|p1a: Flygon|Outrage|p2a: Dewgong\n|-damage|p2a: Dewgong|21/322\n|move|p2a: Dewgong|Ice Beam|p1a: Flygon\n|-supereffective|p1a: Flygon\n|-damage|p1a: Flygon|0 fnt\n|faint|p1a: Flygon\n|\n|upkeep\n|\n|t:|1782852688\n|switch|p1a: Froslass|Froslass, L87, F|263/263\n|-damage|p1a: Froslass|231/263|[from] Spikes\n|-damage|p1a: Froslass|166/263|[from] Stealth Rock\n|turn|24\n|\n|t:|1782852691\n|move|p1a: Froslass|Poltergeist|p2a: Dewgong\n|-activate|p2a: Dewgong|move: Poltergeist|Heavy-Duty Boots\n|-damage|p2a: Dewgong|0 fnt\n|faint|p2a: Dewgong\n|\n|upkeep\n|\n|t:|1782852701\n|switch|p2a: Clefable|Clefable, L83, F|125/293\n|turn|25\n|\n|t:|1782852715\n|-terastallize|p2a: Clefable|Steel\n|move|p1a: Froslass|Poltergeist|p2a: Clefable\n|-activate|p2a: Clefable|move: Poltergeist|Leftovers\n|-damage|p2a: Clefable|7/293\n|move|p2a: Clefable|Moonlight|p2a: Clefable\n|-heal|p2a: Clefable|153/293\n|\n|-heal|p2a: Clefable|171/293|[from] item: Leftovers\n|upkeep\n|turn|26\n|\n|t:|1782852722\n|move|p1a: Froslass|Taunt|p2a: Clefable\n|-start|p2a: Clefable|move: Taunt\n|cant|p2a: Clefable|move: Taunt|Moonlight\n|\n|-heal|p2a: Clefable|189/293|[from] item: Leftovers\n|upkeep\n|turn|27\n|\n|t:|1782852737\n|move|p1a: Froslass|Poltergeist|p2a: Clefable\n|-activate|p2a: Clefable|move: Poltergeist|Leftovers\n|-damage|p2a: Clefable|72/293\n|move|p2a: Clefable|Knock Off|p1a: Froslass\n|-supereffective|p1a: Froslass\n|-damage|p1a: Froslass|40/263\n|-enditem|p1a: Froslass|Wide Lens|[from] move: Knock Off|[of] p2a: Clefable\n|\n|-heal|p2a: Clefable|90/293|[from] item: Leftovers\n|upkeep\n|turn|28\n|\n|t:|1782852749\n|switch|p2a: Gumshoos|Gumshoos, L95, M|321/321\n|move|p1a: Froslass|Poltergeist|p2a: Gumshoos\n|-immune|p2a: Gumshoos\n|\n|upkeep\n|turn|29\n|\n|t:|1782852762\n|switch|p2a: Clefable|Clefable, L83, F, tera:Steel|90/293\n|move|p1a: Froslass|Will-O-Wisp|p2a: Clefable\n|-status|p2a: Clefable|brn\n|\n|-heal|p2a: Clefable|108/293 brn|[from] item: Leftovers\n|-damage|p2a: Clefable|90/293 brn|[from] brn\n|upkeep\n|turn|30\n|\n|t:|1782852770\n|switch|p2a: Gumshoos|Gumshoos, L95, M|321/321\n|move|p1a: Froslass|Poltergeist|p2a: Gumshoos\n|-immune|p2a: Gumshoos\n|\n|upkeep\n|turn|31\n|\n|t:|1782852787\n|switch|p2a: Clefable|Clefable, L83, F, tera:Steel|90/293 brn\n|move|p1a: Froslass|Will-O-Wisp|p2a: Clefable\n|-fail|p2a: Clefable|brn\n|\n|-heal|p2a: Clefable|108/293 brn|[from] item: Leftovers\n|-damage|p2a: Clefable|90/293 brn|[from] brn\n|upkeep\n|turn|32\n|\n|t:|1782852794\n|move|p1a: Froslass|Triple Axel|p2a: Clefable\n|-resisted|p2a: Clefable\n|-damage|p2a: Clefable|79/293 brn\n|-resisted|p2a: Clefable\n|-damage|p2a: Clefable|54/293 brn\n|-resisted|p2a: Clefable\n|-damage|p2a: Clefable|18/293 brn\n|-hitcount|p2a: Clefable|3\n|move|p2a: Clefable|Moonlight|p2a: Clefable\n|-heal|p2a: Clefable|164/293 brn\n|\n|-heal|p2a: Clefable|182/293 brn|[from] item: Leftovers\n|-damage|p2a: Clefable|164/293 brn|[from] brn\n|upkeep\n|turn|33\n|\n|t:|1782852799\n|move|p1a: Froslass|Poltergeist|p2a: Clefable|[miss]\n|-miss|p1a: Froslass|p2a: Clefable\n|move|p2a: Clefable|Moonlight|p2a: Clefable\n|-heal|p2a: Clefable|293/293 brn\n|\n|-damage|p2a: Clefable|275/293 brn|[from] brn\n|upkeep\n|turn|34\n|\n|t:|1782852811\n|move|p1a: Froslass|Poltergeist|p2a: Clefable\n|-activate|p2a: Clefable|move: Poltergeist|Leftovers\n|-damage|p2a: Clefable|154/293 brn\n|move|p2a: Clefable|Knock Off|p1a: Froslass\n|-supereffective|p1a: Froslass\n|-damage|p1a: Froslass|1/263\n|\n|-heal|p2a: Clefable|172/293 brn|[from] item: Leftovers\n|-damage|p2a: Clefable|154/293 brn|[from] brn\n|upkeep\n|turn|35\n|\n|t:|1782852823\n|move|p1a: Froslass|Taunt|p2a: Clefable\n|-start|p2a: Clefable|move: Taunt\n|cant|p2a: Clefable|move: Taunt|Moonlight\n|\n|-heal|p2a: Clefable|172/293 brn|[from] item: Leftovers\n|-damage|p2a: Clefable|154/293 brn|[from] brn\n|upkeep\n|turn|36\n|\n|t:|1782852837\n|switch|p2a: Gumshoos|Gumshoos, L95, M|321/321\n|move|p1a: Froslass|Poltergeist|p2a: Gumshoos\n|-immune|p2a: Gumshoos\n|\n|upkeep\n|turn|37\n|\n|t:|1782852841\n|switch|p2a: Clefable|Clefable, L83, F, tera:Steel|154/293 brn\n|move|p1a: Froslass|Triple Axel|p2a: Clefable|[miss]\n|-miss|p1a: Froslass|p2a: Clefable\n|\n|-heal|p2a: Clefable|172/293 brn|[from] item: Leftovers\n|-damage|p2a: Clefable|154/293 brn|[from] brn\n|upkeep\n|turn|38\n|\n|t:|1782852846\n|move|p1a: Froslass|Taunt|p2a: Clefable\n|-start|p2a: Clefable|move: Taunt\n|move|p2a: Clefable|Knock Off|p1a: Froslass\n|-supereffective|p1a: Froslass\n|-damage|p1a: Froslass|0 fnt\n|faint|p1a: Froslass\n|\n|-heal|p2a: Clefable|172/293 brn|[from] item: Leftovers\n|-damage|p2a: Clefable|154/293 brn|[from] brn\n|upkeep\n|\n|t:|1782852857\n|switch|p1a: Cinccino|Cinccino, L83, F|260/260\n|-damage|p1a: Cinccino|228/260|[from] Spikes\n|-damage|p1a: Cinccino|196/260|[from] Stealth Rock\n|turn|39\n|\n|t:|1782852868\n|move|p1a: Cinccino|Tidy Up|p1a: Cinccino\n|-sideend|p1: Lvl1 feller|Spikes\n|-sideend|p1: Lvl1 feller|Stealth Rock\n|-activate|p1a: Cinccino|move: Tidy Up\n|-boost|p1a: Cinccino|atk|1\n|-boost|p1a: Cinccino|spe|1\n|move|p2a: Clefable|Knock Off|p1a: Cinccino\n|-damage|p1a: Cinccino|162/260\n|-enditem|p1a: Cinccino|Loaded Dice|[from] move: Knock Off|[of] p2a: Clefable\n|\n|-heal|p2a: Clefable|172/293 brn|[from] item: Leftovers\n|-damage|p2a: Clefable|154/293 brn|[from] brn\n|upkeep\n|turn|40\n|\n|t:|1782852882\n|move|p1a: Cinccino|Tidy Up|p1a: Cinccino\n|-boost|p1a: Cinccino|atk|1\n|-boost|p1a: Cinccino|spe|1\n|move|p2a: Clefable|Moonblast|p1a: Cinccino\n|-damage|p1a: Cinccino|41/260\n|\n|-heal|p2a: Clefable|172/293 brn|[from] item: Leftovers\n|-damage|p2a: Clefable|154/293 brn|[from] brn\n|-end|p2a: Clefable|move: Taunt\n|upkeep\n|turn|41\n|\n|t:|1782852889\n|move|p1a: Cinccino|Tail Slap|p2a: Clefable\n|-resisted|p2a: Clefable\n|-damage|p2a: Clefable|132/293 brn\n|-resisted|p2a: Clefable\n|-damage|p2a: Clefable|110/293 brn\n|-hitcount|p2a: Clefable|2\n|move|p2a: Clefable|Moonlight|p2a: Clefable\n|-heal|p2a: Clefable|256/293 brn\n|\n|-heal|p2a: Clefable|274/293 brn|[from] item: Leftovers\n|-damage|p2a: Clefable|256/293 brn|[from] brn\n|upkeep\n|turn|42\n|\n|t:|1782852907\n|move|p1a: Cinccino|Tail Slap|p2a: Clefable\n|-resisted|p2a: Clefable\n|-damage|p2a: Clefable|235/293 brn\n|-resisted|p2a: Clefable\n|-damage|p2a: Clefable|211/293 brn\n|-resisted|p2a: Clefable\n|-damage|p2a: Clefable|189/293 brn\n|-hitcount|p2a: Clefable|3\n|move|p2a: Clefable|Stealth Rock|p1a: Cinccino\n|-sidestart|p1: Lvl1 feller|move: Stealth Rock\n|\n|-heal|p2a: Clefable|207/293 brn|[from] item: Leftovers\n|-damage|p2a: Clefable|189/293 brn|[from] brn\n|upkeep\n|turn|43\n|\n|t:|1782852917\n|switch|p1a: Lumineon|Lumineon, L93, F|180/279\n|-damage|p1a: Lumineon|146/279|[from] Stealth Rock\n|move|p2a: Clefable|Moonblast|p1a: Lumineon\n|-damage|p1a: Lumineon|53/279\n|\n|-heal|p2a: Clefable|207/293 brn|[from] item: Leftovers\n|-damage|p2a: Clefable|189/293 brn|[from] brn\n|upkeep\n|turn|44\n|\n|t:|1782852933\n|-terastallize|p1a: Lumineon|Water\n|move|p1a: Lumineon|Hydro Pump|p2a: Clefable\n|-damage|p2a: Clefable|49/293 brn\n|move|p2a: Clefable|Moonlight|p2a: Clefable\n|-heal|p2a: Clefable|195/293 brn\n|\n|-heal|p2a: Clefable|213/293 brn|[from] item: Leftovers\n|-damage|p2a: Clefable|195/293 brn|[from] brn\n|upkeep\n|turn|45\n|\n|t:|1782852952\n|move|p1a: Lumineon|Encore|p2a: Clefable\n|-start|p2a: Clefable|Encore\n|move|p2a: Clefable|Moonlight|p2a: Clefable\n|-heal|p2a: Clefable|293/293 brn\n|\n|-damage|p2a: Clefable|275/293 brn|[from] brn\n|upkeep\n|turn|46\n|\n|t:|1782852956\n|switch|p2a: Gumshoos|Gumshoos, L95, M|321/321\n|move|p1a: Lumineon|Hydro Pump|p2a: Gumshoos|[miss]\n|-miss|p1a: Lumineon|p2a: Gumshoos\n|\n|upkeep\n|turn|47\n|\n|t:|1782852972\n|move|p1a: Lumineon|Hydro Pump|p2a: Gumshoos\n|-damage|p2a: Gumshoos|159/321\n|move|p2a: Gumshoos|U-turn|p1a: Lumineon\n|-damage|p1a: Lumineon|0 fnt\n|faint|p1a: Lumineon\n|\n|t:|1782852975\n|switch|p2a: Clefable|Clefable, L83, F, tera:Steel|275/293 brn|[from] U-turn\n|\n|-heal|p2a: Clefable|293/293 brn|[from] item: Leftovers\n|-damage|p2a: Clefable|275/293 brn|[from] brn\n|upkeep\n|\n|t:|1782852981\n|switch|p1a: Jirachi|Jirachi, L80|291/291\n|-damage|p1a: Jirachi|273/291|[from] Stealth Rock\n|turn|48\n|\n|t:|1782852991\n|move|p1a: Jirachi|Psychic|p2a: Clefable\n|-resisted|p2a: Clefable\n|-damage|p2a: Clefable|227/293 brn\n|move|p2a: Clefable|Knock Off|p1a: Jirachi\n|-supereffective|p1a: Jirachi\n|-damage|p1a: Jirachi|239/291\n|\n|-heal|p2a: Clefable|245/293 brn|[from] item: Leftovers\n|-damage|p2a: Clefable|227/293 brn|[from] brn\n|upkeep\n|turn|49\n|\n|t:|1782852996\n|move|p1a: Jirachi|Psychic|p2a: Clefable\n|-resisted|p2a: Clefable\n|-damage|p2a: Clefable|184/293 brn\n|move|p2a: Clefable|Knock Off|p1a: Jirachi\n|-supereffective|p1a: Jirachi\n|-damage|p1a: Jirachi|207/291\n|\n|-heal|p2a: Clefable|202/293 brn|[from] item: Leftovers\n|-damage|p2a: Clefable|184/293 brn|[from] brn\n|upkeep\n|turn|50\n|\n|t:|1782853001\n|move|p1a: Jirachi|Psychic|p2a: Clefable\n|-resisted|p2a: Clefable\n|-damage|p2a: Clefable|136/293 brn\n|move|p2a: Clefable|Knock Off|p1a: Jirachi\n|-supereffective|p1a: Jirachi\n|-crit|p1a: Jirachi\n|-damage|p1a: Jirachi|154/291\n|\n|-heal|p2a: Clefable|154/293 brn|[from] item: Leftovers\n|-damage|p2a: Clefable|136/293 brn|[from] brn\n|upkeep\n|turn|51\n|\n|t:|1782853009\n|move|p1a: Jirachi|Wish|p1a: Jirachi\n|move|p2a: Clefable|Moonlight|p2a: Clefable\n|-heal|p2a: Clefable|282/293 brn\n|\n|-heal|p2a: Clefable|293/293 brn|[from] item: Leftovers\n|-damage|p2a: Clefable|275/293 brn|[from] brn\n|upkeep\n|turn|52\n|\n|t:|1782853012\n|move|p1a: Jirachi|Psychic|p2a: Clefable\n|-resisted|p2a: Clefable\n|-damage|p2a: Clefable|233/293 brn\n|move|p2a: Clefable|Knock Off|p1a: Jirachi\n|-supereffective|p1a: Jirachi\n|-damage|p1a: Jirachi|121/291\n|\n|-heal|p1a: Jirachi|266/291|[from] move: Wish|[wisher] Jirachi\n|-heal|p2a: Clefable|251/293 brn|[from] item: Leftovers\n|-damage|p2a: Clefable|233/293 brn|[from] brn\n|upkeep\n|turn|53\n|\n|t:|1782853022\n|move|p1a: Jirachi|Psychic|p2a: Clefable\n|-resisted|p2a: Clefable\n|-damage|p2a: Clefable|188/293 brn\n|-unboost|p2a: Clefable|spd|1\n|move|p2a: Clefable|Knock Off|p1a: Jirachi\n|-supereffective|p1a: Jirachi\n|-damage|p1a: Jirachi|232/291\n|\n|-heal|p2a: Clefable|206/293 brn|[from] item: Leftovers\n|-damage|p2a: Clefable|188/293 brn|[from] brn\n|upkeep\n|turn|54\n|\n|t:|1782853029\n|move|p1a: Jirachi|Psychic|p2a: Clefable\n|-resisted|p2a: Clefable\n|-damage|p2a: Clefable|124/293 brn\n|move|p2a: Clefable|Knock Off|p1a: Jirachi\n|-supereffective|p1a: Jirachi\n|-damage|p1a: Jirachi|198/291\n|\n|-heal|p2a: Clefable|142/293 brn|[from] item: Leftovers\n|-damage|p2a: Clefable|124/293 brn|[from] brn\n|upkeep\n|turn|55\n|\n|t:|1782853035\n|move|p1a: Jirachi|Psychic|p2a: Clefable\n|-resisted|p2a: Clefable\n|-damage|p2a: Clefable|58/293 brn\n|move|p2a: Clefable|Knock Off|p1a: Jirachi\n|-supereffective|p1a: Jirachi\n|-damage|p1a: Jirachi|166/291\n|\n|-heal|p2a: Clefable|76/293 brn|[from] item: Leftovers\n|-damage|p2a: Clefable|58/293 brn|[from] brn\n|upkeep\n|turn|56\n|\n|t:|1782853044\n|move|p1a: Jirachi|Psychic|p2a: Clefable\n|-resisted|p2a: Clefable\n|-damage|p2a: Clefable|0 fnt\n|faint|p2a: Clefable\n|\n|upkeep\n|\n|t:|1782853048\n|switch|p2a: Gumshoos|Gumshoos, L95, M|159/321\n|turn|57\n|\n|t:|1782853054\n|move|p1a: Jirachi|Iron Head|p2a: Gumshoos\n|-damage|p2a: Gumshoos|71/321\n|cant|p2a: Gumshoos|flinch\n|\n|upkeep\n|turn|58\n|n|!hairychessat15|hairychessat15\n|l|!hairychessat15\n|inactive|hairychessat15 disconnected and has a minute to reconnect!\n|player|p2|\n|inactive|hairychessat15 has 30 seconds to reconnect!\n|inactive|hairychessat15 has 20 seconds to reconnect!\n|inactive|hairychessat15 has 15 seconds to reconnect!\n|inactive|hairychessat15 has 10 seconds to reconnect!\n|inactive|hairychessat15 has 5 seconds to reconnect!\n|-message|hairychessat15 lost due to inactivity.\n|\n|win|Lvl1 feller\n", "inputlog": ">version f8ac14003a5f27e1bdc8d8c59608a773c1cb96e5\n>start {\"formatid\":\"gen9randombattle\",\"seed\":\"sodium,530e0386e555a0e35c6c29d817a3cabc\",\"rated\":\"Rated battle\"}\n>player p1 {\"name\":\"Lvl1 feller\",\"avatar\":\"102\",\"rating\":1478,\"seed\":\"sodium,300353cb791a3b60c59fa522666bf084\"}\n>player p2 {\"name\":\"hairychessat15\",\"avatar\":\"102\",\"rating\":1507,\"seed\":\"sodium,c51b6157e21180a0286e686019d834a8\"}\n>p1 switch 4\n>p2 move spikes\n>p1 move earthquake\n>p2 move dazzlinggleam\n>p2 switch 3\n>p1 switch 6\n>p2 move knockoff\n>p1 switch 2\n>p2 switch 4\n>p1 move thunderwave\n>p2 move psychicfangs\n>p1 move thunderbolt\n>p2 move psychicfangs\n>p1 switch 3\n>p1 move ironhead\n>p2 move wavecrash\n>p2 switch 6\n>p1 move protect\n>p2 move earthquake\n>p1 switch 6\n>p2 move earthquake\n>p1 move dragondance\n>p2 switch 4\n>p1 move outrage\n>p2 move encore\n>p1 move outrage\n>p2 switch 5\n>p1 switch 6\n>p2 move knockoff\n>p1 move wish\n>p2 move stealthrock\n>p1 move ironhead\n>p2 move moonblast\n>p1 move ironhead\n>p2 switch 2\n>p1 move ironhead\n>p2 move darkpulse\n>p1 move ironhead\n>p2 move darkpulse\n>p1 move ironhead\n>p2 move darkpulse\n>p1 move ironhead\n>p2 move darkpulse\n>chat \u2606hairychessat15|rgkonwrxiogrwg\n>chat \u2606hairychessat15|wergqkregnr're\n>chat \u2606hairychessat15|gerkear\n>chat \u2606hairychessat15|er\n>chat \u2606hairychessat15|erafk\n>p2 switch 4\n>p1 move protect\n>p2 move earthquake\n>p1 switch 6\n>p2 switch 5\n>p1 move outrage\n>p2 move icebeam\n>p1 switch 4\n>p1 move poltergeist\n>p2 move knockoff\n>p2 switch 2\n>p1 move poltergeist\n>p2 move moonlight terastallize\n>p1 move taunt\n>p2 move moonlight\n>p1 move poltergeist\n>p2 move knockoff\n>p1 move poltergeist\n>p2 switch 5\n>p1 move willowisp\n>p2 switch 5\n>p1 move poltergeist\n>p2 switch 5\n>p1 move willowisp\n>p2 switch 5\n>p1 move tripleaxel\n>p2 move moonlight\n>p1 move poltergeist\n>p2 move moonlight\n>p1 move poltergeist\n>p2 move knockoff\n>p1 move taunt\n>p2 move moonlight\n>p1 move poltergeist\n>p2 switch 5\n>p1 move tripleaxel\n>p2 switch 5\n>p1 move taunt\n>p2 move knockoff\n>p1 switch 5\n>p1 move tidyup\n>p2 move knockoff\n>p1 move tidyup\n>p2 move moonblast\n>p1 move tailslap\n>p2 move moonlight\n>p1 move tailslap\n>p2 move stealthrock\n>p1 switch 2\n>p2 move moonblast\n>p1 move hydropump terastallize\n>p2 move moonlight\n>p1 move encore\n>p2 move moonblast\n>p1 move hydropump\n>p2 switch 5\n>p1 move hydropump\n>p2 move uturn\n>p2 switch 5\n>p1 switch 6\n>p1 move psychic\n>p2 move knockoff\n>p1 move psychic\n>p2 move knockoff\n>p1 move psychic\n>p2 move knockoff\n>p1 move wish\n>p2 move moonlight\n>p1 move psychic\n>p2 move knockoff\n>p1 move psychic\n>p2 move knockoff\n>p1 move psychic\n>p2 move knockoff\n>p1 move psychic\n>p2 move knockoff\n>p1 move psychic\n>p2 move moonlight\n>p2 switch 5\n>p1 move ironhead\n>p2 move earthquake\n>chat \u2606hairychessat15|lucky cunt\n>forcelose p2", "uploadtime": 1782853062, "views": 6, "formatid": "gen9randombattle", "rating": null, "private": 0, "password": null, "player_dets": [{"name": "Lvl1 feller", "avatar": "102", "rating": 1478, "seed": "sodium,300353cb791a3b60c59fa522666bf084"}, {"name": "hairychessat15", "avatar": "102", "rating": 1507, "seed": "sodium,c51b6157e21180a0286e686019d834a8"}], "teams_full": [{"Froslass": {"name": "Froslass", "species": "Froslass", "speciesId": "froslass", "gender": "F", "shiny": false, "level": 87, "moves": ["poltergeist", "taunt", "tripleaxel", "willowisp"], "ability": "Cursed Body", "evs": {"hp": 81, "atk": 85, "def": 85, "spa": 85, "spd": 85, "spe": 85}, "ivs": {"hp": 31, "atk": 31, "def": 31, "spa": 31, "spd": 31, "spe": 31}, "item": "Wide Lens", "teraType": "Ice", "role": "Fast Support", "bvs": {"hp": 70, "atk": 80, "def": 70, "spa": 80, "spd": 70, "spe": 110}, "stats": {"hp": 263, "atk": 189, "def": 172, "spa": 189, "spd": 172, "spe": 241}, "types": ["Ice", "Ghost"]}, "Regice": {"name": "Regice", "species": "Regice", "speciesId": "regice", "gender": "N", "shiny": false, "level": 88, "moves": ["thunderwave", "thunderbolt", "icebeam", "bodypress"], "ability": "Clear Body", "evs": {"hp": 85, "atk": 0, "def": 85, "spa": 85, "spd": 85, "spe": 85}, "ivs": {"hp": 31, "atk": 0, "def": 31, "spa": 31, "spd": 31, "spe": 31}, "item": "Heavy-Duty Boots", "teraType": "Electric", "role": "Bulky Attacker", "bvs": {"hp": 80, "atk": 50, "def": 100, "spa": 100, "spd": 200, "spe": 50}, "stats": {"hp": 284, "atk": 93, "def": 226, "spa": 226, "spd": 402, "spe": 138}, "types": ["Ice"]}, "Jirachi": {"name": "Jirachi", "species": "Jirachi", "speciesId": "jirachi", "gender": "N", "shiny": false, "level": 80, "moves": ["psychic", "protect", "ironhead", "wish"], "ability": "Serene Grace", "evs": {"hp": 85, "atk": 85, "def": 85, "spa": 85, "spd": 85, "spe": 85}, "ivs": {"hp": 31, "atk": 31, "def": 31, "spa": 31, "spd": 31, "spe": 31}, "item": "Leftovers", "teraType": "Water", "role": "Bulky Support", "bvs": {"hp": 100, "atk": 100, "def": 100, "spa": 100, "spd": 100, "spe": 100}, "stats": {"hp": 291, "atk": 206, "def": 206, "spa": 206, "spd": 206, "spe": 206}, "types": ["Steel", "Psychic"]}, "Flygon": {"name": "Flygon", "species": "Flygon", "speciesId": "flygon", "gender": "F", "shiny": false, "level": 82, "moves": ["stoneedge", "earthquake", "dragondance", "outrage"], "ability": "Levitate", "evs": {"hp": 85, "atk": 85, "def": 85, "spa": 85, "spd": 85, "spe": 85}, "ivs": {"hp": 31, "atk": 31, "def": 31, "spa": 31, "spd": 31, "spe": 31}, "item": "Lum Berry", "teraType": "Ground", "role": "Fast Attacker", "bvs": {"hp": 80, "atk": 100, "def": 80, "spa": 80, "spd": 80, "spe": 100}, "stats": {"hp": 265, "atk": 211, "def": 178, "spa": 178, "spd": 178, "spe": 211}, "types": ["Ground", "Dragon"]}, "Cinccino": {"name": "Cinccino", "species": "Cinccino", "speciesId": "cinccino", "gender": "F", "shiny": false, "level": 83, "moves": ["tailslap", "tidyup", "bulletseed", "tripleaxel"], "ability": "Technician", "evs": {"hp": 85, "atk": 85, "def": 85, "spa": 85, "spd": 85, "spe": 85}, "ivs": {"hp": 31, "atk": 31, "def": 31, "spa": 31, "spd": 31, "spe": 31}, "item": "Loaded Dice", "teraType": "Normal", "role": "Fast Attacker", "bvs": {"hp": 75, "atk": 95, "def": 60, "spa": 65, "spd": 60, "spe": 115}, "stats": {"hp": 260, "atk": 205, "def": 147, "spa": 156, "spd": 147, "spe": 239}, "types": ["Normal"]}, "Lumineon": {"name": "Lumineon", "species": "Lumineon", "speciesId": "lumineon", "gender": "F", "shiny": false, "level": 93, "moves": ["alluringvoice", "encore", "icebeam", "hydropump"], "ability": "Storm Drain", "evs": {"hp": 85, "atk": 0, "def": 85, "spa": 85, "spd": 85, "spe": 85}, "ivs": {"hp": 31, "atk": 0, "def": 31, "spa": 31, "spd": 31, "spe": 31}, "item": "Life Orb", "teraType": "Water", "role": "Fast Attacker", "bvs": {"hp": 69, "atk": 69, "def": 76, "spa": 69, "spd": 86, "spe": 91}, "stats": {"hp": 279, "atk": 133, "def": 194, "spa": 181, "spd": 213, "spe": 222}, "types": ["Water"]}}, {"Klefki": {"name": "Klefki", "species": "Klefki", "speciesId": "klefki", "gender": "F", "shiny": false, "level": 84, "moves": ["spikes", "thunderwave", "foulplay", "dazzlinggleam"], "ability": "Prankster", "evs": {"hp": 85, "atk": 0, "def": 85, "spa": 85, "spd": 85, "spe": 85}, "ivs": {"hp": 31, "atk": 0, "def": 31, "spa": 31, "spd": 31, "spe": 31}, "item": "Leftovers", "teraType": "Water", "role": "Bulky Attacker", "bvs": {"hp": 57, "atk": 80, "def": 91, "spa": 80, "spd": 87, "spe": 75}, "stats": {"hp": 233, "atk": 139, "def": 201, "spa": 183, "spd": 194, "spe": 174}, "types": ["Steel", "Fairy"]}, "Gothitelle": {"name": "Gothitelle", "species": "Gothitelle", "speciesId": "gothitelle", "gender": "M", "shiny": false, "level": 90, "moves": ["thunderbolt", "darkpulse", "calmmind", "psychicnoise"], "ability": "Shadow Tag", "evs": {"hp": 85, "atk": 0, "def": 85, "spa": 85, "spd": 85, "spe": 85}, "ivs": {"hp": 31, "atk": 0, "def": 31, "spa": 31, "spd": 31, "spe": 31}, "item": "Leftovers", "teraType": "Ground", "role": "Bulky Setup", "bvs": {"hp": 70, "atk": 55, "def": 95, "spa": 95, "spd": 110, "spe": 65}, "stats": {"hp": 272, "atk": 104, "def": 222, "spa": 222, "spd": 249, "spe": 168}, "types": ["Psychic"]}, "Dewgong": {"name": "Dewgong", "species": "Dewgong", "speciesId": "dewgong", "gender": "M", "shiny": false, "level": 94, "moves": ["knockoff", "surf", "icebeam", "encore"], "ability": "Thick Fat", "evs": {"hp": 85, "atk": 85, "def": 85, "spa": 85, "spd": 85, "spe": 85}, "ivs": {"hp": 31, "atk": 31, "def": 31, "spa": 31, "spd": 31, "spe": 31}, "item": "Heavy-Duty Boots", "teraType": "Grass", "role": "Bulky Support", "bvs": {"hp": 90, "atk": 70, "def": 80, "spa": 70, "spd": 95, "spe": 70}, "stats": {"hp": 322, "atk": 185, "def": 204, "spa": 185, "spd": 232, "spe": 185}, "types": ["Water", "Ice"]}, "Bruxish": {"name": "Bruxish", "species": "Bruxish", "speciesId": "bruxish", "gender": "M", "shiny": false, "level": 85, "moves": ["swordsdance", "crunch", "wavecrash", "psychicfangs"], "ability": "Strong Jaw", "evs": {"hp": 85, "atk": 85, "def": 85, "spa": 85, "spd": 85, "spe": 85}, "ivs": {"hp": 31, "atk": 31, "def": 31, "spa": 31, "spd": 31, "spe": 31}, "item": "Life Orb", "teraType": "Dark", "role": "Fast Attacker", "bvs": {"hp": 68, "atk": 105, "def": 70, "spa": 70, "spd": 70, "spe": 92}, "stats": {"hp": 254, "atk": 227, "def": 168, "spa": 168, "spd": 168, "spe": 205}, "types": ["Water", "Psychic"]}, "Clefable": {"name": "Clefable", "species": "Clefable", "speciesId": "clefable", "gender": "F", "shiny": false, "level": 83, "moves": ["knockoff", "moonlight", "moonblast", "stealthrock"], "ability": "Unaware", "evs": {"hp": 85, "atk": 85, "def": 85, "spa": 85, "spd": 85, "spe": 85}, "ivs": {"hp": 31, "atk": 31, "def": 31, "spa": 31, "spd": 31, "spe": 31}, "item": "Leftovers", "teraType": "Steel", "role": "Bulky Support", "bvs": {"hp": 95, "atk": 70, "def": 73, "spa": 95, "spd": 90, "spe": 60}, "stats": {"hp": 293, "atk": 164, "def": 169, "spa": 205, "spd": 197, "spe": 147}, "types": ["Fairy"]}, "Gumshoos": {"name": "Gumshoos", "species": "Gumshoos", "speciesId": "gumshoos", "gender": "M", "shiny": false, "level": 95, "moves": ["doubleedge", "earthquake", "knockoff", "uturn"], "ability": "Stakeout", "evs": {"hp": 85, "atk": 85, "def": 85, "spa": 85, "spd": 85, "spe": 85}, "ivs": {"hp": 31, "atk": 31, "def": 31, "spa": 31, "spd": 31, "spe": 31}, "item": "Choice Band", "teraType": "Normal", "role": "Wallbreaker", "bvs": {"hp": 88, "atk": 110, "def": 60, "spa": 55, "spd": 60, "spe": 45}, "stats": {"hp": 321, "atk": 263, "def": 168, "spa": 158, "spd": 168, "spe": 139}, "types": ["Normal"]}}]}