{"id": "gen9randombattle-2642210901", "format": "[Gen 9] Random Battle", "players": ["jnpr010334", "shadowgone"], "log": "|j|\u2606jnpr010334\n|j|\u2606shadowgone\n|t:|1782911457\n|gametype|singles\n|player|p1|jnpr010334|265|1880\n|player|p2|shadowgone|169|1799\n|gen|9\n|tier|[Gen 9] Random Battle\n|rated|\n|rule|Species Clause: Limit one of each Pok\u00e9mon\n|rule|HP Percentage Mod: HP is shown in percentages\n|rule|Sleep Clause Mod: Limit one foe put to sleep\n|rule|Illusion Level Mod: Illusion disguises the Pok\u00e9mon's true level\n|\n|t:|1782911457\n|teamsize|p1|6\n|teamsize|p2|6\n|start\n|switch|p1a: Flamigo|Flamigo, L82, M|269/269\n|switch|p2a: Zapdos|Zapdos, L78|268/268\n|turn|1\n|inactive|Battle timer is ON: inactive players will automatically lose when time's up. (requested by shadowgone)\n|\n|t:|1782911461\n|switch|p1a: Azelf|Azelf, L82|257/257\n|move|p2a: Zapdos|Hurricane|p1a: Azelf\n|-damage|p1a: Azelf|118/257\n|\n|upkeep\n|turn|2\n|\n|t:|1782911465\n|move|p1a: Azelf|Knock Off|p2a: Zapdos\n|-damage|p2a: Zapdos|160/268\n|-enditem|p2a: Zapdos|Heavy-Duty Boots|[from] move: Knock Off|[of] p1a: Azelf\n|-damage|p1a: Azelf|93/257|[from] item: Life Orb\n|move|p2a: Zapdos|Hurricane|p1a: Azelf\n|-damage|p1a: Azelf|0 fnt\n|faint|p1a: Azelf\n|\n|upkeep\n|inactive|jnpr010334 also wants the timer to be on.\n|\n|t:|1782911468\n|switch|p1a: Palkia|Palkia-Origin, L72|249/249\n|-ability|p1a: Palkia|Pressure\n|turn|3\n|\n|t:|1782911474\n|move|p1a: Palkia|Draco Meteor|p2a: Zapdos|[miss]\n|-miss|p1a: Palkia|p2a: Zapdos\n|move|p2a: Zapdos|Roost|p2a: Zapdos\n|-heal|p2a: Zapdos|268/268\n|-singleturn|p2a: Zapdos|move: Roost\n|\n|upkeep\n|turn|4\n|\n|t:|1782911480\n|move|p1a: Palkia|Draco Meteor|p2a: Zapdos\n|-damage|p2a: Zapdos|99/268\n|-unboost|p1a: Palkia|spa|2\n|move|p2a: Zapdos|Hurricane|p1a: Palkia\n|-damage|p1a: Palkia|134/249\n|\n|upkeep\n|turn|5\n|\n|t:|1782911484\n|move|p1a: Palkia|Draco Meteor|p2a: Zapdos\n|-damage|p2a: Zapdos|15/268\n|-unboost|p1a: Palkia|spa|2\n|move|p2a: Zapdos|Roost|p2a: Zapdos\n|-heal|p2a: Zapdos|149/268\n|-singleturn|p2a: Zapdos|move: Roost\n|\n|upkeep\n|turn|6\n|\n|t:|1782911488\n|switch|p1a: Umbreon|Umbreon, L84, M|297/297\n|move|p2a: Zapdos|Discharge|p1a: Umbreon\n|-damage|p1a: Umbreon|231/297\n|-status|p1a: Umbreon|par\n|-activate|p1a: Umbreon|ability: Synchronize\n|-immune|p2a: Zapdos\n|\n|-heal|p1a: Umbreon|249/297 par|[from] item: Leftovers\n|upkeep\n|turn|7\n|\n|t:|1782911492\n|move|p2a: Zapdos|U-turn|p1a: Umbreon\n|-supereffective|p1a: Umbreon\n|-damage|p1a: Umbreon|181/297 par\n|\n|t:|1782911497\n|switch|p2a: Swalot|Swalot, L90, M|326/326|[from] U-turn\n|move|p1a: Umbreon|Toxic|p2a: Swalot\n|-immune|p2a: Swalot\n|\n|-heal|p1a: Umbreon|199/297 par|[from] item: Leftovers\n|upkeep\n|turn|8\n|\n|t:|1782911500\n|move|p2a: Swalot|Encore|p1a: Umbreon\n|-start|p1a: Umbreon|Encore\n|cant|p1a: Umbreon|par\n|\n|-heal|p1a: Umbreon|217/297 par|[from] item: Leftovers\n|upkeep\n|turn|9\n|\n|t:|1782911505\n|switch|p1a: Palkia|Palkia-Origin, L72|134/249\n|-ability|p1a: Palkia|Pressure\n|move|p2a: Swalot|Sludge Bomb|p1a: Palkia\n|-crit|p1a: Palkia\n|-damage|p1a: Palkia|2/249\n|\n|upkeep\n|turn|10\n|\n|t:|1782911510\n|move|p1a: Palkia|Thunder Wave|p2a: Swalot\n|-status|p2a: Swalot|par\n|move|p2a: Swalot|Knock Off|p1a: Palkia\n|-damage|p1a: Palkia|0 fnt\n|faint|p1a: Palkia\n|\n|upkeep\n|\n|t:|1782911513\n|switch|p1a: Flamigo|Flamigo, L82, M|269/269\n|turn|11\n|\n|t:|1782911518\n|move|p1a: Flamigo|Swords Dance|p1a: Flamigo\n|-boost|p1a: Flamigo|atk|2\n|move|p2a: Swalot|Ice Beam|p1a: Flamigo\n|-supereffective|p1a: Flamigo\n|-damage|p1a: Flamigo|117/269\n|\n|upkeep\n|turn|12\n|\n|t:|1782911521\n|move|p1a: Flamigo|Roost|p1a: Flamigo\n|-heal|p1a: Flamigo|252/269\n|-singleturn|p1a: Flamigo|move: Roost\n|move|p2a: Swalot|Ice Beam|p1a: Flamigo\n|-damage|p1a: Flamigo|174/269\n|\n|upkeep\n|turn|13\n|\n|t:|1782911524\n|move|p1a: Flamigo|Roost|p1a: Flamigo\n|-heal|p1a: Flamigo|269/269\n|-singleturn|p1a: Flamigo|move: Roost\n|move|p2a: Swalot|Encore|p1a: Flamigo\n|-start|p1a: Flamigo|Encore\n|\n|upkeep\n|turn|14\n|\n|t:|1782911528\n|move|p1a: Flamigo|Roost||[still]\n|-fail|p1a: Flamigo|heal\n|move|p2a: Swalot|Sludge Bomb|p1a: Flamigo\n|-damage|p1a: Flamigo|146/269\n|\n|upkeep\n|turn|15\n|\n|t:|1782911531\n|move|p1a: Flamigo|Roost|p1a: Flamigo\n|-heal|p1a: Flamigo|269/269\n|-singleturn|p1a: Flamigo|move: Roost\n|move|p2a: Swalot|Sludge Bomb|p1a: Flamigo\n|-damage|p1a: Flamigo|160/269\n|\n|upkeep\n|turn|16\n|\n|t:|1782911534\n|move|p1a: Flamigo|Roost|p1a: Flamigo\n|-heal|p1a: Flamigo|269/269\n|-singleturn|p1a: Flamigo|move: Roost\n|move|p2a: Swalot|Sludge Bomb|p1a: Flamigo\n|-damage|p1a: Flamigo|152/269\n|-status|p1a: Flamigo|psn\n|\n|-damage|p1a: Flamigo|119/269 psn|[from] psn\n|-end|p1a: Flamigo|Encore\n|upkeep\n|turn|17\n|\n|t:|1782911538\n|move|p1a: Flamigo|Roost|p1a: Flamigo\n|-heal|p1a: Flamigo|254/269 psn\n|-singleturn|p1a: Flamigo|move: Roost\n|move|p2a: Swalot|Sludge Bomb|p1a: Flamigo\n|-damage|p1a: Flamigo|139/269 psn\n|\n|-damage|p1a: Flamigo|106/269 psn|[from] psn\n|upkeep\n|turn|18\n|\n|t:|1782911542\n|move|p1a: Flamigo|Roost|p1a: Flamigo\n|-heal|p1a: Flamigo|241/269 psn\n|-singleturn|p1a: Flamigo|move: Roost\n|move|p2a: Swalot|Sludge Bomb|p1a: Flamigo\n|-damage|p1a: Flamigo|118/269 psn\n|\n|-damage|p1a: Flamigo|85/269 psn|[from] psn\n|upkeep\n|turn|19\n|\n|t:|1782911548\n|move|p1a: Flamigo|Roost|p1a: Flamigo\n|-heal|p1a: Flamigo|220/269 psn\n|-singleturn|p1a: Flamigo|move: Roost\n|cant|p2a: Swalot|par\n|\n|-damage|p1a: Flamigo|187/269 psn|[from] psn\n|upkeep\n|turn|20\n|\n|t:|1782911552\n|move|p1a: Flamigo|Brave Bird|p2a: Swalot\n|-damage|p2a: Swalot|0 fnt\n|faint|p2a: Swalot\n|-damage|p1a: Flamigo|79/269 psn|[from] Recoil\n|-damage|p1a: Flamigo|53/269 psn|[from] item: Life Orb\n|\n|-damage|p1a: Flamigo|20/269 psn|[from] psn\n|upkeep\n|\n|t:|1782911556\n|switch|p2a: Zapdos|Zapdos, L78|149/268\n|turn|21\n|\n|t:|1782911561\n|move|p2a: Zapdos|Discharge|p1a: Flamigo\n|-supereffective|p1a: Flamigo\n|-damage|p1a: Flamigo|0 fnt\n|faint|p1a: Flamigo\n|\n|upkeep\n|\n|t:|1782911563\n|switch|p1a: Meowstic|Meowstic-F, L89, F|277/277\n|turn|22\n|\n|t:|1782911566\n|move|p1a: Meowstic|Nasty Plot|p1a: Meowstic\n|-boost|p1a: Meowstic|spa|2\n|move|p2a: Zapdos|Roost|p2a: Zapdos\n|-heal|p2a: Zapdos|268/268\n|-singleturn|p2a: Zapdos|move: Roost\n|\n|upkeep\n|turn|23\n|\n|t:|1782911570\n|move|p1a: Meowstic|Psyshock|p2a: Zapdos\n|-damage|p2a: Zapdos|11/268\n|-damage|p1a: Meowstic|250/277|[from] item: Life Orb\n|move|p2a: Zapdos|U-turn|p1a: Meowstic\n|-supereffective|p1a: Meowstic\n|-damage|p1a: Meowstic|170/277\n|\n|t:|1782911574\n|switch|p2a: Mandibuzz|Mandibuzz, L85, F|326/326|[from] U-turn\n|\n|upkeep\n|turn|24\n|\n|t:|1782911590\n|-terastallize|p1a: Meowstic|Electric\n|move|p1a: Meowstic|Thunderbolt|p2a: Mandibuzz\n|-supereffective|p2a: Mandibuzz\n|-damage|p2a: Mandibuzz|0 fnt\n|faint|p2a: Mandibuzz\n|-damage|p1a: Meowstic|143/277|[from] item: Life Orb\n|\n|upkeep\n|\n|t:|1782911594\n|switch|p2a: Sandaconda|Sandaconda, L84, M|258/258\n|turn|25\n|\n|t:|1782911599\n|move|p1a: Meowstic|Psyshock|p2a: Sandaconda\n|-damage|p2a: Sandaconda|90/258\n|-damage|p1a: Meowstic|116/277|[from] item: Life Orb\n|move|p2a: Sandaconda|Scale Shot|p1a: Meowstic\n|-damage|p1a: Meowstic|95/277\n|-damage|p1a: Meowstic|75/277\n|-damage|p1a: Meowstic|53/277\n|-damage|p1a: Meowstic|33/277\n|-damage|p1a: Meowstic|13/277\n|-hitcount|p1a: Meowstic|5\n|-unboost|p2a: Sandaconda|def|1\n|-boost|p2a: Sandaconda|spe|1\n|\n|upkeep\n|turn|26\n|\n|t:|1782911604\n|move|p2a: Sandaconda|Earthquake|p1a: Meowstic\n|-supereffective|p1a: Meowstic\n|-damage|p1a: Meowstic|0 fnt\n|faint|p1a: Meowstic\n|\n|upkeep\n|\n|t:|1782911607\n|switch|p1a: Suicune|Suicune, L82|298/298\n|-ability|p1a: Suicune|Pressure\n|turn|27\n|\n|t:|1782911613\n|move|p2a: Sandaconda|Earthquake|p1a: Suicune\n|-damage|p1a: Suicune|199/298\n|move|p1a: Suicune|Scald|p2a: Sandaconda\n|-supereffective|p2a: Sandaconda\n|-damage|p2a: Sandaconda|0 fnt\n|faint|p2a: Sandaconda\n|\n|-heal|p1a: Suicune|217/298|[from] item: Leftovers\n|upkeep\n|\n|t:|1782911615\n|switch|p2a: Zapdos|Zapdos, L78|11/268\n|turn|28\n|\n|t:|1782911622\n|switch|p1a: Umbreon|Umbreon, L84, M|217/297 par\n|move|p2a: Zapdos|Roost|p2a: Zapdos\n|-heal|p2a: Zapdos|145/268\n|-singleturn|p2a: Zapdos|move: Roost\n|\n|-heal|p1a: Umbreon|235/297 par|[from] item: Leftovers\n|upkeep\n|turn|29\n|\n|t:|1782911632\n|move|p2a: Zapdos|U-turn|p1a: Umbreon\n|-supereffective|p1a: Umbreon\n|-crit|p1a: Umbreon\n|-damage|p1a: Umbreon|127/297 par\n|\n|t:|1782911633\n|switch|p2a: Mewtwo|Mewtwo, L72|272/272|[from] U-turn\n|-ability|p2a: Mewtwo|Pressure\n|move|p1a: Umbreon|Wish|p1a: Umbreon\n|\n|-heal|p1a: Umbreon|145/297 par|[from] item: Leftovers\n|upkeep\n|turn|30\n|\n|t:|1782911637\n|move|p2a: Mewtwo|Nasty Plot|p2a: Mewtwo\n|-boost|p2a: Mewtwo|spa|2\n|move|p1a: Umbreon|Foul Play|p2a: Mewtwo\n|-supereffective|p2a: Mewtwo\n|-damage|p2a: Mewtwo|90/272\n|\n|-heal|p1a: Umbreon|293/297 par|[from] move: Wish|[wisher] Umbreon\n|-heal|p1a: Umbreon|297/297 par|[from] item: Leftovers\n|upkeep\n|turn|31\n|\n|t:|1782911643\n|move|p2a: Mewtwo|Aura Sphere|p1a: Umbreon\n|-supereffective|p1a: Umbreon\n|-damage|p1a: Umbreon|73/297 par\n|-damage|p2a: Mewtwo|63/272|[from] item: Life Orb\n|move|p1a: Umbreon|Foul Play|p2a: Mewtwo\n|-supereffective|p2a: Mewtwo\n|-damage|p2a: Mewtwo|0 fnt\n|faint|p2a: Mewtwo\n|\n|-heal|p1a: Umbreon|91/297 par|[from] item: Leftovers\n|upkeep\n|\n|t:|1782911649\n|switch|p2a: Zapdos|Zapdos, L78|145/268\n|turn|32\n|\n|t:|1782911652\n|move|p2a: Zapdos|U-turn|p1a: Umbreon\n|-supereffective|p1a: Umbreon\n|-damage|p1a: Umbreon|21/297 par\n|\n|t:|1782911654\n|switch|p2a: Espathra|Espathra, L80, F|283/283|[from] U-turn\n|move|p1a: Umbreon|Wish|p1a: Umbreon\n|\n|-heal|p1a: Umbreon|39/297 par|[from] item: Leftovers\n|upkeep\n|turn|33\n|\n|t:|1782911661\n|move|p1a: Umbreon|Protect|p1a: Umbreon\n|-singleturn|p1a: Umbreon|Protect\n|move|p2a: Espathra|U-turn|p1a: Umbreon\n|-activate|p1a: Umbreon|move: Protect\n|\n|-heal|p1a: Umbreon|187/297 par|[from] move: Wish|[wisher] Umbreon\n|-heal|p1a: Umbreon|205/297 par|[from] item: Leftovers\n|-ability|p2a: Espathra|Speed Boost|boost\n|-boost|p2a: Espathra|spe|1\n|upkeep\n|turn|34\n|\n|t:|1782911664\n|move|p2a: Espathra|U-turn|p1a: Umbreon\n|-supereffective|p1a: Umbreon\n|-damage|p1a: Umbreon|153/297 par\n|\n|t:|1782911666\n|switch|p2a: Zapdos|Zapdos, L78|145/268|[from] U-turn\n|cant|p1a: Umbreon|par\n|\n|-heal|p1a: Umbreon|171/297 par|[from] item: Leftovers\n|upkeep\n|turn|35\n|\n|t:|1782911679\n|-terastallize|p2a: Zapdos|Steel\n|move|p2a: Zapdos|Hurricane|p1a: Umbreon\n|-damage|p1a: Umbreon|86/297 par\n|-start|p1a: Umbreon|confusion\n|-activate|p1a: Umbreon|confusion\n|-damage|p1a: Umbreon|74/297 par|[from] confusion\n|\n|-heal|p1a: Umbreon|92/297 par|[from] item: Leftovers\n|upkeep\n|turn|36\n|\n|t:|1782911687\n|move|p2a: Zapdos|Hurricane|p1a: Umbreon\n|-damage|p1a: Umbreon|4/297 par\n|-end|p1a: Umbreon|confusion\n|move|p1a: Umbreon|Wish|p1a: Umbreon\n|\n|-heal|p1a: Umbreon|22/297 par|[from] item: Leftovers\n|upkeep\n|turn|37\n|\n|t:|1782911693\n|cant|p1a: Umbreon|par\n|move|p2a: Zapdos|Roost|p2a: Zapdos\n|-heal|p2a: Zapdos|268/268\n|\n|-heal|p1a: Umbreon|170/297 par|[from] move: Wish|[wisher] Umbreon\n|-heal|p1a: Umbreon|188/297 par|[from] item: Leftovers\n|upkeep\n|turn|38\n|\n|t:|1782911698\n|move|p2a: Zapdos|Discharge|p1a: Umbreon\n|-damage|p1a: Umbreon|122/297 par\n|move|p1a: Umbreon|Wish|p1a: Umbreon\n|\n|-heal|p1a: Umbreon|140/297 par|[from] item: Leftovers\n|upkeep\n|turn|39\n|\n|t:|1782911702\n|move|p1a: Umbreon|Protect|p1a: Umbreon\n|-singleturn|p1a: Umbreon|Protect\n|move|p2a: Zapdos|Discharge|p1a: Umbreon\n|-activate|p1a: Umbreon|move: Protect\n|\n|-heal|p1a: Umbreon|288/297 par|[from] move: Wish|[wisher] Umbreon\n|-heal|p1a: Umbreon|297/297 par|[from] item: Leftovers\n|upkeep\n|turn|40\n|\n|t:|1782911705\n|move|p2a: Zapdos|Discharge|p1a: Umbreon\n|-damage|p1a: Umbreon|230/297 par\n|move|p1a: Umbreon|Wish|p1a: Umbreon\n|\n|-heal|p1a: Umbreon|248/297 par|[from] item: Leftovers\n|upkeep\n|turn|41\n|\n|t:|1782911709\n|move|p2a: Zapdos|Discharge|p1a: Umbreon\n|-crit|p1a: Umbreon\n|-damage|p1a: Umbreon|140/297 par\n|move|p1a: Umbreon|Foul Play|p2a: Zapdos\n|-damage|p2a: Zapdos|172/268\n|\n|-heal|p1a: Umbreon|288/297 par|[from] move: Wish|[wisher] Umbreon\n|-heal|p1a: Umbreon|297/297 par|[from] item: Leftovers\n|upkeep\n|turn|42\n|\n|t:|1782911718\n|move|p2a: Zapdos|Discharge|p1a: Umbreon\n|-damage|p1a: Umbreon|231/297 par\n|cant|p1a: Umbreon|par\n|\n|-heal|p1a: Umbreon|249/297 par|[from] item: Leftovers\n|upkeep\n|turn|43\n|\n|t:|1782911723\n|move|p2a: Zapdos|Discharge|p1a: Umbreon\n|-damage|p1a: Umbreon|183/297 par\n|move|p1a: Umbreon|Wish|p1a: Umbreon\n|\n|-heal|p1a: Umbreon|201/297 par|[from] item: Leftovers\n|upkeep\n|turn|44\n|\n|t:|1782911736\n|move|p2a: Zapdos|Hurricane|p1a: Umbreon\n|-damage|p1a: Umbreon|111/297 par\n|cant|p1a: Umbreon|par\n|\n|-heal|p1a: Umbreon|259/297 par|[from] move: Wish|[wisher] Umbreon\n|-heal|p1a: Umbreon|277/297 par|[from] item: Leftovers\n|upkeep\n|turn|45\n|\n|t:|1782911741\n|move|p2a: Zapdos|Hurricane|p1a: Umbreon|[miss]\n|-miss|p2a: Zapdos|p1a: Umbreon\n|move|p1a: Umbreon|Foul Play|p2a: Zapdos\n|-damage|p2a: Zapdos|82/268\n|\n|-heal|p1a: Umbreon|295/297 par|[from] item: Leftovers\n|upkeep\n|turn|46\n|\n|t:|1782911745\n|move|p2a: Zapdos|Roost|p2a: Zapdos\n|-heal|p2a: Zapdos|216/268\n|move|p1a: Umbreon|Foul Play|p2a: Zapdos\n|-damage|p2a: Zapdos|117/268\n|\n|-heal|p1a: Umbreon|297/297 par|[from] item: Leftovers\n|upkeep\n|turn|47\n|\n|t:|1782911752\n|move|p2a: Zapdos|Roost|p2a: Zapdos\n|-heal|p2a: Zapdos|251/268\n|move|p1a: Umbreon|Foul Play|p2a: Zapdos\n|-damage|p2a: Zapdos|151/268\n|\n|upkeep\n|turn|48\n|\n|t:|1782911760\n|move|p2a: Zapdos|U-turn|p1a: Umbreon\n|-supereffective|p1a: Umbreon\n|-damage|p1a: Umbreon|223/297 par\n|\n|t:|1782911761\n|switch|p2a: Espathra|Espathra, L80, F|283/283|[from] U-turn\n|move|p1a: Umbreon|Foul Play|p2a: Espathra\n|-supereffective|p2a: Espathra\n|-damage|p2a: Espathra|113/283\n|\n|-heal|p1a: Umbreon|241/297 par|[from] item: Leftovers\n|upkeep\n|turn|49\n|\n|t:|1782911768\n|move|p2a: Espathra|Dazzling Gleam|p1a: Umbreon\n|-supereffective|p1a: Umbreon\n|-damage|p1a: Umbreon|121/297 par\n|move|p1a: Umbreon|Wish|p1a: Umbreon\n|\n|-heal|p1a: Umbreon|139/297 par|[from] item: Leftovers\n|-ability|p2a: Espathra|Speed Boost|boost\n|-boost|p2a: Espathra|spe|1\n|upkeep\n|turn|50\n|\n|t:|1782911773\n|move|p2a: Espathra|Dazzling Gleam|p1a: Umbreon\n|-supereffective|p1a: Umbreon\n|-damage|p1a: Umbreon|27/297 par\n|move|p1a: Umbreon|Foul Play|p2a: Espathra\n|-supereffective|p2a: Espathra\n|-damage|p2a: Espathra|0 fnt\n|faint|p2a: Espathra\n|\n|-heal|p1a: Umbreon|175/297 par|[from] move: Wish|[wisher] Umbreon\n|-heal|p1a: Umbreon|193/297 par|[from] item: Leftovers\n|upkeep\n|\n|t:|1782911778\n|switch|p2a: Zapdos|Zapdos, L78, tera:Steel|151/268\n|turn|51\n|\n|t:|1782911785\n|move|p2a: Zapdos|Hurricane|p1a: Umbreon\n|-damage|p1a: Umbreon|100/297 par\n|move|p1a: Umbreon|Wish|p1a: Umbreon\n|\n|-heal|p1a: Umbreon|118/297 par|[from] item: Leftovers\n|upkeep\n|turn|52\n|\n|t:|1782911791\n|move|p1a: Umbreon|Protect|p1a: Umbreon\n|-singleturn|p1a: Umbreon|Protect\n|move|p2a: Zapdos|U-turn|p1a: Umbreon\n|-activate|p1a: Umbreon|move: Protect\n|\n|-heal|p1a: Umbreon|266/297 par|[from] move: Wish|[wisher] Umbreon\n|-heal|p1a: Umbreon|284/297 par|[from] item: Leftovers\n|upkeep\n|turn|53\n|\n|t:|1782911792\n|move|p2a: Zapdos|U-turn|p1a: Umbreon\n|-supereffective|p1a: Umbreon\n|-damage|p1a: Umbreon|214/297 par\n|move|p1a: Umbreon|Foul Play|p2a: Zapdos\n|-damage|p2a: Zapdos|49/268\n|\n|-heal|p1a: Umbreon|232/297 par|[from] item: Leftovers\n|upkeep\n|turn|54\n|\n|t:|1782911795\n|move|p2a: Zapdos|Roost|p2a: Zapdos\n|-heal|p2a: Zapdos|183/268\n|move|p1a: Umbreon|Foul Play|p2a: Zapdos\n|-damage|p2a: Zapdos|86/268\n|\n|-heal|p1a: Umbreon|250/297 par|[from] item: Leftovers\n|upkeep\n|turn|55\n|\n|t:|1782911798\n|move|p2a: Zapdos|U-turn|p1a: Umbreon\n|-supereffective|p1a: Umbreon\n|-damage|p1a: Umbreon|178/297 par\n|move|p1a: Umbreon|Foul Play|p2a: Zapdos\n|-damage|p2a: Zapdos|0 fnt\n|faint|p2a: Zapdos\n|\n|win|jnpr010334\n|raw|jnpr010334's rating: 1837 &rarr; <strong>1855</strong><br />(+18 for winning)\n|raw|shadowgone's rating: 1799 &rarr; <strong>1781</strong><br />(-18 for losing)\n", "inputlog": ">version f8ac14003a5f27e1bdc8d8c59608a773c1cb96e5\n>start {\"formatid\":\"gen9randombattle\",\"seed\":\"sodium,bdd614f5b5a23cc44d247806e99bddab\",\"rated\":\"Rated battle\"}\n>player p1 {\"name\":\"jnpr010334\",\"avatar\":\"265\",\"rating\":1880,\"seed\":\"sodium,bf07c2bb01cbc58098ec435f0c39dc42\"}\n>player p2 {\"name\":\"shadowgone\",\"avatar\":\"169\",\"rating\":1799,\"seed\":\"sodium,cc1a5f25586574599c84b82cbf1d9663\"}\n>p1 switch 6\n>p2 move hurricane\n>p1 move knockoff\n>p2 move hurricane\n>p1 switch 2\n>p1 move dracometeor\n>p2 move roost\n>p1 move dracometeor\n>p2 move hurricane\n>p1 move dracometeor\n>p2 move roost\n>p1 switch 5\n>p2 move discharge\n>p1 move toxic\n>p2 move uturn\n>p2 switch 3\n>p1 move foulplay\n>p2 move encore\n>p1 switch 5\n>p2 move sludgebomb\n>p1 move thunderwave\n>p2 move knockoff\n>p1 switch 6\n>p1 move swordsdance\n>p2 move icebeam\n>p1 move roost\n>p2 move icebeam\n>p1 move roost\n>p2 move encore\n>p1 move roost\n>p2 move sludgebomb\n>p1 move roost\n>p2 move sludgebomb\n>p1 move roost\n>p2 move sludgebomb\n>p1 move roost\n>p2 move sludgebomb\n>p1 move roost\n>p2 move sludgebomb\n>p1 move roost\n>p2 move sludgebomb\n>p1 move bravebird\n>p2 move sludgebomb\n>p2 switch 3\n>p1 move closecombat\n>p2 move discharge\n>p1 switch 4\n>p1 move nastyplot\n>p2 move roost\n>p1 move psyshock\n>p2 move uturn\n>p2 switch 2\n>p1 move thunderbolt terastallize\n>p2 move bravebird\n>p2 switch 5\n>p1 move psyshock\n>p2 move scaleshot\n>p1 move alluringvoice\n>p2 move earthquake\n>p1 switch 3\n>p1 move scald\n>p2 move earthquake\n>p2 switch 2\n>p1 switch 5\n>p2 move roost\n>p1 move wish\n>p2 move uturn\n>p2 switch 6\n>p1 move foulplay\n>p2 move nastyplot\n>p1 move foulplay\n>p2 move aurasphere\n>p2 switch 6\n>p1 move wish\n>p2 move uturn\n>p2 switch 4\n>p1 move protect\n>p2 move uturn\n>p1 move wish\n>p2 move uturn\n>p2 switch 4\n>p1 move wish\n>p2 move hurricane terastallize\n>p1 move wish\n>p2 move hurricane\n>p1 move protect\n>p2 move roost\n>p1 move wish\n>p2 move discharge\n>p1 move protect\n>p2 move discharge\n>p1 move wish\n>p2 move discharge\n>p1 move foulplay\n>p2 move discharge\n>p1 move foulplay\n>p2 move discharge\n>p1 move wish\n>p2 move discharge\n>p1 move foulplay\n>p2 move hurricane\n>p1 move foulplay\n>p2 move hurricane\n>p1 move foulplay\n>p2 move roost\n>p1 move foulplay\n>p2 move roost\n>p1 move foulplay\n>p2 move uturn\n>p2 switch 4\n>p1 move wish\n>p2 move dazzlinggleam\n>p1 move foulplay\n>p2 move dazzlinggleam\n>p2 switch 4\n>p1 move wish\n>p2 move hurricane\n>p1 move protect\n>p2 move uturn\n>p1 move foulplay\n>p2 move uturn\n>p1 move foulplay\n>p2 move roost\n>p1 move foulplay\n>p2 move uturn", "uploadtime": 1782911799, "views": 6, "formatid": "gen9randombattle", "rating": 1781, "private": 0, "password": null, "player_dets": [{"name": "jnpr010334", "avatar": "265", "rating": 1880, "seed": "sodium,bf07c2bb01cbc58098ec435f0c39dc42"}, {"name": "shadowgone", "avatar": "169", "rating": 1799, "seed": "sodium,cc1a5f25586574599c84b82cbf1d9663"}], "teams_full": [{"Flamigo": {"name": "Flamigo", "species": "Flamigo", "speciesId": "flamigo", "gender": "M", "shiny": false, "level": 82, "moves": ["swordsdance", "bravebird", "roost", "closecombat"], "ability": "Scrappy", "evs": {"hp": 85, "atk": 85, "def": 85, "spa": 85, "spd": 85, "spe": 85}, "ivs": {"hp": 31, "atk": 31, "def": 31, "spa": 31, "spd": 31, "spe": 31}, "item": "Life Orb", "teraType": "Steel", "role": "Setup Sweeper", "bvs": {"hp": 82, "atk": 115, "def": 74, "spa": 75, "spd": 64, "spe": 90}, "stats": {"hp": 269, "atk": 236, "def": 169, "spa": 170, "spd": 152, "spe": 195}, "types": ["Flying", "Fighting"]}, "Palkia": {"name": "Palkia", "species": "Palkia-Origin", "speciesId": "palkiaorigin", "gender": "N", "shiny": false, "level": 72, "moves": ["thunderwave", "dracometeor", "fireblast", "hydropump"], "ability": "Pressure", "evs": {"hp": 85, "atk": 0, "def": 85, "spa": 85, "spd": 85, "spe": 85}, "ivs": {"hp": 31, "atk": 0, "def": 31, "spa": 31, "spd": 31, "spe": 31}, "item": "Lustrous Globe", "teraType": "Water", "role": "Bulky Attacker", "bvs": {"hp": 90, "atk": 100, "def": 100, "spa": 150, "spd": 120, "spe": 120}, "stats": {"hp": 249, "atk": 149, "def": 186, "spa": 258, "spd": 215, "spe": 215}, "types": ["Water", "Dragon"]}, "Suicune": {"name": "Suicune", "species": "Suicune", "speciesId": "suicune", "gender": "N", "shiny": false, "level": 82, "moves": ["calmmind", "rest", "sleeptalk", "scald"], "ability": "Pressure", "evs": {"hp": 85, "atk": 0, "def": 85, "spa": 85, "spd": 85, "spe": 85}, "ivs": {"hp": 31, "atk": 0, "def": 31, "spa": 31, "spd": 31, "spe": 31}, "item": "Leftovers", "teraType": "Steel", "role": "Bulky Attacker", "bvs": {"hp": 100, "atk": 75, "def": 115, "spa": 90, "spd": 115, "spe": 85}, "stats": {"hp": 298, "atk": 127, "def": 236, "spa": 195, "spd": 236, "spe": 187}, "types": ["Water"]}, "Meowstic": {"name": "Meowstic", "species": "Meowstic-F", "speciesId": "meowsticf", "gender": "F", "shiny": false, "level": 89, "moves": ["thunderbolt", "psyshock", "nastyplot", "alluringvoice"], "ability": "Competitive", "evs": {"hp": 85, "atk": 0, "def": 85, "spa": 85, "spd": 85, "spe": 85}, "ivs": {"hp": 31, "atk": 0, "def": 31, "spa": 31, "spd": 31, "spe": 31}, "item": "Life Orb", "teraType": "Electric", "role": "Setup Sweeper", "bvs": {"hp": 74, "atk": 48, "def": 76, "spa": 83, "spd": 81, "spe": 104}, "stats": {"hp": 277, "atk": 90, "def": 186, "spa": 199, "spd": 195, "spe": 236}, "types": ["Psychic"]}, "Umbreon": {"name": "Umbreon", "species": "Umbreon", "speciesId": "umbreon", "gender": "M", "shiny": false, "level": 84, "moves": ["toxic", "foulplay", "protect", "wish"], "ability": "Synchronize", "evs": {"hp": 85, "atk": 0, "def": 85, "spa": 85, "spd": 85, "spe": 85}, "ivs": {"hp": 31, "atk": 0, "def": 31, "spa": 31, "spd": 31, "spe": 31}, "item": "Leftovers", "teraType": "Poison", "role": "Bulky Support", "bvs": {"hp": 95, "atk": 65, "def": 110, "spa": 60, "spd": 130, "spe": 65}, "stats": {"hp": 297, "atk": 114, "def": 233, "spa": 149, "spd": 267, "spe": 157}, "types": ["Dark"]}, "Azelf": {"name": "Azelf", "species": "Azelf", "speciesId": "azelf", "gender": "N", "shiny": false, "level": 82, "moves": ["encore", "psychic", "fireblast", "knockoff"], "ability": "Levitate", "evs": {"hp": 85, "atk": 85, "def": 85, "spa": 85, "spd": 85, "spe": 85}, "ivs": {"hp": 31, "atk": 31, "def": 31, "spa": 31, "spd": 31, "spe": 31}, "item": "Life Orb", "teraType": "Fire", "role": "Fast Support", "bvs": {"hp": 75, "atk": 125, "def": 70, "spa": 125, "spd": 70, "spe": 115}, "stats": {"hp": 257, "atk": 252, "def": 162, "spa": 252, "spd": 162, "spe": 236}, "types": ["Psychic"]}}, {"Zapdos": {"name": "Zapdos", "species": "Zapdos", "speciesId": "zapdos", "gender": "N", "shiny": false, "level": 78, "moves": ["roost", "discharge", "hurricane", "uturn"], "ability": "Static", "evs": {"hp": 85, "atk": 85, "def": 85, "spa": 85, "spd": 85, "spe": 85}, "ivs": {"hp": 31, "atk": 31, "def": 31, "spa": 31, "spd": 31, "spe": 31}, "item": "Heavy-Duty Boots", "teraType": "Steel", "role": "Bulky Attacker", "bvs": {"hp": 90, "atk": 90, "def": 85, "spa": 125, "spd": 90, "spe": 100}, "stats": {"hp": 268, "atk": 185, "def": 178, "spa": 240, "spd": 185, "spe": 201}, "types": ["Electric", "Flying"]}, "Mandibuzz": {"name": "Mandibuzz", "species": "Mandibuzz", "speciesId": "mandibuzz", "gender": "F", "shiny": false, "level": 85, "moves": ["defog", "bravebird", "roost", "knockoff"], "ability": "Overcoat", "evs": {"hp": 85, "atk": 85, "def": 85, "spa": 85, "spd": 85, "spe": 85}, "ivs": {"hp": 31, "atk": 31, "def": 31, "spa": 31, "spd": 31, "spe": 31}, "item": "Heavy-Duty Boots", "teraType": "Steel", "role": "Bulky Attacker", "bvs": {"hp": 110, "atk": 65, "def": 105, "spa": 55, "spd": 95, "spe": 80}, "stats": {"hp": 326, "atk": 159, "def": 227, "spa": 142, "spd": 210, "spe": 185}, "types": ["Dark", "Flying"]}, "Swalot": {"name": "Swalot", "species": "Swalot", "speciesId": "swalot", "gender": "M", "shiny": false, "level": 90, "moves": ["icebeam", "knockoff", "encore", "sludgebomb"], "ability": "Liquid Ooze", "evs": {"hp": 85, "atk": 85, "def": 85, "spa": 85, "spd": 85, "spe": 85}, "ivs": {"hp": 31, "atk": 31, "def": 31, "spa": 31, "spd": 31, "spe": 31}, "item": "Leftovers", "teraType": "Dark", "role": "Bulky Attacker", "bvs": {"hp": 100, "atk": 73, "def": 83, "spa": 73, "spd": 83, "spe": 55}, "stats": {"hp": 326, "atk": 183, "def": 201, "spa": 183, "spd": 201, "spe": 150}, "types": ["Poison"]}, "Espathra": {"name": "Espathra", "species": "Espathra", "speciesId": "espathra", "gender": "F", "shiny": false, "level": 80, "moves": ["luminacrash", "dazzlinggleam", "shadowball", "uturn"], "ability": "Speed Boost", "evs": {"hp": 85, "atk": 85, "def": 85, "spa": 85, "spd": 85, "spe": 85}, "ivs": {"hp": 31, "atk": 31, "def": 31, "spa": 31, "spd": 31, "spe": 31}, "item": "Choice Specs", "teraType": "Psychic", "role": "Wallbreaker", "bvs": {"hp": 95, "atk": 60, "def": 60, "spa": 101, "spd": 60, "spe": 105}, "stats": {"hp": 283, "atk": 142, "def": 142, "spa": 208, "spd": 142, "spe": 214}, "types": ["Psychic"]}, "Sandaconda": {"name": "Sandaconda", "species": "Sandaconda", "speciesId": "sandaconda", "gender": "M", "shiny": false, "level": 84, "moves": ["coil", "earthquake", "rockblast", "scaleshot"], "ability": "Shed Skin", "evs": {"hp": 85, "atk": 85, "def": 85, "spa": 85, "spd": 85, "spe": 85}, "ivs": {"hp": 31, "atk": 31, "def": 31, "spa": 31, "spd": 31, "spe": 31}, "item": "Loaded Dice", "teraType": "Dragon", "role": "Fast Bulky Setup", "bvs": {"hp": 72, "atk": 107, "def": 125, "spa": 65, "spd": 70, "spe": 71}, "stats": {"hp": 258, "atk": 228, "def": 258, "spa": 157, "spd": 166, "spe": 167}, "types": ["Ground"]}, "Mewtwo": {"name": "Mewtwo", "species": "Mewtwo", "speciesId": "mewtwo", "gender": "N", "shiny": false, "level": 72, "moves": ["aurasphere", "fireblast", "psystrike", "nastyplot"], "ability": "Pressure", "evs": {"hp": 85, "atk": 0, "def": 85, "spa": 85, "spd": 85, "spe": 85}, "ivs": {"hp": 31, "atk": 0, "def": 31, "spa": 31, "spd": 31, "spe": 31}, "item": "Life Orb", "teraType": "Fighting", "role": "Setup Sweeper", "bvs": {"hp": 106, "atk": 110, "def": 90, "spa": 154, "spd": 90, "spe": 130}, "stats": {"hp": 272, "atk": 163, "def": 172, "spa": 264, "spd": 172, "spe": 229}, "types": ["Psychic"]}}]}