{"id": "gen9randombattle-2642033036", "format": "[Gen 9] Random Battle", "players": ["EggMasterRace", "1024zou"], "log": "|j|\u2606EggMasterRace\n|j|\u203d1024zou\n|t:|1782876485\n|gametype|singles\n|player|p1|EggMasterRace|lady-gen4|1247\n|player|p2|1024zou|rocketgrunt|1229\n|gen|9\n|tier|[Gen 9] Random Battle\n|rated|\n|rule|Species Clause: Limit one of each Pok\u00e9mon\n|rule|HP Percentage Mod: HP is shown in percentages\n|rule|Sleep Clause Mod: Limit one foe put to sleep\n|rule|Illusion Level Mod: Illusion disguises the Pok\u00e9mon's true level\n|\n|t:|1782876485\n|teamsize|p1|6\n|teamsize|p2|6\n|start\n|switch|p1a: Rotom|Rotom-Mow, L87|229/229\n|switch|p2a: Cresselia|Cresselia, L80, F|323/323\n|turn|1\n|inactive|Battle timer is ON: inactive players will automatically lose when time's up. (requested by 1024zou)\n|\n|t:|1782876507\n|move|p1a: Rotom|Trick|p2a: Cresselia\n|-activate|p1a: Rotom|move: Trick|[of] p2a: Cresselia\n|-item|p2a: Cresselia|Choice Scarf|[from] move: Trick\n|-item|p1a: Rotom|Leftovers|[from] move: Trick\n|move|p2a: Cresselia|Calm Mind|p2a: Cresselia\n|-boost|p2a: Cresselia|spa|1\n|-boost|p2a: Cresselia|spd|1\n|\n|upkeep\n|turn|2\n|\n|t:|1782876535\n|switch|p2a: Scream Tail|Scream Tail, L84|330/330\n|move|p1a: Rotom|Volt Switch|p2a: Scream Tail\n|-damage|p2a: Scream Tail|264/330\n|\n|t:|1782876548\n|switch|p1a: Gholdengo|Gholdengo, L77|261/261|[from] Volt Switch\n|\n|-heal|p2a: Scream Tail|284/330|[from] item: Leftovers\n|upkeep\n|turn|3\n|\n|t:|1782876556\n|move|p2a: Scream Tail|Protect|p2a: Scream Tail\n|-singleturn|p2a: Scream Tail|Protect\n|move|p1a: Gholdengo|Shadow Ball|p2a: Scream Tail\n|-activate|p2a: Scream Tail|move: Protect\n|\n|-heal|p2a: Scream Tail|304/330|[from] item: Leftovers\n|upkeep\n|turn|4\n|\n|t:|1782876568\n|-end|p2a: Scream Tail|Protosynthesis|[silent]\n|switch|p2a: Zangoose|Zangoose, L85, M|263/263\n|move|p1a: Gholdengo|Nasty Plot|p1a: Gholdengo\n|-boost|p1a: Gholdengo|spa|2\n|\n|-status|p2a: Zangoose|tox|[from] item: Toxic Orb\n|upkeep\n|turn|5\n|\n|t:|1782876582\n|switch|p1a: Conkeldurr|Conkeldurr, L80, F|299/299\n|move|p2a: Zangoose|Knock Off|p1a: Conkeldurr\n|-resisted|p1a: Conkeldurr\n|-damage|p1a: Conkeldurr|239/299\n|-enditem|p1a: Conkeldurr|Flame Orb|[from] move: Knock Off|[of] p2a: Zangoose\n|\n|-damage|p2a: Zangoose|247/263 tox|[from] psn\n|upkeep\n|turn|6\n|\n|t:|1782876593\n|move|p2a: Zangoose|Facade|p1a: Conkeldurr\n|-damage|p1a: Conkeldurr|0 fnt\n|faint|p1a: Conkeldurr\n|\n|-damage|p2a: Zangoose|215/263 tox|[from] psn\n|upkeep\n|\n|t:|1782876604\n|switch|p1a: Gengar|Gengar, L81, F|230/230\n|turn|7\n|\n|t:|1782876608\n|move|p1a: Gengar|Sludge Wave|p2a: Zangoose\n|-damage|p2a: Zangoose|8/263 tox\n|-damage|p1a: Gengar|207/230|[from] item: Life Orb\n|move|p2a: Zangoose|Knock Off|p1a: Gengar\n|-supereffective|p1a: Gengar\n|-damage|p1a: Gengar|0 fnt\n|-enditem|p1a: Gengar|Life Orb|[from] move: Knock Off|[of] p2a: Zangoose\n|faint|p1a: Gengar\n|\n|-damage|p2a: Zangoose|0 fnt|[from] psn\n|faint|p2a: Zangoose\n|upkeep\n|\n|t:|1782876624\n|switch|p1a: Rotom|Rotom-Mow, L87|229/229\n|switch|p2a: Cresselia|Cresselia, L80, F|323/323\n|turn|8\n|\n|t:|1782876631\n|move|p2a: Cresselia|Psyshock|p1a: Rotom\n|-damage|p1a: Rotom|171/229\n|move|p1a: Rotom|Volt Switch|p2a: Cresselia\n|-damage|p2a: Cresselia|247/323\n|\n|t:|1782876636\n|switch|p1a: Gholdengo|Gholdengo, L77|261/261|[from] Volt Switch\n|\n|upkeep\n|turn|9\n|\n|t:|1782876641\n|move|p2a: Cresselia|Psyshock|p1a: Gholdengo\n|-resisted|p1a: Gholdengo\n|-damage|p1a: Gholdengo|230/261\n|move|p1a: Gholdengo|Nasty Plot|p1a: Gholdengo\n|-boost|p1a: Gholdengo|spa|2\n|\n|-heal|p1a: Gholdengo|246/261|[from] item: Leftovers\n|upkeep\n|turn|10\n|\n|t:|1782876652\n|move|p2a: Cresselia|Psyshock|p1a: Gholdengo\n|-resisted|p1a: Gholdengo\n|-damage|p1a: Gholdengo|210/261\n|move|p1a: Gholdengo|Shadow Ball|p2a: Cresselia\n|-supereffective|p2a: Cresselia\n|-damage|p2a: Cresselia|0 fnt\n|faint|p2a: Cresselia\n|\n|-heal|p1a: Gholdengo|226/261|[from] item: Leftovers\n|upkeep\n|\n|t:|1782876671\n|switch|p2a: Brambleghast|Brambleghast, L88, F|240/240\n|turn|11\n|\n|t:|1782876676\n|-terastallize|p1a: Gholdengo|Fighting\n|move|p2a: Brambleghast|Poltergeist|p1a: Gholdengo\n|-activate|p1a: Gholdengo|move: Poltergeist|Leftovers\n|-damage|p1a: Gholdengo|73/261\n|move|p1a: Gholdengo|Shadow Ball|p2a: Brambleghast\n|-supereffective|p2a: Brambleghast\n|-damage|p2a: Brambleghast|0 fnt\n|faint|p2a: Brambleghast\n|\n|-heal|p1a: Gholdengo|89/261|[from] item: Leftovers\n|upkeep\n|\n|t:|1782876692\n|switch|p2a: Scream Tail|Scream Tail, L84|304/330\n|turn|12\n|\n|t:|1782876699\n|move|p2a: Scream Tail|Play Rough|p1a: Gholdengo\n|-supereffective|p1a: Gholdengo\n|-damage|p1a: Gholdengo|0 fnt\n|faint|p1a: Gholdengo\n|\n|-heal|p2a: Scream Tail|324/330|[from] item: Leftovers\n|upkeep\n|\n|t:|1782876704\n|switch|p1a: Rotom|Rotom-Mow, L87|171/229\n|turn|13\n|\n|t:|1782876713\n|move|p2a: Scream Tail|Protect|p2a: Scream Tail\n|-singleturn|p2a: Scream Tail|Protect\n|move|p1a: Rotom|Thunderbolt|p2a: Scream Tail\n|-activate|p2a: Scream Tail|move: Protect\n|\n|-heal|p2a: Scream Tail|330/330|[from] item: Leftovers\n|-heal|p1a: Rotom|185/229|[from] item: Leftovers\n|upkeep\n|turn|14\n|\n|t:|1782876722\n|move|p2a: Scream Tail|Play Rough|p1a: Rotom\n|-damage|p1a: Rotom|124/229\n|-unboost|p1a: Rotom|atk|1\n|move|p1a: Rotom|Thunderbolt|p2a: Scream Tail\n|-damage|p2a: Scream Tail|236/330\n|\n|-heal|p2a: Scream Tail|256/330|[from] item: Leftovers\n|-heal|p1a: Rotom|138/229|[from] item: Leftovers\n|upkeep\n|turn|15\n|\n|t:|1782876735\n|move|p2a: Scream Tail|Play Rough|p1a: Rotom\n|-damage|p1a: Rotom|78/229\n|move|p1a: Rotom|Thunderbolt|p2a: Scream Tail\n|-damage|p2a: Scream Tail|172/330\n|\n|-heal|p2a: Scream Tail|192/330|[from] item: Leftovers\n|-heal|p1a: Rotom|92/229|[from] item: Leftovers\n|upkeep\n|turn|16\n|\n|t:|1782876744\n|move|p2a: Scream Tail|Play Rough|p1a: Rotom|[miss]\n|-miss|p2a: Scream Tail|p1a: Rotom\n|move|p1a: Rotom|Thunderbolt|p2a: Scream Tail\n|-damage|p2a: Scream Tail|104/330\n|\n|-heal|p2a: Scream Tail|124/330|[from] item: Leftovers\n|-heal|p1a: Rotom|106/229|[from] item: Leftovers\n|upkeep\n|turn|17\n|\n|t:|1782876754\n|move|p2a: Scream Tail|Wish|p2a: Scream Tail\n|move|p1a: Rotom|Leaf Storm|p2a: Scream Tail\n|-damage|p2a: Scream Tail|4/330\n|-unboost|p1a: Rotom|spa|2\n|\n|-heal|p2a: Scream Tail|24/330|[from] item: Leftovers\n|-heal|p1a: Rotom|120/229|[from] item: Leftovers\n|upkeep\n|turn|18\n|\n|t:|1782876763\n|switch|p1a: Palafin|Palafin, L77, M|281/281\n|move|p2a: Scream Tail|Protect||[still]\n|-fail|p2a: Scream Tail\n|\n|-heal|p2a: Scream Tail|189/330|[from] move: Wish|[wisher] Scream Tail\n|-heal|p2a: Scream Tail|209/330|[from] item: Leftovers\n|upkeep\n|turn|19\n|\n|t:|1782876773\n|detailschange|p1a: Palafin|Palafin-Hero, L77, M\n|switch|p1a: Rotom|Rotom-Mow, L87|120/229\n|move|p2a: Scream Tail|Wish|p2a: Scream Tail\n|\n|-heal|p2a: Scream Tail|229/330|[from] item: Leftovers\n|-heal|p1a: Rotom|134/229|[from] item: Leftovers\n|upkeep\n|turn|20\n|\n|t:|1782876781\n|move|p2a: Scream Tail|Play Rough|p1a: Rotom\n|-damage|p1a: Rotom|76/229\n|-unboost|p1a: Rotom|atk|1\n|move|p1a: Rotom|Thunderbolt|p2a: Scream Tail\n|-damage|p2a: Scream Tail|133/330\n|\n|-heal|p2a: Scream Tail|298/330|[from] move: Wish|[wisher] Scream Tail\n|-heal|p2a: Scream Tail|318/330|[from] item: Leftovers\n|-heal|p1a: Rotom|90/229|[from] item: Leftovers\n|upkeep\n|turn|21\n|\n|t:|1782876793\n|move|p2a: Scream Tail|Play Rough|p1a: Rotom\n|-damage|p1a: Rotom|32/229\n|move|p1a: Rotom|Thunderbolt|p2a: Scream Tail\n|-damage|p2a: Scream Tail|228/330\n|\n|-heal|p2a: Scream Tail|248/330|[from] item: Leftovers\n|-heal|p1a: Rotom|46/229|[from] item: Leftovers\n|upkeep\n|turn|22\n|\n|t:|1782876804\n|move|p2a: Scream Tail|Wish|p2a: Scream Tail\n|move|p1a: Rotom|Thunderbolt|p2a: Scream Tail\n|-damage|p2a: Scream Tail|157/330\n|\n|-heal|p2a: Scream Tail|177/330|[from] item: Leftovers\n|-heal|p1a: Rotom|60/229|[from] item: Leftovers\n|upkeep\n|turn|23\n|\n|t:|1782876812\n|switch|p1a: Reuniclus|Reuniclus, L88, M|337/337\n|move|p2a: Scream Tail|Play Rough|p1a: Reuniclus\n|-damage|p1a: Reuniclus|265/337\n|\n|-heal|p2a: Scream Tail|330/330|[from] move: Wish|[wisher] Scream Tail\n|upkeep\n|turn|24\n|\n|t:|1782876822\n|move|p2a: Scream Tail|Play Rough|p1a: Reuniclus\n|-damage|p1a: Reuniclus|193/337\n|move|p1a: Reuniclus|Calm Mind|p1a: Reuniclus\n|-boost|p1a: Reuniclus|spa|1\n|-boost|p1a: Reuniclus|spd|1\n|\n|upkeep\n|turn|25\n|\n|t:|1782876829\n|move|p2a: Scream Tail|Encore|p1a: Reuniclus\n|-start|p1a: Reuniclus|Encore\n|move|p1a: Reuniclus|Calm Mind|p1a: Reuniclus\n|-boost|p1a: Reuniclus|spa|1\n|-boost|p1a: Reuniclus|spd|1\n|\n|upkeep\n|turn|26\n|\n|t:|1782876836\n|switch|p1a: Rotom|Rotom-Mow, L87|60/229\n|move|p2a: Scream Tail|Play Rough|p1a: Rotom\n|-damage|p1a: Rotom|0 fnt\n|faint|p1a: Rotom\n|\n|upkeep\n|\n|t:|1782876837\n|switch|p1a: Reuniclus|Reuniclus, L88, M|193/337\n|turn|27\n|\n|t:|1782876846\n|move|p2a: Scream Tail|Play Rough|p1a: Reuniclus\n|-damage|p1a: Reuniclus|111/337\n|move|p1a: Reuniclus|Recover|p1a: Reuniclus\n|-heal|p1a: Reuniclus|280/337\n|\n|upkeep\n|turn|28\n|\n|t:|1782876853\n|move|p2a: Scream Tail|Encore|p1a: Reuniclus\n|-start|p1a: Reuniclus|Encore\n|move|p1a: Reuniclus|Recover|p1a: Reuniclus\n|-heal|p1a: Reuniclus|337/337\n|\n|upkeep\n|turn|29\n|\n|t:|1782876865\n|-end|p2a: Scream Tail|Protosynthesis|[silent]\n|switch|p2a: Lycanroc|Lycanroc-Dusk, L81, M|254/254\n|switch|p1a: Palafin|Palafin-Hero, L77, M|281/281\n|-activate|p1a: Palafin|ability: Zero to Hero\n|\n|upkeep\n|turn|30\n|\n|t:|1782876875\n|-terastallize|p2a: Lycanroc|Fighting\n|move|p1a: Palafin|Jet Punch|p2a: Lycanroc\n|-crit|p2a: Lycanroc\n|-damage|p2a: Lycanroc|16/254\n|move|p2a: Lycanroc|Swords Dance|p2a: Lycanroc\n|-boost|p2a: Lycanroc|atk|2\n|\n|upkeep\n|turn|31\n|\n|t:|1782876885\n|move|p1a: Palafin|Jet Punch|p2a: Lycanroc\n|-damage|p2a: Lycanroc|0 fnt\n|faint|p2a: Lycanroc\n|\n|upkeep\n|\n|t:|1782876896\n|switch|p2a: Lapras|Lapras, L87, M|367/367\n|turn|32\n|\n|t:|1782876900\n|switch|p1a: Reuniclus|Reuniclus, L88, M|337/337\n|move|p2a: Lapras|Freeze-Dry|p1a: Reuniclus\n|-damage|p1a: Reuniclus|237/337\n|\n|upkeep\n|turn|33\n|\n|t:|1782876909\n|move|p2a: Lapras|Freeze-Dry|p1a: Reuniclus\n|-damage|p1a: Reuniclus|131/337\n|move|p1a: Reuniclus|Calm Mind|p1a: Reuniclus\n|-boost|p1a: Reuniclus|spa|1\n|-boost|p1a: Reuniclus|spd|1\n|\n|upkeep\n|turn|34\n|\n|t:|1782876917\n|switch|p2a: Scream Tail|Scream Tail, L84|330/330\n|move|p1a: Reuniclus|Recover|p1a: Reuniclus\n|-heal|p1a: Reuniclus|300/337\n|\n|upkeep\n|turn|35\n|\n|t:|1782876923\n|switch|p1a: Palafin|Palafin-Hero, L77, M|281/281\n|move|p2a: Scream Tail|Encore||[still]\n|-fail|p2a: Scream Tail\n|\n|upkeep\n|turn|36\n|\n|t:|1782876932\n|switch|p1a: Reuniclus|Reuniclus, L88, M|300/337\n|move|p2a: Scream Tail|Wish|p2a: Scream Tail\n|\n|upkeep\n|turn|37\n|\n|t:|1782876947\n|move|p2a: Scream Tail|Play Rough|p1a: Reuniclus\n|-damage|p1a: Reuniclus|216/337\n|move|p1a: Reuniclus|Psyshock|p2a: Scream Tail\n|-resisted|p2a: Scream Tail\n|-damage|p2a: Scream Tail|260/330\n|\n|-heal|p2a: Scream Tail|330/330|[from] move: Wish|[wisher] Scream Tail\n|upkeep\n|turn|38\n|\n|t:|1782876957\n|move|p2a: Scream Tail|Play Rough|p1a: Reuniclus\n|-damage|p1a: Reuniclus|134/337\n|move|p1a: Reuniclus|Recover|p1a: Reuniclus\n|-heal|p1a: Reuniclus|303/337\n|\n|upkeep\n|turn|39\n|\n|t:|1782876968\n|-end|p2a: Scream Tail|Protosynthesis|[silent]\n|switch|p2a: Lapras|Lapras, L87, M|367/367\n|switch|p1a: Palafin|Palafin-Hero, L77, M|281/281\n|\n|upkeep\n|turn|40\n|\n|t:|1782876975\n|move|p1a: Palafin|Close Combat|p2a: Lapras\n|-supereffective|p2a: Lapras\n|-damage|p2a: Lapras|63/367\n|-unboost|p1a: Palafin|def|1\n|-unboost|p1a: Palafin|spd|1\n|move|p2a: Lapras|Freeze-Dry|p1a: Palafin\n|-supereffective|p1a: Palafin\n|-damage|p1a: Palafin|0 fnt\n|faint|p1a: Palafin\n|\n|upkeep\n|\n|t:|1782876978\n|switch|p1a: Reuniclus|Reuniclus, L88, M|303/337\n|turn|41\n|\n|t:|1782876992\n|switch|p2a: Scream Tail|Scream Tail, L84|330/330\n|move|p1a: Reuniclus|Psyshock|p2a: Scream Tail\n|-resisted|p2a: Scream Tail\n|-damage|p2a: Scream Tail|264/330\n|\n|-heal|p2a: Scream Tail|284/330|[from] item: Leftovers\n|upkeep\n|turn|42\n|\n|t:|1782877005\n|move|p2a: Scream Tail|Play Rough|p1a: Reuniclus\n|-damage|p1a: Reuniclus|225/337\n|move|p1a: Reuniclus|Psyshock|p2a: Scream Tail\n|-resisted|p2a: Scream Tail\n|-crit|p2a: Scream Tail\n|-damage|p2a: Scream Tail|180/330\n|\n|-heal|p2a: Scream Tail|200/330|[from] item: Leftovers\n|upkeep\n|turn|43\n|\n|t:|1782877015\n|move|p2a: Scream Tail|Protect|p2a: Scream Tail\n|-singleturn|p2a: Scream Tail|Protect\n|move|p1a: Reuniclus|Psyshock|p2a: Scream Tail\n|-activate|p2a: Scream Tail|move: Protect\n|\n|-heal|p2a: Scream Tail|220/330|[from] item: Leftovers\n|upkeep\n|turn|44\n|\n|t:|1782877024\n|move|p2a: Scream Tail|Wish|p2a: Scream Tail\n|move|p1a: Reuniclus|Psyshock|p2a: Scream Tail\n|-resisted|p2a: Scream Tail\n|-damage|p2a: Scream Tail|150/330\n|\n|-heal|p2a: Scream Tail|170/330|[from] item: Leftovers\n|upkeep\n|turn|45\n|\n|t:|1782877033\n|move|p2a: Scream Tail|Play Rough|p1a: Reuniclus\n|-damage|p1a: Reuniclus|146/337\n|move|p1a: Reuniclus|Psyshock|p2a: Scream Tail\n|-resisted|p2a: Scream Tail\n|-damage|p2a: Scream Tail|106/330\n|\n|-heal|p2a: Scream Tail|271/330|[from] move: Wish|[wisher] Scream Tail\n|-heal|p2a: Scream Tail|291/330|[from] item: Leftovers\n|upkeep\n|turn|46\n|\n|t:|1782877044\n|move|p2a: Scream Tail|Protect|p2a: Scream Tail\n|-singleturn|p2a: Scream Tail|Protect\n|move|p1a: Reuniclus|Recover|p1a: Reuniclus\n|-heal|p1a: Reuniclus|315/337\n|\n|-heal|p2a: Scream Tail|311/330|[from] item: Leftovers\n|upkeep\n|turn|47\n|\n|t:|1782877052\n|move|p2a: Scream Tail|Encore|p1a: Reuniclus\n|-start|p1a: Reuniclus|Encore\n|move|p1a: Reuniclus|Recover|p1a: Reuniclus\n|-heal|p1a: Reuniclus|337/337\n|\n|-heal|p2a: Scream Tail|330/330|[from] item: Leftovers\n|upkeep\n|turn|48\n|\n|t:|1782877060\n|move|p2a: Scream Tail|Wish|p2a: Scream Tail\n|move|p1a: Reuniclus|Recover||[still]\n|-fail|p1a: Reuniclus|heal\n|\n|upkeep\n|turn|49\n|\n|t:|1782877065\n|-end|p2a: Scream Tail|Protosynthesis|[silent]\n|switch|p2a: Lapras|Lapras, L87, M|63/367\n|move|p1a: Reuniclus|Recover||[still]\n|-fail|p1a: Reuniclus|heal\n|\n|-heal|p2a: Lapras|228/367|[from] move: Wish|[wisher] Scream Tail\n|-end|p1a: Reuniclus|Encore\n|upkeep\n|turn|50\n|\n|t:|1782877078\n|move|p2a: Lapras|Hydro Pump|p1a: Reuniclus|[miss]\n|-miss|p2a: Lapras|p1a: Reuniclus\n|move|p1a: Reuniclus|Focus Blast|p2a: Lapras\n|-supereffective|p2a: Lapras\n|-damage|p2a: Lapras|0 fnt\n|faint|p2a: Lapras\n|\n|upkeep\n|\n|t:|1782877086\n|switch|p2a: Scream Tail|Scream Tail, L84|330/330\n|turn|51\n|\n|t:|1782877092\n|move|p2a: Scream Tail|Encore|p1a: Reuniclus\n|-start|p1a: Reuniclus|Encore\n|move|p1a: Reuniclus|Focus Blast|p2a: Scream Tail\n|-resisted|p2a: Scream Tail\n|-damage|p2a: Scream Tail|299/330\n|\n|-heal|p2a: Scream Tail|319/330|[from] item: Leftovers\n|upkeep\n|turn|52\n|\n|t:|1782877103\n|move|p2a: Scream Tail|Protect|p2a: Scream Tail\n|-singleturn|p2a: Scream Tail|Protect\n|move|p1a: Reuniclus|Focus Blast|p2a: Scream Tail\n|-activate|p2a: Scream Tail|move: Protect\n|\n|-heal|p2a: Scream Tail|330/330|[from] item: Leftovers\n|upkeep\n|turn|53\n|\n|t:|1782877116\n|move|p2a: Scream Tail|Protect|p2a: Scream Tail\n|-singleturn|p2a: Scream Tail|Protect\n|move|p1a: Reuniclus|Focus Blast|p2a: Scream Tail\n|-activate|p2a: Scream Tail|move: Protect\n|\n|-end|p1a: Reuniclus|Encore\n|upkeep\n|turn|54\n|\n|t:|1782877132\n|move|p2a: Scream Tail|Encore|p1a: Reuniclus\n|-start|p1a: Reuniclus|Encore\n|move|p1a: Reuniclus|Focus Blast|p2a: Scream Tail\n|-resisted|p2a: Scream Tail\n|-damage|p2a: Scream Tail|303/330\n|\n|-heal|p2a: Scream Tail|323/330|[from] item: Leftovers\n|upkeep\n|turn|55\n|\n|t:|1782877141\n|move|p2a: Scream Tail|Wish|p2a: Scream Tail\n|move|p1a: Reuniclus|Focus Blast|p2a: Scream Tail|[miss]\n|-miss|p1a: Reuniclus|p2a: Scream Tail\n|\n|-heal|p2a: Scream Tail|330/330|[from] item: Leftovers\n|upkeep\n|turn|56\n|\n|t:|1782877152\n|move|p2a: Scream Tail|Protect|p2a: Scream Tail\n|-singleturn|p2a: Scream Tail|Protect\n|move|p1a: Reuniclus|Focus Blast|p2a: Scream Tail\n|-activate|p2a: Scream Tail|move: Protect\n|\n|-end|p1a: Reuniclus|Encore\n|upkeep\n|turn|57\n|\n|t:|1782877161\n|move|p2a: Scream Tail|Encore|p1a: Reuniclus\n|-start|p1a: Reuniclus|Encore\n|move|p1a: Reuniclus|Focus Blast|p2a: Scream Tail\n|-resisted|p2a: Scream Tail\n|-damage|p2a: Scream Tail|300/330\n|\n|-heal|p2a: Scream Tail|320/330|[from] item: Leftovers\n|-end|p1a: Reuniclus|Encore\n|upkeep\n|turn|58\n|\n|t:|1782877173\n|move|p2a: Scream Tail|Protect|p2a: Scream Tail\n|-singleturn|p2a: Scream Tail|Protect\n|move|p1a: Reuniclus|Calm Mind|p1a: Reuniclus\n|-boost|p1a: Reuniclus|spa|1\n|-boost|p1a: Reuniclus|spd|1\n|\n|-heal|p2a: Scream Tail|330/330|[from] item: Leftovers\n|upkeep\n|turn|59\n|\n|t:|1782877183\n|move|p2a: Scream Tail|Play Rough|p1a: Reuniclus\n|-damage|p1a: Reuniclus|264/337\n|move|p1a: Reuniclus|Calm Mind|p1a: Reuniclus\n|-boost|p1a: Reuniclus|spa|1\n|-boost|p1a: Reuniclus|spd|1\n|\n|upkeep\n|turn|60\n|\n|t:|1782877191\n|move|p2a: Scream Tail|Play Rough|p1a: Reuniclus\n|-damage|p1a: Reuniclus|192/337\n|move|p1a: Reuniclus|Calm Mind|p1a: Reuniclus\n|-boost|p1a: Reuniclus|spa|1\n|-boost|p1a: Reuniclus|spd|1\n|\n|upkeep\n|turn|61\n|\n|t:|1782877199\n|move|p2a: Scream Tail|Encore|p1a: Reuniclus\n|-start|p1a: Reuniclus|Encore\n|move|p1a: Reuniclus|Calm Mind|p1a: Reuniclus\n|-boost|p1a: Reuniclus|spa|1\n|-boost|p1a: Reuniclus|spd|1\n|\n|upkeep\n|turn|62\n|\n|t:|1782877207\n|move|p2a: Scream Tail|Wish|p2a: Scream Tail\n|move|p1a: Reuniclus|Calm Mind|p1a: Reuniclus\n|-boost|p1a: Reuniclus|spa|1\n|-boost|p1a: Reuniclus|spd|1\n|\n|upkeep\n|turn|63\n|-message|1024zou forfeited.\n|\n|win|EggMasterRace\n|raw|EggMasterRace's rating: 1247 &rarr; <strong>1271</strong><br />(+24 for winning)\n|raw|1024zou's rating: 1229 &rarr; <strong>1205</strong><br />(-24 for losing)\n|l|\u203d1024zou\n|player|p2|\n", "inputlog": ">version f8ac14003a5f27e1bdc8d8c59608a773c1cb96e5\n>start {\"formatid\":\"gen9randombattle\",\"seed\":\"sodium,3838083f987bf954c3da5e53b6e5ae70\",\"rated\":\"Rated battle\"}\n>player p1 {\"name\":\"EggMasterRace\",\"avatar\":\"lady-gen4\",\"rating\":1247,\"seed\":\"sodium,2ac07e5ca90ee68eac0dceddbb248fe4\"}\n>player p2 {\"name\":\"1024zou\",\"avatar\":\"rocketgrunt\",\"rating\":1229,\"seed\":\"sodium,e1d055bf8ade605f7f4204b79b667478\"}\n>p1 move trick\n>p2 move calmmind\n>p1 move voltswitch\n>p2 switch 6\n>p1 switch 2\n>p1 move shadowball\n>p2 move protect\n>p1 move nastyplot\n>p2 switch 5\n>p1 switch 6\n>p2 move knockoff\n>p1 move closecombat\n>p2 move facade\n>p1 switch 3\n>p1 move sludgewave\n>p2 move knockoff\n>p1 switch 2\n>p2 switch 6\n>p1 move voltswitch\n>p2 move psyshock\n>p1 switch 6\n>p1 move nastyplot\n>p2 move psyshock\n>p1 move shadowball\n>p2 move psyshock\n>p2 switch 3\n>p1 move shadowball terastallize\n>p2 move poltergeist\n>p2 switch 5\n>p1 move makeitrain\n>p2 move playrough\n>p1 switch 6\n>p1 move thunderbolt\n>p2 move protect\n>p1 move thunderbolt\n>p2 move playrough\n>p1 move thunderbolt\n>p2 move playrough\n>p1 move thunderbolt\n>p2 move playrough\n>p1 move leafstorm\n>p2 move wish\n>p1 switch 4\n>p2 move protect\n>p1 switch 4\n>p2 move wish\n>p1 move thunderbolt\n>p2 move playrough\n>p1 move thunderbolt\n>p2 move playrough\n>p1 move thunderbolt\n>p2 move wish\n>p1 switch 5\n>p2 move playrough\n>p1 move calmmind\n>p2 move playrough\n>p1 move recover\n>p2 move encore\n>p1 switch 5\n>p2 move playrough\n>p1 switch 5\n>p1 move recover\n>p2 move playrough\n>p1 move recover\n>p2 move encore\n>p1 switch 4\n>p2 switch 4\n>p1 move jetpunch\n>p2 move swordsdance terastallize\n>p1 move jetpunch\n>p2 move closecombat\n>p2 switch 2\n>p1 switch 4\n>p2 move freezedry\n>p1 move calmmind\n>p2 move freezedry\n>p1 move recover\n>p2 switch 4\n>p1 switch 4\n>p2 move encore\n>p1 switch 4\n>p2 move wish\n>p1 move psyshock\n>p2 move playrough\n>p1 move recover\n>p2 move playrough\n>p1 switch 4\n>p2 switch 4\n>p1 move closecombat\n>p2 move freezedry\n>p1 switch 4\n>p1 move psyshock\n>p2 switch 4\n>p1 move psyshock\n>p2 move playrough\n>p1 move psyshock\n>p2 move protect\n>p1 move psyshock\n>p2 move wish\n>p1 move psyshock\n>p2 move playrough\n>p1 move recover\n>p2 move protect\n>p1 move psyshock\n>p2 move encore\n>p1 move recover\n>p2 move wish\n>p1 move recover\n>p2 switch 4\n>p1 move focusblast\n>p2 move hydropump\n>p2 switch 4\n>p1 move calmmind\n>p2 move encore\n>p1 move focusblast\n>p2 move protect\n>p1 move focusblast\n>p2 move protect\n>p1 move calmmind\n>p2 move encore\n>p1 move focusblast\n>p2 move wish\n>p1 move focusblast\n>p2 move protect\n>p1 move calmmind\n>p2 move encore\n>p1 move calmmind\n>p2 move protect\n>p1 move calmmind\n>p2 move playrough\n>p1 move calmmind\n>p2 move playrough\n>p1 move calmmind\n>p2 move encore\n>p1 move calmmind\n>p2 move wish\n>forcelose p2", "uploadtime": 1782877224, "views": 2, "formatid": "gen9randombattle", "rating": 1205, "private": 0, "password": null, "player_dets": [{"name": "EggMasterRace", "avatar": "lady-gen4", "rating": 1247, "seed": "sodium,2ac07e5ca90ee68eac0dceddbb248fe4"}, {"name": "1024zou", "avatar": "rocketgrunt", "rating": 1229, "seed": "sodium,e1d055bf8ade605f7f4204b79b667478"}], "teams_full": [{"Rotom": {"name": "Rotom", "species": "Rotom-Mow", "speciesId": "rotommow", "gender": "N", "shiny": false, "level": 87, "moves": ["voltswitch", "leafstorm", "thunderbolt", "trick"], "ability": "Levitate", "evs": {"hp": 85, "atk": 0, "def": 85, "spa": 85, "spd": 85, "spe": 85}, "ivs": {"hp": 31, "atk": 0, "def": 31, "spa": 31, "spd": 31, "spe": 31}, "item": "Choice Scarf", "teraType": "Grass", "role": "Bulky Attacker", "bvs": {"hp": 50, "atk": 65, "def": 107, "spa": 105, "spd": 107, "spe": 86}, "stats": {"hp": 229, "atk": 118, "def": 236, "spa": 232, "spd": 236, "spe": 199}, "types": ["Electric", "Grass"]}, "Gholdengo": {"name": "Gholdengo", "species": "Gholdengo", "speciesId": "gholdengo", "gender": "N", "shiny": false, "level": 77, "moves": ["makeitrain", "nastyplot", "focusblast", "shadowball"], "ability": "Good as Gold", "evs": {"hp": 85, "atk": 0, "def": 85, "spa": 85, "spd": 85, "spe": 85}, "ivs": {"hp": 31, "atk": 0, "def": 31, "spa": 31, "spd": 31, "spe": 31}, "item": "Leftovers", "teraType": "Fighting", "role": "Bulky Attacker", "bvs": {"hp": 87, "atk": 60, "def": 95, "spa": 133, "spd": 91, "spe": 84}, "stats": {"hp": 261, "atk": 97, "def": 191, "spa": 249, "spd": 185, "spe": 174}, "types": ["Steel", "Ghost"]}, "Gengar": {"name": "Gengar", "species": "Gengar", "speciesId": "gengar", "gender": "F", "shiny": false, "level": 81, "moves": ["focusblast", "shadowball", "nastyplot", "sludgewave"], "ability": "Cursed Body", "evs": {"hp": 85, "atk": 0, "def": 85, "spa": 85, "spd": 85, "spe": 85}, "ivs": {"hp": 31, "atk": 0, "def": 31, "spa": 31, "spd": 31, "spe": 31}, "item": "Life Orb", "teraType": "Fighting", "role": "Wallbreaker", "bvs": {"hp": 60, "atk": 65, "def": 60, "spa": 130, "spd": 75, "spe": 110}, "stats": {"hp": 230, "atk": 110, "def": 144, "spa": 257, "spd": 168, "spe": 225}, "types": ["Ghost", "Poison"]}, "Palafin": {"name": "Palafin", "species": "Palafin", "speciesId": "palafin", "gender": "M", "shiny": false, "level": 77, "moves": ["flipturn", "closecombat", "jetpunch", "wavecrash"], "ability": "Zero to Hero", "evs": {"hp": 85, "atk": 85, "def": 85, "spa": 85, "spd": 85, "spe": 85}, "ivs": {"hp": 31, "atk": 31, "def": 31, "spa": 31, "spd": 31, "spe": 31}, "item": "Choice Band", "teraType": "Fighting", "role": "Wallbreaker", "bvs": {"hp": 100, "atk": 70, "def": 72, "spa": 53, "spd": 62, "spe": 100}, "stats": {"hp": 281, "atk": 152, "def": 155, "spa": 126, "spd": 140, "spe": 199}, "types": ["Water"]}, "Reuniclus": {"name": "Reuniclus", "species": "Reuniclus", "speciesId": "reuniclus", "gender": "M", "shiny": false, "level": 88, "moves": ["psyshock", "calmmind", "focusblast", "recover"], "ability": "Magic Guard", "evs": {"hp": 85, "atk": 0, "def": 85, "spa": 85, "spd": 85, "spe": 85}, "ivs": {"hp": 31, "atk": 0, "def": 31, "spa": 31, "spd": 31, "spe": 31}, "item": "Life Orb", "teraType": "Fighting", "role": "Bulky Setup", "bvs": {"hp": 110, "atk": 65, "def": 75, "spa": 125, "spd": 85, "spe": 30}, "stats": {"hp": 337, "atk": 119, "def": 182, "spa": 270, "spd": 200, "spe": 103}, "types": ["Psychic"]}, "Conkeldurr": {"name": "Conkeldurr", "species": "Conkeldurr", "speciesId": "conkeldurr", "gender": "F", "shiny": false, "level": 80, "moves": ["machpunch", "closecombat", "facade", "knockoff"], "ability": "Guts", "evs": {"hp": 85, "atk": 85, "def": 85, "spa": 85, "spd": 85, "spe": 85}, "ivs": {"hp": 31, "atk": 31, "def": 31, "spa": 31, "spd": 31, "spe": 31}, "item": "Flame Orb", "teraType": "Normal", "role": "Wallbreaker", "bvs": {"hp": 105, "atk": 140, "def": 95, "spa": 55, "spd": 65, "spe": 45}, "stats": {"hp": 299, "atk": 270, "def": 198, "spa": 134, "spd": 150, "spe": 118}, "types": ["Fighting"]}}, {"Cresselia": {"name": "Cresselia", "species": "Cresselia", "speciesId": "cresselia", "gender": "F", "shiny": false, "level": 80, "moves": ["moonlight", "thunderbolt", "psyshock", "calmmind"], "ability": "Levitate", "evs": {"hp": 85, "atk": 0, "def": 85, "spa": 85, "spd": 85, "spe": 85}, "ivs": {"hp": 31, "atk": 0, "def": 31, "spa": 31, "spd": 31, "spe": 31}, "item": "Leftovers", "teraType": "Steel", "role": "Bulky Setup", "bvs": {"hp": 120, "atk": 70, "def": 110, "spa": 75, "spd": 120, "spe": 85}, "stats": {"hp": 323, "atk": 117, "def": 222, "spa": 166, "spd": 238, "spe": 182}, "types": ["Psychic"]}, "Lapras": {"name": "Lapras", "species": "Lapras", "speciesId": "lapras", "gender": "M", "shiny": false, "level": 87, "moves": ["icebeam", "freezedry", "hydropump", "sparklingaria"], "ability": "Water Absorb", "evs": {"hp": 81, "atk": 0, "def": 85, "spa": 85, "spd": 85, "spe": 85}, "ivs": {"hp": 31, "atk": 0, "def": 31, "spa": 31, "spd": 31, "spe": 31}, "item": "Choice Specs", "teraType": "Water", "role": "Wallbreaker", "bvs": {"hp": 130, "atk": 85, "def": 80, "spa": 85, "spd": 95, "spe": 60}, "stats": {"hp": 367, "atk": 152, "def": 189, "spa": 198, "spd": 215, "spe": 154}, "types": ["Water", "Ice"]}, "Brambleghast": {"name": "Brambleghast", "species": "Brambleghast", "speciesId": "brambleghast", "gender": "F", "shiny": false, "level": 88, "moves": ["powerwhip", "strengthsap", "rapidspin", "poltergeist"], "ability": "Wind Rider", "evs": {"hp": 85, "atk": 85, "def": 85, "spa": 85, "spd": 85, "spe": 85}, "ivs": {"hp": 31, "atk": 31, "def": 31, "spa": 31, "spd": 31, "spe": 31}, "item": "Heavy-Duty Boots", "teraType": "Fairy", "role": "Fast Support", "bvs": {"hp": 55, "atk": 115, "def": 70, "spa": 80, "spd": 70, "spe": 90}, "stats": {"hp": 240, "atk": 253, "def": 173, "spa": 191, "spd": 173, "spe": 209}, "types": ["Grass", "Ghost"]}, "Lycanroc": {"name": "Lycanroc", "species": "Lycanroc-Dusk", "speciesId": "lycanrocdusk", "gender": "M", "shiny": false, "level": 81, "moves": ["swordsdance", "closecombat", "stoneedge", "accelerock"], "ability": "Tough Claws", "evs": {"hp": 85, "atk": 85, "def": 85, "spa": 85, "spd": 85, "spe": 85}, "ivs": {"hp": 31, "atk": 31, "def": 31, "spa": 31, "spd": 31, "spe": 31}, "item": "Life Orb", "teraType": "Fighting", "role": "Setup Sweeper", "bvs": {"hp": 75, "atk": 117, "def": 65, "spa": 55, "spd": 65, "spe": 110}, "stats": {"hp": 254, "atk": 236, "def": 152, "spa": 136, "spd": 152, "spe": 225}, "types": ["Rock"]}, "Zangoose": {"name": "Zangoose", "species": "Zangoose", "speciesId": "zangoose", "gender": "M", "shiny": false, "level": 85, "moves": ["knockoff", "quickattack", "closecombat", "facade"], "ability": "Toxic Boost", "evs": {"hp": 85, "atk": 85, "def": 85, "spa": 85, "spd": 85, "spe": 85}, "ivs": {"hp": 31, "atk": 31, "def": 31, "spa": 31, "spd": 31, "spe": 31}, "item": "Toxic Orb", "teraType": "Normal", "role": "Fast Attacker", "bvs": {"hp": 73, "atk": 115, "def": 60, "spa": 60, "spd": 60, "spe": 90}, "stats": {"hp": 263, "atk": 244, "def": 151, "spa": 151, "spd": 151, "spe": 202}, "types": ["Normal"]}, "Scream Tail": {"name": "Scream Tail", "species": "Scream Tail", "speciesId": "screamtail", "gender": "N", "shiny": false, "level": 84, "moves": ["protect", "encore", "wish", "playrough"], "ability": "Protosynthesis", "evs": {"hp": 85, "atk": 85, "def": 85, "spa": 85, "spd": 85, "spe": 85}, "ivs": {"hp": 31, "atk": 31, "def": 31, "spa": 31, "spd": 31, "spe": 31}, "item": "Leftovers", "teraType": "Poison", "role": "Bulky Support", "bvs": {"hp": 115, "atk": 65, "def": 99, "spa": 65, "spd": 115, "spe": 111}, "stats": {"hp": 330, "atk": 157, "def": 215, "spa": 157, "spd": 241, "spe": 235}, "types": ["Fairy", "Psychic"]}}]}