{"id": "gen9randombattle-2641757664", "format": "[Gen 9] Random Battle", "players": ["lazatron", "leminator13"], "log": "|j|\u2606lazatron\n|j|\u2606leminator13\n|t:|1782838330\n|gametype|singles\n|player|p1|lazatron|170|2242\n|player|p2|leminator13|266|2266\n|gen|9\n|tier|[Gen 9] Random Battle\n|rated|\n|rule|Species Clause: Limit one of each Pok\u00e9mon\n|rule|HP Percentage Mod: HP is shown in percentages\n|rule|Sleep Clause Mod: Limit one foe put to sleep\n|rule|Illusion Level Mod: Illusion disguises the Pok\u00e9mon's true level\n|\n|t:|1782838330\n|teamsize|p1|6\n|teamsize|p2|6\n|start\n|switch|p1a: Ampharos|Ampharos, L88, M|302/302\n|switch|p2a: Rabsca|Rabsca, L91, F|284/284\n|turn|1\n|inactive|Battle timer is ON: inactive players will automatically lose when time's up. (requested by leminator13)\n|\n|t:|1782838344\n|move|p1a: Ampharos|Thunderbolt|p2a: Rabsca\n|-damage|p2a: Rabsca|190/284\n|move|p2a: Rabsca|Earth Power|p1a: Ampharos\n|-supereffective|p1a: Ampharos\n|-damage|p1a: Ampharos|198/302\n|\n|upkeep\n|turn|2\n|\n|t:|1782838350\n|switch|p2a: Deoxys|Deoxys-Defense, L84|221/221\n|-ability|p2a: Deoxys|Pressure\n|move|p1a: Ampharos|Thunderbolt|p2a: Deoxys\n|-damage|p2a: Deoxys|151/221\n|\n|upkeep\n|turn|3\n|\n|t:|1782838356\n|move|p2a: Deoxys|Spikes|p1a: Ampharos\n|-sidestart|p1: lazatron|Spikes\n|move|p1a: Ampharos|Dragon Tail|p2a: Deoxys\n|-damage|p2a: Deoxys|126/221\n|-damage|p1a: Ampharos|148/302|[from] item: Rocky Helmet|[of] p2a: Deoxys\n|drag|p2a: Weavile|Weavile, L79, M|239/239\n|\n|upkeep\n|turn|4\n|\n|t:|1782838366\n|switch|p2a: Deoxys|Deoxys-Defense, L84|126/221\n|-ability|p2a: Deoxys|Pressure\n|move|p1a: Ampharos|Thunderbolt|p2a: Deoxys\n|-damage|p2a: Deoxys|57/221\n|\n|upkeep\n|turn|5\n|\n|t:|1782838369\n|move|p2a: Deoxys|Recover|p2a: Deoxys\n|-heal|p2a: Deoxys|168/221\n|move|p1a: Ampharos|Thunderbolt|p2a: Deoxys\n|-damage|p2a: Deoxys|92/221\n|\n|upkeep\n|turn|6\n|\n|t:|1782838372\n|move|p2a: Deoxys|Spikes|p1a: Ampharos\n|-sidestart|p1: lazatron|Spikes\n|move|p1a: Ampharos|Volt Switch|p2a: Deoxys\n|-damage|p2a: Deoxys|35/221\n|\n|t:|1782838378\n|switch|p1a: Lokix|Lokix, L82, M|251/251|[from] Volt Switch\n|-damage|p1a: Lokix|210/251|[from] Spikes\n|\n|upkeep\n|turn|7\n|\n|t:|1782838389\n|switch|p2a: Copperajah|Copperajah, L86, M|349/349\n|move|p1a: Lokix|Knock Off|p2a: Copperajah\n|-damage|p2a: Copperajah|220/349\n|-enditem|p2a: Copperajah|Choice Band|[from] move: Knock Off|[of] p1a: Lokix\n|\n|upkeep\n|turn|8\n|\n|t:|1782838391\n|move|p1a: Lokix|U-turn|p2a: Copperajah\n|-resisted|p2a: Copperajah\n|-damage|p2a: Copperajah|116/349\n|\n|t:|1782838393\n|switch|p1a: Zamazenta|Zamazenta-Crowned, L68|238/238|[from] U-turn\n|-damage|p1a: Zamazenta|199/238|[from] Spikes\n|-ability|p1a: Zamazenta|Dauntless Shield|boost\n|-boost|p1a: Zamazenta|def|1\n|move|p2a: Copperajah|Heavy Slam|p1a: Zamazenta\n|-resisted|p1a: Zamazenta\n|-damage|p1a: Zamazenta|184/238\n|\n|upkeep\n|turn|9\n|\n|t:|1782838402\n|switch|p2a: Toxapex|Toxapex, L82, M|216/216\n|move|p1a: Zamazenta|Body Press|p2a: Toxapex\n|-resisted|p2a: Toxapex\n|-damage|p2a: Toxapex|180/216\n|\n|-heal|p2a: Toxapex|193/216|[from] item: Leftovers\n|upkeep\n|turn|10\n|\n|t:|1782838406\n|move|p1a: Zamazenta|Iron Defense|p1a: Zamazenta\n|-boost|p1a: Zamazenta|def|2\n|move|p2a: Toxapex|Toxic Spikes|p1a: Zamazenta\n|-sidestart|p1: lazatron|move: Toxic Spikes\n|\n|-heal|p2a: Toxapex|206/216|[from] item: Leftovers\n|upkeep\n|turn|11\n|\n|t:|1782838411\n|move|p1a: Zamazenta|Body Press|p2a: Toxapex\n|-resisted|p2a: Toxapex\n|-damage|p2a: Toxapex|145/216\n|move|p2a: Toxapex|Haze|p2a: Toxapex\n|-clearallboost\n|\n|-heal|p2a: Toxapex|158/216|[from] item: Leftovers\n|upkeep\n|turn|12\n|\n|t:|1782838419\n|switch|p1a: Tsareena|Tsareena, L87, F|267/267\n|switch|p2a: Rabsca|Rabsca, L91, F|190/284\n|\n|upkeep\n|turn|13\n|\n|t:|1782838422\n|switch|p2a: Copperajah|Copperajah, L86, M|219/219\n|move|p1a: Tsareena|U-turn|p2a: Copperajah\n|-resisted|p2a: Copperajah\n|-damage|p2a: Copperajah|177/219\n|replace|p2a: Zoroark|Zoroark-Hisui, L80, M\n|-end|p2a: Zoroark|Illusion\n|-hint|Illusion Level Mod is active, so this Pok\u00e9mon's true level was hidden.\n|\n|t:|1782838428\n|switch|p1a: Fezandipiti|Fezandipiti, L82, M|278/278|[from] U-turn\n|-damage|p1a: Fezandipiti|232/278|[from] Spikes\n|-sideend|p1: lazatron|move: Toxic Spikes|[of] p1a: Fezandipiti\n|\n|-heal|p1a: Fezandipiti|249/278|[from] item: Leftovers\n|upkeep\n|turn|14\n|\n|t:|1782838433\n|switch|p2a: Toxapex|Toxapex, L82, M|216/216\n|move|p1a: Fezandipiti|Beat Up|p2a: Toxapex\n|-damage|p2a: Toxapex|209/216\n|-damage|p2a: Toxapex|202/216\n|-damage|p2a: Toxapex|193/216\n|-crit|p2a: Toxapex\n|-damage|p2a: Toxapex|185/216\n|-crit|p2a: Toxapex\n|-damage|p2a: Toxapex|174/216\n|-crit|p2a: Toxapex\n|-damage|p2a: Toxapex|162/216\n|-hitcount|p2a: Toxapex|6\n|\n|-heal|p1a: Fezandipiti|266/278|[from] item: Leftovers\n|-heal|p2a: Toxapex|175/216|[from] item: Leftovers\n|upkeep\n|turn|15\n|\n|t:|1782838438\n|switch|p1a: Ampharos|Ampharos, L88, M|148/302\n|-damage|p1a: Ampharos|98/302|[from] Spikes\n|move|p2a: Toxapex|Liquidation|p1a: Ampharos\n|-damage|p1a: Ampharos|40/302\n|-unboost|p1a: Ampharos|def|1\n|\n|-heal|p2a: Toxapex|188/216|[from] item: Leftovers\n|upkeep\n|turn|16\n|\n|t:|1782838453\n|switch|p2a: Copperajah|Copperajah, L86, M|116/349\n|move|p1a: Ampharos|Thunderbolt|p2a: Copperajah\n|-damage|p2a: Copperajah|0 fnt\n|faint|p2a: Copperajah\n|\n|upkeep\n|\n|t:|1782838458\n|switch|p2a: Deoxys|Deoxys-Defense, L84|35/221\n|-ability|p2a: Deoxys|Pressure\n|turn|17\n|\n|t:|1782838461\n|move|p2a: Deoxys|Recover|p2a: Deoxys\n|-heal|p2a: Deoxys|146/221\n|move|p1a: Ampharos|Thunderbolt|p2a: Deoxys\n|-crit|p2a: Deoxys\n|-damage|p2a: Deoxys|41/221\n|\n|upkeep\n|turn|18\n|\n|t:|1782838467\n|move|p2a: Deoxys|Recover|p2a: Deoxys\n|-heal|p2a: Deoxys|152/221\n|move|p1a: Ampharos|Volt Switch|p2a: Deoxys\n|-damage|p2a: Deoxys|97/221\n|\n|t:|1782838468\n|switch|p1a: Lokix|Lokix, L82, M|210/251|[from] Volt Switch\n|-damage|p1a: Lokix|169/251|[from] Spikes\n|\n|upkeep\n|turn|19\n|\n|t:|1782838472\n|switch|p2a: Toxapex|Toxapex, L82, M|216/216\n|move|p1a: Lokix|U-turn|p2a: Toxapex\n|-resisted|p2a: Toxapex\n|-damage|p2a: Toxapex|154/216\n|\n|t:|1782838479\n|switch|p1a: Iron Valiant|Iron Valiant, L78|244/244|[from] U-turn\n|-damage|p1a: Iron Valiant|204/244|[from] Spikes\n|\n|-heal|p2a: Toxapex|167/216|[from] item: Leftovers\n|upkeep\n|turn|20\n|\n|t:|1782838486\n|move|p1a: Iron Valiant|Calm Mind|p1a: Iron Valiant\n|-boost|p1a: Iron Valiant|spa|1\n|-boost|p1a: Iron Valiant|spd|1\n|move|p2a: Toxapex|Liquidation|p1a: Iron Valiant\n|-damage|p1a: Iron Valiant|134/244\n|-unboost|p1a: Iron Valiant|def|1\n|\n|-heal|p2a: Toxapex|180/216|[from] item: Leftovers\n|upkeep\n|turn|21\n|\n|t:|1782838496\n|switch|p2a: Rabsca|Rabsca, L91, F|190/284\n|move|p1a: Iron Valiant|Moonblast|p2a: Rabsca\n|-damage|p2a: Rabsca|30/284\n|-damage|p1a: Iron Valiant|110/244|[from] item: Life Orb\n|\n|upkeep\n|turn|22\n|\n|t:|1782838505\n|move|p1a: Iron Valiant|Moonblast|p2a: Rabsca\n|-damage|p2a: Rabsca|0 fnt\n|faint|p2a: Rabsca\n|-damage|p1a: Iron Valiant|86/244|[from] item: Life Orb\n|\n|upkeep\n|\n|t:|1782838524\n|switch|p2a: Weavile|Weavile, L79, M|239/239\n|turn|23\n|\n|t:|1782838529\n|-end|p1a: Iron Valiant|Quark Drive|[silent]\n|switch|p1a: Zamazenta|Zamazenta-Crowned, L68|184/238\n|-damage|p1a: Zamazenta|145/238|[from] Spikes\n|move|p2a: Weavile|Ice Shard|p1a: Zamazenta\n|-resisted|p1a: Zamazenta\n|-damage|p1a: Zamazenta|119/238\n|\n|upkeep\n|turn|24\n|\n|t:|1782838540\n|switch|p2a: Toxapex|Toxapex, L82, M|216/216\n|move|p1a: Zamazenta|Body Press|p2a: Toxapex\n|-resisted|p2a: Toxapex\n|-damage|p2a: Toxapex|192/216\n|\n|-heal|p2a: Toxapex|205/216|[from] item: Leftovers\n|upkeep\n|turn|25\n|\n|t:|1782838547\n|switch|p1a: Tsareena|Tsareena, L87, F|267/267\n|move|p2a: Toxapex|Toxic Spikes|p1a: Tsareena\n|-sidestart|p1: lazatron|move: Toxic Spikes\n|\n|-heal|p2a: Toxapex|216/216|[from] item: Leftovers\n|upkeep\n|turn|26\n|\n|t:|1782838556\n|move|p1a: Tsareena|Power Whip|p2a: Toxapex\n|-damage|p2a: Toxapex|114/216\n|move|p2a: Toxapex|Liquidation|p1a: Tsareena\n|-resisted|p1a: Tsareena\n|-damage|p1a: Tsareena|240/267\n|\n|-heal|p2a: Toxapex|127/216|[from] item: Leftovers\n|upkeep\n|turn|27\n|\n|t:|1782838560\n|switch|p2a: Deoxys|Deoxys-Defense, L84|177/219\n|move|p1a: Tsareena|Power Whip|p2a: Deoxys\n|-damage|p2a: Deoxys|0 fnt\n|replace|p2a: Zoroark|Zoroark-Hisui, L80, M\n|-end|p2a: Zoroark|Illusion\n|faint|p2a: Zoroark\n|\n|upkeep\n|\n|t:|1782838563\n|switch|p2a: Weavile|Weavile, L79, M|239/239\n|turn|28\n|\n|t:|1782838569\n|switch|p1a: Ampharos|Ampharos, L88, M|40/302\n|-damage|p1a: Ampharos|0 fnt|[from] Spikes\n|faint|p1a: Ampharos\n|move|p2a: Weavile|Low Kick|p1: Ampharos|[notarget]\n|-fail|p2a: Weavile\n|\n|upkeep\n|\n|t:|1782838576\n|switch|p1a: Fezandipiti|Fezandipiti, L82, M|266/278\n|-damage|p1a: Fezandipiti|220/278|[from] Spikes\n|-sideend|p1: lazatron|move: Toxic Spikes|[of] p1a: Fezandipiti\n|turn|29\n|\n|t:|1782838581\n|switch|p2a: Toxapex|Toxapex, L82, M|199/216\n|move|p1a: Fezandipiti|Moonblast|p2a: Toxapex\n|-resisted|p2a: Toxapex\n|-damage|p2a: Toxapex|175/216\n|\n|-heal|p1a: Fezandipiti|237/278|[from] item: Leftovers\n|-heal|p2a: Toxapex|188/216|[from] item: Leftovers\n|upkeep\n|turn|30\n|\n|t:|1782838587\n|switch|p1a: Tsareena|Tsareena, L87, F|240/267\n|move|p2a: Toxapex|Toxic Spikes|p1a: Tsareena\n|-sidestart|p1: lazatron|move: Toxic Spikes\n|\n|-heal|p2a: Toxapex|201/216|[from] item: Leftovers\n|upkeep\n|turn|31\n|\n|t:|1782838594\n|switch|p2a: Deoxys|Deoxys-Defense, L84|97/221\n|-ability|p2a: Deoxys|Pressure\n|move|p1a: Tsareena|Power Whip|p2a: Deoxys\n|-damage|p2a: Deoxys|6/221\n|-damage|p1a: Tsareena|196/267|[from] item: Rocky Helmet|[of] p2a: Deoxys\n|\n|upkeep\n|turn|32\n|\n|t:|1782838601\n|move|p2a: Deoxys|Recover|p2a: Deoxys\n|-heal|p2a: Deoxys|117/221\n|move|p1a: Tsareena|Power Whip|p2a: Deoxys\n|-damage|p2a: Deoxys|21/221\n|-damage|p1a: Tsareena|152/267|[from] item: Rocky Helmet|[of] p2a: Deoxys\n|\n|upkeep\n|turn|33\n|\n|t:|1782838606\n|move|p2a: Deoxys|Recover|p2a: Deoxys\n|-heal|p2a: Deoxys|132/221\n|move|p1a: Tsareena|Synthesis|p1a: Tsareena\n|-heal|p1a: Tsareena|267/267\n|\n|upkeep\n|turn|34\n|\n|t:|1782838614\n|switch|p1a: Fezandipiti|Fezandipiti, L82, M|237/278\n|-damage|p1a: Fezandipiti|191/278|[from] Spikes\n|-sideend|p1: lazatron|move: Toxic Spikes|[of] p1a: Fezandipiti\n|move|p2a: Deoxys|Knock Off|p1a: Fezandipiti\n|-resisted|p1a: Fezandipiti\n|-damage|p1a: Fezandipiti|164/278\n|-enditem|p1a: Fezandipiti|Leftovers|[from] move: Knock Off|[of] p2a: Deoxys\n|\n|upkeep\n|turn|35\n|\n|t:|1782838621\n|move|p1a: Fezandipiti|Beat Up|p2a: Deoxys\n|-supereffective|p2a: Deoxys\n|-damage|p2a: Deoxys|120/221\n|-supereffective|p2a: Deoxys\n|-damage|p2a: Deoxys|106/221\n|-supereffective|p2a: Deoxys\n|-damage|p2a: Deoxys|92/221\n|-supereffective|p2a: Deoxys\n|-damage|p2a: Deoxys|74/221\n|-supereffective|p2a: Deoxys\n|-damage|p2a: Deoxys|58/221\n|-hitcount|p2a: Deoxys|5\n|move|p2a: Deoxys|Spikes|p1a: Fezandipiti\n|-sidestart|p1: lazatron|Spikes\n|\n|upkeep\n|turn|36\n|\n|t:|1782838628\n|switch|p2a: Toxapex|Toxapex, L82, M|216/216\n|move|p1a: Fezandipiti|Roost|p1a: Fezandipiti\n|-heal|p1a: Fezandipiti|278/278\n|-singleturn|p1a: Fezandipiti|move: Roost\n|\n|upkeep\n|turn|37\n|\n|t:|1782838635\n|switch|p1a: Tsareena|Tsareena, L87, F|267/267\n|switch|p2a: Deoxys|Deoxys-Defense, L84|58/221\n|-ability|p2a: Deoxys|Pressure\n|\n|upkeep\n|turn|38\n|\n|t:|1782838643\n|move|p2a: Deoxys|Recover|p2a: Deoxys\n|-heal|p2a: Deoxys|169/221\n|move|p1a: Tsareena|U-turn|p2a: Deoxys\n|-supereffective|p2a: Deoxys\n|-damage|p2a: Deoxys|91/221\n|-damage|p1a: Tsareena|223/267|[from] item: Rocky Helmet|[of] p2a: Deoxys\n|\n|t:|1782838647\n|switch|p1a: Lokix|Lokix, L82, M|169/251|[from] U-turn\n|-damage|p1a: Lokix|107/251|[from] Spikes\n|\n|upkeep\n|turn|39\n|\n|t:|1782838653\n|switch|p2a: Toxapex|Toxapex, L82, M|216/216\n|move|p1a: Lokix|U-turn|p2a: Toxapex\n|-resisted|p2a: Toxapex\n|-damage|p2a: Toxapex|162/216\n|\n|t:|1782838656\n|switch|p1a: Tsareena|Tsareena, L87, F|223/267|[from] U-turn\n|\n|-heal|p2a: Toxapex|175/216|[from] item: Leftovers\n|upkeep\n|turn|40\n|\n|t:|1782838665\n|move|p1a: Tsareena|U-turn|p2a: Toxapex\n|-resisted|p2a: Toxapex\n|-damage|p2a: Toxapex|153/216\n|\n|t:|1782838668\n|switch|p1a: Fezandipiti|Fezandipiti, L82, M|278/278|[from] U-turn\n|-damage|p1a: Fezandipiti|209/278|[from] Spikes\n|move|p2a: Toxapex|Liquidation|p1a: Fezandipiti\n|-damage|p1a: Fezandipiti|137/278\n|\n|-heal|p2a: Toxapex|166/216|[from] item: Leftovers\n|upkeep\n|turn|41\n|\n|t:|1782838673\n|move|p1a: Fezandipiti|Roost|p1a: Fezandipiti\n|-heal|p1a: Fezandipiti|276/278\n|-singleturn|p1a: Fezandipiti|move: Roost\n|move|p2a: Toxapex|Liquidation|p1a: Fezandipiti\n|-damage|p1a: Fezandipiti|204/278\n|\n|-heal|p2a: Toxapex|179/216|[from] item: Leftovers\n|upkeep\n|turn|42\n|\n|t:|1782838678\n|move|p1a: Fezandipiti|Moonblast|p2a: Toxapex\n|-resisted|p2a: Toxapex\n|-damage|p2a: Toxapex|153/216\n|-unboost|p2a: Toxapex|spa|1\n|move|p2a: Toxapex|Liquidation|p1a: Fezandipiti\n|-crit|p1a: Fezandipiti\n|-damage|p1a: Fezandipiti|108/278\n|\n|-heal|p2a: Toxapex|166/216|[from] item: Leftovers\n|upkeep\n|turn|43\n|\n|t:|1782838681\n|move|p1a: Fezandipiti|Roost|p1a: Fezandipiti\n|-heal|p1a: Fezandipiti|247/278\n|-singleturn|p1a: Fezandipiti|move: Roost\n|move|p2a: Toxapex|Toxic Spikes|p1a: Fezandipiti\n|-sidestart|p1: lazatron|move: Toxic Spikes\n|\n|-heal|p2a: Toxapex|179/216|[from] item: Leftovers\n|upkeep\n|turn|44\n|\n|t:|1782838690\n|move|p1a: Fezandipiti|Beat Up|p2a: Toxapex\n|-damage|p2a: Toxapex|172/216\n|-crit|p2a: Toxapex\n|-damage|p2a: Toxapex|160/216\n|-damage|p2a: Toxapex|153/216\n|-damage|p2a: Toxapex|145/216\n|-damage|p2a: Toxapex|137/216\n|-hitcount|p2a: Toxapex|5\n|move|p2a: Toxapex|Liquidation|p1a: Fezandipiti\n|-damage|p1a: Fezandipiti|183/278\n|\n|-heal|p2a: Toxapex|150/216|[from] item: Leftovers\n|upkeep\n|turn|45\n|\n|t:|1782838694\n|move|p1a: Fezandipiti|Beat Up|p2a: Toxapex\n|-damage|p2a: Toxapex|142/216\n|-damage|p2a: Toxapex|134/216\n|-damage|p2a: Toxapex|127/216\n|-crit|p2a: Toxapex\n|-damage|p2a: Toxapex|113/216\n|-damage|p2a: Toxapex|105/216\n|-hitcount|p2a: Toxapex|5\n|move|p2a: Toxapex|Liquidation|p1a: Fezandipiti\n|-damage|p1a: Fezandipiti|111/278\n|\n|-heal|p2a: Toxapex|118/216|[from] item: Leftovers\n|upkeep\n|turn|46\n|\n|t:|1782838700\n|move|p1a: Fezandipiti|Beat Up|p2a: Toxapex\n|-damage|p2a: Toxapex|111/216\n|-damage|p2a: Toxapex|103/216\n|-damage|p2a: Toxapex|96/216\n|-damage|p2a: Toxapex|88/216\n|-damage|p2a: Toxapex|80/216\n|-hitcount|p2a: Toxapex|5\n|move|p2a: Toxapex|Liquidation|p1a: Fezandipiti\n|-damage|p1a: Fezandipiti|44/278\n|\n|-heal|p2a: Toxapex|93/216|[from] item: Leftovers\n|upkeep\n|turn|47\n|\n|t:|1782838702\n|move|p1a: Fezandipiti|Roost|p1a: Fezandipiti\n|-heal|p1a: Fezandipiti|183/278\n|-singleturn|p1a: Fezandipiti|move: Roost\n|move|p2a: Toxapex|Recover|p2a: Toxapex\n|-heal|p2a: Toxapex|201/216\n|\n|-heal|p2a: Toxapex|214/216|[from] item: Leftovers\n|upkeep\n|turn|48\n|\n|t:|1782838708\n|move|p1a: Fezandipiti|Beat Up|p2a: Toxapex\n|-damage|p2a: Toxapex|207/216\n|-damage|p2a: Toxapex|199/216\n|-damage|p2a: Toxapex|193/216\n|-damage|p2a: Toxapex|185/216\n|-damage|p2a: Toxapex|177/216\n|-hitcount|p2a: Toxapex|5\n|move|p2a: Toxapex|Liquidation|p1a: Fezandipiti\n|-damage|p1a: Fezandipiti|117/278\n|\n|-heal|p2a: Toxapex|190/216|[from] item: Leftovers\n|upkeep\n|turn|49\n|\n|t:|1782838710\n|move|p1a: Fezandipiti|Roost|p1a: Fezandipiti\n|-heal|p1a: Fezandipiti|256/278\n|-singleturn|p1a: Fezandipiti|move: Roost\n|move|p2a: Toxapex|Liquidation|p1a: Fezandipiti\n|-damage|p1a: Fezandipiti|183/278\n|\n|-heal|p2a: Toxapex|203/216|[from] item: Leftovers\n|upkeep\n|turn|50\n|\n|t:|1782838713\n|switch|p1a: Tsareena|Tsareena, L87, F|223/267\n|move|p2a: Toxapex|Liquidation|p1a: Tsareena\n|-resisted|p1a: Tsareena\n|-damage|p1a: Tsareena|197/267\n|\n|-heal|p2a: Toxapex|216/216|[from] item: Leftovers\n|upkeep\n|turn|51\n|\n|t:|1782838721\n|switch|p2a: Deoxys|Deoxys-Defense, L84|91/221\n|-ability|p2a: Deoxys|Pressure\n|move|p1a: Tsareena|U-turn|p2a: Deoxys\n|-supereffective|p2a: Deoxys\n|-damage|p2a: Deoxys|13/221\n|-damage|p1a: Tsareena|153/267|[from] item: Rocky Helmet|[of] p2a: Deoxys\n|\n|t:|1782838725\n|switch|p1a: Fezandipiti|Fezandipiti, L82, M|183/278|[from] U-turn\n|-damage|p1a: Fezandipiti|114/278|[from] Spikes\n|-sideend|p1: lazatron|move: Toxic Spikes|[of] p1a: Fezandipiti\n|\n|upkeep\n|turn|52\n|\n|t:|1782838730\n|move|p1a: Fezandipiti|Beat Up|p2a: Deoxys\n|-supereffective|p2a: Deoxys\n|-damage|p2a: Deoxys|1/221\n|-status|p2a: Deoxys|tox|[from] ability: Toxic Chain|[of] p1a: Fezandipiti\n|-supereffective|p2a: Deoxys\n|-damage|p2a: Deoxys|0 fnt\n|faint|p2a: Deoxys\n|-hitcount|p2: Deoxys|2\n|\n|upkeep\n|\n|t:|1782838732\n|switch|p2a: Weavile|Weavile, L79, M|239/239\n|turn|53\n|\n|t:|1782838745\n|-terastallize|p1a: Fezandipiti|Steel\n|move|p2a: Weavile|Triple Axel|p1a: Fezandipiti\n|-resisted|p1a: Fezandipiti\n|-damage|p1a: Fezandipiti|97/278\n|-resisted|p1a: Fezandipiti\n|-crit|p1a: Fezandipiti\n|-damage|p1a: Fezandipiti|47/278\n|-resisted|p1a: Fezandipiti\n|-damage|p1a: Fezandipiti|0 fnt\n|faint|p1a: Fezandipiti\n|-hitcount|p1: Fezandipiti|3\n|\n|upkeep\n|\n|t:|1782838754\n|switch|p1a: Lokix|Lokix, L82, M|107/251\n|-damage|p1a: Lokix|45/251|[from] Spikes\n|turn|54\n|\n|t:|1782838757\n|switch|p2a: Toxapex|Toxapex, L82, M|216/216\n|move|p1a: Lokix|First Impression|p2a: Toxapex\n|-resisted|p2a: Toxapex\n|-damage|p2a: Toxapex|148/216\n|\n|-heal|p2a: Toxapex|161/216|[from] item: Leftovers\n|upkeep\n|turn|55\n|\n|t:|1782838769\n|move|p1a: Lokix|U-turn|p2a: Toxapex\n|-resisted|p2a: Toxapex\n|-damage|p2a: Toxapex|99/216\n|\n|t:|1782838770\n|switch|p1a: Tsareena|Tsareena, L87, F|153/267|[from] U-turn\n|move|p2a: Toxapex|Liquidation|p1a: Tsareena\n|-resisted|p1a: Tsareena\n|-damage|p1a: Tsareena|123/267\n|-unboost|p1a: Tsareena|def|1\n|\n|-heal|p2a: Toxapex|112/216|[from] item: Leftovers\n|upkeep\n|turn|56\n|\n|t:|1782838784\n|move|p1a: Tsareena|Power Whip|p2a: Toxapex|[miss]\n|-miss|p1a: Tsareena|p2a: Toxapex\n|move|p2a: Toxapex|Recover|p2a: Toxapex\n|-heal|p2a: Toxapex|216/216\n|\n|upkeep\n|turn|57\n|\n|t:|1782838787\n|move|p1a: Tsareena|Power Whip|p2a: Toxapex\n|-damage|p2a: Toxapex|107/216\n|move|p2a: Toxapex|Liquidation|p1a: Tsareena\n|-resisted|p1a: Tsareena\n|-damage|p1a: Tsareena|81/267\n|\n|-heal|p2a: Toxapex|120/216|[from] item: Leftovers\n|upkeep\n|turn|58\n|\n|t:|1782838792\n|move|p1a: Tsareena|Power Whip|p2a: Toxapex\n|-damage|p2a: Toxapex|14/216\n|move|p2a: Toxapex|Recover|p2a: Toxapex\n|-heal|p2a: Toxapex|122/216\n|\n|-heal|p2a: Toxapex|135/216|[from] item: Leftovers\n|upkeep\n|turn|59\n|\n|t:|1782838796\n|move|p1a: Tsareena|Synthesis|p1a: Tsareena\n|-heal|p1a: Tsareena|214/267\n|move|p2a: Toxapex|Recover|p2a: Toxapex\n|-heal|p2a: Toxapex|216/216\n|\n|upkeep\n|turn|60\n|\n|t:|1782838803\n|move|p1a: Tsareena|Power Whip|p2a: Toxapex\n|-damage|p2a: Toxapex|108/216\n|move|p2a: Toxapex|Liquidation|p1a: Tsareena\n|-resisted|p1a: Tsareena\n|-damage|p1a: Tsareena|176/267\n|-unboost|p1a: Tsareena|def|1\n|\n|-heal|p2a: Toxapex|121/216|[from] item: Leftovers\n|upkeep\n|turn|61\n|\n|t:|1782838807\n|move|p1a: Tsareena|Power Whip|p2a: Toxapex\n|-damage|p2a: Toxapex|22/216\n|move|p2a: Toxapex|Recover|p2a: Toxapex\n|-heal|p2a: Toxapex|130/216\n|\n|-heal|p2a: Toxapex|143/216|[from] item: Leftovers\n|upkeep\n|turn|62\n|\n|t:|1782838822\n|move|p1a: Tsareena|Power Whip|p2a: Toxapex\n|-damage|p2a: Toxapex|37/216\n|move|p2a: Toxapex|Recover|p2a: Toxapex\n|-heal|p2a: Toxapex|145/216\n|\n|-heal|p2a: Toxapex|158/216|[from] item: Leftovers\n|upkeep\n|turn|63\n|\n|t:|1782838851\n|move|p1a: Tsareena|Power Whip|p2a: Toxapex|[miss]\n|-miss|p1a: Tsareena|p2a: Toxapex\n|move|p2a: Toxapex|Liquidation|p1a: Tsareena\n|-resisted|p1a: Tsareena\n|-damage|p1a: Tsareena|123/267\n|\n|-heal|p2a: Toxapex|171/216|[from] item: Leftovers\n|upkeep\n|turn|64\n|\n|t:|1782838856\n|move|p1a: Tsareena|Power Whip|p2a: Toxapex\n|-damage|p2a: Toxapex|74/216\n|move|p2a: Toxapex|Toxic Spikes|p1a: Tsareena\n|-sidestart|p1: lazatron|move: Toxic Spikes\n|\n|-heal|p2a: Toxapex|87/216|[from] item: Leftovers\n|upkeep\n|turn|65\n|\n|t:|1782838861\n|move|p1a: Tsareena|Power Whip|p2a: Toxapex\n|-damage|p2a: Toxapex|0 fnt\n|faint|p2a: Toxapex\n|\n|upkeep\n|\n|t:|1782838864\n|switch|p2a: Weavile|Weavile, L79, M|239/239\n|turn|66\n|\n|t:|1782838869\n|switch|p1a: Lokix|Lokix, L82, M|45/251\n|-damage|p1a: Lokix|0 fnt|[from] Spikes\n|faint|p1a: Lokix\n|move|p2a: Weavile|Triple Axel|p1: Lokix|[notarget]\n|-fail|p2a: Weavile\n|\n|upkeep\n|\n|t:|1782838875\n|switch|p1a: Zamazenta|Zamazenta-Crowned, L68|119/238\n|-damage|p1a: Zamazenta|60/238|[from] Spikes\n|turn|67\n|\n|t:|1782838881\n|-terastallize|p2a: Weavile|Ice\n|move|p2a: Weavile|Triple Axel|p1a: Zamazenta\n|-resisted|p1a: Zamazenta\n|-damage|p1a: Zamazenta|42/238\n|-resisted|p1a: Zamazenta\n|-damage|p1a: Zamazenta|2/238\n|-resisted|p1a: Zamazenta\n|-damage|p1a: Zamazenta|0 fnt\n|faint|p1a: Zamazenta\n|-hitcount|p1: Zamazenta|3\n|\n|upkeep\n|\n|t:|1782838885\n|switch|p1a: Iron Valiant|Iron Valiant, L78|86/244\n|-damage|p1a: Iron Valiant|25/244|[from] Spikes\n|-status|p1a: Iron Valiant|psn\n|turn|68\n|\n|t:|1782838887\n|move|p2a: Weavile|Triple Axel|p1a: Iron Valiant\n|-damage|p1a: Iron Valiant|0 fnt\n|faint|p1a: Iron Valiant\n|-end|p1a: Iron Valiant|Quark Drive|[silent]\n|-hitcount|p1: Iron Valiant|1\n|\n|upkeep\n|\n|t:|1782838888\n|switch|p1a: Tsareena|Tsareena, L87, F|123/267\n|turn|69\n|\n|t:|1782838891\n|move|p2a: Weavile|Triple Axel|p1a: Tsareena\n|-supereffective|p1a: Tsareena\n|-damage|p1a: Tsareena|39/267\n|-supereffective|p1a: Tsareena\n|-damage|p1a: Tsareena|0 fnt\n|faint|p1a: Tsareena\n|-hitcount|p1: Tsareena|2\n|\n|win|leminator13\n|raw|lazatron's rating: 2242 &rarr; <strong>2223</strong><br />(-19 for losing)\n|raw|leminator13's rating: 2266 &rarr; <strong>2285</strong><br />(+19 for winning)\n", "inputlog": ">version f8ac14003a5f27e1bdc8d8c59608a773c1cb96e5\n>start {\"formatid\":\"gen9randombattle\",\"seed\":\"sodium,be22440343b89af91b4520292800c517\",\"rated\":\"Rated battle\"}\n>player p1 {\"name\":\"lazatron\",\"avatar\":\"170\",\"rating\":2242,\"seed\":\"sodium,45b56db478936eeab2c6616876b3091e\"}\n>player p2 {\"name\":\"leminator13\",\"avatar\":\"266\",\"rating\":2266,\"seed\":\"sodium,96d3f5085056a9adb78206afad76a6e5\"}\n>p1 move thunderbolt\n>p2 move earthpower\n>p1 move thunderbolt\n>p2 switch 2\n>p1 move dragontail\n>p2 move spikes\n>p1 move thunderbolt\n>p2 switch 3\n>p1 move thunderbolt\n>p2 move recover\n>p1 move voltswitch\n>p2 move spikes\n>p1 switch 4\n>p1 move knockoff\n>p2 switch 5\n>p1 move uturn\n>p2 move heavyslam\n>p1 switch 2\n>p1 move bodypress\n>p2 switch 6\n>p1 move irondefense\n>p2 move toxicspikes\n>p1 move bodypress\n>p2 move haze\n>p1 switch 5\n>p2 switch 2\n>p1 move uturn\n>p2 switch 4\n>p1 switch 6\n>p1 move beatup\n>p2 switch 2\n>p1 switch 4\n>p2 move liquidation\n>p1 move thunderbolt\n>p2 switch 6\n>p2 switch 5\n>p1 move thunderbolt\n>p2 move recover\n>p1 move voltswitch\n>p2 move recover\n>p1 switch 2\n>p1 move uturn\n>p2 switch 6\n>p1 switch 3\n>p1 move calmmind\n>p2 move liquidation\n>p1 move moonblast\n>p2 switch 4\n>p1 move moonblast\n>p2 move psychic\n>p2 switch 3\n>p1 switch 5\n>p2 move iceshard\n>p1 move bodypress\n>p2 switch 4\n>p1 switch 6\n>p2 move toxicspikes\n>p1 move powerwhip\n>p2 move liquidation\n>p1 move powerwhip\n>p2 switch 2\n>p2 switch 4\n>p1 switch 2\n>p2 move lowkick\n>p1 switch 4\n>p1 move moonblast\n>p2 switch 2\n>p1 switch 2\n>p2 move toxicspikes\n>p1 move powerwhip\n>p2 switch 6\n>p1 move powerwhip\n>p2 move recover\n>p1 move synthesis\n>p2 move recover\n>p1 switch 2\n>p2 move knockoff\n>p1 move beatup\n>p2 move spikes\n>p1 move roost\n>p2 switch 6\n>p1 switch 2\n>p2 switch 6\n>p1 move uturn\n>p2 move recover\n>p1 switch 3\n>p1 move uturn\n>p2 switch 6\n>p1 switch 3\n>p1 move uturn\n>p2 move liquidation\n>p1 switch 2\n>p1 move roost\n>p2 move liquidation\n>p1 move moonblast\n>p2 move liquidation\n>p1 move roost\n>p2 move toxicspikes\n>p1 move beatup\n>p2 move liquidation\n>p1 move beatup\n>p2 move liquidation\n>p1 move beatup\n>p2 move liquidation\n>p1 move roost\n>p2 move recover\n>p1 move beatup\n>p2 move liquidation\n>p1 move roost\n>p2 move liquidation\n>p1 switch 2\n>p2 move liquidation\n>p1 move uturn\n>p2 switch 6\n>p1 switch 2\n>p1 move beatup\n>p2 move recover\n>p2 switch 2\n>p1 move roost terastallize\n>p2 move tripleaxel\n>p1 switch 3\n>p1 move firstimpression\n>p2 switch 6\n>p1 move uturn\n>p2 move liquidation\n>p1 switch 2\n>p1 move powerwhip\n>p2 move recover\n>p1 move powerwhip\n>p2 move liquidation\n>p1 move powerwhip\n>p2 move recover\n>p1 move synthesis\n>p2 move recover\n>p1 move powerwhip\n>p2 move liquidation\n>p1 move powerwhip\n>p2 move recover\n>p1 move powerwhip\n>p2 move recover\n>p1 move powerwhip\n>p2 move liquidation\n>p1 move powerwhip\n>p2 move toxicspikes\n>p1 move powerwhip\n>p2 move recover\n>p2 switch 6\n>p1 switch 2\n>p2 move tripleaxel\n>p1 switch 6\n>p1 move bodypress\n>p2 move tripleaxel terastallize\n>p1 switch 5\n>p1 move closecombat\n>p2 move tripleaxel\n>p1 switch 2\n>p1 move powerwhip\n>p2 move tripleaxel", "uploadtime": 1782838891, "views": 7, "formatid": "gen9randombattle", "rating": 2223, "private": 0, "password": null, "player_dets": [{"name": "lazatron", "avatar": "170", "rating": 2242, "seed": "sodium,45b56db478936eeab2c6616876b3091e"}, {"name": "leminator13", "avatar": "266", "rating": 2266, "seed": "sodium,96d3f5085056a9adb78206afad76a6e5"}], "teams_full": [{"Ampharos": {"name": "Ampharos", "species": "Ampharos", "speciesId": "ampharos", "gender": "M", "shiny": false, "level": 88, "moves": ["voltswitch", "dazzlinggleam", "thunderbolt", "dragontail"], "ability": "Static", "evs": {"hp": 85, "atk": 85, "def": 85, "spa": 85, "spd": 85, "spe": 85}, "ivs": {"hp": 31, "atk": 31, "def": 31, "spa": 31, "spd": 31, "spe": 31}, "item": "Assault Vest", "teraType": "Fairy", "role": "AV Pivot", "bvs": {"hp": 90, "atk": 75, "def": 85, "spa": 115, "spd": 90, "spe": 55}, "stats": {"hp": 302, "atk": 182, "def": 200, "spa": 253, "spd": 209, "spe": 147}, "types": ["Electric"]}, "Zamazenta": {"name": "Zamazenta", "species": "Zamazenta", "speciesId": "zamazentacrowned", "gender": "N", "shiny": false, "level": 68, "moves": ["stoneedge", "heavyslam", "bodypress", "irondefense"], "ability": "Dauntless Shield", "evs": {"hp": 85, "atk": 85, "def": 85, "spa": 85, "spd": 85, "spe": 85}, "ivs": {"hp": 31, "atk": 31, "def": 31, "spa": 31, "spd": 31, "spe": 31}, "item": "Rusted Shield", "teraType": "Ghost", "role": "Bulky Setup", "bvs": {"hp": 92, "atk": 120, "def": 140, "spa": 80, "spd": 140, "spe": 128}, "stats": {"hp": 238, "atk": 203, "def": 230, "spa": 149, "spd": 230, "spe": 214}, "types": ["Fighting", "Steel"]}, "Iron Valiant": {"name": "Iron Valiant", "species": "Iron Valiant", "speciesId": "ironvaliant", "gender": "N", "shiny": false, "level": 78, "moves": ["calmmind", "psychic", "closecombat", "moonblast"], "ability": "Quark Drive", "evs": {"hp": 85, "atk": 85, "def": 85, "spa": 85, "spd": 85, "spe": 85}, "ivs": {"hp": 31, "atk": 31, "def": 31, "spa": 31, "spd": 31, "spe": 31}, "item": "Life Orb", "teraType": "Fighting", "role": "Fast Attacker", "bvs": {"hp": 74, "atk": 130, "def": 90, "spa": 120, "spd": 60, "spe": 116}, "stats": {"hp": 244, "atk": 248, "def": 185, "spa": 232, "spd": 139, "spe": 226}, "types": ["Fairy", "Fighting"]}, "Lokix": {"name": "Lokix", "species": "Lokix", "speciesId": "lokix", "gender": "M", "shiny": false, "level": 82, "moves": ["firstimpression", "knockoff", "uturn", "suckerpunch"], "ability": "Tinted Lens", "evs": {"hp": 85, "atk": 85, "def": 85, "spa": 85, "spd": 85, "spe": 85}, "ivs": {"hp": 31, "atk": 31, "def": 31, "spa": 31, "spd": 31, "spe": 31}, "item": "Silver Powder", "teraType": "Bug", "role": "Fast Attacker", "bvs": {"hp": 71, "atk": 102, "def": 78, "spa": 52, "spd": 55, "spe": 92}, "stats": {"hp": 251, "atk": 214, "def": 175, "spa": 132, "spd": 137, "spe": 198}, "types": ["Bug", "Dark"]}, "Tsareena": {"name": "Tsareena", "species": "Tsareena", "speciesId": "tsareena", "gender": "F", "shiny": false, "level": 87, "moves": ["synthesis", "uturn", "powerwhip", "tripleaxel"], "ability": "Queenly Majesty", "evs": {"hp": 85, "atk": 85, "def": 85, "spa": 85, "spd": 85, "spe": 85}, "ivs": {"hp": 31, "atk": 31, "def": 31, "spa": 31, "spd": 31, "spe": 31}, "item": "Heavy-Duty Boots", "teraType": "Steel", "role": "Fast Support", "bvs": {"hp": 72, "atk": 120, "def": 98, "spa": 50, "spd": 98, "spe": 72}, "stats": {"hp": 267, "atk": 259, "def": 220, "spa": 137, "spd": 220, "spe": 175}, "types": ["Grass"]}, "Fezandipiti": {"name": "Fezandipiti", "species": "Fezandipiti", "speciesId": "fezandipiti", "gender": "M", "shiny": false, "level": 82, "moves": ["roost", "moonblast", "beatup", "gunkshot"], "ability": "Toxic Chain", "evs": {"hp": 85, "atk": 85, "def": 85, "spa": 85, "spd": 85, "spe": 85}, "ivs": {"hp": 31, "atk": 31, "def": 31, "spa": 31, "spd": 31, "spe": 31}, "item": "Leftovers", "teraType": "Steel", "role": "Bulky Attacker", "bvs": {"hp": 88, "atk": 91, "def": 82, "spa": 70, "spd": 125, "spe": 99}, "stats": {"hp": 278, "atk": 196, "def": 182, "spa": 162, "spd": 252, "spe": 210}, "types": ["Poison", "Fairy"]}}, {"Rabsca": {"name": "Rabsca", "species": "Rabsca", "speciesId": "rabsca", "gender": "F", "shiny": false, "level": 91, "moves": ["revivalblessing", "bugbuzz", "psychic", "earthpower"], "ability": "Synchronize", "evs": {"hp": 85, "atk": 0, "def": 85, "spa": 85, "spd": 85, "spe": 85}, "ivs": {"hp": 31, "atk": 0, "def": 31, "spa": 31, "spd": 31, "spe": 31}, "item": "Heavy-Duty Boots", "teraType": "Steel", "role": "Wallbreaker", "bvs": {"hp": 75, "atk": 50, "def": 85, "spa": 115, "spd": 100, "spe": 45}, "stats": {"hp": 284, "atk": 96, "def": 207, "spa": 261, "spd": 234, "spe": 134}, "types": ["Bug", "Psychic"]}, "Deoxys": {"name": "Deoxys", "species": "Deoxys-Defense", "speciesId": "deoxysdefense", "gender": "N", "shiny": false, "level": 84, "moves": ["spikes", "knockoff", "recover", "psychicnoise"], "ability": "Pressure", "evs": {"hp": 85, "atk": 85, "def": 85, "spa": 85, "spd": 85, "spe": 85}, "ivs": {"hp": 31, "atk": 31, "def": 31, "spa": 31, "spd": 31, "spe": 31}, "item": "Rocky Helmet", "teraType": "Steel", "role": "Bulky Support", "bvs": {"hp": 50, "atk": 70, "def": 160, "spa": 70, "spd": 160, "spe": 90}, "stats": {"hp": 221, "atk": 166, "def": 317, "spa": 166, "spd": 317, "spe": 199}, "types": ["Psychic"]}, "Weavile": {"name": "Weavile", "species": "Weavile", "speciesId": "weavile", "gender": "M", "shiny": false, "level": 79, "moves": ["lowkick", "knockoff", "tripleaxel", "iceshard"], "ability": "Pickpocket", "evs": {"hp": 81, "atk": 85, "def": 85, "spa": 85, "spd": 85, "spe": 85}, "ivs": {"hp": 31, "atk": 31, "def": 31, "spa": 31, "spd": 31, "spe": 31}, "item": "Choice Band", "teraType": "Ice", "role": "Fast Attacker", "bvs": {"hp": 70, "atk": 120, "def": 65, "spa": 45, "spd": 85, "spe": 125}, "stats": {"hp": 239, "atk": 235, "def": 148, "spa": 117, "spd": 180, "spe": 243}, "types": ["Dark", "Ice"]}, "Zoroark": {"name": "Zoroark", "species": "Zoroark-Hisui", "speciesId": "zoroarkhisui", "gender": "M", "shiny": false, "level": 80, "moves": ["hypervoice", "focusblast", "nastyplot", "bittermalice"], "ability": "Illusion", "evs": {"hp": 85, "atk": 0, "def": 85, "spa": 85, "spd": 85, "spe": 85}, "ivs": {"hp": 31, "atk": 0, "def": 31, "spa": 31, "spd": 31, "spe": 31}, "item": "Life Orb", "teraType": "Fighting", "role": "Wallbreaker", "bvs": {"hp": 55, "atk": 100, "def": 60, "spa": 125, "spd": 60, "spe": 110}, "stats": {"hp": 219, "atk": 165, "def": 142, "spa": 246, "spd": 142, "spe": 222}, "types": ["Normal", "Ghost"]}, "Copperajah": {"name": "Copperajah", "species": "Copperajah", "speciesId": "copperajah", "gender": "M", "shiny": false, "level": 86, "moves": ["supercellslam", "heavyslam", "stoneedge", "superpower"], "ability": "Heavy Metal", "evs": {"hp": 81, "atk": 85, "def": 85, "spa": 85, "spd": 85, "spe": 85}, "ivs": {"hp": 31, "atk": 31, "def": 31, "spa": 31, "spd": 31, "spe": 31}, "item": "Choice Band", "teraType": "Flying", "role": "Bulky Attacker", "bvs": {"hp": 122, "atk": 130, "def": 69, "spa": 80, "spd": 69, "spe": 30}, "stats": {"hp": 349, "atk": 273, "def": 168, "spa": 187, "spd": 168, "spe": 101}, "types": ["Steel"]}, "Toxapex": {"name": "Toxapex", "species": "Toxapex", "speciesId": "toxapex", "gender": "M", "shiny": false, "level": 82, "moves": ["haze", "toxicspikes", "recover", "liquidation"], "ability": "Regenerator", "evs": {"hp": 85, "atk": 85, "def": 85, "spa": 85, "spd": 85, "spe": 85}, "ivs": {"hp": 31, "atk": 31, "def": 31, "spa": 31, "spd": 31, "spe": 31}, "item": "Leftovers", "teraType": "Steel", "role": "Bulky Support", "bvs": {"hp": 50, "atk": 63, "def": 152, "spa": 53, "spd": 142, "spe": 35}, "stats": {"hp": 216, "atk": 150, "def": 296, "spa": 134, "spd": 280, "spe": 105}, "types": ["Poison", "Water"]}}]}