{"id": "gen9randombattle-2641861179", "format": "[Gen 9] Random Battle", "players": ["CW_Nebula", "SourSlushie"], "log": "|j|\u2606CW_Nebula\n|j|\u2606SourSlushie\n|t:|1782850705\n|gametype|singles\n|player|p1|CW_Nebula|n|\n|player|p2|SourSlushie|dancer|\n|gen|9\n|tier|[Gen 9] Random Battle\n|rule|Species Clause: Limit one of each Pok\u00e9mon\n|rule|HP Percentage Mod: HP is shown in percentages\n|rule|Sleep Clause Mod: Limit one foe put to sleep\n|rule|Illusion Level Mod: Illusion disguises the Pok\u00e9mon's true level\n|\n|t:|1782850705\n|teamsize|p1|6\n|teamsize|p2|6\n|start\n|switch|p1a: Cobalion|Cobalion, L80|277/277\n|switch|p2a: Iron Thorns|Iron Thorns, L83|302/302\n|turn|1\n|\n|t:|1782850724\n|-end|p2a: Iron Thorns|Quark Drive|[silent]\n|switch|p2a: Vespiquen|Vespiquen, L99, F|299/299\n|-ability|p2a: Vespiquen|Pressure\n|move|p1a: Cobalion|Aura Sphere|p2a: Vespiquen\n|-resisted|p2a: Vespiquen\n|-damage|p2a: Vespiquen|285/299\n|\n|upkeep\n|turn|2\n|\n|t:|1782850749\n|switch|p1a: Grafaiai|Grafaiai, L86, M|249/249\n|move|p2a: Vespiquen|Spikes|p1a: Grafaiai\n|-sidestart|p1: CW_Nebula|Spikes\n|\n|upkeep\n|turn|3\n|\n|t:|1782850766\n|switch|p2a: Pincurchin|Pincurchin, M|258/258\n|-fieldstart|move: Electric Terrain|[from] ability: Electric Surge|[of] p2a: Pincurchin\n|move|p1a: Grafaiai|Encore||[still]\n|-fail|p1a: Grafaiai\n|\n|upkeep\n|turn|4\n|\n|t:|1782850777\n|move|p1a: Grafaiai|Knock Off|p2a: Pincurchin\n|-damage|p2a: Pincurchin|203/258\n|-enditem|p2a: Pincurchin|Leftovers|[from] move: Knock Off|[of] p1a: Grafaiai\n|move|p2a: Pincurchin|Discharge|p1a: Grafaiai\n|-damage|p1a: Grafaiai|86/249\n|\n|upkeep\n|turn|5\n|\n|t:|1782850790\n|move|p1a: Grafaiai|Parting Shot|p2a: Pincurchin\n|-unboost|p2a: Pincurchin|atk|1\n|-unboost|p2a: Pincurchin|spa|1\n|\n|t:|1782850804\n|switch|p1a: Camerupt|Camerupt, L91, M|275/275|[from] Parting Shot\n|-damage|p1a: Camerupt|241/275|[from] Spikes\n|move|p2a: Pincurchin|Discharge|p1a: Camerupt\n|-immune|p1a: Camerupt\n|\n|-heal|p1a: Camerupt|258/275|[from] item: Leftovers\n|upkeep\n|turn|6\n|\n|t:|1782850818\n|switch|p2a: Vespiquen|Vespiquen, L99, F|285/299\n|-ability|p2a: Vespiquen|Pressure\n|move|p1a: Camerupt|Stealth Rock|p2a: Vespiquen\n|-sidestart|p2: SourSlushie|move: Stealth Rock\n|\n|-heal|p1a: Camerupt|275/275|[from] item: Leftovers\n|upkeep\n|turn|7\n|\n|t:|1782850832\n|move|p2a: Vespiquen|Hurricane|p1a: Camerupt\n|-damage|p1a: Camerupt|128/275\n|move|p1a: Camerupt|Overheat|p2a: Vespiquen\n|-supereffective|p2a: Vespiquen\n|-damage|p2a: Vespiquen|37/299\n|-unboost|p1a: Camerupt|spa|2\n|\n|-heal|p1a: Camerupt|145/275|[from] item: Leftovers\n|-fieldend|move: Electric Terrain\n|upkeep\n|turn|8\n|\n|t:|1782850860\n|switch|p1a: Cobalion|Cobalion, L80|277/277\n|-damage|p1a: Cobalion|243/277|[from] Spikes\n|move|p2a: Vespiquen|Roost|p2a: Vespiquen\n|-heal|p2a: Vespiquen|187/299\n|-singleturn|p2a: Vespiquen|move: Roost\n|\n|-heal|p1a: Cobalion|260/277|[from] item: Leftovers\n|upkeep\n|turn|9\n|\n|t:|1782850876\n|move|p1a: Cobalion|Flash Cannon|p2a: Vespiquen\n|-damage|p2a: Vespiquen|124/299\n|move|p2a: Vespiquen|Hurricane|p1a: Cobalion\n|-damage|p1a: Cobalion|101/277\n|\n|-heal|p1a: Cobalion|118/277|[from] item: Leftovers\n|upkeep\n|turn|10\n|\n|t:|1782850901\n|switch|p1a: Sylveon|Sylveon, L85, F|300/300\n|-damage|p1a: Sylveon|263/300|[from] Spikes\n|move|p2a: Vespiquen|Roost|p2a: Vespiquen\n|-heal|p2a: Vespiquen|274/299\n|-singleturn|p2a: Vespiquen|move: Roost\n|\n|-heal|p1a: Sylveon|281/300|[from] item: Leftovers\n|upkeep\n|turn|11\n|\n|t:|1782850912\n|move|p1a: Sylveon|Calm Mind|p1a: Sylveon\n|-boost|p1a: Sylveon|spa|1\n|-boost|p1a: Sylveon|spd|1\n|move|p2a: Vespiquen|Spikes|p1a: Sylveon\n|-sidestart|p1: CW_Nebula|Spikes\n|\n|-heal|p1a: Sylveon|299/300|[from] item: Leftovers\n|upkeep\n|turn|12\n|\n|t:|1782850921\n|move|p1a: Sylveon|Calm Mind|p1a: Sylveon\n|-boost|p1a: Sylveon|spa|1\n|-boost|p1a: Sylveon|spd|1\n|move|p2a: Vespiquen|Hurricane|p1a: Sylveon|[miss]\n|-miss|p2a: Vespiquen|p1a: Sylveon\n|\n|-heal|p1a: Sylveon|300/300|[from] item: Leftovers\n|upkeep\n|turn|13\n|\n|t:|1782850935\n|switch|p2a: Lumineon|Lumineon, L93, F|279/279\n|move|p1a: Sylveon|Calm Mind|p1a: Sylveon\n|-boost|p1a: Sylveon|spa|1\n|-boost|p1a: Sylveon|spd|1\n|\n|upkeep\n|turn|14\n|\n|t:|1782850948\n|move|p2a: Lumineon|Encore|p1a: Sylveon\n|-start|p1a: Sylveon|Encore\n|move|p1a: Sylveon|Calm Mind|p1a: Sylveon\n|-boost|p1a: Sylveon|spa|1\n|-boost|p1a: Sylveon|spd|1\n|\n|upkeep\n|turn|15\n|\n|t:|1782850957\n|move|p2a: Lumineon|U-turn|p1a: Sylveon\n|-resisted|p1a: Sylveon\n|-damage|p1a: Sylveon|272/300\n|\n|t:|1782850965\n|switch|p2a: Iron Thorns|Iron Thorns, L83|302/302|[from] U-turn\n|move|p1a: Sylveon|Calm Mind|p1a: Sylveon\n|-boost|p1a: Sylveon|spa|1\n|-boost|p1a: Sylveon|spd|1\n|\n|-heal|p1a: Sylveon|290/300|[from] item: Leftovers\n|upkeep\n|turn|16\n|\n|t:|1782850981\n|move|p2a: Iron Thorns|Wild Charge|p1a: Sylveon\n|-damage|p1a: Sylveon|145/300\n|-damage|p2a: Iron Thorns|266/302|[from] Recoil\n|move|p1a: Sylveon|Calm Mind|p1a: Sylveon\n|-boost|p1a: Sylveon|spa|1\n|-boost|p1a: Sylveon|spd|1\n|\n|-heal|p1a: Sylveon|163/300|[from] item: Leftovers\n|-end|p1a: Sylveon|Encore\n|upkeep\n|turn|17\n|\n|t:|1782851004\n|move|p2a: Iron Thorns|Wild Charge|p1a: Sylveon\n|-damage|p1a: Sylveon|18/300\n|-damage|p2a: Iron Thorns|230/302|[from] Recoil\n|move|p1a: Sylveon|Wish|p1a: Sylveon\n|\n|-heal|p1a: Sylveon|36/300|[from] item: Leftovers\n|upkeep\n|turn|18\n|\n|t:|1782851021\n|move|p1a: Sylveon|Protect|p1a: Sylveon\n|-singleturn|p1a: Sylveon|Protect\n|move|p2a: Iron Thorns|Stealth Rock|p1a: Sylveon\n|-sidestart|p1: CW_Nebula|move: Stealth Rock\n|\n|-heal|p1a: Sylveon|186/300|[from] move: Wish|[wisher] Sylveon\n|-heal|p1a: Sylveon|204/300|[from] item: Leftovers\n|upkeep\n|turn|19\n|\n|t:|1782851032\n|move|p2a: Iron Thorns|Wild Charge|p1a: Sylveon\n|-crit|p1a: Sylveon\n|-damage|p1a: Sylveon|0 fnt\n|faint|p1a: Sylveon\n|-damage|p2a: Iron Thorns|179/302|[from] Recoil\n|\n|upkeep\n|\n|t:|1782851043\n|switch|p1a: Breloom|Breloom, L83, F|235/235\n|-damage|p1a: Breloom|196/235|[from] Spikes\n|-damage|p1a: Breloom|182/235|[from] Stealth Rock\n|turn|20\n|\n|t:|1782851097\n|-end|p2a: Iron Thorns|Quark Drive|[silent]\n|switch|p2a: Vespiquen|Vespiquen, L99, F|274/299\n|-ability|p2a: Vespiquen|Pressure\n|move|p1a: Breloom|Bullet Seed|p2a: Vespiquen\n|-resisted|p2a: Vespiquen\n|-damage|p2a: Vespiquen|262/299\n|-resisted|p2a: Vespiquen\n|-damage|p2a: Vespiquen|250/299\n|-resisted|p2a: Vespiquen\n|-damage|p2a: Vespiquen|238/299\n|-hitcount|p2a: Vespiquen|3\n|-damage|p1a: Breloom|159/235|[from] item: Life Orb\n|\n|upkeep\n|turn|21\n|\n|t:|1782851117\n|move|p1a: Breloom|Rock Tomb|p2a: Vespiquen|[miss]\n|-miss|p1a: Breloom|p2a: Vespiquen\n|move|p2a: Vespiquen|Hurricane|p1a: Breloom|[miss]\n|-miss|p2a: Vespiquen|p1a: Breloom\n|\n|upkeep\n|turn|22\n|\n|t:|1782851143\n|switch|p2a: Alcremie|Alcremie-Ruby-Cream, L90, F|263/263\n|-damage|p2a: Alcremie|231/263|[from] Stealth Rock\n|move|p1a: Breloom|Rock Tomb|p2a: Alcremie\n|-damage|p2a: Alcremie|131/263\n|-unboost|p2a: Alcremie|spe|1\n|-damage|p1a: Breloom|136/235|[from] item: Life Orb\n|\n|-heal|p2a: Alcremie|147/263|[from] item: Leftovers\n|upkeep\n|turn|23\n|\n|t:|1782851176\n|move|p1a: Breloom|Spore|p2a: Alcremie\n|-status|p2a: Alcremie|slp|[from] move: Spore\n|cant|p2a: Alcremie|slp\n|\n|-heal|p2a: Alcremie|163/263 slp|[from] item: Leftovers\n|upkeep\n|turn|24\n|\n|t:|1782851198\n|switch|p2a: Vespiquen|Vespiquen, L99, F|238/299\n|-ability|p2a: Vespiquen|Pressure\n|move|p1a: Breloom|Bullet Seed|p2a: Vespiquen\n|-resisted|p2a: Vespiquen\n|-damage|p2a: Vespiquen|226/299\n|-resisted|p2a: Vespiquen\n|-damage|p2a: Vespiquen|214/299\n|-resisted|p2a: Vespiquen\n|-damage|p2a: Vespiquen|202/299\n|-hitcount|p2a: Vespiquen|3\n|-damage|p1a: Breloom|113/235|[from] item: Life Orb\n|\n|upkeep\n|turn|25\n|\n|t:|1782851214\n|move|p1a: Breloom|Spore|p2a: Vespiquen\n|-message|Sleep Clause Mod activated.\n|-hint|Sleep Clause Mod prevents players from putting more than one of their opponent's Pok\u00e9mon to sleep at a time\n|move|p2a: Vespiquen|Hurricane|p1a: Breloom\n|-supereffective|p1a: Breloom\n|-damage|p1a: Breloom|0 fnt\n|faint|p1a: Breloom\n|\n|upkeep\n|\n|t:|1782851223\n|switch|p1a: Camerupt|Camerupt, L91, M|145/275\n|-damage|p1a: Camerupt|100/275|[from] Spikes\n|-damage|p1a: Camerupt|66/275|[from] Stealth Rock\n|turn|26\n|\n|t:|1782851231\n|-terastallize|p1a: Camerupt|Water\n|move|p2a: Vespiquen|Hurricane|p1a: Camerupt|[miss]\n|-miss|p2a: Vespiquen|p1a: Camerupt\n|move|p1a: Camerupt|Overheat|p2a: Vespiquen\n|-supereffective|p2a: Vespiquen\n|-damage|p2a: Vespiquen|0 fnt\n|-unboost|p1a: Camerupt|spa|2\n|faint|p2a: Vespiquen\n|\n|-heal|p1a: Camerupt|83/275|[from] item: Leftovers\n|upkeep\n|\n|t:|1782851248\n|switch|p2a: Iron Thorns|Iron Thorns, L83|179/302\n|turn|27\n|\n|t:|1782851255\n|move|p2a: Iron Thorns|Volt Switch|p1a: Camerupt\n|-supereffective|p1a: Camerupt\n|-damage|p1a: Camerupt|1/275\n|\n|t:|1782851262\n|-end|p2a: Iron Thorns|Quark Drive|[silent]\n|switch|p2a: Lapras|Lapras, L87, F|367/367|[from] Volt Switch\n|-damage|p2a: Lapras|276/367|[from] Stealth Rock\n|move|p1a: Camerupt|Will-O-Wisp|p2a: Lapras\n|-status|p2a: Lapras|brn\n|\n|-heal|p1a: Camerupt|18/275|[from] item: Leftovers\n|-damage|p2a: Lapras|254/367 brn|[from] brn\n|upkeep\n|turn|28\n|\n|t:|1782851278\n|move|p2a: Lapras|Sparkling Aria|p1a: Camerupt\n|-resisted|p1a: Camerupt\n|-damage|p1a: Camerupt|0 fnt\n|faint|p1a: Camerupt\n|\n|-damage|p2a: Lapras|232/367 brn|[from] brn\n|upkeep\n|\n|t:|1782851287\n|switch|p1a: Trevenant|Trevenant, L89, F|296/296\n|-damage|p1a: Trevenant|247/296|[from] Spikes\n|-damage|p1a: Trevenant|210/296|[from] Stealth Rock\n|turn|29\n|\n|t:|1782851297\n|switch|p2a: Iron Thorns|Iron Thorns, L83|179/302\n|move|p1a: Trevenant|Drain Punch|p2a: Iron Thorns\n|-supereffective|p2a: Iron Thorns\n|-damage|p2a: Iron Thorns|57/302\n|-heal|p1a: Trevenant|271/296|[from] drain|[of] p2a: Iron Thorns\n|\n|upkeep\n|turn|30\n|\n|t:|1782851310\n|move|p2a: Iron Thorns|Wild Charge|p1a: Trevenant\n|-resisted|p1a: Trevenant\n|-damage|p1a: Trevenant|211/296\n|-damage|p2a: Iron Thorns|42/302|[from] Recoil\n|move|p1a: Trevenant|Drain Punch|p2a: Iron Thorns\n|-supereffective|p2a: Iron Thorns\n|-damage|p2a: Iron Thorns|0 fnt\n|-heal|p1a: Trevenant|232/296|[from] drain|[of] p2a: Iron Thorns\n|faint|p2a: Iron Thorns\n|-end|p2a: Iron Thorns|Quark Drive|[silent]\n|\n|upkeep\n|\n|t:|1782851327\n|switch|p2a: Alcremie|Alcremie-Ruby-Cream, L90, F|163/263 slp\n|-damage|p2a: Alcremie|131/263 slp|[from] Stealth Rock\n|turn|31\n|\n|t:|1782851339\n|-curestatus|p2a: Alcremie|slp|[msg]\n|move|p2a: Alcremie|Recover|p2a: Alcremie\n|-heal|p2a: Alcremie|263/263\n|move|p1a: Trevenant|Poltergeist|p2a: Alcremie\n|-activate|p2a: Alcremie|move: Poltergeist|Leftovers\n|-damage|p2a: Alcremie|122/263\n|\n|-heal|p2a: Alcremie|138/263|[from] item: Leftovers\n|upkeep\n|turn|32\n|l|\u2606SourSlushie\n|player|p2|\n|l|\u2606CW_Nebula\n|player|p1|\n|j|\u2606CW_Nebula\n|player|p1|CW_Nebula|n|\n|l|\u2606CW_Nebula\n|player|p1|\n|j|\u2606CW_Nebula\n|player|p1|CW_Nebula|n|\n|j|\u2606SourSlushie\n|player|p2|SourSlushie|dancer|\n|\n|t:|1782852050\n|move|p2a: Alcremie|Recover|p2a: Alcremie\n|-heal|p2a: Alcremie|263/263\n|move|p1a: Trevenant|Poltergeist|p2a: Alcremie\n|-activate|p2a: Alcremie|move: Poltergeist|Leftovers\n|-damage|p2a: Alcremie|103/263\n|\n|-heal|p2a: Alcremie|119/263|[from] item: Leftovers\n|upkeep\n|turn|33\n|\n|t:|1782852073\n|move|p2a: Alcremie|Alluring Voice|p1a: Trevenant\n|-damage|p1a: Trevenant|126/296\n|-enditem|p1a: Trevenant|Sitrus Berry|[eat]\n|-heal|p1a: Trevenant|200/296|[from] item: Sitrus Berry\n|move|p1a: Trevenant|Poltergeist|p2a: Alcremie\n|-activate|p2a: Alcremie|move: Poltergeist|Leftovers\n|-damage|p2a: Alcremie|0 fnt\n|faint|p2a: Alcremie\n|\n|-item|p1a: Trevenant|Sitrus Berry|[from] ability: Harvest\n|upkeep\n|\n|t:|1782852089\n|switch|p2a: Lumineon|Lumineon, L93, F|279/279\n|turn|34\n|\n|t:|1782852108\n|move|p2a: Lumineon|Ice Beam|p1a: Trevenant\n|-supereffective|p1a: Trevenant\n|-damage|p1a: Trevenant|84/296\n|-enditem|p1a: Trevenant|Sitrus Berry|[eat]\n|-heal|p1a: Trevenant|158/296|[from] item: Sitrus Berry\n|move|p1a: Trevenant|Poltergeist|p2a: Lumineon\n|-activate|p2a: Lumineon|move: Poltergeist|Heavy-Duty Boots\n|-damage|p2a: Lumineon|122/279\n|\n|-item|p1a: Trevenant|Sitrus Berry|[from] ability: Harvest\n|upkeep\n|turn|35\n|\n|t:|1782852120\n|move|p2a: Lumineon|Ice Beam|p1a: Trevenant\n|-supereffective|p1a: Trevenant\n|-damage|p1a: Trevenant|28/296\n|-enditem|p1a: Trevenant|Sitrus Berry|[eat]\n|-heal|p1a: Trevenant|102/296|[from] item: Sitrus Berry\n|move|p1a: Trevenant|Drain Punch|p2a: Lumineon\n|-crit|p2a: Lumineon\n|-damage|p2a: Lumineon|24/279\n|-heal|p1a: Trevenant|151/296|[from] drain|[of] p2a: Lumineon\n|\n|upkeep\n|turn|36\n|\n|t:|1782852135\n|move|p1a: Trevenant|Protect|p1a: Trevenant\n|-singleturn|p1a: Trevenant|Protect\n|move|p2a: Lumineon|Ice Beam|p1a: Trevenant\n|-activate|p1a: Trevenant|move: Protect\n|\n|upkeep\n|turn|37\n|\n|t:|1782852149\n|move|p2a: Lumineon|Ice Beam|p1a: Trevenant\n|-supereffective|p1a: Trevenant\n|-damage|p1a: Trevenant|25/296\n|move|p1a: Trevenant|Drain Punch|p2a: Lumineon\n|-damage|p2a: Lumineon|0 fnt\n|-heal|p1a: Trevenant|37/296|[from] drain|[of] p2a: Lumineon\n|faint|p2a: Lumineon\n|\n|-item|p1a: Trevenant|Sitrus Berry|[from] ability: Harvest\n|upkeep\n|-enditem|p1a: Trevenant|Sitrus Berry|[eat]\n|-heal|p1a: Trevenant|111/296|[from] item: Sitrus Berry\n|\n|t:|1782852164\n|switch|p2a: Lapras|Lapras, L87, F|232/367 brn\n|-damage|p2a: Lapras|141/367 brn|[from] Stealth Rock\n|turn|38\n|\n|t:|1782852183\n|move|p1a: Trevenant|Protect|p1a: Trevenant\n|-singleturn|p1a: Trevenant|Protect\n|move|p2a: Lapras|Freeze-Dry|p1a: Trevenant\n|-activate|p1a: Trevenant|move: Protect\n|\n|-damage|p2a: Lapras|119/367 brn|[from] brn\n|upkeep\n|turn|39\n|\n|t:|1782852205\n|move|p2a: Lapras|Freeze-Dry|p1a: Trevenant\n|-supereffective|p1a: Trevenant\n|-damage|p1a: Trevenant|0 fnt\n|faint|p1a: Trevenant\n|\n|-damage|p2a: Lapras|97/367 brn|[from] brn\n|upkeep\n|\n|t:|1782852223\n|switch|p1a: Grafaiai|Grafaiai, L86, M|86/249\n|turn|40\n|\n|t:|1782852233\n|move|p1a: Grafaiai|Knock Off|p2a: Lapras\n|-damage|p2a: Lapras|25/367 brn\n|-enditem|p2a: Lapras|Choice Specs|[from] move: Knock Off|[of] p1a: Grafaiai\n|move|p2a: Lapras|Freeze-Dry|p1a: Grafaiai\n|-damage|p1a: Grafaiai|1/249\n|\n|-damage|p2a: Lapras|3/367 brn|[from] brn\n|upkeep\n|turn|41\n|\n|t:|1782852249\n|move|p1a: Grafaiai|Knock Off|p2a: Lapras\n|-damage|p2a: Lapras|0 fnt\n|faint|p2a: Lapras\n|\n|upkeep\n|\n|t:|1782852254\n|switch|p2a: Pincurchin|Pincurchin, M|203/258\n|-damage|p2a: Pincurchin|171/258|[from] Stealth Rock\n|-fieldstart|move: Electric Terrain|[from] ability: Electric Surge|[of] p2a: Pincurchin\n|turn|42\n|\n|t:|1782852271\n|move|p1a: Grafaiai|Parting Shot|p2a: Pincurchin\n|-unboost|p2a: Pincurchin|atk|1\n|-unboost|p2a: Pincurchin|spa|1\n|\n|t:|1782852274\n|switch|p1a: Cobalion|Cobalion, L80|118/277|[from] Parting Shot\n|-damage|p1a: Cobalion|72/277|[from] Spikes\n|-damage|p1a: Cobalion|64/277|[from] Stealth Rock\n|move|p2a: Pincurchin|Recover|p2a: Pincurchin\n|-heal|p2a: Pincurchin|258/258\n|\n|-heal|p1a: Cobalion|81/277|[from] item: Leftovers\n|upkeep\n|turn|43\n|\n|t:|1782852291\n|move|p1a: Cobalion|Vacuum Wave|p2a: Pincurchin\n|-damage|p2a: Pincurchin|225/258\n|move|p2a: Pincurchin|Discharge|p1a: Cobalion\n|-damage|p1a: Cobalion|0 fnt\n|faint|p1a: Cobalion\n|\n|upkeep\n|\n|t:|1782852298\n|switch|p1a: Grafaiai|Grafaiai, L86, M|1/249\n|turn|44\n|\n|t:|1782852311\n|move|p1a: Grafaiai|Gunk Shot|p2a: Pincurchin\n|-damage|p2a: Pincurchin|128/258\n|-status|p2a: Pincurchin|psn\n|move|p2a: Pincurchin|Discharge|p1a: Grafaiai\n|-damage|p1a: Grafaiai|0 fnt\n|faint|p1a: Grafaiai\n|\n|win|SourSlushie\n", "inputlog": ">version f8ac14003a5f27e1bdc8d8c59608a773c1cb96e5\n>start {\"formatid\":\"gen9randombattle\",\"seed\":\"sodium,fa1028a44a1366589f4eee7fe9d6f55f\"}\n>player p1 {\"name\":\"CW_Nebula\",\"avatar\":\"n\",\"rating\":0,\"seed\":\"sodium,6d6206494b332018a3f99f8e55d2ac20\"}\n>player p2 {\"name\":\"SourSlushie\",\"avatar\":\"dancer\",\"rating\":0,\"seed\":\"sodium,3508a01333036b20dda1014df44d5739\"}\n>p1 move aurasphere\n>p2 switch 2\n>p1 switch 3\n>p2 move spikes\n>p1 move encore\n>p2 switch 6\n>p1 move knockoff\n>p2 move discharge\n>p1 move partingshot\n>p2 move discharge\n>p1 switch 4\n>p1 move stealthrock\n>p2 switch 6\n>p1 move overheat\n>p2 move hurricane\n>p1 switch 3\n>p2 move roost\n>p1 move flashcannon\n>p2 move hurricane\n>p1 switch 6\n>p2 move roost\n>p1 move calmmind\n>p2 move spikes\n>p1 move calmmind\n>p2 move hurricane\n>p1 move calmmind\n>p2 switch 3\n>p1 move hypervoice\n>p2 move encore\n>p1 move calmmind\n>p2 move uturn\n>p2 switch 2\n>p1 move calmmind\n>p2 move wildcharge\n>p1 move wish\n>p2 move wildcharge\n>p1 move protect\n>p2 move stealthrock\n>p1 move wish\n>p2 move wildcharge\n>p1 switch 5\n>p1 move bulletseed\n>p2 switch 3\n>p1 move rocktomb\n>p2 move hurricane\n>p1 move rocktomb\n>p2 switch 5\n>p1 move spore\n>p2 move alluringvoice\n>p1 move bulletseed\n>p2 switch 5\n>p1 move spore\n>p2 move hurricane\n>p1 switch 3\n>p1 move overheat terastallize\n>p2 move hurricane\n>p2 switch 3\n>p1 move willowisp\n>p2 move voltswitch\n>p2 switch 4\n>p1 move earthquake\n>p2 move sparklingaria\n>p1 switch 2\n>p1 move drainpunch\n>p2 switch 4\n>p1 move drainpunch\n>p2 move wildcharge\n>p2 switch 5\n>p1 move poltergeist\n>p2 move recover\n>p1 move poltergeist\n>p2 move recover\n>p1 move poltergeist\n>p2 move alluringvoice\n>p2 switch 2\n>p1 move poltergeist\n>p2 move icebeam\n>p1 move drainpunch\n>p2 move icebeam\n>p1 move protect\n>p2 move icebeam\n>p1 move drainpunch\n>p2 move icebeam\n>p2 switch 4\n>p1 move protect\n>p2 move freezedry\n>p1 move drainpunch\n>p2 move freezedry\n>p1 switch 4\n>p1 move knockoff\n>p2 move freezedry\n>p1 move knockoff\n>p2 move freezedry\n>p2 switch 6\n>p1 move partingshot\n>p2 move recover\n>p1 switch 6\n>p1 move vacuumwave\n>p2 move discharge\n>p1 switch 6\n>p1 move gunkshot\n>p2 move discharge", "uploadtime": 1782852319, "views": 6, "formatid": "gen9randombattle", "rating": null, "private": 0, "password": null, "player_dets": [{"name": "CW_Nebula", "avatar": "n", "rating": 0, "seed": "sodium,6d6206494b332018a3f99f8e55d2ac20"}, {"name": "SourSlushie", "avatar": "dancer", "rating": 0, "seed": "sodium,3508a01333036b20dda1014df44d5739"}], "teams_full": [{"Cobalion": {"name": "Cobalion", "species": "Cobalion", "speciesId": "cobalion", "gender": "N", "shiny": false, "level": 80, "moves": ["calmmind", "flashcannon", "aurasphere", "vacuumwave"], "ability": "Justified", "evs": {"hp": 85, "atk": 0, "def": 85, "spa": 85, "spd": 85, "spe": 85}, "ivs": {"hp": 31, "atk": 0, "def": 31, "spa": 31, "spd": 31, "spe": 31}, "item": "Leftovers", "teraType": "Ghost", "role": "Bulky Setup", "bvs": {"hp": 91, "atk": 90, "def": 129, "spa": 90, "spd": 72, "spe": 108}, "stats": {"hp": 277, "atk": 149, "def": 253, "spa": 190, "spd": 161, "spe": 219}, "types": ["Steel", "Fighting"]}, "Trevenant": {"name": "Trevenant", "species": "Trevenant", "speciesId": "trevenant", "gender": "F", "shiny": false, "level": 89, "moves": ["drainpunch", "protect", "poltergeist", "toxic"], "ability": "Harvest", "evs": {"hp": 85, "atk": 85, "def": 85, "spa": 85, "spd": 85, "spe": 85}, "ivs": {"hp": 31, "atk": 31, "def": 31, "spa": 31, "spd": 31, "spe": 31}, "item": "Sitrus Berry", "teraType": "Steel", "role": "Bulky Support", "bvs": {"hp": 85, "atk": 110, "def": 76, "spa": 65, "spd": 82, "spe": 56}, "stats": {"hp": 296, "atk": 247, "def": 186, "spa": 166, "spd": 197, "spe": 150}, "types": ["Ghost", "Grass"]}, "Grafaiai": {"name": "Grafaiai", "species": "Grafaiai", "speciesId": "grafaiai", "gender": "M", "shiny": false, "level": 86, "moves": ["partingshot", "encore", "gunkshot", "knockoff"], "ability": "Prankster", "evs": {"hp": 85, "atk": 85, "def": 85, "spa": 85, "spd": 85, "spe": 85}, "ivs": {"hp": 31, "atk": 31, "def": 31, "spa": 31, "spd": 31, "spe": 31}, "item": "Heavy-Duty Boots", "teraType": "Dark", "role": "Fast Support", "bvs": {"hp": 63, "atk": 95, "def": 65, "spa": 80, "spd": 72, "spe": 110}, "stats": {"hp": 249, "atk": 213, "def": 161, "spa": 187, "spd": 173, "spe": 238}, "types": ["Poison", "Normal"]}, "Camerupt": {"name": "Camerupt", "species": "Camerupt", "speciesId": "camerupt", "gender": "M", "shiny": false, "level": 91, "moves": ["earthquake", "overheat", "willowisp", "stealthrock"], "ability": "Solid Rock", "evs": {"hp": 85, "atk": 85, "def": 85, "spa": 85, "spd": 85, "spe": 85}, "ivs": {"hp": 31, "atk": 31, "def": 31, "spa": 31, "spd": 31, "spe": 31}, "item": "Leftovers", "teraType": "Water", "role": "Bulky Support", "bvs": {"hp": 70, "atk": 100, "def": 70, "spa": 105, "spd": 75, "spe": 40}, "stats": {"hp": 275, "atk": 234, "def": 179, "spa": 243, "spd": 188, "spe": 125}, "types": ["Fire", "Ground"]}, "Breloom": {"name": "Breloom", "species": "Breloom", "speciesId": "breloom", "gender": "F", "shiny": false, "level": 83, "moves": ["bulletseed", "machpunch", "spore", "rocktomb"], "ability": "Technician", "evs": {"hp": 85, "atk": 85, "def": 85, "spa": 85, "spd": 85, "spe": 85}, "ivs": {"hp": 31, "atk": 31, "def": 31, "spa": 31, "spd": 31, "spe": 31}, "item": "Life Orb", "teraType": "Fighting", "role": "Fast Attacker", "bvs": {"hp": 60, "atk": 130, "def": 80, "spa": 60, "spd": 60, "spe": 70}, "stats": {"hp": 235, "atk": 263, "def": 180, "spa": 147, "spd": 147, "spe": 164}, "types": ["Grass", "Fighting"]}, "Sylveon": {"name": "Sylveon", "species": "Sylveon", "speciesId": "sylveon", "gender": "F", "shiny": false, "level": 85, "moves": ["wish", "calmmind", "protect", "hypervoice"], "ability": "Pixilate", "evs": {"hp": 85, "atk": 0, "def": 85, "spa": 85, "spd": 85, "spe": 85}, "ivs": {"hp": 31, "atk": 0, "def": 31, "spa": 31, "spd": 31, "spe": 31}, "item": "Leftovers", "teraType": "Steel", "role": "Bulky Setup", "bvs": {"hp": 95, "atk": 65, "def": 65, "spa": 110, "spd": 130, "spe": 60}, "stats": {"hp": 300, "atk": 115, "def": 159, "spa": 236, "spd": 270, "spe": 151}, "types": ["Fairy"]}}, {"Iron Thorns": {"name": "Iron Thorns", "species": "Iron Thorns", "speciesId": "ironthorns", "gender": "N", "shiny": false, "level": 83, "moves": ["stealthrock", "voltswitch", "wildcharge", "stoneedge"], "ability": "Quark Drive", "evs": {"hp": 85, "atk": 85, "def": 85, "spa": 85, "spd": 85, "spe": 85}, "ivs": {"hp": 31, "atk": 31, "def": 31, "spa": 31, "spd": 31, "spe": 31}, "item": "Heavy-Duty Boots", "teraType": "Grass", "role": "Fast Support", "bvs": {"hp": 100, "atk": 134, "def": 110, "spa": 70, "spd": 84, "spe": 72}, "stats": {"hp": 302, "atk": 270, "def": 230, "spa": 164, "spd": 187, "spe": 167}, "types": ["Rock", "Electric"]}, "Vespiquen": {"name": "Vespiquen", "species": "Vespiquen", "speciesId": "vespiquen", "gender": "F", "shiny": false, "level": 99, "moves": ["toxicspikes", "hurricane", "roost", "spikes"], "ability": "Pressure", "evs": {"hp": 85, "atk": 0, "def": 85, "spa": 85, "spd": 85, "spe": 85}, "ivs": {"hp": 31, "atk": 0, "def": 31, "spa": 31, "spd": 31, "spe": 31}, "item": "Heavy-Duty Boots", "teraType": "Steel", "role": "Bulky Support", "bvs": {"hp": 70, "atk": 80, "def": 102, "spa": 80, "spd": 102, "spe": 40}, "stats": {"hp": 299, "atk": 163, "def": 258, "spa": 214, "spd": 258, "spe": 135}, "types": ["Bug", "Flying"]}, "Lumineon": {"name": "Lumineon", "species": "Lumineon", "speciesId": "lumineon", "gender": "F", "shiny": false, "level": 93, "moves": ["encore", "uturn", "hydropump", "icebeam"], "ability": "Storm Drain", "evs": {"hp": 85, "atk": 85, "def": 85, "spa": 85, "spd": 85, "spe": 85}, "ivs": {"hp": 31, "atk": 31, "def": 31, "spa": 31, "spd": 31, "spe": 31}, "item": "Heavy-Duty Boots", "teraType": "Fire", "role": "Fast Support", "bvs": {"hp": 69, "atk": 69, "def": 76, "spa": 69, "spd": 86, "spe": 91}, "stats": {"hp": 279, "atk": 181, "def": 194, "spa": 181, "spd": 213, "spe": 222}, "types": ["Water"]}, "Lapras": {"name": "Lapras", "species": "Lapras", "speciesId": "lapras", "gender": "F", "shiny": false, "level": 87, "moves": ["hydropump", "freezedry", "icebeam", "sparklingaria"], "ability": "Water Absorb", "evs": {"hp": 81, "atk": 0, "def": 85, "spa": 85, "spd": 85, "spe": 85}, "ivs": {"hp": 31, "atk": 0, "def": 31, "spa": 31, "spd": 31, "spe": 31}, "item": "Choice Specs", "teraType": "Water", "role": "Wallbreaker", "bvs": {"hp": 130, "atk": 85, "def": 80, "spa": 85, "spd": 95, "spe": 60}, "stats": {"hp": 367, "atk": 152, "def": 189, "spa": 198, "spd": 215, "spe": 154}, "types": ["Water", "Ice"]}, "Alcremie": {"name": "Alcremie", "species": "Alcremie-Ruby-Cream", "speciesId": "alcremie", "gender": "F", "shiny": false, "level": 90, "moves": ["terablast", "recover", "alluringvoice", "calmmind"], "ability": "Aroma Veil", "evs": {"hp": 85, "atk": 0, "def": 85, "spa": 85, "spd": 85, "spe": 85}, "ivs": {"hp": 31, "atk": 0, "def": 31, "spa": 31, "spd": 31, "spe": 31}, "item": "Leftovers", "teraType": "Ground", "role": "Tera Blast user", "bvs": {"hp": 65, "atk": 60, "def": 75, "spa": 110, "spd": 121, "spe": 64}, "stats": {"hp": 263, "atk": 113, "def": 186, "spa": 249, "spd": 269, "spe": 167}, "types": ["Fairy"]}, "Pincurchin": {"name": "Pincurchin", "species": "Pincurchin", "speciesId": "pincurchin", "gender": "M", "shiny": false, "level": 100, "moves": ["recover", "scald", "discharge", "spikes"], "ability": "Electric Surge", "evs": {"hp": 85, "atk": 0, "def": 85, "spa": 85, "spd": 85, "spe": 85}, "ivs": {"hp": 31, "atk": 0, "def": 31, "spa": 31, "spd": 31, "spe": 31}, "item": "Leftovers", "teraType": "Water", "role": "Bulky Attacker", "bvs": {"hp": 48, "atk": 101, "def": 95, "spa": 91, "spd": 85, "spe": 15}, "stats": {"hp": 258, "atk": 207, "def": 247, "spa": 239, "spd": 227, "spe": 87}, "types": ["Electric"]}}]}