{"id": "gen9randombattle-2641761924", "format": "[Gen 9] Random Battle", "players": ["IceColdAcer", "ginigami"], "log": "|j|\u2606IceColdAcer\n|j|\u2606ginigami\n|t:|1782838836\n|gametype|singles\n|player|p1|IceColdAcer|acetrainer|2030\n|player|p2|ginigami|102|1981\n|gen|9\n|tier|[Gen 9] Random Battle\n|rated|\n|rule|Species Clause: Limit one of each Pok\u00e9mon\n|rule|HP Percentage Mod: HP is shown in percentages\n|rule|Sleep Clause Mod: Limit one foe put to sleep\n|rule|Illusion Level Mod: Illusion disguises the Pok\u00e9mon's true level\n|\n|t:|1782838836\n|teamsize|p1|6\n|teamsize|p2|6\n|start\n|switch|p1a: Scream Tail|Scream Tail, L84|330/330\n|switch|p2a: Hypno|Hypno, L95, M|315/315\n|turn|1\n|\n|t:|1782838850\n|-end|p1a: Scream Tail|Protosynthesis|[silent]\n|switch|p1a: Duraludon|Duraludon, L82, M|249/249\n|move|p2a: Hypno|Thunder Wave|p1a: Duraludon\n|-status|p1a: Duraludon|par\n|\n|upkeep\n|turn|2\n|\n|t:|1782838854\n|move|p2a: Hypno|Knock Off|p1a: Duraludon\n|-damage|p1a: Duraludon|212/249 par\n|-enditem|p1a: Duraludon|Eviolite|[from] move: Knock Off|[of] p2a: Hypno\n|move|p1a: Duraludon|Stealth Rock|p2a: Hypno\n|-sidestart|p2: ginigami|move: Stealth Rock\n|\n|upkeep\n|turn|3\n|\n|t:|1782838861\n|move|p2a: Hypno|Psychic Noise|p1a: Duraludon\n|-resisted|p1a: Duraludon\n|-damage|p1a: Duraludon|155/249 par\n|-start|p1a: Duraludon|move: Heal Block\n|move|p1a: Duraludon|Flash Cannon|p2a: Hypno\n|-damage|p2a: Hypno|240/315\n|\n|-heal|p2a: Hypno|259/315|[from] item: Leftovers\n|upkeep\n|turn|4\n|\n|t:|1782838870\n|move|p2a: Hypno|Psychic Noise|p1a: Duraludon\n|-resisted|p1a: Duraludon\n|-damage|p1a: Duraludon|92/249 par\n|move|p1a: Duraludon|Flash Cannon|p2a: Hypno\n|-damage|p2a: Hypno|195/315\n|\n|-heal|p2a: Hypno|214/315|[from] item: Leftovers\n|-end|p1a: Duraludon|move: Heal Block\n|upkeep\n|turn|5\n|\n|t:|1782838877\n|switch|p1a: Scream Tail|Scream Tail, L84|330/330\n|move|p2a: Hypno|Psychic Noise|p1a: Scream Tail\n|-resisted|p1a: Scream Tail\n|-damage|p1a: Scream Tail|294/330\n|-start|p1a: Scream Tail|move: Heal Block\n|\n|-heal|p2a: Hypno|233/315|[from] item: Leftovers\n|upkeep\n|turn|6\n|\n|t:|1782838882\n|move|p1a: Scream Tail|Encore|p2a: Hypno\n|-start|p2a: Hypno|Encore\n|move|p2a: Hypno|Psychic Noise|p1a: Scream Tail\n|-resisted|p1a: Scream Tail\n|-damage|p1a: Scream Tail|261/330\n|\n|-heal|p2a: Hypno|252/315|[from] item: Leftovers\n|-end|p1a: Scream Tail|move: Heal Block\n|upkeep\n|turn|7\n|\n|t:|1782838888\n|move|p1a: Scream Tail|Wish|p1a: Scream Tail\n|move|p2a: Hypno|Psychic Noise|p1a: Scream Tail\n|-resisted|p1a: Scream Tail\n|-damage|p1a: Scream Tail|225/330\n|-start|p1a: Scream Tail|move: Heal Block\n|\n|-heal|p2a: Hypno|271/315|[from] item: Leftovers\n|upkeep\n|turn|8\n|\n|t:|1782838892\n|-end|p1a: Scream Tail|Protosynthesis|[silent]\n|switch|p1a: Duraludon|Duraludon, L82, M|92/249 par\n|move|p2a: Hypno|Psychic Noise|p1a: Duraludon\n|-resisted|p1a: Duraludon\n|-damage|p1a: Duraludon|32/249 par\n|-start|p1a: Duraludon|move: Heal Block\n|\n|-heal|p2a: Hypno|290/315|[from] item: Leftovers\n|-end|p2a: Hypno|Encore\n|upkeep\n|turn|9\n|\n|t:|1782838899\n|move|p2a: Hypno|Knock Off|p1a: Duraludon\n|-damage|p1a: Duraludon|0 fnt\n|faint|p1a: Duraludon\n|\n|-heal|p2a: Hypno|309/315|[from] item: Leftovers\n|upkeep\n|\n|t:|1782838906\n|switch|p1a: Drifblim|Drifblim, L86, M|396/396\n|turn|10\n|\n|t:|1782838910\n|move|p1a: Drifblim|Calm Mind|p1a: Drifblim\n|-boost|p1a: Drifblim|spa|1\n|-boost|p1a: Drifblim|spd|1\n|move|p2a: Hypno|Thunder Wave|p1a: Drifblim\n|-status|p1a: Drifblim|par\n|\n|-heal|p2a: Hypno|315/315|[from] item: Leftovers\n|upkeep\n|turn|11\n|\n|t:|1782838919\n|move|p2a: Hypno|Knock Off|p1a: Drifblim\n|-supereffective|p1a: Drifblim\n|-damage|p1a: Drifblim|188/396 par\n|-enditem|p1a: Drifblim|Sitrus Berry|[from] move: Knock Off|[of] p2a: Hypno\n|cant|p1a: Drifblim|par\n|\n|upkeep\n|turn|12\n|\n|t:|1782838925\n|move|p1a: Drifblim|Strength Sap|p2a: Hypno\n|-unboost|p2a: Hypno|atk|1\n|-heal|p1a: Drifblim|381/396 par\n|move|p2a: Hypno|Knock Off|p1a: Drifblim\n|-supereffective|p1a: Drifblim\n|-damage|p1a: Drifblim|285/396 par\n|\n|upkeep\n|turn|13\n|\n|t:|1782838928\n|move|p1a: Drifblim|Shadow Ball|p2a: Hypno\n|-supereffective|p2a: Hypno\n|-damage|p2a: Hypno|123/315\n|move|p2a: Hypno|Encore|p1a: Drifblim\n|-start|p1a: Drifblim|Encore\n|\n|-heal|p2a: Hypno|142/315|[from] item: Leftovers\n|upkeep\n|turn|14\n|\n|t:|1782838932\n|switch|p2a: Cinccino|Cinccino, L83, M|260/260\n|-damage|p2a: Cinccino|228/260|[from] Stealth Rock\n|move|p1a: Drifblim|Shadow Ball|p2a: Cinccino\n|-immune|p2a: Cinccino\n|\n|upkeep\n|turn|15\n|\n|t:|1782838939\n|switch|p1a: Dondozo|Dondozo, L78, M|362/362\n|move|p2a: Cinccino|Tail Slap|p1a: Dondozo\n|-damage|p1a: Dondozo|329/362\n|-damage|p1a: Dondozo|296/362\n|-damage|p1a: Dondozo|265/362\n|-damage|p1a: Dondozo|231/362\n|-hitcount|p1a: Dondozo|4\n|\n|-heal|p1a: Dondozo|253/362|[from] item: Leftovers\n|upkeep\n|turn|16\n|\n|t:|1782838946\n|move|p2a: Cinccino|Bullet Seed|p1a: Dondozo\n|-supereffective|p1a: Dondozo\n|-damage|p1a: Dondozo|203/362\n|-supereffective|p1a: Dondozo\n|-damage|p1a: Dondozo|153/362\n|-supereffective|p1a: Dondozo\n|-damage|p1a: Dondozo|107/362\n|-supereffective|p1a: Dondozo\n|-damage|p1a: Dondozo|65/362\n|-hitcount|p1a: Dondozo|4\n|move|p1a: Dondozo|Wave Crash|p2a: Cinccino\n|-damage|p2a: Cinccino|87/260\n|-damage|p1a: Dondozo|18/362|[from] Recoil\n|\n|-heal|p1a: Dondozo|40/362|[from] item: Leftovers\n|upkeep\n|turn|17\n|\n|t:|1782838951\n|switch|p1a: Amoonguss|Amoonguss, L82, M|321/321\n|move|p2a: Cinccino|Bullet Seed|p1a: Amoonguss\n|-resisted|p1a: Amoonguss\n|-damage|p1a: Amoonguss|314/321\n|-resisted|p1a: Amoonguss\n|-damage|p1a: Amoonguss|306/321\n|-resisted|p1a: Amoonguss\n|-damage|p1a: Amoonguss|299/321\n|-resisted|p1a: Amoonguss\n|-damage|p1a: Amoonguss|292/321\n|-resisted|p1a: Amoonguss\n|-damage|p1a: Amoonguss|284/321\n|-hitcount|p1a: Amoonguss|5\n|\n|-heal|p1a: Amoonguss|304/321|[from] item: Leftovers\n|upkeep\n|turn|18\n|\n|t:|1782838956\n|move|p2a: Cinccino|Triple Axel|p1a: Amoonguss\n|-supereffective|p1a: Amoonguss\n|-damage|p1a: Amoonguss|252/321\n|-supereffective|p1a: Amoonguss\n|-damage|p1a: Amoonguss|154/321\n|-supereffective|p1a: Amoonguss\n|-damage|p1a: Amoonguss|2/321\n|-hitcount|p1a: Amoonguss|3\n|move|p1a: Amoonguss|Giga Drain|p2a: Cinccino\n|-damage|p2a: Cinccino|0 fnt\n|-heal|p1a: Amoonguss|46/321|[from] drain|[of] p2a: Cinccino\n|faint|p2a: Cinccino\n|\n|-heal|p1a: Amoonguss|66/321|[from] item: Leftovers\n|upkeep\n|\n|t:|1782838971\n|switch|p2a: Flareon|Flareon, L90, M|263/263\n|-damage|p2a: Flareon|198/263|[from] Stealth Rock\n|turn|19\n|\n|t:|1782838989\n|switch|p1a: Suicune|Suicune, L82|298/298\n|-ability|p1a: Suicune|Pressure\n|move|p2a: Flareon|Flare Blitz|p1a: Suicune\n|-resisted|p1a: Suicune\n|-damage|p1a: Suicune|225/298\n|-damage|p2a: Flareon|174/263|[from] Recoil\n|\n|-heal|p1a: Suicune|243/298|[from] item: Leftovers\n|-status|p2a: Flareon|tox|[from] item: Toxic Orb\n|upkeep\n|turn|20\n|\n|t:|1782838992\n|move|p1a: Suicune|Scald|p2a: Flareon\n|-supereffective|p2a: Flareon\n|-damage|p2a: Flareon|54/263 tox\n|move|p2a: Flareon|Facade|p1a: Suicune\n|-damage|p1a: Suicune|73/298\n|\n|-heal|p1a: Suicune|91/298|[from] item: Leftovers\n|-damage|p2a: Flareon|38/263 tox|[from] psn\n|upkeep\n|turn|21\n|\n|t:|1782838998\n|move|p1a: Suicune|Scald|p2a: Flareon\n|-supereffective|p2a: Flareon\n|-damage|p2a: Flareon|0 fnt\n|faint|p2a: Flareon\n|\n|-heal|p1a: Suicune|109/298|[from] item: Leftovers\n|upkeep\n|\n|t:|1782839001\n|switch|p2a: Serperior|Serperior, L79, F|248/248\n|-damage|p2a: Serperior|217/248|[from] Stealth Rock\n|turn|22\n|\n|t:|1782839011\n|switch|p1a: Amoonguss|Amoonguss, L82, M|173/321\n|move|p2a: Serperior|Substitute|p2a: Serperior\n|-start|p2a: Serperior|Substitute\n|-damage|p2a: Serperior|155/248\n|\n|-heal|p2a: Serperior|170/248|[from] item: Leftovers\n|-heal|p1a: Amoonguss|193/321|[from] item: Leftovers\n|upkeep\n|turn|23\n|\n|t:|1782839014\n|move|p2a: Serperior|Leaf Storm|p1a: Amoonguss\n|-resisted|p1a: Amoonguss\n|-damage|p1a: Amoonguss|163/321\n|-boost|p2a: Serperior|spa|2\n|move|p1a: Amoonguss|Sludge Bomb|p2a: Serperior\n|-supereffective|p2a: Serperior\n|-end|p2a: Serperior|Substitute\n|\n|-heal|p2a: Serperior|185/248|[from] item: Leftovers\n|-heal|p1a: Amoonguss|183/321|[from] item: Leftovers\n|upkeep\n|turn|24\n|\n|t:|1782839024\n|switch|p2a: Hypno|Hypno, L95, M|142/315\n|-damage|p2a: Hypno|103/315|[from] Stealth Rock\n|switch|p1a: Dondozo|Dondozo, L78, M|40/362\n|\n|-heal|p2a: Hypno|122/315|[from] item: Leftovers\n|-heal|p1a: Dondozo|62/362|[from] item: Leftovers\n|upkeep\n|turn|25\n|\n|t:|1782839030\n|move|p2a: Hypno|Psychic Noise|p1a: Dondozo\n|-damage|p1a: Dondozo|0 fnt\n|faint|p1a: Dondozo\n|\n|-heal|p2a: Hypno|141/315|[from] item: Leftovers\n|upkeep\n|\n|t:|1782839039\n|switch|p1a: Drifblim|Drifblim, L86, M|285/396 par\n|turn|26\n|\n|t:|1782839044\n|move|p2a: Hypno|Psychic Noise|p1a: Drifblim\n|-damage|p1a: Drifblim|170/396 par\n|-start|p1a: Drifblim|move: Heal Block\n|cant|p1a: Drifblim|par\n|\n|-heal|p2a: Hypno|160/315|[from] item: Leftovers\n|upkeep\n|turn|27\n|\n|t:|1782839060\n|switch|p2a: Serperior|Serperior, L79, F|185/248\n|-damage|p2a: Serperior|154/248|[from] Stealth Rock\n|move|p1a: Drifblim|Shadow Ball|p2a: Serperior\n|-damage|p2a: Serperior|67/248\n|\n|-heal|p2a: Serperior|82/248|[from] item: Leftovers\n|-end|p1a: Drifblim|move: Heal Block\n|upkeep\n|turn|28\n|\n|t:|1782839067\n|move|p2a: Serperior|Leaf Storm|p1a: Drifblim|[miss]\n|-miss|p2a: Serperior|p1a: Drifblim\n|cant|p1a: Drifblim|par\n|\n|-heal|p2a: Serperior|97/248|[from] item: Leftovers\n|upkeep\n|turn|29\n|\n|t:|1782839071\n|move|p2a: Serperior|Substitute|p2a: Serperior\n|-start|p2a: Serperior|Substitute\n|-damage|p2a: Serperior|35/248\n|move|p1a: Drifblim|Air Slash|p2a: Serperior\n|-supereffective|p2a: Serperior\n|-end|p2a: Serperior|Substitute\n|\n|-heal|p2a: Serperior|50/248|[from] item: Leftovers\n|upkeep\n|turn|30\n|\n|t:|1782839079\n|move|p2a: Serperior|Leech Seed|p1a: Drifblim\n|-start|p1a: Drifblim|move: Leech Seed\n|cant|p1a: Drifblim|par\n|\n|-heal|p2a: Serperior|65/248|[from] item: Leftovers\n|-damage|p1a: Drifblim|121/396 par|[from] Leech Seed|[of] p2a: Serperior\n|-heal|p2a: Serperior|114/248|[silent]\n|upkeep\n|turn|31\n|\n|t:|1782839084\n|switch|p1a: Scream Tail|Scream Tail, L84|225/330\n|move|p2a: Serperior|Substitute|p2a: Serperior\n|-start|p2a: Serperior|Substitute\n|-damage|p2a: Serperior|52/248\n|\n|-heal|p1a: Scream Tail|245/330|[from] item: Leftovers\n|-heal|p2a: Serperior|67/248|[from] item: Leftovers\n|upkeep\n|turn|32\n|\n|t:|1782839087\n|switch|p2a: Zamazenta|Zamazenta-Crowned, L68|238/238\n|-damage|p2a: Zamazenta|231/238|[from] Stealth Rock\n|-ability|p2a: Zamazenta|Dauntless Shield|boost\n|-boost|p2a: Zamazenta|def|1\n|move|p1a: Scream Tail|Dazzling Gleam|p2a: Zamazenta\n|-damage|p2a: Zamazenta|180/238\n|\n|-heal|p1a: Scream Tail|265/330|[from] item: Leftovers\n|upkeep\n|turn|33\n|\n|t:|1782839095\n|switch|p2a: Hypno|Hypno, L95, M|160/315\n|-damage|p2a: Hypno|121/315|[from] Stealth Rock\n|move|p1a: Scream Tail|Dazzling Gleam|p2a: Hypno\n|-damage|p2a: Hypno|78/315\n|\n|-heal|p1a: Scream Tail|285/330|[from] item: Leftovers\n|-heal|p2a: Hypno|97/315|[from] item: Leftovers\n|upkeep\n|turn|34\n|\n|t:|1782839104\n|move|p1a: Scream Tail|Wish|p1a: Scream Tail\n|move|p2a: Hypno|Thunder Wave|p1a: Scream Tail\n|-status|p1a: Scream Tail|par\n|\n|-heal|p2a: Hypno|116/315|[from] item: Leftovers\n|-heal|p1a: Scream Tail|305/330 par|[from] item: Leftovers\n|upkeep\n|turn|35\n|\n|t:|1782839111\n|move|p2a: Hypno|Psychic Noise|p1a: Scream Tail\n|-resisted|p1a: Scream Tail\n|-damage|p1a: Scream Tail|272/330 par\n|-start|p1a: Scream Tail|move: Heal Block\n|move|p1a: Scream Tail|Dazzling Gleam|p2a: Hypno\n|-damage|p2a: Hypno|67/315\n|\n|-heal|p2a: Hypno|86/315|[from] item: Leftovers\n|upkeep\n|turn|36\n|\n|t:|1782839115\n|move|p2a: Hypno|Knock Off|p1a: Scream Tail\n|-damage|p1a: Scream Tail|202/330 par\n|-enditem|p1a: Scream Tail|Leftovers|[from] move: Knock Off|[of] p2a: Hypno\n|move|p1a: Scream Tail|Dazzling Gleam|p2a: Hypno\n|-damage|p2a: Hypno|40/315\n|\n|-heal|p2a: Hypno|59/315|[from] item: Leftovers\n|-end|p1a: Scream Tail|move: Heal Block\n|upkeep\n|turn|37\n|\n|t:|1782839121\n|move|p2a: Hypno|Knock Off|p1a: Scream Tail\n|-damage|p1a: Scream Tail|161/330 par\n|move|p1a: Scream Tail|Dazzling Gleam|p2a: Hypno\n|-damage|p2a: Hypno|14/315\n|\n|-heal|p2a: Hypno|33/315|[from] item: Leftovers\n|upkeep\n|turn|38\n|\n|t:|1782839124\n|move|p2a: Hypno|Knock Off|p1a: Scream Tail\n|-damage|p1a: Scream Tail|119/330 par\n|move|p1a: Scream Tail|Dazzling Gleam|p2a: Hypno\n|-damage|p2a: Hypno|0 fnt\n|faint|p2a: Hypno\n|\n|upkeep\n|\n|t:|1782839131\n|switch|p2a: Serperior|Serperior, L79, F|67/248\n|-damage|p2a: Serperior|36/248|[from] Stealth Rock\n|turn|39\n|\n|t:|1782839135\n|move|p2a: Serperior|Leaf Storm|p1a: Scream Tail|[miss]\n|-miss|p2a: Serperior|p1a: Scream Tail\n|move|p1a: Scream Tail|Dazzling Gleam|p2a: Serperior\n|-damage|p2a: Serperior|0 fnt\n|faint|p2a: Serperior\n|\n|upkeep\n|\n|t:|1782839140\n|switch|p2a: Zamazenta|Zamazenta-Crowned, L68|180/238\n|-damage|p2a: Zamazenta|173/238|[from] Stealth Rock\n|turn|40\n|\n|t:|1782839143\n|move|p2a: Zamazenta|Iron Defense|p2a: Zamazenta\n|-boost|p2a: Zamazenta|def|2\n|move|p1a: Scream Tail|Wish|p1a: Scream Tail\n|\n|upkeep\n|turn|41\n|\n|t:|1782839153\n|move|p2a: Zamazenta|Heavy Slam|p1a: Scream Tail\n|-supereffective|p1a: Scream Tail\n|-damage|p1a: Scream Tail|0 fnt\n|faint|p1a: Scream Tail\n|-end|p1a: Scream Tail|Protosynthesis|[silent]\n|\n|upkeep\n|\n|t:|1782839157\n|switch|p1a: Amoonguss|Amoonguss, L82, M|290/321\n|turn|42\n|\n|t:|1782839163\n|switch|p2a: Lokix|Lokix, L82, F|251/251\n|-damage|p2a: Lokix|189/251|[from] Stealth Rock\n|move|p1a: Amoonguss|Spore|p2a: Lokix\n|-status|p2a: Lokix|slp|[from] move: Spore\n|\n|-heal|p1a: Amoonguss|310/321|[from] item: Leftovers\n|upkeep\n|turn|43\n|\n|t:|1782839167\n|switch|p2a: Zamazenta|Zamazenta-Crowned, L68|173/238\n|-damage|p2a: Zamazenta|166/238|[from] Stealth Rock\n|move|p1a: Amoonguss|Sludge Bomb|p2a: Zamazenta\n|-immune|p2a: Zamazenta\n|\n|-heal|p1a: Amoonguss|321/321|[from] item: Leftovers\n|upkeep\n|turn|44\n|\n|t:|1782839177\n|switch|p1a: Suicune|Suicune, L82|109/298\n|-ability|p1a: Suicune|Pressure\n|move|p2a: Zamazenta|Iron Defense|p2a: Zamazenta\n|-boost|p2a: Zamazenta|def|2\n|\n|-heal|p1a: Suicune|127/298|[from] item: Leftovers\n|upkeep\n|turn|45\n|\n|t:|1782839180\n|move|p2a: Zamazenta|Body Press|p1a: Suicune\n|-damage|p1a: Suicune|0 fnt\n|faint|p1a: Suicune\n|\n|upkeep\n|\n|t:|1782839183\n|switch|p1a: Drifblim|Drifblim, L86, M|121/396 par\n|turn|46\n|\n|t:|1782839186\n|move|p2a: Zamazenta|Heavy Slam|p1a: Drifblim\n|-damage|p1a: Drifblim|0 fnt\n|faint|p1a: Drifblim\n|\n|upkeep\n|\n|t:|1782839190\n|switch|p1a: Amoonguss|Amoonguss, L82, M|321/321\n|turn|47\n|\n|t:|1782839193\n|move|p2a: Zamazenta|Iron Defense|p2a: Zamazenta\n|-boost|p2a: Zamazenta|def|2\n|move|p1a: Amoonguss|Stomping Tantrum|p2a: Zamazenta\n|-supereffective|p2a: Zamazenta\n|-damage|p2a: Zamazenta|140/238\n|\n|upkeep\n|turn|48\n|\n|t:|1782839197\n|move|p2a: Zamazenta|Iron Defense|p2a: Zamazenta\n|-boost|p2a: Zamazenta|def|2\n|move|p1a: Amoonguss|Giga Drain|p2a: Zamazenta\n|-resisted|p2a: Zamazenta\n|-damage|p2a: Zamazenta|109/238\n|\n|upkeep\n|turn|49\n|\n|t:|1782839201\n|move|p2a: Zamazenta|Body Press|p1a: Amoonguss\n|-resisted|p1a: Amoonguss\n|-damage|p1a: Amoonguss|135/321\n|move|p1a: Amoonguss|Giga Drain|p2a: Zamazenta\n|-resisted|p2a: Zamazenta\n|-crit|p2a: Zamazenta\n|-damage|p2a: Zamazenta|65/238\n|-heal|p1a: Amoonguss|157/321|[from] drain|[of] p2a: Zamazenta\n|\n|-heal|p1a: Amoonguss|177/321|[from] item: Leftovers\n|upkeep\n|turn|50\n|c|\u2606ginigami|Gg fam\n|\n|t:|1782839206\n|move|p2a: Zamazenta|Body Press|p1a: Amoonguss\n|-resisted|p1a: Amoonguss\n|-damage|p1a: Amoonguss|3/321\n|move|p1a: Amoonguss|Giga Drain|p2a: Zamazenta\n|-resisted|p2a: Zamazenta\n|-damage|p2a: Zamazenta|37/238\n|-heal|p1a: Amoonguss|17/321|[from] drain|[of] p2a: Zamazenta\n|\n|-heal|p1a: Amoonguss|37/321|[from] item: Leftovers\n|upkeep\n|turn|51\n|\n|t:|1782839210\n|-terastallize|p1a: Amoonguss|Water\n|move|p2a: Zamazenta|Body Press|p1a: Amoonguss\n|-damage|p1a: Amoonguss|0 fnt\n|faint|p1a: Amoonguss\n|\n|win|ginigami\n|raw|IceColdAcer's rating: 2030 &rarr; <strong>2007</strong><br />(-23 for losing)\n|raw|ginigami's rating: 1981 &rarr; <strong>2004</strong><br />(+23 for winning)\n", "inputlog": ">version f8ac14003a5f27e1bdc8d8c59608a773c1cb96e5\n>start {\"formatid\":\"gen9randombattle\",\"seed\":\"sodium,7845a508cfac5fa37ea7a19616faa9f6\",\"rated\":\"Rated battle\"}\n>player p1 {\"name\":\"IceColdAcer\",\"avatar\":\"acetrainer\",\"rating\":2030,\"seed\":\"sodium,cf155550a76c2c822e7d21480d8d7c3b\"}\n>player p2 {\"name\":\"ginigami\",\"avatar\":\"102\",\"rating\":1981,\"seed\":\"sodium,55026d2a41c5e5ba3dd6a82888111f48\"}\n>p1 switch 4\n>p2 move thunderwave\n>p1 move stealthrock\n>p2 move knockoff\n>p1 move flashcannon\n>p2 move psychicnoise\n>p1 move flashcannon\n>p2 move psychicnoise\n>p1 switch 4\n>p2 move psychicnoise\n>p1 move encore\n>p2 move knockoff\n>p1 move wish\n>p2 move psychicnoise\n>p1 switch 4\n>p2 move psychicnoise\n>p1 move dracometeor\n>p2 move knockoff\n>p1 switch 6\n>p1 move calmmind\n>p2 move thunderwave\n>p1 move shadowball\n>p2 move knockoff\n>p1 move strengthsap\n>p2 move knockoff\n>p1 move shadowball\n>p2 move encore\n>p1 move shadowball\n>p2 switch 6\n>p1 switch 2\n>p2 move tailslap\n>p1 move wavecrash\n>p2 move bulletseed\n>p1 switch 5\n>p2 move bulletseed\n>p1 move gigadrain\n>p2 move tripleaxel\n>p2 switch 5\n>p1 switch 3\n>p2 move flareblitz\n>p1 move scald\n>p2 move facade\n>p1 move scald\n>p2 move flareblitz\n>p2 switch 3\n>p1 switch 3\n>p2 move substitute\n>p1 move sludgebomb\n>p2 move leafstorm\n>p1 switch 5\n>p2 switch 6\n>p1 move wavecrash\n>p2 move psychicnoise\n>p1 switch 2\n>p1 move shadowball\n>p2 move psychicnoise\n>p1 move shadowball\n>p2 switch 6\n>p1 move airslash\n>p2 move leafstorm\n>p1 move airslash\n>p2 move substitute\n>p1 move airslash\n>p2 move leechseed\n>p1 switch 4\n>p2 move substitute\n>p1 move dazzlinggleam\n>p2 switch 2\n>p1 move dazzlinggleam\n>p2 switch 6\n>p1 move wish\n>p2 move thunderwave\n>p1 move dazzlinggleam\n>p2 move psychicnoise\n>p1 move dazzlinggleam\n>p2 move knockoff\n>p1 move dazzlinggleam\n>p2 move knockoff\n>p1 move dazzlinggleam\n>p2 move knockoff\n>p2 switch 2\n>p1 move dazzlinggleam\n>p2 move leafstorm\n>p2 switch 6\n>p1 move wish\n>p2 move irondefense\n>p1 move encore\n>p2 move heavyslam\n>p1 switch 5\n>p1 move spore\n>p2 switch 4\n>p1 move sludgebomb\n>p2 switch 4\n>p1 switch 3\n>p2 move irondefense\n>p1 move scald\n>p2 move bodypress\n>p1 switch 4\n>p1 move strengthsap\n>p2 move heavyslam\n>p1 switch 3\n>p1 move stompingtantrum\n>p2 move irondefense\n>p1 move gigadrain\n>p2 move irondefense\n>p1 move gigadrain\n>p2 move bodypress\n>chat \u2606ginigami|Gg fam\n>p1 move gigadrain\n>p2 move bodypress\n>p1 move gigadrain terastallize\n>p2 move bodypress", "uploadtime": 1782839211, "views": 7, "formatid": "gen9randombattle", "rating": 2004, "private": 0, "password": null, "player_dets": [{"name": "IceColdAcer", "avatar": "acetrainer", "rating": 2030, "seed": "sodium,cf155550a76c2c822e7d21480d8d7c3b"}, {"name": "ginigami", "avatar": "102", "rating": 1981, "seed": "sodium,55026d2a41c5e5ba3dd6a82888111f48"}], "teams_full": [{"Scream Tail": {"name": "Scream Tail", "species": "Scream Tail", "speciesId": "screamtail", "gender": "N", "shiny": false, "level": 84, "moves": ["wish", "protect", "dazzlinggleam", "encore"], "ability": "Protosynthesis", "evs": {"hp": 85, "atk": 0, "def": 85, "spa": 85, "spd": 85, "spe": 85}, "ivs": {"hp": 31, "atk": 0, "def": 31, "spa": 31, "spd": 31, "spe": 31}, "item": "Leftovers", "teraType": "Steel", "role": "Bulky Attacker", "bvs": {"hp": 115, "atk": 65, "def": 99, "spa": 65, "spd": 115, "spe": 111}, "stats": {"hp": 330, "atk": 114, "def": 215, "spa": 157, "spd": 241, "spe": 235}, "types": ["Fairy", "Psychic"]}, "Dondozo": {"name": "Dondozo", "species": "Dondozo", "speciesId": "dondozo", "gender": "M", "shiny": false, "level": 78, "moves": ["curse", "sleeptalk", "rest", "wavecrash"], "ability": "Unaware", "evs": {"hp": 85, "atk": 85, "def": 85, "spa": 85, "spd": 85, "spe": 85}, "ivs": {"hp": 31, "atk": 31, "def": 31, "spa": 31, "spd": 31, "spe": 31}, "item": "Leftovers", "teraType": "Fairy", "role": "Bulky Setup", "bvs": {"hp": 150, "atk": 100, "def": 115, "spa": 65, "spd": 65, "spe": 35}, "stats": {"hp": 362, "atk": 201, "def": 224, "spa": 146, "spd": 146, "spe": 100}, "types": ["Water"]}, "Suicune": {"name": "Suicune", "species": "Suicune", "speciesId": "suicune", "gender": "N", "shiny": false, "level": 82, "moves": ["scald", "icebeam", "substitute", "calmmind"], "ability": "Pressure", "evs": {"hp": 85, "atk": 0, "def": 85, "spa": 85, "spd": 85, "spe": 85}, "ivs": {"hp": 31, "atk": 0, "def": 31, "spa": 31, "spd": 31, "spe": 31}, "item": "Leftovers", "teraType": "Steel", "role": "Bulky Setup", "bvs": {"hp": 100, "atk": 75, "def": 115, "spa": 90, "spd": 115, "spe": 85}, "stats": {"hp": 298, "atk": 127, "def": 236, "spa": 195, "spd": 236, "spe": 187}, "types": ["Water"]}, "Duraludon": {"name": "Duraludon", "species": "Duraludon", "speciesId": "duraludon", "gender": "M", "shiny": false, "level": 82, "moves": ["stealthrock", "flashcannon", "bodypress", "dracometeor"], "ability": "Light Metal", "evs": {"hp": 85, "atk": 0, "def": 85, "spa": 85, "spd": 85, "spe": 85}, "ivs": {"hp": 31, "atk": 0, "def": 31, "spa": 31, "spd": 31, "spe": 31}, "item": "Eviolite", "teraType": "Fighting", "role": "Bulky Attacker", "bvs": {"hp": 70, "atk": 95, "def": 115, "spa": 120, "spd": 50, "spe": 85}, "stats": {"hp": 249, "atk": 160, "def": 236, "spa": 244, "spd": 129, "spe": 187}, "types": ["Steel", "Dragon"]}, "Amoonguss": {"name": "Amoonguss", "species": "Amoonguss", "speciesId": "amoonguss", "gender": "M", "shiny": false, "level": 82, "moves": ["spore", "sludgebomb", "stompingtantrum", "gigadrain"], "ability": "Regenerator", "evs": {"hp": 85, "atk": 85, "def": 85, "spa": 85, "spd": 85, "spe": 85}, "ivs": {"hp": 31, "atk": 31, "def": 31, "spa": 31, "spd": 31, "spe": 31}, "item": "Leftovers", "teraType": "Water", "role": "Bulky Attacker", "bvs": {"hp": 114, "atk": 85, "def": 70, "spa": 85, "spd": 80, "spe": 30}, "stats": {"hp": 321, "atk": 187, "def": 162, "spa": 187, "spd": 178, "spe": 96}, "types": ["Grass", "Poison"]}, "Drifblim": {"name": "Drifblim", "species": "Drifblim", "speciesId": "drifblim", "gender": "M", "shiny": false, "level": 86, "moves": ["shadowball", "calmmind", "strengthsap", "airslash"], "ability": "Unburden", "evs": {"hp": 73, "atk": 0, "def": 85, "spa": 85, "spd": 85, "spe": 85}, "ivs": {"hp": 31, "atk": 0, "def": 31, "spa": 31, "spd": 31, "spe": 31}, "item": "Sitrus Berry", "teraType": "Dark", "role": "Bulky Attacker", "bvs": {"hp": 150, "atk": 80, "def": 44, "spa": 90, "spd": 54, "spe": 80}, "stats": {"hp": 396, "atk": 142, "def": 125, "spa": 204, "spd": 142, "spe": 187}, "types": ["Ghost", "Flying"]}}, {"Hypno": {"name": "Hypno", "species": "Hypno", "speciesId": "hypno", "gender": "M", "shiny": false, "level": 95, "moves": ["thunderwave", "knockoff", "encore", "psychicnoise"], "ability": "Insomnia", "evs": {"hp": 85, "atk": 85, "def": 85, "spa": 85, "spd": 85, "spe": 85}, "ivs": {"hp": 31, "atk": 31, "def": 31, "spa": 31, "spd": 31, "spe": 31}, "item": "Leftovers", "teraType": "Steel", "role": "Bulky Support", "bvs": {"hp": 85, "atk": 73, "def": 70, "spa": 73, "spd": 115, "spe": 67}, "stats": {"hp": 315, "atk": 193, "def": 187, "spa": 193, "spd": 272, "spe": 181}, "types": ["Psychic"]}, "Zamazenta": {"name": "Zamazenta", "species": "Zamazenta", "speciesId": "zamazentacrowned", "gender": "N", "shiny": false, "level": 68, "moves": ["irondefense", "stoneedge", "heavyslam", "bodypress"], "ability": "Dauntless Shield", "evs": {"hp": 85, "atk": 85, "def": 85, "spa": 85, "spd": 85, "spe": 85}, "ivs": {"hp": 31, "atk": 31, "def": 31, "spa": 31, "spd": 31, "spe": 31}, "item": "Rusted Shield", "teraType": "Ghost", "role": "Bulky Setup", "bvs": {"hp": 92, "atk": 120, "def": 140, "spa": 80, "spd": 140, "spe": 128}, "stats": {"hp": 238, "atk": 203, "def": 230, "spa": 149, "spd": 230, "spe": 214}, "types": ["Fighting", "Steel"]}, "Serperior": {"name": "Serperior", "species": "Serperior", "speciesId": "serperior", "gender": "F", "shiny": false, "level": 79, "moves": ["leafstorm", "substitute", "dragonpulse", "leechseed"], "ability": "Contrary", "evs": {"hp": 85, "atk": 0, "def": 85, "spa": 85, "spd": 85, "spe": 85}, "ivs": {"hp": 31, "atk": 0, "def": 31, "spa": 31, "spd": 31, "spe": 31}, "item": "Leftovers", "teraType": "Grass", "role": "Fast Attacker", "bvs": {"hp": 75, "atk": 75, "def": 95, "spa": 75, "spd": 95, "spe": 113}, "stats": {"hp": 248, "atk": 123, "def": 196, "spa": 164, "spd": 196, "spe": 224}, "types": ["Grass"]}, "Lokix": {"name": "Lokix", "species": "Lokix", "speciesId": "lokix", "gender": "F", "shiny": false, "level": 82, "moves": ["firstimpression", "knockoff", "suckerpunch", "leechlife"], "ability": "Tinted Lens", "evs": {"hp": 85, "atk": 85, "def": 85, "spa": 85, "spd": 85, "spe": 85}, "ivs": {"hp": 31, "atk": 31, "def": 31, "spa": 31, "spd": 31, "spe": 31}, "item": "Life Orb", "teraType": "Bug", "role": "Wallbreaker", "bvs": {"hp": 71, "atk": 102, "def": 78, "spa": 52, "spd": 55, "spe": 92}, "stats": {"hp": 251, "atk": 214, "def": 175, "spa": 132, "spd": 137, "spe": 198}, "types": ["Bug", "Dark"]}, "Flareon": {"name": "Flareon", "species": "Flareon", "speciesId": "flareon", "gender": "M", "shiny": false, "level": 90, "moves": ["facade", "trailblaze", "flareblitz", "willowisp"], "ability": "Guts", "evs": {"hp": 85, "atk": 85, "def": 85, "spa": 85, "spd": 85, "spe": 85}, "ivs": {"hp": 31, "atk": 31, "def": 31, "spa": 31, "spd": 31, "spe": 31}, "item": "Toxic Orb", "teraType": "Normal", "role": "Setup Sweeper", "bvs": {"hp": 65, "atk": 130, "def": 60, "spa": 95, "spd": 110, "spe": 65}, "stats": {"hp": 263, "atk": 285, "def": 159, "spa": 222, "spd": 249, "spe": 168}, "types": ["Fire"]}, "Cinccino": {"name": "Cinccino", "species": "Cinccino", "speciesId": "cinccino", "gender": "M", "shiny": false, "level": 83, "moves": ["tailslap", "bulletseed", "tripleaxel", "uturn"], "ability": "Technician", "evs": {"hp": 85, "atk": 85, "def": 85, "spa": 85, "spd": 85, "spe": 85}, "ivs": {"hp": 31, "atk": 31, "def": 31, "spa": 31, "spd": 31, "spe": 31}, "item": "Loaded Dice", "teraType": "Normal", "role": "Fast Attacker", "bvs": {"hp": 75, "atk": 95, "def": 60, "spa": 65, "spd": 60, "spe": 115}, "stats": {"hp": 260, "atk": 205, "def": 147, "spa": 156, "spd": 147, "spe": 239}, "types": ["Normal"]}}]}