{"id": "gen9randombattle-2642184134", "format": "[Gen 9] Random Battle", "players": ["jao mile", "botbeater6767"], "log": "|j|\u2606jao mile\n|j|\u2606botbeater6767\n|t:|1782907173\n|gametype|singles\n|player|p1|jao mile|102|2075\n|player|p2|botbeater6767|265|2128\n|gen|9\n|tier|[Gen 9] Random Battle\n|rated|\n|rule|Species Clause: Limit one of each Pok\u00e9mon\n|rule|HP Percentage Mod: HP is shown in percentages\n|rule|Sleep Clause Mod: Limit one foe put to sleep\n|rule|Illusion Level Mod: Illusion disguises the Pok\u00e9mon's true level\n|\n|t:|1782907173\n|teamsize|p1|6\n|teamsize|p2|6\n|start\n|switch|p1a: Eelektross|Eelektross, L87, F|290/290\n|switch|p2a: Mimikyu|Mimikyu, L79, M|216/216\n|turn|1\n|c|\u2606botbeater6767|hf\n|inactive|Battle timer is ON: inactive players will automatically lose when time's up. (requested by botbeater6767)\n|\n|t:|1782907179\n|move|p2a: Mimikyu|Swords Dance|p2a: Mimikyu\n|-boost|p2a: Mimikyu|atk|2\n|move|p1a: Eelektross|U-turn|p2a: Mimikyu\n|-activate|p2a: Mimikyu|ability: Disguise\n|-damage|p2a: Mimikyu|216/216\n|detailschange|p2a: Mimikyu|Mimikyu-Busted, L79, M\n|-damage|p2a: Mimikyu|189/216|[from] pokemon: Mimikyu-Busted\n|\n|t:|1782907186\n|switch|p1a: Rotom|Rotom-Mow, L87|229/229|[from] U-turn\n|\n|upkeep\n|turn|2\n|\n|t:|1782907188\n|move|p1a: Rotom|Will-O-Wisp|p2a: Mimikyu\n|-status|p2a: Mimikyu|brn\n|move|p2a: Mimikyu|Play Rough|p1a: Rotom\n|-damage|p1a: Rotom|151/229\n|-damage|p2a: Mimikyu|168/216 brn|[from] item: Life Orb\n|\n|-heal|p1a: Rotom|165/229|[from] item: Leftovers\n|-damage|p2a: Mimikyu|155/216 brn|[from] brn\n|upkeep\n|turn|3\n|\n|t:|1782907192\n|switch|p1a: Vileplume|Vileplume, L85, M|266/266\n|move|p2a: Mimikyu|Play Rough|p1a: Vileplume\n|-resisted|p1a: Vileplume\n|-damage|p1a: Vileplume|210/266\n|-damage|p2a: Mimikyu|134/216 brn|[from] item: Life Orb\n|\n|-heal|p1a: Vileplume|226/266|[from] item: Leftovers\n|-damage|p2a: Mimikyu|121/216 brn|[from] brn\n|upkeep\n|turn|4\n|\n|t:|1782907197\n|move|p2a: Mimikyu|Drain Punch|p1a: Vileplume\n|-resisted|p1a: Vileplume\n|-damage|p1a: Vileplume|196/266\n|-heal|p2a: Mimikyu|136/216 brn|[from] drain|[of] p1a: Vileplume\n|-damage|p2a: Mimikyu|115/216 brn|[from] item: Life Orb\n|move|p1a: Vileplume|Strength Sap|p2a: Mimikyu\n|-unboost|p2a: Mimikyu|atk|1\n|-heal|p1a: Vileplume|266/266\n|\n|-damage|p2a: Mimikyu|102/216 brn|[from] brn\n|upkeep\n|turn|5\n|\n|t:|1782907200\n|move|p2a: Mimikyu|Swords Dance|p2a: Mimikyu\n|-boost|p2a: Mimikyu|atk|2\n|move|p1a: Vileplume|Leech Seed|p2a: Mimikyu\n|-start|p2a: Mimikyu|move: Leech Seed\n|\n|-damage|p2a: Mimikyu|75/216 brn|[from] Leech Seed|[of] p1a: Vileplume\n|-damage|p2a: Mimikyu|62/216 brn|[from] brn\n|upkeep\n|turn|6\n|\n|t:|1782907202\n|move|p2a: Mimikyu|Play Rough|p1a: Vileplume\n|-resisted|p1a: Vileplume\n|-damage|p1a: Vileplume|201/266\n|-damage|p2a: Mimikyu|41/216 brn|[from] item: Life Orb\n|move|p1a: Vileplume|Strength Sap|p2a: Mimikyu\n|-unboost|p2a: Mimikyu|atk|1\n|-heal|p1a: Vileplume|266/266\n|\n|-damage|p2a: Mimikyu|14/216 brn|[from] Leech Seed|[of] p1a: Vileplume\n|-damage|p2a: Mimikyu|1/216 brn|[from] brn\n|upkeep\n|turn|7\n|\n|t:|1782907208\n|move|p2a: Mimikyu|Play Rough|p1a: Vileplume|[miss]\n|-miss|p2a: Mimikyu|p1a: Vileplume\n|move|p1a: Vileplume|Strength Sap|p2a: Mimikyu\n|-unboost|p2a: Mimikyu|atk|1\n|\n|-damage|p2a: Mimikyu|0 fnt|[from] Leech Seed|[of] p1a: Vileplume\n|faint|p2a: Mimikyu\n|upkeep\n|\n|t:|1782907209\n|switch|p2a: Groudon|Groudon, L72|263/263\n|-weather|SunnyDay|[from] ability: Drought|[of] p2a: Groudon\n|turn|8\n|\n|t:|1782907217\n|move|p2a: Groudon|Swords Dance|p2a: Groudon\n|-boost|p2a: Groudon|atk|2\n|move|p1a: Vileplume|Leech Seed|p2a: Groudon\n|-start|p2a: Groudon|move: Leech Seed\n|\n|-weather|SunnyDay|[upkeep]\n|-damage|p2a: Groudon|231/263|[from] Leech Seed|[of] p1a: Vileplume\n|upkeep\n|turn|9\n|\n|t:|1782907224\n|-terastallize|p1a: Vileplume|Water\n|move|p2a: Groudon|Precipice Blades|p1a: Vileplume\n|-damage|p1a: Vileplume|20/266\n|move|p1a: Vileplume|Giga Drain|p2a: Groudon\n|-supereffective|p2a: Groudon\n|-damage|p2a: Groudon|21/263\n|-heal|p1a: Vileplume|125/266|[from] drain|[of] p2a: Groudon\n|\n|-weather|SunnyDay|[upkeep]\n|-heal|p2a: Groudon|37/263|[from] item: Leftovers\n|-heal|p1a: Vileplume|141/266|[from] item: Leftovers\n|-damage|p2a: Groudon|5/263|[from] Leech Seed|[of] p1a: Vileplume\n|-heal|p1a: Vileplume|173/266|[silent]\n|upkeep\n|turn|10\n|\n|t:|1782907241\n|switch|p1a: Eelektross|Eelektross, L87, F|290/290\n|-terastallize|p2a: Groudon|Fire\n|move|p2a: Groudon|Heat Crash|p1a: Eelektross\n|-crit|p1a: Eelektross\n|-damage|p1a: Eelektross|0 fnt\n|faint|p1a: Eelektross\n|\n|-weather|SunnyDay|[upkeep]\n|-heal|p2a: Groudon|21/263|[from] item: Leftovers\n|upkeep\n|\n|t:|1782907252\n|switch|p1a: Rotom|Rotom-Mow, L87|165/229\n|turn|11\n|inactive|jao mile has 120 seconds left.\n|l|\u2606jao mile\n|inactive|jao mile disconnected and has a minute to reconnect!\n|player|p1|\n|j|\u2606jao mile\n|inactive|jao mile reconnected and has 110 seconds left.\n|player|p1|jao mile|102|\n|\n|t:|1782907283\n|move|p1a: Rotom|Thunderbolt|p2a: Groudon\n|-damage|p2a: Groudon|0 fnt\n|faint|p2a: Groudon\n|\n|-weather|SunnyDay|[upkeep]\n|-heal|p1a: Rotom|179/229|[from] item: Leftovers\n|upkeep\n|\n|t:|1782907284\n|switch|p2a: Meowstic|Meowstic, L89, M|277/277\n|turn|12\n|inactive|jao mile has 120 seconds left.\n|\n|t:|1782907289\n|switch|p1a: Kricketune|Kricketune, L99, M|312/312\n|move|p2a: Meowstic|Light Screen|p2a: Meowstic\n|-sidestart|p2: botbeater6767|move: Light Screen\n|\n|-weather|none\n|upkeep\n|turn|13\n|\n|t:|1782907291\n|switch|p2a: Keldeo|Keldeo-Resolute, L79|273/273\n|move|p1a: Kricketune|Knock Off|p2a: Keldeo\n|-resisted|p2a: Keldeo\n|-damage|p2a: Keldeo|228/273\n|-ability|p2a: Keldeo|Justified|boost\n|-boost|p2a: Keldeo|atk|1\n|-enditem|p2a: Keldeo|Life Orb|[from] move: Knock Off|[of] p1a: Kricketune\n|\n|upkeep\n|turn|14\n|\n|t:|1782907294\n|move|p2a: Keldeo|Calm Mind|p2a: Keldeo\n|-boost|p2a: Keldeo|spa|1\n|-boost|p2a: Keldeo|spd|1\n|move|p1a: Kricketune|Pounce|p2a: Keldeo\n|-resisted|p2a: Keldeo\n|-damage|p2a: Keldeo|174/273\n|-unboost|p2a: Keldeo|spe|1\n|\n|upkeep\n|turn|15\n|\n|t:|1782907297\n|move|p1a: Kricketune|Sticky Web|p2a: Keldeo\n|-sidestart|p2: botbeater6767|move: Sticky Web\n|move|p2a: Keldeo|Hydro Pump|p1a: Kricketune\n|-damage|p1a: Kricketune|54/312\n|\n|upkeep\n|turn|16\n|\n|t:|1782907301\n|switch|p1a: Vileplume|Vileplume, L85, M, tera:Water|173/266\n|move|p2a: Keldeo|Calm Mind|p2a: Keldeo\n|-boost|p2a: Keldeo|spa|1\n|-boost|p2a: Keldeo|spd|1\n|\n|-heal|p1a: Vileplume|189/266|[from] item: Leftovers\n|upkeep\n|turn|17\n|\n|t:|1782907303\n|move|p2a: Keldeo|Secret Sword|p1a: Vileplume\n|-crit|p1a: Vileplume\n|-damage|p1a: Vileplume|0 fnt\n|faint|p1a: Vileplume\n|\n|upkeep\n|\n|t:|1782907308\n|switch|p1a: Rotom|Rotom-Mow, L87|179/229\n|turn|18\n|\n|t:|1782907312\n|move|p1a: Rotom|Leaf Storm|p2a: Keldeo\n|-supereffective|p2a: Keldeo\n|-damage|p2a: Keldeo|99/273\n|-unboost|p1a: Rotom|spa|2\n|move|p2a: Keldeo|Secret Sword|p1a: Rotom\n|-damage|p1a: Rotom|2/229\n|\n|-heal|p1a: Rotom|16/229|[from] item: Leftovers\n|upkeep\n|turn|19\n|\n|t:|1782907315\n|move|p2a: Keldeo|Vacuum Wave|p1a: Rotom\n|-damage|p1a: Rotom|0 fnt\n|faint|p1a: Rotom\n|\n|-sideend|p2: botbeater6767|move: Light Screen\n|upkeep\n|\n|t:|1782907318\n|switch|p1a: Okidogi|Okidogi, L77, M|262/262\n|turn|20\n|\n|t:|1782907326\n|move|p1a: Okidogi|Gunk Shot|p2a: Keldeo\n|-damage|p2a: Keldeo|0 fnt\n|faint|p2a: Keldeo\n|\n|upkeep\n|\n|t:|1782907327\n|switch|p2a: Meowstic|Meowstic, L89, M|277/277\n|-activate|p2a: Meowstic|move: Sticky Web\n|-unboost|p2a: Meowstic|spe|1\n|turn|21\n|\n|t:|1782907333\n|move|p1a: Okidogi|Knock Off|p2a: Meowstic\n|-supereffective|p2a: Meowstic\n|-damage|p2a: Meowstic|139/277\n|-status|p2a: Meowstic|tox|[from] ability: Toxic Chain|[of] p1a: Okidogi\n|-enditem|p2a: Meowstic|Light Clay|[from] move: Knock Off|[of] p1a: Okidogi\n|move|p2a: Meowstic|Psychic Noise|p1a: Okidogi\n|-supereffective|p1a: Okidogi\n|-damage|p1a: Okidogi|6/262\n|-start|p1a: Okidogi|move: Heal Block\n|\n|-damage|p2a: Meowstic|122/277 tox|[from] psn\n|upkeep\n|turn|22\n|\n|t:|1782907340\n|switch|p1a: Kricketune|Kricketune, L99, M|54/312\n|move|p2a: Meowstic|Reflect|p2a: Meowstic\n|-sidestart|p2: botbeater6767|Reflect\n|\n|-damage|p2a: Meowstic|88/277 tox|[from] psn\n|upkeep\n|turn|23\n|\n|t:|1782907346\n|move|p1a: Kricketune|Pounce|p2a: Meowstic\n|-supereffective|p2a: Meowstic\n|-damage|p2a: Meowstic|0 fnt\n|faint|p2a: Meowstic\n|\n|upkeep\n|\n|t:|1782907347\n|switch|p2a: Weezing|Weezing-Galar, L86, M|252/252\n|turn|24\n|\n|t:|1782907349\n|move|p1a: Kricketune|Taunt|p2a: Weezing\n|-start|p2a: Weezing|move: Taunt\n|move|p2a: Weezing|Strange Steam|p1a: Kricketune\n|-damage|p1a: Kricketune|0 fnt\n|faint|p1a: Kricketune\n|\n|upkeep\n|\n|t:|1782907352\n|switch|p1a: Gliscor|Gliscor, L76, F|239/239\n|turn|25\n|\n|t:|1782907354\n|move|p1a: Gliscor|Protect|p1a: Gliscor\n|-singleturn|p1a: Gliscor|Protect\n|move|p2a: Weezing|Strange Steam|p1a: Gliscor\n|-activate|p1a: Gliscor|move: Protect\n|\n|-status|p1a: Gliscor|tox|[from] item: Toxic Orb\n|upkeep\n|turn|26\n|\n|t:|1782907359\n|move|p1a: Gliscor|Substitute|p1a: Gliscor\n|-start|p1a: Gliscor|Substitute\n|-damage|p1a: Gliscor|180/239 tox\n|move|p2a: Weezing|Strange Steam|p1a: Gliscor\n|-end|p1a: Gliscor|Substitute\n|\n|-heal|p1a: Gliscor|209/239 tox|[from] ability: Poison Heal\n|-end|p2a: Weezing|move: Taunt\n|-sideend|p2: botbeater6767|Reflect\n|upkeep\n|turn|27\n|\n|t:|1782907363\n|move|p1a: Gliscor|Protect|p1a: Gliscor\n|-singleturn|p1a: Gliscor|Protect\n|move|p2a: Weezing|Defog|p1a: Gliscor\n|-activate|p1a: Gliscor|move: Protect\n|\n|-heal|p1a: Gliscor|238/239 tox|[from] ability: Poison Heal\n|upkeep\n|turn|28\n|\n|t:|1782907366\n|switch|p1a: Okidogi|Okidogi, L77, M|6/262\n|move|p2a: Weezing|Strange Steam|p1a: Okidogi|[miss]\n|-miss|p2a: Weezing|p1a: Okidogi\n|\n|upkeep\n|turn|29\n|\n|t:|1782907378\n|move|p1a: Okidogi|Gunk Shot|p2a: Weezing\n|-damage|p2a: Weezing|159/252\n|move|p2a: Weezing|Strange Steam|p1a: Okidogi\n|-damage|p1a: Okidogi|0 fnt\n|faint|p1a: Okidogi\n|\n|-heal|p2a: Weezing|174/252|[from] item: Leftovers\n|upkeep\n|\n|t:|1782907382\n|switch|p1a: Gliscor|Gliscor, L76, F|238/239 tox\n|turn|30\n|\n|t:|1782907386\n|move|p1a: Gliscor|Substitute|p1a: Gliscor\n|-start|p1a: Gliscor|Substitute\n|-damage|p1a: Gliscor|179/239 tox\n|move|p2a: Weezing|Strange Steam|p1a: Gliscor\n|-end|p1a: Gliscor|Substitute\n|\n|-heal|p2a: Weezing|189/252|[from] item: Leftovers\n|-heal|p1a: Gliscor|208/239 tox|[from] ability: Poison Heal\n|upkeep\n|turn|31\n|\n|t:|1782907390\n|move|p1a: Gliscor|Earthquake|p2a: Weezing\n|-immune|p2a: Weezing|[from] ability: Levitate\n|move|p2a: Weezing|Strange Steam|p1a: Gliscor\n|-damage|p1a: Gliscor|99/239 tox\n|\n|-heal|p2a: Weezing|204/252|[from] item: Leftovers\n|-heal|p1a: Gliscor|128/239 tox|[from] ability: Poison Heal\n|upkeep\n|turn|32\n|\n|t:|1782907396\n|move|p1a: Gliscor|Substitute|p1a: Gliscor\n|-start|p1a: Gliscor|Substitute\n|-damage|p1a: Gliscor|69/239 tox\n|move|p2a: Weezing|Strange Steam|p1a: Gliscor\n|-end|p1a: Gliscor|Substitute\n|\n|-heal|p2a: Weezing|219/252|[from] item: Leftovers\n|-heal|p1a: Gliscor|98/239 tox|[from] ability: Poison Heal\n|upkeep\n|turn|33\n|\n|t:|1782907400\n|move|p1a: Gliscor|Protect|p1a: Gliscor\n|-singleturn|p1a: Gliscor|Protect\n|move|p2a: Weezing|Strange Steam|p1a: Gliscor\n|-activate|p1a: Gliscor|move: Protect\n|\n|-heal|p2a: Weezing|234/252|[from] item: Leftovers\n|-heal|p1a: Gliscor|127/239 tox|[from] ability: Poison Heal\n|upkeep\n|turn|34\n|\n|t:|1782907402\n|move|p1a: Gliscor|Earthquake|p2a: Weezing\n|-immune|p2a: Weezing|[from] ability: Levitate\n|move|p2a: Weezing|Strange Steam|p1a: Gliscor\n|-damage|p1a: Gliscor|6/239 tox\n|\n|-heal|p2a: Weezing|249/252|[from] item: Leftovers\n|-heal|p1a: Gliscor|35/239 tox|[from] ability: Poison Heal\n|upkeep\n|turn|35\n|\n|t:|1782907404\n|move|p1a: Gliscor|Protect|p1a: Gliscor\n|-singleturn|p1a: Gliscor|Protect\n|move|p2a: Weezing|Strange Steam|p1a: Gliscor\n|-activate|p1a: Gliscor|move: Protect\n|\n|-heal|p2a: Weezing|252/252|[from] item: Leftovers\n|-heal|p1a: Gliscor|64/239 tox|[from] ability: Poison Heal\n|upkeep\n|turn|36\n|\n|t:|1782907407\n|move|p1a: Gliscor|Substitute|p1a: Gliscor\n|-start|p1a: Gliscor|Substitute\n|-damage|p1a: Gliscor|5/239 tox\n|move|p2a: Weezing|Strange Steam|p1a: Gliscor\n|-end|p1a: Gliscor|Substitute\n|\n|-heal|p1a: Gliscor|34/239 tox|[from] ability: Poison Heal\n|upkeep\n|turn|37\n|\n|t:|1782907409\n|move|p1a: Gliscor|Protect|p1a: Gliscor\n|-singleturn|p1a: Gliscor|Protect\n|move|p2a: Weezing|Defog|p1a: Gliscor\n|-activate|p1a: Gliscor|move: Protect\n|\n|-heal|p1a: Gliscor|63/239 tox|[from] ability: Poison Heal\n|upkeep\n|turn|38\n|\n|t:|1782907411\n|move|p1a: Gliscor|Substitute|p1a: Gliscor\n|-start|p1a: Gliscor|Substitute\n|-damage|p1a: Gliscor|4/239 tox\n|move|p2a: Weezing|Strange Steam|p1a: Gliscor\n|-end|p1a: Gliscor|Substitute\n|\n|-heal|p1a: Gliscor|33/239 tox|[from] ability: Poison Heal\n|upkeep\n|turn|39\n|\n|t:|1782907413\n|move|p1a: Gliscor|Protect|p1a: Gliscor\n|-singleturn|p1a: Gliscor|Protect\n|move|p2a: Weezing|Fire Blast|p1a: Gliscor\n|-activate|p1a: Gliscor|move: Protect\n|\n|-heal|p1a: Gliscor|62/239 tox|[from] ability: Poison Heal\n|upkeep\n|turn|40\n|\n|t:|1782907418\n|move|p1a: Gliscor|Substitute|p1a: Gliscor\n|-start|p1a: Gliscor|Substitute\n|-damage|p1a: Gliscor|3/239 tox\n|move|p2a: Weezing|Strange Steam|p1a: Gliscor\n|-end|p1a: Gliscor|Substitute\n|\n|-heal|p1a: Gliscor|32/239 tox|[from] ability: Poison Heal\n|upkeep\n|turn|41\n|\n|t:|1782907421\n|move|p1a: Gliscor|Earthquake|p2a: Weezing\n|-immune|p2a: Weezing|[from] ability: Levitate\n|move|p2a: Weezing|Defog|p1a: Gliscor\n|-unboost|p1a: Gliscor|evasion|1\n|-sideend|p2: botbeater6767|Sticky Web|[from] move: Defog|[of] p2a: Weezing\n|\n|-heal|p1a: Gliscor|61/239 tox|[from] ability: Poison Heal\n|upkeep\n|turn|42\n|\n|t:|1782907425\n|move|p1a: Gliscor|Protect|p1a: Gliscor\n|-singleturn|p1a: Gliscor|Protect\n|move|p2a: Weezing|Fire Blast|p1a: Gliscor\n|-activate|p1a: Gliscor|move: Protect\n|\n|-heal|p1a: Gliscor|90/239 tox|[from] ability: Poison Heal\n|upkeep\n|turn|43\n|\n|t:|1782907428\n|move|p1a: Gliscor|Substitute|p1a: Gliscor\n|-start|p1a: Gliscor|Substitute\n|-damage|p1a: Gliscor|31/239 tox\n|move|p2a: Weezing|Strange Steam|p1a: Gliscor\n|-end|p1a: Gliscor|Substitute\n|\n|-heal|p1a: Gliscor|60/239 tox|[from] ability: Poison Heal\n|upkeep\n|turn|44\n|\n|t:|1782907434\n|move|p1a: Gliscor|Protect|p1a: Gliscor\n|-singleturn|p1a: Gliscor|Protect\n|move|p2a: Weezing|Fire Blast|p1a: Gliscor\n|-activate|p1a: Gliscor|move: Protect\n|\n|-heal|p1a: Gliscor|89/239 tox|[from] ability: Poison Heal\n|upkeep\n|turn|45\n|\n|t:|1782907436\n|move|p1a: Gliscor|Substitute|p1a: Gliscor\n|-start|p1a: Gliscor|Substitute\n|-damage|p1a: Gliscor|30/239 tox\n|move|p2a: Weezing|Fire Blast|p1a: Gliscor\n|-crit|p1a: Gliscor\n|-end|p1a: Gliscor|Substitute\n|\n|-heal|p1a: Gliscor|59/239 tox|[from] ability: Poison Heal\n|upkeep\n|turn|46\n|\n|t:|1782907438\n|move|p1a: Gliscor|Protect|p1a: Gliscor\n|-singleturn|p1a: Gliscor|Protect\n|move|p2a: Weezing|Gunk Shot|p1a: Gliscor\n|-activate|p1a: Gliscor|move: Protect\n|\n|-heal|p1a: Gliscor|88/239 tox|[from] ability: Poison Heal\n|upkeep\n|turn|47\n|\n|t:|1782907441\n|move|p1a: Gliscor|Earthquake|p2a: Weezing\n|-immune|p2a: Weezing|[from] ability: Levitate\n|move|p2a: Weezing|Fire Blast|p1a: Gliscor\n|-damage|p1a: Gliscor|0 fnt\n|faint|p1a: Gliscor\n|\n|win|botbeater6767\n|raw|jao mile's rating: 2075 &rarr; <strong>2058</strong><br />(-17 for losing)\n|raw|botbeater6767's rating: 2128 &rarr; <strong>2145</strong><br />(+17 for winning)\n", "inputlog": ">version f8ac14003a5f27e1bdc8d8c59608a773c1cb96e5\n>start {\"formatid\":\"gen9randombattle\",\"seed\":\"sodium,c057acd928a5c85c38f27aa8070b5b64\",\"rated\":\"Rated battle\"}\n>player p1 {\"name\":\"jao mile\",\"avatar\":\"102\",\"rating\":2075,\"seed\":\"sodium,aa1f4b6ef1e13f37d331644e7563b961\"}\n>player p2 {\"name\":\"botbeater6767\",\"avatar\":\"265\",\"rating\":2128,\"seed\":\"sodium,694e810a0bdf944c3071eb040a101060\"}\n>chat \u2606botbeater6767|hf\n>p1 move uturn\n>p2 move swordsdance\n>p1 switch 2\n>p1 move willowisp\n>p2 move playrough\n>p1 switch 4\n>p2 move playrough\n>p1 move strengthsap\n>p2 move drainpunch\n>p1 move leechseed\n>p2 move swordsdance\n>p1 move strengthsap\n>p2 move playrough\n>p1 move strengthsap\n>p2 move playrough\n>p2 switch 6\n>p1 move leechseed\n>p2 move swordsdance\n>p1 move gigadrain terastallize\n>p2 move precipiceblades\n>p1 switch 2\n>p2 move heatcrash terastallize\n>p1 switch 4\n>p1 move thunderbolt\n>p2 move heatcrash\n>p2 switch 5\n>p1 switch 3\n>p2 move lightscreen\n>p1 move knockoff\n>p2 switch 4\n>p1 move pounce\n>p2 move calmmind\n>p1 move stickyweb\n>p2 move hydropump\n>p1 switch 2\n>p2 move calmmind\n>p1 move leechseed\n>p2 move secretsword\n>p1 switch 3\n>p1 move leafstorm\n>p2 move secretsword\n>p1 move leafstorm\n>p2 move vacuumwave\n>p1 switch 5\n>p1 move gunkshot\n>p2 move hydropump\n>p2 switch 4\n>p1 move knockoff\n>p2 move psychicnoise\n>p1 switch 2\n>p2 move reflect\n>p1 move pounce\n>p2 move psychicnoise\n>p2 switch 2\n>p1 move taunt\n>p2 move strangesteam\n>p1 switch 6\n>p1 move protect\n>p2 move strangesteam\n>p1 move substitute\n>p2 move strangesteam\n>p1 move protect\n>p2 move defog\n>p1 switch 2\n>p2 move strangesteam\n>p1 move gunkshot\n>p2 move strangesteam\n>p1 switch 2\n>p1 move substitute\n>p2 move strangesteam\n>p1 move earthquake\n>p2 move strangesteam\n>p1 move substitute\n>p2 move strangesteam\n>p1 move protect\n>p2 move strangesteam\n>p1 move earthquake\n>p2 move strangesteam\n>p1 move protect\n>p2 move strangesteam\n>p1 move substitute\n>p2 move strangesteam\n>p1 move protect\n>p2 move defog\n>p1 move substitute\n>p2 move strangesteam\n>p1 move protect\n>p2 move fireblast\n>p1 move substitute\n>p2 move strangesteam\n>p1 move earthquake\n>p2 move defog\n>p1 move protect\n>p2 move fireblast\n>p1 move substitute\n>p2 move strangesteam\n>p1 move protect\n>p2 move fireblast\n>p1 move substitute\n>p2 move fireblast\n>p1 move protect\n>p2 move gunkshot\n>p1 move earthquake\n>p2 move fireblast", "uploadtime": 1782907441, "views": 3, "formatid": "gen9randombattle", "rating": 2058, "private": 0, "password": null, "player_dets": [{"name": "jao mile", "avatar": "102", "rating": 2075, "seed": "sodium,aa1f4b6ef1e13f37d331644e7563b961"}, {"name": "botbeater6767", "avatar": "265", "rating": 2128, "seed": "sodium,694e810a0bdf944c3071eb040a101060"}], "teams_full": [{"Eelektross": {"name": "Eelektross", "species": "Eelektross", "speciesId": "eelektross", "gender": "F", "shiny": false, "level": 87, "moves": ["discharge", "dragontail", "uturn", "knockoff"], "ability": "Levitate", "evs": {"hp": 85, "atk": 85, "def": 85, "spa": 85, "spd": 85, "spe": 85}, "ivs": {"hp": 31, "atk": 31, "def": 31, "spa": 31, "spd": 31, "spe": 31}, "item": "Assault Vest", "teraType": "Steel", "role": "AV Pivot", "bvs": {"hp": 85, "atk": 115, "def": 80, "spa": 105, "spd": 80, "spe": 50}, "stats": {"hp": 290, "atk": 250, "def": 189, "spa": 232, "spd": 189, "spe": 137}, "types": ["Electric"]}, "Rotom": {"name": "Rotom", "species": "Rotom-Mow", "speciesId": "rotommow", "gender": "N", "shiny": false, "level": 87, "moves": ["thunderbolt", "willowisp", "nastyplot", "leafstorm"], "ability": "Levitate", "evs": {"hp": 85, "atk": 0, "def": 85, "spa": 85, "spd": 85, "spe": 85}, "ivs": {"hp": 31, "atk": 0, "def": 31, "spa": 31, "spd": 31, "spe": 31}, "item": "Leftovers", "teraType": "Electric", "role": "Bulky Attacker", "bvs": {"hp": 50, "atk": 65, "def": 107, "spa": 105, "spd": 107, "spe": 86}, "stats": {"hp": 229, "atk": 118, "def": 236, "spa": 232, "spd": 236, "spe": 199}, "types": ["Electric", "Grass"]}, "Kricketune": {"name": "Kricketune", "species": "Kricketune", "speciesId": "kricketune", "gender": "M", "shiny": false, "level": 99, "moves": ["knockoff", "stickyweb", "pounce", "taunt"], "ability": "Technician", "evs": {"hp": 85, "atk": 85, "def": 85, "spa": 85, "spd": 85, "spe": 85}, "ivs": {"hp": 31, "atk": 31, "def": 31, "spa": 31, "spd": 31, "spe": 31}, "item": "Heavy-Duty Boots", "teraType": "Ghost", "role": "Fast Support", "bvs": {"hp": 77, "atk": 85, "def": 51, "spa": 55, "spd": 51, "spe": 65}, "stats": {"hp": 312, "atk": 224, "def": 157, "spa": 165, "spd": 157, "spe": 185}, "types": ["Bug"]}, "Vileplume": {"name": "Vileplume", "species": "Vileplume", "speciesId": "vileplume", "gender": "M", "shiny": false, "level": 85, "moves": ["gigadrain", "sludgebomb", "leechseed", "strengthsap"], "ability": "Effect Spore", "evs": {"hp": 85, "atk": 0, "def": 85, "spa": 85, "spd": 85, "spe": 85}, "ivs": {"hp": 31, "atk": 0, "def": 31, "spa": 31, "spd": 31, "spe": 31}, "item": "Leftovers", "teraType": "Water", "role": "Bulky Attacker", "bvs": {"hp": 75, "atk": 80, "def": 85, "spa": 110, "spd": 90, "spe": 50}, "stats": {"hp": 266, "atk": 141, "def": 193, "spa": 236, "spd": 202, "spe": 134}, "types": ["Grass", "Poison"]}, "Okidogi": {"name": "Okidogi", "species": "Okidogi", "speciesId": "okidogi", "gender": "M", "shiny": false, "level": 77, "moves": ["highhorsepower", "drainpunch", "gunkshot", "knockoff"], "ability": "Toxic Chain", "evs": {"hp": 85, "atk": 85, "def": 85, "spa": 85, "spd": 85, "spe": 85}, "ivs": {"hp": 31, "atk": 31, "def": 31, "spa": 31, "spd": 31, "spe": 31}, "item": "Assault Vest", "teraType": "Dark", "role": "AV Pivot", "bvs": {"hp": 88, "atk": 128, "def": 115, "spa": 58, "spd": 86, "spe": 80}, "stats": {"hp": 262, "atk": 242, "def": 222, "spa": 134, "spd": 177, "spe": 168}, "types": ["Poison", "Fighting"]}, "Gliscor": {"name": "Gliscor", "species": "Gliscor", "speciesId": "gliscor", "gender": "F", "shiny": false, "level": 76, "moves": ["earthquake", "substitute", "toxic", "protect"], "ability": "Poison Heal", "evs": {"hp": 85, "atk": 85, "def": 85, "spa": 85, "spd": 85, "spe": 85}, "ivs": {"hp": 31, "atk": 31, "def": 31, "spa": 31, "spd": 31, "spe": 31}, "item": "Toxic Orb", "teraType": "Water", "role": "Fast Support", "bvs": {"hp": 75, "atk": 95, "def": 125, "spa": 45, "spd": 75, "spe": 95}, "stats": {"hp": 239, "atk": 188, "def": 234, "spa": 112, "spd": 158, "spe": 188}, "types": ["Ground", "Flying"]}}, {"Mimikyu": {"name": "Mimikyu", "species": "Mimikyu", "speciesId": "mimikyu", "gender": "M", "shiny": false, "level": 79, "moves": ["drainpunch", "shadowsneak", "playrough", "swordsdance"], "ability": "Disguise", "evs": {"hp": 85, "atk": 85, "def": 85, "spa": 85, "spd": 85, "spe": 85}, "ivs": {"hp": 31, "atk": 31, "def": 31, "spa": 31, "spd": 31, "spe": 31}, "item": "Life Orb", "teraType": "Fairy", "role": "Setup Sweeper", "bvs": {"hp": 55, "atk": 90, "def": 80, "spa": 50, "spd": 105, "spe": 96}, "stats": {"hp": 216, "atk": 188, "def": 172, "spa": 125, "spd": 211, "spe": 197}, "types": ["Ghost", "Fairy"]}, "Weezing": {"name": "Weezing", "species": "Weezing-Galar", "speciesId": "weezinggalar", "gender": "M", "shiny": false, "level": 86, "moves": ["gunkshot", "fireblast", "strangesteam", "defog"], "ability": "Levitate", "evs": {"hp": 85, "atk": 85, "def": 85, "spa": 85, "spd": 85, "spe": 85}, "ivs": {"hp": 31, "atk": 31, "def": 31, "spa": 31, "spd": 31, "spe": 31}, "item": "Leftovers", "teraType": "Steel", "role": "Bulky Support", "bvs": {"hp": 65, "atk": 90, "def": 120, "spa": 85, "spd": 70, "spe": 60}, "stats": {"hp": 252, "atk": 204, "def": 256, "spa": 195, "spd": 170, "spe": 152}, "types": ["Poison", "Fairy"]}, "Dusknoir": {"name": "Dusknoir", "species": "Dusknoir", "speciesId": "dusknoir", "gender": "M", "shiny": false, "level": 89, "moves": ["shadowsneak", "earthquake", "poltergeist", "painsplit"], "ability": "Frisk", "evs": {"hp": 85, "atk": 85, "def": 85, "spa": 85, "spd": 85, "spe": 85}, "ivs": {"hp": 31, "atk": 31, "def": 31, "spa": 31, "spd": 31, "spe": 31}, "item": "Leftovers", "teraType": "Fairy", "role": "Bulky Support", "bvs": {"hp": 45, "atk": 100, "def": 135, "spa": 65, "spd": 135, "spe": 45}, "stats": {"hp": 225, "atk": 229, "def": 291, "spa": 166, "spd": 291, "spe": 131}, "types": ["Ghost"]}, "Keldeo": {"name": "Keldeo", "species": "Keldeo-Resolute", "speciesId": "keldeoresolute", "gender": "N", "shiny": false, "level": 79, "moves": ["calmmind", "hydropump", "secretsword", "vacuumwave"], "ability": "Justified", "evs": {"hp": 85, "atk": 0, "def": 85, "spa": 85, "spd": 85, "spe": 85}, "ivs": {"hp": 31, "atk": 0, "def": 31, "spa": 31, "spd": 31, "spe": 31}, "item": "Life Orb", "teraType": "Water", "role": "Fast Attacker", "bvs": {"hp": 91, "atk": 72, "def": 90, "spa": 129, "spd": 90, "spe": 108}, "stats": {"hp": 273, "atk": 118, "def": 188, "spa": 249, "spd": 188, "spe": 216}, "types": ["Water", "Fighting"]}, "Meowstic": {"name": "Meowstic", "species": "Meowstic", "speciesId": "meowstic", "gender": "M", "shiny": false, "level": 89, "moves": ["alluringvoice", "psychicnoise", "lightscreen", "reflect"], "ability": "Prankster", "evs": {"hp": 85, "atk": 0, "def": 85, "spa": 85, "spd": 85, "spe": 85}, "ivs": {"hp": 31, "atk": 0, "def": 31, "spa": 31, "spd": 31, "spe": 31}, "item": "Light Clay", "teraType": "Fairy", "role": "Bulky Support", "bvs": {"hp": 74, "atk": 48, "def": 76, "spa": 83, "spd": 81, "spe": 104}, "stats": {"hp": 277, "atk": 90, "def": 186, "spa": 199, "spd": 195, "spe": 236}, "types": ["Psychic"]}, "Groudon": {"name": "Groudon", "species": "Groudon", "speciesId": "groudon", "gender": "N", "shiny": false, "level": 72, "moves": ["precipiceblades", "stoneedge", "heatcrash", "swordsdance"], "ability": "Drought", "evs": {"hp": 85, "atk": 85, "def": 85, "spa": 85, "spd": 85, "spe": 85}, "ivs": {"hp": 31, "atk": 31, "def": 31, "spa": 31, "spd": 31, "spe": 31}, "item": "Leftovers", "teraType": "Fire", "role": "Bulky Setup", "bvs": {"hp": 100, "atk": 150, "def": 140, "spa": 100, "spd": 90, "spe": 90}, "stats": {"hp": 263, "atk": 258, "def": 244, "spa": 186, "spd": 172, "spe": 172}, "types": ["Ground"]}}]}