{"id": "gen9randombattle-2642061575", "format": "[Gen 9] Random Battle", "players": ["notmetbh102", "Seit417"], "log": "|badge|p1|bronze|gen9randombattle|100-10\n|uhtml|medal-msg|<div class=\"broadcast-blue\">Curious what those medals under the avatar are? PS now has Ladder Seasons! For more information, check out the <a href=\"https://www.smogon.com/forums/threads/3740067/\">thread on Smogon.</a></div>\n|j|\u2606notmetbh102\n|j|\u2606Seit417\n|t:|1782881687\n|gametype|singles\n|player|p1|notmetbh102|265|2213\n|player|p2|Seit417|burglar|2208\n|gen|9\n|tier|[Gen 9] Random Battle\n|rated|\n|rule|Species Clause: Limit one of each Pok\u00e9mon\n|rule|HP Percentage Mod: HP is shown in percentages\n|rule|Sleep Clause Mod: Limit one foe put to sleep\n|rule|Illusion Level Mod: Illusion disguises the Pok\u00e9mon's true level\n|\n|t:|1782881687\n|teamsize|p1|6\n|teamsize|p2|6\n|start\n|switch|p1a: Keldeo|Keldeo-Resolute, L79|273/273\n|switch|p2a: Toucannon|Toucannon, L88, M|284/284\n|turn|1\n|inactive|Battle timer is ON: inactive players will automatically lose when time's up. (requested by notmetbh102)\n|c|\u2606notmetbh102|hf\n|\n|t:|1782881715\n|move|p1a: Keldeo|Flip Turn|p2a: Toucannon\n|-damage|p2a: Toucannon|236/284\n|\n|t:|1782881716\n|switch|p1a: Forretress|Forretress, L84, F|263/263|[from] Flip Turn\n|move|p2a: Toucannon|Bullet Seed|p1a: Forretress\n|-resisted|p1a: Forretress\n|-damage|p1a: Forretress|259/263\n|-resisted|p1a: Forretress\n|-damage|p1a: Forretress|255/263\n|-resisted|p1a: Forretress\n|-damage|p1a: Forretress|251/263\n|-resisted|p1a: Forretress\n|-damage|p1a: Forretress|247/263\n|-resisted|p1a: Forretress\n|-damage|p1a: Forretress|243/263\n|-hitcount|p1a: Forretress|5\n|\n|-heal|p1a: Forretress|259/263|[from] item: Leftovers\n|upkeep\n|turn|2\n|\n|t:|1782881736\n|switch|p2a: Cinderace|Cinderace, L77, M|249/249\n|move|p1a: Forretress|Thunder Wave|p2a: Cinderace\n|-status|p2a: Cinderace|par\n|\n|-heal|p1a: Forretress|263/263|[from] item: Leftovers\n|upkeep\n|turn|3\n|\n|t:|1782881742\n|switch|p1a: Enamorus|Enamorus-Therian, L83, F|259/259\n|move|p2a: Cinderace|High Jump Kick|p1a: Enamorus\n|-start|p2a: Cinderace|typechange|Fighting|[from] ability: Libero\n|-resisted|p1a: Enamorus\n|-damage|p1a: Enamorus|216/259\n|\n|upkeep\n|turn|4\n|\n|t:|1782881758\n|switch|p2a: Lugia|Lugia, L73|275/275\n|move|p1a: Enamorus|Moonblast|p2a: Lugia\n|-damage|p2a: Lugia|206/275\n|-unboost|p2a: Lugia|spa|1\n|\n|upkeep\n|turn|5\n|\n|t:|1782881768\n|move|p2a: Lugia|Calm Mind|p2a: Lugia\n|-boost|p2a: Lugia|spa|1\n|-boost|p2a: Lugia|spd|1\n|move|p1a: Enamorus|Moonblast|p2a: Lugia\n|-damage|p2a: Lugia|116/275\n|-unboost|p2a: Lugia|spa|1\n|\n|upkeep\n|turn|6\n|\n|t:|1782881771\n|move|p2a: Lugia|Recover|p2a: Lugia\n|-heal|p2a: Lugia|254/275\n|move|p1a: Enamorus|Moonblast|p2a: Lugia\n|-damage|p2a: Lugia|163/275\n|\n|upkeep\n|turn|7\n|\n|t:|1782881774\n|move|p2a: Lugia|Recover|p2a: Lugia\n|-heal|p2a: Lugia|275/275\n|move|p1a: Enamorus|Moonblast|p2a: Lugia\n|-damage|p2a: Lugia|229/275\n|\n|upkeep\n|turn|8\n|\n|t:|1782881777\n|move|p2a: Lugia|Calm Mind|p2a: Lugia\n|-boost|p2a: Lugia|spa|1\n|-boost|p2a: Lugia|spd|1\n|move|p1a: Enamorus|Moonblast|p2a: Lugia\n|-damage|p2a: Lugia|160/275\n|-unboost|p2a: Lugia|spa|1\n|\n|upkeep\n|turn|9\n|\n|t:|1782881780\n|move|p2a: Lugia|Recover|p2a: Lugia\n|-heal|p2a: Lugia|275/275\n|move|p1a: Enamorus|Moonblast|p2a: Lugia\n|-damage|p2a: Lugia|241/275\n|\n|upkeep\n|turn|10\n|\n|t:|1782881782\n|move|p2a: Lugia|Calm Mind|p2a: Lugia\n|-boost|p2a: Lugia|spa|1\n|-boost|p2a: Lugia|spd|1\n|move|p1a: Enamorus|Moonblast|p2a: Lugia\n|-damage|p2a: Lugia|187/275\n|\n|upkeep\n|turn|11\n|\n|t:|1782881785\n|move|p2a: Lugia|Calm Mind|p2a: Lugia\n|-boost|p2a: Lugia|spa|1\n|-boost|p2a: Lugia|spd|1\n|move|p1a: Enamorus|Moonblast|p2a: Lugia\n|-crit|p2a: Lugia\n|-damage|p2a: Lugia|0 fnt\n|faint|p2a: Lugia\n|\n|upkeep\n|\n|t:|1782881790\n|switch|p2a: Gholdengo|Gholdengo, L77|261/261\n|turn|12\n|\n|t:|1782881797\n|switch|p2a: Toucannon|Toucannon, L88, M|236/284\n|switch|p1a: Arceus|Arceus-Ground, L70|284/284\n|\n|upkeep\n|turn|13\n|\n|t:|1782881802\n|switch|p1a: Forretress|Forretress, L84, F|263/263\n|-singleturn|p2a: Toucannon|move: Beak Blast\n|move|p2a: Toucannon|Beak Blast|p1a: Forretress\n|-damage|p1a: Forretress|172/263\n|\n|-heal|p1a: Forretress|188/263|[from] item: Leftovers\n|upkeep\n|turn|14\n|\n|t:|1782881812\n|switch|p2a: Gholdengo|Gholdengo, L77|261/261\n|move|p1a: Forretress|Thunder Wave|p2a: Gholdengo\n|-immune|p2a: Gholdengo|[from] ability: Good as Gold\n|\n|-heal|p1a: Forretress|204/263|[from] item: Leftovers\n|upkeep\n|turn|15\n|\n|t:|1782881818\n|move|p2a: Gholdengo|Nasty Plot|p2a: Gholdengo\n|-boost|p2a: Gholdengo|spa|2\n|move|p1a: Forretress|Stealth Rock|p2a: Gholdengo\n|-sidestart|p2: Seit417|move: Stealth Rock\n|\n|-heal|p1a: Forretress|220/263|[from] item: Leftovers\n|upkeep\n|turn|16\n|\n|t:|1782881828\n|switch|p1a: Arceus|Arceus-Ground, L70|284/284\n|move|p2a: Gholdengo|Shadow Ball|p1a: Arceus\n|-damage|p1a: Arceus|121/284\n|-unboost|p1a: Arceus|spd|1\n|\n|upkeep\n|turn|17\n|\n|t:|1782881844\n|switch|p2a: Toucannon|Toucannon, L88, M|236/284\n|move|p1a: Arceus|Judgment|p2a: Toucannon\n|-immune|p2a: Toucannon\n|\n|upkeep\n|turn|18\n|\n|t:|1782881851\n|switch|p1a: Dedenne|Dedenne, L88, M|261/261\n|move|p2a: Toucannon|Boomburst|p1a: Dedenne\n|-damage|p1a: Dedenne|95/261\n|-enditem|p1a: Dedenne|Sitrus Berry|[eat]\n|-heal|p1a: Dedenne|160/261|[from] item: Sitrus Berry\n|-heal|p1a: Dedenne|247/261|[from] ability: Cheek Pouch\n|\n|upkeep\n|turn|19\n|\n|t:|1782881871\n|switch|p2a: Cinderace|Cinderace, L77, M|249/249 par\n|-damage|p2a: Cinderace|187/249 par|[from] Stealth Rock\n|move|p1a: Dedenne|Thunderbolt|p2a: Cinderace\n|-damage|p2a: Cinderace|73/249 par\n|\n|upkeep\n|turn|20\n|inactive|Seit417 has 120 seconds left.\n|\n|t:|1782881903\n|move|p1a: Dedenne|Thunderbolt|p2a: Cinderace\n|-damage|p2a: Cinderace|0 fnt\n|faint|p2a: Cinderace\n|\n|upkeep\n|\n|t:|1782881909\n|switch|p2a: Cresselia|Cresselia, L80, F|323/323\n|-damage|p2a: Cresselia|283/323|[from] Stealth Rock\n|turn|21\n|\n|t:|1782881913\n|move|p1a: Dedenne|Nuzzle|p2a: Cresselia\n|-damage|p2a: Cresselia|267/323\n|-status|p2a: Cresselia|par\n|move|p2a: Cresselia|Calm Mind|p2a: Cresselia\n|-boost|p2a: Cresselia|spa|1\n|-boost|p2a: Cresselia|spd|1\n|\n|-heal|p2a: Cresselia|287/323 par|[from] item: Leftovers\n|upkeep\n|turn|22\n|\n|t:|1782881918\n|switch|p1a: Enamorus|Enamorus-Therian, L83, F|216/259\n|cant|p2a: Cresselia|par\n|\n|-heal|p2a: Cresselia|307/323 par|[from] item: Leftovers\n|upkeep\n|turn|23\n|\n|t:|1782881931\n|move|p1a: Enamorus|Mystical Fire|p2a: Cresselia\n|-crit|p2a: Cresselia\n|-damage|p2a: Cresselia|178/323 par\n|-unboost|p2a: Cresselia|spa|1\n|move|p2a: Cresselia|Calm Mind|p2a: Cresselia\n|-boost|p2a: Cresselia|spa|1\n|-boost|p2a: Cresselia|spd|1\n|\n|-heal|p2a: Cresselia|198/323 par|[from] item: Leftovers\n|upkeep\n|turn|24\n|\n|t:|1782881938\n|move|p1a: Enamorus|Mystical Fire|p2a: Cresselia\n|-damage|p2a: Cresselia|156/323 par\n|-unboost|p2a: Cresselia|spa|1\n|move|p2a: Cresselia|Calm Mind|p2a: Cresselia\n|-boost|p2a: Cresselia|spa|1\n|-boost|p2a: Cresselia|spd|1\n|\n|-heal|p2a: Cresselia|176/323 par|[from] item: Leftovers\n|upkeep\n|turn|25\n|\n|t:|1782881941\n|move|p1a: Enamorus|Mystical Fire|p2a: Cresselia\n|-damage|p2a: Cresselia|140/323 par\n|-unboost|p2a: Cresselia|spa|1\n|cant|p2a: Cresselia|par\n|\n|-heal|p2a: Cresselia|160/323 par|[from] item: Leftovers\n|upkeep\n|turn|26\n|\n|t:|1782881944\n|move|p1a: Enamorus|Mystical Fire|p2a: Cresselia\n|-damage|p2a: Cresselia|124/323 par\n|-unboost|p2a: Cresselia|spa|1\n|move|p2a: Cresselia|Moonlight|p2a: Cresselia\n|-heal|p2a: Cresselia|285/323 par\n|\n|-heal|p2a: Cresselia|305/323 par|[from] item: Leftovers\n|upkeep\n|turn|27\n|\n|t:|1782881946\n|move|p1a: Enamorus|Mystical Fire|p2a: Cresselia\n|-damage|p2a: Cresselia|272/323 par\n|-unboost|p2a: Cresselia|spa|1\n|move|p2a: Cresselia|Calm Mind|p2a: Cresselia\n|-boost|p2a: Cresselia|spa|1\n|-boost|p2a: Cresselia|spd|1\n|\n|-heal|p2a: Cresselia|292/323 par|[from] item: Leftovers\n|upkeep\n|turn|28\n|\n|t:|1782881950\n|move|p1a: Enamorus|Mystical Fire|p2a: Cresselia\n|-damage|p2a: Cresselia|262/323 par\n|-unboost|p2a: Cresselia|spa|1\n|move|p2a: Cresselia|Calm Mind|p2a: Cresselia\n|-boost|p2a: Cresselia|spa|1\n|-boost|p2a: Cresselia|spd|1\n|\n|-heal|p2a: Cresselia|282/323 par|[from] item: Leftovers\n|upkeep\n|turn|29\n|\n|t:|1782881952\n|move|p1a: Enamorus|Mystical Fire|p2a: Cresselia\n|-damage|p2a: Cresselia|257/323 par\n|-unboost|p2a: Cresselia|spa|1\n|move|p2a: Cresselia|Calm Mind|p2a: Cresselia\n|-boost|p2a: Cresselia|spa|1\n|-boost|p2a: Cresselia|spd|1\n|\n|-heal|p2a: Cresselia|277/323 par|[from] item: Leftovers\n|upkeep\n|turn|30\n|\n|t:|1782881962\n|move|p1a: Enamorus|Mystical Fire|p2a: Cresselia\n|-damage|p2a: Cresselia|256/323 par\n|-unboost|p2a: Cresselia|spa|1\n|move|p2a: Cresselia|Calm Mind|p2a: Cresselia\n|-boost|p2a: Cresselia|spa|1\n|-boost|p2a: Cresselia|spd|0\n|\n|-heal|p2a: Cresselia|276/323 par|[from] item: Leftovers\n|upkeep\n|turn|31\n|\n|t:|1782881964\n|move|p1a: Enamorus|Mystical Fire|p2a: Cresselia\n|-damage|p2a: Cresselia|254/323 par\n|-unboost|p2a: Cresselia|spa|1\n|cant|p2a: Cresselia|par\n|\n|-heal|p2a: Cresselia|274/323 par|[from] item: Leftovers\n|upkeep\n|turn|32\n|\n|t:|1782881967\n|move|p1a: Enamorus|Mystical Fire|p2a: Cresselia\n|-damage|p2a: Cresselia|253/323 par\n|-unboost|p2a: Cresselia|spa|1\n|cant|p2a: Cresselia|par\n|\n|-heal|p2a: Cresselia|273/323 par|[from] item: Leftovers\n|upkeep\n|turn|33\n|\n|t:|1782881970\n|move|p1a: Enamorus|Mystical Fire|p2a: Cresselia\n|-damage|p2a: Cresselia|250/323 par\n|-unboost|p2a: Cresselia|spa|1\n|move|p2a: Cresselia|Calm Mind|p2a: Cresselia\n|-boost|p2a: Cresselia|spa|1\n|-boost|p2a: Cresselia|spd|0\n|\n|-heal|p2a: Cresselia|270/323 par|[from] item: Leftovers\n|upkeep\n|turn|34\n|\n|t:|1782881973\n|move|p1a: Enamorus|Mystical Fire|p2a: Cresselia\n|-damage|p2a: Cresselia|247/323 par\n|-unboost|p2a: Cresselia|spa|1\n|cant|p2a: Cresselia|par\n|\n|-heal|p2a: Cresselia|267/323 par|[from] item: Leftovers\n|upkeep\n|turn|35\n|\n|t:|1782881974\n|move|p1a: Enamorus|Mystical Fire|p2a: Cresselia\n|-damage|p2a: Cresselia|247/323 par\n|-unboost|p2a: Cresselia|spa|1\n|move|p2a: Cresselia|Calm Mind|p2a: Cresselia\n|-boost|p2a: Cresselia|spa|1\n|-boost|p2a: Cresselia|spd|0\n|\n|-heal|p2a: Cresselia|267/323 par|[from] item: Leftovers\n|upkeep\n|turn|36\n|\n|t:|1782881981\n|move|p1a: Enamorus|Mystical Fire|p2a: Cresselia\n|-crit|p2a: Cresselia\n|-damage|p2a: Cresselia|147/323 par\n|-unboost|p2a: Cresselia|spa|1\n|move|p2a: Cresselia|Calm Mind|p2a: Cresselia\n|-boost|p2a: Cresselia|spa|1\n|-boost|p2a: Cresselia|spd|0\n|\n|-heal|p2a: Cresselia|167/323 par|[from] item: Leftovers\n|upkeep\n|turn|37\n|\n|t:|1782881985\n|move|p1a: Enamorus|Mystical Fire|p2a: Cresselia\n|-damage|p2a: Cresselia|147/323 par\n|-unboost|p2a: Cresselia|spa|1\n|move|p2a: Cresselia|Moonlight|p2a: Cresselia\n|-heal|p2a: Cresselia|308/323 par\n|\n|-heal|p2a: Cresselia|323/323 par|[from] item: Leftovers\n|upkeep\n|turn|38\n|\n|t:|1782881989\n|move|p1a: Enamorus|Mystical Fire|p2a: Cresselia\n|-damage|p2a: Cresselia|300/323 par\n|-unboost|p2a: Cresselia|spa|1\n|move|p2a: Cresselia|Calm Mind|p2a: Cresselia\n|-boost|p2a: Cresselia|spa|1\n|-boost|p2a: Cresselia|spd|0\n|\n|-heal|p2a: Cresselia|320/323 par|[from] item: Leftovers\n|upkeep\n|turn|39\n|\n|t:|1782881996\n|switch|p1a: Dedenne|Dedenne, L88, M|247/261\n|move|p2a: Cresselia|Calm Mind|p2a: Cresselia\n|-boost|p2a: Cresselia|spa|1\n|-boost|p2a: Cresselia|spd|0\n|\n|-heal|p2a: Cresselia|323/323 par|[from] item: Leftovers\n|upkeep\n|turn|40\n|\n|t:|1782882007\n|switch|p1a: Enamorus|Enamorus-Therian, L83, F|216/259\n|move|p2a: Cresselia|Calm Mind|p2a: Cresselia\n|-boost|p2a: Cresselia|spa|1\n|-boost|p2a: Cresselia|spd|0\n|\n|upkeep\n|turn|41\n|\n|t:|1782882012\n|move|p1a: Enamorus|Moonblast|p2a: Cresselia\n|-damage|p2a: Cresselia|281/323 par\n|move|p2a: Cresselia|Calm Mind|p2a: Cresselia\n|-boost|p2a: Cresselia|spa|1\n|-boost|p2a: Cresselia|spd|0\n|\n|-heal|p2a: Cresselia|301/323 par|[from] item: Leftovers\n|upkeep\n|turn|42\n|\n|t:|1782882022\n|move|p1a: Enamorus|Moonblast|p2a: Cresselia\n|-damage|p2a: Cresselia|261/323 par\n|move|p2a: Cresselia|Calm Mind|p2a: Cresselia\n|-boost|p2a: Cresselia|spa|1\n|-boost|p2a: Cresselia|spd|0\n|\n|-heal|p2a: Cresselia|281/323 par|[from] item: Leftovers\n|upkeep\n|turn|43\n|\n|t:|1782882030\n|move|p1a: Enamorus|Moonblast|p2a: Cresselia\n|-damage|p2a: Cresselia|244/323 par\n|-unboost|p2a: Cresselia|spa|1\n|move|p2a: Cresselia|Calm Mind|p2a: Cresselia\n|-boost|p2a: Cresselia|spa|1\n|-boost|p2a: Cresselia|spd|0\n|\n|-heal|p2a: Cresselia|264/323 par|[from] item: Leftovers\n|upkeep\n|turn|44\n|\n|t:|1782882044\n|-terastallize|p2a: Cresselia|Poison\n|move|p1a: Enamorus|Moonblast|p2a: Cresselia\n|-resisted|p2a: Cresselia\n|-damage|p2a: Cresselia|243/323 par\n|cant|p2a: Cresselia|par\n|\n|-heal|p2a: Cresselia|263/323 par|[from] item: Leftovers\n|upkeep\n|turn|45\n|\n|t:|1782882051\n|move|p1a: Enamorus|Moonblast|p2a: Cresselia\n|-resisted|p2a: Cresselia\n|-damage|p2a: Cresselia|243/323 par\n|cant|p2a: Cresselia|par\n|\n|-heal|p2a: Cresselia|263/323 par|[from] item: Leftovers\n|upkeep\n|turn|46\n|\n|t:|1782882056\n|move|p1a: Enamorus|Moonblast|p2a: Cresselia\n|-resisted|p2a: Cresselia\n|-damage|p2a: Cresselia|242/323 par\n|cant|p2a: Cresselia|par\n|\n|-heal|p2a: Cresselia|262/323 par|[from] item: Leftovers\n|upkeep\n|turn|47\n|\n|t:|1782882062\n|move|p1a: Enamorus|Moonblast|p2a: Cresselia\n|-resisted|p2a: Cresselia\n|-damage|p2a: Cresselia|243/323 par\n|move|p2a: Cresselia|Calm Mind|p2a: Cresselia\n|-boost|p2a: Cresselia|spa|1\n|-boost|p2a: Cresselia|spd|0\n|\n|-heal|p2a: Cresselia|263/323 par|[from] item: Leftovers\n|upkeep\n|turn|48\n|\n|t:|1782882073\n|switch|p1a: Arceus|Arceus-Ground, L70|121/284\n|cant|p2a: Cresselia|par\n|\n|-heal|p2a: Cresselia|283/323 par|[from] item: Leftovers\n|upkeep\n|turn|49\n|\n|t:|1782882078\n|move|p1a: Arceus|Recover|p1a: Arceus\n|-heal|p1a: Arceus|263/284\n|cant|p2a: Cresselia|par\n|\n|-heal|p2a: Cresselia|303/323 par|[from] item: Leftovers\n|upkeep\n|turn|50\n|\n|t:|1782882101\n|move|p1a: Arceus|Calm Mind|p1a: Arceus\n|-boost|p1a: Arceus|spa|1\n|-boost|p1a: Arceus|spd|1\n|move|p2a: Cresselia|Calm Mind|p2a: Cresselia\n|-boost|p2a: Cresselia|spa|1\n|-boost|p2a: Cresselia|spd|0\n|\n|-heal|p2a: Cresselia|323/323 par|[from] item: Leftovers\n|upkeep\n|turn|51\n|\n|t:|1782882105\n|move|p1a: Arceus|Calm Mind|p1a: Arceus\n|-boost|p1a: Arceus|spa|1\n|-boost|p1a: Arceus|spd|1\n|move|p2a: Cresselia|Calm Mind|p2a: Cresselia\n|-boost|p2a: Cresselia|spa|1\n|-boost|p2a: Cresselia|spd|0\n|\n|upkeep\n|turn|52\n|\n|t:|1782882108\n|move|p1a: Arceus|Calm Mind|p1a: Arceus\n|-boost|p1a: Arceus|spa|1\n|-boost|p1a: Arceus|spd|1\n|move|p2a: Cresselia|Calm Mind|p2a: Cresselia\n|-boost|p2a: Cresselia|spa|1\n|-boost|p2a: Cresselia|spd|0\n|\n|upkeep\n|turn|53\n|\n|t:|1782882110\n|move|p1a: Arceus|Calm Mind|p1a: Arceus\n|-boost|p1a: Arceus|spa|1\n|-boost|p1a: Arceus|spd|1\n|move|p2a: Cresselia|Psyshock|p1a: Arceus\n|-damage|p1a: Arceus|115/284\n|\n|upkeep\n|turn|54\n|\n|t:|1782882117\n|move|p1a: Arceus|Recover|p1a: Arceus\n|-heal|p1a: Arceus|257/284\n|move|p2a: Cresselia|Calm Mind|p2a: Cresselia\n|-boost|p2a: Cresselia|spa|1\n|-boost|p2a: Cresselia|spd|0\n|\n|upkeep\n|turn|55\n|\n|t:|1782882122\n|move|p1a: Arceus|Fire Blast|p2a: Cresselia\n|-damage|p2a: Cresselia|283/323 par\n|move|p2a: Cresselia|Psyshock|p1a: Arceus\n|-damage|p1a: Arceus|70/284\n|\n|-heal|p2a: Cresselia|303/323 par|[from] item: Leftovers\n|upkeep\n|turn|56\n|\n|t:|1782882130\n|move|p1a: Arceus|Recover|p1a: Arceus\n|-heal|p1a: Arceus|212/284\n|move|p2a: Cresselia|Calm Mind|p2a: Cresselia\n|-boost|p2a: Cresselia|spa|1\n|-boost|p2a: Cresselia|spd|0\n|\n|-heal|p2a: Cresselia|323/323 par|[from] item: Leftovers\n|upkeep\n|turn|57\n|\n|t:|1782882132\n|move|p1a: Arceus|Recover|p1a: Arceus\n|-heal|p1a: Arceus|284/284\n|move|p2a: Cresselia|Calm Mind|p2a: Cresselia\n|-boost|p2a: Cresselia|spa|1\n|-boost|p2a: Cresselia|spd|0\n|\n|upkeep\n|turn|58\n|\n|t:|1782882134\n|move|p1a: Arceus|Fire Blast|p2a: Cresselia\n|-damage|p2a: Cresselia|278/323 par\n|move|p2a: Cresselia|Psyshock|p1a: Arceus\n|-damage|p1a: Arceus|37/284\n|\n|-heal|p2a: Cresselia|298/323 par|[from] item: Leftovers\n|upkeep\n|turn|59\n|\n|t:|1782882142\n|move|p1a: Arceus|Fire Blast|p2a: Cresselia\n|-damage|p2a: Cresselia|256/323 par\n|move|p2a: Cresselia|Psyshock|p1a: Arceus\n|-damage|p1a: Arceus|0 fnt\n|faint|p1a: Arceus\n|\n|-heal|p2a: Cresselia|276/323 par|[from] item: Leftovers\n|upkeep\n|\n|t:|1782882142\n|switch|p1a: Forretress|Forretress, L84, F|220/263\n|turn|60\n|\n|t:|1782882148\n|move|p1a: Forretress|Iron Head|p2a: Cresselia\n|-damage|p2a: Cresselia|209/323 par\n|move|p2a: Cresselia|Moonblast|p1a: Forretress\n|-resisted|p1a: Forretress\n|-damage|p1a: Forretress|77/263\n|\n|-heal|p1a: Forretress|93/263|[from] item: Leftovers\n|-heal|p2a: Cresselia|229/323 par|[from] item: Leftovers\n|upkeep\n|turn|61\n|\n|t:|1782882153\n|move|p1a: Forretress|Iron Head|p2a: Cresselia\n|-damage|p2a: Cresselia|163/323 par\n|cant|p2a: Cresselia|flinch\n|\n|-heal|p1a: Forretress|109/263|[from] item: Leftovers\n|-heal|p2a: Cresselia|183/323 par|[from] item: Leftovers\n|upkeep\n|turn|62\n|\n|t:|1782882158\n|move|p1a: Forretress|Iron Head|p2a: Cresselia\n|-damage|p2a: Cresselia|116/323 par\n|move|p2a: Cresselia|Moonlight|p2a: Cresselia\n|-heal|p2a: Cresselia|277/323 par\n|\n|-heal|p1a: Forretress|125/263|[from] item: Leftovers\n|-heal|p2a: Cresselia|297/323 par|[from] item: Leftovers\n|upkeep\n|turn|63\n|\n|t:|1782882163\n|move|p1a: Forretress|Iron Head|p2a: Cresselia\n|-damage|p2a: Cresselia|222/323 par\n|cant|p2a: Cresselia|flinch\n|\n|-heal|p1a: Forretress|141/263|[from] item: Leftovers\n|-heal|p2a: Cresselia|242/323 par|[from] item: Leftovers\n|upkeep\n|turn|64\n|\n|t:|1782882169\n|move|p1a: Forretress|Iron Head|p2a: Cresselia\n|-damage|p2a: Cresselia|172/323 par\n|move|p2a: Cresselia|Moonlight|p2a: Cresselia\n|-heal|p2a: Cresselia|323/323 par\n|\n|-heal|p1a: Forretress|157/263|[from] item: Leftovers\n|upkeep\n|turn|65\n|\n|t:|1782882176\n|move|p1a: Forretress|Iron Head|p2a: Cresselia\n|-damage|p2a: Cresselia|250/323 par\n|move|p2a: Cresselia|Moonblast|p1a: Forretress\n|-resisted|p1a: Forretress\n|-damage|p1a: Forretress|16/263\n|\n|-heal|p1a: Forretress|32/263|[from] item: Leftovers\n|-heal|p2a: Cresselia|270/323 par|[from] item: Leftovers\n|upkeep\n|turn|66\n|\n|t:|1782882181\n|move|p1a: Forretress|Iron Head|p2a: Cresselia\n|-damage|p2a: Cresselia|201/323 par\n|move|p2a: Cresselia|Moonblast|p1a: Forretress\n|-resisted|p1a: Forretress\n|-damage|p1a: Forretress|0 fnt\n|faint|p1a: Forretress\n|\n|-heal|p2a: Cresselia|221/323 par|[from] item: Leftovers\n|upkeep\n|\n|t:|1782882182\n|switch|p1a: Vileplume|Vileplume, L85, F|266/266\n|turn|67\n|\n|t:|1782882188\n|-terastallize|p1a: Vileplume|Water\n|move|p1a: Vileplume|Leech Seed|p2a: Cresselia\n|-start|p2a: Cresselia|move: Leech Seed\n|move|p2a: Cresselia|Psyshock|p1a: Vileplume\n|-damage|p1a: Vileplume|0 fnt\n|faint|p1a: Vileplume\n|\n|-heal|p2a: Cresselia|241/323 par|[from] item: Leftovers\n|upkeep\n|\n|t:|1782882188\n|switch|p1a: Keldeo|Keldeo-Resolute, L79|273/273\n|turn|68\n|\n|t:|1782882199\n|move|p1a: Keldeo|Flip Turn|p2a: Cresselia\n|-damage|p2a: Cresselia|199/323 par\n|\n|t:|1782882200\n|switch|p1a: Enamorus|Enamorus-Therian, L83, F|216/259|[from] Flip Turn\n|cant|p2a: Cresselia|par\n|\n|-heal|p2a: Cresselia|219/323 par|[from] item: Leftovers\n|-damage|p2a: Cresselia|179/323 par|[from] Leech Seed|[of] p1a: Enamorus\n|-heal|p1a: Enamorus|256/259|[silent]\n|upkeep\n|turn|69\n|\n|t:|1782882219\n|move|p1a: Enamorus|Psychic|p2a: Cresselia\n|-supereffective|p2a: Cresselia\n|-crit|p2a: Cresselia\n|-damage|p2a: Cresselia|0 fnt\n|faint|p2a: Cresselia\n|\n|upkeep\n|\n|t:|1782882225\n|switch|p2a: Gholdengo|Gholdengo, L77|261/261\n|-damage|p2a: Gholdengo|245/261|[from] Stealth Rock\n|turn|70\n|\n|t:|1782882229\n|switch|p1a: Keldeo|Keldeo-Resolute, L79|273/273\n|move|p2a: Gholdengo|Nasty Plot|p2a: Gholdengo\n|-boost|p2a: Gholdengo|spa|2\n|\n|-heal|p2a: Gholdengo|261/261|[from] item: Leftovers\n|upkeep\n|turn|71\n|\n|t:|1782882236\n|move|p1a: Keldeo|Hydro Pump|p2a: Gholdengo\n|-damage|p2a: Gholdengo|120/261\n|move|p2a: Gholdengo|Shadow Ball|p1a: Keldeo\n|-damage|p1a: Keldeo|78/273\n|-unboost|p1a: Keldeo|spd|1\n|\n|-heal|p2a: Gholdengo|136/261|[from] item: Leftovers\n|upkeep\n|turn|72\n|inactive|Seit417 has 120 seconds left.\n|\n|t:|1782882287\n|switch|p2a: Toucannon|Toucannon, L88, M|236/284\n|move|p1a: Keldeo|Hydro Pump|p2a: Toucannon\n|-damage|p2a: Toucannon|92/284\n|\n|upkeep\n|turn|73\n|\n|t:|1782882297\n|move|p1a: Keldeo|Hydro Pump|p2a: Toucannon|[miss]\n|-miss|p1a: Keldeo|p2a: Toucannon\n|move|p2a: Toucannon|Boomburst|p1a: Keldeo\n|-damage|p1a: Keldeo|0 fnt\n|faint|p1a: Keldeo\n|\n|upkeep\n|\n|t:|1782882297\n|switch|p1a: Dedenne|Dedenne, L88, M|247/261\n|turn|74\n|\n|t:|1782882311\n|move|p1a: Dedenne|Thunderbolt|p2a: Toucannon\n|-supereffective|p2a: Toucannon\n|-damage|p2a: Toucannon|0 fnt\n|faint|p2a: Toucannon\n|\n|upkeep\n|\n|t:|1782882315\n|switch|p2a: Gholdengo|Gholdengo, L77|136/261\n|-damage|p2a: Gholdengo|120/261|[from] Stealth Rock\n|turn|75\n|\n|t:|1782882319\n|move|p1a: Dedenne|Thunderbolt|p2a: Gholdengo\n|-damage|p2a: Gholdengo|26/261\n|move|p2a: Gholdengo|Make It Rain|p1a: Dedenne\n|-damage|p1a: Dedenne|90/261\n|-unboost|p2a: Gholdengo|spa|1\n|\n|-heal|p2a: Gholdengo|42/261|[from] item: Leftovers\n|upkeep\n|turn|76\n|\n|t:|1782882326\n|move|p1a: Dedenne|Thunderbolt|p2a: Gholdengo\n|-damage|p2a: Gholdengo|0 fnt\n|faint|p2a: Gholdengo\n|\n|upkeep\n|\n|t:|1782882327\n|switch|p2a: Heracross|Heracross, L80, M|259/259\n|-damage|p2a: Heracross|227/259|[from] Stealth Rock\n|turn|77\n|\n|t:|1782882335\n|move|p1a: Dedenne|Dazzling Gleam|p2a: Heracross\n|-supereffective|p2a: Heracross\n|-damage|p2a: Heracross|69/259\n|move|p2a: Heracross|Stone Edge|p1a: Dedenne|[miss]\n|-miss|p2a: Heracross|p1a: Dedenne\n|\n|upkeep\n|turn|78\n|inactive|Seit417 has 120 seconds left.\n|inactive|Seit417 has 90 seconds left.\n|inactive|Seit417 has 60 seconds left.\n|inactive|Seit417 has 30 seconds left.\n|inactive|Seit417 has 20 seconds left.\n|inactive|Seit417 has 15 seconds left.\n|inactive|Seit417 has 10 seconds left.\n|inactive|Seit417 has 5 seconds left.\n|-message|Seit417 forfeited.\n|\n|win|notmetbh102\n|raw|notmetbh102's rating: 2213 &rarr; <strong>2233</strong><br />(+20 for winning)\n|raw|Seit417's rating: 2208 &rarr; <strong>2188</strong><br />(-20 for losing)\n|c|\u2606notmetbh102|gg\n|l|\u2606Seit417\n|player|p2|\n", "inputlog": ">version f8ac14003a5f27e1bdc8d8c59608a773c1cb96e5\n>start {\"formatid\":\"gen9randombattle\",\"seed\":\"sodium,0e0de6685cbd90c7821191b874ee27d2\",\"rated\":\"Rated battle\"}\n>player p1 {\"name\":\"notmetbh102\",\"avatar\":\"265\",\"rating\":2213,\"seed\":\"sodium,4f1db112c22701687f1396b1f07c68bf\"}\n>player p2 {\"name\":\"Seit417\",\"avatar\":\"burglar\",\"rating\":2208,\"seed\":\"sodium,99bf99b5bf7be8f76c157a27b74ce688\"}\n>chat \u2606notmetbh102|hf\n>p1 move flipturn\n>p2 move bulletseed\n>p1 switch 4\n>p1 move thunderwave\n>p2 switch 6\n>p1 switch 3\n>p2 move highjumpkick\n>p1 move moonblast\n>p2 switch 4\n>p1 move moonblast\n>p2 move calmmind\n>p1 move moonblast\n>p2 move recover\n>p1 move moonblast\n>p2 move recover\n>p1 move moonblast\n>p2 move calmmind\n>p1 move moonblast\n>p2 move recover\n>p1 move moonblast\n>p2 move calmmind\n>p1 move moonblast\n>p2 move calmmind\n>p2 switch 3\n>p1 switch 5\n>p2 switch 6\n>p1 switch 3\n>p2 move beakblast\n>p1 move thunderwave\n>p2 switch 6\n>p1 move stealthrock\n>p2 move nastyplot\n>p1 switch 3\n>p2 move shadowball\n>p1 move judgment\n>p2 switch 6\n>p1 switch 6\n>p2 move boomburst\n>p1 move thunderbolt\n>p2 switch 4\n>p1 move thunderbolt\n>p2 move pyroball\n>p2 switch 2\n>p1 move nuzzle\n>p2 move calmmind\n>p1 switch 5\n>p2 move calmmind\n>p1 move mysticalfire\n>p2 move calmmind\n>p1 move mysticalfire\n>p2 move calmmind\n>p1 move mysticalfire\n>p2 move moonlight\n>p1 move mysticalfire\n>p2 move moonlight\n>p1 move mysticalfire\n>p2 move calmmind\n>p1 move mysticalfire\n>p2 move calmmind\n>p1 move mysticalfire\n>p2 move calmmind\n>p1 move mysticalfire\n>p2 move calmmind\n>p1 move mysticalfire\n>p2 move calmmind\n>p1 move mysticalfire\n>p2 move calmmind\n>p1 move mysticalfire\n>p2 move calmmind\n>p1 move mysticalfire\n>p2 move calmmind\n>p1 move mysticalfire\n>p2 move calmmind\n>p1 move mysticalfire\n>p2 move calmmind\n>p1 move mysticalfire\n>p2 move moonlight\n>p1 move mysticalfire\n>p2 move calmmind\n>p1 switch 5\n>p2 move calmmind\n>p1 switch 5\n>p2 move calmmind\n>p1 move moonblast\n>p2 move calmmind\n>p1 move moonblast\n>p2 move calmmind\n>p1 move moonblast\n>p2 move calmmind\n>p1 move moonblast\n>p2 move calmmind terastallize\n>p1 move moonblast\n>p2 move calmmind\n>p1 move moonblast\n>p2 move calmmind\n>p1 move moonblast\n>p2 move calmmind\n>p1 switch 6\n>p2 move calmmind\n>p1 move recover\n>p2 move calmmind\n>p1 move calmmind\n>p2 move calmmind\n>p1 move calmmind\n>p2 move calmmind\n>p1 move calmmind\n>p2 move calmmind\n>p1 move calmmind\n>p2 move psyshock\n>p1 move recover\n>p2 move calmmind\n>p1 move fireblast\n>p2 move psyshock\n>p1 move recover\n>p2 move calmmind\n>p1 move recover\n>p2 move calmmind\n>p1 move fireblast\n>p2 move psyshock\n>p1 move fireblast\n>p2 move psyshock\n>p1 switch 3\n>p1 move ironhead\n>p2 move moonblast\n>p1 move ironhead\n>p2 move moonblast\n>p1 move ironhead\n>p2 move moonlight\n>p1 move ironhead\n>p2 move moonblast\n>p1 move ironhead\n>p2 move moonlight\n>p1 move ironhead\n>p2 move moonblast\n>p1 move ironhead\n>p2 move moonblast\n>p1 switch 2\n>p1 move leechseed terastallize\n>p2 move psyshock\n>p1 switch 4\n>p1 move flipturn\n>p2 move psyshock\n>p1 switch 6\n>p1 move psychic\n>p2 move moonlight\n>p2 switch 6\n>p1 switch 6\n>p2 move nastyplot\n>p1 move hydropump\n>p2 move shadowball\n>p1 move hydropump\n>p2 switch 4\n>p1 move hydropump\n>p2 move boomburst\n>p1 switch 5\n>p1 move thunderbolt\n>p2 move boomburst\n>p2 switch 4\n>p1 move thunderbolt\n>p2 move makeitrain\n>p1 move thunderbolt\n>p2 move makeitrain\n>p2 switch 5\n>p1 move dazzlinggleam\n>p2 move stoneedge\n>forcelose p2", "uploadtime": 1782882485, "views": 2, "formatid": "gen9randombattle", "rating": 2188, "private": 0, "password": null, "player_dets": [{"name": "notmetbh102", "avatar": "265", "rating": 2213, "seed": "sodium,4f1db112c22701687f1396b1f07c68bf"}, {"name": "Seit417", "avatar": "burglar", "rating": 2208, "seed": "sodium,99bf99b5bf7be8f76c157a27b74ce688"}], "teams_full": [{"Keldeo": {"name": "Keldeo", "species": "Keldeo-Resolute", "speciesId": "keldeoresolute", "gender": "N", "shiny": false, "level": 79, "moves": ["flipturn", "secretsword", "hydropump", "airslash"], "ability": "Justified", "evs": {"hp": 85, "atk": 85, "def": 85, "spa": 85, "spd": 85, "spe": 85}, "ivs": {"hp": 31, "atk": 31, "def": 31, "spa": 31, "spd": 31, "spe": 31}, "item": "Choice Scarf", "teraType": "Fighting", "role": "Fast Attacker", "bvs": {"hp": 91, "atk": 72, "def": 90, "spa": 129, "spd": 90, "spe": 108}, "stats": {"hp": 273, "atk": 159, "def": 188, "spa": 249, "spd": 188, "spe": 216}, "types": ["Water", "Fighting"]}, "Vileplume": {"name": "Vileplume", "species": "Vileplume", "speciesId": "vileplume", "gender": "F", "shiny": false, "level": 85, "moves": ["sludgebomb", "gigadrain", "strengthsap", "leechseed"], "ability": "Effect Spore", "evs": {"hp": 85, "atk": 0, "def": 85, "spa": 85, "spd": 85, "spe": 85}, "ivs": {"hp": 31, "atk": 0, "def": 31, "spa": 31, "spd": 31, "spe": 31}, "item": "Leftovers", "teraType": "Water", "role": "Bulky Attacker", "bvs": {"hp": 75, "atk": 80, "def": 85, "spa": 110, "spd": 90, "spe": 50}, "stats": {"hp": 266, "atk": 141, "def": 193, "spa": 236, "spd": 202, "spe": 134}, "types": ["Grass", "Poison"]}, "Enamorus": {"name": "Enamorus", "species": "Enamorus-Therian", "speciesId": "enamorustherian", "gender": "F", "shiny": false, "level": 83, "moves": ["mysticalfire", "moonblast", "earthpower", "psychic"], "ability": "Overcoat", "evs": {"hp": 85, "atk": 0, "def": 85, "spa": 85, "spd": 85, "spe": 85}, "ivs": {"hp": 31, "atk": 0, "def": 31, "spa": 31, "spd": 31, "spe": 31}, "item": "Choice Specs", "teraType": "Ground", "role": "Bulky Attacker", "bvs": {"hp": 74, "atk": 115, "def": 110, "spa": 135, "spd": 100, "spe": 46}, "stats": {"hp": 259, "atk": 195, "def": 230, "spa": 272, "spd": 214, "spe": 124}, "types": ["Fairy", "Flying"]}, "Forretress": {"name": "Forretress", "species": "Forretress", "speciesId": "forretress", "gender": "F", "shiny": false, "level": 84, "moves": ["stealthrock", "ironhead", "thunderwave", "rapidspin"], "ability": "Sturdy", "evs": {"hp": 85, "atk": 85, "def": 85, "spa": 85, "spd": 85, "spe": 85}, "ivs": {"hp": 31, "atk": 31, "def": 31, "spa": 31, "spd": 31, "spe": 31}, "item": "Leftovers", "teraType": "Water", "role": "Bulky Support", "bvs": {"hp": 75, "atk": 90, "def": 140, "spa": 60, "spd": 60, "spe": 40}, "stats": {"hp": 263, "atk": 199, "def": 283, "spa": 149, "spd": 149, "spe": 115}, "types": ["Bug", "Steel"]}, "Arceus": {"name": "Arceus", "species": "Arceus-Ground", "speciesId": "arceusground", "gender": "N", "shiny": false, "level": 70, "moves": ["fireblast", "judgment", "recover", "calmmind"], "ability": "Multitype", "evs": {"hp": 85, "atk": 0, "def": 85, "spa": 85, "spd": 85, "spe": 85}, "ivs": {"hp": 31, "atk": 0, "def": 31, "spa": 31, "spd": 31, "spe": 31}, "item": "Earth Plate", "teraType": "Dragon", "role": "Bulky Setup", "bvs": {"hp": 120, "atk": 120, "def": 120, "spa": 120, "spd": 120, "spe": 120}, "stats": {"hp": 284, "atk": 173, "def": 209, "spa": 209, "spd": 209, "spe": 209}, "types": ["Ground"]}, "Dedenne": {"name": "Dedenne", "species": "Dedenne", "speciesId": "dedenne", "gender": "M", "shiny": false, "level": 88, "moves": ["superfang", "thunderbolt", "dazzlinggleam", "nuzzle"], "ability": "Cheek Pouch", "evs": {"hp": 85, "atk": 85, "def": 85, "spa": 85, "spd": 85, "spe": 85}, "ivs": {"hp": 31, "atk": 31, "def": 31, "spa": 31, "spd": 31, "spe": 31}, "item": "Sitrus Berry", "teraType": "Flying", "role": "Fast Support", "bvs": {"hp": 67, "atk": 58, "def": 57, "spa": 81, "spd": 67, "spe": 101}, "stats": {"hp": 261, "atk": 152, "def": 151, "spa": 193, "spd": 168, "spe": 228}, "types": ["Electric", "Fairy"]}}, {"Toucannon": {"name": "Toucannon", "species": "Toucannon", "speciesId": "toucannon", "gender": "M", "shiny": false, "level": 88, "moves": ["bulletseed", "boomburst", "roost", "beakblast"], "ability": "Skill Link", "evs": {"hp": 85, "atk": 85, "def": 85, "spa": 85, "spd": 85, "spe": 85}, "ivs": {"hp": 31, "atk": 31, "def": 31, "spa": 31, "spd": 31, "spe": 31}, "item": "Heavy-Duty Boots", "teraType": "Steel", "role": "Bulky Support", "bvs": {"hp": 80, "atk": 120, "def": 75, "spa": 75, "spd": 75, "spe": 60}, "stats": {"hp": 284, "atk": 261, "def": 182, "spa": 182, "spd": 182, "spe": 156}, "types": ["Normal", "Flying"]}, "Cresselia": {"name": "Cresselia", "species": "Cresselia", "speciesId": "cresselia", "gender": "F", "shiny": false, "level": 80, "moves": ["moonlight", "moonblast", "psyshock", "calmmind"], "ability": "Levitate", "evs": {"hp": 85, "atk": 0, "def": 85, "spa": 85, "spd": 85, "spe": 85}, "ivs": {"hp": 31, "atk": 0, "def": 31, "spa": 31, "spd": 31, "spe": 31}, "item": "Leftovers", "teraType": "Poison", "role": "Bulky Setup", "bvs": {"hp": 120, "atk": 70, "def": 110, "spa": 75, "spd": 120, "spe": 85}, "stats": {"hp": 323, "atk": 117, "def": 222, "spa": 166, "spd": 238, "spe": 182}, "types": ["Psychic"]}, "Gholdengo": {"name": "Gholdengo", "species": "Gholdengo", "speciesId": "gholdengo", "gender": "N", "shiny": false, "level": 77, "moves": ["shadowball", "focusblast", "nastyplot", "makeitrain"], "ability": "Good as Gold", "evs": {"hp": 85, "atk": 0, "def": 85, "spa": 85, "spd": 85, "spe": 85}, "ivs": {"hp": 31, "atk": 0, "def": 31, "spa": 31, "spd": 31, "spe": 31}, "item": "Leftovers", "teraType": "Fighting", "role": "Bulky Attacker", "bvs": {"hp": 87, "atk": 60, "def": 95, "spa": 133, "spd": 91, "spe": 84}, "stats": {"hp": 261, "atk": 97, "def": 191, "spa": 249, "spd": 185, "spe": 174}, "types": ["Steel", "Ghost"]}, "Lugia": {"name": "Lugia", "species": "Lugia", "speciesId": "lugia", "gender": "N", "shiny": false, "level": 73, "moves": ["aeroblast", "recover", "psychicnoise", "calmmind"], "ability": "Multiscale", "evs": {"hp": 85, "atk": 0, "def": 85, "spa": 85, "spd": 85, "spe": 85}, "ivs": {"hp": 31, "atk": 0, "def": 31, "spa": 31, "spd": 31, "spe": 31}, "item": "Heavy-Duty Boots", "teraType": "Steel", "role": "Setup Sweeper", "bvs": {"hp": 106, "atk": 90, "def": 130, "spa": 90, "spd": 154, "spe": 110}, "stats": {"hp": 275, "atk": 136, "def": 232, "spa": 174, "spd": 267, "spe": 203}, "types": ["Psychic", "Flying"]}, "Heracross": {"name": "Heracross", "species": "Heracross", "speciesId": "heracross", "gender": "M", "shiny": false, "level": 80, "moves": ["closecombat", "megahorn", "knockoff", "stoneedge"], "ability": "Moxie", "evs": {"hp": 85, "atk": 85, "def": 85, "spa": 85, "spd": 85, "spe": 85}, "ivs": {"hp": 31, "atk": 31, "def": 31, "spa": 31, "spd": 31, "spe": 31}, "item": "Choice Band", "teraType": "Rock", "role": "Fast Attacker", "bvs": {"hp": 80, "atk": 125, "def": 75, "spa": 40, "spd": 95, "spe": 85}, "stats": {"hp": 259, "atk": 246, "def": 166, "spa": 110, "spd": 198, "spe": 182}, "types": ["Bug", "Fighting"]}, "Cinderace": {"name": "Cinderace", "species": "Cinderace", "speciesId": "cinderace", "gender": "M", "shiny": false, "level": 77, "moves": ["pyroball", "uturn", "highjumpkick", "gunkshot"], "ability": "Libero", "evs": {"hp": 81, "atk": 85, "def": 85, "spa": 85, "spd": 85, "spe": 85}, "ivs": {"hp": 31, "atk": 31, "def": 31, "spa": 31, "spd": 31, "spe": 31}, "item": "Choice Band", "teraType": "Fire", "role": "Wallbreaker", "bvs": {"hp": 80, "atk": 116, "def": 75, "spa": 65, "spd": 75, "spe": 119}, "stats": {"hp": 249, "atk": 223, "def": 160, "spa": 145, "spd": 160, "spe": 228}, "types": ["Fire"]}}]}