{"id": "gen9randombattle-2642140461", "format": "[Gen 9] Random Battle", "players": ["forcemajor14", "rly hate this game"], "log": "|j|\u2606forcemajor14\n|j|\u2606rly hate this game\n|t:|1782898641\n|gametype|singles\n|player|p1|forcemajor14|266|2171\n|player|p2|rly hate this game|101|2286\n|gen|9\n|tier|[Gen 9] Random Battle\n|rated|\n|rule|Species Clause: Limit one of each Pok\u00e9mon\n|rule|HP Percentage Mod: HP is shown in percentages\n|rule|Sleep Clause Mod: Limit one foe put to sleep\n|rule|Illusion Level Mod: Illusion disguises the Pok\u00e9mon's true level\n|\n|t:|1782898641\n|teamsize|p1|6\n|teamsize|p2|6\n|start\n|switch|p1a: Lokix|Lokix, L82, M|251/251\n|switch|p2a: Quaquaval|Quaquaval, L79, F|264/264\n|turn|1\n|inactive|Battle timer is ON: inactive players will automatically lose when time's up. (requested by rly hate this game)\n|inactive|forcemajor14 also wants the timer to be on.\n|\n|t:|1782898652\n|move|p1a: Lokix|Swords Dance|p1a: Lokix\n|-boost|p1a: Lokix|atk|2\n|move|p2a: Quaquaval|Aqua Step|p1a: Lokix\n|-damage|p1a: Lokix|143/251\n|-boost|p2a: Quaquaval|spe|1\n|\n|upkeep\n|turn|2\n|\n|t:|1782898656\n|move|p1a: Lokix|Sucker Punch|p2a: Quaquaval\n|-resisted|p2a: Quaquaval\n|-damage|p2a: Quaquaval|61/264\n|-damage|p1a: Lokix|118/251|[from] item: Life Orb\n|move|p2a: Quaquaval|Close Combat|p1a: Lokix\n|-damage|p1a: Lokix|0 fnt\n|-unboost|p2a: Quaquaval|def|1\n|-unboost|p2a: Quaquaval|spd|1\n|faint|p1a: Lokix\n|-ability|p2a: Quaquaval|Moxie|boost\n|-boost|p2a: Quaquaval|atk|1\n|\n|-heal|p2a: Quaquaval|77/264|[from] item: Leftovers\n|upkeep\n|\n|t:|1782898657\n|switch|p1a: Illumise|Illumise, L91, F|266/266\n|turn|3\n|\n|t:|1782898661\n|switch|p2a: Camerupt|Camerupt, L91, M|275/275\n|move|p1a: Illumise|Thunder Wave|p2a: Camerupt\n|-immune|p2a: Camerupt\n|\n|upkeep\n|turn|4\n|\n|t:|1782898666\n|switch|p1a: Regigigas|Regigigas, L84|322/322\n|-start|p1a: Regigigas|ability: Slow Start\n|move|p2a: Camerupt|Stealth Rock|p1a: Regigigas\n|-sidestart|p1: forcemajor14|move: Stealth Rock\n|\n|upkeep\n|turn|5\n|\n|t:|1782898670\n|move|p1a: Regigigas|Body Slam|p2a: Camerupt\n|-damage|p2a: Camerupt|203/275\n|move|p2a: Camerupt|Roar|p1a: Regigigas\n|drag|p1a: Illumise|Illumise, L91, F|266/266\n|\n|-heal|p2a: Camerupt|220/275|[from] item: Leftovers\n|upkeep\n|turn|6\n|\n|t:|1782898674\n|move|p1a: Illumise|Encore|p2a: Camerupt\n|-start|p2a: Camerupt|Encore\n|move|p2a: Camerupt|Roar|p1a: Illumise\n|drag|p1a: Mudsdale|Mudsdale, L83, F|302/302\n|-damage|p1a: Mudsdale|284/302|[from] Stealth Rock\n|\n|-heal|p2a: Camerupt|237/275|[from] item: Leftovers\n|-heal|p1a: Mudsdale|302/302|[from] item: Leftovers\n|upkeep\n|turn|7\n|\n|t:|1782898681\n|switch|p2a: Necrozma|Necrozma, L80|286/286\n|move|p1a: Mudsdale|Stealth Rock|p2a: Necrozma\n|-sidestart|p2: rly hate this game|move: Stealth Rock\n|\n|upkeep\n|turn|8\n|\n|t:|1782898687\n|move|p2a: Necrozma|Knock Off|p1a: Mudsdale\n|-damage|p1a: Mudsdale|224/302\n|-ability|p1a: Mudsdale|Stamina|boost\n|-boost|p1a: Mudsdale|def|1\n|-enditem|p1a: Mudsdale|Leftovers|[from] move: Knock Off|[of] p2a: Necrozma\n|-damage|p2a: Necrozma|258/286|[from] item: Life Orb\n|move|p1a: Mudsdale|Earthquake|p2a: Necrozma\n|-damage|p2a: Necrozma|144/286\n|\n|upkeep\n|turn|9\n|\n|t:|1782898697\n|move|p2a: Necrozma|Photon Geyser|p1a: Mudsdale\n|-damage|p1a: Mudsdale|67/302\n|-ability|p1a: Mudsdale|Stamina|boost\n|-boost|p1a: Mudsdale|def|1\n|-damage|p2a: Necrozma|116/286|[from] item: Life Orb\n|move|p1a: Mudsdale|Earthquake|p2a: Necrozma\n|-damage|p2a: Necrozma|1/286\n|\n|upkeep\n|turn|10\n|\n|t:|1782898703\n|switch|p1a: Illumise|Illumise, L91, F|266/266\n|move|p2a: Necrozma|Photon Geyser|p1a: Illumise\n|-damage|p1a: Illumise|117/266\n|-damage|p2a: Necrozma|0 fnt|[from] item: Life Orb\n|faint|p2a: Necrozma\n|\n|upkeep\n|\n|t:|1782898710\n|switch|p2a: Garganacl|Garganacl, L80, F|291/291\n|-damage|p2a: Garganacl|255/291|[from] Stealth Rock\n|turn|11\n|\n|t:|1782898714\n|move|p1a: Illumise|Roost|p1a: Illumise\n|-heal|p1a: Illumise|250/266\n|-singleturn|p1a: Illumise|move: Roost\n|move|p2a: Garganacl|Salt Cure|p1a: Illumise\n|-supereffective|p1a: Illumise\n|-damage|p1a: Illumise|172/266\n|-start|p1a: Illumise|Salt Cure\n|\n|-heal|p2a: Garganacl|273/291|[from] item: Leftovers\n|-damage|p1a: Illumise|139/266|[from] Salt Cure\n|upkeep\n|turn|12\n|\n|t:|1782898717\n|move|p1a: Illumise|Roost|p1a: Illumise\n|-heal|p1a: Illumise|266/266\n|-singleturn|p1a: Illumise|move: Roost\n|move|p2a: Garganacl|Salt Cure|p1a: Illumise\n|-supereffective|p1a: Illumise\n|-damage|p1a: Illumise|188/266\n|\n|-heal|p2a: Garganacl|291/291|[from] item: Leftovers\n|-damage|p1a: Illumise|155/266|[from] Salt Cure\n|upkeep\n|turn|13\n|\n|t:|1782898723\n|move|p1a: Illumise|Roost|p1a: Illumise\n|-heal|p1a: Illumise|266/266\n|-singleturn|p1a: Illumise|move: Roost\n|move|p2a: Garganacl|Salt Cure|p1a: Illumise\n|-supereffective|p1a: Illumise\n|-damage|p1a: Illumise|174/266\n|\n|-damage|p1a: Illumise|141/266|[from] Salt Cure\n|upkeep\n|turn|14\n|\n|t:|1782898726\n|move|p1a: Illumise|Roost|p1a: Illumise\n|-heal|p1a: Illumise|266/266\n|-singleturn|p1a: Illumise|move: Roost\n|move|p2a: Garganacl|Salt Cure|p1a: Illumise\n|-supereffective|p1a: Illumise\n|-damage|p1a: Illumise|186/266\n|\n|-damage|p1a: Illumise|153/266|[from] Salt Cure\n|upkeep\n|turn|15\n|\n|t:|1782898729\n|move|p1a: Illumise|Roost|p1a: Illumise\n|-heal|p1a: Illumise|266/266\n|-singleturn|p1a: Illumise|move: Roost\n|move|p2a: Garganacl|Salt Cure|p1a: Illumise\n|-supereffective|p1a: Illumise\n|-damage|p1a: Illumise|188/266\n|\n|-damage|p1a: Illumise|155/266|[from] Salt Cure\n|upkeep\n|turn|16\n|\n|t:|1782898732\n|move|p1a: Illumise|Bug Buzz|p2a: Garganacl\n|-damage|p2a: Garganacl|198/291\n|move|p2a: Garganacl|Salt Cure|p1a: Illumise\n|-supereffective|p1a: Illumise\n|-damage|p1a: Illumise|75/266\n|\n|-heal|p2a: Garganacl|216/291|[from] item: Leftovers\n|-damage|p1a: Illumise|42/266|[from] Salt Cure\n|upkeep\n|turn|17\n|\n|t:|1782898735\n|move|p1a: Illumise|Roost|p1a: Illumise\n|-heal|p1a: Illumise|175/266\n|-singleturn|p1a: Illumise|move: Roost\n|move|p2a: Garganacl|Salt Cure|p1a: Illumise\n|-supereffective|p1a: Illumise\n|-damage|p1a: Illumise|95/266\n|\n|-heal|p2a: Garganacl|234/291|[from] item: Leftovers\n|-damage|p1a: Illumise|62/266|[from] Salt Cure\n|upkeep\n|turn|18\n|\n|t:|1782898739\n|move|p1a: Illumise|Roost|p1a: Illumise\n|-heal|p1a: Illumise|195/266\n|-singleturn|p1a: Illumise|move: Roost\n|move|p2a: Garganacl|Salt Cure|p1a: Illumise\n|-supereffective|p1a: Illumise\n|-damage|p1a: Illumise|105/266\n|\n|-heal|p2a: Garganacl|252/291|[from] item: Leftovers\n|-damage|p1a: Illumise|72/266|[from] Salt Cure\n|upkeep\n|turn|19\n|\n|t:|1782898741\n|move|p1a: Illumise|Roost|p1a: Illumise\n|-heal|p1a: Illumise|205/266\n|-singleturn|p1a: Illumise|move: Roost\n|move|p2a: Garganacl|Salt Cure|p1a: Illumise\n|-supereffective|p1a: Illumise\n|-damage|p1a: Illumise|113/266\n|\n|-heal|p2a: Garganacl|270/291|[from] item: Leftovers\n|-damage|p1a: Illumise|80/266|[from] Salt Cure\n|upkeep\n|turn|20\n|\n|t:|1782898747\n|move|p1a: Illumise|Bug Buzz|p2a: Garganacl\n|-damage|p2a: Garganacl|179/291\n|move|p2a: Garganacl|Salt Cure|p1a: Illumise\n|-supereffective|p1a: Illumise\n|-damage|p1a: Illumise|0 fnt\n|faint|p1a: Illumise\n|\n|-heal|p2a: Garganacl|197/291|[from] item: Leftovers\n|upkeep\n|\n|t:|1782898748\n|switch|p1a: Mudsdale|Mudsdale, L83, F|67/302\n|-damage|p1a: Mudsdale|49/302|[from] Stealth Rock\n|turn|21\n|\n|t:|1782898759\n|move|p2a: Garganacl|Protect|p2a: Garganacl\n|-singleturn|p2a: Garganacl|Protect\n|move|p1a: Mudsdale|Earthquake|p2a: Garganacl\n|-activate|p2a: Garganacl|move: Protect\n|\n|-heal|p2a: Garganacl|215/291|[from] item: Leftovers\n|upkeep\n|turn|22\n|\n|t:|1782898775\n|switch|p2a: Maushold|Maushold-Four, L76|238/238\n|-damage|p2a: Maushold|209/238|[from] Stealth Rock\n|move|p1a: Mudsdale|Earthquake|p2a: Maushold\n|-damage|p2a: Maushold|56/238\n|\n|upkeep\n|turn|23\n|\n|t:|1782898784\n|move|p2a: Maushold|Population Bomb|p1a: Mudsdale\n|-damage|p1a: Mudsdale|28/302\n|-ability|p1a: Mudsdale|Stamina|boost\n|-boost|p1a: Mudsdale|def|1\n|-damage|p1a: Mudsdale|15/302\n|-ability|p1a: Mudsdale|Stamina|boost\n|-boost|p1a: Mudsdale|def|1\n|-damage|p1a: Mudsdale|3/302\n|-ability|p1a: Mudsdale|Stamina|boost\n|-boost|p1a: Mudsdale|def|1\n|-damage|p1a: Mudsdale|0 fnt\n|faint|p1a: Mudsdale\n|-hitcount|p1: Mudsdale|4\n|\n|upkeep\n|\n|t:|1782898785\n|switch|p1a: Luxray|Luxray, L88, F|284/284\n|-damage|p1a: Luxray|249/284|[from] Stealth Rock\n|-ability|p1a: Luxray|Intimidate|boost\n|-unboost|p2a: Maushold|atk|1\n|turn|24\n|\n|t:|1782898797\n|move|p2a: Maushold|Tidy Up|p2a: Maushold\n|-sideend|p2: rly hate this game|Stealth Rock\n|-sideend|p1: forcemajor14|Stealth Rock\n|-activate|p2a: Maushold|move: Tidy Up\n|-boost|p2a: Maushold|atk|1\n|-boost|p2a: Maushold|spe|1\n|move|p1a: Luxray|Throat Chop|p2a: Maushold\n|-damage|p2a: Maushold|0 fnt\n|faint|p2a: Maushold\n|\n|upkeep\n|\n|t:|1782898802\n|switch|p2a: Camerupt|Camerupt, L91, M|237/275\n|turn|25\n|\n|t:|1782898804\n|switch|p1a: Chansey|Chansey, L85, F|564/564\n|move|p2a: Camerupt|Stealth Rock|p1a: Chansey\n|-sidestart|p1: forcemajor14|move: Stealth Rock\n|\n|-heal|p2a: Camerupt|254/275|[from] item: Leftovers\n|upkeep\n|turn|26\n|\n|t:|1782898812\n|switch|p2a: Garganacl|Garganacl, L80, F|215/291\n|move|p1a: Chansey|Seismic Toss|p2a: Garganacl\n|-damage|p2a: Garganacl|130/291\n|\n|-heal|p2a: Garganacl|148/291|[from] item: Leftovers\n|upkeep\n|turn|27\n|\n|t:|1782898818\n|move|p1a: Chansey|Seismic Toss|p2a: Garganacl\n|-damage|p2a: Garganacl|63/291\n|move|p2a: Garganacl|Recover|p2a: Garganacl\n|-heal|p2a: Garganacl|209/291\n|\n|-heal|p2a: Garganacl|227/291|[from] item: Leftovers\n|upkeep\n|turn|28\n|\n|t:|1782898822\n|move|p1a: Chansey|Thunder Wave|p2a: Garganacl\n|-immune|p2a: Garganacl|[from] ability: Purifying Salt\n|move|p2a: Garganacl|Salt Cure|p1a: Chansey\n|-damage|p1a: Chansey|467/564\n|-start|p1a: Chansey|Salt Cure\n|\n|-heal|p2a: Garganacl|245/291|[from] item: Leftovers\n|-damage|p1a: Chansey|397/564|[from] Salt Cure\n|upkeep\n|turn|29\n|\n|t:|1782898826\n|move|p1a: Chansey|Soft-Boiled|p1a: Chansey\n|-heal|p1a: Chansey|564/564\n|move|p2a: Garganacl|Earthquake|p1a: Chansey\n|-damage|p1a: Chansey|407/564\n|\n|-heal|p2a: Garganacl|263/291|[from] item: Leftovers\n|-damage|p1a: Chansey|337/564|[from] Salt Cure\n|upkeep\n|turn|30\n|\n|t:|1782898831\n|move|p1a: Chansey|Soft-Boiled|p1a: Chansey\n|-heal|p1a: Chansey|564/564\n|move|p2a: Garganacl|Earthquake|p1a: Chansey\n|-damage|p1a: Chansey|413/564\n|\n|-heal|p2a: Garganacl|281/291|[from] item: Leftovers\n|-damage|p1a: Chansey|343/564|[from] Salt Cure\n|upkeep\n|turn|31\n|\n|t:|1782898835\n|move|p1a: Chansey|Soft-Boiled|p1a: Chansey\n|-heal|p1a: Chansey|564/564\n|move|p2a: Garganacl|Earthquake|p1a: Chansey\n|-damage|p1a: Chansey|423/564\n|\n|-heal|p2a: Garganacl|291/291|[from] item: Leftovers\n|-damage|p1a: Chansey|353/564|[from] Salt Cure\n|upkeep\n|turn|32\n|\n|t:|1782898837\n|move|p1a: Chansey|Soft-Boiled|p1a: Chansey\n|-heal|p1a: Chansey|564/564\n|move|p2a: Garganacl|Earthquake|p1a: Chansey\n|-damage|p1a: Chansey|423/564\n|\n|-damage|p1a: Chansey|353/564|[from] Salt Cure\n|upkeep\n|turn|33\n|\n|t:|1782898840\n|move|p1a: Chansey|Soft-Boiled|p1a: Chansey\n|-heal|p1a: Chansey|564/564\n|move|p2a: Garganacl|Earthquake|p1a: Chansey\n|-damage|p1a: Chansey|417/564\n|\n|-damage|p1a: Chansey|347/564|[from] Salt Cure\n|upkeep\n|turn|34\n|\n|t:|1782898843\n|move|p1a: Chansey|Soft-Boiled|p1a: Chansey\n|-heal|p1a: Chansey|564/564\n|move|p2a: Garganacl|Earthquake|p1a: Chansey\n|-damage|p1a: Chansey|405/564\n|\n|-damage|p1a: Chansey|335/564|[from] Salt Cure\n|upkeep\n|turn|35\n|\n|t:|1782898846\n|move|p1a: Chansey|Soft-Boiled|p1a: Chansey\n|-heal|p1a: Chansey|564/564\n|move|p2a: Garganacl|Earthquake|p1a: Chansey\n|-damage|p1a: Chansey|422/564\n|\n|-damage|p1a: Chansey|352/564|[from] Salt Cure\n|upkeep\n|turn|36\n|\n|t:|1782898850\n|move|p1a: Chansey|Soft-Boiled|p1a: Chansey\n|-heal|p1a: Chansey|564/564\n|move|p2a: Garganacl|Earthquake|p1a: Chansey\n|-crit|p1a: Chansey\n|-damage|p1a: Chansey|353/564\n|\n|-damage|p1a: Chansey|283/564|[from] Salt Cure\n|upkeep\n|turn|37\n|\n|t:|1782898853\n|move|p1a: Chansey|Seismic Toss|p2a: Garganacl\n|-damage|p2a: Garganacl|206/291\n|move|p2a: Garganacl|Earthquake|p1a: Chansey\n|-damage|p1a: Chansey|136/564\n|\n|-heal|p2a: Garganacl|224/291|[from] item: Leftovers\n|-damage|p1a: Chansey|66/564|[from] Salt Cure\n|upkeep\n|turn|38\n|\n|t:|1782898858\n|move|p2a: Garganacl|Protect|p2a: Garganacl\n|-singleturn|p2a: Garganacl|Protect\n|move|p1a: Chansey|Seismic Toss|p2a: Garganacl\n|-activate|p2a: Garganacl|move: Protect\n|\n|-heal|p2a: Garganacl|242/291|[from] item: Leftovers\n|-damage|p1a: Chansey|0 fnt|[from] Salt Cure\n|faint|p1a: Chansey\n|upkeep\n|\n|t:|1782898860\n|switch|p1a: Luxray|Luxray, L88, F|249/284\n|-damage|p1a: Luxray|214/284|[from] Stealth Rock\n|-ability|p1a: Luxray|Intimidate|boost\n|-unboost|p2a: Garganacl|atk|1\n|turn|39\n|\n|t:|1782898865\n|switch|p2a: Camerupt|Camerupt, L91, M|254/275\n|move|p1a: Luxray|Volt Switch|p2a: Camerupt\n|-immune|p2a: Camerupt\n|\n|-heal|p2a: Camerupt|271/275|[from] item: Leftovers\n|upkeep\n|turn|40\n|\n|t:|1782898870\n|move|p1a: Luxray|Ice Fang|p2a: Camerupt\n|-damage|p2a: Camerupt|206/275\n|move|p2a: Camerupt|Roar|p1a: Luxray\n|drag|p1a: Regigigas|Regigigas, L84|322/322\n|-damage|p1a: Regigigas|282/322|[from] Stealth Rock\n|-start|p1a: Regigigas|ability: Slow Start\n|\n|-heal|p2a: Camerupt|223/275|[from] item: Leftovers\n|-heal|p1a: Regigigas|302/322|[from] item: Leftovers\n|upkeep\n|turn|41\n|\n|t:|1782898875\n|switch|p2a: Garganacl|Garganacl, L80, F|242/291\n|move|p1a: Regigigas|Body Slam|p2a: Garganacl\n|-resisted|p2a: Garganacl\n|-damage|p2a: Garganacl|214/291\n|\n|-heal|p1a: Regigigas|322/322|[from] item: Leftovers\n|-heal|p2a: Garganacl|232/291|[from] item: Leftovers\n|upkeep\n|turn|42\n|\n|t:|1782898879\n|move|p1a: Regigigas|Knock Off|p2a: Garganacl\n|-damage|p2a: Garganacl|193/291\n|-enditem|p2a: Garganacl|Leftovers|[from] move: Knock Off|[of] p1a: Regigigas\n|move|p2a: Garganacl|Salt Cure|p1a: Regigigas\n|-damage|p1a: Regigigas|286/322\n|-start|p1a: Regigigas|Salt Cure\n|\n|-heal|p1a: Regigigas|306/322|[from] item: Leftovers\n|-damage|p1a: Regigigas|266/322|[from] Salt Cure\n|upkeep\n|turn|43\n|\n|t:|1782898884\n|move|p1a: Regigigas|Knock Off|p2a: Garganacl\n|-damage|p2a: Garganacl|167/291\n|move|p2a: Garganacl|Recover|p2a: Garganacl\n|-heal|p2a: Garganacl|291/291\n|\n|-heal|p1a: Regigigas|286/322|[from] item: Leftovers\n|-damage|p1a: Regigigas|246/322|[from] Salt Cure\n|upkeep\n|turn|44\n|\n|t:|1782898888\n|move|p1a: Regigigas|Knock Off|p2a: Garganacl\n|-damage|p2a: Garganacl|263/291\n|move|p2a: Garganacl|Earthquake|p1a: Regigigas\n|-damage|p1a: Regigigas|189/322\n|\n|-heal|p1a: Regigigas|209/322|[from] item: Leftovers\n|-damage|p1a: Regigigas|169/322|[from] Salt Cure\n|upkeep\n|turn|45\n|\n|t:|1782898891\n|move|p1a: Regigigas|Rest|p1a: Regigigas\n|-status|p1a: Regigigas|slp|[from] move: Rest\n|-heal|p1a: Regigigas|322/322 slp|[silent]\n|move|p2a: Garganacl|Earthquake|p1a: Regigigas\n|-damage|p1a: Regigigas|267/322 slp\n|\n|-heal|p1a: Regigigas|287/322 slp|[from] item: Leftovers\n|-damage|p1a: Regigigas|247/322 slp|[from] Salt Cure\n|-end|p1a: Regigigas|Slow Start\n|upkeep\n|turn|46\n|\n|t:|1782898895\n|switch|p2a: Metagross|Metagross, L79|256/256\n|cant|p1a: Regigigas|slp\n|move|p1a: Regigigas|Sleep Talk|p1a: Regigigas\n|move|p1a: Regigigas|Body Slam|p2a: Metagross|[from] move: Sleep Talk\n|-resisted|p2a: Metagross\n|-damage|p2a: Metagross|202/256\n|\n|-heal|p1a: Regigigas|267/322 slp|[from] item: Leftovers\n|-damage|p1a: Regigigas|227/322 slp|[from] Salt Cure\n|upkeep\n|turn|47\n|\n|t:|1782898899\n|cant|p1a: Regigigas|slp\n|move|p1a: Regigigas|Sleep Talk|p1a: Regigigas\n|move|p1a: Regigigas|Rest||[from] move: Sleep Talk|[still]\n|-fail|p1a: Regigigas\n|move|p2a: Metagross|Agility|p2a: Metagross\n|-boost|p2a: Metagross|spe|2\n|\n|-heal|p1a: Regigigas|247/322 slp|[from] item: Leftovers\n|-damage|p1a: Regigigas|207/322 slp|[from] Salt Cure\n|upkeep\n|turn|48\n|\n|t:|1782898903\n|move|p2a: Metagross|Psychic Fangs|p1a: Regigigas\n|-damage|p1a: Regigigas|120/322 slp\n|-curestatus|p1a: Regigigas|slp|[msg]\n|move|p1a: Regigigas|Rest|p1a: Regigigas\n|-status|p1a: Regigigas|slp|[from] move: Rest\n|-heal|p1a: Regigigas|322/322 slp|[silent]\n|\n|-damage|p1a: Regigigas|282/322 slp|[from] Salt Cure\n|upkeep\n|turn|49\n|\n|t:|1782898908\n|move|p2a: Metagross|Psychic Fangs|p1a: Regigigas\n|-damage|p1a: Regigigas|198/322 slp\n|cant|p1a: Regigigas|slp\n|move|p1a: Regigigas|Sleep Talk|p1a: Regigigas\n|move|p1a: Regigigas|Rest||[from] move: Sleep Talk|[still]\n|-fail|p1a: Regigigas\n|\n|-heal|p1a: Regigigas|218/322 slp|[from] item: Leftovers\n|-damage|p1a: Regigigas|178/322 slp|[from] Salt Cure\n|upkeep\n|turn|50\n|\n|t:|1782898911\n|move|p2a: Metagross|Psychic Fangs|p1a: Regigigas\n|-damage|p1a: Regigigas|82/322 slp\n|cant|p1a: Regigigas|slp\n|\n|-heal|p1a: Regigigas|102/322 slp|[from] item: Leftovers\n|-damage|p1a: Regigigas|62/322 slp|[from] Salt Cure\n|upkeep\n|turn|51\n|\n|t:|1782898916\n|switch|p1a: Luxray|Luxray, L88, F|214/284\n|-damage|p1a: Luxray|179/284|[from] Stealth Rock\n|-ability|p1a: Luxray|Intimidate|boost\n|-fail|p2a: Metagross|unboost|[from] ability: Clear Body|[of] p2a: Metagross\n|move|p2a: Metagross|Psychic Fangs|p1a: Luxray\n|-damage|p1a: Luxray|67/284\n|\n|upkeep\n|turn|52\n|\n|t:|1782898920\n|move|p2a: Metagross|Psychic Fangs|p1a: Luxray\n|-damage|p1a: Luxray|0 fnt\n|faint|p1a: Luxray\n|\n|upkeep\n|\n|t:|1782898921\n|switch|p1a: Regigigas|Regigigas, L84|62/322 slp\n|-damage|p1a: Regigigas|22/322 slp|[from] Stealth Rock\n|-start|p1a: Regigigas|ability: Slow Start\n|turn|53\n|\n|t:|1782898925\n|move|p2a: Metagross|Psychic Fangs|p1a: Regigigas\n|-damage|p1a: Regigigas|0 fnt\n|faint|p1a: Regigigas\n|-end|p1a: Regigigas|Slow Start|[silent]\n|\n|win|rly hate this game\n|raw|forcemajor14's rating: 2226 &rarr; <strong>2209</strong><br />(-17 for losing)\n|raw|rly hate this game's rating: 2286 &rarr; <strong>2303</strong><br />(+17 for winning)\n", "inputlog": ">version f8ac14003a5f27e1bdc8d8c59608a773c1cb96e5\n>start {\"formatid\":\"gen9randombattle\",\"seed\":\"sodium,4e68bb8bb2c1fac30b6fd0243e11f269\",\"rated\":\"Rated battle\"}\n>player p1 {\"name\":\"forcemajor14\",\"avatar\":\"266\",\"rating\":2171,\"seed\":\"sodium,f21a5fd687513fbaefc643f186b4a682\"}\n>player p2 {\"name\":\"rly hate this game\",\"avatar\":\"101\",\"rating\":2286,\"seed\":\"sodium,69e812b26d5918d599ecdd07234944eb\"}\n>p1 move swordsdance\n>p2 move aquastep\n>p1 move suckerpunch\n>p2 move closecombat\n>p1 switch 2\n>p1 move thunderwave\n>p2 switch 3\n>p1 switch 5\n>p2 move stealthrock\n>p1 move bodyslam\n>p2 move roar\n>p1 move encore\n>p2 move overheat\n>p1 move stealthrock\n>p2 switch 4\n>p1 move earthquake\n>p2 move knockoff\n>p1 move earthquake\n>p2 move photongeyser\n>p1 switch 4\n>p2 move photongeyser\n>p2 switch 5\n>p1 move roost\n>p2 move saltcure\n>p1 move roost\n>p2 move saltcure\n>p1 move roost\n>p2 move saltcure\n>p1 move roost\n>p2 move saltcure\n>p1 move roost\n>p2 move saltcure\n>p1 move bugbuzz\n>p2 move saltcure\n>p1 move roost\n>p2 move saltcure\n>p1 move roost\n>p2 move saltcure\n>p1 move roost\n>p2 move saltcure\n>p1 move bugbuzz\n>p2 move saltcure\n>p1 switch 4\n>p1 move earthquake\n>p2 move protect\n>p1 move earthquake\n>p2 switch 6\n>p1 move earthquake\n>p2 move populationbomb\n>p1 switch 3\n>p1 move throatchop\n>p2 move tidyup\n>p2 switch 4\n>p1 switch 6\n>p2 move stealthrock\n>p1 move seismictoss\n>p2 switch 6\n>p1 move seismictoss\n>p2 move recover\n>p1 move thunderwave\n>p2 move saltcure\n>p1 move softboiled\n>p2 move earthquake\n>p1 move softboiled\n>p2 move earthquake\n>p1 move softboiled\n>p2 move earthquake\n>p1 move softboiled\n>p2 move earthquake\n>p1 move softboiled\n>p2 move earthquake\n>p1 move softboiled\n>p2 move earthquake\n>p1 move softboiled\n>p2 move earthquake\n>p1 move softboiled\n>p2 move earthquake\n>p1 move seismictoss\n>p2 move earthquake\n>p1 move seismictoss\n>p2 move protect\n>p1 switch 6\n>p1 move voltswitch\n>p2 switch 6\n>p1 move icefang\n>p2 move roar\n>p1 move bodyslam\n>p2 switch 6\n>p1 move knockoff\n>p2 move saltcure\n>p1 move knockoff\n>p2 move recover\n>p1 move knockoff\n>p2 move earthquake\n>p1 move rest\n>p2 move earthquake\n>p1 move sleeptalk\n>p2 switch 2\n>p1 move sleeptalk\n>p2 move agility\n>p1 move rest\n>p2 move psychicfangs\n>p1 move sleeptalk\n>p2 move psychicfangs\n>p1 move rest\n>p2 move psychicfangs\n>p1 switch 5\n>p2 move psychicfangs\n>p1 move voltswitch\n>p2 move psychicfangs\n>p1 switch 5\n>p1 move rest\n>p2 move psychicfangs", "uploadtime": 1782898926, "views": 2, "formatid": "gen9randombattle", "rating": 2209, "private": 0, "password": null, "player_dets": [{"name": "forcemajor14", "avatar": "266", "rating": 2171, "seed": "sodium,f21a5fd687513fbaefc643f186b4a682"}, {"name": "rly hate this game", "avatar": "101", "rating": 2286, "seed": "sodium,69e812b26d5918d599ecdd07234944eb"}], "teams_full": [{"Lokix": {"name": "Lokix", "species": "Lokix", "speciesId": "lokix", "gender": "M", "shiny": false, "level": 82, "moves": ["suckerpunch", "swordsdance", "knockoff", "leechlife"], "ability": "Tinted Lens", "evs": {"hp": 85, "atk": 85, "def": 85, "spa": 85, "spd": 85, "spe": 85}, "ivs": {"hp": 31, "atk": 31, "def": 31, "spa": 31, "spd": 31, "spe": 31}, "item": "Life Orb", "teraType": "Dark", "role": "Setup Sweeper", "bvs": {"hp": 71, "atk": 102, "def": 78, "spa": 52, "spd": 55, "spe": 92}, "stats": {"hp": 251, "atk": 214, "def": 175, "spa": 132, "spd": 137, "spe": 198}, "types": ["Bug", "Dark"]}, "Illumise": {"name": "Illumise", "species": "Illumise", "speciesId": "illumise", "gender": "F", "shiny": false, "level": 91, "moves": ["encore", "roost", "thunderwave", "bugbuzz"], "ability": "Prankster", "evs": {"hp": 85, "atk": 0, "def": 85, "spa": 85, "spd": 85, "spe": 85}, "ivs": {"hp": 31, "atk": 0, "def": 31, "spa": 31, "spd": 31, "spe": 31}, "item": "Heavy-Duty Boots", "teraType": "Water", "role": "Bulky Support", "bvs": {"hp": 65, "atk": 47, "def": 75, "spa": 73, "spd": 85, "spe": 85}, "stats": {"hp": 266, "atk": 90, "def": 188, "spa": 185, "spd": 207, "spe": 207}, "types": ["Bug"]}, "Luxray": {"name": "Luxray", "species": "Luxray", "speciesId": "luxray", "gender": "F", "shiny": false, "level": 88, "moves": ["wildcharge", "voltswitch", "icefang", "throatchop"], "ability": "Intimidate", "evs": {"hp": 85, "atk": 85, "def": 85, "spa": 85, "spd": 85, "spe": 85}, "ivs": {"hp": 31, "atk": 31, "def": 31, "spa": 31, "spd": 31, "spe": 31}, "item": "Assault Vest", "teraType": "Electric", "role": "AV Pivot", "bvs": {"hp": 80, "atk": 120, "def": 79, "spa": 95, "spd": 79, "spe": 70}, "stats": {"hp": 284, "atk": 261, "def": 189, "spa": 217, "spd": 189, "spe": 173}, "types": ["Electric"]}, "Mudsdale": {"name": "Mudsdale", "species": "Mudsdale", "speciesId": "mudsdale", "gender": "F", "shiny": false, "level": 83, "moves": ["earthquake", "stealthrock", "roar", "heavyslam"], "ability": "Stamina", "evs": {"hp": 85, "atk": 85, "def": 85, "spa": 85, "spd": 85, "spe": 85}, "ivs": {"hp": 31, "atk": 31, "def": 31, "spa": 31, "spd": 31, "spe": 31}, "item": "Leftovers", "teraType": "Steel", "role": "Bulky Attacker", "bvs": {"hp": 100, "atk": 125, "def": 100, "spa": 55, "spd": 85, "spe": 35}, "stats": {"hp": 302, "atk": 255, "def": 214, "spa": 139, "spd": 189, "spe": 106}, "types": ["Ground"]}, "Regigigas": {"name": "Regigigas", "species": "Regigigas", "speciesId": "regigigas", "gender": "N", "shiny": false, "level": 84, "moves": ["bodyslam", "knockoff", "rest", "sleeptalk"], "ability": "Slow Start", "evs": {"hp": 85, "atk": 85, "def": 85, "spa": 85, "spd": 85, "spe": 85}, "ivs": {"hp": 31, "atk": 31, "def": 31, "spa": 31, "spd": 31, "spe": 31}, "item": "Leftovers", "teraType": "Ghost", "role": "Bulky Support", "bvs": {"hp": 110, "atk": 160, "def": 110, "spa": 80, "spd": 110, "spe": 100}, "stats": {"hp": 322, "atk": 317, "def": 233, "spa": 183, "spd": 233, "spe": 216}, "types": ["Normal"]}, "Chansey": {"name": "Chansey", "species": "Chansey", "speciesId": "chansey", "gender": "F", "shiny": false, "level": 85, "moves": ["seismictoss", "healbell", "thunderwave", "softboiled"], "ability": "Natural Cure", "evs": {"hp": 85, "atk": 0, "def": 85, "spa": 85, "spd": 85, "spe": 85}, "ivs": {"hp": 31, "atk": 0, "def": 31, "spa": 31, "spd": 31, "spe": 31}, "item": "Eviolite", "teraType": "Ghost", "role": "Bulky Support", "bvs": {"hp": 250, "atk": 5, "def": 5, "spa": 35, "spd": 105, "spe": 50}, "stats": {"hp": 564, "atk": 13, "def": 57, "spa": 108, "spd": 227, "spe": 134}, "types": ["Normal"]}}, {"Quaquaval": {"name": "Quaquaval", "species": "Quaquaval", "speciesId": "quaquaval", "gender": "F", "shiny": false, "level": 79, "moves": ["aquastep", "roost", "closecombat", "rapidspin"], "ability": "Moxie", "evs": {"hp": 85, "atk": 85, "def": 85, "spa": 85, "spd": 85, "spe": 85}, "ivs": {"hp": 31, "atk": 31, "def": 31, "spa": 31, "spd": 31, "spe": 31}, "item": "Leftovers", "teraType": "Steel", "role": "Bulky Attacker", "bvs": {"hp": 85, "atk": 120, "def": 80, "spa": 85, "spd": 75, "spe": 85}, "stats": {"hp": 264, "atk": 235, "def": 172, "spa": 180, "spd": 164, "spe": 180}, "types": ["Water", "Fighting"]}, "Metagross": {"name": "Metagross", "species": "Metagross", "speciesId": "metagross", "gender": "N", "shiny": false, "level": 79, "moves": ["earthquake", "agility", "psychicfangs", "heavyslam"], "ability": "Clear Body", "evs": {"hp": 85, "atk": 85, "def": 85, "spa": 85, "spd": 85, "spe": 85}, "ivs": {"hp": 31, "atk": 31, "def": 31, "spa": 31, "spd": 31, "spe": 31}, "item": "Weakness Policy", "teraType": "Ground", "role": "Bulky Setup", "bvs": {"hp": 80, "atk": 135, "def": 130, "spa": 95, "spd": 90, "spe": 70}, "stats": {"hp": 256, "atk": 259, "def": 251, "spa": 196, "spd": 188, "spe": 156}, "types": ["Steel", "Psychic"]}, "Camerupt": {"name": "Camerupt", "species": "Camerupt", "speciesId": "camerupt", "gender": "M", "shiny": false, "level": 91, "moves": ["overheat", "earthquake", "roar", "stealthrock"], "ability": "Solid Rock", "evs": {"hp": 85, "atk": 85, "def": 85, "spa": 85, "spd": 85, "spe": 85}, "ivs": {"hp": 31, "atk": 31, "def": 31, "spa": 31, "spd": 31, "spe": 31}, "item": "Leftovers", "teraType": "Water", "role": "Bulky Support", "bvs": {"hp": 70, "atk": 100, "def": 70, "spa": 105, "spd": 75, "spe": 40}, "stats": {"hp": 275, "atk": 234, "def": 179, "spa": 243, "spd": 188, "spe": 125}, "types": ["Fire", "Ground"]}, "Necrozma": {"name": "Necrozma", "species": "Necrozma", "speciesId": "necrozma", "gender": "N", "shiny": false, "level": 80, "moves": ["earthquake", "dragondance", "photongeyser", "knockoff"], "ability": "Prism Armor", "evs": {"hp": 85, "atk": 85, "def": 85, "spa": 85, "spd": 85, "spe": 85}, "ivs": {"hp": 31, "atk": 31, "def": 31, "spa": 31, "spd": 31, "spe": 31}, "item": "Life Orb", "teraType": "Dark", "role": "Setup Sweeper", "bvs": {"hp": 97, "atk": 107, "def": 101, "spa": 127, "spd": 89, "spe": 79}, "stats": {"hp": 286, "atk": 217, "def": 208, "spa": 249, "spd": 189, "spe": 173}, "types": ["Psychic"]}, "Garganacl": {"name": "Garganacl", "species": "Garganacl", "speciesId": "garganacl", "gender": "F", "shiny": false, "level": 80, "moves": ["earthquake", "recover", "saltcure", "protect"], "ability": "Purifying Salt", "evs": {"hp": 85, "atk": 85, "def": 85, "spa": 85, "spd": 85, "spe": 85}, "ivs": {"hp": 31, "atk": 31, "def": 31, "spa": 31, "spd": 31, "spe": 31}, "item": "Leftovers", "teraType": "Dragon", "role": "Bulky Attacker", "bvs": {"hp": 100, "atk": 100, "def": 130, "spa": 45, "spd": 90, "spe": 35}, "stats": {"hp": 291, "atk": 206, "def": 254, "spa": 118, "spd": 190, "spe": 102}, "types": ["Rock"]}, "Maushold": {"name": "Maushold", "species": "Maushold-Four", "speciesId": "maushold", "gender": "N", "shiny": false, "level": 76, "moves": ["encore", "populationbomb", "bite", "tidyup"], "ability": "Technician", "evs": {"hp": 85, "atk": 85, "def": 85, "spa": 85, "spd": 85, "spe": 85}, "ivs": {"hp": 31, "atk": 31, "def": 31, "spa": 31, "spd": 31, "spe": 31}, "item": "Wide Lens", "teraType": "Ghost", "role": "Setup Sweeper", "bvs": {"hp": 74, "atk": 75, "def": 70, "spa": 65, "spd": 75, "spe": 111}, "stats": {"hp": 238, "atk": 158, "def": 150, "spa": 143, "spd": 158, "spe": 213}, "types": ["Normal"]}}]}