{"id": "gen9randombattle-2641792224", "format": "[Gen 9] Random Battle", "players": ["Redker89", "GoldenDaniel"], "log": "|j|\u2606Redker89\n|j|\u2606GoldenDaniel\n|t:|1782842463\n|gametype|singles\n|player|p1|Redker89|ingo|\n|player|p2|GoldenDaniel|ethan|\n|gen|9\n|tier|[Gen 9] Random Battle\n|rule|Species Clause: Limit one of each Pok\u00e9mon\n|rule|HP Percentage Mod: HP is shown in percentages\n|rule|Sleep Clause Mod: Limit one foe put to sleep\n|rule|Illusion Level Mod: Illusion disguises the Pok\u00e9mon's true level\n|\n|t:|1782842463\n|teamsize|p1|6\n|teamsize|p2|6\n|start\n|switch|p1a: Goodra|Goodra-Hisui, L82, F|265/265\n|switch|p2a: Swanna|Swanna, L89, F|278/278\n|turn|1\n|c|\u2606GoldenDaniel|Ya empezamos mal\n|c|\u2606Redker89|Ya va d\u00e9jame desactivar todo, esa wea me dejara sin saldo\n|c|\u2606GoldenDaniel|Okey\n|\n|t:|1782842600\n|switch|p2a: Zebstrika|Zebstrika, L87, F|272/272\n|switch|p1a: Ambipom|Ambipom, L84, F|263/263\n|\n|upkeep\n|turn|2\n|\n|t:|1782842614\n|move|p2a: Zebstrika|Supercell Slam|p1a: Ambipom\n|-damage|p1a: Ambipom|71/263\n|-damage|p2a: Zebstrika|245/272|[from] item: Life Orb\n|move|p1a: Ambipom|Triple Axel|p2a: Zebstrika\n|-damage|p2a: Zebstrika|208/272\n|-damage|p2a: Zebstrika|129/272\n|-damage|p2a: Zebstrika|1/272\n|-hitcount|p2a: Zebstrika|3\n|\n|upkeep\n|turn|3\n|\n|t:|1782842626\n|switch|p1a: Goodra|Goodra-Hisui, L82, F|265/265\n|move|p2a: Zebstrika|Volt Switch|p1a: Goodra\n|-resisted|p1a: Goodra\n|-damage|p1a: Goodra|246/265\n|-damage|p2a: Zebstrika|0 fnt|[from] item: Life Orb\n|faint|p2a: Zebstrika\n|\n|upkeep\n|\n|t:|1782842637\n|switch|p2a: Grafaiai|Grafaiai, L86, F|249/249\n|turn|4\n|\n|t:|1782842650\n|move|p2a: Grafaiai|Knock Off|p1a: Goodra\n|-damage|p1a: Goodra|177/265\n|-enditem|p1a: Goodra|Assault Vest|[from] move: Knock Off|[of] p2a: Grafaiai\n|move|p1a: Goodra|Earthquake|p2a: Grafaiai\n|-supereffective|p2a: Grafaiai\n|-damage|p2a: Grafaiai|89/249\n|\n|upkeep\n|turn|5\n|\n|t:|1782842661\n|move|p2a: Grafaiai|Super Fang|p1a: Goodra\n|-damage|p1a: Goodra|89/265\n|move|p1a: Goodra|Earthquake|p2a: Grafaiai\n|-supereffective|p2a: Grafaiai\n|-damage|p2a: Grafaiai|0 fnt\n|faint|p2a: Grafaiai\n|\n|upkeep\n|\n|t:|1782842677\n|switch|p2a: Swanna|Swanna, L89, F|278/278\n|turn|6\n|\n|t:|1782842681\n|switch|p1a: Ambipom|Ambipom, L84, F|71/263\n|move|p2a: Swanna|Hydro Pump|p1a: Ambipom\n|-damage|p1a: Ambipom|0 fnt\n|faint|p1a: Ambipom\n|\n|upkeep\n|\n|t:|1782842683\n|switch|p1a: Probopass|Probopass, L91, F|257/257\n|turn|7\n|\n|t:|1782842693\n|switch|p2a: Dipplin|Dipplin, L88, F|284/284\n|move|p1a: Probopass|Thunder Wave|p2a: Dipplin|[miss]\n|-miss|p1a: Probopass|p2a: Dipplin\n|\n|upkeep\n|turn|8\n|\n|t:|1782842707\n|move|p1a: Probopass|Thunder Wave|p2a: Dipplin\n|-status|p2a: Dipplin|par\n|move|p2a: Dipplin|Giga Drain|p1a: Probopass\n|-damage|p1a: Probopass|205/257\n|\n|-heal|p1a: Probopass|221/257|[from] item: Leftovers\n|upkeep\n|turn|9\n|\n|t:|1782842722\n|move|p1a: Probopass|Iron Defense|p1a: Probopass\n|-boost|p1a: Probopass|def|2\n|move|p2a: Dipplin|Dragon Tail|p1a: Probopass\n|-resisted|p1a: Probopass\n|-crit|p1a: Probopass\n|-damage|p1a: Probopass|194/257\n|drag|p1a: Venusaur|Venusaur, L84, M|272/272\n|\n|upkeep\n|turn|10\n|\n|t:|1782842732\n|switch|p2a: Chansey|Chansey, L85, F|564/564\n|move|p1a: Venusaur|Sludge Bomb|p2a: Chansey\n|-damage|p2a: Chansey|507/564\n|\n|upkeep\n|turn|11\n|\n|t:|1782842739\n|move|p1a: Venusaur|Energy Ball|p2a: Chansey\n|-damage|p2a: Chansey|447/564\n|-unboost|p2a: Chansey|spd|1\n|move|p2a: Chansey|Thunder Wave|p1a: Venusaur\n|-status|p1a: Venusaur|par\n|\n|upkeep\n|turn|12\n|\n|t:|1782842748\n|move|p2a: Chansey|Stealth Rock|p1a: Venusaur\n|-sidestart|p1: Redker89|move: Stealth Rock\n|move|p1a: Venusaur|Energy Ball|p2a: Chansey\n|-damage|p2a: Chansey|360/564\n|\n|upkeep\n|turn|13\n|\n|t:|1782842754\n|move|p2a: Chansey|Soft-Boiled|p2a: Chansey\n|-heal|p2a: Chansey|564/564\n|cant|p1a: Venusaur|par\n|\n|upkeep\n|turn|14\n|\n|t:|1782842763\n|move|p2a: Chansey|Seismic Toss|p1a: Venusaur\n|-damage|p1a: Venusaur|187/272 par\n|move|p1a: Venusaur|Sludge Bomb|p2a: Chansey\n|-damage|p2a: Chansey|477/564\n|\n|-heal|p1a: Venusaur|204/272 par|[from] item: Leftovers\n|upkeep\n|turn|15\n|\n|t:|1782842785\n|move|p2a: Chansey|Seismic Toss|p1a: Venusaur\n|-damage|p1a: Venusaur|119/272 par\n|cant|p1a: Venusaur|par\n|\n|-heal|p1a: Venusaur|136/272 par|[from] item: Leftovers\n|upkeep\n|turn|16\n|\n|t:|1782842790\n|move|p2a: Chansey|Seismic Toss|p1a: Venusaur\n|-damage|p1a: Venusaur|51/272 par\n|move|p1a: Venusaur|Synthesis|p1a: Venusaur\n|-heal|p1a: Venusaur|187/272 par\n|\n|-heal|p1a: Venusaur|204/272 par|[from] item: Leftovers\n|upkeep\n|turn|17\n|\n|t:|1782842794\n|move|p2a: Chansey|Seismic Toss|p1a: Venusaur\n|-damage|p1a: Venusaur|119/272 par\n|move|p1a: Venusaur|Sludge Bomb|p2a: Chansey\n|-damage|p2a: Chansey|398/564\n|\n|-heal|p1a: Venusaur|136/272 par|[from] item: Leftovers\n|upkeep\n|turn|18\n|\n|t:|1782842799\n|move|p2a: Chansey|Seismic Toss|p1a: Venusaur\n|-damage|p1a: Venusaur|51/272 par\n|move|p1a: Venusaur|Synthesis|p1a: Venusaur\n|-heal|p1a: Venusaur|187/272 par\n|\n|-heal|p1a: Venusaur|204/272 par|[from] item: Leftovers\n|upkeep\n|turn|19\n|c|\u2606GoldenDaniel|Ay cristo\n|\n|t:|1782842818\n|move|p2a: Chansey|Soft-Boiled|p2a: Chansey\n|-heal|p2a: Chansey|564/564\n|move|p1a: Venusaur|Sludge Bomb|p2a: Chansey\n|-crit|p2a: Chansey\n|-damage|p2a: Chansey|432/564\n|-status|p2a: Chansey|psn\n|\n|-heal|p1a: Venusaur|221/272 par|[from] item: Leftovers\n|-damage|p2a: Chansey|362/564 psn|[from] psn\n|upkeep\n|turn|20\n|\n|t:|1782842824\n|-curestatus|p2a: Chansey|psn|[from] ability: Natural Cure|[silent]\n|switch|p2a: Swanna|Swanna, L89, F|278/278\n|move|p1a: Venusaur|Knock Off|p2a: Swanna\n|-damage|p2a: Swanna|205/278\n|-enditem|p2a: Swanna|Heavy-Duty Boots|[from] move: Knock Off|[of] p1a: Venusaur\n|\n|-heal|p1a: Venusaur|238/272 par|[from] item: Leftovers\n|upkeep\n|turn|21\n|\n|t:|1782842854\n|switch|p1a: Probopass|Probopass, L91, F|194/257\n|-damage|p1a: Probopass|178/257|[from] Stealth Rock\n|move|p2a: Swanna|Brave Bird|p1a: Probopass\n|-resisted|p1a: Probopass\n|-damage|p1a: Probopass|159/257\n|-damage|p2a: Swanna|199/278|[from] Recoil\n|\n|-heal|p1a: Probopass|175/257|[from] item: Leftovers\n|upkeep\n|turn|22\n|\n|t:|1782842861\n|move|p2a: Swanna|Hydro Pump|p1a: Probopass\n|-supereffective|p1a: Probopass\n|-damage|p1a: Probopass|41/257\n|move|p1a: Probopass|Thunder Wave|p2a: Swanna\n|-status|p2a: Swanna|par\n|\n|-heal|p1a: Probopass|57/257|[from] item: Leftovers\n|upkeep\n|turn|23\n|\n|t:|1782842948\n|move|p1a: Probopass|Flash Cannon|p2a: Swanna\n|-resisted|p2a: Swanna\n|-damage|p2a: Swanna|147/278 par\n|-unboost|p2a: Swanna|spd|1\n|move|p2a: Swanna|Hydro Pump|p1a: Probopass\n|-supereffective|p1a: Probopass\n|-damage|p1a: Probopass|0 fnt\n|faint|p1a: Probopass\n|\n|upkeep\n|\n|t:|1782842962\n|switch|p1a: Goodra|Goodra-Hisui, L82, F|89/265\n|-damage|p1a: Goodra|73/265|[from] Stealth Rock\n|turn|24\n|\n|t:|1782842973\n|move|p1a: Goodra|Draco Meteor|p2a: Swanna\n|-damage|p2a: Swanna|0 fnt\n|-unboost|p1a: Goodra|spa|2\n|faint|p2a: Swanna\n|\n|upkeep\n|\n|t:|1782842978\n|switch|p2a: Dipplin|Dipplin, L88, F|284/284 par\n|turn|25\n|\n|t:|1782842983\n|move|p1a: Goodra|Draco Meteor|p2a: Dipplin\n|-supereffective|p2a: Dipplin\n|-damage|p2a: Dipplin|192/284 par\n|-unboost|p1a: Goodra|spa|2\n|cant|p2a: Dipplin|par\n|\n|upkeep\n|turn|26\n|\n|t:|1782842986\n|move|p1a: Goodra|Draco Meteor|p2a: Dipplin\n|-supereffective|p2a: Dipplin\n|-damage|p2a: Dipplin|126/284 par\n|-unboost|p1a: Goodra|spa|2\n|move|p2a: Dipplin|Recover|p2a: Dipplin\n|-heal|p2a: Dipplin|268/284 par\n|\n|upkeep\n|turn|27\n|\n|t:|1782843001\n|move|p1a: Goodra|Heavy Slam|p2a: Dipplin\n|-damage|p2a: Dipplin|204/284 par\n|move|p2a: Dipplin|Dragon Pulse|p1a: Goodra\n|-damage|p1a: Goodra|13/265\n|\n|upkeep\n|turn|28\n|\n|t:|1782843007\n|move|p1a: Goodra|Heavy Slam|p2a: Dipplin\n|-damage|p2a: Dipplin|138/284 par\n|move|p2a: Dipplin|Recover|p2a: Dipplin\n|-heal|p2a: Dipplin|280/284 par\n|\n|upkeep\n|turn|29\n|\n|t:|1782843025\n|move|p1a: Goodra|Draco Meteor|p2a: Dipplin\n|-supereffective|p2a: Dipplin\n|-damage|p2a: Dipplin|224/284 par\n|move|p2a: Dipplin|Dragon Pulse|p1a: Goodra\n|-damage|p1a: Goodra|0 fnt\n|faint|p1a: Goodra\n|\n|upkeep\n|\n|t:|1782843028\n|switch|p1a: Venusaur|Venusaur, L84, M|238/272 par\n|-damage|p1a: Venusaur|204/272 par|[from] Stealth Rock\n|turn|30\n|\n|t:|1782843041\n|switch|p2a: Chansey|Chansey, L85, F|362/564\n|cant|p1a: Venusaur|par\n|\n|-heal|p1a: Venusaur|221/272 par|[from] item: Leftovers\n|upkeep\n|turn|31\n|\n|t:|1782843050\n|move|p2a: Chansey|Soft-Boiled|p2a: Chansey\n|-heal|p2a: Chansey|564/564\n|move|p1a: Venusaur|Sludge Bomb|p2a: Chansey\n|-damage|p2a: Chansey|510/564\n|\n|-heal|p1a: Venusaur|238/272 par|[from] item: Leftovers\n|upkeep\n|turn|32\n|\n|t:|1782843055\n|move|p2a: Chansey|Seismic Toss|p1a: Venusaur\n|-damage|p1a: Venusaur|153/272 par\n|cant|p1a: Venusaur|par\n|\n|-heal|p1a: Venusaur|170/272 par|[from] item: Leftovers\n|upkeep\n|turn|33\n|c|\u2606GoldenDaniel|Aqu\u00ed vamos de nuevo\n|\n|t:|1782843080\n|move|p2a: Chansey|Seismic Toss|p1a: Venusaur\n|-damage|p1a: Venusaur|85/272 par\n|move|p1a: Venusaur|Synthesis|p1a: Venusaur\n|-heal|p1a: Venusaur|221/272 par\n|\n|-heal|p1a: Venusaur|238/272 par|[from] item: Leftovers\n|upkeep\n|turn|34\n|\n|t:|1782843086\n|move|p2a: Chansey|Seismic Toss|p1a: Venusaur\n|-damage|p1a: Venusaur|153/272 par\n|cant|p1a: Venusaur|par\n|\n|-heal|p1a: Venusaur|170/272 par|[from] item: Leftovers\n|upkeep\n|turn|35\n|\n|t:|1782843090\n|move|p2a: Chansey|Seismic Toss|p1a: Venusaur\n|-damage|p1a: Venusaur|85/272 par\n|move|p1a: Venusaur|Sludge Bomb|p2a: Chansey\n|-damage|p2a: Chansey|452/564\n|\n|-heal|p1a: Venusaur|102/272 par|[from] item: Leftovers\n|upkeep\n|turn|36\n|\n|t:|1782843095\n|move|p2a: Chansey|Seismic Toss|p1a: Venusaur\n|-damage|p1a: Venusaur|17/272 par\n|move|p1a: Venusaur|Synthesis|p1a: Venusaur\n|-heal|p1a: Venusaur|153/272 par\n|\n|-heal|p1a: Venusaur|170/272 par|[from] item: Leftovers\n|upkeep\n|turn|37\n|\n|t:|1782843101\n|move|p2a: Chansey|Seismic Toss|p1a: Venusaur\n|-damage|p1a: Venusaur|85/272 par\n|move|p1a: Venusaur|Synthesis|p1a: Venusaur\n|-heal|p1a: Venusaur|221/272 par\n|\n|-heal|p1a: Venusaur|238/272 par|[from] item: Leftovers\n|upkeep\n|turn|38\n|\n|t:|1782843106\n|move|p2a: Chansey|Seismic Toss|p1a: Venusaur\n|-damage|p1a: Venusaur|153/272 par\n|move|p1a: Venusaur|Sludge Bomb|p2a: Chansey\n|-damage|p2a: Chansey|391/564\n|\n|-heal|p1a: Venusaur|170/272 par|[from] item: Leftovers\n|upkeep\n|turn|39\n|\n|t:|1782843111\n|move|p2a: Chansey|Seismic Toss|p1a: Venusaur\n|-damage|p1a: Venusaur|85/272 par\n|move|p1a: Venusaur|Sludge Bomb|p2a: Chansey\n|-damage|p2a: Chansey|333/564\n|-status|p2a: Chansey|psn\n|\n|-heal|p1a: Venusaur|102/272 par|[from] item: Leftovers\n|-damage|p2a: Chansey|263/564 psn|[from] psn\n|upkeep\n|turn|40\n|\n|t:|1782843118\n|move|p2a: Chansey|Soft-Boiled|p2a: Chansey\n|-heal|p2a: Chansey|545/564 psn\n|move|p1a: Venusaur|Synthesis|p1a: Venusaur\n|-heal|p1a: Venusaur|238/272 par\n|\n|-heal|p1a: Venusaur|255/272 par|[from] item: Leftovers\n|-damage|p2a: Chansey|475/564 psn|[from] psn\n|upkeep\n|turn|41\n|\n|t:|1782843124\n|-curestatus|p2a: Chansey|psn|[from] ability: Natural Cure|[silent]\n|switch|p2a: Basculegion|Basculegion-F, L83, F|335/335\n|move|p1a: Venusaur|Energy Ball|p2a: Basculegion\n|-supereffective|p2a: Basculegion\n|-damage|p2a: Basculegion|197/335\n|\n|-heal|p1a: Venusaur|272/272 par|[from] item: Leftovers\n|upkeep\n|turn|42\n|\n|t:|1782843136\n|move|p2a: Basculegion|Shadow Ball|p1a: Venusaur\n|-damage|p1a: Venusaur|176/272 par\n|-unboost|p1a: Venusaur|spd|1\n|cant|p1a: Venusaur|par\n|\n|-heal|p1a: Venusaur|193/272 par|[from] item: Leftovers\n|upkeep\n|turn|43\n|\n|t:|1782843153\n|switch|p1a: Decidueye|Decidueye-Hisui, L87, M|295/295\n|-damage|p1a: Decidueye|277/295|[from] Stealth Rock\n|move|p2a: Basculegion|Shadow Ball|p1a: Decidueye\n|-damage|p1a: Decidueye|169/295\n|\n|-heal|p1a: Decidueye|187/295|[from] item: Leftovers\n|upkeep\n|turn|44\n|\n|t:|1782843165\n|switch|p2a: Dipplin|Dipplin, L88, F|224/284 par\n|move|p1a: Decidueye|Leaf Blade|p2a: Dipplin\n|-resisted|p2a: Dipplin\n|-damage|p2a: Dipplin|210/284 par\n|\n|-heal|p1a: Decidueye|205/295|[from] item: Leftovers\n|upkeep\n|turn|45\n|\n|t:|1782843171\n|switch|p1a: Venusaur|Venusaur, L84, M|193/272 par\n|-damage|p1a: Venusaur|159/272 par|[from] Stealth Rock\n|cant|p2a: Dipplin|par\n|\n|-heal|p1a: Venusaur|176/272 par|[from] item: Leftovers\n|upkeep\n|turn|46\n|\n|t:|1782843177\n|move|p1a: Venusaur|Sludge Bomb|p2a: Dipplin\n|-supereffective|p2a: Dipplin\n|-damage|p2a: Dipplin|72/284 par\n|move|p2a: Dipplin|Dragon Tail|p1a: Venusaur|[miss]\n|-miss|p2a: Dipplin|p1a: Venusaur\n|\n|-heal|p1a: Venusaur|193/272 par|[from] item: Leftovers\n|upkeep\n|turn|47\n|\n|t:|1782843183\n|-terastallize|p2a: Dipplin|Steel\n|move|p1a: Venusaur|Sludge Bomb|p2a: Dipplin\n|-immune|p2a: Dipplin\n|move|p2a: Dipplin|Recover|p2a: Dipplin\n|-heal|p2a: Dipplin|214/284 par\n|\n|-heal|p1a: Venusaur|210/272 par|[from] item: Leftovers\n|upkeep\n|turn|48\n|\n|t:|1782843195\n|move|p1a: Venusaur|Knock Off|p2a: Dipplin\n|-damage|p2a: Dipplin|184/284 par\n|-activate|p2a: Dipplin|ability: Sticky Hold\n|move|p2a: Dipplin|Dragon Tail|p1a: Venusaur\n|-damage|p1a: Venusaur|146/272 par\n|drag|p1a: Hoopa|Hoopa-Unbound, L80|259/259\n|-damage|p1a: Hoopa|227/259|[from] Stealth Rock\n|\n|upkeep\n|turn|49\n|c|\u2606GoldenDaniel|UNBOUND!!!!!!??????\n|\n|t:|1782843234\n|move|p1a: Hoopa|Hyperspace Fury|p2a: Dipplin\n|-damage|p2a: Dipplin|75/284 par\n|-unboost|p1a: Hoopa|def|1\n|move|p2a: Dipplin|Recover|p2a: Dipplin\n|-heal|p2a: Dipplin|217/284 par\n|\n|upkeep\n|turn|50\n|\n|t:|1782843246\n|switch|p1a: Decidueye|Decidueye-Hisui, L87, M|205/295\n|-damage|p1a: Decidueye|187/295|[from] Stealth Rock\n|move|p2a: Dipplin|Recover|p2a: Dipplin\n|-heal|p2a: Dipplin|284/284 par\n|\n|-heal|p1a: Decidueye|205/295|[from] item: Leftovers\n|upkeep\n|turn|51\n|\n|t:|1782843255\n|switch|p2a: Basculegion|Basculegion-F, L83, F|197/335\n|move|p1a: Decidueye|Triple Arrows|p2a: Basculegion\n|-damage|p2a: Basculegion|50/335\n|-unboost|p2a: Basculegion|def|1\n|\n|-heal|p1a: Decidueye|223/295|[from] item: Leftovers\n|upkeep\n|turn|52\n|\n|t:|1782843263\n|move|p1a: Decidueye|Sucker Punch|p2a: Basculegion\n|-supereffective|p2a: Basculegion\n|-damage|p2a: Basculegion|0 fnt\n|faint|p2a: Basculegion\n|\n|-heal|p1a: Decidueye|241/295|[from] item: Leftovers\n|upkeep\n|\n|t:|1782843266\n|switch|p2a: Chansey|Chansey, L85, F|475/564\n|turn|53\n|\n|t:|1782843273\n|move|p1a: Decidueye|Triple Arrows|p2a: Chansey\n|-supereffective|p2a: Chansey\n|-damage|p2a: Chansey|0 fnt\n|faint|p2a: Chansey\n|\n|-heal|p1a: Decidueye|259/295|[from] item: Leftovers\n|upkeep\n|\n|t:|1782843276\n|switch|p2a: Dipplin|Dipplin, L88, F, tera:Steel|284/284 par\n|turn|54\n|\n|t:|1782843280\n|move|p1a: Decidueye|Triple Arrows|p2a: Dipplin\n|-supereffective|p2a: Dipplin\n|-damage|p2a: Dipplin|164/284 par\n|move|p2a: Dipplin|Dragon Pulse|p1a: Decidueye\n|-damage|p1a: Decidueye|165/295\n|\n|-heal|p1a: Decidueye|183/295|[from] item: Leftovers\n|upkeep\n|turn|55\n|\n|t:|1782843284\n|move|p1a: Decidueye|Triple Arrows|p2a: Dipplin\n|-supereffective|p2a: Dipplin\n|-damage|p2a: Dipplin|30/284 par\n|cant|p2a: Dipplin|flinch\n|\n|-heal|p1a: Decidueye|201/295|[from] item: Leftovers\n|upkeep\n|turn|56\n|\n|t:|1782843286\n|move|p1a: Decidueye|Triple Arrows|p2a: Dipplin\n|-supereffective|p2a: Dipplin\n|-damage|p2a: Dipplin|0 fnt\n|faint|p2a: Dipplin\n|\n|win|Redker89\n", "inputlog": ">version f8ac14003a5f27e1bdc8d8c59608a773c1cb96e5\n>start {\"formatid\":\"gen9randombattle\",\"seed\":\"sodium,f66d6725b7742a8dbba0f45caf036f74\"}\n>player p1 {\"name\":\"Redker89\",\"avatar\":\"ingo\",\"rating\":0,\"seed\":\"sodium,9d5ef0a3f7f825f3f0ccc908a9c0ef9e\"}\n>player p2 {\"name\":\"GoldenDaniel\",\"avatar\":\"ethan\",\"rating\":0,\"seed\":\"sodium,db3ac34cf2e6a33157db0f1a10b2f8a9\"}\n>chat \u2606GoldenDaniel|Ya empezamos mal\n>chat \u2606Redker89|Ya va d\u00e9jame desactivar todo, esa wea me dejara sin saldo \n>chat \u2606GoldenDaniel|Okey\n>p1 switch 4\n>p2 switch 2\n>p1 move tripleaxel\n>p2 move supercellslam\n>p1 switch 4\n>p2 move voltswitch\n>p2 switch 5\n>p1 move earthquake\n>p2 move knockoff\n>p1 move earthquake\n>p2 move superfang\n>p2 switch 2\n>p1 switch 4\n>p2 move hydropump\n>p1 switch 5\n>p1 move thunderwave\n>p2 switch 6\n>p1 move thunderwave\n>p2 move gigadrain\n>p1 move irondefense\n>p2 move dragontail\n>p1 move sludgebomb\n>p2 switch 3\n>p1 move energyball\n>p2 move thunderwave\n>p1 move energyball\n>p2 move stealthrock\n>p1 move knockoff\n>p2 move softboiled\n>p1 move sludgebomb\n>p2 move seismictoss\n>p1 move sludgebomb\n>p2 move seismictoss\n>p1 move synthesis\n>p2 move seismictoss\n>p1 move sludgebomb\n>p2 move seismictoss\n>p1 move synthesis\n>p2 move seismictoss\n>chat \u2606GoldenDaniel|Ay cristo\n>p1 move sludgebomb\n>p2 move softboiled\n>p1 move knockoff\n>p2 switch 6\n>p1 switch 2\n>p2 move bravebird\n>p1 move thunderwave\n>p2 move hydropump\n>p1 move flashcannon\n>p2 move hydropump\n>p1 switch 4\n>p1 move dracometeor\n>p2 move roost\n>p2 switch 3\n>p1 move dracometeor\n>p2 move dragonpulse\n>p1 move dracometeor\n>p2 move recover\n>p1 move heavyslam\n>p2 move dragonpulse\n>p1 move heavyslam\n>p2 move recover\n>p1 move dracometeor\n>p2 move dragonpulse\n>p1 switch 2\n>p1 move sludgebomb\n>p2 switch 6\n>p1 move sludgebomb\n>p2 move softboiled\n>p1 move sludgebomb\n>p2 move seismictoss\n>chat \u2606GoldenDaniel|Aqu\u00ed vamos de nuevo\n>p1 move synthesis\n>p2 move seismictoss\n>p1 move sludgebomb\n>p2 move seismictoss\n>p1 move sludgebomb\n>p2 move seismictoss\n>p1 move synthesis\n>p2 move seismictoss\n>p1 move synthesis\n>p2 move seismictoss\n>p1 move sludgebomb\n>p2 move seismictoss\n>p1 move sludgebomb\n>p2 move seismictoss\n>p1 move synthesis\n>p2 move softboiled\n>p1 move energyball\n>p2 switch 4\n>p1 move energyball\n>p2 move shadowball\n>p1 switch 6\n>p2 move shadowball\n>p1 move leafblade\n>p2 switch 6\n>p1 switch 6\n>p2 move dragonpulse\n>p1 move sludgebomb\n>p2 move dragontail\n>p1 move sludgebomb\n>p2 move recover terastallize\n>p1 move knockoff\n>p2 move dragontail\n>chat \u2606GoldenDaniel|UNBOUND!!!!!!??????\n>p1 move hyperspacefury\n>p2 move recover\n>p1 switch 6\n>p2 move recover\n>p1 move triplearrows\n>p2 switch 6\n>p1 move suckerpunch\n>p2 move shadowball\n>p2 switch 4\n>p1 move triplearrows\n>p2 move seismictoss\n>p2 switch 6\n>p1 move triplearrows\n>p2 move dragonpulse\n>p1 move triplearrows\n>p2 move dragonpulse\n>p1 move triplearrows\n>p2 move dragonpulse", "uploadtime": 1782843291, "views": 6, "formatid": "gen9randombattle", "rating": null, "private": 0, "password": null, "player_dets": [{"name": "Redker89", "avatar": "ingo", "rating": 0, "seed": "sodium,9d5ef0a3f7f825f3f0ccc908a9c0ef9e"}, {"name": "GoldenDaniel", "avatar": "ethan", "rating": 0, "seed": "sodium,db3ac34cf2e6a33157db0f1a10b2f8a9"}], "teams_full": [{"Goodra": {"name": "Goodra", "species": "Goodra-Hisui", "speciesId": "goodrahisui", "gender": "F", "shiny": false, "level": 82, "moves": ["hydropump", "heavyslam", "earthquake", "dracometeor"], "ability": "Sap Sipper", "evs": {"hp": 85, "atk": 85, "def": 85, "spa": 85, "spd": 85, "spe": 85}, "ivs": {"hp": 31, "atk": 31, "def": 31, "spa": 31, "spd": 31, "spe": 31}, "item": "Assault Vest", "teraType": "Flying", "role": "AV Pivot", "bvs": {"hp": 80, "atk": 100, "def": 100, "spa": 110, "spd": 150, "spe": 60}, "stats": {"hp": 265, "atk": 211, "def": 211, "spa": 228, "spd": 293, "spe": 146}, "types": ["Steel", "Dragon"]}, "Venusaur": {"name": "Venusaur", "species": "Venusaur", "speciesId": "venusaur", "gender": "M", "shiny": false, "level": 84, "moves": ["synthesis", "knockoff", "energyball", "sludgebomb"], "ability": "Overgrow", "evs": {"hp": 85, "atk": 85, "def": 85, "spa": 85, "spd": 85, "spe": 85}, "ivs": {"hp": 31, "atk": 31, "def": 31, "spa": 31, "spd": 31, "spe": 31}, "item": "Leftovers", "teraType": "Dark", "role": "Bulky Attacker", "bvs": {"hp": 80, "atk": 82, "def": 83, "spa": 100, "spd": 100, "spe": 80}, "stats": {"hp": 272, "atk": 186, "def": 188, "spa": 216, "spd": 216, "spe": 183}, "types": ["Grass", "Poison"]}, "Hoopa": {"name": "Hoopa", "species": "Hoopa-Unbound", "speciesId": "hoopaunbound", "gender": "N", "shiny": false, "level": 80, "moves": ["trick", "zenheadbutt", "gunkshot", "hyperspacefury"], "ability": "Magician", "evs": {"hp": 85, "atk": 85, "def": 85, "spa": 85, "spd": 85, "spe": 85}, "ivs": {"hp": 31, "atk": 31, "def": 31, "spa": 31, "spd": 31, "spe": 31}, "item": "Choice Band", "teraType": "Poison", "role": "Wallbreaker", "bvs": {"hp": 80, "atk": 160, "def": 60, "spa": 170, "spd": 130, "spe": 80}, "stats": {"hp": 259, "atk": 302, "def": 142, "spa": 318, "spd": 254, "spe": 174}, "types": ["Psychic", "Dark"]}, "Ambipom": {"name": "Ambipom", "species": "Ambipom", "speciesId": "ambipom", "gender": "F", "shiny": false, "level": 84, "moves": ["lowkick", "doubleedge", "tripleaxel", "knockoff"], "ability": "Technician", "evs": {"hp": 85, "atk": 85, "def": 85, "spa": 85, "spd": 85, "spe": 85}, "ivs": {"hp": 31, "atk": 31, "def": 31, "spa": 31, "spd": 31, "spe": 31}, "item": "Choice Band", "teraType": "Ice", "role": "Fast Attacker", "bvs": {"hp": 75, "atk": 100, "def": 66, "spa": 60, "spd": 66, "spe": 115}, "stats": {"hp": 263, "atk": 216, "def": 159, "spa": 149, "spd": 159, "spe": 241}, "types": ["Normal"]}, "Probopass": {"name": "Probopass", "species": "Probopass", "speciesId": "probopass", "gender": "F", "shiny": false, "level": 91, "moves": ["thunderwave", "bodypress", "flashcannon", "irondefense"], "ability": "Magnet Pull", "evs": {"hp": 85, "atk": 0, "def": 85, "spa": 85, "spd": 85, "spe": 85}, "ivs": {"hp": 31, "atk": 0, "def": 31, "spa": 31, "spd": 31, "spe": 31}, "item": "Leftovers", "teraType": "Fighting", "role": "Bulky Setup", "bvs": {"hp": 60, "atk": 55, "def": 145, "spa": 75, "spd": 150, "spe": 40}, "stats": {"hp": 257, "atk": 105, "def": 316, "spa": 188, "spd": 325, "spe": 125}, "types": ["Rock", "Steel"]}, "Decidueye": {"name": "Decidueye", "species": "Decidueye-Hisui", "speciesId": "decidueyehisui", "gender": "M", "shiny": false, "level": 87, "moves": ["roost", "suckerpunch", "triplearrows", "leafblade"], "ability": "Scrappy", "evs": {"hp": 85, "atk": 85, "def": 85, "spa": 85, "spd": 85, "spe": 85}, "ivs": {"hp": 31, "atk": 31, "def": 31, "spa": 31, "spd": 31, "spe": 31}, "item": "Leftovers", "teraType": "Water", "role": "Bulky Attacker", "bvs": {"hp": 88, "atk": 112, "def": 80, "spa": 95, "spd": 95, "spe": 60}, "stats": {"hp": 295, "atk": 245, "def": 189, "spa": 215, "spd": 215, "spe": 154}, "types": ["Grass", "Fighting"]}}, {"Swanna": {"name": "Swanna", "species": "Swanna", "speciesId": "swanna", "gender": "F", "shiny": false, "level": 89, "moves": ["defog", "roost", "hydropump", "bravebird"], "ability": "Hydration", "evs": {"hp": 85, "atk": 85, "def": 85, "spa": 85, "spd": 85, "spe": 85}, "ivs": {"hp": 31, "atk": 31, "def": 31, "spa": 31, "spd": 31, "spe": 31}, "item": "Heavy-Duty Boots", "teraType": "Ground", "role": "Bulky Support", "bvs": {"hp": 75, "atk": 87, "def": 63, "spa": 87, "spd": 63, "spe": 98}, "stats": {"hp": 278, "atk": 206, "def": 163, "spa": 206, "spd": 163, "spe": 225}, "types": ["Water", "Flying"]}, "Zebstrika": {"name": "Zebstrika", "species": "Zebstrika", "speciesId": "zebstrika", "gender": "F", "shiny": false, "level": 87, "moves": ["overheat", "highhorsepower", "voltswitch", "supercellslam"], "ability": "Sap Sipper", "evs": {"hp": 85, "atk": 85, "def": 85, "spa": 85, "spd": 85, "spe": 85}, "ivs": {"hp": 31, "atk": 31, "def": 31, "spa": 31, "spd": 31, "spe": 31}, "item": "Life Orb", "teraType": "Ground", "role": "Fast Attacker", "bvs": {"hp": 75, "atk": 100, "def": 63, "spa": 80, "spd": 63, "spe": 116}, "stats": {"hp": 272, "atk": 224, "def": 159, "spa": 189, "spd": 159, "spe": 252}, "types": ["Electric"]}, "Chansey": {"name": "Chansey", "species": "Chansey", "speciesId": "chansey", "gender": "F", "shiny": false, "level": 85, "moves": ["seismictoss", "thunderwave", "stealthrock", "softboiled"], "ability": "Natural Cure", "evs": {"hp": 85, "atk": 0, "def": 85, "spa": 85, "spd": 85, "spe": 85}, "ivs": {"hp": 31, "atk": 0, "def": 31, "spa": 31, "spd": 31, "spe": 31}, "item": "Eviolite", "teraType": "Fairy", "role": "Bulky Support", "bvs": {"hp": 250, "atk": 5, "def": 5, "spa": 35, "spd": 105, "spe": 50}, "stats": {"hp": 564, "atk": 13, "def": 57, "spa": 108, "spd": 227, "spe": 134}, "types": ["Normal"]}, "Basculegion": {"name": "Basculegion", "species": "Basculegion-F", "speciesId": "basculegionf", "gender": "F", "shiny": false, "level": 83, "moves": ["shadowball", "wavecrash", "hydropump", "flipturn"], "ability": "Adaptability", "evs": {"hp": 85, "atk": 85, "def": 85, "spa": 85, "spd": 85, "spe": 85}, "ivs": {"hp": 31, "atk": 31, "def": 31, "spa": 31, "spd": 31, "spe": 31}, "item": "Assault Vest", "teraType": "Water", "role": "AV Pivot", "bvs": {"hp": 120, "atk": 92, "def": 65, "spa": 100, "spd": 75, "spe": 78}, "stats": {"hp": 335, "atk": 200, "def": 156, "spa": 214, "spd": 172, "spe": 177}, "types": ["Water", "Ghost"]}, "Grafaiai": {"name": "Grafaiai", "species": "Grafaiai", "speciesId": "grafaiai", "gender": "F", "shiny": false, "level": 86, "moves": ["uturn", "superfang", "knockoff", "gunkshot"], "ability": "Poison Touch", "evs": {"hp": 85, "atk": 85, "def": 85, "spa": 85, "spd": 85, "spe": 85}, "ivs": {"hp": 31, "atk": 31, "def": 31, "spa": 31, "spd": 31, "spe": 31}, "item": "Assault Vest", "teraType": "Dark", "role": "AV Pivot", "bvs": {"hp": 63, "atk": 95, "def": 65, "spa": 80, "spd": 72, "spe": 110}, "stats": {"hp": 249, "atk": 213, "def": 161, "spa": 187, "spd": 173, "spe": 238}, "types": ["Poison", "Normal"]}, "Dipplin": {"name": "Dipplin", "species": "Dipplin", "speciesId": "dipplin", "gender": "F", "shiny": false, "level": 88, "moves": ["gigadrain", "dragonpulse", "dragontail", "recover"], "ability": "Sticky Hold", "evs": {"hp": 85, "atk": 85, "def": 85, "spa": 85, "spd": 85, "spe": 85}, "ivs": {"hp": 31, "atk": 31, "def": 31, "spa": 31, "spd": 31, "spe": 31}, "item": "Eviolite", "teraType": "Steel", "role": "Bulky Attacker", "bvs": {"hp": 80, "atk": 80, "def": 110, "spa": 95, "spd": 80, "spe": 40}, "stats": {"hp": 284, "atk": 191, "def": 244, "spa": 217, "spd": 191, "spe": 121}, "types": ["Grass", "Dragon"]}}]}