{"id": "gen9randombattle-2641819625", "format": "[Gen 9] Random Battle", "players": ["K iskss", "arrdamoin"], "log": "|j|\u2606K iskss\n|j|\u2606arrdamoin\n|t:|1782845756\n|gametype|singles\n|player|p1|K iskss|102|2035\n|player|p2|arrdamoin|flint|2177\n|gen|9\n|tier|[Gen 9] Random Battle\n|rated|\n|rule|Species Clause: Limit one of each Pok\u00e9mon\n|rule|HP Percentage Mod: HP is shown in percentages\n|rule|Sleep Clause Mod: Limit one foe put to sleep\n|rule|Illusion Level Mod: Illusion disguises the Pok\u00e9mon's true level\n|\n|t:|1782845756\n|teamsize|p1|6\n|teamsize|p2|6\n|start\n|switch|p1a: Cresselia|Cresselia, L80, F|323/323\n|switch|p2a: Scrafty|Scrafty, L83, M|244/244\n|turn|1\n|\n|t:|1782845773\n|switch|p2a: Spidops|Spidops, L96, F|271/271\n|move|p1a: Cresselia|Moonblast|p2a: Spidops\n|-damage|p2a: Spidops|224/271\n|-unboost|p2a: Spidops|spa|1\n|\n|upkeep\n|turn|2\n|\n|t:|1782845780\n|move|p1a: Cresselia|Calm Mind|p1a: Cresselia\n|-boost|p1a: Cresselia|spa|1\n|-boost|p1a: Cresselia|spd|1\n|move|p2a: Spidops|Sticky Web|p1a: Cresselia\n|-sidestart|p1: K iskss|move: Sticky Web\n|\n|upkeep\n|turn|3\n|\n|t:|1782845816\n|move|p1a: Cresselia|Psyshock|p2a: Spidops\n|-damage|p2a: Spidops|139/271\n|move|p2a: Spidops|Knock Off|p1a: Cresselia\n|-supereffective|p1a: Cresselia\n|-damage|p1a: Cresselia|197/323\n|-enditem|p1a: Cresselia|Leftovers|[from] move: Knock Off|[of] p2a: Spidops\n|\n|upkeep\n|turn|4\n|\n|t:|1782845825\n|move|p1a: Cresselia|Calm Mind|p1a: Cresselia\n|-boost|p1a: Cresselia|spa|1\n|-boost|p1a: Cresselia|spd|1\n|move|p2a: Spidops|Circle Throw|p1a: Cresselia\n|-resisted|p1a: Cresselia\n|-damage|p1a: Cresselia|175/323\n|drag|p1a: Walking Wake|Walking Wake, L79|286/286\n|-activate|p1a: Walking Wake|move: Sticky Web\n|-unboost|p1a: Walking Wake|spe|1\n|\n|upkeep\n|turn|5\n|\n|t:|1782845838\n|move|p1a: Walking Wake|Flip Turn|p2a: Spidops\n|-damage|p2a: Spidops|97/271\n|\n|t:|1782845843\n|-end|p1a: Walking Wake|Protosynthesis|[silent]\n|switch|p1a: Tentacruel|Tentacruel, L84, M|272/272|[from] Flip Turn\n|-activate|p1a: Tentacruel|move: Sticky Web\n|-unboost|p1a: Tentacruel|spe|1\n|move|p2a: Spidops|Spikes|p1a: Tentacruel\n|-sidestart|p1: K iskss|Spikes\n|\n|upkeep\n|turn|6\n|\n|t:|1782845855\n|-terastallize|p2a: Spidops|Ghost\n|move|p1a: Tentacruel|Rapid Spin|p2a: Spidops\n|-immune|p2a: Spidops\n|move|p2a: Spidops|Knock Off|p1a: Tentacruel\n|-damage|p1a: Tentacruel|177/272\n|-enditem|p1a: Tentacruel|Assault Vest|[from] move: Knock Off|[of] p2a: Spidops\n|\n|upkeep\n|turn|7\n|\n|t:|1782845862\n|move|p1a: Tentacruel|Surf|p2a: Spidops\n|-damage|p2a: Spidops|21/271\n|move|p2a: Spidops|Knock Off|p1a: Tentacruel\n|-damage|p1a: Tentacruel|110/272\n|\n|upkeep\n|turn|8\n|\n|t:|1782845865\n|move|p1a: Tentacruel|Surf|p2a: Spidops\n|-damage|p2a: Spidops|0 fnt\n|faint|p2a: Spidops\n|\n|upkeep\n|\n|t:|1782845867\n|switch|p2a: Regieleki|Regieleki, L79|256/256\n|turn|9\n|\n|t:|1782845871\n|switch|p1a: Sandy Shocks|Sandy Shocks, L80|267/267\n|move|p2a: Regieleki|Volt Switch|p1a: Sandy Shocks\n|-immune|p1a: Sandy Shocks\n|\n|upkeep\n|turn|10\n|\n|t:|1782845884\n|switch|p2a: Arceus|Arceus-Dragon, L71|288/288\n|move|p1a: Sandy Shocks|Volt Switch|p2a: Arceus\n|-resisted|p2a: Arceus\n|-damage|p2a: Arceus|253/288\n|\n|t:|1782845892\n|-end|p1a: Sandy Shocks|Protosynthesis|[silent]\n|switch|p1a: Tinkaton|Tinkaton, L82, F|274/274|[from] Volt Switch\n|-activate|p1a: Tinkaton|move: Sticky Web\n|-unboost|p1a: Tinkaton|spe|1\n|-damage|p1a: Tinkaton|240/274|[from] Spikes\n|-ability|p1a: Tinkaton|Mold Breaker\n|\n|-heal|p1a: Tinkaton|257/274|[from] item: Leftovers\n|upkeep\n|turn|11\n|\n|t:|1782845898\n|switch|p2a: Zebstrika|Zebstrika, L87, F|272/272\n|move|p1a: Tinkaton|Play Rough|p2a: Zebstrika\n|-damage|p2a: Zebstrika|182/272\n|\n|-heal|p1a: Tinkaton|274/274|[from] item: Leftovers\n|upkeep\n|turn|12\n|\n|t:|1782845905\n|switch|p1a: Sandy Shocks|Sandy Shocks, L80|267/267\n|move|p2a: Zebstrika|Overheat|p1a: Sandy Shocks\n|-damage|p1a: Sandy Shocks|147/267\n|-unboost|p2a: Zebstrika|spa|2\n|-damage|p2a: Zebstrika|155/272|[from] item: Life Orb\n|\n|upkeep\n|turn|13\n|\n|t:|1782845910\n|move|p2a: Zebstrika|High Horsepower|p1a: Sandy Shocks\n|-supereffective|p1a: Sandy Shocks\n|-damage|p1a: Sandy Shocks|0 fnt\n|faint|p1a: Sandy Shocks\n|-end|p1a: Sandy Shocks|Protosynthesis|[silent]\n|-damage|p2a: Zebstrika|128/272|[from] item: Life Orb\n|\n|upkeep\n|\n|t:|1782845926\n|switch|p1a: Cresselia|Cresselia, L80, F|175/323\n|turn|14\n|\n|t:|1782845931\n|move|p2a: Zebstrika|Supercell Slam|p1a: Cresselia\n|-damage|p1a: Cresselia|33/323\n|-damage|p2a: Zebstrika|101/272|[from] item: Life Orb\n|move|p1a: Cresselia|Moonlight|p1a: Cresselia\n|-heal|p1a: Cresselia|194/323\n|\n|upkeep\n|turn|15\n|\n|t:|1782845936\n|move|p2a: Zebstrika|Supercell Slam|p1a: Cresselia\n|-damage|p1a: Cresselia|56/323\n|-damage|p2a: Zebstrika|74/272|[from] item: Life Orb\n|move|p1a: Cresselia|Moonlight|p1a: Cresselia\n|-heal|p1a: Cresselia|217/323\n|\n|upkeep\n|turn|16\n|\n|t:|1782845938\n|move|p2a: Zebstrika|Supercell Slam|p1a: Cresselia\n|-damage|p1a: Cresselia|88/323\n|-damage|p2a: Zebstrika|47/272|[from] item: Life Orb\n|move|p1a: Cresselia|Moonlight|p1a: Cresselia\n|-heal|p1a: Cresselia|249/323\n|\n|upkeep\n|turn|17\n|\n|t:|1782845941\n|move|p2a: Zebstrika|Supercell Slam|p1a: Cresselia\n|-crit|p1a: Cresselia\n|-damage|p1a: Cresselia|33/323\n|-damage|p2a: Zebstrika|20/272|[from] item: Life Orb\n|move|p1a: Cresselia|Moonlight|p1a: Cresselia\n|-heal|p1a: Cresselia|194/323\n|\n|upkeep\n|turn|18\n|\n|t:|1782845945\n|move|p2a: Zebstrika|Supercell Slam|p1a: Cresselia\n|-damage|p1a: Cresselia|54/323\n|-damage|p2a: Zebstrika|0 fnt|[from] item: Life Orb\n|faint|p2a: Zebstrika\n|move|p1a: Cresselia|Moonlight|p1a: Cresselia\n|-heal|p1a: Cresselia|215/323\n|\n|upkeep\n|\n|t:|1782845972\n|switch|p2a: Arceus|Arceus-Dragon, L71|253/288\n|turn|19\n|\n|t:|1782845975\n|move|p2a: Arceus|Sludge Bomb|p1a: Cresselia\n|-damage|p1a: Cresselia|165/323\n|-status|p1a: Cresselia|psn\n|move|p1a: Cresselia|Calm Mind|p1a: Cresselia\n|-boost|p1a: Cresselia|spa|1\n|-boost|p1a: Cresselia|spd|1\n|\n|-damage|p1a: Cresselia|125/323 psn|[from] psn\n|upkeep\n|turn|20\n|\n|t:|1782845980\n|move|p2a: Arceus|Calm Mind|p2a: Arceus\n|-boost|p2a: Arceus|spa|1\n|-boost|p2a: Arceus|spd|1\n|move|p1a: Cresselia|Moonlight|p1a: Cresselia\n|-heal|p1a: Cresselia|286/323 psn\n|\n|-damage|p1a: Cresselia|246/323 psn|[from] psn\n|upkeep\n|turn|21\n|\n|t:|1782845983\n|move|p2a: Arceus|Calm Mind|p2a: Arceus\n|-boost|p2a: Arceus|spa|1\n|-boost|p2a: Arceus|spd|1\n|move|p1a: Cresselia|Calm Mind|p1a: Cresselia\n|-boost|p1a: Cresselia|spa|1\n|-boost|p1a: Cresselia|spd|1\n|\n|-damage|p1a: Cresselia|206/323 psn|[from] psn\n|upkeep\n|turn|22\n|\n|t:|1782845986\n|move|p2a: Arceus|Calm Mind|p2a: Arceus\n|-boost|p2a: Arceus|spa|1\n|-boost|p2a: Arceus|spd|1\n|move|p1a: Cresselia|Calm Mind|p1a: Cresselia\n|-boost|p1a: Cresselia|spa|1\n|-boost|p1a: Cresselia|spd|1\n|\n|-damage|p1a: Cresselia|166/323 psn|[from] psn\n|upkeep\n|turn|23\n|\n|t:|1782845991\n|move|p2a: Arceus|Calm Mind|p2a: Arceus\n|-boost|p2a: Arceus|spa|1\n|-boost|p2a: Arceus|spd|1\n|move|p1a: Cresselia|Moonlight|p1a: Cresselia\n|-heal|p1a: Cresselia|323/323 psn\n|\n|-damage|p1a: Cresselia|283/323 psn|[from] psn\n|upkeep\n|turn|24\n|\n|t:|1782845993\n|move|p2a: Arceus|Judgment|p1a: Cresselia\n|-damage|p1a: Cresselia|168/323 psn\n|move|p1a: Cresselia|Calm Mind|p1a: Cresselia\n|-boost|p1a: Cresselia|spa|1\n|-boost|p1a: Cresselia|spd|1\n|\n|-damage|p1a: Cresselia|128/323 psn|[from] psn\n|upkeep\n|turn|25\n|\n|t:|1782845997\n|move|p2a: Arceus|Judgment|p1a: Cresselia\n|-damage|p1a: Cresselia|29/323 psn\n|move|p1a: Cresselia|Moonlight|p1a: Cresselia\n|-heal|p1a: Cresselia|190/323 psn\n|\n|-damage|p1a: Cresselia|150/323 psn|[from] psn\n|upkeep\n|turn|26\n|\n|t:|1782846001\n|-terastallize|p1a: Cresselia|Fairy\n|move|p2a: Arceus|Judgment|p1a: Cresselia\n|-immune|p1a: Cresselia\n|move|p1a: Cresselia|Psyshock|p2a: Arceus\n|-damage|p2a: Arceus|78/288\n|\n|-damage|p1a: Cresselia|110/323 psn|[from] psn\n|upkeep\n|turn|27\n|\n|t:|1782846005\n|move|p2a: Arceus|Sludge Bomb|p1a: Cresselia\n|-supereffective|p1a: Cresselia\n|-damage|p1a: Cresselia|22/323 psn\n|move|p1a: Cresselia|Psyshock|p2a: Arceus\n|-damage|p2a: Arceus|0 fnt\n|faint|p2a: Arceus\n|\n|-damage|p1a: Cresselia|0 fnt|[from] psn\n|faint|p1a: Cresselia\n|upkeep\n|\n|t:|1782846009\n|switch|p2a: Regieleki|Regieleki, L79|256/256\n|switch|p1a: Tinkaton|Tinkaton, L82, F|274/274\n|-activate|p1a: Tinkaton|move: Sticky Web\n|-unboost|p1a: Tinkaton|spe|1\n|-damage|p1a: Tinkaton|240/274|[from] Spikes\n|-ability|p1a: Tinkaton|Mold Breaker\n|turn|28\n|\n|t:|1782846013\n|move|p2a: Regieleki|Volt Switch|p1a: Tinkaton\n|-damage|p1a: Tinkaton|141/274\n|\n|t:|1782846016\n|switch|p2a: Hitmonchan|Hitmonchan, L87, M|229/229|[from] Volt Switch\n|move|p1a: Tinkaton|Play Rough|p2a: Hitmonchan\n|-supereffective|p2a: Hitmonchan\n|-damage|p2a: Hitmonchan|79/229\n|\n|-heal|p1a: Tinkaton|158/274|[from] item: Leftovers\n|upkeep\n|turn|29\n|\n|t:|1782846020\n|move|p2a: Hitmonchan|Drain Punch|p1a: Tinkaton\n|-damage|p1a: Tinkaton|0 fnt\n|-heal|p2a: Hitmonchan|158/229|[from] drain|[of] p1a: Tinkaton\n|faint|p1a: Tinkaton\n|-damage|p2a: Hitmonchan|136/229|[from] item: Life Orb\n|\n|upkeep\n|\n|t:|1782846024\n|switch|p1a: Spiritomb|Spiritomb, L89, F|234/234\n|-activate|p1a: Spiritomb|move: Sticky Web\n|-unboost|p1a: Spiritomb|spe|1\n|-damage|p1a: Spiritomb|205/234|[from] Spikes\n|turn|30\n|\n|t:|1782846028\n|switch|p2a: Scrafty|Scrafty, L83, M|244/244\n|move|p1a: Spiritomb|Poltergeist|p2a: Scrafty\n|-activate|p2a: Scrafty|move: Poltergeist|Leftovers\n|-resisted|p2a: Scrafty\n|-damage|p2a: Scrafty|190/244\n|\n|-heal|p2a: Scrafty|205/244|[from] item: Leftovers\n|-heal|p1a: Spiritomb|219/234|[from] item: Leftovers\n|upkeep\n|turn|31\n|\n|t:|1782846036\n|move|p2a: Scrafty|Bulk Up|p2a: Scrafty\n|-boost|p2a: Scrafty|atk|1\n|-boost|p2a: Scrafty|def|1\n|move|p1a: Spiritomb|Poltergeist|p2a: Scrafty\n|-activate|p2a: Scrafty|move: Poltergeist|Leftovers\n|-resisted|p2a: Scrafty\n|-damage|p2a: Scrafty|170/244\n|\n|-heal|p2a: Scrafty|185/244|[from] item: Leftovers\n|-heal|p1a: Spiritomb|233/234|[from] item: Leftovers\n|upkeep\n|turn|32\n|\n|t:|1782846046\n|switch|p1a: Tentacruel|Tentacruel, L84, M|110/272\n|-activate|p1a: Tentacruel|move: Sticky Web\n|-unboost|p1a: Tentacruel|spe|1\n|-damage|p1a: Tentacruel|76/272|[from] Spikes\n|move|p2a: Scrafty|Bulk Up|p2a: Scrafty\n|-boost|p2a: Scrafty|atk|1\n|-boost|p2a: Scrafty|def|1\n|\n|-heal|p2a: Scrafty|200/244|[from] item: Leftovers\n|upkeep\n|turn|33\n|\n|t:|1782846051\n|move|p1a: Tentacruel|Rapid Spin|p2a: Scrafty\n|-damage|p2a: Scrafty|187/244\n|-boost|p1a: Tentacruel|spe|1\n|-sideend|p1: K iskss|Spikes|[from] move: Rapid Spin|[of] p1a: Tentacruel\n|-sideend|p1: K iskss|Sticky Web|[from] move: Rapid Spin|[of] p1a: Tentacruel\n|move|p2a: Scrafty|Knock Off|p1a: Tentacruel\n|-damage|p1a: Tentacruel|0 fnt\n|faint|p1a: Tentacruel\n|\n|-heal|p2a: Scrafty|202/244|[from] item: Leftovers\n|upkeep\n|\n|t:|1782846053\n|switch|p1a: Walking Wake|Walking Wake, L79|286/286\n|turn|34\n|\n|t:|1782846060\n|move|p1a: Walking Wake|Draco Meteor|p2a: Scrafty\n|-damage|p2a: Scrafty|27/244\n|-unboost|p1a: Walking Wake|spa|2\n|move|p2a: Scrafty|Drain Punch|p1a: Walking Wake\n|-damage|p1a: Walking Wake|123/286\n|-heal|p2a: Scrafty|109/244|[from] drain|[of] p1a: Walking Wake\n|\n|-heal|p2a: Scrafty|124/244|[from] item: Leftovers\n|upkeep\n|turn|35\n|\n|t:|1782846067\n|-end|p1a: Walking Wake|Protosynthesis|[silent]\n|switch|p1a: Spiritomb|Spiritomb, L89, F|233/234\n|move|p2a: Scrafty|Drain Punch|p1a: Spiritomb\n|-immune|p1a: Spiritomb\n|\n|-heal|p2a: Scrafty|139/244|[from] item: Leftovers\n|-heal|p1a: Spiritomb|234/234|[from] item: Leftovers\n|upkeep\n|turn|36\n|\n|t:|1782846070\n|switch|p1a: Walking Wake|Walking Wake, L79|123/286\n|move|p2a: Scrafty|Bulk Up|p2a: Scrafty\n|-boost|p2a: Scrafty|atk|1\n|-boost|p2a: Scrafty|def|1\n|\n|-heal|p2a: Scrafty|154/244|[from] item: Leftovers\n|upkeep\n|turn|37\n|\n|t:|1782846074\n|switch|p2a: Hitmonchan|Hitmonchan, L87, M|136/229\n|move|p1a: Walking Wake|Draco Meteor|p2a: Hitmonchan\n|-damage|p2a: Hitmonchan|0 fnt\n|-unboost|p1a: Walking Wake|spa|2\n|faint|p2a: Hitmonchan\n|\n|upkeep\n|\n|t:|1782846081\n|switch|p2a: Regieleki|Regieleki, L79|256/256\n|turn|38\n|\n|t:|1782846084\n|-end|p1a: Walking Wake|Protosynthesis|[silent]\n|switch|p1a: Spiritomb|Spiritomb, L89, F|234/234\n|move|p2a: Regieleki|Thunderbolt|p1a: Spiritomb\n|-damage|p1a: Spiritomb|132/234\n|\n|-heal|p1a: Spiritomb|146/234|[from] item: Leftovers\n|upkeep\n|turn|39\n|\n|t:|1782846097\n|move|p2a: Regieleki|Volt Switch|p1a: Spiritomb\n|-damage|p1a: Spiritomb|56/234\n|\n|t:|1782846098\n|switch|p2a: Scrafty|Scrafty, L83, M|154/244|[from] Volt Switch\n|move|p1a: Spiritomb|Pain Split|p2a: Scrafty\n|-sethp|p2a: Scrafty|105/244|[from] move: Pain Split|[silent]\n|-sethp|p1a: Spiritomb|105/234|[from] move: Pain Split\n|\n|-heal|p2a: Scrafty|120/244|[from] item: Leftovers\n|-heal|p1a: Spiritomb|119/234|[from] item: Leftovers\n|upkeep\n|turn|40\n|\n|t:|1782846102\n|switch|p1a: Walking Wake|Walking Wake, L79|123/286\n|move|p2a: Scrafty|Rest|p2a: Scrafty\n|-status|p2a: Scrafty|slp|[from] move: Rest\n|-heal|p2a: Scrafty|244/244 slp|[silent]\n|\n|-activate|p2a: Scrafty|ability: Shed Skin\n|-curestatus|p2a: Scrafty|slp|[msg]\n|upkeep\n|turn|41\n|\n|t:|1782846108\n|move|p1a: Walking Wake|Hydro Pump|p2a: Scrafty\n|-crit|p2a: Scrafty\n|-damage|p2a: Scrafty|1/244\n|move|p2a: Scrafty|Drain Punch|p1a: Walking Wake\n|-damage|p1a: Walking Wake|42/286\n|-heal|p2a: Scrafty|42/244|[from] drain|[of] p1a: Walking Wake\n|\n|-heal|p2a: Scrafty|57/244|[from] item: Leftovers\n|upkeep\n|turn|42\n|\n|t:|1782846114\n|move|p1a: Walking Wake|Hydro Pump|p2a: Scrafty|[miss]\n|-miss|p1a: Walking Wake|p2a: Scrafty\n|move|p2a: Scrafty|Drain Punch|p1a: Walking Wake\n|-damage|p1a: Walking Wake|0 fnt\n|-heal|p2a: Scrafty|78/244|[from] drain|[of] p1a: Walking Wake\n|faint|p1a: Walking Wake\n|-end|p1a: Walking Wake|Protosynthesis|[silent]\n|\n|-heal|p2a: Scrafty|93/244|[from] item: Leftovers\n|upkeep\n|\n|t:|1782846115\n|switch|p1a: Spiritomb|Spiritomb, L89, F|119/234\n|turn|43\n|\n|t:|1782846119\n|move|p2a: Scrafty|Rest|p2a: Scrafty\n|-status|p2a: Scrafty|slp|[from] move: Rest\n|-heal|p2a: Scrafty|244/244 slp|[silent]\n|move|p1a: Spiritomb|Poltergeist|p2a: Scrafty\n|-activate|p2a: Scrafty|move: Poltergeist|Leftovers\n|-resisted|p2a: Scrafty\n|-damage|p2a: Scrafty|189/244 slp\n|\n|-heal|p2a: Scrafty|204/244 slp|[from] item: Leftovers\n|-heal|p1a: Spiritomb|133/234|[from] item: Leftovers\n|upkeep\n|turn|44\n|\n|t:|1782846125\n|cant|p2a: Scrafty|slp\n|move|p1a: Spiritomb|Poltergeist|p2a: Scrafty\n|-activate|p2a: Scrafty|move: Poltergeist|Leftovers\n|-resisted|p2a: Scrafty\n|-damage|p2a: Scrafty|156/244 slp\n|\n|-heal|p2a: Scrafty|171/244 slp|[from] item: Leftovers\n|-heal|p1a: Spiritomb|147/234|[from] item: Leftovers\n|upkeep\n|turn|45\n|\n|t:|1782846128\n|cant|p2a: Scrafty|slp\n|move|p1a: Spiritomb|Poltergeist|p2a: Scrafty\n|-activate|p2a: Scrafty|move: Poltergeist|Leftovers\n|-resisted|p2a: Scrafty\n|-damage|p2a: Scrafty|123/244 slp\n|\n|-heal|p2a: Scrafty|138/244 slp|[from] item: Leftovers\n|-heal|p1a: Spiritomb|161/234|[from] item: Leftovers\n|upkeep\n|turn|46\n|\n|t:|1782846135\n|-curestatus|p2a: Scrafty|slp|[msg]\n|move|p2a: Scrafty|Rest|p2a: Scrafty\n|-status|p2a: Scrafty|slp|[from] move: Rest\n|-heal|p2a: Scrafty|244/244 slp|[silent]\n|move|p1a: Spiritomb|Poltergeist|p2a: Scrafty\n|-activate|p2a: Scrafty|move: Poltergeist|Leftovers\n|-resisted|p2a: Scrafty\n|-crit|p2a: Scrafty\n|-damage|p2a: Scrafty|172/244 slp\n|\n|-heal|p2a: Scrafty|187/244 slp|[from] item: Leftovers\n|-heal|p1a: Spiritomb|175/234|[from] item: Leftovers\n|upkeep\n|turn|47\n|\n|t:|1782846139\n|cant|p2a: Scrafty|slp\n|move|p1a: Spiritomb|Foul Play|p2a: Scrafty\n|-resisted|p2a: Scrafty\n|-damage|p2a: Scrafty|169/244 slp\n|\n|-heal|p2a: Scrafty|184/244 slp|[from] item: Leftovers\n|-heal|p1a: Spiritomb|189/234|[from] item: Leftovers\n|upkeep\n|turn|48\n|\n|t:|1782846147\n|cant|p2a: Scrafty|slp\n|move|p1a: Spiritomb|Foul Play|p2a: Scrafty\n|-resisted|p2a: Scrafty\n|-damage|p2a: Scrafty|163/244 slp\n|\n|-heal|p2a: Scrafty|178/244 slp|[from] item: Leftovers\n|-heal|p1a: Spiritomb|203/234|[from] item: Leftovers\n|upkeep\n|turn|49\n|\n|t:|1782846148\n|-curestatus|p2a: Scrafty|slp|[msg]\n|move|p2a: Scrafty|Bulk Up|p2a: Scrafty\n|-boost|p2a: Scrafty|atk|1\n|-boost|p2a: Scrafty|def|1\n|move|p1a: Spiritomb|Foul Play|p2a: Scrafty\n|-resisted|p2a: Scrafty\n|-damage|p2a: Scrafty|158/244\n|\n|-heal|p2a: Scrafty|173/244|[from] item: Leftovers\n|-heal|p1a: Spiritomb|217/234|[from] item: Leftovers\n|upkeep\n|turn|50\n|\n|t:|1782846150\n|move|p2a: Scrafty|Bulk Up|p2a: Scrafty\n|-boost|p2a: Scrafty|atk|1\n|-boost|p2a: Scrafty|def|1\n|move|p1a: Spiritomb|Foul Play|p2a: Scrafty\n|-resisted|p2a: Scrafty\n|-damage|p2a: Scrafty|152/244\n|\n|-heal|p2a: Scrafty|167/244|[from] item: Leftovers\n|-heal|p1a: Spiritomb|231/234|[from] item: Leftovers\n|upkeep\n|turn|51\n|\n|t:|1782846152\n|move|p2a: Scrafty|Bulk Up|p2a: Scrafty\n|-boost|p2a: Scrafty|atk|1\n|-boost|p2a: Scrafty|def|1\n|move|p1a: Spiritomb|Foul Play|p2a: Scrafty\n|-resisted|p2a: Scrafty\n|-damage|p2a: Scrafty|147/244\n|\n|-heal|p2a: Scrafty|162/244|[from] item: Leftovers\n|-heal|p1a: Spiritomb|234/234|[from] item: Leftovers\n|upkeep\n|turn|52\n|\n|t:|1782846153\n|move|p2a: Scrafty|Bulk Up|p2a: Scrafty\n|-boost|p2a: Scrafty|atk|1\n|-boost|p2a: Scrafty|def|1\n|move|p1a: Spiritomb|Foul Play|p2a: Scrafty\n|-resisted|p2a: Scrafty\n|-damage|p2a: Scrafty|143/244\n|\n|-heal|p2a: Scrafty|158/244|[from] item: Leftovers\n|upkeep\n|turn|53\n|\n|t:|1782846154\n|move|p2a: Scrafty|Bulk Up|p2a: Scrafty\n|-boost|p2a: Scrafty|atk|1\n|-boost|p2a: Scrafty|def|1\n|move|p1a: Spiritomb|Foul Play|p2a: Scrafty\n|-resisted|p2a: Scrafty\n|-damage|p2a: Scrafty|139/244\n|\n|-heal|p2a: Scrafty|154/244|[from] item: Leftovers\n|upkeep\n|turn|54\n|\n|t:|1782846157\n|move|p2a: Scrafty|Bulk Up|p2a: Scrafty\n|-boost|p2a: Scrafty|atk|1\n|-boost|p2a: Scrafty|def|1\n|move|p1a: Spiritomb|Foul Play|p2a: Scrafty\n|-resisted|p2a: Scrafty\n|-damage|p2a: Scrafty|133/244\n|\n|-heal|p2a: Scrafty|148/244|[from] item: Leftovers\n|upkeep\n|turn|55\n|\n|t:|1782846159\n|move|p2a: Scrafty|Knock Off|p1a: Spiritomb\n|-damage|p1a: Spiritomb|0 fnt\n|-enditem|p1a: Spiritomb|Leftovers|[from] move: Knock Off|[of] p2a: Scrafty\n|faint|p1a: Spiritomb\n|\n|win|arrdamoin\n|raw|K iskss's rating: 2035 &rarr; <strong>2023</strong><br />(-12 for losing)\n|raw|arrdamoin's rating: 2177 &rarr; <strong>2189</strong><br />(+12 for winning)\n", "inputlog": ">version f8ac14003a5f27e1bdc8d8c59608a773c1cb96e5\n>start {\"formatid\":\"gen9randombattle\",\"seed\":\"sodium,e337216b042a558b5b7b98d3899ec5d9\",\"rated\":\"Rated battle\"}\n>player p1 {\"name\":\"K iskss\",\"avatar\":\"102\",\"rating\":2035,\"seed\":\"sodium,114e329aa38a0debc3fa2901da5c7147\"}\n>player p2 {\"name\":\"arrdamoin\",\"avatar\":\"flint\",\"rating\":2177,\"seed\":\"sodium,42cab39fd01339d368493bdf899c8a11\"}\n>p1 move moonblast\n>p2 switch 3\n>p1 move calmmind\n>p2 move stickyweb\n>p1 move psyshock\n>p2 move knockoff\n>p1 move calmmind\n>p2 move circlethrow\n>p1 move flipturn\n>p2 move spikes\n>p1 switch 3\n>p1 move rapidspin\n>p2 move knockoff terastallize\n>p1 move surf\n>p2 move knockoff\n>p1 move surf\n>p2 move knockoff\n>p2 switch 6\n>p1 switch 5\n>p2 move voltswitch\n>p1 move voltswitch\n>p2 switch 4\n>p1 switch 4\n>p1 move playrough\n>p2 switch 5\n>p1 switch 4\n>p2 move overheat\n>p1 move earthpower\n>p2 move highhorsepower\n>p1 switch 2\n>p1 move moonlight\n>p2 move supercellslam\n>p1 move moonlight\n>p2 move supercellslam\n>p1 move moonlight\n>p2 move supercellslam\n>p1 move moonlight\n>p2 move supercellslam\n>p1 move moonlight\n>p2 move supercellslam\n>p2 switch 5\n>p1 move calmmind\n>p2 move sludgebomb\n>p1 move moonlight\n>p2 move calmmind\n>p1 move calmmind\n>p2 move calmmind\n>p1 move calmmind\n>p2 move calmmind\n>p1 move moonlight\n>p2 move calmmind\n>p1 move calmmind\n>p2 move judgment\n>p1 move moonlight\n>p2 move judgment\n>p1 move psyshock terastallize\n>p2 move judgment\n>p1 move psyshock\n>p2 move sludgebomb\n>p1 switch 4\n>p2 switch 4\n>p1 move playrough\n>p2 move voltswitch\n>p2 switch 2\n>p1 move playrough\n>p2 move drainpunch\n>p1 switch 6\n>p1 move poltergeist\n>p2 switch 3\n>p1 move poltergeist\n>p2 move bulkup\n>p1 switch 5\n>p2 move bulkup\n>p1 move rapidspin\n>p2 move knockoff\n>p1 switch 3\n>p1 move dracometeor\n>p2 move drainpunch\n>p1 switch 5\n>p2 move drainpunch\n>p1 switch 5\n>p2 move bulkup\n>p1 move dracometeor\n>p2 switch 3\n>p2 switch 2\n>p1 switch 5\n>p2 move thunderbolt\n>p1 move painsplit\n>p2 move voltswitch\n>p2 switch 3\n>p1 switch 5\n>p2 move rest\n>p1 move hydropump\n>p2 move drainpunch\n>p1 move hydropump\n>p2 move drainpunch\n>p1 switch 5\n>p1 move poltergeist\n>p2 move rest\n>p1 move poltergeist\n>p2 move bulkup\n>p1 move poltergeist\n>p2 move bulkup\n>p1 move poltergeist\n>p2 move rest\n>p1 move foulplay\n>p2 move bulkup\n>p1 move foulplay\n>p2 move bulkup\n>p1 move foulplay\n>p2 move bulkup\n>p1 move foulplay\n>p2 move bulkup\n>p1 move foulplay\n>p2 move bulkup\n>p1 move foulplay\n>p2 move bulkup\n>p1 move foulplay\n>p2 move bulkup\n>p1 move foulplay\n>p2 move bulkup\n>p1 move foulplay\n>p2 move knockoff", "uploadtime": 1782846159, "views": 6, "formatid": "gen9randombattle", "rating": 2023, "private": 0, "password": null, "player_dets": [{"name": "K iskss", "avatar": "102", "rating": 2035, "seed": "sodium,114e329aa38a0debc3fa2901da5c7147"}, {"name": "arrdamoin", "avatar": "flint", "rating": 2177, "seed": "sodium,42cab39fd01339d368493bdf899c8a11"}], "teams_full": [{"Cresselia": {"name": "Cresselia", "species": "Cresselia", "speciesId": "cresselia", "gender": "F", "shiny": false, "level": 80, "moves": ["psyshock", "calmmind", "moonblast", "moonlight"], "ability": "Levitate", "evs": {"hp": 85, "atk": 0, "def": 85, "spa": 85, "spd": 85, "spe": 85}, "ivs": {"hp": 31, "atk": 0, "def": 31, "spa": 31, "spd": 31, "spe": 31}, "item": "Leftovers", "teraType": "Fairy", "role": "Bulky Setup", "bvs": {"hp": 120, "atk": 70, "def": 110, "spa": 75, "spd": 120, "spe": 85}, "stats": {"hp": 323, "atk": 117, "def": 222, "spa": 166, "spd": 238, "spe": 182}, "types": ["Psychic"]}, "Walking Wake": {"name": "Walking Wake", "species": "Walking Wake", "speciesId": "walkingwake", "gender": "N", "shiny": false, "level": 79, "moves": ["flipturn", "dracometeor", "flamethrower", "hydropump"], "ability": "Protosynthesis", "evs": {"hp": 85, "atk": 85, "def": 85, "spa": 85, "spd": 85, "spe": 85}, "ivs": {"hp": 31, "atk": 31, "def": 31, "spa": 31, "spd": 31, "spe": 31}, "item": "Choice Specs", "teraType": "Fire", "role": "Wallbreaker", "bvs": {"hp": 99, "atk": 83, "def": 91, "spa": 125, "spd": 83, "spe": 109}, "stats": {"hp": 286, "atk": 177, "def": 189, "spa": 243, "spd": 177, "spe": 218}, "types": ["Water", "Dragon"]}, "Tentacruel": {"name": "Tentacruel", "species": "Tentacruel", "speciesId": "tentacruel", "gender": "M", "shiny": false, "level": 84, "moves": ["sludgebomb", "flipturn", "surf", "rapidspin"], "ability": "Liquid Ooze", "evs": {"hp": 85, "atk": 85, "def": 85, "spa": 85, "spd": 85, "spe": 85}, "ivs": {"hp": 31, "atk": 31, "def": 31, "spa": 31, "spd": 31, "spe": 31}, "item": "Assault Vest", "teraType": "Grass", "role": "Bulky Support", "bvs": {"hp": 80, "atk": 70, "def": 65, "spa": 80, "spd": 120, "spe": 100}, "stats": {"hp": 272, "atk": 166, "def": 157, "spa": 183, "spd": 250, "spe": 216}, "types": ["Water", "Poison"]}, "Tinkaton": {"name": "Tinkaton", "species": "Tinkaton", "speciesId": "tinkaton", "gender": "F", "shiny": false, "level": 82, "moves": ["stealthrock", "encore", "gigatonhammer", "playrough"], "ability": "Mold Breaker", "evs": {"hp": 85, "atk": 85, "def": 85, "spa": 85, "spd": 85, "spe": 85}, "ivs": {"hp": 31, "atk": 31, "def": 31, "spa": 31, "spd": 31, "spe": 31}, "item": "Leftovers", "teraType": "Water", "role": "Bulky Attacker", "bvs": {"hp": 85, "atk": 75, "def": 77, "spa": 70, "spd": 105, "spe": 94}, "stats": {"hp": 274, "atk": 170, "def": 173, "spa": 162, "spd": 219, "spe": 201}, "types": ["Fairy", "Steel"]}, "Sandy Shocks": {"name": "Sandy Shocks", "species": "Sandy Shocks", "speciesId": "sandyshocks", "gender": "N", "shiny": false, "level": 80, "moves": ["thunderbolt", "voltswitch", "earthpower", "spikes"], "ability": "Protosynthesis", "evs": {"hp": 85, "atk": 0, "def": 85, "spa": 85, "spd": 85, "spe": 85}, "ivs": {"hp": 31, "atk": 0, "def": 31, "spa": 31, "spd": 31, "spe": 31}, "item": "Heavy-Duty Boots", "teraType": "Grass", "role": "Fast Support", "bvs": {"hp": 85, "atk": 81, "def": 97, "spa": 121, "spd": 85, "spe": 101}, "stats": {"hp": 267, "atk": 134, "def": 201, "spa": 240, "spd": 182, "spe": 208}, "types": ["Electric", "Ground"]}, "Spiritomb": {"name": "Spiritomb", "species": "Spiritomb", "speciesId": "spiritomb", "gender": "F", "shiny": false, "level": 89, "moves": ["poltergeist", "foulplay", "painsplit", "shadowsneak"], "ability": "Infiltrator", "evs": {"hp": 85, "atk": 85, "def": 85, "spa": 85, "spd": 85, "spe": 85}, "ivs": {"hp": 31, "atk": 31, "def": 31, "spa": 31, "spd": 31, "spe": 31}, "item": "Leftovers", "teraType": "Ghost", "role": "Bulky Support", "bvs": {"hp": 50, "atk": 92, "def": 108, "spa": 92, "spd": 108, "spe": 35}, "stats": {"hp": 234, "atk": 215, "def": 243, "spa": 215, "spd": 243, "spe": 113}, "types": ["Ghost", "Dark"]}}, {"Scrafty": {"name": "Scrafty", "species": "Scrafty", "speciesId": "scrafty", "gender": "M", "shiny": false, "level": 83, "moves": ["rest", "drainpunch", "bulkup", "knockoff"], "ability": "Shed Skin", "evs": {"hp": 85, "atk": 85, "def": 85, "spa": 85, "spd": 85, "spe": 85}, "ivs": {"hp": 31, "atk": 31, "def": 31, "spa": 31, "spd": 31, "spe": 31}, "item": "Leftovers", "teraType": "Poison", "role": "Bulky Setup", "bvs": {"hp": 65, "atk": 90, "def": 115, "spa": 45, "spd": 115, "spe": 58}, "stats": {"hp": 244, "atk": 197, "def": 239, "spa": 122, "spd": 239, "spe": 144}, "types": ["Dark", "Fighting"]}, "Hitmonchan": {"name": "Hitmonchan", "species": "Hitmonchan", "speciesId": "hitmonchan", "gender": "M", "shiny": false, "level": 87, "moves": ["drainpunch", "icepunch", "knockoff", "swordsdance"], "ability": "Iron Fist", "evs": {"hp": 85, "atk": 85, "def": 85, "spa": 85, "spd": 85, "spe": 85}, "ivs": {"hp": 31, "atk": 31, "def": 31, "spa": 31, "spd": 31, "spe": 31}, "item": "Life Orb", "teraType": "Fighting", "role": "Setup Sweeper", "bvs": {"hp": 50, "atk": 105, "def": 79, "spa": 35, "spd": 110, "spe": 76}, "stats": {"hp": 229, "atk": 232, "def": 187, "spa": 111, "spd": 241, "spe": 182}, "types": ["Fighting"]}, "Spidops": {"name": "Spidops", "species": "Spidops", "speciesId": "spidops", "gender": "F", "shiny": false, "level": 96, "moves": ["spikes", "stickyweb", "circlethrow", "knockoff"], "ability": "Stakeout", "evs": {"hp": 85, "atk": 85, "def": 85, "spa": 85, "spd": 85, "spe": 85}, "ivs": {"hp": 31, "atk": 31, "def": 31, "spa": 31, "spd": 31, "spe": 31}, "item": "Heavy-Duty Boots", "teraType": "Ghost", "role": "Bulky Support", "bvs": {"hp": 60, "atk": 79, "def": 92, "spa": 52, "spd": 86, "spe": 35}, "stats": {"hp": 271, "atk": 206, "def": 231, "spa": 154, "spd": 220, "spe": 122}, "types": ["Bug"]}, "Arceus": {"name": "Arceus", "species": "Arceus-Dragon", "speciesId": "arceusdragon", "gender": "N", "shiny": false, "level": 71, "moves": ["calmmind", "sludgebomb", "fireblast", "judgment"], "ability": "Multitype", "evs": {"hp": 85, "atk": 0, "def": 85, "spa": 85, "spd": 85, "spe": 85}, "ivs": {"hp": 31, "atk": 0, "def": 31, "spa": 31, "spd": 31, "spe": 31}, "item": "Draco Plate", "teraType": "Fire", "role": "Fast Bulky Setup", "bvs": {"hp": 120, "atk": 120, "def": 120, "spa": 120, "spd": 120, "spe": 120}, "stats": {"hp": 288, "atk": 175, "def": 212, "spa": 212, "spd": 212, "spe": 212}, "types": ["Dragon"]}, "Zebstrika": {"name": "Zebstrika", "species": "Zebstrika", "speciesId": "zebstrika", "gender": "F", "shiny": false, "level": 87, "moves": ["supercellslam", "voltswitch", "overheat", "highhorsepower"], "ability": "Sap Sipper", "evs": {"hp": 85, "atk": 85, "def": 85, "spa": 85, "spd": 85, "spe": 85}, "ivs": {"hp": 31, "atk": 31, "def": 31, "spa": 31, "spd": 31, "spe": 31}, "item": "Life Orb", "teraType": "Ground", "role": "Fast Attacker", "bvs": {"hp": 75, "atk": 100, "def": 63, "spa": 80, "spd": 63, "spe": 116}, "stats": {"hp": 272, "atk": 224, "def": 159, "spa": 189, "spd": 159, "spe": 252}, "types": ["Electric"]}, "Regieleki": {"name": "Regieleki", "species": "Regieleki", "speciesId": "regieleki", "gender": "N", "shiny": false, "level": 79, "moves": ["explosion", "rapidspin", "thunderbolt", "voltswitch"], "ability": "Transistor", "evs": {"hp": 85, "atk": 85, "def": 85, "spa": 85, "spd": 85, "spe": 85}, "ivs": {"hp": 31, "atk": 31, "def": 31, "spa": 31, "spd": 31, "spe": 31}, "item": "Magnet", "teraType": "Electric", "role": "Fast Support", "bvs": {"hp": 80, "atk": 100, "def": 50, "spa": 100, "spd": 50, "spe": 200}, "stats": {"hp": 256, "atk": 204, "def": 125, "spa": 204, "spd": 125, "spe": 362}, "types": ["Electric"]}}]}