{"id": "gen9randombattle-2642095967", "format": "[Gen 9] Random Battle", "players": ["kuhvm", "jnpr010334"], "log": "|j|\u2606kuhvm\n|j|\u2606jnpr010334\n|t:|1782888984\n|gametype|singles\n|player|p1|kuhvm|265|1882\n|player|p2|jnpr010334|265|1927\n|gen|9\n|tier|[Gen 9] Random Battle\n|rated|\n|rule|Species Clause: Limit one of each Pok\u00e9mon\n|rule|HP Percentage Mod: HP is shown in percentages\n|rule|Sleep Clause Mod: Limit one foe put to sleep\n|rule|Illusion Level Mod: Illusion disguises the Pok\u00e9mon's true level\n|\n|t:|1782888984\n|teamsize|p1|6\n|teamsize|p2|6\n|start\n|switch|p1a: Oinkologne|Oinkologne-F, L92, F|361/361\n|switch|p2a: Jirachi|Jirachi, L80|291/291\n|turn|1\n|inactive|Battle timer is ON: inactive players will automatically lose when time's up. (requested by jnpr010334)\n|\n|t:|1782889000\n|move|p2a: Jirachi|Body Slam|p1a: Oinkologne\n|-damage|p1a: Oinkologne|301/361\n|move|p1a: Oinkologne|Body Slam|p2a: Jirachi\n|-resisted|p2a: Jirachi\n|-damage|p2a: Jirachi|243/291\n|-status|p2a: Jirachi|par\n|\n|-heal|p1a: Oinkologne|323/361|[from] item: Leftovers\n|-heal|p2a: Jirachi|261/291 par|[from] item: Leftovers\n|upkeep\n|turn|2\n|\n|t:|1782889022\n|switch|p2a: Mudsdale|Mudsdale, L83, M|302/302\n|move|p1a: Oinkologne|Curse|p1a: Oinkologne\n|-unboost|p1a: Oinkologne|spe|1\n|-boost|p1a: Oinkologne|atk|1\n|-boost|p1a: Oinkologne|def|1\n|\n|-heal|p1a: Oinkologne|345/361|[from] item: Leftovers\n|upkeep\n|turn|3\n|\n|t:|1782889026\n|switch|p2a: Slowbro|Slowbro, L85, M|300/300\n|move|p1a: Oinkologne|Curse|p1a: Oinkologne\n|-unboost|p1a: Oinkologne|spe|1\n|-boost|p1a: Oinkologne|atk|1\n|-boost|p1a: Oinkologne|def|1\n|\n|-heal|p1a: Oinkologne|361/361|[from] item: Leftovers\n|upkeep\n|turn|4\n|\n|t:|1782889051\n|move|p2a: Slowbro|Thunder Wave|p1a: Oinkologne\n|-status|p1a: Oinkologne|par\n|move|p1a: Oinkologne|Body Slam|p2a: Slowbro\n|-damage|p2a: Slowbro|141/300\n|-damage|p1a: Oinkologne|301/361 par|[from] item: Rocky Helmet|[of] p2a: Slowbro\n|\n|-heal|p1a: Oinkologne|323/361 par|[from] item: Leftovers\n|upkeep\n|turn|5\n|\n|t:|1782889056\n|move|p2a: Slowbro|Slack Off|p2a: Slowbro\n|-heal|p2a: Slowbro|291/300\n|move|p1a: Oinkologne|Curse|p1a: Oinkologne\n|-unboost|p1a: Oinkologne|spe|1\n|-boost|p1a: Oinkologne|atk|1\n|-boost|p1a: Oinkologne|def|1\n|\n|-heal|p1a: Oinkologne|345/361 par|[from] item: Leftovers\n|upkeep\n|turn|6\n|\n|t:|1782889059\n|move|p2a: Slowbro|Scald|p1a: Oinkologne\n|-damage|p1a: Oinkologne|264/361 par\n|cant|p1a: Oinkologne|par\n|\n|-heal|p1a: Oinkologne|286/361 par|[from] item: Leftovers\n|upkeep\n|turn|7\n|\n|t:|1782889062\n|move|p2a: Slowbro|Scald|p1a: Oinkologne\n|-damage|p1a: Oinkologne|210/361 par\n|move|p1a: Oinkologne|Curse|p1a: Oinkologne\n|-unboost|p1a: Oinkologne|spe|1\n|-boost|p1a: Oinkologne|atk|1\n|-boost|p1a: Oinkologne|def|1\n|\n|-heal|p1a: Oinkologne|232/361 par|[from] item: Leftovers\n|upkeep\n|turn|8\n|\n|t:|1782889067\n|move|p2a: Slowbro|Scald|p1a: Oinkologne\n|-damage|p1a: Oinkologne|147/361 par\n|move|p1a: Oinkologne|Curse|p1a: Oinkologne\n|-unboost|p1a: Oinkologne|spe|1\n|-boost|p1a: Oinkologne|atk|1\n|-boost|p1a: Oinkologne|def|1\n|\n|-heal|p1a: Oinkologne|169/361 par|[from] item: Leftovers\n|upkeep\n|turn|9\n|\n|t:|1782889070\n|move|p2a: Slowbro|Scald|p1a: Oinkologne\n|-damage|p1a: Oinkologne|88/361 par\n|move|p1a: Oinkologne|Rest|p1a: Oinkologne\n|-status|p1a: Oinkologne|slp|[from] move: Rest\n|-heal|p1a: Oinkologne|361/361 slp|[silent]\n|\n|upkeep\n|turn|10\n|\n|t:|1782889075\n|move|p2a: Slowbro|Scald|p1a: Oinkologne\n|-damage|p1a: Oinkologne|282/361 slp\n|cant|p1a: Oinkologne|slp\n|move|p1a: Oinkologne|Sleep Talk|p1a: Oinkologne\n|move|p1a: Oinkologne|Rest||[from] move: Sleep Talk|[still]\n|-fail|p1a: Oinkologne\n|\n|-heal|p1a: Oinkologne|304/361 slp|[from] item: Leftovers\n|upkeep\n|turn|11\n|\n|t:|1782889081\n|move|p2a: Slowbro|Scald|p1a: Oinkologne\n|-crit|p1a: Oinkologne\n|-damage|p1a: Oinkologne|178/361 slp\n|cant|p1a: Oinkologne|slp\n|move|p1a: Oinkologne|Sleep Talk|p1a: Oinkologne\n|move|p1a: Oinkologne|Curse|p1a: Oinkologne|[from] move: Sleep Talk\n|-unboost|p1a: Oinkologne|spe|1\n|-boost|p1a: Oinkologne|atk|1\n|-boost|p1a: Oinkologne|def|1\n|\n|-heal|p1a: Oinkologne|200/361 slp|[from] item: Leftovers\n|upkeep\n|turn|12\n|\n|t:|1782889089\n|move|p2a: Slowbro|Scald|p1a: Oinkologne\n|-damage|p1a: Oinkologne|124/361 slp\n|-curestatus|p1a: Oinkologne|slp|[msg]\n|move|p1a: Oinkologne|Rest|p1a: Oinkologne\n|-status|p1a: Oinkologne|slp|[from] move: Rest\n|-heal|p1a: Oinkologne|361/361 slp|[silent]\n|\n|upkeep\n|turn|13\n|\n|t:|1782889093\n|move|p2a: Slowbro|Scald|p1a: Oinkologne\n|-damage|p1a: Oinkologne|286/361 slp\n|cant|p1a: Oinkologne|slp\n|\n|-heal|p1a: Oinkologne|308/361 slp|[from] item: Leftovers\n|upkeep\n|turn|14\n|\n|t:|1782889095\n|move|p2a: Slowbro|Scald|p1a: Oinkologne\n|-damage|p1a: Oinkologne|227/361 slp\n|cant|p1a: Oinkologne|slp\n|move|p1a: Oinkologne|Sleep Talk|p1a: Oinkologne\n|move|p1a: Oinkologne|Rest||[from] move: Sleep Talk|[still]\n|-fail|p1a: Oinkologne\n|\n|-heal|p1a: Oinkologne|249/361 slp|[from] item: Leftovers\n|upkeep\n|turn|15\n|\n|t:|1782889100\n|move|p2a: Slowbro|Scald|p1a: Oinkologne\n|-damage|p1a: Oinkologne|168/361 slp\n|-curestatus|p1a: Oinkologne|slp|[msg]\n|move|p1a: Oinkologne|Rest|p1a: Oinkologne\n|-status|p1a: Oinkologne|slp|[from] move: Rest\n|-heal|p1a: Oinkologne|361/361 slp|[silent]\n|\n|upkeep\n|turn|16\n|\n|t:|1782889103\n|move|p2a: Slowbro|Scald|p1a: Oinkologne\n|-damage|p1a: Oinkologne|273/361 slp\n|cant|p1a: Oinkologne|slp\n|move|p1a: Oinkologne|Sleep Talk|p1a: Oinkologne\n|move|p1a: Oinkologne|Rest||[from] move: Sleep Talk|[still]\n|-fail|p1a: Oinkologne\n|\n|-heal|p1a: Oinkologne|295/361 slp|[from] item: Leftovers\n|upkeep\n|turn|17\n|\n|t:|1782889107\n|move|p2a: Slowbro|Scald|p1a: Oinkologne\n|-damage|p1a: Oinkologne|219/361 slp\n|cant|p1a: Oinkologne|slp\n|move|p1a: Oinkologne|Sleep Talk|p1a: Oinkologne\n|move|p1a: Oinkologne|Rest||[from] move: Sleep Talk|[still]\n|-fail|p1a: Oinkologne\n|\n|-heal|p1a: Oinkologne|241/361 slp|[from] item: Leftovers\n|upkeep\n|turn|18\n|\n|t:|1782889113\n|move|p2a: Slowbro|Scald|p1a: Oinkologne\n|-damage|p1a: Oinkologne|162/361 slp\n|-curestatus|p1a: Oinkologne|slp|[msg]\n|move|p1a: Oinkologne|Rest|p1a: Oinkologne\n|-status|p1a: Oinkologne|slp|[from] move: Rest\n|-heal|p1a: Oinkologne|361/361 slp|[silent]\n|\n|upkeep\n|turn|19\n|\n|t:|1782889116\n|move|p2a: Slowbro|Scald|p1a: Oinkologne\n|-damage|p1a: Oinkologne|282/361 slp\n|cant|p1a: Oinkologne|slp\n|move|p1a: Oinkologne|Sleep Talk|p1a: Oinkologne\n|move|p1a: Oinkologne|Body Slam|p2a: Slowbro|[from] move: Sleep Talk\n|-damage|p2a: Slowbro|0 fnt\n|-damage|p1a: Oinkologne|222/361 slp|[from] item: Rocky Helmet|[of] p2a: Slowbro\n|faint|p2a: Slowbro\n|\n|-heal|p1a: Oinkologne|244/361 slp|[from] item: Leftovers\n|upkeep\n|\n|t:|1782889118\n|switch|p2a: Gholdengo|Gholdengo, L77|261/261\n|turn|20\n|\n|t:|1782889130\n|switch|p1a: Torterra|Torterra, L78, F|276/276\n|move|p2a: Gholdengo|Nasty Plot|p2a: Gholdengo\n|-boost|p2a: Gholdengo|spa|2\n|\n|upkeep\n|turn|21\n|\n|t:|1782889135\n|-terastallize|p2a: Gholdengo|Water\n|move|p2a: Gholdengo|Make It Rain|p1a: Torterra\n|-damage|p1a: Torterra|0 fnt\n|-unboost|p2a: Gholdengo|spa|1\n|faint|p1a: Torterra\n|\n|upkeep\n|\n|t:|1782889142\n|switch|p1a: Ludicolo|Ludicolo, L90, F|290/290\n|turn|22\n|\n|t:|1782889144\n|move|p1a: Ludicolo|Rain Dance|p1a: Ludicolo\n|-weather|RainDance\n|move|p2a: Gholdengo|Nasty Plot|p2a: Gholdengo\n|-boost|p2a: Gholdengo|spa|2\n|\n|-weather|RainDance|[upkeep]\n|upkeep\n|turn|23\n|c|\u2606kuhvm|why not gholdengho earlier?\n|\n|t:|1782889153\n|move|p1a: Ludicolo|Giga Drain|p2a: Gholdengo\n|-supereffective|p2a: Gholdengo\n|-damage|p2a: Gholdengo|1/261\n|-damage|p1a: Ludicolo|261/290|[from] item: Life Orb\n|move|p2a: Gholdengo|Shadow Ball|p1a: Ludicolo\n|-damage|p1a: Ludicolo|57/290\n|\n|-weather|RainDance|[upkeep]\n|-heal|p2a: Gholdengo|17/261|[from] item: Leftovers\n|upkeep\n|turn|24\n|\n|t:|1782889156\n|move|p1a: Ludicolo|Giga Drain|p2a: Gholdengo\n|-supereffective|p2a: Gholdengo\n|-damage|p2a: Gholdengo|0 fnt\n|-heal|p1a: Ludicolo|66/290|[from] drain|[of] p2a: Gholdengo\n|faint|p2a: Gholdengo\n|-damage|p1a: Ludicolo|37/290|[from] item: Life Orb\n|\n|-weather|RainDance|[upkeep]\n|upkeep\n|\n|t:|1782889158\n|switch|p2a: Cacturne|Cacturne, L92, M|278/278\n|turn|25\n|\n|t:|1782889165\n|move|p2a: Cacturne|Sucker Punch|p1a: Ludicolo\n|-damage|p1a: Ludicolo|0 fnt\n|faint|p1a: Ludicolo\n|-damage|p2a: Cacturne|251/278|[from] item: Life Orb\n|\n|-weather|RainDance|[upkeep]\n|upkeep\n|\n|t:|1782889166\n|switch|p1a: Hawlucha|Hawlucha, L80, M|256/256\n|turn|26\n|\n|t:|1782889169\n|switch|p2a: Mudsdale|Mudsdale, L83, M|302/302\n|move|p1a: Hawlucha|Close Combat|p2a: Mudsdale\n|-damage|p2a: Mudsdale|191/302\n|-unboost|p1a: Hawlucha|def|1\n|-unboost|p1a: Hawlucha|spd|1\n|-ability|p2a: Mudsdale|Stamina|boost\n|-boost|p2a: Mudsdale|def|1\n|-enditem|p1a: Hawlucha|White Herb\n|-clearnegativeboost|p1a: Hawlucha|[silent]\n|\n|-weather|none\n|-heal|p2a: Mudsdale|209/302|[from] item: Leftovers\n|upkeep\n|turn|27\n|\n|t:|1782889175\n|switch|p1a: Oinkologne|Oinkologne-F, L92, F|244/361 slp\n|move|p2a: Mudsdale|Heavy Slam|p1a: Oinkologne\n|-damage|p1a: Oinkologne|142/361 slp\n|\n|-heal|p1a: Oinkologne|164/361 slp|[from] item: Leftovers\n|-heal|p2a: Mudsdale|227/302|[from] item: Leftovers\n|upkeep\n|turn|28\n|\n|t:|1782889178\n|cant|p1a: Oinkologne|slp\n|move|p1a: Oinkologne|Sleep Talk|p1a: Oinkologne\n|move|p1a: Oinkologne|Curse|p1a: Oinkologne|[from] move: Sleep Talk\n|-unboost|p1a: Oinkologne|spe|1\n|-boost|p1a: Oinkologne|atk|1\n|-boost|p1a: Oinkologne|def|1\n|move|p2a: Mudsdale|Earthquake|p1a: Oinkologne\n|-damage|p1a: Oinkologne|74/361 slp\n|\n|-heal|p1a: Oinkologne|96/361 slp|[from] item: Leftovers\n|-heal|p2a: Mudsdale|245/302|[from] item: Leftovers\n|upkeep\n|turn|29\n|\n|t:|1782889183\n|-curestatus|p1a: Oinkologne|slp|[msg]\n|move|p1a: Oinkologne|Rest|p1a: Oinkologne\n|-status|p1a: Oinkologne|slp|[from] move: Rest\n|-heal|p1a: Oinkologne|361/361 slp|[silent]\n|move|p2a: Mudsdale|Earthquake|p1a: Oinkologne\n|-damage|p1a: Oinkologne|274/361 slp\n|\n|-heal|p1a: Oinkologne|296/361 slp|[from] item: Leftovers\n|-heal|p2a: Mudsdale|263/302|[from] item: Leftovers\n|upkeep\n|turn|30\n|\n|t:|1782889186\n|cant|p1a: Oinkologne|slp\n|move|p1a: Oinkologne|Sleep Talk|p1a: Oinkologne\n|move|p1a: Oinkologne|Rest||[from] move: Sleep Talk|[still]\n|-fail|p1a: Oinkologne\n|move|p2a: Mudsdale|Earthquake|p1a: Oinkologne\n|-damage|p1a: Oinkologne|199/361 slp\n|\n|-heal|p1a: Oinkologne|221/361 slp|[from] item: Leftovers\n|-heal|p2a: Mudsdale|281/302|[from] item: Leftovers\n|upkeep\n|turn|31\n|\n|t:|1782889190\n|cant|p1a: Oinkologne|slp\n|move|p1a: Oinkologne|Sleep Talk|p1a: Oinkologne\n|move|p1a: Oinkologne|Body Slam|p2a: Mudsdale|[from] move: Sleep Talk\n|-damage|p2a: Mudsdale|191/302\n|-status|p2a: Mudsdale|par\n|-ability|p2a: Mudsdale|Stamina|boost\n|-boost|p2a: Mudsdale|def|1\n|move|p2a: Mudsdale|Earthquake|p1a: Oinkologne\n|-damage|p1a: Oinkologne|125/361 slp\n|\n|-heal|p1a: Oinkologne|147/361 slp|[from] item: Leftovers\n|-heal|p2a: Mudsdale|209/302 par|[from] item: Leftovers\n|upkeep\n|turn|32\n|\n|t:|1782889196\n|-curestatus|p1a: Oinkologne|slp|[msg]\n|move|p1a: Oinkologne|Curse|p1a: Oinkologne\n|-unboost|p1a: Oinkologne|spe|1\n|-boost|p1a: Oinkologne|atk|1\n|-boost|p1a: Oinkologne|def|1\n|move|p2a: Mudsdale|Earthquake|p1a: Oinkologne\n|-crit|p1a: Oinkologne\n|-damage|p1a: Oinkologne|0 fnt\n|faint|p1a: Oinkologne\n|\n|-heal|p2a: Mudsdale|227/302 par|[from] item: Leftovers\n|upkeep\n|\n|t:|1782889209\n|switch|p1a: Comfey|Comfey, L85, M|225/225\n|turn|33\n|\n|t:|1782889211\n|move|p1a: Comfey|Calm Mind|p1a: Comfey\n|-boost|p1a: Comfey|spa|1\n|-boost|p1a: Comfey|spd|1\n|cant|p2a: Mudsdale|par\n|\n|-heal|p2a: Mudsdale|245/302 par|[from] item: Leftovers\n|upkeep\n|turn|34\n|\n|t:|1782889215\n|move|p1a: Comfey|Calm Mind|p1a: Comfey\n|-boost|p1a: Comfey|spa|1\n|-boost|p1a: Comfey|spd|1\n|cant|p2a: Mudsdale|par\n|\n|-heal|p2a: Mudsdale|263/302 par|[from] item: Leftovers\n|upkeep\n|turn|35\n|\n|t:|1782889219\n|move|p1a: Comfey|Calm Mind|p1a: Comfey\n|-boost|p1a: Comfey|spa|1\n|-boost|p1a: Comfey|spd|1\n|move|p2a: Mudsdale|Roar|p1a: Comfey\n|drag|p1a: Hawlucha|Hawlucha, L80, M|256/256\n|\n|-heal|p2a: Mudsdale|281/302 par|[from] item: Leftovers\n|upkeep\n|turn|36\n|\n|t:|1782889225\n|switch|p1a: Comfey|Comfey, L85, M|225/225\n|cant|p2a: Mudsdale|par\n|\n|-heal|p2a: Mudsdale|299/302 par|[from] item: Leftovers\n|upkeep\n|turn|37\n|\n|t:|1782889229\n|move|p1a: Comfey|Calm Mind|p1a: Comfey\n|-boost|p1a: Comfey|spa|1\n|-boost|p1a: Comfey|spd|1\n|move|p2a: Mudsdale|Heavy Slam|p1a: Comfey\n|-supereffective|p1a: Comfey\n|-damage|p1a: Comfey|41/225\n|\n|-heal|p1a: Comfey|55/225|[from] item: Leftovers\n|-heal|p2a: Mudsdale|302/302 par|[from] item: Leftovers\n|upkeep\n|turn|38\n|\n|t:|1782889236\n|move|p1a: Comfey|Draining Kiss|p2a: Mudsdale\n|-damage|p2a: Mudsdale|233/302 par\n|-heal|p1a: Comfey|107/225|[from] drain|[of] p2a: Mudsdale\n|-ability|p2a: Mudsdale|Stamina|boost\n|-boost|p2a: Mudsdale|def|1\n|move|p2a: Mudsdale|Heavy Slam|p1a: Comfey\n|-supereffective|p1a: Comfey\n|-damage|p1a: Comfey|0 fnt\n|faint|p1a: Comfey\n|\n|-heal|p2a: Mudsdale|251/302 par|[from] item: Leftovers\n|upkeep\n|\n|t:|1782889239\n|switch|p1a: Meloetta|Meloetta, L82|298/298\n|turn|39\n|\n|t:|1782889242\n|move|p1a: Meloetta|Relic Song|p2a: Mudsdale\n|-damage|p2a: Mudsdale|115/302 par\n|-ability|p2a: Mudsdale|Stamina|boost\n|-boost|p2a: Mudsdale|def|1\n|-formechange|p1a: Meloetta|Meloetta-Pirouette|[msg]\n|-damage|p1a: Meloetta|269/298|[from] item: Life Orb\n|move|p2a: Mudsdale|Earthquake|p1a: Meloetta\n|-damage|p1a: Meloetta|139/298\n|\n|-heal|p2a: Mudsdale|133/302 par|[from] item: Leftovers\n|upkeep\n|turn|40\n|\n|t:|1782889246\n|move|p1a: Meloetta|Relic Song|p2a: Mudsdale\n|-damage|p2a: Mudsdale|43/302 par\n|-ability|p2a: Mudsdale|Stamina|boost\n|-boost|p2a: Mudsdale|def|1\n|-formechange|p1a: Meloetta|Meloetta|[msg]\n|-damage|p1a: Meloetta|110/298|[from] item: Life Orb\n|move|p2a: Mudsdale|Earthquake|p1a: Meloetta\n|-damage|p1a: Meloetta|0 fnt\n|faint|p1a: Meloetta\n|\n|-heal|p2a: Mudsdale|61/302 par|[from] item: Leftovers\n|upkeep\n|\n|t:|1782889248\n|switch|p1a: Hawlucha|Hawlucha, L80, M|256/256\n|turn|41\n|\n|t:|1782889252\n|move|p1a: Hawlucha|Swords Dance|p1a: Hawlucha\n|-boost|p1a: Hawlucha|atk|2\n|move|p2a: Mudsdale|Heavy Slam|p1a: Hawlucha\n|-damage|p1a: Hawlucha|125/256\n|\n|-heal|p2a: Mudsdale|79/302 par|[from] item: Leftovers\n|upkeep\n|turn|42\n|c|\u2606kuhvm|gg lol\n|\n|t:|1782889261\n|move|p1a: Hawlucha|Brave Bird|p2a: Mudsdale\n|-damage|p2a: Mudsdale|15/302 par\n|-ability|p2a: Mudsdale|Stamina|boost\n|-boost|p2a: Mudsdale|def|1\n|-damage|p1a: Hawlucha|104/256|[from] Recoil\n|move|p2a: Mudsdale|Heavy Slam|p1a: Hawlucha\n|-damage|p1a: Hawlucha|0 fnt\n|faint|p1a: Hawlucha\n|\n|win|jnpr010334\n|raw|kuhvm's rating: 1882 &rarr; <strong>1862</strong><br />(-20 for losing)\n|raw|jnpr010334's rating: 1881 &rarr; <strong>1901</strong><br />(+20 for winning)\n", "inputlog": ">version f8ac14003a5f27e1bdc8d8c59608a773c1cb96e5\n>start {\"formatid\":\"gen9randombattle\",\"seed\":\"sodium,037a2aedb91ea72a1dcb42eab29b0105\",\"rated\":\"Rated battle\"}\n>player p1 {\"name\":\"kuhvm\",\"avatar\":\"265\",\"rating\":1882,\"seed\":\"sodium,bb97d2af3e27d2bc828389800e8fd21f\"}\n>player p2 {\"name\":\"jnpr010334\",\"avatar\":\"265\",\"rating\":1927,\"seed\":\"sodium,5cc45ed25e740444fb191c3824a21087\"}\n>p1 move bodyslam\n>p2 move bodyslam\n>p1 move curse\n>p2 switch 6\n>p1 move curse\n>p2 switch 5\n>p1 move bodyslam\n>p2 move thunderwave\n>p1 move curse\n>p2 move slackoff\n>p1 move curse\n>p2 move scald\n>p1 move curse\n>p2 move scald\n>p1 move curse\n>p2 move scald\n>p1 move rest\n>p2 move scald\n>p1 move sleeptalk\n>p2 move scald\n>p1 move sleeptalk\n>p2 move scald\n>p1 move rest\n>p2 move scald\n>p1 move curse\n>p2 move scald\n>p1 move sleeptalk\n>p2 move scald\n>p1 move rest\n>p2 move scald\n>p1 move sleeptalk\n>p2 move scald\n>p1 move sleeptalk\n>p2 move scald\n>p1 move rest\n>p2 move scald\n>p1 move sleeptalk\n>p2 move scald\n>p2 switch 2\n>p1 switch 2\n>p2 move nastyplot\n>p1 move shellsmash\n>p2 move makeitrain terastallize\n>p1 switch 4\n>p1 move raindance\n>p2 move nastyplot\n>chat \u2606kuhvm|why not gholdengho earlier?\n>p1 move gigadrain\n>p2 move shadowball\n>p1 move gigadrain\n>p2 move shadowball\n>p2 switch 3\n>p1 move icebeam\n>p2 move suckerpunch\n>p1 switch 3\n>p1 move closecombat\n>p2 switch 5\n>p1 switch 2\n>p2 move heavyslam\n>p1 move sleeptalk\n>p2 move earthquake\n>p1 move rest\n>p2 move earthquake\n>p1 move sleeptalk\n>p2 move earthquake\n>p1 move sleeptalk\n>p2 move earthquake\n>p1 move curse\n>p2 move earthquake\n>p1 switch 6\n>p1 move calmmind\n>p2 move heavyslam\n>p1 move calmmind\n>p2 move roar\n>p1 move calmmind\n>p2 move roar\n>p1 switch 2\n>p2 move heavyslam\n>p1 move calmmind\n>p2 move heavyslam\n>p1 move drainingkiss\n>p2 move heavyslam\n>p1 switch 5\n>p1 move relicsong\n>p2 move earthquake\n>p1 move relicsong\n>p2 move earthquake\n>p1 switch 2\n>p1 move swordsdance\n>p2 move heavyslam\n>chat \u2606kuhvm|gg lol\n>p1 move bravebird\n>p2 move heavyslam", "uploadtime": 1782889261, "views": 2, "formatid": "gen9randombattle", "rating": 1862, "private": 0, "password": null, "player_dets": [{"name": "kuhvm", "avatar": "265", "rating": 1882, "seed": "sodium,bb97d2af3e27d2bc828389800e8fd21f"}, {"name": "jnpr010334", "avatar": "265", "rating": 1927, "seed": "sodium,5cc45ed25e740444fb191c3824a21087"}], "teams_full": [{"Oinkologne": {"name": "Oinkologne", "species": "Oinkologne-F", "speciesId": "oinkolognef", "gender": "F", "shiny": false, "level": 92, "moves": ["bodyslam", "rest", "curse", "sleeptalk"], "ability": "Thick Fat", "evs": {"hp": 85, "atk": 85, "def": 85, "spa": 85, "spd": 85, "spe": 85}, "ivs": {"hp": 31, "atk": 31, "def": 31, "spa": 31, "spd": 31, "spe": 31}, "item": "Leftovers", "teraType": "Fairy", "role": "Bulky Support", "bvs": {"hp": 115, "atk": 90, "def": 70, "spa": 59, "spd": 90, "spe": 65}, "stats": {"hp": 361, "atk": 218, "def": 181, "spa": 161, "spd": 218, "spe": 172}, "types": ["Normal"]}, "Torterra": {"name": "Torterra", "species": "Torterra", "speciesId": "torterra", "gender": "F", "shiny": false, "level": 78, "moves": ["bulletseed", "shellsmash", "headlongrush", "rockblast"], "ability": "Overgrow", "evs": {"hp": 85, "atk": 85, "def": 85, "spa": 85, "spd": 85, "spe": 85}, "ivs": {"hp": 31, "atk": 31, "def": 31, "spa": 31, "spd": 31, "spe": 31}, "item": "Loaded Dice", "teraType": "Ground", "role": "Setup Sweeper", "bvs": {"hp": 95, "atk": 109, "def": 105, "spa": 75, "spd": 85, "spe": 56}, "stats": {"hp": 276, "atk": 215, "def": 209, "spa": 162, "spd": 178, "spe": 132}, "types": ["Grass", "Ground"]}, "Hawlucha": {"name": "Hawlucha", "species": "Hawlucha", "speciesId": "hawlucha", "gender": "M", "shiny": false, "level": 80, "moves": ["closecombat", "throatchop", "bravebird", "swordsdance"], "ability": "Unburden", "evs": {"hp": 85, "atk": 85, "def": 85, "spa": 85, "spd": 85, "spe": 85}, "ivs": {"hp": 31, "atk": 31, "def": 31, "spa": 31, "spd": 31, "spe": 31}, "item": "White Herb", "teraType": "Fighting", "role": "Setup Sweeper", "bvs": {"hp": 78, "atk": 92, "def": 75, "spa": 74, "spd": 63, "spe": 118}, "stats": {"hp": 256, "atk": 193, "def": 166, "spa": 165, "spd": 147, "spe": 235}, "types": ["Fighting", "Flying"]}, "Ludicolo": {"name": "Ludicolo", "species": "Ludicolo", "speciesId": "ludicolo", "gender": "F", "shiny": false, "level": 90, "moves": ["hydropump", "icebeam", "gigadrain", "raindance"], "ability": "Swift Swim", "evs": {"hp": 85, "atk": 0, "def": 85, "spa": 85, "spd": 85, "spe": 85}, "ivs": {"hp": 31, "atk": 0, "def": 31, "spa": 31, "spd": 31, "spe": 31}, "item": "Life Orb", "teraType": "Water", "role": "Setup Sweeper", "bvs": {"hp": 80, "atk": 70, "def": 70, "spa": 90, "spd": 100, "spe": 70}, "stats": {"hp": 290, "atk": 131, "def": 177, "spa": 213, "spd": 231, "spe": 177}, "types": ["Water", "Grass"]}, "Meloetta": {"name": "Meloetta", "species": "Meloetta", "speciesId": "meloetta", "gender": "N", "shiny": false, "level": 82, "moves": ["knockoff", "relicsong", "tripleaxel", "closecombat"], "ability": "Serene Grace", "evs": {"hp": 85, "atk": 85, "def": 85, "spa": 85, "spd": 85, "spe": 85}, "ivs": {"hp": 31, "atk": 31, "def": 31, "spa": 31, "spd": 31, "spe": 31}, "item": "Life Orb", "teraType": "Fighting", "role": "Wallbreaker", "bvs": {"hp": 100, "atk": 77, "def": 77, "spa": 128, "spd": 128, "spe": 90}, "stats": {"hp": 298, "atk": 173, "def": 173, "spa": 257, "spd": 257, "spe": 195}, "types": ["Normal", "Psychic"]}, "Comfey": {"name": "Comfey", "species": "Comfey", "speciesId": "comfey", "gender": "M", "shiny": false, "level": 85, "moves": ["terablast", "drainingkiss", "calmmind", "synthesis"], "ability": "Triage", "evs": {"hp": 85, "atk": 0, "def": 85, "spa": 85, "spd": 85, "spe": 85}, "ivs": {"hp": 31, "atk": 0, "def": 31, "spa": 31, "spd": 31, "spe": 31}, "item": "Leftovers", "teraType": "Ground", "role": "Tera Blast user", "bvs": {"hp": 51, "atk": 52, "def": 90, "spa": 82, "spd": 110, "spe": 100}, "stats": {"hp": 225, "atk": 93, "def": 202, "spa": 188, "spd": 236, "spe": 219}, "types": ["Fairy"]}}, {"Jirachi": {"name": "Jirachi", "species": "Jirachi", "speciesId": "jirachi", "gender": "N", "shiny": false, "level": 80, "moves": ["protect", "ironhead", "wish", "bodyslam"], "ability": "Serene Grace", "evs": {"hp": 85, "atk": 85, "def": 85, "spa": 85, "spd": 85, "spe": 85}, "ivs": {"hp": 31, "atk": 31, "def": 31, "spa": 31, "spd": 31, "spe": 31}, "item": "Leftovers", "teraType": "Water", "role": "Fast Support", "bvs": {"hp": 100, "atk": 100, "def": 100, "spa": 100, "spd": 100, "spe": 100}, "stats": {"hp": 291, "atk": 206, "def": 206, "spa": 206, "spd": 206, "spe": 206}, "types": ["Steel", "Psychic"]}, "Gholdengo": {"name": "Gholdengo", "species": "Gholdengo", "speciesId": "gholdengo", "gender": "N", "shiny": false, "level": 77, "moves": ["nastyplot", "recover", "makeitrain", "shadowball"], "ability": "Good as Gold", "evs": {"hp": 85, "atk": 0, "def": 85, "spa": 85, "spd": 85, "spe": 85}, "ivs": {"hp": 31, "atk": 0, "def": 31, "spa": 31, "spd": 31, "spe": 31}, "item": "Leftovers", "teraType": "Water", "role": "Bulky Support", "bvs": {"hp": 87, "atk": 60, "def": 95, "spa": 133, "spd": 91, "spe": 84}, "stats": {"hp": 261, "atk": 97, "def": 191, "spa": 249, "spd": 185, "spe": 174}, "types": ["Steel", "Ghost"]}, "Cacturne": {"name": "Cacturne", "species": "Cacturne", "speciesId": "cacturne", "gender": "M", "shiny": false, "level": 92, "moves": ["seedbomb", "knockoff", "suckerpunch", "swordsdance"], "ability": "Water Absorb", "evs": {"hp": 85, "atk": 85, "def": 85, "spa": 85, "spd": 85, "spe": 85}, "ivs": {"hp": 31, "atk": 31, "def": 31, "spa": 31, "spd": 31, "spe": 31}, "item": "Life Orb", "teraType": "Poison", "role": "Setup Sweeper", "bvs": {"hp": 70, "atk": 115, "def": 60, "spa": 115, "spd": 60, "spe": 55}, "stats": {"hp": 278, "atk": 264, "def": 163, "spa": 264, "spd": 163, "spe": 154}, "types": ["Grass", "Dark"]}, "Samurott": {"name": "Samurott", "species": "Samurott-Hisui", "speciesId": "samurotthisui", "gender": "F", "shiny": false, "level": 77, "moves": ["suckerpunch", "flipturn", "ceaselessedge", "razorshell"], "ability": "Sharpness", "evs": {"hp": 85, "atk": 85, "def": 85, "spa": 85, "spd": 85, "spe": 85}, "ivs": {"hp": 31, "atk": 31, "def": 31, "spa": 31, "spd": 31, "spe": 31}, "item": "Choice Band", "teraType": "Water", "role": "Fast Attacker", "bvs": {"hp": 90, "atk": 108, "def": 80, "spa": 100, "spd": 65, "spe": 85}, "stats": {"hp": 265, "atk": 211, "def": 168, "spa": 199, "spd": 145, "spe": 175}, "types": ["Water", "Dark"]}, "Slowbro": {"name": "Slowbro", "species": "Slowbro", "speciesId": "slowbro", "gender": "M", "shiny": false, "level": 85, "moves": ["slackoff", "psyshock", "scald", "thunderwave"], "ability": "Regenerator", "evs": {"hp": 85, "atk": 0, "def": 85, "spa": 85, "spd": 85, "spe": 85}, "ivs": {"hp": 31, "atk": 0, "def": 31, "spa": 31, "spd": 31, "spe": 31}, "item": "Rocky Helmet", "teraType": "Fairy", "role": "Bulky Attacker", "bvs": {"hp": 95, "atk": 75, "def": 110, "spa": 100, "spd": 80, "spe": 30}, "stats": {"hp": 300, "atk": 132, "def": 236, "spa": 219, "spd": 185, "spe": 100}, "types": ["Water", "Psychic"]}, "Mudsdale": {"name": "Mudsdale", "species": "Mudsdale", "speciesId": "mudsdale", "gender": "M", "shiny": false, "level": 83, "moves": ["heavyslam", "roar", "earthquake", "stealthrock"], "ability": "Stamina", "evs": {"hp": 85, "atk": 85, "def": 85, "spa": 85, "spd": 85, "spe": 85}, "ivs": {"hp": 31, "atk": 31, "def": 31, "spa": 31, "spd": 31, "spe": 31}, "item": "Leftovers", "teraType": "Steel", "role": "Bulky Attacker", "bvs": {"hp": 100, "atk": 125, "def": 100, "spa": 55, "spd": 85, "spe": 35}, "stats": {"hp": 302, "atk": 255, "def": 214, "spa": 139, "spd": 189, "spe": 106}, "types": ["Ground"]}}]}