{"id": "gen9randombattle-2641866446", "format": "[Gen 9] Random Battle", "players": ["MissNayru", "ZeVrOx940"], "log": "|j|\u2606MissNayru\n|j|\u2606ZeVrOx940\n|t:|1782851339\n|gametype|singles\n|player|p1|MissNayru|lady|1318\n|player|p2|ZeVrOx940|1|1369\n|gen|9\n|tier|[Gen 9] Random Battle\n|rated|\n|rule|Species Clause: Limit one of each Pok\u00e9mon\n|rule|HP Percentage Mod: HP is shown in percentages\n|rule|Sleep Clause Mod: Limit one foe put to sleep\n|rule|Illusion Level Mod: Illusion disguises the Pok\u00e9mon's true level\n|\n|t:|1782851339\n|teamsize|p1|6\n|teamsize|p2|6\n|start\n|switch|p1a: Dipplin|Dipplin, L88, M|284/284\n|switch|p2a: Garganacl|Garganacl, L80, M|291/291\n|turn|1\n|inactive|Battle timer is ON: inactive players will automatically lose when time's up. (requested by MissNayru)\n|\n|t:|1782851345\n|move|p1a: Dipplin|Giga Drain|p2a: Garganacl\n|-supereffective|p2a: Garganacl\n|-damage|p2a: Garganacl|109/291\n|move|p2a: Garganacl|Salt Cure|p1a: Dipplin\n|-damage|p1a: Dipplin|260/284\n|-start|p1a: Dipplin|Salt Cure\n|\n|-heal|p2a: Garganacl|127/291|[from] item: Leftovers\n|-damage|p1a: Dipplin|225/284|[from] Salt Cure\n|upkeep\n|turn|2\n|\n|t:|1782851355\n|move|p2a: Garganacl|Protect|p2a: Garganacl\n|-singleturn|p2a: Garganacl|Protect\n|move|p1a: Dipplin|Giga Drain|p2a: Garganacl\n|-activate|p2a: Garganacl|move: Protect\n|\n|-heal|p2a: Garganacl|145/291|[from] item: Leftovers\n|-damage|p1a: Dipplin|190/284|[from] Salt Cure\n|upkeep\n|turn|3\n|\n|t:|1782851362\n|switch|p2a: Galvantula|Galvantula, L82, F|249/249\n|move|p1a: Dipplin|Giga Drain|p2a: Galvantula\n|-resisted|p2a: Galvantula\n|-damage|p2a: Galvantula|192/249\n|-heal|p1a: Dipplin|219/284|[from] drain|[of] p2a: Galvantula\n|\n|-damage|p1a: Dipplin|184/284|[from] Salt Cure\n|upkeep\n|turn|4\n|\n|t:|1782851373\n|switch|p1a: Houndstone|Houndstone, L86, M|264/264\n|move|p2a: Galvantula|Sticky Web|p1a: Houndstone\n|-sidestart|p1: MissNayru|move: Sticky Web\n|\n|upkeep\n|turn|5\n|inactive|MissNayru has 120 seconds left.\n|\n|t:|1782851417\n|switch|p2a: Garganacl|Garganacl, L80, M|145/291\n|move|p1a: Houndstone|Poltergeist|p2a: Garganacl\n|-activate|p2a: Garganacl|move: Poltergeist|Leftovers\n|-damage|p2a: Garganacl|100/291\n|\n|-heal|p2a: Garganacl|118/291|[from] item: Leftovers\n|upkeep\n|turn|6\n|\n|t:|1782851425\n|move|p1a: Houndstone|Body Press|p2a: Garganacl\n|-supereffective|p2a: Garganacl\n|-damage|p2a: Garganacl|28/291\n|move|p2a: Garganacl|Recover|p2a: Garganacl\n|-heal|p2a: Garganacl|174/291\n|\n|-heal|p2a: Garganacl|192/291|[from] item: Leftovers\n|upkeep\n|turn|7\n|inactive|MissNayru has 120 seconds left.\n|\n|t:|1782851431\n|switch|p1a: Dipplin|Dipplin, L88, M|184/284\n|-activate|p1a: Dipplin|move: Sticky Web\n|-unboost|p1a: Dipplin|spe|1\n|move|p2a: Garganacl|Salt Cure|p1a: Dipplin\n|-damage|p1a: Dipplin|160/284\n|-start|p1a: Dipplin|Salt Cure\n|\n|-heal|p2a: Garganacl|210/291|[from] item: Leftovers\n|-damage|p1a: Dipplin|125/284|[from] Salt Cure\n|upkeep\n|turn|8\n|\n|t:|1782851438\n|move|p2a: Garganacl|Body Press|p1a: Dipplin\n|-damage|p1a: Dipplin|89/284\n|move|p1a: Dipplin|Recover|p1a: Dipplin\n|-heal|p1a: Dipplin|231/284\n|\n|-heal|p2a: Garganacl|228/291|[from] item: Leftovers\n|-damage|p1a: Dipplin|196/284|[from] Salt Cure\n|upkeep\n|turn|9\n|\n|t:|1782851446\n|switch|p2a: Sunflora|Sunflora, F|312/312\n|move|p1a: Dipplin|Recover|p1a: Dipplin\n|-heal|p1a: Dipplin|284/284\n|\n|-damage|p1a: Dipplin|249/284|[from] Salt Cure\n|upkeep\n|turn|10\n|\n|t:|1782851454\n|move|p2a: Sunflora|Sunny Day|p2a: Sunflora\n|-weather|SunnyDay\n|move|p1a: Dipplin|Dragon Tail|p2a: Sunflora\n|-crit|p2a: Sunflora\n|-damage|p2a: Sunflora|201/312\n|drag|p2a: Galvantula|Galvantula, L82, F|192/249\n|\n|-weather|SunnyDay|[upkeep]\n|-damage|p1a: Dipplin|214/284|[from] Salt Cure\n|upkeep\n|turn|11\n|\n|t:|1782851469\n|switch|p1a: Houndstone|Houndstone, L86, M|264/264\n|-activate|p1a: Houndstone|move: Sticky Web\n|-unboost|p1a: Houndstone|spe|1\n|move|p2a: Galvantula|Bug Buzz|p1a: Houndstone\n|-resisted|p1a: Houndstone\n|-damage|p1a: Houndstone|234/264\n|\n|-weather|SunnyDay|[upkeep]\n|upkeep\n|turn|12\n|\n|t:|1782851476\n|switch|p2a: Sunflora|Sunflora, F|201/312\n|move|p1a: Houndstone|Body Press|p2a: Sunflora\n|-damage|p2a: Sunflora|127/312\n|\n|-weather|SunnyDay|[upkeep]\n|upkeep\n|turn|13\n|\n|t:|1782851496\n|switch|p1a: Houndoom|Houndoom, L87, F|272/272\n|move|p2a: Sunflora|Weather Ball|p1a: Houndoom\n|-start|p1a: Houndoom|ability: Flash Fire\n|\n|-weather|SunnyDay|[upkeep]\n|upkeep\n|turn|14\n|\n|t:|1782851507\n|move|p2a: Sunflora|Earth Power|p1a: Houndoom\n|-supereffective|p1a: Houndoom\n|-damage|p1a: Houndoom|33/272\n|-damage|p2a: Sunflora|96/312|[from] item: Life Orb\n|move|p1a: Houndoom|Fire Blast|p2a: Sunflora\n|-supereffective|p2a: Sunflora\n|-crit|p2a: Sunflora\n|-damage|p2a: Sunflora|0 fnt\n|faint|p2a: Sunflora\n|\n|-weather|none\n|upkeep\n|\n|t:|1782851515\n|switch|p2a: Barraskewda|Barraskewda, L81, M|231/231\n|turn|15\n|\n|t:|1782851524\n|move|p1a: Houndoom|Sucker Punch|p2a: Barraskewda\n|-damage|p2a: Barraskewda|120/231\n|move|p2a: Barraskewda|Flip Turn|p1a: Houndoom\n|-supereffective|p1a: Houndoom\n|-damage|p1a: Houndoom|0 fnt\n|faint|p1a: Houndoom\n|\n|t:|1782851530\n|switch|p2a: Garganacl|Garganacl, L80, M|228/291|[from] Flip Turn\n|\n|-heal|p2a: Garganacl|246/291|[from] item: Leftovers\n|upkeep\n|\n|t:|1782851539\n|switch|p1a: Dipplin|Dipplin, L88, M|214/284\n|-activate|p1a: Dipplin|move: Sticky Web\n|-unboost|p1a: Dipplin|spe|1\n|turn|16\n|\n|t:|1782851561\n|switch|p2a: Galvantula|Galvantula, L82, F|192/249\n|move|p1a: Dipplin|Giga Drain|p2a: Galvantula\n|-resisted|p2a: Galvantula\n|-damage|p2a: Galvantula|133/249\n|-heal|p1a: Dipplin|244/284|[from] drain|[of] p2a: Galvantula\n|\n|upkeep\n|turn|17\n|inactive|MissNayru has 120 seconds left.\n|\n|t:|1782851593\n|switch|p1a: Houndstone|Houndstone, L86, M|234/264\n|-activate|p1a: Houndstone|move: Sticky Web\n|-unboost|p1a: Houndstone|spe|1\n|move|p2a: Galvantula|Thunder|p1a: Houndstone\n|-damage|p1a: Houndstone|173/264\n|\n|upkeep\n|turn|18\n|inactive|MissNayru has 120 seconds left.\n|\n|t:|1782851607\n|switch|p2a: Garganacl|Garganacl, L80, M|246/291\n|move|p1a: Houndstone|Poltergeist|p2a: Garganacl\n|-activate|p2a: Garganacl|move: Poltergeist|Leftovers\n|-damage|p2a: Garganacl|197/291\n|\n|-heal|p2a: Garganacl|215/291|[from] item: Leftovers\n|upkeep\n|turn|19\n|inactive|MissNayru has 120 seconds left.\n|\n|t:|1782851617\n|move|p1a: Houndstone|Body Press|p2a: Garganacl\n|-supereffective|p2a: Garganacl\n|-damage|p2a: Garganacl|113/291\n|move|p2a: Garganacl|Salt Cure|p1a: Houndstone\n|-damage|p1a: Houndstone|137/264\n|-start|p1a: Houndstone|Salt Cure\n|\n|-heal|p2a: Garganacl|131/291|[from] item: Leftovers\n|-damage|p1a: Houndstone|104/264|[from] Salt Cure\n|upkeep\n|turn|20\n|\n|t:|1782851627\n|switch|p1a: Dipplin|Dipplin, L88, M|244/284\n|-activate|p1a: Dipplin|move: Sticky Web\n|-unboost|p1a: Dipplin|spe|1\n|move|p2a: Garganacl|Recover|p2a: Garganacl\n|-heal|p2a: Garganacl|277/291\n|\n|-heal|p2a: Garganacl|291/291|[from] item: Leftovers\n|upkeep\n|turn|21\n|\n|t:|1782851633\n|move|p2a: Garganacl|Salt Cure|p1a: Dipplin\n|-damage|p1a: Dipplin|223/284\n|-start|p1a: Dipplin|Salt Cure\n|move|p1a: Dipplin|Giga Drain|p2a: Garganacl\n|-supereffective|p2a: Garganacl\n|-damage|p2a: Garganacl|123/291\n|-heal|p1a: Dipplin|284/284|[from] drain|[of] p2a: Garganacl\n|\n|-heal|p2a: Garganacl|141/291|[from] item: Leftovers\n|-damage|p1a: Dipplin|249/284|[from] Salt Cure\n|upkeep\n|turn|22\n|\n|t:|1782851651\n|switch|p1a: Giratina|Giratina, L75|349/349\n|-activate|p1a: Giratina|move: Sticky Web\n|-unboost|p1a: Giratina|spe|1\n|-ability|p1a: Giratina|Pressure\n|move|p2a: Garganacl|Recover|p2a: Garganacl\n|-heal|p2a: Garganacl|287/291\n|\n|-heal|p2a: Garganacl|291/291|[from] item: Leftovers\n|upkeep\n|turn|23\n|inactive|MissNayru has 120 seconds left.\n|\n|t:|1782851667\n|move|p1a: Giratina|Shadow Ball|p2a: Garganacl\n|-damage|p2a: Garganacl|252/291\n|move|p2a: Garganacl|Salt Cure|p1a: Giratina\n|-damage|p1a: Giratina|313/349\n|-start|p1a: Giratina|Salt Cure\n|\n|-heal|p1a: Giratina|334/349|[from] item: Leftovers\n|-heal|p2a: Garganacl|270/291|[from] item: Leftovers\n|-damage|p1a: Giratina|291/349|[from] Salt Cure\n|upkeep\n|turn|24\n|\n|t:|1782851688\n|switch|p2a: Raikou|Raikou, L81|278/278\n|-ability|p2a: Raikou|Pressure\n|move|p1a: Giratina|Dragon Tail|p2a: Raikou\n|-damage|p2a: Raikou|214/278\n|drag|p2a: Barraskewda|Barraskewda, L81, M|120/231\n|\n|-heal|p1a: Giratina|312/349|[from] item: Leftovers\n|-damage|p1a: Giratina|269/349|[from] Salt Cure\n|upkeep\n|turn|25\n|\n|t:|1782851702\n|move|p2a: Barraskewda|Flip Turn|p1a: Giratina\n|-resisted|p1a: Giratina\n|-damage|p1a: Giratina|226/349\n|\n|t:|1782851704\n|switch|p2a: Garganacl|Garganacl, L80, M|270/291|[from] Flip Turn\n|move|p1a: Giratina|Dragon Tail|p2a: Garganacl|[miss]\n|-miss|p1a: Giratina|p2a: Garganacl\n|\n|-heal|p1a: Giratina|247/349|[from] item: Leftovers\n|-heal|p2a: Garganacl|288/291|[from] item: Leftovers\n|-damage|p1a: Giratina|204/349|[from] Salt Cure\n|upkeep\n|turn|26\n|\n|t:|1782851723\n|move|p2a: Garganacl|Salt Cure|p1a: Giratina\n|-damage|p1a: Giratina|167/349\n|move|p1a: Giratina|Dragon Tail|p2a: Garganacl\n|-damage|p2a: Garganacl|243/291\n|drag|p2a: Lucario|Lucario, L84, M|255/255\n|\n|-heal|p1a: Giratina|188/349|[from] item: Leftovers\n|-damage|p1a: Giratina|145/349|[from] Salt Cure\n|upkeep\n|turn|27\n|\n|t:|1782851732\n|move|p2a: Lucario|Flash Cannon|p1a: Giratina\n|-damage|p1a: Giratina|36/349\n|-damage|p2a: Lucario|230/255|[from] item: Life Orb\n|move|p1a: Giratina|Rest|p1a: Giratina\n|-status|p1a: Giratina|slp|[from] move: Rest\n|-heal|p1a: Giratina|349/349 slp|[silent]\n|\n|-damage|p1a: Giratina|306/349 slp|[from] Salt Cure\n|upkeep\n|turn|28\n|\n|t:|1782851739\n|move|p2a: Lucario|Nasty Plot|p2a: Lucario\n|-boost|p2a: Lucario|spa|2\n|cant|p1a: Giratina|slp\n|move|p1a: Giratina|Sleep Talk|p1a: Giratina\n|move|p1a: Giratina|Rest||[from] move: Sleep Talk|[still]\n|-fail|p1a: Giratina\n|\n|-heal|p1a: Giratina|327/349 slp|[from] item: Leftovers\n|-damage|p1a: Giratina|284/349 slp|[from] Salt Cure\n|upkeep\n|turn|29\n|\n|t:|1782851755\n|move|p2a: Lucario|Flash Cannon|p1a: Giratina\n|-damage|p1a: Giratina|81/349 slp\n|-damage|p2a: Lucario|205/255|[from] item: Life Orb\n|cant|p1a: Giratina|slp\n|move|p1a: Giratina|Sleep Talk|p1a: Giratina\n|move|p1a: Giratina|Dragon Tail|p2a: Lucario|[from] move: Sleep Talk\n|-resisted|p2a: Lucario\n|-damage|p2a: Lucario|172/255\n|drag|p2a: Barraskewda|Barraskewda, L81, M|120/231\n|\n|-heal|p1a: Giratina|102/349 slp|[from] item: Leftovers\n|-damage|p1a: Giratina|59/349 slp|[from] Salt Cure\n|upkeep\n|turn|30\n|\n|t:|1782851763\n|move|p2a: Barraskewda|Waterfall|p1a: Giratina\n|-resisted|p1a: Giratina\n|-damage|p1a: Giratina|0 fnt\n|faint|p1a: Giratina\n|\n|upkeep\n|\n|t:|1782851788\n|switch|p1a: Dipplin|Dipplin, L88, M|249/284\n|-activate|p1a: Dipplin|move: Sticky Web\n|-unboost|p1a: Dipplin|spe|1\n|turn|31\n|\n|t:|1782851797\n|switch|p2a: Galvantula|Galvantula, L82, F|133/249\n|move|p1a: Dipplin|Dragon Tail|p2a: Galvantula|[miss]\n|-miss|p1a: Dipplin|p2a: Galvantula\n|\n|upkeep\n|turn|32\n|\n|t:|1782851804\n|switch|p1a: Houndstone|Houndstone, L86, M|104/264\n|-activate|p1a: Houndstone|move: Sticky Web\n|-unboost|p1a: Houndstone|spe|1\n|move|p2a: Galvantula|Bug Buzz|p1a: Houndstone\n|-resisted|p1a: Houndstone\n|-damage|p1a: Houndstone|78/264\n|\n|upkeep\n|turn|33\n|\n|t:|1782851812\n|move|p2a: Galvantula|Thunder|p1a: Houndstone\n|-damage|p1a: Houndstone|8/264\n|move|p1a: Houndstone|Body Press|p2a: Galvantula\n|-resisted|p2a: Galvantula\n|-crit|p2a: Galvantula\n|-damage|p2a: Galvantula|76/249\n|\n|upkeep\n|turn|34\n|\n|t:|1782851820\n|move|p1a: Houndstone|Shadow Sneak|p2a: Galvantula\n|-damage|p2a: Galvantula|10/249\n|move|p2a: Galvantula|Bug Buzz|p1a: Houndstone\n|-resisted|p1a: Houndstone\n|-damage|p1a: Houndstone|0 fnt\n|faint|p1a: Houndstone\n|\n|upkeep\n|\n|t:|1782851829\n|switch|p1a: Metagross|Metagross, L79|256/256\n|-activate|p1a: Metagross|move: Sticky Web\n|-fail|p1a: Metagross|unboost|[from] ability: Clear Body|[of] p1a: Metagross\n|turn|35\n|\n|t:|1782851839\n|switch|p2a: Raikou|Raikou, L81|214/278\n|-ability|p2a: Raikou|Pressure\n|move|p1a: Metagross|Agility|p1a: Metagross\n|-boost|p1a: Metagross|spe|2\n|\n|upkeep\n|turn|36\n|\n|t:|1782851845\n|move|p1a: Metagross|Earthquake|p2a: Raikou\n|-supereffective|p2a: Raikou\n|-damage|p2a: Raikou|26/278\n|move|p2a: Raikou|Scald|p1a: Metagross\n|-damage|p1a: Metagross|161/256\n|\n|upkeep\n|turn|37\n|\n|t:|1782851853\n|move|p1a: Metagross|Heavy Slam|p2a: Raikou\n|-resisted|p2a: Raikou\n|-damage|p2a: Raikou|0 fnt\n|faint|p2a: Raikou\n|\n|upkeep\n|\n|t:|1782851857\n|switch|p2a: Barraskewda|Barraskewda, L81, M|120/231\n|turn|38\n|\n|t:|1782851866\n|move|p1a: Metagross|Psychic Fangs|p2a: Barraskewda\n|-damage|p2a: Barraskewda|0 fnt\n|faint|p2a: Barraskewda\n|\n|upkeep\n|\n|t:|1782851869\n|switch|p2a: Garganacl|Garganacl, L80, M|243/291\n|turn|39\n|\n|t:|1782851887\n|-terastallize|p2a: Garganacl|Ghost\n|move|p1a: Metagross|Earthquake|p2a: Garganacl\n|-crit|p2a: Garganacl\n|-damage|p2a: Garganacl|148/291\n|move|p2a: Garganacl|Salt Cure|p1a: Metagross\n|-resisted|p1a: Metagross\n|-damage|p1a: Metagross|146/256\n|-start|p1a: Metagross|Salt Cure\n|\n|-heal|p2a: Garganacl|166/291|[from] item: Leftovers\n|-damage|p1a: Metagross|82/256|[from] Salt Cure\n|upkeep\n|turn|40\n|\n|t:|1782851905\n|switch|p1a: Dipplin|Dipplin, L88, M|249/284\n|-activate|p1a: Dipplin|move: Sticky Web\n|-unboost|p1a: Dipplin|spe|1\n|move|p2a: Garganacl|Recover|p2a: Garganacl\n|-heal|p2a: Garganacl|291/291\n|\n|upkeep\n|turn|41\n|\n|t:|1782851913\n|move|p2a: Garganacl|Salt Cure|p1a: Dipplin\n|-damage|p1a: Dipplin|227/284\n|-start|p1a: Dipplin|Salt Cure\n|move|p1a: Dipplin|Dragon Tail|p2a: Garganacl\n|-damage|p2a: Garganacl|240/291\n|drag|p2a: Galvantula|Galvantula, L82, F|10/249\n|\n|-damage|p1a: Dipplin|192/284|[from] Salt Cure\n|upkeep\n|turn|42\n|\n|t:|1782851931\n|move|p2a: Galvantula|Bug Buzz|p1a: Dipplin\n|-supereffective|p1a: Dipplin\n|-damage|p1a: Dipplin|64/284\n|move|p1a: Dipplin|Giga Drain|p2a: Galvantula\n|-resisted|p2a: Galvantula\n|-damage|p2a: Galvantula|0 fnt\n|-heal|p1a: Dipplin|69/284|[from] drain|[of] p2a: Galvantula\n|faint|p2a: Galvantula\n|\n|-damage|p1a: Dipplin|34/284|[from] Salt Cure\n|upkeep\n|\n|t:|1782851941\n|switch|p2a: Lucario|Lucario, L84, M|172/255\n|turn|43\n|\n|t:|1782851947\n|move|p2a: Lucario|Flash Cannon|p1a: Dipplin\n|-damage|p1a: Dipplin|0 fnt\n|faint|p1a: Dipplin\n|-damage|p2a: Lucario|147/255|[from] item: Life Orb\n|\n|upkeep\n|\n|t:|1782851952\n|switch|p1a: Volcarona|Volcarona, L77, M|257/257\n|turn|44\n|\n|t:|1782851962\n|switch|p2a: Garganacl|Garganacl, L80, M, tera:Ghost|240/291\n|move|p1a: Volcarona|Quiver Dance|p1a: Volcarona\n|-boost|p1a: Volcarona|spa|1\n|-boost|p1a: Volcarona|spd|1\n|-boost|p1a: Volcarona|spe|1\n|\n|-heal|p2a: Garganacl|258/291|[from] item: Leftovers\n|upkeep\n|turn|45\n|\n|t:|1782851970\n|move|p1a: Volcarona|Quiver Dance|p1a: Volcarona\n|-boost|p1a: Volcarona|spa|1\n|-boost|p1a: Volcarona|spd|1\n|-boost|p1a: Volcarona|spe|1\n|move|p2a: Garganacl|Salt Cure|p1a: Volcarona\n|-supereffective|p1a: Volcarona\n|-damage|p1a: Volcarona|41/257\n|-start|p1a: Volcarona|Salt Cure\n|\n|-heal|p2a: Garganacl|276/291|[from] item: Leftovers\n|-damage|p1a: Volcarona|9/257|[from] Salt Cure\n|upkeep\n|turn|46\n|\n|t:|1782851978\n|-terastallize|p1a: Volcarona|Steel\n|move|p2a: Garganacl|Protect|p2a: Garganacl\n|-singleturn|p2a: Garganacl|Protect\n|move|p1a: Volcarona|Morning Sun|p1a: Volcarona\n|-heal|p1a: Volcarona|137/257\n|\n|-heal|p2a: Garganacl|291/291|[from] item: Leftovers\n|-damage|p1a: Volcarona|73/257|[from] Salt Cure\n|upkeep\n|turn|47\n|\n|t:|1782851990\n|move|p1a: Volcarona|Morning Sun|p1a: Volcarona\n|-heal|p1a: Volcarona|201/257\n|move|p2a: Garganacl|Salt Cure|p1a: Volcarona\n|-resisted|p1a: Volcarona\n|-damage|p1a: Volcarona|173/257\n|\n|-damage|p1a: Volcarona|109/257|[from] Salt Cure\n|upkeep\n|turn|48\n|\n|t:|1782851995\n|move|p1a: Volcarona|Morning Sun|p1a: Volcarona\n|-heal|p1a: Volcarona|237/257\n|move|p2a: Garganacl|Body Press|p1a: Volcarona\n|-supereffective|p1a: Volcarona\n|-damage|p1a: Volcarona|47/257\n|\n|-damage|p1a: Volcarona|0 fnt|[from] Salt Cure\n|faint|p1a: Volcarona\n|upkeep\n|\n|t:|1782852001\n|switch|p1a: Metagross|Metagross, L79|82/256\n|-activate|p1a: Metagross|move: Sticky Web\n|-fail|p1a: Metagross|unboost|[from] ability: Clear Body|[of] p1a: Metagross\n|turn|49\n|\n|t:|1782852006\n|move|p1a: Metagross|Psychic Fangs|p2a: Garganacl\n|-damage|p2a: Garganacl|216/291\n|move|p2a: Garganacl|Salt Cure|p1a: Metagross\n|-resisted|p1a: Metagross\n|-damage|p1a: Metagross|67/256\n|-start|p1a: Metagross|Salt Cure\n|\n|-heal|p2a: Garganacl|234/291|[from] item: Leftovers\n|-damage|p1a: Metagross|3/256|[from] Salt Cure\n|upkeep\n|turn|50\n|c|\u2606ZeVrOx940|good game\n|inactive|MissNayru has 120 seconds left.\n|\n|t:|1782852047\n|move|p2a: Garganacl|Protect|p2a: Garganacl\n|-singleturn|p2a: Garganacl|Protect\n|move|p1a: Metagross|Earthquake|p2a: Garganacl\n|-activate|p2a: Garganacl|move: Protect\n|\n|-heal|p2a: Garganacl|252/291|[from] item: Leftovers\n|-damage|p1a: Metagross|0 fnt|[from] Salt Cure\n|faint|p1a: Metagross\n|\n|win|ZeVrOx940\n|raw|MissNayru's rating: 1318 &rarr; <strong>1301</strong><br />(-17 for losing)\n|raw|ZeVrOx940's rating: 1369 &rarr; <strong>1386</strong><br />(+17 for winning)\n|l|\u2606MissNayru\n|player|p1|\n", "inputlog": ">version f8ac14003a5f27e1bdc8d8c59608a773c1cb96e5\n>start {\"formatid\":\"gen9randombattle\",\"seed\":\"sodium,27b511cb779fa0a238d17a0f5b29c20a\",\"rated\":\"Rated battle\"}\n>player p1 {\"name\":\"MissNayru\",\"avatar\":\"lady\",\"rating\":1318,\"seed\":\"sodium,3040aaf5eca08017d08e1b0e0ed9fca6\"}\n>player p2 {\"name\":\"ZeVrOx940\",\"avatar\":\"1\",\"rating\":1369,\"seed\":\"sodium,0f95a8770ecc8fafd3d9be391ee081d3\"}\n>p1 move gigadrain\n>p2 move saltcure\n>p1 move gigadrain\n>p2 move protect\n>p1 move gigadrain\n>p2 switch 6\n>p1 switch 3\n>p2 move stickyweb\n>p1 move poltergeist\n>p2 switch 6\n>p1 move bodypress\n>p2 move recover\n>p1 switch 3\n>p2 move saltcure\n>p1 move recover\n>p2 move bodypress\n>p1 move recover\n>p2 switch 5\n>p1 move dragontail\n>p2 move sunnyday\n>p1 switch 3\n>p2 move bugbuzz\n>p1 move bodypress\n>p2 switch 6\n>p1 switch 4\n>p2 move weatherball\n>p1 move fireblast\n>p2 move earthpower\n>p2 switch 3\n>p1 move suckerpunch\n>p2 move flipturn\n>p2 switch 5\n>p1 switch 3\n>p1 move gigadrain\n>p2 switch 6\n>p1 switch 4\n>p2 move thunder\n>p1 move poltergeist\n>p2 switch 6\n>p1 move bodypress\n>p2 move saltcure\n>p1 switch 4\n>p2 move recover\n>p1 move gigadrain\n>p2 move saltcure\n>p1 switch 5\n>p2 move recover\n>p1 move shadowball\n>p2 move saltcure\n>p1 move dragontail\n>p2 switch 4\n>p1 move dragontail\n>p2 move flipturn\n>p2 switch 4\n>p1 move dragontail\n>p2 move saltcure\n>p1 move rest\n>p2 move flashcannon\n>p1 move sleeptalk\n>p2 move nastyplot\n>p1 move sleeptalk\n>p2 move flashcannon\n>p1 move rest\n>p2 move waterfall\n>p1 switch 5\n>p1 move dragontail\n>p2 switch 6\n>p1 switch 4\n>p2 move bugbuzz\n>p1 move bodypress\n>p2 move thunder\n>p1 move shadowsneak\n>p2 move bugbuzz\n>p1 switch 6\n>p1 move agility\n>p2 switch 5\n>p1 move earthquake\n>p2 move scald\n>p1 move heavyslam\n>p2 move scald\n>p2 switch 6\n>p1 move psychicfangs\n>p2 move waterfall\n>p2 switch 2\n>p1 move earthquake\n>p2 move saltcure terastallize\n>p1 switch 4\n>p2 move recover\n>p1 move dragontail\n>p2 move saltcure\n>p1 move gigadrain\n>p2 move bugbuzz\n>p2 switch 4\n>p1 move dragontail\n>p2 move flashcannon\n>p1 switch 2\n>p1 move quiverdance\n>p2 switch 5\n>p1 move quiverdance\n>p2 move saltcure\n>p1 move morningsun terastallize\n>p2 move protect\n>p1 move morningsun\n>p2 move saltcure\n>p1 move morningsun\n>p2 move bodypress\n>p1 switch 4\n>p1 move psychicfangs\n>p2 move saltcure\n>chat \u2606ZeVrOx940|good game \n>p1 move earthquake\n>p2 move protect", "uploadtime": 1782852060, "views": 8, "formatid": "gen9randombattle", "rating": 1301, "private": 0, "password": null, "player_dets": [{"name": "MissNayru", "avatar": "lady", "rating": 1318, "seed": "sodium,3040aaf5eca08017d08e1b0e0ed9fca6"}, {"name": "ZeVrOx940", "avatar": "1", "rating": 1369, "seed": "sodium,0f95a8770ecc8fafd3d9be391ee081d3"}], "teams_full": [{"Dipplin": {"name": "Dipplin", "species": "Dipplin", "speciesId": "dipplin", "gender": "M", "shiny": false, "level": 88, "moves": ["dragonpulse", "recover", "dragontail", "gigadrain"], "ability": "Sticky Hold", "evs": {"hp": 85, "atk": 85, "def": 85, "spa": 85, "spd": 85, "spe": 85}, "ivs": {"hp": 31, "atk": 31, "def": 31, "spa": 31, "spd": 31, "spe": 31}, "item": "Eviolite", "teraType": "Steel", "role": "Bulky Attacker", "bvs": {"hp": 80, "atk": 80, "def": 110, "spa": 95, "spd": 80, "spe": 40}, "stats": {"hp": 284, "atk": 191, "def": 244, "spa": 217, "spd": 191, "spe": 121}, "types": ["Grass", "Dragon"]}, "Volcarona": {"name": "Volcarona", "species": "Volcarona", "speciesId": "volcarona", "gender": "M", "shiny": false, "level": 77, "moves": ["fireblast", "gigadrain", "morningsun", "quiverdance"], "ability": "Flame Body", "evs": {"hp": 85, "atk": 0, "def": 85, "spa": 85, "spd": 85, "spe": 85}, "ivs": {"hp": 31, "atk": 0, "def": 31, "spa": 31, "spd": 31, "spe": 31}, "item": "Heavy-Duty Boots", "teraType": "Steel", "role": "Fast Bulky Setup", "bvs": {"hp": 85, "atk": 60, "def": 65, "spa": 135, "spd": 105, "spe": 100}, "stats": {"hp": 257, "atk": 97, "def": 145, "spa": 252, "spd": 206, "spe": 199}, "types": ["Bug", "Fire"]}, "Houndstone": {"name": "Houndstone", "species": "Houndstone", "speciesId": "houndstone", "gender": "M", "shiny": false, "level": 86, "moves": ["bodypress", "shadowsneak", "playrough", "poltergeist"], "ability": "Fluffy", "evs": {"hp": 85, "atk": 85, "def": 85, "spa": 85, "spd": 85, "spe": 85}, "ivs": {"hp": 31, "atk": 31, "def": 31, "spa": 31, "spd": 31, "spe": 31}, "item": "Assault Vest", "teraType": "Fairy", "role": "AV Pivot", "bvs": {"hp": 72, "atk": 101, "def": 100, "spa": 50, "spd": 97, "spe": 68}, "stats": {"hp": 264, "atk": 223, "def": 221, "spa": 135, "spd": 216, "spe": 166}, "types": ["Ghost"]}, "Houndoom": {"name": "Houndoom", "species": "Houndoom", "speciesId": "houndoom", "gender": "F", "shiny": false, "level": 87, "moves": ["sludgebomb", "suckerpunch", "darkpulse", "fireblast"], "ability": "Flash Fire", "evs": {"hp": 85, "atk": 85, "def": 85, "spa": 85, "spd": 85, "spe": 85}, "ivs": {"hp": 31, "atk": 31, "def": 31, "spa": 31, "spd": 31, "spe": 31}, "item": "Heavy-Duty Boots", "teraType": "Poison", "role": "Fast Attacker", "bvs": {"hp": 75, "atk": 90, "def": 50, "spa": 110, "spd": 80, "spe": 95}, "stats": {"hp": 272, "atk": 206, "def": 137, "spa": 241, "spd": 189, "spe": 215}, "types": ["Dark", "Fire"]}, "Giratina": {"name": "Giratina", "species": "Giratina", "speciesId": "giratina", "gender": "N", "shiny": false, "level": 75, "moves": ["rest", "dragontail", "shadowball", "sleeptalk"], "ability": "Pressure", "evs": {"hp": 85, "atk": 85, "def": 85, "spa": 85, "spd": 85, "spe": 85}, "ivs": {"hp": 31, "atk": 31, "def": 31, "spa": 31, "spd": 31, "spe": 31}, "item": "Leftovers", "teraType": "Fairy", "role": "Bulky Attacker", "bvs": {"hp": 150, "atk": 100, "def": 120, "spa": 100, "spd": 120, "spe": 90}, "stats": {"hp": 349, "atk": 194, "def": 224, "spa": 194, "spd": 224, "spe": 179}, "types": ["Ghost", "Dragon"]}, "Metagross": {"name": "Metagross", "species": "Metagross", "speciesId": "metagross", "gender": "N", "shiny": false, "level": 79, "moves": ["heavyslam", "agility", "earthquake", "psychicfangs"], "ability": "Clear Body", "evs": {"hp": 85, "atk": 85, "def": 85, "spa": 85, "spd": 85, "spe": 85}, "ivs": {"hp": 31, "atk": 31, "def": 31, "spa": 31, "spd": 31, "spe": 31}, "item": "Weakness Policy", "teraType": "Ground", "role": "Bulky Setup", "bvs": {"hp": 80, "atk": 135, "def": 130, "spa": 95, "spd": 90, "spe": 70}, "stats": {"hp": 256, "atk": 259, "def": 251, "spa": 196, "spd": 188, "spe": 156}, "types": ["Steel", "Psychic"]}}, {"Garganacl": {"name": "Garganacl", "species": "Garganacl", "speciesId": "garganacl", "gender": "M", "shiny": false, "level": 80, "moves": ["protect", "recover", "bodypress", "saltcure"], "ability": "Purifying Salt", "evs": {"hp": 85, "atk": 85, "def": 85, "spa": 85, "spd": 85, "spe": 85}, "ivs": {"hp": 31, "atk": 31, "def": 31, "spa": 31, "spd": 31, "spe": 31}, "item": "Leftovers", "teraType": "Ghost", "role": "Bulky Support", "bvs": {"hp": 100, "atk": 100, "def": 130, "spa": 45, "spd": 90, "spe": 35}, "stats": {"hp": 291, "atk": 206, "def": 254, "spa": 118, "spd": 190, "spe": 102}, "types": ["Rock"]}, "Lucario": {"name": "Lucario", "species": "Lucario", "speciesId": "lucario", "gender": "M", "shiny": false, "level": 84, "moves": ["vacuumwave", "nastyplot", "focusblast", "flashcannon"], "ability": "Inner Focus", "evs": {"hp": 85, "atk": 0, "def": 85, "spa": 85, "spd": 85, "spe": 85}, "ivs": {"hp": 31, "atk": 0, "def": 31, "spa": 31, "spd": 31, "spe": 31}, "item": "Life Orb", "teraType": "Fighting", "role": "Setup Sweeper", "bvs": {"hp": 70, "atk": 110, "def": 70, "spa": 115, "spd": 70, "spe": 90}, "stats": {"hp": 255, "atk": 189, "def": 166, "spa": 241, "spd": 166, "spe": 199}, "types": ["Fighting", "Steel"]}, "Barraskewda": {"name": "Barraskewda", "species": "Barraskewda", "speciesId": "barraskewda", "gender": "M", "shiny": false, "level": 81, "moves": ["flipturn", "waterfall", "closecombat", "poisonjab"], "ability": "Swift Swim", "evs": {"hp": 85, "atk": 85, "def": 85, "spa": 85, "spd": 85, "spe": 85}, "ivs": {"hp": 31, "atk": 31, "def": 31, "spa": 31, "spd": 31, "spe": 31}, "item": "Choice Band", "teraType": "Fighting", "role": "Wallbreaker", "bvs": {"hp": 61, "atk": 123, "def": 60, "spa": 60, "spd": 50, "spe": 136}, "stats": {"hp": 231, "atk": 246, "def": 144, "spa": 144, "spd": 128, "spe": 267}, "types": ["Water"]}, "Raikou": {"name": "Raikou", "species": "Raikou", "speciesId": "raikou", "gender": "N", "shiny": false, "level": 81, "moves": ["thunderbolt", "scald", "shadowball", "voltswitch"], "ability": "Pressure", "evs": {"hp": 85, "atk": 0, "def": 85, "spa": 85, "spd": 85, "spe": 85}, "ivs": {"hp": 31, "atk": 0, "def": 31, "spa": 31, "spd": 31, "spe": 31}, "item": "Choice Specs", "teraType": "Electric", "role": "Bulky Attacker", "bvs": {"hp": 90, "atk": 85, "def": 75, "spa": 115, "spd": 100, "spe": 115}, "stats": {"hp": 278, "atk": 142, "def": 168, "spa": 233, "spd": 209, "spe": 233}, "types": ["Electric"]}, "Sunflora": {"name": "Sunflora", "species": "Sunflora", "speciesId": "sunflora", "gender": "F", "shiny": false, "level": 100, "moves": ["solarbeam", "earthpower", "sunnyday", "weatherball"], "ability": "Chlorophyll", "evs": {"hp": 85, "atk": 0, "def": 85, "spa": 85, "spd": 85, "spe": 85}, "ivs": {"hp": 31, "atk": 0, "def": 31, "spa": 31, "spd": 31, "spe": 31}, "item": "Life Orb", "teraType": "Fire", "role": "Setup Sweeper", "bvs": {"hp": 75, "atk": 75, "def": 55, "spa": 105, "spd": 85, "spe": 30}, "stats": {"hp": 312, "atk": 155, "def": 167, "spa": 267, "spd": 227, "spe": 117}, "types": ["Grass"]}, "Galvantula": {"name": "Galvantula", "species": "Galvantula", "speciesId": "galvantula", "gender": "F", "shiny": false, "level": 82, "moves": ["stickyweb", "thunder", "energyball", "bugbuzz"], "ability": "Compound Eyes", "evs": {"hp": 85, "atk": 0, "def": 85, "spa": 85, "spd": 85, "spe": 85}, "ivs": {"hp": 31, "atk": 0, "def": 31, "spa": 31, "spd": 31, "spe": 31}, "item": "Heavy-Duty Boots", "teraType": "Electric", "role": "Fast Support", "bvs": {"hp": 70, "atk": 77, "def": 60, "spa": 97, "spd": 60, "spe": 108}, "stats": {"hp": 249, "atk": 131, "def": 146, "spa": 206, "spd": 146, "spe": 224}, "types": ["Bug", "Electric"]}}]}