{"id": "gen9randombattle-2641812135", "format": "[Gen 9] Random Battle", "players": ["Lujay7", "masbahlilganteng"], "log": "|j|\u2606Lujay7\n|j|\u2606masbahlilganteng\n|t:|1782844826\n|gametype|singles\n|player|p1|Lujay7|266|2006\n|player|p2|masbahlilganteng|hoopster|1997\n|gen|9\n|tier|[Gen 9] Random Battle\n|rated|\n|rule|Species Clause: Limit one of each Pok\u00e9mon\n|rule|HP Percentage Mod: HP is shown in percentages\n|rule|Sleep Clause Mod: Limit one foe put to sleep\n|rule|Illusion Level Mod: Illusion disguises the Pok\u00e9mon's true level\n|\n|t:|1782844826\n|teamsize|p1|6\n|teamsize|p2|6\n|start\n|switch|p1a: Regieleki|Regieleki, L79|256/256\n|switch|p2a: Pecharunt|Pecharunt, L77|262/262\n|turn|1\n|inactive|Battle timer is ON: inactive players will automatically lose when time's up. (requested by masbahlilganteng)\n|\n|t:|1782844855\n|move|p1a: Regieleki|Volt Switch|p2a: Pecharunt\n|-damage|p2a: Pecharunt|156/262\n|\n|t:|1782844866\n|switch|p1a: Phione|Phione, L91|293/293|[from] Volt Switch\n|move|p2a: Pecharunt|Malignant Chain|p1a: Phione\n|-damage|p1a: Phione|206/293\n|\n|-heal|p1a: Phione|224/293|[from] item: Leftovers\n|-heal|p2a: Pecharunt|172/262|[from] item: Leftovers\n|upkeep\n|turn|2\n|\n|t:|1782844878\n|move|p1a: Phione|Scald|p2a: Pecharunt\n|-damage|p2a: Pecharunt|81/262\n|-status|p2a: Pecharunt|brn\n|move|p2a: Pecharunt|Malignant Chain|p1a: Phione\n|-damage|p1a: Phione|146/293\n|-status|p1a: Phione|tox\n|-start|p1a: Phione|confusion|[from] ability: Poison Puppeteer|[of] p2a: Pecharunt\n|\n|-heal|p1a: Phione|164/293 tox|[from] item: Leftovers\n|-heal|p2a: Pecharunt|97/262 brn|[from] item: Leftovers\n|-damage|p1a: Phione|146/293 tox|[from] psn\n|-damage|p2a: Pecharunt|81/262 brn|[from] brn\n|upkeep\n|turn|3\n|\n|t:|1782844889\n|-activate|p1a: Phione|confusion\n|-damage|p1a: Phione|124/293 tox|[from] confusion\n|move|p2a: Pecharunt|Malignant Chain|p1a: Phione\n|-damage|p1a: Phione|39/293 tox\n|\n|-heal|p1a: Phione|57/293 tox|[from] item: Leftovers\n|-heal|p2a: Pecharunt|97/262 brn|[from] item: Leftovers\n|-damage|p1a: Phione|21/293 tox|[from] psn\n|-damage|p2a: Pecharunt|81/262 brn|[from] brn\n|upkeep\n|turn|4\n|\n|t:|1782844898\n|-end|p1a: Phione|confusion\n|move|p1a: Phione|Rest|p1a: Phione\n|-status|p1a: Phione|slp|[from] move: Rest\n|-heal|p1a: Phione|293/293 slp|[silent]\n|move|p2a: Pecharunt|Malignant Chain|p1a: Phione\n|-damage|p1a: Phione|212/293 slp\n|\n|-heal|p1a: Phione|230/293 slp|[from] item: Leftovers\n|-heal|p2a: Pecharunt|97/262 brn|[from] item: Leftovers\n|-damage|p2a: Pecharunt|81/262 brn|[from] brn\n|upkeep\n|turn|5\n|\n|t:|1782844912\n|switch|p2a: Espathra|Espathra, L80, F|283/283\n|cant|p1a: Phione|slp\n|\n|-heal|p1a: Phione|248/293 slp|[from] item: Leftovers\n|upkeep\n|turn|6\n|\n|t:|1782844923\n|switch|p1a: Entei|Entei, L78|307/307\n|move|p2a: Espathra|Substitute|p2a: Espathra\n|-start|p2a: Espathra|Substitute\n|-damage|p2a: Espathra|213/283\n|\n|-heal|p2a: Espathra|230/283|[from] item: Leftovers\n|-ability|p2a: Espathra|Speed Boost|boost\n|-boost|p2a: Espathra|spe|1\n|upkeep\n|turn|7\n|\n|t:|1782844927\n|move|p2a: Espathra|Calm Mind|p2a: Espathra\n|-boost|p2a: Espathra|spa|1\n|-boost|p2a: Espathra|spd|1\n|move|p1a: Entei|Sacred Fire|p2a: Espathra\n|-end|p2a: Espathra|Substitute\n|\n|-heal|p2a: Espathra|247/283|[from] item: Leftovers\n|-ability|p2a: Espathra|Speed Boost|boost\n|-boost|p2a: Espathra|spe|1\n|upkeep\n|turn|8\n|\n|t:|1782844935\n|move|p2a: Espathra|Substitute|p2a: Espathra\n|-start|p2a: Espathra|Substitute\n|-damage|p2a: Espathra|177/283\n|move|p1a: Entei|Sacred Fire|p2a: Espathra\n|-end|p2a: Espathra|Substitute\n|\n|-heal|p2a: Espathra|194/283|[from] item: Leftovers\n|-ability|p2a: Espathra|Speed Boost|boost\n|-boost|p2a: Espathra|spe|1\n|upkeep\n|turn|9\n|\n|t:|1782844950\n|move|p2a: Espathra|Substitute|p2a: Espathra\n|-start|p2a: Espathra|Substitute\n|-damage|p2a: Espathra|124/283\n|move|p1a: Entei|Sacred Fire|p2a: Espathra\n|-end|p2a: Espathra|Substitute\n|\n|-heal|p2a: Espathra|141/283|[from] item: Leftovers\n|-ability|p2a: Espathra|Speed Boost|boost\n|-boost|p2a: Espathra|spe|1\n|upkeep\n|turn|10\n|\n|t:|1782844962\n|move|p2a: Espathra|Substitute|p2a: Espathra\n|-start|p2a: Espathra|Substitute\n|-damage|p2a: Espathra|71/283\n|move|p1a: Entei|Sacred Fire|p2a: Espathra\n|-end|p2a: Espathra|Substitute\n|\n|-heal|p2a: Espathra|88/283|[from] item: Leftovers\n|-ability|p2a: Espathra|Speed Boost|boost\n|-boost|p2a: Espathra|spe|1\n|upkeep\n|turn|11\n|\n|t:|1782844968\n|move|p2a: Espathra|Substitute|p2a: Espathra\n|-start|p2a: Espathra|Substitute\n|-damage|p2a: Espathra|18/283\n|move|p1a: Entei|Sacred Fire|p2a: Espathra\n|-end|p2a: Espathra|Substitute\n|\n|-heal|p2a: Espathra|35/283|[from] item: Leftovers\n|-ability|p2a: Espathra|Speed Boost|boost\n|-boost|p2a: Espathra|spe|1\n|upkeep\n|turn|12\n|\n|t:|1782844999\n|switch|p1a: Regieleki|Regieleki, L79|256/256\n|move|p2a: Espathra|Stored Power|p1a: Regieleki\n|-damage|p1a: Regieleki|0 fnt\n|faint|p1a: Regieleki\n|\n|-heal|p2a: Espathra|52/283|[from] item: Leftovers\n|upkeep\n|\n|t:|1782845001\n|switch|p1a: Girafarig|Girafarig, L89, M|269/269\n|turn|13\n|\n|t:|1782845016\n|move|p2a: Espathra|Stored Power|p1a: Girafarig\n|-resisted|p1a: Girafarig\n|-damage|p1a: Girafarig|161/269\n|move|p1a: Girafarig|Psyshock|p2a: Espathra\n|-resisted|p2a: Espathra\n|-damage|p2a: Espathra|0 fnt\n|faint|p2a: Espathra\n|\n|upkeep\n|\n|t:|1782845026\n|switch|p2a: Uxie|Uxie, L83|260/260\n|turn|14\n|\n|t:|1782845043\n|move|p2a: Uxie|Encore|p1a: Girafarig\n|-start|p1a: Girafarig|Encore\n|move|p1a: Girafarig|Psyshock|p2a: Uxie\n|-resisted|p2a: Uxie\n|-damage|p2a: Uxie|227/260\n|\n|-heal|p2a: Uxie|243/260|[from] item: Leftovers\n|upkeep\n|turn|15\n|\n|t:|1782845048\n|switch|p1a: Phione|Phione, L91|248/293 slp\n|move|p2a: Uxie|Psychic Noise|p1a: Phione\n|-damage|p1a: Phione|187/293 slp\n|-start|p1a: Phione|move: Heal Block\n|\n|-heal|p2a: Uxie|259/260|[from] item: Leftovers\n|upkeep\n|turn|16\n|\n|t:|1782845056\n|move|p2a: Uxie|Psychic Noise|p1a: Phione\n|-damage|p1a: Phione|123/293 slp\n|cant|p1a: Phione|slp\n|move|p1a: Phione|Sleep Talk|p1a: Phione\n|cant|p1a: Phione|move: Heal Block|Rest\n|\n|-heal|p2a: Uxie|260/260|[from] item: Leftovers\n|-end|p1a: Phione|move: Heal Block\n|upkeep\n|turn|17\n|\n|t:|1782845070\n|switch|p1a: Entei|Entei, L78|307/307\n|move|p2a: Uxie|Psychic Noise|p1a: Entei\n|-damage|p1a: Entei|228/307\n|-start|p1a: Entei|move: Heal Block\n|\n|upkeep\n|turn|18\n|\n|t:|1782845089\n|move|p2a: Uxie|U-turn|p1a: Entei\n|-resisted|p1a: Entei\n|-damage|p1a: Entei|204/307\n|\n|t:|1782845093\n|switch|p2a: Toxapex|Toxapex, L82, F|216/216|[from] U-turn\n|move|p1a: Entei|Sacred Fire|p2a: Toxapex\n|-resisted|p2a: Toxapex\n|-damage|p2a: Toxapex|161/216\n|\n|-end|p1a: Entei|move: Heal Block\n|upkeep\n|turn|19\n|inactive|Lujay7 has 120 seconds left.\n|\n|t:|1782845127\n|move|p1a: Entei|Sacred Fire|p2a: Toxapex\n|-resisted|p2a: Toxapex\n|-damage|p2a: Toxapex|111/216\n|move|p2a: Toxapex|Liquidation|p1a: Entei\n|-supereffective|p1a: Entei\n|-damage|p1a: Entei|66/307\n|\n|upkeep\n|turn|20\n|\n|t:|1782845140\n|switch|p1a: Girafarig|Girafarig, L89, M|161/269\n|move|p2a: Toxapex|Liquidation|p1a: Girafarig\n|-damage|p1a: Girafarig|113/269\n|\n|upkeep\n|turn|21\n|\n|t:|1782845154\n|switch|p2a: Pecharunt|Pecharunt, L77|81/262 brn\n|move|p1a: Girafarig|Hyper Voice|p2a: Pecharunt\n|-immune|p2a: Pecharunt\n|\n|-heal|p2a: Pecharunt|97/262 brn|[from] item: Leftovers\n|-damage|p2a: Pecharunt|81/262 brn|[from] brn\n|upkeep\n|turn|22\n|\n|t:|1782845161\n|switch|p2a: Uxie|Uxie, L83|260/260\n|move|p1a: Girafarig|Psyshock|p2a: Uxie\n|-resisted|p2a: Uxie\n|-damage|p2a: Uxie|227/260\n|\n|-heal|p2a: Uxie|243/260|[from] item: Leftovers\n|upkeep\n|turn|23\n|\n|t:|1782845181\n|switch|p1a: Emboar|Emboar, L84, F|322/322\n|move|p2a: Uxie|Encore||[still]\n|-fail|p2a: Uxie\n|\n|-heal|p2a: Uxie|259/260|[from] item: Leftovers\n|upkeep\n|turn|24\n|inactive|Lujay7 has 120 seconds left.\n|inactive|masbahlilganteng has 120 seconds left.\n|\n|t:|1782845208\n|move|p2a: Uxie|Psychic Noise|p1a: Emboar\n|-supereffective|p1a: Emboar\n|-damage|p1a: Emboar|208/322\n|-start|p1a: Emboar|move: Heal Block\n|move|p1a: Emboar|Flare Blitz|p2a: Uxie\n|-damage|p2a: Uxie|124/260\n|-damage|p1a: Emboar|163/322|[from] Recoil\n|\n|-heal|p2a: Uxie|140/260|[from] item: Leftovers\n|upkeep\n|turn|25\n|inactive|masbahlilganteng has 120 seconds left.\n|\n|t:|1782845220\n|move|p2a: Uxie|U-turn|p1a: Emboar\n|-resisted|p1a: Emboar\n|-damage|p1a: Emboar|152/322\n|\n|t:|1782845224\n|switch|p2a: Pecharunt|Pecharunt, L77|81/262 brn|[from] U-turn\n|move|p1a: Emboar|Flare Blitz|p2a: Pecharunt\n|-damage|p2a: Pecharunt|0 fnt\n|faint|p2a: Pecharunt\n|-damage|p1a: Emboar|125/322|[from] Recoil\n|\n|-end|p1a: Emboar|move: Heal Block\n|upkeep\n|inactive|masbahlilganteng has 120 seconds left.\n|\n|t:|1782845244\n|switch|p2a: Toxapex|Toxapex, L82, F|183/216\n|turn|26\n|\n|t:|1782845253\n|-terastallize|p1a: Emboar|Electric\n|move|p1a: Emboar|Wild Charge|p2a: Toxapex\n|-supereffective|p2a: Toxapex\n|-damage|p2a: Toxapex|0 fnt\n|-damage|p1a: Emboar|72/322|[from] item: Rocky Helmet|[of] p2a: Toxapex\n|faint|p2a: Toxapex\n|-damage|p1a: Emboar|26/322|[from] Recoil\n|\n|upkeep\n|\n|t:|1782845262\n|switch|p2a: Uxie|Uxie, L83|140/260\n|turn|27\n|inactive|Lujay7 has 120 seconds left.\n|\n|t:|1782845293\n|move|p2a: Uxie|Psychic Noise|p1a: Emboar\n|-damage|p1a: Emboar|0 fnt\n|faint|p1a: Emboar\n|\n|-heal|p2a: Uxie|156/260|[from] item: Leftovers\n|upkeep\n|\n|t:|1782845294\n|switch|p1a: Pelipper|Pelipper, L86, F|243/243\n|-weather|RainDance|[from] ability: Drizzle|[of] p1a: Pelipper\n|turn|28\n|\n|t:|1782845308\n|move|p2a: Uxie|Psychic Noise|p1a: Pelipper\n|-damage|p1a: Pelipper|171/243\n|-start|p1a: Pelipper|move: Heal Block\n|move|p1a: Pelipper|Weather Ball|p2a: Uxie\n|-damage|p2a: Uxie|0 fnt\n|faint|p2a: Uxie\n|\n|-weather|RainDance|[upkeep]\n|upkeep\n|\n|t:|1782845316\n|switch|p2a: Florges|Florges-Yellow, L85, F|271/271\n|turn|29\n|\n|t:|1782845345\n|switch|p1a: Girafarig|Girafarig, L89, M|113/269\n|move|p2a: Florges|Moonblast|p1a: Girafarig\n|-damage|p1a: Girafarig|23/269\n|\n|-weather|RainDance|[upkeep]\n|upkeep\n|turn|30\n|\n|t:|1782845351\n|move|p1a: Girafarig|Psyshock|p2a: Florges\n|-damage|p2a: Florges|169/271\n|move|p2a: Florges|Moonblast|p1a: Girafarig\n|-damage|p1a: Girafarig|0 fnt\n|faint|p1a: Girafarig\n|\n|-weather|RainDance|[upkeep]\n|-heal|p2a: Florges|185/271|[from] item: Leftovers\n|upkeep\n|\n|t:|1782845357\n|switch|p1a: Phione|Phione, L91|123/293 slp\n|turn|31\n|\n|t:|1782845363\n|-curestatus|p1a: Phione|slp|[msg]\n|move|p1a: Phione|Take Heart|p1a: Phione\n|-boost|p1a: Phione|spa|1\n|-boost|p1a: Phione|spd|1\n|move|p2a: Florges|Calm Mind|p2a: Florges\n|-boost|p2a: Florges|spa|1\n|-boost|p2a: Florges|spd|1\n|\n|-weather|RainDance|[upkeep]\n|-heal|p1a: Phione|141/293|[from] item: Leftovers\n|-heal|p2a: Florges|201/271|[from] item: Leftovers\n|upkeep\n|turn|32\n|\n|t:|1782845367\n|move|p1a: Phione|Scald|p2a: Florges\n|-damage|p2a: Florges|116/271\n|move|p2a: Florges|Calm Mind|p2a: Florges\n|-boost|p2a: Florges|spa|1\n|-boost|p2a: Florges|spd|1\n|\n|-weather|none\n|-heal|p1a: Phione|159/293|[from] item: Leftovers\n|-heal|p2a: Florges|132/271|[from] item: Leftovers\n|upkeep\n|turn|33\n|\n|t:|1782845390\n|move|p1a: Phione|Scald|p2a: Florges\n|-damage|p2a: Florges|95/271\n|move|p2a: Florges|Wish|p2a: Florges\n|\n|-heal|p1a: Phione|177/293|[from] item: Leftovers\n|-heal|p2a: Florges|111/271|[from] item: Leftovers\n|upkeep\n|turn|34\n|\n|t:|1782845397\n|move|p1a: Phione|Take Heart|p1a: Phione\n|-boost|p1a: Phione|spa|1\n|-boost|p1a: Phione|spd|1\n|move|p2a: Florges|Moonblast|p1a: Phione\n|-damage|p1a: Phione|54/293\n|\n|-heal|p2a: Florges|246/271|[from] move: Wish|[wisher] Florges\n|-heal|p1a: Phione|72/293|[from] item: Leftovers\n|-heal|p2a: Florges|262/271|[from] item: Leftovers\n|upkeep\n|turn|35\n|\n|t:|1782845409\n|move|p1a: Phione|Rest|p1a: Phione\n|-status|p1a: Phione|slp|[from] move: Rest\n|-heal|p1a: Phione|293/293 slp|[silent]\n|move|p2a: Florges|Calm Mind|p2a: Florges\n|-boost|p2a: Florges|spa|1\n|-boost|p2a: Florges|spd|1\n|\n|-heal|p2a: Florges|271/271|[from] item: Leftovers\n|upkeep\n|turn|36\n|\n|t:|1782845412\n|cant|p1a: Phione|slp\n|move|p1a: Phione|Sleep Talk|p1a: Phione\n|move|p1a: Phione|Scald|p2a: Florges|[from] move: Sleep Talk\n|-damage|p2a: Florges|225/271\n|move|p2a: Florges|Calm Mind|p2a: Florges\n|-boost|p2a: Florges|spa|1\n|-boost|p2a: Florges|spd|1\n|\n|-heal|p2a: Florges|241/271|[from] item: Leftovers\n|upkeep\n|turn|37\n|\n|t:|1782845417\n|cant|p1a: Phione|slp\n|move|p1a: Phione|Sleep Talk|p1a: Phione\n|move|p1a: Phione|Rest||[from] move: Sleep Talk|[still]\n|-fail|p1a: Phione\n|move|p2a: Florges|Calm Mind|p2a: Florges\n|-boost|p2a: Florges|spa|1\n|-boost|p2a: Florges|spd|1\n|\n|-heal|p2a: Florges|257/271|[from] item: Leftovers\n|upkeep\n|turn|38\n|\n|t:|1782845422\n|-curestatus|p1a: Phione|slp|[msg]\n|move|p1a: Phione|Take Heart|p1a: Phione\n|-boost|p1a: Phione|spa|1\n|-boost|p1a: Phione|spd|1\n|move|p2a: Florges|Calm Mind|p2a: Florges\n|-boost|p2a: Florges|spa|1\n|-boost|p2a: Florges|spd|1\n|\n|-heal|p2a: Florges|271/271|[from] item: Leftovers\n|upkeep\n|turn|39\n|\n|t:|1782845426\n|move|p1a: Phione|Take Heart|p1a: Phione\n|-boost|p1a: Phione|spa|1\n|-boost|p1a: Phione|spd|1\n|move|p2a: Florges|Moonblast|p1a: Phione\n|-damage|p1a: Phione|145/293\n|\n|-heal|p1a: Phione|163/293|[from] item: Leftovers\n|upkeep\n|turn|40\n|\n|t:|1782845430\n|move|p1a: Phione|Take Heart|p1a: Phione\n|-boost|p1a: Phione|spa|1\n|-boost|p1a: Phione|spd|1\n|move|p2a: Florges|Moonblast|p1a: Phione\n|-damage|p1a: Phione|42/293\n|\n|-heal|p1a: Phione|60/293|[from] item: Leftovers\n|upkeep\n|turn|41\n|\n|t:|1782845435\n|move|p1a: Phione|Rest|p1a: Phione\n|-status|p1a: Phione|slp|[from] move: Rest\n|-heal|p1a: Phione|293/293 slp|[silent]\n|move|p2a: Florges|Moonblast|p1a: Phione\n|-damage|p1a: Phione|170/293 slp\n|\n|-heal|p1a: Phione|188/293 slp|[from] item: Leftovers\n|upkeep\n|turn|42\n|\n|t:|1782845442\n|cant|p1a: Phione|slp\n|move|p1a: Phione|Sleep Talk|p1a: Phione\n|move|p1a: Phione|Take Heart|p1a: Phione|[from] move: Sleep Talk\n|-boost|p1a: Phione|spa|1\n|-boost|p1a: Phione|spd|1\n|-curestatus|p1a: Phione|slp|[msg]\n|move|p2a: Florges|Moonblast|p1a: Phione\n|-damage|p1a: Phione|79/293\n|-unboost|p1a: Phione|spa|1\n|\n|-heal|p1a: Phione|97/293|[from] item: Leftovers\n|upkeep\n|turn|43\n|c|\u2606masbahlilganteng|Give me 21 of your scald\n|\n|t:|1782845466\n|move|p1a: Phione|Scald|p2a: Florges\n|-damage|p2a: Florges|228/271\n|move|p2a: Florges|Moonblast|p1a: Phione\n|-damage|p1a: Phione|0 fnt\n|faint|p1a: Phione\n|\n|-heal|p2a: Florges|244/271|[from] item: Leftovers\n|upkeep\n|\n|t:|1782845469\n|switch|p1a: Entei|Entei, L78|66/307\n|turn|44\n|\n|t:|1782845476\n|move|p2a: Florges|Protect|p2a: Florges\n|-singleturn|p2a: Florges|Protect\n|move|p1a: Entei|Flare Blitz|p2a: Florges\n|-activate|p2a: Florges|move: Protect\n|\n|-heal|p2a: Florges|260/271|[from] item: Leftovers\n|upkeep\n|turn|45\n|\n|t:|1782845481\n|move|p1a: Entei|Flare Blitz|p2a: Florges\n|-damage|p2a: Florges|22/271\n|-damage|p1a: Entei|0 fnt|[from] Recoil\n|faint|p1a: Entei\n|move|p2a: Florges|Moonblast|p1: Entei|[notarget]\n|-fail|p2a: Florges\n|\n|-heal|p2a: Florges|38/271|[from] item: Leftovers\n|upkeep\n|-message|Lujay7 forfeited.\n|\n|win|masbahlilganteng\n|raw|Lujay7's rating: 1985 &rarr; <strong>1966</strong><br />(-19 for losing)\n|raw|masbahlilganteng's rating: 1997 &rarr; <strong>2016</strong><br />(+19 for winning)\n|l|\u2606Lujay7\n|player|p1|\n", "inputlog": ">version f8ac14003a5f27e1bdc8d8c59608a773c1cb96e5\n>start {\"formatid\":\"gen9randombattle\",\"seed\":\"sodium,859d7bbd5f861be96935292ba26eb658\",\"rated\":\"Rated battle\"}\n>player p1 {\"name\":\"Lujay7\",\"avatar\":\"266\",\"rating\":2006,\"seed\":\"sodium,163aa3c4f0a2b66eedaacdc3ccb3e55e\"}\n>player p2 {\"name\":\"masbahlilganteng\",\"avatar\":\"hoopster\",\"rating\":1997,\"seed\":\"sodium,7ac89b92a359129758e9d5cccc277bcb\"}\n>p1 move voltswitch\n>p2 move malignantchain\n>p1 switch 6\n>p1 move scald\n>p2 move malignantchain\n>p1 move takeheart\n>p2 move malignantchain\n>p1 move rest\n>p2 move malignantchain\n>p1 move takeheart\n>p2 switch 2\n>p1 switch 2\n>p2 move substitute\n>p1 move sacredfire\n>p2 move calmmind\n>p1 move sacredfire\n>p2 move substitute\n>p1 move sacredfire\n>p2 move substitute\n>p1 move sacredfire\n>p2 move substitute\n>p1 move sacredfire\n>p2 move substitute\n>p1 switch 6\n>p2 move storedpower\n>p1 switch 4\n>p1 move psyshock\n>p2 move storedpower\n>p2 switch 5\n>p1 move nastyplot\n>p2 move encore\n>p1 switch 2\n>p2 move psychicnoise\n>p1 move sleeptalk\n>p2 move psychicnoise\n>p1 switch 6\n>p2 move psychicnoise\n>p1 move sacredfire\n>p2 move uturn\n>p2 switch 4\n>p1 move sacredfire\n>p2 move liquidation\n>p1 switch 2\n>p2 move liquidation\n>p1 move hypervoice\n>p2 switch 2\n>p1 move psyshock\n>p2 switch 4\n>p1 switch 3\n>p2 move encore\n>p1 move flareblitz\n>p2 move psychicnoise\n>p1 move flareblitz\n>p2 move uturn\n>p2 switch 4\n>p2 switch 2\n>p1 move wildcharge terastallize\n>p2 move toxic\n>p2 switch 4\n>p1 move wildcharge\n>p2 move psychicnoise\n>p1 switch 5\n>p1 move weatherball\n>p2 move psychicnoise\n>p2 switch 6\n>p1 switch 3\n>p2 move moonblast\n>p1 move psyshock\n>p2 move moonblast\n>p1 switch 6\n>p1 move takeheart\n>p2 move calmmind\n>p1 move scald\n>p2 move calmmind\n>p1 move scald\n>p2 move wish\n>p1 move takeheart\n>p2 move moonblast\n>p1 move rest\n>p2 move calmmind\n>p1 move sleeptalk\n>p2 move calmmind\n>p1 move sleeptalk\n>p2 move calmmind\n>p1 move takeheart\n>p2 move calmmind\n>p1 move takeheart\n>p2 move moonblast\n>p1 move takeheart\n>p2 move moonblast\n>p1 move rest\n>p2 move moonblast\n>p1 move sleeptalk\n>p2 move moonblast\n>chat \u2606masbahlilganteng|Give me 21 of your scald\n>p1 move scald\n>p2 move moonblast\n>p1 switch 2\n>p1 move flareblitz\n>p2 move protect\n>p1 move flareblitz\n>p2 move moonblast\n>forcelose p1", "uploadtime": 1782845488, "views": 6, "formatid": "gen9randombattle", "rating": 1966, "private": 0, "password": null, "player_dets": [{"name": "Lujay7", "avatar": "266", "rating": 2006, "seed": "sodium,163aa3c4f0a2b66eedaacdc3ccb3e55e"}, {"name": "masbahlilganteng", "avatar": "hoopster", "rating": 1997, "seed": "sodium,7ac89b92a359129758e9d5cccc277bcb"}], "teams_full": [{"Regieleki": {"name": "Regieleki", "species": "Regieleki", "speciesId": "regieleki", "gender": "N", "shiny": false, "level": 79, "moves": ["explosion", "rapidspin", "voltswitch", "thunderbolt"], "ability": "Transistor", "evs": {"hp": 85, "atk": 85, "def": 85, "spa": 85, "spd": 85, "spe": 85}, "ivs": {"hp": 31, "atk": 31, "def": 31, "spa": 31, "spd": 31, "spe": 31}, "item": "Magnet", "teraType": "Electric", "role": "Fast Support", "bvs": {"hp": 80, "atk": 100, "def": 50, "spa": 100, "spd": 50, "spe": 200}, "stats": {"hp": 256, "atk": 204, "def": 125, "spa": 204, "spd": 125, "spe": 362}, "types": ["Electric"]}, "Entei": {"name": "Entei", "species": "Entei", "speciesId": "entei", "gender": "N", "shiny": false, "level": 78, "moves": ["sacredfire", "extremespeed", "flareblitz", "stoneedge"], "ability": "Inner Focus", "evs": {"hp": 85, "atk": 85, "def": 85, "spa": 85, "spd": 85, "spe": 85}, "ivs": {"hp": 31, "atk": 31, "def": 31, "spa": 31, "spd": 31, "spe": 31}, "item": "Choice Band", "teraType": "Normal", "role": "Fast Attacker", "bvs": {"hp": 115, "atk": 115, "def": 85, "spa": 90, "spd": 75, "spe": 100}, "stats": {"hp": 307, "atk": 224, "def": 178, "spa": 185, "spd": 162, "spe": 201}, "types": ["Fire"]}, "Emboar": {"name": "Emboar", "species": "Emboar", "speciesId": "emboar", "gender": "F", "shiny": false, "level": 84, "moves": ["scald", "flareblitz", "wildcharge", "closecombat"], "ability": "Reckless", "evs": {"hp": 85, "atk": 85, "def": 85, "spa": 85, "spd": 85, "spe": 85}, "ivs": {"hp": 31, "atk": 31, "def": 31, "spa": 31, "spd": 31, "spe": 31}, "item": "Assault Vest", "teraType": "Electric", "role": "AV Pivot", "bvs": {"hp": 110, "atk": 123, "def": 65, "spa": 100, "spd": 65, "spe": 65}, "stats": {"hp": 322, "atk": 255, "def": 157, "spa": 216, "spd": 157, "spe": 157}, "types": ["Fire", "Fighting"]}, "Girafarig": {"name": "Girafarig", "species": "Girafarig", "speciesId": "girafarig", "gender": "M", "shiny": false, "level": 89, "moves": ["nastyplot", "hypervoice", "psyshock", "thunderbolt"], "ability": "Sap Sipper", "evs": {"hp": 85, "atk": 0, "def": 85, "spa": 85, "spd": 85, "spe": 85}, "ivs": {"hp": 31, "atk": 0, "def": 31, "spa": 31, "spd": 31, "spe": 31}, "item": "Eviolite", "teraType": "Normal", "role": "Fast Bulky Setup", "bvs": {"hp": 70, "atk": 80, "def": 65, "spa": 90, "spd": 65, "spe": 85}, "stats": {"hp": 269, "atk": 147, "def": 166, "spa": 211, "spd": 166, "spe": 202}, "types": ["Normal", "Psychic"]}, "Pelipper": {"name": "Pelipper", "species": "Pelipper", "speciesId": "pelipper", "gender": "F", "shiny": false, "level": 86, "moves": ["uturn", "hydropump", "hurricane", "weatherball"], "ability": "Drizzle", "evs": {"hp": 85, "atk": 85, "def": 85, "spa": 85, "spd": 85, "spe": 85}, "ivs": {"hp": 31, "atk": 31, "def": 31, "spa": 31, "spd": 31, "spe": 31}, "item": "Choice Specs", "teraType": "Water", "role": "Wallbreaker", "bvs": {"hp": 60, "atk": 50, "def": 100, "spa": 95, "spd": 70, "spe": 65}, "stats": {"hp": 243, "atk": 135, "def": 221, "spa": 213, "spd": 170, "spe": 161}, "types": ["Water", "Flying"]}, "Phione": {"name": "Phione", "species": "Phione", "speciesId": "phione", "gender": "N", "shiny": false, "level": 91, "moves": ["takeheart", "rest", "scald", "sleeptalk"], "ability": "Hydration", "evs": {"hp": 85, "atk": 0, "def": 85, "spa": 85, "spd": 85, "spe": 85}, "ivs": {"hp": 31, "atk": 0, "def": 31, "spa": 31, "spd": 31, "spe": 31}, "item": "Leftovers", "teraType": "Dragon", "role": "Bulky Setup", "bvs": {"hp": 80, "atk": 80, "def": 80, "spa": 80, "spd": 80, "spe": 80}, "stats": {"hp": 293, "atk": 150, "def": 197, "spa": 197, "spd": 197, "spe": 197}, "types": ["Water"]}}, {"Pecharunt": {"name": "Pecharunt", "species": "Pecharunt", "speciesId": "pecharunt", "gender": "N", "shiny": false, "level": 77, "moves": ["nastyplot", "recover", "shadowball", "malignantchain"], "ability": "Poison Puppeteer", "evs": {"hp": 85, "atk": 0, "def": 85, "spa": 85, "spd": 85, "spe": 85}, "ivs": {"hp": 31, "atk": 0, "def": 31, "spa": 31, "spd": 31, "spe": 31}, "item": "Leftovers", "teraType": "Dark", "role": "Bulky Attacker", "bvs": {"hp": 88, "atk": 88, "def": 160, "spa": 88, "spd": 88, "spe": 88}, "stats": {"hp": 262, "atk": 140, "def": 291, "spa": 180, "spd": 180, "spe": 180}, "types": ["Poison", "Ghost"]}, "Espathra": {"name": "Espathra", "species": "Espathra", "speciesId": "espathra", "gender": "F", "shiny": false, "level": 80, "moves": ["calmmind", "substitute", "dazzlinggleam", "storedpower"], "ability": "Speed Boost", "evs": {"hp": 85, "atk": 0, "def": 85, "spa": 85, "spd": 85, "spe": 85}, "ivs": {"hp": 31, "atk": 0, "def": 31, "spa": 31, "spd": 31, "spe": 31}, "item": "Leftovers", "teraType": "Fairy", "role": "Fast Bulky Setup", "bvs": {"hp": 95, "atk": 60, "def": 60, "spa": 101, "spd": 60, "spe": 105}, "stats": {"hp": 283, "atk": 101, "def": 142, "spa": 208, "spd": 142, "spe": 214}, "types": ["Psychic"]}, "Lucario": {"name": "Lucario", "species": "Lucario", "speciesId": "lucario", "gender": "F", "shiny": false, "level": 84, "moves": ["flashcannon", "vacuumwave", "nastyplot", "aurasphere"], "ability": "Inner Focus", "evs": {"hp": 85, "atk": 0, "def": 85, "spa": 85, "spd": 85, "spe": 85}, "ivs": {"hp": 31, "atk": 0, "def": 31, "spa": 31, "spd": 31, "spe": 31}, "item": "Life Orb", "teraType": "Fighting", "role": "Setup Sweeper", "bvs": {"hp": 70, "atk": 110, "def": 70, "spa": 115, "spd": 70, "spe": 90}, "stats": {"hp": 255, "atk": 189, "def": 166, "spa": 241, "spd": 166, "spe": 199}, "types": ["Fighting", "Steel"]}, "Toxapex": {"name": "Toxapex", "species": "Toxapex", "speciesId": "toxapex", "gender": "F", "shiny": false, "level": 82, "moves": ["haze", "toxic", "liquidation", "recover"], "ability": "Regenerator", "evs": {"hp": 85, "atk": 85, "def": 85, "spa": 85, "spd": 85, "spe": 85}, "ivs": {"hp": 31, "atk": 31, "def": 31, "spa": 31, "spd": 31, "spe": 31}, "item": "Rocky Helmet", "teraType": "Flying", "role": "Bulky Support", "bvs": {"hp": 50, "atk": 63, "def": 152, "spa": 53, "spd": 142, "spe": 35}, "stats": {"hp": 216, "atk": 150, "def": 296, "spa": 134, "spd": 280, "spe": 105}, "types": ["Poison", "Water"]}, "Uxie": {"name": "Uxie", "species": "Uxie", "speciesId": "uxie", "gender": "N", "shiny": false, "level": 83, "moves": ["psychicnoise", "encore", "uturn", "yawn"], "ability": "Levitate", "evs": {"hp": 85, "atk": 85, "def": 85, "spa": 85, "spd": 85, "spe": 85}, "ivs": {"hp": 31, "atk": 31, "def": 31, "spa": 31, "spd": 31, "spe": 31}, "item": "Leftovers", "teraType": "Dark", "role": "Bulky Support", "bvs": {"hp": 75, "atk": 75, "def": 130, "spa": 75, "spd": 130, "spe": 95}, "stats": {"hp": 260, "atk": 172, "def": 263, "spa": 172, "spd": 263, "spe": 205}, "types": ["Psychic"]}, "Florges": {"name": "Florges", "species": "Florges-Yellow", "speciesId": "florges", "gender": "F", "shiny": false, "level": 85, "moves": ["protect", "moonblast", "calmmind", "wish"], "ability": "Flower Veil", "evs": {"hp": 85, "atk": 0, "def": 85, "spa": 85, "spd": 85, "spe": 85}, "ivs": {"hp": 31, "atk": 0, "def": 31, "spa": 31, "spd": 31, "spe": 31}, "item": "Leftovers", "teraType": "Steel", "role": "Bulky Setup", "bvs": {"hp": 78, "atk": 65, "def": 68, "spa": 112, "spd": 154, "spe": 75}, "stats": {"hp": 271, "atk": 115, "def": 164, "spa": 239, "spd": 311, "spe": 176}, "types": ["Fairy"]}}]}