{"id": "gen9randombattle-2642147802", "format": "[Gen 9] Random Battle", "players": ["jnpr010334", "onlyseriousgames"], "log": "|j|\u2606jnpr010334\n|j|\u2606onlyseriousgames\n|t:|1782900153\n|gametype|singles\n|player|p1|jnpr010334|265|1699\n|player|p2|onlyseriousgames|266|1776\n|gen|9\n|tier|[Gen 9] Random Battle\n|rated|\n|rule|Species Clause: Limit one of each Pok\u00e9mon\n|rule|HP Percentage Mod: HP is shown in percentages\n|rule|Sleep Clause Mod: Limit one foe put to sleep\n|rule|Illusion Level Mod: Illusion disguises the Pok\u00e9mon's true level\n|\n|t:|1782900153\n|teamsize|p1|6\n|teamsize|p2|6\n|start\n|switch|p1a: Lugia|Lugia, L73|275/275\n|switch|p2a: Latias|Latias, L79, F|256/256\n|turn|1\n|inactive|Battle timer is ON: inactive players will automatically lose when time's up. (requested by onlyseriousgames)\n|inactive|jnpr010334 also wants the timer to be on.\n|\n|t:|1782900160\n|switch|p2a: Morpeko|Morpeko, L88, M|245/245\n|move|p1a: Lugia|Calm Mind|p1a: Lugia\n|-boost|p1a: Lugia|spa|1\n|-boost|p1a: Lugia|spd|1\n|\n|-formechange|p2a: Morpeko|Morpeko-Hangry||[from] ability: Hunger Switch\n|upkeep\n|turn|2\n|\n|t:|1782900165\n|-terastallize|p1a: Lugia|Steel\n|move|p2a: Morpeko|Knock Off|p1a: Lugia\n|-damage|p1a: Lugia|227/275\n|-enditem|p1a: Lugia|Heavy-Duty Boots|[from] move: Knock Off|[of] p2a: Morpeko\n|move|p1a: Lugia|Earth Power|p2a: Morpeko\n|-supereffective|p2a: Morpeko\n|-damage|p2a: Morpeko|55/245\n|\n|-heal|p2a: Morpeko|70/245|[from] item: Leftovers\n|-formechange|p2a: Morpeko|Morpeko||[from] ability: Hunger Switch\n|upkeep\n|turn|3\n|\n|t:|1782900175\n|move|p2a: Morpeko|Aura Wheel|p1a: Lugia\n|-damage|p1a: Lugia|112/275\n|-boost|p2a: Morpeko|spe|1\n|move|p1a: Lugia|Recover|p1a: Lugia\n|-heal|p1a: Lugia|250/275\n|\n|-heal|p2a: Morpeko|85/245|[from] item: Leftovers\n|-formechange|p2a: Morpeko|Morpeko-Hangry||[from] ability: Hunger Switch\n|upkeep\n|turn|4\n|\n|t:|1782900195\n|move|p2a: Morpeko|Aura Wheel|p1a: Lugia\n|-damage|p1a: Lugia|145/275\n|-boost|p2a: Morpeko|spe|1\n|move|p1a: Lugia|Earth Power|p2a: Morpeko\n|-supereffective|p2a: Morpeko\n|-damage|p2a: Morpeko|0 fnt\n|faint|p2a: Morpeko\n|\n|upkeep\n|\n|t:|1782900214\n|switch|p2a: Goodra|Goodra, L85, M|292/292\n|turn|5\n|\n|t:|1782900216\n|move|p1a: Lugia|Recover|p1a: Lugia\n|-heal|p1a: Lugia|275/275\n|move|p2a: Goodra|Earthquake|p1a: Lugia\n|-supereffective|p1a: Lugia\n|-damage|p1a: Lugia|211/275\n|\n|upkeep\n|turn|6\n|\n|t:|1782900219\n|move|p1a: Lugia|Recover|p1a: Lugia\n|-heal|p1a: Lugia|275/275\n|move|p2a: Goodra|Earthquake|p1a: Lugia\n|-supereffective|p1a: Lugia\n|-damage|p1a: Lugia|216/275\n|\n|upkeep\n|turn|7\n|\n|t:|1782900222\n|move|p1a: Lugia|Recover|p1a: Lugia\n|-heal|p1a: Lugia|275/275\n|move|p2a: Goodra|Earthquake|p1a: Lugia\n|-supereffective|p1a: Lugia\n|-damage|p1a: Lugia|215/275\n|\n|upkeep\n|turn|8\n|\n|t:|1782900224\n|move|p1a: Lugia|Recover|p1a: Lugia\n|-heal|p1a: Lugia|275/275\n|move|p2a: Goodra|Earthquake|p1a: Lugia\n|-supereffective|p1a: Lugia\n|-damage|p1a: Lugia|213/275\n|\n|upkeep\n|turn|9\n|\n|t:|1782900231\n|move|p1a: Lugia|Recover|p1a: Lugia\n|-heal|p1a: Lugia|275/275\n|move|p2a: Goodra|Earthquake|p1a: Lugia\n|-supereffective|p1a: Lugia\n|-damage|p1a: Lugia|213/275\n|\n|upkeep\n|turn|10\n|\n|t:|1782900235\n|move|p1a: Lugia|Recover|p1a: Lugia\n|-heal|p1a: Lugia|275/275\n|move|p2a: Goodra|Earthquake|p1a: Lugia\n|-supereffective|p1a: Lugia\n|-damage|p1a: Lugia|217/275\n|\n|upkeep\n|turn|11\n|\n|t:|1782900238\n|move|p1a: Lugia|Recover|p1a: Lugia\n|-heal|p1a: Lugia|275/275\n|move|p2a: Goodra|Earthquake|p1a: Lugia\n|-supereffective|p1a: Lugia\n|-damage|p1a: Lugia|217/275\n|\n|upkeep\n|turn|12\n|\n|t:|1782900243\n|move|p1a: Lugia|Aeroblast|p2a: Goodra\n|-damage|p2a: Goodra|246/292\n|move|p2a: Goodra|Earthquake|p1a: Lugia\n|-supereffective|p1a: Lugia\n|-damage|p1a: Lugia|99/275\n|\n|upkeep\n|turn|13\n|\n|t:|1782900245\n|switch|p1a: Noctowl|Noctowl, L95, F|344/344\n|move|p2a: Goodra|Earthquake|p1a: Noctowl\n|-immune|p1a: Noctowl\n|\n|upkeep\n|turn|14\n|\n|t:|1782900254\n|move|p1a: Noctowl|Hyper Voice|p2a: Goodra\n|-damage|p2a: Goodra|198/292\n|move|p2a: Goodra|Sludge Bomb|p1a: Noctowl\n|-damage|p1a: Noctowl|286/344\n|-status|p1a: Noctowl|psn\n|\n|-damage|p1a: Noctowl|243/344 psn|[from] psn\n|upkeep\n|turn|15\n|\n|t:|1782900264\n|switch|p2a: Hypno|Hypno, L95, F|315/315\n|move|p1a: Noctowl|Roost|p1a: Noctowl\n|-heal|p1a: Noctowl|344/344 psn\n|-singleturn|p1a: Noctowl|move: Roost\n|\n|-damage|p1a: Noctowl|301/344 psn|[from] psn\n|upkeep\n|turn|16\n|\n|t:|1782900270\n|move|p1a: Noctowl|Hurricane|p2a: Hypno\n|-damage|p2a: Hypno|210/315\n|-start|p2a: Hypno|confusion\n|-activate|p2a: Hypno|confusion\n|move|p2a: Hypno|Psychic Noise|p1a: Noctowl\n|-damage|p1a: Noctowl|234/344 psn\n|-start|p1a: Noctowl|move: Heal Block\n|\n|-heal|p2a: Hypno|229/315|[from] item: Leftovers\n|-damage|p1a: Noctowl|191/344 psn|[from] psn\n|upkeep\n|turn|17\n|\n|t:|1782900278\n|-activate|p2a: Hypno|confusion\n|move|p2a: Hypno|Protect|p2a: Hypno\n|-singleturn|p2a: Hypno|Protect\n|move|p1a: Noctowl|Hyper Voice|p2a: Hypno\n|-activate|p2a: Hypno|move: Protect\n|\n|-heal|p2a: Hypno|248/315|[from] item: Leftovers\n|-damage|p1a: Noctowl|148/344 psn|[from] psn\n|-end|p1a: Noctowl|move: Heal Block\n|upkeep\n|turn|18\n|\n|t:|1782900284\n|move|p1a: Noctowl|Roost|p1a: Noctowl\n|-heal|p1a: Noctowl|320/344 psn\n|-singleturn|p1a: Noctowl|move: Roost\n|-end|p2a: Hypno|confusion\n|move|p2a: Hypno|Psychic Noise|p1a: Noctowl\n|-damage|p1a: Noctowl|244/344 psn\n|-start|p1a: Noctowl|move: Heal Block\n|\n|-heal|p2a: Hypno|267/315|[from] item: Leftovers\n|-damage|p1a: Noctowl|201/344 psn|[from] psn\n|upkeep\n|turn|19\n|\n|t:|1782900287\n|move|p1a: Noctowl|Hurricane|p2a: Hypno|[miss]\n|-miss|p1a: Noctowl|p2a: Hypno\n|move|p2a: Hypno|Psychic Noise|p1a: Noctowl\n|-damage|p1a: Noctowl|129/344 psn\n|\n|-heal|p2a: Hypno|286/315|[from] item: Leftovers\n|-damage|p1a: Noctowl|86/344 psn|[from] psn\n|-end|p1a: Noctowl|move: Heal Block\n|upkeep\n|turn|20\n|\n|t:|1782900292\n|move|p1a: Noctowl|Roost|p1a: Noctowl\n|-heal|p1a: Noctowl|258/344 psn\n|-singleturn|p1a: Noctowl|move: Roost\n|move|p2a: Hypno|Psychic Noise|p1a: Noctowl\n|-damage|p1a: Noctowl|186/344 psn\n|-start|p1a: Noctowl|move: Heal Block\n|\n|-heal|p2a: Hypno|305/315|[from] item: Leftovers\n|-damage|p1a: Noctowl|143/344 psn|[from] psn\n|upkeep\n|turn|21\n|\n|t:|1782900295\n|move|p2a: Hypno|Protect|p2a: Hypno\n|-singleturn|p2a: Hypno|Protect\n|move|p1a: Noctowl|Hurricane|p2a: Hypno\n|-activate|p2a: Hypno|move: Protect\n|\n|-heal|p2a: Hypno|315/315|[from] item: Leftovers\n|-damage|p1a: Noctowl|100/344 psn|[from] psn\n|-end|p1a: Noctowl|move: Heal Block\n|upkeep\n|turn|22\n|\n|t:|1782900302\n|move|p1a: Noctowl|Roost|p1a: Noctowl\n|-heal|p1a: Noctowl|272/344 psn\n|-singleturn|p1a: Noctowl|move: Roost\n|move|p2a: Hypno|Psychic Noise|p1a: Noctowl\n|-damage|p1a: Noctowl|199/344 psn\n|-start|p1a: Noctowl|move: Heal Block\n|\n|-damage|p1a: Noctowl|156/344 psn|[from] psn\n|upkeep\n|turn|23\n|\n|t:|1782900305\n|move|p1a: Noctowl|Hurricane|p2a: Hypno\n|-damage|p2a: Hypno|209/315\n|-start|p2a: Hypno|confusion\n|-activate|p2a: Hypno|confusion\n|-damage|p2a: Hypno|183/315|[from] confusion\n|\n|-heal|p2a: Hypno|202/315|[from] item: Leftovers\n|-damage|p1a: Noctowl|113/344 psn|[from] psn\n|-end|p1a: Noctowl|move: Heal Block\n|upkeep\n|turn|24\n|\n|t:|1782900309\n|move|p1a: Noctowl|Roost|p1a: Noctowl\n|-heal|p1a: Noctowl|285/344 psn\n|-singleturn|p1a: Noctowl|move: Roost\n|-activate|p2a: Hypno|confusion\n|move|p2a: Hypno|Psychic Noise|p1a: Noctowl\n|-damage|p1a: Noctowl|218/344 psn\n|-start|p1a: Noctowl|move: Heal Block\n|\n|-heal|p2a: Hypno|221/315|[from] item: Leftovers\n|-damage|p1a: Noctowl|175/344 psn|[from] psn\n|upkeep\n|turn|25\n|\n|t:|1782900312\n|-activate|p2a: Hypno|confusion\n|move|p2a: Hypno|Protect|p2a: Hypno\n|-singleturn|p2a: Hypno|Protect\n|move|p1a: Noctowl|Hyper Voice|p2a: Hypno\n|-activate|p2a: Hypno|move: Protect\n|\n|-heal|p2a: Hypno|240/315|[from] item: Leftovers\n|-damage|p1a: Noctowl|132/344 psn|[from] psn\n|-end|p1a: Noctowl|move: Heal Block\n|upkeep\n|turn|26\n|\n|t:|1782900317\n|move|p1a: Noctowl|Roost|p1a: Noctowl\n|-heal|p1a: Noctowl|304/344 psn\n|-singleturn|p1a: Noctowl|move: Roost\n|-activate|p2a: Hypno|confusion\n|-damage|p2a: Hypno|215/315|[from] confusion\n|\n|-heal|p2a: Hypno|234/315|[from] item: Leftovers\n|-damage|p1a: Noctowl|261/344 psn|[from] psn\n|upkeep\n|turn|27\n|\n|t:|1782900322\n|-end|p2a: Hypno|confusion\n|move|p2a: Hypno|Protect|p2a: Hypno\n|-singleturn|p2a: Hypno|Protect\n|move|p1a: Noctowl|Hyper Voice|p2a: Hypno\n|-activate|p2a: Hypno|move: Protect\n|\n|-heal|p2a: Hypno|253/315|[from] item: Leftovers\n|-damage|p1a: Noctowl|218/344 psn|[from] psn\n|upkeep\n|turn|28\n|\n|t:|1782900329\n|move|p1a: Noctowl|Hurricane|p2a: Hypno\n|-crit|p2a: Hypno\n|-damage|p2a: Hypno|99/315\n|move|p2a: Hypno|Psychic Noise|p1a: Noctowl\n|-damage|p1a: Noctowl|143/344 psn\n|-start|p1a: Noctowl|move: Heal Block\n|\n|-heal|p2a: Hypno|118/315|[from] item: Leftovers\n|-damage|p1a: Noctowl|100/344 psn|[from] psn\n|upkeep\n|turn|29\n|\n|t:|1782900335\n|move|p2a: Hypno|Protect|p2a: Hypno\n|-singleturn|p2a: Hypno|Protect\n|move|p1a: Noctowl|Hyper Voice|p2a: Hypno\n|-activate|p2a: Hypno|move: Protect\n|\n|-heal|p2a: Hypno|137/315|[from] item: Leftovers\n|-damage|p1a: Noctowl|57/344 psn|[from] psn\n|-end|p1a: Noctowl|move: Heal Block\n|upkeep\n|turn|30\n|\n|t:|1782900340\n|move|p1a: Noctowl|Roost|p1a: Noctowl\n|-heal|p1a: Noctowl|229/344 psn\n|-singleturn|p1a: Noctowl|move: Roost\n|move|p2a: Hypno|Psychic Noise|p1a: Noctowl\n|-damage|p1a: Noctowl|157/344 psn\n|-start|p1a: Noctowl|move: Heal Block\n|\n|-heal|p2a: Hypno|156/315|[from] item: Leftovers\n|-damage|p1a: Noctowl|114/344 psn|[from] psn\n|upkeep\n|turn|31\n|\n|t:|1782900344\n|move|p1a: Noctowl|Hyper Voice|p2a: Hypno\n|-damage|p2a: Hypno|68/315\n|move|p2a: Hypno|Psychic Noise|p1a: Noctowl\n|-damage|p1a: Noctowl|38/344 psn\n|\n|-heal|p2a: Hypno|87/315|[from] item: Leftovers\n|-damage|p1a: Noctowl|0 fnt|[from] psn\n|faint|p1a: Noctowl\n|upkeep\n|\n|t:|1782900346\n|switch|p1a: Pincurchin|Pincurchin, F|258/258\n|-fieldstart|move: Electric Terrain|[from] ability: Electric Surge|[of] p1a: Pincurchin\n|turn|32\n|\n|t:|1782900350\n|move|p2a: Hypno|Toxic|p1a: Pincurchin\n|-status|p1a: Pincurchin|tox\n|move|p1a: Pincurchin|Liquidation|p2a: Hypno\n|-damage|p2a: Hypno|0 fnt\n|faint|p2a: Hypno\n|\n|-damage|p1a: Pincurchin|242/258 tox|[from] psn\n|upkeep\n|\n|t:|1782900359\n|switch|p2a: Goodra|Goodra, L85, M|198/292\n|turn|33\n|\n|t:|1782900362\n|move|p2a: Goodra|Earthquake|p1a: Pincurchin\n|-supereffective|p1a: Pincurchin\n|-damage|p1a: Pincurchin|118/258 tox\n|move|p1a: Pincurchin|Zing Zap|p2a: Goodra\n|-resisted|p2a: Goodra\n|-damage|p2a: Goodra|98/292\n|\n|-heal|p1a: Pincurchin|134/258 tox|[from] item: Leftovers\n|-damage|p1a: Pincurchin|102/258 tox|[from] psn\n|upkeep\n|turn|34\n|\n|t:|1782900365\n|switch|p1a: Scream Tail|Scream Tail, L84|330/330\n|move|p2a: Goodra|Earthquake|p1a: Scream Tail\n|-damage|p1a: Scream Tail|258/330\n|\n|-heal|p1a: Scream Tail|278/330|[from] item: Leftovers\n|upkeep\n|turn|35\n|\n|t:|1782900373\n|move|p1a: Scream Tail|Thunder Wave|p2a: Goodra\n|-status|p2a: Goodra|par\n|move|p2a: Goodra|Sludge Bomb|p1a: Scream Tail\n|-supereffective|p1a: Scream Tail\n|-damage|p1a: Scream Tail|164/330\n|-status|p1a: Scream Tail|psn\n|\n|-heal|p1a: Scream Tail|184/330 psn|[from] item: Leftovers\n|-damage|p1a: Scream Tail|143/330 psn|[from] psn\n|upkeep\n|turn|36\n|\n|t:|1782900381\n|move|p1a: Scream Tail|Wish|p1a: Scream Tail\n|move|p2a: Goodra|Sludge Bomb|p1a: Scream Tail\n|-supereffective|p1a: Scream Tail\n|-damage|p1a: Scream Tail|21/330 psn\n|\n|-heal|p1a: Scream Tail|41/330 psn|[from] item: Leftovers\n|-damage|p1a: Scream Tail|0 fnt|[from] psn\n|faint|p1a: Scream Tail\n|-end|p1a: Scream Tail|Protosynthesis|[silent]\n|-fieldend|move: Electric Terrain\n|upkeep\n|\n|t:|1782900382\n|switch|p1a: Primarina|Primarina, L83, M|268/268\n|turn|37\n|\n|t:|1782900389\n|move|p1a: Primarina|Moonblast|p2a: Goodra\n|-supereffective|p2a: Goodra\n|-damage|p2a: Goodra|0 fnt\n|faint|p2a: Goodra\n|\n|upkeep\n|\n|t:|1782900416\n|switch|p2a: Latias|Latias, L79, F|256/256\n|turn|38\n|\n|t:|1782900422\n|-terastallize|p2a: Latias|Steel\n|move|p2a: Latias|Calm Mind|p2a: Latias\n|-boost|p2a: Latias|spa|1\n|-boost|p2a: Latias|spd|1\n|move|p1a: Primarina|Moonblast|p2a: Latias\n|-resisted|p2a: Latias\n|-crit|p2a: Latias\n|-damage|p2a: Latias|157/256\n|\n|upkeep\n|turn|39\n|\n|t:|1782900425\n|switch|p1a: Pincurchin|Pincurchin, F|102/258 tox\n|-fieldstart|move: Electric Terrain|[from] ability: Electric Surge|[of] p1a: Pincurchin\n|move|p2a: Latias|Psyshock|p1a: Pincurchin\n|-damage|p1a: Pincurchin|0 fnt\n|faint|p1a: Pincurchin\n|\n|upkeep\n|\n|t:|1782900427\n|switch|p1a: Dipplin|Dipplin, L88, M|284/284\n|turn|40\n|\n|t:|1782900430\n|move|p2a: Latias|Draco Meteor|p1a: Dipplin|[miss]\n|-miss|p2a: Latias|p1a: Dipplin\n|move|p1a: Dipplin|Dragon Tail|p2a: Latias\n|-resisted|p2a: Latias\n|-damage|p2a: Latias|122/256\n|drag|p2a: Blaziken|Blaziken, L76, F|247/247\n|\n|upkeep\n|turn|41\n|\n|t:|1782900442\n|move|p2a: Blaziken|Swords Dance|p2a: Blaziken\n|-boost|p2a: Blaziken|atk|2\n|move|p1a: Dipplin|Dragon Tail|p2a: Blaziken|[miss]\n|-miss|p1a: Dipplin|p2a: Blaziken\n|\n|-ability|p2a: Blaziken|Speed Boost|boost\n|-boost|p2a: Blaziken|spe|1\n|upkeep\n|turn|42\n|\n|t:|1782900449\n|move|p2a: Blaziken|Close Combat|p1a: Dipplin\n|-damage|p1a: Dipplin|105/284\n|-unboost|p2a: Blaziken|def|1\n|-unboost|p2a: Blaziken|spd|1\n|-damage|p2a: Blaziken|223/247|[from] item: Life Orb\n|move|p1a: Dipplin|Dragon Tail|p2a: Blaziken\n|-damage|p2a: Blaziken|111/247\n|drag|p2a: Floatzel|Floatzel, L86, F|286/286\n|\n|upkeep\n|turn|43\n|\n|t:|1782900453\n|move|p2a: Floatzel|Ice Spinner|p1a: Dipplin\n|-supereffective|p1a: Dipplin\n|-damage|p1a: Dipplin|0 fnt\n|-fieldend|move: Electric Terrain\n|faint|p1a: Dipplin\n|\n|upkeep\n|\n|t:|1782900455\n|switch|p1a: Primarina|Primarina, L83, M|268/268\n|turn|44\n|\n|t:|1782900458\n|move|p2a: Floatzel|Bulk Up|p2a: Floatzel\n|-boost|p2a: Floatzel|atk|1\n|-boost|p2a: Floatzel|def|1\n|move|p1a: Primarina|Moonblast|p2a: Floatzel\n|-damage|p2a: Floatzel|18/286\n|-unboost|p2a: Floatzel|spa|1\n|\n|-heal|p2a: Floatzel|35/286|[from] item: Leftovers\n|upkeep\n|turn|45\n|\n|t:|1782900466\n|move|p2a: Floatzel|Wave Crash|p1a: Primarina\n|-resisted|p1a: Primarina\n|-damage|p1a: Primarina|138/268\n|-damage|p2a: Floatzel|0 fnt|[from] Recoil\n|faint|p2a: Floatzel\n|move|p1a: Primarina|Moonblast|p2: Floatzel|[notarget]\n|-fail|p1a: Primarina\n|\n|upkeep\n|\n|t:|1782900476\n|switch|p2a: Blaziken|Blaziken, L76, F|111/247\n|turn|46\n|\n|t:|1782900479\n|move|p2a: Blaziken|Knock Off|p1a: Primarina\n|-resisted|p1a: Primarina\n|-damage|p1a: Primarina|87/268\n|-enditem|p1a: Primarina|Choice Specs|[from] move: Knock Off|[of] p2a: Blaziken\n|-damage|p2a: Blaziken|87/247|[from] item: Life Orb\n|move|p1a: Primarina|Moonblast|p2a: Blaziken\n|-damage|p2a: Blaziken|0 fnt\n|faint|p2a: Blaziken\n|\n|upkeep\n|\n|t:|1782900484\n|switch|p2a: Latias|Latias, L79, F, tera:Steel|122/256\n|turn|47\n|\n|t:|1782900487\n|move|p2a: Latias|Recover|p2a: Latias\n|-heal|p2a: Latias|250/256\n|move|p1a: Primarina|Hydro Pump|p2a: Latias\n|-damage|p2a: Latias|70/256\n|\n|upkeep\n|turn|48\n|\n|t:|1782900494\n|move|p2a: Latias|Psyshock|p1a: Primarina\n|-damage|p1a: Primarina|0 fnt\n|faint|p1a: Primarina\n|\n|upkeep\n|\n|t:|1782900497\n|switch|p1a: Lugia|Lugia, L73, tera:Steel|99/275\n|turn|49\n|\n|t:|1782900499\n|move|p2a: Latias|Recover|p2a: Latias\n|-heal|p2a: Latias|198/256\n|move|p1a: Lugia|Earth Power|p2a: Latias\n|-immune|p2a: Latias|[from] ability: Levitate\n|\n|upkeep\n|turn|50\n|\n|t:|1782900504\n|move|p2a: Latias|Calm Mind|p2a: Latias\n|-boost|p2a: Latias|spa|1\n|-boost|p2a: Latias|spd|1\n|move|p1a: Lugia|Calm Mind|p1a: Lugia\n|-boost|p1a: Lugia|spa|1\n|-boost|p1a: Lugia|spd|1\n|\n|upkeep\n|turn|51\n|\n|t:|1782900510\n|move|p2a: Latias|Calm Mind|p2a: Latias\n|-boost|p2a: Latias|spa|1\n|-boost|p2a: Latias|spd|1\n|move|p1a: Lugia|Calm Mind|p1a: Lugia\n|-boost|p1a: Lugia|spa|1\n|-boost|p1a: Lugia|spd|1\n|\n|upkeep\n|turn|52\n|\n|t:|1782900514\n|move|p2a: Latias|Psyshock|p1a: Lugia\n|-resisted|p1a: Lugia\n|-damage|p1a: Lugia|10/275\n|move|p1a: Lugia|Aeroblast|p2a: Latias\n|-resisted|p2a: Latias\n|-damage|p2a: Latias|168/256\n|\n|upkeep\n|turn|53\n|\n|t:|1782900517\n|move|p2a: Latias|Psyshock|p1a: Lugia\n|-resisted|p1a: Lugia\n|-damage|p1a: Lugia|0 fnt\n|faint|p1a: Lugia\n|\n|win|onlyseriousgames\n|raw|jnpr010334's rating: 1686 &rarr; <strong>1671</strong><br />(-15 for losing)\n|raw|onlyseriousgames's rating: 1776 &rarr; <strong>1791</strong><br />(+15 for winning)\n", "inputlog": ">version f8ac14003a5f27e1bdc8d8c59608a773c1cb96e5\n>start {\"formatid\":\"gen9randombattle\",\"seed\":\"sodium,b7c022627e06c720d655ad0eb7ac6f6d\",\"rated\":\"Rated battle\"}\n>player p1 {\"name\":\"jnpr010334\",\"avatar\":\"265\",\"rating\":1699,\"seed\":\"sodium,5c7a8b3853f30904448d1e5c09b95b96\"}\n>player p2 {\"name\":\"onlyseriousgames\",\"avatar\":\"266\",\"rating\":1776,\"seed\":\"sodium,115dd7fe80a9ea9fed3a0288b2706fd2\"}\n>p1 move calmmind\n>p2 switch 3\n>p1 move earthpower terastallize\n>p2 move knockoff\n>p1 move recover\n>p2 move aurawheel\n>p1 move earthpower\n>p2 move aurawheel\n>p2 switch 5\n>p1 move recover\n>p2 move earthquake\n>p1 move recover\n>p2 move earthquake\n>p1 move recover\n>p2 move earthquake\n>p1 move recover\n>p2 move earthquake\n>p1 move recover\n>p2 move earthquake\n>p1 move recover\n>p2 move earthquake\n>p1 move recover\n>p2 move earthquake\n>p1 move aeroblast\n>p2 move earthquake\n>p1 switch 6\n>p2 move earthquake\n>p1 move hypervoice\n>p2 move sludgebomb\n>p1 move roost\n>p2 switch 2\n>p1 move hurricane\n>p2 move psychicnoise\n>p1 move hypervoice\n>p2 move protect\n>p1 move roost\n>p2 move psychicnoise\n>p1 move hurricane\n>p2 move psychicnoise\n>p1 move roost\n>p2 move psychicnoise\n>p1 move hurricane\n>p2 move protect\n>p1 move roost\n>p2 move psychicnoise\n>p1 move hurricane\n>p2 move psychicnoise\n>p1 move roost\n>p2 move psychicnoise\n>p1 move hypervoice\n>p2 move protect\n>p1 move roost\n>p2 move psychicnoise\n>p1 move hypervoice\n>p2 move protect\n>p1 move hurricane\n>p2 move psychicnoise\n>p1 move hypervoice\n>p2 move protect\n>p1 move roost\n>p2 move psychicnoise\n>p1 move hypervoice\n>p2 move psychicnoise\n>p1 switch 3\n>p1 move liquidation\n>p2 move toxic\n>p2 switch 2\n>p1 move zingzap\n>p2 move earthquake\n>p1 switch 5\n>p2 move earthquake\n>p1 move thunderwave\n>p2 move sludgebomb\n>p1 move wish\n>p2 move sludgebomb\n>p1 switch 2\n>p1 move moonblast\n>p2 move sludgebomb\n>p2 switch 3\n>p1 move moonblast\n>p2 move calmmind terastallize\n>p1 switch 5\n>p2 move psyshock\n>p1 switch 4\n>p1 move dragontail\n>p2 move dracometeor\n>p1 move dragontail\n>p2 move swordsdance\n>p1 move dragontail\n>p2 move closecombat\n>p1 move gigadrain\n>p2 move icespinner\n>p1 switch 5\n>p1 move moonblast\n>p2 move bulkup\n>p1 move moonblast\n>p2 move wavecrash\n>p2 switch 6\n>p1 move moonblast\n>p2 move knockoff\n>p2 switch 4\n>p1 move hydropump\n>p2 move recover\n>p1 move hydropump\n>p2 move psyshock\n>p1 switch 6\n>p1 move earthpower\n>p2 move recover\n>p1 move calmmind\n>p2 move calmmind\n>p1 move calmmind\n>p2 move calmmind\n>p1 move aeroblast\n>p2 move psyshock\n>p1 move aeroblast\n>p2 move psyshock", "uploadtime": 1782900518, "views": 7, "formatid": "gen9randombattle", "rating": 1671, "private": 0, "password": null, "player_dets": [{"name": "jnpr010334", "avatar": "265", "rating": 1699, "seed": "sodium,5c7a8b3853f30904448d1e5c09b95b96"}, {"name": "onlyseriousgames", "avatar": "266", "rating": 1776, "seed": "sodium,115dd7fe80a9ea9fed3a0288b2706fd2"}], "teams_full": [{"Lugia": {"name": "Lugia", "species": "Lugia", "speciesId": "lugia", "gender": "N", "shiny": false, "level": 73, "moves": ["earthpower", "calmmind", "recover", "aeroblast"], "ability": "Multiscale", "evs": {"hp": 85, "atk": 0, "def": 85, "spa": 85, "spd": 85, "spe": 85}, "ivs": {"hp": 31, "atk": 0, "def": 31, "spa": 31, "spd": 31, "spe": 31}, "item": "Heavy-Duty Boots", "teraType": "Steel", "role": "Bulky Setup", "bvs": {"hp": 106, "atk": 90, "def": 130, "spa": 90, "spd": 154, "spe": 110}, "stats": {"hp": 275, "atk": 136, "def": 232, "spa": 174, "spd": 267, "spe": 203}, "types": ["Psychic", "Flying"]}, "Primarina": {"name": "Primarina", "species": "Primarina", "speciesId": "primarina", "gender": "M", "shiny": false, "level": 83, "moves": ["flipturn", "moonblast", "hydropump", "psychic"], "ability": "Torrent", "evs": {"hp": 85, "atk": 85, "def": 85, "spa": 85, "spd": 85, "spe": 85}, "ivs": {"hp": 31, "atk": 31, "def": 31, "spa": 31, "spd": 31, "spe": 31}, "item": "Choice Specs", "teraType": "Water", "role": "Wallbreaker", "bvs": {"hp": 80, "atk": 74, "def": 74, "spa": 126, "spd": 116, "spe": 60}, "stats": {"hp": 268, "atk": 171, "def": 171, "spa": 257, "spd": 240, "spe": 147}, "types": ["Water", "Fairy"]}, "Pincurchin": {"name": "Pincurchin", "species": "Pincurchin", "speciesId": "pincurchin", "gender": "F", "shiny": false, "level": 100, "moves": ["recover", "liquidation", "zingzap", "curse"], "ability": "Electric Surge", "evs": {"hp": 85, "atk": 85, "def": 85, "spa": 85, "spd": 85, "spe": 85}, "ivs": {"hp": 31, "atk": 31, "def": 31, "spa": 31, "spd": 31, "spe": 31}, "item": "Leftovers", "teraType": "Water", "role": "Bulky Setup", "bvs": {"hp": 48, "atk": 101, "def": 95, "spa": 91, "spd": 85, "spe": 15}, "stats": {"hp": 258, "atk": 259, "def": 247, "spa": 239, "spd": 227, "spe": 87}, "types": ["Electric"]}, "Dipplin": {"name": "Dipplin", "species": "Dipplin", "speciesId": "dipplin", "gender": "M", "shiny": false, "level": 88, "moves": ["dragonpulse", "recover", "gigadrain", "dragontail"], "ability": "Sticky Hold", "evs": {"hp": 85, "atk": 85, "def": 85, "spa": 85, "spd": 85, "spe": 85}, "ivs": {"hp": 31, "atk": 31, "def": 31, "spa": 31, "spd": 31, "spe": 31}, "item": "Eviolite", "teraType": "Steel", "role": "Bulky Attacker", "bvs": {"hp": 80, "atk": 80, "def": 110, "spa": 95, "spd": 80, "spe": 40}, "stats": {"hp": 284, "atk": 191, "def": 244, "spa": 217, "spd": 191, "spe": 121}, "types": ["Grass", "Dragon"]}, "Scream Tail": {"name": "Scream Tail", "species": "Scream Tail", "speciesId": "screamtail", "gender": "N", "shiny": false, "level": 84, "moves": ["protect", "wish", "dazzlinggleam", "thunderwave"], "ability": "Protosynthesis", "evs": {"hp": 85, "atk": 0, "def": 85, "spa": 85, "spd": 85, "spe": 85}, "ivs": {"hp": 31, "atk": 0, "def": 31, "spa": 31, "spd": 31, "spe": 31}, "item": "Leftovers", "teraType": "Steel", "role": "Bulky Attacker", "bvs": {"hp": 115, "atk": 65, "def": 99, "spa": 65, "spd": 115, "spe": 111}, "stats": {"hp": 330, "atk": 114, "def": 215, "spa": 157, "spd": 241, "spe": 235}, "types": ["Fairy", "Psychic"]}, "Noctowl": {"name": "Noctowl", "species": "Noctowl", "speciesId": "noctowl", "gender": "F", "shiny": false, "level": 95, "moves": ["roost", "hurricane", "defog", "hypervoice"], "ability": "Tinted Lens", "evs": {"hp": 85, "atk": 0, "def": 85, "spa": 85, "spd": 85, "spe": 85}, "ivs": {"hp": 31, "atk": 0, "def": 31, "spa": 31, "spd": 31, "spe": 31}, "item": "Heavy-Duty Boots", "teraType": "Ground", "role": "Bulky Attacker", "bvs": {"hp": 100, "atk": 50, "def": 50, "spa": 86, "spd": 96, "spe": 70}, "stats": {"hp": 344, "atk": 100, "def": 149, "spa": 217, "spd": 236, "spe": 187}, "types": ["Normal", "Flying"]}}, {"Latias": {"name": "Latias", "species": "Latias", "speciesId": "latias", "gender": "F", "shiny": false, "level": 79, "moves": ["dracometeor", "calmmind", "recover", "psyshock"], "ability": "Levitate", "evs": {"hp": 85, "atk": 0, "def": 85, "spa": 85, "spd": 85, "spe": 85}, "ivs": {"hp": 31, "atk": 0, "def": 31, "spa": 31, "spd": 31, "spe": 31}, "item": "Soul Dew", "teraType": "Steel", "role": "Fast Bulky Setup", "bvs": {"hp": 80, "atk": 80, "def": 90, "spa": 110, "spd": 130, "spe": 110}, "stats": {"hp": 256, "atk": 131, "def": 188, "spa": 219, "spd": 251, "spe": 219}, "types": ["Dragon", "Psychic"]}, "Hypno": {"name": "Hypno", "species": "Hypno", "speciesId": "hypno", "gender": "F", "shiny": false, "level": 95, "moves": ["toxic", "focusblast", "psychicnoise", "protect"], "ability": "Insomnia", "evs": {"hp": 85, "atk": 0, "def": 85, "spa": 85, "spd": 85, "spe": 85}, "ivs": {"hp": 31, "atk": 0, "def": 31, "spa": 31, "spd": 31, "spe": 31}, "item": "Leftovers", "teraType": "Steel", "role": "Bulky Attacker", "bvs": {"hp": 85, "atk": 73, "def": 70, "spa": 73, "spd": 115, "spe": 67}, "stats": {"hp": 315, "atk": 143, "def": 187, "spa": 193, "spd": 272, "spe": 181}, "types": ["Psychic"]}, "Morpeko": {"name": "Morpeko", "species": "Morpeko", "speciesId": "morpeko", "gender": "M", "shiny": false, "level": 88, "moves": ["rapidspin", "knockoff", "protect", "aurawheel"], "ability": "Hunger Switch", "evs": {"hp": 85, "atk": 85, "def": 85, "spa": 85, "spd": 85, "spe": 85}, "ivs": {"hp": 31, "atk": 31, "def": 31, "spa": 31, "spd": 31, "spe": 31}, "item": "Leftovers", "teraType": "Electric", "role": "Bulky Attacker", "bvs": {"hp": 58, "atk": 95, "def": 58, "spa": 70, "spd": 58, "spe": 97}, "stats": {"hp": 245, "atk": 217, "def": 152, "spa": 173, "spd": 152, "spe": 221}, "types": ["Electric", "Dark"]}, "Blaziken": {"name": "Blaziken", "species": "Blaziken", "speciesId": "blaziken", "gender": "F", "shiny": false, "level": 76, "moves": ["knockoff", "swordsdance", "closecombat", "flareblitz"], "ability": "Speed Boost", "evs": {"hp": 85, "atk": 85, "def": 85, "spa": 85, "spd": 85, "spe": 85}, "ivs": {"hp": 31, "atk": 31, "def": 31, "spa": 31, "spd": 31, "spe": 31}, "item": "Life Orb", "teraType": "Dark", "role": "Setup Sweeper", "bvs": {"hp": 80, "atk": 120, "def": 70, "spa": 110, "spd": 70, "spe": 80}, "stats": {"hp": 247, "atk": 226, "def": 150, "spa": 211, "spd": 150, "spe": 166}, "types": ["Fire", "Fighting"]}, "Goodra": {"name": "Goodra", "species": "Goodra", "speciesId": "goodra", "gender": "M", "shiny": false, "level": 85, "moves": ["sludgebomb", "dracometeor", "fireblast", "earthquake"], "ability": "Sap Sipper", "evs": {"hp": 85, "atk": 85, "def": 85, "spa": 85, "spd": 85, "spe": 85}, "ivs": {"hp": 31, "atk": 31, "def": 31, "spa": 31, "spd": 31, "spe": 31}, "item": "Assault Vest", "teraType": "Poison", "role": "AV Pivot", "bvs": {"hp": 90, "atk": 100, "def": 70, "spa": 110, "spd": 150, "spe": 80}, "stats": {"hp": 292, "atk": 219, "def": 168, "spa": 236, "spd": 304, "spe": 185}, "types": ["Dragon"]}, "Floatzel": {"name": "Floatzel", "species": "Floatzel", "speciesId": "floatzel", "gender": "F", "shiny": false, "level": 86, "moves": ["taunt", "bulkup", "icespinner", "wavecrash"], "ability": "Water Veil", "evs": {"hp": 85, "atk": 85, "def": 85, "spa": 85, "spd": 85, "spe": 85}, "ivs": {"hp": 31, "atk": 31, "def": 31, "spa": 31, "spd": 31, "spe": 31}, "item": "Leftovers", "teraType": "Steel", "role": "Bulky Setup", "bvs": {"hp": 85, "atk": 105, "def": 55, "spa": 85, "spd": 50, "spe": 115}, "stats": {"hp": 286, "atk": 230, "def": 144, "spa": 195, "spd": 135, "spe": 247}, "types": ["Water"]}}]}