{"id": "gen9randombattle-2641943629", "format": "[Gen 9] Random Battle", "players": ["Comm20", "jr the don"], "log": "|j|\u2606Comm20\n|j|\u2606jr the don\n|t:|1782862585\n|gametype|singles\n|player|p1|Comm20|pokemonbreederf-gen4|1667\n|player|p2|jr the don|170|1701\n|gen|9\n|tier|[Gen 9] Random Battle\n|rated|\n|rule|Species Clause: Limit one of each Pok\u00e9mon\n|rule|HP Percentage Mod: HP is shown in percentages\n|rule|Sleep Clause Mod: Limit one foe put to sleep\n|rule|Illusion Level Mod: Illusion disguises the Pok\u00e9mon's true level\n|\n|t:|1782862585\n|teamsize|p1|6\n|teamsize|p2|6\n|start\n|switch|p1a: Skarmory|Skarmory, L80, M|235/235\n|switch|p2a: Alomomola|Alomomola, L87, M|429/429\n|turn|1\n|inactive|Battle timer is ON: inactive players will automatically lose when time's up. (requested by jr the don)\n|\n|t:|1782862592\n|switch|p1a: Whimsicott|Whimsicott, L84, M|238/238\n|move|p2a: Alomomola|Scald|p1a: Whimsicott\n|-resisted|p1a: Whimsicott\n|-damage|p1a: Whimsicott|211/238\n|\n|-heal|p1a: Whimsicott|225/238|[from] item: Leftovers\n|upkeep\n|turn|2\n|inactive|jr the don has 120 seconds left.\n|c|\u2606Comm20|don jr sucks ass\n|inactive|jr the don has 90 seconds left.\n|inactive|jr the don has 60 seconds left.\n|\n|t:|1782862690\n|move|p1a: Whimsicott|Substitute|p1a: Whimsicott\n|-start|p1a: Whimsicott|Substitute\n|-damage|p1a: Whimsicott|166/238\n|move|p2a: Alomomola|Flip Turn|p1a: Whimsicott\n|-resisted|p1a: Whimsicott\n|-activate|p1a: Whimsicott|move: Substitute|[damage]\n|c|\u2606jr the don|nothing to do with him\n|\n|t:|1782862701\n|switch|p2a: Solgaleo|Solgaleo, L74|325/325|[from] Flip Turn\n|\n|-heal|p1a: Whimsicott|180/238|[from] item: Leftovers\n|upkeep\n|turn|3\n|\n|t:|1782862705\n|move|p1a: Whimsicott|Leech Seed|p2a: Solgaleo\n|-start|p2a: Solgaleo|move: Leech Seed\n|move|p2a: Solgaleo|Psychic Fangs|p1a: Whimsicott\n|-crit|p1a: Whimsicott\n|-end|p1a: Whimsicott|Substitute\n|\n|-heal|p1a: Whimsicott|194/238|[from] item: Leftovers\n|-damage|p2a: Solgaleo|285/325|[from] Leech Seed|[of] p1a: Whimsicott\n|-heal|p1a: Whimsicott|234/238|[silent]\n|upkeep\n|turn|4\n|c|\u2606Comm20|ok\n|c|\u2606Comm20|point stand\n|c|\u2606Comm20|s\n|\n|t:|1782862723\n|switch|p1a: Ogerpon|Ogerpon-Wellspring, L76, F|247/247\n|switch|p2a: Hatterene|Hatterene, L85, F|236/236\n|\n|upkeep\n|turn|5\n|c|\u2606jr the don|agreed\n|\n|t:|1782862731\n|move|p1a: Ogerpon|Ivy Cudgel|p2a: Hatterene|[anim] Ivy Cudgel Water\n|-damage|p2a: Hatterene|119/236\n|move|p2a: Hatterene|Psychic|p1a: Ogerpon\n|-damage|p1a: Ogerpon|123/247\n|-unboost|p1a: Ogerpon|spd|1\n|\n|-heal|p2a: Hatterene|133/236|[from] item: Leftovers\n|upkeep\n|turn|6\n|inactive|Comm20 has 120 seconds left.\n|\n|t:|1782862785\n|switch|p1a: Farigiraf|Farigiraf, L90, M|362/362\n|move|p2a: Hatterene|Draining Kiss|p1a: Farigiraf\n|-damage|p1a: Farigiraf|277/362\n|-heal|p2a: Hatterene|197/236|[from] drain|[of] p1a: Farigiraf\n|\n|-heal|p1a: Farigiraf|299/362|[from] item: Leftovers\n|-heal|p2a: Hatterene|211/236|[from] item: Leftovers\n|upkeep\n|turn|7\n|inactive|jr the don has 60 seconds left.\n|\n|t:|1782862826\n|move|p1a: Farigiraf|Body Slam|p2a: Hatterene\n|-damage|p2a: Hatterene|118/236\n|move|p2a: Hatterene|Calm Mind|p2a: Hatterene\n|-boost|p2a: Hatterene|spa|1\n|-boost|p2a: Hatterene|spd|1\n|\n|-heal|p1a: Farigiraf|321/362|[from] item: Leftovers\n|-heal|p2a: Hatterene|132/236|[from] item: Leftovers\n|upkeep\n|turn|8\n|\n|t:|1782862835\n|switch|p2a: Drifblim|Drifblim, L86, F|396/396\n|move|p1a: Farigiraf|Psychic Noise|p2a: Drifblim\n|-damage|p2a: Drifblim|263/396\n|-start|p2a: Drifblim|move: Heal Block\n|\n|-heal|p1a: Farigiraf|343/362|[from] item: Leftovers\n|upkeep\n|turn|9\n|\n|t:|1782862842\n|move|p2a: Drifblim|Calm Mind|p2a: Drifblim\n|-boost|p2a: Drifblim|spa|1\n|-boost|p2a: Drifblim|spd|1\n|move|p1a: Farigiraf|Psychic Noise|p2a: Drifblim\n|-damage|p2a: Drifblim|163/396\n|\n|-heal|p1a: Farigiraf|362/362|[from] item: Leftovers\n|-end|p2a: Drifblim|move: Heal Block\n|upkeep\n|-enditem|p2a: Drifblim|Sitrus Berry|[eat]\n|-heal|p2a: Drifblim|262/396|[from] item: Sitrus Berry\n|turn|10\n|\n|t:|1782862851\n|move|p2a: Drifblim|Calm Mind|p2a: Drifblim\n|-boost|p2a: Drifblim|spa|1\n|-boost|p2a: Drifblim|spd|1\n|move|p1a: Farigiraf|Psychic Noise|p2a: Drifblim\n|-damage|p2a: Drifblim|189/396\n|-start|p2a: Drifblim|move: Heal Block\n|\n|upkeep\n|turn|11\n|\n|t:|1782862858\n|move|p2a: Drifblim|Air Slash|p1a: Farigiraf\n|-damage|p1a: Farigiraf|187/362\n|cant|p1a: Farigiraf|flinch\n|\n|-heal|p1a: Farigiraf|209/362|[from] item: Leftovers\n|-end|p2a: Drifblim|move: Heal Block\n|upkeep\n|turn|12\n|\n|t:|1782862863\n|move|p2a: Drifblim|Strength Sap|p1a: Farigiraf\n|-ability|p1a: Farigiraf|Sap Sipper|boost\n|-boost|p1a: Farigiraf|atk|1\n|move|p1a: Farigiraf|Wish|p1a: Farigiraf\n|\n|-heal|p1a: Farigiraf|231/362|[from] item: Leftovers\n|upkeep\n|turn|13\n|inactive|jr the don has 90 seconds left.\n|\n|t:|1782862868\n|move|p2a: Drifblim|Calm Mind|p2a: Drifblim\n|-boost|p2a: Drifblim|spa|1\n|-boost|p2a: Drifblim|spd|1\n|move|p1a: Farigiraf|Psychic Noise|p2a: Drifblim\n|-damage|p2a: Drifblim|135/396\n|-start|p2a: Drifblim|move: Heal Block\n|\n|-heal|p1a: Farigiraf|362/362|[from] move: Wish|[wisher] Farigiraf\n|upkeep\n|turn|14\n|\n|t:|1782862883\n|move|p2a: Drifblim|Air Slash|p1a: Farigiraf\n|-damage|p1a: Farigiraf|133/362\n|move|p1a: Farigiraf|Psychic Noise|p2a: Drifblim\n|-damage|p2a: Drifblim|78/396\n|\n|-heal|p1a: Farigiraf|155/362|[from] item: Leftovers\n|-end|p2a: Drifblim|move: Heal Block\n|upkeep\n|turn|15\n|\n|t:|1782862888\n|move|p2a: Drifblim|Air Slash|p1a: Farigiraf\n|-damage|p1a: Farigiraf|0 fnt\n|faint|p1a: Farigiraf\n|\n|upkeep\n|\n|t:|1782862896\n|switch|p1a: Whimsicott|Whimsicott, L84, M|234/238\n|turn|16\n|\n|t:|1782862900\n|-terastallize|p1a: Whimsicott|Steel\n|move|p1a: Whimsicott|Leech Seed|p2a: Drifblim\n|-start|p2a: Drifblim|move: Leech Seed\n|move|p2a: Drifblim|Air Slash|p1a: Whimsicott\n|-resisted|p1a: Whimsicott\n|-damage|p1a: Whimsicott|132/238\n|\n|-heal|p1a: Whimsicott|146/238|[from] item: Leftovers\n|-damage|p2a: Drifblim|29/396|[from] Leech Seed|[of] p1a: Whimsicott\n|-heal|p1a: Whimsicott|195/238|[silent]\n|upkeep\n|turn|17\n|\n|t:|1782862908\n|move|p1a: Whimsicott|Encore|p2a: Drifblim\n|-start|p2a: Drifblim|Encore\n|move|p2a: Drifblim|Air Slash|p1a: Whimsicott|[miss]\n|-miss|p2a: Drifblim|p1a: Whimsicott\n|\n|-heal|p1a: Whimsicott|209/238|[from] item: Leftovers\n|-damage|p2a: Drifblim|0 fnt|[from] Leech Seed|[of] p1a: Whimsicott\n|-heal|p1a: Whimsicott|238/238|[silent]\n|faint|p2a: Drifblim\n|upkeep\n|\n|t:|1782862922\n|switch|p2a: Hatterene|Hatterene, L85, F|132/236\n|turn|18\n|\n|t:|1782862931\n|switch|p1a: Ogerpon|Ogerpon-Wellspring, L76, F|123/247\n|move|p2a: Hatterene|Mystical Fire|p1a: Ogerpon\n|-damage|p1a: Ogerpon|50/247\n|-unboost|p1a: Ogerpon|spa|1\n|\n|-heal|p2a: Hatterene|146/236|[from] item: Leftovers\n|upkeep\n|turn|19\n|\n|t:|1782862937\n|switch|p2a: Hydrapple|Hydrapple, L83, F|312/312\n|move|p1a: Ogerpon|Synthesis|p1a: Ogerpon\n|-heal|p1a: Ogerpon|173/247\n|\n|upkeep\n|turn|20\n|\n|t:|1782862940\n|move|p1a: Ogerpon|Spikes|p2a: Hydrapple\n|-sidestart|p2: jr the don|Spikes\n|move|p2a: Hydrapple|Fickle Beam|p1a: Ogerpon\n|-damage|p1a: Ogerpon|73/247\n|\n|upkeep\n|turn|21\n|\n|t:|1782862950\n|switch|p1a: Skarmory|Skarmory, L80, M|235/235\n|switch|p2a: Hatterene|Hatterene, L85, F|146/236\n|-damage|p2a: Hatterene|117/236|[from] Spikes\n|\n|-heal|p2a: Hatterene|131/236|[from] item: Leftovers\n|upkeep\n|turn|22\n|\n|t:|1782862963\n|switch|p2a: Alomomola|Alomomola, L87, M|429/429\n|-damage|p2a: Alomomola|376/429|[from] Spikes\n|move|p1a: Skarmory|Brave Bird|p2a: Alomomola\n|-damage|p2a: Alomomola|276/429\n|-damage|p1a: Skarmory|196/235|[from] item: Rocky Helmet|[of] p2a: Alomomola\n|-damage|p1a: Skarmory|163/235|[from] Recoil\n|\n|-heal|p1a: Skarmory|177/235|[from] item: Leftovers\n|upkeep\n|turn|23\n|\n|t:|1782862966\n|move|p2a: Alomomola|Wish|p2a: Alomomola\n|move|p1a: Skarmory|Iron Defense|p1a: Skarmory\n|-boost|p1a: Skarmory|def|2\n|\n|-heal|p1a: Skarmory|191/235|[from] item: Leftovers\n|upkeep\n|turn|24\n|\n|t:|1782862983\n|switch|p1a: Whimsicott|Whimsicott, L84, M, tera:Steel|238/238\n|move|p2a: Alomomola|Scald|p1a: Whimsicott\n|-damage|p1a: Whimsicott|178/238\n|-status|p1a: Whimsicott|brn\n|\n|-heal|p2a: Alomomola|429/429|[from] move: Wish|[wisher] Alomomola\n|-heal|p1a: Whimsicott|192/238 brn|[from] item: Leftovers\n|-damage|p1a: Whimsicott|178/238 brn|[from] brn\n|upkeep\n|turn|25\n|\n|t:|1782862988\n|move|p1a: Whimsicott|Moonblast|p2a: Alomomola\n|-damage|p2a: Alomomola|297/429\n|move|p2a: Alomomola|Wish|p2a: Alomomola\n|\n|-heal|p1a: Whimsicott|192/238 brn|[from] item: Leftovers\n|-damage|p1a: Whimsicott|178/238 brn|[from] brn\n|upkeep\n|turn|26\n|\n|t:|1782863006\n|switch|p2a: Hatterene|Hatterene, L85, F|131/236\n|-damage|p2a: Hatterene|102/236|[from] Spikes\n|move|p1a: Whimsicott|Moonblast|p2a: Hatterene\n|-damage|p2a: Hatterene|33/236\n|\n|-heal|p2a: Hatterene|236/236|[from] move: Wish|[wisher] Alomomola\n|-heal|p1a: Whimsicott|192/238 brn|[from] item: Leftovers\n|-damage|p1a: Whimsicott|178/238 brn|[from] brn\n|upkeep\n|turn|27\n|inactive|jr the don has 120 seconds left.\n|\n|t:|1782863062\n|move|p1a: Whimsicott|Moonblast|p2a: Hatterene\n|-damage|p2a: Hatterene|160/236\n|move|p2a: Hatterene|Mystical Fire|p1a: Whimsicott\n|-supereffective|p1a: Whimsicott\n|-damage|p1a: Whimsicott|4/238 brn\n|-unboost|p1a: Whimsicott|spa|1\n|\n|-heal|p1a: Whimsicott|18/238 brn|[from] item: Leftovers\n|-heal|p2a: Hatterene|174/236|[from] item: Leftovers\n|-damage|p1a: Whimsicott|4/238 brn|[from] brn\n|upkeep\n|turn|28\n|\n|t:|1782863069\n|move|p1a: Whimsicott|Moonblast|p2a: Hatterene\n|-damage|p2a: Hatterene|125/236\n|-unboost|p2a: Hatterene|spa|1\n|move|p2a: Hatterene|Calm Mind|p2a: Hatterene\n|-boost|p2a: Hatterene|spa|1\n|-boost|p2a: Hatterene|spd|1\n|\n|-heal|p1a: Whimsicott|18/238 brn|[from] item: Leftovers\n|-heal|p2a: Hatterene|139/236|[from] item: Leftovers\n|-damage|p1a: Whimsicott|4/238 brn|[from] brn\n|upkeep\n|turn|29\n|\n|t:|1782863074\n|move|p1a: Whimsicott|Moonblast|p2a: Hatterene\n|-damage|p2a: Hatterene|103/236\n|move|p2a: Hatterene|Draining Kiss|p1a: Whimsicott\n|-resisted|p1a: Whimsicott\n|-damage|p1a: Whimsicott|0 fnt\n|-heal|p2a: Hatterene|106/236|[from] drain|[of] p1a: Whimsicott\n|faint|p1a: Whimsicott\n|\n|-heal|p2a: Hatterene|120/236|[from] item: Leftovers\n|upkeep\n|\n|t:|1782863085\n|switch|p1a: Hitmonlee|Hitmonlee, L85, M|224/224\n|turn|30\n|inactive|jr the don has 120 seconds left.\n|\n|t:|1782863091\n|switch|p2a: Alomomola|Alomomola, L87, M|429/429\n|-damage|p2a: Alomomola|376/429|[from] Spikes\n|move|p1a: Hitmonlee|Poison Jab|p2a: Alomomola\n|-damage|p2a: Alomomola|306/429\n|-damage|p1a: Hitmonlee|187/224|[from] item: Rocky Helmet|[of] p2a: Alomomola\n|\n|upkeep\n|turn|31\n|\n|t:|1782863097\n|move|p1a: Hitmonlee|Swords Dance|p1a: Hitmonlee\n|-boost|p1a: Hitmonlee|atk|2\n|move|p2a: Alomomola|Scald|p1a: Hitmonlee\n|-damage|p1a: Hitmonlee|144/224\n|\n|upkeep\n|turn|32\n|\n|t:|1782863101\n|move|p1a: Hitmonlee|Knock Off|p2a: Alomomola\n|-damage|p2a: Alomomola|145/429\n|-damage|p1a: Hitmonlee|107/224|[from] item: Rocky Helmet|[of] p2a: Alomomola\n|-enditem|p2a: Alomomola|Rocky Helmet|[from] move: Knock Off|[of] p1a: Hitmonlee\n|move|p2a: Alomomola|Flip Turn|p1a: Hitmonlee\n|-damage|p1a: Hitmonlee|32/224\n|\n|t:|1782863111\n|switch|p2a: Manaphy|Manaphy, L78|284/284|[from] Flip Turn\n|-damage|p2a: Manaphy|249/284|[from] Spikes\n|\n|-heal|p2a: Manaphy|266/284|[from] item: Leftovers\n|upkeep\n|turn|33\n|\n|t:|1782863119\n|move|p2a: Manaphy|Energy Ball|p1a: Hitmonlee\n|-crit|p1a: Hitmonlee\n|-damage|p1a: Hitmonlee|0 fnt\n|faint|p1a: Hitmonlee\n|\n|-heal|p2a: Manaphy|283/284|[from] item: Leftovers\n|upkeep\n|\n|t:|1782863121\n|switch|p1a: Lugia|Lugia, L73|275/275\n|turn|34\n|\n|t:|1782863125\n|move|p1a: Lugia|Calm Mind|p1a: Lugia\n|-boost|p1a: Lugia|spa|1\n|-boost|p1a: Lugia|spd|1\n|move|p2a: Manaphy|Ice Beam|p1a: Lugia\n|-supereffective|p1a: Lugia\n|-damage|p1a: Lugia|245/275\n|-status|p1a: Lugia|frz\n|\n|-heal|p2a: Manaphy|284/284|[from] item: Leftovers\n|upkeep\n|turn|35\n|\n|t:|1782863135\n|-curestatus|p1a: Lugia|frz|[msg]\n|move|p1a: Lugia|Aeroblast|p2a: Manaphy\n|-damage|p2a: Manaphy|178/284\n|move|p2a: Manaphy|Tail Glow|p2a: Manaphy\n|-boost|p2a: Manaphy|spa|3\n|\n|-heal|p2a: Manaphy|195/284|[from] item: Leftovers\n|upkeep\n|turn|36\n|\n|t:|1782863139\n|move|p1a: Lugia|Calm Mind|p1a: Lugia\n|-boost|p1a: Lugia|spa|1\n|-boost|p1a: Lugia|spd|1\n|move|p2a: Manaphy|Ice Beam|p1a: Lugia\n|-supereffective|p1a: Lugia\n|-damage|p1a: Lugia|147/275\n|\n|-heal|p2a: Manaphy|212/284|[from] item: Leftovers\n|upkeep\n|turn|37\n|\n|t:|1782863146\n|move|p1a: Lugia|Aeroblast|p2a: Manaphy\n|-crit|p2a: Manaphy\n|-damage|p2a: Manaphy|0 fnt\n|faint|p2a: Manaphy\n|\n|upkeep\n|\n|t:|1782863167\n|switch|p2a: Hydrapple|Hydrapple, L83, F|312/312\n|-damage|p2a: Hydrapple|273/312|[from] Spikes\n|turn|38\n|\n|t:|1782863176\n|move|p1a: Lugia|Aeroblast|p2a: Hydrapple\n|-supereffective|p2a: Hydrapple\n|-damage|p2a: Hydrapple|39/312\n|move|p2a: Hydrapple|Dragon Tail|p1a: Lugia|[miss]\n|-miss|p2a: Hydrapple|p1a: Lugia\n|\n|upkeep\n|turn|39\n|\n|t:|1782863182\n|move|p1a: Lugia|Aeroblast|p2a: Hydrapple\n|-supereffective|p2a: Hydrapple\n|-damage|p2a: Hydrapple|0 fnt\n|faint|p2a: Hydrapple\n|\n|upkeep\n|\n|t:|1782863190\n|switch|p2a: Alomomola|Alomomola, L87, M|288/429\n|-damage|p2a: Alomomola|235/429|[from] Spikes\n|turn|40\n|inactive|Comm20 has 120 seconds left.\n|\n|t:|1782863223\n|move|p2a: Alomomola|Protect|p2a: Alomomola\n|-singleturn|p2a: Alomomola|Protect\n|move|p1a: Lugia|Aeroblast|p2a: Alomomola\n|-activate|p2a: Alomomola|move: Protect\n|\n|upkeep\n|turn|41\n|inactive|jr the don has 120 seconds left.\n|inactive|jr the don has 90 seconds left.\n|\n|t:|1782863293\n|switch|p2a: Solgaleo|Solgaleo, L74|285/325\n|-damage|p2a: Solgaleo|245/325|[from] Spikes\n|move|p1a: Lugia|Aeroblast|p2a: Solgaleo\n|-resisted|p2a: Solgaleo\n|-damage|p2a: Solgaleo|162/325\n|\n|upkeep\n|turn|42\n|inactive|Comm20 has 120 seconds left.\n|\n|t:|1782863343\n|move|p1a: Lugia|Earth Power|p2a: Solgaleo\n|-supereffective|p2a: Solgaleo\n|-damage|p2a: Solgaleo|0 fnt\n|faint|p2a: Solgaleo\n|\n|upkeep\n|\n|t:|1782863353\n|switch|p2a: Alomomola|Alomomola, L87, M|378/429\n|-damage|p2a: Alomomola|325/429|[from] Spikes\n|turn|43\n|inactive|Comm20 has 90 seconds left.\n|inactive|Comm20 has 60 seconds left.\n|\n|t:|1782863425\n|move|p1a: Lugia|Aeroblast|p2a: Alomomola\n|-damage|p2a: Alomomola|76/429\n|move|p2a: Alomomola|Wish|p2a: Alomomola\n|\n|upkeep\n|turn|44\n|inactive|jr the don has 90 seconds left.\n|\n|t:|1782863456\n|move|p2a: Alomomola|Protect|p2a: Alomomola\n|-singleturn|p2a: Alomomola|Protect\n|move|p1a: Lugia|Calm Mind|p1a: Lugia\n|-boost|p1a: Lugia|spa|1\n|-boost|p1a: Lugia|spd|1\n|\n|-heal|p2a: Alomomola|290/429|[from] move: Wish|[wisher] Alomomola\n|upkeep\n|turn|45\n|\n|t:|1782863468\n|move|p1a: Lugia|Aeroblast|p2a: Alomomola\n|-damage|p2a: Alomomola|5/429\n|move|p2a: Alomomola|Wish|p2a: Alomomola\n|\n|upkeep\n|turn|46\n|inactive|jr the don has 90 seconds left.\n|\n|t:|1782863478\n|move|p1a: Lugia|Calm Mind|p1a: Lugia\n|-boost|p1a: Lugia|spa|1\n|-boost|p1a: Lugia|spd|1\n|move|p2a: Alomomola|Flip Turn|p1a: Lugia\n|-damage|p1a: Lugia|99/275\n|\n|t:|1782863481\n|switch|p2a: Hatterene|Hatterene, L85, F|120/236|[from] Flip Turn\n|-damage|p2a: Hatterene|91/236|[from] Spikes\n|\n|-heal|p2a: Hatterene|236/236|[from] move: Wish|[wisher] Alomomola\n|upkeep\n|turn|47\n|\n|t:|1782863487\n|move|p1a: Lugia|Recover|p1a: Lugia\n|-heal|p1a: Lugia|237/275\n|move|p2a: Hatterene|Calm Mind|p2a: Hatterene\n|-boost|p2a: Hatterene|spa|1\n|-boost|p2a: Hatterene|spd|1\n|\n|upkeep\n|turn|48\n|\n|t:|1782863494\n|move|p1a: Lugia|Earth Power|p2a: Hatterene\n|-damage|p2a: Hatterene|148/236\n|move|p2a: Hatterene|Calm Mind|p2a: Hatterene\n|-boost|p2a: Hatterene|spa|1\n|-boost|p2a: Hatterene|spd|1\n|\n|-heal|p2a: Hatterene|162/236|[from] item: Leftovers\n|upkeep\n|turn|49\n|\n|t:|1782863502\n|move|p1a: Lugia|Calm Mind|p1a: Lugia\n|-boost|p1a: Lugia|spa|1\n|-boost|p1a: Lugia|spd|1\n|move|p2a: Hatterene|Calm Mind|p2a: Hatterene\n|-boost|p2a: Hatterene|spa|1\n|-boost|p2a: Hatterene|spd|1\n|\n|-heal|p2a: Hatterene|176/236|[from] item: Leftovers\n|upkeep\n|turn|50\n|inactive|jr the don has 120 seconds left.\n|\n|t:|1782863508\n|move|p1a: Lugia|Calm Mind|p1a: Lugia\n|-boost|p1a: Lugia|spa|1\n|-boost|p1a: Lugia|spd|1\n|move|p2a: Hatterene|Mystical Fire|p1a: Lugia\n|-damage|p1a: Lugia|203/275\n|-unboost|p1a: Lugia|spa|1\n|\n|-heal|p2a: Hatterene|190/236|[from] item: Leftovers\n|upkeep\n|turn|51\n|\n|t:|1782863511\n|move|p1a: Lugia|Earth Power|p2a: Hatterene\n|-damage|p2a: Hatterene|129/236\n|move|p2a: Hatterene|Calm Mind|p2a: Hatterene\n|-boost|p2a: Hatterene|spa|1\n|-boost|p2a: Hatterene|spd|1\n|\n|-heal|p2a: Hatterene|143/236|[from] item: Leftovers\n|upkeep\n|turn|52\n|\n|t:|1782863515\n|move|p1a: Lugia|Calm Mind|p1a: Lugia\n|-boost|p1a: Lugia|spa|1\n|-boost|p1a: Lugia|spd|0\n|move|p2a: Hatterene|Mystical Fire|p1a: Lugia\n|-damage|p1a: Lugia|163/275\n|-unboost|p1a: Lugia|spa|1\n|\n|-heal|p2a: Hatterene|157/236|[from] item: Leftovers\n|upkeep\n|turn|53\n|inactive|Comm20 has 120 seconds left.\n|c|\u2606Comm20|oh i have no pp\n|c|\u2606Comm20|gg\n|c|\u2606Comm20|then\n|-message|Comm20 forfeited.\n|\n|win|jr the don\n", "inputlog": ">version f8ac14003a5f27e1bdc8d8c59608a773c1cb96e5\n>start {\"formatid\":\"gen9randombattle\",\"seed\":\"sodium,4e9667b0b375527b23c706f822fb714c\",\"rated\":\"Rated battle\"}\n>player p1 {\"name\":\"Comm20\",\"avatar\":\"pokemonbreederf-gen4\",\"rating\":1667,\"seed\":\"sodium,f67bd55c79903bf7b5cffffa359c7de1\"}\n>player p2 {\"name\":\"jr the don\",\"avatar\":\"170\",\"rating\":1701,\"seed\":\"sodium,998362c3e4545bd7d03d5b378387adc4\"}\n>p1 switch 5\n>p2 move scald\n>chat \u2606Comm20|don jr sucks ass\n>p1 move substitute\n>p2 move flipturn\n>chat \u2606jr the don|nothing to do with him\n>p2 switch 4\n>p1 move leechseed\n>p2 move psychicfangs\n>chat \u2606Comm20|ok\n>chat \u2606Comm20|point stand\n>chat \u2606Comm20|s\n>p1 switch 2\n>p2 switch 3\n>chat \u2606jr the don|agreed\n>p1 move ivycudgel\n>p2 move psychic\n>p1 switch 3\n>p2 move drainingkiss\n>p1 move bodyslam\n>p2 move calmmind\n>p1 move psychicnoise\n>p2 switch 5\n>p1 move psychicnoise\n>p2 move calmmind\n>p1 move psychicnoise\n>p2 move calmmind\n>p1 move psychicnoise\n>p2 move airslash\n>p1 move wish\n>p2 move strengthsap\n>p1 move psychicnoise\n>p2 move calmmind\n>p1 move psychicnoise\n>p2 move airslash\n>p1 move psychicnoise\n>p2 move airslash\n>p1 switch 2\n>p1 move leechseed terastallize\n>p2 move airslash\n>p1 move encore\n>p2 move strengthsap\n>p2 switch 5\n>p1 switch 3\n>p2 move mysticalfire\n>p1 move synthesis\n>p2 switch 6\n>p1 move spikes\n>p2 move ficklebeam\n>p1 switch 5\n>p2 switch 6\n>p1 move bravebird\n>p2 switch 4\n>p1 move irondefense\n>p2 move wish\n>p1 switch 3\n>p2 move scald\n>p1 move moonblast\n>p2 move wish\n>p1 move moonblast\n>p2 switch 4\n>p1 move moonblast\n>p2 move mysticalfire\n>p1 move moonblast\n>p2 move calmmind\n>p1 move moonblast\n>p2 move drainingkiss\n>p1 switch 6\n>p1 move poisonjab\n>p2 switch 4\n>p1 move swordsdance\n>p2 move scald\n>p1 move knockoff\n>p2 move flipturn\n>p2 switch 2\n>p1 move closecombat\n>p2 move energyball\n>p1 switch 4\n>p1 move calmmind\n>p2 move icebeam\n>p1 move aeroblast\n>p2 move tailglow\n>p1 move calmmind\n>p2 move icebeam\n>p1 move aeroblast\n>p2 move icebeam\n>p2 switch 6\n>p1 move aeroblast\n>p2 move dragontail\n>p1 move aeroblast\n>p2 move dragontail\n>p2 switch 2\n>p1 move aeroblast\n>p2 move protect\n>p1 move aeroblast\n>p2 switch 3\n>p1 move earthpower\n>p2 move morningsun\n>p2 switch 3\n>p1 move aeroblast\n>p2 move wish\n>p1 move calmmind\n>p2 move protect\n>p1 move aeroblast\n>p2 move wish\n>p1 move calmmind\n>p2 move flipturn\n>p2 switch 4\n>p1 move recover\n>p2 move calmmind\n>p1 move earthpower\n>p2 move calmmind\n>p1 move calmmind\n>p2 move calmmind\n>p1 move calmmind\n>p2 move mysticalfire\n>p1 move earthpower\n>p2 move calmmind\n>p1 move calmmind\n>p2 move mysticalfire\n>chat \u2606Comm20|oh i have no pp\n>chat \u2606Comm20|gg\n>chat \u2606Comm20|then\n>forcelose p1", "uploadtime": 1782862623, "views": 1, "formatid": "gen9randombattle", "rating": null, "private": 0, "password": null, "player_dets": [{"name": "Comm20", "avatar": "pokemonbreederf-gen4", "rating": 1667, "seed": "sodium,f67bd55c79903bf7b5cffffa359c7de1"}, {"name": "jr the don", "avatar": "170", "rating": 1701, "seed": "sodium,998362c3e4545bd7d03d5b378387adc4"}], "teams_full": [{"Skarmory": {"name": "Skarmory", "species": "Skarmory", "speciesId": "skarmory", "gender": "M", "shiny": false, "level": 80, "moves": ["irondefense", "bodypress", "bravebird", "roost"], "ability": "Sturdy", "evs": {"hp": 85, "atk": 85, "def": 85, "spa": 85, "spd": 85, "spe": 85}, "ivs": {"hp": 31, "atk": 31, "def": 31, "spa": 31, "spd": 31, "spe": 31}, "item": "Leftovers", "teraType": "Fighting", "role": "Bulky Setup", "bvs": {"hp": 65, "atk": 80, "def": 140, "spa": 40, "spd": 70, "spe": 70}, "stats": {"hp": 235, "atk": 174, "def": 270, "spa": 110, "spd": 158, "spe": 158}, "types": ["Steel", "Flying"]}, "Ogerpon": {"name": "Ogerpon", "species": "Ogerpon-Wellspring", "speciesId": "ogerponwellspring", "gender": "F", "shiny": false, "level": 76, "moves": ["woodhammer", "spikes", "synthesis", "ivycudgel"], "ability": "Water Absorb", "evs": {"hp": 85, "atk": 85, "def": 85, "spa": 85, "spd": 85, "spe": 85}, "ivs": {"hp": 31, "atk": 31, "def": 31, "spa": 31, "spd": 31, "spe": 31}, "item": "Wellspring Mask", "teraType": "Water", "role": "Bulky Attacker", "bvs": {"hp": 80, "atk": 120, "def": 84, "spa": 60, "spd": 96, "spe": 110}, "stats": {"hp": 247, "atk": 226, "def": 172, "spa": 135, "spd": 190, "spe": 211}, "types": ["Grass", "Water"]}, "Farigiraf": {"name": "Farigiraf", "species": "Farigiraf", "speciesId": "farigiraf", "gender": "M", "shiny": false, "level": 90, "moves": ["wish", "psychicnoise", "protect", "bodyslam"], "ability": "Sap Sipper", "evs": {"hp": 85, "atk": 85, "def": 85, "spa": 85, "spd": 85, "spe": 85}, "ivs": {"hp": 31, "atk": 31, "def": 31, "spa": 31, "spd": 31, "spe": 31}, "item": "Leftovers", "teraType": "Fairy", "role": "Bulky Support", "bvs": {"hp": 120, "atk": 90, "def": 70, "spa": 110, "spd": 70, "spe": 60}, "stats": {"hp": 362, "atk": 213, "def": 177, "spa": 249, "spd": 177, "spe": 159}, "types": ["Normal", "Psychic"]}, "Lugia": {"name": "Lugia", "species": "Lugia", "speciesId": "lugia", "gender": "N", "shiny": false, "level": 73, "moves": ["aeroblast", "earthpower", "recover", "calmmind"], "ability": "Multiscale", "evs": {"hp": 85, "atk": 0, "def": 85, "spa": 85, "spd": 85, "spe": 85}, "ivs": {"hp": 31, "atk": 0, "def": 31, "spa": 31, "spd": 31, "spe": 31}, "item": "Heavy-Duty Boots", "teraType": "Steel", "role": "Bulky Setup", "bvs": {"hp": 106, "atk": 90, "def": 130, "spa": 90, "spd": 154, "spe": 110}, "stats": {"hp": 275, "atk": 136, "def": 232, "spa": 174, "spd": 267, "spe": 203}, "types": ["Psychic", "Flying"]}, "Whimsicott": {"name": "Whimsicott", "species": "Whimsicott", "speciesId": "whimsicott", "gender": "M", "shiny": false, "level": 84, "moves": ["leechseed", "substitute", "encore", "moonblast"], "ability": "Prankster", "evs": {"hp": 85, "atk": 0, "def": 85, "spa": 85, "spd": 85, "spe": 85}, "ivs": {"hp": 31, "atk": 0, "def": 31, "spa": 31, "spd": 31, "spe": 31}, "item": "Leftovers", "teraType": "Steel", "role": "Bulky Support", "bvs": {"hp": 60, "atk": 67, "def": 85, "spa": 77, "spd": 75, "spe": 116}, "stats": {"hp": 238, "atk": 117, "def": 191, "spa": 178, "spd": 174, "spe": 243}, "types": ["Grass", "Fairy"]}, "Hitmonlee": {"name": "Hitmonlee", "species": "Hitmonlee", "speciesId": "hitmonlee", "gender": "M", "shiny": false, "level": 85, "moves": ["poisonjab", "swordsdance", "closecombat", "knockoff"], "ability": "Unburden", "evs": {"hp": 85, "atk": 85, "def": 85, "spa": 85, "spd": 85, "spe": 85}, "ivs": {"hp": 31, "atk": 31, "def": 31, "spa": 31, "spd": 31, "spe": 31}, "item": "White Herb", "teraType": "Poison", "role": "Setup Sweeper", "bvs": {"hp": 50, "atk": 120, "def": 53, "spa": 35, "spd": 110, "spe": 87}, "stats": {"hp": 224, "atk": 253, "def": 139, "spa": 108, "spd": 236, "spe": 197}, "types": ["Fighting"]}}, {"Alomomola": {"name": "Alomomola", "species": "Alomomola", "speciesId": "alomomola", "gender": "M", "shiny": false, "level": 87, "moves": ["scald", "flipturn", "wish", "protect"], "ability": "Regenerator", "evs": {"hp": 85, "atk": 85, "def": 85, "spa": 85, "spd": 85, "spe": 85}, "ivs": {"hp": 31, "atk": 31, "def": 31, "spa": 31, "spd": 31, "spe": 31}, "item": "Rocky Helmet", "teraType": "Steel", "role": "Bulky Support", "bvs": {"hp": 165, "atk": 75, "def": 80, "spa": 40, "spd": 45, "spe": 65}, "stats": {"hp": 429, "atk": 180, "def": 189, "spa": 119, "spd": 128, "spe": 163}, "types": ["Water"]}, "Manaphy": {"name": "Manaphy", "species": "Manaphy", "speciesId": "manaphy", "gender": "N", "shiny": false, "level": 78, "moves": ["tailglow", "surf", "icebeam", "energyball"], "ability": "Hydration", "evs": {"hp": 85, "atk": 0, "def": 85, "spa": 85, "spd": 85, "spe": 85}, "ivs": {"hp": 31, "atk": 0, "def": 31, "spa": 31, "spd": 31, "spe": 31}, "item": "Leftovers", "teraType": "Water", "role": "Bulky Setup", "bvs": {"hp": 100, "atk": 100, "def": 100, "spa": 100, "spd": 100, "spe": 100}, "stats": {"hp": 284, "atk": 161, "def": 201, "spa": 201, "spd": 201, "spe": 201}, "types": ["Water"]}, "Hatterene": {"name": "Hatterene", "species": "Hatterene", "speciesId": "hatterene", "gender": "F", "shiny": false, "level": 85, "moves": ["calmmind", "drainingkiss", "psychic", "mysticalfire"], "ability": "Magic Bounce", "evs": {"hp": 85, "atk": 0, "def": 85, "spa": 85, "spd": 85, "spe": 85}, "ivs": {"hp": 31, "atk": 0, "def": 31, "spa": 31, "spd": 31, "spe": 31}, "item": "Leftovers", "teraType": "Steel", "role": "Bulky Setup", "bvs": {"hp": 57, "atk": 90, "def": 95, "spa": 136, "spd": 103, "spe": 29}, "stats": {"hp": 236, "atk": 158, "def": 210, "spa": 280, "spd": 224, "spe": 98}, "types": ["Psychic", "Fairy"]}, "Solgaleo": {"name": "Solgaleo", "species": "Solgaleo", "speciesId": "solgaleo", "gender": "N", "shiny": false, "level": 74, "moves": ["psychicfangs", "earthquake", "morningsun", "sunsteelstrike"], "ability": "Full Metal Body", "evs": {"hp": 85, "atk": 85, "def": 85, "spa": 85, "spd": 85, "spe": 85}, "ivs": {"hp": 31, "atk": 31, "def": 31, "spa": 31, "spd": 31, "spe": 31}, "item": "Rocky Helmet", "teraType": "Water", "role": "Bulky Attacker", "bvs": {"hp": 137, "atk": 137, "def": 107, "spa": 113, "spd": 89, "spe": 97}, "stats": {"hp": 325, "atk": 246, "def": 201, "spa": 210, "spd": 175, "spe": 187}, "types": ["Psychic", "Steel"]}, "Drifblim": {"name": "Drifblim", "species": "Drifblim", "speciesId": "drifblim", "gender": "F", "shiny": false, "level": 86, "moves": ["shadowball", "strengthsap", "airslash", "calmmind"], "ability": "Unburden", "evs": {"hp": 73, "atk": 0, "def": 85, "spa": 85, "spd": 85, "spe": 85}, "ivs": {"hp": 31, "atk": 0, "def": 31, "spa": 31, "spd": 31, "spe": 31}, "item": "Sitrus Berry", "teraType": "Steel", "role": "Bulky Attacker", "bvs": {"hp": 150, "atk": 80, "def": 44, "spa": 90, "spd": 54, "spe": 80}, "stats": {"hp": 396, "atk": 142, "def": 125, "spa": 204, "spd": 142, "spe": 187}, "types": ["Ghost", "Flying"]}, "Hydrapple": {"name": "Hydrapple", "species": "Hydrapple", "speciesId": "hydrapple", "gender": "F", "shiny": false, "level": 83, "moves": ["ficklebeam", "dragontail", "leafstorm", "earthpower"], "ability": "Regenerator", "evs": {"hp": 85, "atk": 85, "def": 85, "spa": 85, "spd": 85, "spe": 85}, "ivs": {"hp": 31, "atk": 31, "def": 31, "spa": 31, "spd": 31, "spe": 31}, "item": "Assault Vest", "teraType": "Steel", "role": "AV Pivot", "bvs": {"hp": 106, "atk": 80, "def": 110, "spa": 120, "spd": 80, "spe": 44}, "stats": {"hp": 312, "atk": 180, "def": 230, "spa": 247, "spd": 180, "spe": 121}, "types": ["Grass", "Dragon"]}}]}