{"id": "gen9randombattle-2642091330", "format": "[Gen 9] Random Battle", "players": ["RedDudeN64", "notmetbh102"], "log": "|j|\u2606RedDudeN64\n|j|\u2606notmetbh102\n|t:|1782887974\n|gametype|singles\n|player|p1|RedDudeN64|red|2216\n|player|p2|notmetbh102|265|2251\n|gen|9\n|tier|[Gen 9] Random Battle\n|rated|\n|rule|Species Clause: Limit one of each Pok\u00e9mon\n|rule|HP Percentage Mod: HP is shown in percentages\n|rule|Sleep Clause Mod: Limit one foe put to sleep\n|rule|Illusion Level Mod: Illusion disguises the Pok\u00e9mon's true level\n|\n|t:|1782887974\n|teamsize|p1|6\n|teamsize|p2|6\n|start\n|switch|p1a: Chimecho|Chimecho, L93, M|290/290\n|switch|p2a: Keldeo|Keldeo-Resolute, L79|273/273\n|turn|1\n|inactive|Battle timer is ON: inactive players will automatically lose when time's up. (requested by notmetbh102)\n|c|\u2606notmetbh102|hf\n|\n|t:|1782887981\n|move|p2a: Keldeo|Hydro Pump|p1a: Chimecho\n|-damage|p1a: Chimecho|109/290\n|move|p1a: Chimecho|Psychic Noise|p2a: Keldeo\n|-supereffective|p2a: Keldeo\n|-damage|p2a: Keldeo|61/273\n|-start|p2a: Keldeo|move: Heal Block\n|\n|-heal|p1a: Chimecho|127/290|[from] item: Leftovers\n|upkeep\n|turn|2\n|\n|t:|1782887988\n|switch|p1a: Primarina|Primarina, L83, F|268/268\n|move|p2a: Keldeo|Hydro Pump|p1a: Primarina\n|-resisted|p1a: Primarina\n|-damage|p1a: Primarina|189/268\n|\n|-heal|p1a: Primarina|205/268|[from] item: Leftovers\n|-end|p2a: Keldeo|move: Heal Block\n|upkeep\n|turn|3\n|\n|t:|1782887992\n|switch|p2a: Arboliva|Arboliva, L91, F|290/290\n|move|p1a: Primarina|Calm Mind|p1a: Primarina\n|-boost|p1a: Primarina|spa|1\n|-boost|p1a: Primarina|spd|1\n|\n|-heal|p1a: Primarina|221/268|[from] item: Leftovers\n|upkeep\n|turn|4\n|\n|t:|1782887995\n|move|p1a: Primarina|Calm Mind|p1a: Primarina\n|-boost|p1a: Primarina|spa|1\n|-boost|p1a: Primarina|spd|1\n|move|p2a: Arboliva|Energy Ball|p1a: Primarina\n|-supereffective|p1a: Primarina\n|-damage|p1a: Primarina|105/268\n|\n|-heal|p1a: Primarina|121/268|[from] item: Leftovers\n|upkeep\n|turn|5\n|\n|t:|1782888006\n|move|p1a: Primarina|Calm Mind|p1a: Primarina\n|-boost|p1a: Primarina|spa|1\n|-boost|p1a: Primarina|spd|1\n|move|p2a: Arboliva|Energy Ball|p1a: Primarina\n|-supereffective|p1a: Primarina\n|-damage|p1a: Primarina|29/268\n|\n|-heal|p1a: Primarina|45/268|[from] item: Leftovers\n|upkeep\n|turn|6\n|\n|t:|1782888013\n|switch|p2a: Keldeo|Keldeo-Resolute, L79|61/273\n|move|p1a: Primarina|Moonblast|p2a: Keldeo\n|-supereffective|p2a: Keldeo\n|-damage|p2a: Keldeo|0 fnt\n|faint|p2a: Keldeo\n|\n|-heal|p1a: Primarina|61/268|[from] item: Leftovers\n|upkeep\n|\n|t:|1782888013\n|switch|p2a: Dugtrio|Dugtrio, L84, M|196/196\n|turn|7\n|\n|t:|1782888016\n|move|p2a: Dugtrio|Earthquake|p1a: Primarina\n|-damage|p1a: Primarina|0 fnt\n|faint|p1a: Primarina\n|\n|upkeep\n|\n|t:|1782888020\n|switch|p1a: Gliscor|Gliscor, L76, F|239/239\n|turn|8\n|\n|t:|1782888023\n|switch|p2a: Arboliva|Arboliva, L91, F|290/290\n|move|p1a: Gliscor|Toxic|p2a: Arboliva\n|-status|p2a: Arboliva|tox\n|\n|-damage|p2a: Arboliva|272/290 tox|[from] psn\n|-status|p1a: Gliscor|tox|[from] item: Toxic Orb\n|upkeep\n|turn|9\n|\n|t:|1782888028\n|move|p1a: Gliscor|Protect|p1a: Gliscor\n|-singleturn|p1a: Gliscor|Protect\n|move|p2a: Arboliva|Hyper Voice|p1a: Gliscor\n|-activate|p1a: Gliscor|move: Protect\n|\n|-heal|p2a: Arboliva|290/290 tox|[from] item: Leftovers\n|-damage|p2a: Arboliva|254/290 tox|[from] psn\n|upkeep\n|turn|10\n|\n|t:|1782888037\n|switch|p1a: Chimecho|Chimecho, L93, M|127/290\n|move|p2a: Arboliva|Hyper Voice|p1a: Chimecho\n|-damage|p1a: Chimecho|4/290\n|\n|-heal|p1a: Chimecho|22/290|[from] item: Leftovers\n|-heal|p2a: Arboliva|272/290 tox|[from] item: Leftovers\n|-damage|p2a: Arboliva|218/290 tox|[from] psn\n|upkeep\n|turn|11\n|\n|t:|1782888039\n|switch|p2a: Sableye|Sableye, L88, F|231/231\n|move|p1a: Chimecho|Recover|p1a: Chimecho\n|-heal|p1a: Chimecho|167/290\n|\n|-heal|p1a: Chimecho|185/290|[from] item: Leftovers\n|upkeep\n|turn|12\n|\n|t:|1782888041\n|move|p1a: Chimecho|Thunder Wave|p2a: Sableye\n|-status|p2a: Sableye|par\n|cant|p2a: Sableye|par\n|\n|-heal|p1a: Chimecho|203/290|[from] item: Leftovers\n|upkeep\n|turn|13\n|\n|t:|1782888045\n|switch|p1a: Gliscor|Gliscor, L76, F|239/239 tox\n|move|p2a: Sableye|Knock Off|p1a: Gliscor\n|-damage|p1a: Gliscor|164/239 tox\n|-enditem|p1a: Gliscor|Toxic Orb|[from] move: Knock Off|[of] p2a: Sableye\n|\n|-heal|p1a: Gliscor|193/239 tox|[from] ability: Poison Heal\n|upkeep\n|turn|14\n|\n|t:|1782888049\n|switch|p2a: Arboliva|Arboliva, L91, F|218/290 tox\n|move|p1a: Gliscor|Earthquake|p2a: Arboliva\n|-resisted|p2a: Arboliva\n|-damage|p2a: Arboliva|180/290 tox\n|-fieldstart|move: Grassy Terrain|[from] ability: Seed Sower|[of] p2a: Arboliva\n|\n|-heal|p2a: Arboliva|198/290 tox|[from] Grassy Terrain\n|-heal|p2a: Arboliva|216/290 tox|[from] item: Leftovers\n|-heal|p1a: Gliscor|222/239 tox|[from] ability: Poison Heal\n|-damage|p2a: Arboliva|198/290 tox|[from] psn\n|upkeep\n|turn|15\n|\n|t:|1782888054\n|switch|p1a: Yanmega|Yanmega, L82, F|275/275\n|move|p2a: Arboliva|Energy Ball|p1a: Yanmega\n|-resisted|p1a: Yanmega\n|-damage|p1a: Yanmega|214/275\n|\n|-heal|p2a: Arboliva|216/290 tox|[from] Grassy Terrain\n|-heal|p2a: Arboliva|234/290 tox|[from] item: Leftovers\n|-damage|p2a: Arboliva|198/290 tox|[from] psn\n|upkeep\n|turn|16\n|\n|t:|1782888059\n|switch|p2a: Glaceon|Glaceon, L94, F|275/275\n|move|p1a: Yanmega|Bug Buzz|p2a: Glaceon\n|-damage|p2a: Glaceon|133/275\n|\n|-heal|p2a: Glaceon|150/275|[from] Grassy Terrain\n|upkeep\n|turn|17\n|\n|t:|1782888066\n|switch|p1a: Chimecho|Chimecho, L93, M|203/290\n|move|p2a: Glaceon|Protect||[still]\n|-fail|p2a: Glaceon\n|\n|-heal|p2a: Glaceon|167/275|[from] Grassy Terrain\n|-heal|p1a: Chimecho|221/290|[from] item: Leftovers\n|upkeep\n|turn|18\n|\n|t:|1782888073\n|move|p2a: Glaceon|Wish|p2a: Glaceon\n|move|p1a: Chimecho|Psychic Noise|p2a: Glaceon\n|-damage|p2a: Glaceon|92/275\n|-start|p2a: Glaceon|move: Heal Block\n|\n|-heal|p1a: Chimecho|239/290|[from] item: Leftovers\n|-fieldend|move: Grassy Terrain\n|upkeep\n|turn|19\n|\n|t:|1782888077\n|move|p2a: Glaceon|Freeze-Dry|p1a: Chimecho\n|-damage|p1a: Chimecho|134/290\n|move|p1a: Chimecho|Knock Off|p2a: Glaceon\n|-damage|p2a: Glaceon|55/275\n|-enditem|p2a: Glaceon|Heavy-Duty Boots|[from] move: Knock Off|[of] p1a: Chimecho\n|\n|-heal|p1a: Chimecho|152/290|[from] item: Leftovers\n|-end|p2a: Glaceon|move: Heal Block\n|upkeep\n|turn|20\n|\n|t:|1782888081\n|move|p2a: Glaceon|Freeze-Dry|p1a: Chimecho\n|-damage|p1a: Chimecho|43/290\n|move|p1a: Chimecho|Recover|p1a: Chimecho\n|-heal|p1a: Chimecho|188/290\n|\n|-heal|p1a: Chimecho|206/290|[from] item: Leftovers\n|upkeep\n|turn|21\n|\n|t:|1782888083\n|move|p2a: Glaceon|Wish|p2a: Glaceon\n|move|p1a: Chimecho|Psychic Noise|p2a: Glaceon\n|-damage|p2a: Glaceon|0 fnt\n|faint|p2a: Glaceon\n|\n|-heal|p1a: Chimecho|224/290|[from] item: Leftovers\n|upkeep\n|\n|t:|1782888084\n|switch|p2a: Arboliva|Arboliva, L91, F|198/290 tox\n|turn|22\n|\n|t:|1782888090\n|move|p1a: Chimecho|Psychic Noise|p2a: Arboliva\n|-damage|p2a: Arboliva|129/290 tox\n|-start|p2a: Arboliva|move: Heal Block\n|-fieldstart|move: Grassy Terrain|[from] ability: Seed Sower|[of] p2a: Arboliva\n|move|p2a: Arboliva|Energy Ball|p1a: Chimecho\n|-damage|p1a: Chimecho|77/290\n|\n|-heal|p1a: Chimecho|95/290|[from] item: Leftovers\n|-damage|p2a: Arboliva|111/290 tox|[from] psn\n|upkeep\n|turn|23\n|\n|t:|1782888092\n|move|p1a: Chimecho|Recover|p1a: Chimecho\n|-heal|p1a: Chimecho|240/290\n|move|p2a: Arboliva|Energy Ball|p1a: Chimecho\n|-damage|p1a: Chimecho|78/290\n|\n|-heal|p1a: Chimecho|96/290|[from] item: Leftovers\n|-damage|p2a: Arboliva|75/290 tox|[from] psn\n|-end|p2a: Arboliva|move: Heal Block\n|upkeep\n|turn|24\n|\n|t:|1782888097\n|move|p1a: Chimecho|Recover|p1a: Chimecho\n|-heal|p1a: Chimecho|241/290\n|move|p2a: Arboliva|Strength Sap|p1a: Chimecho\n|-unboost|p1a: Chimecho|atk|1\n|-heal|p2a: Arboliva|221/290 tox\n|\n|-heal|p1a: Chimecho|259/290|[from] item: Leftovers\n|-heal|p2a: Arboliva|239/290 tox|[from] Grassy Terrain\n|-heal|p2a: Arboliva|257/290 tox|[from] item: Leftovers\n|-damage|p2a: Arboliva|203/290 tox|[from] psn\n|upkeep\n|turn|25\n|\n|t:|1782888100\n|move|p1a: Chimecho|Knock Off|p2a: Arboliva\n|-damage|p2a: Arboliva|174/290 tox\n|-enditem|p2a: Arboliva|Leftovers|[from] move: Knock Off|[of] p1a: Chimecho\n|move|p2a: Arboliva|Hyper Voice|p1a: Chimecho\n|-damage|p1a: Chimecho|132/290\n|\n|-heal|p1a: Chimecho|150/290|[from] item: Leftovers\n|-heal|p2a: Arboliva|192/290 tox|[from] Grassy Terrain\n|-damage|p2a: Arboliva|120/290 tox|[from] psn\n|upkeep\n|turn|26\n|\n|t:|1782888105\n|switch|p2a: Dugtrio|Dugtrio, L84, M|196/196\n|move|p1a: Chimecho|Recover|p1a: Chimecho\n|-heal|p1a: Chimecho|290/290\n|\n|-fieldend|move: Grassy Terrain\n|upkeep\n|turn|27\n|\n|t:|1782888111\n|switch|p1a: Gliscor|Gliscor, L76, F|222/239 tox\n|move|p2a: Dugtrio|Stone Edge|p1a: Gliscor|[miss]\n|-miss|p2a: Dugtrio|p1a: Gliscor\n|\n|-heal|p1a: Gliscor|239/239 tox|[from] ability: Poison Heal\n|upkeep\n|turn|28\n|\n|t:|1782888116\n|switch|p2a: Arboliva|Arboliva, L91, F|120/290 tox\n|move|p1a: Gliscor|Earthquake|p2a: Arboliva\n|-resisted|p2a: Arboliva\n|-crit|p2a: Arboliva\n|-damage|p2a: Arboliva|58/290 tox\n|-fieldstart|move: Grassy Terrain|[from] ability: Seed Sower|[of] p2a: Arboliva\n|\n|-heal|p2a: Arboliva|76/290 tox|[from] Grassy Terrain\n|-damage|p2a: Arboliva|58/290 tox|[from] psn\n|upkeep\n|turn|29\n|\n|t:|1782888119\n|move|p1a: Gliscor|Protect|p1a: Gliscor\n|-singleturn|p1a: Gliscor|Protect\n|move|p2a: Arboliva|Hyper Voice|p1a: Gliscor\n|-activate|p1a: Gliscor|move: Protect\n|\n|-heal|p2a: Arboliva|76/290 tox|[from] Grassy Terrain\n|-damage|p2a: Arboliva|40/290 tox|[from] psn\n|upkeep\n|turn|30\n|\n|t:|1782888127\n|switch|p1a: Chimecho|Chimecho, L93, M|290/290\n|move|p2a: Arboliva|Hyper Voice|p1a: Chimecho\n|-damage|p1a: Chimecho|158/290\n|\n|-heal|p1a: Chimecho|176/290|[from] item: Leftovers\n|-heal|p2a: Arboliva|58/290 tox|[from] Grassy Terrain\n|-damage|p2a: Arboliva|4/290 tox|[from] psn\n|upkeep\n|turn|31\n|\n|t:|1782888134\n|move|p1a: Chimecho|Psychic Noise|p2a: Arboliva\n|-damage|p2a: Arboliva|0 fnt\n|faint|p2a: Arboliva\n|\n|-heal|p1a: Chimecho|194/290|[from] item: Leftovers\n|upkeep\n|\n|t:|1782888135\n|switch|p2a: Dugtrio|Dugtrio, L84, M|196/196\n|turn|32\n|\n|t:|1782888138\n|switch|p2a: Toxapex|Toxapex, L82, F|216/216\n|move|p1a: Chimecho|Recover|p1a: Chimecho\n|-heal|p1a: Chimecho|290/290\n|\n|-fieldend|move: Grassy Terrain\n|upkeep\n|turn|33\n|\n|t:|1782888140\n|move|p1a: Chimecho|Psychic Noise|p2a: Toxapex\n|-supereffective|p2a: Toxapex\n|-damage|p2a: Toxapex|84/216\n|-start|p2a: Toxapex|move: Heal Block\n|move|p2a: Toxapex|Toxic|p1a: Chimecho\n|-status|p1a: Chimecho|tox\n|\n|-damage|p1a: Chimecho|272/290 tox|[from] psn\n|upkeep\n|turn|34\n|\n|t:|1782888144\n|switch|p1a: Gliscor|Gliscor, L76, F|239/239 tox\n|move|p2a: Toxapex|Liquidation|p1a: Gliscor\n|-supereffective|p1a: Gliscor\n|-damage|p1a: Gliscor|125/239 tox\n|\n|-heal|p1a: Gliscor|154/239 tox|[from] ability: Poison Heal\n|-end|p2a: Toxapex|move: Heal Block\n|upkeep\n|turn|35\n|\n|t:|1782888149\n|-terastallize|p2a: Toxapex|Grass\n|move|p1a: Gliscor|Earthquake|p2a: Toxapex\n|-resisted|p2a: Toxapex\n|-damage|p2a: Toxapex|58/216\n|move|p2a: Toxapex|Liquidation|p1a: Gliscor\n|-supereffective|p1a: Gliscor\n|-damage|p1a: Gliscor|52/239 tox\n|\n|-heal|p1a: Gliscor|81/239 tox|[from] ability: Poison Heal\n|upkeep\n|turn|36\n|\n|t:|1782888152\n|move|p1a: Gliscor|Protect|p1a: Gliscor\n|-singleturn|p1a: Gliscor|Protect\n|move|p2a: Toxapex|Recover|p2a: Toxapex\n|-heal|p2a: Toxapex|166/216\n|\n|-heal|p1a: Gliscor|110/239 tox|[from] ability: Poison Heal\n|upkeep\n|turn|37\n|\n|t:|1782888155\n|switch|p1a: Yanmega|Yanmega, L82, F|214/275\n|move|p2a: Toxapex|Liquidation|p1a: Yanmega\n|-damage|p1a: Yanmega|145/275\n|\n|upkeep\n|turn|38\n|\n|t:|1782888157\n|switch|p2a: Sableye|Sableye, L88, F|231/231 par\n|move|p1a: Yanmega|Bug Buzz|p2a: Sableye\n|-damage|p2a: Sableye|35/231 par\n|-unboost|p2a: Sableye|spd|1\n|\n|-heal|p2a: Sableye|49/231 par|[from] item: Leftovers\n|upkeep\n|turn|39\n|\n|t:|1782888160\n|switch|p1a: Gliscor|Gliscor, L76, F|110/239 tox\n|cant|p2a: Sableye|par\n|\n|-heal|p2a: Sableye|63/231 par|[from] item: Leftovers\n|-heal|p1a: Gliscor|139/239 tox|[from] ability: Poison Heal\n|upkeep\n|turn|40\n|\n|t:|1782888163\n|move|p2a: Sableye|Recover|p2a: Sableye\n|-heal|p2a: Sableye|179/231 par\n|move|p1a: Gliscor|Earthquake|p2a: Sableye\n|-damage|p2a: Sableye|94/231 par\n|\n|-heal|p2a: Sableye|108/231 par|[from] item: Leftovers\n|-heal|p1a: Gliscor|168/239 tox|[from] ability: Poison Heal\n|upkeep\n|turn|41\n|\n|t:|1782888165\n|cant|p2a: Sableye|par\n|move|p1a: Gliscor|Earthquake|p2a: Sableye\n|-damage|p2a: Sableye|17/231 par\n|\n|-heal|p2a: Sableye|31/231 par|[from] item: Leftovers\n|-heal|p1a: Gliscor|197/239 tox|[from] ability: Poison Heal\n|upkeep\n|turn|42\n|\n|t:|1782888167\n|cant|p2a: Sableye|par\n|move|p1a: Gliscor|Earthquake|p2a: Sableye\n|-damage|p2a: Sableye|0 fnt\n|faint|p2a: Sableye\n|\n|-heal|p1a: Gliscor|226/239 tox|[from] ability: Poison Heal\n|upkeep\n|\n|t:|1782888168\n|switch|p2a: Toxapex|Toxapex, L82, F, tera:Grass|216/216\n|turn|43\n|\n|t:|1782888171\n|move|p1a: Gliscor|Toxic|p2a: Toxapex|[miss]\n|-miss|p1a: Gliscor|p2a: Toxapex\n|move|p2a: Toxapex|Liquidation|p1a: Gliscor\n|-supereffective|p1a: Gliscor\n|-damage|p1a: Gliscor|128/239 tox\n|\n|-heal|p1a: Gliscor|157/239 tox|[from] ability: Poison Heal\n|upkeep\n|turn|44\n|\n|t:|1782888173\n|move|p1a: Gliscor|Protect|p1a: Gliscor\n|-singleturn|p1a: Gliscor|Protect\n|move|p2a: Toxapex|Liquidation|p1a: Gliscor\n|-activate|p1a: Gliscor|move: Protect\n|\n|-heal|p1a: Gliscor|186/239 tox|[from] ability: Poison Heal\n|upkeep\n|turn|45\n|\n|t:|1782888175\n|switch|p2a: Dugtrio|Dugtrio, L84, M|196/196\n|move|p1a: Gliscor|Toxic|p2a: Dugtrio\n|-status|p2a: Dugtrio|tox\n|\n|-damage|p2a: Dugtrio|184/196 tox|[from] psn\n|-heal|p1a: Gliscor|215/239 tox|[from] ability: Poison Heal\n|upkeep\n|turn|46\n|\n|t:|1782888178\n|switch|p2a: Toxapex|Toxapex, L82, F, tera:Grass|216/216\n|move|p1a: Gliscor|Protect||[still]\n|-fail|p1a: Gliscor\n|\n|-heal|p1a: Gliscor|239/239 tox|[from] ability: Poison Heal\n|upkeep\n|turn|47\n|\n|t:|1782888179\n|switch|p2a: Dugtrio|Dugtrio, L84, M|184/196 tox\n|move|p1a: Gliscor|Toxic|p2a: Dugtrio\n|-fail|p2a: Dugtrio|tox\n|\n|-damage|p2a: Dugtrio|172/196 tox|[from] psn\n|upkeep\n|turn|48\n|\n|t:|1782888181\n|switch|p2a: Toxapex|Toxapex, L82, F, tera:Grass|216/216\n|move|p1a: Gliscor|Substitute|p1a: Gliscor\n|-start|p1a: Gliscor|Substitute\n|-damage|p1a: Gliscor|180/239 tox\n|\n|-heal|p1a: Gliscor|209/239 tox|[from] ability: Poison Heal\n|upkeep\n|turn|49\n|\n|t:|1782888185\n|move|p1a: Gliscor|Toxic|p2a: Toxapex\n|-status|p2a: Toxapex|tox\n|move|p2a: Toxapex|Liquidation|p1a: Gliscor\n|-supereffective|p1a: Gliscor\n|-end|p1a: Gliscor|Substitute\n|\n|-heal|p1a: Gliscor|238/239 tox|[from] ability: Poison Heal\n|-damage|p2a: Toxapex|203/216 tox|[from] psn\n|upkeep\n|turn|50\n|\n|t:|1782888187\n|switch|p2a: Dugtrio|Dugtrio, L84, M|172/196 tox\n|move|p1a: Gliscor|Substitute|p1a: Gliscor\n|-start|p1a: Gliscor|Substitute\n|-damage|p1a: Gliscor|179/239 tox\n|\n|-damage|p2a: Dugtrio|160/196 tox|[from] psn\n|-heal|p1a: Gliscor|208/239 tox|[from] ability: Poison Heal\n|upkeep\n|turn|51\n|\n|t:|1782888197\n|switch|p2a: Toxapex|Toxapex, L82, F, tera:Grass|216/216 tox\n|move|p1a: Gliscor|Protect||[still]\n|-fail|p1a: Gliscor\n|\n|-heal|p1a: Gliscor|237/239 tox|[from] ability: Poison Heal\n|-damage|p2a: Toxapex|203/216 tox|[from] psn\n|upkeep\n|turn|52\n|\n|t:|1782888199\n|move|p1a: Gliscor|Earthquake|p2a: Toxapex\n|-resisted|p2a: Toxapex\n|-damage|p2a: Toxapex|173/216 tox\n|move|p2a: Toxapex|Liquidation|p1a: Gliscor\n|-supereffective|p1a: Gliscor\n|-end|p1a: Gliscor|Substitute\n|\n|-heal|p1a: Gliscor|239/239 tox|[from] ability: Poison Heal\n|-damage|p2a: Toxapex|147/216 tox|[from] psn\n|upkeep\n|turn|53\n|\n|t:|1782888202\n|move|p1a: Gliscor|Earthquake|p2a: Toxapex\n|-resisted|p2a: Toxapex\n|-damage|p2a: Toxapex|118/216 tox\n|move|p2a: Toxapex|Liquidation|p1a: Gliscor\n|-supereffective|p1a: Gliscor\n|-damage|p1a: Gliscor|131/239 tox\n|\n|-heal|p1a: Gliscor|160/239 tox|[from] ability: Poison Heal\n|-damage|p2a: Toxapex|79/216 tox|[from] psn\n|upkeep\n|turn|54\n|\n|t:|1782888204\n|move|p1a: Gliscor|Substitute|p1a: Gliscor\n|-start|p1a: Gliscor|Substitute\n|-damage|p1a: Gliscor|101/239 tox\n|move|p2a: Toxapex|Recover|p2a: Toxapex\n|-heal|p2a: Toxapex|187/216 tox\n|\n|-heal|p1a: Gliscor|130/239 tox|[from] ability: Poison Heal\n|-damage|p2a: Toxapex|135/216 tox|[from] psn\n|upkeep\n|turn|55\n|\n|t:|1782888207\n|move|p1a: Gliscor|Earthquake|p2a: Toxapex\n|-resisted|p2a: Toxapex\n|-damage|p2a: Toxapex|108/216 tox\n|move|p2a: Toxapex|Recover|p2a: Toxapex\n|-heal|p2a: Toxapex|216/216 tox\n|\n|-heal|p1a: Gliscor|159/239 tox|[from] ability: Poison Heal\n|-damage|p2a: Toxapex|151/216 tox|[from] psn\n|upkeep\n|turn|56\n|\n|t:|1782888210\n|move|p1a: Gliscor|Protect|p1a: Gliscor\n|-singleturn|p1a: Gliscor|Protect\n|move|p2a: Toxapex|Recover|p2a: Toxapex\n|-heal|p2a: Toxapex|216/216 tox\n|\n|-heal|p1a: Gliscor|188/239 tox|[from] ability: Poison Heal\n|-damage|p2a: Toxapex|138/216 tox|[from] psn\n|upkeep\n|turn|57\n|\n|t:|1782888211\n|move|p1a: Gliscor|Earthquake|p2a: Toxapex\n|-resisted|p2a: Toxapex\n|-damage|p2a: Toxapex|111/216 tox\n|move|p2a: Toxapex|Recover|p2a: Toxapex\n|-heal|p2a: Toxapex|216/216 tox\n|\n|-heal|p1a: Gliscor|217/239 tox|[from] ability: Poison Heal\n|-damage|p2a: Toxapex|125/216 tox|[from] psn\n|upkeep\n|turn|58\n|\n|t:|1782888214\n|move|p1a: Gliscor|Earthquake|p2a: Toxapex\n|-resisted|p2a: Toxapex\n|-damage|p2a: Toxapex|99/216 tox\n|move|p2a: Toxapex|Recover|p2a: Toxapex\n|-heal|p2a: Toxapex|207/216 tox\n|\n|-heal|p1a: Gliscor|239/239 tox|[from] ability: Poison Heal\n|-damage|p2a: Toxapex|103/216 tox|[from] psn\n|upkeep\n|turn|59\n|\n|t:|1782888220\n|move|p1a: Gliscor|Toxic|p2a: Toxapex\n|-fail|p2a: Toxapex|tox\n|move|p2a: Toxapex|Recover|p2a: Toxapex\n|-heal|p2a: Toxapex|211/216 tox\n|\n|-damage|p2a: Toxapex|94/216 tox|[from] psn\n|upkeep\n|turn|60\n|\n|t:|1782888226\n|move|p1a: Gliscor|Toxic|p2a: Toxapex\n|-fail|p2a: Toxapex|tox\n|move|p2a: Toxapex|Recover|p2a: Toxapex\n|-heal|p2a: Toxapex|202/216 tox\n|\n|-damage|p2a: Toxapex|72/216 tox|[from] psn\n|upkeep\n|turn|61\n|\n|t:|1782888227\n|switch|p2a: Dugtrio|Dugtrio, L84, M|160/196 tox\n|move|p1a: Gliscor|Earthquake|p2a: Dugtrio\n|-damage|p2a: Dugtrio|30/196 tox\n|\n|-damage|p2a: Dugtrio|18/196 tox|[from] psn\n|upkeep\n|turn|62\n|\n|t:|1782888230\n|move|p1a: Gliscor|Protect|p1a: Gliscor\n|-singleturn|p1a: Gliscor|Protect\n|move|p2a: Dugtrio|Stone Edge|p1a: Gliscor\n|-activate|p1a: Gliscor|move: Protect\n|\n|-damage|p2a: Dugtrio|0 fnt|[from] psn\n|faint|p2a: Dugtrio\n|upkeep\n|\n|t:|1782888230\n|switch|p2a: Toxapex|Toxapex, L82, F, tera:Grass|144/216 tox\n|turn|63\n|\n|t:|1782888233\n|move|p1a: Gliscor|Earthquake|p2a: Toxapex\n|-resisted|p2a: Toxapex\n|-damage|p2a: Toxapex|114/216 tox\n|move|p2a: Toxapex|Toxic||[still]\n|-fail|p2a: Toxapex\n|\n|-damage|p2a: Toxapex|101/216 tox|[from] psn\n|upkeep\n|turn|64\n|\n|t:|1782888236\n|move|p1a: Gliscor|Earthquake|p2a: Toxapex\n|-resisted|p2a: Toxapex\n|-damage|p2a: Toxapex|71/216 tox\n|move|p2a: Toxapex|Liquidation|p1a: Gliscor\n|-supereffective|p1a: Gliscor\n|-end|p1a: Gliscor|Substitute\n|\n|-damage|p2a: Toxapex|45/216 tox|[from] psn\n|upkeep\n|turn|65\n|\n|t:|1782888239\n|move|p1a: Gliscor|Protect|p1a: Gliscor\n|-singleturn|p1a: Gliscor|Protect\n|move|p2a: Toxapex|Toxic|p1a: Gliscor\n|-activate|p1a: Gliscor|move: Protect\n|\n|-damage|p2a: Toxapex|6/216 tox|[from] psn\n|upkeep\n|turn|66\n|\n|t:|1782888241\n|move|p1a: Gliscor|Earthquake|p2a: Toxapex\n|-resisted|p2a: Toxapex\n|-damage|p2a: Toxapex|0 fnt\n|faint|p2a: Toxapex\n|\n|win|RedDudeN64\n|raw|RedDudeN64's rating: 2216 &rarr; <strong>2238</strong><br />(+22 for winning)\n|raw|notmetbh102's rating: 2251 &rarr; <strong>2229</strong><br />(-22 for losing)\n|c|\u2606notmetbh102|gg\n", "inputlog": ">version f8ac14003a5f27e1bdc8d8c59608a773c1cb96e5\n>start {\"formatid\":\"gen9randombattle\",\"seed\":\"sodium,12fe4d5c577bc25a6a3db63656a56099\",\"rated\":\"Rated battle\"}\n>player p1 {\"name\":\"RedDudeN64\",\"avatar\":\"red\",\"rating\":2216,\"seed\":\"sodium,f10a905c5cf2226b2059083195926ffc\"}\n>player p2 {\"name\":\"notmetbh102\",\"avatar\":\"265\",\"rating\":2251,\"seed\":\"sodium,b881e69ad2ee0dd03ef218f5b0f7335f\"}\n>chat \u2606notmetbh102|hf\n>p1 move psychicnoise\n>p2 move hydropump\n>p1 switch 5\n>p2 move hydropump\n>p1 move calmmind\n>p2 switch 2\n>p1 move calmmind\n>p2 move energyball\n>p1 move calmmind\n>p2 move energyball\n>p1 move moonblast\n>p2 switch 2\n>p2 switch 6\n>p1 move drainingkiss\n>p2 move earthquake\n>p1 switch 6\n>p1 move toxic\n>p2 switch 2\n>p1 move protect\n>p2 move hypervoice\n>p1 switch 5\n>p2 move hypervoice\n>p1 move recover\n>p2 switch 5\n>p1 move thunderwave\n>p2 move knockoff\n>p1 switch 5\n>p2 move knockoff\n>p1 move earthquake\n>p2 switch 5\n>p1 switch 2\n>p2 move energyball\n>p1 move bugbuzz\n>p2 switch 3\n>p1 switch 5\n>p2 move protect\n>p1 move psychicnoise\n>p2 move wish\n>p1 move knockoff\n>p2 move freezedry\n>p1 move recover\n>p2 move freezedry\n>p1 move psychicnoise\n>p2 move wish\n>p2 switch 3\n>p1 move psychicnoise\n>p2 move energyball\n>p1 move recover\n>p2 move energyball\n>p1 move recover\n>p2 move strengthsap\n>p1 move knockoff\n>p2 move hypervoice\n>p1 move recover\n>p2 switch 2\n>p1 switch 2\n>p2 move stoneedge\n>p1 move earthquake\n>p2 switch 2\n>p1 move protect\n>p2 move hypervoice\n>p1 switch 2\n>p2 move hypervoice\n>p1 move psychicnoise\n>p2 move strengthsap\n>p2 switch 2\n>p1 move recover\n>p2 switch 4\n>p1 move psychicnoise\n>p2 move toxic\n>p1 switch 2\n>p2 move liquidation\n>p1 move earthquake\n>p2 move liquidation terastallize\n>p1 move protect\n>p2 move recover\n>p1 switch 5\n>p2 move liquidation\n>p1 move bugbuzz\n>p2 switch 5\n>p1 switch 5\n>p2 move thunderwave\n>p1 move earthquake\n>p2 move recover\n>p1 move earthquake\n>p2 move recover\n>p1 move earthquake\n>p2 move recover\n>p2 switch 5\n>p1 move toxic\n>p2 move liquidation\n>p1 move protect\n>p2 move liquidation\n>p1 move toxic\n>p2 switch 4\n>p1 move protect\n>p2 switch 4\n>p1 move toxic\n>p2 switch 4\n>p1 move substitute\n>p2 switch 4\n>p1 move toxic\n>p2 move liquidation\n>p1 move substitute\n>p2 switch 4\n>p1 move protect\n>p2 switch 4\n>p1 move earthquake\n>p2 move liquidation\n>p1 move earthquake\n>p2 move liquidation\n>p1 move substitute\n>p2 move recover\n>p1 move earthquake\n>p2 move recover\n>p1 move protect\n>p2 move recover\n>p1 move earthquake\n>p2 move recover\n>p1 move earthquake\n>p2 move recover\n>p1 move toxic\n>p2 move recover\n>p1 move toxic\n>p2 move recover\n>p1 move earthquake\n>p2 switch 4\n>p1 move protect\n>p2 move stoneedge\n>p2 switch 4\n>p1 move earthquake\n>p2 move toxic\n>p1 move earthquake\n>p2 move liquidation\n>p1 move protect\n>p2 move toxic\n>p1 move earthquake\n>p2 move toxic", "uploadtime": 1782888242, "views": 4, "formatid": "gen9randombattle", "rating": 2229, "private": 0, "password": null, "player_dets": [{"name": "RedDudeN64", "avatar": "red", "rating": 2216, "seed": "sodium,f10a905c5cf2226b2059083195926ffc"}, {"name": "notmetbh102", "avatar": "265", "rating": 2251, "seed": "sodium,b881e69ad2ee0dd03ef218f5b0f7335f"}], "teams_full": [{"Chimecho": {"name": "Chimecho", "species": "Chimecho", "speciesId": "chimecho", "gender": "M", "shiny": false, "level": 93, "moves": ["psychicnoise", "recover", "thunderwave", "knockoff"], "ability": "Levitate", "evs": {"hp": 85, "atk": 85, "def": 85, "spa": 85, "spd": 85, "spe": 85}, "ivs": {"hp": 31, "atk": 31, "def": 31, "spa": 31, "spd": 31, "spe": 31}, "item": "Leftovers", "teraType": "Steel", "role": "Bulky Support", "bvs": {"hp": 75, "atk": 50, "def": 80, "spa": 95, "spd": 90, "spe": 65}, "stats": {"hp": 290, "atk": 146, "def": 202, "spa": 230, "spd": 220, "spe": 174}, "types": ["Psychic"]}, "Yanmega": {"name": "Yanmega", "species": "Yanmega", "speciesId": "yanmega", "gender": "F", "shiny": false, "level": 82, "moves": ["uturn", "gigadrain", "airslash", "bugbuzz"], "ability": "Tinted Lens", "evs": {"hp": 85, "atk": 85, "def": 85, "spa": 85, "spd": 85, "spe": 85}, "ivs": {"hp": 31, "atk": 31, "def": 31, "spa": 31, "spd": 31, "spe": 31}, "item": "Choice Specs", "teraType": "Bug", "role": "Wallbreaker", "bvs": {"hp": 86, "atk": 76, "def": 86, "spa": 116, "spd": 56, "spe": 95}, "stats": {"hp": 275, "atk": 172, "def": 188, "spa": 237, "spd": 139, "spe": 203}, "types": ["Bug", "Flying"]}, "Gallade": {"name": "Gallade", "species": "Gallade", "speciesId": "gallade", "gender": "M", "shiny": false, "level": 80, "moves": ["leafblade", "psychocut", "nightslash", "sacredsword"], "ability": "Sharpness", "evs": {"hp": 85, "atk": 85, "def": 85, "spa": 85, "spd": 85, "spe": 85}, "ivs": {"hp": 31, "atk": 31, "def": 31, "spa": 31, "spd": 31, "spe": 31}, "item": "Choice Band", "teraType": "Fighting", "role": "Fast Attacker", "bvs": {"hp": 68, "atk": 125, "def": 65, "spa": 65, "spd": 115, "spe": 80}, "stats": {"hp": 240, "atk": 246, "def": 150, "spa": 150, "spd": 230, "spe": 174}, "types": ["Psychic", "Fighting"]}, "Illumise": {"name": "Illumise", "species": "Illumise", "speciesId": "illumise", "gender": "F", "shiny": false, "level": 91, "moves": ["thunderwave", "encore", "roost", "bugbuzz"], "ability": "Prankster", "evs": {"hp": 85, "atk": 0, "def": 85, "spa": 85, "spd": 85, "spe": 85}, "ivs": {"hp": 31, "atk": 0, "def": 31, "spa": 31, "spd": 31, "spe": 31}, "item": "Heavy-Duty Boots", "teraType": "Steel", "role": "Bulky Support", "bvs": {"hp": 65, "atk": 47, "def": 75, "spa": 73, "spd": 85, "spe": 85}, "stats": {"hp": 266, "atk": 90, "def": 188, "spa": 185, "spd": 207, "spe": 207}, "types": ["Bug"]}, "Primarina": {"name": "Primarina", "species": "Primarina", "speciesId": "primarina", "gender": "F", "shiny": false, "level": 83, "moves": ["calmmind", "psychicnoise", "drainingkiss", "moonblast"], "ability": "Liquid Voice", "evs": {"hp": 85, "atk": 0, "def": 85, "spa": 85, "spd": 85, "spe": 85}, "ivs": {"hp": 31, "atk": 0, "def": 31, "spa": 31, "spd": 31, "spe": 31}, "item": "Leftovers", "teraType": "Poison", "role": "Bulky Setup", "bvs": {"hp": 80, "atk": 74, "def": 74, "spa": 126, "spd": 116, "spe": 60}, "stats": {"hp": 268, "atk": 127, "def": 171, "spa": 257, "spd": 240, "spe": 147}, "types": ["Water", "Fairy"]}, "Gliscor": {"name": "Gliscor", "species": "Gliscor", "speciesId": "gliscor", "gender": "F", "shiny": false, "level": 76, "moves": ["protect", "toxic", "earthquake", "substitute"], "ability": "Poison Heal", "evs": {"hp": 85, "atk": 85, "def": 85, "spa": 85, "spd": 85, "spe": 85}, "ivs": {"hp": 31, "atk": 31, "def": 31, "spa": 31, "spd": 31, "spe": 31}, "item": "Toxic Orb", "teraType": "Water", "role": "Fast Support", "bvs": {"hp": 75, "atk": 95, "def": 125, "spa": 45, "spd": 75, "spe": 95}, "stats": {"hp": 239, "atk": 188, "def": 234, "spa": 112, "spd": 158, "spe": 188}, "types": ["Ground", "Flying"]}}, {"Keldeo": {"name": "Keldeo", "species": "Keldeo-Resolute", "speciesId": "keldeoresolute", "gender": "N", "shiny": false, "level": 79, "moves": ["flipturn", "hydropump", "secretsword", "vacuumwave"], "ability": "Justified", "evs": {"hp": 85, "atk": 85, "def": 85, "spa": 85, "spd": 85, "spe": 85}, "ivs": {"hp": 31, "atk": 31, "def": 31, "spa": 31, "spd": 31, "spe": 31}, "item": "Choice Specs", "teraType": "Water", "role": "Fast Attacker", "bvs": {"hp": 91, "atk": 72, "def": 90, "spa": 129, "spd": 90, "spe": 108}, "stats": {"hp": 273, "atk": 159, "def": 188, "spa": 249, "spd": 188, "spe": 216}, "types": ["Water", "Fighting"]}, "Arboliva": {"name": "Arboliva", "species": "Arboliva", "speciesId": "arboliva", "gender": "F", "shiny": false, "level": 91, "moves": ["hypervoice", "strengthsap", "earthpower", "energyball"], "ability": "Seed Sower", "evs": {"hp": 85, "atk": 0, "def": 85, "spa": 85, "spd": 85, "spe": 85}, "ivs": {"hp": 31, "atk": 0, "def": 31, "spa": 31, "spd": 31, "spe": 31}, "item": "Leftovers", "teraType": "Poison", "role": "Bulky Attacker", "bvs": {"hp": 78, "atk": 69, "def": 90, "spa": 125, "spd": 109, "spe": 39}, "stats": {"hp": 290, "atk": 130, "def": 216, "spa": 279, "spd": 250, "spe": 123}, "types": ["Grass", "Normal"]}, "Glaceon": {"name": "Glaceon", "species": "Glaceon", "speciesId": "glaceon", "gender": "F", "shiny": false, "level": 94, "moves": ["freezedry", "mudshot", "wish", "protect"], "ability": "Ice Body", "evs": {"hp": 85, "atk": 0, "def": 85, "spa": 85, "spd": 85, "spe": 85}, "ivs": {"hp": 31, "atk": 0, "def": 31, "spa": 31, "spd": 31, "spe": 31}, "item": "Heavy-Duty Boots", "teraType": "Ground", "role": "Bulky Attacker", "bvs": {"hp": 65, "atk": 60, "def": 110, "spa": 130, "spd": 95, "spe": 65}, "stats": {"hp": 275, "atk": 117, "def": 260, "spa": 298, "spd": 232, "spe": 176}, "types": ["Ice"]}, "Toxapex": {"name": "Toxapex", "species": "Toxapex", "speciesId": "toxapex", "gender": "F", "shiny": false, "level": 82, "moves": ["haze", "liquidation", "recover", "toxic"], "ability": "Regenerator", "evs": {"hp": 85, "atk": 85, "def": 85, "spa": 85, "spd": 85, "spe": 85}, "ivs": {"hp": 31, "atk": 31, "def": 31, "spa": 31, "spd": 31, "spe": 31}, "item": "Rocky Helmet", "teraType": "Grass", "role": "Bulky Support", "bvs": {"hp": 50, "atk": 63, "def": 152, "spa": 53, "spd": 142, "spe": 35}, "stats": {"hp": 216, "atk": 150, "def": 296, "spa": 134, "spd": 280, "spe": 105}, "types": ["Poison", "Water"]}, "Sableye": {"name": "Sableye", "species": "Sableye", "speciesId": "sableye", "gender": "F", "shiny": false, "level": 88, "moves": ["knockoff", "encore", "thunderwave", "recover"], "ability": "Prankster", "evs": {"hp": 85, "atk": 85, "def": 85, "spa": 85, "spd": 85, "spe": 85}, "ivs": {"hp": 31, "atk": 31, "def": 31, "spa": 31, "spd": 31, "spe": 31}, "item": "Leftovers", "teraType": "Steel", "role": "Bulky Support", "bvs": {"hp": 50, "atk": 75, "def": 75, "spa": 65, "spd": 65, "spe": 50}, "stats": {"hp": 231, "atk": 182, "def": 182, "spa": 165, "spd": 165, "spe": 138}, "types": ["Dark", "Ghost"]}, "Dugtrio": {"name": "Dugtrio", "species": "Dugtrio", "speciesId": "dugtrio", "gender": "M", "shiny": false, "level": 84, "moves": ["suckerpunch", "throatchop", "earthquake", "stoneedge"], "ability": "Arena Trap", "evs": {"hp": 85, "atk": 85, "def": 85, "spa": 85, "spd": 85, "spe": 85}, "ivs": {"hp": 31, "atk": 31, "def": 31, "spa": 31, "spd": 31, "spe": 31}, "item": "Choice Band", "teraType": "Dark", "role": "Wallbreaker", "bvs": {"hp": 35, "atk": 100, "def": 50, "spa": 50, "spd": 70, "spe": 120}, "stats": {"hp": 196, "atk": 216, "def": 132, "spa": 132, "spd": 166, "spe": 250}, "types": ["Ground"]}}]}