{"id": "gen9randombattle-2641758094", "format": "[Gen 9] Random Battle", "players": ["not_irajthapam", "postmortia"], "log": "|j|\u2606not_irajthapam\n|j|\u2606postmortia\n|t:|1782838380\n|gametype|singles\n|player|p1|not_irajthapam|hilbert|1608\n|player|p2|postmortia|1|1636\n|gen|9\n|tier|[Gen 9] Random Battle\n|rated|\n|rule|Species Clause: Limit one of each Pok\u00e9mon\n|rule|HP Percentage Mod: HP is shown in percentages\n|rule|Sleep Clause Mod: Limit one foe put to sleep\n|rule|Illusion Level Mod: Illusion disguises the Pok\u00e9mon's true level\n|\n|t:|1782838380\n|teamsize|p1|6\n|teamsize|p2|6\n|start\n|switch|p1a: Ogerpon|Ogerpon-Hearthflame, L74, F|239/239\n|switch|p2a: Scizor|Scizor, L79, F|240/240\n|-ability|p1a: Ogerpon|Mold Breaker\n|turn|1\n|inactive|Battle timer is ON: inactive players will automatically lose when time's up. (requested by postmortia)\n|\n|t:|1782838408\n|switch|p2a: Pelipper|Pelipper, L86, F|243/243\n|-weather|RainDance|[from] ability: Drizzle|[of] p2a: Pelipper\n|move|p1a: Ogerpon|Ivy Cudgel|p2a: Pelipper|[anim] Ivy Cudgel Fire\n|-resisted|p2a: Pelipper\n|-damage|p2a: Pelipper|216/243\n|\n|-weather|RainDance|[upkeep]\n|upkeep\n|turn|2\n|\n|t:|1782838418\n|switch|p1a: Hatterene|Hatterene, L85, F|236/236\n|move|p2a: Pelipper|Hurricane|p1a: Hatterene\n|-damage|p1a: Hatterene|167/236\n|-start|p1a: Hatterene|confusion\n|\n|-weather|RainDance|[upkeep]\n|upkeep\n|turn|3\n|\n|t:|1782838427\n|switch|p2a: Chansey|Chansey, L85, F|564/564\n|-activate|p1a: Hatterene|confusion\n|move|p1a: Hatterene|Nuzzle|p2a: Chansey\n|-damage|p2a: Chansey|531/564\n|-status|p2a: Chansey|par\n|\n|-weather|RainDance|[upkeep]\n|upkeep\n|turn|4\n|\n|t:|1782838437\n|switch|p1a: Ogerpon|Ogerpon-Hearthflame, L74, F|239/239\n|-ability|p1a: Ogerpon|Mold Breaker\n|move|p2a: Chansey|Seismic Toss|p1a: Ogerpon\n|-damage|p1a: Ogerpon|154/239\n|\n|-weather|RainDance|[upkeep]\n|upkeep\n|turn|5\n|\n|t:|1782838446\n|-curestatus|p2a: Chansey|par|[from] ability: Natural Cure|[silent]\n|switch|p2a: Pelipper|Pelipper, L86, F|216/243\n|move|p1a: Ogerpon|Power Whip|p2a: Pelipper\n|-crit|p2a: Pelipper\n|-damage|p2a: Pelipper|15/243\n|\n|-weather|none\n|upkeep\n|turn|6\n|\n|t:|1782838457\n|switch|p2a: Chesnaught|Chesnaught, L84, F|285/285\n|move|p1a: Ogerpon|Trailblaze|p2a: Chesnaught\n|-resisted|p2a: Chesnaught\n|-crit|p2a: Chesnaught\n|-damage|p2a: Chesnaught|252/285\n|-boost|p1a: Ogerpon|spe|1\n|-damage|p1a: Ogerpon|115/239|[from] item: Rocky Helmet|[of] p2a: Chesnaught\n|\n|upkeep\n|turn|7\n|\n|t:|1782838465\n|-terastallize|p2a: Chesnaught|Water\n|move|p1a: Ogerpon|Ivy Cudgel|p2a: Chesnaught|[anim] Ivy Cudgel Fire\n|-resisted|p2a: Chesnaught\n|-damage|p2a: Chesnaught|209/285\n|move|p2a: Chesnaught|Body Press|p1a: Ogerpon\n|-damage|p1a: Ogerpon|0 fnt\n|faint|p1a: Ogerpon\n|\n|upkeep\n|\n|t:|1782838474\n|switch|p1a: Hatterene|Hatterene, L85, F|167/236\n|turn|8\n|\n|t:|1782838480\n|move|p2a: Chesnaught|Spikes|p1a: Hatterene\n|move|p1a: Hatterene|Spikes|p2a: Chesnaught|[from] ability: Magic Bounce\n|-sidestart|p2: postmortia|Spikes\n|move|p1a: Hatterene|Nuzzle|p2a: Chesnaught\n|-supereffective|p2a: Chesnaught\n|-damage|p2a: Chesnaught|185/285\n|-status|p2a: Chesnaught|par\n|-damage|p1a: Hatterene|128/236|[from] item: Rocky Helmet|[of] p2a: Chesnaught\n|\n|upkeep\n|turn|9\n|\n|t:|1782838493\n|move|p1a: Hatterene|Draining Kiss|p2a: Chesnaught\n|-damage|p2a: Chesnaught|110/285 par\n|-heal|p1a: Hatterene|184/236|[from] drain|[of] p2a: Chesnaught\n|-damage|p1a: Hatterene|145/236|[from] item: Rocky Helmet|[of] p2a: Chesnaught\n|move|p2a: Chesnaught|Wood Hammer|p1a: Hatterene\n|-damage|p1a: Hatterene|19/236\n|-damage|p2a: Chesnaught|68/285 par|[from] Recoil\n|\n|upkeep\n|turn|10\n|\n|t:|1782838506\n|move|p1a: Hatterene|Psychic Noise|p2a: Chesnaught\n|-damage|p2a: Chesnaught|0 fnt\n|faint|p2a: Chesnaught\n|\n|upkeep\n|\n|t:|1782838513\n|switch|p2a: Chansey|Chansey, L85, F|531/564\n|-damage|p2a: Chansey|461/564|[from] Spikes\n|turn|11\n|\n|t:|1782838521\n|move|p2a: Chansey|Seismic Toss|p1a: Hatterene\n|-damage|p1a: Hatterene|0 fnt\n|faint|p1a: Hatterene\n|\n|upkeep\n|\n|t:|1782838530\n|switch|p1a: Decidueye|Decidueye, L88, M|281/281\n|turn|12\n|\n|t:|1782838534\n|move|p1a: Decidueye|Swords Dance|p1a: Decidueye\n|-boost|p1a: Decidueye|atk|2\n|move|p2a: Chansey|Thunder Wave|p1a: Decidueye\n|-status|p1a: Decidueye|par\n|\n|upkeep\n|turn|13\n|\n|t:|1782838541\n|switch|p2a: Pelipper|Pelipper, L86, F|15/243\n|-weather|RainDance|[from] ability: Drizzle|[of] p2a: Pelipper\n|move|p1a: Decidueye|Leaf Blade|p2a: Pelipper\n|-damage|p2a: Pelipper|0 fnt\n|faint|p2a: Pelipper\n|-damage|p1a: Decidueye|253/281 par|[from] item: Life Orb\n|\n|-weather|RainDance|[upkeep]\n|upkeep\n|\n|t:|1782838555\n|switch|p2a: Rampardos|Rampardos, L90, F|321/321\n|-damage|p2a: Rampardos|281/321|[from] Spikes\n|turn|14\n|\n|t:|1782838562\n|move|p2a: Rampardos|Head Smash|p1a: Decidueye\n|-damage|p1a: Decidueye|0 fnt\n|faint|p1a: Decidueye\n|-damage|p2a: Rampardos|154/321|[from] Recoil\n|\n|-weather|RainDance|[upkeep]\n|upkeep\n|\n|t:|1782838571\n|switch|p1a: Snorlax|Snorlax, L82, F|397/397\n|turn|15\n|\n|t:|1782838580\n|switch|p2a: Komala|Komala, L88, F|258/258\n|-damage|p2a: Komala|226/258|[from] Spikes\n|-ability|p2a: Komala|Comatose\n|move|p1a: Snorlax|Earthquake|p2a: Komala\n|-damage|p2a: Komala|137/258\n|\n|-weather|RainDance|[upkeep]\n|upkeep\n|turn|16\n|\n|t:|1782838589\n|move|p2a: Komala|Rapid Spin|p1a: Snorlax\n|-damage|p1a: Snorlax|307/397\n|-boost|p2a: Komala|spe|1\n|-sideend|p2: postmortia|Spikes|[from] move: Rapid Spin|[of] p2a: Komala\n|move|p1a: Snorlax|Body Slam|p2a: Komala\n|-damage|p2a: Komala|17/258\n|\n|-weather|RainDance|[upkeep]\n|-heal|p1a: Snorlax|331/397|[from] item: Leftovers\n|upkeep\n|turn|17\n|\n|t:|1782838597\n|move|p2a: Komala|U-turn|p1a: Snorlax\n|-damage|p1a: Snorlax|251/397\n|\n|t:|1782838600\n|switch|p2a: Scizor|Scizor, L79, F|240/240|[from] U-turn\n|move|p1a: Snorlax|Body Slam|p2a: Scizor\n|-resisted|p2a: Scizor\n|-damage|p2a: Scizor|195/240\n|\n|-weather|none\n|-heal|p1a: Snorlax|275/397|[from] item: Leftovers\n|upkeep\n|turn|18\n|\n|t:|1782838608\n|move|p2a: Scizor|Close Combat|p1a: Snorlax\n|-supereffective|p1a: Snorlax\n|-damage|p1a: Snorlax|0 fnt\n|-unboost|p2a: Scizor|def|1\n|-unboost|p2a: Scizor|spd|1\n|faint|p1a: Snorlax\n|\n|upkeep\n|\n|t:|1782838612\n|switch|p1a: Weezing|Weezing, L88, M|258/258\n|turn|19\n|\n|t:|1782838616\n|switch|p2a: Chansey|Chansey, L85, F|461/564\n|move|p1a: Weezing|Fire Blast|p2a: Chansey\n|-damage|p2a: Chansey|414/564\n|\n|upkeep\n|turn|20\n|\n|t:|1782838621\n|move|p1a: Weezing|Sludge Bomb|p2a: Chansey\n|-damage|p2a: Chansey|360/564\n|move|p2a: Chansey|Thunder Wave|p1a: Weezing\n|-status|p1a: Weezing|par\n|\n|upkeep\n|turn|21\n|\n|t:|1782838627\n|move|p2a: Chansey|Heal Bell||[still]\n|-activate|p2a: Chansey|move: Heal Bell\n|-fail|p2a: Chansey\n|move|p1a: Weezing|Toxic Spikes|p2a: Chansey\n|-sidestart|p2: postmortia|move: Toxic Spikes\n|\n|upkeep\n|turn|22\n|\n|t:|1782838640\n|switch|p2a: Komala|Komala, L88, F|17/258\n|-ability|p2a: Komala|Comatose\n|cant|p1a: Weezing|par\n|\n|upkeep\n|turn|23\n|\n|t:|1782838647\n|move|p2a: Komala|Rapid Spin|p1a: Weezing\n|-damage|p1a: Weezing|207/258 par\n|-boost|p2a: Komala|spe|1\n|-sideend|p2: postmortia|Toxic Spikes|[from] move: Rapid Spin|[of] p2a: Komala\n|move|p1a: Weezing|Sludge Bomb|p2a: Komala\n|-damage|p2a: Komala|0 fnt\n|faint|p2a: Komala\n|\n|-heal|p1a: Weezing|223/258 par|[from] item: Leftovers\n|upkeep\n|\n|t:|1782838652\n|switch|p2a: Scizor|Scizor, L79, F|195/240\n|turn|24\n|\n|t:|1782838660\n|switch|p2a: Chansey|Chansey, L85, F|360/564\n|move|p1a: Weezing|Fire Blast|p2a: Chansey\n|-crit|p2a: Chansey\n|-damage|p2a: Chansey|291/564\n|\n|-heal|p1a: Weezing|239/258 par|[from] item: Leftovers\n|upkeep\n|turn|25\n|\n|t:|1782838665\n|move|p2a: Chansey|Soft-Boiled|p2a: Chansey\n|-heal|p2a: Chansey|564/564\n|move|p1a: Weezing|Toxic Spikes|p2a: Chansey\n|-sidestart|p2: postmortia|move: Toxic Spikes\n|\n|-heal|p1a: Weezing|255/258 par|[from] item: Leftovers\n|upkeep\n|turn|26\n|\n|t:|1782838669\n|move|p2a: Chansey|Seismic Toss|p1a: Weezing\n|-damage|p1a: Weezing|170/258 par\n|cant|p1a: Weezing|par\n|\n|-heal|p1a: Weezing|186/258 par|[from] item: Leftovers\n|upkeep\n|turn|27\n|\n|t:|1782838673\n|move|p2a: Chansey|Seismic Toss|p1a: Weezing\n|-damage|p1a: Weezing|101/258 par\n|cant|p1a: Weezing|par\n|\n|-heal|p1a: Weezing|117/258 par|[from] item: Leftovers\n|upkeep\n|turn|28\n|\n|t:|1782838678\n|move|p2a: Chansey|Seismic Toss|p1a: Weezing\n|-damage|p1a: Weezing|32/258 par\n|move|p1a: Weezing|Pain Split|p2a: Chansey\n|-sethp|p2a: Chansey|298/564|[from] move: Pain Split|[silent]\n|-sethp|p1a: Weezing|258/258 par|[from] move: Pain Split\n|\n|upkeep\n|turn|29\n|\n|t:|1782838683\n|move|p2a: Chansey|Seismic Toss|p1a: Weezing\n|-damage|p1a: Weezing|173/258 par\n|move|p1a: Weezing|Toxic Spikes|p2a: Chansey\n|-sidestart|p2: postmortia|move: Toxic Spikes\n|\n|-heal|p1a: Weezing|189/258 par|[from] item: Leftovers\n|upkeep\n|turn|30\n|\n|t:|1782838689\n|move|p2a: Chansey|Seismic Toss|p1a: Weezing\n|-damage|p1a: Weezing|104/258 par\n|move|p1a: Weezing|Sludge Bomb|p2a: Chansey\n|-damage|p2a: Chansey|238/564\n|\n|-heal|p1a: Weezing|120/258 par|[from] item: Leftovers\n|upkeep\n|turn|31\n|\n|t:|1782838697\n|move|p2a: Chansey|Seismic Toss|p1a: Weezing\n|-damage|p1a: Weezing|35/258 par\n|move|p1a: Weezing|Pain Split|p2a: Chansey\n|-sethp|p2a: Chansey|136/564|[from] move: Pain Split|[silent]\n|-sethp|p1a: Weezing|136/258 par|[from] move: Pain Split\n|\n|-heal|p1a: Weezing|152/258 par|[from] item: Leftovers\n|upkeep\n|turn|32\n|\n|t:|1782838706\n|switch|p1a: Lumineon|Lumineon, L93, F|279/279\n|move|p2a: Chansey|Seismic Toss|p1a: Lumineon\n|-damage|p1a: Lumineon|194/279\n|\n|upkeep\n|turn|33\n|\n|t:|1782838716\n|move|p1a: Lumineon|U-turn|p2a: Chansey\n|-damage|p2a: Chansey|23/564\n|\n|t:|1782838719\n|switch|p1a: Weezing|Weezing, L88, M|152/258 par|[from] U-turn\n|move|p2a: Chansey|Thunder Wave|p1a: Weezing\n|-fail|p1a: Weezing|par\n|\n|-heal|p1a: Weezing|168/258 par|[from] item: Leftovers\n|upkeep\n|turn|34\n|\n|t:|1782838728\n|move|p2a: Chansey|Soft-Boiled|p2a: Chansey\n|-heal|p2a: Chansey|305/564\n|cant|p1a: Weezing|par\n|\n|-heal|p1a: Weezing|184/258 par|[from] item: Leftovers\n|upkeep\n|turn|35\n|\n|t:|1782838733\n|move|p2a: Chansey|Soft-Boiled|p2a: Chansey\n|-heal|p2a: Chansey|564/564\n|move|p1a: Weezing|Sludge Bomb|p2a: Chansey\n|-damage|p2a: Chansey|506/564\n|\n|-heal|p1a: Weezing|200/258 par|[from] item: Leftovers\n|upkeep\n|turn|36\n|\n|t:|1782838741\n|switch|p2a: Rampardos|Rampardos, L90, F|154/321\n|-status|p2a: Rampardos|tox\n|move|p1a: Weezing|Sludge Bomb|p2a: Rampardos\n|-resisted|p2a: Rampardos\n|-damage|p2a: Rampardos|84/321 tox\n|\n|-heal|p1a: Weezing|216/258 par|[from] item: Leftovers\n|-damage|p2a: Rampardos|64/321 tox|[from] psn\n|upkeep\n|turn|37\n|\n|t:|1782838749\n|switch|p1a: Lumineon|Lumineon, L93, F|194/279\n|move|p2a: Rampardos|Head Smash|p1a: Lumineon\n|-damage|p1a: Lumineon|0 fnt\n|faint|p1a: Lumineon\n|-damage|p2a: Rampardos|0 fnt|[from] Recoil\n|faint|p2a: Rampardos\n|\n|upkeep\n|\n|t:|1782838754\n|switch|p1a: Weezing|Weezing, L88, M|216/258 par\n|switch|p2a: Scizor|Scizor, L79, F|195/240\n|turn|38\n|\n|t:|1782838763\n|move|p2a: Scizor|Bullet Punch|p1a: Weezing\n|-damage|p1a: Weezing|140/258 par\n|move|p1a: Weezing|Fire Blast|p2a: Scizor\n|-supereffective|p2a: Scizor\n|-damage|p2a: Scizor|0 fnt\n|faint|p2a: Scizor\n|\n|-heal|p1a: Weezing|156/258 par|[from] item: Leftovers\n|upkeep\n|\n|t:|1782838766\n|switch|p2a: Chansey|Chansey, L85, F|506/564\n|-status|p2a: Chansey|tox\n|turn|39\n|\n|t:|1782838773\n|move|p2a: Chansey|Heal Bell|p2a: Chansey\n|-activate|p2a: Chansey|move: Heal Bell\n|-curestatus|p2a: Chansey|tox|[msg]\n|move|p1a: Weezing|Pain Split|p2a: Chansey\n|-sethp|p2a: Chansey|331/564|[from] move: Pain Split|[silent]\n|-sethp|p1a: Weezing|258/258 par|[from] move: Pain Split\n|\n|upkeep\n|turn|40\n|\n|t:|1782838779\n|move|p2a: Chansey|Soft-Boiled|p2a: Chansey\n|-heal|p2a: Chansey|564/564\n|move|p1a: Weezing|Sludge Bomb|p2a: Chansey\n|-damage|p2a: Chansey|504/564\n|-status|p2a: Chansey|psn\n|\n|-damage|p2a: Chansey|434/564 psn|[from] psn\n|upkeep\n|turn|41\n|\n|t:|1782838790\n|move|p2a: Chansey|Heal Bell|p2a: Chansey\n|-activate|p2a: Chansey|move: Heal Bell\n|-curestatus|p2a: Chansey|psn|[msg]\n|move|p1a: Weezing|Fire Blast|p2a: Chansey\n|-damage|p2a: Chansey|387/564\n|\n|upkeep\n|turn|42\n|\n|t:|1782838798\n|move|p2a: Chansey|Soft-Boiled|p2a: Chansey\n|-heal|p2a: Chansey|564/564\n|move|p1a: Weezing|Fire Blast|p2a: Chansey\n|-damage|p2a: Chansey|520/564\n|\n|upkeep\n|turn|43\n|\n|t:|1782838805\n|move|p2a: Chansey|Seismic Toss|p1a: Weezing\n|-damage|p1a: Weezing|173/258 par\n|move|p1a: Weezing|Sludge Bomb|p2a: Chansey\n|-damage|p2a: Chansey|466/564\n|-status|p2a: Chansey|psn\n|\n|-heal|p1a: Weezing|189/258 par|[from] item: Leftovers\n|-damage|p2a: Chansey|396/564 psn|[from] psn\n|upkeep\n|turn|44\n|\n|t:|1782838813\n|move|p2a: Chansey|Seismic Toss|p1a: Weezing\n|-damage|p1a: Weezing|104/258 par\n|move|p1a: Weezing|Sludge Bomb|p2a: Chansey\n|-damage|p2a: Chansey|344/564 psn\n|\n|-heal|p1a: Weezing|120/258 par|[from] item: Leftovers\n|-damage|p2a: Chansey|274/564 psn|[from] psn\n|upkeep\n|turn|45\n|\n|t:|1782838818\n|move|p2a: Chansey|Seismic Toss|p1a: Weezing\n|-damage|p1a: Weezing|35/258 par\n|move|p1a: Weezing|Pain Split|p2a: Chansey\n|-sethp|p2a: Chansey|154/564 psn|[from] move: Pain Split|[silent]\n|-sethp|p1a: Weezing|154/258 par|[from] move: Pain Split\n|\n|-heal|p1a: Weezing|170/258 par|[from] item: Leftovers\n|-damage|p2a: Chansey|84/564 psn|[from] psn\n|upkeep\n|turn|46\n|\n|t:|1782838828\n|move|p2a: Chansey|Soft-Boiled|p2a: Chansey\n|-heal|p2a: Chansey|366/564 psn\n|move|p1a: Weezing|Sludge Bomb|p2a: Chansey\n|-damage|p2a: Chansey|315/564 psn\n|\n|-heal|p1a: Weezing|186/258 par|[from] item: Leftovers\n|-damage|p2a: Chansey|245/564 psn|[from] psn\n|upkeep\n|turn|47\n|\n|t:|1782838835\n|move|p2a: Chansey|Heal Bell|p2a: Chansey\n|-activate|p2a: Chansey|move: Heal Bell\n|-curestatus|p2a: Chansey|psn|[msg]\n|move|p1a: Weezing|Fire Blast|p2a: Chansey\n|-damage|p2a: Chansey|197/564\n|\n|-heal|p1a: Weezing|202/258 par|[from] item: Leftovers\n|upkeep\n|turn|48\n|\n|t:|1782838843\n|move|p2a: Chansey|Soft-Boiled|p2a: Chansey\n|-heal|p2a: Chansey|479/564\n|move|p1a: Weezing|Sludge Bomb|p2a: Chansey\n|-damage|p2a: Chansey|424/564\n|\n|-heal|p1a: Weezing|218/258 par|[from] item: Leftovers\n|upkeep\n|turn|49\n|c|\u2606postmortia|Damnit\n|\n|t:|1782838852\n|move|p2a: Chansey|Seismic Toss|p1a: Weezing\n|-damage|p1a: Weezing|133/258 par\n|move|p1a: Weezing|Fire Blast|p2a: Chansey\n|-damage|p2a: Chansey|383/564\n|\n|-heal|p1a: Weezing|149/258 par|[from] item: Leftovers\n|upkeep\n|turn|50\n|\n|t:|1782838858\n|move|p2a: Chansey|Seismic Toss|p1a: Weezing\n|-damage|p1a: Weezing|64/258 par\n|move|p1a: Weezing|Pain Split|p2a: Chansey\n|-sethp|p2a: Chansey|223/564|[from] move: Pain Split|[silent]\n|-sethp|p1a: Weezing|223/258 par|[from] move: Pain Split\n|\n|-heal|p1a: Weezing|239/258 par|[from] item: Leftovers\n|upkeep\n|turn|51\n|\n|t:|1782838865\n|move|p2a: Chansey|Seismic Toss|p1a: Weezing\n|-damage|p1a: Weezing|154/258 par\n|cant|p1a: Weezing|par\n|\n|-heal|p1a: Weezing|170/258 par|[from] item: Leftovers\n|upkeep\n|turn|52\n|\n|t:|1782838871\n|move|p2a: Chansey|Seismic Toss|p1a: Weezing\n|-damage|p1a: Weezing|85/258 par\n|move|p1a: Weezing|Pain Split|p2a: Chansey\n|-sethp|p2a: Chansey|154/564|[from] move: Pain Split|[silent]\n|-sethp|p1a: Weezing|154/258 par|[from] move: Pain Split\n|\n|-heal|p1a: Weezing|170/258 par|[from] item: Leftovers\n|upkeep\n|turn|53\n|\n|t:|1782838877\n|move|p2a: Chansey|Seismic Toss|p1a: Weezing\n|-damage|p1a: Weezing|85/258 par\n|move|p1a: Weezing|Sludge Bomb|p2a: Chansey\n|-damage|p2a: Chansey|99/564\n|\n|-heal|p1a: Weezing|101/258 par|[from] item: Leftovers\n|upkeep\n|turn|54\n|\n|t:|1782838884\n|move|p2a: Chansey|Seismic Toss|p1a: Weezing\n|-damage|p1a: Weezing|16/258 par\n|move|p1a: Weezing|Sludge Bomb|p2a: Chansey\n|-crit|p2a: Chansey\n|-damage|p2a: Chansey|8/564\n|\n|-heal|p1a: Weezing|32/258 par|[from] item: Leftovers\n|upkeep\n|turn|55\n|c|\u2606postmortia|Hehe\n|\n|t:|1782838895\n|-terastallize|p1a: Weezing|Steel\n|move|p2a: Chansey|Seismic Toss|p1a: Weezing\n|-damage|p1a: Weezing|0 fnt\n|faint|p1a: Weezing\n|\n|win|postmortia\n|raw|not_irajthapam's rating: 1608 &rarr; <strong>1590</strong><br />(-18 for losing)\n|raw|postmortia's rating: 1636 &rarr; <strong>1654</strong><br />(+18 for winning)\n|l|\u2606not_irajthapam\n|player|p1|\n|c|\u2606postmortia|VAMOSSSSSS\n", "inputlog": ">version f8ac14003a5f27e1bdc8d8c59608a773c1cb96e5\n>start {\"formatid\":\"gen9randombattle\",\"seed\":\"sodium,4fb86e5cd38809eb42a40b13c4944328\",\"rated\":\"Rated battle\"}\n>player p1 {\"name\":\"not_irajthapam\",\"avatar\":\"hilbert\",\"rating\":1608,\"seed\":\"sodium,ecbf0662d5ad9f6ee3a9f77f39141cf3\"}\n>player p2 {\"name\":\"postmortia\",\"avatar\":\"1\",\"rating\":1636,\"seed\":\"sodium,505bc475af56eb7e4ad683e5376b4dc6\"}\n>p1 move ivycudgel\n>p2 switch 5\n>p1 switch 2\n>p2 move hurricane\n>p1 move nuzzle\n>p2 switch 2\n>p1 switch 2\n>p2 move seismictoss\n>p1 move powerwhip\n>p2 switch 2\n>p1 move trailblaze\n>p2 switch 3\n>p1 move ivycudgel\n>p2 move bodypress terastallize\n>p1 switch 2\n>p1 move nuzzle\n>p2 move spikes\n>p1 move drainingkiss\n>p2 move woodhammer\n>p1 move psychicnoise\n>p2 move woodhammer\n>p2 switch 2\n>p1 move psychicnoise\n>p2 move seismictoss\n>p1 switch 4\n>p1 move swordsdance\n>p2 move thunderwave\n>p1 move leafblade\n>p2 switch 3\n>p2 switch 6\n>p1 move leafblade\n>p2 move headsmash\n>p1 switch 6\n>p1 move earthquake\n>p2 switch 4\n>p1 move bodyslam\n>p2 move rapidspin\n>p1 move bodyslam\n>p2 move uturn\n>p2 switch 5\n>p1 move earthquake\n>p2 move closecombat\n>p1 switch 3\n>p1 move fireblast\n>p2 switch 3\n>p1 move sludgebomb\n>p2 move thunderwave\n>p1 move toxicspikes\n>p2 move healbell\n>p1 move toxicspikes\n>p2 switch 5\n>p1 move sludgebomb\n>p2 move rapidspin\n>p2 switch 3\n>p1 move fireblast\n>p2 switch 5\n>p1 move toxicspikes\n>p2 move softboiled\n>p1 move toxicspikes\n>p2 move seismictoss\n>p1 move toxicspikes\n>p2 move seismictoss\n>p1 move painsplit\n>p2 move seismictoss\n>p1 move toxicspikes\n>p2 move seismictoss\n>p1 move sludgebomb\n>p2 move seismictoss\n>p1 move painsplit\n>p2 move seismictoss\n>p1 switch 5\n>p2 move seismictoss\n>p1 move uturn\n>p2 move thunderwave\n>p1 switch 5\n>p1 move sludgebomb\n>p2 move softboiled\n>p1 move sludgebomb\n>p2 move softboiled\n>p1 move sludgebomb\n>p2 switch 4\n>p1 switch 5\n>p2 move headsmash\n>p1 switch 5\n>p2 switch 5\n>p1 move fireblast\n>p2 move bulletpunch\n>p2 switch 4\n>p1 move painsplit\n>p2 move healbell\n>p1 move sludgebomb\n>p2 move softboiled\n>p1 move fireblast\n>p2 move healbell\n>p1 move fireblast\n>p2 move softboiled\n>p1 move sludgebomb\n>p2 move seismictoss\n>p1 move sludgebomb\n>p2 move seismictoss\n>p1 move painsplit\n>p2 move seismictoss\n>p1 move sludgebomb\n>p2 move softboiled\n>p1 move fireblast\n>p2 move healbell\n>p1 move sludgebomb\n>p2 move softboiled\n>chat \u2606postmortia|Damnit\n>p1 move fireblast\n>p2 move seismictoss\n>p1 move painsplit\n>p2 move seismictoss\n>p1 move sludgebomb\n>p2 move seismictoss\n>p1 move painsplit\n>p2 move seismictoss\n>p1 move sludgebomb\n>p2 move seismictoss\n>p1 move sludgebomb\n>p2 move seismictoss\n>chat \u2606postmortia|Hehe\n>p1 move sludgebomb terastallize\n>p2 move seismictoss", "uploadtime": 1782838917, "views": 6, "formatid": "gen9randombattle", "rating": 1590, "private": 0, "password": null, "player_dets": [{"name": "not_irajthapam", "avatar": "hilbert", "rating": 1608, "seed": "sodium,ecbf0662d5ad9f6ee3a9f77f39141cf3"}, {"name": "postmortia", "avatar": "1", "rating": 1636, "seed": "sodium,505bc475af56eb7e4ad683e5376b4dc6"}], "teams_full": [{"Ogerpon": {"name": "Ogerpon", "species": "Ogerpon-Hearthflame", "speciesId": "ogerponhearthflame", "gender": "F", "shiny": false, "level": 74, "moves": ["ivycudgel", "powerwhip", "trailblaze", "swordsdance"], "ability": "Mold Breaker", "evs": {"hp": 77, "atk": 85, "def": 85, "spa": 85, "spd": 85, "spe": 85}, "ivs": {"hp": 31, "atk": 31, "def": 31, "spa": 31, "spd": 31, "spe": 31}, "item": "Hearthflame Mask", "teraType": "Fire", "role": "Setup Sweeper", "bvs": {"hp": 80, "atk": 120, "def": 84, "spa": 60, "spd": 96, "spe": 110}, "stats": {"hp": 239, "atk": 221, "def": 167, "spa": 132, "spd": 185, "spe": 206}, "types": ["Grass", "Fire"]}, "Hatterene": {"name": "Hatterene", "species": "Hatterene", "speciesId": "hatterene", "gender": "F", "shiny": false, "level": 85, "moves": ["nuzzle", "psychicnoise", "mysticalfire", "drainingkiss"], "ability": "Magic Bounce", "evs": {"hp": 85, "atk": 85, "def": 85, "spa": 85, "spd": 85, "spe": 85}, "ivs": {"hp": 31, "atk": 31, "def": 31, "spa": 31, "spd": 31, "spe": 31}, "item": "Assault Vest", "teraType": "Steel", "role": "AV Pivot", "bvs": {"hp": 57, "atk": 90, "def": 95, "spa": 136, "spd": 103, "spe": 29}, "stats": {"hp": 236, "atk": 202, "def": 210, "spa": 280, "spd": 224, "spe": 98}, "types": ["Psychic", "Fairy"]}, "Weezing": {"name": "Weezing", "species": "Weezing", "speciesId": "weezing", "gender": "M", "shiny": false, "level": 88, "moves": ["fireblast", "sludgebomb", "toxicspikes", "painsplit"], "ability": "Levitate", "evs": {"hp": 85, "atk": 0, "def": 85, "spa": 85, "spd": 85, "spe": 85}, "ivs": {"hp": 31, "atk": 0, "def": 31, "spa": 31, "spd": 31, "spe": 31}, "item": "Leftovers", "teraType": "Steel", "role": "Bulky Attacker", "bvs": {"hp": 65, "atk": 90, "def": 120, "spa": 85, "spd": 70, "spe": 60}, "stats": {"hp": 258, "atk": 163, "def": 261, "spa": 200, "spd": 173, "spe": 156}, "types": ["Poison"]}, "Decidueye": {"name": "Decidueye", "species": "Decidueye", "speciesId": "decidueye", "gender": "M", "shiny": false, "level": 88, "moves": ["shadowsneak", "poltergeist", "leafblade", "swordsdance"], "ability": "Overgrow", "evs": {"hp": 85, "atk": 85, "def": 85, "spa": 85, "spd": 85, "spe": 85}, "ivs": {"hp": 31, "atk": 31, "def": 31, "spa": 31, "spd": 31, "spe": 31}, "item": "Life Orb", "teraType": "Ghost", "role": "Setup Sweeper", "bvs": {"hp": 78, "atk": 107, "def": 75, "spa": 100, "spd": 100, "spe": 70}, "stats": {"hp": 281, "atk": 239, "def": 182, "spa": 226, "spd": 226, "spe": 173}, "types": ["Grass", "Ghost"]}, "Lumineon": {"name": "Lumineon", "species": "Lumineon", "speciesId": "lumineon", "gender": "F", "shiny": false, "level": 93, "moves": ["hydropump", "encore", "uturn", "icebeam"], "ability": "Storm Drain", "evs": {"hp": 85, "atk": 85, "def": 85, "spa": 85, "spd": 85, "spe": 85}, "ivs": {"hp": 31, "atk": 31, "def": 31, "spa": 31, "spd": 31, "spe": 31}, "item": "Heavy-Duty Boots", "teraType": "Fire", "role": "Fast Support", "bvs": {"hp": 69, "atk": 69, "def": 76, "spa": 69, "spd": 86, "spe": 91}, "stats": {"hp": 279, "atk": 181, "def": 194, "spa": 181, "spd": 213, "spe": 222}, "types": ["Water"]}, "Snorlax": {"name": "Snorlax", "species": "Snorlax", "speciesId": "snorlax", "gender": "F", "shiny": false, "level": 82, "moves": ["curse", "earthquake", "bodyslam", "crunch"], "ability": "Thick Fat", "evs": {"hp": 85, "atk": 85, "def": 85, "spa": 85, "spd": 85, "spe": 85}, "ivs": {"hp": 31, "atk": 31, "def": 31, "spa": 31, "spd": 31, "spe": 31}, "item": "Leftovers", "teraType": "Poison", "role": "Bulky Setup", "bvs": {"hp": 160, "atk": 110, "def": 65, "spa": 65, "spd": 110, "spe": 30}, "stats": {"hp": 397, "atk": 228, "def": 154, "spa": 154, "spd": 228, "spe": 96}, "types": ["Normal"]}}, {"Scizor": {"name": "Scizor", "species": "Scizor", "speciesId": "scizor", "gender": "F", "shiny": false, "level": 79, "moves": ["bulletpunch", "uturn", "closecombat", "knockoff"], "ability": "Technician", "evs": {"hp": 85, "atk": 85, "def": 85, "spa": 85, "spd": 85, "spe": 85}, "ivs": {"hp": 31, "atk": 31, "def": 31, "spa": 31, "spd": 31, "spe": 31}, "item": "Choice Band", "teraType": "Steel", "role": "Wallbreaker", "bvs": {"hp": 70, "atk": 130, "def": 100, "spa": 55, "spd": 80, "spe": 65}, "stats": {"hp": 240, "atk": 251, "def": 204, "spa": 132, "spd": 172, "spe": 148}, "types": ["Bug", "Steel"]}, "Chansey": {"name": "Chansey", "species": "Chansey", "speciesId": "chansey", "gender": "F", "shiny": false, "level": 85, "moves": ["thunderwave", "seismictoss", "softboiled", "healbell"], "ability": "Natural Cure", "evs": {"hp": 85, "atk": 0, "def": 85, "spa": 85, "spd": 85, "spe": 85}, "ivs": {"hp": 31, "atk": 0, "def": 31, "spa": 31, "spd": 31, "spe": 31}, "item": "Eviolite", "teraType": "Poison", "role": "Bulky Support", "bvs": {"hp": 250, "atk": 5, "def": 5, "spa": 35, "spd": 105, "spe": 50}, "stats": {"hp": 564, "atk": 13, "def": 57, "spa": 108, "spd": 227, "spe": 134}, "types": ["Normal"]}, "Chesnaught": {"name": "Chesnaught", "species": "Chesnaught", "speciesId": "chesnaught", "gender": "F", "shiny": false, "level": 84, "moves": ["spikes", "woodhammer", "synthesis", "bodypress"], "ability": "Bulletproof", "evs": {"hp": 85, "atk": 85, "def": 85, "spa": 85, "spd": 85, "spe": 85}, "ivs": {"hp": 31, "atk": 31, "def": 31, "spa": 31, "spd": 31, "spe": 31}, "item": "Rocky Helmet", "teraType": "Water", "role": "Bulky Support", "bvs": {"hp": 88, "atk": 107, "def": 122, "spa": 74, "spd": 75, "spe": 64}, "stats": {"hp": 285, "atk": 228, "def": 253, "spa": 173, "spd": 174, "spe": 156}, "types": ["Grass", "Fighting"]}, "Komala": {"name": "Komala", "species": "Komala", "speciesId": "komala", "gender": "F", "shiny": false, "level": 88, "moves": ["rapidspin", "uturn", "knockoff", "bodyslam"], "ability": "Comatose", "evs": {"hp": 85, "atk": 85, "def": 85, "spa": 85, "spd": 85, "spe": 85}, "ivs": {"hp": 31, "atk": 31, "def": 31, "spa": 31, "spd": 31, "spe": 31}, "item": "Assault Vest", "teraType": "Ghost", "role": "Bulky Support", "bvs": {"hp": 65, "atk": 115, "def": 65, "spa": 75, "spd": 95, "spe": 65}, "stats": {"hp": 258, "atk": 253, "def": 165, "spa": 182, "spd": 217, "spe": 165}, "types": ["Normal"]}, "Pelipper": {"name": "Pelipper", "species": "Pelipper", "speciesId": "pelipper", "gender": "F", "shiny": false, "level": 86, "moves": ["hurricane", "surf", "uturn", "roost"], "ability": "Drizzle", "evs": {"hp": 85, "atk": 85, "def": 85, "spa": 85, "spd": 85, "spe": 85}, "ivs": {"hp": 31, "atk": 31, "def": 31, "spa": 31, "spd": 31, "spe": 31}, "item": "Heavy-Duty Boots", "teraType": "Water", "role": "Bulky Attacker", "bvs": {"hp": 60, "atk": 50, "def": 100, "spa": 95, "spd": 70, "spe": 65}, "stats": {"hp": 243, "atk": 135, "def": 221, "spa": 213, "spd": 170, "spe": 161}, "types": ["Water", "Flying"]}, "Rampardos": {"name": "Rampardos", "species": "Rampardos", "speciesId": "rampardos", "gender": "F", "shiny": false, "level": 90, "moves": ["rockslide", "firepunch", "headsmash", "earthquake"], "ability": "Sheer Force", "evs": {"hp": 85, "atk": 85, "def": 85, "spa": 85, "spd": 85, "spe": 85}, "ivs": {"hp": 31, "atk": 31, "def": 31, "spa": 31, "spd": 31, "spe": 31}, "item": "Choice Scarf", "teraType": "Rock", "role": "Fast Attacker", "bvs": {"hp": 97, "atk": 165, "def": 60, "spa": 65, "spd": 50, "spe": 58}, "stats": {"hp": 321, "atk": 348, "def": 159, "spa": 168, "spd": 141, "spe": 156}, "types": ["Rock"]}}]}