{"id": "gen9randombattle-2642110875", "format": "[Gen 9] Random Battle", "players": ["Saye56", "Yowassupcuhh"], "log": "|j|\u2606Saye56\n|j|\u2606Yowassupcuhh\n|t:|1782892253\n|gametype|singles\n|player|p1|Saye56|169|\n|player|p2|Yowassupcuhh|102|\n|gen|9\n|tier|[Gen 9] Random Battle\n|rule|Species Clause: Limit one of each Pok\u00e9mon\n|rule|HP Percentage Mod: HP is shown in percentages\n|rule|Sleep Clause Mod: Limit one foe put to sleep\n|rule|Illusion Level Mod: Illusion disguises the Pok\u00e9mon's true level\n|\n|t:|1782892253\n|teamsize|p1|6\n|teamsize|p2|6\n|start\n|switch|p1a: Bellibolt|Bellibolt, L84, F|320/320\n|switch|p2a: Sandy Shocks|Sandy Shocks, L80|267/267\n|turn|1\n|\n|t:|1782892266\n|move|p2a: Sandy Shocks|Earth Power|p1a: Bellibolt\n|-supereffective|p1a: Bellibolt\n|-damage|p1a: Bellibolt|80/320\n|-start|p1a: Bellibolt|Charge|Earth Power|[from] ability: Electromorphosis\n|move|p1a: Bellibolt|Muddy Water|p2a: Sandy Shocks\n|-supereffective|p2a: Sandy Shocks\n|-damage|p2a: Sandy Shocks|123/267\n|\n|-heal|p1a: Bellibolt|100/320|[from] item: Leftovers\n|upkeep\n|turn|2\n|\n|t:|1782892279\n|-terastallize|p2a: Sandy Shocks|Grass\n|move|p2a: Sandy Shocks|Earth Power|p1a: Bellibolt\n|-supereffective|p1a: Bellibolt\n|-crit|p1a: Bellibolt\n|-damage|p1a: Bellibolt|0 fnt\n|faint|p1a: Bellibolt\n|\n|upkeep\n|\n|t:|1782892289\n|switch|p1a: Greedent|Greedent, L86, M|347/347\n|turn|3\n|\n|t:|1782892305\n|move|p2a: Sandy Shocks|Spikes|p1a: Greedent\n|-sidestart|p1: Saye56|Spikes\n|move|p1a: Greedent|Body Slam|p2a: Sandy Shocks\n|-damage|p2a: Sandy Shocks|33/267\n|\n|upkeep\n|turn|4\n|\n|t:|1782892311\n|move|p2a: Sandy Shocks|Earth Power|p1a: Greedent\n|-damage|p1a: Greedent|235/347\n|move|p1a: Greedent|Swords Dance|p1a: Greedent\n|-boost|p1a: Greedent|atk|2\n|\n|upkeep\n|turn|5\n|\n|t:|1782892319\n|move|p2a: Sandy Shocks|Earth Power|p1a: Greedent\n|-damage|p1a: Greedent|121/347\n|-unboost|p1a: Greedent|spd|1\n|-enditem|p1a: Greedent|Sitrus Berry|[eat]\n|-heal|p1a: Greedent|207/347|[from] item: Sitrus Berry\n|-heal|p1a: Greedent|322/347|[from] ability: Cheek Pouch\n|move|p1a: Greedent|Body Slam|p2a: Sandy Shocks\n|-damage|p2a: Sandy Shocks|0 fnt\n|faint|p2a: Sandy Shocks\n|-end|p2a: Sandy Shocks|Protosynthesis|[silent]\n|\n|upkeep\n|\n|t:|1782892354\n|switch|p2a: Honchkrow|Honchkrow, L86, M|312/312\n|turn|6\n|\n|t:|1782892363\n|move|p2a: Honchkrow|Lash Out|p1a: Greedent\n|-damage|p1a: Greedent|237/347\n|move|p1a: Greedent|Body Slam|p2a: Honchkrow\n|-damage|p2a: Honchkrow|44/312\n|\n|upkeep\n|turn|7\n|\n|t:|1782892370\n|move|p2a: Honchkrow|Brave Bird|p1a: Greedent\n|-damage|p1a: Greedent|95/347\n|-damage|p2a: Honchkrow|0 fnt|[from] Recoil\n|faint|p2a: Honchkrow\n|move|p1a: Greedent|Swords Dance|p1a: Greedent\n|-boost|p1a: Greedent|atk|2\n|\n|upkeep\n|\n|t:|1782892381\n|switch|p2a: Porygon2|Porygon2, L81|270/270\n|-ability|p2a: Porygon2|Download|boost\n|-boost|p2a: Porygon2|spa|1\n|turn|8\n|\n|t:|1782892386\n|move|p2a: Porygon2|Ice Beam|p1a: Greedent\n|-damage|p1a: Greedent|0 fnt\n|faint|p1a: Greedent\n|\n|upkeep\n|\n|t:|1782892400\n|switch|p1a: Ludicolo|Ludicolo, L90, F|290/290\n|-damage|p1a: Ludicolo|254/290|[from] Spikes\n|turn|9\n|\n|t:|1782892412\n|move|p1a: Ludicolo|Giga Drain|p2a: Porygon2\n|-damage|p2a: Porygon2|183/270\n|-heal|p1a: Ludicolo|290/290|[from] drain|[of] p2a: Porygon2\n|move|p2a: Porygon2|Ice Beam|p1a: Ludicolo\n|-damage|p1a: Ludicolo|213/290\n|\n|upkeep\n|turn|10\n|\n|t:|1782892432\n|switch|p2a: Probopass|Probopass, L91, F|257/257\n|move|p1a: Ludicolo|Giga Drain|p2a: Probopass\n|-damage|p2a: Probopass|182/257\n|-heal|p1a: Ludicolo|251/290|[from] drain|[of] p2a: Probopass\n|\n|upkeep\n|turn|11\n|\n|t:|1782892451\n|move|p1a: Ludicolo|Giga Drain|p2a: Probopass\n|-damage|p2a: Probopass|106/257\n|-heal|p1a: Ludicolo|289/290|[from] drain|[of] p2a: Probopass\n|move|p2a: Probopass|Body Press|p1a: Ludicolo\n|-damage|p1a: Ludicolo|179/290\n|\n|upkeep\n|turn|12\n|\n|t:|1782892459\n|move|p1a: Ludicolo|Giga Drain|p2a: Probopass\n|-damage|p2a: Probopass|34/257\n|-heal|p1a: Ludicolo|215/290|[from] drain|[of] p2a: Probopass\n|move|p2a: Probopass|Rest|p2a: Probopass\n|-status|p2a: Probopass|slp|[from] move: Rest\n|-heal|p2a: Probopass|257/257 slp|[silent]\n|-enditem|p2a: Probopass|Chesto Berry|[eat]\n|-curestatus|p2a: Probopass|slp|[msg]\n|\n|upkeep\n|turn|13\n|\n|t:|1782892469\n|move|p1a: Ludicolo|Giga Drain|p2a: Probopass\n|-damage|p2a: Probopass|178/257\n|-heal|p1a: Ludicolo|255/290|[from] drain|[of] p2a: Probopass\n|move|p2a: Probopass|Body Press|p1a: Ludicolo\n|-damage|p1a: Ludicolo|159/290\n|\n|upkeep\n|turn|14\n|\n|t:|1782892477\n|move|p1a: Ludicolo|Giga Drain|p2a: Probopass\n|-damage|p2a: Probopass|96/257\n|-heal|p1a: Ludicolo|200/290|[from] drain|[of] p2a: Probopass\n|move|p2a: Probopass|Body Press|p1a: Ludicolo\n|-damage|p1a: Ludicolo|100/290\n|\n|upkeep\n|turn|15\n|\n|t:|1782892485\n|move|p1a: Ludicolo|Giga Drain|p2a: Probopass\n|-damage|p2a: Probopass|18/257\n|-heal|p1a: Ludicolo|139/290|[from] drain|[of] p2a: Probopass\n|move|p2a: Probopass|Rest|p2a: Probopass\n|-status|p2a: Probopass|slp|[from] move: Rest\n|-heal|p2a: Probopass|257/257 slp|[silent]\n|\n|upkeep\n|turn|16\n|\n|t:|1782892494\n|move|p1a: Ludicolo|Giga Drain|p2a: Probopass\n|-damage|p2a: Probopass|176/257 slp\n|-heal|p1a: Ludicolo|180/290|[from] drain|[of] p2a: Probopass\n|cant|p2a: Probopass|slp\n|\n|upkeep\n|turn|17\n|\n|t:|1782892501\n|move|p1a: Ludicolo|Giga Drain|p2a: Probopass\n|-damage|p2a: Probopass|97/257 slp\n|-heal|p1a: Ludicolo|220/290|[from] drain|[of] p2a: Probopass\n|cant|p2a: Probopass|slp\n|\n|upkeep\n|turn|18\n|\n|t:|1782892507\n|move|p1a: Ludicolo|Giga Drain|p2a: Probopass\n|-damage|p2a: Probopass|21/257 slp\n|-heal|p1a: Ludicolo|258/290|[from] drain|[of] p2a: Probopass\n|-curestatus|p2a: Probopass|slp|[msg]\n|move|p2a: Probopass|Rest|p2a: Probopass\n|-status|p2a: Probopass|slp|[from] move: Rest\n|-heal|p2a: Probopass|257/257 slp|[silent]\n|\n|upkeep\n|turn|19\n|\n|t:|1782892518\n|move|p1a: Ludicolo|Giga Drain|p2a: Probopass\n|-damage|p2a: Probopass|175/257 slp\n|-heal|p1a: Ludicolo|290/290|[from] drain|[of] p2a: Probopass\n|cant|p2a: Probopass|slp\n|\n|upkeep\n|turn|20\n|\n|t:|1782892529\n|move|p1a: Ludicolo|Giga Drain|p2a: Probopass\n|-damage|p2a: Probopass|94/257 slp\n|cant|p2a: Probopass|slp\n|\n|upkeep\n|turn|21\n|\n|t:|1782892537\n|switch|p2a: Sunflora|Sunflora, M|312/312\n|move|p1a: Ludicolo|Giga Drain|p2a: Sunflora\n|-resisted|p2a: Sunflora\n|-damage|p2a: Sunflora|257/312\n|\n|upkeep\n|turn|22\n|\n|t:|1782892552\n|switch|p1a: Umbreon|Umbreon, L84, M|297/297\n|-damage|p1a: Umbreon|260/297|[from] Spikes\n|switch|p2a: Porygon2|Porygon2, L81|183/270\n|-ability|p2a: Porygon2|Download|boost\n|-boost|p2a: Porygon2|atk|1\n|\n|-heal|p1a: Umbreon|278/297|[from] item: Leftovers\n|upkeep\n|turn|23\n|\n|t:|1782892574\n|move|p1a: Umbreon|Foul Play|p2a: Porygon2\n|-damage|p2a: Porygon2|113/270\n|move|p2a: Porygon2|Ice Beam|p1a: Umbreon\n|-damage|p1a: Umbreon|227/297\n|\n|-heal|p1a: Umbreon|245/297|[from] item: Leftovers\n|upkeep\n|turn|24\n|\n|t:|1782892584\n|move|p1a: Umbreon|Toxic|p2a: Porygon2\n|-status|p2a: Porygon2|tox\n|move|p2a: Porygon2|Recover|p2a: Porygon2\n|-heal|p2a: Porygon2|248/270 tox\n|\n|-heal|p1a: Umbreon|263/297|[from] item: Leftovers\n|-damage|p2a: Porygon2|232/270 tox|[from] psn\n|upkeep\n|turn|25\n|\n|t:|1782892594\n|move|p1a: Umbreon|Foul Play|p2a: Porygon2\n|-damage|p2a: Porygon2|162/270 tox\n|move|p2a: Porygon2|Tri Attack|p1a: Umbreon\n|-damage|p1a: Umbreon|202/297\n|\n|-heal|p1a: Umbreon|220/297|[from] item: Leftovers\n|-damage|p2a: Porygon2|130/270 tox|[from] psn\n|upkeep\n|turn|26\n|\n|t:|1782892609\n|switch|p2a: Gouging Fire|Gouging Fire, L74|277/277\n|move|p1a: Umbreon|Wish|p1a: Umbreon\n|\n|-heal|p1a: Umbreon|238/297|[from] item: Leftovers\n|upkeep\n|turn|27\n|\n|t:|1782892624\n|move|p2a: Gouging Fire|Dragon Dance|p2a: Gouging Fire\n|-boost|p2a: Gouging Fire|atk|1\n|-boost|p2a: Gouging Fire|spe|1\n|move|p1a: Umbreon|Toxic|p2a: Gouging Fire\n|-status|p2a: Gouging Fire|tox\n|\n|-heal|p1a: Umbreon|297/297|[from] move: Wish|[wisher] Umbreon\n|-damage|p2a: Gouging Fire|260/277 tox|[from] psn\n|upkeep\n|turn|28\n|\n|t:|1782892636\n|move|p1a: Umbreon|Protect|p1a: Umbreon\n|-singleturn|p1a: Umbreon|Protect\n|move|p2a: Gouging Fire|Heat Crash|p1a: Umbreon\n|-activate|p1a: Umbreon|move: Protect\n|\n|-damage|p2a: Gouging Fire|226/277 tox|[from] psn\n|upkeep\n|turn|29\n|\n|t:|1782892644\n|move|p2a: Gouging Fire|Heat Crash|p1a: Umbreon\n|-damage|p1a: Umbreon|158/297\n|move|p1a: Umbreon|Wish|p1a: Umbreon\n|\n|-heal|p1a: Umbreon|176/297|[from] item: Leftovers\n|-damage|p2a: Gouging Fire|175/277 tox|[from] psn\n|upkeep\n|turn|30\n|\n|t:|1782892653\n|move|p1a: Umbreon|Protect|p1a: Umbreon\n|-singleturn|p1a: Umbreon|Protect\n|move|p2a: Gouging Fire|Heat Crash|p1a: Umbreon\n|-activate|p1a: Umbreon|move: Protect\n|\n|-heal|p1a: Umbreon|297/297|[from] move: Wish|[wisher] Umbreon\n|-damage|p2a: Gouging Fire|107/277 tox|[from] psn\n|upkeep\n|turn|31\n|\n|t:|1782892663\n|move|p2a: Gouging Fire|Morning Sun|p2a: Gouging Fire\n|-heal|p2a: Gouging Fire|245/277 tox\n|move|p1a: Umbreon|Wish|p1a: Umbreon\n|\n|-damage|p2a: Gouging Fire|160/277 tox|[from] psn\n|upkeep\n|turn|32\n|\n|t:|1782892671\n|move|p1a: Umbreon|Protect|p1a: Umbreon\n|-singleturn|p1a: Umbreon|Protect\n|move|p2a: Gouging Fire|Heat Crash|p1a: Umbreon\n|-activate|p1a: Umbreon|move: Protect\n|\n|-damage|p2a: Gouging Fire|58/277 tox|[from] psn\n|upkeep\n|turn|33\n|\n|t:|1782892679\n|move|p2a: Gouging Fire|Morning Sun|p2a: Gouging Fire\n|-heal|p2a: Gouging Fire|196/277 tox\n|move|p1a: Umbreon|Foul Play|p2a: Gouging Fire\n|-damage|p2a: Gouging Fire|55/277 tox\n|\n|-damage|p2a: Gouging Fire|0 fnt|[from] psn\n|faint|p2a: Gouging Fire\n|-end|p2a: Gouging Fire|Protosynthesis|[silent]\n|upkeep\n|\n|t:|1782892690\n|switch|p2a: Sunflora|Sunflora, M|257/312\n|turn|34\n|\n|t:|1782892693\n|move|p1a: Umbreon|Toxic|p2a: Sunflora\n|-status|p2a: Sunflora|tox\n|move|p2a: Sunflora|Sunny Day|p2a: Sunflora\n|-weather|SunnyDay\n|\n|-weather|SunnyDay|[upkeep]\n|-damage|p2a: Sunflora|238/312 tox|[from] psn\n|upkeep\n|turn|35\n|\n|t:|1782892700\n|move|p2a: Sunflora|Solar Beam||[still]\n|-prepare|p2a: Sunflora|Solar Beam\n|-anim|p2a: Sunflora|Solar Beam|p1a: Umbreon\n|-damage|p1a: Umbreon|110/297\n|-damage|p2a: Sunflora|207/312 tox|[from] item: Life Orb\n|move|p1a: Umbreon|Wish|p1a: Umbreon\n|\n|-weather|SunnyDay|[upkeep]\n|-heal|p1a: Umbreon|128/297|[from] item: Leftovers\n|-damage|p2a: Sunflora|169/312 tox|[from] psn\n|upkeep\n|turn|36\n|\n|t:|1782892711\n|move|p1a: Umbreon|Protect|p1a: Umbreon\n|-singleturn|p1a: Umbreon|Protect\n|move|p2a: Sunflora|Solar Beam||[still]\n|-prepare|p2a: Sunflora|Solar Beam\n|-anim|p2a: Sunflora|Solar Beam|p1a: Umbreon\n|-activate|p1a: Umbreon|move: Protect\n|\n|-weather|SunnyDay|[upkeep]\n|-heal|p1a: Umbreon|276/297|[from] move: Wish|[wisher] Umbreon\n|-heal|p1a: Umbreon|294/297|[from] item: Leftovers\n|-damage|p2a: Sunflora|112/312 tox|[from] psn\n|upkeep\n|turn|37\n|\n|t:|1782892724\n|move|p2a: Sunflora|Solar Beam||[still]\n|-prepare|p2a: Sunflora|Solar Beam\n|-anim|p2a: Sunflora|Solar Beam|p1a: Umbreon\n|-damage|p1a: Umbreon|102/297\n|-damage|p2a: Sunflora|81/312 tox|[from] item: Life Orb\n|move|p1a: Umbreon|Wish|p1a: Umbreon\n|\n|-weather|SunnyDay|[upkeep]\n|-heal|p1a: Umbreon|120/297|[from] item: Leftovers\n|-damage|p2a: Sunflora|5/312 tox|[from] psn\n|upkeep\n|turn|38\n|\n|t:|1782892735\n|move|p1a: Umbreon|Protect|p1a: Umbreon\n|-singleturn|p1a: Umbreon|Protect\n|move|p2a: Sunflora|Solar Beam||[still]\n|-prepare|p2a: Sunflora|Solar Beam\n|-anim|p2a: Sunflora|Solar Beam|p1a: Umbreon\n|-activate|p1a: Umbreon|move: Protect\n|\n|-weather|none\n|-heal|p1a: Umbreon|268/297|[from] move: Wish|[wisher] Umbreon\n|-heal|p1a: Umbreon|286/297|[from] item: Leftovers\n|-damage|p2a: Sunflora|0 fnt|[from] psn\n|faint|p2a: Sunflora\n|upkeep\n|\n|t:|1782892748\n|switch|p2a: Probopass|Probopass, L91, F|94/257 slp\n|turn|39\n|\n|t:|1782892752\n|move|p1a: Umbreon|Toxic||[still]\n|-fail|p1a: Umbreon\n|-curestatus|p2a: Probopass|slp|[msg]\n|move|p2a: Probopass|Rest|p2a: Probopass\n|-status|p2a: Probopass|slp|[from] move: Rest\n|-heal|p2a: Probopass|257/257 slp|[silent]\n|\n|-heal|p1a: Umbreon|297/297|[from] item: Leftovers\n|upkeep\n|turn|40\n|\n|t:|1782892763\n|switch|p1a: Ludicolo|Ludicolo, L90, F|290/290\n|-damage|p1a: Ludicolo|254/290|[from] Spikes\n|cant|p2a: Probopass|slp\n|\n|upkeep\n|turn|41\n|\n|t:|1782892771\n|move|p1a: Ludicolo|Hydro Pump|p2a: Probopass\n|-supereffective|p2a: Probopass\n|-damage|p2a: Probopass|17/257 slp\n|cant|p2a: Probopass|slp\n|\n|upkeep\n|turn|42\n|\n|t:|1782892777\n|move|p1a: Ludicolo|Hydro Pump|p2a: Probopass\n|-supereffective|p2a: Probopass\n|-damage|p2a: Probopass|0 fnt\n|faint|p2a: Probopass\n|\n|upkeep\n|\n|t:|1782892783\n|switch|p2a: Porygon2|Porygon2, L81|130/270 tox\n|-ability|p2a: Porygon2|Download|boost\n|-boost|p2a: Porygon2|atk|1\n|turn|43\n|\n|t:|1782892788\n|switch|p1a: Umbreon|Umbreon, L84, M|297/297\n|-damage|p1a: Umbreon|260/297|[from] Spikes\n|move|p2a: Porygon2|Ice Beam|p1a: Umbreon\n|-damage|p1a: Umbreon|214/297\n|\n|-heal|p1a: Umbreon|232/297|[from] item: Leftovers\n|-damage|p2a: Porygon2|114/270 tox|[from] psn\n|upkeep\n|turn|44\n|\n|t:|1782892798\n|move|p1a: Umbreon|Protect|p1a: Umbreon\n|-singleturn|p1a: Umbreon|Protect\n|move|p2a: Porygon2|Discharge|p1a: Umbreon\n|-activate|p1a: Umbreon|move: Protect\n|\n|-heal|p1a: Umbreon|250/297|[from] item: Leftovers\n|-damage|p2a: Porygon2|82/270 tox|[from] psn\n|upkeep\n|turn|45\n|\n|t:|1782892808\n|move|p1a: Umbreon|Wish|p1a: Umbreon\n|move|p2a: Porygon2|Discharge|p1a: Umbreon\n|-damage|p1a: Umbreon|205/297\n|\n|-heal|p1a: Umbreon|223/297|[from] item: Leftovers\n|-damage|p2a: Porygon2|34/270 tox|[from] psn\n|upkeep\n|turn|46\n|\n|t:|1782892816\n|move|p1a: Umbreon|Protect|p1a: Umbreon\n|-singleturn|p1a: Umbreon|Protect\n|move|p2a: Porygon2|Discharge|p1a: Umbreon\n|-activate|p1a: Umbreon|move: Protect\n|\n|-heal|p1a: Umbreon|297/297|[from] move: Wish|[wisher] Umbreon\n|-damage|p2a: Porygon2|0 fnt|[from] psn\n|faint|p2a: Porygon2\n|\n|win|Saye56\n|l|\u2606Yowassupcuhh\n|player|p2|\n", "inputlog": ">version f8ac14003a5f27e1bdc8d8c59608a773c1cb96e5\n>start {\"formatid\":\"gen9randombattle\",\"seed\":\"sodium,f6ef90cefc82724b37cf2db6ac1776f7\"}\n>player p1 {\"name\":\"Saye56\",\"avatar\":\"169\",\"rating\":0,\"seed\":\"sodium,d60bf80ee3977192cbcdbba077d27521\"}\n>player p2 {\"name\":\"Yowassupcuhh\",\"avatar\":\"102\",\"rating\":0,\"seed\":\"sodium,6fe53c2fa59672208616c370f00083aa\"}\n>p1 move muddywater\n>p2 move earthpower\n>p1 move muddywater\n>p2 move earthpower terastallize\n>p1 switch 5\n>p1 move bodyslam\n>p2 move spikes\n>p1 move swordsdance\n>p2 move earthpower\n>p1 move bodyslam\n>p2 move earthpower\n>p2 switch 6\n>p1 move bodyslam\n>p2 move lashout\n>p1 move swordsdance\n>p2 move bravebird\n>p2 switch 3\n>p1 move bodyslam\n>p2 move icebeam\n>p1 switch 6\n>p1 move gigadrain\n>p2 move icebeam\n>p1 move gigadrain\n>p2 switch 2\n>p1 move gigadrain\n>p2 move bodypress\n>p1 move gigadrain\n>p2 move rest\n>p1 move gigadrain\n>p2 move bodypress\n>p1 move gigadrain\n>p2 move bodypress\n>p1 move gigadrain\n>p2 move rest\n>p1 move gigadrain\n>p2 move bodypress\n>p1 move gigadrain\n>p2 move bodypress\n>p1 move gigadrain\n>p2 move rest\n>p1 move gigadrain\n>p2 move bodypress\n>p1 move gigadrain\n>p2 move bodypress\n>p1 move gigadrain\n>p2 switch 5\n>p1 switch 3\n>p2 switch 2\n>p1 move foulplay\n>p2 move icebeam\n>p1 move toxic\n>p2 move recover\n>p1 move foulplay\n>p2 move triattack\n>p1 move wish\n>p2 switch 4\n>p1 move toxic\n>p2 move dragondance\n>p1 move protect\n>p2 move heatcrash\n>p1 move wish\n>p2 move heatcrash\n>p1 move protect\n>p2 move heatcrash\n>p1 move wish\n>p2 move morningsun\n>p1 move protect\n>p2 move heatcrash\n>p1 move foulplay\n>p2 move morningsun\n>p2 switch 2\n>p1 move toxic\n>p2 move sunnyday\n>p1 move wish\n>p2 move solarbeam\n>p1 move protect\n>p2 move solarbeam\n>p1 move wish\n>p2 move solarbeam\n>p1 move protect\n>p2 move solarbeam\n>p2 switch 5\n>p1 move toxic\n>p2 move rest\n>p1 switch 3\n>p2 move bodypress\n>p1 move hydropump\n>p2 move bodypress\n>p1 move hydropump\n>p2 move irondefense\n>p2 switch 4\n>p1 switch 3\n>p2 move icebeam\n>p1 move protect\n>p2 move discharge\n>p1 move wish\n>p2 move discharge\n>p1 move protect\n>p2 move discharge", "uploadtime": 1782892833, "views": 5, "formatid": "gen9randombattle", "rating": null, "private": 0, "password": null, "player_dets": [{"name": "Saye56", "avatar": "169", "rating": 0, "seed": "sodium,d60bf80ee3977192cbcdbba077d27521"}, {"name": "Yowassupcuhh", "avatar": "102", "rating": 0, "seed": "sodium,6fe53c2fa59672208616c370f00083aa"}], "teams_full": [{"Bellibolt": {"name": "Bellibolt", "species": "Bellibolt", "speciesId": "bellibolt", "gender": "F", "shiny": false, "level": 84, "moves": ["voltswitch", "muddywater", "thunderbolt", "slackoff"], "ability": "Electromorphosis", "evs": {"hp": 85, "atk": 0, "def": 85, "spa": 85, "spd": 85, "spe": 85}, "ivs": {"hp": 31, "atk": 0, "def": 31, "spa": 31, "spd": 31, "spe": 31}, "item": "Leftovers", "teraType": "Electric", "role": "Bulky Attacker", "bvs": {"hp": 109, "atk": 64, "def": 91, "spa": 103, "spd": 83, "spe": 45}, "stats": {"hp": 320, "atk": 112, "def": 201, "spa": 221, "spd": 188, "spe": 124}, "types": ["Electric"]}, "Klefki": {"name": "Klefki", "species": "Klefki", "speciesId": "klefki", "gender": "F", "shiny": false, "level": 84, "moves": ["dazzlinggleam", "foulplay", "spikes", "thunderwave"], "ability": "Prankster", "evs": {"hp": 85, "atk": 0, "def": 85, "spa": 85, "spd": 85, "spe": 85}, "ivs": {"hp": 31, "atk": 0, "def": 31, "spa": 31, "spd": 31, "spe": 31}, "item": "Leftovers", "teraType": "Flying", "role": "Bulky Attacker", "bvs": {"hp": 57, "atk": 80, "def": 91, "spa": 80, "spd": 87, "spe": 75}, "stats": {"hp": 233, "atk": 139, "def": 201, "spa": 183, "spd": 194, "spe": 174}, "types": ["Steel", "Fairy"]}, "Umbreon": {"name": "Umbreon", "species": "Umbreon", "speciesId": "umbreon", "gender": "M", "shiny": false, "level": 84, "moves": ["wish", "protect", "foulplay", "toxic"], "ability": "Synchronize", "evs": {"hp": 85, "atk": 0, "def": 85, "spa": 85, "spd": 85, "spe": 85}, "ivs": {"hp": 31, "atk": 0, "def": 31, "spa": 31, "spd": 31, "spe": 31}, "item": "Leftovers", "teraType": "Poison", "role": "Bulky Support", "bvs": {"hp": 95, "atk": 65, "def": 110, "spa": 60, "spd": 130, "spe": 65}, "stats": {"hp": 297, "atk": 114, "def": 233, "spa": 149, "spd": 267, "spe": 157}, "types": ["Dark"]}, "Granbull": {"name": "Granbull", "species": "Granbull", "speciesId": "granbull", "gender": "F", "shiny": false, "level": 88, "moves": ["playrough", "roar", "earthquake", "thunderwave"], "ability": "Intimidate", "evs": {"hp": 85, "atk": 85, "def": 85, "spa": 85, "spd": 85, "spe": 85}, "ivs": {"hp": 31, "atk": 31, "def": 31, "spa": 31, "spd": 31, "spe": 31}, "item": "Leftovers", "teraType": "Ground", "role": "Bulky Support", "bvs": {"hp": 90, "atk": 120, "def": 75, "spa": 60, "spd": 60, "spe": 45}, "stats": {"hp": 302, "atk": 261, "def": 182, "spa": 156, "spd": 156, "spe": 129}, "types": ["Fairy"]}, "Greedent": {"name": "Greedent", "species": "Greedent", "speciesId": "greedent", "gender": "M", "shiny": false, "level": 86, "moves": ["earthquake", "knockoff", "swordsdance", "bodyslam"], "ability": "Cheek Pouch", "evs": {"hp": 85, "atk": 85, "def": 85, "spa": 85, "spd": 85, "spe": 85}, "ivs": {"hp": 31, "atk": 31, "def": 31, "spa": 31, "spd": 31, "spe": 31}, "item": "Sitrus Berry", "teraType": "Ground", "role": "Bulky Setup", "bvs": {"hp": 120, "atk": 95, "def": 95, "spa": 55, "spd": 75, "spe": 20}, "stats": {"hp": 347, "atk": 213, "def": 213, "spa": 144, "spd": 178, "spe": 84}, "types": ["Normal"]}, "Ludicolo": {"name": "Ludicolo", "species": "Ludicolo", "speciesId": "ludicolo", "gender": "F", "shiny": false, "level": 90, "moves": ["leafstorm", "gigadrain", "hydropump", "icebeam"], "ability": "Swift Swim", "evs": {"hp": 85, "atk": 0, "def": 85, "spa": 85, "spd": 85, "spe": 85}, "ivs": {"hp": 31, "atk": 0, "def": 31, "spa": 31, "spd": 31, "spe": 31}, "item": "Choice Specs", "teraType": "Water", "role": "Fast Attacker", "bvs": {"hp": 80, "atk": 70, "def": 70, "spa": 90, "spd": 100, "spe": 70}, "stats": {"hp": 290, "atk": 131, "def": 177, "spa": 213, "spd": 231, "spe": 177}, "types": ["Water", "Grass"]}}, {"Sandy Shocks": {"name": "Sandy Shocks", "species": "Sandy Shocks", "speciesId": "sandyshocks", "gender": "N", "shiny": false, "level": 80, "moves": ["voltswitch", "earthpower", "thunderbolt", "spikes"], "ability": "Protosynthesis", "evs": {"hp": 85, "atk": 0, "def": 85, "spa": 85, "spd": 85, "spe": 85}, "ivs": {"hp": 31, "atk": 0, "def": 31, "spa": 31, "spd": 31, "spe": 31}, "item": "Heavy-Duty Boots", "teraType": "Grass", "role": "Fast Support", "bvs": {"hp": 85, "atk": 81, "def": 97, "spa": 121, "spd": 85, "spe": 101}, "stats": {"hp": 267, "atk": 134, "def": 201, "spa": 240, "spd": 182, "spe": 208}, "types": ["Electric", "Ground"]}, "Probopass": {"name": "Probopass", "species": "Probopass", "speciesId": "probopass", "gender": "F", "shiny": false, "level": 91, "moves": ["bodypress", "rest", "irondefense", "flashcannon"], "ability": "Magnet Pull", "evs": {"hp": 85, "atk": 0, "def": 85, "spa": 85, "spd": 85, "spe": 85}, "ivs": {"hp": 31, "atk": 0, "def": 31, "spa": 31, "spd": 31, "spe": 31}, "item": "Chesto Berry", "teraType": "Fighting", "role": "Bulky Setup", "bvs": {"hp": 60, "atk": 55, "def": 145, "spa": 75, "spd": 150, "spe": 40}, "stats": {"hp": 257, "atk": 105, "def": 316, "spa": 188, "spd": 325, "spe": 125}, "types": ["Rock", "Steel"]}, "Porygon2": {"name": "Porygon2", "species": "Porygon2", "speciesId": "porygon2", "gender": "N", "shiny": false, "level": 81, "moves": ["discharge", "recover", "icebeam", "triattack"], "ability": "Download", "evs": {"hp": 85, "atk": 0, "def": 85, "spa": 85, "spd": 85, "spe": 85}, "ivs": {"hp": 31, "atk": 0, "def": 31, "spa": 31, "spd": 31, "spe": 31}, "item": "Eviolite", "teraType": "Electric", "role": "Bulky Support", "bvs": {"hp": 85, "atk": 80, "def": 90, "spa": 105, "spd": 95, "spe": 60}, "stats": {"hp": 270, "atk": 134, "def": 192, "spa": 217, "spd": 201, "spe": 144}, "types": ["Normal"]}, "Gouging Fire": {"name": "Gouging Fire", "species": "Gouging Fire", "speciesId": "gougingfire", "gender": "N", "shiny": false, "level": 74, "moves": ["outrage", "dragondance", "heatcrash", "morningsun"], "ability": "Protosynthesis", "evs": {"hp": 85, "atk": 85, "def": 85, "spa": 85, "spd": 85, "spe": 85}, "ivs": {"hp": 31, "atk": 31, "def": 31, "spa": 31, "spd": 31, "spe": 31}, "item": "Heavy-Duty Boots", "teraType": "Fairy", "role": "Bulky Setup", "bvs": {"hp": 105, "atk": 115, "def": 121, "spa": 65, "spd": 93, "spe": 91}, "stats": {"hp": 277, "atk": 213, "def": 222, "spa": 139, "spd": 181, "spe": 178}, "types": ["Fire", "Dragon"]}, "Sunflora": {"name": "Sunflora", "species": "Sunflora", "speciesId": "sunflora", "gender": "M", "shiny": false, "level": 100, "moves": ["solarbeam", "weatherball", "earthpower", "sunnyday"], "ability": "Chlorophyll", "evs": {"hp": 85, "atk": 0, "def": 85, "spa": 85, "spd": 85, "spe": 85}, "ivs": {"hp": 31, "atk": 0, "def": 31, "spa": 31, "spd": 31, "spe": 31}, "item": "Life Orb", "teraType": "Fire", "role": "Setup Sweeper", "bvs": {"hp": 75, "atk": 75, "def": 55, "spa": 105, "spd": 85, "spe": 30}, "stats": {"hp": 312, "atk": 155, "def": 167, "spa": 267, "spd": 227, "spe": 117}, "types": ["Grass"]}, "Honchkrow": {"name": "Honchkrow", "species": "Honchkrow", "speciesId": "honchkrow", "gender": "M", "shiny": false, "level": 86, "moves": ["lashout", "heatwave", "suckerpunch", "bravebird"], "ability": "Moxie", "evs": {"hp": 85, "atk": 85, "def": 85, "spa": 85, "spd": 85, "spe": 85}, "ivs": {"hp": 31, "atk": 31, "def": 31, "spa": 31, "spd": 31, "spe": 31}, "item": "Heavy-Duty Boots", "teraType": "Flying", "role": "Wallbreaker", "bvs": {"hp": 100, "atk": 125, "def": 52, "spa": 105, "spd": 52, "spe": 71}, "stats": {"hp": 312, "atk": 264, "def": 139, "spa": 230, "spd": 139, "spe": 171}, "types": ["Dark", "Flying"]}}]}