{"id": "gen9randombattle-2641871445", "format": "[Gen 9] Random Battle", "players": ["EK Mike in abyss", "gaelh"], "log": "|j|\u2606EK Mike in abyss\n|j|\u2606gaelh\n|t:|1782851951\n|gametype|singles\n|player|p1|EK Mike in abyss|iono|2152\n|player|p2|gaelh|170|2182\n|gen|9\n|tier|[Gen 9] Random Battle\n|rated|\n|rule|Species Clause: Limit one of each Pok\u00e9mon\n|rule|HP Percentage Mod: HP is shown in percentages\n|rule|Sleep Clause Mod: Limit one foe put to sleep\n|rule|Illusion Level Mod: Illusion disguises the Pok\u00e9mon's true level\n|\n|t:|1782851951\n|teamsize|p1|6\n|teamsize|p2|6\n|start\n|switch|p1a: Dragapult|Dragapult, L77, M|262/262\n|switch|p2a: Alcremie|Alcremie-Mint-Cream, L90, F|263/263\n|turn|1\n|inactive|Battle timer is ON: inactive players will automatically lose when time's up. (requested by gaelh)\n|\n|t:|1782851959\n|move|p1a: Dragapult|U-turn|p2a: Alcremie\n|-resisted|p2a: Alcremie\n|-damage|p2a: Alcremie|238/263\n|\n|t:|1782851960\n|switch|p1a: Zangoose|Zangoose, L85, F|263/263|[from] U-turn\n|move|p2a: Alcremie|Alluring Voice|p1a: Zangoose\n|-damage|p1a: Zangoose|116/263\n|\n|-heal|p2a: Alcremie|254/263|[from] item: Leftovers\n|-status|p1a: Zangoose|tox|[from] item: Toxic Orb\n|upkeep\n|turn|2\n|\n|t:|1782851967\n|switch|p2a: Orthworm|Orthworm, L88, M|266/266\n|move|p1a: Zangoose|Knock Off|p2a: Orthworm\n|-damage|p2a: Orthworm|184/266\n|-enditem|p2a: Orthworm|Chesto Berry|[from] move: Knock Off|[of] p1a: Zangoose\n|\n|-damage|p1a: Zangoose|100/263 tox|[from] psn\n|upkeep\n|turn|3\n|\n|t:|1782851985\n|switch|p1a: Dragapult|Dragapult, L77, M|262/262\n|move|p2a: Orthworm|Iron Tail|p1a: Dragapult\n|-damage|p1a: Dragapult|141/262\n|-unboost|p1a: Dragapult|def|1\n|\n|upkeep\n|turn|4\n|\n|t:|1782851991\n|move|p1a: Dragapult|Shadow Ball|p2a: Orthworm\n|-damage|p2a: Orthworm|46/266\n|move|p2a: Orthworm|Iron Tail|p1a: Dragapult\n|-damage|p1a: Dragapult|0 fnt\n|faint|p1a: Dragapult\n|\n|upkeep\n|\n|t:|1782851996\n|switch|p1a: Passimian|Passimian, L83, F|302/302\n|turn|5\n|\n|t:|1782852003\n|move|p1a: Passimian|Bulk Up|p1a: Passimian\n|-boost|p1a: Passimian|atk|1\n|-boost|p1a: Passimian|def|1\n|move|p2a: Orthworm|Rest|p2a: Orthworm\n|-status|p2a: Orthworm|slp|[from] move: Rest\n|-heal|p2a: Orthworm|266/266 slp|[silent]\n|\n|upkeep\n|turn|6\n|\n|t:|1782852009\n|switch|p2a: Articuno|Articuno, L86|295/295\n|-ability|p2a: Articuno|Pressure\n|move|p1a: Passimian|Drain Punch|p2a: Articuno\n|-damage|p2a: Articuno|183/295\n|\n|upkeep\n|turn|7\n|\n|t:|1782852013\n|move|p2a: Articuno|Brave Bird|p1a: Passimian\n|-supereffective|p1a: Passimian\n|-damage|p1a: Passimian|144/302\n|-damage|p2a: Articuno|131/295|[from] Recoil\n|move|p1a: Passimian|Drain Punch|p2a: Articuno\n|-damage|p2a: Articuno|0 fnt\n|-heal|p1a: Passimian|210/302|[from] drain|[of] p2a: Articuno\n|faint|p2a: Articuno\n|\n|-heal|p1a: Passimian|228/302|[from] item: Leftovers\n|upkeep\n|\n|t:|1782852018\n|switch|p2a: Regidrago|Regidrago, L77|435/435\n|turn|8\n|\n|t:|1782852032\n|switch|p1a: Umbreon|Umbreon, L84, M|297/297\n|move|p2a: Regidrago|Dragon Energy|p1a: Umbreon\n|-damage|p1a: Umbreon|159/297\n|\n|-heal|p1a: Umbreon|177/297|[from] item: Leftovers\n|upkeep\n|turn|9\n|\n|t:|1782852041\n|switch|p2a: Orthworm|Orthworm, L88, M|266/266 slp\n|move|p1a: Umbreon|Toxic||[still]\n|-fail|p1a: Umbreon\n|\n|-heal|p1a: Umbreon|195/297|[from] item: Leftovers\n|upkeep\n|turn|10\n|\n|t:|1782852053\n|switch|p2a: Flygon|Flygon, L82, F|265/265\n|move|p1a: Umbreon|Wish|p1a: Umbreon\n|\n|-heal|p1a: Umbreon|213/297|[from] item: Leftovers\n|upkeep\n|turn|11\n|\n|t:|1782852058\n|move|p2a: Flygon|U-turn|p1a: Umbreon\n|-supereffective|p1a: Umbreon\n|-damage|p1a: Umbreon|101/297\n|\n|t:|1782852063\n|switch|p2a: Orthworm|Orthworm, L88, M|266/266 slp|[from] U-turn\n|move|p1a: Umbreon|Foul Play|p2a: Orthworm\n|-damage|p2a: Orthworm|206/266 slp\n|\n|-heal|p1a: Umbreon|249/297|[from] move: Wish|[wisher] Umbreon\n|-heal|p1a: Umbreon|267/297|[from] item: Leftovers\n|upkeep\n|turn|12\n|\n|t:|1782852069\n|cant|p2a: Orthworm|slp\n|move|p1a: Umbreon|Wish|p1a: Umbreon\n|\n|-heal|p1a: Umbreon|285/297|[from] item: Leftovers\n|upkeep\n|turn|13\n|\n|t:|1782852078\n|switch|p2a: Alcremie|Alcremie-Mint-Cream, L90, F|254/263\n|switch|p1a: Zangoose|Zangoose, L85, F|100/263 tox\n|\n|-heal|p1a: Zangoose|248/263 tox|[from] move: Wish|[wisher] Umbreon\n|-heal|p2a: Alcremie|263/263|[from] item: Leftovers\n|-damage|p1a: Zangoose|232/263 tox|[from] psn\n|upkeep\n|turn|14\n|\n|t:|1782852083\n|switch|p2a: Orthworm|Orthworm, L88, M|206/266 slp\n|move|p1a: Zangoose|Facade|p2a: Orthworm\n|-resisted|p2a: Orthworm\n|-damage|p2a: Orthworm|120/266 slp\n|\n|-damage|p1a: Zangoose|200/263 tox|[from] psn\n|upkeep\n|turn|15\n|\n|t:|1782852091\n|move|p1a: Zangoose|Swords Dance|p1a: Zangoose\n|-boost|p1a: Zangoose|atk|2\n|cant|p2a: Orthworm|slp\n|\n|-damage|p1a: Zangoose|152/263 tox|[from] psn\n|upkeep\n|turn|16\n|\n|t:|1782852096\n|move|p1a: Zangoose|Facade|p2a: Orthworm\n|-resisted|p2a: Orthworm\n|-damage|p2a: Orthworm|0 fnt\n|faint|p2a: Orthworm\n|\n|-damage|p1a: Zangoose|88/263 tox|[from] psn\n|upkeep\n|\n|t:|1782852100\n|switch|p2a: Flygon|Flygon, L82, F|265/265\n|turn|17\n|\n|t:|1782852110\n|switch|p1a: Umbreon|Umbreon, L84, M|285/297\n|move|p2a: Flygon|Earthquake|p1a: Umbreon\n|-damage|p1a: Umbreon|156/297\n|\n|-heal|p1a: Umbreon|174/297|[from] item: Leftovers\n|upkeep\n|turn|18\n|\n|t:|1782852115\n|switch|p2a: Mamoswine|Mamoswine, L81, M|311/311\n|move|p1a: Umbreon|Wish|p1a: Umbreon\n|\n|-heal|p1a: Umbreon|192/297|[from] item: Leftovers\n|upkeep\n|turn|19\n|\n|t:|1782852129\n|move|p1a: Umbreon|Protect|p1a: Umbreon\n|-singleturn|p1a: Umbreon|Protect\n|move|p2a: Mamoswine|Icicle Crash|p1a: Umbreon\n|-activate|p1a: Umbreon|move: Protect\n|\n|-heal|p1a: Umbreon|297/297|[from] move: Wish|[wisher] Umbreon\n|upkeep\n|turn|20\n|\n|t:|1782852136\n|move|p2a: Mamoswine|Icicle Crash|p1a: Umbreon\n|-damage|p1a: Umbreon|175/297\n|-damage|p2a: Mamoswine|280/311|[from] item: Life Orb\n|move|p1a: Umbreon|Wish|p1a: Umbreon\n|\n|-heal|p1a: Umbreon|193/297|[from] item: Leftovers\n|upkeep\n|turn|21\n|\n|t:|1782852142\n|move|p2a: Mamoswine|Stealth Rock|p1a: Umbreon\n|-sidestart|p1: EK Mike in abyss|move: Stealth Rock\n|move|p1a: Umbreon|Foul Play|p2a: Mamoswine\n|-damage|p2a: Mamoswine|142/311\n|\n|-heal|p1a: Umbreon|297/297|[from] move: Wish|[wisher] Umbreon\n|upkeep\n|turn|22\n|\n|t:|1782852148\n|move|p2a: Mamoswine|Icicle Crash|p1a: Umbreon\n|-damage|p1a: Umbreon|184/297\n|-damage|p2a: Mamoswine|111/311|[from] item: Life Orb\n|move|p1a: Umbreon|Wish|p1a: Umbreon\n|\n|-heal|p1a: Umbreon|202/297|[from] item: Leftovers\n|upkeep\n|turn|23\n|\n|t:|1782852153\n|move|p1a: Umbreon|Protect|p1a: Umbreon\n|-singleturn|p1a: Umbreon|Protect\n|move|p2a: Mamoswine|Icicle Crash|p1a: Umbreon\n|-activate|p1a: Umbreon|move: Protect\n|\n|-heal|p1a: Umbreon|297/297|[from] move: Wish|[wisher] Umbreon\n|upkeep\n|turn|24\n|\n|t:|1782852157\n|switch|p1a: Zangoose|Zangoose, L85, F|88/263 tox\n|-damage|p1a: Zangoose|56/263 tox|[from] Stealth Rock\n|move|p2a: Mamoswine|Icicle Crash|p1a: Zangoose\n|-damage|p1a: Zangoose|0 fnt\n|faint|p1a: Zangoose\n|-damage|p2a: Mamoswine|80/311|[from] item: Life Orb\n|\n|upkeep\n|\n|t:|1782852159\n|switch|p1a: Passimian|Passimian, L83, F|228/302\n|-damage|p1a: Passimian|210/302|[from] Stealth Rock\n|turn|25\n|\n|t:|1782852163\n|switch|p2a: Alcremie|Alcremie-Mint-Cream, L90, F|263/263\n|move|p1a: Passimian|Drain Punch|p2a: Alcremie\n|-resisted|p2a: Alcremie\n|-damage|p2a: Alcremie|210/263\n|-heal|p1a: Passimian|237/302|[from] drain|[of] p2a: Alcremie\n|\n|-heal|p1a: Passimian|255/302|[from] item: Leftovers\n|-heal|p2a: Alcremie|226/263|[from] item: Leftovers\n|upkeep\n|turn|26\n|\n|t:|1782852167\n|-terastallize|p2a: Alcremie|Poison\n|move|p1a: Passimian|Gunk Shot|p2a: Alcremie\n|-resisted|p2a: Alcremie\n|-damage|p2a: Alcremie|174/263\n|move|p2a: Alcremie|Alluring Voice|p1a: Passimian\n|-supereffective|p1a: Passimian\n|-damage|p1a: Passimian|0 fnt\n|faint|p1a: Passimian\n|\n|-heal|p2a: Alcremie|190/263|[from] item: Leftovers\n|upkeep\n|\n|t:|1782852172\n|switch|p1a: Gothitelle|Gothitelle, L90, F|272/272\n|-damage|p1a: Gothitelle|238/272|[from] Stealth Rock\n|turn|27\n|\n|t:|1782852180\n|move|p1a: Gothitelle|Calm Mind|p1a: Gothitelle\n|-boost|p1a: Gothitelle|spa|1\n|-boost|p1a: Gothitelle|spd|1\n|move|p2a: Alcremie|Recover|p2a: Alcremie\n|-heal|p2a: Alcremie|263/263\n|\n|-heal|p1a: Gothitelle|255/272|[from] item: Leftovers\n|upkeep\n|turn|28\n|\n|t:|1782852183\n|move|p1a: Gothitelle|Psychic Noise|p2a: Alcremie\n|-supereffective|p2a: Alcremie\n|-damage|p2a: Alcremie|65/263\n|-block|p2a: Alcremie|ability: Aroma Veil|[of] p2a: Alcremie\n|move|p2a: Alcremie|Calm Mind|p2a: Alcremie\n|-boost|p2a: Alcremie|spa|1\n|-boost|p2a: Alcremie|spd|1\n|\n|-heal|p1a: Gothitelle|272/272|[from] item: Leftovers\n|-heal|p2a: Alcremie|81/263|[from] item: Leftovers\n|upkeep\n|turn|29\n|\n|t:|1782852187\n|move|p1a: Gothitelle|Psychic Noise|p2a: Alcremie\n|-supereffective|p2a: Alcremie\n|-damage|p2a: Alcremie|0 fnt\n|faint|p2a: Alcremie\n|\n|upkeep\n|\n|t:|1782852189\n|switch|p2a: Flygon|Flygon, L82, F|265/265\n|turn|30\n|\n|t:|1782852197\n|move|p2a: Flygon|Outrage|p1a: Gothitelle\n|-damage|p1a: Gothitelle|110/272\n|move|p1a: Gothitelle|Psychic Noise|p2a: Flygon\n|-damage|p2a: Flygon|120/265\n|-start|p2a: Flygon|move: Heal Block\n|\n|-heal|p1a: Gothitelle|127/272|[from] item: Leftovers\n|upkeep\n|turn|31\n|\n|t:|1782852204\n|move|p2a: Flygon|Outrage|p1a: Gothitelle|[from] lockedmove\n|-damage|p1a: Gothitelle|0 fnt\n|faint|p1a: Gothitelle\n|\n|-end|p2a: Flygon|move: Heal Block\n|upkeep\n|\n|t:|1782852208\n|switch|p1a: Umbreon|Umbreon, L84, M|297/297\n|-damage|p1a: Umbreon|260/297|[from] Stealth Rock\n|turn|32\n|\n|t:|1782852211\n|move|p2a: Flygon|Outrage|p1a: Umbreon|[from] lockedmove\n|-damage|p1a: Umbreon|115/297\n|-start|p2a: Flygon|confusion|[fatigue]\n|move|p1a: Umbreon|Wish|p1a: Umbreon\n|\n|-heal|p1a: Umbreon|133/297|[from] item: Leftovers\n|upkeep\n|turn|33\n|\n|t:|1782852218\n|switch|p2a: Mamoswine|Mamoswine, L81, M|80/311\n|move|p1a: Umbreon|Protect||[still]\n|-fail|p1a: Umbreon\n|\n|-heal|p1a: Umbreon|281/297|[from] move: Wish|[wisher] Umbreon\n|-heal|p1a: Umbreon|297/297|[from] item: Leftovers\n|upkeep\n|turn|34\n|\n|t:|1782852226\n|move|p2a: Mamoswine|Icicle Crash|p1a: Umbreon\n|-damage|p1a: Umbreon|179/297\n|-damage|p2a: Mamoswine|49/311|[from] item: Life Orb\n|cant|p1a: Umbreon|flinch\n|\n|-heal|p1a: Umbreon|197/297|[from] item: Leftovers\n|upkeep\n|turn|35\n|\n|t:|1782852234\n|move|p1a: Umbreon|Protect|p1a: Umbreon\n|-singleturn|p1a: Umbreon|Protect\n|move|p2a: Mamoswine|Icicle Crash|p1a: Umbreon\n|-activate|p1a: Umbreon|move: Protect\n|\n|-heal|p1a: Umbreon|215/297|[from] item: Leftovers\n|upkeep\n|turn|36\n|\n|t:|1782852241\n|move|p2a: Mamoswine|Icicle Crash|p1a: Umbreon|[miss]\n|-miss|p2a: Mamoswine|p1a: Umbreon\n|move|p1a: Umbreon|Wish|p1a: Umbreon\n|\n|-heal|p1a: Umbreon|233/297|[from] item: Leftovers\n|upkeep\n|turn|37\n|\n|t:|1782852246\n|move|p2a: Mamoswine|Icicle Crash|p1a: Umbreon\n|-damage|p1a: Umbreon|123/297\n|-damage|p2a: Mamoswine|18/311|[from] item: Life Orb\n|move|p1a: Umbreon|Toxic|p2a: Mamoswine|[miss]\n|-miss|p1a: Umbreon|p2a: Mamoswine\n|\n|-heal|p1a: Umbreon|271/297|[from] move: Wish|[wisher] Umbreon\n|-heal|p1a: Umbreon|289/297|[from] item: Leftovers\n|upkeep\n|turn|38\n|\n|t:|1782852252\n|move|p2a: Mamoswine|Earthquake|p1a: Umbreon\n|-damage|p1a: Umbreon|145/297\n|-damage|p2a: Mamoswine|0 fnt|[from] item: Life Orb\n|faint|p2a: Mamoswine\n|move|p1a: Umbreon|Wish|p1a: Umbreon\n|\n|-heal|p1a: Umbreon|163/297|[from] item: Leftovers\n|upkeep\n|\n|t:|1782852256\n|switch|p2a: Flygon|Flygon, L82, F|120/265\n|turn|39\n|\n|t:|1782852269\n|move|p1a: Umbreon|Protect|p1a: Umbreon\n|-singleturn|p1a: Umbreon|Protect\n|move|p2a: Flygon|Outrage|p1a: Umbreon\n|-activate|p1a: Umbreon|move: Protect\n|\n|-heal|p1a: Umbreon|297/297|[from] move: Wish|[wisher] Umbreon\n|upkeep\n|turn|40\n|\n|t:|1782852272\n|move|p2a: Flygon|Outrage|p1a: Umbreon\n|-damage|p1a: Umbreon|146/297\n|move|p1a: Umbreon|Wish|p1a: Umbreon\n|\n|-heal|p1a: Umbreon|164/297|[from] item: Leftovers\n|upkeep\n|turn|41\n|\n|t:|1782852277\n|move|p2a: Flygon|Outrage|p1a: Umbreon|[from] lockedmove\n|-damage|p1a: Umbreon|13/297\n|-start|p2a: Flygon|confusion|[fatigue]\n|move|p1a: Umbreon|Toxic|p2a: Flygon|[miss]\n|-miss|p1a: Umbreon|p2a: Flygon\n|\n|-heal|p1a: Umbreon|161/297|[from] move: Wish|[wisher] Umbreon\n|-heal|p1a: Umbreon|179/297|[from] item: Leftovers\n|upkeep\n|turn|42\n|\n|t:|1782852283\n|move|p1a: Umbreon|Protect|p1a: Umbreon\n|-singleturn|p1a: Umbreon|Protect\n|-activate|p2a: Flygon|confusion\n|move|p2a: Flygon|Outrage|p1a: Umbreon\n|-activate|p1a: Umbreon|move: Protect\n|\n|-heal|p1a: Umbreon|197/297|[from] item: Leftovers\n|upkeep\n|turn|43\n|\n|t:|1782852285\n|-activate|p2a: Flygon|confusion\n|move|p2a: Flygon|Outrage|p1a: Umbreon\n|-damage|p1a: Umbreon|43/297\n|move|p1a: Umbreon|Wish|p1a: Umbreon\n|\n|-heal|p1a: Umbreon|61/297|[from] item: Leftovers\n|upkeep\n|turn|44\n|\n|t:|1782852290\n|move|p1a: Umbreon|Protect|p1a: Umbreon\n|-singleturn|p1a: Umbreon|Protect\n|-end|p2a: Flygon|confusion\n|move|p2a: Flygon|Outrage|p1a: Umbreon|[from] lockedmove\n|-activate|p1a: Umbreon|move: Protect\n|-start|p2a: Flygon|confusion|[fatigue]\n|\n|-heal|p1a: Umbreon|209/297|[from] move: Wish|[wisher] Umbreon\n|-heal|p1a: Umbreon|227/297|[from] item: Leftovers\n|upkeep\n|turn|45\n|\n|t:|1782852296\n|-activate|p2a: Flygon|confusion\n|move|p2a: Flygon|Outrage|p1a: Umbreon\n|-damage|p1a: Umbreon|77/297\n|move|p1a: Umbreon|Wish|p1a: Umbreon\n|\n|-heal|p1a: Umbreon|95/297|[from] item: Leftovers\n|upkeep\n|turn|46\n|\n|t:|1782852301\n|move|p1a: Umbreon|Protect|p1a: Umbreon\n|-singleturn|p1a: Umbreon|Protect\n|-activate|p2a: Flygon|confusion\n|move|p2a: Flygon|Outrage|p1a: Umbreon|[from] lockedmove\n|-activate|p1a: Umbreon|move: Protect\n|\n|-heal|p1a: Umbreon|243/297|[from] move: Wish|[wisher] Umbreon\n|-heal|p1a: Umbreon|261/297|[from] item: Leftovers\n|upkeep\n|turn|47\n|\n|t:|1782852306\n|-end|p2a: Flygon|confusion\n|move|p2a: Flygon|Outrage|p1a: Umbreon\n|-damage|p1a: Umbreon|102/297\n|move|p1a: Umbreon|Wish|p1a: Umbreon\n|\n|-heal|p1a: Umbreon|120/297|[from] item: Leftovers\n|upkeep\n|turn|48\n|\n|t:|1782852312\n|move|p1a: Umbreon|Protect|p1a: Umbreon\n|-singleturn|p1a: Umbreon|Protect\n|move|p2a: Flygon|Outrage|p1a: Umbreon|[from] lockedmove\n|-activate|p1a: Umbreon|move: Protect\n|\n|-heal|p1a: Umbreon|268/297|[from] move: Wish|[wisher] Umbreon\n|-heal|p1a: Umbreon|286/297|[from] item: Leftovers\n|upkeep\n|turn|49\n|\n|t:|1782852317\n|move|p2a: Flygon|Outrage|p1a: Umbreon\n|-damage|p1a: Umbreon|123/297\n|move|p1a: Umbreon|Toxic|p2a: Flygon\n|-status|p2a: Flygon|tox\n|\n|-heal|p1a: Umbreon|141/297|[from] item: Leftovers\n|-damage|p2a: Flygon|104/265 tox|[from] psn\n|upkeep\n|turn|50\n|\n|t:|1782852324\n|move|p2a: Flygon|Outrage|p1a: Umbreon|[from] lockedmove\n|-damage|p1a: Umbreon|0 fnt\n|faint|p1a: Umbreon\n|\n|-damage|p2a: Flygon|72/265 tox|[from] psn\n|upkeep\n|\n|t:|1782852326\n|switch|p1a: Overqwil|Overqwil, L82, M|274/274\n|-damage|p1a: Overqwil|240/274|[from] Stealth Rock\n|-ability|p1a: Overqwil|Intimidate|boost\n|-unboost|p2a: Flygon|atk|1\n|turn|51\n|\n|t:|1782852329\n|move|p2a: Flygon|Outrage|p1a: Overqwil|[from] lockedmove\n|-damage|p1a: Overqwil|116/274\n|-start|p2a: Flygon|confusion|[fatigue]\n|move|p1a: Overqwil|Swords Dance|p1a: Overqwil\n|-boost|p1a: Overqwil|atk|2\n|\n|-damage|p2a: Flygon|24/265 tox|[from] psn\n|upkeep\n|turn|52\n|\n|t:|1782852335\n|-activate|p2a: Flygon|confusion\n|-damage|p2a: Flygon|4/265 tox|[from] confusion\n|move|p1a: Overqwil|Scale Shot|p2a: Flygon\n|-supereffective|p2a: Flygon\n|-damage|p2a: Flygon|0 fnt\n|faint|p2a: Flygon\n|-hitcount|p2: Flygon|1\n|-unboost|p1a: Overqwil|def|1\n|-boost|p1a: Overqwil|spe|1\n|\n|upkeep\n|\n|t:|1782852340\n|switch|p2a: Regidrago|Regidrago, L77|435/435\n|turn|53\n|\n|t:|1782852343\n|-terastallize|p1a: Overqwil|Dragon\n|move|p1a: Overqwil|Scale Shot|p2a: Regidrago\n|-supereffective|p2a: Regidrago\n|-damage|p2a: Regidrago|255/435\n|-supereffective|p2a: Regidrago\n|-damage|p2a: Regidrago|55/435\n|-supereffective|p2a: Regidrago\n|-damage|p2a: Regidrago|0 fnt\n|faint|p2a: Regidrago\n|-hitcount|p2: Regidrago|3\n|\n|win|EK Mike in abyss\n|raw|EK Mike in abyss's rating: 2152 &rarr; <strong>2174</strong><br />(+22 for winning)\n|raw|gaelh's rating: 2182 &rarr; <strong>2160</strong><br />(-22 for losing)\n", "inputlog": ">version f8ac14003a5f27e1bdc8d8c59608a773c1cb96e5\n>start {\"formatid\":\"gen9randombattle\",\"seed\":\"sodium,cd8c06451e73e73c57ac11833a1931aa\",\"rated\":\"Rated battle\"}\n>player p1 {\"name\":\"EK Mike in abyss\",\"avatar\":\"iono\",\"rating\":2152,\"seed\":\"sodium,c6f2bcff07b2974a900fb6a4f563d5d6\"}\n>player p2 {\"name\":\"gaelh\",\"avatar\":\"170\",\"rating\":2182,\"seed\":\"sodium,423036f5fa62e129fbc403c03778aae5\"}\n>p1 move uturn\n>p2 move alluringvoice\n>p1 switch 4\n>p1 move knockoff\n>p2 switch 6\n>p1 switch 4\n>p2 move irontail\n>p1 move shadowball\n>p2 move irontail\n>p1 switch 6\n>p1 move bulkup\n>p2 move rest\n>p1 move drainpunch\n>p2 switch 5\n>p1 move drainpunch\n>p2 move bravebird\n>p2 switch 4\n>p1 switch 5\n>p2 move dragonenergy\n>p1 move toxic\n>p2 switch 5\n>p1 move wish\n>p2 switch 2\n>p1 move foulplay\n>p2 move uturn\n>p2 switch 2\n>p1 move wish\n>p2 move bodypress\n>p1 switch 4\n>p2 switch 6\n>p1 move facade\n>p2 switch 6\n>p1 move swordsdance\n>p2 move bodypress\n>p1 move facade\n>p2 move bodypress\n>p2 switch 2\n>p1 switch 4\n>p2 move earthquake\n>p1 move wish\n>p2 switch 3\n>p1 move protect\n>p2 move iciclecrash\n>p1 move wish\n>p2 move iciclecrash\n>p1 move foulplay\n>p2 move stealthrock\n>p1 move wish\n>p2 move iciclecrash\n>p1 move protect\n>p2 move iciclecrash\n>p1 switch 4\n>p2 move iciclecrash\n>p1 switch 5\n>p1 move drainpunch\n>p2 switch 6\n>p1 move gunkshot\n>p2 move alluringvoice terastallize\n>p1 switch 2\n>p1 move calmmind\n>p2 move recover\n>p1 move psychicnoise\n>p2 move calmmind\n>p1 move psychicnoise\n>p2 move alluringvoice\n>p2 switch 3\n>p1 move psychicnoise\n>p2 move outrage\n>p1 move psychicnoise\n>p2 move outrage\n>p1 switch 4\n>p1 move wish\n>p2 move outrage\n>p1 move protect\n>p2 switch 6\n>p1 move wish\n>p2 move iciclecrash\n>p1 move protect\n>p2 move iciclecrash\n>p1 move wish\n>p2 move iciclecrash\n>p1 move toxic\n>p2 move iciclecrash\n>p1 move wish\n>p2 move earthquake\n>p2 switch 6\n>p1 move protect\n>p2 move outrage\n>p1 move wish\n>p2 move outrage\n>p1 move toxic\n>p2 move outrage\n>p1 move protect\n>p2 move outrage\n>p1 move wish\n>p2 move outrage\n>p1 move protect\n>p2 move outrage\n>p1 move wish\n>p2 move outrage\n>p1 move protect\n>p2 move outrage\n>p1 move wish\n>p2 move outrage\n>p1 move protect\n>p2 move outrage\n>p1 move toxic\n>p2 move outrage\n>p1 move wish\n>p2 move outrage\n>p1 switch 3\n>p1 move swordsdance\n>p2 move outrage\n>p1 move scaleshot\n>p2 move outrage\n>p2 switch 5\n>p1 move scaleshot terastallize\n>p2 move outrage", "uploadtime": 1782852344, "views": 5, "formatid": "gen9randombattle", "rating": 2160, "private": 0, "password": null, "player_dets": [{"name": "EK Mike in abyss", "avatar": "iono", "rating": 2152, "seed": "sodium,c6f2bcff07b2974a900fb6a4f563d5d6"}, {"name": "gaelh", "avatar": "170", "rating": 2182, "seed": "sodium,423036f5fa62e129fbc403c03778aae5"}], "teams_full": [{"Dragapult": {"name": "Dragapult", "species": "Dragapult", "speciesId": "dragapult", "gender": "M", "shiny": false, "level": 77, "moves": ["dracometeor", "fireblast", "uturn", "shadowball"], "ability": "Infiltrator", "evs": {"hp": 85, "atk": 85, "def": 85, "spa": 85, "spd": 85, "spe": 85}, "ivs": {"hp": 31, "atk": 31, "def": 31, "spa": 31, "spd": 31, "spe": 31}, "item": "Choice Specs", "teraType": "Dragon", "role": "Fast Attacker", "bvs": {"hp": 88, "atk": 120, "def": 75, "spa": 100, "spd": 75, "spe": 142}, "stats": {"hp": 262, "atk": 229, "def": 160, "spa": 199, "spd": 160, "spe": 263}, "types": ["Dragon", "Ghost"]}, "Gothitelle": {"name": "Gothitelle", "species": "Gothitelle", "speciesId": "gothitelle", "gender": "F", "shiny": false, "level": 90, "moves": ["darkpulse", "calmmind", "thunderbolt", "psychicnoise"], "ability": "Shadow Tag", "evs": {"hp": 85, "atk": 0, "def": 85, "spa": 85, "spd": 85, "spe": 85}, "ivs": {"hp": 31, "atk": 0, "def": 31, "spa": 31, "spd": 31, "spe": 31}, "item": "Leftovers", "teraType": "Electric", "role": "Bulky Setup", "bvs": {"hp": 70, "atk": 55, "def": 95, "spa": 95, "spd": 110, "spe": 65}, "stats": {"hp": 272, "atk": 104, "def": 222, "spa": 222, "spd": 249, "spe": 168}, "types": ["Psychic"]}, "Overqwil": {"name": "Overqwil", "species": "Overqwil", "speciesId": "overqwil", "gender": "M", "shiny": false, "level": 82, "moves": ["swordsdance", "scaleshot", "gunkshot", "crunch"], "ability": "Intimidate", "evs": {"hp": 85, "atk": 85, "def": 85, "spa": 85, "spd": 85, "spe": 85}, "ivs": {"hp": 31, "atk": 31, "def": 31, "spa": 31, "spd": 31, "spe": 31}, "item": "Loaded Dice", "teraType": "Dragon", "role": "Setup Sweeper", "bvs": {"hp": 85, "atk": 115, "def": 95, "spa": 65, "spd": 65, "spe": 85}, "stats": {"hp": 274, "atk": 236, "def": 203, "spa": 154, "spd": 154, "spe": 187}, "types": ["Dark", "Poison"]}, "Zangoose": {"name": "Zangoose", "species": "Zangoose", "speciesId": "zangoose", "gender": "F", "shiny": false, "level": 85, "moves": ["closecombat", "knockoff", "swordsdance", "facade"], "ability": "Toxic Boost", "evs": {"hp": 85, "atk": 85, "def": 85, "spa": 85, "spd": 85, "spe": 85}, "ivs": {"hp": 31, "atk": 31, "def": 31, "spa": 31, "spd": 31, "spe": 31}, "item": "Toxic Orb", "teraType": "Normal", "role": "Fast Attacker", "bvs": {"hp": 73, "atk": 115, "def": 60, "spa": 60, "spd": 60, "spe": 90}, "stats": {"hp": 263, "atk": 244, "def": 151, "spa": 151, "spd": 151, "spe": 202}, "types": ["Normal"]}, "Umbreon": {"name": "Umbreon", "species": "Umbreon", "speciesId": "umbreon", "gender": "M", "shiny": false, "level": 84, "moves": ["foulplay", "toxic", "wish", "protect"], "ability": "Synchronize", "evs": {"hp": 85, "atk": 0, "def": 85, "spa": 85, "spd": 85, "spe": 85}, "ivs": {"hp": 31, "atk": 0, "def": 31, "spa": 31, "spd": 31, "spe": 31}, "item": "Leftovers", "teraType": "Poison", "role": "Bulky Support", "bvs": {"hp": 95, "atk": 65, "def": 110, "spa": 60, "spd": 130, "spe": 65}, "stats": {"hp": 297, "atk": 114, "def": 233, "spa": 149, "spd": 267, "spe": 157}, "types": ["Dark"]}, "Passimian": {"name": "Passimian", "species": "Passimian", "speciesId": "passimian", "gender": "F", "shiny": false, "level": 83, "moves": ["bulkup", "gunkshot", "knockoff", "drainpunch"], "ability": "Defiant", "evs": {"hp": 85, "atk": 85, "def": 85, "spa": 85, "spd": 85, "spe": 85}, "ivs": {"hp": 31, "atk": 31, "def": 31, "spa": 31, "spd": 31, "spe": 31}, "item": "Leftovers", "teraType": "Poison", "role": "Bulky Setup", "bvs": {"hp": 100, "atk": 120, "def": 90, "spa": 40, "spd": 60, "spe": 80}, "stats": {"hp": 302, "atk": 247, "def": 197, "spa": 114, "spd": 147, "spe": 180}, "types": ["Fighting"]}}, {"Alcremie": {"name": "Alcremie", "species": "Alcremie-Mint-Cream", "speciesId": "alcremie", "gender": "F", "shiny": false, "level": 90, "moves": ["recover", "psyshock", "calmmind", "alluringvoice"], "ability": "Aroma Veil", "evs": {"hp": 85, "atk": 0, "def": 85, "spa": 85, "spd": 85, "spe": 85}, "ivs": {"hp": 31, "atk": 0, "def": 31, "spa": 31, "spd": 31, "spe": 31}, "item": "Leftovers", "teraType": "Poison", "role": "Bulky Setup", "bvs": {"hp": 65, "atk": 60, "def": 75, "spa": 110, "spd": 121, "spe": 64}, "stats": {"hp": 263, "atk": 113, "def": 186, "spa": 249, "spd": 269, "spe": 167}, "types": ["Fairy"]}, "Flygon": {"name": "Flygon", "species": "Flygon", "speciesId": "flygon", "gender": "F", "shiny": false, "level": 82, "moves": ["stoneedge", "outrage", "earthquake", "uturn"], "ability": "Levitate", "evs": {"hp": 85, "atk": 85, "def": 85, "spa": 85, "spd": 85, "spe": 85}, "ivs": {"hp": 31, "atk": 31, "def": 31, "spa": 31, "spd": 31, "spe": 31}, "item": "Choice Band", "teraType": "Rock", "role": "Fast Attacker", "bvs": {"hp": 80, "atk": 100, "def": 80, "spa": 80, "spd": 80, "spe": 100}, "stats": {"hp": 265, "atk": 211, "def": 178, "spa": 178, "spd": 178, "spe": 211}, "types": ["Ground", "Dragon"]}, "Mamoswine": {"name": "Mamoswine", "species": "Mamoswine", "speciesId": "mamoswine", "gender": "M", "shiny": false, "level": 81, "moves": ["iceshard", "earthquake", "iciclecrash", "stealthrock"], "ability": "Thick Fat", "evs": {"hp": 85, "atk": 85, "def": 85, "spa": 85, "spd": 85, "spe": 85}, "ivs": {"hp": 31, "atk": 31, "def": 31, "spa": 31, "spd": 31, "spe": 31}, "item": "Life Orb", "teraType": "Ground", "role": "Wallbreaker", "bvs": {"hp": 110, "atk": 130, "def": 80, "spa": 70, "spd": 60, "spe": 80}, "stats": {"hp": 311, "atk": 257, "def": 176, "spa": 160, "spd": 144, "spe": 176}, "types": ["Ice", "Ground"]}, "Regidrago": {"name": "Regidrago", "species": "Regidrago", "speciesId": "regidrago", "gender": "N", "shiny": false, "level": 77, "moves": ["dragonenergy", "dracometeor", "earthquake", "outrage"], "ability": "Dragon's Maw", "evs": {"hp": 85, "atk": 85, "def": 85, "spa": 85, "spd": 85, "spe": 85}, "ivs": {"hp": 31, "atk": 31, "def": 31, "spa": 31, "spd": 31, "spe": 31}, "item": "Choice Scarf", "teraType": "Dragon", "role": "Fast Attacker", "bvs": {"hp": 200, "atk": 100, "def": 50, "spa": 100, "spd": 50, "spe": 80}, "stats": {"hp": 435, "atk": 199, "def": 122, "spa": 199, "spd": 122, "spe": 168}, "types": ["Dragon"]}, "Articuno": {"name": "Articuno", "species": "Articuno", "speciesId": "articuno", "gender": "N", "shiny": false, "level": 86, "moves": ["roost", "substitute", "bravebird", "freezedry"], "ability": "Pressure", "evs": {"hp": 85, "atk": 85, "def": 85, "spa": 85, "spd": 85, "spe": 85}, "ivs": {"hp": 31, "atk": 31, "def": 31, "spa": 31, "spd": 31, "spe": 31}, "item": "Heavy-Duty Boots", "teraType": "Ground", "role": "Bulky Support", "bvs": {"hp": 90, "atk": 85, "def": 100, "spa": 95, "spd": 125, "spe": 85}, "stats": {"hp": 295, "atk": 195, "def": 221, "spa": 213, "spd": 264, "spe": 195}, "types": ["Ice", "Flying"]}, "Orthworm": {"name": "Orthworm", "species": "Orthworm", "speciesId": "orthworm", "gender": "M", "shiny": false, "level": 88, "moves": ["bodypress", "coil", "rest", "irontail"], "ability": "Earth Eater", "evs": {"hp": 85, "atk": 85, "def": 85, "spa": 85, "spd": 85, "spe": 85}, "ivs": {"hp": 31, "atk": 31, "def": 31, "spa": 31, "spd": 31, "spe": 31}, "item": "Chesto Berry", "teraType": "Electric", "role": "Bulky Setup", "bvs": {"hp": 70, "atk": 85, "def": 145, "spa": 60, "spd": 55, "spe": 65}, "stats": {"hp": 266, "atk": 200, "def": 305, "spa": 156, "spd": 147, "spe": 165}, "types": ["Steel"]}}]}