{"id": "gen9randombattle-2642155684", "format": "[Gen 9] Random Battle", "players": ["ratsnebur", "anomalia682"], "log": "|j|\u2606ratsnebur\n|j|\u203danomalia682\n|t:|1782901803\n|gametype|singles\n|player|p1|ratsnebur|266|1483\n|player|p2|anomalia682|gentleman-gen4|1458\n|gen|9\n|tier|[Gen 9] Random Battle\n|rated|\n|rule|Species Clause: Limit one of each Pok\u00e9mon\n|rule|HP Percentage Mod: HP is shown in percentages\n|rule|Sleep Clause Mod: Limit one foe put to sleep\n|rule|Illusion Level Mod: Illusion disguises the Pok\u00e9mon's true level\n|\n|t:|1782901803\n|teamsize|p1|6\n|teamsize|p2|6\n|start\n|switch|p1a: Bisharp|Bisharp, L79, F|232/232\n|switch|p2a: Milotic|Milotic, L83, F|293/293\n|turn|1\n|\n|t:|1782901823\n|move|p2a: Milotic|Scald|p1a: Bisharp\n|-damage|p1a: Bisharp|157/232\n|move|p1a: Bisharp|Swords Dance|p1a: Bisharp\n|-boost|p1a: Bisharp|atk|2\n|\n|upkeep\n|turn|2\n|inactive|Battle timer is ON: inactive players will automatically lose when time's up. (requested by ratsnebur)\n|\n|t:|1782901831\n|move|p2a: Milotic|Haze|p2a: Milotic\n|-clearallboost\n|move|p1a: Bisharp|Throat Chop|p2a: Milotic\n|-crit|p2a: Milotic\n|-damage|p2a: Milotic|139/293\n|-start|p2a: Milotic|Throat Chop|[silent]\n|\n|-heal|p2a: Milotic|157/293|[from] item: Leftovers\n|upkeep\n|turn|3\n|\n|t:|1782901838\n|move|p2a: Milotic|Scald|p1a: Bisharp\n|-damage|p1a: Bisharp|87/232\n|move|p1a: Bisharp|Swords Dance|p1a: Bisharp\n|-boost|p1a: Bisharp|atk|2\n|\n|-heal|p2a: Milotic|175/293|[from] item: Leftovers\n|-end|p2a: Milotic|Throat Chop|[silent]\n|upkeep\n|turn|4\n|\n|t:|1782901848\n|move|p2a: Milotic|Haze|p2a: Milotic\n|-clearallboost\n|move|p1a: Bisharp|Throat Chop|p2a: Milotic\n|-damage|p2a: Milotic|79/293\n|-start|p2a: Milotic|Throat Chop|[silent]\n|\n|-heal|p2a: Milotic|97/293|[from] item: Leftovers\n|upkeep\n|turn|5\n|\n|t:|1782901851\n|move|p2a: Milotic|Recover|p2a: Milotic\n|-heal|p2a: Milotic|244/293\n|move|p1a: Bisharp|Throat Chop|p2a: Milotic\n|-crit|p2a: Milotic\n|-damage|p2a: Milotic|102/293\n|\n|-heal|p2a: Milotic|120/293|[from] item: Leftovers\n|-end|p2a: Milotic|Throat Chop|[silent]\n|upkeep\n|turn|6\n|\n|t:|1782901869\n|move|p2a: Milotic|Scald|p1a: Bisharp\n|-damage|p1a: Bisharp|20/232\n|move|p1a: Bisharp|Throat Chop|p2a: Milotic\n|-damage|p2a: Milotic|20/293\n|-start|p2a: Milotic|Throat Chop|[silent]\n|\n|-heal|p2a: Milotic|38/293|[from] item: Leftovers\n|upkeep\n|turn|7\n|\n|t:|1782901881\n|move|p2a: Milotic|Recover|p2a: Milotic\n|-heal|p2a: Milotic|185/293\n|move|p1a: Bisharp|Throat Chop|p2a: Milotic\n|-damage|p2a: Milotic|89/293\n|\n|-heal|p2a: Milotic|107/293|[from] item: Leftovers\n|-end|p2a: Milotic|Throat Chop|[silent]\n|upkeep\n|turn|8\n|\n|t:|1782901884\n|move|p1a: Bisharp|Sucker Punch||[still]\n|-fail|p1a: Bisharp\n|move|p2a: Milotic|Recover|p2a: Milotic\n|-heal|p2a: Milotic|254/293\n|\n|-heal|p2a: Milotic|272/293|[from] item: Leftovers\n|upkeep\n|turn|9\n|\n|t:|1782901886\n|move|p2a: Milotic|Scald|p1a: Bisharp\n|-damage|p1a: Bisharp|0 fnt\n|faint|p1a: Bisharp\n|\n|-heal|p2a: Milotic|290/293|[from] item: Leftovers\n|upkeep\n|\n|t:|1782901892\n|switch|p1a: Arceus|Arceus-Water, L71|288/288\n|turn|10\n|inactive|anomalia682 has 120 seconds left.\n|\n|t:|1782901923\n|switch|p2a: Iron Leaves|Iron Leaves, L80|275/275\n|move|p1a: Arceus|Judgment|p2a: Iron Leaves\n|-resisted|p2a: Iron Leaves\n|-damage|p2a: Iron Leaves|224/275\n|\n|upkeep\n|turn|11\n|\n|t:|1782901934\n|switch|p1a: Hawlucha|Hawlucha, L80, M|256/256\n|move|p2a: Iron Leaves|Leaf Blade|p1a: Hawlucha\n|-resisted|p1a: Hawlucha\n|-crit|p1a: Hawlucha\n|-damage|p1a: Hawlucha|121/256\n|\n|upkeep\n|turn|12\n|\n|t:|1782901953\n|move|p1a: Hawlucha|Close Combat|p2a: Iron Leaves\n|-resisted|p2a: Iron Leaves\n|-damage|p2a: Iron Leaves|167/275\n|-unboost|p1a: Hawlucha|def|1\n|-unboost|p1a: Hawlucha|spd|1\n|-enditem|p1a: Hawlucha|White Herb\n|-clearnegativeboost|p1a: Hawlucha|[silent]\n|move|p2a: Iron Leaves|Leaf Blade|p1a: Hawlucha\n|-resisted|p1a: Hawlucha\n|-damage|p1a: Hawlucha|29/256\n|\n|upkeep\n|turn|13\n|\n|t:|1782901957\n|move|p1a: Hawlucha|Brave Bird|p2a: Iron Leaves\n|-supereffective|p2a: Iron Leaves\n|-damage|p2a: Iron Leaves|0 fnt\n|faint|p2a: Iron Leaves\n|-end|p2a: Iron Leaves|Quark Drive|[silent]\n|-damage|p1a: Hawlucha|0 fnt|[from] Recoil\n|faint|p1a: Hawlucha\n|\n|upkeep\n|\n|t:|1782901970\n|switch|p1a: Scrafty|Scrafty, L83, F|244/244\n|switch|p2a: Regigigas|Regigigas, L84|322/322\n|-start|p2a: Regigigas|ability: Slow Start\n|-ability|p1a: Scrafty|Intimidate|boost\n|-unboost|p2a: Regigigas|atk|1\n|turn|14\n|\n|t:|1782901986\n|move|p1a: Scrafty|Dragon Dance|p1a: Scrafty\n|-boost|p1a: Scrafty|atk|1\n|-boost|p1a: Scrafty|spe|1\n|move|p2a: Regigigas|Knock Off|p1a: Scrafty\n|-resisted|p1a: Scrafty\n|-damage|p1a: Scrafty|237/244\n|-enditem|p1a: Scrafty|Leftovers|[from] move: Knock Off|[of] p2a: Regigigas\n|\n|upkeep\n|turn|15\n|\n|t:|1782901994\n|move|p1a: Scrafty|Dragon Dance|p1a: Scrafty\n|-boost|p1a: Scrafty|atk|1\n|-boost|p1a: Scrafty|spe|1\n|move|p2a: Regigigas|Body Slam|p1a: Scrafty\n|-damage|p1a: Scrafty|201/244\n|\n|upkeep\n|turn|16\n|\n|t:|1782901998\n|move|p1a: Scrafty|Drain Punch|p2a: Regigigas\n|-supereffective|p2a: Regigigas\n|-damage|p2a: Regigigas|92/322\n|-heal|p1a: Scrafty|244/244|[from] drain|[of] p2a: Regigigas\n|move|p2a: Regigigas|Body Slam|p1a: Scrafty\n|-damage|p1a: Scrafty|204/244\n|\n|-heal|p2a: Regigigas|112/322|[from] item: Leftovers\n|upkeep\n|turn|17\n|\n|t:|1782902007\n|move|p1a: Scrafty|Drain Punch|p2a: Regigigas\n|-supereffective|p2a: Regigigas\n|-damage|p2a: Regigigas|0 fnt\n|-heal|p1a: Scrafty|244/244|[from] drain|[of] p2a: Regigigas\n|faint|p2a: Regigigas\n|-end|p2a: Regigigas|Slow Start|[silent]\n|\n|upkeep\n|inactive|anomalia682 has 120 seconds left.\n|inactive|anomalia682 has 90 seconds left.\n|\n|t:|1782902085\n|switch|p2a: Raging Bolt|Raging Bolt, L78|323/323\n|-enditem|p2a: Raging Bolt|Booster Energy\n|-activate|p2a: Raging Bolt|ability: Protosynthesis|[fromitem]\n|-start|p2a: Raging Bolt|protosynthesisspa\n|turn|18\n|inactive|anomalia682 has 60 seconds left.\n|\n|t:|1782902124\n|move|p1a: Scrafty|Poison Jab|p2a: Raging Bolt\n|-damage|p2a: Raging Bolt|204/323\n|move|p2a: Raging Bolt|Thunderbolt|p1a: Scrafty\n|-damage|p1a: Scrafty|126/244\n|\n|upkeep\n|turn|19\n|\n|t:|1782902131\n|move|p1a: Scrafty|Drain Punch|p2a: Raging Bolt\n|-damage|p2a: Raging Bolt|42/323\n|-heal|p1a: Scrafty|207/244|[from] drain|[of] p2a: Raging Bolt\n|move|p2a: Raging Bolt|Thunderbolt|p1a: Scrafty\n|-damage|p1a: Scrafty|92/244\n|\n|upkeep\n|turn|20\n|inactive|anomalia682 has 60 seconds left.\n|\n|t:|1782902143\n|move|p2a: Raging Bolt|Thunderclap||[still]\n|-fail|p2a: Raging Bolt\n|move|p1a: Scrafty|Dragon Dance|p1a: Scrafty\n|-boost|p1a: Scrafty|atk|1\n|-boost|p1a: Scrafty|spe|1\n|\n|upkeep\n|turn|21\n|\n|t:|1782902147\n|move|p2a: Raging Bolt|Thunderclap|p1a: Scrafty\n|-damage|p1a: Scrafty|4/244\n|move|p1a: Scrafty|Drain Punch|p2a: Raging Bolt\n|-damage|p2a: Raging Bolt|0 fnt\n|-heal|p1a: Scrafty|25/244|[from] drain|[of] p2a: Raging Bolt\n|faint|p2a: Raging Bolt\n|-end|p2a: Raging Bolt|Protosynthesis|[silent]\n|\n|upkeep\n|inactive|anomalia682 has 60 seconds left.\n|\n|t:|1782902185\n|switch|p2a: Uxie|Uxie, L83|260/260\n|turn|22\n|inactive|ratsnebur has 120 seconds left.\n|\n|t:|1782902223\n|move|p1a: Scrafty|Poison Jab|p2a: Uxie\n|-damage|p2a: Uxie|163/260\n|move|p2a: Uxie|Thunder Wave|p1a: Scrafty\n|-status|p1a: Scrafty|par\n|\n|-heal|p2a: Uxie|179/260|[from] item: Leftovers\n|upkeep\n|turn|23\n|\n|t:|1782902232\n|move|p2a: Uxie|U-turn|p1a: Scrafty\n|-damage|p1a: Scrafty|0 fnt\n|faint|p1a: Scrafty\n|inactive|anomalia682 has 30 seconds left.\n|\n|t:|1782902249\n|switch|p2a: Tentacruel|Tentacruel, L84, M|272/272|[from] U-turn\n|\n|upkeep\n|\n|t:|1782902256\n|switch|p1a: Iron Treads|Iron Treads, L77|265/265\n|turn|24\n|inactive|anomalia682 has 30 seconds left.\n|inactive|anomalia682 has 20 seconds left.\n|inactive|anomalia682 has 15 seconds left.\n|\n|t:|1782902287\n|-terastallize|p2a: Tentacruel|Flying\n|-terastallize|p1a: Iron Treads|Dragon\n|move|p2a: Tentacruel|Surf|p1a: Iron Treads\n|-resisted|p1a: Iron Treads\n|-damage|p1a: Iron Treads|211/265\n|move|p1a: Iron Treads|Rapid Spin|p2a: Tentacruel\n|-damage|p2a: Tentacruel|226/272\n|-boost|p1a: Iron Treads|spe|1\n|\n|-heal|p1a: Iron Treads|227/265|[from] item: Leftovers\n|-heal|p2a: Tentacruel|243/272|[from] item: Leftovers\n|upkeep\n|turn|25\n|inactive|anomalia682 has 25 seconds left this turn.\n|inactive|anomalia682 has 20 seconds left.\n|inactive|anomalia682 has 15 seconds left.\n|inactive|anomalia682 has 10 seconds left.\n|\n|t:|1782902303\n|move|p1a: Iron Treads|Iron Head|p2a: Tentacruel\n|-damage|p2a: Tentacruel|149/272\n|move|p2a: Tentacruel|Toxic|p1a: Iron Treads\n|-status|p1a: Iron Treads|tox\n|\n|-heal|p1a: Iron Treads|243/265 tox|[from] item: Leftovers\n|-heal|p2a: Tentacruel|166/272|[from] item: Leftovers\n|-damage|p1a: Iron Treads|227/265 tox|[from] psn\n|upkeep\n|turn|26\n|inactive|anomalia682 has 20 seconds left this turn.\n|inactive|anomalia682 has 15 seconds left.\n|inactive|anomalia682 has 10 seconds left.\n|\n|t:|1782902313\n|switch|p2a: Uxie|Uxie, L83|179/260\n|move|p1a: Iron Treads|Iron Head|p2a: Uxie\n|-damage|p2a: Uxie|118/260\n|\n|-heal|p1a: Iron Treads|243/265 tox|[from] item: Leftovers\n|-heal|p2a: Uxie|134/260|[from] item: Leftovers\n|-damage|p1a: Iron Treads|211/265 tox|[from] psn\n|upkeep\n|turn|27\n|inactive|anomalia682 has 20 seconds left this turn.\n|inactive|anomalia682 has 15 seconds left.\n|inactive|anomalia682 has 10 seconds left.\n|\n|t:|1782902325\n|-end|p1a: Iron Treads|Quark Drive|[silent]\n|switch|p1a: Arceus|Arceus-Water, L71|288/288\n|move|p2a: Uxie|Psychic Noise|p1a: Arceus\n|-damage|p1a: Arceus|222/288\n|-start|p1a: Arceus|move: Heal Block\n|\n|-heal|p2a: Uxie|150/260|[from] item: Leftovers\n|upkeep\n|turn|28\n|inactive|anomalia682 has 20 seconds left this turn.\n|inactive|anomalia682 has 15 seconds left.\n|\n|t:|1782902337\n|move|p1a: Arceus|Judgment|p2a: Uxie\n|-damage|p2a: Uxie|65/260\n|move|p2a: Uxie|Thunder Wave|p1a: Arceus\n|-status|p1a: Arceus|par\n|\n|-heal|p2a: Uxie|81/260|[from] item: Leftovers\n|-end|p1a: Arceus|move: Heal Block\n|upkeep\n|turn|29\n|inactive|anomalia682 has 25 seconds left this turn.\n|inactive|anomalia682 has 20 seconds left.\n|inactive|anomalia682 has 15 seconds left.\n|\n|t:|1782902348\n|move|p2a: Uxie|Psychic Noise|p1a: Arceus\n|-damage|p1a: Arceus|167/288 par\n|-start|p1a: Arceus|move: Heal Block\n|move|p1a: Arceus|Judgment|p2a: Uxie\n|-damage|p2a: Uxie|0 fnt\n|faint|p2a: Uxie\n|\n|upkeep\n|inactive|anomalia682 has 20 seconds left this turn.\n|inactive|anomalia682 has 15 seconds left.\n|inactive|anomalia682 has 10 seconds left.\n|\n|t:|1782902359\n|switch|p2a: Tentacruel|Tentacruel, L84, M, tera:Flying|166/272\n|turn|30\n|inactive|anomalia682 has 20 seconds left this turn.\n|inactive|anomalia682 has 15 seconds left.\n|\n|t:|1782902364\n|move|p2a: Tentacruel|Sludge Bomb|p1a: Arceus\n|-damage|p1a: Arceus|88/288 par\n|move|p1a: Arceus|Ice Beam|p2a: Tentacruel\n|-supereffective|p2a: Tentacruel\n|-damage|p2a: Tentacruel|78/272\n|-status|p2a: Tentacruel|frz\n|\n|-heal|p2a: Tentacruel|95/272 frz|[from] item: Leftovers\n|-end|p1a: Arceus|move: Heal Block\n|upkeep\n|turn|31\n|inactive|anomalia682 has 25 seconds left this turn.\n|inactive|anomalia682 has 20 seconds left.\n|\n|t:|1782902374\n|cant|p2a: Tentacruel|frz\n|move|p1a: Arceus|Recover|p1a: Arceus\n|-heal|p1a: Arceus|232/288 par\n|\n|-heal|p2a: Tentacruel|112/272 frz|[from] item: Leftovers\n|upkeep\n|turn|32\n|inactive|anomalia682 has 30 seconds left this turn.\n|\n|t:|1782902378\n|cant|p2a: Tentacruel|frz\n|move|p1a: Arceus|Recover|p1a: Arceus\n|-heal|p1a: Arceus|288/288 par\n|\n|-heal|p2a: Tentacruel|129/272 frz|[from] item: Leftovers\n|upkeep\n|turn|33\n|\n|t:|1782902380\n|-curestatus|p2a: Tentacruel|frz|[msg]\n|move|p2a: Tentacruel|Sludge Bomb|p1a: Arceus\n|-damage|p1a: Arceus|204/288 par\n|move|p1a: Arceus|Ice Beam|p2a: Tentacruel\n|-supereffective|p2a: Tentacruel\n|-damage|p2a: Tentacruel|47/272\n|-status|p2a: Tentacruel|frz\n|\n|-heal|p2a: Tentacruel|64/272 frz|[from] item: Leftovers\n|upkeep\n|turn|34\n|\n|t:|1782902396\n|cant|p2a: Tentacruel|frz\n|move|p1a: Arceus|Recover|p1a: Arceus\n|-heal|p1a: Arceus|288/288 par\n|\n|-heal|p2a: Tentacruel|81/272 frz|[from] item: Leftovers\n|upkeep\n|turn|35\n|\n|t:|1782902400\n|cant|p2a: Tentacruel|frz\n|move|p1a: Arceus|Ice Beam|p2a: Tentacruel\n|-supereffective|p2a: Tentacruel\n|-damage|p2a: Tentacruel|1/272 frz\n|\n|-heal|p2a: Tentacruel|18/272 frz|[from] item: Leftovers\n|upkeep\n|turn|36\n|\n|t:|1782902419\n|cant|p2a: Tentacruel|frz\n|move|p1a: Arceus|Ice Beam|p2a: Tentacruel\n|-supereffective|p2a: Tentacruel\n|-damage|p2a: Tentacruel|0 fnt\n|faint|p2a: Tentacruel\n|\n|upkeep\n|\n|t:|1782902422\n|switch|p2a: Milotic|Milotic, L83, F|290/293\n|turn|37\n|\n|t:|1782902429\n|move|p2a: Milotic|Scald|p1a: Arceus\n|-resisted|p1a: Arceus\n|-damage|p1a: Arceus|249/288 par\n|cant|p1a: Arceus|par\n|\n|-heal|p2a: Milotic|293/293|[from] item: Leftovers\n|upkeep\n|turn|38\n|\n|t:|1782902433\n|move|p2a: Milotic|Scald|p1a: Arceus\n|-resisted|p1a: Arceus\n|-damage|p1a: Arceus|210/288 par\n|move|p1a: Arceus|Will-O-Wisp|p2a: Milotic|[miss]\n|-miss|p1a: Arceus|p2a: Milotic\n|\n|upkeep\n|turn|39\n|\n|t:|1782902440\n|move|p2a: Milotic|Scald|p1a: Arceus\n|-resisted|p1a: Arceus\n|-damage|p1a: Arceus|168/288 par\n|move|p1a: Arceus|Will-O-Wisp|p2a: Milotic\n|-status|p2a: Milotic|brn\n|\n|-damage|p2a: Milotic|275/293 brn|[from] brn\n|upkeep\n|turn|40\n|\n|t:|1782902445\n|move|p2a: Milotic|Scald|p1a: Arceus\n|-resisted|p1a: Arceus\n|-damage|p1a: Arceus|132/288 par\n|cant|p1a: Arceus|par\n|\n|-heal|p2a: Milotic|293/293 brn|[from] item: Leftovers\n|-damage|p2a: Milotic|275/293 brn|[from] brn\n|upkeep\n|turn|41\n|\n|t:|1782902451\n|move|p2a: Milotic|Scald|p1a: Arceus\n|-resisted|p1a: Arceus\n|-damage|p1a: Arceus|90/288 par\n|move|p1a: Arceus|Recover|p1a: Arceus\n|-heal|p1a: Arceus|234/288 par\n|\n|-heal|p2a: Milotic|293/293 brn|[from] item: Leftovers\n|-damage|p2a: Milotic|275/293 brn|[from] brn\n|upkeep\n|turn|42\n|\n|t:|1782902462\n|move|p2a: Milotic|Scald|p1a: Arceus\n|-resisted|p1a: Arceus\n|-damage|p1a: Arceus|193/288 par\n|move|p1a: Arceus|Judgment|p2a: Milotic\n|-resisted|p2a: Milotic\n|-damage|p2a: Milotic|231/293 brn\n|\n|-heal|p2a: Milotic|249/293 brn|[from] item: Leftovers\n|-damage|p2a: Milotic|231/293 brn|[from] brn\n|upkeep\n|turn|43\n|inactive|anomalia682 has 90 seconds left.\n|\n|t:|1782902471\n|move|p2a: Milotic|Scald|p1a: Arceus\n|-resisted|p1a: Arceus\n|-damage|p1a: Arceus|150/288 par\n|cant|p1a: Arceus|par\n|\n|-heal|p2a: Milotic|249/293 brn|[from] item: Leftovers\n|-damage|p2a: Milotic|231/293 brn|[from] brn\n|upkeep\n|turn|44\n|\n|t:|1782902479\n|move|p2a: Milotic|Scald|p1a: Arceus\n|-resisted|p1a: Arceus\n|-damage|p1a: Arceus|108/288 par\n|cant|p1a: Arceus|par\n|\n|-heal|p2a: Milotic|249/293 brn|[from] item: Leftovers\n|-damage|p2a: Milotic|231/293 brn|[from] brn\n|upkeep\n|turn|45\n|\n|t:|1782902486\n|move|p2a: Milotic|Scald|p1a: Arceus\n|-resisted|p1a: Arceus\n|-damage|p1a: Arceus|70/288 par\n|move|p1a: Arceus|Recover|p1a: Arceus\n|-heal|p1a: Arceus|214/288 par\n|\n|-heal|p2a: Milotic|249/293 brn|[from] item: Leftovers\n|-damage|p2a: Milotic|231/293 brn|[from] brn\n|upkeep\n|turn|46\n|\n|t:|1782902492\n|move|p2a: Milotic|Ice Beam|p1a: Arceus\n|-resisted|p1a: Arceus\n|-damage|p1a: Arceus|184/288 par\n|cant|p1a: Arceus|par\n|\n|-heal|p2a: Milotic|249/293 brn|[from] item: Leftovers\n|-damage|p2a: Milotic|231/293 brn|[from] brn\n|upkeep\n|turn|47\n|\n|t:|1782902494\n|move|p2a: Milotic|Ice Beam|p1a: Arceus\n|-resisted|p1a: Arceus\n|-damage|p1a: Arceus|154/288 par\n|move|p1a: Arceus|Judgment|p2a: Milotic\n|-resisted|p2a: Milotic\n|-damage|p2a: Milotic|193/293 brn\n|\n|-heal|p2a: Milotic|211/293 brn|[from] item: Leftovers\n|-damage|p2a: Milotic|193/293 brn|[from] brn\n|upkeep\n|turn|48\n|inactive|anomalia682 has 120 seconds left.\n|\n|t:|1782902503\n|move|p2a: Milotic|Ice Beam|p1a: Arceus\n|-resisted|p1a: Arceus\n|-damage|p1a: Arceus|124/288 par\n|move|p1a: Arceus|Recover|p1a: Arceus\n|-heal|p1a: Arceus|268/288 par\n|\n|-heal|p2a: Milotic|211/293 brn|[from] item: Leftovers\n|-damage|p2a: Milotic|193/293 brn|[from] brn\n|upkeep\n|turn|49\n|\n|t:|1782902508\n|move|p2a: Milotic|Ice Beam|p1a: Arceus\n|-resisted|p1a: Arceus\n|-damage|p1a: Arceus|238/288 par\n|cant|p1a: Arceus|par\n|\n|-heal|p2a: Milotic|211/293 brn|[from] item: Leftovers\n|-damage|p2a: Milotic|193/293 brn|[from] brn\n|upkeep\n|turn|50\n|\n|t:|1782902513\n|move|p2a: Milotic|Ice Beam|p1a: Arceus\n|-resisted|p1a: Arceus\n|-damage|p1a: Arceus|206/288 par\n|cant|p1a: Arceus|par\n|\n|-heal|p2a: Milotic|211/293 brn|[from] item: Leftovers\n|-damage|p2a: Milotic|193/293 brn|[from] brn\n|upkeep\n|turn|51\n|\n|t:|1782902518\n|move|p2a: Milotic|Ice Beam|p1a: Arceus\n|-resisted|p1a: Arceus\n|-crit|p1a: Arceus\n|-damage|p1a: Arceus|161/288 par\n|cant|p1a: Arceus|par\n|\n|-heal|p2a: Milotic|211/293 brn|[from] item: Leftovers\n|-damage|p2a: Milotic|193/293 brn|[from] brn\n|upkeep\n|turn|52\n|\n|t:|1782902526\n|move|p2a: Milotic|Scald|p1a: Arceus\n|-resisted|p1a: Arceus\n|-damage|p1a: Arceus|124/288 par\n|cant|p1a: Arceus|par\n|\n|-heal|p2a: Milotic|211/293 brn|[from] item: Leftovers\n|-damage|p2a: Milotic|193/293 brn|[from] brn\n|upkeep\n|turn|53\n|\n|t:|1782902537\n|move|p2a: Milotic|Scald|p1a: Arceus\n|-resisted|p1a: Arceus\n|-crit|p1a: Arceus\n|-damage|p1a: Arceus|67/288 par\n|cant|p1a: Arceus|par\n|\n|-heal|p2a: Milotic|211/293 brn|[from] item: Leftovers\n|-damage|p2a: Milotic|193/293 brn|[from] brn\n|upkeep\n|turn|54\n|\n|t:|1782902554\n|move|p2a: Milotic|Scald|p1a: Arceus\n|-resisted|p1a: Arceus\n|-damage|p1a: Arceus|29/288 par\n|move|p1a: Arceus|Recover|p1a: Arceus\n|-heal|p1a: Arceus|173/288 par\n|\n|-heal|p2a: Milotic|211/293 brn|[from] item: Leftovers\n|-damage|p2a: Milotic|193/293 brn|[from] brn\n|upkeep\n|turn|55\n|\n|t:|1782902576\n|move|p2a: Milotic|Ice Beam|p1a: Arceus\n|-resisted|p1a: Arceus\n|-damage|p1a: Arceus|141/288 par\n|move|p1a: Arceus|Recover|p1a: Arceus\n|-heal|p1a: Arceus|285/288 par\n|\n|-heal|p2a: Milotic|211/293 brn|[from] item: Leftovers\n|-damage|p2a: Milotic|193/293 brn|[from] brn\n|upkeep\n|turn|56\n|inactive|anomalia682 has 120 seconds left.\n|l|\u203danomalia682\n|inactive|anomalia682 disconnected and has a minute to reconnect!\n|player|p2|\n|inactive|anomalia682 has 30 seconds to reconnect!\n|j|\u203danomalia682\n|inactive|anomalia682 reconnected and has 75 seconds left.\n|player|p2|anomalia682|gentleman-gen4|\n|n|\u203danomalia682|anomalia682\n|\n|t:|1782902640\n|move|p2a: Milotic|Ice Beam|p1a: Arceus\n|-resisted|p1a: Arceus\n|-damage|p1a: Arceus|255/288 par\n|cant|p1a: Arceus|par\n|\n|-heal|p2a: Milotic|211/293 brn|[from] item: Leftovers\n|-damage|p2a: Milotic|193/293 brn|[from] brn\n|upkeep\n|turn|57\n|inactive|ratsnebur has 120 seconds left.\n|inactive|ratsnebur has 90 seconds left.\n|inactive|ratsnebur has 60 seconds left.\n|inactive|ratsnebur has 30 seconds left.\n|l|\u2606ratsnebur\n|inactive|ratsnebur disconnected and has a minute to reconnect!\n|player|p1|\n|j|\u2606ratsnebur\n|inactive|ratsnebur reconnected and has 25 seconds left.\n|player|p1|ratsnebur|266|\n|inactive|ratsnebur has 20 seconds left.\n|\n|t:|1782902767\n|move|p2a: Milotic|Ice Beam|p1a: Arceus\n|-resisted|p1a: Arceus\n|-damage|p1a: Arceus|228/288 par\n|move|p1a: Arceus|Judgment|p2a: Milotic\n|-resisted|p2a: Milotic\n|-damage|p2a: Milotic|151/293 brn\n|\n|-heal|p2a: Milotic|169/293 brn|[from] item: Leftovers\n|-damage|p2a: Milotic|151/293 brn|[from] brn\n|upkeep\n|turn|58\n|inactive|ratsnebur has 30 seconds left this turn.\n|\n|t:|1782902771\n|move|p2a: Milotic|Ice Beam|p1a: Arceus\n|-resisted|p1a: Arceus\n|-damage|p1a: Arceus|197/288 par\n|move|p1a: Arceus|Judgment|p2a: Milotic\n|-resisted|p2a: Milotic\n|-damage|p2a: Milotic|109/293 brn\n|\n|-heal|p2a: Milotic|127/293 brn|[from] item: Leftovers\n|-damage|p2a: Milotic|109/293 brn|[from] brn\n|upkeep\n|turn|59\n|\n|t:|1782902779\n|move|p2a: Milotic|Recover|p2a: Milotic\n|-heal|p2a: Milotic|256/293 brn\n|move|p1a: Arceus|Judgment|p2a: Milotic\n|-resisted|p2a: Milotic\n|-damage|p2a: Milotic|212/293 brn\n|\n|-heal|p2a: Milotic|230/293 brn|[from] item: Leftovers\n|-damage|p2a: Milotic|212/293 brn|[from] brn\n|upkeep\n|turn|60\n|\n|t:|1782902786\n|move|p2a: Milotic|Ice Beam|p1a: Arceus\n|-resisted|p1a: Arceus\n|-damage|p1a: Arceus|170/288 par\n|move|p1a: Arceus|Judgment|p2a: Milotic\n|-resisted|p2a: Milotic\n|-damage|p2a: Milotic|169/293 brn\n|\n|-heal|p2a: Milotic|187/293 brn|[from] item: Leftovers\n|-damage|p2a: Milotic|169/293 brn|[from] brn\n|upkeep\n|turn|61\n|\n|t:|1782902794\n|move|p2a: Milotic|Scald|p1a: Arceus\n|-resisted|p1a: Arceus\n|-damage|p1a: Arceus|130/288 par\n|move|p1a: Arceus|Judgment|p2a: Milotic\n|-resisted|p2a: Milotic\n|-damage|p2a: Milotic|127/293 brn\n|\n|-heal|p2a: Milotic|145/293 brn|[from] item: Leftovers\n|-damage|p2a: Milotic|127/293 brn|[from] brn\n|upkeep\n|turn|62\n|\n|t:|1782902801\n|move|p2a: Milotic|Scald|p1a: Arceus\n|-resisted|p1a: Arceus\n|-crit|p1a: Arceus\n|-damage|p1a: Arceus|70/288 par\n|move|p1a: Arceus|Judgment|p2a: Milotic\n|-resisted|p2a: Milotic\n|-damage|p2a: Milotic|86/293 brn\n|\n|-heal|p2a: Milotic|104/293 brn|[from] item: Leftovers\n|-damage|p2a: Milotic|86/293 brn|[from] brn\n|upkeep\n|turn|63\n|\n|t:|1782902804\n|move|p2a: Milotic|Recover|p2a: Milotic\n|-heal|p2a: Milotic|233/293 brn\n|move|p1a: Arceus|Judgment|p2a: Milotic\n|-resisted|p2a: Milotic\n|-damage|p2a: Milotic|189/293 brn\n|\n|-heal|p2a: Milotic|207/293 brn|[from] item: Leftovers\n|-damage|p2a: Milotic|189/293 brn|[from] brn\n|upkeep\n|turn|64\n|\n|t:|1782902807\n|move|p2a: Milotic|Scald|p1a: Arceus\n|-resisted|p1a: Arceus\n|-damage|p1a: Arceus|28/288 par\n|move|p1a: Arceus|Judgment|p2a: Milotic\n|-resisted|p2a: Milotic\n|-damage|p2a: Milotic|147/293 brn\n|\n|-heal|p2a: Milotic|165/293 brn|[from] item: Leftovers\n|-damage|p2a: Milotic|147/293 brn|[from] brn\n|upkeep\n|turn|65\n|\n|t:|1782902810\n|move|p2a: Milotic|Recover|p2a: Milotic\n|-heal|p2a: Milotic|293/293 brn\n|cant|p1a: Arceus|par\n|\n|-damage|p2a: Milotic|275/293 brn|[from] brn\n|upkeep\n|turn|66\n|\n|t:|1782902812\n|move|p2a: Milotic|Scald|p1a: Arceus\n|-resisted|p1a: Arceus\n|-damage|p1a: Arceus|0 fnt\n|faint|p1a: Arceus\n|\n|-heal|p2a: Milotic|293/293 brn|[from] item: Leftovers\n|-damage|p2a: Milotic|275/293 brn|[from] brn\n|upkeep\n|\n|t:|1782902815\n|switch|p1a: Rayquaza|Rayquaza, L72|270/270\n|-ability|p1a: Rayquaza|Air Lock\n|turn|67\n|\n|t:|1782902830\n|move|p2a: Milotic|Ice Beam|p1a: Rayquaza\n|-supereffective|p1a: Rayquaza\n|-damage|p1a: Rayquaza|0 fnt\n|faint|p1a: Rayquaza\n|\n|-heal|p2a: Milotic|293/293 brn|[from] item: Leftovers\n|-damage|p2a: Milotic|275/293 brn|[from] brn\n|upkeep\n|\n|t:|1782902834\n|switch|p1a: Iron Treads|Iron Treads, L77, tera:Dragon|211/265 tox\n|turn|68\n|inactive|ratsnebur has 120 seconds left.\n|\n|t:|1782902845\n|move|p1a: Iron Treads|Earthquake|p2a: Milotic\n|-damage|p2a: Milotic|169/293 brn\n|move|p2a: Milotic|Ice Beam|p1a: Iron Treads\n|-supereffective|p1a: Iron Treads\n|-damage|p1a: Iron Treads|43/265 tox\n|\n|-heal|p1a: Iron Treads|59/265 tox|[from] item: Leftovers\n|-heal|p2a: Milotic|187/293 brn|[from] item: Leftovers\n|-damage|p1a: Iron Treads|43/265 tox|[from] psn\n|-damage|p2a: Milotic|169/293 brn|[from] brn\n|upkeep\n|turn|69\n|\n|t:|1782902848\n|move|p1a: Iron Treads|Earthquake|p2a: Milotic\n|-damage|p2a: Milotic|64/293 brn\n|move|p2a: Milotic|Ice Beam|p1a: Iron Treads\n|-supereffective|p1a: Iron Treads\n|-damage|p1a: Iron Treads|0 fnt\n|faint|p1a: Iron Treads\n|-end|p1a: Iron Treads|Quark Drive|[silent]\n|\n|win|anomalia682\n|raw|ratsnebur's rating: 1483 &rarr; <strong>1462</strong><br />(-21 for losing)\n|raw|anomalia682's rating: 1458 &rarr; <strong>1479</strong><br />(+21 for winning)\n", "inputlog": ">version f8ac14003a5f27e1bdc8d8c59608a773c1cb96e5\n>start {\"formatid\":\"gen9randombattle\",\"seed\":\"sodium,f31d467c117156e8bb0b2b292d4acf3e\",\"rated\":\"Rated battle\"}\n>player p1 {\"name\":\"ratsnebur\",\"avatar\":\"266\",\"rating\":1483,\"seed\":\"sodium,222bec43a5ff1a0a9589988e96466ea4\"}\n>player p2 {\"name\":\"anomalia682\",\"avatar\":\"gentleman-gen4\",\"rating\":1458,\"seed\":\"sodium,8c8b61f70ad47396d5feb7dd51c1da1b\"}\n>p1 move swordsdance\n>p2 move scald\n>p1 move throatchop\n>p2 move haze\n>p1 move swordsdance\n>p2 move scald\n>p1 move throatchop\n>p2 move haze\n>p1 move throatchop\n>p2 move recover\n>p1 move throatchop\n>p2 move scald\n>p1 move throatchop\n>p2 move recover\n>p1 move suckerpunch\n>p2 move recover\n>p1 move throatchop\n>p2 move scald\n>p1 switch 6\n>p1 move judgment\n>p2 switch 2\n>p1 switch 5\n>p2 move leafblade\n>p1 move closecombat\n>p2 move leafblade\n>p1 move bravebird\n>p2 move leafblade\n>p1 switch 2\n>p2 switch 5\n>p1 move dragondance\n>p2 move knockoff\n>p1 move dragondance\n>p2 move bodyslam\n>p1 move drainpunch\n>p2 move bodyslam\n>p1 move drainpunch\n>p2 move bodyslam\n>p2 switch 6\n>p1 move poisonjab\n>p2 move thunderbolt\n>p1 move drainpunch\n>p2 move thunderbolt\n>p1 move dragondance\n>p2 move thunderclap\n>p1 move drainpunch\n>p2 move thunderclap\n>p2 switch 3\n>p1 move poisonjab\n>p2 move thunderwave\n>p1 move dragondance\n>p2 move uturn\n>p2 switch 4\n>p1 switch 3\n>p1 move rapidspin terastallize\n>p2 move surf terastallize\n>p1 move ironhead\n>p2 move toxic\n>p1 move ironhead\n>p2 switch 4\n>p1 switch 5\n>p2 move psychicnoise\n>p1 move judgment\n>p2 move thunderwave\n>p1 move judgment\n>p2 move psychicnoise\n>p2 switch 4\n>p1 move icebeam\n>p2 move sludgebomb\n>p1 move recover\n>p2 move sludgebomb\n>p1 move recover\n>p2 move sludgebomb\n>p1 move icebeam\n>p2 move sludgebomb\n>p1 move recover\n>p2 move sludgebomb\n>p1 move icebeam\n>p2 move sludgebomb\n>p1 move icebeam\n>p2 move sludgebomb\n>p2 switch 2\n>p1 move willowisp\n>p2 move scald\n>p1 move willowisp\n>p2 move scald\n>p1 move willowisp\n>p2 move scald\n>p1 move icebeam\n>p2 move scald\n>p1 move recover\n>p2 move scald\n>p1 move judgment\n>p2 move scald\n>p1 move judgment\n>p2 move scald\n>p1 move recover\n>p2 move scald\n>p1 move recover\n>p2 move scald\n>p1 move judgment\n>p2 move icebeam\n>p1 move judgment\n>p2 move icebeam\n>p1 move recover\n>p2 move icebeam\n>p1 move judgment\n>p2 move icebeam\n>p1 move judgment\n>p2 move icebeam\n>p1 move judgment\n>p2 move icebeam\n>p1 move recover\n>p2 move scald\n>p1 move recover\n>p2 move scald\n>p1 move recover\n>p2 move scald\n>p1 move recover\n>p2 move icebeam\n>p1 move judgment\n>p2 move icebeam\n>p1 move judgment\n>p2 move icebeam\n>p1 move judgment\n>p2 move icebeam\n>p1 move judgment\n>p2 move recover\n>p1 move judgment\n>p2 move icebeam\n>p1 move judgment\n>p2 move scald\n>p1 move judgment\n>p2 move scald\n>p1 move judgment\n>p2 move recover\n>p1 move judgment\n>p2 move scald\n>p1 move judgment\n>p2 move recover\n>p1 move judgment\n>p2 move scald\n>p1 switch 4\n>p1 move swordsdance\n>p2 move icebeam\n>p1 switch 5\n>p1 move earthquake\n>p2 move icebeam\n>p1 move earthquake\n>p2 move icebeam", "uploadtime": 1782902851, "views": 5, "formatid": "gen9randombattle", "rating": 1462, "private": 0, "password": null, "player_dets": [{"name": "ratsnebur", "avatar": "266", "rating": 1483, "seed": "sodium,222bec43a5ff1a0a9589988e96466ea4"}, {"name": "anomalia682", "avatar": "gentleman-gen4", "rating": 1458, "seed": "sodium,8c8b61f70ad47396d5feb7dd51c1da1b"}], "teams_full": [{"Bisharp": {"name": "Bisharp", "species": "Bisharp", "speciesId": "bisharp", "gender": "F", "shiny": false, "level": 79, "moves": ["suckerpunch", "throatchop", "swordsdance", "ironhead"], "ability": "Defiant", "evs": {"hp": 85, "atk": 85, "def": 85, "spa": 85, "spd": 85, "spe": 85}, "ivs": {"hp": 31, "atk": 31, "def": 31, "spa": 31, "spd": 31, "spe": 31}, "item": "Eviolite", "teraType": "Flying", "role": "Bulky Attacker", "bvs": {"hp": 65, "atk": 125, "def": 100, "spa": 60, "spd": 70, "spe": 70}, "stats": {"hp": 232, "atk": 243, "def": 204, "spa": 140, "spd": 156, "spe": 156}, "types": ["Dark", "Steel"]}, "Scrafty": {"name": "Scrafty", "species": "Scrafty", "speciesId": "scrafty", "gender": "F", "shiny": false, "level": 83, "moves": ["knockoff", "dragondance", "drainpunch", "poisonjab"], "ability": "Intimidate", "evs": {"hp": 85, "atk": 85, "def": 85, "spa": 85, "spd": 85, "spe": 85}, "ivs": {"hp": 31, "atk": 31, "def": 31, "spa": 31, "spd": 31, "spe": 31}, "item": "Leftovers", "teraType": "Poison", "role": "Bulky Attacker", "bvs": {"hp": 65, "atk": 90, "def": 115, "spa": 45, "spd": 115, "spe": 58}, "stats": {"hp": 244, "atk": 197, "def": 239, "spa": 122, "spd": 239, "spe": 144}, "types": ["Dark", "Fighting"]}, "Iron Treads": {"name": "Iron Treads", "species": "Iron Treads", "speciesId": "irontreads", "gender": "N", "shiny": false, "level": 77, "moves": ["ironhead", "earthquake", "rapidspin", "stealthrock"], "ability": "Quark Drive", "evs": {"hp": 85, "atk": 85, "def": 85, "spa": 85, "spd": 85, "spe": 85}, "ivs": {"hp": 31, "atk": 31, "def": 31, "spa": 31, "spd": 31, "spe": 31}, "item": "Leftovers", "teraType": "Dragon", "role": "Bulky Support", "bvs": {"hp": 90, "atk": 112, "def": 120, "spa": 72, "spd": 70, "spe": 106}, "stats": {"hp": 265, "atk": 217, "def": 229, "spa": 155, "spd": 152, "spe": 208}, "types": ["Ground", "Steel"]}, "Rayquaza": {"name": "Rayquaza", "species": "Rayquaza", "speciesId": "rayquaza", "gender": "N", "shiny": false, "level": 72, "moves": ["earthquake", "scaleshot", "swordsdance", "dragonascent"], "ability": "Air Lock", "evs": {"hp": 85, "atk": 85, "def": 85, "spa": 85, "spd": 85, "spe": 85}, "ivs": {"hp": 31, "atk": 31, "def": 31, "spa": 31, "spd": 31, "spe": 31}, "item": "Loaded Dice", "teraType": "Steel", "role": "Fast Bulky Setup", "bvs": {"hp": 105, "atk": 150, "def": 90, "spa": 150, "spd": 90, "spe": 95}, "stats": {"hp": 270, "atk": 258, "def": 172, "spa": 258, "spd": 172, "spe": 179}, "types": ["Dragon", "Flying"]}, "Hawlucha": {"name": "Hawlucha", "species": "Hawlucha", "speciesId": "hawlucha", "gender": "M", "shiny": false, "level": 80, "moves": ["bravebird", "closecombat", "swordsdance", "throatchop"], "ability": "Unburden", "evs": {"hp": 85, "atk": 85, "def": 85, "spa": 85, "spd": 85, "spe": 85}, "ivs": {"hp": 31, "atk": 31, "def": 31, "spa": 31, "spd": 31, "spe": 31}, "item": "White Herb", "teraType": "Flying", "role": "Setup Sweeper", "bvs": {"hp": 78, "atk": 92, "def": 75, "spa": 74, "spd": 63, "spe": 118}, "stats": {"hp": 256, "atk": 193, "def": 166, "spa": 165, "spd": 147, "spe": 235}, "types": ["Fighting", "Flying"]}, "Arceus": {"name": "Arceus", "species": "Arceus-Water", "speciesId": "arceuswater", "gender": "N", "shiny": false, "level": 71, "moves": ["willowisp", "recover", "judgment", "icebeam"], "ability": "Multitype", "evs": {"hp": 85, "atk": 0, "def": 85, "spa": 85, "spd": 85, "spe": 85}, "ivs": {"hp": 31, "atk": 0, "def": 31, "spa": 31, "spd": 31, "spe": 31}, "item": "Splash Plate", "teraType": "Steel", "role": "Bulky Support", "bvs": {"hp": 120, "atk": 120, "def": 120, "spa": 120, "spd": 120, "spe": 120}, "stats": {"hp": 288, "atk": 175, "def": 212, "spa": 212, "spd": 212, "spe": 212}, "types": ["Water"]}}, {"Milotic": {"name": "Milotic", "species": "Milotic", "speciesId": "milotic", "gender": "F", "shiny": false, "level": 83, "moves": ["scald", "recover", "haze", "icebeam"], "ability": "Competitive", "evs": {"hp": 85, "atk": 0, "def": 85, "spa": 85, "spd": 85, "spe": 85}, "ivs": {"hp": 31, "atk": 0, "def": 31, "spa": 31, "spd": 31, "spe": 31}, "item": "Leftovers", "teraType": "Dragon", "role": "Bulky Attacker", "bvs": {"hp": 95, "atk": 60, "def": 79, "spa": 100, "spd": 125, "spe": 81}, "stats": {"hp": 293, "atk": 104, "def": 179, "spa": 214, "spd": 255, "spe": 182}, "types": ["Water"]}, "Iron Leaves": {"name": "Iron Leaves", "species": "Iron Leaves", "speciesId": "ironleaves", "gender": "N", "shiny": false, "level": 80, "moves": ["leafblade", "megahorn", "psyblade", "closecombat"], "ability": "Quark Drive", "evs": {"hp": 85, "atk": 85, "def": 85, "spa": 85, "spd": 85, "spe": 85}, "ivs": {"hp": 31, "atk": 31, "def": 31, "spa": 31, "spd": 31, "spe": 31}, "item": "Choice Band", "teraType": "Fighting", "role": "Wallbreaker", "bvs": {"hp": 90, "atk": 130, "def": 88, "spa": 70, "spd": 108, "spe": 104}, "stats": {"hp": 275, "atk": 254, "def": 187, "spa": 158, "spd": 219, "spe": 213}, "types": ["Grass", "Psychic"]}, "Uxie": {"name": "Uxie", "species": "Uxie", "speciesId": "uxie", "gender": "N", "shiny": false, "level": 83, "moves": ["uturn", "psychicnoise", "stealthrock", "thunderwave"], "ability": "Levitate", "evs": {"hp": 85, "atk": 85, "def": 85, "spa": 85, "spd": 85, "spe": 85}, "ivs": {"hp": 31, "atk": 31, "def": 31, "spa": 31, "spd": 31, "spe": 31}, "item": "Leftovers", "teraType": "Dark", "role": "Bulky Support", "bvs": {"hp": 75, "atk": 75, "def": 130, "spa": 75, "spd": 130, "spe": 95}, "stats": {"hp": 260, "atk": 172, "def": 263, "spa": 172, "spd": 263, "spe": 205}, "types": ["Psychic"]}, "Tentacruel": {"name": "Tentacruel", "species": "Tentacruel", "speciesId": "tentacruel", "gender": "M", "shiny": false, "level": 84, "moves": ["toxic", "sludgebomb", "surf", "rapidspin"], "ability": "Liquid Ooze", "evs": {"hp": 85, "atk": 85, "def": 85, "spa": 85, "spd": 85, "spe": 85}, "ivs": {"hp": 31, "atk": 31, "def": 31, "spa": 31, "spd": 31, "spe": 31}, "item": "Leftovers", "teraType": "Flying", "role": "Bulky Support", "bvs": {"hp": 80, "atk": 70, "def": 65, "spa": 80, "spd": 120, "spe": 100}, "stats": {"hp": 272, "atk": 166, "def": 157, "spa": 183, "spd": 250, "spe": 216}, "types": ["Water", "Poison"]}, "Regigigas": {"name": "Regigigas", "species": "Regigigas", "speciesId": "regigigas", "gender": "N", "shiny": false, "level": 84, "moves": ["sleeptalk", "bodyslam", "knockoff", "rest"], "ability": "Slow Start", "evs": {"hp": 85, "atk": 85, "def": 85, "spa": 85, "spd": 85, "spe": 85}, "ivs": {"hp": 31, "atk": 31, "def": 31, "spa": 31, "spd": 31, "spe": 31}, "item": "Leftovers", "teraType": "Ghost", "role": "Bulky Support", "bvs": {"hp": 110, "atk": 160, "def": 110, "spa": 80, "spd": 110, "spe": 100}, "stats": {"hp": 322, "atk": 317, "def": 233, "spa": 183, "spd": 233, "spe": 216}, "types": ["Normal"]}, "Raging Bolt": {"name": "Raging Bolt", "species": "Raging Bolt", "speciesId": "ragingbolt", "gender": "N", "shiny": false, "level": 78, "moves": ["thunderclap", "thunderbolt", "calmmind", "dragonpulse"], "ability": "Protosynthesis", "evs": {"hp": 85, "atk": 0, "def": 85, "spa": 85, "spd": 85, "spe": 85}, "ivs": {"hp": 31, "atk": 0, "def": 31, "spa": 31, "spd": 31, "spe": 31}, "item": "Booster Energy", "teraType": "Fairy", "role": "Fast Bulky Setup", "bvs": {"hp": 125, "atk": 73, "def": 91, "spa": 137, "spd": 89, "spe": 75}, "stats": {"hp": 323, "atk": 118, "def": 187, "spa": 259, "spd": 184, "spe": 162}, "types": ["Electric", "Dragon"]}}]}