{"id": "gen9randombattle-2642172856", "format": "[Gen 9] Random Battle", "players": ["w0rld0ftanks58", "mmln"], "log": "|j|\u2606w0rld0ftanks58\n|j|\u2606mmln\n|t:|1782905170\n|gametype|singles\n|player|p1|w0rld0ftanks58|170|1083\n|player|p2|mmln|266|1134\n|gen|9\n|tier|[Gen 9] Random Battle\n|rated|\n|rule|Species Clause: Limit one of each Pok\u00e9mon\n|rule|HP Percentage Mod: HP is shown in percentages\n|rule|Sleep Clause Mod: Limit one foe put to sleep\n|rule|Illusion Level Mod: Illusion disguises the Pok\u00e9mon's true level\n|\n|t:|1782905170\n|teamsize|p1|6\n|teamsize|p2|6\n|start\n|switch|p1a: Rotom|Rotom, L88|231/231\n|switch|p2a: Blissey|Blissey, L85, F|572/572\n|turn|1\n|\n|t:|1782905184\n|switch|p2a: Krookodile|Krookodile, L79, F|280/280\n|-ability|p2a: Krookodile|Intimidate|boost\n|-unboost|p1a: Rotom|atk|1\n|move|p1a: Rotom|Trick|p2a: Krookodile\n|-activate|p1a: Rotom|move: Trick|[of] p2a: Krookodile\n|-item|p2a: Krookodile|Choice Scarf|[from] move: Trick\n|-item|p1a: Rotom|Leftovers|[from] move: Trick\n|\n|upkeep\n|turn|2\n|\n|t:|1782905200\n|switch|p1a: Poliwrath|Poliwrath, L88, M|302/302\n|move|p2a: Krookodile|Knock Off|p1a: Poliwrath\n|-resisted|p1a: Poliwrath\n|-crit|p1a: Poliwrath\n|-damage|p1a: Poliwrath|234/302\n|-enditem|p1a: Poliwrath|Life Orb|[from] move: Knock Off|[of] p2a: Krookodile\n|\n|upkeep\n|turn|3\n|\n|t:|1782905214\n|switch|p2a: Spectrier|Spectrier, L75|274/274\n|move|p1a: Poliwrath|Rain Dance|p1a: Poliwrath\n|-weather|RainDance\n|\n|-weather|RainDance|[upkeep]\n|upkeep\n|turn|4\n|\n|t:|1782905225\n|-terastallize|p2a: Spectrier|Fairy\n|move|p1a: Poliwrath|Knock Off|p2a: Spectrier\n|-resisted|p2a: Spectrier\n|-damage|p2a: Spectrier|223/274\n|-enditem|p2a: Spectrier|Life Orb|[from] move: Knock Off|[of] p1a: Poliwrath\n|move|p2a: Spectrier|Draining Kiss|p1a: Poliwrath\n|-supereffective|p1a: Poliwrath\n|-damage|p1a: Poliwrath|88/302\n|-heal|p2a: Spectrier|274/274|[from] drain|[of] p1a: Poliwrath\n|\n|-weather|RainDance|[upkeep]\n|upkeep\n|turn|5\n|\n|t:|1782905237\n|move|p1a: Poliwrath|Liquidation|p2a: Spectrier\n|-damage|p2a: Spectrier|46/274\n|-unboost|p2a: Spectrier|def|1\n|move|p2a: Spectrier|Nasty Plot|p2a: Spectrier\n|-boost|p2a: Spectrier|spa|2\n|\n|-weather|RainDance|[upkeep]\n|upkeep\n|turn|6\n|\n|t:|1782905249\n|switch|p2a: Blissey|Blissey, L85, F|572/572\n|move|p1a: Poliwrath|Liquidation|p2a: Blissey\n|-damage|p2a: Blissey|161/572\n|\n|-weather|RainDance|[upkeep]\n|-heal|p2a: Blissey|196/572|[from] item: Leftovers\n|upkeep\n|turn|7\n|\n|t:|1782905260\n|move|p1a: Poliwrath|Knock Off|p2a: Blissey\n|-damage|p2a: Blissey|0 fnt\n|-enditem|p2a: Blissey|Leftovers|[from] move: Knock Off|[of] p1a: Poliwrath\n|faint|p2a: Blissey\n|\n|-weather|none\n|upkeep\n|\n|t:|1782905268\n|switch|p2a: Spectrier|Spectrier, L75, tera:Fairy|46/274\n|turn|8\n|\n|t:|1782905274\n|switch|p1a: Hypno|Hypno, L95, M|315/315\n|move|p2a: Spectrier|Draining Kiss|p1a: Hypno\n|-damage|p1a: Hypno|266/315\n|-heal|p2a: Spectrier|83/274|[from] drain|[of] p1a: Hypno\n|\n|-heal|p1a: Hypno|285/315|[from] item: Leftovers\n|upkeep\n|turn|9\n|\n|t:|1782905285\n|switch|p2a: Krookodile|Krookodile, L79, F|280/280\n|-ability|p2a: Krookodile|Intimidate|boost\n|-unboost|p1a: Hypno|atk|1\n|move|p1a: Hypno|Psychic Noise|p2a: Krookodile\n|-immune|p2a: Krookodile\n|\n|-heal|p1a: Hypno|304/315|[from] item: Leftovers\n|upkeep\n|turn|10\n|\n|t:|1782905300\n|switch|p1a: Volbeat|Volbeat, L90, M|263/263\n|move|p2a: Krookodile|Earthquake|p1a: Volbeat\n|-resisted|p1a: Volbeat\n|-damage|p1a: Volbeat|203/263\n|\n|upkeep\n|turn|11\n|\n|t:|1782905310\n|switch|p2a: Mandibuzz|Mandibuzz, L85, F|326/326\n|move|p1a: Volbeat|Thunder Wave|p2a: Mandibuzz\n|-hint|Since gen 7, Dark is immune to Prankster moves.\n|-immune|p2a: Mandibuzz\n|\n|upkeep\n|turn|12\n|\n|t:|1782905318\n|move|p1a: Volbeat|U-turn|p2a: Mandibuzz\n|-damage|p2a: Mandibuzz|266/326\n|\n|t:|1782905323\n|switch|p1a: Rotom|Rotom, L88|231/231|[from] U-turn\n|move|p2a: Mandibuzz|Brave Bird|p1a: Rotom\n|-resisted|p1a: Rotom\n|-damage|p1a: Rotom|182/231\n|-damage|p2a: Mandibuzz|250/326|[from] Recoil\n|\n|-heal|p1a: Rotom|196/231|[from] item: Leftovers\n|upkeep\n|turn|13\n|\n|t:|1782905335\n|switch|p2a: Krookodile|Krookodile, L79, F|280/280\n|-ability|p2a: Krookodile|Intimidate|boost\n|-unboost|p1a: Rotom|atk|1\n|move|p1a: Rotom|Shadow Ball|p2a: Krookodile\n|-resisted|p2a: Krookodile\n|-damage|p2a: Krookodile|225/280\n|\n|-heal|p1a: Rotom|210/231|[from] item: Leftovers\n|upkeep\n|turn|14\n|\n|t:|1782905350\n|switch|p1a: Volbeat|Volbeat, L90, M|203/263\n|move|p2a: Krookodile|Knock Off|p1a: Volbeat\n|-damage|p1a: Volbeat|89/263\n|-enditem|p1a: Volbeat|Heavy-Duty Boots|[from] move: Knock Off|[of] p2a: Krookodile\n|\n|upkeep\n|turn|15\n|\n|t:|1782905357\n|move|p1a: Volbeat|Roost|p1a: Volbeat\n|-heal|p1a: Volbeat|221/263\n|-singleturn|p1a: Volbeat|move: Roost\n|move|p2a: Krookodile|Knock Off|p1a: Volbeat\n|-damage|p1a: Volbeat|145/263\n|\n|upkeep\n|turn|16\n|\n|t:|1782905366\n|switch|p2a: Reshiram|Reshiram, L76|277/277\n|-ability|p2a: Reshiram|Turboblaze\n|move|p1a: Volbeat|U-turn|p2a: Reshiram\n|-resisted|p2a: Reshiram\n|-damage|p2a: Reshiram|244/277\n|\n|t:|1782905375\n|switch|p1a: Hypno|Hypno, L95, M|304/315|[from] U-turn\n|\n|-heal|p1a: Hypno|315/315|[from] item: Leftovers\n|upkeep\n|turn|17\n|\n|t:|1782905386\n|move|p1a: Hypno|Knock Off|p2a: Reshiram\n|-damage|p2a: Reshiram|168/277\n|-enditem|p2a: Reshiram|Heavy-Duty Boots|[from] move: Knock Off|[of] p1a: Hypno\n|move|p2a: Reshiram|Blue Flare|p1a: Hypno\n|-damage|p1a: Hypno|198/315\n|\n|-heal|p1a: Hypno|217/315|[from] item: Leftovers\n|upkeep\n|turn|18\n|\n|t:|1782905397\n|switch|p2a: Krookodile|Krookodile, L79, F|225/280\n|-ability|p2a: Krookodile|Intimidate|boost\n|-unboost|p1a: Hypno|atk|1\n|move|p1a: Hypno|Thunder Wave|p2a: Krookodile\n|-immune|p2a: Krookodile\n|\n|-heal|p1a: Hypno|236/315|[from] item: Leftovers\n|upkeep\n|turn|19\n|\n|t:|1782905444\n|switch|p1a: Volbeat|Volbeat, L90, M|145/263\n|move|p2a: Krookodile|Knock Off|p1a: Volbeat\n|-damage|p1a: Volbeat|73/263\n|\n|upkeep\n|turn|20\n|\n|t:|1782905455\n|switch|p2a: Mandibuzz|Mandibuzz, L85, F|250/326\n|move|p1a: Volbeat|Roost|p1a: Volbeat\n|-heal|p1a: Volbeat|205/263\n|-singleturn|p1a: Volbeat|move: Roost\n|\n|upkeep\n|turn|21\n|\n|t:|1782905461\n|move|p1a: Volbeat|U-turn|p2a: Mandibuzz\n|-damage|p2a: Mandibuzz|193/326\n|\n|t:|1782905465\n|switch|p1a: Rotom|Rotom, L88|210/231|[from] U-turn\n|move|p2a: Mandibuzz|Brave Bird|p1a: Rotom\n|-resisted|p1a: Rotom\n|-damage|p1a: Rotom|162/231\n|-damage|p2a: Mandibuzz|177/326|[from] Recoil\n|\n|-heal|p1a: Rotom|176/231|[from] item: Leftovers\n|upkeep\n|turn|22\n|\n|t:|1782905479\n|move|p1a: Rotom|Shadow Ball|p2a: Mandibuzz\n|-resisted|p2a: Mandibuzz\n|-damage|p2a: Mandibuzz|137/326\n|move|p2a: Mandibuzz|Roost|p2a: Mandibuzz\n|-heal|p2a: Mandibuzz|300/326\n|-singleturn|p2a: Mandibuzz|move: Roost\n|\n|-heal|p1a: Rotom|190/231|[from] item: Leftovers\n|upkeep\n|turn|23\n|\n|t:|1782905490\n|move|p1a: Rotom|Thunderbolt|p2a: Mandibuzz\n|-supereffective|p2a: Mandibuzz\n|-damage|p2a: Mandibuzz|90/326\n|move|p2a: Mandibuzz|Knock Off|p1a: Rotom\n|-supereffective|p1a: Rotom\n|-damage|p1a: Rotom|8/231\n|-enditem|p1a: Rotom|Leftovers|[from] move: Knock Off|[of] p2a: Mandibuzz\n|\n|upkeep\n|turn|24\n|\n|t:|1782905499\n|switch|p2a: Krookodile|Krookodile, L79, F|225/280\n|-ability|p2a: Krookodile|Intimidate|boost\n|-unboost|p1a: Rotom|atk|1\n|move|p1a: Rotom|Thunderbolt|p2a: Krookodile\n|-immune|p2a: Krookodile\n|\n|upkeep\n|turn|25\n|\n|t:|1782905508\n|move|p2a: Krookodile|Knock Off|p1a: Rotom\n|-supereffective|p1a: Rotom\n|-damage|p1a: Rotom|0 fnt\n|faint|p1a: Rotom\n|\n|upkeep\n|\n|t:|1782905518\n|switch|p1a: Volbeat|Volbeat, L90, M|205/263\n|turn|26\n|\n|t:|1782905525\n|move|p2a: Krookodile|Knock Off|p1a: Volbeat\n|-damage|p1a: Volbeat|130/263\n|move|p1a: Volbeat|U-turn|p2a: Krookodile\n|-supereffective|p2a: Krookodile\n|-damage|p2a: Krookodile|51/280\n|\n|t:|1782905531\n|switch|p1a: Entei|Entei, L78|307/307|[from] U-turn\n|\n|upkeep\n|turn|27\n|\n|t:|1782905543\n|switch|p2a: Keldeo|Keldeo-Resolute, L79|273/273\n|move|p1a: Entei|Extreme Speed|p2a: Keldeo\n|-damage|p2a: Keldeo|188/273\n|\n|-heal|p2a: Keldeo|205/273|[from] item: Leftovers\n|upkeep\n|turn|28\n|\n|t:|1782905552\n|switch|p1a: Hypno|Hypno, L95, M|236/315\n|move|p2a: Keldeo|Hydro Pump|p1a: Hypno\n|-damage|p1a: Hypno|140/315\n|\n|-heal|p2a: Keldeo|222/273|[from] item: Leftovers\n|-heal|p1a: Hypno|159/315|[from] item: Leftovers\n|upkeep\n|turn|29\n|\n|t:|1782905565\n|switch|p2a: Krookodile|Krookodile, L79, F|51/280\n|-ability|p2a: Krookodile|Intimidate|boost\n|-unboost|p1a: Hypno|atk|1\n|move|p1a: Hypno|Psychic Noise|p2a: Krookodile\n|-immune|p2a: Krookodile\n|\n|-heal|p1a: Hypno|178/315|[from] item: Leftovers\n|upkeep\n|turn|30\n|\n|t:|1782905581\n|switch|p1a: Volbeat|Volbeat, L90, M|130/263\n|move|p2a: Krookodile|Knock Off|p1a: Volbeat\n|-damage|p1a: Volbeat|54/263\n|\n|upkeep\n|turn|31\n|\n|t:|1782905590\n|switch|p2a: Reshiram|Reshiram, L76|168/277\n|-ability|p2a: Reshiram|Turboblaze\n|move|p1a: Volbeat|U-turn|p2a: Reshiram\n|-resisted|p2a: Reshiram\n|-damage|p2a: Reshiram|132/277\n|\n|t:|1782905600\n|switch|p1a: Entei|Entei, L78|307/307|[from] U-turn\n|\n|upkeep\n|turn|32\n|\n|t:|1782905607\n|move|p1a: Entei|Stone Edge|p2a: Reshiram\n|-supereffective|p2a: Reshiram\n|-damage|p2a: Reshiram|0 fnt\n|faint|p2a: Reshiram\n|\n|upkeep\n|\n|t:|1782905613\n|switch|p2a: Keldeo|Keldeo-Resolute, L79|222/273\n|turn|33\n|\n|t:|1782905618\n|switch|p1a: Hypno|Hypno, L95, M|178/315\n|move|p2a: Keldeo|Calm Mind|p2a: Keldeo\n|-boost|p2a: Keldeo|spa|1\n|-boost|p2a: Keldeo|spd|1\n|\n|-heal|p2a: Keldeo|239/273|[from] item: Leftovers\n|-heal|p1a: Hypno|197/315|[from] item: Leftovers\n|upkeep\n|turn|34\n|\n|t:|1782905628\n|move|p2a: Keldeo|Calm Mind|p2a: Keldeo\n|-boost|p2a: Keldeo|spa|1\n|-boost|p2a: Keldeo|spd|1\n|move|p1a: Hypno|Encore|p2a: Keldeo\n|-start|p2a: Keldeo|Encore\n|\n|-heal|p2a: Keldeo|256/273|[from] item: Leftovers\n|-heal|p1a: Hypno|216/315|[from] item: Leftovers\n|upkeep\n|turn|35\n|\n|t:|1782905641\n|move|p2a: Keldeo|Calm Mind|p2a: Keldeo\n|-boost|p2a: Keldeo|spa|1\n|-boost|p2a: Keldeo|spd|1\n|move|p1a: Hypno|Knock Off|p2a: Keldeo\n|-resisted|p2a: Keldeo\n|-damage|p2a: Keldeo|221/273\n|-ability|p2a: Keldeo|Justified|boost\n|-boost|p2a: Keldeo|atk|1\n|-enditem|p2a: Keldeo|Leftovers|[from] move: Knock Off|[of] p1a: Hypno\n|\n|-heal|p1a: Hypno|235/315|[from] item: Leftovers\n|upkeep\n|turn|36\n|\n|t:|1782905653\n|move|p2a: Keldeo|Calm Mind|p2a: Keldeo\n|-boost|p2a: Keldeo|spa|1\n|-boost|p2a: Keldeo|spd|1\n|move|p1a: Hypno|Thunder Wave|p2a: Keldeo\n|-status|p2a: Keldeo|par\n|\n|-heal|p1a: Hypno|254/315|[from] item: Leftovers\n|upkeep\n|turn|37\n|\n|t:|1782905663\n|move|p1a: Hypno|Psychic Noise|p2a: Keldeo\n|-supereffective|p2a: Keldeo\n|-damage|p2a: Keldeo|161/273 par\n|-start|p2a: Keldeo|move: Heal Block\n|move|p2a: Keldeo|Calm Mind|p2a: Keldeo\n|-boost|p2a: Keldeo|spa|1\n|-boost|p2a: Keldeo|spd|1\n|\n|-heal|p1a: Hypno|273/315|[from] item: Leftovers\n|-end|p2a: Keldeo|Encore\n|upkeep\n|turn|38\n|\n|t:|1782905675\n|move|p1a: Hypno|Encore|p2a: Keldeo\n|-start|p2a: Keldeo|Encore\n|move|p2a: Keldeo|Calm Mind|p2a: Keldeo\n|-boost|p2a: Keldeo|spa|1\n|-boost|p2a: Keldeo|spd|1\n|\n|-heal|p1a: Hypno|292/315|[from] item: Leftovers\n|-end|p2a: Keldeo|move: Heal Block\n|upkeep\n|turn|39\n|\n|t:|1782905696\n|move|p1a: Hypno|Psychic Noise|p2a: Keldeo\n|-supereffective|p2a: Keldeo\n|-damage|p2a: Keldeo|119/273 par\n|-start|p2a: Keldeo|move: Heal Block\n|move|p2a: Keldeo|Calm Mind|p2a: Keldeo\n|-boost|p2a: Keldeo|spa|0\n|-boost|p2a: Keldeo|spd|0\n|\n|-heal|p1a: Hypno|311/315|[from] item: Leftovers\n|upkeep\n|turn|40\n|\n|t:|1782905711\n|switch|p2a: Mandibuzz|Mandibuzz, L85, F|90/326\n|move|p1a: Hypno|Psychic Noise|p2a: Mandibuzz\n|-immune|p2a: Mandibuzz\n|\n|-heal|p1a: Hypno|315/315|[from] item: Leftovers\n|upkeep\n|turn|41\n|\n|t:|1782905721\n|move|p2a: Mandibuzz|Roost|p2a: Mandibuzz\n|-heal|p2a: Mandibuzz|253/326\n|-singleturn|p2a: Mandibuzz|move: Roost\n|move|p1a: Hypno|Thunder Wave|p2a: Mandibuzz|[miss]\n|-miss|p1a: Hypno|p2a: Mandibuzz\n|\n|upkeep\n|turn|42\n|\n|t:|1782905734\n|move|p2a: Mandibuzz|Knock Off|p1a: Hypno\n|-supereffective|p1a: Hypno\n|-damage|p1a: Hypno|147/315\n|-enditem|p1a: Hypno|Leftovers|[from] move: Knock Off|[of] p2a: Mandibuzz\n|move|p1a: Hypno|Encore|p2a: Mandibuzz\n|-start|p2a: Mandibuzz|Encore\n|\n|upkeep\n|turn|43\n|\n|t:|1782905742\n|move|p2a: Mandibuzz|Knock Off|p1a: Hypno\n|-supereffective|p1a: Hypno\n|-damage|p1a: Hypno|25/315\n|move|p1a: Hypno|Thunder Wave|p2a: Mandibuzz\n|-status|p2a: Mandibuzz|par\n|\n|upkeep\n|turn|44\n|\n|t:|1782905751\n|move|p1a: Hypno|Knock Off|p2a: Mandibuzz\n|-resisted|p2a: Mandibuzz\n|-damage|p2a: Mandibuzz|222/326 par\n|-enditem|p2a: Mandibuzz|Heavy-Duty Boots|[from] move: Knock Off|[of] p1a: Hypno\n|cant|p2a: Mandibuzz|par\n|\n|upkeep\n|turn|45\n|\n|t:|1782905761\n|switch|p1a: Poliwrath|Poliwrath, L88, M|88/302\n|move|p2a: Mandibuzz|Knock Off|p1a: Poliwrath\n|-resisted|p1a: Poliwrath\n|-damage|p1a: Poliwrath|62/302\n|\n|-end|p2a: Mandibuzz|Encore\n|upkeep\n|turn|46\n|\n|t:|1782905772\n|move|p1a: Poliwrath|Close Combat|p2a: Mandibuzz\n|-damage|p2a: Mandibuzz|96/326 par\n|-unboost|p1a: Poliwrath|def|1\n|-unboost|p1a: Poliwrath|spd|1\n|move|p2a: Mandibuzz|Brave Bird|p1a: Poliwrath\n|-supereffective|p1a: Poliwrath\n|-damage|p1a: Poliwrath|0 fnt\n|faint|p1a: Poliwrath\n|-damage|p2a: Mandibuzz|76/326 par|[from] Recoil\n|\n|upkeep\n|\n|t:|1782905784\n|switch|p1a: Entei|Entei, L78|307/307\n|turn|47\n|\n|t:|1782905789\n|move|p1a: Entei|Extreme Speed|p2a: Mandibuzz\n|-damage|p2a: Mandibuzz|0 fnt\n|faint|p2a: Mandibuzz\n|\n|upkeep\n|\n|t:|1782905798\n|switch|p2a: Keldeo|Keldeo-Resolute, L79|119/273 par\n|turn|48\n|\n|t:|1782905802\n|-terastallize|p1a: Entei|Normal\n|move|p1a: Entei|Extreme Speed|p2a: Keldeo\n|-damage|p2a: Keldeo|0 fnt\n|faint|p2a: Keldeo\n|\n|upkeep\n|\n|t:|1782905810\n|switch|p2a: Krookodile|Krookodile, L79, F|51/280\n|-ability|p2a: Krookodile|Intimidate|boost\n|-fail|p1a: Entei|unboost|Attack|[from] ability: Inner Focus|[of] p1a: Entei\n|turn|49\n|\n|t:|1782905815\n|move|p1a: Entei|Extreme Speed|p2a: Krookodile\n|-damage|p2a: Krookodile|0 fnt\n|faint|p2a: Krookodile\n|\n|upkeep\n|\n|t:|1782905820\n|switch|p2a: Spectrier|Spectrier, L75, tera:Fairy|83/274\n|turn|50\n|\n|t:|1782905824\n|move|p1a: Entei|Extreme Speed|p2a: Spectrier\n|-damage|p2a: Spectrier|0 fnt\n|faint|p2a: Spectrier\n|\n|win|w0rld0ftanks58\n|raw|w0rld0ftanks58's rating: 1083 &rarr; <strong>1115</strong><br />(+32 for winning)\n|raw|mmln's rating: 1134 &rarr; <strong>1105</strong><br />(-29 for losing)\n", "inputlog": ">version f8ac14003a5f27e1bdc8d8c59608a773c1cb96e5\n>start {\"formatid\":\"gen9randombattle\",\"seed\":\"sodium,93a9c5a6b3a7b26ddd8a5b4e6f7cd86f\",\"rated\":\"Rated battle\"}\n>player p1 {\"name\":\"w0rld0ftanks58\",\"avatar\":\"170\",\"rating\":1083,\"seed\":\"sodium,e90b35118ccbc4e3a708ab6b101a70e1\"}\n>player p2 {\"name\":\"mmln\",\"avatar\":\"266\",\"rating\":1134,\"seed\":\"sodium,50f547845063773309f385f05212454b\"}\n>p1 move trick\n>p2 switch 3\n>p1 switch 3\n>p2 move knockoff\n>p1 move raindance\n>p2 switch 2\n>p1 move knockoff\n>p2 move drainingkiss terastallize\n>p1 move liquidation\n>p2 move nastyplot\n>p1 move liquidation\n>p2 switch 3\n>p1 move knockoff\n>p2 move softboiled\n>p2 switch 3\n>p1 switch 4\n>p2 move drainingkiss\n>p1 move psychicnoise\n>p2 switch 2\n>p1 switch 5\n>p2 move earthquake\n>p1 move thunderwave\n>p2 switch 4\n>p1 move uturn\n>p2 move bravebird\n>p1 switch 3\n>p1 move shadowball\n>p2 switch 4\n>p1 switch 3\n>p2 move knockoff\n>p1 move roost\n>p2 move knockoff\n>p1 move uturn\n>p2 switch 6\n>p1 switch 5\n>p1 move knockoff\n>p2 move blueflare\n>p1 move thunderwave\n>p2 switch 6\n>p1 switch 5\n>p2 move knockoff\n>p1 move roost\n>p2 switch 4\n>p1 move uturn\n>p2 move bravebird\n>p1 switch 3\n>p1 move shadowball\n>p2 move roost\n>p1 move thunderbolt\n>p2 move knockoff\n>p1 move thunderbolt\n>p2 switch 4\n>p1 move shadowball\n>p2 move knockoff\n>p1 switch 3\n>p1 move uturn\n>p2 move knockoff\n>p1 switch 6\n>p1 move extremespeed\n>p2 switch 5\n>p1 switch 5\n>p2 move hydropump\n>p1 move psychicnoise\n>p2 switch 5\n>p1 switch 6\n>p2 move knockoff\n>p1 move uturn\n>p2 switch 6\n>p1 switch 5\n>p1 move stoneedge\n>p2 move earthpower\n>p2 switch 5\n>p1 switch 6\n>p2 move calmmind\n>p1 move encore\n>p2 move calmmind\n>p1 move knockoff\n>p2 move calmmind\n>p1 move thunderwave\n>p2 move calmmind\n>p1 move psychicnoise\n>p2 move calmmind\n>p1 move encore\n>p2 move hydropump\n>p1 move psychicnoise\n>p2 move calmmind\n>p1 move psychicnoise\n>p2 switch 4\n>p1 move thunderwave\n>p2 move roost\n>p1 move encore\n>p2 move knockoff\n>p1 move thunderwave\n>p2 move knockoff\n>p1 move knockoff\n>p2 move knockoff\n>p1 switch 4\n>p2 move knockoff\n>p1 move closecombat\n>p2 move bravebird\n>p1 switch 6\n>p1 move extremespeed\n>p2 move knockoff\n>p2 switch 4\n>p1 move extremespeed terastallize\n>p2 move hydropump\n>p2 switch 6\n>p1 move extremespeed\n>p2 move earthquake\n>p2 switch 2\n>p1 move extremespeed\n>p2 move shadowball", "uploadtime": 1782905831, "views": 2, "formatid": "gen9randombattle", "rating": 1105, "private": 0, "password": null, "player_dets": [{"name": "w0rld0ftanks58", "avatar": "170", "rating": 1083, "seed": "sodium,e90b35118ccbc4e3a708ab6b101a70e1"}, {"name": "mmln", "avatar": "266", "rating": 1134, "seed": "sodium,50f547845063773309f385f05212454b"}], "teams_full": [{"Rotom": {"name": "Rotom", "species": "Rotom", "speciesId": "rotom", "gender": "N", "shiny": false, "level": 88, "moves": ["trick", "thunderbolt", "shadowball", "voltswitch"], "ability": "Levitate", "evs": {"hp": 85, "atk": 0, "def": 85, "spa": 85, "spd": 85, "spe": 85}, "ivs": {"hp": 31, "atk": 0, "def": 31, "spa": 31, "spd": 31, "spe": 31}, "item": "Choice Scarf", "teraType": "Ghost", "role": "Fast Attacker", "bvs": {"hp": 50, "atk": 50, "def": 77, "spa": 95, "spd": 77, "spe": 91}, "stats": {"hp": 231, "atk": 93, "def": 186, "spa": 217, "spd": 186, "spe": 210}, "types": ["Electric", "Ghost"]}, "Tropius": {"name": "Tropius", "species": "Tropius", "speciesId": "tropius", "gender": "M", "shiny": false, "level": 91, "moves": ["airslash", "protect", "substitute", "leechseed"], "ability": "Harvest", "evs": {"hp": 85, "atk": 0, "def": 85, "spa": 85, "spd": 85, "spe": 85}, "ivs": {"hp": 31, "atk": 0, "def": 31, "spa": 31, "spd": 31, "spe": 31}, "item": "Sitrus Berry", "teraType": "Steel", "role": "Bulky Support", "bvs": {"hp": 99, "atk": 68, "def": 83, "spa": 72, "spd": 87, "spe": 51}, "stats": {"hp": 328, "atk": 128, "def": 203, "spa": 183, "spd": 210, "spe": 145}, "types": ["Grass", "Flying"]}, "Poliwrath": {"name": "Poliwrath", "species": "Poliwrath", "speciesId": "poliwrath", "gender": "M", "shiny": false, "level": 88, "moves": ["raindance", "liquidation", "closecombat", "knockoff"], "ability": "Swift Swim", "evs": {"hp": 85, "atk": 85, "def": 85, "spa": 85, "spd": 85, "spe": 85}, "ivs": {"hp": 31, "atk": 31, "def": 31, "spa": 31, "spd": 31, "spe": 31}, "item": "Life Orb", "teraType": "Dark", "role": "Setup Sweeper", "bvs": {"hp": 90, "atk": 95, "def": 95, "spa": 70, "spd": 90, "spe": 70}, "stats": {"hp": 302, "atk": 217, "def": 217, "spa": 173, "spd": 209, "spe": 173}, "types": ["Water", "Fighting"]}, "Hypno": {"name": "Hypno", "species": "Hypno", "speciesId": "hypno", "gender": "M", "shiny": false, "level": 95, "moves": ["knockoff", "psychicnoise", "encore", "thunderwave"], "ability": "Insomnia", "evs": {"hp": 85, "atk": 85, "def": 85, "spa": 85, "spd": 85, "spe": 85}, "ivs": {"hp": 31, "atk": 31, "def": 31, "spa": 31, "spd": 31, "spe": 31}, "item": "Leftovers", "teraType": "Steel", "role": "Bulky Support", "bvs": {"hp": 85, "atk": 73, "def": 70, "spa": 73, "spd": 115, "spe": 67}, "stats": {"hp": 315, "atk": 193, "def": 187, "spa": 193, "spd": 272, "spe": 181}, "types": ["Psychic"]}, "Volbeat": {"name": "Volbeat", "species": "Volbeat", "speciesId": "volbeat", "gender": "M", "shiny": false, "level": 90, "moves": ["uturn", "thunderwave", "encore", "roost"], "ability": "Prankster", "evs": {"hp": 85, "atk": 85, "def": 85, "spa": 85, "spd": 85, "spe": 85}, "ivs": {"hp": 31, "atk": 31, "def": 31, "spa": 31, "spd": 31, "spe": 31}, "item": "Heavy-Duty Boots", "teraType": "Water", "role": "Bulky Support", "bvs": {"hp": 65, "atk": 73, "def": 75, "spa": 47, "spd": 85, "spe": 85}, "stats": {"hp": 263, "atk": 183, "def": 186, "spa": 136, "spd": 204, "spe": 204}, "types": ["Bug"]}, "Entei": {"name": "Entei", "species": "Entei", "speciesId": "entei", "gender": "N", "shiny": false, "level": 78, "moves": ["extremespeed", "stoneedge", "flareblitz", "sacredfire"], "ability": "Inner Focus", "evs": {"hp": 85, "atk": 85, "def": 85, "spa": 85, "spd": 85, "spe": 85}, "ivs": {"hp": 31, "atk": 31, "def": 31, "spa": 31, "spd": 31, "spe": 31}, "item": "Choice Band", "teraType": "Normal", "role": "Fast Attacker", "bvs": {"hp": 115, "atk": 115, "def": 85, "spa": 90, "spd": 75, "spe": 100}, "stats": {"hp": 307, "atk": 224, "def": 178, "spa": 185, "spd": 162, "spe": 201}, "types": ["Fire"]}}, {"Blissey": {"name": "Blissey", "species": "Blissey", "speciesId": "blissey", "gender": "F", "shiny": false, "level": 85, "moves": ["stealthrock", "seismictoss", "softboiled", "thunderwave"], "ability": "Natural Cure", "evs": {"hp": 85, "atk": 0, "def": 85, "spa": 85, "spd": 85, "spe": 85}, "ivs": {"hp": 31, "atk": 0, "def": 31, "spa": 31, "spd": 31, "spe": 31}, "item": "Leftovers", "teraType": "Dark", "role": "Bulky Support", "bvs": {"hp": 255, "atk": 10, "def": 10, "spa": 75, "spd": 135, "spe": 55}, "stats": {"hp": 572, "atk": 22, "def": 66, "spa": 176, "spd": 278, "spe": 142}, "types": ["Normal"]}, "Spectrier": {"name": "Spectrier", "species": "Spectrier", "speciesId": "spectrier", "gender": "N", "shiny": false, "level": 75, "moves": ["willowisp", "shadowball", "nastyplot", "drainingkiss"], "ability": "Grim Neigh", "evs": {"hp": 85, "atk": 0, "def": 85, "spa": 85, "spd": 85, "spe": 85}, "ivs": {"hp": 31, "atk": 0, "def": 31, "spa": 31, "spd": 31, "spe": 31}, "item": "Life Orb", "teraType": "Fairy", "role": "Setup Sweeper", "bvs": {"hp": 100, "atk": 65, "def": 60, "spa": 145, "spd": 80, "spe": 130}, "stats": {"hp": 274, "atk": 102, "def": 134, "spa": 261, "spd": 164, "spe": 239}, "types": ["Ghost"]}, "Krookodile": {"name": "Krookodile", "species": "Krookodile", "speciesId": "krookodile", "gender": "F", "shiny": false, "level": 79, "moves": ["earthquake", "gunkshot", "knockoff", "bulkup"], "ability": "Intimidate", "evs": {"hp": 85, "atk": 85, "def": 85, "spa": 85, "spd": 85, "spe": 85}, "ivs": {"hp": 31, "atk": 31, "def": 31, "spa": 31, "spd": 31, "spe": 31}, "item": "Leftovers", "teraType": "Poison", "role": "Bulky Setup", "bvs": {"hp": 95, "atk": 117, "def": 80, "spa": 65, "spd": 70, "spe": 92}, "stats": {"hp": 280, "atk": 230, "def": 172, "spa": 148, "spd": 156, "spe": 191}, "types": ["Ground", "Dark"]}, "Mandibuzz": {"name": "Mandibuzz", "species": "Mandibuzz", "speciesId": "mandibuzz", "gender": "F", "shiny": false, "level": 85, "moves": ["defog", "knockoff", "roost", "bravebird"], "ability": "Overcoat", "evs": {"hp": 85, "atk": 85, "def": 85, "spa": 85, "spd": 85, "spe": 85}, "ivs": {"hp": 31, "atk": 31, "def": 31, "spa": 31, "spd": 31, "spe": 31}, "item": "Heavy-Duty Boots", "teraType": "Steel", "role": "Bulky Attacker", "bvs": {"hp": 110, "atk": 65, "def": 105, "spa": 55, "spd": 95, "spe": 80}, "stats": {"hp": 326, "atk": 159, "def": 227, "spa": 142, "spd": 210, "spe": 185}, "types": ["Dark", "Flying"]}, "Keldeo": {"name": "Keldeo", "species": "Keldeo-Resolute", "speciesId": "keldeoresolute", "gender": "N", "shiny": false, "level": 79, "moves": ["calmmind", "substitute", "secretsword", "hydropump"], "ability": "Justified", "evs": {"hp": 85, "atk": 0, "def": 85, "spa": 85, "spd": 85, "spe": 85}, "ivs": {"hp": 31, "atk": 0, "def": 31, "spa": 31, "spd": 31, "spe": 31}, "item": "Leftovers", "teraType": "Steel", "role": "Bulky Setup", "bvs": {"hp": 91, "atk": 72, "def": 90, "spa": 129, "spd": 90, "spe": 108}, "stats": {"hp": 273, "atk": 118, "def": 188, "spa": 249, "spd": 188, "spe": 216}, "types": ["Water", "Fighting"]}, "Reshiram": {"name": "Reshiram", "species": "Reshiram", "speciesId": "reshiram", "gender": "N", "shiny": false, "level": 76, "moves": ["dragontail", "dracometeor", "blueflare", "earthpower"], "ability": "Turboblaze", "evs": {"hp": 85, "atk": 85, "def": 85, "spa": 85, "spd": 85, "spe": 85}, "ivs": {"hp": 31, "atk": 31, "def": 31, "spa": 31, "spd": 31, "spe": 31}, "item": "Heavy-Duty Boots", "teraType": "Ground", "role": "Fast Attacker", "bvs": {"hp": 100, "atk": 120, "def": 100, "spa": 150, "spd": 120, "spe": 90}, "stats": {"hp": 277, "atk": 226, "def": 196, "spa": 272, "spd": 226, "spe": 181}, "types": ["Dragon", "Fire"]}}]}