{"id": "gen9randombattle-2642136946", "format": "[Gen 9] Random Battle", "players": ["Alpha Tw", "forcemajor14"], "log": "|j|\u2606Alpha Tw\n|j|\u2606forcemajor14\n|t:|1782897882\n|gametype|singles\n|player|p1|Alpha Tw|n|2146\n|player|p2|forcemajor14|266|2039\n|gen|9\n|tier|[Gen 9] Random Battle\n|rated|\n|rule|Species Clause: Limit one of each Pok\u00e9mon\n|rule|HP Percentage Mod: HP is shown in percentages\n|rule|Sleep Clause Mod: Limit one foe put to sleep\n|rule|Illusion Level Mod: Illusion disguises the Pok\u00e9mon's true level\n|\n|t:|1782897882\n|teamsize|p1|6\n|teamsize|p2|6\n|start\n|switch|p1a: Empoleon|Empoleon, L84, M|278/278\n|switch|p2a: Iron Treads|Iron Treads, L77|265/265\n|turn|1\n|inactive|Battle timer is ON: inactive players will automatically lose when time's up. (requested by forcemajor14)\n|\n|t:|1782897891\n|move|p2a: Iron Treads|Volt Switch|p1a: Empoleon\n|-supereffective|p1a: Empoleon\n|-damage|p1a: Empoleon|220/278\n|\n|t:|1782897893\n|-end|p2a: Iron Treads|Quark Drive|[silent]\n|switch|p2a: Shiftry|Shiftry, L89, F|305/305|[from] Volt Switch\n|move|p1a: Empoleon|Surf|p2a: Shiftry\n|-resisted|p2a: Shiftry\n|-damage|p2a: Shiftry|243/305\n|\n|-heal|p1a: Empoleon|237/278|[from] item: Leftovers\n|upkeep\n|turn|2\n|\n|t:|1782897896\n|move|p2a: Shiftry|Tailwind|p2a: Shiftry\n|-sidestart|p2: forcemajor14|move: Tailwind\n|-ability|p2a: Shiftry|Wind Rider|boost\n|-boost|p2a: Shiftry|atk|1\n|move|p1a: Empoleon|Ice Beam|p2a: Shiftry\n|-supereffective|p2a: Shiftry\n|-damage|p2a: Shiftry|53/305\n|\n|-heal|p1a: Empoleon|254/278|[from] item: Leftovers\n|upkeep\n|turn|3\n|\n|t:|1782897900\n|move|p2a: Shiftry|Knock Off|p1a: Empoleon\n|-damage|p1a: Empoleon|40/278\n|-enditem|p1a: Empoleon|Leftovers|[from] move: Knock Off|[of] p2a: Shiftry\n|-damage|p2a: Shiftry|23/305|[from] item: Life Orb\n|move|p1a: Empoleon|Roost|p1a: Empoleon\n|-heal|p1a: Empoleon|179/278\n|-singleturn|p1a: Empoleon|move: Roost\n|\n|upkeep\n|turn|4\n|\n|t:|1782897904\n|move|p2a: Shiftry|Low Kick|p1a: Empoleon\n|-supereffective|p1a: Empoleon\n|-damage|p1a: Empoleon|0 fnt\n|faint|p1a: Empoleon\n|-damage|p2a: Shiftry|0 fnt|[from] item: Life Orb\n|faint|p2a: Shiftry\n|\n|upkeep\n|\n|t:|1782897910\n|switch|p2a: Mudsdale|Mudsdale, L83, M|302/302\n|switch|p1a: Dudunsparce|Dudunsparce-Three-Segment, L83, F|343/343\n|turn|5\n|\n|t:|1782897916\n|move|p2a: Mudsdale|Stealth Rock|p1a: Dudunsparce\n|-sidestart|p1: Alpha Tw|move: Stealth Rock\n|move|p1a: Dudunsparce|Glare|p2a: Mudsdale\n|-status|p2a: Mudsdale|par\n|\n|-sideend|p2: forcemajor14|move: Tailwind\n|upkeep\n|turn|6\n|\n|t:|1782897926\n|switch|p1a: Palafin|Palafin, L77, M|281/281\n|-damage|p1a: Palafin|246/281|[from] Stealth Rock\n|move|p2a: Mudsdale|Roar|p1a: Palafin\n|detailschange|p1a: Palafin|Palafin-Hero, L77, M\n|drag|p1a: Raging Bolt|Raging Bolt, L78|323/323\n|-damage|p1a: Raging Bolt|283/323|[from] Stealth Rock\n|-enditem|p1a: Raging Bolt|Booster Energy\n|-activate|p1a: Raging Bolt|ability: Protosynthesis|[fromitem]\n|-start|p1a: Raging Bolt|protosynthesisspa\n|\n|upkeep\n|turn|7\n|\n|t:|1782897930\n|move|p1a: Raging Bolt|Dragon Pulse|p2a: Mudsdale\n|-damage|p2a: Mudsdale|154/302 par\n|-ability|p2a: Mudsdale|Stamina|boost\n|-boost|p2a: Mudsdale|def|1\n|cant|p2a: Mudsdale|par\n|\n|-heal|p2a: Mudsdale|172/302 par|[from] item: Leftovers\n|upkeep\n|turn|8\n|\n|t:|1782897934\n|move|p1a: Raging Bolt|Dragon Pulse|p2a: Mudsdale\n|-damage|p2a: Mudsdale|27/302 par\n|-ability|p2a: Mudsdale|Stamina|boost\n|-boost|p2a: Mudsdale|def|1\n|cant|p2a: Mudsdale|par\n|\n|-heal|p2a: Mudsdale|45/302 par|[from] item: Leftovers\n|upkeep\n|turn|9\n|\n|t:|1782897936\n|move|p1a: Raging Bolt|Dragon Pulse|p2a: Mudsdale\n|-damage|p2a: Mudsdale|0 fnt\n|faint|p2a: Mudsdale\n|\n|upkeep\n|\n|t:|1782897938\n|switch|p2a: Iron Treads|Iron Treads, L77|265/265\n|turn|10\n|\n|t:|1782897941\n|-end|p1a: Raging Bolt|Protosynthesis|[silent]\n|switch|p1a: Dudunsparce|Dudunsparce-Three-Segment, L83, F|343/343\n|-damage|p1a: Dudunsparce|301/343|[from] Stealth Rock\n|move|p2a: Iron Treads|Earthquake|p1a: Dudunsparce\n|-damage|p1a: Dudunsparce|199/343\n|\n|-heal|p1a: Dudunsparce|220/343|[from] item: Leftovers\n|upkeep\n|turn|11\n|\n|t:|1782897945\n|move|p2a: Iron Treads|Volt Switch|p1a: Dudunsparce\n|-damage|p1a: Dudunsparce|179/343\n|\n|t:|1782897947\n|-end|p2a: Iron Treads|Quark Drive|[silent]\n|switch|p2a: Slowbro|Slowbro, L85, F|300/300|[from] Volt Switch\n|move|p1a: Dudunsparce|Glare|p2a: Slowbro\n|-status|p2a: Slowbro|par\n|\n|-heal|p1a: Dudunsparce|200/343|[from] item: Leftovers\n|upkeep\n|turn|12\n|\n|t:|1782897949\n|move|p1a: Dudunsparce|Roost|p1a: Dudunsparce\n|-heal|p1a: Dudunsparce|343/343\n|-singleturn|p1a: Dudunsparce|move: Roost\n|cant|p2a: Slowbro|par\n|\n|upkeep\n|turn|13\n|\n|t:|1782897952\n|move|p1a: Dudunsparce|Headbutt|p2a: Slowbro\n|-damage|p2a: Slowbro|239/300 par\n|cant|p2a: Slowbro|flinch\n|\n|-heal|p2a: Slowbro|257/300 par|[from] item: Leftovers\n|upkeep\n|turn|14\n|\n|t:|1782897954\n|move|p1a: Dudunsparce|Headbutt|p2a: Slowbro\n|-damage|p2a: Slowbro|193/300 par\n|cant|p2a: Slowbro|flinch\n|\n|-heal|p2a: Slowbro|211/300 par|[from] item: Leftovers\n|upkeep\n|turn|15\n|\n|t:|1782897956\n|move|p1a: Dudunsparce|Headbutt|p2a: Slowbro\n|-damage|p2a: Slowbro|147/300 par\n|cant|p2a: Slowbro|flinch\n|\n|-heal|p2a: Slowbro|165/300 par|[from] item: Leftovers\n|upkeep\n|turn|16\n|\n|t:|1782897958\n|move|p1a: Dudunsparce|Headbutt|p2a: Slowbro\n|-damage|p2a: Slowbro|102/300 par\n|cant|p2a: Slowbro|flinch\n|\n|-heal|p2a: Slowbro|120/300 par|[from] item: Leftovers\n|upkeep\n|turn|17\n|\n|t:|1782897962\n|switch|p2a: Magcargo|Magcargo, L95, M|268/268\n|move|p1a: Dudunsparce|Glare|p2a: Magcargo\n|-status|p2a: Magcargo|par\n|\n|upkeep\n|turn|18\n|\n|t:|1782897970\n|switch|p2a: Slowbro|Slowbro, L85, F|220/300 par\n|move|p1a: Dudunsparce|Earthquake|p2a: Slowbro\n|-damage|p2a: Slowbro|161/300 par\n|\n|-heal|p2a: Slowbro|179/300 par|[from] item: Leftovers\n|upkeep\n|turn|19\n|\n|t:|1782897974\n|move|p1a: Dudunsparce|Headbutt|p2a: Slowbro\n|-damage|p2a: Slowbro|113/300 par\n|move|p2a: Slowbro|Slack Off|p2a: Slowbro\n|-heal|p2a: Slowbro|263/300 par\n|\n|-heal|p2a: Slowbro|281/300 par|[from] item: Leftovers\n|upkeep\n|turn|20\n|\n|t:|1782897977\n|move|p1a: Dudunsparce|Headbutt|p2a: Slowbro\n|-damage|p2a: Slowbro|214/300 par\n|cant|p2a: Slowbro|flinch\n|\n|-heal|p2a: Slowbro|232/300 par|[from] item: Leftovers\n|upkeep\n|turn|21\n|\n|t:|1782897979\n|move|p1a: Dudunsparce|Headbutt|p2a: Slowbro\n|-damage|p2a: Slowbro|165/300 par\n|move|p2a: Slowbro|Scald|p1a: Dudunsparce\n|-damage|p1a: Dudunsparce|234/343\n|-status|p1a: Dudunsparce|brn\n|\n|-heal|p1a: Dudunsparce|255/343 brn|[from] item: Leftovers\n|-heal|p2a: Slowbro|183/300 par|[from] item: Leftovers\n|-damage|p1a: Dudunsparce|234/343 brn|[from] brn\n|upkeep\n|turn|22\n|\n|t:|1782897984\n|move|p1a: Dudunsparce|Headbutt|p2a: Slowbro\n|-damage|p2a: Slowbro|150/300 par\n|cant|p2a: Slowbro|flinch\n|\n|-heal|p1a: Dudunsparce|255/343 brn|[from] item: Leftovers\n|-heal|p2a: Slowbro|168/300 par|[from] item: Leftovers\n|-damage|p1a: Dudunsparce|234/343 brn|[from] brn\n|upkeep\n|turn|23\n|\n|t:|1782897986\n|move|p1a: Dudunsparce|Headbutt|p2a: Slowbro\n|-damage|p2a: Slowbro|139/300 par\n|cant|p2a: Slowbro|flinch\n|\n|-heal|p1a: Dudunsparce|255/343 brn|[from] item: Leftovers\n|-heal|p2a: Slowbro|157/300 par|[from] item: Leftovers\n|-damage|p1a: Dudunsparce|234/343 brn|[from] brn\n|upkeep\n|turn|24\n|\n|t:|1782897990\n|move|p1a: Dudunsparce|Headbutt|p2a: Slowbro\n|-damage|p2a: Slowbro|124/300 par\n|cant|p2a: Slowbro|flinch\n|\n|-heal|p1a: Dudunsparce|255/343 brn|[from] item: Leftovers\n|-heal|p2a: Slowbro|142/300 par|[from] item: Leftovers\n|-damage|p1a: Dudunsparce|234/343 brn|[from] brn\n|upkeep\n|turn|25\n|\n|t:|1782897996\n|switch|p1a: Ninetales|Ninetales-Alola, L78, F|242/242\n|-damage|p1a: Ninetales|182/242|[from] Stealth Rock\n|-weather|Snowscape|[from] ability: Snow Warning|[of] p1a: Ninetales\n|move|p2a: Slowbro|Slack Off|p2a: Slowbro\n|-heal|p2a: Slowbro|292/300 par\n|\n|-weather|Snowscape|[upkeep]\n|-heal|p2a: Slowbro|300/300 par|[from] item: Leftovers\n|upkeep\n|turn|26\n|\n|t:|1782897999\n|move|p1a: Ninetales|Aurora Veil|p1a: Ninetales\n|-sidestart|p1: Alpha Tw|move: Aurora Veil\n|move|p2a: Slowbro|Scald|p1a: Ninetales\n|-damage|p1a: Ninetales|137/242\n|\n|-weather|Snowscape|[upkeep]\n|upkeep\n|turn|27\n|\n|t:|1782898004\n|move|p1a: Ninetales|Freeze-Dry|p2a: Slowbro\n|-supereffective|p2a: Slowbro\n|-damage|p2a: Slowbro|174/300 par\n|move|p2a: Slowbro|Scald|p1a: Ninetales\n|-damage|p1a: Ninetales|91/242\n|-status|p1a: Ninetales|brn\n|\n|-weather|Snowscape|[upkeep]\n|-heal|p2a: Slowbro|192/300 par|[from] item: Leftovers\n|-damage|p1a: Ninetales|76/242 brn|[from] brn\n|upkeep\n|turn|28\n|\n|t:|1782898007\n|move|p1a: Ninetales|Moonblast|p2a: Slowbro\n|-damage|p2a: Slowbro|111/300 par\n|-unboost|p2a: Slowbro|spa|1\n|cant|p2a: Slowbro|par\n|\n|-weather|Snowscape|[upkeep]\n|-heal|p2a: Slowbro|129/300 par|[from] item: Leftovers\n|-damage|p1a: Ninetales|61/242 brn|[from] brn\n|upkeep\n|turn|29\n|\n|t:|1782898009\n|switch|p2a: Iron Treads|Iron Treads, L77|265/265\n|move|p1a: Ninetales|Freeze-Dry|p2a: Iron Treads\n|-damage|p2a: Iron Treads|217/265\n|\n|-weather|none\n|-damage|p1a: Ninetales|46/242 brn|[from] brn\n|upkeep\n|turn|30\n|\n|t:|1782898012\n|-end|p2a: Iron Treads|Quark Drive|[silent]\n|switch|p2a: Slowbro|Slowbro, L85, F|229/300 par\n|move|p1a: Ninetales|Blizzard|p2a: Slowbro\n|-resisted|p2a: Slowbro\n|-damage|p2a: Slowbro|183/300 par\n|\n|-heal|p2a: Slowbro|201/300 par|[from] item: Leftovers\n|-damage|p1a: Ninetales|31/242 brn|[from] brn\n|upkeep\n|turn|31\n|\n|t:|1782898015\n|move|p1a: Ninetales|Freeze-Dry|p2a: Slowbro\n|-supereffective|p2a: Slowbro\n|-damage|p2a: Slowbro|69/300 par\n|move|p2a: Slowbro|Slack Off|p2a: Slowbro\n|-heal|p2a: Slowbro|219/300 par\n|\n|-heal|p2a: Slowbro|237/300 par|[from] item: Leftovers\n|-damage|p1a: Ninetales|16/242 brn|[from] brn\n|upkeep\n|turn|32\n|\n|t:|1782898018\n|switch|p2a: Iron Treads|Iron Treads, L77|217/265\n|move|p1a: Ninetales|Freeze-Dry|p2a: Iron Treads\n|-damage|p2a: Iron Treads|171/265\n|\n|-damage|p1a: Ninetales|1/242 brn|[from] brn\n|upkeep\n|turn|33\n|\n|t:|1782898021\n|move|p1a: Ninetales|Freeze-Dry|p2a: Iron Treads\n|-damage|p2a: Iron Treads|117/265\n|move|p2a: Iron Treads|Rapid Spin|p1a: Ninetales\n|-damage|p1a: Ninetales|0 fnt\n|-boost|p2a: Iron Treads|spe|1\n|faint|p1a: Ninetales\n|\n|-sideend|p1: Alpha Tw|move: Aurora Veil\n|upkeep\n|\n|t:|1782898024\n|switch|p1a: Palafin|Palafin-Hero, L77, M|246/281\n|-damage|p1a: Palafin|211/281|[from] Stealth Rock\n|-activate|p1a: Palafin|ability: Zero to Hero\n|turn|34\n|\n|t:|1782898028\n|move|p2a: Iron Treads|Volt Switch|p1a: Palafin\n|-supereffective|p1a: Palafin\n|-damage|p1a: Palafin|143/281\n|\n|t:|1782898030\n|-end|p2a: Iron Treads|Quark Drive|[silent]\n|switch|p2a: Slowbro|Slowbro, L85, F|300/300 par|[from] Volt Switch\n|move|p1a: Palafin|Bulk Up|p1a: Palafin\n|-boost|p1a: Palafin|atk|1\n|-boost|p1a: Palafin|def|1\n|\n|-heal|p1a: Palafin|160/281|[from] item: Leftovers\n|upkeep\n|turn|35\n|\n|t:|1782898033\n|move|p1a: Palafin|Bulk Up|p1a: Palafin\n|-boost|p1a: Palafin|atk|1\n|-boost|p1a: Palafin|def|1\n|move|p2a: Slowbro|Iron Defense|p2a: Slowbro\n|-boost|p2a: Slowbro|def|2\n|\n|-heal|p1a: Palafin|177/281|[from] item: Leftovers\n|upkeep\n|turn|36\n|\n|t:|1782898037\n|switch|p1a: Raging Bolt|Raging Bolt, L78|283/323\n|-damage|p1a: Raging Bolt|243/323|[from] Stealth Rock\n|move|p2a: Slowbro|Iron Defense|p2a: Slowbro\n|-boost|p2a: Slowbro|def|2\n|\n|upkeep\n|turn|37\n|\n|t:|1782898041\n|switch|p2a: Iron Treads|Iron Treads, L77|117/265\n|move|p1a: Raging Bolt|Calm Mind|p1a: Raging Bolt\n|-boost|p1a: Raging Bolt|spa|1\n|-boost|p1a: Raging Bolt|spd|1\n|\n|upkeep\n|turn|38\n|\n|t:|1782898044\n|move|p2a: Iron Treads|Earthquake|p1a: Raging Bolt\n|-supereffective|p1a: Raging Bolt\n|-damage|p1a: Raging Bolt|15/323\n|move|p1a: Raging Bolt|Dragon Pulse|p2a: Iron Treads\n|-resisted|p2a: Iron Treads\n|-damage|p2a: Iron Treads|52/265\n|\n|upkeep\n|turn|39\n|\n|t:|1782898048\n|move|p2a: Iron Treads|Earthquake|p1a: Raging Bolt\n|-supereffective|p1a: Raging Bolt\n|-damage|p1a: Raging Bolt|0 fnt\n|faint|p1a: Raging Bolt\n|-end|p1a: Raging Bolt|Protosynthesis|[silent]\n|\n|upkeep\n|\n|t:|1782898077\n|switch|p1a: Palafin|Palafin-Hero, L77, M|177/281\n|-damage|p1a: Palafin|142/281|[from] Stealth Rock\n|turn|40\n|\n|t:|1782898079\n|move|p2a: Iron Treads|Volt Switch|p1a: Palafin\n|-supereffective|p1a: Palafin\n|-damage|p1a: Palafin|70/281\n|\n|t:|1782898081\n|-end|p2a: Iron Treads|Quark Drive|[silent]\n|switch|p2a: Slowbro|Slowbro, L85, F|300/300 par|[from] Volt Switch\n|move|p1a: Palafin|Bulk Up|p1a: Palafin\n|-boost|p1a: Palafin|atk|1\n|-boost|p1a: Palafin|def|1\n|\n|-heal|p1a: Palafin|87/281|[from] item: Leftovers\n|upkeep\n|turn|41\n|\n|t:|1782898083\n|move|p1a: Palafin|Drain Punch|p2a: Slowbro\n|-resisted|p2a: Slowbro\n|-damage|p2a: Slowbro|255/300 par\n|-heal|p1a: Palafin|110/281|[from] drain|[of] p2a: Slowbro\n|cant|p2a: Slowbro|par\n|\n|-heal|p1a: Palafin|127/281|[from] item: Leftovers\n|-heal|p2a: Slowbro|273/300 par|[from] item: Leftovers\n|upkeep\n|turn|42\n|\n|t:|1782898087\n|move|p1a: Palafin|Bulk Up|p1a: Palafin\n|-boost|p1a: Palafin|atk|1\n|-boost|p1a: Palafin|def|1\n|move|p2a: Slowbro|Iron Defense|p2a: Slowbro\n|-boost|p2a: Slowbro|def|2\n|\n|-heal|p1a: Palafin|144/281|[from] item: Leftovers\n|-heal|p2a: Slowbro|291/300 par|[from] item: Leftovers\n|upkeep\n|turn|43\n|\n|t:|1782898091\n|move|p1a: Palafin|Bulk Up|p1a: Palafin\n|-boost|p1a: Palafin|atk|1\n|-boost|p1a: Palafin|def|1\n|move|p2a: Slowbro|Iron Defense|p2a: Slowbro\n|-boost|p2a: Slowbro|def|2\n|\n|-heal|p1a: Palafin|161/281|[from] item: Leftovers\n|-heal|p2a: Slowbro|300/300 par|[from] item: Leftovers\n|upkeep\n|turn|44\n|\n|t:|1782898095\n|move|p1a: Palafin|Bulk Up|p1a: Palafin\n|-boost|p1a: Palafin|atk|1\n|-boost|p1a: Palafin|def|1\n|move|p2a: Slowbro|Body Press|p1a: Palafin\n|-damage|p1a: Palafin|95/281\n|\n|-heal|p1a: Palafin|112/281|[from] item: Leftovers\n|upkeep\n|turn|45\n|\n|t:|1782898098\n|move|p1a: Palafin|Drain Punch|p2a: Slowbro\n|-resisted|p2a: Slowbro\n|-damage|p2a: Slowbro|274/300 par\n|-heal|p1a: Palafin|125/281|[from] drain|[of] p2a: Slowbro\n|cant|p2a: Slowbro|par\n|\n|-heal|p1a: Palafin|142/281|[from] item: Leftovers\n|-heal|p2a: Slowbro|292/300 par|[from] item: Leftovers\n|upkeep\n|turn|46\n|\n|t:|1782898102\n|move|p1a: Palafin|Drain Punch|p2a: Slowbro\n|-resisted|p2a: Slowbro\n|-damage|p2a: Slowbro|264/300 par\n|-heal|p1a: Palafin|156/281|[from] drain|[of] p2a: Slowbro\n|move|p2a: Slowbro|Scald|p1a: Palafin\n|-resisted|p1a: Palafin\n|-damage|p1a: Palafin|107/281\n|\n|-heal|p1a: Palafin|124/281|[from] item: Leftovers\n|-heal|p2a: Slowbro|282/300 par|[from] item: Leftovers\n|upkeep\n|turn|47\n|\n|t:|1782898105\n|move|p1a: Palafin|Bulk Up|p1a: Palafin\n|-boost|p1a: Palafin|atk|1\n|-boost|p1a: Palafin|def|1\n|move|p2a: Slowbro|Scald|p1a: Palafin\n|-resisted|p1a: Palafin\n|-damage|p1a: Palafin|76/281\n|-status|p1a: Palafin|brn\n|\n|-heal|p1a: Palafin|93/281 brn|[from] item: Leftovers\n|-heal|p2a: Slowbro|300/300 par|[from] item: Leftovers\n|-damage|p1a: Palafin|76/281 brn|[from] brn\n|upkeep\n|turn|48\n|\n|t:|1782898109\n|move|p1a: Palafin|Bulk Up|p1a: Palafin\n|-boost|p1a: Palafin|atk|1\n|-boost|p1a: Palafin|def|1\n|move|p2a: Slowbro|Body Press|p1a: Palafin\n|-damage|p1a: Palafin|25/281 brn\n|\n|-heal|p1a: Palafin|42/281 brn|[from] item: Leftovers\n|-damage|p1a: Palafin|25/281 brn|[from] brn\n|upkeep\n|turn|49\n|\n|t:|1782898112\n|move|p1a: Palafin|Drain Punch|p2a: Slowbro\n|-resisted|p2a: Slowbro\n|-damage|p2a: Slowbro|283/300 par\n|-heal|p1a: Palafin|34/281 brn|[from] drain|[of] p2a: Slowbro\n|move|p2a: Slowbro|Body Press|p1a: Palafin\n|-damage|p1a: Palafin|0 fnt\n|faint|p1a: Palafin\n|\n|-heal|p2a: Slowbro|300/300 par|[from] item: Leftovers\n|upkeep\n|-message|Alpha Tw forfeited.\n|\n|win|forcemajor14\n|raw|Alpha Tw's rating: 2146 &rarr; <strong>2126</strong><br />(-20 for losing)\n|raw|forcemajor14's rating: 2140 &rarr; <strong>2160</strong><br />(+20 for winning)\n|l|\u2606Alpha Tw\n|player|p1|\n", "inputlog": ">version f8ac14003a5f27e1bdc8d8c59608a773c1cb96e5\n>start {\"formatid\":\"gen9randombattle\",\"seed\":\"sodium,d10f5e341df5b1bd7f2c52946a95ce34\",\"rated\":\"Rated battle\"}\n>player p1 {\"name\":\"Alpha Tw\",\"avatar\":\"n\",\"rating\":2146,\"seed\":\"sodium,d6ae066cd631704f1193e48b6d7053a8\"}\n>player p2 {\"name\":\"forcemajor14\",\"avatar\":\"266\",\"rating\":2039,\"seed\":\"sodium,4e04311cbc031bd7ce572200b2aa3e81\"}\n>p1 move surf\n>p2 move voltswitch\n>p2 switch 6\n>p1 move icebeam\n>p2 move tailwind\n>p1 move roost\n>p2 move knockoff\n>p1 move roost\n>p2 move lowkick\n>p1 switch 3\n>p2 switch 2\n>p1 move glare\n>p2 move stealthrock\n>p1 switch 5\n>p2 move roar\n>p1 move dragonpulse\n>p2 move earthquake\n>p1 move dragonpulse\n>p2 move earthquake\n>p1 move dragonpulse\n>p2 move earthquake\n>p2 switch 6\n>p1 switch 5\n>p2 move earthquake\n>p1 move glare\n>p2 move voltswitch\n>p2 switch 5\n>p1 move roost\n>p2 move irondefense\n>p1 move headbutt\n>p2 move irondefense\n>p1 move headbutt\n>p2 move scald\n>p1 move headbutt\n>p2 move scald\n>p1 move headbutt\n>p2 move slackoff\n>p1 move glare\n>p2 switch 3\n>p1 move earthquake\n>p2 switch 3\n>p1 move headbutt\n>p2 move slackoff\n>p1 move headbutt\n>p2 move scald\n>p1 move headbutt\n>p2 move scald\n>p1 move headbutt\n>p2 move slackoff\n>p1 move headbutt\n>p2 move slackoff\n>p1 move headbutt\n>p2 move slackoff\n>p1 switch 6\n>p2 move slackoff\n>p1 move auroraveil\n>p2 move scald\n>p1 move freezedry\n>p2 move scald\n>p1 move moonblast\n>p2 move slackoff\n>p1 move freezedry\n>p2 switch 5\n>p1 move blizzard\n>p2 switch 5\n>p1 move freezedry\n>p2 move slackoff\n>p1 move freezedry\n>p2 switch 5\n>p1 move freezedry\n>p2 move rapidspin\n>p1 switch 2\n>p1 move bulkup\n>p2 move voltswitch\n>p2 switch 5\n>p1 move bulkup\n>p2 move irondefense\n>p1 switch 5\n>p2 move irondefense\n>p1 move calmmind\n>p2 switch 5\n>p1 move dragonpulse\n>p2 move earthquake\n>p1 move dragonpulse\n>p2 move earthquake\n>p1 switch 5\n>p1 move bulkup\n>p2 move voltswitch\n>p2 switch 5\n>p1 move drainpunch\n>p2 move irondefense\n>p1 move bulkup\n>p2 move irondefense\n>p1 move bulkup\n>p2 move irondefense\n>p1 move bulkup\n>p2 move bodypress\n>p1 move drainpunch\n>p2 move scald\n>p1 move drainpunch\n>p2 move scald\n>p1 move bulkup\n>p2 move scald\n>p1 move bulkup\n>p2 move bodypress\n>p1 move drainpunch\n>p2 move bodypress\n>forcelose p1", "uploadtime": 1782898116, "views": 5, "formatid": "gen9randombattle", "rating": 2126, "private": 0, "password": null, "player_dets": [{"name": "Alpha Tw", "avatar": "n", "rating": 2146, "seed": "sodium,d6ae066cd631704f1193e48b6d7053a8"}, {"name": "forcemajor14", "avatar": "266", "rating": 2039, "seed": "sodium,4e04311cbc031bd7ce572200b2aa3e81"}], "teams_full": [{"Empoleon": {"name": "Empoleon", "species": "Empoleon", "speciesId": "empoleon", "gender": "M", "shiny": false, "level": 84, "moves": ["roost", "icebeam", "surf", "flipturn"], "ability": "Competitive", "evs": {"hp": 85, "atk": 85, "def": 85, "spa": 85, "spd": 85, "spe": 85}, "ivs": {"hp": 31, "atk": 31, "def": 31, "spa": 31, "spd": 31, "spe": 31}, "item": "Leftovers", "teraType": "Grass", "role": "Bulky Support", "bvs": {"hp": 84, "atk": 86, "def": 88, "spa": 111, "spd": 101, "spe": 60}, "stats": {"hp": 278, "atk": 193, "def": 196, "spa": 235, "spd": 218, "spe": 149}, "types": ["Water", "Steel"]}, "Raging Bolt": {"name": "Raging Bolt", "species": "Raging Bolt", "speciesId": "ragingbolt", "gender": "N", "shiny": false, "level": 78, "moves": ["thunderclap", "dragonpulse", "calmmind", "thunderbolt"], "ability": "Protosynthesis", "evs": {"hp": 85, "atk": 0, "def": 85, "spa": 85, "spd": 85, "spe": 85}, "ivs": {"hp": 31, "atk": 0, "def": 31, "spa": 31, "spd": 31, "spe": 31}, "item": "Booster Energy", "teraType": "Fairy", "role": "Fast Bulky Setup", "bvs": {"hp": 125, "atk": 73, "def": 91, "spa": 137, "spd": 89, "spe": 75}, "stats": {"hp": 323, "atk": 118, "def": 187, "spa": 259, "spd": 184, "spe": 162}, "types": ["Electric", "Dragon"]}, "Dudunsparce": {"name": "Dudunsparce", "species": "Dudunsparce-Three-Segment", "speciesId": "dudunsparce", "gender": "F", "shiny": false, "level": 83, "moves": ["glare", "earthquake", "roost", "headbutt"], "ability": "Serene Grace", "evs": {"hp": 85, "atk": 85, "def": 85, "spa": 85, "spd": 85, "spe": 85}, "ivs": {"hp": 31, "atk": 31, "def": 31, "spa": 31, "spd": 31, "spe": 31}, "item": "Leftovers", "teraType": "Ghost", "role": "Bulky Support", "bvs": {"hp": 125, "atk": 100, "def": 80, "spa": 85, "spd": 75, "spe": 55}, "stats": {"hp": 343, "atk": 214, "def": 180, "spa": 189, "spd": 172, "spe": 139}, "types": ["Normal"]}, "Pachirisu": {"name": "Pachirisu", "species": "Pachirisu", "speciesId": "pachirisu", "gender": "F", "shiny": false, "level": 96, "moves": ["nuzzle", "superfang", "thunderbolt", "uturn"], "ability": "Volt Absorb", "evs": {"hp": 85, "atk": 85, "def": 85, "spa": 85, "spd": 85, "spe": 85}, "ivs": {"hp": 31, "atk": 31, "def": 31, "spa": 31, "spd": 31, "spe": 31}, "item": "Assault Vest", "teraType": "Flying", "role": "AV Pivot", "bvs": {"hp": 60, "atk": 45, "def": 70, "spa": 45, "spd": 90, "spe": 95}, "stats": {"hp": 271, "atk": 141, "def": 189, "spa": 141, "spd": 227, "spe": 237}, "types": ["Electric"]}, "Palafin": {"name": "Palafin", "species": "Palafin", "speciesId": "palafin", "gender": "M", "shiny": false, "level": 77, "moves": ["jetpunch", "drainpunch", "wavecrash", "bulkup"], "ability": "Zero to Hero", "evs": {"hp": 85, "atk": 85, "def": 85, "spa": 85, "spd": 85, "spe": 85}, "ivs": {"hp": 31, "atk": 31, "def": 31, "spa": 31, "spd": 31, "spe": 31}, "item": "Leftovers", "teraType": "Dragon", "role": "Bulky Setup", "bvs": {"hp": 100, "atk": 70, "def": 72, "spa": 53, "spd": 62, "spe": 100}, "stats": {"hp": 281, "atk": 152, "def": 155, "spa": 126, "spd": 140, "spe": 199}, "types": ["Water"]}, "Ninetales": {"name": "Ninetales", "species": "Ninetales-Alola", "speciesId": "ninetalesalola", "gender": "F", "shiny": false, "level": 78, "moves": ["blizzard", "moonblast", "freezedry", "auroraveil"], "ability": "Snow Warning", "evs": {"hp": 85, "atk": 0, "def": 85, "spa": 85, "spd": 85, "spe": 85}, "ivs": {"hp": 31, "atk": 0, "def": 31, "spa": 31, "spd": 31, "spe": 31}, "item": "Light Clay", "teraType": "Steel", "role": "Fast Attacker", "bvs": {"hp": 73, "atk": 67, "def": 75, "spa": 81, "spd": 100, "spe": 109}, "stats": {"hp": 242, "atk": 109, "def": 162, "spa": 171, "spd": 201, "spe": 215}, "types": ["Ice", "Fairy"]}}, {"Iron Treads": {"name": "Iron Treads", "species": "Iron Treads", "speciesId": "irontreads", "gender": "N", "shiny": false, "level": 77, "moves": ["voltswitch", "earthquake", "rapidspin", "ironhead"], "ability": "Quark Drive", "evs": {"hp": 85, "atk": 85, "def": 85, "spa": 85, "spd": 85, "spe": 85}, "ivs": {"hp": 31, "atk": 31, "def": 31, "spa": 31, "spd": 31, "spe": 31}, "item": "Assault Vest", "teraType": "Ghost", "role": "Bulky Support", "bvs": {"hp": 90, "atk": 112, "def": 120, "spa": 72, "spd": 70, "spe": 106}, "stats": {"hp": 265, "atk": 217, "def": 229, "spa": 155, "spd": 152, "spe": 208}, "types": ["Ground", "Steel"]}, "Mudsdale": {"name": "Mudsdale", "species": "Mudsdale", "speciesId": "mudsdale", "gender": "M", "shiny": false, "level": 83, "moves": ["stealthrock", "heavyslam", "earthquake", "roar"], "ability": "Stamina", "evs": {"hp": 85, "atk": 85, "def": 85, "spa": 85, "spd": 85, "spe": 85}, "ivs": {"hp": 31, "atk": 31, "def": 31, "spa": 31, "spd": 31, "spe": 31}, "item": "Leftovers", "teraType": "Steel", "role": "Bulky Attacker", "bvs": {"hp": 100, "atk": 125, "def": 100, "spa": 55, "spd": 85, "spe": 35}, "stats": {"hp": 302, "atk": 255, "def": 214, "spa": 139, "spd": 189, "spe": 106}, "types": ["Ground"]}, "Magcargo": {"name": "Magcargo", "species": "Magcargo", "speciesId": "magcargo", "gender": "M", "shiny": false, "level": 95, "moves": ["earthpower", "shellsmash", "powergem", "fireblast"], "ability": "Weak Armor", "evs": {"hp": 85, "atk": 0, "def": 85, "spa": 85, "spd": 85, "spe": 85}, "ivs": {"hp": 31, "atk": 0, "def": 31, "spa": 31, "spd": 31, "spe": 31}, "item": "Heavy-Duty Boots", "teraType": "Dragon", "role": "Setup Sweeper", "bvs": {"hp": 60, "atk": 50, "def": 120, "spa": 90, "spd": 80, "spe": 30}, "stats": {"hp": 268, "atk": 100, "def": 282, "spa": 225, "spd": 206, "spe": 111}, "types": ["Fire", "Rock"]}, "Oranguru": {"name": "Oranguru", "species": "Oranguru", "speciesId": "oranguru", "gender": "M", "shiny": false, "level": 92, "moves": ["focusblast", "psyshock", "nastyplot", "thunderbolt"], "ability": "Inner Focus", "evs": {"hp": 85, "atk": 0, "def": 85, "spa": 85, "spd": 85, "spe": 85}, "ivs": {"hp": 31, "atk": 0, "def": 31, "spa": 31, "spd": 31, "spe": 31}, "item": "Leftovers", "teraType": "Electric", "role": "Bulky Attacker", "bvs": {"hp": 90, "atk": 60, "def": 80, "spa": 90, "spd": 110, "spe": 60}, "stats": {"hp": 315, "atk": 115, "def": 200, "spa": 218, "spd": 255, "spe": 163}, "types": ["Normal", "Psychic"]}, "Slowbro": {"name": "Slowbro", "species": "Slowbro", "speciesId": "slowbro", "gender": "F", "shiny": false, "level": 85, "moves": ["scald", "irondefense", "slackoff", "bodypress"], "ability": "Regenerator", "evs": {"hp": 85, "atk": 0, "def": 85, "spa": 85, "spd": 85, "spe": 85}, "ivs": {"hp": 31, "atk": 0, "def": 31, "spa": 31, "spd": 31, "spe": 31}, "item": "Leftovers", "teraType": "Fighting", "role": "Bulky Setup", "bvs": {"hp": 95, "atk": 75, "def": 110, "spa": 100, "spd": 80, "spe": 30}, "stats": {"hp": 300, "atk": 132, "def": 236, "spa": 219, "spd": 185, "spe": 100}, "types": ["Water", "Psychic"]}, "Shiftry": {"name": "Shiftry", "species": "Shiftry", "speciesId": "shiftry", "gender": "F", "shiny": false, "level": 89, "moves": ["tailwind", "knockoff", "lowkick", "leafblade"], "ability": "Wind Rider", "evs": {"hp": 85, "atk": 85, "def": 85, "spa": 85, "spd": 85, "spe": 85}, "ivs": {"hp": 31, "atk": 31, "def": 31, "spa": 31, "spd": 31, "spe": 31}, "item": "Life Orb", "teraType": "Fighting", "role": "Setup Sweeper", "bvs": {"hp": 90, "atk": 100, "def": 60, "spa": 90, "spd": 60, "spe": 80}, "stats": {"hp": 305, "atk": 229, "def": 158, "spa": 211, "spd": 158, "spe": 193}, "types": ["Grass", "Dark"]}}]}