{"id": "gen9randombattle-2642096356", "format": "[Gen 9] Random Battle", "players": ["lilboymp4", "jnpr010334"], "log": "|j|\u2606lilboymp4\n|j|\u2606jnpr010334\n|t:|1782889068\n|gametype|singles\n|player|p1|lilboymp4|2|1840\n|player|p2|jnpr010334|265|1901\n|gen|9\n|tier|[Gen 9] Random Battle\n|rated|\n|rule|Species Clause: Limit one of each Pok\u00e9mon\n|rule|HP Percentage Mod: HP is shown in percentages\n|rule|Sleep Clause Mod: Limit one foe put to sleep\n|rule|Illusion Level Mod: Illusion disguises the Pok\u00e9mon's true level\n|\n|t:|1782889068\n|teamsize|p1|6\n|teamsize|p2|6\n|start\n|switch|p1a: Meganium|Meganium, L90, F|290/290\n|switch|p2a: Bellibolt|Bellibolt, L84, M|320/320\n|turn|1\n|inactive|Battle timer is ON: inactive players will automatically lose when time's up. (requested by jnpr010334)\n|\n|t:|1782889076\n|move|p1a: Meganium|Knock Off|p2a: Bellibolt\n|-damage|p2a: Bellibolt|248/320\n|-start|p2a: Bellibolt|Charge|Knock Off|[from] ability: Electromorphosis\n|-enditem|p2a: Bellibolt|Leftovers|[from] move: Knock Off|[of] p1a: Meganium\n|move|p2a: Bellibolt|Volt Switch|p1a: Meganium\n|-resisted|p1a: Meganium\n|-damage|p1a: Meganium|229/290\n|-end|p2a: Bellibolt|Charge|[silent]\n|\n|t:|1782889079\n|switch|p2a: Baxcalibur|Baxcalibur, L75, M|295/295|[from] Volt Switch\n|\n|-heal|p1a: Meganium|247/290|[from] item: Leftovers\n|upkeep\n|turn|2\n|\n|t:|1782889092\n|move|p1a: Meganium|Knock Off|p2a: Baxcalibur\n|-damage|p2a: Baxcalibur|223/295\n|-enditem|p2a: Baxcalibur|Loaded Dice|[from] move: Knock Off|[of] p1a: Meganium\n|move|p2a: Baxcalibur|Swords Dance|p2a: Baxcalibur\n|-boost|p2a: Baxcalibur|atk|2\n|\n|-heal|p1a: Meganium|265/290|[from] item: Leftovers\n|upkeep\n|turn|3\n|\n|t:|1782889098\n|move|p2a: Baxcalibur|Swords Dance|p2a: Baxcalibur\n|-boost|p2a: Baxcalibur|atk|2\n|move|p1a: Meganium|Dragon Tail|p2a: Baxcalibur\n|-supereffective|p2a: Baxcalibur\n|-damage|p2a: Baxcalibur|127/295\n|drag|p2a: Milotic|Milotic, L83, F|293/293\n|\n|-heal|p1a: Meganium|283/290|[from] item: Leftovers\n|upkeep\n|turn|4\n|\n|t:|1782889102\n|move|p1a: Meganium|Energy Ball|p2a: Milotic\n|-supereffective|p2a: Milotic\n|-damage|p2a: Milotic|153/293\n|move|p2a: Milotic|Ice Beam|p1a: Meganium\n|-supereffective|p1a: Meganium\n|-damage|p1a: Meganium|167/290\n|\n|-heal|p1a: Meganium|185/290|[from] item: Leftovers\n|-heal|p2a: Milotic|171/293|[from] item: Leftovers\n|upkeep\n|turn|5\n|\n|t:|1782889106\n|move|p1a: Meganium|Knock Off|p2a: Milotic\n|-damage|p2a: Milotic|88/293\n|-enditem|p2a: Milotic|Leftovers|[from] move: Knock Off|[of] p1a: Meganium\n|move|p2a: Milotic|Recover|p2a: Milotic\n|-heal|p2a: Milotic|235/293\n|\n|-heal|p1a: Meganium|203/290|[from] item: Leftovers\n|upkeep\n|turn|6\n|\n|t:|1782889110\n|move|p1a: Meganium|Energy Ball|p2a: Milotic\n|-supereffective|p2a: Milotic\n|-damage|p2a: Milotic|83/293\n|move|p2a: Milotic|Ice Beam|p1a: Meganium\n|-supereffective|p1a: Meganium\n|-damage|p1a: Meganium|95/290\n|-status|p1a: Meganium|frz\n|\n|-heal|p1a: Meganium|113/290 frz|[from] item: Leftovers\n|upkeep\n|turn|7\n|c|\u2606lilboymp4|ok\n|\n|t:|1782889117\n|cant|p1a: Meganium|frz\n|move|p2a: Milotic|Recover|p2a: Milotic\n|-heal|p2a: Milotic|230/293\n|\n|-heal|p1a: Meganium|131/290 frz|[from] item: Leftovers\n|upkeep\n|turn|8\n|\n|t:|1782889120\n|cant|p1a: Meganium|frz\n|move|p2a: Milotic|Ice Beam|p1a: Meganium\n|-supereffective|p1a: Meganium\n|-damage|p1a: Meganium|23/290 frz\n|\n|-heal|p1a: Meganium|41/290 frz|[from] item: Leftovers\n|upkeep\n|turn|9\n|\n|t:|1782889123\n|cant|p1a: Meganium|frz\n|move|p2a: Milotic|Ice Beam|p1a: Meganium\n|-supereffective|p1a: Meganium\n|-damage|p1a: Meganium|0 fnt\n|faint|p1a: Meganium\n|\n|upkeep\n|\n|t:|1782889138\n|switch|p1a: Banette|Banette, L93, F|270/270\n|turn|10\n|\n|t:|1782889147\n|move|p2a: Milotic|Scald|p1a: Banette\n|-damage|p1a: Banette|171/270\n|move|p1a: Banette|Gunk Shot|p2a: Milotic|[miss]\n|-miss|p1a: Banette|p2a: Milotic\n|\n|upkeep\n|turn|11\n|\n|t:|1782889152\n|move|p2a: Milotic|Scald|p1a: Banette\n|-crit|p1a: Banette\n|-damage|p1a: Banette|17/270\n|-status|p1a: Banette|brn\n|move|p1a: Banette|Gunk Shot|p2a: Milotic\n|-crit|p2a: Milotic\n|-damage|p2a: Milotic|94/293\n|-status|p2a: Milotic|psn\n|-damage|p1a: Banette|0 fnt|[from] item: Life Orb\n|faint|p1a: Banette\n|\n|-damage|p2a: Milotic|58/293 psn|[from] psn\n|upkeep\n|\n|t:|1782889162\n|switch|p1a: Primarina|Primarina, L83, F|268/268\n|turn|12\n|\n|t:|1782889165\n|move|p2a: Milotic|Recover|p2a: Milotic\n|-heal|p2a: Milotic|205/293 psn\n|move|p1a: Primarina|Calm Mind|p1a: Primarina\n|-boost|p1a: Primarina|spa|1\n|-boost|p1a: Primarina|spd|1\n|\n|-damage|p2a: Milotic|169/293 psn|[from] psn\n|upkeep\n|turn|13\n|\n|t:|1782889179\n|switch|p2a: Bronzong|Bronzong, L88|261/261\n|move|p1a: Primarina|Moonblast|p2a: Bronzong\n|-resisted|p2a: Bronzong\n|-damage|p2a: Bronzong|189/261\n|-unboost|p2a: Bronzong|spa|1\n|\n|-heal|p2a: Bronzong|205/261|[from] item: Leftovers\n|upkeep\n|turn|14\n|\n|t:|1782889188\n|move|p1a: Primarina|Psychic Noise|p2a: Bronzong\n|-damage|p2a: Bronzong|103/261\n|-start|p2a: Bronzong|move: Heal Block\n|move|p2a: Bronzong|Hypnosis|p1a: Primarina|[miss]\n|-miss|p2a: Bronzong|p1a: Primarina\n|\n|upkeep\n|turn|15\n|\n|t:|1782889193\n|move|p1a: Primarina|Psychic Noise|p2a: Bronzong\n|-damage|p2a: Bronzong|0 fnt\n|faint|p2a: Bronzong\n|\n|upkeep\n|\n|t:|1782889196\n|switch|p2a: Alcremie|Alcremie-Ruby-Swirl, L90, F|263/263\n|turn|16\n|\n|t:|1782889201\n|move|p2a: Alcremie|Calm Mind|p2a: Alcremie\n|-boost|p2a: Alcremie|spa|1\n|-boost|p2a: Alcremie|spd|1\n|move|p1a: Primarina|Moonblast|p2a: Alcremie\n|-damage|p2a: Alcremie|181/263\n|\n|-heal|p2a: Alcremie|197/263|[from] item: Leftovers\n|upkeep\n|turn|17\n|\n|t:|1782889204\n|move|p2a: Alcremie|Calm Mind|p2a: Alcremie\n|-boost|p2a: Alcremie|spa|1\n|-boost|p2a: Alcremie|spd|1\n|move|p1a: Primarina|Calm Mind|p1a: Primarina\n|-boost|p1a: Primarina|spa|1\n|-boost|p1a: Primarina|spd|1\n|\n|-heal|p2a: Alcremie|213/263|[from] item: Leftovers\n|upkeep\n|turn|18\n|\n|t:|1782889209\n|move|p2a: Alcremie|Calm Mind|p2a: Alcremie\n|-boost|p2a: Alcremie|spa|1\n|-boost|p2a: Alcremie|spd|1\n|move|p1a: Primarina|Calm Mind|p1a: Primarina\n|-boost|p1a: Primarina|spa|1\n|-boost|p1a: Primarina|spd|1\n|\n|-heal|p2a: Alcremie|229/263|[from] item: Leftovers\n|upkeep\n|turn|19\n|\n|t:|1782889218\n|move|p2a: Alcremie|Alluring Voice|p1a: Primarina\n|-damage|p1a: Primarina|177/268\n|move|p1a: Primarina|Calm Mind|p1a: Primarina\n|-boost|p1a: Primarina|spa|1\n|-boost|p1a: Primarina|spd|1\n|\n|-heal|p2a: Alcremie|245/263|[from] item: Leftovers\n|-heal|p1a: Primarina|193/268|[from] item: Leftovers\n|upkeep\n|turn|20\n|\n|t:|1782889226\n|-terastallize|p1a: Primarina|Steel\n|move|p2a: Alcremie|Alluring Voice|p1a: Primarina\n|-resisted|p1a: Primarina\n|-damage|p1a: Primarina|153/268\n|move|p1a: Primarina|Moonblast|p2a: Alcremie\n|-damage|p2a: Alcremie|140/263\n|-unboost|p2a: Alcremie|spa|1\n|\n|-heal|p2a: Alcremie|156/263|[from] item: Leftovers\n|-heal|p1a: Primarina|169/268|[from] item: Leftovers\n|upkeep\n|turn|21\n|\n|t:|1782889229\n|move|p2a: Alcremie|Recover|p2a: Alcremie\n|-heal|p2a: Alcremie|263/263\n|move|p1a: Primarina|Moonblast|p2a: Alcremie\n|-damage|p2a: Alcremie|151/263\n|\n|-heal|p2a: Alcremie|167/263|[from] item: Leftovers\n|-heal|p1a: Primarina|185/268|[from] item: Leftovers\n|upkeep\n|turn|22\n|\n|t:|1782889233\n|move|p2a: Alcremie|Recover|p2a: Alcremie\n|-heal|p2a: Alcremie|263/263\n|move|p1a: Primarina|Calm Mind|p1a: Primarina\n|-boost|p1a: Primarina|spa|1\n|-boost|p1a: Primarina|spd|1\n|\n|-heal|p1a: Primarina|201/268|[from] item: Leftovers\n|upkeep\n|turn|23\n|\n|t:|1782889236\n|move|p2a: Alcremie|Calm Mind|p2a: Alcremie\n|-boost|p2a: Alcremie|spa|1\n|-boost|p2a: Alcremie|spd|1\n|move|p1a: Primarina|Moonblast|p2a: Alcremie\n|-damage|p2a: Alcremie|149/263\n|-unboost|p2a: Alcremie|spa|1\n|\n|-heal|p2a: Alcremie|165/263|[from] item: Leftovers\n|-heal|p1a: Primarina|217/268|[from] item: Leftovers\n|upkeep\n|turn|24\n|\n|t:|1782889242\n|move|p2a: Alcremie|Recover|p2a: Alcremie\n|-heal|p2a: Alcremie|263/263\n|move|p1a: Primarina|Moonblast|p2a: Alcremie\n|-damage|p2a: Alcremie|166/263\n|-unboost|p2a: Alcremie|spa|1\n|\n|-heal|p2a: Alcremie|182/263|[from] item: Leftovers\n|-heal|p1a: Primarina|233/268|[from] item: Leftovers\n|upkeep\n|turn|25\n|\n|t:|1782889246\n|move|p2a: Alcremie|Recover|p2a: Alcremie\n|-heal|p2a: Alcremie|263/263\n|move|p1a: Primarina|Moonblast|p2a: Alcremie\n|-damage|p2a: Alcremie|155/263\n|-unboost|p2a: Alcremie|spa|1\n|\n|-heal|p2a: Alcremie|171/263|[from] item: Leftovers\n|-heal|p1a: Primarina|249/268|[from] item: Leftovers\n|upkeep\n|turn|26\n|\n|t:|1782889251\n|move|p2a: Alcremie|Recover|p2a: Alcremie\n|-heal|p2a: Alcremie|263/263\n|move|p1a: Primarina|Moonblast|p2a: Alcremie\n|-damage|p2a: Alcremie|151/263\n|\n|-heal|p2a: Alcremie|167/263|[from] item: Leftovers\n|-heal|p1a: Primarina|265/268|[from] item: Leftovers\n|upkeep\n|turn|27\n|\n|t:|1782889255\n|move|p2a: Alcremie|Recover|p2a: Alcremie\n|-heal|p2a: Alcremie|263/263\n|move|p1a: Primarina|Moonblast|p2a: Alcremie\n|-damage|p2a: Alcremie|152/263\n|-unboost|p2a: Alcremie|spa|1\n|\n|-heal|p2a: Alcremie|168/263|[from] item: Leftovers\n|-heal|p1a: Primarina|268/268|[from] item: Leftovers\n|upkeep\n|turn|28\n|\n|t:|1782889257\n|move|p2a: Alcremie|Recover|p2a: Alcremie\n|-heal|p2a: Alcremie|263/263\n|move|p1a: Primarina|Moonblast|p2a: Alcremie\n|-damage|p2a: Alcremie|149/263\n|\n|-heal|p2a: Alcremie|165/263|[from] item: Leftovers\n|upkeep\n|turn|29\n|\n|t:|1782889259\n|move|p2a: Alcremie|Recover|p2a: Alcremie\n|-heal|p2a: Alcremie|263/263\n|move|p1a: Primarina|Moonblast|p2a: Alcremie\n|-damage|p2a: Alcremie|161/263\n|\n|-heal|p2a: Alcremie|177/263|[from] item: Leftovers\n|upkeep\n|turn|30\n|\n|t:|1782889265\n|move|p2a: Alcremie|Calm Mind|p2a: Alcremie\n|-boost|p2a: Alcremie|spa|1\n|-boost|p2a: Alcremie|spd|1\n|move|p1a: Primarina|Calm Mind|p1a: Primarina\n|-boost|p1a: Primarina|spa|1\n|-boost|p1a: Primarina|spd|1\n|\n|-heal|p2a: Alcremie|193/263|[from] item: Leftovers\n|upkeep\n|turn|31\n|\n|t:|1782889269\n|move|p2a: Alcremie|Calm Mind|p2a: Alcremie\n|-boost|p2a: Alcremie|spa|1\n|-boost|p2a: Alcremie|spd|1\n|move|p1a: Primarina|Moonblast|p2a: Alcremie\n|-damage|p2a: Alcremie|99/263\n|\n|-heal|p2a: Alcremie|115/263|[from] item: Leftovers\n|upkeep\n|turn|32\n|\n|t:|1782889272\n|move|p2a: Alcremie|Alluring Voice|p1a: Primarina\n|-resisted|p1a: Primarina\n|-damage|p1a: Primarina|250/268\n|move|p1a: Primarina|Moonblast|p2a: Alcremie\n|-damage|p2a: Alcremie|18/263\n|\n|-heal|p2a: Alcremie|34/263|[from] item: Leftovers\n|-heal|p1a: Primarina|266/268|[from] item: Leftovers\n|upkeep\n|turn|33\n|\n|t:|1782889279\n|move|p2a: Alcremie|Alluring Voice|p1a: Primarina\n|-resisted|p1a: Primarina\n|-damage|p1a: Primarina|248/268\n|move|p1a: Primarina|Draining Kiss|p2a: Alcremie\n|-damage|p2a: Alcremie|0 fnt\n|-heal|p1a: Primarina|268/268|[from] drain|[of] p2a: Alcremie\n|faint|p2a: Alcremie\n|\n|upkeep\n|\n|t:|1782889280\n|switch|p2a: Keldeo|Keldeo-Resolute, L79|273/273\n|turn|34\n|\n|t:|1782889285\n|-terastallize|p2a: Keldeo|Water\n|move|p2a: Keldeo|Secret Sword|p1a: Primarina\n|-supereffective|p1a: Primarina\n|-damage|p1a: Primarina|0 fnt\n|faint|p1a: Primarina\n|\n|upkeep\n|\n|t:|1782889303\n|switch|p1a: Tornadus|Tornadus-Therian, L79, M|254/254\n|turn|35\n|\n|t:|1782889311\n|switch|p2a: Bellibolt|Bellibolt, L84, M|248/320\n|move|p1a: Tornadus|Bleakwind Storm|p2a: Bellibolt|[miss]\n|-miss|p1a: Tornadus|p2a: Bellibolt\n|\n|upkeep\n|turn|36\n|\n|t:|1782889321\n|switch|p1a: Skarmory|Skarmory, L80, F|235/235\n|move|p2a: Bellibolt|Thunderbolt|p1a: Skarmory\n|-supereffective|p1a: Skarmory\n|-ability|p1a: Skarmory|Sturdy\n|-damage|p1a: Skarmory|1/235\n|\n|upkeep\n|turn|37\n|\n|t:|1782889326\n|move|p1a: Skarmory|Stealth Rock|p2a: Bellibolt\n|-sidestart|p2: jnpr010334|move: Stealth Rock\n|move|p2a: Bellibolt|Slack Off|p2a: Bellibolt\n|-heal|p2a: Bellibolt|320/320\n|\n|upkeep\n|turn|38\n|\n|t:|1782889331\n|move|p1a: Skarmory|Body Press|p2a: Bellibolt\n|-damage|p2a: Bellibolt|248/320\n|-start|p2a: Bellibolt|Charge|Body Press|[from] ability: Electromorphosis\n|move|p2a: Bellibolt|Thunderbolt|p1a: Skarmory\n|-supereffective|p1a: Skarmory\n|-damage|p1a: Skarmory|0 fnt\n|faint|p1a: Skarmory\n|-end|p2a: Bellibolt|Charge|[silent]\n|\n|upkeep\n|\n|t:|1782889342\n|switch|p1a: Weavile|Weavile, L79, M|240/240\n|turn|39\n|\n|t:|1782889347\n|move|p1a: Weavile|Swords Dance|p1a: Weavile\n|-boost|p1a: Weavile|atk|2\n|move|p2a: Bellibolt|Thunderbolt|p1a: Weavile\n|-damage|p1a: Weavile|135/240\n|\n|upkeep\n|turn|40\n|\n|t:|1782889354\n|move|p1a: Weavile|Triple Axel|p2a: Bellibolt|[miss]\n|-miss|p1a: Weavile|p2a: Bellibolt\n|move|p2a: Bellibolt|Thunderbolt|p1a: Weavile\n|-damage|p1a: Weavile|17/240\n|\n|upkeep\n|turn|41\n|\n|t:|1782889358\n|move|p1a: Weavile|Triple Axel|p2a: Bellibolt\n|-damage|p2a: Bellibolt|206/320\n|-start|p2a: Bellibolt|Charge|Triple Axel|[from] ability: Electromorphosis\n|-damage|p2a: Bellibolt|125/320\n|-start|p2a: Bellibolt|Charge|Triple Axel|[from] ability: Electromorphosis\n|-damage|p2a: Bellibolt|0 fnt\n|faint|p2a: Bellibolt\n|-hitcount|p2: Bellibolt|3\n|\n|upkeep\n|\n|t:|1782889359\n|switch|p2a: Keldeo|Keldeo-Resolute, L79, tera:Water|273/273\n|-damage|p2a: Keldeo|239/273|[from] Stealth Rock\n|turn|42\n|\n|t:|1782889365\n|move|p2a: Keldeo|Vacuum Wave|p1a: Weavile\n|-supereffective|p1a: Weavile\n|-damage|p1a: Weavile|0 fnt\n|faint|p1a: Weavile\n|\n|upkeep\n|\n|t:|1782889367\n|switch|p1a: Tornadus|Tornadus-Therian, L79, M|254/254\n|turn|43\n|\n|t:|1782889380\n|switch|p2a: Milotic|Milotic, L83, F|169/293 psn\n|-damage|p2a: Milotic|133/293 psn|[from] Stealth Rock\n|move|p1a: Tornadus|Bleakwind Storm|p2a: Milotic\n|-crit|p2a: Milotic\n|-damage|p2a: Milotic|18/293 psn\n|\n|-damage|p2a: Milotic|0 fnt|[from] psn\n|faint|p2a: Milotic\n|upkeep\n|\n|t:|1782889384\n|switch|p2a: Baxcalibur|Baxcalibur, L75, M|127/295\n|-damage|p2a: Baxcalibur|54/295|[from] Stealth Rock\n|turn|44\n|c|\u2606lilboymp4|this game is just dumb\n|c|\u2606lilboymp4|i only miss\n|inactive|lilboymp4 has 120 seconds left.\n|\n|t:|1782889415\n|move|p1a: Tornadus|Nasty Plot|p1a: Tornadus\n|-boost|p1a: Tornadus|spa|2\n|move|p2a: Baxcalibur|Scale Shot|p1a: Tornadus\n|-damage|p1a: Tornadus|220/254\n|-damage|p1a: Tornadus|187/254\n|-hitcount|p1a: Tornadus|2\n|-unboost|p2a: Baxcalibur|def|1\n|-boost|p2a: Baxcalibur|spe|1\n|\n|upkeep\n|turn|45\n|\n|t:|1782889424\n|move|p2a: Baxcalibur|Icicle Spear|p1a: Tornadus\n|-supereffective|p1a: Tornadus\n|-damage|p1a: Tornadus|121/254\n|-supereffective|p1a: Tornadus\n|-damage|p1a: Tornadus|47/254\n|-supereffective|p1a: Tornadus\n|-damage|p1a: Tornadus|0 fnt\n|faint|p1a: Tornadus\n|-hitcount|p1: Tornadus|3\n|\n|win|jnpr010334\n|raw|lilboymp4's rating: 1840 &rarr; <strong>1826</strong><br />(-14 for losing)\n|raw|jnpr010334's rating: 1950 &rarr; <strong>1964</strong><br />(+14 for winning)\n", "inputlog": ">version f8ac14003a5f27e1bdc8d8c59608a773c1cb96e5\n>start {\"formatid\":\"gen9randombattle\",\"seed\":\"sodium,07d35df752972383f445491b9ef5ab88\",\"rated\":\"Rated battle\"}\n>player p1 {\"name\":\"lilboymp4\",\"avatar\":\"2\",\"rating\":1840,\"seed\":\"sodium,690625603cb97905063c2a839ad9027f\"}\n>player p2 {\"name\":\"jnpr010334\",\"avatar\":\"265\",\"rating\":1901,\"seed\":\"sodium,cf0d228cd95a8c96fa8f919f7abf9163\"}\n>p1 move knockoff\n>p2 move voltswitch\n>p2 switch 6\n>p1 move knockoff\n>p2 move swordsdance\n>p1 move dragontail\n>p2 move swordsdance\n>p1 move energyball\n>p2 move icebeam\n>p1 move knockoff\n>p2 move recover\n>p1 move energyball\n>p2 move icebeam\n>chat \u2606lilboymp4|ok\n>p1 move energyball\n>p2 move recover\n>p1 move energyball\n>p2 move icebeam\n>p1 move energyball\n>p2 move icebeam\n>p1 switch 3\n>p1 move gunkshot\n>p2 move scald\n>p1 move gunkshot\n>p2 move scald\n>p1 switch 6\n>p1 move calmmind\n>p2 move recover\n>p1 move moonblast\n>p2 switch 3\n>p1 move psychicnoise\n>p2 move hypnosis\n>p1 move psychicnoise\n>p2 move ironhead\n>p2 switch 5\n>p1 move moonblast\n>p2 move calmmind\n>p1 move calmmind\n>p2 move calmmind\n>p1 move calmmind\n>p2 move calmmind\n>p1 move calmmind\n>p2 move alluringvoice\n>p1 move moonblast terastallize\n>p2 move alluringvoice\n>p1 move moonblast\n>p2 move recover\n>p1 move calmmind\n>p2 move recover\n>p1 move moonblast\n>p2 move calmmind\n>p1 move moonblast\n>p2 move recover\n>p1 move moonblast\n>p2 move recover\n>p1 move moonblast\n>p2 move recover\n>p1 move moonblast\n>p2 move recover\n>p1 move moonblast\n>p2 move recover\n>p1 move moonblast\n>p2 move recover\n>p1 move calmmind\n>p2 move calmmind\n>p1 move moonblast\n>p2 move calmmind\n>p1 move moonblast\n>p2 move alluringvoice\n>p1 move drainingkiss\n>p2 move alluringvoice\n>p2 switch 4\n>p1 move moonblast\n>p2 move secretsword terastallize\n>p1 switch 2\n>p1 move bleakwindstorm\n>p2 switch 6\n>p1 switch 4\n>p2 move thunderbolt\n>p1 move stealthrock\n>p2 move slackoff\n>p1 move bodypress\n>p2 move thunderbolt\n>p1 switch 5\n>p1 move swordsdance\n>p2 move thunderbolt\n>p1 move tripleaxel\n>p2 move thunderbolt\n>p1 move tripleaxel\n>p2 move thunderbolt\n>p2 switch 6\n>p1 move knockoff\n>p2 move vacuumwave\n>p1 switch 4\n>p1 move bleakwindstorm\n>p2 switch 3\n>p2 switch 2\n>chat \u2606lilboymp4|this game is just dumb \n>chat \u2606lilboymp4|i only miss\n>p1 move nastyplot\n>p2 move scaleshot\n>p1 move bleakwindstorm\n>p2 move iciclespear", "uploadtime": 1782889424, "views": 2, "formatid": "gen9randombattle", "rating": 1826, "private": 0, "password": null, "player_dets": [{"name": "lilboymp4", "avatar": "2", "rating": 1840, "seed": "sodium,690625603cb97905063c2a839ad9027f"}, {"name": "jnpr010334", "avatar": "265", "rating": 1901, "seed": "sodium,cf0d228cd95a8c96fa8f919f7abf9163"}], "teams_full": [{"Meganium": {"name": "Meganium", "species": "Meganium", "speciesId": "meganium", "gender": "F", "shiny": false, "level": 90, "moves": ["dragontail", "energyball", "knockoff", "synthesis"], "ability": "Overgrow", "evs": {"hp": 85, "atk": 85, "def": 85, "spa": 85, "spd": 85, "spe": 85}, "ivs": {"hp": 31, "atk": 31, "def": 31, "spa": 31, "spd": 31, "spe": 31}, "item": "Leftovers", "teraType": "Water", "role": "Bulky Attacker", "bvs": {"hp": 80, "atk": 82, "def": 100, "spa": 83, "spd": 100, "spe": 80}, "stats": {"hp": 290, "atk": 199, "def": 231, "spa": 201, "spd": 231, "spe": 195}, "types": ["Grass"]}, "Tornadus": {"name": "Tornadus", "species": "Tornadus-Therian", "speciesId": "tornadustherian", "gender": "M", "shiny": false, "level": 79, "moves": ["heatwave", "bleakwindstorm", "focusblast", "nastyplot"], "ability": "Regenerator", "evs": {"hp": 85, "atk": 0, "def": 85, "spa": 85, "spd": 85, "spe": 85}, "ivs": {"hp": 31, "atk": 0, "def": 31, "spa": 31, "spd": 31, "spe": 31}, "item": "Heavy-Duty Boots", "teraType": "Fire", "role": "Fast Attacker", "bvs": {"hp": 79, "atk": 100, "def": 80, "spa": 110, "spd": 90, "spe": 121}, "stats": {"hp": 254, "atk": 163, "def": 172, "spa": 219, "spd": 188, "spe": 237}, "types": ["Flying"]}, "Banette": {"name": "Banette", "species": "Banette", "speciesId": "banette", "gender": "F", "shiny": false, "level": 93, "moves": ["swordsdance", "poltergeist", "shadowsneak", "gunkshot"], "ability": "Insomnia", "evs": {"hp": 85, "atk": 85, "def": 85, "spa": 85, "spd": 85, "spe": 85}, "ivs": {"hp": 31, "atk": 31, "def": 31, "spa": 31, "spd": 31, "spe": 31}, "item": "Life Orb", "teraType": "Ghost", "role": "Wallbreaker", "bvs": {"hp": 64, "atk": 115, "def": 65, "spa": 83, "spd": 63, "spe": 65}, "stats": {"hp": 270, "atk": 267, "def": 174, "spa": 207, "spd": 170, "spe": 174}, "types": ["Ghost"]}, "Skarmory": {"name": "Skarmory", "species": "Skarmory", "speciesId": "skarmory", "gender": "F", "shiny": false, "level": 80, "moves": ["roost", "stealthrock", "bodypress", "bravebird"], "ability": "Sturdy", "evs": {"hp": 85, "atk": 85, "def": 85, "spa": 85, "spd": 85, "spe": 85}, "ivs": {"hp": 31, "atk": 31, "def": 31, "spa": 31, "spd": 31, "spe": 31}, "item": "Rocky Helmet", "teraType": "Fighting", "role": "Bulky Attacker", "bvs": {"hp": 65, "atk": 80, "def": 140, "spa": 40, "spd": 70, "spe": 70}, "stats": {"hp": 235, "atk": 174, "def": 270, "spa": 110, "spd": 158, "spe": 158}, "types": ["Steel", "Flying"]}, "Weavile": {"name": "Weavile", "species": "Weavile", "speciesId": "weavile", "gender": "M", "shiny": false, "level": 79, "moves": ["lowkick", "knockoff", "swordsdance", "tripleaxel"], "ability": "Pickpocket", "evs": {"hp": 85, "atk": 85, "def": 85, "spa": 85, "spd": 85, "spe": 85}, "ivs": {"hp": 31, "atk": 31, "def": 31, "spa": 31, "spd": 31, "spe": 31}, "item": "Heavy-Duty Boots", "teraType": "Dark", "role": "Fast Attacker", "bvs": {"hp": 70, "atk": 120, "def": 65, "spa": 45, "spd": 85, "spe": 125}, "stats": {"hp": 240, "atk": 235, "def": 148, "spa": 117, "spd": 180, "spe": 243}, "types": ["Dark", "Ice"]}, "Primarina": {"name": "Primarina", "species": "Primarina", "speciesId": "primarina", "gender": "F", "shiny": false, "level": 83, "moves": ["moonblast", "calmmind", "drainingkiss", "psychicnoise"], "ability": "Liquid Voice", "evs": {"hp": 85, "atk": 0, "def": 85, "spa": 85, "spd": 85, "spe": 85}, "ivs": {"hp": 31, "atk": 0, "def": 31, "spa": 31, "spd": 31, "spe": 31}, "item": "Leftovers", "teraType": "Steel", "role": "Bulky Setup", "bvs": {"hp": 80, "atk": 74, "def": 74, "spa": 126, "spd": 116, "spe": 60}, "stats": {"hp": 268, "atk": 127, "def": 171, "spa": 257, "spd": 240, "spe": 147}, "types": ["Water", "Fairy"]}}, {"Bellibolt": {"name": "Bellibolt", "species": "Bellibolt", "speciesId": "bellibolt", "gender": "M", "shiny": false, "level": 84, "moves": ["thunderbolt", "voltswitch", "slackoff", "muddywater"], "ability": "Electromorphosis", "evs": {"hp": 85, "atk": 0, "def": 85, "spa": 85, "spd": 85, "spe": 85}, "ivs": {"hp": 31, "atk": 0, "def": 31, "spa": 31, "spd": 31, "spe": 31}, "item": "Leftovers", "teraType": "Electric", "role": "Bulky Attacker", "bvs": {"hp": 109, "atk": 64, "def": 91, "spa": 103, "spd": 83, "spe": 45}, "stats": {"hp": 320, "atk": 112, "def": 201, "spa": 221, "spd": 188, "spe": 124}, "types": ["Electric"]}, "Milotic": {"name": "Milotic", "species": "Milotic", "speciesId": "milotic", "gender": "F", "shiny": false, "level": 83, "moves": ["recover", "scald", "icebeam", "dragontail"], "ability": "Competitive", "evs": {"hp": 85, "atk": 85, "def": 85, "spa": 85, "spd": 85, "spe": 85}, "ivs": {"hp": 31, "atk": 31, "def": 31, "spa": 31, "spd": 31, "spe": 31}, "item": "Leftovers", "teraType": "Steel", "role": "Bulky Attacker", "bvs": {"hp": 95, "atk": 60, "def": 79, "spa": 100, "spd": 125, "spe": 81}, "stats": {"hp": 293, "atk": 147, "def": 179, "spa": 214, "spd": 255, "spe": 182}, "types": ["Water"]}, "Bronzong": {"name": "Bronzong", "species": "Bronzong", "speciesId": "bronzong", "gender": "N", "shiny": false, "level": 88, "moves": ["ironhead", "stealthrock", "psychic", "hypnosis"], "ability": "Levitate", "evs": {"hp": 85, "atk": 85, "def": 85, "spa": 85, "spd": 85, "spe": 85}, "ivs": {"hp": 31, "atk": 31, "def": 31, "spa": 31, "spd": 31, "spe": 31}, "item": "Leftovers", "teraType": "Electric", "role": "Bulky Support", "bvs": {"hp": 67, "atk": 89, "def": 116, "spa": 79, "spd": 116, "spe": 33}, "stats": {"hp": 261, "atk": 207, "def": 254, "spa": 189, "spd": 254, "spe": 108}, "types": ["Steel", "Psychic"]}, "Keldeo": {"name": "Keldeo", "species": "Keldeo-Resolute", "speciesId": "keldeoresolute", "gender": "N", "shiny": false, "level": 79, "moves": ["secretsword", "airslash", "hydropump", "vacuumwave"], "ability": "Justified", "evs": {"hp": 85, "atk": 0, "def": 85, "spa": 85, "spd": 85, "spe": 85}, "ivs": {"hp": 31, "atk": 0, "def": 31, "spa": 31, "spd": 31, "spe": 31}, "item": "Choice Specs", "teraType": "Water", "role": "Fast Attacker", "bvs": {"hp": 91, "atk": 72, "def": 90, "spa": 129, "spd": 90, "spe": 108}, "stats": {"hp": 273, "atk": 118, "def": 188, "spa": 249, "spd": 188, "spe": 216}, "types": ["Water", "Fighting"]}, "Alcremie": {"name": "Alcremie", "species": "Alcremie-Ruby-Swirl", "speciesId": "alcremie", "gender": "F", "shiny": false, "level": 90, "moves": ["calmmind", "alluringvoice", "recover", "terablast"], "ability": "Aroma Veil", "evs": {"hp": 85, "atk": 0, "def": 85, "spa": 85, "spd": 85, "spe": 85}, "ivs": {"hp": 31, "atk": 0, "def": 31, "spa": 31, "spd": 31, "spe": 31}, "item": "Leftovers", "teraType": "Ground", "role": "Tera Blast user", "bvs": {"hp": 65, "atk": 60, "def": 75, "spa": 110, "spd": 121, "spe": 64}, "stats": {"hp": 263, "atk": 113, "def": 186, "spa": 249, "spd": 269, "spe": 167}, "types": ["Fairy"]}, "Baxcalibur": {"name": "Baxcalibur", "species": "Baxcalibur", "speciesId": "baxcalibur", "gender": "M", "shiny": false, "level": 75, "moves": ["earthquake", "scaleshot", "iciclespear", "swordsdance"], "ability": "Thermal Exchange", "evs": {"hp": 81, "atk": 85, "def": 85, "spa": 85, "spd": 85, "spe": 85}, "ivs": {"hp": 31, "atk": 31, "def": 31, "spa": 31, "spd": 31, "spe": 31}, "item": "Loaded Dice", "teraType": "Dragon", "role": "Bulky Setup", "bvs": {"hp": 115, "atk": 145, "def": 92, "spa": 75, "spd": 86, "spe": 87}, "stats": {"hp": 295, "atk": 261, "def": 182, "spa": 156, "spd": 173, "spe": 174}, "types": ["Dragon", "Ice"]}}]}