{"id": "gen9randombattle-2642194354", "format": "[Gen 9] Random Battle", "players": ["the bot ai", "forcemajor14"], "log": "|j|\u2606the bot ai\n|j|\u2606forcemajor14\n|t:|1782908858\n|gametype|singles\n|player|p1|the bot ai|169|1958\n|player|p2|forcemajor14|266|2026\n|gen|9\n|tier|[Gen 9] Random Battle\n|rated|\n|rule|Species Clause: Limit one of each Pok\u00e9mon\n|rule|HP Percentage Mod: HP is shown in percentages\n|rule|Sleep Clause Mod: Limit one foe put to sleep\n|rule|Illusion Level Mod: Illusion disguises the Pok\u00e9mon's true level\n|\n|t:|1782908858\n|teamsize|p1|6\n|teamsize|p2|6\n|start\n|switch|p1a: Crabominable|Crabominable, L90, M|321/321\n|switch|p2a: Garchomp|Garchomp, L74, M|282/282\n|turn|1\n|inactive|Battle timer is ON: inactive players will automatically lose when time's up. (requested by forcemajor14)\n|\n|t:|1782908871\n|move|p2a: Garchomp|Stealth Rock|p1a: Crabominable\n|-sidestart|p1: the bot ai|move: Stealth Rock\n|move|p1a: Crabominable|Knock Off|p2a: Garchomp\n|-damage|p2a: Garchomp|127/282\n|-damage|p1a: Crabominable|281/321|[from] ability: Rough Skin|[of] p2a: Garchomp\n|-damage|p1a: Crabominable|228/321|[from] item: Rocky Helmet|[of] p2a: Garchomp\n|-enditem|p2a: Garchomp|Rocky Helmet|[from] move: Knock Off|[of] p1a: Crabominable\n|\n|upkeep\n|turn|2\n|\n|t:|1782908881\n|move|p2a: Garchomp|Outrage|p1a: Crabominable\n|-damage|p1a: Crabominable|105/321\n|move|p1a: Crabominable|Knock Off|p2a: Garchomp\n|-damage|p2a: Garchomp|25/282\n|-damage|p1a: Crabominable|65/321|[from] ability: Rough Skin|[of] p2a: Garchomp\n|\n|upkeep\n|turn|3\n|\n|t:|1782908890\n|move|p2a: Garchomp|Outrage|p1a: Crabominable|[from] lockedmove\n|-damage|p1a: Crabominable|0 fnt\n|faint|p1a: Crabominable\n|\n|upkeep\n|\n|t:|1782908899\n|switch|p1a: Eternatus|Eternatus, L69|308/308\n|-damage|p1a: Eternatus|270/308|[from] Stealth Rock\n|-ability|p1a: Eternatus|Pressure\n|turn|4\n|\n|t:|1782908901\n|move|p1a: Eternatus|Dynamax Cannon|p2a: Garchomp\n|-supereffective|p2a: Garchomp\n|-damage|p2a: Garchomp|0 fnt\n|faint|p2a: Garchomp\n|\n|upkeep\n|\n|t:|1782908903\n|switch|p2a: Dewgong|Dewgong, L94, F|322/322\n|turn|5\n|\n|t:|1782908917\n|-terastallize|p1a: Eternatus|Water\n|move|p1a: Eternatus|Toxic|p2a: Dewgong|[miss]\n|-miss|p1a: Eternatus|p2a: Dewgong\n|move|p2a: Dewgong|Triple Axel|p1a: Eternatus|[miss]\n|-miss|p2a: Dewgong|p1a: Eternatus\n|\n|upkeep\n|turn|6\n|\n|t:|1782908923\n|move|p1a: Eternatus|Toxic|p2a: Dewgong\n|-status|p2a: Dewgong|tox\n|move|p2a: Dewgong|Flip Turn|p1a: Eternatus\n|-resisted|p1a: Eternatus\n|-damage|p1a: Eternatus|236/308\n|-damage|p2a: Dewgong|269/322 tox|[from] item: Rocky Helmet|[of] p1a: Eternatus\n|\n|t:|1782908925\n|switch|p2a: Azumarill|Azumarill, L82, F|298/298|[from] Flip Turn\n|\n|upkeep\n|turn|7\n|\n|t:|1782908931\n|move|p1a: Eternatus|Toxic|p2a: Azumarill\n|-status|p2a: Azumarill|tox\n|move|p2a: Azumarill|Play Rough|p1a: Eternatus\n|-damage|p1a: Eternatus|41/308\n|-damage|p2a: Azumarill|249/298 tox|[from] item: Rocky Helmet|[of] p1a: Eternatus\n|\n|-damage|p2a: Azumarill|231/298 tox|[from] psn\n|upkeep\n|turn|8\n|\n|t:|1782908942\n|switch|p1a: Swalot|Swalot, L90, M|326/326\n|-damage|p1a: Swalot|286/326|[from] Stealth Rock\n|move|p2a: Azumarill|Play Rough|p1a: Swalot\n|-resisted|p1a: Swalot\n|-damage|p1a: Swalot|200/326\n|\n|-heal|p1a: Swalot|220/326|[from] item: Leftovers\n|-damage|p2a: Azumarill|195/298 tox|[from] psn\n|upkeep\n|turn|9\n|\n|t:|1782908952\n|switch|p2a: Metagross|Metagross, L79|256/256\n|move|p1a: Swalot|Gunk Shot|p2a: Metagross\n|-immune|p2a: Metagross\n|\n|-heal|p1a: Swalot|240/326|[from] item: Leftovers\n|upkeep\n|turn|10\n|\n|t:|1782908962\n|switch|p1a: Exeggutor|Exeggutor, L89, M|312/312\n|-damage|p1a: Exeggutor|273/312|[from] Stealth Rock\n|move|p2a: Metagross|Psychic Fangs|p1a: Exeggutor\n|-resisted|p1a: Exeggutor\n|-damage|p1a: Exeggutor|223/312\n|\n|upkeep\n|turn|11\n|\n|t:|1782908967\n|move|p2a: Metagross|Heavy Slam|p1a: Exeggutor\n|-damage|p1a: Exeggutor|96/312\n|-enditem|p1a: Exeggutor|Sitrus Berry|[eat]\n|-heal|p1a: Exeggutor|174/312|[from] item: Sitrus Berry\n|move|p1a: Exeggutor|Substitute|p1a: Exeggutor\n|-start|p1a: Exeggutor|Substitute\n|-damage|p1a: Exeggutor|96/312\n|\n|-item|p1a: Exeggutor|Sitrus Berry|[from] ability: Harvest\n|upkeep\n|-enditem|p1a: Exeggutor|Sitrus Berry|[eat]\n|-heal|p1a: Exeggutor|174/312|[from] item: Sitrus Berry\n|turn|12\n|\n|t:|1782908982\n|move|p2a: Metagross|Heavy Slam|p1a: Exeggutor\n|-end|p1a: Exeggutor|Substitute\n|move|p1a: Exeggutor|Sleep Powder|p2a: Metagross|[miss]\n|-miss|p1a: Exeggutor|p2a: Metagross\n|\n|upkeep\n|turn|13\n|\n|t:|1782908995\n|move|p2a: Metagross|Heavy Slam|p1a: Exeggutor\n|-damage|p1a: Exeggutor|65/312\n|move|p1a: Exeggutor|Sleep Powder|p2a: Metagross\n|-status|p2a: Metagross|slp|[from] move: Sleep Powder\n|\n|upkeep\n|turn|14\n|\n|t:|1782908998\n|cant|p2a: Metagross|slp\n|move|p1a: Exeggutor|Leech Seed|p2a: Metagross\n|-start|p2a: Metagross|move: Leech Seed\n|\n|-damage|p2a: Metagross|224/256 slp|[from] Leech Seed|[of] p1a: Exeggutor\n|-heal|p1a: Exeggutor|97/312|[silent]\n|-item|p1a: Exeggutor|Sitrus Berry|[from] ability: Harvest\n|upkeep\n|-enditem|p1a: Exeggutor|Sitrus Berry|[eat]\n|-heal|p1a: Exeggutor|175/312|[from] item: Sitrus Berry\n|turn|15\n|\n|t:|1782909004\n|switch|p2a: Masquerain|Masquerain, L87, F|264/264\n|-ability|p2a: Masquerain|Intimidate|boost\n|-unboost|p1a: Exeggutor|atk|1\n|move|p1a: Exeggutor|Substitute|p1a: Exeggutor\n|-start|p1a: Exeggutor|Substitute\n|-damage|p1a: Exeggutor|97/312\n|\n|-item|p1a: Exeggutor|Sitrus Berry|[from] ability: Harvest\n|upkeep\n|-enditem|p1a: Exeggutor|Sitrus Berry|[eat]\n|-heal|p1a: Exeggutor|175/312|[from] item: Sitrus Berry\n|turn|16\n|\n|t:|1782909022\n|switch|p1a: Swalot|Swalot, L90, M|240/326\n|-damage|p1a: Swalot|200/326|[from] Stealth Rock\n|move|p2a: Masquerain|Bug Buzz|p1a: Swalot\n|-resisted|p1a: Swalot\n|-damage|p1a: Swalot|145/326\n|-unboost|p1a: Swalot|spd|1\n|\n|-heal|p1a: Swalot|165/326|[from] item: Leftovers\n|upkeep\n|turn|17\n|\n|t:|1782909031\n|move|p2a: Masquerain|Hurricane|p1a: Swalot\n|-damage|p1a: Swalot|0 fnt\n|faint|p1a: Swalot\n|\n|upkeep\n|\n|t:|1782909035\n|switch|p1a: Dudunsparce|Dudunsparce-Three-Segment, L83, M|343/343\n|-damage|p1a: Dudunsparce|301/343|[from] Stealth Rock\n|turn|18\n|\n|t:|1782909042\n|switch|p2a: Houndstone|Houndstone, L86, M|264/264\n|move|p1a: Dudunsparce|Toxic|p2a: Houndstone\n|-status|p2a: Houndstone|tox\n|\n|-heal|p1a: Dudunsparce|322/343|[from] item: Leftovers\n|-damage|p2a: Houndstone|248/264 tox|[from] psn\n|upkeep\n|turn|19\n|inactive|the bot ai has 120 seconds left.\n|\n|t:|1782909101\n|-terastallize|p2a: Houndstone|Fighting\n|move|p2a: Houndstone|Body Press|p1a: Dudunsparce\n|-supereffective|p1a: Dudunsparce\n|-damage|p1a: Dudunsparce|140/343\n|move|p1a: Dudunsparce|Roost|p1a: Dudunsparce\n|-heal|p1a: Dudunsparce|312/343\n|-singleturn|p1a: Dudunsparce|move: Roost\n|\n|-heal|p2a: Houndstone|264/264 tox|[from] item: Leftovers\n|-heal|p1a: Dudunsparce|333/343|[from] item: Leftovers\n|-damage|p2a: Houndstone|232/264 tox|[from] psn\n|upkeep\n|turn|20\n|\n|t:|1782909109\n|move|p2a: Houndstone|Body Press|p1a: Dudunsparce\n|-supereffective|p1a: Dudunsparce\n|-damage|p1a: Dudunsparce|135/343\n|move|p1a: Dudunsparce|Roost|p1a: Dudunsparce\n|-heal|p1a: Dudunsparce|307/343\n|-singleturn|p1a: Dudunsparce|move: Roost\n|\n|-heal|p2a: Houndstone|248/264 tox|[from] item: Leftovers\n|-heal|p1a: Dudunsparce|328/343|[from] item: Leftovers\n|-damage|p2a: Houndstone|200/264 tox|[from] psn\n|upkeep\n|turn|21\n|\n|t:|1782909112\n|move|p2a: Houndstone|Body Press|p1a: Dudunsparce\n|-supereffective|p1a: Dudunsparce\n|-damage|p1a: Dudunsparce|122/343\n|move|p1a: Dudunsparce|Roost|p1a: Dudunsparce\n|-heal|p1a: Dudunsparce|294/343\n|-singleturn|p1a: Dudunsparce|move: Roost\n|\n|-heal|p2a: Houndstone|216/264 tox|[from] item: Leftovers\n|-heal|p1a: Dudunsparce|315/343|[from] item: Leftovers\n|-damage|p2a: Houndstone|152/264 tox|[from] psn\n|upkeep\n|turn|22\n|\n|t:|1782909116\n|move|p2a: Houndstone|Body Press|p1a: Dudunsparce\n|-supereffective|p1a: Dudunsparce\n|-damage|p1a: Dudunsparce|105/343\n|move|p1a: Dudunsparce|Roost|p1a: Dudunsparce\n|-heal|p1a: Dudunsparce|277/343\n|-singleturn|p1a: Dudunsparce|move: Roost\n|\n|-heal|p2a: Houndstone|168/264 tox|[from] item: Leftovers\n|-heal|p1a: Dudunsparce|298/343|[from] item: Leftovers\n|-damage|p2a: Houndstone|88/264 tox|[from] psn\n|upkeep\n|turn|23\n|\n|t:|1782909121\n|move|p2a: Houndstone|Body Press|p1a: Dudunsparce\n|-supereffective|p1a: Dudunsparce\n|-damage|p1a: Dudunsparce|92/343\n|move|p1a: Dudunsparce|Roost|p1a: Dudunsparce\n|-heal|p1a: Dudunsparce|264/343\n|-singleturn|p1a: Dudunsparce|move: Roost\n|\n|-heal|p2a: Houndstone|104/264 tox|[from] item: Leftovers\n|-heal|p1a: Dudunsparce|285/343|[from] item: Leftovers\n|-damage|p2a: Houndstone|8/264 tox|[from] psn\n|upkeep\n|turn|24\n|\n|t:|1782909123\n|move|p2a: Houndstone|Body Press|p1a: Dudunsparce\n|-supereffective|p1a: Dudunsparce\n|-damage|p1a: Dudunsparce|69/343\n|move|p1a: Dudunsparce|Roost|p1a: Dudunsparce\n|-heal|p1a: Dudunsparce|241/343\n|-singleturn|p1a: Dudunsparce|move: Roost\n|\n|-heal|p2a: Houndstone|24/264 tox|[from] item: Leftovers\n|-heal|p1a: Dudunsparce|262/343|[from] item: Leftovers\n|-damage|p2a: Houndstone|0 fnt|[from] psn\n|faint|p2a: Houndstone\n|upkeep\n|l|\u2606forcemajor14\n|inactive|forcemajor14 disconnected and has a minute to reconnect!\n|player|p2|\n|j|\u2606forcemajor14\n|inactive|forcemajor14 reconnected and has 150 seconds left.\n|player|p2|forcemajor14|266|\n|\n|t:|1782909133\n|switch|p2a: Azumarill|Azumarill, L82, F|195/298 tox\n|turn|25\n|\n|t:|1782909158\n|move|p2a: Azumarill|Aqua Jet|p1a: Dudunsparce\n|-damage|p1a: Dudunsparce|175/343\n|move|p1a: Dudunsparce|Boomburst|p2a: Azumarill\n|-damage|p2a: Azumarill|53/298 tox\n|\n|-heal|p1a: Dudunsparce|196/343|[from] item: Leftovers\n|-damage|p2a: Azumarill|35/298 tox|[from] psn\n|upkeep\n|turn|26\n|\n|t:|1782909164\n|move|p2a: Azumarill|Aqua Jet|p1a: Dudunsparce\n|-damage|p1a: Dudunsparce|112/343\n|move|p1a: Dudunsparce|Roost|p1a: Dudunsparce\n|-heal|p1a: Dudunsparce|284/343\n|-singleturn|p1a: Dudunsparce|move: Roost\n|\n|-heal|p1a: Dudunsparce|305/343|[from] item: Leftovers\n|-damage|p2a: Azumarill|0 fnt|[from] psn\n|faint|p2a: Azumarill\n|upkeep\n|\n|t:|1782909167\n|switch|p2a: Dewgong|Dewgong, L94, F|269/322 tox\n|turn|27\n|\n|t:|1782909180\n|move|p2a: Dewgong|Triple Axel|p1a: Dudunsparce\n|-damage|p1a: Dudunsparce|281/343\n|-damage|p1a: Dudunsparce|235/343\n|-damage|p1a: Dudunsparce|165/343\n|-hitcount|p1a: Dudunsparce|3\n|move|p1a: Dudunsparce|Boomburst|p2a: Dewgong\n|-crit|p2a: Dewgong\n|-damage|p2a: Dewgong|91/322 tox\n|\n|-heal|p1a: Dudunsparce|186/343|[from] item: Leftovers\n|-damage|p2a: Dewgong|71/322 tox|[from] psn\n|upkeep\n|turn|28\n|\n|t:|1782909183\n|move|p2a: Dewgong|Triple Axel|p1a: Dudunsparce\n|-damage|p1a: Dudunsparce|162/343\n|-crit|p1a: Dudunsparce\n|-damage|p1a: Dudunsparce|90/343\n|-damage|p1a: Dudunsparce|26/343\n|-hitcount|p1a: Dudunsparce|3\n|move|p1a: Dudunsparce|Roost|p1a: Dudunsparce\n|-heal|p1a: Dudunsparce|198/343\n|-singleturn|p1a: Dudunsparce|move: Roost\n|\n|-heal|p1a: Dudunsparce|219/343|[from] item: Leftovers\n|-damage|p2a: Dewgong|31/322 tox|[from] psn\n|upkeep\n|turn|29\n|inactive|the bot ai has 120 seconds left.\n|\n|t:|1782909229\n|switch|p1a: Exeggutor|Exeggutor, L89, M|175/312\n|-damage|p1a: Exeggutor|136/312|[from] Stealth Rock\n|move|p2a: Dewgong|Triple Axel|p1a: Exeggutor\n|-supereffective|p1a: Exeggutor\n|-damage|p1a: Exeggutor|92/312\n|-supereffective|p1a: Exeggutor\n|-damage|p1a: Exeggutor|8/312\n|-supereffective|p1a: Exeggutor\n|-damage|p1a: Exeggutor|0 fnt\n|faint|p1a: Exeggutor\n|-hitcount|p1: Exeggutor|3\n|\n|-damage|p2a: Dewgong|0 fnt|[from] psn\n|faint|p2a: Dewgong\n|upkeep\n|\n|t:|1782909238\n|switch|p2a: Metagross|Metagross, L79|224/256 slp\n|switch|p1a: Eternatus|Eternatus, L69, tera:Water|41/308\n|-damage|p1a: Eternatus|3/308|[from] Stealth Rock\n|-ability|p1a: Eternatus|Pressure\n|turn|30\n|\n|t:|1782909242\n|move|p1a: Eternatus|Flamethrower|p2a: Metagross\n|-supereffective|p2a: Metagross\n|-damage|p2a: Metagross|104/256 slp\n|-enditem|p2a: Metagross|Weakness Policy\n|-boost|p2a: Metagross|atk|2|[from] item: Weakness Policy\n|-boost|p2a: Metagross|spa|2|[from] item: Weakness Policy\n|-curestatus|p2a: Metagross|slp|[msg]\n|move|p2a: Metagross|Agility|p2a: Metagross\n|-boost|p2a: Metagross|spe|2\n|\n|upkeep\n|turn|31\n|inactive|the bot ai has 120 seconds left.\n|\n|t:|1782909248\n|move|p2a: Metagross|Earthquake|p1a: Eternatus\n|-damage|p1a: Eternatus|0 fnt\n|faint|p1a: Eternatus\n|\n|upkeep\n|\n|t:|1782909253\n|switch|p1a: Greedent|Greedent, L86, F|347/347\n|-damage|p1a: Greedent|304/347|[from] Stealth Rock\n|turn|32\n|\n|t:|1782909258\n|move|p2a: Metagross|Heavy Slam|p1a: Greedent\n|-damage|p1a: Greedent|43/347\n|-enditem|p1a: Greedent|Sitrus Berry|[eat]\n|-heal|p1a: Greedent|129/347|[from] item: Sitrus Berry\n|-heal|p1a: Greedent|244/347|[from] ability: Cheek Pouch\n|move|p1a: Greedent|Earthquake|p2a: Metagross\n|-supereffective|p2a: Metagross\n|-damage|p2a: Metagross|0 fnt\n|faint|p2a: Metagross\n|\n|upkeep\n|\n|t:|1782909261\n|switch|p2a: Masquerain|Masquerain, L87, F|264/264\n|-ability|p2a: Masquerain|Intimidate|boost\n|-unboost|p1a: Greedent|atk|1\n|turn|33\n|\n|t:|1782909276\n|move|p2a: Masquerain|Hydro Pump|p1a: Greedent\n|-damage|p1a: Greedent|155/347\n|move|p1a: Greedent|Body Slam|p2a: Masquerain\n|-damage|p2a: Masquerain|189/264\n|\n|upkeep\n|turn|34\n|\n|t:|1782909281\n|move|p2a: Masquerain|Hydro Pump|p1a: Greedent|[miss]\n|-miss|p2a: Masquerain|p1a: Greedent\n|move|p1a: Greedent|Body Slam|p2a: Masquerain\n|-damage|p2a: Masquerain|114/264\n|\n|upkeep\n|turn|35\n|\n|t:|1782909286\n|move|p2a: Masquerain|Hydro Pump|p1a: Greedent\n|-damage|p1a: Greedent|56/347\n|move|p1a: Greedent|Body Slam|p2a: Masquerain\n|-damage|p2a: Masquerain|32/264\n|\n|upkeep\n|turn|36\n|\n|t:|1782909289\n|move|p2a: Masquerain|Bug Buzz|p1a: Greedent\n|-damage|p1a: Greedent|0 fnt\n|faint|p1a: Greedent\n|\n|upkeep\n|\n|t:|1782909292\n|switch|p1a: Dudunsparce|Dudunsparce-Three-Segment, L83, M|219/343\n|-damage|p1a: Dudunsparce|177/343|[from] Stealth Rock\n|turn|37\n|\n|t:|1782909296\n|move|p2a: Masquerain|Hydro Pump|p1a: Dudunsparce\n|-damage|p1a: Dudunsparce|78/343\n|move|p1a: Dudunsparce|Boomburst|p2a: Masquerain\n|-damage|p2a: Masquerain|0 fnt\n|faint|p2a: Masquerain\n|\n|win|the bot ai\n|raw|the bot ai's rating: 1958 &rarr; <strong>1987</strong><br />(+29 for winning)\n|raw|forcemajor14's rating: 2124 &rarr; <strong>2095</strong><br />(-29 for losing)\n", "inputlog": ">version f8ac14003a5f27e1bdc8d8c59608a773c1cb96e5\n>start {\"formatid\":\"gen9randombattle\",\"seed\":\"sodium,dd981ea477d191dbbd0430062a80f63f\",\"rated\":\"Rated battle\"}\n>player p1 {\"name\":\"the bot ai\",\"avatar\":\"169\",\"rating\":1958,\"seed\":\"sodium,dcad796e18e8460dd8aeb4e9bb5e2a4f\"}\n>player p2 {\"name\":\"forcemajor14\",\"avatar\":\"266\",\"rating\":2026,\"seed\":\"sodium,46a8e3a73a044613bb38d4e7d1a508a7\"}\n>p1 move knockoff\n>p2 move stealthrock\n>p1 move knockoff\n>p2 move outrage\n>p1 move knockoff\n>p2 move outrage\n>p1 switch 5\n>p1 move dynamaxcannon\n>p2 move outrage\n>p2 switch 6\n>p1 move toxic terastallize\n>p2 move tripleaxel\n>p1 move toxic\n>p2 move flipturn\n>p2 switch 3\n>p1 move toxic\n>p2 move playrough\n>p1 switch 3\n>p2 move playrough\n>p1 move gunkshot\n>p2 switch 4\n>p1 switch 4\n>p2 move psychicfangs\n>p1 move substitute\n>p2 move heavyslam\n>p1 move sleeppowder\n>p2 move heavyslam\n>p1 move sleeppowder\n>p2 move heavyslam\n>p1 move leechseed\n>p2 move heavyslam\n>p1 move substitute\n>p2 switch 5\n>p1 switch 4\n>p2 move bugbuzz\n>p1 move gunkshot\n>p2 move hurricane\n>p1 switch 6\n>p1 move toxic\n>p2 switch 2\n>p1 move roost\n>p2 move bodypress terastallize\n>p1 move roost\n>p2 move bodypress\n>p1 move roost\n>p2 move bodypress\n>p1 move roost\n>p2 move bodypress\n>p1 move roost\n>p2 move bodypress\n>p1 move roost\n>p2 move bodypress\n>p2 switch 4\n>p1 move boomburst\n>p2 move aquajet\n>p1 move roost\n>p2 move aquajet\n>p2 switch 3\n>p1 move boomburst\n>p2 move tripleaxel\n>p1 move roost\n>p2 move tripleaxel\n>p1 switch 4\n>p2 move tripleaxel\n>p1 switch 3\n>p2 switch 5\n>p1 move flamethrower\n>p2 move agility\n>p1 move flamethrower\n>p2 move earthquake\n>p1 switch 2\n>p1 move earthquake\n>p2 move heavyslam\n>p2 switch 2\n>p1 move bodyslam\n>p2 move hydropump\n>p1 move bodyslam\n>p2 move hydropump\n>p1 move bodyslam\n>p2 move hydropump\n>p1 move bodyslam\n>p2 move bugbuzz\n>p1 switch 4\n>p1 move boomburst\n>p2 move hydropump", "uploadtime": 1782909297, "views": 4, "formatid": "gen9randombattle", "rating": 1987, "private": 0, "password": null, "player_dets": [{"name": "the bot ai", "avatar": "169", "rating": 1958, "seed": "sodium,dcad796e18e8460dd8aeb4e9bb5e2a4f"}, {"name": "forcemajor14", "avatar": "266", "rating": 2026, "seed": "sodium,46a8e3a73a044613bb38d4e7d1a508a7"}], "teams_full": [{"Crabominable": {"name": "Crabominable", "species": "Crabominable", "speciesId": "crabominable", "gender": "M", "shiny": false, "level": 90, "moves": ["knockoff", "closecombat", "icehammer", "earthquake"], "ability": "Iron Fist", "evs": {"hp": 85, "atk": 85, "def": 85, "spa": 85, "spd": 85, "spe": 85}, "ivs": {"hp": 31, "atk": 31, "def": 31, "spa": 31, "spd": 31, "spe": 31}, "item": "Choice Band", "teraType": "Fighting", "role": "Wallbreaker", "bvs": {"hp": 97, "atk": 132, "def": 77, "spa": 62, "spd": 67, "spe": 43}, "stats": {"hp": 321, "atk": 289, "def": 190, "spa": 163, "spd": 172, "spe": 129}, "types": ["Fighting", "Ice"]}, "Greedent": {"name": "Greedent", "species": "Greedent", "speciesId": "greedent", "gender": "F", "shiny": false, "level": 86, "moves": ["knockoff", "earthquake", "swordsdance", "bodyslam"], "ability": "Cheek Pouch", "evs": {"hp": 85, "atk": 85, "def": 85, "spa": 85, "spd": 85, "spe": 85}, "ivs": {"hp": 31, "atk": 31, "def": 31, "spa": 31, "spd": 31, "spe": 31}, "item": "Sitrus Berry", "teraType": "Ghost", "role": "Bulky Setup", "bvs": {"hp": 120, "atk": 95, "def": 95, "spa": 55, "spd": 75, "spe": 20}, "stats": {"hp": 347, "atk": 213, "def": 213, "spa": 144, "spd": 178, "spe": 84}, "types": ["Normal"]}, "Swalot": {"name": "Swalot", "species": "Swalot", "speciesId": "swalot", "gender": "M", "shiny": false, "level": 90, "moves": ["swordsdance", "knockoff", "earthquake", "gunkshot"], "ability": "Liquid Ooze", "evs": {"hp": 85, "atk": 85, "def": 85, "spa": 85, "spd": 85, "spe": 85}, "ivs": {"hp": 31, "atk": 31, "def": 31, "spa": 31, "spd": 31, "spe": 31}, "item": "Leftovers", "teraType": "Dark", "role": "Bulky Setup", "bvs": {"hp": 100, "atk": 73, "def": 83, "spa": 73, "spd": 83, "spe": 55}, "stats": {"hp": 326, "atk": 183, "def": 201, "spa": 183, "spd": 201, "spe": 150}, "types": ["Poison"]}, "Exeggutor": {"name": "Exeggutor", "species": "Exeggutor", "speciesId": "exeggutor", "gender": "M", "shiny": false, "level": 89, "moves": ["leechseed", "sleeppowder", "psychicnoise", "substitute"], "ability": "Harvest", "evs": {"hp": 77, "atk": 0, "def": 85, "spa": 85, "spd": 85, "spe": 85}, "ivs": {"hp": 31, "atk": 0, "def": 31, "spa": 31, "spd": 31, "spe": 31}, "item": "Sitrus Berry", "teraType": "Steel", "role": "Bulky Support", "bvs": {"hp": 95, "atk": 95, "def": 85, "spa": 125, "spd": 75, "spe": 55}, "stats": {"hp": 312, "atk": 174, "def": 202, "spa": 273, "spd": 184, "spe": 149}, "types": ["Grass", "Psychic"]}, "Eternatus": {"name": "Eternatus", "species": "Eternatus", "speciesId": "eternatus", "gender": "N", "shiny": false, "level": 69, "moves": ["dynamaxcannon", "flamethrower", "toxic", "recover"], "ability": "Pressure", "evs": {"hp": 85, "atk": 0, "def": 85, "spa": 85, "spd": 85, "spe": 85}, "ivs": {"hp": 31, "atk": 0, "def": 31, "spa": 31, "spd": 31, "spe": 31}, "item": "Rocky Helmet", "teraType": "Water", "role": "Bulky Support", "bvs": {"hp": 140, "atk": 85, "def": 95, "spa": 145, "spd": 95, "spe": 130}, "stats": {"hp": 308, "atk": 122, "def": 171, "spa": 240, "spd": 171, "spe": 220}, "types": ["Poison", "Dragon"]}, "Dudunsparce": {"name": "Dudunsparce", "species": "Dudunsparce-Three-Segment", "speciesId": "dudunsparce", "gender": "M", "shiny": false, "level": 83, "moves": ["earthquake", "roost", "toxic", "boomburst"], "ability": "Rattled", "evs": {"hp": 85, "atk": 85, "def": 85, "spa": 85, "spd": 85, "spe": 85}, "ivs": {"hp": 31, "atk": 31, "def": 31, "spa": 31, "spd": 31, "spe": 31}, "item": "Leftovers", "teraType": "Poison", "role": "Bulky Attacker", "bvs": {"hp": 125, "atk": 100, "def": 80, "spa": 85, "spd": 75, "spe": 55}, "stats": {"hp": 343, "atk": 214, "def": 180, "spa": 189, "spd": 172, "spe": 139}, "types": ["Normal"]}}, {"Garchomp": {"name": "Garchomp", "species": "Garchomp", "speciesId": "garchomp", "gender": "M", "shiny": false, "level": 74, "moves": ["earthquake", "stealthrock", "outrage", "dragontail"], "ability": "Rough Skin", "evs": {"hp": 85, "atk": 85, "def": 85, "spa": 85, "spd": 85, "spe": 85}, "ivs": {"hp": 31, "atk": 31, "def": 31, "spa": 31, "spd": 31, "spe": 31}, "item": "Rocky Helmet", "teraType": "Steel", "role": "Fast Support", "bvs": {"hp": 108, "atk": 130, "def": 95, "spa": 80, "spd": 85, "spe": 102}, "stats": {"hp": 282, "atk": 235, "def": 184, "spa": 161, "spd": 169, "spe": 194}, "types": ["Dragon", "Ground"]}, "Houndstone": {"name": "Houndstone", "species": "Houndstone", "speciesId": "houndstone", "gender": "M", "shiny": false, "level": 86, "moves": ["willowisp", "poltergeist", "bodypress", "shadowsneak"], "ability": "Fluffy", "evs": {"hp": 85, "atk": 85, "def": 85, "spa": 85, "spd": 85, "spe": 85}, "ivs": {"hp": 31, "atk": 31, "def": 31, "spa": 31, "spd": 31, "spe": 31}, "item": "Leftovers", "teraType": "Fighting", "role": "Bulky Attacker", "bvs": {"hp": 72, "atk": 101, "def": 100, "spa": 50, "spd": 97, "spe": 68}, "stats": {"hp": 264, "atk": 223, "def": 221, "spa": 135, "spd": 216, "spe": 166}, "types": ["Ghost"]}, "Azumarill": {"name": "Azumarill", "species": "Azumarill", "speciesId": "azumarill", "gender": "F", "shiny": false, "level": 82, "moves": ["liquidation", "playrough", "superpower", "aquajet"], "ability": "Huge Power", "evs": {"hp": 85, "atk": 85, "def": 85, "spa": 85, "spd": 85, "spe": 85}, "ivs": {"hp": 31, "atk": 31, "def": 31, "spa": 31, "spd": 31, "spe": 31}, "item": "Choice Band", "teraType": "Water", "role": "Bulky Attacker", "bvs": {"hp": 100, "atk": 50, "def": 80, "spa": 60, "spd": 80, "spe": 50}, "stats": {"hp": 298, "atk": 129, "def": 178, "spa": 146, "spd": 178, "spe": 129}, "types": ["Water", "Fairy"]}, "Metagross": {"name": "Metagross", "species": "Metagross", "speciesId": "metagross", "gender": "N", "shiny": false, "level": 79, "moves": ["heavyslam", "earthquake", "psychicfangs", "agility"], "ability": "Clear Body", "evs": {"hp": 85, "atk": 85, "def": 85, "spa": 85, "spd": 85, "spe": 85}, "ivs": {"hp": 31, "atk": 31, "def": 31, "spa": 31, "spd": 31, "spe": 31}, "item": "Weakness Policy", "teraType": "Ground", "role": "Bulky Setup", "bvs": {"hp": 80, "atk": 135, "def": 130, "spa": 95, "spd": 90, "spe": 70}, "stats": {"hp": 256, "atk": 259, "def": 251, "spa": 196, "spd": 188, "spe": 156}, "types": ["Steel", "Psychic"]}, "Masquerain": {"name": "Masquerain", "species": "Masquerain", "speciesId": "masquerain", "gender": "F", "shiny": false, "level": 87, "moves": ["hydropump", "bugbuzz", "quiverdance", "hurricane"], "ability": "Intimidate", "evs": {"hp": 85, "atk": 0, "def": 85, "spa": 85, "spd": 85, "spe": 85}, "ivs": {"hp": 31, "atk": 0, "def": 31, "spa": 31, "spd": 31, "spe": 31}, "item": "Heavy-Duty Boots", "teraType": "Water", "role": "Setup Sweeper", "bvs": {"hp": 70, "atk": 60, "def": 62, "spa": 100, "spd": 82, "spe": 80}, "stats": {"hp": 264, "atk": 109, "def": 158, "spa": 224, "spd": 192, "spe": 189}, "types": ["Bug", "Flying"]}, "Dewgong": {"name": "Dewgong", "species": "Dewgong", "speciesId": "dewgong", "gender": "F", "shiny": false, "level": 94, "moves": ["encore", "flipturn", "surf", "tripleaxel"], "ability": "Thick Fat", "evs": {"hp": 85, "atk": 85, "def": 85, "spa": 85, "spd": 85, "spe": 85}, "ivs": {"hp": 31, "atk": 31, "def": 31, "spa": 31, "spd": 31, "spe": 31}, "item": "Heavy-Duty Boots", "teraType": "Dragon", "role": "Bulky Attacker", "bvs": {"hp": 90, "atk": 70, "def": 80, "spa": 70, "spd": 95, "spe": 70}, "stats": {"hp": 322, "atk": 185, "def": 204, "spa": 185, "spd": 232, "spe": 185}, "types": ["Water", "Ice"]}}]}