{"id": "gen9randombattle-2641961900", "format": "[Gen 9] Random Battle", "players": ["Longarm Jr.", "BennettOfShowdown"], "log": "|j|\u2606Longarm Jr.\n|j|\u2606BennettOfShowdown\n|t:|1782865355\n|gametype|singles\n|player|p1|Longarm Jr.|brock|1694\n|player|p2|BennettOfShowdown|lucas-gen4pt|1642\n|gen|9\n|tier|[Gen 9] Random Battle\n|rated|\n|rule|Species Clause: Limit one of each Pok\u00e9mon\n|rule|HP Percentage Mod: HP is shown in percentages\n|rule|Sleep Clause Mod: Limit one foe put to sleep\n|rule|Illusion Level Mod: Illusion disguises the Pok\u00e9mon's true level\n|\n|t:|1782865355\n|teamsize|p1|6\n|teamsize|p2|6\n|start\n|switch|p1a: Golem|Golem-Alola, L93, F|300/300\n|switch|p2a: Sandslash|Sandslash-Alola, L88, F|275/275\n|turn|1\n|\n|t:|1782865372\n|move|p2a: Sandslash|Rapid Spin|p1a: Golem\n|-resisted|p1a: Golem\n|-damage|p1a: Golem|286/300\n|-boost|p2a: Sandslash|spe|1\n|move|p1a: Golem|Earthquake|p2a: Sandslash\n|-supereffective|p2a: Sandslash\n|-damage|p2a: Sandslash|55/275\n|\n|upkeep\n|turn|2\n|\n|t:|1782865384\n|move|p2a: Sandslash|Earthquake|p1a: Golem\n|-supereffective|p1a: Golem\n|-damage|p1a: Golem|62/300\n|move|p1a: Golem|Earthquake|p2a: Sandslash\n|-supereffective|p2a: Sandslash\n|-damage|p2a: Sandslash|0 fnt\n|faint|p2a: Sandslash\n|\n|upkeep\n|\n|t:|1782865397\n|switch|p2a: Kyogre|Kyogre, L71|259/259\n|-weather|RainDance|[from] ability: Drizzle|[of] p2a: Kyogre\n|turn|3\n|\n|t:|1782865404\n|move|p2a: Kyogre|Origin Pulse|p1a: Golem\n|-supereffective|p1a: Golem\n|-damage|p1a: Golem|0 fnt\n|faint|p1a: Golem\n|\n|-weather|RainDance|[upkeep]\n|upkeep\n|\n|t:|1782865408\n|switch|p1a: Ludicolo|Ludicolo, L90, F|290/290\n|turn|4\n|\n|t:|1782865421\n|move|p1a: Ludicolo|Giga Drain|p2a: Kyogre\n|-supereffective|p2a: Kyogre\n|-damage|p2a: Kyogre|77/259\n|-damage|p1a: Ludicolo|261/290|[from] item: Life Orb\n|move|p2a: Kyogre|Thunder|p1a: Ludicolo\n|-damage|p1a: Ludicolo|196/290\n|\n|-weather|RainDance|[upkeep]\n|-heal|p2a: Kyogre|93/259|[from] item: Leftovers\n|upkeep\n|turn|5\n|\n|t:|1782865425\n|switch|p2a: Jirachi|Jirachi, L80|291/291\n|move|p1a: Ludicolo|Giga Drain|p2a: Jirachi\n|-resisted|p2a: Jirachi\n|-damage|p2a: Jirachi|233/291\n|-heal|p1a: Ludicolo|225/290|[from] drain|[of] p2a: Jirachi\n|-damage|p1a: Ludicolo|196/290|[from] item: Life Orb\n|\n|-weather|RainDance|[upkeep]\n|-heal|p2a: Jirachi|251/291|[from] item: Leftovers\n|upkeep\n|turn|6\n|inactive|Battle timer is ON: inactive players will automatically lose when time's up. (requested by BennettOfShowdown)\n|\n|t:|1782865434\n|switch|p1a: Dragapult|Dragapult, L77, F|262/262\n|move|p2a: Jirachi|Protect||[still]\n|-fail|p2a: Jirachi\n|\n|-weather|RainDance|[upkeep]\n|-heal|p2a: Jirachi|269/291|[from] item: Leftovers\n|upkeep\n|turn|7\n|\n|t:|1782865444\n|switch|p2a: Kyogre|Kyogre, L71|93/259\n|move|p1a: Dragapult|Will-O-Wisp|p2a: Kyogre\n|-status|p2a: Kyogre|brn\n|\n|-weather|none\n|-heal|p2a: Kyogre|109/259 brn|[from] item: Leftovers\n|-damage|p2a: Kyogre|93/259 brn|[from] brn\n|upkeep\n|turn|8\n|\n|t:|1782865450\n|switch|p2a: Garganacl|Garganacl, L80, F|291/291\n|move|p1a: Dragapult|Hex|p2a: Garganacl\n|-damage|p2a: Garganacl|258/291\n|\n|-heal|p2a: Garganacl|276/291|[from] item: Leftovers\n|upkeep\n|turn|9\n|\n|t:|1782865464\n|move|p1a: Dragapult|U-turn|p2a: Garganacl\n|-damage|p2a: Garganacl|239/291\n|\n|t:|1782865467\n|switch|p1a: Dachsbun|Dachsbun, L92, F|254/254|[from] U-turn\n|move|p2a: Garganacl|Salt Cure|p1a: Dachsbun\n|-damage|p1a: Dachsbun|221/254\n|-start|p1a: Dachsbun|Salt Cure\n|\n|-heal|p1a: Dachsbun|236/254|[from] item: Leftovers\n|-heal|p2a: Garganacl|257/291|[from] item: Leftovers\n|-damage|p1a: Dachsbun|205/254|[from] Salt Cure\n|upkeep\n|turn|10\n|\n|t:|1782865478\n|move|p1a: Dachsbun|Wish|p1a: Dachsbun\n|move|p2a: Garganacl|Salt Cure|p1a: Dachsbun\n|-damage|p1a: Dachsbun|174/254\n|\n|-heal|p1a: Dachsbun|189/254|[from] item: Leftovers\n|-heal|p2a: Garganacl|275/291|[from] item: Leftovers\n|-damage|p1a: Dachsbun|158/254|[from] Salt Cure\n|upkeep\n|turn|11\n|\n|t:|1782865482\n|switch|p1a: Ludicolo|Ludicolo, L90, F|196/290\n|move|p2a: Garganacl|Salt Cure|p1a: Ludicolo\n|-damage|p1a: Ludicolo|153/290\n|-start|p1a: Ludicolo|Salt Cure\n|\n|-heal|p1a: Ludicolo|280/290|[from] move: Wish|[wisher] Dachsbun\n|-heal|p2a: Garganacl|291/291|[from] item: Leftovers\n|-damage|p1a: Ludicolo|208/290|[from] Salt Cure\n|upkeep\n|turn|12\n|\n|t:|1782865489\n|switch|p2a: Jirachi|Jirachi, L80|269/291\n|move|p1a: Ludicolo|Rain Dance|p1a: Ludicolo\n|-weather|RainDance\n|\n|-weather|RainDance|[upkeep]\n|-heal|p2a: Jirachi|287/291|[from] item: Leftovers\n|-damage|p1a: Ludicolo|136/290|[from] Salt Cure\n|upkeep\n|turn|13\n|\n|t:|1782865496\n|switch|p1a: Venomoth|Venomoth, L84, F|255/255\n|move|p2a: Jirachi|Protect||[still]\n|-fail|p2a: Jirachi\n|\n|-weather|RainDance|[upkeep]\n|-heal|p2a: Jirachi|291/291|[from] item: Leftovers\n|upkeep\n|turn|14\n|\n|t:|1782865504\n|move|p2a: Jirachi|Body Slam|p1a: Venomoth\n|-damage|p1a: Venomoth|178/255\n|-status|p1a: Venomoth|par\n|move|p1a: Venomoth|Sleep Powder|p2a: Jirachi\n|-status|p2a: Jirachi|slp|[from] move: Sleep Powder\n|\n|-weather|RainDance|[upkeep]\n|upkeep\n|turn|15\n|\n|t:|1782865512\n|cant|p2a: Jirachi|slp\n|move|p1a: Venomoth|Bug Buzz|p2a: Jirachi\n|-damage|p2a: Jirachi|204/291 slp\n|\n|-weather|RainDance|[upkeep]\n|-heal|p2a: Jirachi|222/291 slp|[from] item: Leftovers\n|upkeep\n|turn|16\n|\n|t:|1782865517\n|cant|p2a: Jirachi|slp\n|move|p1a: Venomoth|Quiver Dance|p1a: Venomoth\n|-boost|p1a: Venomoth|spa|1\n|-boost|p1a: Venomoth|spd|1\n|-boost|p1a: Venomoth|spe|1\n|\n|-weather|none\n|-heal|p2a: Jirachi|240/291 slp|[from] item: Leftovers\n|upkeep\n|turn|17\n|\n|t:|1782865519\n|-curestatus|p2a: Jirachi|slp|[msg]\n|move|p2a: Jirachi|Iron Head|p1a: Venomoth\n|-damage|p1a: Venomoth|67/255 par\n|cant|p1a: Venomoth|flinch\n|\n|-heal|p2a: Jirachi|258/291|[from] item: Leftovers\n|upkeep\n|turn|18\n|\n|t:|1782865525\n|move|p2a: Jirachi|Iron Head|p1a: Venomoth\n|-damage|p1a: Venomoth|0 fnt\n|faint|p1a: Venomoth\n|\n|-heal|p2a: Jirachi|276/291|[from] item: Leftovers\n|upkeep\n|\n|t:|1782865528\n|switch|p1a: Dragapult|Dragapult, L77, F|262/262\n|turn|19\n|\n|t:|1782865532\n|switch|p2a: Garganacl|Garganacl, L80, F|291/291\n|move|p1a: Dragapult|Will-O-Wisp|p2a: Garganacl\n|-immune|p2a: Garganacl|[from] ability: Purifying Salt\n|\n|upkeep\n|turn|20\n|\n|t:|1782865537\n|move|p1a: Dragapult|U-turn|p2a: Garganacl\n|-damage|p2a: Garganacl|254/291\n|\n|t:|1782865538\n|switch|p1a: Dachsbun|Dachsbun, L92, F|158/254|[from] U-turn\n|move|p2a: Garganacl|Salt Cure|p1a: Dachsbun\n|-damage|p1a: Dachsbun|130/254\n|-start|p1a: Dachsbun|Salt Cure\n|\n|-heal|p1a: Dachsbun|145/254|[from] item: Leftovers\n|-heal|p2a: Garganacl|272/291|[from] item: Leftovers\n|-damage|p1a: Dachsbun|114/254|[from] Salt Cure\n|upkeep\n|turn|21\n|\n|t:|1782865542\n|move|p1a: Dachsbun|Wish|p1a: Dachsbun\n|move|p2a: Garganacl|Earthquake|p1a: Dachsbun\n|-damage|p1a: Dachsbun|61/254\n|\n|-heal|p1a: Dachsbun|76/254|[from] item: Leftovers\n|-heal|p2a: Garganacl|290/291|[from] item: Leftovers\n|-damage|p1a: Dachsbun|45/254|[from] Salt Cure\n|upkeep\n|turn|22\n|\n|t:|1782865544\n|move|p1a: Dachsbun|Protect|p1a: Dachsbun\n|-singleturn|p1a: Dachsbun|Protect\n|move|p2a: Garganacl|Salt Cure|p1a: Dachsbun\n|-activate|p1a: Dachsbun|move: Protect\n|\n|-heal|p1a: Dachsbun|172/254|[from] move: Wish|[wisher] Dachsbun\n|-heal|p1a: Dachsbun|187/254|[from] item: Leftovers\n|-heal|p2a: Garganacl|291/291|[from] item: Leftovers\n|-damage|p1a: Dachsbun|156/254|[from] Salt Cure\n|upkeep\n|turn|23\n|\n|t:|1782865547\n|move|p1a: Dachsbun|Wish|p1a: Dachsbun\n|move|p2a: Garganacl|Salt Cure|p1a: Dachsbun\n|-damage|p1a: Dachsbun|123/254\n|\n|-heal|p1a: Dachsbun|138/254|[from] item: Leftovers\n|-damage|p1a: Dachsbun|107/254|[from] Salt Cure\n|upkeep\n|turn|24\n|\n|t:|1782865552\n|move|p1a: Dachsbun|Protect|p1a: Dachsbun\n|-singleturn|p1a: Dachsbun|Protect\n|move|p2a: Garganacl|Salt Cure|p1a: Dachsbun\n|-activate|p1a: Dachsbun|move: Protect\n|\n|-heal|p1a: Dachsbun|234/254|[from] move: Wish|[wisher] Dachsbun\n|-heal|p1a: Dachsbun|249/254|[from] item: Leftovers\n|-damage|p1a: Dachsbun|218/254|[from] Salt Cure\n|upkeep\n|turn|25\n|\n|t:|1782865555\n|move|p1a: Dachsbun|Wish|p1a: Dachsbun\n|move|p2a: Garganacl|Salt Cure|p1a: Dachsbun\n|-damage|p1a: Dachsbun|185/254\n|\n|-heal|p1a: Dachsbun|200/254|[from] item: Leftovers\n|-damage|p1a: Dachsbun|169/254|[from] Salt Cure\n|upkeep\n|turn|26\n|\n|t:|1782865563\n|move|p1a: Dachsbun|Protect|p1a: Dachsbun\n|-singleturn|p1a: Dachsbun|Protect\n|move|p2a: Garganacl|Salt Cure|p1a: Dachsbun\n|-activate|p1a: Dachsbun|move: Protect\n|\n|-heal|p1a: Dachsbun|254/254|[from] move: Wish|[wisher] Dachsbun\n|-damage|p1a: Dachsbun|223/254|[from] Salt Cure\n|upkeep\n|turn|27\n|\n|t:|1782865570\n|switch|p2a: Jirachi|Jirachi, L80|276/291\n|move|p1a: Dachsbun|Wish|p1a: Dachsbun\n|\n|-heal|p1a: Dachsbun|238/254|[from] item: Leftovers\n|-heal|p2a: Jirachi|291/291|[from] item: Leftovers\n|-damage|p1a: Dachsbun|207/254|[from] Salt Cure\n|upkeep\n|turn|28\n|\n|t:|1782865585\n|switch|p1a: Dragapult|Dragapult, L77, F|262/262\n|move|p2a: Jirachi|Body Slam|p1a: Dragapult\n|-immune|p1a: Dragapult\n|\n|upkeep\n|turn|29\n|\n|t:|1782865592\n|move|p2a: Jirachi|Protect|p2a: Jirachi\n|-singleturn|p2a: Jirachi|Protect\n|move|p1a: Dragapult|U-turn|p2a: Jirachi\n|-activate|p2a: Jirachi|move: Protect\n|\n|upkeep\n|turn|30\n|\n|t:|1782865598\n|switch|p2a: Garganacl|Garganacl, L80, F|291/291\n|move|p1a: Dragapult|U-turn|p2a: Garganacl\n|-damage|p2a: Garganacl|255/291\n|\n|t:|1782865600\n|switch|p1a: Heracross|Heracross, L80, M|259/259|[from] U-turn\n|\n|-heal|p2a: Garganacl|273/291|[from] item: Leftovers\n|-status|p1a: Heracross|brn|[from] item: Flame Orb\n|upkeep\n|turn|31\n|\n|t:|1782865604\n|move|p2a: Garganacl|Protect|p2a: Garganacl\n|-singleturn|p2a: Garganacl|Protect\n|move|p1a: Heracross|Close Combat|p2a: Garganacl\n|-activate|p2a: Garganacl|move: Protect\n|\n|-heal|p2a: Garganacl|291/291|[from] item: Leftovers\n|-damage|p1a: Heracross|243/259 brn|[from] brn\n|upkeep\n|turn|32\n|\n|t:|1782865608\n|switch|p2a: Kyogre|Kyogre, L71|93/259 brn\n|-weather|RainDance|[from] ability: Drizzle|[of] p2a: Kyogre\n|move|p1a: Heracross|Knock Off|p2a: Kyogre\n|-damage|p2a: Kyogre|0 fnt\n|-enditem|p2a: Kyogre|Leftovers|[from] move: Knock Off|[of] p1a: Heracross\n|faint|p2a: Kyogre\n|\n|-weather|RainDance|[upkeep]\n|-damage|p1a: Heracross|227/259 brn|[from] brn\n|upkeep\n|\n|t:|1782865611\n|switch|p2a: Scyther|Scyther, L82, M|249/249\n|turn|33\n|\n|t:|1782865625\n|switch|p1a: Dragapult|Dragapult, L77, F|262/262\n|move|p2a: Scyther|Dual Wingbeat|p1a: Dragapult\n|-damage|p1a: Dragapult|177/262\n|-damage|p1a: Dragapult|98/262\n|-hitcount|p1a: Dragapult|2\n|\n|-weather|RainDance|[upkeep]\n|upkeep\n|turn|34\n|\n|t:|1782865630\n|switch|p2a: Garganacl|Garganacl, L80, F|291/291\n|move|p1a: Dragapult|Will-O-Wisp|p2a: Garganacl\n|-immune|p2a: Garganacl|[from] ability: Purifying Salt\n|\n|-weather|RainDance|[upkeep]\n|upkeep\n|turn|35\n|\n|t:|1782865643\n|move|p1a: Dragapult|U-turn|p2a: Garganacl\n|-damage|p2a: Garganacl|250/291\n|\n|t:|1782865645\n|switch|p1a: Dachsbun|Dachsbun, L92, F|207/254|[from] U-turn\n|move|p2a: Garganacl|Salt Cure|p1a: Dachsbun\n|-damage|p1a: Dachsbun|177/254\n|-start|p1a: Dachsbun|Salt Cure\n|\n|-weather|RainDance|[upkeep]\n|-heal|p1a: Dachsbun|192/254|[from] item: Leftovers\n|-heal|p2a: Garganacl|268/291|[from] item: Leftovers\n|-damage|p1a: Dachsbun|161/254|[from] Salt Cure\n|upkeep\n|turn|36\n|\n|t:|1782865659\n|switch|p2a: Jirachi|Jirachi, L80|291/291\n|move|p1a: Dachsbun|Wish|p1a: Dachsbun\n|\n|-weather|none\n|-heal|p1a: Dachsbun|176/254|[from] item: Leftovers\n|-damage|p1a: Dachsbun|145/254|[from] Salt Cure\n|upkeep\n|turn|37\n|\n|t:|1782865669\n|switch|p1a: Dragapult|Dragapult, L77, F|98/262\n|move|p2a: Jirachi|Iron Head|p1a: Dragapult\n|-damage|p1a: Dragapult|4/262\n|\n|-heal|p1a: Dragapult|131/262|[from] move: Wish|[wisher] Dachsbun\n|upkeep\n|turn|38\n|\n|t:|1782865684\n|switch|p2a: Garganacl|Garganacl, L80, F|268/291\n|move|p1a: Dragapult|U-turn|p2a: Garganacl\n|-damage|p2a: Garganacl|233/291\n|\n|t:|1782865686\n|switch|p1a: Heracross|Heracross, L80, M|227/259 brn|[from] U-turn\n|\n|-heal|p2a: Garganacl|251/291|[from] item: Leftovers\n|-damage|p1a: Heracross|211/259 brn|[from] brn\n|upkeep\n|turn|39\n|\n|t:|1782865696\n|move|p2a: Garganacl|Protect|p2a: Garganacl\n|-singleturn|p2a: Garganacl|Protect\n|move|p1a: Heracross|Trailblaze|p2a: Garganacl\n|-activate|p2a: Garganacl|move: Protect\n|\n|-heal|p2a: Garganacl|269/291|[from] item: Leftovers\n|-damage|p1a: Heracross|195/259 brn|[from] brn\n|upkeep\n|turn|40\n|\n|t:|1782865702\n|switch|p2a: Scyther|Scyther, L82, M|249/249\n|move|p1a: Heracross|Knock Off|p2a: Scyther\n|-damage|p2a: Scyther|113/249\n|-enditem|p2a: Scyther|Heavy-Duty Boots|[from] move: Knock Off|[of] p1a: Heracross\n|\n|-damage|p1a: Heracross|179/259 brn|[from] brn\n|upkeep\n|turn|41\n|\n|t:|1782865709\n|switch|p1a: Ludicolo|Ludicolo, L90, F|136/290\n|move|p2a: Scyther|U-turn|p1a: Ludicolo\n|-supereffective|p1a: Ludicolo\n|-damage|p1a: Ludicolo|0 fnt\n|faint|p1a: Ludicolo\n|\n|t:|1782865712\n|switch|p2a: Jirachi|Jirachi, L80|291/291|[from] U-turn\n|\n|upkeep\n|\n|t:|1782865719\n|switch|p1a: Dragapult|Dragapult, L77, F|131/262\n|turn|42\n|\n|t:|1782865723\n|move|p1a: Dragapult|Hex|p2a: Jirachi\n|-supereffective|p2a: Jirachi\n|-damage|p2a: Jirachi|181/291\n|move|p2a: Jirachi|Wish|p2a: Jirachi\n|\n|-heal|p2a: Jirachi|199/291|[from] item: Leftovers\n|upkeep\n|turn|43\n|\n|t:|1782865729\n|switch|p2a: Scyther|Scyther, L82, M|113/249\n|move|p1a: Dragapult|Dragon Darts|p2a: Scyther\n|-damage|p2a: Scyther|58/249\n|-anim|p1a: Dragapult|Dragon Darts|p2a: Scyther\n|-damage|p2a: Scyther|3/249\n|\n|-heal|p2a: Scyther|148/249|[from] move: Wish|[wisher] Jirachi\n|upkeep\n|turn|44\n|\n|t:|1782865737\n|move|p1a: Dragapult|Will-O-Wisp|p2a: Scyther\n|-status|p2a: Scyther|brn\n|move|p2a: Scyther|Dual Wingbeat|p1a: Dragapult\n|-damage|p1a: Dragapult|88/262\n|-damage|p1a: Dragapult|47/262\n|-hitcount|p1a: Dragapult|2\n|\n|-damage|p2a: Scyther|133/249 brn|[from] brn\n|upkeep\n|turn|45\n|\n|t:|1782865744\n|move|p1a: Dragapult|U-turn|p2a: Scyther\n|-resisted|p2a: Scyther\n|-damage|p2a: Scyther|107/249 brn\n|\n|t:|1782865746\n|switch|p1a: Dachsbun|Dachsbun, L92, F|145/254|[from] U-turn\n|move|p2a: Scyther|U-turn|p1a: Dachsbun\n|-resisted|p1a: Dachsbun\n|-damage|p1a: Dachsbun|132/254\n|\n|t:|1782865750\n|switch|p2a: Jirachi|Jirachi, L80|199/291|[from] U-turn\n|\n|-heal|p1a: Dachsbun|147/254|[from] item: Leftovers\n|-heal|p2a: Jirachi|217/291|[from] item: Leftovers\n|upkeep\n|turn|46\n|\n|t:|1782865762\n|switch|p1a: Dragapult|Dragapult, L77, F|47/262\n|move|p2a: Jirachi|Iron Head|p1a: Dragapult\n|-damage|p1a: Dragapult|0 fnt\n|faint|p1a: Dragapult\n|\n|-heal|p2a: Jirachi|235/291|[from] item: Leftovers\n|upkeep\n|\n|t:|1782865766\n|switch|p1a: Heracross|Heracross, L80, M|179/259 brn\n|turn|47\n|\n|t:|1782865771\n|move|p2a: Jirachi|Protect|p2a: Jirachi\n|-singleturn|p2a: Jirachi|Protect\n|move|p1a: Heracross|Knock Off|p2a: Jirachi\n|-activate|p2a: Jirachi|move: Protect\n|\n|-heal|p2a: Jirachi|253/291|[from] item: Leftovers\n|-damage|p1a: Heracross|163/259 brn|[from] brn\n|upkeep\n|turn|48\n|\n|t:|1782865775\n|switch|p2a: Scyther|Scyther, L82, M|107/249 brn\n|move|p1a: Heracross|Knock Off|p2a: Scyther\n|-damage|p2a: Scyther|23/249 brn\n|\n|-damage|p2a: Scyther|8/249 brn|[from] brn\n|-damage|p1a: Heracross|147/259 brn|[from] brn\n|upkeep\n|turn|49\n|\n|t:|1782865782\n|switch|p1a: Dachsbun|Dachsbun, L92, F|147/254\n|move|p2a: Scyther|Dual Wingbeat|p1a: Dachsbun|[miss]\n|-miss|p2a: Scyther|p1a: Dachsbun\n|\n|-heal|p1a: Dachsbun|162/254|[from] item: Leftovers\n|-damage|p2a: Scyther|0 fnt|[from] brn\n|faint|p2a: Scyther\n|upkeep\n|\n|t:|1782865792\n|switch|p2a: Garganacl|Garganacl, L80, F|269/291\n|turn|50\n|\n|t:|1782865798\n|move|p1a: Dachsbun|Wish|p1a: Dachsbun\n|move|p2a: Garganacl|Salt Cure|p1a: Dachsbun\n|-crit|p1a: Dachsbun\n|-damage|p1a: Dachsbun|117/254\n|-start|p1a: Dachsbun|Salt Cure\n|\n|-heal|p1a: Dachsbun|132/254|[from] item: Leftovers\n|-heal|p2a: Garganacl|287/291|[from] item: Leftovers\n|-damage|p1a: Dachsbun|101/254|[from] Salt Cure\n|upkeep\n|turn|51\n|\n|t:|1782865803\n|switch|p1a: Heracross|Heracross, L80, M|147/259 brn\n|switch|p2a: Jirachi|Jirachi, L80|253/291\n|\n|-heal|p1a: Heracross|259/259 brn|[from] move: Wish|[wisher] Dachsbun\n|-heal|p2a: Jirachi|271/291|[from] item: Leftovers\n|-damage|p1a: Heracross|243/259 brn|[from] brn\n|upkeep\n|turn|52\n|\n|t:|1782865811\n|move|p2a: Jirachi|Iron Head|p1a: Heracross\n|-damage|p1a: Heracross|155/259 brn\n|move|p1a: Heracross|Knock Off|p2a: Jirachi\n|-supereffective|p2a: Jirachi\n|-damage|p2a: Jirachi|63/291\n|-enditem|p2a: Jirachi|Leftovers|[from] move: Knock Off|[of] p1a: Heracross\n|\n|-damage|p1a: Heracross|139/259 brn|[from] brn\n|upkeep\n|turn|53\n|\n|t:|1782865820\n|move|p2a: Jirachi|Iron Head|p1a: Heracross\n|-damage|p1a: Heracross|43/259 brn\n|cant|p1a: Heracross|flinch\n|\n|-damage|p1a: Heracross|27/259 brn|[from] brn\n|upkeep\n|turn|54\n|\n|t:|1782865827\n|move|p2a: Jirachi|Iron Head|p1a: Heracross\n|-damage|p1a: Heracross|0 fnt\n|faint|p1a: Heracross\n|\n|upkeep\n|\n|t:|1782865829\n|switch|p1a: Dachsbun|Dachsbun, L92, F|101/254\n|turn|55\n|\n|t:|1782865833\n|switch|p2a: Garganacl|Garganacl, L80, F|287/291\n|-terastallize|p1a: Dachsbun|Steel\n|move|p1a: Dachsbun|Wish|p1a: Dachsbun\n|\n|-heal|p1a: Dachsbun|116/254|[from] item: Leftovers\n|-heal|p2a: Garganacl|291/291|[from] item: Leftovers\n|upkeep\n|turn|56\n|c|\u2606BennettOfShowdown|Gg\n|c|\u2606Longarm Jr.|Gg I hate your team lol\n|\n|t:|1782865852\n|-terastallize|p2a: Garganacl|Ghost\n|move|p1a: Dachsbun|Play Rough|p2a: Garganacl\n|-damage|p2a: Garganacl|221/291\n|move|p2a: Garganacl|Salt Cure|p1a: Dachsbun\n|-resisted|p1a: Dachsbun\n|-damage|p1a: Dachsbun|100/254\n|-start|p1a: Dachsbun|Salt Cure\n|\n|-heal|p1a: Dachsbun|227/254|[from] move: Wish|[wisher] Dachsbun\n|-heal|p1a: Dachsbun|242/254|[from] item: Leftovers\n|-heal|p2a: Garganacl|239/291|[from] item: Leftovers\n|-damage|p1a: Dachsbun|179/254|[from] Salt Cure\n|upkeep\n|turn|57\n|c|\u2606BennettOfShowdown|Me too lol me too\n|\n|t:|1782865861\n|move|p1a: Dachsbun|Play Rough|p2a: Garganacl\n|-crit|p2a: Garganacl\n|-damage|p2a: Garganacl|125/291\n|move|p2a: Garganacl|Earthquake|p1a: Dachsbun\n|-supereffective|p1a: Dachsbun\n|-damage|p1a: Dachsbun|87/254\n|\n|-heal|p1a: Dachsbun|102/254|[from] item: Leftovers\n|-heal|p2a: Garganacl|143/291|[from] item: Leftovers\n|-damage|p1a: Dachsbun|39/254|[from] Salt Cure\n|upkeep\n|turn|58\n|\n|t:|1782865864\n|move|p1a: Dachsbun|Play Rough|p2a: Garganacl\n|-damage|p2a: Garganacl|68/291\n|-unboost|p2a: Garganacl|atk|1\n|move|p2a: Garganacl|Recover|p2a: Garganacl\n|-heal|p2a: Garganacl|214/291\n|\n|-heal|p1a: Dachsbun|54/254|[from] item: Leftovers\n|-heal|p2a: Garganacl|232/291|[from] item: Leftovers\n|-damage|p1a: Dachsbun|0 fnt|[from] Salt Cure\n|faint|p1a: Dachsbun\n|\n|win|BennettOfShowdown\n|raw|Longarm Jr.'s rating: 1694 &rarr; <strong>1671</strong><br />(-23 for losing)\n|raw|BennettOfShowdown's rating: 1642 &rarr; <strong>1665</strong><br />(+23 for winning)\n|l|\u2606Longarm Jr.\n|player|p1|\n", "inputlog": ">version f8ac14003a5f27e1bdc8d8c59608a773c1cb96e5\n>start {\"formatid\":\"gen9randombattle\",\"seed\":\"sodium,3790043c9679a31532a568683ca7df88\",\"rated\":\"Rated battle\"}\n>player p1 {\"name\":\"Longarm Jr.\",\"avatar\":\"brock\",\"rating\":1694,\"seed\":\"sodium,98eb0e1eb2edc41a8c9868326676e698\"}\n>player p2 {\"name\":\"BennettOfShowdown\",\"avatar\":\"lucas-gen4pt\",\"rating\":1642,\"seed\":\"sodium,a3628e9a8470b887ea8c06a1589e125e\"}\n>p1 move earthquake\n>p2 move rapidspin\n>p1 move earthquake\n>p2 move earthquake\n>p2 switch 4\n>p1 move earthquake\n>p2 move originpulse\n>p1 switch 3\n>p1 move gigadrain\n>p2 move thunder\n>p1 move gigadrain\n>p2 switch 6\n>p1 switch 4\n>p2 move protect\n>p1 move willowisp\n>p2 switch 6\n>p1 move hex\n>p2 switch 5\n>p1 move uturn\n>p2 move saltcure\n>p1 switch 6\n>p1 move wish\n>p2 move saltcure\n>p1 switch 4\n>p2 move saltcure\n>p1 move raindance\n>p2 switch 6\n>p1 switch 2\n>p2 move protect\n>p1 move sleeppowder\n>p2 move bodyslam\n>p1 move bugbuzz\n>p2 move ironhead\n>p1 move quiverdance\n>p2 move ironhead\n>p1 move bugbuzz\n>p2 move ironhead\n>p1 move bugbuzz\n>p2 move ironhead\n>p1 switch 6\n>p1 move willowisp\n>p2 switch 6\n>p1 move uturn\n>p2 move saltcure\n>p1 switch 4\n>p1 move wish\n>p2 move earthquake\n>p1 move protect\n>p2 move saltcure\n>p1 move wish\n>p2 move saltcure\n>p1 move protect\n>p2 move saltcure\n>p1 move wish\n>p2 move saltcure\n>p1 move protect\n>p2 move saltcure\n>p1 move wish\n>p2 switch 6\n>p1 switch 4\n>p2 move bodyslam\n>p1 move uturn\n>p2 move protect\n>p1 move uturn\n>p2 switch 6\n>p1 switch 5\n>p1 move closecombat\n>p2 move protect\n>p1 move knockoff\n>p2 switch 5\n>p2 switch 2\n>p1 switch 5\n>p2 move dualwingbeat\n>p1 move willowisp\n>p2 switch 5\n>p1 move uturn\n>p2 move saltcure\n>p1 switch 4\n>p1 move wish\n>p2 switch 6\n>p1 switch 4\n>p2 move ironhead\n>p1 move uturn\n>p2 switch 6\n>p1 switch 5\n>p1 move trailblaze\n>p2 move protect\n>p1 move knockoff\n>p2 switch 5\n>p1 switch 2\n>p2 move uturn\n>p2 switch 6\n>p1 switch 5\n>p1 move hex\n>p2 move wish\n>p1 move dragondarts\n>p2 switch 6\n>p1 move willowisp\n>p2 move dualwingbeat\n>p1 move uturn\n>p2 move uturn\n>p1 switch 4\n>p2 switch 6\n>p1 switch 4\n>p2 move ironhead\n>p1 switch 2\n>p1 move knockoff\n>p2 move protect\n>p1 move knockoff\n>p2 switch 6\n>p1 switch 4\n>p2 move dualwingbeat\n>p2 switch 5\n>p1 move wish\n>p2 move saltcure\n>p1 switch 4\n>p2 switch 6\n>p1 move knockoff\n>p2 move ironhead\n>p1 move closecombat\n>p2 move ironhead\n>p1 move closecombat\n>p2 move ironhead\n>p1 switch 4\n>p1 move wish terastallize\n>p2 switch 6\n>chat \u2606BennettOfShowdown|Gg\n>chat \u2606Longarm Jr.|Gg I hate your team lol\n>p1 move playrough\n>p2 move saltcure terastallize\n>chat \u2606BennettOfShowdown|Me too lol me too\n>p1 move playrough\n>p2 move earthquake\n>p1 move playrough\n>p2 move recover", "uploadtime": 1782865872, "views": 4, "formatid": "gen9randombattle", "rating": 1665, "private": 0, "password": null, "player_dets": [{"name": "Longarm Jr.", "avatar": "brock", "rating": 1694, "seed": "sodium,98eb0e1eb2edc41a8c9868326676e698"}, {"name": "BennettOfShowdown", "avatar": "lucas-gen4pt", "rating": 1642, "seed": "sodium,a3628e9a8470b887ea8c06a1589e125e"}], "teams_full": [{"Golem": {"name": "Golem", "species": "Golem-Alola", "speciesId": "golemalola", "gender": "F", "shiny": false, "level": 93, "moves": ["doubleedge", "explosion", "earthquake", "stoneedge"], "ability": "Galvanize", "evs": {"hp": 85, "atk": 85, "def": 85, "spa": 85, "spd": 85, "spe": 85}, "ivs": {"hp": 31, "atk": 31, "def": 31, "spa": 31, "spd": 31, "spe": 31}, "item": "Choice Band", "teraType": "Electric", "role": "Wallbreaker", "bvs": {"hp": 80, "atk": 120, "def": 130, "spa": 55, "spd": 65, "spe": 45}, "stats": {"hp": 300, "atk": 276, "def": 295, "spa": 155, "spd": 174, "spe": 137}, "types": ["Rock", "Electric"]}, "Venomoth": {"name": "Venomoth", "species": "Venomoth", "speciesId": "venomoth", "gender": "F", "shiny": false, "level": 84, "moves": ["quiverdance", "sleeppowder", "sludgewave", "bugbuzz"], "ability": "Tinted Lens", "evs": {"hp": 85, "atk": 0, "def": 85, "spa": 85, "spd": 85, "spe": 85}, "ivs": {"hp": 31, "atk": 0, "def": 31, "spa": 31, "spd": 31, "spe": 31}, "item": "Heavy-Duty Boots", "teraType": "Bug", "role": "Setup Sweeper", "bvs": {"hp": 70, "atk": 65, "def": 60, "spa": 90, "spd": 75, "spe": 90}, "stats": {"hp": 255, "atk": 114, "def": 149, "spa": 199, "spd": 174, "spe": 199}, "types": ["Bug", "Poison"]}, "Ludicolo": {"name": "Ludicolo", "species": "Ludicolo", "speciesId": "ludicolo", "gender": "F", "shiny": false, "level": 90, "moves": ["icebeam", "gigadrain", "hydropump", "raindance"], "ability": "Swift Swim", "evs": {"hp": 85, "atk": 0, "def": 85, "spa": 85, "spd": 85, "spe": 85}, "ivs": {"hp": 31, "atk": 0, "def": 31, "spa": 31, "spd": 31, "spe": 31}, "item": "Life Orb", "teraType": "Water", "role": "Setup Sweeper", "bvs": {"hp": 80, "atk": 70, "def": 70, "spa": 90, "spd": 100, "spe": 70}, "stats": {"hp": 290, "atk": 131, "def": 177, "spa": 213, "spd": 231, "spe": 177}, "types": ["Water", "Grass"]}, "Dragapult": {"name": "Dragapult", "species": "Dragapult", "speciesId": "dragapult", "gender": "F", "shiny": false, "level": 77, "moves": ["willowisp", "hex", "uturn", "dragondarts"], "ability": "Infiltrator", "evs": {"hp": 85, "atk": 85, "def": 85, "spa": 85, "spd": 85, "spe": 85}, "ivs": {"hp": 31, "atk": 31, "def": 31, "spa": 31, "spd": 31, "spe": 31}, "item": "Heavy-Duty Boots", "teraType": "Dragon", "role": "Fast Support", "bvs": {"hp": 88, "atk": 120, "def": 75, "spa": 100, "spd": 75, "spe": 142}, "stats": {"hp": 262, "atk": 229, "def": 160, "spa": 199, "spd": 160, "spe": 263}, "types": ["Dragon", "Ghost"]}, "Heracross": {"name": "Heracross", "species": "Heracross", "speciesId": "heracross", "gender": "M", "shiny": false, "level": 80, "moves": ["trailblaze", "facade", "knockoff", "closecombat"], "ability": "Guts", "evs": {"hp": 85, "atk": 85, "def": 85, "spa": 85, "spd": 85, "spe": 85}, "ivs": {"hp": 31, "atk": 31, "def": 31, "spa": 31, "spd": 31, "spe": 31}, "item": "Flame Orb", "teraType": "Normal", "role": "Setup Sweeper", "bvs": {"hp": 80, "atk": 125, "def": 75, "spa": 40, "spd": 95, "spe": 85}, "stats": {"hp": 259, "atk": 246, "def": 166, "spa": 110, "spd": 198, "spe": 182}, "types": ["Bug", "Fighting"]}, "Dachsbun": {"name": "Dachsbun", "species": "Dachsbun", "speciesId": "dachsbun", "gender": "F", "shiny": false, "level": 92, "moves": ["protect", "wish", "yawn", "playrough"], "ability": "Well-Baked Body", "evs": {"hp": 85, "atk": 85, "def": 85, "spa": 85, "spd": 85, "spe": 85}, "ivs": {"hp": 31, "atk": 31, "def": 31, "spa": 31, "spd": 31, "spe": 31}, "item": "Leftovers", "teraType": "Steel", "role": "Bulky Support", "bvs": {"hp": 57, "atk": 80, "def": 115, "spa": 50, "spd": 80, "spe": 95}, "stats": {"hp": 254, "atk": 200, "def": 264, "spa": 144, "spd": 200, "spe": 227}, "types": ["Fairy"]}}, {"Sandslash": {"name": "Sandslash", "species": "Sandslash-Alola", "speciesId": "sandslashalola", "gender": "F", "shiny": false, "level": 88, "moves": ["rapidspin", "tripleaxel", "earthquake", "ironhead"], "ability": "Slush Rush", "evs": {"hp": 85, "atk": 85, "def": 85, "spa": 85, "spd": 85, "spe": 85}, "ivs": {"hp": 31, "atk": 31, "def": 31, "spa": 31, "spd": 31, "spe": 31}, "item": "Assault Vest", "teraType": "Flying", "role": "Bulky Support", "bvs": {"hp": 75, "atk": 100, "def": 120, "spa": 25, "spd": 65, "spe": 65}, "stats": {"hp": 275, "atk": 226, "def": 261, "spa": 94, "spd": 165, "spe": 165}, "types": ["Ice", "Steel"]}, "Scyther": {"name": "Scyther", "species": "Scyther", "speciesId": "scyther", "gender": "M", "shiny": false, "level": 82, "moves": ["uturn", "closecombat", "defog", "dualwingbeat"], "ability": "Technician", "evs": {"hp": 85, "atk": 85, "def": 85, "spa": 85, "spd": 85, "spe": 85}, "ivs": {"hp": 31, "atk": 31, "def": 31, "spa": 31, "spd": 31, "spe": 31}, "item": "Heavy-Duty Boots", "teraType": "Fighting", "role": "Fast Support", "bvs": {"hp": 70, "atk": 110, "def": 80, "spa": 55, "spd": 80, "spe": 105}, "stats": {"hp": 249, "atk": 228, "def": 178, "spa": 137, "spd": 178, "spe": 219}, "types": ["Bug", "Flying"]}, "Rayquaza": {"name": "Rayquaza", "species": "Rayquaza", "speciesId": "rayquaza", "gender": "N", "shiny": false, "level": 72, "moves": ["dragonascent", "dragondance", "earthquake", "outrage"], "ability": "Air Lock", "evs": {"hp": 85, "atk": 85, "def": 85, "spa": 85, "spd": 85, "spe": 85}, "ivs": {"hp": 31, "atk": 31, "def": 31, "spa": 31, "spd": 31, "spe": 31}, "item": "Heavy-Duty Boots", "teraType": "Flying", "role": "Setup Sweeper", "bvs": {"hp": 105, "atk": 150, "def": 90, "spa": 150, "spd": 90, "spe": 95}, "stats": {"hp": 270, "atk": 258, "def": 172, "spa": 258, "spd": 172, "spe": 179}, "types": ["Dragon", "Flying"]}, "Kyogre": {"name": "Kyogre", "species": "Kyogre", "speciesId": "kyogre", "gender": "N", "shiny": false, "level": 71, "moves": ["calmmind", "thunder", "icebeam", "originpulse"], "ability": "Drizzle", "evs": {"hp": 85, "atk": 0, "def": 85, "spa": 85, "spd": 85, "spe": 85}, "ivs": {"hp": 31, "atk": 0, "def": 31, "spa": 31, "spd": 31, "spe": 31}, "item": "Leftovers", "teraType": "Steel", "role": "Bulky Setup", "bvs": {"hp": 100, "atk": 100, "def": 90, "spa": 150, "spd": 140, "spe": 90}, "stats": {"hp": 259, "atk": 147, "def": 169, "spa": 254, "spd": 240, "spe": 169}, "types": ["Water"]}, "Garganacl": {"name": "Garganacl", "species": "Garganacl", "speciesId": "garganacl", "gender": "F", "shiny": false, "level": 80, "moves": ["recover", "earthquake", "protect", "saltcure"], "ability": "Purifying Salt", "evs": {"hp": 85, "atk": 85, "def": 85, "spa": 85, "spd": 85, "spe": 85}, "ivs": {"hp": 31, "atk": 31, "def": 31, "spa": 31, "spd": 31, "spe": 31}, "item": "Leftovers", "teraType": "Ghost", "role": "Bulky Attacker", "bvs": {"hp": 100, "atk": 100, "def": 130, "spa": 45, "spd": 90, "spe": 35}, "stats": {"hp": 291, "atk": 206, "def": 254, "spa": 118, "spd": 190, "spe": 102}, "types": ["Rock"]}, "Jirachi": {"name": "Jirachi", "species": "Jirachi", "speciesId": "jirachi", "gender": "N", "shiny": false, "level": 80, "moves": ["bodyslam", "ironhead", "wish", "protect"], "ability": "Serene Grace", "evs": {"hp": 85, "atk": 85, "def": 85, "spa": 85, "spd": 85, "spe": 85}, "ivs": {"hp": 31, "atk": 31, "def": 31, "spa": 31, "spd": 31, "spe": 31}, "item": "Leftovers", "teraType": "Water", "role": "Fast Support", "bvs": {"hp": 100, "atk": 100, "def": 100, "spa": 100, "spd": 100, "spe": 100}, "stats": {"hp": 291, "atk": 206, "def": 206, "spa": 206, "spd": 206, "spe": 206}, "types": ["Steel", "Psychic"]}}]}