{"id": "gen9randombattle-2641760092", "format": "[Gen 9] Random Battle", "players": ["goatgetaa", "4125al41"], "log": "|j|\u2606goatgetaa\n|j|\u26064125al41\n|t:|1782838614\n|gametype|singles\n|player|p1|goatgetaa|miku-ghost|2046\n|player|p2|4125al41|lucas|2092\n|gen|9\n|tier|[Gen 9] Random Battle\n|rated|\n|rule|Species Clause: Limit one of each Pok\u00e9mon\n|rule|HP Percentage Mod: HP is shown in percentages\n|rule|Sleep Clause Mod: Limit one foe put to sleep\n|rule|Illusion Level Mod: Illusion disguises the Pok\u00e9mon's true level\n|\n|t:|1782838614\n|teamsize|p1|6\n|teamsize|p2|6\n|start\n|switch|p1a: Arboliva|Arboliva, L91, F|288/288\n|switch|p2a: Pincurchin|Pincurchin, F|258/258\n|-fieldstart|move: Electric Terrain|[from] ability: Electric Surge|[of] p2a: Pincurchin\n|turn|1\n|inactive|Battle timer is ON: inactive players will automatically lose when time's up. (requested by goatgetaa)\n|\n|t:|1782838629\n|switch|p2a: Arbok|Arbok, L87, F|246/246\n|-ability|p2a: Arbok|Intimidate|boost\n|-unboost|p1a: Arboliva|atk|1\n|move|p1a: Arboliva|Substitute|p1a: Arboliva\n|-start|p1a: Arboliva|Substitute\n|-damage|p1a: Arboliva|216/288\n|\n|upkeep\n|turn|2\n|\n|t:|1782838633\n|move|p2a: Arbok|Gunk Shot|p1a: Arboliva\n|-supereffective|p1a: Arboliva\n|-end|p1a: Arboliva|Substitute\n|move|p1a: Arboliva|Leech Seed|p2a: Arbok\n|-start|p2a: Arbok|move: Leech Seed\n|\n|-damage|p2a: Arbok|216/246|[from] Leech Seed|[of] p1a: Arboliva\n|-heal|p1a: Arboliva|246/288|[silent]\n|upkeep\n|turn|3\n|\n|t:|1782838639\n|switch|p2a: Noivern|Noivern, L82, M|274/274\n|move|p1a: Arboliva|Protect||[still]\n|-fail|p1a: Arboliva\n|\n|upkeep\n|turn|4\n|\n|t:|1782838654\n|switch|p1a: Skarmory|Skarmory, L80, F|235/235\n|move|p2a: Noivern|Flamethrower|p1a: Skarmory\n|-supereffective|p1a: Skarmory\n|-damage|p1a: Skarmory|87/235\n|\n|upkeep\n|turn|5\n|\n|t:|1782838662\n|move|p2a: Noivern|Flamethrower|p1a: Skarmory\n|-supereffective|p1a: Skarmory\n|-damage|p1a: Skarmory|0 fnt\n|faint|p1a: Skarmory\n|\n|-fieldend|move: Electric Terrain\n|upkeep\n|\n|t:|1782838674\n|switch|p1a: Wigglytuff|Wigglytuff, L96, M|424/424\n|turn|6\n|\n|t:|1782838682\n|switch|p2a: Dunsparce|Dunsparce, L86, M|312/312\n|move|p1a: Wigglytuff|Thunder Wave|p2a: Dunsparce\n|-status|p2a: Dunsparce|par\n|\n|upkeep\n|turn|7\n|\n|t:|1782838689\n|move|p1a: Wigglytuff|Knock Off|p2a: Dunsparce\n|-damage|p2a: Dunsparce|262/312 par\n|-enditem|p2a: Dunsparce|Eviolite|[from] move: Knock Off|[of] p1a: Wigglytuff\n|move|p2a: Dunsparce|Body Slam|p1a: Wigglytuff\n|-damage|p1a: Wigglytuff|321/424\n|-status|p1a: Wigglytuff|par\n|\n|-heal|p1a: Wigglytuff|347/424 par|[from] item: Leftovers\n|upkeep\n|turn|8\n|\n|t:|1782838701\n|move|p1a: Wigglytuff|Alluring Voice|p2a: Dunsparce\n|-damage|p2a: Dunsparce|144/312 par\n|move|p2a: Dunsparce|Coil|p2a: Dunsparce\n|-boost|p2a: Dunsparce|atk|1\n|-boost|p2a: Dunsparce|def|1\n|-boost|p2a: Dunsparce|accuracy|1\n|\n|-heal|p1a: Wigglytuff|373/424 par|[from] item: Leftovers\n|upkeep\n|turn|9\n|\n|t:|1782838705\n|move|p1a: Wigglytuff|Alluring Voice|p2a: Dunsparce\n|-damage|p2a: Dunsparce|15/312 par\n|move|p2a: Dunsparce|Body Slam|p1a: Wigglytuff\n|-damage|p1a: Wigglytuff|223/424 par\n|\n|-heal|p1a: Wigglytuff|249/424 par|[from] item: Leftovers\n|upkeep\n|turn|10\n|\n|t:|1782838710\n|cant|p1a: Wigglytuff|par\n|move|p2a: Dunsparce|Roost|p2a: Dunsparce\n|-heal|p2a: Dunsparce|171/312 par\n|-singleturn|p2a: Dunsparce|move: Roost\n|\n|-heal|p1a: Wigglytuff|275/424 par|[from] item: Leftovers\n|upkeep\n|turn|11\n|\n|t:|1782838716\n|move|p1a: Wigglytuff|Alluring Voice|p2a: Dunsparce\n|-damage|p2a: Dunsparce|50/312 par\n|move|p2a: Dunsparce|Roost|p2a: Dunsparce\n|-heal|p2a: Dunsparce|206/312 par\n|-singleturn|p2a: Dunsparce|move: Roost\n|\n|-heal|p1a: Wigglytuff|301/424 par|[from] item: Leftovers\n|upkeep\n|turn|12\n|\n|t:|1782838721\n|move|p1a: Wigglytuff|Alluring Voice|p2a: Dunsparce\n|-damage|p2a: Dunsparce|91/312 par\n|cant|p2a: Dunsparce|par\n|\n|-heal|p1a: Wigglytuff|327/424 par|[from] item: Leftovers\n|upkeep\n|turn|13\n|\n|t:|1782838725\n|move|p1a: Wigglytuff|Alluring Voice|p2a: Dunsparce\n|-damage|p2a: Dunsparce|0 fnt\n|faint|p2a: Dunsparce\n|\n|-heal|p1a: Wigglytuff|353/424 par|[from] item: Leftovers\n|upkeep\n|\n|t:|1782838726\n|switch|p2a: Arbok|Arbok, L87, F|216/246\n|-ability|p2a: Arbok|Intimidate|boost\n|-unboost|p1a: Wigglytuff|atk|1\n|-ability|p1a: Wigglytuff|Competitive|boost\n|-boost|p1a: Wigglytuff|spa|2\n|turn|14\n|\n|t:|1782838731\n|switch|p2a: Pincurchin|Pincurchin, F|258/258\n|-fieldstart|move: Electric Terrain|[from] ability: Electric Surge|[of] p2a: Pincurchin\n|move|p1a: Wigglytuff|Thunder Wave|p2a: Pincurchin\n|-immune|p2a: Pincurchin\n|\n|-heal|p1a: Wigglytuff|379/424 par|[from] item: Leftovers\n|upkeep\n|turn|15\n|\n|t:|1782838735\n|move|p2a: Pincurchin|Zing Zap|p1a: Wigglytuff\n|-damage|p1a: Wigglytuff|147/424 par\n|cant|p1a: Wigglytuff|flinch\n|\n|-heal|p1a: Wigglytuff|173/424 par|[from] item: Leftovers\n|upkeep\n|turn|16\n|\n|t:|1782838739\n|move|p2a: Pincurchin|Zing Zap|p1a: Wigglytuff\n|-damage|p1a: Wigglytuff|0 fnt\n|faint|p1a: Wigglytuff\n|\n|upkeep\n|\n|t:|1782838746\n|switch|p1a: Arboliva|Arboliva, L91, F|246/288\n|turn|17\n|\n|t:|1782838751\n|move|p1a: Arboliva|Leech Seed|p2a: Pincurchin\n|-start|p2a: Pincurchin|move: Leech Seed\n|move|p2a: Pincurchin|Curse|p2a: Pincurchin\n|-unboost|p2a: Pincurchin|spe|1\n|-boost|p2a: Pincurchin|atk|1\n|-boost|p2a: Pincurchin|def|1\n|\n|-damage|p2a: Pincurchin|226/258|[from] Leech Seed|[of] p1a: Arboliva\n|-heal|p1a: Arboliva|278/288|[silent]\n|upkeep\n|turn|18\n|\n|t:|1782838756\n|switch|p2a: Noivern|Noivern, L82, M|274/274\n|move|p1a: Arboliva|Substitute|p1a: Arboliva\n|-start|p1a: Arboliva|Substitute\n|-damage|p1a: Arboliva|206/288\n|\n|-fieldend|move: Electric Terrain\n|upkeep\n|turn|19\n|\n|t:|1782838761\n|move|p2a: Noivern|Hurricane|p1a: Arboliva\n|-supereffective|p1a: Arboliva\n|-damage|p1a: Arboliva|42/288\n|-enditem|p1a: Arboliva|Sitrus Berry|[eat]\n|-heal|p1a: Arboliva|114/288|[from] item: Sitrus Berry\n|move|p1a: Arboliva|Leech Seed|p2a: Noivern\n|-start|p2a: Noivern|move: Leech Seed\n|\n|-damage|p2a: Noivern|240/274|[from] Leech Seed|[of] p1a: Arboliva\n|-heal|p1a: Arboliva|148/288|[silent]\n|upkeep\n|turn|20\n|\n|t:|1782838773\n|switch|p2a: Floatzel|Floatzel, L86, F|286/286\n|move|p1a: Arboliva|Protect||[still]\n|-fail|p1a: Arboliva\n|\n|-item|p1a: Arboliva|Sitrus Berry|[from] ability: Harvest\n|upkeep\n|turn|21\n|\n|t:|1782838780\n|move|p2a: Floatzel|Taunt|p1a: Arboliva\n|-start|p1a: Arboliva|move: Taunt\n|cant|p1a: Arboliva|move: Taunt|Leech Seed\n|\n|upkeep\n|turn|22\n|\n|t:|1782838786\n|move|p2a: Floatzel|Ice Spinner|p1a: Arboliva\n|-supereffective|p1a: Arboliva\n|-end|p1a: Arboliva|Substitute\n|move|p1a: Arboliva|Hyper Voice|p2a: Floatzel\n|-damage|p2a: Floatzel|90/286\n|\n|-heal|p2a: Floatzel|107/286|[from] item: Leftovers\n|upkeep\n|turn|23\n|\n|t:|1782838798\n|switch|p1a: Slither Wing|Slither Wing, L81|270/270\n|move|p2a: Floatzel|Ice Spinner|p1a: Slither Wing\n|-damage|p1a: Slither Wing|203/270\n|\n|-heal|p2a: Floatzel|124/286|[from] item: Leftovers\n|upkeep\n|turn|24\n|\n|t:|1782838806\n|switch|p2a: Arbok|Arbok, L87, F|216/246\n|-ability|p2a: Arbok|Intimidate|boost\n|-unboost|p1a: Slither Wing|atk|1\n|move|p1a: Slither Wing|U-turn|p2a: Arbok\n|-resisted|p2a: Arbok\n|-crit|p2a: Arbok\n|-damage|p2a: Arbok|116/246\n|-damage|p1a: Slither Wing|176/270|[from] item: Life Orb\n|\n|t:|1782838817\n|-end|p1a: Slither Wing|Protosynthesis|[silent]\n|switch|p1a: Munkidori|Munkidori, L79, M|269/269|[from] U-turn\n|\n|-heal|p2a: Arbok|131/246|[from] item: Leftovers\n|upkeep\n|turn|25\n|\n|t:|1782838824\n|switch|p2a: Pincurchin|Pincurchin, F|226/258\n|-fieldstart|move: Electric Terrain|[from] ability: Electric Surge|[of] p2a: Pincurchin\n|move|p1a: Munkidori|Psychic Noise|p2a: Pincurchin\n|-damage|p2a: Pincurchin|156/258\n|-start|p2a: Pincurchin|move: Heal Block\n|\n|upkeep\n|turn|26\n|\n|t:|1782838836\n|switch|p2a: Floatzel|Floatzel, L86, F|124/286\n|move|p1a: Munkidori|U-turn|p2a: Floatzel\n|-damage|p2a: Floatzel|78/286\n|\n|t:|1782838844\n|switch|p1a: Kilowattrel|Kilowattrel, L83, F|252/252|[from] U-turn\n|\n|-heal|p2a: Floatzel|95/286|[from] item: Leftovers\n|upkeep\n|turn|27\n|\n|t:|1782838849\n|switch|p2a: Pincurchin|Pincurchin, F|156/258\n|move|p1a: Kilowattrel|Thunderbolt|p2a: Pincurchin\n|-resisted|p2a: Pincurchin\n|-damage|p2a: Pincurchin|116/258\n|\n|-heal|p2a: Pincurchin|132/258|[from] item: Leftovers\n|upkeep\n|turn|28\n|\n|t:|1782838860\n|move|p1a: Kilowattrel|Hurricane|p2a: Pincurchin\n|-resisted|p2a: Pincurchin\n|-damage|p2a: Pincurchin|80/258\n|move|p2a: Pincurchin|Zing Zap|p1a: Kilowattrel\n|-immune|p1a: Kilowattrel|[from] ability: Volt Absorb\n|\n|-heal|p2a: Pincurchin|96/258|[from] item: Leftovers\n|upkeep\n|turn|29\n|\n|t:|1782838866\n|move|p1a: Kilowattrel|Hurricane|p2a: Pincurchin\n|-resisted|p2a: Pincurchin\n|-damage|p2a: Pincurchin|41/258\n|move|p2a: Pincurchin|Recover|p2a: Pincurchin\n|-heal|p2a: Pincurchin|170/258\n|\n|-heal|p2a: Pincurchin|186/258|[from] item: Leftovers\n|-fieldend|move: Electric Terrain\n|upkeep\n|turn|30\n|\n|t:|1782838877\n|switch|p2a: Noivern|Noivern, L82, M|240/274\n|move|p1a: Kilowattrel|U-turn|p2a: Noivern\n|-resisted|p2a: Noivern\n|-damage|p2a: Noivern|218/274\n|\n|t:|1782838883\n|switch|p1a: Munkidori|Munkidori, L79, M|269/269|[from] U-turn\n|\n|upkeep\n|turn|31\n|\n|t:|1782838897\n|switch|p2a: Floatzel|Floatzel, L86, F|95/286\n|move|p1a: Munkidori|Fake Out|p2a: Floatzel\n|-damage|p2a: Floatzel|66/286\n|\n|-heal|p2a: Floatzel|83/286|[from] item: Leftovers\n|upkeep\n|turn|32\n|\n|t:|1782838908\n|move|p2a: Floatzel|Wave Crash|p1a: Munkidori\n|-damage|p1a: Munkidori|88/269\n|-damage|p2a: Floatzel|23/286|[from] Recoil\n|move|p1a: Munkidori|Psychic Noise|p2a: Floatzel\n|-damage|p2a: Floatzel|0 fnt\n|faint|p2a: Floatzel\n|\n|upkeep\n|\n|t:|1782838923\n|switch|p2a: Arbok|Arbok, L87, F|131/246\n|-ability|p2a: Arbok|Intimidate|boost\n|-unboost|p1a: Munkidori|atk|1\n|turn|33\n|\n|t:|1782838928\n|move|p2a: Arbok|Sucker Punch|p1a: Munkidori\n|-supereffective|p1a: Munkidori\n|-damage|p1a: Munkidori|0 fnt\n|faint|p1a: Munkidori\n|\n|-heal|p2a: Arbok|146/246|[from] item: Leftovers\n|upkeep\n|\n|t:|1782838938\n|switch|p1a: Slither Wing|Slither Wing, L81|176/270\n|turn|34\n|\n|t:|1782838946\n|move|p2a: Arbok|Coil|p2a: Arbok\n|-boost|p2a: Arbok|atk|1\n|-boost|p2a: Arbok|def|1\n|-boost|p2a: Arbok|accuracy|1\n|move|p1a: Slither Wing|Earthquake|p2a: Arbok\n|-supereffective|p2a: Arbok\n|-damage|p2a: Arbok|0 fnt\n|faint|p2a: Arbok\n|-damage|p1a: Slither Wing|149/270|[from] item: Life Orb\n|\n|upkeep\n|\n|t:|1782838960\n|switch|p2a: Noivern|Noivern, L82, M|218/274\n|turn|35\n|\n|t:|1782838963\n|-end|p1a: Slither Wing|Protosynthesis|[silent]\n|switch|p1a: Kilowattrel|Kilowattrel, L83, F|252/252\n|move|p2a: Noivern|Draco Meteor|p1a: Kilowattrel\n|-damage|p1a: Kilowattrel|90/252\n|-unboost|p2a: Noivern|spa|2\n|\n|upkeep\n|turn|36\n|\n|t:|1782838968\n|switch|p2a: Florges|Florges-White, L85, F|271/271\n|move|p1a: Kilowattrel|Roost|p1a: Kilowattrel\n|-heal|p1a: Kilowattrel|216/252\n|-singleturn|p1a: Kilowattrel|move: Roost\n|\n|upkeep\n|turn|37\n|\n|t:|1782838976\n|move|p1a: Kilowattrel|Thunderbolt|p2a: Florges\n|-damage|p2a: Florges|211/271\n|move|p2a: Florges|Calm Mind|p2a: Florges\n|-boost|p2a: Florges|spa|1\n|-boost|p2a: Florges|spd|1\n|\n|-heal|p2a: Florges|227/271|[from] item: Leftovers\n|upkeep\n|turn|38\n|\n|t:|1782838982\n|move|p1a: Kilowattrel|U-turn|p2a: Florges\n|-resisted|p2a: Florges\n|-damage|p2a: Florges|202/271\n|\n|t:|1782838990\n|switch|p1a: Slither Wing|Slither Wing, L81|149/270|[from] U-turn\n|move|p2a: Florges|Moonblast|p1a: Slither Wing\n|-supereffective|p1a: Slither Wing\n|-damage|p1a: Slither Wing|0 fnt\n|faint|p1a: Slither Wing\n|-end|p1a: Slither Wing|Protosynthesis|[silent]\n|\n|-heal|p2a: Florges|218/271|[from] item: Leftovers\n|upkeep\n|\n|t:|1782838994\n|switch|p1a: Arboliva|Arboliva, L91, F|148/288\n|turn|39\n|\n|t:|1782839007\n|move|p2a: Florges|Moonblast|p1a: Arboliva\n|-damage|p1a: Arboliva|9/288\n|-enditem|p1a: Arboliva|Sitrus Berry|[eat]\n|-heal|p1a: Arboliva|81/288|[from] item: Sitrus Berry\n|move|p1a: Arboliva|Leech Seed|p2a: Florges\n|-start|p2a: Florges|move: Leech Seed\n|\n|-heal|p2a: Florges|234/271|[from] item: Leftovers\n|-damage|p2a: Florges|201/271|[from] Leech Seed|[of] p1a: Arboliva\n|-heal|p1a: Arboliva|114/288|[silent]\n|upkeep\n|turn|40\n|\n|t:|1782839016\n|switch|p2a: Noivern|Noivern, L82, M|218/274\n|move|p1a: Arboliva|Protect||[still]\n|-fail|p1a: Arboliva\n|\n|upkeep\n|turn|41\n|\n|t:|1782839023\n|move|p1a: Arboliva|Protect|p1a: Arboliva\n|-singleturn|p1a: Arboliva|Protect\n|move|p2a: Noivern|Flamethrower|p1a: Arboliva\n|-activate|p1a: Arboliva|move: Protect\n|\n|upkeep\n|turn|42\n|\n|t:|1782839035\n|-terastallize|p1a: Arboliva|Poison\n|move|p2a: Noivern|Flamethrower|p1a: Arboliva\n|-damage|p1a: Arboliva|65/288\n|move|p1a: Arboliva|Leech Seed|p2a: Noivern\n|-start|p2a: Noivern|move: Leech Seed\n|\n|-damage|p2a: Noivern|184/274|[from] Leech Seed|[of] p1a: Arboliva\n|-heal|p1a: Arboliva|99/288|[silent]\n|upkeep\n|turn|43\n|\n|t:|1782839053\n|move|p2a: Noivern|Roost|p2a: Noivern\n|-heal|p2a: Noivern|274/274\n|-singleturn|p2a: Noivern|move: Roost\n|move|p1a: Arboliva|Substitute|p1a: Arboliva\n|-start|p1a: Arboliva|Substitute\n|-damage|p1a: Arboliva|27/288\n|\n|-damage|p2a: Noivern|240/274|[from] Leech Seed|[of] p1a: Arboliva\n|-heal|p1a: Arboliva|61/288|[silent]\n|upkeep\n|turn|44\n|\n|t:|1782839066\n|move|p2a: Noivern|Draco Meteor|p1a: Arboliva\n|-damage|p1a: Arboliva|0 fnt\n|-unboost|p2a: Noivern|spa|2\n|faint|p1a: Arboliva\n|\n|upkeep\n|\n|t:|1782839071\n|switch|p1a: Kilowattrel|Kilowattrel, L83, F|216/252\n|turn|45\n|c|\u26064125al41|gg\n|\n|t:|1782839075\n|switch|p2a: Pincurchin|Pincurchin, F|186/258\n|-fieldstart|move: Electric Terrain|[from] ability: Electric Surge|[of] p2a: Pincurchin\n|move|p1a: Kilowattrel|Hurricane|p2a: Pincurchin\n|-resisted|p2a: Pincurchin\n|-damage|p2a: Pincurchin|134/258\n|\n|-heal|p2a: Pincurchin|150/258|[from] item: Leftovers\n|upkeep\n|turn|46\n|\n|t:|1782839081\n|move|p1a: Kilowattrel|Hurricane|p2a: Pincurchin\n|-resisted|p2a: Pincurchin\n|-damage|p2a: Pincurchin|98/258\n|move|p2a: Pincurchin|Curse|p2a: Pincurchin\n|-unboost|p2a: Pincurchin|spe|1\n|-boost|p2a: Pincurchin|atk|1\n|-boost|p2a: Pincurchin|def|1\n|\n|-heal|p2a: Pincurchin|114/258|[from] item: Leftovers\n|upkeep\n|turn|47\n|\n|t:|1782839086\n|move|p1a: Kilowattrel|Hurricane|p2a: Pincurchin|[miss]\n|-miss|p1a: Kilowattrel|p2a: Pincurchin\n|move|p2a: Pincurchin|Recover|p2a: Pincurchin\n|-heal|p2a: Pincurchin|243/258\n|\n|-heal|p2a: Pincurchin|258/258|[from] item: Leftovers\n|upkeep\n|turn|48\n|-message|goatgetaa forfeited.\n|\n|win|4125al41\n|raw|goatgetaa's rating: 2046 &rarr; <strong>2029</strong><br />(-17 for losing)\n|raw|4125al41's rating: 2092 &rarr; <strong>2109</strong><br />(+17 for winning)\n", "inputlog": ">version f8ac14003a5f27e1bdc8d8c59608a773c1cb96e5\n>start {\"formatid\":\"gen9randombattle\",\"seed\":\"sodium,548610166f76759f22391f4b44926bd3\",\"rated\":\"Rated battle\"}\n>player p1 {\"name\":\"goatgetaa\",\"avatar\":\"miku-ghost\",\"rating\":2046,\"seed\":\"sodium,678efa3a28c958848b99c27f29e9a545\"}\n>player p2 {\"name\":\"4125al41\",\"avatar\":\"lucas\",\"rating\":2092,\"seed\":\"sodium,badad36b95d72212e5764098b2a2e132\"}\n>p1 move substitute\n>p2 switch 5\n>p1 move leechseed\n>p2 move gunkshot\n>p1 move protect\n>p2 switch 4\n>p1 switch 2\n>p2 move flamethrower\n>p1 move stealthrock\n>p2 move flamethrower\n>p1 switch 6\n>p1 move thunderwave\n>p2 switch 6\n>p1 move knockoff\n>p2 move bodyslam\n>p1 move alluringvoice\n>p2 move coil\n>p1 move alluringvoice\n>p2 move bodyslam\n>p1 move alluringvoice\n>p2 move roost\n>p1 move alluringvoice\n>p2 move roost\n>p1 move alluringvoice\n>p2 move bodyslam\n>p1 move alluringvoice\n>p2 move bodyslam\n>p2 switch 4\n>p1 move thunderwave\n>p2 switch 5\n>p1 move alluringvoice\n>p2 move zingzap\n>p1 move alluringvoice\n>p2 move zingzap\n>p1 switch 2\n>p1 move leechseed\n>p2 move curse\n>p1 move substitute\n>p2 switch 6\n>p1 move leechseed\n>p2 move hurricane\n>p1 move protect\n>p2 switch 2\n>p1 move leechseed\n>p2 move taunt\n>p1 move hypervoice\n>p2 move icespinner\n>p1 switch 4\n>p2 move icespinner\n>p1 move uturn\n>p2 switch 5\n>p1 switch 5\n>p1 move psychicnoise\n>p2 switch 6\n>p1 move uturn\n>p2 switch 5\n>p1 switch 3\n>p1 move thunderbolt\n>p2 switch 5\n>p1 move hurricane\n>p2 move zingzap\n>p1 move hurricane\n>p2 move recover\n>p1 move uturn\n>p2 switch 2\n>p1 switch 3\n>p1 move fakeout\n>p2 switch 5\n>p1 move psychicnoise\n>p2 move wavecrash\n>p2 switch 6\n>p1 move psychicnoise\n>p2 move suckerpunch\n>p1 switch 5\n>p1 move earthquake\n>p2 move coil\n>p2 switch 5\n>p1 switch 3\n>p2 move dracometeor\n>p1 move roost\n>p2 switch 3\n>p1 move thunderbolt\n>p2 move calmmind\n>p1 move uturn\n>p2 move moonblast\n>p1 switch 3\n>p1 switch 4\n>p1 move leechseed\n>p2 move moonblast\n>p1 move protect\n>p2 switch 3\n>p1 move protect\n>p2 move flamethrower\n>p1 move leechseed terastallize\n>p2 move flamethrower\n>p1 move substitute\n>p2 move roost\n>p1 move hypervoice\n>p2 move dracometeor\n>p1 switch 3\n>chat \u26064125al41|gg\n>p1 move hurricane\n>p2 switch 2\n>p1 move hurricane\n>p2 move curse\n>p1 move hurricane\n>p2 move recover\n>forcelose p1", "uploadtime": 1782839090, "views": 8, "formatid": "gen9randombattle", "rating": 2029, "private": 0, "password": null, "player_dets": [{"name": "goatgetaa", "avatar": "miku-ghost", "rating": 2046, "seed": "sodium,678efa3a28c958848b99c27f29e9a545"}, {"name": "4125al41", "avatar": "lucas", "rating": 2092, "seed": "sodium,badad36b95d72212e5764098b2a2e132"}], "teams_full": [{"Arboliva": {"name": "Arboliva", "species": "Arboliva", "speciesId": "arboliva", "gender": "F", "shiny": false, "level": 91, "moves": ["leechseed", "substitute", "hypervoice", "protect"], "ability": "Harvest", "evs": {"hp": 77, "atk": 0, "def": 85, "spa": 85, "spd": 85, "spe": 85}, "ivs": {"hp": 31, "atk": 0, "def": 31, "spa": 31, "spd": 31, "spe": 31}, "item": "Sitrus Berry", "teraType": "Poison", "role": "Bulky Support", "bvs": {"hp": 78, "atk": 69, "def": 90, "spa": 125, "spd": 109, "spe": 39}, "stats": {"hp": 288, "atk": 130, "def": 216, "spa": 279, "spd": 250, "spe": 123}, "types": ["Grass", "Normal"]}, "Skarmory": {"name": "Skarmory", "species": "Skarmory", "speciesId": "skarmory", "gender": "F", "shiny": false, "level": 80, "moves": ["bodypress", "roost", "bravebird", "stealthrock"], "ability": "Sturdy", "evs": {"hp": 85, "atk": 85, "def": 85, "spa": 85, "spd": 85, "spe": 85}, "ivs": {"hp": 31, "atk": 31, "def": 31, "spa": 31, "spd": 31, "spe": 31}, "item": "Rocky Helmet", "teraType": "Dragon", "role": "Bulky Attacker", "bvs": {"hp": 65, "atk": 80, "def": 140, "spa": 40, "spd": 70, "spe": 70}, "stats": {"hp": 235, "atk": 174, "def": 270, "spa": 110, "spd": 158, "spe": 158}, "types": ["Steel", "Flying"]}, "Kilowattrel": {"name": "Kilowattrel", "species": "Kilowattrel", "speciesId": "kilowattrel", "gender": "F", "shiny": false, "level": 83, "moves": ["uturn", "hurricane", "roost", "thunderbolt"], "ability": "Volt Absorb", "evs": {"hp": 85, "atk": 85, "def": 85, "spa": 85, "spd": 85, "spe": 85}, "ivs": {"hp": 31, "atk": 31, "def": 31, "spa": 31, "spd": 31, "spe": 31}, "item": "Heavy-Duty Boots", "teraType": "Water", "role": "Bulky Attacker", "bvs": {"hp": 70, "atk": 70, "def": 60, "spa": 105, "spd": 60, "spe": 125}, "stats": {"hp": 252, "atk": 164, "def": 147, "spa": 222, "spd": 147, "spe": 255}, "types": ["Electric", "Flying"]}, "Slither Wing": {"name": "Slither Wing", "species": "Slither Wing", "speciesId": "slitherwing", "gender": "N", "shiny": false, "level": 81, "moves": ["uturn", "earthquake", "closecombat", "firstimpression"], "ability": "Protosynthesis", "evs": {"hp": 85, "atk": 85, "def": 85, "spa": 85, "spd": 85, "spe": 85}, "ivs": {"hp": 31, "atk": 31, "def": 31, "spa": 31, "spd": 31, "spe": 31}, "item": "Life Orb", "teraType": "Bug", "role": "Fast Attacker", "bvs": {"hp": 85, "atk": 135, "def": 79, "spa": 85, "spd": 105, "spe": 81}, "stats": {"hp": 270, "atk": 265, "def": 175, "spa": 184, "spd": 217, "spe": 178}, "types": ["Bug", "Fighting"]}, "Munkidori": {"name": "Munkidori", "species": "Munkidori", "speciesId": "munkidori", "gender": "M", "shiny": false, "level": 79, "moves": ["sludgewave", "fakeout", "uturn", "psychicnoise"], "ability": "Toxic Chain", "evs": {"hp": 85, "atk": 85, "def": 85, "spa": 85, "spd": 85, "spe": 85}, "ivs": {"hp": 31, "atk": 31, "def": 31, "spa": 31, "spd": 31, "spe": 31}, "item": "Assault Vest", "teraType": "Dark", "role": "AV Pivot", "bvs": {"hp": 88, "atk": 75, "def": 66, "spa": 130, "spd": 90, "spe": 106}, "stats": {"hp": 269, "atk": 164, "def": 150, "spa": 251, "spd": 188, "spe": 213}, "types": ["Poison", "Psychic"]}, "Wigglytuff": {"name": "Wigglytuff", "species": "Wigglytuff", "speciesId": "wigglytuff", "gender": "M", "shiny": false, "level": 96, "moves": ["thunderwave", "alluringvoice", "knockoff", "fireblast"], "ability": "Competitive", "evs": {"hp": 85, "atk": 85, "def": 85, "spa": 85, "spd": 85, "spe": 85}, "ivs": {"hp": 31, "atk": 31, "def": 31, "spa": 31, "spd": 31, "spe": 31}, "item": "Leftovers", "teraType": "Steel", "role": "Bulky Support", "bvs": {"hp": 140, "atk": 70, "def": 45, "spa": 85, "spd": 50, "spe": 45}, "stats": {"hp": 424, "atk": 189, "def": 141, "spa": 218, "spd": 150, "spe": 141}, "types": ["Normal", "Fairy"]}}, {"Pincurchin": {"name": "Pincurchin", "species": "Pincurchin", "speciesId": "pincurchin", "gender": "F", "shiny": false, "level": 100, "moves": ["recover", "curse", "liquidation", "zingzap"], "ability": "Electric Surge", "evs": {"hp": 85, "atk": 85, "def": 85, "spa": 85, "spd": 85, "spe": 85}, "ivs": {"hp": 31, "atk": 31, "def": 31, "spa": 31, "spd": 31, "spe": 31}, "item": "Leftovers", "teraType": "Grass", "role": "Bulky Setup", "bvs": {"hp": 48, "atk": 101, "def": 95, "spa": 91, "spd": 85, "spe": 15}, "stats": {"hp": 258, "atk": 259, "def": 247, "spa": 239, "spd": 227, "spe": 87}, "types": ["Electric"]}, "Floatzel": {"name": "Floatzel", "species": "Floatzel", "speciesId": "floatzel", "gender": "F", "shiny": false, "level": 86, "moves": ["wavecrash", "icespinner", "taunt", "bulkup"], "ability": "Water Veil", "evs": {"hp": 85, "atk": 85, "def": 85, "spa": 85, "spd": 85, "spe": 85}, "ivs": {"hp": 31, "atk": 31, "def": 31, "spa": 31, "spd": 31, "spe": 31}, "item": "Leftovers", "teraType": "Water", "role": "Bulky Setup", "bvs": {"hp": 85, "atk": 105, "def": 55, "spa": 85, "spd": 50, "spe": 115}, "stats": {"hp": 286, "atk": 230, "def": 144, "spa": 195, "spd": 135, "spe": 247}, "types": ["Water"]}, "Florges": {"name": "Florges", "species": "Florges-White", "speciesId": "florges", "gender": "F", "shiny": false, "level": 85, "moves": ["terablast", "synthesis", "calmmind", "moonblast"], "ability": "Flower Veil", "evs": {"hp": 85, "atk": 0, "def": 85, "spa": 85, "spd": 85, "spe": 85}, "ivs": {"hp": 31, "atk": 0, "def": 31, "spa": 31, "spd": 31, "spe": 31}, "item": "Leftovers", "teraType": "Ground", "role": "Tera Blast user", "bvs": {"hp": 78, "atk": 65, "def": 68, "spa": 112, "spd": 154, "spe": 75}, "stats": {"hp": 271, "atk": 115, "def": 164, "spa": 239, "spd": 311, "spe": 176}, "types": ["Fairy"]}, "Noivern": {"name": "Noivern", "species": "Noivern", "speciesId": "noivern", "gender": "M", "shiny": false, "level": 82, "moves": ["dracometeor", "roost", "flamethrower", "hurricane"], "ability": "Infiltrator", "evs": {"hp": 85, "atk": 0, "def": 85, "spa": 85, "spd": 85, "spe": 85}, "ivs": {"hp": 31, "atk": 0, "def": 31, "spa": 31, "spd": 31, "spe": 31}, "item": "Heavy-Duty Boots", "teraType": "Fire", "role": "Fast Support", "bvs": {"hp": 85, "atk": 70, "def": 80, "spa": 97, "spd": 80, "spe": 123}, "stats": {"hp": 274, "atk": 119, "def": 178, "spa": 206, "spd": 178, "spe": 249}, "types": ["Flying", "Dragon"]}, "Arbok": {"name": "Arbok", "species": "Arbok", "speciesId": "arbok", "gender": "F", "shiny": false, "level": 87, "moves": ["coil", "gunkshot", "suckerpunch", "earthquake"], "ability": "Intimidate", "evs": {"hp": 85, "atk": 85, "def": 85, "spa": 85, "spd": 85, "spe": 85}, "ivs": {"hp": 31, "atk": 31, "def": 31, "spa": 31, "spd": 31, "spe": 31}, "item": "Leftovers", "teraType": "Dark", "role": "Bulky Attacker", "bvs": {"hp": 60, "atk": 95, "def": 69, "spa": 65, "spd": 79, "spe": 80}, "stats": {"hp": 246, "atk": 215, "def": 170, "spa": 163, "spd": 187, "spe": 189}, "types": ["Poison"]}, "Dunsparce": {"name": "Dunsparce", "species": "Dunsparce", "speciesId": "dunsparce", "gender": "M", "shiny": false, "level": 86, "moves": ["bodyslam", "earthquake", "coil", "roost"], "ability": "Serene Grace", "evs": {"hp": 85, "atk": 85, "def": 85, "spa": 85, "spd": 85, "spe": 85}, "ivs": {"hp": 31, "atk": 31, "def": 31, "spa": 31, "spd": 31, "spe": 31}, "item": "Eviolite", "teraType": "Ground", "role": "Bulky Setup", "bvs": {"hp": 100, "atk": 70, "def": 70, "spa": 65, "spd": 65, "spe": 45}, "stats": {"hp": 312, "atk": 170, "def": 170, "spa": 161, "spd": 161, "spe": 127}, "types": ["Normal"]}}]}