{"id": "gen9randombattle-2642047804", "format": "[Gen 9] Random Battle", "players": ["Jawbreaker8000", "jnpr010334"], "log": "|j|\u2606Jawbreaker8000\n|j|\u2606jnpr010334\n|t:|1782879099\n|gametype|singles\n|player|p1|Jawbreaker8000|colress|1449\n|player|p2|jnpr010334|265|1475\n|gen|9\n|tier|[Gen 9] Random Battle\n|rated|\n|rule|Species Clause: Limit one of each Pok\u00e9mon\n|rule|HP Percentage Mod: HP is shown in percentages\n|rule|Sleep Clause Mod: Limit one foe put to sleep\n|rule|Illusion Level Mod: Illusion disguises the Pok\u00e9mon's true level\n|\n|t:|1782879099\n|teamsize|p1|6\n|teamsize|p2|6\n|start\n|switch|p1a: Oricorio|Oricorio, L84, F|263/263\n|switch|p2a: Hariyama|Hariyama, L87, M|392/392\n|turn|1\n|inactive|Battle timer is ON: inactive players will automatically lose when time's up. (requested by Jawbreaker8000)\n|inactive|jnpr010334 also wants the timer to be on.\n|\n|t:|1782879105\n|move|p1a: Oricorio|Quiver Dance|p1a: Oricorio\n|-boost|p1a: Oricorio|spa|1\n|-boost|p1a: Oricorio|spd|1\n|-boost|p1a: Oricorio|spe|1\n|move|p2a: Hariyama|Knock Off|p1a: Oricorio\n|-damage|p1a: Oricorio|162/263\n|-enditem|p1a: Oricorio|Heavy-Duty Boots|[from] move: Knock Off|[of] p2a: Hariyama\n|\n|upkeep\n|turn|2\n|\n|t:|1782879111\n|move|p1a: Oricorio|Quiver Dance|p1a: Oricorio\n|-boost|p1a: Oricorio|spa|1\n|-boost|p1a: Oricorio|spd|1\n|-boost|p1a: Oricorio|spe|1\n|move|p2a: Hariyama|Knock Off|p1a: Oricorio\n|-damage|p1a: Oricorio|96/263\n|\n|upkeep\n|turn|3\n|\n|t:|1782879116\n|move|p1a: Oricorio|Roost|p1a: Oricorio\n|-heal|p1a: Oricorio|228/263\n|-singleturn|p1a: Oricorio|move: Roost\n|move|p2a: Hariyama|Knock Off|p1a: Oricorio\n|-damage|p1a: Oricorio|155/263\n|\n|upkeep\n|turn|4\n|c|\u2606Jawbreaker8000|gg\n|\n|t:|1782879123\n|move|p1a: Oricorio|Roost|p1a: Oricorio\n|-heal|p1a: Oricorio|263/263\n|-singleturn|p1a: Oricorio|move: Roost\n|move|p2a: Hariyama|Knock Off|p1a: Oricorio\n|-damage|p1a: Oricorio|196/263\n|\n|upkeep\n|turn|5\n|\n|t:|1782879128\n|move|p1a: Oricorio|Quiver Dance|p1a: Oricorio\n|-boost|p1a: Oricorio|spa|1\n|-boost|p1a: Oricorio|spd|1\n|-boost|p1a: Oricorio|spe|1\n|move|p2a: Hariyama|Knock Off|p1a: Oricorio\n|-damage|p1a: Oricorio|133/263\n|\n|upkeep\n|turn|6\n|\n|t:|1782879134\n|move|p1a: Oricorio|Roost|p1a: Oricorio\n|-heal|p1a: Oricorio|263/263\n|-singleturn|p1a: Oricorio|move: Roost\n|move|p2a: Hariyama|Knock Off|p1a: Oricorio\n|-damage|p1a: Oricorio|197/263\n|\n|upkeep\n|turn|7\n|\n|t:|1782879139\n|move|p1a: Oricorio|Quiver Dance|p1a: Oricorio\n|-boost|p1a: Oricorio|spa|1\n|-boost|p1a: Oricorio|spd|1\n|-boost|p1a: Oricorio|spe|1\n|move|p2a: Hariyama|Knock Off|p1a: Oricorio\n|-damage|p1a: Oricorio|124/263\n|\n|upkeep\n|turn|8\n|\n|t:|1782879144\n|move|p1a: Oricorio|Roost|p1a: Oricorio\n|-heal|p1a: Oricorio|256/263\n|-singleturn|p1a: Oricorio|move: Roost\n|move|p2a: Hariyama|Knock Off|p1a: Oricorio\n|-damage|p1a: Oricorio|189/263\n|\n|upkeep\n|turn|9\n|\n|t:|1782879150\n|move|p1a: Oricorio|Quiver Dance|p1a: Oricorio\n|-boost|p1a: Oricorio|spa|1\n|-boost|p1a: Oricorio|spd|1\n|-boost|p1a: Oricorio|spe|1\n|move|p2a: Hariyama|Knock Off|p1a: Oricorio\n|-damage|p1a: Oricorio|125/263\n|\n|upkeep\n|turn|10\n|\n|t:|1782879155\n|move|p1a: Oricorio|Roost|p1a: Oricorio\n|-heal|p1a: Oricorio|257/263\n|-singleturn|p1a: Oricorio|move: Roost\n|move|p2a: Hariyama|Knock Off|p1a: Oricorio\n|-damage|p1a: Oricorio|188/263\n|\n|upkeep\n|turn|11\n|\n|t:|1782879160\n|move|p1a: Oricorio|Quiver Dance|p1a: Oricorio\n|-boost|p1a: Oricorio|spa|1\n|-boost|p1a: Oricorio|spd|1\n|-boost|p1a: Oricorio|spe|1\n|move|p2a: Hariyama|Knock Off|p1a: Oricorio\n|-damage|p1a: Oricorio|121/263\n|\n|upkeep\n|turn|12\n|\n|t:|1782879165\n|move|p1a: Oricorio|Roost|p1a: Oricorio\n|-heal|p1a: Oricorio|253/263\n|-singleturn|p1a: Oricorio|move: Roost\n|move|p2a: Hariyama|Knock Off|p1a: Oricorio\n|-damage|p1a: Oricorio|183/263\n|\n|upkeep\n|turn|13\n|c|\u2606Jawbreaker8000|gg\n|c|\u2606Jawbreaker8000|time to sweep\n|\n|t:|1782879178\n|move|p1a: Oricorio|Hurricane|p2a: Hariyama\n|-supereffective|p2a: Hariyama\n|-damage|p2a: Hariyama|0 fnt\n|faint|p2a: Hariyama\n|\n|upkeep\n|\n|t:|1782879181\n|switch|p2a: Regice|Regice, L88|284/284\n|turn|14\n|\n|t:|1782879184\n|move|p1a: Oricorio|Revelation Dance|p2a: Regice\n|-supereffective|p2a: Regice\n|-damage|p2a: Regice|0 fnt\n|faint|p2a: Regice\n|\n|upkeep\n|\n|t:|1782879186\n|switch|p2a: Crawdaunt|Crawdaunt, L84, F|243/243\n|turn|15\n|\n|t:|1782879191\n|-terastallize|p2a: Crawdaunt|Fighting\n|move|p2a: Crawdaunt|Aqua Jet|p1a: Oricorio\n|-supereffective|p1a: Oricorio\n|-crit|p1a: Oricorio\n|-damage|p1a: Oricorio|0 fnt\n|faint|p1a: Oricorio\n|\n|upkeep\n|\n|t:|1782879198\n|switch|p1a: Incineroar|Incineroar, L82, M|290/290\n|-ability|p1a: Incineroar|Intimidate|boost\n|-unboost|p2a: Crawdaunt|atk|1\n|turn|16\n|c|\u2606Jawbreaker8000|damn\n|\n|t:|1782879209\n|switch|p2a: Vespiquen|Vespiquen, L99, F|299/299\n|-ability|p2a: Vespiquen|Pressure\n|move|p1a: Incineroar|Overheat|p2a: Vespiquen\n|-supereffective|p2a: Vespiquen\n|-damage|p2a: Vespiquen|129/299\n|-unboost|p1a: Incineroar|spa|2\n|\n|upkeep\n|turn|17\n|\n|t:|1782879218\n|move|p1a: Incineroar|U-turn|p2a: Vespiquen\n|-resisted|p2a: Vespiquen\n|-damage|p2a: Vespiquen|108/299\n|\n|t:|1782879223\n|switch|p1a: Vigoroth|Vigoroth, L85, F|275/275|[from] U-turn\n|move|p2a: Vespiquen|Spikes|p1a: Vigoroth\n|-sidestart|p1: Jawbreaker8000|Spikes\n|\n|upkeep\n|turn|18\n|\n|t:|1782879227\n|move|p1a: Vigoroth|Bulk Up|p1a: Vigoroth\n|-boost|p1a: Vigoroth|atk|1\n|-boost|p1a: Vigoroth|def|1\n|move|p2a: Vespiquen|Toxic|p1a: Vigoroth\n|-status|p1a: Vigoroth|tox\n|\n|-damage|p1a: Vigoroth|258/275 tox|[from] psn\n|upkeep\n|turn|19\n|\n|t:|1782879233\n|move|p1a: Vigoroth|Body Slam|p2a: Vespiquen\n|-damage|p2a: Vespiquen|18/299\n|-status|p2a: Vespiquen|par\n|move|p2a: Vespiquen|Roost|p2a: Vespiquen\n|-heal|p2a: Vespiquen|168/299 par\n|-singleturn|p2a: Vespiquen|move: Roost\n|\n|-damage|p1a: Vigoroth|224/275 tox|[from] psn\n|upkeep\n|turn|20\n|\n|t:|1782879239\n|move|p1a: Vigoroth|Knock Off|p2a: Vespiquen\n|-damage|p2a: Vespiquen|93/299 par\n|-enditem|p2a: Vespiquen|Heavy-Duty Boots|[from] move: Knock Off|[of] p1a: Vigoroth\n|move|p2a: Vespiquen|Roost|p2a: Vespiquen\n|-heal|p2a: Vespiquen|243/299 par\n|-singleturn|p2a: Vespiquen|move: Roost\n|\n|-damage|p1a: Vigoroth|173/275 tox|[from] psn\n|upkeep\n|turn|21\n|\n|t:|1782879243\n|move|p1a: Vigoroth|Slack Off|p1a: Vigoroth\n|-heal|p1a: Vigoroth|275/275 tox\n|move|p2a: Vespiquen|Roost|p2a: Vespiquen\n|-heal|p2a: Vespiquen|299/299 par\n|-singleturn|p2a: Vespiquen|move: Roost\n|\n|-damage|p1a: Vigoroth|207/275 tox|[from] psn\n|upkeep\n|turn|22\n|\n|t:|1782879246\n|move|p1a: Vigoroth|Bulk Up|p1a: Vigoroth\n|-boost|p1a: Vigoroth|atk|1\n|-boost|p1a: Vigoroth|def|1\n|move|p2a: Vespiquen|Air Slash|p1a: Vigoroth\n|-damage|p1a: Vigoroth|119/275 tox\n|\n|-damage|p1a: Vigoroth|34/275 tox|[from] psn\n|upkeep\n|turn|23\n|\n|t:|1782879251\n|move|p1a: Vigoroth|Body Slam|p2a: Vespiquen\n|-damage|p2a: Vespiquen|166/299 par\n|move|p2a: Vespiquen|Air Slash|p1a: Vigoroth\n|-damage|p1a: Vigoroth|0 fnt\n|faint|p1a: Vigoroth\n|\n|upkeep\n|\n|t:|1782879260\n|switch|p1a: Torterra|Torterra, L78, F|276/276\n|-damage|p1a: Torterra|242/276|[from] Spikes\n|turn|24\n|\n|t:|1782879265\n|move|p1a: Torterra|Shell Smash|p1a: Torterra\n|-unboost|p1a: Torterra|def|1\n|-unboost|p1a: Torterra|spd|1\n|-boost|p1a: Torterra|atk|2\n|-boost|p1a: Torterra|spa|2\n|-boost|p1a: Torterra|spe|2\n|move|p2a: Vespiquen|Air Slash|p1a: Torterra\n|-supereffective|p1a: Torterra\n|-damage|p1a: Torterra|0 fnt\n|faint|p1a: Torterra\n|\n|upkeep\n|\n|t:|1782879269\n|switch|p1a: Necrozma|Necrozma-Dusk-Mane, L69|248/248\n|-damage|p1a: Necrozma|217/248|[from] Spikes\n|turn|25\n|\n|t:|1782879274\n|move|p1a: Necrozma|Dragon Dance|p1a: Necrozma\n|-boost|p1a: Necrozma|atk|1\n|-boost|p1a: Necrozma|spe|1\n|cant|p2a: Vespiquen|par\n|\n|upkeep\n|turn|26\n|\n|t:|1782879279\n|move|p1a: Necrozma|Dragon Dance|p1a: Necrozma\n|-boost|p1a: Necrozma|atk|1\n|-boost|p1a: Necrozma|spe|1\n|move|p2a: Vespiquen|Toxic|p1a: Necrozma\n|-immune|p1a: Necrozma\n|\n|upkeep\n|turn|27\n|\n|t:|1782879284\n|move|p1a: Necrozma|Dragon Dance|p1a: Necrozma\n|-boost|p1a: Necrozma|atk|1\n|-boost|p1a: Necrozma|spe|1\n|move|p2a: Vespiquen|Toxic|p1a: Necrozma\n|-immune|p1a: Necrozma\n|\n|upkeep\n|turn|28\n|\n|t:|1782879289\n|move|p1a: Necrozma|Dragon Dance|p1a: Necrozma\n|-boost|p1a: Necrozma|atk|1\n|-boost|p1a: Necrozma|spe|1\n|move|p2a: Vespiquen|Toxic|p1a: Necrozma\n|-immune|p1a: Necrozma\n|\n|upkeep\n|turn|29\n|c|\u2606Jawbreaker8000|attempt 2 sweep\n|\n|t:|1782879300\n|move|p1a: Necrozma|Dragon Dance|p1a: Necrozma\n|-boost|p1a: Necrozma|atk|1\n|-boost|p1a: Necrozma|spe|1\n|move|p2a: Vespiquen|Toxic|p1a: Necrozma\n|-immune|p1a: Necrozma\n|\n|upkeep\n|turn|30\n|\n|t:|1782879305\n|move|p1a: Necrozma|Dragon Dance|p1a: Necrozma\n|-boost|p1a: Necrozma|atk|1\n|-boost|p1a: Necrozma|spe|1\n|move|p2a: Vespiquen|Air Slash|p1a: Necrozma\n|-resisted|p1a: Necrozma\n|-damage|p1a: Necrozma|169/248\n|\n|upkeep\n|turn|31\n|\n|t:|1782879311\n|move|p1a: Necrozma|Sunsteel Strike|p2a: Vespiquen\n|-damage|p2a: Vespiquen|0 fnt\n|faint|p2a: Vespiquen\n|\n|upkeep\n|\n|t:|1782879313\n|switch|p2a: Crawdaunt|Crawdaunt, L84, F, tera:Fighting|243/243\n|turn|32\n|\n|t:|1782879319\n|-terastallize|p1a: Necrozma|Water\n|move|p2a: Crawdaunt|Aqua Jet|p1a: Necrozma\n|-resisted|p1a: Necrozma\n|-damage|p1a: Necrozma|137/248\n|move|p1a: Necrozma|Sunsteel Strike|p2a: Crawdaunt\n|-damage|p2a: Crawdaunt|0 fnt\n|faint|p2a: Crawdaunt\n|\n|upkeep\n|\n|t:|1782879323\n|switch|p2a: Oranguru|Oranguru, L92, M|315/315\n|turn|33\n|\n|t:|1782879328\n|move|p1a: Necrozma|Sunsteel Strike|p2a: Oranguru\n|-damage|p2a: Oranguru|0 fnt\n|faint|p2a: Oranguru\n|\n|upkeep\n|\n|t:|1782879331\n|switch|p2a: Jumpluff|Jumpluff, L87, M|271/271\n|turn|34\n|\n|t:|1782879334\n|move|p1a: Necrozma|Morning Sun|p1a: Necrozma\n|-heal|p1a: Necrozma|248/248\n|move|p2a: Jumpluff|Strength Sap|p1a: Necrozma\n|-unboost|p1a: Necrozma|atk|1\n|\n|upkeep\n|turn|35\n|\n|t:|1782879340\n|move|p1a: Necrozma|Dragon Dance|p1a: Necrozma\n|-boost|p1a: Necrozma|atk|1\n|-boost|p1a: Necrozma|spe|0\n|move|p2a: Jumpluff|Sleep Powder|p1a: Necrozma|[miss]\n|-miss|p2a: Jumpluff|p1a: Necrozma\n|\n|upkeep\n|turn|36\n|c|\u2606Jawbreaker8000|how many moves you got?\n|\n|t:|1782879360\n|move|p1a: Necrozma|Earthquake|p2a: Jumpluff\n|-immune|p2a: Jumpluff\n|move|p2a: Jumpluff|Sleep Powder|p1a: Necrozma\n|-status|p1a: Necrozma|slp|[from] move: Sleep Powder\n|\n|upkeep\n|turn|37\n|\n|t:|1782879367\n|cant|p1a: Necrozma|slp\n|move|p2a: Jumpluff|Strength Sap|p1a: Necrozma\n|-unboost|p1a: Necrozma|atk|1\n|\n|upkeep\n|turn|38\n|\n|t:|1782879371\n|cant|p1a: Necrozma|slp\n|move|p2a: Jumpluff|Strength Sap|p1a: Necrozma\n|-unboost|p1a: Necrozma|atk|1\n|\n|upkeep\n|turn|39\n|\n|t:|1782879376\n|-curestatus|p1a: Necrozma|slp|[msg]\n|move|p1a: Necrozma|Dragon Dance|p1a: Necrozma\n|-boost|p1a: Necrozma|atk|1\n|-boost|p1a: Necrozma|spe|0\n|move|p2a: Jumpluff|Strength Sap|p1a: Necrozma\n|-unboost|p1a: Necrozma|atk|1\n|\n|upkeep\n|turn|40\n|\n|t:|1782879379\n|move|p1a: Necrozma|Dragon Dance|p1a: Necrozma\n|-boost|p1a: Necrozma|atk|1\n|-boost|p1a: Necrozma|spe|0\n|move|p2a: Jumpluff|Sleep Powder|p1a: Necrozma\n|-status|p1a: Necrozma|slp|[from] move: Sleep Powder\n|\n|upkeep\n|turn|41\n|\n|t:|1782879384\n|cant|p1a: Necrozma|slp\n|move|p2a: Jumpluff|Strength Sap|p1a: Necrozma\n|-unboost|p1a: Necrozma|atk|1\n|\n|upkeep\n|turn|42\n|\n|t:|1782879387\n|cant|p1a: Necrozma|slp\n|move|p2a: Jumpluff|Strength Sap|p1a: Necrozma\n|-unboost|p1a: Necrozma|atk|1\n|\n|upkeep\n|turn|43\n|\n|t:|1782879391\n|-curestatus|p1a: Necrozma|slp|[msg]\n|move|p1a: Necrozma|Dragon Dance|p1a: Necrozma\n|-boost|p1a: Necrozma|atk|1\n|-boost|p1a: Necrozma|spe|0\n|move|p2a: Jumpluff|Strength Sap|p1a: Necrozma\n|-unboost|p1a: Necrozma|atk|1\n|\n|upkeep\n|turn|44\n|c|\u2606Jawbreaker8000|do you really want me to outstall you?\n|\n|t:|1782879408\n|move|p1a: Necrozma|Dragon Dance|p1a: Necrozma\n|-boost|p1a: Necrozma|atk|1\n|-boost|p1a: Necrozma|spe|0\n|move|p2a: Jumpluff|Sleep Powder|p1a: Necrozma|[miss]\n|-miss|p2a: Jumpluff|p1a: Necrozma\n|\n|upkeep\n|turn|45\n|\n|t:|1782879414\n|move|p1a: Necrozma|Earthquake|p2a: Jumpluff\n|-immune|p2a: Jumpluff\n|move|p2a: Jumpluff|Sleep Powder|p1a: Necrozma|[miss]\n|-miss|p2a: Jumpluff|p1a: Necrozma\n|\n|upkeep\n|turn|46\n|\n|t:|1782879419\n|move|p1a: Necrozma|Dragon Dance|p1a: Necrozma\n|-boost|p1a: Necrozma|atk|1\n|-boost|p1a: Necrozma|spe|0\n|move|p2a: Jumpluff|Sleep Powder|p1a: Necrozma\n|-status|p1a: Necrozma|slp|[from] move: Sleep Powder\n|\n|upkeep\n|turn|47\n|\n|t:|1782879424\n|cant|p1a: Necrozma|slp\n|move|p2a: Jumpluff|Encore|p1a: Necrozma\n|-start|p1a: Necrozma|Encore\n|\n|upkeep\n|turn|48\n|\n|t:|1782879429\n|-curestatus|p1a: Necrozma|slp|[msg]\n|move|p1a: Necrozma|Dragon Dance|p1a: Necrozma\n|-boost|p1a: Necrozma|atk|1\n|-boost|p1a: Necrozma|spe|0\n|move|p2a: Jumpluff|Acrobatics|p1a: Necrozma\n|-damage|p1a: Necrozma|169/248\n|\n|upkeep\n|turn|49\n|\n|t:|1782879440\n|switch|p1a: Incineroar|Incineroar, L82, M|290/290\n|-damage|p1a: Incineroar|254/290|[from] Spikes\n|-ability|p1a: Incineroar|Intimidate|boost\n|-unboost|p2a: Jumpluff|atk|1\n|move|p2a: Jumpluff|Sleep Powder|p1a: Incineroar\n|-status|p1a: Incineroar|slp|[from] move: Sleep Powder\n|\n|upkeep\n|turn|50\n|c|\u2606Jawbreaker8000|oh my god ive won...\n|\n|t:|1782879453\n|switch|p1a: Cresselia|Cresselia, L80, F|323/323\n|move|p2a: Jumpluff|Acrobatics|p1a: Cresselia\n|-damage|p1a: Cresselia|274/323\n|\n|-heal|p1a: Cresselia|294/323|[from] item: Leftovers\n|upkeep\n|turn|51\n|\n|t:|1782879457\n|switch|p1a: Incineroar|Incineroar, L82, M|254/290 slp\n|-damage|p1a: Incineroar|218/290 slp|[from] Spikes\n|-ability|p1a: Incineroar|Intimidate|boost\n|-unboost|p2a: Jumpluff|atk|1\n|move|p2a: Jumpluff|Sleep Powder|p1a: Incineroar\n|-fail|p1a: Incineroar|slp\n|\n|upkeep\n|turn|52\n|\n|t:|1782879464\n|switch|p1a: Cresselia|Cresselia, L80, F|294/323\n|move|p2a: Jumpluff|Acrobatics|p1a: Cresselia\n|-damage|p1a: Cresselia|258/323\n|\n|-heal|p1a: Cresselia|278/323|[from] item: Leftovers\n|upkeep\n|turn|53\n|\n|t:|1782879468\n|switch|p1a: Incineroar|Incineroar, L82, M|218/290 slp\n|-damage|p1a: Incineroar|182/290 slp|[from] Spikes\n|-ability|p1a: Incineroar|Intimidate|boost\n|-unboost|p2a: Jumpluff|atk|1\n|move|p2a: Jumpluff|Sleep Powder|p1a: Incineroar\n|-fail|p1a: Incineroar|slp\n|\n|upkeep\n|turn|54\n|\n|t:|1782879477\n|switch|p1a: Cresselia|Cresselia, L80, F|278/323\n|move|p2a: Jumpluff|Acrobatics|p1a: Cresselia\n|-damage|p1a: Cresselia|248/323\n|\n|-heal|p1a: Cresselia|268/323|[from] item: Leftovers\n|upkeep\n|turn|55\n|\n|t:|1782879483\n|switch|p1a: Incineroar|Incineroar, L82, M|182/290 slp\n|-damage|p1a: Incineroar|146/290 slp|[from] Spikes\n|-ability|p1a: Incineroar|Intimidate|boost\n|-unboost|p2a: Jumpluff|atk|1\n|move|p2a: Jumpluff|Sleep Powder|p1a: Incineroar\n|-fail|p1a: Incineroar|slp\n|\n|upkeep\n|turn|56\n|\n|t:|1782879489\n|switch|p1a: Cresselia|Cresselia, L80, F|268/323\n|move|p2a: Jumpluff|Acrobatics|p1a: Cresselia\n|-damage|p1a: Cresselia|244/323\n|\n|-heal|p1a: Cresselia|264/323|[from] item: Leftovers\n|upkeep\n|turn|57\n|\n|t:|1782879494\n|switch|p1a: Incineroar|Incineroar, L82, M|146/290 slp\n|-damage|p1a: Incineroar|110/290 slp|[from] Spikes\n|-ability|p1a: Incineroar|Intimidate|boost\n|-unboost|p2a: Jumpluff|atk|1\n|move|p2a: Jumpluff|Sleep Powder|p1a: Incineroar\n|-fail|p1a: Incineroar|slp\n|\n|upkeep\n|turn|58\n|\n|t:|1782879500\n|move|p2a: Jumpluff|Acrobatics|p1a: Incineroar\n|-damage|p1a: Incineroar|85/290 slp\n|cant|p1a: Incineroar|slp\n|\n|upkeep\n|turn|59\n|\n|t:|1782879504\n|move|p2a: Jumpluff|Acrobatics|p1a: Incineroar\n|-damage|p1a: Incineroar|63/290 slp\n|cant|p1a: Incineroar|slp\n|\n|upkeep\n|turn|60\n|\n|t:|1782879507\n|move|p2a: Jumpluff|Acrobatics|p1a: Incineroar\n|-damage|p1a: Incineroar|41/290 slp\n|-curestatus|p1a: Incineroar|slp|[msg]\n|move|p1a: Incineroar|U-turn|p2a: Jumpluff\n|-damage|p2a: Jumpluff|209/271\n|\n|t:|1782879512\n|switch|p1a: Cresselia|Cresselia, L80, F|264/323|[from] U-turn\n|\n|-heal|p1a: Cresselia|284/323|[from] item: Leftovers\n|upkeep\n|turn|61\n|\n|t:|1782879516\n|move|p2a: Jumpluff|Sleep Powder|p1a: Cresselia|[miss]\n|-miss|p2a: Jumpluff|p1a: Cresselia\n|move|p1a: Cresselia|Calm Mind|p1a: Cresselia\n|-boost|p1a: Cresselia|spa|1\n|-boost|p1a: Cresselia|spd|1\n|\n|-heal|p1a: Cresselia|304/323|[from] item: Leftovers\n|upkeep\n|turn|62\n|\n|t:|1782879524\n|move|p2a: Jumpluff|Sleep Powder|p1a: Cresselia\n|-status|p1a: Cresselia|slp|[from] move: Sleep Powder\n|cant|p1a: Cresselia|slp\n|\n|-heal|p1a: Cresselia|323/323 slp|[from] item: Leftovers\n|upkeep\n|turn|63\n|c|\u2606Jawbreaker8000|43\n|\n|t:|1782879532\n|move|p2a: Jumpluff|Encore|p1a: Cresselia\n|-start|p1a: Cresselia|Encore\n|-curestatus|p1a: Cresselia|slp|[msg]\n|move|p1a: Cresselia|Calm Mind|p1a: Cresselia\n|-boost|p1a: Cresselia|spa|1\n|-boost|p1a: Cresselia|spd|1\n|\n|upkeep\n|turn|64\n|c|\u2606Jawbreaker8000|42\n|\n|t:|1782879537\n|move|p2a: Jumpluff|Sleep Powder|p1a: Cresselia|[miss]\n|-miss|p2a: Jumpluff|p1a: Cresselia\n|move|p1a: Cresselia|Calm Mind|p1a: Cresselia\n|-boost|p1a: Cresselia|spa|1\n|-boost|p1a: Cresselia|spd|1\n|\n|upkeep\n|turn|65\n|c|\u2606Jawbreaker8000|41\n|\n|t:|1782879543\n|move|p2a: Jumpluff|Sleep Powder|p1a: Cresselia\n|-status|p1a: Cresselia|slp|[from] move: Sleep Powder\n|cant|p1a: Cresselia|slp\n|\n|-end|p1a: Cresselia|Encore\n|upkeep\n|turn|66\n|\n|t:|1782879547\n|move|p2a: Jumpluff|Encore|p1a: Cresselia\n|-start|p1a: Cresselia|Encore\n|-curestatus|p1a: Cresselia|slp|[msg]\n|move|p1a: Cresselia|Calm Mind|p1a: Cresselia\n|-boost|p1a: Cresselia|spa|1\n|-boost|p1a: Cresselia|spd|1\n|\n|upkeep\n|turn|67\n|\n|t:|1782879558\n|move|p2a: Jumpluff|Sleep Powder|p1a: Cresselia\n|-status|p1a: Cresselia|slp|[from] move: Sleep Powder\n|cant|p1a: Cresselia|slp\n|\n|upkeep\n|turn|68\n|\n|t:|1782879571\n|move|p2a: Jumpluff|Strength Sap|p1a: Cresselia\n|-unboost|p1a: Cresselia|atk|1\n|-heal|p2a: Jumpluff|271/271\n|cant|p1a: Cresselia|slp\n|\n|-end|p1a: Cresselia|Encore\n|upkeep\n|turn|69\n|\n|t:|1782879577\n|move|p2a: Jumpluff|Encore|p1a: Cresselia\n|-start|p1a: Cresselia|Encore\n|-curestatus|p1a: Cresselia|slp|[msg]\n|move|p1a: Cresselia|Calm Mind|p1a: Cresselia\n|-boost|p1a: Cresselia|spa|1\n|-boost|p1a: Cresselia|spd|1\n|\n|upkeep\n|turn|70\n|\n|t:|1782879581\n|move|p2a: Jumpluff|Sleep Powder|p1a: Cresselia|[miss]\n|-miss|p2a: Jumpluff|p1a: Cresselia\n|move|p1a: Cresselia|Calm Mind|p1a: Cresselia\n|-boost|p1a: Cresselia|spa|1\n|-boost|p1a: Cresselia|spd|1\n|\n|upkeep\n|turn|71\n|\n|t:|1782879588\n|move|p2a: Jumpluff|Sleep Powder|p1a: Cresselia|[miss]\n|-miss|p2a: Jumpluff|p1a: Cresselia\n|move|p1a: Cresselia|Calm Mind|p1a: Cresselia\n|-boost|p1a: Cresselia|spa|0\n|-boost|p1a: Cresselia|spd|0\n|\n|-end|p1a: Cresselia|Encore\n|upkeep\n|turn|72\n|\n|t:|1782879591\n|move|p2a: Jumpluff|Encore|p1a: Cresselia\n|-start|p1a: Cresselia|Encore\n|move|p1a: Cresselia|Calm Mind|p1a: Cresselia\n|-boost|p1a: Cresselia|spa|0\n|-boost|p1a: Cresselia|spd|0\n|\n|upkeep\n|turn|73\n|c|\u2606Jawbreaker8000|ty\n|\n|t:|1782879599\n|switch|p1a: Incineroar|Incineroar, L82, M|41/290\n|-damage|p1a: Incineroar|5/290|[from] Spikes\n|-ability|p1a: Incineroar|Intimidate|boost\n|-unboost|p2a: Jumpluff|atk|1\n|move|p2a: Jumpluff|Sleep Powder|p1a: Incineroar\n|-status|p1a: Incineroar|slp|[from] move: Sleep Powder\n|\n|upkeep\n|turn|74\n|\n|t:|1782879607\n|move|p2a: Jumpluff|Acrobatics|p1a: Incineroar\n|-damage|p1a: Incineroar|0 fnt\n|faint|p1a: Incineroar\n|\n|upkeep\n|\n|t:|1782879610\n|switch|p1a: Cresselia|Cresselia, L80, F|323/323\n|turn|75\n|\n|t:|1782879612\n|move|p2a: Jumpluff|Sleep Powder|p1a: Cresselia\n|-status|p1a: Cresselia|slp|[from] move: Sleep Powder\n|cant|p1a: Cresselia|slp\n|\n|upkeep\n|turn|76\n|\n|t:|1782879631\n|move|p2a: Jumpluff|Encore||[still]\n|-fail|p2a: Jumpluff\n|cant|p1a: Cresselia|slp\n|\n|upkeep\n|turn|77\n|\n|t:|1782879636\n|move|p2a: Jumpluff|Acrobatics|p1a: Cresselia\n|-damage|p1a: Cresselia|305/323 slp\n|cant|p1a: Cresselia|slp\n|\n|-heal|p1a: Cresselia|323/323 slp|[from] item: Leftovers\n|upkeep\n|turn|78\n|c|\u2606Jawbreaker8000|28\n|\n|t:|1782879649\n|move|p2a: Jumpluff|Strength Sap|p1a: Cresselia\n|-unboost|p1a: Cresselia|atk|1\n|-curestatus|p1a: Cresselia|slp|[msg]\n|move|p1a: Cresselia|Calm Mind|p1a: Cresselia\n|-boost|p1a: Cresselia|spa|1\n|-boost|p1a: Cresselia|spd|1\n|\n|upkeep\n|turn|79\n|\n|t:|1782879652\n|move|p2a: Jumpluff|Sleep Powder|p1a: Cresselia\n|-status|p1a: Cresselia|slp|[from] move: Sleep Powder\n|cant|p1a: Cresselia|slp\n|\n|upkeep\n|turn|80\n|\n|t:|1782879658\n|move|p2a: Jumpluff|Encore|p1a: Cresselia\n|-start|p1a: Cresselia|Encore\n|-curestatus|p1a: Cresselia|slp|[msg]\n|move|p1a: Cresselia|Calm Mind|p1a: Cresselia\n|-boost|p1a: Cresselia|spa|1\n|-boost|p1a: Cresselia|spd|1\n|\n|upkeep\n|turn|81\n|\n|t:|1782879661\n|move|p2a: Jumpluff|Sleep Powder|p1a: Cresselia\n|-status|p1a: Cresselia|slp|[from] move: Sleep Powder\n|cant|p1a: Cresselia|slp\n|\n|upkeep\n|turn|82\n|\n|t:|1782879664\n|move|p2a: Jumpluff|Acrobatics|p1a: Cresselia\n|-damage|p1a: Cresselia|305/323 slp\n|cant|p1a: Cresselia|slp\n|\n|-heal|p1a: Cresselia|323/323 slp|[from] item: Leftovers\n|-end|p1a: Cresselia|Encore\n|upkeep\n|turn|83\n|\n|t:|1782879669\n|move|p2a: Jumpluff|Encore|p1a: Cresselia\n|-start|p1a: Cresselia|Encore\n|-curestatus|p1a: Cresselia|slp|[msg]\n|move|p1a: Cresselia|Calm Mind|p1a: Cresselia\n|-boost|p1a: Cresselia|spa|1\n|-boost|p1a: Cresselia|spd|1\n|\n|upkeep\n|turn|84\n|\n|t:|1782879673\n|move|p2a: Jumpluff|Sleep Powder|p1a: Cresselia\n|-status|p1a: Cresselia|slp|[from] move: Sleep Powder\n|cant|p1a: Cresselia|slp\n|\n|upkeep\n|turn|85\n|\n|t:|1782879679\n|switch|p1a: Necrozma|Necrozma-Dusk-Mane, L69, tera:Water|169/248\n|-damage|p1a: Necrozma|138/248|[from] Spikes\n|move|p2a: Jumpluff|Acrobatics|p1a: Necrozma\n|-damage|p1a: Necrozma|120/248\n|\n|upkeep\n|turn|86\n|\n|t:|1782879685\n|move|p2a: Jumpluff|Sleep Powder|p1a: Necrozma\n|-message|Sleep Clause Mod activated.\n|-hint|Sleep Clause Mod prevents players from putting more than one of their opponent's Pok\u00e9mon to sleep at a time\n|move|p1a: Necrozma|Morning Sun|p1a: Necrozma\n|-heal|p1a: Necrozma|244/248\n|\n|upkeep\n|turn|87\n|\n|t:|1782879691\n|switch|p1a: Cresselia|Cresselia, L80, F|323/323 slp\n|move|p2a: Jumpluff|Strength Sap|p1a: Cresselia\n|-unboost|p1a: Cresselia|atk|1\n|\n|upkeep\n|turn|88\n|\n|t:|1782879697\n|move|p2a: Jumpluff|Acrobatics|p1a: Cresselia\n|-damage|p1a: Cresselia|305/323 slp\n|cant|p1a: Cresselia|slp\n|\n|-heal|p1a: Cresselia|323/323 slp|[from] item: Leftovers\n|upkeep\n|turn|89\n|\n|t:|1782879704\n|move|p2a: Jumpluff|Acrobatics|p1a: Cresselia\n|-damage|p1a: Cresselia|304/323 slp\n|-curestatus|p1a: Cresselia|slp|[msg]\n|move|p1a: Cresselia|Calm Mind|p1a: Cresselia\n|-boost|p1a: Cresselia|spa|1\n|-boost|p1a: Cresselia|spd|1\n|\n|-heal|p1a: Cresselia|323/323|[from] item: Leftovers\n|upkeep\n|turn|90\n|c|\u2606Jawbreaker8000|16\n|\n|t:|1782879714\n|move|p2a: Jumpluff|Strength Sap|p1a: Cresselia\n|-unboost|p1a: Cresselia|atk|1\n|move|p1a: Cresselia|Calm Mind|p1a: Cresselia\n|-boost|p1a: Cresselia|spa|1\n|-boost|p1a: Cresselia|spd|1\n|\n|upkeep\n|turn|91\n|\n|t:|1782879717\n|move|p2a: Jumpluff|Strength Sap|p1a: Cresselia\n|-unboost|p1a: Cresselia|atk|1\n|move|p1a: Cresselia|Calm Mind|p1a: Cresselia\n|-boost|p1a: Cresselia|spa|1\n|-boost|p1a: Cresselia|spd|1\n|\n|upkeep\n|turn|92\n|\n|t:|1782879722\n|move|p2a: Jumpluff|Strength Sap|p1a: Cresselia\n|-unboost|p1a: Cresselia|atk|1\n|move|p1a: Cresselia|Calm Mind|p1a: Cresselia\n|-boost|p1a: Cresselia|spa|1\n|-boost|p1a: Cresselia|spd|1\n|\n|upkeep\n|turn|93\n|\n|t:|1782879727\n|move|p2a: Jumpluff|Acrobatics|p1a: Cresselia\n|-damage|p1a: Cresselia|304/323\n|move|p1a: Cresselia|Calm Mind|p1a: Cresselia\n|-boost|p1a: Cresselia|spa|1\n|-boost|p1a: Cresselia|spd|1\n|\n|-heal|p1a: Cresselia|323/323|[from] item: Leftovers\n|upkeep\n|turn|94\n|\n|t:|1782879730\n|move|p2a: Jumpluff|Strength Sap|p1a: Cresselia\n|-unboost|p1a: Cresselia|atk|1\n|move|p1a: Cresselia|Calm Mind|p1a: Cresselia\n|-boost|p1a: Cresselia|spa|1\n|-boost|p1a: Cresselia|spd|1\n|\n|upkeep\n|turn|95\n|\n|t:|1782879732\n|move|p2a: Jumpluff|Acrobatics|p1a: Cresselia\n|-damage|p1a: Cresselia|305/323\n|move|p1a: Cresselia|Calm Mind|p1a: Cresselia\n|-boost|p1a: Cresselia|spa|0\n|-boost|p1a: Cresselia|spd|0\n|\n|-heal|p1a: Cresselia|323/323|[from] item: Leftovers\n|upkeep\n|turn|96\n|\n|t:|1782879737\n|move|p2a: Jumpluff|Strength Sap|p1a: Cresselia\n|-unboost|p1a: Cresselia|atk|1\n|move|p1a: Cresselia|Moonlight|p1a: Cresselia\n|-fail|p1a: Cresselia|heal\n|\n|upkeep\n|turn|97\n|\n|t:|1782879743\n|move|p2a: Jumpluff|Acrobatics|p1a: Cresselia\n|-damage|p1a: Cresselia|305/323\n|move|p1a: Cresselia|Calm Mind|p1a: Cresselia\n|-boost|p1a: Cresselia|spa|0\n|-boost|p1a: Cresselia|spd|0\n|\n|-heal|p1a: Cresselia|323/323|[from] item: Leftovers\n|upkeep\n|turn|98\n|\n|t:|1782879747\n|move|p2a: Jumpluff|Strength Sap||[still]\n|-fail|p2a: Jumpluff\n|move|p1a: Cresselia|Moonlight|p1a: Cresselia\n|-fail|p1a: Cresselia|heal\n|\n|upkeep\n|turn|99\n|\n|t:|1782879749\n|move|p2a: Jumpluff|Acrobatics|p1a: Cresselia\n|-damage|p1a: Cresselia|304/323\n|move|p1a: Cresselia|Moonlight|p1a: Cresselia\n|-heal|p1a: Cresselia|323/323\n|\n|upkeep\n|turn|100\n|\n|t:|1782879760\n|move|p2a: Jumpluff|Acrobatics|p1a: Cresselia\n|-damage|p1a: Cresselia|304/323\n|move|p1a: Cresselia|Moonlight|p1a: Cresselia\n|-heal|p1a: Cresselia|323/323\n|\n|upkeep\n|turn|101\n|\n|t:|1782879765\n|move|p2a: Jumpluff|Acrobatics|p1a: Cresselia\n|-crit|p1a: Cresselia\n|-damage|p1a: Cresselia|208/323\n|move|p1a: Cresselia|Moonlight|p1a: Cresselia\n|-heal|p1a: Cresselia|323/323\n|\n|upkeep\n|turn|102\n|\n|t:|1782879771\n|move|p2a: Jumpluff|Acrobatics|p1a: Cresselia\n|-damage|p1a: Cresselia|305/323\n|move|p1a: Cresselia|Moonlight|p1a: Cresselia\n|-heal|p1a: Cresselia|323/323\n|\n|upkeep\n|turn|103\n|\n|t:|1782879778\n|move|p2a: Jumpluff|Acrobatics|p1a: Cresselia\n|-damage|p1a: Cresselia|304/323\n|move|p1a: Cresselia|Moonlight|p1a: Cresselia\n|-heal|p1a: Cresselia|323/323\n|\n|upkeep\n|turn|104\n|\n|t:|1782879783\n|move|p2a: Jumpluff|Acrobatics|p1a: Cresselia\n|-damage|p1a: Cresselia|304/323\n|move|p1a: Cresselia|Moonlight|p1a: Cresselia\n|-heal|p1a: Cresselia|323/323\n|\n|upkeep\n|turn|105\n|\n|t:|1782879788\n|switch|p1a: Necrozma|Necrozma-Dusk-Mane, L69, tera:Water|244/248\n|-damage|p1a: Necrozma|213/248|[from] Spikes\n|move|p2a: Jumpluff|Acrobatics|p1a: Necrozma\n|-damage|p1a: Necrozma|194/248\n|\n|upkeep\n|turn|106\n|\n|t:|1782879791\n|-activate|p2a: Jumpluff|move: Struggle\n|move|p2a: Jumpluff|Struggle|p1a: Necrozma\n|-damage|p1a: Necrozma|187/248\n|-damage|p2a: Jumpluff|203/271|[from] recoil\n|move|p1a: Necrozma|Morning Sun|p1a: Necrozma\n|-heal|p1a: Necrozma|248/248\n|\n|upkeep\n|turn|107\n|\n|t:|1782879799\n|-activate|p2a: Jumpluff|move: Struggle\n|move|p2a: Jumpluff|Struggle|p1a: Necrozma\n|-damage|p1a: Necrozma|242/248\n|-damage|p2a: Jumpluff|135/271|[from] recoil\n|move|p1a: Necrozma|Morning Sun|p1a: Necrozma\n|-heal|p1a: Necrozma|248/248\n|\n|upkeep\n|turn|108\n|\n|t:|1782879807\n|-activate|p2a: Jumpluff|move: Struggle\n|move|p2a: Jumpluff|Struggle|p1a: Necrozma\n|-damage|p1a: Necrozma|242/248\n|-damage|p2a: Jumpluff|67/271|[from] recoil\n|move|p1a: Necrozma|Morning Sun|p1a: Necrozma\n|-heal|p1a: Necrozma|248/248\n|\n|upkeep\n|turn|109\n|c|\u2606Jawbreaker8000|gg\n|\n|t:|1782879815\n|-activate|p2a: Jumpluff|move: Struggle\n|move|p2a: Jumpluff|Struggle|p1a: Necrozma\n|-damage|p1a: Necrozma|240/248\n|-damage|p2a: Jumpluff|0 fnt|[from] recoil\n|faint|p2a: Jumpluff\n|\n|win|Jawbreaker8000\n|raw|Jawbreaker8000's rating: 1449 &rarr; <strong>1476</strong><br />(+27 for winning)\n|raw|jnpr010334's rating: 1567 &rarr; <strong>1540</strong><br />(-27 for losing)\n", "inputlog": ">version f8ac14003a5f27e1bdc8d8c59608a773c1cb96e5\n>start {\"formatid\":\"gen9randombattle\",\"seed\":\"sodium,47e973a5ed78bc3a4f30512a12e25e11\",\"rated\":\"Rated battle\"}\n>player p1 {\"name\":\"Jawbreaker8000\",\"avatar\":\"colress\",\"rating\":1449,\"seed\":\"sodium,e7190f3d54b0d4b15c20fd63024e85ad\"}\n>player p2 {\"name\":\"jnpr010334\",\"avatar\":\"265\",\"rating\":1475,\"seed\":\"sodium,563c7bf8fe589b177ce76dffe7ccb4b6\"}\n>p1 move quiverdance\n>p2 move knockoff\n>p1 move quiverdance\n>p2 move knockoff\n>p1 move roost\n>p2 move knockoff\n>chat \u2606Jawbreaker8000|gg\n>p1 move roost\n>p2 move knockoff\n>p1 move quiverdance\n>p2 move knockoff\n>p1 move roost\n>p2 move knockoff\n>p1 move quiverdance\n>p2 move knockoff\n>p1 move roost\n>p2 move knockoff\n>p1 move quiverdance\n>p2 move knockoff\n>p1 move roost\n>p2 move knockoff\n>p1 move quiverdance\n>p2 move knockoff\n>p1 move roost\n>p2 move knockoff\n>chat \u2606Jawbreaker8000|gg\n>chat \u2606Jawbreaker8000|time to sweep\n>p1 move hurricane\n>p2 move knockoff\n>p2 switch 5\n>p1 move revelationdance\n>p2 move sleeptalk\n>p2 switch 6\n>p1 move hurricane\n>p2 move aquajet terastallize\n>p1 switch 4\n>chat \u2606Jawbreaker8000|damn\n>p1 move overheat\n>p2 switch 2\n>p1 move uturn\n>p2 move spikes\n>p1 switch 6\n>p1 move bulkup\n>p2 move toxic\n>p1 move bodyslam\n>p2 move roost\n>p1 move knockoff\n>p2 move roost\n>p1 move slackoff\n>p2 move roost\n>p1 move bulkup\n>p2 move airslash\n>p1 move bodyslam\n>p2 move airslash\n>p1 switch 3\n>p1 move shellsmash\n>p2 move airslash\n>p1 switch 2\n>p1 move dragondance\n>p2 move toxic\n>p1 move dragondance\n>p2 move toxic\n>p1 move dragondance\n>p2 move toxic\n>p1 move dragondance\n>p2 move toxic\n>chat \u2606Jawbreaker8000|attempt 2 sweep \n>p1 move dragondance\n>p2 move toxic\n>p1 move dragondance\n>p2 move airslash\n>p1 move sunsteelstrike\n>p2 move airslash\n>p2 switch 2\n>p1 move sunsteelstrike terastallize\n>p2 move aquajet\n>p2 switch 3\n>p1 move sunsteelstrike\n>p2 move thunderbolt\n>p2 switch 4\n>p1 move morningsun\n>p2 move strengthsap\n>p1 move dragondance\n>p2 move sleeppowder\n>chat \u2606Jawbreaker8000|how many moves you got?\n>p1 move earthquake\n>p2 move sleeppowder\n>p1 move sunsteelstrike\n>p2 move strengthsap\n>p1 move dragondance\n>p2 move strengthsap\n>p1 move dragondance\n>p2 move strengthsap\n>p1 move dragondance\n>p2 move sleeppowder\n>p1 move dragondance\n>p2 move strengthsap\n>p1 move dragondance\n>p2 move strengthsap\n>p1 move dragondance\n>p2 move strengthsap\n>chat \u2606Jawbreaker8000|do you really want me to outstall you?\n>p1 move dragondance\n>p2 move sleeppowder\n>p1 move earthquake\n>p2 move sleeppowder\n>p1 move dragondance\n>p2 move sleeppowder\n>p1 move earthquake\n>p2 move encore\n>p1 move dragondance\n>p2 move acrobatics\n>p1 switch 6\n>p2 move sleeppowder\n>chat \u2606Jawbreaker8000|oh my god ive won...\n>p1 switch 5\n>p2 move acrobatics\n>p1 switch 5\n>p2 move sleeppowder\n>p1 switch 5\n>p2 move acrobatics\n>p1 switch 5\n>p2 move sleeppowder\n>p1 switch 5\n>p2 move acrobatics\n>p1 switch 5\n>p2 move sleeppowder\n>p1 switch 5\n>p2 move acrobatics\n>p1 switch 5\n>p2 move sleeppowder\n>p1 move uturn\n>p2 move acrobatics\n>p1 move uturn\n>p2 move acrobatics\n>p1 move uturn\n>p2 move acrobatics\n>p1 switch 5\n>p1 move calmmind\n>p2 move sleeppowder\n>p1 move calmmind\n>p2 move sleeppowder\n>chat \u2606Jawbreaker8000|43\n>p1 move calmmind\n>p2 move encore\n>chat \u2606Jawbreaker8000|42\n>p1 move calmmind\n>p2 move sleeppowder\n>chat \u2606Jawbreaker8000|41\n>p1 move calmmind\n>p2 move sleeppowder\n>p1 move calmmind\n>p2 move encore\n>p1 move calmmind\n>p2 move sleeppowder\n>p1 move calmmind\n>p2 move strengthsap\n>p1 move thunderbolt\n>p2 move encore\n>p1 move calmmind\n>p2 move sleeppowder\n>p1 move calmmind\n>p2 move sleeppowder\n>p1 move calmmind\n>p2 move encore\n>chat \u2606Jawbreaker8000|ty\n>p1 switch 5\n>p2 move sleeppowder\n>p1 move uturn\n>p2 move acrobatics\n>p1 switch 5\n>p1 move calmmind\n>p2 move sleeppowder\n>p1 move calmmind\n>p2 move encore\n>p1 move thunderbolt\n>p2 move acrobatics\n>chat \u2606Jawbreaker8000|28\n>p1 move calmmind\n>p2 move strengthsap\n>p1 move thunderbolt\n>p2 move sleeppowder\n>p1 move thunderbolt\n>p2 move encore\n>p1 move calmmind\n>p2 move sleeppowder\n>p1 move calmmind\n>p2 move acrobatics\n>p1 move calmmind\n>p2 move encore\n>p1 move calmmind\n>p2 move sleeppowder\n>p1 switch 6\n>p2 move acrobatics\n>p1 move morningsun\n>p2 move sleeppowder\n>p1 switch 6\n>p2 move strengthsap\n>p1 move thunderbolt\n>p2 move acrobatics\n>p1 move calmmind\n>p2 move acrobatics\n>chat \u2606Jawbreaker8000|16\n>p1 move calmmind\n>p2 move strengthsap\n>p1 move calmmind\n>p2 move strengthsap\n>p1 move calmmind\n>p2 move strengthsap\n>p1 move calmmind\n>p2 move acrobatics\n>p1 move calmmind\n>p2 move strengthsap\n>p1 move calmmind\n>p2 move acrobatics\n>p1 move moonlight\n>p2 move strengthsap\n>p1 move calmmind\n>p2 move acrobatics\n>p1 move moonlight\n>p2 move strengthsap\n>p1 move moonlight\n>p2 move acrobatics\n>p1 move moonlight\n>p2 move acrobatics\n>p1 move moonlight\n>p2 move acrobatics\n>p1 move moonlight\n>p2 move acrobatics\n>p1 move moonlight\n>p2 move acrobatics\n>p1 move moonlight\n>p2 move acrobatics\n>p1 switch 6\n>p2 move acrobatics\n>p1 move morningsun\n>p2 move struggle\n>p1 move morningsun\n>p2 move struggle\n>p1 move morningsun\n>p2 move struggle\n>chat \u2606Jawbreaker8000|gg\n>p1 move morningsun\n>p2 move struggle", "uploadtime": 1782879815, "views": 2, "formatid": "gen9randombattle", "rating": 1476, "private": 0, "password": null, "player_dets": [{"name": "Jawbreaker8000", "avatar": "colress", "rating": 1449, "seed": "sodium,e7190f3d54b0d4b15c20fd63024e85ad"}, {"name": "jnpr010334", "avatar": "265", "rating": 1475, "seed": "sodium,563c7bf8fe589b177ce76dffe7ccb4b6"}], "teams_full": [{"Oricorio": {"name": "Oricorio", "species": "Oricorio", "speciesId": "oricorio", "gender": "F", "shiny": false, "level": 84, "moves": ["hurricane", "revelationdance", "quiverdance", "roost"], "ability": "Dancer", "evs": {"hp": 85, "atk": 0, "def": 85, "spa": 85, "spd": 85, "spe": 85}, "ivs": {"hp": 31, "atk": 0, "def": 31, "spa": 31, "spd": 31, "spe": 31}, "item": "Heavy-Duty Boots", "teraType": "Ground", "role": "Setup Sweeper", "bvs": {"hp": 75, "atk": 70, "def": 70, "spa": 98, "spd": 70, "spe": 93}, "stats": {"hp": 263, "atk": 122, "def": 166, "spa": 213, "spd": 166, "spe": 204}, "types": ["Fire", "Flying"]}, "Necrozma": {"name": "Necrozma", "species": "Necrozma-Dusk-Mane", "speciesId": "necrozmaduskmane", "gender": "N", "shiny": false, "level": 69, "moves": ["dragondance", "earthquake", "sunsteelstrike", "morningsun"], "ability": "Prism Armor", "evs": {"hp": 85, "atk": 85, "def": 85, "spa": 85, "spd": 85, "spe": 85}, "ivs": {"hp": 31, "atk": 31, "def": 31, "spa": 31, "spd": 31, "spe": 31}, "item": "Weakness Policy", "teraType": "Water", "role": "Bulky Setup", "bvs": {"hp": 97, "atk": 157, "def": 127, "spa": 113, "spd": 109, "spe": 77}, "stats": {"hp": 248, "atk": 257, "def": 216, "spa": 196, "spd": 191, "spe": 147}, "types": ["Psychic", "Steel"]}, "Torterra": {"name": "Torterra", "species": "Torterra", "speciesId": "torterra", "gender": "F", "shiny": false, "level": 78, "moves": ["rockblast", "bulletseed", "headlongrush", "shellsmash"], "ability": "Overgrow", "evs": {"hp": 85, "atk": 85, "def": 85, "spa": 85, "spd": 85, "spe": 85}, "ivs": {"hp": 31, "atk": 31, "def": 31, "spa": 31, "spd": 31, "spe": 31}, "item": "Loaded Dice", "teraType": "Ground", "role": "Setup Sweeper", "bvs": {"hp": 95, "atk": 109, "def": 105, "spa": 75, "spd": 85, "spe": 56}, "stats": {"hp": 276, "atk": 215, "def": 209, "spa": 162, "spd": 178, "spe": 132}, "types": ["Grass", "Ground"]}, "Incineroar": {"name": "Incineroar", "species": "Incineroar", "speciesId": "incineroar", "gender": "M", "shiny": false, "level": 82, "moves": ["overheat", "knockoff", "uturn", "closecombat"], "ability": "Intimidate", "evs": {"hp": 85, "atk": 85, "def": 85, "spa": 85, "spd": 85, "spe": 85}, "ivs": {"hp": 31, "atk": 31, "def": 31, "spa": 31, "spd": 31, "spe": 31}, "item": "Assault Vest", "teraType": "Fighting", "role": "AV Pivot", "bvs": {"hp": 95, "atk": 115, "def": 90, "spa": 80, "spd": 90, "spe": 60}, "stats": {"hp": 290, "atk": 236, "def": 195, "spa": 178, "spd": 195, "spe": 146}, "types": ["Fire", "Dark"]}, "Cresselia": {"name": "Cresselia", "species": "Cresselia", "speciesId": "cresselia", "gender": "F", "shiny": false, "level": 80, "moves": ["thunderbolt", "calmmind", "psyshock", "moonlight"], "ability": "Levitate", "evs": {"hp": 85, "atk": 0, "def": 85, "spa": 85, "spd": 85, "spe": 85}, "ivs": {"hp": 31, "atk": 0, "def": 31, "spa": 31, "spd": 31, "spe": 31}, "item": "Leftovers", "teraType": "Steel", "role": "Bulky Setup", "bvs": {"hp": 120, "atk": 70, "def": 110, "spa": 75, "spd": 120, "spe": 85}, "stats": {"hp": 323, "atk": 117, "def": 222, "spa": 166, "spd": 238, "spe": 182}, "types": ["Psychic"]}, "Vigoroth": {"name": "Vigoroth", "species": "Vigoroth", "speciesId": "vigoroth", "gender": "F", "shiny": false, "level": 85, "moves": ["slackoff", "bulkup", "bodyslam", "knockoff"], "ability": "Vital Spirit", "evs": {"hp": 85, "atk": 85, "def": 85, "spa": 85, "spd": 85, "spe": 85}, "ivs": {"hp": 31, "atk": 31, "def": 31, "spa": 31, "spd": 31, "spe": 31}, "item": "Eviolite", "teraType": "Ghost", "role": "Bulky Setup", "bvs": {"hp": 80, "atk": 80, "def": 80, "spa": 55, "spd": 55, "spe": 90}, "stats": {"hp": 275, "atk": 185, "def": 185, "spa": 142, "spd": 142, "spe": 202}, "types": ["Normal"]}}, {"Hariyama": {"name": "Hariyama", "species": "Hariyama", "speciesId": "hariyama", "gender": "M", "shiny": false, "level": 87, "moves": ["heavyslam", "headlongrush", "knockoff", "closecombat"], "ability": "Thick Fat", "evs": {"hp": 85, "atk": 85, "def": 85, "spa": 85, "spd": 85, "spe": 85}, "ivs": {"hp": 31, "atk": 31, "def": 31, "spa": 31, "spd": 31, "spe": 31}, "item": "Assault Vest", "teraType": "Steel", "role": "AV Pivot", "bvs": {"hp": 144, "atk": 120, "def": 60, "spa": 40, "spd": 60, "spe": 50}, "stats": {"hp": 392, "atk": 259, "def": 154, "spa": 119, "spd": 154, "spe": 137}, "types": ["Fighting"]}, "Vespiquen": {"name": "Vespiquen", "species": "Vespiquen", "speciesId": "vespiquen", "gender": "F", "shiny": false, "level": 99, "moves": ["toxic", "airslash", "roost", "spikes"], "ability": "Pressure", "evs": {"hp": 85, "atk": 0, "def": 85, "spa": 85, "spd": 85, "spe": 85}, "ivs": {"hp": 31, "atk": 0, "def": 31, "spa": 31, "spd": 31, "spe": 31}, "item": "Heavy-Duty Boots", "teraType": "Steel", "role": "Bulky Support", "bvs": {"hp": 70, "atk": 80, "def": 102, "spa": 80, "spd": 102, "spe": 40}, "stats": {"hp": 299, "atk": 163, "def": 258, "spa": 214, "spd": 258, "spe": 135}, "types": ["Bug", "Flying"]}, "Oranguru": {"name": "Oranguru", "species": "Oranguru", "speciesId": "oranguru", "gender": "M", "shiny": false, "level": 92, "moves": ["thunderbolt", "psyshock", "hypervoice", "trick"], "ability": "Inner Focus", "evs": {"hp": 85, "atk": 0, "def": 85, "spa": 85, "spd": 85, "spe": 85}, "ivs": {"hp": 31, "atk": 0, "def": 31, "spa": 31, "spd": 31, "spe": 31}, "item": "Choice Specs", "teraType": "Psychic", "role": "Wallbreaker", "bvs": {"hp": 90, "atk": 60, "def": 80, "spa": 90, "spd": 110, "spe": 60}, "stats": {"hp": 315, "atk": 115, "def": 200, "spa": 218, "spd": 255, "spe": 163}, "types": ["Normal", "Psychic"]}, "Jumpluff": {"name": "Jumpluff", "species": "Jumpluff", "speciesId": "jumpluff", "gender": "M", "shiny": false, "level": 87, "moves": ["sleeppowder", "strengthsap", "encore", "acrobatics"], "ability": "Infiltrator", "evs": {"hp": 81, "atk": 85, "def": 85, "spa": 85, "spd": 85, "spe": 85}, "ivs": {"hp": 31, "atk": 31, "def": 31, "spa": 31, "spd": 31, "spe": 31}, "item": "", "teraType": "Steel", "role": "Bulky Attacker", "bvs": {"hp": 75, "atk": 55, "def": 70, "spa": 55, "spd": 95, "spe": 110}, "stats": {"hp": 271, "atk": 145, "def": 172, "spa": 145, "spd": 215, "spe": 241}, "types": ["Grass", "Flying"]}, "Regice": {"name": "Regice", "species": "Regice", "speciesId": "regice", "gender": "N", "shiny": false, "level": 88, "moves": ["rest", "sleeptalk", "thunderbolt", "icebeam"], "ability": "Clear Body", "evs": {"hp": 85, "atk": 0, "def": 85, "spa": 85, "spd": 85, "spe": 85}, "ivs": {"hp": 31, "atk": 0, "def": 31, "spa": 31, "spd": 31, "spe": 31}, "item": "Heavy-Duty Boots", "teraType": "Electric", "role": "Bulky Attacker", "bvs": {"hp": 80, "atk": 50, "def": 100, "spa": 100, "spd": 200, "spe": 50}, "stats": {"hp": 284, "atk": 93, "def": 226, "spa": 226, "spd": 402, "spe": 138}, "types": ["Ice"]}, "Crawdaunt": {"name": "Crawdaunt", "species": "Crawdaunt", "speciesId": "crawdaunt", "gender": "F", "shiny": false, "level": 84, "moves": ["crabhammer", "aquajet", "knockoff", "closecombat"], "ability": "Adaptability", "evs": {"hp": 85, "atk": 85, "def": 85, "spa": 85, "spd": 85, "spe": 85}, "ivs": {"hp": 31, "atk": 31, "def": 31, "spa": 31, "spd": 31, "spe": 31}, "item": "Choice Band", "teraType": "Fighting", "role": "Fast Attacker", "bvs": {"hp": 63, "atk": 120, "def": 85, "spa": 90, "spd": 55, "spe": 55}, "stats": {"hp": 243, "atk": 250, "def": 191, "spa": 199, "spd": 141, "spe": 141}, "types": ["Water", "Dark"]}}]}