{"id": "gen9randombattle-2642178804", "format": "[Gen 9] Random Battle", "players": ["migaga", "jnpr010334"], "log": "|j|\u2606migaga\n|j|\u2606jnpr010334\n|t:|1782906241\n|gametype|singles\n|player|p1|migaga|265|1763\n|player|p2|jnpr010334|265|1753\n|gen|9\n|tier|[Gen 9] Random Battle\n|rated|\n|rule|Species Clause: Limit one of each Pok\u00e9mon\n|rule|HP Percentage Mod: HP is shown in percentages\n|rule|Sleep Clause Mod: Limit one foe put to sleep\n|rule|Illusion Level Mod: Illusion disguises the Pok\u00e9mon's true level\n|\n|t:|1782906241\n|teamsize|p1|6\n|teamsize|p2|6\n|start\n|switch|p1a: Sudowoodo|Sudowoodo, L94, F|284/284\n|switch|p2a: Dragalge|Dragalge, L88, M|258/258\n|turn|1\n|\n|t:|1782906246\n|move|p2a: Dragalge|Draco Meteor|p1a: Sudowoodo\n|-damage|p1a: Sudowoodo|68/284\n|-unboost|p2a: Dragalge|spa|2\n|move|p1a: Sudowoodo|Stealth Rock|p2a: Dragalge\n|-sidestart|p2: jnpr010334|move: Stealth Rock\n|\n|-heal|p1a: Sudowoodo|85/284|[from] item: Leftovers\n|upkeep\n|turn|2\n|inactive|Battle timer is ON: inactive players will automatically lose when time's up. (requested by migaga)\n|inactive|jnpr010334 also wants the timer to be on.\n|\n|t:|1782906261\n|switch|p1a: Corviknight|Corviknight, L80, F|288/288\n|move|p2a: Dragalge|Draco Meteor|p1a: Corviknight\n|-resisted|p1a: Corviknight\n|-damage|p1a: Corviknight|235/288\n|-unboost|p2a: Dragalge|spa|2\n|\n|-heal|p1a: Corviknight|253/288|[from] item: Leftovers\n|upkeep\n|turn|3\n|\n|t:|1782906280\n|switch|p2a: Slowking|Slowking, L88, M|310/310\n|move|p1a: Corviknight|U-turn|p2a: Slowking\n|-supereffective|p2a: Slowking\n|-damage|p2a: Slowking|226/310\n|\n|t:|1782906295\n|switch|p1a: Sudowoodo|Sudowoodo, L94, F|85/284|[from] U-turn\n|\n|-heal|p1a: Sudowoodo|102/284|[from] item: Leftovers\n|upkeep\n|turn|4\n|\n|t:|1782906300\n|move|p1a: Sudowoodo|Wood Hammer|p2a: Slowking\n|-supereffective|p2a: Slowking\n|-damage|p2a: Slowking|22/310\n|move|p2a: Slowking|Scald|p1a: Sudowoodo\n|-supereffective|p1a: Sudowoodo\n|-damage|p1a: Sudowoodo|0 fnt\n|faint|p1a: Sudowoodo\n|\n|upkeep\n|\n|t:|1782906305\n|switch|p1a: Corviknight|Corviknight, L80, F|253/288\n|turn|5\n|\n|t:|1782906311\n|switch|p2a: Exeggutor|Exeggutor-Alola, L89, F|314/314\n|-damage|p2a: Exeggutor|275/314|[from] Stealth Rock\n|move|p1a: Corviknight|U-turn|p2a: Exeggutor\n|-supereffective|p2a: Exeggutor\n|-damage|p2a: Exeggutor|185/314\n|\n|t:|1782906330\n|switch|p1a: Altaria|Altaria, L89, M|278/278|[from] U-turn\n|\n|upkeep\n|turn|6\n|\n|t:|1782906333\n|-terastallize|p2a: Exeggutor|Fire\n|move|p1a: Altaria|Brave Bird|p2a: Exeggutor\n|-damage|p2a: Exeggutor|86/314\n|-enditem|p2a: Exeggutor|Sitrus Berry|[eat]\n|-heal|p2a: Exeggutor|164/314|[from] item: Sitrus Berry\n|-damage|p1a: Altaria|245/278|[from] Recoil\n|move|p2a: Exeggutor|Draco Meteor|p1a: Altaria\n|-supereffective|p1a: Altaria\n|-damage|p1a: Altaria|0 fnt\n|-unboost|p2a: Exeggutor|spa|2\n|faint|p1a: Altaria\n|\n|-item|p2a: Exeggutor|Sitrus Berry|[from] ability: Harvest\n|upkeep\n|\n|t:|1782906351\n|switch|p1a: Ribombee|Ribombee, L83, M|235/235\n|turn|7\n|\n|t:|1782906357\n|-terastallize|p1a: Ribombee|Ground\n|move|p1a: Ribombee|Quiver Dance|p1a: Ribombee\n|-boost|p1a: Ribombee|spa|1\n|-boost|p1a: Ribombee|spd|1\n|-boost|p1a: Ribombee|spe|1\n|move|p2a: Exeggutor|Flamethrower|p1a: Ribombee\n|-damage|p1a: Ribombee|181/235\n|\n|upkeep\n|turn|8\n|\n|t:|1782906368\n|move|p1a: Ribombee|Tera Blast|p2a: Exeggutor|[anim] Tera Blast Ground\n|-supereffective|p2a: Exeggutor\n|-crit|p2a: Exeggutor\n|-damage|p2a: Exeggutor|0 fnt\n|faint|p2a: Exeggutor\n|\n|upkeep\n|\n|t:|1782906369\n|switch|p2a: Sylveon|Sylveon, L85, F|300/300\n|-damage|p2a: Sylveon|263/300|[from] Stealth Rock\n|turn|9\n|\n|t:|1782906376\n|move|p1a: Ribombee|Moonblast|p2a: Sylveon\n|-damage|p2a: Sylveon|154/300\n|-unboost|p2a: Sylveon|spa|1\n|move|p2a: Sylveon|Calm Mind|p2a: Sylveon\n|-boost|p2a: Sylveon|spa|1\n|-boost|p2a: Sylveon|spd|1\n|\n|-heal|p2a: Sylveon|172/300|[from] item: Leftovers\n|upkeep\n|turn|10\n|\n|t:|1782906383\n|switch|p1a: Tauros|Tauros, L82, M|257/257\n|move|p2a: Sylveon|Wish|p2a: Sylveon\n|\n|-heal|p2a: Sylveon|190/300|[from] item: Leftovers\n|upkeep\n|turn|11\n|\n|t:|1782906389\n|move|p2a: Sylveon|Protect|p2a: Sylveon\n|-singleturn|p2a: Sylveon|Protect\n|move|p1a: Tauros|Body Slam|p2a: Sylveon\n|-activate|p2a: Sylveon|move: Protect\n|\n|-heal|p2a: Sylveon|300/300|[from] move: Wish|[wisher] Sylveon\n|upkeep\n|turn|12\n|\n|t:|1782906392\n|switch|p2a: Slowking|Slowking, L88, M|125/310\n|move|p1a: Tauros|Body Slam|p2a: Slowking\n|-damage|p2a: Slowking|0 fnt\n|faint|p2a: Slowking\n|\n|upkeep\n|\n|t:|1782906395\n|switch|p2a: Sneasler|Sneasler, L74, M|240/240\n|-damage|p2a: Sneasler|225/240|[from] Stealth Rock\n|turn|13\n|\n|t:|1782906414\n|move|p1a: Tauros|Earthquake|p2a: Sneasler\n|-supereffective|p2a: Sneasler\n|-damage|p2a: Sneasler|0 fnt\n|faint|p2a: Sneasler\n|-damage|p1a: Tauros|232/257|[from] item: Life Orb\n|\n|upkeep\n|\n|t:|1782906415\n|switch|p2a: Dragalge|Dragalge, L88, M|258/258\n|-damage|p2a: Dragalge|226/258|[from] Stealth Rock\n|turn|14\n|\n|t:|1782906421\n|switch|p1a: Corviknight|Corviknight, L80, F|253/288\n|move|p2a: Dragalge|Draco Meteor|p1a: Corviknight\n|-resisted|p1a: Corviknight\n|-damage|p1a: Corviknight|146/288\n|-unboost|p2a: Dragalge|spa|2\n|\n|-heal|p1a: Corviknight|164/288|[from] item: Leftovers\n|-heal|p2a: Dragalge|242/258|[from] item: Leftovers\n|upkeep\n|turn|15\n|\n|t:|1782906424\n|move|p1a: Corviknight|Roost|p1a: Corviknight\n|-heal|p1a: Corviknight|288/288\n|-singleturn|p1a: Corviknight|move: Roost\n|move|p2a: Dragalge|Focus Blast|p1a: Corviknight\n|-supereffective|p1a: Corviknight\n|-damage|p1a: Corviknight|194/288\n|\n|-heal|p1a: Corviknight|212/288|[from] item: Leftovers\n|-heal|p2a: Dragalge|258/258|[from] item: Leftovers\n|upkeep\n|turn|16\n|\n|t:|1782906429\n|move|p1a: Corviknight|Brave Bird|p2a: Dragalge\n|-damage|p2a: Dragalge|158/258\n|-damage|p1a: Corviknight|179/288|[from] Recoil\n|move|p2a: Dragalge|Focus Blast|p1a: Corviknight\n|-damage|p1a: Corviknight|132/288\n|\n|-heal|p1a: Corviknight|150/288|[from] item: Leftovers\n|-heal|p2a: Dragalge|174/258|[from] item: Leftovers\n|upkeep\n|turn|17\n|\n|t:|1782906436\n|move|p1a: Corviknight|Brave Bird|p2a: Dragalge\n|-damage|p2a: Dragalge|78/258\n|-damage|p1a: Corviknight|118/288|[from] Recoil\n|move|p2a: Dragalge|Focus Blast|p1a: Corviknight\n|-damage|p1a: Corviknight|70/288\n|\n|-heal|p1a: Corviknight|88/288|[from] item: Leftovers\n|-heal|p2a: Dragalge|94/258|[from] item: Leftovers\n|upkeep\n|turn|18\n|\n|t:|1782906440\n|move|p1a: Corviknight|Roost|p1a: Corviknight\n|-heal|p1a: Corviknight|232/288\n|-singleturn|p1a: Corviknight|move: Roost\n|move|p2a: Dragalge|Draco Meteor|p1a: Corviknight\n|-resisted|p1a: Corviknight\n|-damage|p1a: Corviknight|177/288\n|-unboost|p2a: Dragalge|spa|2\n|\n|-heal|p1a: Corviknight|195/288|[from] item: Leftovers\n|-heal|p2a: Dragalge|110/258|[from] item: Leftovers\n|upkeep\n|turn|19\n|\n|t:|1782906453\n|move|p1a: Corviknight|Brave Bird|p2a: Dragalge\n|-damage|p2a: Dragalge|1/258\n|-damage|p1a: Corviknight|159/288|[from] Recoil\n|move|p2a: Dragalge|Focus Blast|p1a: Corviknight|[miss]\n|-miss|p2a: Dragalge|p1a: Corviknight\n|\n|-heal|p1a: Corviknight|177/288|[from] item: Leftovers\n|-heal|p2a: Dragalge|17/258|[from] item: Leftovers\n|upkeep\n|turn|20\n|\n|t:|1782906456\n|move|p1a: Corviknight|Roost|p1a: Corviknight\n|-heal|p1a: Corviknight|288/288\n|-singleturn|p1a: Corviknight|move: Roost\n|move|p2a: Dragalge|Draco Meteor|p1a: Corviknight\n|-resisted|p1a: Corviknight\n|-damage|p1a: Corviknight|254/288\n|-unboost|p2a: Dragalge|spa|2\n|\n|-heal|p1a: Corviknight|272/288|[from] item: Leftovers\n|-heal|p2a: Dragalge|33/258|[from] item: Leftovers\n|upkeep\n|turn|21\n|\n|t:|1782906459\n|move|p1a: Corviknight|Brave Bird|p2a: Dragalge\n|-damage|p2a: Dragalge|0 fnt\n|faint|p2a: Dragalge\n|-damage|p1a: Corviknight|261/288|[from] Recoil\n|\n|-heal|p1a: Corviknight|279/288|[from] item: Leftovers\n|upkeep\n|\n|t:|1782906461\n|switch|p2a: Brambleghast|Brambleghast, L88, F|240/240\n|-damage|p2a: Brambleghast|210/240|[from] Stealth Rock\n|turn|22\n|\n|t:|1782906466\n|move|p2a: Brambleghast|Substitute|p2a: Brambleghast\n|-start|p2a: Brambleghast|Substitute\n|-damage|p2a: Brambleghast|150/240\n|move|p1a: Corviknight|U-turn|p2a: Brambleghast\n|-activate|p2a: Brambleghast|move: Substitute|[damage]\n|\n|t:|1782906472\n|switch|p1a: Pyroar|Pyroar, L88, F|295/295|[from] U-turn\n|-ability|p1a: Pyroar|Unnerve\n|\n|-heal|p2a: Brambleghast|165/240|[from] item: Leftovers\n|upkeep\n|turn|23\n|\n|t:|1782906481\n|move|p1a: Pyroar|Taunt|p2a: Brambleghast\n|-start|p2a: Brambleghast|move: Taunt\n|cant|p2a: Brambleghast|move: Taunt|Leech Seed\n|\n|-heal|p2a: Brambleghast|180/240|[from] item: Leftovers\n|upkeep\n|turn|24\n|\n|t:|1782906484\n|move|p1a: Pyroar|Fire Blast|p2a: Brambleghast|[miss]\n|-miss|p1a: Pyroar|p2a: Brambleghast\n|move|p2a: Brambleghast|Power Whip|p1a: Pyroar|[miss]\n|-miss|p2a: Brambleghast|p1a: Pyroar\n|\n|-heal|p2a: Brambleghast|195/240|[from] item: Leftovers\n|upkeep\n|turn|25\n|\n|t:|1782906489\n|move|p1a: Pyroar|Fire Blast|p2a: Brambleghast\n|-supereffective|p2a: Brambleghast\n|-end|p2a: Brambleghast|Substitute\n|move|p2a: Brambleghast|Power Whip|p1a: Pyroar\n|-resisted|p1a: Pyroar\n|-damage|p1a: Pyroar|204/295\n|\n|-heal|p2a: Brambleghast|210/240|[from] item: Leftovers\n|-end|p2a: Brambleghast|move: Taunt\n|upkeep\n|turn|26\n|\n|t:|1782906493\n|switch|p2a: Sylveon|Sylveon, L85, F|300/300\n|-damage|p2a: Sylveon|263/300|[from] Stealth Rock\n|move|p1a: Pyroar|Taunt|p2a: Sylveon\n|-start|p2a: Sylveon|move: Taunt\n|\n|-heal|p2a: Sylveon|281/300|[from] item: Leftovers\n|upkeep\n|turn|27\n|\n|t:|1782906497\n|switch|p1a: Corviknight|Corviknight, L80, F|279/288\n|move|p2a: Sylveon|Hyper Voice|p1a: Corviknight\n|-resisted|p1a: Corviknight\n|-damage|p1a: Corviknight|209/288\n|\n|-heal|p1a: Corviknight|227/288|[from] item: Leftovers\n|-heal|p2a: Sylveon|299/300|[from] item: Leftovers\n|upkeep\n|turn|28\n|\n|t:|1782906499\n|move|p1a: Corviknight|Brave Bird|p2a: Sylveon\n|-damage|p2a: Sylveon|178/300\n|-damage|p1a: Corviknight|187/288|[from] Recoil\n|move|p2a: Sylveon|Hyper Voice|p1a: Corviknight\n|-resisted|p1a: Corviknight\n|-damage|p1a: Corviknight|115/288\n|\n|-heal|p1a: Corviknight|133/288|[from] item: Leftovers\n|-heal|p2a: Sylveon|196/300|[from] item: Leftovers\n|-end|p2a: Sylveon|move: Taunt\n|upkeep\n|turn|29\n|\n|t:|1782906502\n|move|p1a: Corviknight|Brave Bird|p2a: Sylveon\n|-damage|p2a: Sylveon|52/300\n|-damage|p1a: Corviknight|85/288|[from] Recoil\n|move|p2a: Sylveon|Wish|p2a: Sylveon\n|\n|-heal|p1a: Corviknight|103/288|[from] item: Leftovers\n|-heal|p2a: Sylveon|70/300|[from] item: Leftovers\n|upkeep\n|turn|30\n|\n|t:|1782906507\n|move|p2a: Sylveon|Protect|p2a: Sylveon\n|-singleturn|p2a: Sylveon|Protect\n|move|p1a: Corviknight|Roost|p1a: Corviknight\n|-heal|p1a: Corviknight|247/288\n|-singleturn|p1a: Corviknight|move: Roost\n|\n|-heal|p2a: Sylveon|220/300|[from] move: Wish|[wisher] Sylveon\n|-heal|p1a: Corviknight|265/288|[from] item: Leftovers\n|-heal|p2a: Sylveon|238/300|[from] item: Leftovers\n|upkeep\n|turn|31\n|\n|t:|1782906509\n|move|p1a: Corviknight|Brave Bird|p2a: Sylveon\n|-damage|p2a: Sylveon|99/300\n|-damage|p1a: Corviknight|219/288|[from] Recoil\n|move|p2a: Sylveon|Wish|p2a: Sylveon\n|\n|-heal|p1a: Corviknight|237/288|[from] item: Leftovers\n|-heal|p2a: Sylveon|117/300|[from] item: Leftovers\n|upkeep\n|turn|32\n|\n|t:|1782906516\n|switch|p1a: Tauros|Tauros, L82, M|232/257\n|move|p2a: Sylveon|Protect||[still]\n|-fail|p2a: Sylveon\n|\n|-heal|p2a: Sylveon|267/300|[from] move: Wish|[wisher] Sylveon\n|-heal|p2a: Sylveon|285/300|[from] item: Leftovers\n|upkeep\n|turn|33\n|\n|t:|1782906525\n|switch|p2a: Brambleghast|Brambleghast, L88, F|210/240\n|-damage|p2a: Brambleghast|180/240|[from] Stealth Rock\n|move|p1a: Tauros|Body Slam|p2a: Brambleghast\n|-immune|p2a: Brambleghast\n|\n|-heal|p2a: Brambleghast|195/240|[from] item: Leftovers\n|upkeep\n|turn|34\n|\n|t:|1782906528\n|move|p1a: Tauros|Throat Chop|p2a: Brambleghast\n|-supereffective|p2a: Brambleghast\n|-damage|p2a: Brambleghast|0 fnt\n|faint|p2a: Brambleghast\n|\n|upkeep\n|\n|t:|1782906529\n|switch|p2a: Sylveon|Sylveon, L85, F|285/300\n|-damage|p2a: Sylveon|248/300|[from] Stealth Rock\n|turn|35\n|\n|t:|1782906533\n|move|p2a: Sylveon|Protect|p2a: Sylveon\n|-singleturn|p2a: Sylveon|Protect\n|move|p1a: Tauros|Body Slam|p2a: Sylveon\n|-activate|p2a: Sylveon|move: Protect\n|\n|-heal|p2a: Sylveon|266/300|[from] item: Leftovers\n|upkeep\n|turn|36\n|\n|t:|1782906543\n|move|p1a: Tauros|Body Slam|p2a: Sylveon\n|-damage|p2a: Sylveon|81/300\n|move|p2a: Sylveon|Wish|p2a: Sylveon\n|\n|-heal|p2a: Sylveon|99/300|[from] item: Leftovers\n|upkeep\n|turn|37\n|\n|t:|1782906546\n|move|p2a: Sylveon|Protect|p2a: Sylveon\n|-singleturn|p2a: Sylveon|Protect\n|move|p1a: Tauros|Body Slam|p2a: Sylveon\n|-activate|p2a: Sylveon|move: Protect\n|\n|-heal|p2a: Sylveon|249/300|[from] move: Wish|[wisher] Sylveon\n|-heal|p2a: Sylveon|267/300|[from] item: Leftovers\n|upkeep\n|turn|38\n|\n|t:|1782906549\n|move|p1a: Tauros|Body Slam|p2a: Sylveon\n|-damage|p2a: Sylveon|76/300\n|move|p2a: Sylveon|Wish|p2a: Sylveon\n|\n|-heal|p2a: Sylveon|94/300|[from] item: Leftovers\n|upkeep\n|turn|39\n|\n|t:|1782906552\n|move|p2a: Sylveon|Protect|p2a: Sylveon\n|-singleturn|p2a: Sylveon|Protect\n|move|p1a: Tauros|Earthquake|p2a: Sylveon\n|-activate|p2a: Sylveon|move: Protect\n|\n|-heal|p2a: Sylveon|244/300|[from] move: Wish|[wisher] Sylveon\n|-heal|p2a: Sylveon|262/300|[from] item: Leftovers\n|upkeep\n|turn|40\n|\n|t:|1782906555\n|move|p1a: Tauros|Body Slam|p2a: Sylveon\n|-damage|p2a: Sylveon|75/300\n|move|p2a: Sylveon|Wish|p2a: Sylveon\n|\n|-heal|p2a: Sylveon|93/300|[from] item: Leftovers\n|upkeep\n|turn|41\n|\n|t:|1782906559\n|move|p2a: Sylveon|Protect|p2a: Sylveon\n|-singleturn|p2a: Sylveon|Protect\n|move|p1a: Tauros|Earthquake|p2a: Sylveon\n|-activate|p2a: Sylveon|move: Protect\n|\n|-heal|p2a: Sylveon|243/300|[from] move: Wish|[wisher] Sylveon\n|-heal|p2a: Sylveon|261/300|[from] item: Leftovers\n|upkeep\n|turn|42\n|\n|t:|1782906562\n|move|p1a: Tauros|Body Slam|p2a: Sylveon\n|-damage|p2a: Sylveon|93/300\n|move|p2a: Sylveon|Wish|p2a: Sylveon\n|\n|-heal|p2a: Sylveon|111/300|[from] item: Leftovers\n|upkeep\n|turn|43\n|\n|t:|1782906568\n|move|p2a: Sylveon|Protect|p2a: Sylveon\n|-singleturn|p2a: Sylveon|Protect\n|move|p1a: Tauros|Earthquake|p2a: Sylveon\n|-activate|p2a: Sylveon|move: Protect\n|\n|-heal|p2a: Sylveon|261/300|[from] move: Wish|[wisher] Sylveon\n|-heal|p2a: Sylveon|279/300|[from] item: Leftovers\n|upkeep\n|turn|44\n|\n|t:|1782906572\n|move|p1a: Tauros|Body Slam|p2a: Sylveon\n|-damage|p2a: Sylveon|107/300\n|move|p2a: Sylveon|Wish|p2a: Sylveon\n|\n|-heal|p2a: Sylveon|125/300|[from] item: Leftovers\n|upkeep\n|turn|45\n|\n|t:|1782906578\n|move|p2a: Sylveon|Protect|p2a: Sylveon\n|-singleturn|p2a: Sylveon|Protect\n|move|p1a: Tauros|Earthquake|p2a: Sylveon\n|-activate|p2a: Sylveon|move: Protect\n|\n|-heal|p2a: Sylveon|275/300|[from] move: Wish|[wisher] Sylveon\n|-heal|p2a: Sylveon|293/300|[from] item: Leftovers\n|upkeep\n|turn|46\n|\n|t:|1782906582\n|move|p1a: Tauros|Body Slam|p2a: Sylveon\n|-damage|p2a: Sylveon|112/300\n|move|p2a: Sylveon|Wish|p2a: Sylveon\n|\n|-heal|p2a: Sylveon|130/300|[from] item: Leftovers\n|upkeep\n|turn|47\n|\n|t:|1782906585\n|move|p2a: Sylveon|Protect|p2a: Sylveon\n|-singleturn|p2a: Sylveon|Protect\n|move|p1a: Tauros|Body Slam|p2a: Sylveon\n|-activate|p2a: Sylveon|move: Protect\n|\n|-heal|p2a: Sylveon|280/300|[from] move: Wish|[wisher] Sylveon\n|-heal|p2a: Sylveon|298/300|[from] item: Leftovers\n|upkeep\n|turn|48\n|\n|t:|1782906589\n|move|p1a: Tauros|Body Slam|p2a: Sylveon\n|-damage|p2a: Sylveon|117/300\n|move|p2a: Sylveon|Wish|p2a: Sylveon\n|\n|-heal|p2a: Sylveon|135/300|[from] item: Leftovers\n|upkeep\n|turn|49\n|\n|t:|1782906593\n|move|p2a: Sylveon|Protect|p2a: Sylveon\n|-singleturn|p2a: Sylveon|Protect\n|move|p1a: Tauros|Earthquake|p2a: Sylveon\n|-activate|p2a: Sylveon|move: Protect\n|\n|-heal|p2a: Sylveon|285/300|[from] move: Wish|[wisher] Sylveon\n|-heal|p2a: Sylveon|300/300|[from] item: Leftovers\n|upkeep\n|turn|50\n|\n|t:|1782906596\n|move|p1a: Tauros|Body Slam|p2a: Sylveon\n|-damage|p2a: Sylveon|127/300\n|move|p2a: Sylveon|Wish|p2a: Sylveon\n|\n|-heal|p2a: Sylveon|145/300|[from] item: Leftovers\n|upkeep\n|turn|51\n|\n|t:|1782906600\n|move|p2a: Sylveon|Protect|p2a: Sylveon\n|-singleturn|p2a: Sylveon|Protect\n|move|p1a: Tauros|Earthquake|p2a: Sylveon\n|-activate|p2a: Sylveon|move: Protect\n|\n|-heal|p2a: Sylveon|295/300|[from] move: Wish|[wisher] Sylveon\n|-heal|p2a: Sylveon|300/300|[from] item: Leftovers\n|upkeep\n|turn|52\n|\n|t:|1782906604\n|move|p1a: Tauros|Body Slam|p2a: Sylveon\n|-damage|p2a: Sylveon|127/300\n|move|p2a: Sylveon|Wish|p2a: Sylveon\n|\n|-heal|p2a: Sylveon|145/300|[from] item: Leftovers\n|upkeep\n|turn|53\n|\n|t:|1782906607\n|move|p2a: Sylveon|Protect|p2a: Sylveon\n|-singleturn|p2a: Sylveon|Protect\n|move|p1a: Tauros|Earthquake|p2a: Sylveon\n|-activate|p2a: Sylveon|move: Protect\n|\n|-heal|p2a: Sylveon|295/300|[from] move: Wish|[wisher] Sylveon\n|-heal|p2a: Sylveon|300/300|[from] item: Leftovers\n|upkeep\n|turn|54\n|\n|t:|1782906611\n|move|p1a: Tauros|Body Slam|p2a: Sylveon\n|-damage|p2a: Sylveon|127/300\n|move|p2a: Sylveon|Hyper Voice|p1a: Tauros\n|-damage|p1a: Tauros|73/257\n|\n|-heal|p2a: Sylveon|145/300|[from] item: Leftovers\n|upkeep\n|turn|55\n|\n|t:|1782906620\n|move|p2a: Sylveon|Protect|p2a: Sylveon\n|-singleturn|p2a: Sylveon|Protect\n|move|p1a: Tauros|Body Slam|p2a: Sylveon\n|-activate|p2a: Sylveon|move: Protect\n|\n|-heal|p2a: Sylveon|163/300|[from] item: Leftovers\n|upkeep\n|turn|56\n|\n|t:|1782906624\n|move|p1a: Tauros|Body Slam|p2a: Sylveon\n|-damage|p2a: Sylveon|0 fnt\n|faint|p2a: Sylveon\n|\n|win|migaga\n|raw|migaga's rating: 1763 &rarr; <strong>1783</strong><br />(+20 for winning)\n|raw|jnpr010334's rating: 1761 &rarr; <strong>1741</strong><br />(-20 for losing)\n", "inputlog": ">version f8ac14003a5f27e1bdc8d8c59608a773c1cb96e5\n>start {\"formatid\":\"gen9randombattle\",\"seed\":\"sodium,0197b538c23cea12b1f29be7d74b5ede\",\"rated\":\"Rated battle\"}\n>player p1 {\"name\":\"migaga\",\"avatar\":\"265\",\"rating\":1763,\"seed\":\"sodium,262b2efc33f86577536f2ab3803784db\"}\n>player p2 {\"name\":\"jnpr010334\",\"avatar\":\"265\",\"rating\":1753,\"seed\":\"sodium,cccad120ec52d8be2cd5a3afaa416ac7\"}\n>p1 move stealthrock\n>p2 move dracometeor\n>p1 switch 4\n>p2 move dracometeor\n>p1 move uturn\n>p2 switch 4\n>p1 switch 4\n>p1 move woodhammer\n>p2 move scald\n>p1 switch 4\n>p1 move uturn\n>p2 switch 6\n>p1 switch 6\n>p1 move bravebird\n>p2 move dracometeor terastallize\n>p1 switch 3\n>p1 move quiverdance terastallize\n>p2 move flamethrower\n>p1 move terablast\n>p2 move woodhammer\n>p2 switch 3\n>p1 move moonblast\n>p2 move calmmind\n>p1 switch 5\n>p2 move wish\n>p1 move bodyslam\n>p2 move protect\n>p1 move bodyslam\n>p2 switch 6\n>p2 switch 5\n>p1 move earthquake\n>p2 move closecombat\n>p2 switch 4\n>p1 switch 6\n>p2 move dracometeor\n>p1 move roost\n>p2 move focusblast\n>p1 move bravebird\n>p2 move focusblast\n>p1 move bravebird\n>p2 move focusblast\n>p1 move roost\n>p2 move dracometeor\n>p1 move bravebird\n>p2 move focusblast\n>p1 move roost\n>p2 move dracometeor\n>p1 move bravebird\n>p2 move dracometeor\n>p2 switch 2\n>p1 move uturn\n>p2 move substitute\n>p1 switch 2\n>p1 move taunt\n>p2 move leechseed\n>p1 move fireblast\n>p2 move powerwhip\n>p1 move fireblast\n>p2 move powerwhip\n>p1 move taunt\n>p2 switch 6\n>p1 switch 2\n>p2 move hypervoice\n>p1 move bravebird\n>p2 move hypervoice\n>p1 move bravebird\n>p2 move wish\n>p1 move roost\n>p2 move protect\n>p1 move bravebird\n>p2 move wish\n>p1 switch 6\n>p2 move protect\n>p1 move bodyslam\n>p2 switch 6\n>p1 move throatchop\n>p2 move substitute\n>p2 switch 6\n>p1 move bodyslam\n>p2 move protect\n>p1 move bodyslam\n>p2 move wish\n>p1 move bodyslam\n>p2 move protect\n>p1 move bodyslam\n>p2 move wish\n>p1 move earthquake\n>p2 move protect\n>p1 move bodyslam\n>p2 move wish\n>p1 move earthquake\n>p2 move protect\n>p1 move bodyslam\n>p2 move wish\n>p1 move earthquake\n>p2 move protect\n>p1 move bodyslam\n>p2 move wish\n>p1 move earthquake\n>p2 move protect\n>p1 move bodyslam\n>p2 move wish\n>p1 move bodyslam\n>p2 move protect\n>p1 move bodyslam\n>p2 move wish\n>p1 move earthquake\n>p2 move protect\n>p1 move bodyslam\n>p2 move wish\n>p1 move earthquake\n>p2 move protect\n>p1 move bodyslam\n>p2 move wish\n>p1 move earthquake\n>p2 move protect\n>p1 move bodyslam\n>p2 move hypervoice\n>p1 move bodyslam\n>p2 move protect\n>p1 move bodyslam\n>p2 move hypervoice", "uploadtime": 1782906625, "views": 3, "formatid": "gen9randombattle", "rating": 1741, "private": 0, "password": null, "player_dets": [{"name": "migaga", "avatar": "265", "rating": 1763, "seed": "sodium,262b2efc33f86577536f2ab3803784db"}, {"name": "jnpr010334", "avatar": "265", "rating": 1753, "seed": "sodium,cccad120ec52d8be2cd5a3afaa416ac7"}], "teams_full": [{"Sudowoodo": {"name": "Sudowoodo", "species": "Sudowoodo", "speciesId": "sudowoodo", "gender": "F", "shiny": false, "level": 94, "moves": ["woodhammer", "stealthrock", "headsmash", "earthquake"], "ability": "Rock Head", "evs": {"hp": 85, "atk": 85, "def": 85, "spa": 85, "spd": 85, "spe": 85}, "ivs": {"hp": 31, "atk": 31, "def": 31, "spa": 31, "spd": 31, "spe": 31}, "item": "Leftovers", "teraType": "Grass", "role": "Bulky Attacker", "bvs": {"hp": 70, "atk": 100, "def": 115, "spa": 30, "spd": 65, "spe": 30}, "stats": {"hp": 284, "atk": 241, "def": 270, "spa": 110, "spd": 176, "spe": 110}, "types": ["Rock"]}, "Pyroar": {"name": "Pyroar", "species": "Pyroar", "speciesId": "pyroar", "gender": "F", "shiny": false, "level": 88, "moves": ["workup", "fireblast", "hypervoice", "taunt"], "ability": "Unnerve", "evs": {"hp": 85, "atk": 0, "def": 85, "spa": 85, "spd": 85, "spe": 85}, "ivs": {"hp": 31, "atk": 0, "def": 31, "spa": 31, "spd": 31, "spe": 31}, "item": "Heavy-Duty Boots", "teraType": "Fire", "role": "Fast Attacker", "bvs": {"hp": 86, "atk": 68, "def": 72, "spa": 109, "spd": 66, "spe": 106}, "stats": {"hp": 295, "atk": 124, "def": 177, "spa": 242, "spd": 166, "spe": 237}, "types": ["Fire", "Normal"]}, "Ribombee": {"name": "Ribombee", "species": "Ribombee", "speciesId": "ribombee", "gender": "M", "shiny": false, "level": 83, "moves": ["moonblast", "terablast", "bugbuzz", "quiverdance"], "ability": "Shield Dust", "evs": {"hp": 85, "atk": 0, "def": 85, "spa": 85, "spd": 85, "spe": 85}, "ivs": {"hp": 31, "atk": 0, "def": 31, "spa": 31, "spd": 31, "spe": 31}, "item": "Heavy-Duty Boots", "teraType": "Ground", "role": "Tera Blast user", "bvs": {"hp": 60, "atk": 55, "def": 60, "spa": 95, "spd": 70, "spe": 124}, "stats": {"hp": 235, "atk": 96, "def": 147, "spa": 205, "spd": 164, "spe": 254}, "types": ["Bug", "Fairy"]}, "Corviknight": {"name": "Corviknight", "species": "Corviknight", "speciesId": "corviknight", "gender": "F", "shiny": false, "level": 80, "moves": ["roost", "bravebird", "defog", "uturn"], "ability": "Mirror Armor", "evs": {"hp": 85, "atk": 85, "def": 85, "spa": 85, "spd": 85, "spe": 85}, "ivs": {"hp": 31, "atk": 31, "def": 31, "spa": 31, "spd": 31, "spe": 31}, "item": "Leftovers", "teraType": "Dragon", "role": "Bulky Support", "bvs": {"hp": 98, "atk": 87, "def": 105, "spa": 53, "spd": 85, "spe": 67}, "stats": {"hp": 288, "atk": 185, "def": 214, "spa": 131, "spd": 182, "spe": 153}, "types": ["Flying", "Steel"]}, "Tauros": {"name": "Tauros", "species": "Tauros", "speciesId": "tauros", "gender": "M", "shiny": false, "level": 82, "moves": ["earthquake", "bodyslam", "closecombat", "throatchop"], "ability": "Sheer Force", "evs": {"hp": 85, "atk": 85, "def": 85, "spa": 85, "spd": 85, "spe": 85}, "ivs": {"hp": 31, "atk": 31, "def": 31, "spa": 31, "spd": 31, "spe": 31}, "item": "Life Orb", "teraType": "Fighting", "role": "Fast Attacker", "bvs": {"hp": 75, "atk": 100, "def": 95, "spa": 40, "spd": 70, "spe": 110}, "stats": {"hp": 257, "atk": 211, "def": 203, "spa": 113, "spd": 162, "spe": 228}, "types": ["Normal"]}, "Altaria": {"name": "Altaria", "species": "Altaria", "speciesId": "altaria", "gender": "M", "shiny": false, "level": 89, "moves": ["haze", "roost", "bravebird", "earthquake"], "ability": "Natural Cure", "evs": {"hp": 85, "atk": 85, "def": 85, "spa": 85, "spd": 85, "spe": 85}, "ivs": {"hp": 31, "atk": 31, "def": 31, "spa": 31, "spd": 31, "spe": 31}, "item": "Heavy-Duty Boots", "teraType": "Steel", "role": "Bulky Support", "bvs": {"hp": 75, "atk": 70, "def": 90, "spa": 70, "spd": 105, "spe": 80}, "stats": {"hp": 278, "atk": 175, "def": 211, "spa": 175, "spd": 238, "spe": 193}, "types": ["Dragon", "Flying"]}}, {"Dragalge": {"name": "Dragalge", "species": "Dragalge", "speciesId": "dragalge", "gender": "M", "shiny": false, "level": 88, "moves": ["focusblast", "dracometeor", "sludgewave", "toxic"], "ability": "Adaptability", "evs": {"hp": 85, "atk": 0, "def": 85, "spa": 85, "spd": 85, "spe": 85}, "ivs": {"hp": 31, "atk": 0, "def": 31, "spa": 31, "spd": 31, "spe": 31}, "item": "Leftovers", "teraType": "Fighting", "role": "Bulky Attacker", "bvs": {"hp": 65, "atk": 75, "def": 90, "spa": 97, "spd": 123, "spe": 44}, "stats": {"hp": 258, "atk": 137, "def": 209, "spa": 221, "spd": 267, "spe": 128}, "types": ["Poison", "Dragon"]}, "Brambleghast": {"name": "Brambleghast", "species": "Brambleghast", "speciesId": "brambleghast", "gender": "F", "shiny": false, "level": 88, "moves": ["poltergeist", "leechseed", "substitute", "powerwhip"], "ability": "Wind Rider", "evs": {"hp": 85, "atk": 85, "def": 85, "spa": 85, "spd": 85, "spe": 85}, "ivs": {"hp": 31, "atk": 31, "def": 31, "spa": 31, "spd": 31, "spe": 31}, "item": "Leftovers", "teraType": "Water", "role": "Fast Support", "bvs": {"hp": 55, "atk": 115, "def": 70, "spa": 80, "spd": 70, "spe": 90}, "stats": {"hp": 240, "atk": 253, "def": 173, "spa": 191, "spd": 173, "spe": 209}, "types": ["Grass", "Ghost"]}, "Sylveon": {"name": "Sylveon", "species": "Sylveon", "speciesId": "sylveon", "gender": "F", "shiny": false, "level": 85, "moves": ["calmmind", "hypervoice", "wish", "protect"], "ability": "Pixilate", "evs": {"hp": 85, "atk": 0, "def": 85, "spa": 85, "spd": 85, "spe": 85}, "ivs": {"hp": 31, "atk": 0, "def": 31, "spa": 31, "spd": 31, "spe": 31}, "item": "Leftovers", "teraType": "Steel", "role": "Bulky Setup", "bvs": {"hp": 95, "atk": 65, "def": 65, "spa": 110, "spd": 130, "spe": 60}, "stats": {"hp": 300, "atk": 115, "def": 159, "spa": 236, "spd": 270, "spe": 151}, "types": ["Fairy"]}, "Slowking": {"name": "Slowking", "species": "Slowking", "speciesId": "slowking", "gender": "M", "shiny": false, "level": 88, "moves": ["chillyreception", "psychicnoise", "scald", "slackoff"], "ability": "Regenerator", "evs": {"hp": 85, "atk": 0, "def": 85, "spa": 85, "spd": 85, "spe": 85}, "ivs": {"hp": 31, "atk": 0, "def": 31, "spa": 31, "spd": 31, "spe": 31}, "item": "Heavy-Duty Boots", "teraType": "Dragon", "role": "Bulky Attacker", "bvs": {"hp": 95, "atk": 75, "def": 80, "spa": 100, "spd": 110, "spe": 30}, "stats": {"hp": 310, "atk": 137, "def": 191, "spa": 226, "spd": 244, "spe": 103}, "types": ["Water", "Psychic"]}, "Sneasler": {"name": "Sneasler", "species": "Sneasler", "speciesId": "sneasler", "gender": "M", "shiny": false, "level": 74, "moves": ["uturn", "throatchop", "direclaw", "closecombat"], "ability": "Poison Touch", "evs": {"hp": 85, "atk": 85, "def": 85, "spa": 85, "spd": 85, "spe": 85}, "ivs": {"hp": 31, "atk": 31, "def": 31, "spa": 31, "spd": 31, "spe": 31}, "item": "Choice Band", "teraType": "Dark", "role": "Fast Attacker", "bvs": {"hp": 80, "atk": 130, "def": 60, "spa": 40, "spd": 80, "spe": 120}, "stats": {"hp": 240, "atk": 235, "def": 132, "spa": 102, "spd": 161, "spe": 221}, "types": ["Fighting", "Poison"]}, "Exeggutor": {"name": "Exeggutor", "species": "Exeggutor-Alola", "speciesId": "exeggutoralola", "gender": "F", "shiny": false, "level": 89, "moves": ["woodhammer", "flamethrower", "dracometeor", "dragontail"], "ability": "Harvest", "evs": {"hp": 85, "atk": 85, "def": 85, "spa": 85, "spd": 85, "spe": 85}, "ivs": {"hp": 31, "atk": 31, "def": 31, "spa": 31, "spd": 31, "spe": 31}, "item": "Sitrus Berry", "teraType": "Fire", "role": "Fast Attacker", "bvs": {"hp": 95, "atk": 105, "def": 85, "spa": 125, "spd": 75, "spe": 45}, "stats": {"hp": 314, "atk": 238, "def": 202, "spa": 273, "spd": 184, "spe": 131}, "types": ["Grass", "Dragon"]}}]}