{"id": "gen9randombattle-2641981687", "format": "[Gen 9] Random Battle", "players": ["Alexander Smart", "TheFirstUnicorn"], "log": "|j|\u2606Alexander Smart\n|j|\u2606TheFirstUnicorn\n|t:|1782868345\n|gametype|singles\n|player|p1|Alexander Smart|juggler|1366\n|player|p2|TheFirstUnicorn|lady|1389\n|gen|9\n|tier|[Gen 9] Random Battle\n|rated|\n|rule|Species Clause: Limit one of each Pok\u00e9mon\n|rule|HP Percentage Mod: HP is shown in percentages\n|rule|Sleep Clause Mod: Limit one foe put to sleep\n|rule|Illusion Level Mod: Illusion disguises the Pok\u00e9mon's true level\n|\n|t:|1782868345\n|teamsize|p1|6\n|teamsize|p2|6\n|start\n|switch|p1a: Chimecho|Chimecho, L93, F|290/290\n|switch|p2a: Brambleghast|Brambleghast, L88, M|240/240\n|turn|1\n|\n|t:|1782868380\n|switch|p1a: Arceus|Arceus-Ice, L72|291/291\n|move|p2a: Brambleghast|Poltergeist|p1a: Arceus\n|-activate|p1a: Arceus|move: Poltergeist|Icicle Plate\n|-damage|p1a: Arceus|158/291\n|\n|upkeep\n|turn|2\n|\n|t:|1782868399\n|move|p1a: Arceus|Judgment|p2a: Brambleghast\n|-supereffective|p2a: Brambleghast\n|-damage|p2a: Brambleghast|0 fnt\n|faint|p2a: Brambleghast\n|\n|upkeep\n|\n|t:|1782868420\n|switch|p2a: Glaceon|Glaceon, L94, M|275/275\n|turn|3\n|\n|t:|1782868430\n|move|p1a: Arceus|Calm Mind|p1a: Arceus\n|-boost|p1a: Arceus|spa|1\n|-boost|p1a: Arceus|spd|1\n|move|p2a: Glaceon|Calm Mind|p2a: Glaceon\n|-boost|p2a: Glaceon|spa|1\n|-boost|p2a: Glaceon|spd|1\n|\n|upkeep\n|turn|4\n|\n|t:|1782868436\n|move|p1a: Arceus|Calm Mind|p1a: Arceus\n|-boost|p1a: Arceus|spa|1\n|-boost|p1a: Arceus|spd|1\n|move|p2a: Glaceon|Calm Mind|p2a: Glaceon\n|-boost|p2a: Glaceon|spa|1\n|-boost|p2a: Glaceon|spd|1\n|\n|upkeep\n|turn|5\n|\n|t:|1782868444\n|move|p1a: Arceus|Calm Mind|p1a: Arceus\n|-boost|p1a: Arceus|spa|1\n|-boost|p1a: Arceus|spd|1\n|move|p2a: Glaceon|Calm Mind|p2a: Glaceon\n|-boost|p2a: Glaceon|spa|1\n|-boost|p2a: Glaceon|spd|1\n|\n|upkeep\n|turn|6\n|\n|t:|1782868451\n|move|p1a: Arceus|Calm Mind|p1a: Arceus\n|-boost|p1a: Arceus|spa|1\n|-boost|p1a: Arceus|spd|1\n|move|p2a: Glaceon|Calm Mind|p2a: Glaceon\n|-boost|p2a: Glaceon|spa|1\n|-boost|p2a: Glaceon|spd|1\n|\n|upkeep\n|turn|7\n|\n|t:|1782868461\n|move|p1a: Arceus|Calm Mind|p1a: Arceus\n|-boost|p1a: Arceus|spa|1\n|-boost|p1a: Arceus|spd|1\n|move|p2a: Glaceon|Wish|p2a: Glaceon\n|\n|upkeep\n|turn|8\n|\n|t:|1782868468\n|move|p1a: Arceus|Calm Mind|p1a: Arceus\n|-boost|p1a: Arceus|spa|1\n|-boost|p1a: Arceus|spd|1\n|move|p2a: Glaceon|Calm Mind|p2a: Glaceon\n|-boost|p2a: Glaceon|spa|1\n|-boost|p2a: Glaceon|spd|1\n|\n|upkeep\n|turn|9\n|\n|t:|1782868474\n|move|p1a: Arceus|Recover|p1a: Arceus\n|-heal|p1a: Arceus|291/291\n|move|p2a: Glaceon|Calm Mind|p2a: Glaceon\n|-boost|p2a: Glaceon|spa|1\n|-boost|p2a: Glaceon|spd|1\n|\n|upkeep\n|turn|10\n|\n|t:|1782868486\n|move|p1a: Arceus|Judgment|p2a: Glaceon\n|-resisted|p2a: Glaceon\n|-damage|p2a: Glaceon|228/275\n|move|p2a: Glaceon|Freeze-Dry|p1a: Arceus\n|-resisted|p1a: Arceus\n|-damage|p1a: Arceus|237/291\n|\n|upkeep\n|turn|11\n|\n|t:|1782868498\n|move|p1a: Arceus|Earth Power|p2a: Glaceon\n|-damage|p2a: Glaceon|176/275\n|move|p2a: Glaceon|Freeze-Dry|p1a: Arceus\n|-resisted|p1a: Arceus\n|-damage|p1a: Arceus|181/291\n|\n|upkeep\n|turn|12\n|\n|t:|1782868506\n|move|p1a: Arceus|Earth Power|p2a: Glaceon\n|-damage|p2a: Glaceon|129/275\n|move|p2a: Glaceon|Wish|p2a: Glaceon\n|\n|upkeep\n|turn|13\n|c|\u2606Alexander Smart|so what's the plan here\n|\n|t:|1782868526\n|move|p1a: Arceus|Earth Power|p2a: Glaceon\n|-damage|p2a: Glaceon|83/275\n|move|p2a: Glaceon|Freeze-Dry|p1a: Arceus\n|-resisted|p1a: Arceus\n|-damage|p1a: Arceus|124/291\n|\n|-heal|p2a: Glaceon|220/275|[from] move: Wish|[wisher] Glaceon\n|upkeep\n|turn|14\n|\n|t:|1782868533\n|move|p1a: Arceus|Recover|p1a: Arceus\n|-heal|p1a: Arceus|270/291\n|move|p2a: Glaceon|Freeze-Dry|p1a: Arceus\n|-resisted|p1a: Arceus\n|-damage|p1a: Arceus|218/291\n|\n|upkeep\n|turn|15\n|\n|t:|1782868542\n|move|p1a: Arceus|Earth Power|p2a: Glaceon\n|-damage|p2a: Glaceon|173/275\n|move|p2a: Glaceon|Freeze-Dry|p1a: Arceus\n|-resisted|p1a: Arceus\n|-damage|p1a: Arceus|164/291\n|\n|upkeep\n|turn|16\n|\n|t:|1782868549\n|move|p1a: Arceus|Earth Power|p2a: Glaceon\n|-damage|p2a: Glaceon|129/275\n|-unboost|p2a: Glaceon|spd|1\n|move|p2a: Glaceon|Freeze-Dry|p1a: Arceus\n|-resisted|p1a: Arceus\n|-damage|p1a: Arceus|111/291\n|\n|upkeep\n|turn|17\n|\n|t:|1782868556\n|move|p1a: Arceus|Earth Power|p2a: Glaceon\n|-damage|p2a: Glaceon|78/275\n|move|p2a: Glaceon|Wish|p2a: Glaceon\n|\n|upkeep\n|turn|18\n|\n|t:|1782868561\n|move|p1a: Arceus|Recover|p1a: Arceus\n|-heal|p1a: Arceus|257/291\n|move|p2a: Glaceon|Freeze-Dry|p1a: Arceus\n|-resisted|p1a: Arceus\n|-damage|p1a: Arceus|205/291\n|\n|-heal|p2a: Glaceon|215/275|[from] move: Wish|[wisher] Glaceon\n|upkeep\n|turn|19\n|\n|t:|1782868570\n|move|p1a: Arceus|Earth Power|p2a: Glaceon\n|-damage|p2a: Glaceon|161/275\n|move|p2a: Glaceon|Wish|p2a: Glaceon\n|\n|upkeep\n|turn|20\n|\n|t:|1782868582\n|move|p1a: Arceus|Judgment|p2a: Glaceon\n|-resisted|p2a: Glaceon\n|-damage|p2a: Glaceon|106/275\n|move|p2a: Glaceon|Calm Mind|p2a: Glaceon\n|-boost|p2a: Glaceon|spa|0\n|-boost|p2a: Glaceon|spd|1\n|\n|-heal|p2a: Glaceon|243/275|[from] move: Wish|[wisher] Glaceon\n|upkeep\n|turn|21\n|\n|t:|1782868592\n|move|p1a: Arceus|Judgment|p2a: Glaceon\n|-resisted|p2a: Glaceon\n|-damage|p2a: Glaceon|200/275\n|move|p2a: Glaceon|Freeze-Dry|p1a: Arceus\n|-resisted|p1a: Arceus\n|-damage|p1a: Arceus|149/291\n|\n|upkeep\n|turn|22\n|\n|t:|1782868599\n|move|p1a: Arceus|Judgment|p2a: Glaceon\n|-resisted|p2a: Glaceon\n|-damage|p2a: Glaceon|152/275\n|move|p2a: Glaceon|Freeze-Dry|p1a: Arceus\n|-resisted|p1a: Arceus\n|-damage|p1a: Arceus|95/291\n|\n|upkeep\n|turn|23\n|\n|t:|1782868606\n|move|p1a: Arceus|Recover|p1a: Arceus\n|-heal|p1a: Arceus|241/291\n|move|p2a: Glaceon|Freeze-Dry|p1a: Arceus\n|-resisted|p1a: Arceus\n|-damage|p1a: Arceus|184/291\n|\n|upkeep\n|turn|24\n|\n|t:|1782868611\n|move|p1a: Arceus|Judgment|p2a: Glaceon\n|-resisted|p2a: Glaceon\n|-damage|p2a: Glaceon|104/275\n|move|p2a: Glaceon|Freeze-Dry|p1a: Arceus\n|-resisted|p1a: Arceus\n|-damage|p1a: Arceus|135/291\n|\n|upkeep\n|turn|25\n|\n|t:|1782868618\n|move|p1a: Arceus|Recover|p1a: Arceus\n|-heal|p1a: Arceus|281/291\n|move|p2a: Glaceon|Wish|p2a: Glaceon\n|\n|upkeep\n|turn|26\n|\n|t:|1782868622\n|move|p1a: Arceus|Judgment|p2a: Glaceon\n|-resisted|p2a: Glaceon\n|-damage|p2a: Glaceon|59/275\n|move|p2a: Glaceon|Freeze-Dry|p1a: Arceus\n|-resisted|p1a: Arceus\n|-damage|p1a: Arceus|229/291\n|\n|-heal|p2a: Glaceon|196/275|[from] move: Wish|[wisher] Glaceon\n|upkeep\n|turn|27\n|\n|t:|1782868631\n|move|p1a: Arceus|Judgment|p2a: Glaceon\n|-resisted|p2a: Glaceon\n|-damage|p2a: Glaceon|154/275\n|move|p2a: Glaceon|Wish|p2a: Glaceon\n|\n|upkeep\n|turn|28\n|\n|t:|1782868637\n|move|p1a: Arceus|Judgment|p2a: Glaceon\n|-resisted|p2a: Glaceon\n|-damage|p2a: Glaceon|104/275\n|move|p2a: Glaceon|Freeze-Dry|p1a: Arceus\n|-resisted|p1a: Arceus\n|-damage|p1a: Arceus|174/291\n|\n|-heal|p2a: Glaceon|241/275|[from] move: Wish|[wisher] Glaceon\n|upkeep\n|turn|29\n|\n|t:|1782868657\n|move|p1a: Arceus|Earth Power|p2a: Glaceon\n|-damage|p2a: Glaceon|191/275\n|move|p2a: Glaceon|Freeze-Dry|p1a: Arceus\n|-resisted|p1a: Arceus\n|-damage|p1a: Arceus|118/291\n|\n|upkeep\n|turn|30\n|\n|t:|1782868674\n|move|p1a: Arceus|Recover|p1a: Arceus\n|-heal|p1a: Arceus|264/291\n|move|p2a: Glaceon|Freeze-Dry|p1a: Arceus\n|-resisted|p1a: Arceus\n|-damage|p1a: Arceus|210/291\n|\n|upkeep\n|turn|31\n|\n|t:|1782868683\n|move|p1a: Arceus|Judgment|p2a: Glaceon\n|-resisted|p2a: Glaceon\n|-damage|p2a: Glaceon|149/275\n|move|p2a: Glaceon|Freeze-Dry|p1a: Arceus\n|-resisted|p1a: Arceus\n|-damage|p1a: Arceus|156/291\n|\n|upkeep\n|turn|32\n|\n|t:|1782868693\n|move|p1a: Arceus|Earth Power|p2a: Glaceon\n|-damage|p2a: Glaceon|102/275\n|move|p2a: Glaceon|Freeze-Dry|p1a: Arceus\n|-resisted|p1a: Arceus\n|-damage|p1a: Arceus|101/291\n|\n|upkeep\n|turn|33\n|\n|t:|1782868699\n|move|p1a: Arceus|Recover|p1a: Arceus\n|-heal|p1a: Arceus|247/291\n|move|p2a: Glaceon|Wish|p2a: Glaceon\n|\n|upkeep\n|turn|34\n|\n|t:|1782868703\n|move|p1a: Arceus|Earth Power|p2a: Glaceon\n|-damage|p2a: Glaceon|57/275\n|move|p2a: Glaceon|Freeze-Dry|p1a: Arceus\n|-resisted|p1a: Arceus\n|-damage|p1a: Arceus|196/291\n|\n|-heal|p2a: Glaceon|194/275|[from] move: Wish|[wisher] Glaceon\n|upkeep\n|turn|35\n|\n|t:|1782868712\n|move|p1a: Arceus|Judgment|p2a: Glaceon\n|-resisted|p2a: Glaceon\n|-damage|p2a: Glaceon|151/275\n|move|p2a: Glaceon|Freeze-Dry|p1a: Arceus\n|-resisted|p1a: Arceus\n|-damage|p1a: Arceus|139/291\n|\n|upkeep\n|turn|36\n|\n|t:|1782868718\n|move|p1a: Arceus|Recover|p1a: Arceus\n|-heal|p1a: Arceus|285/291\n|move|p2a: Glaceon|Wish|p2a: Glaceon\n|\n|upkeep\n|turn|37\n|\n|t:|1782868723\n|move|p1a: Arceus|Judgment|p2a: Glaceon\n|-resisted|p2a: Glaceon\n|-damage|p2a: Glaceon|104/275\n|move|p2a: Glaceon|Freeze-Dry|p1a: Arceus\n|-resisted|p1a: Arceus\n|-damage|p1a: Arceus|231/291\n|\n|-heal|p2a: Glaceon|241/275|[from] move: Wish|[wisher] Glaceon\n|upkeep\n|turn|38\n|\n|t:|1782868733\n|move|p1a: Arceus|Judgment|p2a: Glaceon\n|-resisted|p2a: Glaceon\n|-damage|p2a: Glaceon|190/275\n|move|p2a: Glaceon|Freeze-Dry|p1a: Arceus\n|-resisted|p1a: Arceus\n|-damage|p1a: Arceus|177/291\n|\n|upkeep\n|turn|39\n|\n|t:|1782868751\n|move|p1a: Arceus|Judgment|p2a: Glaceon\n|-resisted|p2a: Glaceon\n|-damage|p2a: Glaceon|146/275\n|move|p2a: Glaceon|Freeze-Dry|p1a: Arceus\n|-resisted|p1a: Arceus\n|-damage|p1a: Arceus|122/291\n|\n|upkeep\n|turn|40\n|\n|t:|1782868760\n|move|p1a: Arceus|Judgment|p2a: Glaceon\n|-resisted|p2a: Glaceon\n|-crit|p2a: Glaceon\n|-damage|p2a: Glaceon|0 fnt\n|faint|p2a: Glaceon\n|\n|upkeep\n|c|\u2606Alexander Smart|swag\n|\n|t:|1782868778\n|switch|p2a: Deoxys|Deoxys-Attack, L72|191/191\n|-ability|p2a: Deoxys|Pressure\n|turn|41\n|\n|t:|1782868785\n|-terastallize|p2a: Deoxys|Dark\n|move|p2a: Deoxys|Knock Off|p1a: Arceus\n|-damage|p1a: Arceus|25/291\n|-damage|p2a: Deoxys|172/191|[from] item: Life Orb\n|move|p1a: Arceus|Earth Power|p2a: Deoxys\n|-damage|p2a: Deoxys|0 fnt\n|faint|p2a: Deoxys\n|\n|upkeep\n|\n|t:|1782868791\n|switch|p2a: Thundurus|Thundurus-Therian, L80, M|258/258\n|turn|42\n|\n|t:|1782868796\n|move|p1a: Arceus|Judgment|p2a: Thundurus\n|-supereffective|p2a: Thundurus\n|-damage|p2a: Thundurus|0 fnt\n|faint|p2a: Thundurus\n|\n|upkeep\n|\n|t:|1782868798\n|switch|p2a: Iron Thorns|Iron Thorns, L83|302/302\n|-item|p2a: Iron Thorns|Air Balloon\n|turn|43\n|\n|t:|1782868802\n|move|p1a: Arceus|Earth Power|p2a: Iron Thorns\n|-immune|p2a: Iron Thorns\n|move|p2a: Iron Thorns|Ice Punch|p1a: Arceus\n|-resisted|p1a: Arceus\n|-damage|p1a: Arceus|0 fnt\n|faint|p1a: Arceus\n|\n|upkeep\n|\n|t:|1782868818\n|switch|p1a: Palossand|Palossand, L89, F|296/296\n|turn|44\n|\n|t:|1782868824\n|move|p2a: Iron Thorns|Ice Punch|p1a: Palossand\n|-supereffective|p1a: Palossand\n|-damage|p1a: Palossand|188/296\n|move|p1a: Palossand|Shadow Ball|p2a: Iron Thorns\n|-damage|p2a: Iron Thorns|200/302\n|-enditem|p2a: Iron Thorns|Air Balloon\n|\n|-heal|p1a: Palossand|206/296|[from] item: Leftovers\n|upkeep\n|turn|45\n|\n|t:|1782868834\n|-end|p2a: Iron Thorns|Quark Drive|[silent]\n|switch|p2a: Shaymin|Shaymin, L82|298/298\n|move|p1a: Palossand|Earth Power|p2a: Shaymin\n|-resisted|p2a: Shaymin\n|-damage|p2a: Shaymin|251/298\n|\n|-heal|p2a: Shaymin|269/298|[from] item: Leftovers\n|-heal|p1a: Palossand|224/296|[from] item: Leftovers\n|upkeep\n|turn|46\n|\n|t:|1782868843\n|move|p2a: Shaymin|Substitute|p2a: Shaymin\n|-start|p2a: Shaymin|Substitute\n|-damage|p2a: Shaymin|195/298\n|move|p1a: Palossand|Sludge Bomb|p2a: Shaymin\n|-supereffective|p2a: Shaymin\n|-end|p2a: Shaymin|Substitute\n|\n|-heal|p2a: Shaymin|213/298|[from] item: Leftovers\n|-heal|p1a: Palossand|242/296|[from] item: Leftovers\n|upkeep\n|turn|47\n|\n|t:|1782868851\n|move|p2a: Shaymin|Seed Flare|p1a: Palossand\n|-supereffective|p1a: Palossand\n|-damage|p1a: Palossand|0 fnt\n|faint|p1a: Palossand\n|\n|-heal|p2a: Shaymin|231/298|[from] item: Leftovers\n|upkeep\n|\n|t:|1782868865\n|switch|p1a: Chimecho|Chimecho, L93, F|290/290\n|turn|48\n|\n|t:|1782868875\n|move|p2a: Shaymin|Leech Seed|p1a: Chimecho|[miss]\n|-miss|p2a: Shaymin|p1a: Chimecho\n|move|p1a: Chimecho|Cosmic Power|p1a: Chimecho\n|-boost|p1a: Chimecho|def|1\n|-boost|p1a: Chimecho|spd|1\n|\n|-heal|p2a: Shaymin|249/298|[from] item: Leftovers\n|upkeep\n|turn|49\n|\n|t:|1782868883\n|move|p2a: Shaymin|Leech Seed|p1a: Chimecho\n|-start|p1a: Chimecho|move: Leech Seed\n|move|p1a: Chimecho|Cosmic Power|p1a: Chimecho\n|-boost|p1a: Chimecho|def|1\n|-boost|p1a: Chimecho|spd|1\n|\n|-heal|p2a: Shaymin|267/298|[from] item: Leftovers\n|-damage|p1a: Chimecho|254/290|[from] Leech Seed|[of] p2a: Shaymin\n|-heal|p2a: Shaymin|298/298|[silent]\n|upkeep\n|turn|50\n|\n|t:|1782868891\n|move|p2a: Shaymin|Substitute|p2a: Shaymin\n|-start|p2a: Shaymin|Substitute\n|-damage|p2a: Shaymin|224/298\n|move|p1a: Chimecho|Cosmic Power|p1a: Chimecho\n|-boost|p1a: Chimecho|def|1\n|-boost|p1a: Chimecho|spd|1\n|\n|-heal|p2a: Shaymin|242/298|[from] item: Leftovers\n|-heal|p1a: Chimecho|272/290|[from] item: Leftovers\n|-damage|p1a: Chimecho|236/290|[from] Leech Seed|[of] p2a: Shaymin\n|-heal|p2a: Shaymin|278/298|[silent]\n|upkeep\n|turn|51\n|\n|t:|1782868901\n|move|p2a: Shaymin|Air Slash|p1a: Chimecho\n|-damage|p1a: Chimecho|215/290\n|move|p1a: Chimecho|Stored Power|p2a: Shaymin\n|-end|p2a: Shaymin|Substitute\n|\n|-heal|p2a: Shaymin|296/298|[from] item: Leftovers\n|-heal|p1a: Chimecho|233/290|[from] item: Leftovers\n|-damage|p1a: Chimecho|197/290|[from] Leech Seed|[of] p2a: Shaymin\n|-heal|p2a: Shaymin|298/298|[silent]\n|upkeep\n|turn|52\n|\n|t:|1782868910\n|move|p2a: Shaymin|Air Slash|p1a: Chimecho\n|-damage|p1a: Chimecho|177/290\n|cant|p1a: Chimecho|flinch\n|\n|-heal|p1a: Chimecho|195/290|[from] item: Leftovers\n|-damage|p1a: Chimecho|159/290|[from] Leech Seed|[of] p2a: Shaymin\n|upkeep\n|turn|53\n|\n|t:|1782868921\n|move|p2a: Shaymin|Substitute|p2a: Shaymin\n|-start|p2a: Shaymin|Substitute\n|-damage|p2a: Shaymin|224/298\n|move|p1a: Chimecho|Stored Power|p2a: Shaymin\n|-end|p2a: Shaymin|Substitute\n|\n|-heal|p2a: Shaymin|242/298|[from] item: Leftovers\n|-heal|p1a: Chimecho|177/290|[from] item: Leftovers\n|-damage|p1a: Chimecho|141/290|[from] Leech Seed|[of] p2a: Shaymin\n|-heal|p2a: Shaymin|278/298|[silent]\n|upkeep\n|turn|54\n|\n|t:|1782868930\n|move|p2a: Shaymin|Seed Flare|p1a: Chimecho\n|-damage|p1a: Chimecho|93/290\n|-unboost|p1a: Chimecho|spd|2\n|move|p1a: Chimecho|Stored Power|p2a: Shaymin\n|-damage|p2a: Shaymin|158/298\n|\n|-heal|p2a: Shaymin|176/298|[from] item: Leftovers\n|-heal|p1a: Chimecho|111/290|[from] item: Leftovers\n|-damage|p1a: Chimecho|75/290|[from] Leech Seed|[of] p2a: Shaymin\n|-heal|p2a: Shaymin|212/298|[silent]\n|upkeep\n|turn|55\n|\n|t:|1782868940\n|move|p2a: Shaymin|Substitute|p2a: Shaymin\n|-start|p2a: Shaymin|Substitute\n|-damage|p2a: Shaymin|138/298\n|move|p1a: Chimecho|Recover|p1a: Chimecho\n|-heal|p1a: Chimecho|220/290\n|\n|-heal|p2a: Shaymin|156/298|[from] item: Leftovers\n|-heal|p1a: Chimecho|238/290|[from] item: Leftovers\n|-damage|p1a: Chimecho|202/290|[from] Leech Seed|[of] p2a: Shaymin\n|-heal|p2a: Shaymin|192/298|[silent]\n|upkeep\n|turn|56\n|\n|t:|1782868956\n|switch|p1a: Gyarados|Gyarados, L79, F|280/280\n|-ability|p1a: Gyarados|Intimidate|boost\n|-immune|p2a: Shaymin\n|move|p2a: Shaymin|Seed Flare|p1a: Gyarados\n|-damage|p1a: Gyarados|153/280\n|-unboost|p1a: Gyarados|spd|2\n|\n|-heal|p2a: Shaymin|210/298|[from] item: Leftovers\n|upkeep\n|turn|57\n|\n|t:|1782868971\n|move|p2a: Shaymin|Seed Flare|p1a: Gyarados\n|-crit|p1a: Gyarados\n|-damage|p1a: Gyarados|0 fnt\n|faint|p1a: Gyarados\n|\n|-heal|p2a: Shaymin|228/298|[from] item: Leftovers\n|upkeep\n|\n|t:|1782868985\n|switch|p1a: Comfey|Comfey, L85, F|225/225\n|turn|58\n|\n|t:|1782868993\n|move|p1a: Comfey|Calm Mind|p1a: Comfey\n|-boost|p1a: Comfey|spa|1\n|-boost|p1a: Comfey|spd|1\n|move|p2a: Shaymin|Leech Seed|p1a: Comfey\n|-start|p1a: Comfey|move: Leech Seed\n|\n|-heal|p2a: Shaymin|246/298|[from] item: Leftovers\n|-damage|p1a: Comfey|197/225|[from] Leech Seed|[of] p2a: Shaymin\n|-heal|p2a: Shaymin|274/298|[silent]\n|upkeep\n|turn|59\n|\n|t:|1782869005\n|move|p1a: Comfey|Calm Mind|p1a: Comfey\n|-boost|p1a: Comfey|spa|1\n|-boost|p1a: Comfey|spd|1\n|move|p2a: Shaymin|Seed Flare|p1a: Comfey\n|-damage|p1a: Comfey|148/225\n|-unboost|p1a: Comfey|spd|2\n|\n|-heal|p1a: Comfey|162/225|[from] item: Leftovers\n|-heal|p2a: Shaymin|292/298|[from] item: Leftovers\n|-damage|p1a: Comfey|134/225|[from] Leech Seed|[of] p2a: Shaymin\n|-heal|p2a: Shaymin|298/298|[silent]\n|upkeep\n|turn|60\n|\n|t:|1782869016\n|move|p1a: Comfey|Draining Kiss|p2a: Shaymin\n|-end|p2a: Shaymin|Substitute\n|-heal|p1a: Comfey|190/225|[from] drain|[of] p2a: Shaymin\n|move|p2a: Shaymin|Seed Flare|p1a: Comfey\n|-damage|p1a: Comfey|90/225\n|-unboost|p1a: Comfey|spd|2\n|\n|-heal|p1a: Comfey|104/225|[from] item: Leftovers\n|-damage|p1a: Comfey|76/225|[from] Leech Seed|[of] p2a: Shaymin\n|upkeep\n|turn|61\n|\n|t:|1782869029\n|-terastallize|p1a: Comfey|Fairy\n|move|p1a: Comfey|Draining Kiss|p2a: Shaymin\n|-damage|p2a: Shaymin|158/298\n|-heal|p1a: Comfey|181/225|[from] drain|[of] p2a: Shaymin\n|move|p2a: Shaymin|Air Slash|p1a: Comfey|[miss]\n|-miss|p2a: Shaymin|p1a: Comfey\n|\n|-heal|p1a: Comfey|195/225|[from] item: Leftovers\n|-heal|p2a: Shaymin|176/298|[from] item: Leftovers\n|-damage|p1a: Comfey|167/225|[from] Leech Seed|[of] p2a: Shaymin\n|-heal|p2a: Shaymin|204/298|[silent]\n|upkeep\n|turn|62\n|\n|t:|1782869039\n|move|p1a: Comfey|Calm Mind|p1a: Comfey\n|-boost|p1a: Comfey|spa|1\n|-boost|p1a: Comfey|spd|1\n|move|p2a: Shaymin|Seed Flare|p1a: Comfey\n|-damage|p1a: Comfey|4/225\n|-unboost|p1a: Comfey|spd|2\n|\n|-heal|p1a: Comfey|18/225|[from] item: Leftovers\n|-heal|p2a: Shaymin|222/298|[from] item: Leftovers\n|-damage|p1a: Comfey|0 fnt|[from] Leech Seed|[of] p2a: Shaymin\n|-heal|p2a: Shaymin|240/298|[silent]\n|faint|p1a: Comfey\n|upkeep\n|\n|t:|1782869058\n|switch|p1a: Raging Bolt|Raging Bolt, L78|323/323\n|turn|63\n|\n|t:|1782869069\n|move|p2a: Shaymin|Leech Seed|p1a: Raging Bolt\n|-start|p1a: Raging Bolt|move: Leech Seed\n|move|p1a: Raging Bolt|Draco Meteor|p2a: Shaymin\n|-damage|p2a: Shaymin|102/298\n|-unboost|p1a: Raging Bolt|spa|2\n|\n|-heal|p2a: Shaymin|120/298|[from] item: Leftovers\n|-damage|p1a: Raging Bolt|283/323|[from] Leech Seed|[of] p2a: Shaymin\n|-heal|p2a: Shaymin|160/298|[silent]\n|upkeep\n|turn|64\n|-message|Alexander Smart forfeited.\n|\n|win|TheFirstUnicorn\n|raw|Alexander Smart's rating: 1366 &rarr; <strong>1347</strong><br />(-19 for losing)\n|raw|TheFirstUnicorn's rating: 1389 &rarr; <strong>1408</strong><br />(+19 for winning)\n|l|\u2606Alexander Smart\n|player|p1|\n|c|\u2606TheFirstUnicorn|good game\n", "inputlog": ">version f8ac14003a5f27e1bdc8d8c59608a773c1cb96e5\n>start {\"formatid\":\"gen9randombattle\",\"seed\":\"sodium,d6e2886ef5a8b1c42e6aacdc425dd51b\",\"rated\":\"Rated battle\"}\n>player p1 {\"name\":\"Alexander Smart\",\"avatar\":\"juggler\",\"rating\":1366,\"seed\":\"sodium,4e4ddff6dabc324f38dcea51a8c8390f\"}\n>player p2 {\"name\":\"TheFirstUnicorn\",\"avatar\":\"lady\",\"rating\":1389,\"seed\":\"sodium,e2a2faf48a098538b7043fb765b6f17c\"}\n>p1 switch 3\n>p2 move poltergeist\n>p1 move judgment\n>p2 move powerwhip\n>p2 switch 5\n>p1 move calmmind\n>p2 move calmmind\n>p1 move calmmind\n>p2 move calmmind\n>p1 move calmmind\n>p2 move calmmind\n>p1 move calmmind\n>p2 move calmmind\n>p1 move calmmind\n>p2 move wish\n>p1 move calmmind\n>p2 move calmmind\n>p1 move recover\n>p2 move calmmind\n>p1 move judgment\n>p2 move freezedry\n>p1 move earthpower\n>p2 move freezedry\n>p1 move earthpower\n>p2 move wish\n>chat \u2606Alexander Smart|so what's the plan here\n>p1 move earthpower\n>p2 move freezedry\n>p1 move recover\n>p2 move freezedry\n>p1 move earthpower\n>p2 move freezedry\n>p1 move earthpower\n>p2 move freezedry\n>p1 move earthpower\n>p2 move wish\n>p1 move recover\n>p2 move freezedry\n>p1 move earthpower\n>p2 move wish\n>p1 move judgment\n>p2 move calmmind\n>p1 move judgment\n>p2 move freezedry\n>p1 move judgment\n>p2 move freezedry\n>p1 move recover\n>p2 move freezedry\n>p1 move judgment\n>p2 move freezedry\n>p1 move recover\n>p2 move wish\n>p1 move judgment\n>p2 move freezedry\n>p1 move judgment\n>p2 move wish\n>p1 move judgment\n>p2 move freezedry\n>p1 move earthpower\n>p2 move freezedry\n>p1 move recover\n>p2 move freezedry\n>p1 move judgment\n>p2 move freezedry\n>p1 move earthpower\n>p2 move freezedry\n>p1 move recover\n>p2 move wish\n>p1 move earthpower\n>p2 move freezedry\n>p1 move judgment\n>p2 move freezedry\n>p1 move recover\n>p2 move wish\n>p1 move judgment\n>p2 move freezedry\n>p1 move judgment\n>p2 move freezedry\n>p1 move judgment\n>p2 move freezedry\n>p1 move judgment\n>p2 move freezedry\n>chat \u2606Alexander Smart|swag\n>p2 switch 6\n>p1 move earthpower\n>p2 move knockoff terastallize\n>p2 switch 4\n>p1 move judgment\n>p2 move focusblast\n>p2 switch 3\n>p1 move earthpower\n>p2 move icepunch\n>p1 switch 2\n>p1 move shadowball\n>p2 move icepunch\n>p1 move earthpower\n>p2 switch 2\n>p1 move sludgebomb\n>p2 move substitute\n>p1 move sludgebomb\n>p2 move seedflare\n>p1 switch 3\n>p1 move cosmicpower\n>p2 move leechseed\n>p1 move cosmicpower\n>p2 move leechseed\n>p1 move cosmicpower\n>p2 move substitute\n>p1 move storedpower\n>p2 move airslash\n>p1 move storedpower\n>p2 move airslash\n>p1 move storedpower\n>p2 move substitute\n>p1 move storedpower\n>p2 move seedflare\n>p1 move recover\n>p2 move substitute\n>p1 switch 6\n>p2 move seedflare\n>p1 move dragondance\n>p2 move seedflare\n>p1 switch 5\n>p1 move calmmind\n>p2 move leechseed\n>p1 move calmmind\n>p2 move seedflare\n>p1 move drainingkiss\n>p2 move seedflare\n>p1 move drainingkiss terastallize\n>p2 move airslash\n>p1 move calmmind\n>p2 move seedflare\n>p1 switch 4\n>p1 move dracometeor\n>p2 move leechseed\n>forcelose p1", "uploadtime": 1782869109, "views": 9, "formatid": "gen9randombattle", "rating": 1347, "private": 0, "password": null, "player_dets": [{"name": "Alexander Smart", "avatar": "juggler", "rating": 1366, "seed": "sodium,4e4ddff6dabc324f38dcea51a8c8390f"}, {"name": "TheFirstUnicorn", "avatar": "lady", "rating": 1389, "seed": "sodium,e2a2faf48a098538b7043fb765b6f17c"}], "teams_full": [{"Chimecho": {"name": "Chimecho", "species": "Chimecho", "speciesId": "chimecho", "gender": "F", "shiny": false, "level": 93, "moves": ["cosmicpower", "storedpower", "recover", "dazzlinggleam"], "ability": "Levitate", "evs": {"hp": 85, "atk": 0, "def": 85, "spa": 85, "spd": 85, "spe": 85}, "ivs": {"hp": 31, "atk": 0, "def": 31, "spa": 31, "spd": 31, "spe": 31}, "item": "Leftovers", "teraType": "Steel", "role": "Bulky Attacker", "bvs": {"hp": 75, "atk": 50, "def": 80, "spa": 95, "spd": 90, "spe": 65}, "stats": {"hp": 290, "atk": 98, "def": 202, "spa": 230, "spd": 220, "spe": 174}, "types": ["Psychic"]}, "Palossand": {"name": "Palossand", "species": "Palossand", "speciesId": "palossand", "gender": "F", "shiny": false, "level": 89, "moves": ["earthpower", "shoreup", "shadowball", "sludgebomb"], "ability": "Water Compaction", "evs": {"hp": 85, "atk": 0, "def": 85, "spa": 85, "spd": 85, "spe": 85}, "ivs": {"hp": 31, "atk": 0, "def": 31, "spa": 31, "spd": 31, "spe": 31}, "item": "Leftovers", "teraType": "Water", "role": "Bulky Support", "bvs": {"hp": 85, "atk": 75, "def": 110, "spa": 100, "spd": 75, "spe": 35}, "stats": {"hp": 296, "atk": 138, "def": 247, "spa": 229, "spd": 184, "spe": 113}, "types": ["Ghost", "Ground"]}, "Arceus": {"name": "Arceus", "species": "Arceus-Ice", "speciesId": "arceusice", "gender": "N", "shiny": false, "level": 72, "moves": ["earthpower", "judgment", "recover", "calmmind"], "ability": "Multitype", "evs": {"hp": 81, "atk": 0, "def": 85, "spa": 85, "spd": 85, "spe": 85}, "ivs": {"hp": 31, "atk": 0, "def": 31, "spa": 31, "spd": 31, "spe": 31}, "item": "Icicle Plate", "teraType": "Ground", "role": "Bulky Setup", "bvs": {"hp": 120, "atk": 120, "def": 120, "spa": 120, "spd": 120, "spe": 120}, "stats": {"hp": 291, "atk": 177, "def": 215, "spa": 215, "spd": 215, "spe": 215}, "types": ["Ice"]}, "Raging Bolt": {"name": "Raging Bolt", "species": "Raging Bolt", "speciesId": "ragingbolt", "gender": "N", "shiny": false, "level": 78, "moves": ["thunderbolt", "dracometeor", "calmmind", "thunderclap"], "ability": "Protosynthesis", "evs": {"hp": 85, "atk": 0, "def": 85, "spa": 85, "spd": 85, "spe": 85}, "ivs": {"hp": 31, "atk": 0, "def": 31, "spa": 31, "spd": 31, "spe": 31}, "item": "Leftovers", "teraType": "Fairy", "role": "Bulky Setup", "bvs": {"hp": 125, "atk": 73, "def": 91, "spa": 137, "spd": 89, "spe": 75}, "stats": {"hp": 323, "atk": 118, "def": 187, "spa": 259, "spd": 184, "spe": 162}, "types": ["Electric", "Dragon"]}, "Comfey": {"name": "Comfey", "species": "Comfey", "speciesId": "comfey", "gender": "F", "shiny": false, "level": 85, "moves": ["storedpower", "drainingkiss", "gigadrain", "calmmind"], "ability": "Triage", "evs": {"hp": 85, "atk": 0, "def": 85, "spa": 85, "spd": 85, "spe": 85}, "ivs": {"hp": 31, "atk": 0, "def": 31, "spa": 31, "spd": 31, "spe": 31}, "item": "Leftovers", "teraType": "Fairy", "role": "Bulky Setup", "bvs": {"hp": 51, "atk": 52, "def": 90, "spa": 82, "spd": 110, "spe": 100}, "stats": {"hp": 225, "atk": 93, "def": 202, "spa": 188, "spd": 236, "spe": 219}, "types": ["Fairy"]}, "Gyarados": {"name": "Gyarados", "species": "Gyarados", "speciesId": "gyarados", "gender": "F", "shiny": false, "level": 79, "moves": ["waterfall", "dragondance", "stoneedge", "earthquake"], "ability": "Intimidate", "evs": {"hp": 85, "atk": 85, "def": 85, "spa": 85, "spd": 85, "spe": 85}, "ivs": {"hp": 31, "atk": 31, "def": 31, "spa": 31, "spd": 31, "spe": 31}, "item": "Heavy-Duty Boots", "teraType": "Ground", "role": "Setup Sweeper", "bvs": {"hp": 95, "atk": 125, "def": 79, "spa": 60, "spd": 100, "spe": 81}, "stats": {"hp": 280, "atk": 243, "def": 170, "spa": 140, "spd": 204, "spe": 174}, "types": ["Water", "Flying"]}}, {"Brambleghast": {"name": "Brambleghast", "species": "Brambleghast", "speciesId": "brambleghast", "gender": "M", "shiny": false, "level": 88, "moves": ["rapidspin", "powerwhip", "poltergeist", "strengthsap"], "ability": "Wind Rider", "evs": {"hp": 85, "atk": 85, "def": 85, "spa": 85, "spd": 85, "spe": 85}, "ivs": {"hp": 31, "atk": 31, "def": 31, "spa": 31, "spd": 31, "spe": 31}, "item": "Heavy-Duty Boots", "teraType": "Fairy", "role": "Fast Support", "bvs": {"hp": 55, "atk": 115, "def": 70, "spa": 80, "spd": 70, "spe": 90}, "stats": {"hp": 240, "atk": 253, "def": 173, "spa": 191, "spd": 173, "spe": 209}, "types": ["Grass", "Ghost"]}, "Shaymin": {"name": "Shaymin", "species": "Shaymin", "speciesId": "shaymin", "gender": "N", "shiny": false, "level": 82, "moves": ["substitute", "airslash", "leechseed", "seedflare"], "ability": "Natural Cure", "evs": {"hp": 85, "atk": 0, "def": 85, "spa": 85, "spd": 85, "spe": 85}, "ivs": {"hp": 31, "atk": 0, "def": 31, "spa": 31, "spd": 31, "spe": 31}, "item": "Leftovers", "teraType": "Steel", "role": "Bulky Support", "bvs": {"hp": 100, "atk": 100, "def": 100, "spa": 100, "spd": 100, "spe": 100}, "stats": {"hp": 298, "atk": 169, "def": 211, "spa": 211, "spd": 211, "spe": 211}, "types": ["Grass"]}, "Iron Thorns": {"name": "Iron Thorns", "species": "Iron Thorns", "speciesId": "ironthorns", "gender": "N", "shiny": false, "level": 83, "moves": ["icepunch", "wildcharge", "stealthrock", "stoneedge"], "ability": "Quark Drive", "evs": {"hp": 85, "atk": 85, "def": 85, "spa": 85, "spd": 85, "spe": 85}, "ivs": {"hp": 31, "atk": 31, "def": 31, "spa": 31, "spd": 31, "spe": 31}, "item": "Air Balloon", "teraType": "Flying", "role": "Fast Support", "bvs": {"hp": 100, "atk": 134, "def": 110, "spa": 70, "spd": 84, "spe": 72}, "stats": {"hp": 302, "atk": 270, "def": 230, "spa": 164, "spd": 187, "spe": 167}, "types": ["Rock", "Electric"]}, "Thundurus": {"name": "Thundurus", "species": "Thundurus-Therian", "speciesId": "thundurustherian", "gender": "M", "shiny": false, "level": 80, "moves": ["thunderbolt", "focusblast", "nastyplot", "psychic"], "ability": "Volt Absorb", "evs": {"hp": 85, "atk": 0, "def": 85, "spa": 85, "spd": 85, "spe": 85}, "ivs": {"hp": 31, "atk": 0, "def": 31, "spa": 31, "spd": 31, "spe": 31}, "item": "Heavy-Duty Boots", "teraType": "Psychic", "role": "Fast Attacker", "bvs": {"hp": 79, "atk": 105, "def": 70, "spa": 145, "spd": 80, "spe": 101}, "stats": {"hp": 258, "atk": 173, "def": 158, "spa": 278, "spd": 174, "spe": 208}, "types": ["Electric", "Flying"]}, "Glaceon": {"name": "Glaceon", "species": "Glaceon", "speciesId": "glaceon", "gender": "M", "shiny": false, "level": 94, "moves": ["freezedry", "wish", "protect", "calmmind"], "ability": "Ice Body", "evs": {"hp": 85, "atk": 0, "def": 85, "spa": 85, "spd": 85, "spe": 85}, "ivs": {"hp": 31, "atk": 0, "def": 31, "spa": 31, "spd": 31, "spe": 31}, "item": "Heavy-Duty Boots", "teraType": "Water", "role": "Bulky Setup", "bvs": {"hp": 65, "atk": 60, "def": 110, "spa": 130, "spd": 95, "spe": 65}, "stats": {"hp": 275, "atk": 117, "def": 260, "spa": 298, "spd": 232, "spe": 176}, "types": ["Ice"]}, "Deoxys": {"name": "Deoxys", "species": "Deoxys-Attack", "speciesId": "deoxysattack", "gender": "N", "shiny": false, "level": 72, "moves": ["knockoff", "psychoboost", "superpower", "icebeam"], "ability": "Pressure", "evs": {"hp": 85, "atk": 85, "def": 85, "spa": 85, "spd": 85, "spe": 85}, "ivs": {"hp": 31, "atk": 31, "def": 31, "spa": 31, "spd": 31, "spe": 31}, "item": "Life Orb", "teraType": "Dark", "role": "Wallbreaker", "bvs": {"hp": 50, "atk": 180, "def": 20, "spa": 180, "spd": 20, "spe": 150}, "stats": {"hp": 191, "atk": 301, "def": 71, "spa": 301, "spd": 71, "spe": 258}, "types": ["Psychic"]}}]}