{"id": "gen9randombattle-2642118119", "format": "[Gen 9] Random Battle", "players": ["Snorlaxkindasus", "HaYouMist"], "log": "|j|\u2606Snorlaxkindasus\n|j|\u2606HaYouMist\n|t:|1782893859\n|gametype|singles\n|player|p1|Snorlaxkindasus|169|\n|player|p2|HaYouMist|falkner|\n|gen|9\n|tier|[Gen 9] Random Battle\n|rule|Species Clause: Limit one of each Pok\u00e9mon\n|rule|HP Percentage Mod: HP is shown in percentages\n|rule|Sleep Clause Mod: Limit one foe put to sleep\n|rule|Illusion Level Mod: Illusion disguises the Pok\u00e9mon's true level\n|\n|t:|1782893859\n|teamsize|p1|6\n|teamsize|p2|6\n|start\n|switch|p1a: Sceptile|Sceptile, L87, F|264/264\n|switch|p2a: Cloyster|Cloyster, L80, M|211/211\n|turn|1\n|\n|t:|1782893893\n|switch|p2a: Mandibuzz|Mandibuzz, L85, F|326/326\n|move|p1a: Sceptile|Leech Seed|p2a: Mandibuzz\n|-start|p2a: Mandibuzz|move: Leech Seed\n|\n|-damage|p2a: Mandibuzz|286/326|[from] Leech Seed|[of] p1a: Sceptile\n|upkeep\n|turn|2\n|\n|t:|1782893918\n|move|p1a: Sceptile|Substitute|p1a: Sceptile\n|-start|p1a: Sceptile|Substitute\n|-damage|p1a: Sceptile|198/264\n|move|p2a: Mandibuzz|Knock Off|p1a: Sceptile\n|-end|p1a: Sceptile|Substitute\n|\n|-heal|p1a: Sceptile|214/264|[from] item: Leftovers\n|-damage|p2a: Mandibuzz|246/326|[from] Leech Seed|[of] p1a: Sceptile\n|-heal|p1a: Sceptile|254/264|[silent]\n|upkeep\n|turn|3\n|\n|t:|1782893935\n|move|p1a: Sceptile|Substitute|p1a: Sceptile\n|-start|p1a: Sceptile|Substitute\n|-damage|p1a: Sceptile|188/264\n|move|p2a: Mandibuzz|Knock Off|p1a: Sceptile\n|-end|p1a: Sceptile|Substitute\n|\n|-heal|p1a: Sceptile|204/264|[from] item: Leftovers\n|-damage|p2a: Mandibuzz|206/326|[from] Leech Seed|[of] p1a: Sceptile\n|-heal|p1a: Sceptile|244/264|[silent]\n|upkeep\n|turn|4\n|\n|t:|1782893957\n|move|p1a: Sceptile|Substitute|p1a: Sceptile\n|-start|p1a: Sceptile|Substitute\n|-damage|p1a: Sceptile|178/264\n|move|p2a: Mandibuzz|Roost|p2a: Mandibuzz\n|-heal|p2a: Mandibuzz|326/326\n|-singleturn|p2a: Mandibuzz|move: Roost\n|\n|-heal|p1a: Sceptile|194/264|[from] item: Leftovers\n|-damage|p2a: Mandibuzz|286/326|[from] Leech Seed|[of] p1a: Sceptile\n|-heal|p1a: Sceptile|234/264|[silent]\n|upkeep\n|turn|5\n|\n|t:|1782893979\n|move|p1a: Sceptile|Focus Blast|p2a: Mandibuzz\n|-damage|p2a: Mandibuzz|191/326\n|move|p2a: Mandibuzz|Knock Off|p1a: Sceptile\n|-end|p1a: Sceptile|Substitute\n|\n|-heal|p1a: Sceptile|250/264|[from] item: Leftovers\n|-damage|p2a: Mandibuzz|151/326|[from] Leech Seed|[of] p1a: Sceptile\n|-heal|p1a: Sceptile|264/264|[silent]\n|upkeep\n|turn|6\n|\n|t:|1782894015\n|switch|p2a: Bellibolt|Bellibolt, L84, F|320/320\n|move|p1a: Sceptile|Substitute|p1a: Sceptile\n|-start|p1a: Sceptile|Substitute\n|-damage|p1a: Sceptile|198/264\n|\n|-heal|p1a: Sceptile|214/264|[from] item: Leftovers\n|upkeep\n|turn|7\n|\n|t:|1782894029\n|move|p1a: Sceptile|Leech Seed|p2a: Bellibolt\n|-start|p2a: Bellibolt|move: Leech Seed\n|move|p2a: Bellibolt|Thunderbolt|p1a: Sceptile\n|-resisted|p1a: Sceptile\n|-activate|p1a: Sceptile|move: Substitute|[damage]\n|\n|-heal|p1a: Sceptile|230/264|[from] item: Leftovers\n|-damage|p2a: Bellibolt|280/320|[from] Leech Seed|[of] p1a: Sceptile\n|-heal|p1a: Sceptile|264/264|[silent]\n|upkeep\n|turn|8\n|\n|t:|1782894051\n|move|p1a: Sceptile|Focus Blast|p2a: Bellibolt\n|-damage|p2a: Bellibolt|172/320\n|-start|p2a: Bellibolt|Charge|Focus Blast|[from] ability: Electromorphosis\n|move|p2a: Bellibolt|Thunderbolt|p1a: Sceptile\n|-resisted|p1a: Sceptile\n|-end|p1a: Sceptile|Substitute\n|-end|p2a: Bellibolt|Charge|[silent]\n|\n|-heal|p2a: Bellibolt|192/320|[from] item: Leftovers\n|-damage|p2a: Bellibolt|152/320|[from] Leech Seed|[of] p1a: Sceptile\n|upkeep\n|turn|9\n|\n|t:|1782894067\n|move|p1a: Sceptile|Substitute|p1a: Sceptile\n|-start|p1a: Sceptile|Substitute\n|-damage|p1a: Sceptile|198/264\n|move|p2a: Bellibolt|Slack Off|p2a: Bellibolt\n|-heal|p2a: Bellibolt|312/320\n|\n|-heal|p1a: Sceptile|214/264|[from] item: Leftovers\n|-heal|p2a: Bellibolt|320/320|[from] item: Leftovers\n|-damage|p2a: Bellibolt|280/320|[from] Leech Seed|[of] p1a: Sceptile\n|-heal|p1a: Sceptile|254/264|[silent]\n|upkeep\n|turn|10\n|\n|t:|1782894084\n|move|p1a: Sceptile|Focus Blast|p2a: Bellibolt\n|-damage|p2a: Bellibolt|188/320\n|-start|p2a: Bellibolt|Charge|Focus Blast|[from] ability: Electromorphosis\n|move|p2a: Bellibolt|Thunderbolt|p1a: Sceptile\n|-resisted|p1a: Sceptile\n|-end|p1a: Sceptile|Substitute\n|-end|p2a: Bellibolt|Charge|[silent]\n|\n|-heal|p1a: Sceptile|264/264|[from] item: Leftovers\n|-heal|p2a: Bellibolt|208/320|[from] item: Leftovers\n|-damage|p2a: Bellibolt|168/320|[from] Leech Seed|[of] p1a: Sceptile\n|upkeep\n|turn|11\n|\n|t:|1782894097\n|switch|p1a: Gliscor|Gliscor, L76, F|239/239\n|move|p2a: Bellibolt|Slack Off|p2a: Bellibolt\n|-heal|p2a: Bellibolt|320/320\n|\n|-damage|p2a: Bellibolt|280/320|[from] Leech Seed|[of] p1a: Gliscor\n|-status|p1a: Gliscor|tox|[from] item: Toxic Orb\n|upkeep\n|turn|12\n|\n|t:|1782894113\n|move|p1a: Gliscor|Substitute|p1a: Gliscor\n|-start|p1a: Gliscor|Substitute\n|-damage|p1a: Gliscor|180/239 tox\n|move|p2a: Bellibolt|Muddy Water|p1a: Gliscor\n|-supereffective|p1a: Gliscor\n|-end|p1a: Gliscor|Substitute\n|\n|-heal|p2a: Bellibolt|300/320|[from] item: Leftovers\n|-damage|p2a: Bellibolt|260/320|[from] Leech Seed|[of] p1a: Gliscor\n|-heal|p1a: Gliscor|220/239 tox|[silent]\n|-heal|p1a: Gliscor|239/239 tox|[from] ability: Poison Heal\n|upkeep\n|turn|13\n|\n|t:|1782894133\n|move|p1a: Gliscor|Toxic|p2a: Bellibolt|[miss]\n|-miss|p1a: Gliscor|p2a: Bellibolt\n|move|p2a: Bellibolt|Muddy Water|p1a: Gliscor\n|-supereffective|p1a: Gliscor\n|-damage|p1a: Gliscor|63/239 tox\n|\n|-heal|p2a: Bellibolt|280/320|[from] item: Leftovers\n|-damage|p2a: Bellibolt|240/320|[from] Leech Seed|[of] p1a: Gliscor\n|-heal|p1a: Gliscor|103/239 tox|[silent]\n|-heal|p1a: Gliscor|132/239 tox|[from] ability: Poison Heal\n|upkeep\n|turn|14\n|\n|t:|1782894150\n|switch|p2a: Gardevoir|Gardevoir, L83, F|249/249\n|-ability|p2a: Gardevoir|Poison Heal|Trace|[from] ability: Trace|[of] p1a: Gliscor\n|move|p1a: Gliscor|Protect||[still]\n|-fail|p1a: Gliscor\n|\n|-heal|p1a: Gliscor|161/239 tox|[from] ability: Poison Heal\n|upkeep\n|turn|15\n|\n|t:|1782894171\n|move|p1a: Gliscor|Substitute|p1a: Gliscor\n|-start|p1a: Gliscor|Substitute\n|-damage|p1a: Gliscor|102/239 tox\n|move|p2a: Gardevoir|Moonblast|p1a: Gliscor\n|-end|p1a: Gliscor|Substitute\n|-damage|p2a: Gardevoir|225/249|[from] item: Life Orb\n|\n|-heal|p1a: Gliscor|131/239 tox|[from] ability: Poison Heal\n|upkeep\n|turn|16\n|\n|t:|1782894205\n|switch|p1a: Lunala|Lunala, L70|308/308\n|move|p2a: Gardevoir|Moonblast|p1a: Lunala\n|-damage|p1a: Lunala|233/308\n|-damage|p2a: Gardevoir|201/249|[from] item: Life Orb\n|\n|-heal|p1a: Lunala|252/308|[from] item: Leftovers\n|upkeep\n|turn|17\n|\n|t:|1782894220\n|move|p2a: Gardevoir|Calm Mind|p2a: Gardevoir\n|-boost|p2a: Gardevoir|spa|1\n|-boost|p2a: Gardevoir|spd|1\n|move|p1a: Lunala|Moongeist Beam|p2a: Gardevoir\n|-supereffective|p2a: Gardevoir\n|-damage|p2a: Gardevoir|87/249\n|\n|-heal|p1a: Lunala|271/308|[from] item: Leftovers\n|upkeep\n|turn|18\n|\n|t:|1782894232\n|move|p2a: Gardevoir|Moonblast|p1a: Lunala\n|-damage|p1a: Lunala|33/308\n|-damage|p2a: Gardevoir|63/249|[from] item: Life Orb\n|move|p1a: Lunala|Moongeist Beam|p2a: Gardevoir\n|-supereffective|p2a: Gardevoir\n|-damage|p2a: Gardevoir|0 fnt\n|faint|p2a: Gardevoir\n|\n|-heal|p1a: Lunala|52/308|[from] item: Leftovers\n|upkeep\n|\n|t:|1782894246\n|switch|p2a: Bruxish|Bruxish, L85, M|254/254\n|turn|19\n|\n|t:|1782894309\n|-terastallize|p1a: Lunala|Dark\n|move|p2a: Bruxish|Wave Crash|p1a: Lunala\n|-damage|p1a: Lunala|0 fnt\n|faint|p1a: Lunala\n|-damage|p2a: Bruxish|237/254|[from] Recoil\n|\n|upkeep\n|\n|t:|1782894346\n|switch|p1a: Tornadus|Tornadus-Therian, L79, M|254/254\n|turn|20\n|\n|t:|1782894362\n|switch|p2a: Bellibolt|Bellibolt, L84, F|240/320\n|move|p1a: Tornadus|Knock Off|p2a: Bellibolt\n|-damage|p2a: Bellibolt|182/320\n|-start|p2a: Bellibolt|Charge|Knock Off|[from] ability: Electromorphosis\n|-enditem|p2a: Bellibolt|Leftovers|[from] move: Knock Off|[of] p1a: Tornadus\n|\n|upkeep\n|turn|21\n|\n|t:|1782894376\n|move|p1a: Tornadus|U-turn|p2a: Bellibolt\n|-damage|p2a: Bellibolt|136/320\n|-start|p2a: Bellibolt|Charge|U-turn|[from] ability: Electromorphosis\n|\n|t:|1782894384\n|switch|p1a: Sceptile|Sceptile, L87, F|264/264|[from] U-turn\n|move|p2a: Bellibolt|Muddy Water|p1a: Sceptile|[miss]\n|-miss|p2a: Bellibolt|p1a: Sceptile\n|\n|upkeep\n|turn|22\n|\n|t:|1782894394\n|switch|p2a: Mandibuzz|Mandibuzz, L85, F|151/326\n|move|p1a: Sceptile|Substitute|p1a: Sceptile\n|-start|p1a: Sceptile|Substitute\n|-damage|p1a: Sceptile|198/264\n|\n|-heal|p1a: Sceptile|214/264|[from] item: Leftovers\n|upkeep\n|turn|23\n|\n|t:|1782894407\n|move|p1a: Sceptile|Leech Seed|p2a: Mandibuzz|[miss]\n|-miss|p1a: Sceptile|p2a: Mandibuzz\n|move|p2a: Mandibuzz|Roost|p2a: Mandibuzz\n|-heal|p2a: Mandibuzz|314/326\n|-singleturn|p2a: Mandibuzz|move: Roost\n|\n|-heal|p1a: Sceptile|230/264|[from] item: Leftovers\n|upkeep\n|turn|24\n|\n|t:|1782894413\n|switch|p2a: Bellibolt|Bellibolt, L84, F|136/320\n|move|p1a: Sceptile|Leech Seed|p2a: Bellibolt\n|-start|p2a: Bellibolt|move: Leech Seed\n|\n|-heal|p1a: Sceptile|246/264|[from] item: Leftovers\n|-damage|p2a: Bellibolt|96/320|[from] Leech Seed|[of] p1a: Sceptile\n|-heal|p1a: Sceptile|264/264|[silent]\n|upkeep\n|turn|25\n|\n|t:|1782894433\n|move|p1a: Sceptile|Focus Blast|p2a: Bellibolt\n|-damage|p2a: Bellibolt|0 fnt\n|faint|p2a: Bellibolt\n|\n|upkeep\n|\n|t:|1782894442\n|switch|p2a: Toxicroak|Toxicroak, L84, M|277/277\n|turn|26\n|\n|t:|1782894456\n|move|p1a: Sceptile|Leech Seed|p2a: Toxicroak\n|-start|p2a: Toxicroak|move: Leech Seed\n|move|p2a: Toxicroak|Knock Off|p1a: Sceptile\n|-end|p1a: Sceptile|Substitute\n|\n|-damage|p2a: Toxicroak|243/277|[from] Leech Seed|[of] p1a: Sceptile\n|upkeep\n|turn|27\n|\n|t:|1782894468\n|switch|p1a: Gliscor|Gliscor, L76, F|131/239 tox\n|switch|p2a: Mandibuzz|Mandibuzz, L85, F|314/326\n|\n|-heal|p1a: Gliscor|160/239 tox|[from] ability: Poison Heal\n|upkeep\n|turn|28\n|\n|t:|1782894499\n|switch|p2a: Cloyster|Cloyster, L80, M|211/211\n|move|p1a: Gliscor|Toxic|p2a: Cloyster\n|-status|p2a: Cloyster|tox\n|\n|-heal|p1a: Gliscor|189/239 tox|[from] ability: Poison Heal\n|-damage|p2a: Cloyster|198/211 tox|[from] psn\n|upkeep\n|turn|29\n|\n|t:|1782894548\n|move|p1a: Gliscor|Earthquake|p2a: Cloyster\n|-damage|p2a: Cloyster|146/211 tox\n|move|p2a: Cloyster|Shell Smash|p2a: Cloyster\n|-unboost|p2a: Cloyster|def|1\n|-unboost|p2a: Cloyster|spd|1\n|-boost|p2a: Cloyster|atk|2\n|-boost|p2a: Cloyster|spa|2\n|-boost|p2a: Cloyster|spe|2\n|-enditem|p2a: Cloyster|White Herb\n|-clearnegativeboost|p2a: Cloyster|[silent]\n|\n|-damage|p2a: Cloyster|120/211 tox|[from] psn\n|-heal|p1a: Gliscor|218/239 tox|[from] ability: Poison Heal\n|upkeep\n|turn|30\n|\n|t:|1782894557\n|move|p2a: Cloyster|Icicle Spear|p1a: Gliscor\n|-supereffective|p1a: Gliscor\n|-damage|p1a: Gliscor|58/239 tox\n|-supereffective|p1a: Gliscor\n|-damage|p1a: Gliscor|0 fnt\n|faint|p1a: Gliscor\n|-hitcount|p1: Gliscor|2\n|\n|-damage|p2a: Cloyster|81/211 tox|[from] psn\n|upkeep\n|\n|t:|1782894571\n|switch|p1a: Deoxys|Deoxys-Speed, L82|216/216\n|-ability|p1a: Deoxys|Pressure\n|turn|31\n|\n|t:|1782894597\n|switch|p2a: Mandibuzz|Mandibuzz, L85, F|314/326\n|move|p1a: Deoxys|Psycho Boost|p2a: Mandibuzz\n|-immune|p2a: Mandibuzz\n|\n|upkeep\n|turn|32\n|\n|t:|1782894652\n|switch|p1a: Palkia|Palkia-Origin, L72|249/249\n|-ability|p1a: Palkia|Pressure\n|move|p2a: Mandibuzz|Knock Off|p1a: Palkia\n|-damage|p1a: Palkia|191/249\n|\n|upkeep\n|turn|33\n|\n|t:|1782894690\n|move|p1a: Palkia|Spacial Rend|p2a: Mandibuzz\n|-damage|p2a: Mandibuzz|191/326\n|move|p2a: Mandibuzz|Brave Bird|p1a: Palkia\n|-damage|p1a: Palkia|79/249\n|-damage|p2a: Mandibuzz|154/326|[from] Recoil\n|\n|upkeep\n|turn|34\n|\n|t:|1782894709\n|move|p1a: Palkia|Spacial Rend|p2a: Mandibuzz\n|-damage|p2a: Mandibuzz|27/326\n|move|p2a: Mandibuzz|Brave Bird|p1a: Palkia\n|-damage|p1a: Palkia|0 fnt\n|faint|p1a: Palkia\n|-damage|p2a: Mandibuzz|1/326|[from] Recoil\n|\n|upkeep\n|\n|t:|1782894737\n|switch|p1a: Deoxys|Deoxys-Speed, L82|216/216\n|-ability|p1a: Deoxys|Pressure\n|turn|35\n|\n|t:|1782894745\n|move|p1a: Deoxys|Dark Pulse|p2a: Mandibuzz\n|-resisted|p2a: Mandibuzz\n|-damage|p2a: Mandibuzz|0 fnt\n|faint|p2a: Mandibuzz\n|-damage|p1a: Deoxys|195/216|[from] item: Life Orb\n|\n|upkeep\n|\n|t:|1782894782\n|switch|p2a: Toxicroak|Toxicroak, L84, M|243/277\n|turn|36\n|\n|t:|1782894788\n|-terastallize|p2a: Toxicroak|Dark\n|move|p1a: Deoxys|Psycho Boost|p2a: Toxicroak\n|-immune|p2a: Toxicroak\n|move|p2a: Toxicroak|Knock Off|p1a: Deoxys\n|-supereffective|p1a: Deoxys\n|-damage|p1a: Deoxys|0 fnt\n|-enditem|p1a: Deoxys|Life Orb|[from] move: Knock Off|[of] p2a: Toxicroak\n|faint|p1a: Deoxys\n|\n|upkeep\n|\n|t:|1782894808\n|switch|p1a: Sceptile|Sceptile, L87, F|264/264\n|turn|37\n|\n|t:|1782894822\n|switch|p2a: Cloyster|Cloyster, L80, M|81/211 tox\n|move|p1a: Sceptile|Substitute|p1a: Sceptile\n|-start|p1a: Sceptile|Substitute\n|-damage|p1a: Sceptile|198/264\n|\n|-heal|p1a: Sceptile|214/264|[from] item: Leftovers\n|-damage|p2a: Cloyster|68/211 tox|[from] psn\n|upkeep\n|turn|38\n|\n|t:|1782894834\n|move|p1a: Sceptile|Giga Drain|p2a: Cloyster\n|-supereffective|p2a: Cloyster\n|-damage|p2a: Cloyster|0 fnt\n|-heal|p1a: Sceptile|248/264|[from] drain|[of] p2a: Cloyster\n|faint|p2a: Cloyster\n|\n|-heal|p1a: Sceptile|264/264|[from] item: Leftovers\n|upkeep\n|\n|t:|1782894860\n|switch|p2a: Bruxish|Bruxish, L85, M|237/254\n|turn|39\n|\n|t:|1782894871\n|move|p1a: Sceptile|Giga Drain|p2a: Bruxish\n|-supereffective|p2a: Bruxish\n|-damage|p2a: Bruxish|33/254\n|move|p2a: Bruxish|Psychic Fangs|p1a: Sceptile\n|-end|p1a: Sceptile|Substitute\n|\n|upkeep\n|turn|40\n|\n|t:|1782894877\n|move|p1a: Sceptile|Giga Drain|p2a: Bruxish\n|-supereffective|p2a: Bruxish\n|-damage|p2a: Bruxish|0 fnt\n|faint|p2a: Bruxish\n|\n|upkeep\n|\n|t:|1782894879\n|switch|p2a: Toxicroak|Toxicroak, L84, M, tera:Dark|243/277\n|turn|41\n|\n|t:|1782894891\n|move|p1a: Sceptile|Focus Blast|p2a: Toxicroak|[miss]\n|-miss|p1a: Sceptile|p2a: Toxicroak\n|move|p2a: Toxicroak|Gunk Shot|p1a: Sceptile\n|-supereffective|p1a: Sceptile\n|-damage|p1a: Sceptile|0 fnt\n|faint|p1a: Sceptile\n|\n|upkeep\n|\n|t:|1782894898\n|switch|p1a: Tornadus|Tornadus-Therian, L79, M|254/254\n|turn|42\n|\n|t:|1782894915\n|move|p1a: Tornadus|Bleakwind Storm|p2a: Toxicroak|[miss]\n|-miss|p1a: Tornadus|p2a: Toxicroak\n|move|p2a: Toxicroak|Gunk Shot|p1a: Tornadus\n|-damage|p1a: Tornadus|28/254\n|-status|p1a: Tornadus|psn\n|\n|-damage|p1a: Tornadus|0 fnt|[from] psn\n|faint|p1a: Tornadus\n|\n|win|HaYouMist\n", "inputlog": ">version f8ac14003a5f27e1bdc8d8c59608a773c1cb96e5\n>start {\"formatid\":\"gen9randombattle\",\"seed\":\"sodium,17eed40937a1247d31038da5e1c93f85\"}\n>player p1 {\"name\":\"Snorlaxkindasus\",\"avatar\":\"169\",\"rating\":0,\"seed\":\"sodium,382a8842312c21adb571cfdad5d1832a\"}\n>player p2 {\"name\":\"HaYouMist\",\"avatar\":\"falkner\",\"rating\":0,\"seed\":\"sodium,cff6fa1f94e7e25f13359a7b027d0850\"}\n>p1 move leechseed\n>p2 switch 5\n>p1 move substitute\n>p2 move knockoff\n>p1 move substitute\n>p2 move knockoff\n>p1 move substitute\n>p2 move roost\n>p1 move focusblast\n>p2 move knockoff\n>p1 move substitute\n>p2 switch 4\n>p1 move leechseed\n>p2 move thunderbolt\n>p1 move focusblast\n>p2 move thunderbolt\n>p1 move substitute\n>p2 move slackoff\n>p1 move focusblast\n>p2 move thunderbolt\n>p1 switch 4\n>p2 move slackoff\n>p1 move substitute\n>p2 move muddywater\n>p1 move toxic\n>p2 move muddywater\n>p1 move protect\n>p2 switch 2\n>p1 move substitute\n>p2 move moonblast\n>p1 switch 5\n>p2 move moonblast\n>p1 move moongeistbeam\n>p2 move calmmind\n>p1 move moongeistbeam\n>p2 move moonblast\n>p2 switch 3\n>p1 move moonlight terastallize\n>p2 move wavecrash\n>p1 switch 6\n>p1 move knockoff\n>p2 switch 2\n>p1 move uturn\n>p2 move muddywater\n>p1 switch 4\n>p1 move substitute\n>p2 switch 4\n>p1 move leechseed\n>p2 move roost\n>p1 move leechseed\n>p2 switch 4\n>p1 move focusblast\n>p2 move slackoff\n>p2 switch 6\n>p1 move leechseed\n>p2 move knockoff\n>p1 switch 5\n>p2 switch 4\n>p1 move toxic\n>p2 switch 5\n>p1 move earthquake\n>p2 move shellsmash\n>p1 move earthquake\n>p2 move iciclespear\n>p1 switch 3\n>p1 move psychoboost\n>p2 switch 5\n>p1 switch 2\n>p2 move knockoff\n>p1 move spacialrend\n>p2 move bravebird\n>p1 move spacialrend\n>p2 move bravebird\n>p1 switch 2\n>p1 move darkpulse\n>p2 move knockoff\n>p2 switch 4\n>p1 move psychoboost\n>p2 move knockoff terastallize\n>p1 switch 5\n>p1 move substitute\n>p2 switch 5\n>p1 move gigadrain\n>p2 move iciclespear\n>p2 switch 2\n>p1 move gigadrain\n>p2 move psychicfangs\n>p1 move gigadrain\n>p2 move psychicfangs\n>p2 switch 5\n>p1 move focusblast\n>p2 move gunkshot\n>p1 switch 4\n>p1 move bleakwindstorm\n>p2 move gunkshot", "uploadtime": 1782894933, "views": 5, "formatid": "gen9randombattle", "rating": null, "private": 0, "password": null, "player_dets": [{"name": "Snorlaxkindasus", "avatar": "169", "rating": 0, "seed": "sodium,382a8842312c21adb571cfdad5d1832a"}, {"name": "HaYouMist", "avatar": "falkner", "rating": 0, "seed": "sodium,cff6fa1f94e7e25f13359a7b027d0850"}], "teams_full": [{"Sceptile": {"name": "Sceptile", "species": "Sceptile", "speciesId": "sceptile", "gender": "F", "shiny": false, "level": 87, "moves": ["leechseed", "gigadrain", "focusblast", "substitute"], "ability": "Overgrow", "evs": {"hp": 85, "atk": 0, "def": 85, "spa": 85, "spd": 85, "spe": 85}, "ivs": {"hp": 31, "atk": 0, "def": 31, "spa": 31, "spd": 31, "spe": 31}, "item": "Leftovers", "teraType": "Steel", "role": "Fast Support", "bvs": {"hp": 70, "atk": 85, "def": 65, "spa": 105, "spd": 85, "spe": 120}, "stats": {"hp": 264, "atk": 152, "def": 163, "spa": 232, "spd": 198, "spe": 259}, "types": ["Grass"]}, "Palkia": {"name": "Palkia", "species": "Palkia-Origin", "speciesId": "palkiaorigin", "gender": "N", "shiny": false, "level": 72, "moves": ["spacialrend", "hydropump", "thunderwave", "fireblast"], "ability": "Pressure", "evs": {"hp": 85, "atk": 0, "def": 85, "spa": 85, "spd": 85, "spe": 85}, "ivs": {"hp": 31, "atk": 0, "def": 31, "spa": 31, "spd": 31, "spe": 31}, "item": "Lustrous Globe", "teraType": "Water", "role": "Bulky Attacker", "bvs": {"hp": 90, "atk": 100, "def": 100, "spa": 150, "spd": 120, "spe": 120}, "stats": {"hp": 249, "atk": 149, "def": 186, "spa": 258, "spd": 215, "spe": 215}, "types": ["Water", "Dragon"]}, "Deoxys": {"name": "Deoxys", "species": "Deoxys-Speed", "speciesId": "deoxysspeed", "gender": "N", "shiny": false, "level": 82, "moves": ["nastyplot", "focusblast", "darkpulse", "psychoboost"], "ability": "Pressure", "evs": {"hp": 85, "atk": 0, "def": 85, "spa": 85, "spd": 85, "spe": 85}, "ivs": {"hp": 31, "atk": 0, "def": 31, "spa": 31, "spd": 31, "spe": 31}, "item": "Life Orb", "teraType": "Fighting", "role": "Setup Sweeper", "bvs": {"hp": 50, "atk": 95, "def": 90, "spa": 95, "spd": 90, "spe": 180}, "stats": {"hp": 216, "atk": 160, "def": 195, "spa": 203, "spd": 195, "spe": 342}, "types": ["Psychic"]}, "Gliscor": {"name": "Gliscor", "species": "Gliscor", "speciesId": "gliscor", "gender": "F", "shiny": false, "level": 76, "moves": ["toxic", "protect", "earthquake", "substitute"], "ability": "Poison Heal", "evs": {"hp": 85, "atk": 85, "def": 85, "spa": 85, "spd": 85, "spe": 85}, "ivs": {"hp": 31, "atk": 31, "def": 31, "spa": 31, "spd": 31, "spe": 31}, "item": "Toxic Orb", "teraType": "Water", "role": "Fast Support", "bvs": {"hp": 75, "atk": 95, "def": 125, "spa": 45, "spd": 75, "spe": 95}, "stats": {"hp": 239, "atk": 188, "def": 234, "spa": 112, "spd": 158, "spe": 188}, "types": ["Ground", "Flying"]}, "Lunala": {"name": "Lunala", "species": "Lunala", "speciesId": "lunala", "gender": "N", "shiny": false, "level": 70, "moves": ["psyshock", "moonlight", "calmmind", "moongeistbeam"], "ability": "Shadow Shield", "evs": {"hp": 85, "atk": 0, "def": 85, "spa": 85, "spd": 85, "spe": 85}, "ivs": {"hp": 31, "atk": 0, "def": 31, "spa": 31, "spd": 31, "spe": 31}, "item": "Leftovers", "teraType": "Dark", "role": "Fast Bulky Setup", "bvs": {"hp": 137, "atk": 113, "def": 89, "spa": 137, "spd": 107, "spe": 97}, "stats": {"hp": 308, "atk": 163, "def": 166, "spa": 233, "spd": 191, "spe": 177}, "types": ["Psychic", "Ghost"]}, "Tornadus": {"name": "Tornadus", "species": "Tornadus-Therian", "speciesId": "tornadustherian", "gender": "M", "shiny": false, "level": 79, "moves": ["bleakwindstorm", "uturn", "heatwave", "knockoff"], "ability": "Regenerator", "evs": {"hp": 85, "atk": 85, "def": 85, "spa": 85, "spd": 85, "spe": 85}, "ivs": {"hp": 31, "atk": 31, "def": 31, "spa": 31, "spd": 31, "spe": 31}, "item": "Assault Vest", "teraType": "Steel", "role": "AV Pivot", "bvs": {"hp": 79, "atk": 100, "def": 80, "spa": 110, "spd": 90, "spe": 121}, "stats": {"hp": 254, "atk": 204, "def": 172, "spa": 219, "spd": 188, "spe": 237}, "types": ["Flying"]}}, {"Cloyster": {"name": "Cloyster", "species": "Cloyster", "speciesId": "cloyster", "gender": "M", "shiny": false, "level": 80, "moves": ["hydropump", "shellsmash", "rockblast", "iciclespear"], "ability": "Skill Link", "evs": {"hp": 85, "atk": 85, "def": 85, "spa": 85, "spd": 85, "spe": 85}, "ivs": {"hp": 31, "atk": 31, "def": 31, "spa": 31, "spd": 31, "spe": 31}, "item": "White Herb", "teraType": "Rock", "role": "Setup Sweeper", "bvs": {"hp": 50, "atk": 95, "def": 180, "spa": 85, "spd": 45, "spe": 70}, "stats": {"hp": 211, "atk": 198, "def": 334, "spa": 182, "spd": 118, "spe": 158}, "types": ["Water", "Ice"]}, "Gardevoir": {"name": "Gardevoir", "species": "Gardevoir", "speciesId": "gardevoir", "gender": "F", "shiny": false, "level": 83, "moves": ["moonblast", "mysticalfire", "psyshock", "calmmind"], "ability": "Trace", "evs": {"hp": 85, "atk": 0, "def": 85, "spa": 85, "spd": 85, "spe": 85}, "ivs": {"hp": 31, "atk": 0, "def": 31, "spa": 31, "spd": 31, "spe": 31}, "item": "Life Orb", "teraType": "Fairy", "role": "Fast Attacker", "bvs": {"hp": 68, "atk": 65, "def": 65, "spa": 125, "spd": 115, "spe": 80}, "stats": {"hp": 249, "atk": 112, "def": 156, "spa": 255, "spd": 239, "spe": 180}, "types": ["Psychic", "Fairy"]}, "Bruxish": {"name": "Bruxish", "species": "Bruxish", "speciesId": "bruxish", "gender": "M", "shiny": false, "level": 85, "moves": ["aquajet", "wavecrash", "psychicfangs", "crunch"], "ability": "Strong Jaw", "evs": {"hp": 85, "atk": 85, "def": 85, "spa": 85, "spd": 85, "spe": 85}, "ivs": {"hp": 31, "atk": 31, "def": 31, "spa": 31, "spd": 31, "spe": 31}, "item": "Choice Band", "teraType": "Dark", "role": "Fast Attacker", "bvs": {"hp": 68, "atk": 105, "def": 70, "spa": 70, "spd": 70, "spe": 92}, "stats": {"hp": 254, "atk": 227, "def": 168, "spa": 168, "spd": 168, "spe": 205}, "types": ["Water", "Psychic"]}, "Bellibolt": {"name": "Bellibolt", "species": "Bellibolt", "speciesId": "bellibolt", "gender": "F", "shiny": false, "level": 84, "moves": ["thunderbolt", "toxic", "muddywater", "slackoff"], "ability": "Electromorphosis", "evs": {"hp": 85, "atk": 0, "def": 85, "spa": 85, "spd": 85, "spe": 85}, "ivs": {"hp": 31, "atk": 0, "def": 31, "spa": 31, "spd": 31, "spe": 31}, "item": "Leftovers", "teraType": "Water", "role": "Bulky Attacker", "bvs": {"hp": 109, "atk": 64, "def": 91, "spa": 103, "spd": 83, "spe": 45}, "stats": {"hp": 320, "atk": 112, "def": 201, "spa": 221, "spd": 188, "spe": 124}, "types": ["Electric"]}, "Mandibuzz": {"name": "Mandibuzz", "species": "Mandibuzz", "speciesId": "mandibuzz", "gender": "F", "shiny": false, "level": 85, "moves": ["bravebird", "defog", "roost", "knockoff"], "ability": "Overcoat", "evs": {"hp": 85, "atk": 85, "def": 85, "spa": 85, "spd": 85, "spe": 85}, "ivs": {"hp": 31, "atk": 31, "def": 31, "spa": 31, "spd": 31, "spe": 31}, "item": "Heavy-Duty Boots", "teraType": "Steel", "role": "Bulky Attacker", "bvs": {"hp": 110, "atk": 65, "def": 105, "spa": 55, "spd": 95, "spe": 80}, "stats": {"hp": 326, "atk": 159, "def": 227, "spa": 142, "spd": 210, "spe": 185}, "types": ["Dark", "Flying"]}, "Toxicroak": {"name": "Toxicroak", "species": "Toxicroak", "speciesId": "toxicroak", "gender": "M", "shiny": false, "level": 84, "moves": ["gunkshot", "suckerpunch", "knockoff", "closecombat"], "ability": "Dry Skin", "evs": {"hp": 85, "atk": 85, "def": 85, "spa": 85, "spd": 85, "spe": 85}, "ivs": {"hp": 31, "atk": 31, "def": 31, "spa": 31, "spd": 31, "spe": 31}, "item": "Choice Band", "teraType": "Dark", "role": "Fast Attacker", "bvs": {"hp": 83, "atk": 106, "def": 65, "spa": 86, "spd": 65, "spe": 85}, "stats": {"hp": 277, "atk": 226, "def": 157, "spa": 193, "spd": 157, "spe": 191}, "types": ["Poison", "Fighting"]}}]}