{"id": "gen9randombattle-2631756046", "format": "[Gen 9] Random Battle", "players": ["Jadasteel", "PTSree"], "log": "|j|\u2606Jadasteel\n|j|\u2606PTSree\n|t:|1781434569\n|gametype|singles\n|player|p1|Jadasteel|fantina|2023\n|player|p2|PTSree|266|2004\n|gen|9\n|tier|[Gen 9] Random Battle\n|rated|\n|rule|Species Clause: Limit one of each Pok\u00e9mon\n|rule|HP Percentage Mod: HP is shown in percentages\n|rule|Sleep Clause Mod: Limit one foe put to sleep\n|rule|Illusion Level Mod: Illusion disguises the Pok\u00e9mon's true level\n|\n|t:|1781434569\n|teamsize|p1|6\n|teamsize|p2|6\n|start\n|switch|p1a: Azelf|Azelf, L82|257/257\n|switch|p2a: Misdreavus|Misdreavus, L90, F|254/254\n|turn|1\n|inactive|Battle timer is ON: inactive players will automatically lose when time's up. (requested by Jadasteel)\n|\n|t:|1781434590\n|switch|p2a: Regirock|Regirock, L83|268/268\n|move|p1a: Azelf|Taunt|p2a: Regirock\n|-start|p2a: Regirock|move: Taunt\n|\n|upkeep\n|turn|2\n|\n|t:|1781434600\n|move|p1a: Azelf|U-turn|p2a: Regirock\n|-damage|p2a: Regirock|232/268\n|-damage|p1a: Azelf|232/257|[from] item: Life Orb\n|\n|t:|1781434614\n|switch|p1a: Overqwil|Overqwil, L82, M|274/274|[from] U-turn\n|-ability|p1a: Overqwil|Intimidate|boost\n|-fail|p2a: Regirock|unboost|[from] ability: Clear Body|[of] p2a: Regirock\n|move|p2a: Regirock|Stone Edge|p1a: Overqwil\n|-damage|p1a: Overqwil|174/274\n|\n|-heal|p2a: Regirock|248/268|[from] item: Leftovers\n|upkeep\n|turn|3\n|\n|t:|1781434635\n|switch|p2a: Staraptor|Staraptor, L79, M|263/263\n|move|p1a: Overqwil|Liquidation|p2a: Staraptor\n|-damage|p2a: Staraptor|149/263\n|\n|upkeep\n|turn|4\n|\n|t:|1781434646\n|switch|p1a: Copperajah|Copperajah, L86, F|350/350\n|move|p2a: Staraptor|Brave Bird|p1a: Copperajah\n|-resisted|p1a: Copperajah\n|-damage|p1a: Copperajah|215/350\n|-damage|p2a: Staraptor|104/263|[from] Recoil\n|\n|upkeep\n|turn|5\n|\n|t:|1781434665\n|move|p2a: Staraptor|Brave Bird|p1a: Copperajah\n|-resisted|p1a: Copperajah\n|-damage|p1a: Copperajah|67/350\n|-damage|p2a: Staraptor|55/263|[from] Recoil\n|move|p1a: Copperajah|Superpower|p2a: Staraptor\n|-damage|p2a: Staraptor|0 fnt\n|-unboost|p1a: Copperajah|atk|1\n|-unboost|p1a: Copperajah|def|1\n|faint|p2a: Staraptor\n|\n|upkeep\n|inactive|PTSree has 120 seconds left.\n|\n|t:|1781434696\n|switch|p2a: Regirock|Regirock, L83|248/268\n|turn|6\n|\n|t:|1781434701\n|move|p2a: Regirock|Body Press|p1a: Copperajah\n|-supereffective|p1a: Copperajah\n|-damage|p1a: Copperajah|0 fnt\n|faint|p1a: Copperajah\n|\n|-heal|p2a: Regirock|264/268|[from] item: Leftovers\n|upkeep\n|\n|t:|1781434716\n|switch|p1a: Araquanid|Araquanid, L82, M|246/246\n|turn|7\n|inactive|PTSree has 120 seconds left.\n|\n|t:|1781434730\n|switch|p2a: Altaria|Altaria, L89, F|278/278\n|-terastallize|p1a: Araquanid|Ground\n|move|p1a: Araquanid|Sticky Web|p2a: Altaria\n|-sidestart|p2: PTSree|move: Sticky Web\n|\n|upkeep\n|turn|8\n|inactive|PTSree has 120 seconds left.\n|\n|t:|1781434739\n|switch|p1a: Overqwil|Overqwil, L82, M|174/274\n|-ability|p1a: Overqwil|Intimidate|boost\n|-unboost|p2a: Altaria|atk|1\n|move|p2a: Altaria|Dragon Dance|p2a: Altaria\n|-boost|p2a: Altaria|atk|1\n|-boost|p2a: Altaria|spe|1\n|\n|upkeep\n|turn|9\n|\n|t:|1781434749\n|move|p2a: Altaria|Earthquake|p1a: Overqwil\n|-supereffective|p1a: Overqwil\n|-damage|p1a: Overqwil|54/274\n|move|p1a: Overqwil|Crunch|p2a: Altaria\n|-crit|p2a: Altaria\n|-damage|p2a: Altaria|83/278\n|\n|upkeep\n|turn|10\n|\n|t:|1781434756\n|move|p2a: Altaria|Earthquake|p1a: Overqwil\n|-supereffective|p1a: Overqwil\n|-damage|p1a: Overqwil|0 fnt\n|faint|p1a: Overqwil\n|\n|upkeep\n|\n|t:|1781434768\n|switch|p1a: Azelf|Azelf, L82|232/257\n|turn|11\n|inactive|PTSree has 120 seconds left.\n|inactive|PTSree has 90 seconds left.\n|\n|t:|1781434824\n|switch|p2a: Regirock|Regirock, L83|264/268\n|-activate|p2a: Regirock|move: Sticky Web\n|-fail|p2a: Regirock|unboost|[from] ability: Clear Body|[of] p2a: Regirock\n|move|p1a: Azelf|Psychic|p2a: Regirock\n|-damage|p2a: Regirock|135/268\n|-damage|p1a: Azelf|207/257|[from] item: Life Orb\n|\n|-heal|p2a: Regirock|151/268|[from] item: Leftovers\n|upkeep\n|turn|12\n|\n|t:|1781434837\n|move|p1a: Azelf|Taunt|p2a: Regirock\n|-start|p2a: Regirock|move: Taunt\n|cant|p2a: Regirock|move: Taunt|Thunder Wave\n|\n|-heal|p2a: Regirock|167/268|[from] item: Leftovers\n|upkeep\n|turn|13\n|\n|t:|1781434843\n|move|p1a: Azelf|Psychic|p2a: Regirock\n|-damage|p2a: Regirock|45/268\n|-damage|p1a: Azelf|182/257|[from] item: Life Orb\n|move|p2a: Regirock|Stone Edge|p1a: Azelf\n|-damage|p1a: Azelf|49/257\n|\n|-heal|p2a: Regirock|61/268|[from] item: Leftovers\n|upkeep\n|turn|14\n|\n|t:|1781434860\n|move|p1a: Azelf|Psychic|p2a: Regirock\n|-damage|p2a: Regirock|0 fnt\n|faint|p2a: Regirock\n|-damage|p1a: Azelf|24/257|[from] item: Life Orb\n|\n|upkeep\n|inactive|PTSree has 90 seconds left.\n|\n|t:|1781434883\n|switch|p2a: Mesprit|Mesprit, L85|275/275\n|turn|15\n|\n|t:|1781434894\n|move|p1a: Azelf|Taunt|p2a: Mesprit\n|-start|p2a: Mesprit|move: Taunt\n|move|p2a: Mesprit|Psychic Noise|p1a: Azelf\n|-resisted|p1a: Azelf\n|-damage|p1a: Azelf|0 fnt\n|faint|p1a: Azelf\n|\n|upkeep\n|\n|t:|1781434903\n|switch|p1a: Meloetta|Meloetta, L82|298/298\n|turn|16\n|inactive|PTSree has 90 seconds left.\n|\n|t:|1781434925\n|move|p1a: Meloetta|Calm Mind|p1a: Meloetta\n|-boost|p1a: Meloetta|spa|1\n|-boost|p1a: Meloetta|spd|1\n|move|p2a: Mesprit|Knock Off|p1a: Meloetta\n|-supereffective|p1a: Meloetta\n|-damage|p1a: Meloetta|120/298\n|-enditem|p1a: Meloetta|Leftovers|[from] move: Knock Off|[of] p2a: Mesprit\n|\n|upkeep\n|turn|17\n|\n|t:|1781434932\n|move|p1a: Meloetta|Hyper Voice|p2a: Mesprit\n|-damage|p2a: Mesprit|181/275\n|move|p2a: Mesprit|Drain Punch|p1a: Meloetta\n|-damage|p1a: Meloetta|51/298\n|-heal|p2a: Mesprit|216/275|[from] drain|[of] p1a: Meloetta\n|\n|-end|p2a: Mesprit|move: Taunt\n|upkeep\n|turn|18\n|\n|t:|1781434941\n|switch|p1a: Flutter Mane|Flutter Mane, L74|203/203\n|move|p2a: Mesprit|Drain Punch|p1a: Flutter Mane\n|-immune|p1a: Flutter Mane\n|\n|upkeep\n|turn|19\n|inactive|PTSree has 90 seconds left.\n|inactive|PTSree has 60 seconds left.\n|inactive|PTSree has 30 seconds left.\n|\n|t:|1781435010\n|switch|p2a: Altaria|Altaria, L89, F|83/278\n|move|p1a: Flutter Mane|Shadow Ball|p2a: Altaria\n|-damage|p2a: Altaria|0 fnt\n|faint|p2a: Altaria\n|\n|upkeep\n|inactive|PTSree has 30 seconds left.\n|inactive|PTSree has 20 seconds left.\n|inactive|PTSree has 15 seconds left.\n|\n|t:|1781435034\n|switch|p2a: Misdreavus|Misdreavus, L90, F|254/254\n|turn|20\n|inactive|PTSree has 25 seconds left this turn.\n|inactive|PTSree has 20 seconds left.\n|inactive|PTSree has 15 seconds left.\n|\n|t:|1781435044\n|-end|p1a: Flutter Mane|Protosynthesis|[silent]\n|switch|p1a: Araquanid|Araquanid, L82, M, tera:Ground|246/246\n|-terastallize|p2a: Misdreavus|Fairy\n|move|p2a: Misdreavus|Calm Mind|p2a: Misdreavus\n|-boost|p2a: Misdreavus|spa|1\n|-boost|p2a: Misdreavus|spd|1\n|\n|upkeep\n|turn|21\n|inactive|PTSree has 25 seconds left this turn.\n|inactive|PTSree has 20 seconds left.\n|\n|t:|1781435051\n|move|p2a: Misdreavus|Shadow Ball|p1a: Araquanid\n|-damage|p1a: Araquanid|138/246\n|move|p1a: Araquanid|Liquidation|p2a: Misdreavus\n|-damage|p2a: Misdreavus|145/254\n|\n|upkeep\n|turn|22\n|inactive|PTSree has 30 seconds left this turn.\n|\n|t:|1781435057\n|move|p2a: Misdreavus|Shadow Ball|p1a: Araquanid\n|-damage|p1a: Araquanid|33/246\n|move|p1a: Araquanid|Liquidation|p2a: Misdreavus\n|-damage|p2a: Misdreavus|40/254\n|\n|upkeep\n|turn|23\n|\n|t:|1781435063\n|move|p2a: Misdreavus|Draining Kiss|p1a: Araquanid\n|-damage|p1a: Araquanid|0 fnt\n|-heal|p2a: Misdreavus|65/254|[from] drain|[of] p1a: Araquanid\n|faint|p1a: Araquanid\n|\n|upkeep\n|\n|t:|1781435080\n|switch|p1a: Meloetta|Meloetta, L82|51/298\n|turn|24\n|inactive|PTSree has 30 seconds left.\n|\n|t:|1781435101\n|switch|p1a: Flutter Mane|Flutter Mane, L74|203/203\n|move|p2a: Misdreavus|Draining Kiss|p1a: Flutter Mane\n|-damage|p1a: Flutter Mane|121/203\n|-heal|p2a: Misdreavus|127/254|[from] drain|[of] p1a: Flutter Mane\n|\n|upkeep\n|turn|25\n|\n|t:|1781435110\n|move|p1a: Flutter Mane|Mystical Fire|p2a: Misdreavus\n|-damage|p2a: Misdreavus|89/254\n|-unboost|p2a: Misdreavus|spa|1\n|move|p2a: Misdreavus|Shadow Ball|p1a: Flutter Mane\n|-supereffective|p1a: Flutter Mane\n|-damage|p1a: Flutter Mane|0 fnt\n|faint|p1a: Flutter Mane\n|-end|p1a: Flutter Mane|Protosynthesis|[silent]\n|\n|upkeep\n|\n|t:|1781435114\n|switch|p1a: Meloetta|Meloetta, L82|51/298\n|turn|26\n|-message|Jadasteel forfeited.\n|\n|win|PTSree\n", "uploadtime": 1781434571, "views": 3, "formatid": "gen9randombattle", "rating": null, "private": 0, "password": null}