{"id": "gen9randombattle-2631526472", "format": "[Gen 9] Random Battle", "players": ["lkj47", "pagenfranskane"], "log": "|j|\u2606lkj47\n|j|\u2606pagenfranskane\n|t:|1781396709\n|gametype|singles\n|player|p1|lkj47|hilbert|1929\n|player|p2|pagenfranskane|battlegirl|1967\n|gen|9\n|tier|[Gen 9] Random Battle\n|rated|\n|rule|Species Clause: Limit one of each Pok\u00e9mon\n|rule|HP Percentage Mod: HP is shown in percentages\n|rule|Sleep Clause Mod: Limit one foe put to sleep\n|rule|Illusion Level Mod: Illusion disguises the Pok\u00e9mon's true level\n|\n|t:|1781396709\n|teamsize|p1|6\n|teamsize|p2|6\n|start\n|switch|p1a: Golem|Golem-Alola, L93, F|300/300\n|switch|p2a: Comfey|Comfey, L85, F|225/225\n|turn|1\n|\n|t:|1781396720\n|move|p2a: Comfey|Calm Mind|p2a: Comfey\n|-boost|p2a: Comfey|spa|1\n|-boost|p2a: Comfey|spd|1\n|move|p1a: Golem|Earthquake|p2a: Comfey\n|-damage|p2a: Comfey|71/225\n|\n|-heal|p2a: Comfey|85/225|[from] item: Leftovers\n|upkeep\n|turn|2\n|\n|t:|1781396733\n|switch|p1a: Toxapex|Toxapex, L82, F|216/216\n|move|p2a: Comfey|Giga Drain|p1a: Toxapex\n|-damage|p1a: Toxapex|163/216\n|-heal|p2a: Comfey|112/225|[from] drain|[of] p1a: Toxapex\n|\n|-heal|p2a: Comfey|126/225|[from] item: Leftovers\n|upkeep\n|turn|3\n|inactive|Battle timer is ON: inactive players will automatically lose when time's up. (requested by pagenfranskane)\n|\n|t:|1781396740\n|move|p2a: Comfey|Calm Mind|p2a: Comfey\n|-boost|p2a: Comfey|spa|1\n|-boost|p2a: Comfey|spd|1\n|move|p1a: Toxapex|Haze|p1a: Toxapex\n|-clearallboost\n|\n|-heal|p2a: Comfey|140/225|[from] item: Leftovers\n|upkeep\n|turn|4\n|\n|t:|1781396746\n|switch|p2a: Revavroom|Revavroom, L79, F|256/256\n|move|p1a: Toxapex|Liquidation|p2a: Revavroom\n|-damage|p2a: Revavroom|184/256\n|-unboost|p2a: Revavroom|def|1\n|\n|upkeep\n|turn|5\n|\n|t:|1781396750\n|move|p2a: Revavroom|Shift Gear|p2a: Revavroom\n|-boost|p2a: Revavroom|spe|2\n|-boost|p2a: Revavroom|atk|1\n|move|p1a: Toxapex|Liquidation|p2a: Revavroom\n|-damage|p2a: Revavroom|93/256\n|\n|upkeep\n|turn|6\n|\n|t:|1781396754\n|switch|p1a: Cacturne|Cacturne, L92, M|278/278\n|move|p2a: Revavroom|High Horsepower|p1a: Cacturne\n|-resisted|p1a: Cacturne\n|-damage|p1a: Cacturne|194/278\n|-damage|p2a: Revavroom|68/256|[from] item: Life Orb\n|\n|upkeep\n|turn|7\n|\n|t:|1781396759\n|move|p1a: Cacturne|Sucker Punch|p2a: Revavroom\n|-damage|p2a: Revavroom|0 fnt\n|faint|p2a: Revavroom\n|-damage|p1a: Cacturne|167/278|[from] item: Life Orb\n|\n|upkeep\n|\n|t:|1781396762\n|switch|p2a: Cramorant|Cramorant, L86, F|261/261\n|turn|8\n|\n|t:|1781396772\n|switch|p1a: Quagsire|Quagsire, L84, F|297/297\n|move|p2a: Cramorant|Surf|p1a: Quagsire\n|-formechange|p2a: Cramorant|Cramorant-Gulping|\n|-damage|p1a: Quagsire|179/297\n|\n|-heal|p1a: Quagsire|197/297|[from] item: Leftovers\n|upkeep\n|turn|9\n|\n|t:|1781396779\n|move|p2a: Cramorant|Brave Bird|p1a: Quagsire\n|-damage|p1a: Quagsire|73/297\n|-damage|p2a: Cramorant|220/261|[from] Recoil\n|move|p1a: Quagsire|Toxic|p2a: Cramorant\n|-status|p2a: Cramorant|tox\n|\n|-heal|p1a: Quagsire|91/297|[from] item: Leftovers\n|-damage|p2a: Cramorant|204/261 tox|[from] psn\n|upkeep\n|turn|10\n|\n|t:|1781396783\n|switch|p1a: Camerupt|Camerupt, L91, F|275/275\n|move|p2a: Cramorant|Brave Bird|p1a: Camerupt\n|-damage|p1a: Camerupt|146/275\n|-damage|p2a: Cramorant|161/261 tox|[from] Recoil\n|\n|-heal|p1a: Camerupt|163/275|[from] item: Leftovers\n|-damage|p2a: Cramorant|129/261 tox|[from] psn\n|upkeep\n|turn|11\n|\n|t:|1781396786\n|switch|p1a: Cacturne|Cacturne, L92, M|167/278\n|move|p2a: Cramorant|Brave Bird|p1a: Cacturne\n|-supereffective|p1a: Cacturne\n|-damage|p1a: Cacturne|0 fnt\n|faint|p1a: Cacturne\n|-damage|p2a: Cramorant|74/261 tox|[from] Recoil\n|\n|-damage|p2a: Cramorant|26/261 tox|[from] psn\n|upkeep\n|\n|t:|1781396792\n|switch|p1a: Furret|Furret, L94, M|312/312\n|-item|p2a: Cramorant|Heavy-Duty Boots|[from] ability: Frisk|[of] p1a: Furret\n|turn|12\n|\n|t:|1781396795\n|move|p1a: Furret|U-turn|p2a: Cramorant\n|-resisted|p2a: Cramorant\n|-damage|p2a: Cramorant|0 fnt\n|-damage|p1a: Furret|234/312|[from] ability: Gulp Missile|[of] p2a: Cramorant\n|-unboost|p1a: Furret|def|1\n|-formechange|p2a: Cramorant|Cramorant|\n|faint|p2a: Cramorant\n|\n|t:|1781396797\n|switch|p1a: Camerupt|Camerupt, L91, F|163/275|[from] U-turn\n|\n|-heal|p1a: Camerupt|180/275|[from] item: Leftovers\n|upkeep\n|\n|t:|1781396802\n|switch|p2a: Comfey|Comfey, L85, F|140/225\n|turn|13\n|\n|t:|1781396805\n|move|p2a: Comfey|Calm Mind|p2a: Comfey\n|-boost|p2a: Comfey|spa|1\n|-boost|p2a: Comfey|spd|1\n|move|p1a: Camerupt|Earthquake|p2a: Comfey\n|-damage|p2a: Comfey|22/225\n|\n|-heal|p2a: Comfey|36/225|[from] item: Leftovers\n|-heal|p1a: Camerupt|197/275|[from] item: Leftovers\n|upkeep\n|turn|14\n|\n|t:|1781396808\n|move|p2a: Comfey|Giga Drain|p1a: Camerupt\n|-damage|p1a: Camerupt|123/275\n|-heal|p2a: Comfey|73/225|[from] drain|[of] p1a: Camerupt\n|move|p1a: Camerupt|Earthquake|p2a: Comfey\n|-damage|p2a: Comfey|0 fnt\n|faint|p2a: Comfey\n|\n|-heal|p1a: Camerupt|140/275|[from] item: Leftovers\n|upkeep\n|\n|t:|1781396812\n|switch|p2a: Gardevoir|Gardevoir, L83, M|249/249\n|-ability|p2a: Gardevoir|Solid Rock|Trace|[from] ability: Trace|[of] p1a: Camerupt\n|turn|15\n|\n|t:|1781396818\n|move|p2a: Gardevoir|Psychic|p1a: Camerupt\n|-damage|p1a: Camerupt|0 fnt\n|faint|p1a: Camerupt\n|\n|upkeep\n|\n|t:|1781396826\n|switch|p1a: Golem|Golem-Alola, L93, F|300/300\n|turn|16\n|\n|t:|1781396829\n|move|p2a: Gardevoir|Psychic|p1a: Golem\n|-damage|p1a: Golem|105/300\n|-unboost|p1a: Golem|spd|1\n|move|p1a: Golem|Explosion|p2a: Gardevoir\n|-damage|p2a: Gardevoir|0 fnt\n|faint|p1a: Golem\n|faint|p2a: Gardevoir\n|\n|upkeep\n|\n|t:|1781396834\n|switch|p2a: Noivern|Noivern, L82, M|274/274\n|switch|p1a: Toxapex|Toxapex, L82, F|216/216\n|turn|17\n|\n|t:|1781396838\n|move|p2a: Noivern|Hurricane|p1a: Toxapex\n|-damage|p1a: Toxapex|141/216\n|move|p1a: Toxapex|Liquidation|p2a: Noivern\n|-resisted|p2a: Noivern\n|-damage|p2a: Noivern|241/274\n|\n|upkeep\n|turn|18\n|\n|t:|1781396846\n|move|p2a: Noivern|Hurricane|p1a: Toxapex\n|-damage|p1a: Toxapex|66/216\n|move|p1a: Toxapex|Toxic Spikes|p2a: Noivern\n|-sidestart|p2: pagenfranskane|move: Toxic Spikes\n|\n|upkeep\n|turn|19\n|\n|t:|1781396848\n|switch|p1a: Quagsire|Quagsire, L84, F|91/297\n|move|p2a: Noivern|Hurricane|p1a: Quagsire\n|-damage|p1a: Quagsire|0 fnt\n|faint|p1a: Quagsire\n|\n|upkeep\n|\n|t:|1781396854\n|switch|p1a: Toxapex|Toxapex, L82, F|138/216\n|turn|20\n|\n|t:|1781396866\n|switch|p2a: Bellossom|Bellossom, L84, F|263/263\n|-status|p2a: Bellossom|psn\n|move|p1a: Toxapex|Recover|p1a: Toxapex\n|-heal|p1a: Toxapex|216/216\n|\n|-damage|p2a: Bellossom|231/263 psn|[from] psn\n|upkeep\n|turn|21\n|\n|t:|1781396880\n|switch|p1a: Furret|Furret, L94, M|234/312\n|-item|p2a: Bellossom|Leftovers|[from] ability: Frisk|[of] p1a: Furret\n|move|p2a: Bellossom|Quiver Dance|p2a: Bellossom\n|-boost|p2a: Bellossom|spa|1\n|-boost|p2a: Bellossom|spd|1\n|-boost|p2a: Bellossom|spe|1\n|\n|-heal|p2a: Bellossom|247/263 psn|[from] item: Leftovers\n|-damage|p2a: Bellossom|215/263 psn|[from] psn\n|upkeep\n|turn|22\n|\n|t:|1781396885\n|move|p1a: Furret|U-turn|p2a: Bellossom\n|-supereffective|p2a: Bellossom\n|-damage|p2a: Bellossom|81/263 psn\n|\n|t:|1781396887\n|switch|p1a: Toxapex|Toxapex, L82, F|216/216|[from] U-turn\n|move|p2a: Bellossom|Strength Sap|p1a: Toxapex\n|-unboost|p1a: Toxapex|atk|1\n|-heal|p2a: Bellossom|231/263 psn\n|\n|-heal|p2a: Bellossom|247/263 psn|[from] item: Leftovers\n|-damage|p2a: Bellossom|215/263 psn|[from] psn\n|upkeep\n|turn|23\n|\n|t:|1781396896\n|move|p2a: Bellossom|Quiver Dance|p2a: Bellossom\n|-boost|p2a: Bellossom|spa|1\n|-boost|p2a: Bellossom|spd|1\n|-boost|p2a: Bellossom|spe|1\n|move|p1a: Toxapex|Haze|p1a: Toxapex\n|-clearallboost\n|\n|-heal|p2a: Bellossom|231/263 psn|[from] item: Leftovers\n|-damage|p2a: Bellossom|199/263 psn|[from] psn\n|upkeep\n|turn|24\n|\n|t:|1781396899\n|switch|p1a: Furret|Furret, L94, M|234/312\n|-item|p2a: Bellossom|Leftovers|[from] ability: Frisk|[of] p1a: Furret\n|move|p2a: Bellossom|Strength Sap|p1a: Furret\n|-unboost|p1a: Furret|atk|1\n|-heal|p2a: Bellossom|263/263 psn\n|\n|-damage|p2a: Bellossom|231/263 psn|[from] psn\n|upkeep\n|turn|25\n|\n|t:|1781396906\n|move|p1a: Furret|Trick|p2a: Bellossom\n|-activate|p1a: Furret|move: Trick|[of] p2a: Bellossom\n|-item|p2a: Bellossom|Choice Band|[from] move: Trick\n|-item|p1a: Furret|Leftovers|[from] move: Trick\n|move|p2a: Bellossom|Giga Drain|p1a: Furret\n|-damage|p1a: Furret|141/312\n|-heal|p2a: Bellossom|263/263 psn|[from] drain|[of] p1a: Furret\n|\n|-heal|p1a: Furret|160/312|[from] item: Leftovers\n|-damage|p2a: Bellossom|231/263 psn|[from] psn\n|upkeep\n|turn|26\n|\n|t:|1781396914\n|move|p1a: Furret|U-turn|p2a: Bellossom\n|-supereffective|p2a: Bellossom\n|-damage|p2a: Bellossom|167/263 psn\n|\n|t:|1781396915\n|switch|p1a: Toxapex|Toxapex, L82, F|216/216|[from] U-turn\n|move|p2a: Bellossom|Giga Drain|p1a: Toxapex\n|-damage|p1a: Toxapex|167/216\n|-heal|p2a: Bellossom|192/263 psn|[from] drain|[of] p1a: Toxapex\n|\n|-damage|p2a: Bellossom|160/263 psn|[from] psn\n|upkeep\n|turn|27\n|\n|t:|1781396919\n|move|p2a: Bellossom|Giga Drain|p1a: Toxapex\n|-damage|p1a: Toxapex|115/216\n|-heal|p2a: Bellossom|186/263 psn|[from] drain|[of] p1a: Toxapex\n|move|p1a: Toxapex|Liquidation|p2a: Bellossom\n|-resisted|p2a: Bellossom\n|-damage|p2a: Bellossom|159/263 psn\n|\n|-damage|p2a: Bellossom|127/263 psn|[from] psn\n|upkeep\n|turn|28\n|\n|t:|1781396922\n|move|p2a: Bellossom|Giga Drain|p1a: Toxapex\n|-damage|p1a: Toxapex|60/216\n|-heal|p2a: Bellossom|155/263 psn|[from] drain|[of] p1a: Toxapex\n|move|p1a: Toxapex|Liquidation|p2a: Bellossom\n|-resisted|p2a: Bellossom\n|-damage|p2a: Bellossom|124/263 psn\n|\n|-damage|p2a: Bellossom|92/263 psn|[from] psn\n|upkeep\n|turn|29\n|\n|t:|1781396924\n|move|p2a: Bellossom|Giga Drain|p1a: Toxapex\n|-damage|p1a: Toxapex|3/216\n|-heal|p2a: Bellossom|121/263 psn|[from] drain|[of] p1a: Toxapex\n|move|p1a: Toxapex|Recover|p1a: Toxapex\n|-heal|p1a: Toxapex|111/216\n|\n|-damage|p2a: Bellossom|89/263 psn|[from] psn\n|upkeep\n|turn|30\n|\n|t:|1781396926\n|move|p2a: Bellossom|Giga Drain|p1a: Toxapex\n|-damage|p1a: Toxapex|59/216\n|-heal|p2a: Bellossom|115/263 psn|[from] drain|[of] p1a: Toxapex\n|move|p1a: Toxapex|Recover|p1a: Toxapex\n|-heal|p1a: Toxapex|167/216\n|\n|-damage|p2a: Bellossom|83/263 psn|[from] psn\n|upkeep\n|turn|31\n|\n|t:|1781396929\n|move|p2a: Bellossom|Giga Drain|p1a: Toxapex\n|-damage|p1a: Toxapex|115/216\n|-heal|p2a: Bellossom|109/263 psn|[from] drain|[of] p1a: Toxapex\n|move|p1a: Toxapex|Recover|p1a: Toxapex\n|-heal|p1a: Toxapex|216/216\n|\n|-damage|p2a: Bellossom|77/263 psn|[from] psn\n|upkeep\n|turn|32\n|\n|t:|1781396932\n|move|p2a: Bellossom|Giga Drain|p1a: Toxapex\n|-damage|p1a: Toxapex|162/216\n|-heal|p2a: Bellossom|104/263 psn|[from] drain|[of] p1a: Toxapex\n|move|p1a: Toxapex|Liquidation|p2a: Bellossom\n|-resisted|p2a: Bellossom\n|-damage|p2a: Bellossom|74/263 psn\n|-unboost|p2a: Bellossom|def|1\n|\n|-damage|p2a: Bellossom|42/263 psn|[from] psn\n|upkeep\n|turn|33\n|\n|t:|1781396934\n|move|p2a: Bellossom|Giga Drain|p1a: Toxapex\n|-damage|p1a: Toxapex|105/216\n|-heal|p2a: Bellossom|71/263 psn|[from] drain|[of] p1a: Toxapex\n|move|p1a: Toxapex|Recover|p1a: Toxapex\n|-heal|p1a: Toxapex|213/216\n|\n|-damage|p2a: Bellossom|39/263 psn|[from] psn\n|upkeep\n|turn|34\n|\n|t:|1781396938\n|move|p2a: Bellossom|Giga Drain|p1a: Toxapex\n|-damage|p1a: Toxapex|161/216\n|-heal|p2a: Bellossom|65/263 psn|[from] drain|[of] p1a: Toxapex\n|move|p1a: Toxapex|Liquidation|p2a: Bellossom\n|-resisted|p2a: Bellossom\n|-damage|p2a: Bellossom|20/263 psn\n|\n|-damage|p2a: Bellossom|0 fnt|[from] psn\n|faint|p2a: Bellossom\n|upkeep\n|\n|t:|1781396940\n|switch|p2a: Noivern|Noivern, L82, M|241/274\n|turn|35\n|\n|t:|1781396942\n|move|p2a: Noivern|Hurricane|p1a: Toxapex|[miss]\n|-miss|p2a: Noivern|p1a: Toxapex\n|move|p1a: Toxapex|Liquidation|p2a: Noivern\n|-resisted|p2a: Noivern\n|-damage|p2a: Noivern|208/274\n|\n|upkeep\n|turn|36\n|\n|t:|1781396946\n|move|p2a: Noivern|Hurricane|p1a: Toxapex\n|-damage|p1a: Toxapex|80/216\n|move|p1a: Toxapex|Liquidation|p2a: Noivern\n|-resisted|p2a: Noivern\n|-damage|p2a: Noivern|176/274\n|-unboost|p2a: Noivern|def|1\n|\n|upkeep\n|turn|37\n|\n|t:|1781396951\n|switch|p1a: Furret|Furret, L94, M|160/312\n|-item|p2a: Noivern|Heavy-Duty Boots|[from] ability: Frisk|[of] p1a: Furret\n|move|p2a: Noivern|Hurricane|p1a: Furret\n|-damage|p1a: Furret|18/312\n|\n|-heal|p1a: Furret|37/312|[from] item: Leftovers\n|upkeep\n|turn|38\n|\n|t:|1781396954\n|move|p2a: Noivern|Flamethrower|p1a: Furret\n|-damage|p1a: Furret|0 fnt\n|faint|p1a: Furret\n|\n|upkeep\n|\n|t:|1781396956\n|switch|p1a: Toxapex|Toxapex, L82, F|152/216\n|turn|39\n|\n|t:|1781396959\n|move|p2a: Noivern|Hurricane|p1a: Toxapex\n|-damage|p1a: Toxapex|77/216\n|-start|p1a: Toxapex|confusion\n|-activate|p1a: Toxapex|confusion\n|move|p1a: Toxapex|Recover|p1a: Toxapex\n|-heal|p1a: Toxapex|185/216\n|\n|upkeep\n|turn|40\n|\n|t:|1781396962\n|move|p2a: Noivern|Hurricane|p1a: Toxapex\n|-damage|p1a: Toxapex|104/216\n|-activate|p1a: Toxapex|confusion\n|-damage|p1a: Toxapex|90/216|[from] confusion\n|\n|upkeep\n|turn|41\n|-message|lkj47 forfeited.\n|\n|win|pagenfranskane\n", "uploadtime": 1781396711, "views": 7, "formatid": "gen9randombattle", "rating": null, "private": 0, "password": null}