{"id": "gen9randombattle-2631506776", "format": "[Gen 9] Random Battle", "players": ["manwhocouldntcook", "Jefejenaro"], "log": "|j|\u2606manwhocouldntcook\n|j|\u2606Jefejenaro\n|t:|1781393897\n|gametype|singles\n|player|p1|manwhocouldntcook|valerie|2123\n|player|p2|Jefejenaro|wallace|2013\n|gen|9\n|tier|[Gen 9] Random Battle\n|rated|\n|rule|Species Clause: Limit one of each Pok\u00e9mon\n|rule|HP Percentage Mod: HP is shown in percentages\n|rule|Sleep Clause Mod: Limit one foe put to sleep\n|rule|Illusion Level Mod: Illusion disguises the Pok\u00e9mon's true level\n|\n|t:|1781393897\n|teamsize|p1|6\n|teamsize|p2|6\n|start\n|switch|p1a: Tentacruel|Tentacruel, L84, F|272/272\n|switch|p2a: Charizard|Charizard, L85, F|271/271\n|turn|1\n|inactive|Battle timer is ON: inactive players will automatically lose when time's up. (requested by Jefejenaro)\n|\n|t:|1781393913\n|move|p2a: Charizard|Earthquake|p1a: Tentacruel\n|-supereffective|p1a: Tentacruel\n|-damage|p1a: Tentacruel|108/272\n|move|p1a: Tentacruel|Surf|p2a: Charizard\n|-supereffective|p2a: Charizard\n|-damage|p2a: Charizard|115/271\n|\n|upkeep\n|turn|2\n|\n|t:|1781393920\n|switch|p1a: Ribombee|Ribombee, L83, M|235/235\n|move|p2a: Charizard|Earthquake|p1a: Ribombee\n|-resisted|p1a: Ribombee\n|-damage|p1a: Ribombee|188/235\n|\n|upkeep\n|turn|3\n|\n|t:|1781393926\n|move|p1a: Ribombee|Tera Blast|p2a: Charizard\n|-damage|p2a: Charizard|60/271\n|move|p2a: Charizard|Flamethrower|p1a: Ribombee\n|-supereffective|p1a: Ribombee\n|-damage|p1a: Ribombee|0 fnt\n|faint|p1a: Ribombee\n|\n|upkeep\n|\n|t:|1781393933\n|switch|p1a: Regidrago|Regidrago, L77|435/435\n|turn|4\n|\n|t:|1781393937\n|move|p2a: Charizard|Will-O-Wisp|p1a: Regidrago\n|-status|p1a: Regidrago|brn\n|-enditem|p1a: Regidrago|Lum Berry|[eat]\n|-curestatus|p1a: Regidrago|brn|[msg]\n|move|p1a: Regidrago|Dragon Dance|p1a: Regidrago\n|-boost|p1a: Regidrago|atk|1\n|-boost|p1a: Regidrago|spe|1\n|\n|upkeep\n|turn|5\n|\n|t:|1781393942\n|switch|p2a: Hatterene|Hatterene, L85, F|236/236\n|move|p1a: Regidrago|Outrage|p2a: Hatterene\n|-immune|p2a: Hatterene\n|\n|upkeep\n|turn|6\n|\n|t:|1781393948\n|switch|p1a: Slowking|Slowking-Galar, L85, F|300/300\n|move|p2a: Hatterene|Draining Kiss|p1a: Slowking\n|-resisted|p1a: Slowking\n|-damage|p1a: Slowking|280/300\n|\n|upkeep\n|turn|7\n|\n|t:|1781393957\n|switch|p2a: Rampardos|Rampardos, L90, M|321/321\n|move|p1a: Slowking|Future Sight|p2a: Rampardos\n|-start|p1a: Slowking|move: Future Sight\n|\n|upkeep\n|turn|8\n|\n|t:|1781393975\n|switch|p1a: Tentacruel|Tentacruel, L84, F|108/272\n|move|p2a: Rampardos|Earthquake|p1a: Tentacruel\n|-supereffective|p1a: Tentacruel\n|-damage|p1a: Tentacruel|0 fnt\n|faint|p1a: Tentacruel\n|\n|upkeep\n|\n|t:|1781393981\n|switch|p1a: Veluza|Veluza, L85, F|292/292\n|turn|9\n|\n|t:|1781393987\n|switch|p2a: Kyurem|Kyurem, L77|319/319\n|-ability|p2a: Kyurem|Pressure\n|move|p1a: Veluza|Aqua Cutter|p2a: Kyurem\n|-resisted|p2a: Kyurem\n|-damage|p2a: Kyurem|260/319\n|\n|-end|p2a: Kyurem|move: Future Sight\n|-damage|p2a: Kyurem|95/319\n|upkeep\n|turn|10\n|\n|t:|1781393993\n|switch|p1a: Slowking|Slowking-Galar, L85, F|300/300\n|move|p2a: Kyurem|Scale Shot|p1a: Slowking\n|-crit|p1a: Slowking\n|-damage|p1a: Slowking|252/300\n|-damage|p1a: Slowking|219/300\n|-damage|p1a: Slowking|189/300\n|-damage|p1a: Slowking|159/300\n|-hitcount|p1a: Slowking|4\n|-unboost|p2a: Kyurem|def|1\n|-boost|p2a: Kyurem|spe|1\n|\n|upkeep\n|turn|11\n|\n|t:|1781394007\n|switch|p1a: Avalugg|Avalugg-Hisui, L90, M|317/317\n|move|p2a: Kyurem|Icicle Spear|p1a: Avalugg\n|-resisted|p1a: Avalugg\n|-damage|p1a: Avalugg|309/317\n|-resisted|p1a: Avalugg\n|-damage|p1a: Avalugg|302/317\n|-resisted|p1a: Avalugg\n|-damage|p1a: Avalugg|294/317\n|-resisted|p1a: Avalugg\n|-damage|p1a: Avalugg|287/317\n|-hitcount|p1a: Avalugg|4\n|\n|upkeep\n|turn|12\n|\n|t:|1781394016\n|switch|p2a: Palafin|Palafin, L77, M|281/281\n|move|p1a: Avalugg|Body Press|p2a: Palafin\n|-damage|p2a: Palafin|131/281\n|\n|upkeep\n|turn|13\n|\n|t:|1781394021\n|move|p2a: Palafin|Flip Turn|p1a: Avalugg\n|-supereffective|p1a: Avalugg\n|-damage|p1a: Avalugg|221/317\n|\n|t:|1781394024\n|detailschange|p2a: Palafin|Palafin-Hero, L77, M\n|switch|p2a: Necrozma|Necrozma-Dawn-Wings, L76|272/272|[from] Flip Turn\n|move|p1a: Avalugg|Stone Edge|p2a: Necrozma\n|-crit|p2a: Necrozma\n|-damage|p2a: Necrozma|47/272\n|\n|-heal|p2a: Necrozma|64/272|[from] item: Leftovers\n|upkeep\n|turn|14\n|\n|t:|1781394030\n|move|p2a: Necrozma|Moongeist Beam|p1a: Avalugg\n|-damage|p1a: Avalugg|19/317\n|move|p1a: Avalugg|Avalanche|p2a: Necrozma\n|-damage|p2a: Necrozma|0 fnt\n|faint|p2a: Necrozma\n|\n|upkeep\n|\n|t:|1781394045\n|switch|p2a: Kyurem|Kyurem, L77|95/319\n|-ability|p2a: Kyurem|Pressure\n|turn|15\n|\n|t:|1781394052\n|move|p2a: Kyurem|Icicle Spear|p1a: Avalugg\n|-resisted|p1a: Avalugg\n|-damage|p1a: Avalugg|10/317\n|-resisted|p1a: Avalugg\n|-damage|p1a: Avalugg|2/317\n|-resisted|p1a: Avalugg\n|-damage|p1a: Avalugg|0 fnt\n|faint|p1a: Avalugg\n|-hitcount|p1: Avalugg|3\n|\n|upkeep\n|\n|t:|1781394057\n|switch|p1a: Slowking|Slowking-Galar, L85, F|259/300\n|turn|16\n|\n|t:|1781394062\n|move|p2a: Kyurem|Icicle Spear|p1a: Slowking\n|-damage|p1a: Slowking|225/300\n|-damage|p1a: Slowking|192/300\n|-damage|p1a: Slowking|161/300\n|-damage|p1a: Slowking|130/300\n|-hitcount|p1a: Slowking|4\n|move|p1a: Slowking|Psychic Noise|p2a: Kyurem\n|-damage|p2a: Kyurem|0 fnt\n|faint|p2a: Kyurem\n|\n|upkeep\n|\n|t:|1781394075\n|switch|p2a: Rampardos|Rampardos, L90, M|321/321\n|turn|17\n|\n|t:|1781394078\n|move|p2a: Rampardos|Earthquake|p1a: Slowking\n|-supereffective|p1a: Slowking\n|-crit|p1a: Slowking\n|-damage|p1a: Slowking|0 fnt\n|faint|p1a: Slowking\n|\n|upkeep\n|\n|t:|1781394079\n|switch|p1a: Regidrago|Regidrago, L77|435/435\n|turn|18\n|\n|t:|1781394085\n|move|p2a: Rampardos|Earthquake|p1a: Regidrago\n|-damage|p1a: Regidrago|244/435\n|move|p1a: Regidrago|Draco Meteor|p2a: Rampardos\n|-damage|p2a: Rampardos|65/321\n|-unboost|p1a: Regidrago|spa|2\n|\n|upkeep\n|turn|19\n|\n|t:|1781394093\n|switch|p2a: Hatterene|Hatterene, L85, F|236/236\n|move|p1a: Regidrago|Dragon Dance|p1a: Regidrago\n|-boost|p1a: Regidrago|atk|1\n|-boost|p1a: Regidrago|spe|1\n|\n|upkeep\n|turn|20\n|\n|t:|1781394096\n|move|p1a: Regidrago|Earthquake|p2a: Hatterene\n|-damage|p2a: Hatterene|144/236\n|move|p2a: Hatterene|Draining Kiss|p1a: Regidrago\n|-supereffective|p1a: Regidrago\n|-crit|p1a: Regidrago\n|-damage|p1a: Regidrago|0 fnt\n|-heal|p2a: Hatterene|236/236|[from] drain|[of] p1a: Regidrago\n|faint|p1a: Regidrago\n|\n|upkeep\n|\n|t:|1781394098\n|switch|p1a: Veluza|Veluza, L85, F|292/292\n|turn|21\n|\n|t:|1781394100\n|move|p1a: Veluza|Fillet Away|p1a: Veluza\n|-boost|p1a: Veluza|atk|2\n|-boost|p1a: Veluza|spa|2\n|-boost|p1a: Veluza|spe|2\n|-damage|p1a: Veluza|146/292\n|-enditem|p1a: Veluza|Sitrus Berry|[eat]\n|-heal|p1a: Veluza|219/292|[from] item: Sitrus Berry\n|move|p2a: Hatterene|Draining Kiss|p1a: Veluza\n|-damage|p1a: Veluza|131/292\n|\n|upkeep\n|turn|22\n|\n|t:|1781394106\n|-terastallize|p1a: Veluza|Water\n|move|p1a: Veluza|Aqua Cutter|p2a: Hatterene\n|-damage|p2a: Hatterene|0 fnt\n|faint|p2a: Hatterene\n|\n|upkeep\n|\n|t:|1781394121\n|switch|p2a: Rampardos|Rampardos, L90, M|65/321\n|turn|23\n|\n|t:|1781394126\n|move|p1a: Veluza|Aqua Cutter|p2a: Rampardos\n|-supereffective|p2a: Rampardos\n|-crit|p2a: Rampardos\n|-damage|p2a: Rampardos|0 fnt\n|faint|p2a: Rampardos\n|\n|upkeep\n|\n|t:|1781394129\n|switch|p2a: Charizard|Charizard, L85, F|60/271\n|turn|24\n|\n|t:|1781394133\n|move|p1a: Veluza|Aqua Cutter|p2a: Charizard\n|-supereffective|p2a: Charizard\n|-damage|p2a: Charizard|0 fnt\n|faint|p2a: Charizard\n|\n|upkeep\n|\n|t:|1781394135\n|switch|p2a: Palafin|Palafin-Hero, L77, M|131/281\n|-activate|p2a: Palafin|ability: Zero to Hero\n|turn|25\n|\n|t:|1781394137\n|-terastallize|p2a: Palafin|Water\n|move|p2a: Palafin|Jet Punch|p1a: Veluza\n|-resisted|p1a: Veluza\n|-damage|p1a: Veluza|43/292\n|move|p1a: Veluza|Psycho Cut|p2a: Palafin\n|-crit|p2a: Palafin\n|-damage|p2a: Palafin|0 fnt\n|faint|p2a: Palafin\n|\n|win|manwhocouldntcook\n", "uploadtime": 1781393899, "views": 9, "formatid": "gen9randombattle", "rating": null, "private": 0, "password": null}