{"id": "gen9randombattle-2631835436", "format": "[Gen 9] Random Battle", "players": ["smasher04", "talonflamecom"], "log": "|j|\u2606smasher04\n|j|\u2606talonflamecom\n|t:|1781446194\n|gametype|singles\n|player|p1|smasher04|twins-gen4|1991\n|player|p2|talonflamecom|red-gen2|1951\n|gen|9\n|tier|[Gen 9] Random Battle\n|rated|\n|rule|Species Clause: Limit one of each Pok\u00e9mon\n|rule|HP Percentage Mod: HP is shown in percentages\n|rule|Sleep Clause Mod: Limit one foe put to sleep\n|rule|Illusion Level Mod: Illusion disguises the Pok\u00e9mon's true level\n|\n|t:|1781446194\n|teamsize|p1|6\n|teamsize|p2|6\n|start\n|switch|p1a: Vikavolt|Vikavolt, L83, M|263/263\n|switch|p2a: Swalot|Swalot, L90, F|326/326\n|turn|1\n|\n|t:|1781446257\n|move|p2a: Swalot|Toxic|p1a: Vikavolt\n|-status|p1a: Vikavolt|tox\n|move|p1a: Vikavolt|Sticky Web|p2a: Swalot\n|-sidestart|p2: talonflamecom|move: Sticky Web\n|\n|-damage|p1a: Vikavolt|247/263 tox|[from] psn\n|upkeep\n|turn|2\n|inactive|Battle timer is ON: inactive players will automatically lose when time's up. (requested by smasher04)\n|\n|t:|1781446273\n|move|p2a: Swalot|Sludge Bomb|p1a: Vikavolt\n|-damage|p1a: Vikavolt|142/263 tox\n|move|p1a: Vikavolt|Discharge|p2a: Swalot\n|-damage|p2a: Swalot|212/326\n|-status|p2a: Swalot|par\n|\n|-heal|p2a: Swalot|232/326 par|[from] item: Leftovers\n|-damage|p1a: Vikavolt|110/263 tox|[from] psn\n|upkeep\n|turn|3\n|\n|t:|1781446280\n|move|p2a: Swalot|Protect|p2a: Swalot\n|-singleturn|p2a: Swalot|Protect\n|move|p1a: Vikavolt|Volt Switch|p2a: Swalot\n|-activate|p2a: Swalot|move: Protect\n|\n|-heal|p2a: Swalot|252/326 par|[from] item: Leftovers\n|-damage|p1a: Vikavolt|62/263 tox|[from] psn\n|upkeep\n|turn|4\n|\n|t:|1781446287\n|move|p1a: Vikavolt|Volt Switch|p2a: Swalot\n|-damage|p2a: Swalot|159/326 par\n|\n|t:|1781446290\n|switch|p1a: Ting-Lu|Ting-Lu, L78|370/370|[from] Volt Switch\n|-ability|p1a: Ting-Lu|Vessel of Ruin\n|move|p2a: Swalot|Toxic|p1a: Ting-Lu\n|-status|p1a: Ting-Lu|tox\n|\n|-heal|p2a: Swalot|179/326 par|[from] item: Leftovers\n|-damage|p1a: Ting-Lu|347/370 tox|[from] psn\n|upkeep\n|turn|5\n|\n|t:|1781446297\n|move|p2a: Swalot|Protect|p2a: Swalot\n|-singleturn|p2a: Swalot|Protect\n|move|p1a: Ting-Lu|Spikes|p2a: Swalot\n|-sidestart|p2: talonflamecom|Spikes\n|\n|-heal|p1a: Ting-Lu|370/370 tox|[from] item: Leftovers\n|-heal|p2a: Swalot|199/326 par|[from] item: Leftovers\n|-damage|p1a: Ting-Lu|324/370 tox|[from] psn\n|upkeep\n|turn|6\n|\n|t:|1781446303\n|switch|p2a: Donphan|Donphan, L84, M|288/288\n|-activate|p2a: Donphan|move: Sticky Web\n|-unboost|p2a: Donphan|spe|1\n|-damage|p2a: Donphan|252/288|[from] Spikes\n|move|p1a: Ting-Lu|Earthquake|p2a: Donphan\n|-damage|p2a: Donphan|164/288\n|\n|-heal|p1a: Ting-Lu|347/370 tox|[from] item: Leftovers\n|-damage|p1a: Ting-Lu|278/370 tox|[from] psn\n|upkeep\n|turn|7\n|\n|t:|1781446311\n|-terastallize|p1a: Ting-Lu|Ghost\n|move|p1a: Ting-Lu|Earthquake|p2a: Donphan\n|-damage|p2a: Donphan|82/288\n|move|p2a: Donphan|Rapid Spin|p1a: Ting-Lu\n|-immune|p1a: Ting-Lu\n|\n|-heal|p1a: Ting-Lu|301/370 tox|[from] item: Leftovers\n|-damage|p1a: Ting-Lu|209/370 tox|[from] psn\n|upkeep\n|turn|8\n|\n|t:|1781446337\n|switch|p2a: Golurk|Golurk, L87|297/297\n|-activate|p2a: Golurk|move: Sticky Web\n|-unboost|p2a: Golurk|spe|1\n|-damage|p2a: Golurk|260/297|[from] Spikes\n|move|p1a: Ting-Lu|Spikes|p2a: Golurk\n|-sidestart|p2: talonflamecom|Spikes\n|\n|-heal|p1a: Ting-Lu|232/370 tox|[from] item: Leftovers\n|-damage|p1a: Ting-Lu|117/370 tox|[from] psn\n|upkeep\n|turn|9\n|\n|t:|1781446343\n|switch|p1a: Vikavolt|Vikavolt, L83, M|62/263 tox\n|move|p2a: Golurk|Stealth Rock|p1a: Vikavolt\n|-sidestart|p1: smasher04|move: Stealth Rock\n|\n|-damage|p1a: Vikavolt|46/263 tox|[from] psn\n|upkeep\n|turn|10\n|\n|t:|1781446350\n|move|p1a: Vikavolt|Bug Buzz|p2a: Golurk\n|-resisted|p2a: Golurk\n|-damage|p2a: Golurk|192/297\n|move|p2a: Golurk|Dynamic Punch|p1a: Vikavolt\n|-resisted|p1a: Vikavolt\n|-damage|p1a: Vikavolt|0 fnt\n|faint|p1a: Vikavolt\n|-damage|p2a: Golurk|163/297|[from] item: Life Orb\n|\n|upkeep\n|\n|t:|1781446359\n|switch|p1a: Feraligatr|Feraligatr, L79, F|264/264\n|-damage|p1a: Feraligatr|231/264|[from] Stealth Rock\n|turn|11\n|\n|t:|1781446364\n|move|p1a: Feraligatr|Liquidation|p2a: Golurk\n|-supereffective|p2a: Golurk\n|-damage|p2a: Golurk|0 fnt\n|faint|p2a: Golurk\n|\n|upkeep\n|\n|t:|1781446372\n|switch|p2a: Swalot|Swalot, L90, F|199/326 par\n|-activate|p2a: Swalot|move: Sticky Web\n|-unboost|p2a: Swalot|spe|1\n|-damage|p2a: Swalot|145/326 par|[from] Spikes\n|turn|12\n|\n|t:|1781446378\n|move|p1a: Feraligatr|Dragon Dance|p1a: Feraligatr\n|-boost|p1a: Feraligatr|atk|1\n|-boost|p1a: Feraligatr|spe|1\n|move|p2a: Swalot|Sludge Bomb|p1a: Feraligatr\n|-damage|p1a: Feraligatr|140/264\n|\n|-heal|p2a: Swalot|165/326 par|[from] item: Leftovers\n|upkeep\n|turn|13\n|\n|t:|1781446386\n|move|p1a: Feraligatr|Liquidation|p2a: Swalot\n|-damage|p2a: Swalot|0 fnt\n|faint|p2a: Swalot\n|\n|upkeep\n|\n|t:|1781446410\n|switch|p2a: Dialga|Dialga, L73|266/266\n|-activate|p2a: Dialga|move: Sticky Web\n|-unboost|p2a: Dialga|spe|1\n|-damage|p2a: Dialga|222/266|[from] Spikes\n|-ability|p2a: Dialga|Pressure\n|turn|14\n|\n|t:|1781446416\n|move|p1a: Feraligatr|Liquidation|p2a: Dialga\n|-resisted|p2a: Dialga\n|-damage|p2a: Dialga|119/266\n|move|p2a: Dialga|Dragon Tail|p1a: Feraligatr\n|-damage|p1a: Feraligatr|80/264\n|drag|p1a: Ting-Lu|Ting-Lu, L78, tera:Ghost|117/370 tox\n|-damage|p1a: Ting-Lu|71/370 tox|[from] Stealth Rock\n|-ability|p1a: Ting-Lu|Vessel of Ruin\n|\n|-heal|p1a: Ting-Lu|94/370 tox|[from] item: Leftovers\n|-damage|p1a: Ting-Lu|71/370 tox|[from] psn\n|upkeep\n|turn|15\n|\n|t:|1781446430\n|move|p2a: Dialga|Fire Blast|p1a: Ting-Lu|[miss]\n|-miss|p2a: Dialga|p1a: Ting-Lu\n|move|p1a: Ting-Lu|Earthquake|p2a: Dialga\n|-supereffective|p2a: Dialga\n|-damage|p2a: Dialga|0 fnt\n|faint|p2a: Dialga\n|\n|-heal|p1a: Ting-Lu|94/370 tox|[from] item: Leftovers\n|-damage|p1a: Ting-Lu|48/370 tox|[from] psn\n|upkeep\n|\n|t:|1781446438\n|switch|p2a: Snorlax|Snorlax, L82, M|397/397\n|-activate|p2a: Snorlax|move: Sticky Web\n|-unboost|p2a: Snorlax|spe|1\n|-damage|p2a: Snorlax|331/397|[from] Spikes\n|turn|16\n|\n|t:|1781446441\n|move|p1a: Ting-Lu|Earthquake|p2a: Snorlax\n|-damage|p2a: Snorlax|208/397\n|move|p2a: Snorlax|Curse|p2a: Snorlax\n|-unboost|p2a: Snorlax|spe|1\n|-boost|p2a: Snorlax|atk|1\n|-boost|p2a: Snorlax|def|1\n|\n|-heal|p1a: Ting-Lu|71/370 tox|[from] item: Leftovers\n|-heal|p2a: Snorlax|232/397|[from] item: Leftovers\n|-damage|p1a: Ting-Lu|2/370 tox|[from] psn\n|upkeep\n|turn|17\n|\n|t:|1781446447\n|move|p1a: Ting-Lu|Earthquake|p2a: Snorlax\n|-damage|p2a: Snorlax|145/397\n|move|p2a: Snorlax|Curse|p2a: Snorlax\n|-unboost|p2a: Snorlax|spe|1\n|-boost|p2a: Snorlax|atk|1\n|-boost|p2a: Snorlax|def|1\n|\n|-heal|p1a: Ting-Lu|25/370 tox|[from] item: Leftovers\n|-heal|p2a: Snorlax|169/397|[from] item: Leftovers\n|-damage|p1a: Ting-Lu|0 fnt|[from] psn\n|faint|p1a: Ting-Lu\n|upkeep\n|\n|t:|1781446449\n|switch|p1a: Malamar|Malamar, L82, M|275/275\n|-damage|p1a: Malamar|241/275|[from] Stealth Rock\n|turn|18\n|\n|t:|1781446454\n|move|p1a: Malamar|Superpower|p2a: Snorlax\n|-supereffective|p2a: Snorlax\n|-damage|p2a: Snorlax|71/397\n|-boost|p1a: Malamar|atk|1\n|-boost|p1a: Malamar|def|1\n|move|p2a: Snorlax|Body Slam|p1a: Malamar\n|-damage|p1a: Malamar|117/275\n|-status|p1a: Malamar|par\n|\n|-heal|p2a: Snorlax|95/397|[from] item: Leftovers\n|upkeep\n|turn|19\n|\n|t:|1781446463\n|cant|p1a: Malamar|par\n|move|p2a: Snorlax|Body Slam|p1a: Malamar\n|-damage|p1a: Malamar|0 fnt\n|faint|p1a: Malamar\n|\n|-heal|p2a: Snorlax|119/397|[from] item: Leftovers\n|upkeep\n|\n|t:|1781446479\n|switch|p1a: Feraligatr|Feraligatr, L79, F|80/264\n|-damage|p1a: Feraligatr|47/264|[from] Stealth Rock\n|turn|20\n|\n|t:|1781446484\n|move|p1a: Feraligatr|Liquidation|p2a: Snorlax\n|-damage|p2a: Snorlax|22/397\n|move|p2a: Snorlax|Body Slam|p1a: Feraligatr\n|-crit|p1a: Feraligatr\n|-damage|p1a: Feraligatr|0 fnt\n|faint|p1a: Feraligatr\n|\n|-heal|p2a: Snorlax|46/397|[from] item: Leftovers\n|upkeep\n|\n|t:|1781446487\n|switch|p1a: Maushold|Maushold, L76|238/238\n|-damage|p1a: Maushold|209/238|[from] Stealth Rock\n|turn|21\n|\n|t:|1781446491\n|move|p1a: Maushold|Population Bomb|p2a: Snorlax\n|-damage|p2a: Snorlax|31/397\n|-damage|p2a: Snorlax|16/397\n|-damage|p2a: Snorlax|1/397\n|-damage|p2a: Snorlax|0 fnt\n|faint|p2a: Snorlax\n|-hitcount|p2: Snorlax|4\n|\n|upkeep\n|\n|t:|1781446499\n|switch|p2a: Minun|Minun, L95, F|268/268\n|-activate|p2a: Minun|move: Sticky Web\n|-unboost|p2a: Minun|spe|1\n|-damage|p2a: Minun|224/268|[from] Spikes\n|turn|22\n|\n|t:|1781446503\n|move|p1a: Maushold|Population Bomb|p2a: Minun\n|-damage|p2a: Minun|193/268\n|-damage|p2a: Minun|160/268\n|-damage|p2a: Minun|130/268\n|-damage|p2a: Minun|100/268\n|-damage|p2a: Minun|72/268\n|-damage|p2a: Minun|41/268\n|-damage|p2a: Minun|10/268\n|-damage|p2a: Minun|0 fnt\n|faint|p2a: Minun\n|-hitcount|p2: Minun|8\n|\n|upkeep\n|\n|t:|1781446505\n|switch|p2a: Donphan|Donphan, L84, M|82/288\n|-activate|p2a: Donphan|move: Sticky Web\n|-unboost|p2a: Donphan|spe|1\n|-damage|p2a: Donphan|34/288|[from] Spikes\n|turn|23\n|\n|t:|1781446514\n|-terastallize|p2a: Donphan|Steel\n|move|p1a: Maushold|Bite|p2a: Donphan\n|-damage|p2a: Donphan|2/288\n|move|p2a: Donphan|Rapid Spin|p1a: Maushold\n|-damage|p1a: Maushold|158/238\n|-boost|p2a: Donphan|spe|1\n|-sideend|p2: talonflamecom|Spikes|[from] move: Rapid Spin|[of] p2a: Donphan\n|-sideend|p2: talonflamecom|Sticky Web|[from] move: Rapid Spin|[of] p2a: Donphan\n|\n|upkeep\n|turn|24\n|\n|t:|1781446521\n|move|p2a: Donphan|Ice Shard|p1a: Maushold\n|-crit|p1a: Maushold\n|-damage|p1a: Maushold|91/238\n|move|p1a: Maushold|Bite|p2a: Donphan\n|-damage|p2a: Donphan|0 fnt\n|faint|p2a: Donphan\n|\n|win|smasher04\n|raw|smasher04's rating: 1991 &rarr; <strong>2009</strong><br />(+18 for winning)\n|raw|talonflamecom's rating: 1951 &rarr; <strong>1933</strong><br />(-18 for losing)\n", "uploadtime": 1781446197, "views": 3, "formatid": "gen9randombattle", "rating": 1933, "private": 0, "password": null}