{"id": "gen9randombattle-2631503069", "format": "[Gen 9] Random Battle", "players": ["AcquiredWolf", "Sekkari-"], "log": "|j|\u2606AcquiredWolf\n|j|\u2606Sekkari-\n|t:|1781393387\n|gametype|singles\n|player|p1|AcquiredWolf|diantha|2058\n|player|p2|Sekkari-|170|2188\n|gen|9\n|tier|[Gen 9] Random Battle\n|rated|\n|rule|Species Clause: Limit one of each Pok\u00e9mon\n|rule|HP Percentage Mod: HP is shown in percentages\n|rule|Sleep Clause Mod: Limit one foe put to sleep\n|rule|Illusion Level Mod: Illusion disguises the Pok\u00e9mon's true level\n|\n|t:|1781393387\n|teamsize|p1|6\n|teamsize|p2|6\n|start\n|switch|p1a: Pelipper|Pelipper, L86, M|243/243\n|switch|p2a: Iron Jugulis|Iron Jugulis, L77|271/271\n|-weather|RainDance|[from] ability: Drizzle|[of] p1a: Pelipper\n|turn|1\n|inactive|Battle timer is ON: inactive players will automatically lose when time's up. (requested by AcquiredWolf)\n|\n|t:|1781393397\n|switch|p1a: Chansey|Chansey, L85, F|564/564\n|move|p2a: Iron Jugulis|Meteor Beam||[still]\n|-prepare|p2a: Iron Jugulis|Meteor Beam\n|-boost|p2a: Iron Jugulis|spa|1\n|-enditem|p2a: Iron Jugulis|Power Herb\n|-anim|p2a: Iron Jugulis|Meteor Beam|p1a: Chansey\n|-damage|p1a: Chansey|492/564\n|\n|-weather|RainDance|[upkeep]\n|upkeep\n|turn|2\n|\n|t:|1781393411\n|-end|p2a: Iron Jugulis|Quark Drive|[silent]\n|switch|p2a: Torkoal|Torkoal, L88, F|266/266\n|-weather|SunnyDay|[from] ability: Drought|[of] p2a: Torkoal\n|move|p1a: Chansey|Thunder Wave|p2a: Torkoal\n|-status|p2a: Torkoal|par\n|\n|-weather|SunnyDay|[upkeep]\n|upkeep\n|turn|3\n|\n|t:|1781393426\n|switch|p1a: Pelipper|Pelipper, L86, M|243/243\n|-weather|RainDance|[from] ability: Drizzle|[of] p1a: Pelipper\n|move|p2a: Torkoal|Stealth Rock|p1a: Pelipper\n|-sidestart|p1: AcquiredWolf|move: Stealth Rock\n|\n|-weather|RainDance|[upkeep]\n|upkeep\n|turn|4\n|\n|t:|1781393436\n|switch|p2a: Masquerain|Masquerain, L87, M|264/264\n|-ability|p2a: Masquerain|Intimidate|boost\n|-unboost|p1a: Pelipper|atk|1\n|move|p1a: Pelipper|Weather Ball|p2a: Masquerain\n|-damage|p2a: Masquerain|9/264\n|\n|-weather|RainDance|[upkeep]\n|upkeep\n|turn|5\n|\n|t:|1781393446\n|move|p2a: Masquerain|Sticky Web|p1a: Pelipper\n|-sidestart|p1: AcquiredWolf|move: Sticky Web\n|move|p1a: Pelipper|Weather Ball|p2a: Masquerain\n|-damage|p2a: Masquerain|0 fnt\n|faint|p2a: Masquerain\n|\n|-weather|RainDance|[upkeep]\n|upkeep\n|\n|t:|1781393465\n|switch|p2a: Emboar|Emboar, L84, M|322/322\n|turn|6\n|\n|t:|1781393471\n|switch|p1a: Kricketune|Kricketune, L99, M|312/312\n|move|p2a: Emboar|Wild Charge|p1a: Kricketune\n|-damage|p1a: Kricketune|197/312\n|-damage|p2a: Emboar|293/322|[from] Recoil\n|\n|-weather|RainDance|[upkeep]\n|upkeep\n|turn|7\n|\n|t:|1781393487\n|switch|p2a: Stonjourner|Stonjourner, L91, F|330/330\n|move|p1a: Kricketune|Knock Off|p2a: Stonjourner\n|-damage|p2a: Stonjourner|276/330\n|-enditem|p2a: Stonjourner|Life Orb|[from] move: Knock Off|[of] p1a: Kricketune\n|\n|-weather|none\n|upkeep\n|turn|8\n|\n|t:|1781393495\n|move|p1a: Kricketune|Sticky Web|p2a: Stonjourner\n|-sidestart|p2: Sekkari-|move: Sticky Web\n|move|p2a: Stonjourner|Heat Crash|p1a: Kricketune\n|-supereffective|p1a: Kricketune\n|-damage|p1a: Kricketune|0 fnt\n|faint|p1a: Kricketune\n|\n|upkeep\n|\n|t:|1781393512\n|switch|p1a: Orthworm|Orthworm, L88, M|266/266\n|-damage|p1a: Orthworm|250/266|[from] Stealth Rock\n|-activate|p1a: Orthworm|move: Sticky Web\n|-unboost|p1a: Orthworm|spe|1\n|turn|9\n|\n|t:|1781393525\n|switch|p2a: Hitmonlee|Hitmonlee, L85, M|223/223\n|-activate|p2a: Hitmonlee|move: Sticky Web\n|-unboost|p2a: Hitmonlee|spe|1\n|move|p1a: Orthworm|Body Press|p2a: Hitmonlee\n|-damage|p2a: Hitmonlee|92/223\n|\n|-heal|p1a: Orthworm|266/266|[from] item: Leftovers\n|upkeep\n|turn|10\n|\n|t:|1781393537\n|switch|p1a: Munkidori|Munkidori, L79, M|269/269\n|-damage|p1a: Munkidori|236/269|[from] Stealth Rock\n|-activate|p1a: Munkidori|move: Sticky Web\n|-unboost|p1a: Munkidori|spe|1\n|move|p2a: Hitmonlee|High Jump Kick|p1a: Munkidori\n|-resisted|p1a: Munkidori\n|-damage|p1a: Munkidori|143/269\n|\n|upkeep\n|turn|11\n|\n|t:|1781393550\n|switch|p2a: Torkoal|Torkoal, L88, F|266/266 par\n|-weather|SunnyDay|[from] ability: Drought|[of] p2a: Torkoal\n|move|p1a: Munkidori|Psychic Noise|p2a: Torkoal\n|-damage|p2a: Torkoal|166/266 par\n|-start|p2a: Torkoal|move: Heal Block\n|\n|-weather|SunnyDay|[upkeep]\n|upkeep\n|turn|12\n|\n|t:|1781393560\n|move|p1a: Munkidori|Sludge Wave|p2a: Torkoal\n|-damage|p2a: Torkoal|31/266 par\n|cant|p2a: Torkoal|par\n|\n|-weather|SunnyDay|[upkeep]\n|-end|p2a: Torkoal|move: Heal Block\n|upkeep\n|turn|13\n|\n|t:|1781393568\n|move|p1a: Munkidori|Sludge Wave|p2a: Torkoal\n|-damage|p2a: Torkoal|0 fnt\n|faint|p2a: Torkoal\n|\n|-weather|SunnyDay|[upkeep]\n|upkeep\n|\n|t:|1781393574\n|switch|p2a: Emboar|Emboar, L84, M|293/322\n|-activate|p2a: Emboar|move: Sticky Web\n|-unboost|p2a: Emboar|spe|1\n|turn|14\n|\n|t:|1781393581\n|move|p2a: Emboar|Wild Charge|p1a: Munkidori\n|-damage|p1a: Munkidori|16/269\n|-damage|p2a: Emboar|261/322|[from] Recoil\n|move|p1a: Munkidori|Psychic Noise|p2a: Emboar\n|-supereffective|p2a: Emboar\n|-damage|p2a: Emboar|49/322\n|-start|p2a: Emboar|move: Heal Block\n|\n|-weather|SunnyDay|[upkeep]\n|upkeep\n|turn|15\n|\n|t:|1781393596\n|switch|p1a: Eternatus|Eternatus, L69|308/308\n|-damage|p1a: Eternatus|270/308|[from] Stealth Rock\n|-activate|p1a: Eternatus|move: Sticky Web\n|-unboost|p1a: Eternatus|spe|1\n|-ability|p1a: Eternatus|Pressure\n|move|p2a: Emboar|Wild Charge|p1a: Eternatus\n|-resisted|p1a: Eternatus\n|-damage|p1a: Eternatus|220/308\n|-damage|p2a: Emboar|36/322|[from] Recoil\n|\n|-weather|none\n|-end|p2a: Emboar|move: Heal Block\n|upkeep\n|turn|16\n|\n|t:|1781393610\n|switch|p2a: Iron Jugulis|Iron Jugulis, L77|271/271\n|move|p1a: Eternatus|Meteor Beam||[still]\n|-prepare|p1a: Eternatus|Meteor Beam\n|-boost|p1a: Eternatus|spa|1\n|-enditem|p1a: Eternatus|Power Herb\n|-anim|p1a: Eternatus|Meteor Beam|p2a: Iron Jugulis\n|-supereffective|p2a: Iron Jugulis\n|-damage|p2a: Iron Jugulis|0 fnt\n|faint|p2a: Iron Jugulis\n|-end|p2a: Iron Jugulis|Quark Drive|[silent]\n|\n|upkeep\n|\n|t:|1781393618\n|switch|p2a: Stonjourner|Stonjourner, L91, F|276/330\n|-activate|p2a: Stonjourner|move: Sticky Web\n|-unboost|p2a: Stonjourner|spe|1\n|turn|17\n|\n|t:|1781393624\n|move|p1a: Eternatus|Dynamax Cannon|p2a: Stonjourner\n|-damage|p2a: Stonjourner|0 fnt\n|faint|p2a: Stonjourner\n|\n|upkeep\n|-message|Sekkari- forfeited.\n|\n|win|AcquiredWolf\n|raw|AcquiredWolf's rating: 2058 &rarr; <strong>2085</strong><br />(+27 for winning)\n|raw|Sekkari-'s rating: 2188 &rarr; <strong>2161</strong><br />(-27 for losing)\n", "uploadtime": 1781393389, "views": 3, "formatid": "gen9randombattle", "rating": 2085, "private": 0, "password": null}