{"id": "gen9randombattle-2631890951", "format": "[Gen 9] Random Battle", "players": ["mudkiplover2808", "dasgasdg23tadg"], "log": "|j|\u2606mudkiplover2808\n|j|\u2606dasgasdg23tadg\n|t:|1781452577\n|gametype|singles\n|player|p1|mudkiplover2808|170|1132\n|player|p2|dasgasdg23tadg|2|1109\n|gen|9\n|tier|[Gen 9] Random Battle\n|rated|\n|rule|Species Clause: Limit one of each Pok\u00e9mon\n|rule|HP Percentage Mod: HP is shown in percentages\n|rule|Sleep Clause Mod: Limit one foe put to sleep\n|rule|Illusion Level Mod: Illusion disguises the Pok\u00e9mon's true level\n|\n|t:|1781452577\n|teamsize|p1|6\n|teamsize|p2|6\n|start\n|switch|p1a: Mightyena|Mightyena, L96, F|290/290\n|switch|p2a: Volcarona|Volcarona, L77, F|257/257\n|-ability|p1a: Mightyena|Intimidate|boost\n|-unboost|p2a: Volcarona|atk|1\n|turn|1\n|\n|t:|1781452639\n|move|p2a: Volcarona|Quiver Dance|p2a: Volcarona\n|-boost|p2a: Volcarona|spa|1\n|-boost|p2a: Volcarona|spd|1\n|-boost|p2a: Volcarona|spe|1\n|move|p1a: Mightyena|Taunt|p2a: Volcarona\n|-start|p2a: Volcarona|move: Taunt\n|\n|upkeep\n|turn|2\n|inactive|Battle timer is ON: inactive players will automatically lose when time's up. (requested by mudkiplover2808)\n|\n|t:|1781452647\n|move|p2a: Volcarona|Bug Buzz|p1a: Mightyena\n|-supereffective|p1a: Mightyena\n|-damage|p1a: Mightyena|0 fnt\n|faint|p1a: Mightyena\n|\n|upkeep\n|\n|t:|1781452660\n|switch|p1a: Phione|Phione, L91|293/293\n|turn|3\n|\n|t:|1781452674\n|move|p2a: Volcarona|Giga Drain|p1a: Phione\n|-supereffective|p1a: Phione\n|-damage|p1a: Phione|135/293\n|move|p1a: Phione|Take Heart|p1a: Phione\n|-boost|p1a: Phione|spa|1\n|-boost|p1a: Phione|spd|1\n|\n|-heal|p1a: Phione|153/293|[from] item: Leftovers\n|upkeep\n|turn|4\n|\n|t:|1781452691\n|move|p2a: Volcarona|Giga Drain|p1a: Phione\n|-supereffective|p1a: Phione\n|-damage|p1a: Phione|45/293\n|move|p1a: Phione|Rest|p1a: Phione\n|-status|p1a: Phione|slp|[from] move: Rest\n|-heal|p1a: Phione|293/293 slp|[silent]\n|\n|-end|p2a: Volcarona|move: Taunt\n|upkeep\n|turn|5\n|\n|t:|1781452699\n|move|p2a: Volcarona|Quiver Dance|p2a: Volcarona\n|-boost|p2a: Volcarona|spa|1\n|-boost|p2a: Volcarona|spd|1\n|-boost|p2a: Volcarona|spe|1\n|cant|p1a: Phione|slp\n|move|p1a: Phione|Sleep Talk|p1a: Phione\n|move|p1a: Phione|Rest||[from] move: Sleep Talk|[still]\n|-fail|p1a: Phione\n|\n|upkeep\n|turn|6\n|c|\u2606mudkiplover2808|LOCK IN PHIONE FFS\n|\n|t:|1781452711\n|move|p2a: Volcarona|Giga Drain|p1a: Phione\n|-supereffective|p1a: Phione\n|-damage|p1a: Phione|149/293 slp\n|cant|p1a: Phione|slp\n|move|p1a: Phione|Sleep Talk|p1a: Phione\n|move|p1a: Phione|Rest||[from] move: Sleep Talk|[still]\n|-fail|p1a: Phione\n|\n|-heal|p1a: Phione|167/293 slp|[from] item: Leftovers\n|upkeep\n|turn|7\n|c|\u2606mudkiplover2808|11% chance of that happening\n|\n|t:|1781452741\n|move|p2a: Volcarona|Giga Drain|p1a: Phione\n|-supereffective|p1a: Phione\n|-damage|p1a: Phione|13/293 slp\n|-curestatus|p1a: Phione|slp|[msg]\n|move|p1a: Phione|Rest|p1a: Phione\n|-status|p1a: Phione|slp|[from] move: Rest\n|-heal|p1a: Phione|293/293 slp|[silent]\n|\n|upkeep\n|turn|8\n|\n|t:|1781452750\n|move|p2a: Volcarona|Giga Drain|p1a: Phione\n|-supereffective|p1a: Phione\n|-damage|p1a: Phione|135/293 slp\n|cant|p1a: Phione|slp\n|move|p1a: Phione|Sleep Talk|p1a: Phione\n|move|p1a: Phione|Take Heart|p1a: Phione|[from] move: Sleep Talk\n|-boost|p1a: Phione|spa|1\n|-boost|p1a: Phione|spd|1\n|-curestatus|p1a: Phione|slp|[msg]\n|\n|-heal|p1a: Phione|153/293|[from] item: Leftovers\n|upkeep\n|turn|9\n|\n|t:|1781452763\n|move|p2a: Volcarona|Quiver Dance|p2a: Volcarona\n|-boost|p2a: Volcarona|spa|1\n|-boost|p2a: Volcarona|spd|1\n|-boost|p2a: Volcarona|spe|1\n|move|p1a: Phione|Rest|p1a: Phione\n|-status|p1a: Phione|slp|[from] move: Rest\n|-heal|p1a: Phione|293/293 slp|[silent]\n|\n|upkeep\n|turn|10\n|\n|t:|1781452767\n|move|p2a: Volcarona|Giga Drain|p1a: Phione\n|-supereffective|p1a: Phione\n|-damage|p1a: Phione|155/293 slp\n|cant|p1a: Phione|slp\n|move|p1a: Phione|Sleep Talk|p1a: Phione\n|move|p1a: Phione|Rest||[from] move: Sleep Talk|[still]\n|-fail|p1a: Phione\n|\n|-heal|p1a: Phione|173/293 slp|[from] item: Leftovers\n|upkeep\n|turn|11\n|c|\u2606mudkiplover2808|avjkcsjhjcsnhjscdhjnhjcsadhjhjsbcasdhjcsdhjhjcdshjcsadcsachjhjhjcsdhjcscasdbh zbx\n|\n|t:|1781452780\n|move|p2a: Volcarona|Giga Drain|p1a: Phione\n|-supereffective|p1a: Phione\n|-damage|p1a: Phione|33/293 slp\n|cant|p1a: Phione|slp\n|move|p1a: Phione|Sleep Talk|p1a: Phione\n|move|p1a: Phione|Take Heart|p1a: Phione|[from] move: Sleep Talk\n|-boost|p1a: Phione|spa|1\n|-boost|p1a: Phione|spd|1\n|-curestatus|p1a: Phione|slp|[msg]\n|\n|-heal|p1a: Phione|51/293|[from] item: Leftovers\n|upkeep\n|turn|12\n|-message|mudkiplover2808 forfeited.\n|\n|win|dasgasdg23tadg\n|raw|mudkiplover2808's rating: 1132 &rarr; <strong>1105</strong><br />(-27 for losing)\n|raw|dasgasdg23tadg's rating: 1109 &rarr; <strong>1136</strong><br />(+27 for winning)\n|l|\u2606mudkiplover2808\n|player|p1|\n", "uploadtime": 1781452848, "views": 2, "formatid": "gen9randombattle", "rating": 1105, "private": 0, "password": null}