{"id": "gen9randombattle-2631810352", "format": "[Gen 9] Random Battle", "players": ["lizardgoatboys", "SturmBrightblade"], "log": "|j|\u2606lizardgoatboys\n|j|\u2606SturmBrightblade\n|t:|1781442969\n|gametype|singles\n|player|p1|lizardgoatboys|roughneck-gen4|1931\n|player|p2|SturmBrightblade|266|1960\n|gen|9\n|tier|[Gen 9] Random Battle\n|rated|\n|rule|Species Clause: Limit one of each Pok\u00e9mon\n|rule|HP Percentage Mod: HP is shown in percentages\n|rule|Sleep Clause Mod: Limit one foe put to sleep\n|rule|Illusion Level Mod: Illusion disguises the Pok\u00e9mon's true level\n|\n|t:|1781442969\n|teamsize|p1|6\n|teamsize|p2|6\n|start\n|switch|p1a: Bruxish|Bruxish, L85, M|254/254\n|switch|p2a: Electivire|Electivire, L84, M|263/263\n|turn|1\n|inactive|Battle timer is ON: inactive players will automatically lose when time's up. (requested by SturmBrightblade)\n|\n|t:|1781442985\n|switch|p1a: Qwilfish|Qwilfish-Hisui, L83, M|244/244\n|-ability|p1a: Qwilfish|Intimidate|boost\n|-unboost|p2a: Electivire|atk|1\n|move|p2a: Electivire|Earthquake|p1a: Qwilfish\n|-supereffective|p1a: Qwilfish\n|-damage|p1a: Qwilfish|137/244\n|-damage|p2a: Electivire|237/263|[from] item: Life Orb\n|\n|upkeep\n|turn|2\n|\n|t:|1781442996\n|move|p2a: Electivire|Bulk Up|p2a: Electivire\n|-boost|p2a: Electivire|atk|1\n|-boost|p2a: Electivire|def|1\n|move|p1a: Qwilfish|Spikes|p2a: Electivire\n|-sidestart|p2: SturmBrightblade|Spikes\n|\n|upkeep\n|turn|3\n|\n|t:|1781443002\n|move|p2a: Electivire|Earthquake|p1a: Qwilfish\n|-supereffective|p1a: Qwilfish\n|-damage|p1a: Qwilfish|0 fnt\n|faint|p1a: Qwilfish\n|-damage|p2a: Electivire|211/263|[from] item: Life Orb\n|\n|upkeep\n|\n|t:|1781443008\n|switch|p1a: Crabominable|Crabominable, L90, M|321/321\n|turn|4\n|\n|t:|1781443027\n|move|p2a: Electivire|Supercell Slam|p1a: Crabominable\n|-damage|p1a: Crabominable|148/321\n|-damage|p2a: Electivire|185/263|[from] item: Life Orb\n|move|p1a: Crabominable|Ice Hammer|p2a: Electivire\n|-damage|p2a: Electivire|32/263\n|-unboost|p1a: Crabominable|spe|1\n|\n|upkeep\n|turn|5\n|\n|t:|1781443037\n|switch|p1a: Pikachu|Pikachu-Alola, L93, F|216/216\n|move|p2a: Electivire|Supercell Slam|p1a: Pikachu\n|-ability|p1a: Pikachu|Lightning Rod|boost\n|-boost|p1a: Pikachu|spa|1\n|-damage|p2a: Electivire|0 fnt|[from] supercellslam\n|faint|p2a: Electivire\n|\n|upkeep\n|\n|t:|1781443047\n|switch|p2a: Amoonguss|Amoonguss, L82, F|321/321\n|-damage|p2a: Amoonguss|281/321|[from] Spikes\n|turn|6\n|\n|t:|1781443054\n|move|p1a: Pikachu|Fake Out|p2a: Amoonguss\n|-damage|p2a: Amoonguss|226/321\n|-damage|p1a: Pikachu|180/216|[from] item: Rocky Helmet|[of] p2a: Amoonguss\n|cant|p2a: Amoonguss|flinch\n|\n|upkeep\n|turn|7\n|\n|t:|1781443068\n|move|p1a: Pikachu|Volt Tackle|p2a: Amoonguss\n|-resisted|p2a: Amoonguss\n|-damage|p2a: Amoonguss|103/321\n|-damage|p1a: Pikachu|144/216|[from] item: Rocky Helmet|[of] p2a: Amoonguss\n|-damage|p1a: Pikachu|103/216|[from] Recoil\n|move|p2a: Amoonguss|Giga Drain|p1a: Pikachu\n|-damage|p1a: Pikachu|7/216\n|-heal|p2a: Amoonguss|151/321|[from] drain|[of] p1a: Pikachu\n|\n|upkeep\n|turn|8\n|\n|t:|1781443075\n|move|p1a: Pikachu|Volt Tackle|p2a: Amoonguss\n|-resisted|p2a: Amoonguss\n|-damage|p2a: Amoonguss|35/321\n|-damage|p1a: Pikachu|0 fnt|[from] item: Rocky Helmet|[of] p2a: Amoonguss\n|faint|p1a: Pikachu\n|move|p2a: Amoonguss|Spore|p1: Pikachu|[notarget]\n|-fail|p2a: Amoonguss\n|\n|upkeep\n|\n|t:|1781443083\n|switch|p1a: Quaquaval|Quaquaval, L79, M|264/264\n|turn|9\n|\n|t:|1781443100\n|switch|p2a: Granbull|Granbull, L88, M|302/302\n|-damage|p2a: Granbull|265/302|[from] Spikes\n|-ability|p2a: Granbull|Intimidate|boost\n|-unboost|p1a: Quaquaval|atk|1\n|move|p1a: Quaquaval|Aqua Step|p2a: Granbull\n|-damage|p2a: Granbull|196/302\n|-boost|p1a: Quaquaval|spe|1\n|\n|-heal|p2a: Granbull|214/302|[from] item: Leftovers\n|upkeep\n|turn|10\n|\n|t:|1781443107\n|-terastallize|p1a: Quaquaval|Steel\n|move|p1a: Quaquaval|Swords Dance|p1a: Quaquaval\n|-boost|p1a: Quaquaval|atk|2\n|move|p2a: Granbull|Thunder Wave|p1a: Quaquaval\n|-status|p1a: Quaquaval|par\n|\n|-heal|p2a: Granbull|232/302|[from] item: Leftovers\n|upkeep\n|turn|11\n|\n|t:|1781443111\n|move|p1a: Quaquaval|Aqua Step|p2a: Granbull\n|-damage|p2a: Granbull|87/302\n|-boost|p1a: Quaquaval|spe|1\n|move|p2a: Granbull|Roar|p1a: Quaquaval\n|drag|p1a: Crabominable|Crabominable, L90, M|148/321\n|\n|-heal|p2a: Granbull|105/302|[from] item: Leftovers\n|upkeep\n|turn|12\n|\n|t:|1781443116\n|move|p1a: Crabominable|Ice Hammer|p2a: Granbull\n|-damage|p2a: Granbull|0 fnt\n|-unboost|p1a: Crabominable|spe|1\n|faint|p2a: Granbull\n|\n|upkeep\n|\n|t:|1781443121\n|switch|p2a: Avalugg|Avalugg-Hisui, L90, M|317/317\n|turn|13\n|\n|t:|1781443127\n|move|p2a: Avalugg|Body Press|p1a: Crabominable\n|-supereffective|p1a: Crabominable\n|-damage|p1a: Crabominable|0 fnt\n|faint|p1a: Crabominable\n|\n|upkeep\n|\n|t:|1781443131\n|switch|p1a: Bruxish|Bruxish, L85, M|254/254\n|turn|14\n|\n|t:|1781443139\n|switch|p2a: Amoonguss|Amoonguss, L82, F|142/321\n|-damage|p2a: Amoonguss|102/321|[from] Spikes\n|move|p1a: Bruxish|Wave Crash|p2a: Amoonguss\n|-resisted|p2a: Amoonguss\n|-damage|p2a: Amoonguss|0 fnt\n|-damage|p1a: Bruxish|212/254|[from] item: Rocky Helmet|[of] p2a: Amoonguss\n|faint|p2a: Amoonguss\n|-damage|p1a: Bruxish|178/254|[from] Recoil\n|\n|upkeep\n|\n|t:|1781443151\n|switch|p2a: Falinks|Falinks, L84|246/246\n|-damage|p2a: Falinks|216/246|[from] Spikes\n|turn|15\n|\n|t:|1781443155\n|move|p1a: Bruxish|Wave Crash|p2a: Falinks\n|-damage|p2a: Falinks|17/246\n|-damage|p1a: Bruxish|112/254|[from] Recoil\n|move|p2a: Falinks|Knock Off|p1a: Bruxish\n|-supereffective|p1a: Bruxish\n|-damage|p1a: Bruxish|0 fnt\n|-enditem|p1a: Bruxish|Choice Band|[from] move: Knock Off|[of] p2a: Falinks\n|faint|p1a: Bruxish\n|-damage|p2a: Falinks|0 fnt|[from] item: Life Orb\n|faint|p2a: Falinks\n|\n|upkeep\n|\n|t:|1781443160\n|switch|p1a: Kingambit|Kingambit, L74, M|270/270\n|switch|p2a: Avalugg|Avalugg-Hisui, L90, M|317/317\n|-activate|p1a: Kingambit|ability: Supreme Overlord\n|-start|p1a: Kingambit|fallen4|[silent]\n|turn|16\n|\n|t:|1781443167\n|move|p2a: Avalugg|Body Press|p1a: Kingambit\n|-supereffective|p1a: Kingambit\n|-damage|p1a: Kingambit|0 fnt\n|faint|p1a: Kingambit\n|-end|p1a: Kingambit|fallen4|[silent]\n|\n|upkeep\n|-message|lizardgoatboys forfeited.\n|\n|win|SturmBrightblade\n|raw|lizardgoatboys's rating: 1931 &rarr; <strong>1913</strong><br />(-18 for losing)\n|raw|SturmBrightblade's rating: 1960 &rarr; <strong>1978</strong><br />(+18 for winning)\n", "uploadtime": 1781442970, "views": 3, "formatid": "gen9randombattle", "rating": 1913, "private": 0, "password": null}