{"id": "gen9randombattle-2631503142", "format": "[Gen 9] Random Battle", "players": ["Arionblue_practice", "slowpoke/wooper"], "log": "|j|\u2606Arionblue_practice\n|j|\u2606slowpoke/wooper\n|t:|1781393398\n|gametype|singles\n|player|p1|Arionblue_practice|acetrainer-gen4dp|1900\n|player|p2|slowpoke/wooper|cynthia-gen4|1964\n|gen|9\n|tier|[Gen 9] Random Battle\n|rated|\n|rule|Species Clause: Limit one of each Pok\u00e9mon\n|rule|HP Percentage Mod: HP is shown in percentages\n|rule|Sleep Clause Mod: Limit one foe put to sleep\n|rule|Illusion Level Mod: Illusion disguises the Pok\u00e9mon's true level\n|\n|t:|1781393398\n|teamsize|p1|6\n|teamsize|p2|6\n|start\n|switch|p1a: Iron Hands|Iron Hands, L79|373/373\n|switch|p2a: Urshifu|Urshifu, L74, M|270/270\n|turn|1\n|inactive|Battle timer is ON: inactive players will automatically lose when time's up. (requested by slowpoke/wooper)\n|inactive|Arionblue_practice has 120 seconds left.\n|inactive|Arionblue_practice has 90 seconds left.\n|\n|t:|1781393461\n|switch|p2a: Spiritomb|Spiritomb, L89, F|234/234\n|move|p1a: Iron Hands|Drain Punch|p2a: Spiritomb\n|-immune|p2a: Spiritomb\n|\n|upkeep\n|turn|2\n|\n|t:|1781393466\n|-end|p1a: Iron Hands|Quark Drive|[silent]\n|switch|p1a: Swampert|Swampert, L83, M|302/302\n|move|p2a: Spiritomb|Will-O-Wisp|p1a: Swampert|[miss]\n|-miss|p2a: Spiritomb|p1a: Swampert\n|\n|upkeep\n|turn|3\n|\n|t:|1781393469\n|move|p1a: Swampert|Stealth Rock|p2a: Spiritomb\n|-sidestart|p2: slowpoke/wooper|move: Stealth Rock\n|move|p2a: Spiritomb|Will-O-Wisp|p1a: Swampert\n|-status|p1a: Swampert|brn\n|\n|-damage|p1a: Swampert|284/302 brn|[from] brn\n|upkeep\n|turn|4\n|\n|t:|1781393482\n|switch|p2a: Regirock|Regirock, L83|268/268\n|-damage|p2a: Regirock|235/268|[from] Stealth Rock\n|move|p1a: Swampert|Yawn|p2a: Regirock\n|-start|p2a: Regirock|move: Yawn|[of] p1a: Swampert\n|\n|-heal|p1a: Swampert|302/302 brn|[from] item: Leftovers\n|-heal|p2a: Regirock|251/268|[from] item: Leftovers\n|-damage|p1a: Swampert|284/302 brn|[from] brn\n|upkeep\n|turn|5\n|\n|t:|1781393495\n|move|p1a: Swampert|Knock Off|p2a: Regirock\n|-damage|p2a: Regirock|231/268\n|-enditem|p2a: Regirock|Leftovers|[from] move: Knock Off|[of] p1a: Swampert\n|move|p2a: Regirock|Stealth Rock|p1a: Swampert\n|-sidestart|p1: Arionblue_practice|move: Stealth Rock\n|\n|-heal|p1a: Swampert|302/302 brn|[from] item: Leftovers\n|-damage|p1a: Swampert|284/302 brn|[from] brn\n|-end|p2a: Regirock|move: Yawn|[silent]\n|-status|p2a: Regirock|slp\n|upkeep\n|turn|6\n|\n|t:|1781393503\n|switch|p1a: Brambleghast|Brambleghast, L88, F|240/240\n|-damage|p1a: Brambleghast|210/240|[from] Stealth Rock\n|cant|p2a: Regirock|slp\n|\n|-heal|p1a: Brambleghast|225/240|[from] item: Leftovers\n|upkeep\n|turn|7\n|\n|t:|1781393508\n|move|p1a: Brambleghast|Spikes|p2a: Regirock\n|-sidestart|p2: slowpoke/wooper|Spikes\n|cant|p2a: Regirock|slp\n|\n|-heal|p1a: Brambleghast|240/240|[from] item: Leftovers\n|upkeep\n|turn|8\n|\n|t:|1781393519\n|move|p1a: Brambleghast|Power Whip|p2a: Regirock\n|-supereffective|p2a: Regirock\n|-damage|p2a: Regirock|63/268 slp\n|cant|p2a: Regirock|slp\n|\n|upkeep\n|turn|9\n|\n|t:|1781393526\n|move|p1a: Brambleghast|Power Whip|p2a: Regirock\n|-supereffective|p2a: Regirock\n|-damage|p2a: Regirock|0 fnt\n|faint|p2a: Regirock\n|\n|upkeep\n|\n|t:|1781393529\n|switch|p2a: Spiritomb|Spiritomb, L89, F|234/234\n|-damage|p2a: Spiritomb|205/234|[from] Stealth Rock\n|-damage|p2a: Spiritomb|176/234|[from] Spikes\n|turn|10\n|\n|t:|1781393534\n|switch|p1a: Swampert|Swampert, L83, M|284/302 brn\n|-damage|p1a: Swampert|266/302 brn|[from] Stealth Rock\n|move|p2a: Spiritomb|Will-O-Wisp|p1a: Swampert\n|-fail|p1a: Swampert|brn\n|\n|-heal|p1a: Swampert|284/302 brn|[from] item: Leftovers\n|-heal|p2a: Spiritomb|190/234|[from] item: Leftovers\n|-damage|p1a: Swampert|266/302 brn|[from] brn\n|upkeep\n|turn|11\n|\n|t:|1781393540\n|move|p1a: Swampert|Yawn|p2a: Spiritomb\n|-start|p2a: Spiritomb|move: Yawn|[of] p1a: Swampert\n|move|p2a: Spiritomb|Poltergeist|p1a: Swampert\n|-activate|p1a: Swampert|move: Poltergeist|Leftovers\n|-damage|p1a: Swampert|134/302 brn\n|\n|-heal|p1a: Swampert|152/302 brn|[from] item: Leftovers\n|-heal|p2a: Spiritomb|204/234|[from] item: Leftovers\n|-damage|p1a: Swampert|134/302 brn|[from] brn\n|upkeep\n|turn|12\n|\n|t:|1781393544\n|switch|p2a: Qwilfish|Qwilfish, L86, F|252/252\n|-damage|p2a: Qwilfish|221/252|[from] Stealth Rock\n|-damage|p2a: Qwilfish|190/252|[from] Spikes\n|-ability|p2a: Qwilfish|Intimidate|boost\n|-unboost|p1a: Swampert|atk|1\n|move|p1a: Swampert|Knock Off|p2a: Qwilfish\n|-damage|p2a: Qwilfish|165/252\n|-enditem|p2a: Qwilfish|Leftovers|[from] move: Knock Off|[of] p1a: Swampert\n|\n|-heal|p1a: Swampert|152/302 brn|[from] item: Leftovers\n|-damage|p1a: Swampert|134/302 brn|[from] brn\n|upkeep\n|turn|13\n|\n|t:|1781393567\n|move|p2a: Qwilfish|Waterfall|p1a: Swampert\n|-damage|p1a: Swampert|50/302 brn\n|cant|p1a: Swampert|flinch\n|\n|-heal|p1a: Swampert|68/302 brn|[from] item: Leftovers\n|-damage|p1a: Swampert|50/302 brn|[from] brn\n|upkeep\n|turn|14\n|\n|t:|1781393578\n|move|p2a: Qwilfish|Waterfall|p1a: Swampert\n|-damage|p1a: Swampert|0 fnt\n|faint|p1a: Swampert\n|\n|upkeep\n|\n|t:|1781393582\n|switch|p1a: Iron Hands|Iron Hands, L79|373/373\n|-damage|p1a: Iron Hands|350/373|[from] Stealth Rock\n|turn|15\n|\n|t:|1781393585\n|move|p2a: Qwilfish|Destiny Bond|p2a: Qwilfish\n|-singlemove|p2a: Qwilfish|Destiny Bond\n|move|p1a: Iron Hands|Thunder Punch|p2a: Qwilfish\n|-supereffective|p2a: Qwilfish\n|-damage|p2a: Qwilfish|0 fnt\n|faint|p2a: Qwilfish\n|-activate|p2a: Qwilfish|move: Destiny Bond\n|faint|p1a: Iron Hands\n|-end|p1a: Iron Hands|Quark Drive|[silent]\n|\n|upkeep\n|\n|t:|1781393592\n|switch|p2a: Spiritomb|Spiritomb, L89, F|204/234\n|switch|p1a: Palossand|Palossand, L89, F|296/296\n|-damage|p1a: Palossand|278/296|[from] Stealth Rock\n|-damage|p2a: Spiritomb|175/234|[from] Stealth Rock\n|-damage|p2a: Spiritomb|146/234|[from] Spikes\n|turn|16\n|\n|t:|1781393600\n|move|p2a: Spiritomb|Poltergeist|p1a: Palossand\n|-activate|p1a: Palossand|move: Poltergeist|Leftovers\n|-supereffective|p1a: Palossand\n|-damage|p1a: Palossand|96/296\n|move|p1a: Palossand|Earth Power|p2a: Spiritomb\n|-damage|p2a: Spiritomb|65/234\n|\n|-heal|p1a: Palossand|114/296|[from] item: Leftovers\n|-heal|p2a: Spiritomb|79/234|[from] item: Leftovers\n|upkeep\n|turn|17\n|\n|t:|1781393607\n|move|p1a: Palossand|Earth Power|p2a: Spiritomb\n|-damage|p2a: Spiritomb|0 fnt\n|faint|p2a: Spiritomb\n|\n|-heal|p1a: Palossand|132/296|[from] item: Leftovers\n|upkeep\n|\n|t:|1781393613\n|switch|p2a: Urshifu|Urshifu, L74, M|270/270\n|-damage|p2a: Urshifu|254/270|[from] Stealth Rock\n|-damage|p2a: Urshifu|221/270|[from] Spikes\n|turn|18\n|\n|t:|1781393619\n|move|p2a: Urshifu|Wicked Blow|p1a: Palossand\n|-supereffective|p1a: Palossand\n|-crit|p1a: Palossand\n|-damage|p1a: Palossand|0 fnt\n|faint|p1a: Palossand\n|-damage|p2a: Urshifu|194/270|[from] item: Life Orb\n|\n|upkeep\n|\n|t:|1781393627\n|switch|p1a: Azumarill|Azumarill, L82, M|298/298\n|-damage|p1a: Azumarill|261/298|[from] Stealth Rock\n|turn|19\n|\n|t:|1781393634\n|move|p2a: Urshifu|Poison Jab|p1a: Azumarill\n|-supereffective|p1a: Azumarill\n|-damage|p1a: Azumarill|110/298\n|-damage|p2a: Urshifu|167/270|[from] item: Life Orb\n|move|p1a: Azumarill|Liquidation|p2a: Urshifu\n|-damage|p2a: Urshifu|5/270\n|\n|upkeep\n|turn|20\n|\n|t:|1781393637\n|move|p2a: Urshifu|Poison Jab|p1a: Azumarill\n|-supereffective|p1a: Azumarill\n|-damage|p1a: Azumarill|0 fnt\n|faint|p1a: Azumarill\n|-damage|p2a: Urshifu|0 fnt|[from] item: Life Orb\n|faint|p2a: Urshifu\n|\n|upkeep\n|\n|t:|1781393640\n|switch|p2a: Garchomp|Garchomp, L74, M|282/282\n|switch|p1a: Brambleghast|Brambleghast, L88, F|240/240\n|-damage|p1a: Brambleghast|210/240|[from] Stealth Rock\n|-damage|p2a: Garchomp|265/282|[from] Stealth Rock\n|-damage|p2a: Garchomp|230/282|[from] Spikes\n|turn|21\n|\n|t:|1781393647\n|-terastallize|p2a: Garchomp|Fire\n|move|p1a: Brambleghast|Poltergeist|p2a: Garchomp\n|-activate|p2a: Garchomp|move: Poltergeist|Loaded Dice\n|-damage|p2a: Garchomp|68/282\n|move|p2a: Garchomp|Scale Shot|p1a: Brambleghast\n|-damage|p1a: Brambleghast|180/240\n|-damage|p1a: Brambleghast|149/240\n|-damage|p1a: Brambleghast|118/240\n|-damage|p1a: Brambleghast|88/240\n|-damage|p1a: Brambleghast|58/240\n|-hitcount|p1a: Brambleghast|5\n|-unboost|p2a: Garchomp|def|1\n|-boost|p2a: Garchomp|spe|1\n|\n|-heal|p1a: Brambleghast|73/240|[from] item: Leftovers\n|upkeep\n|turn|22\n|\n|t:|1781393656\n|move|p2a: Garchomp|Fire Fang|p1a: Brambleghast\n|-supereffective|p1a: Brambleghast\n|-damage|p1a: Brambleghast|0 fnt\n|faint|p1a: Brambleghast\n|\n|upkeep\n|\n|t:|1781393659\n|switch|p1a: Deoxys|Deoxys-Speed, L82|216/216\n|-damage|p1a: Deoxys|189/216|[from] Stealth Rock\n|-ability|p1a: Deoxys|Pressure\n|turn|23\n|\n|t:|1781393667\n|move|p1a: Deoxys|Superpower|p2a: Garchomp\n|-damage|p2a: Garchomp|0 fnt\n|-unboost|p1a: Deoxys|atk|1\n|-unboost|p1a: Deoxys|def|1\n|-damage|p1a: Deoxys|162/216|[from] ability: Rough Skin|[of] p2a: Garchomp\n|faint|p2a: Garchomp\n|\n|-heal|p1a: Deoxys|175/216|[from] item: Leftovers\n|upkeep\n|\n|t:|1781393669\n|switch|p2a: Sylveon|Sylveon, L85, F|300/300\n|-damage|p2a: Sylveon|263/300|[from] Stealth Rock\n|-damage|p2a: Sylveon|226/300|[from] Spikes\n|turn|24\n|\n|t:|1781393673\n|move|p2a: Sylveon|Protect|p2a: Sylveon\n|-singleturn|p2a: Sylveon|Protect\n|move|p1a: Deoxys|Taunt|p2a: Sylveon\n|-activate|p2a: Sylveon|move: Protect\n|\n|-heal|p1a: Deoxys|188/216|[from] item: Leftovers\n|-heal|p2a: Sylveon|244/300|[from] item: Leftovers\n|upkeep\n|turn|25\n|\n|t:|1781393676\n|move|p1a: Deoxys|Taunt|p2a: Sylveon\n|-start|p2a: Sylveon|move: Taunt\n|move|p2a: Sylveon|Hyper Voice|p1a: Deoxys\n|-damage|p1a: Deoxys|67/216\n|\n|-heal|p1a: Deoxys|80/216|[from] item: Leftovers\n|-heal|p2a: Sylveon|262/300|[from] item: Leftovers\n|upkeep\n|turn|26\n|\n|t:|1781393678\n|move|p1a: Deoxys|Psycho Boost|p2a: Sylveon\n|-damage|p2a: Sylveon|159/300\n|-unboost|p1a: Deoxys|spa|2\n|move|p2a: Sylveon|Hyper Voice|p1a: Deoxys\n|-damage|p1a: Deoxys|0 fnt\n|faint|p1a: Deoxys\n|\n|win|slowpoke/wooper\n", "uploadtime": 1781393400, "views": 3, "formatid": "gen9randombattle", "rating": null, "private": 0, "password": null}