{"id": "gen9randombattle-2631391956", "format": "[Gen 9] Random Battle", "players": ["EduArdo1516", "InstantRamenPack"], "log": "|j|\u2606EduArdo1516\n|j|\u2606InstantRamenPack\n|t:|1781379175\n|gametype|singles\n|player|p1|EduArdo1516|102|2008\n|player|p2|InstantRamenPack|ghetsis|1976\n|gen|9\n|tier|[Gen 9] Random Battle\n|rated|\n|rule|Species Clause: Limit one of each Pok\u00e9mon\n|rule|HP Percentage Mod: HP is shown in percentages\n|rule|Sleep Clause Mod: Limit one foe put to sleep\n|rule|Illusion Level Mod: Illusion disguises the Pok\u00e9mon's true level\n|\n|t:|1781379175\n|teamsize|p1|6\n|teamsize|p2|6\n|start\n|switch|p1a: Spectrier|Spectrier, L75|274/274\n|switch|p2a: Sinistcha|Sinistcha, L83|254/254\n|turn|1\n|inactive|Battle timer is ON: inactive players will automatically lose when time's up. (requested by InstantRamenPack)\n|inactive|EduArdo1516 also wants the timer to be on.\n|\n|t:|1781379205\n|switch|p2a: Spidops|Spidops, L96, F|271/271\n|move|p1a: Spectrier|Nasty Plot|p1a: Spectrier\n|-boost|p1a: Spectrier|spa|2\n|\n|upkeep\n|turn|2\n|\n|t:|1781379221\n|-terastallize|p1a: Spectrier|Fighting\n|move|p1a: Spectrier|Shadow Ball|p2a: Spidops\n|-damage|p2a: Spidops|105/271\n|move|p2a: Spidops|Knock Off|p1a: Spectrier\n|-resisted|p1a: Spectrier\n|-damage|p1a: Spectrier|215/274\n|-enditem|p1a: Spectrier|Leftovers|[from] move: Knock Off|[of] p2a: Spidops\n|\n|upkeep\n|turn|3\n|\n|t:|1781379244\n|switch|p2a: Girafarig|Girafarig, L89, M|269/269\n|move|p1a: Spectrier|Shadow Ball|p2a: Girafarig\n|-immune|p2a: Girafarig\n|\n|upkeep\n|turn|4\n|\n|t:|1781379256\n|move|p1a: Spectrier|Tera Blast|p2a: Girafarig|[anim] Tera Blast Fighting\n|-damage|p2a: Girafarig|128/269\n|move|p2a: Girafarig|Psychic|p1a: Spectrier\n|-supereffective|p1a: Spectrier\n|-damage|p1a: Spectrier|0 fnt\n|faint|p1a: Spectrier\n|\n|upkeep\n|\n|t:|1781379280\n|switch|p1a: Forretress|Forretress, L84, F|263/263\n|turn|5\n|\n|t:|1781379290\n|move|p2a: Girafarig|Nasty Plot|p2a: Girafarig\n|-boost|p2a: Girafarig|spa|2\n|move|p1a: Forretress|Iron Head|p2a: Girafarig\n|-damage|p2a: Girafarig|59/269\n|\n|upkeep\n|turn|6\n|\n|t:|1781379294\n|move|p2a: Girafarig|Thunderbolt|p1a: Forretress\n|-crit|p1a: Forretress\n|-damage|p1a: Forretress|18/263\n|move|p1a: Forretress|Iron Head|p2a: Girafarig\n|-damage|p2a: Girafarig|0 fnt\n|faint|p2a: Girafarig\n|\n|-heal|p1a: Forretress|34/263|[from] item: Leftovers\n|upkeep\n|\n|t:|1781379300\n|switch|p2a: Spidops|Spidops, L96, F|105/271\n|turn|7\n|\n|t:|1781379304\n|move|p2a: Spidops|Knock Off|p1a: Forretress\n|-damage|p1a: Forretress|0 fnt\n|-enditem|p1a: Forretress|Leftovers|[from] move: Knock Off|[of] p2a: Spidops\n|faint|p1a: Forretress\n|\n|upkeep\n|\n|t:|1781379318\n|switch|p1a: Espeon|Espeon, L84, F|246/246\n|turn|8\n|\n|t:|1781379338\n|move|p1a: Espeon|Psychic|p2a: Spidops\n|-damage|p2a: Spidops|0 fnt\n|faint|p2a: Spidops\n|-damage|p1a: Espeon|222/246|[from] item: Life Orb\n|\n|upkeep\n|inactive|InstantRamenPack has 120 seconds left.\n|\n|t:|1781379381\n|switch|p2a: Golurk|Golurk, L87|297/297\n|turn|9\n|\n|t:|1781379400\n|switch|p1a: Gurdurr|Gurdurr, L85, M|283/283\n|move|p2a: Golurk|Earthquake|p1a: Gurdurr\n|-damage|p1a: Gurdurr|135/283\n|\n|upkeep\n|turn|10\n|\n|t:|1781379407\n|move|p2a: Golurk|Earthquake|p1a: Gurdurr\n|-damage|p1a: Gurdurr|8/283\n|move|p1a: Gurdurr|Knock Off|p2a: Golurk\n|-supereffective|p2a: Golurk\n|-damage|p2a: Golurk|153/297\n|-enditem|p2a: Golurk|Choice Band|[from] move: Knock Off|[of] p1a: Gurdurr\n|\n|upkeep\n|turn|11\n|\n|t:|1781379415\n|move|p2a: Golurk|Dynamic Punch|p1a: Gurdurr\n|-damage|p1a: Gurdurr|0 fnt\n|faint|p1a: Gurdurr\n|\n|upkeep\n|\n|t:|1781379420\n|switch|p1a: Espeon|Espeon, L84, F|222/246\n|turn|12\n|\n|t:|1781379425\n|move|p1a: Espeon|Psychic|p2a: Golurk\n|-damage|p2a: Golurk|0 fnt\n|faint|p2a: Golurk\n|-damage|p1a: Espeon|198/246|[from] item: Life Orb\n|\n|upkeep\n|\n|t:|1781379436\n|switch|p2a: Swanna|Swanna, L89, M|278/278\n|turn|13\n|\n|t:|1781379455\n|move|p1a: Espeon|Psychic|p2a: Swanna\n|-damage|p2a: Swanna|99/278\n|-damage|p1a: Espeon|174/246|[from] item: Life Orb\n|move|p2a: Swanna|Brave Bird|p1a: Espeon\n|-damage|p1a: Espeon|2/246\n|-damage|p2a: Swanna|42/278|[from] Recoil\n|\n|upkeep\n|turn|14\n|\n|t:|1781379468\n|switch|p1a: Dondozo|Dondozo, L78, M|362/362\n|move|p2a: Swanna|Brave Bird|p1a: Dondozo\n|-damage|p1a: Dondozo|241/362\n|-damage|p2a: Swanna|2/278|[from] Recoil\n|\n|-heal|p1a: Dondozo|263/362|[from] item: Leftovers\n|upkeep\n|turn|15\n|\n|t:|1781379477\n|move|p2a: Swanna|Roost|p2a: Swanna\n|-heal|p2a: Swanna|141/278\n|-singleturn|p2a: Swanna|move: Roost\n|move|p1a: Dondozo|Curse|p1a: Dondozo\n|-unboost|p1a: Dondozo|spe|1\n|-boost|p1a: Dondozo|atk|1\n|-boost|p1a: Dondozo|def|1\n|\n|-heal|p1a: Dondozo|285/362|[from] item: Leftovers\n|upkeep\n|turn|16\n|\n|t:|1781379485\n|switch|p2a: Sinistcha|Sinistcha, L83|254/254\n|move|p1a: Dondozo|Curse|p1a: Dondozo\n|-unboost|p1a: Dondozo|spe|1\n|-boost|p1a: Dondozo|atk|1\n|-boost|p1a: Dondozo|def|1\n|\n|-heal|p1a: Dondozo|307/362|[from] item: Leftovers\n|upkeep\n|turn|17\n|\n|t:|1781379492\n|move|p2a: Sinistcha|Matcha Gotcha|p1a: Dondozo|[miss]\n|-miss|p2a: Sinistcha|p1a: Dondozo\n|move|p1a: Dondozo|Wave Crash|p2a: Sinistcha\n|-resisted|p2a: Sinistcha\n|-damage|p2a: Sinistcha|158/254\n|-damage|p1a: Dondozo|275/362|[from] Recoil\n|\n|-heal|p2a: Sinistcha|173/254|[from] item: Leftovers\n|-heal|p1a: Dondozo|297/362|[from] item: Leftovers\n|upkeep\n|turn|18\n|\n|t:|1781379498\n|move|p2a: Sinistcha|Matcha Gotcha|p1a: Dondozo\n|-supereffective|p1a: Dondozo\n|-damage|p1a: Dondozo|27/362\n|-heal|p2a: Sinistcha|254/254|[from] drain|[of] p1a: Dondozo\n|move|p1a: Dondozo|Wave Crash|p2a: Sinistcha\n|-resisted|p2a: Sinistcha\n|-damage|p2a: Sinistcha|155/254\n|-damage|p1a: Dondozo|0 fnt|[from] Recoil\n|faint|p1a: Dondozo\n|\n|-heal|p2a: Sinistcha|170/254|[from] item: Leftovers\n|upkeep\n|\n|t:|1781379516\n|switch|p1a: Espeon|Espeon, L84, F|2/246\n|turn|19\n|\n|t:|1781379529\n|move|p1a: Espeon|Psychic|p2a: Sinistcha\n|-damage|p2a: Sinistcha|13/254\n|-damage|p1a: Espeon|0 fnt|[from] item: Life Orb\n|faint|p1a: Espeon\n|move|p2a: Sinistcha|Shadow Ball|p1: Espeon|[notarget]\n|-fail|p2a: Sinistcha\n|\n|-heal|p2a: Sinistcha|28/254|[from] item: Leftovers\n|upkeep\n|\n|t:|1781379534\n|switch|p1a: Golem|Golem, L87, M|281/281\n|turn|20\n|\n|t:|1781379540\n|move|p2a: Sinistcha|Matcha Gotcha|p1a: Golem\n|-supereffective|p1a: Golem\n|-ability|p1a: Golem|Sturdy\n|-damage|p1a: Golem|1/281\n|-heal|p2a: Sinistcha|168/254|[from] drain|[of] p1a: Golem\n|move|p1a: Golem|Explosion|p2a: Sinistcha\n|-immune|p2a: Sinistcha\n|faint|p1a: Golem\n|\n|win|InstantRamenPack\n", "uploadtime": 1781379176, "views": 6, "formatid": "gen9randombattle", "rating": null, "private": 0, "password": null}