{"id": "gen9randombattle-2631824150", "format": "[Gen 9] Random Battle", "players": ["discodiscogoodgood", "dr necrotizer"], "log": "|j|\u2606discodiscogoodgood\n|j|\u2606dr necrotizer\n|t:|1781444799\n|gametype|singles\n|player|p1|discodiscogoodgood|musician|2028\n|player|p2|dr necrotizer|102|2017\n|gen|9\n|tier|[Gen 9] Random Battle\n|rated|\n|rule|Species Clause: Limit one of each Pok\u00e9mon\n|rule|HP Percentage Mod: HP is shown in percentages\n|rule|Sleep Clause Mod: Limit one foe put to sleep\n|rule|Illusion Level Mod: Illusion disguises the Pok\u00e9mon's true level\n|\n|t:|1781444799\n|teamsize|p1|6\n|teamsize|p2|6\n|start\n|switch|p1a: Golurk|Golurk, L87|297/297\n|switch|p2a: Ogerpon|Ogerpon-Wellspring, L76, F|247/247\n|turn|1\n|\n|t:|1781444815\n|switch|p1a: Cobalion|Cobalion, L80|277/277\n|move|p2a: Ogerpon|Wood Hammer|p1a: Cobalion\n|-resisted|p1a: Cobalion\n|-crit|p1a: Cobalion\n|-damage|p1a: Cobalion|187/277\n|-damage|p2a: Ogerpon|217/247|[from] Recoil\n|\n|-heal|p1a: Cobalion|204/277|[from] item: Leftovers\n|upkeep\n|turn|2\n|\n|t:|1781444835\n|switch|p2a: Okidogi|Okidogi, L77, M|262/262\n|move|p1a: Cobalion|Calm Mind|p1a: Cobalion\n|-boost|p1a: Cobalion|spa|1\n|-boost|p1a: Cobalion|spd|1\n|\n|-heal|p1a: Cobalion|221/277|[from] item: Leftovers\n|upkeep\n|turn|3\n|\n|t:|1781444842\n|switch|p1a: Golurk|Golurk, L87|297/297\n|move|p2a: Okidogi|Drain Punch|p1a: Golurk\n|-immune|p1a: Golurk\n|\n|upkeep\n|turn|4\n|\n|t:|1781444847\n|switch|p2a: Glimmora|Glimmora, L75, F|248/248\n|-item|p2a: Glimmora|Air Balloon\n|move|p1a: Golurk|Poltergeist|p2a: Glimmora\n|-activate|p2a: Glimmora|move: Poltergeist|Air Balloon\n|-damage|p2a: Glimmora|52/248\n|-activate|p2a: Glimmora|ability: Toxic Debris\n|-sidestart|p1: discodiscogoodgood|move: Toxic Spikes\n|-enditem|p2a: Glimmora|Air Balloon\n|-damage|p1a: Golurk|268/297|[from] item: Life Orb\n|\n|upkeep\n|turn|5\n|\n|t:|1781444861\n|move|p2a: Glimmora|Spikes|p1a: Golurk\n|-sidestart|p1: discodiscogoodgood|Spikes\n|move|p1a: Golurk|Earthquake|p2a: Glimmora\n|-supereffective|p2a: Glimmora\n|-damage|p2a: Glimmora|0 fnt\n|-activate|p2a: Glimmora|ability: Toxic Debris\n|-sidestart|p1: discodiscogoodgood|move: Toxic Spikes\n|faint|p2a: Glimmora\n|-damage|p1a: Golurk|239/297|[from] item: Life Orb\n|\n|upkeep\n|\n|t:|1781444874\n|switch|p2a: Heracross|Heracross, L80, M|259/259\n|turn|6\n|\n|t:|1781444912\n|switch|p1a: Wyrdeer|Wyrdeer, L87, F|321/321\n|-status|p1a: Wyrdeer|tox\n|-damage|p1a: Wyrdeer|281/321 tox|[from] Spikes\n|-ability|p1a: Wyrdeer|Intimidate|boost\n|-unboost|p2a: Heracross|atk|1\n|move|p2a: Heracross|Trailblaze|p1a: Wyrdeer\n|-damage|p1a: Wyrdeer|253/321 tox\n|-boost|p2a: Heracross|spe|1\n|\n|-damage|p1a: Wyrdeer|233/321 tox|[from] psn\n|-status|p2a: Heracross|brn|[from] item: Flame Orb\n|upkeep\n|turn|7\n|inactive|Battle timer is ON: inactive players will automatically lose when time's up. (requested by dr necrotizer)\n|\n|t:|1781444919\n|-terastallize|p2a: Heracross|Normal\n|move|p2a: Heracross|Facade|p1a: Wyrdeer\n|-damage|p1a: Wyrdeer|53/321 tox\n|move|p1a: Wyrdeer|Psychic Noise|p2a: Heracross\n|-damage|p2a: Heracross|175/259 brn\n|-start|p2a: Heracross|move: Heal Block\n|\n|-damage|p1a: Wyrdeer|13/321 tox|[from] psn\n|-damage|p2a: Heracross|159/259 brn|[from] brn\n|upkeep\n|turn|8\n|\n|t:|1781444928\n|move|p2a: Heracross|Knock Off|p1a: Wyrdeer\n|-supereffective|p1a: Wyrdeer\n|-damage|p1a: Wyrdeer|0 fnt\n|-enditem|p1a: Wyrdeer|Assault Vest|[from] move: Knock Off|[of] p2a: Heracross\n|faint|p1a: Wyrdeer\n|\n|-damage|p2a: Heracross|143/259 brn|[from] brn\n|-end|p2a: Heracross|move: Heal Block\n|upkeep\n|\n|t:|1781444935\n|switch|p1a: Poliwrath|Poliwrath, L88, F|302/302\n|-status|p1a: Poliwrath|tox\n|-damage|p1a: Poliwrath|265/302 tox|[from] Spikes\n|turn|9\n|\n|t:|1781444950\n|switch|p2a: Ogerpon|Ogerpon-Wellspring, L76, F|217/247\n|move|p1a: Poliwrath|Liquidation|p2a: Ogerpon\n|-heal|p2a: Ogerpon|247/247|[from] ability: Water Absorb|[of] p1a: Poliwrath\n|\n|-heal|p1a: Poliwrath|283/302 tox|[from] item: Leftovers\n|-damage|p1a: Poliwrath|265/302 tox|[from] psn\n|upkeep\n|turn|10\n|\n|t:|1781444959\n|switch|p1a: Cobalion|Cobalion, L80|221/277\n|-damage|p1a: Cobalion|187/277|[from] Spikes\n|move|p2a: Ogerpon|Wood Hammer|p1a: Cobalion\n|-resisted|p1a: Cobalion\n|-damage|p1a: Cobalion|133/277\n|-damage|p2a: Ogerpon|229/247|[from] Recoil\n|\n|-heal|p1a: Cobalion|150/277|[from] item: Leftovers\n|upkeep\n|turn|11\n|\n|t:|1781444971\n|move|p1a: Cobalion|Calm Mind|p1a: Cobalion\n|-boost|p1a: Cobalion|spa|1\n|-boost|p1a: Cobalion|spd|1\n|move|p2a: Ogerpon|Ivy Cudgel|p1a: Cobalion|[anim] Ivy Cudgel Water\n|-damage|p1a: Cobalion|56/277\n|\n|-heal|p1a: Cobalion|73/277|[from] item: Leftovers\n|upkeep\n|turn|12\n|\n|t:|1781444984\n|move|p1a: Cobalion|Aura Sphere|p2a: Ogerpon\n|-damage|p2a: Ogerpon|106/247\n|move|p2a: Ogerpon|Ivy Cudgel|p1a: Cobalion|[anim] Ivy Cudgel Water\n|-crit|p1a: Cobalion\n|-damage|p1a: Cobalion|0 fnt\n|faint|p1a: Cobalion\n|\n|upkeep\n|\n|t:|1781444995\n|switch|p1a: Poliwrath|Poliwrath, L88, F|265/302 tox\n|-damage|p1a: Poliwrath|228/302 tox|[from] Spikes\n|turn|13\n|\n|t:|1781445002\n|move|p2a: Ogerpon|Synthesis|p2a: Ogerpon\n|-heal|p2a: Ogerpon|229/247\n|move|p1a: Poliwrath|Drain Punch|p2a: Ogerpon\n|-damage|p2a: Ogerpon|126/247\n|-heal|p1a: Poliwrath|280/302 tox|[from] drain|[of] p2a: Ogerpon\n|\n|-heal|p1a: Poliwrath|298/302 tox|[from] item: Leftovers\n|-damage|p1a: Poliwrath|280/302 tox|[from] psn\n|upkeep\n|turn|14\n|\n|t:|1781445013\n|move|p2a: Ogerpon|Synthesis|p2a: Ogerpon\n|-heal|p2a: Ogerpon|247/247\n|move|p1a: Poliwrath|Drain Punch|p2a: Ogerpon\n|-damage|p2a: Ogerpon|139/247\n|-heal|p1a: Poliwrath|302/302 tox|[from] drain|[of] p2a: Ogerpon\n|\n|-damage|p1a: Poliwrath|266/302 tox|[from] psn\n|upkeep\n|turn|15\n|\n|t:|1781445021\n|move|p2a: Ogerpon|Synthesis|p2a: Ogerpon\n|-heal|p2a: Ogerpon|247/247\n|move|p1a: Poliwrath|Bulk Up|p1a: Poliwrath\n|-boost|p1a: Poliwrath|atk|1\n|-boost|p1a: Poliwrath|def|1\n|\n|-heal|p1a: Poliwrath|284/302 tox|[from] item: Leftovers\n|-damage|p1a: Poliwrath|230/302 tox|[from] psn\n|upkeep\n|turn|16\n|\n|t:|1781445031\n|move|p2a: Ogerpon|Encore|p1a: Poliwrath\n|-start|p1a: Poliwrath|Encore\n|move|p1a: Poliwrath|Bulk Up|p1a: Poliwrath\n|-boost|p1a: Poliwrath|atk|1\n|-boost|p1a: Poliwrath|def|1\n|\n|-heal|p1a: Poliwrath|248/302 tox|[from] item: Leftovers\n|-damage|p1a: Poliwrath|176/302 tox|[from] psn\n|upkeep\n|turn|17\n|\n|t:|1781445043\n|switch|p1a: Golurk|Golurk, L87|239/297\n|-status|p1a: Golurk|tox\n|-damage|p1a: Golurk|202/297 tox|[from] Spikes\n|move|p2a: Ogerpon|Wood Hammer|p1a: Golurk\n|-supereffective|p1a: Golurk\n|-damage|p1a: Golurk|0 fnt\n|faint|p1a: Golurk\n|-damage|p2a: Ogerpon|180/247|[from] Recoil\n|\n|upkeep\n|\n|t:|1781445047\n|switch|p1a: Probopass|Probopass, L91, F|257/257\n|-damage|p1a: Probopass|225/257|[from] Spikes\n|turn|18\n|\n|t:|1781445061\n|-terastallize|p1a: Probopass|Fighting\n|move|p2a: Ogerpon|Ivy Cudgel|p1a: Probopass|[anim] Ivy Cudgel Water\n|-crit|p1a: Probopass\n|-damage|p1a: Probopass|104/257\n|move|p1a: Probopass|Body Press|p2a: Ogerpon\n|-damage|p2a: Ogerpon|29/247\n|\n|upkeep\n|turn|19\n|\n|t:|1781445072\n|move|p2a: Ogerpon|Ivy Cudgel|p1a: Probopass|[anim] Ivy Cudgel Water\n|-damage|p1a: Probopass|25/257\n|move|p1a: Probopass|Body Press|p2a: Ogerpon\n|-damage|p2a: Ogerpon|0 fnt\n|faint|p2a: Ogerpon\n|\n|upkeep\n|\n|t:|1781445081\n|switch|p2a: Heracross|Heracross, L80, M, tera:Normal|143/259 brn\n|turn|20\n|\n|t:|1781445085\n|move|p2a: Heracross|Facade|p1a: Probopass\n|-damage|p1a: Probopass|0 fnt\n|faint|p1a: Probopass\n|\n|-damage|p2a: Heracross|127/259 brn|[from] brn\n|upkeep\n|\n|t:|1781445091\n|switch|p1a: Azumarill|Azumarill, L82, F|298/298\n|-status|p1a: Azumarill|tox\n|-damage|p1a: Azumarill|261/298 tox|[from] Spikes\n|turn|21\n|\n|t:|1781445096\n|move|p2a: Heracross|Facade|p1a: Azumarill\n|-damage|p1a: Azumarill|0 fnt\n|faint|p1a: Azumarill\n|\n|-damage|p2a: Heracross|111/259 brn|[from] brn\n|upkeep\n|-message|discodiscogoodgood forfeited.\n|\n|win|dr necrotizer\n", "uploadtime": 1781444801, "views": 4, "formatid": "gen9randombattle", "rating": null, "private": 0, "password": null}