{"id": "gen9randombattle-2631656801", "format": "[Gen 9] Random Battle", "players": ["a_jar_of_water", "lime777"], "log": "|j|\u2606a_jar_of_water\n|j|\u2606lime777\n|t:|1781416090\n|gametype|singles\n|player|p1|a_jar_of_water|170|1426\n|player|p2|lime777|swimmerf|1444\n|gen|9\n|tier|[Gen 9] Random Battle\n|rated|\n|rule|Species Clause: Limit one of each Pok\u00e9mon\n|rule|HP Percentage Mod: HP is shown in percentages\n|rule|Sleep Clause Mod: Limit one foe put to sleep\n|rule|Illusion Level Mod: Illusion disguises the Pok\u00e9mon's true level\n|\n|t:|1781416090\n|teamsize|p1|6\n|teamsize|p2|6\n|start\n|switch|p1a: Basculegion|Basculegion, L80, M|323/323\n|switch|p2a: Brute Bonnet|Brute Bonnet, L80|309/309\n|turn|1\n|inactive|Battle timer is ON: inactive players will automatically lose when time's up. (requested by a_jar_of_water)\n|\n|t:|1781416099\n|move|p1a: Basculegion|Flip Turn|p2a: Brute Bonnet\n|-resisted|p2a: Brute Bonnet\n|-damage|p2a: Brute Bonnet|269/309\n|\n|t:|1781416099\n|switch|p1a: Arceus|Arceus-Fighting, L70|284/284|[from] Flip Turn\n|move|p2a: Brute Bonnet|Spore|p1a: Arceus\n|-status|p1a: Arceus|slp|[from] move: Spore\n|\n|-heal|p2a: Brute Bonnet|288/309|[from] item: Leftovers\n|upkeep\n|turn|2\n|\n|t:|1781416115\n|-end|p2a: Brute Bonnet|Protosynthesis|[silent]\n|switch|p2a: Ogerpon|Ogerpon-Wellspring, L76, F|247/247\n|cant|p1a: Arceus|slp\n|\n|upkeep\n|turn|3\n|\n|t:|1781416117\n|move|p2a: Ogerpon|Swords Dance|p2a: Ogerpon\n|-boost|p2a: Ogerpon|atk|2\n|cant|p1a: Arceus|slp\n|\n|upkeep\n|turn|4\n|\n|t:|1781416126\n|switch|p1a: Drifblim|Drifblim, L86, F|398/398\n|-terastallize|p2a: Ogerpon|Water\n|detailschange|p2a: Ogerpon|Ogerpon-Wellspring-Tera, L76, F, tera:Water\n|-ability|p2a: Ogerpon|Embody Aspect (Wellspring)|boost\n|-boost|p2a: Ogerpon|spd|1\n|move|p2a: Ogerpon|Swords Dance|p2a: Ogerpon\n|-boost|p2a: Ogerpon|atk|2\n|\n|upkeep\n|turn|5\n|\n|t:|1781416138\n|switch|p1a: Toedscruel|Toedscruel, L87, F|281/281\n|move|p2a: Ogerpon|Knock Off|p1a: Toedscruel\n|-damage|p1a: Toedscruel|0 fnt\n|-enditem|p1a: Toedscruel|Leftovers|[from] move: Knock Off|[of] p2a: Ogerpon\n|faint|p1a: Toedscruel\n|\n|upkeep\n|\n|t:|1781416138\n|switch|p1a: Drifblim|Drifblim, L86, F|398/398\n|turn|6\n|\n|t:|1781416148\n|move|p2a: Ogerpon|Knock Off|p1a: Drifblim\n|-supereffective|p1a: Drifblim\n|-damage|p1a: Drifblim|0 fnt\n|-damage|p2a: Ogerpon|186/247|[from] ability: Aftermath|[of] p1a: Drifblim\n|-enditem|p1a: Drifblim|Heavy-Duty Boots|[from] move: Knock Off|[of] p2a: Ogerpon\n|faint|p1a: Drifblim\n|\n|upkeep\n|\n|t:|1781416148\n|switch|p1a: Arceus|Arceus-Fighting, L70|284/284 slp\n|turn|7\n|\n|t:|1781416156\n|move|p2a: Ogerpon|Ivy Cudgel|p1a: Arceus|[anim] Ivy Cudgel Water\n|-damage|p1a: Arceus|0 fnt\n|faint|p1a: Arceus\n|\n|upkeep\n|\n|t:|1781416156\n|switch|p1a: Hitmonlee|Hitmonlee, L85, M|223/223\n|turn|8\n|\n|t:|1781416161\n|move|p2a: Ogerpon|Ivy Cudgel|p1a: Hitmonlee|[anim] Ivy Cudgel Water\n|-damage|p1a: Hitmonlee|0 fnt\n|faint|p1a: Hitmonlee\n|\n|upkeep\n|\n|t:|1781416161\n|switch|p1a: Basculegion|Basculegion, L80, M|323/323\n|turn|9\n|\n|t:|1781416169\n|move|p2a: Ogerpon|Knock Off|p1a: Basculegion\n|-supereffective|p1a: Basculegion\n|-damage|p1a: Basculegion|0 fnt\n|-enditem|p1a: Basculegion|Assault Vest|[from] move: Knock Off|[of] p2a: Ogerpon\n|faint|p1a: Basculegion\n|\n|upkeep\n|\n|t:|1781416169\n|switch|p1a: Garganacl|Garganacl, L80, F|291/291\n|turn|10\n|\n|t:|1781416173\n|move|p2a: Ogerpon|Ivy Cudgel|p1a: Garganacl|[anim] Ivy Cudgel Water\n|-supereffective|p1a: Garganacl\n|-crit|p1a: Garganacl\n|-damage|p1a: Garganacl|0 fnt\n|faint|p1a: Garganacl\n|\n|win|lime777\n|raw|a_jar_of_water's rating: 1426 &rarr; <strong>1407</strong><br />(-19 for losing)\n|raw|lime777's rating: 1444 &rarr; <strong>1463</strong><br />(+19 for winning)\n|l|\u2606a_jar_of_water\n|player|p1|\n", "uploadtime": 1781416179, "views": 5, "formatid": "gen9randombattle", "rating": 1407, "private": 0, "password": null}