{"id": "gen9randombattle-2631756369", "format": "[Gen 9] Random Battle", "players": ["Tuki VN", "DaMoistAvocado"], "log": "|j|\u2606Tuki VN\n|j|\u2606DaMoistAvocado\n|t:|1781434628\n|gametype|singles\n|player|p1|Tuki VN|lance-gen1rb|1991\n|player|p2|DaMoistAvocado|steven|1958\n|gen|9\n|tier|[Gen 9] Random Battle\n|rated|\n|rule|Species Clause: Limit one of each Pok\u00e9mon\n|rule|HP Percentage Mod: HP is shown in percentages\n|rule|Sleep Clause Mod: Limit one foe put to sleep\n|rule|Illusion Level Mod: Illusion disguises the Pok\u00e9mon's true level\n|\n|t:|1781434628\n|teamsize|p1|6\n|teamsize|p2|6\n|start\n|switch|p1a: Crawdaunt|Crawdaunt, L84, F|243/243\n|switch|p2a: Grafaiai|Grafaiai, L86, M|249/249\n|turn|1\n|\n|t:|1781434638\n|move|p2a: Grafaiai|Gunk Shot|p1a: Crawdaunt\n|-damage|p1a: Crawdaunt|98/243\n|move|p1a: Crawdaunt|Dragon Dance|p1a: Crawdaunt\n|-boost|p1a: Crawdaunt|atk|1\n|-boost|p1a: Crawdaunt|spe|1\n|\n|upkeep\n|turn|2\n|\n|t:|1781434650\n|move|p2a: Grafaiai|U-turn|p1a: Crawdaunt\n|-supereffective|p1a: Crawdaunt\n|-damage|p1a: Crawdaunt|0 fnt\n|faint|p1a: Crawdaunt\n|\n|t:|1781434659\n|switch|p2a: Corviknight|Corviknight, L80, M|288/288|[from] U-turn\n|-ability|p2a: Corviknight|Pressure\n|\n|upkeep\n|\n|t:|1781434664\n|switch|p1a: Zebstrika|Zebstrika, L87, M|272/272\n|turn|3\n|inactive|Battle timer is ON: inactive players will automatically lose when time's up. (requested by Tuki VN)\n|inactive|DaMoistAvocado has 120 seconds left.\n|\n|t:|1781434766\n|switch|p2a: Crabominable|Crabominable, L90, F|321/321\n|move|p1a: Zebstrika|Overheat|p2a: Crabominable|[miss]\n|-miss|p1a: Zebstrika|p2a: Crabominable\n|\n|upkeep\n|turn|4\n|\n|t:|1781434775\n|move|p1a: Zebstrika|Volt Switch|p2a: Crabominable\n|-damage|p2a: Crabominable|259/321\n|-damage|p1a: Zebstrika|245/272|[from] item: Life Orb\n|\n|t:|1781434778\n|switch|p1a: Cresselia|Cresselia, L80, F|323/323|[from] Volt Switch\n|move|p2a: Crabominable|Earthquake|p1a: Cresselia\n|-immune|p1a: Cresselia|[from] ability: Levitate\n|\n|upkeep\n|turn|5\n|inactive|DaMoistAvocado has 120 seconds left.\n|inactive|DaMoistAvocado has 90 seconds left.\n|\n|t:|1781434855\n|move|p1a: Cresselia|Psyshock|p2a: Crabominable\n|-supereffective|p2a: Crabominable\n|-damage|p2a: Crabominable|121/321\n|move|p2a: Crabominable|Knock Off|p1a: Cresselia\n|-supereffective|p1a: Cresselia\n|-damage|p1a: Cresselia|137/323\n|-enditem|p1a: Cresselia|Leftovers|[from] move: Knock Off|[of] p2a: Crabominable\n|\n|upkeep\n|turn|6\n|\n|t:|1781434870\n|switch|p2a: Corviknight|Corviknight, L80, M|288/288\n|-ability|p2a: Corviknight|Pressure\n|move|p1a: Cresselia|Moonlight|p1a: Cresselia\n|-heal|p1a: Cresselia|298/323\n|\n|upkeep\n|turn|7\n|\n|t:|1781434881\n|move|p1a: Cresselia|Calm Mind|p1a: Cresselia\n|-boost|p1a: Cresselia|spa|1\n|-boost|p1a: Cresselia|spd|1\n|move|p2a: Corviknight|U-turn|p1a: Cresselia\n|-supereffective|p1a: Cresselia\n|-damage|p1a: Cresselia|216/323\n|\n|t:|1781434890\n|switch|p2a: Grafaiai|Grafaiai, L86, M|249/249|[from] U-turn\n|\n|upkeep\n|turn|8\n|\n|t:|1781434897\n|move|p2a: Grafaiai|Gunk Shot|p1a: Cresselia\n|-damage|p1a: Cresselia|96/323\n|move|p1a: Cresselia|Psyshock|p2a: Grafaiai\n|-supereffective|p2a: Grafaiai\n|-damage|p2a: Grafaiai|21/249\n|\n|upkeep\n|turn|9\n|\n|t:|1781434904\n|-terastallize|p1a: Cresselia|Poison\n|move|p2a: Grafaiai|Gunk Shot|p1a: Cresselia|[miss]\n|-miss|p2a: Grafaiai|p1a: Cresselia\n|move|p1a: Cresselia|Moonlight|p1a: Cresselia\n|-heal|p1a: Cresselia|257/323\n|\n|upkeep\n|turn|10\n|\n|t:|1781434910\n|move|p2a: Grafaiai|Super Fang|p1a: Cresselia\n|-damage|p1a: Cresselia|129/323\n|move|p1a: Cresselia|Thunderbolt|p2a: Grafaiai\n|-damage|p2a: Grafaiai|0 fnt\n|faint|p2a: Grafaiai\n|\n|upkeep\n|\n|t:|1781434921\n|switch|p2a: Regigigas|Regigigas, L84|322/322\n|-start|p2a: Regigigas|ability: Slow Start\n|turn|11\n|\n|t:|1781434944\n|move|p1a: Cresselia|Moonlight|p1a: Cresselia\n|-heal|p1a: Cresselia|290/323\n|move|p2a: Regigigas|Body Slam|p1a: Cresselia\n|-damage|p1a: Cresselia|226/323\n|\n|upkeep\n|turn|12\n|\n|t:|1781434952\n|move|p1a: Cresselia|Psyshock|p2a: Regigigas\n|-damage|p2a: Regigigas|244/322\n|move|p2a: Regigigas|Body Slam|p1a: Cresselia\n|-damage|p1a: Cresselia|166/323\n|\n|-heal|p2a: Regigigas|264/322|[from] item: Leftovers\n|upkeep\n|turn|13\n|\n|t:|1781434969\n|switch|p1a: Zebstrika|Zebstrika, L87, M|245/272\n|move|p2a: Regigigas|Body Slam|p1a: Zebstrika\n|-damage|p1a: Zebstrika|160/272\n|\n|-heal|p2a: Regigigas|284/322|[from] item: Leftovers\n|upkeep\n|turn|14\n|inactive|DaMoistAvocado has 90 seconds left.\n|\n|t:|1781435009\n|move|p1a: Zebstrika|Supercell Slam|p2a: Regigigas|[miss]\n|-miss|p1a: Zebstrika|p2a: Regigigas\n|-damage|p1a: Zebstrika|24/272|[from] supercellslam\n|move|p2a: Regigigas|Body Slam|p1a: Zebstrika\n|-damage|p1a: Zebstrika|0 fnt\n|faint|p1a: Zebstrika\n|\n|-heal|p2a: Regigigas|304/322|[from] item: Leftovers\n|upkeep\n|\n|t:|1781435015\n|switch|p1a: Vivillon|Vivillon-High Plains, L83, M|268/268\n|turn|15\n|inactive|DaMoistAvocado has 90 seconds left.\n|\n|t:|1781435026\n|move|p1a: Vivillon|Sleep Powder|p2a: Regigigas\n|-status|p2a: Regigigas|slp|[from] move: Sleep Powder\n|cant|p2a: Regigigas|slp\n|move|p2a: Regigigas|Sleep Talk|p2a: Regigigas\n|move|p2a: Regigigas|Knock Off|p1a: Vivillon|[from] move: Sleep Talk\n|-damage|p1a: Vivillon|194/268\n|-enditem|p1a: Vivillon|Heavy-Duty Boots|[from] move: Knock Off|[of] p2a: Regigigas\n|\n|-heal|p2a: Regigigas|322/322 slp|[from] item: Leftovers\n|-end|p2a: Regigigas|Slow Start\n|upkeep\n|turn|16\n|\n|t:|1781435035\n|cant|p2a: Regigigas|slp\n|move|p2a: Regigigas|Sleep Talk|p2a: Regigigas\n|move|p2a: Regigigas|Rest||[from] move: Sleep Talk|[still]\n|-fail|p2a: Regigigas\n|move|p1a: Vivillon|Quiver Dance|p1a: Vivillon\n|-boost|p1a: Vivillon|spa|1\n|-boost|p1a: Vivillon|spd|1\n|-boost|p1a: Vivillon|spe|1\n|\n|upkeep\n|turn|17\n|\n|t:|1781435040\n|move|p1a: Vivillon|Quiver Dance|p1a: Vivillon\n|-boost|p1a: Vivillon|spa|1\n|-boost|p1a: Vivillon|spd|1\n|-boost|p1a: Vivillon|spe|1\n|cant|p2a: Regigigas|slp\n|\n|upkeep\n|turn|18\n|\n|t:|1781435044\n|move|p1a: Vivillon|Hurricane|p2a: Regigigas\n|-damage|p2a: Regigigas|135/322 slp\n|-curestatus|p2a: Regigigas|slp|[msg]\n|move|p2a: Regigigas|Body Slam|p1a: Vivillon\n|-damage|p1a: Vivillon|0 fnt\n|faint|p1a: Vivillon\n|\n|-heal|p2a: Regigigas|155/322|[from] item: Leftovers\n|upkeep\n|\n|t:|1781435057\n|switch|p1a: Gouging Fire|Gouging Fire, L74|277/277\n|turn|19\n|\n|t:|1781435060\n|move|p2a: Regigigas|Body Slam|p1a: Gouging Fire\n|-damage|p1a: Gouging Fire|148/277\n|move|p1a: Gouging Fire|Dragon Dance|p1a: Gouging Fire\n|-boost|p1a: Gouging Fire|atk|1\n|-boost|p1a: Gouging Fire|spe|1\n|\n|-heal|p2a: Regigigas|175/322|[from] item: Leftovers\n|upkeep\n|turn|20\n|\n|t:|1781435070\n|move|p1a: Gouging Fire|Outrage|p2a: Regigigas\n|-damage|p2a: Regigigas|21/322\n|move|p2a: Regigigas|Body Slam|p1a: Gouging Fire\n|-damage|p1a: Gouging Fire|27/277\n|\n|-heal|p2a: Regigigas|41/322|[from] item: Leftovers\n|upkeep\n|turn|21\n|\n|t:|1781435089\n|switch|p2a: Corviknight|Corviknight, L80, M|288/288\n|-ability|p2a: Corviknight|Pressure\n|move|p1a: Gouging Fire|Outrage|p2a: Corviknight|[from] lockedmove\n|-resisted|p2a: Corviknight\n|-damage|p2a: Corviknight|213/288\n|-damage|p1a: Gouging Fire|0 fnt|[from] item: Rocky Helmet|[of] p2a: Corviknight\n|faint|p1a: Gouging Fire\n|-end|p1a: Gouging Fire|Protosynthesis|[silent]\n|\n|upkeep\n|\n|t:|1781435093\n|switch|p1a: Cresselia|Cresselia, L80, F, tera:Poison|166/323\n|turn|22\n|inactive|DaMoistAvocado has 120 seconds left.\n|inactive|DaMoistAvocado has 90 seconds left.\n|\n|t:|1781435174\n|move|p1a: Cresselia|Calm Mind|p1a: Cresselia\n|-boost|p1a: Cresselia|spa|1\n|-boost|p1a: Cresselia|spd|1\n|move|p2a: Corviknight|Brave Bird|p1a: Cresselia\n|-damage|p1a: Cresselia|72/323\n|-damage|p2a: Corviknight|182/288|[from] Recoil\n|\n|upkeep\n|turn|23\n|\n|t:|1781435182\n|move|p1a: Cresselia|Moonlight|p1a: Cresselia\n|-heal|p1a: Cresselia|233/323\n|move|p2a: Corviknight|Brave Bird|p1a: Cresselia\n|-damage|p1a: Cresselia|131/323\n|-damage|p2a: Corviknight|148/288|[from] Recoil\n|\n|upkeep\n|turn|24\n|\n|t:|1781435195\n|move|p1a: Cresselia|Moonlight|p1a: Cresselia\n|-heal|p1a: Cresselia|292/323\n|move|p2a: Corviknight|Brave Bird|p1a: Cresselia\n|-damage|p1a: Cresselia|192/323\n|-damage|p2a: Corviknight|115/288|[from] Recoil\n|\n|upkeep\n|turn|25\n|\n|t:|1781435198\n|move|p1a: Cresselia|Calm Mind|p1a: Cresselia\n|-boost|p1a: Cresselia|spa|1\n|-boost|p1a: Cresselia|spd|1\n|move|p2a: Corviknight|Roost|p2a: Corviknight\n|-heal|p2a: Corviknight|259/288\n|-singleturn|p2a: Corviknight|move: Roost\n|\n|upkeep\n|turn|26\n|inactive|DaMoistAvocado has 90 seconds left.\n|\n|t:|1781435208\n|-terastallize|p2a: Corviknight|Dragon\n|move|p1a: Cresselia|Moonlight|p1a: Cresselia\n|-heal|p1a: Cresselia|323/323\n|move|p2a: Corviknight|Brave Bird|p1a: Cresselia\n|-damage|p1a: Cresselia|220/323\n|-damage|p2a: Corviknight|225/288|[from] Recoil\n|\n|upkeep\n|turn|27\n|\n|t:|1781435213\n|move|p1a: Cresselia|Calm Mind|p1a: Cresselia\n|-boost|p1a: Cresselia|spa|1\n|-boost|p1a: Cresselia|spd|1\n|move|p2a: Corviknight|Brave Bird|p1a: Cresselia\n|-damage|p1a: Cresselia|126/323\n|-damage|p2a: Corviknight|194/288|[from] Recoil\n|\n|upkeep\n|turn|28\n|\n|t:|1781435217\n|move|p1a: Cresselia|Moonlight|p1a: Cresselia\n|-heal|p1a: Cresselia|287/323\n|move|p2a: Corviknight|Roost|p2a: Corviknight\n|-heal|p2a: Corviknight|288/288\n|\n|upkeep\n|turn|29\n|\n|t:|1781435221\n|move|p1a: Cresselia|Calm Mind|p1a: Cresselia\n|-boost|p1a: Cresselia|spa|1\n|-boost|p1a: Cresselia|spd|1\n|move|p2a: Corviknight|Brave Bird|p1a: Cresselia\n|-damage|p1a: Cresselia|194/323\n|-damage|p2a: Corviknight|257/288|[from] Recoil\n|\n|upkeep\n|turn|30\n|\n|t:|1781435228\n|move|p1a: Cresselia|Psyshock|p2a: Corviknight\n|-damage|p2a: Corviknight|91/288\n|move|p2a: Corviknight|Roost|p2a: Corviknight\n|-heal|p2a: Corviknight|235/288\n|\n|upkeep\n|turn|31\n|\n|t:|1781435233\n|move|p1a: Cresselia|Psyshock|p2a: Corviknight\n|-damage|p2a: Corviknight|73/288\n|move|p2a: Corviknight|Brave Bird|p1a: Cresselia\n|-damage|p1a: Cresselia|95/323\n|-damage|p2a: Corviknight|40/288|[from] Recoil\n|\n|upkeep\n|turn|32\n|\n|t:|1781435236\n|move|p1a: Cresselia|Moonlight|p1a: Cresselia\n|-heal|p1a: Cresselia|256/323\n|move|p2a: Corviknight|Brave Bird|p1a: Cresselia\n|-damage|p1a: Cresselia|153/323\n|-damage|p2a: Corviknight|6/288|[from] Recoil\n|\n|upkeep\n|turn|33\n|\n|t:|1781435241\n|move|p1a: Cresselia|Thunderbolt|p2a: Corviknight\n|-resisted|p2a: Corviknight\n|-damage|p2a: Corviknight|0 fnt\n|faint|p2a: Corviknight\n|\n|upkeep\n|inactive|DaMoistAvocado has 120 seconds left.\n|\n|t:|1781435300\n|switch|p2a: Magmortar|Magmortar, L88, F|275/275\n|turn|34\n|\n|t:|1781435308\n|move|p2a: Magmortar|Knock Off|p1a: Cresselia\n|-damage|p1a: Cresselia|106/323\n|move|p1a: Cresselia|Psyshock|p2a: Magmortar\n|-damage|p2a: Magmortar|52/275\n|\n|upkeep\n|turn|35\n|\n|t:|1781435312\n|move|p2a: Magmortar|Fire Blast|p1a: Cresselia|[miss]\n|-miss|p2a: Magmortar|p1a: Cresselia\n|move|p1a: Cresselia|Psyshock|p2a: Magmortar\n|-damage|p2a: Magmortar|0 fnt\n|faint|p2a: Magmortar\n|\n|upkeep\n|\n|t:|1781435321\n|switch|p2a: Florges|Florges-Blue, L85, F|271/271\n|turn|36\n|\n|t:|1781435324\n|move|p1a: Cresselia|Psyshock|p2a: Florges\n|-damage|p2a: Florges|54/271\n|move|p2a: Florges|Moonblast|p1a: Cresselia\n|-resisted|p1a: Cresselia\n|-damage|p1a: Cresselia|89/323\n|\n|-heal|p2a: Florges|70/271|[from] item: Leftovers\n|upkeep\n|turn|37\n|-message|DaMoistAvocado forfeited.\n|\n|win|Tuki VN\n", "uploadtime": 1781434630, "views": 3, "formatid": "gen9randombattle", "rating": null, "private": 0, "password": null}