{"id": "gen9randombattle-2631730273", "format": "[Gen 9] Random Battle", "players": ["asd1113", "arukanu"], "log": "|j|\u2606asd1113\n|j|\u2606arukanu\n|t:|1781430045\n|gametype|singles\n|player|p1|asd1113|102|1900\n|player|p2|arukanu|caitlin|1981\n|gen|9\n|tier|[Gen 9] Random Battle\n|rated|\n|rule|Species Clause: Limit one of each Pok\u00e9mon\n|rule|HP Percentage Mod: HP is shown in percentages\n|rule|Sleep Clause Mod: Limit one foe put to sleep\n|rule|Illusion Level Mod: Illusion disguises the Pok\u00e9mon's true level\n|\n|t:|1781430045\n|teamsize|p1|6\n|teamsize|p2|6\n|start\n|switch|p1a: Regirock|Regirock, L83|268/268\n|switch|p2a: Reshiram|Reshiram, L76|277/277\n|-ability|p2a: Reshiram|Turboblaze\n|turn|1\n|inactive|Battle timer is ON: inactive players will automatically lose when time's up. (requested by arukanu)\n|\n|t:|1781430063\n|move|p2a: Reshiram|Earth Power|p1a: Regirock\n|-supereffective|p1a: Regirock\n|-damage|p1a: Regirock|124/268\n|move|p1a: Regirock|Body Press|p2a: Reshiram\n|-damage|p2a: Reshiram|173/277\n|\n|upkeep\n|turn|2\n|\n|t:|1781430080\n|move|p2a: Reshiram|Blue Flare|p1a: Regirock\n|-resisted|p1a: Regirock\n|-damage|p1a: Regirock|55/268\n|move|p1a: Regirock|Stone Edge|p2a: Reshiram\n|-supereffective|p2a: Reshiram\n|-damage|p2a: Reshiram|0 fnt\n|faint|p2a: Reshiram\n|\n|upkeep\n|\n|t:|1781430099\n|switch|p2a: Wyrdeer|Wyrdeer, L87, M|321/321\n|-ability|p2a: Wyrdeer|Intimidate|boost\n|-fail|p1a: Regirock|unboost|[from] ability: Clear Body|[of] p1a: Regirock\n|turn|3\n|\n|t:|1781430109\n|move|p2a: Wyrdeer|Psychic Noise|p1a: Regirock\n|-damage|p1a: Regirock|0 fnt\n|faint|p1a: Regirock\n|\n|upkeep\n|\n|t:|1781430137\n|switch|p1a: Leafeon|Leafeon, L88, M|258/258\n|turn|4\n|\n|t:|1781430145\n|switch|p2a: Overqwil|Overqwil, L82, F|274/274\n|-ability|p2a: Overqwil|Intimidate|boost\n|-unboost|p1a: Leafeon|atk|1\n|move|p1a: Leafeon|Swords Dance|p1a: Leafeon\n|-boost|p1a: Leafeon|atk|2\n|\n|upkeep\n|turn|5\n|\n|t:|1781430157\n|move|p1a: Leafeon|Swords Dance|p1a: Leafeon\n|-boost|p1a: Leafeon|atk|2\n|move|p2a: Overqwil|Scale Shot|p1a: Leafeon\n|-damage|p1a: Leafeon|243/258\n|-damage|p1a: Leafeon|228/258\n|-damage|p1a: Leafeon|214/258\n|-damage|p1a: Leafeon|200/258\n|-damage|p1a: Leafeon|186/258\n|-hitcount|p1a: Leafeon|5\n|-unboost|p2a: Overqwil|def|1\n|-boost|p2a: Overqwil|spe|1\n|\n|upkeep\n|turn|6\n|\n|t:|1781430170\n|-terastallize|p1a: Leafeon|Dark\n|move|p2a: Overqwil|Gunk Shot|p1a: Leafeon|[miss]\n|-miss|p2a: Overqwil|p1a: Leafeon\n|move|p1a: Leafeon|Double-Edge|p2a: Overqwil\n|-damage|p2a: Overqwil|0 fnt\n|faint|p2a: Overqwil\n|-damage|p1a: Leafeon|96/258|[from] Recoil\n|-damage|p1a: Leafeon|71/258|[from] item: Life Orb\n|\n|upkeep\n|\n|t:|1781430175\n|switch|p2a: Sableye|Sableye, L88, F|231/231\n|turn|7\n|\n|t:|1781430184\n|move|p1a: Leafeon|Knock Off|p2a: Sableye\n|-damage|p2a: Sableye|0 fnt\n|-enditem|p2a: Sableye|Leftovers|[from] move: Knock Off|[of] p1a: Leafeon\n|faint|p2a: Sableye\n|-damage|p1a: Leafeon|46/258|[from] item: Life Orb\n|\n|upkeep\n|\n|t:|1781430193\n|switch|p2a: Ogerpon|Ogerpon-Cornerstone, L76, F|247/247\n|turn|8\n|\n|t:|1781430199\n|move|p1a: Leafeon|Leaf Blade|p2a: Ogerpon\n|-ability|p2a: Ogerpon|Sturdy\n|-damage|p2a: Ogerpon|1/247\n|-damage|p1a: Leafeon|21/258|[from] item: Life Orb\n|move|p2a: Ogerpon|Ivy Cudgel|p1a: Leafeon|[anim] Ivy Cudgel Rock\n|-damage|p1a: Leafeon|0 fnt\n|faint|p1a: Leafeon\n|\n|upkeep\n|\n|t:|1781430210\n|switch|p1a: Ninetales|Ninetales-Alola, L78, M|242/242\n|-weather|Snowscape|[from] ability: Snow Warning|[of] p1a: Ninetales\n|turn|9\n|\n|t:|1781430215\n|move|p1a: Ninetales|Moonblast|p2a: Ogerpon\n|-damage|p2a: Ogerpon|0 fnt\n|faint|p2a: Ogerpon\n|\n|-weather|Snowscape|[upkeep]\n|upkeep\n|\n|t:|1781430218\n|switch|p2a: Wyrdeer|Wyrdeer, L87, M|321/321\n|-ability|p2a: Wyrdeer|Intimidate|boost\n|-unboost|p1a: Ninetales|atk|1\n|turn|10\n|\n|t:|1781430232\n|move|p1a: Ninetales|Aurora Veil|p1a: Ninetales\n|-sidestart|p1: asd1113|move: Aurora Veil\n|move|p2a: Wyrdeer|Thunder Wave|p1a: Ninetales\n|-status|p1a: Ninetales|par\n|\n|-weather|Snowscape|[upkeep]\n|upkeep\n|turn|11\n|\n|t:|1781430242\n|move|p2a: Wyrdeer|Body Slam|p1a: Ninetales\n|-damage|p1a: Ninetales|204/242 par\n|move|p1a: Ninetales|Nasty Plot|p1a: Ninetales\n|-boost|p1a: Ninetales|spa|2\n|\n|-weather|Snowscape|[upkeep]\n|upkeep\n|turn|12\n|\n|t:|1781430253\n|move|p2a: Wyrdeer|Psychic Noise|p1a: Ninetales\n|-damage|p1a: Ninetales|163/242 par\n|-start|p1a: Ninetales|move: Heal Block\n|move|p1a: Ninetales|Blizzard|p2a: Wyrdeer\n|-damage|p2a: Wyrdeer|144/321\n|\n|-weather|Snowscape|[upkeep]\n|-heal|p2a: Wyrdeer|164/321|[from] item: Leftovers\n|upkeep\n|turn|13\n|\n|t:|1781430263\n|move|p2a: Wyrdeer|Body Slam|p1a: Ninetales\n|-damage|p1a: Ninetales|119/242 par\n|move|p1a: Ninetales|Nasty Plot|p1a: Ninetales\n|-boost|p1a: Ninetales|spa|2\n|\n|-weather|none\n|-heal|p2a: Wyrdeer|184/321|[from] item: Leftovers\n|-end|p1a: Ninetales|move: Heal Block\n|upkeep\n|turn|14\n|\n|t:|1781430268\n|move|p2a: Wyrdeer|Body Slam|p1a: Ninetales\n|-damage|p1a: Ninetales|58/242 par\n|move|p1a: Ninetales|Moonblast|p2a: Wyrdeer\n|-damage|p2a: Wyrdeer|0 fnt\n|faint|p2a: Wyrdeer\n|\n|upkeep\n|\n|t:|1781430273\n|switch|p2a: Phione|Phione, L91|293/293\n|turn|15\n|\n|t:|1781430282\n|move|p2a: Phione|Take Heart|p2a: Phione\n|-boost|p2a: Phione|spa|1\n|-boost|p2a: Phione|spd|1\n|move|p1a: Ninetales|Moonblast|p2a: Phione\n|-damage|p2a: Phione|136/293\n|\n|-heal|p2a: Phione|154/293|[from] item: Leftovers\n|upkeep\n|turn|16\n|\n|t:|1781430288\n|move|p2a: Phione|Take Heart|p2a: Phione\n|-boost|p2a: Phione|spa|1\n|-boost|p2a: Phione|spd|1\n|move|p1a: Ninetales|Moonblast|p2a: Phione\n|-damage|p2a: Phione|33/293\n|\n|-heal|p2a: Phione|51/293|[from] item: Leftovers\n|upkeep\n|turn|17\n|\n|t:|1781430295\n|switch|p1a: Brambleghast|Brambleghast, L88, F|240/240\n|move|p2a: Phione|Rest|p2a: Phione\n|-status|p2a: Phione|slp|[from] move: Rest\n|-heal|p2a: Phione|293/293 slp|[silent]\n|\n|-sideend|p1: asd1113|move: Aurora Veil\n|upkeep\n|turn|18\n|\n|t:|1781430300\n|-terastallize|p2a: Phione|Dragon\n|move|p1a: Brambleghast|Power Whip|p2a: Phione\n|-resisted|p2a: Phione\n|-damage|p2a: Phione|209/293 slp\n|cant|p2a: Phione|slp\n|move|p2a: Phione|Sleep Talk|p2a: Phione\n|move|p2a: Phione|Scald|p1a: Brambleghast|[from] move: Sleep Talk\n|-resisted|p1a: Brambleghast\n|-damage|p1a: Brambleghast|147/240\n|-status|p1a: Brambleghast|brn\n|\n|-heal|p1a: Brambleghast|162/240 brn|[from] item: Leftovers\n|-heal|p2a: Phione|227/293 slp|[from] item: Leftovers\n|-damage|p1a: Brambleghast|147/240 brn|[from] brn\n|upkeep\n|turn|19\n|\n|t:|1781430313\n|switch|p1a: Ninetales|Ninetales-Alola, L78, M|58/242 par\n|-weather|Snowscape|[from] ability: Snow Warning|[of] p1a: Ninetales\n|cant|p2a: Phione|slp\n|move|p2a: Phione|Sleep Talk|p2a: Phione\n|move|p2a: Phione|Take Heart|p2a: Phione|[from] move: Sleep Talk\n|-boost|p2a: Phione|spa|1\n|-boost|p2a: Phione|spd|1\n|-curestatus|p2a: Phione|slp|[msg]\n|\n|-weather|Snowscape|[upkeep]\n|-heal|p2a: Phione|245/293|[from] item: Leftovers\n|upkeep\n|turn|20\n|\n|t:|1781430328\n|move|p2a: Phione|Scald|p1a: Ninetales\n|-damage|p1a: Ninetales|0 fnt\n|faint|p1a: Ninetales\n|\n|-weather|Snowscape|[upkeep]\n|-heal|p2a: Phione|263/293|[from] item: Leftovers\n|upkeep\n|\n|t:|1781430332\n|switch|p1a: Mewtwo|Mewtwo, L72|272/272\n|-ability|p1a: Mewtwo|Unnerve\n|turn|21\n|\n|t:|1781430336\n|move|p1a: Mewtwo|Psystrike|p2a: Phione\n|-damage|p2a: Phione|123/293\n|-damage|p1a: Mewtwo|245/272|[from] item: Life Orb\n|move|p2a: Phione|Scald|p1a: Mewtwo\n|-damage|p1a: Mewtwo|17/272\n|\n|-weather|Snowscape|[upkeep]\n|-heal|p2a: Phione|141/293|[from] item: Leftovers\n|upkeep\n|turn|22\n|\n|t:|1781430347\n|move|p1a: Mewtwo|Psystrike|p2a: Phione\n|-damage|p2a: Phione|3/293\n|-damage|p1a: Mewtwo|0 fnt|[from] item: Life Orb\n|faint|p1a: Mewtwo\n|move|p2a: Phione|Rest|p2a: Phione\n|-status|p2a: Phione|slp|[from] move: Rest\n|-heal|p2a: Phione|293/293 slp|[silent]\n|\n|-weather|Snowscape|[upkeep]\n|upkeep\n|\n|t:|1781430352\n|switch|p1a: Sandaconda|Sandaconda, L84, F|258/258\n|turn|23\n|\n|t:|1781430355\n|cant|p2a: Phione|slp\n|move|p2a: Phione|Sleep Talk|p2a: Phione\n|move|p2a: Phione|Rest||[from] move: Sleep Talk|[still]\n|-fail|p2a: Phione\n|move|p1a: Sandaconda|Scale Shot|p2a: Phione\n|-supereffective|p2a: Phione\n|-damage|p2a: Phione|253/293 slp\n|-supereffective|p2a: Phione\n|-damage|p2a: Phione|215/293 slp\n|-supereffective|p2a: Phione\n|-damage|p2a: Phione|177/293 slp\n|-supereffective|p2a: Phione\n|-damage|p2a: Phione|137/293 slp\n|-hitcount|p2a: Phione|4\n|-unboost|p1a: Sandaconda|def|1\n|-boost|p1a: Sandaconda|spe|1\n|\n|-weather|none\n|-heal|p2a: Phione|155/293 slp|[from] item: Leftovers\n|upkeep\n|turn|24\n|\n|t:|1781430363\n|move|p1a: Sandaconda|Scale Shot|p2a: Phione\n|-supereffective|p2a: Phione\n|-damage|p2a: Phione|113/293 slp\n|-supereffective|p2a: Phione\n|-crit|p2a: Phione\n|-damage|p2a: Phione|55/293 slp\n|-supereffective|p2a: Phione\n|-damage|p2a: Phione|13/293 slp\n|-supereffective|p2a: Phione\n|-damage|p2a: Phione|0 fnt\n|faint|p2a: Phione\n|-hitcount|p2: Phione|4\n|\n|win|asd1113\n", "uploadtime": 1781430047, "views": 6, "formatid": "gen9randombattle", "rating": null, "private": 0, "password": null}