{"id": "gen9randombattle-2631981308", "format": "[Gen 9] Random Battle", "players": ["scampy789", "Elpapi18"], "log": "|j|\u2606scampy789\n|j|\u2606Elpapi18\n|t:|1781462425\n|gametype|singles\n|player|p1|scampy789|170|2060\n|player|p2|Elpapi18|101|2070\n|gen|9\n|tier|[Gen 9] Random Battle\n|rated|\n|rule|Species Clause: Limit one of each Pok\u00e9mon\n|rule|HP Percentage Mod: HP is shown in percentages\n|rule|Sleep Clause Mod: Limit one foe put to sleep\n|rule|Illusion Level Mod: Illusion disguises the Pok\u00e9mon's true level\n|\n|t:|1781462425\n|teamsize|p1|6\n|teamsize|p2|6\n|start\n|switch|p1a: Enamorus|Enamorus, L79, F|247/247\n|switch|p2a: Magnezone|Magnezone, L85|258/258\n|turn|1\n|inactive|Battle timer is ON: inactive players will automatically lose when time's up. (requested by scampy789)\n|inactive|scampy789 has 120 seconds left.\n|\n|t:|1781462459\n|switch|p1a: Spidops|Spidops, L96, F|271/271\n|move|p2a: Magnezone|Flash Cannon|p1a: Spidops\n|-damage|p1a: Spidops|180/271\n|\n|upkeep\n|turn|2\n|\n|t:|1781462470\n|move|p2a: Magnezone|Discharge|p1a: Spidops\n|-damage|p1a: Spidops|89/271\n|move|p1a: Spidops|Sticky Web|p2a: Magnezone\n|-sidestart|p2: Elpapi18|move: Sticky Web\n|\n|upkeep\n|turn|3\n|\n|t:|1781462477\n|switch|p1a: Blissey|Blissey, L85, F|572/572\n|move|p2a: Magnezone|Flash Cannon|p1a: Blissey\n|-damage|p1a: Blissey|496/572\n|\n|-heal|p1a: Blissey|531/572|[from] item: Leftovers\n|upkeep\n|turn|4\n|\n|t:|1781462492\n|switch|p1a: Spidops|Spidops, L96, F|89/271\n|move|p2a: Magnezone|Volt Switch|p1a: Spidops\n|-damage|p1a: Spidops|0 fnt\n|faint|p1a: Spidops\n|\n|t:|1781462506\n|switch|p2a: Conkeldurr|Conkeldurr, L80, F|299/299|[from] Volt Switch\n|-activate|p2a: Conkeldurr|move: Sticky Web\n|-unboost|p2a: Conkeldurr|spe|1\n|\n|-status|p2a: Conkeldurr|brn|[from] item: Flame Orb\n|upkeep\n|\n|t:|1781462516\n|switch|p1a: Enamorus|Enamorus, L79, F|247/247\n|turn|5\n|\n|t:|1781462529\n|-terastallize|p2a: Conkeldurr|Normal\n|move|p1a: Enamorus|Superpower|p2a: Conkeldurr\n|-supereffective|p2a: Conkeldurr\n|-damage|p2a: Conkeldurr|129/299 brn\n|-boost|p1a: Enamorus|atk|1\n|-boost|p1a: Enamorus|def|1\n|move|p2a: Conkeldurr|Facade|p1a: Enamorus\n|-damage|p1a: Enamorus|27/247\n|\n|-heal|p1a: Enamorus|42/247|[from] item: Leftovers\n|-damage|p2a: Conkeldurr|111/299 brn|[from] brn\n|upkeep\n|turn|6\n|\n|t:|1781462544\n|move|p2a: Conkeldurr|Mach Punch|p1a: Enamorus\n|-resisted|p1a: Enamorus\n|-damage|p1a: Enamorus|24/247\n|move|p1a: Enamorus|Superpower|p2a: Conkeldurr\n|-supereffective|p2a: Conkeldurr\n|-damage|p2a: Conkeldurr|0 fnt\n|-boost|p1a: Enamorus|atk|1\n|-boost|p1a: Enamorus|def|1\n|faint|p2a: Conkeldurr\n|\n|-heal|p1a: Enamorus|39/247|[from] item: Leftovers\n|upkeep\n|inactive|Elpapi18 has 120 seconds left.\n|\n|t:|1781462603\n|switch|p2a: Dipplin|Dipplin, L88, F|284/284\n|-activate|p2a: Dipplin|move: Sticky Web\n|-unboost|p2a: Dipplin|spe|1\n|turn|7\n|\n|t:|1781462611\n|move|p1a: Enamorus|Play Rough|p2a: Dipplin\n|-supereffective|p2a: Dipplin\n|-damage|p2a: Dipplin|60/284\n|-unboost|p2a: Dipplin|atk|1\n|move|p2a: Dipplin|Giga Drain|p1a: Enamorus\n|-resisted|p1a: Enamorus\n|-damage|p1a: Enamorus|0 fnt\n|-heal|p2a: Dipplin|80/284|[from] drain|[of] p1a: Enamorus\n|faint|p1a: Enamorus\n|\n|upkeep\n|\n|t:|1781462629\n|switch|p1a: Overqwil|Overqwil, L82, M|274/274\n|-ability|p1a: Overqwil|Intimidate|boost\n|-unboost|p2a: Dipplin|atk|1\n|turn|8\n|\n|t:|1781462637\n|move|p1a: Overqwil|Swords Dance|p1a: Overqwil\n|-boost|p1a: Overqwil|atk|2\n|move|p2a: Dipplin|Dragon Pulse|p1a: Overqwil\n|-damage|p1a: Overqwil|141/274\n|\n|upkeep\n|turn|9\n|\n|t:|1781462644\n|move|p1a: Overqwil|Crunch|p2a: Dipplin\n|-damage|p2a: Dipplin|0 fnt\n|faint|p2a: Dipplin\n|\n|upkeep\n|l|\u2606Elpapi18\n|inactive|Elpapi18 disconnected and has a minute to reconnect!\n|player|p2|\n|j|\u2606Elpapi18\n|inactive|Elpapi18 reconnected and has 110 seconds left.\n|player|p2|Elpapi18|101|\n|\n|t:|1781462675\n|switch|p2a: Magnezone|Magnezone, L85|258/258\n|-activate|p2a: Magnezone|move: Sticky Web\n|-unboost|p2a: Magnezone|spe|1\n|turn|10\n|\n|t:|1781462687\n|move|p1a: Overqwil|Crunch|p2a: Magnezone\n|-damage|p2a: Magnezone|114/258\n|move|p2a: Magnezone|Discharge|p1a: Overqwil\n|-damage|p1a: Overqwil|9/274\n|\n|upkeep\n|turn|11\n|\n|t:|1781462695\n|move|p1a: Overqwil|Crunch|p2a: Magnezone\n|-damage|p2a: Magnezone|0 fnt\n|faint|p2a: Magnezone\n|\n|upkeep\n|\n|t:|1781462700\n|switch|p2a: Bisharp|Bisharp, L79, M|232/232\n|-activate|p2a: Bisharp|move: Sticky Web\n|-unboost|p2a: Bisharp|spe|1\n|-ability|p2a: Bisharp|Defiant|boost\n|-boost|p2a: Bisharp|atk|2\n|turn|12\n|inactive|Elpapi18 has 120 seconds left.\n|\n|t:|1781462714\n|move|p2a: Bisharp|Sucker Punch|p1a: Overqwil\n|-resisted|p1a: Overqwil\n|-damage|p1a: Overqwil|0 fnt\n|faint|p1a: Overqwil\n|\n|upkeep\n|\n|t:|1781462721\n|switch|p1a: Regirock|Regirock, L83|268/268\n|turn|13\n|\n|t:|1781462729\n|-terastallize|p1a: Regirock|Fighting\n|move|p1a: Regirock|Body Press|p2a: Bisharp\n|-supereffective|p2a: Bisharp\n|-damage|p2a: Bisharp|0 fnt\n|faint|p2a: Bisharp\n|\n|upkeep\n|-message|Elpapi18 forfeited.\n|\n|win|scampy789\n", "uploadtime": 1781462428, "views": 6, "formatid": "gen9randombattle", "rating": null, "private": 0, "password": null}