{"id": "gen9randombattle-2631986756", "format": "[Gen 9] Random Battle", "players": ["SoMuchSpaghetti", "Vernoss"], "log": "|j|\u2606SoMuchSpaghetti\n|j|\u2606Vernoss\n|t:|1781463022\n|gametype|singles\n|player|p1|SoMuchSpaghetti|265|1419\n|player|p2|Vernoss|101|1462\n|gen|9\n|tier|[Gen 9] Random Battle\n|rated|\n|rule|Species Clause: Limit one of each Pok\u00e9mon\n|rule|HP Percentage Mod: HP is shown in percentages\n|rule|Sleep Clause Mod: Limit one foe put to sleep\n|rule|Illusion Level Mod: Illusion disguises the Pok\u00e9mon's true level\n|\n|t:|1781463022\n|teamsize|p1|6\n|teamsize|p2|6\n|start\n|switch|p1a: Revavroom|Revavroom, L79, M|256/256\n|switch|p2a: Trevenant|Trevenant, L89, F|296/296\n|turn|1\n|inactive|Battle timer is ON: inactive players will automatically lose when time's up. (requested by SoMuchSpaghetti)\n|inactive|Vernoss also wants the timer to be on.\n|c|\u2606SoMuchSpaghetti|I stg if it's the will o wisp set I will take a dump on the floor and start crying\n|\n|t:|1781463046\n|move|p1a: Revavroom|Shift Gear|p1a: Revavroom\n|-boost|p1a: Revavroom|spe|2\n|-boost|p1a: Revavroom|atk|1\n|move|p2a: Trevenant|Poltergeist|p1a: Revavroom\n|-activate|p1a: Revavroom|move: Poltergeist|Life Orb\n|-damage|p1a: Revavroom|100/256\n|\n|upkeep\n|turn|2\n|\n|t:|1781463059\n|move|p1a: Revavroom|Gunk Shot|p2a: Trevenant\n|-damage|p2a: Trevenant|35/296\n|-status|p2a: Trevenant|psn\n|-enditem|p2a: Trevenant|Sitrus Berry|[eat]\n|-heal|p2a: Trevenant|109/296 psn|[from] item: Sitrus Berry\n|-damage|p1a: Revavroom|75/256|[from] item: Life Orb\n|move|p2a: Trevenant|Poltergeist|p1a: Revavroom\n|-activate|p1a: Revavroom|move: Poltergeist|Life Orb\n|-damage|p1a: Revavroom|0 fnt\n|faint|p1a: Revavroom\n|\n|-damage|p2a: Trevenant|72/296 psn|[from] psn\n|-item|p2a: Trevenant|Sitrus Berry|[from] ability: Harvest\n|upkeep\n|-enditem|p2a: Trevenant|Sitrus Berry|[eat]\n|-heal|p2a: Trevenant|146/296 psn|[from] item: Sitrus Berry\n|\n|t:|1781463078\n|switch|p1a: Meowscarada|Meowscarada, L78, F|247/247\n|turn|3\n|\n|t:|1781463087\n|move|p2a: Trevenant|Protect|p2a: Trevenant\n|-singleturn|p2a: Trevenant|Protect\n|move|p1a: Meowscarada|Toxic Spikes|p2a: Trevenant\n|-start|p1a: Meowscarada|typechange|Poison|[from] ability: Protean\n|-sidestart|p2: Vernoss|move: Toxic Spikes\n|\n|-damage|p2a: Trevenant|109/296 psn|[from] psn\n|upkeep\n|turn|4\n|\n|t:|1781463111\n|switch|p2a: Komala|Komala, L88, M|258/258\n|-ability|p2a: Komala|Comatose\n|move|p1a: Meowscarada|Knock Off|p2a: Komala\n|-damage|p2a: Komala|183/258\n|-enditem|p2a: Komala|Assault Vest|[from] move: Knock Off|[of] p1a: Meowscarada\n|\n|upkeep\n|turn|5\n|\n|t:|1781463126\n|move|p1a: Meowscarada|U-turn|p2a: Komala\n|-damage|p2a: Komala|124/258\n|\n|t:|1781463130\n|switch|p1a: Hippowdon|Hippowdon, L82, M|311/311|[from] U-turn\n|-weather|Sandstorm|[from] ability: Sand Stream|[of] p1a: Hippowdon\n|move|p2a: Komala|Rapid Spin|p1a: Hippowdon\n|-damage|p1a: Hippowdon|253/311\n|-boost|p2a: Komala|spe|1\n|-sideend|p2: Vernoss|Toxic Spikes|[from] move: Rapid Spin|[of] p2a: Komala\n|\n|-weather|Sandstorm|[upkeep]\n|-damage|p2a: Komala|108/258|[from] Sandstorm\n|-heal|p1a: Hippowdon|272/311|[from] item: Leftovers\n|upkeep\n|turn|6\n|\n|t:|1781463150\n|move|p2a: Komala|Knock Off|p1a: Hippowdon\n|-crit|p1a: Hippowdon\n|-damage|p1a: Hippowdon|159/311\n|-enditem|p1a: Hippowdon|Leftovers|[from] move: Knock Off|[of] p2a: Komala\n|move|p1a: Hippowdon|Stone Edge|p2a: Komala|[miss]\n|-miss|p1a: Hippowdon|p2a: Komala\n|\n|-weather|Sandstorm|[upkeep]\n|-damage|p2a: Komala|92/258|[from] Sandstorm\n|upkeep\n|turn|7\n|inactive|Vernoss has 120 seconds left.\n|\n|t:|1781463176\n|move|p2a: Komala|U-turn|p1a: Hippowdon\n|-damage|p1a: Hippowdon|111/311\n|\n|t:|1781463179\n|switch|p2a: Trevenant|Trevenant, L89, F|109/296 psn|[from] U-turn\n|move|p1a: Hippowdon|Slack Off|p1a: Hippowdon\n|-heal|p1a: Hippowdon|267/311\n|\n|-weather|Sandstorm|[upkeep]\n|-damage|p2a: Trevenant|91/296 psn|[from] Sandstorm\n|-damage|p2a: Trevenant|54/296 psn|[from] psn\n|-item|p2a: Trevenant|Sitrus Berry|[from] ability: Harvest\n|upkeep\n|-enditem|p2a: Trevenant|Sitrus Berry|[eat]\n|-heal|p2a: Trevenant|128/296 psn|[from] item: Sitrus Berry\n|turn|8\n|\n|t:|1781463192\n|switch|p1a: Dodrio|Dodrio, L85, F|241/241\n|move|p2a: Trevenant|Drain Punch|p1a: Dodrio\n|-damage|p1a: Dodrio|159/241\n|-heal|p2a: Trevenant|169/296 psn|[from] drain|[of] p1a: Dodrio\n|\n|-weather|Sandstorm|[upkeep]\n|-damage|p1a: Dodrio|144/241|[from] Sandstorm\n|-damage|p2a: Trevenant|151/296 psn|[from] Sandstorm\n|-damage|p2a: Trevenant|114/296 psn|[from] psn\n|upkeep\n|turn|9\n|\n|t:|1781463204\n|move|p1a: Dodrio|Brave Bird|p2a: Trevenant\n|-supereffective|p2a: Trevenant\n|-damage|p2a: Trevenant|0 fnt\n|faint|p2a: Trevenant\n|-damage|p1a: Dodrio|106/241|[from] Recoil\n|\n|-weather|none\n|upkeep\n|inactive|Vernoss has 120 seconds left.\n|\n|t:|1781463221\n|switch|p2a: Dugtrio|Dugtrio-Alola, L84, F|196/196\n|turn|10\n|inactive|Vernoss has 120 seconds left.\n|\n|t:|1781463229\n|switch|p1a: Corviknight|Corviknight, L80, M|288/288\n|move|p2a: Dugtrio|Sucker Punch||[still]\n|-fail|p2a: Dugtrio\n|\n|upkeep\n|turn|11\n|\n|t:|1781463237\n|move|p2a: Dugtrio|Stealth Rock|p1a: Corviknight\n|-sidestart|p1: SoMuchSpaghetti|move: Stealth Rock\n|move|p1a: Corviknight|Body Press|p2a: Dugtrio\n|-supereffective|p2a: Dugtrio\n|-damage|p2a: Dugtrio|50/196\n|-ability|p2a: Dugtrio|Tangling Hair\n|-ability|p1a: Corviknight|Mirror Armor\n|-unboost|p2a: Dugtrio|spe|1\n|\n|upkeep\n|turn|12\n|\n|t:|1781463251\n|switch|p2a: Lokix|Lokix, L82, F|251/251\n|move|p1a: Corviknight|Defog|p2a: Lokix\n|-unboost|p2a: Lokix|evasion|1\n|-sideend|p1: SoMuchSpaghetti|Stealth Rock|[from] move: Defog|[of] p1a: Corviknight\n|\n|upkeep\n|turn|13\n|\n|t:|1781463264\n|switch|p2a: Lunala|Lunala, L70|308/308\n|move|p1a: Corviknight|Brave Bird|p2a: Lunala\n|-damage|p2a: Lunala|239/308\n|-damage|p1a: Corviknight|265/288|[from] Recoil\n|\n|-heal|p2a: Lunala|258/308|[from] item: Leftovers\n|-heal|p1a: Corviknight|283/288|[from] item: Leftovers\n|upkeep\n|turn|14\n|\n|t:|1781463278\n|switch|p1a: Meowscarada|Meowscarada, L78, F|247/247\n|move|p2a: Lunala|Calm Mind|p2a: Lunala\n|-boost|p2a: Lunala|spa|1\n|-boost|p2a: Lunala|spd|1\n|\n|-heal|p2a: Lunala|277/308|[from] item: Leftovers\n|upkeep\n|turn|15\n|inactive|Vernoss has 120 seconds left.\n|\n|t:|1781463301\n|-terastallize|p2a: Lunala|Fairy\n|move|p1a: Meowscarada|Knock Off|p2a: Lunala\n|-start|p1a: Meowscarada|typechange|Dark|[from] ability: Protean\n|-resisted|p2a: Lunala\n|-damage|p2a: Lunala|218/308\n|-enditem|p2a: Lunala|Leftovers|[from] move: Knock Off|[of] p1a: Meowscarada\n|move|p2a: Lunala|Moonlight|p2a: Lunala\n|-heal|p2a: Lunala|308/308\n|\n|upkeep\n|turn|16\n|inactive|Vernoss has 120 seconds left.\n|\n|t:|1781463315\n|move|p1a: Meowscarada|U-turn|p2a: Lunala\n|-resisted|p2a: Lunala\n|-damage|p2a: Lunala|294/308\n|\n|t:|1781463319\n|switch|p1a: Dodrio|Dodrio, L85, F|106/241|[from] U-turn\n|move|p2a: Lunala|Moonblast|p1a: Dodrio\n|-damage|p1a: Dodrio|0 fnt\n|faint|p1a: Dodrio\n|\n|upkeep\n|\n|t:|1781463327\n|switch|p1a: Meowscarada|Meowscarada, L78, F|247/247\n|turn|17\n|\n|t:|1781463335\n|move|p1a: Meowscarada|Flower Trick|p2a: Lunala\n|-start|p1a: Meowscarada|typechange|Grass|[from] ability: Protean\n|-crit|p2a: Lunala\n|-damage|p2a: Lunala|155/308\n|move|p2a: Lunala|Moonblast|p1a: Meowscarada\n|-damage|p1a: Meowscarada|61/247\n|-unboost|p1a: Meowscarada|spa|1\n|\n|upkeep\n|turn|18\n|\n|t:|1781463345\n|move|p1a: Meowscarada|U-turn|p2a: Lunala\n|-resisted|p2a: Lunala\n|-damage|p2a: Lunala|126/308\n|\n|t:|1781463348\n|switch|p1a: Corviknight|Corviknight, L80, M|283/288|[from] U-turn\n|move|p2a: Lunala|Moonlight|p2a: Lunala\n|-heal|p2a: Lunala|280/308\n|\n|-heal|p1a: Corviknight|288/288|[from] item: Leftovers\n|upkeep\n|turn|19\n|\n|t:|1781463364\n|move|p2a: Lunala|Moongeist Beam|p1a: Corviknight\n|-damage|p1a: Corviknight|117/288\n|move|p1a: Corviknight|Brave Bird|p2a: Lunala\n|-damage|p2a: Lunala|162/308\n|-damage|p1a: Corviknight|78/288|[from] Recoil\n|\n|-heal|p1a: Corviknight|96/288|[from] item: Leftovers\n|upkeep\n|turn|20\n|\n|t:|1781463375\n|switch|p1a: Hippowdon|Hippowdon, L82, M|267/311\n|-weather|Sandstorm|[from] ability: Sand Stream|[of] p1a: Hippowdon\n|move|p2a: Lunala|Moongeist Beam|p1a: Hippowdon\n|-damage|p1a: Hippowdon|98/311\n|\n|-weather|Sandstorm|[upkeep]\n|-damage|p2a: Lunala|143/308|[from] Sandstorm\n|upkeep\n|turn|21\n|\n|t:|1781463389\n|switch|p1a: Porygon2|Porygon2, L81|270/270\n|-ability|p1a: Porygon2|Download|boost\n|-boost|p1a: Porygon2|atk|1\n|move|p2a: Lunala|Moongeist Beam|p1a: Porygon2\n|-immune|p1a: Porygon2\n|\n|-weather|Sandstorm|[upkeep]\n|-damage|p2a: Lunala|124/308|[from] Sandstorm\n|-damage|p1a: Porygon2|254/270|[from] Sandstorm\n|upkeep\n|turn|22\n|\n|t:|1781463402\n|move|p2a: Lunala|Moonlight|p2a: Lunala\n|-heal|p2a: Lunala|201/308\n|move|p1a: Porygon2|Discharge|p2a: Lunala\n|-damage|p2a: Lunala|160/308\n|\n|-weather|Sandstorm|[upkeep]\n|-damage|p2a: Lunala|141/308|[from] Sandstorm\n|-damage|p1a: Porygon2|238/270|[from] Sandstorm\n|upkeep\n|turn|23\n|\n|t:|1781463412\n|move|p2a: Lunala|Calm Mind|p2a: Lunala\n|-boost|p2a: Lunala|spa|1\n|-boost|p2a: Lunala|spd|1\n|move|p1a: Porygon2|Discharge|p2a: Lunala\n|-damage|p2a: Lunala|114/308\n|-status|p2a: Lunala|par\n|\n|-weather|Sandstorm|[upkeep]\n|-damage|p1a: Porygon2|222/270|[from] Sandstorm\n|-damage|p2a: Lunala|95/308 par|[from] Sandstorm\n|upkeep\n|turn|24\n|\n|t:|1781463423\n|move|p1a: Porygon2|Tri Attack|p2a: Lunala\n|-damage|p2a: Lunala|55/308 par\n|cant|p2a: Lunala|par\n|\n|-weather|none\n|upkeep\n|turn|25\n|\n|t:|1781463430\n|move|p1a: Porygon2|Tri Attack|p2a: Lunala\n|-damage|p2a: Lunala|10/308 par\n|move|p2a: Lunala|Moonlight|p2a: Lunala\n|-heal|p2a: Lunala|164/308 par\n|\n|upkeep\n|turn|26\n|\n|t:|1781463437\n|move|p1a: Porygon2|Tri Attack|p2a: Lunala\n|-damage|p2a: Lunala|121/308 par\n|move|p2a: Lunala|Moonlight|p2a: Lunala\n|-heal|p2a: Lunala|275/308 par\n|\n|upkeep\n|turn|27\n|\n|t:|1781463446\n|switch|p1a: Hippowdon|Hippowdon, L82, M|98/311\n|-weather|Sandstorm|[from] ability: Sand Stream|[of] p1a: Hippowdon\n|cant|p2a: Lunala|par\n|\n|-weather|Sandstorm|[upkeep]\n|-damage|p2a: Lunala|256/308 par|[from] Sandstorm\n|upkeep\n|turn|28\n|\n|t:|1781463455\n|move|p1a: Hippowdon|Earthquake|p2a: Lunala\n|-damage|p2a: Lunala|123/308 par\n|move|p2a: Lunala|Moonblast|p1a: Hippowdon\n|-damage|p1a: Hippowdon|0 fnt\n|faint|p1a: Hippowdon\n|\n|-weather|Sandstorm|[upkeep]\n|-damage|p2a: Lunala|104/308 par|[from] Sandstorm\n|upkeep\n|\n|t:|1781463464\n|switch|p1a: Meowscarada|Meowscarada, L78, F|61/247\n|turn|29\n|\n|t:|1781463469\n|-terastallize|p1a: Meowscarada|Grass\n|move|p1a: Meowscarada|Flower Trick|p2a: Lunala\n|-crit|p2a: Lunala\n|-damage|p2a: Lunala|0 fnt\n|faint|p2a: Lunala\n|\n|-weather|Sandstorm|[upkeep]\n|-damage|p1a: Meowscarada|46/247|[from] Sandstorm\n|upkeep\n|\n|t:|1781463487\n|switch|p2a: Lokix|Lokix, L82, F|251/251\n|turn|30\n|\n|t:|1781463492\n|switch|p1a: Corviknight|Corviknight, L80, M|96/288\n|move|p2a: Lokix|Sucker Punch||[still]\n|-fail|p2a: Lokix\n|\n|-weather|Sandstorm|[upkeep]\n|-damage|p2a: Lokix|236/251|[from] Sandstorm\n|-heal|p1a: Corviknight|114/288|[from] item: Leftovers\n|upkeep\n|turn|31\n|\n|t:|1781463517\n|move|p2a: Lokix|Knock Off|p1a: Corviknight\n|-damage|p1a: Corviknight|1/288\n|-enditem|p1a: Corviknight|Leftovers|[from] move: Knock Off|[of] p2a: Lokix\n|-damage|p2a: Lokix|211/251|[from] item: Life Orb\n|move|p1a: Corviknight|Roost|p1a: Corviknight\n|-heal|p1a: Corviknight|145/288\n|-singleturn|p1a: Corviknight|move: Roost\n|\n|-weather|none\n|upkeep\n|turn|32\n|\n|t:|1781463530\n|move|p2a: Lokix|Swords Dance|p2a: Lokix\n|-boost|p2a: Lokix|atk|2\n|move|p1a: Corviknight|Roost|p1a: Corviknight\n|-heal|p1a: Corviknight|288/288\n|-singleturn|p1a: Corviknight|move: Roost\n|\n|upkeep\n|turn|33\n|\n|t:|1781463537\n|move|p2a: Lokix|Sucker Punch|p1a: Corviknight\n|-damage|p1a: Corviknight|109/288\n|-damage|p2a: Lokix|186/251|[from] item: Life Orb\n|move|p1a: Corviknight|Brave Bird|p2a: Lokix\n|-supereffective|p2a: Lokix\n|-damage|p2a: Lokix|0 fnt\n|faint|p2a: Lokix\n|-damage|p1a: Corviknight|48/288|[from] Recoil\n|\n|upkeep\n|\n|t:|1781463567\n|switch|p2a: Blastoise|Blastoise, L80, M|258/258\n|turn|34\n|c|\u2606Vernoss|Ur kind of annoying ngl\n|\n|t:|1781463594\n|move|p2a: Blastoise|Shell Smash|p2a: Blastoise\n|-unboost|p2a: Blastoise|def|1\n|-unboost|p2a: Blastoise|spd|1\n|-boost|p2a: Blastoise|atk|2\n|-boost|p2a: Blastoise|spa|2\n|-boost|p2a: Blastoise|spe|2\n|-enditem|p2a: Blastoise|White Herb\n|-clearnegativeboost|p2a: Blastoise|[silent]\n|move|p1a: Corviknight|Brave Bird|p2a: Blastoise\n|-damage|p2a: Blastoise|146/258\n|-damage|p1a: Corviknight|11/288|[from] Recoil\n|\n|upkeep\n|turn|35\n|c|\u2606SoMuchSpaghetti|Good\n|c|\u2606SoMuchSpaghetti|I hope you had a terrible time\n|\n|t:|1781463606\n|move|p2a: Blastoise|Ice Beam|p1a: Corviknight\n|-damage|p1a: Corviknight|0 fnt\n|faint|p1a: Corviknight\n|\n|upkeep\n|\n|t:|1781463611\n|switch|p1a: Porygon2|Porygon2, L81|222/270\n|-ability|p1a: Porygon2|Download|boost\n|-boost|p1a: Porygon2|atk|1\n|turn|36\n|\n|t:|1781463617\n|move|p2a: Blastoise|Hydro Pump|p1a: Porygon2|[miss]\n|-miss|p2a: Blastoise|p1a: Porygon2\n|move|p1a: Porygon2|Tri Attack|p2a: Blastoise\n|-damage|p2a: Blastoise|65/258\n|-status|p2a: Blastoise|frz\n|\n|upkeep\n|turn|37\n|c|\u2606Vernoss|Yea. Really annoying\n|\n|t:|1781463632\n|cant|p2a: Blastoise|frz\n|move|p1a: Porygon2|Tri Attack|p2a: Blastoise\n|-damage|p2a: Blastoise|0 fnt\n|faint|p2a: Blastoise\n|\n|upkeep\n|\n|t:|1781463647\n|switch|p2a: Komala|Komala, L88, M|92/258\n|-ability|p2a: Komala|Comatose\n|turn|38\n|c|\u2606SoMuchSpaghetti|Good\n|\n|t:|1781463655\n|move|p2a: Komala|Knock Off|p1a: Porygon2\n|-damage|p1a: Porygon2|164/270\n|-enditem|p1a: Porygon2|Eviolite|[from] move: Knock Off|[of] p2a: Komala\n|move|p1a: Porygon2|Tri Attack|p2a: Komala\n|-damage|p2a: Komala|16/258\n|\n|upkeep\n|turn|39\n|\n|t:|1781463664\n|move|p2a: Komala|Body Slam|p1a: Porygon2\n|-damage|p1a: Porygon2|46/270\n|move|p1a: Porygon2|Recover|p1a: Porygon2\n|-heal|p1a: Porygon2|181/270\n|\n|upkeep\n|turn|40\n|\n|t:|1781463671\n|move|p2a: Komala|Body Slam|p1a: Porygon2\n|-damage|p1a: Porygon2|69/270\n|move|p1a: Porygon2|Tri Attack|p2a: Komala\n|-damage|p2a: Komala|0 fnt\n|faint|p2a: Komala\n|\n|upkeep\n|\n|t:|1781463680\n|switch|p2a: Dugtrio|Dugtrio-Alola, L84, F|50/196\n|turn|41\n|inactive|SoMuchSpaghetti has 120 seconds left.\n|\n|t:|1781463719\n|move|p2a: Dugtrio|Iron Head|p1a: Porygon2\n|-damage|p1a: Porygon2|0 fnt\n|faint|p1a: Porygon2\n|-damage|p2a: Dugtrio|31/196|[from] item: Life Orb\n|\n|upkeep\n|\n|t:|1781463725\n|switch|p1a: Meowscarada|Meowscarada, L78, F, tera:Grass|46/247\n|turn|42\n|inactive|SoMuchSpaghetti has 120 seconds left.\n|\n|t:|1781463744\n|move|p2a: Dugtrio|Sucker Punch||[still]\n|-fail|p2a: Dugtrio\n|move|p1a: Meowscarada|Toxic Spikes|p2a: Dugtrio\n|-sidestart|p2: Vernoss|move: Toxic Spikes\n|\n|upkeep\n|turn|43\n|\n|t:|1781463755\n|move|p2a: Dugtrio|Sucker Punch|p1a: Meowscarada\n|-damage|p1a: Meowscarada|0 fnt\n|faint|p1a: Meowscarada\n|-damage|p2a: Dugtrio|12/196|[from] item: Life Orb\n|\n|win|Vernoss\n|raw|SoMuchSpaghetti's rating: 1419 &rarr; <strong>1401</strong><br />(-18 for losing)\n|raw|Vernoss's rating: 1462 &rarr; <strong>1480</strong><br />(+18 for winning)\n|c|\u2606Vernoss|Ez\n|c|\u2606SoMuchSpaghetti|Im glad you hated it\n|c|\u2606SoMuchSpaghetti|Big W for me\n|c|\u2606Vernoss|Ez win\n|c|\u2606SoMuchSpaghetti|Was it?\n|c|\u2606Vernoss|Annoying but ez\n|c|\u2606SoMuchSpaghetti|I'm gonna go out with my wife, hence all the delays\n|c|\u2606SoMuchSpaghetti|Getting dressed\n|c|\u2606Vernoss|Free w\n|c|\u2606SoMuchSpaghetti|You were annoyed\n|c|\u2606SoMuchSpaghetti|So... who really won here\n|c|\u2606Vernoss|Free w for me\n|c|\u2606Vernoss|Ty\n|c|\u2606SoMuchSpaghetti|You'll remember this moment\n|c|\u2606SoMuchSpaghetti|You were annoyed\n|c|\u2606Vernoss|I took you from your wife\n|c|\u2606SoMuchSpaghetti|I wont\n|c|\u2606SoMuchSpaghetti|She's getting her nails done\n|c|\u2606Vernoss|You coulda been with her\n|c|\u2606SoMuchSpaghetti|I'm meeting up with her\n|c|\u2606SoMuchSpaghetti|Kek\n|c|\u2606Vernoss|But you were with me\n|c|\u2606Vernoss|Getting stomped\n|c|\u2606Vernoss|Free win\n", "uploadtime": 1781463808, "views": 5, "formatid": "gen9randombattle", "rating": 1401, "private": 0, "password": null}