{"id": "gen9randombattle-2631530840", "format": "[Gen 9] Random Battle", "players": ["Truegamerguy", "Elv67"], "log": "|j|\u2606Truegamerguy\n|j|\u2606Elv67\n|t:|1781397314\n|gametype|singles\n|player|p1|Truegamerguy|101|\n|player|p2|Elv67|266|\n|gen|9\n|tier|[Gen 9] Random Battle\n|rule|Species Clause: Limit one of each Pok\u00e9mon\n|rule|HP Percentage Mod: HP is shown in percentages\n|rule|Sleep Clause Mod: Limit one foe put to sleep\n|rule|Illusion Level Mod: Illusion disguises the Pok\u00e9mon's true level\n|\n|t:|1781397314\n|teamsize|p1|6\n|teamsize|p2|6\n|start\n|switch|p1a: Vespiquen|Vespiquen, L99, F|299/299\n|switch|p2a: Donphan|Donphan, L84, F|288/288\n|-ability|p1a: Vespiquen|Pressure\n|turn|1\n|\n|t:|1781397327\n|move|p1a: Vespiquen|Toxic Spikes|p2a: Donphan\n|-sidestart|p2: Elv67|move: Toxic Spikes\n|move|p2a: Donphan|Stealth Rock|p1a: Vespiquen\n|-sidestart|p1: Truegamerguy|move: Stealth Rock\n|\n|upkeep\n|turn|2\n|\n|t:|1781397337\n|move|p1a: Vespiquen|Toxic Spikes|p2a: Donphan\n|-sidestart|p2: Elv67|move: Toxic Spikes\n|move|p2a: Donphan|Rapid Spin|p1a: Vespiquen\n|-damage|p1a: Vespiquen|264/299\n|-boost|p2a: Donphan|spe|1\n|-sideend|p2: Elv67|Toxic Spikes|[from] move: Rapid Spin|[of] p2a: Donphan\n|\n|upkeep\n|turn|3\n|\n|t:|1781397352\n|move|p2a: Donphan|Knock Off|p1a: Vespiquen\n|-damage|p1a: Vespiquen|203/299\n|-enditem|p1a: Vespiquen|Heavy-Duty Boots|[from] move: Knock Off|[of] p2a: Donphan\n|move|p1a: Vespiquen|U-turn|p2a: Donphan\n|-damage|p2a: Donphan|221/288\n|\n|t:|1781397363\n|switch|p1a: Luvdisc|Luvdisc, F|247/247|[from] U-turn\n|\n|-heal|p2a: Donphan|239/288|[from] item: Leftovers\n|upkeep\n|turn|4\n|\n|t:|1781397373\n|move|p1a: Luvdisc|Substitute|p1a: Luvdisc\n|-start|p1a: Luvdisc|Substitute\n|-damage|p1a: Luvdisc|186/247\n|move|p2a: Donphan|Rapid Spin|p1a: Luvdisc\n|-activate|p1a: Luvdisc|move: Substitute|[damage]\n|-boost|p2a: Donphan|spe|1\n|\n|-heal|p2a: Donphan|257/288|[from] item: Leftovers\n|upkeep\n|turn|5\n|\n|t:|1781397382\n|move|p2a: Donphan|Earthquake|p1a: Luvdisc\n|-end|p1a: Luvdisc|Substitute\n|move|p1a: Luvdisc|Whirlpool|p2a: Donphan\n|-supereffective|p2a: Donphan\n|-damage|p2a: Donphan|185/288\n|-activate|p2a: Donphan|move: Whirlpool|[of] p1a: Luvdisc\n|\n|-heal|p2a: Donphan|203/288|[from] item: Leftovers\n|-damage|p2a: Donphan|167/288|[from] move: Whirlpool|[partiallytrapped]\n|upkeep\n|turn|6\n|\n|t:|1781397397\n|move|p2a: Donphan|Earthquake|p1a: Luvdisc\n|-damage|p1a: Luvdisc|44/247\n|move|p1a: Luvdisc|Surf|p2a: Donphan\n|-supereffective|p2a: Donphan\n|-damage|p2a: Donphan|0 fnt\n|faint|p2a: Donphan\n|\n|upkeep\n|\n|t:|1781397419\n|switch|p2a: Dipplin|Dipplin, L88, M|284/284\n|turn|7\n|\n|t:|1781397424\n|move|p1a: Luvdisc|Endeavor|p2a: Dipplin\n|-damage|p2a: Dipplin|44/284\n|move|p2a: Dipplin|Giga Drain|p1a: Luvdisc\n|-supereffective|p1a: Luvdisc\n|-damage|p1a: Luvdisc|0 fnt\n|-heal|p2a: Dipplin|66/284|[from] drain|[of] p1a: Luvdisc\n|faint|p1a: Luvdisc\n|\n|upkeep\n|\n|t:|1781397442\n|switch|p1a: Maushold|Maushold-Four, L76|238/238\n|-damage|p1a: Maushold|209/238|[from] Stealth Rock\n|turn|8\n|\n|t:|1781397451\n|move|p1a: Maushold|Population Bomb|p2a: Dipplin\n|-damage|p2a: Dipplin|54/284\n|-damage|p2a: Dipplin|42/284\n|-damage|p2a: Dipplin|29/284\n|-damage|p2a: Dipplin|16/284\n|-damage|p2a: Dipplin|3/284\n|-damage|p2a: Dipplin|0 fnt\n|faint|p2a: Dipplin\n|-hitcount|p2: Dipplin|6\n|\n|upkeep\n|\n|t:|1781397454\n|switch|p2a: Duraludon|Duraludon, L82, F|249/249\n|turn|9\n|\n|t:|1781397473\n|move|p1a: Maushold|Tidy Up|p1a: Maushold\n|-sideend|p1: Truegamerguy|Stealth Rock\n|-activate|p1a: Maushold|move: Tidy Up\n|-boost|p1a: Maushold|atk|1\n|-boost|p1a: Maushold|spe|1\n|move|p2a: Duraludon|Body Press|p1a: Maushold\n|-supereffective|p1a: Maushold\n|-damage|p1a: Maushold|41/238\n|\n|upkeep\n|turn|10\n|\n|t:|1781397482\n|move|p1a: Maushold|Population Bomb|p2a: Duraludon\n|-resisted|p2a: Duraludon\n|-damage|p2a: Duraludon|240/249\n|-resisted|p2a: Duraludon\n|-damage|p2a: Duraludon|230/249\n|-resisted|p2a: Duraludon\n|-damage|p2a: Duraludon|221/249\n|-resisted|p2a: Duraludon\n|-damage|p2a: Duraludon|212/249\n|-resisted|p2a: Duraludon\n|-damage|p2a: Duraludon|204/249\n|-resisted|p2a: Duraludon\n|-crit|p2a: Duraludon\n|-damage|p2a: Duraludon|192/249\n|-resisted|p2a: Duraludon\n|-damage|p2a: Duraludon|184/249\n|-resisted|p2a: Duraludon\n|-damage|p2a: Duraludon|175/249\n|-resisted|p2a: Duraludon\n|-damage|p2a: Duraludon|166/249\n|-resisted|p2a: Duraludon\n|-damage|p2a: Duraludon|158/249\n|-hitcount|p2a: Duraludon|10\n|move|p2a: Duraludon|Body Press|p1a: Maushold\n|-supereffective|p1a: Maushold\n|-damage|p1a: Maushold|0 fnt\n|faint|p1a: Maushold\n|\n|upkeep\n|\n|t:|1781397502\n|switch|p1a: Landorus|Landorus-Therian, L76, M|260/260\n|-ability|p1a: Landorus|Intimidate|boost\n|-unboost|p2a: Duraludon|atk|1\n|turn|11\n|\n|t:|1781397512\n|move|p2a: Duraludon|Draco Meteor|p1a: Landorus\n|-damage|p1a: Landorus|92/260\n|-unboost|p2a: Duraludon|spa|2\n|move|p1a: Landorus|Earthquake|p2a: Duraludon\n|-supereffective|p2a: Duraludon\n|-damage|p2a: Duraludon|14/249\n|\n|-heal|p1a: Landorus|108/260|[from] item: Leftovers\n|upkeep\n|turn|12\n|\n|t:|1781397530\n|switch|p2a: Wigglytuff|Wigglytuff, L96, M|424/424\n|move|p1a: Landorus|Earthquake|p2a: Wigglytuff\n|-crit|p2a: Wigglytuff\n|-damage|p2a: Wigglytuff|162/424\n|\n|-heal|p1a: Landorus|124/260|[from] item: Leftovers\n|-heal|p2a: Wigglytuff|188/424|[from] item: Leftovers\n|upkeep\n|turn|13\n|\n|t:|1781397540\n|move|p2a: Wigglytuff|Protect|p2a: Wigglytuff\n|-singleturn|p2a: Wigglytuff|Protect\n|move|p1a: Landorus|Earthquake|p2a: Wigglytuff\n|-activate|p2a: Wigglytuff|move: Protect\n|\n|-heal|p1a: Landorus|140/260|[from] item: Leftovers\n|-heal|p2a: Wigglytuff|214/424|[from] item: Leftovers\n|upkeep\n|turn|14\n|\n|t:|1781397546\n|move|p1a: Landorus|Earthquake|p2a: Wigglytuff\n|-damage|p2a: Wigglytuff|48/424\n|move|p2a: Wigglytuff|Wish|p2a: Wigglytuff\n|\n|-heal|p1a: Landorus|156/260|[from] item: Leftovers\n|-heal|p2a: Wigglytuff|74/424|[from] item: Leftovers\n|upkeep\n|turn|15\n|\n|t:|1781397557\n|move|p2a: Wigglytuff|Protect|p2a: Wigglytuff\n|-singleturn|p2a: Wigglytuff|Protect\n|move|p1a: Landorus|Earthquake|p2a: Wigglytuff\n|-activate|p2a: Wigglytuff|move: Protect\n|\n|-heal|p2a: Wigglytuff|286/424|[from] move: Wish|[wisher] Wigglytuff\n|-heal|p1a: Landorus|172/260|[from] item: Leftovers\n|-heal|p2a: Wigglytuff|312/424|[from] item: Leftovers\n|upkeep\n|turn|16\n|\n|t:|1781397563\n|move|p1a: Landorus|Earthquake|p2a: Wigglytuff\n|-damage|p2a: Wigglytuff|143/424\n|move|p2a: Wigglytuff|Dazzling Gleam|p1a: Landorus\n|-damage|p1a: Landorus|60/260\n|\n|-heal|p1a: Landorus|76/260|[from] item: Leftovers\n|-heal|p2a: Wigglytuff|169/424|[from] item: Leftovers\n|upkeep\n|turn|17\n|\n|t:|1781397592\n|move|p2a: Wigglytuff|Protect|p2a: Wigglytuff\n|-singleturn|p2a: Wigglytuff|Protect\n|move|p1a: Landorus|U-turn|p2a: Wigglytuff\n|-activate|p2a: Wigglytuff|move: Protect\n|\n|-heal|p1a: Landorus|92/260|[from] item: Leftovers\n|-heal|p2a: Wigglytuff|195/424|[from] item: Leftovers\n|upkeep\n|turn|18\n|\n|t:|1781397601\n|move|p1a: Landorus|Earthquake|p2a: Wigglytuff\n|-damage|p2a: Wigglytuff|42/424\n|move|p2a: Wigglytuff|Wish|p2a: Wigglytuff\n|\n|-heal|p1a: Landorus|108/260|[from] item: Leftovers\n|-heal|p2a: Wigglytuff|68/424|[from] item: Leftovers\n|upkeep\n|turn|19\n|\n|t:|1781397616\n|switch|p1a: Hatterene|Hatterene, L85, F|236/236\n|move|p2a: Wigglytuff|Protect||[still]\n|-fail|p2a: Wigglytuff\n|\n|-heal|p2a: Wigglytuff|280/424|[from] move: Wish|[wisher] Wigglytuff\n|-heal|p2a: Wigglytuff|306/424|[from] item: Leftovers\n|upkeep\n|turn|20\n|\n|t:|1781397623\n|-terastallize|p1a: Hatterene|Fairy\n|move|p2a: Wigglytuff|Dazzling Gleam|p1a: Hatterene\n|-damage|p1a: Hatterene|140/236\n|move|p1a: Hatterene|Calm Mind|p1a: Hatterene\n|-boost|p1a: Hatterene|spa|1\n|-boost|p1a: Hatterene|spd|1\n|\n|-heal|p2a: Wigglytuff|332/424|[from] item: Leftovers\n|-heal|p1a: Hatterene|154/236|[from] item: Leftovers\n|upkeep\n|turn|21\n|\n|t:|1781397635\n|move|p2a: Wigglytuff|Dazzling Gleam|p1a: Hatterene\n|-crit|p1a: Hatterene\n|-damage|p1a: Hatterene|22/236\n|move|p1a: Hatterene|Psyshock|p2a: Wigglytuff\n|-damage|p2a: Wigglytuff|103/424\n|\n|-heal|p2a: Wigglytuff|129/424|[from] item: Leftovers\n|-heal|p1a: Hatterene|36/236|[from] item: Leftovers\n|upkeep\n|turn|22\n|\n|t:|1781397650\n|switch|p1a: Landorus|Landorus-Therian, L76, M|108/260\n|-ability|p1a: Landorus|Intimidate|boost\n|-unboost|p2a: Wigglytuff|atk|1\n|-ability|p2a: Wigglytuff|Competitive|boost\n|-boost|p2a: Wigglytuff|spa|2\n|move|p2a: Wigglytuff|Dazzling Gleam|p1a: Landorus\n|-damage|p1a: Landorus|0 fnt\n|faint|p1a: Landorus\n|\n|-heal|p2a: Wigglytuff|155/424|[from] item: Leftovers\n|upkeep\n|\n|t:|1781397656\n|switch|p1a: Vespiquen|Vespiquen, L99, F|203/299\n|-ability|p1a: Vespiquen|Pressure\n|turn|23\n|\n|t:|1781397665\n|move|p2a: Wigglytuff|Wish|p2a: Wigglytuff\n|move|p1a: Vespiquen|Hurricane|p2a: Wigglytuff\n|-damage|p2a: Wigglytuff|0 fnt\n|faint|p2a: Wigglytuff\n|\n|upkeep\n|\n|t:|1781397670\n|switch|p2a: Duraludon|Duraludon, L82, F|14/249\n|turn|24\n|\n|t:|1781397682\n|move|p2a: Duraludon|Draco Meteor|p1a: Vespiquen\n|-damage|p1a: Vespiquen|79/299\n|-unboost|p2a: Duraludon|spa|2\n|move|p1a: Vespiquen|U-turn|p2a: Duraludon\n|-resisted|p2a: Duraludon\n|-damage|p2a: Duraludon|0 fnt\n|faint|p2a: Duraludon\n|\n|t:|1781397691\n|switch|p1a: Hatterene|Hatterene, L85, F, tera:Fairy|36/236|[from] U-turn\n|\n|-heal|p1a: Hatterene|50/236|[from] item: Leftovers\n|upkeep\n|\n|t:|1781397698\n|switch|p2a: Ampharos|Ampharos, L88, F|302/302\n|turn|25\n|\n|t:|1781397707\n|move|p2a: Ampharos|Discharge|p1a: Hatterene\n|-damage|p1a: Hatterene|0 fnt\n|faint|p1a: Hatterene\n|\n|upkeep\n|\n|t:|1781397712\n|switch|p1a: Indeedee|Indeedee, L84, M|238/238\n|-fieldstart|move: Psychic Terrain|[from] ability: Psychic Surge|[of] p1a: Indeedee\n|turn|26\n|\n|t:|1781397722\n|move|p1a: Indeedee|Hyper Voice|p2a: Ampharos\n|-damage|p2a: Ampharos|232/302\n|move|p2a: Ampharos|Discharge|p1a: Indeedee\n|-damage|p1a: Indeedee|132/238\n|-status|p1a: Indeedee|par\n|\n|upkeep\n|turn|27\n|\n|t:|1781397732\n|move|p1a: Indeedee|Hyper Voice|p2a: Ampharos\n|-damage|p2a: Ampharos|163/302\n|move|p2a: Ampharos|Discharge|p1a: Indeedee\n|-damage|p1a: Indeedee|35/238 par\n|\n|upkeep\n|turn|28\n|\n|t:|1781397738\n|switch|p1a: Vespiquen|Vespiquen, L99, F|79/299\n|-ability|p1a: Vespiquen|Pressure\n|move|p2a: Ampharos|Discharge|p1a: Vespiquen\n|-supereffective|p1a: Vespiquen\n|-damage|p1a: Vespiquen|0 fnt\n|faint|p1a: Vespiquen\n|\n|upkeep\n|\n|t:|1781397744\n|switch|p1a: Indeedee|Indeedee, L84, M|35/238 par\n|turn|29\n|\n|t:|1781397748\n|move|p1a: Indeedee|Expanding Force|p2a: Ampharos\n|-damage|p2a: Ampharos|61/302\n|move|p2a: Ampharos|Discharge|p1a: Indeedee\n|-crit|p1a: Indeedee\n|-damage|p1a: Indeedee|0 fnt\n|faint|p1a: Indeedee\n|\n|win|Elv67\n|l|\u2606Truegamerguy\n|player|p1|\n", "uploadtime": 1781397753, "views": 24, "formatid": "gen9randombattle", "rating": null, "private": 0, "password": null}