{"id": "gen9randombattle-2631598089", "format": "[Gen 9] Random Battle", "players": ["Thedude1348", "deisdewdrop"], "log": "|j|\u2606Thedude1348\n|j|\u2606deisdewdrop\n|t:|1781406601\n|gametype|singles\n|player|p1|Thedude1348|cynthia-gen4|1593\n|player|p2|deisdewdrop|melony|1610\n|gen|9\n|tier|[Gen 9] Random Battle\n|rated|\n|rule|Species Clause: Limit one of each Pok\u00e9mon\n|rule|HP Percentage Mod: HP is shown in percentages\n|rule|Sleep Clause Mod: Limit one foe put to sleep\n|rule|Illusion Level Mod: Illusion disguises the Pok\u00e9mon's true level\n|\n|t:|1781406601\n|teamsize|p1|6\n|teamsize|p2|6\n|start\n|switch|p1a: Perrserker|Perrserker, L89, M|269/269\n|switch|p2a: Sandy Shocks|Sandy Shocks, L80|267/267\n|turn|1\n|inactive|Battle timer is ON: inactive players will automatically lose when time's up. (requested by Thedude1348)\n|inactive|deisdewdrop also wants the timer to be on.\n|\n|t:|1781406617\n|switch|p1a: Scovillain|Scovillain, L91, M|266/266\n|move|p2a: Sandy Shocks|Earth Power|p1a: Scovillain\n|-damage|p1a: Scovillain|134/266\n|\n|-heal|p1a: Scovillain|150/266|[from] item: Leftovers\n|upkeep\n|turn|2\n|inactive|deisdewdrop has 120 seconds left.\n|inactive|deisdewdrop has 90 seconds left.\n|\n|t:|1781406685\n|move|p2a: Sandy Shocks|Thunder Wave|p1a: Scovillain\n|-status|p1a: Scovillain|par\n|move|p1a: Scovillain|Leech Seed|p2a: Sandy Shocks\n|-start|p2a: Sandy Shocks|move: Leech Seed\n|\n|-heal|p1a: Scovillain|166/266 par|[from] item: Leftovers\n|-damage|p2a: Sandy Shocks|234/267|[from] Leech Seed|[of] p1a: Scovillain\n|-heal|p1a: Scovillain|199/266 par|[silent]\n|upkeep\n|turn|3\n|inactive|deisdewdrop has 90 seconds left.\n|\n|t:|1781406696\n|move|p2a: Sandy Shocks|Stealth Rock|p1a: Scovillain\n|-sidestart|p1: Thedude1348|move: Stealth Rock\n|move|p1a: Scovillain|Substitute|p1a: Scovillain\n|-start|p1a: Scovillain|Substitute\n|-damage|p1a: Scovillain|133/266 par\n|\n|-heal|p2a: Sandy Shocks|250/267|[from] item: Leftovers\n|-heal|p1a: Scovillain|149/266 par|[from] item: Leftovers\n|-damage|p2a: Sandy Shocks|217/267|[from] Leech Seed|[of] p1a: Scovillain\n|-heal|p1a: Scovillain|182/266 par|[silent]\n|upkeep\n|turn|4\n|\n|t:|1781406702\n|-end|p2a: Sandy Shocks|Protosynthesis|[silent]\n|switch|p2a: Noctowl|Noctowl, L95, F|344/344\n|move|p1a: Scovillain|Protect||[still]\n|-fail|p1a: Scovillain\n|\n|-heal|p1a: Scovillain|198/266 par|[from] item: Leftovers\n|upkeep\n|turn|5\n|\n|t:|1781406707\n|move|p2a: Noctowl|Hyper Voice|p1a: Scovillain\n|-damage|p1a: Scovillain|65/266 par\n|move|p1a: Scovillain|Leech Seed|p2a: Noctowl\n|-start|p2a: Noctowl|move: Leech Seed\n|\n|-heal|p1a: Scovillain|81/266 par|[from] item: Leftovers\n|-damage|p2a: Noctowl|301/344|[from] Leech Seed|[of] p1a: Scovillain\n|-heal|p1a: Scovillain|124/266 par|[silent]\n|upkeep\n|turn|6\n|\n|t:|1781406713\n|move|p1a: Scovillain|Protect|p1a: Scovillain\n|-singleturn|p1a: Scovillain|Protect\n|move|p2a: Noctowl|Calm Mind|p2a: Noctowl\n|-boost|p2a: Noctowl|spa|1\n|-boost|p2a: Noctowl|spd|1\n|\n|-heal|p1a: Scovillain|140/266 par|[from] item: Leftovers\n|-damage|p2a: Noctowl|258/344|[from] Leech Seed|[of] p1a: Scovillain\n|-heal|p1a: Scovillain|183/266 par|[silent]\n|upkeep\n|turn|7\n|\n|t:|1781406719\n|move|p2a: Noctowl|Hyper Voice|p1a: Scovillain\n|-damage|p1a: Scovillain|0 fnt\n|faint|p1a: Scovillain\n|\n|upkeep\n|\n|t:|1781406724\n|switch|p1a: Luxray|Luxray, L88, M|284/284\n|-damage|p1a: Luxray|249/284|[from] Stealth Rock\n|-ability|p1a: Luxray|Intimidate|boost\n|-unboost|p2a: Noctowl|atk|1\n|turn|8\n|inactive|deisdewdrop has 120 seconds left.\n|\n|t:|1781406746\n|switch|p2a: Sandy Shocks|Sandy Shocks, L80|217/267\n|move|p1a: Luxray|Ice Fang|p2a: Sandy Shocks\n|-supereffective|p2a: Sandy Shocks\n|-damage|p2a: Sandy Shocks|93/267\n|-status|p2a: Sandy Shocks|frz\n|\n|-heal|p2a: Sandy Shocks|109/267 frz|[from] item: Leftovers\n|upkeep\n|turn|9\n|inactive|deisdewdrop has 120 seconds left.\n|\n|t:|1781406762\n|-end|p2a: Sandy Shocks|Protosynthesis|[silent]\n|switch|p2a: Bellibolt|Bellibolt, L84, F|320/320\n|move|p1a: Luxray|Ice Fang|p2a: Bellibolt\n|-damage|p2a: Bellibolt|264/320\n|-status|p2a: Bellibolt|frz\n|-start|p2a: Bellibolt|Charge|Ice Fang|[from] ability: Electromorphosis\n|\n|-heal|p2a: Bellibolt|284/320 frz|[from] item: Leftovers\n|upkeep\n|turn|10\n|inactive|deisdewdrop has 120 seconds left.\n|\n|t:|1781406783\n|switch|p1a: Koraidon|Koraidon, L64|235/235\n|-damage|p1a: Koraidon|221/235|[from] Stealth Rock\n|-weather|SunnyDay|[from] ability: Orichalcum Pulse|[of] p1a: Koraidon\n|-activate|p1a: Koraidon|Orichalcum Pulse|[source]\n|cant|p2a: Bellibolt|frz\n|\n|-weather|SunnyDay|[upkeep]\n|-heal|p2a: Bellibolt|304/320 frz|[from] item: Leftovers\n|upkeep\n|turn|11\n|\n|t:|1781406795\n|move|p1a: Koraidon|Swords Dance|p1a: Koraidon\n|-boost|p1a: Koraidon|atk|2\n|cant|p2a: Bellibolt|frz\n|\n|-weather|SunnyDay|[upkeep]\n|-heal|p2a: Bellibolt|320/320 frz|[from] item: Leftovers\n|upkeep\n|turn|12\n|\n|t:|1781406801\n|move|p1a: Koraidon|Scale Shot|p2a: Bellibolt\n|-damage|p2a: Bellibolt|263/320 frz\n|-start|p2a: Bellibolt|Charge|Scale Shot|[from] ability: Electromorphosis\n|-damage|p2a: Bellibolt|211/320 frz\n|-start|p2a: Bellibolt|Charge|Scale Shot|[from] ability: Electromorphosis\n|-damage|p2a: Bellibolt|162/320 frz\n|-start|p2a: Bellibolt|Charge|Scale Shot|[from] ability: Electromorphosis\n|-damage|p2a: Bellibolt|107/320 frz\n|-start|p2a: Bellibolt|Charge|Scale Shot|[from] ability: Electromorphosis\n|-hitcount|p2a: Bellibolt|4\n|-unboost|p1a: Koraidon|def|1\n|-boost|p1a: Koraidon|spe|1\n|-curestatus|p2a: Bellibolt|frz|[msg]\n|move|p2a: Bellibolt|Toxic|p1a: Koraidon\n|-status|p1a: Koraidon|tox\n|\n|-weather|SunnyDay|[upkeep]\n|-heal|p2a: Bellibolt|127/320|[from] item: Leftovers\n|-damage|p1a: Koraidon|207/235 tox|[from] psn\n|upkeep\n|turn|13\n|\n|t:|1781406818\n|switch|p2a: Sandy Shocks|Sandy Shocks, L80|109/267 frz\n|-activate|p2a: Sandy Shocks|ability: Protosynthesis\n|-start|p2a: Sandy Shocks|protosynthesisspa\n|move|p1a: Koraidon|Collision Course|p2a: Sandy Shocks\n|-damage|p2a: Sandy Shocks|0 fnt\n|faint|p2a: Sandy Shocks\n|-end|p2a: Sandy Shocks|Protosynthesis|[silent]\n|\n|-weather|SunnyDay|[upkeep]\n|-damage|p1a: Koraidon|179/235 tox|[from] psn\n|upkeep\n|inactive|deisdewdrop has 120 seconds left.\n|\n|t:|1781406836\n|switch|p2a: Seviper|Seviper, L93, F|287/287\n|turn|14\n|\n|t:|1781406842\n|move|p1a: Koraidon|Flare Blitz|p2a: Seviper\n|-damage|p2a: Seviper|0 fnt\n|faint|p2a: Seviper\n|-damage|p1a: Koraidon|84/235 tox|[from] Recoil\n|\n|-weather|none\n|-damage|p1a: Koraidon|42/235 tox|[from] psn\n|upkeep\n|\n|t:|1781406851\n|switch|p2a: Bellibolt|Bellibolt, L84, F|127/320\n|turn|15\n|\n|t:|1781406856\n|move|p1a: Koraidon|Flare Blitz|p2a: Bellibolt\n|-damage|p2a: Bellibolt|3/320\n|-start|p2a: Bellibolt|Charge|Flare Blitz|[from] ability: Electromorphosis\n|-damage|p1a: Koraidon|1/235 tox|[from] Recoil\n|move|p2a: Bellibolt|Slack Off|p2a: Bellibolt\n|-heal|p2a: Bellibolt|163/320\n|\n|-heal|p2a: Bellibolt|183/320|[from] item: Leftovers\n|-damage|p1a: Koraidon|0 fnt|[from] psn\n|faint|p1a: Koraidon\n|upkeep\n|\n|t:|1781406876\n|switch|p1a: Luxray|Luxray, L88, M|249/284\n|-damage|p1a: Luxray|214/284|[from] Stealth Rock\n|-ability|p1a: Luxray|Intimidate|boost\n|-unboost|p2a: Bellibolt|atk|1\n|turn|16\n|\n|t:|1781406898\n|move|p1a: Luxray|Ice Fang|p2a: Bellibolt\n|-damage|p2a: Bellibolt|119/320\n|-start|p2a: Bellibolt|Charge|Ice Fang|[from] ability: Electromorphosis\n|cant|p2a: Bellibolt|flinch\n|\n|-heal|p2a: Bellibolt|139/320|[from] item: Leftovers\n|upkeep\n|turn|17\n|\n|t:|1781406907\n|move|p1a: Luxray|Ice Fang|p2a: Bellibolt\n|-damage|p2a: Bellibolt|82/320\n|-start|p2a: Bellibolt|Charge|Ice Fang|[from] ability: Electromorphosis\n|move|p2a: Bellibolt|Slack Off|p2a: Bellibolt\n|-heal|p2a: Bellibolt|242/320\n|\n|-heal|p2a: Bellibolt|262/320|[from] item: Leftovers\n|upkeep\n|turn|18\n|\n|t:|1781406920\n|move|p1a: Luxray|Ice Fang|p2a: Bellibolt\n|-damage|p2a: Bellibolt|200/320\n|-start|p2a: Bellibolt|Charge|Ice Fang|[from] ability: Electromorphosis\n|move|p2a: Bellibolt|Toxic|p1a: Luxray\n|-status|p1a: Luxray|tox\n|\n|-heal|p2a: Bellibolt|220/320|[from] item: Leftovers\n|-damage|p1a: Luxray|197/284 tox|[from] psn\n|upkeep\n|turn|19\n|\n|t:|1781406938\n|switch|p1a: Perrserker|Perrserker, L89, M|269/269\n|-damage|p1a: Perrserker|253/269|[from] Stealth Rock\n|move|p2a: Bellibolt|Muddy Water|p1a: Perrserker\n|-damage|p1a: Perrserker|163/269\n|\n|-heal|p2a: Bellibolt|240/320|[from] item: Leftovers\n|upkeep\n|turn|20\n|\n|t:|1781406945\n|move|p1a: Perrserker|Knock Off|p2a: Bellibolt\n|-damage|p2a: Bellibolt|66/320\n|-start|p2a: Bellibolt|Charge|Knock Off|[from] ability: Electromorphosis\n|-enditem|p2a: Bellibolt|Leftovers|[from] move: Knock Off|[of] p1a: Perrserker\n|move|p2a: Bellibolt|Thunderbolt|p1a: Perrserker\n|-damage|p1a: Perrserker|0 fnt\n|faint|p1a: Perrserker\n|-end|p2a: Bellibolt|Charge|[silent]\n|\n|upkeep\n|\n|t:|1781406957\n|switch|p1a: Iron Jugulis|Iron Jugulis, L77|271/271\n|-damage|p1a: Iron Jugulis|204/271|[from] Stealth Rock\n|turn|21\n|\n|t:|1781406972\n|move|p1a: Iron Jugulis|Dark Pulse|p2a: Bellibolt\n|-damage|p2a: Bellibolt|0 fnt\n|faint|p2a: Bellibolt\n|\n|upkeep\n|\n|t:|1781406980\n|switch|p2a: Noctowl|Noctowl, L95, F|258/344\n|turn|22\n|\n|t:|1781406993\n|-end|p1a: Iron Jugulis|Quark Drive|[silent]\n|switch|p1a: Luxray|Luxray, L88, M|197/284 tox\n|-damage|p1a: Luxray|162/284 tox|[from] Stealth Rock\n|-ability|p1a: Luxray|Intimidate|boost\n|-unboost|p2a: Noctowl|atk|1\n|move|p2a: Noctowl|Hyper Voice|p1a: Luxray\n|-damage|p1a: Luxray|80/284 tox\n|\n|-damage|p1a: Luxray|63/284 tox|[from] psn\n|upkeep\n|turn|23\n|\n|t:|1781407005\n|-terastallize|p2a: Noctowl|Steel\n|move|p2a: Noctowl|Roost|p2a: Noctowl\n|-heal|p2a: Noctowl|344/344\n|move|p1a: Luxray|Wild Charge|p2a: Noctowl\n|-damage|p2a: Noctowl|170/344\n|-damage|p1a: Luxray|19/284 tox|[from] Recoil\n|\n|-damage|p1a: Luxray|0 fnt|[from] psn\n|faint|p1a: Luxray\n|upkeep\n|\n|t:|1781407018\n|switch|p1a: Iron Jugulis|Iron Jugulis, L77|204/271\n|-damage|p1a: Iron Jugulis|137/271|[from] Stealth Rock\n|turn|24\n|\n|t:|1781407036\n|move|p1a: Iron Jugulis|Fire Blast|p2a: Noctowl\n|-supereffective|p2a: Noctowl\n|-damage|p2a: Noctowl|0 fnt\n|faint|p2a: Noctowl\n|\n|upkeep\n|\n|t:|1781407039\n|switch|p2a: Gumshoos|Gumshoos, L95, M|321/321\n|turn|25\n|\n|t:|1781407043\n|move|p1a: Iron Jugulis|Fire Blast|p2a: Gumshoos\n|-damage|p2a: Gumshoos|177/321\n|move|p2a: Gumshoos|Double-Edge|p1a: Iron Jugulis\n|-damage|p1a: Iron Jugulis|0 fnt\n|faint|p1a: Iron Jugulis\n|-end|p1a: Iron Jugulis|Quark Drive|[silent]\n|-damage|p2a: Gumshoos|132/321|[from] Recoil\n|\n|upkeep\n|\n|t:|1781407049\n|switch|p1a: Kyogre|Kyogre, L71|259/259\n|-damage|p1a: Kyogre|227/259|[from] Stealth Rock\n|-weather|RainDance|[from] ability: Drizzle|[of] p1a: Kyogre\n|turn|26\n|\n|t:|1781407067\n|-terastallize|p1a: Kyogre|Water\n|move|p1a: Kyogre|Origin Pulse|p2a: Gumshoos\n|-damage|p2a: Gumshoos|0 fnt\n|faint|p2a: Gumshoos\n|\n|-weather|RainDance|[upkeep]\n|upkeep\n|\n|t:|1781407070\n|switch|p2a: Polteageist|Polteageist-Antique, L78|222/222\n|turn|27\n|\n|t:|1781407073\n|move|p1a: Kyogre|Origin Pulse|p2a: Polteageist\n|-damage|p2a: Polteageist|18/222\n|-start|p1a: Kyogre|Disable|Origin Pulse|[from] ability: Cursed Body|[of] p2a: Polteageist\n|move|p2a: Polteageist|Strength Sap|p1a: Kyogre\n|-unboost|p1a: Kyogre|atk|1\n|-heal|p2a: Polteageist|165/222\n|\n|-weather|RainDance|[upkeep]\n|upkeep\n|turn|28\n|\n|t:|1781407080\n|-activate|p1a: Kyogre|move: Struggle\n|move|p1a: Kyogre|Struggle|p2a: Polteageist\n|-damage|p2a: Polteageist|145/222\n|-damage|p1a: Kyogre|162/259|[from] recoil\n|move|p2a: Polteageist|Shell Smash|p2a: Polteageist\n|-unboost|p2a: Polteageist|def|1\n|-unboost|p2a: Polteageist|spd|1\n|-boost|p2a: Polteageist|atk|2\n|-boost|p2a: Polteageist|spa|2\n|-boost|p2a: Polteageist|spe|2\n|-enditem|p2a: Polteageist|White Herb\n|-clearnegativeboost|p2a: Polteageist|[silent]\n|\n|-weather|RainDance|[upkeep]\n|upkeep\n|turn|29\n|inactive|deisdewdrop has 120 seconds left.\n|l|\u2606Thedude1348\n|inactive|Thedude1348 disconnected and has a minute to reconnect!\n|player|p1|\n|\n|t:|1781407134\n|move|p2a: Polteageist|Shadow Ball|p1a: Kyogre\n|-damage|p1a: Kyogre|5/259\n|-activate|p1a: Kyogre|move: Struggle\n|move|p1a: Kyogre|Struggle|p2a: Polteageist\n|-damage|p2a: Polteageist|126/222\n|-damage|p1a: Kyogre|0 fnt|[from] recoil\n|faint|p1a: Kyogre\n|\n|win|deisdewdrop\n|raw|Thedude1348's rating: 1593 &rarr; <strong>1574</strong><br />(-19 for losing)\n|raw|deisdewdrop's rating: 1610 &rarr; <strong>1629</strong><br />(+19 for winning)\n|j|\u2606Thedude1348\n|player|p1|Thedude1348|cynthia-gen4|\n|l|\u2606Thedude1348\n|player|p1|\n", "uploadtime": 1781407457, "views": 6, "formatid": "gen9randombattle", "rating": 1574, "private": 0, "password": null}