{"id": "gen9randombattle-2631555674", "format": "[Gen 9] Random Battle", "players": ["JayCroc", "ch3test8"], "log": "|j|\u2606JayCroc\n|j|\u2606ch3test8\n|t:|1781400752\n|gametype|singles\n|player|p1|JayCroc|ivor|1985\n|player|p2|ch3test8|265|1947\n|gen|9\n|tier|[Gen 9] Random Battle\n|rated|\n|rule|Species Clause: Limit one of each Pok\u00e9mon\n|rule|HP Percentage Mod: HP is shown in percentages\n|rule|Sleep Clause Mod: Limit one foe put to sleep\n|rule|Illusion Level Mod: Illusion disguises the Pok\u00e9mon's true level\n|\n|t:|1781400752\n|teamsize|p1|6\n|teamsize|p2|6\n|start\n|switch|p1a: Drifblim|Drifblim, L86, M|398/398\n|switch|p2a: Wyrdeer|Wyrdeer, L87, F|321/321\n|-ability|p2a: Wyrdeer|Intimidate|boost\n|-unboost|p1a: Drifblim|atk|1\n|turn|1\n|inactive|Battle timer is ON: inactive players will automatically lose when time's up. (requested by JayCroc)\n|\n|t:|1781400771\n|switch|p1a: Vespiquen|Vespiquen, L99, F|299/299\n|-ability|p1a: Vespiquen|Pressure\n|move|p2a: Wyrdeer|Psychic Noise|p1a: Vespiquen\n|-damage|p1a: Vespiquen|229/299\n|-start|p1a: Vespiquen|move: Heal Block\n|\n|upkeep\n|turn|2\n|inactive|JayCroc has 120 seconds left.\n|\n|t:|1781400808\n|switch|p2a: Torkoal|Torkoal, L88, M|266/266\n|-weather|SunnyDay|[from] ability: Drought|[of] p2a: Torkoal\n|move|p1a: Vespiquen|Toxic Spikes|p2a: Torkoal\n|-sidestart|p2: ch3test8|move: Toxic Spikes\n|\n|-weather|SunnyDay|[upkeep]\n|-end|p1a: Vespiquen|move: Heal Block\n|upkeep\n|turn|3\n|inactive|JayCroc has 120 seconds left.\n|inactive|ch3test8 has 120 seconds left.\n|\n|t:|1781400854\n|move|p1a: Vespiquen|U-turn|p2a: Torkoal\n|-resisted|p2a: Torkoal\n|-damage|p2a: Torkoal|239/266\n|inactive|JayCroc has 120 seconds left.\n|\n|t:|1781400859\n|switch|p1a: Camerupt|Camerupt, L91, M|275/275|[from] U-turn\n|move|p2a: Torkoal|Rapid Spin|p1a: Camerupt\n|-damage|p1a: Camerupt|235/275\n|-boost|p2a: Torkoal|spe|1\n|-sideend|p2: ch3test8|Toxic Spikes|[from] move: Rapid Spin|[of] p2a: Torkoal\n|\n|-weather|SunnyDay|[upkeep]\n|-heal|p1a: Camerupt|252/275|[from] item: Leftovers\n|upkeep\n|turn|4\n|\n|t:|1781400873\n|move|p2a: Torkoal|Stealth Rock|p1a: Camerupt\n|-sidestart|p1: JayCroc|move: Stealth Rock\n|move|p1a: Camerupt|Earthquake|p2a: Torkoal\n|-supereffective|p2a: Torkoal\n|-damage|p2a: Torkoal|81/266\n|\n|-weather|SunnyDay|[upkeep]\n|-heal|p1a: Camerupt|269/275|[from] item: Leftovers\n|upkeep\n|turn|5\n|\n|t:|1781400881\n|switch|p2a: Chimecho|Chimecho, L93, F|290/290\n|move|p1a: Camerupt|Stealth Rock|p2a: Chimecho\n|-sidestart|p2: ch3test8|move: Stealth Rock\n|\n|-weather|SunnyDay|[upkeep]\n|-heal|p1a: Camerupt|275/275|[from] item: Leftovers\n|upkeep\n|turn|6\n|inactive|ch3test8 has 120 seconds left.\n|\n|t:|1781400887\n|switch|p1a: Vespiquen|Vespiquen, L99, F|229/299\n|-ability|p1a: Vespiquen|Pressure\n|move|p2a: Chimecho|Knock Off|p1a: Vespiquen\n|-damage|p1a: Vespiquen|189/299\n|-enditem|p1a: Vespiquen|Heavy-Duty Boots|[from] move: Knock Off|[of] p2a: Chimecho\n|\n|-weather|none\n|upkeep\n|turn|7\n|\n|t:|1781400897\n|switch|p2a: Torkoal|Torkoal, L88, M|81/266\n|-weather|SunnyDay|[from] ability: Drought|[of] p2a: Torkoal\n|move|p1a: Vespiquen|Toxic Spikes|p2a: Torkoal\n|-sidestart|p2: ch3test8|move: Toxic Spikes\n|\n|-weather|SunnyDay|[upkeep]\n|upkeep\n|turn|8\n|\n|t:|1781400911\n|move|p1a: Vespiquen|U-turn|p2a: Torkoal\n|-resisted|p2a: Torkoal\n|-damage|p2a: Torkoal|51/266\n|\n|t:|1781400914\n|switch|p1a: Drifblim|Drifblim, L86, M|398/398|[from] U-turn\n|move|p2a: Torkoal|Lava Plume|p1a: Drifblim\n|-damage|p1a: Drifblim|221/398\n|\n|-weather|SunnyDay|[upkeep]\n|upkeep\n|turn|9\n|\n|t:|1781400934\n|switch|p2a: Chimecho|Chimecho, L93, F|290/290\n|-damage|p2a: Chimecho|254/290|[from] Stealth Rock\n|move|p1a: Drifblim|Air Slash|p2a: Chimecho\n|-damage|p2a: Chimecho|185/290\n|\n|-weather|SunnyDay|[upkeep]\n|-heal|p2a: Chimecho|203/290|[from] item: Leftovers\n|upkeep\n|turn|10\n|\n|t:|1781400944\n|move|p1a: Drifblim|Shadow Ball|p2a: Chimecho\n|-supereffective|p2a: Chimecho\n|-damage|p2a: Chimecho|63/290\n|move|p2a: Chimecho|Knock Off|p1a: Drifblim\n|-supereffective|p1a: Drifblim\n|-damage|p1a: Drifblim|69/398\n|-enditem|p1a: Drifblim|Heavy-Duty Boots|[from] move: Knock Off|[of] p2a: Chimecho\n|\n|-weather|SunnyDay|[upkeep]\n|-heal|p2a: Chimecho|81/290|[from] item: Leftovers\n|upkeep\n|turn|11\n|\n|t:|1781400959\n|-terastallize|p2a: Chimecho|Poison\n|move|p1a: Drifblim|Strength Sap|p2a: Chimecho\n|-unboost|p2a: Chimecho|atk|1\n|-heal|p1a: Drifblim|215/398\n|move|p2a: Chimecho|Recover|p2a: Chimecho\n|-heal|p2a: Chimecho|226/290\n|\n|-weather|none\n|-heal|p2a: Chimecho|244/290|[from] item: Leftovers\n|upkeep\n|turn|12\n|\n|t:|1781400970\n|move|p1a: Drifblim|Shadow Ball|p2a: Chimecho\n|-damage|p2a: Chimecho|165/290\n|move|p2a: Chimecho|Psychic Noise|p1a: Drifblim\n|-damage|p1a: Drifblim|74/398\n|-start|p1a: Drifblim|move: Heal Block\n|\n|-heal|p2a: Chimecho|183/290|[from] item: Leftovers\n|upkeep\n|turn|13\n|\n|t:|1781400979\n|move|p1a: Drifblim|Shadow Ball|p2a: Chimecho\n|-damage|p2a: Chimecho|102/290\n|move|p2a: Chimecho|Recover|p2a: Chimecho\n|-heal|p2a: Chimecho|247/290\n|\n|-heal|p2a: Chimecho|265/290|[from] item: Leftovers\n|-end|p1a: Drifblim|move: Heal Block\n|upkeep\n|turn|14\n|\n|t:|1781400987\n|move|p1a: Drifblim|Shadow Ball|p2a: Chimecho\n|-damage|p2a: Chimecho|187/290\n|-unboost|p2a: Chimecho|spd|1\n|move|p2a: Chimecho|Psychic Noise|p1a: Drifblim\n|-damage|p1a: Drifblim|0 fnt\n|faint|p1a: Drifblim\n|\n|-heal|p2a: Chimecho|205/290|[from] item: Leftovers\n|upkeep\n|\n|t:|1781400997\n|switch|p1a: Camerupt|Camerupt, L91, M|275/275\n|-damage|p1a: Camerupt|241/275|[from] Stealth Rock\n|turn|15\n|\n|t:|1781401006\n|move|p2a: Chimecho|Psychic Noise|p1a: Camerupt\n|-damage|p1a: Camerupt|135/275\n|-start|p1a: Camerupt|move: Heal Block\n|move|p1a: Camerupt|Overheat|p2a: Chimecho\n|-damage|p2a: Chimecho|0 fnt\n|-unboost|p1a: Camerupt|spa|2\n|faint|p2a: Chimecho\n|\n|upkeep\n|\n|t:|1781401020\n|switch|p2a: Basculegion|Basculegion-F, L83, F|335/335\n|-damage|p2a: Basculegion|294/335|[from] Stealth Rock\n|-status|p2a: Basculegion|psn\n|turn|16\n|\n|t:|1781401026\n|switch|p1a: Vespiquen|Vespiquen, L99, F|189/299\n|-damage|p1a: Vespiquen|40/299|[from] Stealth Rock\n|-ability|p1a: Vespiquen|Pressure\n|move|p2a: Basculegion|Flip Turn|p1a: Vespiquen\n|-damage|p1a: Vespiquen|0 fnt\n|faint|p1a: Vespiquen\n|\n|t:|1781401041\n|switch|p2a: Torkoal|Torkoal, L88, M|51/266|[from] Flip Turn\n|-weather|SunnyDay|[from] ability: Drought|[of] p2a: Torkoal\n|\n|-weather|SunnyDay|[upkeep]\n|upkeep\n|\n|t:|1781401046\n|switch|p1a: Iron Moth|Iron Moth, L78|253/253\n|-damage|p1a: Iron Moth|190/253|[from] Stealth Rock\n|turn|17\n|\n|t:|1781401051\n|move|p1a: Iron Moth|Sludge Wave|p2a: Torkoal\n|-damage|p2a: Torkoal|0 fnt\n|faint|p2a: Torkoal\n|\n|-weather|SunnyDay|[upkeep]\n|upkeep\n|\n|t:|1781401058\n|switch|p2a: Virizion|Virizion, L82|283/283\n|-damage|p2a: Virizion|266/283|[from] Stealth Rock\n|-status|p2a: Virizion|psn\n|turn|18\n|\n|t:|1781401064\n|-terastallize|p1a: Iron Moth|Grass\n|move|p2a: Virizion|Swords Dance|p2a: Virizion\n|-boost|p2a: Virizion|atk|2\n|move|p1a: Iron Moth|Sludge Wave|p2a: Virizion\n|-supereffective|p2a: Virizion\n|-damage|p2a: Virizion|20/283 psn\n|\n|-weather|SunnyDay|[upkeep]\n|-damage|p2a: Virizion|0 fnt|[from] psn\n|faint|p2a: Virizion\n|upkeep\n|\n|t:|1781401074\n|switch|p2a: Wyrdeer|Wyrdeer, L87, F|321/321\n|-damage|p2a: Wyrdeer|281/321|[from] Stealth Rock\n|-status|p2a: Wyrdeer|psn\n|-ability|p2a: Wyrdeer|Intimidate|boost\n|-unboost|p1a: Iron Moth|atk|1\n|turn|19\n|\n|t:|1781401086\n|-end|p1a: Iron Moth|Quark Drive|[silent]\n|switch|p1a: Camerupt|Camerupt, L91, M|135/275\n|-damage|p1a: Camerupt|101/275|[from] Stealth Rock\n|move|p2a: Wyrdeer|Body Slam|p1a: Camerupt\n|-damage|p1a: Camerupt|0 fnt\n|faint|p1a: Camerupt\n|\n|-weather|SunnyDay|[upkeep]\n|-damage|p2a: Wyrdeer|241/321 psn|[from] psn\n|upkeep\n|\n|t:|1781401096\n|switch|p1a: Chimecho|Chimecho, L93, M|290/290\n|-damage|p1a: Chimecho|254/290|[from] Stealth Rock\n|turn|20\n|\n|t:|1781401105\n|move|p1a: Chimecho|Cosmic Power|p1a: Chimecho\n|-boost|p1a: Chimecho|def|1\n|-boost|p1a: Chimecho|spd|1\n|move|p2a: Wyrdeer|Body Slam|p1a: Chimecho\n|-damage|p1a: Chimecho|187/290\n|\n|-weather|none\n|-heal|p1a: Chimecho|205/290|[from] item: Leftovers\n|-damage|p2a: Wyrdeer|201/321 psn|[from] psn\n|upkeep\n|turn|21\n|\n|t:|1781401114\n|move|p1a: Chimecho|Cosmic Power|p1a: Chimecho\n|-boost|p1a: Chimecho|def|1\n|-boost|p1a: Chimecho|spd|1\n|move|p2a: Wyrdeer|Body Slam|p1a: Chimecho\n|-damage|p1a: Chimecho|150/290\n|-status|p1a: Chimecho|par\n|\n|-heal|p1a: Chimecho|168/290 par|[from] item: Leftovers\n|-damage|p2a: Wyrdeer|161/321 psn|[from] psn\n|upkeep\n|turn|22\n|\n|t:|1781401123\n|move|p2a: Wyrdeer|Psychic Noise|p1a: Chimecho\n|-resisted|p1a: Chimecho\n|-damage|p1a: Chimecho|150/290 par\n|-start|p1a: Chimecho|move: Heal Block\n|cant|p1a: Chimecho|move: Heal Block|Recover\n|\n|-damage|p2a: Wyrdeer|121/321 psn|[from] psn\n|upkeep\n|turn|23\n|\n|t:|1781401131\n|move|p2a: Wyrdeer|Megahorn|p1a: Chimecho\n|-supereffective|p1a: Chimecho\n|-damage|p1a: Chimecho|50/290 par\n|move|p1a: Chimecho|Stored Power|p2a: Wyrdeer\n|-resisted|p2a: Wyrdeer\n|-damage|p2a: Wyrdeer|74/321 psn\n|\n|-damage|p2a: Wyrdeer|34/321 psn|[from] psn\n|-end|p1a: Chimecho|move: Heal Block\n|upkeep\n|turn|24\n|\n|t:|1781401139\n|move|p2a: Wyrdeer|Psychic Noise|p1a: Chimecho\n|-resisted|p1a: Chimecho\n|-damage|p1a: Chimecho|30/290 par\n|-start|p1a: Chimecho|move: Heal Block\n|move|p1a: Chimecho|Stored Power|p2a: Wyrdeer\n|-resisted|p2a: Wyrdeer\n|-damage|p2a: Wyrdeer|0 fnt\n|faint|p2a: Wyrdeer\n|\n|upkeep\n|\n|t:|1781401149\n|switch|p2a: Basculegion|Basculegion-F, L83, F|294/335 psn\n|-damage|p2a: Basculegion|253/335 psn|[from] Stealth Rock\n|turn|25\n|\n|t:|1781401153\n|move|p2a: Basculegion|Shadow Ball|p1a: Chimecho\n|-supereffective|p1a: Chimecho\n|-damage|p1a: Chimecho|0 fnt\n|faint|p1a: Chimecho\n|\n|-damage|p2a: Basculegion|212/335 psn|[from] psn\n|upkeep\n|\n|t:|1781401159\n|switch|p1a: Raichu|Raichu, L88, F|249/249\n|-damage|p1a: Raichu|218/249|[from] Stealth Rock\n|turn|26\n|\n|t:|1781401164\n|move|p1a: Raichu|Thunderbolt|p2a: Basculegion\n|-supereffective|p2a: Basculegion\n|-damage|p2a: Basculegion|56/335 psn\n|move|p2a: Basculegion|Wave Crash|p1a: Raichu\n|-damage|p1a: Raichu|0 fnt\n|faint|p1a: Raichu\n|-damage|p2a: Basculegion|0 fnt|[from] Recoil\n|faint|p2a: Basculegion\n|\n|upkeep\n|\n|t:|1781401172\n|switch|p1a: Iron Moth|Iron Moth, L78, tera:Grass|190/253\n|switch|p2a: Passimian|Passimian, L83, M|302/302\n|-damage|p1a: Iron Moth|159/253|[from] Stealth Rock\n|-damage|p2a: Passimian|284/302|[from] Stealth Rock\n|-status|p2a: Passimian|psn\n|turn|27\n|\n|t:|1781401180\n|move|p1a: Iron Moth|Energy Ball|p2a: Passimian\n|-damage|p2a: Passimian|62/302 psn\n|move|p2a: Passimian|Gunk Shot|p1a: Iron Moth|[miss]\n|-miss|p2a: Passimian|p1a: Iron Moth\n|\n|-heal|p2a: Passimian|80/302 psn|[from] item: Leftovers\n|-damage|p2a: Passimian|43/302 psn|[from] psn\n|upkeep\n|turn|28\n|-message|ch3test8 forfeited.\n|\n|win|JayCroc\n", "uploadtime": 1781400754, "views": 6, "formatid": "gen9randombattle", "rating": null, "private": 0, "password": null}