{"id": "gen9randombattle-2631568160", "format": "[Gen 9] Random Battle", "players": ["8btry8", "Arsenal0394"], "log": "|j|\u26068btry8\n|j|\u203dArsenal0394\n|t:|1781402458\n|gametype|singles\n|player|p1|8btry8|1|1938\n|player|p2|Arsenal0394|2|2016\n|gen|9\n|tier|[Gen 9] Random Battle\n|rated|\n|rule|Species Clause: Limit one of each Pok\u00e9mon\n|rule|HP Percentage Mod: HP is shown in percentages\n|rule|Sleep Clause Mod: Limit one foe put to sleep\n|rule|Illusion Level Mod: Illusion disguises the Pok\u00e9mon's true level\n|\n|t:|1781402458\n|teamsize|p1|6\n|teamsize|p2|6\n|start\n|switch|p1a: Lapras|Lapras, L87, M|368/368\n|switch|p2a: Crawdaunt|Crawdaunt, L84, F|243/243\n|turn|1\n|\n|t:|1781402477\n|switch|p2a: Ampharos|Ampharos, L88, M|302/302\n|move|p1a: Lapras|Freeze-Dry|p2a: Ampharos\n|-damage|p2a: Ampharos|256/302\n|-status|p2a: Ampharos|frz\n|\n|upkeep\n|turn|2\n|\n|t:|1781402519\n|switch|p1a: Scovillain|Scovillain, L91, M|266/266\n|-curestatus|p2a: Ampharos|frz|[msg]\n|move|p2a: Ampharos|Volt Switch|p1a: Scovillain\n|-resisted|p1a: Scovillain\n|-damage|p1a: Scovillain|211/266\n|\n|t:|1781402560\n|switch|p2a: Thundurus|Thundurus, L80, M|258/258|[from] Volt Switch\n|\n|upkeep\n|turn|3\n|\n|t:|1781402570\n|move|p2a: Thundurus|Nasty Plot|p2a: Thundurus\n|-boost|p2a: Thundurus|spa|2\n|move|p1a: Scovillain|Sunny Day|p1a: Scovillain\n|-weather|SunnyDay\n|\n|-weather|SunnyDay|[upkeep]\n|upkeep\n|turn|4\n|\n|t:|1781402586\n|move|p1a: Scovillain|Fire Blast|p2a: Thundurus\n|-damage|p2a: Thundurus|2/258\n|move|p2a: Thundurus|Tera Blast|p1a: Scovillain\n|-damage|p1a: Scovillain|72/266\n|\n|-weather|SunnyDay|[upkeep]\n|upkeep\n|turn|5\n|\n|t:|1781402592\n|move|p1a: Scovillain|Energy Ball|p2a: Thundurus\n|-resisted|p2a: Thundurus\n|-damage|p2a: Thundurus|0 fnt\n|faint|p2a: Thundurus\n|\n|-weather|SunnyDay|[upkeep]\n|upkeep\n|\n|t:|1781402599\n|switch|p2a: Ampharos|Ampharos, L88, M|256/302\n|turn|6\n|\n|t:|1781402608\n|move|p1a: Scovillain|Stomping Tantrum|p2a: Ampharos\n|-supereffective|p2a: Ampharos\n|-damage|p2a: Ampharos|122/302\n|move|p2a: Ampharos|Focus Blast|p1a: Scovillain\n|-damage|p1a: Scovillain|0 fnt\n|faint|p1a: Scovillain\n|\n|-weather|SunnyDay|[upkeep]\n|upkeep\n|\n|t:|1781402613\n|switch|p1a: Trevenant|Trevenant, L89, M|296/296\n|turn|7\n|\n|t:|1781402652\n|move|p1a: Trevenant|Poltergeist|p2a: Ampharos\n|-activate|p2a: Ampharos|move: Poltergeist|Assault Vest\n|-damage|p2a: Ampharos|0 fnt\n|faint|p2a: Ampharos\n|-damage|p1a: Trevenant|267/296|[from] item: Life Orb\n|\n|-weather|none\n|upkeep\n|\n|t:|1781402660\n|switch|p2a: Corviknight|Corviknight, L80, F|288/288\n|turn|8\n|\n|t:|1781402664\n|switch|p1a: Lapras|Lapras, L87, M|368/368\n|move|p2a: Corviknight|Brave Bird|p1a: Lapras\n|-damage|p1a: Lapras|250/368\n|-damage|p2a: Corviknight|249/288|[from] Recoil\n|\n|-heal|p2a: Corviknight|267/288|[from] item: Leftovers\n|upkeep\n|turn|9\n|\n|t:|1781402669\n|move|p1a: Lapras|Sparkling Aria|p2a: Corviknight\n|-damage|p2a: Corviknight|171/288\n|move|p2a: Corviknight|Body Press|p1a: Lapras\n|-supereffective|p1a: Lapras\n|-damage|p1a: Lapras|142/368\n|\n|-heal|p2a: Corviknight|189/288|[from] item: Leftovers\n|upkeep\n|turn|10\n|\n|t:|1781402674\n|move|p1a: Lapras|Rest|p1a: Lapras\n|-status|p1a: Lapras|slp|[from] move: Rest\n|-heal|p1a: Lapras|368/368 slp|[silent]\n|move|p2a: Corviknight|Roost|p2a: Corviknight\n|-heal|p2a: Corviknight|288/288\n|-singleturn|p2a: Corviknight|move: Roost\n|\n|upkeep\n|turn|11\n|\n|t:|1781402677\n|cant|p1a: Lapras|slp\n|move|p1a: Lapras|Sleep Talk|p1a: Lapras\n|move|p1a: Lapras|Sparkling Aria|p2a: Corviknight|[from] move: Sleep Talk\n|-damage|p2a: Corviknight|192/288\n|move|p2a: Corviknight|Body Press|p1a: Lapras\n|-supereffective|p1a: Lapras\n|-crit|p1a: Lapras\n|-damage|p1a: Lapras|196/368 slp\n|\n|-heal|p2a: Corviknight|210/288|[from] item: Leftovers\n|upkeep\n|turn|12\n|\n|t:|1781402681\n|cant|p1a: Lapras|slp\n|move|p1a: Lapras|Sleep Talk|p1a: Lapras\n|move|p1a: Lapras|Sparkling Aria|p2a: Corviknight|[from] move: Sleep Talk\n|-damage|p2a: Corviknight|119/288\n|move|p2a: Corviknight|Body Press|p1a: Lapras\n|-supereffective|p1a: Lapras\n|-damage|p1a: Lapras|72/368 slp\n|\n|-heal|p2a: Corviknight|137/288|[from] item: Leftovers\n|upkeep\n|turn|13\n|\n|t:|1781402684\n|-curestatus|p1a: Lapras|slp|[msg]\n|move|p1a: Lapras|Rest|p1a: Lapras\n|-status|p1a: Lapras|slp|[from] move: Rest\n|-heal|p1a: Lapras|368/368 slp|[silent]\n|move|p2a: Corviknight|Body Press|p1a: Lapras\n|-supereffective|p1a: Lapras\n|-damage|p1a: Lapras|256/368 slp\n|\n|-heal|p2a: Corviknight|155/288|[from] item: Leftovers\n|upkeep\n|turn|14\n|\n|t:|1781402687\n|cant|p1a: Lapras|slp\n|move|p1a: Lapras|Sleep Talk|p1a: Lapras\n|move|p1a: Lapras|Freeze-Dry|p2a: Corviknight|[from] move: Sleep Talk\n|-damage|p2a: Corviknight|76/288\n|move|p2a: Corviknight|Body Press|p1a: Lapras\n|-supereffective|p1a: Lapras\n|-damage|p1a: Lapras|150/368 slp\n|\n|-heal|p2a: Corviknight|94/288|[from] item: Leftovers\n|upkeep\n|turn|15\n|\n|t:|1781402690\n|cant|p1a: Lapras|slp\n|move|p1a: Lapras|Sleep Talk|p1a: Lapras\n|move|p1a: Lapras|Freeze-Dry|p2a: Corviknight|[from] move: Sleep Talk\n|-damage|p2a: Corviknight|16/288\n|move|p2a: Corviknight|Body Press|p1a: Lapras\n|-supereffective|p1a: Lapras\n|-damage|p1a: Lapras|26/368 slp\n|\n|-heal|p2a: Corviknight|34/288|[from] item: Leftovers\n|upkeep\n|turn|16\n|\n|t:|1781402696\n|-curestatus|p1a: Lapras|slp|[msg]\n|move|p1a: Lapras|Freeze-Dry|p2a: Corviknight\n|-damage|p2a: Corviknight|0 fnt\n|faint|p2a: Corviknight\n|\n|upkeep\n|\n|t:|1781402701\n|switch|p2a: Venusaur|Venusaur, L84, F|272/272\n|turn|17\n|\n|t:|1781402705\n|switch|p1a: Trevenant|Trevenant, L89, M|267/296\n|move|p2a: Venusaur|Sludge Bomb|p1a: Trevenant\n|-damage|p1a: Trevenant|165/296\n|\n|upkeep\n|turn|18\n|\n|t:|1781402713\n|move|p2a: Venusaur|Sludge Bomb|p1a: Trevenant\n|-damage|p1a: Trevenant|66/296\n|move|p1a: Trevenant|Rest|p1a: Trevenant\n|-status|p1a: Trevenant|slp|[from] move: Rest\n|-heal|p1a: Trevenant|296/296 slp|[silent]\n|\n|upkeep\n|turn|19\n|\n|t:|1781402730\n|-curestatus|p1a: Trevenant|slp|[from] ability: Natural Cure|[silent]\n|switch|p1a: Tinkaton|Tinkaton, L82, F|274/274\n|-ability|p1a: Tinkaton|Mold Breaker\n|move|p2a: Venusaur|Sludge Bomb|p1a: Tinkaton\n|-immune|p1a: Tinkaton\n|\n|upkeep\n|turn|20\n|\n|t:|1781402736\n|move|p1a: Tinkaton|Knock Off|p2a: Venusaur\n|-damage|p2a: Venusaur|213/272\n|-enditem|p2a: Venusaur|Leftovers|[from] move: Knock Off|[of] p1a: Tinkaton\n|move|p2a: Venusaur|Leech Seed|p1a: Tinkaton\n|-start|p1a: Tinkaton|move: Leech Seed\n|\n|-damage|p1a: Tinkaton|240/274|[from] Leech Seed|[of] p2a: Venusaur\n|-heal|p2a: Venusaur|247/272|[silent]\n|upkeep\n|turn|21\n|\n|t:|1781402744\n|switch|p1a: Trevenant|Trevenant, L89, M|296/296\n|move|p2a: Venusaur|Giga Drain|p1a: Trevenant\n|-resisted|p1a: Trevenant\n|-damage|p1a: Trevenant|253/296\n|-heal|p2a: Venusaur|269/272|[from] drain|[of] p1a: Trevenant\n|\n|upkeep\n|turn|22\n|\n|t:|1781402750\n|switch|p1a: Tinkaton|Tinkaton, L82, F|240/274\n|-ability|p1a: Tinkaton|Mold Breaker\n|move|p2a: Venusaur|Sludge Bomb|p1a: Tinkaton\n|-immune|p1a: Tinkaton\n|\n|-heal|p1a: Tinkaton|257/274|[from] item: Leftovers\n|upkeep\n|turn|23\n|\n|t:|1781402761\n|move|p1a: Tinkaton|Swords Dance|p1a: Tinkaton\n|-boost|p1a: Tinkaton|atk|2\n|move|p2a: Venusaur|Leech Seed|p1a: Tinkaton\n|-start|p1a: Tinkaton|move: Leech Seed\n|\n|-heal|p1a: Tinkaton|274/274|[from] item: Leftovers\n|-damage|p1a: Tinkaton|240/274|[from] Leech Seed|[of] p2a: Venusaur\n|-heal|p2a: Venusaur|272/272|[silent]\n|upkeep\n|turn|24\n|\n|t:|1781402770\n|move|p1a: Tinkaton|Gigaton Hammer|p2a: Venusaur\n|-damage|p2a: Venusaur|11/272\n|move|p2a: Venusaur|Substitute|p2a: Venusaur\n|-fail|p2a: Venusaur|move: Substitute|[weak]\n|\n|-heal|p1a: Tinkaton|257/274|[from] item: Leftovers\n|-damage|p1a: Tinkaton|223/274|[from] Leech Seed|[of] p2a: Venusaur\n|-heal|p2a: Venusaur|45/272|[silent]\n|upkeep\n|turn|25\n|\n|t:|1781402775\n|move|p1a: Tinkaton|Knock Off|p2a: Venusaur\n|-damage|p2a: Venusaur|0 fnt\n|faint|p2a: Venusaur\n|\n|-heal|p1a: Tinkaton|240/274|[from] item: Leftovers\n|upkeep\n|\n|t:|1781402777\n|switch|p2a: Grimmsnarl|Grimmsnarl, L83, M|293/293\n|turn|26\n|\n|t:|1781402781\n|move|p1a: Tinkaton|Gigaton Hammer|p2a: Grimmsnarl\n|-supereffective|p2a: Grimmsnarl\n|-damage|p2a: Grimmsnarl|0 fnt\n|faint|p2a: Grimmsnarl\n|\n|-heal|p1a: Tinkaton|257/274|[from] item: Leftovers\n|upkeep\n|\n|t:|1781402785\n|switch|p2a: Crawdaunt|Crawdaunt, L84, F|243/243\n|turn|27\n|\n|t:|1781402791\n|-terastallize|p2a: Crawdaunt|Water\n|move|p1a: Tinkaton|Play Rough|p2a: Crawdaunt|[miss]\n|-miss|p1a: Tinkaton|p2a: Crawdaunt\n|move|p2a: Crawdaunt|Dragon Dance|p2a: Crawdaunt\n|-boost|p2a: Crawdaunt|atk|1\n|-boost|p2a: Crawdaunt|spe|1\n|\n|-heal|p1a: Tinkaton|274/274|[from] item: Leftovers\n|-damage|p1a: Tinkaton|240/274|[from] Leech Seed|[of] p2a: Crawdaunt\n|upkeep\n|turn|28\n|\n|t:|1781402800\n|move|p2a: Crawdaunt|Crabhammer|p1a: Tinkaton\n|-damage|p1a: Tinkaton|0 fnt\n|faint|p1a: Tinkaton\n|-damage|p2a: Crawdaunt|219/243|[from] item: Life Orb\n|\n|upkeep\n|\n|t:|1781402805\n|switch|p1a: Lapras|Lapras, L87, M|26/368\n|turn|29\n|\n|t:|1781402808\n|move|p2a: Crawdaunt|Knock Off|p1a: Lapras\n|-damage|p1a: Lapras|0 fnt\n|-enditem|p1a: Lapras|Heavy-Duty Boots|[from] move: Knock Off|[of] p2a: Crawdaunt\n|faint|p1a: Lapras\n|-damage|p2a: Crawdaunt|195/243|[from] item: Life Orb\n|\n|upkeep\n|\n|t:|1781402811\n|switch|p1a: Trevenant|Trevenant, L89, M|253/296\n|turn|30\n|\n|t:|1781402819\n|move|p2a: Crawdaunt|Crabhammer|p1a: Trevenant\n|-resisted|p1a: Trevenant\n|-damage|p1a: Trevenant|58/296\n|-damage|p2a: Crawdaunt|171/243|[from] item: Life Orb\n|move|p1a: Trevenant|Horn Leech|p2a: Crawdaunt\n|-supereffective|p2a: Crawdaunt\n|-damage|p2a: Crawdaunt|0 fnt\n|-heal|p1a: Trevenant|144/296|[from] drain|[of] p2a: Crawdaunt\n|faint|p2a: Crawdaunt\n|-damage|p1a: Trevenant|115/296|[from] item: Life Orb\n|\n|win|8btry8\n", "uploadtime": 1781402460, "views": 3, "formatid": "gen9randombattle", "rating": null, "private": 0, "password": null}