{"id": "gen9randombattle-2631406877", "format": "[Gen 9] Random Battle", "players": ["discodiscogoodgood", "Zabalilla"], "log": "|j|\u2606discodiscogoodgood\n|j|\u2606Zabalilla\n|t:|1781380885\n|gametype|singles\n|player|p1|discodiscogoodgood|musician|2007\n|player|p2|Zabalilla|170|2065\n|gen|9\n|tier|[Gen 9] Random Battle\n|rated|\n|rule|Species Clause: Limit one of each Pok\u00e9mon\n|rule|HP Percentage Mod: HP is shown in percentages\n|rule|Sleep Clause Mod: Limit one foe put to sleep\n|rule|Illusion Level Mod: Illusion disguises the Pok\u00e9mon's true level\n|\n|t:|1781380885\n|teamsize|p1|6\n|teamsize|p2|6\n|start\n|switch|p1a: Flareon|Flareon, L90, F|263/263\n|switch|p2a: Crabominable|Crabominable, L90, F|321/321\n|turn|1\n|\n|t:|1781380890\n|move|p1a: Flareon|Flare Blitz|p2a: Crabominable\n|-supereffective|p2a: Crabominable\n|-damage|p2a: Crabominable|0 fnt\n|faint|p2a: Crabominable\n|-damage|p1a: Flareon|157/263|[from] Recoil\n|\n|-status|p1a: Flareon|tox|[from] item: Toxic Orb\n|upkeep\n|\n|t:|1781380900\n|switch|p2a: Garganacl|Garganacl, L80, M|291/291\n|turn|2\n|inactive|Battle timer is ON: inactive players will automatically lose when time's up. (requested by Zabalilla)\n|\n|t:|1781380908\n|switch|p1a: Mightyena|Mightyena, L96, M|290/290\n|-ability|p1a: Mightyena|Intimidate|boost\n|-unboost|p2a: Garganacl|atk|1\n|move|p2a: Garganacl|Salt Cure|p1a: Mightyena\n|-damage|p1a: Mightyena|263/290\n|-start|p1a: Mightyena|Salt Cure\n|\n|-damage|p1a: Mightyena|227/290|[from] Salt Cure\n|upkeep\n|turn|3\n|\n|t:|1781380913\n|switch|p1a: Clawitzer|Clawitzer, L87, M|265/265\n|move|p2a: Garganacl|Earthquake|p1a: Clawitzer\n|-damage|p1a: Clawitzer|219/265\n|\n|upkeep\n|turn|4\n|\n|t:|1781380919\n|move|p2a: Garganacl|Protect|p2a: Garganacl\n|-singleturn|p2a: Garganacl|Protect\n|move|p1a: Clawitzer|Water Pulse|p2a: Garganacl\n|-activate|p2a: Garganacl|move: Protect\n|\n|upkeep\n|turn|5\n|\n|t:|1781380922\n|switch|p2a: Latias|Latias, L79, F|256/256\n|move|p1a: Clawitzer|Water Pulse|p2a: Latias\n|-resisted|p2a: Latias\n|-damage|p2a: Latias|182/256\n|\n|upkeep\n|turn|6\n|\n|t:|1781380925\n|switch|p1a: Tinkaton|Tinkaton, L82, F|274/274\n|-ability|p1a: Tinkaton|Mold Breaker\n|move|p2a: Latias|Calm Mind|p2a: Latias\n|-boost|p2a: Latias|spa|1\n|-boost|p2a: Latias|spd|1\n|\n|upkeep\n|turn|7\n|\n|t:|1781380929\n|switch|p2a: Moltres|Moltres, L81|278/278\n|move|p1a: Tinkaton|Stealth Rock|p2a: Moltres\n|-sidestart|p2: Zabalilla|move: Stealth Rock\n|\n|upkeep\n|turn|8\n|\n|t:|1781380938\n|switch|p1a: Magmortar|Magmortar, L88, M|275/275\n|move|p2a: Moltres|Fire Blast|p1a: Magmortar\n|-resisted|p1a: Magmortar\n|-damage|p1a: Magmortar|214/275\n|\n|upkeep\n|turn|9\n|\n|t:|1781380942\n|move|p1a: Magmortar|Knock Off|p2a: Moltres\n|-damage|p2a: Moltres|197/278\n|-enditem|p2a: Moltres|Heavy-Duty Boots|[from] move: Knock Off|[of] p1a: Magmortar\n|move|p2a: Moltres|Brave Bird|p1a: Magmortar\n|-damage|p1a: Magmortar|73/275\n|-damage|p2a: Moltres|150/278|[from] Recoil\n|\n|upkeep\n|turn|10\n|\n|t:|1781380948\n|move|p1a: Magmortar|Thunderbolt|p2a: Moltres\n|-supereffective|p2a: Moltres\n|-damage|p2a: Moltres|0 fnt\n|faint|p2a: Moltres\n|\n|upkeep\n|\n|t:|1781380955\n|switch|p2a: Latias|Latias, L79, F|182/256\n|-damage|p2a: Latias|150/256|[from] Stealth Rock\n|turn|11\n|\n|t:|1781380958\n|switch|p1a: Tinkaton|Tinkaton, L82, F|274/274\n|-ability|p1a: Tinkaton|Mold Breaker\n|move|p2a: Latias|Psyshock|p1a: Tinkaton\n|-resisted|p1a: Tinkaton\n|-damage|p1a: Tinkaton|214/274\n|\n|-heal|p1a: Tinkaton|231/274|[from] item: Leftovers\n|upkeep\n|turn|12\n|\n|t:|1781380964\n|switch|p2a: Garganacl|Garganacl, L80, M|291/291\n|-damage|p2a: Garganacl|255/291|[from] Stealth Rock\n|move|p1a: Tinkaton|Knock Off|p2a: Garganacl\n|-damage|p2a: Garganacl|210/291\n|-enditem|p2a: Garganacl|Leftovers|[from] move: Knock Off|[of] p1a: Tinkaton\n|\n|-heal|p1a: Tinkaton|248/274|[from] item: Leftovers\n|upkeep\n|turn|13\n|\n|t:|1781380969\n|move|p1a: Tinkaton|Gigaton Hammer|p2a: Garganacl\n|-supereffective|p2a: Garganacl\n|-damage|p2a: Garganacl|0 fnt\n|faint|p2a: Garganacl\n|\n|-heal|p1a: Tinkaton|265/274|[from] item: Leftovers\n|upkeep\n|\n|t:|1781380972\n|switch|p2a: Lugia|Lugia, L73|275/275\n|turn|14\n|\n|t:|1781380979\n|move|p2a: Lugia|Calm Mind|p2a: Lugia\n|-boost|p2a: Lugia|spa|1\n|-boost|p2a: Lugia|spd|1\n|move|p1a: Tinkaton|Knock Off|p2a: Lugia\n|-supereffective|p2a: Lugia\n|-damage|p2a: Lugia|175/275\n|-enditem|p2a: Lugia|Heavy-Duty Boots|[from] move: Knock Off|[of] p1a: Tinkaton\n|\n|-heal|p1a: Tinkaton|274/274|[from] item: Leftovers\n|upkeep\n|turn|15\n|\n|t:|1781380985\n|switch|p1a: Flareon|Flareon, L90, F|157/263 tox\n|move|p2a: Lugia|Calm Mind|p2a: Lugia\n|-boost|p2a: Lugia|spa|1\n|-boost|p2a: Lugia|spd|1\n|\n|-damage|p1a: Flareon|141/263 tox|[from] psn\n|upkeep\n|turn|16\n|\n|t:|1781380990\n|move|p2a: Lugia|Earth Power|p1a: Flareon\n|-supereffective|p1a: Flareon\n|-damage|p1a: Flareon|0 fnt\n|faint|p1a: Flareon\n|\n|upkeep\n|\n|t:|1781380992\n|switch|p1a: Mightyena|Mightyena, L96, M|227/290\n|-ability|p1a: Mightyena|Intimidate|boost\n|-unboost|p2a: Lugia|atk|1\n|turn|17\n|\n|t:|1781380996\n|move|p2a: Lugia|Aeroblast|p1a: Mightyena\n|-damage|p1a: Mightyena|58/290\n|move|p1a: Mightyena|Throat Chop|p2a: Lugia\n|-supereffective|p2a: Lugia\n|-damage|p2a: Lugia|0 fnt\n|faint|p2a: Lugia\n|\n|upkeep\n|\n|t:|1781381003\n|switch|p2a: Arceus|Arceus-Ice, L72|291/291\n|-damage|p2a: Arceus|219/291|[from] Stealth Rock\n|turn|18\n|\n|t:|1781381008\n|move|p2a: Arceus|Calm Mind|p2a: Arceus\n|-boost|p2a: Arceus|spa|1\n|-boost|p2a: Arceus|spd|1\n|move|p1a: Mightyena|Throat Chop|p2a: Arceus\n|-damage|p2a: Arceus|83/291\n|-start|p2a: Arceus|Throat Chop|[silent]\n|\n|upkeep\n|turn|19\n|\n|t:|1781381011\n|move|p2a: Arceus|Judgment|p1a: Mightyena\n|-damage|p1a: Mightyena|0 fnt\n|faint|p1a: Mightyena\n|\n|-end|p2a: Arceus|Throat Chop|[silent]\n|upkeep\n|\n|t:|1781381023\n|switch|p1a: Tinkaton|Tinkaton, L82, F|274/274\n|-ability|p1a: Tinkaton|Mold Breaker\n|turn|20\n|\n|t:|1781381027\n|-terastallize|p2a: Arceus|Electric\n|move|p2a: Arceus|Recover|p2a: Arceus\n|-heal|p2a: Arceus|229/291\n|move|p1a: Tinkaton|Play Rough|p2a: Arceus\n|-damage|p2a: Arceus|157/291\n|\n|upkeep\n|turn|21\n|\n|t:|1781381045\n|switch|p1a: Clawitzer|Clawitzer, L87, M|219/265\n|move|p2a: Arceus|Calm Mind|p2a: Arceus\n|-boost|p2a: Arceus|spa|1\n|-boost|p2a: Arceus|spd|1\n|\n|upkeep\n|turn|22\n|\n|t:|1781381051\n|switch|p1a: Magmortar|Magmortar, L88, M|73/275\n|move|p2a: Arceus|Calm Mind|p2a: Arceus\n|-boost|p2a: Arceus|spa|1\n|-boost|p2a: Arceus|spd|1\n|\n|upkeep\n|turn|23\n|\n|t:|1781381055\n|move|p2a: Arceus|Thunderbolt|p1a: Magmortar\n|-damage|p1a: Magmortar|0 fnt\n|faint|p1a: Magmortar\n|\n|upkeep\n|\n|t:|1781381057\n|switch|p1a: Toedscruel|Toedscruel, L87, M|281/281\n|turn|24\n|\n|t:|1781381060\n|-terastallize|p1a: Toedscruel|Water\n|move|p2a: Arceus|Judgment|p1a: Toedscruel\n|-resisted|p1a: Toedscruel\n|-damage|p1a: Toedscruel|183/281\n|move|p1a: Toedscruel|Toxic|p2a: Arceus\n|-status|p2a: Arceus|tox\n|\n|-heal|p1a: Toedscruel|200/281|[from] item: Leftovers\n|-damage|p2a: Arceus|139/291 tox|[from] psn\n|upkeep\n|turn|25\n|\n|t:|1781381068\n|switch|p1a: Clawitzer|Clawitzer, L87, M|219/265\n|move|p2a: Arceus|Thunderbolt|p1a: Clawitzer\n|-supereffective|p1a: Clawitzer\n|-damage|p1a: Clawitzer|0 fnt\n|faint|p1a: Clawitzer\n|\n|-damage|p2a: Arceus|103/291 tox|[from] psn\n|upkeep\n|\n|t:|1781381070\n|switch|p1a: Tinkaton|Tinkaton, L82, F|274/274\n|-ability|p1a: Tinkaton|Mold Breaker\n|turn|26\n|\n|t:|1781381074\n|move|p2a: Arceus|Recover|p2a: Arceus\n|-heal|p2a: Arceus|249/291 tox\n|move|p1a: Tinkaton|Play Rough|p2a: Arceus\n|-damage|p2a: Arceus|180/291 tox\n|\n|-damage|p2a: Arceus|126/291 tox|[from] psn\n|upkeep\n|turn|27\n|\n|t:|1781381077\n|move|p2a: Arceus|Thunderbolt|p1a: Tinkaton\n|-damage|p1a: Tinkaton|84/274\n|move|p1a: Tinkaton|Play Rough|p2a: Arceus|[miss]\n|-miss|p1a: Tinkaton|p2a: Arceus\n|\n|-heal|p1a: Tinkaton|101/274|[from] item: Leftovers\n|-damage|p2a: Arceus|54/291 tox|[from] psn\n|upkeep\n|turn|28\n|\n|t:|1781381081\n|move|p2a: Arceus|Thunderbolt|p1a: Tinkaton\n|-damage|p1a: Tinkaton|0 fnt\n|faint|p1a: Tinkaton\n|\n|-damage|p2a: Arceus|0 fnt|[from] psn\n|faint|p2a: Arceus\n|upkeep\n|\n|t:|1781381083\n|switch|p2a: Latias|Latias, L79, F|150/256\n|switch|p1a: Toedscruel|Toedscruel, L87, M, tera:Water|200/281\n|-damage|p2a: Latias|118/256|[from] Stealth Rock\n|turn|29\n|\n|t:|1781381088\n|move|p2a: Latias|Psyshock|p1a: Toedscruel\n|-damage|p1a: Toedscruel|79/281\n|move|p1a: Toedscruel|Toxic|p2a: Latias\n|-status|p2a: Latias|tox\n|\n|-heal|p1a: Toedscruel|96/281|[from] item: Leftovers\n|-damage|p2a: Latias|102/256 tox|[from] psn\n|upkeep\n|turn|30\n|\n|t:|1781381091\n|move|p1a: Toedscruel|Leaf Storm|p2a: Latias\n|-resisted|p2a: Latias\n|-damage|p2a: Latias|52/256 tox\n|-unboost|p1a: Toedscruel|spa|2\n|move|p2a: Latias|Psyshock|p1a: Toedscruel\n|-damage|p1a: Toedscruel|0 fnt\n|faint|p1a: Toedscruel\n|\n|win|Zabalilla\n", "uploadtime": 1781380887, "views": 8, "formatid": "gen9randombattle", "rating": null, "private": 0, "password": null}