{"id": "gen9randombattle-2631488491", "format": "[Gen 9] Random Battle", "players": ["Jardenat", "velvet"], "log": "|j|\u2606Jardenat\n|j|\u2606velvet\n|t:|1781391415\n|gametype|singles\n|player|p1|Jardenat|marlon|2077\n|player|p2|velvet|#agwliiikyogres|2126\n|gen|9\n|tier|[Gen 9] Random Battle\n|rated|\n|rule|Species Clause: Limit one of each Pok\u00e9mon\n|rule|HP Percentage Mod: HP is shown in percentages\n|rule|Sleep Clause Mod: Limit one foe put to sleep\n|rule|Illusion Level Mod: Illusion disguises the Pok\u00e9mon's true level\n|\n|t:|1781391415\n|teamsize|p1|6\n|teamsize|p2|6\n|start\n|switch|p1a: Latias|Latias, L79, F|256/256\n|switch|p2a: Roaring Moon|Roaring Moon, L72|270/270\n|turn|1\n|inactive|Battle timer is ON: inactive players will automatically lose when time's up. (requested by Jardenat)\n|\n|t:|1781391448\n|-end|p2a: Roaring Moon|Protosynthesis|[silent]\n|switch|p2a: Porygon2|Porygon2, L81|270/270\n|-ability|p2a: Porygon2|Download|boost\n|-boost|p2a: Porygon2|atk|1\n|move|p1a: Latias|Draco Meteor|p2a: Porygon2\n|-damage|p2a: Porygon2|171/270\n|-unboost|p1a: Latias|spa|2\n|\n|upkeep\n|turn|2\n|\n|t:|1781391468\n|switch|p1a: Orthworm|Orthworm, L88, M|266/266\n|move|p2a: Porygon2|Recover|p2a: Porygon2\n|-heal|p2a: Porygon2|270/270\n|\n|upkeep\n|turn|3\n|\n|t:|1781391474\n|move|p1a: Orthworm|Stealth Rock|p2a: Porygon2\n|-sidestart|p2: velvet|move: Stealth Rock\n|move|p2a: Porygon2|Thunder Wave|p1a: Orthworm\n|-status|p1a: Orthworm|par\n|\n|upkeep\n|turn|4\n|\n|t:|1781391479\n|switch|p2a: Alomomola|Alomomola, L87, M|429/429\n|move|p1a: Orthworm|Shed Tail|p1a: Orthworm\n|-start|p1a: Orthworm|Substitute|[from] move: Shed Tail\n|-damage|p1a: Orthworm|133/266 par\n|\n|t:|1781391497\n|switch|p1a: Okidogi|Okidogi, L77, M|262/262|[from] Shed Tail\n|\n|upkeep\n|turn|5\n|\n|t:|1781391502\n|move|p1a: Okidogi|Bulk Up|p1a: Okidogi\n|-boost|p1a: Okidogi|atk|1\n|-boost|p1a: Okidogi|def|1\n|move|p2a: Alomomola|Scald|p1a: Okidogi\n|-activate|p1a: Okidogi|move: Substitute|[damage]\n|\n|upkeep\n|turn|6\n|\n|t:|1781391512\n|move|p1a: Okidogi|Bulk Up|p1a: Okidogi\n|-boost|p1a: Okidogi|atk|1\n|-boost|p1a: Okidogi|def|1\n|move|p2a: Alomomola|Flip Turn|p1a: Okidogi\n|-end|p1a: Okidogi|Substitute\n|\n|t:|1781391514\n|switch|p2a: Indeedee|Indeedee-F, L90, F|272/272|[from] Flip Turn\n|-damage|p2a: Indeedee|238/272|[from] Stealth Rock\n|-fieldstart|move: Psychic Terrain|[from] ability: Psychic Surge|[of] p2a: Indeedee\n|\n|upkeep\n|turn|7\n|\n|t:|1781391522\n|-terastallize|p1a: Okidogi|Dark\n|move|p2a: Indeedee|Psyshock|p1a: Okidogi\n|-immune|p1a: Okidogi\n|move|p1a: Okidogi|Knock Off|p2a: Indeedee\n|-supereffective|p2a: Indeedee\n|-damage|p2a: Indeedee|0 fnt\n|-enditem|p2a: Indeedee|Choice Scarf|[from] move: Knock Off|[of] p1a: Okidogi\n|faint|p2a: Indeedee\n|\n|upkeep\n|\n|t:|1781391524\n|switch|p2a: Porygon2|Porygon2, L81|270/270\n|-damage|p2a: Porygon2|237/270|[from] Stealth Rock\n|-ability|p2a: Porygon2|Download|boost\n|-boost|p2a: Porygon2|spa|1\n|turn|8\n|\n|t:|1781391548\n|-terastallize|p2a: Porygon2|Fairy\n|move|p1a: Okidogi|Drain Punch|p2a: Porygon2\n|-resisted|p2a: Porygon2\n|-damage|p2a: Porygon2|185/270\n|move|p2a: Porygon2|Thunder Wave|p1a: Okidogi\n|-status|p1a: Okidogi|par\n|\n|upkeep\n|turn|9\n|\n|t:|1781391554\n|move|p2a: Porygon2|Tera Blast|p1a: Okidogi|[anim] Tera Blast Fairy\n|-supereffective|p1a: Okidogi\n|-damage|p1a: Okidogi|4/262 par\n|cant|p1a: Okidogi|par\n|\n|-heal|p1a: Okidogi|20/262 par|[from] item: Leftovers\n|upkeep\n|turn|10\n|\n|t:|1781391557\n|move|p2a: Porygon2|Tera Blast|p1a: Okidogi|[anim] Tera Blast Fairy\n|-supereffective|p1a: Okidogi\n|-damage|p1a: Okidogi|0 fnt\n|faint|p1a: Okidogi\n|\n|-fieldend|move: Psychic Terrain\n|upkeep\n|\n|t:|1781391570\n|switch|p1a: Orthworm|Orthworm, L88, M|133/266 par\n|turn|11\n|\n|t:|1781391575\n|switch|p2a: Alomomola|Alomomola, L87, M|429/429\n|move|p1a: Orthworm|Heavy Slam|p2a: Alomomola\n|-resisted|p2a: Alomomola\n|-damage|p2a: Alomomola|360/429\n|\n|-heal|p1a: Orthworm|149/266 par|[from] item: Leftovers\n|upkeep\n|turn|12\n|\n|t:|1781391583\n|move|p2a: Alomomola|Wish|p2a: Alomomola\n|move|p1a: Orthworm|Body Press|p2a: Alomomola\n|-damage|p2a: Alomomola|269/429\n|\n|-heal|p1a: Orthworm|165/266 par|[from] item: Leftovers\n|upkeep\n|turn|13\n|\n|t:|1781391590\n|move|p2a: Alomomola|Scald|p1a: Orthworm\n|-damage|p1a: Orthworm|102/266 par\n|move|p1a: Orthworm|Shed Tail|p1a: Orthworm\n|-fail|p1a: Orthworm|move: Shed Tail|[weak]\n|\n|-heal|p2a: Alomomola|429/429|[from] move: Wish|[wisher] Alomomola\n|-heal|p1a: Orthworm|118/266 par|[from] item: Leftovers\n|upkeep\n|turn|14\n|\n|t:|1781391594\n|move|p2a: Alomomola|Scald|p1a: Orthworm\n|-damage|p1a: Orthworm|48/266 par\n|cant|p1a: Orthworm|par\n|\n|-heal|p1a: Orthworm|64/266 par|[from] item: Leftovers\n|upkeep\n|turn|15\n|\n|t:|1781391599\n|move|p2a: Alomomola|Wish|p2a: Alomomola\n|cant|p1a: Orthworm|par\n|\n|-heal|p1a: Orthworm|80/266 par|[from] item: Leftovers\n|upkeep\n|turn|16\n|\n|t:|1781391602\n|move|p2a: Alomomola|Flip Turn|p1a: Orthworm\n|-damage|p1a: Orthworm|43/266 par\n|\n|t:|1781391604\n|switch|p2a: Malamar|Malamar, L82, M|275/275|[from] Flip Turn\n|-damage|p2a: Malamar|241/275|[from] Stealth Rock\n|move|p1a: Orthworm|Body Press|p2a: Malamar\n|-damage|p2a: Malamar|150/275\n|\n|-heal|p2a: Malamar|275/275|[from] move: Wish|[wisher] Alomomola\n|-heal|p1a: Orthworm|59/266 par|[from] item: Leftovers\n|upkeep\n|turn|17\n|\n|t:|1781391623\n|move|p2a: Malamar|Superpower|p1a: Orthworm\n|-supereffective|p1a: Orthworm\n|-damage|p1a: Orthworm|0 fnt\n|-boost|p2a: Malamar|atk|1\n|-boost|p2a: Malamar|def|1\n|faint|p1a: Orthworm\n|\n|upkeep\n|\n|t:|1781391627\n|switch|p1a: Latias|Latias, L79, F|256/256\n|turn|18\n|inactive|velvet has 120 seconds left.\n|\n|t:|1781391666\n|move|p1a: Latias|Draco Meteor|p2a: Malamar\n|-damage|p2a: Malamar|101/275\n|-unboost|p1a: Latias|spa|2\n|move|p2a: Malamar|Knock Off|p1a: Latias\n|-supereffective|p1a: Latias\n|-damage|p1a: Latias|0 fnt\n|-enditem|p1a: Latias|Soul Dew|[from] move: Knock Off|[of] p2a: Malamar\n|faint|p1a: Latias\n|\n|-heal|p2a: Malamar|118/275|[from] item: Leftovers\n|upkeep\n|\n|t:|1781391679\n|switch|p1a: Slither Wing|Slither Wing, L81|270/270\n|turn|19\n|\n|t:|1781391683\n|move|p1a: Slither Wing|U-turn|p2a: Malamar\n|-supereffective|p2a: Malamar\n|-damage|p2a: Malamar|0 fnt\n|faint|p2a: Malamar\n|\n|t:|1781391689\n|-end|p1a: Slither Wing|Protosynthesis|[silent]\n|switch|p1a: Zangoose|Zangoose, L85, M|263/263|[from] U-turn\n|\n|-status|p1a: Zangoose|tox|[from] item: Toxic Orb\n|upkeep\n|\n|t:|1781391695\n|switch|p2a: Alomomola|Alomomola, L87, M|429/429\n|turn|20\n|\n|t:|1781391701\n|move|p1a: Zangoose|Facade|p2a: Alomomola\n|-damage|p2a: Alomomola|173/429\n|move|p2a: Alomomola|Wish|p2a: Alomomola\n|\n|-damage|p1a: Zangoose|247/263 tox|[from] psn\n|upkeep\n|turn|21\n|\n|t:|1781391715\n|switch|p1a: Slither Wing|Slither Wing, L81|270/270\n|move|p2a: Alomomola|Protect||[still]\n|-fail|p2a: Alomomola\n|\n|-heal|p2a: Alomomola|387/429|[from] move: Wish|[wisher] Alomomola\n|upkeep\n|turn|22\n|\n|t:|1781391719\n|move|p1a: Slither Wing|U-turn|p2a: Alomomola\n|-damage|p2a: Alomomola|258/429\n|\n|t:|1781391722\n|-end|p1a: Slither Wing|Protosynthesis|[silent]\n|switch|p1a: Zangoose|Zangoose, L85, M|247/263 tox|[from] U-turn\n|move|p2a: Alomomola|Wish|p2a: Alomomola\n|\n|-damage|p1a: Zangoose|231/263 tox|[from] psn\n|upkeep\n|turn|23\n|\n|t:|1781391728\n|switch|p1a: Slither Wing|Slither Wing, L81|270/270\n|move|p2a: Alomomola|Protect||[still]\n|-fail|p2a: Alomomola\n|\n|-heal|p2a: Alomomola|429/429|[from] move: Wish|[wisher] Alomomola\n|upkeep\n|turn|24\n|\n|t:|1781391733\n|move|p1a: Slither Wing|U-turn|p2a: Alomomola\n|-damage|p2a: Alomomola|281/429\n|\n|t:|1781391735\n|-end|p1a: Slither Wing|Protosynthesis|[silent]\n|switch|p1a: Zangoose|Zangoose, L85, M|231/263 tox|[from] U-turn\n|move|p2a: Alomomola|Wish|p2a: Alomomola\n|\n|-damage|p1a: Zangoose|215/263 tox|[from] psn\n|upkeep\n|turn|25\n|\n|t:|1781391741\n|move|p2a: Alomomola|Protect|p2a: Alomomola\n|-singleturn|p2a: Alomomola|Protect\n|move|p1a: Zangoose|Facade|p2a: Alomomola\n|-activate|p2a: Alomomola|move: Protect\n|\n|-heal|p2a: Alomomola|429/429|[from] move: Wish|[wisher] Alomomola\n|-damage|p1a: Zangoose|183/263 tox|[from] psn\n|upkeep\n|turn|26\n|\n|t:|1781391747\n|switch|p1a: Dragonite|Dragonite, L74, F|257/257\n|move|p2a: Alomomola|Wish|p2a: Alomomola\n|\n|upkeep\n|turn|27\n|\n|t:|1781391751\n|move|p2a: Alomomola|Flip Turn|p1a: Dragonite\n|-resisted|p1a: Dragonite\n|-damage|p1a: Dragonite|244/257\n|\n|t:|1781391753\n|switch|p2a: Porygon2|Porygon2, L81, tera:Fairy|185/270|[from] Flip Turn\n|-damage|p2a: Porygon2|152/270|[from] Stealth Rock\n|-ability|p2a: Porygon2|Download|boost\n|-boost|p2a: Porygon2|atk|1\n|move|p1a: Dragonite|Dragon Dance|p1a: Dragonite\n|-boost|p1a: Dragonite|atk|1\n|-boost|p1a: Dragonite|spe|1\n|\n|-heal|p2a: Porygon2|270/270|[from] move: Wish|[wisher] Alomomola\n|upkeep\n|turn|28\n|\n|t:|1781391758\n|switch|p1a: Zangoose|Zangoose, L85, M|183/263 tox\n|move|p2a: Porygon2|Tera Blast|p1a: Zangoose|[anim] Tera Blast Fairy\n|-damage|p1a: Zangoose|44/263 tox\n|\n|-damage|p1a: Zangoose|28/263 tox|[from] psn\n|upkeep\n|turn|29\n|\n|t:|1781391764\n|switch|p2a: Blastoise|Blastoise, L80, F|258/258\n|-damage|p2a: Blastoise|226/258|[from] Stealth Rock\n|move|p1a: Zangoose|Facade|p2a: Blastoise\n|-damage|p2a: Blastoise|0 fnt\n|faint|p2a: Blastoise\n|\n|-damage|p1a: Zangoose|0 fnt|[from] psn\n|faint|p1a: Zangoose\n|upkeep\n|-message|Jardenat forfeited.\n|\n|win|velvet\n", "uploadtime": 1781391417, "views": 3, "formatid": "gen9randombattle", "rating": null, "private": 0, "password": null}