{"id": "gen9randombattle-2631431522", "format": "[Gen 9] Random Battle", "players": ["pukeko_damn", "PretzelEra"], "log": "|j|\u2606pukeko_damn\n|j|\u2606PretzelEra\n|t:|1781383851\n|gametype|singles\n|player|p1|pukeko_damn|fisherman-gen4|1340\n|player|p2|PretzelEra|2|1347\n|gen|9\n|tier|[Gen 9] Random Battle\n|rated|\n|rule|Species Clause: Limit one of each Pok\u00e9mon\n|rule|HP Percentage Mod: HP is shown in percentages\n|rule|Sleep Clause Mod: Limit one foe put to sleep\n|rule|Illusion Level Mod: Illusion disguises the Pok\u00e9mon's true level\n|\n|t:|1781383851\n|teamsize|p1|6\n|teamsize|p2|6\n|start\n|switch|p1a: Darkrai|Darkrai, L77|234/234\n|switch|p2a: Avalugg|Avalugg, L88, M|310/310\n|turn|1\n|inactive|Battle timer is ON: inactive players will automatically lose when time's up. (requested by PretzelEra)\n|inactive|pukeko_damn also wants the timer to be on.\n|\n|t:|1781383862\n|move|p1a: Darkrai|Hypnosis|p2a: Avalugg\n|-status|p2a: Avalugg|slp|[from] move: Hypnosis\n|cant|p2a: Avalugg|slp\n|\n|-damage|p2a: Avalugg|272/310 slp|[from] ability: Bad Dreams|[of] p1a: Darkrai\n|upkeep\n|turn|2\n|\n|t:|1781383875\n|switch|p2a: Wigglytuff|Wigglytuff, L96, F|424/424\n|move|p1a: Darkrai|Nasty Plot|p1a: Darkrai\n|-boost|p1a: Darkrai|spa|2\n|\n|upkeep\n|turn|3\n|\n|t:|1781383881\n|move|p1a: Darkrai|Sludge Bomb|p2a: Wigglytuff\n|-supereffective|p2a: Wigglytuff\n|-damage|p2a: Wigglytuff|0 fnt\n|faint|p2a: Wigglytuff\n|-damage|p1a: Darkrai|211/234|[from] item: Life Orb\n|\n|upkeep\n|\n|t:|1781383885\n|switch|p2a: Medicham|Medicham, L86, M|243/243\n|turn|4\n|\n|t:|1781383893\n|move|p1a: Darkrai|Dark Pulse|p2a: Medicham\n|-damage|p2a: Medicham|0 fnt\n|faint|p2a: Medicham\n|-damage|p1a: Darkrai|188/234|[from] item: Life Orb\n|\n|upkeep\n|\n|t:|1781383895\n|switch|p2a: Blaziken|Blaziken, L76, F|247/247\n|turn|5\n|\n|t:|1781383905\n|-terastallize|p2a: Blaziken|Fighting\n|move|p1a: Darkrai|Sludge Bomb|p2a: Blaziken\n|-damage|p2a: Blaziken|12/247\n|-damage|p1a: Darkrai|165/234|[from] item: Life Orb\n|move|p2a: Blaziken|Swords Dance|p2a: Blaziken\n|-boost|p2a: Blaziken|atk|2\n|\n|-ability|p2a: Blaziken|Speed Boost|boost\n|-boost|p2a: Blaziken|spe|1\n|upkeep\n|turn|6\n|\n|t:|1781383911\n|switch|p1a: Qwilfish|Qwilfish, L86, F|252/252\n|-ability|p1a: Qwilfish|Intimidate|boost\n|-unboost|p2a: Blaziken|atk|1\n|move|p2a: Blaziken|Close Combat|p1a: Qwilfish\n|-resisted|p1a: Qwilfish\n|-damage|p1a: Qwilfish|91/252\n|-unboost|p2a: Blaziken|def|1\n|-unboost|p2a: Blaziken|spd|1\n|-damage|p2a: Blaziken|0 fnt|[from] item: Life Orb\n|faint|p2a: Blaziken\n|\n|upkeep\n|\n|t:|1781383922\n|switch|p2a: Raichu|Raichu-Alola, L87, F|246/246\n|turn|7\n|\n|t:|1781383927\n|switch|p1a: Bisharp|Bisharp, L79, M|232/232\n|move|p2a: Raichu|Nasty Plot|p2a: Raichu\n|-boost|p2a: Raichu|spa|2\n|\n|upkeep\n|turn|8\n|\n|t:|1781383934\n|move|p1a: Bisharp|Sucker Punch|p2a: Raichu\n|-supereffective|p2a: Raichu\n|-damage|p2a: Raichu|12/246\n|move|p2a: Raichu|Thunderbolt|p1a: Bisharp\n|-damage|p1a: Bisharp|29/232\n|-damage|p2a: Raichu|0 fnt|[from] item: Life Orb\n|faint|p2a: Raichu\n|\n|upkeep\n|\n|t:|1781383937\n|switch|p2a: Avalugg|Avalugg, L88, M|272/310 slp\n|turn|9\n|\n|t:|1781383945\n|move|p1a: Bisharp|Iron Head|p2a: Avalugg\n|-supereffective|p2a: Avalugg\n|-damage|p2a: Avalugg|182/310 slp\n|cant|p2a: Avalugg|slp\n|\n|upkeep\n|turn|10\n|\n|t:|1781383947\n|move|p1a: Bisharp|Iron Head|p2a: Avalugg\n|-supereffective|p2a: Avalugg\n|-damage|p2a: Avalugg|92/310 slp\n|cant|p2a: Avalugg|slp\n|\n|upkeep\n|turn|11\n|\n|t:|1781383949\n|move|p1a: Bisharp|Iron Head|p2a: Avalugg\n|-supereffective|p2a: Avalugg\n|-damage|p2a: Avalugg|0 fnt\n|faint|p2a: Avalugg\n|\n|upkeep\n|\n|t:|1781383951\n|switch|p2a: Reshiram|Reshiram, L76|277/277\n|-ability|p2a: Reshiram|Turboblaze\n|turn|12\n|\n|t:|1781383955\n|move|p1a: Bisharp|Sucker Punch|p2a: Reshiram\n|-damage|p2a: Reshiram|198/277\n|move|p2a: Reshiram|Earth Power|p1a: Bisharp\n|-supereffective|p1a: Bisharp\n|-damage|p1a: Bisharp|0 fnt\n|faint|p1a: Bisharp\n|\n|upkeep\n|\n|t:|1781383958\n|switch|p1a: Qwilfish|Qwilfish, L86, F|91/252\n|-ability|p1a: Qwilfish|Intimidate|boost\n|-unboost|p2a: Reshiram|atk|1\n|turn|13\n|\n|t:|1781383964\n|move|p1a: Qwilfish|Toxic|p2a: Reshiram\n|-status|p2a: Reshiram|tox\n|move|p2a: Reshiram|Earth Power|p1a: Qwilfish\n|-supereffective|p1a: Qwilfish\n|-damage|p1a: Qwilfish|0 fnt\n|faint|p1a: Qwilfish\n|\n|-damage|p2a: Reshiram|181/277 tox|[from] psn\n|upkeep\n|\n|t:|1781383967\n|switch|p1a: Drednaw|Drednaw, L81, M|278/278\n|turn|14\n|\n|t:|1781383971\n|move|p2a: Reshiram|Earth Power|p1a: Drednaw\n|-supereffective|p1a: Drednaw\n|-damage|p1a: Drednaw|76/278\n|move|p1a: Drednaw|Shell Smash|p1a: Drednaw\n|-unboost|p1a: Drednaw|def|1\n|-unboost|p1a: Drednaw|spd|1\n|-boost|p1a: Drednaw|atk|2\n|-boost|p1a: Drednaw|spa|2\n|-boost|p1a: Drednaw|spe|2\n|-enditem|p1a: Drednaw|White Herb\n|-clearnegativeboost|p1a: Drednaw|[silent]\n|\n|-damage|p2a: Reshiram|147/277 tox|[from] psn\n|upkeep\n|turn|15\n|\n|t:|1781383975\n|move|p1a: Drednaw|Liquidation|p2a: Reshiram\n|-damage|p2a: Reshiram|0 fnt\n|faint|p2a: Reshiram\n|\n|win|pukeko_damn\n|raw|pukeko_damn's rating: 1340 &rarr; <strong>1360</strong><br />(+20 for winning)\n|raw|PretzelEra's rating: 1347 &rarr; <strong>1327</strong><br />(-20 for losing)\n|l|\u2606PretzelEra\n|player|p2|\n|c|\u2606pukeko_damn|gg\n", "uploadtime": 1781383980, "views": 12, "formatid": "gen9randombattle", "rating": 1327, "private": 0, "password": null}