{"id": "gen9randombattle-2631855580", "format": "[Gen 9] Random Battle", "players": ["discodiscogoodgood", "Starfacto"], "log": "|j|\u2606discodiscogoodgood\n|j|\u2606Starfacto\n|t:|1781448607\n|gametype|singles\n|player|p1|discodiscogoodgood|musician|2082\n|player|p2|Starfacto|boarder|2023\n|gen|9\n|tier|[Gen 9] Random Battle\n|rated|\n|rule|Species Clause: Limit one of each Pok\u00e9mon\n|rule|HP Percentage Mod: HP is shown in percentages\n|rule|Sleep Clause Mod: Limit one foe put to sleep\n|rule|Illusion Level Mod: Illusion disguises the Pok\u00e9mon's true level\n|\n|t:|1781448607\n|teamsize|p1|6\n|teamsize|p2|6\n|start\n|switch|p1a: Solgaleo|Solgaleo, L74|325/325\n|switch|p2a: Zekrom|Zekrom, L71|259/259\n|-ability|p2a: Zekrom|Teravolt\n|turn|1\n|\n|t:|1781448630\n|switch|p2a: Oinkologne|Oinkologne-F, L92, F|361/361\n|move|p1a: Solgaleo|Earthquake|p2a: Oinkologne\n|-damage|p2a: Oinkologne|287/361\n|\n|-heal|p2a: Oinkologne|309/361|[from] item: Leftovers\n|upkeep\n|turn|2\n|\n|t:|1781448637\n|switch|p1a: Skarmory|Skarmory, L80, F|235/235\n|move|p2a: Oinkologne|Curse|p2a: Oinkologne\n|-unboost|p2a: Oinkologne|spe|1\n|-boost|p2a: Oinkologne|atk|1\n|-boost|p2a: Oinkologne|def|1\n|\n|-heal|p2a: Oinkologne|331/361|[from] item: Leftovers\n|upkeep\n|turn|3\n|\n|t:|1781448649\n|switch|p2a: Rotom|Rotom, L88|231/231\n|move|p1a: Skarmory|Iron Defense|p1a: Skarmory\n|-boost|p1a: Skarmory|def|2\n|\n|upkeep\n|turn|4\n|\n|t:|1781448661\n|switch|p1a: Hoopa|Hoopa, L85|275/275\n|move|p2a: Rotom|Nasty Plot|p2a: Rotom\n|-boost|p2a: Rotom|spa|2\n|\n|upkeep\n|turn|5\n|\n|t:|1781448710\n|move|p1a: Hoopa|Shadow Ball|p2a: Rotom\n|-supereffective|p2a: Rotom\n|-damage|p2a: Rotom|0 fnt\n|faint|p2a: Rotom\n|\n|upkeep\n|\n|t:|1781448720\n|switch|p2a: Oinkologne|Oinkologne-F, L92, F|331/361\n|turn|6\n|\n|t:|1781448724\n|switch|p1a: Skarmory|Skarmory, L80, F|235/235\n|switch|p2a: Noivern|Noivern, L82, M|274/274\n|\n|upkeep\n|turn|7\n|\n|t:|1781448731\n|switch|p1a: Hoopa|Hoopa, L85|275/275\n|move|p2a: Noivern|Flamethrower|p1a: Hoopa\n|-damage|p1a: Hoopa|209/275\n|\n|upkeep\n|turn|8\n|\n|t:|1781448739\n|move|p1a: Hoopa|Psychic|p2a: Noivern\n|-damage|p2a: Noivern|127/274\n|move|p2a: Noivern|Flamethrower|p1a: Hoopa\n|-damage|p1a: Hoopa|145/275\n|\n|upkeep\n|turn|9\n|\n|t:|1781448749\n|switch|p2a: Trevenant|Trevenant, L89, F|235/235\n|move|p1a: Hoopa|Psychic|p2a: Trevenant\n|-immune|p2a: Trevenant\n|\n|upkeep\n|turn|10\n|\n|t:|1781448770\n|switch|p1a: Talonflame|Talonflame, L83, F|265/265\n|move|p2a: Trevenant|Dark Pulse|p1a: Talonflame\n|-damage|p1a: Talonflame|72/265\n|\n|upkeep\n|turn|11\n|\n|t:|1781448781\n|move|p1a: Talonflame|U-turn|p2a: Trevenant\n|-supereffective|p2a: Trevenant\n|-damage|p2a: Trevenant|125/235\n|replace|p2a: Zoroark|Zoroark, L83, M\n|-end|p2a: Zoroark|Illusion\n|-hint|Illusion Level Mod is active, so this Pok\u00e9mon's true level was hidden.\n|\n|t:|1781448789\n|switch|p1a: Falinks|Falinks, L84|246/246|[from] U-turn\n|move|p2a: Zoroark|Dark Pulse|p1a: Falinks\n|-resisted|p1a: Falinks\n|-damage|p1a: Falinks|145/246\n|\n|upkeep\n|turn|12\n|\n|t:|1781448822\n|move|p2a: Zoroark|Dark Pulse|p1a: Falinks\n|-resisted|p1a: Falinks\n|-damage|p1a: Falinks|52/246\n|move|p1a: Falinks|No Retreat|p1a: Falinks\n|-boost|p1a: Falinks|atk|1\n|-boost|p1a: Falinks|def|1\n|-boost|p1a: Falinks|spa|1\n|-boost|p1a: Falinks|spd|1\n|-boost|p1a: Falinks|spe|1\n|-start|p1a: Falinks|move: No Retreat\n|\n|upkeep\n|turn|13\n|\n|t:|1781448831\n|switch|p2a: Trevenant|Trevenant, L89, F|296/296\n|move|p1a: Falinks|Iron Head|p2a: Trevenant\n|-damage|p2a: Trevenant|179/296\n|-damage|p1a: Falinks|28/246|[from] item: Life Orb\n|\n|upkeep\n|turn|14\n|\n|t:|1781448839\n|switch|p2a: Trevenant|Trevenant, L89, F|125/235\n|move|p1a: Falinks|Knock Off|p2a: Trevenant\n|-resisted|p2a: Trevenant\n|-damage|p2a: Trevenant|30/235\n|replace|p2a: Zoroark|Zoroark, L83, M\n|-end|p2a: Zoroark|Illusion\n|-enditem|p2a: Zoroark|Choice Specs|[from] move: Knock Off|[of] p1a: Falinks\n|-damage|p1a: Falinks|4/246|[from] item: Life Orb\n|\n|upkeep\n|turn|15\n|\n|t:|1781448844\n|move|p1a: Falinks|Knock Off|p2a: Zoroark\n|-resisted|p2a: Zoroark\n|-damage|p2a: Zoroark|0 fnt\n|faint|p2a: Zoroark\n|-damage|p1a: Falinks|0 fnt|[from] item: Life Orb\n|faint|p1a: Falinks\n|\n|upkeep\n|\n|t:|1781448860\n|switch|p2a: Noivern|Noivern, L82, M|127/274\n|switch|p1a: Talonflame|Talonflame, L83, F|72/265\n|turn|16\n|\n|t:|1781448864\n|switch|p2a: Oinkologne|Oinkologne-F, L92, F|331/361\n|move|p1a: Talonflame|U-turn|p2a: Oinkologne\n|-damage|p2a: Oinkologne|287/361\n|\n|t:|1781448872\n|switch|p1a: Skarmory|Skarmory, L80, F|235/235|[from] U-turn\n|\n|-heal|p2a: Oinkologne|309/361|[from] item: Leftovers\n|upkeep\n|turn|17\n|\n|t:|1781448888\n|move|p2a: Oinkologne|Body Slam|p1a: Skarmory\n|-resisted|p1a: Skarmory\n|-damage|p1a: Skarmory|198/235\n|move|p1a: Skarmory|Brave Bird|p2a: Oinkologne\n|-damage|p2a: Oinkologne|189/361\n|-damage|p1a: Skarmory|158/235|[from] Recoil\n|\n|-heal|p2a: Oinkologne|211/361|[from] item: Leftovers\n|-heal|p1a: Skarmory|172/235|[from] item: Leftovers\n|upkeep\n|turn|18\n|\n|t:|1781448894\n|switch|p2a: Trevenant|Trevenant, L89, F|179/296\n|move|p1a: Skarmory|Iron Defense|p1a: Skarmory\n|-boost|p1a: Skarmory|def|2\n|\n|-heal|p1a: Skarmory|186/235|[from] item: Leftovers\n|upkeep\n|turn|19\n|\n|t:|1781448898\n|move|p1a: Skarmory|Brave Bird|p2a: Trevenant\n|-supereffective|p2a: Trevenant\n|-damage|p2a: Trevenant|0 fnt\n|faint|p2a: Trevenant\n|-damage|p1a: Skarmory|127/235|[from] Recoil\n|\n|-heal|p1a: Skarmory|141/235|[from] item: Leftovers\n|upkeep\n|\n|t:|1781448902\n|switch|p2a: Zekrom|Zekrom, L71|259/259\n|-ability|p2a: Zekrom|Teravolt\n|turn|20\n|\n|t:|1781448916\n|move|p2a: Zekrom|Dragon Dance|p2a: Zekrom\n|-boost|p2a: Zekrom|atk|1\n|-boost|p2a: Zekrom|spe|1\n|move|p1a: Skarmory|Roost|p1a: Skarmory\n|-heal|p1a: Skarmory|235/235\n|-singleturn|p1a: Skarmory|move: Roost\n|\n|upkeep\n|turn|21\n|\n|t:|1781448922\n|-terastallize|p1a: Skarmory|Fighting\n|move|p2a: Zekrom|Bolt Strike|p1a: Skarmory\n|-damage|p1a: Skarmory|151/235\n|move|p1a: Skarmory|Body Press|p2a: Zekrom\n|-damage|p2a: Zekrom|57/259\n|\n|-heal|p2a: Zekrom|73/259|[from] item: Leftovers\n|-heal|p1a: Skarmory|165/235|[from] item: Leftovers\n|upkeep\n|turn|22\n|\n|t:|1781448928\n|switch|p2a: Noivern|Noivern, L82, M|127/274\n|move|p1a: Skarmory|Roost|p1a: Skarmory\n|-heal|p1a: Skarmory|235/235\n|\n|upkeep\n|turn|23\n|\n|t:|1781448932\n|switch|p1a: Solgaleo|Solgaleo, L74|325/325\n|move|p2a: Noivern|Hurricane|p1a: Solgaleo\n|-resisted|p1a: Solgaleo\n|-damage|p1a: Solgaleo|229/325\n|\n|upkeep\n|turn|24\n|\n|t:|1781448954\n|switch|p2a: Oinkologne|Oinkologne-F, L92, F|211/361\n|move|p1a: Solgaleo|Knock Off|p2a: Oinkologne\n|-damage|p2a: Oinkologne|136/361\n|-enditem|p2a: Oinkologne|Leftovers|[from] move: Knock Off|[of] p1a: Solgaleo\n|\n|upkeep\n|turn|25\n|\n|t:|1781448960\n|switch|p1a: Kleavor|Kleavor, L78, M|237/237\n|move|p2a: Oinkologne|Body Slam|p1a: Kleavor\n|-resisted|p1a: Kleavor\n|-damage|p1a: Kleavor|189/237\n|-status|p1a: Kleavor|par\n|\n|upkeep\n|turn|26\n|\n|t:|1781448970\n|move|p2a: Oinkologne|High Horsepower|p1a: Kleavor\n|-damage|p1a: Kleavor|107/237 par\n|cant|p1a: Kleavor|par\n|\n|upkeep\n|turn|27\n|\n|t:|1781448976\n|move|p2a: Oinkologne|High Horsepower|p1a: Kleavor\n|-damage|p1a: Kleavor|28/237 par\n|move|p1a: Kleavor|Stone Axe|p2a: Oinkologne\n|-damage|p2a: Oinkologne|19/361\n|-sidestart|p2: Starfacto|move: Stealth Rock\n|\n|upkeep\n|turn|28\n|\n|t:|1781448984\n|move|p2a: Oinkologne|Body Slam|p1a: Kleavor\n|-resisted|p1a: Kleavor\n|-damage|p1a: Kleavor|0 fnt\n|faint|p1a: Kleavor\n|\n|upkeep\n|\n|t:|1781448990\n|switch|p1a: Solgaleo|Solgaleo, L74|229/325\n|turn|29\n|\n|t:|1781448994\n|move|p1a: Solgaleo|Sunsteel Strike|p2a: Oinkologne\n|-damage|p2a: Oinkologne|0 fnt\n|faint|p2a: Oinkologne\n|\n|upkeep\n|-message|Starfacto forfeited.\n|\n|win|discodiscogoodgood\n", "uploadtime": 1781448608, "views": 3, "formatid": "gen9randombattle", "rating": null, "private": 0, "password": null}