{"id": "gen9randombattle-2631769982", "format": "[Gen 9] Random Battle", "players": ["crustlemuscle", "lecoopr"], "log": "|j|\u2606crustlemuscle\n|j|\u2606lecoopr\n|t:|1781436895\n|gametype|singles\n|player|p1|crustlemuscle|101|1915\n|player|p2|lecoopr|tate|1961\n|gen|9\n|tier|[Gen 9] Random Battle\n|rated|\n|rule|Species Clause: Limit one of each Pok\u00e9mon\n|rule|HP Percentage Mod: HP is shown in percentages\n|rule|Sleep Clause Mod: Limit one foe put to sleep\n|rule|Illusion Level Mod: Illusion disguises the Pok\u00e9mon's true level\n|\n|t:|1781436895\n|teamsize|p1|6\n|teamsize|p2|6\n|start\n|switch|p1a: Scream Tail|Scream Tail, L84|330/330\n|switch|p2a: Froslass|Froslass, L87, F|263/263\n|turn|1\n|\n|t:|1781436909\n|-end|p1a: Scream Tail|Protosynthesis|[silent]\n|switch|p1a: Greedent|Greedent, L86, M|347/347\n|move|p2a: Froslass|Poltergeist|p1a: Greedent\n|-immune|p1a: Greedent\n|\n|upkeep\n|turn|2\n|inactive|Battle timer is ON: inactive players will automatically lose when time's up. (requested by lecoopr)\n|\n|t:|1781436917\n|switch|p1a: Ho-Oh|Ho-Oh, L71|268/268\n|move|p2a: Froslass|Spikes|p1a: Ho-Oh\n|-sidestart|p1: crustlemuscle|Spikes\n|\n|upkeep\n|turn|3\n|\n|t:|1781436928\n|switch|p2a: Kingdra|Kingdra, L84, F|263/263\n|move|p1a: Ho-Oh|Sacred Fire|p2a: Kingdra\n|-resisted|p2a: Kingdra\n|-damage|p2a: Kingdra|240/263\n|\n|upkeep\n|turn|4\n|\n|t:|1781436942\n|switch|p1a: Victreebel|Victreebel, L90, F|290/290\n|-damage|p1a: Victreebel|254/290|[from] Spikes\n|move|p2a: Kingdra|Dragon Dance|p2a: Kingdra\n|-boost|p2a: Kingdra|atk|1\n|-boost|p2a: Kingdra|spe|1\n|\n|upkeep\n|turn|5\n|\n|t:|1781436953\n|switch|p2a: Arcanine|Arcanine, L84, M|288/288\n|-ability|p2a: Arcanine|Intimidate|boost\n|-unboost|p1a: Victreebel|atk|1\n|move|p1a: Victreebel|Sunny Day|p1a: Victreebel\n|-weather|SunnyDay\n|\n|-weather|SunnyDay|[upkeep]\n|upkeep\n|turn|6\n|\n|t:|1781436963\n|switch|p1a: Ho-Oh|Ho-Oh, L71|268/268\n|move|p2a: Arcanine|Flare Blitz|p1a: Ho-Oh\n|-resisted|p1a: Ho-Oh\n|-damage|p1a: Ho-Oh|145/268\n|-damage|p2a: Arcanine|247/288|[from] Recoil\n|\n|-weather|SunnyDay|[upkeep]\n|upkeep\n|turn|7\n|j| afdasfafafdsaf\n|\n|t:|1781436980\n|move|p2a: Arcanine|Flare Blitz|p1a: Ho-Oh\n|-resisted|p1a: Ho-Oh\n|-damage|p1a: Ho-Oh|31/268\n|-damage|p2a: Arcanine|209/288|[from] Recoil\n|move|p1a: Ho-Oh|Earthquake|p2a: Arcanine\n|-supereffective|p2a: Arcanine\n|-damage|p2a: Arcanine|59/288\n|\n|-weather|SunnyDay|[upkeep]\n|upkeep\n|turn|8\n|inactive|crustlemuscle has 120 seconds left.\n|l| afdasfafafdsaf\n|\n|t:|1781437038\n|switch|p1a: Scream Tail|Scream Tail, L84|330/330\n|-damage|p1a: Scream Tail|289/330|[from] Spikes\n|-activate|p1a: Scream Tail|ability: Protosynthesis\n|-start|p1a: Scream Tail|protosynthesisspd\n|move|p2a: Arcanine|Morning Sun|p2a: Arcanine\n|-heal|p2a: Arcanine|251/288\n|\n|-weather|SunnyDay|[upkeep]\n|-heal|p1a: Scream Tail|309/330|[from] item: Leftovers\n|upkeep\n|turn|9\n|\n|t:|1781437048\n|switch|p2a: Revavroom|Revavroom, L79, M|256/256\n|move|p1a: Scream Tail|Encore||[still]\n|-fail|p1a: Scream Tail\n|\n|-weather|none\n|-end|p1a: Scream Tail|Protosynthesis\n|-heal|p1a: Scream Tail|329/330|[from] item: Leftovers\n|upkeep\n|turn|10\n|\n|t:|1781437057\n|-end|p1a: Scream Tail|Protosynthesis|[silent]\n|switch|p1a: Magearna|Magearna, L77|250/250\n|-damage|p1a: Magearna|219/250|[from] Spikes\n|move|p2a: Revavroom|Shift Gear|p2a: Revavroom\n|-boost|p2a: Revavroom|spe|2\n|-boost|p2a: Revavroom|atk|1\n|\n|-heal|p1a: Magearna|234/250|[from] item: Leftovers\n|upkeep\n|turn|11\n|\n|t:|1781437074\n|move|p2a: Revavroom|High Horsepower|p1a: Magearna\n|-supereffective|p1a: Magearna\n|-damage|p1a: Magearna|0 fnt\n|faint|p1a: Magearna\n|-damage|p2a: Revavroom|231/256|[from] item: Life Orb\n|\n|upkeep\n|\n|t:|1781437080\n|switch|p1a: Greedent|Greedent, L86, M|347/347\n|-damage|p1a: Greedent|304/347|[from] Spikes\n|turn|12\n|\n|t:|1781437090\n|switch|p2a: Hariyama|Hariyama, L87, F|392/392\n|move|p1a: Greedent|Earthquake|p2a: Hariyama\n|-damage|p2a: Hariyama|307/392\n|\n|upkeep\n|turn|13\n|\n|t:|1781437099\n|switch|p1a: Scream Tail|Scream Tail, L84|329/330\n|-damage|p1a: Scream Tail|288/330|[from] Spikes\n|move|p2a: Hariyama|Heavy Slam|p1a: Scream Tail\n|-supereffective|p1a: Scream Tail\n|-damage|p1a: Scream Tail|88/330\n|\n|-heal|p1a: Scream Tail|108/330|[from] item: Leftovers\n|upkeep\n|turn|14\n|\n|t:|1781437110\n|-end|p1a: Scream Tail|Protosynthesis|[silent]\n|switch|p1a: Ho-Oh|Ho-Oh, L71|120/268\n|move|p2a: Hariyama|Heavy Slam|p1a: Ho-Oh\n|-resisted|p1a: Ho-Oh\n|-damage|p1a: Ho-Oh|100/268\n|\n|upkeep\n|turn|15\n|\n|t:|1781437122\n|switch|p2a: Arcanine|Arcanine, L84, M|251/288\n|-ability|p2a: Arcanine|Intimidate|boost\n|-unboost|p1a: Ho-Oh|atk|1\n|move|p1a: Ho-Oh|Recover|p1a: Ho-Oh\n|-heal|p1a: Ho-Oh|234/268\n|\n|upkeep\n|turn|16\n|\n|t:|1781437132\n|switch|p2a: Kingdra|Kingdra, L84, F|240/263\n|move|p1a: Ho-Oh|Earthquake|p2a: Kingdra\n|-damage|p2a: Kingdra|196/263\n|\n|upkeep\n|turn|17\n|\n|t:|1781437139\n|move|p2a: Kingdra|Wave Crash|p1a: Ho-Oh\n|-supereffective|p1a: Ho-Oh\n|-damage|p1a: Ho-Oh|0 fnt\n|faint|p1a: Ho-Oh\n|-damage|p2a: Kingdra|119/263|[from] Recoil\n|\n|upkeep\n|\n|t:|1781437145\n|switch|p1a: Victreebel|Victreebel, L90, F|254/290\n|-damage|p1a: Victreebel|218/290|[from] Spikes\n|turn|18\n|\n|t:|1781437155\n|switch|p2a: Arcanine|Arcanine, L84, M|251/288\n|-ability|p2a: Arcanine|Intimidate|boost\n|-unboost|p1a: Victreebel|atk|1\n|move|p1a: Victreebel|Sludge Wave|p2a: Arcanine\n|-damage|p2a: Arcanine|86/288\n|-status|p2a: Arcanine|psn\n|-damage|p1a: Victreebel|189/290|[from] item: Life Orb\n|\n|-damage|p2a: Arcanine|50/288 psn|[from] psn\n|upkeep\n|turn|19\n|\n|t:|1781437167\n|switch|p1a: Scream Tail|Scream Tail, L84|108/330\n|-damage|p1a: Scream Tail|67/330|[from] Spikes\n|move|p2a: Arcanine|Morning Sun|p2a: Arcanine\n|-heal|p2a: Arcanine|194/288 psn\n|\n|-heal|p1a: Scream Tail|87/330|[from] item: Leftovers\n|-damage|p2a: Arcanine|158/288 psn|[from] psn\n|upkeep\n|turn|20\n|\n|t:|1781437176\n|move|p1a: Scream Tail|Wish|p1a: Scream Tail\n|move|p2a: Arcanine|Morning Sun|p2a: Arcanine\n|-heal|p2a: Arcanine|288/288 psn\n|\n|-heal|p1a: Scream Tail|107/330|[from] item: Leftovers\n|-damage|p2a: Arcanine|252/288 psn|[from] psn\n|upkeep\n|turn|21\n|\n|t:|1781437186\n|switch|p2a: Revavroom|Revavroom, L79, M|231/256\n|move|p1a: Scream Tail|Encore||[still]\n|-fail|p1a: Scream Tail\n|\n|-heal|p1a: Scream Tail|272/330|[from] move: Wish|[wisher] Scream Tail\n|-heal|p1a: Scream Tail|292/330|[from] item: Leftovers\n|upkeep\n|turn|22\n|\n|t:|1781437195\n|-end|p1a: Scream Tail|Protosynthesis|[silent]\n|switch|p1a: Greedent|Greedent, L86, M|304/347\n|-damage|p1a: Greedent|261/347|[from] Spikes\n|move|p2a: Revavroom|Gunk Shot|p1a: Greedent|[miss]\n|-miss|p2a: Revavroom|p1a: Greedent\n|\n|upkeep\n|turn|23\n|\n|t:|1781437204\n|switch|p2a: Hariyama|Hariyama, L87, F|307/392\n|move|p1a: Greedent|Swords Dance|p1a: Greedent\n|-boost|p1a: Greedent|atk|2\n|\n|upkeep\n|turn|24\n|\n|t:|1781437211\n|-terastallize|p1a: Greedent|Ground\n|move|p2a: Hariyama|Close Combat|p1a: Greedent\n|-damage|p1a: Greedent|107/347\n|-unboost|p2a: Hariyama|def|1\n|-unboost|p2a: Hariyama|spd|1\n|-enditem|p1a: Greedent|Sitrus Berry|[eat]\n|-heal|p1a: Greedent|193/347|[from] item: Sitrus Berry\n|-heal|p1a: Greedent|308/347|[from] ability: Cheek Pouch\n|move|p1a: Greedent|Earthquake|p2a: Hariyama\n|-damage|p2a: Hariyama|0 fnt\n|faint|p2a: Hariyama\n|\n|upkeep\n|\n|t:|1781437216\n|switch|p2a: Kingdra|Kingdra, L84, F|119/263\n|turn|25\n|\n|t:|1781437227\n|switch|p1a: Arceus|Arceus-Grass, L73|296/296\n|-damage|p1a: Arceus|259/296|[from] Spikes\n|move|p2a: Kingdra|Wave Crash|p1a: Arceus\n|-resisted|p1a: Arceus\n|-damage|p1a: Arceus|203/296\n|-damage|p2a: Kingdra|101/263|[from] Recoil\n|\n|upkeep\n|turn|26\n|\n|t:|1781437239\n|move|p1a: Arceus|Calm Mind|p1a: Arceus\n|-boost|p1a: Arceus|spa|1\n|-boost|p1a: Arceus|spd|1\n|move|p2a: Kingdra|Outrage|p1a: Arceus\n|-damage|p1a: Arceus|97/296\n|\n|upkeep\n|turn|27\n|\n|t:|1781437245\n|move|p1a: Arceus|Recover|p1a: Arceus\n|-heal|p1a: Arceus|245/296\n|move|p2a: Kingdra|Outrage|p1a: Arceus|[from] lockedmove\n|-damage|p1a: Arceus|142/296\n|\n|upkeep\n|turn|28\n|\n|t:|1781437251\n|move|p1a: Arceus|Judgment|p2a: Kingdra\n|-damage|p2a: Kingdra|0 fnt\n|faint|p2a: Kingdra\n|\n|upkeep\n|\n|t:|1781437257\n|switch|p2a: Froslass|Froslass, L87, F|263/263\n|turn|29\n|\n|t:|1781437263\n|switch|p1a: Greedent|Greedent, L86, M, tera:Ground|308/347\n|-damage|p1a: Greedent|265/347|[from] Spikes\n|move|p2a: Froslass|Triple Axel|p1a: Greedent\n|-supereffective|p1a: Greedent\n|-damage|p1a: Greedent|229/347\n|-supereffective|p1a: Greedent\n|-damage|p1a: Greedent|161/347\n|-supereffective|p1a: Greedent\n|-damage|p1a: Greedent|59/347\n|-hitcount|p1a: Greedent|3\n|\n|upkeep\n|turn|30\n|\n|t:|1781437273\n|move|p2a: Froslass|Triple Axel|p1a: Greedent\n|-supereffective|p1a: Greedent\n|-damage|p1a: Greedent|23/347\n|-supereffective|p1a: Greedent\n|-damage|p1a: Greedent|0 fnt\n|faint|p1a: Greedent\n|-hitcount|p1: Greedent|2\n|\n|upkeep\n|\n|t:|1781437279\n|switch|p1a: Scream Tail|Scream Tail, L84|292/330\n|-damage|p1a: Scream Tail|251/330|[from] Spikes\n|turn|31\n|\n|t:|1781437287\n|move|p2a: Froslass|Poltergeist|p1a: Scream Tail\n|-activate|p1a: Scream Tail|move: Poltergeist|Leftovers\n|-supereffective|p1a: Scream Tail\n|-damage|p1a: Scream Tail|41/330\n|move|p1a: Scream Tail|Encore|p2a: Froslass\n|-start|p2a: Froslass|Encore\n|\n|-heal|p1a: Scream Tail|61/330|[from] item: Leftovers\n|upkeep\n|turn|32\n|\n|t:|1781437295\n|move|p2a: Froslass|Poltergeist|p1a: Scream Tail\n|-activate|p1a: Scream Tail|move: Poltergeist|Leftovers\n|-supereffective|p1a: Scream Tail\n|-damage|p1a: Scream Tail|0 fnt\n|faint|p1a: Scream Tail\n|-end|p1a: Scream Tail|Protosynthesis|[silent]\n|\n|upkeep\n|\n|t:|1781437300\n|switch|p1a: Victreebel|Victreebel, L90, F|189/290\n|-damage|p1a: Victreebel|153/290|[from] Spikes\n|turn|33\n|\n|t:|1781437304\n|move|p2a: Froslass|Poltergeist|p1a: Victreebel\n|-activate|p1a: Victreebel|move: Poltergeist|Life Orb\n|-crit|p1a: Victreebel\n|-damage|p1a: Victreebel|0 fnt\n|faint|p1a: Victreebel\n|\n|upkeep\n|-message|crustlemuscle forfeited.\n|\n|win|lecoopr\n", "uploadtime": 1781436897, "views": 7, "formatid": "gen9randombattle", "rating": null, "private": 0, "password": null}