{"id": "gen9randombattle-2631457292", "format": "[Gen 9] Random Battle", "players": ["Fizzbamsen", "Chicken347"], "log": "|j|\u2606Fizzbamsen\n|j|\u2606Chicken347\n|t:|1781387020\n|gametype|singles\n|player|p1|Fizzbamsen|170|1951\n|player|p2|Chicken347|266|1983\n|gen|9\n|tier|[Gen 9] Random Battle\n|rated|\n|rule|Species Clause: Limit one of each Pok\u00e9mon\n|rule|HP Percentage Mod: HP is shown in percentages\n|rule|Sleep Clause Mod: Limit one foe put to sleep\n|rule|Illusion Level Mod: Illusion disguises the Pok\u00e9mon's true level\n|\n|t:|1781387020\n|teamsize|p1|6\n|teamsize|p2|6\n|start\n|switch|p1a: Forretress|Forretress, L84, M|263/263\n|switch|p2a: Kingambit|Kingambit, L74, F|270/270\n|turn|1\n|inactive|Battle timer is ON: inactive players will automatically lose when time's up. (requested by Fizzbamsen)\n|\n|t:|1781387040\n|-end|p2a: Kingambit|fallenundefined|[silent]\n|switch|p2a: Noctowl|Noctowl, L95, M|344/344\n|move|p1a: Forretress|Thunder Wave|p2a: Noctowl\n|-status|p2a: Noctowl|par\n|\n|upkeep\n|turn|2\n|\n|t:|1781387050\n|move|p1a: Forretress|Stealth Rock|p2a: Noctowl\n|-sidestart|p2: Chicken347|move: Stealth Rock\n|move|p2a: Noctowl|Nasty Plot|p2a: Noctowl\n|-boost|p2a: Noctowl|spa|2\n|\n|upkeep\n|turn|3\n|\n|t:|1781387053\n|move|p1a: Forretress|Iron Head|p2a: Noctowl\n|-damage|p2a: Noctowl|241/344 par\n|cant|p2a: Noctowl|flinch\n|\n|upkeep\n|turn|4\n|\n|t:|1781387057\n|move|p1a: Forretress|Iron Head|p2a: Noctowl\n|-damage|p2a: Noctowl|136/344 par\n|move|p2a: Noctowl|Hyper Voice|p1a: Forretress\n|-resisted|p1a: Forretress\n|-ability|p1a: Forretress|Sturdy\n|-damage|p1a: Forretress|1/263\n|\n|-heal|p1a: Forretress|17/263|[from] item: Leftovers\n|upkeep\n|turn|5\n|\n|t:|1781387062\n|move|p1a: Forretress|Iron Head|p2a: Noctowl\n|-damage|p2a: Noctowl|30/344 par\n|cant|p2a: Noctowl|flinch\n|\n|-heal|p1a: Forretress|33/263|[from] item: Leftovers\n|upkeep\n|turn|6\n|\n|t:|1781387067\n|move|p1a: Forretress|Rapid Spin|p2a: Noctowl\n|-damage|p2a: Noctowl|0 fnt\n|-boost|p1a: Forretress|spe|1\n|faint|p2a: Noctowl\n|\n|-heal|p1a: Forretress|49/263|[from] item: Leftovers\n|upkeep\n|\n|t:|1781387071\n|switch|p2a: Swampert|Swampert, L83, F|302/302\n|-damage|p2a: Swampert|284/302|[from] Stealth Rock\n|turn|7\n|\n|t:|1781387077\n|move|p1a: Forretress|Iron Head|p2a: Swampert\n|-resisted|p2a: Swampert\n|-damage|p2a: Swampert|245/302\n|move|p2a: Swampert|Earthquake|p1a: Forretress\n|-damage|p1a: Forretress|0 fnt\n|faint|p1a: Forretress\n|\n|-heal|p2a: Swampert|263/302|[from] item: Leftovers\n|upkeep\n|\n|t:|1781387081\n|switch|p1a: Leafeon|Leafeon, L88, M|258/258\n|turn|8\n|\n|t:|1781387096\n|-terastallize|p2a: Swampert|Poison\n|move|p1a: Leafeon|Swords Dance|p1a: Leafeon\n|-boost|p1a: Leafeon|atk|2\n|move|p2a: Swampert|Ice Beam|p1a: Leafeon\n|-supereffective|p1a: Leafeon\n|-damage|p1a: Leafeon|128/258\n|\n|-heal|p2a: Swampert|281/302|[from] item: Leftovers\n|upkeep\n|turn|9\n|\n|t:|1781387105\n|move|p1a: Leafeon|Double-Edge|p2a: Swampert\n|-damage|p2a: Swampert|0 fnt\n|faint|p2a: Swampert\n|-damage|p1a: Leafeon|35/258|[from] Recoil\n|-damage|p1a: Leafeon|10/258|[from] item: Life Orb\n|\n|upkeep\n|\n|t:|1781387113\n|switch|p2a: Kingambit|Kingambit, L74, F|270/270\n|-damage|p2a: Kingambit|254/270|[from] Stealth Rock\n|-activate|p2a: Kingambit|ability: Supreme Overlord\n|-start|p2a: Kingambit|fallen2|[silent]\n|turn|10\n|\n|t:|1781387117\n|move|p2a: Kingambit|Sucker Punch|p1a: Leafeon\n|-damage|p1a: Leafeon|0 fnt\n|faint|p1a: Leafeon\n|\n|-heal|p2a: Kingambit|270/270|[from] item: Leftovers\n|upkeep\n|\n|t:|1781387126\n|switch|p1a: Glimmora|Glimmora, L75, M|248/248\n|turn|11\n|\n|t:|1781387143\n|-end|p2a: Kingambit|fallen2|[silent]\n|switch|p2a: Cresselia|Cresselia, L80, F|323/323\n|-damage|p2a: Cresselia|283/323|[from] Stealth Rock\n|move|p1a: Glimmora|Earth Power|p2a: Cresselia\n|-immune|p2a: Cresselia|[from] ability: Levitate\n|\n|-heal|p2a: Cresselia|303/323|[from] item: Leftovers\n|upkeep\n|turn|12\n|\n|t:|1781387148\n|switch|p1a: Illumise|Illumise, L91, F|266/266\n|move|p2a: Cresselia|Calm Mind|p2a: Cresselia\n|-boost|p2a: Cresselia|spa|1\n|-boost|p2a: Cresselia|spd|1\n|\n|-heal|p2a: Cresselia|323/323|[from] item: Leftovers\n|upkeep\n|turn|13\n|\n|t:|1781387155\n|switch|p2a: Kingambit|Kingambit, L74, F|270/270\n|-damage|p2a: Kingambit|254/270|[from] Stealth Rock\n|-activate|p2a: Kingambit|ability: Supreme Overlord\n|-start|p2a: Kingambit|fallen2|[silent]\n|move|p1a: Illumise|Encore|p2a: Kingambit\n|-hint|Since gen 7, Dark is immune to Prankster moves.\n|-immune|p2a: Kingambit\n|\n|-heal|p2a: Kingambit|270/270|[from] item: Leftovers\n|upkeep\n|turn|14\n|\n|t:|1781387163\n|switch|p1a: Glimmora|Glimmora, L75, M|248/248\n|-end|p2a: Kingambit|fallen2|[silent]\n|switch|p2a: Cresselia|Cresselia, L80, F|323/323\n|-damage|p2a: Cresselia|283/323|[from] Stealth Rock\n|\n|-heal|p2a: Cresselia|303/323|[from] item: Leftovers\n|upkeep\n|turn|15\n|\n|t:|1781387168\n|move|p2a: Cresselia|Psyshock|p1a: Glimmora\n|-supereffective|p1a: Glimmora\n|-damage|p1a: Glimmora|98/248\n|move|p1a: Glimmora|Mortal Spin|p2a: Cresselia\n|-crit|p2a: Cresselia\n|-damage|p2a: Cresselia|278/323\n|-status|p2a: Cresselia|psn\n|\n|-heal|p2a: Cresselia|298/323 psn|[from] item: Leftovers\n|-damage|p2a: Cresselia|258/323 psn|[from] psn\n|upkeep\n|turn|16\n|\n|t:|1781387176\n|switch|p1a: Illumise|Illumise, L91, F|266/266\n|move|p2a: Cresselia|Psyshock|p1a: Illumise\n|-damage|p1a: Illumise|193/266\n|\n|-heal|p2a: Cresselia|278/323 psn|[from] item: Leftovers\n|-damage|p2a: Cresselia|238/323 psn|[from] psn\n|upkeep\n|turn|17\n|\n|t:|1781387189\n|switch|p2a: Garganacl|Garganacl, L80, F|291/291\n|-damage|p2a: Garganacl|255/291|[from] Stealth Rock\n|move|p1a: Illumise|Bug Buzz|p2a: Garganacl\n|-damage|p2a: Garganacl|158/291\n|\n|-heal|p2a: Garganacl|176/291|[from] item: Leftovers\n|upkeep\n|turn|18\n|\n|t:|1781387196\n|move|p1a: Illumise|Bug Buzz|p2a: Garganacl\n|-damage|p2a: Garganacl|85/291\n|move|p2a: Garganacl|Salt Cure|p1a: Illumise\n|-supereffective|p1a: Illumise\n|-damage|p1a: Illumise|107/266\n|-start|p1a: Illumise|Salt Cure\n|\n|-heal|p2a: Garganacl|103/291|[from] item: Leftovers\n|-damage|p1a: Illumise|74/266|[from] Salt Cure\n|upkeep\n|turn|19\n|\n|t:|1781387204\n|switch|p1a: Glimmora|Glimmora, L75, M|98/248\n|move|p2a: Garganacl|Recover|p2a: Garganacl\n|-heal|p2a: Garganacl|249/291\n|\n|-heal|p2a: Garganacl|267/291|[from] item: Leftovers\n|upkeep\n|turn|20\n|\n|t:|1781387212\n|move|p2a: Garganacl|Protect|p2a: Garganacl\n|-singleturn|p2a: Garganacl|Protect\n|move|p1a: Glimmora|Earth Power|p2a: Garganacl\n|-activate|p2a: Garganacl|move: Protect\n|\n|-heal|p2a: Garganacl|285/291|[from] item: Leftovers\n|upkeep\n|turn|21\n|\n|t:|1781387225\n|switch|p2a: Cresselia|Cresselia, L80, F|238/323 psn\n|-damage|p2a: Cresselia|198/323 psn|[from] Stealth Rock\n|move|p1a: Glimmora|Earth Power|p2a: Cresselia\n|-immune|p2a: Cresselia|[from] ability: Levitate\n|\n|-heal|p2a: Cresselia|218/323 psn|[from] item: Leftovers\n|-damage|p2a: Cresselia|178/323 psn|[from] psn\n|upkeep\n|turn|22\n|\n|t:|1781387234\n|move|p2a: Cresselia|Moonblast|p1a: Glimmora\n|-resisted|p1a: Glimmora\n|-damage|p1a: Glimmora|77/248\n|move|p1a: Glimmora|Sludge Wave|p2a: Cresselia\n|-damage|p2a: Cresselia|97/323 psn\n|\n|-heal|p2a: Cresselia|117/323 psn|[from] item: Leftovers\n|-damage|p2a: Cresselia|77/323 psn|[from] psn\n|upkeep\n|turn|23\n|\n|t:|1781387239\n|move|p2a: Cresselia|Psyshock|p1a: Glimmora\n|-supereffective|p1a: Glimmora\n|-damage|p1a: Glimmora|0 fnt\n|faint|p1a: Glimmora\n|\n|-heal|p2a: Cresselia|97/323 psn|[from] item: Leftovers\n|-damage|p2a: Cresselia|57/323 psn|[from] psn\n|upkeep\n|\n|t:|1781387241\n|switch|p1a: Illumise|Illumise, L91, F|74/266\n|turn|24\n|\n|t:|1781387243\n|move|p1a: Illumise|Bug Buzz|p2a: Cresselia\n|-supereffective|p2a: Cresselia\n|-damage|p2a: Cresselia|0 fnt\n|faint|p2a: Cresselia\n|\n|upkeep\n|\n|t:|1781387247\n|switch|p2a: Garganacl|Garganacl, L80, F|285/291\n|-damage|p2a: Garganacl|249/291|[from] Stealth Rock\n|turn|25\n|\n|t:|1781387251\n|move|p1a: Illumise|Bug Buzz|p2a: Garganacl\n|-damage|p2a: Garganacl|162/291\n|move|p2a: Garganacl|Salt Cure|p1a: Illumise\n|-supereffective|p1a: Illumise\n|-damage|p1a: Illumise|0 fnt\n|faint|p1a: Illumise\n|\n|-heal|p2a: Garganacl|180/291|[from] item: Leftovers\n|upkeep\n|\n|t:|1781387256\n|switch|p1a: Porygon-Z|Porygon-Z, L83|277/277\n|turn|26\n|\n|t:|1781387274\n|-terastallize|p1a: Porygon-Z|Fighting\n|move|p1a: Porygon-Z|Nasty Plot|p1a: Porygon-Z\n|-boost|p1a: Porygon-Z|spa|2\n|move|p2a: Garganacl|Body Press|p1a: Porygon-Z\n|-damage|p1a: Porygon-Z|192/277\n|\n|-heal|p2a: Garganacl|198/291|[from] item: Leftovers\n|upkeep\n|turn|27\n|\n|t:|1781387282\n|move|p2a: Garganacl|Protect|p2a: Garganacl\n|-singleturn|p2a: Garganacl|Protect\n|move|p1a: Porygon-Z|Tera Blast|p2a: Garganacl|[anim] Tera Blast Fighting\n|-activate|p2a: Garganacl|move: Protect\n|\n|-heal|p2a: Garganacl|216/291|[from] item: Leftovers\n|upkeep\n|turn|28\n|\n|t:|1781387285\n|move|p1a: Porygon-Z|Tera Blast|p2a: Garganacl|[anim] Tera Blast Fighting\n|-supereffective|p2a: Garganacl\n|-damage|p2a: Garganacl|0 fnt\n|faint|p2a: Garganacl\n|-damage|p1a: Porygon-Z|165/277|[from] item: Life Orb\n|\n|upkeep\n|\n|t:|1781387294\n|switch|p2a: Kingambit|Kingambit, L74, F|270/270\n|-damage|p2a: Kingambit|254/270|[from] Stealth Rock\n|-activate|p2a: Kingambit|ability: Supreme Overlord\n|-start|p2a: Kingambit|fallen4|[silent]\n|turn|29\n|\n|t:|1781387297\n|move|p2a: Kingambit|Sucker Punch|p1a: Porygon-Z\n|-resisted|p1a: Porygon-Z\n|-damage|p1a: Porygon-Z|105/277\n|move|p1a: Porygon-Z|Tera Blast|p2a: Kingambit|[anim] Tera Blast Fighting\n|-supereffective|p2a: Kingambit\n|-damage|p2a: Kingambit|0 fnt\n|faint|p2a: Kingambit\n|-end|p2a: Kingambit|fallen4|[silent]\n|-damage|p1a: Porygon-Z|78/277|[from] item: Life Orb\n|\n|upkeep\n|-message|Chicken347 forfeited.\n|\n|win|Fizzbamsen\n", "uploadtime": 1781387022, "views": 4, "formatid": "gen9randombattle", "rating": null, "private": 0, "password": null}