{"id": "gen9randombattle-2631684135", "format": "[Gen 9] Random Battle", "players": ["ndjfjcjvnvn", "surge_phoenix"], "log": "|j|\u2606ndjfjcjvnvn\n|j|\u2606surge_phoenix\n|t:|1781421227\n|gametype|singles\n|player|p1|ndjfjcjvnvn|2|\n|player|p2|surge_phoenix|steven|\n|gen|9\n|tier|[Gen 9] Random Battle\n|rule|Species Clause: Limit one of each Pok\u00e9mon\n|rule|HP Percentage Mod: HP is shown in percentages\n|rule|Sleep Clause Mod: Limit one foe put to sleep\n|rule|Illusion Level Mod: Illusion disguises the Pok\u00e9mon's true level\n|\n|t:|1781421227\n|teamsize|p1|6\n|teamsize|p2|6\n|start\n|switch|p1a: Clawitzer|Clawitzer, L87, M|265/265\n|switch|p2a: Garganacl|Garganacl, L80, M|291/291\n|turn|1\n|inactive|Battle timer is ON: inactive players will automatically lose when time's up. (requested by surge_phoenix)\n|\n|t:|1781421257\n|switch|p2a: Kilowattrel|Kilowattrel, L83, F|252/252\n|move|p1a: Clawitzer|Water Pulse|p2a: Kilowattrel\n|-damage|p2a: Kilowattrel|86/252\n|\n|upkeep\n|turn|2\n|\n|t:|1781421275\n|move|p2a: Kilowattrel|Thunderbolt|p1a: Clawitzer\n|-supereffective|p1a: Clawitzer\n|-damage|p1a: Clawitzer|143/265\n|-status|p1a: Clawitzer|par\n|move|p1a: Clawitzer|U-turn|p2a: Kilowattrel\n|-resisted|p2a: Kilowattrel\n|-damage|p2a: Kilowattrel|60/252\n|\n|t:|1781421283\n|switch|p1a: Grimmsnarl|Grimmsnarl, L83, M|293/293|[from] U-turn\n|\n|upkeep\n|turn|3\n|\n|t:|1781421289\n|move|p1a: Grimmsnarl|Light Screen|p1a: Grimmsnarl\n|-sidestart|p1: ndjfjcjvnvn|move: Light Screen\n|move|p2a: Kilowattrel|Roost|p2a: Kilowattrel\n|-heal|p2a: Kilowattrel|186/252\n|-singleturn|p2a: Kilowattrel|move: Roost\n|\n|upkeep\n|turn|4\n|\n|t:|1781421298\n|move|p1a: Grimmsnarl|Reflect|p1a: Grimmsnarl\n|-sidestart|p1: ndjfjcjvnvn|Reflect\n|move|p2a: Kilowattrel|U-turn|p1a: Grimmsnarl\n|-damage|p1a: Grimmsnarl|271/293\n|\n|t:|1781421305\n|switch|p2a: Overqwil|Overqwil, L82, M|274/274|[from] U-turn\n|-ability|p2a: Overqwil|Intimidate|boost\n|-unboost|p1a: Grimmsnarl|atk|1\n|\n|upkeep\n|turn|5\n|\n|t:|1781421312\n|move|p2a: Overqwil|Swords Dance|p2a: Overqwil\n|-boost|p2a: Overqwil|atk|2\n|move|p1a: Grimmsnarl|Spirit Break|p2a: Overqwil\n|-damage|p2a: Overqwil|210/274\n|-unboost|p2a: Overqwil|spa|1\n|\n|upkeep\n|turn|6\n|\n|t:|1781421327\n|move|p1a: Grimmsnarl|Thunder Wave|p2a: Overqwil\n|-hint|Since gen 7, Dark is immune to Prankster moves.\n|-immune|p2a: Overqwil\n|move|p2a: Overqwil|Gunk Shot|p1a: Grimmsnarl|[miss]\n|-miss|p2a: Overqwil|p1a: Grimmsnarl\n|\n|upkeep\n|turn|7\n|\n|t:|1781421336\n|move|p2a: Overqwil|Swords Dance|p2a: Overqwil\n|-boost|p2a: Overqwil|atk|2\n|move|p1a: Grimmsnarl|Spirit Break|p2a: Overqwil\n|-crit|p2a: Overqwil\n|-damage|p2a: Overqwil|81/274\n|-unboost|p2a: Overqwil|spa|1\n|\n|upkeep\n|turn|8\n|\n|t:|1781421345\n|move|p2a: Overqwil|Gunk Shot|p1a: Grimmsnarl\n|-supereffective|p1a: Grimmsnarl\n|-damage|p1a: Grimmsnarl|0 fnt\n|faint|p1a: Grimmsnarl\n|\n|upkeep\n|\n|t:|1781421359\n|switch|p1a: Medicham|Medicham, L86, F|243/243\n|turn|9\n|\n|t:|1781421371\n|move|p1a: Medicham|Bullet Punch|p2a: Overqwil\n|-damage|p2a: Overqwil|24/274\n|move|p2a: Overqwil|Gunk Shot|p1a: Medicham\n|-damage|p1a: Medicham|26/243\n|-status|p1a: Medicham|psn\n|\n|-damage|p1a: Medicham|0 fnt|[from] psn\n|faint|p1a: Medicham\n|upkeep\n|\n|t:|1781421382\n|switch|p1a: Scovillain|Scovillain, L91, M|266/266\n|turn|10\n|\n|t:|1781421402\n|move|p1a: Scovillain|Stomping Tantrum|p2a: Overqwil\n|-supereffective|p2a: Overqwil\n|-damage|p2a: Overqwil|0 fnt\n|faint|p2a: Overqwil\n|\n|-sideend|p1: ndjfjcjvnvn|move: Light Screen\n|upkeep\n|\n|t:|1781421410\n|switch|p2a: Kilowattrel|Kilowattrel, L83, F|186/252\n|turn|11\n|\n|t:|1781421422\n|move|p2a: Kilowattrel|Hurricane|p1a: Scovillain|[miss]\n|-miss|p2a: Kilowattrel|p1a: Scovillain\n|move|p1a: Scovillain|Fire Blast|p2a: Kilowattrel\n|-damage|p2a: Kilowattrel|0 fnt\n|faint|p2a: Kilowattrel\n|\n|-sideend|p1: ndjfjcjvnvn|Reflect\n|upkeep\n|inactive|surge_phoenix has 270 seconds left.\n|\n|t:|1781421451\n|switch|p2a: Hitmonlee|Hitmonlee, L85, M|223/223\n|turn|12\n|\n|t:|1781421464\n|move|p2a: Hitmonlee|High Jump Kick|p1a: Scovillain\n|-damage|p1a: Scovillain|0 fnt\n|faint|p1a: Scovillain\n|\n|upkeep\n|\n|t:|1781421469\n|switch|p1a: Hitmonlee|Hitmonlee, L85, M|224/224\n|turn|13\n|inactive|surge_phoenix has 270 seconds left.\n|\n|t:|1781421477\n|move|p1a: Hitmonlee|Close Combat|p2a: Hitmonlee\n|-damage|p2a: Hitmonlee|12/223\n|-unboost|p1a: Hitmonlee|def|1\n|-unboost|p1a: Hitmonlee|spd|1\n|-enditem|p1a: Hitmonlee|White Herb\n|-clearnegativeboost|p1a: Hitmonlee|[silent]\n|move|p2a: Hitmonlee|High Jump Kick|p1a: Hitmonlee\n|-crit|p1a: Hitmonlee\n|-damage|p1a: Hitmonlee|0 fnt\n|faint|p1a: Hitmonlee\n|\n|upkeep\n|\n|t:|1781421488\n|switch|p1a: Dunsparce|Dunsparce, L86, M|312/312\n|turn|14\n|\n|t:|1781421502\n|switch|p2a: Garganacl|Garganacl, L80, M|291/291\n|move|p1a: Dunsparce|Body Slam|p2a: Garganacl\n|-resisted|p2a: Garganacl\n|-damage|p2a: Garganacl|262/291\n|\n|-heal|p2a: Garganacl|280/291|[from] item: Leftovers\n|upkeep\n|turn|15\n|\n|t:|1781421513\n|move|p1a: Dunsparce|Coil|p1a: Dunsparce\n|-boost|p1a: Dunsparce|atk|1\n|-boost|p1a: Dunsparce|def|1\n|-boost|p1a: Dunsparce|accuracy|1\n|move|p2a: Garganacl|Salt Cure|p1a: Dunsparce\n|-damage|p1a: Dunsparce|291/312\n|-start|p1a: Dunsparce|Salt Cure\n|\n|-heal|p2a: Garganacl|291/291|[from] item: Leftovers\n|-damage|p1a: Dunsparce|252/312|[from] Salt Cure\n|upkeep\n|turn|16\n|inactive|surge_phoenix has 270 seconds left.\n|\n|t:|1781421530\n|move|p1a: Dunsparce|Coil|p1a: Dunsparce\n|-boost|p1a: Dunsparce|atk|1\n|-boost|p1a: Dunsparce|def|1\n|-boost|p1a: Dunsparce|accuracy|1\n|move|p2a: Garganacl|Iron Defense|p2a: Garganacl\n|-boost|p2a: Garganacl|def|2\n|\n|-damage|p1a: Dunsparce|213/312|[from] Salt Cure\n|upkeep\n|turn|17\n|inactive|surge_phoenix has 270 seconds left.\n|\n|t:|1781421541\n|move|p1a: Dunsparce|Earthquake|p2a: Garganacl\n|-supereffective|p2a: Garganacl\n|-damage|p2a: Garganacl|201/291\n|move|p2a: Garganacl|Body Press|p1a: Dunsparce\n|-supereffective|p1a: Dunsparce\n|-damage|p1a: Dunsparce|105/312\n|\n|-heal|p2a: Garganacl|219/291|[from] item: Leftovers\n|-damage|p1a: Dunsparce|66/312|[from] Salt Cure\n|upkeep\n|turn|18\n|inactive|surge_phoenix has 270 seconds left.\n|\n|t:|1781421552\n|move|p1a: Dunsparce|Roost|p1a: Dunsparce\n|-heal|p1a: Dunsparce|222/312\n|-singleturn|p1a: Dunsparce|move: Roost\n|move|p2a: Garganacl|Iron Defense|p2a: Garganacl\n|-boost|p2a: Garganacl|def|2\n|\n|-heal|p2a: Garganacl|237/291|[from] item: Leftovers\n|-damage|p1a: Dunsparce|183/312|[from] Salt Cure\n|upkeep\n|turn|19\n|inactive|surge_phoenix has 270 seconds left.\n|\n|t:|1781421562\n|move|p1a: Dunsparce|Coil|p1a: Dunsparce\n|-boost|p1a: Dunsparce|atk|1\n|-boost|p1a: Dunsparce|def|1\n|-boost|p1a: Dunsparce|accuracy|1\n|move|p2a: Garganacl|Body Press|p1a: Dunsparce\n|-supereffective|p1a: Dunsparce\n|-damage|p1a: Dunsparce|59/312\n|\n|-heal|p2a: Garganacl|255/291|[from] item: Leftovers\n|-damage|p1a: Dunsparce|20/312|[from] Salt Cure\n|upkeep\n|turn|20\n|inactive|surge_phoenix has 270 seconds left.\n|\n|t:|1781421573\n|move|p1a: Dunsparce|Earthquake|p2a: Garganacl\n|-supereffective|p2a: Garganacl\n|-damage|p2a: Garganacl|185/291\n|move|p2a: Garganacl|Body Press|p1a: Dunsparce\n|-supereffective|p1a: Dunsparce\n|-damage|p1a: Dunsparce|0 fnt\n|faint|p1a: Dunsparce\n|\n|-heal|p2a: Garganacl|203/291|[from] item: Leftovers\n|upkeep\n|\n|t:|1781421583\n|switch|p1a: Clawitzer|Clawitzer, L87, M|143/265 par\n|turn|21\n|\n|t:|1781421597\n|move|p2a: Garganacl|Body Press|p1a: Clawitzer\n|-damage|p1a: Clawitzer|0 fnt\n|faint|p1a: Clawitzer\n|\n|win|surge_phoenix\n|l|\u2606ndjfjcjvnvn\n|player|p1|\n", "uploadtime": 1781421607, "views": 4, "formatid": "gen9randombattle", "rating": null, "private": 0, "password": null}