{"id": "gen9randombattle-2631756922", "format": "[Gen 9] Random Battle", "players": ["horohorovasey", "professornobrainer"], "log": "|j|\u2606horohorovasey\n|j|\u2606professornobrainer\n|t:|1781434720\n|gametype|singles\n|player|p1|horohorovasey|miku-ghost|1770\n|player|p2|professornobrainer|265|1801\n|gen|9\n|tier|[Gen 9] Random Battle\n|rated|\n|rule|Species Clause: Limit one of each Pok\u00e9mon\n|rule|HP Percentage Mod: HP is shown in percentages\n|rule|Sleep Clause Mod: Limit one foe put to sleep\n|rule|Illusion Level Mod: Illusion disguises the Pok\u00e9mon's true level\n|\n|t:|1781434720\n|teamsize|p1|6\n|teamsize|p2|6\n|start\n|switch|p1a: Chesnaught|Chesnaught, L84, F|285/285\n|switch|p2a: Lunala|Lunala, L70|308/308\n|turn|1\n|inactive|Battle timer is ON: inactive players will automatically lose when time's up. (requested by horohorovasey)\n|\n|t:|1781434751\n|switch|p1a: Qwilfish|Qwilfish-Hisui, L83, F|244/244\n|-ability|p1a: Qwilfish|Intimidate|boost\n|-unboost|p2a: Lunala|atk|1\n|move|p2a: Lunala|Calm Mind|p2a: Lunala\n|-boost|p2a: Lunala|spa|1\n|-boost|p2a: Lunala|spd|1\n|\n|upkeep\n|turn|2\n|\n|t:|1781434767\n|switch|p2a: Quagsire|Quagsire, L84, M|297/297\n|move|p1a: Qwilfish|Taunt|p2a: Quagsire\n|-start|p2a: Quagsire|move: Taunt\n|\n|upkeep\n|turn|3\n|\n|t:|1781434774\n|switch|p1a: Chesnaught|Chesnaught, L84, F|285/285\n|move|p2a: Quagsire|Earthquake|p1a: Chesnaught\n|-resisted|p1a: Chesnaught\n|-damage|p1a: Chesnaught|247/285\n|\n|-heal|p1a: Chesnaught|264/285|[from] item: Leftovers\n|upkeep\n|turn|4\n|\n|t:|1781434795\n|switch|p2a: Iron Jugulis|Iron Jugulis, L77|271/271\n|move|p1a: Chesnaught|Trailblaze|p2a: Iron Jugulis\n|-resisted|p2a: Iron Jugulis\n|-damage|p2a: Iron Jugulis|238/271\n|-boost|p1a: Chesnaught|spe|1\n|\n|-heal|p1a: Chesnaught|281/285|[from] item: Leftovers\n|upkeep\n|turn|5\n|inactive|horohorovasey has 120 seconds left.\n|\n|t:|1781434828\n|switch|p1a: Klefki|Klefki, L84, M|233/233\n|move|p2a: Iron Jugulis|Hurricane|p1a: Klefki\n|-resisted|p1a: Klefki\n|-damage|p1a: Klefki|169/233\n|\n|-heal|p1a: Klefki|183/233|[from] item: Leftovers\n|upkeep\n|turn|6\n|inactive|horohorovasey has 120 seconds left.\n|\n|t:|1781434850\n|-end|p2a: Iron Jugulis|Quark Drive|[silent]\n|switch|p2a: Quagsire|Quagsire, L84, M|297/297\n|move|p1a: Klefki|Spikes|p2a: Quagsire\n|-sidestart|p2: professornobrainer|Spikes\n|\n|-heal|p1a: Klefki|197/233|[from] item: Leftovers\n|upkeep\n|turn|7\n|inactive|horohorovasey has 120 seconds left.\n|\n|t:|1781434858\n|move|p1a: Klefki|Magnet Rise|p1a: Klefki\n|-start|p1a: Klefki|Magnet Rise\n|move|p2a: Quagsire|Spikes|p1a: Klefki\n|-sidestart|p1: horohorovasey|Spikes\n|\n|-heal|p1a: Klefki|211/233|[from] item: Leftovers\n|upkeep\n|turn|8\n|inactive|professornobrainer has 120 seconds left.\n|\n|t:|1781434888\n|move|p1a: Klefki|Spikes|p2a: Quagsire\n|-sidestart|p2: professornobrainer|Spikes\n|move|p2a: Quagsire|Spikes|p1a: Klefki\n|-sidestart|p1: horohorovasey|Spikes\n|\n|-heal|p1a: Klefki|225/233|[from] item: Leftovers\n|upkeep\n|turn|9\n|\n|t:|1781434892\n|move|p1a: Klefki|Spikes|p2a: Quagsire\n|-sidestart|p2: professornobrainer|Spikes\n|move|p2a: Quagsire|Spikes|p1a: Klefki\n|-sidestart|p1: horohorovasey|Spikes\n|\n|-heal|p1a: Klefki|233/233|[from] item: Leftovers\n|upkeep\n|turn|10\n|\n|t:|1781434896\n|move|p1a: Klefki|Play Rough|p2a: Quagsire\n|-damage|p2a: Quagsire|212/297\n|move|p2a: Quagsire|Toxic|p1a: Klefki|[miss]\n|-miss|p2a: Quagsire|p1a: Klefki\n|\n|-heal|p2a: Quagsire|230/297|[from] item: Leftovers\n|upkeep\n|turn|11\n|\n|t:|1781434906\n|move|p1a: Klefki|Play Rough|p2a: Quagsire\n|-damage|p2a: Quagsire|151/297\n|move|p2a: Quagsire|Recover|p2a: Quagsire\n|-heal|p2a: Quagsire|297/297\n|\n|-end|p1a: Klefki|Magnet Rise\n|upkeep\n|turn|12\n|inactive|professornobrainer has 120 seconds left.\n|inactive|professornobrainer has 90 seconds left.\n|\n|t:|1781434972\n|switch|p2a: Volbeat|Volbeat, L90, M|263/263\n|move|p1a: Klefki|Play Rough|p2a: Volbeat\n|-damage|p2a: Volbeat|175/263\n|\n|upkeep\n|turn|13\n|inactive|professornobrainer has 90 seconds left.\n|\n|t:|1781434987\n|switch|p1a: Qwilfish|Qwilfish-Hisui, L83, F|244/244\n|-damage|p1a: Qwilfish|183/244|[from] Spikes\n|-ability|p1a: Qwilfish|Intimidate|boost\n|-unboost|p2a: Volbeat|atk|1\n|move|p2a: Volbeat|Thunder Wave|p1a: Qwilfish\n|-hint|Since gen 7, Dark is immune to Prankster moves.\n|-immune|p1a: Qwilfish\n|\n|upkeep\n|turn|14\n|\n|t:|1781434999\n|move|p2a: Volbeat|U-turn|p1a: Qwilfish\n|-damage|p1a: Qwilfish|149/244\n|\n|t:|1781435017\n|switch|p2a: Quagsire|Quagsire, L84, M|297/297|[from] U-turn\n|-damage|p2a: Quagsire|223/297|[from] Spikes\n|move|p1a: Qwilfish|Gunk Shot|p2a: Quagsire|[miss]\n|-miss|p1a: Qwilfish|p2a: Quagsire\n|\n|-heal|p2a: Quagsire|241/297|[from] item: Leftovers\n|upkeep\n|turn|15\n|\n|t:|1781435027\n|switch|p1a: Ribombee|Ribombee, L83, F|235/235\n|move|p2a: Quagsire|Toxic|p1a: Ribombee|[miss]\n|-miss|p2a: Quagsire|p1a: Ribombee\n|\n|-heal|p2a: Quagsire|259/297|[from] item: Leftovers\n|upkeep\n|turn|16\n|inactive|professornobrainer has 60 seconds left.\n|\n|t:|1781435080\n|switch|p2a: Volbeat|Volbeat, L90, M|175/263\n|move|p1a: Ribombee|Sticky Web|p2a: Volbeat\n|-sidestart|p2: professornobrainer|move: Sticky Web\n|\n|upkeep\n|turn|17\n|\n|t:|1781435086\n|move|p1a: Ribombee|U-turn|p2a: Volbeat\n|-damage|p2a: Volbeat|121/263\n|\n|t:|1781435089\n|switch|p1a: Klefki|Klefki, L84, M|233/233|[from] U-turn\n|-damage|p1a: Klefki|175/233|[from] Spikes\n|move|p2a: Volbeat|U-turn|p1a: Klefki\n|-resisted|p1a: Klefki\n|-damage|p1a: Klefki|160/233\n|inactive|professornobrainer has 30 seconds left.\n|inactive|professornobrainer has 20 seconds left.\n|inactive|professornobrainer has 15 seconds left.\n|inactive|professornobrainer has 10 seconds left.\n|inactive|professornobrainer has 5 seconds left.\n|\n|t:|1781435135\n|switch|p2a: Lunala|Lunala, L70|308/308|[from] U-turn\n|-damage|p2a: Lunala|231/308|[from] Spikes\n|-activate|p2a: Lunala|move: Sticky Web\n|-unboost|p2a: Lunala|spe|1\n|\n|-heal|p1a: Klefki|174/233|[from] item: Leftovers\n|-heal|p2a: Lunala|250/308|[from] item: Leftovers\n|upkeep\n|turn|18\n|inactive|professornobrainer has 15 seconds left this turn.\n|inactive|professornobrainer has 10 seconds left.\n|\n|t:|1781435143\n|move|p1a: Klefki|Thunder Wave|p2a: Lunala\n|-status|p2a: Lunala|par\n|move|p2a: Lunala|Moongeist Beam|p1a: Klefki\n|-damage|p1a: Klefki|74/233\n|\n|-heal|p1a: Klefki|88/233|[from] item: Leftovers\n|-heal|p2a: Lunala|269/308 par|[from] item: Leftovers\n|upkeep\n|turn|19\n|inactive|professornobrainer has 20 seconds left this turn.\n|inactive|professornobrainer has 15 seconds left.\n|inactive|professornobrainer has 10 seconds left.\n|\n|t:|1781435157\n|move|p1a: Klefki|Play Rough|p2a: Lunala\n|-damage|p2a: Lunala|173/308 par\n|move|p2a: Lunala|Moongeist Beam|p1a: Klefki\n|-damage|p1a: Klefki|0 fnt\n|faint|p1a: Klefki\n|\n|-heal|p2a: Lunala|192/308 par|[from] item: Leftovers\n|upkeep\n|\n|t:|1781435171\n|switch|p1a: Qwilfish|Qwilfish-Hisui, L83, F|149/244\n|-damage|p1a: Qwilfish|88/244|[from] Spikes\n|-ability|p1a: Qwilfish|Intimidate|boost\n|-unboost|p2a: Lunala|atk|1\n|turn|20\n|inactive|professornobrainer has 25 seconds left this turn.\n|inactive|professornobrainer has 20 seconds left.\n|inactive|professornobrainer has 15 seconds left.\n|\n|t:|1781435184\n|switch|p2a: Quagsire|Quagsire, L84, M|259/297\n|-damage|p2a: Quagsire|185/297|[from] Spikes\n|-activate|p2a: Quagsire|move: Sticky Web\n|-unboost|p2a: Quagsire|spe|1\n|move|p1a: Qwilfish|Crunch|p2a: Quagsire\n|-crit|p2a: Quagsire\n|-damage|p2a: Quagsire|58/297\n|-unboost|p2a: Quagsire|def|1\n|\n|-heal|p2a: Quagsire|76/297|[from] item: Leftovers\n|upkeep\n|turn|21\n|inactive|professornobrainer has 25 seconds left this turn.\n|inactive|professornobrainer has 20 seconds left.\n|inactive|professornobrainer has 15 seconds left.\n|c|\u2606professornobrainer|lmao\n|\n|t:|1781435198\n|move|p1a: Qwilfish|Crunch|p2a: Quagsire\n|-damage|p2a: Quagsire|0 fnt\n|faint|p2a: Quagsire\n|\n|upkeep\n|inactive|professornobrainer has 20 seconds left this turn.\n|inactive|professornobrainer has 15 seconds left.\n|inactive|professornobrainer has 10 seconds left.\n|inactive|professornobrainer has 5 seconds left.\n|\n|t:|1781435214\n|switch|p2a: Iron Jugulis|Iron Jugulis, L77|238/271\n|turn|22\n|inactive|professornobrainer has 15 seconds left this turn.\n|inactive|professornobrainer has 10 seconds left.\n|\n|t:|1781435220\n|move|p2a: Iron Jugulis|Meteor Beam||[still]\n|-prepare|p2a: Iron Jugulis|Meteor Beam\n|-boost|p2a: Iron Jugulis|spa|1\n|-enditem|p2a: Iron Jugulis|Power Herb\n|-anim|p2a: Iron Jugulis|Meteor Beam|p1a: Qwilfish\n|-damage|p1a: Qwilfish|0 fnt\n|faint|p1a: Qwilfish\n|\n|upkeep\n|\n|t:|1781435235\n|switch|p1a: Ribombee|Ribombee, L83, F|235/235\n|turn|23\n|inactive|professornobrainer has 25 seconds left this turn.\n|c|\u2606professornobrainer|just had to crit\n|inactive|professornobrainer has 20 seconds left.\n|inactive|professornobrainer has 15 seconds left.\n|\n|t:|1781435248\n|-terastallize|p1a: Ribombee|Ghost\n|move|p1a: Ribombee|Moonblast|p2a: Iron Jugulis\n|-supereffective|p2a: Iron Jugulis\n|-crit|p2a: Iron Jugulis\n|-damage|p2a: Iron Jugulis|0 fnt\n|faint|p2a: Iron Jugulis\n|-end|p2a: Iron Jugulis|Quark Drive|[silent]\n|\n|upkeep\n|inactive|professornobrainer has 20 seconds left this turn.\n|inactive|professornobrainer has 15 seconds left.\n|c|\u2606horohorovasey|mb\n|inactive|professornobrainer has 10 seconds left.\n|\n|t:|1781435261\n|switch|p2a: Hypno|Hypno, L95, F|315/315\n|-damage|p2a: Hypno|237/315|[from] Spikes\n|-activate|p2a: Hypno|move: Sticky Web\n|-unboost|p2a: Hypno|spe|1\n|turn|24\n|inactive|professornobrainer has 20 seconds left this turn.\n|inactive|professornobrainer has 15 seconds left.\n|\n|t:|1781435267\n|move|p1a: Ribombee|Bug Buzz|p2a: Hypno\n|-supereffective|p2a: Hypno\n|-damage|p2a: Hypno|97/315\n|move|p2a: Hypno|Knock Off|p1a: Ribombee\n|-supereffective|p1a: Ribombee\n|-damage|p1a: Ribombee|55/235\n|-enditem|p1a: Ribombee|Heavy-Duty Boots|[from] move: Knock Off|[of] p2a: Hypno\n|\n|-heal|p2a: Hypno|116/315|[from] item: Leftovers\n|upkeep\n|turn|25\n|inactive|professornobrainer has 25 seconds left this turn.\n|inactive|professornobrainer has 20 seconds left.\n|\n|t:|1781435277\n|move|p1a: Ribombee|Bug Buzz|p2a: Hypno\n|-supereffective|p2a: Hypno\n|-damage|p2a: Hypno|0 fnt\n|faint|p2a: Hypno\n|\n|upkeep\n|inactive|professornobrainer has 25 seconds left this turn.\n|inactive|professornobrainer has 20 seconds left.\n|inactive|professornobrainer has 15 seconds left.\n|\n|t:|1781435289\n|switch|p2a: Comfey|Comfey, L85, M|225/225\n|-damage|p2a: Comfey|169/225|[from] Spikes\n|-activate|p2a: Comfey|move: Sticky Web\n|-unboost|p2a: Comfey|spe|1\n|turn|26\n|inactive|professornobrainer has 25 seconds left this turn.\n|inactive|professornobrainer has 20 seconds left.\n|\n|t:|1781435298\n|move|p1a: Ribombee|U-turn|p2a: Comfey\n|-resisted|p2a: Comfey\n|-damage|p2a: Comfey|146/225\n|\n|t:|1781435301\n|switch|p1a: Flareon|Flareon, L90, F|263/263|[from] U-turn\n|-damage|p1a: Flareon|198/263|[from] Spikes\n|move|p2a: Comfey|Calm Mind|p2a: Comfey\n|-boost|p2a: Comfey|spa|1\n|-boost|p2a: Comfey|spd|1\n|\n|-heal|p2a: Comfey|160/225|[from] item: Leftovers\n|-status|p1a: Flareon|tox|[from] item: Toxic Orb\n|upkeep\n|turn|27\n|inactive|professornobrainer has 30 seconds left.\n|inactive|professornobrainer has 20 seconds left.\n|inactive|professornobrainer has 15 seconds left.\n|inactive|professornobrainer has 10 seconds left.\n|\n|t:|1781435327\n|switch|p2a: Lunala|Lunala, L70|192/308 par\n|-damage|p2a: Lunala|115/308 par|[from] Spikes\n|-activate|p2a: Lunala|move: Sticky Web\n|-unboost|p2a: Lunala|spe|1\n|move|p1a: Flareon|Facade|p2a: Lunala\n|-immune|p2a: Lunala\n|\n|-heal|p2a: Lunala|134/308 par|[from] item: Leftovers\n|-damage|p1a: Flareon|182/263 tox|[from] psn\n|upkeep\n|turn|28\n|inactive|professornobrainer has 20 seconds left this turn.\n|inactive|professornobrainer has 15 seconds left.\n|inactive|professornobrainer has 10 seconds left.\n|\n|t:|1781435346\n|switch|p1a: Ribombee|Ribombee, L83, F, tera:Ghost|55/235\n|-damage|p1a: Ribombee|0 fnt|[from] Spikes\n|faint|p1a: Ribombee\n|cant|p2a: Lunala|par\n|\n|-heal|p2a: Lunala|153/308 par|[from] item: Leftovers\n|upkeep\n|\n|t:|1781435348\n|switch|p1a: Keldeo|Keldeo-Resolute, L79|273/273\n|-damage|p1a: Keldeo|205/273|[from] Spikes\n|turn|29\n|inactive|professornobrainer has 25 seconds left this turn.\n|inactive|professornobrainer has 20 seconds left.\n|inactive|professornobrainer has 15 seconds left.\n|\n|t:|1781435359\n|move|p1a: Keldeo|Hydro Pump|p2a: Lunala\n|-damage|p2a: Lunala|20/308 par\n|move|p2a: Lunala|Moonlight|p2a: Lunala\n|-heal|p2a: Lunala|174/308 par\n|\n|-heal|p2a: Lunala|193/308 par|[from] item: Leftovers\n|upkeep\n|turn|30\n|inactive|professornobrainer has 25 seconds left this turn.\n|inactive|professornobrainer has 20 seconds left.\n|inactive|professornobrainer has 15 seconds left.\n|\n|t:|1781435369\n|move|p1a: Keldeo|Hydro Pump|p2a: Lunala\n|-damage|p2a: Lunala|67/308 par\n|move|p2a: Lunala|Psyshock|p1a: Keldeo\n|-supereffective|p1a: Keldeo\n|-damage|p1a: Keldeo|23/273\n|\n|-heal|p2a: Lunala|86/308 par|[from] item: Leftovers\n|upkeep\n|turn|31\n|inactive|professornobrainer has 25 seconds left this turn.\n|inactive|professornobrainer has 20 seconds left.\n|inactive|professornobrainer has 15 seconds left.\n|inactive|professornobrainer has 10 seconds left.\n|\n|t:|1781435385\n|move|p1a: Keldeo|Hydro Pump|p2a: Lunala|[miss]\n|-miss|p1a: Keldeo|p2a: Lunala\n|move|p2a: Lunala|Psyshock|p1a: Keldeo\n|-supereffective|p1a: Keldeo\n|-damage|p1a: Keldeo|0 fnt\n|faint|p1a: Keldeo\n|\n|-heal|p2a: Lunala|105/308 par|[from] item: Leftovers\n|upkeep\n|\n|t:|1781435393\n|switch|p1a: Chesnaught|Chesnaught, L84, F|281/285\n|-damage|p1a: Chesnaught|210/285|[from] Spikes\n|turn|32\n|inactive|professornobrainer has 25 seconds left this turn.\n|inactive|professornobrainer has 20 seconds left.\n|inactive|professornobrainer has 15 seconds left.\n|\n|t:|1781435407\n|move|p1a: Chesnaught|Trailblaze|p2a: Lunala\n|-damage|p2a: Lunala|38/308 par\n|-boost|p1a: Chesnaught|spe|1\n|move|p2a: Lunala|Moonlight|p2a: Lunala\n|-heal|p2a: Lunala|192/308 par\n|\n|-heal|p1a: Chesnaught|227/285|[from] item: Leftovers\n|-heal|p2a: Lunala|211/308 par|[from] item: Leftovers\n|upkeep\n|turn|33\n|inactive|professornobrainer has 25 seconds left this turn.\n|inactive|professornobrainer has 20 seconds left.\n|inactive|professornobrainer has 15 seconds left.\n|\n|t:|1781435420\n|move|p1a: Chesnaught|Iron Defense|p1a: Chesnaught\n|-boost|p1a: Chesnaught|def|2\n|cant|p2a: Lunala|par\n|\n|-heal|p1a: Chesnaught|244/285|[from] item: Leftovers\n|-heal|p2a: Lunala|230/308 par|[from] item: Leftovers\n|upkeep\n|turn|34\n|inactive|professornobrainer has 25 seconds left this turn.\n|inactive|professornobrainer has 20 seconds left.\n|\n|t:|1781435428\n|move|p1a: Chesnaught|Trailblaze|p2a: Lunala\n|-damage|p2a: Lunala|164/308 par\n|-boost|p1a: Chesnaught|spe|1\n|move|p2a: Lunala|Moongeist Beam|p1a: Chesnaught\n|-damage|p1a: Chesnaught|136/285\n|\n|-heal|p1a: Chesnaught|153/285|[from] item: Leftovers\n|-heal|p2a: Lunala|183/308 par|[from] item: Leftovers\n|upkeep\n|turn|35\n|inactive|professornobrainer has 30 seconds left this turn.\n|\n|t:|1781435433\n|move|p1a: Chesnaught|Trailblaze|p2a: Lunala\n|-damage|p2a: Lunala|114/308 par\n|-boost|p1a: Chesnaught|spe|1\n|move|p2a: Lunala|Moonlight|p2a: Lunala\n|-heal|p2a: Lunala|268/308 par\n|\n|-heal|p1a: Chesnaught|170/285|[from] item: Leftovers\n|-heal|p2a: Lunala|287/308 par|[from] item: Leftovers\n|upkeep\n|turn|36\n|\n|t:|1781435438\n|move|p1a: Chesnaught|Synthesis|p1a: Chesnaught\n|-heal|p1a: Chesnaught|285/285\n|move|p2a: Lunala|Moongeist Beam|p1a: Chesnaught\n|-damage|p1a: Chesnaught|182/285\n|\n|-heal|p1a: Chesnaught|199/285|[from] item: Leftovers\n|-heal|p2a: Lunala|306/308 par|[from] item: Leftovers\n|upkeep\n|turn|37\n|\n|t:|1781435445\n|move|p1a: Chesnaught|Trailblaze|p2a: Lunala\n|-damage|p2a: Lunala|236/308 par\n|-boost|p1a: Chesnaught|spe|1\n|move|p2a: Lunala|Calm Mind|p2a: Lunala\n|-boost|p2a: Lunala|spa|1\n|-boost|p2a: Lunala|spd|1\n|\n|-heal|p1a: Chesnaught|216/285|[from] item: Leftovers\n|-heal|p2a: Lunala|255/308 par|[from] item: Leftovers\n|upkeep\n|turn|38\n|\n|t:|1781435454\n|move|p1a: Chesnaught|Trailblaze|p2a: Lunala\n|-damage|p2a: Lunala|183/308 par\n|-boost|p1a: Chesnaught|spe|1\n|move|p2a: Lunala|Moongeist Beam|p1a: Chesnaught\n|-damage|p1a: Chesnaught|53/285\n|\n|-heal|p1a: Chesnaught|70/285|[from] item: Leftovers\n|-heal|p2a: Lunala|202/308 par|[from] item: Leftovers\n|upkeep\n|turn|39\n|\n|t:|1781435460\n|move|p1a: Chesnaught|Trailblaze|p2a: Lunala\n|-damage|p2a: Lunala|139/308 par\n|-boost|p1a: Chesnaught|spe|1\n|move|p2a: Lunala|Moongeist Beam|p1a: Chesnaught\n|-damage|p1a: Chesnaught|0 fnt\n|faint|p1a: Chesnaught\n|\n|-heal|p2a: Lunala|158/308 par|[from] item: Leftovers\n|upkeep\n|\n|t:|1781435463\n|switch|p1a: Flareon|Flareon, L90, F|182/263 tox\n|-damage|p1a: Flareon|117/263 tox|[from] Spikes\n|turn|40\n|inactive|professornobrainer has 60 seconds left.\n|\n|t:|1781435473\n|move|p1a: Flareon|Flare Blitz|p2a: Lunala\n|-damage|p2a: Lunala|0 fnt\n|faint|p2a: Lunala\n|-damage|p1a: Flareon|65/263 tox|[from] Recoil\n|\n|-damage|p1a: Flareon|49/263 tox|[from] psn\n|upkeep\n|c|\u2606horohorovasey|ggwp\n|-message|horohorovasey forfeited.\n|\n|win|professornobrainer\n|raw|horohorovasey's rating: 1770 &rarr; <strong>1752</strong><br />(-18 for losing)\n|raw|professornobrainer's rating: 1801 &rarr; <strong>1819</strong><br />(+18 for winning)\n|l|\u2606horohorovasey\n|player|p1|\n", "uploadtime": 1781435493, "views": 34, "formatid": "gen9randombattle", "rating": 1752, "private": 0, "password": null}