{"id": "gen9randombattle-2631789475", "format": "[Gen 9] Random Battle", "players": ["Sictobar", "drowyna"], "log": "|j|\u2606Sictobar\n|j|\u2606drowyna\n|t:|1781439943\n|gametype|singles\n|player|p1|Sictobar|swimmer-gen4dp|1676\n|player|p2|drowyna|lucas|1708\n|gen|9\n|tier|[Gen 9] Random Battle\n|rated|\n|rule|Species Clause: Limit one of each Pok\u00e9mon\n|rule|HP Percentage Mod: HP is shown in percentages\n|rule|Sleep Clause Mod: Limit one foe put to sleep\n|rule|Illusion Level Mod: Illusion disguises the Pok\u00e9mon's true level\n|\n|t:|1781439943\n|teamsize|p1|6\n|teamsize|p2|6\n|start\n|switch|p1a: Klefki|Klefki, L84, F|233/233\n|switch|p2a: Rhydon|Rhydon, L85, F|317/317\n|turn|1\n|inactive|Battle timer is ON: inactive players will automatically lose when time's up. (requested by drowyna)\n|\n|t:|1781439955\n|move|p1a: Klefki|Spikes|p2a: Rhydon\n|-sidestart|p2: drowyna|Spikes\n|move|p2a: Rhydon|Stealth Rock|p1a: Klefki\n|-sidestart|p1: Sictobar|move: Stealth Rock\n|\n|upkeep\n|turn|2\n|\n|t:|1781439962\n|switch|p1a: Alomomola|Alomomola, L87, M|429/429\n|-damage|p1a: Alomomola|376/429|[from] Stealth Rock\n|move|p2a: Rhydon|Earthquake|p1a: Alomomola\n|-damage|p1a: Alomomola|234/429\n|\n|upkeep\n|turn|3\n|\n|t:|1781439968\n|switch|p2a: Dedenne|Dedenne, L88, F|261/261\n|-damage|p2a: Dedenne|229/261|[from] Spikes\n|move|p1a: Alomomola|Scald|p2a: Dedenne\n|-damage|p2a: Dedenne|174/261\n|-status|p2a: Dedenne|brn\n|\n|-damage|p2a: Dedenne|158/261 brn|[from] brn\n|upkeep\n|turn|4\n|\n|t:|1781439982\n|switch|p1a: Klefki|Klefki, L84, F|233/233\n|-damage|p1a: Klefki|219/233|[from] Stealth Rock\n|move|p2a: Dedenne|Nuzzle|p1a: Klefki\n|-damage|p1a: Klefki|210/233\n|-status|p1a: Klefki|par\n|\n|-heal|p1a: Klefki|224/233 par|[from] item: Leftovers\n|-damage|p2a: Dedenne|142/261 brn|[from] brn\n|upkeep\n|turn|5\n|\n|t:|1781439988\n|move|p1a: Klefki|Spikes|p2a: Dedenne\n|-sidestart|p2: drowyna|Spikes\n|move|p2a: Dedenne|U-turn|p1a: Klefki\n|-resisted|p1a: Klefki\n|-damage|p1a: Klefki|220/233 par\n|\n|t:|1781439989\n|switch|p2a: Rhydon|Rhydon, L85, F|317/317|[from] U-turn\n|-damage|p2a: Rhydon|265/317|[from] Spikes\n|\n|-heal|p1a: Klefki|233/233 par|[from] item: Leftovers\n|upkeep\n|turn|6\n|\n|t:|1781439994\n|move|p1a: Klefki|Spikes|p2a: Rhydon\n|-sidestart|p2: drowyna|Spikes\n|move|p2a: Rhydon|Earthquake|p1a: Klefki\n|-supereffective|p1a: Klefki\n|-damage|p1a: Klefki|0 fnt\n|faint|p1a: Klefki\n|\n|upkeep\n|\n|t:|1781439997\n|switch|p1a: Alomomola|Alomomola, L87, M|377/429\n|-damage|p1a: Alomomola|324/429|[from] Stealth Rock\n|turn|7\n|\n|t:|1781440003\n|switch|p2a: Vileplume|Vileplume, L85, F|266/266\n|-damage|p2a: Vileplume|200/266|[from] Spikes\n|move|p1a: Alomomola|Scald|p2a: Vileplume\n|-resisted|p2a: Vileplume\n|-damage|p2a: Vileplume|177/266\n|\n|-heal|p2a: Vileplume|193/266|[from] item: Leftovers\n|upkeep\n|turn|8\n|\n|t:|1781440021\n|switch|p1a: Jolteon|Jolteon, L84, F|246/246\n|-damage|p1a: Jolteon|216/246|[from] Stealth Rock\n|move|p2a: Vileplume|Sludge Bomb|p1a: Jolteon\n|-damage|p1a: Jolteon|122/246\n|\n|-heal|p2a: Vileplume|209/266|[from] item: Leftovers\n|upkeep\n|turn|9\n|\n|t:|1781440027\n|move|p1a: Jolteon|Volt Switch|p2a: Vileplume\n|-resisted|p2a: Vileplume\n|-damage|p2a: Vileplume|149/266\n|\n|t:|1781440032\n|switch|p1a: Garchomp|Garchomp, L74, M|282/282|[from] Volt Switch\n|-damage|p1a: Garchomp|265/282|[from] Stealth Rock\n|move|p2a: Vileplume|Sludge Bomb|p1a: Garchomp\n|-resisted|p1a: Garchomp\n|-damage|p1a: Garchomp|205/282\n|-status|p1a: Garchomp|psn\n|\n|-heal|p2a: Vileplume|165/266|[from] item: Leftovers\n|-damage|p1a: Garchomp|170/282 psn|[from] psn\n|upkeep\n|turn|10\n|\n|t:|1781440037\n|move|p1a: Garchomp|Earthquake|p2a: Vileplume\n|-damage|p2a: Vileplume|66/266\n|move|p2a: Vileplume|Strength Sap|p1a: Garchomp\n|-unboost|p1a: Garchomp|atk|1\n|-heal|p2a: Vileplume|266/266\n|\n|-damage|p1a: Garchomp|135/282 psn|[from] psn\n|upkeep\n|turn|11\n|-message|Sictobar forfeited.\n|\n|win|drowyna\n|raw|Sictobar's rating: 1676 &rarr; <strong>1658</strong><br />(-18 for losing)\n|raw|drowyna's rating: 1708 &rarr; <strong>1726</strong><br />(+18 for winning)\n|l|\u2606Sictobar\n|player|p1|\n", "uploadtime": 1781440044, "views": 6, "formatid": "gen9randombattle", "rating": 1658, "private": 0, "password": null}