{"id": "gen9randombattle-2631452087", "format": "[Gen 9] Random Battle", "players": ["irish24", "PokeLabronico"], "log": "|j|\u2606irish24\n|j|\u2606PokeLabronico\n|t:|1781386378\n|gametype|singles\n|player|p1|irish24|170|1049\n|player|p2|PokeLabronico|giovanni|1066\n|gen|9\n|tier|[Gen 9] Random Battle\n|rated|\n|rule|Species Clause: Limit one of each Pok\u00e9mon\n|rule|HP Percentage Mod: HP is shown in percentages\n|rule|Sleep Clause Mod: Limit one foe put to sleep\n|rule|Illusion Level Mod: Illusion disguises the Pok\u00e9mon's true level\n|\n|t:|1781386378\n|teamsize|p1|6\n|teamsize|p2|6\n|start\n|switch|p1a: Crabominable|Crabominable, L90, F|321/321\n|switch|p2a: Braviary|Braviary-Hisui, L85, M|326/326\n|turn|1\n|inactive|Battle timer is ON: inactive players will automatically lose when time's up. (requested by irish24)\n|inactive|PokeLabronico has 120 seconds left.\n|inactive|PokeLabronico has 90 seconds left.\n|\n|t:|1781386451\n|move|p2a: Braviary|Esper Wing|p1a: Crabominable\n|-supereffective|p1a: Crabominable\n|-damage|p1a: Crabominable|85/321\n|-boost|p2a: Braviary|spe|1\n|move|p1a: Crabominable|Ice Hammer|p2a: Braviary\n|-supereffective|p2a: Braviary\n|-damage|p2a: Braviary|0 fnt\n|-unboost|p1a: Crabominable|spe|1\n|faint|p2a: Braviary\n|\n|upkeep\n|c|\u2606irish24|lol\n|inactive|PokeLabronico has 120 seconds left.\n|\n|t:|1781386484\n|switch|p2a: Pincurchin|Pincurchin, F|258/258\n|-fieldstart|move: Electric Terrain|[from] ability: Electric Surge|[of] p2a: Pincurchin\n|turn|2\n|inactive|PokeLabronico has 120 seconds left.\n|inactive|PokeLabronico has 90 seconds left.\n|\n|t:|1781386521\n|move|p2a: Pincurchin|Zing Zap|p1a: Crabominable\n|-damage|p1a: Crabominable|0 fnt\n|faint|p1a: Crabominable\n|\n|upkeep\n|\n|t:|1781386528\n|switch|p1a: Ting-Lu|Ting-Lu, L78|370/370\n|-ability|p1a: Ting-Lu|Vessel of Ruin\n|turn|3\n|\n|t:|1781386537\n|move|p1a: Ting-Lu|Stealth Rock|p2a: Pincurchin\n|-sidestart|p2: PokeLabronico|move: Stealth Rock\n|move|p2a: Pincurchin|Liquidation|p1a: Ting-Lu\n|-supereffective|p1a: Ting-Lu\n|-damage|p1a: Ting-Lu|218/370\n|-unboost|p1a: Ting-Lu|def|1\n|\n|-heal|p1a: Ting-Lu|241/370|[from] item: Leftovers\n|upkeep\n|turn|4\n|\n|t:|1781386553\n|move|p1a: Ting-Lu|Earthquake|p2a: Pincurchin\n|-supereffective|p2a: Pincurchin\n|-damage|p2a: Pincurchin|94/258\n|move|p2a: Pincurchin|Liquidation|p1a: Ting-Lu\n|-supereffective|p1a: Ting-Lu\n|-crit|p1a: Ting-Lu\n|-damage|p1a: Ting-Lu|0 fnt\n|faint|p1a: Ting-Lu\n|\n|-heal|p2a: Pincurchin|110/258|[from] item: Leftovers\n|upkeep\n|\n|t:|1781386569\n|switch|p1a: Mewtwo|Mewtwo, L72|272/272\n|-ability|p1a: Mewtwo|Pressure\n|turn|5\n|inactive|PokeLabronico has 90 seconds left.\n|\n|t:|1781386591\n|move|p1a: Mewtwo|Psystrike|p2a: Pincurchin\n|-damage|p2a: Pincurchin|0 fnt\n|faint|p2a: Pincurchin\n|-damage|p1a: Mewtwo|245/272|[from] item: Life Orb\n|\n|upkeep\n|inactive|PokeLabronico has 90 seconds left.\n|\n|t:|1781386602\n|switch|p2a: Zacian|Zacian-Crowned, L64|225/225\n|-damage|p2a: Zacian|211/225|[from] Stealth Rock\n|-ability|p2a: Zacian|Intrepid Sword|boost\n|-boost|p2a: Zacian|atk|1\n|turn|6\n|inactive|PokeLabronico has 90 seconds left.\n|c|\u2606irish24|!weak zacian\n|c| irish24|/raw <div class=\"infobox\">Zacian (ignoring abilities):<br /><span class=\"message-effect-weak\">Weaknesses</span>: Poison, Steel<br /><span class=\"message-effect-resist\">Resistances</span>: Bug, Dark, Fighting<br /><span class=\"message-effect-immune\">Immunities</span>: Dragon</div>\n|\n|t:|1781386625\n|switch|p1a: Qwilfish|Qwilfish, L86, M|252/252\n|-ability|p1a: Qwilfish|Intimidate|boost\n|-unboost|p2a: Zacian|atk|1\n|move|p2a: Zacian|Play Rough|p1a: Qwilfish\n|-resisted|p1a: Qwilfish\n|-damage|p1a: Qwilfish|214/252\n|\n|-heal|p1a: Qwilfish|229/252|[from] item: Leftovers\n|-fieldend|move: Electric Terrain\n|upkeep\n|turn|7\n|inactive|PokeLabronico has 90 seconds left.\n|\n|t:|1781386637\n|move|p2a: Zacian|Behemoth Blade|p1a: Qwilfish\n|-resisted|p1a: Qwilfish\n|-crit|p1a: Qwilfish\n|-damage|p1a: Qwilfish|157/252\n|move|p1a: Qwilfish|Toxic Spikes|p2a: Zacian\n|-sidestart|p2: PokeLabronico|move: Toxic Spikes\n|\n|-heal|p1a: Qwilfish|172/252|[from] item: Leftovers\n|upkeep\n|turn|8\n|inactive|PokeLabronico has 90 seconds left.\n|\n|t:|1781386652\n|move|p2a: Zacian|Swords Dance|p2a: Zacian\n|-boost|p2a: Zacian|atk|2\n|move|p1a: Qwilfish|Toxic Spikes|p2a: Zacian\n|-sidestart|p2: PokeLabronico|move: Toxic Spikes\n|\n|-heal|p1a: Qwilfish|187/252|[from] item: Leftovers\n|upkeep\n|turn|9\n|inactive|PokeLabronico has 90 seconds left.\n|inactive|irish24 has 120 seconds left.\n|c|\u2606irish24|!weak zacian\n|c| irish24|/raw <div class=\"infobox\">Zacian (ignoring abilities):<br /><span class=\"message-effect-weak\">Weaknesses</span>: Poison, Steel<br /><span class=\"message-effect-resist\">Resistances</span>: Bug, Dark, Fighting<br /><span class=\"message-effect-immune\">Immunities</span>: Dragon</div>\n|c|\u2606irish24|!weak zacian crowned\n|c| irish24|/raw <div class=\"infobox\">Zacian-Crowned (ignoring abilities):<br /><span class=\"message-effect-weak\">Weaknesses</span>: Fire, Ground<br /><span class=\"message-effect-resist\">Resistances</span>: <b>Bug</b>, Dark, Fairy, Flying, Grass, Ice, Normal, Psychic, Rock<br /><span class=\"message-effect-immune\">Immunities</span>: Dragon, Poison, Sandstorm damage, Toxic</div>\n|\n|t:|1781386695\n|move|p2a: Zacian|Swords Dance|p2a: Zacian\n|-boost|p2a: Zacian|atk|2\n|move|p1a: Qwilfish|Waterfall|p2a: Zacian\n|-crit|p2a: Zacian\n|-damage|p2a: Zacian|63/225\n|\n|-heal|p1a: Qwilfish|202/252|[from] item: Leftovers\n|upkeep\n|turn|10\n|inactive|PokeLabronico has 90 seconds left.\n|\n|t:|1781386735\n|-terastallize|p2a: Zacian|Fighting\n|move|p2a: Zacian|Behemoth Blade|p1a: Qwilfish\n|-resisted|p1a: Qwilfish\n|-damage|p1a: Qwilfish|79/252\n|move|p1a: Qwilfish|Waterfall|p2a: Zacian\n|-damage|p2a: Zacian|0 fnt\n|faint|p2a: Zacian\n|\n|-heal|p1a: Qwilfish|94/252|[from] item: Leftovers\n|upkeep\n|c|\u2606irish24|lol\n|c|\u2606irish24|lol\n|c|\u2606irish24|lol\n|inactive|PokeLabronico has 60 seconds left.\n|c|\u2606irish24|lol\n|c|\u2606irish24|trash\n|c|\u2606irish24|trash\n|c|\u2606irish24|trash\n|c|\u2606irish24|trash\n|\n|t:|1781386755\n|switch|p2a: Grafaiai|Grafaiai, L86, M|249/249\n|-sideend|p2: PokeLabronico|move: Toxic Spikes|[of] p2a: Grafaiai\n|turn|11\n|c|\u2606irish24|!weak grafaiai\n|c| irish24|/raw <div class=\"infobox\">Grafaiai (ignoring abilities):<br /><span class=\"message-effect-weak\">Weaknesses</span>: Ground, Psychic<br /><span class=\"message-effect-resist\">Resistances</span>: Bug, Fairy, Grass, Poison<br /><span class=\"message-effect-immune\">Immunities</span>: Ghost, Toxic</div>\n|\n|t:|1781386772\n|switch|p1a: Mewtwo|Mewtwo, L72|245/272\n|-ability|p1a: Mewtwo|Pressure\n|move|p2a: Grafaiai|Knock Off|p1a: Mewtwo\n|-supereffective|p1a: Mewtwo\n|-damage|p1a: Mewtwo|69/272\n|-enditem|p1a: Mewtwo|Life Orb|[from] move: Knock Off|[of] p2a: Grafaiai\n|\n|upkeep\n|turn|12\n|inactive|PokeLabronico has 30 seconds left.\n|\n|t:|1781386801\n|move|p2a: Grafaiai|Knock Off|p1a: Mewtwo\n|-supereffective|p1a: Mewtwo\n|-damage|p1a: Mewtwo|0 fnt\n|faint|p1a: Mewtwo\n|\n|upkeep\n|\n|t:|1781386813\n|switch|p1a: Blastoise|Blastoise, L80, M|258/258\n|turn|13\n|\n|t:|1781386827\n|move|p2a: Grafaiai|Knock Off|p1a: Blastoise\n|-damage|p1a: Blastoise|187/258\n|-enditem|p1a: Blastoise|White Herb|[from] move: Knock Off|[of] p2a: Grafaiai\n|move|p1a: Blastoise|Shell Smash|p1a: Blastoise\n|-unboost|p1a: Blastoise|def|1\n|-unboost|p1a: Blastoise|spd|1\n|-boost|p1a: Blastoise|atk|2\n|-boost|p1a: Blastoise|spa|2\n|-boost|p1a: Blastoise|spe|2\n|\n|upkeep\n|turn|14\n|inactive|PokeLabronico has 30 seconds left.\n|\n|t:|1781386844\n|-terastallize|p1a: Blastoise|Ground\n|move|p2a: Grafaiai|Encore|p1a: Blastoise\n|-start|p1a: Blastoise|Encore\n|move|p1a: Blastoise|Shell Smash|p1a: Blastoise\n|-unboost|p1a: Blastoise|def|1\n|-unboost|p1a: Blastoise|spd|1\n|-boost|p1a: Blastoise|atk|2\n|-boost|p1a: Blastoise|spa|2\n|-boost|p1a: Blastoise|spe|2\n|\n|upkeep\n|turn|15\n|inactive|PokeLabronico has 30 seconds left.\n|-message|irish24 forfeited.\n|\n|win|PokeLabronico\n|raw|irish24's rating: 1049 &rarr; <strong>1032</strong><br />(-17 for losing)\n|raw|PokeLabronico's rating: 1066 &rarr; <strong>1095</strong><br />(+29 for winning)\n|l|\u2606irish24\n|player|p1|\n", "uploadtime": 1781386858, "views": 5, "formatid": "gen9randombattle", "rating": 1032, "private": 0, "password": null}