{"id": "gen9randombattle-2631856489", "format": "[Gen 9] Random Battle", "players": ["moritzvb", "BoonLikker"], "log": "|j|\u2606moritzvb\n|j|\u2606BoonLikker\n|t:|1781448713\n|gametype|singles\n|player|p1|moritzvb|ariana|2107\n|player|p2|BoonLikker|2|2138\n|gen|9\n|tier|[Gen 9] Random Battle\n|rated|\n|rule|Species Clause: Limit one of each Pok\u00e9mon\n|rule|HP Percentage Mod: HP is shown in percentages\n|rule|Sleep Clause Mod: Limit one foe put to sleep\n|rule|Illusion Level Mod: Illusion disguises the Pok\u00e9mon's true level\n|\n|t:|1781448713\n|teamsize|p1|6\n|teamsize|p2|6\n|start\n|switch|p1a: Dialga|Dialga, L73|266/266\n|switch|p2a: Minun|Minun, L95, F|268/268\n|-ability|p1a: Dialga|Pressure\n|turn|1\n|\n|t:|1781448728\n|move|p2a: Minun|Nasty Plot|p2a: Minun\n|-boost|p2a: Minun|spa|2\n|move|p1a: Dialga|Dragon Tail|p2a: Minun\n|-damage|p2a: Minun|184/268\n|drag|p2a: Hawlucha|Hawlucha, L80, F|256/256\n|\n|upkeep\n|turn|2\n|\n|t:|1781448734\n|switch|p1a: Gothitelle|Gothitelle, L90, M|272/272\n|move|p2a: Hawlucha|Close Combat|p1a: Gothitelle\n|-resisted|p1a: Gothitelle\n|-damage|p1a: Gothitelle|224/272\n|-unboost|p2a: Hawlucha|def|1\n|-unboost|p2a: Hawlucha|spd|1\n|-enditem|p2a: Hawlucha|White Herb\n|-clearnegativeboost|p2a: Hawlucha|[silent]\n|\n|upkeep\n|turn|3\n|\n|t:|1781448740\n|move|p2a: Hawlucha|Acrobatics|p1a: Gothitelle\n|-damage|p1a: Gothitelle|134/272\n|move|p1a: Gothitelle|Psychic|p2a: Hawlucha\n|-supereffective|p2a: Hawlucha\n|-damage|p2a: Hawlucha|0 fnt\n|faint|p2a: Hawlucha\n|\n|upkeep\n|inactive|Battle timer is ON: inactive players will automatically lose when time's up. (requested by moritzvb)\n|j| Rabiesdfsdf\n|\n|t:|1781448763\n|switch|p2a: Houndstone|Houndstone, L86, F|264/264\n|turn|4\n|l| Rabiesdfsdf\n|\n|t:|1781448790\n|switch|p1a: Tropius|Tropius, L91, M|328/328\n|move|p2a: Houndstone|Poltergeist|p1a: Tropius\n|-activate|p1a: Tropius|move: Poltergeist|Sitrus Berry\n|-damage|p1a: Tropius|201/328\n|\n|upkeep\n|turn|5\n|\n|t:|1781448799\n|switch|p2a: Lycanroc|Lycanroc-Midnight, L89, M|296/296\n|move|p1a: Tropius|Dragon Dance|p1a: Tropius\n|-boost|p1a: Tropius|atk|1\n|-boost|p1a: Tropius|spe|1\n|\n|upkeep\n|turn|6\n|inactive|moritzvb has 120 seconds left.\n|\n|t:|1781448822\n|move|p1a: Tropius|Earthquake|p2a: Lycanroc\n|-supereffective|p2a: Lycanroc\n|-damage|p2a: Lycanroc|88/296\n|move|p2a: Lycanroc|Stone Edge|p1a: Tropius\n|-supereffective|p1a: Tropius\n|-damage|p1a: Tropius|0 fnt\n|faint|p1a: Tropius\n|\n|upkeep\n|inactive|moritzvb has 120 seconds left.\n|\n|t:|1781448854\n|switch|p1a: Gothitelle|Gothitelle, L90, M|134/272\n|turn|7\n|\n|t:|1781448858\n|move|p1a: Gothitelle|Psychic|p2a: Lycanroc\n|-damage|p2a: Lycanroc|0 fnt\n|faint|p2a: Lycanroc\n|\n|upkeep\n|\n|t:|1781448862\n|switch|p2a: Houndstone|Houndstone, L86, F|264/264\n|turn|8\n|\n|t:|1781448866\n|switch|p1a: Cetitan|Cetitan, L82, F|412/412\n|move|p2a: Houndstone|Poltergeist|p1a: Cetitan\n|-activate|p1a: Cetitan|move: Poltergeist|Sitrus Berry\n|-damage|p1a: Cetitan|256/412\n|\n|upkeep\n|turn|9\n|\n|t:|1781448876\n|move|p1a: Cetitan|Belly Drum|p1a: Cetitan\n|-damage|p1a: Cetitan|50/412\n|-setboost|p1a: Cetitan|atk|6|[from] move: Belly Drum\n|-enditem|p1a: Cetitan|Sitrus Berry|[eat]\n|-heal|p1a: Cetitan|153/412|[from] item: Sitrus Berry\n|move|p2a: Houndstone|Body Press|p1a: Cetitan\n|-supereffective|p1a: Cetitan\n|-damage|p1a: Cetitan|3/412\n|\n|upkeep\n|turn|10\n|\n|t:|1781448882\n|move|p1a: Cetitan|Ice Shard|p2a: Houndstone\n|-damage|p2a: Houndstone|101/264\n|move|p2a: Houndstone|Shadow Sneak|p1a: Cetitan\n|-crit|p1a: Cetitan\n|-damage|p1a: Cetitan|0 fnt\n|faint|p1a: Cetitan\n|\n|-heal|p2a: Houndstone|117/264|[from] item: Leftovers\n|upkeep\n|\n|t:|1781448893\n|switch|p1a: Mew|Mew, L82|298/298\n|turn|11\n|\n|t:|1781448905\n|move|p2a: Houndstone|Shadow Sneak|p1a: Mew\n|-supereffective|p1a: Mew\n|-damage|p1a: Mew|214/298\n|move|p1a: Mew|Will-O-Wisp|p2a: Houndstone\n|-status|p2a: Houndstone|brn\n|\n|-heal|p1a: Mew|232/298|[from] item: Leftovers\n|-heal|p2a: Houndstone|133/264 brn|[from] item: Leftovers\n|-damage|p2a: Houndstone|117/264 brn|[from] brn\n|upkeep\n|turn|12\n|\n|t:|1781448915\n|move|p1a: Mew|Knock Off|p2a: Houndstone\n|-supereffective|p2a: Houndstone\n|-damage|p2a: Houndstone|59/264 brn\n|-enditem|p2a: Houndstone|Leftovers|[from] move: Knock Off|[of] p1a: Mew\n|move|p2a: Houndstone|Poltergeist|p1a: Mew\n|-activate|p1a: Mew|move: Poltergeist|Leftovers\n|-supereffective|p1a: Mew\n|-damage|p1a: Mew|123/298\n|\n|-heal|p1a: Mew|141/298|[from] item: Leftovers\n|-damage|p2a: Houndstone|43/264 brn|[from] brn\n|upkeep\n|turn|13\n|\n|t:|1781448922\n|move|p2a: Houndstone|Shadow Sneak|p1a: Mew\n|-supereffective|p1a: Mew\n|-damage|p1a: Mew|96/298\n|move|p1a: Mew|Knock Off|p2a: Houndstone\n|-supereffective|p2a: Houndstone\n|-damage|p2a: Houndstone|0 fnt\n|faint|p2a: Houndstone\n|\n|-heal|p1a: Mew|114/298|[from] item: Leftovers\n|upkeep\n|\n|t:|1781448929\n|switch|p2a: Minun|Minun, L95, F|184/268\n|turn|14\n|\n|t:|1781448935\n|switch|p1a: Dialga|Dialga, L73|266/266\n|-ability|p1a: Dialga|Pressure\n|move|p2a: Minun|Thunderbolt|p1a: Dialga\n|-resisted|p1a: Dialga\n|-crit|p1a: Dialga\n|-damage|p1a: Dialga|200/266\n|-damage|p2a: Minun|158/268|[from] item: Life Orb\n|\n|upkeep\n|turn|15\n|\n|t:|1781448944\n|move|p2a: Minun|Thunderbolt|p1a: Dialga\n|-resisted|p1a: Dialga\n|-damage|p1a: Dialga|155/266\n|-damage|p2a: Minun|132/268|[from] item: Life Orb\n|move|p1a: Dialga|Draco Meteor|p2a: Minun\n|-damage|p2a: Minun|6/268\n|-unboost|p1a: Dialga|spa|2\n|\n|upkeep\n|turn|16\n|\n|t:|1781448956\n|move|p2a: Minun|Encore|p1a: Dialga\n|-start|p1a: Dialga|Encore\n|move|p1a: Dialga|Draco Meteor|p2a: Minun\n|-damage|p2a: Minun|0 fnt\n|-unboost|p1a: Dialga|spa|2\n|faint|p2a: Minun\n|\n|upkeep\n|\n|t:|1781448959\n|switch|p2a: Volcarona|Volcarona, L77, M|257/257\n|turn|17\n|\n|t:|1781448970\n|switch|p1a: Mew|Mew, L82|114/298\n|move|p2a: Volcarona|Quiver Dance|p2a: Volcarona\n|-boost|p2a: Volcarona|spa|1\n|-boost|p2a: Volcarona|spd|1\n|-boost|p2a: Volcarona|spe|1\n|\n|-heal|p1a: Mew|132/298|[from] item: Leftovers\n|upkeep\n|turn|18\n|\n|t:|1781448979\n|move|p2a: Volcarona|Fiery Dance|p1a: Mew\n|-damage|p1a: Mew|0 fnt\n|-boost|p2a: Volcarona|spa|1\n|faint|p1a: Mew\n|\n|upkeep\n|\n|t:|1781448981\n|switch|p1a: Dialga|Dialga, L73|155/266\n|-ability|p1a: Dialga|Pressure\n|turn|19\n|\n|t:|1781448987\n|move|p2a: Volcarona|Fiery Dance|p1a: Dialga\n|-damage|p1a: Dialga|23/266\n|move|p1a: Dialga|Dragon Tail|p2a: Volcarona\n|-damage|p2a: Volcarona|185/257\n|drag|p2a: Golurk|Golurk, L87|297/297\n|\n|upkeep\n|turn|20\n|\n|t:|1781449004\n|move|p1a: Dialga|Draco Meteor|p2a: Golurk\n|-damage|p2a: Golurk|144/297\n|-unboost|p1a: Dialga|spa|2\n|move|p2a: Golurk|Earthquake|p1a: Dialga\n|-supereffective|p1a: Dialga\n|-damage|p1a: Dialga|0 fnt\n|faint|p1a: Dialga\n|\n|upkeep\n|\n|t:|1781449019\n|switch|p1a: Plusle|Plusle, L95, M|268/268\n|turn|21\n|\n|t:|1781449029\n|-terastallize|p2a: Golurk|Ghost\n|move|p1a: Plusle|Grass Knot|p2a: Golurk\n|-damage|p2a: Golurk|6/297\n|-damage|p1a: Plusle|242/268|[from] item: Life Orb\n|move|p2a: Golurk|Earthquake|p1a: Plusle\n|-supereffective|p1a: Plusle\n|-damage|p1a: Plusle|0 fnt\n|faint|p1a: Plusle\n|\n|upkeep\n|\n|t:|1781449036\n|switch|p1a: Gothitelle|Gothitelle, L90, M|134/272\n|turn|22\n|\n|t:|1781449040\n|-terastallize|p1a: Gothitelle|Psychic\n|move|p1a: Gothitelle|Psychic|p2a: Golurk\n|-damage|p2a: Golurk|0 fnt\n|faint|p2a: Golurk\n|\n|upkeep\n|\n|t:|1781449042\n|switch|p2a: Volcarona|Volcarona, L77, M|185/257\n|turn|23\n|\n|t:|1781449048\n|move|p1a: Gothitelle|Psychic|p2a: Volcarona\n|-damage|p2a: Volcarona|35/257\n|move|p2a: Volcarona|Quiver Dance|p2a: Volcarona\n|-boost|p2a: Volcarona|spa|1\n|-boost|p2a: Volcarona|spd|1\n|-boost|p2a: Volcarona|spe|1\n|\n|upkeep\n|turn|24\n|\n|t:|1781449050\n|move|p2a: Volcarona|Bug Buzz|p1a: Gothitelle\n|-supereffective|p1a: Gothitelle\n|-damage|p1a: Gothitelle|0 fnt\n|faint|p1a: Gothitelle\n|\n|win|BoonLikker\n|raw|moritzvb's rating: 2107 &rarr; <strong>2089</strong><br />(-18 for losing)\n|raw|BoonLikker's rating: 2138 &rarr; <strong>2156</strong><br />(+18 for winning)\n", "uploadtime": 1781448715, "views": 9, "formatid": "gen9randombattle", "rating": 2089, "private": 0, "password": null}