{"id": "gen9randombattle-2631511193", "format": "[Gen 9] Random Battle", "players": ["Teres bahji", "fosdfo"], "log": "|badge|p1|silver|gen9randombattle|30-9\n|uhtml|medal-msg|<div class=\"broadcast-blue\">Curious what those medals under the avatar are? PS now has Ladder Seasons! For more information, check out the <a href=\"https://www.smogon.com/forums/threads/3740067/\">thread on Smogon.</a></div>\n|j|\u2606Teres bahji\n|j|\u2606fosdfo\n|t:|1781394517\n|gametype|singles\n|player|p1|Teres bahji|#rbtt6teamzarudef|2363\n|player|p2|fosdfo|266|2246\n|gen|9\n|tier|[Gen 9] Random Battle\n|rated|\n|rule|Species Clause: Limit one of each Pok\u00e9mon\n|rule|HP Percentage Mod: HP is shown in percentages\n|rule|Sleep Clause Mod: Limit one foe put to sleep\n|rule|Illusion Level Mod: Illusion disguises the Pok\u00e9mon's true level\n|\n|t:|1781394517\n|teamsize|p1|6\n|teamsize|p2|6\n|start\n|switch|p1a: Solgaleo|Solgaleo, L74|325/325\n|switch|p2a: Landorus|Landorus-Therian, L76, M|260/260\n|-ability|p2a: Landorus|Intimidate|boost\n|-fail|p1a: Solgaleo|unboost|[from] ability: Full Metal Body|[of] p1a: Solgaleo\n|turn|1\n|inactive|Battle timer is ON: inactive players will automatically lose when time's up. (requested by Teres bahji)\n|\n|t:|1781394531\n|switch|p2a: Vaporeon|Vaporeon, L86, M|364/364\n|move|p1a: Solgaleo|Knock Off|p2a: Vaporeon\n|-damage|p2a: Vaporeon|266/364\n|-enditem|p2a: Vaporeon|Leftovers|[from] move: Knock Off|[of] p1a: Solgaleo\n|\n|upkeep\n|turn|2\n|\n|t:|1781394537\n|switch|p1a: Arceus|Arceus-Flying, L69|279/279\n|move|p2a: Vaporeon|Scald|p1a: Arceus\n|-damage|p1a: Arceus|182/279\n|\n|upkeep\n|turn|3\n|\n|t:|1781394553\n|switch|p2a: Rampardos|Rampardos, L90, M|321/321\n|move|p1a: Arceus|Calm Mind|p1a: Arceus\n|-boost|p1a: Arceus|spa|1\n|-boost|p1a: Arceus|spd|1\n|\n|upkeep\n|turn|4\n|\n|t:|1781394559\n|move|p1a: Arceus|Earth Power|p2a: Rampardos\n|-supereffective|p2a: Rampardos\n|-damage|p2a: Rampardos|89/321\n|move|p2a: Rampardos|Rock Slide|p1a: Arceus\n|-supereffective|p1a: Arceus\n|-damage|p1a: Arceus|0 fnt\n|faint|p1a: Arceus\n|\n|upkeep\n|j| Rabiesdfsdf\n|\n|t:|1781394568\n|switch|p1a: Vigoroth|Vigoroth, L85, M|275/275\n|turn|5\n|\n|t:|1781394572\n|move|p1a: Vigoroth|Earthquake|p2a: Rampardos\n|-supereffective|p2a: Rampardos\n|-damage|p2a: Rampardos|0 fnt\n|faint|p2a: Rampardos\n|\n|upkeep\n|\n|t:|1781394587\n|switch|p2a: Landorus|Landorus-Therian, L76, M|260/260\n|-ability|p2a: Landorus|Intimidate|boost\n|-unboost|p1a: Vigoroth|atk|1\n|turn|6\n|\n|t:|1781394591\n|move|p1a: Vigoroth|Bulk Up|p1a: Vigoroth\n|-boost|p1a: Vigoroth|atk|1\n|-boost|p1a: Vigoroth|def|1\n|move|p2a: Landorus|U-turn|p1a: Vigoroth\n|-damage|p1a: Vigoroth|249/275\n|\n|t:|1781394600\n|switch|p2a: Vaporeon|Vaporeon, L86, M|266/364|[from] U-turn\n|\n|upkeep\n|turn|7\n|\n|t:|1781394603\n|move|p1a: Vigoroth|Body Slam|p2a: Vaporeon\n|-damage|p2a: Vaporeon|167/364\n|-status|p2a: Vaporeon|par\n|move|p2a: Vaporeon|Scald|p1a: Vigoroth\n|-damage|p1a: Vigoroth|159/275\n|\n|upkeep\n|turn|8\n|\n|t:|1781394608\n|move|p1a: Vigoroth|Bulk Up|p1a: Vigoroth\n|-boost|p1a: Vigoroth|atk|1\n|-boost|p1a: Vigoroth|def|1\n|move|p2a: Vaporeon|Scald|p1a: Vigoroth\n|-damage|p1a: Vigoroth|62/275\n|\n|upkeep\n|turn|9\n|\n|t:|1781394611\n|move|p1a: Vigoroth|Slack Off|p1a: Vigoroth\n|-heal|p1a: Vigoroth|200/275\n|move|p2a: Vaporeon|Scald|p1a: Vigoroth\n|-damage|p1a: Vigoroth|110/275\n|\n|upkeep\n|turn|10\n|\n|t:|1781394614\n|move|p1a: Vigoroth|Body Slam|p2a: Vaporeon\n|-damage|p2a: Vaporeon|10/364 par\n|move|p2a: Vaporeon|Scald|p1a: Vigoroth\n|-damage|p1a: Vigoroth|20/275\n|\n|upkeep\n|turn|11\n|\n|t:|1781394618\n|move|p1a: Vigoroth|Body Slam|p2a: Vaporeon\n|-damage|p2a: Vaporeon|0 fnt\n|faint|p2a: Vaporeon\n|\n|upkeep\n|\n|t:|1781394622\n|switch|p2a: Infernape|Infernape, L82, F|259/259\n|turn|12\n|\n|t:|1781394626\n|move|p2a: Infernape|Close Combat|p1a: Vigoroth\n|-supereffective|p1a: Vigoroth\n|-damage|p1a: Vigoroth|0 fnt\n|-unboost|p2a: Infernape|def|1\n|-unboost|p2a: Infernape|spd|1\n|faint|p1a: Vigoroth\n|-damage|p2a: Infernape|234/259|[from] item: Life Orb\n|\n|upkeep\n|\n|t:|1781394629\n|switch|p1a: Delphox|Delphox, L84, F|263/263\n|turn|13\n|\n|t:|1781394637\n|switch|p2a: Abomasnow|Abomasnow, L84, M|287/287\n|-weather|Snowscape|[from] ability: Snow Warning|[of] p2a: Abomasnow\n|move|p1a: Delphox|Psyshock|p2a: Abomasnow\n|-damage|p2a: Abomasnow|215/287\n|\n|-weather|Snowscape|[upkeep]\n|upkeep\n|turn|14\n|\n|t:|1781394643\n|move|p1a: Delphox|Fire Blast|p2a: Abomasnow|[miss]\n|-miss|p1a: Delphox|p2a: Abomasnow\n|move|p2a: Abomasnow|Aurora Veil|p2a: Abomasnow\n|-sidestart|p2: fosdfo|move: Aurora Veil\n|\n|-weather|Snowscape|[upkeep]\n|upkeep\n|turn|15\n|\n|t:|1781394650\n|move|p1a: Delphox|Fire Blast|p2a: Abomasnow\n|-supereffective|p2a: Abomasnow\n|-damage|p2a: Abomasnow|0 fnt\n|faint|p2a: Abomasnow\n|\n|-weather|Snowscape|[upkeep]\n|upkeep\n|\n|t:|1781394666\n|switch|p2a: Infernape|Infernape, L82, F|234/259\n|turn|16\n|\n|t:|1781394670\n|move|p2a: Infernape|Stone Edge|p1a: Delphox\n|-supereffective|p1a: Delphox\n|-damage|p1a: Delphox|52/263\n|-damage|p2a: Infernape|209/259|[from] item: Life Orb\n|move|p1a: Delphox|Psyshock|p2a: Infernape\n|-supereffective|p2a: Infernape\n|-damage|p2a: Infernape|95/259\n|\n|-weather|Snowscape|[upkeep]\n|upkeep\n|turn|17\n|\n|t:|1781394678\n|switch|p1a: Solgaleo|Solgaleo, L74|325/325\n|move|p2a: Infernape|Close Combat|p1a: Solgaleo\n|-damage|p1a: Solgaleo|165/325\n|-unboost|p2a: Infernape|def|1\n|-unboost|p2a: Infernape|spd|1\n|-damage|p2a: Infernape|70/259|[from] item: Life Orb\n|\n|-weather|none\n|-heal|p1a: Solgaleo|185/325|[from] item: Leftovers\n|upkeep\n|turn|18\n|\n|t:|1781394683\n|move|p2a: Infernape|Overheat|p1a: Solgaleo\n|-supereffective|p1a: Solgaleo\n|-damage|p1a: Solgaleo|0 fnt\n|-unboost|p2a: Infernape|spa|2\n|faint|p1a: Solgaleo\n|-damage|p2a: Infernape|45/259|[from] item: Life Orb\n|\n|upkeep\n|\n|t:|1781394688\n|switch|p1a: Mismagius|Mismagius, L86, M|243/243\n|turn|19\n|\n|t:|1781394695\n|move|p1a: Mismagius|Shadow Ball|p2a: Infernape\n|-damage|p2a: Infernape|0 fnt\n|faint|p2a: Infernape\n|\n|upkeep\n|\n|t:|1781394699\n|switch|p2a: Walking Wake|Walking Wake, L79|286/286\n|turn|20\n|\n|t:|1781394703\n|move|p1a: Mismagius|Substitute|p1a: Mismagius\n|-start|p1a: Mismagius|Substitute\n|-damage|p1a: Mismagius|183/243\n|move|p2a: Walking Wake|Sunny Day|p2a: Walking Wake\n|-weather|SunnyDay\n|-activate|p2a: Walking Wake|ability: Protosynthesis\n|-start|p2a: Walking Wake|protosynthesisspa\n|\n|-weather|SunnyDay|[upkeep]\n|-heal|p1a: Mismagius|198/243|[from] item: Leftovers\n|upkeep\n|turn|21\n|\n|t:|1781394707\n|move|p1a: Mismagius|Nasty Plot|p1a: Mismagius\n|-boost|p1a: Mismagius|spa|2\n|move|p2a: Walking Wake|Hydro Steam|p1a: Mismagius\n|-end|p1a: Mismagius|Substitute\n|-damage|p2a: Walking Wake|258/286|[from] item: Life Orb\n|\n|-weather|SunnyDay|[upkeep]\n|-heal|p1a: Mismagius|213/243|[from] item: Leftovers\n|-sideend|p2: fosdfo|move: Aurora Veil\n|upkeep\n|turn|22\n|-message|fosdfo forfeited.\n|\n|win|Teres bahji\n", "uploadtime": 1781394519, "views": 3, "formatid": "gen9randombattle", "rating": null, "private": 0, "password": null}