{"id": "gen9randombattle-2631634273", "format": "[Gen 9] Random Battle", "players": ["Jadasteel", "pastorulipal"], "log": "|j|\u2606Jadasteel\n|j|\u2606pastorulipal\n|t:|1781412219\n|gametype|singles\n|player|p1|Jadasteel|fantina|2011\n|player|p2|pastorulipal|acetrainer-gen4dp|2064\n|gen|9\n|tier|[Gen 9] Random Battle\n|rated|\n|rule|Species Clause: Limit one of each Pok\u00e9mon\n|rule|HP Percentage Mod: HP is shown in percentages\n|rule|Sleep Clause Mod: Limit one foe put to sleep\n|rule|Illusion Level Mod: Illusion disguises the Pok\u00e9mon's true level\n|\n|t:|1781412219\n|teamsize|p1|6\n|teamsize|p2|6\n|start\n|switch|p1a: Regirock|Regirock, L83|268/268\n|switch|p2a: Politoed|Politoed, L88, M|302/302\n|-weather|RainDance|[from] ability: Drizzle|[of] p2a: Politoed\n|turn|1\n|inactive|Battle timer is ON: inactive players will automatically lose when time's up. (requested by Jadasteel)\n|\n|t:|1781412244\n|switch|p1a: Kingdra|Kingdra, L84, M|263/263\n|move|p2a: Politoed|Weather Ball|p1a: Kingdra\n|-resisted|p1a: Kingdra\n|-damage|p1a: Kingdra|205/263\n|\n|-weather|RainDance|[upkeep]\n|upkeep\n|turn|2\n|\n|t:|1781412257\n|move|p1a: Kingdra|Dragon Dance|p1a: Kingdra\n|-boost|p1a: Kingdra|atk|1\n|-boost|p1a: Kingdra|spe|1\n|move|p2a: Politoed|Weather Ball|p1a: Kingdra\n|-resisted|p1a: Kingdra\n|-damage|p1a: Kingdra|149/263\n|\n|-weather|RainDance|[upkeep]\n|upkeep\n|turn|3\n|\n|t:|1781412271\n|move|p1a: Kingdra|Wave Crash|p2a: Politoed\n|-resisted|p2a: Politoed\n|-damage|p2a: Politoed|152/302\n|-damage|p1a: Kingdra|99/263|[from] Recoil\n|move|p2a: Politoed|Weather Ball|p1a: Kingdra\n|-resisted|p1a: Kingdra\n|-damage|p1a: Kingdra|38/263\n|\n|-weather|RainDance|[upkeep]\n|upkeep\n|turn|4\n|\n|t:|1781412286\n|move|p1a: Kingdra|Outrage|p2a: Politoed\n|-damage|p2a: Politoed|0 fnt\n|faint|p2a: Politoed\n|\n|-weather|RainDance|[upkeep]\n|upkeep\n|\n|t:|1781412293\n|switch|p2a: Munkidori|Munkidori, L79, M|269/269\n|turn|5\n|\n|t:|1781412297\n|move|p2a: Munkidori|Fake Out|p1a: Kingdra\n|-damage|p1a: Kingdra|20/263\n|-status|p1a: Kingdra|tox|[from] ability: Toxic Chain|[of] p2a: Munkidori\n|-enditem|p1a: Kingdra|Lum Berry|[eat]\n|-curestatus|p1a: Kingdra|tox|[msg]\n|cant|p1a: Kingdra|flinch\n|\n|-weather|none\n|-start|p1a: Kingdra|confusion|[fatigue]\n|upkeep\n|turn|6\n|inactive|pastorulipal has 120 seconds left.\n|\n|t:|1781412354\n|switch|p1a: Metagross|Metagross, L79|256/256\n|move|p2a: Munkidori|Sludge Wave|p1a: Metagross\n|-immune|p1a: Metagross\n|\n|upkeep\n|turn|7\n|\n|t:|1781412367\n|move|p2a: Munkidori|U-turn|p1a: Metagross\n|-damage|p1a: Metagross|229/256\n|\n|t:|1781412371\n|switch|p2a: Mabosstiff|Mabosstiff, L86, M|278/278|[from] U-turn\n|move|p1a: Metagross|Agility|p1a: Metagross\n|-boost|p1a: Metagross|spe|2\n|\n|upkeep\n|turn|8\n|\n|t:|1781412379\n|-terastallize|p1a: Metagross|Ground\n|move|p1a: Metagross|Earthquake|p2a: Mabosstiff\n|-damage|p2a: Mabosstiff|152/278\n|move|p2a: Mabosstiff|Crunch|p1a: Metagross\n|-damage|p1a: Metagross|144/256\n|\n|upkeep\n|turn|9\n|\n|t:|1781412391\n|move|p1a: Metagross|Knock Off|p2a: Mabosstiff\n|-resisted|p2a: Mabosstiff\n|-damage|p2a: Mabosstiff|114/278\n|-enditem|p2a: Mabosstiff|Choice Scarf|[from] move: Knock Off|[of] p1a: Metagross\n|move|p2a: Mabosstiff|Crunch|p1a: Metagross\n|-damage|p1a: Metagross|68/256\n|\n|upkeep\n|turn|10\n|\n|t:|1781412404\n|switch|p2a: Flapple|Flapple, L88, M|266/266\n|move|p1a: Metagross|Earthquake|p2a: Flapple\n|-resisted|p2a: Flapple\n|-damage|p2a: Flapple|200/266\n|\n|upkeep\n|turn|11\n|\n|t:|1781412421\n|move|p1a: Metagross|Heavy Slam|p2a: Flapple\n|-damage|p2a: Flapple|37/266\n|move|p2a: Flapple|Grav Apple|p1a: Metagross\n|-supereffective|p1a: Metagross\n|-damage|p1a: Metagross|0 fnt\n|faint|p1a: Metagross\n|\n|upkeep\n|\n|t:|1781412435\n|switch|p1a: Delibird|Delibird, F|252/252\n|turn|12\n|\n|t:|1781412460\n|move|p1a: Delibird|Ice Shard|p2a: Flapple\n|-supereffective|p2a: Flapple\n|-damage|p2a: Flapple|0 fnt\n|faint|p2a: Flapple\n|\n|upkeep\n|inactive|pastorulipal has 90 seconds left.\n|\n|t:|1781412472\n|switch|p2a: Munkidori|Munkidori, L79, M|269/269\n|turn|13\n|\n|t:|1781412484\n|switch|p1a: Regirock|Regirock, L83|268/268\n|move|p2a: Munkidori|Fake Out|p1a: Regirock\n|-resisted|p1a: Regirock\n|-damage|p1a: Regirock|262/268\n|\n|upkeep\n|turn|14\n|\n|t:|1781412490\n|move|p2a: Munkidori|Psychic Noise|p1a: Regirock\n|-damage|p1a: Regirock|181/268\n|-start|p1a: Regirock|move: Heal Block\n|move|p1a: Regirock|Curse|p1a: Regirock\n|-unboost|p1a: Regirock|spe|1\n|-boost|p1a: Regirock|atk|1\n|-boost|p1a: Regirock|def|1\n|\n|upkeep\n|turn|15\n|\n|t:|1781412507\n|move|p2a: Munkidori|U-turn|p1a: Regirock\n|-damage|p1a: Regirock|166/268\n|-status|p1a: Regirock|tox|[from] ability: Toxic Chain|[of] p2a: Munkidori\n|\n|t:|1781412516\n|switch|p2a: Mabosstiff|Mabosstiff, L86, M|114/278|[from] U-turn\n|move|p1a: Regirock|Stone Edge|p2a: Mabosstiff\n|-damage|p2a: Mabosstiff|0 fnt\n|faint|p2a: Mabosstiff\n|\n|-damage|p1a: Regirock|150/268 tox|[from] psn\n|-end|p1a: Regirock|move: Heal Block\n|upkeep\n|\n|t:|1781412528\n|switch|p2a: Regidrago|Regidrago, L77|435/435\n|turn|16\n|\n|t:|1781412539\n|move|p2a: Regidrago|Dragon Dance|p2a: Regidrago\n|-boost|p2a: Regidrago|atk|1\n|-boost|p2a: Regidrago|spe|1\n|move|p1a: Regirock|Rest|p1a: Regirock\n|-status|p1a: Regirock|slp|[from] move: Rest\n|-heal|p1a: Regirock|268/268 slp|[silent]\n|-enditem|p1a: Regirock|Chesto Berry|[eat]\n|-curestatus|p1a: Regirock|slp|[msg]\n|\n|upkeep\n|turn|17\n|inactive|pastorulipal has 90 seconds left.\n|\n|t:|1781412555\n|move|p2a: Regidrago|Draco Meteor|p1a: Regirock|[miss]\n|-miss|p2a: Regidrago|p1a: Regirock\n|move|p1a: Regirock|Body Press|p2a: Regidrago\n|-crit|p2a: Regidrago\n|-damage|p2a: Regidrago|93/435\n|\n|upkeep\n|turn|18\n|\n|t:|1781412563\n|move|p2a: Regidrago|Draco Meteor|p1a: Regirock|[miss]\n|-miss|p2a: Regidrago|p1a: Regirock\n|move|p1a: Regirock|Body Press|p2a: Regidrago\n|-damage|p2a: Regidrago|0 fnt\n|faint|p2a: Regidrago\n|\n|upkeep\n|c|\u2606pastorulipal|uff\n|\n|t:|1781412572\n|switch|p2a: Munkidori|Munkidori, L79, M|269/269\n|turn|19\n|c|\u2606Jadasteel|Yikes\n|\n|t:|1781412578\n|move|p2a: Munkidori|Fake Out|p1a: Regirock\n|-resisted|p1a: Regirock\n|-damage|p1a: Regirock|264/268\n|-status|p1a: Regirock|tox|[from] ability: Toxic Chain|[of] p2a: Munkidori\n|cant|p1a: Regirock|flinch\n|\n|-damage|p1a: Regirock|248/268 tox|[from] psn\n|upkeep\n|turn|20\n|\n|t:|1781412588\n|move|p2a: Munkidori|Psychic Noise|p1a: Regirock\n|-damage|p1a: Regirock|170/268 tox\n|-start|p1a: Regirock|move: Heal Block\n|move|p1a: Regirock|Stone Edge|p2a: Munkidori\n|-damage|p2a: Munkidori|73/269\n|\n|-damage|p1a: Regirock|138/268 tox|[from] psn\n|upkeep\n|turn|21\n|\n|t:|1781412599\n|move|p2a: Munkidori|Psychic Noise|p1a: Regirock\n|-damage|p1a: Regirock|53/268 tox\n|move|p1a: Regirock|Stone Edge|p2a: Munkidori|[miss]\n|-miss|p1a: Regirock|p2a: Munkidori\n|\n|-damage|p1a: Regirock|5/268 tox|[from] psn\n|-end|p1a: Regirock|move: Heal Block\n|upkeep\n|turn|22\n|\n|t:|1781412608\n|move|p2a: Munkidori|Psychic Noise|p1a: Regirock\n|-damage|p1a: Regirock|0 fnt\n|faint|p1a: Regirock\n|\n|upkeep\n|\n|t:|1781412620\n|switch|p1a: Delibird|Delibird, F|252/252\n|turn|23\n|inactive|pastorulipal has 120 seconds left.\n|\n|t:|1781412627\n|move|p1a: Delibird|Ice Shard|p2a: Munkidori|[miss]\n|-miss|p1a: Delibird|p2a: Munkidori\n|move|p2a: Munkidori|Sludge Wave|p1a: Delibird\n|-damage|p1a: Delibird|114/252\n|\n|upkeep\n|turn|24\n|\n|t:|1781412635\n|move|p1a: Delibird|Ice Shard|p2a: Munkidori|[miss]\n|-miss|p1a: Delibird|p2a: Munkidori\n|move|p2a: Munkidori|Sludge Wave|p1a: Delibird\n|-damage|p1a: Delibird|0 fnt\n|faint|p1a: Delibird\n|\n|upkeep\n|\n|t:|1781412638\n|switch|p1a: Vikavolt|Vikavolt, L83, F|263/263\n|turn|25\n|\n|t:|1781412657\n|move|p2a: Munkidori|Sludge Wave|p1a: Vikavolt\n|-damage|p1a: Vikavolt|133/263\n|move|p1a: Vikavolt|Bug Buzz|p2a: Munkidori\n|-damage|p2a: Munkidori|0 fnt\n|faint|p2a: Munkidori\n|\n|upkeep\n|\n|t:|1781412664\n|switch|p2a: Espathra|Espathra, L80, M|283/283\n|turn|26\n|\n|t:|1781412671\n|move|p2a: Espathra|Protect|p2a: Espathra\n|-singleturn|p2a: Espathra|Protect\n|move|p1a: Vikavolt|Discharge|p2a: Espathra\n|-activate|p2a: Espathra|move: Protect\n|\n|-ability|p2a: Espathra|Speed Boost|boost\n|-boost|p2a: Espathra|spe|1\n|upkeep\n|turn|27\n|\n|t:|1781412683\n|-terastallize|p2a: Espathra|Fairy\n|move|p2a: Espathra|Calm Mind|p2a: Espathra\n|-boost|p2a: Espathra|spa|1\n|-boost|p2a: Espathra|spd|1\n|move|p1a: Vikavolt|Discharge|p2a: Espathra\n|-damage|p2a: Espathra|184/283\n|\n|-heal|p2a: Espathra|201/283|[from] item: Leftovers\n|-ability|p2a: Espathra|Speed Boost|boost\n|-boost|p2a: Espathra|spe|1\n|upkeep\n|turn|28\n|\n|t:|1781412700\n|move|p2a: Espathra|Protect|p2a: Espathra\n|-singleturn|p2a: Espathra|Protect\n|move|p1a: Vikavolt|Discharge|p2a: Espathra\n|-activate|p2a: Espathra|move: Protect\n|\n|-heal|p2a: Espathra|218/283|[from] item: Leftovers\n|-ability|p2a: Espathra|Speed Boost|boost\n|-boost|p2a: Espathra|spe|1\n|upkeep\n|turn|29\n|\n|t:|1781412711\n|move|p2a: Espathra|Stored Power|p1a: Vikavolt\n|-damage|p1a: Vikavolt|0 fnt\n|faint|p1a: Vikavolt\n|\n|-heal|p2a: Espathra|235/283|[from] item: Leftovers\n|-ability|p2a: Espathra|Speed Boost|boost\n|-boost|p2a: Espathra|spe|1\n|upkeep\n|\n|t:|1781412714\n|switch|p1a: Oricorio|Oricorio-Pom-Pom, L82, M|257/257\n|turn|30\n|\n|t:|1781412725\n|move|p2a: Espathra|Stored Power|p1a: Oricorio\n|-damage|p1a: Oricorio|17/257\n|move|p1a: Oricorio|Hurricane|p2a: Espathra\n|-damage|p2a: Espathra|141/283\n|\n|-heal|p2a: Espathra|158/283|[from] item: Leftovers\n|-ability|p2a: Espathra|Speed Boost|boost\n|-boost|p2a: Espathra|spe|1\n|upkeep\n|turn|31\n|-message|Jadasteel forfeited.\n|\n|win|pastorulipal\n", "uploadtime": 1781412221, "views": 5, "formatid": "gen9randombattle", "rating": null, "private": 0, "password": null}