{"id": "gen9randombattle-2631919306", "format": "[Gen 9] Random Battle", "players": ["actuary97", "junghoking"], "log": "|j|\u2606actuary97\n|j|\u2606junghoking\n|t:|1781455624\n|gametype|singles\n|player|p1|actuary97|sabrina-frlg|1986\n|player|p2|junghoking|nate|1961\n|gen|9\n|tier|[Gen 9] Random Battle\n|rated|\n|rule|Species Clause: Limit one of each Pok\u00e9mon\n|rule|HP Percentage Mod: HP is shown in percentages\n|rule|Sleep Clause Mod: Limit one foe put to sleep\n|rule|Illusion Level Mod: Illusion disguises the Pok\u00e9mon's true level\n|\n|t:|1781455624\n|teamsize|p1|6\n|teamsize|p2|6\n|start\n|switch|p1a: Glastrier|Glastrier, L86|312/312\n|switch|p2a: Raichu|Raichu-Alola, L87, M|246/246\n|turn|1\n|inactive|Battle timer is ON: inactive players will automatically lose when time's up. (requested by actuary97)\n|\n|t:|1781455639\n|switch|p2a: Manaphy|Manaphy, L78|284/284\n|switch|p1a: Abomasnow|Abomasnow, L84, M|287/287\n|-weather|Snowscape|[from] ability: Snow Warning|[of] p1a: Abomasnow\n|\n|-weather|Snowscape|[upkeep]\n|upkeep\n|turn|2\n|\n|t:|1781455658\n|switch|p2a: Beartic|Beartic, L91, M|321/321\n|move|p1a: Abomasnow|Aurora Veil|p1a: Abomasnow\n|-sidestart|p1: actuary97|move: Aurora Veil\n|\n|-weather|Snowscape|[upkeep]\n|upkeep\n|turn|3\n|\n|t:|1781455665\n|switch|p1a: Emboar|Emboar, L84, M|322/322\n|move|p2a: Beartic|Icicle Crash|p1a: Emboar\n|-resisted|p1a: Emboar\n|-damage|p1a: Emboar|280/322\n|\n|-weather|Snowscape|[upkeep]\n|upkeep\n|turn|4\n|\n|t:|1781455672\n|move|p2a: Beartic|Earthquake|p1a: Emboar\n|-supereffective|p1a: Emboar\n|-damage|p1a: Emboar|145/322\n|move|p1a: Emboar|Knock Off|p2a: Beartic\n|-damage|p2a: Beartic|265/321\n|-enditem|p2a: Beartic|Heavy-Duty Boots|[from] move: Knock Off|[of] p1a: Emboar\n|\n|-weather|Snowscape|[upkeep]\n|upkeep\n|turn|5\n|\n|t:|1781455678\n|move|p2a: Beartic|Earthquake|p1a: Emboar\n|-supereffective|p1a: Emboar\n|-damage|p1a: Emboar|19/322\n|move|p1a: Emboar|Close Combat|p2a: Beartic\n|-supereffective|p2a: Beartic\n|-damage|p2a: Beartic|73/321\n|-unboost|p1a: Emboar|def|1\n|-unboost|p1a: Emboar|spd|1\n|\n|-weather|none\n|upkeep\n|turn|6\n|\n|t:|1781455693\n|move|p1a: Emboar|Close Combat|p2a: Beartic\n|-supereffective|p2a: Beartic\n|-damage|p2a: Beartic|0 fnt\n|-unboost|p1a: Emboar|def|1\n|-unboost|p1a: Emboar|spd|1\n|faint|p2a: Beartic\n|\n|upkeep\n|\n|t:|1781455712\n|switch|p2a: Whimsicott|Whimsicott, L84, M|238/238\n|turn|7\n|\n|t:|1781455717\n|move|p2a: Whimsicott|Substitute|p2a: Whimsicott\n|-start|p2a: Whimsicott|Substitute\n|-damage|p2a: Whimsicott|179/238\n|move|p1a: Emboar|Flare Blitz|p2a: Whimsicott\n|-supereffective|p2a: Whimsicott\n|-end|p2a: Whimsicott|Substitute\n|-damage|p1a: Emboar|0 fnt|[from] Recoil|[of] p2a: Whimsicott\n|faint|p1a: Emboar\n|\n|-heal|p2a: Whimsicott|193/238|[from] item: Leftovers\n|upkeep\n|\n|t:|1781455736\n|switch|p1a: Magcargo|Magcargo, L95, F|268/268\n|turn|8\n|\n|t:|1781455742\n|move|p2a: Whimsicott|Substitute|p2a: Whimsicott\n|-start|p2a: Whimsicott|Substitute\n|-damage|p2a: Whimsicott|134/238\n|move|p1a: Magcargo|Power Gem|p2a: Whimsicott\n|-end|p2a: Whimsicott|Substitute\n|\n|-heal|p2a: Whimsicott|148/238|[from] item: Leftovers\n|upkeep\n|turn|9\n|\n|t:|1781455756\n|switch|p1a: Abomasnow|Abomasnow, L84, M|287/287\n|-weather|Snowscape|[from] ability: Snow Warning|[of] p1a: Abomasnow\n|move|p2a: Whimsicott|Substitute|p2a: Whimsicott\n|-start|p2a: Whimsicott|Substitute\n|-damage|p2a: Whimsicott|89/238\n|\n|-weather|Snowscape|[upkeep]\n|-heal|p2a: Whimsicott|103/238|[from] item: Leftovers\n|-sideend|p1: actuary97|move: Aurora Veil\n|upkeep\n|turn|10\n|\n|t:|1781455765\n|move|p2a: Whimsicott|Moonblast|p1a: Abomasnow\n|-damage|p1a: Abomasnow|193/287\n|move|p1a: Abomasnow|Blizzard|p2a: Whimsicott\n|-supereffective|p2a: Whimsicott\n|-end|p2a: Whimsicott|Substitute\n|\n|-weather|Snowscape|[upkeep]\n|-heal|p2a: Whimsicott|117/238|[from] item: Leftovers\n|upkeep\n|turn|11\n|\n|t:|1781455774\n|switch|p2a: Manaphy|Manaphy, L78|284/284\n|move|p1a: Abomasnow|Ice Shard|p2a: Manaphy\n|-resisted|p2a: Manaphy\n|-damage|p2a: Manaphy|263/284\n|\n|-weather|Snowscape|[upkeep]\n|-heal|p2a: Manaphy|280/284|[from] item: Leftovers\n|upkeep\n|turn|12\n|inactive|actuary97 has 120 seconds left.\n|inactive|junghoking has 120 seconds left.\n|\n|t:|1781455807\n|switch|p2a: Walking Wake|Walking Wake, L79|286/286\n|switch|p1a: Mew|Mew, L82|298/298\n|\n|-weather|Snowscape|[upkeep]\n|upkeep\n|turn|13\n|inactive|actuary97 has 120 seconds left.\n|inactive|junghoking has 120 seconds left.\n|\n|t:|1781455819\n|move|p2a: Walking Wake|Draco Meteor|p1a: Mew\n|-damage|p1a: Mew|91/298\n|-unboost|p2a: Walking Wake|spa|2\n|move|p1a: Mew|Nasty Plot|p1a: Mew\n|-boost|p1a: Mew|spa|2\n|\n|-weather|none\n|upkeep\n|turn|14\n|\n|t:|1781455823\n|move|p2a: Walking Wake|Draco Meteor|p1a: Mew\n|-damage|p1a: Mew|0 fnt\n|-unboost|p2a: Walking Wake|spa|2\n|faint|p1a: Mew\n|\n|upkeep\n|\n|t:|1781455830\n|switch|p1a: Glastrier|Glastrier, L86|312/312\n|turn|15\n|\n|t:|1781455835\n|-end|p2a: Walking Wake|Protosynthesis|[silent]\n|switch|p2a: Manaphy|Manaphy, L78|280/284\n|move|p1a: Glastrier|Swords Dance|p1a: Glastrier\n|-boost|p1a: Glastrier|atk|2\n|\n|-heal|p2a: Manaphy|284/284|[from] item: Leftovers\n|upkeep\n|turn|16\n|\n|t:|1781455841\n|move|p2a: Manaphy|Surf|p1a: Glastrier\n|-damage|p1a: Glastrier|243/312\n|move|p1a: Glastrier|Close Combat|p2a: Manaphy\n|-damage|p2a: Manaphy|59/284\n|-unboost|p1a: Glastrier|def|1\n|-unboost|p1a: Glastrier|spd|1\n|\n|-heal|p2a: Manaphy|76/284|[from] item: Leftovers\n|upkeep\n|turn|17\n|\n|t:|1781455850\n|move|p2a: Manaphy|Surf|p1a: Glastrier\n|-damage|p1a: Glastrier|135/312\n|move|p1a: Glastrier|Close Combat|p2a: Manaphy\n|-damage|p2a: Manaphy|0 fnt\n|-unboost|p1a: Glastrier|def|1\n|-unboost|p1a: Glastrier|spd|1\n|faint|p2a: Manaphy\n|-ability|p1a: Glastrier|Chilling Neigh|boost\n|-boost|p1a: Glastrier|atk|1\n|\n|upkeep\n|\n|t:|1781455855\n|switch|p2a: Walking Wake|Walking Wake, L79|286/286\n|turn|18\n|\n|t:|1781455861\n|switch|p1a: Magcargo|Magcargo, L95, F|268/268\n|move|p2a: Walking Wake|Flamethrower|p1a: Magcargo\n|-resisted|p1a: Magcargo\n|-damage|p1a: Magcargo|245/268\n|\n|upkeep\n|turn|19\n|\n|t:|1781455868\n|-end|p2a: Walking Wake|Protosynthesis|[silent]\n|switch|p2a: Whimsicott|Whimsicott, L84, M|117/238\n|move|p1a: Magcargo|Shell Smash|p1a: Magcargo\n|-unboost|p1a: Magcargo|def|1\n|-unboost|p1a: Magcargo|spd|1\n|-boost|p1a: Magcargo|atk|2\n|-boost|p1a: Magcargo|spa|2\n|-boost|p1a: Magcargo|spe|2\n|\n|-heal|p2a: Whimsicott|131/238|[from] item: Leftovers\n|upkeep\n|turn|20\n|\n|t:|1781455872\n|move|p2a: Whimsicott|Encore|p1a: Magcargo\n|-start|p1a: Magcargo|Encore\n|move|p1a: Magcargo|Shell Smash|p1a: Magcargo\n|-unboost|p1a: Magcargo|def|1\n|-unboost|p1a: Magcargo|spd|1\n|-boost|p1a: Magcargo|atk|2\n|-boost|p1a: Magcargo|spa|2\n|-boost|p1a: Magcargo|spe|2\n|\n|-heal|p2a: Whimsicott|145/238|[from] item: Leftovers\n|upkeep\n|turn|21\n|\n|t:|1781455878\n|switch|p1a: Abomasnow|Abomasnow, L84, M|193/287\n|-weather|Snowscape|[from] ability: Snow Warning|[of] p1a: Abomasnow\n|move|p2a: Whimsicott|Substitute|p2a: Whimsicott\n|-start|p2a: Whimsicott|Substitute\n|-damage|p2a: Whimsicott|86/238\n|\n|-weather|Snowscape|[upkeep]\n|-heal|p2a: Whimsicott|100/238|[from] item: Leftovers\n|upkeep\n|turn|22\n|\n|t:|1781455880\n|move|p2a: Whimsicott|Moonblast|p1a: Abomasnow\n|-damage|p1a: Abomasnow|102/287\n|move|p1a: Abomasnow|Blizzard|p2a: Whimsicott\n|-supereffective|p2a: Whimsicott\n|-end|p2a: Whimsicott|Substitute\n|\n|-weather|Snowscape|[upkeep]\n|-heal|p2a: Whimsicott|114/238|[from] item: Leftovers\n|upkeep\n|turn|23\n|\n|t:|1781455888\n|move|p2a: Whimsicott|Moonblast|p1a: Abomasnow\n|-damage|p1a: Abomasnow|14/287\n|-unboost|p1a: Abomasnow|spa|1\n|move|p1a: Abomasnow|Blizzard|p2a: Whimsicott\n|-supereffective|p2a: Whimsicott\n|-damage|p2a: Whimsicott|0 fnt\n|faint|p2a: Whimsicott\n|\n|-weather|Snowscape|[upkeep]\n|upkeep\n|\n|t:|1781455894\n|switch|p2a: Raichu|Raichu-Alola, L87, M|246/246\n|turn|24\n|\n|t:|1781455900\n|move|p2a: Raichu|Thunderbolt|p1a: Abomasnow\n|-resisted|p1a: Abomasnow\n|-damage|p1a: Abomasnow|0 fnt\n|faint|p1a: Abomasnow\n|-damage|p2a: Raichu|222/246|[from] item: Life Orb\n|\n|-weather|Snowscape|[upkeep]\n|upkeep\n|\n|t:|1781455906\n|switch|p1a: Magcargo|Magcargo, L95, F|245/268\n|turn|25\n|\n|t:|1781455918\n|move|p2a: Raichu|Thunderbolt|p1a: Magcargo\n|-damage|p1a: Magcargo|116/268\n|-damage|p2a: Raichu|198/246|[from] item: Life Orb\n|move|p1a: Magcargo|Shell Smash|p1a: Magcargo\n|-unboost|p1a: Magcargo|def|1\n|-unboost|p1a: Magcargo|spd|1\n|-boost|p1a: Magcargo|atk|2\n|-boost|p1a: Magcargo|spa|2\n|-boost|p1a: Magcargo|spe|2\n|\n|-weather|none\n|upkeep\n|turn|26\n|\n|t:|1781455922\n|move|p2a: Raichu|Thunderbolt|p1a: Magcargo\n|-damage|p1a: Magcargo|0 fnt\n|faint|p1a: Magcargo\n|-damage|p2a: Raichu|174/246|[from] item: Life Orb\n|\n|upkeep\n|\n|t:|1781455926\n|switch|p1a: Lunala|Lunala, L70|308/308\n|turn|27\n|\n|t:|1781455929\n|move|p2a: Raichu|Thunderbolt|p1a: Lunala\n|-damage|p1a: Lunala|240/308\n|-status|p1a: Lunala|par\n|-damage|p2a: Raichu|150/246|[from] item: Life Orb\n|move|p1a: Lunala|Calm Mind|p1a: Lunala\n|-boost|p1a: Lunala|spa|1\n|-boost|p1a: Lunala|spd|1\n|\n|-heal|p1a: Lunala|259/308 par|[from] item: Leftovers\n|upkeep\n|turn|28\n|\n|t:|1781455938\n|switch|p2a: Exeggutor|Exeggutor, L89, F|312/312\n|move|p1a: Lunala|Calm Mind|p1a: Lunala\n|-boost|p1a: Lunala|spa|1\n|-boost|p1a: Lunala|spd|1\n|\n|-heal|p1a: Lunala|278/308 par|[from] item: Leftovers\n|upkeep\n|turn|29\n|\n|t:|1781455943\n|-terastallize|p2a: Exeggutor|Steel\n|move|p2a: Exeggutor|Leech Seed|p1a: Lunala\n|-start|p1a: Lunala|move: Leech Seed\n|move|p1a: Lunala|Moongeist Beam|p2a: Exeggutor\n|-damage|p2a: Exeggutor|90/312\n|-enditem|p2a: Exeggutor|Sitrus Berry|[eat]\n|-heal|p2a: Exeggutor|168/312|[from] item: Sitrus Berry\n|\n|-heal|p1a: Lunala|297/308 par|[from] item: Leftovers\n|-damage|p1a: Lunala|259/308 par|[from] Leech Seed|[of] p2a: Exeggutor\n|-heal|p2a: Exeggutor|206/312|[silent]\n|-item|p2a: Exeggutor|Sitrus Berry|[from] ability: Harvest\n|upkeep\n|turn|30\n|\n|t:|1781455955\n|move|p2a: Exeggutor|Substitute|p2a: Exeggutor\n|-start|p2a: Exeggutor|Substitute\n|-damage|p2a: Exeggutor|128/312\n|-enditem|p2a: Exeggutor|Sitrus Berry|[eat]\n|-heal|p2a: Exeggutor|206/312|[from] item: Sitrus Berry\n|move|p1a: Lunala|Moongeist Beam|p2a: Exeggutor\n|-end|p2a: Exeggutor|Substitute\n|\n|-heal|p1a: Lunala|278/308 par|[from] item: Leftovers\n|-damage|p1a: Lunala|240/308 par|[from] Leech Seed|[of] p2a: Exeggutor\n|-heal|p2a: Exeggutor|244/312|[silent]\n|upkeep\n|turn|31\n|\n|t:|1781455964\n|move|p2a: Exeggutor|Substitute|p2a: Exeggutor\n|-start|p2a: Exeggutor|Substitute\n|-damage|p2a: Exeggutor|166/312\n|cant|p1a: Lunala|par\n|\n|-heal|p1a: Lunala|259/308 par|[from] item: Leftovers\n|-damage|p1a: Lunala|221/308 par|[from] Leech Seed|[of] p2a: Exeggutor\n|-heal|p2a: Exeggutor|204/312|[silent]\n|upkeep\n|turn|32\n|\n|t:|1781455969\n|move|p2a: Exeggutor|Psychic Noise|p1a: Lunala\n|-resisted|p1a: Lunala\n|-damage|p1a: Lunala|193/308 par\n|-start|p1a: Lunala|move: Heal Block\n|move|p1a: Lunala|Moongeist Beam|p2a: Exeggutor\n|-end|p2a: Exeggutor|Substitute\n|\n|-damage|p1a: Lunala|155/308 par|[from] Leech Seed|[of] p2a: Exeggutor\n|-heal|p2a: Exeggutor|242/312|[silent]\n|upkeep\n|turn|33\n|\n|t:|1781455975\n|switch|p1a: Glastrier|Glastrier, L86|135/312\n|move|p2a: Exeggutor|Substitute|p2a: Exeggutor\n|-start|p2a: Exeggutor|Substitute\n|-damage|p2a: Exeggutor|164/312\n|\n|-item|p2a: Exeggutor|Sitrus Berry|[from] ability: Harvest\n|upkeep\n|turn|34\n|\n|t:|1781455980\n|move|p2a: Exeggutor|Leech Seed|p1a: Glastrier\n|-start|p1a: Glastrier|move: Leech Seed\n|move|p1a: Glastrier|Close Combat|p2a: Exeggutor\n|-supereffective|p2a: Exeggutor\n|-end|p2a: Exeggutor|Substitute\n|-unboost|p1a: Glastrier|def|1\n|-unboost|p1a: Glastrier|spd|1\n|\n|-damage|p1a: Glastrier|96/312|[from] Leech Seed|[of] p2a: Exeggutor\n|-heal|p2a: Exeggutor|203/312|[silent]\n|upkeep\n|turn|35\n|-message|actuary97 forfeited.\n|\n|win|junghoking\n", "uploadtime": 1781455625, "views": 3, "formatid": "gen9randombattle", "rating": null, "private": 0, "password": null}