{"id": "gen9randombattle-2631518362", "format": "[Gen 9] Random Battle", "players": ["AerachAisteach", "Astrokid11"], "log": "|j|\u2606AerachAisteach\n|j|\u2606Astrokid11\n|t:|1781395569\n|gametype|singles\n|player|p1|AerachAisteach|169|1966\n|player|p2|Astrokid11|102|1946\n|gen|9\n|tier|[Gen 9] Random Battle\n|rated|\n|rule|Species Clause: Limit one of each Pok\u00e9mon\n|rule|HP Percentage Mod: HP is shown in percentages\n|rule|Sleep Clause Mod: Limit one foe put to sleep\n|rule|Illusion Level Mod: Illusion disguises the Pok\u00e9mon's true level\n|\n|t:|1781395569\n|teamsize|p1|6\n|teamsize|p2|6\n|start\n|switch|p1a: Salamence|Salamence, L77, M|273/273\n|switch|p2a: Hitmontop|Hitmontop, L88, M|231/231\n|-ability|p2a: Hitmontop|Intimidate|boost\n|-unboost|p1a: Salamence|atk|1\n|turn|1\n|inactive|Battle timer is ON: inactive players will automatically lose when time's up. (requested by Astrokid11)\n|\n|t:|1781395581\n|switch|p1a: Luxray|Luxray, L88, F|283/283\n|move|p2a: Hitmontop|Stone Edge|p1a: Luxray\n|-damage|p1a: Luxray|204/283\n|\n|-status|p1a: Luxray|brn|[from] item: Flame Orb\n|upkeep\n|turn|2\n|\n|t:|1781395608\n|move|p2a: Hitmontop|Close Combat|p1a: Luxray\n|-damage|p1a: Luxray|63/283 brn\n|-unboost|p2a: Hitmontop|def|1\n|-unboost|p2a: Hitmontop|spd|1\n|move|p1a: Luxray|Trailblaze|p2a: Hitmontop\n|-damage|p2a: Hitmontop|137/231\n|-boost|p1a: Luxray|spe|1\n|\n|-damage|p1a: Luxray|46/283 brn|[from] brn\n|upkeep\n|turn|3\n|\n|t:|1781395623\n|switch|p2a: Grumpig|Grumpig, L92, F|297/297\n|move|p1a: Luxray|Play Rough|p2a: Grumpig\n|-damage|p2a: Grumpig|146/297\n|\n|-damage|p1a: Luxray|29/283 brn|[from] brn\n|upkeep\n|turn|4\n|\n|t:|1781395630\n|switch|p2a: Eternatus|Eternatus, L69|308/308\n|-ability|p2a: Eternatus|Pressure\n|move|p1a: Luxray|Facade|p2a: Eternatus\n|-damage|p2a: Eternatus|101/308\n|\n|-damage|p1a: Luxray|12/283 brn|[from] brn\n|upkeep\n|turn|5\n|\n|t:|1781395641\n|switch|p2a: Hitmontop|Hitmontop, L88, M|137/231\n|-ability|p2a: Hitmontop|Intimidate|boost\n|-unboost|p1a: Luxray|atk|1\n|move|p1a: Luxray|Facade|p2a: Hitmontop\n|-damage|p2a: Hitmontop|19/231\n|\n|-damage|p1a: Luxray|0 fnt|[from] brn\n|faint|p1a: Luxray\n|upkeep\n|\n|t:|1781395645\n|switch|p1a: Salamence|Salamence, L77, M|273/273\n|turn|6\n|\n|t:|1781395651\n|move|p1a: Salamence|Dragon Dance|p1a: Salamence\n|-boost|p1a: Salamence|atk|1\n|-boost|p1a: Salamence|spe|1\n|move|p2a: Hitmontop|Stone Edge|p1a: Salamence|[miss]\n|-miss|p2a: Hitmontop|p1a: Salamence\n|\n|upkeep\n|turn|7\n|\n|t:|1781395672\n|move|p2a: Hitmontop|Sucker Punch|p1a: Salamence\n|-damage|p1a: Salamence|208/273\n|move|p1a: Salamence|Earthquake|p2a: Hitmontop\n|-damage|p2a: Hitmontop|0 fnt\n|faint|p2a: Hitmontop\n|-ability|p1a: Salamence|Moxie|boost\n|-boost|p1a: Salamence|atk|1\n|\n|upkeep\n|inactive|Astrokid11 has 120 seconds left.\n|\n|t:|1781395694\n|switch|p2a: Furret|Furret, L94, M|312/312\n|-item|p1a: Salamence|Heavy-Duty Boots|[from] ability: Frisk|[of] p2a: Furret\n|turn|8\n|\n|t:|1781395698\n|move|p1a: Salamence|Outrage|p2a: Furret\n|-damage|p2a: Furret|14/312\n|move|p2a: Furret|Double-Edge|p1a: Salamence\n|-damage|p1a: Salamence|25/273\n|-damage|p2a: Furret|0 fnt|[from] Recoil\n|faint|p2a: Furret\n|\n|upkeep\n|\n|t:|1781395706\n|switch|p2a: Deoxys|Deoxys-Speed, L82|216/216\n|-ability|p2a: Deoxys|Pressure\n|turn|9\n|\n|t:|1781395711\n|move|p2a: Deoxys|Superpower|p1a: Salamence\n|-resisted|p1a: Salamence\n|-damage|p1a: Salamence|0 fnt\n|-unboost|p2a: Deoxys|atk|1\n|-unboost|p2a: Deoxys|def|1\n|faint|p1a: Salamence\n|\n|upkeep\n|\n|t:|1781395715\n|switch|p1a: Komala|Komala, L88, F|258/258\n|-ability|p1a: Komala|Comatose\n|turn|10\n|inactive|Astrokid11 has 120 seconds left.\n|\n|t:|1781395755\n|switch|p2a: Passimian|Passimian, L83, M|302/302\n|move|p1a: Komala|Knock Off|p2a: Passimian\n|-resisted|p2a: Passimian\n|-damage|p2a: Passimian|259/302\n|-enditem|p2a: Passimian|Choice Scarf|[from] move: Knock Off|[of] p1a: Komala\n|\n|upkeep\n|turn|11\n|\n|t:|1781395769\n|switch|p1a: Regidrago|Regidrago, L77|435/435\n|move|p2a: Passimian|Knock Off|p1a: Regidrago\n|-damage|p1a: Regidrago|313/435\n|-enditem|p1a: Regidrago|Lum Berry|[from] move: Knock Off|[of] p2a: Passimian\n|\n|upkeep\n|turn|12\n|\n|t:|1781395780\n|move|p2a: Passimian|Close Combat|p1a: Regidrago\n|-crit|p1a: Regidrago\n|-damage|p1a: Regidrago|0 fnt\n|-unboost|p2a: Passimian|def|1\n|-unboost|p2a: Passimian|spd|1\n|faint|p1a: Regidrago\n|\n|upkeep\n|\n|t:|1781395783\n|switch|p1a: Persian|Persian, L92, F|269/269\n|turn|13\n|\n|t:|1781395790\n|move|p1a: Persian|Double-Edge|p2a: Passimian\n|-damage|p2a: Passimian|0 fnt\n|faint|p2a: Passimian\n|-damage|p1a: Persian|184/269|[from] Recoil\n|\n|upkeep\n|\n|t:|1781395793\n|switch|p2a: Deoxys|Deoxys-Speed, L82|216/216\n|-ability|p2a: Deoxys|Pressure\n|turn|14\n|\n|t:|1781395795\n|move|p2a: Deoxys|Superpower|p1a: Persian\n|-supereffective|p1a: Persian\n|-damage|p1a: Persian|2/269\n|-unboost|p2a: Deoxys|atk|1\n|-unboost|p2a: Deoxys|def|1\n|move|p1a: Persian|Double-Edge|p2a: Deoxys\n|-damage|p2a: Deoxys|0 fnt\n|faint|p2a: Deoxys\n|-damage|p1a: Persian|0 fnt|[from] Recoil\n|faint|p1a: Persian\n|\n|upkeep\n|\n|t:|1781395804\n|switch|p2a: Eternatus|Eternatus, L69|101/308\n|switch|p1a: Komala|Komala, L88, F|258/258\n|-ability|p2a: Eternatus|Pressure\n|-ability|p1a: Komala|Comatose\n|turn|15\n|\n|t:|1781395807\n|move|p2a: Eternatus|Meteor Beam||[still]\n|-prepare|p2a: Eternatus|Meteor Beam\n|-boost|p2a: Eternatus|spa|1\n|-enditem|p2a: Eternatus|Power Herb\n|-anim|p2a: Eternatus|Meteor Beam|p1a: Komala\n|-damage|p1a: Komala|187/258\n|move|p1a: Komala|Body Slam|p2a: Eternatus\n|-damage|p2a: Eternatus|0 fnt\n|faint|p2a: Eternatus\n|\n|upkeep\n|\n|t:|1781395821\n|switch|p2a: Grumpig|Grumpig, L92, F|146/297\n|turn|16\n|\n|t:|1781395824\n|move|p2a: Grumpig|Psychic|p1a: Komala\n|-damage|p1a: Komala|93/258\n|move|p1a: Komala|Knock Off|p2a: Grumpig\n|-supereffective|p2a: Grumpig\n|-damage|p2a: Grumpig|0 fnt\n|-enditem|p2a: Grumpig|Choice Specs|[from] move: Knock Off|[of] p1a: Komala\n|faint|p2a: Grumpig\n|\n|win|AerachAisteach\n|raw|AerachAisteach's rating: 1966 &rarr; <strong>1985</strong><br />(+19 for winning)\n|raw|Astrokid11's rating: 1946 &rarr; <strong>1927</strong><br />(-19 for losing)\n", "uploadtime": 1781395570, "views": 3, "formatid": "gen9randombattle", "rating": 1927, "private": 0, "password": null}