{"id": "gen9randombattle-2631500978", "format": "[Gen 9] Random Battle", "players": ["Darkblade2083", "Axolgrease"], "log": "|j|\u2606Darkblade2083\n|j|\u2606Axolgrease\n|t:|1781393086\n|gametype|singles\n|player|p1|Darkblade2083|266|1178\n|player|p2|Axolgrease|169|1221\n|gen|9\n|tier|[Gen 9] Random Battle\n|rated|\n|rule|Species Clause: Limit one of each Pok\u00e9mon\n|rule|HP Percentage Mod: HP is shown in percentages\n|rule|Sleep Clause Mod: Limit one foe put to sleep\n|rule|Illusion Level Mod: Illusion disguises the Pok\u00e9mon's true level\n|\n|t:|1781393086\n|teamsize|p1|6\n|teamsize|p2|6\n|start\n|switch|p1a: Raging Bolt|Raging Bolt, L78|323/323\n|switch|p2a: Azelf|Azelf, L82|257/257\n|turn|1\n|\n|t:|1781393097\n|move|p2a: Azelf|Dazzling Gleam|p1a: Raging Bolt\n|-supereffective|p1a: Raging Bolt\n|-crit|p1a: Raging Bolt\n|-damage|p1a: Raging Bolt|157/323\n|-damage|p2a: Azelf|232/257|[from] item: Life Orb\n|move|p1a: Raging Bolt|Volt Switch|p2a: Azelf\n|-damage|p2a: Azelf|130/257\n|\n|t:|1781393119\n|-end|p1a: Raging Bolt|Protosynthesis|[silent]\n|switch|p1a: Electivire|Electivire, L84, F|263/263|[from] Volt Switch\n|\n|upkeep\n|turn|2\n|\n|t:|1781393128\n|move|p2a: Azelf|Psychic|p1a: Electivire\n|-damage|p1a: Electivire|121/263\n|-damage|p2a: Azelf|105/257|[from] item: Life Orb\n|move|p1a: Electivire|Knock Off|p2a: Azelf\n|-supereffective|p2a: Azelf\n|-damage|p2a: Azelf|0 fnt\n|-enditem|p2a: Azelf|Life Orb|[from] move: Knock Off|[of] p1a: Electivire\n|faint|p2a: Azelf\n|-damage|p1a: Electivire|95/263|[from] item: Life Orb\n|\n|upkeep\n|\n|t:|1781393139\n|switch|p2a: Chien-Pao|Chien-Pao, L72|234/234\n|-ability|p2a: Chien-Pao|Sword of Ruin\n|turn|3\n|\n|t:|1781393160\n|switch|p1a: Forretress|Forretress, L84, F|263/263\n|move|p2a: Chien-Pao|Throat Chop|p1a: Forretress\n|-damage|p1a: Forretress|155/263\n|-start|p1a: Forretress|Throat Chop|[silent]\n|\n|-heal|p1a: Forretress|171/263|[from] item: Leftovers\n|upkeep\n|turn|4\n|\n|t:|1781393168\n|switch|p2a: Drifblim|Drifblim, L86, F|396/396\n|move|p1a: Forretress|Body Press|p2a: Drifblim\n|-immune|p2a: Drifblim\n|\n|-heal|p1a: Forretress|187/263|[from] item: Leftovers\n|-end|p1a: Forretress|Throat Chop|[silent]\n|upkeep\n|turn|5\n|\n|t:|1781393175\n|move|p2a: Drifblim|Calm Mind|p2a: Drifblim\n|-boost|p2a: Drifblim|spa|1\n|-boost|p2a: Drifblim|spd|1\n|move|p1a: Forretress|Spikes|p2a: Drifblim\n|-sidestart|p2: Axolgrease|Spikes\n|\n|-heal|p1a: Forretress|203/263|[from] item: Leftovers\n|upkeep\n|turn|6\n|\n|t:|1781393180\n|move|p2a: Drifblim|Calm Mind|p2a: Drifblim\n|-boost|p2a: Drifblim|spa|1\n|-boost|p2a: Drifblim|spd|1\n|move|p1a: Forretress|Spikes|p2a: Drifblim\n|-sidestart|p2: Axolgrease|Spikes\n|\n|-heal|p1a: Forretress|219/263|[from] item: Leftovers\n|upkeep\n|turn|7\n|\n|t:|1781393188\n|move|p2a: Drifblim|Calm Mind|p2a: Drifblim\n|-boost|p2a: Drifblim|spa|1\n|-boost|p2a: Drifblim|spd|1\n|move|p1a: Forretress|Iron Head|p2a: Drifblim\n|-damage|p2a: Drifblim|270/396\n|\n|-heal|p1a: Forretress|235/263|[from] item: Leftovers\n|upkeep\n|turn|8\n|\n|t:|1781393196\n|move|p2a: Drifblim|Strength Sap|p1a: Forretress\n|-unboost|p1a: Forretress|atk|1\n|-heal|p2a: Drifblim|396/396\n|move|p1a: Forretress|Iron Head|p2a: Drifblim\n|-damage|p2a: Drifblim|305/396\n|\n|-heal|p1a: Forretress|251/263|[from] item: Leftovers\n|upkeep\n|turn|9\n|\n|t:|1781393212\n|switch|p1a: Indeedee|Indeedee-F, L90, F|272/272\n|-fieldstart|move: Psychic Terrain|[from] ability: Psychic Surge|[of] p1a: Indeedee\n|move|p2a: Drifblim|Strength Sap|p1a: Indeedee\n|-unboost|p1a: Indeedee|atk|1\n|-heal|p2a: Drifblim|396/396\n|\n|upkeep\n|turn|10\n|\n|t:|1781393223\n|move|p1a: Indeedee|Psychic|p2a: Drifblim\n|-damage|p2a: Drifblim|302/396\n|-damage|p1a: Indeedee|245/272|[from] item: Life Orb\n|move|p2a: Drifblim|Air Slash|p1a: Indeedee\n|-damage|p1a: Indeedee|95/272\n|\n|upkeep\n|turn|11\n|\n|t:|1781393233\n|switch|p1a: Lycanroc|Lycanroc-Midnight, L89, M|296/296\n|move|p2a: Drifblim|Calm Mind|p2a: Drifblim\n|-boost|p2a: Drifblim|spa|1\n|-boost|p2a: Drifblim|spd|1\n|\n|upkeep\n|turn|12\n|\n|t:|1781393246\n|-terastallize|p2a: Drifblim|Dark\n|move|p1a: Lycanroc|Knock Off|p2a: Drifblim\n|-resisted|p2a: Drifblim\n|-damage|p2a: Drifblim|209/396\n|-enditem|p2a: Drifblim|Sitrus Berry|[from] move: Knock Off|[of] p1a: Lycanroc\n|move|p2a: Drifblim|Strength Sap|p1a: Lycanroc\n|-unboost|p1a: Lycanroc|atk|1\n|-heal|p2a: Drifblim|396/396\n|\n|upkeep\n|turn|13\n|\n|t:|1781393257\n|switch|p1a: Forretress|Forretress, L84, F|251/263\n|move|p2a: Drifblim|Shadow Ball|p1a: Forretress\n|-damage|p1a: Forretress|0 fnt\n|faint|p1a: Forretress\n|\n|-fieldend|move: Psychic Terrain\n|upkeep\n|\n|t:|1781393268\n|switch|p1a: Lycanroc|Lycanroc-Midnight, L89, M|296/296\n|turn|14\n|\n|t:|1781393274\n|move|p2a: Drifblim|Shadow Ball|p1a: Lycanroc\n|-damage|p1a: Lycanroc|37/296\n|move|p1a: Lycanroc|Play Rough|p2a: Drifblim\n|-supereffective|p2a: Drifblim\n|-damage|p2a: Drifblim|28/396\n|\n|upkeep\n|turn|15\n|\n|t:|1781393283\n|switch|p1a: Indeedee|Indeedee-F, L90, F|95/272\n|-fieldstart|move: Psychic Terrain|[from] ability: Psychic Surge|[of] p1a: Indeedee\n|move|p2a: Drifblim|Strength Sap|p1a: Indeedee\n|-unboost|p1a: Indeedee|atk|1\n|-heal|p2a: Drifblim|132/396\n|\n|upkeep\n|turn|16\n|\n|t:|1781393298\n|switch|p1a: Lycanroc|Lycanroc-Midnight, L89, M|37/296\n|move|p2a: Drifblim|Air Slash|p1a: Lycanroc\n|-resisted|p1a: Lycanroc\n|-damage|p1a: Lycanroc|0 fnt\n|faint|p1a: Lycanroc\n|\n|upkeep\n|\n|t:|1781393310\n|switch|p1a: Electivire|Electivire, L84, F|95/263\n|turn|17\n|\n|t:|1781393315\n|move|p2a: Drifblim|Shadow Ball|p1a: Electivire\n|-damage|p1a: Electivire|0 fnt\n|faint|p1a: Electivire\n|\n|upkeep\n|\n|t:|1781393323\n|switch|p1a: Indeedee|Indeedee-F, L90, F|95/272\n|turn|18\n|\n|t:|1781393331\n|move|p2a: Drifblim|Air Slash|p1a: Indeedee\n|-damage|p1a: Indeedee|0 fnt\n|faint|p1a: Indeedee\n|\n|upkeep\n|\n|t:|1781393334\n|switch|p1a: Raging Bolt|Raging Bolt, L78|157/323\n|turn|19\n|\n|t:|1781393341\n|move|p2a: Drifblim|Shadow Ball|p1a: Raging Bolt\n|-damage|p1a: Raging Bolt|0 fnt\n|faint|p1a: Raging Bolt\n|-end|p1a: Raging Bolt|Protosynthesis|[silent]\n|\n|-fieldend|move: Psychic Terrain\n|upkeep\n|\n|t:|1781393344\n|switch|p1a: Cloyster|Cloyster, L80, M|211/211\n|turn|20\n|\n|t:|1781393363\n|move|p2a: Drifblim|Strength Sap|p1a: Cloyster\n|-unboost|p1a: Cloyster|atk|1\n|-heal|p2a: Drifblim|330/396\n|-enditem|p1a: Cloyster|White Herb\n|-clearnegativeboost|p1a: Cloyster|[silent]\n|move|p1a: Cloyster|Icicle Spear|p2a: Drifblim\n|-damage|p2a: Drifblim|294/396\n|-damage|p2a: Drifblim|257/396\n|-crit|p2a: Drifblim\n|-damage|p2a: Drifblim|200/396\n|-damage|p2a: Drifblim|160/396\n|-crit|p2a: Drifblim\n|-damage|p2a: Drifblim|106/396\n|-hitcount|p2a: Drifblim|5\n|\n|upkeep\n|turn|21\n|\n|t:|1781393378\n|-terastallize|p1a: Cloyster|Ground\n|move|p2a: Drifblim|Shadow Ball|p1a: Cloyster\n|-damage|p1a: Cloyster|0 fnt\n|faint|p1a: Cloyster\n|\n|win|Axolgrease\n|raw|Darkblade2083's rating: 1178 &rarr; <strong>1156</strong><br />(-22 for losing)\n|raw|Axolgrease's rating: 1221 &rarr; <strong>1243</strong><br />(+22 for winning)\n|l|\u2606Darkblade2083\n|player|p1|\n", "uploadtime": 1781393393, "views": 4, "formatid": "gen9randombattle", "rating": 1156, "private": 0, "password": null}