{"id": "gen9randombattle-2631446764", "format": "[Gen 9] Random Battle", "players": ["Fuk ICE", "A ninja kiwi"], "log": "|j|\u2606Fuk ICE\n|j|\u2606A ninja kiwi\n|t:|1781385713\n|gametype|singles\n|player|p1|Fuk ICE|101|2107\n|player|p2|A ninja kiwi|koga|2132\n|gen|9\n|tier|[Gen 9] Random Battle\n|rated|\n|rule|Species Clause: Limit one of each Pok\u00e9mon\n|rule|HP Percentage Mod: HP is shown in percentages\n|rule|Sleep Clause Mod: Limit one foe put to sleep\n|rule|Illusion Level Mod: Illusion disguises the Pok\u00e9mon's true level\n|\n|t:|1781385713\n|teamsize|p1|6\n|teamsize|p2|6\n|start\n|switch|p1a: Azelf|Azelf, L82|257/257\n|switch|p2a: Garganacl|Garganacl, L80, F|291/291\n|turn|1\n|inactive|Battle timer is ON: inactive players will automatically lose when time's up. (requested by A ninja kiwi)\n|\n|t:|1781385758\n|switch|p1a: Bellibolt|Bellibolt, L84, M|320/320\n|move|p2a: Garganacl|Salt Cure|p1a: Bellibolt\n|-damage|p1a: Bellibolt|277/320\n|-start|p1a: Bellibolt|Salt Cure\n|-start|p1a: Bellibolt|Charge|Salt Cure|[from] ability: Electromorphosis\n|\n|-heal|p1a: Bellibolt|297/320|[from] item: Leftovers\n|-damage|p1a: Bellibolt|257/320|[from] Salt Cure\n|upkeep\n|turn|2\n|\n|t:|1781385777\n|switch|p2a: Okidogi|Okidogi, L77, M|262/262\n|move|p1a: Bellibolt|Volt Switch|p2a: Okidogi\n|-damage|p2a: Okidogi|145/262\n|-end|p1a: Bellibolt|Charge|[silent]\n|l|\u2606Fuk ICE\n|inactive|Fuk ICE disconnected and has a minute to reconnect!\n|player|p1|\n|j|\u2606Fuk ICE\n|inactive|Fuk ICE reconnected and has 125 seconds left.\n|player|p1|Fuk ICE|101|\n|inactive|Fuk ICE has 120 seconds left.\n|\n|t:|1781385810\n|switch|p1a: Azelf|Azelf, L82|257/257|[from] Volt Switch\n|\n|upkeep\n|turn|3\n|\n|t:|1781385819\n|switch|p2a: Greedent|Greedent, L86, F|347/347\n|move|p1a: Azelf|Psyshock|p2a: Greedent\n|-damage|p2a: Greedent|238/347\n|-damage|p1a: Azelf|232/257|[from] item: Life Orb\n|\n|upkeep\n|turn|4\n|\n|t:|1781385833\n|switch|p1a: Bellibolt|Bellibolt, L84, M|257/320\n|move|p2a: Greedent|Knock Off|p1a: Bellibolt\n|-damage|p1a: Bellibolt|192/320\n|-start|p1a: Bellibolt|Charge|Knock Off|[from] ability: Electromorphosis\n|-enditem|p1a: Bellibolt|Leftovers|[from] move: Knock Off|[of] p2a: Greedent\n|\n|upkeep\n|turn|5\n|\n|t:|1781385845\n|move|p1a: Bellibolt|Thunderbolt|p2a: Greedent\n|-damage|p2a: Greedent|4/347\n|-enditem|p2a: Greedent|Sitrus Berry|[eat]\n|-heal|p2a: Greedent|90/347|[from] item: Sitrus Berry\n|-heal|p2a: Greedent|205/347|[from] ability: Cheek Pouch\n|-end|p1a: Bellibolt|Charge|[silent]\n|move|p2a: Greedent|Earthquake|p1a: Bellibolt\n|-supereffective|p1a: Bellibolt\n|-damage|p1a: Bellibolt|42/320\n|-start|p1a: Bellibolt|Charge|Earthquake|[from] ability: Electromorphosis\n|\n|upkeep\n|turn|6\n|\n|t:|1781385853\n|move|p1a: Bellibolt|Thunderbolt|p2a: Greedent\n|-damage|p2a: Greedent|0 fnt\n|faint|p2a: Greedent\n|-end|p1a: Bellibolt|Charge|[silent]\n|\n|upkeep\n|\n|t:|1781385863\n|switch|p2a: Okidogi|Okidogi, L77, M|145/262\n|turn|7\n|\n|t:|1781385872\n|move|p2a: Okidogi|Drain Punch|p1a: Bellibolt\n|-damage|p1a: Bellibolt|0 fnt\n|-heal|p2a: Okidogi|166/262|[from] drain|[of] p1a: Bellibolt\n|faint|p1a: Bellibolt\n|\n|upkeep\n|\n|t:|1781385876\n|switch|p1a: Azelf|Azelf, L82|232/257\n|turn|8\n|\n|t:|1781385886\n|switch|p2a: Persian|Persian, L92, F|269/269\n|move|p1a: Azelf|Nasty Plot|p1a: Azelf\n|-boost|p1a: Azelf|spa|2\n|\n|upkeep\n|turn|9\n|\n|t:|1781385907\n|switch|p1a: Typhlosion|Typhlosion-Hisui, L83, M|257/257\n|move|p2a: Persian|U-turn|p1a: Typhlosion\n|-resisted|p1a: Typhlosion\n|-damage|p1a: Typhlosion|240/257\n|\n|t:|1781385912\n|switch|p2a: Garganacl|Garganacl, L80, F|291/291|[from] U-turn\n|\n|upkeep\n|turn|10\n|\n|t:|1781385918\n|move|p1a: Typhlosion|Focus Blast|p2a: Garganacl\n|-supereffective|p2a: Garganacl\n|-damage|p2a: Garganacl|0 fnt\n|faint|p2a: Garganacl\n|\n|upkeep\n|\n|t:|1781385935\n|switch|p2a: Minior|Minior-Orange, L79|224/224\n|-formechange|p2a: Minior|Minior-Meteor||[from] ability: Shields Down\n|turn|11\n|\n|t:|1781385952\n|move|p1a: Typhlosion|Focus Blast|p2a: Minior\n|-damage|p2a: Minior|91/224\n|-unboost|p2a: Minior|spd|1\n|-enditem|p2a: Minior|White Herb\n|-clearnegativeboost|p2a: Minior|[silent]\n|move|p2a: Minior|Shell Smash|p2a: Minior\n|-unboost|p2a: Minior|def|1\n|-unboost|p2a: Minior|spd|1\n|-boost|p2a: Minior|atk|2\n|-boost|p2a: Minior|spa|2\n|-boost|p2a: Minior|spe|2\n|\n|-formechange|p2a: Minior|Minior-Orange||[from] ability: Shields Down\n|upkeep\n|turn|12\n|inactive|Fuk ICE has 120 seconds left.\n|\n|t:|1781385985\n|move|p2a: Minior|Power Gem|p1a: Typhlosion\n|-supereffective|p1a: Typhlosion\n|-damage|p1a: Typhlosion|0 fnt\n|faint|p1a: Typhlosion\n|\n|upkeep\n|\n|t:|1781385994\n|switch|p1a: Staraptor|Staraptor, L79, M|263/263\n|turn|13\n|inactive|Fuk ICE has 120 seconds left.\n|\n|t:|1781386006\n|move|p2a: Minior|Acrobatics|p1a: Staraptor\n|-damage|p1a: Staraptor|0 fnt\n|faint|p1a: Staraptor\n|\n|upkeep\n|\n|t:|1781386010\n|switch|p1a: Rabsca|Rabsca, L91, M|284/284\n|turn|14\n|\n|t:|1781386023\n|-terastallize|p1a: Rabsca|Steel\n|move|p2a: Minior|Power Gem|p1a: Rabsca\n|-resisted|p1a: Rabsca\n|-crit|p1a: Rabsca\n|-damage|p1a: Rabsca|180/284\n|move|p1a: Rabsca|Psychic|p2a: Minior\n|-damage|p2a: Minior|0 fnt\n|faint|p2a: Minior\n|\n|upkeep\n|\n|t:|1781386030\n|switch|p2a: Okidogi|Okidogi, L77, M|166/262\n|turn|15\n|\n|t:|1781386039\n|switch|p1a: Azelf|Azelf, L82|232/257\n|-terastallize|p2a: Okidogi|Dark\n|move|p2a: Okidogi|Drain Punch|p1a: Azelf\n|-resisted|p1a: Azelf\n|-damage|p1a: Azelf|182/257\n|-heal|p2a: Okidogi|191/262|[from] drain|[of] p1a: Azelf\n|\n|upkeep\n|turn|16\n|\n|t:|1781386042\n|move|p1a: Azelf|Dazzling Gleam|p2a: Okidogi\n|-supereffective|p2a: Okidogi\n|-damage|p2a: Okidogi|66/262\n|-damage|p1a: Azelf|157/257|[from] item: Life Orb\n|move|p2a: Okidogi|Knock Off|p1a: Azelf\n|-supereffective|p1a: Azelf\n|-damage|p1a: Azelf|0 fnt\n|-enditem|p1a: Azelf|Life Orb|[from] move: Knock Off|[of] p2a: Okidogi\n|faint|p1a: Azelf\n|\n|upkeep\n|\n|t:|1781386047\n|switch|p1a: Ludicolo|Ludicolo, L90, M|290/290\n|turn|17\n|\n|t:|1781386055\n|switch|p2a: Dondozo|Dondozo, L78, M|362/362\n|move|p1a: Ludicolo|Giga Drain|p2a: Dondozo\n|-supereffective|p2a: Dondozo\n|-damage|p2a: Dondozo|0 fnt\n|faint|p2a: Dondozo\n|\n|upkeep\n|\n|t:|1781386058\n|switch|p2a: Persian|Persian, L92, F|269/269\n|turn|18\n|\n|t:|1781386085\n|move|p2a: Persian|Double-Edge|p1a: Ludicolo\n|-damage|p1a: Ludicolo|98/290\n|-damage|p2a: Persian|206/269|[from] Recoil\n|move|p1a: Ludicolo|Giga Drain|p2a: Persian\n|-damage|p2a: Persian|64/269\n|-heal|p1a: Ludicolo|169/290|[from] drain|[of] p2a: Persian\n|\n|upkeep\n|turn|19\n|\n|t:|1781386092\n|switch|p1a: Rabsca|Rabsca, L91, M, tera:Steel|180/284\n|move|p2a: Persian|Double-Edge|p1a: Rabsca\n|-resisted|p1a: Rabsca\n|-damage|p1a: Rabsca|100/284\n|-damage|p2a: Persian|38/269|[from] Recoil\n|\n|upkeep\n|turn|20\n|\n|t:|1781386104\n|move|p2a: Persian|Double-Edge|p1a: Rabsca\n|-resisted|p1a: Rabsca\n|-damage|p1a: Rabsca|24/284\n|-damage|p2a: Persian|13/269|[from] Recoil\n|move|p1a: Rabsca|Revival Blessing|p1a: Rabsca\n|\n|t:|1781386111\n|-heal|p1: Staraptor|131/263|[from] move: Revival Blessing\n|\n|upkeep\n|turn|21\n|-message|A ninja kiwi forfeited.\n|\n|win|Fuk ICE\n", "uploadtime": 1781385716, "views": 6, "formatid": "gen9randombattle", "rating": null, "private": 0, "password": null}