{"id": "gen9randombattle-2631590563", "format": "[Gen 9] Random Battle", "players": ["Ankush495", "Li_angle"], "log": "|j|\u2606Ankush495\n|j|\u2606Li_angle\n|t:|1781405532\n|gametype|singles\n|player|p1|Ankush495|flint|1855\n|player|p2|Li_angle|102|1922\n|gen|9\n|tier|[Gen 9] Random Battle\n|rated|\n|rule|Species Clause: Limit one of each Pok\u00e9mon\n|rule|HP Percentage Mod: HP is shown in percentages\n|rule|Sleep Clause Mod: Limit one foe put to sleep\n|rule|Illusion Level Mod: Illusion disguises the Pok\u00e9mon's true level\n|\n|t:|1781405532\n|teamsize|p1|6\n|teamsize|p2|6\n|start\n|switch|p1a: Phione|Phione, L91|293/293\n|switch|p2a: Fezandipiti|Fezandipiti, L82, M|278/278\n|turn|1\n|inactive|Battle timer is ON: inactive players will automatically lose when time's up. (requested by Li_angle)\n|\n|t:|1781405544\n|move|p2a: Fezandipiti|Beat Up|p1a: Phione\n|-damage|p1a: Phione|284/293\n|-status|p1a: Phione|tox|[from] ability: Toxic Chain|[of] p2a: Fezandipiti\n|-damage|p1a: Phione|274/293 tox\n|-damage|p1a: Phione|260/293 tox\n|-damage|p1a: Phione|251/293 tox\n|-damage|p1a: Phione|238/293 tox\n|-damage|p1a: Phione|224/293 tox\n|-hitcount|p1a: Phione|6\n|move|p1a: Phione|Take Heart|p1a: Phione\n|-boost|p1a: Phione|spa|1\n|-boost|p1a: Phione|spd|1\n|-curestatus|p1a: Phione|tox|[msg]\n|\n|-heal|p1a: Phione|242/293|[from] item: Leftovers\n|upkeep\n|turn|2\n|\n|t:|1781405559\n|move|p2a: Fezandipiti|Gunk Shot|p1a: Phione\n|-damage|p1a: Phione|131/293\n|move|p1a: Phione|Scald|p2a: Fezandipiti\n|-damage|p2a: Fezandipiti|170/278\n|\n|-heal|p2a: Fezandipiti|187/278|[from] item: Leftovers\n|-heal|p1a: Phione|149/293|[from] item: Leftovers\n|upkeep\n|turn|3\n|\n|t:|1781405571\n|move|p2a: Fezandipiti|Gunk Shot|p1a: Phione\n|-damage|p1a: Phione|25/293\n|move|p1a: Phione|Scald|p2a: Fezandipiti\n|-damage|p2a: Fezandipiti|87/278\n|\n|-heal|p2a: Fezandipiti|104/278|[from] item: Leftovers\n|-heal|p1a: Phione|43/293|[from] item: Leftovers\n|upkeep\n|turn|4\n|\n|t:|1781405576\n|move|p2a: Fezandipiti|Moonblast|p1a: Phione\n|-damage|p1a: Phione|0 fnt\n|faint|p1a: Phione\n|\n|-heal|p2a: Fezandipiti|121/278|[from] item: Leftovers\n|upkeep\n|\n|t:|1781405597\n|switch|p1a: Mudsdale|Mudsdale, L83, M|302/302\n|turn|5\n|\n|t:|1781405618\n|switch|p2a: Great Tusk|Great Tusk, L77|304/304\n|-enditem|p2a: Great Tusk|Booster Energy\n|-activate|p2a: Great Tusk|ability: Protosynthesis|[fromitem]\n|-start|p2a: Great Tusk|protosynthesisatk\n|move|p1a: Mudsdale|Earthquake|p2a: Great Tusk\n|-damage|p2a: Great Tusk|199/304\n|\n|upkeep\n|turn|6\n|\n|t:|1781405628\n|move|p2a: Great Tusk|Bulk Up|p2a: Great Tusk\n|-boost|p2a: Great Tusk|atk|1\n|-boost|p2a: Great Tusk|def|1\n|move|p1a: Mudsdale|Roar|p2a: Great Tusk\n|-end|p2a: Great Tusk|Protosynthesis|[silent]\n|drag|p2a: Iron Hands|Iron Hands, L79|373/373\n|\n|upkeep\n|turn|7\n|\n|t:|1781405641\n|-end|p2a: Iron Hands|Quark Drive|[silent]\n|switch|p2a: Eelektross|Eelektross, L87, F|290/290\n|move|p1a: Mudsdale|Earthquake|p2a: Eelektross\n|-immune|p2a: Eelektross|[from] ability: Levitate\n|\n|upkeep\n|turn|8\n|\n|t:|1781405657\n|switch|p1a: Reuniclus|Reuniclus, L88, F|337/337\n|move|p2a: Eelektross|Dragon Tail|p1a: Reuniclus\n|-damage|p1a: Reuniclus|276/337\n|drag|p1a: Mudsdale|Mudsdale, L83, M|302/302\n|\n|upkeep\n|turn|9\n|\n|t:|1781405662\n|move|p1a: Mudsdale|Stone Edge|p2a: Eelektross\n|-damage|p2a: Eelektross|203/290\n|move|p2a: Eelektross|Dragon Tail|p1a: Mudsdale\n|-damage|p1a: Mudsdale|258/302\n|-ability|p1a: Mudsdale|Stamina|boost\n|-boost|p1a: Mudsdale|def|1\n|drag|p1a: Plusle|Plusle, L95, M|268/268\n|\n|upkeep\n|turn|10\n|\n|t:|1781405672\n|move|p1a: Plusle|Alluring Voice|p2a: Eelektross\n|-damage|p2a: Eelektross|141/290\n|-damage|p1a: Plusle|242/268|[from] item: Life Orb\n|move|p2a: Eelektross|U-turn|p1a: Plusle\n|-crit|p1a: Plusle\n|-damage|p1a: Plusle|95/268\n|\n|t:|1781405680\n|switch|p2a: Deoxys|Deoxys-Attack, L72|191/191|[from] U-turn\n|-ability|p2a: Deoxys|Pressure\n|\n|upkeep\n|turn|11\n|\n|t:|1781405692\n|move|p2a: Deoxys|Knock Off|p1a: Plusle\n|-damage|p1a: Plusle|0 fnt\n|-enditem|p1a: Plusle|Life Orb|[from] move: Knock Off|[of] p2a: Deoxys\n|faint|p1a: Plusle\n|-damage|p2a: Deoxys|172/191|[from] item: Life Orb\n|\n|upkeep\n|\n|t:|1781405699\n|switch|p1a: Mudsdale|Mudsdale, L83, M|258/302\n|turn|12\n|\n|t:|1781405703\n|switch|p2a: Eelektross|Eelektross, L87, F|141/290\n|switch|p1a: Reuniclus|Reuniclus, L88, F|276/337\n|\n|upkeep\n|turn|13\n|\n|t:|1781405709\n|move|p2a: Eelektross|U-turn|p1a: Reuniclus\n|-supereffective|p1a: Reuniclus\n|-damage|p1a: Reuniclus|140/337\n|\n|t:|1781405711\n|switch|p2a: Deoxys|Deoxys-Attack, L72|172/191|[from] U-turn\n|-ability|p2a: Deoxys|Pressure\n|move|p1a: Reuniclus|Psychic|p2a: Deoxys\n|-resisted|p2a: Deoxys\n|-damage|p2a: Deoxys|0 fnt\n|faint|p2a: Deoxys\n|\n|upkeep\n|\n|t:|1781405722\n|switch|p2a: Fezandipiti|Fezandipiti, L82, M|121/278\n|turn|14\n|\n|t:|1781405730\n|move|p2a: Fezandipiti|Beat Up|p1a: Reuniclus\n|-supereffective|p1a: Reuniclus\n|-damage|p1a: Reuniclus|120/337\n|-supereffective|p1a: Reuniclus\n|-crit|p1a: Reuniclus\n|-damage|p1a: Reuniclus|80/337\n|-supereffective|p1a: Reuniclus\n|-damage|p1a: Reuniclus|56/337\n|-status|p1a: Reuniclus|tox|[from] ability: Toxic Chain|[of] p2a: Fezandipiti\n|-supereffective|p1a: Reuniclus\n|-damage|p1a: Reuniclus|38/337 tox\n|-supereffective|p1a: Reuniclus\n|-damage|p1a: Reuniclus|16/337 tox\n|-hitcount|p1a: Reuniclus|5\n|move|p1a: Reuniclus|Recover|p1a: Reuniclus\n|-heal|p1a: Reuniclus|185/337 tox\n|\n|-heal|p2a: Fezandipiti|138/278|[from] item: Leftovers\n|upkeep\n|turn|15\n|\n|t:|1781405751\n|move|p2a: Fezandipiti|Gunk Shot|p1a: Reuniclus\n|-damage|p1a: Reuniclus|52/337 tox\n|move|p1a: Reuniclus|Recover|p1a: Reuniclus\n|-heal|p1a: Reuniclus|221/337 tox\n|\n|-heal|p2a: Fezandipiti|155/278|[from] item: Leftovers\n|upkeep\n|turn|16\n|\n|t:|1781405759\n|-terastallize|p2a: Fezandipiti|Dark\n|move|p2a: Fezandipiti|Gunk Shot|p1a: Reuniclus\n|-damage|p1a: Reuniclus|106/337 tox\n|move|p1a: Reuniclus|Psychic|p2a: Fezandipiti\n|-immune|p2a: Fezandipiti\n|\n|-heal|p2a: Fezandipiti|172/278|[from] item: Leftovers\n|upkeep\n|turn|17\n|\n|t:|1781405765\n|switch|p1a: Mudsdale|Mudsdale, L83, M|258/302\n|move|p2a: Fezandipiti|Gunk Shot|p1a: Mudsdale\n|-resisted|p1a: Mudsdale\n|-crit|p1a: Mudsdale\n|-damage|p1a: Mudsdale|175/302\n|-ability|p1a: Mudsdale|Stamina|boost\n|-boost|p1a: Mudsdale|def|1\n|-status|p1a: Mudsdale|tox|[from] ability: Toxic Chain|[of] p2a: Fezandipiti\n|\n|-heal|p2a: Fezandipiti|189/278|[from] item: Leftovers\n|-heal|p1a: Mudsdale|193/302 tox|[from] item: Leftovers\n|-damage|p1a: Mudsdale|175/302 tox|[from] psn\n|upkeep\n|turn|18\n|\n|t:|1781405773\n|switch|p2a: Eelektross|Eelektross, L87, F|141/290\n|move|p1a: Mudsdale|Heavy Slam|p2a: Eelektross\n|-resisted|p2a: Eelektross\n|-damage|p2a: Eelektross|91/290\n|\n|-heal|p1a: Mudsdale|193/302 tox|[from] item: Leftovers\n|-damage|p1a: Mudsdale|157/302 tox|[from] psn\n|upkeep\n|turn|19\n|\n|t:|1781405783\n|move|p2a: Eelektross|U-turn|p1a: Mudsdale\n|-damage|p1a: Mudsdale|121/302 tox\n|-ability|p1a: Mudsdale|Stamina|boost\n|-boost|p1a: Mudsdale|def|1\n|\n|t:|1781405787\n|switch|p2a: Great Tusk|Great Tusk, L77|199/304|[from] U-turn\n|move|p1a: Mudsdale|Stone Edge|p2a: Great Tusk\n|-resisted|p2a: Great Tusk\n|-damage|p2a: Great Tusk|182/304\n|\n|-heal|p1a: Mudsdale|139/302 tox|[from] item: Leftovers\n|-damage|p1a: Mudsdale|85/302 tox|[from] psn\n|upkeep\n|turn|20\n|\n|t:|1781405798\n|move|p2a: Great Tusk|Bulk Up|p2a: Great Tusk\n|-boost|p2a: Great Tusk|atk|1\n|-boost|p2a: Great Tusk|def|1\n|move|p1a: Mudsdale|Earthquake|p2a: Great Tusk\n|-crit|p2a: Great Tusk\n|-damage|p2a: Great Tusk|38/304\n|\n|-heal|p1a: Mudsdale|103/302 tox|[from] item: Leftovers\n|-damage|p1a: Mudsdale|31/302 tox|[from] psn\n|upkeep\n|turn|21\n|\n|t:|1781405808\n|move|p2a: Great Tusk|Rapid Spin|p1a: Mudsdale\n|-damage|p1a: Mudsdale|5/302 tox\n|-boost|p2a: Great Tusk|spe|1\n|-ability|p1a: Mudsdale|Stamina|boost\n|-boost|p1a: Mudsdale|def|1\n|move|p1a: Mudsdale|Earthquake|p2a: Great Tusk\n|-crit|p2a: Great Tusk\n|-damage|p2a: Great Tusk|0 fnt\n|faint|p2a: Great Tusk\n|-end|p2a: Great Tusk|Protosynthesis|[silent]\n|\n|-heal|p1a: Mudsdale|23/302 tox|[from] item: Leftovers\n|-damage|p1a: Mudsdale|0 fnt|[from] psn\n|faint|p1a: Mudsdale\n|upkeep\n|\n|t:|1781405823\n|switch|p2a: Fezandipiti|Fezandipiti, L82, M, tera:Dark|189/278\n|switch|p1a: Vigoroth|Vigoroth, L85, F|275/275\n|turn|22\n|\n|t:|1781405835\n|move|p2a: Fezandipiti|Gunk Shot|p1a: Vigoroth\n|-damage|p1a: Vigoroth|194/275\n|move|p1a: Vigoroth|Body Slam|p2a: Fezandipiti\n|-damage|p2a: Fezandipiti|105/278\n|\n|-heal|p2a: Fezandipiti|122/278|[from] item: Leftovers\n|upkeep\n|turn|23\n|\n|t:|1781405843\n|move|p2a: Fezandipiti|Gunk Shot|p1a: Vigoroth|[miss]\n|-miss|p2a: Fezandipiti|p1a: Vigoroth\n|move|p1a: Vigoroth|Body Slam|p2a: Fezandipiti\n|-damage|p2a: Fezandipiti|29/278\n|\n|-heal|p2a: Fezandipiti|46/278|[from] item: Leftovers\n|upkeep\n|turn|24\n|\n|t:|1781405851\n|switch|p2a: Eelektross|Eelektross, L87, F|91/290\n|move|p1a: Vigoroth|Body Slam|p2a: Eelektross\n|-damage|p2a: Eelektross|12/290\n|\n|upkeep\n|turn|25\n|\n|t:|1781405857\n|move|p1a: Vigoroth|Body Slam|p2a: Eelektross\n|-damage|p2a: Eelektross|0 fnt\n|faint|p2a: Eelektross\n|\n|upkeep\n|\n|t:|1781405858\n|switch|p2a: Iron Hands|Iron Hands, L79|373/373\n|turn|26\n|\n|t:|1781405868\n|-terastallize|p1a: Vigoroth|Ground\n|move|p1a: Vigoroth|Bulk Up|p1a: Vigoroth\n|-boost|p1a: Vigoroth|atk|1\n|-boost|p1a: Vigoroth|def|1\n|move|p2a: Iron Hands|Swords Dance|p2a: Iron Hands\n|-boost|p2a: Iron Hands|atk|2\n|\n|upkeep\n|turn|27\n|\n|t:|1781405877\n|move|p1a: Vigoroth|Earthquake|p2a: Iron Hands\n|-supereffective|p2a: Iron Hands\n|-damage|p2a: Iron Hands|97/373\n|move|p2a: Iron Hands|Drain Punch|p1a: Vigoroth\n|-damage|p1a: Vigoroth|110/275\n|-heal|p2a: Iron Hands|139/373|[from] drain|[of] p1a: Vigoroth\n|\n|-heal|p2a: Iron Hands|162/373|[from] item: Leftovers\n|upkeep\n|turn|28\n|\n|t:|1781405885\n|move|p1a: Vigoroth|Earthquake|p2a: Iron Hands\n|-supereffective|p2a: Iron Hands\n|-damage|p2a: Iron Hands|0 fnt\n|faint|p2a: Iron Hands\n|-end|p2a: Iron Hands|Quark Drive|[silent]\n|\n|upkeep\n|\n|t:|1781405888\n|switch|p2a: Fezandipiti|Fezandipiti, L82, M, tera:Dark|46/278\n|turn|29\n|\n|t:|1781405893\n|move|p2a: Fezandipiti|Moonblast|p1a: Vigoroth\n|-damage|p1a: Vigoroth|40/275\n|-unboost|p1a: Vigoroth|spa|1\n|move|p1a: Vigoroth|Slack Off|p1a: Vigoroth\n|-heal|p1a: Vigoroth|178/275\n|\n|-heal|p2a: Fezandipiti|63/278|[from] item: Leftovers\n|upkeep\n|turn|30\n|\n|t:|1781405897\n|move|p2a: Fezandipiti|Moonblast|p1a: Vigoroth\n|-damage|p1a: Vigoroth|109/275\n|move|p1a: Vigoroth|Body Slam|p2a: Fezandipiti\n|-damage|p2a: Fezandipiti|0 fnt\n|faint|p2a: Fezandipiti\n|\n|upkeep\n|\n|t:|1781405900\n|switch|p2a: Articuno|Articuno, L86|295/295\n|-ability|p2a: Articuno|Pressure\n|turn|31\n|\n|t:|1781405903\n|move|p1a: Vigoroth|Body Slam|p2a: Articuno\n|-damage|p2a: Articuno|196/295\n|-status|p2a: Articuno|par\n|move|p2a: Articuno|Freeze-Dry|p1a: Vigoroth\n|-supereffective|p1a: Vigoroth\n|-damage|p1a: Vigoroth|0 fnt\n|faint|p1a: Vigoroth\n|\n|upkeep\n|\n|t:|1781405911\n|switch|p1a: Reuniclus|Reuniclus, L88, F|106/337 tox\n|turn|32\n|-message|Li_angle forfeited.\n|\n|win|Ankush495\n|raw|Ankush495's rating: 1855 &rarr; <strong>1879</strong><br />(+24 for winning)\n|raw|Li_angle's rating: 1922 &rarr; <strong>1898</strong><br />(-24 for losing)\n", "uploadtime": 1781405911, "views": 2, "formatid": "gen9randombattle", "rating": 1879, "private": 0, "password": null}