{"id": "gen9randombattle-2631699229", "format": "[Gen 9] Random Battle", "players": ["forsherlock", "Alpha Clement"], "log": "|j|\u2606forsherlock\n|j|\u2606Alpha Clement\n|t:|1781424220\n|gametype|singles\n|player|p1|forsherlock|266|2051\n|player|p2|Alpha Clement|lucas|2024\n|gen|9\n|tier|[Gen 9] Random Battle\n|rated|\n|rule|Species Clause: Limit one of each Pok\u00e9mon\n|rule|HP Percentage Mod: HP is shown in percentages\n|rule|Sleep Clause Mod: Limit one foe put to sleep\n|rule|Illusion Level Mod: Illusion disguises the Pok\u00e9mon's true level\n|\n|t:|1781424220\n|teamsize|p1|6\n|teamsize|p2|6\n|start\n|switch|p1a: Veluza|Veluza, L85, M|292/292\n|switch|p2a: Corviknight|Corviknight, L80, F|288/288\n|turn|1\n|\n|t:|1781424246\n|move|p1a: Veluza|Aqua Cutter|p2a: Corviknight\n|-crit|p2a: Corviknight\n|-damage|p2a: Corviknight|48/288\n|move|p2a: Corviknight|Brave Bird|p1a: Veluza\n|-damage|p1a: Veluza|171/292\n|-damage|p2a: Corviknight|8/288|[from] Recoil\n|\n|upkeep\n|turn|2\n|\n|t:|1781424257\n|switch|p2a: Keldeo|Keldeo-Resolute, L79|273/273\n|move|p1a: Veluza|Aqua Cutter|p2a: Keldeo\n|-resisted|p2a: Keldeo\n|-damage|p2a: Keldeo|177/273\n|\n|-heal|p2a: Keldeo|194/273|[from] item: Leftovers\n|upkeep\n|turn|3\n|\n|t:|1781424270\n|switch|p1a: Hydrapple|Hydrapple, L83, M|312/312\n|move|p2a: Keldeo|Secret Sword|p1a: Hydrapple\n|-damage|p1a: Hydrapple|225/312\n|\n|-heal|p2a: Keldeo|211/273|[from] item: Leftovers\n|upkeep\n|turn|4\n|\n|t:|1781424286\n|switch|p2a: Charizard|Charizard, L85, M|271/271\n|move|p1a: Hydrapple|Leaf Storm|p2a: Charizard\n|-resisted|p2a: Charizard\n|-damage|p2a: Charizard|233/271\n|-unboost|p1a: Hydrapple|spa|2\n|\n|upkeep\n|turn|5\n|\n|t:|1781424293\n|switch|p1a: Luvdisc|Luvdisc, F|247/247\n|move|p2a: Charizard|Hurricane|p1a: Luvdisc|[miss]\n|-miss|p2a: Charizard|p1a: Luvdisc\n|\n|upkeep\n|turn|6\n|\n|t:|1781424303\n|switch|p2a: Perrserker|Perrserker, L89, M|269/269\n|move|p1a: Luvdisc|Whirlpool|p2a: Perrserker\n|-damage|p2a: Perrserker|230/269\n|-activate|p2a: Perrserker|move: Whirlpool|[of] p1a: Luvdisc\n|\n|-damage|p2a: Perrserker|197/269|[from] move: Whirlpool|[partiallytrapped]\n|upkeep\n|turn|7\n|\n|t:|1781424309\n|move|p1a: Luvdisc|Surf|p2a: Perrserker\n|-damage|p2a: Perrserker|104/269\n|move|p2a: Perrserker|U-turn|p1a: Luvdisc\n|-damage|p1a: Luvdisc|110/247\n|\n|t:|1781424322\n|switch|p2a: Keldeo|Keldeo-Resolute, L79|211/273|[from] U-turn\n|\n|-heal|p2a: Keldeo|228/273|[from] item: Leftovers\n|upkeep\n|turn|8\n|\n|t:|1781424328\n|move|p1a: Luvdisc|Substitute|p1a: Luvdisc\n|-start|p1a: Luvdisc|Substitute\n|-damage|p1a: Luvdisc|49/247\n|move|p2a: Keldeo|Secret Sword|p1a: Luvdisc\n|-crit|p1a: Luvdisc\n|-end|p1a: Luvdisc|Substitute\n|\n|-heal|p2a: Keldeo|245/273|[from] item: Leftovers\n|upkeep\n|turn|9\n|\n|t:|1781424349\n|switch|p2a: Corviknight|Corviknight, L80, F|8/288\n|move|p1a: Luvdisc|Endeavor|p2a: Corviknight\n|-immune|p2a: Corviknight\n|\n|upkeep\n|turn|10\n|\n|t:|1781424359\n|switch|p2a: Keldeo|Keldeo-Resolute, L79|245/273\n|move|p1a: Luvdisc|Surf|p2a: Keldeo\n|-resisted|p2a: Keldeo\n|-damage|p2a: Keldeo|209/273\n|\n|-heal|p2a: Keldeo|226/273|[from] item: Leftovers\n|upkeep\n|turn|11\n|\n|t:|1781424370\n|switch|p2a: Corviknight|Corviknight, L80, F|8/288\n|move|p1a: Luvdisc|Endeavor|p2a: Corviknight\n|-immune|p2a: Corviknight\n|\n|upkeep\n|turn|12\n|\n|t:|1781424376\n|switch|p2a: Keldeo|Keldeo-Resolute, L79|226/273\n|move|p1a: Luvdisc|Surf|p2a: Keldeo\n|-resisted|p2a: Keldeo\n|-damage|p2a: Keldeo|188/273\n|\n|-heal|p2a: Keldeo|205/273|[from] item: Leftovers\n|upkeep\n|turn|13\n|\n|t:|1781424382\n|move|p1a: Luvdisc|Endeavor|p2a: Keldeo\n|-damage|p2a: Keldeo|49/273\n|move|p2a: Keldeo|Secret Sword|p1a: Luvdisc\n|-damage|p1a: Luvdisc|0 fnt\n|faint|p1a: Luvdisc\n|\n|-heal|p2a: Keldeo|66/273|[from] item: Leftovers\n|upkeep\n|\n|t:|1781424389\n|switch|p1a: Hydrapple|Hydrapple, L83, M|312/312\n|turn|14\n|\n|t:|1781424397\n|switch|p2a: Perrserker|Perrserker, L89, M|104/269\n|move|p1a: Hydrapple|Fickle Beam|p2a: Perrserker\n|-resisted|p2a: Perrserker\n|-damage|p2a: Perrserker|42/269\n|\n|upkeep\n|turn|15\n|\n|t:|1781424408\n|move|p2a: Perrserker|U-turn|p1a: Hydrapple\n|-supereffective|p1a: Hydrapple\n|-damage|p1a: Hydrapple|122/312\n|\n|t:|1781424419\n|switch|p2a: Charizard|Charizard, L85, M|233/271|[from] U-turn\n|move|p1a: Hydrapple|Fickle Beam|p2a: Charizard\n|-damage|p2a: Charizard|127/271\n|\n|upkeep\n|turn|16\n|\n|t:|1781424427\n|switch|p1a: Porygon-Z|Porygon-Z, L83|277/277\n|move|p2a: Charizard|Hurricane|p1a: Porygon-Z\n|-damage|p1a: Porygon-Z|120/277\n|\n|upkeep\n|turn|17\n|\n|t:|1781424447\n|move|p1a: Porygon-Z|Tri Attack|p2a: Charizard\n|-damage|p2a: Charizard|0 fnt\n|faint|p2a: Charizard\n|\n|upkeep\n|\n|t:|1781424457\n|switch|p2a: Passimian|Passimian, L83, F|302/302\n|turn|18\n|\n|t:|1781424462\n|move|p1a: Porygon-Z|Tri Attack|p2a: Passimian\n|-damage|p2a: Passimian|116/302\n|move|p2a: Passimian|Drain Punch|p1a: Porygon-Z\n|-supereffective|p1a: Porygon-Z\n|-damage|p1a: Porygon-Z|0 fnt\n|-heal|p2a: Passimian|176/302|[from] drain|[of] p1a: Porygon-Z\n|faint|p1a: Porygon-Z\n|\n|-heal|p2a: Passimian|194/302|[from] item: Leftovers\n|upkeep\n|\n|t:|1781424473\n|switch|p1a: Annihilape|Annihilape, L76, M|292/292\n|turn|19\n|\n|t:|1781424514\n|switch|p2a: Mewtwo|Mewtwo, L72|272/272\n|-ability|p2a: Mewtwo|Pressure\n|move|p1a: Annihilape|Bulk Up|p1a: Annihilape\n|-boost|p1a: Annihilape|atk|1\n|-boost|p1a: Annihilape|def|1\n|\n|upkeep\n|turn|20\n|\n|t:|1781424526\n|move|p2a: Mewtwo|Nasty Plot|p2a: Mewtwo\n|-boost|p2a: Mewtwo|spa|2\n|move|p1a: Annihilape|Rage Fist|p2a: Mewtwo\n|-supereffective|p2a: Mewtwo\n|-damage|p2a: Mewtwo|114/272\n|\n|upkeep\n|turn|21\n|\n|t:|1781424544\n|switch|p1a: Hydrapple|Hydrapple, L83, M|226/312\n|move|p2a: Mewtwo|Psystrike|p1a: Hydrapple\n|-damage|p1a: Hydrapple|0 fnt\n|faint|p1a: Hydrapple\n|-damage|p2a: Mewtwo|87/272|[from] item: Life Orb\n|\n|upkeep\n|\n|t:|1781424556\n|switch|p1a: Veluza|Veluza, L85, M|171/292\n|turn|22\n|\n|t:|1781424599\n|switch|p2a: Corviknight|Corviknight, L80, F|8/288\n|move|p1a: Veluza|Aqua Jet|p2a: Corviknight\n|-damage|p2a: Corviknight|0 fnt\n|-damage|p1a: Veluza|123/292|[from] item: Rocky Helmet|[of] p2a: Corviknight\n|faint|p2a: Corviknight\n|\n|upkeep\n|\n|t:|1781424629\n|switch|p2a: Passimian|Passimian, L83, F|194/302\n|turn|23\n|\n|t:|1781424634\n|switch|p1a: Annihilape|Annihilape, L76, M|292/292\n|move|p2a: Passimian|Bulk Up|p2a: Passimian\n|-boost|p2a: Passimian|atk|1\n|-boost|p2a: Passimian|def|1\n|\n|-heal|p2a: Passimian|212/302|[from] item: Leftovers\n|upkeep\n|turn|24\n|\n|t:|1781424683\n|switch|p2a: Mewtwo|Mewtwo, L72|87/272\n|-ability|p2a: Mewtwo|Pressure\n|move|p1a: Annihilape|Bulk Up|p1a: Annihilape\n|-boost|p1a: Annihilape|atk|1\n|-boost|p1a: Annihilape|def|1\n|\n|upkeep\n|turn|25\n|\n|t:|1781424692\n|move|p2a: Mewtwo|Psystrike|p1a: Annihilape\n|-supereffective|p1a: Annihilape\n|-damage|p1a: Annihilape|66/292\n|-damage|p2a: Mewtwo|60/272|[from] item: Life Orb\n|move|p1a: Annihilape|Rage Fist|p2a: Mewtwo\n|-supereffective|p2a: Mewtwo\n|-damage|p2a: Mewtwo|0 fnt\n|faint|p2a: Mewtwo\n|\n|upkeep\n|\n|t:|1781424705\n|switch|p2a: Keldeo|Keldeo-Resolute, L79|66/273\n|turn|26\n|\n|t:|1781424718\n|move|p2a: Keldeo|Hydro Pump|p1a: Annihilape\n|-crit|p1a: Annihilape\n|-damage|p1a: Annihilape|0 fnt\n|faint|p1a: Annihilape\n|\n|-heal|p2a: Keldeo|83/273|[from] item: Leftovers\n|upkeep\n|\n|t:|1781424722\n|switch|p1a: Veluza|Veluza, L85, M|123/292\n|turn|27\n|\n|t:|1781424737\n|switch|p2a: Perrserker|Perrserker, L89, M|42/269\n|move|p1a: Veluza|Aqua Cutter|p2a: Perrserker\n|-damage|p2a: Perrserker|0 fnt\n|faint|p2a: Perrserker\n|\n|upkeep\n|\n|t:|1781424743\n|switch|p2a: Passimian|Passimian, L83, F|212/302\n|turn|28\n|\n|t:|1781424748\n|move|p2a: Passimian|Knock Off|p1a: Veluza\n|-supereffective|p1a: Veluza\n|-damage|p1a: Veluza|0 fnt\n|-enditem|p1a: Veluza|Choice Band|[from] move: Knock Off|[of] p2a: Passimian\n|faint|p1a: Veluza\n|\n|-heal|p2a: Passimian|230/302|[from] item: Leftovers\n|upkeep\n|\n|t:|1781424751\n|switch|p1a: Tauros|Tauros-Paldea-Combat, L82, M|257/257\n|-ability|p1a: Tauros|Intimidate|boost\n|-unboost|p2a: Passimian|atk|1\n|-ability|p2a: Passimian|Defiant|boost\n|-boost|p2a: Passimian|atk|2\n|turn|29\n|\n|t:|1781424769\n|move|p1a: Tauros|Bulk Up|p1a: Tauros\n|-boost|p1a: Tauros|atk|1\n|-boost|p1a: Tauros|def|1\n|move|p2a: Passimian|Drain Punch|p1a: Tauros\n|-damage|p1a: Tauros|179/257\n|-heal|p2a: Passimian|269/302|[from] drain|[of] p1a: Tauros\n|\n|-heal|p2a: Passimian|287/302|[from] item: Leftovers\n|upkeep\n|turn|30\n|\n|t:|1781424777\n|move|p1a: Tauros|Earthquake|p2a: Passimian\n|-damage|p2a: Passimian|141/302\n|-damage|p1a: Tauros|154/257|[from] item: Life Orb\n|move|p2a: Passimian|Bulk Up|p2a: Passimian\n|-boost|p2a: Passimian|atk|1\n|-boost|p2a: Passimian|def|1\n|\n|-heal|p2a: Passimian|159/302|[from] item: Leftovers\n|upkeep\n|turn|31\n|\n|t:|1781424785\n|move|p1a: Tauros|Close Combat|p2a: Passimian\n|-damage|p2a: Passimian|0 fnt\n|-unboost|p1a: Tauros|def|1\n|-unboost|p1a: Tauros|spd|1\n|faint|p2a: Passimian\n|-damage|p1a: Tauros|129/257|[from] item: Life Orb\n|\n|upkeep\n|\n|t:|1781424790\n|switch|p2a: Keldeo|Keldeo-Resolute, L79|83/273\n|turn|32\n|\n|t:|1781424798\n|-terastallize|p1a: Tauros|Dark\n|move|p2a: Keldeo|Hydro Pump|p1a: Tauros|[miss]\n|-miss|p2a: Keldeo|p1a: Tauros\n|move|p1a: Tauros|Close Combat|p2a: Keldeo\n|-damage|p2a: Keldeo|0 fnt\n|-unboost|p1a: Tauros|def|1\n|-unboost|p1a: Tauros|spd|1\n|faint|p2a: Keldeo\n|-damage|p1a: Tauros|104/257|[from] item: Life Orb\n|\n|win|forsherlock\n|raw|forsherlock's rating: 2051 &rarr; <strong>2069</strong><br />(+18 for winning)\n|raw|Alpha Clement's rating: 2024 &rarr; <strong>2006</strong><br />(-18 for losing)\n", "uploadtime": 1781424798, "views": 2, "formatid": "gen9randombattle", "rating": 2006, "private": 0, "password": null}