{"id": "gen9randombattle-2631713821", "format": "[Gen 9] Random Battle", "players": ["drjfg", "Sthibo"], "log": "|j|\u2606drjfg\n|j|\u2606Sthibo\n|t:|1781427002\n|gametype|singles\n|player|p1|drjfg|101|1936\n|player|p2|Sthibo|hilbert-wonderlauncher|1919\n|gen|9\n|tier|[Gen 9] Random Battle\n|rated|\n|rule|Species Clause: Limit one of each Pok\u00e9mon\n|rule|HP Percentage Mod: HP is shown in percentages\n|rule|Sleep Clause Mod: Limit one foe put to sleep\n|rule|Illusion Level Mod: Illusion disguises the Pok\u00e9mon's true level\n|\n|t:|1781427002\n|teamsize|p1|6\n|teamsize|p2|6\n|start\n|switch|p1a: Chimecho|Chimecho, L93, F|290/290\n|switch|p2a: Fezandipiti|Fezandipiti, L82, M|278/278\n|turn|1\n|inactive|Battle timer is ON: inactive players will automatically lose when time's up. (requested by Sthibo)\n|\n|t:|1781427018\n|move|p2a: Fezandipiti|U-turn|p1a: Chimecho\n|-supereffective|p1a: Chimecho\n|-damage|p1a: Chimecho|198/290\n|\n|t:|1781427021\n|switch|p2a: Glalie|Glalie, L96, M|309/309|[from] U-turn\n|move|p1a: Chimecho|Cosmic Power|p1a: Chimecho\n|-boost|p1a: Chimecho|def|1\n|-boost|p1a: Chimecho|spd|1\n|\n|-heal|p1a: Chimecho|216/290|[from] item: Leftovers\n|upkeep\n|turn|2\n|\n|t:|1781427032\n|move|p2a: Glalie|Taunt|p1a: Chimecho\n|-start|p1a: Chimecho|move: Taunt\n|move|p1a: Chimecho|Stored Power|p2a: Glalie\n|-damage|p2a: Glalie|233/309\n|\n|-heal|p1a: Chimecho|234/290|[from] item: Leftovers\n|upkeep\n|turn|3\n|\n|t:|1781427039\n|move|p2a: Glalie|Spikes|p1a: Chimecho\n|-sidestart|p1: drjfg|Spikes\n|move|p1a: Chimecho|Stored Power|p2a: Glalie\n|-damage|p2a: Glalie|166/309\n|\n|-heal|p1a: Chimecho|252/290|[from] item: Leftovers\n|upkeep\n|turn|4\n|\n|t:|1781427045\n|move|p2a: Glalie|Freeze-Dry|p1a: Chimecho\n|-damage|p1a: Chimecho|201/290\n|move|p1a: Chimecho|Stored Power|p2a: Glalie\n|-damage|p2a: Glalie|99/309\n|\n|-heal|p1a: Chimecho|219/290|[from] item: Leftovers\n|-end|p1a: Chimecho|move: Taunt\n|upkeep\n|turn|5\n|\n|t:|1781427051\n|move|p2a: Glalie|Taunt|p1a: Chimecho\n|-start|p1a: Chimecho|move: Taunt\n|move|p1a: Chimecho|Stored Power|p2a: Glalie\n|-damage|p2a: Glalie|27/309\n|\n|-heal|p1a: Chimecho|237/290|[from] item: Leftovers\n|upkeep\n|turn|6\n|\n|t:|1781427056\n|move|p2a: Glalie|Taunt||[still]\n|-fail|p2a: Glalie\n|move|p1a: Chimecho|Stored Power|p2a: Glalie\n|-damage|p2a: Glalie|0 fnt\n|faint|p2a: Glalie\n|\n|-heal|p1a: Chimecho|255/290|[from] item: Leftovers\n|upkeep\n|\n|t:|1781427058\n|switch|p2a: Fezandipiti|Fezandipiti, L82, M|278/278\n|turn|7\n|\n|t:|1781427061\n|move|p2a: Fezandipiti|U-turn|p1a: Chimecho\n|-supereffective|p1a: Chimecho\n|-crit|p1a: Chimecho\n|-damage|p1a: Chimecho|121/290\n|-status|p1a: Chimecho|tox|[from] ability: Toxic Chain|[of] p2a: Fezandipiti\n|\n|t:|1781427064\n|switch|p2a: Meganium|Meganium, L90, F|290/290|[from] U-turn\n|move|p1a: Chimecho|Stored Power|p2a: Meganium\n|-damage|p2a: Meganium|221/290\n|\n|-heal|p2a: Meganium|239/290|[from] item: Leftovers\n|-heal|p1a: Chimecho|139/290 tox|[from] item: Leftovers\n|-damage|p1a: Chimecho|121/290 tox|[from] psn\n|-end|p1a: Chimecho|move: Taunt\n|upkeep\n|turn|8\n|\n|t:|1781427080\n|switch|p1a: Scream Tail|Scream Tail, L84|330/330\n|-damage|p1a: Scream Tail|289/330|[from] Spikes\n|move|p2a: Meganium|Leech Seed|p1a: Scream Tail\n|-start|p1a: Scream Tail|move: Leech Seed\n|\n|-heal|p1a: Scream Tail|309/330|[from] item: Leftovers\n|-heal|p2a: Meganium|257/290|[from] item: Leftovers\n|-damage|p1a: Scream Tail|268/330|[from] Leech Seed|[of] p2a: Meganium\n|-heal|p2a: Meganium|290/290|[silent]\n|upkeep\n|turn|9\n|\n|t:|1781427086\n|move|p1a: Scream Tail|Thunder Wave|p2a: Meganium|[miss]\n|-miss|p1a: Scream Tail|p2a: Meganium\n|move|p2a: Meganium|Knock Off|p1a: Scream Tail\n|-damage|p1a: Scream Tail|203/330\n|-enditem|p1a: Scream Tail|Leftovers|[from] move: Knock Off|[of] p2a: Meganium\n|\n|-damage|p1a: Scream Tail|162/330|[from] Leech Seed|[of] p2a: Meganium\n|upkeep\n|turn|10\n|\n|t:|1781427100\n|move|p1a: Scream Tail|Wish|p1a: Scream Tail\n|move|p2a: Meganium|Energy Ball|p1a: Scream Tail\n|-damage|p1a: Scream Tail|86/330\n|\n|-damage|p1a: Scream Tail|45/330|[from] Leech Seed|[of] p2a: Meganium\n|upkeep\n|turn|11\n|\n|t:|1781427107\n|-end|p1a: Scream Tail|Protosynthesis|[silent]\n|switch|p1a: Decidueye|Decidueye-Hisui, L87, M|295/295\n|-damage|p1a: Decidueye|259/295|[from] Spikes\n|move|p2a: Meganium|Energy Ball|p1a: Decidueye\n|-resisted|p1a: Decidueye\n|-damage|p1a: Decidueye|218/295\n|\n|-heal|p1a: Decidueye|295/295|[from] move: Wish|[wisher] Scream Tail\n|upkeep\n|turn|12\n|\n|t:|1781427111\n|switch|p2a: Fezandipiti|Fezandipiti, L82, M|278/278\n|move|p1a: Decidueye|Knock Off|p2a: Fezandipiti\n|-resisted|p2a: Fezandipiti\n|-damage|p2a: Fezandipiti|233/278\n|-enditem|p2a: Fezandipiti|Leftovers|[from] move: Knock Off|[of] p1a: Decidueye\n|\n|upkeep\n|turn|13\n|\n|t:|1781427116\n|switch|p1a: Chimecho|Chimecho, L93, F|121/290 tox\n|move|p2a: Fezandipiti|Moonblast|p1a: Chimecho\n|-damage|p1a: Chimecho|49/290 tox\n|\n|-heal|p1a: Chimecho|67/290 tox|[from] item: Leftovers\n|-damage|p1a: Chimecho|49/290 tox|[from] psn\n|upkeep\n|turn|14\n|l|\u2606drjfg\n|inactive|drjfg disconnected and has a minute to reconnect!\n|player|p1|\n|inactive|drjfg has 30 seconds to reconnect!\n|j|\u2606drjfg\n|inactive|drjfg reconnected and has 110 seconds left.\n|player|p1|drjfg|101|\n|\n|t:|1781427160\n|move|p2a: Fezandipiti|Moonblast|p1a: Chimecho\n|-damage|p1a: Chimecho|0 fnt\n|faint|p1a: Chimecho\n|\n|upkeep\n|\n|t:|1781427165\n|switch|p1a: Lapras|Lapras, L87, M|368/368\n|turn|15\n|\n|t:|1781427171\n|move|p2a: Fezandipiti|Moonblast|p1a: Lapras\n|-damage|p1a: Lapras|298/368\n|-status|p1a: Lapras|tox|[from] ability: Toxic Chain|[of] p2a: Fezandipiti\n|move|p1a: Lapras|Sparkling Aria|p2a: Fezandipiti\n|-damage|p2a: Fezandipiti|166/278\n|\n|-damage|p1a: Lapras|275/368 tox|[from] psn\n|upkeep\n|turn|16\n|\n|t:|1781427178\n|switch|p2a: Beartic|Beartic, L91, M|321/321\n|move|p1a: Lapras|Sparkling Aria|p2a: Beartic\n|-damage|p2a: Beartic|228/321\n|\n|-damage|p1a: Lapras|229/368 tox|[from] psn\n|upkeep\n|turn|17\n|\n|t:|1781427182\n|switch|p1a: Scream Tail|Scream Tail, L84|45/330\n|-damage|p1a: Scream Tail|4/330|[from] Spikes\n|move|p2a: Beartic|Swords Dance|p2a: Beartic\n|-boost|p2a: Beartic|atk|2\n|\n|upkeep\n|turn|18\n|\n|t:|1781427186\n|move|p1a: Scream Tail|Thunder Wave|p2a: Beartic\n|-status|p2a: Beartic|par\n|move|p2a: Beartic|Earthquake|p1a: Scream Tail\n|-damage|p1a: Scream Tail|0 fnt\n|faint|p1a: Scream Tail\n|-end|p1a: Scream Tail|Protosynthesis|[silent]\n|\n|upkeep\n|\n|t:|1781427189\n|switch|p1a: Decidueye|Decidueye-Hisui, L87, M|295/295\n|-damage|p1a: Decidueye|259/295|[from] Spikes\n|turn|19\n|\n|t:|1781427197\n|move|p1a: Decidueye|Triple Arrows|p2a: Beartic\n|-supereffective|p2a: Beartic\n|-damage|p2a: Beartic|0 fnt\n|faint|p2a: Beartic\n|\n|-heal|p1a: Decidueye|277/295|[from] item: Leftovers\n|upkeep\n|\n|t:|1781427200\n|switch|p2a: Fezandipiti|Fezandipiti, L82, M|166/278\n|turn|20\n|\n|t:|1781427206\n|switch|p1a: Lapras|Lapras, L87, M|229/368 tox\n|move|p2a: Fezandipiti|Moonblast|p1a: Lapras\n|-damage|p1a: Lapras|157/368 tox\n|-unboost|p1a: Lapras|spa|1\n|\n|-damage|p1a: Lapras|134/368 tox|[from] psn\n|upkeep\n|turn|21\n|\n|t:|1781427210\n|move|p2a: Fezandipiti|Roost|p2a: Fezandipiti\n|-heal|p2a: Fezandipiti|278/278\n|-singleturn|p2a: Fezandipiti|move: Roost\n|move|p1a: Lapras|Rest|p1a: Lapras\n|-status|p1a: Lapras|slp|[from] move: Rest\n|-heal|p1a: Lapras|368/368 slp|[silent]\n|\n|upkeep\n|turn|22\n|\n|t:|1781427214\n|switch|p2a: Meganium|Meganium, L90, F|290/290\n|cant|p1a: Lapras|slp\n|move|p1a: Lapras|Sleep Talk|p1a: Lapras\n|move|p1a: Lapras|Freeze-Dry|p2a: Meganium|[from] move: Sleep Talk\n|-supereffective|p2a: Meganium\n|-damage|p2a: Meganium|204/290\n|\n|-heal|p2a: Meganium|222/290|[from] item: Leftovers\n|upkeep\n|turn|23\n|\n|t:|1781427218\n|switch|p1a: Decidueye|Decidueye-Hisui, L87, M|277/295\n|-damage|p1a: Decidueye|241/295|[from] Spikes\n|move|p2a: Meganium|Leech Seed|p1a: Decidueye\n|-immune|p1a: Decidueye\n|\n|-heal|p2a: Meganium|240/290|[from] item: Leftovers\n|-heal|p1a: Decidueye|259/295|[from] item: Leftovers\n|upkeep\n|turn|24\n|\n|t:|1781427221\n|move|p2a: Meganium|Knock Off|p1a: Decidueye\n|-resisted|p1a: Decidueye\n|-damage|p1a: Decidueye|225/295\n|-enditem|p1a: Decidueye|Leftovers|[from] move: Knock Off|[of] p2a: Meganium\n|move|p1a: Decidueye|Triple Arrows|p2a: Meganium\n|-damage|p2a: Meganium|135/290\n|-unboost|p2a: Meganium|def|1\n|\n|-heal|p2a: Meganium|153/290|[from] item: Leftovers\n|upkeep\n|turn|25\n|\n|t:|1781427231\n|switch|p2a: Mew|Mew, L82|298/298\n|move|p1a: Decidueye|Triple Arrows|p2a: Mew\n|-resisted|p2a: Mew\n|-damage|p2a: Mew|241/298\n|\n|upkeep\n|turn|26\n|\n|t:|1781427240\n|switch|p1a: Appletun|Appletun, L92, F|352/352\n|-damage|p1a: Appletun|308/352|[from] Spikes\n|move|p2a: Mew|Nasty Plot|p2a: Mew\n|-boost|p2a: Mew|spa|2\n|\n|-heal|p1a: Appletun|330/352|[from] item: Leftovers\n|upkeep\n|turn|27\n|\n|t:|1781427248\n|move|p2a: Mew|Nasty Plot|p2a: Mew\n|-boost|p2a: Mew|spa|2\n|move|p1a: Appletun|Leech Seed|p2a: Mew\n|-start|p2a: Mew|move: Leech Seed\n|\n|-heal|p1a: Appletun|352/352|[from] item: Leftovers\n|-damage|p2a: Mew|204/298|[from] Leech Seed|[of] p1a: Appletun\n|upkeep\n|turn|28\n|\n|t:|1781427251\n|move|p2a: Mew|Psyshock|p1a: Appletun\n|-damage|p1a: Appletun|13/352\n|-damage|p2a: Mew|175/298|[from] item: Life Orb\n|move|p1a: Appletun|Apple Acid|p2a: Mew\n|-damage|p2a: Mew|75/298\n|-unboost|p2a: Mew|spd|1\n|\n|-heal|p1a: Appletun|35/352|[from] item: Leftovers\n|-damage|p2a: Mew|38/298|[from] Leech Seed|[of] p1a: Appletun\n|-heal|p1a: Appletun|72/352|[silent]\n|upkeep\n|turn|29\n|j| Poi890\n|\n|t:|1781427260\n|move|p2a: Mew|Psyshock|p1a: Appletun\n|-damage|p1a: Appletun|0 fnt\n|faint|p1a: Appletun\n|-damage|p2a: Mew|9/298|[from] item: Life Orb\n|\n|upkeep\n|\n|t:|1781427263\n|switch|p1a: Oinkologne|Oinkologne-F, L92, F|361/361\n|-damage|p1a: Oinkologne|316/361|[from] Spikes\n|turn|30\n|\n|t:|1781427266\n|move|p2a: Mew|Aura Sphere|p1a: Oinkologne\n|-supereffective|p1a: Oinkologne\n|-damage|p1a: Oinkologne|0 fnt\n|faint|p1a: Oinkologne\n|-damage|p2a: Mew|0 fnt|[from] item: Life Orb\n|faint|p2a: Mew\n|\n|upkeep\n|\n|t:|1781427270\n|switch|p2a: Fezandipiti|Fezandipiti, L82, M|278/278\n|switch|p1a: Lapras|Lapras, L87, M|368/368 slp\n|turn|31\n|\n|t:|1781427274\n|move|p2a: Fezandipiti|U-turn|p1a: Lapras\n|-damage|p1a: Lapras|325/368 slp\n|\n|t:|1781427275\n|switch|p2a: Meganium|Meganium, L90, F|153/290|[from] U-turn\n|cant|p1a: Lapras|slp\n|move|p1a: Lapras|Sleep Talk|p1a: Lapras\n|move|p1a: Lapras|Rest||[from] move: Sleep Talk|[still]\n|-fail|p1a: Lapras\n|\n|-heal|p2a: Meganium|171/290|[from] item: Leftovers\n|upkeep\n|turn|32\n|\n|t:|1781427284\n|move|p2a: Meganium|Energy Ball|p1a: Lapras\n|-supereffective|p1a: Lapras\n|-damage|p1a: Lapras|151/368 slp\n|-curestatus|p1a: Lapras|slp|[msg]\n|move|p1a: Lapras|Freeze-Dry|p2a: Meganium\n|-supereffective|p2a: Meganium\n|-damage|p2a: Meganium|49/290\n|\n|-heal|p2a: Meganium|67/290|[from] item: Leftovers\n|upkeep\n|turn|33\n|\n|t:|1781427290\n|-terastallize|p1a: Lapras|Poison\n|move|p2a: Meganium|Energy Ball|p1a: Lapras\n|-resisted|p1a: Lapras\n|-damage|p1a: Lapras|85/368\n|move|p1a: Lapras|Freeze-Dry|p2a: Meganium\n|-supereffective|p2a: Meganium\n|-damage|p2a: Meganium|0 fnt\n|faint|p2a: Meganium\n|\n|upkeep\n|\n|t:|1781427295\n|switch|p2a: Regigigas|Regigigas, L84|322/322\n|-start|p2a: Regigigas|ability: Slow Start\n|turn|34\n|l|\u2606drjfg\n|inactive|drjfg disconnected and has a minute to reconnect!\n|player|p1|\n|j|\u2606drjfg\n|inactive|drjfg reconnected and has 130 seconds left.\n|player|p1|drjfg|101|\n|\n|t:|1781427321\n|move|p1a: Lapras|Rest|p1a: Lapras\n|-status|p1a: Lapras|slp|[from] move: Rest\n|-heal|p1a: Lapras|368/368 slp|[silent]\n|move|p2a: Regigigas|Substitute|p2a: Regigigas\n|-start|p2a: Regigigas|Substitute\n|-damage|p2a: Regigigas|242/322\n|\n|-heal|p2a: Regigigas|262/322|[from] item: Leftovers\n|upkeep\n|turn|35\n|\n|t:|1781427325\n|cant|p1a: Lapras|slp\n|move|p1a: Lapras|Sleep Talk|p1a: Lapras\n|move|p1a: Lapras|Rest||[from] move: Sleep Talk|[still]\n|-fail|p1a: Lapras\n|move|p2a: Regigigas|Knock Off|p1a: Lapras\n|-damage|p1a: Lapras|313/368 slp\n|-enditem|p1a: Lapras|Heavy-Duty Boots|[from] move: Knock Off|[of] p2a: Regigigas\n|\n|-heal|p2a: Regigigas|282/322|[from] item: Leftovers\n|upkeep\n|turn|36\n|\n|t:|1781427336\n|move|p2a: Regigigas|Protect|p2a: Regigigas\n|-singleturn|p2a: Regigigas|Protect\n|cant|p1a: Lapras|slp\n|move|p1a: Lapras|Sleep Talk|p1a: Lapras\n|move|p1a: Lapras|Freeze-Dry|p2a: Regigigas|[from] move: Sleep Talk\n|-activate|p2a: Regigigas|move: Protect\n|\n|-heal|p2a: Regigigas|302/322|[from] item: Leftovers\n|upkeep\n|turn|37\n|\n|t:|1781427343\n|-curestatus|p1a: Lapras|slp|[msg]\n|move|p1a: Lapras|Sparkling Aria|p2a: Regigigas\n|-damage|p2a: Regigigas|223/322\n|move|p2a: Regigigas|Body Slam|p1a: Lapras\n|-damage|p1a: Lapras|249/368\n|\n|-heal|p2a: Regigigas|243/322|[from] item: Leftovers\n|upkeep\n|turn|38\n|\n|t:|1781427352\n|move|p2a: Regigigas|Protect|p2a: Regigigas\n|-singleturn|p2a: Regigigas|Protect\n|move|p1a: Lapras|Sparkling Aria|p2a: Regigigas\n|-activate|p2a: Regigigas|move: Protect\n|\n|-heal|p2a: Regigigas|263/322|[from] item: Leftovers\n|-end|p2a: Regigigas|Slow Start\n|upkeep\n|turn|39\n|-message|drjfg forfeited.\n|\n|win|Sthibo\n|raw|drjfg's rating: 1936 &rarr; <strong>1915</strong><br />(-21 for losing)\n|raw|Sthibo's rating: 1919 &rarr; <strong>1940</strong><br />(+21 for winning)\n", "uploadtime": 1781427357, "views": 3, "formatid": "gen9randombattle", "rating": 1915, "private": 0, "password": null}