{"id": "gen9randombattle-2631863976", "format": "[Gen 9] Random Battle", "players": ["DXL2004", "pagenfranskane"], "log": "|j|\u2606DXL2004\n|j|\u2606pagenfranskane\n|t:|1781449573\n|gametype|singles\n|player|p1|DXL2004|169|1958\n|player|p2|pagenfranskane|battlegirl|2022\n|gen|9\n|tier|[Gen 9] Random Battle\n|rated|\n|rule|Species Clause: Limit one of each Pok\u00e9mon\n|rule|HP Percentage Mod: HP is shown in percentages\n|rule|Sleep Clause Mod: Limit one foe put to sleep\n|rule|Illusion Level Mod: Illusion disguises the Pok\u00e9mon's true level\n|\n|t:|1781449573\n|teamsize|p1|6\n|teamsize|p2|6\n|start\n|switch|p1a: Toxapex|Toxapex, L82, M|216/216\n|switch|p2a: Zapdos|Zapdos-Galar, L77|265/265\n|turn|1\n|inactive|Battle timer is ON: inactive players will automatically lose when time's up. (requested by DXL2004)\n|\n|t:|1781449609\n|move|p2a: Zapdos|Knock Off|p1a: Toxapex\n|-damage|p1a: Toxapex|167/216\n|-damage|p2a: Zapdos|221/265|[from] item: Rocky Helmet|[of] p1a: Toxapex\n|-enditem|p1a: Toxapex|Rocky Helmet|[from] move: Knock Off|[of] p2a: Zapdos\n|move|p1a: Toxapex|Toxic|p2a: Zapdos\n|-status|p2a: Zapdos|tox\n|\n|-damage|p2a: Zapdos|205/265 tox|[from] psn\n|upkeep\n|turn|2\n|\n|t:|1781449616\n|switch|p2a: Gliscor|Gliscor, L76, M|239/239\n|move|p1a: Toxapex|Liquidation|p2a: Gliscor\n|-supereffective|p2a: Gliscor\n|-damage|p2a: Gliscor|137/239\n|\n|-status|p2a: Gliscor|tox|[from] item: Toxic Orb\n|upkeep\n|turn|3\n|\n|t:|1781449630\n|switch|p1a: Bronzong|Bronzong, L88|261/261\n|move|p2a: Gliscor|Earthquake|p1a: Bronzong\n|-immune|p1a: Bronzong|[from] ability: Levitate\n|\n|-heal|p2a: Gliscor|166/239 tox|[from] ability: Poison Heal\n|upkeep\n|turn|4\n|\n|t:|1781449633\n|switch|p2a: Banette|Banette, L93, M|270/270\n|move|p1a: Bronzong|Stealth Rock|p2a: Banette\n|-sidestart|p2: pagenfranskane|move: Stealth Rock\n|\n|upkeep\n|turn|5\n|\n|t:|1781449640\n|switch|p1a: Ambipom|Ambipom, L84, F|263/263\n|move|p2a: Banette|Thunder Wave|p1a: Ambipom\n|-status|p1a: Ambipom|par\n|\n|upkeep\n|turn|6\n|\n|t:|1781449650\n|switch|p2a: Zapdos|Zapdos-Galar, L77|205/265 tox\n|-damage|p2a: Zapdos|172/265 tox|[from] Stealth Rock\n|move|p1a: Ambipom|Knock Off|p2a: Zapdos\n|-resisted|p2a: Zapdos\n|-damage|p2a: Zapdos|114/265 tox\n|-enditem|p2a: Zapdos|Choice Scarf|[from] move: Knock Off|[of] p1a: Ambipom\n|\n|-damage|p2a: Zapdos|98/265 tox|[from] psn\n|upkeep\n|turn|7\n|\n|t:|1781449656\n|switch|p1a: Toxapex|Toxapex, L82, M|216/216\n|move|p2a: Zapdos|U-turn|p1a: Toxapex\n|-resisted|p1a: Toxapex\n|-damage|p1a: Toxapex|201/216\n|\n|t:|1781449659\n|switch|p2a: Gliscor|Gliscor, L76, M|166/239 tox|[from] U-turn\n|-damage|p2a: Gliscor|137/239 tox|[from] Stealth Rock\n|\n|-heal|p2a: Gliscor|166/239 tox|[from] ability: Poison Heal\n|upkeep\n|turn|8\n|\n|t:|1781449665\n|switch|p1a: Bronzong|Bronzong, L88|261/261\n|move|p2a: Gliscor|Earthquake|p1a: Bronzong\n|-immune|p1a: Bronzong|[from] ability: Levitate\n|\n|-heal|p2a: Gliscor|195/239 tox|[from] ability: Poison Heal\n|upkeep\n|turn|9\n|\n|t:|1781449668\n|switch|p2a: Banette|Banette, L93, M|270/270\n|-damage|p2a: Banette|237/270|[from] Stealth Rock\n|move|p1a: Bronzong|Psychic|p2a: Banette\n|-damage|p2a: Banette|137/270\n|\n|upkeep\n|turn|10\n|\n|t:|1781449673\n|switch|p1a: Ambipom|Ambipom, L84, F|263/263 par\n|move|p2a: Banette|Gunk Shot|p1a: Ambipom\n|-damage|p1a: Ambipom|56/263 par\n|-damage|p2a: Banette|110/270|[from] item: Life Orb\n|\n|upkeep\n|turn|11\n|\n|t:|1781449676\n|move|p2a: Banette|Gunk Shot|p1a: Ambipom\n|-damage|p1a: Ambipom|0 fnt\n|faint|p1a: Ambipom\n|-damage|p2a: Banette|83/270|[from] item: Life Orb\n|\n|upkeep\n|\n|t:|1781449695\n|switch|p1a: Noctowl|Noctowl, L95, M|344/344\n|turn|12\n|\n|t:|1781449702\n|move|p1a: Noctowl|Hurricane|p2a: Banette\n|-damage|p2a: Banette|0 fnt\n|faint|p2a: Banette\n|\n|upkeep\n|\n|t:|1781449705\n|switch|p2a: Zapdos|Zapdos-Galar, L77|98/265 tox\n|-damage|p2a: Zapdos|65/265 tox|[from] Stealth Rock\n|turn|13\n|\n|t:|1781449709\n|switch|p1a: Toxapex|Toxapex, L82, M|216/216\n|move|p2a: Zapdos|Close Combat|p1a: Toxapex\n|-resisted|p1a: Toxapex\n|-damage|p1a: Toxapex|171/216\n|-unboost|p2a: Zapdos|def|1\n|-unboost|p2a: Zapdos|spd|1\n|\n|-damage|p2a: Zapdos|49/265 tox|[from] psn\n|upkeep\n|turn|14\n|\n|t:|1781449713\n|move|p2a: Zapdos|U-turn|p1a: Toxapex\n|-resisted|p1a: Toxapex\n|-damage|p1a: Toxapex|153/216\n|\n|t:|1781449721\n|switch|p2a: Gliscor|Gliscor, L76, M|195/239 tox|[from] U-turn\n|-damage|p2a: Gliscor|166/239 tox|[from] Stealth Rock\n|move|p1a: Toxapex|Liquidation|p2a: Gliscor\n|-supereffective|p2a: Gliscor\n|-damage|p2a: Gliscor|56/239 tox\n|\n|-heal|p2a: Gliscor|85/239 tox|[from] ability: Poison Heal\n|upkeep\n|turn|15\n|\n|t:|1781449736\n|switch|p2a: Zapdos|Zapdos-Galar, L77|49/265 tox\n|-damage|p2a: Zapdos|16/265 tox|[from] Stealth Rock\n|switch|p1a: Bronzong|Bronzong, L88|261/261\n|\n|-damage|p2a: Zapdos|0 fnt|[from] psn\n|faint|p2a: Zapdos\n|upkeep\n|\n|t:|1781449740\n|switch|p2a: Gengar|Gengar, L81, M|230/230\n|-damage|p2a: Gengar|202/230|[from] Stealth Rock\n|turn|16\n|\n|t:|1781449750\n|switch|p1a: Noctowl|Noctowl, L95, M|344/344\n|move|p2a: Gengar|Sludge Wave|p1a: Noctowl\n|-damage|p1a: Noctowl|214/344\n|-damage|p2a: Gengar|179/230|[from] item: Life Orb\n|\n|upkeep\n|turn|17\n|\n|t:|1781449753\n|move|p2a: Gengar|Sludge Wave|p1a: Noctowl\n|-damage|p1a: Noctowl|76/344\n|-damage|p2a: Gengar|156/230|[from] item: Life Orb\n|move|p1a: Noctowl|Hurricane|p2a: Gengar\n|-damage|p2a: Gengar|9/230\n|-start|p1a: Noctowl|Disable|Hurricane|[from] ability: Cursed Body|[of] p2a: Gengar\n|\n|upkeep\n|turn|18\n|\n|t:|1781449762\n|switch|p1a: Toxapex|Toxapex, L82, M|216/216\n|move|p2a: Gengar|Sludge Wave|p1a: Toxapex\n|-resisted|p1a: Toxapex\n|-damage|p1a: Toxapex|163/216\n|-damage|p2a: Gengar|0 fnt|[from] item: Life Orb\n|faint|p2a: Gengar\n|\n|upkeep\n|\n|t:|1781449766\n|switch|p2a: Regice|Regice, L88|284/284\n|turn|19\n|\n|t:|1781449770\n|move|p2a: Regice|Thunder Wave|p1a: Toxapex|[miss]\n|-miss|p2a: Regice|p1a: Toxapex\n|move|p1a: Toxapex|Toxic|p2a: Regice\n|-status|p2a: Regice|tox\n|\n|-damage|p2a: Regice|267/284 tox|[from] psn\n|upkeep\n|turn|20\n|\n|t:|1781449780\n|move|p2a: Regice|Thunder Wave|p1a: Toxapex\n|-status|p1a: Toxapex|par\n|move|p1a: Toxapex|Liquidation|p2a: Regice\n|-damage|p2a: Regice|210/284 tox\n|\n|-damage|p2a: Regice|176/284 tox|[from] psn\n|upkeep\n|turn|21\n|\n|t:|1781449796\n|move|p2a: Regice|Thunderbolt|p1a: Toxapex\n|-supereffective|p1a: Toxapex\n|-damage|p1a: Toxapex|57/216 par\n|move|p1a: Toxapex|Liquidation|p2a: Regice\n|-damage|p2a: Regice|125/284 tox\n|\n|-damage|p2a: Regice|74/284 tox|[from] psn\n|upkeep\n|turn|22\n|\n|t:|1781449816\n|switch|p1a: Zekrom|Zekrom, L71|259/259\n|-ability|p1a: Zekrom|Teravolt\n|move|p2a: Regice|Thunderbolt|p1a: Zekrom\n|-resisted|p1a: Zekrom\n|-damage|p1a: Zekrom|239/259\n|\n|-heal|p1a: Zekrom|255/259|[from] item: Leftovers\n|-damage|p2a: Regice|6/284 tox|[from] psn\n|upkeep\n|turn|23\n|\n|t:|1781449821\n|move|p1a: Zekrom|Substitute|p1a: Zekrom\n|-start|p1a: Zekrom|Substitute\n|-damage|p1a: Zekrom|191/259\n|move|p2a: Regice|Ice Beam|p1a: Zekrom\n|-supereffective|p1a: Zekrom\n|-crit|p1a: Zekrom\n|-end|p1a: Zekrom|Substitute\n|\n|-heal|p1a: Zekrom|207/259|[from] item: Leftovers\n|-damage|p2a: Regice|0 fnt|[from] psn\n|faint|p2a: Regice\n|upkeep\n|\n|t:|1781449823\n|switch|p2a: Gliscor|Gliscor, L76, M|85/239 tox\n|-damage|p2a: Gliscor|56/239 tox|[from] Stealth Rock\n|turn|24\n|\n|t:|1781449831\n|switch|p1a: Bronzong|Bronzong, L88|261/261\n|move|p2a: Gliscor|Earthquake|p1a: Bronzong\n|-immune|p1a: Bronzong|[from] ability: Levitate\n|\n|-heal|p2a: Gliscor|85/239 tox|[from] ability: Poison Heal\n|upkeep\n|turn|25\n|\n|t:|1781449839\n|switch|p2a: Probopass|Probopass, L91, M|257/257\n|-damage|p2a: Probopass|241/257|[from] Stealth Rock\n|move|p1a: Bronzong|Psychic|p2a: Probopass\n|-resisted|p2a: Probopass\n|-damage|p2a: Probopass|216/257\n|\n|upkeep\n|turn|26\n|\n|t:|1781449846\n|move|p2a: Probopass|Iron Defense|p2a: Probopass\n|-boost|p2a: Probopass|def|2\n|move|p1a: Bronzong|Earthquake|p2a: Probopass\n|-supereffective|p2a: Probopass\n|-damage|p2a: Probopass|120/257\n|\n|upkeep\n|turn|27\n|\n|t:|1781449851\n|move|p2a: Probopass|Iron Defense|p2a: Probopass\n|-boost|p2a: Probopass|def|2\n|move|p1a: Bronzong|Earthquake|p2a: Probopass\n|-supereffective|p2a: Probopass\n|-damage|p2a: Probopass|56/257\n|\n|upkeep\n|turn|28\n|\n|t:|1781449855\n|move|p2a: Probopass|Rest|p2a: Probopass\n|-status|p2a: Probopass|slp|[from] move: Rest\n|-heal|p2a: Probopass|257/257 slp|[silent]\n|-enditem|p2a: Probopass|Chesto Berry|[eat]\n|-curestatus|p2a: Probopass|slp|[msg]\n|move|p1a: Bronzong|Earthquake|p2a: Probopass\n|-supereffective|p2a: Probopass\n|-damage|p2a: Probopass|189/257\n|\n|upkeep\n|turn|29\n|\n|t:|1781449860\n|move|p2a: Probopass|Iron Defense|p2a: Probopass\n|-boost|p2a: Probopass|def|2\n|move|p1a: Bronzong|Earthquake|p2a: Probopass\n|-supereffective|p2a: Probopass\n|-damage|p2a: Probopass|141/257\n|\n|upkeep\n|turn|30\n|\n|t:|1781449872\n|move|p2a: Probopass|Body Press|p1a: Bronzong\n|-crit|p1a: Bronzong\n|-damage|p1a: Bronzong|0 fnt\n|faint|p1a: Bronzong\n|\n|upkeep\n|\n|t:|1781449879\n|switch|p1a: Noctowl|Noctowl, L95, M|76/344\n|turn|31\n|\n|t:|1781449887\n|move|p1a: Noctowl|Hyper Voice|p2a: Probopass\n|-resisted|p2a: Probopass\n|-damage|p2a: Probopass|107/257\n|move|p2a: Probopass|Body Press|p1a: Noctowl\n|-damage|p1a: Noctowl|0 fnt\n|faint|p1a: Noctowl\n|\n|upkeep\n|\n|t:|1781449893\n|switch|p1a: Toxapex|Toxapex, L82, M|129/216 par\n|turn|32\n|\n|t:|1781449899\n|move|p2a: Probopass|Rest|p2a: Probopass\n|-status|p2a: Probopass|slp|[from] move: Rest\n|-heal|p2a: Probopass|257/257 slp|[silent]\n|move|p1a: Toxapex|Liquidation|p2a: Probopass\n|-supereffective|p2a: Probopass\n|-damage|p2a: Probopass|237/257 slp\n|\n|upkeep\n|turn|33\n|\n|t:|1781449902\n|switch|p1a: Crawdaunt|Crawdaunt, L84, M|243/243\n|cant|p2a: Probopass|slp\n|\n|upkeep\n|turn|34\n|\n|t:|1781449906\n|move|p1a: Crawdaunt|Dragon Dance|p1a: Crawdaunt\n|-boost|p1a: Crawdaunt|atk|1\n|-boost|p1a: Crawdaunt|spe|1\n|cant|p2a: Probopass|slp\n|\n|upkeep\n|turn|35\n|\n|t:|1781449913\n|-terastallize|p1a: Crawdaunt|Water\n|-terastallize|p2a: Probopass|Fighting\n|move|p1a: Crawdaunt|Crabhammer|p2a: Probopass\n|-damage|p2a: Probopass|185/257 slp\n|-damage|p1a: Crawdaunt|219/243|[from] item: Life Orb\n|-curestatus|p2a: Probopass|slp|[msg]\n|move|p2a: Probopass|Body Press|p1a: Crawdaunt\n|-damage|p1a: Crawdaunt|0 fnt\n|faint|p1a: Crawdaunt\n|\n|upkeep\n|\n|t:|1781449925\n|switch|p1a: Toxapex|Toxapex, L82, M|201/216 par\n|turn|36\n|\n|t:|1781449931\n|move|p2a: Probopass|Body Press|p1a: Toxapex\n|-resisted|p1a: Toxapex\n|-damage|p1a: Toxapex|10/216 par\n|move|p1a: Toxapex|Haze|p1a: Toxapex\n|-clearallboost\n|\n|upkeep\n|turn|37\n|\n|t:|1781449940\n|move|p2a: Probopass|Iron Defense|p2a: Probopass\n|-boost|p2a: Probopass|def|2\n|cant|p1a: Toxapex|par\n|\n|upkeep\n|turn|38\n|\n|t:|1781449943\n|move|p2a: Probopass|Body Press|p1a: Toxapex\n|-resisted|p1a: Toxapex\n|-damage|p1a: Toxapex|0 fnt\n|faint|p1a: Toxapex\n|\n|upkeep\n|\n|t:|1781449944\n|switch|p1a: Zekrom|Zekrom, L71|207/259\n|-ability|p1a: Zekrom|Teravolt\n|turn|39\n|\n|t:|1781449953\n|move|p1a: Zekrom|Outrage|p2a: Probopass\n|-damage|p2a: Probopass|146/257\n|move|p2a: Probopass|Body Press|p1a: Zekrom\n|-damage|p1a: Zekrom|0 fnt\n|faint|p1a: Zekrom\n|\n|win|pagenfranskane\n", "uploadtime": 1781449575, "views": 3, "formatid": "gen9randombattle", "rating": null, "private": 0, "password": null}