{"id": "gen9randombattle-2631555905", "format": "[Gen 9] Random Battle", "players": ["bluesun000", "2broke4champions"], "log": "|j|\u2606bluesun000\n|j|\u26062broke4champions\n|t:|1781400785\n|gametype|singles\n|player|p1|bluesun000|palmer|1981\n|player|p2|2broke4champions|102|1970\n|gen|9\n|tier|[Gen 9] Random Battle\n|rated|\n|rule|Species Clause: Limit one of each Pok\u00e9mon\n|rule|HP Percentage Mod: HP is shown in percentages\n|rule|Sleep Clause Mod: Limit one foe put to sleep\n|rule|Illusion Level Mod: Illusion disguises the Pok\u00e9mon's true level\n|\n|t:|1781400785\n|teamsize|p1|6\n|teamsize|p2|6\n|start\n|switch|p1a: Azumarill|Azumarill, L82, M|298/298\n|switch|p2a: Salazzle|Salazzle, L83, F|249/249\n|turn|1\n|inactive|Battle timer is ON: inactive players will automatically lose when time's up. (requested by bluesun000)\n|inactive|bluesun000 has 120 seconds left.\n|inactive|2broke4champions has 120 seconds left.\n|j| Rabiesdfsdf\n|inactive|bluesun000 has 90 seconds left.\n|inactive|bluesun000 has 60 seconds left.\n|\n|t:|1781400879\n|switch|p2a: Cramorant|Cramorant, L86, M|261/261\n|move|p1a: Azumarill|Liquidation|p2a: Cramorant\n|-resisted|p2a: Cramorant\n|-damage|p2a: Cramorant|195/261\n|-unboost|p2a: Cramorant|def|1\n|\n|upkeep\n|turn|2\n|inactive|bluesun000 has 120 seconds left.\n|inactive|2broke4champions has 120 seconds left.\n|\n|t:|1781400917\n|move|p2a: Cramorant|Surf|p1a: Azumarill\n|-formechange|p2a: Cramorant|Cramorant-Gulping|\n|-resisted|p1a: Azumarill\n|-damage|p1a: Azumarill|249/298\n|move|p1a: Azumarill|Play Rough|p2a: Cramorant\n|-damage|p2a: Cramorant|0 fnt\n|-damage|p1a: Azumarill|175/298|[from] ability: Gulp Missile|[of] p2a: Cramorant\n|-unboost|p1a: Azumarill|def|1\n|-formechange|p2a: Cramorant|Cramorant|\n|faint|p2a: Cramorant\n|\n|upkeep\n|inactive|2broke4champions has 120 seconds left.\n|\n|t:|1781400932\n|switch|p2a: Dachsbun|Dachsbun, L92, F|254/254\n|turn|3\n|inactive|2broke4champions has 120 seconds left.\n|inactive|bluesun000 has 90 seconds left.\n|\n|t:|1781400976\n|switch|p1a: Primarina|Primarina, L83, M|268/268\n|move|p2a: Dachsbun|Play Rough|p1a: Primarina\n|-damage|p1a: Primarina|160/268\n|\n|upkeep\n|turn|4\n|inactive|2broke4champions has 120 seconds left.\n|\n|t:|1781401001\n|move|p2a: Dachsbun|Protect|p2a: Dachsbun\n|-singleturn|p2a: Dachsbun|Protect\n|move|p1a: Primarina|Hydro Pump|p2a: Dachsbun\n|-activate|p2a: Dachsbun|move: Protect\n|\n|upkeep\n|turn|5\n|\n|t:|1781401009\n|switch|p2a: Manaphy|Manaphy, L78|284/284\n|move|p1a: Primarina|Hydro Pump|p2a: Manaphy\n|-resisted|p2a: Manaphy\n|-damage|p2a: Manaphy|185/284\n|\n|-heal|p2a: Manaphy|202/284|[from] item: Leftovers\n|upkeep\n|turn|6\n|inactive|bluesun000 has 60 seconds left.\n|\n|t:|1781401044\n|switch|p1a: Azumarill|Azumarill, L82, M|175/298\n|move|p2a: Manaphy|Tail Glow|p2a: Manaphy\n|-boost|p2a: Manaphy|spa|3\n|\n|-heal|p2a: Manaphy|219/284|[from] item: Leftovers\n|upkeep\n|turn|7\n|inactive|bluesun000 has 60 seconds left.\n|\n|t:|1781401060\n|switch|p1a: Primarina|Primarina, L83, M|160/268\n|move|p2a: Manaphy|Energy Ball|p1a: Primarina\n|-supereffective|p1a: Primarina\n|-damage|p1a: Primarina|0 fnt\n|faint|p1a: Primarina\n|\n|-heal|p2a: Manaphy|236/284|[from] item: Leftovers\n|upkeep\n|c|\u26062broke4champions|double water fairy\n|inactive|bluesun000 has 30 seconds left.\n|\n|t:|1781401090\n|switch|p1a: Electivire|Electivire, L84, M|263/263\n|turn|8\n|inactive|bluesun000 has 30 seconds left.\n|inactive|bluesun000 has 20 seconds left.\n|\n|t:|1781401107\n|switch|p1a: Azumarill|Azumarill, L82, M|175/298\n|switch|p2a: Dachsbun|Dachsbun, L92, F|254/254\n|\n|upkeep\n|turn|9\n|inactive|bluesun000 has 30 seconds left this turn.\n|inactive|bluesun000 has 20 seconds left.\n|\n|t:|1781401119\n|move|p2a: Dachsbun|Yawn|p1a: Azumarill\n|-start|p1a: Azumarill|move: Yawn|[of] p2a: Dachsbun\n|move|p1a: Azumarill|Liquidation|p2a: Dachsbun\n|-damage|p2a: Dachsbun|181/254\n|-unboost|p2a: Dachsbun|def|1\n|\n|-heal|p2a: Dachsbun|196/254|[from] item: Leftovers\n|upkeep\n|turn|10\n|inactive|bluesun000 has 30 seconds left this turn.\n|\n|t:|1781401127\n|switch|p1a: Emboar|Emboar, L84, M|322/322\n|move|p2a: Dachsbun|Play Rough|p1a: Emboar\n|-damage|p1a: Emboar|204/322\n|\n|-heal|p2a: Dachsbun|211/254|[from] item: Leftovers\n|-heal|p1a: Emboar|224/322|[from] item: Leftovers\n|upkeep\n|turn|11\n|inactive|bluesun000 has 30 seconds left.\n|\n|t:|1781401141\n|move|p2a: Dachsbun|Wish|p2a: Dachsbun\n|move|p1a: Emboar|Trailblaze|p2a: Dachsbun\n|-damage|p2a: Dachsbun|164/254\n|-boost|p1a: Emboar|spe|1\n|\n|-heal|p1a: Emboar|244/322|[from] item: Leftovers\n|-heal|p2a: Dachsbun|179/254|[from] item: Leftovers\n|upkeep\n|turn|12\n|inactive|bluesun000 has 30 seconds left.\n|\n|t:|1781401150\n|move|p1a: Emboar|Trailblaze|p2a: Dachsbun\n|-damage|p2a: Dachsbun|131/254\n|-boost|p1a: Emboar|spe|1\n|move|p2a: Dachsbun|Yawn|p1a: Emboar\n|-start|p1a: Emboar|move: Yawn|[of] p2a: Dachsbun\n|\n|-heal|p2a: Dachsbun|254/254|[from] move: Wish|[wisher] Dachsbun\n|-heal|p1a: Emboar|264/322|[from] item: Leftovers\n|upkeep\n|turn|13\n|\n|t:|1781401155\n|move|p1a: Emboar|Bulk Up|p1a: Emboar\n|-boost|p1a: Emboar|atk|1\n|-boost|p1a: Emboar|def|1\n|move|p2a: Dachsbun|Play Rough|p1a: Emboar\n|-damage|p1a: Emboar|182/322\n|\n|-heal|p1a: Emboar|202/322|[from] item: Leftovers\n|-end|p1a: Emboar|move: Yawn|[silent]\n|-status|p1a: Emboar|slp\n|upkeep\n|turn|14\n|\n|t:|1781401170\n|cant|p1a: Emboar|slp\n|move|p2a: Dachsbun|Play Rough|p1a: Emboar\n|-damage|p1a: Emboar|120/322 slp\n|\n|-heal|p1a: Emboar|140/322 slp|[from] item: Leftovers\n|upkeep\n|turn|15\n|\n|t:|1781401180\n|cant|p1a: Emboar|slp\n|move|p2a: Dachsbun|Play Rough|p1a: Emboar\n|-damage|p1a: Emboar|64/322 slp\n|\n|-heal|p1a: Emboar|84/322 slp|[from] item: Leftovers\n|upkeep\n|turn|16\n|\n|t:|1781401191\n|-curestatus|p1a: Emboar|slp|[msg]\n|move|p1a: Emboar|Drain Punch|p2a: Dachsbun\n|-resisted|p2a: Dachsbun\n|-damage|p2a: Dachsbun|168/254\n|-heal|p1a: Emboar|127/322|[from] drain|[of] p2a: Dachsbun\n|move|p2a: Dachsbun|Yawn|p1a: Emboar\n|-start|p1a: Emboar|move: Yawn|[of] p2a: Dachsbun\n|\n|-heal|p1a: Emboar|147/322|[from] item: Leftovers\n|-heal|p2a: Dachsbun|183/254|[from] item: Leftovers\n|upkeep\n|turn|17\n|\n|t:|1781401199\n|move|p2a: Dachsbun|Protect|p2a: Dachsbun\n|-singleturn|p2a: Dachsbun|Protect\n|move|p1a: Emboar|Drain Punch|p2a: Dachsbun\n|-activate|p2a: Dachsbun|move: Protect\n|\n|-heal|p1a: Emboar|167/322|[from] item: Leftovers\n|-heal|p2a: Dachsbun|198/254|[from] item: Leftovers\n|-end|p1a: Emboar|move: Yawn|[silent]\n|-status|p1a: Emboar|slp\n|upkeep\n|turn|18\n|\n|t:|1781401210\n|switch|p2a: Salazzle|Salazzle, L83, F|249/249\n|cant|p1a: Emboar|slp\n|\n|-heal|p1a: Emboar|187/322 slp|[from] item: Leftovers\n|upkeep\n|turn|19\n|inactive|bluesun000 has 60 seconds left.\n|\n|t:|1781401221\n|cant|p1a: Emboar|slp\n|move|p2a: Salazzle|Substitute|p2a: Salazzle\n|-start|p2a: Salazzle|Substitute\n|-damage|p2a: Salazzle|187/249\n|\n|-heal|p1a: Emboar|207/322 slp|[from] item: Leftovers\n|-heal|p2a: Salazzle|202/249|[from] item: Leftovers\n|upkeep\n|turn|20\n|inactive|bluesun000 has 60 seconds left.\n|\n|t:|1781401233\n|move|p2a: Salazzle|Protect|p2a: Salazzle\n|-singleturn|p2a: Salazzle|Protect\n|cant|p1a: Emboar|slp\n|\n|-heal|p1a: Emboar|227/322 slp|[from] item: Leftovers\n|-heal|p2a: Salazzle|217/249|[from] item: Leftovers\n|upkeep\n|turn|21\n|\n|t:|1781401238\n|-curestatus|p1a: Emboar|slp|[msg]\n|move|p1a: Emboar|Drain Punch|p2a: Salazzle\n|-resisted|p2a: Salazzle\n|-end|p2a: Salazzle|Substitute\n|-heal|p1a: Emboar|258/322|[from] drain|[of] p2a: Salazzle\n|move|p2a: Salazzle|Toxic|p1a: Emboar\n|-status|p1a: Emboar|tox\n|\n|-heal|p1a: Emboar|278/322 tox|[from] item: Leftovers\n|-heal|p2a: Salazzle|232/249|[from] item: Leftovers\n|-damage|p1a: Emboar|258/322 tox|[from] psn\n|upkeep\n|turn|22\n|\n|t:|1781401250\n|move|p2a: Salazzle|Protect|p2a: Salazzle\n|-singleturn|p2a: Salazzle|Protect\n|move|p1a: Emboar|Drain Punch|p2a: Salazzle\n|-activate|p2a: Salazzle|move: Protect\n|\n|-heal|p1a: Emboar|278/322 tox|[from] item: Leftovers\n|-heal|p2a: Salazzle|247/249|[from] item: Leftovers\n|-damage|p1a: Emboar|238/322 tox|[from] psn\n|upkeep\n|turn|23\n|\n|t:|1781401261\n|move|p1a: Emboar|Drain Punch|p2a: Salazzle\n|-resisted|p2a: Salazzle\n|-damage|p2a: Salazzle|148/249\n|-heal|p1a: Emboar|288/322 tox|[from] drain|[of] p2a: Salazzle\n|move|p2a: Salazzle|Substitute|p2a: Salazzle\n|-start|p2a: Salazzle|Substitute\n|-damage|p2a: Salazzle|86/249\n|\n|-heal|p1a: Emboar|308/322 tox|[from] item: Leftovers\n|-heal|p2a: Salazzle|101/249|[from] item: Leftovers\n|-damage|p1a: Emboar|248/322 tox|[from] psn\n|upkeep\n|turn|24\n|l| Rabiesdfsdf\n|\n|t:|1781401270\n|move|p2a: Salazzle|Protect|p2a: Salazzle\n|-singleturn|p2a: Salazzle|Protect\n|move|p1a: Emboar|Drain Punch|p2a: Salazzle\n|-activate|p2a: Salazzle|move: Protect\n|\n|-heal|p1a: Emboar|268/322 tox|[from] item: Leftovers\n|-heal|p2a: Salazzle|116/249|[from] item: Leftovers\n|-damage|p1a: Emboar|188/322 tox|[from] psn\n|upkeep\n|turn|25\n|\n|t:|1781401276\n|move|p1a: Emboar|Drain Punch|p2a: Salazzle\n|-resisted|p2a: Salazzle\n|-end|p2a: Salazzle|Substitute\n|-heal|p1a: Emboar|219/322 tox|[from] drain|[of] p2a: Salazzle\n|move|p2a: Salazzle|Substitute|p2a: Salazzle\n|-start|p2a: Salazzle|Substitute\n|-damage|p2a: Salazzle|54/249\n|\n|-heal|p1a: Emboar|239/322 tox|[from] item: Leftovers\n|-heal|p2a: Salazzle|69/249|[from] item: Leftovers\n|-damage|p1a: Emboar|139/322 tox|[from] psn\n|upkeep\n|turn|26\n|\n|t:|1781401283\n|move|p2a: Salazzle|Protect|p2a: Salazzle\n|-singleturn|p2a: Salazzle|Protect\n|move|p1a: Emboar|Drain Punch|p2a: Salazzle\n|-activate|p2a: Salazzle|move: Protect\n|\n|-heal|p1a: Emboar|159/322 tox|[from] item: Leftovers\n|-heal|p2a: Salazzle|84/249|[from] item: Leftovers\n|-damage|p1a: Emboar|39/322 tox|[from] psn\n|upkeep\n|turn|27\n|\n|t:|1781401296\n|move|p1a: Emboar|Drain Punch|p2a: Salazzle\n|-resisted|p2a: Salazzle\n|-end|p2a: Salazzle|Substitute\n|-heal|p1a: Emboar|70/322 tox|[from] drain|[of] p2a: Salazzle\n|move|p2a: Salazzle|Substitute|p2a: Salazzle\n|-start|p2a: Salazzle|Substitute\n|-damage|p2a: Salazzle|22/249\n|\n|-heal|p1a: Emboar|90/322 tox|[from] item: Leftovers\n|-heal|p2a: Salazzle|37/249|[from] item: Leftovers\n|-damage|p1a: Emboar|0 fnt|[from] psn\n|faint|p1a: Emboar\n|upkeep\n|\n|t:|1781401304\n|switch|p1a: Maushold|Maushold-Four, L76|238/238\n|turn|28\n|inactive|bluesun000 has 90 seconds left.\n|\n|t:|1781401330\n|move|p2a: Salazzle|Toxic|p1a: Maushold\n|-status|p1a: Maushold|tox\n|move|p1a: Maushold|Population Bomb|p2a: Salazzle\n|-activate|p2a: Salazzle|move: Substitute|[damage]\n|-end|p2a: Salazzle|Substitute\n|-damage|p2a: Salazzle|7/249\n|-damage|p2a: Salazzle|0 fnt\n|faint|p2a: Salazzle\n|-hitcount|p2: Salazzle|4\n|\n|-damage|p1a: Maushold|224/238 tox|[from] psn\n|upkeep\n|\n|t:|1781401348\n|switch|p2a: Dachsbun|Dachsbun, L92, F|198/254\n|turn|29\n|inactive|bluesun000 has 90 seconds left.\n|\n|t:|1781401359\n|switch|p1a: Azumarill|Azumarill, L82, M|175/298\n|move|p2a: Dachsbun|Play Rough|p1a: Azumarill\n|-crit|p1a: Azumarill\n|-damage|p1a: Azumarill|18/298\n|-enditem|p1a: Azumarill|Sitrus Berry|[eat]\n|-heal|p1a: Azumarill|92/298|[from] item: Sitrus Berry\n|\n|-heal|p2a: Dachsbun|213/254|[from] item: Leftovers\n|upkeep\n|turn|30\n|inactive|bluesun000 has 90 seconds left.\n|\n|t:|1781401371\n|move|p2a: Dachsbun|Play Rough|p1a: Azumarill\n|-damage|p1a: Azumarill|0 fnt\n|faint|p1a: Azumarill\n|\n|-heal|p2a: Dachsbun|228/254|[from] item: Leftovers\n|upkeep\n|inactive|bluesun000 has 90 seconds left.\n|\n|t:|1781401388\n|switch|p1a: Maushold|Maushold-Four, L76|224/238 tox\n|turn|31\n|\n|t:|1781401406\n|move|p2a: Dachsbun|Play Rough|p1a: Maushold\n|-damage|p1a: Maushold|91/238 tox\n|-unboost|p1a: Maushold|atk|1\n|move|p1a: Maushold|Tidy Up|p1a: Maushold\n|-boost|p1a: Maushold|atk|1\n|-boost|p1a: Maushold|spe|1\n|\n|-heal|p2a: Dachsbun|243/254|[from] item: Leftovers\n|-damage|p1a: Maushold|77/238 tox|[from] psn\n|upkeep\n|turn|32\n|\n|t:|1781401413\n|move|p1a: Maushold|Population Bomb|p2a: Dachsbun\n|-damage|p2a: Dachsbun|227/254\n|-damage|p2a: Dachsbun|211/254\n|-damage|p2a: Dachsbun|193/254\n|-damage|p2a: Dachsbun|174/254\n|-damage|p2a: Dachsbun|158/254\n|-damage|p2a: Dachsbun|142/254\n|-damage|p2a: Dachsbun|124/254\n|-damage|p2a: Dachsbun|108/254\n|-damage|p2a: Dachsbun|92/254\n|-damage|p2a: Dachsbun|76/254\n|-hitcount|p2a: Dachsbun|10\n|move|p2a: Dachsbun|Play Rough|p1a: Maushold\n|-damage|p1a: Maushold|0 fnt\n|faint|p1a: Maushold\n|\n|-heal|p2a: Dachsbun|91/254|[from] item: Leftovers\n|upkeep\n|\n|t:|1781401418\n|switch|p1a: Electivire|Electivire, L84, M|263/263\n|turn|33\n|inactive|bluesun000 has 90 seconds left.\n|\n|t:|1781401432\n|move|p2a: Dachsbun|Protect|p2a: Dachsbun\n|-singleturn|p2a: Dachsbun|Protect\n|move|p1a: Electivire|Bulk Up|p1a: Electivire\n|-boost|p1a: Electivire|atk|1\n|-boost|p1a: Electivire|def|1\n|\n|-heal|p2a: Dachsbun|106/254|[from] item: Leftovers\n|upkeep\n|turn|34\n|\n|t:|1781401439\n|move|p2a: Dachsbun|Yawn|p1a: Electivire\n|-start|p1a: Electivire|move: Yawn|[of] p2a: Dachsbun\n|move|p1a: Electivire|Supercell Slam|p2a: Dachsbun\n|-damage|p2a: Dachsbun|0 fnt\n|faint|p2a: Dachsbun\n|-damage|p1a: Electivire|237/263|[from] item: Life Orb\n|\n|upkeep\n|\n|t:|1781401451\n|switch|p2a: Conkeldurr|Conkeldurr, L80, F|299/299\n|turn|35\n|inactive|bluesun000 has 90 seconds left.\n|\n|t:|1781401482\n|move|p1a: Electivire|Supercell Slam|p2a: Conkeldurr\n|-damage|p2a: Conkeldurr|42/299\n|-damage|p1a: Electivire|211/263|[from] item: Life Orb\n|move|p2a: Conkeldurr|Close Combat|p1a: Electivire\n|-damage|p1a: Electivire|88/263\n|-unboost|p2a: Conkeldurr|def|1\n|-unboost|p2a: Conkeldurr|spd|1\n|\n|-end|p1a: Electivire|move: Yawn|[silent]\n|-status|p1a: Electivire|slp\n|-status|p2a: Conkeldurr|brn|[from] item: Flame Orb\n|upkeep\n|turn|36\n|inactive|2broke4champions has 120 seconds left.\n|\n|t:|1781401518\n|cant|p1a: Electivire|slp\n|move|p2a: Conkeldurr|Close Combat|p1a: Electivire\n|-damage|p1a: Electivire|0 fnt\n|-unboost|p2a: Conkeldurr|def|1\n|-unboost|p2a: Conkeldurr|spd|1\n|faint|p1a: Electivire\n|\n|-damage|p2a: Conkeldurr|24/299 brn|[from] brn\n|upkeep\n|\n|t:|1781401543\n|switch|p1a: Zangoose|Zangoose, L85, M|263/263\n|turn|37\n|inactive|2broke4champions has 120 seconds left.\n|inactive|bluesun000 has 60 seconds left.\n|\n|t:|1781401572\n|move|p2a: Conkeldurr|Mach Punch|p1a: Zangoose\n|-supereffective|p1a: Zangoose\n|-damage|p1a: Zangoose|65/263\n|move|p1a: Zangoose|Swords Dance|p1a: Zangoose\n|-boost|p1a: Zangoose|atk|2\n|\n|-damage|p2a: Conkeldurr|6/299 brn|[from] brn\n|-status|p1a: Zangoose|tox|[from] item: Toxic Orb\n|upkeep\n|turn|38\n|-message|bluesun000 forfeited.\n|\n|win|2broke4champions\n", "uploadtime": 1781400786, "views": 4, "formatid": "gen9randombattle", "rating": null, "private": 0, "password": null}