{"id": "gen9randombattle-2631945539", "format": "[Gen 9] Random Battle", "players": ["Youknowit123", "Irongraf"], "log": "|j|\u2606Youknowit123\n|j|\u2606Irongraf\n|t:|1781458533\n|gametype|singles\n|player|p1|Youknowit123|102|2050\n|player|p2|Irongraf|steven|2138\n|gen|9\n|tier|[Gen 9] Random Battle\n|rated|\n|rule|Species Clause: Limit one of each Pok\u00e9mon\n|rule|HP Percentage Mod: HP is shown in percentages\n|rule|Sleep Clause Mod: Limit one foe put to sleep\n|rule|Illusion Level Mod: Illusion disguises the Pok\u00e9mon's true level\n|\n|t:|1781458533\n|teamsize|p1|6\n|teamsize|p2|6\n|start\n|switch|p1a: Morpeko|Morpeko, L88, M|245/245\n|switch|p2a: Sneasler|Sneasler, L74, F|240/240\n|turn|1\n|inactive|Battle timer is ON: inactive players will automatically lose when time's up. (requested by Irongraf)\n|\n|t:|1781458547\n|move|p1a: Morpeko|Aura Wheel|p2a: Sneasler\n|-damage|p2a: Sneasler|51/240\n|-boost|p1a: Morpeko|spe|1\n|move|p2a: Sneasler|Close Combat|p1a: Morpeko\n|-supereffective|p1a: Morpeko\n|-damage|p1a: Morpeko|0 fnt\n|-unboost|p2a: Sneasler|def|1\n|-unboost|p2a: Sneasler|spd|1\n|faint|p1a: Morpeko\n|\n|upkeep\n|\n|t:|1781458563\n|switch|p1a: Raichu|Raichu-Alola, L87, M|246/246\n|turn|2\n|\n|t:|1781458578\n|switch|p2a: Volbeat|Volbeat, L90, M|263/263\n|move|p1a: Raichu|Nasty Plot|p1a: Raichu\n|-boost|p1a: Raichu|spa|2\n|\n|upkeep\n|turn|3\n|\n|t:|1781458586\n|switch|p1a: Tinkaton|Tinkaton, L82, F|274/274\n|-ability|p1a: Tinkaton|Mold Breaker\n|move|p2a: Volbeat|Encore||[still]\n|-fail|p2a: Volbeat\n|\n|upkeep\n|turn|4\n|\n|t:|1781458592\n|move|p2a: Volbeat|Thunder Wave|p1a: Tinkaton\n|-status|p1a: Tinkaton|par\n|move|p1a: Tinkaton|Play Rough|p2a: Volbeat\n|-damage|p2a: Volbeat|182/263\n|\n|upkeep\n|turn|5\n|\n|t:|1781458603\n|move|p2a: Volbeat|Roost|p2a: Volbeat\n|-heal|p2a: Volbeat|263/263\n|-singleturn|p2a: Volbeat|move: Roost\n|move|p1a: Tinkaton|Gigaton Hammer|p2a: Volbeat\n|-damage|p2a: Volbeat|127/263\n|\n|upkeep\n|turn|6\n|\n|t:|1781458615\n|move|p2a: Volbeat|Roost|p2a: Volbeat\n|-heal|p2a: Volbeat|259/263\n|-singleturn|p2a: Volbeat|move: Roost\n|move|p1a: Tinkaton|Knock Off|p2a: Volbeat\n|-damage|p2a: Volbeat|201/263\n|-enditem|p2a: Volbeat|Heavy-Duty Boots|[from] move: Knock Off|[of] p1a: Tinkaton\n|\n|upkeep\n|turn|7\n|\n|t:|1781458625\n|switch|p2a: Phione|Phione, L91|293/293\n|cant|p1a: Tinkaton|par\n|\n|upkeep\n|turn|8\n|\n|t:|1781458633\n|switch|p1a: Raichu|Raichu-Alola, L87, M|246/246\n|move|p2a: Phione|Take Heart|p2a: Phione\n|-boost|p2a: Phione|spa|1\n|-boost|p2a: Phione|spd|1\n|\n|upkeep\n|turn|9\n|\n|t:|1781458651\n|-terastallize|p2a: Phione|Steel\n|move|p1a: Raichu|Nasty Plot|p1a: Raichu\n|-boost|p1a: Raichu|spa|2\n|move|p2a: Phione|Scald|p1a: Raichu\n|-damage|p1a: Raichu|117/246\n|\n|upkeep\n|turn|10\n|\n|t:|1781458655\n|move|p1a: Raichu|Thunderbolt|p2a: Phione\n|-crit|p2a: Phione\n|-damage|p2a: Phione|0 fnt\n|faint|p2a: Phione\n|-damage|p1a: Raichu|93/246|[from] item: Life Orb\n|\n|upkeep\n|\n|t:|1781458661\n|switch|p2a: Wugtrio|Wugtrio, L91, F|212/212\n|turn|11\n|\n|t:|1781458666\n|switch|p1a: Cacturne|Cacturne, L92, F|278/278\n|move|p2a: Wugtrio|Liquidation|p1a: Cacturne\n|-immune|p1a: Cacturne|[from] ability: Water Absorb\n|\n|upkeep\n|turn|12\n|\n|t:|1781458672\n|switch|p2a: Volbeat|Volbeat, L90, M|201/263\n|move|p1a: Cacturne|Swords Dance|p1a: Cacturne\n|-boost|p1a: Cacturne|atk|2\n|\n|upkeep\n|turn|13\n|\n|t:|1781458674\n|move|p1a: Cacturne|Sucker Punch|p2a: Volbeat\n|-damage|p2a: Volbeat|0 fnt\n|faint|p2a: Volbeat\n|-damage|p1a: Cacturne|251/278|[from] item: Life Orb\n|\n|upkeep\n|\n|t:|1781458677\n|switch|p2a: Koraidon|Koraidon, L64|235/235\n|-weather|SunnyDay|[from] ability: Orichalcum Pulse|[of] p2a: Koraidon\n|-activate|p2a: Koraidon|Orichalcum Pulse|[source]\n|turn|14\n|\n|t:|1781458703\n|switch|p1a: Tinkaton|Tinkaton, L82, F|274/274 par\n|-ability|p1a: Tinkaton|Mold Breaker\n|move|p2a: Koraidon|U-turn|p1a: Tinkaton\n|-resisted|p1a: Tinkaton\n|-damage|p1a: Tinkaton|251/274 par\n|\n|t:|1781458729\n|switch|p2a: Chimecho|Chimecho, L93, M|290/290|[from] U-turn\n|\n|-weather|SunnyDay|[upkeep]\n|-heal|p1a: Tinkaton|268/274 par|[from] item: Leftovers\n|upkeep\n|turn|15\n|\n|t:|1781458732\n|move|p2a: Chimecho|Cosmic Power|p2a: Chimecho\n|-boost|p2a: Chimecho|def|1\n|-boost|p2a: Chimecho|spd|1\n|move|p1a: Tinkaton|Swords Dance|p1a: Tinkaton\n|-boost|p1a: Tinkaton|atk|2\n|\n|-weather|SunnyDay|[upkeep]\n|-heal|p1a: Tinkaton|274/274 par|[from] item: Leftovers\n|upkeep\n|turn|16\n|\n|t:|1781458736\n|move|p2a: Chimecho|Cosmic Power|p2a: Chimecho\n|-boost|p2a: Chimecho|def|1\n|-boost|p2a: Chimecho|spd|1\n|move|p1a: Tinkaton|Swords Dance|p1a: Tinkaton\n|-boost|p1a: Tinkaton|atk|2\n|\n|-weather|SunnyDay|[upkeep]\n|upkeep\n|turn|17\n|\n|t:|1781458738\n|move|p2a: Chimecho|Cosmic Power|p2a: Chimecho\n|-boost|p2a: Chimecho|def|1\n|-boost|p2a: Chimecho|spd|1\n|move|p1a: Tinkaton|Knock Off|p2a: Chimecho\n|-supereffective|p2a: Chimecho\n|-damage|p2a: Chimecho|154/290\n|-enditem|p2a: Chimecho|Leftovers|[from] move: Knock Off|[of] p1a: Tinkaton\n|\n|-weather|SunnyDay|[upkeep]\n|upkeep\n|turn|18\n|\n|t:|1781458746\n|move|p2a: Chimecho|Cosmic Power|p2a: Chimecho\n|-boost|p2a: Chimecho|def|1\n|-boost|p2a: Chimecho|spd|1\n|move|p1a: Tinkaton|Swords Dance|p1a: Tinkaton\n|-boost|p1a: Tinkaton|atk|2\n|\n|-weather|none\n|upkeep\n|turn|19\n|\n|t:|1781458747\n|move|p2a: Chimecho|Cosmic Power|p2a: Chimecho\n|-boost|p2a: Chimecho|def|1\n|-boost|p2a: Chimecho|spd|1\n|move|p1a: Tinkaton|Gigaton Hammer|p2a: Chimecho\n|-damage|p2a: Chimecho|19/290\n|\n|upkeep\n|turn|20\n|\n|t:|1781458750\n|move|p2a: Chimecho|Recover|p2a: Chimecho\n|-heal|p2a: Chimecho|164/290\n|move|p1a: Tinkaton|Knock Off|p2a: Chimecho\n|-supereffective|p2a: Chimecho\n|-damage|p2a: Chimecho|84/290\n|\n|upkeep\n|turn|21\n|\n|t:|1781458756\n|move|p2a: Chimecho|Recover|p2a: Chimecho\n|-heal|p2a: Chimecho|229/290\n|move|p1a: Tinkaton|Gigaton Hammer|p2a: Chimecho\n|-damage|p2a: Chimecho|76/290\n|\n|upkeep\n|turn|22\n|\n|t:|1781458758\n|move|p2a: Chimecho|Recover|p2a: Chimecho\n|-heal|p2a: Chimecho|221/290\n|move|p1a: Tinkaton|Knock Off|p2a: Chimecho\n|-supereffective|p2a: Chimecho\n|-damage|p2a: Chimecho|145/290\n|\n|upkeep\n|turn|23\n|\n|t:|1781458763\n|move|p2a: Chimecho|Recover|p2a: Chimecho\n|-heal|p2a: Chimecho|290/290\n|move|p1a: Tinkaton|Gigaton Hammer|p2a: Chimecho\n|-damage|p2a: Chimecho|136/290\n|\n|upkeep\n|turn|24\n|\n|t:|1781458767\n|move|p2a: Chimecho|Recover|p2a: Chimecho\n|-heal|p2a: Chimecho|281/290\n|move|p1a: Tinkaton|Knock Off|p2a: Chimecho\n|-supereffective|p2a: Chimecho\n|-damage|p2a: Chimecho|201/290\n|\n|upkeep\n|turn|25\n|\n|t:|1781458775\n|move|p2a: Chimecho|Cosmic Power|p2a: Chimecho\n|-boost|p2a: Chimecho|def|1\n|-boost|p2a: Chimecho|spd|1\n|cant|p1a: Tinkaton|par\n|\n|upkeep\n|turn|26\n|\n|t:|1781458779\n|move|p2a: Chimecho|Stored Power|p1a: Tinkaton\n|-resisted|p1a: Tinkaton\n|-damage|p1a: Tinkaton|118/274 par\n|move|p1a: Tinkaton|Gigaton Hammer|p2a: Chimecho\n|-damage|p2a: Chimecho|80/290\n|\n|-heal|p1a: Tinkaton|135/274 par|[from] item: Leftovers\n|upkeep\n|turn|27\n|\n|t:|1781458782\n|move|p2a: Chimecho|Recover|p2a: Chimecho\n|-heal|p2a: Chimecho|225/290\n|move|p1a: Tinkaton|Knock Off|p2a: Chimecho\n|-supereffective|p2a: Chimecho\n|-damage|p2a: Chimecho|159/290\n|\n|-heal|p1a: Tinkaton|152/274 par|[from] item: Leftovers\n|upkeep\n|turn|28\n|\n|t:|1781458786\n|move|p2a: Chimecho|Recover|p2a: Chimecho\n|-heal|p2a: Chimecho|290/290\n|cant|p1a: Tinkaton|par\n|\n|-heal|p1a: Tinkaton|169/274 par|[from] item: Leftovers\n|upkeep\n|turn|29\n|\n|t:|1781458788\n|move|p2a: Chimecho|Stored Power|p1a: Tinkaton\n|-resisted|p1a: Tinkaton\n|-damage|p1a: Tinkaton|25/274 par\n|move|p1a: Tinkaton|Gigaton Hammer|p2a: Chimecho\n|-damage|p2a: Chimecho|167/290\n|\n|-heal|p1a: Tinkaton|42/274 par|[from] item: Leftovers\n|upkeep\n|turn|30\n|\n|t:|1781458793\n|move|p2a: Chimecho|Stored Power|p1a: Tinkaton\n|-resisted|p1a: Tinkaton\n|-damage|p1a: Tinkaton|0 fnt\n|faint|p1a: Tinkaton\n|\n|upkeep\n|\n|t:|1781458800\n|switch|p1a: Cacturne|Cacturne, L92, F|251/278\n|turn|31\n|\n|t:|1781458806\n|move|p2a: Chimecho|Dazzling Gleam|p1a: Cacturne\n|-supereffective|p1a: Cacturne\n|-damage|p1a: Cacturne|95/278\n|move|p1a: Cacturne|Swords Dance|p1a: Cacturne\n|-boost|p1a: Cacturne|atk|2\n|\n|upkeep\n|turn|32\n|\n|t:|1781458810\n|move|p2a: Chimecho|Recover|p2a: Chimecho\n|-heal|p2a: Chimecho|290/290\n|move|p1a: Cacturne|Knock Off|p2a: Chimecho\n|-supereffective|p2a: Chimecho\n|-damage|p2a: Chimecho|178/290\n|-damage|p1a: Cacturne|68/278|[from] item: Life Orb\n|\n|upkeep\n|turn|33\n|\n|t:|1781458815\n|move|p1a: Cacturne|Sucker Punch|p2a: Chimecho\n|-supereffective|p2a: Chimecho\n|-damage|p2a: Chimecho|43/290\n|-damage|p1a: Cacturne|41/278|[from] item: Life Orb\n|move|p2a: Chimecho|Dazzling Gleam|p1a: Cacturne\n|-supereffective|p1a: Cacturne\n|-damage|p1a: Cacturne|0 fnt\n|faint|p1a: Cacturne\n|\n|upkeep\n|\n|t:|1781458818\n|switch|p1a: Raichu|Raichu-Alola, L87, M|93/246\n|turn|34\n|\n|t:|1781458823\n|move|p1a: Raichu|Thunderbolt|p2a: Chimecho\n|-damage|p2a: Chimecho|12/290\n|-damage|p1a: Raichu|69/246|[from] item: Life Orb\n|move|p2a: Chimecho|Stored Power|p1a: Raichu\n|-resisted|p1a: Raichu\n|-damage|p1a: Raichu|0 fnt\n|faint|p1a: Raichu\n|\n|upkeep\n|\n|t:|1781458831\n|switch|p1a: Falinks|Falinks, L84|246/246\n|turn|35\n|\n|t:|1781458833\n|-terastallize|p1a: Falinks|Dark\n|move|p2a: Chimecho|Stored Power|p1a: Falinks\n|-immune|p1a: Falinks\n|move|p1a: Falinks|No Retreat|p1a: Falinks\n|-boost|p1a: Falinks|atk|1\n|-boost|p1a: Falinks|def|1\n|-boost|p1a: Falinks|spa|1\n|-boost|p1a: Falinks|spd|1\n|-boost|p1a: Falinks|spe|1\n|-start|p1a: Falinks|move: No Retreat\n|\n|upkeep\n|turn|36\n|\n|t:|1781458837\n|move|p1a: Falinks|Knock Off|p2a: Chimecho\n|-supereffective|p2a: Chimecho\n|-damage|p2a: Chimecho|0 fnt\n|faint|p2a: Chimecho\n|-damage|p1a: Falinks|222/246|[from] item: Life Orb\n|\n|upkeep\n|\n|t:|1781458842\n|switch|p2a: Wugtrio|Wugtrio, L91, F|212/212\n|turn|37\n|\n|t:|1781458848\n|move|p2a: Wugtrio|Liquidation|p1a: Falinks\n|-damage|p1a: Falinks|116/246\n|move|p1a: Falinks|Close Combat|p2a: Wugtrio\n|-damage|p2a: Wugtrio|0 fnt\n|-unboost|p1a: Falinks|def|1\n|-unboost|p1a: Falinks|spd|1\n|-ability|p2a: Wugtrio|Gooey\n|-unboost|p1a: Falinks|spe|1\n|-ability|p1a: Falinks|Defiant|boost\n|-boost|p1a: Falinks|atk|2\n|faint|p2a: Wugtrio\n|-damage|p1a: Falinks|92/246|[from] item: Life Orb\n|\n|upkeep\n|\n|t:|1781458852\n|switch|p2a: Koraidon|Koraidon, L64|235/235\n|-weather|SunnyDay|[from] ability: Orichalcum Pulse|[of] p2a: Koraidon\n|-activate|p2a: Koraidon|Orichalcum Pulse|[source]\n|turn|38\n|\n|t:|1781458862\n|move|p2a: Koraidon|U-turn|p1a: Falinks\n|-supereffective|p1a: Falinks\n|-damage|p1a: Falinks|0 fnt\n|faint|p1a: Falinks\n|\n|t:|1781458864\n|switch|p2a: Sneasler|Sneasler, L74, F|51/240|[from] U-turn\n|\n|-weather|SunnyDay|[upkeep]\n|upkeep\n|\n|t:|1781458867\n|switch|p1a: Alcremie|Alcremie-Caramel-Swirl, L90, F|263/263\n|turn|39\n|\n|t:|1781458874\n|move|p2a: Sneasler|Dire Claw|p1a: Alcremie\n|-supereffective|p1a: Alcremie\n|-damage|p1a: Alcremie|0 fnt\n|faint|p1a: Alcremie\n|\n|win|Irongraf\n", "uploadtime": 1781458536, "views": 3, "formatid": "gen9randombattle", "rating": null, "private": 0, "password": null}