{"id": "gen9randombattle-2631751729", "format": "[Gen 9] Random Battle", "players": ["rayray9", "Dizay976"], "log": "|j|\u2606rayray9\n|j|\u2606Dizay976\n|t:|1781433835\n|gametype|singles\n|player|p1|rayray9|102|2021\n|player|p2|Dizay976|sabrina-masters|2311\n|gen|9\n|tier|[Gen 9] Random Battle\n|rated|\n|rule|Species Clause: Limit one of each Pok\u00e9mon\n|rule|HP Percentage Mod: HP is shown in percentages\n|rule|Sleep Clause Mod: Limit one foe put to sleep\n|rule|Illusion Level Mod: Illusion disguises the Pok\u00e9mon's true level\n|\n|t:|1781433835\n|teamsize|p1|6\n|teamsize|p2|6\n|start\n|switch|p1a: Fezandipiti|Fezandipiti, L82, M|235/235\n|switch|p2a: Jumpluff|Jumpluff, L87, M|271/271\n|turn|1\n|\n|t:|1781433854\n|switch|p2a: Arcanine|Arcanine, L84, M|288/288\n|-ability|p2a: Arcanine|Intimidate|boost\n|-unboost|p1a: Fezandipiti|atk|1\n|move|p1a: Fezandipiti|Sludge Bomb|p2a: Arcanine\n|-damage|p2a: Arcanine|159/288\n|\n|upkeep\n|turn|2\n|\n|t:|1781433875\n|switch|p1a: Komala|Komala, L88, F|258/258\n|-ability|p1a: Komala|Comatose\n|move|p2a: Arcanine|Morning Sun|p2a: Arcanine\n|-heal|p2a: Arcanine|288/288\n|\n|upkeep\n|turn|3\n|\n|t:|1781433884\n|switch|p2a: Jumpluff|Jumpluff, L87, M|271/271\n|move|p1a: Komala|Rapid Spin|p2a: Jumpluff\n|-damage|p2a: Jumpluff|196/271\n|-boost|p1a: Komala|spe|1\n|\n|upkeep\n|turn|4\n|\n|t:|1781433891\n|move|p1a: Komala|Body Slam|p2a: Jumpluff\n|-damage|p2a: Jumpluff|78/271\n|move|p2a: Jumpluff|Strength Sap|p1a: Komala\n|-unboost|p1a: Komala|atk|1\n|-heal|p2a: Jumpluff|271/271\n|\n|upkeep\n|turn|5\n|\n|t:|1781433896\n|switch|p2a: Malamar|Malamar, L82, F|275/275\n|move|p1a: Komala|Body Slam|p2a: Malamar\n|-damage|p2a: Malamar|194/275\n|\n|upkeep\n|turn|6\n|\n|t:|1781433904\n|move|p1a: Komala|U-turn|p2a: Malamar\n|-supereffective|p2a: Malamar\n|-damage|p2a: Malamar|34/275\n|\n|t:|1781433916\n|switch|p1a: Fezandipiti|Fezandipiti, L82, M|278/278|[from] U-turn\n|move|p2a: Malamar|Knock Off|p1a: Fezandipiti\n|-resisted|p1a: Fezandipiti\n|-damage|p1a: Fezandipiti|232/278\n|-enditem|p1a: Fezandipiti|Leftovers|[from] move: Knock Off|[of] p2a: Malamar\n|\n|upkeep\n|turn|7\n|\n|t:|1781433928\n|switch|p2a: Arcanine|Arcanine, L84, M|288/288\n|-ability|p2a: Arcanine|Intimidate|boost\n|-unboost|p1a: Fezandipiti|atk|1\n|move|p1a: Fezandipiti|Tera Blast|p2a: Arcanine\n|-damage|p2a: Arcanine|240/288\n|-status|p2a: Arcanine|tox|[from] ability: Toxic Chain|[of] p1a: Fezandipiti\n|\n|-damage|p2a: Arcanine|222/288 tox|[from] psn\n|upkeep\n|turn|8\n|\n|t:|1781433940\n|switch|p1a: Komala|Komala, L88, F|258/258\n|-ability|p1a: Komala|Comatose\n|move|p2a: Arcanine|Flare Blitz|p1a: Komala\n|-crit|p1a: Komala\n|-damage|p1a: Komala|0 fnt\n|faint|p1a: Komala\n|-damage|p2a: Arcanine|137/288 tox|[from] Recoil\n|\n|-damage|p2a: Arcanine|101/288 tox|[from] psn\n|upkeep\n|\n|t:|1781433975\n|switch|p1a: Forretress|Forretress, L84, F|263/263\n|turn|9\n|\n|t:|1781433981\n|switch|p2a: Malamar|Malamar, L82, F|34/275\n|move|p1a: Forretress|Stealth Rock|p2a: Malamar\n|-sidestart|p2: Dizay976|move: Stealth Rock\n|\n|upkeep\n|turn|10\n|\n|t:|1781433993\n|move|p2a: Malamar|Rest|p2a: Malamar\n|-status|p2a: Malamar|slp|[from] move: Rest\n|-heal|p2a: Malamar|275/275 slp|[silent]\n|-enditem|p2a: Malamar|Chesto Berry|[eat]\n|-curestatus|p2a: Malamar|slp|[msg]\n|move|p1a: Forretress|Body Press|p2a: Malamar\n|-damage|p2a: Malamar|199/275\n|\n|upkeep\n|turn|11\n|\n|t:|1781433997\n|switch|p1a: Fezandipiti|Fezandipiti, L82, M|232/278\n|move|p2a: Malamar|Superpower|p1a: Fezandipiti\n|-resisted|p1a: Fezandipiti\n|-damage|p1a: Fezandipiti|211/278\n|-boost|p2a: Malamar|atk|1\n|-boost|p2a: Malamar|def|1\n|\n|upkeep\n|turn|12\n|\n|t:|1781434003\n|move|p1a: Fezandipiti|Swords Dance|p1a: Fezandipiti\n|-boost|p1a: Fezandipiti|atk|2\n|move|p2a: Malamar|Psycho Cut|p1a: Fezandipiti\n|-supereffective|p1a: Fezandipiti\n|-damage|p1a: Fezandipiti|1/278\n|\n|upkeep\n|turn|13\n|\n|t:|1781434009\n|switch|p2a: Arcanine|Arcanine, L84, M|101/288 tox\n|-ability|p2a: Arcanine|Intimidate|boost\n|-unboost|p1a: Fezandipiti|atk|1\n|move|p1a: Fezandipiti|Play Rough|p2a: Arcanine\n|-resisted|p2a: Arcanine\n|-damage|p2a: Arcanine|38/288 tox\n|\n|-damage|p2a: Arcanine|20/288 tox|[from] psn\n|upkeep\n|turn|14\n|\n|t:|1781434037\n|move|p1a: Fezandipiti|Tera Blast|p2a: Arcanine\n|-damage|p2a: Arcanine|0 fnt\n|faint|p2a: Arcanine\n|\n|upkeep\n|\n|t:|1781434046\n|switch|p2a: Jumpluff|Jumpluff, L87, M|271/271\n|-damage|p2a: Jumpluff|204/271|[from] Stealth Rock\n|turn|15\n|\n|t:|1781434052\n|move|p2a: Jumpluff|Acrobatics|p1a: Fezandipiti\n|-damage|p1a: Fezandipiti|0 fnt\n|faint|p1a: Fezandipiti\n|\n|upkeep\n|\n|t:|1781434058\n|switch|p1a: Forretress|Forretress, L84, F|235/235\n|turn|16\n|\n|t:|1781434062\n|move|p2a: Jumpluff|Sleep Powder|p1a: Forretress\n|-status|p1a: Forretress|slp|[from] move: Sleep Powder\n|cant|p1a: Forretress|slp\n|\n|upkeep\n|turn|17\n|\n|t:|1781434070\n|switch|p2a: Malamar|Malamar, L82, F|199/275\n|-damage|p2a: Malamar|165/275|[from] Stealth Rock\n|cant|p1a: Forretress|slp\n|\n|upkeep\n|turn|18\n|\n|t:|1781434083\n|-terastallize|p1a: Forretress|Poison\n|cant|p1a: Forretress|slp\n|move|p2a: Malamar|Superpower|p1a: Forretress\n|-resisted|p1a: Forretress\n|-damage|p1a: Forretress|180/235 slp\n|-boost|p2a: Malamar|atk|1\n|-boost|p2a: Malamar|def|1\n|replace|p1a: Zoroark|Zoroark, L83, M\n|-end|p1a: Zoroark|Illusion\n|-hint|Illusion Level Mod is active, so this Pok\u00e9mon's true level was hidden.\n|\n|upkeep\n|turn|19\n|\n|t:|1781434102\n|-terastallize|p2a: Malamar|Steel\n|-curestatus|p1a: Zoroark|slp|[msg]\n|move|p1a: Zoroark|Sludge Bomb|p2a: Malamar\n|-immune|p2a: Malamar\n|move|p2a: Malamar|Psycho Cut|p1a: Zoroark\n|-supereffective|p1a: Zoroark\n|-crit|p1a: Zoroark\n|-damage|p1a: Zoroark|0 fnt\n|faint|p1a: Zoroark\n|\n|upkeep\n|\n|t:|1781434110\n|switch|p1a: Tauros|Tauros-Paldea-Aqua, L81, M|254/254\n|-ability|p1a: Tauros|Intimidate|boost\n|-boost|p2a: Malamar|atk|1\n|turn|20\n|\n|t:|1781434117\n|switch|p2a: Jumpluff|Jumpluff, L87, M|204/271\n|-damage|p2a: Jumpluff|137/271|[from] Stealth Rock\n|move|p1a: Tauros|Close Combat|p2a: Jumpluff\n|-resisted|p2a: Jumpluff\n|-damage|p2a: Jumpluff|23/271\n|-unboost|p1a: Tauros|def|1\n|-unboost|p1a: Tauros|spd|1\n|\n|upkeep\n|turn|21\n|\n|t:|1781434134\n|switch|p1a: Rhyperior|Rhyperior, L82, F|323/323\n|move|p2a: Jumpluff|Strength Sap|p1a: Rhyperior\n|-unboost|p1a: Rhyperior|atk|1\n|-heal|p2a: Jumpluff|271/271\n|\n|upkeep\n|turn|22\n|\n|t:|1781434141\n|switch|p2a: Dachsbun|Dachsbun, L92, M|254/254\n|-damage|p2a: Dachsbun|223/254|[from] Stealth Rock\n|move|p1a: Rhyperior|Ice Punch|p2a: Dachsbun\n|-damage|p2a: Dachsbun|174/254\n|\n|-heal|p2a: Dachsbun|189/254|[from] item: Leftovers\n|upkeep\n|turn|23\n|\n|t:|1781434146\n|switch|p1a: Forretress|Forretress, L84, F|263/263\n|move|p2a: Dachsbun|Wish|p2a: Dachsbun\n|\n|-heal|p2a: Dachsbun|204/254|[from] item: Leftovers\n|upkeep\n|turn|24\n|\n|t:|1781434156\n|switch|p2a: Meloetta|Meloetta, L82|298/298\n|-damage|p2a: Meloetta|261/298|[from] Stealth Rock\n|move|p1a: Forretress|Spikes|p2a: Meloetta\n|-sidestart|p2: Dizay976|Spikes\n|\n|-heal|p2a: Meloetta|298/298|[from] move: Wish|[wisher] Dachsbun\n|upkeep\n|turn|25\n|\n|t:|1781434164\n|move|p2a: Meloetta|Relic Song|p1a: Forretress\n|-resisted|p1a: Forretress\n|-damage|p1a: Forretress|177/263\n|-formechange|p2a: Meloetta|Meloetta-Pirouette|[msg]\n|-damage|p2a: Meloetta|269/298|[from] item: Life Orb\n|move|p1a: Forretress|Spikes|p2a: Meloetta\n|-sidestart|p2: Dizay976|Spikes\n|\n|-heal|p1a: Forretress|193/263|[from] item: Leftovers\n|upkeep\n|turn|26\n|\n|t:|1781434170\n|move|p2a: Meloetta|Close Combat|p1a: Forretress\n|-damage|p1a: Forretress|57/263\n|-unboost|p2a: Meloetta|def|1\n|-unboost|p2a: Meloetta|spd|1\n|-damage|p2a: Meloetta|240/298|[from] item: Life Orb\n|move|p1a: Forretress|Spikes|p2a: Meloetta\n|-sidestart|p2: Dizay976|Spikes\n|\n|-heal|p1a: Forretress|73/263|[from] item: Leftovers\n|upkeep\n|turn|27\n|\n|t:|1781434174\n|move|p2a: Meloetta|Close Combat|p1a: Forretress\n|-damage|p1a: Forretress|0 fnt\n|-unboost|p2a: Meloetta|def|1\n|-unboost|p2a: Meloetta|spd|1\n|faint|p1a: Forretress\n|-damage|p2a: Meloetta|211/298|[from] item: Life Orb\n|\n|upkeep\n|\n|t:|1781434178\n|switch|p1a: Tauros|Tauros-Paldea-Aqua, L81, M|254/254\n|-ability|p1a: Tauros|Intimidate|boost\n|-unboost|p2a: Meloetta|atk|1\n|turn|28\n|\n|t:|1781434184\n|move|p2a: Meloetta|Close Combat|p1a: Tauros\n|-damage|p1a: Tauros|133/254\n|-unboost|p2a: Meloetta|def|1\n|-unboost|p2a: Meloetta|spd|1\n|-damage|p2a: Meloetta|182/298|[from] item: Life Orb\n|move|p1a: Tauros|Wave Crash|p2a: Meloetta\n|-damage|p2a: Meloetta|0 fnt\n|faint|p2a: Meloetta\n|-damage|p1a: Tauros|73/254|[from] Recoil\n|\n|upkeep\n|\n|t:|1781434190\n|switch|p2a: Darkrai|Darkrai, L77|234/234\n|-damage|p2a: Darkrai|205/234|[from] Stealth Rock\n|-damage|p2a: Darkrai|147/234|[from] Spikes\n|turn|29\n|\n|t:|1781434196\n|move|p2a: Darkrai|Sludge Bomb|p1a: Tauros\n|-damage|p1a: Tauros|0 fnt\n|faint|p1a: Tauros\n|\n|-heal|p2a: Darkrai|161/234|[from] item: Leftovers\n|upkeep\n|\n|t:|1781434199\n|switch|p1a: Rhyperior|Rhyperior, L82, F|323/323\n|turn|30\n|\n|t:|1781434204\n|move|p2a: Darkrai|Dark Pulse|p1a: Rhyperior\n|-damage|p1a: Rhyperior|196/323\n|cant|p1a: Rhyperior|flinch\n|\n|-heal|p2a: Darkrai|175/234|[from] item: Leftovers\n|upkeep\n|turn|31\n|-message|rayray9 forfeited.\n|\n|win|Dizay976\n", "uploadtime": 1781433836, "views": 3, "formatid": "gen9randombattle", "rating": null, "private": 0, "password": null}