{"id": "gen9randombattle-2631609795", "format": "[Gen 9] Random Battle", "players": ["ZoraseT", "the we if v"], "log": "|j|\u2606ZoraseT\n|j|\u2606the we if v\n|t:|1781408395\n|gametype|singles\n|player|p1|ZoraseT|1|1136\n|player|p2|the we if v|bugsy|1139\n|gen|9\n|tier|[Gen 9] Random Battle\n|rated|\n|rule|Species Clause: Limit one of each Pok\u00e9mon\n|rule|HP Percentage Mod: HP is shown in percentages\n|rule|Sleep Clause Mod: Limit one foe put to sleep\n|rule|Illusion Level Mod: Illusion disguises the Pok\u00e9mon's true level\n|\n|t:|1781408395\n|teamsize|p1|6\n|teamsize|p2|6\n|start\n|switch|p1a: Iron Hands|Iron Hands, L79|373/373\n|switch|p2a: Dunsparce|Dunsparce, L86, F|312/312\n|turn|1\n|inactive|Battle timer is ON: inactive players will automatically lose when time's up. (requested by the we if v)\n|\n|t:|1781408408\n|switch|p2a: Golurk|Golurk, L87|297/297\n|move|p1a: Iron Hands|Close Combat|p2a: Golurk\n|-immune|p2a: Golurk\n|\n|upkeep\n|turn|2\n|\n|t:|1781408426\n|move|p2a: Golurk|Earthquake|p1a: Iron Hands\n|-supereffective|p1a: Iron Hands\n|-damage|p1a: Iron Hands|0 fnt\n|faint|p1a: Iron Hands\n|-end|p1a: Iron Hands|Quark Drive|[silent]\n|\n|upkeep\n|\n|t:|1781408433\n|switch|p1a: Lapras|Lapras, L87, M|367/367\n|turn|3\n|\n|t:|1781408448\n|move|p1a: Lapras|Dragon Dance|p1a: Lapras\n|-boost|p1a: Lapras|atk|1\n|-boost|p1a: Lapras|spe|1\n|move|p2a: Golurk|Earthquake|p1a: Lapras\n|-damage|p1a: Lapras|168/367\n|\n|upkeep\n|turn|4\n|\n|t:|1781408455\n|switch|p2a: Dunsparce|Dunsparce, L86, F|312/312\n|move|p1a: Lapras|Icicle Spear|p2a: Dunsparce\n|-damage|p2a: Dunsparce|285/312\n|-damage|p2a: Dunsparce|257/312\n|-damage|p2a: Dunsparce|229/312\n|-damage|p2a: Dunsparce|198/312\n|-damage|p2a: Dunsparce|170/312\n|-hitcount|p2a: Dunsparce|5\n|\n|upkeep\n|turn|5\n|inactive|ZoraseT has 120 seconds left.\n|\n|t:|1781408485\n|move|p1a: Lapras|Earthquake|p2a: Dunsparce\n|-damage|p2a: Dunsparce|86/312\n|move|p2a: Dunsparce|Body Slam|p1a: Lapras\n|-damage|p1a: Lapras|86/367\n|\n|upkeep\n|turn|6\n|\n|t:|1781408493\n|move|p1a: Lapras|Icicle Spear|p2a: Dunsparce\n|-damage|p2a: Dunsparce|55/312\n|-damage|p2a: Dunsparce|27/312\n|-damage|p2a: Dunsparce|0 fnt\n|faint|p2a: Dunsparce\n|-hitcount|p2: Dunsparce|3\n|\n|upkeep\n|\n|t:|1781408494\n|switch|p2a: Breloom|Breloom, L83, M|235/235\n|turn|7\n|\n|t:|1781408511\n|move|p2a: Breloom|Mach Punch|p1a: Lapras\n|-supereffective|p1a: Lapras\n|-damage|p1a: Lapras|0 fnt\n|faint|p1a: Lapras\n|-damage|p2a: Breloom|212/235|[from] item: Life Orb\n|\n|upkeep\n|inactive|ZoraseT has 120 seconds left.\n|\n|t:|1781408534\n|switch|p1a: Calyrex|Calyrex, L93|337/337\n|-ability|p1a: Calyrex|Unnerve\n|turn|8\n|\n|t:|1781408549\n|switch|p2a: Arceus|Arceus-Fairy, L69|280/280\n|move|p1a: Calyrex|Leech Seed|p2a: Arceus\n|-start|p2a: Arceus|move: Leech Seed\n|\n|-damage|p2a: Arceus|245/280|[from] Leech Seed|[of] p1a: Calyrex\n|upkeep\n|turn|9\n|inactive|ZoraseT has 120 seconds left.\n|\n|t:|1781408565\n|switch|p2a: Golurk|Golurk, L87|297/297\n|move|p1a: Calyrex|Calm Mind|p1a: Calyrex\n|-boost|p1a: Calyrex|spa|1\n|-boost|p1a: Calyrex|spd|1\n|\n|upkeep\n|turn|10\n|\n|t:|1781408575\n|move|p1a: Calyrex|Calm Mind|p1a: Calyrex\n|-boost|p1a: Calyrex|spa|1\n|-boost|p1a: Calyrex|spd|1\n|move|p2a: Golurk|Poltergeist|p1a: Calyrex\n|-activate|p1a: Calyrex|move: Poltergeist|Leftovers\n|-supereffective|p1a: Calyrex\n|-damage|p1a: Calyrex|0 fnt\n|faint|p1a: Calyrex\n|\n|upkeep\n|\n|t:|1781408595\n|switch|p1a: Enamorus|Enamorus-Therian, L83, F|259/259\n|turn|11\n|\n|t:|1781408610\n|move|p2a: Golurk|Poltergeist|p1a: Enamorus\n|-activate|p1a: Enamorus|move: Poltergeist|Weakness Policy\n|-damage|p1a: Enamorus|54/259\n|move|p1a: Enamorus|Mystical Fire|p2a: Golurk\n|-damage|p2a: Golurk|232/297\n|-unboost|p2a: Golurk|spa|1\n|\n|upkeep\n|turn|12\n|\n|t:|1781408626\n|move|p2a: Golurk|Poltergeist|p1a: Enamorus\n|-activate|p1a: Enamorus|move: Poltergeist|Weakness Policy\n|-damage|p1a: Enamorus|0 fnt\n|faint|p1a: Enamorus\n|\n|upkeep\n|\n|t:|1781408633\n|switch|p1a: Volbeat|Volbeat, L90, M|263/263\n|turn|13\n|\n|t:|1781408645\n|move|p1a: Volbeat|Thunder Wave|p2a: Golurk\n|-immune|p2a: Golurk\n|move|p2a: Golurk|Poltergeist|p1a: Volbeat\n|-activate|p1a: Volbeat|move: Poltergeist|Heavy-Duty Boots\n|-damage|p1a: Volbeat|16/263\n|\n|upkeep\n|turn|14\n|\n|t:|1781408654\n|move|p1a: Volbeat|Roost|p1a: Volbeat\n|-heal|p1a: Volbeat|148/263\n|-singleturn|p1a: Volbeat|move: Roost\n|move|p2a: Golurk|Poltergeist|p1a: Volbeat\n|-activate|p1a: Volbeat|move: Poltergeist|Heavy-Duty Boots\n|-damage|p1a: Volbeat|0 fnt\n|faint|p1a: Volbeat\n|\n|upkeep\n|\n|t:|1781408663\n|switch|p1a: Granbull|Granbull, L88, F|302/302\n|-ability|p1a: Granbull|Intimidate|boost\n|-unboost|p2a: Golurk|atk|1\n|turn|15\n|\n|t:|1781408678\n|-terastallize|p1a: Granbull|Ground\n|move|p2a: Golurk|Poltergeist|p1a: Granbull\n|-activate|p1a: Granbull|move: Poltergeist|Leftovers\n|-damage|p1a: Granbull|127/302\n|move|p1a: Granbull|Play Rough|p2a: Golurk\n|-damage|p2a: Golurk|114/297\n|-unboost|p2a: Golurk|atk|1\n|\n|-heal|p1a: Granbull|145/302|[from] item: Leftovers\n|upkeep\n|turn|16\n|\n|t:|1781408694\n|move|p2a: Golurk|Poltergeist|p1a: Granbull\n|-activate|p1a: Granbull|move: Poltergeist|Leftovers\n|-damage|p1a: Granbull|24/302\n|move|p1a: Granbull|Earthquake|p2a: Golurk\n|-damage|p2a: Golurk|0 fnt\n|faint|p2a: Golurk\n|\n|-heal|p1a: Granbull|42/302|[from] item: Leftovers\n|upkeep\n|\n|t:|1781408697\n|switch|p2a: Palossand|Palossand, L89, M|296/296\n|turn|17\n|\n|t:|1781408709\n|move|p1a: Granbull|Play Rough|p2a: Palossand\n|-damage|p2a: Palossand|196/296\n|-unboost|p2a: Palossand|atk|1\n|move|p2a: Palossand|Stealth Rock|p1a: Granbull\n|-sidestart|p1: ZoraseT|move: Stealth Rock\n|\n|-heal|p1a: Granbull|60/302|[from] item: Leftovers\n|-heal|p2a: Palossand|214/296|[from] item: Leftovers\n|upkeep\n|turn|18\n|\n|t:|1781408720\n|move|p1a: Granbull|Encore|p2a: Palossand\n|-start|p2a: Palossand|Encore\n|move|p2a: Palossand|Stealth Rock||[still]\n|-fail|p2a: Palossand\n|\n|-heal|p1a: Granbull|78/302|[from] item: Leftovers\n|-heal|p2a: Palossand|232/296|[from] item: Leftovers\n|upkeep\n|turn|19\n|\n|t:|1781408734\n|move|p1a: Granbull|Play Rough|p2a: Palossand\n|-damage|p2a: Palossand|136/296\n|move|p2a: Palossand|Stealth Rock||[still]\n|-fail|p2a: Palossand\n|\n|-heal|p1a: Granbull|96/302|[from] item: Leftovers\n|-heal|p2a: Palossand|154/296|[from] item: Leftovers\n|upkeep\n|turn|20\n|\n|t:|1781408742\n|move|p1a: Granbull|Earthquake|p2a: Palossand\n|-damage|p2a: Palossand|51/296\n|move|p2a: Palossand|Stealth Rock||[still]\n|-fail|p2a: Palossand\n|\n|-heal|p1a: Granbull|114/302|[from] item: Leftovers\n|-heal|p2a: Palossand|69/296|[from] item: Leftovers\n|-end|p2a: Palossand|Encore\n|upkeep\n|turn|21\n|\n|t:|1781408750\n|move|p1a: Granbull|Earthquake|p2a: Palossand\n|-damage|p2a: Palossand|0 fnt\n|faint|p2a: Palossand\n|\n|-heal|p1a: Granbull|132/302|[from] item: Leftovers\n|upkeep\n|\n|t:|1781408752\n|switch|p2a: Arceus|Arceus-Fairy, L69|245/280\n|turn|22\n|inactive|ZoraseT has 120 seconds left.\n|\n|t:|1781408759\n|move|p2a: Arceus|Calm Mind|p2a: Arceus\n|-boost|p2a: Arceus|spa|1\n|-boost|p2a: Arceus|spd|1\n|move|p1a: Granbull|Thunder Wave|p2a: Arceus\n|-status|p2a: Arceus|par\n|\n|-heal|p1a: Granbull|150/302|[from] item: Leftovers\n|upkeep\n|turn|23\n|\n|t:|1781408769\n|move|p1a: Granbull|Encore|p2a: Arceus\n|-start|p2a: Arceus|Encore\n|move|p2a: Arceus|Calm Mind|p2a: Arceus\n|-boost|p2a: Arceus|spa|1\n|-boost|p2a: Arceus|spd|1\n|\n|-heal|p1a: Granbull|168/302|[from] item: Leftovers\n|upkeep\n|turn|24\n|\n|t:|1781408782\n|move|p1a: Granbull|Play Rough|p2a: Arceus\n|-damage|p2a: Arceus|118/280 par\n|-unboost|p2a: Arceus|atk|1\n|move|p2a: Arceus|Calm Mind|p2a: Arceus\n|-boost|p2a: Arceus|spa|1\n|-boost|p2a: Arceus|spd|1\n|\n|-heal|p1a: Granbull|186/302|[from] item: Leftovers\n|upkeep\n|turn|25\n|\n|t:|1781408791\n|move|p1a: Granbull|Play Rough|p2a: Arceus\n|-damage|p2a: Arceus|0 fnt\n|faint|p2a: Arceus\n|\n|-heal|p1a: Granbull|204/302|[from] item: Leftovers\n|upkeep\n|\n|t:|1781408797\n|switch|p2a: Breloom|Breloom, L83, M|212/235\n|turn|26\n|\n|t:|1781408808\n|move|p2a: Breloom|Spore|p1a: Granbull\n|-status|p1a: Granbull|slp|[from] move: Spore\n|cant|p1a: Granbull|slp\n|\n|-heal|p1a: Granbull|222/302 slp|[from] item: Leftovers\n|upkeep\n|turn|27\n|\n|t:|1781408817\n|move|p2a: Breloom|Swords Dance|p2a: Breloom\n|-boost|p2a: Breloom|atk|2\n|-curestatus|p1a: Granbull|slp|[msg]\n|move|p1a: Granbull|Thunder Wave|p2a: Breloom\n|-status|p2a: Breloom|par\n|\n|-heal|p1a: Granbull|240/302|[from] item: Leftovers\n|upkeep\n|turn|28\n|\n|t:|1781408825\n|move|p1a: Granbull|Encore|p2a: Breloom\n|-start|p2a: Breloom|Encore\n|move|p2a: Breloom|Swords Dance|p2a: Breloom\n|-boost|p2a: Breloom|atk|2\n|\n|-heal|p1a: Granbull|258/302|[from] item: Leftovers\n|upkeep\n|turn|29\n|\n|t:|1781408833\n|move|p1a: Granbull|Play Rough|p2a: Breloom\n|-supereffective|p2a: Breloom\n|-damage|p2a: Breloom|0 fnt\n|faint|p2a: Breloom\n|\n|-heal|p1a: Granbull|276/302|[from] item: Leftovers\n|upkeep\n|\n|t:|1781408835\n|switch|p2a: Vaporeon|Vaporeon, L86, M|364/364\n|turn|30\n|\n|t:|1781408842\n|move|p2a: Vaporeon|Scald|p1a: Granbull\n|-supereffective|p1a: Granbull\n|-damage|p1a: Granbull|48/302\n|-status|p1a: Granbull|brn\n|move|p1a: Granbull|Thunder Wave|p2a: Vaporeon\n|-status|p2a: Vaporeon|par\n|\n|-heal|p1a: Granbull|66/302 brn|[from] item: Leftovers\n|-damage|p1a: Granbull|48/302 brn|[from] brn\n|upkeep\n|turn|31\n|\n|t:|1781408865\n|move|p1a: Granbull|Earthquake|p2a: Vaporeon\n|-damage|p2a: Vaporeon|277/364 par\n|move|p2a: Vaporeon|Wish|p2a: Vaporeon\n|\n|-heal|p1a: Granbull|66/302 brn|[from] item: Leftovers\n|-heal|p2a: Vaporeon|299/364 par|[from] item: Leftovers\n|-damage|p1a: Granbull|48/302 brn|[from] brn\n|upkeep\n|turn|32\n|\n|t:|1781408873\n|move|p1a: Granbull|Encore|p2a: Vaporeon\n|-start|p2a: Vaporeon|Encore\n|move|p2a: Vaporeon|Wish||[still]\n|-fail|p2a: Vaporeon\n|\n|-heal|p2a: Vaporeon|364/364 par|[from] move: Wish|[wisher] Vaporeon\n|-heal|p1a: Granbull|66/302 brn|[from] item: Leftovers\n|-damage|p1a: Granbull|48/302 brn|[from] brn\n|upkeep\n|turn|33\n|\n|t:|1781408882\n|move|p1a: Granbull|Earthquake|p2a: Vaporeon\n|-damage|p2a: Vaporeon|275/364 par\n|move|p2a: Vaporeon|Wish|p2a: Vaporeon\n|\n|-heal|p1a: Granbull|66/302 brn|[from] item: Leftovers\n|-heal|p2a: Vaporeon|297/364 par|[from] item: Leftovers\n|-damage|p1a: Granbull|48/302 brn|[from] brn\n|upkeep\n|turn|34\n|\n|t:|1781408890\n|move|p1a: Granbull|Earthquake|p2a: Vaporeon\n|-damage|p2a: Vaporeon|207/364 par\n|move|p2a: Vaporeon|Wish||[still]\n|-fail|p2a: Vaporeon\n|\n|-heal|p2a: Vaporeon|364/364 par|[from] move: Wish|[wisher] Vaporeon\n|-heal|p1a: Granbull|66/302 brn|[from] item: Leftovers\n|-damage|p1a: Granbull|48/302 brn|[from] brn\n|-end|p2a: Vaporeon|Encore\n|upkeep\n|turn|35\n|\n|t:|1781408904\n|-terastallize|p2a: Vaporeon|Ghost\n|cant|p2a: Vaporeon|par\n|move|p1a: Granbull|Earthquake|p2a: Vaporeon\n|-damage|p2a: Vaporeon|280/364 par\n|\n|-heal|p1a: Granbull|66/302 brn|[from] item: Leftovers\n|-heal|p2a: Vaporeon|302/364 par|[from] item: Leftovers\n|-damage|p1a: Granbull|48/302 brn|[from] brn\n|upkeep\n|turn|36\n|\n|t:|1781408922\n|move|p2a: Vaporeon|Protect|p2a: Vaporeon\n|-singleturn|p2a: Vaporeon|Protect\n|move|p1a: Granbull|Encore|p2a: Vaporeon\n|-activate|p2a: Vaporeon|move: Protect\n|\n|-heal|p1a: Granbull|66/302 brn|[from] item: Leftovers\n|-heal|p2a: Vaporeon|324/364 par|[from] item: Leftovers\n|-damage|p1a: Granbull|48/302 brn|[from] brn\n|upkeep\n|turn|37\n|\n|t:|1781408931\n|move|p2a: Vaporeon|Protect||[still]\n|-fail|p2a: Vaporeon\n|move|p1a: Granbull|Earthquake|p2a: Vaporeon\n|-damage|p2a: Vaporeon|239/364 par\n|\n|-heal|p1a: Granbull|66/302 brn|[from] item: Leftovers\n|-heal|p2a: Vaporeon|261/364 par|[from] item: Leftovers\n|-damage|p1a: Granbull|48/302 brn|[from] brn\n|upkeep\n|turn|38\n|\n|t:|1781408939\n|move|p2a: Vaporeon|Protect|p2a: Vaporeon\n|-singleturn|p2a: Vaporeon|Protect\n|move|p1a: Granbull|Earthquake|p2a: Vaporeon\n|-activate|p2a: Vaporeon|move: Protect\n|\n|-heal|p1a: Granbull|66/302 brn|[from] item: Leftovers\n|-heal|p2a: Vaporeon|283/364 par|[from] item: Leftovers\n|-damage|p1a: Granbull|48/302 brn|[from] brn\n|upkeep\n|turn|39\n|\n|t:|1781408948\n|move|p1a: Granbull|Earthquake|p2a: Vaporeon\n|-damage|p2a: Vaporeon|195/364 par\n|cant|p2a: Vaporeon|par\n|\n|-heal|p1a: Granbull|66/302 brn|[from] item: Leftovers\n|-heal|p2a: Vaporeon|217/364 par|[from] item: Leftovers\n|-damage|p1a: Granbull|48/302 brn|[from] brn\n|upkeep\n|turn|40\n|\n|t:|1781408956\n|move|p1a: Granbull|Encore|p2a: Vaporeon\n|-start|p2a: Vaporeon|Encore\n|move|p2a: Vaporeon|Protect||[still]\n|-fail|p2a: Vaporeon\n|\n|-heal|p1a: Granbull|66/302 brn|[from] item: Leftovers\n|-heal|p2a: Vaporeon|239/364 par|[from] item: Leftovers\n|-damage|p1a: Granbull|48/302 brn|[from] brn\n|upkeep\n|turn|41\n|\n|t:|1781408964\n|move|p2a: Vaporeon|Protect|p2a: Vaporeon\n|-singleturn|p2a: Vaporeon|Protect\n|move|p1a: Granbull|Earthquake|p2a: Vaporeon\n|-activate|p2a: Vaporeon|move: Protect\n|\n|-heal|p1a: Granbull|66/302 brn|[from] item: Leftovers\n|-heal|p2a: Vaporeon|261/364 par|[from] item: Leftovers\n|-damage|p1a: Granbull|48/302 brn|[from] brn\n|upkeep\n|turn|42\n|\n|t:|1781408972\n|move|p2a: Vaporeon|Protect||[still]\n|-fail|p2a: Vaporeon\n|move|p1a: Granbull|Earthquake|p2a: Vaporeon\n|-damage|p2a: Vaporeon|174/364 par\n|\n|-heal|p1a: Granbull|66/302 brn|[from] item: Leftovers\n|-heal|p2a: Vaporeon|196/364 par|[from] item: Leftovers\n|-damage|p1a: Granbull|48/302 brn|[from] brn\n|-end|p2a: Vaporeon|Encore\n|upkeep\n|turn|43\n|\n|t:|1781408981\n|cant|p2a: Vaporeon|par\n|move|p1a: Granbull|Encore|p2a: Vaporeon\n|-start|p2a: Vaporeon|Encore\n|\n|-heal|p1a: Granbull|66/302 brn|[from] item: Leftovers\n|-heal|p2a: Vaporeon|218/364 par|[from] item: Leftovers\n|-damage|p1a: Granbull|48/302 brn|[from] brn\n|upkeep\n|turn|44\n|\n|t:|1781408998\n|move|p2a: Vaporeon|Protect|p2a: Vaporeon\n|-singleturn|p2a: Vaporeon|Protect\n|move|p1a: Granbull|Earthquake|p2a: Vaporeon\n|-activate|p2a: Vaporeon|move: Protect\n|\n|-heal|p1a: Granbull|66/302 brn|[from] item: Leftovers\n|-heal|p2a: Vaporeon|240/364 par|[from] item: Leftovers\n|-damage|p1a: Granbull|48/302 brn|[from] brn\n|upkeep\n|turn|45\n|\n|t:|1781409009\n|cant|p2a: Vaporeon|par\n|move|p1a: Granbull|Earthquake|p2a: Vaporeon\n|-damage|p2a: Vaporeon|147/364 par\n|\n|-heal|p1a: Granbull|66/302 brn|[from] item: Leftovers\n|-heal|p2a: Vaporeon|169/364 par|[from] item: Leftovers\n|-damage|p1a: Granbull|48/302 brn|[from] brn\n|upkeep\n|turn|46\n|\n|t:|1781409017\n|move|p2a: Vaporeon|Protect|p2a: Vaporeon\n|-singleturn|p2a: Vaporeon|Protect\n|move|p1a: Granbull|Earthquake|p2a: Vaporeon\n|-activate|p2a: Vaporeon|move: Protect\n|\n|-heal|p1a: Granbull|66/302 brn|[from] item: Leftovers\n|-heal|p2a: Vaporeon|191/364 par|[from] item: Leftovers\n|-damage|p1a: Granbull|48/302 brn|[from] brn\n|-end|p2a: Vaporeon|Encore\n|upkeep\n|turn|47\n|\n|t:|1781409028\n|move|p2a: Vaporeon|Protect||[still]\n|-fail|p2a: Vaporeon\n|move|p1a: Granbull|Play Rough|p2a: Vaporeon\n|-damage|p2a: Vaporeon|108/364 par\n|\n|-heal|p1a: Granbull|66/302 brn|[from] item: Leftovers\n|-heal|p2a: Vaporeon|130/364 par|[from] item: Leftovers\n|-damage|p1a: Granbull|48/302 brn|[from] brn\n|upkeep\n|turn|48\n|\n|t:|1781409036\n|move|p1a: Granbull|Encore|p2a: Vaporeon\n|-start|p2a: Vaporeon|Encore\n|cant|p2a: Vaporeon|par\n|\n|-heal|p1a: Granbull|66/302 brn|[from] item: Leftovers\n|-heal|p2a: Vaporeon|152/364 par|[from] item: Leftovers\n|-damage|p1a: Granbull|48/302 brn|[from] brn\n|upkeep\n|turn|49\n|\n|t:|1781409044\n|move|p2a: Vaporeon|Protect|p2a: Vaporeon\n|-singleturn|p2a: Vaporeon|Protect\n|move|p1a: Granbull|Play Rough|p2a: Vaporeon\n|-activate|p2a: Vaporeon|move: Protect\n|\n|-heal|p1a: Granbull|66/302 brn|[from] item: Leftovers\n|-heal|p2a: Vaporeon|174/364 par|[from] item: Leftovers\n|-damage|p1a: Granbull|48/302 brn|[from] brn\n|upkeep\n|turn|50\n|\n|t:|1781409053\n|cant|p2a: Vaporeon|par\n|move|p1a: Granbull|Play Rough|p2a: Vaporeon\n|-damage|p2a: Vaporeon|87/364 par\n|\n|-heal|p1a: Granbull|66/302 brn|[from] item: Leftovers\n|-heal|p2a: Vaporeon|109/364 par|[from] item: Leftovers\n|-damage|p1a: Granbull|48/302 brn|[from] brn\n|-end|p2a: Vaporeon|Encore\n|upkeep\n|turn|51\n|\n|t:|1781409062\n|move|p1a: Granbull|Earthquake|p2a: Vaporeon\n|-damage|p2a: Vaporeon|20/364 par\n|move|p2a: Vaporeon|Wish|p2a: Vaporeon\n|\n|-heal|p1a: Granbull|66/302 brn|[from] item: Leftovers\n|-heal|p2a: Vaporeon|42/364 par|[from] item: Leftovers\n|-damage|p1a: Granbull|48/302 brn|[from] brn\n|upkeep\n|turn|52\n|\n|t:|1781409071\n|move|p2a: Vaporeon|Protect|p2a: Vaporeon\n|-singleturn|p2a: Vaporeon|Protect\n|move|p1a: Granbull|Play Rough|p2a: Vaporeon\n|-activate|p2a: Vaporeon|move: Protect\n|\n|-heal|p2a: Vaporeon|224/364 par|[from] move: Wish|[wisher] Vaporeon\n|-heal|p1a: Granbull|66/302 brn|[from] item: Leftovers\n|-heal|p2a: Vaporeon|246/364 par|[from] item: Leftovers\n|-damage|p1a: Granbull|48/302 brn|[from] brn\n|upkeep\n|turn|53\n|\n|t:|1781409081\n|move|p1a: Granbull|Play Rough|p2a: Vaporeon\n|-damage|p2a: Vaporeon|165/364 par\n|move|p2a: Vaporeon|Wish|p2a: Vaporeon\n|\n|-heal|p1a: Granbull|66/302 brn|[from] item: Leftovers\n|-heal|p2a: Vaporeon|187/364 par|[from] item: Leftovers\n|-damage|p1a: Granbull|48/302 brn|[from] brn\n|upkeep\n|turn|54\n|c|\u2606the we if v|danggg\n|c|\u2606the we if v|u were really close\n|\n|t:|1781409090\n|move|p2a: Vaporeon|Protect|p2a: Vaporeon\n|-singleturn|p2a: Vaporeon|Protect\n|move|p1a: Granbull|Play Rough|p2a: Vaporeon\n|-activate|p2a: Vaporeon|move: Protect\n|\n|-heal|p2a: Vaporeon|364/364 par|[from] move: Wish|[wisher] Vaporeon\n|-heal|p1a: Granbull|66/302 brn|[from] item: Leftovers\n|-damage|p1a: Granbull|48/302 brn|[from] brn\n|upkeep\n|turn|55\n|\n|t:|1781409100\n|move|p1a: Granbull|Play Rough|p2a: Vaporeon\n|-damage|p2a: Vaporeon|290/364 par\n|move|p2a: Vaporeon|Calm Mind|p2a: Vaporeon\n|-boost|p2a: Vaporeon|spa|1\n|-boost|p2a: Vaporeon|spd|1\n|\n|-heal|p1a: Granbull|66/302 brn|[from] item: Leftovers\n|-heal|p2a: Vaporeon|312/364 par|[from] item: Leftovers\n|-damage|p1a: Granbull|48/302 brn|[from] brn\n|upkeep\n|turn|56\n|\n|t:|1781409112\n|move|p1a: Granbull|Play Rough|p2a: Vaporeon\n|-damage|p2a: Vaporeon|231/364 par\n|cant|p2a: Vaporeon|par\n|\n|-heal|p1a: Granbull|66/302 brn|[from] item: Leftovers\n|-heal|p2a: Vaporeon|253/364 par|[from] item: Leftovers\n|-damage|p1a: Granbull|48/302 brn|[from] brn\n|upkeep\n|turn|57\n|\n|t:|1781409129\n|move|p1a: Granbull|Play Rough|p2a: Vaporeon\n|-damage|p2a: Vaporeon|179/364 par\n|-unboost|p2a: Vaporeon|atk|1\n|cant|p2a: Vaporeon|par\n|\n|-heal|p1a: Granbull|66/302 brn|[from] item: Leftovers\n|-heal|p2a: Vaporeon|201/364 par|[from] item: Leftovers\n|-damage|p1a: Granbull|48/302 brn|[from] brn\n|upkeep\n|turn|58\n|c|\u2606ZoraseT|it was fun\n|\n|t:|1781409139\n|move|p1a: Granbull|Play Rough|p2a: Vaporeon\n|-damage|p2a: Vaporeon|122/364 par\n|move|p2a: Vaporeon|Calm Mind|p2a: Vaporeon\n|-boost|p2a: Vaporeon|spa|1\n|-boost|p2a: Vaporeon|spd|1\n|\n|-heal|p1a: Granbull|66/302 brn|[from] item: Leftovers\n|-heal|p2a: Vaporeon|144/364 par|[from] item: Leftovers\n|-damage|p1a: Granbull|48/302 brn|[from] brn\n|upkeep\n|turn|59\n|\n|t:|1781409151\n|move|p1a: Granbull|Thunder Wave|p2a: Vaporeon\n|-fail|p2a: Vaporeon|par\n|move|p2a: Vaporeon|Calm Mind|p2a: Vaporeon\n|-boost|p2a: Vaporeon|spa|1\n|-boost|p2a: Vaporeon|spd|1\n|\n|-heal|p1a: Granbull|66/302 brn|[from] item: Leftovers\n|-heal|p2a: Vaporeon|166/364 par|[from] item: Leftovers\n|-damage|p1a: Granbull|48/302 brn|[from] brn\n|upkeep\n|turn|60\n|c|\u2606the we if v|gg\n|c|\u2606ZoraseT|ajajaja no skiils\n|c|\u2606ZoraseT|gg\n|c|\u2606the we if v|have a good night\n|\n|t:|1781409167\n|move|p1a: Granbull|Thunder Wave|p2a: Vaporeon\n|-fail|p2a: Vaporeon|par\n|move|p2a: Vaporeon|Scald|p1a: Granbull\n|-supereffective|p1a: Granbull\n|-crit|p1a: Granbull\n|-damage|p1a: Granbull|0 fnt\n|faint|p1a: Granbull\n|\n|win|the we if v\n|raw|ZoraseT's rating: 1136 &rarr; <strong>1111</strong><br />(-25 for losing)\n|raw|the we if v's rating: 1139 &rarr; <strong>1164</strong><br />(+25 for winning)\n|l|\u2606ZoraseT\n|player|p1|\n", "uploadtime": 1781409219, "views": 2, "formatid": "gen9randombattle", "rating": 1111, "private": 0, "password": null}