{"id": "gen9randombattle-2631652766", "format": "[Gen 9] Random Battle", "players": ["fetchy123", "PineappleCats"], "log": "|j|\u2606fetchy123\n|j|\u2606PineappleCats\n|t:|1781415371\n|gametype|singles\n|player|p1|fetchy123|caitlin|1841\n|player|p2|PineappleCats|giovanni|1904\n|gen|9\n|tier|[Gen 9] Random Battle\n|rated|\n|rule|Species Clause: Limit one of each Pok\u00e9mon\n|rule|HP Percentage Mod: HP is shown in percentages\n|rule|Sleep Clause Mod: Limit one foe put to sleep\n|rule|Illusion Level Mod: Illusion disguises the Pok\u00e9mon's true level\n|\n|t:|1781415371\n|teamsize|p1|6\n|teamsize|p2|6\n|start\n|switch|p1a: Iron Treads|Iron Treads, L77|265/265\n|switch|p2a: Weavile|Weavile, L79, F|240/240\n|turn|1\n|inactive|Battle timer is ON: inactive players will automatically lose when time's up. (requested by PineappleCats)\n|inactive|fetchy123 also wants the timer to be on.\n|\n|t:|1781415383\n|move|p2a: Weavile|Low Kick|p1a: Iron Treads\n|-supereffective|p1a: Iron Treads\n|-damage|p1a: Iron Treads|117/265\n|move|p1a: Iron Treads|Iron Head|p2a: Weavile\n|-supereffective|p2a: Weavile\n|-damage|p2a: Weavile|46/240\n|\n|-heal|p1a: Iron Treads|133/265|[from] item: Leftovers\n|upkeep\n|turn|2\n|\n|t:|1781415409\n|-end|p1a: Iron Treads|Quark Drive|[silent]\n|switch|p1a: Pecharunt|Pecharunt, L77|262/262\n|move|p2a: Weavile|Low Kick|p1a: Pecharunt\n|-immune|p1a: Pecharunt\n|\n|upkeep\n|turn|3\n|\n|t:|1781415420\n|switch|p2a: Seviper|Seviper, L93, M|287/287\n|move|p1a: Pecharunt|Malignant Chain|p2a: Seviper\n|-resisted|p2a: Seviper\n|-damage|p2a: Seviper|242/287\n|\n|-heal|p2a: Seviper|259/287|[from] item: Leftovers\n|upkeep\n|turn|4\n|\n|t:|1781415433\n|move|p1a: Pecharunt|Nasty Plot|p1a: Pecharunt\n|-boost|p1a: Pecharunt|spa|2\n|move|p2a: Seviper|Swords Dance|p2a: Seviper\n|-boost|p2a: Seviper|atk|2\n|\n|-heal|p2a: Seviper|276/287|[from] item: Leftovers\n|upkeep\n|turn|5\n|\n|t:|1781415436\n|move|p1a: Pecharunt|Shadow Ball|p2a: Seviper\n|-damage|p2a: Seviper|117/287\n|-unboost|p2a: Seviper|spd|1\n|move|p2a: Seviper|Trailblaze|p1a: Pecharunt\n|-resisted|p1a: Pecharunt\n|-damage|p1a: Pecharunt|234/262\n|-boost|p2a: Seviper|spe|1\n|\n|-heal|p2a: Seviper|134/287|[from] item: Leftovers\n|-heal|p1a: Pecharunt|250/262|[from] item: Leftovers\n|upkeep\n|turn|6\n|inactive|fetchy123 has 120 seconds left.\n|\n|t:|1781415483\n|move|p2a: Seviper|Earthquake|p1a: Pecharunt\n|-supereffective|p1a: Pecharunt\n|-damage|p1a: Pecharunt|0 fnt\n|faint|p1a: Pecharunt\n|\n|-heal|p2a: Seviper|151/287|[from] item: Leftovers\n|upkeep\n|\n|t:|1781415491\n|switch|p1a: Lugia|Lugia, L73|275/275\n|turn|7\n|\n|t:|1781415501\n|move|p2a: Seviper|Gunk Shot|p1a: Lugia\n|-damage|p1a: Lugia|146/275\n|move|p1a: Lugia|Aeroblast|p2a: Seviper\n|-crit|p2a: Seviper\n|-damage|p2a: Seviper|0 fnt\n|faint|p2a: Seviper\n|\n|upkeep\n|\n|t:|1781415506\n|switch|p2a: Weavile|Weavile, L79, F|46/240\n|turn|8\n|inactive|fetchy123 has 120 seconds left.\n|\n|t:|1781415513\n|switch|p1a: Iron Treads|Iron Treads, L77|133/265\n|move|p2a: Weavile|Swords Dance|p2a: Weavile\n|-boost|p2a: Weavile|atk|2\n|\n|-heal|p1a: Iron Treads|149/265|[from] item: Leftovers\n|upkeep\n|turn|9\n|inactive|fetchy123 has 120 seconds left.\n|\n|t:|1781415537\n|-terastallize|p1a: Iron Treads|Ghost\n|move|p2a: Weavile|Low Kick|p1a: Iron Treads\n|-immune|p1a: Iron Treads\n|move|p1a: Iron Treads|Rapid Spin|p2a: Weavile\n|-damage|p2a: Weavile|0 fnt\n|-boost|p1a: Iron Treads|spe|1\n|faint|p2a: Weavile\n|\n|-heal|p1a: Iron Treads|165/265|[from] item: Leftovers\n|upkeep\n|\n|t:|1781415541\n|switch|p2a: Umbreon|Umbreon, L84, F|297/297\n|turn|10\n|inactive|fetchy123 has 120 seconds left.\n|\n|t:|1781415557\n|move|p1a: Iron Treads|Stealth Rock|p2a: Umbreon\n|-sidestart|p2: PineappleCats|move: Stealth Rock\n|move|p2a: Umbreon|Foul Play|p1a: Iron Treads\n|-supereffective|p1a: Iron Treads\n|-crit|p1a: Iron Treads\n|-damage|p1a: Iron Treads|0 fnt\n|faint|p1a: Iron Treads\n|-end|p1a: Iron Treads|Quark Drive|[silent]\n|\n|upkeep\n|\n|t:|1781415567\n|switch|p1a: Malamar|Malamar, L82, F|275/275\n|turn|11\n|\n|t:|1781415571\n|move|p1a: Malamar|Superpower|p2a: Umbreon\n|-supereffective|p2a: Umbreon\n|-damage|p2a: Umbreon|171/297\n|-boost|p1a: Malamar|atk|1\n|-boost|p1a: Malamar|def|1\n|move|p2a: Umbreon|Toxic|p1a: Malamar\n|-status|p1a: Malamar|tox\n|\n|-heal|p2a: Umbreon|189/297|[from] item: Leftovers\n|-damage|p1a: Malamar|258/275 tox|[from] psn\n|upkeep\n|turn|12\n|\n|t:|1781415575\n|move|p2a: Umbreon|Protect|p2a: Umbreon\n|-singleturn|p2a: Umbreon|Protect\n|move|p1a: Malamar|Superpower|p2a: Umbreon\n|-activate|p2a: Umbreon|move: Protect\n|\n|-heal|p1a: Malamar|275/275 tox|[from] item: Leftovers\n|-heal|p2a: Umbreon|207/297|[from] item: Leftovers\n|-damage|p1a: Malamar|241/275 tox|[from] psn\n|upkeep\n|turn|13\n|\n|t:|1781415578\n|switch|p2a: Houndstone|Houndstone, L86, M|264/264\n|-damage|p2a: Houndstone|231/264|[from] Stealth Rock\n|move|p1a: Malamar|Superpower|p2a: Houndstone\n|-immune|p2a: Houndstone\n|\n|-heal|p1a: Malamar|258/275 tox|[from] item: Leftovers\n|-damage|p1a: Malamar|207/275 tox|[from] psn\n|upkeep\n|turn|14\n|\n|t:|1781415585\n|move|p1a: Malamar|Knock Off|p2a: Houndstone\n|-supereffective|p2a: Houndstone\n|-damage|p2a: Houndstone|104/264\n|-enditem|p2a: Houndstone|Assault Vest|[from] move: Knock Off|[of] p1a: Malamar\n|move|p2a: Houndstone|Play Rough|p1a: Malamar\n|-supereffective|p1a: Malamar\n|-damage|p1a: Malamar|113/275 tox\n|\n|-heal|p1a: Malamar|130/275 tox|[from] item: Leftovers\n|-damage|p1a: Malamar|62/275 tox|[from] psn\n|upkeep\n|turn|15\n|\n|t:|1781415598\n|move|p1a: Malamar|Rest|p1a: Malamar\n|-status|p1a: Malamar|slp|[from] move: Rest\n|-heal|p1a: Malamar|275/275 slp|[silent]\n|move|p2a: Houndstone|Play Rough|p1a: Malamar\n|-supereffective|p1a: Malamar\n|-damage|p1a: Malamar|185/275 slp\n|\n|-heal|p1a: Malamar|202/275 slp|[from] item: Leftovers\n|upkeep\n|turn|16\n|\n|t:|1781415619\n|switch|p2a: Mienshao|Mienshao, L83, F|244/244\n|-damage|p2a: Mienshao|229/244|[from] Stealth Rock\n|cant|p1a: Malamar|slp\n|move|p1a: Malamar|Sleep Talk|p1a: Malamar\n|move|p1a: Malamar|Superpower|p2a: Mienshao|[from] move: Sleep Talk\n|-damage|p2a: Mienshao|82/244\n|-boost|p1a: Malamar|atk|1\n|-boost|p1a: Malamar|def|1\n|\n|-heal|p1a: Malamar|219/275 slp|[from] item: Leftovers\n|upkeep\n|turn|17\n|\n|t:|1781415630\n|move|p2a: Mienshao|Swords Dance|p2a: Mienshao\n|-boost|p2a: Mienshao|atk|2\n|cant|p1a: Malamar|slp\n|move|p1a: Malamar|Sleep Talk|p1a: Malamar\n|move|p1a: Malamar|Knock Off|p2a: Mienshao|[from] move: Sleep Talk\n|-resisted|p2a: Mienshao\n|-damage|p2a: Mienshao|0 fnt\n|-enditem|p2a: Mienshao|Life Orb|[from] move: Knock Off|[of] p1a: Malamar\n|faint|p2a: Mienshao\n|\n|-heal|p1a: Malamar|236/275 slp|[from] item: Leftovers\n|upkeep\n|c|\u2606PineappleCats|man I get rest 2 times in a row\n|c|\u2606PineappleCats|wtf\n|-message|PineappleCats forfeited.\n|\n|win|fetchy123\n|raw|fetchy123's rating: 1841 &rarr; <strong>1865</strong><br />(+24 for winning)\n|raw|PineappleCats's rating: 1904 &rarr; <strong>1880</strong><br />(-24 for losing)\n", "uploadtime": 1781415645, "views": 3, "formatid": "gen9randombattle", "rating": 1865, "private": 0, "password": null}