{"id": "gen9randombattle-2631574321", "format": "[Gen 9] Random Battle", "players": ["PJCDragon", "angsi"], "log": "|j|\u2606PJCDragon\n|j|\u2606angsi\n|t:|1781403306\n|gametype|singles\n|player|p1|PJCDragon|scientist|1960\n|player|p2|angsi|1|1910\n|gen|9\n|tier|[Gen 9] Random Battle\n|rated|\n|rule|Species Clause: Limit one of each Pok\u00e9mon\n|rule|HP Percentage Mod: HP is shown in percentages\n|rule|Sleep Clause Mod: Limit one foe put to sleep\n|rule|Illusion Level Mod: Illusion disguises the Pok\u00e9mon's true level\n|\n|t:|1781403306\n|teamsize|p1|6\n|teamsize|p2|6\n|start\n|switch|p1a: Volcanion|Volcanion, L79|255/255\n|switch|p2a: Gothitelle|Gothitelle, L90, M|272/272\n|turn|1\n|inactive|Battle timer is ON: inactive players will automatically lose when time's up. (requested by angsi)\n|\n|t:|1781403316\n|move|p2a: Gothitelle|Calm Mind|p2a: Gothitelle\n|-boost|p2a: Gothitelle|spa|1\n|-boost|p2a: Gothitelle|spd|1\n|move|p1a: Volcanion|Steam Eruption|p2a: Gothitelle\n|-damage|p2a: Gothitelle|176/272\n|\n|-heal|p2a: Gothitelle|193/272|[from] item: Leftovers\n|upkeep\n|turn|2\n|\n|t:|1781403319\n|move|p2a: Gothitelle|Calm Mind|p2a: Gothitelle\n|-boost|p2a: Gothitelle|spa|1\n|-boost|p2a: Gothitelle|spd|1\n|move|p1a: Volcanion|Steam Eruption|p2a: Gothitelle\n|-damage|p2a: Gothitelle|118/272\n|-status|p2a: Gothitelle|brn\n|\n|-heal|p2a: Gothitelle|135/272 brn|[from] item: Leftovers\n|-damage|p2a: Gothitelle|118/272 brn|[from] brn\n|upkeep\n|turn|3\n|\n|t:|1781403321\n|move|p2a: Gothitelle|Thunderbolt|p1a: Volcanion\n|-supereffective|p1a: Volcanion\n|-damage|p1a: Volcanion|0 fnt\n|faint|p1a: Volcanion\n|\n|-heal|p2a: Gothitelle|135/272 brn|[from] item: Leftovers\n|-damage|p2a: Gothitelle|118/272 brn|[from] brn\n|upkeep\n|\n|t:|1781403332\n|switch|p1a: Shiftry|Shiftry, L89, M|305/305\n|turn|4\n|\n|t:|1781403336\n|switch|p2a: Coalossal|Coalossal, L89, M|341/341\n|move|p1a: Shiftry|Knock Off|p2a: Coalossal\n|-crit|p2a: Coalossal\n|-damage|p2a: Coalossal|184/341\n|-enditem|p2a: Coalossal|Heavy-Duty Boots|[from] move: Knock Off|[of] p1a: Shiftry\n|-damage|p1a: Shiftry|275/305|[from] item: Life Orb\n|\n|upkeep\n|turn|5\n|\n|t:|1781403348\n|move|p1a: Shiftry|Tailwind|p1a: Shiftry\n|-sidestart|p1: PJCDragon|move: Tailwind\n|-ability|p1a: Shiftry|Wind Rider|boost\n|-boost|p1a: Shiftry|atk|1\n|move|p2a: Coalossal|Spikes|p1a: Shiftry\n|-sidestart|p1: PJCDragon|Spikes\n|\n|upkeep\n|turn|6\n|\n|t:|1781403361\n|move|p1a: Shiftry|Low Kick|p2a: Coalossal\n|-supereffective|p2a: Coalossal\n|-damage|p2a: Coalossal|0 fnt\n|faint|p2a: Coalossal\n|-damage|p1a: Shiftry|245/305|[from] item: Life Orb\n|\n|upkeep\n|\n|t:|1781403365\n|switch|p2a: Klefki|Klefki, L84, F|233/233\n|turn|7\n|\n|t:|1781403370\n|move|p1a: Shiftry|Knock Off|p2a: Klefki\n|-resisted|p2a: Klefki\n|-damage|p2a: Klefki|117/233\n|-enditem|p2a: Klefki|Leftovers|[from] move: Knock Off|[of] p1a: Shiftry\n|-damage|p1a: Shiftry|215/305|[from] item: Life Orb\n|move|p2a: Klefki|Dazzling Gleam|p1a: Shiftry\n|-supereffective|p1a: Shiftry\n|-damage|p1a: Shiftry|27/305\n|\n|upkeep\n|turn|8\n|\n|t:|1781403376\n|move|p2a: Klefki|Spikes|p1a: Shiftry\n|-sidestart|p1: PJCDragon|Spikes\n|move|p1a: Shiftry|Leaf Blade|p2a: Klefki\n|-resisted|p2a: Klefki\n|-damage|p2a: Klefki|8/233\n|-damage|p1a: Shiftry|0 fnt|[from] item: Life Orb\n|faint|p1a: Shiftry\n|\n|-sideend|p1: PJCDragon|move: Tailwind\n|upkeep\n|\n|t:|1781403385\n|switch|p1a: Sableye|Sableye, L88, F|231/231\n|-damage|p1a: Sableye|193/231|[from] Spikes\n|turn|9\n|\n|t:|1781403390\n|move|p2a: Klefki|Spikes|p1a: Sableye\n|-sidestart|p1: PJCDragon|Spikes\n|move|p1a: Sableye|Encore|p2a: Klefki\n|-start|p2a: Klefki|Encore\n|\n|-heal|p1a: Sableye|207/231|[from] item: Leftovers\n|upkeep\n|turn|10\n|\n|t:|1781403394\n|switch|p2a: Gothitelle|Gothitelle, L90, M|118/272 brn\n|move|p1a: Sableye|Knock Off|p2a: Gothitelle\n|-supereffective|p2a: Gothitelle\n|-damage|p2a: Gothitelle|0 fnt\n|-enditem|p2a: Gothitelle|Leftovers|[from] move: Knock Off|[of] p1a: Sableye\n|faint|p2a: Gothitelle\n|\n|-heal|p1a: Sableye|221/231|[from] item: Leftovers\n|upkeep\n|\n|t:|1781403402\n|switch|p2a: Heracross|Heracross, L80, F|259/259\n|turn|11\n|\n|t:|1781403407\n|move|p2a: Heracross|Knock Off|p1a: Sableye\n|-damage|p1a: Sableye|143/231\n|-enditem|p1a: Sableye|Leftovers|[from] move: Knock Off|[of] p2a: Heracross\n|move|p1a: Sableye|Knock Off|p2a: Heracross\n|-resisted|p2a: Heracross\n|-damage|p2a: Heracross|208/259\n|-enditem|p2a: Heracross|Flame Orb|[from] move: Knock Off|[of] p1a: Sableye\n|\n|upkeep\n|turn|12\n|\n|t:|1781403413\n|switch|p2a: Volbeat|Volbeat, L90, M|263/263\n|move|p1a: Sableye|Recover|p1a: Sableye\n|-heal|p1a: Sableye|231/231\n|\n|upkeep\n|turn|13\n|\n|t:|1781403418\n|move|p1a: Sableye|Will-O-Wisp|p2a: Volbeat\n|-status|p2a: Volbeat|brn\n|move|p2a: Volbeat|U-turn|p1a: Sableye\n|-damage|p1a: Sableye|192/231\n|\n|t:|1781403421\n|switch|p2a: Klefki|Klefki, L84, F|8/233|[from] U-turn\n|\n|upkeep\n|turn|14\n|\n|t:|1781403438\n|move|p1a: Sableye|Will-O-Wisp|p2a: Klefki|[miss]\n|-miss|p1a: Sableye|p2a: Klefki\n|move|p2a: Klefki|Dazzling Gleam|p1a: Sableye\n|-supereffective|p1a: Sableye\n|-damage|p1a: Sableye|22/231\n|\n|upkeep\n|turn|15\n|\n|t:|1781403444\n|move|p1a: Sableye|Will-O-Wisp|p2a: Klefki|[miss]\n|-miss|p1a: Sableye|p2a: Klefki\n|move|p2a: Klefki|Dazzling Gleam|p1a: Sableye\n|-supereffective|p1a: Sableye\n|-damage|p1a: Sableye|0 fnt\n|faint|p1a: Sableye\n|\n|upkeep\n|\n|t:|1781403446\n|switch|p1a: Regieleki|Regieleki, L79|256/256\n|-damage|p1a: Regieleki|192/256|[from] Spikes\n|turn|16\n|\n|t:|1781403453\n|switch|p2a: Chansey|Chansey, L85, F|564/564\n|move|p1a: Regieleki|Rapid Spin|p2a: Chansey\n|-damage|p2a: Chansey|489/564\n|-boost|p1a: Regieleki|spe|1\n|-sideend|p1: PJCDragon|Spikes|[from] move: Rapid Spin|[of] p1a: Regieleki\n|\n|upkeep\n|turn|17\n|\n|t:|1781403456\n|move|p1a: Regieleki|Volt Switch|p2a: Chansey\n|-damage|p2a: Chansey|425/564\n|\n|t:|1781403460\n|switch|p1a: Zekrom|Zekrom, L71|259/259|[from] Volt Switch\n|-ability|p1a: Zekrom|Teravolt\n|move|p2a: Chansey|Stealth Rock|p1a: Zekrom\n|-sidestart|p1: PJCDragon|move: Stealth Rock\n|\n|upkeep\n|turn|18\n|\n|t:|1781403465\n|switch|p2a: Volbeat|Volbeat, L90, M|263/263 brn\n|move|p1a: Zekrom|Substitute|p1a: Zekrom\n|-start|p1a: Zekrom|Substitute\n|-damage|p1a: Zekrom|195/259\n|\n|-heal|p1a: Zekrom|211/259|[from] item: Leftovers\n|-damage|p2a: Volbeat|247/263 brn|[from] brn\n|upkeep\n|turn|19\n|\n|t:|1781403471\n|move|p2a: Volbeat|Encore|p1a: Zekrom\n|-start|p1a: Zekrom|Encore\n|move|p1a: Zekrom|Substitute|p1a: Zekrom\n|-fail|p1a: Zekrom|move: Substitute\n|\n|-heal|p1a: Zekrom|227/259|[from] item: Leftovers\n|-damage|p2a: Volbeat|231/263 brn|[from] brn\n|upkeep\n|turn|20\n|\n|t:|1781403473\n|move|p2a: Volbeat|U-turn|p1a: Zekrom\n|-activate|p1a: Zekrom|move: Substitute|[damage]\n|\n|t:|1781403475\n|switch|p2a: Heracross|Heracross, L80, F|208/259|[from] U-turn\n|move|p1a: Zekrom|Substitute|p1a: Zekrom\n|-fail|p1a: Zekrom|move: Substitute\n|\n|-heal|p1a: Zekrom|243/259|[from] item: Leftovers\n|upkeep\n|turn|21\n|\n|t:|1781403479\n|move|p2a: Heracross|Facade|p1a: Zekrom\n|-end|p1a: Zekrom|Substitute\n|move|p1a: Zekrom|Substitute|p1a: Zekrom\n|-start|p1a: Zekrom|Substitute\n|-damage|p1a: Zekrom|179/259\n|\n|-heal|p1a: Zekrom|195/259|[from] item: Leftovers\n|-end|p1a: Zekrom|Encore\n|upkeep\n|turn|22\n|\n|t:|1781403483\n|move|p2a: Heracross|Close Combat|p1a: Zekrom\n|-end|p1a: Zekrom|Substitute\n|-unboost|p2a: Heracross|def|1\n|-unboost|p2a: Heracross|spd|1\n|move|p1a: Zekrom|Dragon Dance|p1a: Zekrom\n|-boost|p1a: Zekrom|atk|1\n|-boost|p1a: Zekrom|spe|1\n|\n|-heal|p1a: Zekrom|211/259|[from] item: Leftovers\n|upkeep\n|turn|23\n|\n|t:|1781403489\n|move|p1a: Zekrom|Bolt Strike|p2a: Heracross\n|-damage|p2a: Heracross|0 fnt\n|faint|p2a: Heracross\n|\n|-heal|p1a: Zekrom|227/259|[from] item: Leftovers\n|upkeep\n|\n|t:|1781403494\n|switch|p2a: Chansey|Chansey, L85, F|425/564\n|turn|24\n|\n|t:|1781403513\n|move|p1a: Zekrom|Bolt Strike|p2a: Chansey|[miss]\n|-miss|p1a: Zekrom|p2a: Chansey\n|move|p2a: Chansey|Seismic Toss|p1a: Zekrom\n|-damage|p1a: Zekrom|142/259\n|\n|-heal|p1a: Zekrom|158/259|[from] item: Leftovers\n|upkeep\n|turn|25\n|\n|t:|1781403518\n|move|p1a: Zekrom|Bolt Strike|p2a: Chansey\n|-damage|p2a: Chansey|0 fnt\n|faint|p2a: Chansey\n|\n|-heal|p1a: Zekrom|174/259|[from] item: Leftovers\n|upkeep\n|\n|t:|1781403521\n|switch|p2a: Klefki|Klefki, L84, F|8/233\n|turn|26\n|-message|angsi forfeited.\n|\n|win|PJCDragon\n", "uploadtime": 1781403308, "views": 3, "formatid": "gen9randombattle", "rating": null, "private": 0, "password": null}