{"id": "gen9randombattle-2631798534", "format": "[Gen 9] Random Battle", "players": ["II Armando II", "Isitshine11"], "log": "|j|\u2606II Armando II\n|j|\u2606Isitshine11\n|t:|1781441280\n|gametype|singles\n|player|p1|II Armando II|hilbert|2084\n|player|p2|Isitshine11|medium|2038\n|gen|9\n|tier|[Gen 9] Random Battle\n|rated|\n|rule|Species Clause: Limit one of each Pok\u00e9mon\n|rule|HP Percentage Mod: HP is shown in percentages\n|rule|Sleep Clause Mod: Limit one foe put to sleep\n|rule|Illusion Level Mod: Illusion disguises the Pok\u00e9mon's true level\n|\n|t:|1781441280\n|teamsize|p1|6\n|teamsize|p2|6\n|start\n|switch|p1a: Bellibolt|Bellibolt, L84, F|320/320\n|switch|p2a: Slaking|Slaking, L84, M|389/389\n|turn|1\n|inactive|Battle timer is ON: inactive players will automatically lose when time's up. (requested by Isitshine11)\n|\n|t:|1781441293\n|switch|p1a: Hippowdon|Hippowdon, L82, M|311/311\n|-weather|Sandstorm|[from] ability: Sand Stream|[of] p1a: Hippowdon\n|move|p2a: Slaking|Double-Edge|p1a: Hippowdon\n|-damage|p1a: Hippowdon|89/311\n|-damage|p2a: Slaking|316/389|[from] Recoil\n|\n|-weather|Sandstorm|[upkeep]\n|-damage|p2a: Slaking|292/389|[from] Sandstorm\n|-heal|p1a: Hippowdon|108/311|[from] item: Leftovers\n|upkeep\n|turn|2\n|\n|t:|1781441303\n|switch|p2a: Froslass|Froslass, L87, F|263/263\n|move|p1a: Hippowdon|Slack Off|p1a: Hippowdon\n|-heal|p1a: Hippowdon|264/311\n|\n|-weather|Sandstorm|[upkeep]\n|-damage|p2a: Froslass|247/263|[from] Sandstorm\n|-heal|p1a: Hippowdon|283/311|[from] item: Leftovers\n|upkeep\n|turn|3\n|\n|t:|1781441315\n|switch|p1a: Farigiraf|Farigiraf, L90, M|362/362\n|move|p2a: Froslass|Spikes|p1a: Farigiraf\n|-sidestart|p1: II Armando II|Spikes\n|\n|-weather|Sandstorm|[upkeep]\n|-damage|p2a: Froslass|231/263|[from] Sandstorm\n|-damage|p1a: Farigiraf|340/362|[from] Sandstorm\n|-heal|p1a: Farigiraf|362/362|[from] item: Leftovers\n|upkeep\n|turn|4\n|\n|t:|1781441325\n|switch|p2a: Oinkologne|Oinkologne-F, L92, F|361/361\n|move|p1a: Farigiraf|Psychic Noise|p2a: Oinkologne\n|-damage|p2a: Oinkologne|277/361\n|-start|p2a: Oinkologne|move: Heal Block\n|\n|-weather|Sandstorm|[upkeep]\n|-damage|p2a: Oinkologne|255/361|[from] Sandstorm\n|-damage|p1a: Farigiraf|340/362|[from] Sandstorm\n|-heal|p1a: Farigiraf|362/362|[from] item: Leftovers\n|upkeep\n|turn|5\n|\n|t:|1781441334\n|move|p2a: Oinkologne|Body Slam|p1a: Farigiraf\n|-damage|p1a: Farigiraf|253/362\n|move|p1a: Farigiraf|Psychic Noise|p2a: Oinkologne\n|-damage|p2a: Oinkologne|165/361\n|\n|-weather|none\n|-heal|p1a: Farigiraf|275/362|[from] item: Leftovers\n|-end|p2a: Oinkologne|move: Heal Block\n|upkeep\n|turn|6\n|\n|t:|1781441339\n|move|p2a: Oinkologne|Lash Out|p1a: Farigiraf\n|-supereffective|p1a: Farigiraf\n|-damage|p1a: Farigiraf|133/362\n|move|p1a: Farigiraf|Psychic Noise|p2a: Oinkologne\n|-damage|p2a: Oinkologne|77/361\n|-start|p2a: Oinkologne|move: Heal Block\n|\n|-heal|p1a: Farigiraf|155/362|[from] item: Leftovers\n|upkeep\n|turn|7\n|\n|t:|1781441344\n|move|p2a: Oinkologne|Body Slam|p1a: Farigiraf\n|-damage|p1a: Farigiraf|47/362\n|move|p1a: Farigiraf|Psychic Noise|p2a: Oinkologne\n|-damage|p2a: Oinkologne|0 fnt\n|faint|p2a: Oinkologne\n|\n|-heal|p1a: Farigiraf|69/362|[from] item: Leftovers\n|upkeep\n|\n|t:|1781441355\n|switch|p2a: Froslass|Froslass, L87, F|231/263\n|turn|8\n|\n|t:|1781441362\n|move|p2a: Froslass|Triple Axel|p1a: Farigiraf\n|-damage|p1a: Farigiraf|47/362\n|-damage|p1a: Farigiraf|5/362\n|-crit|p1a: Farigiraf\n|-damage|p1a: Farigiraf|0 fnt\n|faint|p1a: Farigiraf\n|-hitcount|p1: Farigiraf|3\n|\n|upkeep\n|\n|t:|1781441365\n|switch|p1a: Bellibolt|Bellibolt, L84, F|320/320\n|-damage|p1a: Bellibolt|280/320|[from] Spikes\n|turn|9\n|\n|t:|1781441370\n|move|p2a: Froslass|Spikes|p1a: Bellibolt\n|-sidestart|p1: II Armando II|Spikes\n|move|p1a: Bellibolt|Thunderbolt|p2a: Froslass\n|-damage|p2a: Froslass|114/263\n|-status|p2a: Froslass|par\n|-start|p1a: Bellibolt|Disable|Thunderbolt|[from] ability: Cursed Body|[of] p2a: Froslass\n|\n|-heal|p1a: Bellibolt|300/320|[from] item: Leftovers\n|upkeep\n|turn|10\n|inactive|II Armando II has 120 seconds left.\n|\n|t:|1781441409\n|move|p1a: Bellibolt|Muddy Water|p2a: Froslass\n|-damage|p2a: Froslass|35/263 par\n|move|p2a: Froslass|Destiny Bond|p2a: Froslass\n|-singlemove|p2a: Froslass|Destiny Bond\n|\n|-heal|p1a: Bellibolt|320/320|[from] item: Leftovers\n|upkeep\n|turn|11\n|\n|t:|1781441413\n|move|p1a: Bellibolt|Slack Off||[still]\n|-fail|p1a: Bellibolt|heal\n|move|p2a: Froslass|Spikes|p1a: Bellibolt\n|-sidestart|p1: II Armando II|Spikes\n|\n|upkeep\n|turn|12\n|\n|t:|1781441419\n|move|p1a: Bellibolt|Muddy Water|p2a: Froslass|[miss]\n|-miss|p1a: Bellibolt|p2a: Froslass\n|move|p2a: Froslass|Spikes||[still]\n|-fail|p2a: Froslass\n|\n|-end|p1a: Bellibolt|Disable\n|upkeep\n|turn|13\n|\n|t:|1781441422\n|move|p1a: Bellibolt|Muddy Water|p2a: Froslass\n|-damage|p2a: Froslass|0 fnt\n|faint|p2a: Froslass\n|\n|upkeep\n|\n|t:|1781441426\n|switch|p2a: Slaking|Slaking, L84, M|292/389\n|turn|14\n|\n|t:|1781441430\n|move|p2a: Slaking|Giga Impact|p1a: Bellibolt\n|-damage|p1a: Bellibolt|0 fnt\n|-mustrecharge|p2a: Slaking\n|faint|p1a: Bellibolt\n|\n|upkeep\n|\n|t:|1781441434\n|switch|p1a: Oricorio|Oricorio-Sensu, L85, M|266/266\n|turn|15\n|\n|t:|1781441437\n|cant|p2a: Slaking|recharge\n|move|p1a: Oricorio|Quiver Dance|p1a: Oricorio\n|-boost|p1a: Oricorio|spa|1\n|-boost|p1a: Oricorio|spd|1\n|-boost|p1a: Oricorio|spe|1\n|\n|upkeep\n|turn|16\n|\n|t:|1781441442\n|switch|p2a: Skeledirge|Skeledirge, L79, M|294/294\n|move|p1a: Oricorio|Quiver Dance|p1a: Oricorio\n|-boost|p1a: Oricorio|spa|1\n|-boost|p1a: Oricorio|spd|1\n|-boost|p1a: Oricorio|spe|1\n|\n|upkeep\n|turn|17\n|\n|t:|1781441449\n|-terastallize|p2a: Skeledirge|Fairy\n|move|p1a: Oricorio|Revelation Dance|p2a: Skeledirge\n|-damage|p2a: Skeledirge|176/294\n|move|p2a: Skeledirge|Torch Song|p1a: Oricorio\n|-damage|p1a: Oricorio|163/266\n|-boost|p2a: Skeledirge|spa|1\n|\n|upkeep\n|turn|18\n|\n|t:|1781441461\n|-terastallize|p1a: Oricorio|Fighting\n|move|p1a: Oricorio|Hurricane|p2a: Skeledirge\n|-damage|p2a: Skeledirge|35/294\n|-start|p2a: Skeledirge|confusion\n|-activate|p2a: Skeledirge|confusion\n|move|p2a: Skeledirge|Slack Off|p2a: Skeledirge\n|-heal|p2a: Skeledirge|182/294\n|\n|upkeep\n|turn|19\n|\n|t:|1781441479\n|switch|p2a: Slaking|Slaking, L84, M|292/389\n|move|p1a: Oricorio|Hurricane|p2a: Slaking\n|-damage|p2a: Slaking|0 fnt\n|faint|p2a: Slaking\n|\n|upkeep\n|\n|t:|1781441481\n|switch|p2a: Iron Boulder|Iron Boulder, L77|265/265\n|-enditem|p2a: Iron Boulder|Booster Energy\n|-activate|p2a: Iron Boulder|ability: Quark Drive|[fromitem]\n|-start|p2a: Iron Boulder|quarkdrivespe\n|turn|20\n|\n|t:|1781441489\n|move|p1a: Oricorio|Revelation Dance|p2a: Iron Boulder\n|-damage|p2a: Iron Boulder|79/265\n|move|p2a: Iron Boulder|Zen Headbutt|p1a: Oricorio\n|-supereffective|p1a: Oricorio\n|-damage|p1a: Oricorio|0 fnt\n|faint|p1a: Oricorio\n|\n|upkeep\n|\n|t:|1781441497\n|switch|p1a: Hippowdon|Hippowdon, L82, M|283/311\n|-damage|p1a: Hippowdon|206/311|[from] Spikes\n|-weather|Sandstorm|[from] ability: Sand Stream|[of] p1a: Hippowdon\n|turn|21\n|\n|t:|1781441509\n|-end|p2a: Iron Boulder|Quark Drive|[silent]\n|switch|p2a: Ogerpon|Ogerpon, L80, F|259/259\n|move|p1a: Hippowdon|Earthquake|p2a: Ogerpon\n|-resisted|p2a: Ogerpon\n|-damage|p2a: Ogerpon|204/259\n|\n|-weather|Sandstorm|[upkeep]\n|-damage|p2a: Ogerpon|188/259|[from] Sandstorm\n|-heal|p1a: Hippowdon|225/311|[from] item: Leftovers\n|upkeep\n|turn|22\n|\n|t:|1781441520\n|switch|p1a: Scream Tail|Scream Tail, L84|330/330\n|-damage|p1a: Scream Tail|248/330|[from] Spikes\n|move|p2a: Ogerpon|Knock Off|p1a: Scream Tail\n|-damage|p1a: Scream Tail|179/330\n|-enditem|p1a: Scream Tail|Leftovers|[from] move: Knock Off|[of] p2a: Ogerpon\n|\n|-weather|Sandstorm|[upkeep]\n|-damage|p1a: Scream Tail|159/330|[from] Sandstorm\n|-damage|p2a: Ogerpon|172/259|[from] Sandstorm\n|upkeep\n|turn|23\n|\n|t:|1781441528\n|move|p1a: Scream Tail|Thunder Wave|p2a: Ogerpon\n|-status|p2a: Ogerpon|par\n|cant|p2a: Ogerpon|par\n|\n|-weather|Sandstorm|[upkeep]\n|-damage|p1a: Scream Tail|139/330|[from] Sandstorm\n|-damage|p2a: Ogerpon|156/259 par|[from] Sandstorm\n|upkeep\n|turn|24\n|\n|t:|1781441533\n|move|p1a: Scream Tail|Wish|p1a: Scream Tail\n|move|p2a: Ogerpon|Ivy Cudgel|p1a: Scream Tail\n|-damage|p1a: Scream Tail|34/330\n|\n|-weather|Sandstorm|[upkeep]\n|-damage|p1a: Scream Tail|14/330|[from] Sandstorm\n|-damage|p2a: Ogerpon|140/259 par|[from] Sandstorm\n|upkeep\n|turn|25\n|\n|t:|1781441542\n|-end|p1a: Scream Tail|Protosynthesis|[silent]\n|switch|p1a: Magearna|Magearna, L77|250/250\n|-damage|p1a: Magearna|188/250|[from] Spikes\n|move|p2a: Ogerpon|Ivy Cudgel|p1a: Magearna\n|-resisted|p1a: Magearna\n|-damage|p1a: Magearna|134/250\n|\n|-weather|none\n|-heal|p1a: Magearna|250/250|[from] move: Wish|[wisher] Scream Tail\n|upkeep\n|turn|26\n|\n|t:|1781441550\n|move|p1a: Magearna|Shift Gear|p1a: Magearna\n|-boost|p1a: Magearna|spe|2\n|-boost|p1a: Magearna|atk|1\n|move|p2a: Ogerpon|U-turn|p1a: Magearna\n|-resisted|p1a: Magearna\n|-damage|p1a: Magearna|238/250\n|\n|t:|1781441553\n|switch|p2a: Skeledirge|Skeledirge, L79, M, tera:Fairy|182/294|[from] U-turn\n|\n|upkeep\n|turn|27\n|\n|t:|1781441559\n|move|p1a: Magearna|Iron Head|p2a: Skeledirge\n|-supereffective|p2a: Skeledirge\n|-damage|p2a: Skeledirge|48/294\n|move|p2a: Skeledirge|Torch Song|p1a: Magearna\n|-supereffective|p1a: Magearna\n|-damage|p1a: Magearna|94/250\n|-boost|p2a: Skeledirge|spa|1\n|-enditem|p1a: Magearna|Weakness Policy\n|-boost|p1a: Magearna|atk|2|[from] item: Weakness Policy\n|-boost|p1a: Magearna|spa|2|[from] item: Weakness Policy\n|\n|upkeep\n|turn|28\n|\n|t:|1781441564\n|move|p1a: Magearna|Iron Head|p2a: Skeledirge\n|-supereffective|p2a: Skeledirge\n|-damage|p2a: Skeledirge|0 fnt\n|faint|p2a: Skeledirge\n|-ability|p1a: Magearna|Soul-Heart|boost\n|-boost|p1a: Magearna|spa|1\n|\n|upkeep\n|-message|Isitshine11 forfeited.\n|\n|win|II Armando II\n", "uploadtime": 1781441282, "views": 4, "formatid": "gen9randombattle", "rating": null, "private": 0, "password": null}