{"id": "gen9randombattle-2631809928", "format": "[Gen 9] Random Battle", "players": ["Daruma", "Emkatt"], "log": "|badge|p2|bronze|gen9randombattle|100-9\n|uhtml|medal-msg|<div class=\"broadcast-blue\">Curious what those medals under the avatar are? PS now has Ladder Seasons! For more information, check out the <a href=\"https://www.smogon.com/forums/threads/3740067/\">thread on Smogon.</a></div>\n|j|\u2606Daruma\n|j|\u2606Emkatt\n|t:|1781442908\n|gametype|singles\n|player|p1|Daruma|#ruplixsleekslushrushers|2191\n|player|p2|Emkatt|acetrainer-gen2|2354\n|gen|9\n|tier|[Gen 9] Random Battle\n|rated|\n|rule|Species Clause: Limit one of each Pok\u00e9mon\n|rule|HP Percentage Mod: HP is shown in percentages\n|rule|Sleep Clause Mod: Limit one foe put to sleep\n|rule|Illusion Level Mod: Illusion disguises the Pok\u00e9mon's true level\n|\n|t:|1781442908\n|teamsize|p1|6\n|teamsize|p2|6\n|start\n|switch|p1a: Terrakion|Terrakion, L79|273/273\n|switch|p2a: Jolteon|Jolteon, L84, F|246/246\n|turn|1\n|\n|t:|1781442916\n|move|p2a: Jolteon|Volt Switch|p1a: Terrakion\n|-damage|p1a: Terrakion|149/273\n|inactive|Battle timer is ON: inactive players will automatically lose when time's up. (requested by Daruma)\n|\n|t:|1781442928\n|switch|p2a: Spiritomb|Spiritomb, L89, F|234/234|[from] Volt Switch\n|move|p1a: Terrakion|Earthquake|p2a: Spiritomb\n|-damage|p2a: Spiritomb|159/234\n|-damage|p1a: Terrakion|122/273|[from] item: Life Orb\n|\n|-heal|p2a: Spiritomb|173/234|[from] item: Leftovers\n|upkeep\n|turn|2\n|\n|t:|1781442938\n|switch|p1a: Forretress|Forretress, L84, M|263/263\n|move|p2a: Spiritomb|Poltergeist|p1a: Forretress\n|-activate|p1a: Forretress|move: Poltergeist|Leftovers\n|-damage|p1a: Forretress|178/263\n|\n|-heal|p1a: Forretress|194/263|[from] item: Leftovers\n|-heal|p2a: Spiritomb|187/234|[from] item: Leftovers\n|upkeep\n|turn|3\n|\n|t:|1781442961\n|move|p1a: Forretress|Stealth Rock|p2a: Spiritomb\n|-sidestart|p2: Emkatt|move: Stealth Rock\n|move|p2a: Spiritomb|Poltergeist|p1a: Forretress\n|-activate|p1a: Forretress|move: Poltergeist|Leftovers\n|-damage|p1a: Forretress|115/263\n|\n|-heal|p1a: Forretress|131/263|[from] item: Leftovers\n|-heal|p2a: Spiritomb|201/234|[from] item: Leftovers\n|upkeep\n|turn|4\n|\n|t:|1781442966\n|switch|p2a: Jolteon|Jolteon, L84, F|246/246\n|-damage|p2a: Jolteon|216/246|[from] Stealth Rock\n|move|p1a: Forretress|Spikes|p2a: Jolteon\n|-sidestart|p2: Emkatt|Spikes\n|\n|-heal|p1a: Forretress|147/263|[from] item: Leftovers\n|upkeep\n|turn|5\n|\n|t:|1781442974\n|move|p2a: Jolteon|Thunderbolt|p1a: Forretress\n|-damage|p1a: Forretress|0 fnt\n|faint|p1a: Forretress\n|\n|upkeep\n|\n|t:|1781442978\n|switch|p1a: Sawsbuck|Sawsbuck-Autumn, L88, F|284/284\n|turn|6\n|\n|t:|1781442984\n|switch|p2a: Toucannon|Toucannon, L88, F|284/284\n|move|p1a: Sawsbuck|Swords Dance|p1a: Sawsbuck\n|-boost|p1a: Sawsbuck|atk|2\n|\n|upkeep\n|turn|7\n|\n|t:|1781442989\n|-singleturn|p2a: Toucannon|move: Beak Blast\n|move|p1a: Sawsbuck|Headbutt|p2a: Toucannon\n|-damage|p2a: Toucannon|42/284\n|-status|p1a: Sawsbuck|brn\n|-damage|p1a: Sawsbuck|256/284 brn|[from] item: Life Orb\n|move|p2a: Toucannon|Beak Blast|p1a: Sawsbuck\n|-supereffective|p1a: Sawsbuck\n|-damage|p1a: Sawsbuck|0 fnt\n|faint|p1a: Sawsbuck\n|\n|upkeep\n|\n|t:|1781442998\n|switch|p1a: Terrakion|Terrakion, L79|122/273\n|turn|8\n|\n|t:|1781443011\n|-singleturn|p2a: Toucannon|move: Beak Blast\n|move|p1a: Terrakion|Stone Edge|p2a: Toucannon\n|-supereffective|p2a: Toucannon\n|-damage|p2a: Toucannon|0 fnt\n|faint|p2a: Toucannon\n|-damage|p1a: Terrakion|95/273|[from] item: Life Orb\n|\n|upkeep\n|\n|t:|1781443020\n|switch|p2a: Jolteon|Jolteon, L84, F|216/246\n|-damage|p2a: Jolteon|186/246|[from] Stealth Rock\n|-damage|p2a: Jolteon|156/246|[from] Spikes\n|turn|9\n|\n|t:|1781443033\n|move|p2a: Jolteon|Thunderbolt|p1a: Terrakion\n|-damage|p1a: Terrakion|0 fnt\n|faint|p1a: Terrakion\n|\n|upkeep\n|\n|t:|1781443037\n|switch|p1a: Cacturne|Cacturne, L92, M|278/278\n|turn|10\n|inactive|Emkatt has 120 seconds left.\n|\n|t:|1781443077\n|move|p2a: Jolteon|Thunderbolt|p1a: Cacturne\n|-resisted|p1a: Cacturne\n|-damage|p1a: Cacturne|176/278\n|move|p1a: Cacturne|Knock Off|p2a: Jolteon\n|-damage|p2a: Jolteon|0 fnt\n|-enditem|p2a: Jolteon|Choice Specs|[from] move: Knock Off|[of] p1a: Cacturne\n|faint|p2a: Jolteon\n|-damage|p1a: Cacturne|149/278|[from] item: Life Orb\n|\n|upkeep\n|\n|t:|1781443097\n|switch|p2a: Frosmoth|Frosmoth, L82, M|249/249\n|turn|11\n|\n|t:|1781443117\n|move|p1a: Cacturne|Sucker Punch|p2a: Frosmoth\n|-damage|p2a: Frosmoth|68/249\n|-damage|p1a: Cacturne|122/278|[from] item: Life Orb\n|move|p2a: Frosmoth|Ice Beam|p1a: Cacturne\n|-supereffective|p1a: Cacturne\n|-damage|p1a: Cacturne|0 fnt\n|faint|p1a: Cacturne\n|\n|upkeep\n|inactive|Daruma has 120 seconds left.\n|\n|t:|1781443134\n|switch|p1a: Veluza|Veluza, L85, F|292/292\n|turn|12\n|inactive|Emkatt has 120 seconds left.\n|\n|t:|1781443144\n|move|p1a: Veluza|Aqua Cutter|p2a: Frosmoth\n|-damage|p2a: Frosmoth|0 fnt\n|faint|p2a: Frosmoth\n|\n|upkeep\n|inactive|Emkatt has 120 seconds left.\n|\n|t:|1781443178\n|switch|p2a: Spiritomb|Spiritomb, L89, F|201/234\n|-damage|p2a: Spiritomb|172/234|[from] Stealth Rock\n|-damage|p2a: Spiritomb|143/234|[from] Spikes\n|turn|13\n|\n|t:|1781443185\n|switch|p1a: Zacian|Zacian, L69|241/241\n|-ability|p1a: Zacian|Intrepid Sword|boost\n|-boost|p1a: Zacian|atk|1\n|move|p2a: Spiritomb|Poltergeist|p1a: Zacian\n|-activate|p1a: Zacian|move: Poltergeist|Life Orb\n|-damage|p1a: Zacian|120/241\n|\n|-heal|p2a: Spiritomb|157/234|[from] item: Leftovers\n|upkeep\n|turn|14\n|inactive|Emkatt has 90 seconds left.\n|\n|t:|1781443208\n|switch|p2a: Armarouge|Armarouge, L80, F|267/267\n|-damage|p2a: Armarouge|201/267|[from] Stealth Rock\n|-damage|p2a: Armarouge|168/267|[from] Spikes\n|move|p1a: Zacian|Play Rough|p2a: Armarouge\n|-resisted|p2a: Armarouge\n|-damage|p2a: Armarouge|90/267\n|-ability|p2a: Armarouge|Weak Armor|boost\n|-unboost|p2a: Armarouge|def|1\n|-boost|p2a: Armarouge|spe|2\n|-damage|p1a: Zacian|96/241|[from] item: Life Orb\n|\n|upkeep\n|turn|15\n|inactive|Emkatt has 90 seconds left.\n|\n|t:|1781443221\n|move|p2a: Armarouge|Meteor Beam||[still]\n|-prepare|p2a: Armarouge|Meteor Beam\n|-boost|p2a: Armarouge|spa|1\n|-enditem|p2a: Armarouge|Power Herb\n|-anim|p2a: Armarouge|Meteor Beam|p1a: Zacian\n|-damage|p1a: Zacian|0 fnt\n|faint|p1a: Zacian\n|\n|upkeep\n|\n|t:|1781443223\n|switch|p1a: Veluza|Veluza, L85, F|292/292\n|turn|16\n|\n|t:|1781443234\n|move|p2a: Armarouge|Energy Ball|p1a: Veluza\n|-supereffective|p1a: Veluza\n|-damage|p1a: Veluza|22/292\n|-enditem|p1a: Veluza|Sitrus Berry|[eat]\n|-heal|p1a: Veluza|95/292|[from] item: Sitrus Berry\n|move|p1a: Veluza|Fillet Away||[still]\n|-fail|p1a: Veluza\n|\n|upkeep\n|turn|17\n|-message|Daruma forfeited.\n|\n|win|Emkatt\n", "uploadtime": 1781442909, "views": 3, "formatid": "gen9randombattle", "rating": null, "private": 0, "password": null}