{"id": "gen9randombattle-2631424409", "format": "[Gen 9] Random Battle", "players": ["AdvancedWelfare", "Siouxforever1"], "log": "|j|\u2606AdvancedWelfare\n|j|\u2606Siouxforever1\n|t:|1781382980\n|gametype|singles\n|player|p1|AdvancedWelfare|ghetsis|1923\n|player|p2|Siouxforever1|101|1967\n|gen|9\n|tier|[Gen 9] Random Battle\n|rated|\n|rule|Species Clause: Limit one of each Pok\u00e9mon\n|rule|HP Percentage Mod: HP is shown in percentages\n|rule|Sleep Clause Mod: Limit one foe put to sleep\n|rule|Illusion Level Mod: Illusion disguises the Pok\u00e9mon's true level\n|\n|t:|1781382980\n|teamsize|p1|6\n|teamsize|p2|6\n|start\n|switch|p1a: Baxcalibur|Baxcalibur, L75, M|295/295\n|switch|p2a: Kingambit|Kingambit, L74, M|270/270\n|turn|1\n|\n|t:|1781382999\n|move|p1a: Baxcalibur|Earthquake|p2a: Kingambit\n|-supereffective|p2a: Kingambit\n|-damage|p2a: Kingambit|64/270\n|move|p2a: Kingambit|Swords Dance|p2a: Kingambit\n|-boost|p2a: Kingambit|atk|2\n|\n|-heal|p2a: Kingambit|80/270|[from] item: Leftovers\n|upkeep\n|turn|2\n|\n|t:|1781383014\n|-end|p2a: Kingambit|fallenundefined|[silent]\n|switch|p2a: Squawkabilly|Squawkabilly-Blue, L85, M|278/278\n|move|p1a: Baxcalibur|Earthquake|p2a: Squawkabilly\n|-immune|p2a: Squawkabilly\n|\n|-status|p2a: Squawkabilly|brn|[from] item: Flame Orb\n|upkeep\n|turn|3\n|\n|t:|1781383023\n|switch|p1a: Braviary|Braviary-Hisui, L85, M|326/326\n|move|p2a: Squawkabilly|U-turn|p1a: Braviary\n|-damage|p1a: Braviary|237/326\n|\n|t:|1781383032\n|switch|p2a: Dewgong|Dewgong, L94, F|322/322|[from] U-turn\n|\n|upkeep\n|turn|4\n|\n|t:|1781383041\n|switch|p1a: Baxcalibur|Baxcalibur, L75, M|295/295\n|move|p2a: Dewgong|Flip Turn|p1a: Baxcalibur\n|-resisted|p1a: Baxcalibur\n|-damage|p1a: Baxcalibur|259/295\n|\n|t:|1781383051\n|switch|p2a: Zamazenta|Zamazenta, L71|248/248|[from] Flip Turn\n|-ability|p2a: Zamazenta|Dauntless Shield|boost\n|-boost|p2a: Zamazenta|def|1\n|\n|upkeep\n|turn|5\n|\n|t:|1781383075\n|move|p2a: Zamazenta|Iron Defense|p2a: Zamazenta\n|-boost|p2a: Zamazenta|def|2\n|move|p1a: Baxcalibur|Icicle Crash|p2a: Zamazenta\n|-damage|p2a: Zamazenta|190/248\n|\n|-heal|p2a: Zamazenta|205/248|[from] item: Leftovers\n|upkeep\n|turn|6\n|\n|t:|1781383085\n|switch|p1a: Braviary|Braviary-Hisui, L85, M|237/326\n|move|p2a: Zamazenta|Crunch|p1a: Braviary\n|-supereffective|p1a: Braviary\n|-damage|p1a: Braviary|119/326\n|\n|-heal|p2a: Zamazenta|220/248|[from] item: Leftovers\n|upkeep\n|turn|7\n|\n|t:|1781383096\n|-terastallize|p1a: Braviary|Fairy\n|move|p2a: Zamazenta|Stone Edge|p1a: Braviary\n|-damage|p1a: Braviary|46/326\n|move|p1a: Braviary|Agility|p1a: Braviary\n|-boost|p1a: Braviary|spe|2\n|\n|-heal|p2a: Zamazenta|235/248|[from] item: Leftovers\n|upkeep\n|turn|8\n|\n|t:|1781383108\n|switch|p2a: Kingambit|Kingambit, L74, M|80/270\n|move|p1a: Braviary|Hurricane|p2a: Kingambit\n|-resisted|p2a: Kingambit\n|-damage|p2a: Kingambit|0 fnt\n|faint|p2a: Kingambit\n|-end|p2a: Kingambit|fallenundefined|[silent]\n|\n|upkeep\n|\n|t:|1781383118\n|switch|p2a: Squawkabilly|Squawkabilly-Blue, L85, M|278/278 brn\n|turn|9\n|\n|t:|1781383153\n|switch|p1a: Baxcalibur|Baxcalibur, L75, M|259/295\n|move|p2a: Squawkabilly|Quick Attack|p1a: Baxcalibur\n|-damage|p1a: Baxcalibur|192/295\n|\n|-damage|p2a: Squawkabilly|261/278 brn|[from] brn\n|upkeep\n|turn|10\n|\n|t:|1781383159\n|move|p2a: Squawkabilly|U-turn|p1a: Baxcalibur\n|-damage|p1a: Baxcalibur|112/295\n|\n|t:|1781383163\n|switch|p2a: Dewgong|Dewgong, L94, F|322/322|[from] U-turn\n|move|p1a: Baxcalibur|Glaive Rush|p2a: Dewgong\n|-damage|p2a: Dewgong|120/322\n|-singlemove|p1a: Baxcalibur|Glaive Rush|[silent]\n|\n|upkeep\n|turn|11\n|\n|t:|1781383177\n|move|p2a: Dewgong|Flip Turn|p1a: Baxcalibur\n|-resisted|p1a: Baxcalibur\n|-damage|p1a: Baxcalibur|50/295\n|\n|t:|1781383189\n|switch|p2a: Mew|Mew, L82|298/298|[from] Flip Turn\n|move|p1a: Baxcalibur|Glaive Rush|p2a: Mew\n|-damage|p2a: Mew|85/298\n|-singlemove|p1a: Baxcalibur|Glaive Rush|[silent]\n|\n|upkeep\n|turn|12\n|\n|t:|1781383199\n|move|p2a: Mew|Psyshock|p1a: Baxcalibur\n|-damage|p1a: Baxcalibur|0 fnt\n|faint|p1a: Baxcalibur\n|-damage|p2a: Mew|56/298|[from] item: Life Orb\n|\n|upkeep\n|\n|t:|1781383208\n|switch|p1a: Latios|Latios, L78, M|253/253\n|turn|13\n|\n|t:|1781383219\n|move|p1a: Latios|Calm Mind|p1a: Latios\n|-boost|p1a: Latios|spa|1\n|-boost|p1a: Latios|spd|1\n|move|p2a: Mew|Bug Buzz|p1a: Latios\n|-supereffective|p1a: Latios\n|-damage|p1a: Latios|149/253\n|-damage|p2a: Mew|27/298|[from] item: Life Orb\n|\n|upkeep\n|turn|14\n|\n|t:|1781383241\n|move|p1a: Latios|Calm Mind|p1a: Latios\n|-boost|p1a: Latios|spa|1\n|-boost|p1a: Latios|spd|1\n|move|p2a: Mew|Bug Buzz|p1a: Latios\n|-supereffective|p1a: Latios\n|-damage|p1a: Latios|71/253\n|-damage|p2a: Mew|0 fnt|[from] item: Life Orb\n|faint|p2a: Mew\n|\n|upkeep\n|\n|t:|1781383252\n|switch|p2a: Zamazenta|Zamazenta, L71|235/248\n|turn|15\n|\n|t:|1781383261\n|move|p2a: Zamazenta|Crunch|p1a: Latios\n|-supereffective|p1a: Latios\n|-damage|p1a: Latios|0 fnt\n|faint|p1a: Latios\n|\n|-heal|p2a: Zamazenta|248/248|[from] item: Leftovers\n|upkeep\n|\n|t:|1781383268\n|switch|p1a: Ambipom|Ambipom, L84, F|263/263\n|turn|16\n|\n|t:|1781383274\n|move|p1a: Ambipom|Double-Edge|p2a: Zamazenta\n|-damage|p2a: Zamazenta|74/248\n|-damage|p1a: Ambipom|206/263|[from] Recoil\n|move|p2a: Zamazenta|Iron Defense|p2a: Zamazenta\n|-boost|p2a: Zamazenta|def|2\n|\n|-heal|p2a: Zamazenta|89/248|[from] item: Leftovers\n|upkeep\n|turn|17\n|\n|t:|1781383279\n|move|p1a: Ambipom|Double-Edge|p2a: Zamazenta\n|-damage|p2a: Zamazenta|0 fnt\n|faint|p2a: Zamazenta\n|-damage|p1a: Ambipom|177/263|[from] Recoil\n|\n|upkeep\n|\n|t:|1781383287\n|switch|p2a: Talonflame|Talonflame, L83, F|265/265\n|turn|18\n|\n|t:|1781383299\n|move|p2a: Talonflame|Brave Bird|p1a: Ambipom\n|-damage|p1a: Ambipom|38/263\n|-damage|p2a: Talonflame|219/265|[from] Recoil\n|move|p1a: Ambipom|Double-Edge|p2a: Talonflame\n|-damage|p2a: Talonflame|0 fnt\n|faint|p2a: Talonflame\n|-damage|p1a: Ambipom|0 fnt|[from] Recoil\n|faint|p1a: Ambipom\n|\n|upkeep\n|\n|t:|1781383313\n|switch|p2a: Squawkabilly|Squawkabilly-Blue, L85, M|261/278 brn\n|switch|p1a: Braviary|Braviary-Hisui, L85, M, tera:Fairy|46/326\n|turn|19\n|\n|t:|1781383320\n|move|p2a: Squawkabilly|Facade|p1a: Braviary\n|-damage|p1a: Braviary|0 fnt\n|faint|p1a: Braviary\n|\n|-damage|p2a: Squawkabilly|244/278 brn|[from] brn\n|upkeep\n|\n|t:|1781383331\n|switch|p1a: Torterra|Torterra, L78, F|276/276\n|turn|20\n|\n|t:|1781383338\n|move|p2a: Squawkabilly|Brave Bird|p1a: Torterra\n|-supereffective|p1a: Torterra\n|-damage|p1a: Torterra|0 fnt\n|faint|p1a: Torterra\n|-damage|p2a: Squawkabilly|153/278 brn|[from] Recoil\n|\n|-damage|p2a: Squawkabilly|136/278 brn|[from] brn\n|upkeep\n|\n|t:|1781383346\n|switch|p1a: Basculin|Basculin, L86, F|261/261\n|turn|21\n|c|\u2606Siouxforever1|Gg\n|\n|t:|1781383358\n|-terastallize|p2a: Squawkabilly|Normal\n|move|p2a: Squawkabilly|Quick Attack|p1a: Basculin\n|-damage|p1a: Basculin|157/261\n|move|p1a: Basculin|Double-Edge|p2a: Squawkabilly\n|-damage|p2a: Squawkabilly|0 fnt\n|faint|p2a: Squawkabilly\n|-damage|p1a: Basculin|112/261|[from] Recoil\n|\n|upkeep\n|\n|t:|1781383369\n|switch|p2a: Dewgong|Dewgong, L94, F|120/322\n|turn|22\n|\n|t:|1781383372\n|move|p1a: Basculin|Double-Edge|p2a: Dewgong\n|-damage|p2a: Dewgong|0 fnt\n|faint|p2a: Dewgong\n|-damage|p1a: Basculin|72/261|[from] Recoil\n|\n|win|AdvancedWelfare\n", "uploadtime": 1781382984, "views": 7, "formatid": "gen9randombattle", "rating": null, "private": 0, "password": null}