{"id": "gen9randombattle-2631563844", "format": "[Gen 9] Random Battle", "players": ["Addddlleyy", "isnothingeasy"], "log": "|j|\u2606Addddlleyy\n|j|\u2606isnothingeasy\n|t:|1781401892\n|gametype|singles\n|player|p1|Addddlleyy|swimmer|2002\n|player|p2|isnothingeasy|lady|2017\n|gen|9\n|tier|[Gen 9] Random Battle\n|rated|\n|rule|Species Clause: Limit one of each Pok\u00e9mon\n|rule|HP Percentage Mod: HP is shown in percentages\n|rule|Sleep Clause Mod: Limit one foe put to sleep\n|rule|Illusion Level Mod: Illusion disguises the Pok\u00e9mon's true level\n|\n|t:|1781401892\n|teamsize|p1|6\n|teamsize|p2|6\n|start\n|switch|p1a: Okidogi|Okidogi, L77, M|262/262\n|switch|p2a: Alcremie|Alcremie-Ruby-Swirl, L90, F|263/263\n|turn|1\n|inactive|Battle timer is ON: inactive players will automatically lose when time's up. (requested by Addddlleyy)\n|\n|t:|1781401913\n|switch|p2a: Slowking|Slowking-Galar, L85, F|300/300\n|move|p1a: Okidogi|Gunk Shot|p2a: Slowking\n|-resisted|p2a: Slowking\n|-damage|p2a: Slowking|231/300\n|\n|-heal|p2a: Slowking|249/300|[from] item: Leftovers\n|upkeep\n|turn|2\n|\n|t:|1781401927\n|switch|p1a: Azelf|Azelf, L82|257/257\n|move|p2a: Slowking|Thunder Wave|p1a: Azelf\n|-status|p1a: Azelf|par\n|\n|-heal|p2a: Slowking|267/300|[from] item: Leftovers\n|upkeep\n|turn|3\n|\n|t:|1781401933\n|switch|p2a: Ting-Lu|Ting-Lu, L78|370/370\n|-ability|p2a: Ting-Lu|Vessel of Ruin\n|move|p1a: Azelf|Knock Off|p2a: Ting-Lu\n|-resisted|p2a: Ting-Lu\n|-damage|p2a: Ting-Lu|331/370\n|-enditem|p2a: Ting-Lu|Leftovers|[from] move: Knock Off|[of] p1a: Azelf\n|-damage|p1a: Azelf|232/257 par|[from] item: Life Orb\n|\n|upkeep\n|turn|4\n|\n|t:|1781401942\n|move|p1a: Azelf|Taunt|p2a: Ting-Lu\n|-start|p2a: Ting-Lu|move: Taunt\n|cant|p2a: Ting-Lu|move: Taunt|Spikes\n|\n|upkeep\n|turn|5\n|\n|t:|1781401945\n|move|p1a: Azelf|U-turn|p2a: Ting-Lu\n|-supereffective|p2a: Ting-Lu\n|-damage|p2a: Ting-Lu|206/370\n|-damage|p1a: Azelf|207/257 par|[from] item: Life Orb\n|\n|t:|1781401954\n|switch|p1a: Okidogi|Okidogi, L77, M|262/262|[from] U-turn\n|move|p2a: Ting-Lu|Payback|p1a: Okidogi\n|-resisted|p1a: Okidogi\n|-damage|p1a: Okidogi|239/262\n|\n|-heal|p1a: Okidogi|255/262|[from] item: Leftovers\n|upkeep\n|turn|6\n|\n|t:|1781401966\n|switch|p2a: Slowking|Slowking-Galar, L85, F|300/300\n|move|p1a: Okidogi|Bulk Up|p1a: Okidogi\n|-boost|p1a: Okidogi|atk|1\n|-boost|p1a: Okidogi|def|1\n|\n|-heal|p1a: Okidogi|262/262|[from] item: Leftovers\n|upkeep\n|turn|7\n|\n|t:|1781401970\n|switch|p1a: Azelf|Azelf, L82|207/257 par\n|move|p2a: Slowking|Psychic Noise|p1a: Azelf\n|-resisted|p1a: Azelf\n|-damage|p1a: Azelf|150/257 par\n|-start|p1a: Azelf|move: Heal Block\n|\n|upkeep\n|turn|8\n|\n|t:|1781401974\n|switch|p2a: Ting-Lu|Ting-Lu, L78|206/370\n|-ability|p2a: Ting-Lu|Vessel of Ruin\n|move|p1a: Azelf|U-turn|p2a: Ting-Lu\n|-supereffective|p2a: Ting-Lu\n|-damage|p2a: Ting-Lu|92/370\n|-damage|p1a: Azelf|125/257 par|[from] item: Life Orb\n|\n|t:|1781401981\n|switch|p1a: Okidogi|Okidogi, L77, M|262/262|[from] U-turn\n|\n|upkeep\n|turn|9\n|\n|t:|1781401987\n|switch|p2a: Slowking|Slowking-Galar, L85, F|300/300\n|move|p1a: Okidogi|Drain Punch|p2a: Slowking\n|-resisted|p2a: Slowking\n|-damage|p2a: Slowking|277/300\n|\n|-heal|p2a: Slowking|295/300|[from] item: Leftovers\n|upkeep\n|turn|10\n|\n|t:|1781401991\n|move|p1a: Okidogi|Knock Off|p2a: Slowking\n|-supereffective|p2a: Slowking\n|-damage|p2a: Slowking|149/300\n|-enditem|p2a: Slowking|Leftovers|[from] move: Knock Off|[of] p1a: Okidogi\n|move|p2a: Slowking|Psychic Noise|p1a: Okidogi\n|-supereffective|p1a: Okidogi\n|-damage|p1a: Okidogi|0 fnt\n|faint|p1a: Okidogi\n|\n|upkeep\n|\n|t:|1781402002\n|switch|p1a: Porygon2|Porygon2, L81|270/270\n|-ability|p1a: Porygon2|Download|boost\n|-boost|p1a: Porygon2|atk|1\n|turn|11\n|\n|t:|1781402007\n|move|p1a: Porygon2|Shadow Ball|p2a: Slowking\n|-supereffective|p2a: Slowking\n|-damage|p2a: Slowking|61/300\n|move|p2a: Slowking|Thunder Wave|p1a: Porygon2\n|-status|p1a: Porygon2|par\n|\n|upkeep\n|turn|12\n|\n|t:|1781402012\n|switch|p2a: Ting-Lu|Ting-Lu, L78|92/370\n|-ability|p2a: Ting-Lu|Vessel of Ruin\n|move|p1a: Porygon2|Tera Blast|p2a: Ting-Lu\n|-damage|p2a: Ting-Lu|25/370\n|\n|upkeep\n|turn|13\n|\n|t:|1781402020\n|move|p2a: Ting-Lu|Ruination|p1a: Porygon2\n|-damage|p1a: Porygon2|135/270 par\n|move|p1a: Porygon2|Tera Blast|p2a: Ting-Lu\n|-damage|p2a: Ting-Lu|0 fnt\n|faint|p2a: Ting-Lu\n|\n|upkeep\n|\n|t:|1781402028\n|switch|p2a: Scizor|Scizor, L79, F|240/240\n|turn|14\n|\n|t:|1781402033\n|move|p2a: Scizor|Close Combat|p1a: Porygon2\n|-supereffective|p1a: Porygon2\n|-damage|p1a: Porygon2|0 fnt\n|-unboost|p2a: Scizor|def|1\n|-unboost|p2a: Scizor|spd|1\n|faint|p1a: Porygon2\n|\n|upkeep\n|\n|t:|1781402042\n|switch|p1a: Venusaur|Venusaur, L84, M|272/272\n|turn|15\n|inactive|isnothingeasy has 120 seconds left.\n|l|\u2606Addddlleyy\n|inactive|Addddlleyy disconnected and has a minute to reconnect!\n|player|p1|\n|j|\u2606Addddlleyy\n|inactive|Addddlleyy reconnected.\n|player|p1|Addddlleyy|swimmer|\n|inactive|isnothingeasy has 90 seconds left.\n|\n|t:|1781402121\n|switch|p2a: Slowking|Slowking-Galar, L85, F|161/300\n|move|p1a: Venusaur|Leech Seed|p2a: Slowking\n|-start|p2a: Slowking|move: Leech Seed\n|\n|-damage|p2a: Slowking|124/300|[from] Leech Seed|[of] p1a: Venusaur\n|upkeep\n|turn|16\n|l|\u2606Addddlleyy\n|inactive|Addddlleyy disconnected and has a minute to reconnect!\n|player|p1|\n|j|\u2606Addddlleyy\n|inactive|Addddlleyy reconnected and has 140 seconds left.\n|player|p1|Addddlleyy|swimmer|\n|\n|t:|1781402138\n|switch|p1a: Chimecho|Chimecho, L93, F|290/290\n|switch|p2a: Scizor|Scizor, L79, F|240/240\n|\n|upkeep\n|turn|17\n|inactive|isnothingeasy has 90 seconds left.\n|\n|t:|1781402144\n|switch|p1a: Gurdurr|Gurdurr, L85, M|283/283\n|move|p2a: Scizor|U-turn|p1a: Gurdurr\n|-resisted|p1a: Gurdurr\n|-damage|p1a: Gurdurr|244/283\n|\n|t:|1781402148\n|switch|p2a: Slowking|Slowking-Galar, L85, F|224/300|[from] U-turn\n|\n|upkeep\n|turn|18\n|\n|t:|1781402154\n|-terastallize|p1a: Gurdurr|Steel\n|move|p1a: Gurdurr|Knock Off|p2a: Slowking\n|-supereffective|p2a: Slowking\n|-damage|p2a: Slowking|124/300\n|move|p2a: Slowking|Psychic Noise|p1a: Gurdurr\n|-resisted|p1a: Gurdurr\n|-damage|p1a: Gurdurr|199/283\n|-start|p1a: Gurdurr|move: Heal Block\n|\n|upkeep\n|turn|19\n|\n|t:|1781402158\n|move|p1a: Gurdurr|Knock Off|p2a: Slowking\n|-supereffective|p2a: Slowking\n|-damage|p2a: Slowking|14/300\n|move|p2a: Slowking|Slack Off|p2a: Slowking\n|-heal|p2a: Slowking|164/300\n|\n|-end|p1a: Gurdurr|move: Heal Block\n|upkeep\n|turn|20\n|\n|t:|1781402163\n|move|p1a: Gurdurr|Knock Off|p2a: Slowking\n|-supereffective|p2a: Slowking\n|-damage|p2a: Slowking|46/300\n|move|p2a: Slowking|Slack Off|p2a: Slowking\n|-heal|p2a: Slowking|196/300\n|\n|upkeep\n|turn|21\n|-message|Addddlleyy forfeited.\n|\n|win|isnothingeasy\n", "uploadtime": 1781401893, "views": 4, "formatid": "gen9randombattle", "rating": null, "private": 0, "password": null}