{"id": "gen9randombattle-2631711177", "format": "[Gen 9] Random Battle", "players": ["bugcatcher314", "zegaaagalaaa"], "log": "|j|\u2606bugcatcher314\n|j|\u2606zegaaagalaaa\n|t:|1781426504\n|gametype|singles\n|player|p1|bugcatcher314|102|2051\n|player|p2|zegaaagalaaa|169|2131\n|gen|9\n|tier|[Gen 9] Random Battle\n|rated|\n|rule|Species Clause: Limit one of each Pok\u00e9mon\n|rule|HP Percentage Mod: HP is shown in percentages\n|rule|Sleep Clause Mod: Limit one foe put to sleep\n|rule|Illusion Level Mod: Illusion disguises the Pok\u00e9mon's true level\n|\n|t:|1781426504\n|teamsize|p1|6\n|teamsize|p2|6\n|start\n|switch|p1a: Vigoroth|Vigoroth, L85, F|275/275\n|switch|p2a: Hitmonlee|Hitmonlee, L85, M|224/224\n|turn|1\n|inactive|Battle timer is ON: inactive players will automatically lose when time's up. (requested by bugcatcher314)\n|inactive|zegaaagalaaa also wants the timer to be on.\n|\n|t:|1781426527\n|move|p1a: Vigoroth|Body Slam|p2a: Hitmonlee\n|-damage|p2a: Hitmonlee|118/224\n|-status|p2a: Hitmonlee|par\n|move|p2a: Hitmonlee|Close Combat|p1a: Vigoroth\n|-supereffective|p1a: Vigoroth\n|-damage|p1a: Vigoroth|35/275\n|-unboost|p2a: Hitmonlee|def|1\n|-unboost|p2a: Hitmonlee|spd|1\n|-enditem|p2a: Hitmonlee|White Herb\n|-clearnegativeboost|p2a: Hitmonlee|[silent]\n|\n|upkeep\n|turn|2\n|\n|t:|1781426548\n|move|p1a: Vigoroth|Body Slam|p2a: Hitmonlee\n|-damage|p2a: Hitmonlee|7/224 par\n|move|p2a: Hitmonlee|Knock Off|p1a: Vigoroth\n|-damage|p1a: Vigoroth|0 fnt\n|-enditem|p1a: Vigoroth|Eviolite|[from] move: Knock Off|[of] p2a: Hitmonlee\n|faint|p1a: Vigoroth\n|\n|upkeep\n|\n|t:|1781426553\n|switch|p1a: Jolteon|Jolteon, L84, F|246/246\n|turn|3\n|\n|t:|1781426561\n|move|p1a: Jolteon|Substitute|p1a: Jolteon\n|-start|p1a: Jolteon|Substitute\n|-damage|p1a: Jolteon|185/246\n|move|p2a: Hitmonlee|Close Combat|p1a: Jolteon\n|-end|p1a: Jolteon|Substitute\n|-unboost|p2a: Hitmonlee|def|1\n|-unboost|p2a: Hitmonlee|spd|1\n|\n|-heal|p1a: Jolteon|200/246|[from] item: Leftovers\n|upkeep\n|turn|4\n|\n|t:|1781426580\n|switch|p2a: Snorlax|Snorlax, L82, M|397/397\n|move|p1a: Jolteon|Thunderbolt|p2a: Snorlax\n|-damage|p2a: Snorlax|304/397\n|\n|-heal|p1a: Jolteon|215/246|[from] item: Leftovers\n|upkeep\n|turn|5\n|\n|t:|1781426591\n|switch|p1a: Orthworm|Orthworm, L88, M|266/266\n|move|p2a: Snorlax|Body Slam|p1a: Orthworm\n|-resisted|p1a: Orthworm\n|-damage|p1a: Orthworm|238/266\n|\n|-heal|p1a: Orthworm|254/266|[from] item: Leftovers\n|upkeep\n|turn|6\n|\n|t:|1781426606\n|move|p1a: Orthworm|Stealth Rock|p2a: Snorlax\n|-sidestart|p2: zegaaagalaaa|move: Stealth Rock\n|move|p2a: Snorlax|Body Slam|p1a: Orthworm\n|-resisted|p1a: Orthworm\n|-damage|p1a: Orthworm|224/266\n|\n|-heal|p1a: Orthworm|240/266|[from] item: Leftovers\n|upkeep\n|turn|7\n|\n|t:|1781426616\n|move|p1a: Orthworm|Body Press|p2a: Snorlax\n|-supereffective|p2a: Snorlax\n|-damage|p2a: Snorlax|82/397\n|move|p2a: Snorlax|Body Slam|p1a: Orthworm\n|-resisted|p1a: Orthworm\n|-damage|p1a: Orthworm|210/266\n|\n|-heal|p1a: Orthworm|226/266|[from] item: Leftovers\n|upkeep\n|turn|8\n|\n|t:|1781426627\n|move|p1a: Orthworm|Body Press|p2a: Snorlax\n|-supereffective|p2a: Snorlax\n|-damage|p2a: Snorlax|0 fnt\n|faint|p2a: Snorlax\n|\n|-heal|p1a: Orthworm|242/266|[from] item: Leftovers\n|upkeep\n|\n|t:|1781426640\n|switch|p2a: Hydreigon|Hydreigon, L79, F|275/275\n|-damage|p2a: Hydreigon|241/275|[from] Stealth Rock\n|turn|9\n|\n|t:|1781426648\n|-terastallize|p2a: Hydreigon|Dark\n|move|p2a: Hydreigon|Dark Pulse|p1a: Orthworm\n|-damage|p1a: Orthworm|2/266\n|move|p1a: Orthworm|Body Press|p2a: Hydreigon\n|-supereffective|p2a: Hydreigon\n|-damage|p2a: Hydreigon|53/275\n|\n|-heal|p1a: Orthworm|18/266|[from] item: Leftovers\n|upkeep\n|turn|10\n|inactive|zegaaagalaaa has 120 seconds left.\n|\n|t:|1781426682\n|move|p2a: Hydreigon|Dark Pulse|p1a: Orthworm\n|-damage|p1a: Orthworm|0 fnt\n|faint|p1a: Orthworm\n|\n|upkeep\n|\n|t:|1781426687\n|switch|p1a: Jolteon|Jolteon, L84, F|215/246\n|turn|11\n|\n|t:|1781426703\n|switch|p2a: Hitmonlee|Hitmonlee, L85, M|7/224 par\n|-damage|p2a: Hitmonlee|0 fnt|[from] Stealth Rock\n|faint|p2a: Hitmonlee\n|move|p1a: Jolteon|Thunderbolt|p2: Hitmonlee|[notarget]\n|-fail|p1a: Jolteon\n|\n|-heal|p1a: Jolteon|230/246|[from] item: Leftovers\n|upkeep\n|\n|t:|1781426715\n|switch|p2a: Munkidori|Munkidori, L79, M|269/269\n|-damage|p2a: Munkidori|236/269|[from] Stealth Rock\n|turn|12\n|\n|t:|1781426721\n|switch|p1a: Reuniclus|Reuniclus, L88, F|337/337\n|move|p2a: Munkidori|Sludge Wave|p1a: Reuniclus\n|-damage|p1a: Reuniclus|201/337\n|-status|p1a: Reuniclus|tox|[from] ability: Toxic Chain|[of] p2a: Munkidori\n|-damage|p2a: Munkidori|210/269|[from] item: Life Orb\n|\n|upkeep\n|turn|13\n|j| Poi890\n|\n|t:|1781426732\n|move|p2a: Munkidori|Nasty Plot|p2a: Munkidori\n|-boost|p2a: Munkidori|spa|2\n|move|p1a: Reuniclus|Recover|p1a: Reuniclus\n|-heal|p1a: Reuniclus|337/337 tox\n|\n|upkeep\n|turn|14\n|\n|t:|1781426740\n|move|p2a: Munkidori|Sludge Wave|p1a: Reuniclus\n|-damage|p1a: Reuniclus|74/337 tox\n|-damage|p2a: Munkidori|184/269|[from] item: Life Orb\n|move|p1a: Reuniclus|Psyshock|p2a: Munkidori\n|-damage|p2a: Munkidori|0 fnt\n|faint|p2a: Munkidori\n|\n|upkeep\n|\n|t:|1781426756\n|switch|p2a: Sneasler|Sneasler, L74, M|240/240\n|-damage|p2a: Sneasler|225/240|[from] Stealth Rock\n|turn|15\n|\n|t:|1781426761\n|move|p2a: Sneasler|Dire Claw|p1a: Reuniclus\n|-damage|p1a: Reuniclus|0 fnt\n|faint|p1a: Reuniclus\n|\n|upkeep\n|inactive|bugcatcher314 has 120 seconds left.\n|inactive|bugcatcher314 has 90 seconds left.\n|\n|t:|1781426847\n|switch|p1a: Jolteon|Jolteon, L84, F|230/246\n|turn|16\n|\n|t:|1781426851\n|move|p1a: Jolteon|Thunderbolt|p2a: Sneasler\n|-damage|p2a: Sneasler|107/240\n|move|p2a: Sneasler|Close Combat|p1a: Jolteon\n|-damage|p1a: Jolteon|76/246\n|-unboost|p2a: Sneasler|def|1\n|-unboost|p2a: Sneasler|spd|1\n|-enditem|p2a: Sneasler|White Herb\n|-clearnegativeboost|p2a: Sneasler|[silent]\n|\n|-heal|p1a: Jolteon|91/246|[from] item: Leftovers\n|upkeep\n|turn|17\n|\n|t:|1781426867\n|move|p2a: Sneasler|Dire Claw|p1a: Jolteon\n|-damage|p1a: Jolteon|0 fnt\n|faint|p1a: Jolteon\n|\n|upkeep\n|\n|t:|1781426871\n|switch|p1a: Cresselia|Cresselia, L80, F|323/323\n|turn|18\n|\n|t:|1781426876\n|move|p2a: Sneasler|Dire Claw|p1a: Cresselia\n|-damage|p1a: Cresselia|256/323\n|-status|p1a: Cresselia|par\n|cant|p1a: Cresselia|par\n|\n|-heal|p1a: Cresselia|276/323 par|[from] item: Leftovers\n|upkeep\n|turn|19\n|inactive|bugcatcher314 has 90 seconds left.\n|\n|t:|1781426894\n|move|p2a: Sneasler|Swords Dance|p2a: Sneasler\n|-boost|p2a: Sneasler|atk|2\n|move|p1a: Cresselia|Psyshock|p2a: Sneasler\n|-supereffective|p2a: Sneasler\n|-damage|p2a: Sneasler|0 fnt\n|faint|p2a: Sneasler\n|\n|-heal|p1a: Cresselia|296/323 par|[from] item: Leftovers\n|upkeep\n|\n|t:|1781426905\n|switch|p2a: Hydreigon|Hydreigon, L79, F, tera:Dark|53/275\n|-damage|p2a: Hydreigon|19/275|[from] Stealth Rock\n|turn|20\n|\n|t:|1781426914\n|move|p2a: Hydreigon|Dark Pulse|p1a: Cresselia\n|-supereffective|p1a: Cresselia\n|-damage|p1a: Cresselia|0 fnt\n|faint|p1a: Cresselia\n|\n|upkeep\n|\n|t:|1781426917\n|switch|p1a: Raging Bolt|Raging Bolt, L78|323/323\n|turn|21\n|\n|t:|1781426923\n|move|p1a: Raging Bolt|Thunderclap|p2a: Hydreigon\n|-damage|p2a: Hydreigon|0 fnt\n|faint|p2a: Hydreigon\n|\n|upkeep\n|\n|t:|1781426930\n|switch|p2a: Volcanion|Volcanion, L79|255/255\n|-damage|p2a: Volcanion|192/255|[from] Stealth Rock\n|turn|22\n|inactive|bugcatcher314 has 120 seconds left.\n|\n|t:|1781426939\n|move|p1a: Raging Bolt|Calm Mind|p1a: Raging Bolt\n|-boost|p1a: Raging Bolt|spa|1\n|-boost|p1a: Raging Bolt|spd|1\n|move|p2a: Volcanion|Earth Power|p1a: Raging Bolt\n|-supereffective|p1a: Raging Bolt\n|-damage|p1a: Raging Bolt|227/323\n|\n|-heal|p1a: Raging Bolt|247/323|[from] item: Leftovers\n|upkeep\n|turn|23\n|-message|zegaaagalaaa forfeited.\n|\n|win|bugcatcher314\n", "uploadtime": 1781426505, "views": 3, "formatid": "gen9randombattle", "rating": null, "private": 0, "password": null}