{"id": "gen9randombattle-2631716413", "format": "[Gen 9] Random Battle", "players": ["renz3554", "happy battler"], "log": "|j|\u2606renz3554\n|j|\u2606happy battler\n|t:|1781427487\n|gametype|singles\n|player|p1|renz3554|266|2123\n|player|p2|happy battler|169|2120\n|gen|9\n|tier|[Gen 9] Random Battle\n|rated|\n|rule|Species Clause: Limit one of each Pok\u00e9mon\n|rule|HP Percentage Mod: HP is shown in percentages\n|rule|Sleep Clause Mod: Limit one foe put to sleep\n|rule|Illusion Level Mod: Illusion disguises the Pok\u00e9mon's true level\n|\n|t:|1781427487\n|teamsize|p1|6\n|teamsize|p2|6\n|start\n|switch|p1a: Hydreigon|Hydreigon, L79, F|275/275\n|switch|p2a: Quaquaval|Quaquaval, L79, F|264/264\n|turn|1\n|inactive|Battle timer is ON: inactive players will automatically lose when time's up. (requested by happy battler)\n|\n|t:|1781427535\n|switch|p2a: Rhyperior|Rhyperior, L82, M|323/323\n|move|p1a: Hydreigon|Draco Meteor|p2a: Rhyperior\n|-damage|p2a: Rhyperior|138/323\n|-unboost|p1a: Hydreigon|spa|2\n|-damage|p1a: Hydreigon|248/275|[from] item: Life Orb\n|\n|upkeep\n|turn|2\n|\n|t:|1781427542\n|switch|p1a: Tatsugiri|Tatsugiri, L87, F|260/260\n|move|p2a: Rhyperior|Stone Edge|p1a: Tatsugiri|[miss]\n|-miss|p2a: Rhyperior|p1a: Tatsugiri\n|\n|upkeep\n|turn|3\n|\n|t:|1781427547\n|switch|p2a: Rotom|Rotom-Fan, L86|226/226\n|move|p1a: Tatsugiri|Hydro Pump|p2a: Rotom|[miss]\n|-miss|p1a: Tatsugiri|p2a: Rotom\n|\n|upkeep\n|turn|4\n|\n|t:|1781427550\n|move|p2a: Rotom|Thunderbolt|p1a: Tatsugiri\n|-damage|p1a: Tatsugiri|160/260\n|move|p1a: Tatsugiri|Draco Meteor|p2a: Rotom\n|-damage|p2a: Rotom|82/226\n|-unboost|p1a: Tatsugiri|spa|2\n|\n|upkeep\n|turn|5\n|\n|t:|1781427559\n|move|p2a: Rotom|Thunderbolt|p1a: Tatsugiri\n|-damage|p1a: Tatsugiri|63/260\n|move|p1a: Tatsugiri|Draco Meteor|p2a: Rotom\n|-damage|p2a: Rotom|13/226\n|-unboost|p1a: Tatsugiri|spa|2\n|\n|upkeep\n|turn|6\n|\n|t:|1781427565\n|move|p2a: Rotom|Thunderbolt|p1a: Tatsugiri\n|-damage|p1a: Tatsugiri|0 fnt\n|faint|p1a: Tatsugiri\n|\n|upkeep\n|\n|t:|1781427569\n|switch|p1a: Ninetales|Ninetales-Alola, L78, M|242/242\n|-weather|Snowscape|[from] ability: Snow Warning|[of] p1a: Ninetales\n|turn|7\n|\n|t:|1781427577\n|move|p1a: Ninetales|Aurora Veil|p1a: Ninetales\n|-sidestart|p1: renz3554|move: Aurora Veil\n|move|p2a: Rotom|Thunderbolt|p1a: Ninetales\n|-damage|p1a: Ninetales|194/242\n|\n|-weather|Snowscape|[upkeep]\n|upkeep\n|turn|8\n|\n|t:|1781427581\n|move|p1a: Ninetales|Blizzard|p2a: Rotom\n|-supereffective|p2a: Rotom\n|-damage|p2a: Rotom|0 fnt\n|faint|p2a: Rotom\n|\n|-weather|Snowscape|[upkeep]\n|upkeep\n|\n|t:|1781427583\n|switch|p2a: Armarouge|Armarouge, L80, F|267/267\n|turn|9\n|\n|t:|1781427588\n|switch|p1a: Morpeko|Morpeko, L88, F|245/245\n|move|p2a: Armarouge|Meteor Beam||[still]\n|-prepare|p2a: Armarouge|Meteor Beam\n|-boost|p2a: Armarouge|spa|1\n|-enditem|p2a: Armarouge|Power Herb\n|-anim|p2a: Armarouge|Meteor Beam|p1a: Morpeko\n|-damage|p1a: Morpeko|147/245\n|\n|-weather|Snowscape|[upkeep]\n|-formechange|p1a: Morpeko|Morpeko-Hangry||[from] ability: Hunger Switch\n|upkeep\n|turn|10\n|\n|t:|1781427596\n|switch|p2a: Rhyperior|Rhyperior, L82, M|138/323\n|move|p1a: Morpeko|Aura Wheel|p2a: Rhyperior\n|-damage|p2a: Rhyperior|51/323\n|-boost|p1a: Morpeko|spe|1\n|\n|-weather|Snowscape|[upkeep]\n|-formechange|p1a: Morpeko|Morpeko||[from] ability: Hunger Switch\n|upkeep\n|turn|11\n|\n|t:|1781427601\n|move|p1a: Morpeko|Protect|p1a: Morpeko\n|-singleturn|p1a: Morpeko|Protect\n|move|p2a: Rhyperior|Dragon Tail|p1a: Morpeko\n|-activate|p1a: Morpeko|move: Protect\n|\n|-weather|none\n|-formechange|p1a: Morpeko|Morpeko-Hangry||[from] ability: Hunger Switch\n|upkeep\n|turn|12\n|\n|t:|1781427605\n|move|p1a: Morpeko|Aura Wheel|p2a: Rhyperior\n|-damage|p2a: Rhyperior|0 fnt\n|-boost|p1a: Morpeko|spe|1\n|faint|p2a: Rhyperior\n|\n|-formechange|p1a: Morpeko|Morpeko||[from] ability: Hunger Switch\n|upkeep\n|\n|t:|1781427621\n|switch|p2a: Haxorus|Haxorus, L77, M|244/244\n|-ability|p2a: Haxorus|Mold Breaker\n|turn|13\n|\n|t:|1781427629\n|move|p1a: Morpeko|Aura Wheel|p2a: Haxorus\n|-resisted|p2a: Haxorus\n|-damage|p2a: Haxorus|173/244\n|-boost|p1a: Morpeko|spe|1\n|move|p2a: Haxorus|Scale Shot|p1a: Morpeko\n|-damage|p1a: Morpeko|127/245\n|-damage|p1a: Morpeko|108/245\n|-damage|p1a: Morpeko|88/245\n|-damage|p1a: Morpeko|69/245\n|-hitcount|p1a: Morpeko|4\n|-unboost|p2a: Haxorus|def|1\n|-boost|p2a: Haxorus|spe|1\n|\n|-formechange|p1a: Morpeko|Morpeko-Hangry||[from] ability: Hunger Switch\n|upkeep\n|turn|14\n|\n|t:|1781427632\n|move|p1a: Morpeko|Aura Wheel|p2a: Haxorus\n|-damage|p2a: Haxorus|0 fnt\n|-boost|p1a: Morpeko|spe|1\n|faint|p2a: Haxorus\n|\n|-sideend|p1: renz3554|move: Aurora Veil\n|-formechange|p1a: Morpeko|Morpeko||[from] ability: Hunger Switch\n|upkeep\n|\n|t:|1781427639\n|switch|p2a: Quaquaval|Quaquaval, L79, F|219/219\n|turn|15\n|\n|t:|1781427648\n|move|p1a: Morpeko|Parting Shot|p2a: Quaquaval\n|-unboost|p2a: Quaquaval|atk|1\n|-unboost|p2a: Quaquaval|spa|1\n|\n|t:|1781427651\n|switch|p1a: Ninetales|Ninetales-Alola, L78, M|194/242|[from] Parting Shot\n|-weather|Snowscape|[from] ability: Snow Warning|[of] p1a: Ninetales\n|move|p2a: Quaquaval|Hyper Voice|p1a: Ninetales\n|-damage|p1a: Ninetales|95/242\n|-damage|p2a: Quaquaval|198/219|[from] item: Life Orb\n|\n|-weather|Snowscape|[upkeep]\n|upkeep\n|turn|16\n|\n|t:|1781427660\n|switch|p1a: Tentacruel|Tentacruel, L84, F|272/272\n|move|p2a: Quaquaval|Flamethrower|p1a: Tentacruel\n|-resisted|p1a: Tentacruel\n|-damage|p1a: Tentacruel|247/272\n|-damage|p2a: Quaquaval|177/219|[from] item: Life Orb\n|\n|-weather|Snowscape|[upkeep]\n|-heal|p1a: Tentacruel|264/272|[from] item: Leftovers\n|upkeep\n|turn|17\n|\n|t:|1781427665\n|switch|p2a: Armarouge|Armarouge, L80, F|267/267\n|move|p1a: Tentacruel|Sludge Bomb|p2a: Armarouge\n|-damage|p2a: Armarouge|173/267\n|-status|p2a: Armarouge|psn\n|\n|-weather|Snowscape|[upkeep]\n|-heal|p1a: Tentacruel|272/272|[from] item: Leftovers\n|-damage|p2a: Armarouge|140/267 psn|[from] psn\n|upkeep\n|turn|18\n|\n|t:|1781427667\n|move|p1a: Tentacruel|Surf|p2a: Armarouge\n|-supereffective|p2a: Armarouge\n|-damage|p2a: Armarouge|0 fnt\n|faint|p2a: Armarouge\n|\n|-weather|Snowscape|[upkeep]\n|upkeep\n|\n|t:|1781427672\n|switch|p2a: Quaquaval|Quaquaval, L79, F|177/219\n|turn|19\n|\n|t:|1781427675\n|move|p2a: Quaquaval|Hyper Voice|p1a: Tentacruel\n|-damage|p1a: Tentacruel|171/272\n|-damage|p2a: Quaquaval|156/219|[from] item: Life Orb\n|move|p1a: Tentacruel|Sludge Bomb|p2a: Quaquaval\n|-resisted|p2a: Quaquaval\n|-damage|p2a: Quaquaval|94/219\n|replace|p2a: Zoroark|Zoroark-Hisui, L80, F\n|-end|p2a: Zoroark|Illusion\n|-hint|Illusion Level Mod is active, so this Pok\u00e9mon's true level was hidden.\n|\n|-weather|none\n|-heal|p1a: Tentacruel|188/272|[from] item: Leftovers\n|upkeep\n|turn|20\n|\n|t:|1781427685\n|move|p2a: Zoroark|Nasty Plot|p2a: Zoroark\n|-boost|p2a: Zoroark|spa|2\n|move|p1a: Tentacruel|Toxic|p2a: Zoroark\n|-status|p2a: Zoroark|tox\n|\n|-heal|p1a: Tentacruel|205/272|[from] item: Leftovers\n|-damage|p2a: Zoroark|81/219 tox|[from] psn\n|upkeep\n|turn|21\n|\n|t:|1781427696\n|move|p2a: Zoroark|Hyper Voice|p1a: Tentacruel\n|-damage|p1a: Tentacruel|2/272\n|-damage|p2a: Zoroark|60/219 tox|[from] item: Life Orb\n|move|p1a: Tentacruel|Flip Turn|p2a: Zoroark\n|-damage|p2a: Zoroark|0 fnt\n|faint|p2a: Zoroark\n|\n|t:|1781427701\n|switch|p1a: Ninetales|Ninetales-Alola, L78, M|95/242|[from] Flip Turn\n|-weather|Snowscape|[from] ability: Snow Warning|[of] p1a: Ninetales\n|\n|-weather|Snowscape|[upkeep]\n|upkeep\n|\n|t:|1781427703\n|switch|p2a: Quaquaval|Quaquaval, L79, F|264/264\n|turn|22\n|\n|t:|1781427708\n|-terastallize|p2a: Quaquaval|Water\n|move|p1a: Ninetales|Aurora Veil|p1a: Ninetales\n|-sidestart|p1: renz3554|move: Aurora Veil\n|move|p2a: Quaquaval|Aqua Step|p1a: Ninetales\n|-damage|p1a: Ninetales|30/242\n|-boost|p2a: Quaquaval|spe|1\n|-damage|p2a: Quaquaval|238/264|[from] item: Life Orb\n|\n|-weather|Snowscape|[upkeep]\n|upkeep\n|turn|23\n|\n|t:|1781427710\n|switch|p1a: Hydreigon|Hydreigon, L79, F|248/275\n|move|p2a: Quaquaval|Encore||[still]\n|-fail|p2a: Quaquaval\n|\n|-weather|Snowscape|[upkeep]\n|upkeep\n|turn|24\n|\n|t:|1781427719\n|move|p2a: Quaquaval|Swords Dance|p2a: Quaquaval\n|-boost|p2a: Quaquaval|atk|2\n|move|p1a: Hydreigon|Dark Pulse|p2a: Quaquaval\n|-damage|p2a: Quaquaval|89/264\n|-damage|p1a: Hydreigon|221/275|[from] item: Life Orb\n|\n|-weather|Snowscape|[upkeep]\n|upkeep\n|turn|25\n|\n|t:|1781427725\n|move|p2a: Quaquaval|Aqua Step|p1a: Hydreigon\n|-resisted|p1a: Hydreigon\n|-damage|p1a: Hydreigon|145/275\n|-boost|p2a: Quaquaval|spe|1\n|-damage|p2a: Quaquaval|63/264|[from] item: Life Orb\n|move|p1a: Hydreigon|Dark Pulse|p2a: Quaquaval\n|-damage|p2a: Quaquaval|0 fnt\n|faint|p2a: Quaquaval\n|-damage|p1a: Hydreigon|118/275|[from] item: Life Orb\n|\n|win|renz3554\n", "uploadtime": 1781427489, "views": 3, "formatid": "gen9randombattle", "rating": null, "private": 0, "password": null}