{"id": "gen9randombattle-2631377897", "format": "[Gen 9] Random Battle", "players": ["fetchy123", "InstantRamenPack"], "log": "|j|\u2606fetchy123\n|j|\u2606InstantRamenPack\n|t:|1781377536\n|gametype|singles\n|player|p1|fetchy123|caitlin|1966\n|player|p2|InstantRamenPack|ghetsis|1930\n|gen|9\n|tier|[Gen 9] Random Battle\n|rated|\n|rule|Species Clause: Limit one of each Pok\u00e9mon\n|rule|HP Percentage Mod: HP is shown in percentages\n|rule|Sleep Clause Mod: Limit one foe put to sleep\n|rule|Illusion Level Mod: Illusion disguises the Pok\u00e9mon's true level\n|\n|t:|1781377536\n|teamsize|p1|6\n|teamsize|p2|6\n|start\n|switch|p1a: Electivire|Electivire, L84, F|263/263\n|switch|p2a: Pincurchin|Pincurchin, F|258/258\n|-fieldstart|move: Electric Terrain|[from] ability: Electric Surge|[of] p2a: Pincurchin\n|turn|1\n|inactive|Battle timer is ON: inactive players will automatically lose when time's up. (requested by InstantRamenPack)\n|inactive|fetchy123 also wants the timer to be on.\n|inactive|InstantRamenPack has 120 seconds left.\n|\n|t:|1781377575\n|move|p1a: Electivire|Knock Off|p2a: Pincurchin\n|-damage|p2a: Pincurchin|176/258\n|-enditem|p2a: Pincurchin|Leftovers|[from] move: Knock Off|[of] p1a: Electivire\n|-damage|p1a: Electivire|237/263|[from] item: Life Orb\n|move|p2a: Pincurchin|Scald|p1a: Electivire\n|-damage|p1a: Electivire|164/263\n|\n|upkeep\n|turn|2\n|\n|t:|1781377592\n|switch|p2a: Tsareena|Tsareena, L87, F|267/267\n|move|p1a: Electivire|Earthquake|p2a: Tsareena\n|-resisted|p2a: Tsareena\n|-damage|p2a: Tsareena|216/267\n|-damage|p1a: Electivire|138/263|[from] item: Life Orb\n|\n|upkeep\n|turn|3\n|\n|t:|1781377597\n|move|p2a: Tsareena|Power Whip|p1a: Electivire\n|-damage|p1a: Electivire|0 fnt\n|faint|p1a: Electivire\n|\n|upkeep\n|\n|t:|1781377602\n|switch|p1a: Klefki|Klefki, L84, F|233/233\n|turn|4\n|\n|t:|1781377618\n|switch|p2a: Pincurchin|Pincurchin, F|176/258\n|move|p1a: Klefki|Spikes|p2a: Pincurchin\n|-sidestart|p2: InstantRamenPack|Spikes\n|\n|upkeep\n|turn|5\n|\n|t:|1781377625\n|move|p1a: Klefki|Spikes|p2a: Pincurchin\n|-sidestart|p2: InstantRamenPack|Spikes\n|move|p2a: Pincurchin|Discharge|p1a: Klefki\n|-damage|p1a: Klefki|92/233\n|-status|p1a: Klefki|par\n|\n|-heal|p1a: Klefki|106/233 par|[from] item: Leftovers\n|-fieldend|move: Electric Terrain\n|upkeep\n|turn|6\n|\n|t:|1781377645\n|move|p2a: Pincurchin|Discharge|p1a: Klefki\n|-damage|p1a: Klefki|0 fnt\n|faint|p1a: Klefki\n|\n|upkeep\n|\n|t:|1781377663\n|switch|p1a: Porygon2|Porygon2, L81|270/270\n|-ability|p1a: Porygon2|Download|boost\n|-boost|p1a: Porygon2|spa|1\n|turn|7\n|\n|t:|1781377680\n|move|p1a: Porygon2|Tri Attack|p2a: Pincurchin\n|-damage|p2a: Pincurchin|71/258\n|-status|p2a: Pincurchin|brn\n|move|p2a: Pincurchin|Recover|p2a: Pincurchin\n|-heal|p2a: Pincurchin|200/258 brn\n|\n|-damage|p2a: Pincurchin|184/258 brn|[from] brn\n|upkeep\n|turn|8\n|\n|t:|1781377702\n|move|p1a: Porygon2|Tri Attack|p2a: Pincurchin\n|-damage|p2a: Pincurchin|84/258 brn\n|move|p2a: Pincurchin|Recover|p2a: Pincurchin\n|-heal|p2a: Pincurchin|213/258 brn\n|\n|-damage|p2a: Pincurchin|197/258 brn|[from] brn\n|upkeep\n|turn|9\n|\n|t:|1781377712\n|move|p1a: Porygon2|Tri Attack|p2a: Pincurchin\n|-damage|p2a: Pincurchin|85/258 brn\n|move|p2a: Pincurchin|Recover|p2a: Pincurchin\n|-heal|p2a: Pincurchin|214/258 brn\n|\n|-damage|p2a: Pincurchin|198/258 brn|[from] brn\n|upkeep\n|turn|10\n|\n|t:|1781377718\n|move|p1a: Porygon2|Tri Attack|p2a: Pincurchin\n|-damage|p2a: Pincurchin|92/258 brn\n|move|p2a: Pincurchin|Recover|p2a: Pincurchin\n|-heal|p2a: Pincurchin|221/258 brn\n|\n|-damage|p2a: Pincurchin|205/258 brn|[from] brn\n|upkeep\n|turn|11\n|\n|t:|1781377725\n|move|p1a: Porygon2|Tri Attack|p2a: Pincurchin\n|-crit|p2a: Pincurchin\n|-damage|p2a: Pincurchin|48/258 brn\n|move|p2a: Pincurchin|Recover|p2a: Pincurchin\n|-heal|p2a: Pincurchin|177/258 brn\n|\n|-damage|p2a: Pincurchin|161/258 brn|[from] brn\n|upkeep\n|turn|12\n|\n|t:|1781377734\n|move|p1a: Porygon2|Tri Attack|p2a: Pincurchin\n|-damage|p2a: Pincurchin|50/258 brn\n|move|p2a: Pincurchin|Discharge|p1a: Porygon2\n|-damage|p1a: Porygon2|197/270\n|-status|p1a: Porygon2|par\n|\n|-damage|p2a: Pincurchin|34/258 brn|[from] brn\n|upkeep\n|turn|13\n|\n|t:|1781377750\n|move|p2a: Pincurchin|Spikes|p1a: Porygon2\n|-sidestart|p1: fetchy123|Spikes\n|cant|p1a: Porygon2|par\n|\n|-damage|p2a: Pincurchin|18/258 brn|[from] brn\n|upkeep\n|turn|14\n|\n|t:|1781377755\n|move|p2a: Pincurchin|Recover|p2a: Pincurchin\n|-heal|p2a: Pincurchin|147/258 brn\n|move|p1a: Porygon2|Tri Attack|p2a: Pincurchin\n|-damage|p2a: Pincurchin|38/258 brn\n|\n|-damage|p2a: Pincurchin|22/258 brn|[from] brn\n|upkeep\n|turn|15\n|\n|t:|1781377758\n|move|p2a: Pincurchin|Recover|p2a: Pincurchin\n|-heal|p2a: Pincurchin|151/258 brn\n|move|p1a: Porygon2|Tri Attack|p2a: Pincurchin\n|-damage|p2a: Pincurchin|42/258 brn\n|\n|-damage|p2a: Pincurchin|26/258 brn|[from] brn\n|upkeep\n|turn|16\n|\n|t:|1781377761\n|move|p2a: Pincurchin|Recover|p2a: Pincurchin\n|-heal|p2a: Pincurchin|155/258 brn\n|move|p1a: Porygon2|Tri Attack|p2a: Pincurchin\n|-damage|p2a: Pincurchin|52/258 brn\n|\n|-damage|p2a: Pincurchin|36/258 brn|[from] brn\n|upkeep\n|turn|17\n|\n|t:|1781377767\n|move|p2a: Pincurchin|Spikes|p1a: Porygon2\n|-sidestart|p1: fetchy123|Spikes\n|move|p1a: Porygon2|Recover|p1a: Porygon2\n|-heal|p1a: Porygon2|270/270 par\n|\n|-damage|p2a: Pincurchin|20/258 brn|[from] brn\n|upkeep\n|turn|18\n|\n|t:|1781377769\n|move|p2a: Pincurchin|Spikes|p1a: Porygon2\n|-sidestart|p1: fetchy123|Spikes\n|move|p1a: Porygon2|Tri Attack|p2a: Pincurchin\n|-damage|p2a: Pincurchin|0 fnt\n|faint|p2a: Pincurchin\n|\n|upkeep\n|\n|t:|1781377779\n|switch|p2a: Gengar|Gengar, L81, M|230/230\n|-damage|p2a: Gengar|192/230|[from] Spikes\n|turn|19\n|\n|t:|1781377788\n|move|p2a: Gengar|Encore|p1a: Porygon2\n|-start|p1a: Porygon2|Encore\n|move|p1a: Porygon2|Tri Attack|p2a: Gengar\n|-immune|p2a: Gengar\n|\n|upkeep\n|turn|20\n|\n|t:|1781377798\n|switch|p1a: Hitmonchan|Hitmonchan, L87, M|229/229\n|-damage|p1a: Hitmonchan|172/229|[from] Spikes\n|move|p2a: Gengar|Shadow Ball|p1a: Hitmonchan\n|-damage|p1a: Hitmonchan|69/229\n|-damage|p2a: Gengar|169/230|[from] item: Life Orb\n|\n|-heal|p1a: Hitmonchan|83/229|[from] item: Leftovers\n|upkeep\n|turn|21\n|\n|t:|1781377806\n|move|p2a: Gengar|Shadow Ball|p1a: Hitmonchan\n|-damage|p1a: Hitmonchan|0 fnt\n|faint|p1a: Hitmonchan\n|-damage|p2a: Gengar|146/230|[from] item: Life Orb\n|\n|upkeep\n|\n|t:|1781377816\n|switch|p1a: Bastiodon|Bastiodon, L89, M|252/252\n|-damage|p1a: Bastiodon|189/252|[from] Spikes\n|turn|22\n|\n|t:|1781377826\n|move|p2a: Gengar|Shadow Ball|p1a: Bastiodon\n|-damage|p1a: Bastiodon|107/252\n|-damage|p2a: Gengar|123/230|[from] item: Life Orb\n|move|p1a: Bastiodon|Foul Play|p2a: Gengar\n|-supereffective|p2a: Gengar\n|-damage|p2a: Gengar|27/230\n|\n|upkeep\n|turn|23\n|\n|t:|1781377834\n|move|p2a: Gengar|Focus Blast|p1a: Bastiodon\n|-supereffective|p1a: Bastiodon\n|-damage|p1a: Bastiodon|0 fnt\n|faint|p1a: Bastiodon\n|-damage|p2a: Gengar|4/230|[from] item: Life Orb\n|\n|upkeep\n|\n|t:|1781377845\n|switch|p1a: Walking Wake|Walking Wake, L79|286/286\n|-damage|p1a: Walking Wake|215/286|[from] Spikes\n|turn|24\n|\n|t:|1781377850\n|move|p2a: Gengar|Sludge Wave|p1a: Walking Wake\n|-damage|p1a: Walking Wake|47/286\n|-damage|p2a: Gengar|0 fnt|[from] item: Life Orb\n|faint|p2a: Gengar\n|move|p1a: Walking Wake|Flip Turn|p2: Gengar|[notarget]\n|-fail|p1a: Walking Wake\n|\n|upkeep\n|\n|t:|1781377865\n|switch|p2a: Cloyster|Cloyster, L80, M|211/211\n|-damage|p2a: Cloyster|176/211|[from] Spikes\n|turn|25\n|\n|t:|1781377868\n|move|p1a: Walking Wake|Flip Turn|p2a: Cloyster\n|-resisted|p2a: Cloyster\n|-damage|p2a: Cloyster|161/211\n|\n|t:|1781377870\n|-end|p1a: Walking Wake|Protosynthesis|[silent]\n|switch|p1a: Porygon2|Porygon2, L81|270/270 par|[from] Flip Turn\n|-damage|p1a: Porygon2|203/270 par|[from] Spikes\n|-ability|p1a: Porygon2|Download|boost\n|-boost|p1a: Porygon2|spa|1\n|move|p2a: Cloyster|Shell Smash|p2a: Cloyster\n|-unboost|p2a: Cloyster|def|1\n|-unboost|p2a: Cloyster|spd|1\n|-boost|p2a: Cloyster|atk|2\n|-boost|p2a: Cloyster|spa|2\n|-boost|p2a: Cloyster|spe|2\n|-enditem|p2a: Cloyster|White Herb\n|-clearnegativeboost|p2a: Cloyster|[silent]\n|\n|upkeep\n|turn|26\n|\n|t:|1781377881\n|move|p2a: Cloyster|Icicle Spear|p1a: Porygon2\n|-damage|p1a: Porygon2|172/270 par\n|-damage|p1a: Porygon2|136/270 par\n|-damage|p1a: Porygon2|102/270 par\n|-damage|p1a: Porygon2|66/270 par\n|-damage|p1a: Porygon2|30/270 par\n|-hitcount|p1a: Porygon2|5\n|move|p1a: Porygon2|Tri Attack|p2a: Cloyster\n|-damage|p2a: Cloyster|0 fnt\n|faint|p2a: Cloyster\n|\n|upkeep\n|\n|t:|1781377889\n|switch|p2a: Tsareena|Tsareena, L87, F|216/267\n|-damage|p2a: Tsareena|172/267|[from] Spikes\n|turn|27\n|\n|t:|1781377895\n|move|p2a: Tsareena|Knock Off|p1a: Porygon2\n|-damage|p1a: Porygon2|0 fnt\n|-enditem|p1a: Porygon2|Eviolite|[from] move: Knock Off|[of] p2a: Tsareena\n|faint|p1a: Porygon2\n|\n|upkeep\n|\n|t:|1781377897\n|switch|p1a: Walking Wake|Walking Wake, L79|47/286\n|-damage|p1a: Walking Wake|0 fnt|[from] Spikes\n|faint|p1a: Walking Wake\n|-end|p1a: Walking Wake|Protosynthesis|[silent]\n|\n|win|InstantRamenPack\n", "uploadtime": 1781377538, "views": 6, "formatid": "gen9randombattle", "rating": null, "private": 0, "password": null}