{"id": "gen9randombattle-2631621227", "format": "[Gen 9] Random Battle", "players": ["Kabia San", "Shuri2060"], "log": "|j|\u2606Kabia San\n|j|\u203dShuri2060\n|t:|1781410140\n|gametype|singles\n|player|p1|Kabia San|266|1774\n|player|p2|Shuri2060|102|1733\n|gen|9\n|tier|[Gen 9] Random Battle\n|rated|\n|rule|Species Clause: Limit one of each Pok\u00e9mon\n|rule|HP Percentage Mod: HP is shown in percentages\n|rule|Sleep Clause Mod: Limit one foe put to sleep\n|rule|Illusion Level Mod: Illusion disguises the Pok\u00e9mon's true level\n|\n|t:|1781410140\n|teamsize|p1|6\n|teamsize|p2|6\n|start\n|switch|p1a: Samurott|Samurott-Hisui, L77, M|265/265\n|switch|p2a: Fezandipiti|Fezandipiti, L82, M|278/278\n|turn|1\n|inactive|Battle timer is ON: inactive players will automatically lose when time's up. (requested by Shuri2060)\n|\n|t:|1781410151\n|switch|p1a: Piloswine|Piloswine, L85, M|309/309\n|move|p2a: Fezandipiti|Moonblast|p1a: Piloswine\n|-damage|p1a: Piloswine|239/309\n|\n|upkeep\n|turn|2\n|\n|t:|1781410171\n|move|p2a: Fezandipiti|Beat Up|p1a: Piloswine\n|-crit|p1a: Piloswine\n|-damage|p1a: Piloswine|229/309\n|-damage|p1a: Piloswine|219/309\n|-damage|p1a: Piloswine|214/309\n|-status|p1a: Piloswine|tox|[from] ability: Toxic Chain|[of] p2a: Fezandipiti\n|-damage|p1a: Piloswine|206/309 tox\n|-damage|p1a: Piloswine|197/309 tox\n|-damage|p1a: Piloswine|192/309 tox\n|-hitcount|p1a: Piloswine|6\n|move|p1a: Piloswine|Stealth Rock|p2a: Fezandipiti\n|-sidestart|p2: Shuri2060|move: Stealth Rock\n|\n|-damage|p1a: Piloswine|173/309 tox|[from] psn\n|upkeep\n|turn|3\n|inactive|Shuri2060 has 120 seconds left.\n|\n|t:|1781410199\n|switch|p2a: Rillaboom|Rillaboom, L79, F|288/288\n|-damage|p2a: Rillaboom|252/288|[from] Stealth Rock\n|-fieldstart|move: Grassy Terrain|[from] ability: Grassy Surge|[of] p2a: Rillaboom\n|move|p1a: Piloswine|Roar|p2a: Rillaboom\n|drag|p2a: Fezandipiti|Fezandipiti, L82, M|278/278\n|-damage|p2a: Fezandipiti|244/278|[from] Stealth Rock\n|\n|-heal|p2a: Fezandipiti|261/278|[from] Grassy Terrain\n|-heal|p2a: Fezandipiti|278/278|[from] item: Leftovers\n|-heal|p1a: Piloswine|192/309 tox|[from] Grassy Terrain\n|-damage|p1a: Piloswine|154/309 tox|[from] psn\n|upkeep\n|turn|4\n|inactive|Shuri2060 has 120 seconds left.\n|\n|t:|1781410211\n|move|p2a: Fezandipiti|Moonblast|p1a: Piloswine\n|-damage|p1a: Piloswine|84/309 tox\n|-unboost|p1a: Piloswine|spa|1\n|move|p1a: Piloswine|Icicle Crash|p2a: Fezandipiti\n|-damage|p2a: Fezandipiti|184/278\n|\n|-heal|p2a: Fezandipiti|201/278|[from] Grassy Terrain\n|-heal|p2a: Fezandipiti|218/278|[from] item: Leftovers\n|-heal|p1a: Piloswine|103/309 tox|[from] Grassy Terrain\n|-damage|p1a: Piloswine|46/309 tox|[from] psn\n|upkeep\n|turn|5\n|\n|t:|1781410219\n|move|p2a: Fezandipiti|Moonblast|p1a: Piloswine\n|-damage|p1a: Piloswine|0 fnt\n|faint|p1a: Piloswine\n|\n|-heal|p2a: Fezandipiti|235/278|[from] Grassy Terrain\n|-heal|p2a: Fezandipiti|252/278|[from] item: Leftovers\n|upkeep\n|inactive|Kabia San has 120 seconds left.\n|\n|t:|1781410255\n|switch|p1a: Amoonguss|Amoonguss, L82, F|321/321\n|turn|6\n|\n|t:|1781410272\n|switch|p2a: Grumpig|Grumpig, L92, F|297/297\n|-damage|p2a: Grumpig|260/297|[from] Stealth Rock\n|move|p1a: Amoonguss|Sludge Bomb|p2a: Grumpig\n|-damage|p2a: Grumpig|199/297\n|\n|-heal|p2a: Grumpig|217/297|[from] Grassy Terrain\n|upkeep\n|turn|7\n|inactive|Kabia San has 120 seconds left.\n|\n|t:|1781410306\n|switch|p1a: Samurott|Samurott-Hisui, L77, M|265/265\n|move|p2a: Grumpig|Focus Blast|p1a: Samurott\n|-supereffective|p1a: Samurott\n|-damage|p1a: Samurott|25/265\n|\n|-heal|p2a: Grumpig|235/297|[from] Grassy Terrain\n|-heal|p1a: Samurott|41/265|[from] Grassy Terrain\n|-fieldend|move: Grassy Terrain\n|upkeep\n|turn|8\n|\n|t:|1781410318\n|switch|p2a: Fezandipiti|Fezandipiti, L82, M|252/278\n|-damage|p2a: Fezandipiti|218/278|[from] Stealth Rock\n|move|p1a: Samurott|Ceaseless Edge|p2a: Fezandipiti\n|-resisted|p2a: Fezandipiti\n|-damage|p2a: Fezandipiti|152/278\n|-sidestart|p2: Shuri2060|Spikes\n|-damage|p1a: Samurott|15/265|[from] item: Life Orb\n|\n|-heal|p2a: Fezandipiti|169/278|[from] item: Leftovers\n|upkeep\n|turn|9\n|\n|t:|1781410332\n|move|p2a: Fezandipiti|Moonblast|p1a: Samurott\n|-supereffective|p1a: Samurott\n|-damage|p1a: Samurott|0 fnt\n|faint|p1a: Samurott\n|\n|-heal|p2a: Fezandipiti|186/278|[from] item: Leftovers\n|upkeep\n|\n|t:|1781410357\n|switch|p1a: Amoonguss|Amoonguss, L82, F|321/321\n|turn|10\n|\n|t:|1781410361\n|move|p2a: Fezandipiti|Gunk Shot|p1a: Amoonguss|[miss]\n|-miss|p2a: Fezandipiti|p1a: Amoonguss\n|move|p1a: Amoonguss|Sludge Bomb|p2a: Fezandipiti\n|-damage|p2a: Fezandipiti|120/278\n|\n|-heal|p2a: Fezandipiti|137/278|[from] item: Leftovers\n|upkeep\n|turn|11\n|inactive|Kabia San has 90 seconds left.\n|\n|t:|1781410399\n|move|p2a: Fezandipiti|Roost|p2a: Fezandipiti\n|-heal|p2a: Fezandipiti|276/278\n|-singleturn|p2a: Fezandipiti|move: Roost\n|move|p1a: Amoonguss|Sludge Bomb|p2a: Fezandipiti\n|-damage|p2a: Fezandipiti|212/278\n|\n|-heal|p2a: Fezandipiti|229/278|[from] item: Leftovers\n|upkeep\n|turn|12\n|\n|t:|1781410405\n|move|p2a: Fezandipiti|Gunk Shot|p1a: Amoonguss\n|-damage|p1a: Amoonguss|173/321\n|move|p1a: Amoonguss|Spore|p2a: Fezandipiti\n|-status|p2a: Fezandipiti|slp|[from] move: Spore\n|\n|-heal|p2a: Fezandipiti|246/278 slp|[from] item: Leftovers\n|-heal|p1a: Amoonguss|193/321|[from] item: Leftovers\n|upkeep\n|turn|13\n|\n|t:|1781410414\n|switch|p1a: Lapras|Lapras, L87, F|367/367\n|cant|p2a: Fezandipiti|slp\n|\n|-heal|p2a: Fezandipiti|263/278 slp|[from] item: Leftovers\n|upkeep\n|turn|14\n|\n|t:|1781410434\n|switch|p2a: Iron Hands|Iron Hands, L79|373/373\n|-damage|p2a: Iron Hands|350/373|[from] Stealth Rock\n|-damage|p2a: Iron Hands|304/373|[from] Spikes\n|move|p1a: Lapras|Dragon Dance|p1a: Lapras\n|-boost|p1a: Lapras|atk|1\n|-boost|p1a: Lapras|spe|1\n|\n|-heal|p2a: Iron Hands|327/373|[from] item: Leftovers\n|upkeep\n|turn|15\n|\n|t:|1781410445\n|-terastallize|p1a: Lapras|Ground\n|move|p1a: Lapras|Earthquake|p2a: Iron Hands\n|-supereffective|p2a: Iron Hands\n|-damage|p2a: Iron Hands|51/373\n|move|p2a: Iron Hands|Drain Punch|p1a: Lapras\n|-damage|p1a: Lapras|268/367\n|-heal|p2a: Iron Hands|101/373|[from] drain|[of] p1a: Lapras\n|\n|-heal|p2a: Iron Hands|124/373|[from] item: Leftovers\n|upkeep\n|turn|16\n|inactive|Kabia San has 120 seconds left.\n|\n|t:|1781410460\n|-terastallize|p2a: Iron Hands|Flying\n|move|p1a: Lapras|Icicle Spear|p2a: Iron Hands\n|-supereffective|p2a: Iron Hands\n|-damage|p2a: Iron Hands|50/373\n|-supereffective|p2a: Iron Hands\n|-damage|p2a: Iron Hands|0 fnt\n|faint|p2a: Iron Hands\n|-end|p2a: Iron Hands|Quark Drive|[silent]\n|-hitcount|p2: Iron Hands|2\n|\n|upkeep\n|\n|t:|1781410469\n|switch|p2a: Rillaboom|Rillaboom, L79, F|252/288\n|-damage|p2a: Rillaboom|216/288|[from] Stealth Rock\n|-damage|p2a: Rillaboom|180/288|[from] Spikes\n|-fieldstart|move: Grassy Terrain|[from] ability: Grassy Surge|[of] p2a: Rillaboom\n|turn|17\n|\n|t:|1781410472\n|move|p2a: Rillaboom|Grassy Glide|p1a: Lapras\n|-supereffective|p1a: Lapras\n|-damage|p1a: Lapras|0 fnt\n|faint|p1a: Lapras\n|\n|-heal|p2a: Rillaboom|198/288|[from] Grassy Terrain\n|upkeep\n|\n|t:|1781410480\n|switch|p1a: Vivillon|Vivillon-Sandstorm, L83, M|268/268\n|turn|18\n|\n|t:|1781410490\n|switch|p2a: Carbink|Carbink, L90|236/236\n|-damage|p2a: Carbink|207/236|[from] Stealth Rock\n|-damage|p2a: Carbink|178/236|[from] Spikes\n|move|p1a: Vivillon|Quiver Dance|p1a: Vivillon\n|-boost|p1a: Vivillon|spa|1\n|-boost|p1a: Vivillon|spd|1\n|-boost|p1a: Vivillon|spe|1\n|\n|-heal|p2a: Carbink|192/236|[from] Grassy Terrain\n|-heal|p2a: Carbink|206/236|[from] item: Leftovers\n|upkeep\n|turn|19\n|\n|t:|1781410501\n|move|p1a: Vivillon|Hurricane|p2a: Carbink\n|-resisted|p2a: Carbink\n|-damage|p2a: Carbink|156/236\n|move|p2a: Carbink|Moonblast|p1a: Vivillon\n|-damage|p1a: Vivillon|201/268\n|-unboost|p1a: Vivillon|spa|1\n|\n|-heal|p2a: Carbink|170/236|[from] Grassy Terrain\n|-heal|p2a: Carbink|184/236|[from] item: Leftovers\n|upkeep\n|turn|20\n|\n|t:|1781410508\n|switch|p1a: Amoonguss|Amoonguss, L82, F|300/321\n|move|p2a: Carbink|Moonblast|p1a: Amoonguss\n|-resisted|p1a: Amoonguss\n|-damage|p1a: Amoonguss|258/321\n|-unboost|p1a: Amoonguss|spa|1\n|\n|-heal|p2a: Carbink|198/236|[from] Grassy Terrain\n|-heal|p2a: Carbink|212/236|[from] item: Leftovers\n|-heal|p1a: Amoonguss|278/321|[from] Grassy Terrain\n|-heal|p1a: Amoonguss|298/321|[from] item: Leftovers\n|upkeep\n|turn|21\n|\n|t:|1781410516\n|switch|p2a: Fezandipiti|Fezandipiti, L82, M|263/278 slp\n|-damage|p2a: Fezandipiti|229/278 slp|[from] Stealth Rock\n|-damage|p2a: Fezandipiti|195/278 slp|[from] Spikes\n|move|p1a: Amoonguss|Giga Drain|p2a: Fezandipiti\n|-resisted|p2a: Fezandipiti\n|-damage|p2a: Fezandipiti|173/278 slp\n|-heal|p1a: Amoonguss|309/321|[from] drain|[of] p2a: Fezandipiti\n|\n|-heal|p2a: Fezandipiti|190/278 slp|[from] Grassy Terrain\n|-heal|p2a: Fezandipiti|207/278 slp|[from] item: Leftovers\n|-heal|p1a: Amoonguss|321/321|[from] Grassy Terrain\n|-fieldend|move: Grassy Terrain\n|upkeep\n|turn|22\n|\n|t:|1781410526\n|switch|p1a: Vivillon|Vivillon-Sandstorm, L83, M|201/268\n|cant|p2a: Fezandipiti|slp\n|\n|-heal|p2a: Fezandipiti|224/278 slp|[from] item: Leftovers\n|upkeep\n|turn|23\n|\n|t:|1781410538\n|-curestatus|p2a: Fezandipiti|slp|[msg]\n|move|p2a: Fezandipiti|Beat Up|p1a: Vivillon\n|-damage|p1a: Vivillon|187/268\n|-damage|p1a: Vivillon|176/268\n|-status|p1a: Vivillon|tox|[from] ability: Toxic Chain|[of] p2a: Fezandipiti\n|-damage|p1a: Vivillon|158/268 tox\n|-damage|p1a: Vivillon|138/268 tox\n|-damage|p1a: Vivillon|128/268 tox\n|-hitcount|p1a: Vivillon|5\n|move|p1a: Vivillon|Quiver Dance|p1a: Vivillon\n|-boost|p1a: Vivillon|spa|1\n|-boost|p1a: Vivillon|spd|1\n|-boost|p1a: Vivillon|spe|1\n|\n|-heal|p2a: Fezandipiti|241/278|[from] item: Leftovers\n|-damage|p1a: Vivillon|112/268 tox|[from] psn\n|upkeep\n|turn|24\n|\n|t:|1781410564\n|move|p1a: Vivillon|Hurricane|p2a: Fezandipiti|[miss]\n|-miss|p1a: Vivillon|p2a: Fezandipiti\n|move|p2a: Fezandipiti|Moonblast|p1a: Vivillon\n|-damage|p1a: Vivillon|39/268 tox\n|\n|-heal|p2a: Fezandipiti|258/278|[from] item: Leftovers\n|-damage|p1a: Vivillon|7/268 tox|[from] psn\n|upkeep\n|turn|25\n|\n|t:|1781410568\n|move|p1a: Vivillon|Sleep Powder|p2a: Fezandipiti\n|-status|p2a: Fezandipiti|slp|[from] move: Sleep Powder\n|cant|p2a: Fezandipiti|slp\n|\n|-heal|p2a: Fezandipiti|275/278 slp|[from] item: Leftovers\n|-damage|p1a: Vivillon|0 fnt|[from] psn\n|faint|p1a: Vivillon\n|upkeep\n|\n|t:|1781410570\n|switch|p1a: Rayquaza|Rayquaza, L72|270/270\n|-ability|p1a: Rayquaza|Air Lock\n|turn|26\n|\n|t:|1781410579\n|switch|p2a: Carbink|Carbink, L90|212/236\n|-damage|p2a: Carbink|183/236|[from] Stealth Rock\n|-damage|p2a: Carbink|154/236|[from] Spikes\n|move|p1a: Rayquaza|Swords Dance|p1a: Rayquaza\n|-boost|p1a: Rayquaza|atk|2\n|\n|-heal|p2a: Carbink|168/236|[from] item: Leftovers\n|upkeep\n|turn|27\n|\n|t:|1781410589\n|move|p1a: Rayquaza|Earthquake|p2a: Carbink\n|-supereffective|p2a: Carbink\n|-damage|p2a: Carbink|0 fnt\n|faint|p2a: Carbink\n|\n|upkeep\n|\n|t:|1781410595\n|switch|p2a: Urshifu|Urshifu, L74, M|270/270\n|-damage|p2a: Urshifu|254/270|[from] Stealth Rock\n|-damage|p2a: Urshifu|221/270|[from] Spikes\n|turn|28\n|\n|t:|1781410603\n|move|p2a: Urshifu|Wicked Blow|p1a: Rayquaza\n|-crit|p1a: Rayquaza\n|-damage|p1a: Rayquaza|57/270\n|move|p1a: Rayquaza|Swords Dance|p1a: Rayquaza\n|-boost|p1a: Rayquaza|atk|2\n|\n|upkeep\n|turn|29\n|\n|t:|1781410608\n|move|p1a: Rayquaza|Extreme Speed|p2a: Urshifu\n|-damage|p2a: Urshifu|31/270\n|move|p2a: Urshifu|Wicked Blow|p1a: Rayquaza\n|-crit|p1a: Rayquaza\n|-damage|p1a: Rayquaza|0 fnt\n|faint|p1a: Rayquaza\n|\n|upkeep\n|\n|t:|1781410613\n|switch|p1a: Amoonguss|Amoonguss, L82, F|321/321\n|turn|30\n|\n|t:|1781410617\n|move|p2a: Urshifu|Wicked Blow|p1a: Amoonguss\n|-crit|p1a: Amoonguss\n|-damage|p1a: Amoonguss|98/321\n|move|p1a: Amoonguss|Spore|p2a: Urshifu\n|-message|Sleep Clause Mod activated.\n|-hint|Sleep Clause Mod prevents players from putting more than one of their opponent's Pok\u00e9mon to sleep at a time\n|\n|-heal|p1a: Amoonguss|118/321|[from] item: Leftovers\n|upkeep\n|turn|31\n|\n|t:|1781410622\n|move|p2a: Urshifu|Wicked Blow|p1a: Amoonguss\n|-crit|p1a: Amoonguss\n|-damage|p1a: Amoonguss|0 fnt\n|faint|p1a: Amoonguss\n|\n|win|Shuri2060\n|raw|Kabia San's rating: 1774 &rarr; <strong>1752</strong><br />(-22 for losing)\n|raw|Shuri2060's rating: 1733 &rarr; <strong>1755</strong><br />(+22 for winning)\n|l|\u2606Kabia San\n|player|p1|\n", "uploadtime": 1781410628, "views": 7, "formatid": "gen9randombattle", "rating": 1752, "private": 0, "password": null}