{"id": "gen9randombattle-2631610066", "format": "[Gen 9] Random Battle", "players": ["Best Kittel", "silverfox265"], "log": "|j|\u2606Best Kittel\n|j|\u2606silverfox265\n|t:|1781408433\n|gametype|singles\n|player|p1|Best Kittel|volkner|1654\n|player|p2|silverfox265|101|1658\n|gen|9\n|tier|[Gen 9] Random Battle\n|rated|\n|rule|Species Clause: Limit one of each Pok\u00e9mon\n|rule|HP Percentage Mod: HP is shown in percentages\n|rule|Sleep Clause Mod: Limit one foe put to sleep\n|rule|Illusion Level Mod: Illusion disguises the Pok\u00e9mon's true level\n|\n|t:|1781408433\n|teamsize|p1|6\n|teamsize|p2|6\n|start\n|switch|p1a: Suicune|Suicune, L82|298/298\n|switch|p2a: Suicune|Suicune, L82|298/298\n|-ability|p1a: Suicune|Pressure\n|-ability|p2a: Suicune|Pressure\n|turn|1\n|inactive|Battle timer is ON: inactive players will automatically lose when time's up. (requested by silverfox265)\n|\n|t:|1781408456\n|switch|p1a: Eelektross|Eelektross, L87, M|290/290\n|move|p2a: Suicune|Substitute|p2a: Suicune\n|-start|p2a: Suicune|Substitute\n|-damage|p2a: Suicune|224/298\n|\n|-heal|p2a: Suicune|242/298|[from] item: Leftovers\n|upkeep\n|turn|2\n|\n|t:|1781408462\n|move|p2a: Suicune|Protect|p2a: Suicune\n|-singleturn|p2a: Suicune|Protect\n|move|p1a: Eelektross|Supercell Slam|p2a: Suicune\n|-activate|p2a: Suicune|move: Protect\n|-damage|p1a: Eelektross|145/290|[from] supercellslam\n|\n|-heal|p2a: Suicune|260/298|[from] item: Leftovers\n|-heal|p1a: Eelektross|163/290|[from] item: Leftovers\n|upkeep\n|turn|3\n|\n|t:|1781408471\n|move|p2a: Suicune|Calm Mind|p2a: Suicune\n|-boost|p2a: Suicune|spa|1\n|-boost|p2a: Suicune|spd|1\n|move|p1a: Eelektross|Supercell Slam|p2a: Suicune\n|-supereffective|p2a: Suicune\n|-end|p2a: Suicune|Substitute\n|\n|-heal|p2a: Suicune|278/298|[from] item: Leftovers\n|-heal|p1a: Eelektross|181/290|[from] item: Leftovers\n|upkeep\n|turn|4\n|\n|t:|1781408474\n|move|p2a: Suicune|Protect|p2a: Suicune\n|-singleturn|p2a: Suicune|Protect\n|move|p1a: Eelektross|Coil|p1a: Eelektross\n|-boost|p1a: Eelektross|atk|1\n|-boost|p1a: Eelektross|def|1\n|-boost|p1a: Eelektross|accuracy|1\n|\n|-heal|p2a: Suicune|296/298|[from] item: Leftovers\n|-heal|p1a: Eelektross|199/290|[from] item: Leftovers\n|upkeep\n|turn|5\n|\n|t:|1781408479\n|move|p2a: Suicune|Substitute|p2a: Suicune\n|-start|p2a: Suicune|Substitute\n|-damage|p2a: Suicune|222/298\n|move|p1a: Eelektross|Supercell Slam|p2a: Suicune\n|-supereffective|p2a: Suicune\n|-end|p2a: Suicune|Substitute\n|\n|-heal|p2a: Suicune|240/298|[from] item: Leftovers\n|-heal|p1a: Eelektross|217/290|[from] item: Leftovers\n|upkeep\n|turn|6\n|\n|t:|1781408482\n|move|p2a: Suicune|Scald|p1a: Eelektross\n|-damage|p1a: Eelektross|108/290\n|move|p1a: Eelektross|Coil|p1a: Eelektross\n|-boost|p1a: Eelektross|atk|1\n|-boost|p1a: Eelektross|def|1\n|-boost|p1a: Eelektross|accuracy|1\n|\n|-heal|p2a: Suicune|258/298|[from] item: Leftovers\n|-heal|p1a: Eelektross|126/290|[from] item: Leftovers\n|upkeep\n|turn|7\n|\n|t:|1781408490\n|move|p2a: Suicune|Substitute|p2a: Suicune\n|-start|p2a: Suicune|Substitute\n|-damage|p2a: Suicune|184/298\n|move|p1a: Eelektross|Drain Punch|p2a: Suicune\n|-end|p2a: Suicune|Substitute\n|-heal|p1a: Eelektross|163/290|[from] drain|[of] p2a: Suicune\n|\n|-heal|p2a: Suicune|202/298|[from] item: Leftovers\n|-heal|p1a: Eelektross|181/290|[from] item: Leftovers\n|upkeep\n|turn|8\n|\n|t:|1781408498\n|move|p2a: Suicune|Scald|p1a: Eelektross\n|-damage|p1a: Eelektross|70/290\n|-status|p1a: Eelektross|brn\n|move|p1a: Eelektross|Drain Punch|p2a: Suicune\n|-damage|p2a: Suicune|146/298\n|-heal|p1a: Eelektross|98/290 brn|[from] drain|[of] p2a: Suicune\n|\n|-heal|p2a: Suicune|164/298|[from] item: Leftovers\n|-heal|p1a: Eelektross|116/290 brn|[from] item: Leftovers\n|-damage|p1a: Eelektross|98/290 brn|[from] brn\n|upkeep\n|turn|9\n|\n|t:|1781408508\n|move|p2a: Suicune|Protect|p2a: Suicune\n|-singleturn|p2a: Suicune|Protect\n|move|p1a: Eelektross|Drain Punch|p2a: Suicune\n|-activate|p2a: Suicune|move: Protect\n|\n|-heal|p2a: Suicune|182/298|[from] item: Leftovers\n|-heal|p1a: Eelektross|116/290 brn|[from] item: Leftovers\n|-damage|p1a: Eelektross|98/290 brn|[from] brn\n|upkeep\n|turn|10\n|\n|t:|1781408513\n|move|p2a: Suicune|Scald|p1a: Eelektross\n|-damage|p1a: Eelektross|0 fnt\n|faint|p1a: Eelektross\n|\n|-heal|p2a: Suicune|200/298|[from] item: Leftovers\n|upkeep\n|\n|t:|1781408519\n|switch|p1a: Iron Bundle|Iron Bundle, L78|215/215\n|turn|11\n|\n|t:|1781408523\n|move|p2a: Suicune|Protect|p2a: Suicune\n|-singleturn|p2a: Suicune|Protect\n|move|p1a: Iron Bundle|Freeze-Dry|p2a: Suicune\n|-activate|p2a: Suicune|move: Protect\n|\n|-heal|p2a: Suicune|218/298|[from] item: Leftovers\n|upkeep\n|turn|12\n|\n|t:|1781408531\n|switch|p2a: Grumpig|Grumpig, L92, M|297/297\n|move|p1a: Iron Bundle|Freeze-Dry|p2a: Grumpig\n|-damage|p2a: Grumpig|255/297\n|\n|-heal|p2a: Grumpig|273/297|[from] item: Leftovers\n|upkeep\n|turn|13\n|\n|t:|1781408551\n|-end|p1a: Iron Bundle|Quark Drive|[silent]\n|switch|p1a: Dragapult|Dragapult, L77, M|262/262\n|move|p2a: Grumpig|Focus Blast|p1a: Dragapult\n|-immune|p1a: Dragapult\n|\n|-heal|p2a: Grumpig|291/297|[from] item: Leftovers\n|upkeep\n|turn|14\n|\n|t:|1781408557\n|move|p1a: Dragapult|Shadow Ball|p2a: Grumpig\n|-supereffective|p2a: Grumpig\n|-damage|p2a: Grumpig|133/297\n|move|p2a: Grumpig|Shadow Ball|p1a: Dragapult\n|-supereffective|p1a: Dragapult\n|-crit|p1a: Dragapult\n|-damage|p1a: Dragapult|18/262\n|-unboost|p1a: Dragapult|spd|1\n|\n|-heal|p2a: Grumpig|151/297|[from] item: Leftovers\n|upkeep\n|turn|15\n|\n|t:|1781408565\n|move|p1a: Dragapult|Shadow Ball|p2a: Grumpig\n|-supereffective|p2a: Grumpig\n|-damage|p2a: Grumpig|0 fnt\n|faint|p2a: Grumpig\n|\n|upkeep\n|\n|t:|1781408577\n|switch|p2a: Suicune|Suicune, L82|218/298\n|-ability|p2a: Suicune|Pressure\n|turn|16\n|\n|t:|1781408585\n|switch|p1a: Iron Bundle|Iron Bundle, L78|215/215\n|move|p2a: Suicune|Protect||[still]\n|-fail|p2a: Suicune\n|\n|-heal|p2a: Suicune|236/298|[from] item: Leftovers\n|upkeep\n|turn|17\n|\n|t:|1781408592\n|switch|p2a: Articuno|Articuno, L86|295/295\n|-ability|p2a: Articuno|Pressure\n|move|p1a: Iron Bundle|Freeze-Dry|p2a: Articuno\n|-damage|p2a: Articuno|211/295\n|\n|upkeep\n|turn|18\n|\n|t:|1781408597\n|-end|p1a: Iron Bundle|Quark Drive|[silent]\n|switch|p1a: Iron Treads|Iron Treads, L77|265/265\n|move|p2a: Articuno|Roost|p2a: Articuno\n|-heal|p2a: Articuno|295/295\n|-singleturn|p2a: Articuno|move: Roost\n|\n|upkeep\n|turn|19\n|\n|t:|1781408606\n|switch|p2a: Suicune|Suicune, L82|236/298\n|-ability|p2a: Suicune|Pressure\n|move|p1a: Iron Treads|Stealth Rock|p2a: Suicune\n|-sidestart|p2: silverfox265|move: Stealth Rock\n|\n|-heal|p2a: Suicune|254/298|[from] item: Leftovers\n|upkeep\n|turn|20\n|\n|t:|1781408609\n|-end|p1a: Iron Treads|Quark Drive|[silent]\n|switch|p1a: Iron Bundle|Iron Bundle, L78|215/215\n|move|p2a: Suicune|Scald|p1a: Iron Bundle\n|-resisted|p1a: Iron Bundle\n|-damage|p1a: Iron Bundle|160/215\n|\n|-heal|p2a: Suicune|272/298|[from] item: Leftovers\n|upkeep\n|turn|21\n|\n|t:|1781408616\n|switch|p2a: Slowking|Slowking, L88, M|310/310\n|move|p1a: Iron Bundle|Freeze-Dry|p2a: Slowking\n|-supereffective|p2a: Slowking\n|-damage|p2a: Slowking|112/310\n|\n|upkeep\n|turn|22\n|\n|t:|1781408621\n|move|p1a: Iron Bundle|Freeze-Dry|p2a: Slowking\n|-supereffective|p2a: Slowking\n|-damage|p2a: Slowking|0 fnt\n|faint|p2a: Slowking\n|\n|upkeep\n|\n|t:|1781408627\n|switch|p2a: Annihilape|Annihilape, L76, F|292/292\n|-damage|p2a: Annihilape|274/292|[from] Stealth Rock\n|turn|23\n|\n|t:|1781408634\n|-end|p1a: Iron Bundle|Quark Drive|[silent]\n|switch|p1a: Banette|Banette, L93, M|270/270\n|move|p2a: Annihilape|Drain Punch|p1a: Banette\n|-immune|p1a: Banette\n|\n|-heal|p2a: Annihilape|292/292|[from] item: Leftovers\n|upkeep\n|turn|24\n|\n|t:|1781408638\n|move|p2a: Annihilape|Bulk Up|p2a: Annihilape\n|-boost|p2a: Annihilape|atk|1\n|-boost|p2a: Annihilape|def|1\n|move|p1a: Banette|Poltergeist|p2a: Annihilape\n|-activate|p2a: Annihilape|move: Poltergeist|Leftovers\n|-supereffective|p2a: Annihilape\n|-damage|p2a: Annihilape|0 fnt\n|faint|p2a: Annihilape\n|-damage|p1a: Banette|243/270|[from] item: Life Orb\n|\n|upkeep\n|\n|t:|1781408642\n|switch|p2a: Sunflora|Sunflora, M|312/312\n|-damage|p2a: Sunflora|273/312|[from] Stealth Rock\n|turn|25\n|\n|t:|1781408651\n|move|p1a: Banette|Gunk Shot|p2a: Sunflora|[miss]\n|-miss|p1a: Banette|p2a: Sunflora\n|move|p2a: Sunflora|Sunny Day|p2a: Sunflora\n|-weather|SunnyDay\n|\n|-weather|SunnyDay|[upkeep]\n|upkeep\n|turn|26\n|\n|t:|1781408661\n|move|p2a: Sunflora|Solar Beam||[still]\n|-prepare|p2a: Sunflora|Solar Beam\n|-anim|p2a: Sunflora|Solar Beam|p1a: Banette\n|-damage|p1a: Banette|0 fnt\n|faint|p1a: Banette\n|-damage|p2a: Sunflora|242/312|[from] item: Life Orb\n|\n|-weather|SunnyDay|[upkeep]\n|upkeep\n|\n|t:|1781408670\n|switch|p1a: Dragapult|Dragapult, L77, M|18/262\n|turn|27\n|\n|t:|1781408675\n|move|p1a: Dragapult|Fire Blast|p2a: Sunflora\n|-supereffective|p2a: Sunflora\n|-damage|p2a: Sunflora|0 fnt\n|faint|p2a: Sunflora\n|\n|-weather|SunnyDay|[upkeep]\n|upkeep\n|\n|t:|1781408680\n|switch|p2a: Articuno|Articuno, L86|295/295\n|-ability|p2a: Articuno|Pressure\n|turn|28\n|\n|t:|1781408687\n|switch|p1a: Iron Treads|Iron Treads, L77|265/265\n|move|p2a: Articuno|Freeze-Dry|p1a: Iron Treads\n|-crit|p1a: Iron Treads\n|-damage|p1a: Iron Treads|121/265\n|\n|-weather|SunnyDay|[upkeep]\n|-heal|p1a: Iron Treads|137/265|[from] item: Leftovers\n|upkeep\n|turn|29\n|c|\u2606silverfox265|gg\n|\n|t:|1781408696\n|move|p1a: Iron Treads|Iron Head|p2a: Articuno\n|-supereffective|p2a: Articuno\n|-damage|p2a: Articuno|143/295\n|cant|p2a: Articuno|flinch\n|\n|-weather|none\n|-heal|p1a: Iron Treads|153/265|[from] item: Leftovers\n|upkeep\n|turn|30\n|c|\u2606Best Kittel|Gg\n|\n|t:|1781408703\n|-terastallize|p2a: Articuno|Steel\n|move|p1a: Iron Treads|Iron Head|p2a: Articuno\n|-resisted|p2a: Articuno\n|-damage|p2a: Articuno|108/295\n|cant|p2a: Articuno|flinch\n|\n|-heal|p1a: Iron Treads|169/265|[from] item: Leftovers\n|upkeep\n|turn|31\n|-message|silverfox265 forfeited.\n|\n|win|Best Kittel\n|raw|Best Kittel's rating: 1654 &rarr; <strong>1674</strong><br />(+20 for winning)\n|raw|silverfox265's rating: 1658 &rarr; <strong>1638</strong><br />(-20 for losing)\n|l|\u2606silverfox265\n|player|p2|\n", "uploadtime": 1781408714, "views": 4, "formatid": "gen9randombattle", "rating": 1638, "private": 0, "password": null}