{"id": "gen9randombattle-2631724052", "format": "[Gen 9] Random Battle", "players": ["green8Bit", "JeanPaulPot"], "log": "|j|\u2606green8Bit\n|j|\u2606JeanPaulPot\n|t:|1781428916\n|gametype|singles\n|player|p1|green8Bit|102|2029\n|player|p2|JeanPaulPot|infielder|2058\n|gen|9\n|tier|[Gen 9] Random Battle\n|rated|\n|rule|Species Clause: Limit one of each Pok\u00e9mon\n|rule|HP Percentage Mod: HP is shown in percentages\n|rule|Sleep Clause Mod: Limit one foe put to sleep\n|rule|Illusion Level Mod: Illusion disguises the Pok\u00e9mon's true level\n|\n|t:|1781428916\n|teamsize|p1|6\n|teamsize|p2|6\n|start\n|switch|p1a: Crabominable|Crabominable, L90, F|321/321\n|switch|p2a: Greedent|Greedent, L86, F|347/347\n|turn|1\n|\n|t:|1781428950\n|switch|p2a: Whimsicott|Whimsicott, L84, F|238/238\n|move|p1a: Crabominable|Knock Off|p2a: Whimsicott\n|-resisted|p2a: Whimsicott\n|-damage|p2a: Whimsicott|187/238\n|-enditem|p2a: Whimsicott|Heavy-Duty Boots|[from] move: Knock Off|[of] p1a: Crabominable\n|\n|upkeep\n|turn|2\n|\n|t:|1781428988\n|move|p2a: Whimsicott|Encore|p1a: Crabominable\n|-start|p1a: Crabominable|Encore\n|move|p1a: Crabominable|Knock Off|p2a: Whimsicott\n|-resisted|p2a: Whimsicott\n|-damage|p2a: Whimsicott|154/238\n|\n|upkeep\n|turn|3\n|\n|t:|1781429019\n|switch|p1a: Milotic|Milotic, L83, M|293/293\n|move|p2a: Whimsicott|Stun Spore|p1a: Milotic|[miss]\n|-miss|p2a: Whimsicott|p1a: Milotic\n|\n|upkeep\n|turn|4\n|\n|t:|1781429041\n|move|p2a: Whimsicott|U-turn|p1a: Milotic\n|-damage|p1a: Milotic|253/293\n|\n|t:|1781429044\n|switch|p2a: Greedent|Greedent, L86, F|347/347|[from] U-turn\n|move|p1a: Milotic|Ice Beam|p2a: Greedent\n|-damage|p2a: Greedent|278/347\n|\n|-heal|p1a: Milotic|271/293|[from] item: Leftovers\n|upkeep\n|turn|5\n|\n|t:|1781429066\n|switch|p1a: Crabominable|Crabominable, L90, F|321/321\n|move|p2a: Greedent|Knock Off|p1a: Crabominable\n|-resisted|p1a: Crabominable\n|-damage|p1a: Crabominable|284/321\n|-enditem|p1a: Crabominable|Assault Vest|[from] move: Knock Off|[of] p2a: Greedent\n|\n|upkeep\n|turn|6\n|\n|t:|1781429094\n|switch|p2a: Entei|Entei, L78|307/307\n|move|p1a: Crabominable|Ice Hammer|p2a: Entei\n|-resisted|p2a: Entei\n|-damage|p2a: Entei|203/307\n|-unboost|p1a: Crabominable|spe|1\n|\n|upkeep\n|turn|7\n|\n|t:|1781429113\n|switch|p1a: Milotic|Milotic, L83, M|271/293\n|move|p2a: Entei|Sacred Fire|p1a: Milotic\n|-resisted|p1a: Milotic\n|-damage|p1a: Milotic|178/293\n|\n|-heal|p1a: Milotic|196/293|[from] item: Leftovers\n|upkeep\n|turn|8\n|\n|t:|1781429128\n|switch|p2a: Greedent|Greedent, L86, F|278/347\n|move|p1a: Milotic|Scald|p2a: Greedent\n|-damage|p2a: Greedent|185/347\n|\n|-heal|p1a: Milotic|214/293|[from] item: Leftovers\n|upkeep\n|turn|9\n|\n|t:|1781429143\n|switch|p1a: Crabominable|Crabominable, L90, F|284/321\n|move|p2a: Greedent|Double-Edge|p1a: Crabominable\n|-damage|p1a: Crabominable|160/321\n|-damage|p2a: Greedent|144/347|[from] Recoil\n|-enditem|p2a: Greedent|Sitrus Berry|[eat]\n|-heal|p2a: Greedent|230/347|[from] item: Sitrus Berry\n|-heal|p2a: Greedent|345/347|[from] ability: Cheek Pouch\n|\n|upkeep\n|turn|10\n|\n|t:|1781429165\n|switch|p2a: Whimsicott|Whimsicott, L84, F|154/238\n|move|p1a: Crabominable|Drain Punch|p2a: Whimsicott\n|-resisted|p2a: Whimsicott\n|-damage|p2a: Whimsicott|86/238\n|-heal|p1a: Crabominable|194/321|[from] drain|[of] p2a: Whimsicott\n|\n|upkeep\n|turn|11\n|\n|t:|1781429178\n|switch|p1a: Milotic|Milotic, L83, M|214/293\n|move|p2a: Whimsicott|Moonblast|p1a: Milotic\n|-damage|p1a: Milotic|145/293\n|\n|-heal|p1a: Milotic|163/293|[from] item: Leftovers\n|upkeep\n|turn|12\n|\n|t:|1781429184\n|move|p2a: Whimsicott|Stun Spore|p1a: Milotic\n|-status|p1a: Milotic|par\n|move|p1a: Milotic|Recover|p1a: Milotic\n|-heal|p1a: Milotic|293/293 par\n|\n|upkeep\n|turn|13\n|\n|t:|1781429191\n|move|p2a: Whimsicott|Moonblast|p1a: Milotic\n|-damage|p1a: Milotic|224/293 par\n|move|p1a: Milotic|Scald|p2a: Whimsicott\n|-resisted|p2a: Whimsicott\n|-damage|p2a: Whimsicott|41/238\n|\n|-heal|p1a: Milotic|242/293 par|[from] item: Leftovers\n|upkeep\n|turn|14\n|\n|t:|1781429201\n|move|p2a: Whimsicott|U-turn|p1a: Milotic\n|-damage|p1a: Milotic|199/293 par\n|\n|t:|1781429204\n|switch|p2a: Greedent|Greedent, L86, F|345/347|[from] U-turn\n|move|p1a: Milotic|Scald|p2a: Greedent\n|-damage|p2a: Greedent|255/347\n|-status|p2a: Greedent|brn\n|\n|-heal|p1a: Milotic|217/293 par|[from] item: Leftovers\n|-damage|p2a: Greedent|234/347 brn|[from] brn\n|upkeep\n|turn|15\n|\n|t:|1781429222\n|switch|p1a: Crabominable|Crabominable, L90, F|194/321\n|move|p2a: Greedent|Double-Edge|p1a: Crabominable\n|-damage|p1a: Crabominable|124/321\n|-damage|p2a: Greedent|211/347 brn|[from] Recoil\n|\n|-damage|p2a: Greedent|190/347 brn|[from] brn\n|upkeep\n|turn|16\n|\n|t:|1781429230\n|move|p1a: Crabominable|Drain Punch|p2a: Greedent\n|-supereffective|p2a: Greedent\n|-damage|p2a: Greedent|0 fnt\n|-heal|p1a: Crabominable|219/321|[from] drain|[of] p2a: Greedent\n|faint|p2a: Greedent\n|\n|upkeep\n|inactive|Battle timer is ON: inactive players will automatically lose when time's up. (requested by green8Bit)\n|\n|t:|1781429268\n|switch|p2a: Pawmot|Pawmot, L80, F|243/243\n|turn|17\n|\n|t:|1781429291\n|move|p2a: Pawmot|Close Combat|p1a: Crabominable\n|-supereffective|p1a: Crabominable\n|-damage|p1a: Crabominable|0 fnt\n|-unboost|p2a: Pawmot|def|1\n|-unboost|p2a: Pawmot|spd|1\n|faint|p1a: Crabominable\n|\n|upkeep\n|inactive|green8Bit has 120 seconds left.\n|\n|t:|1781429315\n|switch|p1a: Dugtrio|Dugtrio, L84, M|196/196\n|turn|18\n|\n|t:|1781429334\n|move|p1a: Dugtrio|Earthquake|p2a: Pawmot\n|-supereffective|p2a: Pawmot\n|-damage|p2a: Pawmot|0 fnt\n|faint|p2a: Pawmot\n|\n|upkeep\n|\n|t:|1781429349\n|switch|p2a: Bellossom|Bellossom, L84, M|263/263\n|turn|19\n|inactive|green8Bit has 120 seconds left.\n|\n|t:|1781429372\n|switch|p1a: Lugia|Lugia, L73|275/275\n|move|p2a: Bellossom|Quiver Dance|p2a: Bellossom\n|-boost|p2a: Bellossom|spa|1\n|-boost|p2a: Bellossom|spd|1\n|-boost|p2a: Bellossom|spe|1\n|\n|upkeep\n|turn|20\n|inactive|green8Bit has 120 seconds left.\n|\n|t:|1781429396\n|switch|p2a: Ambipom|Ambipom, L84, M|263/263\n|move|p1a: Lugia|Aeroblast|p2a: Ambipom\n|-damage|p2a: Ambipom|170/263\n|\n|upkeep\n|turn|21\n|inactive|green8Bit has 120 seconds left.\n|\n|t:|1781429422\n|switch|p1a: Milotic|Milotic, L83, M|217/293 par\n|move|p2a: Ambipom|Triple Axel|p1a: Milotic\n|-resisted|p1a: Milotic\n|-damage|p1a: Milotic|199/293 par\n|-resisted|p1a: Milotic\n|-damage|p1a: Milotic|166/293 par\n|-hitcount|p1a: Milotic|2\n|\n|-heal|p1a: Milotic|184/293 par|[from] item: Leftovers\n|upkeep\n|turn|22\n|inactive|JeanPaulPot has 120 seconds left.\n|\n|t:|1781429449\n|switch|p2a: Entei|Entei, L78|203/307\n|cant|p1a: Milotic|par\n|\n|-heal|p1a: Milotic|202/293 par|[from] item: Leftovers\n|upkeep\n|turn|23\n|\n|t:|1781429459\n|move|p2a: Entei|Stomping Tantrum|p1a: Milotic\n|-damage|p1a: Milotic|118/293 par\n|move|p1a: Milotic|Scald|p2a: Entei\n|-supereffective|p2a: Entei\n|-damage|p2a: Entei|9/307\n|\n|-heal|p1a: Milotic|136/293 par|[from] item: Leftovers\n|upkeep\n|turn|24\n|inactive|JeanPaulPot has 120 seconds left.\n|\n|t:|1781429464\n|switch|p2a: Whimsicott|Whimsicott, L84, F|41/238\n|move|p1a: Milotic|Recover|p1a: Milotic\n|-heal|p1a: Milotic|283/293 par\n|\n|-heal|p1a: Milotic|293/293 par|[from] item: Leftovers\n|upkeep\n|turn|25\n|\n|t:|1781429475\n|move|p2a: Whimsicott|Encore|p1a: Milotic\n|-start|p1a: Milotic|Encore\n|move|p1a: Milotic|Recover||[still]\n|-fail|p1a: Milotic|heal\n|\n|upkeep\n|turn|26\n|\n|t:|1781429485\n|switch|p1a: Raikou|Raikou, L81|278/278\n|-ability|p1a: Raikou|Pressure\n|move|p2a: Whimsicott|Stun Spore|p1a: Raikou\n|-immune|p1a: Raikou\n|\n|upkeep\n|turn|27\n|inactive|JeanPaulPot has 120 seconds left.\n|inactive|JeanPaulPot has 90 seconds left.\n|\n|t:|1781429554\n|move|p2a: Whimsicott|U-turn|p1a: Raikou\n|-damage|p1a: Raikou|232/278\n|\n|t:|1781429556\n|switch|p2a: Entei|Entei, L78|9/307|[from] U-turn\n|move|p1a: Raikou|Volt Switch|p2a: Entei\n|-damage|p2a: Entei|0 fnt\n|faint|p2a: Entei\n|inactive|green8Bit has 120 seconds left.\n|inactive|green8Bit has 90 seconds left.\n|\n|t:|1781429593\n|switch|p1a: Milotic|Milotic, L83, M|293/293 par|[from] Volt Switch\n|\n|upkeep\n|\n|t:|1781429603\n|switch|p2a: Bellossom|Bellossom, L84, M|263/263\n|turn|28\n|inactive|JeanPaulPot has 90 seconds left.\n|\n|t:|1781429608\n|switch|p1a: Lugia|Lugia, L73|275/275\n|move|p2a: Bellossom|Quiver Dance|p2a: Bellossom\n|-boost|p2a: Bellossom|spa|1\n|-boost|p2a: Bellossom|spd|1\n|-boost|p2a: Bellossom|spe|1\n|\n|upkeep\n|turn|29\n|\n|t:|1781429614\n|switch|p2a: Ambipom|Ambipom, L84, M|170/263\n|move|p1a: Lugia|Aeroblast|p2a: Ambipom\n|-damage|p2a: Ambipom|77/263\n|\n|upkeep\n|turn|30\n|inactive|JeanPaulPot has 90 seconds left.\n|\n|t:|1781429633\n|switch|p1a: Milotic|Milotic, L83, M|293/293 par\n|move|p2a: Ambipom|Triple Axel|p1a: Milotic\n|-resisted|p1a: Milotic\n|-damage|p1a: Milotic|274/293 par\n|-resisted|p1a: Milotic\n|-damage|p1a: Milotic|238/293 par\n|-resisted|p1a: Milotic\n|-damage|p1a: Milotic|189/293 par\n|-hitcount|p1a: Milotic|3\n|\n|-heal|p1a: Milotic|207/293 par|[from] item: Leftovers\n|upkeep\n|turn|31\n|\n|t:|1781429642\n|switch|p2a: Whimsicott|Whimsicott, L84, F|41/238\n|move|p1a: Milotic|Ice Beam|p2a: Whimsicott\n|-supereffective|p2a: Whimsicott\n|-damage|p2a: Whimsicott|0 fnt\n|faint|p2a: Whimsicott\n|\n|-heal|p1a: Milotic|225/293 par|[from] item: Leftovers\n|upkeep\n|\n|t:|1781429652\n|switch|p2a: Bellossom|Bellossom, L84, M|263/263\n|turn|32\n|\n|t:|1781429655\n|switch|p1a: Lugia|Lugia, L73|275/275\n|move|p2a: Bellossom|Quiver Dance|p2a: Bellossom\n|-boost|p2a: Bellossom|spa|1\n|-boost|p2a: Bellossom|spd|1\n|-boost|p2a: Bellossom|spe|1\n|\n|upkeep\n|turn|33\n|\n|t:|1781429659\n|-terastallize|p2a: Bellossom|Fairy\n|move|p1a: Lugia|Aeroblast|p2a: Bellossom\n|-damage|p2a: Bellossom|217/263\n|move|p2a: Bellossom|Quiver Dance|p2a: Bellossom\n|-boost|p2a: Bellossom|spa|1\n|-boost|p2a: Bellossom|spd|1\n|-boost|p2a: Bellossom|spe|1\n|\n|-heal|p2a: Bellossom|233/263|[from] item: Leftovers\n|upkeep\n|turn|34\n|\n|t:|1781429668\n|move|p2a: Bellossom|Quiver Dance|p2a: Bellossom\n|-boost|p2a: Bellossom|spa|1\n|-boost|p2a: Bellossom|spd|1\n|-boost|p2a: Bellossom|spe|1\n|move|p1a: Lugia|Calm Mind|p1a: Lugia\n|-boost|p1a: Lugia|spa|1\n|-boost|p1a: Lugia|spd|1\n|\n|-heal|p2a: Bellossom|249/263|[from] item: Leftovers\n|upkeep\n|turn|35\n|\n|t:|1781429674\n|move|p2a: Bellossom|Quiver Dance|p2a: Bellossom\n|-boost|p2a: Bellossom|spa|1\n|-boost|p2a: Bellossom|spd|1\n|-boost|p2a: Bellossom|spe|1\n|move|p1a: Lugia|Calm Mind|p1a: Lugia\n|-boost|p1a: Lugia|spa|1\n|-boost|p1a: Lugia|spd|1\n|\n|-heal|p2a: Bellossom|263/263|[from] item: Leftovers\n|upkeep\n|turn|36\n|\n|t:|1781429680\n|move|p2a: Bellossom|Quiver Dance|p2a: Bellossom\n|-boost|p2a: Bellossom|spa|1\n|-boost|p2a: Bellossom|spd|1\n|-boost|p2a: Bellossom|spe|1\n|move|p1a: Lugia|Calm Mind|p1a: Lugia\n|-boost|p1a: Lugia|spa|1\n|-boost|p1a: Lugia|spd|1\n|\n|upkeep\n|turn|37\n|\n|t:|1781429687\n|move|p2a: Bellossom|Quiver Dance|p2a: Bellossom\n|-boost|p2a: Bellossom|spa|1\n|-boost|p2a: Bellossom|spd|1\n|-boost|p2a: Bellossom|spe|1\n|move|p1a: Lugia|Calm Mind|p1a: Lugia\n|-boost|p1a: Lugia|spa|1\n|-boost|p1a: Lugia|spd|1\n|\n|upkeep\n|turn|38\n|\n|t:|1781429692\n|move|p2a: Bellossom|Moonblast|p1a: Lugia\n|-damage|p1a: Lugia|224/275\n|-unboost|p1a: Lugia|spa|1\n|move|p1a: Lugia|Calm Mind|p1a: Lugia\n|-boost|p1a: Lugia|spa|1\n|-boost|p1a: Lugia|spd|1\n|\n|upkeep\n|turn|39\n|\n|t:|1781429698\n|move|p2a: Bellossom|Moonblast|p1a: Lugia\n|-damage|p1a: Lugia|137/275\n|move|p1a: Lugia|Calm Mind|p1a: Lugia\n|-boost|p1a: Lugia|spa|1\n|-boost|p1a: Lugia|spd|1\n|\n|upkeep\n|turn|40\n|\n|t:|1781429701\n|move|p2a: Bellossom|Moonblast|p1a: Lugia\n|-crit|p1a: Lugia\n|-damage|p1a: Lugia|0 fnt\n|faint|p1a: Lugia\n|\n|upkeep\n|inactive|green8Bit has 120 seconds left.\n|\n|t:|1781429743\n|switch|p1a: Manaphy|Manaphy, L78|284/284\n|turn|41\n|inactive|green8Bit has 120 seconds left.\n|\n|t:|1781429752\n|-terastallize|p1a: Manaphy|Grass\n|move|p2a: Bellossom|Moonblast|p1a: Manaphy\n|-crit|p1a: Manaphy\n|-damage|p1a: Manaphy|0 fnt\n|faint|p1a: Manaphy\n|\n|upkeep\n|inactive|green8Bit has 120 seconds left.\n|-message|green8Bit forfeited.\n|\n|win|JeanPaulPot\n|raw|green8Bit's rating: 2029 &rarr; <strong>2011</strong><br />(-18 for losing)\n|raw|JeanPaulPot's rating: 2058 &rarr; <strong>2076</strong><br />(+18 for winning)\n", "uploadtime": 1781428918, "views": 3, "formatid": "gen9randombattle", "rating": 2011, "private": 0, "password": null}