{"id": "gen9randombattle-2631721062", "format": "[Gen 9] Random Battle", "players": ["symitry", "bilabong"], "log": "|j|\u2606symitry\n|j|\u2606bilabong\n|t:|1781428367\n|gametype|singles\n|player|p1|symitry|102|1980\n|player|p2|bilabong|265|1999\n|gen|9\n|tier|[Gen 9] Random Battle\n|rated|\n|rule|Species Clause: Limit one of each Pok\u00e9mon\n|rule|HP Percentage Mod: HP is shown in percentages\n|rule|Sleep Clause Mod: Limit one foe put to sleep\n|rule|Illusion Level Mod: Illusion disguises the Pok\u00e9mon's true level\n|\n|t:|1781428367\n|teamsize|p1|6\n|teamsize|p2|6\n|start\n|switch|p1a: Froslass|Froslass, L87, F|263/263\n|switch|p2a: Keldeo|Keldeo-Resolute, L79|273/273\n|turn|1\n|\n|t:|1781428373\n|move|p1a: Froslass|Poltergeist|p2a: Keldeo\n|-activate|p2a: Keldeo|move: Poltergeist|Leftovers\n|-damage|p2a: Keldeo|158/273\n|move|p2a: Keldeo|Surf|p1a: Froslass\n|-damage|p1a: Froslass|134/263\n|\n|-heal|p2a: Keldeo|175/273|[from] item: Leftovers\n|upkeep\n|turn|2\n|inactive|Battle timer is ON: inactive players will automatically lose when time's up. (requested by bilabong)\n|\n|t:|1781428423\n|switch|p1a: Lanturn|Lanturn, L89, M|367/367\n|move|p2a: Keldeo|Surf|p1a: Lanturn\n|-resisted|p1a: Lanturn\n|-damage|p1a: Lanturn|310/367\n|\n|-heal|p2a: Keldeo|192/273|[from] item: Leftovers\n|upkeep\n|turn|3\n|\n|t:|1781428433\n|switch|p2a: Swalot|Swalot, L90, M|326/326\n|move|p1a: Lanturn|Thunderbolt|p2a: Swalot\n|-damage|p2a: Swalot|238/326\n|\n|-heal|p2a: Swalot|258/326|[from] item: Leftovers\n|upkeep\n|turn|4\n|\n|t:|1781428450\n|move|p1a: Lanturn|Scald|p2a: Swalot\n|-damage|p2a: Swalot|185/326\n|move|p2a: Swalot|Knock Off|p1a: Lanturn\n|-damage|p1a: Lanturn|234/367\n|-enditem|p1a: Lanturn|Heavy-Duty Boots|[from] move: Knock Off|[of] p2a: Swalot\n|\n|-heal|p2a: Swalot|205/326|[from] item: Leftovers\n|upkeep\n|turn|5\n|\n|t:|1781428461\n|move|p1a: Lanturn|Scald|p2a: Swalot\n|-damage|p2a: Swalot|130/326\n|-status|p2a: Swalot|brn\n|move|p2a: Swalot|Sludge Bomb|p1a: Lanturn\n|-damage|p1a: Lanturn|138/367\n|\n|-heal|p2a: Swalot|150/326 brn|[from] item: Leftovers\n|-damage|p2a: Swalot|130/326 brn|[from] brn\n|upkeep\n|turn|6\n|\n|t:|1781428471\n|move|p1a: Lanturn|Thunderbolt|p2a: Swalot\n|-damage|p2a: Swalot|51/326 brn\n|move|p2a: Swalot|Sludge Bomb|p1a: Lanturn\n|-damage|p1a: Lanturn|48/367\n|\n|-heal|p2a: Swalot|71/326 brn|[from] item: Leftovers\n|-damage|p2a: Swalot|51/326 brn|[from] brn\n|upkeep\n|turn|7\n|\n|t:|1781428480\n|switch|p1a: Floatzel|Floatzel, L86, F|286/286\n|switch|p2a: Cyclizar|Cyclizar, L83, M|252/252\n|\n|upkeep\n|turn|8\n|inactive|symitry has 120 seconds left.\n|j| Poi890\n|\n|t:|1781428532\n|move|p2a: Cyclizar|Draco Meteor|p1a: Floatzel|[miss]\n|-miss|p2a: Cyclizar|p1a: Floatzel\n|move|p1a: Floatzel|Wave Crash|p2a: Cyclizar\n|-resisted|p2a: Cyclizar\n|-damage|p2a: Cyclizar|156/252\n|-damage|p1a: Floatzel|254/286|[from] Recoil\n|\n|-heal|p1a: Floatzel|271/286|[from] item: Leftovers\n|upkeep\n|turn|9\n|l| Poi890\n|\n|t:|1781428547\n|switch|p1a: Lanturn|Lanturn, L89, M|48/367\n|move|p2a: Cyclizar|Shed Tail|p2a: Cyclizar\n|-start|p2a: Cyclizar|Substitute|[from] move: Shed Tail\n|-damage|p2a: Cyclizar|30/252\n|\n|t:|1781428563\n|switch|p2a: Flygon|Flygon, L82, M|265/265|[from] Shed Tail\n|\n|upkeep\n|turn|10\n|inactive|symitry has 120 seconds left.\n|\n|t:|1781428576\n|move|p2a: Flygon|Dragon Dance|p2a: Flygon\n|-boost|p2a: Flygon|atk|1\n|-boost|p2a: Flygon|spe|1\n|move|p1a: Lanturn|Scald|p2a: Flygon\n|-end|p2a: Flygon|Substitute\n|\n|upkeep\n|turn|11\n|\n|t:|1781428581\n|move|p2a: Flygon|Earthquake|p1a: Lanturn\n|-supereffective|p1a: Lanturn\n|-damage|p1a: Lanturn|0 fnt\n|faint|p1a: Lanturn\n|\n|upkeep\n|inactive|symitry has 120 seconds left.\n|\n|t:|1781428596\n|switch|p1a: Eiscue|Eiscue, L88, F|274/274\n|turn|12\n|\n|t:|1781428602\n|switch|p2a: Keldeo|Keldeo-Resolute, L79|192/273\n|move|p1a: Eiscue|Ice Spinner|p2a: Keldeo\n|-resisted|p2a: Keldeo\n|-damage|p2a: Keldeo|153/273\n|\n|-heal|p2a: Keldeo|170/273|[from] item: Leftovers\n|upkeep\n|turn|13\n|\n|t:|1781428619\n|switch|p1a: Froslass|Froslass, L87, F|134/263\n|move|p2a: Keldeo|Substitute|p2a: Keldeo\n|-start|p2a: Keldeo|Substitute\n|-damage|p2a: Keldeo|102/273\n|\n|-heal|p2a: Keldeo|119/273|[from] item: Leftovers\n|upkeep\n|turn|14\n|\n|t:|1781428624\n|move|p1a: Froslass|Poltergeist|p2a: Keldeo\n|-activate|p2a: Keldeo|move: Poltergeist|Leftovers\n|-end|p2a: Keldeo|Substitute\n|move|p2a: Keldeo|Surf|p1a: Froslass\n|-damage|p1a: Froslass|17/263\n|\n|-heal|p2a: Keldeo|136/273|[from] item: Leftovers\n|upkeep\n|turn|15\n|\n|t:|1781428631\n|switch|p2a: Swalot|Swalot, L90, M|51/326 brn\n|move|p1a: Froslass|Triple Axel|p2a: Swalot\n|-damage|p2a: Swalot|32/326 brn\n|-crit|p2a: Swalot\n|-damage|p2a: Swalot|0 fnt\n|faint|p2a: Swalot\n|-hitcount|p2: Swalot|2\n|\n|upkeep\n|\n|t:|1781428640\n|switch|p2a: Cyclizar|Cyclizar, L83, M|114/252\n|turn|16\n|\n|t:|1781428649\n|move|p2a: Cyclizar|Draco Meteor|p1a: Froslass\n|-damage|p1a: Froslass|0 fnt\n|-unboost|p2a: Cyclizar|spa|2\n|faint|p1a: Froslass\n|\n|upkeep\n|\n|t:|1781428655\n|switch|p1a: Floatzel|Floatzel, L86, F|271/286\n|turn|17\n|\n|t:|1781428666\n|switch|p2a: Skuntank|Skuntank, L84, M|310/310\n|move|p1a: Floatzel|Bulk Up|p1a: Floatzel\n|-boost|p1a: Floatzel|atk|1\n|-boost|p1a: Floatzel|def|1\n|\n|-heal|p1a: Floatzel|286/286|[from] item: Leftovers\n|upkeep\n|turn|18\n|\n|t:|1781428680\n|-terastallize|p1a: Floatzel|Steel\n|move|p1a: Floatzel|Bulk Up|p1a: Floatzel\n|-boost|p1a: Floatzel|atk|1\n|-boost|p1a: Floatzel|def|1\n|move|p2a: Skuntank|Knock Off|p1a: Floatzel\n|-damage|p1a: Floatzel|219/286\n|-enditem|p1a: Floatzel|Leftovers|[from] move: Knock Off|[of] p2a: Skuntank\n|\n|upkeep\n|turn|19\n|\n|t:|1781428685\n|move|p1a: Floatzel|Bulk Up|p1a: Floatzel\n|-boost|p1a: Floatzel|atk|1\n|-boost|p1a: Floatzel|def|1\n|move|p2a: Skuntank|Fire Blast|p1a: Floatzel\n|-supereffective|p1a: Floatzel\n|-damage|p1a: Floatzel|55/286\n|\n|upkeep\n|turn|20\n|\n|t:|1781428690\n|move|p2a: Skuntank|Sucker Punch|p1a: Floatzel\n|-damage|p1a: Floatzel|12/286\n|move|p1a: Floatzel|Wave Crash|p2a: Skuntank\n|-damage|p2a: Skuntank|0 fnt\n|-damage|p1a: Floatzel|0 fnt|[from] ability: Aftermath|[of] p2a: Skuntank\n|faint|p2a: Skuntank\n|faint|p1a: Floatzel\n|\n|upkeep\n|\n|t:|1781428702\n|switch|p1a: Corviknight|Corviknight, L80, M|288/288\n|switch|p2a: Cyclizar|Cyclizar, L83, M|198/252\n|-ability|p1a: Corviknight|Pressure\n|turn|21\n|\n|t:|1781428712\n|move|p2a: Cyclizar|Shed Tail|p2a: Cyclizar\n|-start|p2a: Cyclizar|Substitute|[from] move: Shed Tail\n|-damage|p2a: Cyclizar|72/252\n|\n|t:|1781428720\n|switch|p2a: Ninetales|Ninetales-Alola, L78, F|242/242|[from] Shed Tail\n|-weather|Snowscape|[from] ability: Snow Warning|[of] p2a: Ninetales\n|move|p1a: Corviknight|Brave Bird|p2a: Ninetales\n|-end|p2a: Ninetales|Substitute\n|-damage|p1a: Corviknight|267/288|[from] Recoil|[of] p2a: Ninetales\n|\n|-weather|Snowscape|[upkeep]\n|-heal|p1a: Corviknight|285/288|[from] item: Leftovers\n|upkeep\n|turn|22\n|\n|t:|1781428727\n|move|p2a: Ninetales|Aurora Veil|p2a: Ninetales\n|-sidestart|p2: bilabong|move: Aurora Veil\n|move|p1a: Corviknight|Brave Bird|p2a: Ninetales\n|-damage|p2a: Ninetales|199/242\n|-damage|p1a: Corviknight|271/288|[from] Recoil\n|\n|-weather|Snowscape|[upkeep]\n|-heal|p1a: Corviknight|288/288|[from] item: Leftovers\n|upkeep\n|turn|23\n|\n|t:|1781428731\n|move|p2a: Ninetales|Blizzard|p1a: Corviknight\n|-damage|p1a: Corviknight|194/288\n|move|p1a: Corviknight|Defog|p2a: Ninetales\n|-unboost|p2a: Ninetales|evasion|1\n|-sideend|p2: bilabong|move: Aurora Veil\n|\n|-weather|Snowscape|[upkeep]\n|-heal|p1a: Corviknight|212/288|[from] item: Leftovers\n|upkeep\n|turn|24\n|\n|t:|1781428740\n|move|p2a: Ninetales|Encore|p1a: Corviknight\n|-start|p1a: Corviknight|Encore\n|move|p1a: Corviknight|Defog|p2a: Ninetales\n|-unboost|p2a: Ninetales|evasion|1\n|\n|-weather|Snowscape|[upkeep]\n|-heal|p1a: Corviknight|230/288|[from] item: Leftovers\n|upkeep\n|turn|25\n|\n|t:|1781428746\n|switch|p1a: Koraidon|Koraidon, L64|235/235\n|-weather|SunnyDay|[from] ability: Orichalcum Pulse|[of] p1a: Koraidon\n|-activate|p1a: Koraidon|Orichalcum Pulse|[source]\n|move|p2a: Ninetales|Moonblast|p1a: Koraidon\n|-supereffective|p1a: Koraidon\n|-damage|p1a: Koraidon|0 fnt\n|faint|p1a: Koraidon\n|\n|-weather|SunnyDay|[upkeep]\n|upkeep\n|\n|t:|1781428750\n|switch|p1a: Corviknight|Corviknight, L80, M|230/288\n|-ability|p1a: Corviknight|Pressure\n|turn|26\n|\n|t:|1781428759\n|switch|p2a: Cyclizar|Cyclizar, L83, M|156/252\n|move|p1a: Corviknight|Brave Bird|p2a: Cyclizar\n|-damage|p2a: Cyclizar|15/252\n|-damage|p1a: Corviknight|183/288|[from] Recoil\n|\n|-weather|SunnyDay|[upkeep]\n|-heal|p1a: Corviknight|201/288|[from] item: Leftovers\n|upkeep\n|turn|27\n|\n|t:|1781428770\n|move|p2a: Cyclizar|Taunt|p1a: Corviknight\n|-start|p1a: Corviknight|move: Taunt\n|cant|p1a: Corviknight|move: Taunt|Roost\n|\n|-weather|SunnyDay|[upkeep]\n|-heal|p1a: Corviknight|219/288|[from] item: Leftovers\n|upkeep\n|turn|28\n|\n|t:|1781428785\n|move|p2a: Cyclizar|Draco Meteor|p1a: Corviknight\n|-resisted|p1a: Corviknight\n|-damage|p1a: Corviknight|153/288\n|-unboost|p2a: Cyclizar|spa|2\n|move|p1a: Corviknight|Brave Bird|p2a: Cyclizar\n|-damage|p2a: Cyclizar|0 fnt\n|faint|p2a: Cyclizar\n|-damage|p1a: Corviknight|148/288|[from] Recoil\n|\n|-weather|SunnyDay|[upkeep]\n|-heal|p1a: Corviknight|166/288|[from] item: Leftovers\n|upkeep\n|\n|t:|1781428790\n|switch|p2a: Ninetales|Ninetales-Alola, L78, F|199/242\n|-weather|Snowscape|[from] ability: Snow Warning|[of] p2a: Ninetales\n|turn|29\n|\n|t:|1781428794\n|move|p2a: Ninetales|Blizzard|p1a: Corviknight\n|-damage|p1a: Corviknight|78/288\n|move|p1a: Corviknight|Brave Bird|p2a: Ninetales\n|-damage|p2a: Ninetales|112/242\n|-damage|p1a: Corviknight|49/288|[from] Recoil\n|\n|-weather|Snowscape|[upkeep]\n|-heal|p1a: Corviknight|67/288|[from] item: Leftovers\n|-end|p1a: Corviknight|move: Taunt\n|upkeep\n|turn|30\n|\n|t:|1781428798\n|move|p2a: Ninetales|Encore|p1a: Corviknight\n|-start|p1a: Corviknight|Encore\n|move|p1a: Corviknight|Brave Bird|p2a: Ninetales\n|-damage|p2a: Ninetales|31/242\n|-damage|p1a: Corviknight|40/288|[from] Recoil\n|\n|-weather|Snowscape|[upkeep]\n|-heal|p1a: Corviknight|58/288|[from] item: Leftovers\n|upkeep\n|turn|31\n|\n|t:|1781428815\n|move|p2a: Ninetales|Aurora Veil|p2a: Ninetales\n|-sidestart|p2: bilabong|move: Aurora Veil\n|move|p1a: Corviknight|Brave Bird|p2a: Ninetales\n|-damage|p2a: Ninetales|0 fnt\n|faint|p2a: Ninetales\n|-damage|p1a: Corviknight|48/288|[from] Recoil\n|\n|-weather|Snowscape|[upkeep]\n|-heal|p1a: Corviknight|66/288|[from] item: Leftovers\n|upkeep\n|\n|t:|1781428818\n|switch|p2a: Keldeo|Keldeo-Resolute, L79|136/273\n|turn|32\n|\n|t:|1781428827\n|move|p2a: Keldeo|Surf|p1a: Corviknight\n|-damage|p1a: Corviknight|0 fnt\n|faint|p1a: Corviknight\n|\n|-weather|Snowscape|[upkeep]\n|-heal|p2a: Keldeo|153/273|[from] item: Leftovers\n|upkeep\n|\n|t:|1781428830\n|switch|p1a: Eiscue|Eiscue, L88, F|274/274\n|turn|33\n|\n|t:|1781428833\n|move|p2a: Keldeo|Secret Sword|p1a: Eiscue\n|-supereffective|p1a: Eiscue\n|-damage|p1a: Eiscue|164/274\n|move|p1a: Eiscue|Belly Drum|p1a: Eiscue\n|-damage|p1a: Eiscue|27/274\n|-setboost|p1a: Eiscue|atk|6|[from] move: Belly Drum\n|-enditem|p1a: Eiscue|Sitrus Berry|[eat]\n|-heal|p1a: Eiscue|95/274|[from] item: Sitrus Berry\n|\n|-weather|none\n|-heal|p2a: Keldeo|170/273|[from] item: Leftovers\n|upkeep\n|turn|34\n|\n|t:|1781428844\n|move|p2a: Keldeo|Secret Sword|p1a: Eiscue\n|-supereffective|p1a: Eiscue\n|-damage|p1a: Eiscue|0 fnt\n|faint|p1a: Eiscue\n|\n|win|bilabong\n|raw|symitry's rating: 2041 &rarr; <strong>2017</strong><br />(-24 for losing)\n|raw|bilabong's rating: 1977 &rarr; <strong>2001</strong><br />(+24 for winning)\n", "uploadtime": 1781428369, "views": 3, "formatid": "gen9randombattle", "rating": 2001, "private": 0, "password": null}