{"id": "gen9randombattle-2631940349", "format": "[Gen 9] Random Battle", "players": ["thatdankcharizard", "omg_its_daddy"], "log": "|j|\u2606thatdankcharizard\n|j|\u2606omg_its_daddy\n|t:|1781457952\n|gametype|singles\n|player|p1|thatdankcharizard|266|2019\n|player|p2|omg_its_daddy|blaine|1952\n|gen|9\n|tier|[Gen 9] Random Battle\n|rated|\n|rule|Species Clause: Limit one of each Pok\u00e9mon\n|rule|HP Percentage Mod: HP is shown in percentages\n|rule|Sleep Clause Mod: Limit one foe put to sleep\n|rule|Illusion Level Mod: Illusion disguises the Pok\u00e9mon's true level\n|\n|t:|1781457952\n|teamsize|p1|6\n|teamsize|p2|6\n|start\n|switch|p1a: Hydreigon|Hydreigon, L79, M|275/275\n|switch|p2a: Incineroar|Incineroar, L82, M|290/290\n|-ability|p2a: Incineroar|Intimidate|boost\n|-unboost|p1a: Hydreigon|atk|1\n|turn|1\n|inactive|Battle timer is ON: inactive players will automatically lose when time's up. (requested by thatdankcharizard)\n|\n|t:|1781457969\n|switch|p2a: Scream Tail|Scream Tail, L84|330/330\n|move|p1a: Hydreigon|Draco Meteor|p2a: Scream Tail\n|-immune|p2a: Scream Tail\n|\n|upkeep\n|turn|2\n|\n|t:|1781457982\n|switch|p1a: Copperajah|Copperajah, L86, F|350/350\n|move|p2a: Scream Tail|Thunder Wave|p1a: Copperajah\n|-status|p1a: Copperajah|par\n|\n|upkeep\n|turn|3\n|\n|t:|1781458000\n|-end|p2a: Scream Tail|Protosynthesis|[silent]\n|switch|p2a: Incineroar|Incineroar, L82, M|290/290\n|-ability|p2a: Incineroar|Intimidate|boost\n|-unboost|p1a: Copperajah|atk|1\n|cant|p1a: Copperajah|par\n|\n|upkeep\n|turn|4\n|\n|t:|1781458008\n|switch|p1a: Camerupt|Camerupt, L91, F|275/275\n|move|p2a: Incineroar|Flare Blitz|p1a: Camerupt\n|-resisted|p1a: Camerupt\n|-crit|p1a: Camerupt\n|-damage|p1a: Camerupt|164/275\n|-damage|p2a: Incineroar|253/290|[from] Recoil\n|\n|-heal|p1a: Camerupt|181/275|[from] item: Leftovers\n|upkeep\n|turn|5\n|\n|t:|1781458017\n|move|p2a: Incineroar|Knock Off|p1a: Camerupt\n|-damage|p1a: Camerupt|69/275\n|-enditem|p1a: Camerupt|Leftovers|[from] move: Knock Off|[of] p2a: Incineroar\n|move|p1a: Camerupt|Stealth Rock|p2a: Incineroar\n|-sidestart|p2: omg_its_daddy|move: Stealth Rock\n|\n|upkeep\n|turn|6\n|\n|t:|1781458040\n|move|p2a: Incineroar|Knock Off|p1a: Camerupt\n|-damage|p1a: Camerupt|0 fnt\n|faint|p1a: Camerupt\n|\n|upkeep\n|\n|t:|1781458050\n|switch|p1a: Noivern|Noivern, L82, M|274/274\n|turn|7\n|\n|t:|1781458061\n|move|p1a: Noivern|Boomburst|p2a: Incineroar\n|-damage|p2a: Incineroar|106/290\n|move|p2a: Incineroar|Knock Off|p1a: Noivern\n|-crit|p1a: Noivern\n|-damage|p1a: Noivern|102/274\n|-enditem|p1a: Noivern|Choice Specs|[from] move: Knock Off|[of] p2a: Incineroar\n|\n|upkeep\n|turn|8\n|\n|t:|1781458076\n|switch|p2a: Scream Tail|Scream Tail, L84|330/330\n|-damage|p2a: Scream Tail|289/330|[from] Stealth Rock\n|move|p1a: Noivern|Boomburst|p2a: Scream Tail\n|-damage|p2a: Scream Tail|219/330\n|\n|-heal|p2a: Scream Tail|239/330|[from] item: Leftovers\n|upkeep\n|turn|9\n|\n|t:|1781458087\n|switch|p1a: Copperajah|Copperajah, L86, F|350/350 par\n|move|p2a: Scream Tail|Thunder Wave|p1a: Copperajah\n|-fail|p1a: Copperajah|par\n|\n|-heal|p2a: Scream Tail|259/330|[from] item: Leftovers\n|upkeep\n|turn|10\n|\n|t:|1781458100\n|-end|p2a: Scream Tail|Protosynthesis|[silent]\n|switch|p2a: Electivire|Electivire, L84, F|263/263\n|-damage|p2a: Electivire|231/263|[from] Stealth Rock\n|move|p1a: Copperajah|Earthquake|p2a: Electivire\n|-supereffective|p2a: Electivire\n|-damage|p2a: Electivire|0 fnt\n|faint|p2a: Electivire\n|-damage|p1a: Copperajah|315/350 par|[from] item: Life Orb\n|\n|upkeep\n|\n|t:|1781458104\n|switch|p2a: Incineroar|Incineroar, L82, M|106/290\n|-ability|p2a: Incineroar|Intimidate|boost\n|-unboost|p1a: Copperajah|atk|1\n|turn|11\n|\n|t:|1781458114\n|switch|p1a: Noivern|Noivern, L82, M|102/274\n|move|p2a: Incineroar|Flare Blitz|p1a: Noivern\n|-resisted|p1a: Noivern\n|-damage|p1a: Noivern|33/274\n|-damage|p2a: Incineroar|83/290|[from] Recoil\n|\n|upkeep\n|turn|12\n|\n|t:|1781458118\n|switch|p2a: Scream Tail|Scream Tail, L84|259/330\n|-damage|p2a: Scream Tail|218/330|[from] Stealth Rock\n|move|p1a: Noivern|Boomburst|p2a: Scream Tail\n|-damage|p2a: Scream Tail|144/330\n|\n|-heal|p2a: Scream Tail|164/330|[from] item: Leftovers\n|upkeep\n|turn|13\n|\n|t:|1781458126\n|switch|p1a: Copperajah|Copperajah, L86, F|315/350 par\n|move|p2a: Scream Tail|Wish|p2a: Scream Tail\n|\n|-heal|p2a: Scream Tail|184/330|[from] item: Leftovers\n|upkeep\n|turn|14\n|\n|t:|1781458137\n|move|p2a: Scream Tail|Protect|p2a: Scream Tail\n|-singleturn|p2a: Scream Tail|Protect\n|move|p1a: Copperajah|Earthquake|p2a: Scream Tail\n|-activate|p2a: Scream Tail|move: Protect\n|\n|-heal|p2a: Scream Tail|330/330|[from] move: Wish|[wisher] Scream Tail\n|upkeep\n|turn|15\n|\n|t:|1781458147\n|move|p2a: Scream Tail|Wish|p2a: Scream Tail\n|move|p1a: Copperajah|Iron Head|p2a: Scream Tail\n|-supereffective|p2a: Scream Tail\n|-damage|p2a: Scream Tail|0 fnt\n|faint|p2a: Scream Tail\n|-end|p2a: Scream Tail|Protosynthesis|[silent]\n|\n|upkeep\n|\n|t:|1781458151\n|switch|p2a: Incineroar|Incineroar, L82, M|83/290\n|-ability|p2a: Incineroar|Intimidate|boost\n|-unboost|p1a: Copperajah|atk|1\n|turn|16\n|\n|t:|1781458191\n|-terastallize|p1a: Copperajah|Fairy\n|move|p2a: Incineroar|Knock Off|p1a: Copperajah\n|-resisted|p1a: Copperajah\n|-damage|p1a: Copperajah|248/350 par\n|-enditem|p1a: Copperajah|Life Orb|[from] move: Knock Off|[of] p2a: Incineroar\n|move|p1a: Copperajah|Earthquake|p2a: Incineroar\n|-supereffective|p2a: Incineroar\n|-damage|p2a: Incineroar|0 fnt\n|faint|p2a: Incineroar\n|\n|upkeep\n|\n|t:|1781458199\n|switch|p2a: Toxtricity|Toxtricity, L82, F|257/257\n|-damage|p2a: Toxtricity|225/257|[from] Stealth Rock\n|turn|17\n|\n|t:|1781458209\n|-terastallize|p2a: Toxtricity|Normal\n|move|p2a: Toxtricity|Shift Gear|p2a: Toxtricity\n|-boost|p2a: Toxtricity|spe|2\n|-boost|p2a: Toxtricity|atk|1\n|cant|p1a: Copperajah|par\n|\n|upkeep\n|turn|18\n|\n|t:|1781458215\n|move|p2a: Toxtricity|Gunk Shot|p1a: Copperajah\n|-supereffective|p1a: Copperajah\n|-damage|p1a: Copperajah|0 fnt\n|faint|p1a: Copperajah\n|\n|upkeep\n|\n|t:|1781458223\n|switch|p1a: Mimikyu|Mimikyu, L79, M|216/216\n|turn|19\n|\n|t:|1781458230\n|move|p2a: Toxtricity|Overdrive|p1a: Mimikyu\n|-activate|p1a: Mimikyu|ability: Disguise\n|-damage|p1a: Mimikyu|216/216\n|detailschange|p1a: Mimikyu|Mimikyu-Busted, L79, M\n|-damage|p1a: Mimikyu|189/216|[from] pokemon: Mimikyu-Busted\n|-enditem|p2a: Toxtricity|Throat Spray\n|-boost|p2a: Toxtricity|spa|1|[from] item: Throat Spray\n|move|p1a: Mimikyu|Play Rough|p2a: Toxtricity\n|-damage|p2a: Toxtricity|95/257\n|-unboost|p2a: Toxtricity|atk|1\n|-damage|p1a: Mimikyu|168/216|[from] item: Life Orb\n|\n|upkeep\n|turn|20\n|\n|t:|1781458240\n|move|p2a: Toxtricity|Gunk Shot|p1a: Mimikyu\n|-damage|p1a: Mimikyu|32/216\n|-status|p1a: Mimikyu|psn\n|move|p1a: Mimikyu|Play Rough|p2a: Toxtricity\n|-damage|p2a: Toxtricity|0 fnt\n|faint|p2a: Toxtricity\n|-damage|p1a: Mimikyu|11/216 psn|[from] item: Life Orb\n|\n|-damage|p1a: Mimikyu|0 fnt|[from] psn\n|faint|p1a: Mimikyu\n|upkeep\n|\n|t:|1781458250\n|switch|p1a: Hydreigon|Hydreigon, L79, M|275/275\n|switch|p2a: Alomomola|Alomomola, L87, F|429/429\n|-damage|p2a: Alomomola|376/429|[from] Stealth Rock\n|turn|21\n|\n|t:|1781458256\n|move|p1a: Hydreigon|Dark Pulse|p2a: Alomomola\n|-damage|p2a: Alomomola|193/429\n|-damage|p1a: Hydreigon|248/275|[from] item: Life Orb\n|move|p2a: Alomomola|Wish|p2a: Alomomola\n|\n|upkeep\n|turn|22\n|\n|t:|1781458262\n|switch|p2a: Inteleon|Inteleon, L81, F|246/246\n|-damage|p2a: Inteleon|216/246|[from] Stealth Rock\n|move|p1a: Hydreigon|Nasty Plot|p1a: Hydreigon\n|-boost|p1a: Hydreigon|spa|2\n|\n|-heal|p2a: Inteleon|246/246|[from] move: Wish|[wisher] Alomomola\n|upkeep\n|turn|23\n|\n|t:|1781458271\n|move|p2a: Inteleon|Ice Beam|p1a: Hydreigon\n|-supereffective|p1a: Hydreigon\n|-damage|p1a: Hydreigon|30/275\n|move|p1a: Hydreigon|Dark Pulse|p2a: Inteleon\n|-damage|p2a: Inteleon|0 fnt\n|faint|p2a: Inteleon\n|-damage|p1a: Hydreigon|3/275|[from] item: Life Orb\n|\n|upkeep\n|\n|t:|1781458273\n|switch|p2a: Alomomola|Alomomola, L87, F|336/429\n|-damage|p2a: Alomomola|283/429|[from] Stealth Rock\n|turn|24\n|\n|t:|1781458282\n|move|p1a: Hydreigon|Dark Pulse|p2a: Alomomola\n|-damage|p2a: Alomomola|0 fnt\n|faint|p2a: Alomomola\n|-damage|p1a: Hydreigon|0 fnt|[from] item: Life Orb\n|faint|p1a: Hydreigon\n|\n|win|thatdankcharizard\n", "uploadtime": 1781457954, "views": 5, "formatid": "gen9randombattle", "rating": null, "private": 0, "password": null}