{"id": "gen9randombattle-2631977552", "format": "[Gen 9] Random Battle", "players": ["Kieskauer", "tiziown"], "log": "|j|\u2606Kieskauer\n|j|\u2606tiziown\n|t:|1781462014\n|gametype|singles\n|player|p1|Kieskauer|2|2044\n|player|p2|tiziown|rocker-gen3|2071\n|gen|9\n|tier|[Gen 9] Random Battle\n|rated|\n|rule|Species Clause: Limit one of each Pok\u00e9mon\n|rule|HP Percentage Mod: HP is shown in percentages\n|rule|Sleep Clause Mod: Limit one foe put to sleep\n|rule|Illusion Level Mod: Illusion disguises the Pok\u00e9mon's true level\n|\n|t:|1781462014\n|teamsize|p1|6\n|teamsize|p2|6\n|start\n|switch|p1a: Calyrex|Calyrex-Shadow, L64|235/235\n|switch|p2a: Miraidon|Miraidon, L65|238/238\n|-ability|p1a: Calyrex|As One\n|-ability|p1a: Calyrex|Unnerve\n|-fieldstart|move: Electric Terrain|[from] ability: Hadron Engine|[of] p2a: Miraidon\n|turn|1\n|inactive|Battle timer is ON: inactive players will automatically lose when time's up. (requested by tiziown)\n|\n|t:|1781462045\n|move|p1a: Calyrex|Astral Barrage|p2a: Miraidon\n|-damage|p2a: Miraidon|52/238\n|move|p2a: Miraidon|Electro Drift|p1a: Calyrex\n|-damage|p1a: Calyrex|4/235\n|-damage|p2a: Miraidon|29/238|[from] item: Life Orb\n|\n|upkeep\n|turn|2\n|\n|t:|1781462074\n|switch|p2a: Gumshoos|Gumshoos, L95, F|321/321\n|move|p1a: Calyrex|Astral Barrage|p2a: Gumshoos\n|-immune|p2a: Gumshoos\n|\n|upkeep\n|turn|3\n|inactive|Kieskauer has 120 seconds left.\n|\n|t:|1781462104\n|switch|p1a: Emboar|Emboar, L84, M|322/322\n|move|p2a: Gumshoos|U-turn|p1a: Emboar\n|-resisted|p1a: Emboar\n|-damage|p1a: Emboar|259/322\n|\n|t:|1781462125\n|switch|p2a: Banette|Banette, L93, F|270/270|[from] U-turn\n|\n|upkeep\n|turn|4\n|inactive|Kieskauer has 120 seconds left.\n|\n|t:|1781462138\n|move|p2a: Banette|Poltergeist|p1a: Emboar\n|-activate|p1a: Emboar|move: Poltergeist|Assault Vest\n|-damage|p1a: Emboar|0 fnt\n|faint|p1a: Emboar\n|-damage|p2a: Banette|243/270|[from] item: Life Orb\n|\n|upkeep\n|\n|t:|1781462167\n|switch|p1a: Cacturne|Cacturne, L92, F|278/278\n|turn|5\n|inactive|tiziown has 120 seconds left.\n|\n|t:|1781462203\n|move|p1a: Cacturne|Sucker Punch||[still]\n|-fail|p1a: Cacturne\n|move|p2a: Banette|Thunder Wave|p1a: Cacturne|[miss]\n|-miss|p2a: Banette|p1a: Cacturne\n|\n|-fieldend|move: Electric Terrain\n|upkeep\n|turn|6\n|\n|t:|1781462211\n|move|p2a: Banette|Gunk Shot|p1a: Cacturne\n|-supereffective|p1a: Cacturne\n|-damage|p1a: Cacturne|0 fnt\n|faint|p1a: Cacturne\n|-damage|p2a: Banette|216/270|[from] item: Life Orb\n|\n|upkeep\n|\n|t:|1781462219\n|switch|p1a: Vivillon|Vivillon-Sun, L83, M|268/268\n|turn|7\n|inactive|tiziown has 120 seconds left.\n|\n|t:|1781462256\n|move|p1a: Vivillon|Hurricane|p2a: Banette\n|-damage|p2a: Banette|81/270\n|move|p2a: Banette|Poltergeist|p1a: Vivillon\n|-activate|p1a: Vivillon|move: Poltergeist|Heavy-Duty Boots\n|-damage|p1a: Vivillon|0 fnt\n|faint|p1a: Vivillon\n|-damage|p2a: Banette|54/270|[from] item: Life Orb\n|\n|upkeep\n|\n|t:|1781462267\n|switch|p1a: Deoxys|Deoxys-Defense, L84|221/221\n|-ability|p1a: Deoxys|Pressure\n|turn|8\n|inactive|tiziown has 90 seconds left.\n|\n|t:|1781462298\n|switch|p2a: Wyrdeer|Wyrdeer, L87, M|321/321\n|-ability|p2a: Wyrdeer|Intimidate|boost\n|-unboost|p1a: Deoxys|atk|1\n|move|p1a: Deoxys|Night Shade|p2a: Wyrdeer\n|-immune|p2a: Wyrdeer\n|\n|upkeep\n|turn|9\n|inactive|Kieskauer has 120 seconds left.\n|inactive|tiziown has 90 seconds left.\n|\n|t:|1781462305\n|switch|p1a: Calyrex|Calyrex-Shadow, L64|4/235\n|-ability|p1a: Calyrex|As One\n|-ability|p1a: Calyrex|Unnerve\n|move|p2a: Wyrdeer|Thunder Wave|p1a: Calyrex\n|-status|p1a: Calyrex|par\n|\n|upkeep\n|turn|10\n|inactive|tiziown has 90 seconds left.\n|inactive|tiziown has 60 seconds left.\n|\n|t:|1781462352\n|move|p2a: Wyrdeer|Psychic Noise|p1a: Calyrex\n|-resisted|p1a: Calyrex\n|-damage|p1a: Calyrex|0 fnt\n|faint|p1a: Calyrex\n|\n|upkeep\n|\n|t:|1781462361\n|switch|p1a: Lanturn|Lanturn, L89, M|367/367\n|turn|11\n|\n|t:|1781462370\n|move|p1a: Lanturn|Scald|p2a: Wyrdeer\n|-damage|p2a: Wyrdeer|230/321\n|move|p2a: Wyrdeer|Earthquake|p1a: Lanturn\n|-supereffective|p1a: Lanturn\n|-damage|p1a: Lanturn|169/367\n|\n|-heal|p2a: Wyrdeer|250/321|[from] item: Leftovers\n|upkeep\n|turn|12\n|\n|t:|1781462383\n|move|p1a: Lanturn|Scald|p2a: Wyrdeer\n|-damage|p2a: Wyrdeer|166/321\n|move|p2a: Wyrdeer|Earthquake|p1a: Lanturn\n|-supereffective|p1a: Lanturn\n|-damage|p1a: Lanturn|0 fnt\n|faint|p1a: Lanturn\n|\n|-heal|p2a: Wyrdeer|186/321|[from] item: Leftovers\n|upkeep\n|\n|t:|1781462389\n|switch|p1a: Deoxys|Deoxys-Defense, L84|221/221\n|-ability|p1a: Deoxys|Pressure\n|turn|13\n|inactive|tiziown has 60 seconds left.\n|inactive|tiziown has 30 seconds left.\n|\n|t:|1781462445\n|move|p1a: Deoxys|Cosmic Power|p1a: Deoxys\n|-boost|p1a: Deoxys|def|1\n|-boost|p1a: Deoxys|spd|1\n|move|p2a: Wyrdeer|Thunder Wave|p1a: Deoxys\n|-status|p1a: Deoxys|par\n|\n|-heal|p2a: Wyrdeer|206/321|[from] item: Leftovers\n|upkeep\n|turn|14\n|\n|t:|1781462452\n|switch|p2a: Masquerain|Masquerain, L87, F|264/264\n|-ability|p2a: Masquerain|Intimidate|boost\n|-unboost|p1a: Deoxys|atk|1\n|cant|p1a: Deoxys|par\n|\n|upkeep\n|turn|15\n|\n|t:|1781462460\n|move|p2a: Masquerain|Quiver Dance|p2a: Masquerain\n|-boost|p2a: Masquerain|spa|1\n|-boost|p2a: Masquerain|spd|1\n|-boost|p2a: Masquerain|spe|1\n|cant|p1a: Deoxys|par\n|\n|upkeep\n|turn|16\n|\n|t:|1781462471\n|move|p2a: Masquerain|Quiver Dance|p2a: Masquerain\n|-boost|p2a: Masquerain|spa|1\n|-boost|p2a: Masquerain|spd|1\n|-boost|p2a: Masquerain|spe|1\n|cant|p1a: Deoxys|par\n|\n|upkeep\n|turn|17\n|inactive|Kieskauer has 120 seconds left.\n|inactive|Kieskauer has 90 seconds left.\n|\n|t:|1781462542\n|move|p2a: Masquerain|Quiver Dance|p2a: Masquerain\n|-boost|p2a: Masquerain|spa|1\n|-boost|p2a: Masquerain|spd|1\n|-boost|p2a: Masquerain|spe|1\n|move|p1a: Deoxys|Cosmic Power|p1a: Deoxys\n|-boost|p1a: Deoxys|def|1\n|-boost|p1a: Deoxys|spd|1\n|\n|upkeep\n|turn|18\n|inactive|tiziown has 60 seconds left.\n|\n|t:|1781462552\n|move|p2a: Masquerain|Bug Buzz|p1a: Deoxys\n|-supereffective|p1a: Deoxys\n|-damage|p1a: Deoxys|57/221 par\n|move|p1a: Deoxys|Cosmic Power|p1a: Deoxys\n|-boost|p1a: Deoxys|def|1\n|-boost|p1a: Deoxys|spd|1\n|\n|-heal|p1a: Deoxys|70/221 par|[from] item: Leftovers\n|upkeep\n|turn|19\n|inactive|Kieskauer has 90 seconds left.\n|l|\u2606Kieskauer\n|inactive|Kieskauer disconnected and has a minute to reconnect!\n|player|p1|\n|inactive|Kieskauer has 30 seconds to reconnect!\n|inactive|Kieskauer has 20 seconds to reconnect!\n|inactive|Kieskauer has 15 seconds to reconnect!\n|inactive|Kieskauer has 10 seconds to reconnect!\n|inactive|Kieskauer has 5 seconds to reconnect!\n|j|\u2606Kieskauer\n|inactive|Kieskauer reconnected and has 35 seconds left.\n|player|p1|Kieskauer|2|\n|inactive|Kieskauer has 30 seconds left.\n|\n|t:|1781462619\n|-terastallize|p1a: Deoxys|Steel\n|move|p2a: Masquerain|Bug Buzz|p1a: Deoxys\n|-resisted|p1a: Deoxys\n|-damage|p1a: Deoxys|37/221 par\n|move|p1a: Deoxys|Recover|p1a: Deoxys\n|-heal|p1a: Deoxys|148/221 par\n|\n|-heal|p1a: Deoxys|161/221 par|[from] item: Leftovers\n|upkeep\n|turn|20\n|inactive|tiziown has 60 seconds left.\n|\n|t:|1781462640\n|switch|p2a: Gumshoos|Gumshoos, L95, F|321/321\n|cant|p1a: Deoxys|par\n|\n|-heal|p1a: Deoxys|174/221 par|[from] item: Leftovers\n|upkeep\n|turn|21\n|\n|t:|1781462647\n|move|p2a: Gumshoos|Knock Off|p1a: Deoxys\n|-damage|p1a: Deoxys|136/221 par\n|-enditem|p1a: Deoxys|Leftovers|[from] move: Knock Off|[of] p2a: Gumshoos\n|move|p1a: Deoxys|Cosmic Power|p1a: Deoxys\n|-boost|p1a: Deoxys|def|1\n|-boost|p1a: Deoxys|spd|1\n|\n|upkeep\n|turn|22\n|\n|t:|1781462660\n|switch|p2a: Banette|Banette, L93, F|54/270\n|move|p1a: Deoxys|Cosmic Power|p1a: Deoxys\n|-boost|p1a: Deoxys|def|1\n|-boost|p1a: Deoxys|spd|1\n|\n|upkeep\n|turn|23\n|\n|t:|1781462670\n|switch|p2a: Wyrdeer|Wyrdeer, L87, M|206/321\n|-ability|p2a: Wyrdeer|Intimidate|boost\n|-unboost|p1a: Deoxys|atk|1\n|move|p1a: Deoxys|Recover|p1a: Deoxys\n|-heal|p1a: Deoxys|221/221 par\n|\n|-heal|p2a: Wyrdeer|226/321|[from] item: Leftovers\n|upkeep\n|turn|24\n|\n|t:|1781462674\n|move|p2a: Wyrdeer|Earthquake|p1a: Deoxys\n|-supereffective|p1a: Deoxys\n|-damage|p1a: Deoxys|189/221 par\n|move|p1a: Deoxys|Cosmic Power|p1a: Deoxys\n|-boost|p1a: Deoxys|def|1\n|-boost|p1a: Deoxys|spd|1\n|\n|-heal|p2a: Wyrdeer|246/321|[from] item: Leftovers\n|upkeep\n|turn|25\n|inactive|tiziown has 90 seconds left.\n|\n|t:|1781462709\n|switch|p2a: Banette|Banette, L93, F|54/270\n|move|p1a: Deoxys|Stored Power|p2a: Banette\n|-damage|p2a: Banette|0 fnt\n|faint|p2a: Banette\n|\n|upkeep\n|\n|t:|1781462712\n|switch|p2a: Gumshoos|Gumshoos, L95, F|321/321\n|turn|26\n|\n|t:|1781462718\n|move|p2a: Gumshoos|Earthquake|p1a: Deoxys\n|-supereffective|p1a: Deoxys\n|-damage|p1a: Deoxys|143/221 par\n|move|p1a: Deoxys|Stored Power|p2a: Gumshoos\n|-damage|p2a: Gumshoos|53/321\n|\n|upkeep\n|turn|27\n|\n|t:|1781462743\n|switch|p2a: Wyrdeer|Wyrdeer, L87, M|246/321\n|-ability|p2a: Wyrdeer|Intimidate|boost\n|-unboost|p1a: Deoxys|atk|1\n|move|p1a: Deoxys|Stored Power|p2a: Wyrdeer\n|-resisted|p2a: Wyrdeer\n|-damage|p2a: Wyrdeer|134/321\n|\n|-heal|p2a: Wyrdeer|154/321|[from] item: Leftovers\n|upkeep\n|turn|28\n|inactive|tiziown has 90 seconds left.\n|\n|t:|1781462750\n|move|p2a: Wyrdeer|Psychic Noise|p1a: Deoxys\n|-resisted|p1a: Deoxys\n|-damage|p1a: Deoxys|137/221 par\n|-start|p1a: Deoxys|move: Heal Block\n|cant|p1a: Deoxys|par\n|\n|-heal|p2a: Wyrdeer|174/321|[from] item: Leftovers\n|upkeep\n|turn|29\n|inactive|tiziown has 90 seconds left.\n|\n|t:|1781462767\n|move|p2a: Wyrdeer|Earthquake|p1a: Deoxys\n|-supereffective|p1a: Deoxys\n|-damage|p1a: Deoxys|111/221 par\n|cant|p1a: Deoxys|par\n|\n|-heal|p2a: Wyrdeer|194/321|[from] item: Leftovers\n|-end|p1a: Deoxys|move: Heal Block\n|upkeep\n|turn|30\n|\n|t:|1781462771\n|move|p2a: Wyrdeer|Psychic Noise|p1a: Deoxys\n|-resisted|p1a: Deoxys\n|-damage|p1a: Deoxys|104/221 par\n|-start|p1a: Deoxys|move: Heal Block\n|cant|p1a: Deoxys|par\n|\n|-heal|p2a: Wyrdeer|214/321|[from] item: Leftovers\n|upkeep\n|turn|31\n|\n|t:|1781462777\n|move|p2a: Wyrdeer|Earthquake|p1a: Deoxys\n|-supereffective|p1a: Deoxys\n|-damage|p1a: Deoxys|78/221 par\n|cant|p1a: Deoxys|par\n|\n|-heal|p2a: Wyrdeer|234/321|[from] item: Leftovers\n|-end|p1a: Deoxys|move: Heal Block\n|upkeep\n|turn|32\n|\n|t:|1781462783\n|move|p2a: Wyrdeer|Psychic Noise|p1a: Deoxys\n|-resisted|p1a: Deoxys\n|-damage|p1a: Deoxys|72/221 par\n|-start|p1a: Deoxys|move: Heal Block\n|cant|p1a: Deoxys|par\n|\n|-heal|p2a: Wyrdeer|254/321|[from] item: Leftovers\n|upkeep\n|turn|33\n|\n|t:|1781462786\n|move|p2a: Wyrdeer|Earthquake|p1a: Deoxys\n|-supereffective|p1a: Deoxys\n|-damage|p1a: Deoxys|44/221 par\n|cant|p1a: Deoxys|par\n|\n|-heal|p2a: Wyrdeer|274/321|[from] item: Leftovers\n|-end|p1a: Deoxys|move: Heal Block\n|upkeep\n|turn|34\n|\n|t:|1781462791\n|move|p2a: Wyrdeer|Psychic Noise|p1a: Deoxys\n|-resisted|p1a: Deoxys\n|-damage|p1a: Deoxys|38/221 par\n|-start|p1a: Deoxys|move: Heal Block\n|move|p1a: Deoxys|Stored Power|p2a: Wyrdeer\n|-resisted|p2a: Wyrdeer\n|-damage|p2a: Wyrdeer|166/321\n|\n|-heal|p2a: Wyrdeer|186/321|[from] item: Leftovers\n|upkeep\n|turn|35\n|\n|t:|1781462794\n|move|p2a: Wyrdeer|Earthquake|p1a: Deoxys\n|-supereffective|p1a: Deoxys\n|-damage|p1a: Deoxys|10/221 par\n|move|p1a: Deoxys|Stored Power|p2a: Wyrdeer\n|-resisted|p2a: Wyrdeer\n|-damage|p2a: Wyrdeer|75/321\n|\n|-heal|p2a: Wyrdeer|95/321|[from] item: Leftovers\n|-end|p1a: Deoxys|move: Heal Block\n|upkeep\n|turn|36\n|\n|t:|1781462800\n|move|p2a: Wyrdeer|Psychic Noise|p1a: Deoxys\n|-resisted|p1a: Deoxys\n|-damage|p1a: Deoxys|4/221 par\n|-start|p1a: Deoxys|move: Heal Block\n|move|p1a: Deoxys|Stored Power|p2a: Wyrdeer\n|-resisted|p2a: Wyrdeer\n|-damage|p2a: Wyrdeer|0 fnt\n|faint|p2a: Wyrdeer\n|\n|upkeep\n|\n|t:|1781462805\n|switch|p2a: Lucario|Lucario, L84, F|255/255\n|turn|37\n|\n|t:|1781462812\n|-terastallize|p2a: Lucario|Fighting\n|move|p2a: Lucario|Aura Sphere|p1a: Deoxys\n|-supereffective|p1a: Deoxys\n|-damage|p1a: Deoxys|0 fnt\n|faint|p1a: Deoxys\n|-damage|p2a: Lucario|230/255|[from] item: Life Orb\n|\n|win|tiziown\n", "uploadtime": 1781462018, "views": 3, "formatid": "gen9randombattle", "rating": null, "private": 0, "password": null}