{"id": "gen9randombattle-2631725238", "format": "[Gen 9] Random Battle", "players": ["Sarvesh legend 001", "paddyd121"], "log": "|j|\u2606Sarvesh legend 001\n|j|\u2606paddyd121\n|t:|1781429136\n|gametype|singles\n|player|p1|Sarvesh legend 001|red|1917\n|player|p2|paddyd121|ethan|1934\n|gen|9\n|tier|[Gen 9] Random Battle\n|rated|\n|rule|Species Clause: Limit one of each Pok\u00e9mon\n|rule|HP Percentage Mod: HP is shown in percentages\n|rule|Sleep Clause Mod: Limit one foe put to sleep\n|rule|Illusion Level Mod: Illusion disguises the Pok\u00e9mon's true level\n|\n|t:|1781429136\n|teamsize|p1|6\n|teamsize|p2|6\n|start\n|switch|p1a: Passimian|Passimian, L83, F|302/302\n|switch|p2a: Lumineon|Lumineon, L93, F|279/279\n|turn|1\n|inactive|Battle timer is ON: inactive players will automatically lose when time's up. (requested by Sarvesh legend 001)\n|\n|t:|1781429151\n|move|p1a: Passimian|Close Combat|p2a: Lumineon\n|-damage|p2a: Lumineon|117/279\n|-unboost|p1a: Passimian|def|1\n|-unboost|p1a: Passimian|spd|1\n|move|p2a: Lumineon|Alluring Voice|p1a: Passimian\n|-supereffective|p1a: Passimian\n|-damage|p1a: Passimian|32/302\n|-damage|p2a: Lumineon|90/279|[from] item: Life Orb\n|\n|upkeep\n|turn|2\n|\n|t:|1781429166\n|switch|p2a: Thundurus|Thundurus-Therian, L80, M|258/258\n|move|p1a: Passimian|Close Combat|p2a: Thundurus\n|-resisted|p2a: Thundurus\n|-damage|p2a: Thundurus|159/258\n|-unboost|p1a: Passimian|def|1\n|-unboost|p1a: Passimian|spd|1\n|\n|upkeep\n|turn|3\n|\n|t:|1781429176\n|switch|p1a: Ursaluna|Ursaluna, L79, M|335/335\n|move|p2a: Thundurus|Volt Switch|p1a: Ursaluna\n|-immune|p1a: Ursaluna\n|\n|-status|p1a: Ursaluna|brn|[from] item: Flame Orb\n|upkeep\n|turn|4\n|\n|t:|1781429185\n|switch|p2a: Lumineon|Lumineon, L93, F|90/279\n|move|p1a: Ursaluna|Facade|p2a: Lumineon\n|-damage|p2a: Lumineon|0 fnt\n|faint|p2a: Lumineon\n|\n|-damage|p1a: Ursaluna|315/335 brn|[from] brn\n|upkeep\n|\n|t:|1781429195\n|switch|p2a: Glalie|Glalie, L96, M|309/309\n|turn|5\n|\n|t:|1781429206\n|move|p2a: Glalie|Spikes|p1a: Ursaluna\n|-sidestart|p1: Sarvesh legend 001|Spikes\n|move|p1a: Ursaluna|Facade|p2a: Glalie\n|-damage|p2a: Glalie|68/309\n|\n|-damage|p1a: Ursaluna|295/335 brn|[from] brn\n|upkeep\n|turn|6\n|\n|t:|1781429217\n|switch|p1a: Frosmoth|Frosmoth, L82, M|249/249\n|move|p2a: Glalie|Freeze-Dry|p1a: Frosmoth\n|-resisted|p1a: Frosmoth\n|-damage|p1a: Frosmoth|228/249\n|\n|upkeep\n|turn|7\n|\n|t:|1781429224\n|move|p2a: Glalie|Taunt|p1a: Frosmoth\n|-start|p1a: Frosmoth|move: Taunt\n|cant|p1a: Frosmoth|move: Taunt|Quiver Dance\n|\n|upkeep\n|turn|8\n|\n|t:|1781429229\n|move|p2a: Glalie|Spikes|p1a: Frosmoth\n|-sidestart|p1: Sarvesh legend 001|Spikes\n|move|p1a: Frosmoth|Bug Buzz|p2a: Glalie\n|-damage|p2a: Glalie|0 fnt\n|faint|p2a: Glalie\n|\n|upkeep\n|\n|t:|1781429235\n|switch|p2a: Ninetales|Ninetales, L85, F|263/263\n|-weather|SunnyDay|[from] ability: Drought|[of] p2a: Ninetales\n|turn|9\n|\n|t:|1781429241\n|switch|p1a: Gyarados|Gyarados, L79, F|280/280\n|move|p2a: Ninetales|Fire Blast|p1a: Gyarados|[miss]\n|-miss|p2a: Ninetales|p1a: Gyarados\n|\n|-weather|SunnyDay|[upkeep]\n|upkeep\n|turn|10\n|\n|t:|1781429252\n|switch|p2a: Umbreon|Umbreon, L84, M|297/297\n|switch|p1a: Victreebel|Victreebel, L90, M|290/290\n|-damage|p1a: Victreebel|242/290|[from] Spikes\n|\n|-weather|SunnyDay|[upkeep]\n|upkeep\n|turn|11\n|\n|t:|1781429260\n|move|p2a: Umbreon|Protect|p2a: Umbreon\n|-singleturn|p2a: Umbreon|Protect\n|move|p1a: Victreebel|Swords Dance|p1a: Victreebel\n|-boost|p1a: Victreebel|atk|2\n|\n|-weather|SunnyDay|[upkeep]\n|upkeep\n|turn|12\n|\n|t:|1781429268\n|-terastallize|p2a: Umbreon|Poison\n|move|p1a: Victreebel|Power Whip|p2a: Umbreon\n|-resisted|p2a: Umbreon\n|-damage|p2a: Umbreon|140/297\n|-damage|p1a: Victreebel|213/290|[from] item: Life Orb\n|move|p2a: Umbreon|Foul Play|p1a: Victreebel\n|-damage|p1a: Victreebel|0 fnt\n|faint|p1a: Victreebel\n|\n|-weather|SunnyDay|[upkeep]\n|-heal|p2a: Umbreon|158/297|[from] item: Leftovers\n|upkeep\n|\n|t:|1781429273\n|switch|p1a: Ursaluna|Ursaluna, L79, M|295/335 brn\n|-damage|p1a: Ursaluna|240/335 brn|[from] Spikes\n|turn|13\n|\n|t:|1781429293\n|switch|p2a: Revavroom|Revavroom, L79, M|256/256\n|switch|p1a: Frosmoth|Frosmoth, L82, M|228/249\n|\n|-weather|none\n|upkeep\n|turn|14\n|\n|t:|1781429300\n|move|p2a: Revavroom|Shift Gear|p2a: Revavroom\n|-boost|p2a: Revavroom|spe|2\n|-boost|p2a: Revavroom|atk|1\n|move|p1a: Frosmoth|Quiver Dance|p1a: Frosmoth\n|-boost|p1a: Frosmoth|spa|1\n|-boost|p1a: Frosmoth|spd|1\n|-boost|p1a: Frosmoth|spe|1\n|\n|upkeep\n|turn|15\n|\n|t:|1781429318\n|-terastallize|p1a: Frosmoth|Water\n|move|p2a: Revavroom|Shift Gear|p2a: Revavroom\n|-boost|p2a: Revavroom|spe|2\n|-boost|p2a: Revavroom|atk|1\n|move|p1a: Frosmoth|Ice Beam|p2a: Revavroom\n|-resisted|p2a: Revavroom\n|-damage|p2a: Revavroom|150/256\n|-status|p2a: Revavroom|frz\n|\n|upkeep\n|turn|16\n|\n|t:|1781429325\n|cant|p2a: Revavroom|frz\n|move|p1a: Frosmoth|Ice Beam|p2a: Revavroom\n|-resisted|p2a: Revavroom\n|-damage|p2a: Revavroom|39/256 frz\n|\n|upkeep\n|turn|17\n|c|\u2606paddyd121|...\n|\n|t:|1781429330\n|cant|p2a: Revavroom|frz\n|move|p1a: Frosmoth|Ice Beam|p2a: Revavroom\n|-resisted|p2a: Revavroom\n|-damage|p2a: Revavroom|0 fnt\n|faint|p2a: Revavroom\n|\n|upkeep\n|\n|t:|1781429334\n|switch|p2a: Thundurus|Thundurus-Therian, L80, M|159/258\n|turn|18\n|-message|paddyd121 forfeited.\n|\n|win|Sarvesh legend 001\n", "uploadtime": 1781429138, "views": 3, "formatid": "gen9randombattle", "rating": null, "private": 0, "password": null}