{"id": "gen9randombattle-2631605891", "format": "[Gen 9] Random Battle", "players": ["Shomsnack", "TrivagoGuy"], "log": "|j|\u203dShomsnack\n|j|\u2606TrivagoGuy\n|t:|1781407793\n|gametype|singles\n|player|p1|Shomsnack|170|1969\n|player|p2|TrivagoGuy|worker|1905\n|gen|9\n|tier|[Gen 9] Random Battle\n|rated|\n|rule|Species Clause: Limit one of each Pok\u00e9mon\n|rule|HP Percentage Mod: HP is shown in percentages\n|rule|Sleep Clause Mod: Limit one foe put to sleep\n|rule|Illusion Level Mod: Illusion disguises the Pok\u00e9mon's true level\n|\n|t:|1781407793\n|teamsize|p1|6\n|teamsize|p2|6\n|start\n|switch|p1a: Hitmontop|Hitmontop, L88, M|231/231\n|switch|p2a: Jumpluff|Jumpluff, L87, F|271/271\n|turn|1\n|inactive|Battle timer is ON: inactive players will automatically lose when time's up. (requested by Shomsnack)\n|\n|t:|1781407807\n|switch|p2a: Araquanid|Araquanid, L82, F|246/246\n|move|p1a: Hitmontop|Triple Axel|p2a: Araquanid|[miss]\n|-miss|p1a: Hitmontop|p2a: Araquanid\n|\n|upkeep\n|turn|2\n|\n|t:|1781407812\n|switch|p1a: Oranguru|Oranguru, L92, M|315/315\n|move|p2a: Araquanid|Sticky Web|p1a: Oranguru\n|-sidestart|p1: Shomsnack|move: Sticky Web\n|\n|upkeep\n|turn|3\n|\n|t:|1781407818\n|switch|p2a: Zebstrika|Zebstrika, L87, M|272/272\n|move|p1a: Oranguru|Psyshock|p2a: Zebstrika\n|-damage|p2a: Zebstrika|154/272\n|\n|upkeep\n|turn|4\n|\n|t:|1781407823\n|move|p2a: Zebstrika|Supercell Slam|p1a: Oranguru\n|-damage|p1a: Oranguru|169/315\n|-damage|p2a: Zebstrika|127/272|[from] item: Life Orb\n|move|p1a: Oranguru|Psyshock|p2a: Zebstrika\n|-damage|p2a: Zebstrika|0 fnt\n|faint|p2a: Zebstrika\n|\n|-heal|p1a: Oranguru|188/315|[from] item: Leftovers\n|upkeep\n|\n|t:|1781407831\n|switch|p2a: Roaring Moon|Roaring Moon, L72|270/270\n|-enditem|p2a: Roaring Moon|Booster Energy\n|-activate|p2a: Roaring Moon|ability: Protosynthesis|[fromitem]\n|-start|p2a: Roaring Moon|protosynthesisatk\n|turn|5\n|\n|t:|1781407849\n|move|p2a: Roaring Moon|Dragon Dance|p2a: Roaring Moon\n|-boost|p2a: Roaring Moon|atk|1\n|-boost|p2a: Roaring Moon|spe|1\n|move|p1a: Oranguru|Focus Blast|p2a: Roaring Moon|[miss]\n|-miss|p1a: Oranguru|p2a: Roaring Moon\n|\n|-heal|p1a: Oranguru|207/315|[from] item: Leftovers\n|upkeep\n|turn|6\n|\n|t:|1781407854\n|move|p2a: Roaring Moon|Knock Off|p1a: Oranguru\n|-supereffective|p1a: Oranguru\n|-damage|p1a: Oranguru|0 fnt\n|-enditem|p1a: Oranguru|Leftovers|[from] move: Knock Off|[of] p2a: Roaring Moon\n|faint|p1a: Oranguru\n|\n|upkeep\n|\n|t:|1781407859\n|switch|p1a: Wugtrio|Wugtrio, L91, M|212/212\n|-activate|p1a: Wugtrio|move: Sticky Web\n|-unboost|p1a: Wugtrio|spe|1\n|turn|7\n|\n|t:|1781407863\n|move|p2a: Roaring Moon|Outrage|p1a: Wugtrio\n|-damage|p1a: Wugtrio|0 fnt\n|-ability|p1a: Wugtrio|Gooey\n|-unboost|p2a: Roaring Moon|spe|1\n|faint|p1a: Wugtrio\n|\n|upkeep\n|\n|t:|1781407871\n|switch|p1a: Hitmontop|Hitmontop, L88, M|231/231\n|-activate|p1a: Hitmontop|move: Sticky Web\n|-unboost|p1a: Hitmontop|spe|1\n|turn|8\n|\n|t:|1781407873\n|move|p2a: Roaring Moon|Outrage|p1a: Hitmontop|[from] lockedmove\n|-damage|p1a: Hitmontop|29/231\n|move|p1a: Hitmontop|Triple Axel|p2a: Roaring Moon|[miss]\n|-miss|p1a: Hitmontop|p2a: Roaring Moon\n|\n|-heal|p1a: Hitmontop|43/231|[from] item: Leftovers\n|upkeep\n|turn|9\n|-message|Shomsnack forfeited.\n|\n|win|TrivagoGuy\n", "uploadtime": 1781407795, "views": 3, "formatid": "gen9randombattle", "rating": null, "private": 0, "password": null}