{"id": "gen9randombattle-2632013797", "format": "[Gen 9] Random Battle", "players": ["mczorro", "VeryCoolBubonic"], "log": "|j|\u2606mczorro\n|j|\u2606VeryCoolBubonic\n|t:|1781465991\n|gametype|singles\n|player|p1|mczorro|nate|1208\n|player|p2|VeryCoolBubonic|pokemaniac|1177\n|gen|9\n|tier|[Gen 9] Random Battle\n|rated|\n|rule|Species Clause: Limit one of each Pok\u00e9mon\n|rule|HP Percentage Mod: HP is shown in percentages\n|rule|Sleep Clause Mod: Limit one foe put to sleep\n|rule|Illusion Level Mod: Illusion disguises the Pok\u00e9mon's true level\n|\n|t:|1781465991\n|teamsize|p1|6\n|teamsize|p2|6\n|start\n|switch|p1a: Lilligant|Lilligant, L86, F|261/261\n|switch|p2a: Mightyena|Mightyena, L96, M|290/290\n|-ability|p2a: Mightyena|Intimidate|boost\n|-fail|p1a: Lilligant|unboost|Attack|[from] ability: Own Tempo|[of] p1a: Lilligant\n|turn|1\n|inactive|Battle timer is ON: inactive players will automatically lose when time's up. (requested by mczorro)\n|\n|t:|1781466003\n|move|p1a: Lilligant|Quiver Dance|p1a: Lilligant\n|-boost|p1a: Lilligant|spa|1\n|-boost|p1a: Lilligant|spd|1\n|-boost|p1a: Lilligant|spe|1\n|move|p2a: Mightyena|Poison Fang|p1a: Lilligant\n|-supereffective|p1a: Lilligant\n|-damage|p1a: Lilligant|167/261\n|-status|p1a: Lilligant|tox\n|\n|-damage|p1a: Lilligant|151/261 tox|[from] psn\n|upkeep\n|turn|2\n|\n|t:|1781466013\n|move|p1a: Lilligant|Alluring Voice|p2a: Mightyena\n|-supereffective|p2a: Mightyena\n|-damage|p2a: Mightyena|90/290\n|-damage|p1a: Lilligant|125/261 tox|[from] item: Life Orb\n|move|p2a: Mightyena|Poison Fang|p1a: Lilligant\n|-supereffective|p1a: Lilligant\n|-damage|p1a: Lilligant|31/261 tox\n|\n|-damage|p1a: Lilligant|0 fnt|[from] psn\n|faint|p1a: Lilligant\n|upkeep\n|\n|t:|1781466036\n|switch|p1a: Donphan|Donphan, L84, M|288/288\n|turn|3\n|\n|t:|1781466050\n|move|p2a: Mightyena|Play Rough|p1a: Donphan\n|-damage|p1a: Donphan|226/288\n|move|p1a: Donphan|Rapid Spin|p2a: Mightyena\n|-damage|p2a: Mightyena|46/290\n|-boost|p1a: Donphan|spe|1\n|\n|upkeep\n|turn|4\n|\n|t:|1781466060\n|move|p2a: Mightyena|Sucker Punch|p1a: Donphan\n|-damage|p1a: Donphan|156/288\n|move|p1a: Donphan|Rapid Spin|p2a: Mightyena\n|-damage|p2a: Mightyena|3/290\n|-boost|p1a: Donphan|spe|1\n|\n|upkeep\n|turn|5\n|\n|t:|1781466067\n|move|p2a: Mightyena|Sucker Punch|p1a: Donphan\n|-damage|p1a: Donphan|89/288\n|move|p1a: Donphan|Earthquake|p2a: Mightyena\n|-damage|p2a: Mightyena|0 fnt\n|faint|p2a: Mightyena\n|\n|upkeep\n|\n|t:|1781466077\n|switch|p2a: Basculegion|Basculegion, L80, M|323/323\n|turn|6\n|\n|t:|1781466082\n|move|p1a: Donphan|Knock Off|p2a: Basculegion\n|-supereffective|p2a: Basculegion\n|-damage|p2a: Basculegion|111/323\n|-enditem|p2a: Basculegion|Assault Vest|[from] move: Knock Off|[of] p1a: Donphan\n|move|p2a: Basculegion|Flip Turn|p1a: Donphan\n|-supereffective|p1a: Donphan\n|-damage|p1a: Donphan|0 fnt\n|faint|p1a: Donphan\n|\n|t:|1781466090\n|switch|p2a: Bombirdier|Bombirdier, L85, F|258/258|[from] Flip Turn\n|\n|upkeep\n|\n|t:|1781466099\n|switch|p1a: Ampharos|Ampharos, L88, M|302/302\n|turn|7\n|\n|t:|1781466114\n|move|p2a: Bombirdier|Knock Off|p1a: Ampharos\n|-damage|p1a: Ampharos|182/302\n|-enditem|p1a: Ampharos|Assault Vest|[from] move: Knock Off|[of] p2a: Bombirdier\n|move|p1a: Ampharos|Discharge|p2a: Bombirdier\n|-supereffective|p2a: Bombirdier\n|-damage|p2a: Bombirdier|52/258\n|\n|upkeep\n|turn|8\n|\n|t:|1781466127\n|move|p2a: Bombirdier|Stone Edge|p1a: Ampharos\n|-damage|p1a: Ampharos|60/302\n|move|p1a: Ampharos|Discharge|p2a: Bombirdier\n|-supereffective|p2a: Bombirdier\n|-damage|p2a: Bombirdier|0 fnt\n|faint|p2a: Bombirdier\n|\n|upkeep\n|\n|t:|1781466134\n|switch|p2a: Swanna|Swanna, L89, F|278/278\n|turn|9\n|\n|t:|1781466144\n|-terastallize|p2a: Swanna|Ground\n|move|p2a: Swanna|Hydro Pump|p1a: Ampharos\n|-damage|p1a: Ampharos|0 fnt\n|faint|p1a: Ampharos\n|\n|upkeep\n|\n|t:|1781466154\n|switch|p1a: Abomasnow|Abomasnow, L84, M|287/287\n|-weather|Snowscape|[from] ability: Snow Warning|[of] p1a: Abomasnow\n|turn|10\n|\n|t:|1781466163\n|move|p2a: Swanna|Brave Bird|p1a: Abomasnow\n|-supereffective|p1a: Abomasnow\n|-damage|p1a: Abomasnow|99/287\n|-damage|p2a: Swanna|216/278|[from] Recoil\n|move|p1a: Abomasnow|Blizzard|p2a: Swanna\n|-supereffective|p2a: Swanna\n|-damage|p2a: Swanna|0 fnt\n|faint|p2a: Swanna\n|\n|-weather|Snowscape|[upkeep]\n|upkeep\n|\n|t:|1781466175\n|switch|p2a: Basculegion|Basculegion, L80, M|111/323\n|turn|11\n|\n|t:|1781466183\n|switch|p1a: Thundurus|Thundurus, L80, M|258/258\n|move|p2a: Basculegion|Shadow Ball|p1a: Thundurus\n|-damage|p1a: Thundurus|162/258\n|\n|-weather|Snowscape|[upkeep]\n|upkeep\n|turn|12\n|\n|t:|1781466193\n|move|p1a: Thundurus|Thunderbolt|p2a: Basculegion\n|-supereffective|p2a: Basculegion\n|-crit|p2a: Basculegion\n|-damage|p2a: Basculegion|0 fnt\n|faint|p2a: Basculegion\n|\n|-weather|Snowscape|[upkeep]\n|upkeep\n|\n|t:|1781466201\n|switch|p2a: Solgaleo|Solgaleo, L74|325/325\n|turn|13\n|\n|t:|1781466215\n|move|p1a: Thundurus|Focus Blast|p2a: Solgaleo\n|-damage|p2a: Solgaleo|211/325\n|move|p2a: Solgaleo|Flame Charge|p1a: Thundurus\n|-damage|p1a: Thundurus|118/258\n|-boost|p2a: Solgaleo|spe|1\n|\n|-weather|Snowscape|[upkeep]\n|upkeep\n|turn|14\n|\n|t:|1781466235\n|move|p2a: Solgaleo|Flame Charge|p1a: Thundurus\n|-damage|p1a: Thundurus|70/258\n|-boost|p2a: Solgaleo|spe|1\n|move|p1a: Thundurus|Thunderbolt|p2a: Solgaleo\n|-damage|p2a: Solgaleo|85/325\n|\n|-weather|none\n|upkeep\n|turn|15\n|\n|t:|1781466251\n|move|p2a: Solgaleo|Close Combat|p1a: Thundurus\n|-resisted|p1a: Thundurus\n|-damage|p1a: Thundurus|15/258\n|-unboost|p2a: Solgaleo|def|1\n|-unboost|p2a: Solgaleo|spd|1\n|move|p1a: Thundurus|Focus Blast|p2a: Solgaleo|[miss]\n|-miss|p1a: Thundurus|p2a: Solgaleo\n|\n|upkeep\n|turn|16\n|\n|t:|1781466261\n|move|p2a: Solgaleo|Flame Charge|p1a: Thundurus\n|-damage|p1a: Thundurus|0 fnt\n|-boost|p2a: Solgaleo|spe|1\n|faint|p1a: Thundurus\n|\n|upkeep\n|\n|t:|1781466266\n|switch|p1a: Gouging Fire|Gouging Fire, L74|277/277\n|turn|17\n|\n|t:|1781466271\n|move|p2a: Solgaleo|Earthquake|p1a: Gouging Fire\n|-supereffective|p1a: Gouging Fire\n|-damage|p1a: Gouging Fire|159/277\n|move|p1a: Gouging Fire|Earthquake|p2a: Solgaleo\n|-supereffective|p2a: Solgaleo\n|-damage|p2a: Solgaleo|0 fnt\n|faint|p2a: Solgaleo\n|\n|upkeep\n|\n|t:|1781466278\n|switch|p2a: Toxtricity|Toxtricity, L82, F|257/257\n|turn|18\n|\n|t:|1781466289\n|move|p1a: Gouging Fire|Earthquake|p2a: Toxtricity\n|-supereffective|p2a: Toxtricity\n|-damage|p2a: Toxtricity|0 fnt\n|faint|p2a: Toxtricity\n|\n|win|mczorro\n|raw|mczorro's rating: 1208 &rarr; <strong>1231</strong><br />(+23 for winning)\n|raw|VeryCoolBubonic's rating: 1177 &rarr; <strong>1154</strong><br />(-23 for losing)\n", "uploadtime": 1781466293, "views": 2, "formatid": "gen9randombattle", "rating": 1154, "private": 0, "password": null}