{"id": "gen9randombattle-2631634764", "format": "[Gen 9] Random Battle", "players": ["Ctannn", "nocomment3"], "log": "|badge|p1|silver|gen9randombattle|30-9\n|uhtml|medal-msg|<div class=\"broadcast-blue\">Curious what those medals under the avatar are? PS now has Ladder Seasons! For more information, check out the <a href=\"https://www.smogon.com/forums/threads/3740067/\">thread on Smogon.</a></div>\n|j|\u2606Ctannn\n|j|\u2606nocomment3\n|t:|1781412302\n|gametype|singles\n|player|p1|Ctannn|169|2389\n|player|p2|nocomment3|2|2315\n|gen|9\n|tier|[Gen 9] Random Battle\n|rated|\n|rule|Species Clause: Limit one of each Pok\u00e9mon\n|rule|HP Percentage Mod: HP is shown in percentages\n|rule|Sleep Clause Mod: Limit one foe put to sleep\n|rule|Illusion Level Mod: Illusion disguises the Pok\u00e9mon's true level\n|\n|t:|1781412302\n|teamsize|p1|6\n|teamsize|p2|6\n|start\n|switch|p1a: Giratina|Giratina, L75|349/349\n|switch|p2a: Kricketune|Kricketune, L99, F|311/311\n|-ability|p1a: Giratina|Pressure\n|turn|1\n|inactive|Battle timer is ON: inactive players will automatically lose when time's up. (requested by Ctannn)\n|\n|t:|1781412325\n|switch|p1a: Arbok|Arbok, L87, M|246/246\n|-ability|p1a: Arbok|Intimidate|boost\n|-unboost|p2a: Kricketune|atk|1\n|move|p2a: Kricketune|Knock Off|p1a: Arbok\n|-damage|p1a: Arbok|177/246\n|-enditem|p1a: Arbok|Life Orb|[from] move: Knock Off|[of] p2a: Kricketune\n|\n|upkeep\n|turn|2\n|\n|t:|1781412340\n|switch|p2a: Hypno|Hypno, L95, M|315/315\n|move|p1a: Arbok|Knock Off|p2a: Hypno\n|-supereffective|p2a: Hypno\n|-damage|p2a: Hypno|161/315\n|-enditem|p2a: Hypno|Leftovers|[from] move: Knock Off|[of] p1a: Arbok\n|\n|upkeep\n|turn|3\n|\n|t:|1781412362\n|move|p1a: Arbok|Toxic Spikes|p2a: Hypno\n|-sidestart|p2: nocomment3|move: Toxic Spikes\n|move|p2a: Hypno|Psychic Noise|p1a: Arbok\n|-supereffective|p1a: Arbok\n|-damage|p1a: Arbok|1/246\n|-start|p1a: Arbok|move: Heal Block\n|\n|upkeep\n|turn|4\n|\n|t:|1781412372\n|switch|p1a: Weavile|Weavile, L79, M|239/239\n|move|p2a: Hypno|Psychic Noise|p1a: Weavile\n|-immune|p1a: Weavile\n|\n|upkeep\n|turn|5\n|\n|t:|1781412381\n|move|p1a: Weavile|Knock Off|p2a: Hypno\n|-supereffective|p2a: Hypno\n|-damage|p2a: Hypno|0 fnt\n|faint|p2a: Hypno\n|\n|upkeep\n|\n|t:|1781412390\n|switch|p2a: Chien-Pao|Chien-Pao, L72|234/234\n|-ability|p2a: Chien-Pao|Sword of Ruin\n|turn|6\n|\n|t:|1781412406\n|move|p1a: Weavile|Knock Off|p2a: Chien-Pao\n|-resisted|p2a: Chien-Pao\n|-damage|p2a: Chien-Pao|132/234\n|-enditem|p2a: Chien-Pao|Heavy-Duty Boots|[from] move: Knock Off|[of] p1a: Weavile\n|move|p2a: Chien-Pao|Swords Dance|p2a: Chien-Pao\n|-boost|p2a: Chien-Pao|atk|2\n|\n|upkeep\n|turn|7\n|\n|t:|1781412412\n|switch|p1a: Arbok|Arbok, L87, M|1/246\n|-ability|p1a: Arbok|Intimidate|boost\n|-unboost|p2a: Chien-Pao|atk|1\n|move|p2a: Chien-Pao|Swords Dance|p2a: Chien-Pao\n|-boost|p2a: Chien-Pao|atk|2\n|\n|upkeep\n|turn|8\n|inactive|Ctannn has 120 seconds left.\n|\n|t:|1781412445\n|move|p1a: Arbok|Sucker Punch|p2a: Chien-Pao\n|-resisted|p2a: Chien-Pao\n|-crit|p2a: Chien-Pao\n|-damage|p2a: Chien-Pao|83/234\n|move|p2a: Chien-Pao|Throat Chop|p1a: Arbok\n|-damage|p1a: Arbok|0 fnt\n|faint|p1a: Arbok\n|\n|upkeep\n|inactive|Ctannn has 120 seconds left.\n|\n|t:|1781412450\n|switch|p1a: Greninja|Greninja, L80, M|246/246\n|turn|9\n|\n|t:|1781412455\n|move|p2a: Chien-Pao|Ice Shard|p1a: Greninja\n|-resisted|p1a: Greninja\n|-damage|p1a: Greninja|174/246\n|move|p1a: Greninja|Hydro Pump|p2a: Chien-Pao\n|-start|p1a: Greninja|typechange|Water|[from] ability: Protean\n|-crit|p2a: Chien-Pao\n|-damage|p2a: Chien-Pao|0 fnt\n|faint|p2a: Chien-Pao\n|-damage|p1a: Greninja|150/246|[from] item: Life Orb\n|\n|upkeep\n|\n|t:|1781412460\n|switch|p2a: Kricketune|Kricketune, L99, F|311/311\n|-status|p2a: Kricketune|psn\n|turn|10\n|\n|t:|1781412479\n|move|p1a: Greninja|Spikes|p2a: Kricketune\n|-sidestart|p2: nocomment3|Spikes\n|move|p2a: Kricketune|Pounce|p1a: Greninja\n|-damage|p1a: Greninja|17/246\n|-unboost|p1a: Greninja|spe|1\n|\n|-damage|p2a: Kricketune|273/311 psn|[from] psn\n|upkeep\n|turn|11\n|\n|t:|1781412491\n|switch|p1a: Weavile|Weavile, L79, M|239/239\n|move|p2a: Kricketune|Sticky Web|p1a: Weavile\n|-sidestart|p1: Ctannn|move: Sticky Web\n|\n|-damage|p2a: Kricketune|235/311 psn|[from] psn\n|upkeep\n|turn|12\n|\n|t:|1781412497\n|move|p1a: Weavile|Triple Axel|p2a: Kricketune\n|-damage|p2a: Kricketune|189/311 psn\n|-damage|p2a: Kricketune|108/311 psn\n|-damage|p2a: Kricketune|0 fnt\n|faint|p2a: Kricketune\n|-hitcount|p2: Kricketune|3\n|\n|upkeep\n|\n|t:|1781412515\n|switch|p2a: Feraligatr|Feraligatr, L79, M|264/264\n|-status|p2a: Feraligatr|psn\n|-damage|p2a: Feraligatr|231/264 psn|[from] Spikes\n|turn|13\n|\n|t:|1781412537\n|move|p1a: Weavile|Triple Axel|p2a: Feraligatr\n|-resisted|p2a: Feraligatr\n|-damage|p2a: Feraligatr|216/264 psn\n|-resisted|p2a: Feraligatr\n|-damage|p2a: Feraligatr|183/264 psn\n|-hitcount|p2a: Feraligatr|2\n|move|p2a: Feraligatr|Dragon Dance|p2a: Feraligatr\n|-boost|p2a: Feraligatr|atk|1\n|-boost|p2a: Feraligatr|spe|1\n|\n|-damage|p2a: Feraligatr|150/264 psn|[from] psn\n|upkeep\n|turn|14\n|\n|t:|1781412550\n|switch|p1a: Greninja|Greninja, L80, M|17/246\n|-activate|p1a: Greninja|move: Sticky Web\n|-unboost|p1a: Greninja|spe|1\n|move|p2a: Feraligatr|Dragon Dance|p2a: Feraligatr\n|-boost|p2a: Feraligatr|atk|1\n|-boost|p2a: Feraligatr|spe|1\n|\n|-damage|p2a: Feraligatr|117/264 psn|[from] psn\n|upkeep\n|turn|15\n|\n|t:|1781412558\n|move|p2a: Feraligatr|Liquidation|p1a: Greninja\n|-resisted|p1a: Greninja\n|-crit|p1a: Greninja\n|-damage|p1a: Greninja|0 fnt\n|faint|p1a: Greninja\n|\n|-damage|p2a: Feraligatr|84/264 psn|[from] psn\n|upkeep\n|\n|t:|1781412575\n|switch|p1a: Weavile|Weavile, L79, M|239/239\n|-activate|p1a: Weavile|move: Sticky Web\n|-unboost|p1a: Weavile|spe|1\n|turn|16\n|\n|t:|1781412579\n|move|p1a: Weavile|Ice Shard|p2a: Feraligatr\n|-resisted|p2a: Feraligatr\n|-damage|p2a: Feraligatr|50/264 psn\n|move|p2a: Feraligatr|Crunch|p1a: Weavile\n|-resisted|p1a: Weavile\n|-damage|p1a: Weavile|119/239\n|\n|-damage|p2a: Feraligatr|17/264 psn|[from] psn\n|upkeep\n|turn|17\n|\n|t:|1781412583\n|move|p1a: Weavile|Ice Shard|p2a: Feraligatr\n|-resisted|p2a: Feraligatr\n|-damage|p2a: Feraligatr|0 fnt\n|faint|p2a: Feraligatr\n|\n|upkeep\n|\n|t:|1781412585\n|switch|p2a: Azumarill|Azumarill, L82, M|298/298\n|-status|p2a: Azumarill|psn\n|-damage|p2a: Azumarill|261/298 psn|[from] Spikes\n|turn|18\n|\n|t:|1781412591\n|switch|p1a: Articuno|Articuno, L86|295/295\n|-ability|p1a: Articuno|Pressure\n|move|p2a: Azumarill|Play Rough|p1a: Articuno\n|-damage|p1a: Articuno|141/295\n|-unboost|p1a: Articuno|atk|1\n|\n|-damage|p2a: Azumarill|224/298 psn|[from] psn\n|upkeep\n|turn|19\n|\n|t:|1781412595\n|move|p1a: Articuno|Roost|p1a: Articuno\n|-heal|p1a: Articuno|289/295\n|-singleturn|p1a: Articuno|move: Roost\n|move|p2a: Azumarill|Play Rough|p1a: Articuno\n|-damage|p1a: Articuno|133/295\n|\n|-damage|p2a: Azumarill|187/298 psn|[from] psn\n|upkeep\n|turn|20\n|\n|t:|1781412599\n|switch|p1a: Bronzong|Bronzong, L88|261/261\n|move|p2a: Azumarill|Play Rough|p1a: Bronzong\n|-resisted|p1a: Bronzong\n|-damage|p1a: Bronzong|199/261\n|\n|-heal|p1a: Bronzong|215/261|[from] item: Leftovers\n|-damage|p2a: Azumarill|150/298 psn|[from] psn\n|upkeep\n|turn|21\n|\n|t:|1781412604\n|move|p2a: Azumarill|Play Rough|p1a: Bronzong\n|-resisted|p1a: Bronzong\n|-damage|p1a: Bronzong|155/261\n|move|p1a: Bronzong|Iron Defense|p1a: Bronzong\n|-boost|p1a: Bronzong|def|2\n|\n|-heal|p1a: Bronzong|171/261|[from] item: Leftovers\n|-damage|p2a: Azumarill|113/298 psn|[from] psn\n|upkeep\n|turn|22\n|\n|t:|1781412608\n|move|p2a: Azumarill|Play Rough|p1a: Bronzong\n|-resisted|p1a: Bronzong\n|-damage|p1a: Bronzong|138/261\n|move|p1a: Bronzong|Iron Defense|p1a: Bronzong\n|-boost|p1a: Bronzong|def|2\n|\n|-heal|p1a: Bronzong|154/261|[from] item: Leftovers\n|-damage|p2a: Azumarill|76/298 psn|[from] psn\n|upkeep\n|turn|23\n|\n|t:|1781412611\n|move|p2a: Azumarill|Play Rough|p1a: Bronzong\n|-resisted|p1a: Bronzong\n|-damage|p1a: Bronzong|133/261\n|move|p1a: Bronzong|Iron Defense|p1a: Bronzong\n|-boost|p1a: Bronzong|def|2\n|\n|-heal|p1a: Bronzong|149/261|[from] item: Leftovers\n|-damage|p2a: Azumarill|39/298 psn|[from] psn\n|upkeep\n|turn|24\n|\n|t:|1781412615\n|move|p2a: Azumarill|Play Rough|p1a: Bronzong\n|-resisted|p1a: Bronzong\n|-crit|p1a: Bronzong\n|-damage|p1a: Bronzong|57/261\n|move|p1a: Bronzong|Psychic Noise|p2a: Azumarill\n|-damage|p2a: Azumarill|0 fnt\n|faint|p2a: Azumarill\n|\n|-heal|p1a: Bronzong|73/261|[from] item: Leftovers\n|upkeep\n|\n|t:|1781412617\n|switch|p2a: Oricorio|Oricorio-Sensu, L85, F|266/266\n|turn|25\n|\n|t:|1781412634\n|switch|p1a: Giratina|Giratina, L75|349/349\n|-activate|p1a: Giratina|move: Sticky Web\n|-unboost|p1a: Giratina|spe|1\n|-ability|p1a: Giratina|Pressure\n|move|p2a: Oricorio|Quiver Dance|p2a: Oricorio\n|-boost|p2a: Oricorio|spa|1\n|-boost|p2a: Oricorio|spd|1\n|-boost|p2a: Oricorio|spe|1\n|\n|upkeep\n|turn|26\n|\n|t:|1781412638\n|-terastallize|p1a: Giratina|Fairy\n|move|p2a: Oricorio|Quiver Dance|p2a: Oricorio\n|-boost|p2a: Oricorio|spa|1\n|-boost|p2a: Oricorio|spd|1\n|-boost|p2a: Oricorio|spe|1\n|move|p1a: Giratina|Calm Mind|p1a: Giratina\n|-boost|p1a: Giratina|spa|1\n|-boost|p1a: Giratina|spd|1\n|\n|upkeep\n|turn|27\n|\n|t:|1781412641\n|move|p2a: Oricorio|Hurricane|p1a: Giratina\n|-damage|p1a: Giratina|199/349\n|move|p1a: Giratina|Calm Mind|p1a: Giratina\n|-boost|p1a: Giratina|spa|1\n|-boost|p1a: Giratina|spd|1\n|\n|-heal|p1a: Giratina|220/349|[from] item: Leftovers\n|upkeep\n|turn|28\n|\n|t:|1781412649\n|move|p2a: Oricorio|Quiver Dance|p2a: Oricorio\n|-boost|p2a: Oricorio|spa|1\n|-boost|p2a: Oricorio|spd|1\n|-boost|p2a: Oricorio|spe|1\n|move|p1a: Giratina|Calm Mind|p1a: Giratina\n|-boost|p1a: Giratina|spa|1\n|-boost|p1a: Giratina|spd|1\n|\n|-heal|p1a: Giratina|241/349|[from] item: Leftovers\n|upkeep\n|turn|29\n|\n|t:|1781412651\n|move|p2a: Oricorio|Quiver Dance|p2a: Oricorio\n|-boost|p2a: Oricorio|spa|1\n|-boost|p2a: Oricorio|spd|1\n|-boost|p2a: Oricorio|spe|1\n|move|p1a: Giratina|Calm Mind|p1a: Giratina\n|-boost|p1a: Giratina|spa|1\n|-boost|p1a: Giratina|spd|1\n|\n|-heal|p1a: Giratina|262/349|[from] item: Leftovers\n|upkeep\n|turn|30\n|\n|t:|1781412654\n|-terastallize|p2a: Oricorio|Fighting\n|move|p2a: Oricorio|Quiver Dance|p2a: Oricorio\n|-boost|p2a: Oricorio|spa|1\n|-boost|p2a: Oricorio|spd|1\n|-boost|p2a: Oricorio|spe|1\n|move|p1a: Giratina|Calm Mind|p1a: Giratina\n|-boost|p1a: Giratina|spa|1\n|-boost|p1a: Giratina|spd|1\n|\n|-heal|p1a: Giratina|283/349|[from] item: Leftovers\n|upkeep\n|turn|31\n|\n|t:|1781412657\n|move|p2a: Oricorio|Quiver Dance|p2a: Oricorio\n|-boost|p2a: Oricorio|spa|1\n|-boost|p2a: Oricorio|spd|1\n|-boost|p2a: Oricorio|spe|1\n|move|p1a: Giratina|Calm Mind|p1a: Giratina\n|-boost|p1a: Giratina|spa|1\n|-boost|p1a: Giratina|spd|1\n|\n|-heal|p1a: Giratina|304/349|[from] item: Leftovers\n|upkeep\n|turn|32\n|\n|t:|1781412660\n|move|p2a: Oricorio|Hurricane|p1a: Giratina\n|-damage|p1a: Giratina|190/349\n|move|p1a: Giratina|Dragon Pulse|p2a: Oricorio\n|-damage|p2a: Oricorio|185/266\n|\n|-heal|p1a: Giratina|211/349|[from] item: Leftovers\n|upkeep\n|turn|33\n|\n|t:|1781412664\n|move|p2a: Oricorio|Hurricane|p1a: Giratina\n|-damage|p1a: Giratina|96/349\n|-start|p1a: Giratina|confusion\n|-activate|p1a: Giratina|confusion\n|-damage|p1a: Giratina|79/349|[from] confusion\n|\n|-heal|p1a: Giratina|100/349|[from] item: Leftovers\n|upkeep\n|turn|34\n|\n|t:|1781412670\n|move|p2a: Oricorio|Hurricane|p1a: Giratina|[miss]\n|-miss|p2a: Oricorio|p1a: Giratina\n|-end|p1a: Giratina|confusion\n|move|p1a: Giratina|Rest|p1a: Giratina\n|-status|p1a: Giratina|slp|[from] move: Rest\n|-heal|p1a: Giratina|349/349 slp|[silent]\n|\n|upkeep\n|turn|35\n|\n|t:|1781412675\n|move|p2a: Oricorio|Hurricane|p1a: Giratina\n|-crit|p1a: Giratina\n|-damage|p1a: Giratina|0 fnt\n|faint|p1a: Giratina\n|\n|upkeep\n|-message|Ctannn forfeited.\n|\n|win|nocomment3\n", "uploadtime": 1781412304, "views": 3, "formatid": "gen9randombattle", "rating": null, "private": 0, "password": null}