{"id": "gen9randombattle-2631973732", "format": "[Gen 9] Random Battle", "players": ["RedDudeN64", "alolandrake"], "log": "|j|\u2606RedDudeN64\n|j|\u2606alolandrake\n|t:|1781461597\n|gametype|singles\n|player|p1|RedDudeN64|red|2038\n|player|p2|alolandrake|266|2040\n|gen|9\n|tier|[Gen 9] Random Battle\n|rated|\n|rule|Species Clause: Limit one of each Pok\u00e9mon\n|rule|HP Percentage Mod: HP is shown in percentages\n|rule|Sleep Clause Mod: Limit one foe put to sleep\n|rule|Illusion Level Mod: Illusion disguises the Pok\u00e9mon's true level\n|\n|t:|1781461597\n|teamsize|p1|6\n|teamsize|p2|6\n|start\n|switch|p1a: Kingdra|Kingdra, L84, M|263/263\n|switch|p2a: Shaymin|Shaymin-Sky, L73|266/266\n|turn|1\n|inactive|Battle timer is ON: inactive players will automatically lose when time's up. (requested by RedDudeN64)\n|\n|t:|1781461617\n|switch|p1a: Gholdengo|Gholdengo, L77|261/261\n|move|p2a: Shaymin|Substitute|p2a: Shaymin\n|-start|p2a: Shaymin|Substitute\n|-damage|p2a: Shaymin|200/266\n|\n|-heal|p2a: Shaymin|216/266|[from] item: Leftovers\n|upkeep\n|turn|2\n|\n|t:|1781461631\n|move|p1a: Gholdengo|Shadow Ball|p2a: Shaymin\n|-end|p2a: Shaymin|Substitute\n|move|p2a: Shaymin|Leech Seed|p1a: Gholdengo\n|-immune|p1a: Gholdengo|[from] ability: Good as Gold\n|\n|-heal|p2a: Shaymin|232/266|[from] item: Leftovers\n|upkeep\n|turn|3\n|inactive|RedDudeN64 has 120 seconds left.\n|\n|t:|1781461679\n|switch|p2a: Mabosstiff|Mabosstiff, L86, M|278/278\n|move|p1a: Gholdengo|Shadow Ball|p2a: Mabosstiff\n|-resisted|p2a: Mabosstiff\n|-damage|p2a: Mabosstiff|230/278\n|\n|upkeep\n|turn|4\n|\n|t:|1781461685\n|switch|p1a: Avalugg|Avalugg-Hisui, L90, F|317/317\n|move|p2a: Mabosstiff|Crunch|p1a: Avalugg\n|-damage|p1a: Avalugg|214/317\n|\n|upkeep\n|turn|5\n|inactive|RedDudeN64 has 120 seconds left.\n|\n|t:|1781461697\n|switch|p2a: Rotom|Rotom-Wash, L82|216/216\n|move|p1a: Avalugg|Avalanche|p2a: Rotom\n|-resisted|p2a: Rotom\n|-damage|p2a: Rotom|173/216\n|\n|upkeep\n|turn|6\n|\n|t:|1781461701\n|switch|p1a: Gholdengo|Gholdengo, L77|261/261\n|move|p2a: Rotom|Hydro Pump|p1a: Gholdengo|[miss]\n|-miss|p2a: Rotom|p1a: Gholdengo\n|\n|upkeep\n|turn|7\n|\n|t:|1781461707\n|move|p2a: Rotom|Hydro Pump|p1a: Gholdengo\n|-damage|p1a: Gholdengo|131/261\n|move|p1a: Gholdengo|Shadow Ball|p2a: Rotom\n|-damage|p2a: Rotom|92/216\n|\n|upkeep\n|turn|8\n|\n|t:|1781461714\n|switch|p1a: Kingdra|Kingdra, L84, M|263/263\n|move|p2a: Rotom|Hydro Pump|p1a: Kingdra\n|-resisted|p1a: Kingdra\n|-damage|p1a: Kingdra|236/263\n|\n|upkeep\n|turn|9\n|\n|t:|1781461722\n|switch|p2a: Blissey|Blissey, L85, F|572/572\n|move|p1a: Kingdra|Rain Dance|p1a: Kingdra\n|-weather|RainDance\n|\n|-weather|RainDance|[upkeep]\n|upkeep\n|turn|10\n|\n|t:|1781461726\n|move|p1a: Kingdra|Wave Crash|p2a: Blissey\n|-damage|p2a: Blissey|0 fnt\n|faint|p2a: Blissey\n|-damage|p1a: Kingdra|47/263|[from] Recoil\n|-damage|p1a: Kingdra|21/263|[from] item: Life Orb\n|\n|-weather|RainDance|[upkeep]\n|upkeep\n|\n|t:|1781461736\n|switch|p2a: Lokix|Lokix, L82, M|251/251\n|turn|11\n|\n|t:|1781461747\n|move|p2a: Lokix|Sucker Punch|p1a: Kingdra\n|-damage|p1a: Kingdra|0 fnt\n|faint|p1a: Kingdra\n|-damage|p2a: Lokix|226/251|[from] item: Life Orb\n|\n|-weather|RainDance|[upkeep]\n|upkeep\n|\n|t:|1781461756\n|switch|p1a: Avalugg|Avalugg-Hisui, L90, F|214/317\n|turn|12\n|\n|t:|1781461772\n|switch|p2a: Glimmora|Glimmora, L75, M|248/248\n|-item|p2a: Glimmora|Air Balloon\n|move|p1a: Avalugg|Stone Edge|p2a: Glimmora\n|-damage|p2a: Glimmora|76/248\n|-activate|p2a: Glimmora|ability: Toxic Debris\n|-sidestart|p1: RedDudeN64|move: Toxic Spikes\n|-enditem|p2a: Glimmora|Air Balloon\n|\n|-weather|RainDance|[upkeep]\n|upkeep\n|turn|13\n|\n|t:|1781461788\n|switch|p1a: Braviary|Braviary, L85, M|309/309\n|move|p2a: Glimmora|Earth Power|p1a: Braviary\n|-immune|p1a: Braviary\n|\n|-weather|none\n|upkeep\n|turn|14\n|\n|t:|1781461794\n|move|p1a: Braviary|Close Combat|p2a: Glimmora\n|-damage|p2a: Glimmora|0 fnt\n|-unboost|p1a: Braviary|def|1\n|-unboost|p1a: Braviary|spd|1\n|-activate|p2a: Glimmora|ability: Toxic Debris\n|-sidestart|p1: RedDudeN64|move: Toxic Spikes\n|faint|p2a: Glimmora\n|\n|upkeep\n|\n|t:|1781461799\n|switch|p2a: Rotom|Rotom-Wash, L82|92/216\n|turn|15\n|\n|t:|1781461813\n|switch|p1a: Gothitelle|Gothitelle, L90, M|272/272\n|-status|p1a: Gothitelle|tox\n|move|p2a: Rotom|Thunderbolt|p1a: Gothitelle\n|-damage|p1a: Gothitelle|202/272 tox\n|\n|-heal|p1a: Gothitelle|219/272 tox|[from] item: Leftovers\n|-damage|p1a: Gothitelle|202/272 tox|[from] psn\n|upkeep\n|turn|16\n|\n|t:|1781461819\n|move|p2a: Rotom|Thunderbolt|p1a: Gothitelle\n|-damage|p1a: Gothitelle|127/272 tox\n|move|p1a: Gothitelle|Calm Mind|p1a: Gothitelle\n|-boost|p1a: Gothitelle|spa|1\n|-boost|p1a: Gothitelle|spd|1\n|\n|-heal|p1a: Gothitelle|144/272 tox|[from] item: Leftovers\n|-damage|p1a: Gothitelle|110/272 tox|[from] psn\n|upkeep\n|turn|17\n|\n|t:|1781461823\n|move|p2a: Rotom|Thunderbolt|p1a: Gothitelle\n|-damage|p1a: Gothitelle|59/272 tox\n|move|p1a: Gothitelle|Psychic Noise|p2a: Rotom\n|-damage|p2a: Rotom|0 fnt\n|faint|p2a: Rotom\n|\n|-heal|p1a: Gothitelle|76/272 tox|[from] item: Leftovers\n|-damage|p1a: Gothitelle|25/272 tox|[from] psn\n|upkeep\n|\n|t:|1781461837\n|switch|p2a: Shaymin|Shaymin-Sky, L73|232/266\n|turn|18\n|\n|t:|1781461842\n|move|p2a: Shaymin|Air Slash|p1a: Gothitelle\n|-damage|p1a: Gothitelle|0 fnt\n|faint|p1a: Gothitelle\n|\n|-heal|p2a: Shaymin|248/266|[from] item: Leftovers\n|upkeep\n|\n|t:|1781461851\n|switch|p1a: Gholdengo|Gholdengo, L77|131/261\n|turn|19\n|\n|t:|1781461853\n|move|p1a: Gholdengo|Make It Rain|p2a: Shaymin\n|-crit|p2a: Shaymin\n|-damage|p2a: Shaymin|0 fnt\n|-unboost|p1a: Gholdengo|spa|1\n|faint|p2a: Shaymin\n|\n|upkeep\n|\n|t:|1781461859\n|switch|p2a: Mabosstiff|Mabosstiff, L86, M|230/278\n|turn|20\n|\n|t:|1781461862\n|move|p2a: Mabosstiff|Crunch|p1a: Gholdengo\n|-supereffective|p1a: Gholdengo\n|-damage|p1a: Gholdengo|0 fnt\n|faint|p1a: Gholdengo\n|\n|upkeep\n|\n|t:|1781461868\n|switch|p1a: Avalugg|Avalugg-Hisui, L90, F|214/317\n|turn|21\n|\n|t:|1781461872\n|move|p2a: Mabosstiff|Crunch|p1a: Avalugg\n|-damage|p1a: Avalugg|156/317\n|move|p1a: Avalugg|Recover|p1a: Avalugg\n|-heal|p1a: Avalugg|315/317\n|\n|upkeep\n|turn|22\n|-message|alolandrake forfeited.\n|\n|win|RedDudeN64\n", "uploadtime": 1781461599, "views": 4, "formatid": "gen9randombattle", "rating": null, "private": 0, "password": null}