{"id": "gen9randombattle-2631922419", "format": "[Gen 9] Random Battle", "players": ["Tyyyyyyu", "TheShowdownGoat"], "log": "|j|\u2606Tyyyyyyu\n|j|\u2606TheShowdownGoat\n|t:|1781455965\n|gametype|singles\n|player|p1|Tyyyyyyu|lady-gen4|1379\n|player|p2|TheShowdownGoat|265|1404\n|gen|9\n|tier|[Gen 9] Random Battle\n|rated|\n|rule|Species Clause: Limit one of each Pok\u00e9mon\n|rule|HP Percentage Mod: HP is shown in percentages\n|rule|Sleep Clause Mod: Limit one foe put to sleep\n|rule|Illusion Level Mod: Illusion disguises the Pok\u00e9mon's true level\n|\n|t:|1781455965\n|teamsize|p1|6\n|teamsize|p2|6\n|start\n|switch|p1a: Kyogre|Kyogre, L71|259/259\n|switch|p2a: Kyogre|Kyogre, L71|259/259\n|-weather|RainDance|[from] ability: Drizzle|[of] p2a: Kyogre\n|turn|1\n|\n|t:|1781455979\n|move|p2a: Kyogre|Thunder|p1a: Kyogre\n|-supereffective|p1a: Kyogre\n|-damage|p1a: Kyogre|137/259\n|-status|p1a: Kyogre|par\n|move|p1a: Kyogre|Calm Mind|p1a: Kyogre\n|-boost|p1a: Kyogre|spa|1\n|-boost|p1a: Kyogre|spd|1\n|\n|-weather|RainDance|[upkeep]\n|-heal|p1a: Kyogre|153/259 par|[from] item: Leftovers\n|upkeep\n|turn|2\n|\n|t:|1781455996\n|switch|p2a: Qwilfish|Qwilfish-Hisui, L83, M|244/244\n|-ability|p2a: Qwilfish|Intimidate|boost\n|-unboost|p1a: Kyogre|atk|1\n|move|p1a: Kyogre|Thunder|p2a: Qwilfish\n|-damage|p2a: Qwilfish|131/244\n|\n|-weather|RainDance|[upkeep]\n|-heal|p1a: Kyogre|169/259 par|[from] item: Leftovers\n|upkeep\n|turn|3\n|\n|t:|1781456021\n|move|p2a: Qwilfish|Gunk Shot|p1a: Kyogre\n|-damage|p1a: Kyogre|31/259 par\n|move|p1a: Kyogre|Thunder|p2a: Qwilfish\n|-damage|p2a: Qwilfish|12/244\n|\n|-weather|RainDance|[upkeep]\n|-heal|p1a: Kyogre|47/259 par|[from] item: Leftovers\n|upkeep\n|turn|4\n|\n|t:|1781456046\n|move|p2a: Qwilfish|Crunch|p1a: Kyogre\n|-damage|p1a: Kyogre|0 fnt\n|faint|p1a: Kyogre\n|\n|-weather|RainDance|[upkeep]\n|upkeep\n|\n|t:|1781456055\n|switch|p1a: Mismagius|Mismagius, L86, F|243/243\n|turn|5\n|\n|t:|1781456061\n|move|p1a: Mismagius|Shadow Ball|p2a: Qwilfish\n|-resisted|p2a: Qwilfish\n|-damage|p2a: Qwilfish|0 fnt\n|faint|p2a: Qwilfish\n|\n|-weather|none\n|upkeep\n|\n|t:|1781456071\n|switch|p2a: Kyogre|Kyogre, L71|259/259\n|-weather|RainDance|[from] ability: Drizzle|[of] p2a: Kyogre\n|turn|6\n|\n|t:|1781456080\n|move|p2a: Kyogre|Water Spout|p1a: Mismagius\n|-damage|p1a: Mismagius|23/243\n|move|p1a: Mismagius|Shadow Ball|p2a: Kyogre\n|-damage|p2a: Kyogre|151/259\n|-unboost|p2a: Kyogre|spd|1\n|\n|-weather|RainDance|[upkeep]\n|upkeep\n|turn|7\n|\n|t:|1781456091\n|switch|p1a: Bellossom|Bellossom, L84, F|263/263\n|move|p2a: Kyogre|Water Spout|p1a: Bellossom\n|-resisted|p1a: Bellossom\n|-damage|p1a: Bellossom|193/263\n|\n|-weather|RainDance|[upkeep]\n|-heal|p1a: Bellossom|209/263|[from] item: Leftovers\n|upkeep\n|turn|8\n|\n|t:|1781456107\n|switch|p2a: Gliscor|Gliscor, L76, M|239/239\n|move|p1a: Bellossom|Quiver Dance|p1a: Bellossom\n|-boost|p1a: Bellossom|spa|1\n|-boost|p1a: Bellossom|spd|1\n|-boost|p1a: Bellossom|spe|1\n|\n|-weather|RainDance|[upkeep]\n|-heal|p1a: Bellossom|225/263|[from] item: Leftovers\n|-status|p2a: Gliscor|tox|[from] item: Toxic Orb\n|upkeep\n|turn|9\n|\n|t:|1781456147\n|move|p1a: Bellossom|Quiver Dance|p1a: Bellossom\n|-boost|p1a: Bellossom|spa|1\n|-boost|p1a: Bellossom|spd|1\n|-boost|p1a: Bellossom|spe|1\n|move|p2a: Gliscor|Toxic|p1a: Bellossom\n|-status|p1a: Bellossom|tox\n|\n|-weather|RainDance|[upkeep]\n|-heal|p1a: Bellossom|241/263 tox|[from] item: Leftovers\n|-damage|p1a: Bellossom|225/263 tox|[from] psn\n|upkeep\n|turn|10\n|\n|t:|1781456158\n|move|p2a: Gliscor|Protect|p2a: Gliscor\n|-singleturn|p2a: Gliscor|Protect\n|move|p1a: Bellossom|Quiver Dance|p1a: Bellossom\n|-boost|p1a: Bellossom|spa|1\n|-boost|p1a: Bellossom|spd|1\n|-boost|p1a: Bellossom|spe|1\n|\n|-weather|none\n|-heal|p1a: Bellossom|241/263 tox|[from] item: Leftovers\n|-damage|p1a: Bellossom|209/263 tox|[from] psn\n|upkeep\n|turn|11\n|\n|t:|1781456167\n|move|p1a: Bellossom|Moonblast|p2a: Gliscor\n|-damage|p2a: Gliscor|60/239 tox\n|move|p2a: Gliscor|Substitute|p2a: Gliscor\n|-start|p2a: Gliscor|Substitute\n|-damage|p2a: Gliscor|1/239 tox\n|\n|-heal|p1a: Bellossom|225/263 tox|[from] item: Leftovers\n|-damage|p1a: Bellossom|177/263 tox|[from] psn\n|-heal|p2a: Gliscor|30/239 tox|[from] ability: Poison Heal\n|upkeep\n|turn|12\n|\n|t:|1781456184\n|move|p2a: Gliscor|Protect|p2a: Gliscor\n|-singleturn|p2a: Gliscor|Protect\n|move|p1a: Bellossom|Quiver Dance|p1a: Bellossom\n|-boost|p1a: Bellossom|spa|1\n|-boost|p1a: Bellossom|spd|1\n|-boost|p1a: Bellossom|spe|1\n|\n|-heal|p1a: Bellossom|193/263 tox|[from] item: Leftovers\n|-damage|p1a: Bellossom|129/263 tox|[from] psn\n|-heal|p2a: Gliscor|59/239 tox|[from] ability: Poison Heal\n|upkeep\n|turn|13\n|\n|t:|1781456195\n|move|p1a: Bellossom|Moonblast|p2a: Gliscor\n|-end|p2a: Gliscor|Substitute\n|move|p2a: Gliscor|Substitute|p2a: Gliscor\n|-fail|p2a: Gliscor|move: Substitute|[weak]\n|\n|-heal|p1a: Bellossom|145/263 tox|[from] item: Leftovers\n|-damage|p1a: Bellossom|65/263 tox|[from] psn\n|-heal|p2a: Gliscor|88/239 tox|[from] ability: Poison Heal\n|upkeep\n|turn|14\n|\n|t:|1781456204\n|move|p2a: Gliscor|Protect|p2a: Gliscor\n|-singleturn|p2a: Gliscor|Protect\n|move|p1a: Bellossom|Giga Drain|p2a: Gliscor\n|-activate|p2a: Gliscor|move: Protect\n|\n|-heal|p1a: Bellossom|81/263 tox|[from] item: Leftovers\n|-damage|p1a: Bellossom|0 fnt|[from] psn\n|faint|p1a: Bellossom\n|-heal|p2a: Gliscor|117/239 tox|[from] ability: Poison Heal\n|upkeep\n|\n|t:|1781456217\n|switch|p1a: Mismagius|Mismagius, L86, F|23/243\n|turn|15\n|\n|t:|1781456227\n|move|p1a: Mismagius|Shadow Ball|p2a: Gliscor\n|-damage|p2a: Gliscor|0 fnt\n|faint|p2a: Gliscor\n|\n|upkeep\n|\n|t:|1781456236\n|switch|p2a: Cramorant|Cramorant, L86, F|261/261\n|turn|16\n|\n|t:|1781456259\n|move|p1a: Mismagius|Shadow Ball|p2a: Cramorant\n|-damage|p2a: Cramorant|135/261\n|move|p2a: Cramorant|Surf|p1a: Mismagius\n|-formechange|p2a: Cramorant|Cramorant-Gulping|\n|-damage|p1a: Mismagius|0 fnt\n|faint|p1a: Mismagius\n|\n|upkeep\n|\n|t:|1781456261\n|switch|p1a: Kilowattrel|Kilowattrel, L83, F|252/252\n|turn|17\n|\n|t:|1781456271\n|move|p1a: Kilowattrel|Discharge|p2a: Cramorant\n|-supereffective|p2a: Cramorant\n|-damage|p2a: Cramorant|0 fnt\n|-damage|p1a: Kilowattrel|189/252|[from] ability: Gulp Missile|[of] p2a: Cramorant\n|-unboost|p1a: Kilowattrel|def|1\n|-formechange|p2a: Cramorant|Cramorant|\n|faint|p2a: Cramorant\n|\n|upkeep\n|\n|t:|1781456280\n|switch|p2a: Sudowoodo|Sudowoodo, L94, M|284/284\n|turn|18\n|\n|t:|1781456305\n|switch|p1a: Hoopa|Hoopa, L85|275/275\n|move|p2a: Sudowoodo|Head Smash|p1a: Hoopa\n|-damage|p1a: Hoopa|25/275\n|\n|upkeep\n|turn|19\n|\n|t:|1781456323\n|move|p1a: Hoopa|Shadow Ball|p2a: Sudowoodo\n|-damage|p2a: Sudowoodo|97/284\n|-damage|p1a: Hoopa|0 fnt|[from] item: Life Orb\n|faint|p1a: Hoopa\n|move|p2a: Sudowoodo|Wood Hammer|p1: Hoopa|[notarget]\n|-fail|p2a: Sudowoodo\n|\n|-heal|p2a: Sudowoodo|114/284|[from] item: Leftovers\n|upkeep\n|\n|t:|1781456342\n|switch|p1a: Blastoise|Blastoise, L80, M|258/258\n|turn|20\n|\n|t:|1781456356\n|-terastallize|p1a: Blastoise|Electric\n|move|p1a: Blastoise|Shell Smash|p1a: Blastoise\n|-unboost|p1a: Blastoise|def|1\n|-unboost|p1a: Blastoise|spd|1\n|-boost|p1a: Blastoise|atk|2\n|-boost|p1a: Blastoise|spa|2\n|-boost|p1a: Blastoise|spe|2\n|-enditem|p1a: Blastoise|White Herb\n|-clearnegativeboost|p1a: Blastoise|[silent]\n|move|p2a: Sudowoodo|Wood Hammer|p1a: Blastoise\n|-crit|p1a: Blastoise\n|-damage|p1a: Blastoise|104/258\n|\n|-heal|p2a: Sudowoodo|131/284|[from] item: Leftovers\n|upkeep\n|turn|21\n|\n|t:|1781456376\n|-terastallize|p2a: Sudowoodo|Grass\n|move|p1a: Blastoise|Ice Beam|p2a: Sudowoodo\n|-supereffective|p2a: Sudowoodo\n|-damage|p2a: Sudowoodo|0 fnt\n|faint|p2a: Sudowoodo\n|\n|upkeep\n|\n|t:|1781456382\n|switch|p2a: Golurk|Golurk, L87|297/297\n|turn|22\n|\n|t:|1781456391\n|move|p1a: Blastoise|Hydro Pump|p2a: Golurk\n|-supereffective|p2a: Golurk\n|-damage|p2a: Golurk|0 fnt\n|faint|p2a: Golurk\n|\n|upkeep\n|\n|t:|1781456396\n|switch|p2a: Kyogre|Kyogre, L71|151/259\n|-weather|RainDance|[from] ability: Drizzle|[of] p2a: Kyogre\n|turn|23\n|\n|t:|1781456400\n|move|p1a: Blastoise|Tera Blast|p2a: Kyogre|[anim] Tera Blast Electric\n|-supereffective|p2a: Kyogre\n|-damage|p2a: Kyogre|0 fnt\n|faint|p2a: Kyogre\n|\n|win|Tyyyyyyu\n|raw|Tyyyyyyu's rating: 1379 &rarr; <strong>1400</strong><br />(+21 for winning)\n|raw|TheShowdownGoat's rating: 1404 &rarr; <strong>1383</strong><br />(-21 for losing)\n|l|\u2606TheShowdownGoat\n|player|p2|\n", "uploadtime": 1781456406, "views": 3, "formatid": "gen9randombattle", "rating": 1383, "private": 0, "password": null}