{"id": "gen9randombattle-2631834268", "format": "[Gen 9] Random Battle", "players": ["Brunobattle2", "Cygnus11235"], "log": "|j|\u2606Brunobattle2\n|j|\u2606Cygnus11235\n|t:|1781446053\n|gametype|singles\n|player|p1|Brunobattle2|bruno|1905\n|player|p2|Cygnus11235|169|1936\n|gen|9\n|tier|[Gen 9] Random Battle\n|rated|\n|rule|Species Clause: Limit one of each Pok\u00e9mon\n|rule|HP Percentage Mod: HP is shown in percentages\n|rule|Sleep Clause Mod: Limit one foe put to sleep\n|rule|Illusion Level Mod: Illusion disguises the Pok\u00e9mon's true level\n|\n|t:|1781446053\n|teamsize|p1|6\n|teamsize|p2|6\n|start\n|switch|p1a: Regirock|Regirock, L83|268/268\n|switch|p2a: Hypno|Hypno, L95, F|315/315\n|turn|1\n|\n|t:|1781446069\n|switch|p1a: Phione|Phione, L91|293/293\n|move|p2a: Hypno|Toxic|p1a: Phione\n|-status|p1a: Phione|tox\n|\n|-damage|p1a: Phione|275/293 tox|[from] psn\n|upkeep\n|turn|2\n|\n|t:|1781446076\n|move|p1a: Phione|Take Heart|p1a: Phione\n|-boost|p1a: Phione|spa|1\n|-boost|p1a: Phione|spd|1\n|-curestatus|p1a: Phione|tox|[msg]\n|move|p2a: Hypno|Encore|p1a: Phione\n|-start|p1a: Phione|Encore\n|\n|-heal|p1a: Phione|293/293|[from] item: Leftovers\n|upkeep\n|turn|3\n|\n|t:|1781446088\n|switch|p1a: Trevenant|Trevenant, L89, M|296/296\n|move|p2a: Hypno|Knock Off|p1a: Trevenant\n|-supereffective|p1a: Trevenant\n|-damage|p1a: Trevenant|136/296\n|-enditem|p1a: Trevenant|Life Orb|[from] move: Knock Off|[of] p2a: Hypno\n|\n|upkeep\n|turn|4\n|\n|t:|1781446114\n|switch|p2a: Kingambit|Kingambit, L74, F|270/270\n|move|p1a: Trevenant|Horn Leech|p2a: Kingambit\n|-resisted|p2a: Kingambit\n|-damage|p2a: Kingambit|228/270\n|-heal|p1a: Trevenant|157/296|[from] drain|[of] p2a: Kingambit\n|\n|-heal|p2a: Kingambit|244/270|[from] item: Leftovers\n|upkeep\n|turn|5\n|\n|t:|1781446124\n|move|p2a: Kingambit|Sucker Punch|p1a: Trevenant\n|-supereffective|p1a: Trevenant\n|-damage|p1a: Trevenant|1/296\n|move|p1a: Trevenant|Drain Punch|p2a: Kingambit\n|-supereffective|p2a: Kingambit\n|-crit|p2a: Kingambit\n|-damage|p2a: Kingambit|0 fnt\n|-heal|p1a: Trevenant|123/296|[from] drain|[of] p2a: Kingambit\n|faint|p2a: Kingambit\n|-end|p2a: Kingambit|fallenundefined|[silent]\n|\n|upkeep\n|\n|t:|1781446128\n|switch|p2a: Basculegion|Basculegion-F, L83, F|335/335\n|turn|6\n|\n|t:|1781446148\n|switch|p1a: Phione|Phione, L91|293/293\n|move|p2a: Basculegion|Shadow Ball|p1a: Phione\n|-damage|p1a: Phione|129/293\n|\n|-heal|p1a: Phione|147/293|[from] item: Leftovers\n|upkeep\n|turn|7\n|\n|t:|1781446156\n|move|p1a: Phione|Take Heart|p1a: Phione\n|-boost|p1a: Phione|spa|1\n|-boost|p1a: Phione|spd|1\n|move|p2a: Basculegion|Shadow Ball|p1a: Phione\n|-damage|p1a: Phione|33/293\n|\n|-heal|p1a: Phione|51/293|[from] item: Leftovers\n|upkeep\n|turn|8\n|\n|t:|1781446163\n|move|p1a: Phione|Grass Knot|p2a: Basculegion\n|-supereffective|p2a: Basculegion\n|-damage|p2a: Basculegion|87/335\n|move|p2a: Basculegion|Shadow Ball|p1a: Phione\n|-damage|p1a: Phione|0 fnt\n|faint|p1a: Phione\n|\n|upkeep\n|\n|t:|1781446171\n|switch|p1a: Pachirisu|Pachirisu, L96, F|271/271\n|turn|9\n|\n|t:|1781446174\n|switch|p2a: Hypno|Hypno, L95, F|315/315\n|move|p1a: Pachirisu|Discharge|p2a: Hypno\n|-damage|p2a: Hypno|267/315\n|\n|-heal|p2a: Hypno|286/315|[from] item: Leftovers\n|upkeep\n|turn|10\n|\n|t:|1781446181\n|move|p1a: Pachirisu|U-turn|p2a: Hypno\n|-supereffective|p2a: Hypno\n|-damage|p2a: Hypno|198/315\n|\n|t:|1781446184\n|switch|p1a: Trevenant|Trevenant, L89, M|123/296|[from] U-turn\n|move|p2a: Hypno|Knock Off|p1a: Trevenant\n|-supereffective|p1a: Trevenant\n|-damage|p1a: Trevenant|15/296\n|\n|-heal|p2a: Hypno|217/315|[from] item: Leftovers\n|upkeep\n|turn|11\n|\n|t:|1781446190\n|move|p2a: Hypno|Knock Off|p1a: Trevenant\n|-supereffective|p1a: Trevenant\n|-damage|p1a: Trevenant|0 fnt\n|faint|p1a: Trevenant\n|\n|-heal|p2a: Hypno|236/315|[from] item: Leftovers\n|upkeep\n|\n|t:|1781446213\n|switch|p1a: Scream Tail|Scream Tail, L84|330/330\n|turn|12\n|\n|t:|1781446218\n|-terastallize|p1a: Scream Tail|Steel\n|move|p1a: Scream Tail|Thunder Wave|p2a: Hypno\n|-status|p2a: Hypno|par\n|move|p2a: Hypno|Toxic|p1a: Scream Tail\n|-immune|p1a: Scream Tail\n|\n|-heal|p2a: Hypno|255/315 par|[from] item: Leftovers\n|upkeep\n|turn|13\n|\n|t:|1781446225\n|move|p1a: Scream Tail|Play Rough|p2a: Hypno\n|-damage|p2a: Hypno|179/315 par\n|move|p2a: Hypno|Encore|p1a: Scream Tail\n|-start|p1a: Scream Tail|Encore\n|\n|-heal|p2a: Hypno|198/315 par|[from] item: Leftovers\n|upkeep\n|turn|14\n|\n|t:|1781446233\n|move|p1a: Scream Tail|Play Rough|p2a: Hypno\n|-damage|p2a: Hypno|129/315 par\n|cant|p2a: Hypno|par\n|\n|-heal|p2a: Hypno|148/315 par|[from] item: Leftovers\n|upkeep\n|turn|15\n|\n|t:|1781446250\n|move|p1a: Scream Tail|Play Rough|p2a: Hypno\n|-damage|p2a: Hypno|72/315 par\n|move|p2a: Hypno|Knock Off|p1a: Scream Tail\n|-damage|p1a: Scream Tail|267/330\n|-enditem|p1a: Scream Tail|Leftovers|[from] move: Knock Off|[of] p2a: Hypno\n|\n|-heal|p2a: Hypno|91/315 par|[from] item: Leftovers\n|upkeep\n|turn|16\n|\n|t:|1781446256\n|move|p1a: Scream Tail|Play Rough|p2a: Hypno\n|-damage|p2a: Hypno|12/315 par\n|move|p2a: Hypno|Encore||[still]\n|-fail|p2a: Hypno\n|\n|-heal|p2a: Hypno|31/315 par|[from] item: Leftovers\n|-end|p1a: Scream Tail|Encore\n|upkeep\n|turn|17\n|\n|t:|1781446263\n|move|p1a: Scream Tail|Play Rough|p2a: Hypno\n|-damage|p2a: Hypno|0 fnt\n|faint|p2a: Hypno\n|\n|upkeep\n|\n|t:|1781446274\n|switch|p2a: Terapagos|Terapagos, L77, M|265/265\n|-activate|p2a: Terapagos|ability: Tera Shift\n|detailschange|p2a: Terapagos|Terapagos-Terastal, L77, M\n|-heal|p2a: Terapagos|273/273|[silent]\n|turn|18\n|\n|t:|1781446286\n|move|p1a: Scream Tail|Thunder Wave|p2a: Terapagos\n|-status|p2a: Terapagos|par\n|move|p2a: Terapagos|Calm Mind|p2a: Terapagos\n|-boost|p2a: Terapagos|spa|1\n|-boost|p2a: Terapagos|spd|1\n|\n|upkeep\n|turn|19\n|\n|t:|1781446295\n|-end|p1a: Scream Tail|Protosynthesis|[silent]\n|switch|p1a: Regirock|Regirock, L83|268/268\n|move|p2a: Terapagos|Calm Mind|p2a: Terapagos\n|-boost|p2a: Terapagos|spa|1\n|-boost|p2a: Terapagos|spd|1\n|\n|upkeep\n|turn|20\n|\n|t:|1781446301\n|switch|p2a: Basculegion|Basculegion-F, L83, F|87/335\n|move|p1a: Regirock|Body Press|p2a: Basculegion\n|-immune|p2a: Basculegion\n|\n|upkeep\n|turn|21\n|\n|t:|1781446318\n|switch|p1a: Pachirisu|Pachirisu, L96, F|271/271\n|move|p2a: Basculegion|Hydro Pump|p1a: Pachirisu|[miss]\n|-miss|p2a: Basculegion|p1a: Pachirisu\n|\n|upkeep\n|turn|22\n|\n|t:|1781446324\n|switch|p2a: Terapagos|Terapagos-Terastal, L77, M|273/273 par\n|move|p1a: Pachirisu|Discharge|p2a: Terapagos\n|-activate|p2a: Terapagos|ability: Tera Shell\n|-resisted|p2a: Terapagos\n|-damage|p2a: Terapagos|241/273 par\n|\n|upkeep\n|turn|23\n|\n|t:|1781446331\n|switch|p2a: Basculegion|Basculegion-F, L83, F|87/335\n|move|p1a: Pachirisu|Super Fang|p2a: Basculegion\n|-immune|p2a: Basculegion\n|\n|upkeep\n|turn|24\n|\n|t:|1781446341\n|switch|p2a: Terapagos|Terapagos-Terastal, L77, M|241/273 par\n|move|p1a: Pachirisu|Discharge|p2a: Terapagos\n|-damage|p2a: Terapagos|183/273 par\n|\n|upkeep\n|turn|25\n|\n|t:|1781446346\n|move|p1a: Pachirisu|Super Fang|p2a: Terapagos\n|-damage|p2a: Terapagos|92/273 par\n|cant|p2a: Terapagos|par\n|\n|upkeep\n|turn|26\n|\n|t:|1781446352\n|move|p1a: Pachirisu|Discharge|p2a: Terapagos\n|-damage|p2a: Terapagos|37/273 par\n|move|p2a: Terapagos|Rest|p2a: Terapagos\n|-status|p2a: Terapagos|slp|[from] move: Rest\n|-heal|p2a: Terapagos|273/273 slp|[silent]\n|-enditem|p2a: Terapagos|Chesto Berry|[eat]\n|-curestatus|p2a: Terapagos|slp|[msg]\n|\n|upkeep\n|turn|27\n|\n|t:|1781446362\n|move|p1a: Pachirisu|Encore|p2a: Terapagos\n|-start|p2a: Terapagos|Encore\n|move|p2a: Terapagos|Rest|p2a: Terapagos\n|-fail|p2a: Terapagos|heal\n|\n|upkeep\n|turn|28\n|\n|t:|1781446368\n|move|p1a: Pachirisu|Super Fang|p2a: Terapagos\n|-damage|p2a: Terapagos|137/273\n|move|p2a: Terapagos|Rest|p2a: Terapagos\n|-status|p2a: Terapagos|slp|[from] move: Rest\n|-heal|p2a: Terapagos|273/273 slp|[silent]\n|\n|upkeep\n|turn|29\n|\n|t:|1781446373\n|move|p1a: Pachirisu|Super Fang|p2a: Terapagos\n|-damage|p2a: Terapagos|137/273 slp\n|cant|p2a: Terapagos|slp\n|\n|-end|p2a: Terapagos|Encore\n|upkeep\n|turn|30\n|\n|t:|1781446382\n|switch|p2a: Inteleon|Inteleon, L81, M|246/246\n|move|p1a: Pachirisu|Discharge|p2a: Inteleon\n|-supereffective|p2a: Inteleon\n|-damage|p2a: Inteleon|84/246\n|-status|p2a: Inteleon|par\n|\n|upkeep\n|turn|31\n|-message|Cygnus11235 forfeited.\n|\n|win|Brunobattle2\n", "uploadtime": 1781446054, "views": 3, "formatid": "gen9randombattle", "rating": null, "private": 0, "password": null}