{"id": "gen9randombattle-2631624764", "format": "[Gen 9] Random Battle", "players": ["BenoliBenoli", "Jadasteel"], "log": "|j|\u2606BenoliBenoli\n|j|\u2606Jadasteel\n|t:|1781410699\n|gametype|singles\n|player|p1|BenoliBenoli|102|1938\n|player|p2|Jadasteel|fantina|2024\n|gen|9\n|tier|[Gen 9] Random Battle\n|rated|\n|rule|Species Clause: Limit one of each Pok\u00e9mon\n|rule|HP Percentage Mod: HP is shown in percentages\n|rule|Sleep Clause Mod: Limit one foe put to sleep\n|rule|Illusion Level Mod: Illusion disguises the Pok\u00e9mon's true level\n|\n|t:|1781410700\n|teamsize|p1|6\n|teamsize|p2|6\n|start\n|switch|p1a: Scovillain|Scovillain, L91, M|266/266\n|switch|p2a: Gouging Fire|Gouging Fire, L74|277/277\n|turn|1\n|\n|t:|1781410712\n|move|p1a: Scovillain|Leech Seed|p2a: Gouging Fire|[miss]\n|-miss|p1a: Scovillain|p2a: Gouging Fire\n|move|p2a: Gouging Fire|Dragon Dance|p2a: Gouging Fire\n|-boost|p2a: Gouging Fire|atk|1\n|-boost|p2a: Gouging Fire|spe|1\n|\n|upkeep\n|turn|2\n|inactive|Battle timer is ON: inactive players will automatically lose when time's up. (requested by BenoliBenoli)\n|\n|t:|1781410721\n|move|p2a: Gouging Fire|Heat Crash|p1a: Scovillain\n|-damage|p1a: Scovillain|64/266\n|move|p1a: Scovillain|Leech Seed|p2a: Gouging Fire\n|-start|p2a: Gouging Fire|move: Leech Seed\n|\n|-heal|p1a: Scovillain|80/266|[from] item: Leftovers\n|-damage|p2a: Gouging Fire|243/277|[from] Leech Seed|[of] p1a: Scovillain\n|-heal|p1a: Scovillain|114/266|[silent]\n|upkeep\n|turn|3\n|\n|t:|1781410730\n|switch|p1a: Farigiraf|Farigiraf, L90, M|362/362\n|move|p2a: Gouging Fire|Dragon Dance|p2a: Gouging Fire\n|-boost|p2a: Gouging Fire|atk|1\n|-boost|p2a: Gouging Fire|spe|1\n|\n|-damage|p2a: Gouging Fire|209/277|[from] Leech Seed|[of] p1a: Farigiraf\n|upkeep\n|turn|4\n|\n|t:|1781410739\n|move|p1a: Farigiraf|Protect|p1a: Farigiraf\n|-singleturn|p1a: Farigiraf|Protect\n|move|p2a: Gouging Fire|Heat Crash|p1a: Farigiraf\n|-activate|p1a: Farigiraf|move: Protect\n|\n|-damage|p2a: Gouging Fire|175/277|[from] Leech Seed|[of] p1a: Farigiraf\n|upkeep\n|turn|5\n|\n|t:|1781410744\n|move|p2a: Gouging Fire|Heat Crash|p1a: Farigiraf\n|-damage|p1a: Farigiraf|196/362\n|move|p1a: Farigiraf|Body Slam|p2a: Gouging Fire\n|-damage|p2a: Gouging Fire|84/277\n|\n|-heal|p1a: Farigiraf|218/362|[from] item: Leftovers\n|-damage|p2a: Gouging Fire|50/277|[from] Leech Seed|[of] p1a: Farigiraf\n|-heal|p1a: Farigiraf|252/362|[silent]\n|upkeep\n|turn|6\n|\n|t:|1781410752\n|move|p2a: Gouging Fire|Morning Sun|p2a: Gouging Fire\n|-heal|p2a: Gouging Fire|188/277\n|move|p1a: Farigiraf|Psychic Noise|p2a: Gouging Fire\n|-damage|p2a: Gouging Fire|71/277\n|-start|p2a: Gouging Fire|move: Heal Block\n|\n|-heal|p1a: Farigiraf|274/362|[from] item: Leftovers\n|-damage|p2a: Gouging Fire|37/277|[from] Leech Seed|[of] p1a: Farigiraf\n|-heal|p1a: Farigiraf|308/362|[silent]\n|upkeep\n|turn|7\n|\n|t:|1781410757\n|-end|p2a: Gouging Fire|Protosynthesis|[silent]\n|switch|p2a: Decidueye|Decidueye, L88, F|281/281\n|move|p1a: Farigiraf|Body Slam|p2a: Decidueye\n|-immune|p2a: Decidueye\n|\n|-heal|p1a: Farigiraf|330/362|[from] item: Leftovers\n|upkeep\n|turn|8\n|\n|t:|1781410765\n|switch|p2a: Masquerain|Masquerain, L87, F|264/264\n|-ability|p2a: Masquerain|Intimidate|boost\n|-unboost|p1a: Farigiraf|atk|1\n|switch|p1a: Scovillain|Scovillain, L91, M|114/266\n|\n|-heal|p1a: Scovillain|130/266|[from] item: Leftovers\n|upkeep\n|turn|9\n|\n|t:|1781410773\n|move|p2a: Masquerain|Hurricane|p1a: Scovillain\n|-supereffective|p1a: Scovillain\n|-damage|p1a: Scovillain|0 fnt\n|faint|p1a: Scovillain\n|\n|upkeep\n|\n|t:|1781410778\n|switch|p1a: Arceus|Arceus-Flying, L69|279/279\n|turn|10\n|\n|t:|1781410786\n|switch|p2a: Stonjourner|Stonjourner, L91, F|330/330\n|move|p1a: Arceus|Calm Mind|p1a: Arceus\n|-boost|p1a: Arceus|spa|1\n|-boost|p1a: Arceus|spd|1\n|\n|upkeep\n|turn|11\n|\n|t:|1781410796\n|-terastallize|p2a: Stonjourner|Fire\n|move|p1a: Arceus|Earth Power|p2a: Stonjourner\n|-supereffective|p2a: Stonjourner\n|-damage|p2a: Stonjourner|0 fnt\n|faint|p2a: Stonjourner\n|\n|upkeep\n|\n|t:|1781410810\n|switch|p2a: Masquerain|Masquerain, L87, F|264/264\n|-ability|p2a: Masquerain|Intimidate|boost\n|-unboost|p1a: Arceus|atk|1\n|turn|12\n|\n|t:|1781410814\n|move|p1a: Arceus|Judgment|p2a: Masquerain\n|-supereffective|p2a: Masquerain\n|-damage|p2a: Masquerain|0 fnt\n|faint|p2a: Masquerain\n|\n|upkeep\n|\n|t:|1781410823\n|switch|p2a: Overqwil|Overqwil, L82, F|274/274\n|-ability|p2a: Overqwil|Intimidate|boost\n|-unboost|p1a: Arceus|atk|1\n|turn|13\n|\n|t:|1781410827\n|move|p1a: Arceus|Earth Power|p2a: Overqwil\n|-supereffective|p2a: Overqwil\n|-damage|p2a: Overqwil|66/274\n|move|p2a: Overqwil|Gunk Shot|p1a: Arceus\n|-crit|p1a: Arceus\n|-damage|p1a: Arceus|0 fnt\n|faint|p1a: Arceus\n|\n|upkeep\n|\n|t:|1781410838\n|switch|p1a: Pikachu|Pikachu-Kalos, L93, M|216/216\n|turn|14\n|\n|t:|1781410848\n|switch|p2a: Gouging Fire|Gouging Fire, L74|37/277\n|move|p1a: Pikachu|Volt Tackle|p2a: Gouging Fire\n|-resisted|p2a: Gouging Fire\n|-damage|p2a: Gouging Fire|0 fnt\n|faint|p2a: Gouging Fire\n|-end|p2a: Gouging Fire|Protosynthesis|[silent]\n|-damage|p1a: Pikachu|204/216|[from] Recoil\n|\n|upkeep\n|\n|t:|1781410851\n|switch|p2a: Sunflora|Sunflora, M|312/312\n|turn|15\n|\n|t:|1781410856\n|switch|p1a: Farigiraf|Farigiraf, L90, M|330/362\n|move|p2a: Sunflora|Sunny Day|p2a: Sunflora\n|-weather|SunnyDay\n|\n|-weather|SunnyDay|[upkeep]\n|-heal|p1a: Farigiraf|352/362|[from] item: Leftovers\n|upkeep\n|turn|16\n|\n|t:|1781410860\n|move|p1a: Farigiraf|Protect|p1a: Farigiraf\n|-singleturn|p1a: Farigiraf|Protect\n|move|p2a: Sunflora|Weather Ball|p1a: Farigiraf\n|-activate|p1a: Farigiraf|move: Protect\n|\n|-weather|SunnyDay|[upkeep]\n|-heal|p1a: Farigiraf|362/362|[from] item: Leftovers\n|upkeep\n|turn|17\n|\n|t:|1781410867\n|move|p2a: Sunflora|Weather Ball|p1a: Farigiraf\n|-damage|p1a: Farigiraf|145/362\n|-damage|p2a: Sunflora|281/312|[from] item: Life Orb\n|move|p1a: Farigiraf|Body Slam|p2a: Sunflora\n|-damage|p2a: Sunflora|166/312\n|\n|-weather|SunnyDay|[upkeep]\n|-heal|p1a: Farigiraf|167/362|[from] item: Leftovers\n|upkeep\n|turn|18\n|\n|t:|1781410876\n|move|p1a: Farigiraf|Protect|p1a: Farigiraf\n|-singleturn|p1a: Farigiraf|Protect\n|move|p2a: Sunflora|Weather Ball|p1a: Farigiraf\n|-activate|p1a: Farigiraf|move: Protect\n|\n|-weather|SunnyDay|[upkeep]\n|-heal|p1a: Farigiraf|189/362|[from] item: Leftovers\n|upkeep\n|turn|19\n|\n|t:|1781410878\n|move|p2a: Sunflora|Weather Ball|p1a: Farigiraf\n|-damage|p1a: Farigiraf|0 fnt\n|faint|p1a: Farigiraf\n|-damage|p2a: Sunflora|135/312|[from] item: Life Orb\n|\n|-weather|none\n|upkeep\n|\n|t:|1781410881\n|switch|p1a: Pikachu|Pikachu-Kalos, L93, M|204/216\n|turn|20\n|\n|t:|1781410886\n|move|p1a: Pikachu|Fake Out|p2a: Sunflora\n|-damage|p2a: Sunflora|80/312\n|cant|p2a: Sunflora|flinch\n|\n|upkeep\n|turn|21\n|\n|t:|1781410895\n|switch|p2a: Decidueye|Decidueye, L88, F|281/281\n|move|p1a: Pikachu|Knock Off|p2a: Decidueye\n|-supereffective|p2a: Decidueye\n|-damage|p2a: Decidueye|45/281\n|-enditem|p2a: Decidueye|Heavy-Duty Boots|[from] move: Knock Off|[of] p1a: Pikachu\n|\n|upkeep\n|turn|22\n|\n|t:|1781410900\n|move|p1a: Pikachu|Knock Off|p2a: Decidueye\n|-supereffective|p2a: Decidueye\n|-damage|p2a: Decidueye|0 fnt\n|faint|p2a: Decidueye\n|\n|upkeep\n|\n|t:|1781410902\n|switch|p2a: Overqwil|Overqwil, L82, F|66/274\n|-ability|p2a: Overqwil|Intimidate|boost\n|-unboost|p1a: Pikachu|atk|1\n|turn|23\n|\n|t:|1781410907\n|move|p2a: Overqwil|Aqua Jet|p1a: Pikachu\n|-damage|p1a: Pikachu|129/216\n|move|p1a: Pikachu|Surf|p2a: Overqwil\n|-damage|p2a: Overqwil|0 fnt\n|faint|p2a: Overqwil\n|\n|upkeep\n|\n|t:|1781410909\n|switch|p2a: Sunflora|Sunflora, M|80/312\n|turn|24\n|\n|t:|1781410912\n|move|p1a: Pikachu|Knock Off|p2a: Sunflora\n|-damage|p2a: Sunflora|0 fnt\n|-enditem|p2a: Sunflora|Life Orb|[from] move: Knock Off|[of] p1a: Pikachu\n|faint|p2a: Sunflora\n|\n|win|BenoliBenoli\n|raw|BenoliBenoli's rating: 1938 &rarr; <strong>1963</strong><br />(+25 for winning)\n|raw|Jadasteel's rating: 2024 &rarr; <strong>1999</strong><br />(-25 for losing)\n", "uploadtime": 1781410701, "views": 3, "formatid": "gen9randombattle", "rating": 1963, "private": 0, "password": null}