{"id": "gen9randombattle-2631823490", "format": "[Gen 9] Random Battle", "players": ["Mcnoodle", "ZannaBianca99"], "log": "|j|\u2606Mcnoodle\n|j|\u2606ZannaBianca99\n|t:|1781444713\n|gametype|singles\n|player|p1|Mcnoodle|backpacker|2097\n|player|p2|ZannaBianca99|102|2095\n|gen|9\n|tier|[Gen 9] Random Battle\n|rated|\n|rule|Species Clause: Limit one of each Pok\u00e9mon\n|rule|HP Percentage Mod: HP is shown in percentages\n|rule|Sleep Clause Mod: Limit one foe put to sleep\n|rule|Illusion Level Mod: Illusion disguises the Pok\u00e9mon's true level\n|\n|t:|1781444713\n|teamsize|p1|6\n|teamsize|p2|6\n|start\n|switch|p1a: Toxtricity|Toxtricity, L82, F|257/257\n|switch|p2a: Reshiram|Reshiram, L76|277/277\n|-ability|p2a: Reshiram|Turboblaze\n|turn|1\n|inactive|Battle timer is ON: inactive players will automatically lose when time's up. (requested by Mcnoodle)\n|j| daiel08\n|inactive|Mcnoodle has 120 seconds left.\n|\n|t:|1781444754\n|move|p2a: Reshiram|Dragon Dance|p2a: Reshiram\n|-boost|p2a: Reshiram|atk|1\n|-boost|p2a: Reshiram|spe|1\n|move|p1a: Toxtricity|Shift Gear|p1a: Toxtricity\n|-boost|p1a: Toxtricity|spe|2\n|-boost|p1a: Toxtricity|atk|1\n|\n|upkeep\n|turn|2\n|\n|t:|1781444783\n|move|p1a: Toxtricity|Boomburst|p2a: Reshiram\n|-damage|p2a: Reshiram|160/277\n|-enditem|p1a: Toxtricity|Throat Spray\n|-boost|p1a: Toxtricity|spa|1|[from] item: Throat Spray\n|move|p2a: Reshiram|Dragon Dance|p2a: Reshiram\n|-boost|p2a: Reshiram|atk|1\n|-boost|p2a: Reshiram|spe|1\n|\n|upkeep\n|turn|3\n|\n|t:|1781444789\n|move|p2a: Reshiram|Flare Blitz|p1a: Toxtricity\n|-damage|p1a: Toxtricity|0 fnt\n|faint|p1a: Toxtricity\n|-damage|p2a: Reshiram|75/277|[from] Recoil\n|\n|upkeep\n|\n|t:|1781444796\n|switch|p1a: Lokix|Lokix, L82, M|251/251\n|turn|4\n|\n|t:|1781444807\n|move|p1a: Lokix|First Impression|p2a: Reshiram\n|-resisted|p2a: Reshiram\n|-damage|p2a: Reshiram|0 fnt\n|faint|p2a: Reshiram\n|-damage|p1a: Lokix|226/251|[from] item: Life Orb\n|\n|upkeep\n|\n|t:|1781444810\n|switch|p2a: Eternatus|Eternatus, L69|308/308\n|-ability|p2a: Eternatus|Pressure\n|turn|5\n|\n|t:|1781444833\n|switch|p1a: Persian|Persian, L92, F|269/269\n|move|p2a: Eternatus|Flamethrower|p1a: Persian\n|-damage|p1a: Persian|206/269\n|\n|upkeep\n|turn|6\n|\n|t:|1781444837\n|move|p1a: Persian|Fake Out|p2a: Eternatus\n|-damage|p2a: Eternatus|224/308\n|-damage|p1a: Persian|162/269|[from] item: Rocky Helmet|[of] p2a: Eternatus\n|cant|p2a: Eternatus|flinch\n|\n|upkeep\n|turn|7\n|\n|t:|1781444841\n|move|p1a: Persian|Double-Edge|p2a: Eternatus\n|-damage|p2a: Eternatus|65/308\n|-damage|p1a: Persian|118/269|[from] item: Rocky Helmet|[of] p2a: Eternatus\n|-damage|p1a: Persian|66/269|[from] Recoil\n|move|p2a: Eternatus|Toxic|p1a: Persian\n|-status|p1a: Persian|tox\n|\n|-damage|p1a: Persian|50/269 tox|[from] psn\n|upkeep\n|turn|8\n|\n|t:|1781444845\n|move|p1a: Persian|Knock Off|p2a: Eternatus\n|-damage|p2a: Eternatus|0 fnt\n|-damage|p1a: Persian|6/269 tox|[from] item: Rocky Helmet|[of] p2a: Eternatus\n|-enditem|p2a: Eternatus|Rocky Helmet|[from] move: Knock Off|[of] p1a: Persian\n|faint|p2a: Eternatus\n|\n|-damage|p1a: Persian|0 fnt|[from] psn\n|faint|p1a: Persian\n|upkeep\n|\n|t:|1781444854\n|switch|p1a: Mienshao|Mienshao, L83, F|243/243\n|switch|p2a: Glastrier|Glastrier, L86|312/312\n|turn|9\n|\n|t:|1781444859\n|-terastallize|p2a: Glastrier|Fighting\n|move|p1a: Mienshao|Stone Edge|p2a: Glastrier\n|-resisted|p2a: Glastrier\n|-damage|p2a: Glastrier|268/312\n|move|p2a: Glastrier|Close Combat|p1a: Mienshao\n|-damage|p1a: Mienshao|0 fnt\n|-unboost|p2a: Glastrier|def|1\n|-unboost|p2a: Glastrier|spd|1\n|faint|p1a: Mienshao\n|-ability|p2a: Glastrier|Chilling Neigh|boost\n|-boost|p2a: Glastrier|atk|1\n|\n|upkeep\n|\n|t:|1781444873\n|switch|p1a: Salamence|Salamence, L77, F|273/273\n|turn|10\n|\n|t:|1781444876\n|move|p1a: Salamence|Dual Wingbeat|p2a: Glastrier\n|-supereffective|p2a: Glastrier\n|-damage|p2a: Glastrier|176/312\n|-supereffective|p2a: Glastrier\n|-damage|p2a: Glastrier|74/312\n|-hitcount|p2a: Glastrier|2\n|move|p2a: Glastrier|Icicle Crash|p1a: Salamence\n|-supereffective|p1a: Salamence\n|-damage|p1a: Salamence|0 fnt\n|faint|p1a: Salamence\n|-ability|p2a: Glastrier|Chilling Neigh|boost\n|-boost|p2a: Glastrier|atk|1\n|\n|upkeep\n|\n|t:|1781444884\n|switch|p1a: Lokix|Lokix, L82, M|226/251\n|turn|11\n|\n|t:|1781444887\n|move|p1a: Lokix|Leech Life|p2a: Glastrier\n|-resisted|p2a: Glastrier\n|-damage|p2a: Glastrier|0 fnt\n|-heal|p1a: Lokix|251/251|[from] drain|[of] p2a: Glastrier\n|faint|p2a: Glastrier\n|-damage|p1a: Lokix|226/251|[from] item: Life Orb\n|\n|upkeep\n|\n|t:|1781444891\n|switch|p2a: Basculin|Basculin-Blue-Striped, L86, F|261/261\n|turn|12\n|\n|t:|1781444898\n|move|p2a: Basculin|Wave Crash|p1a: Lokix\n|-damage|p1a: Lokix|0 fnt\n|faint|p1a: Lokix\n|-damage|p2a: Basculin|186/261|[from] Recoil\n|\n|upkeep\n|\n|t:|1781444901\n|switch|p1a: Bellossom|Bellossom, L84, F|263/263\n|turn|13\n|\n|t:|1781444930\n|switch|p2a: Exeggutor|Exeggutor, L89, M|312/312\n|move|p1a: Bellossom|Quiver Dance|p1a: Bellossom\n|-boost|p1a: Bellossom|spa|1\n|-boost|p1a: Bellossom|spd|1\n|-boost|p1a: Bellossom|spe|1\n|\n|upkeep\n|turn|14\n|\n|t:|1781444937\n|move|p1a: Bellossom|Quiver Dance|p1a: Bellossom\n|-boost|p1a: Bellossom|spa|1\n|-boost|p1a: Bellossom|spd|1\n|-boost|p1a: Bellossom|spe|1\n|move|p2a: Exeggutor|Psychic Noise|p1a: Bellossom\n|-damage|p1a: Bellossom|215/263\n|-start|p1a: Bellossom|move: Heal Block\n|\n|upkeep\n|turn|15\n|\n|t:|1781444944\n|move|p1a: Bellossom|Quiver Dance|p1a: Bellossom\n|-boost|p1a: Bellossom|spa|1\n|-boost|p1a: Bellossom|spd|1\n|-boost|p1a: Bellossom|spe|1\n|move|p2a: Exeggutor|Psychic Noise|p1a: Bellossom\n|-damage|p1a: Bellossom|176/263\n|\n|-end|p1a: Bellossom|move: Heal Block\n|upkeep\n|turn|16\n|\n|t:|1781444954\n|move|p1a: Bellossom|Quiver Dance|p1a: Bellossom\n|-boost|p1a: Bellossom|spa|1\n|-boost|p1a: Bellossom|spd|1\n|-boost|p1a: Bellossom|spe|1\n|move|p2a: Exeggutor|Psychic Noise|p1a: Bellossom\n|-damage|p1a: Bellossom|140/263\n|-start|p1a: Bellossom|move: Heal Block\n|\n|upkeep\n|turn|17\n|\n|t:|1781444958\n|move|p1a: Bellossom|Quiver Dance|p1a: Bellossom\n|-boost|p1a: Bellossom|spa|1\n|-boost|p1a: Bellossom|spd|1\n|-boost|p1a: Bellossom|spe|1\n|move|p2a: Exeggutor|Psychic Noise|p1a: Bellossom\n|-damage|p1a: Bellossom|112/263\n|\n|-end|p1a: Bellossom|move: Heal Block\n|upkeep\n|turn|18\n|\n|t:|1781444960\n|move|p1a: Bellossom|Strength Sap|p2a: Exeggutor\n|-unboost|p2a: Exeggutor|atk|1\n|-heal|p1a: Bellossom|263/263\n|move|p2a: Exeggutor|Psychic Noise|p1a: Bellossom\n|-damage|p1a: Bellossom|233/263\n|-start|p1a: Bellossom|move: Heal Block\n|\n|upkeep\n|turn|19\n|\n|t:|1781444964\n|move|p1a: Bellossom|Sludge Bomb|p2a: Exeggutor\n|-supereffective|p2a: Exeggutor\n|-damage|p2a: Exeggutor|0 fnt\n|faint|p2a: Exeggutor\n|\n|-end|p1a: Bellossom|move: Heal Block\n|upkeep\n|\n|t:|1781444967\n|switch|p2a: Terapagos|Terapagos, L77, M|265/265\n|-activate|p2a: Terapagos|ability: Tera Shift\n|detailschange|p2a: Terapagos|Terapagos-Terastal, L77, M\n|-heal|p2a: Terapagos|273/273|[silent]\n|turn|20\n|\n|t:|1781444980\n|move|p1a: Bellossom|Sludge Bomb|p2a: Terapagos\n|-activate|p2a: Terapagos|ability: Tera Shell\n|-resisted|p2a: Terapagos\n|-damage|p2a: Terapagos|183/273\n|move|p2a: Terapagos|Calm Mind|p2a: Terapagos\n|-boost|p2a: Terapagos|spa|1\n|-boost|p2a: Terapagos|spd|1\n|\n|-heal|p1a: Bellossom|249/263|[from] item: Leftovers\n|upkeep\n|turn|21\n|\n|t:|1781444987\n|move|p1a: Bellossom|Giga Drain|p2a: Terapagos\n|-damage|p2a: Terapagos|26/273\n|-heal|p1a: Bellossom|263/263|[from] drain|[of] p2a: Terapagos\n|move|p2a: Terapagos|Rapid Spin|p1a: Bellossom\n|-damage|p1a: Bellossom|223/263\n|-boost|p2a: Terapagos|spe|1\n|\n|-heal|p1a: Bellossom|239/263|[from] item: Leftovers\n|upkeep\n|turn|22\n|\n|t:|1781444992\n|move|p1a: Bellossom|Giga Drain|p2a: Terapagos\n|-damage|p2a: Terapagos|0 fnt\n|-heal|p1a: Bellossom|252/263|[from] drain|[of] p2a: Terapagos\n|faint|p2a: Terapagos\n|\n|-heal|p1a: Bellossom|263/263|[from] item: Leftovers\n|upkeep\n|\n|t:|1781444994\n|switch|p2a: Basculin|Basculin-Blue-Striped, L86, F|186/261\n|turn|23\n|\n|t:|1781444996\n|move|p2a: Basculin|Aqua Jet|p1a: Bellossom\n|-resisted|p1a: Bellossom\n|-damage|p1a: Bellossom|224/263\n|move|p1a: Bellossom|Giga Drain|p2a: Basculin\n|-supereffective|p2a: Basculin\n|-damage|p2a: Basculin|0 fnt\n|-heal|p1a: Bellossom|263/263|[from] drain|[of] p2a: Basculin\n|faint|p2a: Basculin\n|\n|win|Mcnoodle\n", "uploadtime": 1781444716, "views": 7, "formatid": "gen9randombattle", "rating": null, "private": 0, "password": null}