{"id": "gen9randombattle-2631460318", "format": "[Gen 9] Random Battle", "players": ["wellingtj", "Malog7"], "log": "|j|\u2606wellingtj\n|j|\u2606Malog7\n|t:|1781387412\n|gametype|singles\n|player|p1|wellingtj|lusamine-nihilego|1975\n|player|p2|Malog7|steven|1974\n|gen|9\n|tier|[Gen 9] Random Battle\n|rated|\n|rule|Species Clause: Limit one of each Pok\u00e9mon\n|rule|HP Percentage Mod: HP is shown in percentages\n|rule|Sleep Clause Mod: Limit one foe put to sleep\n|rule|Illusion Level Mod: Illusion disguises the Pok\u00e9mon's true level\n|\n|t:|1781387412\n|teamsize|p1|6\n|teamsize|p2|6\n|start\n|switch|p1a: Grimmsnarl|Grimmsnarl, L83, M|293/293\n|switch|p2a: Spectrier|Spectrier, L75|274/274\n|turn|1\n|inactive|Battle timer is ON: inactive players will automatically lose when time's up. (requested by Malog7)\n|\n|t:|1781387421\n|switch|p2a: Ursaring|Ursaring, L84, M|288/288\n|move|p1a: Grimmsnarl|Thunder Wave|p2a: Ursaring\n|-status|p2a: Ursaring|par\n|\n|upkeep\n|turn|2\n|inactive|wellingtj has 120 seconds left.\n|\n|t:|1781387453\n|move|p1a: Grimmsnarl|Taunt|p2a: Ursaring\n|-start|p2a: Ursaring|move: Taunt\n|move|p2a: Ursaring|Body Slam|p1a: Grimmsnarl\n|-damage|p1a: Grimmsnarl|77/293\n|\n|-heal|p1a: Grimmsnarl|95/293|[from] item: Leftovers\n|upkeep\n|turn|3\n|inactive|wellingtj has 120 seconds left.\n|\n|t:|1781387464\n|switch|p1a: Scizor|Scizor, L79, F|240/240\n|move|p2a: Ursaring|Body Slam|p1a: Scizor\n|-resisted|p1a: Scizor\n|-damage|p1a: Scizor|156/240\n|\n|upkeep\n|turn|4\n|\n|t:|1781387481\n|move|p1a: Scizor|Swords Dance|p1a: Scizor\n|-boost|p1a: Scizor|atk|2\n|move|p2a: Ursaring|Earthquake|p1a: Scizor\n|-damage|p1a: Scizor|36/240\n|\n|-end|p2a: Ursaring|move: Taunt\n|upkeep\n|turn|5\n|inactive|Malog7 has 120 seconds left.\n|\n|t:|1781387512\n|move|p1a: Scizor|Close Combat|p2a: Ursaring\n|-supereffective|p2a: Ursaring\n|-damage|p2a: Ursaring|0 fnt\n|-unboost|p1a: Scizor|def|1\n|-unboost|p1a: Scizor|spd|1\n|faint|p2a: Ursaring\n|-damage|p1a: Scizor|12/240|[from] item: Life Orb\n|\n|upkeep\n|\n|t:|1781387515\n|switch|p2a: Munkidori|Munkidori, L79, M|269/269\n|turn|6\n|\n|t:|1781387522\n|move|p2a: Munkidori|Fake Out|p1a: Scizor\n|-resisted|p1a: Scizor\n|-damage|p1a: Scizor|0 fnt\n|faint|p1a: Scizor\n|\n|upkeep\n|\n|t:|1781387546\n|switch|p1a: Grimmsnarl|Grimmsnarl, L83, M|95/293\n|turn|7\n|\n|t:|1781387551\n|move|p1a: Grimmsnarl|Thunder Wave|p2a: Munkidori\n|-status|p2a: Munkidori|par\n|cant|p2a: Munkidori|par\n|\n|-heal|p1a: Grimmsnarl|113/293|[from] item: Leftovers\n|upkeep\n|turn|8\n|\n|t:|1781387558\n|switch|p1a: Bastiodon|Bastiodon, L89, F|252/252\n|move|p2a: Munkidori|Sludge Wave|p1a: Bastiodon\n|-immune|p1a: Bastiodon\n|\n|upkeep\n|turn|9\n|\n|t:|1781387579\n|cant|p2a: Munkidori|par\n|move|p1a: Bastiodon|Foul Play|p2a: Munkidori\n|-supereffective|p2a: Munkidori\n|-damage|p2a: Munkidori|125/269 par\n|\n|upkeep\n|turn|10\n|\n|t:|1781387584\n|move|p2a: Munkidori|U-turn|p1a: Bastiodon\n|-resisted|p1a: Bastiodon\n|-damage|p1a: Bastiodon|242/252\n|\n|t:|1781387591\n|switch|p2a: Hawlucha|Hawlucha, L80, F|256/256|[from] U-turn\n|move|p1a: Bastiodon|Foul Play|p2a: Hawlucha\n|-resisted|p2a: Hawlucha\n|-damage|p2a: Hawlucha|221/256\n|\n|upkeep\n|turn|11\n|\n|t:|1781387598\n|switch|p1a: Ampharos|Ampharos, L88, F|302/302\n|move|p2a: Hawlucha|Swords Dance|p2a: Hawlucha\n|-boost|p2a: Hawlucha|atk|2\n|\n|upkeep\n|turn|12\n|\n|t:|1781387610\n|-terastallize|p2a: Hawlucha|Fighting\n|-terastallize|p1a: Ampharos|Fairy\n|move|p2a: Hawlucha|Close Combat|p1a: Ampharos\n|-resisted|p1a: Ampharos\n|-damage|p1a: Ampharos|147/302\n|-unboost|p2a: Hawlucha|def|1\n|-unboost|p2a: Hawlucha|spd|1\n|-enditem|p2a: Hawlucha|White Herb\n|-clearnegativeboost|p2a: Hawlucha|[silent]\n|move|p1a: Ampharos|Dazzling Gleam|p2a: Hawlucha\n|-supereffective|p2a: Hawlucha\n|-damage|p2a: Hawlucha|0 fnt\n|faint|p2a: Hawlucha\n|\n|upkeep\n|\n|t:|1781387639\n|switch|p2a: Rayquaza|Rayquaza, L72|270/270\n|-ability|p2a: Rayquaza|Air Lock\n|turn|13\n|\n|t:|1781387656\n|move|p2a: Rayquaza|Dragon Ascent|p1a: Ampharos\n|-damage|p1a: Ampharos|0 fnt\n|-unboost|p2a: Rayquaza|def|1\n|-unboost|p2a: Rayquaza|spd|1\n|-status|p2a: Rayquaza|par|[from] ability: Static|[of] p1a: Ampharos\n|faint|p1a: Ampharos\n|\n|upkeep\n|\n|t:|1781387664\n|switch|p1a: Grimmsnarl|Grimmsnarl, L83, M|113/293\n|turn|14\n|\n|t:|1781387672\n|move|p1a: Grimmsnarl|Spirit Break|p2a: Rayquaza\n|-supereffective|p2a: Rayquaza\n|-damage|p2a: Rayquaza|0 fnt\n|faint|p2a: Rayquaza\n|\n|-heal|p1a: Grimmsnarl|131/293|[from] item: Leftovers\n|upkeep\n|\n|t:|1781387677\n|switch|p2a: Munkidori|Munkidori, L79, M|125/269 par\n|turn|15\n|\n|t:|1781387683\n|switch|p1a: Bastiodon|Bastiodon, L89, F|242/252\n|move|p2a: Munkidori|U-turn|p1a: Bastiodon\n|-resisted|p1a: Bastiodon\n|-damage|p1a: Bastiodon|231/252\n|\n|t:|1781387685\n|switch|p2a: Dragalge|Dragalge, L88, F|258/258|[from] U-turn\n|\n|upkeep\n|turn|16\n|\n|t:|1781387694\n|switch|p1a: Vivillon|Vivillon-Garden, L83, F|268/268\n|move|p2a: Dragalge|Focus Blast|p1a: Vivillon\n|-resisted|p1a: Vivillon\n|-damage|p1a: Vivillon|218/268\n|\n|upkeep\n|turn|17\n|\n|t:|1781387700\n|switch|p2a: Munkidori|Munkidori, L79, M|125/269 par\n|move|p1a: Vivillon|Sleep Powder|p2a: Munkidori|[miss]\n|-miss|p1a: Vivillon|p2a: Munkidori\n|\n|upkeep\n|turn|18\n|\n|t:|1781387704\n|move|p2a: Munkidori|Fake Out|p1a: Vivillon\n|-damage|p1a: Vivillon|186/268\n|-status|p1a: Vivillon|tox|[from] ability: Toxic Chain|[of] p2a: Munkidori\n|cant|p1a: Vivillon|flinch\n|\n|-damage|p1a: Vivillon|170/268 tox|[from] psn\n|upkeep\n|turn|19\n|\n|t:|1781387711\n|move|p1a: Vivillon|Quiver Dance|p1a: Vivillon\n|-boost|p1a: Vivillon|spa|1\n|-boost|p1a: Vivillon|spd|1\n|-boost|p1a: Vivillon|spe|1\n|cant|p2a: Munkidori|par\n|\n|-damage|p1a: Vivillon|138/268 tox|[from] psn\n|upkeep\n|turn|20\n|\n|t:|1781387724\n|move|p1a: Vivillon|Quiver Dance|p1a: Vivillon\n|-boost|p1a: Vivillon|spa|1\n|-boost|p1a: Vivillon|spd|1\n|-boost|p1a: Vivillon|spe|1\n|cant|p2a: Munkidori|par\n|\n|-damage|p1a: Vivillon|90/268 tox|[from] psn\n|upkeep\n|turn|21\n|\n|t:|1781387730\n|move|p1a: Vivillon|Hurricane|p2a: Munkidori\n|-damage|p2a: Munkidori|0 fnt\n|faint|p2a: Munkidori\n|\n|-damage|p1a: Vivillon|26/268 tox|[from] psn\n|upkeep\n|\n|t:|1781387737\n|switch|p2a: Spectrier|Spectrier, L75|274/274\n|turn|22\n|\n|t:|1781387744\n|move|p1a: Vivillon|Sleep Powder|p2a: Spectrier\n|-status|p2a: Spectrier|slp|[from] move: Sleep Powder\n|cant|p2a: Spectrier|slp\n|\n|-damage|p1a: Vivillon|0 fnt|[from] psn\n|faint|p1a: Vivillon\n|upkeep\n|\n|t:|1781387746\n|switch|p1a: Shiftry|Shiftry, L89, M|305/305\n|turn|23\n|\n|t:|1781387752\n|switch|p2a: Dragalge|Dragalge, L88, F|258/258\n|move|p1a: Shiftry|Knock Off|p2a: Dragalge\n|-damage|p2a: Dragalge|125/258\n|-enditem|p2a: Dragalge|Choice Specs|[from] move: Knock Off|[of] p1a: Shiftry\n|-damage|p1a: Shiftry|275/305|[from] item: Life Orb\n|\n|upkeep\n|turn|24\n|\n|t:|1781387770\n|switch|p1a: Grimmsnarl|Grimmsnarl, L83, M|131/293\n|move|p2a: Dragalge|Focus Blast|p1a: Grimmsnarl\n|-damage|p1a: Grimmsnarl|31/293\n|\n|-heal|p1a: Grimmsnarl|49/293|[from] item: Leftovers\n|upkeep\n|turn|25\n|\n|t:|1781387776\n|move|p1a: Grimmsnarl|Spirit Break|p2a: Dragalge\n|-damage|p2a: Dragalge|40/258\n|-unboost|p2a: Dragalge|spa|1\n|move|p2a: Dragalge|Sludge Wave|p1a: Grimmsnarl\n|-supereffective|p1a: Grimmsnarl\n|-damage|p1a: Grimmsnarl|0 fnt\n|faint|p1a: Grimmsnarl\n|\n|upkeep\n|\n|t:|1781387783\n|switch|p1a: Shiftry|Shiftry, L89, M|275/305\n|turn|26\n|\n|t:|1781387789\n|move|p1a: Shiftry|Knock Off|p2a: Dragalge\n|-damage|p2a: Dragalge|0 fnt\n|faint|p2a: Dragalge\n|-damage|p1a: Shiftry|245/305|[from] item: Life Orb\n|\n|upkeep\n|\n|t:|1781387791\n|switch|p2a: Spectrier|Spectrier, L75|274/274 slp\n|turn|27\n|\n|t:|1781387793\n|-curestatus|p2a: Spectrier|slp|[msg]\n|move|p2a: Spectrier|Substitute|p2a: Spectrier\n|-start|p2a: Spectrier|Substitute\n|-damage|p2a: Spectrier|206/274\n|move|p1a: Shiftry|Knock Off|p2a: Spectrier\n|-supereffective|p2a: Spectrier\n|-end|p2a: Spectrier|Substitute\n|-damage|p1a: Shiftry|215/305|[from] item: Life Orb\n|\n|-heal|p2a: Spectrier|223/274|[from] item: Leftovers\n|upkeep\n|turn|28\n|\n|t:|1781387800\n|move|p2a: Spectrier|Substitute|p2a: Spectrier\n|-start|p2a: Spectrier|Substitute\n|-damage|p2a: Spectrier|155/274\n|move|p1a: Shiftry|Tailwind|p1a: Shiftry\n|-sidestart|p1: wellingtj|move: Tailwind\n|-ability|p1a: Shiftry|Wind Rider|boost\n|-boost|p1a: Shiftry|atk|1\n|\n|-heal|p2a: Spectrier|172/274|[from] item: Leftovers\n|upkeep\n|turn|29\n|\n|t:|1781387809\n|move|p1a: Shiftry|Leaf Blade|p2a: Spectrier\n|-crit|p2a: Spectrier\n|-end|p2a: Spectrier|Substitute\n|-damage|p1a: Shiftry|185/305|[from] item: Life Orb\n|move|p2a: Spectrier|Shadow Ball|p1a: Shiftry\n|-resisted|p1a: Shiftry\n|-damage|p1a: Shiftry|125/305\n|\n|-heal|p2a: Spectrier|189/274|[from] item: Leftovers\n|upkeep\n|turn|30\n|\n|t:|1781387818\n|move|p1a: Shiftry|Knock Off|p2a: Spectrier\n|-supereffective|p2a: Spectrier\n|-damage|p2a: Spectrier|0 fnt\n|-enditem|p2a: Spectrier|Leftovers|[from] move: Knock Off|[of] p1a: Shiftry\n|faint|p2a: Spectrier\n|-damage|p1a: Shiftry|95/305|[from] item: Life Orb\n|\n|win|wellingtj\n", "uploadtime": 1781387415, "views": 4, "formatid": "gen9randombattle", "rating": null, "private": 0, "password": null}