{"id": "gen9randombattle-2631911678", "format": "[Gen 9] Random Battle", "players": ["SCHIZODROOLER98", "megamon20xx"], "log": "|j|\u2606SCHIZODROOLER98\n|j|\u2606megamon20xx\n|t:|1781454807\n|gametype|singles\n|player|p1|SCHIZODROOLER98|medium|1461\n|player|p2|megamon20xx|plasmagrunt-gen5bw|1490\n|gen|9\n|tier|[Gen 9] Random Battle\n|rated|\n|rule|Species Clause: Limit one of each Pok\u00e9mon\n|rule|HP Percentage Mod: HP is shown in percentages\n|rule|Sleep Clause Mod: Limit one foe put to sleep\n|rule|Illusion Level Mod: Illusion disguises the Pok\u00e9mon's true level\n|\n|t:|1781454807\n|teamsize|p1|6\n|teamsize|p2|6\n|start\n|switch|p1a: Sceptile|Sceptile, L87, M|264/264\n|switch|p2a: Falinks|Falinks, L84|246/246\n|turn|1\n|\n|t:|1781454823\n|move|p1a: Sceptile|Swords Dance|p1a: Sceptile\n|-boost|p1a: Sceptile|atk|2\n|move|p2a: Falinks|No Retreat|p2a: Falinks\n|-boost|p2a: Falinks|atk|1\n|-boost|p2a: Falinks|def|1\n|-boost|p2a: Falinks|spa|1\n|-boost|p2a: Falinks|spd|1\n|-boost|p2a: Falinks|spe|1\n|-start|p2a: Falinks|move: No Retreat\n|\n|upkeep\n|turn|2\n|\n|t:|1781454830\n|move|p2a: Falinks|Close Combat|p1a: Sceptile\n|-damage|p1a: Sceptile|0 fnt\n|-unboost|p2a: Falinks|def|1\n|-unboost|p2a: Falinks|spd|1\n|faint|p1a: Sceptile\n|-damage|p2a: Falinks|222/246|[from] item: Life Orb\n|\n|upkeep\n|\n|t:|1781454838\n|switch|p1a: Articuno|Articuno-Galar, L84|288/288\n|turn|3\n|\n|t:|1781454846\n|-terastallize|p2a: Falinks|Steel\n|move|p2a: Falinks|Knock Off|p1a: Articuno\n|-supereffective|p1a: Articuno\n|-damage|p1a: Articuno|0 fnt\n|-enditem|p1a: Articuno|Heavy-Duty Boots|[from] move: Knock Off|[of] p2a: Falinks\n|faint|p1a: Articuno\n|-damage|p2a: Falinks|198/246|[from] item: Life Orb\n|\n|upkeep\n|\n|t:|1781454859\n|switch|p1a: Poliwrath|Poliwrath, L88, M|302/302\n|turn|4\n|\n|t:|1781454873\n|move|p2a: Falinks|Close Combat|p1a: Poliwrath\n|-damage|p1a: Poliwrath|78/302\n|-unboost|p2a: Falinks|def|1\n|-unboost|p2a: Falinks|spd|1\n|-damage|p2a: Falinks|174/246|[from] item: Life Orb\n|move|p1a: Poliwrath|Close Combat|p2a: Falinks\n|-supereffective|p2a: Falinks\n|-damage|p2a: Falinks|0 fnt\n|-unboost|p1a: Poliwrath|def|1\n|-unboost|p1a: Poliwrath|spd|1\n|faint|p2a: Falinks\n|\n|upkeep\n|\n|t:|1781454881\n|switch|p2a: Arcanine|Arcanine-Hisui, L79, M|280/280\n|turn|5\n|\n|t:|1781454888\n|move|p2a: Arcanine|Extreme Speed|p1a: Poliwrath\n|-damage|p1a: Poliwrath|0 fnt\n|faint|p1a: Poliwrath\n|\n|upkeep\n|\n|t:|1781454891\n|switch|p1a: Banette|Banette, L93, M|270/270\n|turn|6\n|\n|t:|1781454897\n|move|p2a: Arcanine|Head Smash|p1a: Banette\n|-damage|p1a: Banette|95/270\n|move|p1a: Banette|Swords Dance|p1a: Banette\n|-boost|p1a: Banette|atk|2\n|\n|upkeep\n|turn|7\n|\n|t:|1781454903\n|move|p2a: Arcanine|Flare Blitz|p1a: Banette\n|-damage|p1a: Banette|0 fnt\n|faint|p1a: Banette\n|\n|upkeep\n|-message|SCHIZODROOLER98 forfeited.\n|\n|win|megamon20xx\n", "uploadtime": 1781454810, "views": 4, "formatid": "gen9randombattle", "rating": null, "private": 0, "password": null}