{"id": "gen9randombattle-2631734569", "format": "[Gen 9] Random Battle", "players": ["HonkaiStarPetsTCG", "makkereel"], "log": "|j|\u2606HonkaiStarPetsTCG\n|j|\u2606makkereel\n|t:|1781430815\n|gametype|singles\n|player|p1|HonkaiStarPetsTCG|clerkf|2041\n|player|p2|makkereel|170|2196\n|gen|9\n|tier|[Gen 9] Random Battle\n|rated|\n|rule|Species Clause: Limit one of each Pok\u00e9mon\n|rule|HP Percentage Mod: HP is shown in percentages\n|rule|Sleep Clause Mod: Limit one foe put to sleep\n|rule|Illusion Level Mod: Illusion disguises the Pok\u00e9mon's true level\n|\n|t:|1781430815\n|teamsize|p1|6\n|teamsize|p2|6\n|start\n|switch|p1a: Ambipom|Ambipom, L84, M|263/263\n|switch|p2a: Whimsicott|Whimsicott, L84, M|238/238\n|turn|1\n|inactive|Battle timer is ON: inactive players will automatically lose when time's up. (requested by HonkaiStarPetsTCG)\n|\n|t:|1781430841\n|move|p2a: Whimsicott|U-turn|p1a: Ambipom\n|-damage|p1a: Ambipom|212/263\n|\n|t:|1781430851\n|switch|p2a: Magearna|Magearna-Original, L77|250/250|[from] U-turn\n|move|p1a: Ambipom|Triple Axel|p2a: Magearna\n|-resisted|p2a: Magearna\n|-damage|p2a: Magearna|236/250\n|-resisted|p2a: Magearna\n|-damage|p2a: Magearna|208/250\n|-resisted|p2a: Magearna\n|-damage|p2a: Magearna|164/250\n|-hitcount|p2a: Magearna|3\n|\n|-heal|p2a: Magearna|179/250|[from] item: Leftovers\n|upkeep\n|turn|2\n|\n|t:|1781430877\n|switch|p1a: Clodsire|Clodsire, L81, M|343/343\n|move|p2a: Magearna|Fleur Cannon|p1a: Clodsire\n|-resisted|p1a: Clodsire\n|-damage|p1a: Clodsire|271/343\n|-unboost|p2a: Magearna|spa|2\n|\n|-heal|p2a: Magearna|194/250|[from] item: Leftovers\n|-heal|p1a: Clodsire|292/343|[from] item: Leftovers\n|upkeep\n|turn|3\n|\n|t:|1781430898\n|switch|p2a: Garganacl|Garganacl, L80, M|291/291\n|move|p1a: Clodsire|Spikes|p2a: Garganacl\n|-sidestart|p2: makkereel|Spikes\n|\n|-heal|p1a: Clodsire|313/343|[from] item: Leftovers\n|upkeep\n|turn|4\n|inactive|HonkaiStarPetsTCG has 120 seconds left.\n|inactive|HonkaiStarPetsTCG has 90 seconds left.\n|\n|t:|1781430950\n|move|p2a: Garganacl|Salt Cure|p1a: Clodsire\n|-resisted|p1a: Clodsire\n|-damage|p1a: Clodsire|287/343\n|-start|p1a: Clodsire|Salt Cure\n|move|p1a: Clodsire|Earthquake|p2a: Garganacl\n|-supereffective|p2a: Garganacl\n|-damage|p2a: Garganacl|163/291\n|\n|-heal|p2a: Garganacl|181/291|[from] item: Leftovers\n|-heal|p1a: Clodsire|308/343|[from] item: Leftovers\n|-damage|p1a: Clodsire|266/343|[from] Salt Cure\n|upkeep\n|turn|5\n|inactive|HonkaiStarPetsTCG has 90 seconds left.\n|\n|t:|1781430967\n|switch|p1a: Ambipom|Ambipom, L84, M|212/263\n|move|p2a: Garganacl|Earthquake|p1a: Ambipom\n|-damage|p1a: Ambipom|131/263\n|\n|-heal|p2a: Garganacl|199/291|[from] item: Leftovers\n|upkeep\n|turn|6\n|inactive|HonkaiStarPetsTCG has 90 seconds left.\n|\n|t:|1781430980\n|-terastallize|p1a: Ambipom|Ice\n|move|p1a: Ambipom|Triple Axel|p2a: Garganacl\n|-damage|p2a: Garganacl|162/291\n|-damage|p2a: Garganacl|90/291\n|-damage|p2a: Garganacl|0 fnt\n|faint|p2a: Garganacl\n|-hitcount|p2: Garganacl|3\n|\n|upkeep\n|\n|t:|1781430997\n|switch|p2a: Magearna|Magearna-Original, L77|194/250\n|-damage|p2a: Magearna|163/250|[from] Spikes\n|turn|7\n|\n|t:|1781431004\n|switch|p1a: Clodsire|Clodsire, L81, M|266/343\n|switch|p2a: Tatsugiri|Tatsugiri, L87, F|260/260\n|\n|-heal|p1a: Clodsire|287/343|[from] item: Leftovers\n|upkeep\n|turn|8\n|inactive|HonkaiStarPetsTCG has 90 seconds left.\n|\n|t:|1781431020\n|move|p2a: Tatsugiri|Rapid Spin|p1a: Clodsire\n|-damage|p1a: Clodsire|257/343\n|-boost|p2a: Tatsugiri|spe|1\n|-sideend|p2: makkereel|Spikes|[from] move: Rapid Spin|[of] p2a: Tatsugiri\n|move|p1a: Clodsire|Gunk Shot|p2a: Tatsugiri\n|-damage|p2a: Tatsugiri|125/260\n|\n|-heal|p1a: Clodsire|278/343|[from] item: Leftovers\n|upkeep\n|turn|9\n|inactive|HonkaiStarPetsTCG has 90 seconds left.\n|\n|t:|1781431043\n|move|p2a: Tatsugiri|Draco Meteor|p1a: Clodsire\n|-damage|p1a: Clodsire|107/343\n|-unboost|p2a: Tatsugiri|spa|2\n|move|p1a: Clodsire|Gunk Shot|p2a: Tatsugiri|[miss]\n|-miss|p1a: Clodsire|p2a: Tatsugiri\n|\n|-heal|p1a: Clodsire|128/343|[from] item: Leftovers\n|upkeep\n|turn|10\n|\n|t:|1781431059\n|switch|p1a: Crabominable|Crabominable, L90, F|321/321\n|move|p2a: Tatsugiri|Draco Meteor|p1a: Crabominable\n|-damage|p1a: Crabominable|222/321\n|-unboost|p2a: Tatsugiri|spa|2\n|\n|upkeep\n|turn|11\n|\n|t:|1781431078\n|move|p2a: Tatsugiri|Draco Meteor|p1a: Crabominable\n|-damage|p1a: Crabominable|152/321\n|-unboost|p2a: Tatsugiri|spa|2\n|move|p1a: Crabominable|Close Combat|p2a: Tatsugiri\n|-damage|p2a: Tatsugiri|0 fnt\n|-unboost|p1a: Crabominable|def|1\n|-unboost|p1a: Crabominable|spd|1\n|faint|p2a: Tatsugiri\n|\n|upkeep\n|\n|t:|1781431087\n|switch|p2a: Whimsicott|Whimsicott, L84, M|238/238\n|turn|12\n|\n|t:|1781431100\n|move|p2a: Whimsicott|Moonblast|p1a: Crabominable\n|-supereffective|p1a: Crabominable\n|-damage|p1a: Crabominable|0 fnt\n|faint|p1a: Crabominable\n|\n|upkeep\n|\n|t:|1781431103\n|switch|p1a: Clodsire|Clodsire, L81, M|128/343\n|turn|13\n|\n|t:|1781431108\n|move|p2a: Whimsicott|Stun Spore|p1a: Clodsire\n|-status|p1a: Clodsire|par\n|move|p1a: Clodsire|Recover|p1a: Clodsire\n|-heal|p1a: Clodsire|300/343 par\n|\n|-heal|p1a: Clodsire|321/343 par|[from] item: Leftovers\n|upkeep\n|turn|14\n|\n|t:|1781431112\n|move|p2a: Whimsicott|Encore|p1a: Clodsire\n|-start|p1a: Clodsire|Encore\n|cant|p1a: Clodsire|par\n|\n|-heal|p1a: Clodsire|342/343 par|[from] item: Leftovers\n|upkeep\n|turn|15\n|inactive|HonkaiStarPetsTCG has 90 seconds left.\n|\n|t:|1781431151\n|move|p2a: Whimsicott|U-turn|p1a: Clodsire\n|-resisted|p1a: Clodsire\n|-damage|p1a: Clodsire|316/343 par\n|\n|t:|1781431162\n|switch|p2a: Hydreigon|Hydreigon, L79, F|275/275|[from] U-turn\n|cant|p1a: Clodsire|par\n|\n|-heal|p1a: Clodsire|337/343 par|[from] item: Leftovers\n|upkeep\n|turn|16\n|inactive|HonkaiStarPetsTCG has 90 seconds left.\n|\n|t:|1781431190\n|switch|p1a: Lycanroc|Lycanroc, L86, F|269/269\n|move|p2a: Hydreigon|Draco Meteor|p1a: Lycanroc\n|-damage|p1a: Lycanroc|0 fnt\n|-unboost|p2a: Hydreigon|spa|2\n|faint|p1a: Lycanroc\n|\n|upkeep\n|\n|t:|1781431197\n|switch|p1a: Ambipom|Ambipom, L84, M, tera:Ice|131/263\n|turn|17\n|\n|t:|1781431205\n|-terastallize|p2a: Hydreigon|Steel\n|move|p1a: Ambipom|Triple Axel|p2a: Hydreigon\n|-resisted|p2a: Hydreigon\n|-damage|p2a: Hydreigon|251/275\n|-resisted|p2a: Hydreigon\n|-damage|p2a: Hydreigon|200/275\n|-resisted|p2a: Hydreigon\n|-damage|p2a: Hydreigon|121/275\n|-hitcount|p2a: Hydreigon|3\n|move|p2a: Hydreigon|Draco Meteor|p1a: Ambipom\n|-damage|p1a: Ambipom|0 fnt\n|-unboost|p2a: Hydreigon|spa|2\n|faint|p1a: Ambipom\n|\n|upkeep\n|inactive|HonkaiStarPetsTCG has 60 seconds left.\n|\n|t:|1781431231\n|switch|p1a: Inteleon|Inteleon, L81, M|246/246\n|turn|18\n|inactive|HonkaiStarPetsTCG has 60 seconds left.\n|j| SoSoph\n|\n|t:|1781431250\n|switch|p2a: Whimsicott|Whimsicott, L84, M|238/238\n|move|p1a: Inteleon|Hydro Pump|p2a: Whimsicott|[miss]\n|-miss|p1a: Inteleon|p2a: Whimsicott\n|\n|upkeep\n|turn|19\n|\n|t:|1781431256\n|switch|p1a: Clodsire|Clodsire, L81, M|337/343 par\n|move|p2a: Whimsicott|U-turn|p1a: Clodsire\n|-resisted|p1a: Clodsire\n|-damage|p1a: Clodsire|310/343 par\n|\n|t:|1781431259\n|switch|p2a: Hydreigon|Hydreigon, L79, F, tera:Steel|121/275|[from] U-turn\n|\n|-heal|p1a: Clodsire|331/343 par|[from] item: Leftovers\n|upkeep\n|turn|20\n|inactive|HonkaiStarPetsTCG has 60 seconds left.\n|\n|t:|1781431291\n|move|p2a: Hydreigon|Draco Meteor|p1a: Clodsire\n|-damage|p1a: Clodsire|124/343 par\n|-unboost|p2a: Hydreigon|spa|2\n|move|p1a: Clodsire|Recover|p1a: Clodsire\n|-heal|p1a: Clodsire|296/343 par\n|\n|-heal|p1a: Clodsire|317/343 par|[from] item: Leftovers\n|upkeep\n|turn|21\n|inactive|HonkaiStarPetsTCG has 30 seconds left.\n|\n|t:|1781431312\n|move|p2a: Hydreigon|Draco Meteor|p1a: Clodsire|[miss]\n|-miss|p2a: Hydreigon|p1a: Clodsire\n|move|p1a: Clodsire|Recover|p1a: Clodsire\n|-heal|p1a: Clodsire|343/343 par\n|\n|upkeep\n|turn|22\n|\n|t:|1781431321\n|move|p2a: Hydreigon|Draco Meteor|p1a: Clodsire\n|-damage|p1a: Clodsire|142/343 par\n|-unboost|p2a: Hydreigon|spa|2\n|move|p1a: Clodsire|Recover|p1a: Clodsire\n|-heal|p1a: Clodsire|314/343 par\n|\n|-heal|p1a: Clodsire|335/343 par|[from] item: Leftovers\n|upkeep\n|turn|23\n|\n|t:|1781431335\n|switch|p2a: Magearna|Magearna-Original, L77|163/250\n|move|p1a: Clodsire|Spikes|p2a: Magearna\n|-sidestart|p2: makkereel|Spikes\n|\n|-heal|p2a: Magearna|178/250|[from] item: Leftovers\n|-heal|p1a: Clodsire|343/343 par|[from] item: Leftovers\n|upkeep\n|turn|24\n|\n|t:|1781431351\n|switch|p2a: Hydreigon|Hydreigon, L79, F, tera:Steel|121/275\n|move|p1a: Clodsire|Spikes|p2a: Hydreigon\n|-sidestart|p2: makkereel|Spikes\n|\n|upkeep\n|turn|25\n|l| SoSoph\n|\n|t:|1781431364\n|move|p2a: Hydreigon|Draco Meteor|p1a: Clodsire\n|-damage|p1a: Clodsire|142/343 par\n|-unboost|p2a: Hydreigon|spa|2\n|cant|p1a: Clodsire|par\n|\n|-heal|p1a: Clodsire|163/343 par|[from] item: Leftovers\n|upkeep\n|turn|26\n|\n|t:|1781431377\n|switch|p1a: Inteleon|Inteleon, L81, M|246/246\n|move|p2a: Hydreigon|Draco Meteor|p1a: Inteleon\n|-damage|p1a: Inteleon|93/246\n|-unboost|p2a: Hydreigon|spa|2\n|\n|upkeep\n|turn|27\n|\n|t:|1781431388\n|switch|p2a: Whimsicott|Whimsicott, L84, M|238/238\n|move|p1a: Inteleon|Ice Beam|p2a: Whimsicott\n|-supereffective|p2a: Whimsicott\n|-crit|p2a: Whimsicott\n|-damage|p2a: Whimsicott|0 fnt\n|faint|p2a: Whimsicott\n|\n|upkeep\n|\n|t:|1781431395\n|switch|p2a: Hydreigon|Hydreigon, L79, F, tera:Steel|121/275\n|turn|28\n|inactive|HonkaiStarPetsTCG has 60 seconds left.\n|\n|t:|1781431406\n|switch|p1a: Clodsire|Clodsire, L81, M|163/343 par\n|move|p2a: Hydreigon|Dark Pulse|p1a: Clodsire\n|-damage|p1a: Clodsire|37/343 par\n|\n|-heal|p1a: Clodsire|58/343 par|[from] item: Leftovers\n|upkeep\n|turn|29\n|\n|t:|1781431413\n|move|p2a: Hydreigon|Dark Pulse|p1a: Clodsire\n|-damage|p1a: Clodsire|0 fnt\n|faint|p1a: Clodsire\n|\n|upkeep\n|\n|t:|1781431417\n|switch|p1a: Inteleon|Inteleon, L81, M|93/246\n|turn|30\n|inactive|makkereel has 120 seconds left.\n|\n|t:|1781431457\n|switch|p2a: Magearna|Magearna-Original, L77|178/250\n|-damage|p2a: Magearna|137/250|[from] Spikes\n|move|p1a: Inteleon|Scald|p2a: Magearna\n|-damage|p2a: Magearna|0 fnt\n|faint|p2a: Magearna\n|\n|upkeep\n|\n|t:|1781431462\n|switch|p2a: Thundurus|Thundurus, L80, M|258/258\n|turn|31\n|\n|t:|1781431483\n|switch|p1a: Miraidon|Miraidon, L65|238/238\n|-fieldstart|move: Electric Terrain|[from] ability: Hadron Engine|[of] p1a: Miraidon\n|move|p2a: Thundurus|Thunderbolt|p1a: Miraidon\n|-resisted|p1a: Miraidon\n|-damage|p1a: Miraidon|211/238\n|\n|upkeep\n|turn|32\n|c|\u2606makkereel|h man\n|j| OriginalChad\n|inactive|makkereel has 120 seconds left.\n|-message|makkereel forfeited.\n|\n|win|HonkaiStarPetsTCG\n", "uploadtime": 1781430817, "views": 3, "formatid": "gen9randombattle", "rating": null, "private": 0, "password": null}