{"id": "gen9randombattle-2631671996", "format": "[Gen 9] Random Battle", "players": ["DaBoffler", "Harpiesummers"], "log": "|j|\u2606DaBoffler\n|j|\u2606Harpiesummers\n|t:|1781418901\n|gametype|singles\n|player|p1|DaBoffler|rocketgrunt|1933\n|player|p2|Harpiesummers|266|1907\n|gen|9\n|tier|[Gen 9] Random Battle\n|rated|\n|rule|Species Clause: Limit one of each Pok\u00e9mon\n|rule|HP Percentage Mod: HP is shown in percentages\n|rule|Sleep Clause Mod: Limit one foe put to sleep\n|rule|Illusion Level Mod: Illusion disguises the Pok\u00e9mon's true level\n|\n|t:|1781418901\n|teamsize|p1|6\n|teamsize|p2|6\n|start\n|switch|p1a: Suicune|Suicune, L82|298/298\n|switch|p2a: Dodrio|Dodrio, L85, F|241/241\n|-ability|p1a: Suicune|Pressure\n|turn|1\n|inactive|Battle timer is ON: inactive players will automatically lose when time's up. (requested by Harpiesummers)\n|\n|t:|1781418916\n|move|p2a: Dodrio|Swords Dance|p2a: Dodrio\n|-boost|p2a: Dodrio|atk|2\n|move|p1a: Suicune|Scald|p2a: Dodrio\n|-damage|p2a: Dodrio|138/241\n|\n|upkeep\n|turn|2\n|\n|t:|1781418927\n|switch|p1a: Moltres|Moltres, L81|278/278\n|move|p2a: Dodrio|Brave Bird|p1a: Moltres\n|-damage|p1a: Moltres|0 fnt\n|-status|p2a: Dodrio|brn|[from] ability: Flame Body|[of] p1a: Moltres\n|faint|p1a: Moltres\n|-damage|p2a: Dodrio|46/241 brn|[from] Recoil\n|\n|-damage|p2a: Dodrio|31/241 brn|[from] brn\n|upkeep\n|\n|t:|1781418932\n|switch|p1a: Samurott|Samurott-Hisui, L77, M|265/265\n|turn|3\n|\n|t:|1781418934\n|move|p2a: Dodrio|Brave Bird|p1a: Samurott\n|-damage|p1a: Samurott|86/265\n|-damage|p2a: Dodrio|0 fnt|[from] Recoil\n|faint|p2a: Dodrio\n|move|p1a: Samurott|Ceaseless Edge|p2: Dodrio|[notarget]\n|-fail|p1a: Samurott\n|\n|upkeep\n|\n|t:|1781418964\n|switch|p2a: Misdreavus|Misdreavus, L90, M|254/254\n|turn|4\n|\n|t:|1781418985\n|switch|p1a: Calyrex|Calyrex, L93|337/337\n|-ability|p1a: Calyrex|Unnerve\n|move|p2a: Misdreavus|Draining Kiss|p1a: Calyrex\n|-damage|p1a: Calyrex|301/337\n|\n|-heal|p1a: Calyrex|322/337|[from] item: Leftovers\n|upkeep\n|turn|5\n|\n|t:|1781418992\n|switch|p2a: Honchkrow|Honchkrow, L86, F|312/312\n|move|p1a: Calyrex|Leech Seed|p2a: Honchkrow|[miss]\n|-miss|p1a: Calyrex|p2a: Honchkrow\n|\n|-heal|p1a: Calyrex|337/337|[from] item: Leftovers\n|upkeep\n|turn|6\n|\n|t:|1781418999\n|switch|p1a: Grimmsnarl|Grimmsnarl, L83, M|293/293\n|move|p2a: Honchkrow|U-turn|p1a: Grimmsnarl\n|-damage|p1a: Grimmsnarl|219/293\n|\n|t:|1781419018\n|switch|p2a: Dunsparce|Dunsparce, L86, F|312/312|[from] U-turn\n|\n|upkeep\n|turn|7\n|\n|t:|1781419024\n|move|p1a: Grimmsnarl|Light Screen|p1a: Grimmsnarl\n|-sidestart|p1: DaBoffler|move: Light Screen\n|move|p2a: Dunsparce|Body Slam|p1a: Grimmsnarl\n|-damage|p1a: Grimmsnarl|120/293\n|-status|p1a: Grimmsnarl|par\n|\n|upkeep\n|turn|8\n|\n|t:|1781419027\n|move|p1a: Grimmsnarl|Reflect|p1a: Grimmsnarl\n|-sidestart|p1: DaBoffler|Reflect\n|move|p2a: Dunsparce|Body Slam|p1a: Grimmsnarl\n|-damage|p1a: Grimmsnarl|76/293 par\n|\n|upkeep\n|turn|9\n|\n|t:|1781419032\n|move|p1a: Grimmsnarl|Parting Shot|p2a: Dunsparce\n|-unboost|p2a: Dunsparce|atk|1\n|-unboost|p2a: Dunsparce|spa|1\n|\n|t:|1781419034\n|switch|p1a: Vikavolt|Vikavolt, L83, F|263/263|[from] Parting Shot\n|move|p2a: Dunsparce|Coil|p2a: Dunsparce\n|-boost|p2a: Dunsparce|atk|1\n|-boost|p2a: Dunsparce|def|1\n|-boost|p2a: Dunsparce|accuracy|1\n|\n|upkeep\n|turn|10\n|\n|t:|1781419046\n|move|p2a: Dunsparce|Coil|p2a: Dunsparce\n|-boost|p2a: Dunsparce|atk|1\n|-boost|p2a: Dunsparce|def|1\n|-boost|p2a: Dunsparce|accuracy|1\n|move|p1a: Vikavolt|Sticky Web|p2a: Dunsparce\n|-sidestart|p2: Harpiesummers|move: Sticky Web\n|\n|upkeep\n|turn|11\n|\n|t:|1781419055\n|move|p2a: Dunsparce|Body Slam|p1a: Vikavolt\n|-damage|p1a: Vikavolt|204/263\n|move|p1a: Vikavolt|Discharge|p2a: Dunsparce\n|-damage|p2a: Dunsparce|224/312\n|\n|upkeep\n|turn|12\n|\n|t:|1781419062\n|move|p2a: Dunsparce|Body Slam|p1a: Vikavolt\n|-damage|p1a: Vikavolt|145/263\n|move|p1a: Vikavolt|Discharge|p2a: Dunsparce\n|-damage|p2a: Dunsparce|122/312\n|\n|upkeep\n|turn|13\n|\n|t:|1781419068\n|move|p2a: Dunsparce|Roost|p2a: Dunsparce\n|-heal|p2a: Dunsparce|278/312\n|-singleturn|p2a: Dunsparce|move: Roost\n|move|p1a: Vikavolt|Discharge|p2a: Dunsparce\n|-damage|p2a: Dunsparce|176/312\n|\n|upkeep\n|turn|14\n|\n|t:|1781419071\n|move|p2a: Dunsparce|Body Slam|p1a: Vikavolt\n|-crit|p1a: Vikavolt\n|-damage|p1a: Vikavolt|0 fnt\n|faint|p1a: Vikavolt\n|\n|-sideend|p1: DaBoffler|move: Light Screen\n|upkeep\n|\n|t:|1781419076\n|switch|p1a: Samurott|Samurott-Hisui, L77, M|86/265\n|turn|15\n|\n|t:|1781419084\n|move|p1a: Samurott|Ceaseless Edge|p2a: Dunsparce\n|-damage|p2a: Dunsparce|119/312\n|-sidestart|p2: Harpiesummers|Spikes\n|move|p2a: Dunsparce|Body Slam|p1a: Samurott\n|-damage|p1a: Samurott|17/265\n|-status|p1a: Samurott|par\n|\n|-sideend|p1: DaBoffler|Reflect\n|upkeep\n|turn|16\n|\n|t:|1781419095\n|move|p2a: Dunsparce|Roost|p2a: Dunsparce\n|-heal|p2a: Dunsparce|275/312\n|-singleturn|p2a: Dunsparce|move: Roost\n|cant|p1a: Samurott|par\n|\n|upkeep\n|turn|17\n|\n|t:|1781419097\n|move|p2a: Dunsparce|Coil|p2a: Dunsparce\n|-boost|p2a: Dunsparce|atk|1\n|-boost|p2a: Dunsparce|def|1\n|-boost|p2a: Dunsparce|accuracy|1\n|move|p1a: Samurott|Ceaseless Edge|p2a: Dunsparce\n|-damage|p2a: Dunsparce|232/312\n|-sidestart|p2: Harpiesummers|Spikes\n|\n|upkeep\n|turn|18\n|\n|t:|1781419099\n|move|p2a: Dunsparce|Coil|p2a: Dunsparce\n|-boost|p2a: Dunsparce|atk|1\n|-boost|p2a: Dunsparce|def|1\n|-boost|p2a: Dunsparce|accuracy|1\n|move|p1a: Samurott|Ceaseless Edge|p2a: Dunsparce\n|-damage|p2a: Dunsparce|198/312\n|-sidestart|p2: Harpiesummers|Spikes\n|\n|upkeep\n|turn|19\n|\n|t:|1781419105\n|switch|p1a: Grimmsnarl|Grimmsnarl, L83, M|76/293 par\n|move|p2a: Dunsparce|Coil|p2a: Dunsparce\n|-boost|p2a: Dunsparce|atk|1\n|-boost|p2a: Dunsparce|def|1\n|-boost|p2a: Dunsparce|accuracy|1\n|\n|upkeep\n|turn|20\n|\n|t:|1781419109\n|move|p1a: Grimmsnarl|Reflect|p1a: Grimmsnarl\n|-sidestart|p1: DaBoffler|Reflect\n|move|p2a: Dunsparce|Body Slam|p1a: Grimmsnarl\n|-damage|p1a: Grimmsnarl|0 fnt\n|faint|p1a: Grimmsnarl\n|\n|upkeep\n|\n|t:|1781419112\n|switch|p1a: Suicune|Suicune, L82|298/298\n|-ability|p1a: Suicune|Pressure\n|turn|21\n|\n|t:|1781419117\n|move|p1a: Suicune|Calm Mind|p1a: Suicune\n|-boost|p1a: Suicune|spa|1\n|-boost|p1a: Suicune|spd|1\n|move|p2a: Dunsparce|Body Slam|p1a: Suicune\n|-damage|p1a: Suicune|208/298\n|\n|-heal|p1a: Suicune|226/298|[from] item: Leftovers\n|upkeep\n|turn|22\n|\n|t:|1781419123\n|move|p1a: Suicune|Scald|p2a: Dunsparce\n|-damage|p2a: Dunsparce|102/312\n|-status|p2a: Dunsparce|brn\n|move|p2a: Dunsparce|Body Slam|p1a: Suicune\n|-damage|p1a: Suicune|181/298\n|\n|-heal|p1a: Suicune|199/298|[from] item: Leftovers\n|-damage|p2a: Dunsparce|83/312 brn|[from] brn\n|upkeep\n|turn|23\n|\n|t:|1781419128\n|move|p1a: Suicune|Scald|p2a: Dunsparce\n|-damage|p2a: Dunsparce|0 fnt\n|faint|p2a: Dunsparce\n|\n|-heal|p1a: Suicune|217/298|[from] item: Leftovers\n|upkeep\n|\n|t:|1781419136\n|switch|p2a: Gothitelle|Gothitelle, L90, M|272/272\n|-activate|p2a: Gothitelle|move: Sticky Web\n|-unboost|p2a: Gothitelle|spe|1\n|-damage|p2a: Gothitelle|204/272|[from] Spikes\n|turn|24\n|\n|t:|1781419139\n|move|p1a: Suicune|Scald|p2a: Gothitelle\n|-damage|p2a: Gothitelle|122/272\n|-status|p2a: Gothitelle|brn\n|move|p2a: Gothitelle|Trick|p1a: Suicune\n|-activate|p2a: Gothitelle|move: Trick|[of] p1a: Suicune\n|-item|p1a: Suicune|Choice Scarf|[from] move: Trick\n|-item|p2a: Gothitelle|Leftovers|[from] move: Trick\n|\n|-heal|p2a: Gothitelle|139/272 brn|[from] item: Leftovers\n|-damage|p2a: Gothitelle|122/272 brn|[from] brn\n|upkeep\n|turn|25\n|\n|t:|1781419151\n|move|p1a: Suicune|Scald|p2a: Gothitelle\n|-damage|p2a: Gothitelle|28/272 brn\n|move|p2a: Gothitelle|Psychic|p1a: Suicune\n|-damage|p1a: Suicune|154/298\n|\n|-heal|p2a: Gothitelle|45/272 brn|[from] item: Leftovers\n|-damage|p2a: Gothitelle|28/272 brn|[from] brn\n|upkeep\n|turn|26\n|\n|t:|1781419153\n|move|p1a: Suicune|Scald|p2a: Gothitelle\n|-damage|p2a: Gothitelle|0 fnt\n|faint|p2a: Gothitelle\n|\n|upkeep\n|\n|t:|1781419157\n|switch|p2a: Misdreavus|Misdreavus, L90, M|254/254\n|turn|27\n|\n|t:|1781419163\n|move|p1a: Suicune|Scald|p2a: Misdreavus\n|-damage|p2a: Misdreavus|178/254\n|move|p2a: Misdreavus|Calm Mind|p2a: Misdreavus\n|-boost|p2a: Misdreavus|spa|1\n|-boost|p2a: Misdreavus|spd|1\n|\n|-sideend|p1: DaBoffler|Reflect\n|upkeep\n|turn|28\n|\n|t:|1781419168\n|switch|p1a: Calyrex|Calyrex, L93|337/337\n|-ability|p1a: Calyrex|Unnerve\n|move|p2a: Misdreavus|Calm Mind|p2a: Misdreavus\n|-boost|p2a: Misdreavus|spa|1\n|-boost|p2a: Misdreavus|spd|1\n|\n|upkeep\n|turn|29\n|\n|t:|1781419173\n|move|p2a: Misdreavus|Shadow Ball|p1a: Calyrex\n|-supereffective|p1a: Calyrex\n|-crit|p1a: Calyrex\n|-damage|p1a: Calyrex|0 fnt\n|faint|p1a: Calyrex\n|\n|upkeep\n|\n|t:|1781419176\n|switch|p1a: Samurott|Samurott-Hisui, L77, M|17/265 par\n|turn|30\n|\n|t:|1781419178\n|move|p2a: Misdreavus|Draining Kiss|p1a: Samurott\n|-supereffective|p1a: Samurott\n|-damage|p1a: Samurott|0 fnt\n|-heal|p2a: Misdreavus|191/254|[from] drain|[of] p1a: Samurott\n|faint|p1a: Samurott\n|\n|upkeep\n|-message|DaBoffler forfeited.\n|\n|win|Harpiesummers\n|raw|DaBoffler's rating: 1933 &rarr; <strong>1912</strong><br />(-21 for losing)\n|raw|Harpiesummers's rating: 1907 &rarr; <strong>1928</strong><br />(+21 for winning)\n", "uploadtime": 1781419182, "views": 2, "formatid": "gen9randombattle", "rating": 1912, "private": 0, "password": null}