{"id": "gen9randombattle-2631645732", "format": "[Gen 9] Random Battle", "players": ["Zacsfat", "lime777"], "log": "|j|\u2606Zacsfat\n|j|\u2606lime777\n|t:|1781414134\n|gametype|singles\n|player|p1|Zacsfat|1|1518\n|player|p2|lime777|swimmerf|1473\n|gen|9\n|tier|[Gen 9] Random Battle\n|rated|\n|rule|Species Clause: Limit one of each Pok\u00e9mon\n|rule|HP Percentage Mod: HP is shown in percentages\n|rule|Sleep Clause Mod: Limit one foe put to sleep\n|rule|Illusion Level Mod: Illusion disguises the Pok\u00e9mon's true level\n|\n|t:|1781414134\n|teamsize|p1|6\n|teamsize|p2|6\n|start\n|switch|p1a: Archaludon|Archaludon, L78, M|268/268\n|switch|p2a: Mesprit|Mesprit, L85|275/275\n|turn|1\n|\n|t:|1781414145\n|move|p2a: Mesprit|Stealth Rock|p1a: Archaludon\n|-sidestart|p1: Zacsfat|move: Stealth Rock\n|move|p1a: Archaludon|Flash Cannon|p2a: Mesprit\n|-damage|p2a: Mesprit|193/275\n|\n|-heal|p2a: Mesprit|210/275|[from] item: Leftovers\n|upkeep\n|turn|2\n|\n|t:|1781414149\n|move|p2a: Mesprit|Drain Punch|p1a: Archaludon\n|-supereffective|p1a: Archaludon\n|-damage|p1a: Archaludon|176/268\n|-heal|p2a: Mesprit|256/275|[from] drain|[of] p1a: Archaludon\n|-ability|p1a: Archaludon|Stamina|boost\n|-boost|p1a: Archaludon|def|1\n|move|p1a: Archaludon|Dragon Tail|p2a: Mesprit\n|-damage|p2a: Mesprit|205/275\n|drag|p2a: Zebstrika|Zebstrika, L87, F|272/272\n|\n|upkeep\n|turn|3\n|\n|t:|1781414160\n|move|p2a: Zebstrika|High Horsepower|p1a: Archaludon|[miss]\n|-miss|p2a: Zebstrika|p1a: Archaludon\n|move|p1a: Archaludon|Body Press|p2a: Zebstrika\n|-damage|p2a: Zebstrika|155/272\n|\n|upkeep\n|turn|4\n|\n|t:|1781414166\n|move|p2a: Zebstrika|High Horsepower|p1a: Archaludon\n|-supereffective|p1a: Archaludon\n|-damage|p1a: Archaludon|75/268\n|-ability|p1a: Archaludon|Stamina|boost\n|-boost|p1a: Archaludon|def|1\n|-damage|p2a: Zebstrika|128/272|[from] item: Life Orb\n|move|p1a: Archaludon|Body Press|p2a: Zebstrika\n|-damage|p2a: Zebstrika|0 fnt\n|faint|p2a: Zebstrika\n|\n|upkeep\n|\n|t:|1781414190\n|switch|p2a: Mesprit|Mesprit, L85|205/275\n|turn|5\n|\n|t:|1781414196\n|move|p2a: Mesprit|Drain Punch|p1a: Archaludon\n|-supereffective|p1a: Archaludon\n|-damage|p1a: Archaludon|31/268\n|-heal|p2a: Mesprit|227/275|[from] drain|[of] p1a: Archaludon\n|-ability|p1a: Archaludon|Stamina|boost\n|-boost|p1a: Archaludon|def|1\n|move|p1a: Archaludon|Draco Meteor|p2a: Mesprit\n|-damage|p2a: Mesprit|107/275\n|-unboost|p1a: Archaludon|spa|2\n|\n|-heal|p2a: Mesprit|124/275|[from] item: Leftovers\n|upkeep\n|turn|6\n|\n|t:|1781414202\n|move|p2a: Mesprit|Drain Punch|p1a: Archaludon\n|-supereffective|p1a: Archaludon\n|-damage|p1a: Archaludon|0 fnt\n|-heal|p2a: Mesprit|140/275|[from] drain|[of] p1a: Archaludon\n|faint|p1a: Archaludon\n|\n|-heal|p2a: Mesprit|157/275|[from] item: Leftovers\n|upkeep\n|inactive|Battle timer is ON: inactive players will automatically lose when time's up. (requested by lime777)\n|\n|t:|1781414216\n|switch|p1a: Zekrom|Zekrom, L71|259/259\n|-damage|p1a: Zekrom|227/259|[from] Stealth Rock\n|-ability|p1a: Zekrom|Teravolt\n|turn|7\n|\n|t:|1781414221\n|move|p2a: Mesprit|Ice Beam|p1a: Zekrom\n|-supereffective|p1a: Zekrom\n|-damage|p1a: Zekrom|77/259\n|move|p1a: Zekrom|Dragon Dance|p1a: Zekrom\n|-boost|p1a: Zekrom|atk|1\n|-boost|p1a: Zekrom|spe|1\n|\n|-heal|p1a: Zekrom|93/259|[from] item: Leftovers\n|-heal|p2a: Mesprit|174/275|[from] item: Leftovers\n|upkeep\n|turn|8\n|\n|t:|1781414230\n|move|p1a: Zekrom|Bolt Strike|p2a: Mesprit\n|-damage|p2a: Mesprit|0 fnt\n|faint|p2a: Mesprit\n|\n|-heal|p1a: Zekrom|109/259|[from] item: Leftovers\n|upkeep\n|\n|t:|1781414238\n|switch|p2a: Weavile|Weavile, L79, M|239/239\n|turn|9\n|\n|t:|1781414245\n|move|p2a: Weavile|Ice Shard|p1a: Zekrom\n|-supereffective|p1a: Zekrom\n|-damage|p1a: Zekrom|0 fnt\n|faint|p1a: Zekrom\n|\n|upkeep\n|\n|t:|1781414248\n|switch|p1a: Entei|Entei, L78|307/307\n|-damage|p1a: Entei|231/307|[from] Stealth Rock\n|turn|10\n|\n|t:|1781414253\n|switch|p2a: Kilowattrel|Kilowattrel, L83, F|252/252\n|move|p1a: Entei|Sacred Fire|p2a: Kilowattrel\n|-damage|p2a: Kilowattrel|32/252\n|-status|p2a: Kilowattrel|brn\n|\n|-damage|p2a: Kilowattrel|17/252 brn|[from] brn\n|upkeep\n|turn|11\n|\n|t:|1781414261\n|switch|p1a: Slowbro|Slowbro, L85, F|300/300\n|-damage|p1a: Slowbro|263/300|[from] Stealth Rock\n|move|p2a: Kilowattrel|Discharge|p1a: Slowbro\n|-supereffective|p1a: Slowbro\n|-damage|p1a: Slowbro|143/300\n|\n|-damage|p2a: Kilowattrel|2/252 brn|[from] brn\n|upkeep\n|turn|12\n|\n|t:|1781414270\n|move|p2a: Kilowattrel|Discharge|p1a: Slowbro\n|-supereffective|p1a: Slowbro\n|-damage|p1a: Slowbro|23/300\n|move|p1a: Slowbro|Psychic Noise|p2a: Kilowattrel\n|-damage|p2a: Kilowattrel|0 fnt\n|faint|p2a: Kilowattrel\n|\n|upkeep\n|\n|t:|1781414280\n|switch|p2a: Veluza|Veluza, L85, M|292/292\n|turn|13\n|\n|t:|1781414287\n|move|p2a: Veluza|Flip Turn|p1a: Slowbro\n|-resisted|p1a: Slowbro\n|-damage|p1a: Slowbro|0 fnt\n|faint|p1a: Slowbro\n|\n|t:|1781414292\n|switch|p2a: Diancie|Diancie, L82|216/216|[from] Flip Turn\n|\n|upkeep\n|\n|t:|1781414305\n|switch|p1a: Entei|Entei, L78|231/307\n|-damage|p1a: Entei|155/307|[from] Stealth Rock\n|turn|14\n|\n|t:|1781414311\n|move|p1a: Entei|Stomping Tantrum|p2a: Diancie\n|-supereffective|p2a: Diancie\n|-damage|p2a: Diancie|104/216\n|move|p2a: Diancie|Rock Polish|p2a: Diancie\n|-boost|p2a: Diancie|spe|2\n|\n|-heal|p2a: Diancie|117/216|[from] item: Leftovers\n|upkeep\n|turn|15\n|\n|t:|1781414320\n|move|p2a: Diancie|Diamond Storm|p1a: Entei\n|-supereffective|p1a: Entei\n|-damage|p1a: Entei|0 fnt\n|faint|p1a: Entei\n|\n|-heal|p2a: Diancie|130/216|[from] item: Leftovers\n|upkeep\n|\n|t:|1781414332\n|switch|p1a: Oricorio|Oricorio-Pa'u, L87, M|272/272\n|turn|16\n|\n|t:|1781414344\n|-terastallize|p1a: Oricorio|Ground\n|move|p2a: Diancie|Diamond Storm|p1a: Oricorio\n|-resisted|p1a: Oricorio\n|-damage|p1a: Oricorio|215/272\n|move|p1a: Oricorio|Quiver Dance|p1a: Oricorio\n|-boost|p1a: Oricorio|spa|1\n|-boost|p1a: Oricorio|spd|1\n|-boost|p1a: Oricorio|spe|1\n|\n|-heal|p2a: Diancie|143/216|[from] item: Leftovers\n|upkeep\n|turn|17\n|\n|t:|1781414357\n|-terastallize|p2a: Diancie|Fighting\n|move|p1a: Oricorio|Revelation Dance|p2a: Diancie\n|-damage|p2a: Diancie|37/216\n|move|p2a: Diancie|Body Press|p1a: Oricorio\n|-damage|p1a: Oricorio|97/272\n|\n|-heal|p2a: Diancie|50/216|[from] item: Leftovers\n|upkeep\n|turn|18\n|\n|t:|1781414365\n|move|p1a: Oricorio|Revelation Dance|p2a: Diancie\n|-damage|p2a: Diancie|0 fnt\n|faint|p2a: Diancie\n|\n|upkeep\n|\n|t:|1781414368\n|switch|p2a: Weavile|Weavile, L79, M|239/239\n|turn|19\n|\n|t:|1781414373\n|move|p2a: Weavile|Ice Shard|p1a: Oricorio\n|-supereffective|p1a: Oricorio\n|-damage|p1a: Oricorio|0 fnt\n|faint|p1a: Oricorio\n|\n|upkeep\n|\n|t:|1781414375\n|switch|p1a: Zamazenta|Zamazenta, L71|248/248\n|-damage|p1a: Zamazenta|233/248|[from] Stealth Rock\n|-ability|p1a: Zamazenta|Dauntless Shield|boost\n|-boost|p1a: Zamazenta|def|1\n|turn|20\n|\n|t:|1781414380\n|switch|p2a: Veluza|Veluza, L85, M|292/292\n|move|p1a: Zamazenta|Iron Defense|p1a: Zamazenta\n|-boost|p1a: Zamazenta|def|2\n|\n|upkeep\n|turn|21\n|\n|t:|1781414387\n|move|p1a: Zamazenta|Iron Defense|p1a: Zamazenta\n|-boost|p1a: Zamazenta|def|2\n|move|p2a: Veluza|Psycho Cut|p1a: Zamazenta\n|-supereffective|p1a: Zamazenta\n|-damage|p1a: Zamazenta|141/248\n|\n|upkeep\n|turn|22\n|\n|t:|1781414393\n|move|p1a: Zamazenta|Body Press|p2a: Veluza\n|-resisted|p2a: Veluza\n|-damage|p2a: Veluza|162/292\n|move|p2a: Veluza|Psycho Cut|p1a: Zamazenta\n|-supereffective|p1a: Zamazenta\n|-damage|p1a: Zamazenta|33/248\n|\n|upkeep\n|turn|23\n|\n|t:|1781414398\n|move|p1a: Zamazenta|Rest|p1a: Zamazenta\n|-status|p1a: Zamazenta|slp|[from] move: Rest\n|-heal|p1a: Zamazenta|248/248 slp|[silent]\n|-enditem|p1a: Zamazenta|Chesto Berry|[eat]\n|-curestatus|p1a: Zamazenta|slp|[msg]\n|move|p2a: Veluza|Psycho Cut|p1a: Zamazenta\n|-supereffective|p1a: Zamazenta\n|-damage|p1a: Zamazenta|152/248\n|\n|upkeep\n|turn|24\n|\n|t:|1781414401\n|move|p1a: Zamazenta|Body Press|p2a: Veluza\n|-resisted|p2a: Veluza\n|-damage|p2a: Veluza|21/292\n|move|p2a: Veluza|Psycho Cut|p1a: Zamazenta\n|-supereffective|p1a: Zamazenta\n|-damage|p1a: Zamazenta|54/248\n|\n|upkeep\n|turn|25\n|\n|t:|1781414406\n|move|p1a: Zamazenta|Body Press|p2a: Veluza\n|-resisted|p2a: Veluza\n|-damage|p2a: Veluza|0 fnt\n|faint|p2a: Veluza\n|\n|upkeep\n|\n|t:|1781414408\n|switch|p2a: Weavile|Weavile, L79, M|239/239\n|turn|26\n|\n|t:|1781414415\n|move|p2a: Weavile|Triple Axel|p1a: Zamazenta\n|-damage|p1a: Zamazenta|44/248\n|-crit|p1a: Zamazenta\n|-damage|p1a: Zamazenta|0 fnt\n|faint|p1a: Zamazenta\n|-hitcount|p1: Zamazenta|2\n|\n|win|lime777\n|raw|Zacsfat's rating: 1518 &rarr; <strong>1495</strong><br />(-23 for losing)\n|raw|lime777's rating: 1473 &rarr; <strong>1496</strong><br />(+23 for winning)\n|l|\u2606Zacsfat\n|player|p1|\n", "uploadtime": 1781414436, "views": 2, "formatid": "gen9randombattle", "rating": 1495, "private": 0, "password": null}