{"id": "gen9randombattle-2631504108", "format": "[Gen 9] Random Battle", "players": ["myplit", "vexdelised"], "log": "|j|\u2606myplit\n|j|\u2606vexdelised\n|t:|1781393536\n|gametype|singles\n|player|p1|myplit|cynthia-gen7|1906\n|player|p2|vexdelised|hooligans|1923\n|gen|9\n|tier|[Gen 9] Random Battle\n|rated|\n|rule|Species Clause: Limit one of each Pok\u00e9mon\n|rule|HP Percentage Mod: HP is shown in percentages\n|rule|Sleep Clause Mod: Limit one foe put to sleep\n|rule|Illusion Level Mod: Illusion disguises the Pok\u00e9mon's true level\n|\n|t:|1781393536\n|teamsize|p1|6\n|teamsize|p2|6\n|start\n|switch|p1a: Cinccino|Cinccino, L83, M|260/260\n|switch|p2a: Delibird|Delibird, M|252/252\n|turn|1\n|inactive|Battle timer is ON: inactive players will automatically lose when time's up. (requested by vexdelised)\n|inactive|myplit also wants the timer to be on.\n|inactive|vexdelised has 120 seconds left.\n|\n|t:|1781393580\n|switch|p2a: Slowbro|Slowbro, L85, F|300/300\n|move|p1a: Cinccino|Tail Slap|p2a: Slowbro\n|-damage|p2a: Slowbro|266/300\n|-damage|p2a: Slowbro|232/300\n|-damage|p2a: Slowbro|201/300\n|-damage|p2a: Slowbro|170/300\n|-hitcount|p2a: Slowbro|4\n|\n|upkeep\n|turn|2\n|\n|t:|1781393589\n|move|p1a: Cinccino|Bullet Seed|p2a: Slowbro\n|-supereffective|p2a: Slowbro\n|-damage|p2a: Slowbro|126/300\n|-supereffective|p2a: Slowbro\n|-damage|p2a: Slowbro|86/300\n|-supereffective|p2a: Slowbro\n|-damage|p2a: Slowbro|42/300\n|-supereffective|p2a: Slowbro\n|-damage|p2a: Slowbro|0 fnt\n|faint|p2a: Slowbro\n|-hitcount|p2: Slowbro|4\n|\n|upkeep\n|\n|t:|1781393598\n|switch|p2a: Weavile|Weavile, L79, F|240/240\n|turn|3\n|\n|t:|1781393605\n|switch|p1a: Conkeldurr|Conkeldurr, L80, M|299/299\n|move|p2a: Weavile|Knock Off|p1a: Conkeldurr\n|-resisted|p1a: Conkeldurr\n|-damage|p1a: Conkeldurr|251/299\n|-enditem|p1a: Conkeldurr|Flame Orb|[from] move: Knock Off|[of] p2a: Weavile\n|\n|upkeep\n|turn|4\n|\n|t:|1781393612\n|switch|p2a: Delibird|Delibird, M|252/252\n|move|p1a: Conkeldurr|Knock Off|p2a: Delibird\n|-damage|p2a: Delibird|138/252\n|-enditem|p2a: Delibird|Heavy-Duty Boots|[from] move: Knock Off|[of] p1a: Conkeldurr\n|\n|upkeep\n|turn|5\n|\n|t:|1781393626\n|switch|p1a: Girafarig|Girafarig, L89, M|269/269\n|move|p2a: Delibird|Brave Bird|p1a: Girafarig\n|-damage|p1a: Girafarig|166/269\n|-damage|p2a: Delibird|104/252|[from] Recoil\n|\n|upkeep\n|turn|6\n|\n|t:|1781393637\n|move|p2a: Delibird|Spikes|p1a: Girafarig\n|-sidestart|p1: myplit|Spikes\n|move|p1a: Girafarig|Dazzling Gleam|p2a: Delibird\n|-damage|p2a: Delibird|22/252\n|\n|upkeep\n|turn|7\n|\n|t:|1781393641\n|move|p2a: Delibird|Spikes|p1a: Girafarig\n|-sidestart|p1: myplit|Spikes\n|move|p1a: Girafarig|Dazzling Gleam|p2a: Delibird\n|-damage|p2a: Delibird|0 fnt\n|faint|p2a: Delibird\n|\n|upkeep\n|\n|t:|1781393650\n|switch|p2a: Weavile|Weavile, L79, F|240/240\n|turn|8\n|\n|t:|1781393653\n|move|p2a: Weavile|Knock Off|p1a: Girafarig\n|-supereffective|p1a: Girafarig\n|-damage|p1a: Girafarig|0 fnt\n|-enditem|p1a: Girafarig|Eviolite|[from] move: Knock Off|[of] p2a: Weavile\n|faint|p1a: Girafarig\n|\n|upkeep\n|\n|t:|1781393666\n|switch|p1a: Conkeldurr|Conkeldurr, L80, M|251/299\n|-damage|p1a: Conkeldurr|202/299|[from] Spikes\n|turn|9\n|\n|t:|1781393678\n|switch|p2a: Tsareena|Tsareena, L87, F|267/267\n|move|p1a: Conkeldurr|Mach Punch||[still]\n|cant|p2a: Tsareena|ability: Queenly Majesty|Mach Punch|[of] p1a: Conkeldurr\n|\n|upkeep\n|turn|10\n|\n|t:|1781393689\n|move|p2a: Tsareena|High Jump Kick|p1a: Conkeldurr\n|-damage|p1a: Conkeldurr|86/299\n|move|p1a: Conkeldurr|Knock Off|p2a: Tsareena\n|-damage|p2a: Tsareena|197/267\n|-enditem|p2a: Tsareena|Heavy-Duty Boots|[from] move: Knock Off|[of] p1a: Conkeldurr\n|\n|upkeep\n|turn|11\n|\n|t:|1781393700\n|move|p2a: Tsareena|High Jump Kick|p1a: Conkeldurr\n|-damage|p1a: Conkeldurr|0 fnt\n|faint|p1a: Conkeldurr\n|\n|upkeep\n|\n|t:|1781393703\n|switch|p1a: Cinccino|Cinccino, L83, M|260/260\n|-damage|p1a: Cinccino|217/260|[from] Spikes\n|turn|12\n|\n|t:|1781393710\n|-terastallize|p2a: Tsareena|Steel\n|move|p1a: Cinccino|Triple Axel|p2a: Tsareena\n|-resisted|p2a: Tsareena\n|-damage|p2a: Tsareena|187/267\n|-resisted|p2a: Tsareena\n|-damage|p2a: Tsareena|169/267\n|-resisted|p2a: Tsareena\n|-damage|p2a: Tsareena|144/267\n|-hitcount|p2a: Tsareena|3\n|move|p2a: Tsareena|High Jump Kick|p1a: Cinccino\n|-supereffective|p1a: Cinccino\n|-damage|p1a: Cinccino|0 fnt\n|faint|p1a: Cinccino\n|\n|upkeep\n|\n|t:|1781393715\n|switch|p1a: Tornadus|Tornadus, L82, M|263/263\n|turn|13\n|\n|t:|1781393723\n|move|p1a: Tornadus|Heat Wave|p2a: Tsareena\n|-supereffective|p2a: Tsareena\n|-damage|p2a: Tsareena|0 fnt\n|faint|p2a: Tsareena\n|\n|upkeep\n|\n|t:|1781393745\n|switch|p2a: Feraligatr|Feraligatr, L79, F|264/264\n|turn|14\n|\n|t:|1781393748\n|switch|p1a: Rotom|Rotom-Fan, L86|226/226\n|move|p2a: Feraligatr|Dragon Dance|p2a: Feraligatr\n|-boost|p2a: Feraligatr|atk|1\n|-boost|p2a: Feraligatr|spe|1\n|\n|upkeep\n|turn|15\n|\n|t:|1781393759\n|move|p2a: Feraligatr|Ice Punch|p1a: Rotom\n|-supereffective|p1a: Rotom\n|-damage|p1a: Rotom|0 fnt\n|faint|p1a: Rotom\n|\n|upkeep\n|\n|t:|1781393762\n|switch|p1a: Zekrom|Zekrom, L71|259/259\n|-damage|p1a: Zekrom|216/259|[from] Spikes\n|-ability|p1a: Zekrom|Teravolt\n|turn|16\n|\n|t:|1781393769\n|-terastallize|p1a: Zekrom|Steel\n|move|p2a: Feraligatr|Ice Punch|p1a: Zekrom\n|-resisted|p1a: Zekrom\n|-damage|p1a: Zekrom|160/259\n|move|p1a: Zekrom|Bolt Strike|p2a: Feraligatr\n|-supereffective|p2a: Feraligatr\n|-damage|p2a: Feraligatr|0 fnt\n|faint|p2a: Feraligatr\n|\n|-heal|p1a: Zekrom|176/259|[from] item: Leftovers\n|upkeep\n|\n|t:|1781393783\n|switch|p2a: Weavile|Weavile, L79, F|240/240\n|turn|17\n|\n|t:|1781393795\n|move|p2a: Weavile|Swords Dance|p2a: Weavile\n|-boost|p2a: Weavile|atk|2\n|move|p1a: Zekrom|Bolt Strike|p2a: Weavile\n|-damage|p2a: Weavile|54/240\n|\n|-heal|p1a: Zekrom|192/259|[from] item: Leftovers\n|upkeep\n|turn|18\n|\n|t:|1781393800\n|move|p2a: Weavile|Knock Off|p1a: Zekrom\n|-damage|p1a: Zekrom|0 fnt\n|-enditem|p1a: Zekrom|Leftovers|[from] move: Knock Off|[of] p2a: Weavile\n|faint|p1a: Zekrom\n|\n|upkeep\n|\n|t:|1781393802\n|switch|p1a: Tornadus|Tornadus, L82, M|263/263\n|turn|19\n|\n|t:|1781393814\n|move|p2a: Weavile|Triple Axel|p1a: Tornadus\n|-supereffective|p1a: Tornadus\n|-damage|p1a: Tornadus|159/263\n|-supereffective|p1a: Tornadus\n|-damage|p1a: Tornadus|0 fnt\n|faint|p1a: Tornadus\n|-hitcount|p1: Tornadus|2\n|\n|win|vexdelised\n", "uploadtime": 1781393538, "views": 3, "formatid": "gen9randombattle", "rating": null, "private": 0, "password": null}