{"id": "gen9randombattle-2631483998", "format": "[Gen 9] Random Battle", "players": ["Tarunda", "Salazzle Dazzle 1"], "log": "|j|\u2606Tarunda\n|j|\u2606Salazzle Dazzle 1\n|t:|1781390779\n|gametype|singles\n|player|p1|Tarunda|wallace|2017\n|player|p2|Salazzle Dazzle 1|lenora|2023\n|gen|9\n|tier|[Gen 9] Random Battle\n|rated|\n|rule|Species Clause: Limit one of each Pok\u00e9mon\n|rule|HP Percentage Mod: HP is shown in percentages\n|rule|Sleep Clause Mod: Limit one foe put to sleep\n|rule|Illusion Level Mod: Illusion disguises the Pok\u00e9mon's true level\n|\n|t:|1781390779\n|teamsize|p1|6\n|teamsize|p2|6\n|start\n|switch|p1a: Clefable|Clefable, L83, M|293/293\n|switch|p2a: Chi-Yu|Chi-Yu, L77|211/211\n|-ability|p2a: Chi-Yu|Beads of Ruin\n|turn|1\n|inactive|Battle timer is ON: inactive players will automatically lose when time's up. (requested by Tarunda)\n|\n|t:|1781390790\n|move|p2a: Chi-Yu|Fire Blast|p1a: Clefable|[miss]\n|-miss|p2a: Chi-Yu|p1a: Clefable\n|move|p1a: Clefable|Calm Mind|p1a: Clefable\n|-boost|p1a: Clefable|spa|1\n|-boost|p1a: Clefable|spd|1\n|\n|upkeep\n|turn|2\n|\n|t:|1781390799\n|switch|p2a: Archaludon|Archaludon, L78, M|268/268\n|move|p1a: Clefable|Moonblast|p2a: Archaludon\n|-damage|p2a: Archaludon|26/268\n|-ability|p2a: Archaludon|Stamina|boost\n|-boost|p2a: Archaludon|def|1\n|\n|upkeep\n|turn|3\n|\n|t:|1781390807\n|move|p2a: Archaludon|Iron Head|p1a: Clefable\n|-supereffective|p1a: Clefable\n|-damage|p1a: Clefable|111/293\n|move|p1a: Clefable|Calm Mind|p1a: Clefable\n|-boost|p1a: Clefable|spa|1\n|-boost|p1a: Clefable|spd|1\n|\n|upkeep\n|turn|4\n|\n|t:|1781390814\n|switch|p1a: Araquanid|Araquanid, L82, M|246/246\n|move|p2a: Archaludon|Iron Head|p1a: Araquanid\n|-resisted|p1a: Araquanid\n|-damage|p1a: Araquanid|210/246\n|\n|upkeep\n|turn|5\n|\n|t:|1781390824\n|switch|p2a: Golduck|Golduck, L90, F|290/290\n|-ability|p2a: Golduck|Cloud Nine\n|move|p1a: Araquanid|Sticky Web|p2a: Golduck\n|-sidestart|p2: Salazzle Dazzle 1|move: Sticky Web\n|\n|upkeep\n|turn|6\n|\n|t:|1781390841\n|switch|p1a: Sunflora|Sunflora, M|312/312\n|move|p2a: Golduck|Nasty Plot|p2a: Golduck\n|-boost|p2a: Golduck|spa|2\n|\n|upkeep\n|turn|7\n|\n|t:|1781390866\n|move|p2a: Golduck|Hydro Pump|p1a: Sunflora|[miss]\n|-miss|p2a: Golduck|p1a: Sunflora\n|move|p1a: Sunflora|Leaf Storm|p2a: Golduck\n|-supereffective|p2a: Golduck\n|-damage|p2a: Golduck|0 fnt\n|-unboost|p1a: Sunflora|spa|2\n|faint|p2a: Golduck\n|\n|upkeep\n|inactive|Salazzle Dazzle 1 has 120 seconds left.\n|\n|t:|1781390879\n|switch|p2a: Shiftry|Shiftry, L89, M|305/305\n|-activate|p2a: Shiftry|move: Sticky Web\n|-unboost|p2a: Shiftry|spe|1\n|turn|8\n|\n|t:|1781390888\n|switch|p1a: Clefable|Clefable, L83, M|111/293\n|move|p2a: Shiftry|Knock Off|p1a: Clefable\n|-resisted|p1a: Clefable\n|-damage|p1a: Clefable|25/293\n|-enditem|p1a: Clefable|Life Orb|[from] move: Knock Off|[of] p2a: Shiftry\n|-damage|p2a: Shiftry|275/305|[from] item: Life Orb\n|\n|upkeep\n|turn|9\n|\n|t:|1781390896\n|move|p1a: Clefable|Moonlight|p1a: Clefable\n|-heal|p1a: Clefable|171/293\n|move|p2a: Shiftry|Leaf Blade|p1a: Clefable\n|-damage|p1a: Clefable|0 fnt\n|faint|p1a: Clefable\n|-damage|p2a: Shiftry|245/305|[from] item: Life Orb\n|\n|upkeep\n|\n|t:|1781390922\n|switch|p1a: Sandslash|Sandslash-Alola, L88, F|275/275\n|turn|10\n|\n|t:|1781390928\n|move|p1a: Sandslash|Triple Axel|p2a: Shiftry\n|-supereffective|p2a: Shiftry\n|-damage|p2a: Shiftry|167/305\n|-supereffective|p2a: Shiftry\n|-crit|p2a: Shiftry\n|-damage|p2a: Shiftry|0 fnt\n|faint|p2a: Shiftry\n|-hitcount|p2: Shiftry|2\n|-damage|p1a: Sandslash|248/275|[from] item: Life Orb\n|\n|upkeep\n|\n|t:|1781390940\n|switch|p2a: Keldeo|Keldeo-Resolute, L79|273/273\n|-activate|p2a: Keldeo|move: Sticky Web\n|-unboost|p2a: Keldeo|spe|1\n|turn|11\n|\n|t:|1781390950\n|-terastallize|p1a: Sandslash|Ground\n|move|p1a: Sandslash|Swords Dance|p1a: Sandslash\n|-boost|p1a: Sandslash|atk|2\n|move|p2a: Keldeo|Substitute|p2a: Keldeo\n|-start|p2a: Keldeo|Substitute\n|-damage|p2a: Keldeo|205/273\n|\n|-heal|p2a: Keldeo|222/273|[from] item: Leftovers\n|upkeep\n|turn|12\n|\n|t:|1781390959\n|move|p1a: Sandslash|Earthquake|p2a: Keldeo\n|-end|p2a: Keldeo|Substitute\n|-damage|p1a: Sandslash|221/275|[from] item: Life Orb\n|move|p2a: Keldeo|Surf|p1a: Sandslash\n|-supereffective|p1a: Sandslash\n|-damage|p1a: Sandslash|0 fnt\n|faint|p1a: Sandslash\n|\n|-heal|p2a: Keldeo|239/273|[from] item: Leftovers\n|upkeep\n|\n|t:|1781390969\n|switch|p1a: Hydrapple|Hydrapple, L83, F|312/312\n|turn|13\n|\n|t:|1781390981\n|move|p2a: Keldeo|Substitute|p2a: Keldeo\n|-start|p2a: Keldeo|Substitute\n|-damage|p2a: Keldeo|171/273\n|move|p1a: Hydrapple|Fickle Beam|p2a: Keldeo\n|-end|p2a: Keldeo|Substitute\n|\n|-heal|p2a: Keldeo|188/273|[from] item: Leftovers\n|upkeep\n|turn|14\n|\n|t:|1781391002\n|move|p2a: Keldeo|Secret Sword|p1a: Hydrapple\n|-damage|p1a: Hydrapple|222/312\n|move|p1a: Hydrapple|Fickle Beam|p2a: Keldeo\n|-damage|p2a: Keldeo|82/273\n|\n|-heal|p2a: Keldeo|99/273|[from] item: Leftovers\n|upkeep\n|turn|15\n|\n|t:|1781391012\n|move|p2a: Keldeo|Calm Mind|p2a: Keldeo\n|-boost|p2a: Keldeo|spa|1\n|-boost|p2a: Keldeo|spd|1\n|move|p1a: Hydrapple|Giga Drain|p2a: Keldeo\n|-supereffective|p2a: Keldeo\n|-damage|p2a: Keldeo|0 fnt\n|-heal|p1a: Hydrapple|272/312|[from] drain|[of] p2a: Keldeo\n|faint|p2a: Keldeo\n|\n|upkeep\n|\n|t:|1781391020\n|switch|p2a: Glimmora|Glimmora, L75, M|248/248\n|-activate|p2a: Glimmora|move: Sticky Web\n|-unboost|p2a: Glimmora|spe|1\n|turn|16\n|\n|t:|1781391025\n|-terastallize|p2a: Glimmora|Grass\n|move|p1a: Hydrapple|Earth Power|p2a: Glimmora\n|-resisted|p2a: Glimmora\n|-damage|p2a: Glimmora|204/248\n|move|p2a: Glimmora|Meteor Beam||[still]\n|-prepare|p2a: Glimmora|Meteor Beam\n|-boost|p2a: Glimmora|spa|1\n|-enditem|p2a: Glimmora|Power Herb\n|-anim|p2a: Glimmora|Meteor Beam|p1a: Hydrapple\n|-damage|p1a: Hydrapple|137/312\n|\n|upkeep\n|turn|17\n|\n|t:|1781391041\n|switch|p1a: Araquanid|Araquanid, L82, M|210/246\n|move|p2a: Glimmora|Sludge Wave|p1a: Araquanid\n|-damage|p1a: Araquanid|98/246\n|\n|upkeep\n|turn|18\n|\n|t:|1781391048\n|move|p1a: Araquanid|Leech Life|p2a: Glimmora\n|-supereffective|p2a: Glimmora\n|-damage|p2a: Glimmora|72/248\n|-heal|p1a: Araquanid|164/246|[from] drain|[of] p2a: Glimmora\n|-activate|p2a: Glimmora|ability: Toxic Debris\n|-sidestart|p1: Tarunda|move: Toxic Spikes\n|move|p2a: Glimmora|Sludge Wave|p1a: Araquanid\n|-damage|p1a: Araquanid|43/246\n|\n|upkeep\n|turn|19\n|-message|Salazzle Dazzle 1 forfeited.\n|\n|win|Tarunda\n", "uploadtime": 1781390780, "views": 3, "formatid": "gen9randombattle", "rating": null, "private": 0, "password": null}