{"id": "gen9randombattle-2631564878", "format": "[Gen 9] Random Battle", "players": ["WhatEver2102", "nutbustas"], "log": "|j|\u2606WhatEver2102\n|j|\u203dnutbustas\n|t:|1781402032\n|gametype|singles\n|player|p1|WhatEver2102|juan|1992\n|player|p2|nutbustas|plumeria|2034\n|gen|9\n|tier|[Gen 9] Random Battle\n|rated|\n|rule|Species Clause: Limit one of each Pok\u00e9mon\n|rule|HP Percentage Mod: HP is shown in percentages\n|rule|Sleep Clause Mod: Limit one foe put to sleep\n|rule|Illusion Level Mod: Illusion disguises the Pok\u00e9mon's true level\n|\n|t:|1781402032\n|teamsize|p1|6\n|teamsize|p2|6\n|start\n|switch|p1a: Pikachu|Pikachu-Partner, L93, F|216/216\n|switch|p2a: Rotom|Rotom, L88|231/231\n|turn|1\n|\n|t:|1781402045\n|move|p2a: Rotom|Trick|p1a: Pikachu\n|-activate|p2a: Rotom|move: Trick|[of] p1a: Pikachu\n|-item|p1a: Pikachu|Choice Scarf|[from] move: Trick\n|-item|p2a: Rotom|Light Ball|[from] move: Trick\n|move|p1a: Pikachu|Knock Off|p2a: Rotom\n|-supereffective|p2a: Rotom\n|-damage|p2a: Rotom|109/231\n|-enditem|p2a: Rotom|Light Ball|[from] move: Knock Off|[of] p1a: Pikachu\n|\n|upkeep\n|turn|2\n|\n|t:|1781402057\n|move|p1a: Pikachu|Knock Off|p2a: Rotom\n|-supereffective|p2a: Rotom\n|-damage|p2a: Rotom|33/231\n|move|p2a: Rotom|Shadow Ball|p1a: Pikachu\n|-crit|p1a: Pikachu\n|-damage|p1a: Pikachu|33/216\n|\n|upkeep\n|turn|3\n|\n|t:|1781402060\n|move|p1a: Pikachu|Knock Off|p2a: Rotom\n|-supereffective|p2a: Rotom\n|-damage|p2a: Rotom|0 fnt\n|faint|p2a: Rotom\n|\n|upkeep\n|\n|t:|1781402063\n|switch|p2a: Galvantula|Galvantula, L82, M|249/249\n|turn|4\n|\n|t:|1781402073\n|move|p1a: Pikachu|Knock Off|p2a: Galvantula\n|-damage|p2a: Galvantula|168/249\n|-enditem|p2a: Galvantula|Heavy-Duty Boots|[from] move: Knock Off|[of] p1a: Pikachu\n|move|p2a: Galvantula|Sticky Web|p1a: Pikachu\n|-sidestart|p1: WhatEver2102|move: Sticky Web\n|\n|upkeep\n|turn|5\n|\n|t:|1781402077\n|move|p1a: Pikachu|Knock Off|p2a: Galvantula\n|-damage|p2a: Galvantula|117/249\n|move|p2a: Galvantula|Bug Buzz|p1a: Pikachu\n|-damage|p1a: Pikachu|0 fnt\n|faint|p1a: Pikachu\n|\n|upkeep\n|\n|t:|1781402086\n|switch|p1a: Klefki|Klefki, L84, M|233/233\n|-activate|p1a: Klefki|move: Sticky Web\n|-unboost|p1a: Klefki|spe|1\n|turn|6\n|\n|t:|1781402091\n|move|p1a: Klefki|Spikes|p2a: Galvantula\n|-sidestart|p2: nutbustas|Spikes\n|move|p2a: Galvantula|Thunder|p1a: Klefki\n|-damage|p1a: Klefki|119/233\n|-status|p1a: Klefki|par\n|\n|-heal|p1a: Klefki|133/233 par|[from] item: Leftovers\n|upkeep\n|turn|7\n|\n|t:|1781402098\n|move|p2a: Galvantula|Thunder|p1a: Klefki\n|-damage|p1a: Klefki|30/233 par\n|move|p1a: Klefki|Dazzling Gleam|p2a: Galvantula\n|-damage|p2a: Galvantula|21/249\n|\n|-heal|p1a: Klefki|44/233 par|[from] item: Leftovers\n|upkeep\n|turn|8\n|\n|t:|1781402104\n|move|p1a: Klefki|Spikes|p2a: Galvantula\n|-sidestart|p2: nutbustas|Spikes\n|move|p2a: Galvantula|Thunder|p1a: Klefki\n|-damage|p1a: Klefki|0 fnt\n|faint|p1a: Klefki\n|\n|upkeep\n|\n|t:|1781402109\n|switch|p1a: Whimsicott|Whimsicott, L84, F|238/238\n|turn|9\n|\n|t:|1781402113\n|move|p1a: Whimsicott|Moonblast|p2a: Galvantula\n|-damage|p2a: Galvantula|0 fnt\n|faint|p2a: Galvantula\n|\n|upkeep\n|\n|t:|1781402117\n|switch|p2a: Bisharp|Bisharp, L79, F|232/232\n|-damage|p2a: Bisharp|194/232|[from] Spikes\n|turn|10\n|\n|t:|1781402124\n|move|p1a: Whimsicott|U-turn|p2a: Bisharp\n|-damage|p2a: Bisharp|168/232\n|\n|t:|1781402126\n|switch|p1a: Zamazenta|Zamazenta-Crowned, L68|238/238|[from] U-turn\n|-activate|p1a: Zamazenta|move: Sticky Web\n|-unboost|p1a: Zamazenta|spe|1\n|-ability|p1a: Zamazenta|Dauntless Shield|boost\n|-boost|p1a: Zamazenta|def|1\n|move|p2a: Bisharp|Stealth Rock|p1a: Zamazenta\n|-sidestart|p1: WhatEver2102|move: Stealth Rock\n|\n|upkeep\n|turn|11\n|\n|t:|1781402133\n|switch|p2a: Conkeldurr|Conkeldurr, L80, F|299/299\n|-damage|p2a: Conkeldurr|250/299|[from] Spikes\n|move|p1a: Zamazenta|Iron Defense|p1a: Zamazenta\n|-boost|p1a: Zamazenta|def|2\n|\n|-status|p2a: Conkeldurr|brn|[from] item: Flame Orb\n|upkeep\n|turn|12\n|\n|t:|1781402144\n|-terastallize|p1a: Zamazenta|Ghost\n|move|p1a: Zamazenta|Iron Defense|p1a: Zamazenta\n|-boost|p1a: Zamazenta|def|2\n|move|p2a: Conkeldurr|Close Combat|p1a: Zamazenta\n|-immune|p1a: Zamazenta\n|\n|-damage|p2a: Conkeldurr|232/299 brn|[from] brn\n|upkeep\n|turn|13\n|\n|t:|1781402158\n|move|p1a: Zamazenta|Body Press|p2a: Conkeldurr\n|-damage|p2a: Conkeldurr|0 fnt\n|faint|p2a: Conkeldurr\n|\n|upkeep\n|-message|nutbustas forfeited.\n|\n|win|WhatEver2102\n", "uploadtime": 1781402034, "views": 3, "formatid": "gen9randombattle", "rating": null, "private": 0, "password": null}