{"id": "gen9randombattle-2631453128", "format": "[Gen 9] Random Battle", "players": ["pipisniperz", "Elite 4 Waally"], "log": "|j|\u2606pipisniperz\n|j|\u2606Elite 4 Waally\n|t:|1781386508\n|gametype|singles\n|player|p1|pipisniperz|169|2002\n|player|p2|Elite 4 Waally|wally|1956\n|gen|9\n|tier|[Gen 9] Random Battle\n|rated|\n|rule|Species Clause: Limit one of each Pok\u00e9mon\n|rule|HP Percentage Mod: HP is shown in percentages\n|rule|Sleep Clause Mod: Limit one foe put to sleep\n|rule|Illusion Level Mod: Illusion disguises the Pok\u00e9mon's true level\n|\n|t:|1781386508\n|teamsize|p1|6\n|teamsize|p2|6\n|start\n|switch|p1a: Rampardos|Rampardos, L90, M|321/321\n|switch|p2a: Ceruledge|Ceruledge, L78, M|245/245\n|turn|1\n|inactive|Battle timer is ON: inactive players will automatically lose when time's up. (requested by pipisniperz)\n|\n|t:|1781386539\n|switch|p2a: Qwilfish|Qwilfish-Hisui, L83, M|244/244\n|-ability|p2a: Qwilfish|Intimidate|boost\n|-unboost|p1a: Rampardos|atk|1\n|move|p1a: Rampardos|Rock Slide|p2a: Qwilfish|[miss]\n|-miss|p1a: Rampardos|p2a: Qwilfish\n|\n|upkeep\n|turn|2\n|\n|t:|1781386553\n|switch|p1a: Malamar|Malamar, L82, M|275/275\n|move|p2a: Qwilfish|Toxic Spikes|p1a: Malamar\n|-sidestart|p1: pipisniperz|move: Toxic Spikes\n|\n|upkeep\n|turn|3\n|\n|t:|1781386565\n|switch|p2a: Ceruledge|Ceruledge, L78, M|245/245\n|move|p1a: Malamar|Knock Off|p2a: Ceruledge\n|-supereffective|p2a: Ceruledge\n|-damage|p2a: Ceruledge|45/245\n|-ability|p2a: Ceruledge|Weak Armor|boost\n|-unboost|p2a: Ceruledge|def|1\n|-boost|p2a: Ceruledge|spe|2\n|-enditem|p2a: Ceruledge|Heavy-Duty Boots|[from] move: Knock Off|[of] p1a: Malamar\n|\n|upkeep\n|turn|4\n|\n|t:|1781386572\n|move|p2a: Ceruledge|Poltergeist|p1a: Malamar\n|-activate|p1a: Malamar|move: Poltergeist|Leftovers\n|-damage|p1a: Malamar|140/275\n|move|p1a: Malamar|Knock Off|p2a: Ceruledge\n|-supereffective|p2a: Ceruledge\n|-damage|p2a: Ceruledge|0 fnt\n|faint|p2a: Ceruledge\n|\n|-heal|p1a: Malamar|157/275|[from] item: Leftovers\n|upkeep\n|\n|t:|1781386574\n|switch|p2a: Zapdos|Zapdos-Galar, L77|265/265\n|turn|5\n|\n|t:|1781386592\n|move|p2a: Zapdos|U-turn|p1a: Malamar\n|-supereffective|p1a: Malamar\n|-damage|p1a: Malamar|0 fnt\n|faint|p1a: Malamar\n|\n|t:|1781386598\n|switch|p2a: Conkeldurr|Conkeldurr, L80, M|299/299|[from] U-turn\n|\n|-status|p2a: Conkeldurr|brn|[from] item: Flame Orb\n|upkeep\n|inactive|pipisniperz has 120 seconds left.\n|\n|t:|1781386630\n|switch|p1a: Beartic|Beartic, L91, F|321/321\n|-status|p1a: Beartic|psn\n|turn|6\n|\n|t:|1781386644\n|switch|p2a: Qwilfish|Qwilfish-Hisui, L83, M|244/244\n|-ability|p2a: Qwilfish|Intimidate|boost\n|-unboost|p1a: Beartic|atk|1\n|move|p1a: Beartic|Icicle Crash|p2a: Qwilfish\n|-damage|p2a: Qwilfish|150/244\n|\n|-damage|p1a: Beartic|281/321 psn|[from] psn\n|upkeep\n|turn|7\n|inactive|pipisniperz has 120 seconds left.\n|\n|t:|1781386659\n|move|p2a: Qwilfish|Crunch|p1a: Beartic\n|-damage|p1a: Beartic|196/321 psn\n|move|p1a: Beartic|Icicle Crash|p2a: Qwilfish\n|-damage|p2a: Qwilfish|66/244\n|\n|-damage|p1a: Beartic|156/321 psn|[from] psn\n|upkeep\n|turn|8\n|\n|t:|1781386667\n|switch|p1a: Toedscruel|Toedscruel, L87, M|281/281\n|-status|p1a: Toedscruel|psn\n|move|p2a: Qwilfish|Gunk Shot|p1a: Toedscruel\n|-damage|p1a: Toedscruel|134/281 psn\n|\n|-damage|p1a: Toedscruel|99/281 psn|[from] psn\n|upkeep\n|turn|9\n|\n|t:|1781386674\n|move|p1a: Toedscruel|Rapid Spin|p2a: Qwilfish\n|-damage|p2a: Qwilfish|43/244\n|-boost|p1a: Toedscruel|spe|1\n|-sideend|p1: pipisniperz|Toxic Spikes|[from] move: Rapid Spin|[of] p1a: Toedscruel\n|move|p2a: Qwilfish|Crunch|p1a: Toedscruel\n|-damage|p1a: Toedscruel|0 fnt\n|faint|p1a: Toedscruel\n|\n|upkeep\n|\n|t:|1781386682\n|switch|p1a: Leavanny|Leavanny, L86, F|269/269\n|turn|10\n|\n|t:|1781386690\n|move|p1a: Leavanny|Triple Axel|p2a: Qwilfish\n|-damage|p2a: Qwilfish|32/244\n|-damage|p2a: Qwilfish|11/244\n|-damage|p2a: Qwilfish|0 fnt\n|faint|p2a: Qwilfish\n|-hitcount|p2: Qwilfish|3\n|\n|upkeep\n|\n|t:|1781386697\n|switch|p2a: Zapdos|Zapdos-Galar, L77|265/265\n|turn|11\n|\n|t:|1781386710\n|switch|p1a: Goodra|Goodra-Hisui, L82, M|265/265\n|move|p2a: Zapdos|Brave Bird|p1a: Goodra\n|-resisted|p1a: Goodra\n|-damage|p1a: Goodra|182/265\n|-damage|p2a: Zapdos|238/265|[from] Recoil\n|\n|upkeep\n|turn|12\n|\n|t:|1781386716\n|switch|p2a: Mightyena|Mightyena, L96, F|290/290\n|-ability|p2a: Mightyena|Intimidate|boost\n|-unboost|p1a: Goodra|atk|1\n|move|p1a: Goodra|Draco Meteor|p2a: Mightyena\n|-damage|p2a: Mightyena|178/290\n|-unboost|p1a: Goodra|spa|2\n|\n|upkeep\n|turn|13\n|\n|t:|1781386729\n|move|p2a: Mightyena|Throat Chop|p1a: Goodra\n|-damage|p1a: Goodra|89/265\n|-start|p1a: Goodra|Throat Chop|[silent]\n|move|p1a: Goodra|Heavy Slam|p2a: Mightyena\n|-damage|p2a: Mightyena|99/290\n|\n|upkeep\n|turn|14\n|\n|t:|1781386742\n|move|p2a: Mightyena|Throat Chop|p1a: Goodra\n|-damage|p1a: Goodra|0 fnt\n|faint|p1a: Goodra\n|\n|upkeep\n|\n|t:|1781386744\n|switch|p1a: Leavanny|Leavanny, L86, F|269/269\n|turn|15\n|\n|t:|1781386757\n|move|p1a: Leavanny|Sticky Web|p2a: Mightyena\n|-sidestart|p2: Elite 4 Waally|move: Sticky Web\n|move|p2a: Mightyena|Poison Fang|p1a: Leavanny\n|-supereffective|p1a: Leavanny\n|-damage|p1a: Leavanny|185/269\n|-status|p1a: Leavanny|tox\n|\n|-damage|p1a: Leavanny|169/269 tox|[from] psn\n|upkeep\n|turn|16\n|l|\u2606Elite 4 Waally\n|inactive|Elite 4 Waally disconnected and has a minute to reconnect!\n|player|p2|\n|inactive|Elite 4 Waally has 30 seconds to reconnect!\n|inactive|Elite 4 Waally has 20 seconds to reconnect!\n|inactive|Elite 4 Waally has 15 seconds to reconnect!\n|inactive|Elite 4 Waally has 10 seconds to reconnect!\n|inactive|Elite 4 Waally has 5 seconds to reconnect!\n|-message|Elite 4 Waally lost due to inactivity.\n|\n|win|pipisniperz\n", "uploadtime": 1781386510, "views": 5, "formatid": "gen9randombattle", "rating": null, "private": 0, "password": null}