{"id": "gen9randombattle-2631451897", "format": "[Gen 9] Random Battle", "players": ["xd(new pc)", "schleeby"], "log": "|j|\u2606xd(new pc)\n|j|\u2606schleeby\n|t:|1781386353\n|gametype|singles\n|player|p1|xd(new pc)|flannery|1909\n|player|p2|schleeby|rosa|1908\n|gen|9\n|tier|[Gen 9] Random Battle\n|rated|\n|rule|Species Clause: Limit one of each Pok\u00e9mon\n|rule|HP Percentage Mod: HP is shown in percentages\n|rule|Sleep Clause Mod: Limit one foe put to sleep\n|rule|Illusion Level Mod: Illusion disguises the Pok\u00e9mon's true level\n|\n|t:|1781386353\n|teamsize|p1|6\n|teamsize|p2|6\n|start\n|switch|p1a: Jolteon|Jolteon, L84, F|246/246\n|switch|p2a: Banette|Banette, L93, F|270/270\n|turn|1\n|inactive|Battle timer is ON: inactive players will automatically lose when time's up. (requested by xd(new pc))\n|\n|t:|1781386376\n|move|p1a: Jolteon|Shadow Ball|p2a: Banette\n|-supereffective|p2a: Banette\n|-damage|p2a: Banette|70/270\n|move|p2a: Banette|Poltergeist|p1a: Jolteon\n|-activate|p1a: Jolteon|move: Poltergeist|Choice Specs\n|-damage|p1a: Jolteon|0 fnt\n|faint|p1a: Jolteon\n|-damage|p2a: Banette|43/270|[from] item: Life Orb\n|\n|upkeep\n|\n|t:|1781386385\n|switch|p1a: Scyther|Scyther, L82, M|249/249\n|turn|2\n|\n|t:|1781386406\n|switch|p2a: Bellibolt|Bellibolt, L84, F|320/320\n|move|p1a: Scyther|Dual Wingbeat|p2a: Bellibolt\n|-resisted|p2a: Bellibolt\n|-damage|p2a: Bellibolt|289/320\n|-start|p2a: Bellibolt|Charge|Dual Wingbeat|[from] ability: Electromorphosis\n|-resisted|p2a: Bellibolt\n|-damage|p2a: Bellibolt|259/320\n|-start|p2a: Bellibolt|Charge|Dual Wingbeat|[from] ability: Electromorphosis\n|-hitcount|p2a: Bellibolt|2\n|\n|-heal|p2a: Bellibolt|279/320|[from] item: Leftovers\n|upkeep\n|turn|3\n|\n|t:|1781386410\n|switch|p1a: Palossand|Palossand, L89, M|296/296\n|move|p2a: Bellibolt|Toxic|p1a: Palossand\n|-status|p1a: Palossand|tox\n|\n|-heal|p2a: Bellibolt|299/320|[from] item: Leftovers\n|-damage|p1a: Palossand|278/296 tox|[from] psn\n|upkeep\n|turn|4\n|\n|t:|1781386417\n|switch|p2a: Banette|Banette, L93, F|43/270\n|move|p1a: Palossand|Earth Power|p2a: Banette\n|-damage|p2a: Banette|0 fnt\n|faint|p2a: Banette\n|\n|-heal|p1a: Palossand|296/296 tox|[from] item: Leftovers\n|-damage|p1a: Palossand|260/296 tox|[from] psn\n|upkeep\n|\n|t:|1781386422\n|switch|p2a: Regice|Regice, L88|284/284\n|turn|5\n|\n|t:|1781386429\n|switch|p1a: Torkoal|Torkoal, L88, F|266/266\n|-weather|SunnyDay|[from] ability: Drought|[of] p1a: Torkoal\n|move|p2a: Regice|Ice Beam|p1a: Torkoal\n|-resisted|p1a: Torkoal\n|-damage|p1a: Torkoal|209/266\n|\n|-weather|SunnyDay|[upkeep]\n|upkeep\n|turn|6\n|\n|t:|1781386439\n|move|p2a: Regice|Thunderbolt|p1a: Torkoal\n|-damage|p1a: Torkoal|132/266\n|move|p1a: Torkoal|Fire Blast|p2a: Regice\n|-supereffective|p2a: Regice\n|-damage|p2a: Regice|102/284\n|\n|-weather|SunnyDay|[upkeep]\n|upkeep\n|turn|7\n|\n|t:|1781386457\n|move|p2a: Regice|Thunderbolt|p1a: Torkoal\n|-damage|p1a: Torkoal|46/266\n|move|p1a: Torkoal|Fire Blast|p2a: Regice|[miss]\n|-miss|p1a: Torkoal|p2a: Regice\n|\n|-weather|SunnyDay|[upkeep]\n|upkeep\n|turn|8\n|\n|t:|1781386461\n|move|p2a: Regice|Thunderbolt|p1a: Torkoal\n|-damage|p1a: Torkoal|0 fnt\n|faint|p1a: Torkoal\n|\n|-weather|SunnyDay|[upkeep]\n|upkeep\n|\n|t:|1781386463\n|switch|p1a: Scyther|Scyther, L82, M|249/249\n|turn|9\n|\n|t:|1781386468\n|switch|p2a: Bellibolt|Bellibolt, L84, F|299/320\n|move|p1a: Scyther|Close Combat|p2a: Bellibolt\n|-damage|p2a: Bellibolt|215/320\n|-unboost|p1a: Scyther|def|1\n|-unboost|p1a: Scyther|spd|1\n|-start|p2a: Bellibolt|Charge|Close Combat|[from] ability: Electromorphosis\n|\n|-weather|none\n|-heal|p2a: Bellibolt|235/320|[from] item: Leftovers\n|upkeep\n|turn|10\n|\n|t:|1781386475\n|switch|p1a: Quagsire|Quagsire, L84, F|297/297\n|switch|p2a: Regice|Regice, L88|102/284\n|\n|upkeep\n|turn|11\n|\n|t:|1781386480\n|move|p2a: Regice|Ice Beam|p1a: Quagsire\n|-damage|p1a: Quagsire|171/297\n|move|p1a: Quagsire|Toxic|p2a: Regice\n|-status|p2a: Regice|tox\n|\n|-heal|p1a: Quagsire|189/297|[from] item: Leftovers\n|-damage|p2a: Regice|85/284 tox|[from] psn\n|upkeep\n|turn|12\n|\n|t:|1781386484\n|move|p2a: Regice|Rest|p2a: Regice\n|-status|p2a: Regice|slp|[from] move: Rest\n|-heal|p2a: Regice|284/284 slp|[silent]\n|move|p1a: Quagsire|Spikes|p2a: Regice\n|-sidestart|p2: schleeby|Spikes\n|\n|-heal|p1a: Quagsire|207/297|[from] item: Leftovers\n|upkeep\n|turn|13\n|\n|t:|1781386488\n|switch|p2a: Tornadus|Tornadus-Therian, L79, M|254/254\n|move|p1a: Quagsire|Spikes|p2a: Tornadus\n|-sidestart|p2: schleeby|Spikes\n|\n|-heal|p1a: Quagsire|225/297|[from] item: Leftovers\n|upkeep\n|turn|14\n|\n|t:|1781386492\n|move|p2a: Tornadus|Bleakwind Storm|p1a: Quagsire\n|-damage|p1a: Quagsire|26/297\n|-unboost|p1a: Quagsire|spe|1\n|move|p1a: Quagsire|Toxic|p2a: Tornadus\n|-status|p2a: Tornadus|tox\n|\n|-heal|p1a: Quagsire|44/297|[from] item: Leftovers\n|-damage|p2a: Tornadus|239/254 tox|[from] psn\n|upkeep\n|turn|15\n|\n|t:|1781386497\n|switch|p1a: Palossand|Palossand, L89, M|260/296 tox\n|move|p2a: Tornadus|Bleakwind Storm|p1a: Palossand\n|-damage|p1a: Palossand|89/296 tox\n|\n|-heal|p1a: Palossand|107/296 tox|[from] item: Leftovers\n|-damage|p2a: Tornadus|209/254 tox|[from] psn\n|-damage|p1a: Palossand|89/296 tox|[from] psn\n|upkeep\n|turn|16\n|\n|t:|1781386500\n|move|p2a: Tornadus|Bleakwind Storm|p1a: Palossand\n|-damage|p1a: Palossand|0 fnt\n|faint|p1a: Palossand\n|\n|-damage|p2a: Tornadus|164/254 tox|[from] psn\n|upkeep\n|\n|t:|1781386502\n|switch|p1a: Crabominable|Crabominable, L90, F|321/321\n|turn|17\n|\n|t:|1781386508\n|switch|p2a: Regice|Regice, L88|284/284 slp\n|move|p1a: Crabominable|Ice Hammer|p2a: Regice\n|-resisted|p2a: Regice\n|-damage|p2a: Regice|161/284 slp\n|-unboost|p1a: Crabominable|spe|1\n|\n|upkeep\n|turn|18\n|\n|t:|1781386514\n|switch|p1a: Quagsire|Quagsire, L84, F|44/297\n|cant|p2a: Regice|slp\n|move|p2a: Regice|Sleep Talk|p2a: Regice\n|move|p2a: Regice|Thunderbolt|p1a: Quagsire|[from] move: Sleep Talk\n|-immune|p1a: Quagsire\n|\n|-heal|p1a: Quagsire|62/297|[from] item: Leftovers\n|upkeep\n|turn|19\n|\n|t:|1781386519\n|-terastallize|p1a: Quagsire|Steel\n|cant|p2a: Regice|slp\n|move|p2a: Regice|Sleep Talk|p2a: Regice\n|move|p2a: Regice|Ice Beam|p1a: Quagsire|[from] move: Sleep Talk\n|-resisted|p1a: Quagsire\n|-damage|p1a: Quagsire|0 fnt\n|faint|p1a: Quagsire\n|\n|upkeep\n|-message|xd(new pc) forfeited.\n|\n|win|schleeby\n", "uploadtime": 1781386355, "views": 4, "formatid": "gen9randombattle", "rating": null, "private": 0, "password": null}