{"id": "gen9randombattle-2631829734", "format": "[Gen 9] Random Battle", "players": ["Seumlard", "5th_Vision"], "log": "|j|\u2606Seumlard\n|j|\u26065th_Vision\n|t:|1781445500\n|gametype|singles\n|player|p1|Seumlard|265|1556\n|player|p2|5th_Vision|preschoolerf|1590\n|gen|9\n|tier|[Gen 9] Random Battle\n|rated|\n|rule|Species Clause: Limit one of each Pok\u00e9mon\n|rule|HP Percentage Mod: HP is shown in percentages\n|rule|Sleep Clause Mod: Limit one foe put to sleep\n|rule|Illusion Level Mod: Illusion disguises the Pok\u00e9mon's true level\n|\n|t:|1781445500\n|teamsize|p1|6\n|teamsize|p2|6\n|start\n|switch|p1a: Jolteon|Jolteon, L84, F|246/246\n|switch|p2a: Lapras|Lapras, L87, M|367/367\n|turn|1\n|inactive|Battle timer is ON: inactive players will automatically lose when time's up. (requested by Seumlard)\n|\n|t:|1781445526\n|-terastallize|p2a: Lapras|Ground\n|move|p1a: Jolteon|Substitute|p1a: Jolteon\n|-start|p1a: Jolteon|Substitute\n|-damage|p1a: Jolteon|185/246\n|move|p2a: Lapras|Earthquake|p1a: Jolteon\n|-supereffective|p1a: Jolteon\n|-end|p1a: Jolteon|Substitute\n|\n|-heal|p1a: Jolteon|200/246|[from] item: Leftovers\n|upkeep\n|turn|2\n|\n|t:|1781445551\n|switch|p1a: Mightyena|Mightyena, L96, F|290/290\n|-ability|p1a: Mightyena|Intimidate|boost\n|-unboost|p2a: Lapras|atk|1\n|move|p2a: Lapras|Icicle Spear|p1a: Mightyena\n|-crit|p1a: Mightyena\n|-damage|p1a: Mightyena|250/290\n|-damage|p1a: Mightyena|231/290\n|-damage|p1a: Mightyena|212/290\n|-damage|p1a: Mightyena|194/290\n|-damage|p1a: Mightyena|173/290\n|-hitcount|p1a: Mightyena|5\n|\n|-heal|p1a: Mightyena|191/290|[from] item: Leftovers\n|upkeep\n|turn|3\n|inactive|Seumlard has 120 seconds left.\n|inactive|5th_Vision has 120 seconds left.\n|\n|t:|1781445591\n|switch|p2a: Zarude|Zarude, L77|288/288\n|move|p1a: Mightyena|Throat Chop|p2a: Zarude\n|-resisted|p2a: Zarude\n|-crit|p2a: Zarude\n|-damage|p2a: Zarude|210/288\n|-start|p2a: Zarude|Throat Chop|[silent]\n|\n|-heal|p1a: Mightyena|209/290|[from] item: Leftovers\n|upkeep\n|turn|4\n|inactive|5th_Vision has 120 seconds left.\n|\n|t:|1781445601\n|move|p2a: Zarude|Close Combat|p1a: Mightyena\n|-supereffective|p1a: Mightyena\n|-damage|p1a: Mightyena|19/290\n|-unboost|p2a: Zarude|def|1\n|-unboost|p2a: Zarude|spd|1\n|move|p1a: Mightyena|Play Rough|p2a: Zarude\n|-supereffective|p2a: Zarude\n|-damage|p2a: Zarude|0 fnt\n|faint|p2a: Zarude\n|\n|-heal|p1a: Mightyena|37/290|[from] item: Leftovers\n|upkeep\n|inactive|5th_Vision has 120 seconds left.\n|\n|t:|1781445624\n|switch|p2a: Munkidori|Munkidori, L79, M|269/269\n|turn|5\n|inactive|Seumlard has 120 seconds left.\n|\n|t:|1781445649\n|switch|p1a: Jolteon|Jolteon, L84, F|200/246\n|move|p2a: Munkidori|Sludge Wave|p1a: Jolteon\n|-damage|p1a: Jolteon|92/246\n|\n|-heal|p1a: Jolteon|107/246|[from] item: Leftovers\n|upkeep\n|turn|6\n|inactive|Seumlard has 120 seconds left.\n|inactive|5th_Vision has 90 seconds left.\n|\n|t:|1781445690\n|switch|p2a: Lapras|Lapras, L87, M, tera:Ground|367/367\n|move|p1a: Jolteon|Calm Mind|p1a: Jolteon\n|-boost|p1a: Jolteon|spa|1\n|-boost|p1a: Jolteon|spd|1\n|\n|-heal|p1a: Jolteon|122/246|[from] item: Leftovers\n|upkeep\n|turn|7\n|inactive|Seumlard has 120 seconds left.\n|\n|t:|1781445701\n|-terastallize|p1a: Jolteon|Ice\n|move|p1a: Jolteon|Tera Blast|p2a: Lapras|[anim] Tera Blast Ice\n|-supereffective|p2a: Lapras\n|-damage|p2a: Lapras|121/367\n|move|p2a: Lapras|Dragon Dance|p2a: Lapras\n|-boost|p2a: Lapras|atk|1\n|-boost|p2a: Lapras|spe|1\n|\n|-heal|p1a: Jolteon|137/246|[from] item: Leftovers\n|upkeep\n|turn|8\n|inactive|5th_Vision has 60 seconds left.\n|\n|t:|1781445731\n|move|p1a: Jolteon|Tera Blast|p2a: Lapras|[anim] Tera Blast Ice\n|-supereffective|p2a: Lapras\n|-damage|p2a: Lapras|0 fnt\n|faint|p2a: Lapras\n|\n|-heal|p1a: Jolteon|152/246|[from] item: Leftovers\n|upkeep\n|inactive|5th_Vision has 60 seconds left.\n|\n|t:|1781445738\n|switch|p2a: Reshiram|Reshiram, L76|277/277\n|-ability|p2a: Reshiram|Turboblaze\n|turn|9\n|inactive|5th_Vision has 60 seconds left.\n|\n|t:|1781445748\n|move|p1a: Jolteon|Tera Blast|p2a: Reshiram|[anim] Tera Blast Ice\n|-damage|p2a: Reshiram|156/277\n|move|p2a: Reshiram|Blue Flare|p1a: Jolteon|[miss]\n|-miss|p2a: Reshiram|p1a: Jolteon\n|\n|-heal|p1a: Jolteon|167/246|[from] item: Leftovers\n|upkeep\n|turn|10\n|\n|t:|1781445755\n|move|p1a: Jolteon|Tera Blast|p2a: Reshiram|[anim] Tera Blast Ice\n|-damage|p2a: Reshiram|38/277\n|move|p2a: Reshiram|Blue Flare|p1a: Jolteon\n|-supereffective|p1a: Jolteon\n|-damage|p1a: Jolteon|0 fnt\n|faint|p1a: Jolteon\n|\n|upkeep\n|\n|t:|1781445765\n|switch|p1a: Luxray|Luxray, L88, F|283/283\n|turn|11\n|\n|t:|1781445774\n|move|p2a: Reshiram|Earth Power|p1a: Luxray\n|-supereffective|p1a: Luxray\n|-damage|p1a: Luxray|135/283\n|move|p1a: Luxray|Trailblaze|p2a: Reshiram\n|-resisted|p2a: Reshiram\n|-damage|p2a: Reshiram|27/277\n|-boost|p1a: Luxray|spe|1\n|\n|-status|p1a: Luxray|brn|[from] item: Flame Orb\n|upkeep\n|turn|12\n|\n|t:|1781445788\n|move|p1a: Luxray|Facade|p2a: Reshiram\n|-damage|p2a: Reshiram|0 fnt\n|faint|p2a: Reshiram\n|\n|-damage|p1a: Luxray|118/283 brn|[from] brn\n|upkeep\n|inactive|5th_Vision has 60 seconds left.\n|\n|t:|1781445826\n|switch|p2a: Munkidori|Munkidori, L79, M|269/269\n|turn|13\n|\n|t:|1781445833\n|move|p2a: Munkidori|Fake Out|p1a: Luxray\n|-damage|p1a: Luxray|96/283 brn\n|cant|p1a: Luxray|flinch\n|\n|-damage|p1a: Luxray|79/283 brn|[from] brn\n|upkeep\n|turn|14\n|inactive|5th_Vision has 60 seconds left.\n|\n|t:|1781445862\n|switch|p2a: Magearna|Magearna, L77|250/250\n|move|p1a: Luxray|Facade|p2a: Magearna\n|-resisted|p2a: Magearna\n|-damage|p2a: Magearna|159/250\n|\n|-heal|p2a: Magearna|174/250|[from] item: Leftovers\n|-damage|p1a: Luxray|62/283 brn|[from] brn\n|upkeep\n|turn|15\n|\n|t:|1781445878\n|move|p1a: Luxray|Supercell Slam|p2a: Magearna|[miss]\n|-miss|p1a: Luxray|p2a: Magearna\n|-damage|p1a: Luxray|0 fnt|[from] supercellslam\n|faint|p1a: Luxray\n|-ability|p2a: Magearna|Soul-Heart|boost\n|-boost|p2a: Magearna|spa|1\n|move|p2a: Magearna|Aura Sphere|p1: Luxray|[notarget]\n|-fail|p2a: Magearna\n|\n|-heal|p2a: Magearna|189/250|[from] item: Leftovers\n|upkeep\n|\n|t:|1781445891\n|switch|p1a: Heracross|Heracross, L80, F|259/259\n|turn|16\n|\n|t:|1781445905\n|move|p1a: Heracross|Knock Off|p2a: Magearna\n|-resisted|p2a: Magearna\n|-damage|p2a: Magearna|156/250\n|-enditem|p2a: Magearna|Leftovers|[from] move: Knock Off|[of] p1a: Heracross\n|move|p2a: Magearna|Fleur Cannon|p1a: Heracross\n|-supereffective|p1a: Heracross\n|-damage|p1a: Heracross|0 fnt\n|-unboost|p2a: Magearna|spa|2\n|faint|p1a: Heracross\n|-ability|p2a: Magearna|Soul-Heart|boost\n|-boost|p2a: Magearna|spa|1\n|\n|upkeep\n|\n|t:|1781445918\n|switch|p1a: Necrozma|Necrozma, L80|286/286\n|turn|17\n|\n|t:|1781445943\n|move|p1a: Necrozma|Swords Dance|p1a: Necrozma\n|-boost|p1a: Necrozma|atk|2\n|move|p2a: Magearna|Flash Cannon|p1a: Necrozma\n|-damage|p1a: Necrozma|189/286\n|\n|upkeep\n|turn|18\n|\n|t:|1781445953\n|move|p1a: Necrozma|Earthquake|p2a: Magearna\n|-supereffective|p2a: Magearna\n|-damage|p2a: Magearna|0 fnt\n|faint|p2a: Magearna\n|-damage|p1a: Necrozma|161/286|[from] item: Life Orb\n|\n|upkeep\n|\n|t:|1781445962\n|switch|p2a: Munkidori|Munkidori, L79, M|269/269\n|turn|19\n|\n|t:|1781445970\n|move|p2a: Munkidori|Fake Out|p1a: Necrozma\n|-damage|p1a: Necrozma|142/286\n|cant|p1a: Necrozma|flinch\n|\n|upkeep\n|turn|20\n|\n|t:|1781445981\n|move|p2a: Munkidori|Sludge Wave|p1a: Necrozma\n|-damage|p1a: Necrozma|18/286\n|-status|p1a: Necrozma|psn\n|move|p1a: Necrozma|Earthquake|p2a: Munkidori\n|-supereffective|p2a: Munkidori\n|-damage|p2a: Munkidori|0 fnt\n|faint|p2a: Munkidori\n|-damage|p1a: Necrozma|0 fnt|[from] item: Life Orb\n|faint|p1a: Necrozma\n|\n|upkeep\n|\n|t:|1781445991\n|switch|p2a: Cloyster|Cloyster, L80, M|211/211\n|switch|p1a: Mightyena|Mightyena, L96, F|37/290\n|-ability|p1a: Mightyena|Intimidate|boost\n|-unboost|p2a: Cloyster|atk|1\n|-enditem|p2a: Cloyster|White Herb\n|-clearnegativeboost|p2a: Cloyster|[silent]\n|turn|21\n|\n|t:|1781446002\n|move|p1a: Mightyena|Taunt|p2a: Cloyster\n|-start|p2a: Cloyster|move: Taunt\n|cant|p2a: Cloyster|move: Taunt|Shell Smash\n|\n|-heal|p1a: Mightyena|55/290|[from] item: Leftovers\n|upkeep\n|turn|22\n|\n|t:|1781446015\n|move|p1a: Mightyena|Throat Chop|p2a: Cloyster\n|-damage|p2a: Cloyster|147/211\n|-start|p2a: Cloyster|Throat Chop|[silent]\n|move|p2a: Cloyster|Icicle Spear|p1a: Mightyena\n|-damage|p1a: Mightyena|30/290\n|-damage|p1a: Mightyena|3/290\n|-damage|p1a: Mightyena|0 fnt\n|faint|p1a: Mightyena\n|-hitcount|p1: Mightyena|3\n|\n|upkeep\n|\n|t:|1781446024\n|switch|p1a: Mandibuzz|Mandibuzz, L85, F|326/326\n|turn|23\n|\n|t:|1781446035\n|move|p1a: Mandibuzz|Toxic|p2a: Cloyster\n|-status|p2a: Cloyster|tox\n|move|p2a: Cloyster|Icicle Spear|p1a: Mandibuzz\n|-supereffective|p1a: Mandibuzz\n|-damage|p1a: Mandibuzz|282/326\n|-supereffective|p1a: Mandibuzz\n|-damage|p1a: Mandibuzz|238/326\n|-supereffective|p1a: Mandibuzz\n|-damage|p1a: Mandibuzz|200/326\n|-supereffective|p1a: Mandibuzz\n|-damage|p1a: Mandibuzz|156/326\n|-supereffective|p1a: Mandibuzz\n|-damage|p1a: Mandibuzz|118/326\n|-hitcount|p1a: Mandibuzz|5\n|\n|-damage|p2a: Cloyster|134/211 tox|[from] psn\n|-end|p2a: Cloyster|move: Taunt\n|-end|p2a: Cloyster|Throat Chop|[silent]\n|upkeep\n|turn|24\n|\n|t:|1781446062\n|move|p1a: Mandibuzz|Brave Bird|p2a: Cloyster\n|-damage|p2a: Cloyster|79/211 tox\n|-damage|p1a: Mandibuzz|100/326|[from] Recoil\n|move|p2a: Cloyster|Shell Smash|p2a: Cloyster\n|-unboost|p2a: Cloyster|def|1\n|-unboost|p2a: Cloyster|spd|1\n|-boost|p2a: Cloyster|atk|2\n|-boost|p2a: Cloyster|spa|2\n|-boost|p2a: Cloyster|spe|2\n|\n|-damage|p2a: Cloyster|53/211 tox|[from] psn\n|upkeep\n|turn|25\n|\n|t:|1781446073\n|move|p2a: Cloyster|Icicle Spear|p1a: Mandibuzz\n|-supereffective|p1a: Mandibuzz\n|-damage|p1a: Mandibuzz|8/326\n|-supereffective|p1a: Mandibuzz\n|-damage|p1a: Mandibuzz|0 fnt\n|faint|p1a: Mandibuzz\n|-hitcount|p1: Mandibuzz|2\n|\n|win|5th_Vision\n|raw|Seumlard's rating: 1556 &rarr; <strong>1538</strong><br />(-18 for losing)\n|raw|5th_Vision's rating: 1590 &rarr; <strong>1608</strong><br />(+18 for winning)\n|l|\u2606Seumlard\n|player|p1|\n", "uploadtime": 1781446079, "views": 2, "formatid": "gen9randombattle", "rating": 1538, "private": 0, "password": null}