{"id": "gen9randombattle-2631738473", "format": "[Gen 9] Random Battle", "players": ["FantasyWind", "zhuoshuai"], "log": "|j|\u203dFantasyWind\n|j|\u2606zhuoshuai\n|t:|1781431529\n|gametype|singles\n|player|p1|FantasyWind|rosa|1992\n|player|p2|zhuoshuai|dawn|2085\n|gen|9\n|tier|[Gen 9] Random Battle\n|rated|\n|rule|Species Clause: Limit one of each Pok\u00e9mon\n|rule|HP Percentage Mod: HP is shown in percentages\n|rule|Sleep Clause Mod: Limit one foe put to sleep\n|rule|Illusion Level Mod: Illusion disguises the Pok\u00e9mon's true level\n|\n|t:|1781431529\n|teamsize|p1|6\n|teamsize|p2|6\n|start\n|switch|p1a: Regice|Regice, L88|284/284\n|switch|p2a: Lurantis|Lurantis, L87, M|264/264\n|turn|1\n|inactive|Battle timer is ON: inactive players will automatically lose when time's up. (requested by FantasyWind)\n|\n|t:|1781431543\n|move|p1a: Regice|Ice Beam|p2a: Lurantis\n|-supereffective|p2a: Lurantis\n|-damage|p2a: Lurantis|120/264\n|move|p2a: Lurantis|Superpower|p1a: Regice\n|-supereffective|p1a: Regice\n|-damage|p1a: Regice|106/284\n|-boost|p2a: Lurantis|atk|1\n|-boost|p2a: Lurantis|def|1\n|\n|upkeep\n|turn|2\n|\n|t:|1781431558\n|-terastallize|p2a: Lurantis|Steel\n|move|p1a: Regice|Ice Beam|p2a: Lurantis\n|-resisted|p2a: Lurantis\n|-damage|p2a: Lurantis|87/264\n|move|p2a: Lurantis|Leech Life|p1a: Regice\n|-damage|p1a: Regice|20/284\n|-heal|p2a: Lurantis|130/264|[from] drain|[of] p1a: Regice\n|\n|upkeep\n|turn|3\n|\n|t:|1781431565\n|move|p1a: Regice|Thunderbolt|p2a: Lurantis\n|-damage|p2a: Lurantis|86/264\n|move|p2a: Lurantis|Superpower|p1a: Regice\n|-supereffective|p1a: Regice\n|-damage|p1a: Regice|0 fnt\n|-boost|p2a: Lurantis|atk|1\n|-boost|p2a: Lurantis|def|1\n|faint|p1a: Regice\n|\n|upkeep\n|\n|t:|1781431570\n|switch|p1a: Magmortar|Magmortar, L88, F|275/275\n|turn|4\n|\n|t:|1781431581\n|switch|p2a: Swampert|Swampert, L83, M|302/302\n|move|p1a: Magmortar|Fire Blast|p2a: Swampert\n|-resisted|p2a: Swampert\n|-damage|p2a: Swampert|219/302\n|\n|-heal|p2a: Swampert|237/302|[from] item: Leftovers\n|upkeep\n|turn|5\n|\n|t:|1781431590\n|switch|p1a: Cresselia|Cresselia, L80, F|323/323\n|move|p2a: Swampert|Knock Off|p1a: Cresselia\n|-supereffective|p1a: Cresselia\n|-damage|p1a: Cresselia|185/323\n|-enditem|p1a: Cresselia|Leftovers|[from] move: Knock Off|[of] p2a: Swampert\n|\n|-heal|p2a: Swampert|255/302|[from] item: Leftovers\n|upkeep\n|turn|6\n|\n|t:|1781431597\n|move|p1a: Cresselia|Calm Mind|p1a: Cresselia\n|-boost|p1a: Cresselia|spa|1\n|-boost|p1a: Cresselia|spd|1\n|move|p2a: Swampert|Flip Turn|p1a: Cresselia\n|-damage|p1a: Cresselia|127/323\n|\n|t:|1781431599\n|switch|p2a: Lurantis|Lurantis, L87, M, tera:Steel|86/264|[from] Flip Turn\n|\n|upkeep\n|turn|7\n|\n|t:|1781431605\n|switch|p1a: Magmortar|Magmortar, L88, F|275/275\n|move|p2a: Lurantis|Leech Life|p1a: Magmortar\n|-resisted|p1a: Magmortar\n|-damage|p1a: Magmortar|236/275\n|-heal|p2a: Lurantis|106/264|[from] drain|[of] p1a: Magmortar\n|-status|p2a: Lurantis|brn|[from] ability: Flame Body|[of] p1a: Magmortar\n|\n|-damage|p2a: Lurantis|90/264 brn|[from] brn\n|upkeep\n|turn|8\n|\n|t:|1781431612\n|move|p1a: Magmortar|Scorching Sands|p2a: Lurantis\n|-supereffective|p2a: Lurantis\n|-damage|p2a: Lurantis|4/264 brn\n|move|p2a: Lurantis|Knock Off|p1a: Magmortar\n|-damage|p1a: Magmortar|193/275\n|-enditem|p1a: Magmortar|Heavy-Duty Boots|[from] move: Knock Off|[of] p2a: Lurantis\n|\n|-damage|p2a: Lurantis|0 fnt|[from] brn\n|faint|p2a: Lurantis\n|upkeep\n|\n|t:|1781431621\n|switch|p2a: Lumineon|Lumineon, L93, F|279/279\n|turn|9\n|\n|t:|1781431629\n|switch|p1a: Eternatus|Eternatus, L69|308/308\n|-ability|p1a: Eternatus|Pressure\n|move|p2a: Lumineon|Hydro Pump|p1a: Eternatus\n|-resisted|p1a: Eternatus\n|-damage|p1a: Eternatus|245/308\n|\n|upkeep\n|turn|10\n|\n|t:|1781431636\n|move|p2a: Lumineon|Ice Beam|p1a: Eternatus\n|-supereffective|p1a: Eternatus\n|-damage|p1a: Eternatus|95/308\n|move|p1a: Eternatus|Sludge Bomb|p2a: Lumineon\n|-damage|p2a: Lumineon|189/279\n|-status|p2a: Lumineon|psn\n|\n|-damage|p2a: Lumineon|155/279 psn|[from] psn\n|upkeep\n|turn|11\n|\n|t:|1781431642\n|move|p2a: Lumineon|Ice Beam|p1a: Eternatus\n|-supereffective|p1a: Eternatus\n|-damage|p1a: Eternatus|0 fnt\n|faint|p1a: Eternatus\n|\n|-damage|p2a: Lumineon|121/279 psn|[from] psn\n|upkeep\n|\n|t:|1781431645\n|switch|p1a: Cresselia|Cresselia, L80, F|127/323\n|turn|12\n|\n|t:|1781431652\n|move|p2a: Lumineon|U-turn|p1a: Cresselia\n|-supereffective|p1a: Cresselia\n|-damage|p1a: Cresselia|37/323\n|\n|t:|1781431654\n|switch|p2a: Scyther|Scyther, L82, M|249/249|[from] U-turn\n|move|p1a: Cresselia|Moonlight|p1a: Cresselia\n|-heal|p1a: Cresselia|198/323\n|\n|upkeep\n|turn|13\n|\n|t:|1781431658\n|switch|p1a: Magmortar|Magmortar, L88, F|193/275\n|move|p2a: Scyther|U-turn|p1a: Magmortar\n|-resisted|p1a: Magmortar\n|-damage|p1a: Magmortar|146/275\n|\n|t:|1781431669\n|switch|p2a: Indeedee|Indeedee, L84, M|238/238|[from] U-turn\n|-fieldstart|move: Psychic Terrain|[from] ability: Psychic Surge|[of] p2a: Indeedee\n|\n|upkeep\n|turn|14\n|\n|t:|1781431682\n|move|p2a: Indeedee|Calm Mind|p2a: Indeedee\n|-boost|p2a: Indeedee|spa|1\n|-boost|p2a: Indeedee|spd|1\n|move|p1a: Magmortar|Fire Blast|p2a: Indeedee\n|-damage|p2a: Indeedee|138/238\n|\n|upkeep\n|turn|15\n|\n|t:|1781431686\n|move|p2a: Indeedee|Expanding Force|p1a: Magmortar\n|-damage|p1a: Magmortar|0 fnt\n|faint|p1a: Magmortar\n|-damage|p2a: Indeedee|115/238|[from] item: Life Orb\n|\n|upkeep\n|\n|t:|1781431696\n|switch|p1a: Cresselia|Cresselia, L80, F|198/323\n|turn|16\n|\n|t:|1781431699\n|move|p2a: Indeedee|Hyper Voice|p1a: Cresselia\n|-damage|p1a: Cresselia|41/323\n|-damage|p2a: Indeedee|92/238|[from] item: Life Orb\n|move|p1a: Cresselia|Moonlight|p1a: Cresselia\n|-heal|p1a: Cresselia|202/323\n|\n|upkeep\n|turn|17\n|\n|t:|1781431704\n|switch|p2a: Scyther|Scyther, L82, M|249/249\n|move|p1a: Cresselia|Moonlight|p1a: Cresselia\n|-heal|p1a: Cresselia|323/323\n|\n|-fieldend|move: Psychic Terrain\n|upkeep\n|turn|18\n|\n|t:|1781431710\n|switch|p1a: Minior|Minior-Indigo, L79|224/224\n|-formechange|p1a: Minior|Minior-Meteor||[from] ability: Shields Down\n|move|p2a: Scyther|U-turn|p1a: Minior\n|-resisted|p1a: Minior\n|-damage|p1a: Minior|186/224\n|\n|t:|1781431722\n|switch|p2a: Swampert|Swampert, L83, M|255/302|[from] U-turn\n|\n|-heal|p2a: Swampert|273/302|[from] item: Leftovers\n|upkeep\n|turn|19\n|\n|t:|1781431729\n|move|p2a: Swampert|Knock Off|p1a: Minior\n|-damage|p1a: Minior|118/224\n|-enditem|p1a: Minior|White Herb|[from] move: Knock Off|[of] p2a: Swampert\n|move|p1a: Minior|Shell Smash|p1a: Minior\n|-unboost|p1a: Minior|def|1\n|-unboost|p1a: Minior|spd|1\n|-boost|p1a: Minior|atk|2\n|-boost|p1a: Minior|spa|2\n|-boost|p1a: Minior|spe|2\n|\n|-heal|p2a: Swampert|291/302|[from] item: Leftovers\n|upkeep\n|turn|20\n|\n|t:|1781431742\n|-terastallize|p1a: Minior|Flying\n|move|p1a: Minior|Acrobatics|p2a: Swampert\n|-damage|p2a: Swampert|105/302\n|move|p2a: Swampert|Flip Turn|p1a: Minior\n|-damage|p1a: Minior|18/224\n|\n|t:|1781431758\n|switch|p2a: Seviper|Seviper, L93, M|287/287|[from] Flip Turn\n|\n|-formechange|p1a: Minior|Minior-Indigo||[from] ability: Shields Down\n|upkeep\n|turn|21\n|\n|t:|1781431773\n|move|p1a: Minior|Earthquake|p2a: Seviper\n|-supereffective|p2a: Seviper\n|-damage|p2a: Seviper|5/287\n|move|p2a: Seviper|Trailblaze|p1a: Minior\n|-resisted|p1a: Minior\n|-damage|p1a: Minior|0 fnt\n|-boost|p2a: Seviper|spe|1\n|faint|p1a: Minior\n|\n|-heal|p2a: Seviper|22/287|[from] item: Leftovers\n|upkeep\n|\n|t:|1781431777\n|switch|p1a: Cresselia|Cresselia, L80, F|323/323\n|turn|22\n|\n|t:|1781431784\n|move|p2a: Seviper|Gunk Shot|p1a: Cresselia\n|-damage|p1a: Cresselia|191/323\n|move|p1a: Cresselia|Psyshock|p2a: Seviper\n|-supereffective|p2a: Seviper\n|-damage|p2a: Seviper|0 fnt\n|faint|p2a: Seviper\n|\n|upkeep\n|\n|t:|1781431787\n|switch|p2a: Scyther|Scyther, L82, M|249/249\n|turn|23\n|\n|t:|1781431789\n|move|p2a: Scyther|U-turn|p1a: Cresselia\n|-supereffective|p1a: Cresselia\n|-damage|p1a: Cresselia|45/323\n|\n|t:|1781431796\n|switch|p2a: Swampert|Swampert, L83, M|105/302|[from] U-turn\n|move|p1a: Cresselia|Moonlight|p1a: Cresselia\n|-heal|p1a: Cresselia|206/323\n|\n|-heal|p2a: Swampert|123/302|[from] item: Leftovers\n|upkeep\n|turn|24\n|\n|t:|1781431801\n|move|p1a: Cresselia|Calm Mind|p1a: Cresselia\n|-boost|p1a: Cresselia|spa|1\n|-boost|p1a: Cresselia|spd|1\n|move|p2a: Swampert|Yawn|p1a: Cresselia\n|-start|p1a: Cresselia|move: Yawn|[of] p2a: Swampert\n|\n|-heal|p2a: Swampert|141/302|[from] item: Leftovers\n|upkeep\n|turn|25\n|\n|t:|1781431805\n|move|p1a: Cresselia|Psyshock|p2a: Swampert\n|-damage|p2a: Swampert|41/302\n|move|p2a: Swampert|Flip Turn|p1a: Cresselia\n|-damage|p1a: Cresselia|112/323\n|\n|t:|1781431808\n|switch|p2a: Scyther|Scyther, L82, M|249/249|[from] Flip Turn\n|\n|-end|p1a: Cresselia|move: Yawn|[silent]\n|-status|p1a: Cresselia|slp\n|upkeep\n|turn|26\n|\n|t:|1781431810\n|move|p2a: Scyther|U-turn|p1a: Cresselia\n|-supereffective|p1a: Cresselia\n|-damage|p1a: Cresselia|0 fnt\n|faint|p1a: Cresselia\n|\n|t:|1781431813\n|switch|p2a: Swampert|Swampert, L83, M|41/302|[from] U-turn\n|\n|-heal|p2a: Swampert|59/302|[from] item: Leftovers\n|upkeep\n|\n|t:|1781431816\n|switch|p1a: Walking Wake|Walking Wake, L79|286/286\n|turn|27\n|\n|t:|1781431820\n|move|p1a: Walking Wake|Sunny Day|p1a: Walking Wake\n|-weather|SunnyDay\n|-activate|p1a: Walking Wake|ability: Protosynthesis\n|-start|p1a: Walking Wake|protosynthesisspa\n|move|p2a: Swampert|Yawn|p1a: Walking Wake\n|-start|p1a: Walking Wake|move: Yawn|[of] p2a: Swampert\n|\n|-weather|SunnyDay|[upkeep]\n|-heal|p2a: Swampert|77/302|[from] item: Leftovers\n|upkeep\n|turn|28\n|\n|t:|1781431824\n|move|p1a: Walking Wake|Hydro Steam|p2a: Swampert\n|-damage|p2a: Swampert|0 fnt\n|faint|p2a: Swampert\n|-damage|p1a: Walking Wake|258/286|[from] item: Life Orb\n|\n|-weather|SunnyDay|[upkeep]\n|-end|p1a: Walking Wake|move: Yawn|[silent]\n|-status|p1a: Walking Wake|slp\n|upkeep\n|\n|t:|1781431830\n|switch|p2a: Indeedee|Indeedee, L84, M|92/238\n|-fieldstart|move: Psychic Terrain|[from] ability: Psychic Surge|[of] p2a: Indeedee\n|turn|29\n|\n|t:|1781431835\n|cant|p1a: Walking Wake|slp\n|move|p2a: Indeedee|Expanding Force|p1a: Walking Wake\n|-damage|p1a: Walking Wake|3/286 slp\n|-damage|p2a: Indeedee|69/238|[from] item: Life Orb\n|\n|-weather|SunnyDay|[upkeep]\n|upkeep\n|turn|30\n|\n|t:|1781431837\n|cant|p1a: Walking Wake|slp\n|move|p2a: Indeedee|Expanding Force|p1a: Walking Wake\n|-damage|p1a: Walking Wake|0 fnt\n|faint|p1a: Walking Wake\n|-end|p1a: Walking Wake|Protosynthesis|[silent]\n|-damage|p2a: Indeedee|46/238|[from] item: Life Orb\n|\n|win|zhuoshuai\n", "uploadtime": 1781431531, "views": 3, "formatid": "gen9randombattle", "rating": null, "private": 0, "password": null}