{"id": "gen9randombattle-2631731776", "format": "[Gen 9] Random Battle", "players": ["Kartak", "drewlyng"], "log": "|j|\u2606Kartak\n|j|\u2606drewlyng\n|t:|1781430307\n|gametype|singles\n|player|p1|Kartak|169|1235\n|player|p2|drewlyng|101|1229\n|gen|9\n|tier|[Gen 9] Random Battle\n|rated|\n|rule|Species Clause: Limit one of each Pok\u00e9mon\n|rule|HP Percentage Mod: HP is shown in percentages\n|rule|Sleep Clause Mod: Limit one foe put to sleep\n|rule|Illusion Level Mod: Illusion disguises the Pok\u00e9mon's true level\n|\n|t:|1781430307\n|teamsize|p1|6\n|teamsize|p2|6\n|start\n|switch|p1a: Tauros|Tauros-Paldea-Blaze, L81, M|254/254\n|switch|p2a: Ribombee|Ribombee, L83, M|235/235\n|-ability|p1a: Tauros|Intimidate|boost\n|-unboost|p2a: Ribombee|atk|1\n|turn|1\n|inactive|Battle timer is ON: inactive players will automatically lose when time's up. (requested by Kartak)\n|\n|t:|1781430336\n|move|p2a: Ribombee|U-turn|p1a: Tauros\n|-resisted|p1a: Tauros\n|-damage|p1a: Tauros|247/254\n|\n|t:|1781430340\n|switch|p2a: Golem|Golem-Alola, L93, M|300/300|[from] U-turn\n|move|p1a: Tauros|Stone Edge|p2a: Golem\n|-damage|p2a: Golem|229/300\n|\n|upkeep\n|turn|2\n|inactive|Kartak has 120 seconds left.\n|\n|t:|1781430374\n|switch|p1a: Vileplume|Vileplume, L85, F|266/266\n|move|p2a: Golem|Earthquake|p1a: Vileplume\n|-damage|p1a: Vileplume|114/266\n|\n|-heal|p1a: Vileplume|130/266|[from] item: Leftovers\n|upkeep\n|turn|3\n|\n|t:|1781430380\n|move|p2a: Golem|Earthquake|p1a: Vileplume\n|-damage|p1a: Vileplume|0 fnt\n|faint|p1a: Vileplume\n|\n|upkeep\n|\n|t:|1781430383\n|switch|p1a: Glimmora|Glimmora, L75, F|248/248\n|-item|p1a: Glimmora|Air Balloon\n|turn|4\n|\n|t:|1781430393\n|switch|p2a: Metagross|Metagross, L79|256/256\n|move|p1a: Glimmora|Earth Power|p2a: Metagross\n|-supereffective|p2a: Metagross\n|-damage|p2a: Metagross|110/256\n|-enditem|p2a: Metagross|Weakness Policy\n|-boost|p2a: Metagross|atk|2|[from] item: Weakness Policy\n|-boost|p2a: Metagross|spa|2|[from] item: Weakness Policy\n|\n|upkeep\n|turn|5\n|\n|t:|1781430404\n|move|p1a: Glimmora|Earth Power|p2a: Metagross\n|-supereffective|p2a: Metagross\n|-damage|p2a: Metagross|0 fnt\n|faint|p2a: Metagross\n|\n|upkeep\n|inactive|drewlyng has 120 seconds left.\n|\n|t:|1781430458\n|switch|p2a: Golem|Golem-Alola, L93, M|229/300\n|turn|6\n|\n|t:|1781430470\n|-terastallize|p2a: Golem|Grass\n|move|p1a: Glimmora|Earth Power|p2a: Golem\n|-resisted|p2a: Golem\n|-damage|p2a: Golem|192/300\n|move|p2a: Golem|Explosion|p1a: Glimmora\n|-damage|p1a: Glimmora|0 fnt\n|-activate|p1a: Glimmora|ability: Toxic Debris\n|-sidestart|p2: drewlyng|move: Toxic Spikes\n|-enditem|p1a: Glimmora|Air Balloon\n|faint|p2a: Golem\n|faint|p1a: Glimmora\n|\n|upkeep\n|inactive|drewlyng has 90 seconds left.\n|\n|t:|1781430489\n|switch|p1a: Drednaw|Drednaw, L81, M|278/278\n|switch|p2a: Hitmontop|Hitmontop, L88, M|231/231\n|-status|p2a: Hitmontop|psn\n|turn|7\n|\n|t:|1781430508\n|move|p2a: Hitmontop|Rapid Spin|p1a: Drednaw\n|-resisted|p1a: Drednaw\n|-damage|p1a: Drednaw|247/278\n|-boost|p2a: Hitmontop|spe|1\n|-sideend|p2: drewlyng|Toxic Spikes|[from] move: Rapid Spin|[of] p2a: Hitmontop\n|move|p1a: Drednaw|Shell Smash|p1a: Drednaw\n|-unboost|p1a: Drednaw|def|1\n|-unboost|p1a: Drednaw|spd|1\n|-boost|p1a: Drednaw|atk|2\n|-boost|p1a: Drednaw|spa|2\n|-boost|p1a: Drednaw|spe|2\n|-enditem|p1a: Drednaw|White Herb\n|-clearnegativeboost|p1a: Drednaw|[silent]\n|\n|-damage|p2a: Hitmontop|203/231 psn|[from] psn\n|upkeep\n|turn|8\n|inactive|Kartak has 120 seconds left.\n|\n|t:|1781430527\n|move|p1a: Drednaw|Earthquake|p2a: Hitmontop\n|-damage|p2a: Hitmontop|63/231 psn\n|move|p2a: Hitmontop|Close Combat|p1a: Drednaw\n|-supereffective|p1a: Drednaw\n|-damage|p1a: Drednaw|0 fnt\n|-unboost|p2a: Hitmontop|def|1\n|-unboost|p2a: Hitmontop|spd|1\n|faint|p1a: Drednaw\n|\n|-heal|p2a: Hitmontop|77/231 psn|[from] item: Leftovers\n|-damage|p2a: Hitmontop|49/231 psn|[from] psn\n|upkeep\n|inactive|Kartak has 120 seconds left.\n|\n|t:|1781430550\n|switch|p1a: Tauros|Tauros-Paldea-Blaze, L81, M|247/254\n|-ability|p1a: Tauros|Intimidate|boost\n|-unboost|p2a: Hitmontop|atk|1\n|turn|9\n|inactive|drewlyng has 90 seconds left.\n|inactive|Kartak has 90 seconds left.\n|\n|t:|1781430585\n|move|p2a: Hitmontop|Close Combat|p1a: Tauros\n|-damage|p1a: Tauros|169/254\n|-unboost|p2a: Hitmontop|def|1\n|-unboost|p2a: Hitmontop|spd|1\n|move|p1a: Tauros|Flare Blitz|p2a: Hitmontop\n|-damage|p2a: Hitmontop|0 fnt\n|faint|p2a: Hitmontop\n|-damage|p1a: Tauros|153/254|[from] Recoil\n|\n|upkeep\n|\n|t:|1781430606\n|switch|p2a: Ribombee|Ribombee, L83, M|235/235\n|turn|10\n|\n|t:|1781430609\n|move|p2a: Ribombee|Sticky Web|p1a: Tauros\n|-sidestart|p1: Kartak|move: Sticky Web\n|move|p1a: Tauros|Flare Blitz|p2a: Ribombee\n|-supereffective|p2a: Ribombee\n|-enditem|p2a: Ribombee|Focus Sash\n|-damage|p2a: Ribombee|1/235\n|-damage|p1a: Tauros|76/254|[from] Recoil\n|\n|upkeep\n|turn|11\n|\n|t:|1781430627\n|move|p2a: Ribombee|U-turn|p1a: Tauros\n|-resisted|p1a: Tauros\n|-damage|p1a: Tauros|65/254\n|\n|t:|1781430630\n|switch|p2a: Cloyster|Cloyster, L80, M|211/211|[from] U-turn\n|move|p1a: Tauros|Flare Blitz|p2a: Cloyster\n|-damage|p2a: Cloyster|102/211\n|-damage|p1a: Tauros|29/254|[from] Recoil\n|\n|upkeep\n|turn|12\n|\n|t:|1781430649\n|move|p1a: Tauros|Flare Blitz|p2a: Cloyster\n|-damage|p2a: Cloyster|0 fnt\n|faint|p2a: Cloyster\n|-damage|p1a: Tauros|0 fnt|[from] Recoil\n|faint|p1a: Tauros\n|\n|upkeep\n|inactive|Kartak has 120 seconds left.\n|\n|t:|1781430660\n|switch|p1a: Giratina|Giratina, L75|349/349\n|switch|p2a: Squawkabilly|Squawkabilly-Blue, L85, F|278/278\n|-activate|p1a: Giratina|move: Sticky Web\n|-unboost|p1a: Giratina|spe|1\n|-ability|p1a: Giratina|Pressure\n|turn|13\n|inactive|Kartak has 120 seconds left.\n|\n|t:|1781430677\n|move|p2a: Squawkabilly|U-turn|p1a: Giratina\n|-resisted|p1a: Giratina\n|-damage|p1a: Giratina|328/349\n|\n|t:|1781430679\n|switch|p2a: Ribombee|Ribombee, L83, M|1/235|[from] U-turn\n|move|p1a: Giratina|Dragon Pulse|p2a: Ribombee\n|-immune|p2a: Ribombee\n|\n|-heal|p1a: Giratina|349/349|[from] item: Leftovers\n|upkeep\n|turn|14\n|inactive|Kartak has 120 seconds left.\n|\n|t:|1781430691\n|-terastallize|p1a: Giratina|Fairy\n|move|p2a: Ribombee|U-turn|p1a: Giratina\n|-resisted|p1a: Giratina\n|-damage|p1a: Giratina|326/349\n|\n|t:|1781430696\n|switch|p2a: Squawkabilly|Squawkabilly-Blue, L85, F|278/278|[from] U-turn\n|move|p1a: Giratina|Rest|p1a: Giratina\n|-status|p1a: Giratina|slp|[from] move: Rest\n|-heal|p1a: Giratina|349/349 slp|[silent]\n|\n|-status|p2a: Squawkabilly|brn|[from] item: Flame Orb\n|upkeep\n|turn|15\n|inactive|drewlyng has 90 seconds left.\n|\n|t:|1781430708\n|move|p2a: Squawkabilly|Brave Bird|p1a: Giratina\n|-damage|p1a: Giratina|171/349 slp\n|-damage|p2a: Squawkabilly|219/278 brn|[from] Recoil\n|cant|p1a: Giratina|slp\n|move|p1a: Giratina|Sleep Talk|p1a: Giratina\n|move|p1a: Giratina|Calm Mind|p1a: Giratina|[from] move: Sleep Talk\n|-boost|p1a: Giratina|spa|1\n|-boost|p1a: Giratina|spd|1\n|\n|-heal|p1a: Giratina|192/349 slp|[from] item: Leftovers\n|-damage|p2a: Squawkabilly|202/278 brn|[from] brn\n|upkeep\n|turn|16\n|inactive|drewlyng has 90 seconds left.\n|inactive|Kartak has 120 seconds left.\n|\n|t:|1781430737\n|move|p2a: Squawkabilly|Brave Bird|p1a: Giratina\n|-damage|p1a: Giratina|26/349 slp\n|-damage|p2a: Squawkabilly|147/278 brn|[from] Recoil\n|cant|p1a: Giratina|slp\n|\n|-heal|p1a: Giratina|47/349 slp|[from] item: Leftovers\n|-damage|p2a: Squawkabilly|130/278 brn|[from] brn\n|upkeep\n|turn|17\n|inactive|Kartak has 120 seconds left.\n|inactive|drewlyng has 90 seconds left.\n|\n|t:|1781430749\n|move|p2a: Squawkabilly|Brave Bird|p1a: Giratina\n|-damage|p1a: Giratina|0 fnt\n|faint|p1a: Giratina\n|-damage|p2a: Squawkabilly|114/278 brn|[from] Recoil\n|\n|-damage|p2a: Squawkabilly|97/278 brn|[from] brn\n|upkeep\n|\n|t:|1781430752\n|switch|p1a: Krookodile|Krookodile, L79, M|280/280\n|-activate|p1a: Krookodile|move: Sticky Web\n|-unboost|p1a: Krookodile|spe|1\n|-ability|p1a: Krookodile|Intimidate|boost\n|-unboost|p2a: Squawkabilly|atk|1\n|turn|18\n|inactive|Kartak has 120 seconds left.\n|inactive|drewlyng has 90 seconds left.\n|\n|t:|1781430768\n|move|p2a: Squawkabilly|Facade|p1a: Krookodile\n|-damage|p1a: Krookodile|111/280\n|move|p1a: Krookodile|Stone Edge|p2a: Squawkabilly\n|-supereffective|p2a: Squawkabilly\n|-damage|p2a: Squawkabilly|0 fnt\n|faint|p2a: Squawkabilly\n|\n|upkeep\n|inactive|drewlyng has 90 seconds left.\n|\n|t:|1781430775\n|switch|p2a: Ribombee|Ribombee, L83, M|1/235\n|turn|19\n|\n|t:|1781430779\n|move|p2a: Ribombee|Moonblast|p1a: Krookodile\n|-supereffective|p1a: Krookodile\n|-damage|p1a: Krookodile|0 fnt\n|faint|p1a: Krookodile\n|\n|win|drewlyng\n|raw|Kartak's rating: 1235 &rarr; <strong>1210</strong><br />(-25 for losing)\n|raw|drewlyng's rating: 1229 &rarr; <strong>1254</strong><br />(+25 for winning)\n|l|\u2606Kartak\n|player|p1|\n|c|\u2606drewlyng|HOLY\n", "uploadtime": 1781431032, "views": 28, "formatid": "gen9randombattle", "rating": 1210, "private": 0, "password": null}