{"id": "gen9randombattle-2631391958", "format": "[Gen 9] Random Battle", "players": ["drowyna", "a_jar_of_water"], "log": "|j|\u2606drowyna\n|j|\u2606a_jar_of_water\n|t:|1781379175\n|gametype|singles\n|player|p1|drowyna|lucas|1640\n|player|p2|a_jar_of_water|170|1666\n|gen|9\n|tier|[Gen 9] Random Battle\n|rated|\n|rule|Species Clause: Limit one of each Pok\u00e9mon\n|rule|HP Percentage Mod: HP is shown in percentages\n|rule|Sleep Clause Mod: Limit one foe put to sleep\n|rule|Illusion Level Mod: Illusion disguises the Pok\u00e9mon's true level\n|\n|t:|1781379175\n|teamsize|p1|6\n|teamsize|p2|6\n|start\n|switch|p1a: Magnezone|Magnezone, L85|258/258\n|switch|p2a: Palossand|Palossand, L89, F|296/296\n|turn|1\n|inactive|Battle timer is ON: inactive players will automatically lose when time's up. (requested by a_jar_of_water)\n|\n|t:|1781379192\n|switch|p1a: Gallade|Gallade, L80, M|240/240\n|move|p2a: Palossand|Shadow Ball|p1a: Gallade\n|-supereffective|p1a: Gallade\n|-damage|p1a: Gallade|78/240\n|\n|upkeep\n|turn|2\n|\n|t:|1781379199\n|move|p1a: Gallade|Leaf Blade|p2a: Palossand\n|-supereffective|p2a: Palossand\n|-damage|p2a: Palossand|36/296\n|move|p2a: Palossand|Shadow Ball|p1a: Gallade\n|-supereffective|p1a: Gallade\n|-damage|p1a: Gallade|0 fnt\n|faint|p1a: Gallade\n|\n|-heal|p2a: Palossand|54/296|[from] item: Leftovers\n|upkeep\n|\n|t:|1781379203\n|switch|p1a: Ceruledge|Ceruledge, L78, F|245/245\n|turn|3\n|\n|t:|1781379212\n|switch|p2a: Swampert|Swampert, L83, M|302/302\n|move|p1a: Ceruledge|Poltergeist|p2a: Swampert\n|-activate|p2a: Swampert|move: Poltergeist|Leftovers\n|-damage|p2a: Swampert|185/302\n|\n|-heal|p2a: Swampert|203/302|[from] item: Leftovers\n|upkeep\n|turn|4\n|\n|t:|1781379216\n|-terastallize|p1a: Ceruledge|Ghost\n|move|p1a: Ceruledge|Swords Dance|p1a: Ceruledge\n|-boost|p1a: Ceruledge|atk|2\n|move|p2a: Swampert|Earthquake|p1a: Ceruledge\n|-damage|p1a: Ceruledge|103/245\n|-ability|p1a: Ceruledge|Weak Armor|boost\n|-unboost|p1a: Ceruledge|def|1\n|-boost|p1a: Ceruledge|spe|2\n|\n|-heal|p2a: Swampert|221/302|[from] item: Leftovers\n|upkeep\n|turn|5\n|\n|t:|1781379218\n|move|p1a: Ceruledge|Poltergeist|p2a: Swampert\n|-activate|p2a: Swampert|move: Poltergeist|Leftovers\n|-damage|p2a: Swampert|0 fnt\n|faint|p2a: Swampert\n|\n|upkeep\n|\n|t:|1781379219\n|switch|p2a: Palossand|Palossand, L89, F|54/296\n|turn|6\n|\n|t:|1781379226\n|move|p1a: Ceruledge|Bitter Blade|p2a: Palossand\n|-damage|p2a: Palossand|0 fnt\n|-heal|p1a: Ceruledge|130/245|[from] drain|[of] p2a: Palossand\n|faint|p2a: Palossand\n|\n|upkeep\n|\n|t:|1781379226\n|switch|p2a: Raichu|Raichu, L88, F|249/249\n|turn|7\n|\n|t:|1781379233\n|move|p1a: Ceruledge|Bitter Blade|p2a: Raichu\n|-damage|p2a: Raichu|2/249\n|-heal|p1a: Ceruledge|245/245|[from] drain|[of] p2a: Raichu\n|move|p2a: Raichu|Knock Off|p1a: Ceruledge\n|-supereffective|p1a: Ceruledge\n|-damage|p1a: Ceruledge|7/245\n|-ability|p1a: Ceruledge|Weak Armor|boost\n|-unboost|p1a: Ceruledge|def|1\n|-boost|p1a: Ceruledge|spe|2\n|-enditem|p1a: Ceruledge|Heavy-Duty Boots|[from] move: Knock Off|[of] p2a: Raichu\n|\n|upkeep\n|turn|8\n|\n|t:|1781379240\n|move|p1a: Ceruledge|Shadow Sneak|p2a: Raichu\n|-damage|p2a: Raichu|0 fnt\n|faint|p2a: Raichu\n|\n|upkeep\n|\n|t:|1781379240\n|switch|p2a: Copperajah|Copperajah, L86, F|350/350\n|turn|9\n|\n|t:|1781379244\n|move|p1a: Ceruledge|Bitter Blade|p2a: Copperajah\n|-supereffective|p2a: Copperajah\n|-damage|p2a: Copperajah|0 fnt\n|-heal|p1a: Ceruledge|182/245|[from] drain|[of] p2a: Copperajah\n|faint|p2a: Copperajah\n|\n|upkeep\n|\n|t:|1781379244\n|switch|p2a: Pikachu|Pikachu-Partner, L93, F|216/216\n|turn|10\n|\n|t:|1781379249\n|move|p1a: Ceruledge|Bitter Blade|p2a: Pikachu\n|-damage|p2a: Pikachu|0 fnt\n|-heal|p1a: Ceruledge|245/245|[from] drain|[of] p2a: Pikachu\n|faint|p2a: Pikachu\n|\n|upkeep\n|\n|t:|1781379249\n|switch|p2a: Necrozma|Necrozma-Dawn-Wings, L76|272/272\n|turn|11\n|\n|t:|1781379253\n|move|p1a: Ceruledge|Poltergeist|p2a: Necrozma\n|-activate|p2a: Necrozma|move: Poltergeist|Life Orb\n|-supereffective|p2a: Necrozma\n|-damage|p2a: Necrozma|0 fnt\n|faint|p2a: Necrozma\n|\n|win|drowyna\n|raw|drowyna's rating: 1640 &rarr; <strong>1661</strong><br />(+21 for winning)\n|raw|a_jar_of_water's rating: 1666 &rarr; <strong>1645</strong><br />(-21 for losing)\n|l|\u2606a_jar_of_water\n|player|p2|\n", "uploadtime": 1781379258, "views": 7, "formatid": "gen9randombattle", "rating": 1645, "private": 0, "password": null}