{"id": "gen9randombattle-2631949254", "format": "[Gen 9] Random Battle", "players": ["balilou", "00aa00aa"], "log": "|j|\u2606balilou\n|j|\u260600aa00aa\n|t:|1781458939\n|gametype|singles\n|player|p1|balilou|101|1988\n|player|p2|00aa00aa|2|1958\n|gen|9\n|tier|[Gen 9] Random Battle\n|rated|\n|rule|Species Clause: Limit one of each Pok\u00e9mon\n|rule|HP Percentage Mod: HP is shown in percentages\n|rule|Sleep Clause Mod: Limit one foe put to sleep\n|rule|Illusion Level Mod: Illusion disguises the Pok\u00e9mon's true level\n|\n|t:|1781458939\n|teamsize|p1|6\n|teamsize|p2|6\n|start\n|switch|p1a: Sandy Shocks|Sandy Shocks, L80|267/267\n|switch|p2a: Revavroom|Revavroom, L79, M|256/256\n|turn|1\n|\n|t:|1781458960\n|switch|p2a: Glalie|Glalie, L96, M|309/309\n|move|p1a: Sandy Shocks|Thunder Wave|p2a: Glalie\n|-status|p2a: Glalie|par\n|\n|upkeep\n|turn|2\n|\n|t:|1781458970\n|move|p1a: Sandy Shocks|Volt Switch|p2a: Glalie\n|-damage|p2a: Glalie|233/309 par\n|\n|t:|1781458986\n|-end|p1a: Sandy Shocks|Protosynthesis|[silent]\n|switch|p1a: Lapras|Lapras, L87, M|367/367|[from] Volt Switch\n|move|p2a: Glalie|Spikes|p1a: Lapras\n|-sidestart|p1: balilou|Spikes\n|\n|upkeep\n|turn|3\n|\n|t:|1781459004\n|switch|p2a: Goodra|Goodra-Hisui, L82, F|265/265\n|move|p1a: Lapras|Dragon Dance|p1a: Lapras\n|-boost|p1a: Lapras|atk|1\n|-boost|p1a: Lapras|spe|1\n|\n|upkeep\n|turn|4\n|\n|t:|1781459078\n|move|p1a: Lapras|Earthquake|p2a: Goodra\n|-supereffective|p2a: Goodra\n|-damage|p2a: Goodra|87/265\n|move|p2a: Goodra|Draco Meteor|p1a: Lapras\n|-crit|p1a: Lapras\n|-damage|p1a: Lapras|177/367\n|-unboost|p2a: Goodra|spa|2\n|\n|upkeep\n|turn|5\n|\n|t:|1781459098\n|switch|p2a: Azelf|Azelf, L82|257/257\n|move|p1a: Lapras|Dragon Dance|p1a: Lapras\n|-boost|p1a: Lapras|atk|1\n|-boost|p1a: Lapras|spe|1\n|\n|upkeep\n|turn|6\n|\n|t:|1781459108\n|move|p1a: Lapras|Icicle Spear|p2a: Azelf\n|-damage|p2a: Azelf|196/257\n|-damage|p2a: Azelf|130/257\n|-damage|p2a: Azelf|69/257\n|-damage|p2a: Azelf|2/257\n|-hitcount|p2a: Azelf|4\n|move|p2a: Azelf|Psychic|p1a: Lapras\n|-damage|p1a: Lapras|52/367\n|-damage|p2a: Azelf|0 fnt|[from] item: Life Orb\n|faint|p2a: Azelf\n|\n|upkeep\n|\n|t:|1781459122\n|switch|p2a: Glalie|Glalie, L96, M|233/309 par\n|turn|7\n|\n|t:|1781459126\n|move|p1a: Lapras|Waterfall|p2a: Glalie\n|-damage|p2a: Glalie|85/309 par\n|move|p2a: Glalie|Freeze-Dry|p1a: Lapras\n|-damage|p1a: Lapras|0 fnt\n|faint|p1a: Lapras\n|\n|upkeep\n|\n|t:|1781459140\n|switch|p1a: Sandy Shocks|Sandy Shocks, L80|267/267\n|turn|8\n|\n|t:|1781459150\n|move|p1a: Sandy Shocks|Thunderbolt|p2a: Glalie\n|-damage|p2a: Glalie|0 fnt\n|faint|p2a: Glalie\n|\n|upkeep\n|\n|t:|1781459163\n|switch|p2a: Armarouge|Armarouge, L80, F|267/267\n|turn|9\n|\n|t:|1781459210\n|move|p1a: Sandy Shocks|Thunder Wave|p2a: Armarouge\n|-status|p2a: Armarouge|par\n|move|p2a: Armarouge|Meteor Beam||[still]\n|-prepare|p2a: Armarouge|Meteor Beam\n|-boost|p2a: Armarouge|spa|1\n|-enditem|p2a: Armarouge|Power Herb\n|-anim|p2a: Armarouge|Meteor Beam|p1a: Sandy Shocks\n|-resisted|p1a: Sandy Shocks\n|-damage|p1a: Sandy Shocks|187/267\n|\n|upkeep\n|turn|10\n|\n|t:|1781459221\n|move|p1a: Sandy Shocks|Volt Switch|p2a: Armarouge\n|-damage|p2a: Armarouge|177/267 par\n|\n|t:|1781459223\n|-end|p1a: Sandy Shocks|Protosynthesis|[silent]\n|switch|p1a: Chandelure|Chandelure, L83, F|235/235|[from] Volt Switch\n|move|p2a: Armarouge|Energy Ball|p1a: Chandelure\n|-resisted|p1a: Chandelure\n|-damage|p1a: Chandelure|183/235\n|\n|upkeep\n|turn|11\n|\n|t:|1781459250\n|move|p1a: Chandelure|Shadow Ball|p2a: Armarouge\n|-supereffective|p2a: Armarouge\n|-damage|p2a: Armarouge|0 fnt\n|faint|p2a: Armarouge\n|\n|upkeep\n|\n|t:|1781459254\n|switch|p2a: Barraskewda|Barraskewda, L81, F|231/231\n|turn|12\n|\n|t:|1781459313\n|move|p2a: Barraskewda|Flip Turn|p1a: Chandelure\n|-supereffective|p1a: Chandelure\n|-damage|p1a: Chandelure|0 fnt\n|faint|p1a: Chandelure\n|\n|t:|1781459329\n|switch|p2a: Goodra|Goodra-Hisui, L82, F|87/265|[from] Flip Turn\n|\n|upkeep\n|\n|t:|1781459381\n|switch|p1a: Zebstrika|Zebstrika, L87, M|272/272\n|-damage|p1a: Zebstrika|238/272|[from] Spikes\n|turn|13\n|\n|t:|1781459392\n|move|p1a: Zebstrika|High Horsepower|p2a: Goodra|[miss]\n|-miss|p1a: Zebstrika|p2a: Goodra\n|move|p2a: Goodra|Earthquake|p1a: Zebstrika\n|-supereffective|p1a: Zebstrika\n|-damage|p1a: Zebstrika|78/272\n|\n|upkeep\n|turn|14\n|\n|t:|1781459418\n|move|p1a: Zebstrika|High Horsepower|p2a: Goodra\n|-supereffective|p2a: Goodra\n|-damage|p2a: Goodra|0 fnt\n|faint|p2a: Goodra\n|-damage|p1a: Zebstrika|51/272|[from] item: Life Orb\n|\n|upkeep\n|\n|t:|1781459434\n|switch|p2a: Revavroom|Revavroom, L79, M|256/256\n|turn|15\n|\n|t:|1781459442\n|-terastallize|p2a: Revavroom|Ground\n|move|p1a: Zebstrika|Overheat|p2a: Revavroom\n|-damage|p2a: Revavroom|123/256\n|-unboost|p1a: Zebstrika|spa|2\n|-damage|p1a: Zebstrika|24/272|[from] item: Life Orb\n|move|p2a: Revavroom|Shift Gear|p2a: Revavroom\n|-boost|p2a: Revavroom|spe|2\n|-boost|p2a: Revavroom|atk|1\n|\n|upkeep\n|turn|16\n|\n|t:|1781459452\n|move|p2a: Revavroom|Iron Head|p1a: Zebstrika\n|-resisted|p1a: Zebstrika\n|-damage|p1a: Zebstrika|0 fnt\n|faint|p1a: Zebstrika\n|-damage|p2a: Revavroom|98/256|[from] item: Life Orb\n|\n|upkeep\n|\n|t:|1781459462\n|switch|p1a: Basculin|Basculin, L86, F|261/261\n|-damage|p1a: Basculin|229/261|[from] Spikes\n|turn|17\n|\n|t:|1781459477\n|switch|p2a: Barraskewda|Barraskewda, L81, F|231/231\n|move|p1a: Basculin|Aqua Jet|p2a: Barraskewda\n|-resisted|p2a: Barraskewda\n|-damage|p2a: Barraskewda|176/231\n|\n|upkeep\n|turn|18\n|\n|t:|1781459492\n|move|p1a: Basculin|Aqua Jet|p2a: Barraskewda\n|-resisted|p2a: Barraskewda\n|-damage|p2a: Barraskewda|114/231\n|move|p2a: Barraskewda|Psychic Fangs|p1a: Basculin\n|-damage|p1a: Basculin|100/261\n|\n|upkeep\n|turn|19\n|\n|t:|1781459498\n|move|p1a: Basculin|Aqua Jet|p2a: Barraskewda\n|-resisted|p2a: Barraskewda\n|-damage|p2a: Barraskewda|54/231\n|move|p2a: Barraskewda|Psychic Fangs|p1a: Basculin\n|-damage|p1a: Basculin|0 fnt\n|faint|p1a: Basculin\n|\n|upkeep\n|\n|t:|1781459503\n|switch|p1a: Eiscue|Eiscue, L88, F|274/274\n|-damage|p1a: Eiscue|240/274|[from] Spikes\n|turn|20\n|\n|t:|1781459513\n|move|p2a: Barraskewda|Psychic Fangs|p1a: Eiscue\n|-activate|p1a: Eiscue|ability: Ice Face\n|-damage|p1a: Eiscue|240/274\n|detailschange|p1a: Eiscue|Eiscue-Noice, L88, F\n|move|p1a: Eiscue|Belly Drum|p1a: Eiscue\n|-damage|p1a: Eiscue|103/274\n|-setboost|p1a: Eiscue|atk|6|[from] move: Belly Drum\n|-enditem|p1a: Eiscue|Sitrus Berry|[eat]\n|-heal|p1a: Eiscue|171/274|[from] item: Sitrus Berry\n|\n|upkeep\n|turn|21\n|\n|t:|1781459522\n|move|p1a: Eiscue|Ice Spinner|p2a: Barraskewda\n|-resisted|p2a: Barraskewda\n|-damage|p2a: Barraskewda|0 fnt\n|faint|p2a: Barraskewda\n|\n|upkeep\n|-message|00aa00aa forfeited.\n|\n|win|balilou\n", "uploadtime": 1781458941, "views": 3, "formatid": "gen9randombattle", "rating": null, "private": 0, "password": null}