{"id": "gen9randombattle-2631547736", "format": "[Gen 9] Random Battle", "players": ["Aquapower", "igothighjumpkick"], "log": "|j|\u203dAquapower\n|j|\u2606igothighjumpkick\n|t:|1781399655\n|gametype|singles\n|player|p1|Aquapower|102|1907\n|player|p2|igothighjumpkick|102|1931\n|gen|9\n|tier|[Gen 9] Random Battle\n|rated|\n|rule|Species Clause: Limit one of each Pok\u00e9mon\n|rule|HP Percentage Mod: HP is shown in percentages\n|rule|Sleep Clause Mod: Limit one foe put to sleep\n|rule|Illusion Level Mod: Illusion disguises the Pok\u00e9mon's true level\n|\n|t:|1781399655\n|teamsize|p1|6\n|teamsize|p2|6\n|start\n|switch|p1a: Ninetales|Ninetales-Alola, L78, M|242/242\n|switch|p2a: Uxie|Uxie, L83|260/260\n|-weather|Snowscape|[from] ability: Snow Warning|[of] p1a: Ninetales\n|turn|1\n|inactive|Battle timer is ON: inactive players will automatically lose when time's up. (requested by igothighjumpkick)\n|\n|t:|1781399660\n|move|p1a: Ninetales|Nasty Plot|p1a: Ninetales\n|-boost|p1a: Ninetales|spa|2\n|move|p2a: Uxie|Knock Off|p1a: Ninetales\n|-resisted|p1a: Ninetales\n|-damage|p1a: Ninetales|217/242\n|-enditem|p1a: Ninetales|Light Clay|[from] move: Knock Off|[of] p2a: Uxie\n|\n|-weather|Snowscape|[upkeep]\n|upkeep\n|turn|2\n|\n|t:|1781399672\n|move|p1a: Ninetales|Nasty Plot|p1a: Ninetales\n|-boost|p1a: Ninetales|spa|2\n|move|p2a: Uxie|Thunder Wave|p1a: Ninetales\n|-status|p1a: Ninetales|par\n|\n|-weather|Snowscape|[upkeep]\n|upkeep\n|turn|3\n|\n|t:|1781399680\n|move|p2a: Uxie|Psychic Noise|p1a: Ninetales\n|-damage|p1a: Ninetales|150/242 par\n|-start|p1a: Ninetales|move: Heal Block\n|move|p1a: Ninetales|Blizzard|p2a: Uxie\n|-damage|p2a: Uxie|79/260\n|\n|-weather|Snowscape|[upkeep]\n|-heal|p2a: Uxie|95/260|[from] item: Leftovers\n|upkeep\n|turn|4\n|\n|t:|1781399688\n|move|p2a: Uxie|Psychic Noise|p1a: Ninetales\n|-damage|p1a: Ninetales|86/242 par\n|move|p1a: Ninetales|Moonblast|p2a: Uxie\n|-damage|p2a: Uxie|0 fnt\n|faint|p2a: Uxie\n|\n|-weather|Snowscape|[upkeep]\n|-end|p1a: Ninetales|move: Heal Block\n|upkeep\n|\n|t:|1781399695\n|switch|p2a: Darkrai|Darkrai, L77|234/234\n|turn|5\n|\n|t:|1781399699\n|move|p2a: Darkrai|Sludge Bomb|p1a: Ninetales\n|-supereffective|p1a: Ninetales\n|-damage|p1a: Ninetales|0 fnt\n|faint|p1a: Ninetales\n|-damage|p2a: Darkrai|211/234|[from] item: Life Orb\n|\n|-weather|none\n|upkeep\n|\n|t:|1781399722\n|switch|p1a: Dodrio|Dodrio, L85, M|241/241\n|turn|6\n|\n|t:|1781399727\n|move|p2a: Darkrai|Dark Pulse|p1a: Dodrio\n|-damage|p1a: Dodrio|80/241\n|-damage|p2a: Darkrai|188/234|[from] item: Life Orb\n|move|p1a: Dodrio|Double-Edge|p2a: Darkrai\n|-crit|p2a: Darkrai\n|-damage|p2a: Darkrai|0 fnt\n|faint|p2a: Darkrai\n|-damage|p1a: Dodrio|18/241|[from] Recoil\n|\n|upkeep\n|\n|t:|1781399734\n|switch|p2a: Gurdurr|Gurdurr, L85, M|283/283\n|turn|7\n|\n|t:|1781399744\n|switch|p1a: Sandaconda|Sandaconda, L84, F|258/258\n|move|p2a: Gurdurr|Mach Punch|p1a: Sandaconda\n|-damage|p1a: Sandaconda|219/258\n|\n|upkeep\n|turn|8\n|\n|t:|1781399754\n|move|p1a: Sandaconda|Coil|p1a: Sandaconda\n|-boost|p1a: Sandaconda|atk|1\n|-boost|p1a: Sandaconda|def|1\n|-boost|p1a: Sandaconda|accuracy|1\n|move|p2a: Gurdurr|Knock Off|p1a: Sandaconda\n|-damage|p1a: Sandaconda|178/258\n|-enditem|p1a: Sandaconda|Loaded Dice|[from] move: Knock Off|[of] p2a: Gurdurr\n|\n|upkeep\n|turn|9\n|\n|t:|1781399761\n|switch|p2a: Spidops|Spidops, L96, M|271/271\n|move|p1a: Sandaconda|Coil|p1a: Sandaconda\n|-boost|p1a: Sandaconda|atk|1\n|-boost|p1a: Sandaconda|def|1\n|-boost|p1a: Sandaconda|accuracy|1\n|\n|upkeep\n|turn|10\n|\n|t:|1781399770\n|move|p1a: Sandaconda|Rock Blast|p2a: Spidops\n|-supereffective|p2a: Spidops\n|-damage|p2a: Spidops|201/271\n|-supereffective|p2a: Spidops\n|-damage|p2a: Spidops|137/271\n|-supereffective|p2a: Spidops\n|-damage|p2a: Spidops|73/271\n|-supereffective|p2a: Spidops\n|-damage|p2a: Spidops|3/271\n|-hitcount|p2a: Spidops|4\n|move|p2a: Spidops|Circle Throw|p1a: Sandaconda\n|-damage|p1a: Sandaconda|160/258\n|drag|p1a: Sandslash|Sandslash-Alola, L88, M|275/275\n|\n|upkeep\n|turn|11\n|\n|t:|1781399785\n|move|p1a: Sandslash|Rapid Spin|p2a: Spidops\n|-damage|p2a: Spidops|0 fnt\n|-boost|p1a: Sandslash|spe|1\n|faint|p2a: Spidops\n|\n|upkeep\n|\n|t:|1781399791\n|switch|p2a: Gurdurr|Gurdurr, L85, M|283/283\n|turn|12\n|\n|t:|1781399799\n|switch|p1a: Sandaconda|Sandaconda, L84, F|160/258\n|move|p2a: Gurdurr|Drain Punch|p1a: Sandaconda\n|-damage|p1a: Sandaconda|93/258\n|\n|upkeep\n|turn|13\n|\n|t:|1781399828\n|move|p1a: Sandaconda|Coil|p1a: Sandaconda\n|-boost|p1a: Sandaconda|atk|1\n|-boost|p1a: Sandaconda|def|1\n|-boost|p1a: Sandaconda|accuracy|1\n|move|p2a: Gurdurr|Drain Punch|p1a: Sandaconda\n|-damage|p1a: Sandaconda|48/258\n|\n|upkeep\n|turn|14\n|\n|t:|1781399842\n|move|p1a: Sandaconda|Earthquake|p2a: Gurdurr\n|-damage|p2a: Gurdurr|174/283\n|move|p2a: Gurdurr|Drain Punch|p1a: Sandaconda\n|-damage|p1a: Sandaconda|6/258\n|-heal|p2a: Gurdurr|195/283|[from] drain|[of] p1a: Sandaconda\n|\n|upkeep\n|turn|15\n|\n|t:|1781399846\n|move|p2a: Gurdurr|Mach Punch|p1a: Sandaconda\n|-crit|p1a: Sandaconda\n|-damage|p1a: Sandaconda|0 fnt\n|faint|p1a: Sandaconda\n|\n|upkeep\n|\n|t:|1781399856\n|switch|p1a: Ursaluna|Ursaluna, L79, F|335/335\n|turn|16\n|\n|t:|1781399862\n|move|p1a: Ursaluna|Swords Dance|p1a: Ursaluna\n|-boost|p1a: Ursaluna|atk|2\n|move|p2a: Gurdurr|Drain Punch|p1a: Ursaluna\n|-supereffective|p1a: Ursaluna\n|-damage|p1a: Ursaluna|173/335\n|-heal|p2a: Gurdurr|276/283|[from] drain|[of] p1a: Ursaluna\n|\n|-status|p1a: Ursaluna|brn|[from] item: Flame Orb\n|upkeep\n|turn|17\n|\n|t:|1781399867\n|-terastallize|p2a: Gurdurr|Steel\n|move|p2a: Gurdurr|Mach Punch|p1a: Ursaluna\n|-supereffective|p1a: Ursaluna\n|-damage|p1a: Ursaluna|83/335 brn\n|move|p1a: Ursaluna|Facade|p2a: Gurdurr\n|-resisted|p2a: Gurdurr\n|-damage|p2a: Gurdurr|89/283\n|\n|-damage|p1a: Ursaluna|63/335 brn|[from] brn\n|upkeep\n|turn|18\n|\n|t:|1781399873\n|move|p2a: Gurdurr|Mach Punch|p1a: Ursaluna\n|-supereffective|p1a: Ursaluna\n|-damage|p1a: Ursaluna|0 fnt\n|faint|p1a: Ursaluna\n|\n|upkeep\n|\n|t:|1781399876\n|switch|p1a: Orthworm|Orthworm, L88, F|266/266\n|turn|19\n|\n|t:|1781399886\n|move|p2a: Gurdurr|Mach Punch|p1a: Orthworm\n|-supereffective|p1a: Orthworm\n|-damage|p1a: Orthworm|206/266\n|move|p1a: Orthworm|Body Press|p2a: Gurdurr\n|-supereffective|p2a: Gurdurr\n|-damage|p2a: Gurdurr|0 fnt\n|faint|p2a: Gurdurr\n|\n|-heal|p1a: Orthworm|222/266|[from] item: Leftovers\n|upkeep\n|\n|t:|1781399894\n|switch|p2a: Yanmega|Yanmega, L82, F|275/275\n|turn|20\n|\n|t:|1781399898\n|move|p2a: Yanmega|Air Slash|p1a: Orthworm\n|-resisted|p1a: Orthworm\n|-damage|p1a: Orthworm|42/266\n|move|p1a: Orthworm|Heavy Slam|p2a: Yanmega\n|-damage|p2a: Yanmega|134/275\n|\n|-heal|p1a: Orthworm|58/266|[from] item: Leftovers\n|upkeep\n|turn|21\n|\n|t:|1781399919\n|move|p2a: Yanmega|Air Slash|p1a: Orthworm\n|-resisted|p1a: Orthworm\n|-damage|p1a: Orthworm|0 fnt\n|faint|p1a: Orthworm\n|\n|upkeep\n|\n|t:|1781399923\n|switch|p1a: Sandslash|Sandslash-Alola, L88, M|275/275\n|turn|22\n|\n|t:|1781399925\n|move|p2a: Yanmega|Air Slash|p1a: Sandslash\n|-resisted|p1a: Sandslash\n|-damage|p1a: Sandslash|179/275\n|cant|p1a: Sandslash|flinch\n|\n|upkeep\n|turn|23\n|\n|t:|1781399930\n|move|p2a: Yanmega|Air Slash|p1a: Sandslash\n|-resisted|p1a: Sandslash\n|-damage|p1a: Sandslash|77/275\n|move|p1a: Sandslash|Rapid Spin|p2a: Yanmega\n|-damage|p2a: Yanmega|92/275\n|-boost|p1a: Sandslash|spe|1\n|\n|upkeep\n|turn|24\n|\n|t:|1781399936\n|move|p1a: Sandslash|Iron Head|p2a: Yanmega\n|-damage|p2a: Yanmega|0 fnt\n|faint|p2a: Yanmega\n|\n|upkeep\n|\n|t:|1781399940\n|switch|p2a: Ogerpon|Ogerpon-Cornerstone, L76, F|247/247\n|turn|25\n|\n|t:|1781399943\n|move|p1a: Sandslash|Triple Axel|p2a: Ogerpon\n|-supereffective|p2a: Ogerpon\n|-damage|p2a: Ogerpon|187/247\n|-supereffective|p2a: Ogerpon\n|-damage|p2a: Ogerpon|67/247\n|-supereffective|p2a: Ogerpon\n|-damage|p2a: Ogerpon|0 fnt\n|faint|p2a: Ogerpon\n|-hitcount|p2: Ogerpon|3\n|\n|win|Aquapower\n", "uploadtime": 1781399656, "views": 3, "formatid": "gen9randombattle", "rating": null, "private": 0, "password": null}