{"id": "gen9randombattle-2631433494", "format": "[Gen 9] Random Battle", "players": ["Rasenmon10", "anime rev"], "log": "|j|\u2606Rasenmon10\n|j|\u2606anime rev\n|t:|1781384095\n|gametype|singles\n|player|p1|Rasenmon10|169|1383\n|player|p2|anime rev|smasher|1441\n|gen|9\n|tier|[Gen 9] Random Battle\n|rated|\n|rule|Species Clause: Limit one of each Pok\u00e9mon\n|rule|HP Percentage Mod: HP is shown in percentages\n|rule|Sleep Clause Mod: Limit one foe put to sleep\n|rule|Illusion Level Mod: Illusion disguises the Pok\u00e9mon's true level\n|\n|t:|1781384095\n|teamsize|p1|6\n|teamsize|p2|6\n|start\n|switch|p1a: Cinderace|Cinderace, L77, F|250/250\n|switch|p2a: Persian|Persian, L92, M|269/269\n|turn|1\n|inactive|Battle timer is ON: inactive players will automatically lose when time's up. (requested by anime rev)\n|\n|t:|1781384103\n|move|p2a: Persian|Fake Out|p1a: Cinderace\n|-damage|p1a: Cinderace|159/250\n|cant|p1a: Cinderace|flinch\n|\n|upkeep\n|turn|2\n|\n|t:|1781384118\n|move|p2a: Persian|Knock Off|p1a: Cinderace\n|-damage|p1a: Cinderace|86/250\n|-enditem|p1a: Cinderace|Heavy-Duty Boots|[from] move: Knock Off|[of] p2a: Persian\n|move|p1a: Cinderace|Will-O-Wisp|p2a: Persian\n|-status|p2a: Persian|brn\n|\n|-damage|p2a: Persian|253/269 brn|[from] brn\n|upkeep\n|turn|3\n|\n|t:|1781384128\n|move|p2a: Persian|Double-Edge|p1a: Cinderace\n|-damage|p1a: Cinderace|0 fnt\n|faint|p1a: Cinderace\n|-damage|p2a: Persian|225/269 brn|[from] Recoil\n|\n|-damage|p2a: Persian|209/269 brn|[from] brn\n|upkeep\n|inactive|Rasenmon10 has 120 seconds left.\n|\n|t:|1781384158\n|switch|p1a: Lilligant|Lilligant, L86, F|261/261\n|turn|4\n|inactive|Rasenmon10 has 120 seconds left.\n|\n|t:|1781384166\n|move|p2a: Persian|U-turn|p1a: Lilligant\n|-supereffective|p1a: Lilligant\n|-damage|p1a: Lilligant|208/261\n|\n|t:|1781384177\n|switch|p2a: Araquanid|Araquanid, L82, F|246/246|[from] U-turn\n|move|p1a: Lilligant|Quiver Dance|p1a: Lilligant\n|-boost|p1a: Lilligant|spa|1\n|-boost|p1a: Lilligant|spd|1\n|-boost|p1a: Lilligant|spe|1\n|\n|upkeep\n|turn|5\n|\n|t:|1781384188\n|-terastallize|p1a: Lilligant|Rock\n|move|p1a: Lilligant|Tera Blast|p2a: Araquanid|[anim] Tera Blast Rock\n|-supereffective|p2a: Araquanid\n|-damage|p2a: Araquanid|0 fnt\n|faint|p2a: Araquanid\n|-damage|p1a: Lilligant|182/261|[from] item: Life Orb\n|\n|upkeep\n|inactive|anime rev has 120 seconds left.\n|\n|t:|1781384222\n|switch|p2a: Dewgong|Dewgong, L94, M|322/322\n|turn|6\n|\n|t:|1781384227\n|move|p1a: Lilligant|Giga Drain|p2a: Dewgong\n|-supereffective|p2a: Dewgong\n|-damage|p2a: Dewgong|101/322\n|-heal|p1a: Lilligant|261/261|[from] drain|[of] p2a: Dewgong\n|-damage|p1a: Lilligant|235/261|[from] item: Life Orb\n|move|p2a: Dewgong|Hydro Pump|p1a: Lilligant\n|-supereffective|p1a: Lilligant\n|-damage|p1a: Lilligant|73/261\n|\n|upkeep\n|turn|7\n|\n|t:|1781384235\n|switch|p2a: Overqwil|Overqwil, L82, F|274/274\n|-ability|p2a: Overqwil|Intimidate|boost\n|-unboost|p1a: Lilligant|atk|1\n|move|p1a: Lilligant|Giga Drain|p2a: Overqwil\n|-resisted|p2a: Overqwil\n|-damage|p2a: Overqwil|164/274\n|-heal|p1a: Lilligant|128/261|[from] drain|[of] p2a: Overqwil\n|-damage|p1a: Lilligant|102/261|[from] item: Life Orb\n|\n|upkeep\n|turn|8\n|\n|t:|1781384243\n|move|p1a: Lilligant|Tera Blast|p2a: Overqwil|[anim] Tera Blast Rock\n|-damage|p2a: Overqwil|0 fnt\n|faint|p2a: Overqwil\n|-damage|p1a: Lilligant|76/261|[from] item: Life Orb\n|\n|upkeep\n|\n|t:|1781384251\n|switch|p2a: Persian|Persian, L92, M|209/269 brn\n|turn|9\n|\n|t:|1781384259\n|move|p2a: Persian|Fake Out|p1a: Lilligant\n|-resisted|p1a: Lilligant\n|-damage|p1a: Lilligant|55/261\n|cant|p1a: Lilligant|flinch\n|\n|-damage|p2a: Persian|193/269 brn|[from] brn\n|upkeep\n|turn|10\n|\n|t:|1781384265\n|move|p1a: Lilligant|Giga Drain|p2a: Persian\n|-damage|p2a: Persian|6/269 brn\n|-heal|p1a: Lilligant|149/261|[from] drain|[of] p2a: Persian\n|-damage|p1a: Lilligant|123/261|[from] item: Life Orb\n|move|p2a: Persian|Knock Off|p1a: Lilligant\n|-damage|p1a: Lilligant|91/261\n|-enditem|p1a: Lilligant|Life Orb|[from] move: Knock Off|[of] p2a: Persian\n|\n|-damage|p2a: Persian|0 fnt|[from] brn\n|faint|p2a: Persian\n|upkeep\n|\n|t:|1781384278\n|switch|p2a: Polteageist|Polteageist, L78|222/222\n|turn|11\n|\n|t:|1781384281\n|move|p1a: Lilligant|Giga Drain|p2a: Polteageist\n|-crit|p2a: Polteageist\n|-damage|p2a: Polteageist|41/222\n|-heal|p1a: Lilligant|182/261|[from] drain|[of] p2a: Polteageist\n|move|p2a: Polteageist|Shell Smash|p2a: Polteageist\n|-unboost|p2a: Polteageist|def|1\n|-unboost|p2a: Polteageist|spd|1\n|-boost|p2a: Polteageist|atk|2\n|-boost|p2a: Polteageist|spa|2\n|-boost|p2a: Polteageist|spe|2\n|-enditem|p2a: Polteageist|White Herb\n|-clearnegativeboost|p2a: Polteageist|[silent]\n|\n|upkeep\n|turn|12\n|\n|t:|1781384305\n|move|p2a: Polteageist|Shadow Ball|p1a: Lilligant\n|-damage|p1a: Lilligant|35/261\n|move|p1a: Lilligant|Giga Drain|p2a: Polteageist\n|-damage|p2a: Polteageist|0 fnt\n|-heal|p1a: Lilligant|56/261|[from] drain|[of] p2a: Polteageist\n|faint|p2a: Polteageist\n|\n|upkeep\n|c|\u2606Rasenmon10|Oh T-T\n|inactive|anime rev has 120 seconds left.\n|-message|anime rev forfeited.\n|\n|win|Rasenmon10\n|raw|Rasenmon10's rating: 1383 &rarr; <strong>1406</strong><br />(+23 for winning)\n|raw|anime rev's rating: 1441 &rarr; <strong>1418</strong><br />(-23 for losing)\n|l|\u2606anime rev\n|player|p2|\n", "uploadtime": 1781384340, "views": 14, "formatid": "gen9randombattle", "rating": 1406, "private": 0, "password": null}