{"id": "gen9randombattle-2631981754", "format": "[Gen 9] Random Battle", "players": ["AnonimoEnLadder", "SnorlaxMunchies"], "log": "|j|\u2606AnonimoEnLadder\n|j|\u2606SnorlaxMunchies\n|t:|1781462474\n|gametype|singles\n|player|p1|AnonimoEnLadder|170|1768\n|player|p2|SnorlaxMunchies|baker|1799\n|gen|9\n|tier|[Gen 9] Random Battle\n|rated|\n|rule|Species Clause: Limit one of each Pok\u00e9mon\n|rule|HP Percentage Mod: HP is shown in percentages\n|rule|Sleep Clause Mod: Limit one foe put to sleep\n|rule|Illusion Level Mod: Illusion disguises the Pok\u00e9mon's true level\n|\n|t:|1781462474\n|teamsize|p1|6\n|teamsize|p2|6\n|start\n|switch|p1a: Hydreigon|Hydreigon, L79, M|275/275\n|switch|p2a: Annihilape|Annihilape, L76, M|292/292\n|turn|1\n|inactive|Battle timer is ON: inactive players will automatically lose when time's up. (requested by SnorlaxMunchies)\n|inactive|AnonimoEnLadder also wants the timer to be on.\n|\n|t:|1781462485\n|move|p1a: Hydreigon|Dark Pulse|p2a: Annihilape\n|-damage|p2a: Annihilape|196/292\n|move|p2a: Annihilape|Drain Punch|p1a: Hydreigon\n|-supereffective|p1a: Hydreigon\n|-damage|p1a: Hydreigon|111/275\n|-heal|p2a: Annihilape|278/292|[from] drain|[of] p1a: Hydreigon\n|\n|-heal|p2a: Annihilape|292/292|[from] item: Leftovers\n|upkeep\n|turn|2\n|\n|t:|1781462496\n|move|p1a: Hydreigon|Dark Pulse|p2a: Annihilape\n|-crit|p2a: Annihilape\n|-damage|p2a: Annihilape|138/292\n|cant|p2a: Annihilape|flinch\n|\n|-heal|p2a: Annihilape|156/292|[from] item: Leftovers\n|upkeep\n|turn|3\n|inactive|AnonimoEnLadder has 120 seconds left.\n|\n|t:|1781462538\n|move|p1a: Hydreigon|Dark Pulse|p2a: Annihilape\n|-damage|p2a: Annihilape|60/292\n|move|p2a: Annihilape|Drain Punch|p1a: Hydreigon\n|-supereffective|p1a: Hydreigon\n|-damage|p1a: Hydreigon|0 fnt\n|-heal|p2a: Annihilape|116/292|[from] drain|[of] p1a: Hydreigon\n|faint|p1a: Hydreigon\n|\n|-heal|p2a: Annihilape|134/292|[from] item: Leftovers\n|upkeep\n|\n|t:|1781462549\n|switch|p1a: Morpeko|Morpeko, L88, F|245/245\n|turn|4\n|\n|t:|1781462554\n|-terastallize|p2a: Annihilape|Fairy\n|move|p1a: Morpeko|Aura Wheel|p2a: Annihilape\n|-damage|p2a: Annihilape|0 fnt\n|-boost|p1a: Morpeko|spe|1\n|faint|p2a: Annihilape\n|\n|-formechange|p1a: Morpeko|Morpeko-Hangry||[from] ability: Hunger Switch\n|upkeep\n|\n|t:|1781462565\n|switch|p2a: Ambipom|Ambipom, L84, M|263/263\n|turn|5\n|\n|t:|1781462569\n|move|p1a: Morpeko|Knock Off|p2a: Ambipom\n|-damage|p2a: Ambipom|136/263\n|-enditem|p2a: Ambipom|Choice Band|[from] move: Knock Off|[of] p1a: Morpeko\n|move|p2a: Ambipom|U-turn|p1a: Morpeko\n|-supereffective|p1a: Morpeko\n|-damage|p1a: Morpeko|111/245\n|\n|t:|1781462576\n|switch|p2a: Victreebel|Victreebel, L90, F|290/290|[from] U-turn\n|\n|-heal|p1a: Morpeko|126/245|[from] item: Leftovers\n|-formechange|p1a: Morpeko|Morpeko||[from] ability: Hunger Switch\n|upkeep\n|turn|6\n|\n|t:|1781462584\n|move|p1a: Morpeko|Knock Off|p2a: Victreebel\n|-damage|p2a: Victreebel|149/290\n|-enditem|p2a: Victreebel|Life Orb|[from] move: Knock Off|[of] p1a: Morpeko\n|move|p2a: Victreebel|Sunny Day|p2a: Victreebel\n|-weather|SunnyDay\n|\n|-weather|SunnyDay|[upkeep]\n|-heal|p1a: Morpeko|141/245|[from] item: Leftovers\n|-formechange|p1a: Morpeko|Morpeko-Hangry||[from] ability: Hunger Switch\n|upkeep\n|turn|7\n|\n|t:|1781462594\n|move|p2a: Victreebel|Sludge Wave|p1a: Morpeko\n|-damage|p1a: Morpeko|0 fnt\n|faint|p1a: Morpeko\n|\n|-weather|SunnyDay|[upkeep]\n|upkeep\n|\n|t:|1781462598\n|switch|p1a: Eternatus|Eternatus, L69|308/308\n|-ability|p1a: Eternatus|Pressure\n|turn|8\n|\n|t:|1781462606\n|move|p2a: Victreebel|Weather Ball|p1a: Eternatus\n|-resisted|p1a: Eternatus\n|-damage|p1a: Eternatus|238/308\n|move|p1a: Eternatus|Fire Blast|p2a: Victreebel\n|-supereffective|p2a: Victreebel\n|-damage|p2a: Victreebel|0 fnt\n|faint|p2a: Victreebel\n|\n|-weather|SunnyDay|[upkeep]\n|-heal|p1a: Eternatus|257/308|[from] item: Leftovers\n|upkeep\n|\n|t:|1781462619\n|switch|p2a: Ambipom|Ambipom, L84, M|136/263\n|turn|9\n|\n|t:|1781462625\n|switch|p1a: Forretress|Forretress, L84, M|263/263\n|move|p2a: Ambipom|Knock Off|p1a: Forretress\n|-damage|p1a: Forretress|215/263\n|-enditem|p1a: Forretress|Leftovers|[from] move: Knock Off|[of] p2a: Ambipom\n|\n|-weather|SunnyDay|[upkeep]\n|upkeep\n|turn|10\n|\n|t:|1781462634\n|move|p2a: Ambipom|U-turn|p1a: Forretress\n|-resisted|p1a: Forretress\n|-damage|p1a: Forretress|197/263\n|\n|t:|1781462637\n|switch|p2a: Swanna|Swanna, L89, M|278/278|[from] U-turn\n|move|p1a: Forretress|Stealth Rock|p2a: Swanna\n|-sidestart|p2: SnorlaxMunchies|move: Stealth Rock\n|\n|-weather|none\n|upkeep\n|turn|11\n|\n|t:|1781462650\n|move|p2a: Swanna|Defog|p1a: Forretress\n|-unboost|p1a: Forretress|evasion|1\n|-sideend|p2: SnorlaxMunchies|Stealth Rock|[from] move: Defog|[of] p2a: Swanna\n|move|p1a: Forretress|Volt Switch|p2a: Swanna\n|-supereffective|p2a: Swanna\n|-damage|p2a: Swanna|98/278\n|\n|t:|1781462653\n|switch|p1a: Cetitan|Cetitan, L82, M|413/413|[from] Volt Switch\n|\n|upkeep\n|turn|12\n|\n|t:|1781462661\n|move|p2a: Swanna|Hydro Pump|p1a: Cetitan\n|-damage|p1a: Cetitan|253/413\n|move|p1a: Cetitan|Icicle Crash|p2a: Swanna\n|-damage|p2a: Swanna|0 fnt\n|faint|p2a: Swanna\n|\n|upkeep\n|\n|t:|1781462669\n|switch|p2a: Ambipom|Ambipom, L84, M|136/263\n|turn|13\n|\n|t:|1781462676\n|move|p2a: Ambipom|Knock Off|p1a: Cetitan\n|-damage|p1a: Cetitan|164/413\n|-enditem|p1a: Cetitan|Life Orb|[from] move: Knock Off|[of] p2a: Ambipom\n|move|p1a: Cetitan|Superpower|p2a: Ambipom\n|-supereffective|p2a: Ambipom\n|-damage|p2a: Ambipom|0 fnt\n|-unboost|p1a: Cetitan|atk|1\n|-unboost|p1a: Cetitan|def|1\n|faint|p2a: Ambipom\n|\n|upkeep\n|\n|t:|1781462687\n|switch|p2a: Calyrex|Calyrex, L93|337/337\n|-ability|p2a: Calyrex|Unnerve\n|turn|14\n|inactive|AnonimoEnLadder has 120 seconds left.\n|\n|t:|1781462721\n|switch|p1a: Forretress|Forretress, L84, M|197/263\n|move|p2a: Calyrex|Psyshock|p1a: Forretress\n|-resisted|p1a: Forretress\n|-damage|p1a: Forretress|166/263\n|\n|upkeep\n|turn|15\n|\n|t:|1781462732\n|move|p2a: Calyrex|Calm Mind|p2a: Calyrex\n|-boost|p2a: Calyrex|spa|1\n|-boost|p2a: Calyrex|spd|1\n|move|p1a: Forretress|Toxic Spikes|p2a: Calyrex\n|-sidestart|p2: SnorlaxMunchies|move: Toxic Spikes\n|\n|upkeep\n|turn|16\n|\n|t:|1781462738\n|move|p2a: Calyrex|Calm Mind|p2a: Calyrex\n|-boost|p2a: Calyrex|spa|1\n|-boost|p2a: Calyrex|spd|1\n|move|p1a: Forretress|Volt Switch|p2a: Calyrex\n|-resisted|p2a: Calyrex\n|-damage|p2a: Calyrex|329/337\n|\n|t:|1781462740\n|switch|p1a: Cetitan|Cetitan, L82, M|164/413|[from] Volt Switch\n|\n|-heal|p2a: Calyrex|337/337|[from] item: Leftovers\n|upkeep\n|turn|17\n|\n|t:|1781462750\n|move|p1a: Cetitan|Ice Shard|p2a: Calyrex\n|-supereffective|p2a: Calyrex\n|-damage|p2a: Calyrex|251/337\n|move|p2a: Calyrex|Psyshock|p1a: Cetitan\n|-damage|p1a: Cetitan|0 fnt\n|faint|p1a: Cetitan\n|\n|-heal|p2a: Calyrex|272/337|[from] item: Leftovers\n|upkeep\n|\n|t:|1781462755\n|switch|p1a: Passimian|Passimian, L83, M|302/302\n|turn|18\n|\n|t:|1781462767\n|-terastallize|p1a: Passimian|Dark\n|move|p2a: Calyrex|Giga Drain|p1a: Passimian\n|-damage|p1a: Passimian|85/302\n|-heal|p2a: Calyrex|337/337|[from] drain|[of] p1a: Passimian\n|move|p1a: Passimian|Knock Off|p2a: Calyrex\n|-supereffective|p2a: Calyrex\n|-damage|p2a: Calyrex|101/337\n|-enditem|p2a: Calyrex|Leftovers|[from] move: Knock Off|[of] p1a: Passimian\n|\n|-heal|p1a: Passimian|103/302|[from] item: Leftovers\n|upkeep\n|turn|19\n|\n|t:|1781462779\n|move|p2a: Calyrex|Giga Drain|p1a: Passimian\n|-damage|p1a: Passimian|0 fnt\n|-heal|p2a: Calyrex|153/337|[from] drain|[of] p1a: Passimian\n|faint|p1a: Passimian\n|\n|upkeep\n|\n|t:|1781462780\n|switch|p1a: Eternatus|Eternatus, L69|257/308\n|-ability|p1a: Eternatus|Pressure\n|turn|20\n|\n|t:|1781462788\n|move|p1a: Eternatus|Sludge Bomb|p2a: Calyrex\n|-supereffective|p2a: Calyrex\n|-damage|p2a: Calyrex|67/337\n|-status|p2a: Calyrex|psn\n|move|p2a: Calyrex|Psyshock|p1a: Eternatus\n|-supereffective|p1a: Eternatus\n|-damage|p1a: Eternatus|0 fnt\n|faint|p1a: Eternatus\n|\n|-damage|p2a: Calyrex|25/337 psn|[from] psn\n|upkeep\n|\n|t:|1781462790\n|switch|p1a: Forretress|Forretress, L84, M|166/263\n|turn|21\n|\n|t:|1781462803\n|move|p2a: Calyrex|Psyshock|p1a: Forretress\n|-resisted|p1a: Forretress\n|-damage|p1a: Forretress|106/263\n|move|p1a: Forretress|Toxic Spikes|p2a: Calyrex\n|-sidestart|p2: SnorlaxMunchies|move: Toxic Spikes\n|\n|-damage|p2a: Calyrex|0 fnt|[from] psn\n|faint|p2a: Calyrex\n|upkeep\n|\n|t:|1781462811\n|switch|p2a: Noivern|Noivern, L82, F|274/274\n|turn|22\n|\n|t:|1781462816\n|move|p2a: Noivern|Flamethrower|p1a: Forretress\n|-supereffective|p1a: Forretress\n|-damage|p1a: Forretress|0 fnt\n|faint|p1a: Forretress\n|\n|win|SnorlaxMunchies\n|raw|AnonimoEnLadder's rating: 1768 &rarr; <strong>1750</strong><br />(-18 for losing)\n|raw|SnorlaxMunchies's rating: 1799 &rarr; <strong>1817</strong><br />(+18 for winning)\n", "uploadtime": 1781462822, "views": 2, "formatid": "gen9randombattle", "rating": 1750, "private": 0, "password": null}