{"id": "gen9randombattle-2631702751", "format": "[Gen 9] Random Battle", "players": ["Where's Kelpo?", "acemericc"], "log": "|j|\u2606Where's Kelpo?\n|j|\u2606acemericc\n|t:|1781424896\n|gametype|singles\n|player|p1|Where's Kelpo?|silver|1267\n|player|p2|acemericc|pokemaniac|1295\n|gen|9\n|tier|[Gen 9] Random Battle\n|rated|\n|rule|Species Clause: Limit one of each Pok\u00e9mon\n|rule|HP Percentage Mod: HP is shown in percentages\n|rule|Sleep Clause Mod: Limit one foe put to sleep\n|rule|Illusion Level Mod: Illusion disguises the Pok\u00e9mon's true level\n|\n|t:|1781424896\n|teamsize|p1|6\n|teamsize|p2|6\n|start\n|switch|p1a: Quaquaval|Quaquaval, L79, M|264/264\n|switch|p2a: Excadrill|Excadrill, L79, F|303/303\n|-ability|p2a: Excadrill|Mold Breaker\n|turn|1\n|\n|t:|1781424932\n|-terastallize|p2a: Excadrill|Water\n|move|p2a: Excadrill|Rapid Spin|p1a: Quaquaval\n|-damage|p1a: Quaquaval|215/264\n|-boost|p2a: Excadrill|spe|1\n|move|p1a: Quaquaval|Aqua Step|p2a: Excadrill\n|-resisted|p2a: Excadrill\n|-damage|p2a: Excadrill|216/303\n|-boost|p1a: Quaquaval|spe|1\n|-damage|p1a: Quaquaval|189/264|[from] item: Life Orb\n|\n|upkeep\n|turn|2\n|inactive|Battle timer is ON: inactive players will automatically lose when time's up. (requested by acemericc)\n|\n|t:|1781424948\n|move|p2a: Excadrill|Rapid Spin|p1a: Quaquaval\n|-damage|p1a: Quaquaval|142/264\n|-boost|p2a: Excadrill|spe|1\n|move|p1a: Quaquaval|Knock Off|p2a: Excadrill\n|-damage|p2a: Excadrill|81/303\n|-enditem|p2a: Excadrill|Assault Vest|[from] move: Knock Off|[of] p1a: Quaquaval\n|-damage|p1a: Quaquaval|116/264|[from] item: Life Orb\n|\n|upkeep\n|turn|3\n|\n|t:|1781424959\n|move|p2a: Excadrill|Earthquake|p1a: Quaquaval\n|-damage|p1a: Quaquaval|0 fnt\n|faint|p1a: Quaquaval\n|\n|upkeep\n|\n|t:|1781424972\n|switch|p1a: Vikavolt|Vikavolt, L83, M|263/263\n|turn|4\n|\n|t:|1781424980\n|move|p2a: Excadrill|Rock Slide|p1a: Vikavolt\n|-supereffective|p1a: Vikavolt\n|-damage|p1a: Vikavolt|139/263\n|move|p1a: Vikavolt|Discharge|p2a: Excadrill\n|-supereffective|p2a: Excadrill\n|-damage|p2a: Excadrill|0 fnt\n|faint|p2a: Excadrill\n|\n|upkeep\n|\n|t:|1781425008\n|switch|p2a: Haxorus|Haxorus, L77, F|244/244\n|-ability|p2a: Haxorus|Mold Breaker\n|turn|5\n|\n|t:|1781425015\n|move|p2a: Haxorus|Swords Dance|p2a: Haxorus\n|-boost|p2a: Haxorus|atk|2\n|move|p1a: Vikavolt|Sticky Web|p2a: Haxorus\n|-sidestart|p2: acemericc|move: Sticky Web\n|\n|upkeep\n|turn|6\n|\n|t:|1781425031\n|move|p2a: Haxorus|Scale Shot|p1a: Vikavolt\n|-damage|p1a: Vikavolt|79/263\n|-damage|p1a: Vikavolt|21/263\n|-damage|p1a: Vikavolt|0 fnt\n|faint|p1a: Vikavolt\n|-hitcount|p1: Vikavolt|3\n|-unboost|p2a: Haxorus|def|1\n|-boost|p2a: Haxorus|spe|1\n|\n|upkeep\n|inactive|Where's Kelpo? has 120 seconds left.\n|\n|t:|1781425060\n|switch|p1a: Gliscor|Gliscor, L76, M|239/239\n|turn|7\n|inactive|Where's Kelpo? has 120 seconds left.\n|inactive|acemericc has 120 seconds left.\n|\n|t:|1781425108\n|move|p2a: Haxorus|Iron Head|p1a: Gliscor\n|-damage|p1a: Gliscor|135/239\n|cant|p1a: Gliscor|flinch\n|\n|-status|p1a: Gliscor|tox|[from] item: Toxic Orb\n|upkeep\n|turn|8\n|inactive|Where's Kelpo? has 120 seconds left.\n|\n|t:|1781425120\n|move|p2a: Haxorus|Scale Shot|p1a: Gliscor\n|-damage|p1a: Gliscor|81/239 tox\n|-damage|p1a: Gliscor|26/239 tox\n|-damage|p1a: Gliscor|0 fnt\n|faint|p1a: Gliscor\n|-hitcount|p1: Gliscor|3\n|-unboost|p2a: Haxorus|def|1\n|-boost|p2a: Haxorus|spe|1\n|\n|upkeep\n|inactive|Where's Kelpo? has 120 seconds left.\n|\n|t:|1781425129\n|switch|p1a: Arboliva|Arboliva, L91, F|288/288\n|turn|9\n|\n|t:|1781425138\n|-terastallize|p1a: Arboliva|Poison\n|move|p2a: Haxorus|Scale Shot|p1a: Arboliva\n|-damage|p1a: Arboliva|228/288\n|-damage|p1a: Arboliva|167/288\n|-damage|p1a: Arboliva|106/288\n|-enditem|p1a: Arboliva|Sitrus Berry|[eat]\n|-heal|p1a: Arboliva|178/288|[from] item: Sitrus Berry\n|-damage|p1a: Arboliva|124/288\n|-hitcount|p1a: Arboliva|4\n|-unboost|p2a: Haxorus|def|1\n|-boost|p2a: Haxorus|spe|1\n|move|p1a: Arboliva|Leech Seed|p2a: Haxorus\n|-start|p2a: Haxorus|move: Leech Seed\n|\n|-damage|p2a: Haxorus|214/244|[from] Leech Seed|[of] p1a: Arboliva\n|-heal|p1a: Arboliva|154/288|[silent]\n|-item|p1a: Arboliva|Sitrus Berry|[from] ability: Harvest\n|upkeep\n|turn|10\n|\n|t:|1781425151\n|move|p1a: Arboliva|Protect|p1a: Arboliva\n|-singleturn|p1a: Arboliva|Protect\n|move|p2a: Haxorus|Scale Shot|p1a: Arboliva\n|-activate|p1a: Arboliva|move: Protect\n|\n|-damage|p2a: Haxorus|184/244|[from] Leech Seed|[of] p1a: Arboliva\n|-heal|p1a: Arboliva|184/288|[silent]\n|upkeep\n|turn|11\n|\n|t:|1781425165\n|move|p2a: Haxorus|Scale Shot|p1a: Arboliva\n|-damage|p1a: Arboliva|121/288\n|-enditem|p1a: Arboliva|Sitrus Berry|[eat]\n|-heal|p1a: Arboliva|193/288|[from] item: Sitrus Berry\n|-damage|p1a: Arboliva|130/288\n|-damage|p1a: Arboliva|75/288\n|-damage|p1a: Arboliva|18/288\n|-hitcount|p1a: Arboliva|4\n|-unboost|p2a: Haxorus|def|1\n|-boost|p2a: Haxorus|spe|1\n|move|p1a: Arboliva|Hyper Voice|p2a: Haxorus\n|-damage|p2a: Haxorus|19/244\n|\n|-damage|p2a: Haxorus|0 fnt|[from] Leech Seed|[of] p1a: Arboliva\n|-heal|p1a: Arboliva|37/288|[silent]\n|faint|p2a: Haxorus\n|-item|p1a: Arboliva|Sitrus Berry|[from] ability: Harvest\n|upkeep\n|-enditem|p1a: Arboliva|Sitrus Berry|[eat]\n|-heal|p1a: Arboliva|109/288|[from] item: Sitrus Berry\n|\n|t:|1781425184\n|switch|p2a: Minior|Minior-Violet, L79, shiny|224/224\n|-formechange|p2a: Minior|Minior-Meteor||[from] ability: Shields Down\n|turn|12\n|\n|t:|1781425193\n|move|p2a: Minior|Shell Smash|p2a: Minior\n|-unboost|p2a: Minior|def|1\n|-unboost|p2a: Minior|spd|1\n|-boost|p2a: Minior|atk|2\n|-boost|p2a: Minior|spa|2\n|-boost|p2a: Minior|spe|2\n|-enditem|p2a: Minior|White Herb\n|-clearnegativeboost|p2a: Minior|[silent]\n|move|p1a: Arboliva|Leech Seed|p2a: Minior\n|-start|p2a: Minior|move: Leech Seed\n|\n|-damage|p2a: Minior|196/224|[from] Leech Seed|[of] p1a: Arboliva\n|-heal|p1a: Arboliva|137/288|[silent]\n|upkeep\n|turn|13\n|\n|t:|1781425204\n|move|p1a: Arboliva|Protect|p1a: Arboliva\n|-singleturn|p1a: Arboliva|Protect\n|move|p2a: Minior|Earthquake|p1a: Arboliva\n|-activate|p1a: Arboliva|move: Protect\n|\n|-damage|p2a: Minior|168/224|[from] Leech Seed|[of] p1a: Arboliva\n|-heal|p1a: Arboliva|165/288|[silent]\n|-item|p1a: Arboliva|Sitrus Berry|[from] ability: Harvest\n|upkeep\n|turn|14\n|\n|t:|1781425214\n|move|p2a: Minior|Earthquake|p1a: Arboliva\n|-supereffective|p1a: Arboliva\n|-damage|p1a: Arboliva|17/288\n|-enditem|p1a: Arboliva|Sitrus Berry|[eat]\n|-heal|p1a: Arboliva|89/288|[from] item: Sitrus Berry\n|move|p1a: Arboliva|Hyper Voice|p2a: Minior\n|-resisted|p2a: Minior\n|-damage|p2a: Minior|103/224\n|\n|-damage|p2a: Minior|75/224|[from] Leech Seed|[of] p1a: Arboliva\n|-heal|p1a: Arboliva|117/288|[silent]\n|-item|p1a: Arboliva|Sitrus Berry|[from] ability: Harvest\n|-formechange|p2a: Minior|Minior-Violet||[from] ability: Shields Down\n|upkeep\n|-enditem|p1a: Arboliva|Sitrus Berry|[eat]\n|-heal|p1a: Arboliva|189/288|[from] item: Sitrus Berry\n|turn|15\n|\n|t:|1781425231\n|move|p2a: Minior|Shell Smash|p2a: Minior\n|-unboost|p2a: Minior|def|1\n|-unboost|p2a: Minior|spd|1\n|-boost|p2a: Minior|atk|2\n|-boost|p2a: Minior|spa|2\n|-boost|p2a: Minior|spe|2\n|move|p1a: Arboliva|Hyper Voice|p2a: Minior\n|-resisted|p2a: Minior\n|-damage|p2a: Minior|0 fnt\n|faint|p2a: Minior\n|\n|upkeep\n|\n|t:|1781425235\n|switch|p2a: Ninetales|Ninetales-Alola, L78, M|242/242\n|-activate|p2a: Ninetales|move: Sticky Web\n|-unboost|p2a: Ninetales|spe|1\n|-weather|Snowscape|[from] ability: Snow Warning|[of] p2a: Ninetales\n|turn|16\n|\n|t:|1781425251\n|move|p2a: Ninetales|Blizzard|p1a: Arboliva\n|-damage|p1a: Arboliva|125/288\n|move|p1a: Arboliva|Leech Seed|p2a: Ninetales\n|-start|p2a: Ninetales|move: Leech Seed\n|\n|-weather|Snowscape|[upkeep]\n|-damage|p2a: Ninetales|212/242|[from] Leech Seed|[of] p1a: Arboliva\n|-heal|p1a: Arboliva|155/288|[silent]\n|upkeep\n|turn|17\n|\n|t:|1781425258\n|move|p2a: Ninetales|Blizzard|p1a: Arboliva\n|-crit|p1a: Arboliva\n|-damage|p1a: Arboliva|55/288\n|move|p1a: Arboliva|Hyper Voice|p2a: Ninetales\n|-damage|p2a: Ninetales|68/242\n|\n|-weather|Snowscape|[upkeep]\n|-damage|p2a: Ninetales|38/242|[from] Leech Seed|[of] p1a: Arboliva\n|-heal|p1a: Arboliva|85/288|[silent]\n|upkeep\n|turn|18\n|\n|t:|1781425262\n|move|p1a: Arboliva|Protect|p1a: Arboliva\n|-singleturn|p1a: Arboliva|Protect\n|move|p2a: Ninetales|Blizzard|p1a: Arboliva\n|-activate|p1a: Arboliva|move: Protect\n|\n|-weather|Snowscape|[upkeep]\n|-damage|p2a: Ninetales|8/242|[from] Leech Seed|[of] p1a: Arboliva\n|-heal|p1a: Arboliva|115/288|[silent]\n|upkeep\n|turn|19\n|\n|t:|1781425274\n|move|p2a: Ninetales|Blizzard|p1a: Arboliva\n|-damage|p1a: Arboliva|39/288\n|move|p1a: Arboliva|Hyper Voice|p2a: Ninetales\n|-damage|p2a: Ninetales|0 fnt\n|faint|p2a: Ninetales\n|\n|-weather|Snowscape|[upkeep]\n|-item|p1a: Arboliva|Sitrus Berry|[from] ability: Harvest\n|upkeep\n|-enditem|p1a: Arboliva|Sitrus Berry|[eat]\n|-heal|p1a: Arboliva|111/288|[from] item: Sitrus Berry\n|\n|t:|1781425279\n|switch|p2a: Pachirisu|Pachirisu, L96, M|271/271\n|-activate|p2a: Pachirisu|move: Sticky Web\n|-unboost|p2a: Pachirisu|spe|1\n|turn|20\n|\n|t:|1781425301\n|move|p2a: Pachirisu|Nuzzle|p1a: Arboliva\n|-damage|p1a: Arboliva|95/288\n|-status|p1a: Arboliva|par\n|move|p1a: Arboliva|Leech Seed|p2a: Pachirisu\n|-start|p2a: Pachirisu|move: Leech Seed\n|\n|-weather|none\n|-damage|p2a: Pachirisu|238/271|[from] Leech Seed|[of] p1a: Arboliva\n|-heal|p1a: Arboliva|128/288 par|[silent]\n|upkeep\n|turn|21\n|\n|t:|1781425311\n|move|p2a: Pachirisu|Thunderbolt|p1a: Arboliva\n|-damage|p1a: Arboliva|67/288 par\n|move|p1a: Arboliva|Hyper Voice|p2a: Pachirisu\n|-damage|p2a: Pachirisu|163/271\n|\n|-damage|p2a: Pachirisu|130/271|[from] Leech Seed|[of] p1a: Arboliva\n|-heal|p1a: Arboliva|100/288 par|[silent]\n|upkeep\n|turn|22\n|\n|t:|1781425321\n|cant|p1a: Arboliva|par\n|move|p2a: Pachirisu|Thunderbolt|p1a: Arboliva\n|-damage|p1a: Arboliva|42/288 par\n|\n|-damage|p2a: Pachirisu|97/271|[from] Leech Seed|[of] p1a: Arboliva\n|-heal|p1a: Arboliva|75/288 par|[silent]\n|-item|p1a: Arboliva|Sitrus Berry|[from] ability: Harvest\n|upkeep\n|-enditem|p1a: Arboliva|Sitrus Berry|[eat]\n|-heal|p1a: Arboliva|147/288 par|[from] item: Sitrus Berry\n|turn|23\n|inactive|acemericc has 120 seconds left.\n|\n|t:|1781425354\n|move|p1a: Arboliva|Protect|p1a: Arboliva\n|-singleturn|p1a: Arboliva|Protect\n|move|p2a: Pachirisu|Thunderbolt|p1a: Arboliva\n|-activate|p1a: Arboliva|move: Protect\n|\n|-damage|p2a: Pachirisu|64/271|[from] Leech Seed|[of] p1a: Arboliva\n|-heal|p1a: Arboliva|180/288 par|[silent]\n|upkeep\n|turn|24\n|\n|t:|1781425362\n|move|p2a: Pachirisu|Thunderbolt|p1a: Arboliva\n|-damage|p1a: Arboliva|122/288 par\n|move|p1a: Arboliva|Hyper Voice|p2a: Pachirisu\n|-damage|p2a: Pachirisu|0 fnt\n|faint|p2a: Pachirisu\n|\n|-item|p1a: Arboliva|Sitrus Berry|[from] ability: Harvest\n|upkeep\n|-enditem|p1a: Arboliva|Sitrus Berry|[eat]\n|-heal|p1a: Arboliva|194/288 par|[from] item: Sitrus Berry\n|\n|t:|1781425365\n|switch|p2a: Gothitelle|Gothitelle, L90, F|272/272\n|-activate|p2a: Gothitelle|move: Sticky Web\n|-unboost|p2a: Gothitelle|spe|1\n|turn|25\n|\n|t:|1781425388\n|move|p2a: Gothitelle|Trick|p1a: Arboliva\n|-activate|p2a: Gothitelle|move: Trick|[of] p1a: Arboliva\n|-item|p1a: Arboliva|Choice Scarf|[from] move: Trick\n|-enditem|p2a: Gothitelle|Choice Scarf|[silent]|[from] move: Trick\n|cant|p1a: Arboliva|par\n|\n|upkeep\n|turn|26\n|inactive|acemericc has 120 seconds left.\n|\n|t:|1781425418\n|move|p2a: Gothitelle|Psychic|p1a: Arboliva\n|-supereffective|p1a: Arboliva\n|-damage|p1a: Arboliva|26/288 par\n|move|p1a: Arboliva|Hyper Voice|p2a: Gothitelle\n|-damage|p2a: Gothitelle|169/272\n|\n|upkeep\n|turn|27\n|\n|t:|1781425423\n|move|p2a: Gothitelle|Psychic|p1a: Arboliva\n|-supereffective|p1a: Arboliva\n|-damage|p1a: Arboliva|0 fnt\n|faint|p1a: Arboliva\n|\n|upkeep\n|\n|t:|1781425433\n|switch|p1a: Iron Jugulis|Iron Jugulis, L77|271/271\n|turn|28\n|\n|t:|1781425442\n|move|p1a: Iron Jugulis|Dark Pulse|p2a: Gothitelle\n|-supereffective|p2a: Gothitelle\n|-damage|p2a: Gothitelle|43/272\n|cant|p2a: Gothitelle|flinch\n|\n|upkeep\n|turn|29\n|c|\u2606Where's Kelpo?|gg\n|inactive|acemericc has 120 seconds left.\n|\n|t:|1781425473\n|move|p1a: Iron Jugulis|Dark Pulse|p2a: Gothitelle\n|-supereffective|p2a: Gothitelle\n|-damage|p2a: Gothitelle|0 fnt\n|faint|p2a: Gothitelle\n|\n|win|Where's Kelpo?\n|raw|Where&apos;s Kelpo?'s rating: 1267 &rarr; <strong>1294</strong><br />(+27 for winning)\n|raw|acemericc's rating: 1295 &rarr; <strong>1268</strong><br />(-27 for losing)\n|l|\u2606acemericc\n|player|p2|\n", "uploadtime": 1781425479, "views": 3, "formatid": "gen9randombattle", "rating": 1268, "private": 0, "password": null}