{"id": "gen9randombattle-2631822842", "format": "[Gen 9] Random Battle", "players": ["smokeycool", "Ramity"], "log": "|j|\u2606smokeycool\n|j|\u2606Ramity\n|t:|1781444627\n|gametype|singles\n|player|p1|smokeycool|worker|1972\n|player|p2|Ramity|2|1957\n|gen|9\n|tier|[Gen 9] Random Battle\n|rated|\n|rule|Species Clause: Limit one of each Pok\u00e9mon\n|rule|HP Percentage Mod: HP is shown in percentages\n|rule|Sleep Clause Mod: Limit one foe put to sleep\n|rule|Illusion Level Mod: Illusion disguises the Pok\u00e9mon's true level\n|\n|t:|1781444627\n|teamsize|p1|6\n|teamsize|p2|6\n|start\n|switch|p1a: Tatsugiri|Tatsugiri, L87, F|260/260\n|switch|p2a: Sableye|Sableye, L88, F|231/231\n|turn|1\n|inactive|Battle timer is ON: inactive players will automatically lose when time's up. (requested by smokeycool)\n|\n|t:|1781444639\n|switch|p1a: Donphan|Donphan, L84, M|288/288\n|move|p2a: Sableye|Thunder Wave|p1a: Donphan\n|-immune|p1a: Donphan\n|\n|upkeep\n|turn|2\n|\n|t:|1781444645\n|move|p2a: Sableye|Knock Off|p1a: Donphan\n|-damage|p1a: Donphan|219/288\n|-enditem|p1a: Donphan|Leftovers|[from] move: Knock Off|[of] p2a: Sableye\n|move|p1a: Donphan|Stealth Rock|p2a: Sableye\n|-sidestart|p2: Ramity|move: Stealth Rock\n|\n|upkeep\n|turn|3\n|\n|t:|1781444656\n|switch|p2a: Uxie|Uxie, L83|260/260\n|-damage|p2a: Uxie|228/260|[from] Stealth Rock\n|move|p1a: Donphan|Knock Off|p2a: Uxie\n|-supereffective|p2a: Uxie\n|-damage|p2a: Uxie|112/260\n|-enditem|p2a: Uxie|Leftovers|[from] move: Knock Off|[of] p1a: Donphan\n|\n|upkeep\n|turn|4\n|\n|t:|1781444670\n|move|p2a: Uxie|Psychic Noise|p1a: Donphan\n|-damage|p1a: Donphan|128/288\n|-start|p1a: Donphan|move: Heal Block\n|move|p1a: Donphan|Knock Off|p2a: Uxie\n|-supereffective|p2a: Uxie\n|-damage|p2a: Uxie|28/260\n|\n|upkeep\n|turn|5\n|\n|t:|1781444675\n|switch|p1a: Rabsca|Rabsca, L91, M|284/284\n|move|p2a: Uxie|Stealth Rock|p1a: Rabsca\n|-sidestart|p1: smokeycool|move: Stealth Rock\n|\n|upkeep\n|turn|6\n|\n|t:|1781444681\n|move|p2a: Uxie|U-turn|p1a: Rabsca\n|-supereffective|p1a: Rabsca\n|-damage|p1a: Rabsca|202/284\n|\n|t:|1781444687\n|switch|p2a: Glimmora|Glimmora, L75, M|248/248|[from] U-turn\n|-damage|p2a: Glimmora|217/248|[from] Stealth Rock\n|move|p1a: Rabsca|Bug Buzz|p2a: Glimmora\n|-resisted|p2a: Glimmora\n|-damage|p2a: Glimmora|166/248\n|-unboost|p2a: Glimmora|spd|1\n|\n|upkeep\n|turn|7\n|\n|t:|1781444694\n|move|p2a: Glimmora|Power Gem|p1a: Rabsca\n|-supereffective|p1a: Rabsca\n|-damage|p1a: Rabsca|52/284\n|move|p1a: Rabsca|Earth Power|p2a: Glimmora\n|-supereffective|p2a: Glimmora\n|-crit|p2a: Glimmora\n|-damage|p2a: Glimmora|0 fnt\n|faint|p2a: Glimmora\n|\n|upkeep\n|\n|t:|1781444707\n|switch|p2a: Skarmory|Skarmory, L80, F|235/235\n|-damage|p2a: Skarmory|206/235|[from] Stealth Rock\n|turn|8\n|\n|t:|1781444716\n|switch|p1a: Tatsugiri|Tatsugiri, L87, F|260/260\n|move|p2a: Skarmory|Brave Bird|p1a: Tatsugiri\n|-damage|p1a: Tatsugiri|125/260\n|-damage|p2a: Skarmory|161/235|[from] Recoil\n|\n|upkeep\n|turn|9\n|\n|t:|1781444726\n|switch|p2a: Uxie|Uxie, L83|28/260\n|-damage|p2a: Uxie|0 fnt|[from] Stealth Rock\n|faint|p2a: Uxie\n|move|p1a: Tatsugiri|Surf|p2: Uxie|[notarget]\n|-fail|p1a: Tatsugiri\n|\n|upkeep\n|\n|t:|1781444731\n|switch|p2a: Sableye|Sableye, L88, F|231/231\n|-damage|p2a: Sableye|203/231|[from] Stealth Rock\n|turn|10\n|\n|t:|1781444738\n|move|p1a: Tatsugiri|Draco Meteor|p2a: Sableye\n|-crit|p2a: Sableye\n|-damage|p2a: Sableye|0 fnt\n|-unboost|p1a: Tatsugiri|spa|2\n|faint|p2a: Sableye\n|\n|upkeep\n|\n|t:|1781444747\n|switch|p2a: Avalugg|Avalugg-Hisui, L90, M|317/317\n|turn|11\n|\n|t:|1781444751\n|-terastallize|p2a: Avalugg|Ghost\n|move|p1a: Tatsugiri|Rapid Spin|p2a: Avalugg\n|-immune|p2a: Avalugg\n|move|p2a: Avalugg|Rapid Spin|p1a: Tatsugiri\n|-damage|p1a: Tatsugiri|64/260\n|-boost|p2a: Avalugg|spe|1\n|-sideend|p2: Ramity|Stealth Rock|[from] move: Rapid Spin|[of] p2a: Avalugg\n|\n|upkeep\n|turn|12\n|\n|t:|1781444758\n|move|p1a: Tatsugiri|Nasty Plot|p1a: Tatsugiri\n|-boost|p1a: Tatsugiri|spa|2\n|move|p2a: Avalugg|Rapid Spin|p1a: Tatsugiri\n|-crit|p1a: Tatsugiri\n|-damage|p1a: Tatsugiri|0 fnt\n|-boost|p2a: Avalugg|spe|1\n|faint|p1a: Tatsugiri\n|\n|upkeep\n|\n|t:|1781444785\n|switch|p1a: Qwilfish|Qwilfish, L86, F|252/252\n|-ability|p1a: Qwilfish|Intimidate|boost\n|-unboost|p2a: Avalugg|atk|1\n|turn|13\n|\n|t:|1781444791\n|switch|p2a: Palafin|Palafin, L77, F|281/281\n|move|p1a: Qwilfish|Gunk Shot|p2a: Palafin\n|-damage|p2a: Palafin|101/281\n|-status|p2a: Palafin|psn\n|\n|-heal|p2a: Palafin|118/281 psn|[from] item: Leftovers\n|-damage|p2a: Palafin|83/281 psn|[from] psn\n|upkeep\n|turn|14\n|\n|t:|1781444801\n|detailschange|p2a: Palafin|Palafin-Hero, L77, F\n|switch|p2a: Skarmory|Skarmory, L80, F|161/235\n|move|p1a: Qwilfish|Toxic Spikes|p2a: Skarmory\n|-sidestart|p2: Ramity|move: Toxic Spikes\n|\n|upkeep\n|turn|15\n|\n|t:|1781444804\n|move|p1a: Qwilfish|Flip Turn|p2a: Skarmory\n|-damage|p2a: Skarmory|115/235\n|-damage|p1a: Qwilfish|210/252|[from] item: Rocky Helmet|[of] p2a: Skarmory\n|\n|t:|1781444809\n|switch|p1a: Donphan|Donphan, L84, M|128/288|[from] Flip Turn\n|-damage|p1a: Donphan|110/288|[from] Stealth Rock\n|move|p2a: Skarmory|Spikes|p1a: Donphan\n|-sidestart|p1: smokeycool|Spikes\n|\n|upkeep\n|turn|16\n|\n|t:|1781444813\n|move|p2a: Skarmory|Brave Bird|p1a: Donphan\n|-damage|p1a: Donphan|32/288\n|-damage|p2a: Skarmory|89/235|[from] Recoil\n|move|p1a: Donphan|Knock Off|p2a: Skarmory\n|-damage|p2a: Skarmory|33/235\n|-damage|p1a: Donphan|0 fnt|[from] item: Rocky Helmet|[of] p2a: Skarmory\n|faint|p1a: Donphan\n|\n|upkeep\n|\n|t:|1781444820\n|switch|p1a: Baxcalibur|Baxcalibur, L75, F|296/296\n|turn|17\n|\n|t:|1781444828\n|move|p1a: Baxcalibur|Glaive Rush|p2a: Skarmory\n|-resisted|p2a: Skarmory\n|-damage|p2a: Skarmory|0 fnt\n|-singlemove|p1a: Baxcalibur|Glaive Rush|[silent]\n|-damage|p1a: Baxcalibur|247/296|[from] item: Rocky Helmet|[of] p2a: Skarmory\n|faint|p2a: Skarmory\n|\n|upkeep\n|\n|t:|1781444830\n|switch|p2a: Palafin|Palafin-Hero, L77, F|83/281 psn\n|-activate|p2a: Palafin|ability: Zero to Hero\n|turn|18\n|\n|t:|1781444834\n|switch|p1a: Qwilfish|Qwilfish, L86, F|210/252\n|-ability|p1a: Qwilfish|Intimidate|boost\n|-unboost|p2a: Palafin|atk|1\n|move|p2a: Palafin|Bulk Up|p2a: Palafin\n|-boost|p2a: Palafin|atk|1\n|-boost|p2a: Palafin|def|1\n|\n|-heal|p2a: Palafin|100/281 psn|[from] item: Leftovers\n|-damage|p2a: Palafin|65/281 psn|[from] psn\n|upkeep\n|turn|19\n|-message|Ramity forfeited.\n|\n|win|smokeycool\n", "uploadtime": 1781444629, "views": 5, "formatid": "gen9randombattle", "rating": null, "private": 0, "password": null}