{"id": "gen9randombattle-2631647668", "format": "[Gen 9] Random Battle", "players": ["lalo's pollos", "jsjsiis"], "log": "|j|\u2606lalo's pollos\n|j|\u2606jsjsiis\n|t:|1781414477\n|gametype|singles\n|player|p1|lalo's pollos|1|1982\n|player|p2|jsjsiis|1|1966\n|gen|9\n|tier|[Gen 9] Random Battle\n|rated|\n|rule|Species Clause: Limit one of each Pok\u00e9mon\n|rule|HP Percentage Mod: HP is shown in percentages\n|rule|Sleep Clause Mod: Limit one foe put to sleep\n|rule|Illusion Level Mod: Illusion disguises the Pok\u00e9mon's true level\n|\n|t:|1781414477\n|teamsize|p1|6\n|teamsize|p2|6\n|start\n|switch|p1a: Jumpluff|Jumpluff, L87, M|271/271\n|switch|p2a: Iron Hands|Iron Hands, L79|373/373\n|turn|1\n|inactive|Battle timer is ON: inactive players will automatically lose when time's up. (requested by jsjsiis)\n|\n|t:|1781414491\n|switch|p1a: Weezing|Weezing, L88, F|258/258\n|move|p2a: Iron Hands|Ice Punch|p1a: Weezing\n|-damage|p1a: Weezing|209/258\n|\n|-heal|p1a: Weezing|225/258|[from] item: Leftovers\n|upkeep\n|turn|2\n|\n|t:|1781414496\n|-end|p2a: Iron Hands|Quark Drive|[silent]\n|switch|p2a: Reuniclus|Reuniclus, L88, F|337/337\n|move|p1a: Weezing|Toxic Spikes|p2a: Reuniclus\n|-sidestart|p2: jsjsiis|move: Toxic Spikes\n|\n|-heal|p1a: Weezing|241/258|[from] item: Leftovers\n|upkeep\n|turn|3\n|\n|t:|1781414505\n|switch|p1a: Metagross|Metagross, L79|256/256\n|move|p2a: Reuniclus|Psyshock|p1a: Metagross\n|-resisted|p1a: Metagross\n|-damage|p1a: Metagross|229/256\n|\n|upkeep\n|turn|4\n|\n|t:|1781414515\n|switch|p2a: Rhydon|Rhydon, L85, F|317/317\n|-status|p2a: Rhydon|psn\n|move|p1a: Metagross|Agility|p1a: Metagross\n|-boost|p1a: Metagross|spe|2\n|\n|-damage|p2a: Rhydon|278/317 psn|[from] psn\n|upkeep\n|turn|5\n|\n|t:|1781414525\n|move|p1a: Metagross|Knock Off|p2a: Rhydon\n|-damage|p2a: Rhydon|235/317 psn\n|-enditem|p2a: Rhydon|Eviolite|[from] move: Knock Off|[of] p1a: Metagross\n|move|p2a: Rhydon|Stealth Rock|p1a: Metagross\n|-sidestart|p1: lalo's pollos|move: Stealth Rock\n|\n|-damage|p2a: Rhydon|196/317 psn|[from] psn\n|upkeep\n|turn|6\n|l|\u2606jsjsiis\n|inactive|jsjsiis disconnected and has a minute to reconnect!\n|player|p2|\n|j|\u2606jsjsiis\n|inactive|jsjsiis reconnected and has 135 seconds left.\n|player|p2|jsjsiis|1|\n|\n|t:|1781414553\n|move|p1a: Metagross|Heavy Slam|p2a: Rhydon\n|-supereffective|p2a: Rhydon\n|-damage|p2a: Rhydon|10/317 psn\n|move|p2a: Rhydon|Megahorn|p1a: Metagross\n|-damage|p1a: Metagross|141/256\n|\n|-damage|p2a: Rhydon|0 fnt|[from] psn\n|faint|p2a: Rhydon\n|upkeep\n|inactive|jsjsiis has 120 seconds left.\n|\n|t:|1781414567\n|switch|p2a: Tauros|Tauros-Paldea-Combat, L82, M|257/257\n|-status|p2a: Tauros|psn\n|-ability|p2a: Tauros|Intimidate|boost\n|-fail|p1a: Metagross|unboost|[from] ability: Clear Body|[of] p1a: Metagross\n|turn|7\n|inactive|lalo's pollos has 120 seconds left.\n|inactive|lalo's pollos has 90 seconds left.\n|\n|t:|1781414632\n|move|p1a: Metagross|Earthquake|p2a: Tauros\n|-damage|p2a: Tauros|181/257 psn\n|move|p2a: Tauros|Close Combat|p1a: Metagross\n|-crit|p1a: Metagross\n|-damage|p1a: Metagross|0 fnt\n|-unboost|p2a: Tauros|def|1\n|-unboost|p2a: Tauros|spd|1\n|faint|p1a: Metagross\n|-damage|p2a: Tauros|156/257 psn|[from] item: Life Orb\n|\n|-damage|p2a: Tauros|124/257 psn|[from] psn\n|upkeep\n|inactive|lalo's pollos has 90 seconds left.\n|\n|t:|1781414647\n|switch|p1a: Weezing|Weezing, L88, F|241/258\n|-damage|p1a: Weezing|209/258|[from] Stealth Rock\n|turn|8\n|\n|t:|1781414660\n|switch|p2a: Reuniclus|Reuniclus, L88, F|337/337\n|-status|p2a: Reuniclus|psn\n|move|p1a: Weezing|Gunk Shot|p2a: Reuniclus\n|-damage|p2a: Reuniclus|183/337 psn\n|\n|-heal|p1a: Weezing|225/258|[from] item: Leftovers\n|upkeep\n|turn|9\n|inactive|lalo's pollos has 90 seconds left.\n|\n|t:|1781414674\n|switch|p1a: Ursaluna|Ursaluna, L79, M|235/235\n|-damage|p1a: Ursaluna|206/235|[from] Stealth Rock\n|move|p2a: Reuniclus|Recover|p2a: Reuniclus\n|-heal|p2a: Reuniclus|337/337 psn\n|\n|upkeep\n|turn|10\n|\n|t:|1781414694\n|move|p1a: Ursaluna|Nasty Plot|p1a: Ursaluna\n|-boost|p1a: Ursaluna|spa|2\n|move|p2a: Reuniclus|Focus Blast|p1a: Ursaluna\n|-supereffective|p1a: Ursaluna\n|-damage|p1a: Ursaluna|0 fnt\n|replace|p1a: Zoroark|Zoroark, L83, M\n|-end|p1a: Zoroark|Illusion\n|-hint|Illusion Level Mod is active, so this Pok\u00e9mon's true level was hidden.\n|faint|p1a: Zoroark\n|\n|upkeep\n|inactive|lalo's pollos has 90 seconds left.\n|\n|t:|1781414713\n|switch|p1a: Blaziken|Blaziken, L76, F|247/247\n|-damage|p1a: Blaziken|217/247|[from] Stealth Rock\n|turn|11\n|\n|t:|1781414717\n|-terastallize|p1a: Blaziken|Dark\n|move|p1a: Blaziken|Swords Dance|p1a: Blaziken\n|-boost|p1a: Blaziken|atk|2\n|move|p2a: Reuniclus|Focus Blast|p1a: Blaziken|[miss]\n|-miss|p2a: Reuniclus|p1a: Blaziken\n|\n|-ability|p1a: Blaziken|Speed Boost|boost\n|-boost|p1a: Blaziken|spe|1\n|upkeep\n|turn|12\n|\n|t:|1781414729\n|switch|p2a: Tauros|Tauros-Paldea-Combat, L82, M|124/257 psn\n|-ability|p2a: Tauros|Intimidate|boost\n|-unboost|p1a: Blaziken|atk|1\n|move|p1a: Blaziken|Knock Off|p2a: Tauros\n|-resisted|p2a: Tauros\n|-damage|p2a: Tauros|40/257 psn\n|-enditem|p2a: Tauros|Life Orb|[from] move: Knock Off|[of] p1a: Blaziken\n|-damage|p1a: Blaziken|193/247|[from] item: Life Orb\n|\n|-damage|p2a: Tauros|8/257 psn|[from] psn\n|-ability|p1a: Blaziken|Speed Boost|boost\n|-boost|p1a: Blaziken|spe|1\n|upkeep\n|turn|13\n|\n|t:|1781414736\n|move|p1a: Blaziken|Knock Off|p2a: Tauros\n|-resisted|p2a: Tauros\n|-damage|p2a: Tauros|0 fnt\n|faint|p2a: Tauros\n|-damage|p1a: Blaziken|169/247|[from] item: Life Orb\n|\n|-ability|p1a: Blaziken|Speed Boost|boost\n|-boost|p1a: Blaziken|spe|1\n|upkeep\n|\n|t:|1781414752\n|switch|p2a: Iron Hands|Iron Hands, L79|373/373\n|-status|p2a: Iron Hands|psn\n|turn|14\n|\n|t:|1781414754\n|move|p1a: Blaziken|Flare Blitz|p2a: Iron Hands\n|-damage|p2a: Iron Hands|165/373 psn\n|-damage|p1a: Blaziken|100/247|[from] Recoil\n|-damage|p1a: Blaziken|76/247|[from] item: Life Orb\n|move|p2a: Iron Hands|Drain Punch|p1a: Blaziken\n|-supereffective|p1a: Blaziken\n|-damage|p1a: Blaziken|0 fnt\n|-heal|p2a: Iron Hands|203/373 psn|[from] drain|[of] p1a: Blaziken\n|faint|p1a: Blaziken\n|\n|-heal|p2a: Iron Hands|226/373 psn|[from] item: Leftovers\n|-damage|p2a: Iron Hands|180/373 psn|[from] psn\n|upkeep\n|\n|t:|1781414760\n|switch|p1a: Jumpluff|Jumpluff, L87, M|271/271\n|-damage|p1a: Jumpluff|204/271|[from] Stealth Rock\n|turn|15\n|\n|t:|1781414766\n|move|p1a: Jumpluff|Strength Sap|p2a: Iron Hands\n|-unboost|p2a: Iron Hands|atk|1\n|-heal|p1a: Jumpluff|271/271\n|move|p2a: Iron Hands|Ice Punch|p1a: Jumpluff\n|-supereffective|p1a: Jumpluff\n|-damage|p1a: Jumpluff|67/271\n|\n|-heal|p2a: Iron Hands|203/373 psn|[from] item: Leftovers\n|-damage|p2a: Iron Hands|157/373 psn|[from] psn\n|upkeep\n|turn|16\n|\n|t:|1781414773\n|move|p1a: Jumpluff|Strength Sap|p2a: Iron Hands\n|-unboost|p2a: Iron Hands|atk|1\n|-heal|p1a: Jumpluff|245/271\n|move|p2a: Iron Hands|Ice Punch|p1a: Jumpluff\n|-supereffective|p1a: Jumpluff\n|-damage|p1a: Jumpluff|101/271\n|\n|-heal|p2a: Iron Hands|180/373 psn|[from] item: Leftovers\n|-damage|p2a: Iron Hands|134/373 psn|[from] psn\n|upkeep\n|turn|17\n|\n|t:|1781414778\n|move|p1a: Jumpluff|Acrobatics|p2a: Iron Hands\n|-damage|p2a: Iron Hands|62/373 psn\n|move|p2a: Iron Hands|Ice Punch|p1a: Jumpluff\n|-supereffective|p1a: Jumpluff\n|-damage|p1a: Jumpluff|0 fnt\n|faint|p1a: Jumpluff\n|\n|-heal|p2a: Iron Hands|85/373 psn|[from] item: Leftovers\n|-damage|p2a: Iron Hands|39/373 psn|[from] psn\n|upkeep\n|\n|t:|1781414783\n|switch|p1a: Weezing|Weezing, L88, F|225/258\n|-damage|p1a: Weezing|193/258|[from] Stealth Rock\n|turn|18\n|-message|lalo's pollos forfeited.\n|\n|win|jsjsiis\n", "uploadtime": 1781414479, "views": 3, "formatid": "gen9randombattle", "rating": null, "private": 0, "password": null}