{"id": "gen9randombattle-2631474807", "format": "[Gen 9] Random Battle", "players": ["Jdog5412", "Lvpflooring"], "log": "|j|\u2606Jdog5412\n|j|\u2606Lvpflooring\n|t:|1781389420\n|gametype|singles\n|player|p1|Jdog5412|101|1040\n|player|p2|Lvpflooring|169|1000\n|gen|9\n|tier|[Gen 9] Random Battle\n|rated|\n|rule|Species Clause: Limit one of each Pok\u00e9mon\n|rule|HP Percentage Mod: HP is shown in percentages\n|rule|Sleep Clause Mod: Limit one foe put to sleep\n|rule|Illusion Level Mod: Illusion disguises the Pok\u00e9mon's true level\n|\n|t:|1781389420\n|teamsize|p1|6\n|teamsize|p2|6\n|start\n|switch|p1a: Probopass|Probopass, L91, M|257/257\n|switch|p2a: Ariados|Ariados, L95, M|287/287\n|turn|1\n|\n|t:|1781389430\n|move|p2a: Ariados|Sticky Web|p1a: Probopass\n|-sidestart|p1: Jdog5412|move: Sticky Web\n|move|p1a: Probopass|Body Press|p2a: Ariados\n|-resisted|p2a: Ariados\n|-damage|p2a: Ariados|265/287\n|\n|upkeep\n|turn|2\n|\n|t:|1781389438\n|move|p2a: Ariados|Knock Off|p1a: Probopass\n|-damage|p1a: Probopass|202/257\n|-enditem|p1a: Probopass|Chesto Berry|[from] move: Knock Off|[of] p2a: Ariados\n|move|p1a: Probopass|Power Gem|p2a: Ariados\n|-supereffective|p2a: Ariados\n|-damage|p2a: Ariados|89/287\n|\n|upkeep\n|turn|3\n|\n|t:|1781389454\n|move|p2a: Ariados|Knock Off|p1a: Probopass\n|-damage|p1a: Probopass|169/257\n|move|p1a: Probopass|Iron Defense|p1a: Probopass\n|-boost|p1a: Probopass|def|2\n|\n|upkeep\n|turn|4\n|\n|t:|1781389461\n|move|p2a: Ariados|Knock Off|p1a: Probopass\n|-damage|p1a: Probopass|152/257\n|move|p1a: Probopass|Power Gem|p2a: Ariados\n|-supereffective|p2a: Ariados\n|-damage|p2a: Ariados|0 fnt\n|faint|p2a: Ariados\n|\n|upkeep\n|\n|t:|1781389463\n|switch|p2a: Talonflame|Talonflame, L83, M|265/265\n|turn|5\n|\n|t:|1781389472\n|move|p2a: Talonflame|Overheat|p1a: Probopass\n|-damage|p1a: Probopass|85/257\n|-unboost|p2a: Talonflame|spa|2\n|move|p1a: Probopass|Rest|p1a: Probopass\n|-status|p1a: Probopass|slp|[from] move: Rest\n|-heal|p1a: Probopass|257/257 slp|[silent]\n|\n|upkeep\n|turn|6\n|\n|t:|1781389483\n|move|p2a: Talonflame|Overheat|p1a: Probopass\n|-crit|p1a: Probopass\n|-damage|p1a: Probopass|154/257 slp\n|-unboost|p2a: Talonflame|spa|2\n|cant|p1a: Probopass|slp\n|\n|upkeep\n|turn|7\n|\n|t:|1781389491\n|move|p2a: Talonflame|Overheat|p1a: Probopass|[miss]\n|-miss|p2a: Talonflame|p1a: Probopass\n|cant|p1a: Probopass|slp\n|\n|upkeep\n|turn|8\n|\n|t:|1781389498\n|move|p2a: Talonflame|Overheat|p1a: Probopass\n|-damage|p1a: Probopass|132/257 slp\n|-unboost|p2a: Talonflame|spa|2\n|-curestatus|p1a: Probopass|slp|[msg]\n|move|p1a: Probopass|Power Gem|p2a: Talonflame\n|-supereffective|p2a: Talonflame\n|-damage|p2a: Talonflame|0 fnt\n|faint|p2a: Talonflame\n|\n|upkeep\n|-message|Lvpflooring forfeited.\n|\n|win|Jdog5412\n|raw|Jdog5412's rating: 1040 &rarr; <strong>1070</strong><br />(+30 for winning)\n|raw|Lvpflooring's rating: 1000 &rarr; <strong>1000</strong><br />(+0 for losing)\n|l|\u2606Lvpflooring\n|player|p2|\n", "uploadtime": 1781389646, "views": 9, "formatid": "gen9randombattle", "rating": 1000, "private": 0, "password": null}