{"id": "gen9randombattle-2631720010", "format": "[Gen 9] Random Battle", "players": ["MegaSnorlaxatives", "symitry"], "log": "|j|\u203dMegaSnorlaxatives\n|j|\u2606symitry\n|t:|1781428166\n|gametype|singles\n|player|p1|MegaSnorlaxatives|veteran|1919\n|player|p2|symitry|102|1941\n|gen|9\n|tier|[Gen 9] Random Battle\n|rated|\n|rule|Species Clause: Limit one of each Pok\u00e9mon\n|rule|HP Percentage Mod: HP is shown in percentages\n|rule|Sleep Clause Mod: Limit one foe put to sleep\n|rule|Illusion Level Mod: Illusion disguises the Pok\u00e9mon's true level\n|\n|t:|1781428166\n|teamsize|p1|6\n|teamsize|p2|6\n|start\n|switch|p1a: Dunsparce|Dunsparce, L86, F|312/312\n|switch|p2a: Furret|Furret, L94, M|312/312\n|-item|p1a: Dunsparce|Eviolite|[from] ability: Frisk|[of] p2a: Furret\n|turn|1\n|inactive|Battle timer is ON: inactive players will automatically lose when time's up. (requested by MegaSnorlaxatives)\n|\n|t:|1781428172\n|move|p2a: Furret|Knock Off|p1a: Dunsparce\n|-damage|p1a: Dunsparce|239/312\n|-enditem|p1a: Dunsparce|Eviolite|[from] move: Knock Off|[of] p2a: Furret\n|-damage|p2a: Furret|281/312|[from] item: Life Orb\n|move|p1a: Dunsparce|Body Slam|p2a: Furret\n|-damage|p2a: Furret|193/312\n|-status|p2a: Furret|par\n|\n|upkeep\n|turn|2\n|\n|t:|1781428180\n|move|p1a: Dunsparce|Coil|p1a: Dunsparce\n|-boost|p1a: Dunsparce|atk|1\n|-boost|p1a: Dunsparce|def|1\n|-boost|p1a: Dunsparce|accuracy|1\n|move|p2a: Furret|Tidy Up|p2a: Furret\n|-boost|p2a: Furret|atk|1\n|-boost|p2a: Furret|spe|1\n|\n|upkeep\n|turn|3\n|\n|t:|1781428185\n|cant|p2a: Furret|par\n|move|p1a: Dunsparce|Coil|p1a: Dunsparce\n|-boost|p1a: Dunsparce|atk|1\n|-boost|p1a: Dunsparce|def|1\n|-boost|p1a: Dunsparce|accuracy|1\n|\n|upkeep\n|turn|4\n|\n|t:|1781428187\n|cant|p2a: Furret|par\n|move|p1a: Dunsparce|Coil|p1a: Dunsparce\n|-boost|p1a: Dunsparce|atk|1\n|-boost|p1a: Dunsparce|def|1\n|-boost|p1a: Dunsparce|accuracy|1\n|\n|upkeep\n|turn|5\n|\n|t:|1781428189\n|move|p2a: Furret|Brick Break|p1a: Dunsparce\n|-supereffective|p1a: Dunsparce\n|-damage|p1a: Dunsparce|130/312\n|-damage|p2a: Furret|162/312 par|[from] item: Life Orb\n|move|p1a: Dunsparce|Coil|p1a: Dunsparce\n|-boost|p1a: Dunsparce|atk|1\n|-boost|p1a: Dunsparce|def|1\n|-boost|p1a: Dunsparce|accuracy|1\n|\n|upkeep\n|turn|6\n|\n|t:|1781428193\n|move|p2a: Furret|Brick Break|p1a: Dunsparce\n|-supereffective|p1a: Dunsparce\n|-damage|p1a: Dunsparce|44/312\n|-damage|p2a: Furret|131/312 par|[from] item: Life Orb\n|move|p1a: Dunsparce|Roost|p1a: Dunsparce\n|-heal|p1a: Dunsparce|200/312\n|-singleturn|p1a: Dunsparce|move: Roost\n|\n|upkeep\n|turn|7\n|\n|t:|1781428196\n|move|p2a: Furret|Brick Break|p1a: Dunsparce\n|-supereffective|p1a: Dunsparce\n|-damage|p1a: Dunsparce|114/312\n|-damage|p2a: Furret|100/312 par|[from] item: Life Orb\n|move|p1a: Dunsparce|Roost|p1a: Dunsparce\n|-heal|p1a: Dunsparce|270/312\n|-singleturn|p1a: Dunsparce|move: Roost\n|\n|upkeep\n|turn|8\n|\n|t:|1781428199\n|cant|p2a: Furret|par\n|move|p1a: Dunsparce|Coil|p1a: Dunsparce\n|-boost|p1a: Dunsparce|atk|1\n|-boost|p1a: Dunsparce|def|1\n|-boost|p1a: Dunsparce|accuracy|1\n|\n|upkeep\n|turn|9\n|\n|t:|1781428201\n|move|p2a: Furret|Brick Break|p1a: Dunsparce\n|-supereffective|p1a: Dunsparce\n|-damage|p1a: Dunsparce|200/312\n|-damage|p2a: Furret|69/312 par|[from] item: Life Orb\n|move|p1a: Dunsparce|Coil|p1a: Dunsparce\n|-boost|p1a: Dunsparce|atk|1\n|-boost|p1a: Dunsparce|def|1\n|-boost|p1a: Dunsparce|accuracy|1\n|\n|upkeep\n|turn|10\n|\n|t:|1781428204\n|cant|p2a: Furret|par\n|move|p1a: Dunsparce|Body Slam|p2a: Furret\n|-damage|p2a: Furret|0 fnt\n|faint|p2a: Furret\n|\n|upkeep\n|\n|t:|1781428207\n|switch|p2a: Porygon-Z|Porygon-Z, L83|277/277\n|-ability|p2a: Porygon-Z|Download|boost\n|-boost|p2a: Porygon-Z|spa|1\n|turn|11\n|\n|t:|1781428213\n|-terastallize|p2a: Porygon-Z|Ghost\n|move|p2a: Porygon-Z|Trick|p1a: Dunsparce\n|-activate|p2a: Porygon-Z|move: Trick|[of] p1a: Dunsparce\n|-item|p1a: Dunsparce|Choice Scarf|[from] move: Trick\n|-enditem|p2a: Porygon-Z|Choice Scarf|[silent]|[from] move: Trick\n|move|p1a: Dunsparce|Body Slam|p2a: Porygon-Z\n|-immune|p2a: Porygon-Z\n|\n|upkeep\n|turn|12\n|\n|t:|1781428229\n|switch|p1a: Hippowdon|Hippowdon, L82, M|311/311\n|-weather|Sandstorm|[from] ability: Sand Stream|[of] p1a: Hippowdon\n|move|p2a: Porygon-Z|Tri Attack|p1a: Hippowdon\n|-damage|p1a: Hippowdon|127/311\n|\n|-weather|Sandstorm|[upkeep]\n|-damage|p2a: Porygon-Z|260/277|[from] Sandstorm\n|-heal|p1a: Hippowdon|146/311|[from] item: Leftovers\n|upkeep\n|turn|13\n|\n|t:|1781428244\n|-terastallize|p1a: Hippowdon|Rock\n|move|p2a: Porygon-Z|Shadow Ball|p1a: Hippowdon\n|-damage|p1a: Hippowdon|23/311\n|move|p1a: Hippowdon|Earthquake|p2a: Porygon-Z\n|-damage|p2a: Porygon-Z|131/277\n|\n|-weather|Sandstorm|[upkeep]\n|-damage|p2a: Porygon-Z|114/277|[from] Sandstorm\n|-heal|p1a: Hippowdon|42/311|[from] item: Leftovers\n|upkeep\n|turn|14\n|\n|t:|1781428264\n|move|p2a: Porygon-Z|Shadow Ball|p1a: Hippowdon\n|-damage|p1a: Hippowdon|0 fnt\n|faint|p1a: Hippowdon\n|\n|-weather|Sandstorm|[upkeep]\n|-damage|p2a: Porygon-Z|97/277|[from] Sandstorm\n|upkeep\n|inactive|MegaSnorlaxatives has 120 seconds left.\n|\n|t:|1781428285\n|switch|p1a: Quaquaval|Quaquaval, L79, M|264/264\n|turn|15\n|\n|t:|1781428299\n|switch|p2a: Bellossom|Bellossom, L84, M|263/263\n|move|p1a: Quaquaval|Aqua Step|p2a: Bellossom\n|-resisted|p2a: Bellossom\n|-damage|p2a: Bellossom|206/263\n|-boost|p1a: Quaquaval|spe|1\n|-damage|p1a: Quaquaval|238/264|[from] item: Life Orb\n|\n|-weather|Sandstorm|[upkeep]\n|-damage|p1a: Quaquaval|222/264|[from] Sandstorm\n|-damage|p2a: Bellossom|190/263|[from] Sandstorm\n|-heal|p2a: Bellossom|206/263|[from] item: Leftovers\n|upkeep\n|turn|16\n|\n|t:|1781428309\n|move|p1a: Quaquaval|Swords Dance|p1a: Quaquaval\n|-boost|p1a: Quaquaval|atk|2\n|move|p2a: Bellossom|Giga Drain|p1a: Quaquaval\n|-supereffective|p1a: Quaquaval\n|-crit|p1a: Quaquaval\n|-damage|p1a: Quaquaval|0 fnt\n|-heal|p2a: Bellossom|263/263|[from] drain|[of] p1a: Quaquaval\n|faint|p1a: Quaquaval\n|\n|-weather|none\n|upkeep\n|-message|MegaSnorlaxatives forfeited.\n|\n|win|symitry\n|raw|MegaSnorlaxatives's rating: 1919 &rarr; <strong>1900</strong><br />(-19 for losing)\n|raw|symitry's rating: 1941 &rarr; <strong>1960</strong><br />(+19 for winning)\n", "uploadtime": 1781428167, "views": 3, "formatid": "gen9randombattle", "rating": 1900, "private": 0, "password": null}