{"id": "gen9randombattle-2631436601", "format": "[Gen 9] Random Battle", "players": ["Dannymcq", "JhuniorCq"], "log": "|j|\u2606Dannymcq\n|j|\u2606JhuniorCq\n|t:|1781384477\n|gametype|singles\n|player|p1|Dannymcq|266|1969\n|player|p2|JhuniorCq|2|2032\n|gen|9\n|tier|[Gen 9] Random Battle\n|rated|\n|rule|Species Clause: Limit one of each Pok\u00e9mon\n|rule|HP Percentage Mod: HP is shown in percentages\n|rule|Sleep Clause Mod: Limit one foe put to sleep\n|rule|Illusion Level Mod: Illusion disguises the Pok\u00e9mon's true level\n|\n|t:|1781384477\n|teamsize|p1|6\n|teamsize|p2|6\n|start\n|switch|p1a: Avalugg|Avalugg, L88, F|310/310\n|switch|p2a: Vikavolt|Vikavolt, L83, M|263/263\n|turn|1\n|\n|t:|1781384514\n|move|p2a: Vikavolt|Thunderbolt|p1a: Avalugg\n|-damage|p1a: Avalugg|120/310\n|-status|p1a: Avalugg|par\n|move|p1a: Avalugg|Avalanche|p2a: Vikavolt\n|-damage|p2a: Vikavolt|104/263\n|\n|upkeep\n|turn|2\n|\n|t:|1781384522\n|move|p2a: Vikavolt|Sticky Web|p1a: Avalugg\n|-sidestart|p1: Dannymcq|move: Sticky Web\n|cant|p1a: Avalugg|par\n|\n|upkeep\n|turn|3\n|\n|t:|1781384524\n|move|p2a: Vikavolt|Thunderbolt|p1a: Avalugg\n|-damage|p1a: Avalugg|0 fnt\n|faint|p1a: Avalugg\n|\n|upkeep\n|\n|t:|1781384550\n|switch|p1a: Virizion|Virizion, L82|283/283\n|-activate|p1a: Virizion|move: Sticky Web\n|-unboost|p1a: Virizion|spe|1\n|turn|4\n|\n|t:|1781384569\n|move|p1a: Virizion|Stone Edge|p2a: Vikavolt\n|-supereffective|p2a: Vikavolt\n|-damage|p2a: Vikavolt|0 fnt\n|faint|p2a: Vikavolt\n|-damage|p1a: Virizion|255/283|[from] item: Life Orb\n|\n|upkeep\n|\n|t:|1781384575\n|switch|p2a: Garchomp|Garchomp, L74, M|282/282\n|turn|5\n|\n|t:|1781384594\n|switch|p1a: Bronzong|Bronzong, L88|261/261\n|move|p2a: Garchomp|Stealth Rock|p1a: Bronzong\n|-sidestart|p1: Dannymcq|move: Stealth Rock\n|\n|upkeep\n|turn|6\n|\n|t:|1781384610\n|move|p1a: Bronzong|Stealth Rock|p2a: Garchomp\n|-sidestart|p2: JhuniorCq|move: Stealth Rock\n|move|p2a: Garchomp|Dragon Tail|p1a: Bronzong\n|-resisted|p1a: Bronzong\n|-damage|p1a: Bronzong|237/261\n|drag|p1a: Sandaconda|Sandaconda, L84, F|258/258\n|-activate|p1a: Sandaconda|move: Sticky Web\n|-unboost|p1a: Sandaconda|spe|1\n|-damage|p1a: Sandaconda|242/258|[from] Stealth Rock\n|\n|-heal|p1a: Sandaconda|258/258|[from] item: Leftovers\n|upkeep\n|turn|7\n|\n|t:|1781384619\n|switch|p2a: Veluza|Veluza, L85, M|292/292\n|-damage|p2a: Veluza|256/292|[from] Stealth Rock\n|move|p1a: Sandaconda|Earthquake|p2a: Veluza\n|-damage|p2a: Veluza|121/292\n|-enditem|p2a: Veluza|Sitrus Berry|[eat]\n|-heal|p2a: Veluza|194/292|[from] item: Sitrus Berry\n|\n|upkeep\n|turn|8\n|\n|t:|1781384639\n|move|p2a: Veluza|Aqua Cutter|p1a: Sandaconda\n|-supereffective|p1a: Sandaconda\n|-damage|p1a: Sandaconda|82/258\n|move|p1a: Sandaconda|Earthquake|p2a: Veluza\n|-damage|p2a: Veluza|62/292\n|\n|-heal|p1a: Sandaconda|98/258|[from] item: Leftovers\n|upkeep\n|turn|9\n|\n|t:|1781384653\n|move|p2a: Veluza|Psycho Cut|p1a: Sandaconda\n|-damage|p1a: Sandaconda|8/258\n|move|p1a: Sandaconda|Earthquake|p2a: Veluza\n|-damage|p2a: Veluza|0 fnt\n|faint|p2a: Veluza\n|\n|-heal|p1a: Sandaconda|24/258|[from] item: Leftovers\n|upkeep\n|\n|t:|1781384662\n|switch|p2a: Gurdurr|Gurdurr, L85, F|283/283\n|-damage|p2a: Gurdurr|266/283|[from] Stealth Rock\n|turn|10\n|\n|t:|1781384685\n|move|p2a: Gurdurr|Drain Punch|p1a: Sandaconda\n|-damage|p1a: Sandaconda|0 fnt\n|-heal|p2a: Gurdurr|278/283|[from] drain|[of] p1a: Sandaconda\n|faint|p1a: Sandaconda\n|\n|upkeep\n|inactive|Battle timer is ON: inactive players will automatically lose when time's up. (requested by JhuniorCq)\n|\n|t:|1781384709\n|switch|p1a: Bronzong|Bronzong, L88|237/261\n|-damage|p1a: Bronzong|221/261|[from] Stealth Rock\n|turn|11\n|\n|t:|1781384729\n|move|p2a: Gurdurr|Knock Off|p1a: Bronzong\n|-supereffective|p1a: Bronzong\n|-damage|p1a: Bronzong|99/261\n|-enditem|p1a: Bronzong|Leftovers|[from] move: Knock Off|[of] p2a: Gurdurr\n|move|p1a: Bronzong|Psychic|p2a: Gurdurr\n|-supereffective|p2a: Gurdurr\n|-damage|p2a: Gurdurr|108/283\n|\n|upkeep\n|turn|12\n|\n|t:|1781384733\n|move|p2a: Gurdurr|Drain Punch|p1a: Bronzong\n|-damage|p1a: Bronzong|27/261\n|-heal|p2a: Gurdurr|144/283|[from] drain|[of] p1a: Bronzong\n|move|p1a: Bronzong|Psychic|p2a: Gurdurr\n|-supereffective|p2a: Gurdurr\n|-damage|p2a: Gurdurr|0 fnt\n|faint|p2a: Gurdurr\n|\n|upkeep\n|\n|t:|1781384741\n|switch|p2a: Snorlax|Snorlax, L82, M|397/397\n|-damage|p2a: Snorlax|348/397|[from] Stealth Rock\n|turn|13\n|\n|t:|1781384757\n|move|p1a: Bronzong|Iron Head|p2a: Snorlax\n|-damage|p2a: Snorlax|243/397\n|move|p2a: Snorlax|Curse|p2a: Snorlax\n|-unboost|p2a: Snorlax|spe|1\n|-boost|p2a: Snorlax|atk|1\n|-boost|p2a: Snorlax|def|1\n|\n|-heal|p2a: Snorlax|267/397|[from] item: Leftovers\n|upkeep\n|turn|14\n|\n|t:|1781384775\n|switch|p1a: Virizion|Virizion, L82|255/283\n|-activate|p1a: Virizion|move: Sticky Web\n|-unboost|p1a: Virizion|spe|1\n|-damage|p1a: Virizion|238/283|[from] Stealth Rock\n|move|p2a: Snorlax|Body Slam|p1a: Virizion\n|-damage|p1a: Virizion|73/283\n|\n|-heal|p2a: Snorlax|291/397|[from] item: Leftovers\n|upkeep\n|turn|15\n|\n|t:|1781384784\n|-terastallize|p2a: Snorlax|Ground\n|move|p1a: Virizion|Close Combat|p2a: Snorlax\n|-crit|p2a: Snorlax\n|-damage|p2a: Snorlax|28/397\n|-unboost|p1a: Virizion|def|1\n|-unboost|p1a: Virizion|spd|1\n|-damage|p1a: Virizion|45/283|[from] item: Life Orb\n|move|p2a: Snorlax|Body Slam|p1a: Virizion\n|-damage|p1a: Virizion|0 fnt\n|faint|p1a: Virizion\n|\n|-heal|p2a: Snorlax|52/397|[from] item: Leftovers\n|upkeep\n|\n|t:|1781384808\n|switch|p1a: Cloyster|Cloyster, L80, M|211/211\n|-activate|p1a: Cloyster|move: Sticky Web\n|-unboost|p1a: Cloyster|spe|1\n|-damage|p1a: Cloyster|159/211|[from] Stealth Rock\n|-enditem|p1a: Cloyster|White Herb\n|-clearnegativeboost|p1a: Cloyster|[silent]\n|turn|16\n|\n|t:|1781384812\n|move|p1a: Cloyster|Shell Smash|p1a: Cloyster\n|-unboost|p1a: Cloyster|def|1\n|-unboost|p1a: Cloyster|spd|1\n|-boost|p1a: Cloyster|atk|2\n|-boost|p1a: Cloyster|spa|2\n|-boost|p1a: Cloyster|spe|2\n|move|p2a: Snorlax|Body Slam|p1a: Cloyster\n|-damage|p1a: Cloyster|42/211\n|\n|-heal|p2a: Snorlax|76/397|[from] item: Leftovers\n|upkeep\n|turn|17\n|\n|t:|1781384823\n|move|p1a: Cloyster|Icicle Spear|p2a: Snorlax\n|-supereffective|p2a: Snorlax\n|-damage|p2a: Snorlax|38/397\n|-supereffective|p2a: Snorlax\n|-damage|p2a: Snorlax|0 fnt\n|faint|p2a: Snorlax\n|-hitcount|p2: Snorlax|2\n|\n|upkeep\n|\n|t:|1781384832\n|switch|p2a: Garchomp|Garchomp, L74, M|282/282\n|-damage|p2a: Garchomp|265/282|[from] Stealth Rock\n|turn|18\n|\n|t:|1781384835\n|move|p1a: Cloyster|Icicle Spear|p2a: Garchomp\n|-supereffective|p2a: Garchomp\n|-damage|p2a: Garchomp|61/282\n|-supereffective|p2a: Garchomp\n|-damage|p2a: Garchomp|0 fnt\n|faint|p2a: Garchomp\n|-hitcount|p2: Garchomp|2\n|\n|upkeep\n|\n|t:|1781384837\n|switch|p2a: Minior|Minior-Blue, L79|224/224\n|-damage|p2a: Minior|168/224|[from] Stealth Rock\n|-formechange|p2a: Minior|Minior-Meteor||[from] ability: Shields Down\n|turn|19\n|\n|t:|1781384844\n|move|p1a: Cloyster|Icicle Spear|p2a: Minior\n|-supereffective|p2a: Minior\n|-damage|p2a: Minior|76/224\n|-supereffective|p2a: Minior\n|-damage|p2a: Minior|0 fnt\n|faint|p2a: Minior\n|-hitcount|p2: Minior|2\n|\n|win|Dannymcq\n", "uploadtime": 1781384479, "views": 10, "formatid": "gen9randombattle", "rating": null, "private": 0, "password": null}