{"id": "gen9randombattle-2631954135", "format": "[Gen 9] Random Battle", "players": ["mztmztmzt123", "tofumeats"], "log": "|j|\u2606mztmztmzt123\n|j|\u2606tofumeats\n|t:|1781459479\n|gametype|singles\n|player|p1|mztmztmzt123|2|2261\n|player|p2|tofumeats|n|2176\n|gen|9\n|tier|[Gen 9] Random Battle\n|rated|\n|rule|Species Clause: Limit one of each Pok\u00e9mon\n|rule|HP Percentage Mod: HP is shown in percentages\n|rule|Sleep Clause Mod: Limit one foe put to sleep\n|rule|Illusion Level Mod: Illusion disguises the Pok\u00e9mon's true level\n|\n|t:|1781459479\n|teamsize|p1|6\n|teamsize|p2|6\n|start\n|switch|p1a: Cacturne|Cacturne, L92, M|278/278\n|switch|p2a: Lapras|Lapras, L87, F|367/367\n|turn|1\n|inactive|Battle timer is ON: inactive players will automatically lose when time's up. (requested by tofumeats)\n|j| Sunziss\n|inactive|mztmztmzt123 has 120 seconds left.\n|\n|t:|1781459515\n|switch|p2a: Dragalge|Dragalge, L88, F|258/258\n|move|p1a: Cacturne|Seed Bomb|p2a: Dragalge\n|-resisted|p2a: Dragalge\n|-damage|p2a: Dragalge|224/258\n|-damage|p1a: Cacturne|251/278|[from] item: Life Orb\n|\n|upkeep\n|turn|2\n|l| Sunziss\n|\n|t:|1781459528\n|move|p1a: Cacturne|Knock Off|p2a: Dragalge\n|-damage|p2a: Dragalge|56/258\n|-enditem|p2a: Dragalge|Assault Vest|[from] move: Knock Off|[of] p1a: Cacturne\n|-damage|p1a: Cacturne|224/278|[from] item: Life Orb\n|move|p2a: Dragalge|Dragon Tail|p1a: Cacturne\n|-damage|p1a: Cacturne|132/278\n|drag|p1a: Scrafty|Scrafty, L83, F|244/244\n|-ability|p1a: Scrafty|Intimidate|boost\n|-unboost|p2a: Dragalge|atk|1\n|\n|upkeep\n|turn|3\n|\n|t:|1781459540\n|move|p1a: Scrafty|Knock Off|p2a: Dragalge\n|-damage|p2a: Dragalge|0 fnt\n|faint|p2a: Dragalge\n|\n|upkeep\n|\n|t:|1781459557\n|switch|p2a: Scovillain|Scovillain, L91, F|266/266\n|turn|4\n|\n|t:|1781459565\n|move|p2a: Scovillain|Leech Seed|p1a: Scrafty\n|-start|p1a: Scrafty|move: Leech Seed\n|move|p1a: Scrafty|Dragon Dance|p1a: Scrafty\n|-boost|p1a: Scrafty|atk|1\n|-boost|p1a: Scrafty|spe|1\n|\n|-damage|p1a: Scrafty|214/244|[from] Leech Seed|[of] p2a: Scovillain\n|upkeep\n|turn|5\n|\n|t:|1781459575\n|move|p2a: Scovillain|Protect|p2a: Scovillain\n|-singleturn|p2a: Scovillain|Protect\n|move|p1a: Scrafty|Drain Punch|p2a: Scovillain\n|-activate|p2a: Scovillain|move: Protect\n|\n|-heal|p1a: Scrafty|229/244|[from] item: Leftovers\n|-damage|p1a: Scrafty|199/244|[from] Leech Seed|[of] p2a: Scovillain\n|upkeep\n|turn|6\n|\n|t:|1781459578\n|move|p1a: Scrafty|Knock Off|p2a: Scovillain\n|-damage|p2a: Scovillain|91/266\n|-enditem|p2a: Scovillain|Leftovers|[from] move: Knock Off|[of] p1a: Scrafty\n|move|p2a: Scovillain|Substitute|p2a: Scovillain\n|-start|p2a: Scovillain|Substitute\n|-damage|p2a: Scovillain|25/266\n|\n|-heal|p1a: Scrafty|214/244|[from] item: Leftovers\n|-damage|p1a: Scrafty|184/244|[from] Leech Seed|[of] p2a: Scovillain\n|-heal|p2a: Scovillain|55/266|[silent]\n|upkeep\n|turn|7\n|\n|t:|1781459584\n|move|p1a: Scrafty|Drain Punch|p2a: Scovillain\n|-end|p2a: Scovillain|Substitute\n|-heal|p1a: Scrafty|217/244|[from] drain|[of] p2a: Scovillain\n|move|p2a: Scovillain|Flamethrower|p1a: Scrafty\n|-damage|p1a: Scrafty|124/244\n|\n|-heal|p1a: Scrafty|139/244|[from] item: Leftovers\n|-damage|p1a: Scrafty|109/244|[from] Leech Seed|[of] p2a: Scovillain\n|-heal|p2a: Scovillain|85/266|[silent]\n|upkeep\n|turn|8\n|\n|t:|1781459593\n|move|p1a: Scrafty|Dragon Dance|p1a: Scrafty\n|-boost|p1a: Scrafty|atk|1\n|-boost|p1a: Scrafty|spe|1\n|move|p2a: Scovillain|Substitute|p2a: Scovillain\n|-start|p2a: Scovillain|Substitute\n|-damage|p2a: Scovillain|19/266\n|\n|-heal|p1a: Scrafty|124/244|[from] item: Leftovers\n|-damage|p1a: Scrafty|94/244|[from] Leech Seed|[of] p2a: Scovillain\n|-heal|p2a: Scovillain|49/266|[silent]\n|upkeep\n|turn|9\n|\n|t:|1781459595\n|move|p2a: Scovillain|Protect|p2a: Scovillain\n|-singleturn|p2a: Scovillain|Protect\n|move|p1a: Scrafty|Drain Punch|p2a: Scovillain\n|-activate|p2a: Scovillain|move: Protect\n|\n|-heal|p1a: Scrafty|109/244|[from] item: Leftovers\n|-damage|p1a: Scrafty|79/244|[from] Leech Seed|[of] p2a: Scovillain\n|-heal|p2a: Scovillain|79/266|[silent]\n|upkeep\n|turn|10\n|\n|t:|1781459599\n|move|p1a: Scrafty|Drain Punch|p2a: Scovillain\n|-end|p2a: Scovillain|Substitute\n|-heal|p1a: Scrafty|112/244|[from] drain|[of] p2a: Scovillain\n|move|p2a: Scovillain|Flamethrower|p1a: Scrafty\n|-damage|p1a: Scrafty|7/244\n|\n|-heal|p1a: Scrafty|22/244|[from] item: Leftovers\n|-damage|p1a: Scrafty|0 fnt|[from] Leech Seed|[of] p2a: Scovillain\n|-heal|p2a: Scovillain|101/266|[silent]\n|faint|p1a: Scrafty\n|upkeep\n|\n|t:|1781459608\n|switch|p1a: Hoopa|Hoopa, L85|275/275\n|turn|11\n|\n|t:|1781459617\n|move|p2a: Scovillain|Leech Seed|p1a: Hoopa\n|-start|p1a: Hoopa|move: Leech Seed\n|move|p1a: Hoopa|Shadow Ball|p2a: Scovillain\n|-damage|p2a: Scovillain|0 fnt\n|faint|p2a: Scovillain\n|-damage|p1a: Hoopa|248/275|[from] item: Life Orb\n|\n|upkeep\n|\n|t:|1781459640\n|switch|p2a: Lapras|Lapras, L87, F|367/367\n|turn|12\n|\n|t:|1781459661\n|move|p1a: Hoopa|Focus Blast|p2a: Lapras\n|-supereffective|p2a: Lapras\n|-damage|p2a: Lapras|55/367\n|-damage|p1a: Hoopa|221/275|[from] item: Life Orb\n|move|p2a: Lapras|Dragon Dance|p2a: Lapras\n|-boost|p2a: Lapras|atk|1\n|-boost|p2a: Lapras|spe|1\n|\n|-damage|p1a: Hoopa|187/275|[from] Leech Seed|[of] p2a: Lapras\n|-heal|p2a: Lapras|89/367|[silent]\n|upkeep\n|turn|13\n|\n|t:|1781459673\n|switch|p1a: Cacturne|Cacturne, L92, M|132/278\n|move|p2a: Lapras|Icicle Spear|p1a: Cacturne\n|-supereffective|p1a: Cacturne\n|-damage|p1a: Cacturne|34/278\n|-supereffective|p1a: Cacturne\n|-damage|p1a: Cacturne|0 fnt\n|faint|p1a: Cacturne\n|-hitcount|p1: Cacturne|2\n|\n|upkeep\n|\n|t:|1781459679\n|switch|p1a: Comfey|Comfey, L85, M|225/225\n|turn|14\n|\n|t:|1781459684\n|move|p2a: Lapras|Icicle Spear|p1a: Comfey\n|-damage|p1a: Comfey|188/225\n|-damage|p1a: Comfey|148/225\n|-damage|p1a: Comfey|111/225\n|-damage|p1a: Comfey|75/225\n|-damage|p1a: Comfey|35/225\n|-hitcount|p1a: Comfey|5\n|move|p1a: Comfey|Calm Mind|p1a: Comfey\n|-boost|p1a: Comfey|spa|1\n|-boost|p1a: Comfey|spd|1\n|\n|-heal|p1a: Comfey|49/225|[from] item: Leftovers\n|upkeep\n|turn|15\n|\n|t:|1781459695\n|move|p1a: Comfey|Giga Drain|p2a: Lapras\n|-supereffective|p2a: Lapras\n|-damage|p2a: Lapras|0 fnt\n|-heal|p1a: Comfey|94/225|[from] drain|[of] p2a: Lapras\n|faint|p2a: Lapras\n|\n|-heal|p1a: Comfey|108/225|[from] item: Leftovers\n|upkeep\n|\n|t:|1781459703\n|switch|p2a: Lugia|Lugia, L73|275/275\n|turn|16\n|\n|t:|1781459706\n|move|p1a: Comfey|Draining Kiss|p2a: Lugia\n|-damage|p2a: Lugia|249/275\n|-heal|p1a: Comfey|128/225|[from] drain|[of] p2a: Lugia\n|move|p2a: Lugia|Calm Mind|p2a: Lugia\n|-boost|p2a: Lugia|spa|1\n|-boost|p2a: Lugia|spd|1\n|\n|-heal|p1a: Comfey|142/225|[from] item: Leftovers\n|upkeep\n|turn|17\n|\n|t:|1781459725\n|switch|p1a: Polteageist|Polteageist-Antique, L78|222/222\n|move|p2a: Lugia|Calm Mind|p2a: Lugia\n|-boost|p2a: Lugia|spa|1\n|-boost|p2a: Lugia|spd|1\n|\n|upkeep\n|turn|18\n|\n|t:|1781459742\n|move|p2a: Lugia|Calm Mind|p2a: Lugia\n|-boost|p2a: Lugia|spa|1\n|-boost|p2a: Lugia|spd|1\n|move|p1a: Polteageist|Shell Smash|p1a: Polteageist\n|-unboost|p1a: Polteageist|def|1\n|-unboost|p1a: Polteageist|spd|1\n|-boost|p1a: Polteageist|atk|2\n|-boost|p1a: Polteageist|spa|2\n|-boost|p1a: Polteageist|spe|2\n|-enditem|p1a: Polteageist|White Herb\n|-clearnegativeboost|p1a: Polteageist|[silent]\n|\n|upkeep\n|turn|19\n|\n|t:|1781459749\n|move|p1a: Polteageist|Shell Smash|p1a: Polteageist\n|-unboost|p1a: Polteageist|def|1\n|-unboost|p1a: Polteageist|spd|1\n|-boost|p1a: Polteageist|atk|2\n|-boost|p1a: Polteageist|spa|2\n|-boost|p1a: Polteageist|spe|2\n|move|p2a: Lugia|Calm Mind|p2a: Lugia\n|-boost|p2a: Lugia|spa|1\n|-boost|p2a: Lugia|spd|1\n|\n|upkeep\n|turn|20\n|\n|t:|1781459756\n|move|p1a: Polteageist|Shadow Ball|p2a: Lugia\n|-supereffective|p2a: Lugia\n|-damage|p2a: Lugia|105/275\n|move|p2a: Lugia|Aeroblast|p1a: Polteageist\n|-damage|p1a: Polteageist|0 fnt\n|faint|p1a: Polteageist\n|\n|upkeep\n|\n|t:|1781459759\n|switch|p1a: Hoopa|Hoopa, L85|187/275\n|turn|21\n|\n|t:|1781459763\n|move|p2a: Lugia|Recover|p2a: Lugia\n|-heal|p2a: Lugia|243/275\n|move|p1a: Hoopa|Nasty Plot|p1a: Hoopa\n|-boost|p1a: Hoopa|spa|2\n|\n|upkeep\n|turn|22\n|\n|t:|1781459767\n|move|p2a: Lugia|Aeroblast|p1a: Hoopa\n|-damage|p1a: Hoopa|19/275\n|move|p1a: Hoopa|Shadow Ball|p2a: Lugia\n|-supereffective|p2a: Lugia\n|-damage|p2a: Lugia|87/275\n|-unboost|p2a: Lugia|spd|1\n|-damage|p1a: Hoopa|0 fnt|[from] item: Life Orb\n|faint|p1a: Hoopa\n|\n|upkeep\n|\n|t:|1781459775\n|switch|p1a: Comfey|Comfey, L85, M|142/225\n|turn|23\n|\n|t:|1781459778\n|move|p1a: Comfey|Calm Mind|p1a: Comfey\n|-boost|p1a: Comfey|spa|1\n|-boost|p1a: Comfey|spd|1\n|move|p2a: Lugia|Aeroblast|p1a: Comfey\n|-damage|p1a: Comfey|15/225\n|\n|-heal|p1a: Comfey|29/225|[from] item: Leftovers\n|upkeep\n|turn|24\n|\n|t:|1781459786\n|move|p1a: Comfey|Draining Kiss|p2a: Lugia\n|-damage|p2a: Lugia|66/275\n|-heal|p1a: Comfey|45/225|[from] drain|[of] p2a: Lugia\n|move|p2a: Lugia|Aeroblast|p1a: Comfey\n|-damage|p1a: Comfey|0 fnt\n|faint|p1a: Comfey\n|\n|upkeep\n|\n|t:|1781459788\n|switch|p1a: Chesnaught|Chesnaught, L84, F|285/285\n|turn|25\n|\n|t:|1781459790\n|-terastallize|p1a: Chesnaught|Steel\n|move|p2a: Lugia|Recover|p2a: Lugia\n|-heal|p2a: Lugia|204/275\n|move|p1a: Chesnaught|Wood Hammer|p2a: Lugia\n|-resisted|p2a: Lugia\n|-damage|p2a: Lugia|146/275\n|-damage|p1a: Chesnaught|266/285|[from] Recoil\n|\n|upkeep\n|turn|26\n|-message|mztmztmzt123 forfeited.\n|\n|win|tofumeats\n", "uploadtime": 1781459481, "views": 6, "formatid": "gen9randombattle", "rating": null, "private": 0, "password": null}