{"id": "gen9randombattle-2631941646", "format": "[Gen 9] Random Battle", "players": ["ahuramazda2", "Ara Ara Armin"], "log": "|j|\u2606ahuramazda2\n|j|\u2606Ara Ara Armin\n|t:|1781458099\n|gametype|singles\n|player|p1|ahuramazda2|169|1998\n|player|p2|Ara Ara Armin|102|2027\n|gen|9\n|tier|[Gen 9] Random Battle\n|rated|\n|rule|Species Clause: Limit one of each Pok\u00e9mon\n|rule|HP Percentage Mod: HP is shown in percentages\n|rule|Sleep Clause Mod: Limit one foe put to sleep\n|rule|Illusion Level Mod: Illusion disguises the Pok\u00e9mon's true level\n|\n|t:|1781458099\n|teamsize|p1|6\n|teamsize|p2|6\n|start\n|switch|p1a: Rillaboom|Rillaboom, L79, F|288/288\n|switch|p2a: Mamoswine|Mamoswine, L81, F|311/311\n|-fieldstart|move: Grassy Terrain|[from] ability: Grassy Surge|[of] p1a: Rillaboom\n|turn|1\n|inactive|Battle timer is ON: inactive players will automatically lose when time's up. (requested by ahuramazda2)\n|\n|t:|1781458116\n|switch|p2a: Weezing|Weezing, L88, F|258/258\n|move|p1a: Rillaboom|Wood Hammer|p2a: Weezing\n|-resisted|p2a: Weezing\n|-damage|p2a: Weezing|164/258\n|-damage|p1a: Rillaboom|257/288|[from] Recoil\n|-damage|p1a: Rillaboom|229/288|[from] item: Life Orb\n|\n|-heal|p1a: Rillaboom|247/288|[from] Grassy Terrain\n|-heal|p2a: Weezing|180/258|[from] item: Leftovers\n|upkeep\n|turn|2\n|\n|t:|1781458132\n|switch|p1a: Uxie|Uxie, L83|260/260\n|move|p2a: Weezing|Toxic Spikes|p1a: Uxie\n|-sidestart|p1: ahuramazda2|move: Toxic Spikes\n|\n|-heal|p2a: Weezing|196/258|[from] item: Leftovers\n|upkeep\n|turn|3\n|\n|t:|1781458137\n|switch|p2a: Sableye|Sableye, L88, M|231/231\n|move|p1a: Uxie|Psychic Noise|p2a: Sableye\n|-immune|p2a: Sableye\n|\n|upkeep\n|turn|4\n|\n|t:|1781458148\n|switch|p1a: Corviknight|Corviknight, L80, F|288/288\n|move|p2a: Sableye|Knock Off|p1a: Corviknight\n|-damage|p1a: Corviknight|204/288\n|-damage|p2a: Sableye|193/231|[from] item: Rocky Helmet|[of] p1a: Corviknight\n|-enditem|p1a: Corviknight|Rocky Helmet|[from] move: Knock Off|[of] p2a: Sableye\n|\n|-heal|p2a: Sableye|207/231|[from] Grassy Terrain\n|-heal|p2a: Sableye|221/231|[from] item: Leftovers\n|upkeep\n|turn|5\n|\n|t:|1781458152\n|move|p2a: Sableye|Will-O-Wisp|p1a: Corviknight\n|-status|p1a: Corviknight|brn\n|move|p1a: Corviknight|Defog|p2a: Sableye\n|-unboost|p2a: Sableye|evasion|1\n|-sideend|p1: ahuramazda2|Toxic Spikes|[from] move: Defog|[of] p1a: Corviknight\n|-fieldend|move: Grassy Terrain\n|\n|-heal|p2a: Sableye|231/231|[from] item: Leftovers\n|-damage|p1a: Corviknight|186/288 brn|[from] brn\n|upkeep\n|turn|6\n|\n|t:|1781458163\n|switch|p1a: Flutter Mane|Flutter Mane, L74|203/203\n|move|p2a: Sableye|Encore||[still]\n|-fail|p2a: Sableye\n|\n|upkeep\n|turn|7\n|\n|t:|1781458174\n|switch|p2a: Weezing|Weezing, L88, F|196/258\n|move|p1a: Flutter Mane|Moonblast|p2a: Weezing\n|-resisted|p2a: Weezing\n|-crit|p2a: Weezing\n|-damage|p2a: Weezing|80/258\n|-damage|p1a: Flutter Mane|183/203|[from] item: Life Orb\n|\n|-heal|p2a: Weezing|96/258|[from] item: Leftovers\n|upkeep\n|turn|8\n|\n|t:|1781458184\n|move|p1a: Flutter Mane|Shadow Ball|p2a: Weezing\n|-damage|p2a: Weezing|0 fnt\n|faint|p2a: Weezing\n|-damage|p1a: Flutter Mane|163/203|[from] item: Life Orb\n|\n|upkeep\n|\n|t:|1781458196\n|switch|p2a: Florges|Florges-Blue, L85, F|271/271\n|turn|9\n|\n|t:|1781458210\n|-end|p1a: Flutter Mane|Protosynthesis|[silent]\n|switch|p1a: Regirock|Regirock, L83|268/268\n|move|p2a: Florges|Moonblast|p1a: Regirock\n|-damage|p1a: Regirock|157/268\n|\n|-heal|p1a: Regirock|173/268|[from] item: Leftovers\n|upkeep\n|turn|10\n|\n|t:|1781458233\n|switch|p2a: Mamoswine|Mamoswine, L81, F|311/311\n|move|p1a: Regirock|Thunder Wave|p2a: Mamoswine\n|-immune|p2a: Mamoswine\n|\n|-heal|p1a: Regirock|189/268|[from] item: Leftovers\n|upkeep\n|turn|11\n|\n|t:|1781458242\n|switch|p1a: Corviknight|Corviknight, L80, F|186/288 brn\n|move|p2a: Mamoswine|Knock Off|p1a: Corviknight\n|-damage|p1a: Corviknight|108/288 brn\n|\n|-damage|p1a: Corviknight|90/288 brn|[from] brn\n|upkeep\n|turn|12\n|\n|t:|1781458260\n|switch|p2a: Sableye|Sableye, L88, M|231/231\n|move|p1a: Corviknight|Roost|p1a: Corviknight\n|-heal|p1a: Corviknight|234/288 brn\n|-singleturn|p1a: Corviknight|move: Roost\n|\n|-damage|p1a: Corviknight|216/288 brn|[from] brn\n|upkeep\n|turn|13\n|\n|t:|1781458273\n|move|p1a: Corviknight|U-turn|p2a: Sableye\n|-damage|p2a: Sableye|209/231\n|\n|t:|1781458284\n|switch|p1a: Uxie|Uxie, L83|260/260|[from] U-turn\n|move|p2a: Sableye|Knock Off|p1a: Uxie\n|-supereffective|p1a: Uxie\n|-damage|p1a: Uxie|114/260\n|-enditem|p1a: Uxie|Leftovers|[from] move: Knock Off|[of] p2a: Sableye\n|\n|-heal|p2a: Sableye|223/231|[from] item: Leftovers\n|upkeep\n|turn|14\n|\n|t:|1781458306\n|move|p1a: Uxie|Yawn|p2a: Sableye\n|-start|p2a: Sableye|move: Yawn|[of] p1a: Uxie\n|move|p2a: Sableye|Knock Off|p1a: Uxie\n|-supereffective|p1a: Uxie\n|-damage|p1a: Uxie|24/260\n|\n|-heal|p2a: Sableye|231/231|[from] item: Leftovers\n|upkeep\n|turn|15\n|\n|t:|1781458317\n|switch|p2a: Mamoswine|Mamoswine, L81, F|311/311\n|move|p1a: Uxie|U-turn|p2a: Mamoswine\n|-damage|p2a: Mamoswine|264/311\n|\n|t:|1781458322\n|switch|p1a: Rillaboom|Rillaboom, L79, F|247/288|[from] U-turn\n|-fieldstart|move: Grassy Terrain|[from] ability: Grassy Surge|[of] p1a: Rillaboom\n|\n|-heal|p1a: Rillaboom|265/288|[from] Grassy Terrain\n|-heal|p2a: Mamoswine|283/311|[from] Grassy Terrain\n|upkeep\n|turn|16\n|\n|t:|1781458330\n|move|p2a: Mamoswine|Ice Shard|p1a: Rillaboom\n|-supereffective|p1a: Rillaboom\n|-damage|p1a: Rillaboom|95/288\n|move|p1a: Rillaboom|Wood Hammer|p2a: Mamoswine\n|-supereffective|p2a: Mamoswine\n|-damage|p2a: Mamoswine|0 fnt\n|faint|p2a: Mamoswine\n|-damage|p1a: Rillaboom|2/288|[from] Recoil\n|-damage|p1a: Rillaboom|0 fnt|[from] item: Life Orb\n|faint|p1a: Rillaboom\n|\n|upkeep\n|\n|t:|1781458343\n|switch|p1a: Uxie|Uxie, L83|24/260\n|switch|p2a: Sableye|Sableye, L88, M|231/231\n|turn|17\n|\n|t:|1781458350\n|move|p1a: Uxie|Yawn|p2a: Sableye\n|-start|p2a: Sableye|move: Yawn|[of] p1a: Uxie\n|move|p2a: Sableye|Knock Off|p1a: Uxie\n|-supereffective|p1a: Uxie\n|-damage|p1a: Uxie|0 fnt\n|faint|p1a: Uxie\n|\n|upkeep\n|\n|t:|1781458353\n|switch|p1a: Kommo-o|Kommo-o, L78, M|245/245\n|turn|18\n|\n|t:|1781458363\n|switch|p2a: Heracross|Heracross, L80, M|259/259\n|move|p1a: Kommo-o|Clangorous Soul|p1a: Kommo-o\n|-boost|p1a: Kommo-o|atk|1\n|-boost|p1a: Kommo-o|def|1\n|-boost|p1a: Kommo-o|spa|1\n|-boost|p1a: Kommo-o|spd|1\n|-boost|p1a: Kommo-o|spe|1\n|-damage|p1a: Kommo-o|165/245\n|-enditem|p1a: Kommo-o|Throat Spray\n|-boost|p1a: Kommo-o|spa|1|[from] item: Throat Spray\n|\n|-heal|p1a: Kommo-o|180/245|[from] Grassy Terrain\n|upkeep\n|turn|19\n|\n|t:|1781458372\n|move|p1a: Kommo-o|Iron Head|p2a: Heracross\n|-damage|p2a: Heracross|160/259\n|move|p2a: Heracross|Close Combat|p1a: Kommo-o\n|-damage|p1a: Kommo-o|53/245\n|-unboost|p2a: Heracross|def|1\n|-unboost|p2a: Heracross|spd|1\n|\n|-heal|p1a: Kommo-o|68/245|[from] Grassy Terrain\n|-heal|p2a: Heracross|176/259|[from] Grassy Terrain\n|-fieldend|move: Grassy Terrain\n|upkeep\n|turn|20\n|\n|t:|1781458378\n|move|p1a: Kommo-o|Clanging Scales|p2a: Heracross\n|-damage|p2a: Heracross|0 fnt\n|faint|p2a: Heracross\n|-unboost|p1a: Kommo-o|def|1\n|\n|upkeep\n|\n|t:|1781458395\n|switch|p2a: Lycanroc|Lycanroc-Midnight, L89, M|296/296\n|turn|21\n|\n|t:|1781458414\n|move|p1a: Kommo-o|Drain Punch|p2a: Lycanroc\n|-supereffective|p2a: Lycanroc\n|-damage|p2a: Lycanroc|38/296\n|-heal|p1a: Kommo-o|197/245|[from] drain|[of] p2a: Lycanroc\n|move|p2a: Lycanroc|Play Rough|p1a: Kommo-o\n|-supereffective|p1a: Kommo-o\n|-damage|p1a: Kommo-o|0 fnt\n|faint|p1a: Kommo-o\n|-damage|p2a: Lycanroc|9/296|[from] item: Life Orb\n|\n|upkeep\n|\n|t:|1781458428\n|switch|p1a: Corviknight|Corviknight, L80, F|216/288 brn\n|turn|22\n|\n|t:|1781458432\n|move|p2a: Lycanroc|Stone Edge|p1a: Corviknight\n|-damage|p1a: Corviknight|56/288 brn\n|-damage|p2a: Lycanroc|0 fnt|[from] item: Life Orb\n|faint|p2a: Lycanroc\n|move|p1a: Corviknight|U-turn|p2: Lycanroc|[notarget]\n|-fail|p1a: Corviknight\n|\n|-damage|p1a: Corviknight|38/288 brn|[from] brn\n|upkeep\n|\n|t:|1781458441\n|switch|p2a: Florges|Florges-Blue, L85, F|271/271\n|turn|23\n|\n|t:|1781458444\n|move|p2a: Florges|Moonblast|p1a: Corviknight\n|-resisted|p1a: Corviknight\n|-damage|p1a: Corviknight|0 fnt\n|faint|p1a: Corviknight\n|\n|upkeep\n|\n|t:|1781458448\n|switch|p1a: Regirock|Regirock, L83|189/268\n|turn|24\n|\n|t:|1781458456\n|-terastallize|p2a: Florges|Ground\n|move|p2a: Florges|Calm Mind|p2a: Florges\n|-boost|p2a: Florges|spa|1\n|-boost|p2a: Florges|spd|1\n|move|p1a: Regirock|Thunder Wave|p2a: Florges\n|-immune|p2a: Florges\n|\n|-heal|p1a: Regirock|205/268|[from] item: Leftovers\n|upkeep\n|turn|25\n|\n|t:|1781458463\n|move|p2a: Florges|Tera Blast|p1a: Regirock|[anim] Tera Blast Ground\n|-supereffective|p1a: Regirock\n|-damage|p1a: Regirock|0 fnt\n|faint|p1a: Regirock\n|\n|upkeep\n|\n|t:|1781458465\n|switch|p1a: Flutter Mane|Flutter Mane, L74|163/203\n|turn|26\n|\n|t:|1781458473\n|move|p1a: Flutter Mane|Calm Mind|p1a: Flutter Mane\n|-boost|p1a: Flutter Mane|spa|1\n|-boost|p1a: Flutter Mane|spd|1\n|move|p2a: Florges|Moonblast|p1a: Flutter Mane\n|-damage|p1a: Flutter Mane|67/203\n|\n|upkeep\n|turn|27\n|\n|t:|1781458477\n|move|p1a: Flutter Mane|Moonblast|p2a: Florges\n|-damage|p2a: Florges|193/271\n|-damage|p1a: Flutter Mane|47/203|[from] item: Life Orb\n|move|p2a: Florges|Moonblast|p1a: Flutter Mane\n|-damage|p1a: Flutter Mane|0 fnt\n|faint|p1a: Flutter Mane\n|-end|p1a: Flutter Mane|Protosynthesis|[silent]\n|\n|win|Ara Ara Armin\n", "uploadtime": 1781458102, "views": 3, "formatid": "gen9randombattle", "rating": null, "private": 0, "password": null}