{"id": "gen9randombattle-2631973999", "format": "[Gen 9] Random Battle", "players": ["TheSakman", "faze_dingerboy"], "log": "|j|\u2606TheSakman\n|j|\u203dfaze_dingerboy\n|t:|1781461626\n|gametype|singles\n|player|p1|TheSakman|ltsurge|1972\n|player|p2|faze_dingerboy|1|1948\n|gen|9\n|tier|[Gen 9] Random Battle\n|rated|\n|rule|Species Clause: Limit one of each Pok\u00e9mon\n|rule|HP Percentage Mod: HP is shown in percentages\n|rule|Sleep Clause Mod: Limit one foe put to sleep\n|rule|Illusion Level Mod: Illusion disguises the Pok\u00e9mon's true level\n|\n|t:|1781461626\n|teamsize|p1|6\n|teamsize|p2|6\n|start\n|switch|p1a: Orthworm|Orthworm, L88, F|266/266\n|switch|p2a: Alcremie|Alcremie-Rainbow-Swirl, L90, F|263/263\n|turn|1\n|inactive|Battle timer is ON: inactive players will automatically lose when time's up. (requested by TheSakman)\n|\n|t:|1781461639\n|switch|p2a: Salazzle|Salazzle, L83, F|249/249\n|move|p1a: Orthworm|Stealth Rock|p2a: Salazzle\n|-sidestart|p2: faze_dingerboy|move: Stealth Rock\n|\n|upkeep\n|turn|2\n|\n|t:|1781461651\n|switch|p1a: Araquanid|Araquanid, L82, F|246/246\n|move|p2a: Salazzle|Sludge Wave|p1a: Araquanid\n|-damage|p1a: Araquanid|158/246\n|\n|upkeep\n|turn|3\n|\n|t:|1781461678\n|move|p2a: Salazzle|Sludge Wave|p1a: Araquanid\n|-damage|p1a: Araquanid|79/246\n|move|p1a: Araquanid|Sticky Web|p2a: Salazzle\n|-sidestart|p2: faze_dingerboy|move: Sticky Web\n|\n|upkeep\n|turn|4\n|\n|t:|1781461689\n|switch|p1a: Solgaleo|Solgaleo, L74|325/325\n|move|p2a: Salazzle|Sludge Wave|p1a: Solgaleo\n|-immune|p1a: Solgaleo\n|\n|upkeep\n|turn|5\n|\n|t:|1781461697\n|-terastallize|p2a: Salazzle|Grass\n|move|p2a: Salazzle|Nasty Plot|p2a: Salazzle\n|-boost|p2a: Salazzle|spa|2\n|move|p1a: Solgaleo|Earthquake|p2a: Salazzle\n|-resisted|p2a: Salazzle\n|-damage|p2a: Salazzle|205/249\n|\n|upkeep\n|turn|6\n|\n|t:|1781461706\n|switch|p1a: Araquanid|Araquanid, L82, F|79/246\n|move|p2a: Salazzle|Fire Blast|p1a: Araquanid\n|-damage|p1a: Araquanid|0 fnt\n|faint|p1a: Araquanid\n|\n|upkeep\n|\n|t:|1781461708\n|switch|p1a: Iron Bundle|Iron Bundle, L78|215/215\n|turn|7\n|\n|t:|1781461717\n|switch|p2a: Samurott|Samurott, L88, F|310/310\n|-damage|p2a: Samurott|272/310|[from] Stealth Rock\n|-activate|p2a: Samurott|move: Sticky Web\n|-unboost|p2a: Samurott|spe|1\n|move|p1a: Iron Bundle|Freeze-Dry|p2a: Samurott\n|-supereffective|p2a: Samurott\n|-damage|p2a: Samurott|78/310\n|\n|upkeep\n|turn|8\n|\n|t:|1781461727\n|move|p2a: Samurott|Aqua Jet|p1a: Iron Bundle\n|-resisted|p1a: Iron Bundle\n|-damage|p1a: Iron Bundle|182/215\n|move|p1a: Iron Bundle|Freeze-Dry|p2a: Samurott\n|-supereffective|p2a: Samurott\n|-damage|p2a: Samurott|0 fnt\n|faint|p2a: Samurott\n|\n|upkeep\n|\n|t:|1781461738\n|switch|p2a: Metagross|Metagross, L79|256/256\n|-damage|p2a: Metagross|240/256|[from] Stealth Rock\n|-activate|p2a: Metagross|move: Sticky Web\n|-fail|p2a: Metagross|unboost|[from] ability: Clear Body|[of] p2a: Metagross\n|turn|9\n|\n|t:|1781461747\n|-end|p1a: Iron Bundle|Quark Drive|[silent]\n|switch|p1a: Orthworm|Orthworm, L88, F|266/266\n|move|p2a: Metagross|Earthquake|p1a: Orthworm\n|-immune|p1a: Orthworm|[from] ability: Earth Eater\n|\n|upkeep\n|turn|10\n|\n|t:|1781461752\n|switch|p2a: Salazzle|Salazzle, L83, F, tera:Grass|205/249\n|move|p1a: Orthworm|Body Press|p2a: Salazzle\n|-damage|p2a: Salazzle|84/249\n|\n|upkeep\n|turn|11\n|\n|t:|1781461773\n|switch|p1a: Solgaleo|Solgaleo, L74|325/325\n|move|p2a: Salazzle|Fire Blast|p1a: Solgaleo|[miss]\n|-miss|p2a: Salazzle|p1a: Solgaleo\n|\n|upkeep\n|turn|12\n|\n|t:|1781461779\n|move|p2a: Salazzle|Fire Blast|p1a: Solgaleo|[miss]\n|-miss|p2a: Salazzle|p1a: Solgaleo\n|move|p1a: Solgaleo|Knock Off|p2a: Salazzle\n|-damage|p2a: Salazzle|0 fnt\n|-enditem|p2a: Salazzle|Heavy-Duty Boots|[from] move: Knock Off|[of] p1a: Solgaleo\n|faint|p2a: Salazzle\n|\n|upkeep\n|\n|t:|1781461802\n|switch|p2a: Mimikyu|Mimikyu, L79, M|216/216\n|-damage|p2a: Mimikyu|189/216|[from] Stealth Rock\n|-activate|p2a: Mimikyu|move: Sticky Web\n|-unboost|p2a: Mimikyu|spe|1\n|turn|13\n|\n|t:|1781461806\n|move|p1a: Solgaleo|Sunsteel Strike|p2a: Mimikyu\n|-supereffective|p2a: Mimikyu\n|-damage|p2a: Mimikyu|0 fnt\n|faint|p2a: Mimikyu\n|\n|upkeep\n|\n|t:|1781461811\n|switch|p2a: Metagross|Metagross, L79|240/256\n|-damage|p2a: Metagross|224/256|[from] Stealth Rock\n|-activate|p2a: Metagross|move: Sticky Web\n|-fail|p2a: Metagross|unboost|[from] ability: Clear Body|[of] p2a: Metagross\n|turn|14\n|l|\u203dfaze_dingerboy\n|inactive|faze_dingerboy disconnected and has a minute to reconnect!\n|player|p2|\n|inactive|faze_dingerboy has 30 seconds to reconnect!\n|inactive|faze_dingerboy has 20 seconds to reconnect!\n|inactive|faze_dingerboy has 15 seconds to reconnect!\n|inactive|faze_dingerboy has 10 seconds to reconnect!\n|inactive|faze_dingerboy has 5 seconds to reconnect!\n|-message|faze_dingerboy lost due to inactivity.\n|\n|win|TheSakman\n", "uploadtime": 1781461628, "views": 5, "formatid": "gen9randombattle", "rating": null, "private": 0, "password": null}