{"id": "gen9randombattle-2631436814", "format": "[Gen 9] Random Battle", "players": ["gangsta spongebob", "bot17334"], "log": "|j|\u2606gangsta spongebob\n|j|\u2606bot17334\n|t:|1781384505\n|gametype|singles\n|player|p1|gangsta spongebob|265|1980\n|player|p2|bot17334|169|2002\n|gen|9\n|tier|[Gen 9] Random Battle\n|rated|\n|rule|Species Clause: Limit one of each Pok\u00e9mon\n|rule|HP Percentage Mod: HP is shown in percentages\n|rule|Sleep Clause Mod: Limit one foe put to sleep\n|rule|Illusion Level Mod: Illusion disguises the Pok\u00e9mon's true level\n|\n|t:|1781384505\n|teamsize|p1|6\n|teamsize|p2|6\n|start\n|switch|p1a: Cyclizar|Cyclizar, L83, F|252/252\n|switch|p2a: Swalot|Swalot, L90, M|326/326\n|turn|1\n|c|\u2606gangsta spongebob|gl hf\n|\n|t:|1781384518\n|move|p1a: Cyclizar|Shed Tail|p1a: Cyclizar\n|-start|p1a: Cyclizar|Substitute|[from] move: Shed Tail\n|-damage|p1a: Cyclizar|126/252\n|\n|t:|1781384521\n|switch|p1a: Glimmora|Glimmora, L75, F|248/248|[from] Shed Tail\n|move|p2a: Swalot|Knock Off|p1a: Glimmora\n|-end|p1a: Glimmora|Substitute\n|\n|upkeep\n|turn|2\n|\n|t:|1781384528\n|move|p1a: Glimmora|Meteor Beam||[still]\n|-prepare|p1a: Glimmora|Meteor Beam\n|-boost|p1a: Glimmora|spa|1\n|-enditem|p1a: Glimmora|Power Herb\n|-anim|p1a: Glimmora|Meteor Beam|p2a: Swalot\n|-damage|p2a: Swalot|122/326\n|move|p2a: Swalot|Earthquake|p1a: Glimmora\n|-supereffective|p1a: Glimmora\n|-damage|p1a: Glimmora|0 fnt\n|-activate|p1a: Glimmora|ability: Toxic Debris\n|-sidestart|p2: bot17334|move: Toxic Spikes\n|faint|p1a: Glimmora\n|\n|-heal|p2a: Swalot|142/326|[from] item: Leftovers\n|upkeep\n|\n|t:|1781384538\n|switch|p1a: Hariyama|Hariyama, L87, F|392/392\n|turn|3\n|\n|t:|1781384551\n|switch|p2a: Tauros|Tauros-Paldea-Aqua, L81, M|254/254\n|-status|p2a: Tauros|psn\n|-ability|p2a: Tauros|Intimidate|boost\n|-unboost|p1a: Hariyama|atk|1\n|move|p1a: Hariyama|Knock Off|p2a: Tauros\n|-resisted|p2a: Tauros\n|-damage|p2a: Tauros|227/254 psn\n|-enditem|p2a: Tauros|Life Orb|[from] move: Knock Off|[of] p1a: Hariyama\n|\n|-damage|p2a: Tauros|196/254 psn|[from] psn\n|-status|p1a: Hariyama|brn|[from] item: Flame Orb\n|upkeep\n|turn|4\n|\n|t:|1781384574\n|move|p2a: Tauros|Bulk Up|p2a: Tauros\n|-boost|p2a: Tauros|atk|1\n|-boost|p2a: Tauros|def|1\n|move|p1a: Hariyama|Close Combat|p2a: Tauros\n|-damage|p2a: Tauros|99/254 psn\n|-unboost|p1a: Hariyama|def|1\n|-unboost|p1a: Hariyama|spd|1\n|\n|-damage|p2a: Tauros|68/254 psn|[from] psn\n|-damage|p1a: Hariyama|368/392 brn|[from] brn\n|upkeep\n|turn|5\n|\n|t:|1781384597\n|move|p1a: Hariyama|Bullet Punch|p2a: Tauros\n|-resisted|p2a: Tauros\n|-damage|p2a: Tauros|58/254 psn\n|move|p2a: Tauros|Close Combat|p1a: Hariyama\n|-damage|p1a: Hariyama|0 fnt\n|-unboost|p2a: Tauros|def|1\n|-unboost|p2a: Tauros|spd|1\n|faint|p1a: Hariyama\n|\n|-damage|p2a: Tauros|27/254 psn|[from] psn\n|upkeep\n|\n|t:|1781384604\n|switch|p1a: Cinderace|Cinderace, L77, F|250/250\n|turn|6\n|\n|t:|1781384610\n|move|p2a: Tauros|Aqua Jet|p1a: Cinderace\n|-supereffective|p1a: Cinderace\n|-crit|p1a: Cinderace\n|-damage|p1a: Cinderace|0 fnt\n|faint|p1a: Cinderace\n|\n|-damage|p2a: Tauros|0 fnt|[from] psn\n|faint|p2a: Tauros\n|upkeep\n|-message|gangsta spongebob forfeited.\n|\n|win|bot17334\n", "uploadtime": 1781384507, "views": 11, "formatid": "gen9randombattle", "rating": null, "private": 0, "password": null}