{"id": "gen9randombattle-2632003832", "format": "[Gen 9] Random Battle", "players": ["tiny spaceship", "Froydd"], "log": "|badge|p1|bronze|gen9randombattle|100-9\n|uhtml|medal-msg|<div class=\"broadcast-blue\">Curious what those medals under the avatar are? PS now has Ladder Seasons! For more information, check out the <a href=\"https://www.smogon.com/forums/threads/3740067/\">thread on Smogon.</a></div>\n|j|\u2606tiny spaceship\n|j|\u2606Froydd\n|t:|1781464908\n|gametype|singles\n|player|p1|tiny spaceship|dawn|2338\n|player|p2|Froydd|pokekid|2281\n|gen|9\n|tier|[Gen 9] Random Battle\n|rated|\n|rule|Species Clause: Limit one of each Pok\u00e9mon\n|rule|HP Percentage Mod: HP is shown in percentages\n|rule|Sleep Clause Mod: Limit one foe put to sleep\n|rule|Illusion Level Mod: Illusion disguises the Pok\u00e9mon's true level\n|\n|t:|1781464908\n|teamsize|p1|6\n|teamsize|p2|6\n|start\n|switch|p1a: Enamorus|Enamorus-Therian, L83, F|259/259\n|switch|p2a: Gogoat|Gogoat, L88, M|360/360\n|turn|1\n|inactive|Battle timer is ON: inactive players will automatically lose when time's up. (requested by tiny spaceship)\n|\n|t:|1781464924\n|switch|p2a: Blissey|Blissey, L85, F|572/572\n|move|p1a: Enamorus|Mystical Fire|p2a: Blissey\n|-damage|p2a: Blissey|497/572\n|-unboost|p2a: Blissey|spa|1\n|\n|-heal|p2a: Blissey|532/572|[from] item: Leftovers\n|upkeep\n|turn|2\n|\n|t:|1781464931\n|switch|p1a: Araquanid|Araquanid, L82, M|246/246\n|move|p2a: Blissey|Stealth Rock|p1a: Araquanid\n|-sidestart|p1: tiny spaceship|move: Stealth Rock\n|\n|-heal|p2a: Blissey|567/572|[from] item: Leftovers\n|upkeep\n|turn|3\n|\n|t:|1781464945\n|switch|p2a: Gogoat|Gogoat, L88, M|360/360\n|move|p1a: Araquanid|Sticky Web|p2a: Gogoat\n|-sidestart|p2: Froydd|move: Sticky Web\n|\n|upkeep\n|turn|4\n|\n|t:|1781464958\n|move|p2a: Gogoat|Bulk Up|p2a: Gogoat\n|-boost|p2a: Gogoat|atk|1\n|-boost|p2a: Gogoat|def|1\n|move|p1a: Araquanid|Leech Life|p2a: Gogoat\n|-supereffective|p2a: Gogoat\n|-damage|p2a: Gogoat|262/360\n|\n|-heal|p2a: Gogoat|284/360|[from] item: Leftovers\n|upkeep\n|turn|5\n|\n|t:|1781464966\n|switch|p1a: Kilowattrel|Kilowattrel, L83, F|252/252\n|move|p2a: Gogoat|Horn Leech|p1a: Kilowattrel\n|-resisted|p1a: Kilowattrel\n|-damage|p1a: Kilowattrel|167/252\n|-heal|p2a: Gogoat|327/360|[from] drain|[of] p1a: Kilowattrel\n|\n|-heal|p2a: Gogoat|349/360|[from] item: Leftovers\n|upkeep\n|turn|6\n|\n|t:|1781464972\n|switch|p2a: Blissey|Blissey, L85, F|567/572\n|-activate|p2a: Blissey|move: Sticky Web\n|-unboost|p2a: Blissey|spe|1\n|move|p1a: Kilowattrel|Hurricane|p2a: Blissey\n|-damage|p2a: Blissey|477/572\n|\n|-heal|p2a: Blissey|512/572|[from] item: Leftovers\n|upkeep\n|turn|7\n|\n|t:|1781464981\n|move|p1a: Kilowattrel|U-turn|p2a: Blissey\n|-damage|p2a: Blissey|407/572\n|\n|t:|1781464983\n|switch|p1a: Cyclizar|Cyclizar, L83, M|252/252|[from] U-turn\n|move|p2a: Blissey|Seismic Toss|p1a: Cyclizar\n|-damage|p1a: Cyclizar|167/252\n|\n|-heal|p2a: Blissey|442/572|[from] item: Leftovers\n|upkeep\n|turn|8\n|\n|t:|1781464995\n|move|p1a: Cyclizar|Rapid Spin|p2a: Blissey\n|-damage|p2a: Blissey|288/572\n|-boost|p1a: Cyclizar|spe|1\n|-sideend|p1: tiny spaceship|Stealth Rock|[from] move: Rapid Spin|[of] p1a: Cyclizar\n|move|p2a: Blissey|Seismic Toss|p1a: Cyclizar\n|-damage|p1a: Cyclizar|82/252\n|\n|-heal|p2a: Blissey|323/572|[from] item: Leftovers\n|upkeep\n|turn|9\n|\n|t:|1781465004\n|move|p1a: Cyclizar|Knock Off|p2a: Blissey\n|-damage|p2a: Blissey|141/572\n|-enditem|p2a: Blissey|Leftovers|[from] move: Knock Off|[of] p1a: Cyclizar\n|move|p2a: Blissey|Soft-Boiled|p2a: Blissey\n|-heal|p2a: Blissey|427/572\n|\n|upkeep\n|turn|10\n|\n|t:|1781465010\n|switch|p1a: Dunsparce|Dunsparce, L86, F|312/312\n|move|p2a: Blissey|Stealth Rock|p1a: Dunsparce\n|-sidestart|p1: tiny spaceship|move: Stealth Rock\n|\n|upkeep\n|turn|11\n|\n|t:|1781465015\n|move|p1a: Dunsparce|Body Slam|p2a: Blissey\n|-damage|p2a: Blissey|201/572\n|-status|p2a: Blissey|par\n|move|p2a: Blissey|Thunder Wave|p1a: Dunsparce\n|-status|p1a: Dunsparce|par\n|\n|upkeep\n|turn|12\n|\n|t:|1781465023\n|-curestatus|p2a: Blissey|par|[from] ability: Natural Cure|[silent]\n|switch|p2a: Banette|Banette, L93, M|270/270\n|-activate|p2a: Banette|move: Sticky Web\n|-unboost|p2a: Banette|spe|1\n|move|p1a: Dunsparce|Body Slam|p2a: Banette\n|-immune|p2a: Banette\n|\n|upkeep\n|turn|13\n|\n|t:|1781465032\n|move|p2a: Banette|Swords Dance|p2a: Banette\n|-boost|p2a: Banette|atk|2\n|cant|p1a: Dunsparce|par\n|\n|upkeep\n|turn|14\n|\n|t:|1781465040\n|move|p2a: Banette|Gunk Shot|p1a: Dunsparce\n|-damage|p1a: Dunsparce|88/312 par\n|-damage|p2a: Banette|243/270|[from] item: Life Orb\n|move|p1a: Dunsparce|Coil|p1a: Dunsparce\n|-boost|p1a: Dunsparce|atk|1\n|-boost|p1a: Dunsparce|def|1\n|-boost|p1a: Dunsparce|accuracy|1\n|\n|upkeep\n|turn|15\n|\n|t:|1781465046\n|move|p2a: Banette|Gunk Shot|p1a: Dunsparce\n|-damage|p1a: Dunsparce|0 fnt\n|faint|p1a: Dunsparce\n|-damage|p2a: Banette|216/270|[from] item: Life Orb\n|\n|upkeep\n|inactive|tiny spaceship has 120 seconds left.\n|\n|t:|1781465084\n|switch|p1a: Enamorus|Enamorus-Therian, L83, F|259/259\n|-damage|p1a: Enamorus|195/259|[from] Stealth Rock\n|turn|16\n|\n|t:|1781465091\n|move|p2a: Banette|Shadow Sneak|p1a: Enamorus\n|-damage|p1a: Enamorus|55/259\n|-damage|p2a: Banette|189/270|[from] item: Life Orb\n|move|p1a: Enamorus|Moonblast|p2a: Banette\n|-damage|p2a: Banette|0 fnt\n|-start|p1a: Enamorus|Disable|Moonblast|[from] ability: Cursed Body|[of] p2a: Banette\n|faint|p2a: Banette\n|\n|upkeep\n|\n|t:|1781465106\n|switch|p2a: Blissey|Blissey, L85, F|201/572\n|-activate|p2a: Blissey|move: Sticky Web\n|-unboost|p2a: Blissey|spe|1\n|turn|17\n|\n|t:|1781465111\n|switch|p1a: Cyclizar|Cyclizar, L83, M|166/252\n|move|p2a: Blissey|Soft-Boiled|p2a: Blissey\n|-heal|p2a: Blissey|487/572\n|\n|upkeep\n|turn|18\n|\n|t:|1781465119\n|move|p1a: Cyclizar|Shed Tail|p1a: Cyclizar\n|-start|p1a: Cyclizar|Substitute|[from] move: Shed Tail\n|-damage|p1a: Cyclizar|40/252\n|\n|t:|1781465123\n|switch|p1a: Dialga|Dialga, L73|266/266|[from] Shed Tail\n|-damage|p1a: Dialga|250/266|[from] Stealth Rock\n|-ability|p1a: Dialga|Pressure\n|move|p2a: Blissey|Seismic Toss|p1a: Dialga\n|-end|p1a: Dialga|Substitute\n|\n|upkeep\n|turn|19\n|-message|tiny spaceship forfeited.\n|\n|win|Froydd\n", "uploadtime": 1781464910, "views": 4, "formatid": "gen9randombattle", "rating": null, "private": 0, "password": null}