{"id": "gen9randombattle-2631919681", "format": "[Gen 9] Random Battle", "players": ["Aminator3000", "LuxemBougie"], "log": "|j|\u2606Aminator3000\n|j|\u203dLuxemBougie\n|t:|1781455662\n|gametype|singles\n|player|p1|Aminator3000|veteran|1936\n|player|p2|LuxemBougie|cynthia|1941\n|gen|9\n|tier|[Gen 9] Random Battle\n|rated|\n|rule|Species Clause: Limit one of each Pok\u00e9mon\n|rule|HP Percentage Mod: HP is shown in percentages\n|rule|Sleep Clause Mod: Limit one foe put to sleep\n|rule|Illusion Level Mod: Illusion disguises the Pok\u00e9mon's true level\n|\n|t:|1781455662\n|teamsize|p1|6\n|teamsize|p2|6\n|start\n|switch|p1a: Cloyster|Cloyster, L80, F|211/211\n|switch|p2a: Lanturn|Lanturn, L89, F|367/367\n|turn|1\n|inactive|Battle timer is ON: inactive players will automatically lose when time's up. (requested by Aminator3000)\n|inactive|LuxemBougie has 120 seconds left.\n|\n|t:|1781455703\n|switch|p1a: Virizion|Virizion, L82|283/283\n|move|p2a: Lanturn|Thunder Wave|p1a: Virizion\n|-status|p1a: Virizion|par\n|\n|upkeep\n|turn|2\n|\n|t:|1781455710\n|switch|p2a: Solgaleo|Solgaleo, L74|325/325\n|move|p1a: Virizion|Leaf Blade|p2a: Solgaleo\n|-resisted|p2a: Solgaleo\n|-crit|p2a: Solgaleo\n|-damage|p2a: Solgaleo|247/325\n|-damage|p1a: Virizion|236/283 par|[from] item: Rocky Helmet|[of] p2a: Solgaleo\n|-damage|p1a: Virizion|208/283 par|[from] item: Life Orb\n|\n|upkeep\n|turn|3\n|\n|t:|1781455725\n|switch|p1a: Porygon2|Porygon2, L81|270/270\n|-ability|p1a: Porygon2|Download|boost\n|-boost|p1a: Porygon2|spa|1\n|move|p2a: Solgaleo|Psychic Fangs|p1a: Porygon2\n|-damage|p1a: Porygon2|207/270\n|\n|upkeep\n|turn|4\n|\n|t:|1781455735\n|move|p2a: Solgaleo|Knock Off|p1a: Porygon2\n|-damage|p1a: Porygon2|161/270\n|-enditem|p1a: Porygon2|Eviolite|[from] move: Knock Off|[of] p2a: Solgaleo\n|move|p1a: Porygon2|Tri Attack|p2a: Solgaleo\n|-resisted|p2a: Solgaleo\n|-damage|p2a: Solgaleo|178/325\n|\n|upkeep\n|turn|5\n|\n|t:|1781455755\n|switch|p2a: Lanturn|Lanturn, L89, F|367/367\n|move|p1a: Porygon2|Discharge|p2a: Lanturn\n|-immune|p2a: Lanturn|[from] ability: Volt Absorb\n|\n|upkeep\n|turn|6\n|\n|t:|1781455765\n|move|p2a: Lanturn|Thunderbolt|p1a: Porygon2\n|-damage|p1a: Porygon2|77/270\n|move|p1a: Porygon2|Tri Attack|p2a: Lanturn\n|-damage|p2a: Lanturn|228/367\n|\n|-heal|p2a: Lanturn|250/367|[from] item: Leftovers\n|upkeep\n|turn|7\n|\n|t:|1781455777\n|move|p2a: Lanturn|Thunderbolt|p1a: Porygon2\n|-damage|p1a: Porygon2|0 fnt\n|faint|p1a: Porygon2\n|\n|-heal|p2a: Lanturn|272/367|[from] item: Leftovers\n|upkeep\n|\n|t:|1781455786\n|switch|p1a: Virizion|Virizion, L82|208/283 par\n|turn|8\n|\n|t:|1781455792\n|switch|p2a: Solgaleo|Solgaleo, L74|178/325\n|cant|p1a: Virizion|par\n|\n|upkeep\n|turn|9\n|\n|t:|1781455800\n|move|p2a: Solgaleo|Psychic Fangs|p1a: Virizion\n|-supereffective|p1a: Virizion\n|-damage|p1a: Virizion|0 fnt\n|faint|p1a: Virizion\n|\n|upkeep\n|\n|t:|1781455806\n|switch|p1a: Cloyster|Cloyster, L80, F|211/211\n|turn|10\n|\n|t:|1781455814\n|move|p2a: Solgaleo|Knock Off|p1a: Cloyster\n|-damage|p1a: Cloyster|170/211\n|-enditem|p1a: Cloyster|White Herb|[from] move: Knock Off|[of] p2a: Solgaleo\n|move|p1a: Cloyster|Shell Smash|p1a: Cloyster\n|-unboost|p1a: Cloyster|def|1\n|-unboost|p1a: Cloyster|spd|1\n|-boost|p1a: Cloyster|atk|2\n|-boost|p1a: Cloyster|spa|2\n|-boost|p1a: Cloyster|spe|2\n|\n|upkeep\n|turn|11\n|\n|t:|1781455827\n|move|p1a: Cloyster|Hydro Pump|p2a: Solgaleo|[miss]\n|-miss|p1a: Cloyster|p2a: Solgaleo\n|move|p2a: Solgaleo|Morning Sun|p2a: Solgaleo\n|-heal|p2a: Solgaleo|325/325\n|\n|upkeep\n|turn|12\n|\n|t:|1781455833\n|move|p1a: Cloyster|Hydro Pump|p2a: Solgaleo\n|-damage|p2a: Solgaleo|117/325\n|move|p2a: Solgaleo|Psychic Fangs|p1a: Cloyster\n|-damage|p1a: Cloyster|86/211\n|\n|upkeep\n|turn|13\n|\n|t:|1781455841\n|move|p1a: Cloyster|Hydro Pump|p2a: Solgaleo\n|-damage|p2a: Solgaleo|0 fnt\n|faint|p2a: Solgaleo\n|\n|upkeep\n|\n|t:|1781455844\n|switch|p2a: Lanturn|Lanturn, L89, F|272/367\n|turn|14\n|\n|t:|1781455852\n|move|p1a: Cloyster|Rock Blast|p2a: Lanturn\n|-damage|p2a: Lanturn|233/367\n|-damage|p2a: Lanturn|193/367\n|-damage|p2a: Lanturn|155/367\n|-damage|p2a: Lanturn|117/367\n|-damage|p2a: Lanturn|76/367\n|-hitcount|p2a: Lanturn|5\n|move|p2a: Lanturn|Thunderbolt|p1a: Cloyster\n|-supereffective|p1a: Cloyster\n|-damage|p1a: Cloyster|0 fnt\n|faint|p1a: Cloyster\n|\n|-heal|p2a: Lanturn|98/367|[from] item: Leftovers\n|upkeep\n|\n|t:|1781455871\n|switch|p1a: Lugia|Lugia, L73|275/275\n|turn|15\n|inactive|LuxemBougie has 120 seconds left.\n|\n|t:|1781455908\n|move|p1a: Lugia|Earth Power|p2a: Lanturn\n|-supereffective|p2a: Lanturn\n|-damage|p2a: Lanturn|0 fnt\n|faint|p2a: Lanturn\n|\n|upkeep\n|\n|t:|1781455911\n|switch|p2a: Thundurus|Thundurus-Therian, L80, M|258/258\n|turn|16\n|\n|t:|1781455920\n|switch|p1a: Dragalge|Dragalge, L88, M|258/258\n|move|p2a: Thundurus|Volt Switch|p1a: Dragalge\n|-resisted|p1a: Dragalge\n|-damage|p1a: Dragalge|235/258\n|\n|t:|1781455928\n|switch|p2a: Ogerpon|Ogerpon-Cornerstone, L76, F|247/247|[from] Volt Switch\n|\n|upkeep\n|turn|17\n|\n|t:|1781455936\n|move|p2a: Ogerpon|Ivy Cudgel|p1a: Dragalge|[anim] Ivy Cudgel Rock\n|-damage|p1a: Dragalge|120/258\n|move|p1a: Dragalge|Sludge Wave|p2a: Ogerpon\n|-damage|p2a: Ogerpon|95/247\n|-status|p2a: Ogerpon|psn\n|\n|-damage|p2a: Ogerpon|65/247 psn|[from] psn\n|upkeep\n|turn|18\n|\n|t:|1781455963\n|switch|p1a: Milotic|Milotic, L83, M|293/293\n|move|p2a: Ogerpon|Ivy Cudgel|p1a: Milotic|[anim] Ivy Cudgel Rock\n|-crit|p1a: Milotic\n|-damage|p1a: Milotic|85/293\n|\n|-heal|p1a: Milotic|103/293|[from] item: Leftovers\n|-damage|p2a: Ogerpon|35/247 psn|[from] psn\n|upkeep\n|turn|19\n|\n|t:|1781455976\n|switch|p1a: Dragalge|Dragalge, L88, M|120/258\n|move|p2a: Ogerpon|Ivy Cudgel|p1a: Dragalge|[anim] Ivy Cudgel Rock\n|-damage|p1a: Dragalge|0 fnt\n|faint|p1a: Dragalge\n|\n|-damage|p2a: Ogerpon|5/247 psn|[from] psn\n|upkeep\n|\n|t:|1781455985\n|switch|p1a: Lugia|Lugia, L73|275/275\n|turn|20\n|\n|t:|1781455989\n|move|p2a: Ogerpon|Ivy Cudgel|p1a: Lugia|[anim] Ivy Cudgel Rock\n|-supereffective|p1a: Lugia\n|-damage|p1a: Lugia|176/275\n|move|p1a: Lugia|Recover|p1a: Lugia\n|-heal|p1a: Lugia|275/275\n|\n|-damage|p2a: Ogerpon|0 fnt|[from] psn\n|faint|p2a: Ogerpon\n|upkeep\n|\n|t:|1781455999\n|switch|p2a: Thundurus|Thundurus-Therian, L80, M|258/258\n|turn|21\n|\n|t:|1781456016\n|move|p2a: Thundurus|Psychic|p1a: Lugia\n|-resisted|p1a: Lugia\n|-damage|p1a: Lugia|261/275\n|move|p1a: Lugia|Calm Mind|p1a: Lugia\n|-boost|p1a: Lugia|spa|1\n|-boost|p1a: Lugia|spd|1\n|\n|upkeep\n|turn|22\n|\n|t:|1781456022\n|switch|p2a: Spectrier|Spectrier, L75|274/274\n|move|p1a: Lugia|Calm Mind|p1a: Lugia\n|-boost|p1a: Lugia|spa|1\n|-boost|p1a: Lugia|spd|1\n|\n|upkeep\n|turn|23\n|\n|t:|1781456033\n|move|p2a: Spectrier|Nasty Plot|p2a: Spectrier\n|-boost|p2a: Spectrier|spa|2\n|move|p1a: Lugia|Calm Mind|p1a: Lugia\n|-boost|p1a: Lugia|spa|1\n|-boost|p1a: Lugia|spd|1\n|\n|upkeep\n|turn|24\n|\n|t:|1781456040\n|move|p2a: Spectrier|Shadow Ball|p1a: Lugia\n|-supereffective|p1a: Lugia\n|-damage|p1a: Lugia|141/275\n|move|p1a: Lugia|Recover|p1a: Lugia\n|-heal|p1a: Lugia|275/275\n|\n|upkeep\n|turn|25\n|\n|t:|1781456047\n|move|p2a: Spectrier|Shadow Ball|p1a: Lugia\n|-supereffective|p1a: Lugia\n|-damage|p1a: Lugia|214/275\n|move|p1a: Lugia|Aeroblast|p2a: Spectrier\n|-damage|p2a: Spectrier|58/274\n|\n|-heal|p2a: Spectrier|75/274|[from] item: Leftovers\n|upkeep\n|turn|26\n|\n|t:|1781456057\n|move|p2a: Spectrier|Shadow Ball|p1a: Lugia\n|-supereffective|p1a: Lugia\n|-damage|p1a: Lugia|92/275\n|-unboost|p1a: Lugia|spd|1\n|move|p1a: Lugia|Aeroblast|p2a: Spectrier\n|-damage|p2a: Spectrier|0 fnt\n|faint|p2a: Spectrier\n|\n|upkeep\n|\n|t:|1781456061\n|switch|p2a: Thundurus|Thundurus-Therian, L80, M|258/258\n|turn|27\n|\n|t:|1781456069\n|move|p2a: Thundurus|Thunderbolt|p1a: Lugia\n|-supereffective|p1a: Lugia\n|-damage|p1a: Lugia|8/275\n|move|p1a: Lugia|Recover|p1a: Lugia\n|-heal|p1a: Lugia|146/275\n|\n|upkeep\n|turn|28\n|\n|t:|1781456076\n|move|p2a: Thundurus|Thunderbolt|p1a: Lugia\n|-supereffective|p1a: Lugia\n|-damage|p1a: Lugia|54/275\n|move|p1a: Lugia|Recover|p1a: Lugia\n|-heal|p1a: Lugia|192/275\n|\n|upkeep\n|turn|29\n|\n|t:|1781456083\n|move|p2a: Thundurus|Thunderbolt|p1a: Lugia\n|-supereffective|p1a: Lugia\n|-damage|p1a: Lugia|100/275\n|move|p1a: Lugia|Recover|p1a: Lugia\n|-heal|p1a: Lugia|238/275\n|\n|upkeep\n|turn|30\n|\n|t:|1781456091\n|move|p2a: Thundurus|Thunderbolt|p1a: Lugia\n|-supereffective|p1a: Lugia\n|-damage|p1a: Lugia|148/275\n|move|p1a: Lugia|Recover|p1a: Lugia\n|-heal|p1a: Lugia|275/275\n|\n|upkeep\n|turn|31\n|\n|t:|1781456098\n|move|p2a: Thundurus|Thunderbolt|p1a: Lugia\n|-supereffective|p1a: Lugia\n|-damage|p1a: Lugia|230/275\n|move|p1a: Lugia|Calm Mind|p1a: Lugia\n|-boost|p1a: Lugia|spa|1\n|-boost|p1a: Lugia|spd|1\n|\n|upkeep\n|turn|32\n|\n|t:|1781456107\n|move|p2a: Thundurus|Thunderbolt|p1a: Lugia\n|-supereffective|p1a: Lugia\n|-damage|p1a: Lugia|164/275\n|move|p1a: Lugia|Aeroblast|p2a: Thundurus\n|-resisted|p2a: Thundurus\n|-damage|p2a: Thundurus|126/258\n|\n|upkeep\n|turn|33\n|\n|t:|1781456114\n|move|p2a: Thundurus|Thunderbolt|p1a: Lugia\n|-supereffective|p1a: Lugia\n|-damage|p1a: Lugia|98/275\n|move|p1a: Lugia|Aeroblast|p2a: Thundurus\n|-resisted|p2a: Thundurus\n|-crit|p2a: Thundurus\n|-damage|p2a: Thundurus|0 fnt\n|faint|p2a: Thundurus\n|\n|upkeep\n|-message|LuxemBougie forfeited.\n|\n|win|Aminator3000\n", "uploadtime": 1781455663, "views": 3, "formatid": "gen9randombattle", "rating": null, "private": 0, "password": null}