{"id": "gen9randombattle-2631865932", "format": "[Gen 9] Random Battle", "players": ["MakotoV7", "katsuge5"], "log": "|j|\u2606MakotoV7\n|j|\u2606katsuge5\n|t:|1781449791\n|gametype|singles\n|player|p1|MakotoV7|steven|2170\n|player|p2|katsuge5|101|2281\n|gen|9\n|tier|[Gen 9] Random Battle\n|rated|\n|rule|Species Clause: Limit one of each Pok\u00e9mon\n|rule|HP Percentage Mod: HP is shown in percentages\n|rule|Sleep Clause Mod: Limit one foe put to sleep\n|rule|Illusion Level Mod: Illusion disguises the Pok\u00e9mon's true level\n|\n|t:|1781449791\n|teamsize|p1|6\n|teamsize|p2|6\n|start\n|switch|p1a: Gothitelle|Gothitelle, L90, F|272/272\n|switch|p2a: Morpeko|Morpeko, L88, F|245/245\n|turn|1\n|inactive|Battle timer is ON: inactive players will automatically lose when time's up. (requested by MakotoV7)\n|\n|t:|1781449812\n|move|p2a: Morpeko|Aura Wheel|p1a: Gothitelle\n|-damage|p1a: Gothitelle|163/272\n|-boost|p2a: Morpeko|spe|1\n|move|p1a: Gothitelle|Focus Blast|p2a: Morpeko|[miss]\n|-miss|p1a: Gothitelle|p2a: Morpeko\n|\n|-heal|p1a: Gothitelle|180/272|[from] item: Leftovers\n|-formechange|p2a: Morpeko|Morpeko-Hangry||[from] ability: Hunger Switch\n|upkeep\n|turn|2\n|\n|t:|1781449825\n|switch|p1a: Raikou|Raikou, L81|278/278\n|-ability|p1a: Raikou|Pressure\n|move|p2a: Morpeko|Aura Wheel|p1a: Raikou\n|-crit|p1a: Raikou\n|-damage|p1a: Raikou|53/278\n|-boost|p2a: Morpeko|spe|1\n|\n|-heal|p1a: Raikou|70/278|[from] item: Leftovers\n|-formechange|p2a: Morpeko|Morpeko||[from] ability: Hunger Switch\n|upkeep\n|turn|3\n|j| deathler\n|\n|t:|1781449840\n|move|p2a: Morpeko|Aura Wheel|p1a: Raikou\n|-resisted|p1a: Raikou\n|-damage|p1a: Raikou|0 fnt\n|-boost|p2a: Morpeko|spe|1\n|faint|p1a: Raikou\n|\n|-formechange|p2a: Morpeko|Morpeko-Hangry||[from] ability: Hunger Switch\n|upkeep\n|\n|t:|1781449845\n|switch|p1a: Iron Moth|Iron Moth, L78|253/253\n|turn|4\n|\n|t:|1781449850\n|move|p2a: Morpeko|Aura Wheel|p1a: Iron Moth\n|-damage|p1a: Iron Moth|60/253\n|-boost|p2a: Morpeko|spe|1\n|move|p1a: Iron Moth|Fire Blast|p2a: Morpeko\n|-damage|p2a: Morpeko|64/245\n|\n|-formechange|p2a: Morpeko|Morpeko||[from] ability: Hunger Switch\n|upkeep\n|turn|5\n|\n|t:|1781449864\n|move|p2a: Morpeko|Aura Wheel|p1a: Iron Moth\n|-damage|p1a: Iron Moth|0 fnt\n|-boost|p2a: Morpeko|spe|1\n|faint|p1a: Iron Moth\n|-end|p1a: Iron Moth|Quark Drive|[silent]\n|\n|-formechange|p2a: Morpeko|Morpeko-Hangry||[from] ability: Hunger Switch\n|upkeep\n|\n|t:|1781449867\n|switch|p1a: Mimikyu|Mimikyu, L79, M|216/216\n|turn|6\n|\n|t:|1781449875\n|move|p2a: Morpeko|Aura Wheel|p1a: Mimikyu\n|-activate|p1a: Mimikyu|ability: Disguise\n|-damage|p1a: Mimikyu|216/216\n|-boost|p2a: Morpeko|spe|1\n|detailschange|p1a: Mimikyu|Mimikyu-Busted, L79, M\n|-damage|p1a: Mimikyu|189/216|[from] pokemon: Mimikyu-Busted\n|move|p1a: Mimikyu|Drain Punch|p2a: Morpeko\n|-supereffective|p2a: Morpeko\n|-damage|p2a: Morpeko|0 fnt\n|-heal|p1a: Mimikyu|216/216|[from] drain|[of] p2a: Morpeko\n|faint|p2a: Morpeko\n|-damage|p1a: Mimikyu|195/216|[from] item: Life Orb\n|\n|upkeep\n|\n|t:|1781449884\n|switch|p2a: Entei|Entei, L78|307/307\n|turn|7\n|\n|t:|1781449889\n|move|p2a: Entei|Flare Blitz|p1a: Mimikyu\n|-damage|p1a: Mimikyu|0 fnt\n|faint|p1a: Mimikyu\n|-damage|p2a: Entei|243/307|[from] Recoil\n|\n|upkeep\n|\n|t:|1781449892\n|switch|p1a: Latias|Latias, L79, F|256/256\n|turn|8\n|inactive|katsuge5 has 120 seconds left.\n|\n|t:|1781449942\n|switch|p2a: Great Tusk|Great Tusk, L77|304/304\n|move|p1a: Latias|Calm Mind|p1a: Latias\n|-boost|p1a: Latias|spa|1\n|-boost|p1a: Latias|spd|1\n|\n|upkeep\n|turn|9\n|\n|t:|1781449947\n|-terastallize|p2a: Great Tusk|Steel\n|move|p1a: Latias|Psyshock|p2a: Great Tusk\n|-resisted|p2a: Great Tusk\n|-damage|p2a: Great Tusk|243/304\n|move|p2a: Great Tusk|Ice Spinner|p1a: Latias\n|-supereffective|p1a: Latias\n|-damage|p1a: Latias|134/256\n|\n|-heal|p2a: Great Tusk|262/304|[from] item: Leftovers\n|upkeep\n|turn|10\n|\n|t:|1781449957\n|move|p1a: Latias|Calm Mind|p1a: Latias\n|-boost|p1a: Latias|spa|1\n|-boost|p1a: Latias|spd|1\n|move|p2a: Great Tusk|Ice Spinner|p1a: Latias\n|-supereffective|p1a: Latias\n|-damage|p1a: Latias|6/256\n|\n|-heal|p2a: Great Tusk|281/304|[from] item: Leftovers\n|upkeep\n|turn|11\n|\n|t:|1781449962\n|move|p1a: Latias|Recover|p1a: Latias\n|-heal|p1a: Latias|134/256\n|move|p2a: Great Tusk|Ice Spinner|p1a: Latias\n|-supereffective|p1a: Latias\n|-damage|p1a: Latias|16/256\n|\n|-heal|p2a: Great Tusk|300/304|[from] item: Leftovers\n|upkeep\n|turn|12\n|\n|t:|1781449966\n|move|p1a: Latias|Recover|p1a: Latias\n|-heal|p1a: Latias|144/256\n|move|p2a: Great Tusk|Ice Spinner|p1a: Latias\n|-supereffective|p1a: Latias\n|-damage|p1a: Latias|28/256\n|\n|-heal|p2a: Great Tusk|304/304|[from] item: Leftovers\n|upkeep\n|turn|13\n|\n|t:|1781449968\n|move|p1a: Latias|Recover|p1a: Latias\n|-heal|p1a: Latias|156/256\n|move|p2a: Great Tusk|Ice Spinner|p1a: Latias\n|-supereffective|p1a: Latias\n|-damage|p1a: Latias|34/256\n|\n|upkeep\n|turn|14\n|\n|t:|1781449972\n|move|p1a: Latias|Recover|p1a: Latias\n|-heal|p1a: Latias|162/256\n|move|p2a: Great Tusk|Ice Spinner|p1a: Latias\n|-supereffective|p1a: Latias\n|-damage|p1a: Latias|32/256\n|\n|upkeep\n|turn|15\n|\n|t:|1781449985\n|move|p1a: Latias|Draco Meteor|p2a: Great Tusk\n|-resisted|p2a: Great Tusk\n|-damage|p2a: Great Tusk|46/304\n|-unboost|p1a: Latias|spa|2\n|move|p2a: Great Tusk|Ice Spinner|p1a: Latias\n|-supereffective|p1a: Latias\n|-crit|p1a: Latias\n|-damage|p1a: Latias|0 fnt\n|faint|p1a: Latias\n|\n|-heal|p2a: Great Tusk|65/304|[from] item: Leftovers\n|upkeep\n|\n|t:|1781450009\n|switch|p1a: Iron Bundle|Iron Bundle, L78|215/215\n|turn|16\n|\n|t:|1781450013\n|move|p1a: Iron Bundle|Ice Beam|p2a: Great Tusk\n|-resisted|p2a: Great Tusk\n|-damage|p2a: Great Tusk|0 fnt\n|faint|p2a: Great Tusk\n|-end|p2a: Great Tusk|Protosynthesis|[silent]\n|\n|upkeep\n|\n|t:|1781450024\n|switch|p2a: Entei|Entei, L78|243/307\n|turn|17\n|\n|t:|1781450035\n|-terastallize|p1a: Iron Bundle|Water\n|move|p1a: Iron Bundle|Hydro Pump|p2a: Entei\n|-supereffective|p2a: Entei\n|-damage|p2a: Entei|0 fnt\n|faint|p2a: Entei\n|\n|upkeep\n|\n|t:|1781450045\n|switch|p2a: Calyrex|Calyrex, L93|337/337\n|-ability|p2a: Calyrex|Unnerve\n|turn|18\n|\n|t:|1781450049\n|move|p1a: Iron Bundle|Ice Beam|p2a: Calyrex\n|-supereffective|p2a: Calyrex\n|-damage|p2a: Calyrex|133/337\n|move|p2a: Calyrex|Giga Drain|p1a: Iron Bundle\n|-supereffective|p1a: Iron Bundle\n|-damage|p1a: Iron Bundle|0 fnt\n|-heal|p2a: Calyrex|241/337|[from] drain|[of] p1a: Iron Bundle\n|faint|p1a: Iron Bundle\n|-end|p1a: Iron Bundle|Quark Drive|[silent]\n|\n|-heal|p2a: Calyrex|262/337|[from] item: Leftovers\n|upkeep\n|\n|t:|1781450053\n|switch|p1a: Gothitelle|Gothitelle, L90, F|180/272\n|turn|19\n|l| deathler\n|\n|t:|1781450078\n|move|p2a: Calyrex|Leech Seed|p1a: Gothitelle\n|-start|p1a: Gothitelle|move: Leech Seed\n|move|p1a: Gothitelle|Calm Mind|p1a: Gothitelle\n|-boost|p1a: Gothitelle|spa|1\n|-boost|p1a: Gothitelle|spd|1\n|\n|-heal|p2a: Calyrex|283/337|[from] item: Leftovers\n|-heal|p1a: Gothitelle|197/272|[from] item: Leftovers\n|-damage|p1a: Gothitelle|163/272|[from] Leech Seed|[of] p2a: Calyrex\n|-heal|p2a: Calyrex|317/337|[silent]\n|upkeep\n|turn|20\n|\n|t:|1781450087\n|move|p2a: Calyrex|Calm Mind|p2a: Calyrex\n|-boost|p2a: Calyrex|spa|1\n|-boost|p2a: Calyrex|spd|1\n|move|p1a: Gothitelle|Calm Mind|p1a: Gothitelle\n|-boost|p1a: Gothitelle|spa|1\n|-boost|p1a: Gothitelle|spd|1\n|\n|-heal|p2a: Calyrex|337/337|[from] item: Leftovers\n|-heal|p1a: Gothitelle|180/272|[from] item: Leftovers\n|-damage|p1a: Gothitelle|146/272|[from] Leech Seed|[of] p2a: Calyrex\n|upkeep\n|turn|21\n|\n|t:|1781450091\n|move|p2a: Calyrex|Psyshock|p1a: Gothitelle\n|-resisted|p1a: Gothitelle\n|-damage|p1a: Gothitelle|86/272\n|move|p1a: Gothitelle|Psychic Noise|p2a: Calyrex\n|-resisted|p2a: Calyrex\n|-damage|p2a: Calyrex|283/337\n|-start|p2a: Calyrex|move: Heal Block\n|\n|-heal|p1a: Gothitelle|103/272|[from] item: Leftovers\n|-damage|p1a: Gothitelle|69/272|[from] Leech Seed|[of] p2a: Calyrex\n|upkeep\n|turn|22\n|-message|MakotoV7 forfeited.\n|\n|win|katsuge5\n", "uploadtime": 1781449793, "views": 5, "formatid": "gen9randombattle", "rating": null, "private": 0, "password": null}