{"id": "gen9randombattle-2631853962", "format": "[Gen 9] Random Battle", "players": ["VJ1010", "TrustyGhost07"], "log": "|j|\u2606VJ1010\n|j|\u2606TrustyGhost07\n|t:|1781448417\n|gametype|singles\n|player|p1|VJ1010|265|\n|player|p2|TrustyGhost07|red|\n|gen|9\n|tier|[Gen 9] Random Battle\n|rule|Species Clause: Limit one of each Pok\u00e9mon\n|rule|HP Percentage Mod: HP is shown in percentages\n|rule|Sleep Clause Mod: Limit one foe put to sleep\n|rule|Illusion Level Mod: Illusion disguises the Pok\u00e9mon's true level\n|\n|t:|1781448417\n|teamsize|p1|6\n|teamsize|p2|6\n|start\n|switch|p1a: Palkia|Palkia, L75|259/259\n|switch|p2a: Kyurem|Kyurem, L77|319/319\n|-ability|p1a: Palkia|Pressure\n|-ability|p2a: Kyurem|Pressure\n|turn|1\n|\n|t:|1781448458\n|switch|p2a: Sylveon|Sylveon, L85, M|300/300\n|move|p1a: Palkia|Draco Meteor|p2a: Sylveon\n|-immune|p2a: Sylveon\n|\n|upkeep\n|turn|2\n|\n|t:|1781448471\n|switch|p1a: Toxtricity|Toxtricity, L82, F|257/257\n|move|p2a: Sylveon|Calm Mind|p2a: Sylveon\n|-boost|p2a: Sylveon|spa|1\n|-boost|p2a: Sylveon|spd|1\n|\n|upkeep\n|turn|3\n|\n|t:|1781448486\n|move|p2a: Sylveon|Protect|p2a: Sylveon\n|-singleturn|p2a: Sylveon|Protect\n|move|p1a: Toxtricity|Gunk Shot|p2a: Sylveon\n|-activate|p2a: Sylveon|move: Protect\n|\n|upkeep\n|turn|4\n|\n|t:|1781448496\n|move|p1a: Toxtricity|Gunk Shot|p2a: Sylveon\n|-supereffective|p2a: Sylveon\n|-damage|p2a: Sylveon|22/300\n|move|p2a: Sylveon|Wish|p2a: Sylveon\n|\n|-heal|p2a: Sylveon|40/300|[from] item: Leftovers\n|upkeep\n|turn|5\n|\n|t:|1781448512\n|move|p2a: Sylveon|Protect|p2a: Sylveon\n|-singleturn|p2a: Sylveon|Protect\n|move|p1a: Toxtricity|Boomburst|p2a: Sylveon\n|-activate|p2a: Sylveon|move: Protect\n|\n|-heal|p2a: Sylveon|190/300|[from] move: Wish|[wisher] Sylveon\n|-heal|p2a: Sylveon|208/300|[from] item: Leftovers\n|upkeep\n|turn|6\n|\n|t:|1781448536\n|-terastallize|p2a: Sylveon|Steel\n|move|p1a: Toxtricity|Gunk Shot|p2a: Sylveon\n|-immune|p2a: Sylveon\n|move|p2a: Sylveon|Wish|p2a: Sylveon\n|\n|-heal|p2a: Sylveon|226/300|[from] item: Leftovers\n|upkeep\n|turn|7\n|\n|t:|1781448551\n|move|p1a: Toxtricity|Shift Gear|p1a: Toxtricity\n|-boost|p1a: Toxtricity|spe|2\n|-boost|p1a: Toxtricity|atk|1\n|move|p2a: Sylveon|Calm Mind|p2a: Sylveon\n|-boost|p2a: Sylveon|spa|1\n|-boost|p2a: Sylveon|spd|1\n|\n|-heal|p2a: Sylveon|300/300|[from] move: Wish|[wisher] Sylveon\n|upkeep\n|turn|8\n|c|\u2606TrustyGhost07|lol\n|\n|t:|1781448568\n|move|p1a: Toxtricity|Boomburst|p2a: Sylveon\n|-resisted|p2a: Sylveon\n|-damage|p2a: Sylveon|277/300\n|-enditem|p1a: Toxtricity|Throat Spray\n|-boost|p1a: Toxtricity|spa|1|[from] item: Throat Spray\n|move|p2a: Sylveon|Hyper Voice|p1a: Toxtricity\n|-resisted|p1a: Toxtricity\n|-damage|p1a: Toxtricity|175/257\n|\n|-heal|p2a: Sylveon|295/300|[from] item: Leftovers\n|upkeep\n|turn|9\n|c|\u2606TrustyGhost07|i dont even know wut am doing\n|\n|t:|1781448581\n|switch|p1a: Lunala|Lunala, L70|308/308\n|move|p2a: Sylveon|Hyper Voice|p1a: Lunala\n|-damage|p1a: Lunala|173/308\n|\n|-heal|p1a: Lunala|192/308|[from] item: Leftovers\n|-heal|p2a: Sylveon|300/300|[from] item: Leftovers\n|upkeep\n|turn|10\n|\n|t:|1781448591\n|move|p1a: Lunala|Calm Mind|p1a: Lunala\n|-boost|p1a: Lunala|spa|1\n|-boost|p1a: Lunala|spd|1\n|move|p2a: Sylveon|Wish|p2a: Sylveon\n|\n|-heal|p1a: Lunala|211/308|[from] item: Leftovers\n|upkeep\n|turn|11\n|\n|t:|1781448599\n|move|p1a: Lunala|Calm Mind|p1a: Lunala\n|-boost|p1a: Lunala|spa|1\n|-boost|p1a: Lunala|spd|1\n|move|p2a: Sylveon|Calm Mind|p2a: Sylveon\n|-boost|p2a: Sylveon|spa|1\n|-boost|p2a: Sylveon|spd|1\n|\n|-heal|p1a: Lunala|230/308|[from] item: Leftovers\n|upkeep\n|turn|12\n|\n|t:|1781448607\n|move|p1a: Lunala|Calm Mind|p1a: Lunala\n|-boost|p1a: Lunala|spa|1\n|-boost|p1a: Lunala|spd|1\n|move|p2a: Sylveon|Hyper Voice|p1a: Lunala\n|-damage|p1a: Lunala|98/308\n|\n|-heal|p1a: Lunala|117/308|[from] item: Leftovers\n|upkeep\n|turn|13\n|\n|t:|1781448620\n|move|p1a: Lunala|Moongeist Beam|p2a: Sylveon\n|-damage|p2a: Sylveon|233/300\n|move|p2a: Sylveon|Hyper Voice|p1a: Lunala\n|-damage|p1a: Lunala|0 fnt\n|faint|p1a: Lunala\n|\n|-heal|p2a: Sylveon|251/300|[from] item: Leftovers\n|upkeep\n|c|\u2606VJ1010|why is it that tanky\n|\n|t:|1781448633\n|switch|p1a: Haxorus|Haxorus, L77, F|244/244\n|-ability|p1a: Haxorus|Mold Breaker\n|turn|14\n|c|\u2606TrustyGhost07|its sylveon\n|\n|t:|1781448647\n|move|p1a: Haxorus|Earthquake|p2a: Sylveon\n|-supereffective|p2a: Sylveon\n|-damage|p2a: Sylveon|63/300\n|move|p2a: Sylveon|Hyper Voice|p1a: Haxorus\n|-supereffective|p1a: Haxorus\n|-damage|p1a: Haxorus|0 fnt\n|faint|p1a: Haxorus\n|\n|-heal|p2a: Sylveon|81/300|[from] item: Leftovers\n|upkeep\n|\n|t:|1781448661\n|switch|p1a: Palkia|Palkia, L75|259/259\n|-ability|p1a: Palkia|Pressure\n|turn|15\n|\n|t:|1781448669\n|move|p2a: Sylveon|Protect|p2a: Sylveon\n|-singleturn|p2a: Sylveon|Protect\n|move|p1a: Palkia|Fire Blast|p2a: Sylveon\n|-activate|p2a: Sylveon|move: Protect\n|\n|-heal|p2a: Sylveon|99/300|[from] item: Leftovers\n|upkeep\n|turn|16\n|\n|t:|1781448680\n|move|p1a: Palkia|Fire Blast|p2a: Sylveon\n|-supereffective|p2a: Sylveon\n|-damage|p2a: Sylveon|43/300\n|move|p2a: Sylveon|Hyper Voice|p1a: Palkia\n|-supereffective|p1a: Palkia\n|-damage|p1a: Palkia|0 fnt\n|faint|p1a: Palkia\n|\n|-heal|p2a: Sylveon|61/300|[from] item: Leftovers\n|upkeep\n|\n|t:|1781448692\n|switch|p1a: Zamazenta|Zamazenta, L71|248/248\n|-ability|p1a: Zamazenta|Dauntless Shield|boost\n|-boost|p1a: Zamazenta|def|1\n|turn|17\n|c|\u2606TrustyGhost07|dawg wut is ure team\n|\n|t:|1781448707\n|move|p2a: Sylveon|Protect|p2a: Sylveon\n|-singleturn|p2a: Sylveon|Protect\n|move|p1a: Zamazenta|Close Combat|p2a: Sylveon\n|-activate|p2a: Sylveon|move: Protect\n|\n|-heal|p2a: Sylveon|79/300|[from] item: Leftovers\n|upkeep\n|turn|18\n|c|\u2606VJ1010|idk\n|c|\u2606VJ1010|im kinda ass at random\n|c|\u2606VJ1010|come natdex ou\n|\n|t:|1781448719\n|move|p1a: Zamazenta|Close Combat|p2a: Sylveon\n|-supereffective|p2a: Sylveon\n|-damage|p2a: Sylveon|0 fnt\n|-unboost|p1a: Zamazenta|def|1\n|-unboost|p1a: Zamazenta|spd|1\n|faint|p2a: Sylveon\n|\n|upkeep\n|c|\u2606VJ1010|im 15600 there\n|c|\u2606VJ1010|1600\n|\n|t:|1781448728\n|switch|p2a: Ditto|Ditto, L87|225/225\n|-transform|p2a: Ditto|p1a: Zamazenta|[from] ability: Imposter\n|-ability|p2a: Ditto|Dauntless Shield|boost\n|-boost|p2a: Ditto|def|1\n|turn|19\n|\n|t:|1781448737\n|switch|p2a: Rotom|Rotom-Fan, L86|226/226\n|move|p1a: Zamazenta|Close Combat|p2a: Rotom\n|-resisted|p2a: Rotom\n|-damage|p2a: Rotom|153/226\n|-unboost|p1a: Zamazenta|def|1\n|-unboost|p1a: Zamazenta|spd|1\n|\n|upkeep\n|turn|20\n|\n|t:|1781448748\n|switch|p1a: Toxtricity|Toxtricity, L82, F|175/257\n|move|p2a: Rotom|Nasty Plot|p2a: Rotom\n|-boost|p2a: Rotom|spa|2\n|\n|upkeep\n|turn|21\n|\n|t:|1781448765\n|-terastallize|p1a: Toxtricity|Normal\n|move|p2a: Rotom|Air Slash|p1a: Toxtricity\n|-damage|p1a: Toxtricity|0 fnt\n|faint|p1a: Toxtricity\n|\n|upkeep\n|\n|t:|1781448774\n|switch|p1a: Zamazenta|Zamazenta, L71|248/248\n|turn|22\n|c|\u2606TrustyGhost07|knew ud do smthing like that\n|c|\u2606VJ1010|ts game is gone\n|\n|t:|1781448779\n|move|p1a: Zamazenta|Psychic Fangs|p2a: Rotom\n|-damage|p2a: Rotom|93/226\n|move|p2a: Rotom|Air Slash|p1a: Zamazenta|[miss]\n|-miss|p2a: Rotom|p1a: Zamazenta\n|\n|upkeep\n|turn|23\n|\n|t:|1781448785\n|move|p1a: Zamazenta|Psychic Fangs|p2a: Rotom\n|-damage|p2a: Rotom|26/226\n|move|p2a: Rotom|Air Slash|p1a: Zamazenta\n|-supereffective|p1a: Zamazenta\n|-damage|p1a: Zamazenta|0 fnt\n|faint|p1a: Zamazenta\n|\n|upkeep\n|c|\u2606VJ1010|u still win i think\n|\n|t:|1781448791\n|switch|p1a: Ribombee|Ribombee, L83, F|235/235\n|turn|24\n|\n|t:|1781448797\n|move|p1a: Ribombee|Moonblast|p2a: Rotom\n|-damage|p2a: Rotom|0 fnt\n|faint|p2a: Rotom\n|\n|upkeep\n|\n|t:|1781448806\n|switch|p2a: Blaziken|Blaziken, L76, F|247/247\n|turn|25\n|\n|t:|1781448815\n|move|p1a: Ribombee|Quiver Dance|p1a: Ribombee\n|-boost|p1a: Ribombee|spa|1\n|-boost|p1a: Ribombee|spd|1\n|-boost|p1a: Ribombee|spe|1\n|move|p2a: Blaziken|Flare Blitz|p1a: Ribombee\n|-supereffective|p1a: Ribombee\n|-damage|p1a: Ribombee|0 fnt\n|faint|p1a: Ribombee\n|-damage|p2a: Blaziken|169/247|[from] Recoil\n|-damage|p2a: Blaziken|145/247|[from] item: Life Orb\n|\n|win|TrustyGhost07\n|l|\u2606VJ1010\n|player|p1|\n", "uploadtime": 1781448938, "views": 12, "formatid": "gen9randombattle", "rating": null, "private": 0, "password": null}