{"id": "gen9randombattle-2631875599", "format": "[Gen 9] Random Battle", "players": ["funybuny", "hot limon"], "log": "|j|\u2606funybuny\n|j|\u2606hot limon\n|t:|1781450874\n|gametype|singles\n|player|p1|funybuny|roxie|1918\n|player|p2|hot limon|101|1907\n|gen|9\n|tier|[Gen 9] Random Battle\n|rated|\n|rule|Species Clause: Limit one of each Pok\u00e9mon\n|rule|HP Percentage Mod: HP is shown in percentages\n|rule|Sleep Clause Mod: Limit one foe put to sleep\n|rule|Illusion Level Mod: Illusion disguises the Pok\u00e9mon's true level\n|\n|t:|1781450874\n|teamsize|p1|6\n|teamsize|p2|6\n|start\n|switch|p1a: Emboar|Emboar, L84, M|322/322\n|switch|p2a: Sandy Shocks|Sandy Shocks, L80|267/267\n|turn|1\n|inactive|Battle timer is ON: inactive players will automatically lose when time's up. (requested by hot limon)\n|\n|t:|1781450881\n|switch|p1a: Gliscor|Gliscor, L76, F|239/239\n|move|p2a: Sandy Shocks|Stealth Rock|p1a: Gliscor\n|-sidestart|p1: funybuny|move: Stealth Rock\n|\n|-status|p1a: Gliscor|tox|[from] item: Toxic Orb\n|upkeep\n|turn|2\n|\n|t:|1781450893\n|-end|p2a: Sandy Shocks|Protosynthesis|[silent]\n|switch|p2a: Kricketune|Kricketune, L99, F|312/312\n|move|p1a: Gliscor|Substitute|p1a: Gliscor\n|-start|p1a: Gliscor|Substitute\n|-damage|p1a: Gliscor|180/239 tox\n|\n|-heal|p1a: Gliscor|209/239 tox|[from] ability: Poison Heal\n|upkeep\n|turn|3\n|\n|t:|1781450898\n|move|p1a: Gliscor|Toxic|p2a: Kricketune\n|-status|p2a: Kricketune|tox\n|move|p2a: Kricketune|Sticky Web|p1a: Gliscor\n|-sidestart|p1: funybuny|move: Sticky Web\n|\n|-heal|p1a: Gliscor|238/239 tox|[from] ability: Poison Heal\n|-damage|p2a: Kricketune|293/312 tox|[from] psn\n|upkeep\n|turn|4\n|\n|t:|1781450903\n|move|p1a: Gliscor|Earthquake|p2a: Kricketune\n|-resisted|p2a: Kricketune\n|-damage|p2a: Kricketune|242/312 tox\n|move|p2a: Kricketune|Taunt|p1a: Gliscor\n|-start|p1a: Gliscor|move: Taunt\n|\n|-heal|p1a: Gliscor|239/239 tox|[from] ability: Poison Heal\n|-damage|p2a: Kricketune|204/312 tox|[from] psn\n|upkeep\n|turn|5\n|\n|t:|1781450909\n|switch|p2a: Honchkrow|Honchkrow, L86, F|312/312\n|move|p1a: Gliscor|Earthquake|p2a: Honchkrow\n|-immune|p2a: Honchkrow\n|\n|upkeep\n|turn|6\n|\n|t:|1781450912\n|move|p1a: Gliscor|Earthquake|p2a: Honchkrow\n|-immune|p2a: Honchkrow\n|move|p2a: Honchkrow|Brave Bird|p1a: Gliscor\n|-end|p1a: Gliscor|Substitute\n|-damage|p2a: Honchkrow|293/312|[from] Recoil|[of] p1a: Gliscor\n|\n|upkeep\n|turn|7\n|\n|t:|1781450914\n|move|p1a: Gliscor|Earthquake|p2a: Honchkrow\n|-immune|p2a: Honchkrow\n|move|p2a: Honchkrow|Brave Bird|p1a: Gliscor\n|-damage|p1a: Gliscor|109/239 tox\n|-damage|p2a: Honchkrow|250/312|[from] Recoil\n|\n|-heal|p1a: Gliscor|138/239 tox|[from] ability: Poison Heal\n|-end|p1a: Gliscor|move: Taunt\n|upkeep\n|turn|8\n|\n|t:|1781450920\n|switch|p1a: Rotom|Rotom, L88|231/231\n|-damage|p1a: Rotom|203/231|[from] Stealth Rock\n|move|p2a: Honchkrow|Brave Bird|p1a: Rotom\n|-resisted|p1a: Rotom\n|-damage|p1a: Rotom|125/231\n|-damage|p2a: Honchkrow|224/312|[from] Recoil\n|\n|upkeep\n|turn|9\n|\n|t:|1781450926\n|move|p2a: Honchkrow|Sucker Punch||[still]\n|-fail|p2a: Honchkrow\n|move|p1a: Rotom|Will-O-Wisp|p2a: Honchkrow\n|-status|p2a: Honchkrow|brn\n|\n|-damage|p2a: Honchkrow|205/312 brn|[from] brn\n|upkeep\n|turn|10\n|\n|t:|1781450930\n|move|p2a: Honchkrow|Sucker Punch||[still]\n|-fail|p2a: Honchkrow\n|move|p1a: Rotom|Will-O-Wisp|p2a: Honchkrow\n|-fail|p2a: Honchkrow|brn\n|\n|-damage|p2a: Honchkrow|186/312 brn|[from] brn\n|upkeep\n|turn|11\n|\n|t:|1781450932\n|move|p2a: Honchkrow|Sucker Punch|p1a: Rotom\n|-supereffective|p1a: Rotom\n|-damage|p1a: Rotom|22/231\n|move|p1a: Rotom|Thunderbolt|p2a: Honchkrow\n|-supereffective|p2a: Honchkrow\n|-damage|p2a: Honchkrow|0 fnt\n|faint|p2a: Honchkrow\n|-damage|p1a: Rotom|0 fnt|[from] item: Life Orb\n|faint|p1a: Rotom\n|\n|upkeep\n|\n|t:|1781450951\n|switch|p1a: Gliscor|Gliscor, L76, F|138/239 tox\n|switch|p2a: Eternatus|Eternatus, L69|308/308\n|-ability|p2a: Eternatus|Pressure\n|-damage|p1a: Gliscor|109/239 tox|[from] Stealth Rock\n|turn|12\n|\n|t:|1781450956\n|move|p2a: Eternatus|Dynamax Cannon|p1a: Gliscor\n|-damage|p1a: Gliscor|0 fnt\n|faint|p1a: Gliscor\n|\n|upkeep\n|\n|t:|1781450962\n|switch|p1a: Armarouge|Armarouge, L80, M|267/267\n|-damage|p1a: Armarouge|201/267|[from] Stealth Rock\n|-activate|p1a: Armarouge|move: Sticky Web\n|-unboost|p1a: Armarouge|spe|1\n|turn|13\n|\n|t:|1781450973\n|switch|p2a: Sandy Shocks|Sandy Shocks, L80|267/267\n|-terastallize|p1a: Armarouge|Fighting\n|move|p1a: Armarouge|Psyshock|p2a: Sandy Shocks\n|-damage|p2a: Sandy Shocks|120/267\n|\n|-heal|p2a: Sandy Shocks|136/267|[from] item: Leftovers\n|upkeep\n|turn|14\n|\n|t:|1781450980\n|switch|p1a: Wo-Chien|Wo-Chien, L83|277/277\n|-damage|p1a: Wo-Chien|243/277|[from] Stealth Rock\n|-activate|p1a: Wo-Chien|move: Sticky Web\n|-unboost|p1a: Wo-Chien|spe|1\n|-ability|p1a: Wo-Chien|Tablets of Ruin\n|move|p2a: Sandy Shocks|Thunderbolt|p1a: Wo-Chien\n|-resisted|p1a: Wo-Chien\n|-damage|p1a: Wo-Chien|205/277\n|\n|-heal|p2a: Sandy Shocks|152/267|[from] item: Leftovers\n|-heal|p1a: Wo-Chien|222/277|[from] item: Leftovers\n|upkeep\n|turn|15\n|\n|t:|1781450985\n|-end|p2a: Sandy Shocks|Protosynthesis|[silent]\n|switch|p2a: Kricketune|Kricketune, L99, F|204/312 tox\n|move|p1a: Wo-Chien|Giga Drain|p2a: Kricketune\n|-resisted|p2a: Kricketune\n|-damage|p2a: Kricketune|158/312 tox\n|-heal|p1a: Wo-Chien|245/277|[from] drain|[of] p2a: Kricketune\n|\n|-heal|p1a: Wo-Chien|262/277|[from] item: Leftovers\n|-damage|p2a: Kricketune|139/312 tox|[from] psn\n|upkeep\n|turn|16\n|\n|t:|1781450989\n|move|p1a: Wo-Chien|Protect|p1a: Wo-Chien\n|-singleturn|p1a: Wo-Chien|Protect\n|move|p2a: Kricketune|Pounce|p1a: Wo-Chien\n|-activate|p1a: Wo-Chien|move: Protect\n|\n|-heal|p1a: Wo-Chien|277/277|[from] item: Leftovers\n|-damage|p2a: Kricketune|101/312 tox|[from] psn\n|upkeep\n|turn|17\n|\n|t:|1781450991\n|switch|p1a: Armarouge|Armarouge, L80, M, tera:Fighting|201/267\n|-damage|p1a: Armarouge|185/267|[from] Stealth Rock\n|-activate|p1a: Armarouge|move: Sticky Web\n|-unboost|p1a: Armarouge|spe|1\n|move|p2a: Kricketune|Pounce|p1a: Armarouge\n|-resisted|p1a: Armarouge\n|-crit|p1a: Armarouge\n|-damage|p1a: Armarouge|114/267\n|-unboost|p1a: Armarouge|spe|1\n|-ability|p1a: Armarouge|Weak Armor|boost\n|-unboost|p1a: Armarouge|def|1\n|-boost|p1a: Armarouge|spe|2\n|\n|-damage|p2a: Kricketune|44/312 tox|[from] psn\n|upkeep\n|turn|18\n|\n|t:|1781451009\n|move|p2a: Kricketune|Taunt|p1a: Armarouge\n|-start|p1a: Armarouge|move: Taunt\n|move|p1a: Armarouge|Psyshock|p2a: Kricketune\n|-damage|p2a: Kricketune|0 fnt\n|faint|p2a: Kricketune\n|\n|upkeep\n|\n|t:|1781451014\n|switch|p2a: Falinks|Falinks, L84|246/246\n|turn|19\n|\n|t:|1781451019\n|move|p2a: Falinks|Close Combat|p1a: Armarouge\n|-damage|p1a: Armarouge|0 fnt\n|-unboost|p2a: Falinks|def|1\n|-unboost|p2a: Falinks|spd|1\n|faint|p1a: Armarouge\n|-damage|p2a: Falinks|222/246|[from] item: Life Orb\n|\n|upkeep\n|\n|t:|1781451026\n|switch|p1a: Arceus|Arceus-Bug, L73|295/295\n|-damage|p1a: Arceus|222/295|[from] Stealth Rock\n|-activate|p1a: Arceus|move: Sticky Web\n|-unboost|p1a: Arceus|spe|1\n|turn|20\n|\n|t:|1781451031\n|switch|p2a: Volcarona|Volcarona, L77, F|257/257\n|move|p1a: Arceus|Calm Mind|p1a: Arceus\n|-boost|p1a: Arceus|spa|1\n|-boost|p1a: Arceus|spd|1\n|\n|upkeep\n|turn|21\n|\n|t:|1781451035\n|switch|p1a: Emboar|Emboar, L84, M|322/322\n|-damage|p1a: Emboar|282/322|[from] Stealth Rock\n|-activate|p1a: Emboar|move: Sticky Web\n|-unboost|p1a: Emboar|spe|1\n|move|p2a: Volcarona|Quiver Dance|p2a: Volcarona\n|-boost|p2a: Volcarona|spa|1\n|-boost|p2a: Volcarona|spd|1\n|-boost|p2a: Volcarona|spe|1\n|\n|-heal|p1a: Emboar|302/322|[from] item: Leftovers\n|upkeep\n|turn|22\n|\n|t:|1781451040\n|-terastallize|p2a: Volcarona|Water\n|move|p2a: Volcarona|Tera Blast|p1a: Emboar|[anim] Tera Blast Water\n|-supereffective|p1a: Emboar\n|-damage|p1a: Emboar|0 fnt\n|faint|p1a: Emboar\n|\n|upkeep\n|\n|t:|1781451042\n|switch|p1a: Wo-Chien|Wo-Chien, L83|277/277\n|-damage|p1a: Wo-Chien|243/277|[from] Stealth Rock\n|-activate|p1a: Wo-Chien|move: Sticky Web\n|-unboost|p1a: Wo-Chien|spe|1\n|-ability|p1a: Wo-Chien|Tablets of Ruin\n|turn|23\n|\n|t:|1781451044\n|move|p2a: Volcarona|Fiery Dance|p1a: Wo-Chien\n|-supereffective|p1a: Wo-Chien\n|-damage|p1a: Wo-Chien|37/277\n|move|p1a: Wo-Chien|Giga Drain|p2a: Volcarona\n|-supereffective|p2a: Volcarona\n|-damage|p2a: Volcarona|159/257\n|-heal|p1a: Wo-Chien|86/277|[from] drain|[of] p2a: Volcarona\n|\n|-heal|p1a: Wo-Chien|103/277|[from] item: Leftovers\n|upkeep\n|turn|24\n|-message|funybuny forfeited.\n|\n|win|hot limon\n", "uploadtime": 1781450876, "views": 3, "formatid": "gen9randombattle", "rating": null, "private": 0, "password": null}