{"id": "gen9randombattle-2631499532", "format": "[Gen 9] Random Battle", "players": ["bojangles mkII", "Arionblue_practice"], "log": "|j|\u2606bojangles mkII\n|j|\u2606Arionblue_practice\n|t:|1781392883\n|gametype|singles\n|player|p1|bojangles mkII|unknown|2001\n|player|p2|Arionblue_practice|acetrainer-gen4dp|1956\n|gen|9\n|tier|[Gen 9] Random Battle\n|rated|\n|rule|Species Clause: Limit one of each Pok\u00e9mon\n|rule|HP Percentage Mod: HP is shown in percentages\n|rule|Sleep Clause Mod: Limit one foe put to sleep\n|rule|Illusion Level Mod: Illusion disguises the Pok\u00e9mon's true level\n|\n|t:|1781392883\n|teamsize|p1|6\n|teamsize|p2|6\n|start\n|switch|p1a: Iron Treads|Iron Treads, L77|265/265\n|switch|p2a: Dedenne|Dedenne, L88, F|261/261\n|turn|1\n|inactive|Battle timer is ON: inactive players will automatically lose when time's up. (requested by bojangles mkII)\n|\n|t:|1781392903\n|move|p2a: Dedenne|Super Fang|p1a: Iron Treads\n|-damage|p1a: Iron Treads|133/265\n|move|p1a: Iron Treads|Stealth Rock|p2a: Dedenne\n|-sidestart|p2: Arionblue_practice|move: Stealth Rock\n|\n|-heal|p1a: Iron Treads|149/265|[from] item: Leftovers\n|upkeep\n|turn|2\n|\n|t:|1781392912\n|switch|p2a: Reuniclus|Reuniclus, L88, F|337/337\n|move|p1a: Iron Treads|Rapid Spin|p2a: Reuniclus\n|-damage|p2a: Reuniclus|298/337\n|-boost|p1a: Iron Treads|spe|1\n|\n|-heal|p1a: Iron Treads|165/265|[from] item: Leftovers\n|upkeep\n|turn|3\n|\n|t:|1781392921\n|move|p1a: Iron Treads|Iron Head|p2a: Reuniclus\n|-damage|p2a: Reuniclus|207/337\n|move|p2a: Reuniclus|Calm Mind|p2a: Reuniclus\n|-boost|p2a: Reuniclus|spa|1\n|-boost|p2a: Reuniclus|spd|1\n|\n|-heal|p1a: Iron Treads|181/265|[from] item: Leftovers\n|upkeep\n|turn|4\n|\n|t:|1781392933\n|move|p1a: Iron Treads|Iron Head|p2a: Reuniclus\n|-damage|p2a: Reuniclus|114/337\n|move|p2a: Reuniclus|Focus Blast|p1a: Iron Treads|[miss]\n|-miss|p2a: Reuniclus|p1a: Iron Treads\n|\n|-heal|p1a: Iron Treads|197/265|[from] item: Leftovers\n|upkeep\n|turn|5\n|inactive|Arionblue_practice has 120 seconds left.\n|\n|t:|1781392964\n|move|p1a: Iron Treads|Iron Head|p2a: Reuniclus\n|-damage|p2a: Reuniclus|27/337\n|move|p2a: Reuniclus|Focus Blast|p1a: Iron Treads|[miss]\n|-miss|p2a: Reuniclus|p1a: Iron Treads\n|\n|-heal|p1a: Iron Treads|213/265|[from] item: Leftovers\n|upkeep\n|turn|6\n|\n|t:|1781392969\n|move|p1a: Iron Treads|Iron Head|p2a: Reuniclus\n|-damage|p2a: Reuniclus|0 fnt\n|faint|p2a: Reuniclus\n|\n|-heal|p1a: Iron Treads|229/265|[from] item: Leftovers\n|upkeep\n|\n|t:|1781392979\n|switch|p2a: Enamorus|Enamorus-Therian, L83, F|259/259\n|-damage|p2a: Enamorus|195/259|[from] Stealth Rock\n|turn|7\n|\n|t:|1781392984\n|-end|p1a: Iron Treads|Quark Drive|[silent]\n|switch|p1a: Cryogonal|Cryogonal, L89|287/287\n|move|p2a: Enamorus|Earth Power|p1a: Cryogonal\n|-immune|p1a: Cryogonal|[from] ability: Levitate\n|\n|upkeep\n|turn|8\n|\n|t:|1781392999\n|switch|p1a: Whiscash|Whiscash, L88, F|337/337\n|move|p2a: Enamorus|Mystical Fire|p1a: Whiscash\n|-resisted|p1a: Whiscash\n|-damage|p1a: Whiscash|296/337\n|-unboost|p1a: Whiscash|spa|1\n|\n|-heal|p1a: Whiscash|317/337|[from] item: Leftovers\n|upkeep\n|turn|9\n|\n|t:|1781393004\n|move|p1a: Whiscash|Spikes|p2a: Enamorus\n|-sidestart|p2: Arionblue_practice|Spikes\n|move|p2a: Enamorus|Moonblast|p1a: Whiscash\n|-damage|p1a: Whiscash|175/337\n|\n|-heal|p1a: Whiscash|196/337|[from] item: Leftovers\n|upkeep\n|turn|10\n|\n|t:|1781393007\n|move|p1a: Whiscash|Hydro Pump|p2a: Enamorus\n|-damage|p2a: Enamorus|123/259\n|move|p2a: Enamorus|Moonblast|p1a: Whiscash\n|-crit|p1a: Whiscash\n|-damage|p1a: Whiscash|0 fnt\n|faint|p1a: Whiscash\n|\n|upkeep\n|\n|t:|1781393012\n|switch|p1a: Iron Treads|Iron Treads, L77|229/265\n|turn|11\n|\n|t:|1781393022\n|move|p1a: Iron Treads|Iron Head|p2a: Enamorus\n|-supereffective|p2a: Enamorus\n|-damage|p2a: Enamorus|0 fnt\n|faint|p2a: Enamorus\n|\n|-heal|p1a: Iron Treads|245/265|[from] item: Leftovers\n|upkeep\n|\n|t:|1781393027\n|switch|p2a: Excadrill|Excadrill, L79, F|303/303\n|-damage|p2a: Excadrill|294/303|[from] Stealth Rock\n|-damage|p2a: Excadrill|257/303|[from] Spikes\n|-ability|p2a: Excadrill|Mold Breaker\n|turn|12\n|\n|t:|1781393032\n|move|p1a: Iron Treads|Earthquake|p2a: Excadrill\n|-supereffective|p2a: Excadrill\n|-damage|p2a: Excadrill|0 fnt\n|faint|p2a: Excadrill\n|\n|-heal|p1a: Iron Treads|261/265|[from] item: Leftovers\n|upkeep\n|\n|t:|1781393039\n|switch|p2a: Abomasnow|Abomasnow, L84, M|287/287\n|-damage|p2a: Abomasnow|216/287|[from] Stealth Rock\n|-damage|p2a: Abomasnow|181/287|[from] Spikes\n|-weather|Snowscape|[from] ability: Snow Warning|[of] p2a: Abomasnow\n|turn|13\n|\n|t:|1781393048\n|-end|p1a: Iron Treads|Quark Drive|[silent]\n|switch|p1a: Magearna|Magearna-Original, L77|250/250\n|move|p2a: Abomasnow|Aurora Veil|p2a: Abomasnow\n|-sidestart|p2: Arionblue_practice|move: Aurora Veil\n|\n|-weather|Snowscape|[upkeep]\n|upkeep\n|turn|14\n|\n|t:|1781393069\n|move|p2a: Abomasnow|Earthquake|p1a: Magearna\n|-supereffective|p1a: Magearna\n|-damage|p1a: Magearna|128/250\n|move|p1a: Magearna|Shift Gear|p1a: Magearna\n|-boost|p1a: Magearna|spe|2\n|-boost|p1a: Magearna|atk|1\n|\n|-weather|Snowscape|[upkeep]\n|-heal|p1a: Magearna|143/250|[from] item: Leftovers\n|upkeep\n|turn|15\n|\n|t:|1781393073\n|move|p1a: Magearna|Flash Cannon|p2a: Abomasnow\n|-supereffective|p2a: Abomasnow\n|-damage|p2a: Abomasnow|90/287\n|move|p2a: Abomasnow|Earthquake|p1a: Magearna\n|-supereffective|p1a: Magearna\n|-damage|p1a: Magearna|25/250\n|\n|-weather|Snowscape|[upkeep]\n|-heal|p1a: Magearna|40/250|[from] item: Leftovers\n|upkeep\n|turn|16\n|\n|t:|1781393076\n|move|p1a: Magearna|Flash Cannon|p2a: Abomasnow\n|-supereffective|p2a: Abomasnow\n|-damage|p2a: Abomasnow|0 fnt\n|faint|p2a: Abomasnow\n|-ability|p1a: Magearna|Soul-Heart|boost\n|-boost|p1a: Magearna|spa|1\n|\n|-weather|Snowscape|[upkeep]\n|-heal|p1a: Magearna|55/250|[from] item: Leftovers\n|upkeep\n|\n|t:|1781393079\n|switch|p2a: Armarouge|Armarouge, L80, F|267/267\n|-damage|p2a: Armarouge|201/267|[from] Stealth Rock\n|-damage|p2a: Armarouge|168/267|[from] Spikes\n|turn|17\n|\n|t:|1781393087\n|move|p1a: Magearna|Fleur Cannon|p2a: Armarouge\n|-resisted|p2a: Armarouge\n|-damage|p2a: Armarouge|104/267\n|-unboost|p1a: Magearna|spa|2\n|move|p2a: Armarouge|Armor Cannon|p1a: Magearna\n|-supereffective|p1a: Magearna\n|-damage|p1a: Magearna|0 fnt\n|-unboost|p2a: Armarouge|def|1\n|-unboost|p2a: Armarouge|spd|1\n|faint|p1a: Magearna\n|\n|-weather|none\n|upkeep\n|\n|t:|1781393094\n|switch|p1a: Reshiram|Reshiram, L76|277/277\n|-ability|p1a: Reshiram|Turboblaze\n|turn|18\n|\n|t:|1781393104\n|move|p1a: Reshiram|Dragon Dance|p1a: Reshiram\n|-boost|p1a: Reshiram|atk|1\n|-boost|p1a: Reshiram|spe|1\n|move|p2a: Armarouge|Armor Cannon|p1a: Reshiram\n|-resisted|p1a: Reshiram\n|-damage|p1a: Reshiram|229/277\n|-unboost|p2a: Armarouge|def|1\n|-unboost|p2a: Armarouge|spd|1\n|\n|upkeep\n|turn|19\n|-message|Arionblue_practice forfeited.\n|\n|win|bojangles mkII\n", "uploadtime": 1781392885, "views": 3, "formatid": "gen9randombattle", "rating": null, "private": 0, "password": null}