{"id": "gen9randombattle-2631539521", "format": "[Gen 9] Random Battle", "players": ["Radishesunderrated", "turks and jerks"], "log": "|badge|p2|silver|gen9nu|30-9\n|badge|p2|silver|gen9pu|30-9\n|uhtml|medal-msg|<div class=\"broadcast-blue\">Curious what those medals under the avatar are? PS now has Ladder Seasons! For more information, check out the <a href=\"https://www.smogon.com/forums/threads/3740067/\">thread on Smogon.</a></div>\n|j|\u2606Radishesunderrated\n|j|\u2606turks and jerks\n|t:|1781398518\n|gametype|singles\n|player|p1|Radishesunderrated|harlequin|1910\n|player|p2|turks and jerks|emma|1905\n|gen|9\n|tier|[Gen 9] Random Battle\n|rated|\n|rule|Species Clause: Limit one of each Pok\u00e9mon\n|rule|HP Percentage Mod: HP is shown in percentages\n|rule|Sleep Clause Mod: Limit one foe put to sleep\n|rule|Illusion Level Mod: Illusion disguises the Pok\u00e9mon's true level\n|\n|t:|1781398518\n|teamsize|p1|6\n|teamsize|p2|6\n|start\n|switch|p1a: Ninetales|Ninetales, L85, F|263/263\n|switch|p2a: Raichu|Raichu-Alola, L87, F|246/246\n|-weather|SunnyDay|[from] ability: Drought|[of] p1a: Ninetales\n|turn|1\n|c|\u2606Radishesunderrated|Glhf\n|\n|t:|1781398529\n|move|p2a: Raichu|Thunderbolt|p1a: Ninetales\n|-crit|p1a: Ninetales\n|-damage|p1a: Ninetales|79/263\n|move|p1a: Ninetales|Fire Blast|p2a: Raichu|[miss]\n|-miss|p1a: Ninetales|p2a: Raichu\n|\n|-weather|SunnyDay|[upkeep]\n|upkeep\n|turn|2\n|\n|t:|1781398535\n|switch|p1a: Raikou|Raikou, L81|278/278\n|-ability|p1a: Raikou|Pressure\n|move|p2a: Raichu|Thunderbolt|p1a: Raikou\n|-resisted|p1a: Raikou\n|-damage|p1a: Raikou|213/278\n|\n|-weather|SunnyDay|[upkeep]\n|-heal|p1a: Raikou|230/278|[from] item: Leftovers\n|upkeep\n|turn|3\n|\n|t:|1781398543\n|switch|p2a: Gogoat|Gogoat, L88, F|360/360\n|move|p1a: Raikou|Calm Mind|p1a: Raikou\n|-boost|p1a: Raikou|spa|1\n|-boost|p1a: Raikou|spd|1\n|\n|-weather|SunnyDay|[upkeep]\n|-heal|p1a: Raikou|247/278|[from] item: Leftovers\n|upkeep\n|turn|4\n|inactive|Battle timer is ON: inactive players will automatically lose when time's up. (requested by turks and jerks)\n|\n|t:|1781398553\n|switch|p1a: Weezing|Weezing-Galar, L86, F|252/252\n|move|p2a: Gogoat|Earthquake|p1a: Weezing\n|-immune|p1a: Weezing|[from] ability: Levitate\n|\n|-weather|SunnyDay|[upkeep]\n|upkeep\n|turn|5\n|\n|t:|1781398561\n|switch|p2a: Raichu|Raichu-Alola, L87, F|246/246\n|move|p1a: Weezing|Strange Steam|p2a: Raichu\n|-damage|p2a: Raichu|164/246\n|\n|-weather|none\n|upkeep\n|turn|6\n|\n|t:|1781398573\n|switch|p1a: Chien-Pao|Chien-Pao, L72|234/234\n|-ability|p1a: Chien-Pao|Sword of Ruin\n|move|p2a: Raichu|Psychic|p1a: Chien-Pao\n|-immune|p1a: Chien-Pao\n|\n|upkeep\n|turn|7\n|\n|t:|1781398581\n|switch|p2a: Lucario|Lucario, L84, F|255/255\n|move|p1a: Chien-Pao|Crunch|p2a: Lucario\n|-resisted|p2a: Lucario\n|-damage|p2a: Lucario|161/255\n|\n|upkeep\n|turn|8\n|\n|t:|1781398593\n|switch|p1a: Ninetales|Ninetales, L85, F|79/263\n|-weather|SunnyDay|[from] ability: Drought|[of] p1a: Ninetales\n|move|p2a: Lucario|Focus Blast|p1a: Ninetales\n|-damage|p1a: Ninetales|0 fnt\n|faint|p1a: Ninetales\n|-damage|p2a: Lucario|136/255|[from] item: Life Orb\n|\n|-weather|SunnyDay|[upkeep]\n|upkeep\n|\n|t:|1781398603\n|switch|p1a: Meloetta|Meloetta, L82|298/298\n|turn|9\n|\n|t:|1781398624\n|move|p2a: Lucario|Focus Blast|p1a: Meloetta|[miss]\n|-miss|p2a: Lucario|p1a: Meloetta\n|move|p1a: Meloetta|Close Combat|p2a: Lucario\n|-supereffective|p2a: Lucario\n|-damage|p2a: Lucario|0 fnt\n|-unboost|p1a: Meloetta|def|1\n|-unboost|p1a: Meloetta|spd|1\n|faint|p2a: Lucario\n|-damage|p1a: Meloetta|269/298|[from] item: Life Orb\n|\n|-weather|SunnyDay|[upkeep]\n|upkeep\n|\n|t:|1781398641\n|switch|p2a: Ogerpon|Ogerpon-Hearthflame, L74, F|239/239\n|-ability|p2a: Ogerpon|Mold Breaker\n|turn|10\n|inactive|Radishesunderrated has 120 seconds left.\n|\n|t:|1781398664\n|switch|p1a: Inteleon|Inteleon, L81, M|246/246\n|move|p2a: Ogerpon|Ivy Cudgel|p1a: Inteleon|[anim] Ivy Cudgel Fire\n|-resisted|p1a: Inteleon\n|-damage|p1a: Inteleon|124/246\n|\n|-weather|SunnyDay|[upkeep]\n|upkeep\n|turn|11\n|\n|t:|1781398671\n|move|p1a: Inteleon|U-turn|p2a: Ogerpon\n|-damage|p2a: Ogerpon|189/239\n|\n|t:|1781398673\n|switch|p1a: Weezing|Weezing-Galar, L86, F|252/252|[from] U-turn\n|move|p2a: Ogerpon|Trailblaze|p1a: Weezing\n|-resisted|p1a: Weezing\n|-damage|p1a: Weezing|228/252\n|-boost|p2a: Ogerpon|spe|1\n|\n|-weather|SunnyDay|[upkeep]\n|-heal|p1a: Weezing|243/252|[from] item: Leftovers\n|upkeep\n|turn|12\n|\n|t:|1781398679\n|-terastallize|p2a: Ogerpon|Fire\n|detailschange|p2a: Ogerpon|Ogerpon-Hearthflame-Tera, L74, F, tera:Fire\n|-ability|p2a: Ogerpon|Embody Aspect (Hearthflame)|boost\n|-boost|p2a: Ogerpon|atk|1\n|move|p2a: Ogerpon|Ivy Cudgel|p1a: Weezing|[anim] Ivy Cudgel Fire\n|-damage|p1a: Weezing|0 fnt\n|faint|p1a: Weezing\n|\n|-weather|none\n|upkeep\n|\n|t:|1781398693\n|switch|p1a: Raikou|Raikou, L81|247/278\n|-ability|p1a: Raikou|Pressure\n|turn|13\n|\n|t:|1781398696\n|-terastallize|p1a: Raikou|Water\n|move|p2a: Ogerpon|Ivy Cudgel|p1a: Raikou|[anim] Ivy Cudgel Fire\n|-resisted|p1a: Raikou\n|-crit|p1a: Raikou\n|-damage|p1a: Raikou|32/278\n|move|p1a: Raikou|Scald|p2a: Ogerpon\n|-supereffective|p2a: Ogerpon\n|-damage|p2a: Ogerpon|13/239\n|\n|-heal|p1a: Raikou|49/278|[from] item: Leftovers\n|upkeep\n|turn|14\n|\n|t:|1781398704\n|move|p2a: Ogerpon|Ivy Cudgel|p1a: Raikou|[anim] Ivy Cudgel Fire\n|-resisted|p1a: Raikou\n|-crit|p1a: Raikou\n|-damage|p1a: Raikou|0 fnt\n|faint|p1a: Raikou\n|\n|upkeep\n|\n|t:|1781398708\n|switch|p1a: Chien-Pao|Chien-Pao, L72|234/234\n|-ability|p1a: Chien-Pao|Sword of Ruin\n|turn|15\n|\n|t:|1781398712\n|switch|p2a: Orthworm|Orthworm, L88, M|266/266\n|move|p1a: Chien-Pao|Ice Shard|p2a: Orthworm\n|-resisted|p2a: Orthworm\n|-damage|p2a: Orthworm|242/266\n|\n|upkeep\n|turn|16\n|inactive|turks and jerks has 120 seconds left.\n|\n|t:|1781398749\n|switch|p1a: Meloetta|Meloetta, L82|269/298\n|switch|p2a: Gogoat|Gogoat, L88, F|360/360\n|\n|upkeep\n|turn|17\n|inactive|turks and jerks has 120 seconds left.\n|\n|t:|1781398772\n|move|p1a: Meloetta|Relic Song|p2a: Gogoat\n|-damage|p2a: Gogoat|227/360\n|-formechange|p1a: Meloetta|Meloetta-Pirouette|[msg]\n|-damage|p1a: Meloetta|240/298|[from] item: Life Orb\n|move|p2a: Gogoat|Bulk Up|p2a: Gogoat\n|-boost|p2a: Gogoat|atk|1\n|-boost|p2a: Gogoat|def|1\n|\n|-heal|p2a: Gogoat|249/360|[from] item: Leftovers\n|upkeep\n|turn|18\n|\n|t:|1781398789\n|move|p1a: Meloetta|Triple Axel|p2a: Gogoat\n|-supereffective|p2a: Gogoat\n|-damage|p2a: Gogoat|213/360\n|-supereffective|p2a: Gogoat\n|-damage|p2a: Gogoat|140/360\n|-supereffective|p2a: Gogoat\n|-damage|p2a: Gogoat|36/360\n|-hitcount|p2a: Gogoat|3\n|-damage|p1a: Meloetta|211/298|[from] item: Life Orb\n|move|p2a: Gogoat|Milk Drink|p2a: Gogoat\n|-heal|p2a: Gogoat|216/360\n|\n|-heal|p2a: Gogoat|238/360|[from] item: Leftovers\n|upkeep\n|turn|19\n|\n|t:|1781398803\n|move|p1a: Meloetta|Triple Axel|p2a: Gogoat\n|-supereffective|p2a: Gogoat\n|-damage|p2a: Gogoat|202/360\n|-hitcount|p2a: Gogoat|1\n|-damage|p1a: Meloetta|182/298|[from] item: Life Orb\n|move|p2a: Gogoat|Horn Leech|p1a: Meloetta\n|-damage|p1a: Meloetta|41/298\n|-heal|p2a: Gogoat|273/360|[from] drain|[of] p1a: Meloetta\n|\n|-heal|p2a: Gogoat|295/360|[from] item: Leftovers\n|upkeep\n|turn|20\n|inactive|turks and jerks has 120 seconds left.\n|\n|t:|1781398816\n|move|p1a: Meloetta|Triple Axel|p2a: Gogoat\n|-supereffective|p2a: Gogoat\n|-damage|p2a: Gogoat|256/360\n|-supereffective|p2a: Gogoat\n|-damage|p2a: Gogoat|186/360\n|-supereffective|p2a: Gogoat\n|-damage|p2a: Gogoat|85/360\n|-hitcount|p2a: Gogoat|3\n|-damage|p1a: Meloetta|12/298|[from] item: Life Orb\n|move|p2a: Gogoat|Milk Drink|p2a: Gogoat\n|-heal|p2a: Gogoat|265/360\n|\n|-heal|p2a: Gogoat|287/360|[from] item: Leftovers\n|upkeep\n|turn|21\n|\n|t:|1781398823\n|move|p1a: Meloetta|Triple Axel|p2a: Gogoat\n|-supereffective|p2a: Gogoat\n|-damage|p2a: Gogoat|251/360\n|-supereffective|p2a: Gogoat\n|-damage|p2a: Gogoat|183/360\n|-supereffective|p2a: Gogoat\n|-damage|p2a: Gogoat|63/360\n|-hitcount|p2a: Gogoat|3\n|-damage|p1a: Meloetta|0 fnt|[from] item: Life Orb\n|faint|p1a: Meloetta\n|move|p2a: Gogoat|Milk Drink|p2a: Gogoat\n|-heal|p2a: Gogoat|243/360\n|\n|-heal|p2a: Gogoat|265/360|[from] item: Leftovers\n|upkeep\n|\n|t:|1781398825\n|switch|p1a: Chien-Pao|Chien-Pao, L72|234/234\n|-ability|p1a: Chien-Pao|Sword of Ruin\n|turn|22\n|\n|t:|1781398830\n|move|p1a: Chien-Pao|Icicle Crash|p2a: Gogoat\n|-supereffective|p2a: Gogoat\n|-damage|p2a: Gogoat|1/360\n|cant|p2a: Gogoat|flinch\n|\n|-heal|p2a: Gogoat|23/360|[from] item: Leftovers\n|upkeep\n|turn|23\n|\n|t:|1781398835\n|move|p1a: Chien-Pao|Icicle Crash|p2a: Gogoat\n|-supereffective|p2a: Gogoat\n|-damage|p2a: Gogoat|0 fnt\n|faint|p2a: Gogoat\n|\n|upkeep\n|\n|t:|1781398843\n|switch|p2a: Raichu|Raichu-Alola, L87, F|164/246\n|turn|24\n|\n|t:|1781398847\n|move|p2a: Raichu|Volt Switch|p1a: Chien-Pao\n|-crit|p1a: Chien-Pao\n|-damage|p1a: Chien-Pao|0 fnt\n|faint|p1a: Chien-Pao\n|c|\u2606Radishesunderrated|Gg\n|\n|t:|1781398855\n|switch|p2a: Ogerpon|Ogerpon-Hearthflame-Tera, L74, F, tera:Fire|13/239|[from] Volt Switch\n|-ability|p2a: Ogerpon|Embody Aspect (Hearthflame)|boost\n|-boost|p2a: Ogerpon|atk|1\n|\n|upkeep\n|\n|t:|1781398858\n|switch|p1a: Inteleon|Inteleon, L81, M|124/246\n|turn|25\n|\n|t:|1781398865\n|move|p1a: Inteleon|Hydro Pump|p2a: Ogerpon\n|-supereffective|p2a: Ogerpon\n|-damage|p2a: Ogerpon|0 fnt\n|faint|p2a: Ogerpon\n|detailschange|p2: Ogerpon|Ogerpon-Hearthflame, L74, F|[silent]\n|\n|upkeep\n|\n|t:|1781398870\n|switch|p2a: Hoopa|Hoopa-Unbound, L80|259/259\n|turn|26\n|\n|t:|1781398873\n|move|p1a: Inteleon|Hydro Pump|p2a: Hoopa|[miss]\n|-miss|p1a: Inteleon|p2a: Hoopa\n|move|p2a: Hoopa|Hyperspace Fury|p1a: Inteleon\n|-damage|p1a: Inteleon|0 fnt\n|-unboost|p2a: Hoopa|def|1\n|faint|p1a: Inteleon\n|\n|win|turks and jerks\n", "uploadtime": 1781398520, "views": 5, "formatid": "gen9randombattle", "rating": null, "private": 0, "password": null}