{"id": "gen9randombattle-2631858187", "format": "[Gen 9] Random Battle", "players": ["Jefejenaro", "eliasmo"], "log": "|j|\u2606Jefejenaro\n|j|\u2606eliasmo\n|t:|1781448915\n|gametype|singles\n|player|p1|Jefejenaro|wallace|1934\n|player|p2|eliasmo|2|2016\n|gen|9\n|tier|[Gen 9] Random Battle\n|rated|\n|rule|Species Clause: Limit one of each Pok\u00e9mon\n|rule|HP Percentage Mod: HP is shown in percentages\n|rule|Sleep Clause Mod: Limit one foe put to sleep\n|rule|Illusion Level Mod: Illusion disguises the Pok\u00e9mon's true level\n|\n|t:|1781448915\n|teamsize|p1|6\n|teamsize|p2|6\n|start\n|switch|p1a: Regieleki|Regieleki, L79|256/256\n|switch|p2a: Fezandipiti|Fezandipiti, L82, M|278/278\n|turn|1\n|inactive|Battle timer is ON: inactive players will automatically lose when time's up. (requested by Jefejenaro)\n|\n|t:|1781448928\n|move|p1a: Regieleki|Volt Switch|p2a: Fezandipiti\n|-damage|p2a: Fezandipiti|199/278\n|\n|t:|1781448936\n|switch|p1a: Metagross|Metagross, L79|256/256|[from] Volt Switch\n|move|p2a: Fezandipiti|Swords Dance|p2a: Fezandipiti\n|-boost|p2a: Fezandipiti|atk|2\n|\n|-heal|p2a: Fezandipiti|216/278|[from] item: Leftovers\n|upkeep\n|turn|2\n|\n|t:|1781448946\n|-terastallize|p2a: Fezandipiti|Ground\n|move|p2a: Fezandipiti|Tera Blast|p1a: Metagross|[anim] Tera Blast Ground\n|-supereffective|p1a: Metagross\n|-damage|p1a: Metagross|28/256\n|move|p1a: Metagross|Heavy Slam|p2a: Fezandipiti\n|-damage|p2a: Fezandipiti|48/278\n|\n|-heal|p2a: Fezandipiti|65/278|[from] item: Leftovers\n|-heal|p1a: Metagross|44/256|[from] item: Leftovers\n|upkeep\n|turn|3\n|\n|t:|1781448963\n|move|p2a: Fezandipiti|Tera Blast|p1a: Metagross|[anim] Tera Blast Ground\n|-supereffective|p1a: Metagross\n|-damage|p1a: Metagross|0 fnt\n|faint|p1a: Metagross\n|\n|-heal|p2a: Fezandipiti|82/278|[from] item: Leftovers\n|upkeep\n|\n|t:|1781448969\n|switch|p1a: Plusle|Plusle, L95, M|268/268\n|turn|4\n|\n|t:|1781448975\n|switch|p2a: Leafeon|Leafeon, L88, M|258/258\n|move|p1a: Plusle|Grass Knot|p2a: Leafeon\n|-resisted|p2a: Leafeon\n|-damage|p2a: Leafeon|218/258\n|-damage|p1a: Plusle|242/268|[from] item: Life Orb\n|\n|upkeep\n|turn|5\n|\n|t:|1781448987\n|switch|p1a: Tornadus|Tornadus, L82, M|264/264\n|move|p2a: Leafeon|Knock Off|p1a: Tornadus\n|-damage|p1a: Tornadus|142/264\n|-enditem|p1a: Tornadus|Heavy-Duty Boots|[from] move: Knock Off|[of] p2a: Leafeon\n|-damage|p2a: Leafeon|193/258|[from] item: Life Orb\n|\n|upkeep\n|turn|6\n|\n|t:|1781449000\n|switch|p2a: Empoleon|Empoleon, L84, F|278/278\n|move|p1a: Tornadus|Bleakwind Storm|p2a: Empoleon\n|-resisted|p2a: Empoleon\n|-damage|p2a: Empoleon|226/278\n|\n|-heal|p2a: Empoleon|243/278|[from] item: Leftovers\n|upkeep\n|turn|7\n|\n|t:|1781449017\n|switch|p1a: Plusle|Plusle, L95, M|242/268\n|move|p2a: Empoleon|Stealth Rock|p1a: Plusle\n|-sidestart|p1: Jefejenaro|move: Stealth Rock\n|\n|-heal|p2a: Empoleon|260/278|[from] item: Leftovers\n|upkeep\n|turn|8\n|\n|t:|1781449026\n|move|p1a: Plusle|Thunderbolt|p2a: Empoleon\n|-supereffective|p2a: Empoleon\n|-damage|p2a: Empoleon|0 fnt\n|faint|p2a: Empoleon\n|-damage|p1a: Plusle|216/268|[from] item: Life Orb\n|\n|upkeep\n|\n|t:|1781449035\n|switch|p2a: Leafeon|Leafeon, L88, M|193/258\n|turn|9\n|\n|t:|1781449041\n|switch|p1a: Wyrdeer|Wyrdeer, L87, M|321/321\n|-damage|p1a: Wyrdeer|281/321|[from] Stealth Rock\n|-ability|p1a: Wyrdeer|Intimidate|boost\n|-unboost|p2a: Leafeon|atk|1\n|move|p2a: Leafeon|Leaf Blade|p1a: Wyrdeer\n|-crit|p1a: Wyrdeer\n|-damage|p1a: Wyrdeer|16/321\n|-damage|p2a: Leafeon|168/258|[from] item: Life Orb\n|\n|upkeep\n|turn|10\n|\n|t:|1781449048\n|move|p2a: Leafeon|Knock Off|p1a: Wyrdeer\n|-supereffective|p1a: Wyrdeer\n|-damage|p1a: Wyrdeer|0 fnt\n|-enditem|p1a: Wyrdeer|Assault Vest|[from] move: Knock Off|[of] p2a: Leafeon\n|faint|p1a: Wyrdeer\n|-damage|p2a: Leafeon|143/258|[from] item: Life Orb\n|\n|upkeep\n|\n|t:|1781449052\n|switch|p1a: Regieleki|Regieleki, L79|256/256\n|-damage|p1a: Regieleki|224/256|[from] Stealth Rock\n|turn|11\n|\n|t:|1781449061\n|move|p1a: Regieleki|Rapid Spin|p2a: Leafeon\n|-damage|p2a: Leafeon|119/258\n|-boost|p1a: Regieleki|spe|1\n|-sideend|p1: Jefejenaro|Stealth Rock|[from] move: Rapid Spin|[of] p1a: Regieleki\n|move|p2a: Leafeon|Knock Off|p1a: Regieleki\n|-damage|p1a: Regieleki|107/256\n|-enditem|p1a: Regieleki|Magnet|[from] move: Knock Off|[of] p2a: Leafeon\n|-damage|p2a: Leafeon|94/258|[from] item: Life Orb\n|\n|upkeep\n|turn|12\n|\n|t:|1781449070\n|switch|p1a: Tornadus|Tornadus, L82, M|142/264\n|switch|p2a: Fezandipiti|Fezandipiti, L82, M, tera:Ground|82/278\n|\n|-heal|p2a: Fezandipiti|99/278|[from] item: Leftovers\n|upkeep\n|turn|13\n|\n|t:|1781449081\n|switch|p2a: Leafeon|Leafeon, L88, M|94/258\n|move|p1a: Tornadus|Bleakwind Storm|p2a: Leafeon\n|-supereffective|p2a: Leafeon\n|-damage|p2a: Leafeon|0 fnt\n|faint|p2a: Leafeon\n|\n|upkeep\n|\n|t:|1781449092\n|switch|p2a: Armarouge|Armarouge, L80, F|267/267\n|turn|14\n|\n|t:|1781449101\n|move|p1a: Tornadus|Bleakwind Storm|p2a: Armarouge\n|-damage|p2a: Armarouge|122/267\n|-unboost|p2a: Armarouge|spe|1\n|move|p2a: Armarouge|Meteor Beam||[still]\n|-prepare|p2a: Armarouge|Meteor Beam\n|-boost|p2a: Armarouge|spa|1\n|-enditem|p2a: Armarouge|Power Herb\n|-anim|p2a: Armarouge|Meteor Beam|p1a: Tornadus\n|-supereffective|p1a: Tornadus\n|-damage|p1a: Tornadus|0 fnt\n|faint|p1a: Tornadus\n|\n|upkeep\n|\n|t:|1781449110\n|switch|p1a: Plusle|Plusle, L95, M|216/268\n|turn|15\n|\n|t:|1781449114\n|move|p1a: Plusle|Thunderbolt|p2a: Armarouge\n|-damage|p2a: Armarouge|0 fnt\n|faint|p2a: Armarouge\n|-damage|p1a: Plusle|190/268|[from] item: Life Orb\n|\n|upkeep\n|\n|t:|1781449121\n|switch|p2a: Dusknoir|Dusknoir, L89, F|225/225\n|-item|p1a: Plusle|Life Orb|[from] ability: Frisk|[of] p2a: Dusknoir\n|turn|16\n|\n|t:|1781449134\n|switch|p1a: Dudunsparce|Dudunsparce-Three-Segment, L83, M|343/343\n|move|p2a: Dusknoir|Poltergeist|p1a: Dudunsparce\n|-immune|p1a: Dudunsparce\n|\n|upkeep\n|turn|17\n|\n|t:|1781449138\n|switch|p2a: Froslass|Froslass, L87, F|263/263\n|move|p1a: Dudunsparce|Shadow Ball|p2a: Froslass\n|-supereffective|p2a: Froslass\n|-damage|p2a: Froslass|147/263\n|-unboost|p2a: Froslass|spd|1\n|-start|p1a: Dudunsparce|Disable|Shadow Ball|[from] ability: Cursed Body|[of] p2a: Froslass\n|\n|upkeep\n|turn|18\n|\n|t:|1781449146\n|switch|p1a: Plusle|Plusle, L95, M|190/268\n|move|p2a: Froslass|Will-O-Wisp|p1a: Plusle\n|-status|p1a: Plusle|brn\n|\n|-damage|p1a: Plusle|174/268 brn|[from] brn\n|upkeep\n|turn|19\n|\n|t:|1781449153\n|move|p2a: Froslass|Poltergeist|p1a: Plusle\n|-activate|p1a: Plusle|move: Poltergeist|Life Orb\n|-damage|p1a: Plusle|12/268 brn\n|move|p1a: Plusle|Thunderbolt|p2a: Froslass\n|-damage|p2a: Froslass|0 fnt\n|faint|p2a: Froslass\n|-damage|p1a: Plusle|0 fnt|[from] item: Life Orb\n|faint|p1a: Plusle\n|\n|upkeep\n|\n|t:|1781449165\n|switch|p2a: Fezandipiti|Fezandipiti, L82, M, tera:Ground|99/278\n|switch|p1a: Dudunsparce|Dudunsparce-Three-Segment, L83, M|343/343\n|turn|20\n|\n|t:|1781449171\n|switch|p2a: Dusknoir|Dusknoir, L89, F|225/225\n|-item|p1a: Dudunsparce|Leftovers|[from] ability: Frisk|[of] p2a: Dusknoir\n|move|p1a: Dudunsparce|Boomburst|p2a: Dusknoir\n|-immune|p2a: Dusknoir\n|\n|upkeep\n|turn|21\n|\n|t:|1781449181\n|move|p1a: Dudunsparce|Shadow Ball|p2a: Dusknoir\n|-supereffective|p2a: Dusknoir\n|-damage|p2a: Dusknoir|151/225\n|move|p2a: Dusknoir|Pain Split|p1a: Dudunsparce\n|-sethp|p1a: Dudunsparce|247/343|[from] move: Pain Split|[silent]\n|-sethp|p2a: Dusknoir|225/225|[from] move: Pain Split\n|\n|-heal|p1a: Dudunsparce|268/343|[from] item: Leftovers\n|upkeep\n|turn|22\n|\n|t:|1781449189\n|move|p1a: Dudunsparce|Calm Mind|p1a: Dudunsparce\n|-boost|p1a: Dudunsparce|spa|1\n|-boost|p1a: Dudunsparce|spd|1\n|move|p2a: Dusknoir|Leech Life|p1a: Dudunsparce\n|-damage|p1a: Dudunsparce|173/343\n|-ability|p1a: Dudunsparce|Rattled|boost\n|-boost|p1a: Dudunsparce|spe|1\n|-damage|p2a: Dusknoir|203/225|[from] item: Life Orb\n|\n|-heal|p1a: Dudunsparce|194/343|[from] item: Leftovers\n|upkeep\n|turn|23\n|\n|t:|1781449199\n|switch|p2a: Fezandipiti|Fezandipiti, L82, M, tera:Ground|99/278\n|move|p1a: Dudunsparce|Roost|p1a: Dudunsparce\n|-heal|p1a: Dudunsparce|343/343\n|-singleturn|p1a: Dudunsparce|move: Roost\n|\n|-heal|p2a: Fezandipiti|116/278|[from] item: Leftovers\n|upkeep\n|turn|24\n|\n|t:|1781449220\n|move|p2a: Fezandipiti|Gunk Shot|p1a: Dudunsparce\n|-damage|p1a: Dudunsparce|222/343\n|move|p1a: Dudunsparce|Boomburst|p2a: Fezandipiti\n|-damage|p2a: Fezandipiti|0 fnt\n|faint|p2a: Fezandipiti\n|\n|-heal|p1a: Dudunsparce|243/343|[from] item: Leftovers\n|upkeep\n|\n|t:|1781449224\n|switch|p2a: Dusknoir|Dusknoir, L89, F|203/225\n|-item|p1a: Dudunsparce|Leftovers|[from] ability: Frisk|[of] p2a: Dusknoir\n|turn|25\n|\n|t:|1781449229\n|move|p1a: Dudunsparce|Shadow Ball|p2a: Dusknoir\n|-supereffective|p2a: Dusknoir\n|-damage|p2a: Dusknoir|107/225\n|move|p2a: Dusknoir|Leech Life|p1a: Dudunsparce\n|-damage|p1a: Dudunsparce|147/343\n|-heal|p2a: Dusknoir|155/225|[from] drain|[of] p1a: Dudunsparce\n|-ability|p1a: Dudunsparce|Rattled|boost\n|-boost|p1a: Dudunsparce|spe|1\n|-damage|p2a: Dusknoir|133/225|[from] item: Life Orb\n|\n|-heal|p1a: Dudunsparce|168/343|[from] item: Leftovers\n|upkeep\n|turn|26\n|\n|t:|1781449236\n|move|p1a: Dudunsparce|Shadow Ball|p2a: Dusknoir\n|-supereffective|p2a: Dusknoir\n|-damage|p2a: Dusknoir|31/225\n|move|p2a: Dusknoir|Pain Split|p1a: Dudunsparce\n|-sethp|p1a: Dudunsparce|99/343|[from] move: Pain Split|[silent]\n|-sethp|p2a: Dusknoir|99/225|[from] move: Pain Split\n|\n|-heal|p1a: Dudunsparce|120/343|[from] item: Leftovers\n|upkeep\n|turn|27\n|\n|t:|1781449250\n|move|p1a: Dudunsparce|Roost|p1a: Dudunsparce\n|-heal|p1a: Dudunsparce|292/343\n|-singleturn|p1a: Dudunsparce|move: Roost\n|move|p2a: Dusknoir|Pain Split|p1a: Dudunsparce\n|-sethp|p1a: Dudunsparce|195/343|[from] move: Pain Split|[silent]\n|-sethp|p2a: Dusknoir|195/225|[from] move: Pain Split\n|\n|-heal|p1a: Dudunsparce|216/343|[from] item: Leftovers\n|upkeep\n|turn|28\n|\n|t:|1781449255\n|move|p1a: Dudunsparce|Calm Mind|p1a: Dudunsparce\n|-boost|p1a: Dudunsparce|spa|1\n|-boost|p1a: Dudunsparce|spd|1\n|move|p2a: Dusknoir|Pain Split|p1a: Dudunsparce\n|-sethp|p1a: Dudunsparce|205/343|[from] move: Pain Split|[silent]\n|-sethp|p2a: Dusknoir|205/225|[from] move: Pain Split\n|\n|-heal|p1a: Dudunsparce|226/343|[from] item: Leftovers\n|upkeep\n|turn|29\n|\n|t:|1781449260\n|move|p1a: Dudunsparce|Shadow Ball|p2a: Dusknoir\n|-supereffective|p2a: Dusknoir\n|-damage|p2a: Dusknoir|71/225\n|-unboost|p2a: Dusknoir|spd|1\n|move|p2a: Dusknoir|Pain Split|p1a: Dudunsparce\n|-sethp|p1a: Dudunsparce|148/343|[from] move: Pain Split|[silent]\n|-sethp|p2a: Dusknoir|148/225|[from] move: Pain Split\n|\n|-heal|p1a: Dudunsparce|169/343|[from] item: Leftovers\n|upkeep\n|turn|30\n|\n|t:|1781449264\n|move|p1a: Dudunsparce|Shadow Ball|p2a: Dusknoir\n|-supereffective|p2a: Dusknoir\n|-damage|p2a: Dusknoir|0 fnt\n|faint|p2a: Dusknoir\n|\n|win|Jefejenaro\n", "uploadtime": 1781448917, "views": 8, "formatid": "gen9randombattle", "rating": null, "private": 0, "password": null}