{"id": "gen9randombattle-2631407813", "format": "[Gen 9] Random Battle", "players": ["WhatEver2102", "Sekkari-"], "log": "|j|\u2606WhatEver2102\n|j|\u2606Sekkari-\n|t:|1781380999\n|gametype|singles\n|player|p1|WhatEver2102|juan|1955\n|player|p2|Sekkari-|170|2187\n|gen|9\n|tier|[Gen 9] Random Battle\n|rated|\n|rule|Species Clause: Limit one of each Pok\u00e9mon\n|rule|HP Percentage Mod: HP is shown in percentages\n|rule|Sleep Clause Mod: Limit one foe put to sleep\n|rule|Illusion Level Mod: Illusion disguises the Pok\u00e9mon's true level\n|\n|t:|1781380999\n|teamsize|p1|6\n|teamsize|p2|6\n|start\n|switch|p1a: Greninja|Greninja, L80, M|246/246\n|switch|p2a: Frosmoth|Frosmoth, L82, M|249/249\n|turn|1\n|\n|t:|1781381022\n|switch|p2a: Houndstone|Houndstone, L86, M|264/264\n|move|p1a: Greninja|Gunk Shot|p2a: Houndstone\n|-resisted|p2a: Houndstone\n|-damage|p2a: Houndstone|217/264\n|-damage|p1a: Greninja|222/246|[from] item: Life Orb\n|\n|upkeep\n|turn|2\n|\n|t:|1781381033\n|switch|p1a: Sableye|Sableye, L88, M|231/231\n|move|p2a: Houndstone|Body Press|p1a: Sableye\n|-immune|p1a: Sableye\n|\n|upkeep\n|turn|3\n|\n|t:|1781381047\n|switch|p2a: Golem|Golem-Alola, L93, M|300/300\n|move|p1a: Sableye|Knock Off|p2a: Golem\n|-damage|p2a: Golem|231/300\n|-enditem|p2a: Golem|Life Orb|[from] move: Knock Off|[of] p1a: Sableye\n|\n|upkeep\n|turn|4\n|\n|t:|1781381054\n|move|p1a: Sableye|Will-O-Wisp|p2a: Golem|[miss]\n|-miss|p1a: Sableye|p2a: Golem\n|move|p2a: Golem|Double-Edge|p1a: Sableye\n|-damage|p1a: Sableye|0 fnt\n|faint|p1a: Sableye\n|-damage|p2a: Golem|155/300|[from] Recoil\n|\n|upkeep\n|\n|t:|1781381067\n|switch|p1a: Abomasnow|Abomasnow, L84, F|287/287\n|-weather|Snowscape|[from] ability: Snow Warning|[of] p1a: Abomasnow\n|turn|5\n|\n|t:|1781381085\n|switch|p2a: Frosmoth|Frosmoth, L82, M|249/249\n|move|p1a: Abomasnow|Aurora Veil|p1a: Abomasnow\n|-sidestart|p1: WhatEver2102|move: Aurora Veil\n|\n|-weather|Snowscape|[upkeep]\n|upkeep\n|turn|6\n|\n|t:|1781381095\n|switch|p1a: Metagross|Metagross, L79|256/256\n|move|p2a: Frosmoth|Quiver Dance|p2a: Frosmoth\n|-boost|p2a: Frosmoth|spa|1\n|-boost|p2a: Frosmoth|spd|1\n|-boost|p2a: Frosmoth|spe|1\n|\n|-weather|Snowscape|[upkeep]\n|upkeep\n|turn|7\n|\n|t:|1781381103\n|switch|p2a: Houndstone|Houndstone, L86, M|217/264\n|move|p1a: Metagross|Heavy Slam|p2a: Houndstone\n|-damage|p2a: Houndstone|154/264\n|\n|-weather|Snowscape|[upkeep]\n|upkeep\n|turn|8\n|\n|t:|1781381113\n|switch|p2a: Vileplume|Vileplume, L85, M|266/266\n|switch|p1a: Abomasnow|Abomasnow, L84, F|287/287\n|\n|-weather|Snowscape|[upkeep]\n|upkeep\n|turn|9\n|\n|t:|1781381117\n|switch|p2a: Frosmoth|Frosmoth, L82, M|249/249\n|move|p1a: Abomasnow|Blizzard|p2a: Frosmoth\n|-resisted|p2a: Frosmoth\n|-damage|p2a: Frosmoth|220/249\n|\n|-weather|none\n|upkeep\n|turn|10\n|\n|t:|1781381133\n|switch|p1a: Metagross|Metagross, L79|256/256\n|move|p2a: Frosmoth|Ice Beam|p1a: Metagross\n|-resisted|p1a: Metagross\n|-damage|p1a: Metagross|226/256\n|\n|-heal|p1a: Metagross|242/256|[from] item: Leftovers\n|upkeep\n|turn|11\n|\n|t:|1781381148\n|switch|p2a: Golem|Golem-Alola, L93, M|155/300\n|move|p1a: Metagross|Stealth Rock|p2a: Golem\n|-sidestart|p2: Sekkari-|move: Stealth Rock\n|\n|-heal|p1a: Metagross|256/256|[from] item: Leftovers\n|upkeep\n|turn|12\n|\n|t:|1781381155\n|move|p1a: Metagross|Earthquake|p2a: Golem\n|-supereffective|p2a: Golem\n|-damage|p2a: Golem|0 fnt\n|faint|p2a: Golem\n|\n|-sideend|p1: WhatEver2102|move: Aurora Veil\n|upkeep\n|\n|t:|1781381160\n|switch|p2a: Houndstone|Houndstone, L86, M|154/264\n|-damage|p2a: Houndstone|121/264|[from] Stealth Rock\n|turn|13\n|\n|t:|1781381164\n|switch|p1a: Abomasnow|Abomasnow, L84, F|287/287\n|-weather|Snowscape|[from] ability: Snow Warning|[of] p1a: Abomasnow\n|move|p2a: Houndstone|Poltergeist|p1a: Abomasnow\n|-activate|p1a: Abomasnow|move: Poltergeist|Light Clay\n|-damage|p1a: Abomasnow|187/287\n|\n|-weather|Snowscape|[upkeep]\n|upkeep\n|turn|14\n|\n|t:|1781381168\n|move|p2a: Houndstone|Body Press|p1a: Abomasnow\n|-supereffective|p1a: Abomasnow\n|-damage|p1a: Abomasnow|97/287\n|move|p1a: Abomasnow|Aurora Veil|p1a: Abomasnow\n|-sidestart|p1: WhatEver2102|move: Aurora Veil\n|\n|-weather|Snowscape|[upkeep]\n|upkeep\n|turn|15\n|\n|t:|1781381171\n|move|p2a: Houndstone|Body Press|p1a: Abomasnow\n|-supereffective|p1a: Abomasnow\n|-damage|p1a: Abomasnow|47/287\n|move|p1a: Abomasnow|Blizzard|p2a: Houndstone\n|-damage|p2a: Houndstone|52/264\n|\n|-weather|Snowscape|[upkeep]\n|upkeep\n|turn|16\n|\n|t:|1781381177\n|move|p2a: Houndstone|Body Press|p1a: Abomasnow\n|-supereffective|p1a: Abomasnow\n|-damage|p1a: Abomasnow|3/287\n|move|p1a: Abomasnow|Blizzard|p2a: Houndstone\n|-damage|p2a: Houndstone|0 fnt\n|faint|p2a: Houndstone\n|\n|-weather|Snowscape|[upkeep]\n|upkeep\n|\n|t:|1781381193\n|switch|p2a: Passimian|Passimian, L83, M|302/302\n|-damage|p2a: Passimian|284/302|[from] Stealth Rock\n|turn|17\n|\n|t:|1781381204\n|move|p2a: Passimian|Drain Punch|p1a: Abomasnow\n|-supereffective|p1a: Abomasnow\n|-damage|p1a: Abomasnow|0 fnt\n|-heal|p2a: Passimian|286/302|[from] drain|[of] p1a: Abomasnow\n|faint|p1a: Abomasnow\n|\n|-weather|none\n|-heal|p2a: Passimian|302/302|[from] item: Leftovers\n|upkeep\n|\n|t:|1781381206\n|switch|p1a: Pelipper|Pelipper, L86, F|243/243\n|-weather|RainDance|[from] ability: Drizzle|[of] p1a: Pelipper\n|turn|18\n|\n|t:|1781381211\n|switch|p2a: Frosmoth|Frosmoth, L82, M|220/249\n|move|p1a: Pelipper|Hurricane|p2a: Frosmoth\n|-supereffective|p2a: Frosmoth\n|-damage|p2a: Frosmoth|46/249\n|\n|-weather|RainDance|[upkeep]\n|upkeep\n|turn|19\n|\n|t:|1781381217\n|move|p1a: Pelipper|Hurricane|p2a: Frosmoth\n|-supereffective|p2a: Frosmoth\n|-damage|p2a: Frosmoth|0 fnt\n|faint|p2a: Frosmoth\n|\n|-weather|RainDance|[upkeep]\n|upkeep\n|\n|t:|1781381222\n|switch|p2a: Gardevoir|Gardevoir, L83, M|249/249\n|-damage|p2a: Gardevoir|218/249|[from] Stealth Rock\n|-ability|p2a: Gardevoir|Drizzle|Trace|[from] ability: Trace|[of] p1a: Pelipper\n|turn|20\n|\n|t:|1781381233\n|switch|p1a: Metagross|Metagross, L79|256/256\n|move|p2a: Gardevoir|Trick|p1a: Metagross\n|-activate|p2a: Gardevoir|move: Trick|[of] p1a: Metagross\n|-item|p1a: Metagross|Choice Scarf|[from] move: Trick\n|-item|p2a: Gardevoir|Leftovers|[from] move: Trick\n|\n|-weather|RainDance|[upkeep]\n|-heal|p2a: Gardevoir|233/249|[from] item: Leftovers\n|upkeep\n|turn|21\n|\n|t:|1781381242\n|switch|p2a: Vileplume|Vileplume, L85, M|266/266\n|-damage|p2a: Vileplume|233/266|[from] Stealth Rock\n|move|p1a: Metagross|Heavy Slam|p2a: Vileplume\n|-damage|p2a: Vileplume|77/266\n|\n|-weather|RainDance|[upkeep]\n|-heal|p2a: Vileplume|93/266|[from] item: Leftovers\n|-sideend|p1: WhatEver2102|move: Aurora Veil\n|upkeep\n|turn|22\n|\n|t:|1781381248\n|move|p1a: Metagross|Heavy Slam|p2a: Vileplume\n|-damage|p2a: Vileplume|0 fnt\n|-status|p1a: Metagross|par|[from] ability: Effect Spore|[of] p2a: Vileplume\n|faint|p2a: Vileplume\n|\n|-weather|none\n|upkeep\n|\n|t:|1781381250\n|switch|p2a: Passimian|Passimian, L83, M|302/302\n|-damage|p2a: Passimian|284/302|[from] Stealth Rock\n|turn|23\n|\n|t:|1781381256\n|move|p2a: Passimian|Bulk Up|p2a: Passimian\n|-boost|p2a: Passimian|atk|1\n|-boost|p2a: Passimian|def|1\n|move|p1a: Metagross|Heavy Slam|p2a: Passimian\n|-damage|p2a: Passimian|182/302\n|\n|-heal|p2a: Passimian|200/302|[from] item: Leftovers\n|upkeep\n|turn|24\n|\n|t:|1781381265\n|move|p2a: Passimian|Bulk Up|p2a: Passimian\n|-boost|p2a: Passimian|atk|1\n|-boost|p2a: Passimian|def|1\n|move|p1a: Metagross|Heavy Slam|p2a: Passimian\n|-damage|p2a: Passimian|133/302\n|\n|-heal|p2a: Passimian|151/302|[from] item: Leftovers\n|upkeep\n|turn|25\n|\n|t:|1781381271\n|switch|p1a: Sinistcha|Sinistcha, L83|254/254\n|move|p2a: Passimian|Drain Punch|p1a: Sinistcha\n|-immune|p1a: Sinistcha\n|\n|-heal|p2a: Passimian|169/302|[from] item: Leftovers\n|upkeep\n|turn|26\n|\n|t:|1781381277\n|move|p2a: Passimian|Knock Off|p1a: Sinistcha\n|-supereffective|p1a: Sinistcha\n|-damage|p1a: Sinistcha|0 fnt\n|-enditem|p1a: Sinistcha|Leftovers|[from] move: Knock Off|[of] p2a: Passimian\n|faint|p1a: Sinistcha\n|\n|-heal|p2a: Passimian|187/302|[from] item: Leftovers\n|upkeep\n|\n|t:|1781381282\n|switch|p1a: Pelipper|Pelipper, L86, F|243/243\n|-weather|RainDance|[from] ability: Drizzle|[of] p1a: Pelipper\n|turn|27\n|\n|t:|1781381297\n|-terastallize|p2a: Passimian|Dark\n|-terastallize|p1a: Pelipper|Water\n|move|p2a: Passimian|Knock Off|p1a: Pelipper\n|-damage|p1a: Pelipper|26/243\n|-enditem|p1a: Pelipper|Choice Specs|[from] move: Knock Off|[of] p2a: Passimian\n|move|p1a: Pelipper|Weather Ball|p2a: Passimian\n|-damage|p2a: Passimian|0 fnt\n|faint|p2a: Passimian\n|\n|-weather|RainDance|[upkeep]\n|upkeep\n|-message|Sekkari- forfeited.\n|\n|win|WhatEver2102\n", "uploadtime": 1781381000, "views": 9, "formatid": "gen9randombattle", "rating": null, "private": 0, "password": null}