{"id": "gen9randombattle-2631610714", "format": "[Gen 9] Random Battle", "players": ["Ace-Cel", "slacy55"], "log": "|j|\u2606Ace-Cel\n|j|\u2606slacy55\n|t:|1781408534\n|gametype|singles\n|player|p1|Ace-Cel|colress|1921\n|player|p2|slacy55|170|1929\n|gen|9\n|tier|[Gen 9] Random Battle\n|rated|\n|rule|Species Clause: Limit one of each Pok\u00e9mon\n|rule|HP Percentage Mod: HP is shown in percentages\n|rule|Sleep Clause Mod: Limit one foe put to sleep\n|rule|Illusion Level Mod: Illusion disguises the Pok\u00e9mon's true level\n|\n|t:|1781408534\n|teamsize|p1|6\n|teamsize|p2|6\n|start\n|switch|p1a: Probopass|Probopass, L91, M|257/257\n|switch|p2a: Ribombee|Ribombee, L83, M|235/235\n|turn|1\n|inactive|Battle timer is ON: inactive players will automatically lose when time's up. (requested by Ace-Cel)\n|\n|t:|1781408541\n|move|p2a: Ribombee|Sticky Web|p1a: Probopass\n|-sidestart|p1: Ace-Cel|move: Sticky Web\n|move|p1a: Probopass|Power Gem|p2a: Ribombee\n|-supereffective|p2a: Ribombee\n|-damage|p2a: Ribombee|43/235\n|\n|upkeep\n|turn|2\n|\n|t:|1781408555\n|move|p2a: Ribombee|U-turn|p1a: Probopass\n|-resisted|p1a: Probopass\n|-damage|p1a: Probopass|242/257\n|\n|t:|1781408561\n|switch|p2a: Pelipper|Pelipper, L86, M|243/243|[from] U-turn\n|-weather|RainDance|[from] ability: Drizzle|[of] p2a: Pelipper\n|move|p1a: Probopass|Iron Defense|p1a: Probopass\n|-boost|p1a: Probopass|def|2\n|\n|-weather|RainDance|[upkeep]\n|-heal|p1a: Probopass|257/257|[from] item: Leftovers\n|upkeep\n|turn|3\n|\n|t:|1781408570\n|switch|p1a: Dewgong|Dewgong, L94, F|322/322\n|move|p2a: Pelipper|Surf|p1a: Dewgong\n|-resisted|p1a: Dewgong\n|-damage|p1a: Dewgong|255/322\n|\n|-weather|RainDance|[upkeep]\n|upkeep\n|turn|4\n|\n|t:|1781408574\n|move|p1a: Dewgong|Ice Beam|p2a: Pelipper\n|-damage|p2a: Pelipper|128/243\n|move|p2a: Pelipper|U-turn|p1a: Dewgong\n|-damage|p1a: Dewgong|223/322\n|\n|t:|1781408586\n|switch|p2a: Slaking|Slaking, L84, M|389/389|[from] U-turn\n|\n|-weather|RainDance|[upkeep]\n|upkeep\n|turn|5\n|\n|t:|1781408594\n|switch|p1a: Gyarados|Gyarados, L79, M|280/280\n|-ability|p1a: Gyarados|Intimidate|boost\n|-unboost|p2a: Slaking|atk|1\n|move|p2a: Slaking|Double-Edge|p1a: Gyarados\n|-damage|p1a: Gyarados|67/280\n|-damage|p2a: Slaking|319/389|[from] Recoil\n|\n|-weather|RainDance|[upkeep]\n|upkeep\n|turn|6\n|\n|t:|1781408605\n|switch|p2a: Exeggutor|Exeggutor-Alola, L89, M|314/314\n|move|p1a: Gyarados|Dragon Dance|p1a: Gyarados\n|-boost|p1a: Gyarados|atk|1\n|-boost|p1a: Gyarados|spe|1\n|\n|-weather|none\n|upkeep\n|turn|7\n|\n|t:|1781408610\n|-terastallize|p1a: Gyarados|Flying\n|move|p1a: Gyarados|Tera Blast|p2a: Exeggutor|[anim] Tera Blast Flying\n|-supereffective|p2a: Exeggutor\n|-damage|p2a: Exeggutor|0 fnt\n|faint|p2a: Exeggutor\n|\n|upkeep\n|\n|t:|1781408624\n|switch|p2a: Meowstic|Meowstic, L89, M|277/277\n|turn|8\n|\n|t:|1781408628\n|move|p1a: Gyarados|Tera Blast|p2a: Meowstic|[anim] Tera Blast Flying\n|-damage|p2a: Meowstic|67/277\n|move|p2a: Meowstic|Psychic Noise|p1a: Gyarados\n|-damage|p1a: Gyarados|0 fnt\n|faint|p1a: Gyarados\n|\n|-heal|p2a: Meowstic|84/277|[from] item: Leftovers\n|upkeep\n|\n|t:|1781408652\n|switch|p1a: Electrode|Electrode, L92|260/260\n|-activate|p1a: Electrode|move: Sticky Web\n|-unboost|p1a: Electrode|spe|1\n|turn|9\n|\n|t:|1781408658\n|switch|p2a: Sandaconda|Sandaconda, L84, F|258/258\n|move|p1a: Electrode|Thunderbolt|p2a: Sandaconda\n|-immune|p2a: Sandaconda\n|\n|upkeep\n|turn|10\n|\n|t:|1781408667\n|switch|p1a: Dewgong|Dewgong, L94, F|223/322\n|move|p2a: Sandaconda|Coil|p2a: Sandaconda\n|-boost|p2a: Sandaconda|atk|1\n|-boost|p2a: Sandaconda|def|1\n|-boost|p2a: Sandaconda|accuracy|1\n|\n|upkeep\n|turn|11\n|\n|t:|1781408674\n|-terastallize|p2a: Sandaconda|Steel\n|move|p1a: Dewgong|Ice Beam|p2a: Sandaconda\n|-resisted|p2a: Sandaconda\n|-damage|p2a: Sandaconda|202/258\n|move|p2a: Sandaconda|Stone Edge|p1a: Dewgong\n|-supereffective|p1a: Dewgong\n|-damage|p1a: Dewgong|1/322\n|\n|-heal|p2a: Sandaconda|218/258|[from] item: Leftovers\n|upkeep\n|turn|12\n|\n|t:|1781408683\n|move|p1a: Dewgong|Hydro Pump|p2a: Sandaconda\n|-damage|p2a: Sandaconda|79/258\n|move|p2a: Sandaconda|Earthquake|p1a: Dewgong\n|-damage|p1a: Dewgong|0 fnt\n|faint|p1a: Dewgong\n|\n|-heal|p2a: Sandaconda|95/258|[from] item: Leftovers\n|upkeep\n|\n|t:|1781408691\n|switch|p1a: Electrode|Electrode, L92|260/260\n|-activate|p1a: Electrode|move: Sticky Web\n|-unboost|p1a: Electrode|spe|1\n|turn|13\n|\n|t:|1781408694\n|move|p1a: Electrode|Thunderbolt|p2a: Sandaconda\n|-damage|p2a: Sandaconda|0 fnt\n|faint|p2a: Sandaconda\n|-damage|p1a: Electrode|234/260|[from] item: Life Orb\n|\n|upkeep\n|\n|t:|1781408698\n|switch|p2a: Slaking|Slaking, L84, M|319/389\n|turn|14\n|inactive|Ace-Cel has 120 seconds left.\n|\n|t:|1781408729\n|switch|p1a: Hariyama|Hariyama, L87, F|392/392\n|-activate|p1a: Hariyama|move: Sticky Web\n|-unboost|p1a: Hariyama|spe|1\n|move|p2a: Slaking|Earthquake|p1a: Hariyama\n|-damage|p1a: Hariyama|197/392\n|\n|upkeep\n|turn|15\n|inactive|Ace-Cel has 120 seconds left.\n|\n|t:|1781408746\n|switch|p2a: Pelipper|Pelipper, L86, M|128/243\n|-weather|RainDance|[from] ability: Drizzle|[of] p2a: Pelipper\n|move|p1a: Hariyama|Close Combat|p2a: Pelipper\n|-resisted|p2a: Pelipper\n|-damage|p2a: Pelipper|60/243\n|-unboost|p1a: Hariyama|def|1\n|-unboost|p1a: Hariyama|spd|1\n|\n|-weather|RainDance|[upkeep]\n|upkeep\n|turn|16\n|\n|t:|1781408754\n|move|p2a: Pelipper|Roost|p2a: Pelipper\n|-heal|p2a: Pelipper|182/243\n|-singleturn|p2a: Pelipper|move: Roost\n|move|p1a: Hariyama|Knock Off|p2a: Pelipper\n|-damage|p2a: Pelipper|109/243\n|-enditem|p2a: Pelipper|Heavy-Duty Boots|[from] move: Knock Off|[of] p1a: Hariyama\n|\n|-weather|RainDance|[upkeep]\n|upkeep\n|turn|17\n|\n|t:|1781408767\n|switch|p1a: Gardevoir|Gardevoir, L83, M|249/249\n|-activate|p1a: Gardevoir|move: Sticky Web\n|-unboost|p1a: Gardevoir|spe|1\n|-ability|p1a: Gardevoir|Drizzle|Trace|[from] ability: Trace|[of] p2a: Pelipper\n|move|p2a: Pelipper|Hurricane|p1a: Gardevoir\n|-damage|p1a: Gardevoir|150/249\n|\n|-weather|RainDance|[upkeep]\n|upkeep\n|turn|18\n|\n|t:|1781408771\n|move|p2a: Pelipper|Surf|p1a: Gardevoir\n|-damage|p1a: Gardevoir|33/249\n|move|p1a: Gardevoir|Moonblast|p2a: Pelipper\n|-damage|p2a: Pelipper|0 fnt\n|faint|p2a: Pelipper\n|-damage|p1a: Gardevoir|9/249|[from] item: Life Orb\n|\n|-weather|RainDance|[upkeep]\n|upkeep\n|\n|t:|1781408775\n|switch|p2a: Meowstic|Meowstic, L89, M|84/277\n|turn|19\n|\n|t:|1781408779\n|move|p2a: Meowstic|Psychic Noise|p1a: Gardevoir\n|-resisted|p1a: Gardevoir\n|-damage|p1a: Gardevoir|0 fnt\n|faint|p1a: Gardevoir\n|\n|-weather|none\n|-heal|p2a: Meowstic|101/277|[from] item: Leftovers\n|upkeep\n|\n|t:|1781408793\n|switch|p1a: Hariyama|Hariyama, L87, F|197/392\n|-activate|p1a: Hariyama|move: Sticky Web\n|-unboost|p1a: Hariyama|spe|1\n|turn|20\n|\n|t:|1781408795\n|move|p2a: Meowstic|Psychic Noise|p1a: Hariyama\n|-supereffective|p1a: Hariyama\n|-crit|p1a: Hariyama\n|-damage|p1a: Hariyama|0 fnt\n|faint|p1a: Hariyama\n|\n|-heal|p2a: Meowstic|118/277|[from] item: Leftovers\n|upkeep\n|\n|t:|1781408804\n|switch|p1a: Electrode|Electrode, L92|234/260\n|-activate|p1a: Electrode|move: Sticky Web\n|-unboost|p1a: Electrode|spe|1\n|turn|21\n|\n|t:|1781408810\n|move|p2a: Meowstic|Psychic Noise|p1a: Electrode\n|-damage|p1a: Electrode|159/260\n|-start|p1a: Electrode|move: Heal Block\n|move|p1a: Electrode|Thunderbolt|p2a: Meowstic\n|-damage|p2a: Meowstic|0 fnt\n|faint|p2a: Meowstic\n|-damage|p1a: Electrode|133/260|[from] item: Life Orb\n|\n|upkeep\n|\n|t:|1781408821\n|switch|p2a: Ribombee|Ribombee, L83, M|43/235\n|turn|22\n|\n|t:|1781408828\n|move|p2a: Ribombee|Moonblast|p1a: Electrode\n|-damage|p1a: Electrode|43/260\n|move|p1a: Electrode|Thunderbolt|p2a: Ribombee\n|-damage|p2a: Ribombee|0 fnt\n|faint|p2a: Ribombee\n|-damage|p1a: Electrode|17/260|[from] item: Life Orb\n|\n|-end|p1a: Electrode|move: Heal Block\n|upkeep\n|\n|t:|1781408831\n|switch|p2a: Slaking|Slaking, L84, M|319/389\n|turn|23\n|\n|t:|1781408839\n|move|p1a: Electrode|Foul Play|p2a: Slaking\n|-damage|p2a: Slaking|194/389\n|-damage|p1a: Electrode|0 fnt|[from] item: Life Orb\n|faint|p1a: Electrode\n|move|p2a: Slaking|Earthquake|p1: Electrode|[notarget]\n|-fail|p2a: Slaking\n|\n|upkeep\n|\n|t:|1781408845\n|switch|p1a: Probopass|Probopass, L91, M|257/257\n|-activate|p1a: Probopass|move: Sticky Web\n|-unboost|p1a: Probopass|spe|1\n|turn|24\n|\n|t:|1781408852\n|cant|p2a: Slaking|ability: Truant\n|move|p1a: Probopass|Iron Defense|p1a: Probopass\n|-boost|p1a: Probopass|def|2\n|\n|upkeep\n|turn|25\n|\n|t:|1781408855\n|move|p2a: Slaking|Earthquake|p1a: Probopass\n|-supereffective|p1a: Probopass\n|-damage|p1a: Probopass|65/257\n|move|p1a: Probopass|Body Press|p2a: Slaking\n|-supereffective|p2a: Slaking\n|-damage|p2a: Slaking|0 fnt\n|faint|p2a: Slaking\n|\n|win|Ace-Cel\n", "uploadtime": 1781408536, "views": 3, "formatid": "gen9randombattle", "rating": null, "private": 0, "password": null}