{"id": "gen9randombattle-2631835263", "format": "[Gen 9] Random Battle", "players": ["Shaqatk", "BlazenFL97"], "log": "|j|\u2606Shaqatk\n|j|\u2606BlazenFL97\n|t:|1781446172\n|gametype|singles\n|player|p1|Shaqatk|265|1244\n|player|p2|BlazenFL97|psychicf|1207\n|gen|9\n|tier|[Gen 9] Random Battle\n|rated|\n|rule|Species Clause: Limit one of each Pok\u00e9mon\n|rule|HP Percentage Mod: HP is shown in percentages\n|rule|Sleep Clause Mod: Limit one foe put to sleep\n|rule|Illusion Level Mod: Illusion disguises the Pok\u00e9mon's true level\n|\n|t:|1781446172\n|teamsize|p1|6\n|teamsize|p2|6\n|start\n|switch|p1a: Chansey|Chansey, L85, F|564/564\n|switch|p2a: Deoxys|Deoxys-Speed, L82|216/216\n|-ability|p2a: Deoxys|Pressure\n|turn|1\n|inactive|Battle timer is ON: inactive players will automatically lose when time's up. (requested by BlazenFL97)\n|inactive|Shaqatk also wants the timer to be on.\n|\n|t:|1781446192\n|switch|p1a: Rotom|Rotom-Frost, L87|229/229\n|move|p2a: Deoxys|Superpower|p1a: Rotom\n|-supereffective|p1a: Rotom\n|-damage|p1a: Rotom|52/229\n|-unboost|p2a: Deoxys|atk|1\n|-unboost|p2a: Deoxys|def|1\n|-damage|p2a: Deoxys|195/216|[from] item: Life Orb\n|\n|upkeep\n|turn|2\n|\n|t:|1781446204\n|switch|p1a: Golurk|Golurk, L87|297/297\n|move|p2a: Deoxys|Superpower|p1a: Golurk\n|-immune|p1a: Golurk\n|\n|upkeep\n|turn|3\n|\n|t:|1781446223\n|switch|p2a: Squawkabilly|Squawkabilly-Blue, L85, F, shiny|278/278\n|move|p1a: Golurk|Poltergeist|p2a: Squawkabilly\n|-immune|p2a: Squawkabilly\n|\n|-status|p2a: Squawkabilly|brn|[from] item: Flame Orb\n|upkeep\n|turn|4\n|\n|t:|1781446232\n|move|p2a: Squawkabilly|Brave Bird|p1a: Golurk\n|-damage|p1a: Golurk|108/297\n|-damage|p2a: Squawkabilly|216/278 brn|[from] Recoil\n|move|p1a: Golurk|Dynamic Punch|p2a: Squawkabilly\n|-damage|p2a: Squawkabilly|51/278 brn\n|-start|p2a: Squawkabilly|confusion\n|-damage|p1a: Golurk|79/297|[from] item: Life Orb\n|\n|-damage|p2a: Squawkabilly|34/278 brn|[from] brn\n|upkeep\n|turn|5\n|\n|t:|1781446245\n|switch|p1a: Rotom|Rotom-Frost, L87|52/229\n|-activate|p2a: Squawkabilly|confusion\n|move|p2a: Squawkabilly|Brave Bird|p1a: Rotom\n|-resisted|p1a: Rotom\n|-crit|p1a: Rotom\n|-damage|p1a: Rotom|0 fnt\n|faint|p1a: Rotom\n|-damage|p2a: Squawkabilly|17/278 brn|[from] Recoil\n|\n|-damage|p2a: Squawkabilly|0 fnt|[from] brn\n|faint|p2a: Squawkabilly\n|upkeep\n|\n|t:|1781446256\n|switch|p2a: Deoxys|Deoxys-Speed, L82|195/216\n|switch|p1a: Chansey|Chansey, L85, F|564/564\n|-ability|p2a: Deoxys|Pressure\n|turn|6\n|\n|t:|1781446263\n|-terastallize|p1a: Chansey|Ghost\n|move|p2a: Deoxys|Superpower|p1a: Chansey\n|-immune|p1a: Chansey\n|move|p1a: Chansey|Thunder Wave|p2a: Deoxys\n|-status|p2a: Deoxys|par\n|\n|upkeep\n|turn|7\n|c|\u2606BlazenFL97|lol okay bro\n|\n|t:|1781446279\n|move|p2a: Deoxys|Knock Off|p1a: Chansey\n|-supereffective|p1a: Chansey\n|-damage|p1a: Chansey|164/564\n|-enditem|p1a: Chansey|Eviolite|[from] move: Knock Off|[of] p2a: Deoxys\n|-damage|p2a: Deoxys|174/216 par|[from] item: Life Orb\n|move|p1a: Chansey|Seismic Toss|p2a: Deoxys\n|-damage|p2a: Deoxys|89/216 par\n|\n|upkeep\n|turn|8\n|\n|t:|1781446285\n|switch|p1a: Serperior|Serperior, L79, F|248/248\n|move|p2a: Deoxys|Knock Off|p1a: Serperior\n|-damage|p1a: Serperior|170/248\n|-enditem|p1a: Serperior|Life Orb|[from] move: Knock Off|[of] p2a: Deoxys\n|-damage|p2a: Deoxys|68/216 par|[from] item: Life Orb\n|\n|upkeep\n|turn|9\n|\n|t:|1781446293\n|switch|p2a: Torkoal|Torkoal, L88, M|266/266\n|-weather|SunnyDay|[from] ability: Drought|[of] p2a: Torkoal\n|move|p1a: Serperior|Leaf Storm|p2a: Torkoal\n|-resisted|p2a: Torkoal\n|-damage|p2a: Torkoal|208/266\n|-boost|p1a: Serperior|spa|2\n|\n|-weather|SunnyDay|[upkeep]\n|upkeep\n|turn|10\n|\n|t:|1781446299\n|move|p1a: Serperior|Glare|p2a: Torkoal\n|-status|p2a: Torkoal|par\n|cant|p2a: Torkoal|par\n|\n|-weather|SunnyDay|[upkeep]\n|upkeep\n|turn|11\n|\n|t:|1781446303\n|move|p1a: Serperior|Dragon Pulse|p2a: Torkoal\n|-damage|p2a: Torkoal|100/266 par\n|cant|p2a: Torkoal|par\n|\n|-weather|SunnyDay|[upkeep]\n|upkeep\n|turn|12\n|\n|t:|1781446307\n|move|p1a: Serperior|Leaf Storm|p2a: Torkoal\n|-resisted|p2a: Torkoal\n|-crit|p2a: Torkoal\n|-damage|p2a: Torkoal|0 fnt\n|-boost|p1a: Serperior|spa|2\n|faint|p2a: Torkoal\n|\n|-weather|SunnyDay|[upkeep]\n|upkeep\n|c|\u2606BlazenFL97|Gayyyyyyyyyyyyyyyyyy\n|\n|t:|1781446320\n|switch|p2a: Regidrago|Regidrago, L77|435/435\n|turn|13\n|\n|t:|1781446325\n|move|p1a: Serperior|Dragon Pulse|p2a: Regidrago\n|-supereffective|p2a: Regidrago\n|-damage|p2a: Regidrago|0 fnt\n|faint|p2a: Regidrago\n|\n|-weather|none\n|upkeep\n|\n|t:|1781446331\n|switch|p2a: Garganacl|Garganacl, L80, F|291/291\n|turn|14\n|-message|BlazenFL97 forfeited.\n|\n|win|Shaqatk\n", "uploadtime": 1781446315, "views": 2, "formatid": "gen9randombattle", "rating": null, "private": 0, "password": null}