{"id": "gen9randombattle-2631394623", "format": "[Gen 9] Random Battle", "players": ["Gon03", "discodiscogoodgood"], "log": "|j|\u2606Gon03\n|j|\u2606discodiscogoodgood\n|t:|1781379470\n|gametype|singles\n|player|p1|Gon03|102|1947\n|player|p2|discodiscogoodgood|musician|2033\n|gen|9\n|tier|[Gen 9] Random Battle\n|rated|\n|rule|Species Clause: Limit one of each Pok\u00e9mon\n|rule|HP Percentage Mod: HP is shown in percentages\n|rule|Sleep Clause Mod: Limit one foe put to sleep\n|rule|Illusion Level Mod: Illusion disguises the Pok\u00e9mon's true level\n|\n|t:|1781379470\n|teamsize|p1|6\n|teamsize|p2|6\n|start\n|switch|p1a: Regigigas|Regigigas, L84|322/322\n|switch|p2a: Minior|Minior-Yellow, L79|224/224\n|-start|p1a: Regigigas|ability: Slow Start\n|-formechange|p2a: Minior|Minior-Meteor||[from] ability: Shields Down\n|turn|1\n|inactive|Battle timer is ON: inactive players will automatically lose when time's up. (requested by Gon03)\n|\n|t:|1781379485\n|switch|p2a: Piloswine|Piloswine, L85, M|309/309\n|move|p1a: Regigigas|Substitute|p1a: Regigigas\n|-start|p1a: Regigigas|Substitute\n|-damage|p1a: Regigigas|242/322\n|\n|-heal|p1a: Regigigas|262/322|[from] item: Leftovers\n|upkeep\n|turn|2\n|\n|t:|1781379493\n|move|p2a: Piloswine|Stealth Rock|p1a: Regigigas\n|-sidestart|p1: Gon03|move: Stealth Rock\n|move|p1a: Regigigas|Knock Off|p2a: Piloswine\n|-damage|p2a: Piloswine|275/309\n|-enditem|p2a: Piloswine|Eviolite|[from] move: Knock Off|[of] p1a: Regigigas\n|\n|-heal|p1a: Regigigas|282/322|[from] item: Leftovers\n|upkeep\n|turn|3\n|\n|t:|1781379504\n|move|p1a: Regigigas|Protect|p1a: Regigigas\n|-singleturn|p1a: Regigigas|Protect\n|move|p2a: Piloswine|Roar|p1a: Regigigas\n|drag|p1a: Falinks|Falinks, L84|246/246\n|-damage|p1a: Falinks|231/246|[from] Stealth Rock\n|\n|upkeep\n|turn|4\n|\n|t:|1781379514\n|switch|p2a: Azumarill|Azumarill, L82, F|298/298\n|move|p1a: Falinks|Close Combat|p2a: Azumarill\n|-resisted|p2a: Azumarill\n|-damage|p2a: Azumarill|212/298\n|-unboost|p1a: Falinks|def|1\n|-unboost|p1a: Falinks|spd|1\n|-damage|p1a: Falinks|207/246|[from] item: Life Orb\n|\n|upkeep\n|turn|5\n|\n|t:|1781379520\n|switch|p1a: Weezing|Weezing, L88, F|258/258\n|-damage|p1a: Weezing|226/258|[from] Stealth Rock\n|move|p2a: Azumarill|Liquidation|p1a: Weezing\n|-crit|p1a: Weezing\n|-damage|p1a: Weezing|55/258\n|\n|-heal|p1a: Weezing|71/258|[from] item: Leftovers\n|upkeep\n|turn|6\n|\n|t:|1781379527\n|switch|p2a: Archaludon|Archaludon, L78, F|268/268\n|move|p1a: Weezing|Pain Split|p2a: Archaludon\n|-sethp|p2a: Archaludon|169/268|[from] move: Pain Split|[silent]\n|-sethp|p1a: Weezing|169/258|[from] move: Pain Split\n|\n|-heal|p1a: Weezing|185/258|[from] item: Leftovers\n|upkeep\n|turn|7\n|\n|t:|1781379534\n|switch|p2a: Galvantula|Galvantula, L82, M|249/249\n|move|p1a: Weezing|Toxic Spikes|p2a: Galvantula\n|-sidestart|p2: discodiscogoodgood|move: Toxic Spikes\n|\n|-heal|p1a: Weezing|201/258|[from] item: Leftovers\n|upkeep\n|turn|8\n|\n|t:|1781379546\n|move|p2a: Galvantula|Sticky Web|p1a: Weezing\n|-sidestart|p1: Gon03|move: Sticky Web\n|move|p1a: Weezing|Toxic Spikes|p2a: Galvantula\n|-sidestart|p2: discodiscogoodgood|move: Toxic Spikes\n|\n|-heal|p1a: Weezing|217/258|[from] item: Leftovers\n|upkeep\n|turn|9\n|\n|t:|1781379551\n|move|p2a: Galvantula|Thunder|p1a: Weezing\n|-damage|p1a: Weezing|85/258\n|move|p1a: Weezing|Fire Blast|p2a: Galvantula\n|-supereffective|p2a: Galvantula\n|-damage|p2a: Galvantula|37/249\n|-status|p2a: Galvantula|brn\n|\n|-heal|p1a: Weezing|101/258|[from] item: Leftovers\n|-damage|p2a: Galvantula|22/249 brn|[from] brn\n|upkeep\n|turn|10\n|\n|t:|1781379556\n|move|p2a: Galvantula|Thunder|p1a: Weezing\n|-damage|p1a: Weezing|0 fnt\n|faint|p1a: Weezing\n|\n|-damage|p2a: Galvantula|7/249 brn|[from] brn\n|upkeep\n|\n|t:|1781379570\n|switch|p1a: Falinks|Falinks, L84|207/246\n|-damage|p1a: Falinks|192/246|[from] Stealth Rock\n|-activate|p1a: Falinks|move: Sticky Web\n|-unboost|p1a: Falinks|spe|1\n|-ability|p1a: Falinks|Defiant|boost\n|-boost|p1a: Falinks|atk|2\n|turn|11\n|\n|t:|1781379587\n|move|p2a: Galvantula|Thunder|p1a: Falinks\n|-damage|p1a: Falinks|59/246\n|move|p1a: Falinks|Knock Off|p2a: Galvantula\n|-damage|p2a: Galvantula|0 fnt\n|-enditem|p2a: Galvantula|Heavy-Duty Boots|[from] move: Knock Off|[of] p1a: Falinks\n|faint|p2a: Galvantula\n|-damage|p1a: Falinks|35/246|[from] item: Life Orb\n|\n|upkeep\n|\n|t:|1781379604\n|switch|p2a: Corviknight|Corviknight, L80, F|288/288\n|-ability|p2a: Corviknight|Pressure\n|turn|12\n|\n|t:|1781379608\n|move|p2a: Corviknight|Brave Bird|p1a: Falinks\n|-supereffective|p1a: Falinks\n|-damage|p1a: Falinks|0 fnt\n|faint|p1a: Falinks\n|-damage|p2a: Corviknight|276/288|[from] Recoil\n|\n|upkeep\n|\n|t:|1781379616\n|switch|p1a: Manaphy|Manaphy, L78|284/284\n|-damage|p1a: Manaphy|249/284|[from] Stealth Rock\n|-activate|p1a: Manaphy|move: Sticky Web\n|-unboost|p1a: Manaphy|spe|1\n|turn|13\n|\n|t:|1781379623\n|move|p2a: Corviknight|U-turn|p1a: Manaphy\n|-damage|p1a: Manaphy|208/284\n|\n|t:|1781379626\n|switch|p2a: Azumarill|Azumarill, L82, F|212/298|[from] U-turn\n|-status|p2a: Azumarill|tox\n|move|p1a: Manaphy|Tail Glow|p1a: Manaphy\n|-boost|p1a: Manaphy|spa|3\n|\n|-heal|p1a: Manaphy|225/284|[from] item: Leftovers\n|-damage|p2a: Azumarill|194/298 tox|[from] psn\n|upkeep\n|turn|14\n|\n|t:|1781379631\n|move|p1a: Manaphy|Energy Ball|p2a: Azumarill\n|-supereffective|p2a: Azumarill\n|-damage|p2a: Azumarill|0 fnt\n|faint|p2a: Azumarill\n|\n|-heal|p1a: Manaphy|242/284|[from] item: Leftovers\n|upkeep\n|\n|t:|1781379638\n|switch|p2a: Archaludon|Archaludon, L78, F|169/268\n|turn|15\n|\n|t:|1781379648\n|move|p2a: Archaludon|Outrage|p1a: Manaphy\n|-damage|p1a: Manaphy|116/284\n|move|p1a: Manaphy|Ice Beam|p2a: Archaludon\n|-damage|p2a: Archaludon|0 fnt\n|faint|p2a: Archaludon\n|\n|-heal|p1a: Manaphy|133/284|[from] item: Leftovers\n|upkeep\n|\n|t:|1781379653\n|switch|p2a: Corviknight|Corviknight, L80, F|276/288\n|-ability|p2a: Corviknight|Pressure\n|turn|16\n|\n|t:|1781379659\n|move|p2a: Corviknight|Brave Bird|p1a: Manaphy\n|-damage|p1a: Manaphy|18/284\n|-damage|p2a: Corviknight|238/288|[from] Recoil\n|move|p1a: Manaphy|Surf|p2a: Corviknight\n|-damage|p2a: Corviknight|6/288\n|\n|-heal|p1a: Manaphy|35/284|[from] item: Leftovers\n|upkeep\n|turn|17\n|\n|t:|1781379669\n|move|p2a: Corviknight|U-turn|p1a: Manaphy\n|-crit|p1a: Manaphy\n|-damage|p1a: Manaphy|0 fnt\n|faint|p1a: Manaphy\n|\n|t:|1781379673\n|switch|p2a: Piloswine|Piloswine, L85, M|275/309|[from] U-turn\n|-status|p2a: Piloswine|tox\n|\n|-damage|p2a: Piloswine|256/309 tox|[from] psn\n|upkeep\n|\n|t:|1781379678\n|switch|p1a: Skarmory|Skarmory, L80, F|235/235\n|-damage|p1a: Skarmory|206/235|[from] Stealth Rock\n|turn|18\n|\n|t:|1781379685\n|move|p1a: Skarmory|Brave Bird|p2a: Piloswine\n|-damage|p2a: Piloswine|154/309 tox\n|-damage|p1a: Skarmory|172/235|[from] Recoil\n|move|p2a: Piloswine|Roar|p1a: Skarmory\n|drag|p1a: Regigigas|Regigigas, L84|282/322\n|-damage|p1a: Regigigas|242/322|[from] Stealth Rock\n|-activate|p1a: Regigigas|move: Sticky Web\n|-unboost|p1a: Regigigas|spe|1\n|-start|p1a: Regigigas|ability: Slow Start\n|\n|-heal|p1a: Regigigas|262/322|[from] item: Leftovers\n|-damage|p2a: Piloswine|116/309 tox|[from] psn\n|upkeep\n|turn|19\n|\n|t:|1781379688\n|move|p1a: Regigigas|Protect|p1a: Regigigas\n|-singleturn|p1a: Regigigas|Protect\n|move|p2a: Piloswine|Roar|p1a: Regigigas\n|drag|p1a: Skarmory|Skarmory, L80, F|172/235\n|-damage|p1a: Skarmory|143/235|[from] Stealth Rock\n|\n|-damage|p2a: Piloswine|59/309 tox|[from] psn\n|upkeep\n|turn|20\n|\n|t:|1781379698\n|move|p1a: Skarmory|Roost|p1a: Skarmory\n|-heal|p1a: Skarmory|235/235\n|-singleturn|p1a: Skarmory|move: Roost\n|move|p2a: Piloswine|Roar|p1a: Skarmory\n|drag|p1a: Salamence|Salamence, L77, M|273/273\n|-ability|p1a: Salamence|Intimidate|boost\n|-unboost|p2a: Piloswine|atk|1\n|\n|-damage|p2a: Piloswine|0 fnt|[from] psn\n|faint|p2a: Piloswine\n|upkeep\n|\n|t:|1781379707\n|switch|p2a: Minior|Minior-Yellow, L79|224/224\n|-formechange|p2a: Minior|Minior-Meteor||[from] ability: Shields Down\n|turn|21\n|\n|t:|1781379715\n|switch|p1a: Skarmory|Skarmory, L80, F|235/235\n|-damage|p1a: Skarmory|206/235|[from] Stealth Rock\n|move|p2a: Minior|Shell Smash|p2a: Minior\n|-unboost|p2a: Minior|def|1\n|-unboost|p2a: Minior|spd|1\n|-boost|p2a: Minior|atk|2\n|-boost|p2a: Minior|spa|2\n|-boost|p2a: Minior|spe|2\n|-enditem|p2a: Minior|White Herb\n|-clearnegativeboost|p2a: Minior|[silent]\n|\n|upkeep\n|turn|22\n|\n|t:|1781379718\n|move|p2a: Minior|Power Gem|p1a: Skarmory\n|-damage|p1a: Skarmory|71/235\n|move|p1a: Skarmory|Whirlwind|p2a: Minior\n|drag|p2a: Corviknight|Corviknight, L80, F|6/288\n|-ability|p2a: Corviknight|Pressure\n|\n|upkeep\n|turn|23\n|\n|t:|1781379724\n|move|p1a: Skarmory|Brave Bird|p2a: Corviknight\n|-resisted|p2a: Corviknight\n|-damage|p2a: Corviknight|0 fnt\n|-damage|p1a: Skarmory|32/235|[from] item: Rocky Helmet|[of] p2a: Corviknight\n|faint|p2a: Corviknight\n|-damage|p1a: Skarmory|30/235|[from] Recoil\n|\n|upkeep\n|\n|t:|1781379729\n|switch|p2a: Minior|Minior-Yellow, L79|224/224\n|-formechange|p2a: Minior|Minior-Meteor||[from] ability: Shields Down\n|turn|24\n|\n|t:|1781379734\n|move|p1a: Skarmory|Brave Bird|p2a: Minior\n|-resisted|p2a: Minior\n|-damage|p2a: Minior|173/224\n|-damage|p1a: Skarmory|13/235|[from] Recoil\n|move|p2a: Minior|Shell Smash|p2a: Minior\n|-unboost|p2a: Minior|def|1\n|-unboost|p2a: Minior|spd|1\n|-boost|p2a: Minior|atk|2\n|-boost|p2a: Minior|spa|2\n|-boost|p2a: Minior|spe|2\n|\n|upkeep\n|turn|25\n|\n|t:|1781379744\n|move|p2a: Minior|Shell Smash|p2a: Minior\n|-unboost|p2a: Minior|def|1\n|-unboost|p2a: Minior|spd|1\n|-boost|p2a: Minior|atk|2\n|-boost|p2a: Minior|spa|2\n|-boost|p2a: Minior|spe|2\n|move|p1a: Skarmory|Brave Bird|p2a: Minior\n|-resisted|p2a: Minior\n|-damage|p2a: Minior|79/224\n|-damage|p1a: Skarmory|0 fnt|[from] Recoil\n|faint|p1a: Skarmory\n|\n|-formechange|p2a: Minior|Minior-Yellow||[from] ability: Shields Down\n|upkeep\n|\n|t:|1781379750\n|switch|p1a: Salamence|Salamence, L77, M|273/273\n|-ability|p1a: Salamence|Intimidate|boost\n|-unboost|p2a: Minior|atk|1\n|turn|26\n|\n|t:|1781379755\n|-terastallize|p1a: Salamence|Steel\n|move|p2a: Minior|Acrobatics|p1a: Salamence\n|-resisted|p1a: Salamence\n|-damage|p1a: Salamence|116/273\n|move|p1a: Salamence|Outrage|p2a: Minior\n|-damage|p2a: Minior|0 fnt\n|faint|p2a: Minior\n|\n|win|Gon03\n", "uploadtime": 1781379472, "views": 6, "formatid": "gen9randombattle", "rating": null, "private": 0, "password": null}