{"id": "gen9randombattle-2631717259", "format": "[Gen 9] Random Battle", "players": ["junghoking", "Ahosora"], "log": "|j|\u2606junghoking\n|j|\u2606Ahosora\n|t:|1781427652\n|gametype|singles\n|player|p1|junghoking|nate|1928\n|player|p2|Ahosora|170|1865\n|gen|9\n|tier|[Gen 9] Random Battle\n|rated|\n|rule|Species Clause: Limit one of each Pok\u00e9mon\n|rule|HP Percentage Mod: HP is shown in percentages\n|rule|Sleep Clause Mod: Limit one foe put to sleep\n|rule|Illusion Level Mod: Illusion disguises the Pok\u00e9mon's true level\n|\n|t:|1781427652\n|teamsize|p1|6\n|teamsize|p2|6\n|start\n|switch|p1a: Carbink|Carbink, L90|236/236\n|switch|p2a: Glastrier|Glastrier, L86|312/312\n|turn|1\n|inactive|Battle timer is ON: inactive players will automatically lose when time's up. (requested by Ahosora)\n|l|\u2606junghoking\n|inactive|junghoking disconnected and has a minute to reconnect!\n|player|p1|\n|\n|t:|1781427675\n|switch|p2a: Hippowdon|Hippowdon, L82, M|311/311\n|-weather|Sandstorm|[from] ability: Sand Stream|[of] p2a: Hippowdon\n|move|p1a: Carbink|Iron Defense|p1a: Carbink\n|-boost|p1a: Carbink|def|2\n|\n|-weather|Sandstorm|[upkeep]\n|upkeep\n|turn|2\n|j|\u2606junghoking\n|inactive|junghoking reconnected and has 145 seconds left.\n|player|p1|junghoking|nate|\n|\n|t:|1781427687\n|move|p1a: Carbink|Iron Defense|p1a: Carbink\n|-boost|p1a: Carbink|def|2\n|move|p2a: Hippowdon|Stealth Rock|p1a: Carbink\n|-sidestart|p1: junghoking|move: Stealth Rock\n|\n|-weather|Sandstorm|[upkeep]\n|upkeep\n|turn|3\n|\n|t:|1781427690\n|move|p1a: Carbink|Body Press|p2a: Hippowdon\n|-damage|p2a: Hippowdon|89/311\n|move|p2a: Hippowdon|Whirlwind|p1a: Carbink\n|drag|p1a: Breloom|Breloom, L83, F|235/235\n|-damage|p1a: Breloom|221/235|[from] Stealth Rock\n|\n|-weather|Sandstorm|[upkeep]\n|-damage|p1a: Breloom|207/235|[from] Sandstorm\n|-heal|p2a: Hippowdon|108/311|[from] item: Leftovers\n|upkeep\n|turn|4\n|\n|t:|1781427701\n|switch|p2a: Slowbro|Slowbro-Galar, L87, M|307/307\n|move|p1a: Breloom|Bullet Seed|p2a: Slowbro\n|-resisted|p2a: Slowbro\n|-damage|p2a: Slowbro|280/307\n|-resisted|p2a: Slowbro\n|-damage|p2a: Slowbro|253/307\n|-resisted|p2a: Slowbro\n|-damage|p2a: Slowbro|226/307\n|-resisted|p2a: Slowbro\n|-damage|p2a: Slowbro|199/307\n|-hitcount|p2a: Slowbro|4\n|-damage|p1a: Breloom|184/235|[from] item: Life Orb\n|\n|-weather|Sandstorm|[upkeep]\n|-damage|p1a: Breloom|170/235|[from] Sandstorm\n|-damage|p2a: Slowbro|180/307|[from] Sandstorm\n|upkeep\n|turn|5\n|inactive|junghoking has 120 seconds left.\n|\n|t:|1781427733\n|move|p1a: Breloom|Bullet Seed|p2a: Slowbro\n|-resisted|p2a: Slowbro\n|-damage|p2a: Slowbro|151/307\n|-resisted|p2a: Slowbro\n|-damage|p2a: Slowbro|124/307\n|-resisted|p2a: Slowbro\n|-damage|p2a: Slowbro|97/307\n|-hitcount|p2a: Slowbro|3\n|-damage|p1a: Breloom|147/235|[from] item: Life Orb\n|move|p2a: Slowbro|Shell Side Arm|p1a: Breloom|[anim] Shell Side Arm Special\n|-supereffective|p1a: Breloom\n|-damage|p1a: Breloom|0 fnt\n|-hint|Special Shell Side Arm\n|faint|p1a: Breloom\n|-damage|p2a: Slowbro|67/307|[from] item: Life Orb\n|\n|-weather|none\n|upkeep\n|\n|t:|1781427737\n|switch|p1a: Cyclizar|Cyclizar, L83, F|252/252\n|turn|6\n|\n|t:|1781427743\n|switch|p2a: Hippowdon|Hippowdon, L82, M|108/311\n|-weather|Sandstorm|[from] ability: Sand Stream|[of] p2a: Hippowdon\n|move|p1a: Cyclizar|Knock Off|p2a: Hippowdon\n|-damage|p2a: Hippowdon|52/311\n|-enditem|p2a: Hippowdon|Leftovers|[from] move: Knock Off|[of] p1a: Cyclizar\n|\n|-weather|Sandstorm|[upkeep]\n|-damage|p1a: Cyclizar|237/252|[from] Sandstorm\n|upkeep\n|turn|7\n|\n|t:|1781427748\n|move|p1a: Cyclizar|Rapid Spin|p2a: Hippowdon\n|-damage|p2a: Hippowdon|10/311\n|-boost|p1a: Cyclizar|spe|1\n|-sideend|p1: junghoking|Stealth Rock|[from] move: Rapid Spin|[of] p1a: Cyclizar\n|move|p2a: Hippowdon|Whirlwind|p1a: Cyclizar\n|drag|p1a: Carbink|Carbink, L90|236/236\n|\n|-weather|Sandstorm|[upkeep]\n|upkeep\n|turn|8\n|\n|t:|1781427756\n|move|p1a: Carbink|Body Press|p2a: Hippowdon\n|-damage|p2a: Hippowdon|0 fnt\n|faint|p2a: Hippowdon\n|\n|-weather|Sandstorm|[upkeep]\n|upkeep\n|\n|t:|1781427771\n|switch|p2a: Volcanion|Volcanion, L79|255/255\n|turn|9\n|\n|t:|1781427782\n|switch|p1a: Cyclizar|Cyclizar, L83, F|252/252\n|move|p2a: Volcanion|Steam Eruption|p1a: Cyclizar\n|-resisted|p1a: Cyclizar\n|-damage|p1a: Cyclizar|125/252\n|-status|p1a: Cyclizar|brn\n|\n|-weather|Sandstorm|[upkeep]\n|-damage|p1a: Cyclizar|110/252 brn|[from] Sandstorm\n|-damage|p2a: Volcanion|240/255|[from] Sandstorm\n|-damage|p1a: Cyclizar|95/252 brn|[from] brn\n|upkeep\n|turn|10\n|\n|t:|1781427795\n|switch|p2a: Spiritomb|Spiritomb, L89, M|234/234\n|move|p1a: Cyclizar|Draco Meteor|p2a: Spiritomb\n|-damage|p2a: Spiritomb|131/234\n|-unboost|p1a: Cyclizar|spa|2\n|\n|-weather|none\n|-heal|p2a: Spiritomb|145/234|[from] item: Leftovers\n|-damage|p1a: Cyclizar|80/252 brn|[from] brn\n|upkeep\n|turn|11\n|\n|t:|1781427802\n|move|p1a: Cyclizar|Draco Meteor|p2a: Spiritomb\n|-damage|p2a: Spiritomb|99/234\n|-unboost|p1a: Cyclizar|spa|2\n|move|p2a: Spiritomb|Foul Play|p1a: Cyclizar\n|-damage|p1a: Cyclizar|0 fnt\n|faint|p1a: Cyclizar\n|\n|-heal|p2a: Spiritomb|113/234|[from] item: Leftovers\n|upkeep\n|\n|t:|1781427808\n|switch|p1a: Illumise|Illumise, L91, F|266/266\n|turn|12\n|\n|t:|1781427817\n|move|p1a: Illumise|Bug Buzz|p2a: Spiritomb\n|-damage|p2a: Spiritomb|40/234\n|move|p2a: Spiritomb|Pain Split|p1a: Illumise\n|-sethp|p1a: Illumise|153/266|[from] move: Pain Split|[silent]\n|-sethp|p2a: Spiritomb|153/234|[from] move: Pain Split\n|\n|-heal|p2a: Spiritomb|167/234|[from] item: Leftovers\n|upkeep\n|turn|13\n|\n|t:|1781427823\n|switch|p2a: Volcanion|Volcanion, L79|240/255\n|move|p1a: Illumise|Bug Buzz|p2a: Volcanion\n|-resisted|p2a: Volcanion\n|-damage|p2a: Volcanion|190/255\n|\n|upkeep\n|turn|14\n|\n|t:|1781427829\n|switch|p1a: Carbink|Carbink, L90|236/236\n|move|p2a: Volcanion|Steam Eruption|p1a: Carbink\n|-supereffective|p1a: Carbink\n|-damage|p1a: Carbink|0 fnt\n|faint|p1a: Carbink\n|\n|upkeep\n|\n|t:|1781427835\n|switch|p1a: Kilowattrel|Kilowattrel, L83, F|252/252\n|turn|15\n|\n|t:|1781427844\n|switch|p2a: Spiritomb|Spiritomb, L89, M|167/234\n|move|p1a: Kilowattrel|Discharge|p2a: Spiritomb\n|-damage|p2a: Spiritomb|88/234\n|-status|p2a: Spiritomb|par\n|\n|-heal|p2a: Spiritomb|102/234 par|[from] item: Leftovers\n|upkeep\n|turn|16\n|\n|t:|1781427846\n|move|p1a: Kilowattrel|Discharge|p2a: Spiritomb\n|-damage|p2a: Spiritomb|32/234 par\n|move|p2a: Spiritomb|Pain Split|p1a: Kilowattrel\n|-sethp|p1a: Kilowattrel|142/252|[from] move: Pain Split|[silent]\n|-sethp|p2a: Spiritomb|142/234 par|[from] move: Pain Split\n|\n|-heal|p2a: Spiritomb|156/234 par|[from] item: Leftovers\n|upkeep\n|turn|17\n|\n|t:|1781427854\n|move|p1a: Kilowattrel|Discharge|p2a: Spiritomb\n|-damage|p2a: Spiritomb|89/234 par\n|move|p2a: Spiritomb|Poltergeist|p1a: Kilowattrel\n|-activate|p1a: Kilowattrel|move: Poltergeist|Heavy-Duty Boots\n|-damage|p1a: Kilowattrel|0 fnt\n|faint|p1a: Kilowattrel\n|\n|-heal|p2a: Spiritomb|103/234 par|[from] item: Leftovers\n|upkeep\n|\n|t:|1781427862\n|switch|p1a: Illumise|Illumise, L91, F|153/266\n|turn|18\n|\n|t:|1781427865\n|move|p1a: Illumise|Bug Buzz|p2a: Spiritomb\n|-damage|p2a: Spiritomb|25/234 par\n|move|p2a: Spiritomb|Pain Split|p1a: Illumise\n|-sethp|p1a: Illumise|89/266|[from] move: Pain Split|[silent]\n|-sethp|p2a: Spiritomb|89/234 par|[from] move: Pain Split\n|\n|-heal|p2a: Spiritomb|103/234 par|[from] item: Leftovers\n|upkeep\n|turn|19\n|\n|t:|1781427874\n|move|p2a: Spiritomb|Shadow Sneak|p1a: Illumise\n|-damage|p1a: Illumise|41/266\n|move|p1a: Illumise|Bug Buzz|p2a: Spiritomb\n|-damage|p2a: Spiritomb|28/234 par\n|\n|-heal|p2a: Spiritomb|42/234 par|[from] item: Leftovers\n|upkeep\n|turn|20\n|\n|t:|1781427877\n|cant|p2a: Spiritomb|par\n|move|p1a: Illumise|Bug Buzz|p2a: Spiritomb\n|-damage|p2a: Spiritomb|0 fnt\n|faint|p2a: Spiritomb\n|\n|upkeep\n|\n|t:|1781427892\n|switch|p2a: Glastrier|Glastrier, L86|312/312\n|turn|21\n|\n|t:|1781427895\n|move|p1a: Illumise|Thunder Wave|p2a: Glastrier\n|-status|p2a: Glastrier|par\n|move|p2a: Glastrier|Icicle Crash|p1a: Illumise\n|-damage|p1a: Illumise|0 fnt\n|faint|p1a: Illumise\n|-ability|p2a: Glastrier|Chilling Neigh|boost\n|-boost|p2a: Glastrier|atk|1\n|\n|upkeep\n|\n|t:|1781427898\n|switch|p1a: Espathra|Espathra, L80, F|283/283\n|turn|22\n|\n|t:|1781427911\n|move|p1a: Espathra|Substitute|p1a: Espathra\n|-start|p1a: Espathra|Substitute\n|-damage|p1a: Espathra|213/283\n|cant|p2a: Glastrier|par\n|\n|-heal|p1a: Espathra|230/283|[from] item: Leftovers\n|-ability|p1a: Espathra|Speed Boost|boost\n|-boost|p1a: Espathra|spe|1\n|upkeep\n|turn|23\n|\n|t:|1781427914\n|move|p1a: Espathra|Calm Mind|p1a: Espathra\n|-boost|p1a: Espathra|spa|1\n|-boost|p1a: Espathra|spd|1\n|move|p2a: Glastrier|Icicle Crash|p1a: Espathra\n|-end|p1a: Espathra|Substitute\n|\n|-heal|p1a: Espathra|247/283|[from] item: Leftovers\n|-ability|p1a: Espathra|Speed Boost|boost\n|-boost|p1a: Espathra|spe|1\n|upkeep\n|turn|24\n|\n|t:|1781427918\n|switch|p2a: Slowbro|Slowbro-Galar, L87, M|169/307\n|move|p1a: Espathra|Substitute|p1a: Espathra\n|-start|p1a: Espathra|Substitute\n|-damage|p1a: Espathra|177/283\n|\n|-heal|p1a: Espathra|194/283|[from] item: Leftovers\n|-ability|p1a: Espathra|Speed Boost|boost\n|-boost|p1a: Espathra|spe|1\n|upkeep\n|turn|25\n|\n|t:|1781427923\n|move|p1a: Espathra|Calm Mind|p1a: Espathra\n|-boost|p1a: Espathra|spa|1\n|-boost|p1a: Espathra|spd|1\n|move|p2a: Slowbro|Trick Room|p2a: Slowbro\n|-fieldstart|move: Trick Room|[of] p2a: Slowbro\n|\n|-heal|p1a: Espathra|211/283|[from] item: Leftovers\n|-ability|p1a: Espathra|Speed Boost|boost\n|-boost|p1a: Espathra|spe|1\n|upkeep\n|turn|26\n|\n|t:|1781427931\n|switch|p2a: Volcarona|Volcarona, L77, F|257/257\n|move|p1a: Espathra|Substitute|p1a: Espathra\n|-fail|p1a: Espathra|move: Substitute\n|\n|-heal|p1a: Espathra|228/283|[from] item: Leftovers\n|-ability|p1a: Espathra|Speed Boost|boost\n|-boost|p1a: Espathra|spe|1\n|upkeep\n|turn|27\n|\n|t:|1781427939\n|move|p2a: Volcarona|Quiver Dance|p2a: Volcarona\n|-boost|p2a: Volcarona|spa|1\n|-boost|p2a: Volcarona|spd|1\n|-boost|p2a: Volcarona|spe|1\n|move|p1a: Espathra|Calm Mind|p1a: Espathra\n|-boost|p1a: Espathra|spa|1\n|-boost|p1a: Espathra|spd|1\n|\n|-heal|p1a: Espathra|245/283|[from] item: Leftovers\n|-ability|p1a: Espathra|Speed Boost|boost\n|-boost|p1a: Espathra|spe|1\n|upkeep\n|turn|28\n|\n|t:|1781427941\n|move|p2a: Volcarona|Quiver Dance|p2a: Volcarona\n|-boost|p2a: Volcarona|spa|1\n|-boost|p2a: Volcarona|spd|1\n|-boost|p2a: Volcarona|spe|1\n|move|p1a: Espathra|Calm Mind|p1a: Espathra\n|-boost|p1a: Espathra|spa|1\n|-boost|p1a: Espathra|spd|1\n|\n|-heal|p1a: Espathra|262/283|[from] item: Leftovers\n|upkeep\n|turn|29\n|\n|t:|1781427943\n|move|p2a: Volcarona|Quiver Dance|p2a: Volcarona\n|-boost|p2a: Volcarona|spa|1\n|-boost|p2a: Volcarona|spd|1\n|-boost|p2a: Volcarona|spe|1\n|move|p1a: Espathra|Calm Mind|p1a: Espathra\n|-boost|p1a: Espathra|spa|1\n|-boost|p1a: Espathra|spd|1\n|\n|-heal|p1a: Espathra|279/283|[from] item: Leftovers\n|-fieldend|move: Trick Room\n|upkeep\n|turn|30\n|\n|t:|1781427949\n|move|p1a: Espathra|Calm Mind|p1a: Espathra\n|-boost|p1a: Espathra|spa|1\n|-boost|p1a: Espathra|spd|1\n|move|p2a: Volcarona|Tera Blast|p1a: Espathra\n|-activate|p1a: Espathra|move: Substitute|[damage]\n|\n|-heal|p1a: Espathra|283/283|[from] item: Leftovers\n|upkeep\n|turn|31\n|\n|t:|1781427951\n|move|p1a: Espathra|Stored Power|p2a: Volcarona\n|-damage|p2a: Volcarona|0 fnt\n|faint|p2a: Volcarona\n|\n|upkeep\n|\n|t:|1781427954\n|switch|p2a: Slowbro|Slowbro-Galar, L87, M|271/307\n|turn|32\n|\n|t:|1781427956\n|move|p1a: Espathra|Stored Power|p2a: Slowbro\n|-damage|p2a: Slowbro|0 fnt\n|faint|p2a: Slowbro\n|\n|upkeep\n|\n|t:|1781427957\n|switch|p2a: Volcanion|Volcanion, L79|190/255\n|turn|33\n|\n|t:|1781427959\n|move|p1a: Espathra|Stored Power|p2a: Volcanion\n|-damage|p2a: Volcanion|0 fnt\n|faint|p2a: Volcanion\n|\n|upkeep\n|\n|t:|1781427960\n|switch|p2a: Glastrier|Glastrier, L86|312/312 par\n|turn|34\n|\n|t:|1781427962\n|move|p1a: Espathra|Stored Power|p2a: Glastrier\n|-damage|p2a: Glastrier|0 fnt\n|faint|p2a: Glastrier\n|\n|win|junghoking\n|raw|junghoking's rating: 1928 &rarr; <strong>1944</strong><br />(+16 for winning)\n|raw|Ahosora's rating: 1865 &rarr; <strong>1849</strong><br />(-16 for losing)\n", "uploadtime": 1781427962, "views": 2, "formatid": "gen9randombattle", "rating": 1849, "private": 0, "password": null}