{"id": "gen9randombattle-2631783036", "format": "[Gen 9] Random Battle", "players": ["kees420", "seraf11"], "log": "|j|\u2606kees420\n|j|\u2606seraf11\n|t:|1781438962\n|gametype|singles\n|player|p1|kees420|firebreather|1115\n|player|p2|seraf11|rocketgrunt|1145\n|gen|9\n|tier|[Gen 9] Random Battle\n|rated|\n|rule|Species Clause: Limit one of each Pok\u00e9mon\n|rule|HP Percentage Mod: HP is shown in percentages\n|rule|Sleep Clause Mod: Limit one foe put to sleep\n|rule|Illusion Level Mod: Illusion disguises the Pok\u00e9mon's true level\n|\n|t:|1781438962\n|teamsize|p1|6\n|teamsize|p2|6\n|start\n|switch|p1a: Sceptile|Sceptile, L87, M|264/264\n|switch|p2a: Clefable|Clefable, L83, F|293/293\n|turn|1\n|\n|t:|1781439005\n|switch|p2a: Skarmory|Skarmory, L80, M|235/235\n|move|p1a: Sceptile|Swords Dance|p1a: Sceptile\n|-boost|p1a: Sceptile|atk|2\n|\n|upkeep\n|turn|2\n|\n|t:|1781439041\n|-terastallize|p1a: Sceptile|Rock\n|move|p1a: Sceptile|Rock Slide|p2a: Skarmory\n|-damage|p2a: Skarmory|82/235\n|-damage|p1a: Sceptile|238/264|[from] item: Life Orb\n|move|p2a: Skarmory|Iron Defense|p2a: Skarmory\n|-boost|p2a: Skarmory|def|2\n|\n|-heal|p2a: Skarmory|96/235|[from] item: Leftovers\n|upkeep\n|turn|3\n|\n|t:|1781439058\n|move|p1a: Sceptile|Rock Slide|p2a: Skarmory\n|-damage|p2a: Skarmory|17/235\n|-damage|p1a: Sceptile|212/264|[from] item: Life Orb\n|move|p2a: Skarmory|Roost|p2a: Skarmory\n|-heal|p2a: Skarmory|135/235\n|-singleturn|p2a: Skarmory|move: Roost\n|\n|-heal|p2a: Skarmory|149/235|[from] item: Leftovers\n|upkeep\n|turn|4\n|\n|t:|1781439080\n|move|p1a: Sceptile|Swords Dance|p1a: Sceptile\n|-boost|p1a: Sceptile|atk|2\n|move|p2a: Skarmory|Roost|p2a: Skarmory\n|-heal|p2a: Skarmory|235/235\n|-singleturn|p2a: Skarmory|move: Roost\n|\n|upkeep\n|turn|5\n|\n|t:|1781439088\n|move|p1a: Sceptile|Rock Slide|p2a: Skarmory\n|-damage|p2a: Skarmory|134/235\n|-damage|p1a: Sceptile|186/264|[from] item: Life Orb\n|move|p2a: Skarmory|Iron Defense|p2a: Skarmory\n|-boost|p2a: Skarmory|def|2\n|\n|-heal|p2a: Skarmory|148/235|[from] item: Leftovers\n|upkeep\n|turn|6\n|\n|t:|1781439099\n|move|p1a: Sceptile|Rock Slide|p2a: Skarmory\n|-damage|p2a: Skarmory|69/235\n|-damage|p1a: Sceptile|160/264|[from] item: Life Orb\n|move|p2a: Skarmory|Body Press|p1a: Sceptile\n|-supereffective|p1a: Sceptile\n|-damage|p1a: Sceptile|0 fnt\n|faint|p1a: Sceptile\n|\n|-heal|p2a: Skarmory|83/235|[from] item: Leftovers\n|upkeep\n|\n|t:|1781439110\n|switch|p1a: Glaceon|Glaceon, L94, F|275/275\n|turn|7\n|inactive|Battle timer is ON: inactive players will automatically lose when time's up. (requested by kees420)\n|\n|t:|1781439164\n|move|p1a: Glaceon|Calm Mind|p1a: Glaceon\n|-boost|p1a: Glaceon|spa|1\n|-boost|p1a: Glaceon|spd|1\n|move|p2a: Skarmory|Body Press|p1a: Glaceon\n|-supereffective|p1a: Glaceon\n|-damage|p1a: Glaceon|0 fnt\n|faint|p1a: Glaceon\n|\n|-heal|p2a: Skarmory|97/235|[from] item: Leftovers\n|upkeep\n|inactive|kees420 has 120 seconds left.\n|\n|t:|1781439210\n|switch|p1a: Urshifu|Urshifu, L74, M|270/270\n|turn|8\n|\n|t:|1781439230\n|-terastallize|p2a: Skarmory|Fighting\n|move|p1a: Urshifu|Close Combat|p2a: Skarmory\n|-damage|p2a: Skarmory|57/235\n|-unboost|p1a: Urshifu|def|1\n|-unboost|p1a: Urshifu|spd|1\n|-damage|p1a: Urshifu|243/270|[from] item: Life Orb\n|move|p2a: Skarmory|Roost|p2a: Skarmory\n|-heal|p2a: Skarmory|175/235\n|\n|-heal|p2a: Skarmory|189/235|[from] item: Leftovers\n|upkeep\n|turn|9\n|inactive|kees420 has 120 seconds left.\n|\n|t:|1781439280\n|switch|p1a: Gardevoir|Gardevoir, L83, F|249/249\n|-ability|p1a: Gardevoir|Sturdy|Trace|[from] ability: Trace|[of] p2a: Skarmory\n|move|p2a: Skarmory|Body Press|p1a: Gardevoir\n|-resisted|p1a: Gardevoir\n|-damage|p1a: Gardevoir|149/249\n|\n|-heal|p2a: Skarmory|203/235|[from] item: Leftovers\n|upkeep\n|turn|10\n|\n|t:|1781439301\n|move|p1a: Gardevoir|Moonblast|p2a: Skarmory\n|-supereffective|p2a: Skarmory\n|-damage|p2a: Skarmory|0 fnt\n|faint|p2a: Skarmory\n|\n|upkeep\n|inactive|seraf11 has 120 seconds left.\n|\n|t:|1781439341\n|switch|p2a: Clefable|Clefable, L83, F|293/293\n|turn|11\n|inactive|kees420 has 90 seconds left.\n|inactive|kees420 has 60 seconds left.\n|inactive|kees420 has 30 seconds left.\n|inactive|kees420 has 20 seconds left.\n|inactive|kees420 has 15 seconds left.\n|inactive|kees420 has 10 seconds left.\n|inactive|kees420 has 5 seconds left.\n|-message|kees420 lost due to inactivity.\n|\n|win|seraf11\n|raw|kees420's rating: 1115 &rarr; <strong>1092</strong><br />(-23 for losing)\n|raw|seraf11's rating: 1145 &rarr; <strong>1168</strong><br />(+23 for winning)\n|l|\u2606kees420\n|player|p1|\n|j|\u2606kees420\n|player|p1|kees420|firebreather|\n|l|\u2606kees420\n|player|p1|\n", "uploadtime": 1781439527, "views": 2, "formatid": "gen9randombattle", "rating": 1092, "private": 0, "password": null}