{"id": "gen9randombattle-2631751562", "format": "[Gen 9] Random Battle", "players": ["SGA4MVP23", "mundigsters"], "log": "|j|\u2606SGA4MVP23\n|j|\u2606mundigsters\n|t:|1781433806\n|gametype|singles\n|player|p1|SGA4MVP23|marshal|1922\n|player|p2|mundigsters|2|1952\n|gen|9\n|tier|[Gen 9] Random Battle\n|rated|\n|rule|Species Clause: Limit one of each Pok\u00e9mon\n|rule|HP Percentage Mod: HP is shown in percentages\n|rule|Sleep Clause Mod: Limit one foe put to sleep\n|rule|Illusion Level Mod: Illusion disguises the Pok\u00e9mon's true level\n|\n|t:|1781433806\n|teamsize|p1|6\n|teamsize|p2|6\n|start\n|switch|p1a: Archaludon|Archaludon, L78, M|268/268\n|switch|p2a: Rhydon|Rhydon, L85, F|317/317\n|turn|1\n|inactive|Battle timer is ON: inactive players will automatically lose when time's up. (requested by SGA4MVP23)\n|\n|t:|1781433841\n|move|p1a: Archaludon|Swords Dance|p1a: Archaludon\n|-boost|p1a: Archaludon|atk|2\n|move|p2a: Rhydon|Earthquake|p1a: Archaludon\n|-supereffective|p1a: Archaludon\n|-damage|p1a: Archaludon|62/268\n|-ability|p1a: Archaludon|Stamina|boost\n|-boost|p1a: Archaludon|def|1\n|\n|upkeep\n|turn|2\n|\n|t:|1781433853\n|move|p1a: Archaludon|Iron Head|p2a: Rhydon\n|-supereffective|p2a: Rhydon\n|-damage|p2a: Rhydon|141/317\n|move|p2a: Rhydon|Earthquake|p1a: Archaludon\n|-supereffective|p1a: Archaludon\n|-damage|p1a: Archaludon|0 fnt\n|faint|p1a: Archaludon\n|\n|upkeep\n|\n|t:|1781433867\n|switch|p1a: Inteleon|Inteleon, L81, M|246/246\n|turn|3\n|\n|t:|1781433873\n|move|p1a: Inteleon|Scald|p2a: Rhydon\n|-supereffective|p2a: Rhydon\n|-damage|p2a: Rhydon|0 fnt\n|faint|p2a: Rhydon\n|\n|upkeep\n|\n|t:|1781433885\n|switch|p2a: Mandibuzz|Mandibuzz, L85, F|326/326\n|turn|4\n|\n|t:|1781433895\n|switch|p1a: Iron Treads|Iron Treads, L77|265/265\n|switch|p2a: Tatsugiri|Tatsugiri, L87, M|260/260\n|\n|upkeep\n|turn|5\n|\n|t:|1781433911\n|move|p1a: Iron Treads|Earthquake|p2a: Tatsugiri\n|-damage|p2a: Tatsugiri|122/260\n|move|p2a: Tatsugiri|Rapid Spin|p1a: Iron Treads\n|-resisted|p1a: Iron Treads\n|-damage|p1a: Iron Treads|256/265\n|-boost|p2a: Tatsugiri|spe|1\n|\n|-heal|p1a: Iron Treads|265/265|[from] item: Leftovers\n|upkeep\n|turn|6\n|\n|t:|1781433929\n|-end|p1a: Iron Treads|Quark Drive|[silent]\n|switch|p1a: Inteleon|Inteleon, L81, M|246/246\n|move|p2a: Tatsugiri|Hydro Pump|p1a: Inteleon|[miss]\n|-miss|p2a: Tatsugiri|p1a: Inteleon\n|\n|upkeep\n|turn|7\n|\n|t:|1781433935\n|move|p2a: Tatsugiri|Draco Meteor|p1a: Inteleon|[miss]\n|-miss|p2a: Tatsugiri|p1a: Inteleon\n|move|p1a: Inteleon|Ice Beam|p2a: Tatsugiri\n|-damage|p2a: Tatsugiri|19/260\n|\n|upkeep\n|turn|8\n|\n|t:|1781433938\n|move|p2a: Tatsugiri|Draco Meteor|p1a: Inteleon\n|-damage|p1a: Inteleon|42/246\n|-unboost|p2a: Tatsugiri|spa|2\n|move|p1a: Inteleon|Ice Beam|p2a: Tatsugiri\n|-damage|p2a: Tatsugiri|0 fnt\n|faint|p2a: Tatsugiri\n|\n|upkeep\n|\n|t:|1781433950\n|switch|p2a: Houndoom|Houndoom, L87, M|272/272\n|turn|9\n|\n|t:|1781433972\n|switch|p1a: Raichu|Raichu-Alola, L87, M|246/246\n|move|p2a: Houndoom|Fire Blast|p1a: Raichu|[miss]\n|-miss|p2a: Houndoom|p1a: Raichu\n|\n|upkeep\n|turn|10\n|\n|t:|1781433982\n|move|p1a: Raichu|Thunderbolt|p2a: Houndoom\n|-damage|p2a: Houndoom|126/272\n|-damage|p1a: Raichu|222/246|[from] item: Life Orb\n|move|p2a: Houndoom|Dark Pulse|p1a: Raichu\n|-supereffective|p1a: Raichu\n|-damage|p1a: Raichu|16/246\n|\n|upkeep\n|turn|11\n|\n|t:|1781433991\n|move|p2a: Houndoom|Sucker Punch|p1a: Raichu\n|-supereffective|p1a: Raichu\n|-damage|p1a: Raichu|0 fnt\n|faint|p1a: Raichu\n|\n|upkeep\n|\n|t:|1781434010\n|switch|p1a: Iron Treads|Iron Treads, L77|265/265\n|turn|12\n|\n|t:|1781434017\n|-terastallize|p1a: Iron Treads|Ghost\n|move|p2a: Houndoom|Fire Blast|p1a: Iron Treads\n|-damage|p1a: Iron Treads|88/265\n|move|p1a: Iron Treads|Rapid Spin|p2a: Houndoom\n|-damage|p2a: Houndoom|81/272\n|-boost|p1a: Iron Treads|spe|1\n|\n|-heal|p1a: Iron Treads|104/265|[from] item: Leftovers\n|upkeep\n|turn|13\n|\n|t:|1781434026\n|move|p2a: Houndoom|Sucker Punch|p1a: Iron Treads\n|-supereffective|p1a: Iron Treads\n|-damage|p1a: Iron Treads|0 fnt\n|faint|p1a: Iron Treads\n|-end|p1a: Iron Treads|Quark Drive|[silent]\n|\n|upkeep\n|\n|t:|1781434032\n|switch|p1a: Ribombee|Ribombee, L83, M|235/235\n|turn|14\n|\n|t:|1781434038\n|-terastallize|p2a: Houndoom|Fire\n|move|p1a: Ribombee|Moonblast|p2a: Houndoom\n|-resisted|p2a: Houndoom\n|-damage|p2a: Houndoom|28/272\n|move|p2a: Houndoom|Fire Blast|p1a: Ribombee\n|-supereffective|p1a: Ribombee\n|-damage|p1a: Ribombee|0 fnt\n|faint|p1a: Ribombee\n|\n|upkeep\n|\n|t:|1781434046\n|switch|p1a: Mismagius|Mismagius, L86, F|243/243\n|turn|15\n|\n|t:|1781434052\n|move|p2a: Houndoom|Sucker Punch|p1a: Mismagius\n|-supereffective|p1a: Mismagius\n|-crit|p1a: Mismagius\n|-damage|p1a: Mismagius|0 fnt\n|faint|p1a: Mismagius\n|\n|upkeep\n|-message|SGA4MVP23 forfeited.\n|\n|win|mundigsters\n", "uploadtime": 1781433808, "views": 3, "formatid": "gen9randombattle", "rating": null, "private": 0, "password": null}