{"id": "gen9randombattle-2631645479", "format": "[Gen 9] Random Battle", "players": ["Jadasteel", "Ze Memerr"], "log": "|j|\u2606Jadasteel\n|j|\u2606Ze Memerr\n|t:|1781414094\n|gametype|singles\n|player|p1|Jadasteel|fantina|2042\n|player|p2|Ze Memerr|2|1986\n|gen|9\n|tier|[Gen 9] Random Battle\n|rated|\n|rule|Species Clause: Limit one of each Pok\u00e9mon\n|rule|HP Percentage Mod: HP is shown in percentages\n|rule|Sleep Clause Mod: Limit one foe put to sleep\n|rule|Illusion Level Mod: Illusion disguises the Pok\u00e9mon's true level\n|\n|t:|1781414094\n|teamsize|p1|6\n|teamsize|p2|6\n|start\n|switch|p1a: Jumpluff|Jumpluff, L87, F|271/271\n|switch|p2a: Rhyperior|Rhyperior, L82, F|323/323\n|turn|1\n|inactive|Battle timer is ON: inactive players will automatically lose when time's up. (requested by Ze Memerr)\n|\n|t:|1781414117\n|switch|p2a: Blaziken|Blaziken, L76, M|247/247\n|move|p1a: Jumpluff|U-turn|p2a: Blaziken\n|-resisted|p2a: Blaziken\n|-damage|p2a: Blaziken|235/247\n|\n|t:|1781414133\n|switch|p1a: Samurott|Samurott-Hisui, L77, M|265/265|[from] U-turn\n|\n|upkeep\n|turn|2\n|\n|t:|1781414148\n|switch|p2a: Luxray|Luxray, L88, M|284/284\n|-ability|p2a: Luxray|Intimidate|boost\n|-unboost|p1a: Samurott|atk|1\n|move|p1a: Samurott|Flip Turn|p2a: Luxray\n|-damage|p2a: Luxray|221/284\n|\n|t:|1781414162\n|switch|p1a: Blastoise|Blastoise, L80, F|258/258|[from] Flip Turn\n|\n|upkeep\n|turn|3\n|\n|t:|1781414176\n|-terastallize|p1a: Blastoise|Grass\n|move|p2a: Luxray|Wild Charge|p1a: Blastoise\n|-resisted|p1a: Blastoise\n|-damage|p1a: Blastoise|194/258\n|-damage|p2a: Luxray|205/284|[from] Recoil\n|move|p1a: Blastoise|Shell Smash|p1a: Blastoise\n|-unboost|p1a: Blastoise|def|1\n|-unboost|p1a: Blastoise|spd|1\n|-boost|p1a: Blastoise|atk|2\n|-boost|p1a: Blastoise|spa|2\n|-boost|p1a: Blastoise|spe|2\n|-enditem|p1a: Blastoise|White Herb\n|-clearnegativeboost|p1a: Blastoise|[silent]\n|\n|upkeep\n|turn|4\n|\n|t:|1781414199\n|move|p1a: Blastoise|Shell Smash|p1a: Blastoise\n|-unboost|p1a: Blastoise|def|1\n|-unboost|p1a: Blastoise|spd|1\n|-boost|p1a: Blastoise|atk|2\n|-boost|p1a: Blastoise|spa|2\n|-boost|p1a: Blastoise|spe|2\n|move|p2a: Luxray|Volt Switch|p1a: Blastoise\n|-resisted|p1a: Blastoise\n|-damage|p1a: Blastoise|135/258\n|\n|t:|1781414209\n|switch|p2a: Blissey|Blissey, L85, F|572/572|[from] Volt Switch\n|\n|upkeep\n|turn|5\n|\n|t:|1781414216\n|move|p1a: Blastoise|Hydro Pump|p2a: Blissey\n|-crit|p2a: Blissey\n|-damage|p2a: Blissey|263/572\n|move|p2a: Blissey|Thunder Wave|p1a: Blastoise\n|-status|p1a: Blastoise|par\n|\n|-heal|p2a: Blissey|298/572|[from] item: Leftovers\n|upkeep\n|turn|6\n|\n|t:|1781414224\n|cant|p1a: Blastoise|par\n|move|p2a: Blissey|Seismic Toss|p1a: Blastoise\n|-damage|p1a: Blastoise|50/258 par\n|\n|-heal|p2a: Blissey|333/572|[from] item: Leftovers\n|upkeep\n|turn|7\n|\n|t:|1781414229\n|cant|p1a: Blastoise|par\n|move|p2a: Blissey|Seismic Toss|p1a: Blastoise\n|-damage|p1a: Blastoise|0 fnt\n|faint|p1a: Blastoise\n|\n|-heal|p2a: Blissey|368/572|[from] item: Leftovers\n|upkeep\n|\n|t:|1781414236\n|switch|p1a: Samurott|Samurott-Hisui, L77, M|265/265\n|turn|8\n|\n|t:|1781414239\n|switch|p2a: Luxray|Luxray, L88, M|205/284\n|-ability|p2a: Luxray|Intimidate|boost\n|-unboost|p1a: Samurott|atk|1\n|move|p1a: Samurott|Ceaseless Edge|p2a: Luxray\n|-damage|p2a: Luxray|106/284\n|-sidestart|p2: Ze Memerr|Spikes\n|\n|upkeep\n|turn|9\n|\n|t:|1781414249\n|switch|p1a: Jumpluff|Jumpluff, L87, F|271/271\n|move|p2a: Luxray|Wild Charge|p1a: Jumpluff\n|-damage|p1a: Jumpluff|132/271\n|-damage|p2a: Luxray|71/284|[from] Recoil\n|\n|upkeep\n|turn|10\n|\n|t:|1781414255\n|move|p1a: Jumpluff|Strength Sap|p2a: Luxray\n|-unboost|p2a: Luxray|atk|1\n|-heal|p1a: Jumpluff|271/271\n|move|p2a: Luxray|Wild Charge|p1a: Jumpluff\n|-damage|p1a: Jumpluff|175/271\n|-damage|p2a: Luxray|47/284|[from] Recoil\n|\n|upkeep\n|turn|11\n|\n|t:|1781414264\n|move|p1a: Jumpluff|Acrobatics|p2a: Luxray\n|-resisted|p2a: Luxray\n|-damage|p2a: Luxray|6/284\n|move|p2a: Luxray|Volt Switch|p1a: Jumpluff\n|-damage|p1a: Jumpluff|99/271\n|\n|t:|1781414270\n|switch|p2a: Blaziken|Blaziken, L76, M|235/247|[from] Volt Switch\n|-damage|p2a: Blaziken|205/247|[from] Spikes\n|\n|upkeep\n|turn|12\n|\n|t:|1781414277\n|move|p1a: Jumpluff|Acrobatics|p2a: Blaziken\n|-supereffective|p2a: Blaziken\n|-damage|p2a: Blaziken|0 fnt\n|faint|p2a: Blaziken\n|\n|upkeep\n|\n|t:|1781414287\n|switch|p2a: Blastoise|Blastoise, L80, F|258/258\n|-damage|p2a: Blastoise|226/258|[from] Spikes\n|turn|13\n|\n|t:|1781414295\n|move|p1a: Jumpluff|Strength Sap|p2a: Blastoise\n|-unboost|p2a: Blastoise|atk|1\n|-heal|p1a: Jumpluff|236/271\n|-enditem|p2a: Blastoise|White Herb\n|-clearnegativeboost|p2a: Blastoise|[silent]\n|move|p2a: Blastoise|Shell Smash|p2a: Blastoise\n|-unboost|p2a: Blastoise|def|1\n|-unboost|p2a: Blastoise|spd|1\n|-boost|p2a: Blastoise|atk|2\n|-boost|p2a: Blastoise|spa|2\n|-boost|p2a: Blastoise|spe|2\n|\n|upkeep\n|turn|14\n|\n|t:|1781414304\n|switch|p1a: Goodra|Goodra-Hisui, L82, F|265/265\n|move|p2a: Blastoise|Ice Beam|p1a: Goodra\n|-damage|p1a: Goodra|214/265\n|\n|upkeep\n|turn|15\n|\n|t:|1781414315\n|switch|p2a: Luxray|Luxray, L88, M|6/284\n|-damage|p2a: Luxray|0 fnt|[from] Spikes\n|faint|p2a: Luxray\n|move|p1a: Goodra|Draco Meteor|p2: Luxray|[notarget]\n|-fail|p1a: Goodra\n|\n|upkeep\n|\n|t:|1781414322\n|switch|p2a: Keldeo|Keldeo-Resolute, L79|273/273\n|-damage|p2a: Keldeo|239/273|[from] Spikes\n|turn|16\n|\n|t:|1781414325\n|switch|p1a: Jumpluff|Jumpluff, L87, F|236/271\n|move|p2a: Keldeo|Calm Mind|p2a: Keldeo\n|-boost|p2a: Keldeo|spa|1\n|-boost|p2a: Keldeo|spd|1\n|\n|-heal|p2a: Keldeo|256/273|[from] item: Leftovers\n|upkeep\n|turn|17\n|\n|t:|1781414335\n|switch|p2a: Rhyperior|Rhyperior, L82, F|323/323\n|-damage|p2a: Rhyperior|283/323|[from] Spikes\n|move|p1a: Jumpluff|Encore||[still]\n|-fail|p1a: Jumpluff\n|\n|upkeep\n|turn|18\n|\n|t:|1781414346\n|move|p1a: Jumpluff|U-turn|p2a: Rhyperior\n|-damage|p2a: Rhyperior|254/323\n|\n|t:|1781414348\n|switch|p1a: Samurott|Samurott-Hisui, L77, M|265/265|[from] U-turn\n|move|p2a: Rhyperior|Stone Edge|p1a: Samurott\n|-damage|p1a: Samurott|115/265\n|\n|upkeep\n|turn|19\n|\n|t:|1781414359\n|switch|p2a: Keldeo|Keldeo-Resolute, L79|256/273\n|-damage|p2a: Keldeo|222/273|[from] Spikes\n|move|p1a: Samurott|Razor Shell|p2a: Keldeo\n|-resisted|p2a: Keldeo\n|-damage|p2a: Keldeo|133/273\n|\n|-heal|p2a: Keldeo|150/273|[from] item: Leftovers\n|upkeep\n|turn|20\n|\n|t:|1781414368\n|switch|p1a: Jumpluff|Jumpluff, L87, F|236/271\n|move|p2a: Keldeo|Substitute|p2a: Keldeo\n|-start|p2a: Keldeo|Substitute\n|-damage|p2a: Keldeo|82/273\n|\n|-heal|p2a: Keldeo|99/273|[from] item: Leftovers\n|upkeep\n|turn|21\n|\n|t:|1781414375\n|move|p1a: Jumpluff|Acrobatics|p2a: Keldeo\n|-supereffective|p2a: Keldeo\n|-damage|p2a: Keldeo|0 fnt\n|faint|p2a: Keldeo\n|\n|upkeep\n|\n|t:|1781414383\n|switch|p2a: Rhyperior|Rhyperior, L82, F|254/323\n|-damage|p2a: Rhyperior|214/323|[from] Spikes\n|turn|22\n|\n|t:|1781414390\n|move|p1a: Jumpluff|Strength Sap|p2a: Rhyperior\n|-unboost|p2a: Rhyperior|atk|1\n|-heal|p1a: Jumpluff|271/271\n|move|p2a: Rhyperior|Dragon Tail|p1a: Jumpluff|[miss]\n|-miss|p2a: Rhyperior|p1a: Jumpluff\n|\n|upkeep\n|turn|23\n|\n|t:|1781414398\n|move|p1a: Jumpluff|Encore|p2a: Rhyperior\n|-start|p2a: Rhyperior|Encore\n|move|p2a: Rhyperior|Dragon Tail|p1a: Jumpluff\n|-damage|p1a: Jumpluff|233/271\n|drag|p1a: Lugia|Lugia, L73|275/275\n|\n|upkeep\n|turn|24\n|\n|t:|1781414405\n|move|p1a: Lugia|Psychic Noise|p2a: Rhyperior\n|-damage|p2a: Rhyperior|154/323\n|-start|p2a: Rhyperior|move: Heal Block\n|move|p2a: Rhyperior|Dragon Tail|p1a: Lugia\n|-damage|p1a: Lugia|261/275\n|drag|p1a: Goodra|Goodra-Hisui, L82, F|214/265\n|\n|upkeep\n|turn|25\n|\n|t:|1781414413\n|move|p1a: Goodra|Hydro Pump|p2a: Rhyperior\n|-supereffective|p2a: Rhyperior\n|-damage|p2a: Rhyperior|0 fnt\n|faint|p2a: Rhyperior\n|\n|upkeep\n|\n|t:|1781414416\n|switch|p2a: Blissey|Blissey, L85, F|368/572\n|-damage|p2a: Blissey|297/572|[from] Spikes\n|turn|26\n|\n|t:|1781414421\n|move|p1a: Goodra|Heavy Slam|p2a: Blissey\n|-damage|p2a: Blissey|0 fnt\n|faint|p2a: Blissey\n|\n|upkeep\n|\n|t:|1781414423\n|switch|p2a: Blastoise|Blastoise, L80, F|226/258\n|-damage|p2a: Blastoise|194/258|[from] Spikes\n|turn|27\n|\n|t:|1781414427\n|move|p2a: Blastoise|Shell Smash|p2a: Blastoise\n|-unboost|p2a: Blastoise|def|1\n|-unboost|p2a: Blastoise|spd|1\n|-boost|p2a: Blastoise|atk|2\n|-boost|p2a: Blastoise|spa|2\n|-boost|p2a: Blastoise|spe|2\n|move|p1a: Goodra|Draco Meteor|p2a: Blastoise\n|-damage|p2a: Blastoise|0 fnt\n|-unboost|p1a: Goodra|spa|2\n|faint|p2a: Blastoise\n|\n|win|Jadasteel\n|raw|Jadasteel's rating: 2042 &rarr; <strong>2059</strong><br />(+17 for winning)\n|raw|Ze Memerr's rating: 1986 &rarr; <strong>1969</strong><br />(-17 for losing)\n", "uploadtime": 1781414096, "views": 3, "formatid": "gen9randombattle", "rating": 1969, "private": 0, "password": null}