{"id": "gen9randombattle-2631973024", "format": "[Gen 9] Random Battle", "players": ["QWEY", "ziggy26"], "log": "|j|\u2606QWEY\n|j|\u2606ziggy26\n|t:|1781461520\n|gametype|singles\n|player|p1|QWEY|grimsley|1355\n|player|p2|ziggy26|teamrocket|1385\n|gen|9\n|tier|[Gen 9] Random Battle\n|rated|\n|rule|Species Clause: Limit one of each Pok\u00e9mon\n|rule|HP Percentage Mod: HP is shown in percentages\n|rule|Sleep Clause Mod: Limit one foe put to sleep\n|rule|Illusion Level Mod: Illusion disguises the Pok\u00e9mon's true level\n|\n|t:|1781461520\n|teamsize|p1|6\n|teamsize|p2|6\n|start\n|switch|p1a: Ampharos|Ampharos, L88, M|302/302\n|switch|p2a: Incineroar|Incineroar, L82, F|290/290\n|-ability|p2a: Incineroar|Intimidate|boost\n|-unboost|p1a: Ampharos|atk|1\n|turn|1\n|c|\u2606ziggy26|glhf :3\n|c|\u2606QWEY|glhf\n|\n|t:|1781461565\n|move|p1a: Ampharos|Agility|p1a: Ampharos\n|-boost|p1a: Ampharos|spe|2\n|move|p2a: Incineroar|Trailblaze|p1a: Ampharos\n|-damage|p1a: Ampharos|265/302\n|-boost|p2a: Incineroar|spe|1\n|\n|upkeep\n|turn|2\n|\n|t:|1781461571\n|move|p1a: Ampharos|Focus Blast|p2a: Incineroar\n|-supereffective|p2a: Incineroar\n|-damage|p2a: Incineroar|0 fnt\n|faint|p2a: Incineroar\n|-damage|p1a: Ampharos|235/302|[from] item: Life Orb\n|\n|upkeep\n|\n|t:|1781461597\n|switch|p2a: Ho-Oh|Ho-Oh, L71|268/268\n|turn|3\n|\n|t:|1781461600\n|-terastallize|p2a: Ho-Oh|Ground\n|move|p1a: Ampharos|Thunderbolt|p2a: Ho-Oh\n|-immune|p2a: Ho-Oh\n|move|p2a: Ho-Oh|Earthquake|p1a: Ampharos\n|-supereffective|p1a: Ampharos\n|-damage|p1a: Ampharos|37/302\n|\n|upkeep\n|turn|4\n|\n|t:|1781461623\n|move|p1a: Ampharos|Dazzling Gleam|p2a: Ho-Oh\n|-damage|p2a: Ho-Oh|198/268\n|-damage|p1a: Ampharos|7/302|[from] item: Life Orb\n|move|p2a: Ho-Oh|Earthquake|p1a: Ampharos\n|-supereffective|p1a: Ampharos\n|-damage|p1a: Ampharos|0 fnt\n|faint|p1a: Ampharos\n|\n|upkeep\n|\n|t:|1781461633\n|switch|p1a: Articuno|Articuno, L86|295/295\n|-ability|p1a: Articuno|Pressure\n|turn|5\n|\n|t:|1781461656\n|switch|p2a: Luvdisc|Luvdisc, F|247/247\n|move|p1a: Articuno|Freeze-Dry|p2a: Luvdisc\n|-supereffective|p2a: Luvdisc\n|-damage|p2a: Luvdisc|89/247\n|\n|upkeep\n|turn|6\n|\n|t:|1781461675\n|move|p2a: Luvdisc|Endeavor|p1a: Articuno\n|-damage|p1a: Articuno|89/295\n|move|p1a: Articuno|Freeze-Dry|p2a: Luvdisc\n|-supereffective|p2a: Luvdisc\n|-damage|p2a: Luvdisc|0 fnt\n|faint|p2a: Luvdisc\n|\n|upkeep\n|\n|t:|1781461694\n|switch|p2a: Oricorio|Oricorio-Pom-Pom, L82, F|257/257\n|turn|7\n|\n|t:|1781461704\n|switch|p1a: Eelektross|Eelektross, L87, F|290/290\n|move|p2a: Oricorio|Quiver Dance|p2a: Oricorio\n|-boost|p2a: Oricorio|spa|1\n|-boost|p2a: Oricorio|spd|1\n|-boost|p2a: Oricorio|spe|1\n|\n|upkeep\n|turn|8\n|\n|t:|1781461718\n|move|p2a: Oricorio|Quiver Dance|p2a: Oricorio\n|-boost|p2a: Oricorio|spa|1\n|-boost|p2a: Oricorio|spd|1\n|-boost|p2a: Oricorio|spe|1\n|move|p1a: Eelektross|Knock Off|p2a: Oricorio\n|-damage|p2a: Oricorio|165/257\n|-enditem|p2a: Oricorio|Heavy-Duty Boots|[from] move: Knock Off|[of] p1a: Eelektross\n|\n|upkeep\n|turn|9\n|\n|t:|1781461734\n|move|p2a: Oricorio|Revelation Dance|p1a: Eelektross\n|-resisted|p1a: Eelektross\n|-damage|p1a: Eelektross|202/290\n|move|p1a: Eelektross|Knock Off|p2a: Oricorio\n|-damage|p2a: Oricorio|97/257\n|\n|-heal|p1a: Eelektross|220/290|[from] item: Leftovers\n|upkeep\n|turn|10\n|\n|t:|1781461745\n|move|p2a: Oricorio|Quiver Dance|p2a: Oricorio\n|-boost|p2a: Oricorio|spa|1\n|-boost|p2a: Oricorio|spd|1\n|-boost|p2a: Oricorio|spe|1\n|move|p1a: Eelektross|Coil|p1a: Eelektross\n|-boost|p1a: Eelektross|atk|1\n|-boost|p1a: Eelektross|def|1\n|-boost|p1a: Eelektross|accuracy|1\n|\n|-heal|p1a: Eelektross|238/290|[from] item: Leftovers\n|upkeep\n|turn|11\n|\n|t:|1781461752\n|move|p2a: Oricorio|Roost|p2a: Oricorio\n|-heal|p2a: Oricorio|226/257\n|-singleturn|p2a: Oricorio|move: Roost\n|move|p1a: Eelektross|Knock Off|p2a: Oricorio\n|-damage|p2a: Oricorio|124/257\n|\n|-heal|p1a: Eelektross|256/290|[from] item: Leftovers\n|upkeep\n|turn|12\n|\n|t:|1781461762\n|move|p2a: Oricorio|Revelation Dance|p1a: Eelektross\n|-resisted|p1a: Eelektross\n|-damage|p1a: Eelektross|136/290\n|move|p1a: Eelektross|Coil|p1a: Eelektross\n|-boost|p1a: Eelektross|atk|1\n|-boost|p1a: Eelektross|def|1\n|-boost|p1a: Eelektross|accuracy|1\n|\n|-heal|p1a: Eelektross|154/290|[from] item: Leftovers\n|upkeep\n|turn|13\n|\n|t:|1781461770\n|move|p2a: Oricorio|Hurricane|p1a: Eelektross\n|-resisted|p1a: Eelektross\n|-damage|p1a: Eelektross|4/290\n|-start|p1a: Eelektross|confusion\n|-activate|p1a: Eelektross|confusion\n|-damage|p1a: Eelektross|0 fnt|[from] confusion\n|faint|p1a: Eelektross\n|\n|upkeep\n|\n|t:|1781461783\n|switch|p1a: Articuno|Articuno, L86|89/295\n|-ability|p1a: Articuno|Pressure\n|turn|14\n|\n|t:|1781461788\n|move|p2a: Oricorio|Revelation Dance|p1a: Articuno\n|-supereffective|p1a: Articuno\n|-damage|p1a: Articuno|0 fnt\n|faint|p1a: Articuno\n|\n|upkeep\n|\n|t:|1781461798\n|switch|p1a: Mewtwo|Mewtwo, L72|272/272\n|-ability|p1a: Mewtwo|Pressure\n|turn|15\n|\n|t:|1781461820\n|move|p2a: Oricorio|Roost|p2a: Oricorio\n|-heal|p2a: Oricorio|253/257\n|-singleturn|p2a: Oricorio|move: Roost\n|move|p1a: Mewtwo|Psystrike|p2a: Oricorio\n|-damage|p2a: Oricorio|65/257\n|-damage|p1a: Mewtwo|245/272|[from] item: Life Orb\n|\n|upkeep\n|turn|16\n|\n|t:|1781461828\n|move|p2a: Oricorio|Revelation Dance|p1a: Mewtwo\n|-damage|p1a: Mewtwo|0 fnt\n|faint|p1a: Mewtwo\n|\n|upkeep\n|\n|t:|1781461834\n|switch|p1a: Spectrier|Spectrier, L75|274/274\n|turn|17\n|\n|t:|1781461852\n|move|p2a: Oricorio|Revelation Dance|p1a: Spectrier\n|-damage|p1a: Spectrier|25/274\n|move|p1a: Spectrier|Shadow Ball|p2a: Oricorio\n|-damage|p2a: Oricorio|10/257\n|-damage|p1a: Spectrier|0 fnt|[from] item: Life Orb\n|faint|p1a: Spectrier\n|\n|upkeep\n|\n|t:|1781461866\n|switch|p1a: Hitmonchan|Hitmonchan, L87, M|229/229\n|turn|18\n|\n|t:|1781461870\n|move|p2a: Oricorio|Revelation Dance|p1a: Hitmonchan\n|-damage|p1a: Hitmonchan|42/229\n|move|p1a: Hitmonchan|Knock Off|p2a: Oricorio\n|-damage|p2a: Oricorio|0 fnt\n|faint|p2a: Oricorio\n|\n|-heal|p1a: Hitmonchan|56/229|[from] item: Leftovers\n|upkeep\n|\n|t:|1781461879\n|switch|p2a: Hitmonchan|Hitmonchan, L87, M|229/229\n|turn|19\n|\n|t:|1781461885\n|move|p1a: Hitmonchan|Drain Punch|p2a: Hitmonchan\n|-damage|p2a: Hitmonchan|120/229\n|-heal|p1a: Hitmonchan|111/229|[from] drain|[of] p2a: Hitmonchan\n|move|p2a: Hitmonchan|Drain Punch|p1a: Hitmonchan\n|-damage|p1a: Hitmonchan|0 fnt\n|-heal|p2a: Hitmonchan|176/229|[from] drain|[of] p1a: Hitmonchan\n|faint|p1a: Hitmonchan\n|\n|win|ziggy26\n|raw|QWEY's rating: 1355 &rarr; <strong>1337</strong><br />(-18 for losing)\n|raw|ziggy26's rating: 1385 &rarr; <strong>1403</strong><br />(+18 for winning)\n|l|\u2606QWEY\n|player|p1|\n|c|\u2606ziggy26|gg :3\n", "uploadtime": 1781461893, "views": 2, "formatid": "gen9randombattle", "rating": 1337, "private": 0, "password": null}