{"id": "gen9randombattle-2631644522", "format": "[Gen 9] Random Battle", "players": ["monrayhudson", "JerryAlex"], "log": "|j|\u2606monrayhudson\n|j|\u2606JerryAlex\n|t:|1781413928\n|gametype|singles\n|player|p1|monrayhudson|blue|1944\n|player|p2|JerryAlex|aaron|1987\n|gen|9\n|tier|[Gen 9] Random Battle\n|rated|\n|rule|Species Clause: Limit one of each Pok\u00e9mon\n|rule|HP Percentage Mod: HP is shown in percentages\n|rule|Sleep Clause Mod: Limit one foe put to sleep\n|rule|Illusion Level Mod: Illusion disguises the Pok\u00e9mon's true level\n|\n|t:|1781413928\n|teamsize|p1|6\n|teamsize|p2|6\n|start\n|switch|p1a: Houndstone|Houndstone, L86, F|264/264\n|switch|p2a: Archaludon|Archaludon, L78, F|268/268\n|turn|1\n|\n|t:|1781413940\n|move|p2a: Archaludon|Swords Dance|p2a: Archaludon\n|-boost|p2a: Archaludon|atk|2\n|move|p1a: Houndstone|Will-O-Wisp|p2a: Archaludon\n|-status|p2a: Archaludon|brn\n|-enditem|p2a: Archaludon|Lum Berry|[eat]\n|-curestatus|p2a: Archaludon|brn|[msg]\n|\n|upkeep\n|turn|2\n|inactive|Battle timer is ON: inactive players will automatically lose when time's up. (requested by monrayhudson)\n|inactive|JerryAlex also wants the timer to be on.\n|l|\u2606monrayhudson\n|inactive|monrayhudson disconnected and has a minute to reconnect!\n|player|p1|\n|\n|t:|1781413964\n|move|p2a: Archaludon|Swords Dance|p2a: Archaludon\n|-boost|p2a: Archaludon|atk|2\n|move|p1a: Houndstone|Will-O-Wisp|p2a: Archaludon\n|-status|p2a: Archaludon|brn\n|\n|-damage|p2a: Archaludon|252/268 brn|[from] brn\n|upkeep\n|turn|3\n|j|\u2606monrayhudson\n|inactive|monrayhudson reconnected and has 140 seconds left.\n|player|p1|monrayhudson|blue|\n|inactive|monrayhudson has 120 seconds left.\n|\n|t:|1781413998\n|switch|p1a: Illumise|Illumise, L91, F|266/266\n|move|p2a: Archaludon|Swords Dance|p2a: Archaludon\n|-boost|p2a: Archaludon|atk|2\n|\n|-damage|p2a: Archaludon|236/268 brn|[from] brn\n|upkeep\n|turn|4\n|\n|t:|1781414019\n|switch|p2a: Torkoal|Torkoal, L88, M|266/266\n|-weather|SunnyDay|[from] ability: Drought|[of] p2a: Torkoal\n|move|p1a: Illumise|Encore||[still]\n|-fail|p1a: Illumise\n|\n|-weather|SunnyDay|[upkeep]\n|upkeep\n|turn|5\n|\n|t:|1781414030\n|switch|p1a: Charizard|Charizard, L85, M|271/271\n|move|p2a: Torkoal|Yawn|p1a: Charizard\n|-start|p1a: Charizard|move: Yawn|[of] p2a: Torkoal\n|\n|-weather|SunnyDay|[upkeep]\n|upkeep\n|turn|6\n|\n|t:|1781414048\n|switch|p1a: Gumshoos|Gumshoos, L95, F|321/321\n|move|p2a: Torkoal|Stealth Rock|p1a: Gumshoos\n|-sidestart|p1: monrayhudson|move: Stealth Rock\n|\n|-weather|SunnyDay|[upkeep]\n|upkeep\n|turn|7\n|\n|t:|1781414071\n|switch|p2a: Granbull|Granbull, L88, M|302/302\n|-ability|p2a: Granbull|Intimidate|boost\n|-unboost|p1a: Gumshoos|atk|1\n|move|p1a: Gumshoos|Earthquake|p2a: Granbull\n|-damage|p2a: Granbull|84/302\n|\n|-weather|SunnyDay|[upkeep]\n|-heal|p2a: Granbull|102/302|[from] item: Leftovers\n|upkeep\n|turn|8\n|\n|t:|1781414084\n|move|p1a: Gumshoos|Earthquake|p2a: Granbull\n|-damage|p2a: Granbull|0 fnt\n|faint|p2a: Granbull\n|\n|-weather|none\n|upkeep\n|\n|t:|1781414093\n|switch|p2a: Chesnaught|Chesnaught, L84, F|285/285\n|turn|9\n|\n|t:|1781414103\n|switch|p1a: Charizard|Charizard, L85, M|271/271\n|move|p2a: Chesnaught|Body Press|p1a: Charizard\n|-resisted|p1a: Charizard\n|-damage|p1a: Charizard|217/271\n|\n|upkeep\n|turn|10\n|inactive|JerryAlex has 120 seconds left.\n|\n|t:|1781414133\n|switch|p2a: Torkoal|Torkoal, L88, M|266/266\n|-weather|SunnyDay|[from] ability: Drought|[of] p2a: Torkoal\n|move|p1a: Charizard|Hurricane|p2a: Torkoal\n|-damage|p2a: Torkoal|119/266\n|-start|p2a: Torkoal|confusion\n|\n|-weather|SunnyDay|[upkeep]\n|upkeep\n|turn|11\n|\n|t:|1781414141\n|move|p1a: Charizard|Earthquake|p2a: Torkoal\n|-supereffective|p2a: Torkoal\n|-damage|p2a: Torkoal|31/266\n|-activate|p2a: Torkoal|confusion\n|-damage|p2a: Torkoal|13/266|[from] confusion\n|\n|-weather|SunnyDay|[upkeep]\n|upkeep\n|turn|12\n|inactive|JerryAlex has 120 seconds left.\n|\n|t:|1781414160\n|move|p1a: Charizard|Flamethrower|p2a: Torkoal\n|-resisted|p2a: Torkoal\n|-damage|p2a: Torkoal|0 fnt\n|faint|p2a: Torkoal\n|\n|-weather|SunnyDay|[upkeep]\n|upkeep\n|inactive|JerryAlex has 120 seconds left.\n|\n|t:|1781414173\n|switch|p2a: Glastrier|Glastrier, L86|312/312\n|turn|13\n|inactive|JerryAlex has 120 seconds left.\n|\n|t:|1781414186\n|move|p1a: Charizard|Flamethrower|p2a: Glastrier\n|-supereffective|p2a: Glastrier\n|-damage|p2a: Glastrier|22/312\n|move|p2a: Glastrier|Icicle Crash|p1a: Charizard|[miss]\n|-miss|p2a: Glastrier|p1a: Charizard\n|\n|-weather|SunnyDay|[upkeep]\n|upkeep\n|turn|14\n|\n|t:|1781414192\n|move|p1a: Charizard|Flamethrower|p2a: Glastrier\n|-supereffective|p2a: Glastrier\n|-damage|p2a: Glastrier|0 fnt\n|faint|p2a: Glastrier\n|\n|-weather|none\n|upkeep\n|inactive|JerryAlex has 120 seconds left.\n|\n|t:|1781414209\n|switch|p2a: Fezandipiti|Fezandipiti, L82, M|278/278\n|turn|15\n|inactive|JerryAlex has 120 seconds left.\n|\n|t:|1781414225\n|switch|p1a: Illumise|Illumise, L91, F|266/266\n|move|p2a: Fezandipiti|Swords Dance|p2a: Fezandipiti\n|-boost|p2a: Fezandipiti|atk|2\n|\n|upkeep\n|turn|16\n|inactive|JerryAlex has 120 seconds left.\n|\n|t:|1781414238\n|switch|p2a: Archaludon|Archaludon, L78, F|236/268 brn\n|move|p1a: Illumise|Encore||[still]\n|-fail|p1a: Illumise\n|\n|-damage|p2a: Archaludon|220/268 brn|[from] brn\n|upkeep\n|turn|17\n|inactive|JerryAlex has 120 seconds left.\n|inactive|monrayhudson has 120 seconds left.\n|inactive|monrayhudson has 90 seconds left.\n|\n|t:|1781414304\n|switch|p1a: Charizard|Charizard, L85, M|217/271\n|move|p2a: Archaludon|Iron Head|p1a: Charizard\n|-resisted|p1a: Charizard\n|-damage|p1a: Charizard|197/271\n|\n|-damage|p2a: Archaludon|204/268 brn|[from] brn\n|upkeep\n|turn|18\n|inactive|JerryAlex has 120 seconds left.\n|\n|t:|1781414321\n|move|p1a: Charizard|Flamethrower|p2a: Archaludon\n|-damage|p2a: Archaludon|47/268 brn\n|-ability|p2a: Archaludon|Stamina|boost\n|-boost|p2a: Archaludon|def|1\n|move|p2a: Archaludon|Outrage|p1a: Charizard\n|-damage|p1a: Charizard|128/271\n|\n|-damage|p2a: Archaludon|31/268 brn|[from] brn\n|upkeep\n|turn|19\n|\n|t:|1781414324\n|move|p1a: Charizard|Flamethrower|p2a: Archaludon\n|-damage|p2a: Archaludon|0 fnt\n|faint|p2a: Archaludon\n|\n|upkeep\n|inactive|JerryAlex has 120 seconds left.\n|\n|t:|1781414337\n|switch|p2a: Fezandipiti|Fezandipiti, L82, M|278/278\n|turn|20\n|inactive|JerryAlex has 120 seconds left.\n|\n|t:|1781414351\n|switch|p1a: Gumshoos|Gumshoos, L95, F|321/321\n|-damage|p1a: Gumshoos|281/321|[from] Stealth Rock\n|move|p2a: Fezandipiti|Gunk Shot|p1a: Gumshoos|[miss]\n|-miss|p2a: Fezandipiti|p1a: Gumshoos\n|\n|upkeep\n|turn|21\n|inactive|JerryAlex has 120 seconds left.\n|\n|t:|1781414357\n|switch|p2a: Chesnaught|Chesnaught, L84, F|285/285\n|move|p1a: Gumshoos|Double-Edge|p2a: Chesnaught\n|-damage|p2a: Chesnaught|0 fnt\n|faint|p2a: Chesnaught\n|-damage|p1a: Gumshoos|187/321|[from] Recoil\n|\n|upkeep\n|inactive|JerryAlex has 120 seconds left.\n|\n|t:|1781414379\n|switch|p2a: Fezandipiti|Fezandipiti, L82, M|278/278\n|turn|22\n|\n|t:|1781414393\n|move|p2a: Fezandipiti|Swords Dance|p2a: Fezandipiti\n|-boost|p2a: Fezandipiti|atk|2\n|move|p1a: Gumshoos|Double-Edge|p2a: Fezandipiti\n|-damage|p2a: Fezandipiti|0 fnt\n|faint|p2a: Fezandipiti\n|-damage|p1a: Gumshoos|95/321|[from] Recoil\n|\n|win|monrayhudson\n", "uploadtime": 1781413929, "views": 4, "formatid": "gen9randombattle", "rating": null, "private": 0, "password": null}