{"id": "gen9randombattle-2631959933", "format": "[Gen 9] Random Battle", "players": ["good pork", "Irongraf"], "log": "|j|\u2606good pork\n|j|\u2606Irongraf\n|t:|1781460092\n|gametype|singles\n|player|p1|good pork|ghetsis-gen5bw|2094\n|player|p2|Irongraf|steven|2106\n|gen|9\n|tier|[Gen 9] Random Battle\n|rated|\n|rule|Species Clause: Limit one of each Pok\u00e9mon\n|rule|HP Percentage Mod: HP is shown in percentages\n|rule|Sleep Clause Mod: Limit one foe put to sleep\n|rule|Illusion Level Mod: Illusion disguises the Pok\u00e9mon's true level\n|\n|t:|1781460092\n|teamsize|p1|6\n|teamsize|p2|6\n|start\n|switch|p1a: Glimmora|Glimmora, L75, M|248/248\n|switch|p2a: Politoed|Politoed, L88, F|302/302\n|-weather|RainDance|[from] ability: Drizzle|[of] p2a: Politoed\n|turn|1\n|inactive|Battle timer is ON: inactive players will automatically lose when time's up. (requested by Irongraf)\n|\n|t:|1781460102\n|switch|p1a: Hitmontop|Hitmontop, L88, M|231/231\n|move|p2a: Politoed|Weather Ball|p1a: Hitmontop\n|-damage|p1a: Hitmontop|33/231\n|\n|-weather|RainDance|[upkeep]\n|-heal|p1a: Hitmontop|47/231|[from] item: Leftovers\n|upkeep\n|turn|2\n|\n|t:|1781460108\n|move|p2a: Politoed|Weather Ball|p1a: Hitmontop\n|-damage|p1a: Hitmontop|0 fnt\n|faint|p1a: Hitmontop\n|\n|-weather|RainDance|[upkeep]\n|upkeep\n|\n|t:|1781460116\n|switch|p1a: Zebstrika|Zebstrika, L87, F|272/272\n|turn|3\n|\n|t:|1781460134\n|switch|p2a: Wo-Chien|Wo-Chien, L83|277/277\n|-ability|p2a: Wo-Chien|Tablets of Ruin\n|move|p1a: Zebstrika|Volt Switch|p2a: Wo-Chien\n|-resisted|p2a: Wo-Chien\n|-damage|p2a: Wo-Chien|245/277\n|-damage|p1a: Zebstrika|245/272|[from] item: Life Orb\n|\n|t:|1781460142\n|switch|p1a: Glimmora|Glimmora, L75, M|248/248|[from] Volt Switch\n|\n|-weather|RainDance|[upkeep]\n|-heal|p2a: Wo-Chien|262/277|[from] item: Leftovers\n|upkeep\n|turn|4\n|\n|t:|1781460150\n|switch|p2a: Snorlax|Snorlax, L82, M|397/397\n|move|p1a: Glimmora|Meteor Beam||[still]\n|-prepare|p1a: Glimmora|Meteor Beam\n|-boost|p1a: Glimmora|spa|1\n|-enditem|p1a: Glimmora|Power Herb\n|-anim|p1a: Glimmora|Meteor Beam|p2a: Snorlax|[miss]\n|-miss|p1a: Glimmora|p2a: Snorlax\n|\n|-weather|RainDance|[upkeep]\n|upkeep\n|turn|5\n|\n|t:|1781460158\n|move|p1a: Glimmora|Sludge Wave|p2a: Snorlax\n|-crit|p2a: Snorlax\n|-damage|p2a: Snorlax|204/397\n|move|p2a: Snorlax|Curse|p2a: Snorlax\n|-unboost|p2a: Snorlax|spe|1\n|-boost|p2a: Snorlax|atk|1\n|-boost|p2a: Snorlax|def|1\n|\n|-weather|none\n|-heal|p2a: Snorlax|228/397|[from] item: Leftovers\n|upkeep\n|turn|6\n|\n|t:|1781460169\n|move|p1a: Glimmora|Sludge Wave|p2a: Snorlax\n|-damage|p2a: Snorlax|101/397\n|move|p2a: Snorlax|Rest|p2a: Snorlax\n|-status|p2a: Snorlax|slp|[from] move: Rest\n|-heal|p2a: Snorlax|397/397 slp|[silent]\n|\n|upkeep\n|turn|7\n|\n|t:|1781460178\n|move|p1a: Glimmora|Meteor Beam||[still]\n|-prepare|p1a: Glimmora|Meteor Beam\n|-boost|p1a: Glimmora|spa|1\n|cant|p2a: Snorlax|slp\n|move|p2a: Snorlax|Sleep Talk|p2a: Snorlax\n|move|p2a: Snorlax|Rest||[from] move: Sleep Talk|[still]\n|-fail|p2a: Snorlax\n|\n|upkeep\n|turn|8\n|\n|t:|1781460186\n|move|p1a: Glimmora|Meteor Beam|p2a: Snorlax|[from] lockedmove|[miss]\n|-miss|p1a: Glimmora|p2a: Snorlax\n|cant|p2a: Snorlax|slp\n|move|p2a: Snorlax|Sleep Talk|p2a: Snorlax\n|move|p2a: Snorlax|Rest||[from] move: Sleep Talk|[still]\n|-fail|p2a: Snorlax\n|\n|upkeep\n|turn|9\n|\n|t:|1781460193\n|move|p1a: Glimmora|Sludge Wave|p2a: Snorlax\n|-damage|p2a: Snorlax|208/397 slp\n|-curestatus|p2a: Snorlax|slp|[msg]\n|move|p2a: Snorlax|Body Slam|p1a: Glimmora\n|-resisted|p1a: Glimmora\n|-damage|p1a: Glimmora|174/248\n|-activate|p1a: Glimmora|ability: Toxic Debris\n|-sidestart|p2: Irongraf|move: Toxic Spikes\n|\n|-heal|p2a: Snorlax|232/397|[from] item: Leftovers\n|upkeep\n|turn|10\n|\n|t:|1781460196\n|move|p1a: Glimmora|Sludge Wave|p2a: Snorlax\n|-damage|p2a: Snorlax|48/397\n|move|p2a: Snorlax|Body Slam|p1a: Glimmora\n|-resisted|p1a: Glimmora\n|-damage|p1a: Glimmora|92/248\n|-status|p1a: Glimmora|par\n|-activate|p1a: Glimmora|ability: Toxic Debris\n|-sidestart|p2: Irongraf|move: Toxic Spikes\n|\n|-heal|p2a: Snorlax|72/397|[from] item: Leftovers\n|upkeep\n|turn|11\n|\n|t:|1781460206\n|move|p1a: Glimmora|Sludge Wave|p2a: Snorlax\n|-damage|p2a: Snorlax|0 fnt\n|faint|p2a: Snorlax\n|\n|upkeep\n|\n|t:|1781460231\n|switch|p2a: Politoed|Politoed, L88, F|302/302\n|-status|p2a: Politoed|tox\n|-weather|RainDance|[from] ability: Drizzle|[of] p2a: Politoed\n|turn|12\n|\n|t:|1781460238\n|move|p2a: Politoed|Weather Ball|p1a: Glimmora\n|-supereffective|p1a: Glimmora\n|-damage|p1a: Glimmora|0 fnt\n|faint|p1a: Glimmora\n|\n|-weather|RainDance|[upkeep]\n|-damage|p2a: Politoed|284/302 tox|[from] psn\n|upkeep\n|\n|t:|1781460239\n|switch|p1a: Zebstrika|Zebstrika, L87, F|245/272\n|turn|13\n|\n|t:|1781460244\n|switch|p2a: Wo-Chien|Wo-Chien, L83|262/277\n|-status|p2a: Wo-Chien|tox\n|-ability|p2a: Wo-Chien|Tablets of Ruin\n|move|p1a: Zebstrika|Volt Switch|p2a: Wo-Chien\n|-resisted|p2a: Wo-Chien\n|-damage|p2a: Wo-Chien|228/277 tox\n|-damage|p1a: Zebstrika|218/272|[from] item: Life Orb\n|\n|t:|1781460247\n|switch|p1a: Zangoose|Zangoose, L85, M|263/263|[from] Volt Switch\n|\n|-weather|RainDance|[upkeep]\n|-heal|p2a: Wo-Chien|245/277 tox|[from] item: Leftovers\n|-damage|p2a: Wo-Chien|228/277 tox|[from] psn\n|-status|p1a: Zangoose|tox|[from] item: Toxic Orb\n|upkeep\n|turn|14\n|inactive|Irongraf has 120 seconds left.\n|\n|t:|1781460301\n|-terastallize|p2a: Wo-Chien|Poison\n|move|p1a: Zangoose|Facade|p2a: Wo-Chien\n|-crit|p2a: Wo-Chien\n|-damage|p2a: Wo-Chien|0 fnt\n|faint|p2a: Wo-Chien\n|\n|-weather|RainDance|[upkeep]\n|-damage|p1a: Zangoose|247/263 tox|[from] psn\n|upkeep\n|inactive|Irongraf has 90 seconds left.\n|\n|t:|1781460330\n|switch|p2a: Bombirdier|Bombirdier, L85, M|258/258\n|turn|15\n|\n|t:|1781460348\n|move|p1a: Zangoose|Facade|p2a: Bombirdier\n|-crit|p2a: Bombirdier\n|-damage|p2a: Bombirdier|0 fnt\n|faint|p2a: Bombirdier\n|\n|-weather|RainDance|[upkeep]\n|-damage|p1a: Zangoose|215/263 tox|[from] psn\n|upkeep\n|inactive|Irongraf has 90 seconds left.\n|\n|t:|1781460360\n|switch|p2a: Politoed|Politoed, L88, F|284/302 tox\n|turn|16\n|\n|t:|1781460366\n|-terastallize|p1a: Zangoose|Normal\n|move|p1a: Zangoose|Facade|p2a: Politoed\n|-damage|p2a: Politoed|0 fnt\n|faint|p2a: Politoed\n|\n|-weather|none\n|-damage|p1a: Zangoose|167/263 tox|[from] psn\n|upkeep\n|-message|Irongraf forfeited.\n|\n|win|good pork\n", "uploadtime": 1781460094, "views": 3, "formatid": "gen9randombattle", "rating": null, "private": 0, "password": null}