{"id": "gen9randombattle-2631671806", "format": "[Gen 9] Random Battle", "players": ["Especial2pe", "sdiazch"], "log": "|j|\u2606Especial2pe\n|j|\u2606sdiazch\n|t:|1781418867\n|gametype|singles\n|player|p1|Especial2pe|2|\n|player|p2|sdiazch|101|\n|gen|9\n|tier|[Gen 9] Random Battle\n|rule|Species Clause: Limit one of each Pok\u00e9mon\n|rule|HP Percentage Mod: HP is shown in percentages\n|rule|Sleep Clause Mod: Limit one foe put to sleep\n|rule|Illusion Level Mod: Illusion disguises the Pok\u00e9mon's true level\n|\n|t:|1781418867\n|teamsize|p1|6\n|teamsize|p2|6\n|start\n|switch|p1a: Eelektross|Eelektross, L87, F|290/290\n|switch|p2a: Rayquaza|Rayquaza, L72|270/270\n|-ability|p2a: Rayquaza|Air Lock\n|turn|1\n|\n|t:|1781418889\n|move|p2a: Rayquaza|Swords Dance|p2a: Rayquaza\n|-boost|p2a: Rayquaza|atk|2\n|move|p1a: Eelektross|Dragon Tail|p2a: Rayquaza\n|-supereffective|p2a: Rayquaza\n|-damage|p2a: Rayquaza|158/270\n|drag|p2a: Corviknight|Corviknight, L80, M|288/288\n|-ability|p2a: Corviknight|Pressure\n|\n|upkeep\n|turn|2\n|\n|t:|1781418905\n|switch|p2a: Groudon|Groudon, L72|263/263\n|-weather|SunnyDay|[from] ability: Drought|[of] p2a: Groudon\n|move|p1a: Eelektross|Discharge|p2a: Groudon\n|-immune|p2a: Groudon\n|\n|-weather|SunnyDay|[upkeep]\n|upkeep\n|turn|3\n|\n|t:|1781418917\n|move|p2a: Groudon|Heat Crash|p1a: Eelektross\n|-damage|p1a: Eelektross|160/290\n|move|p1a: Eelektross|U-turn|p2a: Groudon\n|-damage|p2a: Groudon|215/263\n|\n|t:|1781418926\n|switch|p1a: Moltres|Moltres-Galar, L79|271/271|[from] U-turn\n|\n|-weather|SunnyDay|[upkeep]\n|-heal|p2a: Groudon|231/263|[from] item: Leftovers\n|upkeep\n|turn|4\n|\n|t:|1781418952\n|move|p1a: Moltres|Nasty Plot|p1a: Moltres\n|-boost|p1a: Moltres|spa|2\n|move|p2a: Groudon|Heat Crash|p1a: Moltres\n|-damage|p1a: Moltres|135/271\n|-ability|p1a: Moltres|Berserk|boost\n|-boost|p1a: Moltres|spa|1\n|\n|-weather|SunnyDay|[upkeep]\n|-heal|p2a: Groudon|247/263|[from] item: Leftovers\n|upkeep\n|turn|5\n|\n|t:|1781418975\n|move|p1a: Moltres|Hurricane|p2a: Groudon\n|-damage|p2a: Groudon|0 fnt\n|faint|p2a: Groudon\n|\n|-weather|SunnyDay|[upkeep]\n|upkeep\n|\n|t:|1781418987\n|switch|p2a: Rayquaza|Rayquaza, L72|158/270\n|-ability|p2a: Rayquaza|Air Lock\n|turn|6\n|\n|t:|1781418993\n|move|p1a: Moltres|Rest|p1a: Moltres\n|-status|p1a: Moltres|slp|[from] move: Rest\n|-heal|p1a: Moltres|271/271 slp|[silent]\n|-enditem|p1a: Moltres|Chesto Berry|[eat]\n|-curestatus|p1a: Moltres|slp|[msg]\n|move|p2a: Rayquaza|Dragon Ascent|p1a: Moltres\n|-damage|p1a: Moltres|127/271\n|-unboost|p2a: Rayquaza|def|1\n|-unboost|p2a: Rayquaza|spd|1\n|-ability|p1a: Moltres|Berserk|boost\n|-boost|p1a: Moltres|spa|1\n|\n|-weather|none\n|upkeep\n|turn|7\n|\n|t:|1781419018\n|switch|p2a: Magnezone|Magnezone, L85|258/258\n|move|p1a: Moltres|Fiery Wrath|p2a: Magnezone\n|-damage|p2a: Magnezone|96/258\n|\n|upkeep\n|turn|8\n|\n|t:|1781419028\n|-terastallize|p1a: Moltres|Steel\n|move|p1a: Moltres|Fiery Wrath|p2a: Magnezone\n|-damage|p2a: Magnezone|0 fnt\n|faint|p2a: Magnezone\n|\n|upkeep\n|\n|t:|1781419041\n|switch|p2a: Gurdurr|Gurdurr, L85, F|283/283\n|turn|9\n|\n|t:|1781419054\n|-terastallize|p2a: Gurdurr|Steel\n|move|p2a: Gurdurr|Mach Punch|p1a: Moltres\n|-supereffective|p1a: Moltres\n|-damage|p1a: Moltres|25/271\n|move|p1a: Moltres|Hurricane|p2a: Gurdurr\n|-resisted|p2a: Gurdurr\n|-damage|p2a: Gurdurr|135/283\n|-start|p2a: Gurdurr|confusion\n|\n|upkeep\n|turn|10\n|\n|t:|1781419066\n|switch|p1a: Probopass|Probopass, L91, F|257/257\n|-activate|p2a: Gurdurr|confusion\n|move|p2a: Gurdurr|Mach Punch|p1a: Probopass\n|-supereffective|p1a: Probopass\n|-damage|p1a: Probopass|149/257\n|\n|upkeep\n|turn|11\n|\n|t:|1781419077\n|move|p1a: Probopass|Rest|p1a: Probopass\n|-status|p1a: Probopass|slp|[from] move: Rest\n|-heal|p1a: Probopass|257/257 slp|[silent]\n|-enditem|p1a: Probopass|Chesto Berry|[eat]\n|-curestatus|p1a: Probopass|slp|[msg]\n|-activate|p2a: Gurdurr|confusion\n|-damage|p2a: Gurdurr|104/283|[from] confusion\n|\n|upkeep\n|turn|12\n|\n|t:|1781419099\n|move|p1a: Probopass|Body Press|p2a: Gurdurr\n|-supereffective|p2a: Gurdurr\n|-damage|p2a: Gurdurr|0 fnt\n|faint|p2a: Gurdurr\n|\n|upkeep\n|\n|t:|1781419105\n|switch|p2a: Corviknight|Corviknight, L80, M|288/288\n|-ability|p2a: Corviknight|Pressure\n|turn|13\n|\n|t:|1781419114\n|move|p2a: Corviknight|Brave Bird|p1a: Probopass\n|-resisted|p1a: Probopass\n|-damage|p1a: Probopass|239/257\n|-damage|p2a: Corviknight|282/288|[from] Recoil\n|move|p1a: Probopass|Body Press|p2a: Corviknight\n|-damage|p2a: Corviknight|193/288\n|\n|-heal|p2a: Corviknight|211/288|[from] item: Leftovers\n|upkeep\n|turn|14\n|\n|t:|1781419132\n|move|p2a: Corviknight|U-turn|p1a: Probopass\n|-resisted|p1a: Probopass\n|-damage|p1a: Probopass|227/257\n|\n|t:|1781419137\n|switch|p2a: Pecharunt|Pecharunt, L77|262/262|[from] U-turn\n|move|p1a: Probopass|Iron Defense|p1a: Probopass\n|-boost|p1a: Probopass|def|2\n|\n|upkeep\n|turn|15\n|\n|t:|1781419156\n|move|p2a: Pecharunt|Shadow Ball|p1a: Probopass\n|-damage|p1a: Probopass|185/257\n|move|p1a: Probopass|Body Press|p2a: Pecharunt\n|-immune|p2a: Pecharunt\n|\n|upkeep\n|turn|16\n|\n|t:|1781419176\n|switch|p2a: Rayquaza|Rayquaza, L72|158/270\n|-ability|p2a: Rayquaza|Air Lock\n|move|p1a: Probopass|Flash Cannon|p2a: Rayquaza\n|-damage|p2a: Rayquaza|68/270\n|\n|upkeep\n|turn|17\n|\n|t:|1781419204\n|move|p2a: Rayquaza|Earthquake|p1a: Probopass\n|-supereffective|p1a: Probopass\n|-damage|p1a: Probopass|97/257\n|move|p1a: Probopass|Flash Cannon|p2a: Rayquaza\n|-damage|p2a: Rayquaza|0 fnt\n|faint|p2a: Rayquaza\n|\n|upkeep\n|\n|t:|1781419217\n|switch|p2a: Pecharunt|Pecharunt, L77|262/262\n|turn|18\n|\n|t:|1781419242\n|move|p2a: Pecharunt|Shadow Ball|p1a: Probopass\n|-damage|p1a: Probopass|55/257\n|move|p1a: Probopass|Flash Cannon|p2a: Pecharunt\n|-damage|p2a: Pecharunt|177/262\n|\n|upkeep\n|turn|19\n|\n|t:|1781419271\n|move|p2a: Pecharunt|Shadow Ball|p1a: Probopass\n|-damage|p1a: Probopass|18/257\n|move|p1a: Probopass|Flash Cannon|p2a: Pecharunt\n|-damage|p2a: Pecharunt|86/262\n|\n|upkeep\n|turn|20\n|\n|t:|1781419278\n|move|p2a: Pecharunt|Shadow Ball|p1a: Probopass\n|-damage|p1a: Probopass|0 fnt\n|faint|p1a: Probopass\n|\n|upkeep\n|\n|t:|1781419291\n|switch|p1a: Flamigo|Flamigo, L82, M|269/269\n|turn|21\n|\n|t:|1781419305\n|move|p1a: Flamigo|Throat Chop|p2a: Pecharunt\n|-supereffective|p2a: Pecharunt\n|-damage|p2a: Pecharunt|0 fnt\n|-damage|p1a: Flamigo|225/269|[from] item: Rocky Helmet|[of] p2a: Pecharunt\n|faint|p2a: Pecharunt\n|-damage|p1a: Flamigo|199/269|[from] item: Life Orb\n|\n|upkeep\n|\n|t:|1781419312\n|switch|p2a: Corviknight|Corviknight, L80, M|211/288\n|-ability|p2a: Corviknight|Pressure\n|turn|22\n|\n|t:|1781419317\n|move|p1a: Flamigo|Close Combat|p2a: Corviknight\n|-damage|p2a: Corviknight|55/288\n|-unboost|p1a: Flamigo|def|1\n|-unboost|p1a: Flamigo|spd|1\n|-damage|p1a: Flamigo|173/269|[from] item: Life Orb\n|move|p2a: Corviknight|Brave Bird|p1a: Flamigo\n|-supereffective|p1a: Flamigo\n|-damage|p1a: Flamigo|0 fnt\n|faint|p1a: Flamigo\n|-damage|p2a: Corviknight|0 fnt|[from] Recoil\n|faint|p2a: Corviknight\n|\n|win|Especial2pe\n", "uploadtime": 1781419331, "views": 2, "formatid": "gen9randombattle", "rating": null, "private": 0, "password": null}