{"id": "gen9randombattle-2631632241", "format": "[Gen 9] Random Battle", "players": ["Jadasteel", "DraconicSpeed"], "log": "|j|\u2606Jadasteel\n|j|\u2606DraconicSpeed\n|t:|1781411889\n|gametype|singles\n|player|p1|Jadasteel|fantina|1992\n|player|p2|DraconicSpeed|102|1979\n|gen|9\n|tier|[Gen 9] Random Battle\n|rated|\n|rule|Species Clause: Limit one of each Pok\u00e9mon\n|rule|HP Percentage Mod: HP is shown in percentages\n|rule|Sleep Clause Mod: Limit one foe put to sleep\n|rule|Illusion Level Mod: Illusion disguises the Pok\u00e9mon's true level\n|\n|t:|1781411889\n|teamsize|p1|6\n|teamsize|p2|6\n|start\n|switch|p1a: Arceus|Arceus-Electric, L70|284/284\n|switch|p2a: Minun|Minun, L95, M|268/268\n|turn|1\n|inactive|Battle timer is ON: inactive players will automatically lose when time's up. (requested by Jadasteel)\n|\n|t:|1781411910\n|switch|p1a: Iron Leaves|Iron Leaves, L80|275/275\n|move|p2a: Minun|Nasty Plot|p2a: Minun\n|-boost|p2a: Minun|spa|2\n|\n|upkeep\n|turn|2\n|\n|t:|1781411921\n|move|p2a: Minun|Alluring Voice|p1a: Iron Leaves\n|-damage|p1a: Iron Leaves|142/275\n|-damage|p2a: Minun|242/268|[from] item: Life Orb\n|move|p1a: Iron Leaves|Leaf Blade|p2a: Minun\n|-damage|p2a: Minun|59/268\n|-damage|p1a: Iron Leaves|115/275|[from] item: Life Orb\n|\n|upkeep\n|turn|3\n|\n|t:|1781411926\n|move|p2a: Minun|Alluring Voice|p1a: Iron Leaves\n|-damage|p1a: Iron Leaves|0 fnt\n|faint|p1a: Iron Leaves\n|-end|p1a: Iron Leaves|Quark Drive|[silent]\n|-damage|p2a: Minun|33/268|[from] item: Life Orb\n|\n|upkeep\n|\n|t:|1781411942\n|switch|p1a: Ampharos|Ampharos, L88, F|302/302\n|turn|4\n|\n|t:|1781411949\n|switch|p2a: Regice|Regice, L88|284/284\n|move|p1a: Ampharos|Dazzling Gleam|p2a: Regice\n|-crit|p2a: Regice\n|-damage|p2a: Regice|206/284\n|\n|upkeep\n|turn|5\n|\n|t:|1781411953\n|switch|p1a: Perrserker|Perrserker, L89, M|269/269\n|move|p2a: Regice|Ice Beam|p1a: Perrserker\n|-resisted|p1a: Perrserker\n|-damage|p1a: Perrserker|206/269\n|\n|upkeep\n|turn|6\n|\n|t:|1781411958\n|switch|p2a: Slowking|Slowking, L88, M|310/310\n|move|p1a: Perrserker|Stealth Rock|p2a: Slowking\n|-sidestart|p2: DraconicSpeed|move: Stealth Rock\n|\n|upkeep\n|turn|7\n|\n|t:|1781411964\n|move|p1a: Perrserker|U-turn|p2a: Slowking\n|-supereffective|p2a: Slowking\n|-damage|p2a: Slowking|92/310\n|-damage|p1a: Perrserker|180/269|[from] item: Life Orb\n|\n|t:|1781411972\n|switch|p1a: Bruxish|Bruxish, L85, M|254/254|[from] U-turn\n|-prepare|p2a: Slowking|Chilly Reception|[premajor]\n|move|p2a: Slowking|Chilly Reception|p2a: Slowking\n|-weather|Snowscape\n|\n|t:|1781411975\n|switch|p2a: Minun|Minun, L95, M|33/268|[from] Chilly Reception\n|-damage|p2a: Minun|0 fnt|[from] Stealth Rock\n|faint|p2a: Minun\n|\n|-weather|Snowscape|[upkeep]\n|upkeep\n|\n|t:|1781411979\n|switch|p2a: Mabosstiff|Mabosstiff, L86, F|278/278\n|-damage|p2a: Mabosstiff|244/278|[from] Stealth Rock\n|turn|8\n|\n|t:|1781411994\n|move|p1a: Bruxish|Wave Crash|p2a: Mabosstiff\n|-damage|p2a: Mabosstiff|48/278\n|-damage|p1a: Bruxish|189/254|[from] Recoil\n|move|p2a: Mabosstiff|Crunch|p1a: Bruxish\n|-supereffective|p1a: Bruxish\n|-damage|p1a: Bruxish|0 fnt\n|faint|p1a: Bruxish\n|\n|-weather|Snowscape|[upkeep]\n|upkeep\n|\n|t:|1781412006\n|switch|p1a: Arceus|Arceus-Electric, L70|284/284\n|turn|9\n|\n|t:|1781412015\n|move|p1a: Arceus|Ice Beam|p2a: Mabosstiff\n|-damage|p2a: Mabosstiff|0 fnt\n|faint|p2a: Mabosstiff\n|\n|-weather|Snowscape|[upkeep]\n|upkeep\n|\n|t:|1781412022\n|switch|p2a: Regice|Regice, L88|206/284\n|turn|10\n|\n|t:|1781412026\n|switch|p1a: Perrserker|Perrserker, L89, M|180/269\n|move|p2a: Regice|Ice Beam|p1a: Perrserker\n|-resisted|p1a: Perrserker\n|-damage|p1a: Perrserker|114/269\n|\n|-weather|Snowscape|[upkeep]\n|upkeep\n|turn|11\n|\n|t:|1781412050\n|switch|p2a: Slowking|Slowking, L88, M|195/310\n|move|p1a: Perrserker|Iron Head|p2a: Slowking\n|-resisted|p2a: Slowking\n|-damage|p2a: Slowking|108/310\n|-damage|p1a: Perrserker|88/269|[from] item: Life Orb\n|\n|-weather|none\n|upkeep\n|turn|12\n|\n|t:|1781412057\n|switch|p2a: Regice|Regice, L88|206/284\n|move|p1a: Perrserker|U-turn|p2a: Regice\n|-damage|p2a: Regice|120/284\n|-damage|p1a: Perrserker|62/269|[from] item: Life Orb\n|\n|t:|1781412072\n|switch|p1a: Ampharos|Ampharos, L88, F|302/302|[from] U-turn\n|\n|upkeep\n|turn|13\n|\n|t:|1781412089\n|move|p1a: Ampharos|Thunderbolt|p2a: Regice\n|-damage|p2a: Regice|36/284\n|move|p2a: Regice|Ice Beam|p1a: Ampharos\n|-damage|p1a: Ampharos|200/302\n|\n|upkeep\n|turn|14\n|\n|t:|1781412094\n|move|p1a: Ampharos|Thunderbolt|p2a: Regice\n|-damage|p2a: Regice|0 fnt\n|faint|p2a: Regice\n|\n|upkeep\n|\n|t:|1781412098\n|switch|p2a: Indeedee|Indeedee-F, L90, F|272/272\n|-damage|p2a: Indeedee|238/272|[from] Stealth Rock\n|-fieldstart|move: Psychic Terrain|[from] ability: Psychic Surge|[of] p2a: Indeedee\n|turn|15\n|\n|t:|1781412104\n|switch|p1a: Perrserker|Perrserker, L89, M|62/269\n|move|p2a: Indeedee|Calm Mind|p2a: Indeedee\n|-boost|p2a: Indeedee|spa|1\n|-boost|p2a: Indeedee|spd|1\n|\n|upkeep\n|turn|16\n|\n|t:|1781412112\n|move|p2a: Indeedee|Hyper Voice|p1a: Perrserker\n|-resisted|p1a: Perrserker\n|-damage|p1a: Perrserker|0 fnt\n|faint|p1a: Perrserker\n|-damage|p2a: Indeedee|211/272|[from] item: Life Orb\n|\n|upkeep\n|\n|t:|1781412121\n|switch|p1a: Roaring Moon|Roaring Moon, L72|270/270\n|turn|17\n|\n|t:|1781412130\n|move|p1a: Roaring Moon|Knock Off|p2a: Indeedee\n|-supereffective|p2a: Indeedee\n|-damage|p2a: Indeedee|0 fnt\n|-enditem|p2a: Indeedee|Life Orb|[from] move: Knock Off|[of] p1a: Roaring Moon\n|faint|p2a: Indeedee\n|\n|upkeep\n|\n|t:|1781412137\n|switch|p2a: Blastoise|Blastoise, L80, M|258/258\n|-damage|p2a: Blastoise|226/258|[from] Stealth Rock\n|turn|18\n|inactive|Jadasteel has 120 seconds left.\n|\n|t:|1781412184\n|-terastallize|p2a: Blastoise|Electric\n|move|p1a: Roaring Moon|Knock Off|p2a: Blastoise\n|-damage|p2a: Blastoise|136/258\n|-enditem|p2a: Blastoise|White Herb|[from] move: Knock Off|[of] p1a: Roaring Moon\n|move|p2a: Blastoise|Shell Smash|p2a: Blastoise\n|-unboost|p2a: Blastoise|def|1\n|-unboost|p2a: Blastoise|spd|1\n|-boost|p2a: Blastoise|atk|2\n|-boost|p2a: Blastoise|spa|2\n|-boost|p2a: Blastoise|spe|2\n|\n|upkeep\n|turn|19\n|\n|t:|1781412195\n|move|p2a: Blastoise|Ice Beam|p1a: Roaring Moon\n|-supereffective|p1a: Roaring Moon\n|-damage|p1a: Roaring Moon|56/270\n|move|p1a: Roaring Moon|Earthquake|p2a: Blastoise\n|-supereffective|p2a: Blastoise\n|-damage|p2a: Blastoise|0 fnt\n|faint|p2a: Blastoise\n|\n|-fieldend|move: Psychic Terrain\n|upkeep\n|-message|DraconicSpeed forfeited.\n|\n|win|Jadasteel\n", "uploadtime": 1781411891, "views": 5, "formatid": "gen9randombattle", "rating": null, "private": 0, "password": null}