{"id": "gen9randombattle-2631448630", "format": "[Gen 9] Random Battle", "players": ["Jadasteel", "EduArdo1516"], "log": "|j|\u2606Jadasteel\n|j|\u2606EduArdo1516\n|t:|1781385952\n|gametype|singles\n|player|p1|Jadasteel|fantina|2057\n|player|p2|EduArdo1516|265|2002\n|gen|9\n|tier|[Gen 9] Random Battle\n|rated|\n|rule|Species Clause: Limit one of each Pok\u00e9mon\n|rule|HP Percentage Mod: HP is shown in percentages\n|rule|Sleep Clause Mod: Limit one foe put to sleep\n|rule|Illusion Level Mod: Illusion disguises the Pok\u00e9mon's true level\n|\n|t:|1781385952\n|teamsize|p1|6\n|teamsize|p2|6\n|start\n|switch|p1a: Flareon|Flareon, L90, F|263/263\n|switch|p2a: Pikachu|Pikachu-Hoenn, L93, M|216/216\n|turn|1\n|inactive|Battle timer is ON: inactive players will automatically lose when time's up. (requested by EduArdo1516)\n|j| reeeeeeestarted\n|l| reeeeeeestarted\n|\n|t:|1781385971\n|switch|p1a: Spiritomb|Spiritomb, L89, M|234/234\n|move|p2a: Pikachu|Volt Tackle|p1a: Spiritomb\n|-damage|p1a: Spiritomb|81/234\n|-damage|p2a: Pikachu|166/216|[from] Recoil\n|\n|-heal|p1a: Spiritomb|95/234|[from] item: Leftovers\n|upkeep\n|turn|2\n|inactive|Jadasteel has 120 seconds left.\n|\n|t:|1781386017\n|move|p1a: Spiritomb|Shadow Sneak|p2a: Pikachu\n|-damage|p2a: Pikachu|97/216\n|move|p2a: Pikachu|Volt Tackle|p1a: Spiritomb\n|-damage|p1a: Spiritomb|0 fnt\n|faint|p1a: Spiritomb\n|-damage|p2a: Pikachu|66/216|[from] Recoil\n|\n|upkeep\n|\n|t:|1781386036\n|switch|p1a: Flareon|Flareon, L90, F|263/263\n|turn|3\n|\n|t:|1781386048\n|-terastallize|p1a: Flareon|Normal\n|move|p1a: Flareon|Quick Attack|p2a: Pikachu\n|-damage|p2a: Pikachu|0 fnt\n|faint|p2a: Pikachu\n|\n|-status|p1a: Flareon|tox|[from] item: Toxic Orb\n|upkeep\n|\n|t:|1781386065\n|switch|p2a: Forretress|Forretress, L84, F|263/263\n|turn|4\n|\n|t:|1781386078\n|switch|p1a: Reuniclus|Reuniclus, L88, F|337/337\n|move|p2a: Forretress|Iron Head|p1a: Reuniclus\n|-damage|p1a: Reuniclus|249/337\n|\n|upkeep\n|turn|5\n|\n|t:|1781386084\n|switch|p2a: Excadrill|Excadrill, L79, M|303/303\n|-ability|p2a: Excadrill|Mold Breaker\n|move|p1a: Reuniclus|Calm Mind|p1a: Reuniclus\n|-boost|p1a: Reuniclus|spa|1\n|-boost|p1a: Reuniclus|spd|1\n|\n|upkeep\n|turn|6\n|\n|t:|1781386094\n|move|p2a: Excadrill|Iron Head|p1a: Reuniclus\n|-damage|p1a: Reuniclus|135/337\n|move|p1a: Reuniclus|Focus Blast|p2a: Excadrill\n|-supereffective|p2a: Excadrill\n|-damage|p2a: Excadrill|0 fnt\n|faint|p2a: Excadrill\n|\n|upkeep\n|\n|t:|1781386103\n|switch|p2a: Kleavor|Kleavor, L78, M|237/237\n|turn|7\n|\n|t:|1781386113\n|switch|p1a: Walking Wake|Walking Wake, L79|286/286\n|move|p2a: Kleavor|X-Scissor|p1a: Walking Wake\n|-damage|p1a: Walking Wake|126/286\n|\n|upkeep\n|turn|8\n|\n|t:|1781386124\n|switch|p2a: Iron Leaves|Iron Leaves, L80|275/275\n|move|p1a: Walking Wake|Hydro Pump|p2a: Iron Leaves\n|-resisted|p2a: Iron Leaves\n|-damage|p2a: Iron Leaves|186/275\n|\n|upkeep\n|turn|9\n|\n|t:|1781386131\n|-end|p1a: Walking Wake|Protosynthesis|[silent]\n|switch|p1a: Reuniclus|Reuniclus, L88, F|135/337\n|move|p2a: Iron Leaves|Leaf Blade|p1a: Reuniclus\n|-crit|p1a: Reuniclus\n|-damage|p1a: Reuniclus|0 fnt\n|faint|p1a: Reuniclus\n|\n|upkeep\n|\n|t:|1781386140\n|switch|p1a: Walking Wake|Walking Wake, L79|126/286\n|turn|10\n|\n|t:|1781386144\n|move|p1a: Walking Wake|Flamethrower|p2a: Iron Leaves\n|-supereffective|p2a: Iron Leaves\n|-damage|p2a: Iron Leaves|12/275\n|move|p2a: Iron Leaves|Leaf Blade|p1a: Walking Wake\n|-damage|p1a: Walking Wake|0 fnt\n|faint|p1a: Walking Wake\n|-end|p1a: Walking Wake|Protosynthesis|[silent]\n|\n|upkeep\n|\n|t:|1781386154\n|switch|p1a: Flareon|Flareon, L90, F, tera:Normal|263/263 tox\n|turn|11\n|\n|t:|1781386159\n|move|p2a: Iron Leaves|Leaf Blade|p1a: Flareon\n|-damage|p1a: Flareon|49/263 tox\n|move|p1a: Flareon|Trailblaze|p2a: Iron Leaves\n|-resisted|p2a: Iron Leaves\n|-damage|p2a: Iron Leaves|0 fnt\n|-boost|p1a: Flareon|spe|1\n|faint|p2a: Iron Leaves\n|-end|p2a: Iron Leaves|Quark Drive|[silent]\n|\n|-damage|p1a: Flareon|33/263 tox|[from] psn\n|upkeep\n|\n|t:|1781386168\n|switch|p2a: Forretress|Forretress, L84, F|263/263\n|turn|12\n|\n|t:|1781386181\n|move|p1a: Flareon|Flare Blitz|p2a: Forretress\n|-supereffective|p2a: Forretress\n|-ability|p2a: Forretress|Sturdy\n|-damage|p2a: Forretress|1/263\n|-status|p2a: Forretress|brn\n|-damage|p1a: Flareon|0 fnt|[from] Recoil\n|faint|p1a: Flareon\n|move|p2a: Forretress|Rapid Spin|p1: Flareon|[notarget]\n|-fail|p2a: Forretress\n|\n|-heal|p2a: Forretress|17/263 brn|[from] item: Leftovers\n|-damage|p2a: Forretress|1/263 brn|[from] brn\n|upkeep\n|\n|t:|1781386190\n|switch|p1a: Maushold|Maushold-Four, L76|238/238\n|turn|13\n|\n|t:|1781386201\n|move|p1a: Maushold|Tidy Up|p1a: Maushold\n|-boost|p1a: Maushold|atk|1\n|-boost|p1a: Maushold|spe|1\n|move|p2a: Forretress|Thunder Wave|p1a: Maushold\n|-status|p1a: Maushold|par\n|\n|-heal|p2a: Forretress|17/263 brn|[from] item: Leftovers\n|-damage|p2a: Forretress|1/263 brn|[from] brn\n|upkeep\n|turn|14\n|\n|t:|1781386212\n|move|p1a: Maushold|Encore|p2a: Forretress\n|-start|p2a: Forretress|Encore\n|move|p2a: Forretress|Thunder Wave|p1a: Maushold\n|-fail|p1a: Maushold|par\n|\n|-heal|p2a: Forretress|17/263 brn|[from] item: Leftovers\n|-damage|p2a: Forretress|1/263 brn|[from] brn\n|upkeep\n|turn|15\n|\n|t:|1781386218\n|switch|p2a: Kleavor|Kleavor, L78, M|237/237\n|move|p1a: Maushold|Tidy Up|p1a: Maushold\n|-boost|p1a: Maushold|atk|1\n|-boost|p1a: Maushold|spe|1\n|\n|upkeep\n|turn|16\n|\n|t:|1781386226\n|move|p1a: Maushold|Population Bomb|p2a: Kleavor\n|-resisted|p2a: Kleavor\n|-damage|p2a: Kleavor|213/237\n|-resisted|p2a: Kleavor\n|-damage|p2a: Kleavor|192/237\n|-resisted|p2a: Kleavor\n|-damage|p2a: Kleavor|168/237\n|-resisted|p2a: Kleavor\n|-damage|p2a: Kleavor|144/237\n|-resisted|p2a: Kleavor\n|-damage|p2a: Kleavor|123/237\n|-resisted|p2a: Kleavor\n|-damage|p2a: Kleavor|102/237\n|-resisted|p2a: Kleavor\n|-damage|p2a: Kleavor|79/237\n|-resisted|p2a: Kleavor\n|-damage|p2a: Kleavor|56/237\n|-resisted|p2a: Kleavor\n|-damage|p2a: Kleavor|34/237\n|-resisted|p2a: Kleavor\n|-damage|p2a: Kleavor|13/237\n|-hitcount|p2a: Kleavor|10\n|move|p2a: Kleavor|Close Combat|p1a: Maushold\n|-supereffective|p1a: Maushold\n|-damage|p1a: Maushold|0 fnt\n|-unboost|p2a: Kleavor|def|1\n|-unboost|p2a: Kleavor|spd|1\n|faint|p1a: Maushold\n|\n|upkeep\n|\n|t:|1781386245\n|switch|p1a: Charizard|Charizard, L85, M|271/271\n|turn|17\n|\n|t:|1781386250\n|move|p1a: Charizard|Flamethrower|p2a: Kleavor\n|-damage|p2a: Kleavor|0 fnt\n|faint|p2a: Kleavor\n|\n|upkeep\n|\n|t:|1781386253\n|switch|p2a: Veluza|Veluza, L85, F|292/292\n|turn|18\n|\n|t:|1781386263\n|move|p1a: Charizard|Will-O-Wisp|p2a: Veluza\n|-status|p2a: Veluza|brn\n|move|p2a: Veluza|Fillet Away|p2a: Veluza\n|-boost|p2a: Veluza|atk|2\n|-boost|p2a: Veluza|spa|2\n|-boost|p2a: Veluza|spe|2\n|-damage|p2a: Veluza|146/292 brn\n|-enditem|p2a: Veluza|Sitrus Berry|[eat]\n|-heal|p2a: Veluza|219/292 brn|[from] item: Sitrus Berry\n|\n|-damage|p2a: Veluza|201/292 brn|[from] brn\n|upkeep\n|turn|19\n|\n|t:|1781386271\n|move|p2a: Veluza|Aqua Cutter|p1a: Charizard\n|-supereffective|p1a: Charizard\n|-damage|p1a: Charizard|0 fnt\n|faint|p1a: Charizard\n|\n|win|EduArdo1516\n", "uploadtime": 1781385954, "views": 4, "formatid": "gen9randombattle", "rating": null, "private": 0, "password": null}