{"id": "gen9randombattle-2631883124", "format": "[Gen 9] Random Battle", "players": ["SyxthSence", "KlausUnbound"], "log": "|j|\u2606SyxthSence\n|j|\u2606KlausUnbound\n|t:|1781451718\n|gametype|singles\n|player|p1|SyxthSence|170|2189\n|player|p2|KlausUnbound|heroine2-conquest|2275\n|gen|9\n|tier|[Gen 9] Random Battle\n|rated|\n|rule|Species Clause: Limit one of each Pok\u00e9mon\n|rule|HP Percentage Mod: HP is shown in percentages\n|rule|Sleep Clause Mod: Limit one foe put to sleep\n|rule|Illusion Level Mod: Illusion disguises the Pok\u00e9mon's true level\n|\n|t:|1781451718\n|teamsize|p1|6\n|teamsize|p2|6\n|start\n|switch|p1a: Mismagius|Mismagius, L86, F|243/243\n|switch|p2a: Torterra|Torterra, L78, F|276/276\n|turn|1\n|inactive|Battle timer is ON: inactive players will automatically lose when time's up. (requested by KlausUnbound)\n|\n|t:|1781451729\n|move|p1a: Mismagius|Trick|p2a: Torterra\n|-activate|p1a: Mismagius|move: Trick|[of] p2a: Torterra\n|-item|p2a: Torterra|Choice Specs|[from] move: Trick\n|-item|p1a: Mismagius|Loaded Dice|[from] move: Trick\n|move|p2a: Torterra|Shell Smash|p2a: Torterra\n|-unboost|p2a: Torterra|def|1\n|-unboost|p2a: Torterra|spd|1\n|-boost|p2a: Torterra|atk|2\n|-boost|p2a: Torterra|spa|2\n|-boost|p2a: Torterra|spe|2\n|\n|upkeep\n|turn|2\n|\n|t:|1781451734\n|switch|p2a: Vespiquen|Vespiquen, L99, F|299/299\n|-ability|p2a: Vespiquen|Pressure\n|move|p1a: Mismagius|Thunderbolt|p2a: Vespiquen\n|-supereffective|p2a: Vespiquen\n|-damage|p2a: Vespiquen|187/299\n|\n|upkeep\n|turn|3\n|\n|t:|1781451744\n|switch|p1a: Corviknight|Corviknight, L80, M|288/288\n|-ability|p1a: Corviknight|Pressure\n|move|p2a: Vespiquen|Roost|p2a: Vespiquen\n|-heal|p2a: Vespiquen|299/299\n|-singleturn|p2a: Vespiquen|move: Roost\n|\n|upkeep\n|turn|4\n|\n|t:|1781451751\n|switch|p2a: Zebstrika|Zebstrika, L87, M|272/272\n|move|p1a: Corviknight|Brave Bird|p2a: Zebstrika\n|-resisted|p2a: Zebstrika\n|-damage|p2a: Zebstrika|202/272\n|-damage|p1a: Corviknight|265/288|[from] Recoil\n|\n|-heal|p1a: Corviknight|283/288|[from] item: Leftovers\n|upkeep\n|turn|5\n|\n|t:|1781451759\n|switch|p1a: Tatsugiri|Tatsugiri, L87, F|260/260\n|move|p2a: Zebstrika|Volt Switch|p1a: Tatsugiri\n|-damage|p1a: Tatsugiri|181/260\n|-damage|p2a: Zebstrika|175/272|[from] item: Life Orb\n|\n|t:|1781451765\n|switch|p2a: Mimikyu|Mimikyu, L79, F|216/216|[from] Volt Switch\n|\n|upkeep\n|turn|6\n|\n|t:|1781451775\n|switch|p1a: Corviknight|Corviknight, L80, M|283/288\n|-ability|p1a: Corviknight|Pressure\n|move|p2a: Mimikyu|Swords Dance|p2a: Mimikyu\n|-boost|p2a: Mimikyu|atk|2\n|\n|-heal|p1a: Corviknight|288/288|[from] item: Leftovers\n|upkeep\n|turn|7\n|\n|t:|1781451783\n|move|p2a: Mimikyu|Swords Dance|p2a: Mimikyu\n|-boost|p2a: Mimikyu|atk|2\n|move|p1a: Corviknight|Brave Bird|p2a: Mimikyu\n|-activate|p2a: Mimikyu|ability: Disguise\n|-damage|p2a: Mimikyu|216/216\n|detailschange|p2a: Mimikyu|Mimikyu-Busted, L79, F\n|-damage|p2a: Mimikyu|189/216|[from] pokemon: Mimikyu-Busted\n|\n|upkeep\n|turn|8\n|\n|t:|1781451788\n|move|p2a: Mimikyu|Drain Punch|p1a: Corviknight\n|-damage|p1a: Corviknight|129/288\n|-heal|p2a: Mimikyu|216/216|[from] drain|[of] p1a: Corviknight\n|-damage|p2a: Mimikyu|195/216|[from] item: Life Orb\n|move|p1a: Corviknight|Brave Bird|p2a: Mimikyu\n|-damage|p2a: Mimikyu|78/216\n|-damage|p1a: Corviknight|90/288|[from] Recoil\n|\n|-heal|p1a: Corviknight|108/288|[from] item: Leftovers\n|upkeep\n|turn|9\n|\n|t:|1781451800\n|move|p2a: Mimikyu|Drain Punch|p1a: Corviknight\n|-damage|p1a: Corviknight|0 fnt\n|-heal|p2a: Mimikyu|132/216|[from] drain|[of] p1a: Corviknight\n|faint|p1a: Corviknight\n|-damage|p2a: Mimikyu|111/216|[from] item: Life Orb\n|\n|upkeep\n|\n|t:|1781451807\n|switch|p1a: Brambleghast|Brambleghast, L88, M|240/240\n|turn|10\n|\n|t:|1781451815\n|-terastallize|p1a: Brambleghast|Steel\n|move|p2a: Mimikyu|Shadow Sneak|p1a: Brambleghast\n|-crit|p1a: Brambleghast\n|-damage|p1a: Brambleghast|0 fnt\n|faint|p1a: Brambleghast\n|-damage|p2a: Mimikyu|90/216|[from] item: Life Orb\n|\n|upkeep\n|c|\u2606KlausUnbound|wow\n|-message|SyxthSence forfeited.\n|\n|win|KlausUnbound\n", "uploadtime": 1781451719, "views": 6, "formatid": "gen9randombattle", "rating": null, "private": 0, "password": null}