{"id": "gen9randombattle-2631941433", "format": "[Gen 9] Random Battle", "players": ["grddrhgtf", "Jeffrey112"], "log": "|j|\u2606grddrhgtf\n|j|\u2606Jeffrey112\n|t:|1781458074\n|gametype|singles\n|player|p1|grddrhgtf|170|1091\n|player|p2|Jeffrey112|red|1059\n|gen|9\n|tier|[Gen 9] Random Battle\n|rated|\n|rule|Species Clause: Limit one of each Pok\u00e9mon\n|rule|HP Percentage Mod: HP is shown in percentages\n|rule|Sleep Clause Mod: Limit one foe put to sleep\n|rule|Illusion Level Mod: Illusion disguises the Pok\u00e9mon's true level\n|\n|t:|1781458074\n|teamsize|p1|6\n|teamsize|p2|6\n|start\n|switch|p1a: Arbok|Arbok, L87, M|246/246\n|switch|p2a: Smeargle|Smeargle, L95, F|258/258\n|-ability|p1a: Arbok|Intimidate|boost\n|-fail|p2a: Smeargle|unboost|Attack|[from] ability: Own Tempo|[of] p2a: Smeargle\n|turn|1\n|inactive|Battle timer is ON: inactive players will automatically lose when time's up. (requested by grddrhgtf)\n|\n|t:|1781458085\n|switch|p1a: Cacturne|Cacturne, L92, M|278/278\n|move|p2a: Smeargle|Ceaseless Edge|p1a: Cacturne\n|-resisted|p1a: Cacturne\n|-damage|p1a: Cacturne|264/278\n|-sidestart|p1: grddrhgtf|Spikes\n|\n|upkeep\n|turn|2\n|\n|t:|1781458094\n|switch|p2a: Tsareena|Tsareena, L87, F|267/267\n|move|p1a: Cacturne|Spikes|p2a: Tsareena\n|-sidestart|p2: Jeffrey112|Spikes\n|\n|upkeep\n|turn|3\n|\n|t:|1781458109\n|switch|p1a: Incineroar|Incineroar, L82, F|290/290\n|-ability|p1a: Incineroar|Intimidate|boost\n|-unboost|p2a: Tsareena|atk|1\n|move|p2a: Tsareena|High Jump Kick|p1a: Incineroar\n|-supereffective|p1a: Incineroar\n|-damage|p1a: Incineroar|95/290\n|-damage|p2a: Tsareena|241/267|[from] item: Life Orb\n|\n|upkeep\n|turn|4\n|\n|t:|1781458123\n|move|p2a: Tsareena|Triple Axel|p1a: Incineroar\n|-resisted|p1a: Incineroar\n|-damage|p1a: Incineroar|87/290\n|-resisted|p1a: Incineroar\n|-damage|p1a: Incineroar|71/290\n|-resisted|p1a: Incineroar\n|-damage|p1a: Incineroar|48/290\n|-hitcount|p1a: Incineroar|3\n|-damage|p2a: Tsareena|215/267|[from] item: Life Orb\n|move|p1a: Incineroar|Flare Blitz|p2a: Tsareena\n|-supereffective|p2a: Tsareena\n|-damage|p2a: Tsareena|0 fnt\n|faint|p2a: Tsareena\n|-damage|p1a: Incineroar|0 fnt|[from] Recoil\n|faint|p1a: Incineroar\n|\n|upkeep\n|\n|t:|1781458138\n|switch|p2a: Yanmega|Yanmega, L82, M|275/275\n|switch|p1a: Grafaiai|Grafaiai, L86, M|249/249\n|turn|5\n|\n|t:|1781458153\n|move|p1a: Grafaiai|Parting Shot|p2a: Yanmega\n|-unboost|p2a: Yanmega|atk|1\n|-unboost|p2a: Yanmega|spa|1\n|\n|t:|1781458157\n|switch|p1a: Ditto|Ditto, L87|225/225|[from] Parting Shot\n|-damage|p1a: Ditto|197/225|[from] Spikes\n|-transform|p1a: Ditto|p2a: Yanmega|[from] ability: Imposter\n|move|p2a: Yanmega|Air Slash|p1a: Ditto\n|-supereffective|p1a: Ditto\n|-damage|p1a: Ditto|0 fnt\n|faint|p1a: Ditto\n|\n|upkeep\n|\n|t:|1781458170\n|switch|p1a: Arbok|Arbok, L87, M|246/246\n|-damage|p1a: Arbok|216/246|[from] Spikes\n|-ability|p1a: Arbok|Intimidate|boost\n|-unboost|p2a: Yanmega|atk|1\n|turn|6\n|\n|t:|1781458176\n|move|p2a: Yanmega|Air Slash|p1a: Arbok\n|-damage|p1a: Arbok|129/246\n|move|p1a: Arbok|Glare|p2a: Yanmega\n|-status|p2a: Yanmega|par\n|\n|upkeep\n|turn|7\n|\n|t:|1781458182\n|move|p1a: Arbok|Toxic Spikes|p2a: Yanmega\n|-sidestart|p2: Jeffrey112|move: Toxic Spikes\n|cant|p2a: Yanmega|par\n|\n|upkeep\n|turn|8\n|\n|t:|1781458187\n|move|p1a: Arbok|Gunk Shot|p2a: Yanmega|[miss]\n|-miss|p1a: Arbok|p2a: Yanmega\n|move|p2a: Yanmega|Air Slash|p1a: Arbok\n|-damage|p1a: Arbok|45/246\n|\n|upkeep\n|turn|9\n|\n|t:|1781458194\n|move|p1a: Arbok|Gunk Shot|p2a: Yanmega\n|-damage|p2a: Yanmega|131/275 par\n|move|p2a: Yanmega|Air Slash|p1a: Arbok\n|-damage|p1a: Arbok|0 fnt\n|faint|p1a: Arbok\n|\n|upkeep\n|\n|t:|1781458205\n|switch|p1a: Grafaiai|Grafaiai, L86, M|249/249\n|turn|10\n|\n|t:|1781458215\n|switch|p2a: Hitmontop|Hitmontop, L88, M|231/231\n|-damage|p2a: Hitmontop|203/231|[from] Spikes\n|-status|p2a: Hitmontop|psn\n|-ability|p2a: Hitmontop|Intimidate|boost\n|-unboost|p1a: Grafaiai|atk|1\n|move|p1a: Grafaiai|Gunk Shot|p2a: Hitmontop\n|-crit|p2a: Hitmontop\n|-damage|p2a: Hitmontop|40/231 psn\n|\n|-damage|p2a: Hitmontop|12/231 psn|[from] psn\n|upkeep\n|turn|11\n|\n|t:|1781458222\n|move|p1a: Grafaiai|Knock Off|p2a: Hitmontop\n|-resisted|p2a: Hitmontop\n|-damage|p2a: Hitmontop|0 fnt\n|-enditem|p2a: Hitmontop|Assault Vest|[from] move: Knock Off|[of] p1a: Grafaiai\n|faint|p2a: Hitmontop\n|\n|upkeep\n|\n|t:|1781458225\n|switch|p2a: Klawf|Klawf, L90, M|272/272\n|-damage|p2a: Klawf|238/272|[from] Spikes\n|-status|p2a: Klawf|psn\n|-enditem|p2a: Klawf|Lum Berry|[eat]\n|-curestatus|p2a: Klawf|psn|[msg]\n|turn|12\n|\n|t:|1781458241\n|move|p1a: Grafaiai|Parting Shot|p2a: Klawf\n|-unboost|p2a: Klawf|atk|1\n|-unboost|p2a: Klawf|spa|1\n|\n|t:|1781458245\n|switch|p1a: Cacturne|Cacturne, L92, M|264/278|[from] Parting Shot\n|-damage|p1a: Cacturne|230/278|[from] Spikes\n|move|p2a: Klawf|High Horsepower|p1a: Cacturne\n|-resisted|p1a: Cacturne\n|-damage|p1a: Cacturne|195/278\n|\n|upkeep\n|turn|13\n|\n|t:|1781458260\n|move|p2a: Klawf|Crabhammer|p1a: Cacturne\n|-heal|p1a: Cacturne|264/278|[from] ability: Water Absorb|[of] p2a: Klawf\n|move|p1a: Cacturne|Leaf Storm|p2a: Klawf\n|-supereffective|p2a: Klawf\n|-damage|p2a: Klawf|0 fnt\n|-unboost|p1a: Cacturne|spa|2\n|faint|p2a: Klawf\n|-damage|p1a: Cacturne|237/278|[from] item: Life Orb\n|\n|upkeep\n|\n|t:|1781458268\n|switch|p2a: Yanmega|Yanmega, L82, M|131/275 par\n|turn|14\n|\n|t:|1781458271\n|move|p1a: Cacturne|Knock Off|p2a: Yanmega\n|-damage|p2a: Yanmega|0 fnt\n|-enditem|p2a: Yanmega|Choice Specs|[from] move: Knock Off|[of] p1a: Cacturne\n|faint|p2a: Yanmega\n|-damage|p1a: Cacturne|210/278|[from] item: Life Orb\n|\n|upkeep\n|\n|t:|1781458274\n|switch|p2a: Lycanroc|Lycanroc, L86, F|269/269\n|-damage|p2a: Lycanroc|236/269|[from] Spikes\n|-status|p2a: Lycanroc|psn\n|turn|15\n|\n|t:|1781458283\n|move|p2a: Lycanroc|Close Combat|p1a: Cacturne\n|-supereffective|p1a: Cacturne\n|-crit|p1a: Cacturne\n|-damage|p1a: Cacturne|0 fnt\n|-unboost|p2a: Lycanroc|def|1\n|-unboost|p2a: Lycanroc|spd|1\n|faint|p1a: Cacturne\n|-damage|p2a: Lycanroc|210/269 psn|[from] item: Life Orb\n|\n|-damage|p2a: Lycanroc|177/269 psn|[from] psn\n|upkeep\n|\n|t:|1781458287\n|switch|p1a: Falinks|Falinks, L84|246/246\n|-damage|p1a: Falinks|216/246|[from] Spikes\n|turn|16\n|\n|t:|1781458294\n|move|p2a: Lycanroc|Close Combat|p1a: Falinks\n|-damage|p1a: Falinks|87/246\n|-unboost|p2a: Lycanroc|def|1\n|-unboost|p2a: Lycanroc|spd|1\n|-damage|p2a: Lycanroc|151/269 psn|[from] item: Life Orb\n|move|p1a: Falinks|No Retreat|p1a: Falinks\n|-boost|p1a: Falinks|atk|1\n|-boost|p1a: Falinks|def|1\n|-boost|p1a: Falinks|spa|1\n|-boost|p1a: Falinks|spd|1\n|-boost|p1a: Falinks|spe|1\n|-start|p1a: Falinks|move: No Retreat\n|\n|-damage|p2a: Lycanroc|118/269 psn|[from] psn\n|upkeep\n|turn|17\n|\n|t:|1781458299\n|move|p1a: Falinks|Iron Head|p2a: Lycanroc\n|-supereffective|p2a: Lycanroc\n|-damage|p2a: Lycanroc|0 fnt\n|faint|p2a: Lycanroc\n|-damage|p1a: Falinks|63/246|[from] item: Life Orb\n|\n|upkeep\n|\n|t:|1781458301\n|switch|p2a: Smeargle|Smeargle, L95, F|258/258\n|-damage|p2a: Smeargle|226/258|[from] Spikes\n|-status|p2a: Smeargle|psn\n|turn|18\n|\n|t:|1781458310\n|-terastallize|p1a: Falinks|Dark\n|move|p1a: Falinks|Knock Off|p2a: Smeargle\n|-damage|p2a: Smeargle|0 fnt\n|-enditem|p2a: Smeargle|Focus Sash|[from] move: Knock Off|[of] p1a: Falinks\n|faint|p2a: Smeargle\n|-damage|p1a: Falinks|39/246|[from] item: Life Orb\n|\n|win|grddrhgtf\n|raw|grddrhgtf's rating: 1091 &rarr; <strong>1115</strong><br />(+24 for winning)\n|raw|Jeffrey112's rating: 1059 &rarr; <strong>1042</strong><br />(-17 for losing)\n", "uploadtime": 1781458318, "views": 2, "formatid": "gen9randombattle", "rating": 1042, "private": 0, "password": null}