{"id": "gen9randombattle-2631745082", "format": "[Gen 9] Random Battle", "players": ["It'sOnlyRed?", "Rheny"], "log": "|j|\u2606It'sOnlyRed?\n|j|\u2606Rheny\n|t:|1781432683\n|gametype|singles\n|player|p1|It'sOnlyRed?|blue-gen3|2017\n|player|p2|Rheny|miku-ghost|2012\n|gen|9\n|tier|[Gen 9] Random Battle\n|rated|\n|rule|Species Clause: Limit one of each Pok\u00e9mon\n|rule|HP Percentage Mod: HP is shown in percentages\n|rule|Sleep Clause Mod: Limit one foe put to sleep\n|rule|Illusion Level Mod: Illusion disguises the Pok\u00e9mon's true level\n|\n|t:|1781432683\n|teamsize|p1|6\n|teamsize|p2|6\n|start\n|switch|p1a: Glalie|Glalie, L96, M|309/309\n|switch|p2a: Garchomp|Garchomp, L74, M|282/282\n|turn|1\n|inactive|Battle timer is ON: inactive players will automatically lose when time's up. (requested by It'sOnlyRed?)\n|\n|t:|1781432695\n|switch|p2a: Slither Wing|Slither Wing, L81|270/270\n|move|p1a: Glalie|Spikes|p2a: Slither Wing\n|-sidestart|p2: Rheny|Spikes\n|\n|upkeep\n|turn|2\n|\n|t:|1781432710\n|switch|p1a: Slowbro|Slowbro-Galar, L87, F|307/307\n|move|p2a: Slither Wing|Close Combat|p1a: Slowbro\n|-resisted|p1a: Slowbro\n|-damage|p1a: Slowbro|263/307\n|-unboost|p2a: Slither Wing|def|1\n|-unboost|p2a: Slither Wing|spd|1\n|-damage|p2a: Slither Wing|243/270|[from] item: Life Orb\n|\n|upkeep\n|turn|3\n|\n|t:|1781432727\n|-end|p2a: Slither Wing|Protosynthesis|[silent]\n|switch|p2a: Sudowoodo|Sudowoodo, L94, M|284/284\n|-damage|p2a: Sudowoodo|249/284|[from] Spikes\n|move|p1a: Slowbro|Psychic|p2a: Sudowoodo\n|-damage|p2a: Sudowoodo|101/284\n|-damage|p1a: Slowbro|233/307|[from] item: Life Orb\n|\n|upkeep\n|turn|4\n|\n|t:|1781432738\n|move|p2a: Sudowoodo|Head Smash|p1a: Slowbro\n|-damage|p1a: Slowbro|0 fnt\n|faint|p1a: Slowbro\n|\n|upkeep\n|\n|t:|1781432752\n|switch|p1a: Glalie|Glalie, L96, M|309/309\n|turn|5\n|\n|t:|1781432768\n|move|p1a: Glalie|Earthquake|p2a: Sudowoodo\n|-supereffective|p2a: Sudowoodo\n|-damage|p2a: Sudowoodo|0 fnt\n|faint|p2a: Sudowoodo\n|\n|upkeep\n|\n|t:|1781432781\n|switch|p2a: Slither Wing|Slither Wing, L81|243/270\n|-damage|p2a: Slither Wing|210/270|[from] Spikes\n|turn|6\n|\n|t:|1781432787\n|switch|p1a: Misdreavus|Misdreavus, L90, M|254/254\n|move|p2a: Slither Wing|Close Combat|p1a: Misdreavus\n|-immune|p1a: Misdreavus\n|\n|upkeep\n|turn|7\n|\n|t:|1781432797\n|move|p1a: Misdreavus|Will-O-Wisp|p2a: Slither Wing\n|-status|p2a: Slither Wing|brn\n|move|p2a: Slither Wing|Wild Charge|p1a: Misdreavus\n|-damage|p1a: Misdreavus|214/254\n|-damage|p2a: Slither Wing|200/270 brn|[from] Recoil\n|-damage|p2a: Slither Wing|173/270 brn|[from] item: Life Orb\n|\n|-damage|p2a: Slither Wing|157/270 brn|[from] brn\n|upkeep\n|turn|8\n|\n|t:|1781432808\n|-end|p2a: Slither Wing|Protosynthesis|[silent]\n|switch|p2a: Lugia|Lugia, L73|275/275\n|move|p1a: Misdreavus|Draining Kiss|p2a: Lugia\n|-damage|p2a: Lugia|261/275\n|-heal|p1a: Misdreavus|225/254|[from] drain|[of] p2a: Lugia\n|\n|upkeep\n|turn|9\n|\n|t:|1781432813\n|move|p1a: Misdreavus|Shadow Ball|p2a: Lugia\n|-supereffective|p2a: Lugia\n|-damage|p2a: Lugia|127/275\n|move|p2a: Lugia|Calm Mind|p2a: Lugia\n|-boost|p2a: Lugia|spa|1\n|-boost|p2a: Lugia|spd|1\n|\n|upkeep\n|turn|10\n|\n|t:|1781432834\n|switch|p1a: Glalie|Glalie, L96, M|309/309\n|move|p2a: Lugia|Recover|p2a: Lugia\n|-heal|p2a: Lugia|265/275\n|\n|upkeep\n|turn|11\n|\n|t:|1781432841\n|move|p1a: Glalie|Taunt|p2a: Lugia\n|-start|p2a: Lugia|move: Taunt\n|cant|p2a: Lugia|move: Taunt|Calm Mind\n|\n|upkeep\n|turn|12\n|\n|t:|1781432843\n|move|p1a: Glalie|Freeze-Dry|p2a: Lugia\n|-supereffective|p2a: Lugia\n|-damage|p2a: Lugia|181/275\n|move|p2a: Lugia|Aeroblast|p1a: Glalie\n|-damage|p1a: Glalie|198/309\n|\n|upkeep\n|turn|13\n|\n|t:|1781432848\n|move|p1a: Glalie|Freeze-Dry|p2a: Lugia\n|-supereffective|p2a: Lugia\n|-damage|p2a: Lugia|95/275\n|move|p2a: Lugia|Aeroblast|p1a: Glalie\n|-damage|p1a: Glalie|84/309\n|\n|-end|p2a: Lugia|move: Taunt\n|upkeep\n|turn|14\n|\n|t:|1781432852\n|move|p1a: Glalie|Freeze-Dry|p2a: Lugia\n|-supereffective|p2a: Lugia\n|-damage|p2a: Lugia|15/275\n|move|p2a: Lugia|Aeroblast|p1a: Glalie\n|-damage|p1a: Glalie|0 fnt\n|faint|p1a: Glalie\n|\n|upkeep\n|\n|t:|1781432866\n|switch|p1a: Mew|Mew, L82|298/298\n|turn|15\n|\n|t:|1781432876\n|move|p1a: Mew|Psyshock|p2a: Lugia\n|-resisted|p2a: Lugia\n|-damage|p2a: Lugia|0 fnt\n|faint|p2a: Lugia\n|-damage|p1a: Mew|269/298|[from] item: Life Orb\n|\n|upkeep\n|\n|t:|1781432896\n|switch|p2a: Espathra|Espathra, L80, M|283/283\n|-damage|p2a: Espathra|248/283|[from] Spikes\n|turn|16\n|inactive|It'sOnlyRed? has 120 seconds left.\n|\n|t:|1781432936\n|move|p2a: Espathra|Calm Mind|p2a: Espathra\n|-boost|p2a: Espathra|spa|1\n|-boost|p2a: Espathra|spd|1\n|move|p1a: Mew|Dark Pulse|p2a: Espathra\n|-supereffective|p2a: Espathra\n|-damage|p2a: Espathra|115/283\n|-damage|p1a: Mew|240/298|[from] item: Life Orb\n|\n|-heal|p2a: Espathra|132/283|[from] item: Leftovers\n|-ability|p2a: Espathra|Speed Boost|boost\n|-boost|p2a: Espathra|spe|1\n|upkeep\n|turn|17\n|inactive|It'sOnlyRed? has 120 seconds left.\n|\n|t:|1781432945\n|move|p2a: Espathra|Protect|p2a: Espathra\n|-singleturn|p2a: Espathra|Protect\n|move|p1a: Mew|Dark Pulse|p2a: Espathra\n|-activate|p2a: Espathra|move: Protect\n|\n|-heal|p2a: Espathra|149/283|[from] item: Leftovers\n|-ability|p2a: Espathra|Speed Boost|boost\n|-boost|p2a: Espathra|spe|1\n|upkeep\n|turn|18\n|\n|t:|1781432953\n|-terastallize|p2a: Espathra|Fairy\n|move|p2a: Espathra|Calm Mind|p2a: Espathra\n|-boost|p2a: Espathra|spa|1\n|-boost|p2a: Espathra|spd|1\n|move|p1a: Mew|Dark Pulse|p2a: Espathra\n|-resisted|p2a: Espathra\n|-crit|p2a: Espathra\n|-damage|p2a: Espathra|79/283\n|-damage|p1a: Mew|211/298|[from] item: Life Orb\n|\n|-heal|p2a: Espathra|96/283|[from] item: Leftovers\n|-ability|p2a: Espathra|Speed Boost|boost\n|-boost|p2a: Espathra|spe|1\n|upkeep\n|turn|19\n|\n|t:|1781432971\n|move|p2a: Espathra|Protect|p2a: Espathra\n|-singleturn|p2a: Espathra|Protect\n|move|p1a: Mew|Psyshock|p2a: Espathra\n|-activate|p2a: Espathra|move: Protect\n|\n|-heal|p2a: Espathra|113/283|[from] item: Leftovers\n|-ability|p2a: Espathra|Speed Boost|boost\n|-boost|p2a: Espathra|spe|1\n|upkeep\n|turn|20\n|\n|t:|1781432975\n|move|p2a: Espathra|Stored Power|p1a: Mew\n|-resisted|p1a: Mew\n|-damage|p1a: Mew|35/298\n|move|p1a: Mew|Psyshock|p2a: Espathra\n|-damage|p2a: Espathra|0 fnt\n|faint|p2a: Espathra\n|-damage|p1a: Mew|6/298|[from] item: Life Orb\n|\n|upkeep\n|\n|t:|1781432982\n|switch|p2a: Slither Wing|Slither Wing, L81|157/270 brn\n|-damage|p2a: Slither Wing|124/270 brn|[from] Spikes\n|turn|21\n|\n|t:|1781432999\n|switch|p1a: Misdreavus|Misdreavus, L90, M|225/254\n|move|p2a: Slither Wing|First Impression|p1a: Misdreavus\n|-resisted|p1a: Misdreavus\n|-damage|p1a: Misdreavus|196/254\n|-damage|p2a: Slither Wing|97/270 brn|[from] item: Life Orb\n|\n|-damage|p2a: Slither Wing|81/270 brn|[from] brn\n|upkeep\n|turn|22\n|\n|t:|1781433006\n|-end|p2a: Slither Wing|Protosynthesis|[silent]\n|switch|p2a: Venomoth|Venomoth, L84, F|255/255\n|move|p1a: Misdreavus|Draining Kiss|p2a: Venomoth\n|-resisted|p2a: Venomoth\n|-damage|p2a: Venomoth|235/255\n|-heal|p1a: Misdreavus|211/254|[from] drain|[of] p2a: Venomoth\n|\n|upkeep\n|turn|23\n|\n|t:|1781433014\n|switch|p1a: Mew|Mew, L82|6/298\n|move|p2a: Venomoth|Quiver Dance|p2a: Venomoth\n|-boost|p2a: Venomoth|spa|1\n|-boost|p2a: Venomoth|spd|1\n|-boost|p2a: Venomoth|spe|1\n|\n|upkeep\n|turn|24\n|\n|t:|1781433021\n|move|p2a: Venomoth|Bug Buzz|p1a: Mew\n|-supereffective|p1a: Mew\n|-damage|p1a: Mew|0 fnt\n|faint|p1a: Mew\n|\n|upkeep\n|\n|t:|1781433036\n|switch|p1a: Wugtrio|Wugtrio, L91, M|212/212\n|turn|25\n|\n|t:|1781433043\n|-terastallize|p1a: Wugtrio|Water\n|move|p2a: Venomoth|Sleep Powder|p1a: Wugtrio\n|-status|p1a: Wugtrio|slp|[from] move: Sleep Powder\n|cant|p1a: Wugtrio|slp\n|\n|upkeep\n|turn|26\n|\n|t:|1781433062\n|move|p2a: Venomoth|Sludge Wave|p1a: Wugtrio\n|-damage|p1a: Wugtrio|53/212 slp\n|cant|p1a: Wugtrio|slp\n|\n|upkeep\n|turn|27\n|\n|t:|1781433066\n|cant|p1a: Wugtrio|slp\n|move|p2a: Venomoth|Sludge Wave|p1a: Wugtrio\n|-damage|p1a: Wugtrio|0 fnt\n|faint|p1a: Wugtrio\n|\n|upkeep\n|\n|t:|1781433069\n|switch|p1a: Misdreavus|Misdreavus, L90, M|211/254\n|turn|28\n|\n|t:|1781433072\n|move|p2a: Venomoth|Sleep Powder|p1a: Misdreavus|[miss]\n|-miss|p2a: Venomoth|p1a: Misdreavus\n|move|p1a: Misdreavus|Shadow Ball|p2a: Venomoth\n|-damage|p2a: Venomoth|168/255\n|-unboost|p2a: Venomoth|spd|1\n|\n|upkeep\n|turn|29\n|\n|t:|1781433078\n|move|p2a: Venomoth|Sleep Powder|p1a: Misdreavus|[miss]\n|-miss|p2a: Venomoth|p1a: Misdreavus\n|move|p1a: Misdreavus|Shadow Ball|p2a: Venomoth\n|-damage|p2a: Venomoth|62/255\n|\n|upkeep\n|turn|30\n|\n|t:|1781433080\n|move|p2a: Venomoth|Sleep Powder|p1a: Misdreavus|[miss]\n|-miss|p2a: Venomoth|p1a: Misdreavus\n|move|p1a: Misdreavus|Shadow Ball|p2a: Venomoth\n|-damage|p2a: Venomoth|0 fnt\n|faint|p2a: Venomoth\n|\n|upkeep\n|c|\u2606Rheny|lol unlucky\n|c|\u2606It'sOnlyRed?|I'm sorry.\n|c|\u2606Rheny|i think i can just kill it\n|c|\u2606Rheny|but i thought itd be fine\n|\n|t:|1781433094\n|switch|p2a: Garchomp|Garchomp, L74, M|282/282\n|-damage|p2a: Garchomp|247/282|[from] Spikes\n|turn|31\n|c|\u2606Rheny|thats a 1/64 chance bte\n|c|\u2606Rheny|btw\n|\n|t:|1781433106\n|move|p1a: Misdreavus|Will-O-Wisp|p2a: Garchomp\n|-status|p2a: Garchomp|brn\n|move|p2a: Garchomp|Outrage|p1a: Misdreavus\n|-damage|p1a: Misdreavus|161/254\n|\n|-damage|p2a: Garchomp|230/282 brn|[from] brn\n|upkeep\n|turn|32\n|c|\u2606It'sOnlyRed?|Yeah, that's unlucky.\n|c|\u2606Rheny|happens\n|c|\u2606Rheny|dogshxt game\n|c|\u2606Rheny|unfortunately\n|\n|t:|1781433135\n|move|p1a: Misdreavus|Draining Kiss|p2a: Garchomp\n|-supereffective|p2a: Garchomp\n|-damage|p2a: Garchomp|138/282 brn\n|-heal|p1a: Misdreavus|230/254|[from] drain|[of] p2a: Garchomp\n|-damage|p1a: Misdreavus|199/254|[from] ability: Rough Skin|[of] p2a: Garchomp\n|-damage|p1a: Misdreavus|157/254|[from] item: Rocky Helmet|[of] p2a: Garchomp\n|move|p2a: Garchomp|Outrage|p1a: Misdreavus|[from] lockedmove\n|-damage|p1a: Misdreavus|108/254\n|\n|-damage|p2a: Garchomp|121/282 brn|[from] brn\n|upkeep\n|turn|33\n|\n|t:|1781433138\n|move|p1a: Misdreavus|Draining Kiss|p2a: Garchomp\n|-supereffective|p2a: Garchomp\n|-damage|p2a: Garchomp|43/282 brn\n|-heal|p1a: Misdreavus|167/254|[from] drain|[of] p2a: Garchomp\n|-damage|p1a: Misdreavus|136/254|[from] ability: Rough Skin|[of] p2a: Garchomp\n|-damage|p1a: Misdreavus|94/254|[from] item: Rocky Helmet|[of] p2a: Garchomp\n|move|p2a: Garchomp|Outrage|p1a: Misdreavus|[from] lockedmove\n|-damage|p1a: Misdreavus|45/254\n|-start|p2a: Garchomp|confusion|[fatigue]\n|\n|-damage|p2a: Garchomp|26/282 brn|[from] brn\n|upkeep\n|turn|34\n|\n|t:|1781433142\n|move|p1a: Misdreavus|Draining Kiss|p2a: Garchomp\n|-supereffective|p2a: Garchomp\n|-damage|p2a: Garchomp|0 fnt\n|-heal|p1a: Misdreavus|65/254|[from] drain|[of] p2a: Garchomp\n|-damage|p1a: Misdreavus|34/254|[from] ability: Rough Skin|[of] p2a: Garchomp\n|-damage|p1a: Misdreavus|0 fnt|[from] item: Rocky Helmet|[of] p2a: Garchomp\n|faint|p2a: Garchomp\n|faint|p1a: Misdreavus\n|\n|upkeep\n|\n|t:|1781433145\n|switch|p1a: Keldeo|Keldeo-Resolute, L79|273/273\n|switch|p2a: Slither Wing|Slither Wing, L81|81/270 brn\n|-damage|p2a: Slither Wing|48/270 brn|[from] Spikes\n|turn|35\n|\n|t:|1781433151\n|move|p1a: Keldeo|Secret Sword|p2a: Slither Wing\n|-resisted|p2a: Slither Wing\n|-damage|p2a: Slither Wing|0 fnt\n|faint|p2a: Slither Wing\n|-end|p2a: Slither Wing|Protosynthesis|[silent]\n|\n|win|It'sOnlyRed?\n", "uploadtime": 1781432685, "views": 3, "formatid": "gen9randombattle", "rating": null, "private": 0, "password": null}