{"id": "gen9randombattle-2631836674", "format": "[Gen 9] Random Battle", "players": ["Aizen_74", "Ajman"], "log": "|j|\u2606Aizen_74\n|j|\u2606Ajman\n|t:|1781446343\n|gametype|singles\n|player|p1|Aizen_74|102|1914\n|player|p2|Ajman|2|1937\n|gen|9\n|tier|[Gen 9] Random Battle\n|rated|\n|rule|Species Clause: Limit one of each Pok\u00e9mon\n|rule|HP Percentage Mod: HP is shown in percentages\n|rule|Sleep Clause Mod: Limit one foe put to sleep\n|rule|Illusion Level Mod: Illusion disguises the Pok\u00e9mon's true level\n|\n|t:|1781446343\n|teamsize|p1|6\n|teamsize|p2|6\n|start\n|switch|p1a: Kingdra|Kingdra, L84, F|263/263\n|switch|p2a: Annihilape|Annihilape, L76, M|292/292\n|turn|1\n|inactive|Battle timer is ON: inactive players will automatically lose when time's up. (requested by Aizen_74)\n|\n|t:|1781446361\n|switch|p2a: Milotic|Milotic, L83, M|293/293\n|move|p1a: Kingdra|Dragon Dance|p1a: Kingdra\n|-boost|p1a: Kingdra|atk|1\n|-boost|p1a: Kingdra|spe|1\n|\n|upkeep\n|turn|2\n|\n|t:|1781446367\n|move|p1a: Kingdra|Outrage|p2a: Milotic\n|-damage|p2a: Milotic|92/293\n|move|p2a: Milotic|Haze|p2a: Milotic\n|-clearallboost\n|\n|-heal|p2a: Milotic|110/293|[from] item: Leftovers\n|upkeep\n|turn|3\n|\n|t:|1781446376\n|switch|p2a: Mudsdale|Mudsdale, L83, F|302/302\n|move|p1a: Kingdra|Outrage|p2a: Mudsdale|[from] lockedmove\n|-damage|p2a: Mudsdale|193/302\n|-ability|p2a: Mudsdale|Stamina|boost\n|-boost|p2a: Mudsdale|def|1\n|-start|p1a: Kingdra|confusion|[fatigue]\n|-enditem|p1a: Kingdra|Lum Berry|[eat]\n|-end|p1a: Kingdra|confusion\n|\n|-heal|p2a: Mudsdale|211/302|[from] item: Leftovers\n|upkeep\n|turn|4\n|\n|t:|1781446387\n|move|p1a: Kingdra|Wave Crash|p2a: Mudsdale\n|-supereffective|p2a: Mudsdale\n|-damage|p2a: Mudsdale|49/302\n|-ability|p2a: Mudsdale|Stamina|boost\n|-boost|p2a: Mudsdale|def|1\n|-damage|p1a: Kingdra|210/263|[from] Recoil\n|move|p2a: Mudsdale|Earthquake|p1a: Kingdra\n|-damage|p1a: Kingdra|90/263\n|\n|-heal|p2a: Mudsdale|67/302|[from] item: Leftovers\n|upkeep\n|turn|5\n|\n|t:|1781446396\n|move|p1a: Kingdra|Waterfall|p2a: Mudsdale\n|-supereffective|p2a: Mudsdale\n|-crit|p2a: Mudsdale\n|-damage|p2a: Mudsdale|0 fnt\n|faint|p2a: Mudsdale\n|\n|upkeep\n|\n|t:|1781446402\n|switch|p2a: Annihilape|Annihilape, L76, M|292/292\n|turn|6\n|\n|t:|1781446407\n|move|p1a: Kingdra|Dragon Dance|p1a: Kingdra\n|-boost|p1a: Kingdra|atk|1\n|-boost|p1a: Kingdra|spe|1\n|move|p2a: Annihilape|Bulk Up|p2a: Annihilape\n|-boost|p2a: Annihilape|atk|1\n|-boost|p2a: Annihilape|def|1\n|\n|upkeep\n|turn|7\n|l|\u2606Ajman\n|inactive|Ajman disconnected and has a minute to reconnect!\n|player|p2|\n|\n|t:|1781446431\n|move|p1a: Kingdra|Waterfall|p2a: Annihilape\n|-damage|p2a: Annihilape|193/292\n|move|p2a: Annihilape|Drain Punch|p1a: Kingdra\n|-damage|p1a: Kingdra|0 fnt\n|-heal|p2a: Annihilape|238/292|[from] drain|[of] p1a: Kingdra\n|faint|p1a: Kingdra\n|\n|-heal|p2a: Annihilape|256/292|[from] item: Leftovers\n|upkeep\n|j|\u2606Ajman\n|inactive|Ajman reconnected.\n|player|p2|Ajman|2|\n|\n|t:|1781446443\n|switch|p1a: Reuniclus|Reuniclus, L88, M|337/337\n|turn|8\n|\n|t:|1781446448\n|-terastallize|p2a: Annihilape|Ghost\n|move|p2a: Annihilape|Rage Fist|p1a: Reuniclus\n|-supereffective|p1a: Reuniclus\n|-damage|p1a: Reuniclus|0 fnt\n|faint|p1a: Reuniclus\n|\n|-heal|p2a: Annihilape|274/292|[from] item: Leftovers\n|upkeep\n|\n|t:|1781446460\n|switch|p1a: Carbink|Carbink, L90|236/236\n|turn|9\n|\n|t:|1781446466\n|move|p2a: Annihilape|Taunt|p1a: Carbink\n|-start|p1a: Carbink|move: Taunt\n|cant|p1a: Carbink|move: Taunt|Iron Defense\n|\n|-heal|p2a: Annihilape|292/292|[from] item: Leftovers\n|upkeep\n|turn|10\n|\n|t:|1781446471\n|move|p2a: Annihilape|Bulk Up|p2a: Annihilape\n|-boost|p2a: Annihilape|atk|1\n|-boost|p2a: Annihilape|def|1\n|move|p1a: Carbink|Moonblast|p2a: Annihilape\n|-damage|p2a: Annihilape|205/292\n|-unboost|p2a: Annihilape|spa|1\n|-ability|p2a: Annihilape|Defiant|boost\n|-boost|p2a: Annihilape|atk|2\n|\n|-heal|p2a: Annihilape|223/292|[from] item: Leftovers\n|upkeep\n|turn|11\n|\n|t:|1781446474\n|move|p2a: Annihilape|Rage Fist|p1a: Carbink\n|-ability|p1a: Carbink|Sturdy\n|-damage|p1a: Carbink|1/236\n|move|p1a: Carbink|Moonblast|p2a: Annihilape\n|-crit|p2a: Annihilape\n|-damage|p2a: Annihilape|108/292\n|-unboost|p2a: Annihilape|spa|1\n|-ability|p2a: Annihilape|Defiant|boost\n|-boost|p2a: Annihilape|atk|2\n|\n|-heal|p2a: Annihilape|126/292|[from] item: Leftovers\n|-end|p1a: Carbink|move: Taunt\n|upkeep\n|turn|12\n|c|\u2606Aizen_74|??\n|\n|t:|1781446490\n|move|p2a: Annihilape|Drain Punch|p1a: Carbink\n|-damage|p1a: Carbink|0 fnt\n|-heal|p2a: Annihilape|127/292|[from] drain|[of] p1a: Carbink\n|faint|p1a: Carbink\n|\n|-heal|p2a: Annihilape|145/292|[from] item: Leftovers\n|upkeep\n|-message|Aizen_74 forfeited.\n|\n|win|Ajman\n", "uploadtime": 1781446347, "views": 3, "formatid": "gen9randombattle", "rating": null, "private": 0, "password": null}