{"id": "gen9randombattle-2631657052", "format": "[Gen 9] Random Battle", "players": ["marper8", "junghoking"], "log": "|j|\u2606marper8\n|j|\u2606junghoking\n|t:|1781416135\n|gametype|singles\n|player|p1|marper8|170|2077\n|player|p2|junghoking|nate|2083\n|gen|9\n|tier|[Gen 9] Random Battle\n|rated|\n|rule|Species Clause: Limit one of each Pok\u00e9mon\n|rule|HP Percentage Mod: HP is shown in percentages\n|rule|Sleep Clause Mod: Limit one foe put to sleep\n|rule|Illusion Level Mod: Illusion disguises the Pok\u00e9mon's true level\n|\n|t:|1781416135\n|teamsize|p1|6\n|teamsize|p2|6\n|start\n|switch|p1a: Volbeat|Volbeat, L90, M|263/263\n|switch|p2a: Landorus|Landorus-Therian, L76, M|260/260\n|-ability|p2a: Landorus|Intimidate|boost\n|-unboost|p1a: Volbeat|atk|1\n|turn|1\n|inactive|Battle timer is ON: inactive players will automatically lose when time's up. (requested by junghoking)\n|\n|t:|1781416142\n|move|p1a: Volbeat|U-turn|p2a: Landorus\n|-resisted|p2a: Landorus\n|-damage|p2a: Landorus|236/260\n|\n|t:|1781416145\n|switch|p1a: Misdreavus|Misdreavus, L90, F|254/254|[from] U-turn\n|move|p2a: Landorus|Stealth Rock|p1a: Misdreavus\n|-sidestart|p1: marper8|move: Stealth Rock\n|\n|-heal|p2a: Landorus|252/260|[from] item: Leftovers\n|upkeep\n|turn|2\n|\n|t:|1781416166\n|move|p1a: Misdreavus|Calm Mind|p1a: Misdreavus\n|-boost|p1a: Misdreavus|spa|1\n|-boost|p1a: Misdreavus|spd|1\n|move|p2a: Landorus|Taunt|p1a: Misdreavus\n|-start|p1a: Misdreavus|move: Taunt\n|\n|-heal|p2a: Landorus|260/260|[from] item: Leftovers\n|upkeep\n|turn|3\n|\n|t:|1781416171\n|switch|p2a: Slaking|Slaking, L84, F|389/389\n|move|p1a: Misdreavus|Shadow Ball|p2a: Slaking\n|-immune|p2a: Slaking\n|\n|upkeep\n|turn|4\n|\n|t:|1781416173\n|move|p2a: Slaking|Knock Off|p1a: Misdreavus\n|-supereffective|p1a: Misdreavus\n|-damage|p1a: Misdreavus|80/254\n|-enditem|p1a: Misdreavus|Eviolite|[from] move: Knock Off|[of] p2a: Slaking\n|move|p1a: Misdreavus|Draining Kiss|p2a: Slaking\n|-damage|p2a: Slaking|320/389\n|-heal|p1a: Misdreavus|132/254|[from] drain|[of] p2a: Slaking\n|\n|upkeep\n|turn|5\n|\n|t:|1781416181\n|switch|p2a: Empoleon|Empoleon, L84, M|278/278\n|move|p1a: Misdreavus|Draining Kiss|p2a: Empoleon\n|-resisted|p2a: Empoleon\n|-damage|p2a: Empoleon|255/278\n|-heal|p1a: Misdreavus|149/254|[from] drain|[of] p2a: Empoleon\n|\n|-heal|p2a: Empoleon|272/278|[from] item: Leftovers\n|-end|p1a: Misdreavus|move: Taunt\n|upkeep\n|turn|6\n|\n|t:|1781416186\n|move|p1a: Misdreavus|Will-O-Wisp|p2a: Empoleon\n|-status|p2a: Empoleon|brn\n|move|p2a: Empoleon|Knock Off|p1a: Misdreavus\n|-supereffective|p1a: Misdreavus\n|-damage|p1a: Misdreavus|92/254\n|\n|-heal|p2a: Empoleon|278/278 brn|[from] item: Leftovers\n|-damage|p2a: Empoleon|261/278 brn|[from] brn\n|upkeep\n|turn|7\n|\n|t:|1781416190\n|move|p1a: Misdreavus|Calm Mind|p1a: Misdreavus\n|-boost|p1a: Misdreavus|spa|1\n|-boost|p1a: Misdreavus|spd|1\n|move|p2a: Empoleon|Flip Turn|p1a: Misdreavus\n|-damage|p1a: Misdreavus|57/254\n|\n|t:|1781416200\n|switch|p2a: Slaking|Slaking, L84, F|320/389|[from] Flip Turn\n|\n|upkeep\n|turn|8\n|\n|t:|1781416203\n|switch|p1a: Volbeat|Volbeat, L90, M|263/263\n|move|p2a: Slaking|Knock Off|p1a: Volbeat\n|-damage|p1a: Volbeat|162/263\n|-enditem|p1a: Volbeat|Heavy-Duty Boots|[from] move: Knock Off|[of] p2a: Slaking\n|\n|upkeep\n|turn|9\n|\n|t:|1781416208\n|switch|p2a: Empoleon|Empoleon, L84, M|261/278 brn\n|move|p1a: Volbeat|U-turn|p2a: Empoleon\n|-resisted|p2a: Empoleon\n|-damage|p2a: Empoleon|224/278 brn\n|\n|t:|1781416212\n|switch|p1a: Iron Treads|Iron Treads, L77|265/265|[from] U-turn\n|-damage|p1a: Iron Treads|257/265|[from] Stealth Rock\n|\n|-heal|p2a: Empoleon|241/278 brn|[from] item: Leftovers\n|-damage|p2a: Empoleon|224/278 brn|[from] brn\n|upkeep\n|turn|10\n|\n|t:|1781416220\n|move|p1a: Iron Treads|Rapid Spin|p2a: Empoleon\n|-resisted|p2a: Empoleon\n|-damage|p2a: Empoleon|208/278 brn\n|-boost|p1a: Iron Treads|spe|1\n|-sideend|p1: marper8|Stealth Rock|[from] move: Rapid Spin|[of] p1a: Iron Treads\n|move|p2a: Empoleon|Knock Off|p1a: Iron Treads\n|-damage|p1a: Iron Treads|232/265\n|-enditem|p1a: Iron Treads|Assault Vest|[from] move: Knock Off|[of] p2a: Empoleon\n|\n|-heal|p2a: Empoleon|225/278 brn|[from] item: Leftovers\n|-damage|p2a: Empoleon|208/278 brn|[from] brn\n|upkeep\n|turn|11\n|\n|t:|1781416228\n|move|p1a: Iron Treads|Earthquake|p2a: Empoleon\n|-supereffective|p2a: Empoleon\n|-damage|p2a: Empoleon|0 fnt\n|faint|p2a: Empoleon\n|\n|upkeep\n|\n|t:|1781416238\n|switch|p2a: Landorus|Landorus-Therian, L76, M|260/260\n|-ability|p2a: Landorus|Intimidate|boost\n|-unboost|p1a: Iron Treads|atk|1\n|turn|12\n|\n|t:|1781416240\n|move|p1a: Iron Treads|Iron Head|p2a: Landorus\n|-damage|p2a: Landorus|206/260\n|move|p2a: Landorus|Earthquake|p1a: Iron Treads\n|-supereffective|p1a: Iron Treads\n|-damage|p1a: Iron Treads|34/265\n|\n|-heal|p2a: Landorus|222/260|[from] item: Leftovers\n|upkeep\n|turn|13\n|\n|t:|1781416247\n|-end|p1a: Iron Treads|Quark Drive|[silent]\n|switch|p1a: Volbeat|Volbeat, L90, M|162/263\n|move|p2a: Landorus|Stealth Rock|p1a: Volbeat\n|-sidestart|p1: marper8|move: Stealth Rock\n|\n|-heal|p2a: Landorus|238/260|[from] item: Leftovers\n|upkeep\n|turn|14\n|\n|t:|1781416253\n|move|p1a: Volbeat|Encore|p2a: Landorus\n|-start|p2a: Landorus|Encore\n|move|p2a: Landorus|Stealth Rock||[still]\n|-fail|p2a: Landorus\n|\n|-heal|p2a: Landorus|254/260|[from] item: Leftovers\n|upkeep\n|turn|15\n|\n|t:|1781416258\n|switch|p2a: Ribombee|Ribombee, L83, M|235/235\n|move|p1a: Volbeat|Thunder Wave|p2a: Ribombee\n|-status|p2a: Ribombee|par\n|\n|upkeep\n|turn|16\n|\n|t:|1781416263\n|move|p1a: Volbeat|U-turn|p2a: Ribombee\n|-resisted|p2a: Ribombee\n|-damage|p2a: Ribombee|192/235 par\n|\n|t:|1781416266\n|switch|p1a: Misdreavus|Misdreavus, L90, F|57/254|[from] U-turn\n|-damage|p1a: Misdreavus|26/254|[from] Stealth Rock\n|move|p2a: Ribombee|Quiver Dance|p2a: Ribombee\n|-boost|p2a: Ribombee|spa|1\n|-boost|p2a: Ribombee|spd|1\n|-boost|p2a: Ribombee|spe|1\n|\n|upkeep\n|turn|17\n|\n|t:|1781416271\n|move|p1a: Misdreavus|Shadow Ball|p2a: Ribombee\n|-crit|p2a: Ribombee\n|-damage|p2a: Ribombee|45/235 par\n|move|p2a: Ribombee|Moonblast|p1a: Misdreavus\n|-damage|p1a: Misdreavus|0 fnt\n|faint|p1a: Misdreavus\n|\n|upkeep\n|\n|t:|1781416275\n|switch|p1a: Iron Treads|Iron Treads, L77|34/265\n|-damage|p1a: Iron Treads|26/265|[from] Stealth Rock\n|turn|18\n|\n|t:|1781416279\n|switch|p2a: Gholdengo|Gholdengo, L77|261/261\n|move|p1a: Iron Treads|Rapid Spin|p2a: Gholdengo\n|-immune|p2a: Gholdengo\n|\n|upkeep\n|turn|19\n|\n|t:|1781416282\n|move|p1a: Iron Treads|Earthquake|p2a: Gholdengo\n|-supereffective|p2a: Gholdengo\n|-damage|p2a: Gholdengo|39/261\n|move|p2a: Gholdengo|Shadow Ball|p1a: Iron Treads\n|-damage|p1a: Iron Treads|0 fnt\n|faint|p1a: Iron Treads\n|-end|p1a: Iron Treads|Quark Drive|[silent]\n|\n|-heal|p2a: Gholdengo|55/261|[from] item: Leftovers\n|upkeep\n|\n|t:|1781416285\n|switch|p1a: Greninja|Greninja, L80, M|246/246\n|-damage|p1a: Greninja|216/246|[from] Stealth Rock\n|turn|20\n|\n|t:|1781416309\n|move|p1a: Greninja|Dark Pulse|p2a: Gholdengo\n|-supereffective|p2a: Gholdengo\n|-damage|p2a: Gholdengo|0 fnt\n|faint|p2a: Gholdengo\n|-ability|p1a: Greninja|Battle Bond|boost\n|-boost|p1a: Greninja|atk|1\n|-boost|p1a: Greninja|spa|1\n|-boost|p1a: Greninja|spe|1\n|-activate|p1a: Greninja|ability: Battle Bond\n|-damage|p1a: Greninja|192/246|[from] item: Life Orb\n|\n|upkeep\n|\n|t:|1781416318\n|switch|p2a: Slaking|Slaking, L84, F|320/389\n|turn|21\n|\n|t:|1781416324\n|-terastallize|p1a: Greninja|Water\n|move|p1a: Greninja|Hydro Pump|p2a: Slaking\n|-damage|p2a: Slaking|0 fnt\n|faint|p2a: Slaking\n|-damage|p1a: Greninja|168/246|[from] item: Life Orb\n|\n|upkeep\n|\n|t:|1781416336\n|switch|p2a: Palossand|Palossand, L89, M|296/296\n|turn|22\n|\n|t:|1781416341\n|-terastallize|p2a: Palossand|Water\n|move|p1a: Greninja|Dark Pulse|p2a: Palossand\n|-damage|p2a: Palossand|117/296\n|-damage|p1a: Greninja|144/246|[from] item: Life Orb\n|move|p2a: Palossand|Earth Power|p1a: Greninja\n|-damage|p1a: Greninja|11/246\n|\n|-heal|p2a: Palossand|135/296|[from] item: Leftovers\n|upkeep\n|turn|23\n|\n|t:|1781416350\n|switch|p2a: Ribombee|Ribombee, L83, M|45/235 par\n|move|p1a: Greninja|Dark Pulse|p2a: Ribombee\n|-resisted|p2a: Ribombee\n|-damage|p2a: Ribombee|0 fnt\n|faint|p2a: Ribombee\n|-damage|p1a: Greninja|0 fnt|[from] item: Life Orb\n|faint|p1a: Greninja\n|\n|upkeep\n|\n|t:|1781416354\n|switch|p2a: Palossand|Palossand, L89, M, tera:Water|135/296\n|switch|p1a: Gumshoos|Gumshoos, L95, M|321/321\n|-damage|p1a: Gumshoos|281/321|[from] Stealth Rock\n|turn|24\n|\n|t:|1781416358\n|move|p1a: Gumshoos|Double-Edge|p2a: Palossand\n|-damage|p2a: Palossand|0 fnt\n|faint|p2a: Palossand\n|-damage|p1a: Gumshoos|236/321|[from] Recoil\n|\n|upkeep\n|\n|t:|1781416361\n|switch|p2a: Landorus|Landorus-Therian, L76, M|254/260\n|-ability|p2a: Landorus|Intimidate|boost\n|-unboost|p1a: Gumshoos|atk|1\n|turn|25\n|\n|t:|1781416363\n|move|p2a: Landorus|Earthquake|p1a: Gumshoos\n|-damage|p1a: Gumshoos|107/321\n|move|p1a: Gumshoos|Double-Edge|p2a: Landorus\n|-damage|p2a: Landorus|62/260\n|-damage|p1a: Gumshoos|44/321|[from] Recoil\n|\n|-heal|p2a: Landorus|78/260|[from] item: Leftovers\n|upkeep\n|turn|26\n|\n|t:|1781416366\n|move|p2a: Landorus|Earthquake|p1a: Gumshoos\n|-damage|p1a: Gumshoos|0 fnt\n|faint|p1a: Gumshoos\n|\n|-heal|p2a: Landorus|94/260|[from] item: Leftovers\n|upkeep\n|\n|t:|1781416368\n|switch|p1a: Iron Valiant|Iron Valiant, L78|244/244\n|-damage|p1a: Iron Valiant|229/244|[from] Stealth Rock\n|turn|27\n|\n|t:|1781416370\n|move|p1a: Iron Valiant|Moonblast|p2a: Landorus\n|-damage|p2a: Landorus|0 fnt\n|faint|p2a: Landorus\n|-damage|p1a: Iron Valiant|205/244|[from] item: Life Orb\n|\n|win|marper8\n", "uploadtime": 1781416137, "views": 5, "formatid": "gen9randombattle", "rating": null, "private": 0, "password": null}