{"id": "gen9randombattle-2631383729", "format": "[Gen 9] Random Battle", "players": ["pretsfranky", "grabschaender"], "log": "|j|\u2606pretsfranky\n|j|\u2606grabschaender\n|t:|1781378220\n|gametype|singles\n|player|p1|pretsfranky|102|2087\n|player|p2|grabschaender|candice|2257\n|gen|9\n|tier|[Gen 9] Random Battle\n|rated|\n|rule|Species Clause: Limit one of each Pok\u00e9mon\n|rule|HP Percentage Mod: HP is shown in percentages\n|rule|Sleep Clause Mod: Limit one foe put to sleep\n|rule|Illusion Level Mod: Illusion disguises the Pok\u00e9mon's true level\n|\n|t:|1781378220\n|teamsize|p1|6\n|teamsize|p2|6\n|start\n|switch|p1a: Jolteon|Jolteon, L84, M|246/246\n|switch|p2a: Koraidon|Koraidon, L64|235/235\n|-weather|SunnyDay|[from] ability: Orichalcum Pulse|[of] p2a: Koraidon\n|-activate|p2a: Koraidon|Orichalcum Pulse|[source]\n|turn|1\n|\n|t:|1781378236\n|move|p1a: Jolteon|Substitute|p1a: Jolteon\n|-start|p1a: Jolteon|Substitute\n|-damage|p1a: Jolteon|185/246\n|move|p2a: Koraidon|U-turn|p1a: Jolteon\n|-end|p1a: Jolteon|Substitute\n|\n|t:|1781378243\n|switch|p2a: Cacturne|Cacturne, L92, F|278/278|[from] U-turn\n|\n|-weather|SunnyDay|[upkeep]\n|-heal|p1a: Jolteon|200/246|[from] item: Leftovers\n|upkeep\n|turn|2\n|\n|t:|1781378249\n|switch|p1a: Spidops|Spidops, L96, F|271/271\n|move|p2a: Cacturne|Knock Off|p1a: Spidops\n|-damage|p1a: Spidops|110/271\n|-enditem|p1a: Spidops|Heavy-Duty Boots|[from] move: Knock Off|[of] p2a: Cacturne\n|-damage|p2a: Cacturne|251/278|[from] item: Life Orb\n|\n|-weather|SunnyDay|[upkeep]\n|upkeep\n|turn|3\n|\n|t:|1781378263\n|move|p2a: Cacturne|Knock Off|p1a: Spidops\n|-damage|p1a: Spidops|9/271\n|-damage|p2a: Cacturne|224/278|[from] item: Life Orb\n|move|p1a: Spidops|Sticky Web|p2a: Cacturne\n|-sidestart|p2: grabschaender|move: Sticky Web\n|\n|-weather|SunnyDay|[upkeep]\n|upkeep\n|turn|4\n|\n|t:|1781378274\n|switch|p1a: Virizion|Virizion, L82|283/283\n|move|p2a: Cacturne|Knock Off|p1a: Virizion\n|-resisted|p1a: Virizion\n|-damage|p1a: Virizion|184/283\n|-ability|p1a: Virizion|Justified|boost\n|-boost|p1a: Virizion|atk|1\n|-enditem|p1a: Virizion|Life Orb|[from] move: Knock Off|[of] p2a: Cacturne\n|-damage|p2a: Cacturne|197/278|[from] item: Life Orb\n|\n|-weather|SunnyDay|[upkeep]\n|upkeep\n|turn|5\n|\n|t:|1781378285\n|switch|p2a: Glimmora|Glimmora, L75, M|248/248\n|-activate|p2a: Glimmora|move: Sticky Web\n|-unboost|p2a: Glimmora|spe|1\n|move|p1a: Virizion|Close Combat|p2a: Glimmora\n|-damage|p2a: Glimmora|49/248\n|-unboost|p1a: Virizion|def|1\n|-unboost|p1a: Virizion|spd|1\n|-activate|p2a: Glimmora|ability: Toxic Debris\n|-sidestart|p1: pretsfranky|move: Toxic Spikes\n|\n|-weather|none\n|upkeep\n|turn|6\n|\n|t:|1781378294\n|move|p1a: Virizion|Leaf Blade|p2a: Glimmora\n|-damage|p2a: Glimmora|0 fnt\n|-activate|p2a: Glimmora|ability: Toxic Debris\n|-sidestart|p1: pretsfranky|move: Toxic Spikes\n|faint|p2a: Glimmora\n|\n|upkeep\n|\n|t:|1781378302\n|switch|p2a: Cacturne|Cacturne, L92, F|197/278\n|-activate|p2a: Cacturne|move: Sticky Web\n|-unboost|p2a: Cacturne|spe|1\n|turn|7\n|\n|t:|1781378304\n|move|p2a: Cacturne|Sucker Punch|p1a: Virizion\n|-resisted|p1a: Virizion\n|-damage|p1a: Virizion|75/283\n|-ability|p1a: Virizion|Justified|boost\n|-boost|p1a: Virizion|atk|1\n|-damage|p2a: Cacturne|170/278|[from] item: Life Orb\n|move|p1a: Virizion|Close Combat|p2a: Cacturne\n|-supereffective|p2a: Cacturne\n|-damage|p2a: Cacturne|0 fnt\n|-unboost|p1a: Virizion|def|1\n|-unboost|p1a: Virizion|spd|1\n|faint|p2a: Cacturne\n|\n|upkeep\n|\n|t:|1781378307\n|switch|p2a: Basculegion|Basculegion-F, L83, F|335/335\n|-activate|p2a: Basculegion|move: Sticky Web\n|-unboost|p2a: Basculegion|spe|1\n|turn|8\n|\n|t:|1781378312\n|switch|p1a: Spidops|Spidops, L96, F|9/271\n|-status|p1a: Spidops|tox\n|move|p2a: Basculegion|Flip Turn|p1a: Spidops\n|-damage|p1a: Spidops|0 fnt\n|faint|p1a: Spidops\n|\n|t:|1781378321\n|switch|p2a: Clawitzer|Clawitzer, L87, M|265/265|[from] Flip Turn\n|-activate|p2a: Clawitzer|move: Sticky Web\n|-unboost|p2a: Clawitzer|spe|1\n|\n|upkeep\n|\n|t:|1781378338\n|switch|p1a: Jolteon|Jolteon, L84, M|200/246\n|-status|p1a: Jolteon|tox\n|turn|9\n|\n|t:|1781378346\n|move|p1a: Jolteon|Calm Mind|p1a: Jolteon\n|-boost|p1a: Jolteon|spa|1\n|-boost|p1a: Jolteon|spd|1\n|move|p2a: Clawitzer|Water Pulse|p1a: Jolteon\n|-damage|p1a: Jolteon|94/246 tox\n|\n|-heal|p1a: Jolteon|109/246 tox|[from] item: Leftovers\n|-damage|p1a: Jolteon|94/246 tox|[from] psn\n|upkeep\n|turn|10\n|\n|t:|1781378351\n|move|p1a: Jolteon|Thunderbolt|p2a: Clawitzer\n|-supereffective|p2a: Clawitzer\n|-damage|p2a: Clawitzer|0 fnt\n|faint|p2a: Clawitzer\n|\n|-heal|p1a: Jolteon|109/246 tox|[from] item: Leftovers\n|-damage|p1a: Jolteon|79/246 tox|[from] psn\n|upkeep\n|\n|t:|1781378353\n|switch|p2a: Chi-Yu|Chi-Yu, L77|211/211\n|-ability|p2a: Chi-Yu|Beads of Ruin\n|turn|11\n|\n|t:|1781378356\n|move|p1a: Jolteon|Thunderbolt|p2a: Chi-Yu\n|-damage|p2a: Chi-Yu|75/211\n|move|p2a: Chi-Yu|Dark Pulse|p1a: Jolteon\n|-damage|p1a: Jolteon|0 fnt\n|faint|p1a: Jolteon\n|\n|upkeep\n|\n|t:|1781378365\n|switch|p1a: Furret|Furret, L94, F|312/312\n|-status|p1a: Furret|tox\n|-item|p2a: Chi-Yu|Heavy-Duty Boots|[from] ability: Frisk|[of] p1a: Furret\n|turn|12\n|\n|t:|1781378367\n|move|p1a: Furret|U-turn|p2a: Chi-Yu\n|-damage|p2a: Chi-Yu|0 fnt\n|faint|p2a: Chi-Yu\n|-message|grabschaender forfeited.\n|\n|win|pretsfranky\n|raw|pretsfranky's rating: 2087 &rarr; <strong>2116</strong><br />(+29 for winning)\n|raw|grabschaender's rating: 2257 &rarr; <strong>2228</strong><br />(-29 for losing)\n", "uploadtime": 1781378221, "views": 9, "formatid": "gen9randombattle", "rating": 2116, "private": 0, "password": null}