{"id": "gen9randombattle-2631601346", "format": "[Gen 9] Random Battle", "players": ["Boogey", "grass1234567"], "log": "|j|\u2606Boogey\n|j|\u2606grass1234567\n|t:|1781407090\n|gametype|singles\n|player|p1|Boogey|265|2021\n|player|p2|grass1234567|pokemaniac|2008\n|gen|9\n|tier|[Gen 9] Random Battle\n|rated|\n|rule|Species Clause: Limit one of each Pok\u00e9mon\n|rule|HP Percentage Mod: HP is shown in percentages\n|rule|Sleep Clause Mod: Limit one foe put to sleep\n|rule|Illusion Level Mod: Illusion disguises the Pok\u00e9mon's true level\n|\n|t:|1781407090\n|teamsize|p1|6\n|teamsize|p2|6\n|start\n|switch|p1a: Sandaconda|Sandaconda, L84, M|258/258\n|switch|p2a: Weavile|Weavile, L79, F|240/240\n|turn|1\n|inactive|Battle timer is ON: inactive players will automatically lose when time's up. (requested by Boogey)\n|inactive|grass1234567 has 120 seconds left.\n|inactive|grass1234567 has 90 seconds left.\n|l|\u2606Boogey\n|inactive|Boogey disconnected and has a minute to reconnect!\n|player|p1|\n|\n|t:|1781407180\n|switch|p2a: Ursaluna|Ursaluna-Bloodmoon, L79, M|308/308\n|move|p1a: Sandaconda|Rock Blast|p2a: Ursaluna|[miss]\n|-miss|p1a: Sandaconda|p2a: Ursaluna\n|\n|upkeep\n|turn|2\n|j|\u2606Boogey\n|inactive|Boogey reconnected and has 145 seconds left.\n|player|p1|Boogey|265|\n|\n|t:|1781407204\n|move|p1a: Sandaconda|Coil|p1a: Sandaconda\n|-boost|p1a: Sandaconda|atk|1\n|-boost|p1a: Sandaconda|def|1\n|-boost|p1a: Sandaconda|accuracy|1\n|move|p2a: Ursaluna|Blood Moon|p1a: Sandaconda\n|-damage|p1a: Sandaconda|62/258\n|\n|upkeep\n|turn|3\n|\n|t:|1781407223\n|move|p1a: Sandaconda|Earthquake|p2a: Ursaluna\n|-damage|p2a: Ursaluna|163/308\n|move|p2a: Ursaluna|Earth Power|p1a: Sandaconda\n|-damage|p1a: Sandaconda|0 fnt\n|faint|p1a: Sandaconda\n|\n|-heal|p2a: Ursaluna|182/308|[from] item: Leftovers\n|upkeep\n|\n|t:|1781407237\n|switch|p1a: Appletun|Appletun, L92, F|352/352\n|turn|4\n|inactive|grass1234567 has 120 seconds left.\n|\n|t:|1781407261\n|switch|p2a: Okidogi|Okidogi, L77, M|262/262\n|move|p1a: Appletun|Apple Acid|p2a: Okidogi\n|-resisted|p2a: Okidogi\n|-damage|p2a: Okidogi|206/262\n|-unboost|p2a: Okidogi|spd|1\n|\n|-heal|p2a: Okidogi|222/262|[from] item: Leftovers\n|upkeep\n|turn|5\n|\n|t:|1781407270\n|switch|p2a: Weavile|Weavile, L79, F|240/240\n|switch|p1a: Glimmora|Glimmora, L75, F|248/248\n|\n|upkeep\n|turn|6\n|inactive|grass1234567 has 120 seconds left.\n|\n|t:|1781407285\n|switch|p2a: Clawitzer|Clawitzer, L87, F|265/265\n|move|p1a: Glimmora|Meteor Beam||[still]\n|-prepare|p1a: Glimmora|Meteor Beam\n|-boost|p1a: Glimmora|spa|1\n|-enditem|p1a: Glimmora|Power Herb\n|-anim|p1a: Glimmora|Meteor Beam|p2a: Clawitzer|[miss]\n|-miss|p1a: Glimmora|p2a: Clawitzer\n|\n|upkeep\n|turn|7\n|inactive|grass1234567 has 120 seconds left.\n|\n|t:|1781407304\n|-terastallize|p1a: Glimmora|Grass\n|-terastallize|p2a: Clawitzer|Dragon\n|move|p1a: Glimmora|Energy Ball|p2a: Clawitzer\n|-resisted|p2a: Clawitzer\n|-damage|p2a: Clawitzer|200/265\n|move|p2a: Clawitzer|Dragon Pulse|p1a: Glimmora\n|-damage|p1a: Glimmora|0 fnt\n|faint|p1a: Glimmora\n|\n|upkeep\n|\n|t:|1781407320\n|switch|p1a: Rampardos|Rampardos, L90, F|321/321\n|turn|8\n|inactive|grass1234567 has 120 seconds left.\n|\n|t:|1781407340\n|switch|p2a: Ursaluna|Ursaluna-Bloodmoon, L79, M|182/308\n|move|p1a: Rampardos|Head Smash|p2a: Ursaluna|[miss]\n|-miss|p1a: Rampardos|p2a: Ursaluna\n|\n|-heal|p2a: Ursaluna|201/308|[from] item: Leftovers\n|upkeep\n|turn|9\n|l|\u2606Boogey\n|inactive|Boogey disconnected and has a minute to reconnect!\n|player|p1|\n|j|\u2606Boogey\n|inactive|Boogey reconnected and has 140 seconds left.\n|player|p1|Boogey|265|\n|inactive|grass1234567 has 120 seconds left.\n|\n|t:|1781407353\n|switch|p1a: Appletun|Appletun, L92, F|352/352\n|move|p2a: Ursaluna|Blood Moon|p1a: Appletun\n|-damage|p1a: Appletun|199/352\n|\n|-heal|p2a: Ursaluna|220/308|[from] item: Leftovers\n|-heal|p1a: Appletun|221/352|[from] item: Leftovers\n|upkeep\n|turn|10\n|inactive|grass1234567 has 120 seconds left.\n|\n|t:|1781407364\n|switch|p2a: Okidogi|Okidogi, L77, M|222/262\n|move|p1a: Appletun|Apple Acid|p2a: Okidogi\n|-resisted|p2a: Okidogi\n|-damage|p2a: Okidogi|165/262\n|-unboost|p2a: Okidogi|spd|1\n|\n|-heal|p2a: Okidogi|181/262|[from] item: Leftovers\n|-heal|p1a: Appletun|243/352|[from] item: Leftovers\n|upkeep\n|turn|11\n|inactive|grass1234567 has 120 seconds left.\n|\n|t:|1781407374\n|switch|p2a: Weavile|Weavile, L79, F|240/240\n|switch|p1a: Lugia|Lugia, L73|275/275\n|\n|upkeep\n|turn|12\n|\n|t:|1781407383\n|switch|p1a: Rampardos|Rampardos, L90, F|321/321\n|move|p2a: Weavile|Swords Dance|p2a: Weavile\n|-boost|p2a: Weavile|atk|2\n|\n|upkeep\n|turn|13\n|\n|t:|1781407389\n|move|p2a: Weavile|Low Kick|p1a: Rampardos\n|-supereffective|p1a: Rampardos\n|-damage|p1a: Rampardos|0 fnt\n|faint|p1a: Rampardos\n|\n|upkeep\n|-message|Boogey forfeited.\n|\n|win|grass1234567\n", "uploadtime": 1781407092, "views": 4, "formatid": "gen9randombattle", "rating": null, "private": 0, "password": null}