{"id": "gen9randombattle-2631552327", "format": "[Gen 9] Random Battle", "players": ["Pecoplush", "Bigoleg"], "log": "|j|\u2606Pecoplush\n|j|\u2606Bigoleg\n|t:|1781400278\n|gametype|singles\n|player|p1|Pecoplush|rika|2130\n|player|p2|Bigoleg|169|2130\n|gen|9\n|tier|[Gen 9] Random Battle\n|rated|\n|rule|Species Clause: Limit one of each Pok\u00e9mon\n|rule|HP Percentage Mod: HP is shown in percentages\n|rule|Sleep Clause Mod: Limit one foe put to sleep\n|rule|Illusion Level Mod: Illusion disguises the Pok\u00e9mon's true level\n|\n|t:|1781400278\n|teamsize|p1|6\n|teamsize|p2|6\n|start\n|switch|p1a: Primarina|Primarina, L83, M|268/268\n|switch|p2a: Persian|Persian-Alola, L86, M|252/252\n|turn|1\n|inactive|Battle timer is ON: inactive players will automatically lose when time's up. (requested by Pecoplush)\n|\n|t:|1781400286\n|move|p2a: Persian|Parting Shot|p1a: Primarina\n|-unboost|p1a: Primarina|atk|1\n|-unboost|p1a: Primarina|spa|1\n|\n|t:|1781400291\n|switch|p2a: Corviknight|Corviknight, L80, F|288/288|[from] Parting Shot\n|-ability|p2a: Corviknight|Pressure\n|move|p1a: Primarina|Moonblast|p2a: Corviknight\n|-resisted|p2a: Corviknight\n|-damage|p2a: Corviknight|241/288\n|\n|-heal|p2a: Corviknight|259/288|[from] item: Leftovers\n|upkeep\n|turn|2\n|\n|t:|1781400306\n|switch|p1a: Coalossal|Coalossal, L89, F|341/341\n|move|p2a: Corviknight|U-turn|p1a: Coalossal\n|-resisted|p1a: Coalossal\n|-damage|p1a: Coalossal|326/341\n|-status|p2a: Corviknight|brn|[from] ability: Flame Body|[of] p1a: Coalossal\n|\n|t:|1781400312\n|switch|p2a: Donphan|Donphan, L84, M|288/288|[from] U-turn\n|\n|upkeep\n|turn|3\n|\n|t:|1781400327\n|switch|p1a: Primarina|Primarina, L83, M|268/268\n|move|p2a: Donphan|Stealth Rock|p1a: Primarina\n|-sidestart|p1: Pecoplush|move: Stealth Rock\n|\n|upkeep\n|turn|4\n|\n|t:|1781400333\n|switch|p2a: Corviknight|Corviknight, L80, F|259/288 brn\n|-ability|p2a: Corviknight|Pressure\n|move|p1a: Primarina|Psychic Noise|p2a: Corviknight\n|-damage|p2a: Corviknight|151/288 brn\n|-start|p2a: Corviknight|move: Heal Block\n|\n|-damage|p2a: Corviknight|133/288 brn|[from] brn\n|upkeep\n|turn|5\n|\n|t:|1781400340\n|move|p2a: Corviknight|Brave Bird|p1a: Primarina\n|-damage|p1a: Primarina|202/268\n|-damage|p2a: Corviknight|111/288 brn|[from] Recoil\n|move|p1a: Primarina|Calm Mind|p1a: Primarina\n|-boost|p1a: Primarina|spa|1\n|-boost|p1a: Primarina|spd|1\n|\n|-heal|p1a: Primarina|218/268|[from] item: Leftovers\n|-damage|p2a: Corviknight|93/288 brn|[from] brn\n|-end|p2a: Corviknight|move: Heal Block\n|upkeep\n|turn|6\n|\n|t:|1781400344\n|move|p2a: Corviknight|Brave Bird|p1a: Primarina\n|-damage|p1a: Primarina|160/268\n|-damage|p2a: Corviknight|74/288 brn|[from] Recoil\n|move|p1a: Primarina|Psychic Noise|p2a: Corviknight\n|-damage|p2a: Corviknight|0 fnt\n|faint|p2a: Corviknight\n|\n|-heal|p1a: Primarina|176/268|[from] item: Leftovers\n|upkeep\n|\n|t:|1781400349\n|switch|p2a: Zarude|Zarude, L77|288/288\n|turn|7\n|\n|t:|1781400363\n|switch|p1a: Honchkrow|Honchkrow, L86, F|312/312\n|move|p2a: Zarude|Swords Dance|p2a: Zarude\n|-boost|p2a: Zarude|atk|2\n|\n|upkeep\n|turn|8\n|\n|t:|1781400368\n|move|p2a: Zarude|Close Combat|p1a: Honchkrow\n|-damage|p1a: Honchkrow|0 fnt\n|-unboost|p2a: Zarude|def|1\n|-unboost|p2a: Zarude|spd|1\n|faint|p1a: Honchkrow\n|-damage|p2a: Zarude|260/288|[from] item: Life Orb\n|\n|upkeep\n|\n|t:|1781400374\n|switch|p1a: Arceus|Arceus-Fairy, L69|280/280\n|-damage|p1a: Arceus|245/280|[from] Stealth Rock\n|turn|9\n|\n|t:|1781400377\n|move|p1a: Arceus|Judgment|p2a: Zarude\n|-supereffective|p2a: Zarude\n|-damage|p2a: Zarude|0 fnt\n|faint|p2a: Zarude\n|\n|upkeep\n|c|\u2606Bigoleg|Speed tie nonsense\n|\n|t:|1781400389\n|switch|p2a: Jumpluff|Jumpluff, L87, M|271/271\n|turn|10\n|\n|t:|1781400411\n|switch|p1a: Vikavolt|Vikavolt, L83, F|263/263\n|move|p2a: Jumpluff|Leech Seed|p1a: Vikavolt|[miss]\n|-miss|p2a: Jumpluff|p1a: Vikavolt\n|\n|upkeep\n|turn|11\n|\n|t:|1781400424\n|move|p2a: Jumpluff|Leech Seed|p1a: Vikavolt\n|-start|p1a: Vikavolt|move: Leech Seed\n|move|p1a: Vikavolt|Bug Buzz|p2a: Jumpluff\n|-damage|p2a: Jumpluff|147/271\n|\n|-damage|p1a: Vikavolt|231/263|[from] Leech Seed|[of] p2a: Jumpluff\n|-heal|p2a: Jumpluff|179/271|[silent]\n|upkeep\n|turn|12\n|\n|t:|1781400432\n|move|p2a: Jumpluff|Acrobatics|p1a: Vikavolt\n|-damage|p1a: Vikavolt|150/263\n|move|p1a: Vikavolt|Bug Buzz|p2a: Jumpluff\n|-damage|p2a: Jumpluff|58/271\n|\n|-damage|p1a: Vikavolt|118/263|[from] Leech Seed|[of] p2a: Jumpluff\n|-heal|p2a: Jumpluff|90/271|[silent]\n|upkeep\n|turn|13\n|\n|t:|1781400444\n|switch|p2a: Granbull|Granbull, L88, F|302/302\n|-ability|p2a: Granbull|Intimidate|boost\n|-unboost|p1a: Vikavolt|atk|1\n|move|p1a: Vikavolt|Volt Switch|p2a: Granbull\n|-damage|p2a: Granbull|182/302\n|\n|t:|1781400455\n|switch|p1a: Coalossal|Coalossal, L89, F|326/341|[from] Volt Switch\n|\n|-heal|p2a: Granbull|200/302|[from] item: Leftovers\n|upkeep\n|turn|14\n|\n|t:|1781400458\n|move|p2a: Granbull|Earthquake|p1a: Coalossal\n|-supereffective|p1a: Coalossal\n|-damage|p1a: Coalossal|74/341\n|move|p1a: Coalossal|Will-O-Wisp|p2a: Granbull\n|-status|p2a: Granbull|brn\n|\n|-heal|p2a: Granbull|218/302 brn|[from] item: Leftovers\n|-damage|p2a: Granbull|200/302 brn|[from] brn\n|upkeep\n|turn|15\n|\n|t:|1781400468\n|switch|p1a: Vikavolt|Vikavolt, L83, F|118/263\n|move|p2a: Granbull|Earthquake|p1a: Vikavolt\n|-immune|p1a: Vikavolt|[from] ability: Levitate\n|\n|-heal|p2a: Granbull|218/302 brn|[from] item: Leftovers\n|-damage|p2a: Granbull|200/302 brn|[from] brn\n|upkeep\n|turn|16\n|\n|t:|1781400480\n|move|p2a: Granbull|Play Rough|p1a: Vikavolt\n|-damage|p1a: Vikavolt|59/263\n|move|p1a: Vikavolt|Volt Switch|p2a: Granbull\n|-damage|p2a: Granbull|83/302 brn\n|\n|t:|1781400489\n|switch|p1a: Coalossal|Coalossal, L89, F|74/341|[from] Volt Switch\n|\n|-heal|p2a: Granbull|101/302 brn|[from] item: Leftovers\n|-damage|p2a: Granbull|83/302 brn|[from] brn\n|upkeep\n|turn|17\n|\n|t:|1781400493\n|move|p2a: Granbull|Earthquake|p1a: Coalossal\n|-supereffective|p1a: Coalossal\n|-damage|p1a: Coalossal|0 fnt\n|faint|p1a: Coalossal\n|\n|-heal|p2a: Granbull|101/302 brn|[from] item: Leftovers\n|-damage|p2a: Granbull|83/302 brn|[from] brn\n|upkeep\n|\n|t:|1781400499\n|switch|p1a: Primarina|Primarina, L83, M|176/268\n|-damage|p1a: Primarina|143/268|[from] Stealth Rock\n|turn|18\n|\n|t:|1781400503\n|move|p1a: Primarina|Moonblast|p2a: Granbull\n|-damage|p2a: Granbull|0 fnt\n|faint|p2a: Granbull\n|\n|-heal|p1a: Primarina|159/268|[from] item: Leftovers\n|upkeep\n|\n|t:|1781400508\n|switch|p2a: Jumpluff|Jumpluff, L87, M|90/271\n|turn|19\n|\n|t:|1781400514\n|move|p2a: Jumpluff|Acrobatics|p1a: Primarina\n|-damage|p1a: Primarina|60/268\n|move|p1a: Primarina|Psychic Noise|p2a: Jumpluff\n|-resisted|p2a: Jumpluff\n|-damage|p2a: Jumpluff|45/271\n|-start|p2a: Jumpluff|move: Heal Block\n|\n|-heal|p1a: Primarina|76/268|[from] item: Leftovers\n|upkeep\n|turn|20\n|\n|t:|1781400522\n|move|p2a: Jumpluff|Acrobatics|p1a: Primarina\n|-damage|p1a: Primarina|0 fnt\n|faint|p1a: Primarina\n|\n|-end|p2a: Jumpluff|move: Heal Block\n|upkeep\n|\n|t:|1781400528\n|switch|p1a: Toxapex|Toxapex, L82, F|216/216\n|-damage|p1a: Toxapex|189/216|[from] Stealth Rock\n|turn|21\n|\n|t:|1781400539\n|-terastallize|p2a: Jumpluff|Steel\n|move|p2a: Jumpluff|Leech Seed|p1a: Toxapex\n|-start|p1a: Toxapex|move: Leech Seed\n|move|p1a: Toxapex|Toxic|p2a: Jumpluff\n|-immune|p2a: Jumpluff\n|\n|-heal|p1a: Toxapex|202/216|[from] item: Leftovers\n|-damage|p1a: Toxapex|175/216|[from] Leech Seed|[of] p2a: Jumpluff\n|-heal|p2a: Jumpluff|72/271|[silent]\n|upkeep\n|turn|22\n|\n|t:|1781400550\n|move|p2a: Jumpluff|Strength Sap|p1a: Toxapex\n|-unboost|p1a: Toxapex|atk|1\n|-heal|p2a: Jumpluff|222/271\n|move|p1a: Toxapex|Liquidation|p2a: Jumpluff\n|-damage|p2a: Jumpluff|171/271\n|\n|-heal|p1a: Toxapex|188/216|[from] item: Leftovers\n|-damage|p1a: Toxapex|161/216|[from] Leech Seed|[of] p2a: Jumpluff\n|-heal|p2a: Jumpluff|198/271|[silent]\n|upkeep\n|turn|23\n|\n|t:|1781400554\n|switch|p1a: Vikavolt|Vikavolt, L83, F|59/263\n|move|p2a: Jumpluff|Acrobatics|p1a: Vikavolt\n|-damage|p1a: Vikavolt|0 fnt\n|faint|p1a: Vikavolt\n|\n|upkeep\n|\n|t:|1781400556\n|switch|p1a: Arceus|Arceus-Fairy, L69|245/280\n|-damage|p1a: Arceus|210/280|[from] Stealth Rock\n|turn|24\n|\n|t:|1781400565\n|move|p2a: Jumpluff|Leech Seed|p1a: Arceus\n|-start|p1a: Arceus|move: Leech Seed\n|move|p1a: Arceus|Calm Mind|p1a: Arceus\n|-boost|p1a: Arceus|spa|1\n|-boost|p1a: Arceus|spd|1\n|\n|-damage|p1a: Arceus|175/280|[from] Leech Seed|[of] p2a: Jumpluff\n|-heal|p2a: Jumpluff|233/271|[silent]\n|upkeep\n|turn|25\n|\n|t:|1781400572\n|-terastallize|p1a: Arceus|Steel\n|move|p2a: Jumpluff|Substitute|p2a: Jumpluff\n|-start|p2a: Jumpluff|Substitute\n|-damage|p2a: Jumpluff|166/271\n|move|p1a: Arceus|Recover|p1a: Arceus\n|-heal|p1a: Arceus|280/280\n|\n|-damage|p1a: Arceus|245/280|[from] Leech Seed|[of] p2a: Jumpluff\n|-heal|p2a: Jumpluff|201/271|[silent]\n|upkeep\n|turn|26\n|\n|t:|1781400584\n|move|p2a: Jumpluff|Acrobatics|p1a: Arceus\n|-resisted|p1a: Arceus\n|-crit|p1a: Arceus\n|-damage|p1a: Arceus|191/280\n|move|p1a: Arceus|Earth Power|p2a: Jumpluff\n|-supereffective|p2a: Jumpluff\n|-end|p2a: Jumpluff|Substitute\n|\n|-damage|p1a: Arceus|156/280|[from] Leech Seed|[of] p2a: Jumpluff\n|-heal|p2a: Jumpluff|236/271|[silent]\n|upkeep\n|turn|27\n|\n|t:|1781400598\n|switch|p2a: Persian|Persian-Alola, L86, M|252/252\n|move|p1a: Arceus|Calm Mind|p1a: Arceus\n|-boost|p1a: Arceus|spa|1\n|-boost|p1a: Arceus|spd|1\n|\n|-damage|p1a: Arceus|121/280|[from] Leech Seed|[of] p2a: Persian\n|upkeep\n|turn|28\n|\n|t:|1781400602\n|move|p2a: Persian|Thunder Wave|p1a: Arceus\n|-status|p1a: Arceus|par\n|move|p1a: Arceus|Recover|p1a: Arceus\n|-heal|p1a: Arceus|261/280 par\n|\n|-damage|p1a: Arceus|226/280 par|[from] Leech Seed|[of] p2a: Persian\n|upkeep\n|turn|29\n|\n|t:|1781400606\n|move|p2a: Persian|Taunt|p1a: Arceus\n|-start|p1a: Arceus|move: Taunt\n|move|p1a: Arceus|Judgment|p2a: Persian\n|-supereffective|p2a: Persian\n|-damage|p2a: Persian|0 fnt\n|faint|p2a: Persian\n|\n|upkeep\n|\n|t:|1781400607\n|switch|p2a: Donphan|Donphan, L84, M|288/288\n|turn|30\n|c|\u2606Bigoleg|Gg\n|\n|t:|1781400613\n|move|p2a: Donphan|Earthquake|p1a: Arceus\n|-supereffective|p1a: Arceus\n|-damage|p1a: Arceus|0 fnt\n|faint|p1a: Arceus\n|\n|upkeep\n|\n|t:|1781400615\n|switch|p1a: Toxapex|Toxapex, L82, F|216/216\n|-damage|p1a: Toxapex|189/216|[from] Stealth Rock\n|turn|31\n|-message|Pecoplush forfeited.\n|\n|win|Bigoleg\n", "uploadtime": 1781400280, "views": 3, "formatid": "gen9randombattle", "rating": null, "private": 0, "password": null}