{"id": "gen9randombattle-2631471463", "format": "[Gen 9] Random Battle", "players": ["jim150454", "duuhhao"], "log": "|j|\u2606jim150454\n|j|\u2606duuhhao\n|t:|1781388932\n|gametype|singles\n|player|p1|jim150454|169|2053\n|player|p2|duuhhao|clair|2246\n|gen|9\n|tier|[Gen 9] Random Battle\n|rated|\n|rule|Species Clause: Limit one of each Pok\u00e9mon\n|rule|HP Percentage Mod: HP is shown in percentages\n|rule|Sleep Clause Mod: Limit one foe put to sleep\n|rule|Illusion Level Mod: Illusion disguises the Pok\u00e9mon's true level\n|\n|t:|1781388932\n|teamsize|p1|6\n|teamsize|p2|6\n|start\n|switch|p1a: Torkoal|Torkoal, L88, F|266/266\n|switch|p2a: Zapdos|Zapdos-Galar, L77|265/265\n|-weather|SunnyDay|[from] ability: Drought|[of] p1a: Torkoal\n|turn|1\n|inactive|Battle timer is ON: inactive players will automatically lose when time's up. (requested by jim150454)\n|\n|t:|1781388954\n|move|p2a: Zapdos|Brave Bird|p1a: Torkoal\n|-crit|p1a: Torkoal\n|-damage|p1a: Torkoal|136/266\n|-damage|p2a: Zapdos|222/265|[from] Recoil\n|move|p1a: Torkoal|Lava Plume|p2a: Zapdos\n|-damage|p2a: Zapdos|92/265\n|-status|p2a: Zapdos|brn\n|\n|-weather|SunnyDay|[upkeep]\n|-damage|p2a: Zapdos|76/265 brn|[from] brn\n|upkeep\n|turn|2\n|\n|t:|1781388962\n|move|p2a: Zapdos|Brave Bird|p1a: Torkoal\n|-damage|p1a: Torkoal|97/266\n|-damage|p2a: Zapdos|63/265 brn|[from] Recoil\n|move|p1a: Torkoal|Stealth Rock|p2a: Zapdos\n|-sidestart|p2: duuhhao|move: Stealth Rock\n|\n|-weather|SunnyDay|[upkeep]\n|-damage|p2a: Zapdos|47/265 brn|[from] brn\n|upkeep\n|turn|3\n|\n|t:|1781388968\n|move|p2a: Zapdos|Brave Bird|p1a: Torkoal\n|-damage|p1a: Torkoal|57/266\n|-damage|p2a: Zapdos|34/265 brn|[from] Recoil\n|move|p1a: Torkoal|Solar Beam||[still]\n|-prepare|p1a: Torkoal|Solar Beam\n|-anim|p1a: Torkoal|Solar Beam|p2a: Zapdos\n|-resisted|p2a: Zapdos\n|-damage|p2a: Zapdos|0 fnt\n|faint|p2a: Zapdos\n|\n|-weather|SunnyDay|[upkeep]\n|upkeep\n|\n|t:|1781388975\n|switch|p2a: Hariyama|Hariyama, L87, F|392/392\n|-damage|p2a: Hariyama|368/392|[from] Stealth Rock\n|turn|4\n|\n|t:|1781388980\n|move|p2a: Hariyama|Close Combat|p1a: Torkoal\n|-damage|p1a: Torkoal|0 fnt\n|-unboost|p2a: Hariyama|def|1\n|-unboost|p2a: Hariyama|spd|1\n|faint|p1a: Torkoal\n|\n|-weather|SunnyDay|[upkeep]\n|-status|p2a: Hariyama|brn|[from] item: Flame Orb\n|upkeep\n|\n|t:|1781388984\n|switch|p1a: Staraptor|Staraptor, L79, F|263/263\n|turn|5\n|\n|t:|1781388991\n|move|p1a: Staraptor|Brave Bird|p2a: Hariyama\n|-supereffective|p2a: Hariyama\n|-damage|p2a: Hariyama|0 fnt\n|faint|p2a: Hariyama\n|-damage|p1a: Staraptor|142/263|[from] Recoil\n|\n|-weather|none\n|upkeep\n|\n|t:|1781388996\n|switch|p2a: Hydreigon|Hydreigon, L79, F|275/275\n|-damage|p2a: Hydreigon|241/275|[from] Stealth Rock\n|turn|6\n|\n|t:|1781389006\n|switch|p1a: Shiftry|Shiftry, L89, F|305/305\n|move|p2a: Hydreigon|Dark Pulse|p1a: Shiftry\n|-resisted|p1a: Shiftry\n|-crit|p1a: Shiftry\n|-damage|p1a: Shiftry|182/305\n|\n|upkeep\n|turn|7\n|\n|t:|1781389018\n|move|p2a: Hydreigon|Dark Pulse|p1a: Shiftry\n|-resisted|p1a: Shiftry\n|-damage|p1a: Shiftry|98/305\n|move|p1a: Shiftry|Tailwind|p1a: Shiftry\n|-sidestart|p1: jim150454|move: Tailwind\n|-ability|p1a: Shiftry|Wind Rider|boost\n|-boost|p1a: Shiftry|atk|1\n|\n|upkeep\n|turn|8\n|\n|t:|1781389024\n|move|p1a: Shiftry|Low Kick|p2a: Hydreigon\n|-supereffective|p2a: Hydreigon\n|-damage|p2a: Hydreigon|0 fnt\n|faint|p2a: Hydreigon\n|-damage|p1a: Shiftry|68/305|[from] item: Life Orb\n|\n|upkeep\n|\n|t:|1781389028\n|switch|p2a: Kricketune|Kricketune, L99, F|312/312\n|turn|9\n|\n|t:|1781389031\n|move|p1a: Shiftry|Knock Off|p2a: Kricketune\n|-damage|p2a: Kricketune|51/312\n|-enditem|p2a: Kricketune|Heavy-Duty Boots|[from] move: Knock Off|[of] p1a: Shiftry\n|-damage|p1a: Shiftry|38/305|[from] item: Life Orb\n|move|p2a: Kricketune|Sticky Web|p1a: Shiftry\n|-sidestart|p1: jim150454|move: Sticky Web\n|\n|upkeep\n|turn|10\n|\n|t:|1781389034\n|move|p1a: Shiftry|Knock Off|p2a: Kricketune\n|-damage|p2a: Kricketune|0 fnt\n|faint|p2a: Kricketune\n|-damage|p1a: Shiftry|8/305|[from] item: Life Orb\n|\n|-sideend|p1: jim150454|move: Tailwind\n|upkeep\n|\n|t:|1781389039\n|switch|p2a: Quagsire|Quagsire, L84, F|297/297\n|-damage|p2a: Quagsire|279/297|[from] Stealth Rock\n|turn|11\n|\n|t:|1781389046\n|move|p1a: Shiftry|Knock Off|p2a: Quagsire\n|-damage|p2a: Quagsire|119/297\n|-enditem|p2a: Quagsire|Leftovers|[from] move: Knock Off|[of] p1a: Shiftry\n|-damage|p1a: Shiftry|0 fnt|[from] item: Life Orb\n|faint|p1a: Shiftry\n|move|p2a: Quagsire|Recover|p2a: Quagsire\n|-heal|p2a: Quagsire|268/297\n|\n|upkeep\n|\n|t:|1781389049\n|switch|p1a: Decidueye|Decidueye, L88, M|281/281\n|-activate|p1a: Decidueye|move: Sticky Web\n|-unboost|p1a: Decidueye|spe|1\n|turn|12\n|\n|t:|1781389055\n|move|p1a: Decidueye|Leaf Storm|p2a: Quagsire\n|-supereffective|p2a: Quagsire\n|-damage|p2a: Quagsire|0 fnt\n|-unboost|p1a: Decidueye|spa|2\n|faint|p2a: Quagsire\n|-damage|p1a: Decidueye|253/281|[from] item: Life Orb\n|\n|upkeep\n|\n|t:|1781389057\n|switch|p2a: Sylveon|Sylveon, L85, F|300/300\n|-damage|p2a: Sylveon|263/300|[from] Stealth Rock\n|turn|13\n|\n|t:|1781389062\n|move|p2a: Sylveon|Calm Mind|p2a: Sylveon\n|-boost|p2a: Sylveon|spa|1\n|-boost|p2a: Sylveon|spd|1\n|move|p1a: Decidueye|Knock Off|p2a: Sylveon\n|-resisted|p2a: Sylveon\n|-damage|p2a: Sylveon|193/300\n|-enditem|p2a: Sylveon|Leftovers|[from] move: Knock Off|[of] p1a: Decidueye\n|-damage|p1a: Decidueye|225/281|[from] item: Life Orb\n|\n|upkeep\n|turn|14\n|\n|t:|1781389069\n|move|p2a: Sylveon|Wish|p2a: Sylveon\n|move|p1a: Decidueye|Spirit Shackle|p2a: Sylveon\n|-damage|p2a: Sylveon|29/300\n|-activate|p2a: Sylveon|trapped\n|-damage|p1a: Decidueye|197/281|[from] item: Life Orb\n|\n|upkeep\n|turn|15\n|\n|t:|1781389074\n|switch|p1a: Staraptor|Staraptor, L79, F|142/263\n|move|p2a: Sylveon|Protect||[still]\n|-fail|p2a: Sylveon\n|\n|-heal|p2a: Sylveon|179/300|[from] move: Wish|[wisher] Sylveon\n|upkeep\n|turn|16\n|\n|t:|1781389078\n|move|p2a: Sylveon|Protect|p2a: Sylveon\n|-singleturn|p2a: Sylveon|Protect\n|move|p1a: Staraptor|Brave Bird|p2a: Sylveon\n|-activate|p2a: Sylveon|move: Protect\n|\n|upkeep\n|turn|17\n|\n|t:|1781389084\n|switch|p1a: Decidueye|Decidueye, L88, M|197/281\n|-activate|p1a: Decidueye|move: Sticky Web\n|-unboost|p1a: Decidueye|spe|1\n|-terastallize|p2a: Sylveon|Steel\n|move|p2a: Sylveon|Hyper Voice|p1a: Decidueye\n|-damage|p1a: Decidueye|28/281\n|\n|upkeep\n|turn|18\n|\n|t:|1781389089\n|move|p2a: Sylveon|Wish|p2a: Sylveon\n|move|p1a: Decidueye|Spirit Shackle|p2a: Sylveon\n|-damage|p2a: Sylveon|31/300\n|-activate|p2a: Sylveon|trapped\n|-damage|p1a: Decidueye|0 fnt|[from] item: Life Orb\n|faint|p1a: Decidueye\n|\n|upkeep\n|\n|t:|1781389094\n|switch|p1a: Staraptor|Staraptor, L79, F|142/263\n|turn|19\n|\n|t:|1781389098\n|-terastallize|p1a: Staraptor|Fighting\n|move|p2a: Sylveon|Protect|p2a: Sylveon\n|-singleturn|p2a: Sylveon|Protect\n|move|p1a: Staraptor|Close Combat|p2a: Sylveon\n|-activate|p2a: Sylveon|move: Protect\n|\n|-heal|p2a: Sylveon|181/300|[from] move: Wish|[wisher] Sylveon\n|upkeep\n|turn|20\n|\n|t:|1781389100\n|move|p1a: Staraptor|Close Combat|p2a: Sylveon\n|-supereffective|p2a: Sylveon\n|-damage|p2a: Sylveon|0 fnt\n|-unboost|p1a: Staraptor|def|1\n|-unboost|p1a: Staraptor|spd|1\n|faint|p2a: Sylveon\n|\n|win|jim150454\n|raw|jim150454's rating: 2053 &rarr; <strong>2083</strong><br />(+30 for winning)\n|raw|duuhhao's rating: 2246 &rarr; <strong>2216</strong><br />(-30 for losing)\n", "uploadtime": 1781388934, "views": 5, "formatid": "gen9randombattle", "rating": 2083, "private": 0, "password": null}