{"id": "gen9randombattle-2631933625", "format": "[Gen 9] Random Battle", "players": ["ifishboi", "TransGirlFromHell"], "log": "|j|\u203difishboi\n|j|\u2606TransGirlFromHell\n|t:|1781457211\n|gametype|singles\n|player|p1|ifishboi|roxie-masters|1903\n|player|p2|TransGirlFromHell|candice|1918\n|gen|9\n|tier|[Gen 9] Random Battle\n|rated|\n|rule|Species Clause: Limit one of each Pok\u00e9mon\n|rule|HP Percentage Mod: HP is shown in percentages\n|rule|Sleep Clause Mod: Limit one foe put to sleep\n|rule|Illusion Level Mod: Illusion disguises the Pok\u00e9mon's true level\n|\n|t:|1781457211\n|teamsize|p1|6\n|teamsize|p2|6\n|start\n|switch|p1a: Rabsca|Rabsca, L91, F|284/284\n|switch|p2a: Mienshao|Mienshao, L83, F|243/243\n|turn|1\n|\n|t:|1781457259\n|switch|p2a: Mew|Mew, L82|298/298\n|switch|p1a: Forretress|Forretress, L84, F|263/263\n|\n|upkeep\n|turn|2\n|\n|t:|1781457268\n|move|p2a: Mew|Swords Dance|p2a: Mew\n|-boost|p2a: Mew|atk|2\n|move|p1a: Forretress|Thunder Wave|p2a: Mew|[miss]\n|-miss|p1a: Forretress|p2a: Mew\n|\n|upkeep\n|turn|3\n|\n|t:|1781457272\n|move|p2a: Mew|Knock Off|p1a: Forretress\n|-damage|p1a: Forretress|143/263\n|-enditem|p1a: Forretress|Leftovers|[from] move: Knock Off|[of] p2a: Mew\n|-damage|p2a: Mew|269/298|[from] item: Life Orb\n|move|p1a: Forretress|Thunder Wave|p2a: Mew\n|-status|p2a: Mew|par\n|-activate|p2a: Mew|ability: Synchronize\n|-status|p1a: Forretress|par\n|\n|upkeep\n|turn|4\n|\n|t:|1781457275\n|cant|p2a: Mew|par\n|move|p1a: Forretress|Stealth Rock|p2a: Mew\n|-sidestart|p2: TransGirlFromHell|move: Stealth Rock\n|\n|upkeep\n|turn|5\n|\n|t:|1781457281\n|move|p2a: Mew|Swords Dance|p2a: Mew\n|-boost|p2a: Mew|atk|2\n|move|p1a: Forretress|Iron Head|p2a: Mew\n|-damage|p2a: Mew|200/298 par\n|\n|upkeep\n|turn|6\n|\n|t:|1781457284\n|cant|p2a: Mew|par\n|move|p1a: Forretress|Iron Head|p2a: Mew\n|-damage|p2a: Mew|128/298 par\n|\n|upkeep\n|turn|7\n|\n|t:|1781457287\n|move|p2a: Mew|Close Combat|p1a: Forretress\n|-damage|p1a: Forretress|0 fnt\n|-unboost|p2a: Mew|def|1\n|-unboost|p2a: Mew|spd|1\n|faint|p1a: Forretress\n|-damage|p2a: Mew|99/298 par|[from] item: Life Orb\n|\n|upkeep\n|\n|t:|1781457301\n|switch|p1a: Ampharos|Ampharos, L88, M|302/302\n|turn|8\n|\n|t:|1781457304\n|move|p1a: Ampharos|Volt Switch|p2a: Mew\n|-damage|p2a: Mew|0 fnt\n|faint|p2a: Mew\n|\n|t:|1781457308\n|switch|p1a: Rabsca|Rabsca, L91, F|284/284|[from] Volt Switch\n|\n|upkeep\n|\n|t:|1781457315\n|switch|p2a: Salamence|Salamence, L77, F|273/273\n|turn|9\n|\n|t:|1781457342\n|switch|p1a: Meowstic|Meowstic, L89, M|277/277\n|move|p2a: Salamence|Dragon Dance|p2a: Salamence\n|-boost|p2a: Salamence|atk|1\n|-boost|p2a: Salamence|spe|1\n|\n|upkeep\n|turn|10\n|\n|t:|1781457349\n|move|p1a: Meowstic|Reflect|p1a: Meowstic\n|-sidestart|p1: ifishboi|Reflect\n|move|p2a: Salamence|Dual Wingbeat|p1a: Meowstic\n|-damage|p1a: Meowstic|241/277\n|-damage|p1a: Meowstic|208/277\n|-hitcount|p1a: Meowstic|2\n|\n|upkeep\n|turn|11\n|\n|t:|1781457369\n|move|p1a: Meowstic|Thunder Wave|p2a: Salamence\n|-status|p2a: Salamence|par\n|move|p2a: Salamence|Dragon Dance|p2a: Salamence\n|-boost|p2a: Salamence|atk|1\n|-boost|p2a: Salamence|spe|1\n|\n|upkeep\n|turn|12\n|\n|t:|1781457376\n|switch|p1a: Umbreon|Umbreon, L84, F|297/297\n|cant|p2a: Salamence|par\n|\n|upkeep\n|turn|13\n|\n|t:|1781457379\n|move|p2a: Salamence|Outrage|p1a: Umbreon\n|-damage|p1a: Umbreon|176/297\n|move|p1a: Umbreon|Foul Play|p2a: Salamence\n|-damage|p2a: Salamence|0 fnt\n|faint|p2a: Salamence\n|\n|-heal|p1a: Umbreon|194/297|[from] item: Leftovers\n|upkeep\n|\n|t:|1781457384\n|switch|p2a: Okidogi|Okidogi, L77, M|262/262\n|-damage|p2a: Okidogi|246/262|[from] Stealth Rock\n|turn|14\n|\n|t:|1781457401\n|switch|p1a: Meowstic|Meowstic, L89, M|208/277\n|move|p2a: Okidogi|Knock Off|p1a: Meowstic\n|-supereffective|p1a: Meowstic\n|-damage|p1a: Meowstic|136/277\n|-enditem|p1a: Meowstic|Light Clay|[from] move: Knock Off|[of] p2a: Okidogi\n|\n|upkeep\n|turn|15\n|\n|t:|1781457405\n|switch|p2a: Sandaconda|Sandaconda, L84, F|258/258\n|-damage|p2a: Sandaconda|242/258|[from] Stealth Rock\n|move|p1a: Meowstic|Thunder Wave|p2a: Sandaconda\n|-immune|p2a: Sandaconda\n|\n|-heal|p2a: Sandaconda|258/258|[from] item: Leftovers\n|upkeep\n|turn|16\n|\n|t:|1781457415\n|move|p1a: Meowstic|Psychic Noise|p2a: Sandaconda\n|-damage|p2a: Sandaconda|170/258\n|-start|p2a: Sandaconda|move: Heal Block\n|move|p2a: Sandaconda|Coil|p2a: Sandaconda\n|-boost|p2a: Sandaconda|atk|1\n|-boost|p2a: Sandaconda|def|1\n|-boost|p2a: Sandaconda|accuracy|1\n|\n|upkeep\n|turn|17\n|\n|t:|1781457421\n|switch|p1a: Rabsca|Rabsca, L91, F|284/284\n|move|p2a: Sandaconda|Stone Edge|p1a: Rabsca\n|-supereffective|p1a: Rabsca\n|-damage|p1a: Rabsca|182/284\n|\n|-end|p2a: Sandaconda|move: Heal Block\n|-sideend|p1: ifishboi|Reflect\n|upkeep\n|turn|18\n|\n|t:|1781457428\n|switch|p1a: Meowstic|Meowstic, L89, M|136/277\n|move|p2a: Sandaconda|Stone Edge|p1a: Meowstic\n|-crit|p1a: Meowstic\n|-damage|p1a: Meowstic|0 fnt\n|faint|p1a: Meowstic\n|\n|-heal|p2a: Sandaconda|186/258|[from] item: Leftovers\n|upkeep\n|\n|t:|1781457440\n|switch|p1a: Mimikyu|Mimikyu, L79, M|216/216\n|turn|19\n|\n|t:|1781457444\n|move|p1a: Mimikyu|Swords Dance|p1a: Mimikyu\n|-boost|p1a: Mimikyu|atk|2\n|move|p2a: Sandaconda|Earthquake|p1a: Mimikyu\n|-activate|p1a: Mimikyu|ability: Disguise\n|-damage|p1a: Mimikyu|216/216\n|detailschange|p1a: Mimikyu|Mimikyu-Busted, L79, M\n|-damage|p1a: Mimikyu|189/216|[from] pokemon: Mimikyu-Busted\n|\n|-heal|p2a: Sandaconda|202/258|[from] item: Leftovers\n|upkeep\n|turn|20\n|\n|t:|1781457448\n|move|p1a: Mimikyu|Shadow Claw|p2a: Sandaconda\n|-damage|p2a: Sandaconda|124/258\n|-damage|p1a: Mimikyu|168/216|[from] item: Life Orb\n|move|p2a: Sandaconda|Earthquake|p1a: Mimikyu\n|-damage|p1a: Mimikyu|0 fnt\n|faint|p1a: Mimikyu\n|\n|-heal|p2a: Sandaconda|140/258|[from] item: Leftovers\n|upkeep\n|-message|ifishboi forfeited.\n|\n|win|TransGirlFromHell\n", "uploadtime": 1781457213, "views": 4, "formatid": "gen9randombattle", "rating": null, "private": 0, "password": null}