{"id": "gen9randombattle-2631395388", "format": "[Gen 9] Random Battle", "players": ["cewki", "Arcangel666"], "log": "|j|\u2606cewki\n|j|\u2606Arcangel666\n|t:|1781379561\n|gametype|singles\n|player|p1|cewki|iono|1933\n|player|p2|Arcangel666|piers-masters|2003\n|gen|9\n|tier|[Gen 9] Random Battle\n|rated|\n|rule|Species Clause: Limit one of each Pok\u00e9mon\n|rule|HP Percentage Mod: HP is shown in percentages\n|rule|Sleep Clause Mod: Limit one foe put to sleep\n|rule|Illusion Level Mod: Illusion disguises the Pok\u00e9mon's true level\n|\n|t:|1781379561\n|teamsize|p1|6\n|teamsize|p2|6\n|start\n|switch|p1a: Hippowdon|Hippowdon, L82, F|311/311\n|switch|p2a: Girafarig|Girafarig, L89, F|269/269\n|-weather|Sandstorm|[from] ability: Sand Stream|[of] p1a: Hippowdon\n|turn|1\n|\n|t:|1781379572\n|switch|p2a: Brute Bonnet|Brute Bonnet, L80|309/309\n|move|p1a: Hippowdon|Stealth Rock|p2a: Brute Bonnet\n|-sidestart|p2: Arcangel666|move: Stealth Rock\n|\n|-weather|Sandstorm|[upkeep]\n|-damage|p2a: Brute Bonnet|290/309|[from] Sandstorm\n|-heal|p2a: Brute Bonnet|309/309|[from] item: Leftovers\n|upkeep\n|turn|2\n|\n|t:|1781379581\n|switch|p1a: Meganium|Meganium, L90, M|290/290\n|move|p2a: Brute Bonnet|Spore|p1a: Meganium\n|-immune|p1a: Meganium\n|\n|-weather|Sandstorm|[upkeep]\n|-damage|p1a: Meganium|272/290|[from] Sandstorm\n|-damage|p2a: Brute Bonnet|290/309|[from] Sandstorm\n|-heal|p1a: Meganium|290/290|[from] item: Leftovers\n|-heal|p2a: Brute Bonnet|309/309|[from] item: Leftovers\n|upkeep\n|turn|3\n|\n|t:|1781379591\n|-end|p2a: Brute Bonnet|Protosynthesis|[silent]\n|switch|p2a: Talonflame|Talonflame, L83, M|265/265\n|move|p1a: Meganium|Swords Dance|p1a: Meganium\n|-boost|p1a: Meganium|atk|2\n|\n|-weather|Sandstorm|[upkeep]\n|-damage|p2a: Talonflame|249/265|[from] Sandstorm\n|-damage|p1a: Meganium|272/290|[from] Sandstorm\n|-heal|p1a: Meganium|290/290|[from] item: Leftovers\n|upkeep\n|turn|4\n|\n|t:|1781379600\n|move|p2a: Talonflame|Will-O-Wisp|p1a: Meganium\n|-status|p1a: Meganium|brn\n|move|p1a: Meganium|Knock Off|p2a: Talonflame\n|-damage|p2a: Talonflame|160/265\n|-enditem|p2a: Talonflame|Heavy-Duty Boots|[from] move: Knock Off|[of] p1a: Meganium\n|\n|-weather|Sandstorm|[upkeep]\n|-damage|p2a: Talonflame|144/265|[from] Sandstorm\n|-damage|p1a: Meganium|272/290 brn|[from] Sandstorm\n|-heal|p1a: Meganium|290/290 brn|[from] item: Leftovers\n|-damage|p1a: Meganium|272/290 brn|[from] brn\n|upkeep\n|turn|5\n|\n|t:|1781379623\n|move|p2a: Talonflame|Overheat|p1a: Meganium|[miss]\n|-miss|p2a: Talonflame|p1a: Meganium\n|move|p1a: Meganium|Knock Off|p2a: Talonflame\n|-damage|p2a: Talonflame|90/265\n|\n|-weather|none\n|-heal|p1a: Meganium|290/290 brn|[from] item: Leftovers\n|-damage|p1a: Meganium|272/290 brn|[from] brn\n|upkeep\n|turn|6\n|\n|t:|1781379638\n|move|p2a: Talonflame|Roost|p2a: Talonflame\n|-heal|p2a: Talonflame|223/265\n|-singleturn|p2a: Talonflame|move: Roost\n|move|p1a: Meganium|Knock Off|p2a: Talonflame\n|-damage|p2a: Talonflame|169/265\n|\n|-heal|p1a: Meganium|290/290 brn|[from] item: Leftovers\n|-damage|p1a: Meganium|272/290 brn|[from] brn\n|upkeep\n|turn|7\n|\n|t:|1781379649\n|move|p2a: Talonflame|Overheat|p1a: Meganium\n|-supereffective|p1a: Meganium\n|-damage|p1a: Meganium|86/290 brn\n|-unboost|p2a: Talonflame|spa|2\n|move|p1a: Meganium|Knock Off|p2a: Talonflame\n|-damage|p2a: Talonflame|111/265\n|\n|-heal|p1a: Meganium|104/290 brn|[from] item: Leftovers\n|-damage|p1a: Meganium|86/290 brn|[from] brn\n|upkeep\n|turn|8\n|\n|t:|1781379656\n|move|p2a: Talonflame|Roost|p2a: Talonflame\n|-heal|p2a: Talonflame|244/265\n|-singleturn|p2a: Talonflame|move: Roost\n|move|p1a: Meganium|Knock Off|p2a: Talonflame\n|-damage|p2a: Talonflame|187/265\n|\n|-heal|p1a: Meganium|104/290 brn|[from] item: Leftovers\n|-damage|p1a: Meganium|86/290 brn|[from] brn\n|upkeep\n|turn|9\n|\n|t:|1781379663\n|move|p2a: Talonflame|Brave Bird|p1a: Meganium\n|-supereffective|p1a: Meganium\n|-damage|p1a: Meganium|0 fnt\n|faint|p1a: Meganium\n|-damage|p2a: Talonflame|159/265|[from] Recoil\n|\n|upkeep\n|\n|t:|1781379668\n|switch|p1a: Luxray|Luxray, L88, F|283/283\n|turn|10\n|\n|t:|1781379674\n|switch|p2a: Weezing|Weezing-Galar, L86, M|252/252\n|-damage|p2a: Weezing|221/252|[from] Stealth Rock\n|move|p1a: Luxray|Trailblaze|p2a: Weezing\n|-resisted|p2a: Weezing\n|-damage|p2a: Weezing|204/252\n|-boost|p1a: Luxray|spe|1\n|\n|-heal|p2a: Weezing|219/252|[from] item: Leftovers\n|-status|p1a: Luxray|brn|[from] item: Flame Orb\n|upkeep\n|turn|11\n|\n|t:|1781379690\n|-terastallize|p1a: Luxray|Normal\n|move|p1a: Luxray|Facade|p2a: Weezing\n|-damage|p2a: Weezing|0 fnt\n|faint|p2a: Weezing\n|\n|-damage|p1a: Luxray|266/283 brn|[from] brn\n|upkeep\n|\n|t:|1781379696\n|switch|p2a: Hitmontop|Hitmontop, L88, M|231/231\n|-damage|p2a: Hitmontop|217/231|[from] Stealth Rock\n|turn|12\n|\n|t:|1781379704\n|move|p1a: Luxray|Facade|p2a: Hitmontop\n|-damage|p2a: Hitmontop|0 fnt\n|faint|p2a: Hitmontop\n|\n|-damage|p1a: Luxray|249/283 brn|[from] brn\n|upkeep\n|\n|t:|1781379708\n|switch|p2a: Quaquaval|Quaquaval, L79, F|264/264\n|-damage|p2a: Quaquaval|248/264|[from] Stealth Rock\n|turn|13\n|\n|t:|1781379725\n|-terastallize|p2a: Quaquaval|Steel\n|move|p1a: Luxray|Supercell Slam|p2a: Quaquaval\n|-damage|p2a: Quaquaval|19/264\n|move|p2a: Quaquaval|Close Combat|p1a: Luxray\n|-supereffective|p1a: Luxray\n|-damage|p1a: Luxray|0 fnt\n|-unboost|p2a: Quaquaval|def|1\n|-unboost|p2a: Quaquaval|spd|1\n|faint|p1a: Luxray\n|-ability|p2a: Quaquaval|Moxie|boost\n|-boost|p2a: Quaquaval|atk|1\n|\n|-heal|p2a: Quaquaval|35/264|[from] item: Leftovers\n|upkeep\n|\n|t:|1781379747\n|switch|p1a: Cryogonal|Cryogonal, L89|287/287\n|turn|14\n|\n|t:|1781379753\n|move|p1a: Cryogonal|Ice Beam|p2a: Quaquaval\n|-resisted|p2a: Quaquaval\n|-damage|p2a: Quaquaval|0 fnt\n|faint|p2a: Quaquaval\n|\n|upkeep\n|\n|t:|1781379759\n|switch|p2a: Girafarig|Girafarig, L89, F|269/269\n|-damage|p2a: Girafarig|236/269|[from] Stealth Rock\n|turn|15\n|\n|t:|1781379763\n|move|p1a: Cryogonal|Ice Beam|p2a: Girafarig\n|-damage|p2a: Girafarig|155/269\n|move|p2a: Girafarig|Nasty Plot|p2a: Girafarig\n|-boost|p2a: Girafarig|spa|2\n|\n|upkeep\n|turn|16\n|\n|t:|1781379768\n|move|p1a: Cryogonal|Ice Beam|p2a: Girafarig\n|-damage|p2a: Girafarig|65/269\n|move|p2a: Girafarig|Psyshock|p1a: Cryogonal\n|-damage|p1a: Cryogonal|26/287\n|\n|upkeep\n|turn|17\n|\n|t:|1781379772\n|move|p1a: Cryogonal|Ice Beam|p2a: Girafarig\n|-damage|p2a: Girafarig|0 fnt\n|faint|p2a: Girafarig\n|\n|upkeep\n|\n|t:|1781379777\n|switch|p2a: Talonflame|Talonflame, L83, M|159/265\n|-damage|p2a: Talonflame|27/265|[from] Stealth Rock\n|turn|18\n|\n|t:|1781379782\n|move|p2a: Talonflame|Roost|p2a: Talonflame\n|-heal|p2a: Talonflame|160/265\n|-singleturn|p2a: Talonflame|move: Roost\n|move|p1a: Cryogonal|Ice Beam|p2a: Talonflame\n|-resisted|p2a: Talonflame\n|-damage|p2a: Talonflame|94/265\n|\n|upkeep\n|turn|19\n|\n|t:|1781379793\n|move|p2a: Talonflame|Roost|p2a: Talonflame\n|-heal|p2a: Talonflame|227/265\n|-singleturn|p2a: Talonflame|move: Roost\n|move|p1a: Cryogonal|Tera Blast|p2a: Talonflame\n|-damage|p2a: Talonflame|154/265\n|\n|upkeep\n|turn|20\n|\n|t:|1781379797\n|move|p2a: Talonflame|Brave Bird|p1a: Cryogonal\n|-damage|p1a: Cryogonal|0 fnt\n|faint|p1a: Cryogonal\n|-damage|p2a: Talonflame|145/265|[from] Recoil\n|\n|upkeep\n|\n|t:|1781379800\n|switch|p1a: Hippowdon|Hippowdon, L82, F|311/311\n|-weather|Sandstorm|[from] ability: Sand Stream|[of] p1a: Hippowdon\n|turn|21\n|\n|t:|1781379805\n|move|p2a: Talonflame|Will-O-Wisp|p1a: Hippowdon\n|-status|p1a: Hippowdon|brn\n|move|p1a: Hippowdon|Stone Edge|p2a: Talonflame\n|-supereffective|p2a: Talonflame\n|-damage|p2a: Talonflame|0 fnt\n|faint|p2a: Talonflame\n|\n|-weather|Sandstorm|[upkeep]\n|-damage|p1a: Hippowdon|292/311 brn|[from] brn\n|upkeep\n|\n|t:|1781379808\n|switch|p2a: Brute Bonnet|Brute Bonnet, L80|309/309\n|-damage|p2a: Brute Bonnet|271/309|[from] Stealth Rock\n|turn|22\n|\n|t:|1781379814\n|move|p2a: Brute Bonnet|Seed Bomb|p1a: Hippowdon\n|-supereffective|p1a: Hippowdon\n|-damage|p1a: Hippowdon|146/311 brn\n|move|p1a: Hippowdon|Stone Edge|p2a: Brute Bonnet\n|-damage|p2a: Brute Bonnet|236/309\n|\n|-weather|Sandstorm|[upkeep]\n|-damage|p2a: Brute Bonnet|217/309|[from] Sandstorm\n|-heal|p2a: Brute Bonnet|236/309|[from] item: Leftovers\n|-heal|p1a: Hippowdon|165/311 brn|[from] item: Leftovers\n|-damage|p1a: Hippowdon|146/311 brn|[from] brn\n|upkeep\n|turn|23\n|\n|t:|1781379819\n|move|p2a: Brute Bonnet|Seed Bomb|p1a: Hippowdon\n|-supereffective|p1a: Hippowdon\n|-damage|p1a: Hippowdon|0 fnt\n|faint|p1a: Hippowdon\n|\n|-weather|Sandstorm|[upkeep]\n|-damage|p2a: Brute Bonnet|217/309|[from] Sandstorm\n|-heal|p2a: Brute Bonnet|236/309|[from] item: Leftovers\n|upkeep\n|\n|t:|1781379834\n|switch|p1a: Venomoth|Venomoth, L84, M|255/255\n|turn|24\n|\n|t:|1781379838\n|move|p1a: Venomoth|Bug Buzz|p2a: Brute Bonnet\n|-supereffective|p2a: Brute Bonnet\n|-damage|p2a: Brute Bonnet|0 fnt\n|faint|p2a: Brute Bonnet\n|-end|p2a: Brute Bonnet|Protosynthesis|[silent]\n|\n|win|cewki\n", "uploadtime": 1781379563, "views": 6, "formatid": "gen9randombattle", "rating": null, "private": 0, "password": null}