{"id": "gen9randombattle-2632006752", "format": "[Gen 9] Random Battle", "players": ["ivancrist\u2206", "justinprim"], "log": "|j|\u2606ivancrist\u2206\n|j|\u2606justinprim\n|t:|1781465229\n|gametype|singles\n|player|p1|ivancrist\u2206|169|1902\n|player|p2|justinprim|101|1998\n|gen|9\n|tier|[Gen 9] Random Battle\n|rated|\n|rule|Species Clause: Limit one of each Pok\u00e9mon\n|rule|HP Percentage Mod: HP is shown in percentages\n|rule|Sleep Clause Mod: Limit one foe put to sleep\n|rule|Illusion Level Mod: Illusion disguises the Pok\u00e9mon's true level\n|\n|t:|1781465229\n|teamsize|p1|6\n|teamsize|p2|6\n|start\n|switch|p1a: Dunsparce|Dunsparce, L86, M|312/312\n|switch|p2a: Probopass|Probopass, L91, M|257/257\n|turn|1\n|inactive|Battle timer is ON: inactive players will automatically lose when time's up. (requested by ivancrist\u2206)\n|\n|t:|1781465240\n|switch|p2a: Uxie|Uxie, L83|260/260\n|move|p1a: Dunsparce|Coil|p1a: Dunsparce\n|-boost|p1a: Dunsparce|atk|1\n|-boost|p1a: Dunsparce|def|1\n|-boost|p1a: Dunsparce|accuracy|1\n|\n|upkeep\n|turn|2\n|\n|t:|1781465243\n|move|p2a: Uxie|Thunder Wave|p1a: Dunsparce\n|-status|p1a: Dunsparce|par\n|move|p1a: Dunsparce|Body Slam|p2a: Uxie\n|-damage|p2a: Uxie|170/260\n|\n|-heal|p2a: Uxie|186/260|[from] item: Leftovers\n|upkeep\n|turn|3\n|\n|t:|1781465248\n|move|p2a: Uxie|Stealth Rock|p1a: Dunsparce\n|-sidestart|p1: ivancrist\u2206|move: Stealth Rock\n|cant|p1a: Dunsparce|par\n|\n|-heal|p2a: Uxie|202/260|[from] item: Leftovers\n|upkeep\n|turn|4\n|\n|t:|1781465251\n|move|p2a: Uxie|Psychic Noise|p1a: Dunsparce\n|-damage|p1a: Dunsparce|260/312 par\n|-start|p1a: Dunsparce|move: Heal Block\n|cant|p1a: Dunsparce|par\n|\n|-heal|p2a: Uxie|218/260|[from] item: Leftovers\n|upkeep\n|turn|5\n|\n|t:|1781465260\n|move|p2a: Uxie|U-turn|p1a: Dunsparce\n|-damage|p1a: Dunsparce|237/312 par\n|\n|t:|1781465261\n|switch|p2a: Probopass|Probopass, L91, M|257/257|[from] U-turn\n|move|p1a: Dunsparce|Body Slam|p2a: Probopass\n|-resisted|p2a: Probopass\n|-damage|p2a: Probopass|239/257\n|\n|-end|p1a: Dunsparce|move: Heal Block\n|upkeep\n|turn|6\n|\n|t:|1781465273\n|move|p2a: Probopass|Iron Defense|p2a: Probopass\n|-boost|p2a: Probopass|def|2\n|move|p1a: Dunsparce|Coil|p1a: Dunsparce\n|-boost|p1a: Dunsparce|atk|1\n|-boost|p1a: Dunsparce|def|1\n|-boost|p1a: Dunsparce|accuracy|1\n|\n|upkeep\n|turn|7\n|\n|t:|1781465276\n|-terastallize|p1a: Dunsparce|Ground\n|move|p2a: Probopass|Body Press|p1a: Dunsparce\n|-damage|p1a: Dunsparce|170/312 par\n|move|p1a: Dunsparce|Coil|p1a: Dunsparce\n|-boost|p1a: Dunsparce|atk|1\n|-boost|p1a: Dunsparce|def|1\n|-boost|p1a: Dunsparce|accuracy|1\n|\n|upkeep\n|turn|8\n|\n|t:|1781465280\n|move|p2a: Probopass|Iron Defense|p2a: Probopass\n|-boost|p2a: Probopass|def|2\n|move|p1a: Dunsparce|Roost|p1a: Dunsparce\n|-heal|p1a: Dunsparce|312/312 par\n|\n|upkeep\n|turn|9\n|\n|t:|1781465289\n|move|p2a: Probopass|Body Press|p1a: Dunsparce\n|-damage|p1a: Dunsparce|233/312 par\n|cant|p1a: Dunsparce|par\n|\n|upkeep\n|turn|10\n|\n|t:|1781465294\n|switch|p2a: Politoed|Politoed, L88, F|302/302\n|-weather|RainDance|[from] ability: Drizzle|[of] p2a: Politoed\n|move|p1a: Dunsparce|Coil|p1a: Dunsparce\n|-boost|p1a: Dunsparce|atk|1\n|-boost|p1a: Dunsparce|def|1\n|-boost|p1a: Dunsparce|accuracy|1\n|\n|-weather|RainDance|[upkeep]\n|upkeep\n|turn|11\n|\n|t:|1781465301\n|move|p2a: Politoed|Weather Ball|p1a: Dunsparce\n|-supereffective|p1a: Dunsparce\n|-damage|p1a: Dunsparce|0 fnt\n|faint|p1a: Dunsparce\n|\n|-weather|RainDance|[upkeep]\n|upkeep\n|\n|t:|1781465308\n|switch|p1a: Registeel|Registeel, L81|262/262\n|-damage|p1a: Registeel|246/262|[from] Stealth Rock\n|turn|12\n|\n|t:|1781465311\n|move|p2a: Politoed|Weather Ball|p1a: Registeel\n|-damage|p1a: Registeel|93/262\n|move|p1a: Registeel|Body Press|p2a: Politoed\n|-damage|p2a: Politoed|216/302\n|\n|-weather|RainDance|[upkeep]\n|upkeep\n|turn|13\n|\n|t:|1781465313\n|move|p2a: Politoed|Weather Ball|p1a: Registeel\n|-damage|p1a: Registeel|0 fnt\n|faint|p1a: Registeel\n|\n|-weather|RainDance|[upkeep]\n|upkeep\n|\n|t:|1781465316\n|switch|p1a: Klefki|Klefki, L84, M|233/233\n|-damage|p1a: Klefki|219/233|[from] Stealth Rock\n|turn|14\n|\n|t:|1781465323\n|move|p1a: Klefki|Thunder Wave|p2a: Politoed\n|-status|p2a: Politoed|par\n|cant|p2a: Politoed|par\n|\n|-weather|none\n|-heal|p1a: Klefki|233/233|[from] item: Leftovers\n|upkeep\n|turn|15\n|l|\u2606ivancrist\u2206\n|inactive|ivancrist\u2206 disconnected and has a minute to reconnect!\n|player|p1|\n|inactive|ivancrist\u2206 has 30 seconds to reconnect!\n|inactive|ivancrist\u2206 has 20 seconds to reconnect!\n|inactive|ivancrist\u2206 has 15 seconds to reconnect!\n|inactive|ivancrist\u2206 has 10 seconds to reconnect!\n|inactive|ivancrist\u2206 has 5 seconds to reconnect!\n|-message|ivancrist\u2206 lost due to inactivity.\n|\n|win|justinprim\n", "uploadtime": 1781465230, "views": 5, "formatid": "gen9randombattle", "rating": null, "private": 0, "password": null}