{"id": "gen9randombattle-2631670132", "format": "[Gen 9] Random Battle", "players": ["yowbles", "helvieee"], "log": "|j|\u2606yowbles\n|j|\u2606helvieee\n|html|<table width=\"100%\"><tr><td align=\"left\">yowbles</td><td align=\"right\">helvieee</tr><tr><td align=\"left\"><i class=\"fa fa-circle\"></i> <i class=\"fa fa-circle-o\"></i> <i class=\"fa fa-circle-o\"></i> <i class=\"fa fa-circle-o\"></i> <i class=\"fa fa-circle-o\"></i> </td><td align=\"right\"><i class=\"fa fa-circle-o\"></i> <i class=\"fa fa-circle-o\"></i> <i class=\"fa fa-circle-o\"></i> <i class=\"fa fa-circle-o\"></i> <i class=\"fa fa-circle-o\"></i> </tr></table>\n|uhtml|bestof|<h2><strong>Game 2</strong> of <a href=\"/game-bestof9-gen9randombattle-2631665397\">a best-of-9</a></h2>\n|t:|1781418553\n|gametype|singles\n|player|p1|yowbles|mela|\n|player|p2|helvieee|canari|\n|gen|9\n|tier|[Gen 9] Random Battle\n|rule|Species Clause: Limit one of each Pok\u00e9mon\n|rule|HP Percentage Mod: HP is shown in percentages\n|rule|Sleep Clause Mod: Limit one foe put to sleep\n|rule|Illusion Level Mod: Illusion disguises the Pok\u00e9mon's true level\n|raw|<div class=\"infobox\"><details class=\"readmore\" open><summary><strong>1 custom rule:</strong></summary> Best of = 9</details></div>\n|\n|t:|1781418553\n|teamsize|p1|6\n|teamsize|p2|6\n|start\n|switch|p1a: Gyarados|Gyarados, L79, F|280/280\n|switch|p2a: Glaceon|Glaceon, L94, F|275/275\n|-ability|p1a: Gyarados|Intimidate|boost\n|-unboost|p2a: Glaceon|atk|1\n|turn|1\n|\n|t:|1781418575\n|switch|p1a: Uxie|Uxie, L83|260/260\n|move|p2a: Glaceon|Freeze-Dry|p1a: Uxie\n|-damage|p1a: Uxie|176/260\n|\n|-heal|p1a: Uxie|192/260|[from] item: Leftovers\n|upkeep\n|turn|2\n|j| dreamuur\n|\n|t:|1781418690\n|switch|p2a: Probopass|Probopass, L91, M|257/257\n|move|p1a: Uxie|Stealth Rock|p2a: Probopass\n|-sidestart|p2: helvieee|move: Stealth Rock\n|\n|-heal|p1a: Uxie|208/260|[from] item: Leftovers\n|upkeep\n|turn|3\n|l|\u2606helvieee\n|player|p2|\n|j|\u2606helvieee\n|player|p2|helvieee|canari|\n|\n|t:|1781418753\n|move|p1a: Uxie|Yawn|p2a: Probopass\n|-start|p2a: Probopass|move: Yawn|[of] p1a: Uxie\n|move|p2a: Probopass|Flash Cannon|p1a: Uxie\n|-damage|p1a: Uxie|150/260\n|\n|-heal|p1a: Uxie|166/260|[from] item: Leftovers\n|upkeep\n|turn|4\n|\n|t:|1781418773\n|switch|p2a: Ambipom|Ambipom, L84, F|263/263\n|-damage|p2a: Ambipom|231/263|[from] Stealth Rock\n|move|p1a: Uxie|U-turn|p2a: Ambipom\n|-damage|p2a: Ambipom|181/263\n|\n|t:|1781418784\n|switch|p1a: Victreebel|Victreebel, L90, M|290/290|[from] U-turn\n|\n|upkeep\n|turn|5\n|\n|t:|1781418790\n|move|p2a: Ambipom|Triple Axel|p1a: Victreebel\n|-supereffective|p1a: Victreebel\n|-damage|p1a: Victreebel|216/290\n|-supereffective|p1a: Victreebel\n|-damage|p1a: Victreebel|70/290\n|-hitcount|p1a: Victreebel|2\n|move|p1a: Victreebel|Sunny Day|p1a: Victreebel\n|-weather|SunnyDay\n|\n|-weather|SunnyDay|[upkeep]\n|upkeep\n|turn|6\n|\n|t:|1781418803\n|move|p1a: Victreebel|Weather Ball|p2a: Ambipom\n|-damage|p2a: Ambipom|0 fnt\n|faint|p2a: Ambipom\n|-damage|p1a: Victreebel|41/290|[from] item: Life Orb\n|\n|-weather|SunnyDay|[upkeep]\n|upkeep\n|j| Ramlethal Ditto\n|\n|t:|1781418823\n|switch|p2a: Tauros|Tauros-Paldea-Blaze, L81, M|254/254\n|-damage|p2a: Tauros|223/254|[from] Stealth Rock\n|-ability|p2a: Tauros|Intimidate|boost\n|-unboost|p1a: Victreebel|atk|1\n|turn|7\n|\n|t:|1781418848\n|move|p1a: Victreebel|Sludge Wave|p2a: Tauros\n|-damage|p2a: Tauros|46/254\n|-damage|p1a: Victreebel|12/290|[from] item: Life Orb\n|move|p2a: Tauros|Flare Blitz|p1a: Victreebel\n|-supereffective|p1a: Victreebel\n|-damage|p1a: Victreebel|0 fnt\n|faint|p1a: Victreebel\n|-damage|p2a: Tauros|42/254|[from] Recoil\n|\n|-weather|SunnyDay|[upkeep]\n|upkeep\n|\n|t:|1781418860\n|switch|p1a: Gyarados|Gyarados, L79, F|280/280\n|-ability|p1a: Gyarados|Intimidate|boost\n|-unboost|p2a: Tauros|atk|1\n|turn|8\n|\n|t:|1781418883\n|switch|p2a: Probopass|Probopass, L91, M|257/257\n|-damage|p2a: Probopass|241/257|[from] Stealth Rock\n|move|p1a: Gyarados|Dragon Dance|p1a: Gyarados\n|-boost|p1a: Gyarados|atk|1\n|-boost|p1a: Gyarados|spe|1\n|\n|-weather|SunnyDay|[upkeep]\n|-heal|p2a: Probopass|257/257|[from] item: Leftovers\n|upkeep\n|turn|9\n|\n|t:|1781418900\n|-terastallize|p1a: Gyarados|Ground\n|move|p1a: Gyarados|Dragon Dance|p1a: Gyarados\n|-boost|p1a: Gyarados|atk|1\n|-boost|p1a: Gyarados|spe|1\n|move|p2a: Probopass|Power Gem|p1a: Gyarados\n|-resisted|p1a: Gyarados\n|-damage|p1a: Gyarados|242/280\n|\n|-weather|none\n|upkeep\n|turn|10\n|\n|t:|1781418924\n|switch|p2a: Glaceon|Glaceon, L94, F|275/275\n|move|p1a: Gyarados|Dragon Dance|p1a: Gyarados\n|-boost|p1a: Gyarados|atk|1\n|-boost|p1a: Gyarados|spe|1\n|\n|upkeep\n|turn|11\n|\n|t:|1781418942\n|-terastallize|p2a: Glaceon|Water\n|move|p1a: Gyarados|Temper Flare|p2a: Glaceon\n|-resisted|p2a: Glaceon\n|-damage|p2a: Glaceon|218/275\n|move|p2a: Glaceon|Freeze-Dry|p1a: Gyarados\n|-supereffective|p1a: Gyarados\n|-damage|p1a: Gyarados|38/280\n|\n|upkeep\n|turn|12\n|\n|t:|1781418989\n|move|p1a: Gyarados|Earthquake|p2a: Glaceon\n|-damage|p2a: Glaceon|16/275\n|move|p2a: Glaceon|Wish|p2a: Glaceon\n|\n|upkeep\n|turn|13\n|\n|t:|1781419029\n|move|p1a: Gyarados|Dragon Dance|p1a: Gyarados\n|-boost|p1a: Gyarados|atk|1\n|-boost|p1a: Gyarados|spe|1\n|move|p2a: Glaceon|Freeze-Dry|p1a: Gyarados\n|-supereffective|p1a: Gyarados\n|-damage|p1a: Gyarados|0 fnt\n|faint|p1a: Gyarados\n|\n|-heal|p2a: Glaceon|153/275|[from] move: Wish|[wisher] Glaceon\n|upkeep\n|\n|t:|1781419040\n|switch|p1a: Deoxys|Deoxys-Speed, L82|216/216\n|-ability|p1a: Deoxys|Pressure\n|turn|14\n|\n|t:|1781419087\n|switch|p2a: Regidrago|Regidrago, L77|435/435\n|-damage|p2a: Regidrago|381/435|[from] Stealth Rock\n|move|p1a: Deoxys|Nasty Plot|p1a: Deoxys\n|-boost|p1a: Deoxys|spa|2\n|\n|upkeep\n|turn|15\n|\n|t:|1781419098\n|move|p1a: Deoxys|Psycho Boost|p2a: Regidrago\n|-damage|p2a: Regidrago|0 fnt\n|-unboost|p1a: Deoxys|spa|2\n|faint|p2a: Regidrago\n|-damage|p1a: Deoxys|195/216|[from] item: Life Orb\n|\n|upkeep\n|\n|t:|1781419108\n|switch|p2a: Glaceon|Glaceon, L94, F, tera:Water|153/275\n|turn|16\n|\n|t:|1781419121\n|move|p1a: Deoxys|Psycho Boost|p2a: Glaceon|[miss]\n|-miss|p1a: Deoxys|p2a: Glaceon\n|move|p2a: Glaceon|Freeze-Dry|p1a: Deoxys\n|-damage|p1a: Deoxys|69/216\n|\n|upkeep\n|turn|17\n|\n|t:|1781419131\n|move|p2a: Glaceon|Protect|p2a: Glaceon\n|-singleturn|p2a: Glaceon|Protect\n|move|p1a: Deoxys|Psycho Boost|p2a: Glaceon\n|-activate|p2a: Glaceon|move: Protect\n|\n|upkeep\n|turn|18\n|\n|t:|1781419165\n|move|p1a: Deoxys|Psycho Boost|p2a: Glaceon\n|-damage|p2a: Glaceon|0 fnt\n|-unboost|p1a: Deoxys|spa|2\n|faint|p2a: Glaceon\n|-damage|p1a: Deoxys|48/216|[from] item: Life Orb\n|\n|upkeep\n|\n|t:|1781419180\n|switch|p2a: Probopass|Probopass, L91, M|257/257\n|-damage|p2a: Probopass|241/257|[from] Stealth Rock\n|turn|19\n|\n|t:|1781419192\n|move|p1a: Deoxys|Focus Blast|p2a: Probopass\n|-supereffective|p2a: Probopass\n|-damage|p2a: Probopass|116/257\n|-damage|p1a: Deoxys|27/216|[from] item: Life Orb\n|move|p2a: Probopass|Power Gem|p1a: Deoxys\n|-damage|p1a: Deoxys|0 fnt\n|faint|p1a: Deoxys\n|\n|-heal|p2a: Probopass|132/257|[from] item: Leftovers\n|upkeep\n|\n|t:|1781419199\n|switch|p1a: Inteleon|Inteleon, L81, M|246/246\n|turn|20\n|l| Ramlethal Ditto\n|\n|t:|1781419235\n|switch|p2a: Lumineon|Lumineon, L93, M|279/279\n|-damage|p2a: Lumineon|245/279|[from] Stealth Rock\n|move|p1a: Inteleon|Scald|p2a: Lumineon\n|-ability|p2a: Lumineon|Storm Drain|boost\n|-boost|p2a: Lumineon|spa|1\n|\n|upkeep\n|turn|21\n|\n|t:|1781419272\n|switch|p1a: Uxie|Uxie, L83|166/260\n|move|p2a: Lumineon|Alluring Voice|p1a: Uxie\n|-crit|p1a: Uxie\n|-damage|p1a: Uxie|54/260\n|-damage|p2a: Lumineon|218/279|[from] item: Life Orb\n|\n|-heal|p1a: Uxie|70/260|[from] item: Leftovers\n|upkeep\n|turn|22\n|\n|t:|1781419289\n|move|p2a: Lumineon|Ice Beam|p1a: Uxie\n|-damage|p1a: Uxie|0 fnt\n|faint|p1a: Uxie\n|-damage|p2a: Lumineon|191/279|[from] item: Life Orb\n|\n|upkeep\n|\n|t:|1781419302\n|switch|p1a: Inteleon|Inteleon, L81, M|246/246\n|turn|23\n|\n|t:|1781419324\n|move|p1a: Inteleon|Ice Beam|p2a: Lumineon\n|-resisted|p2a: Lumineon\n|-damage|p2a: Lumineon|145/279\n|move|p2a: Lumineon|Alluring Voice|p1a: Inteleon\n|-damage|p1a: Inteleon|119/246\n|-damage|p2a: Lumineon|118/279|[from] item: Life Orb\n|\n|upkeep\n|turn|24\n|\n|t:|1781419342\n|move|p1a: Inteleon|Ice Beam|p2a: Lumineon\n|-resisted|p2a: Lumineon\n|-damage|p2a: Lumineon|65/279\n|move|p2a: Lumineon|Alluring Voice|p1a: Inteleon\n|-damage|p1a: Inteleon|0 fnt\n|faint|p1a: Inteleon\n|-damage|p2a: Lumineon|38/279|[from] item: Life Orb\n|\n|upkeep\n|\n|t:|1781419347\n|switch|p1a: Volcarona|Volcarona, L77, M|257/257\n|turn|25\n|\n|t:|1781419367\n|move|p2a: Lumineon|Hydro Pump|p1a: Volcarona\n|-supereffective|p1a: Volcarona\n|-damage|p1a: Volcarona|0 fnt\n|faint|p1a: Volcarona\n|-damage|p2a: Lumineon|11/279|[from] item: Life Orb\n|\n|win|helvieee\n||yowbles is ready for game 3.\n", "uploadtime": 1781419376, "views": 4, "formatid": "gen9randombattle", "rating": null, "private": 0, "password": null}