{"id": "gen9randombattle-2631912344", "format": "[Gen 9] Random Battle", "players": ["nesk95", "Aminator3000"], "log": "|j|\u2606nesk95\n|j|\u2606Aminator3000\n|t:|1781454878\n|gametype|singles\n|player|p1|nesk95|unknown|1925\n|player|p2|Aminator3000|veteran|1934\n|gen|9\n|tier|[Gen 9] Random Battle\n|rated|\n|rule|Species Clause: Limit one of each Pok\u00e9mon\n|rule|HP Percentage Mod: HP is shown in percentages\n|rule|Sleep Clause Mod: Limit one foe put to sleep\n|rule|Illusion Level Mod: Illusion disguises the Pok\u00e9mon's true level\n|\n|t:|1781454878\n|teamsize|p1|6\n|teamsize|p2|6\n|start\n|switch|p1a: Dragonite|Dragonite, L74, M|257/257\n|switch|p2a: Politoed|Politoed, L88, F|302/302\n|-weather|RainDance|[from] ability: Drizzle|[of] p2a: Politoed\n|turn|1\n|inactive|Battle timer is ON: inactive players will automatically lose when time's up. (requested by Aminator3000)\n|\n|t:|1781454896\n|switch|p1a: Glalie|Glalie, L96, F|309/309\n|move|p2a: Politoed|Ice Beam|p1a: Glalie\n|-resisted|p1a: Glalie\n|-damage|p1a: Glalie|261/309\n|\n|-weather|RainDance|[upkeep]\n|upkeep\n|turn|2\n|\n|t:|1781454912\n|switch|p2a: Bronzong|Bronzong, L88|261/261\n|move|p1a: Glalie|Spikes|p2a: Bronzong\n|-sidestart|p2: Aminator3000|Spikes\n|\n|-weather|RainDance|[upkeep]\n|upkeep\n|turn|3\n|\n|t:|1781454920\n|move|p1a: Glalie|Taunt|p2a: Bronzong\n|-start|p2a: Bronzong|move: Taunt\n|move|p2a: Bronzong|Iron Head|p1a: Glalie\n|-supereffective|p1a: Glalie\n|-damage|p1a: Glalie|99/309\n|\n|-weather|RainDance|[upkeep]\n|upkeep\n|turn|4\n|\n|t:|1781454929\n|move|p1a: Glalie|Spikes|p2a: Bronzong\n|-sidestart|p2: Aminator3000|Spikes\n|move|p2a: Bronzong|Iron Head|p1a: Glalie\n|-supereffective|p1a: Glalie\n|-damage|p1a: Glalie|0 fnt\n|faint|p1a: Glalie\n|\n|-weather|RainDance|[upkeep]\n|upkeep\n|\n|t:|1781454937\n|switch|p1a: Crawdaunt|Crawdaunt, L84, M|243/243\n|turn|5\n|\n|t:|1781454946\n|switch|p2a: Wigglytuff|Wigglytuff, L96, F|424/424\n|-damage|p2a: Wigglytuff|354/424|[from] Spikes\n|move|p1a: Crawdaunt|Dragon Dance|p1a: Crawdaunt\n|-boost|p1a: Crawdaunt|atk|1\n|-boost|p1a: Crawdaunt|spe|1\n|\n|-weather|none\n|-heal|p2a: Wigglytuff|380/424|[from] item: Leftovers\n|upkeep\n|turn|6\n|\n|t:|1781454956\n|move|p1a: Crawdaunt|Crabhammer|p2a: Wigglytuff|[miss]\n|-miss|p1a: Crawdaunt|p2a: Wigglytuff\n|move|p2a: Wigglytuff|Alluring Voice|p1a: Crawdaunt\n|-supereffective|p1a: Crawdaunt\n|-damage|p1a: Crawdaunt|0 fnt\n|faint|p1a: Crawdaunt\n|\n|-heal|p2a: Wigglytuff|406/424|[from] item: Leftovers\n|upkeep\n|\n|t:|1781454965\n|switch|p1a: Camerupt|Camerupt, L91, M|275/275\n|turn|7\n|\n|t:|1781454969\n|move|p2a: Wigglytuff|Knock Off|p1a: Camerupt\n|-damage|p1a: Camerupt|199/275\n|-enditem|p1a: Camerupt|Leftovers|[from] move: Knock Off|[of] p2a: Wigglytuff\n|move|p1a: Camerupt|Stealth Rock|p2a: Wigglytuff\n|-sidestart|p2: Aminator3000|move: Stealth Rock\n|\n|-heal|p2a: Wigglytuff|424/424|[from] item: Leftovers\n|upkeep\n|turn|8\n|\n|t:|1781454979\n|switch|p2a: Politoed|Politoed, L88, F|302/302\n|-damage|p2a: Politoed|252/302|[from] Spikes\n|-damage|p2a: Politoed|215/302|[from] Stealth Rock\n|-weather|RainDance|[from] ability: Drizzle|[of] p2a: Politoed\n|move|p1a: Camerupt|Roar|p2a: Politoed\n|drag|p2a: Bronzong|Bronzong, L88|261/261\n|-damage|p2a: Bronzong|245/261|[from] Stealth Rock\n|\n|-weather|RainDance|[upkeep]\n|-heal|p2a: Bronzong|261/261|[from] item: Leftovers\n|upkeep\n|turn|9\n|\n|t:|1781454994\n|move|p2a: Bronzong|Stealth Rock|p1a: Camerupt\n|-sidestart|p1: nesk95|move: Stealth Rock\n|move|p1a: Camerupt|Roar|p2a: Bronzong\n|drag|p2a: Ariados|Ariados, L95, M|287/287\n|\n|-weather|RainDance|[upkeep]\n|upkeep\n|turn|10\n|\n|t:|1781455004\n|move|p2a: Ariados|Sticky Web|p1a: Camerupt\n|-sidestart|p1: nesk95|move: Sticky Web\n|move|p1a: Camerupt|Earthquake|p2a: Ariados\n|-damage|p2a: Ariados|155/287\n|\n|-weather|RainDance|[upkeep]\n|upkeep\n|turn|11\n|\n|t:|1781455012\n|move|p2a: Ariados|Poison Jab|p1a: Camerupt\n|-resisted|p1a: Camerupt\n|-damage|p1a: Camerupt|145/275\n|move|p1a: Camerupt|Roar|p2a: Ariados\n|drag|p2a: Politoed|Politoed, L88, F|215/302\n|-damage|p2a: Politoed|165/302|[from] Spikes\n|-damage|p2a: Politoed|128/302|[from] Stealth Rock\n|\n|-weather|RainDance|[upkeep]\n|upkeep\n|turn|12\n|\n|t:|1781455023\n|move|p2a: Politoed|Weather Ball|p1a: Camerupt\n|-supereffective|p1a: Camerupt\n|-damage|p1a: Camerupt|0 fnt\n|faint|p1a: Camerupt\n|\n|-weather|none\n|upkeep\n|\n|t:|1781455034\n|switch|p1a: Zekrom|Zekrom, L71|259/259\n|-damage|p1a: Zekrom|227/259|[from] Stealth Rock\n|-activate|p1a: Zekrom|move: Sticky Web\n|-unboost|p1a: Zekrom|spe|1\n|-ability|p1a: Zekrom|Teravolt\n|turn|13\n|\n|t:|1781455045\n|switch|p2a: Bronzong|Bronzong, L88|261/261\n|-damage|p2a: Bronzong|245/261|[from] Stealth Rock\n|move|p1a: Zekrom|Dragon Dance|p1a: Zekrom\n|-boost|p1a: Zekrom|atk|1\n|-boost|p1a: Zekrom|spe|1\n|\n|-heal|p1a: Zekrom|243/259|[from] item: Leftovers\n|-heal|p2a: Bronzong|261/261|[from] item: Leftovers\n|upkeep\n|turn|14\n|\n|t:|1781455057\n|move|p1a: Zekrom|Dragon Dance|p1a: Zekrom\n|-boost|p1a: Zekrom|atk|1\n|-boost|p1a: Zekrom|spe|1\n|move|p2a: Bronzong|Psychic|p1a: Zekrom\n|-damage|p1a: Zekrom|140/259\n|\n|-heal|p1a: Zekrom|156/259|[from] item: Leftovers\n|upkeep\n|turn|15\n|\n|t:|1781455065\n|move|p1a: Zekrom|Bolt Strike|p2a: Bronzong\n|-damage|p2a: Bronzong|35/261\n|-status|p2a: Bronzong|par\n|move|p2a: Bronzong|Psychic|p1a: Zekrom\n|-damage|p1a: Zekrom|65/259\n|\n|-heal|p1a: Zekrom|81/259|[from] item: Leftovers\n|-heal|p2a: Bronzong|51/261 par|[from] item: Leftovers\n|upkeep\n|turn|16\n|\n|t:|1781455079\n|move|p1a: Zekrom|Substitute|p1a: Zekrom\n|-start|p1a: Zekrom|Substitute\n|-damage|p1a: Zekrom|17/259\n|move|p2a: Bronzong|Psychic|p1a: Zekrom\n|-end|p1a: Zekrom|Substitute\n|\n|-heal|p1a: Zekrom|33/259|[from] item: Leftovers\n|-heal|p2a: Bronzong|67/261 par|[from] item: Leftovers\n|upkeep\n|turn|17\n|\n|t:|1781455088\n|move|p1a: Zekrom|Bolt Strike|p2a: Bronzong\n|-damage|p2a: Bronzong|0 fnt\n|faint|p2a: Bronzong\n|\n|-heal|p1a: Zekrom|49/259|[from] item: Leftovers\n|upkeep\n|\n|t:|1781455094\n|switch|p2a: Venusaur|Venusaur, L84, F|272/272\n|-damage|p2a: Venusaur|227/272|[from] Spikes\n|-damage|p2a: Venusaur|193/272|[from] Stealth Rock\n|turn|18\n|\n|t:|1781455102\n|move|p1a: Zekrom|Outrage|p2a: Venusaur\n|-damage|p2a: Venusaur|0 fnt\n|faint|p2a: Venusaur\n|\n|-heal|p1a: Zekrom|65/259|[from] item: Leftovers\n|upkeep\n|\n|t:|1781455109\n|switch|p2a: Wigglytuff|Wigglytuff, L96, F|424/424\n|-damage|p2a: Wigglytuff|354/424|[from] Spikes\n|-damage|p2a: Wigglytuff|301/424|[from] Stealth Rock\n|turn|19\n|\n|t:|1781455115\n|move|p1a: Zekrom|Outrage|p2a: Wigglytuff|[from] lockedmove\n|-immune|p2a: Wigglytuff\n|move|p2a: Wigglytuff|Alluring Voice|p1a: Zekrom\n|-supereffective|p1a: Zekrom\n|-damage|p1a: Zekrom|0 fnt\n|faint|p1a: Zekrom\n|\n|-heal|p2a: Wigglytuff|327/424|[from] item: Leftovers\n|upkeep\n|\n|t:|1781455123\n|switch|p1a: Lugia|Lugia, L73|275/275\n|turn|20\n|\n|t:|1781455127\n|move|p1a: Lugia|Calm Mind|p1a: Lugia\n|-boost|p1a: Lugia|spa|1\n|-boost|p1a: Lugia|spd|1\n|move|p2a: Wigglytuff|Knock Off|p1a: Lugia\n|-supereffective|p1a: Lugia\n|-damage|p1a: Lugia|216/275\n|-enditem|p1a: Lugia|Heavy-Duty Boots|[from] move: Knock Off|[of] p2a: Wigglytuff\n|\n|-heal|p2a: Wigglytuff|353/424|[from] item: Leftovers\n|upkeep\n|turn|21\n|\n|t:|1781455137\n|move|p1a: Lugia|Psychic Noise|p2a: Wigglytuff\n|-crit|p2a: Wigglytuff\n|-damage|p2a: Wigglytuff|176/424\n|-start|p2a: Wigglytuff|move: Heal Block\n|move|p2a: Wigglytuff|Alluring Voice|p1a: Lugia\n|-damage|p1a: Lugia|165/275\n|\n|upkeep\n|turn|22\n|\n|t:|1781455148\n|move|p1a: Lugia|Recover|p1a: Lugia\n|-heal|p1a: Lugia|275/275\n|move|p2a: Wigglytuff|Alluring Voice|p1a: Lugia\n|-damage|p1a: Lugia|251/275\n|\n|-end|p2a: Wigglytuff|move: Heal Block\n|upkeep\n|turn|23\n|\n|t:|1781455160\n|move|p1a: Lugia|Psychic Noise|p2a: Wigglytuff\n|-damage|p2a: Wigglytuff|68/424\n|-start|p2a: Wigglytuff|move: Heal Block\n|move|p2a: Wigglytuff|Alluring Voice|p1a: Lugia\n|-damage|p1a: Lugia|203/275\n|\n|upkeep\n|turn|24\n|\n|t:|1781455170\n|move|p1a: Lugia|Recover|p1a: Lugia\n|-heal|p1a: Lugia|275/275\n|move|p2a: Wigglytuff|Alluring Voice|p1a: Lugia\n|-crit|p1a: Lugia\n|-damage|p1a: Lugia|217/275\n|\n|-end|p2a: Wigglytuff|move: Heal Block\n|upkeep\n|turn|25\n|\n|t:|1781455178\n|move|p1a: Lugia|Psychic Noise|p2a: Wigglytuff\n|-damage|p2a: Wigglytuff|0 fnt\n|faint|p2a: Wigglytuff\n|\n|upkeep\n|\n|t:|1781455184\n|switch|p2a: Basculegion|Basculegion, L80, M|323/323\n|-damage|p2a: Basculegion|270/323|[from] Spikes\n|-damage|p2a: Basculegion|230/323|[from] Stealth Rock\n|turn|26\n|\n|t:|1781455201\n|-terastallize|p1a: Lugia|Steel\n|move|p1a: Lugia|Psychic Noise|p2a: Basculegion\n|-damage|p2a: Basculegion|161/323\n|-start|p2a: Basculegion|move: Heal Block\n|move|p2a: Basculegion|Shadow Ball|p1a: Lugia\n|-damage|p1a: Lugia|171/275\n|\n|upkeep\n|turn|27\n|\n|t:|1781455216\n|move|p1a: Lugia|Recover|p1a: Lugia\n|-heal|p1a: Lugia|275/275\n|move|p2a: Basculegion|Flip Turn|p1a: Lugia\n|-damage|p1a: Lugia|237/275\n|-message|Aminator3000 forfeited.\n|\n|win|nesk95\n", "uploadtime": 1781454880, "views": 4, "formatid": "gen9randombattle", "rating": null, "private": 0, "password": null}