{"id": "gen9randombattle-2631656125", "format": "[Gen 9] Random Battle", "players": ["Colddeckj", "OVERLOAD3D"], "log": "|j|\u2606Colddeckj\n|j|\u2606OVERLOAD3D\n|t:|1781415970\n|gametype|singles\n|player|p1|Colddeckj|wattson|2000\n|player|p2|OVERLOAD3D|266|1939\n|gen|9\n|tier|[Gen 9] Random Battle\n|rated|\n|rule|Species Clause: Limit one of each Pok\u00e9mon\n|rule|HP Percentage Mod: HP is shown in percentages\n|rule|Sleep Clause Mod: Limit one foe put to sleep\n|rule|Illusion Level Mod: Illusion disguises the Pok\u00e9mon's true level\n|\n|t:|1781415970\n|teamsize|p1|6\n|teamsize|p2|6\n|start\n|switch|p1a: Smeargle|Smeargle, L95, M|258/258\n|switch|p2a: Mabosstiff|Mabosstiff, L86, F|278/278\n|turn|1\n|inactive|Battle timer is ON: inactive players will automatically lose when time's up. (requested by Colddeckj)\n|inactive|OVERLOAD3D has 120 seconds left.\n|\n|t:|1781416002\n|move|p1a: Smeargle|Spore|p2a: Mabosstiff\n|-status|p2a: Mabosstiff|slp|[from] move: Spore\n|cant|p2a: Mabosstiff|slp\n|\n|upkeep\n|turn|2\n|\n|t:|1781416030\n|switch|p1a: Gastrodon|Gastrodon, L86, F|331/331\n|cant|p2a: Mabosstiff|slp\n|\n|upkeep\n|turn|3\n|\n|t:|1781416036\n|-curestatus|p2a: Mabosstiff|slp|[msg]\n|move|p2a: Mabosstiff|Crunch|p1a: Gastrodon\n|-damage|p1a: Gastrodon|129/331\n|-unboost|p1a: Gastrodon|def|1\n|move|p1a: Gastrodon|Spikes|p2a: Mabosstiff\n|-sidestart|p2: OVERLOAD3D|Spikes\n|\n|-heal|p1a: Gastrodon|149/331|[from] item: Leftovers\n|upkeep\n|turn|4\n|\n|t:|1781416045\n|switch|p1a: Grimmsnarl|Grimmsnarl, L83, M|293/293\n|move|p2a: Mabosstiff|Crunch|p1a: Grimmsnarl\n|-resisted|p1a: Grimmsnarl\n|-damage|p1a: Grimmsnarl|194/293\n|\n|-heal|p1a: Grimmsnarl|212/293|[from] item: Leftovers\n|upkeep\n|turn|5\n|\n|t:|1781416057\n|switch|p2a: Iron Treads|Iron Treads, L77|265/265\n|-damage|p2a: Iron Treads|232/265|[from] Spikes\n|move|p1a: Grimmsnarl|Parting Shot|p2a: Iron Treads\n|-unboost|p2a: Iron Treads|atk|1\n|-unboost|p2a: Iron Treads|spa|1\n|\n|t:|1781416068\n|switch|p1a: Koraidon|Koraidon, L64|235/235|[from] Parting Shot\n|-weather|SunnyDay|[from] ability: Orichalcum Pulse|[of] p1a: Koraidon\n|-activate|p1a: Koraidon|Orichalcum Pulse|[source]\n|\n|-weather|SunnyDay|[upkeep]\n|-heal|p2a: Iron Treads|248/265|[from] item: Leftovers\n|upkeep\n|turn|6\n|j| Zyroth_7\n|\n|t:|1781416091\n|-end|p2a: Iron Treads|Quark Drive|[silent]\n|switch|p2a: Luvdisc|Luvdisc, M|247/247\n|move|p1a: Koraidon|Close Combat|p2a: Luvdisc\n|-damage|p2a: Luvdisc|13/247\n|-unboost|p1a: Koraidon|def|1\n|-unboost|p1a: Koraidon|spd|1\n|\n|-weather|SunnyDay|[upkeep]\n|upkeep\n|turn|7\n|\n|t:|1781416099\n|switch|p1a: Gastrodon|Gastrodon, L86, F|149/331\n|move|p2a: Luvdisc|Endeavor|p1a: Gastrodon\n|-damage|p1a: Gastrodon|13/331\n|\n|-weather|SunnyDay|[upkeep]\n|-heal|p1a: Gastrodon|33/331|[from] item: Leftovers\n|upkeep\n|turn|8\n|\n|t:|1781416122\n|switch|p2a: Iron Treads|Iron Treads, L77|248/265\n|-damage|p2a: Iron Treads|215/265|[from] Spikes\n|move|p1a: Gastrodon|Recover|p1a: Gastrodon\n|-heal|p1a: Gastrodon|199/331\n|\n|-weather|SunnyDay|[upkeep]\n|-heal|p2a: Iron Treads|231/265|[from] item: Leftovers\n|-heal|p1a: Gastrodon|219/331|[from] item: Leftovers\n|upkeep\n|turn|9\n|\n|t:|1781416127\n|move|p2a: Iron Treads|Rapid Spin|p1a: Gastrodon\n|-damage|p1a: Gastrodon|183/331\n|-boost|p2a: Iron Treads|spe|1\n|-sideend|p2: OVERLOAD3D|Spikes|[from] move: Rapid Spin|[of] p2a: Iron Treads\n|move|p1a: Gastrodon|Earthquake|p2a: Iron Treads\n|-supereffective|p2a: Iron Treads\n|-damage|p2a: Iron Treads|73/265\n|\n|-weather|none\n|-heal|p2a: Iron Treads|89/265|[from] item: Leftovers\n|-heal|p1a: Gastrodon|203/331|[from] item: Leftovers\n|upkeep\n|turn|10\n|\n|t:|1781416137\n|-end|p2a: Iron Treads|Quark Drive|[silent]\n|switch|p2a: Latios|Latios, L78, M|253/253\n|move|p1a: Gastrodon|Recover|p1a: Gastrodon\n|-heal|p1a: Gastrodon|331/331\n|\n|upkeep\n|turn|11\n|\n|t:|1781416144\n|move|p2a: Latios|Luster Purge|p1a: Gastrodon\n|-damage|p1a: Gastrodon|201/331\n|-unboost|p1a: Gastrodon|spd|1\n|move|p1a: Gastrodon|Spikes|p2a: Latios\n|-sidestart|p2: OVERLOAD3D|Spikes\n|\n|-heal|p1a: Gastrodon|221/331|[from] item: Leftovers\n|upkeep\n|turn|12\n|\n|t:|1781416161\n|switch|p2a: Iron Treads|Iron Treads, L77|89/265\n|-damage|p2a: Iron Treads|56/265|[from] Spikes\n|switch|p1a: Grimmsnarl|Grimmsnarl, L83, M|212/293\n|\n|-heal|p2a: Iron Treads|72/265|[from] item: Leftovers\n|-heal|p1a: Grimmsnarl|230/293|[from] item: Leftovers\n|upkeep\n|turn|13\n|\n|t:|1781416170\n|move|p1a: Grimmsnarl|Sucker Punch||[still]\n|-fail|p1a: Grimmsnarl\n|move|p2a: Iron Treads|Stealth Rock|p1a: Grimmsnarl\n|-sidestart|p1: Colddeckj|move: Stealth Rock\n|\n|-heal|p2a: Iron Treads|88/265|[from] item: Leftovers\n|-heal|p1a: Grimmsnarl|248/293|[from] item: Leftovers\n|upkeep\n|turn|14\n|\n|t:|1781416177\n|move|p1a: Grimmsnarl|Parting Shot|p2a: Iron Treads\n|-unboost|p2a: Iron Treads|atk|1\n|-unboost|p2a: Iron Treads|spa|1\n|\n|t:|1781416184\n|switch|p1a: Gastrodon|Gastrodon, L86, F|221/331|[from] Parting Shot\n|-damage|p1a: Gastrodon|201/331|[from] Stealth Rock\n|move|p2a: Iron Treads|Iron Head|p1a: Gastrodon\n|-resisted|p1a: Gastrodon\n|-damage|p1a: Gastrodon|172/331\n|\n|-heal|p2a: Iron Treads|104/265|[from] item: Leftovers\n|-heal|p1a: Gastrodon|192/331|[from] item: Leftovers\n|upkeep\n|turn|15\n|\n|t:|1781416203\n|-end|p2a: Iron Treads|Quark Drive|[silent]\n|switch|p2a: Amoonguss|Amoonguss, L82, M|321/321\n|-damage|p2a: Amoonguss|281/321|[from] Spikes\n|move|p1a: Gastrodon|Earthquake|p2a: Amoonguss\n|-damage|p2a: Amoonguss|172/321\n|\n|-heal|p1a: Gastrodon|212/331|[from] item: Leftovers\n|-heal|p2a: Amoonguss|192/321|[from] item: Leftovers\n|upkeep\n|turn|16\n|\n|t:|1781416212\n|-terastallize|p1a: Gastrodon|Steel\n|move|p1a: Gastrodon|Spikes|p2a: Amoonguss\n|-sidestart|p2: OVERLOAD3D|Spikes\n|move|p2a: Amoonguss|Giga Drain|p1a: Gastrodon\n|-resisted|p1a: Gastrodon\n|-damage|p1a: Gastrodon|176/331\n|-heal|p2a: Amoonguss|210/321|[from] drain|[of] p1a: Gastrodon\n|\n|-heal|p1a: Gastrodon|196/331|[from] item: Leftovers\n|-heal|p2a: Amoonguss|230/321|[from] item: Leftovers\n|upkeep\n|turn|17\n|\n|t:|1781416219\n|move|p1a: Gastrodon|Ice Beam|p2a: Amoonguss\n|-supereffective|p2a: Amoonguss\n|-damage|p2a: Amoonguss|80/321\n|move|p2a: Amoonguss|Spore|p1a: Gastrodon\n|-status|p1a: Gastrodon|slp|[from] move: Spore\n|\n|-heal|p1a: Gastrodon|216/331 slp|[from] item: Leftovers\n|-heal|p2a: Amoonguss|100/321|[from] item: Leftovers\n|upkeep\n|turn|18\n|\n|t:|1781416227\n|switch|p1a: Espathra|Espathra, L80, F|283/283\n|-damage|p1a: Espathra|248/283|[from] Stealth Rock\n|switch|p2a: Iron Treads|Iron Treads, L77|104/265\n|-damage|p2a: Iron Treads|60/265|[from] Spikes\n|\n|-heal|p2a: Iron Treads|76/265|[from] item: Leftovers\n|upkeep\n|turn|19\n|\n|t:|1781416236\n|move|p1a: Espathra|Shadow Ball|p2a: Iron Treads\n|-damage|p2a: Iron Treads|0 fnt\n|faint|p2a: Iron Treads\n|-end|p2a: Iron Treads|Quark Drive|[silent]\n|\n|-ability|p1a: Espathra|Speed Boost|boost\n|-boost|p1a: Espathra|spe|1\n|upkeep\n|\n|t:|1781416242\n|switch|p2a: Mabosstiff|Mabosstiff, L86, F|278/278\n|-damage|p2a: Mabosstiff|232/278|[from] Spikes\n|turn|20\n|\n|t:|1781416250\n|switch|p1a: Gastrodon|Gastrodon, L86, F, tera:Steel|216/331 slp\n|-damage|p1a: Gastrodon|196/331 slp|[from] Stealth Rock\n|move|p2a: Mabosstiff|Play Rough|p1a: Gastrodon\n|-resisted|p1a: Gastrodon\n|-damage|p1a: Gastrodon|60/331 slp\n|\n|-heal|p1a: Gastrodon|80/331 slp|[from] item: Leftovers\n|upkeep\n|turn|21\n|\n|t:|1781416259\n|move|p2a: Mabosstiff|Play Rough|p1a: Gastrodon\n|-resisted|p1a: Gastrodon\n|-damage|p1a: Gastrodon|16/331 slp\n|cant|p1a: Gastrodon|slp\n|\n|-heal|p1a: Gastrodon|36/331 slp|[from] item: Leftovers\n|upkeep\n|turn|22\n|\n|t:|1781416264\n|move|p2a: Mabosstiff|Play Rough|p1a: Gastrodon\n|-resisted|p1a: Gastrodon\n|-damage|p1a: Gastrodon|0 fnt\n|faint|p1a: Gastrodon\n|\n|upkeep\n|\n|t:|1781416267\n|switch|p1a: Clefable|Clefable, L83, M|293/293\n|turn|23\n|\n|t:|1781416278\n|switch|p2a: Amoonguss|Amoonguss, L82, M|207/321\n|-damage|p2a: Amoonguss|154/321|[from] Spikes\n|move|p1a: Clefable|Calm Mind|p1a: Clefable\n|-boost|p1a: Clefable|spa|1\n|-boost|p1a: Clefable|spd|1\n|\n|-heal|p2a: Amoonguss|174/321|[from] item: Leftovers\n|upkeep\n|turn|24\n|\n|t:|1781416289\n|move|p1a: Clefable|Fire Blast|p2a: Amoonguss|[miss]\n|-miss|p1a: Clefable|p2a: Amoonguss\n|move|p2a: Amoonguss|Spore|p1a: Clefable\n|-status|p1a: Clefable|slp|[from] move: Spore\n|\n|-heal|p2a: Amoonguss|194/321|[from] item: Leftovers\n|upkeep\n|turn|25\n|\n|t:|1781416298\n|cant|p1a: Clefable|slp\n|move|p2a: Amoonguss|Clear Smog|p1a: Clefable\n|-supereffective|p1a: Clefable\n|-damage|p1a: Clefable|225/293 slp\n|-clearboost|p1a: Clefable\n|\n|-heal|p2a: Amoonguss|214/321|[from] item: Leftovers\n|upkeep\n|turn|26\n|\n|t:|1781416303\n|cant|p1a: Clefable|slp\n|move|p2a: Amoonguss|Sludge Bomb|p1a: Clefable\n|-supereffective|p1a: Clefable\n|-damage|p1a: Clefable|55/293 slp\n|\n|-heal|p2a: Amoonguss|234/321|[from] item: Leftovers\n|upkeep\n|turn|27\n|\n|t:|1781416309\n|-curestatus|p1a: Clefable|slp|[msg]\n|move|p1a: Clefable|Fire Blast|p2a: Amoonguss\n|-supereffective|p2a: Amoonguss\n|-damage|p2a: Amoonguss|31/321\n|-status|p2a: Amoonguss|brn\n|move|p2a: Amoonguss|Sludge Bomb|p1a: Clefable\n|-supereffective|p1a: Clefable\n|-damage|p1a: Clefable|0 fnt\n|faint|p1a: Clefable\n|\n|-heal|p2a: Amoonguss|51/321 brn|[from] item: Leftovers\n|-damage|p2a: Amoonguss|31/321 brn|[from] brn\n|upkeep\n|\n|t:|1781416317\n|switch|p1a: Smeargle|Smeargle, L95, M|258/258\n|-damage|p1a: Smeargle|226/258|[from] Stealth Rock\n|turn|28\n|\n|t:|1781416322\n|move|p1a: Smeargle|Population Bomb|p2a: Amoonguss\n|-damage|p2a: Amoonguss|10/321 brn\n|-damage|p2a: Amoonguss|0 fnt\n|faint|p2a: Amoonguss\n|-hitcount|p2: Amoonguss|2\n|\n|upkeep\n|\n|t:|1781416339\n|switch|p2a: Latios|Latios, L78, M|253/253\n|turn|29\n|\n|t:|1781416349\n|switch|p1a: Grimmsnarl|Grimmsnarl, L83, M|248/293\n|-damage|p1a: Grimmsnarl|212/293|[from] Stealth Rock\n|move|p2a: Latios|Aura Sphere|p1a: Grimmsnarl\n|-damage|p1a: Grimmsnarl|138/293\n|\n|-heal|p1a: Grimmsnarl|156/293|[from] item: Leftovers\n|upkeep\n|turn|30\n|\n|t:|1781416366\n|switch|p2a: Luvdisc|Luvdisc, M|13/247\n|move|p1a: Grimmsnarl|Spirit Break|p2a: Luvdisc\n|-damage|p2a: Luvdisc|0 fnt\n|faint|p2a: Luvdisc\n|\n|-heal|p1a: Grimmsnarl|174/293|[from] item: Leftovers\n|upkeep\n|\n|t:|1781416371\n|switch|p2a: Rayquaza|Rayquaza, L72|270/270\n|-ability|p2a: Rayquaza|Air Lock\n|turn|31\n|\n|t:|1781416377\n|-terastallize|p2a: Rayquaza|Steel\n|move|p1a: Grimmsnarl|Thunder Wave|p2a: Rayquaza\n|-status|p2a: Rayquaza|par\n|move|p2a: Rayquaza|Dragon Ascent|p1a: Grimmsnarl\n|-damage|p1a: Grimmsnarl|6/293\n|-unboost|p2a: Rayquaza|def|1\n|-unboost|p2a: Rayquaza|spd|1\n|\n|-heal|p1a: Grimmsnarl|24/293|[from] item: Leftovers\n|upkeep\n|turn|32\n|\n|t:|1781416388\n|move|p1a: Grimmsnarl|Sucker Punch|p2a: Rayquaza\n|-damage|p2a: Rayquaza|131/270 par\n|cant|p2a: Rayquaza|par\n|\n|-heal|p1a: Grimmsnarl|42/293|[from] item: Leftovers\n|upkeep\n|turn|33\n|\n|t:|1781416397\n|move|p1a: Grimmsnarl|Spirit Break|p2a: Rayquaza\n|-resisted|p2a: Rayquaza\n|-damage|p2a: Rayquaza|59/270 par\n|-unboost|p2a: Rayquaza|spa|1\n|move|p2a: Rayquaza|Dragon Dance|p2a: Rayquaza\n|-boost|p2a: Rayquaza|atk|1\n|-boost|p2a: Rayquaza|spe|1\n|\n|-heal|p1a: Grimmsnarl|60/293|[from] item: Leftovers\n|upkeep\n|turn|34\n|\n|t:|1781416404\n|move|p1a: Grimmsnarl|Sucker Punch|p2a: Rayquaza\n|-damage|p2a: Rayquaza|0 fnt\n|faint|p2a: Rayquaza\n|\n|-heal|p1a: Grimmsnarl|78/293|[from] item: Leftovers\n|upkeep\n|\n|t:|1781416407\n|switch|p2a: Mabosstiff|Mabosstiff, L86, F|232/278\n|-damage|p2a: Mabosstiff|186/278|[from] Spikes\n|turn|35\n|\n|t:|1781416415\n|move|p2a: Mabosstiff|Play Rough|p1a: Grimmsnarl\n|-supereffective|p1a: Grimmsnarl\n|-damage|p1a: Grimmsnarl|0 fnt\n|faint|p1a: Grimmsnarl\n|\n|upkeep\n|\n|t:|1781416418\n|switch|p1a: Smeargle|Smeargle, L95, M|226/258\n|-damage|p1a: Smeargle|194/258|[from] Stealth Rock\n|turn|36\n|\n|t:|1781416423\n|move|p1a: Smeargle|Spore|p2a: Mabosstiff\n|-status|p2a: Mabosstiff|slp|[from] move: Spore\n|cant|p2a: Mabosstiff|slp\n|\n|upkeep\n|turn|37\n|\n|t:|1781416427\n|move|p1a: Smeargle|Shell Smash|p1a: Smeargle\n|-unboost|p1a: Smeargle|def|1\n|-unboost|p1a: Smeargle|spd|1\n|-boost|p1a: Smeargle|atk|2\n|-boost|p1a: Smeargle|spa|2\n|-boost|p1a: Smeargle|spe|2\n|cant|p2a: Mabosstiff|slp\n|\n|upkeep\n|turn|38\n|\n|t:|1781416431\n|move|p1a: Smeargle|Population Bomb|p2a: Mabosstiff\n|-damage|p2a: Mabosstiff|155/278 slp\n|-damage|p2a: Mabosstiff|125/278 slp\n|-damage|p2a: Mabosstiff|94/278 slp\n|-damage|p2a: Mabosstiff|63/278 slp\n|-damage|p2a: Mabosstiff|33/278 slp\n|-damage|p2a: Mabosstiff|0 fnt\n|faint|p2a: Mabosstiff\n|-hitcount|p2: Mabosstiff|6\n|\n|upkeep\n|\n|t:|1781416437\n|switch|p2a: Latios|Latios, L78, M|253/253\n|turn|39\n|\n|t:|1781416442\n|move|p1a: Smeargle|Power Trip|p2a: Latios\n|-supereffective|p2a: Latios\n|-damage|p2a: Latios|45/253\n|move|p2a: Latios|Aura Sphere|p1a: Smeargle\n|-supereffective|p1a: Smeargle\n|-damage|p1a: Smeargle|0 fnt\n|faint|p1a: Smeargle\n|\n|upkeep\n|\n|t:|1781416449\n|switch|p1a: Espathra|Espathra, L80, F|248/283\n|-damage|p1a: Espathra|213/283|[from] Stealth Rock\n|turn|40\n|\n|t:|1781416453\n|move|p2a: Latios|Draco Meteor|p1a: Espathra|[miss]\n|-miss|p2a: Latios|p1a: Espathra\n|move|p1a: Espathra|Lumina Crash|p2a: Latios\n|-resisted|p2a: Latios\n|-damage|p2a: Latios|0 fnt\n|faint|p2a: Latios\n|\n|win|Colddeckj\n", "uploadtime": 1781415971, "views": 11, "formatid": "gen9randombattle", "rating": null, "private": 0, "password": null}