{"id": "gen9randombattle-2631383795", "format": "[Gen 9] Random Battle", "players": ["EduArdo1516", "Woopes"], "log": "|j|\u2606EduArdo1516\n|j|\u2606Woopes\n|t:|1781378228\n|gametype|singles\n|player|p1|EduArdo1516|102|1971\n|player|p2|Woopes|fantina|1985\n|gen|9\n|tier|[Gen 9] Random Battle\n|rated|\n|rule|Species Clause: Limit one of each Pok\u00e9mon\n|rule|HP Percentage Mod: HP is shown in percentages\n|rule|Sleep Clause Mod: Limit one foe put to sleep\n|rule|Illusion Level Mod: Illusion disguises the Pok\u00e9mon's true level\n|\n|t:|1781378228\n|teamsize|p1|6\n|teamsize|p2|6\n|start\n|switch|p1a: Cobalion|Cobalion, L80|277/277\n|switch|p2a: Latias|Latias, L79, F|256/256\n|turn|1\n|inactive|Battle timer is ON: inactive players will automatically lose when time's up. (requested by EduArdo1516)\n|\n|t:|1781378250\n|switch|p2a: Snorlax|Snorlax, L82, F|397/397\n|move|p1a: Cobalion|Stealth Rock|p2a: Snorlax\n|-sidestart|p2: Woopes|move: Stealth Rock\n|\n|upkeep\n|turn|2\n|\n|t:|1781378254\n|switch|p2a: Banette|Banette, L93, M|270/270\n|-damage|p2a: Banette|237/270|[from] Stealth Rock\n|move|p1a: Cobalion|Body Press|p2a: Banette\n|-immune|p2a: Banette\n|\n|upkeep\n|turn|3\n|\n|t:|1781378267\n|move|p1a: Cobalion|Volt Switch|p2a: Banette\n|-damage|p2a: Banette|189/270\n|-start|p1a: Cobalion|Disable|Volt Switch|[from] ability: Cursed Body|[of] p2a: Banette\n|\n|t:|1781378272\n|switch|p1a: Dodrio|Dodrio, L85, M|241/241|[from] Volt Switch\n|move|p2a: Banette|Swords Dance|p2a: Banette\n|-boost|p2a: Banette|atk|2\n|\n|upkeep\n|turn|4\n|\n|t:|1781378279\n|move|p1a: Dodrio|Knock Off|p2a: Banette\n|-supereffective|p2a: Banette\n|-damage|p2a: Banette|0 fnt\n|-start|p1a: Dodrio|Disable|Knock Off|[from] ability: Cursed Body|[of] p2a: Banette\n|-enditem|p2a: Banette|Life Orb|[from] move: Knock Off|[of] p1a: Dodrio\n|faint|p2a: Banette\n|\n|upkeep\n|\n|t:|1781378295\n|switch|p2a: Revavroom|Revavroom, L79, F|256/256\n|-damage|p2a: Revavroom|240/256|[from] Stealth Rock\n|turn|5\n|\n|t:|1781378305\n|switch|p1a: Tauros|Tauros-Paldea-Combat, L82, M|257/257\n|-ability|p1a: Tauros|Intimidate|boost\n|-unboost|p2a: Revavroom|atk|1\n|move|p2a: Revavroom|Shift Gear|p2a: Revavroom\n|-boost|p2a: Revavroom|spe|2\n|-boost|p2a: Revavroom|atk|1\n|\n|upkeep\n|turn|6\n|\n|t:|1781378319\n|-terastallize|p2a: Revavroom|Ground\n|move|p2a: Revavroom|Shift Gear|p2a: Revavroom\n|-boost|p2a: Revavroom|spe|2\n|-boost|p2a: Revavroom|atk|1\n|move|p1a: Tauros|Bulk Up|p1a: Tauros\n|-boost|p1a: Tauros|atk|1\n|-boost|p1a: Tauros|def|1\n|\n|upkeep\n|turn|7\n|\n|t:|1781378324\n|move|p2a: Revavroom|Shift Gear|p2a: Revavroom\n|-boost|p2a: Revavroom|spe|2\n|-boost|p2a: Revavroom|atk|1\n|move|p1a: Tauros|Close Combat|p2a: Revavroom\n|-damage|p2a: Revavroom|0 fnt\n|-unboost|p1a: Tauros|def|1\n|-unboost|p1a: Tauros|spd|1\n|faint|p2a: Revavroom\n|-damage|p1a: Tauros|232/257|[from] item: Life Orb\n|\n|upkeep\n|\n|t:|1781378327\n|switch|p2a: Lanturn|Lanturn, L89, M|367/367\n|turn|8\n|-message|Woopes forfeited.\n|\n|win|EduArdo1516\n", "uploadtime": 1781378229, "views": 7, "formatid": "gen9randombattle", "rating": null, "private": 0, "password": null}