{"id": "gen9randombattle-2631490895", "format": "[Gen 9] Random Battle", "players": ["JhuniorCq", "igothighjumpkick"], "log": "|j|\u2606JhuniorCq\n|j|\u2606igothighjumpkick\n|t:|1781391723\n|gametype|singles\n|player|p1|JhuniorCq|2|2008\n|player|p2|igothighjumpkick|102|1921\n|gen|9\n|tier|[Gen 9] Random Battle\n|rated|\n|rule|Species Clause: Limit one of each Pok\u00e9mon\n|rule|HP Percentage Mod: HP is shown in percentages\n|rule|Sleep Clause Mod: Limit one foe put to sleep\n|rule|Illusion Level Mod: Illusion disguises the Pok\u00e9mon's true level\n|\n|t:|1781391723\n|teamsize|p1|6\n|teamsize|p2|6\n|start\n|switch|p1a: Reuniclus|Reuniclus, L88, M|337/337\n|switch|p2a: Inteleon|Inteleon, L81, F|246/246\n|turn|1\n|inactive|Battle timer is ON: inactive players will automatically lose when time's up. (requested by igothighjumpkick)\n|\n|t:|1781391737\n|switch|p1a: Pachirisu|Pachirisu, L96, F|271/271\n|move|p2a: Inteleon|U-turn|p1a: Pachirisu\n|-damage|p1a: Pachirisu|226/271\n|\n|t:|1781391756\n|switch|p2a: Clefable|Clefable, L83, F|293/293|[from] U-turn\n|\n|upkeep\n|turn|2\n|\n|t:|1781391764\n|move|p1a: Pachirisu|Nuzzle|p2a: Clefable\n|-damage|p2a: Clefable|274/293\n|-status|p2a: Clefable|par\n|move|p2a: Clefable|Knock Off|p1a: Pachirisu\n|-damage|p1a: Pachirisu|172/271\n|-enditem|p1a: Pachirisu|Assault Vest|[from] move: Knock Off|[of] p2a: Clefable\n|\n|-heal|p2a: Clefable|292/293 par|[from] item: Leftovers\n|upkeep\n|turn|3\n|\n|t:|1781391779\n|move|p1a: Pachirisu|Super Fang|p2a: Clefable|[miss]\n|-miss|p1a: Pachirisu|p2a: Clefable\n|move|p2a: Clefable|Moonblast|p1a: Pachirisu\n|-damage|p1a: Pachirisu|85/271\n|-unboost|p1a: Pachirisu|spa|1\n|\n|-heal|p2a: Clefable|293/293 par|[from] item: Leftovers\n|upkeep\n|turn|4\n|\n|t:|1781391782\n|move|p1a: Pachirisu|U-turn|p2a: Clefable\n|-resisted|p2a: Clefable\n|-damage|p2a: Clefable|272/293 par\n|\n|t:|1781391789\n|switch|p1a: Reuniclus|Reuniclus, L88, M|337/337|[from] U-turn\n|move|p2a: Clefable|Moonblast|p1a: Reuniclus\n|-damage|p1a: Reuniclus|249/337\n|-unboost|p1a: Reuniclus|spa|1\n|\n|-heal|p2a: Clefable|290/293 par|[from] item: Leftovers\n|upkeep\n|turn|5\n|\n|t:|1781391792\n|move|p1a: Reuniclus|Calm Mind|p1a: Reuniclus\n|-boost|p1a: Reuniclus|spa|1\n|-boost|p1a: Reuniclus|spd|1\n|move|p2a: Clefable|Knock Off|p1a: Reuniclus\n|-supereffective|p1a: Reuniclus\n|-damage|p1a: Reuniclus|125/337\n|-enditem|p1a: Reuniclus|Life Orb|[from] move: Knock Off|[of] p2a: Clefable\n|\n|-heal|p2a: Clefable|293/293 par|[from] item: Leftovers\n|upkeep\n|turn|6\n|\n|t:|1781391797\n|move|p1a: Reuniclus|Recover|p1a: Reuniclus\n|-heal|p1a: Reuniclus|294/337\n|move|p2a: Clefable|Thunder Wave|p1a: Reuniclus\n|-status|p1a: Reuniclus|par\n|\n|upkeep\n|turn|7\n|\n|t:|1781391801\n|switch|p2a: Illumise|Illumise, L91, F|266/266\n|move|p1a: Reuniclus|Calm Mind|p1a: Reuniclus\n|-boost|p1a: Reuniclus|spa|1\n|-boost|p1a: Reuniclus|spd|1\n|\n|upkeep\n|turn|8\n|\n|t:|1781391804\n|switch|p1a: Pachirisu|Pachirisu, L96, F|85/271\n|move|p2a: Illumise|Encore||[still]\n|-fail|p2a: Illumise\n|\n|upkeep\n|turn|9\n|\n|t:|1781391810\n|switch|p2a: Clefable|Clefable, L83, F|293/293 par\n|move|p1a: Pachirisu|Super Fang|p2a: Clefable\n|-damage|p2a: Clefable|147/293 par\n|\n|-heal|p2a: Clefable|165/293 par|[from] item: Leftovers\n|upkeep\n|turn|10\n|\n|t:|1781391813\n|move|p1a: Pachirisu|U-turn|p2a: Clefable\n|-resisted|p2a: Clefable\n|-damage|p2a: Clefable|142/293 par\n|\n|t:|1781391815\n|switch|p1a: Reuniclus|Reuniclus, L88, M|294/337 par|[from] U-turn\n|cant|p2a: Clefable|par\n|\n|-heal|p2a: Clefable|160/293 par|[from] item: Leftovers\n|upkeep\n|turn|11\n|\n|t:|1781391817\n|switch|p2a: Illumise|Illumise, L91, F|266/266\n|move|p1a: Reuniclus|Psychic|p2a: Illumise\n|-damage|p2a: Illumise|139/266\n|\n|upkeep\n|turn|12\n|\n|t:|1781391820\n|switch|p1a: Pachirisu|Pachirisu, L96, F|85/271\n|move|p2a: Illumise|Bug Buzz|p1a: Pachirisu\n|-damage|p1a: Pachirisu|12/271\n|-unboost|p1a: Pachirisu|spd|1\n|\n|upkeep\n|turn|13\n|\n|t:|1781391838\n|switch|p2a: Clefable|Clefable, L83, F|160/293 par\n|move|p1a: Pachirisu|U-turn|p2a: Clefable\n|-resisted|p2a: Clefable\n|-damage|p2a: Clefable|137/293 par\n|inactive|JhuniorCq has 120 seconds left.\n|\n|t:|1781391871\n|switch|p1a: Mudsdale|Mudsdale, L83, F|302/302|[from] U-turn\n|\n|-heal|p2a: Clefable|155/293 par|[from] item: Leftovers\n|upkeep\n|turn|14\n|\n|t:|1781391878\n|move|p1a: Mudsdale|Stealth Rock|p2a: Clefable\n|-sidestart|p2: igothighjumpkick|move: Stealth Rock\n|move|p2a: Clefable|Moonblast|p1a: Mudsdale\n|-damage|p1a: Mudsdale|203/302\n|-unboost|p1a: Mudsdale|spa|1\n|-ability|p1a: Mudsdale|Stamina|boost\n|-boost|p1a: Mudsdale|def|1\n|\n|-heal|p1a: Mudsdale|221/302|[from] item: Leftovers\n|-heal|p2a: Clefable|173/293 par|[from] item: Leftovers\n|upkeep\n|turn|15\n|\n|t:|1781391885\n|move|p1a: Mudsdale|Heavy Slam|p2a: Clefable\n|-supereffective|p2a: Clefable\n|-damage|p2a: Clefable|0 fnt\n|faint|p2a: Clefable\n|\n|-heal|p1a: Mudsdale|239/302|[from] item: Leftovers\n|upkeep\n|\n|t:|1781391897\n|switch|p2a: Inteleon|Inteleon, L81, F|246/246\n|-damage|p2a: Inteleon|216/246|[from] Stealth Rock\n|turn|16\n|\n|t:|1781391917\n|switch|p1a: Pachirisu|Pachirisu, L96, F|12/271\n|move|p2a: Inteleon|Scald|p1a: Pachirisu\n|-damage|p1a: Pachirisu|0 fnt\n|faint|p1a: Pachirisu\n|\n|upkeep\n|inactive|JhuniorCq has 120 seconds left.\n|\n|t:|1781391949\n|switch|p1a: Iron Bundle|Iron Bundle, L78|215/215\n|turn|17\n|\n|t:|1781391957\n|switch|p2a: Illumise|Illumise, L91, F|139/266\n|move|p1a: Iron Bundle|Freeze-Dry|p2a: Illumise\n|-damage|p2a: Illumise|64/266\n|\n|upkeep\n|turn|18\n|inactive|JhuniorCq has 120 seconds left.\n|inactive|JhuniorCq has 90 seconds left.\n|\n|t:|1781392024\n|-end|p1a: Iron Bundle|Quark Drive|[silent]\n|switch|p1a: Mudsdale|Mudsdale, L83, F|239/302\n|move|p2a: Illumise|Roost|p2a: Illumise\n|-heal|p2a: Illumise|197/266\n|-singleturn|p2a: Illumise|move: Roost\n|\n|-heal|p1a: Mudsdale|257/302|[from] item: Leftovers\n|upkeep\n|turn|19\n|\n|t:|1781392038\n|switch|p2a: Inteleon|Inteleon, L81, F|216/246\n|-damage|p2a: Inteleon|186/246|[from] Stealth Rock\n|move|p1a: Mudsdale|Stone Edge|p2a: Inteleon\n|-damage|p2a: Inteleon|78/246\n|\n|-heal|p1a: Mudsdale|275/302|[from] item: Leftovers\n|upkeep\n|turn|20\n|inactive|JhuniorCq has 60 seconds left.\n|\n|t:|1781392069\n|switch|p1a: Grumpig|Grumpig, L92, F|297/297\n|-terastallize|p2a: Inteleon|Water\n|move|p2a: Inteleon|Scald|p1a: Grumpig\n|-damage|p1a: Grumpig|69/297\n|-status|p1a: Grumpig|brn\n|\n|-damage|p1a: Grumpig|51/297 brn|[from] brn\n|upkeep\n|turn|21\n|inactive|JhuniorCq has 60 seconds left.\n|\n|t:|1781392078\n|switch|p2a: Illumise|Illumise, L91, F|197/266\n|move|p1a: Grumpig|Psychic|p2a: Illumise\n|-damage|p2a: Illumise|103/266\n|-unboost|p2a: Illumise|spd|1\n|\n|-damage|p1a: Grumpig|33/297 brn|[from] brn\n|upkeep\n|turn|22\n|inactive|JhuniorCq has 60 seconds left.\n|\n|t:|1781392089\n|move|p1a: Grumpig|Psychic|p2a: Illumise\n|-damage|p2a: Illumise|0 fnt\n|faint|p2a: Illumise\n|\n|-damage|p1a: Grumpig|15/297 brn|[from] brn\n|upkeep\n|\n|t:|1781392091\n|switch|p2a: Iron Jugulis|Iron Jugulis, L77|271/271\n|-damage|p2a: Iron Jugulis|204/271|[from] Stealth Rock\n|turn|23\n|inactive|JhuniorCq has 60 seconds left.\n|\n|t:|1781392107\n|switch|p1a: Mudsdale|Mudsdale, L83, F|275/302\n|move|p2a: Iron Jugulis|Meteor Beam||[still]\n|-prepare|p2a: Iron Jugulis|Meteor Beam\n|-boost|p2a: Iron Jugulis|spa|1\n|-enditem|p2a: Iron Jugulis|Power Herb\n|-anim|p2a: Iron Jugulis|Meteor Beam|p1a: Mudsdale\n|-resisted|p1a: Mudsdale\n|-damage|p1a: Mudsdale|205/302\n|-ability|p1a: Mudsdale|Stamina|boost\n|-boost|p1a: Mudsdale|def|1\n|\n|-heal|p1a: Mudsdale|223/302|[from] item: Leftovers\n|upkeep\n|turn|24\n|\n|t:|1781392111\n|move|p2a: Iron Jugulis|Dark Pulse|p1a: Mudsdale\n|-damage|p1a: Mudsdale|85/302\n|-ability|p1a: Mudsdale|Stamina|boost\n|-boost|p1a: Mudsdale|def|1\n|move|p1a: Mudsdale|Stone Edge|p2a: Iron Jugulis\n|-supereffective|p2a: Iron Jugulis\n|-damage|p2a: Iron Jugulis|16/271\n|\n|-heal|p1a: Mudsdale|103/302|[from] item: Leftovers\n|upkeep\n|turn|25\n|\n|t:|1781392118\n|move|p2a: Iron Jugulis|Dark Pulse|p1a: Mudsdale\n|-damage|p1a: Mudsdale|0 fnt\n|faint|p1a: Mudsdale\n|\n|upkeep\n|\n|t:|1781392124\n|switch|p1a: Iron Bundle|Iron Bundle, L78|215/215\n|turn|26\n|\n|t:|1781392126\n|move|p1a: Iron Bundle|Freeze-Dry|p2a: Iron Jugulis\n|-supereffective|p2a: Iron Jugulis\n|-crit|p2a: Iron Jugulis\n|-damage|p2a: Iron Jugulis|0 fnt\n|faint|p2a: Iron Jugulis\n|-end|p2a: Iron Jugulis|Quark Drive|[silent]\n|\n|upkeep\n|\n|t:|1781392131\n|switch|p2a: Toucannon|Toucannon, L88, M|284/284\n|turn|27\n|inactive|JhuniorCq has 90 seconds left.\n|\n|t:|1781392166\n|-end|p1a: Iron Bundle|Quark Drive|[silent]\n|switch|p1a: Grumpig|Grumpig, L92, F|15/297 brn\n|-singleturn|p2a: Toucannon|move: Beak Blast\n|move|p2a: Toucannon|Beak Blast|p1a: Grumpig\n|-damage|p1a: Grumpig|0 fnt\n|faint|p1a: Grumpig\n|\n|upkeep\n|\n|t:|1781392167\n|switch|p1a: Kyurem|Kyurem-Black, L71|295/295\n|-ability|p1a: Kyurem|Teravolt\n|turn|28\n|inactive|igothighjumpkick has 120 seconds left.\n|\n|t:|1781392216\n|-singleturn|p2a: Toucannon|move: Beak Blast\n|move|p1a: Kyurem|Dragon Dance|p1a: Kyurem\n|-boost|p1a: Kyurem|atk|1\n|-boost|p1a: Kyurem|spe|1\n|move|p2a: Toucannon|Beak Blast|p1a: Kyurem\n|-damage|p1a: Kyurem|144/295\n|\n|upkeep\n|turn|29\n|inactive|JhuniorCq has 90 seconds left.\n|inactive|JhuniorCq has 60 seconds left.\n|\n|t:|1781392265\n|-singleturn|p2a: Toucannon|move: Beak Blast\n|move|p1a: Kyurem|Icicle Spear|p2a: Toucannon\n|-supereffective|p2a: Toucannon\n|-crit|p2a: Toucannon\n|-damage|p2a: Toucannon|140/284\n|-supereffective|p2a: Toucannon\n|-damage|p2a: Toucannon|32/284\n|-supereffective|p2a: Toucannon\n|-damage|p2a: Toucannon|0 fnt\n|faint|p2a: Toucannon\n|-hitcount|p2: Toucannon|3\n|\n|upkeep\n|\n|t:|1781392269\n|switch|p2a: Flapple|Flapple, L88, M|266/266\n|-damage|p2a: Flapple|233/266|[from] Stealth Rock\n|turn|30\n|inactive|JhuniorCq has 60 seconds left.\n|\n|t:|1781392280\n|move|p2a: Flapple|Sucker Punch|p1a: Kyurem\n|-damage|p1a: Kyurem|41/295\n|move|p1a: Kyurem|Icicle Spear|p2a: Flapple\n|-supereffective|p2a: Flapple\n|-damage|p2a: Flapple|49/266\n|-supereffective|p2a: Flapple\n|-damage|p2a: Flapple|0 fnt\n|faint|p2a: Flapple\n|-hitcount|p2: Flapple|2\n|\n|upkeep\n|\n|t:|1781392285\n|switch|p2a: Inteleon|Inteleon, L81, F, tera:Water|78/246\n|-damage|p2a: Inteleon|48/246|[from] Stealth Rock\n|turn|31\n|-message|igothighjumpkick forfeited.\n|\n|win|JhuniorCq\n", "uploadtime": 1781391725, "views": 3, "formatid": "gen9randombattle", "rating": null, "private": 0, "password": null}