{"id": "gen9randombattle-2631872872", "format": "[Gen 9] Random Battle", "players": ["Kieskauer", "Bruhcloud"], "log": "|j|\u2606Kieskauer\n|j|\u2606Bruhcloud\n|t:|1781450566\n|gametype|singles\n|player|p1|Kieskauer|265|2052\n|player|p2|Bruhcloud|n|2161\n|gen|9\n|tier|[Gen 9] Random Battle\n|rated|\n|rule|Species Clause: Limit one of each Pok\u00e9mon\n|rule|HP Percentage Mod: HP is shown in percentages\n|rule|Sleep Clause Mod: Limit one foe put to sleep\n|rule|Illusion Level Mod: Illusion disguises the Pok\u00e9mon's true level\n|\n|t:|1781450566\n|teamsize|p1|6\n|teamsize|p2|6\n|start\n|switch|p1a: Lunala|Lunala, L70|308/308\n|switch|p2a: Breloom|Breloom, L83, M|235/235\n|turn|1\n|inactive|Battle timer is ON: inactive players will automatically lose when time's up. (requested by Bruhcloud)\n|\n|t:|1781450580\n|switch|p1a: Hypno|Hypno, L95, F|315/315\n|switch|p2a: Persian|Persian-Alola, L86, F|252/252\n|\n|upkeep\n|turn|2\n|\n|t:|1781450598\n|move|p2a: Persian|Dark Pulse|p1a: Hypno\n|-supereffective|p1a: Hypno\n|-damage|p1a: Hypno|182/315\n|-damage|p2a: Persian|227/252|[from] item: Life Orb\n|move|p1a: Hypno|Thunder Wave|p2a: Persian|[miss]\n|-miss|p1a: Hypno|p2a: Persian\n|\n|-heal|p1a: Hypno|201/315|[from] item: Leftovers\n|upkeep\n|turn|3\n|\n|t:|1781450608\n|move|p2a: Persian|Dark Pulse|p1a: Hypno\n|-supereffective|p1a: Hypno\n|-damage|p1a: Hypno|61/315\n|-damage|p2a: Persian|202/252|[from] item: Life Orb\n|move|p1a: Hypno|Thunder Wave|p2a: Persian\n|-status|p2a: Persian|par\n|\n|-heal|p1a: Hypno|80/315|[from] item: Leftovers\n|upkeep\n|turn|4\n|\n|t:|1781450623\n|move|p1a: Hypno|Knock Off|p2a: Persian\n|-resisted|p2a: Persian\n|-damage|p2a: Persian|178/252 par\n|-enditem|p2a: Persian|Life Orb|[from] move: Knock Off|[of] p1a: Hypno\n|cant|p2a: Persian|par\n|\n|-heal|p1a: Hypno|99/315|[from] item: Leftovers\n|upkeep\n|turn|5\n|\n|t:|1781450639\n|switch|p1a: Araquanid|Araquanid, L82, F|246/246\n|move|p2a: Persian|Dark Pulse|p1a: Araquanid\n|-damage|p1a: Araquanid|195/246\n|\n|upkeep\n|turn|6\n|\n|t:|1781450643\n|move|p2a: Persian|Thunderbolt|p1a: Araquanid\n|-supereffective|p1a: Araquanid\n|-damage|p1a: Araquanid|109/246\n|move|p1a: Araquanid|Sticky Web|p2a: Persian\n|-sidestart|p2: Bruhcloud|move: Sticky Web\n|\n|upkeep\n|turn|7\n|\n|t:|1781450647\n|move|p2a: Persian|Thunderbolt|p1a: Araquanid\n|-supereffective|p1a: Araquanid\n|-damage|p1a: Araquanid|27/246\n|move|p1a: Araquanid|Leech Life|p2a: Persian\n|-supereffective|p2a: Persian\n|-damage|p2a: Persian|92/252 par\n|-heal|p1a: Araquanid|70/246|[from] drain|[of] p2a: Persian\n|\n|upkeep\n|turn|8\n|\n|t:|1781450649\n|move|p2a: Persian|Thunderbolt|p1a: Araquanid\n|-supereffective|p1a: Araquanid\n|-damage|p1a: Araquanid|0 fnt\n|faint|p1a: Araquanid\n|\n|upkeep\n|\n|t:|1781450658\n|switch|p1a: Lunala|Lunala, L70|308/308\n|turn|9\n|\n|t:|1781450660\n|move|p1a: Lunala|Moonblast|p2a: Persian\n|-supereffective|p2a: Persian\n|-damage|p2a: Persian|0 fnt\n|faint|p2a: Persian\n|\n|upkeep\n|\n|t:|1781450665\n|switch|p2a: Muk|Muk, L86, F|321/321\n|-activate|p2a: Muk|move: Sticky Web\n|-unboost|p2a: Muk|spe|1\n|turn|10\n|\n|t:|1781450680\n|switch|p1a: Rotom|Rotom-Wash, L82|216/216\n|move|p2a: Muk|Knock Off|p1a: Rotom\n|-damage|p1a: Rotom|115/216\n|-enditem|p1a: Rotom|Choice Scarf|[from] move: Knock Off|[of] p2a: Muk\n|\n|upkeep\n|turn|11\n|\n|t:|1781450697\n|switch|p2a: Breloom|Breloom, L83, M|235/235\n|-activate|p2a: Breloom|move: Sticky Web\n|-unboost|p2a: Breloom|spe|1\n|move|p1a: Rotom|Trick|p2a: Breloom\n|-activate|p1a: Rotom|move: Trick|[of] p2a: Breloom\n|-enditem|p2a: Breloom|Life Orb|[silent]|[from] move: Trick\n|-item|p1a: Rotom|Life Orb|[from] move: Trick\n|\n|upkeep\n|turn|12\n|\n|t:|1781450704\n|move|p1a: Rotom|Volt Switch|p2a: Breloom\n|-resisted|p2a: Breloom\n|-damage|p2a: Breloom|169/235\n|-damage|p1a: Rotom|94/216|[from] item: Life Orb\n|\n|t:|1781450712\n|switch|p1a: Entei|Entei, L78|307/307|[from] Volt Switch\n|move|p2a: Breloom|Spore|p1a: Entei\n|-status|p1a: Entei|slp|[from] move: Spore\n|\n|upkeep\n|turn|13\n|\n|t:|1781450722\n|cant|p1a: Entei|slp\n|move|p2a: Breloom|Rock Tomb|p1a: Entei|[miss]\n|-miss|p2a: Breloom|p1a: Entei\n|\n|upkeep\n|turn|14\n|\n|t:|1781450735\n|cant|p1a: Entei|slp\n|move|p2a: Breloom|Rock Tomb|p1a: Entei\n|-supereffective|p1a: Entei\n|-damage|p1a: Entei|129/307 slp\n|-unboost|p1a: Entei|spe|1\n|\n|upkeep\n|turn|15\n|\n|t:|1781450751\n|switch|p2a: Quagsire|Quagsire, L84, M|297/297\n|-activate|p2a: Quagsire|move: Sticky Web\n|-unboost|p2a: Quagsire|spe|1\n|cant|p1a: Entei|slp\n|\n|upkeep\n|turn|16\n|\n|t:|1781450757\n|switch|p1a: Rotom|Rotom-Wash, L82|94/216\n|move|p2a: Quagsire|Spikes|p1a: Rotom\n|-sidestart|p1: Kieskauer|Spikes\n|\n|upkeep\n|turn|17\n|\n|t:|1781450762\n|move|p1a: Rotom|Hydro Pump|p2a: Quagsire\n|-damage|p2a: Quagsire|97/297\n|-damage|p1a: Rotom|73/216|[from] item: Life Orb\n|move|p2a: Quagsire|Spikes|p1a: Rotom\n|-sidestart|p1: Kieskauer|Spikes\n|\n|-heal|p2a: Quagsire|115/297|[from] item: Leftovers\n|upkeep\n|turn|18\n|\n|t:|1781450767\n|switch|p2a: Breloom|Breloom, L83, M|169/235\n|-activate|p2a: Breloom|move: Sticky Web\n|-unboost|p2a: Breloom|spe|1\n|move|p1a: Rotom|Hydro Pump|p2a: Breloom\n|-resisted|p2a: Breloom\n|-damage|p2a: Breloom|70/235\n|-damage|p1a: Rotom|52/216|[from] item: Life Orb\n|\n|upkeep\n|turn|19\n|\n|t:|1781450776\n|move|p1a: Rotom|Thunderbolt|p2a: Breloom\n|-resisted|p2a: Breloom\n|-damage|p2a: Breloom|0 fnt\n|faint|p2a: Breloom\n|-damage|p1a: Rotom|31/216|[from] item: Life Orb\n|\n|upkeep\n|\n|t:|1781450782\n|switch|p2a: Mienshao|Mienshao, L83, M|244/244\n|-activate|p2a: Mienshao|move: Sticky Web\n|-unboost|p2a: Mienshao|spe|1\n|turn|20\n|\n|t:|1781450788\n|move|p2a: Mienshao|Fake Out|p1a: Rotom\n|-damage|p1a: Rotom|3/216\n|cant|p1a: Rotom|flinch\n|\n|upkeep\n|turn|21\n|\n|t:|1781450792\n|switch|p2a: Quagsire|Quagsire, L84, M|115/297\n|-activate|p2a: Quagsire|move: Sticky Web\n|-unboost|p2a: Quagsire|spe|1\n|move|p1a: Rotom|Hydro Pump|p2a: Quagsire|[miss]\n|-miss|p1a: Rotom|p2a: Quagsire\n|\n|-heal|p2a: Quagsire|133/297|[from] item: Leftovers\n|upkeep\n|turn|22\n|\n|t:|1781450797\n|switch|p2a: Mienshao|Mienshao, L83, M|244/244\n|-activate|p2a: Mienshao|move: Sticky Web\n|-unboost|p2a: Mienshao|spe|1\n|move|p1a: Rotom|Hydro Pump|p2a: Mienshao\n|-damage|p2a: Mienshao|111/244\n|-damage|p1a: Rotom|0 fnt|[from] item: Life Orb\n|faint|p1a: Rotom\n|\n|upkeep\n|\n|t:|1781450803\n|switch|p1a: Hypno|Hypno, L95, F|99/315\n|-damage|p1a: Hypno|47/315|[from] Spikes\n|turn|23\n|\n|t:|1781450813\n|move|p2a: Mienshao|Fake Out|p1a: Hypno\n|-damage|p1a: Hypno|8/315\n|cant|p1a: Hypno|flinch\n|\n|-heal|p1a: Hypno|27/315|[from] item: Leftovers\n|upkeep\n|turn|24\n|\n|t:|1781450817\n|switch|p2a: Slowking|Slowking, L88, M|310/310\n|move|p1a: Hypno|Psychic Noise|p2a: Slowking\n|-resisted|p2a: Slowking\n|-damage|p2a: Slowking|275/310\n|-start|p2a: Slowking|move: Heal Block\n|\n|-heal|p1a: Hypno|46/315|[from] item: Leftovers\n|upkeep\n|turn|25\n|\n|t:|1781450821\n|move|p1a: Hypno|Knock Off|p2a: Slowking\n|-supereffective|p2a: Slowking\n|-damage|p2a: Slowking|117/310\n|-enditem|p2a: Slowking|Heavy-Duty Boots|[from] move: Knock Off|[of] p1a: Hypno\n|move|p2a: Slowking|Scald|p1a: Hypno\n|-damage|p1a: Hypno|0 fnt\n|faint|p1a: Hypno\n|\n|-end|p2a: Slowking|move: Heal Block\n|upkeep\n|\n|t:|1781450837\n|switch|p1a: Lunala|Lunala, L70|308/308\n|-damage|p1a: Lunala|257/308|[from] Spikes\n|turn|26\n|\n|t:|1781450845\n|move|p1a: Lunala|Calm Mind|p1a: Lunala\n|-boost|p1a: Lunala|spa|1\n|-boost|p1a: Lunala|spd|1\n|-prepare|p2a: Slowking|Chilly Reception|[premajor]\n|move|p2a: Slowking|Chilly Reception|p2a: Slowking\n|-weather|Snowscape\n|\n|t:|1781450847\n|switch|p2a: Muk|Muk, L86, F|321/321|[from] Chilly Reception\n|-activate|p2a: Muk|move: Sticky Web\n|-unboost|p2a: Muk|spe|1\n|\n|-weather|Snowscape|[upkeep]\n|-heal|p1a: Lunala|276/308|[from] item: Leftovers\n|upkeep\n|turn|27\n|\n|t:|1781450868\n|move|p1a: Lunala|Moonlight|p1a: Lunala\n|-heal|p1a: Lunala|308/308\n|move|p2a: Muk|Knock Off|p1a: Lunala\n|-supereffective|p1a: Lunala\n|-damage|p1a: Lunala|18/308\n|-enditem|p1a: Lunala|Leftovers|[from] move: Knock Off|[of] p2a: Muk\n|\n|-weather|Snowscape|[upkeep]\n|upkeep\n|turn|28\n|\n|t:|1781450873\n|move|p1a: Lunala|Moongeist Beam|p2a: Muk\n|-damage|p2a: Muk|177/321\n|move|p2a: Muk|Knock Off|p1a: Lunala\n|-supereffective|p1a: Lunala\n|-damage|p1a: Lunala|0 fnt\n|faint|p1a: Lunala\n|\n|-weather|Snowscape|[upkeep]\n|upkeep\n|\n|t:|1781450877\n|switch|p1a: Entei|Entei, L78|129/307 slp\n|-damage|p1a: Entei|78/307 slp|[from] Spikes\n|turn|29\n|\n|t:|1781450881\n|-curestatus|p1a: Entei|slp|[msg]\n|move|p1a: Entei|Sacred Fire|p2a: Muk\n|-damage|p2a: Muk|14/321\n|move|p2a: Muk|Knock Off|p1a: Entei\n|-damage|p1a: Entei|0 fnt\n|-enditem|p1a: Entei|Choice Band|[from] move: Knock Off|[of] p2a: Muk\n|faint|p1a: Entei\n|\n|-weather|Snowscape|[upkeep]\n|upkeep\n|\n|t:|1781450885\n|switch|p1a: Dragonite|Dragonite, L74, M|257/257\n|turn|30\n|inactive|Kieskauer has 120 seconds left.\n|\n|t:|1781450919\n|-terastallize|p1a: Dragonite|Steel\n|move|p1a: Dragonite|Dragon Dance|p1a: Dragonite\n|-boost|p1a: Dragonite|atk|1\n|-boost|p1a: Dragonite|spe|1\n|move|p2a: Muk|Knock Off|p1a: Dragonite\n|-damage|p1a: Dragonite|200/257\n|-enditem|p1a: Dragonite|Heavy-Duty Boots|[from] move: Knock Off|[of] p2a: Muk\n|\n|-weather|none\n|upkeep\n|turn|31\n|inactive|Kieskauer has 120 seconds left.\n|\n|t:|1781450930\n|switch|p2a: Mienshao|Mienshao, L83, M|192/244\n|-activate|p2a: Mienshao|move: Sticky Web\n|-unboost|p2a: Mienshao|spe|1\n|move|p1a: Dragonite|Earthquake|p2a: Mienshao\n|-damage|p2a: Mienshao|52/244\n|\n|upkeep\n|turn|32\n|\n|t:|1781450935\n|move|p2a: Mienshao|Fake Out|p1a: Dragonite\n|-resisted|p1a: Dragonite\n|-damage|p1a: Dragonite|183/257\n|cant|p1a: Dragonite|flinch\n|\n|upkeep\n|turn|33\n|\n|t:|1781450938\n|move|p1a: Dragonite|Earthquake|p2a: Mienshao\n|-damage|p2a: Mienshao|0 fnt\n|faint|p2a: Mienshao\n|\n|upkeep\n|\n|t:|1781450942\n|switch|p2a: Slowking|Slowking, L88, M|220/310\n|-activate|p2a: Slowking|move: Sticky Web\n|-unboost|p2a: Slowking|spe|1\n|turn|34\n|\n|t:|1781450947\n|switch|p2a: Muk|Muk, L86, F|14/321\n|-activate|p2a: Muk|move: Sticky Web\n|-unboost|p2a: Muk|spe|1\n|move|p1a: Dragonite|Roost|p1a: Dragonite\n|-heal|p1a: Dragonite|257/257\n|\n|upkeep\n|turn|35\n|\n|t:|1781450950\n|move|p1a: Dragonite|Earthquake|p2a: Muk\n|-supereffective|p2a: Muk\n|-damage|p2a: Muk|0 fnt\n|faint|p2a: Muk\n|\n|upkeep\n|\n|t:|1781450952\n|switch|p2a: Slowking|Slowking, L88, M|310/310\n|-activate|p2a: Slowking|move: Sticky Web\n|-unboost|p2a: Slowking|spe|1\n|turn|36\n|\n|t:|1781450958\n|move|p1a: Dragonite|Outrage|p2a: Slowking\n|-damage|p2a: Slowking|126/310\n|move|p2a: Slowking|Scald|p1a: Dragonite\n|-damage|p1a: Dragonite|207/257\n|\n|upkeep\n|turn|37\n|\n|t:|1781450963\n|-terastallize|p2a: Slowking|Fairy\n|move|p1a: Dragonite|Outrage|p2a: Slowking|[from] lockedmove\n|-immune|p2a: Slowking\n|move|p2a: Slowking|Scald|p1a: Dragonite\n|-damage|p1a: Dragonite|102/257\n|-status|p1a: Dragonite|brn\n|\n|-damage|p1a: Dragonite|86/257 brn|[from] brn\n|upkeep\n|turn|38\n|\n|t:|1781450969\n|move|p1a: Dragonite|Roost|p1a: Dragonite\n|-heal|p1a: Dragonite|215/257 brn\n|move|p2a: Slowking|Slack Off|p2a: Slowking\n|-heal|p2a: Slowking|281/310\n|\n|-damage|p1a: Dragonite|199/257 brn|[from] brn\n|upkeep\n|turn|39\n|-message|Kieskauer forfeited.\n|\n|win|Bruhcloud\n", "uploadtime": 1781450568, "views": 4, "formatid": "gen9randombattle", "rating": null, "private": 0, "password": null}