{"id": "gen9randombattle-2631374444", "format": "[Gen 9] Random Battle", "players": ["cococem", "Arxz"], "log": "|j|\u2606cococem\n|j|\u2606Arxz\n|t:|1781377136\n|gametype|singles\n|player|p1|cococem|baker|2051\n|player|p2|Arxz|hoopster|2016\n|gen|9\n|tier|[Gen 9] Random Battle\n|rated|\n|rule|Species Clause: Limit one of each Pok\u00e9mon\n|rule|HP Percentage Mod: HP is shown in percentages\n|rule|Sleep Clause Mod: Limit one foe put to sleep\n|rule|Illusion Level Mod: Illusion disguises the Pok\u00e9mon's true level\n|\n|t:|1781377136\n|teamsize|p1|6\n|teamsize|p2|6\n|start\n|switch|p1a: Kyurem|Kyurem-White, L73|303/303\n|switch|p2a: Mudsdale|Mudsdale, L83, M|302/302\n|-ability|p1a: Kyurem|Turboblaze\n|turn|1\n|inactive|Battle timer is ON: inactive players will automatically lose when time's up. (requested by Arxz)\n|\n|t:|1781377159\n|switch|p2a: Clawitzer|Clawitzer, L87, M|265/265\n|move|p1a: Kyurem|Fusion Flare|p2a: Clawitzer\n|-resisted|p2a: Clawitzer\n|-damage|p2a: Clawitzer|236/265\n|\n|upkeep\n|turn|2\n|\n|t:|1781377167\n|switch|p1a: Glaceon|Glaceon, L94, M|275/275\n|move|p2a: Clawitzer|Dragon Pulse|p1a: Glaceon\n|-damage|p1a: Glaceon|182/275\n|\n|upkeep\n|turn|3\n|\n|t:|1781377175\n|move|p1a: Glaceon|Freeze-Dry|p2a: Clawitzer\n|-supereffective|p2a: Clawitzer\n|-damage|p2a: Clawitzer|98/265\n|move|p2a: Clawitzer|Water Pulse|p1a: Glaceon\n|-damage|p1a: Glaceon|85/275\n|-start|p1a: Glaceon|confusion\n|\n|upkeep\n|turn|4\n|\n|t:|1781377187\n|-activate|p1a: Glaceon|confusion\n|-damage|p1a: Glaceon|71/275|[from] confusion\n|move|p2a: Clawitzer|Water Pulse|p1a: Glaceon\n|-damage|p1a: Glaceon|0 fnt\n|faint|p1a: Glaceon\n|\n|upkeep\n|\n|t:|1781377199\n|switch|p1a: Kyurem|Kyurem-White, L73|303/303\n|-ability|p1a: Kyurem|Turboblaze\n|turn|5\n|\n|t:|1781377222\n|move|p1a: Kyurem|Freeze-Dry|p2a: Clawitzer\n|-supereffective|p2a: Clawitzer\n|-damage|p2a: Clawitzer|0 fnt\n|faint|p2a: Clawitzer\n|\n|upkeep\n|inactive|Arxz has 120 seconds left.\n|\n|t:|1781377249\n|switch|p2a: Ninetales|Ninetales-Alola, L78, F|242/242\n|-weather|Snowscape|[from] ability: Snow Warning|[of] p2a: Ninetales\n|turn|6\n|\n|t:|1781377254\n|switch|p1a: Weezing|Weezing, L88, M|258/258\n|move|p2a: Ninetales|Blizzard|p1a: Weezing\n|-damage|p1a: Weezing|152/258\n|\n|-weather|Snowscape|[upkeep]\n|-heal|p1a: Weezing|168/258|[from] item: Leftovers\n|upkeep\n|turn|7\n|inactive|Arxz has 120 seconds left.\n|inactive|Arxz has 90 seconds left.\n|\n|t:|1781377305\n|move|p2a: Ninetales|Blizzard|p1a: Weezing\n|-damage|p1a: Weezing|71/258\n|move|p1a: Weezing|Pain Split|p2a: Ninetales\n|-sethp|p2a: Ninetales|156/242|[from] move: Pain Split|[silent]\n|-sethp|p1a: Weezing|156/258|[from] move: Pain Split\n|\n|-weather|Snowscape|[upkeep]\n|-heal|p1a: Weezing|172/258|[from] item: Leftovers\n|upkeep\n|turn|8\n|\n|t:|1781377328\n|move|p2a: Ninetales|Blizzard|p1a: Weezing\n|-damage|p1a: Weezing|64/258\n|move|p1a: Weezing|Toxic Spikes|p2a: Ninetales\n|-sidestart|p2: Arxz|move: Toxic Spikes\n|\n|-weather|Snowscape|[upkeep]\n|-heal|p1a: Weezing|80/258|[from] item: Leftovers\n|upkeep\n|turn|9\n|\n|t:|1781377333\n|switch|p1a: Volcarona|Volcarona, L77, F|257/257\n|move|p2a: Ninetales|Blizzard|p1a: Volcarona\n|-resisted|p1a: Volcarona\n|-damage|p1a: Volcarona|216/257\n|\n|-weather|Snowscape|[upkeep]\n|upkeep\n|turn|10\n|\n|t:|1781377336\n|move|p2a: Ninetales|Aurora Veil|p2a: Ninetales\n|-sidestart|p2: Arxz|move: Aurora Veil\n|move|p1a: Volcarona|Quiver Dance|p1a: Volcarona\n|-boost|p1a: Volcarona|spa|1\n|-boost|p1a: Volcarona|spd|1\n|-boost|p1a: Volcarona|spe|1\n|\n|-weather|none\n|upkeep\n|turn|11\n|\n|t:|1781377338\n|switch|p2a: Grafaiai|Grafaiai, L86, F|249/249\n|-sideend|p2: Arxz|move: Toxic Spikes|[of] p2a: Grafaiai\n|move|p1a: Volcarona|Fiery Dance|p2a: Grafaiai\n|-damage|p2a: Grafaiai|198/249\n|\n|upkeep\n|turn|12\n|\n|t:|1781377342\n|switch|p1a: Weezing|Weezing, L88, M|80/258\n|move|p2a: Grafaiai|Super Fang|p1a: Weezing\n|-damage|p1a: Weezing|40/258\n|\n|-heal|p1a: Weezing|56/258|[from] item: Leftovers\n|upkeep\n|turn|13\n|\n|t:|1781377346\n|move|p2a: Grafaiai|Knock Off|p1a: Weezing\n|-damage|p1a: Weezing|0 fnt\n|-enditem|p1a: Weezing|Leftovers|[from] move: Knock Off|[of] p2a: Grafaiai\n|faint|p1a: Weezing\n|\n|upkeep\n|\n|t:|1781377349\n|switch|p1a: Trevenant|Trevenant, L89, F|296/296\n|turn|14\n|inactive|Arxz has 120 seconds left.\n|\n|t:|1781377384\n|move|p2a: Grafaiai|Knock Off|p1a: Trevenant\n|-supereffective|p1a: Trevenant\n|-damage|p1a: Trevenant|144/296\n|-status|p1a: Trevenant|psn|[from] ability: Poison Touch|[of] p2a: Grafaiai\n|-enditem|p1a: Trevenant|Life Orb|[from] move: Knock Off|[of] p2a: Grafaiai\n|move|p1a: Trevenant|Will-O-Wisp|p2a: Grafaiai\n|-status|p2a: Grafaiai|brn\n|\n|-damage|p1a: Trevenant|107/296 psn|[from] psn\n|-damage|p2a: Grafaiai|183/249 brn|[from] brn\n|upkeep\n|turn|15\n|\n|t:|1781377396\n|move|p2a: Grafaiai|Gunk Shot|p1a: Trevenant\n|-damage|p1a: Trevenant|42/296 psn\n|move|p1a: Trevenant|Drain Punch|p2a: Grafaiai\n|-damage|p2a: Grafaiai|142/249 brn\n|-heal|p1a: Trevenant|63/296 psn|[from] drain|[of] p2a: Grafaiai\n|\n|-damage|p1a: Trevenant|26/296 psn|[from] psn\n|-damage|p2a: Grafaiai|127/249 brn|[from] brn\n|upkeep\n|turn|16\n|\n|t:|1781377401\n|move|p2a: Grafaiai|Knock Off|p1a: Trevenant\n|-supereffective|p1a: Trevenant\n|-damage|p1a: Trevenant|0 fnt\n|faint|p1a: Trevenant\n|\n|-damage|p2a: Grafaiai|112/249 brn|[from] brn\n|upkeep\n|\n|t:|1781377403\n|switch|p1a: Sunflora|Sunflora, F|312/312\n|turn|17\n|\n|t:|1781377405\n|move|p2a: Grafaiai|Super Fang|p1a: Sunflora\n|-damage|p1a: Sunflora|156/312\n|move|p1a: Sunflora|Sunny Day|p1a: Sunflora\n|-weather|SunnyDay\n|\n|-weather|SunnyDay|[upkeep]\n|-damage|p2a: Grafaiai|97/249 brn|[from] brn\n|-sideend|p2: Arxz|move: Aurora Veil\n|upkeep\n|turn|18\n|\n|t:|1781377412\n|switch|p2a: Ninetales|Ninetales-Alola, L78, F|156/242\n|-weather|Snowscape|[from] ability: Snow Warning|[of] p2a: Ninetales\n|move|p1a: Sunflora|Sunny Day|p1a: Sunflora\n|-weather|SunnyDay\n|\n|-weather|SunnyDay|[upkeep]\n|upkeep\n|turn|19\n|\n|t:|1781377419\n|move|p1a: Sunflora|Weather Ball|p2a: Ninetales\n|-supereffective|p2a: Ninetales\n|-damage|p2a: Ninetales|0 fnt\n|faint|p2a: Ninetales\n|-damage|p1a: Sunflora|125/312|[from] item: Life Orb\n|\n|-weather|SunnyDay|[upkeep]\n|upkeep\n|\n|t:|1781377423\n|switch|p2a: Grafaiai|Grafaiai, L86, F|97/249 brn\n|turn|20\n|\n|t:|1781377427\n|move|p2a: Grafaiai|Gunk Shot|p1a: Sunflora\n|-supereffective|p1a: Sunflora\n|-damage|p1a: Sunflora|0 fnt\n|faint|p1a: Sunflora\n|\n|-weather|SunnyDay|[upkeep]\n|-damage|p2a: Grafaiai|82/249 brn|[from] brn\n|upkeep\n|\n|t:|1781377430\n|switch|p1a: Volcarona|Volcarona, L77, F|216/257\n|turn|21\n|\n|t:|1781377434\n|move|p2a: Grafaiai|Super Fang|p1a: Volcarona\n|-damage|p1a: Volcarona|108/257\n|move|p1a: Volcarona|Quiver Dance|p1a: Volcarona\n|-boost|p1a: Volcarona|spa|1\n|-boost|p1a: Volcarona|spd|1\n|-boost|p1a: Volcarona|spe|1\n|\n|-weather|SunnyDay|[upkeep]\n|-damage|p2a: Grafaiai|67/249 brn|[from] brn\n|upkeep\n|turn|22\n|\n|t:|1781377439\n|move|p1a: Volcarona|Fiery Dance|p2a: Grafaiai\n|-damage|p2a: Grafaiai|0 fnt\n|faint|p2a: Grafaiai\n|\n|-weather|none\n|upkeep\n|\n|t:|1781377446\n|switch|p2a: Pachirisu|Pachirisu, L96, M|271/271\n|turn|23\n|\n|t:|1781377453\n|-terastallize|p1a: Volcarona|Grass\n|move|p1a: Volcarona|Giga Drain|p2a: Pachirisu\n|-damage|p2a: Pachirisu|153/271\n|-heal|p1a: Volcarona|167/257|[from] drain|[of] p2a: Pachirisu\n|move|p2a: Pachirisu|Encore|p1a: Volcarona\n|-start|p1a: Volcarona|Encore\n|\n|upkeep\n|turn|24\n|\n|t:|1781377463\n|switch|p2a: Gogoat|Gogoat, L88, F|360/360\n|move|p1a: Volcarona|Giga Drain|p2a: Gogoat\n|-ability|p2a: Gogoat|Sap Sipper|boost\n|-boost|p2a: Gogoat|atk|1\n|\n|upkeep\n|turn|25\n|\n|t:|1781377469\n|switch|p1a: Kyurem|Kyurem-White, L73|303/303\n|-ability|p1a: Kyurem|Turboblaze\n|move|p2a: Gogoat|Bulk Up|p2a: Gogoat\n|-boost|p2a: Gogoat|atk|1\n|-boost|p2a: Gogoat|def|1\n|\n|upkeep\n|turn|26\n|\n|t:|1781377475\n|move|p1a: Kyurem|Freeze-Dry|p2a: Gogoat\n|-supereffective|p2a: Gogoat\n|-damage|p2a: Gogoat|180/360\n|move|p2a: Gogoat|Horn Leech|p1a: Kyurem\n|-resisted|p1a: Kyurem\n|-damage|p1a: Kyurem|204/303\n|-heal|p2a: Gogoat|230/360|[from] drain|[of] p1a: Kyurem\n|\n|-heal|p2a: Gogoat|252/360|[from] item: Leftovers\n|upkeep\n|turn|27\n|\n|t:|1781377480\n|move|p1a: Kyurem|Freeze-Dry|p2a: Gogoat\n|-supereffective|p2a: Gogoat\n|-damage|p2a: Gogoat|60/360\n|move|p2a: Gogoat|Earthquake|p1a: Kyurem\n|-damage|p1a: Kyurem|32/303\n|\n|-heal|p2a: Gogoat|82/360|[from] item: Leftovers\n|upkeep\n|turn|28\n|\n|t:|1781377483\n|move|p1a: Kyurem|Freeze-Dry|p2a: Gogoat\n|-supereffective|p2a: Gogoat\n|-damage|p2a: Gogoat|0 fnt\n|faint|p2a: Gogoat\n|\n|upkeep\n|\n|t:|1781377493\n|switch|p2a: Pachirisu|Pachirisu, L96, M|153/271\n|turn|29\n|\n|t:|1781377503\n|move|p1a: Kyurem|Freeze-Dry|p2a: Pachirisu\n|-damage|p2a: Pachirisu|81/271\n|move|p2a: Pachirisu|Discharge|p1a: Kyurem\n|-resisted|p1a: Kyurem\n|-damage|p1a: Kyurem|0 fnt\n|faint|p1a: Kyurem\n|\n|upkeep\n|\n|t:|1781377508\n|switch|p1a: Volcarona|Volcarona, L77, F, tera:Grass|167/257\n|turn|30\n|\n|t:|1781377516\n|move|p2a: Pachirisu|Discharge|p1a: Volcarona\n|-resisted|p1a: Volcarona\n|-damage|p1a: Volcarona|134/257\n|move|p1a: Volcarona|Quiver Dance|p1a: Volcarona\n|-boost|p1a: Volcarona|spa|1\n|-boost|p1a: Volcarona|spd|1\n|-boost|p1a: Volcarona|spe|1\n|\n|upkeep\n|turn|31\n|\n|t:|1781377519\n|move|p1a: Volcarona|Giga Drain|p2a: Pachirisu\n|-damage|p2a: Pachirisu|0 fnt\n|-heal|p1a: Volcarona|175/257|[from] drain|[of] p2a: Pachirisu\n|faint|p2a: Pachirisu\n|\n|upkeep\n|\n|t:|1781377521\n|switch|p2a: Mudsdale|Mudsdale, L83, M|302/302\n|turn|32\n|\n|t:|1781377527\n|move|p1a: Volcarona|Giga Drain|p2a: Mudsdale\n|-supereffective|p2a: Mudsdale\n|-damage|p2a: Mudsdale|24/302\n|-heal|p1a: Volcarona|257/257|[from] drain|[of] p2a: Mudsdale\n|-ability|p2a: Mudsdale|Stamina|boost\n|-boost|p2a: Mudsdale|def|1\n|move|p2a: Mudsdale|Heavy Slam|p1a: Volcarona\n|-crit|p1a: Volcarona\n|-damage|p1a: Volcarona|43/257\n|\n|-heal|p2a: Mudsdale|42/302|[from] item: Leftovers\n|upkeep\n|turn|33\n|-message|Arxz forfeited.\n|\n|win|cococem\n", "uploadtime": 1781377137, "views": 6, "formatid": "gen9randombattle", "rating": null, "private": 0, "password": null}