{"id": "gen9randombattle-2631506950", "format": "[Gen 9] Random Battle", "players": ["hddhgdydhdhdd", "Ziskyspaz"], "log": "|j|\u2606hddhgdydhdhdd\n|j|\u2606Ziskyspaz\n|t:|1781393921\n|gametype|singles\n|player|p1|hddhgdydhdhdd|265|1127\n|player|p2|Ziskyspaz|1|1164\n|gen|9\n|tier|[Gen 9] Random Battle\n|rated|\n|rule|Species Clause: Limit one of each Pok\u00e9mon\n|rule|HP Percentage Mod: HP is shown in percentages\n|rule|Sleep Clause Mod: Limit one foe put to sleep\n|rule|Illusion Level Mod: Illusion disguises the Pok\u00e9mon's true level\n|\n|t:|1781393921\n|teamsize|p1|6\n|teamsize|p2|6\n|start\n|switch|p1a: Delibird|Delibird, F|252/252\n|switch|p2a: Garganacl|Garganacl, L80, F|291/291\n|turn|1\n|\n|t:|1781393933\n|move|p1a: Delibird|Spikes|p2a: Garganacl\n|-sidestart|p2: Ziskyspaz|Spikes\n|move|p2a: Garganacl|Salt Cure|p1a: Delibird\n|-supereffective|p1a: Delibird\n|-damage|p1a: Delibird|44/252\n|-start|p1a: Delibird|Salt Cure\n|\n|-damage|p1a: Delibird|13/252|[from] Salt Cure\n|upkeep\n|turn|2\n|\n|t:|1781393957\n|switch|p2a: Gastrodon|Gastrodon, L86, F|331/331\n|-damage|p2a: Gastrodon|290/331|[from] Spikes\n|move|p1a: Delibird|Spikes|p2a: Gastrodon\n|-sidestart|p2: Ziskyspaz|Spikes\n|\n|-heal|p2a: Gastrodon|310/331|[from] item: Leftovers\n|-damage|p1a: Delibird|0 fnt|[from] Salt Cure\n|faint|p1a: Delibird\n|upkeep\n|\n|t:|1781393968\n|switch|p1a: Ninetales|Ninetales, L85, F|263/263\n|-weather|SunnyDay|[from] ability: Drought|[of] p1a: Ninetales\n|turn|3\n|\n|t:|1781393974\n|move|p1a: Ninetales|Nasty Plot|p1a: Ninetales\n|-boost|p1a: Ninetales|spa|2\n|move|p2a: Gastrodon|Stealth Rock|p1a: Ninetales\n|-sidestart|p1: hddhgdydhdhdd|move: Stealth Rock\n|\n|-weather|SunnyDay|[upkeep]\n|-heal|p2a: Gastrodon|330/331|[from] item: Leftovers\n|upkeep\n|turn|4\n|\n|t:|1781393979\n|move|p1a: Ninetales|Solar Beam||[still]\n|-prepare|p1a: Ninetales|Solar Beam\n|-anim|p1a: Ninetales|Solar Beam|p2a: Gastrodon\n|-supereffective|p2a: Gastrodon\n|-damage|p2a: Gastrodon|0 fnt\n|faint|p2a: Gastrodon\n|\n|-weather|SunnyDay|[upkeep]\n|upkeep\n|\n|t:|1781393986\n|switch|p2a: Granbull|Granbull, L88, M|302/302\n|-damage|p2a: Granbull|252/302|[from] Spikes\n|-ability|p2a: Granbull|Intimidate|boost\n|-unboost|p1a: Ninetales|atk|1\n|turn|5\n|\n|t:|1781393989\n|move|p1a: Ninetales|Fire Blast|p2a: Granbull\n|-damage|p2a: Granbull|0 fnt\n|faint|p2a: Granbull\n|\n|-weather|SunnyDay|[upkeep]\n|upkeep\n|\n|t:|1781393998\n|switch|p2a: Muk|Muk-Alola, L82, F|306/306\n|-damage|p2a: Muk|255/306|[from] Spikes\n|turn|6\n|\n|t:|1781394002\n|move|p1a: Ninetales|Fire Blast|p2a: Muk\n|-damage|p2a: Muk|45/306\n|move|p2a: Muk|Knock Off|p1a: Ninetales\n|-damage|p1a: Ninetales|142/263\n|-status|p1a: Ninetales|psn|[from] ability: Poison Touch|[of] p2a: Muk\n|-enditem|p1a: Ninetales|Heavy-Duty Boots|[from] move: Knock Off|[of] p2a: Muk\n|\n|-weather|SunnyDay|[upkeep]\n|-damage|p1a: Ninetales|110/263 psn|[from] psn\n|upkeep\n|turn|7\n|\n|t:|1781394008\n|move|p2a: Muk|Shadow Sneak|p1a: Ninetales\n|-crit|p1a: Ninetales\n|-damage|p1a: Ninetales|61/263 psn\n|move|p1a: Ninetales|Scorching Sands|p2a: Muk\n|-supereffective|p2a: Muk\n|-damage|p2a: Muk|0 fnt\n|faint|p2a: Muk\n|\n|-weather|none\n|-damage|p1a: Ninetales|29/263 psn|[from] psn\n|upkeep\n|\n|t:|1781394012\n|switch|p2a: Comfey|Comfey, L85, M|225/225\n|-damage|p2a: Comfey|188/225|[from] Spikes\n|turn|8\n|\n|t:|1781394019\n|move|p2a: Comfey|Calm Mind|p2a: Comfey\n|-boost|p2a: Comfey|spa|1\n|-boost|p2a: Comfey|spd|1\n|move|p1a: Ninetales|Fire Blast|p2a: Comfey\n|-damage|p2a: Comfey|79/225\n|\n|-heal|p2a: Comfey|93/225|[from] item: Leftovers\n|-damage|p1a: Ninetales|0 fnt|[from] psn\n|faint|p1a: Ninetales\n|upkeep\n|\n|t:|1781394023\n|switch|p1a: Whimsicott|Whimsicott, L84, F|238/238\n|-damage|p1a: Whimsicott|209/238|[from] Stealth Rock\n|turn|9\n|\n|t:|1781394028\n|move|p2a: Comfey|Draining Kiss|p1a: Whimsicott\n|-damage|p1a: Whimsicott|119/238\n|-heal|p2a: Comfey|161/225|[from] drain|[of] p1a: Whimsicott\n|move|p1a: Whimsicott|Encore|p2a: Comfey\n|-start|p2a: Comfey|Encore\n|\n|-heal|p1a: Whimsicott|133/238|[from] item: Leftovers\n|-heal|p2a: Comfey|175/225|[from] item: Leftovers\n|upkeep\n|turn|10\n|\n|t:|1781394033\n|move|p2a: Comfey|Draining Kiss|p1a: Whimsicott\n|-damage|p1a: Whimsicott|48/238\n|-heal|p2a: Comfey|225/225|[from] drain|[of] p1a: Whimsicott\n|move|p1a: Whimsicott|Leech Seed|p2a: Comfey\n|-start|p2a: Comfey|move: Leech Seed\n|\n|-heal|p1a: Whimsicott|62/238|[from] item: Leftovers\n|-damage|p2a: Comfey|197/225|[from] Leech Seed|[of] p1a: Whimsicott\n|-heal|p1a: Whimsicott|90/238|[silent]\n|upkeep\n|turn|11\n|\n|t:|1781394036\n|move|p2a: Comfey|Draining Kiss|p1a: Whimsicott\n|-damage|p1a: Whimsicott|11/238\n|-heal|p2a: Comfey|225/225|[from] drain|[of] p1a: Whimsicott\n|move|p1a: Whimsicott|Substitute|p1a: Whimsicott\n|-fail|p1a: Whimsicott|move: Substitute|[weak]\n|\n|-heal|p1a: Whimsicott|25/238|[from] item: Leftovers\n|-damage|p2a: Comfey|197/225|[from] Leech Seed|[of] p1a: Whimsicott\n|-heal|p1a: Whimsicott|53/238|[silent]\n|upkeep\n|turn|12\n|\n|t:|1781394039\n|move|p2a: Comfey|Draining Kiss|p1a: Whimsicott\n|-damage|p1a: Whimsicott|0 fnt\n|-heal|p2a: Comfey|225/225|[from] drain|[of] p1a: Whimsicott\n|faint|p1a: Whimsicott\n|\n|-end|p2a: Comfey|Encore\n|upkeep\n|\n|t:|1781394044\n|switch|p1a: Great Tusk|Great Tusk, L77|235/235\n|-damage|p1a: Great Tusk|206/235|[from] Stealth Rock\n|turn|13\n|\n|t:|1781394048\n|-terastallize|p1a: Great Tusk|Poison\n|move|p2a: Comfey|Draining Kiss|p1a: Great Tusk\n|-resisted|p1a: Great Tusk\n|-damage|p1a: Great Tusk|159/235\n|replace|p1a: Zoroark|Zoroark, L83, F\n|-end|p1a: Zoroark|Illusion\n|-hint|Illusion Level Mod is active, so this Pok\u00e9mon's true level was hidden.\n|move|p1a: Zoroark|Sludge Bomb|p2a: Comfey\n|-supereffective|p2a: Comfey\n|-damage|p2a: Comfey|61/225\n|-damage|p1a: Zoroark|136/235|[from] item: Life Orb\n|\n|-heal|p2a: Comfey|75/225|[from] item: Leftovers\n|-damage|p2a: Comfey|47/225|[from] Leech Seed|[of] p1a: Zoroark\n|-heal|p1a: Zoroark|164/235|[silent]\n|upkeep\n|turn|14\n|\n|t:|1781394058\n|-terastallize|p2a: Comfey|Ground\n|move|p1a: Zoroark|Sludge Bomb|p2a: Comfey\n|-resisted|p2a: Comfey\n|-damage|p2a: Comfey|4/225\n|-damage|p1a: Zoroark|141/235|[from] item: Life Orb\n|move|p2a: Comfey|Tera Blast|p1a: Zoroark|[anim] Tera Blast Ground\n|-supereffective|p1a: Zoroark\n|-damage|p1a: Zoroark|0 fnt\n|faint|p1a: Zoroark\n|\n|-heal|p2a: Comfey|18/225|[from] item: Leftovers\n|upkeep\n|\n|t:|1781394065\n|switch|p1a: Appletun|Appletun, L92, F|352/352\n|-damage|p1a: Appletun|308/352|[from] Stealth Rock\n|turn|15\n|\n|t:|1781394067\n|move|p2a: Comfey|Draining Kiss|p1a: Appletun\n|-supereffective|p1a: Appletun\n|-damage|p1a: Appletun|170/352\n|-heal|p2a: Comfey|122/225|[from] drain|[of] p1a: Appletun\n|move|p1a: Appletun|Apple Acid|p2a: Comfey\n|-supereffective|p2a: Comfey\n|-damage|p2a: Comfey|14/225\n|-unboost|p2a: Comfey|spd|1\n|\n|-heal|p2a: Comfey|28/225|[from] item: Leftovers\n|-heal|p1a: Appletun|192/352|[from] item: Leftovers\n|-damage|p2a: Comfey|0 fnt|[from] Leech Seed|[of] p1a: Appletun\n|-heal|p1a: Appletun|220/352|[silent]\n|faint|p2a: Comfey\n|upkeep\n|\n|t:|1781394076\n|switch|p2a: Bellibolt|Bellibolt, L84, F|320/320\n|-damage|p2a: Bellibolt|267/320|[from] Spikes\n|turn|16\n|\n|t:|1781394085\n|move|p2a: Bellibolt|Toxic|p1a: Appletun\n|-status|p1a: Appletun|tox\n|move|p1a: Appletun|Apple Acid|p2a: Bellibolt\n|-damage|p2a: Bellibolt|152/320\n|-unboost|p2a: Bellibolt|spd|1\n|-start|p2a: Bellibolt|Charge|Apple Acid|[from] ability: Electromorphosis\n|\n|-heal|p2a: Bellibolt|172/320|[from] item: Leftovers\n|-heal|p1a: Appletun|242/352 tox|[from] item: Leftovers\n|-damage|p1a: Appletun|220/352 tox|[from] psn\n|upkeep\n|turn|17\n|\n|t:|1781394092\n|move|p2a: Bellibolt|Slack Off|p2a: Bellibolt\n|-heal|p2a: Bellibolt|320/320\n|move|p1a: Appletun|Apple Acid|p2a: Bellibolt\n|-damage|p2a: Bellibolt|160/320\n|-unboost|p2a: Bellibolt|spd|1\n|-start|p2a: Bellibolt|Charge|Apple Acid|[from] ability: Electromorphosis\n|\n|-heal|p2a: Bellibolt|180/320|[from] item: Leftovers\n|-heal|p1a: Appletun|242/352 tox|[from] item: Leftovers\n|-damage|p1a: Appletun|198/352 tox|[from] psn\n|upkeep\n|turn|18\n|\n|t:|1781394099\n|move|p2a: Bellibolt|Thunderbolt|p1a: Appletun\n|-resisted|p1a: Appletun\n|-damage|p1a: Appletun|154/352 tox\n|-end|p2a: Bellibolt|Charge|[silent]\n|move|p1a: Appletun|Apple Acid|p2a: Bellibolt\n|-damage|p2a: Bellibolt|0 fnt\n|faint|p2a: Bellibolt\n|\n|-heal|p1a: Appletun|176/352 tox|[from] item: Leftovers\n|-damage|p1a: Appletun|110/352 tox|[from] psn\n|upkeep\n|\n|t:|1781394102\n|switch|p2a: Garganacl|Garganacl, L80, F|291/291\n|-damage|p2a: Garganacl|243/291|[from] Spikes\n|turn|19\n|\n|t:|1781394107\n|move|p2a: Garganacl|Protect|p2a: Garganacl\n|-singleturn|p2a: Garganacl|Protect\n|move|p1a: Appletun|Apple Acid|p2a: Garganacl\n|-activate|p2a: Garganacl|move: Protect\n|\n|-heal|p1a: Appletun|132/352 tox|[from] item: Leftovers\n|-heal|p2a: Garganacl|261/291|[from] item: Leftovers\n|-damage|p1a: Appletun|44/352 tox|[from] psn\n|upkeep\n|turn|20\n|\n|t:|1781394112\n|move|p1a: Appletun|Apple Acid|p2a: Garganacl\n|-supereffective|p2a: Garganacl\n|-damage|p2a: Garganacl|63/291\n|-unboost|p2a: Garganacl|spd|1\n|move|p2a: Garganacl|Recover|p2a: Garganacl\n|-heal|p2a: Garganacl|209/291\n|\n|-heal|p1a: Appletun|66/352 tox|[from] item: Leftovers\n|-heal|p2a: Garganacl|227/291|[from] item: Leftovers\n|-damage|p1a: Appletun|0 fnt|[from] psn\n|faint|p1a: Appletun\n|upkeep\n|\n|t:|1781394116\n|switch|p1a: Great Tusk|Great Tusk, L77|304/304\n|-damage|p1a: Great Tusk|295/304|[from] Stealth Rock\n|turn|21\n|\n|t:|1781394120\n|move|p1a: Great Tusk|Close Combat|p2a: Garganacl\n|-supereffective|p2a: Garganacl\n|-damage|p2a: Garganacl|11/291\n|-unboost|p1a: Great Tusk|def|1\n|-unboost|p1a: Great Tusk|spd|1\n|move|p2a: Garganacl|Earthquake|p1a: Great Tusk\n|-damage|p1a: Great Tusk|212/304\n|\n|-heal|p1a: Great Tusk|231/304|[from] item: Leftovers\n|-heal|p2a: Garganacl|29/291|[from] item: Leftovers\n|upkeep\n|turn|22\n|\n|t:|1781394123\n|move|p2a: Garganacl|Protect|p2a: Garganacl\n|-singleturn|p2a: Garganacl|Protect\n|move|p1a: Great Tusk|Earthquake|p2a: Garganacl\n|-activate|p2a: Garganacl|move: Protect\n|\n|-heal|p1a: Great Tusk|250/304|[from] item: Leftovers\n|-heal|p2a: Garganacl|47/291|[from] item: Leftovers\n|upkeep\n|turn|23\n|\n|t:|1781394131\n|move|p1a: Great Tusk|Earthquake|p2a: Garganacl\n|-supereffective|p2a: Garganacl\n|-damage|p2a: Garganacl|0 fnt\n|faint|p2a: Garganacl\n|\n|win|hddhgdydhdhdd\n|raw|hddhgdydhdhdd's rating: 1127 &rarr; <strong>1155</strong><br />(+28 for winning)\n|raw|Ziskyspaz's rating: 1164 &rarr; <strong>1136</strong><br />(-28 for losing)\n", "uploadtime": 1781394152, "views": 2, "formatid": "gen9randombattle", "rating": 1136, "private": 0, "password": null}