{"id": "gen9randombattle-2631865769", "format": "[Gen 9] Random Battle", "players": ["Ryemikyu", "coolbai"], "log": "|j|\u2606Ryemikyu\n|j|\u2606coolbai\n|t:|1781449774\n|gametype|singles\n|player|p1|Ryemikyu|acerola|2068\n|player|p2|coolbai|lucas|1977\n|gen|9\n|tier|[Gen 9] Random Battle\n|rated|\n|rule|Species Clause: Limit one of each Pok\u00e9mon\n|rule|HP Percentage Mod: HP is shown in percentages\n|rule|Sleep Clause Mod: Limit one foe put to sleep\n|rule|Illusion Level Mod: Illusion disguises the Pok\u00e9mon's true level\n|\n|t:|1781449774\n|teamsize|p1|6\n|teamsize|p2|6\n|start\n|switch|p1a: Rotom|Rotom-Wash, L82|216/216\n|switch|p2a: Iron Thorns|Iron Thorns, L83|302/302\n|turn|1\n|\n|t:|1781449800\n|-end|p2a: Iron Thorns|Quark Drive|[silent]\n|switch|p2a: Serperior|Serperior, L79, F|248/248\n|move|p1a: Rotom|Hydro Pump|p2a: Serperior\n|-resisted|p2a: Serperior\n|-damage|p2a: Serperior|189/248\n|\n|-heal|p2a: Serperior|204/248|[from] item: Leftovers\n|upkeep\n|turn|2\n|\n|t:|1781449810\n|switch|p1a: Eternatus|Eternatus, L69|308/308\n|-ability|p1a: Eternatus|Pressure\n|move|p2a: Serperior|Substitute|p2a: Serperior\n|-start|p2a: Serperior|Substitute\n|-damage|p2a: Serperior|142/248\n|\n|-heal|p2a: Serperior|157/248|[from] item: Leftovers\n|upkeep\n|turn|3\n|\n|t:|1781449819\n|move|p2a: Serperior|Leech Seed|p1a: Eternatus\n|-start|p1a: Eternatus|move: Leech Seed\n|move|p1a: Eternatus|Sludge Bomb|p2a: Serperior\n|-supereffective|p2a: Serperior\n|-end|p2a: Serperior|Substitute\n|\n|-heal|p2a: Serperior|172/248|[from] item: Leftovers\n|-damage|p1a: Eternatus|270/308|[from] Leech Seed|[of] p2a: Serperior\n|-heal|p2a: Serperior|210/248|[silent]\n|upkeep\n|turn|4\n|\n|t:|1781449831\n|switch|p1a: Mightyena|Mightyena, L96, M|290/290\n|-ability|p1a: Mightyena|Intimidate|boost\n|-boost|p2a: Serperior|atk|1\n|move|p2a: Serperior|Substitute|p2a: Serperior\n|-start|p2a: Serperior|Substitute\n|-damage|p2a: Serperior|148/248\n|\n|-heal|p2a: Serperior|163/248|[from] item: Leftovers\n|upkeep\n|turn|5\n|\n|t:|1781449837\n|move|p2a: Serperior|Leech Seed|p1a: Mightyena\n|-start|p1a: Mightyena|move: Leech Seed\n|move|p1a: Mightyena|Poison Fang|p2a: Serperior\n|-supereffective|p2a: Serperior\n|-end|p2a: Serperior|Substitute\n|\n|-heal|p2a: Serperior|178/248|[from] item: Leftovers\n|-damage|p1a: Mightyena|254/290|[from] Leech Seed|[of] p2a: Serperior\n|-heal|p2a: Serperior|214/248|[silent]\n|upkeep\n|turn|6\n|\n|t:|1781449846\n|move|p2a: Serperior|Substitute|p2a: Serperior\n|-start|p2a: Serperior|Substitute\n|-damage|p2a: Serperior|152/248\n|move|p1a: Mightyena|Poison Fang|p2a: Serperior\n|-supereffective|p2a: Serperior\n|-end|p2a: Serperior|Substitute\n|\n|-heal|p2a: Serperior|167/248|[from] item: Leftovers\n|-damage|p1a: Mightyena|218/290|[from] Leech Seed|[of] p2a: Serperior\n|-heal|p2a: Serperior|203/248|[silent]\n|upkeep\n|turn|7\n|\n|t:|1781449849\n|move|p2a: Serperior|Substitute|p2a: Serperior\n|-start|p2a: Serperior|Substitute\n|-damage|p2a: Serperior|141/248\n|move|p1a: Mightyena|Poison Fang|p2a: Serperior\n|-supereffective|p2a: Serperior\n|-end|p2a: Serperior|Substitute\n|\n|-heal|p2a: Serperior|156/248|[from] item: Leftovers\n|-damage|p1a: Mightyena|182/290|[from] Leech Seed|[of] p2a: Serperior\n|-heal|p2a: Serperior|192/248|[silent]\n|upkeep\n|turn|8\n|\n|t:|1781449851\n|move|p2a: Serperior|Substitute|p2a: Serperior\n|-start|p2a: Serperior|Substitute\n|-damage|p2a: Serperior|130/248\n|move|p1a: Mightyena|Poison Fang|p2a: Serperior\n|-supereffective|p2a: Serperior\n|-end|p2a: Serperior|Substitute\n|\n|-heal|p2a: Serperior|145/248|[from] item: Leftovers\n|-damage|p1a: Mightyena|146/290|[from] Leech Seed|[of] p2a: Serperior\n|-heal|p2a: Serperior|181/248|[silent]\n|upkeep\n|turn|9\n|\n|t:|1781449856\n|move|p2a: Serperior|Substitute|p2a: Serperior\n|-start|p2a: Serperior|Substitute\n|-damage|p2a: Serperior|119/248\n|move|p1a: Mightyena|Poison Fang|p2a: Serperior\n|-supereffective|p2a: Serperior\n|-end|p2a: Serperior|Substitute\n|\n|-heal|p2a: Serperior|134/248|[from] item: Leftovers\n|-damage|p1a: Mightyena|110/290|[from] Leech Seed|[of] p2a: Serperior\n|-heal|p2a: Serperior|170/248|[silent]\n|upkeep\n|turn|10\n|\n|t:|1781449860\n|move|p2a: Serperior|Substitute|p2a: Serperior\n|-start|p2a: Serperior|Substitute\n|-damage|p2a: Serperior|108/248\n|move|p1a: Mightyena|Poison Fang|p2a: Serperior\n|-supereffective|p2a: Serperior\n|-end|p2a: Serperior|Substitute\n|\n|-heal|p2a: Serperior|123/248|[from] item: Leftovers\n|-damage|p1a: Mightyena|74/290|[from] Leech Seed|[of] p2a: Serperior\n|-heal|p2a: Serperior|159/248|[silent]\n|upkeep\n|turn|11\n|\n|t:|1781449863\n|move|p2a: Serperior|Leaf Storm|p1a: Mightyena\n|-damage|p1a: Mightyena|0 fnt\n|-boost|p2a: Serperior|spa|2\n|faint|p1a: Mightyena\n|\n|-heal|p2a: Serperior|174/248|[from] item: Leftovers\n|upkeep\n|\n|t:|1781449867\n|switch|p1a: Archaludon|Archaludon, L78, F|268/268\n|turn|12\n|\n|t:|1781449879\n|move|p2a: Serperior|Leech Seed|p1a: Archaludon|[miss]\n|-miss|p2a: Serperior|p1a: Archaludon\n|move|p1a: Archaludon|Iron Head|p2a: Serperior\n|-damage|p2a: Serperior|98/248\n|\n|-heal|p2a: Serperior|113/248|[from] item: Leftovers\n|upkeep\n|turn|13\n|\n|t:|1781449885\n|switch|p2a: Chandelure|Chandelure, L83, F|235/235\n|move|p1a: Archaludon|Iron Head|p2a: Chandelure\n|-resisted|p2a: Chandelure\n|-damage|p2a: Chandelure|197/235\n|\n|upkeep\n|turn|14\n|\n|t:|1781449896\n|switch|p1a: Dewgong|Dewgong, L94, F|322/322\n|move|p2a: Chandelure|Shadow Ball|p1a: Dewgong\n|-damage|p1a: Dewgong|229/322\n|\n|upkeep\n|turn|15\n|\n|t:|1781449908\n|switch|p2a: Basculin|Basculin-Blue-Striped, L86, M|261/261\n|move|p1a: Dewgong|Surf|p2a: Basculin\n|-resisted|p2a: Basculin\n|-damage|p2a: Basculin|197/261\n|\n|upkeep\n|turn|16\n|\n|t:|1781449919\n|switch|p1a: Archaludon|Archaludon, L78, F|268/268\n|move|p2a: Basculin|Flip Turn|p1a: Archaludon\n|-resisted|p1a: Archaludon\n|-damage|p1a: Archaludon|215/268\n|-ability|p1a: Archaludon|Stamina|boost\n|-boost|p1a: Archaludon|def|1\n|\n|t:|1781449924\n|switch|p2a: Chandelure|Chandelure, L83, F|197/235|[from] Flip Turn\n|\n|upkeep\n|turn|17\n|\n|t:|1781449930\n|move|p2a: Chandelure|Shadow Ball|p1a: Archaludon\n|-damage|p1a: Archaludon|58/268\n|-ability|p1a: Archaludon|Stamina|boost\n|-boost|p1a: Archaludon|def|1\n|move|p1a: Archaludon|Earthquake|p2a: Chandelure\n|-supereffective|p2a: Chandelure\n|-damage|p2a: Chandelure|69/235\n|\n|upkeep\n|turn|18\n|\n|t:|1781449940\n|move|p2a: Chandelure|Shadow Ball|p1a: Archaludon\n|-damage|p1a: Archaludon|0 fnt\n|faint|p1a: Archaludon\n|\n|upkeep\n|\n|t:|1781449946\n|switch|p1a: Rotom|Rotom-Wash, L82|216/216\n|turn|19\n|\n|t:|1781449965\n|move|p1a: Rotom|Thunderbolt|p2a: Chandelure\n|-damage|p2a: Chandelure|0 fnt\n|faint|p2a: Chandelure\n|\n|upkeep\n|\n|t:|1781449968\n|switch|p2a: Serperior|Serperior, L79, F|113/248\n|turn|20\n|\n|t:|1781449979\n|switch|p1a: Dewgong|Dewgong, L94, F|229/322\n|move|p2a: Serperior|Substitute|p2a: Serperior\n|-start|p2a: Serperior|Substitute\n|-damage|p2a: Serperior|51/248\n|\n|-heal|p2a: Serperior|66/248|[from] item: Leftovers\n|upkeep\n|turn|21\n|\n|t:|1781449987\n|move|p2a: Serperior|Leech Seed|p1a: Dewgong\n|-start|p1a: Dewgong|move: Leech Seed\n|move|p1a: Dewgong|Ice Beam|p2a: Serperior\n|-supereffective|p2a: Serperior\n|-end|p2a: Serperior|Substitute\n|\n|-heal|p2a: Serperior|81/248|[from] item: Leftovers\n|-damage|p1a: Dewgong|189/322|[from] Leech Seed|[of] p2a: Serperior\n|-heal|p2a: Serperior|121/248|[silent]\n|upkeep\n|turn|22\n|\n|t:|1781449994\n|move|p2a: Serperior|Substitute|p2a: Serperior\n|-start|p2a: Serperior|Substitute\n|-damage|p2a: Serperior|59/248\n|move|p1a: Dewgong|Encore|p2a: Serperior\n|-start|p2a: Serperior|Encore\n|\n|-heal|p2a: Serperior|74/248|[from] item: Leftovers\n|-damage|p1a: Dewgong|149/322|[from] Leech Seed|[of] p2a: Serperior\n|-heal|p2a: Serperior|114/248|[silent]\n|upkeep\n|turn|23\n|\n|t:|1781450002\n|switch|p1a: Eternatus|Eternatus, L69|270/308\n|-ability|p1a: Eternatus|Pressure\n|move|p2a: Serperior|Substitute|p2a: Serperior\n|-fail|p2a: Serperior|move: Substitute\n|\n|-heal|p2a: Serperior|129/248|[from] item: Leftovers\n|upkeep\n|turn|24\n|\n|t:|1781450007\n|move|p2a: Serperior|Substitute|p2a: Serperior\n|-fail|p2a: Serperior|move: Substitute\n|move|p1a: Eternatus|Sludge Bomb|p2a: Serperior\n|-supereffective|p2a: Serperior\n|-end|p2a: Serperior|Substitute\n|\n|-heal|p2a: Serperior|144/248|[from] item: Leftovers\n|upkeep\n|turn|25\n|\n|t:|1781450011\n|move|p2a: Serperior|Substitute|p2a: Serperior\n|-start|p2a: Serperior|Substitute\n|-damage|p2a: Serperior|82/248\n|move|p1a: Eternatus|Sludge Bomb|p2a: Serperior\n|-supereffective|p2a: Serperior\n|-end|p2a: Serperior|Substitute\n|\n|-heal|p2a: Serperior|97/248|[from] item: Leftovers\n|-end|p2a: Serperior|Encore\n|upkeep\n|turn|26\n|\n|t:|1781450014\n|switch|p2a: Iron Treads|Iron Treads, L77|265/265\n|move|p1a: Eternatus|Sludge Bomb|p2a: Iron Treads\n|-immune|p2a: Iron Treads\n|\n|upkeep\n|turn|27\n|\n|t:|1781450026\n|switch|p1a: Rotom|Rotom-Wash, L82|216/216\n|move|p2a: Iron Treads|Knock Off|p1a: Rotom\n|-damage|p1a: Rotom|156/216\n|-enditem|p1a: Rotom|Leftovers|[from] move: Knock Off|[of] p2a: Iron Treads\n|\n|upkeep\n|turn|28\n|\n|t:|1781450034\n|-end|p2a: Iron Treads|Quark Drive|[silent]\n|switch|p2a: Serperior|Serperior, L79, F|97/248\n|move|p1a: Rotom|Hydro Pump|p2a: Serperior\n|-resisted|p2a: Serperior\n|-damage|p2a: Serperior|41/248\n|\n|-heal|p2a: Serperior|56/248|[from] item: Leftovers\n|upkeep\n|turn|29\n|\n|t:|1781450043\n|move|p2a: Serperior|Leaf Storm|p1a: Rotom\n|-supereffective|p1a: Rotom\n|-damage|p1a: Rotom|0 fnt\n|-boost|p2a: Serperior|spa|2\n|faint|p1a: Rotom\n|\n|-heal|p2a: Serperior|71/248|[from] item: Leftovers\n|upkeep\n|\n|t:|1781450054\n|switch|p1a: Eternatus|Eternatus, L69|270/308\n|-ability|p1a: Eternatus|Pressure\n|turn|30\n|\n|t:|1781450060\n|move|p2a: Serperior|Leech Seed|p1a: Eternatus\n|-start|p1a: Eternatus|move: Leech Seed\n|move|p1a: Eternatus|Sludge Bomb|p2a: Serperior\n|-supereffective|p2a: Serperior\n|-damage|p2a: Serperior|0 fnt\n|faint|p2a: Serperior\n|\n|upkeep\n|\n|t:|1781450062\n|switch|p2a: Iron Treads|Iron Treads, L77|265/265\n|turn|31\n|\n|t:|1781450069\n|move|p1a: Eternatus|Fire Blast|p2a: Iron Treads\n|-supereffective|p2a: Iron Treads\n|-damage|p2a: Iron Treads|137/265\n|move|p2a: Iron Treads|Rapid Spin|p1a: Eternatus\n|-damage|p1a: Eternatus|231/308\n|-boost|p2a: Iron Treads|spe|1\n|-damage|p2a: Iron Treads|93/265|[from] item: Rocky Helmet|[of] p1a: Eternatus\n|\n|-damage|p1a: Eternatus|193/308|[from] Leech Seed|[of] p2a: Iron Treads\n|-heal|p2a: Iron Treads|131/265|[silent]\n|upkeep\n|turn|32\n|\n|t:|1781450079\n|switch|p1a: Cresselia|Cresselia, L80, F|323/323\n|move|p2a: Iron Treads|Earthquake|p1a: Cresselia\n|-immune|p1a: Cresselia|[from] ability: Levitate\n|\n|upkeep\n|turn|33\n|\n|t:|1781450090\n|move|p2a: Iron Treads|Knock Off|p1a: Cresselia\n|-supereffective|p1a: Cresselia\n|-damage|p1a: Cresselia|211/323\n|-enditem|p1a: Cresselia|Leftovers|[from] move: Knock Off|[of] p2a: Iron Treads\n|move|p1a: Cresselia|Calm Mind|p1a: Cresselia\n|-boost|p1a: Cresselia|spa|1\n|-boost|p1a: Cresselia|spd|1\n|\n|upkeep\n|turn|34\n|\n|t:|1781450097\n|move|p2a: Iron Treads|Iron Head|p1a: Cresselia\n|-damage|p1a: Cresselia|145/323\n|move|p1a: Cresselia|Moonlight|p1a: Cresselia\n|-heal|p1a: Cresselia|306/323\n|\n|upkeep\n|turn|35\n|\n|t:|1781450114\n|-end|p2a: Iron Treads|Quark Drive|[silent]\n|switch|p2a: Iron Thorns|Iron Thorns, L83|302/302\n|move|p1a: Cresselia|Calm Mind|p1a: Cresselia\n|-boost|p1a: Cresselia|spa|1\n|-boost|p1a: Cresselia|spd|1\n|\n|upkeep\n|turn|36\n|\n|t:|1781450122\n|move|p1a: Cresselia|Psyshock|p2a: Iron Thorns\n|-damage|p2a: Iron Thorns|187/302\n|move|p2a: Iron Thorns|Wild Charge|p1a: Cresselia\n|-crit|p1a: Cresselia\n|-damage|p1a: Cresselia|86/323\n|-damage|p2a: Iron Thorns|132/302|[from] Recoil\n|\n|upkeep\n|turn|37\n|\n|t:|1781450129\n|move|p1a: Cresselia|Moonlight|p1a: Cresselia\n|-heal|p1a: Cresselia|247/323\n|move|p2a: Iron Thorns|Wild Charge|p1a: Cresselia\n|-damage|p1a: Cresselia|90/323\n|-damage|p2a: Iron Thorns|93/302|[from] Recoil\n|\n|upkeep\n|turn|38\n|\n|t:|1781450132\n|move|p1a: Cresselia|Psyshock|p2a: Iron Thorns\n|-damage|p2a: Iron Thorns|0 fnt\n|faint|p2a: Iron Thorns\n|-end|p2a: Iron Thorns|Quark Drive|[silent]\n|\n|upkeep\n|\n|t:|1781450135\n|switch|p2a: Basculin|Basculin-Blue-Striped, L86, M|197/261\n|turn|39\n|\n|t:|1781450140\n|switch|p1a: Eternatus|Eternatus, L69|193/308\n|-ability|p1a: Eternatus|Pressure\n|move|p2a: Basculin|Double-Edge|p1a: Eternatus\n|-damage|p1a: Eternatus|39/308\n|-damage|p2a: Basculin|154/261|[from] item: Rocky Helmet|[of] p1a: Eternatus\n|-damage|p2a: Basculin|103/261|[from] Recoil\n|\n|upkeep\n|turn|40\n|\n|t:|1781450146\n|switch|p2a: Iron Treads|Iron Treads, L77|131/265\n|move|p1a: Eternatus|Recover|p1a: Eternatus\n|-heal|p1a: Eternatus|193/308\n|\n|upkeep\n|turn|41\n|\n|t:|1781450157\n|move|p1a: Eternatus|Fire Blast|p2a: Iron Treads\n|-supereffective|p2a: Iron Treads\n|-damage|p2a: Iron Treads|0 fnt\n|faint|p2a: Iron Treads\n|-end|p2a: Iron Treads|Quark Drive|[silent]\n|\n|upkeep\n|\n|t:|1781450160\n|switch|p2a: Passimian|Passimian, L83, M|302/302\n|turn|42\n|\n|t:|1781450171\n|move|p1a: Eternatus|Sludge Bomb|p2a: Passimian\n|-damage|p2a: Passimian|173/302\n|move|p2a: Passimian|Bulk Up|p2a: Passimian\n|-boost|p2a: Passimian|atk|1\n|-boost|p2a: Passimian|def|1\n|\n|-heal|p2a: Passimian|191/302|[from] item: Leftovers\n|upkeep\n|turn|43\n|\n|t:|1781450183\n|move|p1a: Eternatus|Sludge Bomb|p2a: Passimian\n|-damage|p2a: Passimian|73/302\n|move|p2a: Passimian|Knock Off|p1a: Eternatus\n|-damage|p1a: Eternatus|45/308\n|-damage|p2a: Passimian|23/302|[from] item: Rocky Helmet|[of] p1a: Eternatus\n|-enditem|p1a: Eternatus|Rocky Helmet|[from] move: Knock Off|[of] p2a: Passimian\n|\n|-heal|p2a: Passimian|41/302|[from] item: Leftovers\n|upkeep\n|turn|44\n|\n|t:|1781450189\n|-terastallize|p2a: Passimian|Steel\n|move|p1a: Eternatus|Dynamax Cannon|p2a: Passimian\n|-resisted|p2a: Passimian\n|-damage|p2a: Passimian|0 fnt\n|faint|p2a: Passimian\n|\n|upkeep\n|\n|t:|1781450192\n|switch|p2a: Basculin|Basculin-Blue-Striped, L86, M|103/261\n|turn|45\n|\n|t:|1781450198\n|move|p1a: Eternatus|Dynamax Cannon|p2a: Basculin\n|-damage|p2a: Basculin|0 fnt\n|faint|p2a: Basculin\n|\n|win|Ryemikyu\n|raw|Ryemikyu's rating: 2068 &rarr; <strong>2083</strong><br />(+15 for winning)\n|raw|coolbai's rating: 1977 &rarr; <strong>1962</strong><br />(-15 for losing)\n", "uploadtime": 1781449776, "views": 4, "formatid": "gen9randombattle", "rating": 1962, "private": 0, "password": null}