{"id": "gen9randombattle-2631834723", "format": "[Gen 9] Random Battle", "players": ["Aizen_74", "smasher04"], "log": "|j|\u2606Aizen_74\n|j|\u2606smasher04\n|t:|1781446108\n|gametype|singles\n|player|p1|Aizen_74|102|1956\n|player|p2|smasher04|twins-gen4|1972\n|gen|9\n|tier|[Gen 9] Random Battle\n|rated|\n|rule|Species Clause: Limit one of each Pok\u00e9mon\n|rule|HP Percentage Mod: HP is shown in percentages\n|rule|Sleep Clause Mod: Limit one foe put to sleep\n|rule|Illusion Level Mod: Illusion disguises the Pok\u00e9mon's true level\n|\n|t:|1781446108\n|teamsize|p1|6\n|teamsize|p2|6\n|start\n|switch|p1a: Bruxish|Bruxish, L85, M|254/254\n|switch|p2a: Vespiquen|Vespiquen, L99, F|299/299\n|-ability|p2a: Vespiquen|Pressure\n|turn|1\n|inactive|Battle timer is ON: inactive players will automatically lose when time's up. (requested by Aizen_74)\n|\n|t:|1781446136\n|move|p1a: Bruxish|Ice Fang|p2a: Vespiquen\n|-supereffective|p2a: Vespiquen\n|-damage|p2a: Vespiquen|185/299\n|move|p2a: Vespiquen|U-turn|p1a: Bruxish\n|-supereffective|p1a: Bruxish\n|-damage|p1a: Bruxish|36/254\n|\n|t:|1781446142\n|switch|p2a: Magcargo|Magcargo, L95, M|268/268|[from] U-turn\n|\n|upkeep\n|turn|2\n|\n|t:|1781446157\n|switch|p1a: Mabosstiff|Mabosstiff, L86, M|278/278\n|move|p2a: Magcargo|Stealth Rock|p1a: Mabosstiff\n|-sidestart|p1: Aizen_74|move: Stealth Rock\n|\n|upkeep\n|turn|3\n|\n|t:|1781446166\n|move|p1a: Mabosstiff|Crunch|p2a: Magcargo\n|-crit|p2a: Magcargo\n|-damage|p2a: Magcargo|150/268\n|move|p2a: Magcargo|Lava Plume|p1a: Mabosstiff\n|-damage|p1a: Mabosstiff|152/278\n|\n|upkeep\n|turn|4\n|\n|t:|1781446173\n|move|p1a: Mabosstiff|Crunch|p2a: Magcargo\n|-damage|p2a: Magcargo|80/268\n|move|p2a: Magcargo|Recover|p2a: Magcargo\n|-heal|p2a: Magcargo|214/268\n|\n|upkeep\n|turn|5\n|\n|t:|1781446177\n|move|p1a: Mabosstiff|Crunch|p2a: Magcargo\n|-damage|p2a: Magcargo|141/268\n|move|p2a: Magcargo|Lava Plume|p1a: Mabosstiff\n|-damage|p1a: Mabosstiff|34/278\n|\n|upkeep\n|turn|6\n|\n|t:|1781446181\n|move|p1a: Mabosstiff|Crunch|p2a: Magcargo\n|-damage|p2a: Magcargo|63/268\n|-status|p1a: Mabosstiff|brn|[from] ability: Flame Body|[of] p2a: Magcargo\n|move|p2a: Magcargo|Recover|p2a: Magcargo\n|-heal|p2a: Magcargo|197/268\n|\n|-damage|p1a: Mabosstiff|17/278 brn|[from] brn\n|upkeep\n|turn|7\n|-message|Aizen_74 forfeited.\n|\n|win|smasher04\n", "uploadtime": 1781446110, "views": 3, "formatid": "gen9randombattle", "rating": null, "private": 0, "password": null}