{"id": "gen9randombattle-2631423063", "format": "[Gen 9] Random Battle", "players": ["MasterJ007", "Usummega"], "log": "|badge|p1|silver|gen9randombattle|30-9\n|uhtml|medal-msg|<div class=\"broadcast-blue\">Curious what those medals under the avatar are? PS now has Ladder Seasons! For more information, check out the <a href=\"https://www.smogon.com/forums/threads/3740067/\">thread on Smogon.</a></div>\n|badge|p2|bronze|gen9randombattle|100-9\n|uhtml|medal-msg|<div class=\"broadcast-blue\">Curious what those medals under the avatar are? PS now has Ladder Seasons! For more information, check out the <a href=\"https://www.smogon.com/forums/threads/3740067/\">thread on Smogon.</a></div>\n|j|\u2606MasterJ007\n|j|\u2606Usummega\n|t:|1781382821\n|gametype|singles\n|player|p1|MasterJ007|#rbtt7teamsuicune|2388\n|player|p2|Usummega|maxie-gen6|2398\n|gen|9\n|tier|[Gen 9] Random Battle\n|rated|\n|rule|Species Clause: Limit one of each Pok\u00e9mon\n|rule|HP Percentage Mod: HP is shown in percentages\n|rule|Sleep Clause Mod: Limit one foe put to sleep\n|rule|Illusion Level Mod: Illusion disguises the Pok\u00e9mon's true level\n|\n|t:|1781382821\n|teamsize|p1|6\n|teamsize|p2|6\n|start\n|switch|p1a: Altaria|Altaria, L89, F|278/278\n|switch|p2a: Volcanion|Volcanion, L79|256/256\n|turn|1\n|inactive|Battle timer is ON: inactive players will automatically lose when time's up. (requested by MasterJ007)\n|inactive|Usummega has 120 seconds left.\n|\n|t:|1781382859\n|switch|p2a: Staraptor|Staraptor, L79, F|263/263\n|move|p1a: Altaria|Brave Bird|p2a: Staraptor\n|-damage|p2a: Staraptor|130/263\n|-damage|p1a: Altaria|234/278|[from] Recoil\n|\n|upkeep\n|turn|2\n|\n|t:|1781382883\n|move|p2a: Staraptor|Brave Bird|p1a: Altaria\n|-damage|p1a: Altaria|9/278\n|-damage|p2a: Staraptor|56/263|[from] Recoil\n|move|p1a: Altaria|Brave Bird|p2a: Staraptor\n|-damage|p2a: Staraptor|0 fnt\n|faint|p2a: Staraptor\n|-damage|p1a: Altaria|0 fnt|[from] Recoil\n|faint|p1a: Altaria\n|\n|upkeep\n|\n|t:|1781382892\n|switch|p2a: Flutter Mane|Flutter Mane, L74|203/203\n|switch|p1a: Umbreon|Umbreon, L84, F|297/297\n|turn|3\n|\n|t:|1781382905\n|-terastallize|p1a: Umbreon|Poison\n|move|p2a: Flutter Mane|Moonblast|p1a: Umbreon\n|-resisted|p1a: Umbreon\n|-damage|p1a: Umbreon|244/297\n|-unboost|p1a: Umbreon|spa|1\n|move|p1a: Umbreon|Toxic|p2a: Flutter Mane\n|-status|p2a: Flutter Mane|tox\n|\n|-heal|p1a: Umbreon|262/297|[from] item: Leftovers\n|-damage|p2a: Flutter Mane|191/203 tox|[from] psn\n|upkeep\n|turn|4\n|\n|t:|1781382916\n|-end|p2a: Flutter Mane|Protosynthesis|[silent]\n|switch|p2a: Qwilfish|Qwilfish-Hisui, L83, F|244/244\n|-ability|p2a: Qwilfish|Intimidate|boost\n|-unboost|p1a: Umbreon|atk|1\n|move|p1a: Umbreon|Toxic|p2a: Qwilfish\n|-immune|p2a: Qwilfish\n|\n|-heal|p1a: Umbreon|280/297|[from] item: Leftovers\n|upkeep\n|turn|5\n|inactive|MasterJ007 has 120 seconds left.\n|\n|t:|1781382944\n|switch|p1a: Kricketune|Kricketune, L99, M|312/312\n|move|p2a: Qwilfish|Crunch|p1a: Kricketune\n|-damage|p1a: Kricketune|204/312\n|\n|upkeep\n|turn|6\n|\n|t:|1781382949\n|move|p2a: Qwilfish|Taunt|p1a: Kricketune\n|-start|p1a: Kricketune|move: Taunt\n|move|p1a: Kricketune|Pounce|p2a: Qwilfish\n|-damage|p2a: Qwilfish|177/244\n|-unboost|p2a: Qwilfish|spe|1\n|\n|upkeep\n|turn|7\n|\n|t:|1781382955\n|switch|p2a: Flutter Mane|Flutter Mane, L74|191/203 tox\n|move|p1a: Kricketune|Knock Off|p2a: Flutter Mane\n|-damage|p2a: Flutter Mane|55/203 tox\n|-enditem|p2a: Flutter Mane|Choice Specs|[from] move: Knock Off|[of] p1a: Kricketune\n|\n|-damage|p2a: Flutter Mane|43/203 tox|[from] psn\n|upkeep\n|turn|8\n|\n|t:|1781382963\n|switch|p1a: Umbreon|Umbreon, L84, F, tera:Poison|280/297\n|move|p2a: Flutter Mane|Psyshock|p1a: Umbreon\n|-supereffective|p1a: Umbreon\n|-damage|p1a: Umbreon|190/297\n|\n|-heal|p1a: Umbreon|208/297|[from] item: Leftovers\n|-damage|p2a: Flutter Mane|19/203 tox|[from] psn\n|upkeep\n|turn|9\n|\n|t:|1781382969\n|-end|p2a: Flutter Mane|Protosynthesis|[silent]\n|switch|p2a: Qwilfish|Qwilfish-Hisui, L83, F|177/244\n|-ability|p2a: Qwilfish|Intimidate|boost\n|-unboost|p1a: Umbreon|atk|1\n|move|p1a: Umbreon|Wish|p1a: Umbreon\n|\n|-heal|p1a: Umbreon|226/297|[from] item: Leftovers\n|upkeep\n|turn|10\n|\n|t:|1781382976\n|switch|p1a: Kricketune|Kricketune, L99, M|204/312\n|move|p2a: Qwilfish|Crunch|p1a: Kricketune\n|-damage|p1a: Kricketune|96/312\n|\n|-heal|p1a: Kricketune|244/312|[from] move: Wish|[wisher] Umbreon\n|upkeep\n|turn|11\n|\n|t:|1781382988\n|move|p2a: Qwilfish|Gunk Shot|p1a: Kricketune\n|-damage|p1a: Kricketune|88/312\n|move|p1a: Kricketune|Pounce|p2a: Qwilfish\n|-damage|p2a: Qwilfish|107/244\n|-unboost|p2a: Qwilfish|spe|1\n|\n|upkeep\n|turn|12\n|\n|t:|1781382993\n|move|p1a: Kricketune|Sticky Web|p2a: Qwilfish\n|-sidestart|p2: Usummega|move: Sticky Web\n|move|p2a: Qwilfish|Crunch|p1a: Kricketune\n|-damage|p1a: Kricketune|0 fnt\n|faint|p1a: Kricketune\n|\n|upkeep\n|\n|t:|1781383013\n|switch|p1a: Slaking|Slaking, L84, F|389/389\n|turn|13\n|\n|t:|1781383019\n|switch|p2a: Flutter Mane|Flutter Mane, L74|19/203 tox\n|-activate|p2a: Flutter Mane|move: Sticky Web\n|-unboost|p2a: Flutter Mane|spe|1\n|move|p1a: Slaking|Double-Edge|p2a: Flutter Mane\n|-immune|p2a: Flutter Mane\n|\n|-damage|p2a: Flutter Mane|7/203 tox|[from] psn\n|upkeep\n|turn|14\n|\n|t:|1781383025\n|switch|p1a: Umbreon|Umbreon, L84, F, tera:Poison|226/297\n|move|p2a: Flutter Mane|Psyshock|p1a: Umbreon\n|-supereffective|p1a: Umbreon\n|-damage|p1a: Umbreon|122/297\n|\n|-heal|p1a: Umbreon|140/297|[from] item: Leftovers\n|-damage|p2a: Flutter Mane|0 fnt|[from] psn\n|faint|p2a: Flutter Mane\n|-end|p2a: Flutter Mane|Protosynthesis|[silent]\n|upkeep\n|\n|t:|1781383051\n|switch|p2a: Lunala|Lunala, L70|308/308\n|-activate|p2a: Lunala|move: Sticky Web\n|-unboost|p2a: Lunala|spe|1\n|turn|15\n|\n|t:|1781383061\n|move|p1a: Umbreon|Toxic|p2a: Lunala\n|-status|p2a: Lunala|tox\n|move|p2a: Lunala|Psyshock|p1a: Umbreon\n|-supereffective|p1a: Umbreon\n|-damage|p1a: Umbreon|0 fnt\n|faint|p1a: Umbreon\n|\n|-damage|p2a: Lunala|289/308 tox|[from] psn\n|upkeep\n|\n|t:|1781383068\n|switch|p1a: Mismagius|Mismagius, L86, F|243/243\n|turn|16\n|\n|t:|1781383072\n|switch|p2a: Houndoom|Houndoom, L87, M|272/272\n|move|p1a: Mismagius|Substitute|p1a: Mismagius\n|-start|p1a: Mismagius|Substitute\n|-damage|p1a: Mismagius|183/243\n|\n|-heal|p1a: Mismagius|198/243|[from] item: Leftovers\n|upkeep\n|turn|17\n|inactive|MasterJ007 has 120 seconds left.\n|\n|t:|1781383107\n|move|p1a: Mismagius|Tera Blast|p2a: Houndoom\n|-damage|p2a: Houndoom|206/272\n|move|p2a: Houndoom|Dark Pulse|p1a: Mismagius\n|-supereffective|p1a: Mismagius\n|-end|p1a: Mismagius|Substitute\n|\n|-heal|p1a: Mismagius|213/243|[from] item: Leftovers\n|upkeep\n|turn|18\n|inactive|MasterJ007 has 120 seconds left.\n|\n|t:|1781383114\n|switch|p1a: Slaking|Slaking, L84, F|389/389\n|move|p2a: Houndoom|Fire Blast|p1a: Slaking\n|-damage|p1a: Slaking|209/389\n|\n|upkeep\n|turn|19\n|\n|t:|1781383128\n|switch|p2a: Qwilfish|Qwilfish-Hisui, L83, F|107/244\n|-activate|p2a: Qwilfish|move: Sticky Web\n|-unboost|p2a: Qwilfish|spe|1\n|-ability|p2a: Qwilfish|Intimidate|boost\n|-unboost|p1a: Slaking|atk|1\n|move|p1a: Slaking|Earthquake|p2a: Qwilfish\n|-supereffective|p2a: Qwilfish\n|-damage|p2a: Qwilfish|0 fnt\n|faint|p2a: Qwilfish\n|\n|upkeep\n|inactive|Usummega has 120 seconds left.\n|\n|t:|1781383155\n|switch|p2a: Lunala|Lunala, L70|289/308 tox\n|-activate|p2a: Lunala|move: Sticky Web\n|-unboost|p2a: Lunala|spe|1\n|turn|20\n|\n|t:|1781383163\n|cant|p1a: Slaking|ability: Truant\n|move|p2a: Lunala|Psyshock|p1a: Slaking\n|-damage|p1a: Slaking|137/389\n|\n|-heal|p2a: Lunala|308/308 tox|[from] item: Leftovers\n|-damage|p2a: Lunala|289/308 tox|[from] psn\n|upkeep\n|turn|21\n|\n|t:|1781383174\n|move|p1a: Slaking|Earthquake|p2a: Lunala\n|-damage|p2a: Lunala|171/308 tox\n|move|p2a: Lunala|Psyshock|p1a: Slaking\n|-damage|p1a: Slaking|61/389\n|\n|-heal|p2a: Lunala|190/308 tox|[from] item: Leftovers\n|-damage|p2a: Lunala|152/308 tox|[from] psn\n|upkeep\n|turn|22\n|\n|t:|1781383181\n|switch|p1a: Mismagius|Mismagius, L86, F|213/243\n|move|p2a: Lunala|Psyshock|p1a: Mismagius\n|-damage|p1a: Mismagius|111/243\n|\n|-heal|p1a: Mismagius|126/243|[from] item: Leftovers\n|-heal|p2a: Lunala|171/308 tox|[from] item: Leftovers\n|-damage|p2a: Lunala|114/308 tox|[from] psn\n|upkeep\n|turn|23\n|\n|t:|1781383190\n|switch|p2a: Houndoom|Houndoom, L87, M|206/272\n|move|p1a: Mismagius|Shadow Ball|p2a: Houndoom\n|-resisted|p2a: Houndoom\n|-damage|p2a: Houndoom|154/272\n|\n|-heal|p1a: Mismagius|141/243|[from] item: Leftovers\n|upkeep\n|turn|24\n|inactive|MasterJ007 has 120 seconds left.\n|\n|t:|1781383221\n|move|p1a: Mismagius|Tera Blast|p2a: Houndoom\n|-crit|p2a: Houndoom\n|-damage|p2a: Houndoom|50/272\n|move|p2a: Houndoom|Dark Pulse|p1a: Mismagius\n|-supereffective|p1a: Mismagius\n|-damage|p1a: Mismagius|0 fnt\n|faint|p1a: Mismagius\n|\n|upkeep\n|inactive|MasterJ007 has 120 seconds left.\n|\n|t:|1781383236\n|switch|p1a: Slaking|Slaking, L84, F|61/389\n|turn|25\n|\n|t:|1781383243\n|switch|p2a: Lunala|Lunala, L70|114/308 tox\n|-activate|p2a: Lunala|move: Sticky Web\n|-unboost|p2a: Lunala|spe|1\n|move|p1a: Slaking|Earthquake|p2a: Lunala\n|-damage|p2a: Lunala|0 fnt\n|faint|p2a: Lunala\n|\n|upkeep\n|\n|t:|1781383250\n|switch|p2a: Volcanion|Volcanion, L79|256/256\n|turn|26\n|\n|t:|1781383256\n|cant|p1a: Slaking|ability: Truant\n|move|p2a: Volcanion|Steam Eruption|p1a: Slaking\n|-damage|p1a: Slaking|0 fnt\n|faint|p1a: Slaking\n|\n|upkeep\n|\n|t:|1781383260\n|switch|p1a: Lapras|Lapras, L87, M|367/367\n|turn|27\n|j| Manxas\n|\n|t:|1781383268\n|move|p2a: Volcanion|Sludge Bomb|p1a: Lapras\n|-damage|p1a: Lapras|297/367\n|move|p1a: Lapras|Dragon Dance|p1a: Lapras\n|-boost|p1a: Lapras|atk|1\n|-boost|p1a: Lapras|spe|1\n|\n|upkeep\n|turn|28\n|\n|t:|1781383273\n|-terastallize|p2a: Volcanion|Water\n|move|p1a: Lapras|Earthquake|p2a: Volcanion\n|-damage|p2a: Volcanion|165/256\n|move|p2a: Volcanion|Haze|p2a: Volcanion\n|-clearallboost\n|\n|upkeep\n|turn|29\n|\n|t:|1781383281\n|move|p2a: Volcanion|Sludge Bomb|p1a: Lapras\n|-damage|p1a: Lapras|234/367\n|-status|p1a: Lapras|psn\n|move|p1a: Lapras|Dragon Dance|p1a: Lapras\n|-boost|p1a: Lapras|atk|1\n|-boost|p1a: Lapras|spe|1\n|\n|-damage|p1a: Lapras|189/367 psn|[from] psn\n|upkeep\n|turn|30\n|\n|t:|1781383286\n|move|p1a: Lapras|Earthquake|p2a: Volcanion\n|-damage|p2a: Volcanion|79/256\n|move|p2a: Volcanion|Haze|p2a: Volcanion\n|-clearallboost\n|\n|-damage|p1a: Lapras|144/367 psn|[from] psn\n|upkeep\n|turn|31\n|\n|t:|1781383302\n|move|p2a: Volcanion|Flamethrower|p1a: Lapras\n|-damage|p1a: Lapras|44/367 psn\n|move|p1a: Lapras|Dragon Dance|p1a: Lapras\n|-boost|p1a: Lapras|atk|1\n|-boost|p1a: Lapras|spe|1\n|\n|-damage|p1a: Lapras|0 fnt|[from] psn\n|faint|p1a: Lapras\n|\n|win|Usummega\n", "uploadtime": 1781382822, "views": 23, "formatid": "gen9randombattle", "rating": null, "private": 0, "password": null}