{"id": "gen9randombattle-2631426000", "format": "[Gen 9] Random Battle", "players": ["philschmil", "jonuz"], "log": "|j|\u2606philschmil\n|j|\u2606jonuz\n|t:|1781383169\n|gametype|singles\n|player|p1|philschmil|alder|1984\n|player|p2|jonuz|102|1958\n|gen|9\n|tier|[Gen 9] Random Battle\n|rated|\n|rule|Species Clause: Limit one of each Pok\u00e9mon\n|rule|HP Percentage Mod: HP is shown in percentages\n|rule|Sleep Clause Mod: Limit one foe put to sleep\n|rule|Illusion Level Mod: Illusion disguises the Pok\u00e9mon's true level\n|\n|t:|1781383169\n|teamsize|p1|6\n|teamsize|p2|6\n|start\n|switch|p1a: Arbok|Arbok, L87, F|246/246\n|switch|p2a: Rillaboom|Rillaboom, L79, F|288/288\n|-ability|p1a: Arbok|Intimidate|boost\n|-unboost|p2a: Rillaboom|atk|1\n|-fieldstart|move: Grassy Terrain|[from] ability: Grassy Surge|[of] p2a: Rillaboom\n|turn|1\n|inactive|Battle timer is ON: inactive players will automatically lose when time's up. (requested by philschmil)\n|\n|t:|1781383182\n|switch|p2a: Spidops|Spidops, L96, F|271/271\n|move|p1a: Arbok|Glare|p2a: Spidops\n|-status|p2a: Spidops|par\n|\n|upkeep\n|turn|2\n|\n|t:|1781383192\n|switch|p1a: Zacian|Zacian-Crowned, L64|225/225\n|-ability|p1a: Zacian|Intrepid Sword|boost\n|-boost|p1a: Zacian|atk|1\n|move|p2a: Spidops|Sticky Web|p1a: Zacian\n|-sidestart|p1: philschmil|move: Sticky Web\n|\n|upkeep\n|turn|3\n|\n|t:|1781383198\n|move|p1a: Zacian|Swords Dance|p1a: Zacian\n|-boost|p1a: Zacian|atk|2\n|move|p2a: Spidops|Spikes|p1a: Zacian\n|-sidestart|p1: philschmil|Spikes\n|\n|upkeep\n|turn|4\n|\n|t:|1781383205\n|move|p1a: Zacian|Behemoth Blade|p2a: Spidops\n|-damage|p2a: Spidops|97/271 par\n|move|p2a: Spidops|Circle Throw|p1a: Zacian\n|-damage|p1a: Zacian|174/225\n|drag|p1a: Iron Jugulis|Iron Jugulis, L77|271/271\n|\n|-heal|p2a: Spidops|113/271 par|[from] Grassy Terrain\n|upkeep\n|turn|5\n|\n|t:|1781383214\n|move|p1a: Iron Jugulis|Dark Pulse|p2a: Spidops\n|-damage|p2a: Spidops|8/271 par\n|cant|p2a: Spidops|flinch\n|\n|-heal|p2a: Spidops|24/271 par|[from] Grassy Terrain\n|-fieldend|move: Grassy Terrain\n|upkeep\n|turn|6\n|\n|t:|1781383217\n|move|p1a: Iron Jugulis|Dark Pulse|p2a: Spidops\n|-damage|p2a: Spidops|0 fnt\n|faint|p2a: Spidops\n|\n|upkeep\n|\n|t:|1781383222\n|switch|p2a: Slaking|Slaking, L84, F|389/389\n|turn|7\n|\n|t:|1781383229\n|-end|p1a: Iron Jugulis|Quark Drive|[silent]\n|switch|p1a: Duraludon|Duraludon, L82, F|249/249\n|-activate|p1a: Duraludon|move: Sticky Web\n|-unboost|p1a: Duraludon|spe|1\n|-damage|p1a: Duraludon|218/249|[from] Spikes\n|move|p2a: Slaking|Double-Edge|p1a: Duraludon\n|-resisted|p1a: Duraludon\n|-damage|p1a: Duraludon|137/249\n|-damage|p2a: Slaking|362/389|[from] Recoil\n|\n|upkeep\n|turn|8\n|\n|t:|1781383235\n|switch|p2a: Rillaboom|Rillaboom, L79, F|288/288\n|-fieldstart|move: Grassy Terrain|[from] ability: Grassy Surge|[of] p2a: Rillaboom\n|move|p1a: Duraludon|Iron Defense|p1a: Duraludon\n|-boost|p1a: Duraludon|def|2\n|\n|-heal|p1a: Duraludon|152/249|[from] Grassy Terrain\n|upkeep\n|turn|9\n|\n|t:|1781383238\n|move|p2a: Rillaboom|Swords Dance|p2a: Rillaboom\n|-boost|p2a: Rillaboom|atk|2\n|move|p1a: Duraludon|Iron Defense|p1a: Duraludon\n|-boost|p1a: Duraludon|def|2\n|\n|-heal|p1a: Duraludon|167/249|[from] Grassy Terrain\n|upkeep\n|turn|10\n|\n|t:|1781383242\n|move|p2a: Rillaboom|High Horsepower|p1a: Duraludon\n|-supereffective|p1a: Duraludon\n|-damage|p1a: Duraludon|89/249\n|-damage|p2a: Rillaboom|260/288|[from] item: Life Orb\n|move|p1a: Duraludon|Iron Defense|p1a: Duraludon\n|-boost|p1a: Duraludon|def|2\n|\n|-heal|p2a: Rillaboom|278/288|[from] Grassy Terrain\n|-heal|p1a: Duraludon|104/249|[from] Grassy Terrain\n|upkeep\n|turn|11\n|\n|t:|1781383245\n|move|p2a: Rillaboom|High Horsepower|p1a: Duraludon|[miss]\n|-miss|p2a: Rillaboom|p1a: Duraludon\n|move|p1a: Duraludon|Body Press|p2a: Rillaboom\n|-damage|p2a: Rillaboom|20/288\n|\n|-heal|p2a: Rillaboom|38/288|[from] Grassy Terrain\n|-heal|p1a: Duraludon|119/249|[from] Grassy Terrain\n|upkeep\n|turn|12\n|\n|t:|1781383251\n|move|p2a: Rillaboom|High Horsepower|p1a: Duraludon\n|-supereffective|p1a: Duraludon\n|-damage|p1a: Duraludon|62/249\n|-damage|p2a: Rillaboom|10/288|[from] item: Life Orb\n|move|p1a: Duraludon|Body Press|p2a: Rillaboom\n|-damage|p2a: Rillaboom|0 fnt\n|faint|p2a: Rillaboom\n|\n|-heal|p1a: Duraludon|77/249|[from] Grassy Terrain\n|-fieldend|move: Grassy Terrain\n|upkeep\n|\n|t:|1781383257\n|switch|p2a: Cyclizar|Cyclizar, L83, M|252/252\n|turn|13\n|\n|t:|1781383262\n|move|p2a: Cyclizar|Draco Meteor|p1a: Duraludon\n|-damage|p1a: Duraludon|0 fnt\n|-unboost|p2a: Cyclizar|spa|2\n|faint|p1a: Duraludon\n|\n|upkeep\n|\n|t:|1781383269\n|switch|p1a: Arbok|Arbok, L87, F|246/246\n|-activate|p1a: Arbok|move: Sticky Web\n|-unboost|p1a: Arbok|spe|1\n|-damage|p1a: Arbok|216/246|[from] Spikes\n|-ability|p1a: Arbok|Intimidate|boost\n|-unboost|p2a: Cyclizar|atk|1\n|turn|14\n|\n|t:|1781383277\n|move|p2a: Cyclizar|Shed Tail|p2a: Cyclizar\n|-start|p2a: Cyclizar|Substitute|[from] move: Shed Tail\n|-damage|p2a: Cyclizar|126/252\n|\n|t:|1781383283\n|switch|p2a: Vivillon|Vivillon-Elegant, L83, M|268/268|[from] Shed Tail\n|move|p1a: Arbok|Knock Off|p2a: Vivillon\n|-end|p2a: Vivillon|Substitute\n|-damage|p1a: Arbok|192/246|[from] item: Life Orb\n|\n|upkeep\n|turn|15\n|\n|t:|1781383290\n|move|p2a: Vivillon|Sleep Powder|p1a: Arbok\n|-status|p1a: Arbok|slp|[from] move: Sleep Powder\n|cant|p1a: Arbok|slp\n|\n|upkeep\n|turn|16\n|\n|t:|1781383293\n|switch|p1a: Ambipom|Ambipom, L84, M|263/263\n|-activate|p1a: Ambipom|move: Sticky Web\n|-unboost|p1a: Ambipom|spe|1\n|-damage|p1a: Ambipom|231/263|[from] Spikes\n|move|p2a: Vivillon|Quiver Dance|p2a: Vivillon\n|-boost|p2a: Vivillon|spa|1\n|-boost|p2a: Vivillon|spd|1\n|-boost|p2a: Vivillon|spe|1\n|\n|upkeep\n|turn|17\n|\n|t:|1781383298\n|-terastallize|p2a: Vivillon|Flying\n|move|p2a: Vivillon|Hurricane|p1a: Ambipom|[miss]\n|-miss|p2a: Vivillon|p1a: Ambipom\n|move|p1a: Ambipom|Double-Edge|p2a: Vivillon\n|-damage|p2a: Vivillon|0 fnt\n|faint|p2a: Vivillon\n|-damage|p1a: Ambipom|143/263|[from] Recoil\n|\n|upkeep\n|-message|jonuz forfeited.\n|\n|win|philschmil\n", "uploadtime": 1781383171, "views": 8, "formatid": "gen9randombattle", "rating": null, "private": 0, "password": null}