{"id": "gen9randombattle-2631807280", "format": "[Gen 9] Random Battle", "players": ["igiveuponaname", "JustHaxRelax"], "log": "|j|\u2606igiveuponaname\n|j|\u2606JustHaxRelax\n|t:|1781442527\n|gametype|singles\n|player|p1|igiveuponaname|miku-fire|2234\n|player|p2|JustHaxRelax|1|2305\n|gen|9\n|tier|[Gen 9] Random Battle\n|rated|\n|rule|Species Clause: Limit one of each Pok\u00e9mon\n|rule|HP Percentage Mod: HP is shown in percentages\n|rule|Sleep Clause Mod: Limit one foe put to sleep\n|rule|Illusion Level Mod: Illusion disguises the Pok\u00e9mon's true level\n|\n|t:|1781442527\n|teamsize|p1|6\n|teamsize|p2|6\n|start\n|switch|p1a: Charizard|Charizard, L85, M|271/271\n|switch|p2a: Pyroar|Pyroar, L88, M|295/295\n|-ability|p2a: Pyroar|Unnerve\n|turn|1\n|inactive|Battle timer is ON: inactive players will automatically lose when time's up. (requested by igiveuponaname)\n|\n|t:|1781442550\n|switch|p1a: Blissey|Blissey, L85, F|572/572\n|move|p2a: Pyroar|Hyper Voice|p1a: Blissey\n|-damage|p1a: Blissey|497/572\n|\n|-heal|p1a: Blissey|532/572|[from] item: Leftovers\n|upkeep\n|turn|2\n|inactive|JustHaxRelax has 120 seconds left.\n|\n|t:|1781442593\n|switch|p2a: Reuniclus|Reuniclus, L88, F|337/337\n|move|p1a: Blissey|Stealth Rock|p2a: Reuniclus\n|-sidestart|p2: JustHaxRelax|move: Stealth Rock\n|\n|-heal|p1a: Blissey|567/572|[from] item: Leftovers\n|upkeep\n|turn|3\n|\n|t:|1781442600\n|move|p1a: Blissey|Thunder Wave|p2a: Reuniclus\n|-status|p2a: Reuniclus|par\n|cant|p2a: Reuniclus|par\n|\n|-heal|p1a: Blissey|572/572|[from] item: Leftovers\n|upkeep\n|turn|4\n|\n|t:|1781442606\n|switch|p1a: Scrafty|Scrafty, L83, M|244/244\n|move|p2a: Reuniclus|Psyshock|p1a: Scrafty\n|-immune|p1a: Scrafty\n|\n|upkeep\n|turn|5\n|\n|t:|1781442618\n|switch|p2a: Houndstone|Houndstone, L86, F|264/264\n|-damage|p2a: Houndstone|231/264|[from] Stealth Rock\n|move|p1a: Scrafty|Knock Off|p2a: Houndstone\n|-supereffective|p2a: Houndstone\n|-damage|p2a: Houndstone|152/264\n|-enditem|p2a: Houndstone|Leftovers|[from] move: Knock Off|[of] p1a: Scrafty\n|\n|upkeep\n|turn|6\n|\n|t:|1781442622\n|switch|p1a: Torkoal|Torkoal, L88, F|266/266\n|-weather|SunnyDay|[from] ability: Drought|[of] p1a: Torkoal\n|move|p2a: Houndstone|Body Press|p1a: Torkoal\n|-damage|p1a: Torkoal|227/266\n|\n|-weather|SunnyDay|[upkeep]\n|upkeep\n|turn|7\n|-message|JustHaxRelax forfeited.\n|\n|win|igiveuponaname\n", "uploadtime": 1781442528, "views": 3, "formatid": "gen9randombattle", "rating": null, "private": 0, "password": null}