{"id": "gen9randombattle-2631613364", "format": "[Gen 9] Random Battle", "players": ["Bigoleg", "Mr. BrickaBracka"], "log": "|j|\u2606Bigoleg\n|j|\u2606Mr. BrickaBracka\n|t:|1781408928\n|gametype|singles\n|player|p1|Bigoleg|169|2018\n|player|p2|Mr. BrickaBracka|170|2044\n|gen|9\n|tier|[Gen 9] Random Battle\n|rated|\n|rule|Species Clause: Limit one of each Pok\u00e9mon\n|rule|HP Percentage Mod: HP is shown in percentages\n|rule|Sleep Clause Mod: Limit one foe put to sleep\n|rule|Illusion Level Mod: Illusion disguises the Pok\u00e9mon's true level\n|\n|t:|1781408928\n|teamsize|p1|6\n|teamsize|p2|6\n|start\n|switch|p1a: Perrserker|Perrserker, L89, M|269/269\n|switch|p2a: Staraptor|Staraptor, L79, F|263/263\n|turn|1\n|inactive|Battle timer is ON: inactive players will automatically lose when time's up. (requested by Bigoleg)\n|\n|t:|1781408947\n|move|p2a: Staraptor|U-turn|p1a: Perrserker\n|-resisted|p1a: Perrserker\n|-damage|p1a: Perrserker|235/269\n|l|\u2606Bigoleg\n|inactive|Bigoleg disconnected and has a minute to reconnect!\n|player|p1|\n|\n|t:|1781408954\n|switch|p2a: Minun|Minun, L95, F|268/268|[from] U-turn\n|move|p1a: Perrserker|Iron Head|p2a: Minun\n|-resisted|p2a: Minun\n|-damage|p2a: Minun|142/268\n|\n|upkeep\n|turn|2\n|j|\u2606Bigoleg\n|inactive|Bigoleg reconnected and has 150 seconds left.\n|player|p1|Bigoleg|169|\n|\n|t:|1781408959\n|move|p2a: Minun|Thunderbolt|p1a: Perrserker\n|-damage|p1a: Perrserker|79/269\n|-damage|p2a: Minun|116/268|[from] item: Life Orb\n|move|p1a: Perrserker|Iron Head|p2a: Minun\n|-resisted|p2a: Minun\n|-damage|p2a: Minun|0 fnt\n|faint|p2a: Minun\n|\n|upkeep\n|\n|t:|1781408965\n|switch|p2a: Seviper|Seviper, L93, F|287/287\n|turn|3\n|\n|t:|1781408967\n|move|p2a: Seviper|Earthquake|p1a: Perrserker\n|-supereffective|p1a: Perrserker\n|-damage|p1a: Perrserker|0 fnt\n|faint|p1a: Perrserker\n|\n|upkeep\n|\n|t:|1781408972\n|switch|p1a: Dragonite|Dragonite, L74, F|257/257\n|turn|4\n|\n|t:|1781408977\n|move|p2a: Seviper|Gunk Shot|p1a: Dragonite\n|-damage|p1a: Dragonite|165/257\n|-status|p1a: Dragonite|psn\n|move|p1a: Dragonite|Dragon Dance|p1a: Dragonite\n|-boost|p1a: Dragonite|atk|1\n|-boost|p1a: Dragonite|spe|1\n|\n|-damage|p1a: Dragonite|133/257 psn|[from] psn\n|upkeep\n|turn|5\n|\n|t:|1781408984\n|switch|p2a: Vigoroth|Vigoroth, L85, M|275/275\n|move|p1a: Dragonite|Earthquake|p2a: Vigoroth\n|-damage|p2a: Vigoroth|202/275\n|\n|-damage|p1a: Dragonite|101/257 psn|[from] psn\n|upkeep\n|turn|6\n|\n|t:|1781408988\n|move|p1a: Dragonite|Outrage|p2a: Vigoroth\n|-damage|p2a: Vigoroth|76/275\n|move|p2a: Vigoroth|Bulk Up|p2a: Vigoroth\n|-boost|p2a: Vigoroth|atk|1\n|-boost|p2a: Vigoroth|def|1\n|\n|-damage|p1a: Dragonite|69/257 psn|[from] psn\n|upkeep\n|turn|7\n|\n|t:|1781409010\n|move|p1a: Dragonite|Outrage|p2a: Vigoroth|[from] lockedmove\n|-damage|p2a: Vigoroth|0 fnt\n|faint|p2a: Vigoroth\n|\n|-damage|p1a: Dragonite|37/257 psn|[from] psn\n|upkeep\n|\n|t:|1781409024\n|switch|p2a: Staraptor|Staraptor, L79, F|263/263\n|turn|8\n|\n|t:|1781409028\n|move|p2a: Staraptor|Quick Attack|p1a: Dragonite\n|-damage|p1a: Dragonite|0 fnt\n|faint|p1a: Dragonite\n|\n|upkeep\n|\n|t:|1781409030\n|switch|p1a: Chandelure|Chandelure, L83, M|235/235\n|turn|9\n|\n|t:|1781409044\n|switch|p2a: Dipplin|Dipplin, L88, F|284/284\n|move|p1a: Chandelure|Fire Blast|p2a: Dipplin\n|-damage|p2a: Dipplin|184/284\n|\n|upkeep\n|turn|10\n|\n|t:|1781409049\n|move|p1a: Chandelure|Fire Blast|p2a: Dipplin\n|-damage|p2a: Dipplin|66/284\n|move|p2a: Dipplin|Recover|p2a: Dipplin\n|-heal|p2a: Dipplin|208/284\n|\n|upkeep\n|turn|11\n|\n|t:|1781409053\n|move|p1a: Chandelure|Fire Blast|p2a: Dipplin\n|-damage|p2a: Dipplin|90/284\n|move|p2a: Dipplin|Recover|p2a: Dipplin\n|-heal|p2a: Dipplin|232/284\n|\n|upkeep\n|turn|12\n|\n|t:|1781409062\n|switch|p1a: Farigiraf|Farigiraf, L90, F|362/362\n|move|p2a: Dipplin|Dragon Pulse|p1a: Farigiraf\n|-damage|p1a: Farigiraf|262/362\n|\n|-heal|p1a: Farigiraf|284/362|[from] item: Leftovers\n|upkeep\n|turn|13\n|\n|t:|1781409066\n|switch|p2a: Staraptor|Staraptor, L79, F|263/263\n|move|p1a: Farigiraf|Body Slam|p2a: Staraptor\n|-damage|p2a: Staraptor|137/263\n|\n|-heal|p1a: Farigiraf|306/362|[from] item: Leftovers\n|upkeep\n|turn|14\n|\n|t:|1781409070\n|move|p1a: Farigiraf|Protect|p1a: Farigiraf\n|-singleturn|p1a: Farigiraf|Protect\n|move|p2a: Staraptor|U-turn|p1a: Farigiraf\n|-activate|p1a: Farigiraf|move: Protect\n|\n|-heal|p1a: Farigiraf|328/362|[from] item: Leftovers\n|upkeep\n|turn|15\n|\n|t:|1781409077\n|move|p2a: Staraptor|U-turn|p1a: Farigiraf\n|-supereffective|p1a: Farigiraf\n|-damage|p1a: Farigiraf|168/362\n|\n|t:|1781409084\n|switch|p2a: Dipplin|Dipplin, L88, F|232/284|[from] U-turn\n|move|p1a: Farigiraf|Body Slam|p2a: Dipplin\n|-damage|p2a: Dipplin|180/284\n|-status|p2a: Dipplin|par\n|\n|-heal|p1a: Farigiraf|190/362|[from] item: Leftovers\n|upkeep\n|turn|16\n|\n|t:|1781409088\n|move|p1a: Farigiraf|Psychic Noise|p2a: Dipplin\n|-damage|p2a: Dipplin|105/284 par\n|-start|p2a: Dipplin|move: Heal Block\n|move|p2a: Dipplin|Dragon Tail|p1a: Farigiraf\n|-damage|p1a: Farigiraf|126/362\n|drag|p1a: Chandelure|Chandelure, L83, M|235/235\n|\n|upkeep\n|turn|17\n|\n|t:|1781409097\n|move|p1a: Chandelure|Fire Blast|p2a: Dipplin|[miss]\n|-miss|p1a: Chandelure|p2a: Dipplin\n|move|p2a: Dipplin|Dragon Tail|p1a: Chandelure\n|-damage|p1a: Chandelure|168/235\n|drag|p1a: Weavile|Weavile, L79, M|240/240\n|\n|-end|p2a: Dipplin|move: Heal Block\n|upkeep\n|turn|18\n|\n|t:|1781409110\n|move|p1a: Weavile|Swords Dance|p1a: Weavile\n|-boost|p1a: Weavile|atk|2\n|move|p2a: Dipplin|Dragon Pulse|p1a: Weavile\n|-damage|p1a: Weavile|126/240\n|\n|upkeep\n|turn|19\n|\n|t:|1781409115\n|move|p1a: Weavile|Triple Axel|p2a: Dipplin\n|-supereffective|p2a: Dipplin\n|-damage|p2a: Dipplin|17/284 par\n|-supereffective|p2a: Dipplin\n|-damage|p2a: Dipplin|0 fnt\n|faint|p2a: Dipplin\n|-hitcount|p2: Dipplin|2\n|\n|upkeep\n|\n|t:|1781409118\n|switch|p2a: Staraptor|Staraptor, L79, F|137/263\n|turn|20\n|\n|t:|1781409122\n|move|p1a: Weavile|Ice Shard|p2a: Staraptor\n|-supereffective|p2a: Staraptor\n|-damage|p2a: Staraptor|0 fnt\n|faint|p2a: Staraptor\n|\n|upkeep\n|-message|Mr. BrickaBracka forfeited.\n|\n|win|Bigoleg\n", "uploadtime": 1781408930, "views": 3, "formatid": "gen9randombattle", "rating": null, "private": 0, "password": null}