{"id": "gen9randombattle-2631460307", "format": "[Gen 9] Random Battle", "players": ["grafitigreifer", "lionbark"], "log": "|j|\u2606grafitigreifer\n|j|\u2606lionbark\n|t:|1781387411\n|gametype|singles\n|player|p1|grafitigreifer|hanbei-conquest|2062\n|player|p2|lionbark|102|2073\n|gen|9\n|tier|[Gen 9] Random Battle\n|rated|\n|rule|Species Clause: Limit one of each Pok\u00e9mon\n|rule|HP Percentage Mod: HP is shown in percentages\n|rule|Sleep Clause Mod: Limit one foe put to sleep\n|rule|Illusion Level Mod: Illusion disguises the Pok\u00e9mon's true level\n|\n|t:|1781387411\n|teamsize|p1|6\n|teamsize|p2|6\n|start\n|switch|p1a: Leafeon|Leafeon, L88, F|258/258\n|switch|p2a: Tornadus|Tornadus, L82, M|264/264\n|turn|1\n|inactive|Battle timer is ON: inactive players will automatically lose when time's up. (requested by lionbark)\n|\n|t:|1781387422\n|switch|p1a: Qwilfish|Qwilfish, L86, F|252/252\n|-ability|p1a: Qwilfish|Intimidate|boost\n|-unboost|p2a: Tornadus|atk|1\n|move|p2a: Tornadus|Nasty Plot|p2a: Tornadus\n|-boost|p2a: Tornadus|spa|2\n|\n|upkeep\n|turn|2\n|\n|t:|1781387430\n|move|p2a: Tornadus|Bleakwind Storm|p1a: Qwilfish\n|-damage|p1a: Qwilfish|0 fnt\n|faint|p1a: Qwilfish\n|\n|upkeep\n|\n|t:|1781387443\n|switch|p1a: Snorlax|Snorlax, L82, M|397/397\n|turn|3\n|\n|t:|1781387458\n|-terastallize|p1a: Snorlax|Poison\n|move|p2a: Tornadus|Bleakwind Storm|p1a: Snorlax\n|-damage|p1a: Snorlax|195/397\n|move|p1a: Snorlax|Body Slam|p2a: Tornadus\n|-damage|p2a: Tornadus|155/264\n|\n|upkeep\n|turn|4\n|\n|t:|1781387467\n|move|p2a: Tornadus|Bleakwind Storm|p1a: Snorlax\n|-damage|p1a: Snorlax|0 fnt\n|faint|p1a: Snorlax\n|\n|upkeep\n|\n|t:|1781387480\n|switch|p1a: Scizor|Scizor, L79, M|240/240\n|turn|5\n|\n|t:|1781387486\n|move|p1a: Scizor|Bullet Punch|p2a: Tornadus\n|-damage|p2a: Tornadus|62/264\n|move|p2a: Tornadus|Bleakwind Storm|p1a: Scizor\n|-crit|p1a: Scizor\n|-damage|p1a: Scizor|0 fnt\n|faint|p1a: Scizor\n|\n|upkeep\n|\n|t:|1781387493\n|switch|p1a: Masquerain|Masquerain, L87, F|264/264\n|-ability|p1a: Masquerain|Intimidate|boost\n|-unboost|p2a: Tornadus|atk|1\n|turn|6\n|\n|t:|1781387498\n|move|p2a: Tornadus|Bleakwind Storm|p1a: Masquerain|[miss]\n|-miss|p2a: Tornadus|p1a: Masquerain\n|move|p1a: Masquerain|Quiver Dance|p1a: Masquerain\n|-boost|p1a: Masquerain|spa|1\n|-boost|p1a: Masquerain|spd|1\n|-boost|p1a: Masquerain|spe|1\n|\n|upkeep\n|turn|7\n|\n|t:|1781387514\n|move|p1a: Masquerain|Bug Buzz|p2a: Tornadus\n|-resisted|p2a: Tornadus\n|-damage|p2a: Tornadus|0 fnt\n|faint|p2a: Tornadus\n|\n|upkeep\n|\n|t:|1781387525\n|switch|p2a: Rayquaza|Rayquaza, L72|270/270\n|-ability|p2a: Rayquaza|Air Lock\n|turn|8\n|\n|t:|1781387531\n|move|p1a: Masquerain|Hurricane|p2a: Rayquaza\n|-damage|p2a: Rayquaza|72/270\n|move|p2a: Rayquaza|Dragon Ascent|p1a: Masquerain\n|-supereffective|p1a: Masquerain\n|-crit|p1a: Masquerain\n|-damage|p1a: Masquerain|0 fnt\n|-unboost|p2a: Rayquaza|def|1\n|-unboost|p2a: Rayquaza|spd|1\n|faint|p1a: Masquerain\n|\n|upkeep\n|\n|t:|1781387536\n|switch|p1a: Leafeon|Leafeon, L88, F|258/258\n|turn|9\n|\n|t:|1781387542\n|switch|p2a: Illumise|Illumise, L91, F|266/266\n|move|p1a: Leafeon|Knock Off|p2a: Illumise\n|-damage|p2a: Illumise|180/266\n|-enditem|p2a: Illumise|Heavy-Duty Boots|[from] move: Knock Off|[of] p1a: Leafeon\n|\n|upkeep\n|turn|10\n|\n|t:|1781387547\n|switch|p1a: Ludicolo|Ludicolo, L90, M|290/290\n|move|p2a: Illumise|Thunder Wave|p1a: Ludicolo\n|-status|p1a: Ludicolo|par\n|\n|upkeep\n|turn|11\n|\n|t:|1781387562\n|switch|p2a: Barraskewda|Barraskewda, L81, F|231/231\n|cant|p1a: Ludicolo|par\n|\n|upkeep\n|turn|12\n|\n|t:|1781387566\n|move|p2a: Barraskewda|Poison Jab|p1a: Ludicolo\n|-supereffective|p1a: Ludicolo\n|-damage|p1a: Ludicolo|94/290 par\n|move|p1a: Ludicolo|Giga Drain|p2a: Barraskewda\n|-supereffective|p2a: Barraskewda\n|-damage|p2a: Barraskewda|0 fnt\n|-heal|p1a: Ludicolo|210/290 par|[from] drain|[of] p2a: Barraskewda\n|faint|p2a: Barraskewda\n|\n|upkeep\n|\n|t:|1781387592\n|switch|p2a: Rayquaza|Rayquaza, L72|72/270\n|-ability|p2a: Rayquaza|Air Lock\n|turn|13\n|inactive|lionbark has 120 seconds left.\n|\n|t:|1781387612\n|move|p2a: Rayquaza|Dragon Ascent|p1a: Ludicolo\n|-supereffective|p1a: Ludicolo\n|-damage|p1a: Ludicolo|0 fnt\n|-unboost|p2a: Rayquaza|def|1\n|-unboost|p2a: Rayquaza|spd|1\n|faint|p1a: Ludicolo\n|\n|upkeep\n|\n|t:|1781387615\n|switch|p1a: Leafeon|Leafeon, L88, F|258/258\n|turn|14\n|\n|t:|1781387623\n|move|p1a: Leafeon|Substitute|p1a: Leafeon\n|-start|p1a: Leafeon|Substitute\n|-damage|p1a: Leafeon|194/258\n|move|p2a: Rayquaza|Dragon Ascent|p1a: Leafeon\n|-supereffective|p1a: Leafeon\n|-end|p1a: Leafeon|Substitute\n|-unboost|p2a: Rayquaza|def|1\n|-unboost|p2a: Rayquaza|spd|1\n|\n|-heal|p1a: Leafeon|210/258|[from] item: Leftovers\n|upkeep\n|turn|15\n|\n|t:|1781387630\n|move|p1a: Leafeon|Knock Off|p2a: Rayquaza\n|-damage|p2a: Rayquaza|0 fnt\n|-enditem|p2a: Rayquaza|Heavy-Duty Boots|[from] move: Knock Off|[of] p1a: Leafeon\n|faint|p2a: Rayquaza\n|\n|-heal|p1a: Leafeon|226/258|[from] item: Leftovers\n|upkeep\n|\n|t:|1781387633\n|switch|p2a: Illumise|Illumise, L91, F|180/266\n|turn|16\n|\n|t:|1781387637\n|move|p2a: Illumise|Thunder Wave|p1a: Leafeon\n|-status|p1a: Leafeon|par\n|move|p1a: Leafeon|Leaf Blade|p2a: Illumise\n|-resisted|p2a: Illumise\n|-damage|p2a: Illumise|115/266\n|\n|-heal|p1a: Leafeon|242/258 par|[from] item: Leftovers\n|upkeep\n|turn|17\n|\n|t:|1781387642\n|move|p2a: Illumise|Encore|p1a: Leafeon\n|-start|p1a: Leafeon|Encore\n|move|p1a: Leafeon|Leaf Blade|p2a: Illumise\n|-resisted|p2a: Illumise\n|-damage|p2a: Illumise|58/266\n|\n|-heal|p1a: Leafeon|258/258 par|[from] item: Leftovers\n|upkeep\n|turn|18\n|\n|t:|1781387645\n|move|p2a: Illumise|Roost|p2a: Illumise\n|-heal|p2a: Illumise|191/266\n|-singleturn|p2a: Illumise|move: Roost\n|move|p1a: Leafeon|Leaf Blade|p2a: Illumise\n|-resisted|p2a: Illumise\n|-damage|p2a: Illumise|132/266\n|\n|upkeep\n|turn|19\n|\n|t:|1781387647\n|move|p2a: Illumise|Bug Buzz|p1a: Leafeon\n|-supereffective|p1a: Leafeon\n|-damage|p1a: Leafeon|48/258 par\n|move|p1a: Leafeon|Leaf Blade|p2a: Illumise\n|-resisted|p2a: Illumise\n|-damage|p2a: Illumise|76/266\n|\n|-heal|p1a: Leafeon|64/258 par|[from] item: Leftovers\n|-end|p1a: Leafeon|Encore\n|upkeep\n|turn|20\n|\n|t:|1781387652\n|move|p2a: Illumise|Bug Buzz|p1a: Leafeon\n|-supereffective|p1a: Leafeon\n|-damage|p1a: Leafeon|0 fnt\n|faint|p1a: Leafeon\n|\n|win|lionbark\n|raw|grafitigreifer's rating: 2062 &rarr; <strong>2043</strong><br />(-19 for losing)\n|raw|lionbark's rating: 2073 &rarr; <strong>2092</strong><br />(+19 for winning)\n", "uploadtime": 1781387413, "views": 4, "formatid": "gen9randombattle", "rating": 2043, "private": 0, "password": null}