{"id": "gen9randombattle-2631901976", "format": "[Gen 9] Random Battle", "players": ["etetete", "SattleBimulator"], "log": "|j|\u2606etetete\n|j|\u2606SattleBimulator\n|t:|1781453762\n|gametype|singles\n|player|p1|etetete|170|2064\n|player|p2|SattleBimulator|2|2000\n|gen|9\n|tier|[Gen 9] Random Battle\n|rated|\n|rule|Species Clause: Limit one of each Pok\u00e9mon\n|rule|HP Percentage Mod: HP is shown in percentages\n|rule|Sleep Clause Mod: Limit one foe put to sleep\n|rule|Illusion Level Mod: Illusion disguises the Pok\u00e9mon's true level\n|\n|t:|1781453762\n|teamsize|p1|6\n|teamsize|p2|6\n|start\n|switch|p1a: Magmortar|Magmortar, L88, M|275/275\n|switch|p2a: Dunsparce|Dunsparce, L86, F|312/312\n|turn|1\n|inactive|Battle timer is ON: inactive players will automatically lose when time's up. (requested by SattleBimulator)\n|\n|t:|1781453770\n|move|p1a: Magmortar|Knock Off|p2a: Dunsparce\n|-damage|p2a: Dunsparce|249/312\n|-enditem|p2a: Dunsparce|Eviolite|[from] move: Knock Off|[of] p1a: Magmortar\n|move|p2a: Dunsparce|Body Slam|p1a: Magmortar\n|-damage|p1a: Magmortar|187/275\n|-status|p1a: Magmortar|par\n|\n|upkeep\n|turn|2\n|\n|t:|1781453776\n|switch|p2a: Blaziken|Blaziken, L76, M|247/247\n|move|p1a: Magmortar|Focus Blast|p2a: Blaziken\n|-damage|p2a: Blaziken|104/247\n|-unboost|p2a: Blaziken|spd|1\n|\n|upkeep\n|turn|3\n|\n|t:|1781453784\n|switch|p1a: Alcremie|Alcremie-Matcha-Cream, L90, F|263/263\n|move|p2a: Blaziken|Close Combat|p1a: Alcremie\n|-resisted|p1a: Alcremie\n|-crit|p1a: Alcremie\n|-damage|p1a: Alcremie|133/263\n|-unboost|p2a: Blaziken|def|1\n|-unboost|p2a: Blaziken|spd|1\n|-damage|p2a: Blaziken|80/247|[from] item: Life Orb\n|\n|-heal|p1a: Alcremie|149/263|[from] item: Leftovers\n|-ability|p2a: Blaziken|Speed Boost|boost\n|-boost|p2a: Blaziken|spe|1\n|upkeep\n|turn|4\n|\n|t:|1781453788\n|move|p2a: Blaziken|Flare Blitz|p1a: Alcremie\n|-damage|p1a: Alcremie|0 fnt\n|faint|p1a: Alcremie\n|-damage|p2a: Blaziken|31/247|[from] Recoil\n|-damage|p2a: Blaziken|7/247|[from] item: Life Orb\n|\n|-ability|p2a: Blaziken|Speed Boost|boost\n|-boost|p2a: Blaziken|spe|1\n|upkeep\n|\n|t:|1781453805\n|switch|p1a: Corviknight|Corviknight, L80, M|288/288\n|turn|5\n|\n|t:|1781453808\n|move|p2a: Blaziken|Flare Blitz|p1a: Corviknight\n|-supereffective|p1a: Corviknight\n|-damage|p1a: Corviknight|12/288\n|-damage|p2a: Blaziken|0 fnt|[from] item: Rocky Helmet|[of] p1a: Corviknight\n|faint|p2a: Blaziken\n|move|p1a: Corviknight|Roost|p1a: Corviknight\n|-heal|p1a: Corviknight|156/288\n|-singleturn|p1a: Corviknight|move: Roost\n|\n|upkeep\n|\n|t:|1781453815\n|switch|p2a: Eiscue|Eiscue, L88, F|274/274\n|turn|6\n|\n|t:|1781453836\n|switch|p1a: Heatran|Heatran, L79, M|273/273\n|-item|p1a: Heatran|Air Balloon\n|move|p2a: Eiscue|Belly Drum|p2a: Eiscue\n|-damage|p2a: Eiscue|137/274\n|-setboost|p2a: Eiscue|atk|6|[from] move: Belly Drum\n|-enditem|p2a: Eiscue|Sitrus Berry|[eat]\n|-heal|p2a: Eiscue|205/274|[from] item: Sitrus Berry\n|\n|upkeep\n|turn|7\n|\n|t:|1781453848\n|switch|p1a: Lumineon|Lumineon, L93, F|279/279\n|-terastallize|p2a: Eiscue|Ground\n|move|p2a: Eiscue|Liquidation|p1a: Lumineon\n|-ability|p1a: Lumineon|Storm Drain|boost\n|-boost|p1a: Lumineon|spa|1\n|\n|upkeep\n|turn|8\n|\n|t:|1781453852\n|switch|p2a: Chansey|Chansey, L85, F|564/564\n|move|p1a: Lumineon|Encore||[still]\n|-fail|p1a: Lumineon\n|\n|upkeep\n|turn|9\n|\n|t:|1781453858\n|switch|p1a: Corviknight|Corviknight, L80, M|156/288\n|move|p2a: Chansey|Stealth Rock|p1a: Corviknight\n|-sidestart|p1: etetete|move: Stealth Rock\n|\n|upkeep\n|turn|10\n|\n|t:|1781453861\n|switch|p2a: Eiscue|Eiscue, L88, F, tera:Ground|205/274\n|move|p1a: Corviknight|Roost|p1a: Corviknight\n|-heal|p1a: Corviknight|288/288\n|-singleturn|p1a: Corviknight|move: Roost\n|\n|upkeep\n|turn|11\n|\n|t:|1781453866\n|move|p1a: Corviknight|Defog|p2a: Eiscue\n|-unboost|p2a: Eiscue|evasion|1\n|-sideend|p1: etetete|Stealth Rock|[from] move: Defog|[of] p1a: Corviknight\n|move|p2a: Eiscue|Belly Drum|p2a: Eiscue\n|-damage|p2a: Eiscue|68/274\n|-setboost|p2a: Eiscue|atk|6|[from] move: Belly Drum\n|\n|upkeep\n|turn|12\n|\n|t:|1781453872\n|switch|p1a: Heatran|Heatran, L79, M|273/273\n|-item|p1a: Heatran|Air Balloon\n|move|p2a: Eiscue|Ice Spinner|p1a: Heatran\n|-resisted|p1a: Heatran\n|-damage|p1a: Heatran|193/273\n|-enditem|p1a: Heatran|Air Balloon\n|\n|upkeep\n|turn|13\n|\n|t:|1781453874\n|move|p1a: Heatran|Lava Plume|p2a: Eiscue\n|-damage|p2a: Eiscue|0 fnt\n|faint|p2a: Eiscue\n|\n|upkeep\n|\n|t:|1781453876\n|switch|p2a: Chansey|Chansey, L85, F|564/564\n|turn|14\n|\n|t:|1781453878\n|move|p1a: Heatran|Stealth Rock|p2a: Chansey\n|-sidestart|p2: SattleBimulator|move: Stealth Rock\n|move|p2a: Chansey|Thunder Wave|p1a: Heatran\n|-status|p1a: Heatran|par\n|\n|upkeep\n|turn|15\n|\n|t:|1781453883\n|switch|p1a: Magmortar|Magmortar, L88, M|187/275 par\n|move|p2a: Chansey|Stealth Rock|p1a: Magmortar\n|-sidestart|p1: etetete|move: Stealth Rock\n|\n|upkeep\n|turn|16\n|\n|t:|1781453889\n|switch|p2a: Dunsparce|Dunsparce, L86, F|249/312\n|-damage|p2a: Dunsparce|210/312|[from] Stealth Rock\n|move|p1a: Magmortar|Knock Off|p2a: Dunsparce\n|-damage|p2a: Dunsparce|149/312\n|\n|upkeep\n|turn|17\n|\n|t:|1781453897\n|move|p2a: Dunsparce|Earthquake|p1a: Magmortar\n|-supereffective|p1a: Magmortar\n|-damage|p1a: Magmortar|59/275 par\n|move|p1a: Magmortar|Focus Blast|p2a: Dunsparce|[miss]\n|-miss|p1a: Magmortar|p2a: Dunsparce\n|\n|upkeep\n|turn|18\n|\n|t:|1781453902\n|switch|p1a: Corviknight|Corviknight, L80, M|288/288\n|-damage|p1a: Corviknight|252/288|[from] Stealth Rock\n|move|p2a: Dunsparce|Body Slam|p1a: Corviknight\n|-resisted|p1a: Corviknight\n|-damage|p1a: Corviknight|218/288\n|-status|p1a: Corviknight|par\n|-damage|p2a: Dunsparce|97/312|[from] item: Rocky Helmet|[of] p1a: Corviknight\n|\n|upkeep\n|turn|19\n|\n|t:|1781453904\n|move|p2a: Dunsparce|Coil|p2a: Dunsparce\n|-boost|p2a: Dunsparce|atk|1\n|-boost|p2a: Dunsparce|def|1\n|-boost|p2a: Dunsparce|accuracy|1\n|cant|p1a: Corviknight|par\n|\n|upkeep\n|turn|20\n|\n|t:|1781453907\n|switch|p1a: Lumineon|Lumineon, L93, F|279/279\n|-damage|p1a: Lumineon|245/279|[from] Stealth Rock\n|move|p2a: Dunsparce|Roost|p2a: Dunsparce\n|-heal|p2a: Dunsparce|253/312\n|-singleturn|p2a: Dunsparce|move: Roost\n|\n|upkeep\n|turn|21\n|\n|t:|1781453910\n|switch|p2a: Chansey|Chansey, L85, F|564/564\n|-damage|p2a: Chansey|494/564|[from] Stealth Rock\n|move|p1a: Lumineon|Encore||[still]\n|-fail|p1a: Lumineon\n|\n|upkeep\n|turn|22\n|\n|t:|1781453914\n|switch|p1a: Heatran|Heatran, L79, M|193/273 par\n|-damage|p1a: Heatran|159/273 par|[from] Stealth Rock\n|move|p2a: Chansey|Seismic Toss|p1a: Heatran\n|-damage|p1a: Heatran|74/273 par\n|\n|upkeep\n|turn|23\n|\n|t:|1781453917\n|move|p2a: Chansey|Seismic Toss|p1a: Heatran\n|-damage|p1a: Heatran|0 fnt\n|faint|p1a: Heatran\n|\n|upkeep\n|\n|t:|1781453918\n|switch|p1a: Zarude|Zarude, L77|288/288\n|-damage|p1a: Zarude|252/288|[from] Stealth Rock\n|turn|24\n|\n|t:|1781453921\n|move|p1a: Zarude|Close Combat|p2a: Chansey\n|-supereffective|p2a: Chansey\n|-damage|p2a: Chansey|104/564\n|-unboost|p1a: Zarude|def|1\n|-unboost|p1a: Zarude|spd|1\n|move|p2a: Chansey|Thunder Wave|p1a: Zarude\n|-status|p1a: Zarude|par\n|\n|upkeep\n|turn|25\n|\n|t:|1781453927\n|switch|p2a: Decidueye|Decidueye, L88, F|281/281\n|-damage|p2a: Decidueye|246/281|[from] Stealth Rock\n|cant|p1a: Zarude|par\n|\n|upkeep\n|turn|26\n|\n|t:|1781453931\n|switch|p1a: Magmortar|Magmortar, L88, M|59/275 par\n|move|p2a: Decidueye|Swords Dance|p2a: Decidueye\n|-boost|p2a: Decidueye|atk|2\n|\n|upkeep\n|turn|27\n|\n|t:|1781453936\n|move|p2a: Decidueye|Poltergeist|p1a: Magmortar\n|-activate|p1a: Magmortar|move: Poltergeist|Heavy-Duty Boots\n|-damage|p1a: Magmortar|0 fnt\n|faint|p1a: Magmortar\n|-damage|p2a: Decidueye|218/281|[from] item: Life Orb\n|\n|upkeep\n|\n|t:|1781453937\n|switch|p1a: Lumineon|Lumineon, L93, F|245/279\n|-damage|p1a: Lumineon|211/279|[from] Stealth Rock\n|turn|28\n|\n|t:|1781453940\n|move|p2a: Decidueye|Shadow Sneak|p1a: Lumineon\n|-damage|p1a: Lumineon|81/279\n|-damage|p2a: Decidueye|190/281|[from] item: Life Orb\n|move|p1a: Lumineon|Ice Beam|p2a: Decidueye\n|-supereffective|p2a: Decidueye\n|-damage|p2a: Decidueye|52/281\n|-damage|p1a: Lumineon|54/279|[from] item: Life Orb\n|\n|upkeep\n|turn|29\n|\n|t:|1781453943\n|switch|p1a: Corviknight|Corviknight, L80, M|218/288 par\n|-damage|p1a: Corviknight|182/288 par|[from] Stealth Rock\n|move|p2a: Decidueye|Shadow Sneak|p1a: Corviknight\n|-damage|p1a: Corviknight|56/288 par\n|-damage|p2a: Decidueye|6/281|[from] item: Rocky Helmet|[of] p1a: Corviknight\n|-damage|p2a: Decidueye|0 fnt|[from] item: Life Orb\n|faint|p2a: Decidueye\n|\n|upkeep\n|\n|t:|1781453947\n|switch|p2a: Chansey|Chansey, L85, F|104/564\n|-damage|p2a: Chansey|34/564|[from] Stealth Rock\n|turn|30\n|\n|t:|1781453949\n|move|p2a: Chansey|Soft-Boiled|p2a: Chansey\n|-heal|p2a: Chansey|316/564\n|move|p1a: Corviknight|Body Press|p2a: Chansey\n|-supereffective|p2a: Chansey\n|-damage|p2a: Chansey|60/564\n|\n|upkeep\n|turn|31\n|\n|t:|1781453951\n|move|p2a: Chansey|Soft-Boiled|p2a: Chansey\n|-heal|p2a: Chansey|342/564\n|move|p1a: Corviknight|Body Press|p2a: Chansey\n|-supereffective|p2a: Chansey\n|-damage|p2a: Chansey|108/564\n|\n|upkeep\n|turn|32\n|\n|t:|1781453953\n|move|p2a: Chansey|Soft-Boiled|p2a: Chansey\n|-heal|p2a: Chansey|390/564\n|cant|p1a: Corviknight|par\n|\n|upkeep\n|turn|33\n|\n|t:|1781453955\n|move|p2a: Chansey|Seismic Toss|p1a: Corviknight\n|-damage|p1a: Corviknight|0 fnt\n|-damage|p2a: Chansey|296/564|[from] item: Rocky Helmet|[of] p1a: Corviknight\n|faint|p1a: Corviknight\n|\n|upkeep\n|\n|t:|1781453956\n|switch|p1a: Zarude|Zarude, L77|252/288 par\n|-damage|p1a: Zarude|216/288 par|[from] Stealth Rock\n|turn|34\n|\n|t:|1781453959\n|switch|p2a: Dunsparce|Dunsparce, L86, F|253/312\n|-damage|p2a: Dunsparce|214/312|[from] Stealth Rock\n|move|p1a: Zarude|Close Combat|p2a: Dunsparce\n|-supereffective|p2a: Dunsparce\n|-damage|p2a: Dunsparce|8/312\n|-unboost|p1a: Zarude|def|1\n|-unboost|p1a: Zarude|spd|1\n|\n|upkeep\n|turn|35\n|\n|t:|1781453962\n|move|p1a: Zarude|Close Combat|p2a: Dunsparce\n|-supereffective|p2a: Dunsparce\n|-damage|p2a: Dunsparce|0 fnt\n|-unboost|p1a: Zarude|def|1\n|-unboost|p1a: Zarude|spd|1\n|faint|p2a: Dunsparce\n|\n|upkeep\n|\n|t:|1781453966\n|switch|p2a: Inteleon|Inteleon, L81, M|246/246\n|-damage|p2a: Inteleon|216/246|[from] Stealth Rock\n|turn|36\n|\n|t:|1781453971\n|switch|p1a: Lumineon|Lumineon, L93, F|54/279\n|-damage|p1a: Lumineon|20/279|[from] Stealth Rock\n|move|p2a: Inteleon|U-turn|p1a: Lumineon\n|-damage|p1a: Lumineon|0 fnt\n|faint|p1a: Lumineon\n|\n|t:|1781453974\n|switch|p2a: Chansey|Chansey, L85, F|296/564|[from] U-turn\n|-damage|p2a: Chansey|226/564|[from] Stealth Rock\n|\n|upkeep\n|\n|t:|1781453975\n|switch|p1a: Zarude|Zarude, L77|216/288 par\n|-damage|p1a: Zarude|180/288 par|[from] Stealth Rock\n|turn|37\n|\n|t:|1781453984\n|move|p1a: Zarude|Power Whip|p2a: Chansey\n|-damage|p2a: Chansey|0 fnt\n|faint|p2a: Chansey\n|\n|upkeep\n|\n|t:|1781453986\n|switch|p2a: Inteleon|Inteleon, L81, M|216/246\n|-damage|p2a: Inteleon|186/246|[from] Stealth Rock\n|turn|38\n|\n|t:|1781453987\n|-terastallize|p1a: Zarude|Fighting\n|move|p2a: Inteleon|Ice Beam|p1a: Zarude\n|-damage|p1a: Zarude|74/288 par\n|move|p1a: Zarude|Power Whip|p2a: Inteleon\n|-supereffective|p2a: Inteleon\n|-damage|p2a: Inteleon|0 fnt\n|faint|p2a: Inteleon\n|\n|win|etetete\n", "uploadtime": 1781453764, "views": 6, "formatid": "gen9randombattle", "rating": null, "private": 0, "password": null}