{"id": "gen9randombattle-2631485958", "format": "[Gen 9] Random Battle", "players": ["Fortre", "Aoi531"], "log": "|j|\u2606Fortre\n|j|\u2606Aoi531\n|t:|1781391075\n|gametype|singles\n|player|p1|Fortre|1|2069\n|player|p2|Aoi531|lady|2112\n|gen|9\n|tier|[Gen 9] Random Battle\n|rated|\n|rule|Species Clause: Limit one of each Pok\u00e9mon\n|rule|HP Percentage Mod: HP is shown in percentages\n|rule|Sleep Clause Mod: Limit one foe put to sleep\n|rule|Illusion Level Mod: Illusion disguises the Pok\u00e9mon's true level\n|\n|t:|1781391075\n|teamsize|p1|6\n|teamsize|p2|6\n|start\n|switch|p1a: Coalossal|Coalossal, L89, F|341/341\n|switch|p2a: Kingdra|Kingdra, L84, F|263/263\n|turn|1\n|inactive|Battle timer is ON: inactive players will automatically lose when time's up. (requested by Aoi531)\n|\n|t:|1781391094\n|switch|p1a: Sableye|Sableye, L88, M|231/231\n|move|p2a: Kingdra|Dragon Dance|p2a: Kingdra\n|-boost|p2a: Kingdra|atk|1\n|-boost|p2a: Kingdra|spe|1\n|\n|upkeep\n|turn|2\n|\n|t:|1781391103\n|switch|p2a: Umbreon|Umbreon, L84, F|297/297\n|move|p1a: Sableye|Encore|p2a: Umbreon\n|-hint|Since gen 7, Dark is immune to Prankster moves.\n|-immune|p2a: Umbreon\n|\n|upkeep\n|turn|3\n|\n|t:|1781391111\n|switch|p1a: Rabsca|Rabsca, L91, F|284/284\n|move|p2a: Umbreon|Toxic|p1a: Rabsca\n|-status|p1a: Rabsca|tox\n|-activate|p1a: Rabsca|ability: Synchronize\n|-status|p2a: Umbreon|tox\n|-activate|p2a: Umbreon|ability: Synchronize\n|-fail|p1a: Rabsca|tox\n|\n|-damage|p2a: Umbreon|279/297 tox|[from] psn\n|-damage|p1a: Rabsca|267/284 tox|[from] psn\n|upkeep\n|turn|4\n|\n|t:|1781391134\n|switch|p1a: Great Tusk|Great Tusk, L77|304/304\n|move|p2a: Umbreon|Protect||[still]\n|-fail|p2a: Umbreon\n|\n|-heal|p2a: Umbreon|297/297 tox|[from] item: Leftovers\n|-damage|p2a: Umbreon|261/297 tox|[from] psn\n|upkeep\n|turn|5\n|\n|t:|1781391148\n|move|p1a: Great Tusk|Close Combat|p2a: Umbreon\n|-supereffective|p2a: Umbreon\n|-damage|p2a: Umbreon|15/297 tox\n|-unboost|p1a: Great Tusk|def|1\n|-unboost|p1a: Great Tusk|spd|1\n|move|p2a: Umbreon|Wish|p2a: Umbreon\n|\n|-heal|p2a: Umbreon|33/297 tox|[from] item: Leftovers\n|-damage|p2a: Umbreon|0 fnt|[from] psn\n|faint|p2a: Umbreon\n|upkeep\n|inactive|Aoi531 has 120 seconds left.\n|\n|t:|1781391166\n|switch|p2a: Kingdra|Kingdra, L84, F|263/263\n|turn|6\n|inactive|Aoi531 has 120 seconds left.\n|\n|t:|1781391178\n|-end|p1a: Great Tusk|Protosynthesis|[silent]\n|switch|p1a: Rabsca|Rabsca, L91, F|267/284 tox\n|-terastallize|p2a: Kingdra|Water\n|move|p2a: Kingdra|Wave Crash|p1a: Rabsca\n|-damage|p1a: Rabsca|115/284 tox\n|-damage|p2a: Kingdra|213/263|[from] Recoil\n|\n|-heal|p2a: Kingdra|263/263|[from] move: Wish|[wisher] Umbreon\n|-damage|p1a: Rabsca|98/284 tox|[from] psn\n|upkeep\n|turn|7\n|\n|t:|1781391187\n|move|p2a: Kingdra|Wave Crash|p1a: Rabsca\n|-damage|p1a: Rabsca|0 fnt\n|faint|p1a: Rabsca\n|-damage|p2a: Kingdra|231/263|[from] Recoil\n|\n|upkeep\n|\n|t:|1781391195\n|switch|p1a: Sableye|Sableye, L88, M|231/231\n|turn|8\n|\n|t:|1781391198\n|move|p1a: Sableye|Thunder Wave|p2a: Kingdra\n|-status|p2a: Kingdra|par\n|-enditem|p2a: Kingdra|Lum Berry|[eat]\n|-curestatus|p2a: Kingdra|par|[msg]\n|move|p2a: Kingdra|Wave Crash|p1a: Sableye\n|-damage|p1a: Sableye|53/231\n|-damage|p2a: Kingdra|172/263|[from] Recoil\n|\n|-heal|p1a: Sableye|67/231|[from] item: Leftovers\n|upkeep\n|turn|9\n|\n|t:|1781391214\n|move|p1a: Sableye|Thunder Wave|p2a: Kingdra|[miss]\n|-miss|p1a: Sableye|p2a: Kingdra\n|move|p2a: Kingdra|Wave Crash|p1a: Sableye\n|-damage|p1a: Sableye|0 fnt\n|faint|p1a: Sableye\n|-damage|p2a: Kingdra|150/263|[from] Recoil\n|\n|upkeep\n|\n|t:|1781391223\n|switch|p1a: Great Tusk|Great Tusk, L77|304/304\n|turn|10\n|\n|t:|1781391227\n|-terastallize|p1a: Great Tusk|Ground\n|move|p1a: Great Tusk|Headlong Rush|p2a: Kingdra\n|-damage|p2a: Kingdra|0 fnt\n|-unboost|p1a: Great Tusk|def|1\n|-unboost|p1a: Great Tusk|spd|1\n|faint|p2a: Kingdra\n|\n|upkeep\n|\n|t:|1781391237\n|switch|p2a: Exeggutor|Exeggutor-Alola, L89, M|314/314\n|turn|11\n|\n|t:|1781391249\n|-end|p1a: Great Tusk|Protosynthesis|[silent]\n|switch|p1a: Coalossal|Coalossal, L89, F|341/341\n|move|p2a: Exeggutor|Sleep Powder|p1a: Coalossal\n|-status|p1a: Coalossal|slp|[from] move: Sleep Powder\n|\n|upkeep\n|turn|12\n|\n|t:|1781391283\n|move|p2a: Exeggutor|Draco Meteor|p1a: Coalossal\n|-damage|p1a: Coalossal|157/341 slp\n|-unboost|p2a: Exeggutor|spa|2\n|cant|p1a: Coalossal|slp\n|\n|upkeep\n|turn|13\n|\n|t:|1781391301\n|switch|p2a: Toxicroak|Toxicroak, L84, F|277/277\n|switch|p1a: Goodra|Goodra, L85, F|292/292\n|\n|upkeep\n|turn|14\n|\n|t:|1781391312\n|switch|p1a: Coalossal|Coalossal, L89, F|157/341 slp\n|move|p2a: Toxicroak|Gunk Shot|p1a: Coalossal\n|-resisted|p1a: Coalossal\n|-damage|p1a: Coalossal|109/341 slp\n|\n|upkeep\n|turn|15\n|\n|t:|1781391322\n|switch|p2a: Zebstrika|Zebstrika, L87, F|272/272\n|cant|p1a: Coalossal|slp\n|\n|upkeep\n|turn|16\n|\n|t:|1781391330\n|move|p2a: Zebstrika|High Horsepower|p1a: Coalossal\n|-supereffective|p1a: Coalossal\n|-damage|p1a: Coalossal|0 fnt\n|faint|p1a: Coalossal\n|-damage|p2a: Zebstrika|245/272|[from] item: Life Orb\n|\n|upkeep\n|\n|t:|1781391336\n|switch|p1a: Great Tusk|Great Tusk, L77, tera:Ground|304/304\n|turn|17\n|\n|t:|1781391361\n|move|p1a: Great Tusk|Ice Spinner|p2a: Zebstrika\n|-damage|p2a: Zebstrika|170/272\n|move|p2a: Zebstrika|Overheat|p1a: Great Tusk\n|-damage|p1a: Great Tusk|122/304\n|-unboost|p2a: Zebstrika|spa|2\n|-damage|p2a: Zebstrika|143/272|[from] item: Life Orb\n|\n|upkeep\n|turn|18\n|\n|t:|1781391369\n|move|p1a: Great Tusk|Ice Spinner|p2a: Zebstrika\n|-damage|p2a: Zebstrika|74/272\n|move|p2a: Zebstrika|Volt Switch|p1a: Great Tusk\n|-immune|p1a: Great Tusk\n|\n|upkeep\n|turn|19\n|\n|t:|1781391375\n|switch|p2a: Toxicroak|Toxicroak, L84, F|277/277\n|move|p1a: Great Tusk|Ice Spinner|p2a: Toxicroak\n|-crit|p2a: Toxicroak\n|-damage|p2a: Toxicroak|163/277\n|\n|upkeep\n|turn|20\n|\n|t:|1781391381\n|-end|p1a: Great Tusk|Protosynthesis|[silent]\n|switch|p1a: Goodra|Goodra, L85, F|292/292\n|move|p2a: Toxicroak|Close Combat|p1a: Goodra\n|-damage|p1a: Goodra|145/292\n|-unboost|p2a: Toxicroak|def|1\n|-unboost|p2a: Toxicroak|spd|1\n|\n|upkeep\n|turn|21\n|\n|t:|1781391385\n|move|p2a: Toxicroak|Close Combat|p1a: Goodra\n|-damage|p1a: Goodra|0 fnt\n|-unboost|p2a: Toxicroak|def|1\n|-unboost|p2a: Toxicroak|spd|1\n|faint|p1a: Goodra\n|\n|upkeep\n|\n|t:|1781391387\n|switch|p1a: Great Tusk|Great Tusk, L77, tera:Ground|122/304\n|turn|22\n|\n|t:|1781391397\n|switch|p2a: Zebstrika|Zebstrika, L87, F|74/272\n|move|p1a: Great Tusk|Headlong Rush|p2a: Zebstrika\n|-supereffective|p2a: Zebstrika\n|-damage|p2a: Zebstrika|0 fnt\n|-unboost|p1a: Great Tusk|def|1\n|-unboost|p1a: Great Tusk|spd|1\n|faint|p2a: Zebstrika\n|\n|upkeep\n|\n|t:|1781391409\n|switch|p2a: Exeggutor|Exeggutor-Alola, L89, M|314/314\n|turn|23\n|\n|t:|1781391416\n|-end|p1a: Great Tusk|Protosynthesis|[silent]\n|switch|p1a: Excadrill|Excadrill, L79, M|303/303\n|-ability|p1a: Excadrill|Mold Breaker\n|move|p2a: Exeggutor|Wood Hammer|p1a: Excadrill\n|-damage|p1a: Excadrill|87/303\n|-damage|p2a: Exeggutor|243/314|[from] Recoil\n|\n|-heal|p1a: Excadrill|105/303|[from] item: Leftovers\n|upkeep\n|turn|24\n|\n|t:|1781391425\n|move|p1a: Excadrill|Iron Head|p2a: Exeggutor\n|-damage|p2a: Exeggutor|149/314\n|-enditem|p2a: Exeggutor|Sitrus Berry|[eat]\n|-heal|p2a: Exeggutor|227/314|[from] item: Sitrus Berry\n|cant|p2a: Exeggutor|flinch\n|\n|-heal|p1a: Excadrill|123/303|[from] item: Leftovers\n|-item|p2a: Exeggutor|Sitrus Berry|[from] ability: Harvest\n|upkeep\n|turn|25\n|\n|t:|1781391444\n|move|p1a: Excadrill|Iron Head|p2a: Exeggutor\n|-crit|p2a: Exeggutor\n|-damage|p2a: Exeggutor|97/314\n|-enditem|p2a: Exeggutor|Sitrus Berry|[eat]\n|-heal|p2a: Exeggutor|175/314|[from] item: Sitrus Berry\n|move|p2a: Exeggutor|Wood Hammer|p1a: Excadrill\n|-damage|p1a: Excadrill|0 fnt\n|faint|p1a: Excadrill\n|-damage|p2a: Exeggutor|134/314|[from] Recoil\n|\n|upkeep\n|\n|t:|1781391446\n|switch|p1a: Great Tusk|Great Tusk, L77, tera:Ground|122/304\n|turn|26\n|\n|t:|1781391456\n|move|p1a: Great Tusk|Close Combat|p2a: Exeggutor\n|-damage|p2a: Exeggutor|7/314\n|-unboost|p1a: Great Tusk|def|1\n|-unboost|p1a: Great Tusk|spd|1\n|move|p2a: Exeggutor|Wood Hammer|p1a: Great Tusk\n|-supereffective|p1a: Great Tusk\n|-damage|p1a: Great Tusk|0 fnt\n|faint|p1a: Great Tusk\n|-end|p1a: Great Tusk|Protosynthesis|[silent]\n|-damage|p2a: Exeggutor|0 fnt|[from] Recoil\n|faint|p2a: Exeggutor\n|\n|win|Aoi531\n", "uploadtime": 1781391077, "views": 3, "formatid": "gen9randombattle", "rating": null, "private": 0, "password": null}