{"id": "gen9randombattle-2631436046", "format": "[Gen 9] Random Battle", "players": ["Goonelajtis", "69latrikpelo69"], "log": "|j|\u2606Goonelajtis\n|j|\u260669latrikpelo69\n|t:|1781384410\n|gametype|singles\n|player|p1|Goonelajtis|pokemaniac|1959\n|player|p2|69latrikpelo69|pokemaniac|2014\n|gen|9\n|tier|[Gen 9] Random Battle\n|rated|\n|rule|Species Clause: Limit one of each Pok\u00e9mon\n|rule|HP Percentage Mod: HP is shown in percentages\n|rule|Sleep Clause Mod: Limit one foe put to sleep\n|rule|Illusion Level Mod: Illusion disguises the Pok\u00e9mon's true level\n|\n|t:|1781384410\n|teamsize|p1|6\n|teamsize|p2|6\n|start\n|switch|p1a: Landorus|Landorus, L75, M|257/257\n|switch|p2a: Reshiram|Reshiram, L76|277/277\n|-ability|p2a: Reshiram|Turboblaze\n|turn|1\n|\n|t:|1781384434\n|move|p1a: Landorus|Earth Power|p2a: Reshiram\n|-supereffective|p2a: Reshiram\n|-damage|p2a: Reshiram|0 fnt\n|faint|p2a: Reshiram\n|\n|upkeep\n|\n|t:|1781384440\n|switch|p2a: Furret|Furret, L94, M|312/312\n|-item|p1a: Landorus|Life Orb|[from] ability: Frisk|[of] p2a: Furret\n|turn|2\n|\n|t:|1781384446\n|move|p2a: Furret|Trick|p1a: Landorus\n|-activate|p2a: Furret|move: Trick|[of] p1a: Landorus\n|-item|p1a: Landorus|Choice Band|[from] move: Trick\n|-item|p2a: Furret|Life Orb|[from] move: Trick\n|move|p1a: Landorus|Focus Blast|p2a: Furret\n|-supereffective|p2a: Furret\n|-damage|p2a: Furret|60/312\n|\n|upkeep\n|turn|3\n|\n|t:|1781384458\n|move|p2a: Furret|Double-Edge|p1a: Landorus\n|-damage|p1a: Landorus|76/257\n|-damage|p2a: Furret|0 fnt|[from] Recoil\n|faint|p2a: Furret\n|move|p1a: Landorus|Focus Blast|p2: Furret|[notarget]\n|-fail|p1a: Landorus\n|\n|upkeep\n|\n|t:|1781384463\n|switch|p2a: Mewtwo|Mewtwo, L72|272/272\n|-ability|p2a: Mewtwo|Pressure\n|turn|4\n|inactive|Battle timer is ON: inactive players will automatically lose when time's up. (requested by 69latrikpelo69)\n|\n|t:|1781384495\n|switch|p1a: Barraskewda|Barraskewda, L81, F|231/231\n|move|p2a: Mewtwo|Nasty Plot|p2a: Mewtwo\n|-boost|p2a: Mewtwo|spa|2\n|\n|upkeep\n|turn|5\n|\n|t:|1781384510\n|move|p1a: Barraskewda|Flip Turn|p2a: Mewtwo\n|-damage|p2a: Mewtwo|146/272\n|\n|t:|1781384515\n|switch|p1a: Crawdaunt|Crawdaunt, L84, F|243/243|[from] Flip Turn\n|move|p2a: Mewtwo|Psystrike|p1a: Crawdaunt\n|-immune|p1a: Crawdaunt\n|\n|upkeep\n|turn|6\n|\n|t:|1781384525\n|switch|p1a: Landorus|Landorus, L75, M|76/257\n|move|p2a: Mewtwo|Dark Pulse|p1a: Landorus\n|-damage|p1a: Landorus|0 fnt\n|faint|p1a: Landorus\n|-damage|p2a: Mewtwo|119/272|[from] item: Life Orb\n|\n|upkeep\n|\n|t:|1781384527\n|switch|p1a: Barraskewda|Barraskewda, L81, F|231/231\n|turn|7\n|\n|t:|1781384531\n|move|p1a: Barraskewda|Waterfall|p2a: Mewtwo\n|-damage|p2a: Mewtwo|0 fnt\n|faint|p2a: Mewtwo\n|\n|upkeep\n|\n|t:|1781384533\n|switch|p2a: Scrafty|Scrafty, L83, F|244/244\n|turn|8\n|\n|t:|1781384538\n|switch|p1a: Zacian|Zacian-Crowned, L64|225/225\n|-ability|p1a: Zacian|Intrepid Sword|boost\n|-boost|p1a: Zacian|atk|1\n|move|p2a: Scrafty|Bulk Up|p2a: Scrafty\n|-boost|p2a: Scrafty|atk|1\n|-boost|p2a: Scrafty|def|1\n|\n|upkeep\n|turn|9\n|\n|t:|1781384544\n|-terastallize|p2a: Scrafty|Poison\n|move|p1a: Zacian|Swords Dance|p1a: Zacian\n|-boost|p1a: Zacian|atk|2\n|move|p2a: Scrafty|Bulk Up|p2a: Scrafty\n|-boost|p2a: Scrafty|atk|1\n|-boost|p2a: Scrafty|def|1\n|\n|upkeep\n|turn|10\n|\n|t:|1781384551\n|move|p1a: Zacian|Behemoth Blade|p2a: Scrafty\n|-damage|p2a: Scrafty|145/244\n|move|p2a: Scrafty|Drain Punch|p1a: Zacian\n|-damage|p1a: Zacian|81/225\n|-heal|p2a: Scrafty|217/244|[from] drain|[of] p1a: Zacian\n|\n|-heal|p2a: Scrafty|232/244|[from] item: Leftovers\n|upkeep\n|turn|11\n|\n|t:|1781384559\n|move|p1a: Zacian|Behemoth Blade|p2a: Scrafty\n|-damage|p2a: Scrafty|147/244\n|move|p2a: Scrafty|Drain Punch|p1a: Zacian\n|-damage|p1a: Zacian|0 fnt\n|-heal|p2a: Scrafty|188/244|[from] drain|[of] p1a: Zacian\n|faint|p1a: Zacian\n|\n|-heal|p2a: Scrafty|203/244|[from] item: Leftovers\n|upkeep\n|inactive|Goonelajtis has 120 seconds left.\n|\n|t:|1781384591\n|switch|p1a: Bastiodon|Bastiodon, L89, M|252/252\n|turn|12\n|\n|t:|1781384604\n|-terastallize|p1a: Bastiodon|Fighting\n|move|p2a: Scrafty|Bulk Up|p2a: Scrafty\n|-boost|p2a: Scrafty|atk|1\n|-boost|p2a: Scrafty|def|1\n|move|p1a: Bastiodon|Iron Defense|p1a: Bastiodon\n|-boost|p1a: Bastiodon|def|2\n|\n|-heal|p2a: Scrafty|218/244|[from] item: Leftovers\n|upkeep\n|turn|13\n|-message|69latrikpelo69 forfeited.\n|\n|win|Goonelajtis\n", "uploadtime": 1781384412, "views": 11, "formatid": "gen9randombattle", "rating": null, "private": 0, "password": null}