{"id": "gen9randombattle-2631855369", "format": "[Gen 9] Random Battle", "players": ["Robin blue 43", "Med_tex"], "log": "|j|\u2606Robin blue 43\n|j|\u2606Med_tex\n|t:|1781448582\n|gametype|singles\n|player|p1|Robin blue 43|170|1907\n|player|p2|Med_tex|2|1925\n|gen|9\n|tier|[Gen 9] Random Battle\n|rated|\n|rule|Species Clause: Limit one of each Pok\u00e9mon\n|rule|HP Percentage Mod: HP is shown in percentages\n|rule|Sleep Clause Mod: Limit one foe put to sleep\n|rule|Illusion Level Mod: Illusion disguises the Pok\u00e9mon's true level\n|\n|t:|1781448582\n|teamsize|p1|6\n|teamsize|p2|6\n|start\n|switch|p1a: Eelektross|Eelektross, L87, F|290/290\n|switch|p2a: Iron Leaves|Iron Leaves, L80|275/275\n|turn|1\n|inactive|Battle timer is ON: inactive players will automatically lose when time's up. (requested by Med_tex)\n|inactive|Med_tex has 120 seconds left.\n|\n|t:|1781448616\n|switch|p1a: Cresselia|Cresselia, L80, F|323/323\n|move|p2a: Iron Leaves|Swords Dance|p2a: Iron Leaves\n|-boost|p2a: Iron Leaves|atk|2\n|\n|upkeep\n|turn|2\n|\n|t:|1781448636\n|switch|p1a: Eelektross|Eelektross, L87, F|290/290\n|move|p2a: Iron Leaves|Leaf Blade|p1a: Eelektross\n|-damage|p1a: Eelektross|0 fnt\n|faint|p1a: Eelektross\n|-damage|p2a: Iron Leaves|248/275|[from] item: Life Orb\n|\n|upkeep\n|\n|t:|1781448638\n|switch|p1a: Weavile|Weavile, L79, M|240/240\n|turn|3\n|\n|t:|1781448665\n|-terastallize|p2a: Iron Leaves|Fighting\n|move|p1a: Weavile|Knock Off|p2a: Iron Leaves\n|-resisted|p2a: Iron Leaves\n|-damage|p2a: Iron Leaves|189/275\n|-enditem|p2a: Iron Leaves|Life Orb|[from] move: Knock Off|[of] p1a: Weavile\n|move|p2a: Iron Leaves|Leaf Blade|p1a: Weavile\n|-damage|p1a: Weavile|0 fnt\n|faint|p1a: Weavile\n|\n|upkeep\n|\n|t:|1781448667\n|switch|p1a: Gardevoir|Gardevoir, L83, F|249/249\n|turn|4\n|\n|t:|1781448684\n|-end|p2a: Iron Leaves|Quark Drive|[silent]\n|switch|p2a: Registeel|Registeel, L81|262/262\n|-ability|p1a: Gardevoir|Clear Body|Trace|[from] ability: Trace|[of] p2a: Registeel\n|move|p1a: Gardevoir|Moonblast|p2a: Registeel\n|-resisted|p2a: Registeel\n|-damage|p2a: Registeel|219/262\n|\n|-heal|p2a: Registeel|235/262|[from] item: Leftovers\n|upkeep\n|turn|5\n|\n|t:|1781448693\n|switch|p1a: Raikou|Raikou, L81|278/278\n|-ability|p1a: Raikou|Pressure\n|move|p2a: Registeel|Thunder Wave|p1a: Raikou\n|-immune|p1a: Raikou\n|\n|-heal|p2a: Registeel|251/262|[from] item: Leftovers\n|upkeep\n|turn|6\n|\n|t:|1781448698\n|move|p1a: Raikou|Calm Mind|p1a: Raikou\n|-boost|p1a: Raikou|spa|1\n|-boost|p1a: Raikou|spd|1\n|move|p2a: Registeel|Stealth Rock|p1a: Raikou\n|-sidestart|p1: Robin blue 43|move: Stealth Rock\n|\n|-heal|p2a: Registeel|262/262|[from] item: Leftovers\n|upkeep\n|turn|7\n|\n|t:|1781448700\n|move|p1a: Raikou|Calm Mind|p1a: Raikou\n|-boost|p1a: Raikou|spa|1\n|-boost|p1a: Raikou|spd|1\n|move|p2a: Registeel|Body Press|p1a: Raikou\n|-damage|p1a: Raikou|197/278\n|\n|-heal|p1a: Raikou|214/278|[from] item: Leftovers\n|upkeep\n|turn|8\n|\n|t:|1781448703\n|move|p1a: Raikou|Thunderbolt|p2a: Registeel\n|-damage|p2a: Registeel|123/262\n|-status|p2a: Registeel|par\n|move|p2a: Registeel|Body Press|p1a: Raikou\n|-damage|p1a: Raikou|131/278\n|\n|-heal|p1a: Raikou|148/278|[from] item: Leftovers\n|-heal|p2a: Registeel|139/262 par|[from] item: Leftovers\n|upkeep\n|turn|9\n|\n|t:|1781448708\n|move|p1a: Raikou|Thunderbolt|p2a: Registeel\n|-damage|p2a: Registeel|0 fnt\n|faint|p2a: Registeel\n|\n|-heal|p1a: Raikou|165/278|[from] item: Leftovers\n|upkeep\n|\n|t:|1781448725\n|switch|p2a: Greedent|Greedent, L86, F|347/347\n|turn|10\n|\n|t:|1781448728\n|move|p1a: Raikou|Scald|p2a: Greedent\n|-damage|p2a: Greedent|221/347\n|move|p2a: Greedent|Earthquake|p1a: Raikou\n|-supereffective|p1a: Raikou\n|-damage|p1a: Raikou|0 fnt\n|faint|p1a: Raikou\n|\n|upkeep\n|\n|t:|1781448739\n|switch|p1a: Cresselia|Cresselia, L80, F|323/323\n|-damage|p1a: Cresselia|283/323|[from] Stealth Rock\n|turn|11\n|\n|t:|1781448743\n|move|p1a: Cresselia|Calm Mind|p1a: Cresselia\n|-boost|p1a: Cresselia|spa|1\n|-boost|p1a: Cresselia|spd|1\n|move|p2a: Greedent|Body Slam|p1a: Cresselia\n|-damage|p1a: Cresselia|202/323\n|\n|-heal|p1a: Cresselia|222/323|[from] item: Leftovers\n|upkeep\n|turn|12\n|\n|t:|1781448746\n|move|p1a: Cresselia|Calm Mind|p1a: Cresselia\n|-boost|p1a: Cresselia|spa|1\n|-boost|p1a: Cresselia|spd|1\n|move|p2a: Greedent|Swords Dance|p2a: Greedent\n|-boost|p2a: Greedent|atk|2\n|\n|-heal|p1a: Cresselia|242/323|[from] item: Leftovers\n|upkeep\n|turn|13\n|\n|t:|1781448750\n|move|p1a: Cresselia|Calm Mind|p1a: Cresselia\n|-boost|p1a: Cresselia|spa|1\n|-boost|p1a: Cresselia|spd|1\n|move|p2a: Greedent|Body Slam|p1a: Cresselia\n|-damage|p1a: Cresselia|76/323\n|\n|-heal|p1a: Cresselia|96/323|[from] item: Leftovers\n|upkeep\n|turn|14\n|\n|t:|1781448752\n|move|p1a: Cresselia|Thunderbolt|p2a: Greedent\n|-damage|p2a: Greedent|90/347\n|-enditem|p2a: Greedent|Sitrus Berry|[eat]\n|-heal|p2a: Greedent|176/347|[from] item: Sitrus Berry\n|-heal|p2a: Greedent|291/347|[from] ability: Cheek Pouch\n|move|p2a: Greedent|Body Slam|p1a: Cresselia\n|-damage|p1a: Cresselia|0 fnt\n|faint|p1a: Cresselia\n|\n|upkeep\n|-message|Robin blue 43 forfeited.\n|\n|win|Med_tex\n", "uploadtime": 1781448587, "views": 4, "formatid": "gen9randombattle", "rating": null, "private": 0, "password": null}