{"id": "gen9randombattle-2631743323", "format": "[Gen 9] Random Battle", "players": ["BlueRay_04", "kevinnopants"], "log": "|j|\u2606BlueRay_04\n|j|\u2606kevinnopants\n|t:|1781432387\n|gametype|singles\n|player|p1|BlueRay_04|bianca|2179\n|player|p2|kevinnopants|170|2042\n|gen|9\n|tier|[Gen 9] Random Battle\n|rated|\n|rule|Species Clause: Limit one of each Pok\u00e9mon\n|rule|HP Percentage Mod: HP is shown in percentages\n|rule|Sleep Clause Mod: Limit one foe put to sleep\n|rule|Illusion Level Mod: Illusion disguises the Pok\u00e9mon's true level\n|\n|t:|1781432387\n|teamsize|p1|6\n|teamsize|p2|6\n|start\n|switch|p1a: Vivillon|Vivillon-Icy Snow, L83, M|268/268\n|switch|p2a: Frosmoth|Frosmoth, L82, F|249/249\n|turn|1\n|inactive|Battle timer is ON: inactive players will automatically lose when time's up. (requested by BlueRay_04)\n|\n|t:|1781432410\n|move|p1a: Vivillon|Sleep Powder|p2a: Frosmoth\n|-status|p2a: Frosmoth|slp|[from] move: Sleep Powder\n|cant|p2a: Frosmoth|slp\n|\n|upkeep\n|turn|2\n|\n|t:|1781432419\n|switch|p1a: Passimian|Passimian, L83, M|302/302\n|cant|p2a: Frosmoth|slp\n|\n|upkeep\n|turn|3\n|\n|t:|1781432429\n|switch|p2a: Urshifu|Urshifu-Rapid-Strike, L75, M|274/274\n|move|p1a: Passimian|Knock Off|p2a: Urshifu\n|-resisted|p2a: Urshifu\n|-damage|p2a: Urshifu|216/274\n|-enditem|p2a: Urshifu|Choice Band|[from] move: Knock Off|[of] p1a: Passimian\n|\n|upkeep\n|turn|4\n|\n|t:|1781432438\n|switch|p1a: Vileplume|Vileplume, L85, F|266/266\n|move|p2a: Urshifu|Surging Strikes|p1a: Vileplume\n|-resisted|p1a: Vileplume\n|-crit|p1a: Vileplume\n|-damage|p1a: Vileplume|245/266\n|-resisted|p1a: Vileplume\n|-crit|p1a: Vileplume\n|-damage|p1a: Vileplume|224/266\n|-resisted|p1a: Vileplume\n|-crit|p1a: Vileplume\n|-damage|p1a: Vileplume|202/266\n|-hitcount|p1a: Vileplume|3\n|\n|-heal|p1a: Vileplume|218/266|[from] item: Leftovers\n|upkeep\n|turn|5\n|\n|t:|1781432457\n|switch|p2a: Tornadus|Tornadus, L82, M|264/264\n|switch|p1a: Passimian|Passimian, L83, M|302/302\n|\n|upkeep\n|turn|6\n|\n|t:|1781432462\n|switch|p1a: Rotom|Rotom-Wash, L82|216/216\n|move|p2a: Tornadus|Bleakwind Storm|p1a: Rotom\n|-resisted|p1a: Rotom\n|-damage|p1a: Rotom|166/216\n|-unboost|p1a: Rotom|spe|1\n|\n|-heal|p1a: Rotom|179/216|[from] item: Leftovers\n|upkeep\n|turn|7\n|\n|t:|1781432479\n|move|p2a: Tornadus|Nasty Plot|p2a: Tornadus\n|-boost|p2a: Tornadus|spa|2\n|move|p1a: Rotom|Thunderbolt|p2a: Tornadus\n|-supereffective|p2a: Tornadus\n|-damage|p2a: Tornadus|42/264\n|\n|-heal|p1a: Rotom|192/216|[from] item: Leftovers\n|upkeep\n|turn|8\n|\n|t:|1781432495\n|switch|p1a: Mesprit|Mesprit, L85|275/275\n|move|p2a: Tornadus|Focus Blast|p1a: Mesprit\n|-resisted|p1a: Mesprit\n|-damage|p1a: Mesprit|197/275\n|\n|upkeep\n|turn|9\n|\n|t:|1781432502\n|move|p1a: Mesprit|Psychic|p2a: Tornadus\n|-damage|p2a: Tornadus|0 fnt\n|faint|p2a: Tornadus\n|\n|upkeep\n|\n|t:|1781432508\n|switch|p2a: Frosmoth|Frosmoth, L82, F|249/249 slp\n|turn|10\n|\n|t:|1781432511\n|switch|p1a: Passimian|Passimian, L83, M|302/302\n|-curestatus|p2a: Frosmoth|slp|[msg]\n|move|p2a: Frosmoth|Quiver Dance|p2a: Frosmoth\n|-boost|p2a: Frosmoth|spa|1\n|-boost|p2a: Frosmoth|spd|1\n|-boost|p2a: Frosmoth|spe|1\n|\n|upkeep\n|turn|11\n|\n|t:|1781432516\n|move|p2a: Frosmoth|Quiver Dance|p2a: Frosmoth\n|-boost|p2a: Frosmoth|spa|1\n|-boost|p2a: Frosmoth|spd|1\n|-boost|p2a: Frosmoth|spe|1\n|move|p1a: Passimian|Close Combat|p2a: Frosmoth\n|-damage|p2a: Frosmoth|0 fnt\n|-unboost|p1a: Passimian|def|1\n|-unboost|p1a: Passimian|spd|1\n|faint|p2a: Frosmoth\n|\n|upkeep\n|\n|t:|1781432521\n|switch|p2a: Dragapult|Dragapult, L77, F|262/262\n|turn|12\n|\n|t:|1781432531\n|switch|p1a: Vileplume|Vileplume, L85, F|218/266\n|move|p2a: Dragapult|Dragon Darts|p1a: Vileplume\n|-damage|p1a: Vileplume|164/266\n|-anim|p2a: Dragapult|Dragon Darts|p1a: Vileplume\n|-damage|p1a: Vileplume|107/266\n|\n|-heal|p1a: Vileplume|123/266|[from] item: Leftovers\n|upkeep\n|turn|13\n|\n|t:|1781432552\n|switch|p1a: Passimian|Passimian, L83, M|302/302\n|move|p2a: Dragapult|Dragon Darts|p1a: Passimian\n|-damage|p1a: Passimian|245/302\n|-anim|p2a: Dragapult|Dragon Darts|p1a: Passimian\n|-damage|p1a: Passimian|191/302\n|\n|upkeep\n|turn|14\n|\n|t:|1781432566\n|switch|p1a: Rotom|Rotom-Wash, L82|192/216\n|move|p2a: Dragapult|Will-O-Wisp|p1a: Rotom\n|-status|p1a: Rotom|brn\n|\n|-heal|p1a: Rotom|205/216 brn|[from] item: Leftovers\n|-damage|p1a: Rotom|192/216 brn|[from] brn\n|upkeep\n|turn|15\n|\n|t:|1781432575\n|move|p2a: Dragapult|Hex|p1a: Rotom\n|-damage|p1a: Rotom|86/216 brn\n|move|p1a: Rotom|Pain Split|p2a: Dragapult\n|-sethp|p2a: Dragapult|174/262|[from] move: Pain Split|[silent]\n|-sethp|p1a: Rotom|174/216 brn|[from] move: Pain Split\n|\n|-heal|p1a: Rotom|187/216 brn|[from] item: Leftovers\n|-damage|p1a: Rotom|174/216 brn|[from] brn\n|upkeep\n|turn|16\n|\n|t:|1781432582\n|switch|p1a: Mesprit|Mesprit, L85|197/275\n|move|p2a: Dragapult|Hex|p1a: Mesprit\n|-supereffective|p1a: Mesprit\n|-damage|p1a: Mesprit|95/275\n|\n|upkeep\n|turn|17\n|\n|t:|1781432587\n|move|p1a: Mesprit|Ice Beam|p2a: Dragapult\n|-supereffective|p2a: Dragapult\n|-damage|p2a: Dragapult|2/262\n|move|p2a: Dragapult|Hex|p1a: Mesprit\n|-supereffective|p1a: Mesprit\n|-damage|p1a: Mesprit|0 fnt\n|faint|p1a: Mesprit\n|\n|upkeep\n|\n|t:|1781432599\n|switch|p1a: Vileplume|Vileplume, L85, F|123/266\n|turn|18\n|\n|t:|1781432605\n|move|p2a: Dragapult|Dragon Darts|p1a: Vileplume\n|-damage|p1a: Vileplume|72/266\n|-anim|p2a: Dragapult|Dragon Darts|p1a: Vileplume\n|-damage|p1a: Vileplume|21/266\n|move|p1a: Vileplume|Strength Sap|p2a: Dragapult\n|-unboost|p2a: Dragapult|atk|1\n|-heal|p1a: Vileplume|250/266\n|\n|-heal|p1a: Vileplume|266/266|[from] item: Leftovers\n|upkeep\n|turn|19\n|\n|t:|1781432610\n|move|p2a: Dragapult|Will-O-Wisp|p1a: Vileplume\n|-status|p1a: Vileplume|brn\n|move|p1a: Vileplume|Giga Drain|p2a: Dragapult\n|-resisted|p2a: Dragapult\n|-damage|p2a: Dragapult|0 fnt\n|faint|p2a: Dragapult\n|\n|-damage|p1a: Vileplume|250/266 brn|[from] brn\n|upkeep\n|\n|t:|1781432615\n|switch|p2a: Arboliva|Arboliva, L91, F|288/288\n|turn|20\n|\n|t:|1781432618\n|move|p1a: Vileplume|Sludge Bomb|p2a: Arboliva\n|-supereffective|p2a: Arboliva\n|-damage|p2a: Arboliva|112/288\n|-enditem|p2a: Arboliva|Sitrus Berry|[eat]\n|-heal|p2a: Arboliva|184/288|[from] item: Sitrus Berry\n|move|p2a: Arboliva|Substitute|p2a: Arboliva\n|-start|p2a: Arboliva|Substitute\n|-damage|p2a: Arboliva|112/288\n|\n|-heal|p1a: Vileplume|266/266 brn|[from] item: Leftovers\n|-damage|p1a: Vileplume|250/266 brn|[from] brn\n|upkeep\n|turn|21\n|\n|t:|1781432627\n|move|p2a: Arboliva|Protect|p2a: Arboliva\n|-singleturn|p2a: Arboliva|Protect\n|move|p1a: Vileplume|Sludge Bomb|p2a: Arboliva\n|-activate|p2a: Arboliva|move: Protect\n|\n|-heal|p1a: Vileplume|266/266 brn|[from] item: Leftovers\n|-damage|p1a: Vileplume|250/266 brn|[from] brn\n|upkeep\n|turn|22\n|\n|t:|1781432631\n|move|p1a: Vileplume|Sludge Bomb|p2a: Arboliva\n|-supereffective|p2a: Arboliva\n|-end|p2a: Arboliva|Substitute\n|move|p2a: Arboliva|Hyper Voice|p1a: Vileplume\n|-damage|p1a: Vileplume|120/266 brn\n|\n|-heal|p1a: Vileplume|136/266 brn|[from] item: Leftovers\n|-damage|p1a: Vileplume|120/266 brn|[from] brn\n|upkeep\n|turn|23\n|\n|t:|1781432635\n|move|p2a: Arboliva|Protect|p2a: Arboliva\n|-singleturn|p2a: Arboliva|Protect\n|move|p1a: Vileplume|Sludge Bomb|p2a: Arboliva\n|-activate|p2a: Arboliva|move: Protect\n|\n|-heal|p1a: Vileplume|136/266 brn|[from] item: Leftovers\n|-damage|p1a: Vileplume|120/266 brn|[from] brn\n|upkeep\n|turn|24\n|\n|t:|1781432644\n|-terastallize|p2a: Arboliva|Poison\n|move|p1a: Vileplume|Sludge Bomb|p2a: Arboliva\n|-resisted|p2a: Arboliva\n|-damage|p2a: Arboliva|69/288\n|move|p2a: Arboliva|Hyper Voice|p1a: Vileplume\n|-damage|p1a: Vileplume|0 fnt\n|faint|p1a: Vileplume\n|\n|upkeep\n|\n|t:|1781432649\n|switch|p1a: Meowstic|Meowstic-F, L89, F|277/277\n|turn|25\n|\n|t:|1781432653\n|move|p1a: Meowstic|Psyshock|p2a: Arboliva\n|-supereffective|p2a: Arboliva\n|-damage|p2a: Arboliva|0 fnt\n|faint|p2a: Arboliva\n|-damage|p1a: Meowstic|250/277|[from] item: Life Orb\n|\n|upkeep\n|\n|t:|1781432656\n|switch|p2a: Duraludon|Duraludon, L82, M|249/249\n|turn|26\n|\n|t:|1781432661\n|switch|p1a: Rotom|Rotom-Wash, L82|174/216 brn\n|move|p2a: Duraludon|Iron Defense|p2a: Duraludon\n|-boost|p2a: Duraludon|def|2\n|\n|-heal|p1a: Rotom|187/216 brn|[from] item: Leftovers\n|-damage|p1a: Rotom|174/216 brn|[from] brn\n|upkeep\n|turn|27\n|\n|t:|1781432666\n|move|p1a: Rotom|Nasty Plot|p1a: Rotom\n|-boost|p1a: Rotom|spa|2\n|move|p2a: Duraludon|Body Press|p1a: Rotom\n|-damage|p1a: Rotom|66/216 brn\n|\n|-heal|p1a: Rotom|79/216 brn|[from] item: Leftovers\n|-damage|p1a: Rotom|66/216 brn|[from] brn\n|upkeep\n|turn|28\n|\n|t:|1781432673\n|move|p1a: Rotom|Thunderbolt|p2a: Duraludon\n|-resisted|p2a: Duraludon\n|-damage|p2a: Duraludon|159/249\n|move|p2a: Duraludon|Iron Defense|p2a: Duraludon\n|-boost|p2a: Duraludon|def|2\n|\n|-heal|p1a: Rotom|79/216 brn|[from] item: Leftovers\n|-damage|p1a: Rotom|66/216 brn|[from] brn\n|upkeep\n|turn|29\n|\n|t:|1781432678\n|move|p1a: Rotom|Thunderbolt|p2a: Duraludon\n|-resisted|p2a: Duraludon\n|-damage|p2a: Duraludon|69/249\n|move|p2a: Duraludon|Body Press|p1a: Rotom\n|-damage|p1a: Rotom|0 fnt\n|faint|p1a: Rotom\n|\n|upkeep\n|\n|t:|1781432685\n|switch|p1a: Vivillon|Vivillon-Icy Snow, L83, M|268/268\n|turn|30\n|\n|t:|1781432692\n|move|p1a: Vivillon|Sleep Powder|p2a: Duraludon\n|-status|p2a: Duraludon|slp|[from] move: Sleep Powder\n|cant|p2a: Duraludon|slp\n|\n|upkeep\n|turn|31\n|\n|t:|1781432696\n|move|p1a: Vivillon|Quiver Dance|p1a: Vivillon\n|-boost|p1a: Vivillon|spa|1\n|-boost|p1a: Vivillon|spd|1\n|-boost|p1a: Vivillon|spe|1\n|cant|p2a: Duraludon|slp\n|\n|upkeep\n|turn|32\n|\n|t:|1781432699\n|move|p1a: Vivillon|Hurricane|p2a: Duraludon\n|-resisted|p2a: Duraludon\n|-damage|p2a: Duraludon|0 fnt\n|faint|p2a: Duraludon\n|\n|upkeep\n|\n|t:|1781432701\n|switch|p2a: Urshifu|Urshifu-Rapid-Strike, L75, M|216/274\n|turn|33\n|\n|t:|1781432703\n|move|p1a: Vivillon|Hurricane|p2a: Urshifu\n|-supereffective|p2a: Urshifu\n|-damage|p2a: Urshifu|0 fnt\n|faint|p2a: Urshifu\n|\n|win|BlueRay_04\n", "uploadtime": 1781432389, "views": 3, "formatid": "gen9randombattle", "rating": null, "private": 0, "password": null}