{"id": "gen9randombattle-2632013333", "format": "[Gen 9] Random Battle", "players": ["weasee", "jointzz"], "log": "|j|\u2606weasee\n|j|\u2606jointzz\n|t:|1781465940\n|gametype|singles\n|player|p1|weasee|lucas|1000\n|player|p2|jointzz|102|1000\n|gen|9\n|tier|[Gen 9] Random Battle\n|rated|\n|rule|Species Clause: Limit one of each Pok\u00e9mon\n|rule|HP Percentage Mod: HP is shown in percentages\n|rule|Sleep Clause Mod: Limit one foe put to sleep\n|rule|Illusion Level Mod: Illusion disguises the Pok\u00e9mon's true level\n|\n|t:|1781465940\n|teamsize|p1|6\n|teamsize|p2|6\n|start\n|switch|p1a: Mamoswine|Mamoswine, L81, F|311/311\n|switch|p2a: Tsareena|Tsareena, L87, F|267/267\n|turn|1\n|\n|t:|1781465984\n|switch|p1a: Arceus|Arceus-Steel, L70|284/284\n|move|p2a: Tsareena|Power Whip|p1a: Arceus\n|-resisted|p1a: Arceus\n|-damage|p1a: Arceus|206/284\n|\n|upkeep\n|turn|2\n|\n|t:|1781466010\n|switch|p2a: Dachsbun|Dachsbun, L92, F|254/254\n|move|p1a: Arceus|Judgment|p2a: Dachsbun\n|-supereffective|p2a: Dachsbun\n|-damage|p2a: Dachsbun|42/254\n|\n|-heal|p2a: Dachsbun|57/254|[from] item: Leftovers\n|upkeep\n|turn|3\n|\n|t:|1781466023\n|switch|p1a: Bruxish|Bruxish, L85, F|254/254\n|move|p2a: Dachsbun|Yawn|p1a: Bruxish\n|-start|p1a: Bruxish|move: Yawn|[of] p2a: Dachsbun\n|\n|-heal|p2a: Dachsbun|72/254|[from] item: Leftovers\n|upkeep\n|turn|4\n|\n|t:|1781466040\n|switch|p1a: Gastrodon|Gastrodon, L86, M|331/331\n|switch|p2a: Volcanion|Volcanion, L79|255/255\n|\n|upkeep\n|turn|5\n|inactive|Battle timer is ON: inactive players will automatically lose when time's up. (requested by weasee)\n|\n|t:|1781466082\n|switch|p2a: Azelf|Azelf, L82|257/257\n|move|p1a: Gastrodon|Sludge Bomb|p2a: Azelf\n|-damage|p2a: Azelf|178/257\n|\n|upkeep\n|turn|6\n|\n|t:|1781466099\n|switch|p1a: Bruxish|Bruxish, L85, F|254/254\n|move|p2a: Azelf|Encore||[still]\n|-fail|p2a: Azelf\n|\n|upkeep\n|turn|7\n|\n|t:|1781466113\n|move|p1a: Bruxish|Crunch|p2a: Azelf\n|-supereffective|p2a: Azelf\n|-damage|p2a: Azelf|0 fnt\n|faint|p2a: Azelf\n|\n|upkeep\n|\n|t:|1781466121\n|switch|p2a: Tsareena|Tsareena, L87, F|267/267\n|turn|8\n|\n|t:|1781466129\n|switch|p1a: Seviper|Seviper, L93, F|287/287\n|move|p2a: Tsareena|High Jump Kick|p1a: Seviper|[miss]\n|-miss|p2a: Tsareena|p1a: Seviper\n|-damage|p2a: Tsareena|134/267|[from] highjumpkick\n|\n|upkeep\n|turn|9\n|\n|t:|1781466148\n|switch|p2a: Glimmora|Glimmora, L75, M|248/248\n|move|p1a: Seviper|Swords Dance|p1a: Seviper\n|-boost|p1a: Seviper|atk|2\n|\n|upkeep\n|turn|10\n|\n|t:|1781466157\n|move|p1a: Seviper|Earthquake|p2a: Glimmora\n|-supereffective|p2a: Glimmora\n|-damage|p2a: Glimmora|0 fnt\n|-activate|p2a: Glimmora|ability: Toxic Debris\n|-sidestart|p1: weasee|move: Toxic Spikes\n|faint|p2a: Glimmora\n|\n|upkeep\n|\n|t:|1781466165\n|switch|p2a: Volcanion|Volcanion, L79|255/255\n|turn|11\n|\n|t:|1781466173\n|move|p2a: Volcanion|Earth Power|p1a: Seviper\n|-supereffective|p1a: Seviper\n|-damage|p1a: Seviper|125/287\n|move|p1a: Seviper|Earthquake|p2a: Volcanion\n|-supereffective|p2a: Volcanion\n|-damage|p2a: Volcanion|0 fnt\n|faint|p2a: Volcanion\n|\n|-heal|p1a: Seviper|142/287|[from] item: Leftovers\n|upkeep\n|\n|t:|1781466186\n|switch|p2a: Iron Jugulis|Iron Jugulis, L77|271/271\n|turn|12\n|\n|t:|1781466191\n|move|p2a: Iron Jugulis|Earth Power|p1a: Seviper\n|-supereffective|p1a: Seviper\n|-damage|p1a: Seviper|0 fnt\n|faint|p1a: Seviper\n|\n|upkeep\n|\n|t:|1781466196\n|switch|p1a: Mamoswine|Mamoswine, L81, F|311/311\n|-status|p1a: Mamoswine|psn\n|turn|13\n|\n|t:|1781466208\n|move|p2a: Iron Jugulis|Hurricane|p1a: Mamoswine\n|-damage|p1a: Mamoswine|161/311 psn\n|move|p1a: Mamoswine|Stealth Rock|p2a: Iron Jugulis\n|-sidestart|p2: jointzz|move: Stealth Rock\n|\n|-damage|p1a: Mamoswine|123/311 psn|[from] psn\n|upkeep\n|turn|14\n|\n|t:|1781466216\n|move|p1a: Mamoswine|Ice Shard|p2a: Iron Jugulis\n|-supereffective|p2a: Iron Jugulis\n|-damage|p2a: Iron Jugulis|120/271\n|-damage|p1a: Mamoswine|92/311 psn|[from] item: Life Orb\n|move|p2a: Iron Jugulis|Hurricane|p1a: Mamoswine\n|-damage|p1a: Mamoswine|0 fnt\n|faint|p1a: Mamoswine\n|\n|upkeep\n|\n|t:|1781466223\n|switch|p1a: Gastrodon|Gastrodon, L86, M|331/331\n|-status|p1a: Gastrodon|psn\n|turn|15\n|inactive|jointzz has 120 seconds left.\n|\n|t:|1781466256\n|-end|p2a: Iron Jugulis|Quark Drive|[silent]\n|switch|p2a: Tsareena|Tsareena, L87, F|134/267\n|-damage|p2a: Tsareena|101/267|[from] Stealth Rock\n|move|p1a: Gastrodon|Sludge Bomb|p2a: Tsareena\n|-supereffective|p2a: Tsareena\n|-damage|p2a: Tsareena|21/267\n|-status|p2a: Tsareena|psn\n|\n|-damage|p2a: Tsareena|0 fnt|[from] psn\n|faint|p2a: Tsareena\n|-damage|p1a: Gastrodon|290/331 psn|[from] psn\n|upkeep\n|inactive|jointzz has 120 seconds left.\n|\n|t:|1781466267\n|switch|p2a: Iron Jugulis|Iron Jugulis, L77|120/271\n|-damage|p2a: Iron Jugulis|53/271|[from] Stealth Rock\n|turn|16\n|\n|t:|1781466271\n|move|p2a: Iron Jugulis|Hurricane|p1a: Gastrodon|[miss]\n|-miss|p2a: Iron Jugulis|p1a: Gastrodon\n|move|p1a: Gastrodon|Sludge Bomb|p2a: Iron Jugulis\n|-crit|p2a: Iron Jugulis\n|-damage|p2a: Iron Jugulis|0 fnt\n|faint|p2a: Iron Jugulis\n|-end|p2a: Iron Jugulis|Quark Drive|[silent]\n|\n|-heal|p1a: Gastrodon|310/331 psn|[from] item: Leftovers\n|-damage|p1a: Gastrodon|269/331 psn|[from] psn\n|upkeep\n|\n|t:|1781466281\n|switch|p2a: Dachsbun|Dachsbun, L92, F|72/254\n|-damage|p2a: Dachsbun|41/254|[from] Stealth Rock\n|turn|17\n|\n|t:|1781466287\n|move|p2a: Dachsbun|Protect|p2a: Dachsbun\n|-singleturn|p2a: Dachsbun|Protect\n|move|p1a: Gastrodon|Sludge Bomb|p2a: Dachsbun\n|-activate|p2a: Dachsbun|move: Protect\n|\n|-heal|p2a: Dachsbun|56/254|[from] item: Leftovers\n|-heal|p1a: Gastrodon|289/331 psn|[from] item: Leftovers\n|-damage|p1a: Gastrodon|248/331 psn|[from] psn\n|upkeep\n|turn|18\n|\n|t:|1781466303\n|move|p2a: Dachsbun|Wish|p2a: Dachsbun\n|move|p1a: Gastrodon|Sludge Bomb|p2a: Dachsbun\n|-supereffective|p2a: Dachsbun\n|-damage|p2a: Dachsbun|0 fnt\n|faint|p2a: Dachsbun\n|\n|win|weasee\n|raw|weasee's rating: 1000 &rarr; <strong>1040</strong><br />(+40 for winning)\n|raw|jointzz's rating: 1000 &rarr; <strong>1000</strong><br />(+0 for losing)\n", "uploadtime": 1781466305, "views": 5, "formatid": "gen9randombattle", "rating": 1000, "private": 0, "password": null}