{"id": "gen9randombattle-2631714303", "format": "[Gen 9] Random Battle", "players": ["mortenschack", "Miridon-shadow"], "log": "|j|\u2606mortenschack\n|j|\u2606Miridon-shadow\n|t:|1781427087\n|gametype|singles\n|player|p1|mortenschack|101|1131\n|player|p2|Miridon-shadow|101|1092\n|gen|9\n|tier|[Gen 9] Random Battle\n|rated|\n|rule|Species Clause: Limit one of each Pok\u00e9mon\n|rule|HP Percentage Mod: HP is shown in percentages\n|rule|Sleep Clause Mod: Limit one foe put to sleep\n|rule|Illusion Level Mod: Illusion disguises the Pok\u00e9mon's true level\n|\n|t:|1781427087\n|teamsize|p1|6\n|teamsize|p2|6\n|start\n|switch|p1a: Masquerain|Masquerain, L87, F|264/264\n|switch|p2a: Frosmoth|Frosmoth, L82, M|249/249\n|-ability|p1a: Masquerain|Intimidate|boost\n|-unboost|p2a: Frosmoth|atk|1\n|turn|1\n|inactive|Battle timer is ON: inactive players will automatically lose when time's up. (requested by Miridon-shadow)\n|\n|t:|1781427106\n|move|p1a: Masquerain|Sticky Web|p2a: Frosmoth\n|-sidestart|p2: Miridon-shadow|move: Sticky Web\n|move|p2a: Frosmoth|Quiver Dance|p2a: Frosmoth\n|-boost|p2a: Frosmoth|spa|1\n|-boost|p2a: Frosmoth|spd|1\n|-boost|p2a: Frosmoth|spe|1\n|\n|upkeep\n|turn|2\n|\n|t:|1781427123\n|move|p2a: Frosmoth|Ice Beam|p1a: Masquerain\n|-supereffective|p1a: Masquerain\n|-damage|p1a: Masquerain|0 fnt\n|faint|p1a: Masquerain\n|\n|upkeep\n|\n|t:|1781427138\n|switch|p1a: Groudon|Groudon, L72|263/263\n|-weather|SunnyDay|[from] ability: Drought|[of] p1a: Groudon\n|turn|3\n|\n|t:|1781427144\n|-terastallize|p2a: Frosmoth|Ground\n|move|p2a: Frosmoth|Giga Drain|p1a: Groudon\n|-supereffective|p1a: Groudon\n|-damage|p1a: Groudon|63/263\n|move|p1a: Groudon|Heat Crash|p2a: Frosmoth\n|-damage|p2a: Frosmoth|78/249\n|\n|-weather|SunnyDay|[upkeep]\n|-heal|p1a: Groudon|79/263|[from] item: Leftovers\n|upkeep\n|turn|4\n|\n|t:|1781427157\n|move|p2a: Frosmoth|Giga Drain|p1a: Groudon\n|-supereffective|p1a: Groudon\n|-damage|p1a: Groudon|0 fnt\n|-heal|p2a: Frosmoth|118/249|[from] drain|[of] p1a: Groudon\n|faint|p1a: Groudon\n|\n|-weather|SunnyDay|[upkeep]\n|upkeep\n|inactive|mortenschack has 120 seconds left.\n|\n|t:|1781427179\n|switch|p1a: Drifblim|Drifblim, L86, M|396/396\n|turn|5\n|inactive|mortenschack has 120 seconds left.\n|\n|t:|1781427190\n|move|p2a: Frosmoth|Ice Beam|p1a: Drifblim\n|-supereffective|p1a: Drifblim\n|-damage|p1a: Drifblim|0 fnt\n|faint|p1a: Drifblim\n|\n|-weather|SunnyDay|[upkeep]\n|upkeep\n|inactive|mortenschack has 120 seconds left.\n|\n|t:|1781427196\n|switch|p1a: Vigoroth|Vigoroth, L85, M|275/275\n|turn|6\n|\n|t:|1781427208\n|move|p2a: Frosmoth|Ice Beam|p1a: Vigoroth\n|-damage|p1a: Vigoroth|119/275\n|move|p1a: Vigoroth|Bulk Up|p1a: Vigoroth\n|-boost|p1a: Vigoroth|atk|1\n|-boost|p1a: Vigoroth|def|1\n|\n|-weather|SunnyDay|[upkeep]\n|upkeep\n|turn|7\n|\n|t:|1781427217\n|move|p2a: Frosmoth|Ice Beam|p1a: Vigoroth\n|-damage|p1a: Vigoroth|0 fnt\n|faint|p1a: Vigoroth\n|\n|-weather|none\n|upkeep\n|\n|t:|1781427221\n|switch|p1a: Hariyama|Hariyama, L87, F|392/392\n|turn|8\n|inactive|mortenschack has 120 seconds left.\n|\n|t:|1781427254\n|move|p2a: Frosmoth|Giga Drain|p1a: Hariyama\n|-damage|p1a: Hariyama|319/392\n|-heal|p2a: Frosmoth|155/249|[from] drain|[of] p1a: Hariyama\n|move|p1a: Hariyama|Heavy Slam|p2a: Frosmoth\n|-damage|p2a: Frosmoth|8/249\n|\n|upkeep\n|turn|9\n|inactive|mortenschack has 120 seconds left.\n|\n|t:|1781427274\n|move|p2a: Frosmoth|Ice Beam|p1a: Hariyama\n|-damage|p1a: Hariyama|249/392\n|move|p1a: Hariyama|Knock Off|p2a: Frosmoth\n|-damage|p2a: Frosmoth|0 fnt\n|-enditem|p2a: Frosmoth|Heavy-Duty Boots|[from] move: Knock Off|[of] p1a: Hariyama\n|faint|p2a: Frosmoth\n|\n|upkeep\n|-message|mortenschack forfeited.\n|\n|win|Miridon-shadow\n|raw|mortenschack's rating: 1131 &rarr; <strong>1103</strong><br />(-28 for losing)\n|raw|Miridon-shadow's rating: 1092 &rarr; <strong>1121</strong><br />(+29 for winning)\n|l|\u2606mortenschack\n|player|p1|\n", "uploadtime": 1781427289, "views": 3, "formatid": "gen9randombattle", "rating": 1103, "private": 0, "password": null}