{"id": "gen9randombattle-2632014466", "format": "[Gen 9] Random Battle", "players": ["vexdelised", "lucky liu"], "log": "|j|\u2606vexdelised\n|j|\u203dlucky liu\n|t:|1781466067\n|gametype|singles\n|player|p1|vexdelised|hooligans|1914\n|player|p2|lucky liu|roxie|2052\n|gen|9\n|tier|[Gen 9] Random Battle\n|rated|\n|rule|Species Clause: Limit one of each Pok\u00e9mon\n|rule|HP Percentage Mod: HP is shown in percentages\n|rule|Sleep Clause Mod: Limit one foe put to sleep\n|rule|Illusion Level Mod: Illusion disguises the Pok\u00e9mon's true level\n|\n|t:|1781466067\n|teamsize|p1|6\n|teamsize|p2|6\n|start\n|switch|p1a: Heatran|Heatran, L79, M|273/273\n|switch|p2a: Eelektross|Eelektross, L87, M|290/290\n|-item|p1a: Heatran|Air Balloon\n|turn|1\n|inactive|Battle timer is ON: inactive players will automatically lose when time's up. (requested by vexdelised)\n|inactive|vexdelised has 120 seconds left.\n|\n|t:|1781466103\n|switch|p1a: Brute Bonnet|Brute Bonnet, L80|309/309\n|move|p2a: Eelektross|Close Combat|p1a: Brute Bonnet\n|-supereffective|p1a: Brute Bonnet\n|-damage|p1a: Brute Bonnet|99/309\n|-unboost|p2a: Eelektross|def|1\n|-unboost|p2a: Eelektross|spd|1\n|\n|-heal|p1a: Brute Bonnet|118/309|[from] item: Leftovers\n|upkeep\n|turn|2\n|inactive|vexdelised has 120 seconds left.\n|\n|t:|1781466135\n|-end|p1a: Brute Bonnet|Protosynthesis|[silent]\n|switch|p1a: Eelektross|Eelektross, L87, F|290/290\n|move|p2a: Eelektross|U-turn|p1a: Eelektross\n|-damage|p1a: Eelektross|228/290\n|inactive|lucky liu has 120 seconds left.\n|\n|t:|1781466167\n|switch|p2a: Hitmonlee|Hitmonlee, L85, M|223/223|[from] U-turn\n|\n|upkeep\n|turn|3\n|inactive|lucky liu has 120 seconds left.\n|\n|t:|1781466180\n|move|p2a: Hitmonlee|Knock Off|p1a: Eelektross\n|-damage|p1a: Eelektross|101/290\n|-enditem|p1a: Eelektross|Assault Vest|[from] move: Knock Off|[of] p2a: Hitmonlee\n|move|p1a: Eelektross|Dragon Tail|p2a: Hitmonlee\n|-damage|p2a: Hitmonlee|146/223\n|drag|p2a: Flapple|Flapple, L88, F|266/266\n|\n|upkeep\n|turn|4\n|\n|t:|1781466188\n|move|p2a: Flapple|Grav Apple|p1a: Eelektross\n|-damage|p1a: Eelektross|0 fnt\n|faint|p1a: Eelektross\n|\n|upkeep\n|inactive|vexdelised has 120 seconds left.\n|\n|t:|1781466209\n|switch|p1a: Heatran|Heatran, L79, M|273/273\n|-item|p1a: Heatran|Air Balloon\n|turn|5\n|inactive|vexdelised has 120 seconds left.\n|inactive|vexdelised has 90 seconds left.\n|\n|t:|1781466254\n|switch|p2a: Swanna|Swanna, L89, F|278/278\n|move|p1a: Heatran|Magma Storm|p2a: Swanna|[miss]\n|-miss|p1a: Heatran|p2a: Swanna\n|\n|upkeep\n|turn|6\n|inactive|vexdelised has 90 seconds left.\n|\n|t:|1781466280\n|switch|p1a: Swanna|Swanna, L89, M|278/278\n|move|p2a: Swanna|Hydro Pump|p1a: Swanna\n|-resisted|p1a: Swanna\n|-crit|p1a: Swanna\n|-damage|p1a: Swanna|177/278\n|\n|upkeep\n|turn|7\n|\n|t:|1781466290\n|move|p2a: Swanna|Brave Bird|p1a: Swanna\n|-damage|p1a: Swanna|6/278\n|-damage|p2a: Swanna|222/278|[from] Recoil\n|move|p1a: Swanna|Brave Bird|p2a: Swanna\n|-damage|p2a: Swanna|66/278\n|-damage|p1a: Swanna|0 fnt|[from] Recoil\n|faint|p1a: Swanna\n|\n|upkeep\n|\n|t:|1781466295\n|switch|p1a: Kingdra|Kingdra, L84, M|263/263\n|turn|8\n|inactive|lucky liu has 120 seconds left.\n|\n|t:|1781466350\n|move|p2a: Swanna|Brave Bird|p1a: Kingdra\n|-crit|p1a: Kingdra\n|-damage|p1a: Kingdra|82/263\n|-damage|p2a: Swanna|6/278|[from] Recoil\n|move|p1a: Kingdra|Rain Dance|p1a: Kingdra\n|-weather|RainDance\n|\n|-weather|RainDance|[upkeep]\n|upkeep\n|turn|9\n|inactive|vexdelised has 90 seconds left.\n|\n|t:|1781466377\n|move|p1a: Kingdra|Hurricane|p2a: Swanna\n|-crit|p2a: Swanna\n|-damage|p2a: Swanna|0 fnt\n|faint|p2a: Swanna\n|-damage|p1a: Kingdra|56/263|[from] item: Life Orb\n|\n|-weather|RainDance|[upkeep]\n|upkeep\n|inactive|lucky liu has 90 seconds left.\n|\n|t:|1781466404\n|switch|p2a: Hitmonlee|Hitmonlee, L85, M|146/223\n|turn|10\n|\n|t:|1781466413\n|move|p2a: Hitmonlee|Mach Punch|p1a: Kingdra\n|-damage|p1a: Kingdra|0 fnt\n|faint|p1a: Kingdra\n|\n|-weather|RainDance|[upkeep]\n|upkeep\n|\n|t:|1781466420\n|switch|p1a: Heatran|Heatran, L79, M|273/273\n|-item|p1a: Heatran|Air Balloon\n|turn|11\n|\n|t:|1781466437\n|switch|p2a: Suicune|Suicune, L82|298/298\n|-ability|p2a: Suicune|Pressure\n|move|p1a: Heatran|Magma Storm|p2a: Suicune\n|-resisted|p2a: Suicune\n|-damage|p2a: Suicune|275/298\n|-activate|p2a: Suicune|move: Magma Storm|[of] p1a: Heatran\n|\n|-weather|RainDance|[upkeep]\n|-heal|p2a: Suicune|293/298|[from] item: Leftovers\n|-damage|p2a: Suicune|256/298|[from] move: Magma Storm|[partiallytrapped]\n|upkeep\n|turn|12\n|inactive|vexdelised has 90 seconds left.\n|inactive|lucky liu has 90 seconds left.\n|j| illuss\n|\n|t:|1781466480\n|switch|p1a: Brute Bonnet|Brute Bonnet, L80|118/309\n|move|p2a: Suicune|Scald|p1a: Brute Bonnet\n|-resisted|p1a: Brute Bonnet\n|-damage|p1a: Brute Bonnet|59/309\n|\n|-weather|none\n|-heal|p2a: Suicune|274/298|[from] item: Leftovers\n|-heal|p1a: Brute Bonnet|78/309|[from] item: Leftovers\n|-end|p2a: Suicune|Magma Storm|[partiallytrapped]|[silent]\n|upkeep\n|turn|13\n|inactive|vexdelised has 90 seconds left.\n|l| illuss\n|\n|t:|1781466504\n|switch|p2a: Flapple|Flapple, L88, F|266/266\n|move|p1a: Brute Bonnet|Spore|p2a: Flapple\n|-immune|p2a: Flapple\n|\n|-heal|p1a: Brute Bonnet|97/309|[from] item: Leftovers\n|upkeep\n|turn|14\n|inactive|lucky liu has 60 seconds left.\n|\n|t:|1781466547\n|move|p2a: Flapple|Outrage|p1a: Brute Bonnet\n|-crit|p1a: Brute Bonnet\n|-damage|p1a: Brute Bonnet|0 fnt\n|faint|p1a: Brute Bonnet\n|-end|p1a: Brute Bonnet|Protosynthesis|[silent]\n|\n|upkeep\n|inactive|vexdelised has 90 seconds left.\n|\n|t:|1781466553\n|switch|p1a: Roaring Moon|Roaring Moon, L72|270/270\n|-enditem|p1a: Roaring Moon|Booster Energy\n|-activate|p1a: Roaring Moon|ability: Protosynthesis|[fromitem]\n|-start|p1a: Roaring Moon|protosynthesisatk\n|turn|15\n|inactive|vexdelised has 90 seconds left.\n|\n|t:|1781466565\n|-terastallize|p1a: Roaring Moon|Steel\n|move|p1a: Roaring Moon|Dragon Dance|p1a: Roaring Moon\n|-boost|p1a: Roaring Moon|atk|1\n|-boost|p1a: Roaring Moon|spe|1\n|move|p2a: Flapple|Outrage|p1a: Roaring Moon|[from] lockedmove\n|-resisted|p1a: Roaring Moon\n|-damage|p1a: Roaring Moon|124/270\n|\n|upkeep\n|turn|16\n|inactive|lucky liu has 60 seconds left.\n|inactive|vexdelised has 90 seconds left.\n|\n|t:|1781466578\n|move|p1a: Roaring Moon|Outrage|p2a: Flapple\n|-supereffective|p2a: Flapple\n|-damage|p2a: Flapple|0 fnt\n|faint|p2a: Flapple\n|\n|upkeep\n|\n|t:|1781466581\n|switch|p2a: Hitmonlee|Hitmonlee, L85, M|146/223\n|turn|17\n|\n|t:|1781466583\n|move|p2a: Hitmonlee|Mach Punch|p1a: Roaring Moon\n|-supereffective|p1a: Roaring Moon\n|-damage|p1a: Roaring Moon|0 fnt\n|faint|p1a: Roaring Moon\n|-end|p1a: Roaring Moon|Protosynthesis|[silent]\n|\n|upkeep\n|-message|vexdelised forfeited.\n|\n|win|lucky liu\n", "uploadtime": 1781466070, "views": 2, "formatid": "gen9randombattle", "rating": null, "private": 0, "password": null}