{"id": "gen9randombattle-2631530354", "format": "[Gen 9] Random Battle", "players": ["lizzypark", "Ara Ara Armin"], "log": "|j|\u2606lizzypark\n|j|\u2606Ara Ara Armin\n|t:|1781397251\n|gametype|singles\n|player|p1|lizzypark|doctor|1914\n|player|p2|Ara Ara Armin|265|1986\n|gen|9\n|tier|[Gen 9] Random Battle\n|rated|\n|rule|Species Clause: Limit one of each Pok\u00e9mon\n|rule|HP Percentage Mod: HP is shown in percentages\n|rule|Sleep Clause Mod: Limit one foe put to sleep\n|rule|Illusion Level Mod: Illusion disguises the Pok\u00e9mon's true level\n|\n|t:|1781397251\n|teamsize|p1|6\n|teamsize|p2|6\n|start\n|switch|p1a: Sceptile|Sceptile, L87, F|264/264\n|switch|p2a: Regigigas|Regigigas, L84|322/322\n|-start|p2a: Regigigas|ability: Slow Start\n|turn|1\n|inactive|Battle timer is ON: inactive players will automatically lose when time's up. (requested by lizzypark)\n|\n|t:|1781397263\n|move|p1a: Sceptile|Focus Blast|p2a: Regigigas\n|-supereffective|p2a: Regigigas\n|-damage|p2a: Regigigas|96/322\n|-damage|p1a: Sceptile|238/264|[from] item: Life Orb\n|move|p2a: Regigigas|Knock Off|p1a: Sceptile\n|-damage|p1a: Sceptile|175/264\n|-enditem|p1a: Sceptile|Life Orb|[from] move: Knock Off|[of] p2a: Regigigas\n|\n|-heal|p2a: Regigigas|116/322|[from] item: Leftovers\n|upkeep\n|turn|2\n|\n|t:|1781397286\n|switch|p2a: Arbok|Arbok, L87, F|246/246\n|-ability|p2a: Arbok|Intimidate|boost\n|-unboost|p1a: Sceptile|atk|1\n|move|p1a: Sceptile|Leaf Storm|p2a: Arbok\n|-resisted|p2a: Arbok\n|-damage|p2a: Arbok|164/246\n|-unboost|p1a: Sceptile|spa|2\n|\n|upkeep\n|turn|3\n|\n|t:|1781397309\n|switch|p1a: Cresselia|Cresselia, L80, F|323/323\n|move|p2a: Arbok|Knock Off|p1a: Cresselia\n|-supereffective|p1a: Cresselia\n|-damage|p1a: Cresselia|164/323\n|-enditem|p1a: Cresselia|Leftovers|[from] move: Knock Off|[of] p2a: Arbok\n|-damage|p2a: Arbok|140/246|[from] item: Life Orb\n|\n|upkeep\n|turn|4\n|\n|t:|1781397325\n|move|p2a: Arbok|Gunk Shot|p1a: Cresselia\n|-damage|p1a: Cresselia|12/323\n|-damage|p2a: Arbok|116/246|[from] item: Life Orb\n|move|p1a: Cresselia|Moonlight|p1a: Cresselia\n|-heal|p1a: Cresselia|173/323\n|\n|upkeep\n|turn|5\n|\n|t:|1781397333\n|move|p2a: Arbok|Gunk Shot|p1a: Cresselia\n|-damage|p1a: Cresselia|31/323\n|-damage|p2a: Arbok|92/246|[from] item: Life Orb\n|move|p1a: Cresselia|Moonlight|p1a: Cresselia\n|-heal|p1a: Cresselia|192/323\n|\n|upkeep\n|turn|6\n|\n|t:|1781397337\n|move|p2a: Arbok|Gunk Shot|p1a: Cresselia\n|-damage|p1a: Cresselia|39/323\n|-damage|p2a: Arbok|68/246|[from] item: Life Orb\n|move|p1a: Cresselia|Moonlight|p1a: Cresselia\n|-heal|p1a: Cresselia|200/323\n|\n|upkeep\n|turn|7\n|\n|t:|1781397340\n|move|p2a: Arbok|Gunk Shot|p1a: Cresselia\n|-damage|p1a: Cresselia|51/323\n|-damage|p2a: Arbok|44/246|[from] item: Life Orb\n|move|p1a: Cresselia|Moonlight|p1a: Cresselia\n|-heal|p1a: Cresselia|212/323\n|\n|upkeep\n|turn|8\n|\n|t:|1781397343\n|move|p2a: Arbok|Gunk Shot|p1a: Cresselia\n|-damage|p1a: Cresselia|68/323\n|-status|p1a: Cresselia|psn\n|-damage|p2a: Arbok|20/246|[from] item: Life Orb\n|move|p1a: Cresselia|Moonlight|p1a: Cresselia\n|-heal|p1a: Cresselia|229/323 psn\n|\n|-damage|p1a: Cresselia|189/323 psn|[from] psn\n|upkeep\n|turn|9\n|\n|t:|1781397345\n|move|p2a: Arbok|Toxic Spikes|p1a: Cresselia\n|-sidestart|p1: lizzypark|move: Toxic Spikes\n|move|p1a: Cresselia|Moonlight|p1a: Cresselia\n|-heal|p1a: Cresselia|323/323 psn\n|\n|-damage|p1a: Cresselia|283/323 psn|[from] psn\n|upkeep\n|turn|10\n|\n|t:|1781397348\n|move|p2a: Arbok|Knock Off|p1a: Cresselia\n|-supereffective|p1a: Cresselia\n|-crit|p1a: Cresselia\n|-damage|p1a: Cresselia|114/323 psn\n|-damage|p2a: Arbok|0 fnt|[from] item: Life Orb\n|faint|p2a: Arbok\n|move|p1a: Cresselia|Psyshock|p2: Arbok|[notarget]\n|-fail|p1a: Cresselia\n|\n|-damage|p1a: Cresselia|74/323 psn|[from] psn\n|upkeep\n|c|\u2606lizzypark|there goes all ur luck\n|c|\u2606lizzypark|for the next 10 games\n|\n|t:|1781397371\n|switch|p2a: Espeon|Espeon, L84, M|246/246\n|turn|11\n|\n|t:|1781397382\n|switch|p1a: Kingambit|Kingambit, L74, F|270/270\n|move|p2a: Espeon|Shadow Ball|p1a: Kingambit\n|-resisted|p1a: Kingambit\n|-damage|p1a: Kingambit|213/270\n|-damage|p2a: Espeon|222/246|[from] item: Life Orb\n|\n|-heal|p1a: Kingambit|229/270|[from] item: Leftovers\n|upkeep\n|turn|12\n|\n|t:|1781397392\n|switch|p2a: Cobalion|Cobalion, L80|277/277\n|move|p1a: Kingambit|Kowtow Cleave|p2a: Cobalion\n|-resisted|p2a: Cobalion\n|-damage|p2a: Cobalion|243/277\n|-ability|p2a: Cobalion|Justified|boost\n|-boost|p2a: Cobalion|atk|1\n|\n|-heal|p2a: Cobalion|260/277|[from] item: Leftovers\n|-heal|p1a: Kingambit|245/270|[from] item: Leftovers\n|upkeep\n|turn|13\n|\n|t:|1781397408\n|-end|p1a: Kingambit|fallenundefined|[silent]\n|switch|p1a: Cresselia|Cresselia, L80, F|74/323 psn\n|move|p2a: Cobalion|Calm Mind|p2a: Cobalion\n|-boost|p2a: Cobalion|spa|1\n|-boost|p2a: Cobalion|spd|1\n|\n|-heal|p2a: Cobalion|277/277|[from] item: Leftovers\n|-damage|p1a: Cresselia|34/323 psn|[from] psn\n|upkeep\n|turn|14\n|\n|t:|1781397416\n|move|p2a: Cobalion|Calm Mind|p2a: Cobalion\n|-boost|p2a: Cobalion|spa|1\n|-boost|p2a: Cobalion|spd|1\n|move|p1a: Cresselia|Psyshock|p2a: Cobalion\n|-damage|p2a: Cobalion|223/277\n|\n|-heal|p2a: Cobalion|240/277|[from] item: Leftovers\n|-damage|p1a: Cresselia|0 fnt|[from] psn\n|faint|p1a: Cresselia\n|upkeep\n|\n|t:|1781397421\n|switch|p1a: Emboar|Emboar, L84, M|322/322\n|-status|p1a: Emboar|psn\n|turn|15\n|inactive|Ara Ara Armin has 120 seconds left.\n|\n|t:|1781397480\n|-terastallize|p2a: Cobalion|Fighting\n|move|p2a: Cobalion|Aura Sphere|p1a: Emboar\n|-damage|p1a: Emboar|148/322 psn\n|move|p1a: Emboar|Flare Blitz|p2a: Cobalion\n|-damage|p2a: Cobalion|104/277\n|-damage|p1a: Emboar|103/322 psn|[from] Recoil\n|\n|-heal|p2a: Cobalion|121/277|[from] item: Leftovers\n|-damage|p1a: Emboar|63/322 psn|[from] psn\n|upkeep\n|turn|16\n|\n|t:|1781397491\n|move|p2a: Cobalion|Vacuum Wave|p1a: Emboar\n|-damage|p1a: Emboar|0 fnt\n|faint|p1a: Emboar\n|\n|-heal|p2a: Cobalion|138/277|[from] item: Leftovers\n|upkeep\n|\n|t:|1781397502\n|switch|p1a: Flapple|Flapple, L88, M|266/266\n|-status|p1a: Flapple|psn\n|turn|17\n|\n|t:|1781397511\n|move|p2a: Cobalion|Aura Sphere|p1a: Flapple\n|-damage|p1a: Flapple|2/266 psn\n|move|p1a: Flapple|Grav Apple|p2a: Cobalion\n|-damage|p2a: Cobalion|0 fnt\n|faint|p2a: Cobalion\n|\n|-damage|p1a: Flapple|0 fnt|[from] psn\n|faint|p1a: Flapple\n|upkeep\n|\n|t:|1781397525\n|switch|p2a: Regigigas|Regigigas, L84|116/322\n|switch|p1a: Sceptile|Sceptile, L87, F|175/264\n|-status|p1a: Sceptile|psn\n|-start|p2a: Regigigas|ability: Slow Start\n|turn|18\n|\n|t:|1781397534\n|move|p1a: Sceptile|Focus Blast|p2a: Regigigas\n|-supereffective|p2a: Regigigas\n|-damage|p2a: Regigigas|0 fnt\n|faint|p2a: Regigigas\n|-end|p2a: Regigigas|Slow Start|[silent]\n|\n|-damage|p1a: Sceptile|142/264 psn|[from] psn\n|upkeep\n|\n|t:|1781397545\n|switch|p2a: Espeon|Espeon, L84, M|222/246\n|turn|19\n|\n|t:|1781397550\n|move|p1a: Sceptile|Leaf Storm|p2a: Espeon\n|-damage|p2a: Espeon|63/246\n|-unboost|p1a: Sceptile|spa|2\n|move|p2a: Espeon|Alluring Voice|p1a: Sceptile\n|-damage|p1a: Sceptile|58/264 psn\n|-damage|p2a: Espeon|39/246|[from] item: Life Orb\n|\n|-damage|p1a: Sceptile|25/264 psn|[from] psn\n|upkeep\n|turn|20\n|\n|t:|1781397556\n|move|p1a: Sceptile|Earthquake|p2a: Espeon\n|-damage|p2a: Espeon|0 fnt\n|faint|p2a: Espeon\n|\n|-damage|p1a: Sceptile|0 fnt|[from] psn\n|faint|p1a: Sceptile\n|upkeep\n|\n|t:|1781397561\n|switch|p1a: Eiscue|Eiscue, L88, F|274/274\n|switch|p2a: Quagsire|Quagsire, L84, M|297/297\n|-status|p1a: Eiscue|psn\n|turn|21\n|\n|t:|1781397577\n|move|p1a: Eiscue|Belly Drum|p1a: Eiscue\n|-damage|p1a: Eiscue|137/274 psn\n|-setboost|p1a: Eiscue|atk|6|[from] move: Belly Drum\n|-enditem|p1a: Eiscue|Sitrus Berry|[eat]\n|-heal|p1a: Eiscue|205/274 psn|[from] item: Sitrus Berry\n|move|p2a: Quagsire|Earthquake|p1a: Eiscue\n|-activate|p1a: Eiscue|ability: Ice Face\n|-damage|p1a: Eiscue|205/274 psn\n|detailschange|p1a: Eiscue|Eiscue-Noice, L88, F\n|\n|-damage|p1a: Eiscue|171/274 psn|[from] psn\n|upkeep\n|turn|22\n|\n|t:|1781397589\n|move|p1a: Eiscue|Ice Spinner|p2a: Quagsire\n|-damage|p2a: Quagsire|218/297\n|move|p2a: Quagsire|Earthquake|p1a: Eiscue\n|-damage|p1a: Eiscue|60/274 psn\n|\n|-heal|p2a: Quagsire|236/297|[from] item: Leftovers\n|-damage|p1a: Eiscue|26/274 psn|[from] psn\n|upkeep\n|turn|23\n|\n|t:|1781397594\n|move|p1a: Eiscue|Ice Spinner|p2a: Quagsire\n|-damage|p2a: Quagsire|155/297\n|move|p2a: Quagsire|Recover|p2a: Quagsire\n|-heal|p2a: Quagsire|297/297\n|\n|-damage|p1a: Eiscue|0 fnt|[from] psn\n|faint|p1a: Eiscue\n|upkeep\n|\n|t:|1781397597\n|switch|p1a: Kingambit|Kingambit, L74, F|245/270\n|-activate|p1a: Kingambit|ability: Supreme Overlord\n|-start|p1a: Kingambit|fallen5|[silent]\n|turn|24\n|\n|t:|1781397606\n|-terastallize|p1a: Kingambit|Dark\n|move|p1a: Kingambit|Kowtow Cleave|p2a: Quagsire\n|-damage|p2a: Quagsire|97/297\n|move|p2a: Quagsire|Earthquake|p1a: Kingambit\n|-damage|p1a: Kingambit|157/270\n|\n|-heal|p1a: Kingambit|173/270|[from] item: Leftovers\n|-heal|p2a: Quagsire|115/297|[from] item: Leftovers\n|upkeep\n|turn|25\n|\n|t:|1781397612\n|move|p1a: Kingambit|Swords Dance|p1a: Kingambit\n|-boost|p1a: Kingambit|atk|2\n|move|p2a: Quagsire|Toxic|p1a: Kingambit\n|-status|p1a: Kingambit|tox\n|\n|-heal|p1a: Kingambit|189/270 tox|[from] item: Leftovers\n|-heal|p2a: Quagsire|133/297|[from] item: Leftovers\n|-damage|p1a: Kingambit|173/270 tox|[from] psn\n|upkeep\n|turn|26\n|\n|t:|1781397616\n|move|p1a: Kingambit|Kowtow Cleave|p2a: Quagsire\n|-damage|p2a: Quagsire|0 fnt\n|faint|p2a: Quagsire\n|\n|-heal|p1a: Kingambit|189/270 tox|[from] item: Leftovers\n|-damage|p1a: Kingambit|157/270 tox|[from] psn\n|upkeep\n|\n|t:|1781397618\n|switch|p2a: Mewtwo|Mewtwo, L72|272/272\n|-ability|p2a: Mewtwo|Unnerve\n|turn|27\n|\n|t:|1781397624\n|move|p1a: Kingambit|Sucker Punch||[still]\n|-fail|p1a: Kingambit\n|move|p2a: Mewtwo|Nasty Plot|p2a: Mewtwo\n|-boost|p2a: Mewtwo|spa|2\n|\n|-heal|p1a: Kingambit|173/270 tox|[from] item: Leftovers\n|-damage|p1a: Kingambit|125/270 tox|[from] psn\n|upkeep\n|turn|28\n|\n|t:|1781397631\n|move|p1a: Kingambit|Sucker Punch|p2a: Mewtwo\n|-supereffective|p2a: Mewtwo\n|-damage|p2a: Mewtwo|0 fnt\n|faint|p2a: Mewtwo\n|\n|win|lizzypark\n", "uploadtime": 1781397253, "views": 3, "formatid": "gen9randombattle", "rating": null, "private": 0, "password": null}