{"id": "gen9randombattle-2631737400", "format": "[Gen 9] Random Battle", "players": ["Agenttaken", "Bace"], "log": "|j|\u2606Agenttaken\n|j|\u2606Bace\n|t:|1781431336\n|gametype|singles\n|player|p1|Agenttaken|dawn|1378\n|player|p2|Bace|169|1379\n|gen|9\n|tier|[Gen 9] Random Battle\n|rated|\n|rule|Species Clause: Limit one of each Pok\u00e9mon\n|rule|HP Percentage Mod: HP is shown in percentages\n|rule|Sleep Clause Mod: Limit one foe put to sleep\n|rule|Illusion Level Mod: Illusion disguises the Pok\u00e9mon's true level\n|\n|t:|1781431336\n|teamsize|p1|6\n|teamsize|p2|6\n|start\n|switch|p1a: Pyroar|Pyroar, L88, F|295/295\n|switch|p2a: Clodsire|Clodsire, L81, F|343/343\n|-ability|p1a: Pyroar|Unnerve\n|turn|1\n|inactive|Battle timer is ON: inactive players will automatically lose when time's up. (requested by Agenttaken)\n|\n|t:|1781431344\n|switch|p1a: Milotic|Milotic, L83, M|293/293\n|move|p2a: Clodsire|Toxic|p1a: Milotic\n|-status|p1a: Milotic|tox\n|\n|-damage|p1a: Milotic|275/293 tox|[from] psn\n|upkeep\n|turn|2\n|\n|t:|1781431359\n|switch|p2a: Latias|Latias, L79, F|256/256\n|move|p1a: Milotic|Scald|p2a: Latias\n|-resisted|p2a: Latias\n|-damage|p2a: Latias|220/256\n|\n|-heal|p1a: Milotic|293/293 tox|[from] item: Leftovers\n|-damage|p1a: Milotic|257/293 tox|[from] psn\n|upkeep\n|turn|3\n|inactive|Agenttaken has 120 seconds left.\n|\n|t:|1781431397\n|move|p2a: Latias|Calm Mind|p2a: Latias\n|-boost|p2a: Latias|spa|1\n|-boost|p2a: Latias|spd|1\n|move|p1a: Milotic|Ice Beam|p2a: Latias\n|-supereffective|p2a: Latias\n|-damage|p2a: Latias|146/256\n|\n|-heal|p1a: Milotic|275/293 tox|[from] item: Leftovers\n|-damage|p1a: Milotic|221/293 tox|[from] psn\n|upkeep\n|turn|4\n|inactive|Agenttaken has 120 seconds left.\n|\n|t:|1781431403\n|switch|p1a: Pyroar|Pyroar, L88, F|295/295\n|-ability|p1a: Pyroar|Unnerve\n|move|p2a: Latias|Calm Mind|p2a: Latias\n|-boost|p2a: Latias|spa|1\n|-boost|p2a: Latias|spd|1\n|\n|upkeep\n|turn|5\n|\n|t:|1781431407\n|move|p1a: Pyroar|Hyper Voice|p2a: Latias\n|-damage|p2a: Latias|101/256\n|move|p2a: Latias|Recover|p2a: Latias\n|-heal|p2a: Latias|229/256\n|\n|upkeep\n|turn|6\n|inactive|Agenttaken has 120 seconds left.\n|\n|t:|1781431457\n|move|p1a: Pyroar|Work Up|p1a: Pyroar\n|-boost|p1a: Pyroar|atk|1\n|-boost|p1a: Pyroar|spa|1\n|move|p2a: Latias|Calm Mind|p2a: Latias\n|-boost|p2a: Latias|spa|1\n|-boost|p2a: Latias|spd|1\n|\n|upkeep\n|turn|7\n|inactive|Bace has 120 seconds left.\n|\n|t:|1781431514\n|move|p1a: Pyroar|Work Up|p1a: Pyroar\n|-boost|p1a: Pyroar|atk|1\n|-boost|p1a: Pyroar|spa|1\n|move|p2a: Latias|Calm Mind|p2a: Latias\n|-boost|p2a: Latias|spa|1\n|-boost|p2a: Latias|spd|1\n|\n|upkeep\n|turn|8\n|\n|t:|1781431522\n|move|p1a: Pyroar|Hyper Voice|p2a: Latias\n|-damage|p2a: Latias|166/256\n|move|p2a: Latias|Psyshock|p1a: Pyroar\n|-crit|p1a: Pyroar\n|-damage|p1a: Pyroar|0 fnt\n|faint|p1a: Pyroar\n|\n|upkeep\n|-message|Agenttaken forfeited.\n|\n|win|Bace\n|raw|Agenttaken's rating: 1378 &rarr; <strong>1358</strong><br />(-20 for losing)\n|raw|Bace's rating: 1379 &rarr; <strong>1399</strong><br />(+20 for winning)\n|l|\u2606Agenttaken\n|player|p1|\n", "uploadtime": 1781431538, "views": 2, "formatid": "gen9randombattle", "rating": 1358, "private": 0, "password": null}