{"id": "gen9randombattle-2631458508", "format": "[Gen 9] Random Battle", "players": ["Malog7", "grafitigreifer"], "log": "|j|\u2606Malog7\n|j|\u2606grafitigreifer\n|t:|1781387177\n|gametype|singles\n|player|p1|Malog7|steven|1991\n|player|p2|grafitigreifer|hanbei-conquest|2045\n|gen|9\n|tier|[Gen 9] Random Battle\n|rated|\n|rule|Species Clause: Limit one of each Pok\u00e9mon\n|rule|HP Percentage Mod: HP is shown in percentages\n|rule|Sleep Clause Mod: Limit one foe put to sleep\n|rule|Illusion Level Mod: Illusion disguises the Pok\u00e9mon's true level\n|\n|t:|1781387178\n|teamsize|p1|6\n|teamsize|p2|6\n|start\n|switch|p1a: Tropius|Tropius, L91, F|328/328\n|switch|p2a: Diancie|Diancie, L82|216/216\n|turn|1\n|inactive|Battle timer is ON: inactive players will automatically lose when time's up. (requested by Malog7)\n|\n|t:|1781387183\n|move|p1a: Tropius|Leech Seed|p2a: Diancie|[miss]\n|-miss|p1a: Tropius|p2a: Diancie\n|move|p2a: Diancie|Stealth Rock|p1a: Tropius\n|-sidestart|p1: Malog7|move: Stealth Rock\n|\n|upkeep\n|turn|2\n|\n|t:|1781387187\n|switch|p2a: Munkidori|Munkidori, L79, M|269/269\n|move|p1a: Tropius|Leech Seed|p2a: Munkidori\n|-start|p2a: Munkidori|move: Leech Seed\n|\n|-damage|p2a: Munkidori|236/269|[from] Leech Seed|[of] p1a: Tropius\n|upkeep\n|turn|3\n|\n|t:|1781387192\n|switch|p2a: Spidops|Spidops, L96, F|271/271\n|move|p1a: Tropius|Protect||[still]\n|-fail|p1a: Tropius\n|\n|upkeep\n|turn|4\n|\n|t:|1781387197\n|move|p1a: Tropius|Substitute|p1a: Tropius\n|-start|p1a: Tropius|Substitute\n|-damage|p1a: Tropius|246/328\n|move|p2a: Spidops|Knock Off|p1a: Tropius\n|-activate|p1a: Tropius|move: Substitute|[damage]\n|\n|upkeep\n|turn|5\n|\n|t:|1781387202\n|move|p1a: Tropius|Leech Seed|p2a: Spidops\n|-start|p2a: Spidops|move: Leech Seed\n|move|p2a: Spidops|U-turn|p1a: Tropius\n|-end|p1a: Tropius|Substitute\n|\n|t:|1781387210\n|switch|p2a: Munkidori|Munkidori, L79, M|236/269|[from] U-turn\n|\n|upkeep\n|turn|6\n|\n|t:|1781387212\n|move|p1a: Tropius|Protect|p1a: Tropius\n|-singleturn|p1a: Tropius|Protect\n|move|p2a: Munkidori|Sludge Wave|p1a: Tropius\n|-activate|p1a: Tropius|move: Protect\n|\n|upkeep\n|turn|7\n|\n|t:|1781387221\n|switch|p1a: Scizor|Scizor, L79, M|240/240\n|-damage|p1a: Scizor|210/240|[from] Stealth Rock\n|move|p2a: Munkidori|Sludge Wave|p1a: Scizor\n|-immune|p1a: Scizor\n|\n|-heal|p1a: Scizor|225/240|[from] item: Leftovers\n|upkeep\n|turn|8\n|\n|t:|1781387231\n|switch|p2a: Oinkologne|Oinkologne, L92, M|352/352\n|move|p1a: Scizor|U-turn|p2a: Oinkologne\n|-damage|p2a: Oinkologne|268/352\n|\n|t:|1781387240\n|switch|p1a: Luxray|Luxray, L88, M|283/283|[from] U-turn\n|-damage|p1a: Luxray|248/283|[from] Stealth Rock\n|\n|-heal|p2a: Oinkologne|290/352|[from] item: Leftovers\n|-status|p1a: Luxray|brn|[from] item: Flame Orb\n|upkeep\n|turn|9\n|\n|t:|1781387249\n|move|p1a: Luxray|Supercell Slam|p2a: Oinkologne\n|-damage|p2a: Oinkologne|92/352\n|move|p2a: Oinkologne|High Horsepower|p1a: Luxray\n|-supereffective|p1a: Luxray\n|-damage|p1a: Luxray|64/283 brn\n|\n|-heal|p2a: Oinkologne|114/352|[from] item: Leftovers\n|-damage|p1a: Luxray|47/283 brn|[from] brn\n|upkeep\n|turn|10\n|\n|t:|1781387255\n|switch|p2a: Diancie|Diancie, L82|216/216\n|move|p1a: Luxray|Facade|p2a: Diancie\n|-resisted|p2a: Diancie\n|-damage|p2a: Diancie|151/216\n|\n|-heal|p2a: Diancie|164/216|[from] item: Leftovers\n|-damage|p1a: Luxray|30/283 brn|[from] brn\n|upkeep\n|turn|11\n|\n|t:|1781387262\n|move|p1a: Luxray|Supercell Slam|p2a: Diancie\n|-damage|p2a: Diancie|14/216\n|move|p2a: Diancie|Diamond Storm|p1a: Luxray\n|-damage|p1a: Luxray|0 fnt\n|faint|p1a: Luxray\n|\n|-heal|p2a: Diancie|27/216|[from] item: Leftovers\n|upkeep\n|\n|t:|1781387271\n|switch|p1a: Scizor|Scizor, L79, M|225/240\n|-damage|p1a: Scizor|195/240|[from] Stealth Rock\n|turn|12\n|\n|t:|1781387277\n|move|p1a: Scizor|Defog|p2a: Diancie\n|-fail|p2a: Diancie|unboost|[from] ability: Clear Body|[of] p2a: Diancie\n|-sideend|p1: Malog7|Stealth Rock|[from] move: Defog|[of] p1a: Scizor\n|move|p2a: Diancie|Diamond Storm|p1a: Scizor\n|-crit|p1a: Scizor\n|-damage|p1a: Scizor|57/240\n|-boost|p2a: Diancie|def|2\n|\n|-heal|p1a: Scizor|72/240|[from] item: Leftovers\n|-heal|p2a: Diancie|40/216|[from] item: Leftovers\n|upkeep\n|turn|13\n|\n|t:|1781387283\n|move|p1a: Scizor|Bullet Punch|p2a: Diancie\n|-supereffective|p2a: Diancie\n|-damage|p2a: Diancie|0 fnt\n|faint|p2a: Diancie\n|\n|-heal|p1a: Scizor|87/240|[from] item: Leftovers\n|upkeep\n|\n|t:|1781387285\n|switch|p2a: Oinkologne|Oinkologne, L92, M|114/352\n|turn|14\n|\n|t:|1781387290\n|move|p2a: Oinkologne|Body Slam|p1a: Scizor\n|-resisted|p1a: Scizor\n|-damage|p1a: Scizor|30/240\n|move|p1a: Scizor|Close Combat|p2a: Oinkologne\n|-supereffective|p2a: Oinkologne\n|-damage|p2a: Oinkologne|0 fnt\n|-unboost|p1a: Scizor|def|1\n|-unboost|p1a: Scizor|spd|1\n|faint|p2a: Oinkologne\n|\n|-heal|p1a: Scizor|45/240|[from] item: Leftovers\n|upkeep\n|\n|t:|1781387294\n|switch|p2a: Munkidori|Munkidori, L79, M|236/269\n|turn|15\n|\n|t:|1781387298\n|move|p1a: Scizor|Bullet Punch|p2a: Munkidori\n|-damage|p2a: Munkidori|145/269\n|move|p2a: Munkidori|Psyshock|p1a: Scizor\n|-resisted|p1a: Scizor\n|-damage|p1a: Scizor|0 fnt\n|faint|p1a: Scizor\n|-damage|p2a: Munkidori|119/269|[from] item: Life Orb\n|\n|upkeep\n|\n|t:|1781387306\n|switch|p1a: Munkidori|Munkidori, L79, M|269/269\n|turn|16\n|\n|t:|1781387310\n|move|p1a: Munkidori|Fake Out|p2a: Munkidori\n|-damage|p2a: Munkidori|92/269\n|cant|p2a: Munkidori|flinch\n|\n|upkeep\n|turn|17\n|\n|t:|1781387317\n|move|p2a: Munkidori|Psyshock|p1a: Munkidori\n|-damage|p1a: Munkidori|100/269\n|-damage|p2a: Munkidori|66/269|[from] item: Life Orb\n|move|p1a: Munkidori|Psychic Noise|p2a: Munkidori\n|-damage|p2a: Munkidori|0 fnt\n|faint|p2a: Munkidori\n|\n|upkeep\n|\n|t:|1781387319\n|switch|p2a: Spidops|Spidops, L96, F|271/271\n|turn|18\n|\n|t:|1781387324\n|move|p1a: Munkidori|U-turn|p2a: Spidops\n|-damage|p2a: Spidops|242/271\n|-status|p2a: Spidops|tox|[from] ability: Toxic Chain|[of] p1a: Munkidori\n|\n|t:|1781387328\n|switch|p1a: Tropius|Tropius, L91, F|246/328|[from] U-turn\n|move|p2a: Spidops|Knock Off|p1a: Tropius\n|-damage|p1a: Tropius|87/328\n|-enditem|p1a: Tropius|Sitrus Berry|[from] move: Knock Off|[of] p2a: Spidops\n|\n|-damage|p2a: Spidops|226/271 tox|[from] psn\n|upkeep\n|turn|19\n|\n|t:|1781387339\n|move|p1a: Tropius|Air Slash|p2a: Spidops\n|-supereffective|p2a: Spidops\n|-damage|p2a: Spidops|98/271 tox\n|move|p2a: Spidops|Sticky Web|p1a: Tropius\n|-sidestart|p1: Malog7|move: Sticky Web\n|\n|-damage|p2a: Spidops|66/271 tox|[from] psn\n|upkeep\n|turn|20\n|\n|t:|1781387344\n|move|p1a: Tropius|Air Slash|p2a: Spidops\n|-supereffective|p2a: Spidops\n|-damage|p2a: Spidops|0 fnt\n|faint|p2a: Spidops\n|\n|upkeep\n|\n|t:|1781387348\n|switch|p2a: Klawf|Klawf, L90, F|272/272\n|turn|21\n|\n|t:|1781387352\n|move|p2a: Klawf|Stone Edge|p1a: Tropius\n|-supereffective|p1a: Tropius\n|-damage|p1a: Tropius|0 fnt\n|faint|p1a: Tropius\n|\n|upkeep\n|\n|t:|1781387354\n|switch|p1a: Medicham|Medicham, L86, M|243/243\n|-activate|p1a: Medicham|move: Sticky Web\n|-unboost|p1a: Medicham|spe|1\n|turn|22\n|\n|t:|1781387362\n|-terastallize|p2a: Klawf|Ground\n|move|p2a: Klawf|High Horsepower|p1a: Medicham\n|-damage|p1a: Medicham|122/243\n|move|p1a: Medicham|Close Combat|p2a: Klawf\n|-damage|p2a: Klawf|47/272\n|-unboost|p1a: Medicham|def|1\n|-unboost|p1a: Medicham|spd|1\n|-ability|p2a: Klawf|Anger Shell|boost\n|-boost|p2a: Klawf|atk|1\n|-boost|p2a: Klawf|spa|1\n|-boost|p2a: Klawf|spe|1\n|-unboost|p2a: Klawf|def|1\n|-unboost|p2a: Klawf|spd|1\n|\n|upkeep\n|turn|23\n|\n|t:|1781387370\n|switch|p1a: Luvdisc|Luvdisc, M|247/247\n|move|p2a: Klawf|High Horsepower|p1a: Luvdisc\n|-damage|p1a: Luvdisc|46/247\n|\n|upkeep\n|turn|24\n|\n|t:|1781387377\n|move|p2a: Klawf|High Horsepower|p1a: Luvdisc\n|-damage|p1a: Luvdisc|0 fnt\n|faint|p1a: Luvdisc\n|\n|upkeep\n|\n|t:|1781387379\n|switch|p1a: Munkidori|Munkidori, L79, M|100/269\n|-activate|p1a: Munkidori|move: Sticky Web\n|-unboost|p1a: Munkidori|spe|1\n|turn|25\n|\n|t:|1781387383\n|move|p1a: Munkidori|Fake Out|p2a: Klawf\n|-crit|p2a: Klawf\n|-damage|p2a: Klawf|7/272\n|cant|p2a: Klawf|flinch\n|\n|upkeep\n|turn|26\n|\n|t:|1781387388\n|switch|p1a: Medicham|Medicham, L86, M|122/243\n|-activate|p1a: Medicham|move: Sticky Web\n|-unboost|p1a: Medicham|spe|1\n|move|p2a: Klawf|High Horsepower|p1a: Medicham\n|-damage|p1a: Medicham|0 fnt\n|faint|p1a: Medicham\n|\n|upkeep\n|\n|t:|1781387391\n|switch|p1a: Munkidori|Munkidori, L79, M|100/269\n|-activate|p1a: Munkidori|move: Sticky Web\n|-unboost|p1a: Munkidori|spe|1\n|turn|27\n|\n|t:|1781387393\n|move|p1a: Munkidori|Fake Out|p2a: Klawf\n|-damage|p2a: Klawf|0 fnt\n|faint|p2a: Klawf\n|\n|upkeep\n|\n|t:|1781387395\n|switch|p2a: Inteleon|Inteleon, L81, F|246/246\n|turn|28\n|\n|t:|1781387399\n|move|p2a: Inteleon|Scald|p1a: Munkidori\n|-damage|p1a: Munkidori|6/269\n|move|p1a: Munkidori|Sludge Wave|p2a: Inteleon\n|-damage|p2a: Inteleon|89/246\n|\n|upkeep\n|turn|29\n|\n|t:|1781387404\n|move|p2a: Inteleon|Scald|p1a: Munkidori\n|-damage|p1a: Munkidori|0 fnt\n|faint|p1a: Munkidori\n|\n|win|grafitigreifer\n", "uploadtime": 1781387179, "views": 11, "formatid": "gen9randombattle", "rating": null, "private": 0, "password": null}