{"id": "gen9randombattle-2631506077", "format": "[Gen 9] Random Battle", "players": ["SuchPuma", "54hu1k"], "log": "|j|\u2606SuchPuma\n|j|\u260654hu1k\n|t:|1781393798\n|gametype|singles\n|player|p1|SuchPuma|266|1119\n|player|p2|54hu1k|n|1105\n|gen|9\n|tier|[Gen 9] Random Battle\n|rated|\n|rule|Species Clause: Limit one of each Pok\u00e9mon\n|rule|HP Percentage Mod: HP is shown in percentages\n|rule|Sleep Clause Mod: Limit one foe put to sleep\n|rule|Illusion Level Mod: Illusion disguises the Pok\u00e9mon's true level\n|\n|t:|1781393798\n|teamsize|p1|6\n|teamsize|p2|6\n|start\n|switch|p1a: Heracross|Heracross, L80, M|259/259\n|switch|p2a: Iron Hands|Iron Hands, L79|373/373\n|turn|1\n|inactive|Battle timer is ON: inactive players will automatically lose when time's up. (requested by 54hu1k)\n|\n|t:|1781393810\n|move|p1a: Heracross|Trailblaze|p2a: Iron Hands\n|-damage|p2a: Iron Hands|337/373\n|-boost|p1a: Heracross|spe|1\n|move|p2a: Iron Hands|Swords Dance|p2a: Iron Hands\n|-boost|p2a: Iron Hands|atk|2\n|\n|-heal|p2a: Iron Hands|360/373|[from] item: Leftovers\n|-status|p1a: Heracross|brn|[from] item: Flame Orb\n|upkeep\n|turn|2\n|inactive|54hu1k has 120 seconds left.\n|\n|t:|1781393846\n|-terastallize|p1a: Heracross|Normal\n|move|p1a: Heracross|Facade|p2a: Iron Hands\n|-damage|p2a: Iron Hands|120/373\n|move|p2a: Iron Hands|Wild Charge|p1a: Heracross\n|-damage|p1a: Heracross|0 fnt\n|faint|p1a: Heracross\n|-damage|p2a: Iron Hands|55/373|[from] Recoil\n|\n|-heal|p2a: Iron Hands|78/373|[from] item: Leftovers\n|upkeep\n|inactive|SuchPuma has 120 seconds left.\n|\n|t:|1781393861\n|switch|p1a: Vikavolt|Vikavolt, L83, F|263/263\n|turn|3\n|c|\u260654hu1k|That was\n|c|\u260654hu1k|Something\n|\n|t:|1781393873\n|move|p2a: Iron Hands|Ice Punch|p1a: Vikavolt\n|-damage|p1a: Vikavolt|136/263\n|move|p1a: Vikavolt|Sticky Web|p2a: Iron Hands\n|-sidestart|p2: 54hu1k|move: Sticky Web\n|\n|-heal|p2a: Iron Hands|101/373|[from] item: Leftovers\n|upkeep\n|turn|4\n|\n|t:|1781393881\n|move|p2a: Iron Hands|Drain Punch|p1a: Vikavolt\n|-resisted|p1a: Vikavolt\n|-damage|p1a: Vikavolt|50/263\n|-heal|p2a: Iron Hands|144/373|[from] drain|[of] p1a: Vikavolt\n|move|p1a: Vikavolt|Energy Ball|p2a: Iron Hands\n|-damage|p2a: Iron Hands|40/373\n|\n|-heal|p2a: Iron Hands|63/373|[from] item: Leftovers\n|upkeep\n|turn|5\n|\n|t:|1781393891\n|move|p2a: Iron Hands|Drain Punch|p1a: Vikavolt\n|-resisted|p1a: Vikavolt\n|-damage|p1a: Vikavolt|0 fnt\n|-heal|p2a: Iron Hands|88/373|[from] drain|[of] p1a: Vikavolt\n|faint|p1a: Vikavolt\n|\n|-heal|p2a: Iron Hands|111/373|[from] item: Leftovers\n|upkeep\n|\n|t:|1781393910\n|switch|p1a: Kyogre|Kyogre, L71|259/259\n|-weather|RainDance|[from] ability: Drizzle|[of] p1a: Kyogre\n|turn|6\n|\n|t:|1781393919\n|move|p1a: Kyogre|Thunder|p2a: Iron Hands\n|-resisted|p2a: Iron Hands\n|-damage|p2a: Iron Hands|62/373\n|move|p2a: Iron Hands|Wild Charge|p1a: Kyogre\n|-supereffective|p1a: Kyogre\n|-damage|p1a: Kyogre|0 fnt\n|faint|p1a: Kyogre\n|-damage|p2a: Iron Hands|0 fnt|[from] Recoil\n|faint|p2a: Iron Hands\n|-end|p2a: Iron Hands|Quark Drive|[silent]\n|\n|-weather|RainDance|[upkeep]\n|upkeep\n|c|\u260654hu1k|Bruv\n|\n|t:|1781393943\n|switch|p1a: Espeon|Espeon, L84, M|246/246\n|switch|p2a: Zangoose|Zangoose, L85, M|263/263\n|-activate|p2a: Zangoose|move: Sticky Web\n|-unboost|p2a: Zangoose|spe|1\n|turn|7\n|\n|t:|1781393960\n|move|p1a: Espeon|Psyshock|p2a: Zangoose\n|-damage|p2a: Zangoose|76/263\n|-damage|p1a: Espeon|222/246|[from] item: Life Orb\n|move|p2a: Zangoose|Knock Off|p1a: Espeon\n|-supereffective|p1a: Espeon\n|-damage|p1a: Espeon|0 fnt\n|-enditem|p1a: Espeon|Life Orb|[from] move: Knock Off|[of] p2a: Zangoose\n|faint|p1a: Espeon\n|\n|-weather|RainDance|[upkeep]\n|-status|p2a: Zangoose|tox|[from] item: Toxic Orb\n|upkeep\n|inactive|SuchPuma has 120 seconds left.\n|\n|t:|1781393971\n|switch|p1a: Calyrex|Calyrex, L93|337/337\n|-ability|p1a: Calyrex|Unnerve\n|turn|8\n|\n|t:|1781393978\n|move|p1a: Calyrex|Giga Drain|p2a: Zangoose\n|-damage|p2a: Zangoose|0 fnt\n|faint|p2a: Zangoose\n|\n|-weather|RainDance|[upkeep]\n|upkeep\n|\n|t:|1781393985\n|switch|p2a: Cacturne|Cacturne, L92, F|278/278\n|-activate|p2a: Cacturne|move: Sticky Web\n|-unboost|p2a: Cacturne|spe|1\n|turn|9\n|\n|t:|1781393995\n|move|p1a: Calyrex|Body Press|p2a: Cacturne\n|-supereffective|p2a: Cacturne\n|-damage|p2a: Cacturne|130/278\n|move|p2a: Cacturne|Swords Dance|p2a: Cacturne\n|-boost|p2a: Cacturne|atk|2\n|\n|-weather|RainDance|[upkeep]\n|upkeep\n|turn|10\n|\n|t:|1781394009\n|move|p2a: Cacturne|Sucker Punch|p1a: Calyrex\n|-supereffective|p1a: Calyrex\n|-damage|p1a: Calyrex|0 fnt\n|faint|p1a: Calyrex\n|-damage|p2a: Cacturne|103/278|[from] item: Life Orb\n|\n|-weather|none\n|upkeep\n|\n|t:|1781394015\n|switch|p1a: Reshiram|Reshiram, L76|277/277\n|-ability|p1a: Reshiram|Turboblaze\n|turn|11\n|\n|t:|1781394026\n|move|p1a: Reshiram|Blue Flare|p2a: Cacturne\n|-supereffective|p2a: Cacturne\n|-damage|p2a: Cacturne|0 fnt\n|faint|p2a: Cacturne\n|\n|upkeep\n|\n|t:|1781394034\n|switch|p2a: Iron Thorns|Iron Thorns, L83|302/302\n|-activate|p2a: Iron Thorns|move: Sticky Web\n|-unboost|p2a: Iron Thorns|spe|1\n|-enditem|p2a: Iron Thorns|Booster Energy\n|-activate|p2a: Iron Thorns|ability: Quark Drive|[fromitem]\n|-start|p2a: Iron Thorns|quarkdriveatk\n|turn|12\n|\n|t:|1781394045\n|move|p1a: Reshiram|Earth Power|p2a: Iron Thorns\n|-supereffective|p2a: Iron Thorns\n|-damage|p2a: Iron Thorns|0 fnt\n|faint|p2a: Iron Thorns\n|-end|p2a: Iron Thorns|Quark Drive|[silent]\n|\n|upkeep\n|\n|t:|1781394048\n|switch|p2a: Staraptor|Staraptor, L79, F|263/263\n|turn|13\n|\n|t:|1781394074\n|move|p2a: Staraptor|Brave Bird|p1a: Reshiram\n|-damage|p1a: Reshiram|22/277\n|-damage|p2a: Staraptor|179/263|[from] Recoil\n|move|p1a: Reshiram|Blue Flare|p2a: Staraptor|[miss]\n|-miss|p1a: Reshiram|p2a: Staraptor\n|\n|upkeep\n|turn|14\n|c|\u260654hu1k|Ggwp\n|\n|t:|1781394086\n|move|p2a: Staraptor|Brave Bird|p1a: Reshiram\n|-damage|p1a: Reshiram|0 fnt\n|faint|p1a: Reshiram\n|-damage|p2a: Staraptor|172/263|[from] Recoil\n|\n|win|54hu1k\n|raw|SuchPuma's rating: 1119 &rarr; <strong>1093</strong><br />(-26 for losing)\n|raw|54hu1k's rating: 1105 &rarr; <strong>1131</strong><br />(+26 for winning)\n", "uploadtime": 1781394093, "views": 3, "formatid": "gen9randombattle", "rating": 1093, "private": 0, "password": null}