{"id": "gen9randombattle-2631944761", "format": "[Gen 9] Random Battle", "players": ["schleeby", "zegaaagalaaa"], "log": "|j|\u2606schleeby\n|j|\u2606zegaaagalaaa\n|t:|1781458449\n|gametype|singles\n|player|p1|schleeby|rosa|2012\n|player|p2|zegaaagalaaa|266|2083\n|gen|9\n|tier|[Gen 9] Random Battle\n|rated|\n|rule|Species Clause: Limit one of each Pok\u00e9mon\n|rule|HP Percentage Mod: HP is shown in percentages\n|rule|Sleep Clause Mod: Limit one foe put to sleep\n|rule|Illusion Level Mod: Illusion disguises the Pok\u00e9mon's true level\n|\n|t:|1781458449\n|teamsize|p1|6\n|teamsize|p2|6\n|start\n|switch|p1a: Slither Wing|Slither Wing, L81|270/270\n|switch|p2a: Delibird|Delibird, F|252/252\n|turn|1\n|inactive|Battle timer is ON: inactive players will automatically lose when time's up. (requested by zegaaagalaaa)\n|\n|t:|1781458458\n|move|p1a: Slither Wing|Flare Blitz|p2a: Delibird\n|-supereffective|p2a: Delibird\n|-damage|p2a: Delibird|0 fnt\n|faint|p2a: Delibird\n|-damage|p1a: Slither Wing|187/270|[from] Recoil\n|\n|upkeep\n|\n|t:|1781458468\n|switch|p2a: Sudowoodo|Sudowoodo, L94, M|284/284\n|turn|2\n|\n|t:|1781458480\n|-end|p1a: Slither Wing|Protosynthesis|[silent]\n|switch|p1a: Milotic|Milotic, L83, F|293/293\n|move|p2a: Sudowoodo|Head Smash|p1a: Milotic|[miss]\n|-miss|p2a: Sudowoodo|p1a: Milotic\n|\n|upkeep\n|turn|3\n|\n|t:|1781458505\n|switch|p2a: Mismagius|Mismagius, L86, M|243/243\n|move|p1a: Milotic|Scald|p2a: Mismagius\n|-damage|p2a: Mismagius|165/243\n|\n|-heal|p2a: Mismagius|180/243|[from] item: Leftovers\n|upkeep\n|turn|4\n|\n|t:|1781458522\n|move|p2a: Mismagius|Nasty Plot|p2a: Mismagius\n|-boost|p2a: Mismagius|spa|2\n|move|p1a: Milotic|Dragon Tail|p2a: Mismagius\n|-damage|p2a: Mismagius|143/243\n|drag|p2a: Mewtwo|Mewtwo, L72|272/272\n|-ability|p2a: Mewtwo|Unnerve\n|\n|upkeep\n|turn|5\n|\n|t:|1781458533\n|switch|p1a: Tyranitar|Tyranitar, L78, F|284/284\n|-weather|Sandstorm|[from] ability: Sand Stream|[of] p1a: Tyranitar\n|move|p2a: Mewtwo|Psystrike|p1a: Tyranitar\n|-immune|p1a: Tyranitar\n|\n|-weather|Sandstorm|[upkeep]\n|-damage|p2a: Mewtwo|255/272|[from] Sandstorm\n|upkeep\n|turn|6\n|inactive|zegaaagalaaa has 120 seconds left.\n|-message|zegaaagalaaa forfeited.\n|\n|win|schleeby\n", "uploadtime": 1781458450, "views": 3, "formatid": "gen9randombattle", "rating": null, "private": 0, "password": null}