{"id": "gen9randombattle-2631622913", "format": "[Gen 9] Random Battle", "players": ["Ara Ara Armin", "Ascent-SG"], "log": "|j|\u2606Ara Ara Armin\n|j|\u2606Ascent-SG\n|t:|1781410407\n|gametype|singles\n|player|p1|Ara Ara Armin|102|1991\n|player|p2|Ascent-SG|lucas|1961\n|gen|9\n|tier|[Gen 9] Random Battle\n|rated|\n|rule|Species Clause: Limit one of each Pok\u00e9mon\n|rule|HP Percentage Mod: HP is shown in percentages\n|rule|Sleep Clause Mod: Limit one foe put to sleep\n|rule|Illusion Level Mod: Illusion disguises the Pok\u00e9mon's true level\n|\n|t:|1781410407\n|teamsize|p1|6\n|teamsize|p2|6\n|start\n|switch|p1a: Donphan|Donphan, L84, F|288/288\n|switch|p2a: Girafarig|Girafarig, L89, F|269/269\n|turn|1\n|inactive|Battle timer is ON: inactive players will automatically lose when time's up. (requested by Ara Ara Armin)\n|\n|t:|1781410413\n|move|p2a: Girafarig|Nasty Plot|p2a: Girafarig\n|-boost|p2a: Girafarig|spa|2\n|move|p1a: Donphan|Stealth Rock|p2a: Girafarig\n|-sidestart|p2: Ascent-SG|move: Stealth Rock\n|\n|upkeep\n|turn|2\n|\n|t:|1781410419\n|move|p2a: Girafarig|Hyper Voice|p1a: Donphan\n|-damage|p1a: Donphan|9/288\n|move|p1a: Donphan|Earthquake|p2a: Girafarig\n|-damage|p2a: Girafarig|163/269\n|\n|-heal|p1a: Donphan|27/288|[from] item: Leftovers\n|upkeep\n|turn|3\n|\n|t:|1781410426\n|move|p2a: Girafarig|Psyshock|p1a: Donphan\n|-damage|p1a: Donphan|0 fnt\n|faint|p1a: Donphan\n|\n|upkeep\n|\n|t:|1781410435\n|switch|p1a: Deoxys|Deoxys-Attack, L72|191/191\n|-ability|p1a: Deoxys|Pressure\n|turn|4\n|\n|t:|1781410442\n|move|p1a: Deoxys|Knock Off|p2a: Girafarig\n|-supereffective|p2a: Girafarig\n|-damage|p2a: Girafarig|0 fnt\n|-enditem|p2a: Girafarig|Eviolite|[from] move: Knock Off|[of] p1a: Deoxys\n|faint|p2a: Girafarig\n|-damage|p1a: Deoxys|172/191|[from] item: Life Orb\n|\n|upkeep\n|\n|t:|1781410451\n|switch|p2a: Spidops|Spidops, L96, F|271/271\n|turn|5\n|\n|t:|1781410462\n|switch|p1a: Pelipper|Pelipper, L86, F|243/243\n|-weather|RainDance|[from] ability: Drizzle|[of] p1a: Pelipper\n|move|p2a: Spidops|Sticky Web|p1a: Pelipper\n|-sidestart|p1: Ara Ara Armin|move: Sticky Web\n|\n|-weather|RainDance|[upkeep]\n|upkeep\n|turn|6\n|\n|t:|1781410469\n|switch|p2a: Hypno|Hypno, L95, M|315/315\n|-damage|p2a: Hypno|276/315|[from] Stealth Rock\n|move|p1a: Pelipper|Hurricane|p2a: Hypno\n|-damage|p2a: Hypno|147/315\n|\n|-weather|RainDance|[upkeep]\n|-heal|p2a: Hypno|166/315|[from] item: Leftovers\n|upkeep\n|turn|7\n|\n|t:|1781410479\n|move|p2a: Hypno|Psychic Noise|p1a: Pelipper\n|-damage|p1a: Pelipper|138/243\n|-start|p1a: Pelipper|move: Heal Block\n|move|p1a: Pelipper|Hurricane|p2a: Hypno\n|-damage|p2a: Hypno|48/315\n|-start|p2a: Hypno|confusion\n|\n|-weather|RainDance|[upkeep]\n|-heal|p2a: Hypno|67/315|[from] item: Leftovers\n|upkeep\n|turn|8\n|\n|t:|1781410487\n|-activate|p2a: Hypno|confusion\n|-damage|p2a: Hypno|33/315|[from] confusion\n|move|p1a: Pelipper|Hurricane|p2a: Hypno\n|-damage|p2a: Hypno|0 fnt\n|faint|p2a: Hypno\n|\n|-weather|RainDance|[upkeep]\n|-end|p1a: Pelipper|move: Heal Block\n|upkeep\n|inactive|Ascent-SG has 120 seconds left.\n|\n|t:|1781410517\n|switch|p2a: Houndstone|Houndstone, L86, F|264/264\n|-damage|p2a: Houndstone|231/264|[from] Stealth Rock\n|turn|9\n|\n|t:|1781410539\n|switch|p1a: Zapdos|Zapdos-Galar, L77|265/265\n|move|p2a: Houndstone|Poltergeist|p1a: Zapdos\n|-activate|p1a: Zapdos|move: Poltergeist|Choice Band\n|-damage|p1a: Zapdos|139/265\n|\n|-weather|none\n|-heal|p2a: Houndstone|247/264|[from] item: Leftovers\n|upkeep\n|turn|10\n|\n|t:|1781410547\n|move|p1a: Zapdos|Knock Off|p2a: Houndstone\n|-supereffective|p2a: Houndstone\n|-crit|p2a: Houndstone\n|-damage|p2a: Houndstone|115/264\n|-enditem|p2a: Houndstone|Leftovers|[from] move: Knock Off|[of] p1a: Zapdos\n|move|p2a: Houndstone|Poltergeist|p1a: Zapdos\n|-activate|p1a: Zapdos|move: Poltergeist|Choice Band\n|-damage|p1a: Zapdos|6/265\n|\n|upkeep\n|turn|11\n|\n|t:|1781410561\n|move|p1a: Zapdos|Knock Off|p2a: Houndstone\n|-supereffective|p2a: Houndstone\n|-damage|p2a: Houndstone|57/264\n|move|p2a: Houndstone|Rest|p2a: Houndstone\n|-status|p2a: Houndstone|slp|[from] move: Rest\n|-heal|p2a: Houndstone|264/264 slp|[silent]\n|\n|upkeep\n|turn|12\n|\n|t:|1781410568\n|switch|p1a: Pelipper|Pelipper, L86, F|138/243\n|-weather|RainDance|[from] ability: Drizzle|[of] p1a: Pelipper\n|cant|p2a: Houndstone|slp\n|move|p2a: Houndstone|Sleep Talk|p2a: Houndstone\n|move|p2a: Houndstone|Body Press|p1a: Pelipper|[from] move: Sleep Talk\n|-resisted|p1a: Pelipper\n|-crit|p1a: Pelipper\n|-damage|p1a: Pelipper|98/243\n|\n|-weather|RainDance|[upkeep]\n|upkeep\n|turn|13\n|\n|t:|1781410579\n|cant|p2a: Houndstone|slp\n|move|p2a: Houndstone|Sleep Talk|p2a: Houndstone\n|move|p2a: Houndstone|Poltergeist|p1a: Pelipper|[from] move: Sleep Talk\n|-activate|p1a: Pelipper|move: Poltergeist|Choice Specs\n|-damage|p1a: Pelipper|0 fnt\n|faint|p1a: Pelipper\n|\n|-weather|RainDance|[upkeep]\n|upkeep\n|\n|t:|1781410590\n|switch|p1a: Deoxys|Deoxys-Attack, L72|172/191\n|-activate|p1a: Deoxys|move: Sticky Web\n|-unboost|p1a: Deoxys|spe|1\n|-ability|p1a: Deoxys|Pressure\n|turn|14\n|\n|t:|1781410599\n|move|p1a: Deoxys|Psycho Boost|p2a: Houndstone\n|-damage|p2a: Houndstone|60/264 slp\n|-unboost|p1a: Deoxys|spa|2\n|-damage|p1a: Deoxys|153/191|[from] item: Life Orb\n|-curestatus|p2a: Houndstone|slp|[msg]\n|move|p2a: Houndstone|Poltergeist|p1a: Deoxys\n|-activate|p1a: Deoxys|move: Poltergeist|Life Orb\n|-supereffective|p1a: Deoxys\n|-damage|p1a: Deoxys|0 fnt\n|faint|p1a: Deoxys\n|\n|-weather|RainDance|[upkeep]\n|upkeep\n|\n|t:|1781410603\n|switch|p1a: Zapdos|Zapdos-Galar, L77|6/265\n|turn|15\n|\n|t:|1781410628\n|move|p1a: Zapdos|Knock Off|p2a: Houndstone\n|-supereffective|p2a: Houndstone\n|-damage|p2a: Houndstone|3/264\n|move|p2a: Houndstone|Poltergeist|p1a: Zapdos\n|-activate|p1a: Zapdos|move: Poltergeist|Choice Band\n|-damage|p1a: Zapdos|0 fnt\n|faint|p1a: Zapdos\n|\n|-weather|RainDance|[upkeep]\n|upkeep\n|c|\u2606Ascent-SG|LOL\n|\n|t:|1781410636\n|switch|p1a: Eternatus|Eternatus, L69|308/308\n|-activate|p1a: Eternatus|move: Sticky Web\n|-unboost|p1a: Eternatus|spe|1\n|-ability|p1a: Eternatus|Pressure\n|turn|16\n|\n|t:|1781410643\n|move|p2a: Houndstone|Rest|p2a: Houndstone\n|-status|p2a: Houndstone|slp|[from] move: Rest\n|-heal|p2a: Houndstone|264/264 slp|[silent]\n|move|p1a: Eternatus|Dynamax Cannon|p2a: Houndstone\n|-damage|p2a: Houndstone|177/264 slp\n|\n|-weather|none\n|upkeep\n|turn|17\n|\n|t:|1781410650\n|cant|p2a: Houndstone|slp\n|move|p2a: Houndstone|Sleep Talk|p2a: Houndstone\n|move|p2a: Houndstone|Poltergeist|p1a: Eternatus|[from] move: Sleep Talk|[miss]\n|-miss|p2a: Houndstone|p1a: Eternatus\n|move|p1a: Eternatus|Fire Blast|p2a: Houndstone\n|-crit|p2a: Houndstone\n|-damage|p2a: Houndstone|0 fnt\n|faint|p2a: Houndstone\n|\n|upkeep\n|c|\u2606Ascent-SG|NOO\n|inactive|Ascent-SG has 120 seconds left.\n|inactive|Ascent-SG has 90 seconds left.\n|inactive|Ascent-SG has 60 seconds left.\n|\n|t:|1781410740\n|switch|p2a: Greninja|Greninja, L80, M|246/246\n|-damage|p2a: Greninja|216/246|[from] Stealth Rock\n|turn|18\n|inactive|Ascent-SG has 60 seconds left.\n|\n|t:|1781410759\n|move|p2a: Greninja|Gunk Shot|p1a: Eternatus|[miss]\n|-start|p2a: Greninja|typechange|Poison|[from] ability: Protean\n|-miss|p2a: Greninja|p1a: Eternatus\n|move|p1a: Eternatus|Dynamax Cannon|p2a: Greninja\n|-damage|p2a: Greninja|102/246\n|\n|upkeep\n|turn|19\n|\n|t:|1781410768\n|move|p2a: Greninja|Gunk Shot|p1a: Eternatus\n|-resisted|p1a: Eternatus\n|-crit|p1a: Eternatus\n|-damage|p1a: Eternatus|175/308\n|-damage|p2a: Greninja|78/246|[from] item: Life Orb\n|move|p1a: Eternatus|Dynamax Cannon|p2a: Greninja\n|-damage|p2a: Greninja|0 fnt\n|faint|p2a: Greninja\n|\n|-heal|p1a: Eternatus|194/308|[from] item: Leftovers\n|upkeep\n|inactive|Ascent-SG has 60 seconds left.\n|\n|t:|1781410778\n|switch|p2a: Spidops|Spidops, L96, F|271/271\n|turn|20\n|inactive|Ascent-SG has 60 seconds left.\n|inactive|Ara Ara Armin has 120 seconds left.\n|\n|t:|1781410831\n|move|p1a: Eternatus|Fire Blast|p2a: Spidops\n|-supereffective|p2a: Spidops\n|-damage|p2a: Spidops|143/271\n|move|p2a: Spidops|Circle Throw|p1a: Eternatus\n|-resisted|p1a: Eternatus\n|-damage|p1a: Eternatus|165/308\n|drag|p1a: Sandslash|Sandslash-Alola, L88, F|275/275\n|-activate|p1a: Sandslash|move: Sticky Web\n|-unboost|p1a: Sandslash|spe|1\n|\n|upkeep\n|turn|21\n|inactive|Ascent-SG has 60 seconds left.\n|\n|t:|1781410846\n|move|p1a: Sandslash|Triple Axel|p2a: Spidops\n|-damage|p2a: Spidops|116/271\n|-damage|p2a: Spidops|60/271\n|-damage|p2a: Spidops|0 fnt\n|faint|p2a: Spidops\n|-hitcount|p2: Spidops|3\n|-damage|p1a: Sandslash|248/275|[from] item: Life Orb\n|\n|upkeep\n|inactive|Ascent-SG has 60 seconds left.\n|\n|t:|1781410851\n|switch|p2a: Skarmory|Skarmory, L80, M|235/235\n|-damage|p2a: Skarmory|206/235|[from] Stealth Rock\n|turn|22\n|inactive|Ara Ara Armin has 90 seconds left.\n|inactive|Ara Ara Armin has 60 seconds left.\n|\n|t:|1781410908\n|-terastallize|p1a: Sandslash|Ground\n|move|p2a: Skarmory|Stealth Rock|p1a: Sandslash\n|-sidestart|p1: Ara Ara Armin|move: Stealth Rock\n|move|p1a: Sandslash|Knock Off|p2a: Skarmory\n|-damage|p2a: Skarmory|131/235\n|-damage|p1a: Sandslash|203/275|[from] item: Rocky Helmet|[of] p2a: Skarmory\n|-enditem|p2a: Skarmory|Rocky Helmet|[from] move: Knock Off|[of] p1a: Sandslash\n|-damage|p1a: Sandslash|176/275|[from] item: Life Orb\n|\n|upkeep\n|turn|23\n|inactive|Ara Ara Armin has 60 seconds left.\n|\n|t:|1781410920\n|move|p2a: Skarmory|Roost|p2a: Skarmory\n|-heal|p2a: Skarmory|235/235\n|-singleturn|p2a: Skarmory|move: Roost\n|move|p1a: Sandslash|Swords Dance|p1a: Sandslash\n|-boost|p1a: Sandslash|atk|2\n|\n|upkeep\n|turn|24\n|\n|t:|1781410929\n|move|p2a: Skarmory|Spikes|p1a: Sandslash\n|-sidestart|p1: Ara Ara Armin|Spikes\n|move|p1a: Sandslash|Triple Axel|p2a: Skarmory\n|-damage|p2a: Skarmory|192/235\n|-damage|p2a: Skarmory|105/235\n|-damage|p2a: Skarmory|0 fnt\n|faint|p2a: Skarmory\n|-hitcount|p2: Skarmory|3\n|-damage|p1a: Sandslash|149/275|[from] item: Life Orb\n|\n|win|Ara Ara Armin\n|raw|Ara Ara Armin's rating: 1991 &rarr; <strong>2009</strong><br />(+18 for winning)\n|raw|Ascent-SG's rating: 1961 &rarr; <strong>1943</strong><br />(-18 for losing)\n", "uploadtime": 1781410409, "views": 3, "formatid": "gen9randombattle", "rating": 1943, "private": 0, "password": null}