{"id": "gen9randombattle-2631386575", "format": "[Gen 9] Random Battle", "players": ["ejorange", "BluEmil2"], "log": "|j|\u2606ejorange\n|j|\u2606BluEmil2\n|t:|1781378554\n|gametype|singles\n|player|p1|ejorange|scientist-gen4dp|1902\n|player|p2|BluEmil2|cynthia-masters3|1903\n|gen|9\n|tier|[Gen 9] Random Battle\n|rated|\n|rule|Species Clause: Limit one of each Pok\u00e9mon\n|rule|HP Percentage Mod: HP is shown in percentages\n|rule|Sleep Clause Mod: Limit one foe put to sleep\n|rule|Illusion Level Mod: Illusion disguises the Pok\u00e9mon's true level\n|\n|t:|1781378554\n|teamsize|p1|6\n|teamsize|p2|6\n|start\n|switch|p1a: Falinks|Falinks, L84|246/246\n|switch|p2a: Oricorio|Oricorio, L84, F|263/263\n|turn|1\n|\n|t:|1781378564\n|switch|p1a: Swampert|Swampert, L83, F|302/302\n|move|p2a: Oricorio|Quiver Dance|p2a: Oricorio\n|-boost|p2a: Oricorio|spa|1\n|-boost|p2a: Oricorio|spd|1\n|-boost|p2a: Oricorio|spe|1\n|\n|upkeep\n|turn|2\n|\n|t:|1781378572\n|move|p2a: Oricorio|Hurricane|p1a: Swampert\n|-damage|p1a: Swampert|116/302\n|-start|p1a: Swampert|confusion\n|-activate|p1a: Swampert|confusion\n|move|p1a: Swampert|Yawn|p2a: Oricorio\n|-start|p2a: Oricorio|move: Yawn|[of] p1a: Swampert\n|\n|-heal|p1a: Swampert|134/302|[from] item: Leftovers\n|upkeep\n|turn|3\n|inactive|Battle timer is ON: inactive players will automatically lose when time's up. (requested by ejorange)\n|\n|t:|1781378588\n|switch|p2a: Cramorant|Cramorant, L86, M|261/261\n|-end|p1a: Swampert|confusion\n|move|p1a: Swampert|Stealth Rock|p2a: Cramorant\n|-sidestart|p2: BluEmil2|move: Stealth Rock\n|\n|-heal|p1a: Swampert|152/302|[from] item: Leftovers\n|upkeep\n|turn|4\n|\n|t:|1781378600\n|move|p2a: Cramorant|Surf|p1a: Swampert\n|-formechange|p2a: Cramorant|Cramorant-Gulping|\n|-damage|p1a: Swampert|59/302\n|move|p1a: Swampert|Flip Turn|p2a: Cramorant\n|-resisted|p2a: Cramorant\n|-damage|p2a: Cramorant|189/261\n|-damage|p1a: Swampert|0 fnt|[from] ability: Gulp Missile|[of] p2a: Cramorant\n|-formechange|p2a: Cramorant|Cramorant|\n|faint|p1a: Swampert\n|\n|upkeep\n|\n|t:|1781378615\n|switch|p1a: Munkidori|Munkidori, L79, M|269/269\n|turn|5\n|\n|t:|1781378635\n|move|p1a: Munkidori|Psyshock|p2a: Cramorant\n|-damage|p2a: Cramorant|2/261\n|move|p2a: Cramorant|Defog|p1a: Munkidori\n|-unboost|p1a: Munkidori|evasion|1\n|-sideend|p2: BluEmil2|Stealth Rock|[from] move: Defog|[of] p2a: Cramorant\n|\n|upkeep\n|turn|6\n|\n|t:|1781378652\n|switch|p2a: Meloetta|Meloetta, L82|298/298\n|move|p1a: Munkidori|Psyshock|p2a: Meloetta\n|-resisted|p2a: Meloetta\n|-damage|p2a: Meloetta|224/298\n|-status|p2a: Meloetta|tox|[from] ability: Toxic Chain|[of] p1a: Munkidori\n|\n|-damage|p2a: Meloetta|206/298 tox|[from] psn\n|upkeep\n|turn|7\n|\n|t:|1781378662\n|switch|p1a: Smeargle|Smeargle, L95, M|258/258\n|move|p2a: Meloetta|Knock Off|p1a: Smeargle\n|-damage|p1a: Smeargle|136/258\n|-enditem|p1a: Smeargle|Focus Sash|[from] move: Knock Off|[of] p2a: Meloetta\n|-damage|p2a: Meloetta|177/298 tox|[from] item: Life Orb\n|\n|-damage|p2a: Meloetta|141/298 tox|[from] psn\n|upkeep\n|turn|8\n|\n|t:|1781378673\n|move|p1a: Smeargle|Ceaseless Edge|p2a: Meloetta\n|-supereffective|p2a: Meloetta\n|-damage|p2a: Meloetta|89/298 tox\n|-sidestart|p2: BluEmil2|Spikes\n|move|p2a: Meloetta|Close Combat|p1a: Smeargle\n|-supereffective|p1a: Smeargle\n|-damage|p1a: Smeargle|0 fnt\n|-unboost|p2a: Meloetta|def|1\n|-unboost|p2a: Meloetta|spd|1\n|faint|p1a: Smeargle\n|-damage|p2a: Meloetta|60/298 tox|[from] item: Life Orb\n|\n|-damage|p2a: Meloetta|6/298 tox|[from] psn\n|upkeep\n|\n|t:|1781378688\n|switch|p1a: Munkidori|Munkidori, L79, M|269/269\n|turn|9\n|\n|t:|1781378694\n|move|p1a: Munkidori|Psyshock|p2a: Meloetta\n|-resisted|p2a: Meloetta\n|-damage|p2a: Meloetta|0 fnt\n|faint|p2a: Meloetta\n|\n|upkeep\n|\n|t:|1781378718\n|switch|p2a: Ampharos|Ampharos, L88, M|302/302\n|-damage|p2a: Ampharos|265/302|[from] Spikes\n|turn|10\n|\n|t:|1781378722\n|move|p1a: Munkidori|Psyshock|p2a: Ampharos\n|-damage|p2a: Ampharos|127/302\n|move|p2a: Ampharos|Thunderbolt|p1a: Munkidori\n|-damage|p1a: Munkidori|149/269\n|\n|upkeep\n|turn|11\n|\n|t:|1781378733\n|move|p1a: Munkidori|Psyshock|p2a: Ampharos\n|-damage|p2a: Ampharos|0 fnt\n|faint|p2a: Ampharos\n|\n|upkeep\n|\n|t:|1781378741\n|switch|p2a: Necrozma|Necrozma, L80|286/286\n|-damage|p2a: Necrozma|251/286|[from] Spikes\n|turn|12\n|\n|t:|1781378751\n|switch|p1a: Avalugg|Avalugg-Hisui, L90, F|317/317\n|move|p2a: Necrozma|Dragon Dance|p2a: Necrozma\n|-boost|p2a: Necrozma|atk|1\n|-boost|p2a: Necrozma|spe|1\n|\n|upkeep\n|turn|13\n|\n|t:|1781378759\n|move|p2a: Necrozma|Earthquake|p1a: Avalugg\n|-supereffective|p1a: Avalugg\n|-damage|p1a: Avalugg|205/317\n|move|p1a: Avalugg|Avalanche|p2a: Necrozma\n|-damage|p2a: Necrozma|86/286\n|\n|upkeep\n|turn|14\n|\n|t:|1781378771\n|move|p2a: Necrozma|Earthquake|p1a: Avalugg\n|-supereffective|p1a: Avalugg\n|-damage|p1a: Avalugg|91/317\n|move|p1a: Avalugg|Avalanche|p2a: Necrozma\n|-damage|p2a: Necrozma|0 fnt\n|faint|p2a: Necrozma\n|\n|upkeep\n|\n|t:|1781378778\n|switch|p2a: Cramorant|Cramorant, L86, M|2/261\n|turn|15\n|\n|t:|1781378786\n|move|p2a: Cramorant|Roost|p2a: Cramorant\n|-heal|p2a: Cramorant|133/261\n|-singleturn|p2a: Cramorant|move: Roost\n|move|p1a: Avalugg|Body Press|p2a: Cramorant\n|-damage|p2a: Cramorant|0 fnt\n|faint|p2a: Cramorant\n|\n|upkeep\n|\n|t:|1781378798\n|switch|p2a: Gogoat|Gogoat, L88, M|360/360\n|-damage|p2a: Gogoat|315/360|[from] Spikes\n|turn|16\n|\n|t:|1781378805\n|move|p2a: Gogoat|Horn Leech|p1a: Avalugg\n|-supereffective|p1a: Avalugg\n|-damage|p1a: Avalugg|0 fnt\n|-heal|p2a: Gogoat|360/360|[from] drain|[of] p1a: Avalugg\n|faint|p1a: Avalugg\n|\n|upkeep\n|\n|t:|1781378817\n|switch|p1a: Munkidori|Munkidori, L79, M|149/269\n|turn|17\n|\n|t:|1781378825\n|-terastallize|p2a: Gogoat|Water\n|move|p1a: Munkidori|Sludge Wave|p2a: Gogoat\n|-damage|p2a: Gogoat|188/360\n|move|p2a: Gogoat|Bulk Up|p2a: Gogoat\n|-boost|p2a: Gogoat|atk|1\n|-boost|p2a: Gogoat|def|1\n|\n|-heal|p2a: Gogoat|210/360|[from] item: Leftovers\n|upkeep\n|turn|18\n|\n|t:|1781378834\n|move|p1a: Munkidori|Sludge Wave|p2a: Gogoat\n|-damage|p2a: Gogoat|45/360\n|-status|p2a: Gogoat|tox|[from] ability: Toxic Chain|[of] p1a: Munkidori\n|move|p2a: Gogoat|Rock Slide|p1a: Munkidori\n|-damage|p1a: Munkidori|31/269\n|\n|-heal|p2a: Gogoat|67/360 tox|[from] item: Leftovers\n|-damage|p2a: Gogoat|45/360 tox|[from] psn\n|upkeep\n|turn|19\n|\n|t:|1781378848\n|move|p1a: Munkidori|Sludge Wave|p2a: Gogoat\n|-damage|p2a: Gogoat|0 fnt\n|faint|p2a: Gogoat\n|\n|upkeep\n|\n|t:|1781378852\n|switch|p2a: Oricorio|Oricorio, L84, F|263/263\n|turn|20\n|\n|t:|1781378858\n|move|p1a: Munkidori|Sludge Wave|p2a: Oricorio\n|-damage|p2a: Oricorio|56/263\n|move|p2a: Oricorio|Quiver Dance|p2a: Oricorio\n|-boost|p2a: Oricorio|spa|1\n|-boost|p2a: Oricorio|spd|1\n|-boost|p2a: Oricorio|spe|1\n|\n|upkeep\n|turn|21\n|\n|t:|1781378866\n|move|p2a: Oricorio|Revelation Dance|p1a: Munkidori\n|-damage|p1a: Munkidori|0 fnt\n|faint|p1a: Munkidori\n|\n|upkeep\n|\n|t:|1781378875\n|switch|p1a: Falinks|Falinks, L84|246/246\n|turn|22\n|\n|t:|1781378879\n|-terastallize|p1a: Falinks|Steel\n|move|p2a: Oricorio|Roost|p2a: Oricorio\n|-heal|p2a: Oricorio|188/263\n|-singleturn|p2a: Oricorio|move: Roost\n|move|p1a: Falinks|Knock Off|p2a: Oricorio\n|-damage|p2a: Oricorio|87/263\n|-enditem|p2a: Oricorio|Heavy-Duty Boots|[from] move: Knock Off|[of] p1a: Falinks\n|-damage|p1a: Falinks|222/246|[from] item: Life Orb\n|\n|upkeep\n|turn|23\n|\n|t:|1781378891\n|move|p2a: Oricorio|Roost|p2a: Oricorio\n|-heal|p2a: Oricorio|219/263\n|-singleturn|p2a: Oricorio|move: Roost\n|move|p1a: Falinks|Close Combat|p2a: Oricorio\n|-damage|p2a: Oricorio|12/263\n|-unboost|p1a: Falinks|def|1\n|-unboost|p1a: Falinks|spd|1\n|-damage|p1a: Falinks|198/246|[from] item: Life Orb\n|\n|upkeep\n|turn|24\n|\n|t:|1781378901\n|move|p2a: Oricorio|Revelation Dance|p1a: Falinks\n|-supereffective|p1a: Falinks\n|-damage|p1a: Falinks|0 fnt\n|faint|p1a: Falinks\n|\n|upkeep\n|\n|t:|1781378903\n|switch|p1a: Blastoise|Blastoise, L80, F|258/258\n|turn|25\n|\n|t:|1781378911\n|move|p2a: Oricorio|Hurricane|p1a: Blastoise\n|-damage|p1a: Blastoise|84/258\n|move|p1a: Blastoise|Shell Smash|p1a: Blastoise\n|-unboost|p1a: Blastoise|def|1\n|-unboost|p1a: Blastoise|spd|1\n|-boost|p1a: Blastoise|atk|2\n|-boost|p1a: Blastoise|spa|2\n|-boost|p1a: Blastoise|spe|2\n|-enditem|p1a: Blastoise|White Herb\n|-clearnegativeboost|p1a: Blastoise|[silent]\n|\n|upkeep\n|turn|26\n|\n|t:|1781378922\n|move|p1a: Blastoise|Ice Beam|p2a: Oricorio\n|-damage|p2a: Oricorio|0 fnt\n|faint|p2a: Oricorio\n|\n|win|ejorange\n", "uploadtime": 1781378556, "views": 6, "formatid": "gen9randombattle", "rating": null, "private": 0, "password": null}