{"id": "gen9randombattle-2631971012", "format": "[Gen 9] Random Battle", "players": ["pablovr", "Lyfie"], "log": "|j|\u2606pablovr\n|j|\u2606Lyfie\n|t:|1781461303\n|gametype|singles\n|player|p1|pablovr|hiker-gen4|1946\n|player|p2|Lyfie|jasmine|1906\n|gen|9\n|tier|[Gen 9] Random Battle\n|rated|\n|rule|Species Clause: Limit one of each Pok\u00e9mon\n|rule|HP Percentage Mod: HP is shown in percentages\n|rule|Sleep Clause Mod: Limit one foe put to sleep\n|rule|Illusion Level Mod: Illusion disguises the Pok\u00e9mon's true level\n|\n|t:|1781461303\n|teamsize|p1|6\n|teamsize|p2|6\n|start\n|switch|p1a: Tentacruel|Tentacruel, L84, M|272/272\n|switch|p2a: Clawitzer|Clawitzer, L87, F|265/265\n|turn|1\n|\n|t:|1781461313\n|move|p1a: Tentacruel|Sludge Bomb|p2a: Clawitzer\n|-crit|p2a: Clawitzer\n|-damage|p2a: Clawitzer|187/265\n|move|p2a: Clawitzer|U-turn|p1a: Tentacruel\n|-resisted|p1a: Tentacruel\n|-damage|p1a: Tentacruel|246/272\n|\n|t:|1781461322\n|switch|p2a: Swampert|Swampert, L83, F|302/302|[from] U-turn\n|\n|-heal|p1a: Tentacruel|263/272|[from] item: Leftovers\n|upkeep\n|turn|2\n|\n|t:|1781461332\n|move|p1a: Tentacruel|Surf|p2a: Swampert\n|-damage|p2a: Swampert|223/302\n|move|p2a: Swampert|Earthquake|p1a: Tentacruel\n|-supereffective|p1a: Tentacruel\n|-damage|p1a: Tentacruel|0 fnt\n|faint|p1a: Tentacruel\n|\n|-heal|p2a: Swampert|241/302|[from] item: Leftovers\n|upkeep\n|\n|t:|1781461342\n|switch|p1a: Shiftry|Shiftry, L89, F|305/305\n|turn|3\n|\n|t:|1781461351\n|switch|p2a: Vileplume|Vileplume, L85, M|266/266\n|move|p1a: Shiftry|Tailwind|p1a: Shiftry\n|-sidestart|p1: pablovr|move: Tailwind\n|-ability|p1a: Shiftry|Wind Rider|boost\n|-boost|p1a: Shiftry|atk|1\n|\n|upkeep\n|turn|4\n|\n|t:|1781461369\n|move|p1a: Shiftry|Knock Off|p2a: Vileplume\n|-damage|p2a: Vileplume|19/266\n|-enditem|p2a: Vileplume|Leftovers|[from] move: Knock Off|[of] p1a: Shiftry\n|-damage|p1a: Shiftry|275/305|[from] item: Life Orb\n|move|p2a: Vileplume|Sludge Bomb|p1a: Shiftry\n|-supereffective|p1a: Shiftry\n|-damage|p1a: Shiftry|17/305\n|\n|upkeep\n|turn|5\n|\n|t:|1781461392\n|move|p1a: Shiftry|Knock Off|p2a: Vileplume\n|-damage|p2a: Vileplume|0 fnt\n|faint|p2a: Vileplume\n|-damage|p1a: Shiftry|0 fnt|[from] item: Life Orb\n|faint|p1a: Shiftry\n|\n|upkeep\n|\n|t:|1781461411\n|switch|p1a: Froslass|Froslass, L87, F|263/263\n|switch|p2a: Clawitzer|Clawitzer, L87, F|187/265\n|turn|6\n|\n|t:|1781461422\n|move|p1a: Froslass|Poltergeist|p2a: Clawitzer\n|-activate|p2a: Clawitzer|move: Poltergeist|Assault Vest\n|-damage|p2a: Clawitzer|88/265\n|move|p2a: Clawitzer|Water Pulse|p1a: Froslass\n|-damage|p1a: Froslass|118/263\n|-start|p2a: Clawitzer|Disable|Water Pulse|[from] ability: Cursed Body|[of] p1a: Froslass\n|\n|-sideend|p1: pablovr|move: Tailwind\n|upkeep\n|turn|7\n|\n|t:|1781461432\n|switch|p2a: Blissey|Blissey, L85, F|572/572\n|move|p1a: Froslass|Poltergeist|p2a: Blissey\n|-immune|p2a: Blissey\n|\n|upkeep\n|turn|8\n|\n|t:|1781461439\n|move|p1a: Froslass|Triple Axel|p2a: Blissey\n|-damage|p2a: Blissey|514/572\n|-damage|p2a: Blissey|403/572\n|-damage|p2a: Blissey|238/572\n|-hitcount|p2a: Blissey|3\n|move|p2a: Blissey|Thunder Wave|p1a: Froslass\n|-status|p1a: Froslass|par\n|\n|-heal|p2a: Blissey|273/572|[from] item: Leftovers\n|upkeep\n|turn|9\n|\n|t:|1781461448\n|move|p2a: Blissey|Stealth Rock|p1a: Froslass\n|-sidestart|p1: pablovr|move: Stealth Rock\n|move|p1a: Froslass|Triple Axel|p2a: Blissey\n|-crit|p2a: Blissey\n|-damage|p2a: Blissey|186/572\n|-damage|p2a: Blissey|63/572\n|-crit|p2a: Blissey\n|-damage|p2a: Blissey|0 fnt\n|faint|p2a: Blissey\n|-hitcount|p2: Blissey|3\n|\n|upkeep\n|\n|t:|1781461467\n|switch|p2a: Clawitzer|Clawitzer, L87, F|88/265\n|turn|10\n|\n|t:|1781461474\n|move|p2a: Clawitzer|Water Pulse|p1a: Froslass\n|-damage|p1a: Froslass|0 fnt\n|-start|p2a: Clawitzer|Disable|Water Pulse|[from] ability: Cursed Body|[of] p1a: Froslass\n|faint|p1a: Froslass\n|\n|upkeep\n|\n|t:|1781461488\n|switch|p1a: Infernape|Infernape, L82, F|259/259\n|-damage|p1a: Infernape|227/259|[from] Stealth Rock\n|turn|11\n|\n|t:|1781461497\n|move|p1a: Infernape|Close Combat|p2a: Clawitzer\n|-crit|p2a: Clawitzer\n|-damage|p2a: Clawitzer|0 fnt\n|-unboost|p1a: Infernape|def|1\n|-unboost|p1a: Infernape|spd|1\n|faint|p2a: Clawitzer\n|\n|upkeep\n|\n|t:|1781461506\n|switch|p2a: Houndstone|Houndstone, L86, M|264/264\n|turn|12\n|\n|t:|1781461511\n|switch|p1a: Terrakion|Terrakion, L79|273/273\n|-damage|p1a: Terrakion|256/273|[from] Stealth Rock\n|move|p2a: Houndstone|Poltergeist|p1a: Terrakion\n|-activate|p1a: Terrakion|move: Poltergeist|Choice Band\n|-damage|p1a: Terrakion|118/273\n|\n|upkeep\n|turn|13\n|\n|t:|1781461524\n|move|p1a: Terrakion|Earthquake|p2a: Houndstone\n|-damage|p2a: Houndstone|154/264\n|move|p2a: Houndstone|Poltergeist|p1a: Terrakion\n|-activate|p1a: Terrakion|move: Poltergeist|Choice Band\n|-damage|p1a: Terrakion|0 fnt\n|faint|p1a: Terrakion\n|\n|-heal|p2a: Houndstone|170/264|[from] item: Leftovers\n|upkeep\n|\n|t:|1781461529\n|switch|p1a: Infernape|Infernape, L82, F|227/259\n|-damage|p1a: Infernape|195/259|[from] Stealth Rock\n|turn|14\n|\n|t:|1781461537\n|switch|p2a: Swampert|Swampert, L83, F|241/302\n|move|p1a: Infernape|Close Combat|p2a: Swampert\n|-damage|p2a: Swampert|51/302\n|-unboost|p1a: Infernape|def|1\n|-unboost|p1a: Infernape|spd|1\n|\n|-heal|p2a: Swampert|69/302|[from] item: Leftovers\n|upkeep\n|turn|15\n|\n|t:|1781461547\n|switch|p1a: Lugia|Lugia, L73|275/275\n|switch|p2a: Houndstone|Houndstone, L86, M|170/264\n|\n|-heal|p2a: Houndstone|186/264|[from] item: Leftovers\n|upkeep\n|turn|16\n|\n|t:|1781461558\n|-terastallize|p1a: Lugia|Steel\n|move|p1a: Lugia|Calm Mind|p1a: Lugia\n|-boost|p1a: Lugia|spa|1\n|-boost|p1a: Lugia|spd|1\n|move|p2a: Houndstone|Poltergeist|p1a: Lugia\n|-activate|p1a: Lugia|move: Poltergeist|Heavy-Duty Boots\n|-damage|p1a: Lugia|225/275\n|\n|-heal|p2a: Houndstone|202/264|[from] item: Leftovers\n|upkeep\n|turn|17\n|\n|t:|1781461569\n|move|p1a: Lugia|Aeroblast|p2a: Houndstone\n|-crit|p2a: Houndstone\n|-damage|p2a: Houndstone|36/264\n|move|p2a: Houndstone|Body Press|p1a: Lugia\n|-supereffective|p1a: Lugia\n|-damage|p1a: Lugia|125/275\n|\n|-heal|p2a: Houndstone|52/264|[from] item: Leftovers\n|upkeep\n|turn|18\n|\n|t:|1781461581\n|move|p1a: Lugia|Psychic Noise|p2a: Houndstone\n|-damage|p2a: Houndstone|0 fnt\n|faint|p2a: Houndstone\n|\n|upkeep\n|\n|t:|1781461590\n|switch|p2a: Grafaiai|Grafaiai, L86, M|249/249\n|turn|19\n|\n|t:|1781461615\n|-terastallize|p2a: Grafaiai|Dark\n|move|p2a: Grafaiai|Swords Dance|p2a: Grafaiai\n|-boost|p2a: Grafaiai|atk|2\n|move|p1a: Lugia|Aeroblast|p2a: Grafaiai\n|-crit|p2a: Grafaiai\n|-damage|p2a: Grafaiai|48/249\n|\n|upkeep\n|turn|20\n|\n|t:|1781461624\n|move|p2a: Grafaiai|Low Kick|p1a: Lugia\n|-supereffective|p1a: Lugia\n|-damage|p1a: Lugia|0 fnt\n|faint|p1a: Lugia\n|-damage|p2a: Grafaiai|24/249|[from] item: Life Orb\n|\n|upkeep\n|\n|t:|1781461626\n|switch|p1a: Infernape|Infernape, L82, F|195/259\n|-damage|p1a: Infernape|163/259|[from] Stealth Rock\n|turn|21\n|\n|t:|1781461635\n|move|p1a: Infernape|Mach Punch|p2a: Grafaiai\n|-supereffective|p2a: Grafaiai\n|-damage|p2a: Grafaiai|0 fnt\n|faint|p2a: Grafaiai\n|\n|upkeep\n|\n|t:|1781461639\n|switch|p2a: Swampert|Swampert, L83, F|69/302\n|turn|22\n|\n|t:|1781461642\n|move|p1a: Infernape|Mach Punch|p2a: Swampert\n|-damage|p2a: Swampert|0 fnt\n|faint|p2a: Swampert\n|\n|win|pablovr\n", "uploadtime": 1781461305, "views": 3, "formatid": "gen9randombattle", "rating": null, "private": 0, "password": null}