{"id": "gen9randombattle-2631913504", "format": "[Gen 9] Random Battle", "players": ["CoriNoricen", "DAVH NMX"], "log": "|j|\u2606CoriNoricen\n|j|\u2606DAVH NMX\n|t:|1781455003\n|gametype|singles\n|player|p1|CoriNoricen|ghetsis-gen5bw|1512\n|player|p2|DAVH NMX|veteran|1539\n|gen|9\n|tier|[Gen 9] Random Battle\n|rated|\n|rule|Species Clause: Limit one of each Pok\u00e9mon\n|rule|HP Percentage Mod: HP is shown in percentages\n|rule|Sleep Clause Mod: Limit one foe put to sleep\n|rule|Illusion Level Mod: Illusion disguises the Pok\u00e9mon's true level\n|\n|t:|1781455003\n|teamsize|p1|6\n|teamsize|p2|6\n|start\n|switch|p1a: Polteageist|Polteageist, L78|222/222\n|switch|p2a: Dondozo|Dondozo, L78, M|362/362\n|turn|1\n|inactive|Battle timer is ON: inactive players will automatically lose when time's up. (requested by DAVH NMX)\n|\n|t:|1781455010\n|move|p1a: Polteageist|Shell Smash|p1a: Polteageist\n|-unboost|p1a: Polteageist|def|1\n|-unboost|p1a: Polteageist|spd|1\n|-boost|p1a: Polteageist|atk|2\n|-boost|p1a: Polteageist|spa|2\n|-boost|p1a: Polteageist|spe|2\n|-enditem|p1a: Polteageist|White Herb\n|-clearnegativeboost|p1a: Polteageist|[silent]\n|move|p2a: Dondozo|Wave Crash|p1a: Polteageist\n|-damage|p1a: Polteageist|71/222\n|-start|p2a: Dondozo|Disable|Wave Crash|[from] ability: Cursed Body|[of] p1a: Polteageist\n|-damage|p2a: Dondozo|312/362|[from] Recoil\n|\n|-heal|p2a: Dondozo|334/362|[from] item: Leftovers\n|upkeep\n|turn|2\n|\n|t:|1781455027\n|switch|p2a: Mimikyu|Mimikyu, L79, F|216/216\n|move|p1a: Polteageist|Stored Power|p2a: Mimikyu\n|-activate|p2a: Mimikyu|ability: Disguise\n|-damage|p2a: Mimikyu|216/216\n|detailschange|p2a: Mimikyu|Mimikyu-Busted, L79, F\n|-damage|p2a: Mimikyu|189/216|[from] pokemon: Mimikyu-Busted\n|\n|upkeep\n|turn|3\n|\n|t:|1781455039\n|-terastallize|p1a: Polteageist|Fighting\n|move|p2a: Mimikyu|Shadow Sneak|p1a: Polteageist\n|-damage|p1a: Polteageist|7/222\n|-damage|p2a: Mimikyu|168/216|[from] item: Life Orb\n|move|p1a: Polteageist|Shadow Ball|p2a: Mimikyu\n|-supereffective|p2a: Mimikyu\n|-damage|p2a: Mimikyu|0 fnt\n|faint|p2a: Mimikyu\n|\n|upkeep\n|\n|t:|1781455058\n|switch|p2a: Braviary|Braviary-Hisui, L85, M|326/326\n|turn|4\n|\n|t:|1781455065\n|move|p2a: Braviary|Vacuum Wave|p1a: Polteageist\n|-damage|p1a: Polteageist|0 fnt\n|faint|p1a: Polteageist\n|\n|upkeep\n|\n|t:|1781455082\n|switch|p1a: Muk|Muk-Alola, L82, F|306/306\n|turn|5\n|\n|t:|1781455088\n|switch|p2a: Dondozo|Dondozo, L78, M|334/362\n|move|p1a: Muk|Knock Off|p2a: Dondozo\n|-damage|p2a: Dondozo|249/362\n|-status|p2a: Dondozo|psn|[from] ability: Poison Touch|[of] p1a: Muk\n|-enditem|p2a: Dondozo|Leftovers|[from] move: Knock Off|[of] p1a: Muk\n|\n|-damage|p2a: Dondozo|204/362 psn|[from] psn\n|upkeep\n|turn|6\n|inactive|DAVH NMX has 120 seconds left.\n|\n|t:|1781455124\n|switch|p1a: Leavanny|Leavanny, L86, F|269/269\n|move|p2a: Dondozo|Curse|p2a: Dondozo\n|-unboost|p2a: Dondozo|spe|1\n|-boost|p2a: Dondozo|atk|1\n|-boost|p2a: Dondozo|def|1\n|\n|-damage|p2a: Dondozo|159/362 psn|[from] psn\n|upkeep\n|turn|7\n|\n|t:|1781455133\n|move|p1a: Leavanny|Sticky Web|p2a: Dondozo\n|-sidestart|p2: DAVH NMX|move: Sticky Web\n|move|p2a: Dondozo|Rest|p2a: Dondozo\n|-status|p2a: Dondozo|slp|[from] move: Rest\n|-heal|p2a: Dondozo|362/362 slp|[silent]\n|\n|upkeep\n|turn|8\n|\n|t:|1781455144\n|move|p1a: Leavanny|Leaf Blade|p2a: Dondozo\n|-supereffective|p2a: Dondozo\n|-damage|p2a: Dondozo|234/362 slp\n|cant|p2a: Dondozo|slp\n|move|p2a: Dondozo|Sleep Talk|p2a: Dondozo\n|move|p2a: Dondozo|Rest||[from] move: Sleep Talk|[still]\n|-fail|p2a: Dondozo\n|\n|upkeep\n|turn|9\n|\n|t:|1781455157\n|switch|p2a: Zapdos|Zapdos, L78|268/268\n|move|p1a: Leavanny|Lunge|p2a: Zapdos\n|-resisted|p2a: Zapdos\n|-damage|p2a: Zapdos|220/268\n|-unboost|p2a: Zapdos|atk|1\n|\n|upkeep\n|turn|10\n|\n|t:|1781455168\n|switch|p1a: Groudon|Groudon, L72|263/263\n|-weather|SunnyDay|[from] ability: Drought|[of] p1a: Groudon\n|move|p2a: Zapdos|U-turn|p1a: Groudon\n|-damage|p1a: Groudon|238/263\n|\n|t:|1781455177\n|switch|p2a: Smeargle|Smeargle, L95, F|258/258|[from] U-turn\n|-activate|p2a: Smeargle|move: Sticky Web\n|-unboost|p2a: Smeargle|spe|1\n|\n|-weather|SunnyDay|[upkeep]\n|-heal|p1a: Groudon|254/263|[from] item: Leftovers\n|upkeep\n|turn|11\n|\n|t:|1781455187\n|move|p1a: Groudon|Will-O-Wisp|p2a: Smeargle\n|-status|p2a: Smeargle|brn\n|move|p2a: Smeargle|Spore|p1a: Groudon\n|-status|p1a: Groudon|slp|[from] move: Spore\n|\n|-weather|SunnyDay|[upkeep]\n|-heal|p1a: Groudon|263/263 slp|[from] item: Leftovers\n|-damage|p2a: Smeargle|242/258 brn|[from] brn\n|upkeep\n|turn|12\n|\n|t:|1781455200\n|switch|p1a: Muk|Muk-Alola, L82, F|306/306\n|move|p2a: Smeargle|Sticky Web|p1a: Muk\n|-sidestart|p1: CoriNoricen|move: Sticky Web\n|\n|-weather|SunnyDay|[upkeep]\n|-damage|p2a: Smeargle|226/258 brn|[from] brn\n|upkeep\n|turn|13\n|\n|t:|1781455220\n|move|p2a: Smeargle|Stealth Rock|p1a: Muk\n|-sidestart|p1: CoriNoricen|move: Stealth Rock\n|move|p1a: Muk|Knock Off|p2a: Smeargle\n|-damage|p2a: Smeargle|67/258 brn\n|-enditem|p2a: Smeargle|Focus Sash|[from] move: Knock Off|[of] p1a: Muk\n|\n|-weather|SunnyDay|[upkeep]\n|-damage|p2a: Smeargle|51/258 brn|[from] brn\n|upkeep\n|turn|14\n|\n|t:|1781455230\n|move|p2a: Smeargle|Ceaseless Edge|p1a: Muk\n|-resisted|p1a: Muk\n|-damage|p1a: Muk|300/306\n|-sidestart|p1: CoriNoricen|Spikes\n|move|p1a: Muk|Gunk Shot|p2a: Smeargle\n|-damage|p2a: Smeargle|0 fnt\n|faint|p2a: Smeargle\n|\n|-weather|none\n|upkeep\n|\n|t:|1781455236\n|switch|p2a: Dondozo|Dondozo, L78, M|234/362 slp\n|-activate|p2a: Dondozo|move: Sticky Web\n|-unboost|p2a: Dondozo|spe|1\n|turn|15\n|\n|t:|1781455245\n|move|p1a: Muk|Gunk Shot|p2a: Dondozo\n|-damage|p2a: Dondozo|126/362 slp\n|cant|p2a: Dondozo|slp\n|move|p2a: Dondozo|Sleep Talk|p2a: Dondozo\n|move|p2a: Dondozo|Rest||[from] move: Sleep Talk|[still]\n|-fail|p2a: Dondozo\n|\n|upkeep\n|turn|16\n|\n|t:|1781455255\n|move|p1a: Muk|Gunk Shot|p2a: Dondozo|[miss]\n|-miss|p1a: Muk|p2a: Dondozo\n|-curestatus|p2a: Dondozo|slp|[msg]\n|move|p2a: Dondozo|Rest|p2a: Dondozo\n|-status|p2a: Dondozo|slp|[from] move: Rest\n|-heal|p2a: Dondozo|362/362 slp|[silent]\n|\n|upkeep\n|turn|17\n|\n|t:|1781455258\n|move|p1a: Muk|Gunk Shot|p2a: Dondozo\n|-damage|p2a: Dondozo|257/362 slp\n|cant|p2a: Dondozo|slp\n|move|p2a: Dondozo|Sleep Talk|p2a: Dondozo\n|move|p2a: Dondozo|Wave Crash|p1a: Muk|[from] move: Sleep Talk\n|-damage|p1a: Muk|162/306\n|-damage|p2a: Dondozo|211/362 slp|[from] Recoil\n|\n|upkeep\n|turn|18\n|\n|t:|1781455271\n|move|p1a: Muk|Gunk Shot|p2a: Dondozo|[miss]\n|-miss|p1a: Muk|p2a: Dondozo\n|cant|p2a: Dondozo|slp\n|move|p2a: Dondozo|Sleep Talk|p2a: Dondozo\n|move|p2a: Dondozo|Rest||[from] move: Sleep Talk|[still]\n|-fail|p2a: Dondozo\n|\n|upkeep\n|turn|19\n|\n|t:|1781455278\n|move|p1a: Muk|Drain Punch|p2a: Dondozo\n|-damage|p2a: Dondozo|168/362 slp\n|-heal|p1a: Muk|184/306|[from] drain|[of] p2a: Dondozo\n|-curestatus|p2a: Dondozo|slp|[msg]\n|move|p2a: Dondozo|Wave Crash|p1a: Muk\n|-damage|p1a: Muk|49/306\n|-damage|p2a: Dondozo|123/362|[from] Recoil\n|\n|upkeep\n|turn|20\n|\n|t:|1781455287\n|move|p1a: Muk|Gunk Shot|p2a: Dondozo\n|-damage|p2a: Dondozo|5/362\n|move|p2a: Dondozo|Rest|p2a: Dondozo\n|-status|p2a: Dondozo|slp|[from] move: Rest\n|-heal|p2a: Dondozo|362/362 slp|[silent]\n|\n|upkeep\n|turn|21\n|\n|t:|1781455305\n|switch|p1a: Leavanny|Leavanny, L86, F|269/269\n|cant|p2a: Dondozo|slp\n|move|p2a: Dondozo|Sleep Talk|p2a: Dondozo\n|move|p2a: Dondozo|Curse|p2a: Dondozo|[from] move: Sleep Talk\n|-unboost|p2a: Dondozo|spe|1\n|-boost|p2a: Dondozo|atk|1\n|-boost|p2a: Dondozo|def|1\n|\n|upkeep\n|turn|22\n|\n|t:|1781455320\n|switch|p2a: Zapdos|Zapdos, L78|220/268\n|move|p1a: Leavanny|Leaf Blade|p2a: Zapdos\n|-resisted|p2a: Zapdos\n|-damage|p2a: Zapdos|163/268\n|-status|p1a: Leavanny|par|[from] ability: Static|[of] p2a: Zapdos\n|\n|upkeep\n|turn|23\n|\n|t:|1781455345\n|switch|p1a: Archaludon|Archaludon, L78, M|268/268\n|-activate|p1a: Archaludon|move: Sticky Web\n|-unboost|p1a: Archaludon|spe|1\n|-damage|p1a: Archaludon|252/268|[from] Stealth Rock\n|-damage|p1a: Archaludon|219/268|[from] Spikes\n|move|p2a: Zapdos|Roost|p2a: Zapdos\n|-heal|p2a: Zapdos|268/268\n|-singleturn|p2a: Zapdos|move: Roost\n|\n|-heal|p1a: Archaludon|235/268|[from] item: Leftovers\n|upkeep\n|turn|24\n|inactive|CoriNoricen has 120 seconds left.\n|\n|t:|1781455361\n|move|p2a: Zapdos|Thunderbolt|p1a: Archaludon\n|-resisted|p1a: Archaludon\n|-damage|p1a: Archaludon|169/268\n|-ability|p1a: Archaludon|Stamina|boost\n|-boost|p1a: Archaludon|def|1\n|move|p1a: Archaludon|Draco Meteor|p2a: Zapdos\n|-damage|p2a: Zapdos|103/268\n|-unboost|p1a: Archaludon|spa|2\n|\n|-heal|p1a: Archaludon|185/268|[from] item: Leftovers\n|upkeep\n|turn|25\n|inactive|CoriNoricen has 120 seconds left.\n|\n|t:|1781455373\n|move|p2a: Zapdos|Roost|p2a: Zapdos\n|-heal|p2a: Zapdos|237/268\n|-singleturn|p2a: Zapdos|move: Roost\n|move|p1a: Archaludon|Body Press|p2a: Zapdos\n|-crit|p2a: Zapdos\n|-damage|p2a: Zapdos|85/268\n|\n|-heal|p1a: Archaludon|201/268|[from] item: Leftovers\n|upkeep\n|turn|26\n|\n|t:|1781455384\n|move|p2a: Zapdos|Thunderbolt|p1a: Archaludon\n|-resisted|p1a: Archaludon\n|-damage|p1a: Archaludon|129/268\n|-status|p1a: Archaludon|par\n|-ability|p1a: Archaludon|Stamina|boost\n|-boost|p1a: Archaludon|def|1\n|cant|p1a: Archaludon|par\n|\n|-heal|p1a: Archaludon|145/268 par|[from] item: Leftovers\n|upkeep\n|turn|27\n|\n|t:|1781455393\n|move|p2a: Zapdos|Roost|p2a: Zapdos\n|-heal|p2a: Zapdos|219/268\n|-singleturn|p2a: Zapdos|move: Roost\n|cant|p1a: Archaludon|par\n|\n|-heal|p1a: Archaludon|161/268 par|[from] item: Leftovers\n|upkeep\n|turn|28\n|\n|t:|1781455405\n|move|p2a: Zapdos|Thunderbolt|p1a: Archaludon\n|-resisted|p1a: Archaludon\n|-crit|p1a: Archaludon\n|-damage|p1a: Archaludon|50/268 par\n|-ability|p1a: Archaludon|Stamina|boost\n|-boost|p1a: Archaludon|def|1\n|cant|p1a: Archaludon|par\n|\n|-heal|p1a: Archaludon|66/268 par|[from] item: Leftovers\n|upkeep\n|turn|29\n|\n|t:|1781455418\n|move|p2a: Zapdos|Thunderbolt|p1a: Archaludon\n|-resisted|p1a: Archaludon\n|-damage|p1a: Archaludon|0 fnt\n|faint|p1a: Archaludon\n|\n|upkeep\n|inactive|CoriNoricen has 120 seconds left.\n|\n|t:|1781455440\n|switch|p1a: Oricorio|Oricorio-Pa'u, L87, F|272/272\n|turn|30\n|\n|t:|1781455447\n|move|p1a: Oricorio|Quiver Dance|p1a: Oricorio\n|-boost|p1a: Oricorio|spa|1\n|-boost|p1a: Oricorio|spd|1\n|-boost|p1a: Oricorio|spe|1\n|move|p2a: Zapdos|Thunderbolt|p1a: Oricorio\n|-supereffective|p1a: Oricorio\n|-damage|p1a: Oricorio|122/272\n|\n|upkeep\n|turn|31\n|\n|t:|1781455454\n|move|p1a: Oricorio|Revelation Dance|p2a: Zapdos\n|-damage|p2a: Zapdos|60/268\n|move|p2a: Zapdos|Thunderbolt|p1a: Oricorio\n|-supereffective|p1a: Oricorio\n|-damage|p1a: Oricorio|0 fnt\n|faint|p1a: Oricorio\n|\n|upkeep\n|inactive|CoriNoricen has 120 seconds left.\n|\n|t:|1781455475\n|switch|p1a: Leavanny|Leavanny, L86, F|269/269 par\n|turn|32\n|\n|t:|1781455479\n|move|p2a: Zapdos|Hurricane|p1a: Leavanny\n|-supereffective|p1a: Leavanny\n|-damage|p1a: Leavanny|0 fnt\n|faint|p1a: Leavanny\n|\n|upkeep\n|\n|t:|1781455484\n|switch|p1a: Groudon|Groudon, L72|263/263 slp\n|-activate|p1a: Groudon|move: Sticky Web\n|-unboost|p1a: Groudon|spe|1\n|-damage|p1a: Groudon|247/263 slp|[from] Stealth Rock\n|-damage|p1a: Groudon|215/263 slp|[from] Spikes\n|-weather|SunnyDay|[from] ability: Drought|[of] p1a: Groudon\n|turn|33\n|\n|t:|1781455499\n|move|p2a: Zapdos|Roost|p2a: Zapdos\n|-heal|p2a: Zapdos|194/268\n|-singleturn|p2a: Zapdos|move: Roost\n|cant|p1a: Groudon|slp\n|\n|-weather|SunnyDay|[upkeep]\n|-heal|p1a: Groudon|231/263 slp|[from] item: Leftovers\n|upkeep\n|turn|34\n|\n|t:|1781455507\n|move|p2a: Zapdos|Hurricane|p1a: Groudon|[miss]\n|-miss|p2a: Zapdos|p1a: Groudon\n|cant|p1a: Groudon|slp\n|\n|-weather|SunnyDay|[upkeep]\n|-heal|p1a: Groudon|247/263 slp|[from] item: Leftovers\n|upkeep\n|turn|35\n|\n|t:|1781455513\n|move|p2a: Zapdos|Hurricane|p1a: Groudon|[miss]\n|-miss|p2a: Zapdos|p1a: Groudon\n|-curestatus|p1a: Groudon|slp|[msg]\n|move|p1a: Groudon|Roar|p2a: Zapdos\n|drag|p2a: Braviary|Braviary-Hisui, L85, M|326/326\n|\n|-weather|SunnyDay|[upkeep]\n|-heal|p1a: Groudon|263/263|[from] item: Leftovers\n|upkeep\n|turn|36\n|\n|t:|1781455523\n|move|p2a: Braviary|Esper Wing|p1a: Groudon\n|-damage|p1a: Groudon|110/263\n|-boost|p2a: Braviary|spe|1\n|move|p1a: Groudon|Will-O-Wisp|p2a: Braviary\n|-status|p2a: Braviary|brn\n|\n|-weather|SunnyDay|[upkeep]\n|-heal|p1a: Groudon|126/263|[from] item: Leftovers\n|-damage|p2a: Braviary|306/326 brn|[from] brn\n|upkeep\n|turn|37\n|\n|t:|1781455533\n|move|p2a: Braviary|Esper Wing|p1a: Groudon\n|-damage|p1a: Groudon|0 fnt\n|-boost|p2a: Braviary|spe|1\n|faint|p1a: Groudon\n|\n|-weather|none\n|-damage|p2a: Braviary|286/326 brn|[from] brn\n|upkeep\n|c|\u2606CoriNoricen|gg\n|\n|t:|1781455540\n|switch|p1a: Muk|Muk-Alola, L82, F|49/306\n|-activate|p1a: Muk|move: Sticky Web\n|-unboost|p1a: Muk|spe|1\n|-damage|p1a: Muk|11/306|[from] Stealth Rock\n|-damage|p1a: Muk|0 fnt|[from] Spikes\n|faint|p1a: Muk\n|\n|win|DAVH NMX\n|raw|CoriNoricen's rating: 1512 &rarr; <strong>1494</strong><br />(-18 for losing)\n|raw|DAVH NMX's rating: 1539 &rarr; <strong>1557</strong><br />(+18 for winning)\n|l|\u2606CoriNoricen\n|player|p1|\n", "uploadtime": 1781455661, "views": 2, "formatid": "gen9randombattle", "rating": 1494, "private": 0, "password": null}