{"id": "gen9randombattle-2631947194", "format": "[Gen 9] Random Battle", "players": ["jonubieta", "fatgamerpro"], "log": "|j|\u2606jonubieta\n|j|\u2606fatgamerpro\n|t:|1781458717\n|gametype|singles\n|player|p1|jonubieta|2|1926\n|player|p2|fatgamerpro|ruinmaniac|1945\n|gen|9\n|tier|[Gen 9] Random Battle\n|rated|\n|rule|Species Clause: Limit one of each Pok\u00e9mon\n|rule|HP Percentage Mod: HP is shown in percentages\n|rule|Sleep Clause Mod: Limit one foe put to sleep\n|rule|Illusion Level Mod: Illusion disguises the Pok\u00e9mon's true level\n|\n|t:|1781458717\n|teamsize|p1|6\n|teamsize|p2|6\n|start\n|switch|p1a: Iron Leaves|Iron Leaves, L80|275/275\n|switch|p2a: Volbeat|Volbeat, L90, M|263/263\n|turn|1\n|inactive|Battle timer is ON: inactive players will automatically lose when time's up. (requested by fatgamerpro)\n|inactive|jonubieta has 120 seconds left.\n|\n|t:|1781458753\n|-end|p1a: Iron Leaves|Quark Drive|[silent]\n|switch|p1a: Milotic|Milotic, L83, M|293/293\n|move|p2a: Volbeat|U-turn|p1a: Milotic\n|-damage|p1a: Milotic|223/293\n|\n|t:|1781458776\n|switch|p2a: Pawmot|Pawmot, L80, F|243/243|[from] U-turn\n|\n|-heal|p1a: Milotic|241/293|[from] item: Leftovers\n|upkeep\n|turn|2\n|\n|t:|1781458782\n|switch|p1a: Iron Leaves|Iron Leaves, L80|275/275\n|move|p2a: Pawmot|Double Shock|p1a: Iron Leaves\n|-resisted|p1a: Iron Leaves\n|-crit|p1a: Iron Leaves\n|-damage|p1a: Iron Leaves|137/275\n|-start|p2a: Pawmot|typechange|???/Fighting|[from] move: Double Shock\n|-damage|p2a: Pawmot|219/243|[from] item: Life Orb\n|\n|upkeep\n|turn|3\n|\n|t:|1781458788\n|move|p2a: Pawmot|Ice Punch|p1a: Iron Leaves\n|-supereffective|p1a: Iron Leaves\n|-damage|p1a: Iron Leaves|0 fnt\n|faint|p1a: Iron Leaves\n|-end|p1a: Iron Leaves|Quark Drive|[silent]\n|-damage|p2a: Pawmot|195/243|[from] item: Life Orb\n|\n|upkeep\n|\n|t:|1781458794\n|switch|p1a: Farigiraf|Farigiraf, L90, F|362/362\n|turn|4\n|\n|t:|1781458800\n|switch|p2a: Malamar|Malamar, L82, M|275/275\n|move|p1a: Farigiraf|Psychic Noise|p2a: Malamar\n|-immune|p2a: Malamar\n|\n|upkeep\n|turn|5\n|\n|t:|1781458807\n|move|p2a: Malamar|Superpower|p1a: Farigiraf\n|-damage|p1a: Farigiraf|280/362\n|-boost|p2a: Malamar|atk|1\n|-boost|p2a: Malamar|def|1\n|move|p1a: Farigiraf|Body Slam|p2a: Malamar\n|-damage|p2a: Malamar|203/275\n|\n|-heal|p2a: Malamar|220/275|[from] item: Leftovers\n|-heal|p1a: Farigiraf|302/362|[from] item: Leftovers\n|upkeep\n|turn|6\n|\n|t:|1781458817\n|switch|p1a: Milotic|Milotic, L83, M|241/293\n|move|p2a: Malamar|Knock Off|p1a: Milotic\n|-damage|p1a: Milotic|84/293\n|-enditem|p1a: Milotic|Leftovers|[from] move: Knock Off|[of] p2a: Malamar\n|\n|-heal|p2a: Malamar|237/275|[from] item: Leftovers\n|upkeep\n|turn|7\n|\n|t:|1781458821\n|move|p2a: Malamar|Superpower|p1a: Milotic\n|-damage|p1a: Milotic|0 fnt\n|-boost|p2a: Malamar|atk|1\n|-boost|p2a: Malamar|def|1\n|faint|p1a: Milotic\n|\n|-heal|p2a: Malamar|254/275|[from] item: Leftovers\n|upkeep\n|\n|t:|1781458827\n|switch|p1a: Phione|Phione, L91|293/293\n|turn|8\n|\n|t:|1781458830\n|move|p1a: Phione|Scald|p2a: Malamar\n|-damage|p2a: Malamar|151/275\n|move|p2a: Malamar|Knock Off|p1a: Phione\n|-damage|p1a: Phione|124/293\n|-enditem|p1a: Phione|Leftovers|[from] move: Knock Off|[of] p2a: Malamar\n|\n|-heal|p2a: Malamar|168/275|[from] item: Leftovers\n|upkeep\n|turn|9\n|\n|t:|1781458835\n|move|p1a: Phione|Scald|p2a: Malamar\n|-damage|p2a: Malamar|69/275\n|move|p2a: Malamar|Superpower|p1a: Phione\n|-damage|p1a: Phione|0 fnt\n|-boost|p2a: Malamar|atk|1\n|-boost|p2a: Malamar|def|1\n|faint|p1a: Phione\n|\n|-heal|p2a: Malamar|86/275|[from] item: Leftovers\n|upkeep\n|\n|t:|1781458840\n|switch|p1a: Terrakion|Terrakion, L79|273/273\n|turn|10\n|\n|t:|1781458842\n|move|p1a: Terrakion|Close Combat|p2a: Malamar\n|-damage|p2a: Malamar|0 fnt\n|-unboost|p1a: Terrakion|def|1\n|-unboost|p1a: Terrakion|spd|1\n|faint|p2a: Malamar\n|\n|upkeep\n|\n|t:|1781458848\n|switch|p2a: Yanmega|Yanmega, L82, M|275/275\n|turn|11\n|\n|t:|1781458855\n|switch|p1a: Farigiraf|Farigiraf, L90, F|302/362\n|move|p2a: Yanmega|Bug Buzz|p1a: Farigiraf\n|-supereffective|p1a: Farigiraf\n|-damage|p1a: Farigiraf|0 fnt\n|faint|p1a: Farigiraf\n|\n|upkeep\n|\n|t:|1781458863\n|switch|p1a: Kommo-o|Kommo-o, L78, M|245/245\n|turn|12\n|\n|t:|1781458872\n|switch|p2a: Veluza|Veluza, L85, M|292/292\n|move|p1a: Kommo-o|Scale Shot|p2a: Veluza|[miss]\n|-miss|p1a: Kommo-o|p2a: Veluza\n|\n|upkeep\n|turn|13\n|\n|t:|1781458877\n|-terastallize|p1a: Kommo-o|Steel\n|move|p1a: Kommo-o|Scale Shot|p2a: Veluza\n|-damage|p2a: Veluza|262/292\n|-damage|p2a: Veluza|235/292\n|-damage|p2a: Veluza|205/292\n|-damage|p2a: Veluza|175/292\n|-damage|p2a: Veluza|142/292\n|-enditem|p2a: Veluza|Sitrus Berry|[eat]\n|-heal|p2a: Veluza|215/292|[from] item: Sitrus Berry\n|-hitcount|p2a: Veluza|5\n|-unboost|p1a: Kommo-o|def|1\n|-boost|p1a: Kommo-o|spe|1\n|move|p2a: Veluza|Fillet Away|p2a: Veluza\n|-boost|p2a: Veluza|atk|2\n|-boost|p2a: Veluza|spa|2\n|-boost|p2a: Veluza|spe|2\n|-damage|p2a: Veluza|69/292\n|\n|upkeep\n|turn|14\n|\n|t:|1781458886\n|move|p2a: Veluza|Aqua Cutter|p1a: Kommo-o\n|-damage|p1a: Kommo-o|0 fnt\n|faint|p1a: Kommo-o\n|\n|upkeep\n|\n|t:|1781458889\n|switch|p1a: Terrakion|Terrakion, L79|273/273\n|turn|15\n|\n|t:|1781458892\n|move|p1a: Terrakion|Quick Attack|p2a: Veluza\n|-damage|p2a: Veluza|17/292\n|move|p2a: Veluza|Psycho Cut|p1a: Terrakion\n|-supereffective|p1a: Terrakion\n|-damage|p1a: Terrakion|0 fnt\n|faint|p1a: Terrakion\n|\n|win|fatgamerpro\n", "uploadtime": 1781458718, "views": 6, "formatid": "gen9randombattle", "rating": null, "private": 0, "password": null}