{"id": "gen9randombattle-2631486972", "format": "[Gen 9] Random Battle", "players": ["redd455664/", "Kabzoul"], "log": "|j|\u2606redd455664/\n|j|\u2606Kabzoul\n|t:|1781391225\n|gametype|singles\n|player|p1|redd455664/|101|1070\n|player|p2|Kabzoul|lady|1045\n|gen|9\n|tier|[Gen 9] Random Battle\n|rated|\n|rule|Species Clause: Limit one of each Pok\u00e9mon\n|rule|HP Percentage Mod: HP is shown in percentages\n|rule|Sleep Clause Mod: Limit one foe put to sleep\n|rule|Illusion Level Mod: Illusion disguises the Pok\u00e9mon's true level\n|\n|t:|1781391225\n|teamsize|p1|6\n|teamsize|p2|6\n|start\n|switch|p1a: Salamence|Salamence, L77, F|273/273\n|switch|p2a: Vivillon|Vivillon-Tundra, L83, F|268/268\n|turn|1\n|inactive|Battle timer is ON: inactive players will automatically lose when time's up. (requested by redd455664/)\n|\n|t:|1781391243\n|move|p1a: Salamence|Dragon Dance|p1a: Salamence\n|-boost|p1a: Salamence|atk|1\n|-boost|p1a: Salamence|spe|1\n|move|p2a: Vivillon|Quiver Dance|p2a: Vivillon\n|-boost|p2a: Vivillon|spa|1\n|-boost|p2a: Vivillon|spd|1\n|-boost|p2a: Vivillon|spe|1\n|\n|upkeep\n|turn|2\n|\n|t:|1781391265\n|move|p1a: Salamence|Dragon Dance|p1a: Salamence\n|-boost|p1a: Salamence|atk|1\n|-boost|p1a: Salamence|spe|1\n|move|p2a: Vivillon|Sleep Powder|p1a: Salamence\n|-status|p1a: Salamence|slp|[from] move: Sleep Powder\n|\n|upkeep\n|turn|3\n|\n|t:|1781391271\n|cant|p1a: Salamence|slp\n|move|p2a: Vivillon|Quiver Dance|p2a: Vivillon\n|-boost|p2a: Vivillon|spa|1\n|-boost|p2a: Vivillon|spd|1\n|-boost|p2a: Vivillon|spe|1\n|\n|upkeep\n|turn|4\n|\n|t:|1781391282\n|cant|p1a: Salamence|slp\n|move|p2a: Vivillon|Hurricane|p1a: Salamence\n|-damage|p1a: Salamence|20/273 slp\n|\n|upkeep\n|turn|5\n|\n|t:|1781391289\n|cant|p1a: Salamence|slp\n|move|p2a: Vivillon|Bug Buzz|p1a: Salamence\n|-resisted|p1a: Salamence\n|-damage|p1a: Salamence|0 fnt\n|faint|p1a: Salamence\n|\n|upkeep\n|\n|t:|1781391301\n|switch|p1a: Dewgong|Dewgong, L94, M|322/322\n|turn|6\n|\n|t:|1781391310\n|move|p2a: Vivillon|Hurricane|p1a: Dewgong\n|-damage|p1a: Dewgong|198/322\n|move|p1a: Dewgong|Triple Axel|p2a: Vivillon|[miss]\n|-miss|p1a: Dewgong|p2a: Vivillon\n|\n|upkeep\n|turn|7\n|\n|t:|1781391317\n|move|p2a: Vivillon|Sleep Powder|p1a: Dewgong\n|-status|p1a: Dewgong|slp|[from] move: Sleep Powder\n|cant|p1a: Dewgong|slp\n|\n|upkeep\n|turn|8\n|-message|redd455664/ forfeited.\n|\n|win|Kabzoul\n|raw|redd455664&#x2f;'s rating: 1070 &rarr; <strong>1048</strong><br />(-22 for losing)\n|raw|Kabzoul's rating: 1045 &rarr; <strong>1081</strong><br />(+36 for winning)\n|l|\u2606redd455664/\n|player|p1|\n", "uploadtime": 1781391334, "views": 6, "formatid": "gen9randombattle", "rating": 1048, "private": 0, "password": null}