{"id": "gen9randombattle-2631593931", "format": "[Gen 9] Random Battle", "players": ["Cesar A Bedoya", "Lujay7"], "log": "|j|\u2606Cesar A Bedoya\n|j|\u2606Lujay7\n|t:|1781406004\n|gametype|singles\n|player|p1|Cesar A Bedoya|shadowtriad|1933\n|player|p2|Lujay7|101|2038\n|gen|9\n|tier|[Gen 9] Random Battle\n|rated|\n|rule|Species Clause: Limit one of each Pok\u00e9mon\n|rule|HP Percentage Mod: HP is shown in percentages\n|rule|Sleep Clause Mod: Limit one foe put to sleep\n|rule|Illusion Level Mod: Illusion disguises the Pok\u00e9mon's true level\n|\n|t:|1781406004\n|teamsize|p1|6\n|teamsize|p2|6\n|start\n|switch|p1a: Mabosstiff|Mabosstiff, L86, F|278/278\n|switch|p2a: Persian|Persian, L92, M|269/269\n|turn|1\n|inactive|Battle timer is ON: inactive players will automatically lose when time's up. (requested by Lujay7)\n|\n|t:|1781406029\n|move|p2a: Persian|U-turn|p1a: Mabosstiff\n|-supereffective|p1a: Mabosstiff\n|-damage|p1a: Mabosstiff|150/278\n|\n|t:|1781406044\n|switch|p2a: Delibird|Delibird, M|252/252|[from] U-turn\n|move|p1a: Mabosstiff|Crunch|p2a: Delibird\n|-crit|p2a: Delibird\n|-damage|p2a: Delibird|0 fnt\n|faint|p2a: Delibird\n|\n|upkeep\n|\n|t:|1781406049\n|switch|p2a: Persian|Persian, L92, M|269/269\n|turn|2\n|\n|t:|1781406054\n|move|p2a: Persian|Double-Edge|p1a: Mabosstiff\n|-damage|p1a: Mabosstiff|0 fnt\n|faint|p1a: Mabosstiff\n|-damage|p2a: Persian|219/269|[from] Recoil\n|\n|upkeep\n|\n|t:|1781406063\n|switch|p1a: Drifblim|Drifblim, L86, F|396/396\n|turn|3\n|\n|t:|1781406076\n|switch|p2a: Toxtricity|Toxtricity, L82, F|257/257\n|move|p1a: Drifblim|Calm Mind|p1a: Drifblim\n|-boost|p1a: Drifblim|spa|1\n|-boost|p1a: Drifblim|spd|1\n|\n|upkeep\n|turn|4\n|\n|t:|1781406091\n|move|p1a: Drifblim|Shadow Ball|p2a: Toxtricity\n|-damage|p2a: Toxtricity|115/257\n|move|p2a: Toxtricity|Overdrive|p1a: Drifblim\n|-supereffective|p1a: Drifblim\n|-damage|p1a: Drifblim|160/396\n|-enditem|p1a: Drifblim|Sitrus Berry|[eat]\n|-heal|p1a: Drifblim|259/396|[from] item: Sitrus Berry\n|-enditem|p2a: Toxtricity|Throat Spray\n|-boost|p2a: Toxtricity|spa|1|[from] item: Throat Spray\n|\n|upkeep\n|turn|5\n|\n|t:|1781406112\n|-terastallize|p2a: Toxtricity|Normal\n|move|p1a: Drifblim|Shadow Ball|p2a: Toxtricity\n|-immune|p2a: Toxtricity\n|move|p2a: Toxtricity|Shift Gear|p2a: Toxtricity\n|-boost|p2a: Toxtricity|spe|2\n|-boost|p2a: Toxtricity|atk|1\n|\n|upkeep\n|turn|6\n|\n|t:|1781406123\n|-terastallize|p1a: Drifblim|Fairy\n|move|p1a: Drifblim|Air Slash|p2a: Toxtricity\n|-crit|p2a: Toxtricity\n|-damage|p2a: Toxtricity|0 fnt\n|faint|p2a: Toxtricity\n|\n|upkeep\n|\n|t:|1781406143\n|switch|p2a: Persian|Persian, L92, M|219/269\n|turn|7\n|\n|t:|1781406166\n|move|p1a: Drifblim|Strength Sap|p2a: Persian\n|-unboost|p2a: Persian|atk|1\n|-heal|p1a: Drifblim|396/396\n|move|p2a: Persian|Switcheroo|p1a: Drifblim\n|-activate|p2a: Persian|move: Trick|[of] p1a: Drifblim\n|-item|p1a: Drifblim|Choice Band|[from] move: Switcheroo\n|-enditem|p2a: Persian|Choice Band|[silent]|[from] move: Switcheroo\n|\n|upkeep\n|turn|8\n|\n|t:|1781406178\n|move|p2a: Persian|U-turn|p1a: Drifblim\n|-resisted|p1a: Drifblim\n|-damage|p1a: Drifblim|371/396\n|\n|t:|1781406192\n|switch|p2a: Tatsugiri|Tatsugiri, L87, F|260/260|[from] U-turn\n|move|p1a: Drifblim|Air Slash|p2a: Tatsugiri\n|-damage|p2a: Tatsugiri|157/260\n|\n|upkeep\n|turn|9\n|\n|t:|1781406204\n|move|p2a: Tatsugiri|Nasty Plot|p2a: Tatsugiri\n|-boost|p2a: Tatsugiri|spa|2\n|move|p1a: Drifblim|Air Slash|p2a: Tatsugiri\n|-damage|p2a: Tatsugiri|46/260\n|\n|upkeep\n|turn|10\n|\n|t:|1781406209\n|move|p2a: Tatsugiri|Surf|p1a: Drifblim\n|-damage|p1a: Drifblim|152/396\n|move|p1a: Drifblim|Air Slash|p2a: Tatsugiri|[miss]\n|-miss|p1a: Drifblim|p2a: Tatsugiri\n|\n|upkeep\n|turn|11\n|\n|t:|1781406228\n|move|p2a: Tatsugiri|Surf|p1a: Drifblim\n|-damage|p1a: Drifblim|0 fnt\n|faint|p1a: Drifblim\n|\n|upkeep\n|\n|t:|1781406237\n|switch|p1a: Rotom|Rotom-Frost, L87|229/229\n|turn|12\n|inactive|Lujay7 has 120 seconds left.\n|\n|t:|1781406267\n|move|p1a: Rotom|Thunderbolt|p2a: Tatsugiri\n|-damage|p2a: Tatsugiri|0 fnt\n|faint|p2a: Tatsugiri\n|\n|upkeep\n|inactive|Lujay7 has 120 seconds left.\n|\n|t:|1781406277\n|switch|p2a: Azelf|Azelf, L82|257/257\n|turn|13\n|\n|t:|1781406291\n|move|p2a: Azelf|Nasty Plot|p2a: Azelf\n|-boost|p2a: Azelf|spa|2\n|move|p1a: Rotom|Thunderbolt|p2a: Azelf\n|-damage|p2a: Azelf|121/257\n|\n|upkeep\n|turn|14\n|inactive|Lujay7 has 120 seconds left.\n|\n|t:|1781406323\n|switch|p1a: Chansey|Chansey, L85, F|564/564\n|move|p2a: Azelf|Fire Blast|p1a: Chansey\n|-damage|p1a: Chansey|439/564\n|-damage|p2a: Azelf|96/257|[from] item: Life Orb\n|\n|upkeep\n|turn|15\n|\n|t:|1781406329\n|move|p2a: Azelf|Psyshock|p1a: Chansey\n|-damage|p1a: Chansey|0 fnt\n|faint|p1a: Chansey\n|-damage|p2a: Azelf|71/257|[from] item: Life Orb\n|\n|upkeep\n|\n|t:|1781406334\n|switch|p1a: Medicham|Medicham, L86, F|243/243\n|turn|16\n|inactive|Lujay7 has 120 seconds left.\n|\n|t:|1781406357\n|switch|p2a: Persian|Persian, L92, M|219/269\n|move|p1a: Medicham|Bullet Punch|p2a: Persian\n|-damage|p2a: Persian|141/269\n|\n|upkeep\n|turn|17\n|inactive|Lujay7 has 120 seconds left.\n|\n|t:|1781406379\n|switch|p1a: Rotom|Rotom-Frost, L87|229/229\n|move|p2a: Persian|U-turn|p1a: Rotom\n|-damage|p1a: Rotom|190/229\n|inactive|Lujay7 has 120 seconds left.\n|\n|t:|1781406400\n|switch|p2a: Azelf|Azelf, L82|71/257|[from] U-turn\n|\n|upkeep\n|turn|18\n|\n|t:|1781406413\n|move|p2a: Azelf|Fire Blast|p1a: Rotom|[miss]\n|-miss|p2a: Azelf|p1a: Rotom\n|move|p1a: Rotom|Thunderbolt|p2a: Azelf\n|-damage|p2a: Azelf|0 fnt\n|faint|p2a: Azelf\n|\n|upkeep\n|\n|t:|1781406427\n|switch|p2a: Persian|Persian, L92, M|141/269\n|turn|19\n|\n|t:|1781406437\n|move|p2a: Persian|Double-Edge|p1a: Rotom\n|-damage|p1a: Rotom|99/229\n|-damage|p2a: Persian|111/269|[from] Recoil\n|move|p1a: Rotom|Thunderbolt|p2a: Persian\n|-damage|p2a: Persian|0 fnt\n|faint|p2a: Persian\n|\n|upkeep\n|inactive|Lujay7 has 120 seconds left.\n|\n|t:|1781406444\n|switch|p2a: Manaphy|Manaphy, L78|284/284\n|turn|20\n|\n|t:|1781406471\n|move|p2a: Manaphy|Hydro Pump|p1a: Rotom\n|-damage|p1a: Rotom|18/229\n|move|p1a: Rotom|Thunderbolt|p2a: Manaphy\n|-supereffective|p2a: Manaphy\n|-damage|p2a: Manaphy|92/284\n|\n|-heal|p2a: Manaphy|109/284|[from] item: Leftovers\n|upkeep\n|turn|21\n|\n|t:|1781406476\n|move|p2a: Manaphy|Energy Ball|p1a: Rotom\n|-damage|p1a: Rotom|0 fnt\n|faint|p1a: Rotom\n|\n|-heal|p2a: Manaphy|126/284|[from] item: Leftovers\n|upkeep\n|\n|t:|1781406495\n|switch|p1a: Medicham|Medicham, L86, F|243/243\n|turn|22\n|\n|t:|1781406500\n|move|p2a: Manaphy|Hydro Pump|p1a: Medicham|[miss]\n|-miss|p2a: Manaphy|p1a: Medicham\n|move|p1a: Medicham|Close Combat|p2a: Manaphy\n|-damage|p2a: Manaphy|0 fnt\n|-unboost|p1a: Medicham|def|1\n|-unboost|p1a: Medicham|spd|1\n|faint|p2a: Manaphy\n|\n|win|Cesar A Bedoya\n", "uploadtime": 1781406007, "views": 3, "formatid": "gen9randombattle", "rating": null, "private": 0, "password": null}