{"id": "gen9randombattle-2631499281", "format": "[Gen 9] Random Battle", "players": ["zeropepsi", "duskwolf64"], "log": "|j|\u2606zeropepsi\n|j|\u2606duskwolf64\n|t:|1781392847\n|gametype|singles\n|player|p1|zeropepsi|hilbert|2045\n|player|p2|duskwolf64|hilbert|2063\n|gen|9\n|tier|[Gen 9] Random Battle\n|rated|\n|rule|Species Clause: Limit one of each Pok\u00e9mon\n|rule|HP Percentage Mod: HP is shown in percentages\n|rule|Sleep Clause Mod: Limit one foe put to sleep\n|rule|Illusion Level Mod: Illusion disguises the Pok\u00e9mon's true level\n|\n|t:|1781392847\n|teamsize|p1|6\n|teamsize|p2|6\n|start\n|switch|p1a: Qwilfish|Qwilfish, L86, M|252/252\n|switch|p2a: Floatzel|Floatzel, L86, F|286/286\n|-ability|p1a: Qwilfish|Intimidate|boost\n|-unboost|p2a: Floatzel|atk|1\n|turn|1\n|inactive|Battle timer is ON: inactive players will automatically lose when time's up. (requested by zeropepsi)\n|\n|t:|1781392860\n|move|p2a: Floatzel|Flip Turn|p1a: Qwilfish\n|-resisted|p1a: Qwilfish\n|-damage|p1a: Qwilfish|213/252\n|\n|t:|1781392865\n|switch|p2a: Palafin|Palafin, L77, M|281/281|[from] Flip Turn\n|move|p1a: Qwilfish|Gunk Shot|p2a: Palafin\n|-damage|p2a: Palafin|124/281\n|\n|-heal|p2a: Palafin|141/281|[from] item: Leftovers\n|upkeep\n|turn|2\n|\n|t:|1781392871\n|detailschange|p2a: Palafin|Palafin-Hero, L77, M\n|switch|p2a: Victreebel|Victreebel, L90, F|290/290\n|move|p1a: Qwilfish|Toxic|p2a: Victreebel\n|-immune|p2a: Victreebel\n|\n|upkeep\n|turn|3\n|\n|t:|1781392878\n|move|p1a: Qwilfish|Flip Turn|p2a: Victreebel\n|-resisted|p2a: Victreebel\n|-damage|p2a: Victreebel|254/290\n|\n|t:|1781392880\n|switch|p1a: Mandibuzz|Mandibuzz, L85, F|326/326|[from] Flip Turn\n|move|p2a: Victreebel|Sunny Day|p2a: Victreebel\n|-weather|SunnyDay\n|\n|-weather|SunnyDay|[upkeep]\n|upkeep\n|turn|4\n|\n|t:|1781392889\n|-terastallize|p2a: Victreebel|Fire\n|move|p2a: Victreebel|Weather Ball|p1a: Mandibuzz\n|-damage|p1a: Mandibuzz|110/326\n|-damage|p2a: Victreebel|225/290|[from] item: Life Orb\n|move|p1a: Mandibuzz|Foul Play|p2a: Victreebel\n|-damage|p2a: Victreebel|80/290\n|\n|-weather|SunnyDay|[upkeep]\n|upkeep\n|turn|5\n|\n|t:|1781392895\n|switch|p1a: Qwilfish|Qwilfish, L86, M|213/252\n|-ability|p1a: Qwilfish|Intimidate|boost\n|-unboost|p2a: Victreebel|atk|1\n|move|p2a: Victreebel|Weather Ball|p1a: Qwilfish\n|-resisted|p1a: Qwilfish\n|-damage|p1a: Qwilfish|34/252\n|-damage|p2a: Victreebel|51/290|[from] item: Life Orb\n|\n|-weather|SunnyDay|[upkeep]\n|upkeep\n|turn|6\n|\n|t:|1781392901\n|switch|p1a: Rotom|Rotom-Heat, L83|219/219\n|move|p2a: Victreebel|Weather Ball|p1a: Rotom\n|-resisted|p1a: Rotom\n|-damage|p1a: Rotom|119/219\n|-damage|p2a: Victreebel|22/290|[from] item: Life Orb\n|\n|-weather|SunnyDay|[upkeep]\n|upkeep\n|turn|7\n|\n|t:|1781392907\n|move|p2a: Victreebel|Sludge Wave|p1a: Rotom\n|-damage|p1a: Rotom|0 fnt\n|faint|p1a: Rotom\n|-damage|p2a: Victreebel|0 fnt|[from] item: Life Orb\n|faint|p2a: Victreebel\n|\n|-weather|none\n|upkeep\n|\n|t:|1781392917\n|switch|p1a: Kilowattrel|Kilowattrel, L83, M|252/252\n|switch|p2a: Floatzel|Floatzel, L86, F|286/286\n|turn|8\n|\n|t:|1781392920\n|switch|p2a: Electivire|Electivire, L84, F|263/263\n|move|p1a: Kilowattrel|Discharge|p2a: Electivire\n|-ability|p2a: Electivire|Motor Drive|boost\n|-boost|p2a: Electivire|spe|1\n|\n|upkeep\n|turn|9\n|\n|t:|1781392925\n|move|p2a: Electivire|Ice Punch|p1a: Kilowattrel\n|-supereffective|p1a: Kilowattrel\n|-damage|p1a: Kilowattrel|21/252\n|-damage|p2a: Electivire|237/263|[from] item: Life Orb\n|move|p1a: Kilowattrel|U-turn|p2a: Electivire\n|-crit|p2a: Electivire\n|-damage|p2a: Electivire|161/263\n|\n|t:|1781392930\n|switch|p1a: Azelf|Azelf, L82|257/257|[from] U-turn\n|\n|upkeep\n|turn|10\n|\n|t:|1781392933\n|move|p2a: Electivire|Supercell Slam|p1a: Azelf\n|-damage|p1a: Azelf|43/257\n|-damage|p2a: Electivire|135/263|[from] item: Life Orb\n|move|p1a: Azelf|Psychic|p2a: Electivire\n|-damage|p2a: Electivire|0 fnt\n|faint|p2a: Electivire\n|-damage|p1a: Azelf|18/257|[from] item: Life Orb\n|\n|upkeep\n|\n|t:|1781392954\n|switch|p2a: Palafin|Palafin-Hero, L77, M|141/281\n|-activate|p2a: Palafin|ability: Zero to Hero\n|turn|11\n|\n|t:|1781392958\n|move|p2a: Palafin|Jet Punch|p1a: Azelf\n|-damage|p1a: Azelf|0 fnt\n|faint|p1a: Azelf\n|\n|-heal|p2a: Palafin|158/281|[from] item: Leftovers\n|upkeep\n|\n|t:|1781392962\n|switch|p1a: Qwilfish|Qwilfish, L86, M|34/252\n|-ability|p1a: Qwilfish|Intimidate|boost\n|-unboost|p2a: Palafin|atk|1\n|turn|12\n|\n|t:|1781392974\n|move|p2a: Palafin|Bulk Up|p2a: Palafin\n|-boost|p2a: Palafin|atk|1\n|-boost|p2a: Palafin|def|1\n|move|p1a: Qwilfish|Toxic|p2a: Palafin\n|-status|p2a: Palafin|tox\n|\n|-heal|p2a: Palafin|175/281 tox|[from] item: Leftovers\n|-damage|p2a: Palafin|158/281 tox|[from] psn\n|upkeep\n|turn|13\n|\n|t:|1781392979\n|move|p2a: Palafin|Jet Punch|p1a: Qwilfish\n|-resisted|p1a: Qwilfish\n|-damage|p1a: Qwilfish|0 fnt\n|faint|p1a: Qwilfish\n|\n|-heal|p2a: Palafin|175/281 tox|[from] item: Leftovers\n|-damage|p2a: Palafin|141/281 tox|[from] psn\n|upkeep\n|\n|t:|1781392983\n|switch|p1a: Veluza|Veluza, L85, F|292/292\n|turn|14\n|\n|t:|1781392989\n|move|p2a: Palafin|Jet Punch|p1a: Veluza\n|-resisted|p1a: Veluza\n|-damage|p1a: Veluza|243/292\n|move|p1a: Veluza|Psycho Cut|p2a: Palafin\n|-damage|p2a: Palafin|59/281 tox\n|\n|-heal|p2a: Palafin|76/281 tox|[from] item: Leftovers\n|-damage|p2a: Palafin|25/281 tox|[from] psn\n|upkeep\n|turn|15\n|\n|t:|1781392996\n|switch|p2a: Perrserker|Perrserker, L89, M|269/269\n|move|p1a: Veluza|Psycho Cut|p2a: Perrserker\n|-resisted|p2a: Perrserker\n|-damage|p2a: Perrserker|213/269\n|\n|upkeep\n|turn|16\n|\n|t:|1781393002\n|switch|p1a: Kilowattrel|Kilowattrel, L83, M|21/252\n|move|p2a: Perrserker|U-turn|p1a: Kilowattrel\n|-resisted|p1a: Kilowattrel\n|-crit|p1a: Kilowattrel\n|-damage|p1a: Kilowattrel|0 fnt\n|faint|p1a: Kilowattrel\n|-damage|p2a: Perrserker|187/269|[from] item: Life Orb\n|\n|t:|1781393008\n|switch|p2a: Floatzel|Floatzel, L86, F|286/286|[from] U-turn\n|\n|upkeep\n|\n|t:|1781393011\n|switch|p1a: Veluza|Veluza, L85, F|243/292\n|turn|17\n|\n|t:|1781393015\n|move|p1a: Veluza|Flip Turn|p2a: Floatzel\n|-resisted|p2a: Floatzel\n|-damage|p2a: Floatzel|239/286\n|\n|t:|1781393017\n|switch|p1a: Mandibuzz|Mandibuzz, L85, F|110/326|[from] Flip Turn\n|move|p2a: Floatzel|Crunch|p1a: Mandibuzz\n|-resisted|p1a: Mandibuzz\n|-damage|p1a: Mandibuzz|68/326\n|\n|upkeep\n|turn|18\n|\n|t:|1781393025\n|switch|p2a: Perrserker|Perrserker, L89, M|187/269\n|move|p1a: Mandibuzz|Roost|p1a: Mandibuzz\n|-heal|p1a: Mandibuzz|231/326\n|-singleturn|p1a: Mandibuzz|move: Roost\n|\n|upkeep\n|turn|19\n|\n|t:|1781393032\n|move|p1a: Mandibuzz|Foul Play|p2a: Perrserker\n|-damage|p2a: Perrserker|81/269\n|move|p2a: Perrserker|Iron Head|p1a: Mandibuzz\n|-damage|p1a: Mandibuzz|78/326\n|-damage|p2a: Perrserker|55/269|[from] item: Life Orb\n|\n|upkeep\n|turn|20\n|\n|t:|1781393045\n|-terastallize|p1a: Mandibuzz|Steel\n|move|p1a: Mandibuzz|Roost|p1a: Mandibuzz\n|-heal|p1a: Mandibuzz|241/326\n|move|p2a: Perrserker|Iron Head|p1a: Mandibuzz\n|-resisted|p1a: Mandibuzz\n|-damage|p1a: Mandibuzz|163/326\n|-damage|p2a: Perrserker|29/269|[from] item: Life Orb\n|\n|upkeep\n|turn|21\n|\n|t:|1781393048\n|move|p1a: Mandibuzz|Foul Play|p2a: Perrserker\n|-damage|p2a: Perrserker|0 fnt\n|faint|p2a: Perrserker\n|\n|upkeep\n|\n|t:|1781393054\n|switch|p2a: Floatzel|Floatzel, L86, F|239/286\n|turn|22\n|\n|t:|1781393058\n|switch|p1a: Veluza|Veluza, L85, F|243/292\n|move|p2a: Floatzel|Wave Crash|p1a: Veluza\n|-resisted|p1a: Veluza\n|-damage|p1a: Veluza|118/292\n|-damage|p2a: Floatzel|198/286|[from] Recoil\n|\n|upkeep\n|turn|23\n|\n|t:|1781393061\n|move|p1a: Veluza|Psycho Cut|p2a: Floatzel\n|-crit|p2a: Floatzel\n|-damage|p2a: Floatzel|0 fnt\n|faint|p2a: Floatzel\n|\n|upkeep\n|\n|t:|1781393085\n|switch|p2a: Palafin|Palafin-Hero, L77, M|25/281 tox\n|turn|24\n|\n|t:|1781393088\n|move|p2a: Palafin|Jet Punch|p1a: Veluza\n|-resisted|p1a: Veluza\n|-damage|p1a: Veluza|76/292\n|move|p1a: Veluza|Psycho Cut|p2a: Palafin\n|-crit|p2a: Palafin\n|-damage|p2a: Palafin|0 fnt\n|faint|p2a: Palafin\n|\n|upkeep\n|-message|duskwolf64 forfeited.\n|\n|win|zeropepsi\n", "uploadtime": 1781392848, "views": 3, "formatid": "gen9randombattle", "rating": null, "private": 0, "password": null}