{"id": "gen9randombattle-2631781868", "format": "[Gen 9] Random Battle", "players": ["dandetheheartless", "woxihuanni"], "log": "|j|\u2606dandetheheartless\n|j|\u2606woxihuanni\n|t:|1781438786\n|gametype|singles\n|player|p1|dandetheheartless|winona|2110\n|player|p2|woxihuanni|169|2136\n|gen|9\n|tier|[Gen 9] Random Battle\n|rated|\n|rule|Species Clause: Limit one of each Pok\u00e9mon\n|rule|HP Percentage Mod: HP is shown in percentages\n|rule|Sleep Clause Mod: Limit one foe put to sleep\n|rule|Illusion Level Mod: Illusion disguises the Pok\u00e9mon's true level\n|\n|t:|1781438786\n|teamsize|p1|6\n|teamsize|p2|6\n|start\n|switch|p1a: Dudunsparce|Dudunsparce, L83, M|343/343\n|switch|p2a: Leafeon|Leafeon, L88, M|258/258\n|turn|1\n|inactive|Battle timer is ON: inactive players will automatically lose when time's up. (requested by dandetheheartless)\n|\n|t:|1781438803\n|move|p2a: Leafeon|Substitute|p2a: Leafeon\n|-start|p2a: Leafeon|Substitute\n|-damage|p2a: Leafeon|194/258\n|move|p1a: Dudunsparce|Glare||[still]\n|-fail|p1a: Dudunsparce\n|\n|-heal|p2a: Leafeon|210/258|[from] item: Leftovers\n|upkeep\n|turn|2\n|\n|t:|1781438811\n|switch|p1a: Heracross|Heracross, L80, M|259/259\n|move|p2a: Leafeon|Swords Dance|p2a: Leafeon\n|-boost|p2a: Leafeon|atk|2\n|\n|-heal|p2a: Leafeon|226/258|[from] item: Leftovers\n|upkeep\n|turn|3\n|\n|t:|1781438817\n|move|p2a: Leafeon|Double-Edge|p1a: Heracross\n|-damage|p1a: Heracross|7/259\n|-damage|p2a: Leafeon|143/258|[from] Recoil\n|move|p1a: Heracross|Megahorn|p2a: Leafeon\n|-supereffective|p2a: Leafeon\n|-end|p2a: Leafeon|Substitute\n|\n|-heal|p2a: Leafeon|159/258|[from] item: Leftovers\n|upkeep\n|turn|4\n|\n|t:|1781438822\n|move|p2a: Leafeon|Leaf Blade|p1a: Heracross\n|-resisted|p1a: Heracross\n|-damage|p1a: Heracross|0 fnt\n|faint|p1a: Heracross\n|\n|-heal|p2a: Leafeon|175/258|[from] item: Leftovers\n|upkeep\n|\n|t:|1781438847\n|switch|p1a: Bellossom|Bellossom, L84, F|263/263\n|turn|5\n|\n|t:|1781438852\n|move|p2a: Leafeon|Substitute|p2a: Leafeon\n|-start|p2a: Leafeon|Substitute\n|-damage|p2a: Leafeon|111/258\n|move|p1a: Bellossom|Quiver Dance|p1a: Bellossom\n|-boost|p1a: Bellossom|spa|1\n|-boost|p1a: Bellossom|spd|1\n|-boost|p1a: Bellossom|spe|1\n|\n|-heal|p2a: Leafeon|127/258|[from] item: Leftovers\n|upkeep\n|turn|6\n|\n|t:|1781438865\n|-terastallize|p2a: Leafeon|Normal\n|move|p2a: Leafeon|Double-Edge|p1a: Bellossom\n|-damage|p1a: Bellossom|0 fnt\n|faint|p1a: Bellossom\n|-damage|p2a: Leafeon|40/258|[from] Recoil\n|\n|-heal|p2a: Leafeon|56/258|[from] item: Leftovers\n|upkeep\n|\n|t:|1781438868\n|switch|p1a: Plusle|Plusle, L95, M|268/268\n|turn|7\n|\n|t:|1781438875\n|switch|p2a: Delphox|Delphox, L84, M|263/263\n|move|p1a: Plusle|Alluring Voice|p2a: Delphox\n|-resisted|p2a: Delphox\n|-damage|p2a: Delphox|228/263\n|-damage|p1a: Plusle|242/268|[from] item: Life Orb\n|\n|upkeep\n|turn|8\n|\n|t:|1781438886\n|move|p1a: Plusle|Nasty Plot|p1a: Plusle\n|-boost|p1a: Plusle|spa|2\n|move|p2a: Delphox|Fire Blast|p1a: Plusle|[miss]\n|-miss|p2a: Delphox|p1a: Plusle\n|\n|upkeep\n|turn|9\n|\n|t:|1781438889\n|move|p1a: Plusle|Thunderbolt|p2a: Delphox\n|-damage|p2a: Delphox|0 fnt\n|faint|p2a: Delphox\n|-damage|p1a: Plusle|216/268|[from] item: Life Orb\n|\n|upkeep\n|\n|t:|1781438896\n|switch|p2a: Revavroom|Revavroom, L79, F|256/256\n|turn|10\n|\n|t:|1781438902\n|switch|p2a: Ditto|Ditto, L87|225/225\n|-transform|p2a: Ditto|p1a: Plusle|[from] ability: Imposter\n|move|p1a: Plusle|Thunderbolt|p2a: Ditto\n|-ability|p2a: Ditto|Lightning Rod|boost\n|-boost|p2a: Ditto|spa|1\n|\n|upkeep\n|turn|11\n|\n|t:|1781438906\n|switch|p1a: Landorus|Landorus-Therian, L76, M|260/260\n|-ability|p1a: Landorus|Intimidate|boost\n|-unboost|p2a: Ditto|atk|1\n|move|p2a: Ditto|Alluring Voice|p1a: Landorus\n|-damage|p1a: Landorus|101/260\n|\n|-heal|p1a: Landorus|117/260|[from] item: Leftovers\n|upkeep\n|turn|12\n|\n|t:|1781438911\n|switch|p1a: Araquanid|Araquanid, L82, M|246/246\n|move|p2a: Ditto|Alluring Voice|p1a: Araquanid\n|-damage|p1a: Araquanid|143/246\n|\n|upkeep\n|turn|13\n|\n|t:|1781438917\n|move|p2a: Ditto|Alluring Voice|p1a: Araquanid\n|-damage|p1a: Araquanid|33/246\n|move|p1a: Araquanid|Liquidation|p2a: Ditto\n|-damage|p2a: Ditto|23/225\n|\n|upkeep\n|turn|14\n|\n|t:|1781438920\n|move|p2a: Ditto|Alluring Voice|p1a: Araquanid\n|-damage|p1a: Araquanid|0 fnt\n|faint|p1a: Araquanid\n|\n|upkeep\n|\n|t:|1781438921\n|switch|p1a: Dudunsparce|Dudunsparce, L83, M|343/343\n|turn|15\n|\n|t:|1781438927\n|switch|p2a: Cobalion|Cobalion, L80|277/277\n|move|p1a: Dudunsparce|Headbutt|p2a: Cobalion\n|-resisted|p2a: Cobalion\n|-damage|p2a: Cobalion|247/277\n|\n|-heal|p2a: Cobalion|264/277|[from] item: Leftovers\n|upkeep\n|turn|16\n|\n|t:|1781438933\n|move|p2a: Cobalion|Calm Mind|p2a: Cobalion\n|-boost|p2a: Cobalion|spa|1\n|-boost|p2a: Cobalion|spd|1\n|move|p1a: Dudunsparce|Glare|p2a: Cobalion\n|-status|p2a: Cobalion|par\n|\n|-heal|p2a: Cobalion|277/277 par|[from] item: Leftovers\n|upkeep\n|turn|17\n|\n|t:|1781438936\n|switch|p1a: Landorus|Landorus-Therian, L76, M|117/260\n|-ability|p1a: Landorus|Intimidate|boost\n|-unboost|p2a: Cobalion|atk|1\n|move|p2a: Cobalion|Aura Sphere|p1a: Landorus\n|-resisted|p1a: Landorus\n|-damage|p1a: Landorus|54/260\n|\n|-heal|p1a: Landorus|70/260|[from] item: Leftovers\n|upkeep\n|turn|18\n|\n|t:|1781438938\n|move|p1a: Landorus|Earthquake|p2a: Cobalion\n|-supereffective|p2a: Cobalion\n|-crit|p2a: Cobalion\n|-damage|p2a: Cobalion|0 fnt\n|faint|p2a: Cobalion\n|\n|-heal|p1a: Landorus|86/260|[from] item: Leftovers\n|upkeep\n|\n|t:|1781438940\n|switch|p2a: Palafin|Palafin, L77, F|281/281\n|turn|19\n|\n|t:|1781438953\n|detailschange|p2a: Palafin|Palafin-Hero, L77, F\n|switch|p2a: Leafeon|Leafeon, L88, M, tera:Normal|56/258\n|move|p1a: Landorus|Earthquake|p2a: Leafeon\n|-damage|p2a: Leafeon|0 fnt\n|faint|p2a: Leafeon\n|\n|-heal|p1a: Landorus|102/260|[from] item: Leftovers\n|upkeep\n|\n|t:|1781438955\n|switch|p2a: Palafin|Palafin-Hero, L77, F|281/281\n|-activate|p2a: Palafin|ability: Zero to Hero\n|turn|20\n|\n|t:|1781438965\n|move|p2a: Palafin|Bulk Up|p2a: Palafin\n|-boost|p2a: Palafin|atk|1\n|-boost|p2a: Palafin|def|1\n|move|p1a: Landorus|Earthquake|p2a: Palafin\n|-damage|p2a: Palafin|200/281\n|\n|-heal|p2a: Palafin|217/281|[from] item: Leftovers\n|-heal|p1a: Landorus|118/260|[from] item: Leftovers\n|upkeep\n|turn|21\n|\n|t:|1781438976\n|move|p2a: Palafin|Bulk Up|p2a: Palafin\n|-boost|p2a: Palafin|atk|1\n|-boost|p2a: Palafin|def|1\n|move|p1a: Landorus|Earthquake|p2a: Palafin\n|-damage|p2a: Palafin|159/281\n|\n|-heal|p2a: Palafin|176/281|[from] item: Leftovers\n|-heal|p1a: Landorus|134/260|[from] item: Leftovers\n|upkeep\n|turn|22\n|\n|t:|1781438980\n|move|p2a: Palafin|Ice Punch|p1a: Landorus\n|-supereffective|p1a: Landorus\n|-damage|p1a: Landorus|0 fnt\n|faint|p1a: Landorus\n|\n|-heal|p2a: Palafin|193/281|[from] item: Leftovers\n|upkeep\n|\n|t:|1781438983\n|switch|p1a: Dudunsparce|Dudunsparce, L83, M|343/343\n|turn|23\n|\n|t:|1781438989\n|-terastallize|p1a: Dudunsparce|Ground\n|move|p2a: Palafin|Jet Punch|p1a: Dudunsparce\n|-supereffective|p1a: Dudunsparce\n|-damage|p1a: Dudunsparce|19/343\n|move|p1a: Dudunsparce|Glare|p2a: Palafin\n|-status|p2a: Palafin|par\n|\n|-heal|p1a: Dudunsparce|40/343|[from] item: Leftovers\n|-heal|p2a: Palafin|210/281 par|[from] item: Leftovers\n|upkeep\n|turn|24\n|\n|t:|1781438993\n|move|p2a: Palafin|Jet Punch|p1a: Dudunsparce\n|-supereffective|p1a: Dudunsparce\n|-damage|p1a: Dudunsparce|0 fnt\n|faint|p1a: Dudunsparce\n|\n|-heal|p2a: Palafin|227/281 par|[from] item: Leftovers\n|upkeep\n|\n|t:|1781438994\n|switch|p1a: Plusle|Plusle, L95, M|216/268\n|turn|25\n|\n|t:|1781438996\n|cant|p2a: Palafin|par\n|move|p1a: Plusle|Thunderbolt|p2a: Palafin\n|-supereffective|p2a: Palafin\n|-damage|p2a: Palafin|0 fnt\n|faint|p2a: Palafin\n|-damage|p1a: Plusle|190/268|[from] item: Life Orb\n|\n|upkeep\n|\n|t:|1781439005\n|switch|p2a: Ditto|Ditto, L87|23/225\n|-transform|p2a: Ditto|p1a: Plusle|[from] ability: Imposter\n|turn|26\n|\n|t:|1781439012\n|move|p2a: Ditto|Encore|p1a: Plusle\n|-start|p1a: Plusle|Encore\n|move|p1a: Plusle|Thunderbolt|p2a: Ditto\n|-ability|p2a: Ditto|Lightning Rod|boost\n|-boost|p2a: Ditto|spa|1\n|\n|upkeep\n|turn|27\n|\n|t:|1781439016\n|switch|p2a: Revavroom|Revavroom, L79, F|256/256\n|move|p1a: Plusle|Thunderbolt|p2a: Revavroom\n|-crit|p2a: Revavroom\n|-damage|p2a: Revavroom|0 fnt\n|faint|p2a: Revavroom\n|-damage|p1a: Plusle|164/268|[from] item: Life Orb\n|\n|upkeep\n|\n|t:|1781439018\n|switch|p2a: Ditto|Ditto, L87|23/225\n|-transform|p2a: Ditto|p1a: Plusle|[from] ability: Imposter\n|turn|28\n|\n|t:|1781439020\n|move|p2a: Ditto|Alluring Voice|p1a: Plusle\n|-damage|p1a: Plusle|99/268\n|move|p1a: Plusle|Thunderbolt|p2a: Ditto\n|-ability|p2a: Ditto|Lightning Rod|boost\n|-boost|p2a: Ditto|spa|1\n|\n|-end|p1a: Plusle|Encore\n|upkeep\n|turn|29\n|\n|t:|1781439022\n|move|p2a: Ditto|Alluring Voice|p1a: Plusle\n|-damage|p1a: Plusle|8/268\n|move|p1a: Plusle|Alluring Voice|p2a: Ditto\n|-damage|p2a: Ditto|0 fnt\n|faint|p2a: Ditto\n|-damage|p1a: Plusle|0 fnt|[from] item: Life Orb\n|faint|p1a: Plusle\n|\n|win|dandetheheartless\n", "uploadtime": 1781438788, "views": 4, "formatid": "gen9randombattle", "rating": null, "private": 0, "password": null}