{"id": "gen9randombattle-2631639625", "format": "[Gen 9] Random Battle", "players": ["ky40", "TandemUnicycle"], "log": "|j|\u2606ky40\n|j|\u2606TandemUnicycle\n|t:|1781413101\n|gametype|singles\n|player|p1|ky40|102|1937\n|player|p2|TandemUnicycle|grimsley|1916\n|gen|9\n|tier|[Gen 9] Random Battle\n|rated|\n|rule|Species Clause: Limit one of each Pok\u00e9mon\n|rule|HP Percentage Mod: HP is shown in percentages\n|rule|Sleep Clause Mod: Limit one foe put to sleep\n|rule|Illusion Level Mod: Illusion disguises the Pok\u00e9mon's true level\n|\n|t:|1781413101\n|teamsize|p1|6\n|teamsize|p2|6\n|start\n|switch|p1a: Sylveon|Sylveon, L85, F|300/300\n|switch|p2a: Amoonguss|Amoonguss, L82, F|321/321\n|turn|1\n|\n|t:|1781413143\n|switch|p1a: Sudowoodo|Sudowoodo, L94, F|284/284\n|switch|p2a: Klefki|Klefki, L84, F|233/233\n|\n|upkeep\n|turn|2\n|\n|t:|1781413152\n|switch|p2a: Weezing|Weezing-Galar, L86, F|252/252\n|move|p1a: Sudowoodo|Stealth Rock|p2a: Weezing\n|-sidestart|p2: TandemUnicycle|move: Stealth Rock\n|\n|upkeep\n|turn|3\n|\n|t:|1781413171\n|switch|p1a: Sceptile|Sceptile, L87, F|264/264\n|move|p2a: Weezing|Defog|p1a: Sceptile\n|-unboost|p1a: Sceptile|evasion|1\n|-sideend|p2: TandemUnicycle|Stealth Rock|[from] move: Defog|[of] p2a: Weezing\n|\n|upkeep\n|turn|4\n|\n|t:|1781413184\n|move|p1a: Sceptile|Leech Seed|p2a: Weezing\n|-start|p2a: Weezing|move: Leech Seed\n|move|p2a: Weezing|Gunk Shot|p1a: Sceptile\n|-supereffective|p1a: Sceptile\n|-damage|p1a: Sceptile|0 fnt\n|faint|p1a: Sceptile\n|\n|upkeep\n|\n|t:|1781413194\n|switch|p1a: Kricketune|Kricketune, L99, F|312/312\n|turn|5\n|\n|t:|1781413204\n|switch|p2a: Sableye|Sableye, L88, F|231/231\n|move|p1a: Kricketune|Sticky Web|p2a: Sableye\n|-sidestart|p2: TandemUnicycle|move: Sticky Web\n|\n|upkeep\n|turn|6\n|\n|t:|1781413237\n|move|p2a: Sableye|Will-O-Wisp|p1a: Kricketune\n|-status|p1a: Kricketune|brn\n|move|p1a: Kricketune|Knock Off|p2a: Sableye\n|-damage|p2a: Sableye|188/231\n|-enditem|p2a: Sableye|Leftovers|[from] move: Knock Off|[of] p1a: Kricketune\n|\n|-damage|p1a: Kricketune|293/312 brn|[from] brn\n|upkeep\n|turn|7\n|\n|t:|1781413248\n|move|p1a: Kricketune|Taunt|p2a: Sableye\n|-start|p2a: Sableye|move: Taunt\n|move|p2a: Sableye|Knock Off|p1a: Kricketune\n|-damage|p1a: Kricketune|169/312 brn\n|-enditem|p1a: Kricketune|Heavy-Duty Boots|[from] move: Knock Off|[of] p2a: Sableye\n|\n|-damage|p1a: Kricketune|150/312 brn|[from] brn\n|upkeep\n|turn|8\n|\n|t:|1781413277\n|switch|p1a: Sylveon|Sylveon, L85, F|300/300\n|switch|p2a: Weezing|Weezing-Galar, L86, F|252/252\n|\n|upkeep\n|turn|9\n|\n|t:|1781413285\n|move|p2a: Weezing|Defog|p1a: Sylveon\n|-unboost|p1a: Sylveon|evasion|1\n|-sideend|p2: TandemUnicycle|Sticky Web|[from] move: Defog|[of] p2a: Weezing\n|move|p1a: Sylveon|Wish|p1a: Sylveon\n|\n|upkeep\n|turn|10\n|\n|t:|1781413296\n|switch|p1a: Kricketune|Kricketune, L99, F|150/312 brn\n|move|p2a: Weezing|Gunk Shot|p1a: Kricketune\n|-damage|p1a: Kricketune|0 fnt\n|faint|p1a: Kricketune\n|\n|upkeep\n|\n|t:|1781413313\n|switch|p1a: Shaymin|Shaymin, L82|298/298\n|turn|11\n|\n|t:|1781413319\n|move|p1a: Shaymin|Substitute|p1a: Shaymin\n|-start|p1a: Shaymin|Substitute\n|-damage|p1a: Shaymin|224/298\n|move|p2a: Weezing|Gunk Shot|p1a: Shaymin\n|-supereffective|p1a: Shaymin\n|-end|p1a: Shaymin|Substitute\n|\n|-heal|p1a: Shaymin|242/298|[from] item: Leftovers\n|upkeep\n|turn|12\n|\n|t:|1781413327\n|move|p1a: Shaymin|Substitute|p1a: Shaymin\n|-start|p1a: Shaymin|Substitute\n|-damage|p1a: Shaymin|168/298\n|move|p2a: Weezing|Fire Blast|p1a: Shaymin\n|-supereffective|p1a: Shaymin\n|-end|p1a: Shaymin|Substitute\n|\n|-heal|p1a: Shaymin|186/298|[from] item: Leftovers\n|upkeep\n|turn|13\n|\n|t:|1781413337\n|move|p1a: Shaymin|Substitute|p1a: Shaymin\n|-start|p1a: Shaymin|Substitute\n|-damage|p1a: Shaymin|112/298\n|move|p2a: Weezing|Fire Blast|p1a: Shaymin\n|-supereffective|p1a: Shaymin\n|-end|p1a: Shaymin|Substitute\n|\n|-heal|p1a: Shaymin|130/298|[from] item: Leftovers\n|upkeep\n|turn|14\n|\n|t:|1781413348\n|move|p1a: Shaymin|Leech Seed|p2a: Weezing\n|-start|p2a: Weezing|move: Leech Seed\n|move|p2a: Weezing|Fire Blast|p1a: Shaymin\n|-supereffective|p1a: Shaymin\n|-damage|p1a: Shaymin|0 fnt\n|faint|p1a: Shaymin\n|\n|upkeep\n|-message|ky40 forfeited.\n|\n|win|TandemUnicycle\n", "uploadtime": 1781413102, "views": 3, "formatid": "gen9randombattle", "rating": null, "private": 0, "password": null}