{"id": "gen9randombattle-2632012766", "format": "[Gen 9] Random Battle", "players": ["EmeraldBee", "Ivory Violet"], "log": "|j|\u2606EmeraldBee\n|j|\u2606Ivory Violet\n|t:|1781465881\n|gametype|singles\n|player|p1|EmeraldBee|nate|1246\n|player|p2|Ivory Violet|lady-gen4|1268\n|gen|9\n|tier|[Gen 9] Random Battle\n|rated|\n|rule|Species Clause: Limit one of each Pok\u00e9mon\n|rule|HP Percentage Mod: HP is shown in percentages\n|rule|Sleep Clause Mod: Limit one foe put to sleep\n|rule|Illusion Level Mod: Illusion disguises the Pok\u00e9mon's true level\n|\n|t:|1781465881\n|teamsize|p1|6\n|teamsize|p2|6\n|start\n|switch|p1a: Fezandipiti|Fezandipiti, L82, M|278/278\n|switch|p2a: Morpeko|Morpeko, L88, F|245/245\n|turn|1\n|inactive|Battle timer is ON: inactive players will automatically lose when time's up. (requested by EmeraldBee)\n|\n|t:|1781465909\n|move|p2a: Morpeko|Protect|p2a: Morpeko\n|-singleturn|p2a: Morpeko|Protect\n|move|p1a: Fezandipiti|Play Rough|p2a: Morpeko\n|-activate|p2a: Morpeko|move: Protect\n|\n|-formechange|p2a: Morpeko|Morpeko-Hangry||[from] ability: Hunger Switch\n|upkeep\n|turn|2\n|\n|t:|1781465925\n|switch|p2a: Garchomp|Garchomp, L74, F|282/282\n|move|p1a: Fezandipiti|Play Rough|p2a: Garchomp\n|-supereffective|p2a: Garchomp\n|-damage|p2a: Garchomp|96/282\n|-damage|p1a: Fezandipiti|244/278|[from] ability: Rough Skin|[of] p2a: Garchomp\n|-status|p2a: Garchomp|tox|[from] ability: Toxic Chain|[of] p1a: Fezandipiti\n|\n|-heal|p1a: Fezandipiti|261/278|[from] item: Leftovers\n|-damage|p2a: Garchomp|79/282 tox|[from] psn\n|upkeep\n|turn|3\n|\n|t:|1781465937\n|-terastallize|p2a: Garchomp|Fire\n|move|p1a: Fezandipiti|Play Rough|p2a: Garchomp\n|-resisted|p2a: Garchomp\n|-damage|p2a: Garchomp|36/282 tox\n|-unboost|p2a: Garchomp|atk|1\n|-damage|p1a: Fezandipiti|227/278|[from] ability: Rough Skin|[of] p2a: Garchomp\n|move|p2a: Garchomp|Earthquake|p1a: Fezandipiti\n|-supereffective|p1a: Fezandipiti\n|-damage|p1a: Fezandipiti|77/278\n|\n|-heal|p1a: Fezandipiti|94/278|[from] item: Leftovers\n|-damage|p2a: Garchomp|2/282 tox|[from] psn\n|upkeep\n|turn|4\n|\n|t:|1781465949\n|move|p1a: Fezandipiti|Tera Blast|p2a: Garchomp\n|-damage|p2a: Garchomp|0 fnt\n|faint|p2a: Garchomp\n|\n|-heal|p1a: Fezandipiti|111/278|[from] item: Leftovers\n|upkeep\n|\n|t:|1781465957\n|switch|p2a: Whiscash|Whiscash, L88, F|337/337\n|turn|5\n|\n|t:|1781465966\n|switch|p1a: Forretress|Forretress, L84, F|263/263\n|move|p2a: Whiscash|Earthquake|p1a: Forretress\n|-crit|p1a: Forretress\n|-damage|p1a: Forretress|119/263\n|-damage|p2a: Whiscash|304/337|[from] item: Life Orb\n|\n|-heal|p1a: Forretress|135/263|[from] item: Leftovers\n|upkeep\n|turn|6\n|\n|t:|1781465978\n|move|p2a: Whiscash|Earthquake|p1a: Forretress\n|-damage|p1a: Forretress|48/263\n|-damage|p2a: Whiscash|271/337|[from] item: Life Orb\n|move|p1a: Forretress|Body Press|p2a: Whiscash\n|-damage|p2a: Whiscash|183/337\n|\n|-heal|p1a: Forretress|64/263|[from] item: Leftovers\n|upkeep\n|turn|7\n|\n|t:|1781465990\n|move|p2a: Whiscash|Earthquake|p1a: Forretress\n|-damage|p1a: Forretress|0 fnt\n|faint|p1a: Forretress\n|-damage|p2a: Whiscash|150/337|[from] item: Life Orb\n|\n|upkeep\n|\n|t:|1781466005\n|switch|p1a: Inteleon|Inteleon, L81, F|246/246\n|turn|8\n|\n|t:|1781466027\n|switch|p2a: Beartic|Beartic, L91, F|321/321\n|move|p1a: Inteleon|Scald|p2a: Beartic\n|-damage|p2a: Beartic|171/321\n|-status|p2a: Beartic|brn\n|\n|-damage|p2a: Beartic|151/321 brn|[from] brn\n|upkeep\n|turn|9\n|inactive|Ivory Violet has 120 seconds left.\n|\n|t:|1781466053\n|move|p1a: Inteleon|Scald|p2a: Beartic\n|-damage|p2a: Beartic|0 fnt\n|faint|p2a: Beartic\n|\n|upkeep\n|\n|t:|1781466056\n|switch|p2a: Vivillon|Vivillon-Marine, L83, M|268/268\n|turn|10\n|\n|t:|1781466062\n|switch|p1a: Miraidon|Miraidon, L65|238/238\n|-fieldstart|move: Electric Terrain|[from] ability: Hadron Engine|[of] p1a: Miraidon\n|move|p2a: Vivillon|Sleep Powder|p1a: Miraidon\n|-activate|p1a: Miraidon|move: Electric Terrain\n|\n|upkeep\n|turn|11\n|\n|t:|1781466078\n|switch|p2a: Hitmonchan|Hitmonchan, L87, M|229/229\n|move|p1a: Miraidon|Volt Switch|p2a: Hitmonchan\n|-damage|p2a: Hitmonchan|93/229\n|\n|t:|1781466084\n|switch|p1a: Inteleon|Inteleon, L81, F|246/246|[from] Volt Switch\n|\n|-heal|p2a: Hitmonchan|107/229|[from] item: Leftovers\n|upkeep\n|turn|12\n|\n|t:|1781466092\n|move|p1a: Inteleon|Scald|p2a: Hitmonchan\n|-damage|p2a: Hitmonchan|0 fnt\n|faint|p2a: Hitmonchan\n|\n|upkeep\n|\n|t:|1781466095\n|switch|p2a: Morpeko|Morpeko, L88, F|245/245\n|turn|13\n|\n|t:|1781466116\n|switch|p1a: Fezandipiti|Fezandipiti, L82, M|111/278\n|move|p2a: Morpeko|Aura Wheel|p1a: Fezandipiti\n|-damage|p1a: Fezandipiti|0 fnt\n|-boost|p2a: Morpeko|spe|1\n|faint|p1a: Fezandipiti\n|\n|-formechange|p2a: Morpeko|Morpeko-Hangry||[from] ability: Hunger Switch\n|upkeep\n|inactive|EmeraldBee has 120 seconds left.\n|\n|t:|1781466132\n|switch|p1a: Skeledirge|Skeledirge, L79, M|294/294\n|turn|14\n|\n|t:|1781466151\n|-terastallize|p1a: Skeledirge|Fairy\n|move|p2a: Morpeko|Aura Wheel|p1a: Skeledirge\n|-resisted|p1a: Skeledirge\n|-damage|p1a: Skeledirge|235/294\n|-boost|p2a: Morpeko|spe|1\n|move|p1a: Skeledirge|Will-O-Wisp|p2a: Morpeko\n|-status|p2a: Morpeko|brn\n|\n|-damage|p2a: Morpeko|230/245 brn|[from] brn\n|-fieldend|move: Electric Terrain\n|-formechange|p2a: Morpeko|Morpeko||[from] ability: Hunger Switch\n|upkeep\n|turn|15\n|\n|t:|1781466159\n|move|p2a: Morpeko|Protect|p2a: Morpeko\n|-singleturn|p2a: Morpeko|Protect\n|move|p1a: Skeledirge|Torch Song|p2a: Morpeko\n|-activate|p2a: Morpeko|move: Protect\n|\n|-heal|p2a: Morpeko|245/245 brn|[from] item: Leftovers\n|-damage|p2a: Morpeko|230/245 brn|[from] brn\n|-formechange|p2a: Morpeko|Morpeko-Hangry||[from] ability: Hunger Switch\n|upkeep\n|turn|16\n|\n|t:|1781466171\n|move|p2a: Morpeko|Rapid Spin|p1a: Skeledirge\n|-damage|p1a: Skeledirge|216/294\n|-boost|p2a: Morpeko|spe|1\n|move|p1a: Skeledirge|Torch Song|p2a: Morpeko\n|-crit|p2a: Morpeko\n|-damage|p2a: Morpeko|80/245 brn\n|-boost|p1a: Skeledirge|spa|1\n|\n|-heal|p2a: Morpeko|95/245 brn|[from] item: Leftovers\n|-damage|p2a: Morpeko|80/245 brn|[from] brn\n|-formechange|p2a: Morpeko|Morpeko||[from] ability: Hunger Switch\n|upkeep\n|turn|17\n|\n|t:|1781466178\n|switch|p2a: Whiscash|Whiscash, L88, F|150/337\n|move|p1a: Skeledirge|Torch Song|p2a: Whiscash\n|-resisted|p2a: Whiscash\n|-damage|p2a: Whiscash|76/337\n|-boost|p1a: Skeledirge|spa|1\n|\n|upkeep\n|turn|18\n|\n|t:|1781466191\n|move|p2a: Whiscash|Earthquake|p1a: Skeledirge\n|-damage|p1a: Skeledirge|95/294\n|-damage|p2a: Whiscash|43/337|[from] item: Life Orb\n|move|p1a: Skeledirge|Torch Song|p2a: Whiscash\n|-resisted|p2a: Whiscash\n|-damage|p2a: Whiscash|0 fnt\n|-boost|p1a: Skeledirge|spa|1\n|faint|p2a: Whiscash\n|\n|upkeep\n|\n|t:|1781466215\n|switch|p2a: Vivillon|Vivillon-Marine, L83, M|268/268\n|turn|19\n|\n|t:|1781466219\n|switch|p1a: Miraidon|Miraidon, L65|238/238\n|-fieldstart|move: Electric Terrain|[from] ability: Hadron Engine|[of] p1a: Miraidon\n|move|p2a: Vivillon|Sleep Powder|p1a: Miraidon\n|-activate|p1a: Miraidon|move: Electric Terrain\n|\n|upkeep\n|turn|20\n|\n|t:|1781466226\n|move|p1a: Miraidon|Electro Drift|p2a: Vivillon\n|-supereffective|p2a: Vivillon\n|-damage|p2a: Vivillon|0 fnt\n|faint|p2a: Vivillon\n|\n|upkeep\n|\n|t:|1781466231\n|switch|p2a: Morpeko|Morpeko, L88, F|80/245 brn\n|turn|21\n|\n|t:|1781466235\n|move|p2a: Morpeko|Protect|p2a: Morpeko\n|-singleturn|p2a: Morpeko|Protect\n|move|p1a: Miraidon|Electro Drift|p2a: Morpeko\n|-activate|p2a: Morpeko|move: Protect\n|\n|-heal|p2a: Morpeko|95/245 brn|[from] item: Leftovers\n|-damage|p2a: Morpeko|80/245 brn|[from] brn\n|-formechange|p2a: Morpeko|Morpeko-Hangry||[from] ability: Hunger Switch\n|upkeep\n|turn|22\n|\n|t:|1781466239\n|move|p2a: Morpeko|Knock Off|p1a: Miraidon\n|-damage|p1a: Miraidon|173/238\n|-enditem|p1a: Miraidon|Choice Specs|[from] move: Knock Off|[of] p2a: Morpeko\n|move|p1a: Miraidon|Electro Drift|p2a: Morpeko\n|-resisted|p2a: Morpeko\n|-damage|p2a: Morpeko|0 fnt\n|faint|p2a: Morpeko\n|\n|win|EmeraldBee\n|raw|EmeraldBee's rating: 1246 &rarr; <strong>1273</strong><br />(+27 for winning)\n|raw|Ivory Violet's rating: 1268 &rarr; <strong>1241</strong><br />(-27 for losing)\n|l|\u2606Ivory Violet\n|player|p2|\n", "uploadtime": 1781466246, "views": 3, "formatid": "gen9randombattle", "rating": 1241, "private": 0, "password": null}