{"id": "gen9randombattle-2631669820", "format": "[Gen 9] Random Battle", "players": ["jiuhgyu", "TaleThatWasntRight"], "log": "|j|\u2606jiuhgyu\n|j|\u2606TaleThatWasntRight\n|t:|1781418497\n|gametype|singles\n|player|p1|jiuhgyu|101|1109\n|player|p2|TaleThatWasntRight|battlegirl-gen4|1115\n|gen|9\n|tier|[Gen 9] Random Battle\n|rated|\n|rule|Species Clause: Limit one of each Pok\u00e9mon\n|rule|HP Percentage Mod: HP is shown in percentages\n|rule|Sleep Clause Mod: Limit one foe put to sleep\n|rule|Illusion Level Mod: Illusion disguises the Pok\u00e9mon's true level\n|\n|t:|1781418498\n|teamsize|p1|6\n|teamsize|p2|6\n|start\n|switch|p1a: Iron Jugulis|Iron Jugulis, L77|271/271\n|switch|p2a: Manaphy|Manaphy, L78|284/284\n|turn|1\n|inactive|Battle timer is ON: inactive players will automatically lose when time's up. (requested by TaleThatWasntRight)\n|inactive|jiuhgyu has 120 seconds left.\n|\n|t:|1781418528\n|-end|p1a: Iron Jugulis|Quark Drive|[silent]\n|switch|p1a: Persian|Persian-Alola, L86, M|252/252\n|move|p2a: Manaphy|Ice Beam|p1a: Persian\n|-damage|p1a: Persian|186/252\n|\n|-heal|p1a: Persian|201/252|[from] item: Leftovers\n|upkeep\n|turn|2\n|\n|t:|1781418542\n|switch|p2a: Hitmontop|Hitmontop, L88, M|231/231\n|-ability|p2a: Hitmontop|Intimidate|boost\n|-unboost|p1a: Persian|atk|1\n|move|p1a: Persian|Thunderbolt|p2a: Hitmontop\n|-damage|p2a: Hitmontop|201/231\n|-status|p2a: Hitmontop|par\n|\n|-heal|p1a: Persian|216/252|[from] item: Leftovers\n|upkeep\n|turn|3\n|\n|t:|1781418560\n|move|p1a: Persian|Nasty Plot|p1a: Persian\n|-boost|p1a: Persian|spa|2\n|move|p2a: Hitmontop|Close Combat|p1a: Persian\n|-supereffective|p1a: Persian\n|-damage|p1a: Persian|24/252\n|-unboost|p2a: Hitmontop|def|1\n|-unboost|p2a: Hitmontop|spd|1\n|\n|-heal|p1a: Persian|39/252|[from] item: Leftovers\n|upkeep\n|turn|4\n|\n|t:|1781418570\n|move|p1a: Persian|Nasty Plot|p1a: Persian\n|-boost|p1a: Persian|spa|2\n|cant|p2a: Hitmontop|par\n|\n|-heal|p1a: Persian|54/252|[from] item: Leftovers\n|upkeep\n|turn|5\n|\n|t:|1781418576\n|move|p1a: Persian|Thunderbolt|p2a: Hitmontop\n|-damage|p2a: Hitmontop|60/231 par\n|move|p2a: Hitmontop|Close Combat|p1a: Persian\n|-supereffective|p1a: Persian\n|-crit|p1a: Persian\n|-damage|p1a: Persian|0 fnt\n|-unboost|p2a: Hitmontop|def|1\n|-unboost|p2a: Hitmontop|spd|1\n|faint|p1a: Persian\n|\n|upkeep\n|\n|t:|1781418587\n|switch|p1a: Illumise|Illumise, L91, F|266/266\n|turn|6\n|\n|t:|1781418594\n|move|p2a: Hitmontop|Sucker Punch|p1a: Illumise\n|-damage|p1a: Illumise|210/266\n|move|p1a: Illumise|Bug Buzz|p2a: Hitmontop\n|-resisted|p2a: Hitmontop\n|-damage|p2a: Hitmontop|9/231 par\n|\n|upkeep\n|turn|7\n|\n|t:|1781418600\n|move|p2a: Hitmontop|Sucker Punch|p1a: Illumise\n|-damage|p1a: Illumise|155/266\n|move|p1a: Illumise|Bug Buzz|p2a: Hitmontop\n|-resisted|p2a: Hitmontop\n|-damage|p2a: Hitmontop|0 fnt\n|faint|p2a: Hitmontop\n|\n|upkeep\n|\n|t:|1781418605\n|switch|p2a: Cacturne|Cacturne, L92, M|278/278\n|turn|8\n|\n|t:|1781418611\n|-terastallize|p2a: Cacturne|Poison\n|move|p1a: Illumise|Bug Buzz|p2a: Cacturne\n|-resisted|p2a: Cacturne\n|-damage|p2a: Cacturne|224/278\n|move|p2a: Cacturne|Knock Off|p1a: Illumise\n|-damage|p1a: Illumise|0 fnt\n|-enditem|p1a: Illumise|Heavy-Duty Boots|[from] move: Knock Off|[of] p2a: Cacturne\n|faint|p1a: Illumise\n|-damage|p2a: Cacturne|197/278|[from] item: Life Orb\n|\n|upkeep\n|\n|t:|1781418627\n|switch|p1a: Iron Jugulis|Iron Jugulis, L77|271/271\n|turn|9\n|inactive|TaleThatWasntRight has 120 seconds left.\n|\n|t:|1781418658\n|move|p1a: Iron Jugulis|Earth Power|p2a: Cacturne\n|-supereffective|p2a: Cacturne\n|-damage|p2a: Cacturne|0 fnt\n|faint|p2a: Cacturne\n|\n|upkeep\n|inactive|TaleThatWasntRight has 120 seconds left.\n|\n|t:|1781418664\n|switch|p2a: Sylveon|Sylveon, L85, F|300/300\n|turn|10\n|\n|t:|1781418686\n|-end|p1a: Iron Jugulis|Quark Drive|[silent]\n|switch|p1a: Seviper|Seviper, L93, M|287/287\n|move|p2a: Sylveon|Calm Mind|p2a: Sylveon\n|-boost|p2a: Sylveon|spa|1\n|-boost|p2a: Sylveon|spd|1\n|\n|upkeep\n|turn|11\n|\n|t:|1781418695\n|switch|p2a: Dugtrio|Dugtrio-Alola, L84, F|196/196\n|move|p1a: Seviper|Gunk Shot|p2a: Dugtrio\n|-immune|p2a: Dugtrio\n|\n|upkeep\n|turn|12\n|\n|t:|1781418703\n|move|p2a: Dugtrio|Stealth Rock|p1a: Seviper\n|-sidestart|p1: jiuhgyu|move: Stealth Rock\n|move|p1a: Seviper|Swords Dance|p1a: Seviper\n|-boost|p1a: Seviper|atk|2\n|\n|upkeep\n|turn|13\n|\n|t:|1781418708\n|move|p2a: Dugtrio|Earthquake|p1a: Seviper\n|-supereffective|p1a: Seviper\n|-damage|p1a: Seviper|0 fnt\n|faint|p1a: Seviper\n|-damage|p2a: Dugtrio|177/196|[from] item: Life Orb\n|\n|upkeep\n|\n|t:|1781418713\n|switch|p1a: Blastoise|Blastoise, L80, F|258/258\n|-damage|p1a: Blastoise|226/258|[from] Stealth Rock\n|turn|14\n|\n|t:|1781418729\n|move|p2a: Dugtrio|Earthquake|p1a: Blastoise\n|-damage|p1a: Blastoise|86/258\n|-damage|p2a: Dugtrio|158/196|[from] item: Life Orb\n|move|p1a: Blastoise|Shell Smash|p1a: Blastoise\n|-unboost|p1a: Blastoise|def|1\n|-unboost|p1a: Blastoise|spd|1\n|-boost|p1a: Blastoise|atk|2\n|-boost|p1a: Blastoise|spa|2\n|-boost|p1a: Blastoise|spe|2\n|-enditem|p1a: Blastoise|White Herb\n|-clearnegativeboost|p1a: Blastoise|[silent]\n|\n|upkeep\n|turn|15\n|\n|t:|1781418744\n|move|p2a: Dugtrio|Sucker Punch|p1a: Blastoise\n|-damage|p1a: Blastoise|25/258\n|-damage|p2a: Dugtrio|139/196|[from] item: Life Orb\n|move|p1a: Blastoise|Hydro Pump|p2a: Dugtrio\n|-supereffective|p2a: Dugtrio\n|-damage|p2a: Dugtrio|0 fnt\n|faint|p2a: Dugtrio\n|\n|upkeep\n|\n|t:|1781418751\n|switch|p2a: Sylveon|Sylveon, L85, F|300/300\n|turn|16\n|\n|t:|1781418773\n|move|p1a: Blastoise|Hydro Pump|p2a: Sylveon\n|-crit|p2a: Sylveon\n|-damage|p2a: Sylveon|6/300\n|move|p2a: Sylveon|Hyper Voice|p1a: Blastoise\n|-crit|p1a: Blastoise\n|-damage|p1a: Blastoise|0 fnt\n|faint|p1a: Blastoise\n|\n|-heal|p2a: Sylveon|24/300|[from] item: Leftovers\n|upkeep\n|inactive|jiuhgyu has 120 seconds left.\n|\n|t:|1781418790\n|switch|p1a: Iron Jugulis|Iron Jugulis, L77|271/271\n|-damage|p1a: Iron Jugulis|204/271|[from] Stealth Rock\n|turn|17\n|\n|t:|1781418799\n|move|p2a: Sylveon|Protect|p2a: Sylveon\n|-singleturn|p2a: Sylveon|Protect\n|move|p1a: Iron Jugulis|Earth Power|p2a: Sylveon\n|-activate|p2a: Sylveon|move: Protect\n|\n|-heal|p2a: Sylveon|42/300|[from] item: Leftovers\n|upkeep\n|turn|18\n|\n|t:|1781418807\n|switch|p2a: Jumpluff|Jumpluff, L87, F|271/271\n|move|p1a: Iron Jugulis|Earth Power|p2a: Jumpluff\n|-immune|p2a: Jumpluff\n|\n|upkeep\n|turn|19\n|\n|t:|1781418817\n|-end|p1a: Iron Jugulis|Quark Drive|[silent]\n|switch|p1a: Dachsbun|Dachsbun, L92, M|254/254\n|-damage|p1a: Dachsbun|223/254|[from] Stealth Rock\n|move|p2a: Jumpluff|Encore||[still]\n|-fail|p2a: Jumpluff\n|\n|-heal|p1a: Dachsbun|238/254|[from] item: Leftovers\n|upkeep\n|turn|20\n|\n|t:|1781418828\n|switch|p1a: Iron Jugulis|Iron Jugulis, L77|204/271\n|-damage|p1a: Iron Jugulis|137/271|[from] Stealth Rock\n|move|p2a: Jumpluff|Sleep Powder|p1a: Iron Jugulis\n|-status|p1a: Iron Jugulis|slp|[from] move: Sleep Powder\n|\n|upkeep\n|turn|21\n|\n|t:|1781418837\n|move|p2a: Jumpluff|Acrobatics|p1a: Iron Jugulis\n|-damage|p1a: Iron Jugulis|44/271 slp\n|cant|p1a: Iron Jugulis|slp\n|\n|upkeep\n|turn|22\n|\n|t:|1781418841\n|move|p2a: Jumpluff|Acrobatics|p1a: Iron Jugulis\n|-damage|p1a: Iron Jugulis|0 fnt\n|faint|p1a: Iron Jugulis\n|-end|p1a: Iron Jugulis|Quark Drive|[silent]\n|\n|upkeep\n|\n|t:|1781418845\n|switch|p1a: Dachsbun|Dachsbun, L92, M|238/254\n|-damage|p1a: Dachsbun|207/254|[from] Stealth Rock\n|turn|23\n|\n|t:|1781418852\n|move|p2a: Jumpluff|Sleep Powder|p1a: Dachsbun\n|-status|p1a: Dachsbun|slp|[from] move: Sleep Powder\n|cant|p1a: Dachsbun|slp\n|\n|-heal|p1a: Dachsbun|222/254 slp|[from] item: Leftovers\n|upkeep\n|turn|24\n|-message|jiuhgyu forfeited.\n|\n|win|TaleThatWasntRight\n|raw|jiuhgyu's rating: 1109 &rarr; <strong>1084</strong><br />(-25 for losing)\n|raw|TaleThatWasntRight's rating: 1115 &rarr; <strong>1140</strong><br />(+25 for winning)\n|l|\u2606jiuhgyu\n|player|p1|\n", "uploadtime": 1781418859, "views": 4, "formatid": "gen9randombattle", "rating": 1084, "private": 0, "password": null}