{"id": "gen9randombattle-2631947940", "format": "[Gen 9] Random Battle", "players": ["RedDudeN64", "oddishlover4"], "log": "|badge|p2|bronze|gen9ou|100-9\n|uhtml|medal-msg|<div class=\"broadcast-blue\">Curious what those medals under the avatar are? PS now has Ladder Seasons! For more information, check out the <a href=\"https://www.smogon.com/forums/threads/3740067/\">thread on Smogon.</a></div>\n|j|\u2606RedDudeN64\n|j|\u2606oddishlover4\n|t:|1781458802\n|gametype|singles\n|player|p1|RedDudeN64|red|2135\n|player|p2|oddishlover4|266|2311\n|gen|9\n|tier|[Gen 9] Random Battle\n|rated|\n|rule|Species Clause: Limit one of each Pok\u00e9mon\n|rule|HP Percentage Mod: HP is shown in percentages\n|rule|Sleep Clause Mod: Limit one foe put to sleep\n|rule|Illusion Level Mod: Illusion disguises the Pok\u00e9mon's true level\n|\n|t:|1781458802\n|teamsize|p1|6\n|teamsize|p2|6\n|start\n|switch|p1a: Wyrdeer|Wyrdeer, L87, M|321/321\n|switch|p2a: Volcanion|Volcanion, L79|256/256\n|-ability|p1a: Wyrdeer|Intimidate|boost\n|-unboost|p2a: Volcanion|atk|1\n|turn|1\n|inactive|Battle timer is ON: inactive players will automatically lose when time's up. (requested by RedDudeN64)\n|\n|t:|1781458820\n|move|p1a: Wyrdeer|Earthquake|p2a: Volcanion\n|-supereffective|p2a: Volcanion\n|-damage|p2a: Volcanion|130/256\n|move|p2a: Volcanion|Steam Eruption|p1a: Wyrdeer\n|-damage|p1a: Wyrdeer|170/321\n|\n|-heal|p1a: Wyrdeer|190/321|[from] item: Leftovers\n|upkeep\n|turn|2\n|c|\u2606oddishlover4|gl/hf!\n|inactive|oddishlover4 also wants the timer to be on.\n|\n|t:|1781458839\n|switch|p2a: Ursaring|Ursaring, L84, M|288/288\n|move|p1a: Wyrdeer|Earthquake|p2a: Ursaring\n|-damage|p2a: Ursaring|198/288\n|\n|-heal|p1a: Wyrdeer|210/321|[from] item: Leftovers\n|-status|p2a: Ursaring|tox|[from] item: Toxic Orb\n|upkeep\n|turn|3\n|inactive|RedDudeN64 has 120 seconds left.\n|\n|t:|1781458876\n|move|p2a: Ursaring|Facade|p1a: Wyrdeer\n|-damage|p1a: Wyrdeer|0 fnt\n|faint|p1a: Wyrdeer\n|\n|-damage|p2a: Ursaring|180/288 tox|[from] psn\n|upkeep\n|\n|t:|1781458888\n|switch|p1a: Umbreon|Umbreon, L84, F|297/297\n|turn|4\n|\n|t:|1781458906\n|switch|p2a: Yanmega|Yanmega, L82, F|275/275\n|move|p1a: Umbreon|Foul Play|p2a: Yanmega\n|-damage|p2a: Yanmega|196/275\n|\n|upkeep\n|turn|5\n|inactive|RedDudeN64 has 120 seconds left.\n|\n|t:|1781458925\n|move|p1a: Umbreon|Protect|p1a: Umbreon\n|-singleturn|p1a: Umbreon|Protect\n|move|p2a: Yanmega|Bug Buzz|p1a: Umbreon\n|-activate|p1a: Umbreon|move: Protect\n|\n|upkeep\n|turn|6\n|inactive|oddishlover4 has 120 seconds left.\n|\n|t:|1781458943\n|switch|p1a: Volbeat|Volbeat, L90, M|263/263\n|move|p2a: Yanmega|Bug Buzz|p1a: Volbeat\n|-damage|p1a: Volbeat|104/263\n|\n|upkeep\n|turn|7\n|inactive|oddishlover4 has 120 seconds left.\n|inactive|RedDudeN64 has 120 seconds left.\n|\n|t:|1781458970\n|move|p1a: Volbeat|Roost|p1a: Volbeat\n|-heal|p1a: Volbeat|236/263\n|-singleturn|p1a: Volbeat|move: Roost\n|move|p2a: Yanmega|Bug Buzz|p1a: Volbeat\n|-damage|p1a: Volbeat|82/263\n|\n|upkeep\n|turn|8\n|inactive|oddishlover4 has 120 seconds left.\n|\n|t:|1781458988\n|move|p1a: Volbeat|Thunder Wave|p2a: Yanmega\n|-status|p2a: Yanmega|par\n|cant|p2a: Yanmega|par\n|\n|upkeep\n|turn|9\n|\n|t:|1781459006\n|move|p1a: Volbeat|U-turn|p2a: Yanmega\n|-resisted|p2a: Yanmega\n|-damage|p2a: Yanmega|161/275 par\n|inactive|RedDudeN64 has 120 seconds left.\n|\n|t:|1781459016\n|switch|p1a: Bombirdier|Bombirdier, L85, M|258/258|[from] U-turn\n|move|p2a: Yanmega|Bug Buzz|p1a: Bombirdier\n|-crit|p1a: Bombirdier\n|-damage|p1a: Bombirdier|11/258\n|\n|upkeep\n|turn|10\n|\n|t:|1781459034\n|switch|p2a: Garchomp|Garchomp, L74, M|282/282\n|move|p1a: Bombirdier|Brave Bird|p2a: Garchomp\n|-damage|p2a: Garchomp|138/282\n|-damage|p1a: Bombirdier|0 fnt|[from] ability: Rough Skin|[of] p2a: Garchomp\n|faint|p1a: Bombirdier\n|\n|upkeep\n|inactive|RedDudeN64 has 120 seconds left.\n|inactive|RedDudeN64 has 90 seconds left.\n|\n|t:|1781459080\n|switch|p1a: Umbreon|Umbreon, L84, F|297/297\n|turn|11\n|\n|t:|1781459098\n|switch|p2a: Yanmega|Yanmega, L82, F|161/275 par\n|move|p1a: Umbreon|Foul Play|p2a: Yanmega\n|-damage|p2a: Yanmega|79/275 par\n|\n|upkeep\n|turn|12\n|\n|t:|1781459117\n|switch|p2a: Garchomp|Garchomp, L74, M|138/282\n|move|p1a: Umbreon|Foul Play|p2a: Garchomp\n|-damage|p2a: Garchomp|14/282\n|-damage|p1a: Umbreon|260/297|[from] ability: Rough Skin|[of] p2a: Garchomp\n|-damage|p1a: Umbreon|211/297|[from] item: Rocky Helmet|[of] p2a: Garchomp\n|\n|-heal|p1a: Umbreon|229/297|[from] item: Leftovers\n|upkeep\n|turn|13\n|\n|t:|1781459135\n|move|p1a: Umbreon|Wish|p1a: Umbreon\n|move|p2a: Garchomp|Dragon Tail|p1a: Umbreon\n|-damage|p1a: Umbreon|180/297\n|drag|p1a: Smeargle|Smeargle, L95, M|258/258\n|\n|upkeep\n|turn|14\n|inactive|oddishlover4 has 90 seconds left.\n|inactive|RedDudeN64 has 90 seconds left.\n|\n|t:|1781459166\n|switch|p1a: Umbreon|Umbreon, L84, F|180/297\n|move|p2a: Garchomp|Dragon Tail|p1a: Umbreon|[miss]\n|-miss|p2a: Garchomp|p1a: Umbreon\n|\n|-heal|p1a: Umbreon|297/297|[from] move: Wish|[wisher] Umbreon\n|upkeep\n|turn|15\n|inactive|oddishlover4 has 90 seconds left.\n|\n|t:|1781459184\n|move|p1a: Umbreon|Toxic|p2a: Garchomp\n|-status|p2a: Garchomp|tox\n|move|p2a: Garchomp|Dragon Tail|p1a: Umbreon\n|-damage|p1a: Umbreon|248/297\n|drag|p1a: Hypno|Hypno, L95, F|315/315\n|\n|-damage|p2a: Garchomp|0 fnt|[from] psn\n|faint|p2a: Garchomp\n|upkeep\n|\n|t:|1781459201\n|switch|p2a: Ursaring|Ursaring, L84, M|180/288 tox\n|turn|16\n|inactive|RedDudeN64 has 90 seconds left.\n|\n|t:|1781459238\n|move|p2a: Ursaring|Facade|p1a: Hypno\n|-damage|p1a: Hypno|107/315\n|move|p1a: Hypno|Psychic Noise|p2a: Ursaring\n|-damage|p2a: Ursaring|89/288 tox\n|-start|p2a: Ursaring|move: Heal Block\n|\n|-heal|p1a: Hypno|126/315|[from] item: Leftovers\n|-damage|p2a: Ursaring|71/288 tox|[from] psn\n|upkeep\n|turn|17\n|\n|t:|1781459256\n|move|p2a: Ursaring|Facade|p1a: Hypno\n|-damage|p1a: Hypno|0 fnt\n|faint|p1a: Hypno\n|\n|-damage|p2a: Ursaring|35/288 tox|[from] psn\n|-end|p2a: Ursaring|move: Heal Block\n|upkeep\n|inactive|RedDudeN64 has 60 seconds left.\n|\n|t:|1781459278\n|switch|p1a: Umbreon|Umbreon, L84, F|248/297\n|turn|18\n|\n|t:|1781459296\n|switch|p2a: Rotom|Rotom, L88|231/231\n|move|p1a: Umbreon|Protect||[still]\n|-fail|p1a: Umbreon\n|\n|-heal|p1a: Umbreon|266/297|[from] item: Leftovers\n|upkeep\n|turn|19\n|inactive|oddishlover4 has 60 seconds left.\n|\n|t:|1781459314\n|move|p2a: Rotom|Will-O-Wisp|p1a: Umbreon\n|-status|p1a: Umbreon|brn\n|-activate|p1a: Umbreon|ability: Synchronize\n|-status|p2a: Rotom|brn\n|move|p1a: Umbreon|Toxic||[still]\n|-fail|p1a: Umbreon\n|\n|-heal|p1a: Umbreon|284/297 brn|[from] item: Leftovers\n|-damage|p2a: Rotom|217/231 brn|[from] brn\n|-damage|p1a: Umbreon|266/297 brn|[from] brn\n|upkeep\n|turn|20\n|inactive|oddishlover4 has 60 seconds left.\n|\n|t:|1781459332\n|move|p2a: Rotom|Nasty Plot|p2a: Rotom\n|-boost|p2a: Rotom|spa|2\n|move|p1a: Umbreon|Foul Play|p2a: Rotom\n|-supereffective|p2a: Rotom\n|-damage|p2a: Rotom|172/231 brn\n|\n|-heal|p1a: Umbreon|284/297 brn|[from] item: Leftovers\n|-damage|p2a: Rotom|158/231 brn|[from] brn\n|-damage|p1a: Umbreon|266/297 brn|[from] brn\n|upkeep\n|turn|21\n|inactive|oddishlover4 has 60 seconds left.\n|inactive|RedDudeN64 has 60 seconds left.\n|\n|t:|1781459361\n|-terastallize|p2a: Rotom|Electric\n|move|p2a: Rotom|Thunderbolt|p1a: Umbreon\n|-damage|p1a: Umbreon|0 fnt\n|faint|p1a: Umbreon\n|-damage|p2a: Rotom|135/231 brn|[from] item: Life Orb\n|\n|-damage|p2a: Rotom|121/231 brn|[from] brn\n|upkeep\n|inactive|RedDudeN64 has 60 seconds left.\n|-message|RedDudeN64 forfeited.\n|\n|win|oddishlover4\n", "uploadtime": 1781458804, "views": 4, "formatid": "gen9randombattle", "rating": null, "private": 0, "password": null}