{"id": "gen9randombattle-2631899310", "format": "[Gen 9] Random Battle", "players": ["noKlew", "Bellior"], "log": "|j|\u2606noKlew\n|j|\u2606Bellior\n|t:|1781453472\n|gametype|singles\n|player|p1|noKlew|265|1990\n|player|p2|Bellior|169|1928\n|gen|9\n|tier|[Gen 9] Random Battle\n|rated|\n|rule|Species Clause: Limit one of each Pok\u00e9mon\n|rule|HP Percentage Mod: HP is shown in percentages\n|rule|Sleep Clause Mod: Limit one foe put to sleep\n|rule|Illusion Level Mod: Illusion disguises the Pok\u00e9mon's true level\n|\n|t:|1781453472\n|teamsize|p1|6\n|teamsize|p2|6\n|start\n|switch|p1a: Farigiraf|Farigiraf, L90, M|362/362\n|switch|p2a: Kyurem|Kyurem-White, L73|303/303\n|-ability|p2a: Kyurem|Turboblaze\n|turn|1\n|inactive|Battle timer is ON: inactive players will automatically lose when time's up. (requested by Bellior)\n|inactive|noKlew also wants the timer to be on.\n|\n|t:|1781453491\n|move|p2a: Kyurem|Ice Beam|p1a: Farigiraf\n|-damage|p1a: Farigiraf|224/362\n|move|p1a: Farigiraf|Body Slam|p2a: Kyurem\n|-damage|p2a: Kyurem|191/303\n|-status|p2a: Kyurem|par\n|\n|-heal|p1a: Farigiraf|246/362|[from] item: Leftovers\n|upkeep\n|turn|2\n|\n|t:|1781453502\n|move|p1a: Farigiraf|Wish|p1a: Farigiraf\n|move|p2a: Kyurem|Ice Beam|p1a: Farigiraf\n|-damage|p1a: Farigiraf|107/362\n|\n|-heal|p1a: Farigiraf|129/362|[from] item: Leftovers\n|upkeep\n|turn|3\n|\n|t:|1781453513\n|switch|p2a: Dipplin|Dipplin, L88, M|284/284\n|move|p1a: Farigiraf|Protect||[still]\n|-fail|p1a: Farigiraf\n|\n|-heal|p1a: Farigiraf|310/362|[from] move: Wish|[wisher] Farigiraf\n|-heal|p1a: Farigiraf|332/362|[from] item: Leftovers\n|upkeep\n|turn|4\n|\n|t:|1781453522\n|switch|p1a: Muk|Muk, L86, F|321/321\n|move|p2a: Dipplin|Dragon Tail|p1a: Muk\n|-damage|p1a: Muk|248/321\n|drag|p1a: Haxorus|Haxorus, L77, M|244/244\n|-ability|p1a: Haxorus|Mold Breaker\n|\n|upkeep\n|turn|5\n|\n|t:|1781453532\n|switch|p1a: Muk|Muk, L86, F|248/321\n|move|p2a: Dipplin|Dragon Tail|p1a: Muk\n|-damage|p1a: Muk|181/321\n|drag|p1a: Iron Jugulis|Iron Jugulis, L77|271/271\n|\n|upkeep\n|turn|6\n|\n|t:|1781453544\n|switch|p2a: Regieleki|Regieleki, L79|256/256\n|move|p1a: Iron Jugulis|Hurricane|p2a: Regieleki\n|-resisted|p2a: Regieleki\n|-crit|p2a: Regieleki\n|-damage|p2a: Regieleki|40/256\n|\n|upkeep\n|turn|7\n|\n|t:|1781453561\n|-end|p1a: Iron Jugulis|Quark Drive|[silent]\n|switch|p1a: Muk|Muk, L86, F|181/321\n|move|p2a: Regieleki|Thunderbolt|p1a: Muk\n|-damage|p1a: Muk|66/321\n|\n|-heal|p1a: Muk|86/321|[from] item: Leftovers\n|upkeep\n|turn|8\n|\n|t:|1781453571\n|move|p2a: Regieleki|Thunderbolt|p1a: Muk\n|-damage|p1a: Muk|0 fnt\n|faint|p1a: Muk\n|\n|upkeep\n|\n|t:|1781453580\n|switch|p1a: Farigiraf|Farigiraf, L90, M|332/362\n|turn|9\n|\n|t:|1781453588\n|move|p2a: Regieleki|Volt Switch|p1a: Farigiraf\n|-damage|p1a: Farigiraf|218/362\n|\n|t:|1781453594\n|switch|p2a: Kyurem|Kyurem-White, L73|191/303 par|[from] Volt Switch\n|-ability|p2a: Kyurem|Turboblaze\n|move|p1a: Farigiraf|Body Slam|p2a: Kyurem\n|-damage|p2a: Kyurem|77/303 par\n|\n|-heal|p1a: Farigiraf|240/362|[from] item: Leftovers\n|upkeep\n|turn|10\n|\n|t:|1781453606\n|move|p1a: Farigiraf|Protect|p1a: Farigiraf\n|-singleturn|p1a: Farigiraf|Protect\n|move|p2a: Kyurem|Draco Meteor|p1a: Farigiraf\n|-activate|p1a: Farigiraf|move: Protect\n|\n|-heal|p1a: Farigiraf|262/362|[from] item: Leftovers\n|upkeep\n|turn|11\n|\n|t:|1781453614\n|move|p1a: Farigiraf|Psychic Noise|p2a: Kyurem\n|-damage|p2a: Kyurem|0 fnt\n|faint|p2a: Kyurem\n|\n|-heal|p1a: Farigiraf|284/362|[from] item: Leftovers\n|upkeep\n|\n|t:|1781453627\n|switch|p2a: Stonjourner|Stonjourner, L91, M|330/330\n|turn|12\n|\n|t:|1781453642\n|move|p2a: Stonjourner|Stone Edge|p1a: Farigiraf\n|-damage|p1a: Farigiraf|76/362\n|-damage|p2a: Stonjourner|297/330|[from] item: Life Orb\n|move|p1a: Farigiraf|Psychic Noise|p2a: Stonjourner\n|-damage|p2a: Stonjourner|60/330\n|-start|p2a: Stonjourner|move: Heal Block\n|\n|-heal|p1a: Farigiraf|98/362|[from] item: Leftovers\n|upkeep\n|turn|13\n|\n|t:|1781453663\n|move|p2a: Stonjourner|Earthquake|p1a: Farigiraf\n|-damage|p1a: Farigiraf|0 fnt\n|faint|p1a: Farigiraf\n|-damage|p2a: Stonjourner|27/330|[from] item: Life Orb\n|\n|-end|p2a: Stonjourner|move: Heal Block\n|upkeep\n|\n|t:|1781453672\n|switch|p1a: Zangoose|Zangoose, L85, F|263/263\n|turn|14\n|\n|t:|1781453677\n|move|p1a: Zangoose|Knock Off|p2a: Stonjourner\n|-damage|p2a: Stonjourner|0 fnt\n|-enditem|p2a: Stonjourner|Life Orb|[from] move: Knock Off|[of] p1a: Zangoose\n|faint|p2a: Stonjourner\n|\n|-status|p1a: Zangoose|tox|[from] item: Toxic Orb\n|upkeep\n|\n|t:|1781453692\n|switch|p2a: Drednaw|Drednaw, L81, F|278/278\n|turn|15\n|\n|t:|1781453703\n|move|p1a: Zangoose|Close Combat|p2a: Drednaw\n|-supereffective|p2a: Drednaw\n|-damage|p2a: Drednaw|0 fnt\n|-unboost|p1a: Zangoose|def|1\n|-unboost|p1a: Zangoose|spd|1\n|faint|p2a: Drednaw\n|\n|-damage|p1a: Zangoose|247/263 tox|[from] psn\n|upkeep\n|\n|t:|1781453716\n|switch|p2a: Regieleki|Regieleki, L79|40/256\n|turn|16\n|\n|t:|1781453723\n|move|p1a: Zangoose|Quick Attack|p2a: Regieleki\n|-damage|p2a: Regieleki|0 fnt\n|faint|p2a: Regieleki\n|\n|-damage|p1a: Zangoose|215/263 tox|[from] psn\n|upkeep\n|\n|t:|1781453732\n|switch|p2a: Dipplin|Dipplin, L88, M|284/284\n|turn|17\n|\n|t:|1781453736\n|switch|p1a: Swanna|Swanna, L89, M|278/278\n|move|p2a: Dipplin|Giga Drain|p1a: Swanna\n|-damage|p1a: Swanna|169/278\n|\n|upkeep\n|turn|18\n|\n|t:|1781453754\n|-terastallize|p2a: Dipplin|Steel\n|move|p1a: Swanna|Brave Bird|p2a: Dipplin\n|-resisted|p2a: Dipplin\n|-damage|p2a: Dipplin|249/284\n|-damage|p1a: Swanna|157/278|[from] Recoil\n|move|p2a: Dipplin|Giga Drain|p1a: Swanna\n|-damage|p1a: Swanna|46/278\n|-heal|p2a: Dipplin|284/284|[from] drain|[of] p1a: Swanna\n|\n|upkeep\n|turn|19\n|\n|t:|1781453764\n|move|p1a: Swanna|Hydro Pump|p2a: Dipplin|[miss]\n|-miss|p1a: Swanna|p2a: Dipplin\n|move|p2a: Dipplin|Dragon Tail|p1a: Swanna\n|-damage|p1a: Swanna|0 fnt\n|faint|p1a: Swanna\n|\n|upkeep\n|\n|t:|1781453767\n|switch|p1a: Zangoose|Zangoose, L85, F|215/263 tox\n|turn|20\n|\n|t:|1781453781\n|switch|p1a: Iron Jugulis|Iron Jugulis, L77|271/271\n|move|p2a: Dipplin|Giga Drain|p1a: Iron Jugulis\n|-resisted|p1a: Iron Jugulis\n|-damage|p1a: Iron Jugulis|220/271\n|\n|upkeep\n|turn|21\n|\n|t:|1781453789\n|switch|p2a: Ludicolo|Ludicolo, L90, F|290/290\n|move|p1a: Iron Jugulis|Earth Power|p2a: Ludicolo\n|-resisted|p2a: Ludicolo\n|-damage|p2a: Ludicolo|253/290\n|\n|upkeep\n|turn|22\n|\n|t:|1781453805\n|-end|p1a: Iron Jugulis|Quark Drive|[silent]\n|switch|p1a: Haxorus|Haxorus, L77, M|244/244\n|-ability|p1a: Haxorus|Mold Breaker\n|move|p2a: Ludicolo|Ice Beam|p1a: Haxorus\n|-supereffective|p1a: Haxorus\n|-damage|p1a: Haxorus|0 fnt\n|faint|p1a: Haxorus\n|\n|upkeep\n|\n|t:|1781453823\n|switch|p1a: Zangoose|Zangoose, L85, F|215/263 tox\n|turn|23\n|inactive|noKlew has 120 seconds left.\n|\n|t:|1781453839\n|move|p1a: Zangoose|Close Combat|p2a: Ludicolo\n|-damage|p2a: Ludicolo|97/290\n|-unboost|p1a: Zangoose|def|1\n|-unboost|p1a: Zangoose|spd|1\n|move|p2a: Ludicolo|Ice Beam|p1a: Zangoose\n|-damage|p1a: Zangoose|22/263 tox\n|\n|-damage|p1a: Zangoose|6/263 tox|[from] psn\n|upkeep\n|turn|24\n|\n|t:|1781453849\n|move|p1a: Zangoose|Close Combat|p2a: Ludicolo\n|-damage|p2a: Ludicolo|0 fnt\n|-unboost|p1a: Zangoose|def|1\n|-unboost|p1a: Zangoose|spd|1\n|faint|p2a: Ludicolo\n|\n|-damage|p1a: Zangoose|0 fnt|[from] psn\n|faint|p1a: Zangoose\n|upkeep\n|\n|t:|1781453859\n|switch|p1a: Iron Jugulis|Iron Jugulis, L77|220/271\n|switch|p2a: Dipplin|Dipplin, L88, M, tera:Steel|284/284\n|turn|25\n|\n|t:|1781453866\n|move|p1a: Iron Jugulis|Earth Power|p2a: Dipplin\n|-supereffective|p2a: Dipplin\n|-damage|p2a: Dipplin|152/284\n|move|p2a: Dipplin|Giga Drain|p1a: Iron Jugulis\n|-resisted|p1a: Iron Jugulis\n|-damage|p1a: Iron Jugulis|171/271\n|-heal|p2a: Dipplin|177/284|[from] drain|[of] p1a: Iron Jugulis\n|\n|upkeep\n|turn|26\n|\n|t:|1781453875\n|move|p1a: Iron Jugulis|Earth Power|p2a: Dipplin\n|-supereffective|p2a: Dipplin\n|-damage|p2a: Dipplin|47/284\n|-unboost|p2a: Dipplin|spd|1\n|move|p2a: Dipplin|Recover|p2a: Dipplin\n|-heal|p2a: Dipplin|189/284\n|\n|upkeep\n|turn|27\n|\n|t:|1781453883\n|move|p1a: Iron Jugulis|Earth Power|p2a: Dipplin\n|-supereffective|p2a: Dipplin\n|-damage|p2a: Dipplin|0 fnt\n|faint|p2a: Dipplin\n|\n|win|noKlew\n", "uploadtime": 1781453474, "views": 3, "formatid": "gen9randombattle", "rating": null, "private": 0, "password": null}