{"id": "gen9randombattle-2631954878", "format": "[Gen 9] Random Battle", "players": ["laundry bias", "Lachrymose"], "log": "|j|\u2606laundry bias\n|j|\u203dLachrymose\n|t:|1781459560\n|gametype|singles\n|player|p1|laundry bias|101|1951\n|player|p2|Lachrymose|2|1961\n|gen|9\n|tier|[Gen 9] Random Battle\n|rated|\n|rule|Species Clause: Limit one of each Pok\u00e9mon\n|rule|HP Percentage Mod: HP is shown in percentages\n|rule|Sleep Clause Mod: Limit one foe put to sleep\n|rule|Illusion Level Mod: Illusion disguises the Pok\u00e9mon's true level\n|\n|t:|1781459560\n|teamsize|p1|6\n|teamsize|p2|6\n|start\n|switch|p1a: Slowbro|Slowbro, L85, F|300/300\n|switch|p2a: Chandelure|Chandelure, L83, M|235/235\n|turn|1\n|inactive|Battle timer is ON: inactive players will automatically lose when time's up. (requested by laundry bias)\n|\n|t:|1781459569\n|switch|p1a: Dewgong|Dewgong, L94, M|322/322\n|move|p2a: Chandelure|Shadow Ball|p1a: Dewgong\n|-damage|p1a: Dewgong|261/322\n|\n|upkeep\n|turn|2\n|\n|t:|1781459575\n|switch|p2a: Reshiram|Reshiram, L76|277/277\n|-ability|p2a: Reshiram|Turboblaze\n|move|p1a: Dewgong|Knock Off|p2a: Reshiram\n|-damage|p2a: Reshiram|211/277\n|-enditem|p2a: Reshiram|Heavy-Duty Boots|[from] move: Knock Off|[of] p1a: Dewgong\n|\n|upkeep\n|turn|3\n|\n|t:|1781459598\n|move|p1a: Dewgong|Flip Turn|p2a: Reshiram\n|-damage|p2a: Reshiram|151/277\n|\n|t:|1781459599\n|switch|p1a: Slowbro|Slowbro, L85, F|300/300|[from] Flip Turn\n|move|p2a: Reshiram|Stone Edge|p1a: Slowbro|[miss]\n|-miss|p2a: Reshiram|p1a: Slowbro\n|\n|upkeep\n|turn|4\n|\n|t:|1781459628\n|switch|p2a: Decidueye|Decidueye-Hisui, L87, M|295/295\n|move|p1a: Slowbro|Iron Defense|p1a: Slowbro\n|-boost|p1a: Slowbro|def|2\n|\n|upkeep\n|turn|5\n|\n|t:|1781459638\n|move|p2a: Decidueye|Leaf Blade|p1a: Slowbro\n|-supereffective|p1a: Slowbro\n|-crit|p1a: Slowbro\n|-damage|p1a: Slowbro|0 fnt\n|faint|p1a: Slowbro\n|\n|upkeep\n|\n|t:|1781459641\n|switch|p1a: Toucannon|Toucannon, L88, F|284/284\n|turn|6\n|\n|t:|1781459650\n|switch|p2a: Glimmora|Glimmora, L75, M|248/248\n|-singleturn|p1a: Toucannon|move: Beak Blast\n|move|p1a: Toucannon|Beak Blast|p2a: Glimmora\n|-resisted|p2a: Glimmora\n|-damage|p2a: Glimmora|167/248\n|-activate|p2a: Glimmora|ability: Toxic Debris\n|-sidestart|p1: laundry bias|move: Toxic Spikes\n|\n|upkeep\n|turn|7\n|\n|t:|1781459659\n|switch|p1a: Klefki|Klefki, L84, F|233/233\n|move|p2a: Glimmora|Meteor Beam||[still]\n|-prepare|p2a: Glimmora|Meteor Beam\n|-boost|p2a: Glimmora|spa|1\n|-enditem|p2a: Glimmora|Power Herb\n|-anim|p2a: Glimmora|Meteor Beam|p1a: Klefki\n|-resisted|p1a: Klefki\n|-damage|p1a: Klefki|128/233\n|\n|-heal|p1a: Klefki|142/233|[from] item: Leftovers\n|upkeep\n|turn|8\n|\n|t:|1781459668\n|move|p1a: Klefki|Magnet Rise|p1a: Klefki\n|-start|p1a: Klefki|Magnet Rise\n|move|p2a: Glimmora|Earth Power|p1a: Klefki\n|-immune|p1a: Klefki\n|\n|-heal|p1a: Klefki|156/233|[from] item: Leftovers\n|upkeep\n|turn|9\n|\n|t:|1781459680\n|switch|p2a: Chandelure|Chandelure, L83, M|235/235\n|move|p1a: Klefki|Spikes|p2a: Chandelure\n|-sidestart|p2: Lachrymose|Spikes\n|\n|-heal|p1a: Klefki|170/233|[from] item: Leftovers\n|upkeep\n|turn|10\n|\n|t:|1781459700\n|switch|p1a: Regirock|Regirock, L83|268/268\n|-status|p1a: Regirock|psn\n|move|p2a: Chandelure|Fire Blast|p1a: Regirock\n|-resisted|p1a: Regirock\n|-damage|p1a: Regirock|199/268 psn\n|\n|-heal|p1a: Regirock|215/268 psn|[from] item: Leftovers\n|-damage|p1a: Regirock|182/268 psn|[from] psn\n|upkeep\n|turn|11\n|\n|t:|1781459708\n|switch|p2a: Glimmora|Glimmora, L75, M|167/248\n|-damage|p2a: Glimmora|136/248|[from] Spikes\n|move|p1a: Regirock|Thunder Wave|p2a: Glimmora\n|-status|p2a: Glimmora|par\n|\n|-heal|p1a: Regirock|198/268 psn|[from] item: Leftovers\n|-damage|p1a: Regirock|165/268 psn|[from] psn\n|upkeep\n|turn|12\n|\n|t:|1781459716\n|move|p1a: Regirock|Stone Edge|p2a: Glimmora\n|-damage|p2a: Glimmora|25/248 par\n|-activate|p2a: Glimmora|ability: Toxic Debris\n|-sidestart|p1: laundry bias|move: Toxic Spikes\n|move|p2a: Glimmora|Earth Power|p1a: Regirock\n|-supereffective|p1a: Regirock\n|-crit|p1a: Regirock\n|-damage|p1a: Regirock|0 fnt\n|faint|p1a: Regirock\n|\n|upkeep\n|\n|t:|1781459724\n|switch|p1a: Klefki|Klefki, L84, F|170/233\n|turn|13\n|\n|t:|1781459728\n|move|p1a: Klefki|Magnet Rise|p1a: Klefki\n|-start|p1a: Klefki|Magnet Rise\n|cant|p2a: Glimmora|par\n|\n|-heal|p1a: Klefki|184/233|[from] item: Leftovers\n|upkeep\n|turn|14\n|\n|t:|1781459736\n|switch|p2a: Chandelure|Chandelure, L83, M|235/235\n|move|p1a: Klefki|Thunder Wave|p2a: Chandelure|[miss]\n|-miss|p1a: Klefki|p2a: Chandelure\n|\n|-heal|p1a: Klefki|198/233|[from] item: Leftovers\n|upkeep\n|turn|15\n|\n|t:|1781459755\n|-terastallize|p1a: Klefki|Water\n|move|p1a: Klefki|Thunder Wave|p2a: Chandelure\n|-status|p2a: Chandelure|par\n|move|p2a: Chandelure|Fire Blast|p1a: Klefki|[miss]\n|-miss|p2a: Chandelure|p1a: Klefki\n|\n|-heal|p1a: Klefki|212/233|[from] item: Leftovers\n|upkeep\n|turn|16\n|\n|t:|1781459762\n|move|p1a: Klefki|Spikes|p2a: Chandelure\n|-sidestart|p2: Lachrymose|Spikes\n|move|p2a: Chandelure|Shadow Ball|p1a: Klefki\n|-damage|p1a: Klefki|91/233\n|\n|-heal|p1a: Klefki|105/233|[from] item: Leftovers\n|upkeep\n|turn|17\n|\n|t:|1781459767\n|switch|p1a: Toucannon|Toucannon, L88, F|284/284\n|move|p2a: Chandelure|Shadow Ball|p1a: Toucannon\n|-immune|p1a: Toucannon\n|\n|upkeep\n|turn|18\n|\n|t:|1781459781\n|-singleturn|p1a: Toucannon|move: Beak Blast\n|move|p2a: Chandelure|Will-O-Wisp|p1a: Toucannon\n|-status|p1a: Toucannon|brn\n|move|p1a: Toucannon|Beak Blast|p2a: Chandelure\n|-damage|p2a: Chandelure|166/235 par\n|\n|-damage|p1a: Toucannon|267/284 brn|[from] brn\n|upkeep\n|turn|19\n|\n|t:|1781459791\n|move|p1a: Toucannon|Knock Off|p2a: Chandelure\n|-supereffective|p2a: Chandelure\n|-damage|p2a: Chandelure|75/235 par\n|-enditem|p2a: Chandelure|Heavy-Duty Boots|[from] move: Knock Off|[of] p1a: Toucannon\n|move|p2a: Chandelure|Fire Blast|p1a: Toucannon\n|-damage|p1a: Toucannon|87/284 brn\n|\n|-damage|p1a: Toucannon|70/284 brn|[from] brn\n|upkeep\n|turn|20\n|\n|t:|1781459798\n|move|p1a: Toucannon|Roost|p1a: Toucannon\n|-heal|p1a: Toucannon|212/284 brn\n|-singleturn|p1a: Toucannon|move: Roost\n|move|p2a: Chandelure|Fire Blast|p1a: Toucannon\n|-damage|p1a: Toucannon|56/284 brn\n|\n|-damage|p1a: Toucannon|39/284 brn|[from] brn\n|upkeep\n|turn|21\n|\n|t:|1781459803\n|move|p1a: Toucannon|Roost|p1a: Toucannon\n|-heal|p1a: Toucannon|181/284 brn\n|-singleturn|p1a: Toucannon|move: Roost\n|move|p2a: Chandelure|Fire Blast|p1a: Toucannon\n|-damage|p1a: Toucannon|3/284 brn\n|\n|-damage|p1a: Toucannon|0 fnt|[from] brn\n|faint|p1a: Toucannon\n|upkeep\n|\n|t:|1781459811\n|switch|p1a: Dewgong|Dewgong, L94, M|261/322\n|-status|p1a: Dewgong|tox\n|turn|22\n|\n|t:|1781459817\n|move|p1a: Dewgong|Flip Turn|p2a: Chandelure\n|-supereffective|p2a: Chandelure\n|-damage|p2a: Chandelure|0 fnt\n|faint|p2a: Chandelure\n|\n|t:|1781459822\n|switch|p1a: Klefki|Klefki, L84, F, tera:Water|105/233|[from] Flip Turn\n|-status|p1a: Klefki|tox\n|\n|-heal|p1a: Klefki|119/233 tox|[from] item: Leftovers\n|-damage|p1a: Klefki|105/233 tox|[from] psn\n|upkeep\n|\n|t:|1781459833\n|switch|p2a: Reshiram|Reshiram, L76|151/277\n|-damage|p2a: Reshiram|105/277|[from] Spikes\n|-ability|p2a: Reshiram|Turboblaze\n|turn|23\n|\n|t:|1781459839\n|move|p1a: Klefki|Thunder Wave|p2a: Reshiram|[miss]\n|-miss|p1a: Klefki|p2a: Reshiram\n|move|p2a: Reshiram|Outrage|p1a: Klefki\n|-damage|p1a: Klefki|0 fnt\n|faint|p1a: Klefki\n|\n|upkeep\n|\n|t:|1781459843\n|switch|p1a: Dewgong|Dewgong, L94, M|261/322 tox\n|turn|24\n|\n|t:|1781459845\n|move|p1a: Dewgong|Triple Axel|p2a: Reshiram\n|-damage|p2a: Reshiram|83/277\n|-damage|p2a: Reshiram|44/277\n|-damage|p2a: Reshiram|0 fnt\n|faint|p2a: Reshiram\n|-hitcount|p2: Reshiram|3\n|\n|-damage|p1a: Dewgong|241/322 tox|[from] psn\n|upkeep\n|\n|t:|1781459860\n|switch|p2a: Feraligatr|Feraligatr, L79, F|264/264\n|-damage|p2a: Feraligatr|220/264|[from] Spikes\n|turn|25\n|\n|t:|1781459864\n|move|p1a: Dewgong|Knock Off|p2a: Feraligatr\n|-damage|p2a: Feraligatr|161/264\n|-enditem|p2a: Feraligatr|Life Orb|[from] move: Knock Off|[of] p1a: Dewgong\n|move|p2a: Feraligatr|Dragon Dance|p2a: Feraligatr\n|-boost|p2a: Feraligatr|atk|1\n|-boost|p2a: Feraligatr|spe|1\n|\n|-damage|p1a: Dewgong|201/322 tox|[from] psn\n|upkeep\n|turn|26\n|\n|t:|1781459870\n|move|p2a: Feraligatr|Trailblaze|p1a: Dewgong\n|-supereffective|p1a: Dewgong\n|-damage|p1a: Dewgong|83/322 tox\n|move|p1a: Dewgong|Flip Turn|p2a: Feraligatr\n|-resisted|p2a: Feraligatr\n|-damage|p2a: Feraligatr|130/264\n|\n|t:|1781459873\n|switch|p1a: Typhlosion|Typhlosion, L84, M|267/267|[from] Flip Turn\n|-status|p1a: Typhlosion|tox\n|\n|-damage|p1a: Typhlosion|251/267 tox|[from] psn\n|upkeep\n|turn|27\n|\n|t:|1781459878\n|move|p1a: Typhlosion|Focus Blast|p2a: Feraligatr\n|-damage|p2a: Feraligatr|25/264\n|move|p2a: Feraligatr|Liquidation|p1a: Typhlosion\n|-supereffective|p1a: Typhlosion\n|-damage|p1a: Typhlosion|0 fnt\n|faint|p1a: Typhlosion\n|\n|upkeep\n|\n|t:|1781459881\n|switch|p1a: Dewgong|Dewgong, L94, M|83/322 tox\n|turn|28\n|-message|laundry bias forfeited.\n|\n|win|Lachrymose\n", "uploadtime": 1781459562, "views": 5, "formatid": "gen9randombattle", "rating": null, "private": 0, "password": null}