{"id": "gen9randombattle-2631472924", "format": "[Gen 9] Random Battle", "players": ["Teres bahji", "Elite 4 Anubis"], "log": "|badge|p1|silver|gen9randombattle|30-9\n|uhtml|medal-msg|<div class=\"broadcast-blue\">Curious what those medals under the avatar are? PS now has Ladder Seasons! For more information, check out the <a href=\"https://www.smogon.com/forums/threads/3740067/\">thread on Smogon.</a></div>\n|j|\u2606Teres bahji\n|j|\u2606Elite 4 Anubis\n|t:|1781389145\n|gametype|singles\n|player|p1|Teres bahji|#rbtt6teamzarudef|2336\n|player|p2|Elite 4 Anubis|266|2247\n|gen|9\n|tier|[Gen 9] Random Battle\n|rated|\n|rule|Species Clause: Limit one of each Pok\u00e9mon\n|rule|HP Percentage Mod: HP is shown in percentages\n|rule|Sleep Clause Mod: Limit one foe put to sleep\n|rule|Illusion Level Mod: Illusion disguises the Pok\u00e9mon's true level\n|\n|t:|1781389145\n|teamsize|p1|6\n|teamsize|p2|6\n|start\n|switch|p1a: Victreebel|Victreebel, L90, F|290/290\n|switch|p2a: Whiscash|Whiscash, L88, F|337/337\n|turn|1\n|inactive|Battle timer is ON: inactive players will automatically lose when time's up. (requested by Teres bahji)\n|\n|t:|1781389158\n|switch|p2a: Magmortar|Magmortar, L88, M|275/275\n|move|p1a: Victreebel|Sleep Powder|p2a: Magmortar\n|-status|p2a: Magmortar|slp|[from] move: Sleep Powder\n|\n|upkeep\n|turn|2\n|\n|t:|1781389174\n|cant|p2a: Magmortar|slp\n|move|p1a: Victreebel|Sludge Wave|p2a: Magmortar\n|-damage|p2a: Magmortar|141/275 slp\n|-damage|p1a: Victreebel|261/290|[from] item: Life Orb\n|\n|upkeep\n|turn|3\n|\n|t:|1781389183\n|switch|p2a: Qwilfish|Qwilfish, L86, F|252/252\n|-ability|p2a: Qwilfish|Intimidate|boost\n|-unboost|p1a: Victreebel|atk|1\n|move|p1a: Victreebel|Sludge Wave|p2a: Qwilfish\n|-resisted|p2a: Qwilfish\n|-damage|p2a: Qwilfish|142/252\n|-damage|p1a: Victreebel|232/290|[from] item: Life Orb\n|\n|upkeep\n|turn|4\n|\n|t:|1781389197\n|switch|p1a: Glastrier|Glastrier, L86|311/311\n|move|p2a: Qwilfish|Flip Turn|p1a: Glastrier\n|-damage|p1a: Glastrier|266/311\n|\n|t:|1781389205\n|switch|p2a: Magmortar|Magmortar, L88, M|141/275 slp|[from] Flip Turn\n|\n|upkeep\n|turn|5\n|\n|t:|1781389225\n|cant|p2a: Magmortar|slp\n|move|p1a: Glastrier|High Horsepower|p2a: Magmortar\n|-supereffective|p2a: Magmortar\n|-damage|p2a: Magmortar|0 fnt\n|faint|p2a: Magmortar\n|-ability|p1a: Glastrier|Chilling Neigh|boost\n|-boost|p1a: Glastrier|atk|1\n|\n|upkeep\n|\n|t:|1781389232\n|switch|p2a: Qwilfish|Qwilfish, L86, F|142/252\n|-ability|p2a: Qwilfish|Intimidate|boost\n|-unboost|p1a: Glastrier|atk|1\n|turn|6\n|\n|t:|1781389255\n|move|p2a: Qwilfish|Flip Turn|p1a: Glastrier\n|-crit|p1a: Glastrier\n|-damage|p1a: Glastrier|194/311\n|\n|t:|1781389257\n|switch|p2a: Tropius|Tropius, L91, F|328/328|[from] Flip Turn\n|move|p1a: Glastrier|High Horsepower|p2a: Tropius\n|-immune|p2a: Tropius\n|\n|upkeep\n|turn|7\n|\n|t:|1781389267\n|switch|p2a: Qwilfish|Qwilfish, L86, F|142/252\n|-ability|p2a: Qwilfish|Intimidate|boost\n|-unboost|p1a: Glastrier|atk|1\n|switch|p1a: Empoleon|Empoleon, L84, M|278/278\n|\n|upkeep\n|turn|8\n|\n|t:|1781389276\n|move|p2a: Qwilfish|Pain Split|p1a: Empoleon\n|-sethp|p1a: Empoleon|210/278|[from] move: Pain Split|[silent]\n|-sethp|p2a: Qwilfish|210/252|[from] move: Pain Split\n|move|p1a: Empoleon|Knock Off|p2a: Qwilfish\n|-damage|p2a: Qwilfish|144/252\n|-enditem|p2a: Qwilfish|Heavy-Duty Boots|[from] move: Knock Off|[of] p1a: Empoleon\n|\n|-heal|p1a: Empoleon|227/278|[from] item: Leftovers\n|upkeep\n|turn|9\n|\n|t:|1781389295\n|move|p2a: Qwilfish|Flip Turn|p1a: Empoleon\n|-resisted|p1a: Empoleon\n|-damage|p1a: Empoleon|191/278\n|\n|t:|1781389303\n|switch|p2a: Grumpig|Grumpig, L92, M|297/297|[from] Flip Turn\n|move|p1a: Empoleon|Flip Turn|p2a: Grumpig\n|-damage|p2a: Grumpig|230/297\n|inactive|Teres bahji has 120 seconds left.\n|\n|t:|1781389343\n|switch|p1a: Glastrier|Glastrier, L86|194/311|[from] Flip Turn\n|\n|-heal|p2a: Grumpig|248/297|[from] item: Leftovers\n|upkeep\n|turn|10\n|\n|t:|1781389363\n|switch|p2a: Tropius|Tropius, L91, F|328/328\n|move|p1a: Glastrier|Icicle Crash|p2a: Tropius\n|-supereffective|p2a: Tropius\n|-damage|p2a: Tropius|0 fnt\n|faint|p2a: Tropius\n|-ability|p1a: Glastrier|Chilling Neigh|boost\n|-boost|p1a: Glastrier|atk|1\n|\n|upkeep\n|\n|t:|1781389370\n|switch|p2a: Qwilfish|Qwilfish, L86, F|144/252\n|-ability|p2a: Qwilfish|Intimidate|boost\n|-unboost|p1a: Glastrier|atk|1\n|turn|11\n|inactive|Teres bahji has 120 seconds left.\n|\n|t:|1781389406\n|switch|p1a: Empoleon|Empoleon, L84, M|191/278\n|move|p2a: Qwilfish|Gunk Shot|p1a: Empoleon\n|-immune|p1a: Empoleon\n|\n|-heal|p1a: Empoleon|208/278|[from] item: Leftovers\n|upkeep\n|turn|12\n|inactive|Teres bahji has 90 seconds left.\n|\n|t:|1781389453\n|move|p2a: Qwilfish|Gunk Shot|p1a: Empoleon\n|-immune|p1a: Empoleon\n|move|p1a: Empoleon|Flip Turn|p2a: Qwilfish\n|-resisted|p2a: Qwilfish\n|-damage|p2a: Qwilfish|116/252\n|j| WickedEd23235\n|\n|t:|1781389459\n|switch|p1a: Cobalion|Cobalion, L80|277/277|[from] Flip Turn\n|\n|upkeep\n|turn|13\n|\n|t:|1781389465\n|move|p1a: Cobalion|Volt Switch|p2a: Qwilfish\n|-supereffective|p2a: Qwilfish\n|-damage|p2a: Qwilfish|0 fnt\n|faint|p2a: Qwilfish\n|j| lomomis\n|inactive|Teres bahji has 60 seconds left.\n|\n|t:|1781389502\n|switch|p1a: Victreebel|Victreebel, L90, F|232/290|[from] Volt Switch\n|\n|upkeep\n|\n|t:|1781389510\n|switch|p2a: Grumpig|Grumpig, L92, M|248/297\n|turn|14\n|\n|t:|1781389523\n|switch|p1a: Empoleon|Empoleon, L84, M|208/278\n|move|p2a: Grumpig|Psyshock|p1a: Empoleon\n|-resisted|p1a: Empoleon\n|-damage|p1a: Empoleon|160/278\n|\n|-heal|p2a: Grumpig|266/297|[from] item: Leftovers\n|-heal|p1a: Empoleon|177/278|[from] item: Leftovers\n|upkeep\n|turn|15\n|\n|t:|1781389536\n|move|p2a: Grumpig|Nasty Plot|p2a: Grumpig\n|-boost|p2a: Grumpig|spa|2\n|move|p1a: Empoleon|Knock Off|p2a: Grumpig\n|-supereffective|p2a: Grumpig\n|-damage|p2a: Grumpig|118/297\n|-enditem|p2a: Grumpig|Leftovers|[from] move: Knock Off|[of] p1a: Empoleon\n|\n|-heal|p1a: Empoleon|194/278|[from] item: Leftovers\n|upkeep\n|turn|16\n|\n|t:|1781389540\n|move|p2a: Grumpig|Earth Power|p1a: Empoleon\n|-supereffective|p1a: Empoleon\n|-damage|p1a: Empoleon|0 fnt\n|faint|p1a: Empoleon\n|\n|upkeep\n|\n|t:|1781389547\n|switch|p1a: Victreebel|Victreebel, L90, F|232/290\n|turn|17\n|\n|t:|1781389561\n|move|p1a: Victreebel|Sucker Punch|p2a: Grumpig\n|-supereffective|p2a: Grumpig\n|-damage|p2a: Grumpig|0 fnt\n|faint|p2a: Grumpig\n|-damage|p1a: Victreebel|203/290|[from] item: Life Orb\n|\n|upkeep\n|\n|t:|1781389567\n|switch|p2a: Ursaluna|Ursaluna-Bloodmoon, L79, M|308/308\n|turn|18\n|\n|t:|1781389579\n|move|p1a: Victreebel|Sleep Powder|p2a: Ursaluna|[miss]\n|-miss|p1a: Victreebel|p2a: Ursaluna\n|move|p2a: Ursaluna|Blood Moon|p1a: Victreebel\n|-damage|p1a: Victreebel|25/290\n|\n|upkeep\n|turn|19\n|\n|t:|1781389584\n|move|p1a: Victreebel|Sleep Powder|p2a: Ursaluna\n|-status|p2a: Ursaluna|slp|[from] move: Sleep Powder\n|cant|p2a: Ursaluna|slp\n|\n|upkeep\n|turn|20\n|\n|t:|1781389587\n|move|p1a: Victreebel|Power Whip|p2a: Ursaluna\n|-supereffective|p2a: Ursaluna\n|-damage|p2a: Ursaluna|0 fnt\n|faint|p2a: Ursaluna\n|-damage|p1a: Victreebel|0 fnt|[from] item: Life Orb\n|faint|p1a: Victreebel\n|\n|upkeep\n|\n|t:|1781389593\n|switch|p1a: Regidrago|Regidrago, L77|435/435\n|switch|p2a: Whiscash|Whiscash, L88, F|337/337\n|turn|21\n|\n|t:|1781389607\n|move|p1a: Regidrago|Dragon Dance|p1a: Regidrago\n|-boost|p1a: Regidrago|atk|1\n|-boost|p1a: Regidrago|spe|1\n|move|p2a: Whiscash|Dragon Dance|p2a: Whiscash\n|-boost|p2a: Whiscash|atk|1\n|-boost|p2a: Whiscash|spe|1\n|\n|upkeep\n|turn|22\n|\n|t:|1781389613\n|-terastallize|p1a: Regidrago|Dragon\n|-terastallize|p2a: Whiscash|Ground\n|move|p1a: Regidrago|Outrage|p2a: Whiscash\n|-damage|p2a: Whiscash|0 fnt\n|faint|p2a: Whiscash\n|\n|win|Teres bahji\n", "uploadtime": 1781389147, "views": 3, "formatid": "gen9randombattle", "rating": null, "private": 0, "password": null}