{"id": "gen9randombattle-2631370991", "format": "[Gen 9] Random Battle", "players": ["Yomy", "Meloeita!"], "log": "|j|\u2606Yomy\n|j|\u2606Meloeita!\n|t:|1781376746\n|gametype|singles\n|player|p1|Yomy|ingo|1967\n|player|p2|Meloeita!|170|2033\n|gen|9\n|tier|[Gen 9] Random Battle\n|rated|\n|rule|Species Clause: Limit one of each Pok\u00e9mon\n|rule|HP Percentage Mod: HP is shown in percentages\n|rule|Sleep Clause Mod: Limit one foe put to sleep\n|rule|Illusion Level Mod: Illusion disguises the Pok\u00e9mon's true level\n|\n|t:|1781376746\n|teamsize|p1|6\n|teamsize|p2|6\n|start\n|switch|p1a: Arceus|Arceus-Ghost, L69|280/280\n|switch|p2a: Shiftry|Shiftry, L89, F|305/305\n|turn|1\n|\n|t:|1781376766\n|switch|p1a: Bisharp|Bisharp, L79, M|232/232\n|switch|p2a: Vespiquen|Vespiquen, L99, F|299/299\n|-ability|p2a: Vespiquen|Pressure\n|\n|upkeep\n|turn|2\n|\n|t:|1781376773\n|move|p1a: Bisharp|Swords Dance|p1a: Bisharp\n|-boost|p1a: Bisharp|atk|2\n|move|p2a: Vespiquen|U-turn|p1a: Bisharp\n|-damage|p1a: Bisharp|178/232\n|\n|t:|1781376782\n|switch|p2a: Keldeo|Keldeo-Resolute, L79|273/273|[from] U-turn\n|\n|upkeep\n|turn|3\n|\n|t:|1781376796\n|switch|p1a: Rotom|Rotom-Fan, L86|226/226\n|move|p2a: Keldeo|Calm Mind|p2a: Keldeo\n|-boost|p2a: Keldeo|spa|1\n|-boost|p2a: Keldeo|spd|1\n|\n|upkeep\n|turn|4\n|\n|t:|1781376811\n|switch|p1a: Meowstic|Meowstic, L89, M|277/277\n|move|p2a: Keldeo|Hydro Pump|p1a: Meowstic\n|-damage|p1a: Meowstic|93/277\n|\n|upkeep\n|turn|5\n|\n|t:|1781376820\n|switch|p2a: Espeon|Espeon, L84, F|246/246\n|move|p1a: Meowstic|Yawn|p2a: Espeon\n|move|p2a: Espeon|Yawn|p1a: Meowstic|[from] ability: Magic Bounce\n|-start|p1a: Meowstic|move: Yawn|[of] p2a: Espeon\n|\n|upkeep\n|turn|6\n|\n|t:|1781376831\n|switch|p1a: Bisharp|Bisharp, L79, M|178/232\n|move|p2a: Espeon|Alluring Voice|p1a: Bisharp\n|-damage|p1a: Bisharp|82/232\n|\n|upkeep\n|turn|7\n|\n|t:|1781376840\n|switch|p2a: Keldeo|Keldeo-Resolute, L79|273/273\n|move|p1a: Bisharp|Throat Chop|p2a: Keldeo\n|-resisted|p2a: Keldeo\n|-damage|p2a: Keldeo|223/273\n|-start|p2a: Keldeo|Throat Chop|[silent]\n|-ability|p2a: Keldeo|Justified|boost\n|-boost|p2a: Keldeo|atk|1\n|\n|-heal|p2a: Keldeo|240/273|[from] item: Leftovers\n|upkeep\n|turn|8\n|\n|t:|1781376850\n|switch|p1a: Meowstic|Meowstic, L89, M|93/277\n|move|p2a: Keldeo|Hydro Pump|p1a: Meowstic|[miss]\n|-miss|p2a: Keldeo|p1a: Meowstic\n|\n|-heal|p2a: Keldeo|257/273|[from] item: Leftovers\n|-end|p2a: Keldeo|Throat Chop|[silent]\n|upkeep\n|turn|9\n|\n|t:|1781376858\n|switch|p2a: Espeon|Espeon, L84, F|246/246\n|move|p1a: Meowstic|Light Screen|p1a: Meowstic\n|-sidestart|p1: Yomy|move: Light Screen\n|\n|upkeep\n|turn|10\n|\n|t:|1781376868\n|switch|p1a: Porygon2|Porygon2, L81|270/270\n|-ability|p1a: Porygon2|Download|boost\n|-boost|p1a: Porygon2|atk|1\n|move|p2a: Espeon|Alluring Voice|p1a: Porygon2\n|-damage|p1a: Porygon2|233/270\n|-start|p1a: Porygon2|confusion\n|\n|upkeep\n|turn|11\n|\n|t:|1781376878\n|switch|p2a: Vespiquen|Vespiquen, L99, F|299/299\n|-ability|p2a: Vespiquen|Pressure\n|-activate|p1a: Porygon2|confusion\n|move|p1a: Porygon2|Tri Attack|p2a: Vespiquen\n|-damage|p2a: Vespiquen|230/299\n|\n|upkeep\n|turn|12\n|\n|t:|1781376887\n|-end|p1a: Porygon2|confusion\n|move|p1a: Porygon2|Discharge|p2a: Vespiquen\n|-supereffective|p2a: Vespiquen\n|-damage|p2a: Vespiquen|138/299\n|-status|p2a: Vespiquen|par\n|cant|p2a: Vespiquen|par\n|\n|upkeep\n|turn|13\n|\n|t:|1781376898\n|move|p1a: Porygon2|Ice Beam|p2a: Vespiquen\n|-supereffective|p2a: Vespiquen\n|-damage|p2a: Vespiquen|40/299 par\n|move|p2a: Vespiquen|Toxic|p1a: Porygon2\n|-status|p1a: Porygon2|tox\n|\n|-damage|p1a: Porygon2|217/270 tox|[from] psn\n|upkeep\n|turn|14\n|\n|t:|1781376905\n|move|p1a: Porygon2|Tri Attack|p2a: Vespiquen\n|-crit|p2a: Vespiquen\n|-damage|p2a: Vespiquen|0 fnt\n|faint|p2a: Vespiquen\n|\n|-damage|p1a: Porygon2|185/270 tox|[from] psn\n|upkeep\n|\n|t:|1781376915\n|switch|p2a: Magcargo|Magcargo, L95, M|268/268\n|turn|15\n|\n|t:|1781376925\n|move|p1a: Porygon2|Discharge|p2a: Magcargo\n|-damage|p2a: Magcargo|217/268\n|move|p2a: Magcargo|Stealth Rock|p1a: Porygon2\n|-sidestart|p1: Yomy|move: Stealth Rock\n|\n|-damage|p1a: Porygon2|137/270 tox|[from] psn\n|upkeep\n|turn|16\n|\n|t:|1781376938\n|switch|p1a: Phione|Phione, L91|293/293\n|-damage|p1a: Phione|257/293|[from] Stealth Rock\n|move|p2a: Magcargo|Lava Plume|p1a: Phione\n|-resisted|p1a: Phione\n|-damage|p1a: Phione|232/293\n|\n|-heal|p1a: Phione|250/293|[from] item: Leftovers\n|-sideend|p1: Yomy|move: Light Screen\n|upkeep\n|turn|17\n|\n|t:|1781376953\n|switch|p2a: Espeon|Espeon, L84, F|246/246\n|move|p1a: Phione|Take Heart|p1a: Phione\n|-boost|p1a: Phione|spa|1\n|-boost|p1a: Phione|spd|1\n|\n|-heal|p1a: Phione|268/293|[from] item: Leftovers\n|upkeep\n|turn|18\n|\n|t:|1781376965\n|switch|p1a: Bisharp|Bisharp, L79, M|82/232\n|-damage|p1a: Bisharp|68/232|[from] Stealth Rock\n|move|p2a: Espeon|Trick|p1a: Bisharp\n|-activate|p2a: Espeon|move: Trick|[of] p1a: Bisharp\n|-item|p1a: Bisharp|Choice Specs|[from] move: Trick\n|-item|p2a: Espeon|Eviolite|[from] move: Trick\n|\n|upkeep\n|turn|19\n|\n|t:|1781376979\n|switch|p2a: Keldeo|Keldeo-Resolute, L79|257/273\n|move|p1a: Bisharp|Throat Chop|p2a: Keldeo\n|-resisted|p2a: Keldeo\n|-damage|p2a: Keldeo|208/273\n|-start|p2a: Keldeo|Throat Chop|[silent]\n|-ability|p2a: Keldeo|Justified|boost\n|-boost|p2a: Keldeo|atk|1\n|\n|-heal|p2a: Keldeo|225/273|[from] item: Leftovers\n|upkeep\n|turn|20\n|\n|t:|1781376994\n|switch|p1a: Meowstic|Meowstic, L89, M|93/277\n|-damage|p1a: Meowstic|59/277|[from] Stealth Rock\n|move|p2a: Keldeo|Substitute|p2a: Keldeo\n|-start|p2a: Keldeo|Substitute\n|-damage|p2a: Keldeo|157/273\n|\n|-heal|p2a: Keldeo|174/273|[from] item: Leftovers\n|-end|p2a: Keldeo|Throat Chop|[silent]\n|upkeep\n|turn|21\n|\n|t:|1781377002\n|switch|p2a: Espeon|Espeon, L84, F|246/246\n|move|p1a: Meowstic|Psychic Noise|p2a: Espeon\n|-resisted|p2a: Espeon\n|-damage|p2a: Espeon|206/246\n|-start|p2a: Espeon|move: Heal Block\n|\n|upkeep\n|turn|22\n|\n|t:|1781377055\n|switch|p1a: Bisharp|Bisharp, L79, M|68/232\n|-damage|p1a: Bisharp|54/232|[from] Stealth Rock\n|move|p2a: Espeon|Alluring Voice|p1a: Bisharp\n|-damage|p1a: Bisharp|0 fnt\n|faint|p1a: Bisharp\n|\n|-end|p2a: Espeon|move: Heal Block\n|upkeep\n|\n|t:|1781377064\n|switch|p1a: Arceus|Arceus-Ghost, L69|280/280\n|-damage|p1a: Arceus|245/280|[from] Stealth Rock\n|turn|23\n|\n|t:|1781377073\n|move|p2a: Espeon|Shadow Ball|p1a: Arceus\n|-supereffective|p1a: Arceus\n|-damage|p1a: Arceus|117/280\n|move|p1a: Arceus|Judgment|p2a: Espeon\n|-supereffective|p2a: Espeon\n|-damage|p2a: Espeon|20/246\n|\n|upkeep\n|turn|24\n|\n|t:|1781377082\n|switch|p1a: Porygon2|Porygon2, L81|137/270 tox\n|-damage|p1a: Porygon2|104/270 tox|[from] Stealth Rock\n|-ability|p1a: Porygon2|Download|boost\n|-boost|p1a: Porygon2|atk|1\n|move|p2a: Espeon|Shadow Ball|p1a: Porygon2\n|-immune|p1a: Porygon2\n|\n|-damage|p1a: Porygon2|88/270 tox|[from] psn\n|upkeep\n|turn|25\n|\n|t:|1781377096\n|move|p2a: Espeon|Psychic|p1a: Porygon2\n|-damage|p1a: Porygon2|6/270 tox\n|move|p1a: Porygon2|Discharge|p2a: Espeon\n|-damage|p2a: Espeon|0 fnt\n|faint|p2a: Espeon\n|\n|-damage|p1a: Porygon2|0 fnt|[from] psn\n|faint|p1a: Porygon2\n|upkeep\n|\n|t:|1781377108\n|switch|p2a: Shiftry|Shiftry, L89, F|305/305\n|switch|p1a: Arceus|Arceus-Ghost, L69|117/280\n|-damage|p1a: Arceus|82/280|[from] Stealth Rock\n|turn|26\n|\n|t:|1781377118\n|move|p1a: Arceus|Will-O-Wisp|p2a: Shiftry\n|-status|p2a: Shiftry|brn\n|move|p2a: Shiftry|Knock Off|p1a: Arceus\n|-supereffective|p1a: Arceus\n|-damage|p1a: Arceus|0 fnt\n|faint|p1a: Arceus\n|-damage|p2a: Shiftry|275/305 brn|[from] item: Life Orb\n|\n|-damage|p2a: Shiftry|256/305 brn|[from] brn\n|upkeep\n|\n|t:|1781377128\n|switch|p1a: Rotom|Rotom-Fan, L86|226/226\n|turn|27\n|\n|t:|1781377136\n|move|p1a: Rotom|Nasty Plot|p1a: Rotom\n|-boost|p1a: Rotom|spa|2\n|move|p2a: Shiftry|Tailwind|p2a: Shiftry\n|-sidestart|p2: Meloeita!|move: Tailwind\n|-ability|p2a: Shiftry|Wind Rider|boost\n|-boost|p2a: Shiftry|atk|1\n|\n|-damage|p2a: Shiftry|237/305 brn|[from] brn\n|upkeep\n|turn|28\n|\n|t:|1781377146\n|-terastallize|p2a: Shiftry|Dark\n|move|p2a: Shiftry|Knock Off|p1a: Rotom\n|-crit|p1a: Rotom\n|-damage|p1a: Rotom|49/226\n|-enditem|p1a: Rotom|Heavy-Duty Boots|[from] move: Knock Off|[of] p2a: Shiftry\n|-damage|p2a: Shiftry|207/305 brn|[from] item: Life Orb\n|move|p1a: Rotom|Air Slash|p2a: Shiftry\n|-damage|p2a: Shiftry|0 fnt\n|faint|p2a: Shiftry\n|\n|upkeep\n|\n|t:|1781377156\n|switch|p2a: Keldeo|Keldeo-Resolute, L79|174/273\n|turn|29\n|\n|t:|1781377161\n|move|p2a: Keldeo|Secret Sword|p1a: Rotom\n|-resisted|p1a: Rotom\n|-damage|p1a: Rotom|4/226\n|move|p1a: Rotom|Thunderbolt|p2a: Keldeo\n|-supereffective|p2a: Keldeo\n|-damage|p2a: Keldeo|0 fnt\n|faint|p2a: Keldeo\n|\n|upkeep\n|\n|t:|1781377173\n|switch|p2a: Magcargo|Magcargo, L95, M|217/268\n|turn|30\n|\n|t:|1781377177\n|move|p2a: Magcargo|Lava Plume|p1a: Rotom\n|-damage|p1a: Rotom|0 fnt\n|faint|p1a: Rotom\n|\n|-sideend|p2: Meloeita!|move: Tailwind\n|upkeep\n|\n|t:|1781377183\n|switch|p1a: Meowstic|Meowstic, L89, M|59/277\n|-damage|p1a: Meowstic|25/277|[from] Stealth Rock\n|turn|31\n|\n|t:|1781377192\n|move|p1a: Meowstic|Reflect|p1a: Meowstic\n|-sidestart|p1: Yomy|Reflect\n|move|p2a: Magcargo|Lava Plume|p1a: Meowstic\n|-damage|p1a: Meowstic|0 fnt\n|faint|p1a: Meowstic\n|\n|upkeep\n|\n|t:|1781377195\n|switch|p1a: Phione|Phione, L91|268/293\n|-damage|p1a: Phione|232/293|[from] Stealth Rock\n|turn|32\n|\n|t:|1781377202\n|switch|p2a: Oinkologne|Oinkologne-F, L92, F|361/361\n|move|p1a: Phione|Take Heart|p1a: Phione\n|-boost|p1a: Phione|spa|1\n|-boost|p1a: Phione|spd|1\n|\n|-heal|p1a: Phione|250/293|[from] item: Leftovers\n|upkeep\n|turn|33\n|\n|t:|1781377210\n|move|p1a: Phione|Take Heart|p1a: Phione\n|-boost|p1a: Phione|spa|1\n|-boost|p1a: Phione|spd|1\n|move|p2a: Oinkologne|Curse|p2a: Oinkologne\n|-unboost|p2a: Oinkologne|spe|1\n|-boost|p2a: Oinkologne|atk|1\n|-boost|p2a: Oinkologne|def|1\n|\n|-heal|p1a: Phione|268/293|[from] item: Leftovers\n|upkeep\n|turn|34\n|\n|t:|1781377219\n|move|p1a: Phione|Take Heart|p1a: Phione\n|-boost|p1a: Phione|spa|1\n|-boost|p1a: Phione|spd|1\n|move|p2a: Oinkologne|Double-Edge|p1a: Phione\n|-damage|p1a: Phione|166/293\n|-damage|p2a: Oinkologne|327/361|[from] Recoil\n|\n|-heal|p1a: Phione|184/293|[from] item: Leftovers\n|-heal|p2a: Oinkologne|349/361|[from] item: Leftovers\n|upkeep\n|turn|35\n|\n|t:|1781377229\n|move|p1a: Phione|Scald|p2a: Oinkologne\n|-damage|p2a: Oinkologne|148/361\n|move|p2a: Oinkologne|Double-Edge|p1a: Phione\n|-damage|p1a: Phione|86/293\n|-damage|p2a: Oinkologne|116/361|[from] Recoil\n|\n|-heal|p1a: Phione|104/293|[from] item: Leftovers\n|-heal|p2a: Oinkologne|138/361|[from] item: Leftovers\n|upkeep\n|turn|36\n|-message|Meloeita! forfeited.\n|\n|win|Yomy\n", "uploadtime": 1781376748, "views": 6, "formatid": "gen9randombattle", "rating": null, "private": 0, "password": null}