{"id": "gen9randombattle-2631775812", "format": "[Gen 9] Random Battle", "players": ["bruno2minutos", "kaliam"], "log": "|j|\u2606bruno2minutos\n|j|\u2606kaliam\n|t:|1781437838\n|gametype|singles\n|player|p1|bruno2minutos|169|1609\n|player|p2|kaliam|102|1661\n|gen|9\n|tier|[Gen 9] Random Battle\n|rated|\n|rule|Species Clause: Limit one of each Pok\u00e9mon\n|rule|HP Percentage Mod: HP is shown in percentages\n|rule|Sleep Clause Mod: Limit one foe put to sleep\n|rule|Illusion Level Mod: Illusion disguises the Pok\u00e9mon's true level\n|\n|t:|1781437838\n|teamsize|p1|6\n|teamsize|p2|6\n|start\n|switch|p1a: Blaziken|Blaziken, L76, M|247/247\n|switch|p2a: Electivire|Electivire, L84, M|263/263\n|turn|1\n|\n|t:|1781437850\n|switch|p1a: Swampert|Swampert, L83, M|302/302\n|move|p2a: Electivire|Earthquake|p1a: Swampert\n|-damage|p1a: Swampert|197/302\n|-damage|p2a: Electivire|237/263|[from] item: Life Orb\n|\n|-heal|p1a: Swampert|215/302|[from] item: Leftovers\n|upkeep\n|turn|2\n|inactive|Battle timer is ON: inactive players will automatically lose when time's up. (requested by bruno2minutos)\n|\n|t:|1781437861\n|switch|p2a: Shaymin|Shaymin, L82|298/298\n|move|p1a: Swampert|Knock Off|p2a: Shaymin\n|-damage|p2a: Shaymin|229/298\n|-enditem|p2a: Shaymin|Leftovers|[from] move: Knock Off|[of] p1a: Swampert\n|\n|-heal|p1a: Swampert|233/302|[from] item: Leftovers\n|upkeep\n|turn|3\n|\n|t:|1781437878\n|-terastallize|p1a: Swampert|Poison\n|move|p2a: Shaymin|Earth Power|p1a: Swampert\n|-supereffective|p1a: Swampert\n|-damage|p1a: Swampert|119/302\n|move|p1a: Swampert|Yawn|p2a: Shaymin\n|-start|p2a: Shaymin|move: Yawn|[of] p1a: Swampert\n|\n|-heal|p1a: Swampert|137/302|[from] item: Leftovers\n|upkeep\n|turn|4\n|\n|t:|1781437889\n|switch|p2a: Calyrex|Calyrex, L93|337/337\n|-ability|p2a: Calyrex|Unnerve\n|move|p1a: Swampert|Yawn|p2a: Calyrex\n|-start|p2a: Calyrex|move: Yawn|[of] p1a: Swampert\n|\n|-heal|p1a: Swampert|155/302|[from] item: Leftovers\n|upkeep\n|turn|5\n|\n|t:|1781437899\n|switch|p2a: Shaymin|Shaymin, L82|229/298\n|move|p1a: Swampert|Yawn|p2a: Shaymin\n|-start|p2a: Shaymin|move: Yawn|[of] p1a: Swampert\n|\n|-heal|p1a: Swampert|173/302|[from] item: Leftovers\n|upkeep\n|turn|6\n|\n|t:|1781437908\n|switch|p2a: Calyrex|Calyrex, L93|337/337\n|-ability|p2a: Calyrex|Unnerve\n|move|p1a: Swampert|Knock Off|p2a: Calyrex\n|-supereffective|p2a: Calyrex\n|-damage|p2a: Calyrex|189/337\n|-enditem|p2a: Calyrex|Leftovers|[from] move: Knock Off|[of] p1a: Swampert\n|\n|-heal|p1a: Swampert|191/302|[from] item: Leftovers\n|upkeep\n|turn|7\n|\n|t:|1781437930\n|switch|p1a: Phione|Phione, L91|293/293\n|move|p2a: Calyrex|Leech Seed|p1a: Phione\n|-start|p1a: Phione|move: Leech Seed\n|\n|-damage|p1a: Phione|257/293|[from] Leech Seed|[of] p2a: Calyrex\n|-heal|p2a: Calyrex|225/337|[silent]\n|upkeep\n|turn|8\n|\n|t:|1781437939\n|move|p2a: Calyrex|Giga Drain|p1a: Phione\n|-supereffective|p1a: Phione\n|-damage|p1a: Phione|99/293\n|-heal|p2a: Calyrex|304/337|[from] drain|[of] p1a: Phione\n|move|p1a: Phione|Ice Beam|p2a: Calyrex\n|-supereffective|p2a: Calyrex\n|-damage|p2a: Calyrex|174/337\n|\n|-heal|p1a: Phione|117/293|[from] item: Leftovers\n|-damage|p1a: Phione|81/293|[from] Leech Seed|[of] p2a: Calyrex\n|-heal|p2a: Calyrex|210/337|[silent]\n|upkeep\n|turn|9\n|\n|t:|1781437951\n|move|p2a: Calyrex|Psyshock|p1a: Phione\n|-damage|p1a: Phione|0 fnt\n|faint|p1a: Phione\n|\n|upkeep\n|\n|t:|1781437956\n|switch|p1a: Golurk|Golurk, L87|297/297\n|turn|10\n|\n|t:|1781437963\n|move|p2a: Calyrex|Giga Drain|p1a: Golurk\n|-supereffective|p1a: Golurk\n|-damage|p1a: Golurk|117/297\n|-heal|p2a: Calyrex|300/337|[from] drain|[of] p1a: Golurk\n|move|p1a: Golurk|Dynamic Punch|p2a: Calyrex\n|-resisted|p2a: Calyrex\n|-damage|p2a: Calyrex|247/337\n|-start|p2a: Calyrex|confusion\n|-damage|p1a: Golurk|88/297|[from] item: Life Orb\n|\n|upkeep\n|turn|11\n|c|\u2606bruno2minutos|Good hax i can't hit this jajajaja\n|\n|t:|1781437980\n|switch|p1a: Lilligant|Lilligant, L86, F|261/261\n|-activate|p2a: Calyrex|confusion\n|move|p2a: Calyrex|Psyshock|p1a: Lilligant\n|-damage|p1a: Lilligant|159/261\n|\n|upkeep\n|turn|12\n|\n|t:|1781437994\n|move|p1a: Lilligant|Quiver Dance|p1a: Lilligant\n|-boost|p1a: Lilligant|spa|1\n|-boost|p1a: Lilligant|spd|1\n|-boost|p1a: Lilligant|spe|1\n|-activate|p2a: Calyrex|confusion\n|move|p2a: Calyrex|Calm Mind|p2a: Calyrex\n|-boost|p2a: Calyrex|spa|1\n|-boost|p2a: Calyrex|spd|1\n|\n|upkeep\n|turn|13\n|\n|t:|1781438003\n|move|p1a: Lilligant|Quiver Dance|p1a: Lilligant\n|-boost|p1a: Lilligant|spa|1\n|-boost|p1a: Lilligant|spd|1\n|-boost|p1a: Lilligant|spe|1\n|-activate|p2a: Calyrex|confusion\n|-damage|p2a: Calyrex|224/337|[from] confusion\n|\n|upkeep\n|turn|14\n|\n|t:|1781438010\n|move|p1a: Lilligant|Alluring Voice|p2a: Calyrex\n|-damage|p2a: Calyrex|115/337\n|-damage|p1a: Lilligant|133/261|[from] item: Life Orb\n|-end|p2a: Calyrex|confusion\n|move|p2a: Calyrex|Calm Mind|p2a: Calyrex\n|-boost|p2a: Calyrex|spa|1\n|-boost|p2a: Calyrex|spd|1\n|\n|upkeep\n|turn|15\n|\n|t:|1781438019\n|move|p1a: Lilligant|Alluring Voice|p2a: Calyrex\n|-damage|p2a: Calyrex|31/337\n|-damage|p1a: Lilligant|107/261|[from] item: Life Orb\n|move|p2a: Calyrex|Psyshock|p1a: Lilligant\n|-damage|p1a: Lilligant|0 fnt\n|faint|p1a: Lilligant\n|\n|upkeep\n|c|\u2606bruno2minutos|Psychocl\n|c|\u2606bruno2minutos|I know\n|\n|t:|1781438031\n|switch|p1a: Iron Valiant|Iron Valiant, L78|244/244\n|turn|16\n|\n|t:|1781438038\n|move|p1a: Iron Valiant|Close Combat|p2a: Calyrex\n|-resisted|p2a: Calyrex\n|-damage|p2a: Calyrex|0 fnt\n|-unboost|p1a: Iron Valiant|def|1\n|-unboost|p1a: Iron Valiant|spd|1\n|faint|p2a: Calyrex\n|-damage|p1a: Iron Valiant|220/244|[from] item: Life Orb\n|\n|upkeep\n|\n|t:|1781438054\n|switch|p2a: Shaymin|Shaymin, L82|229/298\n|turn|17\n|\n|t:|1781438061\n|-end|p1a: Iron Valiant|Quark Drive|[silent]\n|switch|p1a: Golurk|Golurk, L87|88/297\n|move|p2a: Shaymin|Air Slash|p1a: Golurk\n|-crit|p1a: Golurk\n|-damage|p1a: Golurk|5/297\n|\n|upkeep\n|turn|18\n|\n|t:|1781438070\n|switch|p1a: Swampert|Swampert, L83, M, tera:Poison|191/302\n|move|p2a: Shaymin|Earth Power|p1a: Swampert\n|-supereffective|p1a: Swampert\n|-damage|p1a: Swampert|71/302\n|\n|-heal|p1a: Swampert|89/302|[from] item: Leftovers\n|upkeep\n|turn|19\n|\n|t:|1781438083\n|move|p2a: Shaymin|Earth Power|p1a: Swampert\n|-supereffective|p1a: Swampert\n|-damage|p1a: Swampert|0 fnt\n|faint|p1a: Swampert\n|\n|upkeep\n|\n|t:|1781438085\n|switch|p1a: Blaziken|Blaziken, L76, M|247/247\n|turn|20\n|\n|t:|1781438094\n|move|p2a: Shaymin|Earth Power|p1a: Blaziken\n|-supereffective|p1a: Blaziken\n|-damage|p1a: Blaziken|93/247\n|move|p1a: Blaziken|Swords Dance|p1a: Blaziken\n|-boost|p1a: Blaziken|atk|2\n|\n|-ability|p1a: Blaziken|Speed Boost|boost\n|-boost|p1a: Blaziken|spe|1\n|upkeep\n|turn|21\n|c|\u2606bruno2minutos|I can't whit your team\n|c|\u2606bruno2minutos|Nice hax\n|\n|t:|1781438104\n|move|p1a: Blaziken|Flare Blitz|p2a: Shaymin\n|-supereffective|p2a: Shaymin\n|-damage|p2a: Shaymin|0 fnt\n|faint|p2a: Shaymin\n|-damage|p1a: Blaziken|17/247|[from] Recoil\n|-damage|p1a: Blaziken|0 fnt|[from] item: Life Orb\n|faint|p1a: Blaziken\n|\n|upkeep\n|\n|t:|1781438118\n|switch|p2a: Swampert|Swampert, L83, F|302/302\n|switch|p1a: Iron Valiant|Iron Valiant, L78|220/244\n|turn|22\n|\n|t:|1781438130\n|move|p1a: Iron Valiant|Calm Mind|p1a: Iron Valiant\n|-boost|p1a: Iron Valiant|spa|1\n|-boost|p1a: Iron Valiant|spd|1\n|move|p2a: Swampert|Earthquake|p1a: Iron Valiant\n|-damage|p1a: Iron Valiant|94/244\n|\n|upkeep\n|turn|23\n|\n|t:|1781438139\n|move|p1a: Iron Valiant|Psychic|p2a: Swampert\n|-damage|p2a: Swampert|171/302\n|-damage|p1a: Iron Valiant|70/244|[from] item: Life Orb\n|move|p2a: Swampert|Earthquake|p1a: Iron Valiant\n|-damage|p1a: Iron Valiant|0 fnt\n|faint|p1a: Iron Valiant\n|-end|p1a: Iron Valiant|Quark Drive|[silent]\n|\n|-heal|p2a: Swampert|189/302|[from] item: Leftovers\n|upkeep\n|c|\u2606bruno2minutos|Hahhahah pat\u00e9tic guy\n|inactive|bruno2minutos has 120 seconds left.\n|inactive|bruno2minutos has 90 seconds left.\n|c|\u2606kaliam|What mental issue do you have?\n|inactive|bruno2minutos has 60 seconds left.\n|c|\u2606kaliam|It is a fking game!\n|c|\u2606bruno2minutos|Report\n|inactive|bruno2minutos has 30 seconds left.\n|inactive|bruno2minutos has 20 seconds left.\n|inactive|bruno2minutos has 15 seconds left.\n|inactive|bruno2minutos has 10 seconds left.\n|inactive|bruno2minutos has 5 seconds left.\n|-message|bruno2minutos lost due to inactivity.\n|\n|win|kaliam\n", "uploadtime": 1781438271, "views": 4, "formatid": "gen9randombattle", "rating": null, "private": 0, "password": null}