{"id": "gen9randombattle-2631550328", "format": "[Gen 9] Random Battle", "players": ["KibeemS", "DemiSemiHemiQuaver"], "log": "|j|\u2606KibeemS\n|j|\u2606DemiSemiHemiQuaver\n|t:|1781400018\n|gametype|singles\n|player|p1|KibeemS|n-masters|1469\n|player|p2|DemiSemiHemiQuaver|265|1514\n|gen|9\n|tier|[Gen 9] Random Battle\n|rated|\n|rule|Species Clause: Limit one of each Pok\u00e9mon\n|rule|HP Percentage Mod: HP is shown in percentages\n|rule|Sleep Clause Mod: Limit one foe put to sleep\n|rule|Illusion Level Mod: Illusion disguises the Pok\u00e9mon's true level\n|\n|t:|1781400018\n|teamsize|p1|6\n|teamsize|p2|6\n|start\n|switch|p1a: Scovillain|Scovillain, L91, M|266/266\n|switch|p2a: Quaquaval|Quaquaval, L79, M|264/264\n|turn|1\n|\n|t:|1781400038\n|move|p1a: Scovillain|Leech Seed|p2a: Quaquaval\n|-start|p2a: Quaquaval|move: Leech Seed\n|move|p2a: Quaquaval|Aqua Step|p1a: Scovillain\n|-damage|p1a: Scovillain|118/266\n|-boost|p2a: Quaquaval|spe|1\n|\n|-heal|p1a: Scovillain|134/266|[from] item: Leftovers\n|-damage|p2a: Quaquaval|231/264|[from] Leech Seed|[of] p1a: Scovillain\n|-heal|p1a: Scovillain|167/266|[silent]\n|upkeep\n|turn|2\n|\n|t:|1781400046\n|move|p1a: Scovillain|Protect|p1a: Scovillain\n|-singleturn|p1a: Scovillain|Protect\n|move|p2a: Quaquaval|Aqua Step|p1a: Scovillain\n|-activate|p1a: Scovillain|move: Protect\n|\n|-heal|p1a: Scovillain|183/266|[from] item: Leftovers\n|-damage|p2a: Quaquaval|198/264|[from] Leech Seed|[of] p1a: Scovillain\n|-heal|p1a: Scovillain|216/266|[silent]\n|upkeep\n|turn|3\n|\n|t:|1781400063\n|switch|p1a: Alomomola|Alomomola, L87, M|429/429\n|move|p2a: Quaquaval|Aqua Step|p1a: Alomomola\n|-resisted|p1a: Alomomola\n|-damage|p1a: Alomomola|366/429\n|-boost|p2a: Quaquaval|spe|1\n|\n|-damage|p2a: Quaquaval|165/264|[from] Leech Seed|[of] p1a: Alomomola\n|-heal|p1a: Alomomola|399/429|[silent]\n|upkeep\n|turn|4\n|\n|t:|1781400090\n|switch|p2a: Meloetta|Meloetta, L82|298/298\n|move|p1a: Alomomola|Scald|p2a: Meloetta\n|-damage|p2a: Meloetta|262/298\n|\n|-heal|p2a: Meloetta|280/298|[from] item: Leftovers\n|upkeep\n|turn|5\n|\n|t:|1781400095\n|move|p2a: Meloetta|Calm Mind|p2a: Meloetta\n|-boost|p2a: Meloetta|spa|1\n|-boost|p2a: Meloetta|spd|1\n|move|p1a: Alomomola|Flip Turn|p2a: Meloetta\n|-damage|p2a: Meloetta|220/298\n|\n|t:|1781400098\n|switch|p1a: Whimsicott|Whimsicott, L84, F|238/238|[from] Flip Turn\n|\n|-heal|p2a: Meloetta|238/298|[from] item: Leftovers\n|upkeep\n|turn|6\n|\n|t:|1781400115\n|move|p1a: Whimsicott|Encore|p2a: Meloetta\n|-start|p2a: Meloetta|Encore\n|move|p2a: Meloetta|Calm Mind|p2a: Meloetta\n|-boost|p2a: Meloetta|spa|1\n|-boost|p2a: Meloetta|spd|1\n|\n|-heal|p2a: Meloetta|256/298|[from] item: Leftovers\n|upkeep\n|turn|7\n|\n|t:|1781400122\n|move|p1a: Whimsicott|Substitute|p1a: Whimsicott\n|-start|p1a: Whimsicott|Substitute\n|-damage|p1a: Whimsicott|179/238\n|move|p2a: Meloetta|Calm Mind|p2a: Meloetta\n|-boost|p2a: Meloetta|spa|1\n|-boost|p2a: Meloetta|spd|1\n|\n|-heal|p1a: Whimsicott|193/238|[from] item: Leftovers\n|-heal|p2a: Meloetta|274/298|[from] item: Leftovers\n|upkeep\n|turn|8\n|\n|t:|1781400124\n|move|p1a: Whimsicott|Leech Seed|p2a: Meloetta\n|-start|p2a: Meloetta|move: Leech Seed\n|move|p2a: Meloetta|Calm Mind|p2a: Meloetta\n|-boost|p2a: Meloetta|spa|1\n|-boost|p2a: Meloetta|spd|1\n|\n|-heal|p1a: Whimsicott|207/238|[from] item: Leftovers\n|-heal|p2a: Meloetta|292/298|[from] item: Leftovers\n|-damage|p2a: Meloetta|255/298|[from] Leech Seed|[of] p1a: Whimsicott\n|-heal|p1a: Whimsicott|238/238|[silent]\n|-end|p2a: Meloetta|Encore\n|upkeep\n|turn|9\n|\n|t:|1781400128\n|move|p1a: Whimsicott|Moonblast|p2a: Meloetta\n|-damage|p2a: Meloetta|230/298\n|move|p2a: Meloetta|Hyper Voice|p1a: Whimsicott\n|-damage|p1a: Whimsicott|0 fnt\n|faint|p1a: Whimsicott\n|\n|-heal|p2a: Meloetta|248/298|[from] item: Leftovers\n|upkeep\n|c|\u2606DemiSemiHemiQuaver|bro forgor\n|c|\u2606KibeemS|ye\n|c|\u2606DemiSemiHemiQuaver|rip\n|c|\u2606KibeemS|actually yes\n|c|\u2606KibeemS|im gonna quit this game\n|c|\u2606DemiSemiHemiQuaver|frfr\n|\n|t:|1781400166\n|switch|p1a: Houndoom|Houndoom, L87, F|272/272\n|turn|10\n|\n|t:|1781400173\n|move|p1a: Houndoom|Sucker Punch|p2a: Meloetta\n|-supereffective|p2a: Meloetta\n|-damage|p2a: Meloetta|68/298\n|move|p2a: Meloetta|Hyper Voice|p1a: Houndoom\n|-damage|p1a: Houndoom|0 fnt\n|faint|p1a: Houndoom\n|\n|-heal|p2a: Meloetta|86/298|[from] item: Leftovers\n|upkeep\n|c|\u2606KibeemS|gg\n|c|\u2606DemiSemiHemiQuaver|gg\n|c|\u2606KibeemS|this thing sweeps me\n|-message|KibeemS forfeited.\n|\n|win|DemiSemiHemiQuaver\n|raw|KibeemS's rating: 1469 &rarr; <strong>1452</strong><br />(-17 for losing)\n|raw|DemiSemiHemiQuaver's rating: 1514 &rarr; <strong>1531</strong><br />(+17 for winning)\n", "uploadtime": 1781400216, "views": 4, "formatid": "gen9randombattle", "rating": 1452, "private": 0, "password": null}