{"id": "gen9randombattle-2631942979", "format": "[Gen 9] Random Battle", "players": ["Sushi4928", "Irongraf"], "log": "|j|\u2606Sushi4928\n|j|\u2606Irongraf\n|t:|1781458251\n|gametype|singles\n|player|p1|Sushi4928|266|2034\n|player|p2|Irongraf|steven|2123\n|gen|9\n|tier|[Gen 9] Random Battle\n|rated|\n|rule|Species Clause: Limit one of each Pok\u00e9mon\n|rule|HP Percentage Mod: HP is shown in percentages\n|rule|Sleep Clause Mod: Limit one foe put to sleep\n|rule|Illusion Level Mod: Illusion disguises the Pok\u00e9mon's true level\n|\n|t:|1781458251\n|teamsize|p1|6\n|teamsize|p2|6\n|start\n|switch|p1a: Cryogonal|Cryogonal, L89|287/287\n|switch|p2a: Regigigas|Regigigas, L84|322/322\n|-start|p2a: Regigigas|ability: Slow Start\n|turn|1\n|inactive|Battle timer is ON: inactive players will automatically lose when time's up. (requested by Sushi4928)\n|\n|t:|1781458267\n|switch|p1a: Qwilfish|Qwilfish, L86, F|252/252\n|-ability|p1a: Qwilfish|Intimidate|boost\n|-unboost|p2a: Regigigas|atk|1\n|move|p2a: Regigigas|Substitute|p2a: Regigigas\n|-start|p2a: Regigigas|Substitute\n|-damage|p2a: Regigigas|242/322\n|\n|-heal|p2a: Regigigas|262/322|[from] item: Leftovers\n|upkeep\n|turn|2\n|\n|t:|1781458276\n|move|p1a: Qwilfish|Toxic Spikes|p2a: Regigigas\n|-sidestart|p2: Irongraf|move: Toxic Spikes\n|move|p2a: Regigigas|Knock Off|p1a: Qwilfish\n|-damage|p1a: Qwilfish|218/252\n|-enditem|p1a: Qwilfish|Heavy-Duty Boots|[from] move: Knock Off|[of] p2a: Regigigas\n|\n|-heal|p2a: Regigigas|282/322|[from] item: Leftovers\n|upkeep\n|turn|3\n|\n|t:|1781458278\n|move|p1a: Qwilfish|Gunk Shot|p2a: Regigigas\n|-end|p2a: Regigigas|Substitute\n|move|p2a: Regigigas|Body Slam|p1a: Qwilfish\n|-crit|p1a: Qwilfish\n|-damage|p1a: Qwilfish|115/252\n|-status|p1a: Qwilfish|par\n|\n|-heal|p2a: Regigigas|302/322|[from] item: Leftovers\n|upkeep\n|turn|4\n|\n|t:|1781458290\n|move|p2a: Regigigas|Substitute|p2a: Regigigas\n|-start|p2a: Regigigas|Substitute\n|-damage|p2a: Regigigas|222/322\n|move|p1a: Qwilfish|Flip Turn|p2a: Regigigas\n|-activate|p2a: Regigigas|move: Substitute|[damage]\n|\n|t:|1781458293\n|switch|p1a: Heracross|Heracross, L80, M|259/259|[from] Flip Turn\n|\n|-heal|p2a: Regigigas|242/322|[from] item: Leftovers\n|-status|p1a: Heracross|brn|[from] item: Flame Orb\n|upkeep\n|turn|5\n|\n|t:|1781458297\n|move|p2a: Regigigas|Protect|p2a: Regigigas\n|-singleturn|p2a: Regigigas|Protect\n|move|p1a: Heracross|Trailblaze|p2a: Regigigas\n|-activate|p2a: Regigigas|move: Protect\n|\n|-heal|p2a: Regigigas|262/322|[from] item: Leftovers\n|-damage|p1a: Heracross|243/259 brn|[from] brn\n|-end|p2a: Regigigas|Slow Start\n|upkeep\n|turn|6\n|\n|t:|1781458314\n|move|p2a: Regigigas|Body Slam|p1a: Heracross\n|-damage|p1a: Heracross|144/259 brn\n|move|p1a: Heracross|Trailblaze|p2a: Regigigas\n|-end|p2a: Regigigas|Substitute\n|-boost|p1a: Heracross|spe|1\n|\n|-heal|p2a: Regigigas|282/322|[from] item: Leftovers\n|-damage|p1a: Heracross|128/259 brn|[from] brn\n|upkeep\n|turn|7\n|\n|t:|1781458322\n|move|p2a: Regigigas|Protect|p2a: Regigigas\n|-singleturn|p2a: Regigigas|Protect\n|move|p1a: Heracross|Knock Off|p2a: Regigigas\n|-activate|p2a: Regigigas|move: Protect\n|\n|-heal|p2a: Regigigas|302/322|[from] item: Leftovers\n|-damage|p1a: Heracross|112/259 brn|[from] brn\n|upkeep\n|turn|8\n|\n|t:|1781458324\n|switch|p2a: Weezing|Weezing-Galar, L86, M|252/252\n|move|p1a: Heracross|Close Combat|p2a: Weezing\n|-resisted|p2a: Weezing\n|-damage|p2a: Weezing|214/252\n|-unboost|p1a: Heracross|def|1\n|-unboost|p1a: Heracross|spd|1\n|\n|-heal|p2a: Weezing|229/252|[from] item: Leftovers\n|-damage|p1a: Heracross|96/259 brn|[from] brn\n|upkeep\n|turn|9\n|\n|t:|1781458334\n|switch|p1a: Qwilfish|Qwilfish, L86, F|115/252 par\n|-ability|p1a: Qwilfish|Intimidate|boost\n|-unboost|p2a: Weezing|atk|1\n|move|p2a: Weezing|Strange Steam|p1a: Qwilfish\n|-resisted|p1a: Qwilfish\n|-damage|p1a: Qwilfish|50/252 par\n|\n|-heal|p2a: Weezing|244/252|[from] item: Leftovers\n|upkeep\n|turn|10\n|\n|t:|1781458340\n|move|p2a: Weezing|Strange Steam|p1a: Qwilfish\n|-resisted|p1a: Qwilfish\n|-damage|p1a: Qwilfish|0 fnt\n|faint|p1a: Qwilfish\n|\n|-heal|p2a: Weezing|252/252|[from] item: Leftovers\n|upkeep\n|\n|t:|1781458344\n|switch|p1a: Electivire|Electivire, L84, M|263/263\n|turn|11\n|\n|t:|1781458350\n|move|p1a: Electivire|Supercell Slam|p2a: Weezing\n|-damage|p2a: Weezing|130/252\n|-damage|p1a: Electivire|237/263|[from] item: Life Orb\n|move|p2a: Weezing|Will-O-Wisp|p1a: Electivire\n|-status|p1a: Electivire|brn\n|\n|-heal|p2a: Weezing|145/252|[from] item: Leftovers\n|-damage|p1a: Electivire|221/263 brn|[from] brn\n|upkeep\n|turn|12\n|\n|t:|1781458366\n|move|p1a: Electivire|Bulk Up|p1a: Electivire\n|-boost|p1a: Electivire|atk|1\n|-boost|p1a: Electivire|def|1\n|move|p2a: Weezing|Defog|p1a: Electivire\n|-unboost|p1a: Electivire|evasion|1\n|-sideend|p2: Irongraf|Toxic Spikes|[from] move: Defog|[of] p2a: Weezing\n|\n|-heal|p2a: Weezing|160/252|[from] item: Leftovers\n|-damage|p1a: Electivire|205/263 brn|[from] brn\n|upkeep\n|turn|13\n|\n|t:|1781458382\n|move|p1a: Electivire|Supercell Slam|p2a: Weezing\n|-damage|p2a: Weezing|63/252\n|-damage|p1a: Electivire|179/263 brn|[from] item: Life Orb\n|move|p2a: Weezing|Strange Steam|p1a: Electivire\n|-damage|p1a: Electivire|82/263 brn\n|\n|-heal|p2a: Weezing|78/252|[from] item: Leftovers\n|-damage|p1a: Electivire|66/263 brn|[from] brn\n|upkeep\n|turn|14\n|\n|t:|1781458388\n|move|p1a: Electivire|Supercell Slam|p2a: Weezing\n|-damage|p2a: Weezing|0 fnt\n|faint|p2a: Weezing\n|-damage|p1a: Electivire|40/263 brn|[from] item: Life Orb\n|\n|-damage|p1a: Electivire|24/263 brn|[from] brn\n|upkeep\n|\n|t:|1781458395\n|switch|p2a: Iron Moth|Iron Moth, L78|253/253\n|turn|15\n|\n|t:|1781458400\n|move|p2a: Iron Moth|Sludge Wave|p1a: Electivire\n|-damage|p1a: Electivire|0 fnt\n|faint|p1a: Electivire\n|\n|upkeep\n|\n|t:|1781458402\n|switch|p1a: Krookodile|Krookodile, L79, M|280/280\n|-ability|p1a: Krookodile|Intimidate|boost\n|-unboost|p2a: Iron Moth|atk|1\n|turn|16\n|\n|t:|1781458420\n|move|p2a: Iron Moth|Energy Ball|p1a: Krookodile\n|-supereffective|p1a: Krookodile\n|-damage|p1a: Krookodile|88/280\n|move|p1a: Krookodile|Earthquake|p2a: Iron Moth\n|-supereffective|p2a: Iron Moth\n|-damage|p2a: Iron Moth|0 fnt\n|faint|p2a: Iron Moth\n|-end|p2a: Iron Moth|Quark Drive|[silent]\n|-damage|p1a: Krookodile|60/280|[from] item: Life Orb\n|\n|upkeep\n|\n|t:|1781458424\n|switch|p2a: Heracross|Heracross, L80, F|259/259\n|turn|17\n|\n|t:|1781458433\n|switch|p1a: Trevenant|Trevenant, L89, F|296/296\n|move|p2a: Heracross|Trailblaze|p1a: Trevenant\n|-resisted|p1a: Trevenant\n|-damage|p1a: Trevenant|277/296\n|-boost|p2a: Heracross|spe|1\n|\n|-status|p2a: Heracross|brn|[from] item: Flame Orb\n|upkeep\n|turn|18\n|\n|t:|1781458440\n|move|p1a: Trevenant|Protect|p1a: Trevenant\n|-singleturn|p1a: Trevenant|Protect\n|move|p2a: Heracross|Knock Off|p1a: Trevenant\n|-activate|p1a: Trevenant|move: Protect\n|\n|-damage|p2a: Heracross|243/259 brn|[from] brn\n|upkeep\n|turn|19\n|\n|t:|1781458446\n|-terastallize|p1a: Trevenant|Fairy\n|move|p2a: Heracross|Knock Off|p1a: Trevenant\n|-resisted|p1a: Trevenant\n|-damage|p1a: Trevenant|221/296\n|-enditem|p1a: Trevenant|Sitrus Berry|[from] move: Knock Off|[of] p2a: Heracross\n|move|p1a: Trevenant|Poltergeist|p2a: Heracross\n|-activate|p2a: Heracross|move: Poltergeist|Flame Orb\n|-damage|p2a: Heracross|59/259 brn\n|\n|-damage|p2a: Heracross|43/259 brn|[from] brn\n|upkeep\n|turn|20\n|\n|t:|1781458456\n|move|p2a: Heracross|Facade|p1a: Trevenant\n|-damage|p1a: Trevenant|49/296\n|move|p1a: Trevenant|Drain Punch|p2a: Heracross\n|-resisted|p2a: Heracross\n|-damage|p2a: Heracross|3/259 brn\n|-heal|p1a: Trevenant|69/296|[from] drain|[of] p2a: Heracross\n|\n|-damage|p2a: Heracross|0 fnt|[from] brn\n|faint|p2a: Heracross\n|upkeep\n|\n|t:|1781458471\n|switch|p2a: Solgaleo|Solgaleo, L74|325/325\n|turn|21\n|\n|t:|1781458483\n|-terastallize|p2a: Solgaleo|Dark\n|move|p2a: Solgaleo|Flame Charge|p1a: Trevenant\n|-damage|p1a: Trevenant|32/296\n|-boost|p2a: Solgaleo|spe|1\n|move|p1a: Trevenant|Drain Punch|p2a: Solgaleo\n|-supereffective|p2a: Solgaleo\n|-damage|p2a: Solgaleo|201/325\n|-heal|p1a: Trevenant|94/296|[from] drain|[of] p2a: Solgaleo\n|-enditem|p2a: Solgaleo|Weakness Policy\n|-boost|p2a: Solgaleo|atk|2|[from] item: Weakness Policy\n|-boost|p2a: Solgaleo|spa|2|[from] item: Weakness Policy\n|\n|upkeep\n|turn|22\n|\n|t:|1781458491\n|move|p2a: Solgaleo|Sunsteel Strike|p1a: Trevenant\n|-supereffective|p1a: Trevenant\n|-damage|p1a: Trevenant|0 fnt\n|faint|p1a: Trevenant\n|\n|upkeep\n|\n|t:|1781458493\n|switch|p1a: Cryogonal|Cryogonal, L89|287/287\n|turn|23\n|-message|Sushi4928 forfeited.\n|\n|win|Irongraf\n", "uploadtime": 1781458253, "views": 3, "formatid": "gen9randombattle", "rating": null, "private": 0, "password": null}