{"id": "gen9randombattle-2631547193", "format": "[Gen 9] Random Battle", "players": ["Sighmyers", "Ryemikyu"], "log": "|j|\u2606Sighmyers\n|j|\u2606Ryemikyu\n|t:|1781399580\n|gametype|singles\n|player|p1|Sighmyers|170|1955\n|player|p2|Ryemikyu|acerola|2058\n|gen|9\n|tier|[Gen 9] Random Battle\n|rated|\n|rule|Species Clause: Limit one of each Pok\u00e9mon\n|rule|HP Percentage Mod: HP is shown in percentages\n|rule|Sleep Clause Mod: Limit one foe put to sleep\n|rule|Illusion Level Mod: Illusion disguises the Pok\u00e9mon's true level\n|\n|t:|1781399580\n|teamsize|p1|6\n|teamsize|p2|6\n|start\n|switch|p1a: Dudunsparce|Dudunsparce, L83, F|343/343\n|switch|p2a: Politoed|Politoed, L88, F|302/302\n|-weather|RainDance|[from] ability: Drizzle|[of] p2a: Politoed\n|turn|1\n|\n|t:|1781399592\n|move|p2a: Politoed|Weather Ball|p1a: Dudunsparce\n|-damage|p1a: Dudunsparce|78/343\n|move|p1a: Dudunsparce|Glare|p2a: Politoed\n|-status|p2a: Politoed|par\n|\n|-weather|RainDance|[upkeep]\n|-heal|p1a: Dudunsparce|99/343|[from] item: Leftovers\n|upkeep\n|turn|2\n|\n|t:|1781399599\n|move|p1a: Dudunsparce|Headbutt|p2a: Politoed\n|-damage|p2a: Politoed|221/302 par\n|cant|p2a: Politoed|flinch\n|\n|-weather|RainDance|[upkeep]\n|-heal|p1a: Dudunsparce|120/343|[from] item: Leftovers\n|upkeep\n|turn|3\n|\n|t:|1781399606\n|move|p1a: Dudunsparce|Headbutt|p2a: Politoed\n|-damage|p2a: Politoed|145/302 par\n|cant|p2a: Politoed|par\n|\n|-weather|RainDance|[upkeep]\n|-heal|p1a: Dudunsparce|141/343|[from] item: Leftovers\n|upkeep\n|turn|4\n|\n|t:|1781399612\n|move|p1a: Dudunsparce|Headbutt|p2a: Politoed\n|-damage|p2a: Politoed|69/302 par\n|cant|p2a: Politoed|flinch\n|\n|-weather|RainDance|[upkeep]\n|-heal|p1a: Dudunsparce|162/343|[from] item: Leftovers\n|upkeep\n|turn|5\n|\n|t:|1781399618\n|move|p1a: Dudunsparce|Headbutt|p2a: Politoed\n|-damage|p2a: Politoed|0 fnt\n|faint|p2a: Politoed\n|\n|-weather|none\n|-heal|p1a: Dudunsparce|183/343|[from] item: Leftovers\n|upkeep\n|\n|t:|1781399623\n|switch|p2a: Victreebel|Victreebel, L90, F|290/290\n|turn|6\n|\n|t:|1781399637\n|move|p2a: Victreebel|Power Whip|p1a: Dudunsparce\n|-damage|p1a: Dudunsparce|0 fnt\n|faint|p1a: Dudunsparce\n|-damage|p2a: Victreebel|261/290|[from] item: Life Orb\n|\n|upkeep\n|\n|t:|1781399640\n|switch|p1a: Pecharunt|Pecharunt, L77|262/262\n|turn|7\n|\n|t:|1781399649\n|move|p1a: Pecharunt|Malignant Chain|p2a: Victreebel\n|-damage|p2a: Victreebel|168/290\n|move|p2a: Victreebel|Swords Dance|p2a: Victreebel\n|-boost|p2a: Victreebel|atk|2\n|\n|upkeep\n|turn|8\n|\n|t:|1781399658\n|move|p1a: Pecharunt|Shadow Ball|p2a: Victreebel\n|-damage|p2a: Victreebel|90/290\n|move|p2a: Victreebel|Swords Dance|p2a: Victreebel\n|-boost|p2a: Victreebel|atk|2\n|\n|upkeep\n|turn|9\n|\n|t:|1781399662\n|move|p2a: Victreebel|Sucker Punch|p1a: Pecharunt\n|-supereffective|p1a: Pecharunt\n|-damage|p1a: Pecharunt|0 fnt\n|faint|p1a: Pecharunt\n|-damage|p2a: Victreebel|61/290|[from] item: Life Orb\n|\n|upkeep\n|\n|t:|1781399671\n|switch|p1a: Chi-Yu|Chi-Yu, L77|211/211\n|-ability|p1a: Chi-Yu|Beads of Ruin\n|turn|10\n|\n|t:|1781399677\n|move|p2a: Victreebel|Sucker Punch|p1a: Chi-Yu\n|-resisted|p1a: Chi-Yu\n|-damage|p1a: Chi-Yu|76/211\n|-damage|p2a: Victreebel|32/290|[from] item: Life Orb\n|move|p1a: Chi-Yu|Dark Pulse|p2a: Victreebel\n|-damage|p2a: Victreebel|0 fnt\n|faint|p2a: Victreebel\n|\n|upkeep\n|\n|t:|1781399684\n|switch|p2a: Persian|Persian, L92, M|269/269\n|turn|11\n|\n|t:|1781399691\n|switch|p1a: Golem|Golem-Alola, L93, M|300/300\n|move|p2a: Persian|Fake Out|p1a: Golem\n|-resisted|p1a: Golem\n|-damage|p1a: Golem|279/300\n|\n|upkeep\n|turn|12\n|\n|t:|1781399699\n|move|p2a: Persian|U-turn|p1a: Golem\n|-damage|p1a: Golem|249/300\n|\n|t:|1781399701\n|switch|p2a: Golem|Golem-Alola, L93, M|300/300|[from] U-turn\n|move|p1a: Golem|Double-Edge|p2a: Golem\n|-resisted|p2a: Golem\n|-crit|p2a: Golem\n|-damage|p2a: Golem|122/300\n|-damage|p1a: Golem|190/300|[from] Recoil\n|\n|upkeep\n|turn|13\n|\n|t:|1781399704\n|move|p1a: Golem|Double-Edge|p2a: Golem\n|-resisted|p2a: Golem\n|-damage|p2a: Golem|20/300\n|-damage|p1a: Golem|156/300|[from] Recoil\n|move|p2a: Golem|Earthquake|p1a: Golem\n|-supereffective|p1a: Golem\n|-damage|p1a: Golem|0 fnt\n|faint|p1a: Golem\n|\n|upkeep\n|\n|t:|1781399710\n|switch|p1a: Pelipper|Pelipper, L86, M|243/243\n|-weather|RainDance|[from] ability: Drizzle|[of] p1a: Pelipper\n|turn|14\n|\n|t:|1781399719\n|switch|p2a: Blissey|Blissey, L85, F|572/572\n|move|p1a: Pelipper|Weather Ball|p2a: Blissey\n|-damage|p2a: Blissey|388/572\n|\n|-weather|RainDance|[upkeep]\n|-heal|p2a: Blissey|423/572|[from] item: Leftovers\n|upkeep\n|turn|15\n|\n|t:|1781399726\n|-terastallize|p1a: Pelipper|Water\n|move|p1a: Pelipper|Weather Ball|p2a: Blissey\n|-damage|p2a: Blissey|183/572\n|move|p2a: Blissey|Stealth Rock|p1a: Pelipper\n|-sidestart|p1: Sighmyers|move: Stealth Rock\n|\n|-weather|RainDance|[upkeep]\n|-heal|p2a: Blissey|218/572|[from] item: Leftovers\n|upkeep\n|turn|16\n|\n|t:|1781399733\n|switch|p2a: Golem|Golem-Alola, L93, M|20/300\n|move|p1a: Pelipper|Weather Ball|p2a: Golem\n|-supereffective|p2a: Golem\n|-damage|p2a: Golem|0 fnt\n|faint|p2a: Golem\n|\n|-weather|RainDance|[upkeep]\n|upkeep\n|\n|t:|1781399737\n|switch|p2a: Sinistcha|Sinistcha, L83|254/254\n|turn|17\n|\n|t:|1781399741\n|switch|p1a: Chi-Yu|Chi-Yu, L77|76/211\n|-damage|p1a: Chi-Yu|24/211|[from] Stealth Rock\n|-ability|p1a: Chi-Yu|Beads of Ruin\n|move|p2a: Sinistcha|Calm Mind|p2a: Sinistcha\n|-boost|p2a: Sinistcha|spa|1\n|-boost|p2a: Sinistcha|spd|1\n|\n|-weather|RainDance|[upkeep]\n|upkeep\n|turn|18\n|\n|t:|1781399753\n|move|p1a: Chi-Yu|Dark Pulse|p2a: Sinistcha\n|-supereffective|p2a: Sinistcha\n|-damage|p2a: Sinistcha|60/254\n|move|p2a: Sinistcha|Shadow Ball|p1a: Chi-Yu\n|-resisted|p1a: Chi-Yu\n|-damage|p1a: Chi-Yu|0 fnt\n|faint|p1a: Chi-Yu\n|\n|-weather|none\n|-heal|p2a: Sinistcha|75/254|[from] item: Leftovers\n|upkeep\n|\n|t:|1781399762\n|switch|p1a: Kyogre|Kyogre, L71|259/259\n|-damage|p1a: Kyogre|227/259|[from] Stealth Rock\n|-weather|RainDance|[from] ability: Drizzle|[of] p1a: Kyogre\n|turn|19\n|\n|t:|1781399773\n|-terastallize|p2a: Sinistcha|Steel\n|move|p1a: Kyogre|Ice Beam|p2a: Sinistcha\n|-resisted|p2a: Sinistcha\n|-damage|p2a: Sinistcha|52/254\n|move|p2a: Sinistcha|Matcha Gotcha|p1a: Kyogre\n|-supereffective|p1a: Kyogre\n|-damage|p1a: Kyogre|0 fnt\n|-heal|p2a: Sinistcha|166/254|[from] drain|[of] p1a: Kyogre\n|faint|p1a: Kyogre\n|\n|-weather|RainDance|[upkeep]\n|-heal|p2a: Sinistcha|181/254|[from] item: Leftovers\n|upkeep\n|\n|t:|1781399777\n|switch|p1a: Pelipper|Pelipper, L86, M, tera:Water|243/243\n|-damage|p1a: Pelipper|213/243|[from] Stealth Rock\n|turn|20\n|-message|Sighmyers forfeited.\n|\n|win|Ryemikyu\n", "uploadtime": 1781399582, "views": 3, "formatid": "gen9randombattle", "rating": null, "private": 0, "password": null}