{"id": "gen9randombattle-2631418545", "format": "[Gen 9] Random Battle", "players": ["Zekromkicker", "AkenoChan19"], "log": "|j|\u2606Zekromkicker\n|j|\u2606AkenoChan19\n|t:|1781382286\n|gametype|singles\n|player|p1|Zekromkicker|rosa-masters|2023\n|player|p2|AkenoChan19|170|2047\n|gen|9\n|tier|[Gen 9] Random Battle\n|rated|\n|rule|Species Clause: Limit one of each Pok\u00e9mon\n|rule|HP Percentage Mod: HP is shown in percentages\n|rule|Sleep Clause Mod: Limit one foe put to sleep\n|rule|Illusion Level Mod: Illusion disguises the Pok\u00e9mon's true level\n|\n|t:|1781382286\n|teamsize|p1|6\n|teamsize|p2|6\n|start\n|switch|p1a: Primarina|Primarina, L83, F|268/268\n|switch|p2a: Iron Crown|Iron Crown, L78|268/268\n|turn|1\n|\n|t:|1781382312\n|move|p2a: Iron Crown|Volt Switch|p1a: Primarina\n|-supereffective|p1a: Primarina\n|-damage|p1a: Primarina|152/268\n|inactive|Battle timer is ON: inactive players will automatically lose when time's up. (requested by Zekromkicker)\n|\n|t:|1781382330\n|-end|p2a: Iron Crown|Quark Drive|[silent]\n|switch|p2a: Vespiquen|Vespiquen, L99, F|299/299|[from] Volt Switch\n|-ability|p2a: Vespiquen|Pressure\n|move|p1a: Primarina|Calm Mind|p1a: Primarina\n|-boost|p1a: Primarina|spa|1\n|-boost|p1a: Primarina|spd|1\n|\n|-heal|p1a: Primarina|168/268|[from] item: Leftovers\n|upkeep\n|turn|2\n|\n|t:|1781382335\n|move|p1a: Primarina|Draining Kiss|p2a: Vespiquen\n|-damage|p2a: Vespiquen|230/299\n|-heal|p1a: Primarina|220/268|[from] drain|[of] p2a: Vespiquen\n|move|p2a: Vespiquen|Toxic|p1a: Primarina\n|-status|p1a: Primarina|tox\n|\n|-heal|p1a: Primarina|236/268 tox|[from] item: Leftovers\n|-damage|p1a: Primarina|220/268 tox|[from] psn\n|upkeep\n|turn|3\n|\n|t:|1781382344\n|move|p1a: Primarina|Psychic Noise|p2a: Vespiquen\n|-damage|p2a: Vespiquen|116/299\n|-start|p2a: Vespiquen|move: Heal Block\n|cant|p2a: Vespiquen|move: Heal Block|Roost\n|\n|-heal|p1a: Primarina|236/268 tox|[from] item: Leftovers\n|-damage|p1a: Primarina|204/268 tox|[from] psn\n|upkeep\n|turn|4\n|\n|t:|1781382365\n|move|p1a: Primarina|Moonblast|p2a: Vespiquen\n|-damage|p2a: Vespiquen|0 fnt\n|faint|p2a: Vespiquen\n|\n|-heal|p1a: Primarina|220/268 tox|[from] item: Leftovers\n|-damage|p1a: Primarina|172/268 tox|[from] psn\n|upkeep\n|inactive|AkenoChan19 has 120 seconds left.\n|\n|t:|1781382396\n|switch|p2a: Iron Crown|Iron Crown, L78|268/268\n|turn|5\n|\n|t:|1781382416\n|move|p2a: Iron Crown|Psyshock|p1a: Primarina\n|-crit|p1a: Primarina\n|-damage|p1a: Primarina|0 fnt\n|faint|p1a: Primarina\n|\n|upkeep\n|\n|t:|1781382420\n|switch|p1a: Ho-Oh|Ho-Oh, L71|268/268\n|turn|6\n|\n|t:|1781382431\n|-end|p2a: Iron Crown|Quark Drive|[silent]\n|switch|p2a: Quagsire|Quagsire, L84, M|297/297\n|move|p1a: Ho-Oh|Sacred Fire|p2a: Quagsire\n|-resisted|p2a: Quagsire\n|-damage|p2a: Quagsire|247/297\n|\n|-heal|p2a: Quagsire|265/297|[from] item: Leftovers\n|upkeep\n|turn|7\n|\n|t:|1781382440\n|switch|p1a: Hydrapple|Hydrapple, L83, M|312/312\n|move|p2a: Quagsire|Toxic|p1a: Hydrapple|[miss]\n|-miss|p2a: Quagsire|p1a: Hydrapple\n|\n|-heal|p2a: Quagsire|283/297|[from] item: Leftovers\n|upkeep\n|turn|8\n|\n|t:|1781382467\n|-terastallize|p2a: Quagsire|Poison\n|move|p1a: Hydrapple|Nasty Plot|p1a: Hydrapple\n|-boost|p1a: Hydrapple|spa|2\n|move|p2a: Quagsire|Toxic|p1a: Hydrapple\n|-status|p1a: Hydrapple|tox\n|\n|-heal|p2a: Quagsire|297/297|[from] item: Leftovers\n|-damage|p1a: Hydrapple|293/312 tox|[from] psn\n|upkeep\n|turn|9\n|\n|t:|1781382477\n|move|p1a: Hydrapple|Earth Power|p2a: Quagsire\n|-supereffective|p2a: Quagsire\n|-damage|p2a: Quagsire|119/297\n|move|p2a: Quagsire|Ice Beam|p1a: Hydrapple\n|-supereffective|p1a: Hydrapple\n|-damage|p1a: Hydrapple|93/312 tox\n|\n|-heal|p1a: Hydrapple|112/312 tox|[from] item: Leftovers\n|-heal|p2a: Quagsire|137/297|[from] item: Leftovers\n|-damage|p1a: Hydrapple|74/312 tox|[from] psn\n|upkeep\n|turn|10\n|inactive|AkenoChan19 has 90 seconds left.\n|\n|t:|1781382499\n|move|p1a: Hydrapple|Earth Power|p2a: Quagsire\n|-supereffective|p2a: Quagsire\n|-damage|p2a: Quagsire|0 fnt\n|faint|p2a: Quagsire\n|\n|-heal|p1a: Hydrapple|93/312 tox|[from] item: Leftovers\n|-damage|p1a: Hydrapple|36/312 tox|[from] psn\n|upkeep\n|inactive|AkenoChan19 has 90 seconds left.\n|\n|t:|1781382515\n|switch|p2a: Scrafty|Scrafty, L83, M|244/244\n|-ability|p2a: Scrafty|Intimidate|boost\n|-unboost|p1a: Hydrapple|atk|1\n|turn|11\n|\n|t:|1781382526\n|move|p2a: Scrafty|Knock Off|p1a: Hydrapple\n|-damage|p1a: Hydrapple|0 fnt\n|-enditem|p1a: Hydrapple|Leftovers|[from] move: Knock Off|[of] p2a: Scrafty\n|faint|p1a: Hydrapple\n|\n|upkeep\n|\n|t:|1781382528\n|switch|p1a: Ho-Oh|Ho-Oh, L71|268/268\n|turn|12\n|inactive|AkenoChan19 has 90 seconds left.\n|\n|t:|1781382545\n|switch|p2a: Duraludon|Duraludon, L82, F|249/249\n|move|p1a: Ho-Oh|Sacred Fire|p2a: Duraludon\n|-damage|p2a: Duraludon|192/249\n|\n|upkeep\n|turn|13\n|\n|t:|1781382548\n|move|p2a: Duraludon|Thunder Wave|p1a: Ho-Oh\n|-status|p1a: Ho-Oh|par\n|cant|p1a: Ho-Oh|par\n|\n|upkeep\n|turn|14\n|\n|t:|1781382558\n|move|p2a: Duraludon|Draco Meteor|p1a: Ho-Oh\n|-damage|p1a: Ho-Oh|160/268 par\n|-unboost|p2a: Duraludon|spa|2\n|move|p1a: Ho-Oh|Sacred Fire|p2a: Duraludon\n|-damage|p2a: Duraludon|140/249\n|\n|upkeep\n|turn|15\n|inactive|AkenoChan19 has 90 seconds left.\n|\n|t:|1781382596\n|switch|p2a: Scrafty|Scrafty, L83, M|244/244\n|-ability|p2a: Scrafty|Intimidate|boost\n|-unboost|p1a: Ho-Oh|atk|1\n|move|p1a: Ho-Oh|Sacred Fire|p2a: Scrafty\n|-damage|p2a: Scrafty|189/244\n|\n|-heal|p2a: Scrafty|204/244|[from] item: Leftovers\n|upkeep\n|turn|16\n|\n|t:|1781382605\n|move|p2a: Scrafty|Knock Off|p1a: Ho-Oh\n|-damage|p1a: Ho-Oh|51/268 par\n|-enditem|p1a: Ho-Oh|Heavy-Duty Boots|[from] move: Knock Off|[of] p2a: Scrafty\n|move|p1a: Ho-Oh|Recover|p1a: Ho-Oh\n|-heal|p1a: Ho-Oh|185/268 par\n|\n|-heal|p2a: Scrafty|219/244|[from] item: Leftovers\n|upkeep\n|turn|17\n|inactive|AkenoChan19 has 90 seconds left.\n|\n|t:|1781382630\n|move|p2a: Scrafty|Poison Jab|p1a: Ho-Oh\n|-damage|p1a: Ho-Oh|125/268 par\n|move|p1a: Ho-Oh|Brave Bird|p2a: Scrafty\n|-supereffective|p2a: Scrafty\n|-damage|p2a: Scrafty|81/244\n|-damage|p1a: Ho-Oh|79/268 par|[from] Recoil\n|\n|-heal|p2a: Scrafty|96/244|[from] item: Leftovers\n|upkeep\n|turn|18\n|l|\u2606Zekromkicker\n|inactive|Zekromkicker disconnected and has a minute to reconnect!\n|player|p1|\n|j|\u2606Zekromkicker\n|inactive|Zekromkicker reconnected and has 125 seconds left.\n|player|p1|Zekromkicker|rosa-masters|\n|inactive|Zekromkicker has 120 seconds left.\n|\n|t:|1781382659\n|move|p2a: Scrafty|Dragon Dance|p2a: Scrafty\n|-boost|p2a: Scrafty|atk|1\n|-boost|p2a: Scrafty|spe|1\n|move|p1a: Ho-Oh|Recover|p1a: Ho-Oh\n|-heal|p1a: Ho-Oh|213/268 par\n|\n|-heal|p2a: Scrafty|111/244|[from] item: Leftovers\n|upkeep\n|turn|19\n|inactive|AkenoChan19 has 90 seconds left.\n|\n|t:|1781382666\n|move|p2a: Scrafty|Knock Off|p1a: Ho-Oh\n|-damage|p1a: Ho-Oh|107/268 par\n|move|p1a: Ho-Oh|Brave Bird|p2a: Scrafty\n|-supereffective|p2a: Scrafty\n|-damage|p2a: Scrafty|0 fnt\n|faint|p2a: Scrafty\n|-damage|p1a: Ho-Oh|70/268 par|[from] Recoil\n|\n|upkeep\n|inactive|AkenoChan19 has 90 seconds left.\n|\n|t:|1781382672\n|switch|p2a: Iron Crown|Iron Crown, L78|268/268\n|turn|20\n|\n|t:|1781382684\n|move|p2a: Iron Crown|Volt Switch|p1a: Ho-Oh\n|-supereffective|p1a: Ho-Oh\n|-damage|p1a: Ho-Oh|0 fnt\n|faint|p1a: Ho-Oh\n|\n|t:|1781382689\n|-end|p2a: Iron Crown|Quark Drive|[silent]\n|switch|p2a: Duraludon|Duraludon, L82, F|140/249|[from] Volt Switch\n|\n|upkeep\n|\n|t:|1781382695\n|switch|p1a: Piloswine|Piloswine, L85, F|309/309\n|turn|21\n|\n|t:|1781382704\n|move|p2a: Duraludon|Flash Cannon|p1a: Piloswine\n|-supereffective|p1a: Piloswine\n|-damage|p1a: Piloswine|135/309\n|move|p1a: Piloswine|Earthquake|p2a: Duraludon\n|-supereffective|p2a: Duraludon\n|-damage|p2a: Duraludon|20/249\n|\n|upkeep\n|turn|22\n|inactive|AkenoChan19 has 90 seconds left.\n|\n|t:|1781382739\n|switch|p2a: Iron Crown|Iron Crown, L78|268/268\n|move|p1a: Piloswine|Ice Shard|p2a: Iron Crown\n|-resisted|p2a: Iron Crown\n|-damage|p2a: Iron Crown|244/268\n|\n|upkeep\n|turn|23\n|inactive|AkenoChan19 has 90 seconds left.\n|l|\u2606Zekromkicker\n|inactive|Zekromkicker disconnected and has a minute to reconnect!\n|player|p1|\n|j|\u2606Zekromkicker\n|inactive|Zekromkicker reconnected and has 135 seconds left.\n|player|p1|Zekromkicker|rosa-masters|\n|\n|t:|1781382761\n|switch|p1a: Duraludon|Duraludon, L82, F|249/249\n|move|p2a: Iron Crown|Tachyon Cutter|p1a: Duraludon\n|-resisted|p1a: Duraludon\n|-damage|p1a: Duraludon|204/249\n|-resisted|p1a: Duraludon\n|-damage|p1a: Duraludon|158/249\n|-hitcount|p1a: Duraludon|2\n|\n|upkeep\n|turn|24\n|inactive|AkenoChan19 has 90 seconds left.\n|\n|t:|1781382779\n|-end|p2a: Iron Crown|Quark Drive|[silent]\n|switch|p2a: Duraludon|Duraludon, L82, F|20/249\n|move|p1a: Duraludon|Body Press|p2a: Duraludon\n|-supereffective|p2a: Duraludon\n|-damage|p2a: Duraludon|0 fnt\n|faint|p2a: Duraludon\n|\n|upkeep\n|\n|t:|1781382782\n|switch|p2a: Iron Crown|Iron Crown, L78|244/268\n|turn|25\n|\n|t:|1781382808\n|move|p2a: Iron Crown|Focus Blast|p1a: Duraludon\n|-supereffective|p1a: Duraludon\n|-damage|p1a: Duraludon|0 fnt\n|faint|p1a: Duraludon\n|\n|upkeep\n|inactive|Zekromkicker has 120 seconds left.\n|\n|t:|1781382828\n|switch|p1a: Piloswine|Piloswine, L85, F|135/309\n|turn|26\n|\n|t:|1781382844\n|-end|p2a: Iron Crown|Quark Drive|[silent]\n|switch|p2a: Zacian|Zacian, L69|241/241\n|-ability|p2a: Zacian|Intrepid Sword|boost\n|-boost|p2a: Zacian|atk|1\n|-terastallize|p1a: Piloswine|Poison\n|move|p1a: Piloswine|Earthquake|p2a: Zacian\n|-damage|p2a: Zacian|136/241\n|\n|upkeep\n|turn|27\n|inactive|Zekromkicker has 120 seconds left.\n|\n|t:|1781382862\n|move|p2a: Zacian|Psychic Fangs|p1a: Piloswine\n|-supereffective|p1a: Piloswine\n|-damage|p1a: Piloswine|0 fnt\n|faint|p1a: Piloswine\n|-damage|p2a: Zacian|112/241|[from] item: Life Orb\n|\n|upkeep\n|\n|t:|1781382864\n|switch|p1a: Arboliva|Arboliva, L91, M|288/288\n|turn|28\n|\n|t:|1781382868\n|move|p2a: Zacian|Close Combat|p1a: Arboliva\n|-supereffective|p1a: Arboliva\n|-damage|p1a: Arboliva|41/288\n|-unboost|p2a: Zacian|def|1\n|-unboost|p2a: Zacian|spd|1\n|-enditem|p1a: Arboliva|Sitrus Berry|[eat]\n|-heal|p1a: Arboliva|113/288|[from] item: Sitrus Berry\n|-damage|p2a: Zacian|88/241|[from] item: Life Orb\n|move|p1a: Arboliva|Hyper Voice|p2a: Zacian\n|-damage|p2a: Zacian|0 fnt\n|faint|p2a: Zacian\n|\n|upkeep\n|\n|t:|1781382872\n|switch|p2a: Iron Crown|Iron Crown, L78|244/268\n|turn|29\n|\n|t:|1781382878\n|move|p1a: Arboliva|Protect|p1a: Arboliva\n|-singleturn|p1a: Arboliva|Protect\n|move|p2a: Iron Crown|Tachyon Cutter|p1a: Arboliva\n|-activate|p1a: Arboliva|move: Protect\n|\n|upkeep\n|turn|30\n|\n|t:|1781382884\n|move|p2a: Iron Crown|Tachyon Cutter|p1a: Arboliva\n|-damage|p1a: Arboliva|49/288\n|-damage|p1a: Arboliva|0 fnt\n|faint|p1a: Arboliva\n|-hitcount|p1: Arboliva|2\n|\n|win|AkenoChan19\n", "uploadtime": 1781382288, "views": 8, "formatid": "gen9randombattle", "rating": null, "private": 0, "password": null}