{"id": "gen9randombattle-2631637217", "format": "[Gen 9] Random Battle", "players": ["euphoricpoptarts", "wuxiant"], "log": "|j|\u2606euphoricpoptarts\n|j|\u2606wuxiant\n|t:|1781412710\n|gametype|singles\n|player|p1|euphoricpoptarts|unknown|2057\n|player|p2|wuxiant|170|2055\n|gen|9\n|tier|[Gen 9] Random Battle\n|rated|\n|rule|Species Clause: Limit one of each Pok\u00e9mon\n|rule|HP Percentage Mod: HP is shown in percentages\n|rule|Sleep Clause Mod: Limit one foe put to sleep\n|rule|Illusion Level Mod: Illusion disguises the Pok\u00e9mon's true level\n|\n|t:|1781412710\n|teamsize|p1|6\n|teamsize|p2|6\n|start\n|switch|p1a: Scovillain|Scovillain, L91, F|266/266\n|switch|p2a: Swanna|Swanna, L89, F|278/278\n|turn|1\n|inactive|Battle timer is ON: inactive players will automatically lose when time's up. (requested by euphoricpoptarts)\n|\n|t:|1781412722\n|switch|p1a: Toxapex|Toxapex, L82, F|216/216\n|move|p2a: Swanna|Hydro Pump|p1a: Toxapex\n|-resisted|p1a: Toxapex\n|-damage|p1a: Toxapex|176/216\n|\n|-heal|p1a: Toxapex|189/216|[from] item: Leftovers\n|upkeep\n|turn|2\n|inactive|wuxiant has 120 seconds left.\n|\n|t:|1781412768\n|switch|p2a: Great Tusk|Great Tusk, L77|304/304\n|move|p1a: Toxapex|Toxic|p2a: Great Tusk\n|-status|p2a: Great Tusk|tox\n|\n|-heal|p1a: Toxapex|202/216|[from] item: Leftovers\n|-damage|p2a: Great Tusk|285/304 tox|[from] psn\n|upkeep\n|turn|3\n|\n|t:|1781412787\n|move|p2a: Great Tusk|Bulk Up|p2a: Great Tusk\n|-boost|p2a: Great Tusk|atk|1\n|-boost|p2a: Great Tusk|def|1\n|move|p1a: Toxapex|Recover|p1a: Toxapex\n|-heal|p1a: Toxapex|216/216\n|\n|-heal|p2a: Great Tusk|304/304 tox|[from] item: Leftovers\n|-damage|p2a: Great Tusk|266/304 tox|[from] psn\n|upkeep\n|turn|4\n|\n|t:|1781412794\n|switch|p1a: Kricketune|Kricketune, L99, M|312/312\n|move|p2a: Great Tusk|Earthquake|p1a: Kricketune\n|-resisted|p1a: Kricketune\n|-damage|p1a: Kricketune|204/312\n|\n|-heal|p2a: Great Tusk|285/304 tox|[from] item: Leftovers\n|-damage|p2a: Great Tusk|228/304 tox|[from] psn\n|upkeep\n|turn|5\n|inactive|wuxiant has 120 seconds left.\n|\n|t:|1781412818\n|switch|p1a: Scovillain|Scovillain, L91, F|266/266\n|move|p2a: Great Tusk|Stone Edge|p1a: Scovillain\n|-supereffective|p1a: Scovillain\n|-damage|p1a: Scovillain|0 fnt\n|faint|p1a: Scovillain\n|\n|-heal|p2a: Great Tusk|247/304 tox|[from] item: Leftovers\n|-damage|p2a: Great Tusk|171/304 tox|[from] psn\n|upkeep\n|inactive|euphoricpoptarts has 120 seconds left.\n|\n|t:|1781412836\n|switch|p1a: Kricketune|Kricketune, L99, M|204/312\n|turn|6\n|inactive|euphoricpoptarts has 120 seconds left.\n|inactive|wuxiant has 120 seconds left.\n|\n|t:|1781412854\n|move|p1a: Kricketune|Sticky Web|p2a: Great Tusk\n|-sidestart|p2: wuxiant|move: Sticky Web\n|move|p2a: Great Tusk|Stone Edge|p1a: Kricketune\n|-supereffective|p1a: Kricketune\n|-damage|p1a: Kricketune|0 fnt\n|faint|p1a: Kricketune\n|\n|-heal|p2a: Great Tusk|190/304 tox|[from] item: Leftovers\n|-damage|p2a: Great Tusk|95/304 tox|[from] psn\n|upkeep\n|\n|t:|1781412858\n|switch|p1a: Haxorus|Haxorus, L77, M|244/244\n|-ability|p1a: Haxorus|Mold Breaker\n|turn|7\n|inactive|euphoricpoptarts has 120 seconds left.\n|\n|t:|1781412873\n|move|p1a: Haxorus|Swords Dance|p1a: Haxorus\n|-boost|p1a: Haxorus|atk|2\n|move|p2a: Great Tusk|Earthquake|p1a: Haxorus\n|-damage|p1a: Haxorus|72/244\n|\n|-heal|p2a: Great Tusk|114/304 tox|[from] item: Leftovers\n|-damage|p2a: Great Tusk|0 fnt|[from] psn\n|faint|p2a: Great Tusk\n|-end|p2a: Great Tusk|Protosynthesis|[silent]\n|upkeep\n|inactive|wuxiant has 120 seconds left.\n|\n|t:|1781412894\n|switch|p2a: Latias|Latias, L79, F|256/256\n|turn|8\n|inactive|wuxiant has 120 seconds left.\n|\n|t:|1781412905\n|-terastallize|p2a: Latias|Steel\n|-terastallize|p1a: Haxorus|Steel\n|move|p2a: Latias|Psyshock|p1a: Haxorus\n|-resisted|p1a: Haxorus\n|-damage|p1a: Haxorus|23/244\n|move|p1a: Haxorus|Scale Shot|p2a: Latias\n|-resisted|p2a: Latias\n|-damage|p2a: Latias|222/256\n|-resisted|p2a: Latias\n|-damage|p2a: Latias|192/256\n|-resisted|p2a: Latias\n|-damage|p2a: Latias|161/256\n|-resisted|p2a: Latias\n|-damage|p2a: Latias|126/256\n|-resisted|p2a: Latias\n|-damage|p2a: Latias|93/256\n|-hitcount|p2a: Latias|5\n|-unboost|p1a: Haxorus|def|1\n|-boost|p1a: Haxorus|spe|1\n|\n|upkeep\n|turn|9\n|inactive|wuxiant has 120 seconds left.\n|inactive|wuxiant has 90 seconds left.\n|\n|t:|1781412952\n|switch|p2a: Drifblim|Drifblim, L86, M|396/396\n|move|p1a: Haxorus|Iron Head|p2a: Drifblim\n|-damage|p2a: Drifblim|92/396\n|-enditem|p2a: Drifblim|Sitrus Berry|[eat]\n|-heal|p2a: Drifblim|191/396|[from] item: Sitrus Berry\n|\n|upkeep\n|turn|10\n|inactive|wuxiant has 90 seconds left.\n|\n|t:|1781412969\n|move|p2a: Drifblim|Shadow Ball|p1a: Haxorus\n|-damage|p1a: Haxorus|0 fnt\n|faint|p1a: Haxorus\n|\n|upkeep\n|\n|t:|1781412977\n|switch|p1a: Arboliva|Arboliva, L91, F|290/290\n|turn|11\n|inactive|wuxiant has 90 seconds left.\n|\n|t:|1781412985\n|switch|p1a: Toxapex|Toxapex, L82, F|216/216\n|move|p2a: Drifblim|Calm Mind|p2a: Drifblim\n|-boost|p2a: Drifblim|spa|1\n|-boost|p2a: Drifblim|spd|1\n|\n|upkeep\n|turn|12\n|inactive|wuxiant has 90 seconds left.\n|\n|t:|1781412997\n|switch|p2a: Latias|Latias, L79, F, tera:Steel|93/256\n|move|p1a: Toxapex|Toxic|p2a: Latias\n|-immune|p2a: Latias\n|\n|upkeep\n|turn|13\n|\n|t:|1781413002\n|switch|p1a: Armarouge|Armarouge, L80, F|267/267\n|move|p2a: Latias|Recover|p2a: Latias\n|-heal|p2a: Latias|221/256\n|\n|upkeep\n|turn|14\n|inactive|wuxiant has 90 seconds left.\n|inactive|wuxiant has 60 seconds left.\n|\n|t:|1781413061\n|switch|p2a: Swanna|Swanna, L89, F|278/278\n|move|p1a: Armarouge|Meteor Beam||[still]\n|-prepare|p1a: Armarouge|Meteor Beam\n|-boost|p1a: Armarouge|spa|1\n|-enditem|p1a: Armarouge|Power Herb\n|-anim|p1a: Armarouge|Meteor Beam|p2a: Swanna\n|-supereffective|p2a: Swanna\n|-damage|p2a: Swanna|0 fnt\n|faint|p2a: Swanna\n|\n|upkeep\n|\n|t:|1781413084\n|switch|p2a: Drifblim|Drifblim, L86, M|191/396\n|turn|15\n|\n|t:|1781413091\n|move|p2a: Drifblim|Shadow Ball|p1a: Armarouge\n|-supereffective|p1a: Armarouge\n|-damage|p1a: Armarouge|75/267\n|move|p1a: Armarouge|Psyshock|p2a: Drifblim\n|-damage|p2a: Drifblim|0 fnt\n|faint|p2a: Drifblim\n|\n|upkeep\n|\n|t:|1781413103\n|switch|p2a: Latias|Latias, L79, F, tera:Steel|221/256\n|turn|16\n|\n|t:|1781413110\n|switch|p1a: Toxapex|Toxapex, L82, F|216/216\n|move|p2a: Latias|Draco Meteor|p1a: Toxapex\n|-damage|p1a: Toxapex|108/216\n|-unboost|p2a: Latias|spa|2\n|\n|-heal|p1a: Toxapex|121/216|[from] item: Leftovers\n|upkeep\n|turn|17\n|inactive|wuxiant has 60 seconds left.\n|\n|t:|1781413118\n|switch|p1a: Arboliva|Arboliva, L91, F|290/290\n|move|p2a: Latias|Calm Mind|p2a: Latias\n|-boost|p2a: Latias|spa|1\n|-boost|p2a: Latias|spd|1\n|\n|upkeep\n|turn|18\n|inactive|wuxiant has 60 seconds left.\n|\n|t:|1781413131\n|move|p2a: Latias|Calm Mind|p2a: Latias\n|-boost|p2a: Latias|spa|1\n|-boost|p2a: Latias|spd|1\n|move|p1a: Arboliva|Hyper Voice|p2a: Latias\n|-resisted|p2a: Latias\n|-damage|p2a: Latias|193/256\n|\n|upkeep\n|turn|19\n|-message|euphoricpoptarts forfeited.\n|\n|win|wuxiant\n", "uploadtime": 1781412712, "views": 3, "formatid": "gen9randombattle", "rating": null, "private": 0, "password": null}