{"id": "gen9randombattle-2631742659", "format": "[Gen 9] Random Battle", "players": ["KoffeeArchive", "Tuki VN"], "log": "|j|\u2606KoffeeArchive\n|j|\u2606Tuki VN\n|t:|1781432270\n|gametype|singles\n|player|p1|KoffeeArchive|clair|1998\n|player|p2|Tuki VN|lance-gen1rb|1985\n|gen|9\n|tier|[Gen 9] Random Battle\n|rated|\n|rule|Species Clause: Limit one of each Pok\u00e9mon\n|rule|HP Percentage Mod: HP is shown in percentages\n|rule|Sleep Clause Mod: Limit one foe put to sleep\n|rule|Illusion Level Mod: Illusion disguises the Pok\u00e9mon's true level\n|\n|t:|1781432270\n|teamsize|p1|6\n|teamsize|p2|6\n|start\n|switch|p1a: Crabominable|Crabominable, L90, F|321/321\n|switch|p2a: Suicune|Suicune, L82|298/298\n|-ability|p2a: Suicune|Pressure\n|turn|1\n|inactive|Battle timer is ON: inactive players will automatically lose when time's up. (requested by KoffeeArchive)\n|\n|t:|1781432283\n|switch|p1a: Swampert|Swampert, L83, F|302/302\n|move|p2a: Suicune|Scald|p1a: Swampert\n|-damage|p1a: Swampert|226/302\n|-status|p1a: Swampert|brn\n|\n|-heal|p1a: Swampert|244/302 brn|[from] item: Leftovers\n|-damage|p1a: Swampert|226/302 brn|[from] brn\n|upkeep\n|turn|2\n|\n|t:|1781432290\n|move|p2a: Suicune|Calm Mind|p2a: Suicune\n|-boost|p2a: Suicune|spa|1\n|-boost|p2a: Suicune|spd|1\n|move|p1a: Swampert|Stealth Rock|p2a: Suicune\n|-sidestart|p2: Tuki VN|move: Stealth Rock\n|\n|-heal|p1a: Swampert|244/302 brn|[from] item: Leftovers\n|-damage|p1a: Swampert|226/302 brn|[from] brn\n|upkeep\n|turn|3\n|\n|t:|1781432300\n|switch|p1a: Volcanion|Volcanion, L79|256/256\n|move|p2a: Suicune|Scald|p1a: Volcanion\n|-immune|p1a: Volcanion|[from] ability: Water Absorb\n|\n|upkeep\n|turn|4\n|\n|t:|1781432315\n|move|p2a: Suicune|Calm Mind|p2a: Suicune\n|-boost|p2a: Suicune|spa|1\n|-boost|p2a: Suicune|spd|1\n|move|p1a: Volcanion|Sludge Bomb|p2a: Suicune\n|-damage|p2a: Suicune|265/298\n|\n|-heal|p2a: Suicune|283/298|[from] item: Leftovers\n|upkeep\n|turn|5\n|\n|t:|1781432325\n|move|p2a: Suicune|Calm Mind|p2a: Suicune\n|-boost|p2a: Suicune|spa|1\n|-boost|p2a: Suicune|spd|1\n|move|p1a: Volcanion|Haze|p1a: Volcanion\n|-clearallboost\n|\n|-heal|p2a: Suicune|298/298|[from] item: Leftovers\n|upkeep\n|turn|6\n|\n|t:|1781432332\n|switch|p2a: Excadrill|Excadrill, L79, M|303/303\n|-damage|p2a: Excadrill|294/303|[from] Stealth Rock\n|-ability|p2a: Excadrill|Mold Breaker\n|move|p1a: Volcanion|Sludge Bomb|p2a: Excadrill\n|-immune|p2a: Excadrill\n|\n|upkeep\n|turn|7\n|\n|t:|1781432338\n|move|p2a: Excadrill|Rapid Spin|p1a: Volcanion\n|-damage|p1a: Volcanion|223/256\n|-boost|p2a: Excadrill|spe|1\n|-sideend|p2: Tuki VN|Stealth Rock|[from] move: Rapid Spin|[of] p2a: Excadrill\n|move|p1a: Volcanion|Steam Eruption|p2a: Excadrill\n|-supereffective|p2a: Excadrill\n|-damage|p2a: Excadrill|76/303\n|-status|p2a: Excadrill|brn\n|\n|-damage|p2a: Excadrill|58/303 brn|[from] brn\n|upkeep\n|turn|8\n|\n|t:|1781432343\n|switch|p1a: Swampert|Swampert, L83, F|226/302 brn\n|move|p2a: Excadrill|Earthquake|p1a: Swampert\n|-damage|p1a: Swampert|166/302 brn\n|\n|-heal|p1a: Swampert|184/302 brn|[from] item: Leftovers\n|-damage|p2a: Excadrill|40/303 brn|[from] brn\n|-damage|p1a: Swampert|166/302 brn|[from] brn\n|upkeep\n|turn|9\n|\n|t:|1781432349\n|move|p2a: Excadrill|Earthquake|p1a: Swampert\n|-damage|p1a: Swampert|106/302 brn\n|move|p1a: Swampert|Stealth Rock|p2a: Excadrill\n|-sidestart|p2: Tuki VN|move: Stealth Rock\n|\n|-heal|p1a: Swampert|124/302 brn|[from] item: Leftovers\n|-damage|p2a: Excadrill|22/303 brn|[from] brn\n|-damage|p1a: Swampert|106/302 brn|[from] brn\n|upkeep\n|turn|10\n|\n|t:|1781432358\n|move|p2a: Excadrill|Rapid Spin|p1a: Swampert\n|-damage|p1a: Swampert|84/302 brn\n|-boost|p2a: Excadrill|spe|1\n|-sideend|p2: Tuki VN|Stealth Rock|[from] move: Rapid Spin|[of] p2a: Excadrill\n|move|p1a: Swampert|Stealth Rock|p2a: Excadrill\n|-sidestart|p2: Tuki VN|move: Stealth Rock\n|\n|-heal|p1a: Swampert|102/302 brn|[from] item: Leftovers\n|-damage|p2a: Excadrill|4/303 brn|[from] brn\n|-damage|p1a: Swampert|84/302 brn|[from] brn\n|upkeep\n|turn|11\n|\n|t:|1781432365\n|move|p2a: Excadrill|Earthquake|p1a: Swampert\n|-damage|p1a: Swampert|25/302 brn\n|move|p1a: Swampert|Stealth Rock||[still]\n|-fail|p1a: Swampert\n|\n|-heal|p1a: Swampert|43/302 brn|[from] item: Leftovers\n|-damage|p2a: Excadrill|0 fnt|[from] brn\n|faint|p2a: Excadrill\n|-damage|p1a: Swampert|25/302 brn|[from] brn\n|upkeep\n|\n|t:|1781432370\n|switch|p2a: Morpeko|Morpeko, L88, M|245/245\n|-damage|p2a: Morpeko|215/245|[from] Stealth Rock\n|turn|12\n|\n|t:|1781432380\n|switch|p1a: Dachsbun|Dachsbun, L92, F|254/254\n|move|p2a: Morpeko|Rapid Spin|p1a: Dachsbun\n|-damage|p1a: Dachsbun|224/254\n|-boost|p2a: Morpeko|spe|1\n|-sideend|p2: Tuki VN|Stealth Rock|[from] move: Rapid Spin|[of] p2a: Morpeko\n|\n|-heal|p2a: Morpeko|230/245|[from] item: Leftovers\n|-heal|p1a: Dachsbun|239/254|[from] item: Leftovers\n|-formechange|p2a: Morpeko|Morpeko-Hangry||[from] ability: Hunger Switch\n|upkeep\n|turn|13\n|\n|t:|1781432390\n|switch|p2a: Farigiraf|Farigiraf, L90, M|362/362\n|move|p1a: Dachsbun|Play Rough|p2a: Farigiraf\n|-damage|p2a: Farigiraf|251/362\n|\n|-heal|p1a: Dachsbun|254/254|[from] item: Leftovers\n|-heal|p2a: Farigiraf|273/362|[from] item: Leftovers\n|upkeep\n|turn|14\n|\n|t:|1781432395\n|move|p1a: Dachsbun|Yawn|p2a: Farigiraf\n|-start|p2a: Farigiraf|move: Yawn|[of] p1a: Dachsbun\n|move|p2a: Farigiraf|Wish|p2a: Farigiraf\n|\n|-heal|p2a: Farigiraf|295/362|[from] item: Leftovers\n|upkeep\n|turn|15\n|\n|t:|1781432409\n|move|p1a: Dachsbun|Wish|p1a: Dachsbun\n|move|p2a: Farigiraf|Body Slam|p1a: Dachsbun\n|-damage|p1a: Dachsbun|181/254\n|-status|p1a: Dachsbun|par\n|\n|-heal|p2a: Farigiraf|362/362|[from] move: Wish|[wisher] Farigiraf\n|-heal|p1a: Dachsbun|196/254 par|[from] item: Leftovers\n|-end|p2a: Farigiraf|move: Yawn|[silent]\n|-status|p2a: Farigiraf|slp\n|upkeep\n|turn|16\n|\n|t:|1781432415\n|switch|p1a: Swampert|Swampert, L83, F|25/302 brn\n|cant|p2a: Farigiraf|slp\n|\n|-heal|p1a: Swampert|152/302 brn|[from] move: Wish|[wisher] Dachsbun\n|-heal|p1a: Swampert|170/302 brn|[from] item: Leftovers\n|-damage|p1a: Swampert|152/302 brn|[from] brn\n|upkeep\n|turn|17\n|\n|t:|1781432422\n|cant|p2a: Farigiraf|slp\n|move|p1a: Swampert|Stealth Rock|p2a: Farigiraf\n|-sidestart|p2: Tuki VN|move: Stealth Rock\n|\n|-heal|p1a: Swampert|170/302 brn|[from] item: Leftovers\n|-damage|p1a: Swampert|152/302 brn|[from] brn\n|upkeep\n|turn|18\n|\n|t:|1781432430\n|switch|p1a: Deoxys|Deoxys, L74|196/196\n|-ability|p1a: Deoxys|Pressure\n|-curestatus|p2a: Farigiraf|slp|[msg]\n|move|p2a: Farigiraf|Psychic Noise|p1a: Deoxys\n|-resisted|p1a: Deoxys\n|-damage|p1a: Deoxys|112/196\n|-start|p1a: Deoxys|move: Heal Block\n|\n|upkeep\n|turn|19\n|\n|t:|1781432438\n|move|p1a: Deoxys|Knock Off|p2a: Farigiraf\n|-supereffective|p2a: Farigiraf\n|-damage|p2a: Farigiraf|154/362\n|-enditem|p2a: Farigiraf|Leftovers|[from] move: Knock Off|[of] p1a: Deoxys\n|-damage|p1a: Deoxys|93/196|[from] item: Life Orb\n|move|p2a: Farigiraf|Body Slam|p1a: Deoxys\n|-damage|p1a: Deoxys|0 fnt\n|faint|p1a: Deoxys\n|\n|upkeep\n|\n|t:|1781432451\n|switch|p1a: Volcanion|Volcanion, L79|223/256\n|turn|20\n|\n|t:|1781432455\n|move|p2a: Farigiraf|Wish|p2a: Farigiraf\n|move|p1a: Volcanion|Steam Eruption|p2a: Farigiraf\n|-damage|p2a: Farigiraf|18/362\n|\n|upkeep\n|turn|21\n|\n|t:|1781432463\n|switch|p1a: Crabominable|Crabominable, L90, F|321/321\n|move|p2a: Farigiraf|Protect||[still]\n|-fail|p2a: Farigiraf\n|\n|-heal|p2a: Farigiraf|199/362|[from] move: Wish|[wisher] Farigiraf\n|upkeep\n|turn|22\n|\n|t:|1781432474\n|move|p2a: Farigiraf|Psychic Noise|p1a: Crabominable\n|-supereffective|p1a: Crabominable\n|-damage|p1a: Crabominable|97/321\n|-start|p1a: Crabominable|move: Heal Block\n|move|p1a: Crabominable|Close Combat|p2a: Farigiraf\n|-damage|p2a: Farigiraf|0 fnt\n|-unboost|p1a: Crabominable|def|1\n|-unboost|p1a: Crabominable|spd|1\n|faint|p2a: Farigiraf\n|\n|upkeep\n|\n|t:|1781432491\n|switch|p2a: Morpeko|Morpeko, L88, M|230/245\n|-damage|p2a: Morpeko|200/245|[from] Stealth Rock\n|turn|23\n|\n|t:|1781432497\n|switch|p1a: Swampert|Swampert, L83, F|152/302 brn\n|move|p2a: Morpeko|Knock Off|p1a: Swampert\n|-damage|p1a: Swampert|49/302 brn\n|-enditem|p1a: Swampert|Leftovers|[from] move: Knock Off|[of] p2a: Morpeko\n|\n|-heal|p2a: Morpeko|215/245|[from] item: Leftovers\n|-damage|p1a: Swampert|31/302 brn|[from] brn\n|-formechange|p2a: Morpeko|Morpeko-Hangry||[from] ability: Hunger Switch\n|upkeep\n|turn|24\n|\n|t:|1781432507\n|move|p2a: Morpeko|Rapid Spin|p1a: Swampert\n|-damage|p1a: Swampert|0 fnt\n|-boost|p2a: Morpeko|spe|1\n|-sideend|p2: Tuki VN|Stealth Rock|[from] move: Rapid Spin|[of] p2a: Morpeko\n|faint|p1a: Swampert\n|\n|-heal|p2a: Morpeko|230/245|[from] item: Leftovers\n|-formechange|p2a: Morpeko|Morpeko||[from] ability: Hunger Switch\n|upkeep\n|\n|t:|1781432510\n|switch|p1a: Dachsbun|Dachsbun, L92, F|196/254 par\n|turn|25\n|\n|t:|1781432514\n|-terastallize|p2a: Morpeko|Electric\n|move|p1a: Dachsbun|Protect|p1a: Dachsbun\n|-singleturn|p1a: Dachsbun|Protect\n|move|p2a: Morpeko|Aura Wheel|p1a: Dachsbun\n|-activate|p1a: Dachsbun|move: Protect\n|\n|-heal|p2a: Morpeko|245/245|[from] item: Leftovers\n|-heal|p1a: Dachsbun|211/254 par|[from] item: Leftovers\n|upkeep\n|turn|26\n|\n|t:|1781432521\n|move|p2a: Morpeko|Aura Wheel|p1a: Dachsbun\n|-damage|p1a: Dachsbun|93/254 par\n|-boost|p2a: Morpeko|spe|1\n|move|p1a: Dachsbun|Yawn|p2a: Morpeko\n|-start|p2a: Morpeko|move: Yawn|[of] p1a: Dachsbun\n|\n|-heal|p1a: Dachsbun|108/254 par|[from] item: Leftovers\n|upkeep\n|turn|27\n|\n|t:|1781432529\n|switch|p2a: Suicune|Suicune, L82|298/298\n|-ability|p2a: Suicune|Pressure\n|move|p1a: Dachsbun|Wish|p1a: Dachsbun\n|\n|-heal|p1a: Dachsbun|123/254 par|[from] item: Leftovers\n|upkeep\n|turn|28\n|\n|t:|1781432541\n|switch|p2a: Morpeko|Morpeko, L88, M, tera:Electric|245/245\n|cant|p1a: Dachsbun|par\n|\n|-heal|p1a: Dachsbun|250/254 par|[from] move: Wish|[wisher] Dachsbun\n|-heal|p1a: Dachsbun|254/254 par|[from] item: Leftovers\n|upkeep\n|turn|29\n|\n|t:|1781432546\n|move|p2a: Morpeko|Aura Wheel|p1a: Dachsbun\n|-damage|p1a: Dachsbun|118/254 par\n|-boost|p2a: Morpeko|spe|1\n|cant|p1a: Dachsbun|par\n|\n|-heal|p1a: Dachsbun|133/254 par|[from] item: Leftovers\n|upkeep\n|turn|30\n|\n|t:|1781432553\n|move|p2a: Morpeko|Aura Wheel|p1a: Dachsbun\n|-damage|p1a: Dachsbun|11/254 par\n|-boost|p2a: Morpeko|spe|1\n|cant|p1a: Dachsbun|par\n|\n|-heal|p1a: Dachsbun|26/254 par|[from] item: Leftovers\n|upkeep\n|turn|31\n|\n|t:|1781432557\n|move|p2a: Morpeko|Knock Off|p1a: Dachsbun\n|-resisted|p1a: Dachsbun\n|-damage|p1a: Dachsbun|0 fnt\n|-enditem|p1a: Dachsbun|Leftovers|[from] move: Knock Off|[of] p2a: Morpeko\n|faint|p1a: Dachsbun\n|\n|upkeep\n|\n|t:|1781432562\n|switch|p1a: Oricorio|Oricorio, L84, M|263/263\n|turn|32\n|\n|t:|1781432566\n|-terastallize|p1a: Oricorio|Ground\n|move|p2a: Morpeko|Knock Off|p1a: Oricorio\n|-damage|p1a: Oricorio|125/263\n|-enditem|p1a: Oricorio|Heavy-Duty Boots|[from] move: Knock Off|[of] p2a: Morpeko\n|move|p1a: Oricorio|Quiver Dance|p1a: Oricorio\n|-boost|p1a: Oricorio|spa|1\n|-boost|p1a: Oricorio|spd|1\n|-boost|p1a: Oricorio|spe|1\n|\n|upkeep\n|turn|33\n|\n|t:|1781432579\n|switch|p2a: Suicune|Suicune, L82|298/298\n|-ability|p2a: Suicune|Pressure\n|move|p1a: Oricorio|Roost|p1a: Oricorio\n|-heal|p1a: Oricorio|257/263\n|\n|upkeep\n|turn|34\n|\n|t:|1781432586\n|move|p1a: Oricorio|Quiver Dance|p1a: Oricorio\n|-boost|p1a: Oricorio|spa|1\n|-boost|p1a: Oricorio|spd|1\n|-boost|p1a: Oricorio|spe|1\n|move|p2a: Suicune|Calm Mind|p2a: Suicune\n|-boost|p2a: Suicune|spa|1\n|-boost|p2a: Suicune|spd|1\n|\n|upkeep\n|turn|35\n|\n|t:|1781432589\n|move|p1a: Oricorio|Quiver Dance|p1a: Oricorio\n|-boost|p1a: Oricorio|spa|1\n|-boost|p1a: Oricorio|spd|1\n|-boost|p1a: Oricorio|spe|1\n|move|p2a: Suicune|Calm Mind|p2a: Suicune\n|-boost|p2a: Suicune|spa|1\n|-boost|p2a: Suicune|spd|1\n|\n|upkeep\n|turn|36\n|\n|t:|1781432591\n|move|p1a: Oricorio|Quiver Dance|p1a: Oricorio\n|-boost|p1a: Oricorio|spa|1\n|-boost|p1a: Oricorio|spd|1\n|-boost|p1a: Oricorio|spe|1\n|move|p2a: Suicune|Scald|p1a: Oricorio\n|-supereffective|p1a: Oricorio\n|-damage|p1a: Oricorio|137/263\n|-status|p1a: Oricorio|brn\n|\n|-damage|p1a: Oricorio|121/263 brn|[from] brn\n|upkeep\n|turn|37\n|\n|t:|1781432593\n|move|p1a: Oricorio|Quiver Dance|p1a: Oricorio\n|-boost|p1a: Oricorio|spa|1\n|-boost|p1a: Oricorio|spd|1\n|-boost|p1a: Oricorio|spe|1\n|move|p2a: Suicune|Calm Mind|p2a: Suicune\n|-boost|p2a: Suicune|spa|1\n|-boost|p2a: Suicune|spd|1\n|\n|-damage|p1a: Oricorio|105/263 brn|[from] brn\n|upkeep\n|turn|38\n|\n|t:|1781432595\n|move|p1a: Oricorio|Roost|p1a: Oricorio\n|-heal|p1a: Oricorio|237/263 brn\n|move|p2a: Suicune|Calm Mind|p2a: Suicune\n|-boost|p2a: Suicune|spa|1\n|-boost|p2a: Suicune|spd|1\n|\n|-damage|p1a: Oricorio|221/263 brn|[from] brn\n|upkeep\n|turn|39\n|\n|t:|1781432598\n|move|p1a: Oricorio|Hurricane|p2a: Suicune\n|-damage|p2a: Suicune|187/298\n|-start|p2a: Suicune|confusion\n|-activate|p2a: Suicune|confusion\n|move|p2a: Suicune|Scald|p1a: Oricorio\n|-supereffective|p1a: Oricorio\n|-damage|p1a: Oricorio|65/263 brn\n|\n|-heal|p2a: Suicune|205/298|[from] item: Leftovers\n|-damage|p1a: Oricorio|49/263 brn|[from] brn\n|upkeep\n|turn|40\n|-message|KoffeeArchive forfeited.\n|\n|win|Tuki VN\n", "uploadtime": 1781432271, "views": 3, "formatid": "gen9randombattle", "rating": null, "private": 0, "password": null}