{"id": "gen9randombattle-2631841178", "format": "[Gen 9] Random Battle", "players": ["makkereel", "Magikarpitalism"], "log": "|j|\u2606makkereel\n|j|\u2606Magikarpitalism\n|t:|1781446894\n|gametype|singles\n|player|p1|makkereel|170|2182\n|player|p2|Magikarpitalism|steven|2161\n|gen|9\n|tier|[Gen 9] Random Battle\n|rated|\n|rule|Species Clause: Limit one of each Pok\u00e9mon\n|rule|HP Percentage Mod: HP is shown in percentages\n|rule|Sleep Clause Mod: Limit one foe put to sleep\n|rule|Illusion Level Mod: Illusion disguises the Pok\u00e9mon's true level\n|\n|t:|1781446894\n|teamsize|p1|6\n|teamsize|p2|6\n|start\n|switch|p1a: Qwilfish|Qwilfish-Hisui, L83, M|244/244\n|switch|p2a: Articuno|Articuno, L86|295/295\n|-ability|p2a: Articuno|Pressure\n|-ability|p1a: Qwilfish|Intimidate|boost\n|-unboost|p2a: Articuno|atk|1\n|turn|1\n|\n|t:|1781446912\n|switch|p1a: Mightyena|Mightyena, L96, F|290/290\n|-ability|p1a: Mightyena|Intimidate|boost\n|-unboost|p2a: Articuno|atk|1\n|move|p2a: Articuno|Freeze-Dry|p1a: Mightyena\n|-damage|p1a: Mightyena|226/290\n|\n|upkeep\n|turn|2\n|\n|t:|1781446919\n|switch|p2a: Klawf|Klawf, L90, M|272/272\n|move|p1a: Mightyena|Poison Fang|p2a: Klawf\n|-resisted|p2a: Klawf\n|-damage|p2a: Klawf|256/272\n|\n|upkeep\n|turn|3\n|\n|t:|1781446925\n|move|p1a: Mightyena|Poison Fang|p2a: Klawf\n|-resisted|p2a: Klawf\n|-damage|p2a: Klawf|238/272\n|move|p2a: Klawf|Stealth Rock|p1a: Mightyena\n|-sidestart|p1: makkereel|move: Stealth Rock\n|\n|upkeep\n|turn|4\n|\n|t:|1781446928\n|move|p1a: Mightyena|Poison Fang|p2a: Klawf\n|-resisted|p2a: Klawf\n|-damage|p2a: Klawf|222/272\n|-status|p2a: Klawf|tox\n|move|p2a: Klawf|Stone Edge|p1a: Mightyena\n|-damage|p1a: Mightyena|73/290\n|-damage|p2a: Klawf|195/272 tox|[from] item: Life Orb\n|\n|-damage|p2a: Klawf|178/272 tox|[from] psn\n|upkeep\n|turn|5\n|\n|t:|1781446937\n|move|p1a: Mightyena|Super Fang|p2a: Klawf\n|-damage|p2a: Klawf|89/272 tox\n|move|p2a: Klawf|Stone Edge|p1a: Mightyena\n|-damage|p1a: Mightyena|0 fnt\n|faint|p1a: Mightyena\n|-damage|p2a: Klawf|62/272 tox|[from] item: Life Orb\n|\n|-damage|p2a: Klawf|28/272 tox|[from] psn\n|upkeep\n|\n|t:|1781446950\n|switch|p1a: Qwilfish|Qwilfish-Hisui, L83, M|244/244\n|-damage|p1a: Qwilfish|214/244|[from] Stealth Rock\n|-ability|p1a: Qwilfish|Intimidate|boost\n|-unboost|p2a: Klawf|atk|1\n|turn|6\n|\n|t:|1781446958\n|switch|p2a: Articuno|Articuno, L86|295/295\n|-ability|p2a: Articuno|Pressure\n|move|p1a: Qwilfish|Toxic Spikes|p2a: Articuno\n|-sidestart|p2: Magikarpitalism|move: Toxic Spikes\n|\n|upkeep\n|turn|7\n|\n|t:|1781446963\n|move|p2a: Articuno|Freeze-Dry|p1a: Qwilfish\n|-damage|p1a: Qwilfish|139/244\n|move|p1a: Qwilfish|Gunk Shot|p2a: Articuno|[miss]\n|-miss|p1a: Qwilfish|p2a: Articuno\n|\n|upkeep\n|turn|8\n|\n|t:|1781446967\n|move|p2a: Articuno|Freeze-Dry|p1a: Qwilfish\n|-damage|p1a: Qwilfish|60/244\n|move|p1a: Qwilfish|Gunk Shot|p2a: Articuno|[miss]\n|-miss|p1a: Qwilfish|p2a: Articuno\n|\n|upkeep\n|turn|9\n|c|\u2606makkereel|what a game this is\n|\n|t:|1781446984\n|move|p2a: Articuno|Substitute|p2a: Articuno\n|-start|p2a: Articuno|Substitute\n|-damage|p2a: Articuno|222/295\n|move|p1a: Qwilfish|Gunk Shot|p2a: Articuno\n|-crit|p2a: Articuno\n|-end|p2a: Articuno|Substitute\n|\n|upkeep\n|turn|10\n|\n|t:|1781446991\n|move|p2a: Articuno|Freeze-Dry|p1a: Qwilfish\n|-damage|p1a: Qwilfish|0 fnt\n|faint|p1a: Qwilfish\n|\n|upkeep\n|\n|t:|1781446997\n|switch|p1a: Sylveon|Sylveon, L85, F|300/300\n|-damage|p1a: Sylveon|263/300|[from] Stealth Rock\n|turn|11\n|\n|t:|1781447002\n|switch|p2a: Klawf|Klawf, L90, M|118/272 tox\n|move|p1a: Sylveon|Calm Mind|p1a: Sylveon\n|-boost|p1a: Sylveon|spa|1\n|-boost|p1a: Sylveon|spd|1\n|\n|-heal|p1a: Sylveon|281/300|[from] item: Leftovers\n|-damage|p2a: Klawf|101/272 tox|[from] psn\n|upkeep\n|turn|12\n|\n|t:|1781447006\n|move|p1a: Sylveon|Protect|p1a: Sylveon\n|-singleturn|p1a: Sylveon|Protect\n|move|p2a: Klawf|Stone Edge|p1a: Sylveon\n|-activate|p1a: Sylveon|move: Protect\n|\n|-heal|p1a: Sylveon|299/300|[from] item: Leftovers\n|-damage|p2a: Klawf|67/272 tox|[from] psn\n|upkeep\n|turn|13\n|\n|t:|1781447014\n|move|p2a: Klawf|Knock Off|p1a: Sylveon\n|-resisted|p1a: Sylveon\n|-damage|p1a: Sylveon|229/300\n|-enditem|p1a: Sylveon|Leftovers|[from] move: Knock Off|[of] p2a: Klawf\n|-damage|p2a: Klawf|40/272 tox|[from] item: Life Orb\n|move|p1a: Sylveon|Wish|p1a: Sylveon\n|\n|-damage|p2a: Klawf|0 fnt|[from] psn\n|faint|p2a: Klawf\n|upkeep\n|\n|t:|1781447022\n|switch|p2a: Cyclizar|Cyclizar, L83, M|252/252\n|turn|14\n|\n|t:|1781447026\n|move|p2a: Cyclizar|Shed Tail|p2a: Cyclizar\n|-start|p2a: Cyclizar|Substitute|[from] move: Shed Tail\n|-damage|p2a: Cyclizar|126/252\n|\n|t:|1781447028\n|switch|p2a: Solgaleo|Solgaleo, L74|325/325|[from] Shed Tail\n|move|p1a: Sylveon|Hyper Voice|p2a: Solgaleo\n|-resisted|p2a: Solgaleo\n|-damage|p2a: Solgaleo|222/325\n|\n|-heal|p1a: Sylveon|300/300|[from] move: Wish|[wisher] Sylveon\n|-heal|p2a: Solgaleo|242/325|[from] item: Leftovers\n|upkeep\n|turn|15\n|\n|t:|1781447033\n|switch|p1a: Clodsire|Clodsire, L81, F|343/343\n|-damage|p1a: Clodsire|322/343|[from] Stealth Rock\n|move|p2a: Solgaleo|Sunsteel Strike|p1a: Clodsire\n|-damage|p1a: Clodsire|171/343\n|\n|-heal|p2a: Solgaleo|262/325|[from] item: Leftovers\n|-heal|p1a: Clodsire|192/343|[from] item: Leftovers\n|upkeep\n|turn|16\n|\n|t:|1781447044\n|move|p2a: Solgaleo|Psychic Fangs|p1a: Clodsire\n|-supereffective|p1a: Clodsire\n|-damage|p1a: Clodsire|0 fnt\n|faint|p1a: Clodsire\n|\n|-heal|p2a: Solgaleo|282/325|[from] item: Leftovers\n|upkeep\n|\n|t:|1781447049\n|switch|p1a: Rillaboom|Rillaboom, L79, M|288/288\n|-damage|p1a: Rillaboom|252/288|[from] Stealth Rock\n|-fieldstart|move: Grassy Terrain|[from] ability: Grassy Surge|[of] p1a: Rillaboom\n|turn|17\n|\n|t:|1781447053\n|move|p2a: Solgaleo|Sunsteel Strike|p1a: Rillaboom\n|-damage|p1a: Rillaboom|131/288\n|move|p1a: Rillaboom|High Horsepower|p2a: Solgaleo\n|-supereffective|p2a: Solgaleo\n|-end|p2a: Solgaleo|Substitute\n|-damage|p1a: Rillaboom|103/288|[from] item: Life Orb\n|\n|-heal|p2a: Solgaleo|302/325|[from] Grassy Terrain\n|-heal|p2a: Solgaleo|322/325|[from] item: Leftovers\n|-heal|p1a: Rillaboom|121/288|[from] Grassy Terrain\n|upkeep\n|turn|18\n|\n|t:|1781447061\n|switch|p2a: Articuno|Articuno, L86|222/295\n|-ability|p2a: Articuno|Pressure\n|move|p1a: Rillaboom|High Horsepower|p2a: Articuno\n|-immune|p2a: Articuno\n|\n|-heal|p1a: Rillaboom|139/288|[from] Grassy Terrain\n|upkeep\n|turn|19\n|-message|makkereel forfeited.\n|\n|win|Magikarpitalism\n|raw|makkereel's rating: 2182 &rarr; <strong>2161</strong><br />(-21 for losing)\n|raw|Magikarpitalism's rating: 2161 &rarr; <strong>2182</strong><br />(+21 for winning)\n|l|\u2606makkereel\n|player|p1|\n", "uploadtime": 1781446896, "views": 5, "formatid": "gen9randombattle", "rating": 2161, "private": 0, "password": null}