{"id": "gen9randombattle-2631731967", "format": "[Gen 9] Random Battle", "players": ["TheBotanist73", "IJustWorkHereMan"], "log": "|j|\u2606TheBotanist73\n|j|\u203dIJustWorkHereMan\n|t:|1781430340\n|gametype|singles\n|player|p1|TheBotanist73|scientist-gen7|1954\n|player|p2|IJustWorkHereMan|2|1977\n|gen|9\n|tier|[Gen 9] Random Battle\n|rated|\n|rule|Species Clause: Limit one of each Pok\u00e9mon\n|rule|HP Percentage Mod: HP is shown in percentages\n|rule|Sleep Clause Mod: Limit one foe put to sleep\n|rule|Illusion Level Mod: Illusion disguises the Pok\u00e9mon's true level\n|\n|t:|1781430340\n|teamsize|p1|6\n|teamsize|p2|6\n|start\n|switch|p1a: Illumise|Illumise, L91, F|266/266\n|switch|p2a: Hatterene|Hatterene, L85, F|236/236\n|turn|1\n|\n|t:|1781430352\n|switch|p1a: Coalossal|Coalossal, L89, F|341/341\n|move|p2a: Hatterene|Nuzzle|p1a: Coalossal\n|-damage|p1a: Coalossal|329/341\n|-status|p1a: Coalossal|par\n|\n|upkeep\n|turn|2\n|inactive|Battle timer is ON: inactive players will automatically lose when time's up. (requested by TheBotanist73)\n|\n|t:|1781430364\n|switch|p2a: Hippowdon|Hippowdon, L82, F|311/311\n|-weather|Sandstorm|[from] ability: Sand Stream|[of] p2a: Hippowdon\n|move|p1a: Coalossal|Stone Edge|p2a: Hippowdon\n|-resisted|p2a: Hippowdon\n|-damage|p2a: Hippowdon|271/311\n|\n|-weather|Sandstorm|[upkeep]\n|-heal|p2a: Hippowdon|290/311|[from] item: Leftovers\n|upkeep\n|turn|3\n|\n|t:|1781430371\n|switch|p1a: Meganium|Meganium, L90, F|290/290\n|move|p2a: Hippowdon|Earthquake|p1a: Meganium\n|-resisted|p1a: Meganium\n|-damage|p1a: Meganium|243/290\n|\n|-weather|Sandstorm|[upkeep]\n|-damage|p1a: Meganium|225/290|[from] Sandstorm\n|-heal|p1a: Meganium|243/290|[from] item: Leftovers\n|-heal|p2a: Hippowdon|309/311|[from] item: Leftovers\n|upkeep\n|turn|4\n|\n|t:|1781430379\n|move|p1a: Meganium|Swords Dance|p1a: Meganium\n|-boost|p1a: Meganium|atk|2\n|move|p2a: Hippowdon|Stealth Rock|p1a: Meganium\n|-sidestart|p1: TheBotanist73|move: Stealth Rock\n|\n|-weather|Sandstorm|[upkeep]\n|-damage|p1a: Meganium|225/290|[from] Sandstorm\n|-heal|p1a: Meganium|243/290|[from] item: Leftovers\n|-heal|p2a: Hippowdon|311/311|[from] item: Leftovers\n|upkeep\n|turn|5\n|j| mattiaaaa\n|\n|t:|1781430385\n|switch|p2a: Dipplin|Dipplin, L88, M|284/284\n|move|p1a: Meganium|Petal Blizzard|p2a: Dipplin\n|-resisted|p2a: Dipplin\n|-damage|p2a: Dipplin|259/284\n|\n|-weather|Sandstorm|[upkeep]\n|-damage|p1a: Meganium|225/290|[from] Sandstorm\n|-damage|p2a: Dipplin|242/284|[from] Sandstorm\n|-heal|p1a: Meganium|243/290|[from] item: Leftovers\n|upkeep\n|turn|6\n|\n|t:|1781430391\n|move|p1a: Meganium|Swords Dance|p1a: Meganium\n|-boost|p1a: Meganium|atk|2\n|move|p2a: Dipplin|Dragon Pulse|p1a: Meganium\n|-damage|p1a: Meganium|164/290\n|\n|-weather|none\n|-heal|p1a: Meganium|182/290|[from] item: Leftovers\n|upkeep\n|turn|7\n|\n|t:|1781430394\n|move|p1a: Meganium|Knock Off|p2a: Dipplin\n|-damage|p2a: Dipplin|129/284\n|-activate|p2a: Dipplin|ability: Sticky Hold\n|move|p2a: Dipplin|Dragon Tail|p1a: Meganium\n|-damage|p1a: Meganium|127/290\n|drag|p1a: Iron Hands|Iron Hands, L79|373/373\n|-damage|p1a: Iron Hands|350/373|[from] Stealth Rock\n|\n|-heal|p1a: Iron Hands|373/373|[from] item: Leftovers\n|upkeep\n|turn|8\n|\n|t:|1781430405\n|switch|p2a: Hippowdon|Hippowdon, L82, F|311/311\n|-weather|Sandstorm|[from] ability: Sand Stream|[of] p2a: Hippowdon\n|move|p1a: Iron Hands|Ice Punch|p2a: Hippowdon\n|-supereffective|p2a: Hippowdon\n|-damage|p2a: Hippowdon|213/311\n|\n|-weather|Sandstorm|[upkeep]\n|-damage|p1a: Iron Hands|350/373|[from] Sandstorm\n|-heal|p1a: Iron Hands|373/373|[from] item: Leftovers\n|-heal|p2a: Hippowdon|232/311|[from] item: Leftovers\n|upkeep\n|turn|9\n|\n|t:|1781430411\n|-end|p1a: Iron Hands|Quark Drive|[silent]\n|switch|p1a: Meganium|Meganium, L90, F|127/290\n|-damage|p1a: Meganium|91/290|[from] Stealth Rock\n|move|p2a: Hippowdon|Earthquake|p1a: Meganium\n|-resisted|p1a: Meganium\n|-damage|p1a: Meganium|40/290\n|\n|-weather|Sandstorm|[upkeep]\n|-damage|p1a: Meganium|22/290|[from] Sandstorm\n|-heal|p1a: Meganium|40/290|[from] item: Leftovers\n|-heal|p2a: Hippowdon|251/311|[from] item: Leftovers\n|upkeep\n|turn|10\n|\n|t:|1781430418\n|move|p1a: Meganium|Petal Blizzard|p2a: Hippowdon\n|-supereffective|p2a: Hippowdon\n|-damage|p2a: Hippowdon|0 fnt\n|faint|p2a: Hippowdon\n|\n|-weather|Sandstorm|[upkeep]\n|-damage|p1a: Meganium|22/290|[from] Sandstorm\n|-heal|p1a: Meganium|40/290|[from] item: Leftovers\n|upkeep\n|-message|IJustWorkHereMan forfeited.\n|\n|win|TheBotanist73\n|raw|TheBotanist73's rating: 1954 &rarr; <strong>1975</strong><br />(+21 for winning)\n|raw|IJustWorkHereMan's rating: 1977 &rarr; <strong>1956</strong><br />(-21 for losing)\n", "uploadtime": 1781430341, "views": 7, "formatid": "gen9randombattle", "rating": 1956, "private": 0, "password": null}