{"id": "gen9randombattle-2631544887", "format": "[Gen 9] Random Battle", "players": ["femhur", "ut1nr"], "log": "|j|\u2606femhur\n|j|\u2606ut1nr\n|t:|1781399264\n|gametype|singles\n|player|p1|femhur|102|1445\n|player|p2|ut1nr|az|1498\n|gen|9\n|tier|[Gen 9] Random Battle\n|rated|\n|rule|Species Clause: Limit one of each Pok\u00e9mon\n|rule|HP Percentage Mod: HP is shown in percentages\n|rule|Sleep Clause Mod: Limit one foe put to sleep\n|rule|Illusion Level Mod: Illusion disguises the Pok\u00e9mon's true level\n|\n|t:|1781399264\n|teamsize|p1|6\n|teamsize|p2|6\n|start\n|switch|p1a: Miraidon|Miraidon, L65|238/238\n|switch|p2a: Kingambit|Kingambit, L74, M|270/270\n|-fieldstart|move: Electric Terrain|[from] ability: Hadron Engine|[of] p1a: Miraidon\n|turn|1\n|inactive|Battle timer is ON: inactive players will automatically lose when time's up. (requested by ut1nr)\n|inactive|femhur has 120 seconds left.\n|inactive|femhur has 90 seconds left.\n|inactive|femhur has 60 seconds left.\n|\n|t:|1781399365\n|-end|p2a: Kingambit|fallenundefined|[silent]\n|switch|p2a: Decidueye|Decidueye, L88, M|281/281\n|move|p1a: Miraidon|Electro Drift|p2a: Decidueye\n|-resisted|p2a: Decidueye\n|-damage|p2a: Decidueye|199/281\n|-damage|p1a: Miraidon|215/238|[from] item: Life Orb\n|\n|upkeep\n|turn|2\n|\n|t:|1781399378\n|move|p1a: Miraidon|Draco Meteor|p2a: Decidueye|[miss]\n|-miss|p1a: Miraidon|p2a: Decidueye\n|move|p2a: Decidueye|Poltergeist|p1a: Miraidon\n|-activate|p1a: Miraidon|move: Poltergeist|Life Orb\n|-damage|p1a: Miraidon|0 fnt\n|faint|p1a: Miraidon\n|-damage|p2a: Decidueye|171/281|[from] item: Life Orb\n|\n|upkeep\n|\n|t:|1781399393\n|switch|p1a: Carbink|Carbink, L90|236/236\n|turn|3\n|\n|t:|1781399401\n|move|p2a: Decidueye|Swords Dance|p2a: Decidueye\n|-boost|p2a: Decidueye|atk|2\n|move|p1a: Carbink|Moonblast|p2a: Decidueye\n|-damage|p2a: Decidueye|111/281\n|-unboost|p2a: Decidueye|spa|1\n|\n|upkeep\n|turn|4\n|\n|t:|1781399409\n|move|p2a: Decidueye|Leaf Blade|p1a: Carbink\n|-supereffective|p1a: Carbink\n|-crit|p1a: Carbink\n|-damage|p1a: Carbink|0 fnt\n|faint|p1a: Carbink\n|-damage|p2a: Decidueye|83/281|[from] item: Life Orb\n|\n|upkeep\n|\n|t:|1781399414\n|switch|p1a: Ludicolo|Ludicolo, L90, F|290/290\n|turn|5\n|inactive|femhur has 120 seconds left.\n|\n|t:|1781399423\n|move|p2a: Decidueye|Shadow Sneak|p1a: Ludicolo\n|-damage|p1a: Ludicolo|142/290\n|-damage|p2a: Decidueye|55/281|[from] item: Life Orb\n|move|p1a: Ludicolo|Rain Dance|p1a: Ludicolo\n|-weather|RainDance\n|\n|-weather|RainDance|[upkeep]\n|-fieldend|move: Electric Terrain\n|upkeep\n|turn|6\n|\n|t:|1781399432\n|move|p2a: Decidueye|Shadow Sneak|p1a: Ludicolo\n|-damage|p1a: Ludicolo|4/290\n|-damage|p2a: Decidueye|27/281|[from] item: Life Orb\n|move|p1a: Ludicolo|Ice Beam|p2a: Decidueye\n|-supereffective|p2a: Decidueye\n|-damage|p2a: Decidueye|0 fnt\n|faint|p2a: Decidueye\n|-damage|p1a: Ludicolo|0 fnt|[from] item: Life Orb\n|faint|p1a: Ludicolo\n|\n|-weather|RainDance|[upkeep]\n|upkeep\n|\n|t:|1781399443\n|switch|p1a: Salamence|Salamence, L77, F|273/273\n|switch|p2a: Hydreigon|Hydreigon, L79, M|275/275\n|turn|7\n|\n|t:|1781399457\n|-terastallize|p1a: Salamence|Steel\n|move|p2a: Hydreigon|Draco Meteor|p1a: Salamence\n|-resisted|p1a: Salamence\n|-damage|p1a: Salamence|152/273\n|-unboost|p2a: Hydreigon|spa|2\n|-damage|p2a: Hydreigon|248/275|[from] item: Life Orb\n|move|p1a: Salamence|Outrage|p2a: Hydreigon\n|-supereffective|p2a: Hydreigon\n|-crit|p2a: Hydreigon\n|-damage|p2a: Hydreigon|0 fnt\n|faint|p2a: Hydreigon\n|-ability|p1a: Salamence|Moxie|boost\n|-boost|p1a: Salamence|atk|1\n|\n|-weather|RainDance|[upkeep]\n|upkeep\n|\n|t:|1781399465\n|switch|p2a: Dachsbun|Dachsbun, L92, M|254/254\n|turn|8\n|\n|t:|1781399470\n|move|p2a: Dachsbun|Body Press|p1a: Salamence\n|-supereffective|p1a: Salamence\n|-damage|p1a: Salamence|0 fnt\n|faint|p1a: Salamence\n|\n|-weather|RainDance|[upkeep]\n|upkeep\n|\n|t:|1781399475\n|switch|p1a: Pikachu|Pikachu-Unova, L93, M|216/216\n|turn|9\n|\n|t:|1781399485\n|move|p1a: Pikachu|Fake Out|p2a: Dachsbun\n|-damage|p2a: Dachsbun|222/254\n|cant|p2a: Dachsbun|flinch\n|\n|-weather|none\n|-heal|p2a: Dachsbun|237/254|[from] item: Leftovers\n|upkeep\n|turn|10\n|\n|t:|1781399492\n|move|p2a: Dachsbun|Wish|p2a: Dachsbun\n|move|p1a: Pikachu|Volt Tackle|p2a: Dachsbun\n|-damage|p2a: Dachsbun|81/254\n|-damage|p1a: Pikachu|165/216|[from] Recoil\n|\n|-heal|p2a: Dachsbun|96/254|[from] item: Leftovers\n|upkeep\n|turn|11\n|\n|t:|1781399501\n|switch|p1a: Dewgong|Dewgong, L94, M|322/322\n|move|p2a: Dachsbun|Play Rough|p1a: Dewgong\n|-damage|p1a: Dewgong|235/322\n|\n|-heal|p2a: Dachsbun|223/254|[from] move: Wish|[wisher] Dachsbun\n|-heal|p2a: Dachsbun|238/254|[from] item: Leftovers\n|upkeep\n|turn|12\n|\n|t:|1781399514\n|move|p2a: Dachsbun|Body Press|p1a: Dewgong\n|-supereffective|p1a: Dewgong\n|-damage|p1a: Dewgong|91/322\n|move|p1a: Dewgong|Hydro Pump|p2a: Dachsbun\n|-damage|p2a: Dachsbun|130/254\n|\n|-heal|p2a: Dachsbun|145/254|[from] item: Leftovers\n|upkeep\n|turn|13\n|\n|t:|1781399527\n|move|p2a: Dachsbun|Wish|p2a: Dachsbun\n|move|p1a: Dewgong|Hydro Pump|p2a: Dachsbun\n|-damage|p2a: Dachsbun|43/254\n|\n|-heal|p2a: Dachsbun|58/254|[from] item: Leftovers\n|upkeep\n|turn|14\n|\n|t:|1781399534\n|move|p2a: Dachsbun|Body Press|p1a: Dewgong\n|-supereffective|p1a: Dewgong\n|-damage|p1a: Dewgong|0 fnt\n|faint|p1a: Dewgong\n|\n|-heal|p2a: Dachsbun|185/254|[from] move: Wish|[wisher] Dachsbun\n|-heal|p2a: Dachsbun|200/254|[from] item: Leftovers\n|upkeep\n|\n|t:|1781399537\n|switch|p1a: Pikachu|Pikachu-Unova, L93, M|165/216\n|turn|15\n|\n|t:|1781399547\n|switch|p2a: Ceruledge|Ceruledge, L78, M|245/245\n|move|p1a: Pikachu|Fake Out|p2a: Ceruledge\n|-immune|p2a: Ceruledge\n|\n|upkeep\n|turn|16\n|\n|t:|1781399558\n|switch|p2a: Glastrier|Glastrier, L86|311/311\n|move|p1a: Pikachu|Surf|p2a: Glastrier\n|-damage|p2a: Glastrier|232/311\n|\n|upkeep\n|turn|17\n|\n|t:|1781399567\n|move|p1a: Pikachu|Volt Tackle|p2a: Glastrier\n|-damage|p2a: Glastrier|76/311\n|-damage|p1a: Pikachu|114/216|[from] Recoil\n|move|p2a: Glastrier|High Horsepower|p1a: Pikachu\n|-supereffective|p1a: Pikachu\n|-damage|p1a: Pikachu|0 fnt\n|faint|p1a: Pikachu\n|\n|win|ut1nr\n|raw|femhur's rating: 1445 &rarr; <strong>1428</strong><br />(-17 for losing)\n|raw|ut1nr's rating: 1498 &rarr; <strong>1515</strong><br />(+17 for winning)\n|l|\u2606femhur\n|player|p1|\n|c|\u2606ut1nr|gg\n", "uploadtime": 1781399577, "views": 3, "formatid": "gen9randombattle", "rating": 1428, "private": 0, "password": null}