{"id": "gen9randombattle-2631960607", "format": "[Gen 9] Random Battle", "players": ["quagapult", "Pepe Zombi"], "log": "|j|\u2606quagapult\n|j|\u2606Pepe Zombi\n|t:|1781460162\n|gametype|singles\n|player|p1|quagapult|101|1957\n|player|p2|Pepe Zombi|miku-ghost|1999\n|gen|9\n|tier|[Gen 9] Random Battle\n|rated|\n|rule|Species Clause: Limit one of each Pok\u00e9mon\n|rule|HP Percentage Mod: HP is shown in percentages\n|rule|Sleep Clause Mod: Limit one foe put to sleep\n|rule|Illusion Level Mod: Illusion disguises the Pok\u00e9mon's true level\n|\n|t:|1781460162\n|teamsize|p1|6\n|teamsize|p2|6\n|start\n|switch|p1a: Deoxys|Deoxys-Defense, L84|221/221\n|switch|p2a: Arcanine|Arcanine, L84, F|288/288\n|-ability|p2a: Arcanine|Intimidate|boost\n|-unboost|p1a: Deoxys|atk|1\n|-ability|p1a: Deoxys|Pressure\n|turn|1\n|inactive|Battle timer is ON: inactive players will automatically lose when time's up. (requested by Pepe Zombi)\n|\n|t:|1781460178\n|switch|p2a: Dugtrio|Dugtrio, L84, F|196/196\n|move|p1a: Deoxys|Night Shade|p2a: Dugtrio\n|-damage|p2a: Dugtrio|112/196\n|\n|upkeep\n|turn|2\n|\n|t:|1781460183\n|move|p2a: Dugtrio|Throat Chop|p1a: Deoxys\n|-supereffective|p1a: Deoxys\n|-damage|p1a: Deoxys|109/221\n|-start|p1a: Deoxys|Throat Chop|[silent]\n|move|p1a: Deoxys|Night Shade|p2a: Dugtrio\n|-damage|p2a: Dugtrio|28/196\n|\n|-heal|p1a: Deoxys|122/221|[from] item: Leftovers\n|upkeep\n|turn|3\n|\n|t:|1781460190\n|move|p2a: Dugtrio|Throat Chop|p1a: Deoxys\n|-supereffective|p1a: Deoxys\n|-damage|p1a: Deoxys|4/221\n|move|p1a: Deoxys|Night Shade|p2a: Dugtrio\n|-damage|p2a: Dugtrio|0 fnt\n|faint|p2a: Dugtrio\n|\n|-heal|p1a: Deoxys|17/221|[from] item: Leftovers\n|-end|p1a: Deoxys|Throat Chop|[silent]\n|upkeep\n|\n|t:|1781460200\n|switch|p2a: Arcanine|Arcanine, L84, F|288/288\n|-ability|p2a: Arcanine|Intimidate|boost\n|-unboost|p1a: Deoxys|atk|1\n|turn|4\n|\n|t:|1781460205\n|move|p2a: Arcanine|Flare Blitz|p1a: Deoxys\n|-damage|p1a: Deoxys|0 fnt\n|faint|p1a: Deoxys\n|-damage|p2a: Arcanine|282/288|[from] Recoil\n|\n|upkeep\n|\n|t:|1781460230\n|switch|p1a: Moltres|Moltres-Galar, L79|271/271\n|turn|5\n|\n|t:|1781460236\n|move|p2a: Arcanine|Flare Blitz|p1a: Moltres\n|-damage|p1a: Moltres|121/271\n|-damage|p2a: Arcanine|232/288|[from] Recoil\n|-ability|p1a: Moltres|Berserk|boost\n|-boost|p1a: Moltres|spa|1\n|move|p1a: Moltres|Agility|p1a: Moltres\n|-boost|p1a: Moltres|spe|2\n|\n|upkeep\n|turn|6\n|\n|t:|1781460247\n|move|p1a: Moltres|Hurricane|p2a: Arcanine\n|-damage|p2a: Arcanine|58/288\n|-start|p2a: Arcanine|confusion\n|-activate|p2a: Arcanine|confusion\n|move|p2a: Arcanine|Flare Blitz|p1a: Moltres\n|-damage|p1a: Moltres|0 fnt\n|faint|p1a: Moltres\n|-damage|p2a: Arcanine|18/288|[from] Recoil\n|\n|upkeep\n|inactive|quagapult has 120 seconds left.\n|\n|t:|1781460269\n|switch|p1a: Hitmonlee|Hitmonlee, L85, M|223/223\n|turn|7\n|\n|t:|1781460281\n|move|p1a: Hitmonlee|Mach Punch|p2a: Arcanine\n|-damage|p2a: Arcanine|0 fnt\n|faint|p2a: Arcanine\n|\n|upkeep\n|\n|t:|1781460284\n|switch|p2a: Vikavolt|Vikavolt, L83, M|263/263\n|turn|8\n|\n|t:|1781460296\n|switch|p1a: Klefki|Klefki, L84, F|233/233\n|move|p2a: Vikavolt|Sticky Web|p1a: Klefki\n|-sidestart|p1: quagapult|move: Sticky Web\n|\n|upkeep\n|turn|9\n|\n|t:|1781460303\n|switch|p2a: Magcargo|Magcargo, L95, F|268/268\n|move|p1a: Klefki|Spikes|p2a: Magcargo\n|-sidestart|p2: Pepe Zombi|Spikes\n|\n|upkeep\n|turn|10\n|\n|t:|1781460308\n|switch|p1a: Hitmonlee|Hitmonlee, L85, M|223/223\n|-activate|p1a: Hitmonlee|move: Sticky Web\n|-unboost|p1a: Hitmonlee|spe|1\n|move|p2a: Magcargo|Lava Plume|p1a: Hitmonlee\n|-damage|p1a: Hitmonlee|139/223\n|\n|upkeep\n|turn|11\n|\n|t:|1781460316\n|switch|p2a: Vikavolt|Vikavolt, L83, M|263/263\n|move|p1a: Hitmonlee|High Jump Kick|p2a: Vikavolt\n|-resisted|p2a: Vikavolt\n|-damage|p2a: Vikavolt|102/263\n|\n|upkeep\n|turn|12\n|\n|t:|1781460323\n|move|p1a: Hitmonlee|High Jump Kick|p2a: Vikavolt\n|-resisted|p2a: Vikavolt\n|-damage|p2a: Vikavolt|0 fnt\n|faint|p2a: Vikavolt\n|\n|upkeep\n|\n|t:|1781460326\n|switch|p2a: Urshifu|Urshifu-Rapid-Strike, L75, M|274/274\n|-damage|p2a: Urshifu|240/274|[from] Spikes\n|turn|13\n|\n|t:|1781460344\n|switch|p1a: Klefki|Klefki, L84, F|233/233\n|-activate|p1a: Klefki|move: Sticky Web\n|-unboost|p1a: Klefki|spe|1\n|move|p2a: Urshifu|Surging Strikes|p1a: Klefki\n|-crit|p1a: Klefki\n|-damage|p1a: Klefki|175/233\n|-crit|p1a: Klefki\n|-damage|p1a: Klefki|117/233\n|-crit|p1a: Klefki\n|-damage|p1a: Klefki|66/233\n|-hitcount|p1a: Klefki|3\n|-damage|p2a: Urshifu|213/274|[from] item: Life Orb\n|\n|-heal|p1a: Klefki|80/233|[from] item: Leftovers\n|upkeep\n|turn|14\n|\n|t:|1781460354\n|switch|p2a: Magcargo|Magcargo, L95, F|268/268\n|move|p1a: Klefki|Thunder Wave|p2a: Magcargo\n|-status|p2a: Magcargo|par\n|\n|-heal|p1a: Klefki|94/233|[from] item: Leftovers\n|upkeep\n|turn|15\n|\n|t:|1781460362\n|switch|p1a: Hitmonlee|Hitmonlee, L85, M|139/223\n|-activate|p1a: Hitmonlee|move: Sticky Web\n|-unboost|p1a: Hitmonlee|spe|1\n|move|p2a: Magcargo|Lava Plume|p1a: Hitmonlee\n|-damage|p1a: Hitmonlee|51/223\n|-status|p1a: Hitmonlee|brn\n|\n|-damage|p1a: Hitmonlee|38/223 brn|[from] brn\n|upkeep\n|turn|16\n|\n|t:|1781460371\n|move|p1a: Hitmonlee|High Jump Kick|p2a: Magcargo\n|-supereffective|p2a: Magcargo\n|-damage|p2a: Magcargo|46/268 par\n|move|p2a: Magcargo|Lava Plume|p1a: Hitmonlee\n|-crit|p1a: Hitmonlee\n|-damage|p1a: Hitmonlee|0 fnt\n|faint|p1a: Hitmonlee\n|\n|upkeep\n|\n|t:|1781460381\n|switch|p1a: Yanmega|Yanmega, L82, F|275/275\n|turn|17\n|\n|t:|1781460392\n|move|p1a: Yanmega|Air Slash|p2a: Magcargo\n|-resisted|p2a: Magcargo\n|-damage|p2a: Magcargo|0 fnt\n|faint|p2a: Magcargo\n|\n|upkeep\n|\n|t:|1781460395\n|switch|p2a: Greedent|Greedent, L86, M|347/347\n|-damage|p2a: Greedent|304/347|[from] Spikes\n|turn|18\n|\n|t:|1781460406\n|switch|p1a: Klefki|Klefki, L84, F|94/233\n|-activate|p1a: Klefki|move: Sticky Web\n|-unboost|p1a: Klefki|spe|1\n|move|p2a: Greedent|Swords Dance|p2a: Greedent\n|-boost|p2a: Greedent|atk|2\n|\n|-heal|p1a: Klefki|108/233|[from] item: Leftovers\n|upkeep\n|turn|19\n|\n|t:|1781460415\n|move|p1a: Klefki|Thunder Wave|p2a: Greedent\n|-status|p2a: Greedent|par\n|move|p2a: Greedent|Earthquake|p1a: Klefki\n|-supereffective|p1a: Klefki\n|-damage|p1a: Klefki|0 fnt\n|faint|p1a: Klefki\n|\n|upkeep\n|\n|t:|1781460432\n|switch|p1a: Eiscue|Eiscue, L88, F|274/274\n|-activate|p1a: Eiscue|move: Sticky Web\n|-unboost|p1a: Eiscue|spe|1\n|turn|20\n|\n|t:|1781460440\n|move|p1a: Eiscue|Belly Drum|p1a: Eiscue\n|-damage|p1a: Eiscue|137/274\n|-setboost|p1a: Eiscue|atk|6|[from] move: Belly Drum\n|-enditem|p1a: Eiscue|Sitrus Berry|[eat]\n|-heal|p1a: Eiscue|205/274|[from] item: Sitrus Berry\n|move|p2a: Greedent|Knock Off|p1a: Eiscue\n|-activate|p1a: Eiscue|ability: Ice Face\n|-damage|p1a: Eiscue|205/274\n|detailschange|p1a: Eiscue|Eiscue-Noice, L88, F\n|\n|upkeep\n|turn|21\n|\n|t:|1781460452\n|switch|p2a: Urshifu|Urshifu-Rapid-Strike, L75, M|213/274\n|-damage|p2a: Urshifu|179/274|[from] Spikes\n|move|p1a: Eiscue|Ice Spinner|p2a: Urshifu\n|-resisted|p2a: Urshifu\n|-damage|p2a: Urshifu|7/274\n|\n|upkeep\n|turn|22\n|\n|t:|1781460463\n|move|p2a: Urshifu|Surging Strikes|p1a: Eiscue\n|-crit|p1a: Eiscue\n|-damage|p1a: Eiscue|137/274\n|-crit|p1a: Eiscue\n|-damage|p1a: Eiscue|73/274\n|-crit|p1a: Eiscue\n|-damage|p1a: Eiscue|9/274\n|-hitcount|p1a: Eiscue|3\n|-damage|p2a: Urshifu|0 fnt|[from] item: Life Orb\n|faint|p2a: Urshifu\n|move|p1a: Eiscue|Ice Spinner|p2: Urshifu|[notarget]\n|-fail|p1a: Eiscue\n|\n|upkeep\n|\n|t:|1781460469\n|switch|p2a: Greedent|Greedent, L86, M|304/347 par\n|-damage|p2a: Greedent|261/347 par|[from] Spikes\n|turn|23\n|\n|t:|1781460474\n|move|p1a: Eiscue|Ice Spinner|p2a: Greedent\n|-damage|p2a: Greedent|0 fnt\n|faint|p2a: Greedent\n|\n|win|quagapult\n", "uploadtime": 1781460164, "views": 3, "formatid": "gen9randombattle", "rating": null, "private": 0, "password": null}