{"id": "gen9randombattle-2631812564", "format": "[Gen 9] Random Battle", "players": ["PartyTrain9", "pagenfranskane"], "log": "|j|\u2606PartyTrain9\n|j|\u2606pagenfranskane\n|t:|1781443272\n|gametype|singles\n|player|p1|PartyTrain9|266|2033\n|player|p2|pagenfranskane|battlegirl|2023\n|gen|9\n|tier|[Gen 9] Random Battle\n|rated|\n|rule|Species Clause: Limit one of each Pok\u00e9mon\n|rule|HP Percentage Mod: HP is shown in percentages\n|rule|Sleep Clause Mod: Limit one foe put to sleep\n|rule|Illusion Level Mod: Illusion disguises the Pok\u00e9mon's true level\n|\n|t:|1781443272\n|teamsize|p1|6\n|teamsize|p2|6\n|start\n|switch|p1a: Scovillain|Scovillain, L91, F|266/266\n|switch|p2a: Oranguru|Oranguru, L92, F|315/315\n|turn|1\n|inactive|Battle timer is ON: inactive players will automatically lose when time's up. (requested by PartyTrain9)\n|\n|t:|1781443282\n|switch|p1a: Palossand|Palossand, L89, F|296/296\n|move|p2a: Oranguru|Nasty Plot|p2a: Oranguru\n|-boost|p2a: Oranguru|spa|2\n|\n|upkeep\n|turn|2\n|\n|t:|1781443289\n|move|p2a: Oranguru|Psyshock|p1a: Palossand\n|-damage|p1a: Palossand|111/296\n|-damage|p2a: Oranguru|284/315|[from] item: Life Orb\n|move|p1a: Palossand|Stealth Rock|p2a: Oranguru\n|-sidestart|p2: pagenfranskane|move: Stealth Rock\n|\n|-heal|p1a: Palossand|129/296|[from] item: Leftovers\n|upkeep\n|turn|3\n|\n|t:|1781443293\n|switch|p1a: Solgaleo|Solgaleo, L74|325/325\n|move|p2a: Oranguru|Psyshock|p1a: Solgaleo\n|-resisted|p1a: Solgaleo\n|-damage|p1a: Solgaleo|270/325\n|-damage|p2a: Oranguru|253/315|[from] item: Life Orb\n|\n|upkeep\n|turn|4\n|\n|t:|1781443299\n|move|p1a: Solgaleo|Knock Off|p2a: Oranguru\n|-supereffective|p2a: Oranguru\n|-damage|p2a: Oranguru|115/315\n|-enditem|p2a: Oranguru|Life Orb|[from] move: Knock Off|[of] p1a: Solgaleo\n|move|p2a: Oranguru|Thunderbolt|p1a: Solgaleo\n|-damage|p1a: Solgaleo|109/325\n|\n|upkeep\n|turn|5\n|\n|t:|1781443309\n|move|p1a: Solgaleo|Knock Off|p2a: Oranguru\n|-supereffective|p2a: Oranguru\n|-damage|p2a: Oranguru|13/315\n|move|p2a: Oranguru|Thunderbolt|p1a: Solgaleo\n|-damage|p1a: Solgaleo|0 fnt\n|faint|p1a: Solgaleo\n|\n|upkeep\n|\n|t:|1781443315\n|switch|p1a: Scovillain|Scovillain, L91, F|266/266\n|turn|6\n|\n|t:|1781443318\n|move|p1a: Scovillain|Flamethrower|p2a: Oranguru\n|-damage|p2a: Oranguru|0 fnt\n|faint|p2a: Oranguru\n|\n|upkeep\n|\n|t:|1781443332\n|switch|p2a: Landorus|Landorus, L75, M|257/257\n|-damage|p2a: Landorus|225/257|[from] Stealth Rock\n|turn|7\n|\n|t:|1781443340\n|move|p2a: Landorus|Stealth Rock|p1a: Scovillain\n|-sidestart|p1: PartyTrain9|move: Stealth Rock\n|move|p1a: Scovillain|Leech Seed|p2a: Landorus\n|-start|p2a: Landorus|move: Leech Seed\n|\n|-damage|p2a: Landorus|193/257|[from] Leech Seed|[of] p1a: Scovillain\n|upkeep\n|turn|8\n|\n|t:|1781443349\n|move|p2a: Landorus|Earth Power|p1a: Scovillain\n|-damage|p1a: Scovillain|101/266\n|move|p1a: Scovillain|Substitute|p1a: Scovillain\n|-start|p1a: Scovillain|Substitute\n|-damage|p1a: Scovillain|35/266\n|\n|-heal|p1a: Scovillain|51/266|[from] item: Leftovers\n|-damage|p2a: Landorus|161/257|[from] Leech Seed|[of] p1a: Scovillain\n|-heal|p1a: Scovillain|83/266|[silent]\n|upkeep\n|turn|9\n|\n|t:|1781443357\n|move|p2a: Landorus|Earth Power|p1a: Scovillain\n|-end|p1a: Scovillain|Substitute\n|move|p1a: Scovillain|Flamethrower|p2a: Landorus\n|-damage|p2a: Landorus|8/257\n|\n|-heal|p1a: Scovillain|99/266|[from] item: Leftovers\n|-damage|p2a: Landorus|0 fnt|[from] Leech Seed|[of] p1a: Scovillain\n|-heal|p1a: Scovillain|107/266|[silent]\n|faint|p2a: Landorus\n|upkeep\n|\n|t:|1781443369\n|switch|p2a: Manaphy|Manaphy, L78|284/284\n|-damage|p2a: Manaphy|249/284|[from] Stealth Rock\n|turn|10\n|\n|t:|1781443374\n|move|p2a: Manaphy|Tail Glow|p2a: Manaphy\n|-boost|p2a: Manaphy|spa|3\n|move|p1a: Scovillain|Leech Seed|p2a: Manaphy\n|-start|p2a: Manaphy|move: Leech Seed\n|\n|-heal|p2a: Manaphy|266/284|[from] item: Leftovers\n|-heal|p1a: Scovillain|123/266|[from] item: Leftovers\n|-damage|p2a: Manaphy|231/284|[from] Leech Seed|[of] p1a: Scovillain\n|-heal|p1a: Scovillain|158/266|[silent]\n|upkeep\n|turn|11\n|\n|t:|1781443381\n|switch|p1a: Palossand|Palossand, L89, F|129/296\n|-damage|p1a: Palossand|111/296|[from] Stealth Rock\n|move|p2a: Manaphy|Hydro Pump|p1a: Palossand\n|-supereffective|p1a: Palossand\n|-damage|p1a: Palossand|0 fnt\n|faint|p1a: Palossand\n|\n|-heal|p2a: Manaphy|248/284|[from] item: Leftovers\n|upkeep\n|\n|t:|1781443391\n|switch|p1a: Umbreon|Umbreon, L84, M|297/297\n|-damage|p1a: Umbreon|260/297|[from] Stealth Rock\n|turn|12\n|\n|t:|1781443419\n|move|p2a: Manaphy|Hydro Pump|p1a: Umbreon\n|-damage|p1a: Umbreon|58/297\n|move|p1a: Umbreon|Toxic|p2a: Manaphy\n|-status|p2a: Manaphy|tox\n|\n|-heal|p2a: Manaphy|265/284 tox|[from] item: Leftovers\n|-heal|p1a: Umbreon|76/297|[from] item: Leftovers\n|-damage|p2a: Manaphy|230/284 tox|[from] Leech Seed|[of] p1a: Umbreon\n|-heal|p1a: Umbreon|111/297|[silent]\n|-damage|p2a: Manaphy|213/284 tox|[from] psn\n|upkeep\n|turn|13\n|\n|t:|1781443430\n|move|p2a: Manaphy|Hydro Pump|p1a: Umbreon\n|-damage|p1a: Umbreon|0 fnt\n|faint|p1a: Umbreon\n|\n|-heal|p2a: Manaphy|230/284 tox|[from] item: Leftovers\n|-damage|p2a: Manaphy|196/284 tox|[from] psn\n|upkeep\n|\n|t:|1781443433\n|switch|p1a: Abomasnow|Abomasnow, L84, F|287/287\n|-damage|p1a: Abomasnow|216/287|[from] Stealth Rock\n|-weather|Snowscape|[from] ability: Snow Warning|[of] p1a: Abomasnow\n|turn|14\n|\n|t:|1781443438\n|move|p2a: Manaphy|Ice Beam|p1a: Abomasnow\n|-damage|p1a: Abomasnow|79/287\n|move|p1a: Abomasnow|Aurora Veil|p1a: Abomasnow\n|-sidestart|p1: PartyTrain9|move: Aurora Veil\n|\n|-weather|Snowscape|[upkeep]\n|-heal|p2a: Manaphy|213/284 tox|[from] item: Leftovers\n|-damage|p2a: Manaphy|178/284 tox|[from] Leech Seed|[of] p1a: Abomasnow\n|-heal|p1a: Abomasnow|114/287|[silent]\n|-damage|p2a: Manaphy|127/284 tox|[from] psn\n|upkeep\n|turn|15\n|\n|t:|1781443450\n|move|p2a: Manaphy|Ice Beam|p1a: Abomasnow\n|-damage|p1a: Abomasnow|36/287\n|move|p1a: Abomasnow|Blizzard|p2a: Manaphy\n|-resisted|p2a: Manaphy\n|-damage|p2a: Manaphy|76/284 tox\n|\n|-weather|Snowscape|[upkeep]\n|-heal|p2a: Manaphy|93/284 tox|[from] item: Leftovers\n|-damage|p2a: Manaphy|58/284 tox|[from] Leech Seed|[of] p1a: Abomasnow\n|-heal|p1a: Abomasnow|71/287|[silent]\n|-damage|p2a: Manaphy|0 fnt|[from] psn\n|faint|p2a: Manaphy\n|upkeep\n|\n|t:|1781443459\n|switch|p2a: Zebstrika|Zebstrika, L87, F|272/272\n|-damage|p2a: Zebstrika|238/272|[from] Stealth Rock\n|turn|16\n|\n|t:|1781443464\n|move|p1a: Abomasnow|Ice Shard|p2a: Zebstrika\n|-damage|p2a: Zebstrika|187/272\n|move|p2a: Zebstrika|Overheat|p1a: Abomasnow\n|-supereffective|p1a: Abomasnow\n|-crit|p1a: Abomasnow\n|-damage|p1a: Abomasnow|0 fnt\n|-unboost|p2a: Zebstrika|spa|2\n|faint|p1a: Abomasnow\n|-damage|p2a: Zebstrika|160/272|[from] item: Life Orb\n|\n|-weather|Snowscape|[upkeep]\n|upkeep\n|\n|t:|1781443471\n|switch|p1a: Scovillain|Scovillain, L91, F|158/266\n|-damage|p1a: Scovillain|92/266|[from] Stealth Rock\n|turn|17\n|\n|t:|1781443480\n|move|p1a: Scovillain|Protect|p1a: Scovillain\n|-singleturn|p1a: Scovillain|Protect\n|move|p2a: Zebstrika|Volt Switch|p1a: Scovillain\n|-activate|p1a: Scovillain|move: Protect\n|\n|-weather|Snowscape|[upkeep]\n|-heal|p1a: Scovillain|108/266|[from] item: Leftovers\n|upkeep\n|turn|18\n|\n|t:|1781443491\n|move|p2a: Zebstrika|Volt Switch|p1a: Scovillain\n|-resisted|p1a: Scovillain\n|-damage|p1a: Scovillain|94/266\n|-damage|p2a: Zebstrika|133/272|[from] item: Life Orb\n|\n|t:|1781443496\n|switch|p2a: Pikachu|Pikachu-Original, L93, F|216/216|[from] Volt Switch\n|-damage|p2a: Pikachu|189/216|[from] Stealth Rock\n|move|p1a: Scovillain|Leech Seed|p2a: Pikachu\n|-start|p2a: Pikachu|move: Leech Seed\n|\n|-weather|none\n|-heal|p1a: Scovillain|110/266|[from] item: Leftovers\n|-damage|p2a: Pikachu|162/216|[from] Leech Seed|[of] p1a: Scovillain\n|-heal|p1a: Scovillain|137/266|[silent]\n|upkeep\n|turn|19\n|\n|t:|1781443511\n|move|p2a: Pikachu|Volt Switch|p1a: Scovillain\n|-resisted|p1a: Scovillain\n|-damage|p1a: Scovillain|103/266\n|\n|t:|1781443518\n|switch|p2a: Zebstrika|Zebstrika, L87, F|133/272|[from] Volt Switch\n|-damage|p2a: Zebstrika|99/272|[from] Stealth Rock\n|move|p1a: Scovillain|Substitute|p1a: Scovillain\n|-start|p1a: Scovillain|Substitute\n|-damage|p1a: Scovillain|37/266\n|\n|-heal|p1a: Scovillain|53/266|[from] item: Leftovers\n|upkeep\n|turn|20\n|\n|t:|1781443530\n|move|p1a: Scovillain|Protect|p1a: Scovillain\n|-singleturn|p1a: Scovillain|Protect\n|move|p2a: Zebstrika|Volt Switch|p1a: Scovillain\n|-activate|p1a: Scovillain|move: Protect\n|\n|-heal|p1a: Scovillain|69/266|[from] item: Leftovers\n|upkeep\n|turn|21\n|\n|t:|1781443536\n|move|p2a: Zebstrika|Volt Switch|p1a: Scovillain\n|-resisted|p1a: Scovillain\n|-activate|p1a: Scovillain|move: Substitute|[damage]\n|-damage|p2a: Zebstrika|72/272|[from] item: Life Orb\n|\n|t:|1781443541\n|switch|p2a: Pikachu|Pikachu-Original, L93, F|162/216|[from] Volt Switch\n|-damage|p2a: Pikachu|135/216|[from] Stealth Rock\n|move|p1a: Scovillain|Flamethrower|p2a: Pikachu\n|-damage|p2a: Pikachu|0 fnt\n|faint|p2a: Pikachu\n|\n|-heal|p1a: Scovillain|85/266|[from] item: Leftovers\n|-sideend|p1: PartyTrain9|move: Aurora Veil\n|upkeep\n|\n|t:|1781443546\n|switch|p2a: Zebstrika|Zebstrika, L87, F|72/272\n|-damage|p2a: Zebstrika|38/272|[from] Stealth Rock\n|turn|22\n|\n|t:|1781443554\n|move|p1a: Scovillain|Protect|p1a: Scovillain\n|-singleturn|p1a: Scovillain|Protect\n|move|p2a: Zebstrika|High Horsepower|p1a: Scovillain\n|-activate|p1a: Scovillain|move: Protect\n|\n|-heal|p1a: Scovillain|101/266|[from] item: Leftovers\n|upkeep\n|turn|23\n|\n|t:|1781443574\n|move|p2a: Zebstrika|High Horsepower|p1a: Scovillain\n|-end|p1a: Scovillain|Substitute\n|-damage|p2a: Zebstrika|11/272|[from] item: Life Orb\n|move|p1a: Scovillain|Substitute|p1a: Scovillain\n|-start|p1a: Scovillain|Substitute\n|-damage|p1a: Scovillain|35/266\n|\n|-heal|p1a: Scovillain|51/266|[from] item: Leftovers\n|upkeep\n|turn|24\n|\n|t:|1781443581\n|move|p1a: Scovillain|Protect|p1a: Scovillain\n|-singleturn|p1a: Scovillain|Protect\n|move|p2a: Zebstrika|High Horsepower|p1a: Scovillain\n|-activate|p1a: Scovillain|move: Protect\n|\n|-heal|p1a: Scovillain|67/266|[from] item: Leftovers\n|upkeep\n|turn|25\n|\n|t:|1781443587\n|move|p2a: Zebstrika|High Horsepower|p1a: Scovillain\n|-end|p1a: Scovillain|Substitute\n|-damage|p2a: Zebstrika|0 fnt|[from] item: Life Orb\n|faint|p2a: Zebstrika\n|move|p1a: Scovillain|Substitute|p1a: Scovillain\n|-start|p1a: Scovillain|Substitute\n|-damage|p1a: Scovillain|1/266\n|\n|-heal|p1a: Scovillain|17/266|[from] item: Leftovers\n|upkeep\n|\n|t:|1781443588\n|switch|p2a: Bronzong|Bronzong, L88|261/261\n|-damage|p2a: Bronzong|245/261|[from] Stealth Rock\n|turn|26\n|\n|t:|1781443604\n|-terastallize|p2a: Bronzong|Water\n|move|p1a: Scovillain|Flamethrower|p2a: Bronzong\n|-resisted|p2a: Bronzong\n|-damage|p2a: Bronzong|198/261\n|move|p2a: Bronzong|Psychic|p1a: Scovillain\n|-end|p1a: Scovillain|Substitute\n|\n|-heal|p1a: Scovillain|33/266|[from] item: Leftovers\n|-heal|p2a: Bronzong|214/261|[from] item: Leftovers\n|upkeep\n|turn|27\n|\n|t:|1781443617\n|move|p1a: Scovillain|Flamethrower|p2a: Bronzong\n|-resisted|p2a: Bronzong\n|-crit|p2a: Bronzong\n|-damage|p2a: Bronzong|148/261\n|move|p2a: Bronzong|Psychic|p1a: Scovillain\n|-damage|p1a: Scovillain|0 fnt\n|faint|p1a: Scovillain\n|\n|-heal|p2a: Bronzong|164/261|[from] item: Leftovers\n|upkeep\n|\n|t:|1781443620\n|switch|p1a: Chi-Yu|Chi-Yu, L77|211/211\n|-damage|p1a: Chi-Yu|159/211|[from] Stealth Rock\n|-ability|p1a: Chi-Yu|Beads of Ruin\n|turn|28\n|\n|t:|1781443627\n|-terastallize|p1a: Chi-Yu|Fire\n|move|p1a: Chi-Yu|Dark Pulse|p2a: Bronzong\n|-damage|p2a: Bronzong|34/261\n|cant|p2a: Bronzong|flinch\n|\n|-heal|p2a: Bronzong|50/261|[from] item: Leftovers\n|upkeep\n|turn|29\n|\n|t:|1781443636\n|move|p1a: Chi-Yu|Dark Pulse|p2a: Bronzong\n|-damage|p2a: Bronzong|0 fnt\n|faint|p2a: Bronzong\n|\n|win|PartyTrain9\n", "uploadtime": 1781443275, "views": 4, "formatid": "gen9randombattle", "rating": null, "private": 0, "password": null}