{"id": "gen9randombattle-2631579820", "format": "[Gen 9] Random Battle", "players": ["whisperwyrm", "nardodick"], "log": "|badge|p2|bronze|gen9randombattle|100-9\n|uhtml|medal-msg|<div class=\"broadcast-blue\">Curious what those medals under the avatar are? PS now has Ladder Seasons! For more information, check out the <a href=\"https://www.smogon.com/forums/threads/3740067/\">thread on Smogon.</a></div>\n|j|\u2606whisperwyrm\n|j|\u2606nardodick\n|t:|1781404061\n|gametype|singles\n|player|p1|whisperwyrm|170|2227\n|player|p2|nardodick|169|2309\n|gen|9\n|tier|[Gen 9] Random Battle\n|rated|\n|rule|Species Clause: Limit one of each Pok\u00e9mon\n|rule|HP Percentage Mod: HP is shown in percentages\n|rule|Sleep Clause Mod: Limit one foe put to sleep\n|rule|Illusion Level Mod: Illusion disguises the Pok\u00e9mon's true level\n|\n|t:|1781404061\n|teamsize|p1|6\n|teamsize|p2|6\n|start\n|switch|p1a: Hoopa|Hoopa-Unbound, L80|259/259\n|switch|p2a: Pecharunt|Pecharunt, L77|262/262\n|turn|1\n|inactive|Battle timer is ON: inactive players will automatically lose when time's up. (requested by nardodick)\n|inactive|whisperwyrm also wants the timer to be on.\n|\n|t:|1781404079\n|switch|p2a: Skuntank|Skuntank, L84, M|310/310\n|move|p1a: Hoopa|Hyperspace Fury|p2a: Skuntank\n|-resisted|p2a: Skuntank\n|-damage|p2a: Skuntank|218/310\n|-unboost|p1a: Hoopa|def|1\n|\n|upkeep\n|turn|2\n|\n|t:|1781404098\n|switch|p1a: Pachirisu|Pachirisu, L96, M|271/271\n|move|p2a: Skuntank|Knock Off|p1a: Pachirisu\n|-damage|p1a: Pachirisu|127/271\n|-enditem|p1a: Pachirisu|Assault Vest|[from] move: Knock Off|[of] p2a: Skuntank\n|-damage|p2a: Skuntank|187/310|[from] item: Life Orb\n|\n|upkeep\n|turn|3\n|\n|t:|1781404104\n|move|p1a: Pachirisu|Nuzzle|p2a: Skuntank\n|-damage|p2a: Skuntank|166/310\n|-status|p2a: Skuntank|par\n|move|p2a: Skuntank|Gunk Shot|p1a: Pachirisu\n|-damage|p1a: Pachirisu|0 fnt\n|faint|p1a: Pachirisu\n|-damage|p2a: Skuntank|135/310 par|[from] item: Life Orb\n|\n|upkeep\n|\n|t:|1781404111\n|switch|p1a: Lurantis|Lurantis, L87, M|264/264\n|turn|4\n|\n|t:|1781404122\n|move|p1a: Lurantis|Superpower|p2a: Skuntank\n|-damage|p2a: Skuntank|21/310 par\n|-boost|p1a: Lurantis|atk|1\n|-boost|p1a: Lurantis|def|1\n|move|p2a: Skuntank|Gunk Shot|p1a: Lurantis\n|-supereffective|p1a: Lurantis\n|-damage|p1a: Lurantis|59/264\n|-status|p1a: Lurantis|psn\n|-damage|p2a: Skuntank|0 fnt|[from] item: Life Orb\n|faint|p2a: Skuntank\n|\n|-heal|p1a: Lurantis|75/264 psn|[from] item: Leftovers\n|-damage|p1a: Lurantis|42/264 psn|[from] psn\n|upkeep\n|inactive|nardodick has 120 seconds left.\n|\n|t:|1781404161\n|switch|p2a: Pecharunt|Pecharunt, L77|262/262\n|turn|5\n|\n|t:|1781404169\n|move|p2a: Pecharunt|Shadow Ball|p1a: Lurantis\n|-damage|p1a: Lurantis|0 fnt\n|faint|p1a: Lurantis\n|\n|upkeep\n|\n|t:|1781404173\n|switch|p1a: Rotom|Rotom, L88|231/231\n|turn|6\n|\n|t:|1781404183\n|switch|p2a: Zangoose|Zangoose, L85, M|263/263\n|move|p1a: Rotom|Shadow Ball|p2a: Zangoose\n|-immune|p2a: Zangoose\n|\n|-status|p2a: Zangoose|tox|[from] item: Toxic Orb\n|upkeep\n|turn|7\n|\n|t:|1781404188\n|move|p1a: Rotom|Volt Switch|p2a: Zangoose\n|-crit|p2a: Zangoose\n|-damage|p2a: Zangoose|64/263 tox\n|-damage|p1a: Rotom|208/231|[from] item: Life Orb\n|\n|t:|1781404194\n|switch|p1a: Brambleghast|Brambleghast, L88, M|240/240|[from] Volt Switch\n|move|p2a: Zangoose|Knock Off|p1a: Brambleghast\n|-supereffective|p1a: Brambleghast\n|-damage|p1a: Brambleghast|0 fnt\n|-enditem|p1a: Brambleghast|Leftovers|[from] move: Knock Off|[of] p2a: Zangoose\n|faint|p1a: Brambleghast\n|\n|-damage|p2a: Zangoose|48/263 tox|[from] psn\n|upkeep\n|\n|t:|1781404198\n|switch|p1a: Rotom|Rotom, L88|208/231\n|turn|8\n|\n|t:|1781404217\n|move|p1a: Rotom|Thunderbolt|p2a: Zangoose\n|-damage|p2a: Zangoose|0 fnt\n|faint|p2a: Zangoose\n|-damage|p1a: Rotom|185/231|[from] item: Life Orb\n|\n|upkeep\n|\n|t:|1781404230\n|switch|p2a: Basculin|Basculin-Blue-Striped, L86, M|261/261\n|turn|9\n|\n|t:|1781404236\n|move|p2a: Basculin|Wave Crash|p1a: Rotom\n|-crit|p1a: Rotom\n|-damage|p1a: Rotom|0 fnt\n|faint|p1a: Rotom\n|-damage|p2a: Basculin|200/261|[from] Recoil\n|\n|upkeep\n|\n|t:|1781404239\n|switch|p1a: Hoopa|Hoopa-Unbound, L80|259/259\n|turn|10\n|\n|t:|1781404246\n|switch|p2a: Oranguru|Oranguru, L92, F|315/315\n|move|p1a: Hoopa|Hyperspace Fury|p2a: Oranguru\n|-supereffective|p2a: Oranguru\n|-damage|p2a: Oranguru|37/315\n|-unboost|p1a: Hoopa|def|1\n|\n|upkeep\n|turn|11\n|\n|t:|1781404253\n|move|p1a: Hoopa|Hyperspace Fury|p2a: Oranguru\n|-supereffective|p2a: Oranguru\n|-damage|p2a: Oranguru|0 fnt\n|-unboost|p1a: Hoopa|def|1\n|faint|p2a: Oranguru\n|\n|upkeep\n|\n|t:|1781404260\n|switch|p2a: Basculin|Basculin-Blue-Striped, L86, M|200/261\n|turn|12\n|\n|t:|1781404265\n|move|p2a: Basculin|Flip Turn|p1a: Hoopa\n|-damage|p1a: Hoopa|0 fnt\n|faint|p1a: Hoopa\n|\n|t:|1781404267\n|switch|p2a: Pecharunt|Pecharunt, L77|262/262|[from] Flip Turn\n|\n|upkeep\n|\n|t:|1781404270\n|switch|p1a: Blaziken|Blaziken, L76, F|247/247\n|turn|13\n|\n|t:|1781404275\n|-terastallize|p1a: Blaziken|Dark\n|move|p2a: Pecharunt|Malignant Chain|p1a: Blaziken\n|-damage|p1a: Blaziken|148/247\n|move|p1a: Blaziken|Swords Dance|p1a: Blaziken\n|-boost|p1a: Blaziken|atk|2\n|\n|-ability|p1a: Blaziken|Speed Boost|boost\n|-boost|p1a: Blaziken|spe|1\n|upkeep\n|turn|14\n|\n|t:|1781404284\n|-terastallize|p2a: Pecharunt|Dark\n|move|p1a: Blaziken|Knock Off|p2a: Pecharunt\n|-resisted|p2a: Pecharunt\n|-damage|p2a: Pecharunt|175/262\n|-damage|p1a: Blaziken|107/247|[from] item: Rocky Helmet|[of] p2a: Pecharunt\n|-enditem|p2a: Pecharunt|Rocky Helmet|[from] move: Knock Off|[of] p1a: Blaziken\n|-damage|p1a: Blaziken|83/247|[from] item: Life Orb\n|move|p2a: Pecharunt|Malignant Chain|p1a: Blaziken\n|-damage|p1a: Blaziken|0 fnt\n|faint|p1a: Blaziken\n|\n|win|nardodick\n", "uploadtime": 1781404063, "views": 3, "formatid": "gen9randombattle", "rating": null, "private": 0, "password": null}