{"id": "gen9randombattle-2631470303", "format": "[Gen 9] Random Battle", "players": ["mistic_nobelking", "bulrug"], "log": "|j|\u2606mistic_nobelking\n|j|\u203dbulrug\n|t:|1781388759\n|gametype|singles\n|player|p1|mistic_nobelking|1|1954\n|player|p2|bulrug|burglar|2015\n|gen|9\n|tier|[Gen 9] Random Battle\n|rated|\n|rule|Species Clause: Limit one of each Pok\u00e9mon\n|rule|HP Percentage Mod: HP is shown in percentages\n|rule|Sleep Clause Mod: Limit one foe put to sleep\n|rule|Illusion Level Mod: Illusion disguises the Pok\u00e9mon's true level\n|\n|t:|1781388759\n|teamsize|p1|6\n|teamsize|p2|6\n|start\n|switch|p1a: Glastrier|Glastrier, L86|311/311\n|switch|p2a: Raikou|Raikou, L81|278/278\n|-ability|p2a: Raikou|Pressure\n|turn|1\n|\n|t:|1781388770\n|move|p2a: Raikou|Volt Switch|p1a: Glastrier\n|-damage|p1a: Glastrier|209/311\n|\n|t:|1781388772\n|switch|p2a: Skeledirge|Skeledirge, L79, M|294/294|[from] Volt Switch\n|move|p1a: Glastrier|High Horsepower|p2a: Skeledirge\n|-supereffective|p2a: Skeledirge\n|-crit|p2a: Skeledirge\n|-damage|p2a: Skeledirge|0 fnt\n|faint|p2a: Skeledirge\n|-ability|p1a: Glastrier|Chilling Neigh|boost\n|-boost|p1a: Glastrier|atk|1\n|\n|upkeep\n|\n|t:|1781388775\n|switch|p2a: Heracross|Heracross, L80, F|259/259\n|turn|2\n|inactive|Battle timer is ON: inactive players will automatically lose when time's up. (requested by bulrug)\n|\n|t:|1781388815\n|switch|p1a: Bellibolt|Bellibolt, L84, M|320/320\n|move|p2a: Heracross|Close Combat|p1a: Bellibolt\n|-damage|p1a: Bellibolt|182/320\n|-unboost|p2a: Heracross|def|1\n|-unboost|p2a: Heracross|spd|1\n|-start|p1a: Bellibolt|Charge|Close Combat|[from] ability: Electromorphosis\n|\n|-heal|p1a: Bellibolt|202/320|[from] item: Leftovers\n|upkeep\n|turn|3\n|inactive|bulrug has 120 seconds left.\n|\n|t:|1781388859\n|switch|p2a: Dugtrio|Dugtrio, L84, M|196/196\n|move|p1a: Bellibolt|Thunderbolt|p2a: Dugtrio\n|-immune|p2a: Dugtrio\n|-end|p1a: Bellibolt|Charge|[silent]\n|\n|-heal|p1a: Bellibolt|222/320|[from] item: Leftovers\n|upkeep\n|turn|4\n|\n|t:|1781388865\n|move|p2a: Dugtrio|Earthquake|p1a: Bellibolt\n|-supereffective|p1a: Bellibolt\n|-damage|p1a: Bellibolt|0 fnt\n|faint|p1a: Bellibolt\n|-damage|p2a: Dugtrio|177/196|[from] item: Life Orb\n|\n|upkeep\n|\n|t:|1781388868\n|switch|p1a: Ursaring|Ursaring, L84, M|288/288\n|turn|5\n|\n|t:|1781388874\n|switch|p2a: Dialga|Dialga-Origin, L73|266/266\n|-ability|p2a: Dialga|Pressure\n|move|p1a: Ursaring|Facade|p2a: Dialga\n|-resisted|p2a: Dialga\n|-crit|p2a: Dialga\n|-damage|p2a: Dialga|201/266\n|\n|-status|p1a: Ursaring|tox|[from] item: Toxic Orb\n|upkeep\n|turn|6\n|\n|t:|1781388877\n|move|p1a: Ursaring|Close Combat|p2a: Dialga\n|-supereffective|p2a: Dialga\n|-damage|p2a: Dialga|7/266\n|-unboost|p1a: Ursaring|def|1\n|-unboost|p1a: Ursaring|spd|1\n|move|p2a: Dialga|Draco Meteor|p1a: Ursaring|[miss]\n|-miss|p2a: Dialga|p1a: Ursaring\n|\n|-damage|p1a: Ursaring|270/288 tox|[from] psn\n|upkeep\n|turn|7\n|\n|t:|1781388896\n|switch|p1a: Gardevoir|Gardevoir, L83, F|249/249\n|-ability|p1a: Gardevoir|Pressure|Trace|[from] ability: Trace|[of] p2a: Dialga\n|-ability|p1a: Gardevoir|Pressure\n|move|p2a: Dialga|Flash Cannon|p1a: Gardevoir\n|-supereffective|p1a: Gardevoir\n|-damage|p1a: Gardevoir|79/249\n|\n|upkeep\n|turn|8\n|\n|t:|1781388900\n|move|p1a: Gardevoir|Moonblast|p2a: Dialga\n|-damage|p2a: Dialga|0 fnt\n|faint|p2a: Dialga\n|-damage|p1a: Gardevoir|55/249|[from] item: Life Orb\n|\n|upkeep\n|\n|t:|1781388903\n|switch|p2a: Dugtrio|Dugtrio, L84, M|177/196\n|turn|9\n|\n|t:|1781388915\n|move|p2a: Dugtrio|Earthquake|p1a: Gardevoir\n|-damage|p1a: Gardevoir|0 fnt\n|faint|p1a: Gardevoir\n|-damage|p2a: Dugtrio|158/196|[from] item: Life Orb\n|\n|upkeep\n|\n|t:|1781388917\n|switch|p1a: Glastrier|Glastrier, L86|209/311\n|turn|10\n|\n|t:|1781388923\n|move|p2a: Dugtrio|Earthquake|p1a: Glastrier\n|-damage|p1a: Glastrier|112/311\n|-damage|p2a: Dugtrio|139/196|[from] item: Life Orb\n|move|p1a: Glastrier|Icicle Crash|p2a: Dugtrio\n|-supereffective|p2a: Dugtrio\n|-crit|p2a: Dugtrio\n|-damage|p2a: Dugtrio|0 fnt\n|faint|p2a: Dugtrio\n|-ability|p1a: Glastrier|Chilling Neigh|boost\n|-boost|p1a: Glastrier|atk|1\n|\n|upkeep\n|\n|t:|1781388927\n|switch|p2a: Heracross|Heracross, L80, F|259/259\n|turn|11\n|\n|t:|1781388952\n|switch|p1a: Sneasler|Sneasler, L74, F|240/240\n|move|p2a: Heracross|Close Combat|p1a: Sneasler\n|-resisted|p1a: Sneasler\n|-damage|p1a: Sneasler|141/240\n|-unboost|p2a: Heracross|def|1\n|-unboost|p2a: Heracross|spd|1\n|\n|upkeep\n|turn|12\n|\n|t:|1781388958\n|-terastallize|p2a: Heracross|Fighting\n|move|p2a: Heracross|Close Combat|p1a: Sneasler\n|-resisted|p1a: Sneasler\n|-damage|p1a: Sneasler|0 fnt\n|-unboost|p2a: Heracross|def|1\n|-unboost|p2a: Heracross|spd|1\n|faint|p1a: Sneasler\n|-ability|p2a: Heracross|Moxie|boost\n|-boost|p2a: Heracross|atk|1\n|\n|upkeep\n|inactive|mistic_nobelking has 120 seconds left.\n|-message|mistic_nobelking forfeited.\n|\n|win|bulrug\n", "uploadtime": 1781388761, "views": 3, "formatid": "gen9randombattle", "rating": null, "private": 0, "password": null}