{"id": "gen9randombattle-2631890334", "format": "[Gen 9] Random Battle", "players": ["cristian jose 123", "toxic_manchild"], "log": "|j|\u2606cristian jose 123\n|j|\u2606toxic_manchild\n|t:|1781452509\n|gametype|singles\n|player|p1|cristian jose 123|170|1281\n|player|p2|toxic_manchild|170|1283\n|gen|9\n|tier|[Gen 9] Random Battle\n|rated|\n|rule|Species Clause: Limit one of each Pok\u00e9mon\n|rule|HP Percentage Mod: HP is shown in percentages\n|rule|Sleep Clause Mod: Limit one foe put to sleep\n|rule|Illusion Level Mod: Illusion disguises the Pok\u00e9mon's true level\n|\n|t:|1781452509\n|teamsize|p1|6\n|teamsize|p2|6\n|start\n|switch|p1a: Toxicroak|Toxicroak, L84, F|277/277\n|switch|p2a: Mimikyu|Mimikyu, L79, F|216/216\n|turn|1\n|\n|t:|1781452542\n|switch|p2a: Groudon|Groudon, L72|263/263\n|-weather|SunnyDay|[from] ability: Drought|[of] p2a: Groudon\n|move|p1a: Toxicroak|Swords Dance|p1a: Toxicroak\n|-boost|p1a: Toxicroak|atk|2\n|\n|-weather|SunnyDay|[upkeep]\n|-damage|p1a: Toxicroak|243/277|[from] ability: Dry Skin|[of] p1a: Toxicroak\n|upkeep\n|turn|2\n|\n|t:|1781452568\n|-terastallize|p1a: Toxicroak|Ground\n|move|p1a: Toxicroak|Close Combat|p2a: Groudon\n|-damage|p2a: Groudon|0 fnt\n|-unboost|p1a: Toxicroak|def|1\n|-unboost|p1a: Toxicroak|spd|1\n|faint|p2a: Groudon\n|-damage|p1a: Toxicroak|216/277|[from] item: Life Orb\n|\n|-weather|SunnyDay|[upkeep]\n|-damage|p1a: Toxicroak|182/277|[from] ability: Dry Skin|[of] p1a: Toxicroak\n|upkeep\n|\n|t:|1781452595\n|switch|p2a: Mimikyu|Mimikyu, L79, F|216/216\n|turn|3\n|\n|t:|1781452604\n|move|p2a: Mimikyu|Swords Dance|p2a: Mimikyu\n|-boost|p2a: Mimikyu|atk|2\n|move|p1a: Toxicroak|Gunk Shot|p2a: Mimikyu\n|-activate|p2a: Mimikyu|ability: Disguise\n|-damage|p2a: Mimikyu|216/216\n|detailschange|p2a: Mimikyu|Mimikyu-Busted, L79, F\n|-damage|p2a: Mimikyu|189/216|[from] pokemon: Mimikyu-Busted\n|-damage|p1a: Toxicroak|155/277|[from] item: Life Orb\n|\n|-weather|SunnyDay|[upkeep]\n|-damage|p1a: Toxicroak|121/277|[from] ability: Dry Skin|[of] p1a: Toxicroak\n|upkeep\n|turn|4\n|\n|t:|1781452621\n|move|p2a: Mimikyu|Drain Punch|p1a: Toxicroak\n|-damage|p1a: Toxicroak|0 fnt\n|-heal|p2a: Mimikyu|216/216|[from] drain|[of] p1a: Toxicroak\n|faint|p1a: Toxicroak\n|-damage|p2a: Mimikyu|195/216|[from] item: Life Orb\n|\n|-weather|SunnyDay|[upkeep]\n|upkeep\n|\n|t:|1781452636\n|switch|p1a: Jumpluff|Jumpluff, L87, F|271/271\n|turn|5\n|\n|t:|1781452646\n|move|p2a: Mimikyu|Shadow Sneak|p1a: Jumpluff\n|-damage|p1a: Jumpluff|172/271\n|-damage|p2a: Mimikyu|174/216|[from] item: Life Orb\n|move|p1a: Jumpluff|Strength Sap|p2a: Mimikyu\n|-unboost|p2a: Mimikyu|atk|1\n|-heal|p1a: Jumpluff|271/271\n|\n|-weather|none\n|upkeep\n|turn|6\n|\n|t:|1781452663\n|switch|p2a: Brute Bonnet|Brute Bonnet, L80|309/309\n|move|p1a: Jumpluff|Strength Sap|p2a: Brute Bonnet\n|-unboost|p2a: Brute Bonnet|atk|1\n|\n|upkeep\n|turn|7\n|\n|t:|1781452671\n|-end|p2a: Brute Bonnet|Protosynthesis|[silent]\n|switch|p2a: Mesprit|Mesprit, L85|275/275\n|move|p1a: Jumpluff|Acrobatics|p2a: Mesprit\n|-damage|p2a: Mesprit|199/275\n|\n|-heal|p2a: Mesprit|216/275|[from] item: Leftovers\n|upkeep\n|turn|8\n|\n|t:|1781452679\n|move|p1a: Jumpluff|Leech Seed|p2a: Mesprit\n|-start|p2a: Mesprit|move: Leech Seed\n|move|p2a: Mesprit|Psychic Noise|p1a: Jumpluff\n|-damage|p1a: Jumpluff|187/271\n|-start|p1a: Jumpluff|move: Heal Block\n|\n|-heal|p2a: Mesprit|233/275|[from] item: Leftovers\n|-damage|p2a: Mesprit|199/275|[from] Leech Seed|[of] p1a: Jumpluff\n|upkeep\n|turn|9\n|\n|t:|1781452703\n|move|p1a: Jumpluff|Acrobatics|p2a: Mesprit\n|-damage|p2a: Mesprit|124/275\n|move|p2a: Mesprit|Encore|p1a: Jumpluff\n|-start|p1a: Jumpluff|Encore\n|\n|-heal|p2a: Mesprit|141/275|[from] item: Leftovers\n|-damage|p2a: Mesprit|107/275|[from] Leech Seed|[of] p1a: Jumpluff\n|-end|p1a: Jumpluff|move: Heal Block\n|upkeep\n|turn|10\n|\n|t:|1781452713\n|move|p1a: Jumpluff|Acrobatics|p2a: Mesprit\n|-damage|p2a: Mesprit|35/275\n|move|p2a: Mesprit|U-turn|p1a: Jumpluff\n|-damage|p1a: Jumpluff|128/271\n|\n|t:|1781452716\n|switch|p2a: Brute Bonnet|Brute Bonnet, L80|309/309|[from] U-turn\n|\n|upkeep\n|turn|11\n|\n|t:|1781452722\n|move|p2a: Brute Bonnet|Sucker Punch|p1a: Jumpluff\n|-damage|p1a: Jumpluff|26/271\n|move|p1a: Jumpluff|Acrobatics|p2a: Brute Bonnet\n|-supereffective|p2a: Brute Bonnet\n|-damage|p2a: Brute Bonnet|163/309\n|\n|-heal|p2a: Brute Bonnet|182/309|[from] item: Leftovers\n|upkeep\n|turn|12\n|\n|t:|1781452731\n|move|p2a: Brute Bonnet|Sucker Punch|p1a: Jumpluff\n|-damage|p1a: Jumpluff|0 fnt\n|faint|p1a: Jumpluff\n|\n|-heal|p2a: Brute Bonnet|201/309|[from] item: Leftovers\n|upkeep\n|\n|t:|1781452751\n|switch|p1a: Ho-Oh|Ho-Oh, L71|268/268\n|turn|13\n|\n|t:|1781452756\n|move|p1a: Ho-Oh|Sacred Fire|p2a: Brute Bonnet\n|-supereffective|p2a: Brute Bonnet\n|-damage|p2a: Brute Bonnet|1/309\n|move|p2a: Brute Bonnet|Spore|p1a: Ho-Oh\n|-status|p1a: Ho-Oh|slp|[from] move: Spore\n|\n|-heal|p2a: Brute Bonnet|20/309|[from] item: Leftovers\n|upkeep\n|turn|14\n|\n|t:|1781452772\n|switch|p1a: Cyclizar|Cyclizar, L83, F|252/252\n|-end|p2a: Brute Bonnet|Protosynthesis|[silent]\n|switch|p2a: Clawitzer|Clawitzer, L87, M|265/265\n|\n|upkeep\n|turn|15\n|\n|t:|1781452783\n|move|p1a: Cyclizar|Rapid Spin|p2a: Clawitzer\n|-damage|p2a: Clawitzer|219/265\n|-boost|p1a: Cyclizar|spe|1\n|move|p2a: Clawitzer|Dragon Pulse|p1a: Cyclizar\n|-supereffective|p1a: Cyclizar\n|-damage|p1a: Cyclizar|0 fnt\n|faint|p1a: Cyclizar\n|\n|upkeep\n|\n|t:|1781452799\n|switch|p1a: Azumarill|Azumarill, L82, M|298/298\n|turn|16\n|\n|t:|1781452809\n|move|p2a: Clawitzer|U-turn|p1a: Azumarill\n|-resisted|p1a: Azumarill\n|-damage|p1a: Azumarill|276/298\n|\n|t:|1781452811\n|switch|p2a: Mesprit|Mesprit, L85|35/275|[from] U-turn\n|move|p1a: Azumarill|Play Rough|p2a: Mesprit\n|-damage|p2a: Mesprit|0 fnt\n|faint|p2a: Mesprit\n|\n|upkeep\n|\n|t:|1781452817\n|switch|p2a: Brute Bonnet|Brute Bonnet, L80|20/309\n|turn|17\n|\n|t:|1781452824\n|move|p2a: Brute Bonnet|Crunch|p1a: Azumarill\n|-resisted|p1a: Azumarill\n|-damage|p1a: Azumarill|218/298\n|move|p1a: Azumarill|Play Rough|p2a: Brute Bonnet\n|-supereffective|p2a: Brute Bonnet\n|-damage|p2a: Brute Bonnet|0 fnt\n|faint|p2a: Brute Bonnet\n|-end|p2a: Brute Bonnet|Protosynthesis|[silent]\n|\n|upkeep\n|\n|t:|1781452847\n|switch|p2a: Mimikyu|Mimikyu-Busted, L79, F|174/216\n|turn|18\n|\n|t:|1781452853\n|move|p2a: Mimikyu|Play Rough|p1a: Azumarill\n|-damage|p1a: Azumarill|97/298\n|-damage|p2a: Mimikyu|153/216|[from] item: Life Orb\n|move|p1a: Azumarill|Play Rough|p2a: Mimikyu|[miss]\n|-miss|p1a: Azumarill|p2a: Mimikyu\n|\n|upkeep\n|turn|19\n|\n|t:|1781452860\n|move|p2a: Mimikyu|Play Rough|p1a: Azumarill\n|-damage|p1a: Azumarill|0 fnt\n|faint|p1a: Azumarill\n|-damage|p2a: Mimikyu|132/216|[from] item: Life Orb\n|\n|upkeep\n|\n|t:|1781452869\n|switch|p1a: Dunsparce|Dunsparce, L86, F|312/312\n|turn|20\n|\n|t:|1781452878\n|move|p2a: Mimikyu|Drain Punch|p1a: Dunsparce\n|-supereffective|p1a: Dunsparce\n|-damage|p1a: Dunsparce|216/312\n|-heal|p2a: Mimikyu|180/216|[from] drain|[of] p1a: Dunsparce\n|-damage|p2a: Mimikyu|159/216|[from] item: Life Orb\n|move|p1a: Dunsparce|Coil|p1a: Dunsparce\n|-boost|p1a: Dunsparce|atk|1\n|-boost|p1a: Dunsparce|def|1\n|-boost|p1a: Dunsparce|accuracy|1\n|\n|upkeep\n|turn|21\n|\n|t:|1781452890\n|move|p2a: Mimikyu|Swords Dance|p2a: Mimikyu\n|-boost|p2a: Mimikyu|atk|2\n|move|p1a: Dunsparce|Coil|p1a: Dunsparce\n|-boost|p1a: Dunsparce|atk|1\n|-boost|p1a: Dunsparce|def|1\n|-boost|p1a: Dunsparce|accuracy|1\n|\n|upkeep\n|turn|22\n|\n|t:|1781452897\n|move|p2a: Mimikyu|Drain Punch|p1a: Dunsparce\n|-supereffective|p1a: Dunsparce\n|-damage|p1a: Dunsparce|130/312\n|-heal|p2a: Mimikyu|202/216|[from] drain|[of] p1a: Dunsparce\n|-damage|p2a: Mimikyu|181/216|[from] item: Life Orb\n|move|p1a: Dunsparce|Earthquake|p2a: Mimikyu\n|-damage|p2a: Mimikyu|37/216\n|\n|upkeep\n|turn|23\n|\n|t:|1781452907\n|move|p2a: Mimikyu|Drain Punch|p1a: Dunsparce\n|-supereffective|p1a: Dunsparce\n|-damage|p1a: Dunsparce|36/312\n|-heal|p2a: Mimikyu|84/216|[from] drain|[of] p1a: Dunsparce\n|-damage|p2a: Mimikyu|63/216|[from] item: Life Orb\n|move|p1a: Dunsparce|Earthquake|p2a: Mimikyu\n|-damage|p2a: Mimikyu|0 fnt\n|faint|p2a: Mimikyu\n|\n|upkeep\n|\n|t:|1781452920\n|switch|p2a: Clawitzer|Clawitzer, L87, M|219/265\n|turn|24\n|\n|t:|1781452924\n|move|p2a: Clawitzer|Water Pulse|p1a: Dunsparce\n|-damage|p1a: Dunsparce|0 fnt\n|faint|p1a: Dunsparce\n|\n|upkeep\n|\n|t:|1781452928\n|switch|p1a: Ho-Oh|Ho-Oh, L71|268/268 slp\n|turn|25\n|\n|t:|1781452934\n|cant|p1a: Ho-Oh|slp\n|move|p2a: Clawitzer|Water Pulse|p1a: Ho-Oh\n|-supereffective|p1a: Ho-Oh\n|-damage|p1a: Ho-Oh|80/268 slp\n|\n|upkeep\n|turn|26\n|\n|t:|1781452939\n|-curestatus|p1a: Ho-Oh|slp|[msg]\n|move|p1a: Ho-Oh|Brave Bird|p2a: Clawitzer\n|-damage|p2a: Clawitzer|104/265\n|-damage|p1a: Ho-Oh|42/268|[from] Recoil\n|move|p2a: Clawitzer|Water Pulse|p1a: Ho-Oh\n|-supereffective|p1a: Ho-Oh\n|-damage|p1a: Ho-Oh|0 fnt\n|faint|p1a: Ho-Oh\n|\n|win|toxic_manchild\n|raw|cristian jose 123's rating: 1281 &rarr; <strong>1256</strong><br />(-25 for losing)\n|raw|toxic_manchild's rating: 1283 &rarr; <strong>1308</strong><br />(+25 for winning)\n|c|\u2606toxic_manchild|Gg\n", "uploadtime": 1781452943, "views": 4, "formatid": "gen9randombattle", "rating": 1256, "private": 0, "password": null}