{"id": "gen9randombattle-2631725677", "format": "[Gen 9] Random Battle", "players": ["joujaj", "symitry"], "log": "|j|\u2606joujaj\n|j|\u2606symitry\n|t:|1781429217\n|gametype|singles\n|player|p1|joujaj|steven|1972\n|player|p2|symitry|102|2053\n|gen|9\n|tier|[Gen 9] Random Battle\n|rated|\n|rule|Species Clause: Limit one of each Pok\u00e9mon\n|rule|HP Percentage Mod: HP is shown in percentages\n|rule|Sleep Clause Mod: Limit one foe put to sleep\n|rule|Illusion Level Mod: Illusion disguises the Pok\u00e9mon's true level\n|\n|t:|1781429217\n|teamsize|p1|6\n|teamsize|p2|6\n|start\n|switch|p1a: Lycanroc|Lycanroc, L86, M|269/269\n|switch|p2a: Revavroom|Revavroom, L79, F|256/256\n|turn|1\n|inactive|Battle timer is ON: inactive players will automatically lose when time's up. (requested by joujaj)\n|inactive|joujaj has 120 seconds left.\n|\n|t:|1781429253\n|move|p1a: Lycanroc|Taunt|p2a: Revavroom\n|-start|p2a: Revavroom|move: Taunt\n|cant|p2a: Revavroom|move: Taunt|Shift Gear\n|\n|upkeep\n|turn|2\n|inactive|joujaj has 120 seconds left.\n|\n|t:|1781429283\n|switch|p2a: Stonjourner|Stonjourner, L91, F|330/330\n|move|p1a: Lycanroc|Close Combat|p2a: Stonjourner\n|-supereffective|p2a: Stonjourner\n|-damage|p2a: Stonjourner|169/330\n|-unboost|p1a: Lycanroc|def|1\n|-unboost|p1a: Lycanroc|spd|1\n|-damage|p1a: Lycanroc|243/269|[from] item: Life Orb\n|\n|upkeep\n|turn|3\n|\n|t:|1781429288\n|move|p1a: Lycanroc|Close Combat|p2a: Stonjourner\n|-supereffective|p2a: Stonjourner\n|-crit|p2a: Stonjourner\n|-damage|p2a: Stonjourner|0 fnt\n|-unboost|p1a: Lycanroc|def|1\n|-unboost|p1a: Lycanroc|spd|1\n|faint|p2a: Stonjourner\n|-damage|p1a: Lycanroc|217/269|[from] item: Life Orb\n|\n|upkeep\n|\n|t:|1781429300\n|switch|p2a: Barraskewda|Barraskewda, L81, M|231/231\n|turn|4\n|\n|t:|1781429318\n|switch|p1a: Vaporeon|Vaporeon, L86, M|364/364\n|move|p2a: Barraskewda|Flip Turn|p1a: Vaporeon\n|-immune|p1a: Vaporeon|[from] ability: Water Absorb\n|\n|upkeep\n|turn|5\n|\n|t:|1781429341\n|switch|p2a: Hydrapple|Hydrapple, L83, M|312/312\n|move|p1a: Vaporeon|Scald|p2a: Hydrapple\n|-resisted|p2a: Hydrapple\n|-damage|p2a: Hydrapple|294/312\n|\n|upkeep\n|turn|6\n|\n|t:|1781429354\n|switch|p1a: Staraptor|Staraptor, L79, F|263/263\n|move|p2a: Hydrapple|Fickle Beam|p1a: Staraptor|[anim] Fickle Beam All Out\n|-activate|p2a: Hydrapple|move: Fickle Beam\n|-damage|p1a: Staraptor|0 fnt\n|faint|p1a: Staraptor\n|\n|upkeep\n|inactive|joujaj has 120 seconds left.\n|\n|t:|1781429394\n|switch|p1a: Zarude|Zarude-Dada, L77|288/288\n|turn|7\n|\n|t:|1781429400\n|move|p1a: Zarude|Swords Dance|p1a: Zarude\n|-boost|p1a: Zarude|atk|2\n|move|p2a: Hydrapple|Fickle Beam|p1a: Zarude\n|-damage|p1a: Zarude|177/288\n|\n|upkeep\n|turn|8\n|\n|t:|1781429417\n|move|p1a: Zarude|Knock Off|p2a: Hydrapple\n|-damage|p2a: Hydrapple|55/312\n|-enditem|p2a: Hydrapple|Assault Vest|[from] move: Knock Off|[of] p1a: Zarude\n|-damage|p1a: Zarude|149/288|[from] item: Life Orb\n|move|p2a: Hydrapple|Fickle Beam|p1a: Zarude\n|-damage|p1a: Zarude|50/288\n|\n|upkeep\n|turn|9\n|inactive|joujaj has 120 seconds left.\n|\n|t:|1781429425\n|move|p1a: Zarude|Knock Off|p2a: Hydrapple\n|-damage|p2a: Hydrapple|0 fnt\n|faint|p2a: Hydrapple\n|-damage|p1a: Zarude|22/288|[from] item: Life Orb\n|\n|upkeep\n|\n|t:|1781429439\n|switch|p2a: Barraskewda|Barraskewda, L81, M|231/231\n|turn|10\n|inactive|joujaj has 120 seconds left.\n|\n|t:|1781429456\n|move|p2a: Barraskewda|Close Combat|p1a: Zarude\n|-supereffective|p1a: Zarude\n|-damage|p1a: Zarude|0 fnt\n|-unboost|p2a: Barraskewda|def|1\n|-unboost|p2a: Barraskewda|spd|1\n|faint|p1a: Zarude\n|\n|upkeep\n|inactive|joujaj has 120 seconds left.\n|\n|t:|1781429476\n|switch|p1a: Diancie|Diancie, L82|216/216\n|turn|11\n|\n|t:|1781429500\n|switch|p2a: Revavroom|Revavroom, L79, F|256/256\n|move|p1a: Diancie|Diamond Storm|p2a: Revavroom\n|-resisted|p2a: Revavroom\n|-damage|p2a: Revavroom|202/256\n|\n|upkeep\n|turn|12\n|inactive|joujaj has 120 seconds left.\n|\n|t:|1781429512\n|-terastallize|p1a: Diancie|Fighting\n|move|p2a: Revavroom|Shift Gear|p2a: Revavroom\n|-boost|p2a: Revavroom|spe|2\n|-boost|p2a: Revavroom|atk|1\n|move|p1a: Diancie|Diamond Storm|p2a: Revavroom\n|-resisted|p2a: Revavroom\n|-damage|p2a: Revavroom|151/256\n|\n|upkeep\n|turn|13\n|inactive|joujaj has 120 seconds left.\n|\n|t:|1781429525\n|move|p2a: Revavroom|Gunk Shot|p1a: Diancie|[miss]\n|-miss|p2a: Revavroom|p1a: Diancie\n|move|p1a: Diancie|Body Press|p2a: Revavroom\n|-damage|p2a: Revavroom|27/256\n|\n|upkeep\n|turn|14\n|\n|t:|1781429541\n|move|p2a: Revavroom|Gunk Shot|p1a: Diancie\n|-damage|p1a: Diancie|39/216\n|-damage|p2a: Revavroom|2/256|[from] item: Life Orb\n|move|p1a: Diancie|Diamond Storm|p2a: Revavroom\n|-resisted|p2a: Revavroom\n|-damage|p2a: Revavroom|0 fnt\n|-boost|p1a: Diancie|def|2\n|faint|p2a: Revavroom\n|\n|-heal|p1a: Diancie|52/216|[from] item: Leftovers\n|upkeep\n|\n|t:|1781429547\n|switch|p2a: Barraskewda|Barraskewda, L81, M|231/231\n|turn|15\n|\n|t:|1781429558\n|-terastallize|p2a: Barraskewda|Fighting\n|move|p2a: Barraskewda|Close Combat|p1a: Diancie\n|-damage|p1a: Diancie|0 fnt\n|-unboost|p2a: Barraskewda|def|1\n|-unboost|p2a: Barraskewda|spd|1\n|faint|p1a: Diancie\n|\n|upkeep\n|\n|t:|1781429567\n|switch|p1a: Breloom|Breloom, L83, M|235/235\n|turn|16\n|\n|t:|1781429580\n|switch|p2a: Flamigo|Flamigo, L82, F|269/269\n|move|p1a: Breloom|Mach Punch|p2a: Flamigo\n|-resisted|p2a: Flamigo\n|-damage|p2a: Flamigo|213/269\n|-damage|p1a: Breloom|212/235|[from] item: Life Orb\n|\n|upkeep\n|turn|17\n|\n|t:|1781429600\n|switch|p1a: Lycanroc|Lycanroc, L86, M|217/269\n|move|p2a: Flamigo|Brave Bird|p1a: Lycanroc\n|-resisted|p1a: Lycanroc\n|-damage|p1a: Lycanroc|110/269\n|-damage|p2a: Flamigo|178/269|[from] Recoil\n|-damage|p2a: Flamigo|152/269|[from] item: Life Orb\n|\n|upkeep\n|turn|18\n|\n|t:|1781429609\n|move|p1a: Lycanroc|Stone Edge|p2a: Flamigo\n|-damage|p2a: Flamigo|0 fnt\n|faint|p2a: Flamigo\n|-damage|p1a: Lycanroc|84/269|[from] item: Life Orb\n|\n|upkeep\n|\n|t:|1781429636\n|switch|p2a: Barraskewda|Barraskewda, L81, M, tera:Fighting|231/231\n|turn|19\n|\n|t:|1781429643\n|move|p2a: Barraskewda|Close Combat|p1a: Lycanroc\n|-supereffective|p1a: Lycanroc\n|-damage|p1a: Lycanroc|0 fnt\n|-unboost|p2a: Barraskewda|def|1\n|-unboost|p2a: Barraskewda|spd|1\n|faint|p1a: Lycanroc\n|\n|upkeep\n|\n|t:|1781429647\n|switch|p1a: Vaporeon|Vaporeon, L86, M|364/364\n|turn|20\n|\n|t:|1781429659\n|move|p2a: Barraskewda|Close Combat|p1a: Vaporeon\n|-damage|p1a: Vaporeon|85/364\n|-unboost|p2a: Barraskewda|def|1\n|-unboost|p2a: Barraskewda|spd|1\n|move|p1a: Vaporeon|Scald|p2a: Barraskewda\n|-damage|p2a: Barraskewda|0 fnt\n|faint|p2a: Barraskewda\n|\n|-heal|p1a: Vaporeon|107/364|[from] item: Leftovers\n|upkeep\n|\n|t:|1781429662\n|switch|p2a: Vigoroth|Vigoroth, L85, M|275/275\n|turn|21\n|\n|t:|1781429679\n|move|p2a: Vigoroth|Bulk Up|p2a: Vigoroth\n|-boost|p2a: Vigoroth|atk|1\n|-boost|p2a: Vigoroth|def|1\n|move|p1a: Vaporeon|Scald|p2a: Vigoroth\n|-damage|p2a: Vigoroth|187/275\n|\n|-heal|p1a: Vaporeon|129/364|[from] item: Leftovers\n|upkeep\n|turn|22\n|\n|t:|1781429693\n|move|p2a: Vigoroth|Bulk Up|p2a: Vigoroth\n|-boost|p2a: Vigoroth|atk|1\n|-boost|p2a: Vigoroth|def|1\n|move|p1a: Vaporeon|Scald|p2a: Vigoroth\n|-damage|p2a: Vigoroth|103/275\n|\n|-heal|p1a: Vaporeon|151/364|[from] item: Leftovers\n|upkeep\n|turn|23\n|\n|t:|1781429698\n|move|p2a: Vigoroth|Body Slam|p1a: Vaporeon\n|-damage|p1a: Vaporeon|0 fnt\n|faint|p1a: Vaporeon\n|\n|upkeep\n|\n|t:|1781429700\n|switch|p1a: Breloom|Breloom, L83, M|212/235\n|turn|24\n|\n|t:|1781429720\n|move|p2a: Vigoroth|Slack Off|p2a: Vigoroth\n|-heal|p2a: Vigoroth|241/275\n|move|p1a: Breloom|Swords Dance|p1a: Breloom\n|-boost|p1a: Breloom|atk|2\n|\n|upkeep\n|turn|25\n|\n|t:|1781429730\n|move|p2a: Vigoroth|Body Slam|p1a: Breloom\n|-damage|p1a: Breloom|46/235\n|move|p1a: Breloom|Swords Dance|p1a: Breloom\n|-boost|p1a: Breloom|atk|2\n|\n|upkeep\n|turn|26\n|\n|t:|1781429735\n|move|p1a: Breloom|Mach Punch|p2a: Vigoroth\n|-supereffective|p2a: Vigoroth\n|-damage|p2a: Vigoroth|20/275\n|-damage|p1a: Breloom|23/235|[from] item: Life Orb\n|move|p2a: Vigoroth|Body Slam|p1a: Breloom\n|-damage|p1a: Breloom|0 fnt\n|faint|p1a: Breloom\n|\n|win|symitry\n", "uploadtime": 1781429219, "views": 7, "formatid": "gen9randombattle", "rating": null, "private": 0, "password": null}