{"id": "gen9randombattle-2631553103", "format": "[Gen 9] Random Battle", "players": ["ebizi", "Monsterofgermany"], "log": "|j|\u2606ebizi\n|j|\u2606Monsterofgermany\n|t:|1781400383\n|gametype|singles\n|player|p1|ebizi|rika|1862\n|player|p2|Monsterofgermany|102|1897\n|gen|9\n|tier|[Gen 9] Random Battle\n|rated|\n|rule|Species Clause: Limit one of each Pok\u00e9mon\n|rule|HP Percentage Mod: HP is shown in percentages\n|rule|Sleep Clause Mod: Limit one foe put to sleep\n|rule|Illusion Level Mod: Illusion disguises the Pok\u00e9mon's true level\n|\n|t:|1781400383\n|teamsize|p1|6\n|teamsize|p2|6\n|start\n|switch|p1a: Cresselia|Cresselia, L80, F|323/323\n|switch|p2a: Beartic|Beartic, L91, F|321/321\n|turn|1\n|\n|t:|1781400410\n|move|p1a: Cresselia|Calm Mind|p1a: Cresselia\n|-boost|p1a: Cresselia|spa|1\n|-boost|p1a: Cresselia|spd|1\n|move|p2a: Beartic|Icicle Crash|p1a: Cresselia\n|-damage|p1a: Cresselia|152/323\n|\n|-heal|p1a: Cresselia|172/323|[from] item: Leftovers\n|upkeep\n|turn|2\n|inactive|Battle timer is ON: inactive players will automatically lose when time's up. (requested by ebizi)\n|\n|t:|1781400418\n|move|p1a: Cresselia|Psyshock|p2a: Beartic\n|-damage|p2a: Beartic|231/321\n|move|p2a: Beartic|Icicle Crash|p1a: Cresselia\n|-damage|p1a: Cresselia|3/323\n|\n|-heal|p1a: Cresselia|23/323|[from] item: Leftovers\n|upkeep\n|turn|3\n|\n|t:|1781400424\n|move|p1a: Cresselia|Moonlight|p1a: Cresselia\n|-heal|p1a: Cresselia|184/323\n|move|p2a: Beartic|Icicle Crash|p1a: Cresselia\n|-damage|p1a: Cresselia|6/323\n|\n|-heal|p1a: Cresselia|26/323|[from] item: Leftovers\n|upkeep\n|turn|4\n|\n|t:|1781400433\n|switch|p1a: Cryogonal|Cryogonal, L89|287/287\n|move|p2a: Beartic|Icicle Crash|p1a: Cryogonal\n|-resisted|p1a: Cryogonal\n|-damage|p1a: Cryogonal|155/287\n|\n|upkeep\n|turn|5\n|\n|t:|1781400441\n|switch|p2a: Bronzong|Bronzong, L88|261/261\n|move|p1a: Cryogonal|Flash Cannon|p2a: Bronzong\n|-resisted|p2a: Bronzong\n|-damage|p2a: Bronzong|239/261\n|\n|-heal|p2a: Bronzong|255/261|[from] item: Leftovers\n|upkeep\n|turn|6\n|\n|t:|1781400453\n|move|p1a: Cryogonal|Recover|p1a: Cryogonal\n|-heal|p1a: Cryogonal|287/287\n|move|p2a: Bronzong|Stealth Rock|p1a: Cryogonal\n|-sidestart|p1: ebizi|move: Stealth Rock\n|\n|-heal|p2a: Bronzong|261/261|[from] item: Leftovers\n|upkeep\n|turn|7\n|\n|t:|1781400479\n|switch|p1a: Cresselia|Cresselia, L80, F|26/323\n|-damage|p1a: Cresselia|0 fnt|[from] Stealth Rock\n|faint|p1a: Cresselia\n|move|p2a: Bronzong|Iron Head|p1: Cresselia|[notarget]\n|-fail|p2a: Bronzong\n|\n|upkeep\n|\n|t:|1781400481\n|switch|p1a: Manaphy|Manaphy, L78|284/284\n|-damage|p1a: Manaphy|249/284|[from] Stealth Rock\n|turn|8\n|inactive|Monsterofgermany has 120 seconds left.\n|\n|t:|1781400519\n|move|p1a: Manaphy|Tail Glow|p1a: Manaphy\n|-boost|p1a: Manaphy|spa|3\n|move|p2a: Bronzong|Earthquake|p1a: Manaphy\n|-damage|p1a: Manaphy|175/284\n|\n|-heal|p1a: Manaphy|192/284|[from] item: Leftovers\n|upkeep\n|turn|9\n|inactive|Monsterofgermany has 120 seconds left.\n|\n|t:|1781400528\n|move|p1a: Manaphy|Tail Glow|p1a: Manaphy\n|-boost|p1a: Manaphy|spa|3\n|move|p2a: Bronzong|Psychic Noise|p1a: Manaphy\n|-damage|p1a: Manaphy|116/284\n|-start|p1a: Manaphy|move: Heal Block\n|\n|upkeep\n|turn|10\n|\n|t:|1781400536\n|move|p1a: Manaphy|Hydro Pump|p2a: Bronzong\n|-damage|p2a: Bronzong|0 fnt\n|faint|p2a: Bronzong\n|\n|-end|p1a: Manaphy|move: Heal Block\n|upkeep\n|\n|t:|1781400546\n|switch|p2a: Tornadus|Tornadus, L82, M|263/263\n|turn|11\n|\n|t:|1781400553\n|move|p2a: Tornadus|Bleakwind Storm|p1a: Manaphy\n|-damage|p1a: Manaphy|0 fnt\n|faint|p1a: Manaphy\n|\n|upkeep\n|\n|t:|1781400562\n|switch|p1a: Cryogonal|Cryogonal, L89|287/287\n|turn|12\n|\n|t:|1781400569\n|switch|p2a: Necrozma|Necrozma-Dawn-Wings, L76|272/272\n|move|p1a: Cryogonal|Freeze-Dry|p2a: Necrozma\n|-damage|p2a: Necrozma|202/272\n|\n|-heal|p2a: Necrozma|219/272|[from] item: Leftovers\n|upkeep\n|turn|13\n|\n|t:|1781400585\n|switch|p1a: Sandaconda|Sandaconda, L84, M|258/258\n|-damage|p1a: Sandaconda|242/258|[from] Stealth Rock\n|move|p2a: Necrozma|Calm Mind|p2a: Necrozma\n|-boost|p2a: Necrozma|spa|1\n|-boost|p2a: Necrozma|spd|1\n|\n|-heal|p1a: Sandaconda|258/258|[from] item: Leftovers\n|-heal|p2a: Necrozma|236/272|[from] item: Leftovers\n|upkeep\n|turn|14\n|\n|t:|1781400597\n|move|p1a: Sandaconda|Glare|p2a: Necrozma\n|-status|p2a: Necrozma|par\n|move|p2a: Necrozma|Photon Geyser|p1a: Sandaconda\n|-damage|p1a: Sandaconda|21/258\n|\n|-heal|p1a: Sandaconda|37/258|[from] item: Leftovers\n|-heal|p2a: Necrozma|253/272 par|[from] item: Leftovers\n|upkeep\n|turn|15\n|\n|t:|1781400607\n|move|p1a: Sandaconda|Earthquake|p2a: Necrozma\n|-damage|p2a: Necrozma|142/272 par\n|move|p2a: Necrozma|Photon Geyser|p1a: Sandaconda\n|-damage|p1a: Sandaconda|0 fnt\n|faint|p1a: Sandaconda\n|\n|-heal|p2a: Necrozma|159/272 par|[from] item: Leftovers\n|upkeep\n|\n|t:|1781400612\n|switch|p1a: Cryogonal|Cryogonal, L89|287/287\n|turn|16\n|\n|t:|1781400618\n|move|p1a: Cryogonal|Haze|p1a: Cryogonal\n|-clearallboost\n|move|p2a: Necrozma|Photon Geyser|p1a: Cryogonal\n|-damage|p1a: Cryogonal|194/287\n|\n|-heal|p2a: Necrozma|176/272 par|[from] item: Leftovers\n|upkeep\n|turn|17\n|\n|t:|1781400628\n|move|p1a: Cryogonal|Freeze-Dry|p2a: Necrozma\n|-damage|p2a: Necrozma|103/272 par\n|cant|p2a: Necrozma|par\n|\n|-heal|p2a: Necrozma|120/272 par|[from] item: Leftovers\n|upkeep\n|turn|18\n|\n|t:|1781400631\n|move|p1a: Cryogonal|Freeze-Dry|p2a: Necrozma\n|-damage|p2a: Necrozma|54/272 par\n|move|p2a: Necrozma|Moonlight|p2a: Necrozma\n|-heal|p2a: Necrozma|190/272 par\n|\n|-heal|p2a: Necrozma|207/272 par|[from] item: Leftovers\n|upkeep\n|turn|19\n|\n|t:|1781400638\n|move|p1a: Cryogonal|Freeze-Dry|p2a: Necrozma\n|-damage|p2a: Necrozma|135/272 par\n|cant|p2a: Necrozma|par\n|\n|-heal|p2a: Necrozma|152/272 par|[from] item: Leftovers\n|upkeep\n|turn|20\n|\n|t:|1781400642\n|move|p1a: Cryogonal|Freeze-Dry|p2a: Necrozma\n|-damage|p2a: Necrozma|86/272 par\n|move|p2a: Necrozma|Moonlight|p2a: Necrozma\n|-heal|p2a: Necrozma|222/272 par\n|\n|-heal|p2a: Necrozma|239/272 par|[from] item: Leftovers\n|upkeep\n|turn|21\n|\n|t:|1781400644\n|move|p1a: Cryogonal|Freeze-Dry|p2a: Necrozma\n|-crit|p2a: Necrozma\n|-damage|p2a: Necrozma|136/272 par\n|cant|p2a: Necrozma|par\n|\n|-heal|p2a: Necrozma|153/272 par|[from] item: Leftovers\n|upkeep\n|turn|22\n|\n|t:|1781400647\n|move|p1a: Cryogonal|Freeze-Dry|p2a: Necrozma\n|-damage|p2a: Necrozma|80/272 par\n|move|p2a: Necrozma|Moonlight|p2a: Necrozma\n|-heal|p2a: Necrozma|216/272 par\n|\n|-heal|p2a: Necrozma|233/272 par|[from] item: Leftovers\n|upkeep\n|turn|23\n|\n|t:|1781400649\n|move|p1a: Cryogonal|Freeze-Dry|p2a: Necrozma\n|-damage|p2a: Necrozma|166/272 par\n|move|p2a: Necrozma|Calm Mind|p2a: Necrozma\n|-boost|p2a: Necrozma|spa|1\n|-boost|p2a: Necrozma|spd|1\n|\n|-heal|p2a: Necrozma|183/272 par|[from] item: Leftovers\n|upkeep\n|turn|24\n|\n|t:|1781400653\n|move|p1a: Cryogonal|Haze|p1a: Cryogonal\n|-clearallboost\n|move|p2a: Necrozma|Calm Mind|p2a: Necrozma\n|-boost|p2a: Necrozma|spa|1\n|-boost|p2a: Necrozma|spd|1\n|\n|-heal|p2a: Necrozma|200/272 par|[from] item: Leftovers\n|upkeep\n|turn|25\n|\n|t:|1781400659\n|move|p1a: Cryogonal|Haze|p1a: Cryogonal\n|-clearallboost\n|move|p2a: Necrozma|Photon Geyser|p1a: Cryogonal\n|-damage|p1a: Cryogonal|101/287\n|\n|-heal|p2a: Necrozma|217/272 par|[from] item: Leftovers\n|upkeep\n|turn|26\n|\n|t:|1781400668\n|switch|p2a: Beartic|Beartic, L91, F|231/321\n|move|p1a: Cryogonal|Recover|p1a: Cryogonal\n|-heal|p1a: Cryogonal|245/287\n|\n|upkeep\n|turn|27\n|\n|t:|1781400677\n|move|p1a: Cryogonal|Flash Cannon|p2a: Beartic\n|-supereffective|p2a: Beartic\n|-damage|p2a: Beartic|103/321\n|move|p2a: Beartic|Close Combat|p1a: Cryogonal\n|-supereffective|p1a: Cryogonal\n|-damage|p1a: Cryogonal|0 fnt\n|-unboost|p2a: Beartic|def|1\n|-unboost|p2a: Beartic|spd|1\n|faint|p1a: Cryogonal\n|\n|upkeep\n|\n|t:|1781400686\n|switch|p1a: Sandy Shocks|Sandy Shocks, L80|267/267\n|turn|28\n|\n|t:|1781400692\n|switch|p2a: Necrozma|Necrozma-Dawn-Wings, L76|217/272 par\n|move|p1a: Sandy Shocks|Volt Switch|p2a: Necrozma\n|-damage|p2a: Necrozma|147/272 par\n|\n|t:|1781400694\n|-end|p1a: Sandy Shocks|Protosynthesis|[silent]\n|switch|p1a: Tatsugiri|Tatsugiri, L87, F|260/260|[from] Volt Switch\n|\n|-heal|p2a: Necrozma|164/272 par|[from] item: Leftovers\n|upkeep\n|turn|29\n|\n|t:|1781400708\n|move|p1a: Tatsugiri|Nasty Plot|p1a: Tatsugiri\n|-boost|p1a: Tatsugiri|spa|2\n|move|p2a: Necrozma|Photon Geyser|p1a: Tatsugiri\n|-damage|p1a: Tatsugiri|142/260\n|\n|-heal|p2a: Necrozma|181/272 par|[from] item: Leftovers\n|upkeep\n|turn|30\n|\n|t:|1781400718\n|move|p1a: Tatsugiri|Hydro Pump|p2a: Necrozma\n|-damage|p2a: Necrozma|0 fnt\n|faint|p2a: Necrozma\n|\n|upkeep\n|\n|t:|1781400723\n|switch|p2a: Tornadus|Tornadus, L82, M|263/263\n|turn|31\n|\n|t:|1781400729\n|-terastallize|p1a: Tatsugiri|Steel\n|move|p2a: Tornadus|Bleakwind Storm|p1a: Tatsugiri\n|-resisted|p1a: Tatsugiri\n|-damage|p1a: Tatsugiri|58/260\n|move|p1a: Tatsugiri|Rapid Spin|p2a: Tornadus\n|-damage|p2a: Tornadus|234/263\n|-boost|p1a: Tatsugiri|spe|1\n|-sideend|p1: ebizi|Stealth Rock|[from] move: Rapid Spin|[of] p1a: Tatsugiri\n|\n|upkeep\n|turn|32\n|\n|t:|1781400745\n|move|p1a: Tatsugiri|Hydro Pump|p2a: Tornadus\n|-damage|p2a: Tornadus|0 fnt\n|faint|p2a: Tornadus\n|\n|upkeep\n|\n|t:|1781400756\n|switch|p2a: Eternatus|Eternatus, L69|308/308\n|-ability|p2a: Eternatus|Pressure\n|turn|33\n|\n|t:|1781400767\n|switch|p2a: Beartic|Beartic, L91, F|103/321\n|move|p1a: Tatsugiri|Draco Meteor|p2a: Beartic\n|-damage|p2a: Beartic|0 fnt\n|-unboost|p1a: Tatsugiri|spa|2\n|faint|p2a: Beartic\n|\n|upkeep\n|inactive|Monsterofgermany has 120 seconds left.\n|\n|t:|1781400787\n|switch|p2a: Politoed|Politoed, L88, M|302/302\n|-weather|RainDance|[from] ability: Drizzle|[of] p2a: Politoed\n|turn|34\n|inactive|Monsterofgermany has 120 seconds left.\n|\n|t:|1781400797\n|move|p1a: Tatsugiri|Draco Meteor|p2a: Politoed|[miss]\n|-miss|p1a: Tatsugiri|p2a: Politoed\n|move|p2a: Politoed|Focus Blast|p1a: Tatsugiri|[miss]\n|-miss|p2a: Politoed|p1a: Tatsugiri\n|\n|-weather|RainDance|[upkeep]\n|upkeep\n|turn|35\n|inactive|Monsterofgermany has 120 seconds left.\n|\n|t:|1781400806\n|move|p1a: Tatsugiri|Draco Meteor|p2a: Politoed\n|-damage|p2a: Politoed|160/302\n|-unboost|p1a: Tatsugiri|spa|2\n|move|p2a: Politoed|Focus Blast|p1a: Tatsugiri\n|-supereffective|p1a: Tatsugiri\n|-damage|p1a: Tatsugiri|0 fnt\n|faint|p1a: Tatsugiri\n|\n|-weather|RainDance|[upkeep]\n|upkeep\n|\n|t:|1781400808\n|switch|p1a: Sandy Shocks|Sandy Shocks, L80|267/267\n|turn|36\n|\n|t:|1781400823\n|move|p1a: Sandy Shocks|Thunderbolt|p2a: Politoed\n|-supereffective|p2a: Politoed\n|-damage|p2a: Politoed|0 fnt\n|faint|p2a: Politoed\n|\n|-weather|RainDance|[upkeep]\n|upkeep\n|\n|t:|1781400825\n|switch|p2a: Eternatus|Eternatus, L69|308/308\n|-ability|p2a: Eternatus|Pressure\n|turn|37\n|\n|t:|1781400841\n|-terastallize|p2a: Eternatus|Dragon\n|move|p2a: Eternatus|Dynamax Cannon|p1a: Sandy Shocks\n|-damage|p1a: Sandy Shocks|119/267\n|move|p1a: Sandy Shocks|Earth Power|p2a: Eternatus\n|-damage|p2a: Eternatus|184/308\n|\n|-weather|RainDance|[upkeep]\n|upkeep\n|turn|38\n|\n|t:|1781400849\n|move|p2a: Eternatus|Dynamax Cannon|p1a: Sandy Shocks\n|-damage|p1a: Sandy Shocks|0 fnt\n|faint|p1a: Sandy Shocks\n|-end|p1a: Sandy Shocks|Protosynthesis|[silent]\n|\n|win|Monsterofgermany\n|raw|ebizi's rating: 1862 &rarr; <strong>1844</strong><br />(-18 for losing)\n|raw|Monsterofgermany's rating: 1897 &rarr; <strong>1915</strong><br />(+18 for winning)\n|l|\u2606ebizi\n|player|p1|\n|j|\u2606ebizi\n|player|p1|ebizi|rika|\n", "uploadtime": 1781400854, "views": 4, "formatid": "gen9randombattle", "rating": 1844, "private": 0, "password": null}