{"id": "gen9randombattle-2631884172", "format": "[Gen 9] Random Battle", "players": ["metaltunder", "SyxthSence"], "log": "|j|\u2606metaltunder\n|j|\u2606SyxthSence\n|t:|1781451833\n|gametype|singles\n|player|p1|metaltunder|palmer|2100\n|player|p2|SyxthSence|170|2174\n|gen|9\n|tier|[Gen 9] Random Battle\n|rated|\n|rule|Species Clause: Limit one of each Pok\u00e9mon\n|rule|HP Percentage Mod: HP is shown in percentages\n|rule|Sleep Clause Mod: Limit one foe put to sleep\n|rule|Illusion Level Mod: Illusion disguises the Pok\u00e9mon's true level\n|\n|t:|1781451833\n|teamsize|p1|6\n|teamsize|p2|6\n|start\n|switch|p1a: Heracross|Heracross, L80, M|259/259\n|switch|p2a: Heatran|Heatran, L79, F|273/273\n|-item|p2a: Heatran|Air Balloon\n|turn|1\n|inactive|Battle timer is ON: inactive players will automatically lose when time's up. (requested by SyxthSence)\n|inactive|metaltunder has 120 seconds left.\n|\n|t:|1781451878\n|move|p1a: Heracross|Close Combat|p2a: Heatran\n|-supereffective|p2a: Heatran\n|-damage|p2a: Heatran|0 fnt\n|-unboost|p1a: Heracross|def|1\n|-unboost|p1a: Heracross|spd|1\n|-enditem|p2a: Heatran|Air Balloon\n|faint|p2a: Heatran\n|-ability|p1a: Heracross|Moxie|boost\n|-boost|p1a: Heracross|atk|1\n|\n|upkeep\n|\n|t:|1781451893\n|switch|p2a: Regieleki|Regieleki, L79|256/256\n|turn|2\n|\n|t:|1781451915\n|switch|p1a: Dachsbun|Dachsbun, L92, M|254/254\n|move|p2a: Regieleki|Volt Switch|p1a: Dachsbun\n|-damage|p1a: Dachsbun|148/254\n|\n|t:|1781451922\n|switch|p2a: Ambipom|Ambipom, L84, F|263/263|[from] Volt Switch\n|\n|-heal|p1a: Dachsbun|163/254|[from] item: Leftovers\n|upkeep\n|turn|3\n|\n|t:|1781451930\n|-terastallize|p2a: Ambipom|Normal\n|move|p2a: Ambipom|Fake Out|p1a: Dachsbun\n|-crit|p1a: Dachsbun\n|-damage|p1a: Dachsbun|51/254\n|cant|p1a: Dachsbun|flinch\n|\n|-heal|p1a: Dachsbun|66/254|[from] item: Leftovers\n|upkeep\n|turn|4\n|\n|t:|1781451935\n|switch|p1a: Corviknight|Corviknight, L80, F|288/288\n|move|p2a: Ambipom|Double-Edge|p1a: Corviknight\n|-resisted|p1a: Corviknight\n|-damage|p1a: Corviknight|192/288\n|-damage|p2a: Ambipom|231/263|[from] Recoil\n|\n|-heal|p1a: Corviknight|210/288|[from] item: Leftovers\n|upkeep\n|turn|5\n|\n|t:|1781451953\n|move|p2a: Ambipom|U-turn|p1a: Corviknight\n|-resisted|p1a: Corviknight\n|-damage|p1a: Corviknight|198/288\n|\n|t:|1781451955\n|switch|p2a: Regieleki|Regieleki, L79|256/256|[from] U-turn\n|move|p1a: Corviknight|U-turn|p2a: Regieleki\n|-damage|p2a: Regieleki|186/256\n|inactive|metaltunder has 120 seconds left.\n|\n|t:|1781451991\n|switch|p1a: Munkidori|Munkidori, L79, M|269/269|[from] U-turn\n|\n|upkeep\n|turn|6\n|\n|t:|1781451997\n|move|p2a: Regieleki|Volt Switch|p1a: Munkidori\n|-damage|p1a: Munkidori|152/269\n|\n|t:|1781452009\n|switch|p2a: Crawdaunt|Crawdaunt, L84, F|243/243|[from] Volt Switch\n|move|p1a: Munkidori|Sludge Wave|p2a: Crawdaunt\n|-damage|p2a: Crawdaunt|23/243\n|\n|upkeep\n|turn|7\n|inactive|metaltunder has 120 seconds left.\n|\n|t:|1781452046\n|move|p2a: Crawdaunt|Aqua Jet|p1a: Munkidori\n|-damage|p1a: Munkidori|28/269\n|move|p1a: Munkidori|Sludge Wave|p2a: Crawdaunt\n|-damage|p2a: Crawdaunt|0 fnt\n|faint|p2a: Crawdaunt\n|\n|upkeep\n|\n|t:|1781452052\n|switch|p2a: Regieleki|Regieleki, L79|186/256\n|turn|8\n|\n|t:|1781452055\n|move|p2a: Regieleki|Thunderbolt|p1a: Munkidori\n|-damage|p1a: Munkidori|0 fnt\n|faint|p1a: Munkidori\n|\n|upkeep\n|\n|t:|1781452058\n|switch|p1a: Tropius|Tropius, L91, F|328/328\n|turn|9\n|\n|t:|1781452062\n|move|p2a: Regieleki|Volt Switch|p1a: Tropius\n|-damage|p1a: Tropius|232/328\n|\n|t:|1781452065\n|switch|p2a: Emboar|Emboar, L84, F|322/322|[from] Volt Switch\n|move|p1a: Tropius|Dragon Dance|p1a: Tropius\n|-boost|p1a: Tropius|atk|1\n|-boost|p1a: Tropius|spe|1\n|\n|upkeep\n|turn|10\n|\n|t:|1781452074\n|-terastallize|p1a: Tropius|Ground\n|move|p1a: Tropius|Dragon Dance|p1a: Tropius\n|-boost|p1a: Tropius|atk|1\n|-boost|p1a: Tropius|spe|1\n|move|p2a: Emboar|Knock Off|p1a: Tropius\n|-damage|p1a: Tropius|157/328\n|-enditem|p1a: Tropius|Sitrus Berry|[from] move: Knock Off|[of] p2a: Emboar\n|\n|upkeep\n|turn|11\n|\n|t:|1781452078\n|move|p1a: Tropius|Earthquake|p2a: Emboar\n|-supereffective|p2a: Emboar\n|-damage|p2a: Emboar|0 fnt\n|faint|p2a: Emboar\n|\n|upkeep\n|\n|t:|1781452080\n|switch|p2a: Ambipom|Ambipom, L84, F, tera:Normal|231/263\n|turn|12\n|\n|t:|1781452082\n|move|p2a: Ambipom|Fake Out|p1a: Tropius\n|-damage|p1a: Tropius|53/328\n|cant|p1a: Tropius|flinch\n|\n|upkeep\n|turn|13\n|\n|t:|1781452092\n|move|p1a: Tropius|Earthquake|p2a: Ambipom\n|-damage|p2a: Ambipom|0 fnt\n|faint|p2a: Ambipom\n|\n|upkeep\n|\n|t:|1781452094\n|switch|p2a: Regieleki|Regieleki, L79|186/256\n|turn|14\n|\n|t:|1781452102\n|move|p2a: Regieleki|Tera Blast|p1a: Tropius\n|-damage|p1a: Tropius|6/328\n|move|p1a: Tropius|Earthquake|p2a: Regieleki\n|-supereffective|p2a: Regieleki\n|-damage|p2a: Regieleki|0 fnt\n|faint|p2a: Regieleki\n|\n|upkeep\n|-message|SyxthSence forfeited.\n|\n|win|metaltunder\n", "uploadtime": 1781451835, "views": 5, "formatid": "gen9randombattle", "rating": null, "private": 0, "password": null}