{"id": "gen9randombattle-2631488951", "format": "[Gen 9] Random Battle", "players": ["prystena", "Oguddee05"], "log": "|j|\u2606prystena\n|j|\u2606Oguddee05\n|t:|1781391470\n|gametype|singles\n|player|p1|prystena|102|1122\n|player|p2|Oguddee05|169|1080\n|gen|9\n|tier|[Gen 9] Random Battle\n|rated|\n|rule|Species Clause: Limit one of each Pok\u00e9mon\n|rule|HP Percentage Mod: HP is shown in percentages\n|rule|Sleep Clause Mod: Limit one foe put to sleep\n|rule|Illusion Level Mod: Illusion disguises the Pok\u00e9mon's true level\n|\n|t:|1781391470\n|teamsize|p1|6\n|teamsize|p2|6\n|start\n|switch|p1a: Moltres|Moltres, L81|278/278\n|switch|p2a: Phione|Phione, L91|293/293\n|turn|1\n|\n|t:|1781391500\n|switch|p1a: Dipplin|Dipplin, L88, F|284/284\n|move|p2a: Phione|Take Heart|p2a: Phione\n|-boost|p2a: Phione|spa|1\n|-boost|p2a: Phione|spd|1\n|\n|upkeep\n|turn|2\n|inactive|Battle timer is ON: inactive players will automatically lose when time's up. (requested by prystena)\n|inactive|Oguddee05 has 120 seconds left.\n|\n|t:|1781391558\n|switch|p2a: Vivillon|Vivillon-Savanna, L83, F|268/268\n|move|p1a: Dipplin|Giga Drain|p2a: Vivillon\n|-resisted|p2a: Vivillon\n|-damage|p2a: Vivillon|239/268\n|\n|upkeep\n|turn|3\n|\n|t:|1781391574\n|switch|p1a: Moltres|Moltres, L81|278/278\n|move|p2a: Vivillon|Quiver Dance|p2a: Vivillon\n|-boost|p2a: Vivillon|spa|1\n|-boost|p2a: Vivillon|spd|1\n|-boost|p2a: Vivillon|spe|1\n|\n|upkeep\n|turn|4\n|inactive|Oguddee05 has 120 seconds left.\n|\n|t:|1781391609\n|-terastallize|p2a: Vivillon|Ground\n|move|p2a: Vivillon|Sleep Powder|p1a: Moltres\n|-status|p1a: Moltres|slp|[from] move: Sleep Powder\n|cant|p1a: Moltres|slp\n|\n|upkeep\n|turn|5\n|\n|t:|1781391616\n|move|p2a: Vivillon|Quiver Dance|p2a: Vivillon\n|-boost|p2a: Vivillon|spa|1\n|-boost|p2a: Vivillon|spd|1\n|-boost|p2a: Vivillon|spe|1\n|-curestatus|p1a: Moltres|slp|[msg]\n|move|p1a: Moltres|Brave Bird|p2a: Vivillon\n|-damage|p2a: Vivillon|41/268\n|-damage|p1a: Moltres|213/278|[from] Recoil\n|\n|upkeep\n|turn|6\n|\n|t:|1781391623\n|move|p2a: Vivillon|Sleep Powder|p1a: Moltres\n|-status|p1a: Moltres|slp|[from] move: Sleep Powder\n|cant|p1a: Moltres|slp\n|\n|upkeep\n|turn|7\n|\n|t:|1781391629\n|move|p2a: Vivillon|Quiver Dance|p2a: Vivillon\n|-boost|p2a: Vivillon|spa|1\n|-boost|p2a: Vivillon|spd|1\n|-boost|p2a: Vivillon|spe|1\n|cant|p1a: Moltres|slp\n|\n|upkeep\n|turn|8\n|\n|t:|1781391637\n|move|p2a: Vivillon|Hurricane|p1a: Moltres\n|-damage|p1a: Moltres|0 fnt\n|faint|p1a: Moltres\n|\n|upkeep\n|\n|t:|1781391643\n|switch|p1a: Bisharp|Bisharp, L79, M|232/232\n|turn|9\n|\n|t:|1781391652\n|move|p1a: Bisharp|Sucker Punch||[still]\n|-fail|p1a: Bisharp\n|move|p2a: Vivillon|Sleep Powder|p1a: Bisharp\n|-status|p1a: Bisharp|slp|[from] move: Sleep Powder\n|\n|upkeep\n|turn|10\n|n|!prystena|prystena\n|-message|prystena forfeited.\n|\n|win|Oguddee05\n", "uploadtime": 1781391666, "views": 2, "formatid": "gen9randombattle", "rating": null, "private": 0, "password": null}