{"id": "gen9randombattle-2631740915", "format": "[Gen 9] Random Battle", "players": ["Ggj he even f r", "thunder bossie"], "log": "|j|\u2606Ggj he even f r\n|j|\u2606thunder bossie\n|t:|1781431958\n|gametype|singles\n|player|p1|Ggj he even f r|2|1000\n|player|p2|thunder bossie|266|1014\n|gen|9\n|tier|[Gen 9] Random Battle\n|rated|\n|rule|Species Clause: Limit one of each Pok\u00e9mon\n|rule|HP Percentage Mod: HP is shown in percentages\n|rule|Sleep Clause Mod: Limit one foe put to sleep\n|rule|Illusion Level Mod: Illusion disguises the Pok\u00e9mon's true level\n|\n|t:|1781431958\n|teamsize|p1|6\n|teamsize|p2|6\n|start\n|switch|p1a: Veluza|Veluza, L85, M|292/292\n|switch|p2a: Falinks|Falinks, L84|246/246\n|turn|1\n|\n|t:|1781431979\n|switch|p2a: Electivire|Electivire, L84, M|263/263\n|move|p1a: Veluza|Flip Turn|p2a: Electivire\n|-damage|p2a: Electivire|178/263\n|\n|t:|1781431988\n|switch|p1a: Mightyena|Mightyena, L96, M|290/290|[from] Flip Turn\n|-ability|p1a: Mightyena|Intimidate|boost\n|-unboost|p2a: Electivire|atk|1\n|\n|upkeep\n|turn|2\n|inactive|Battle timer is ON: inactive players will automatically lose when time's up. (requested by thunder bossie)\n|\n|t:|1781431996\n|switch|p2a: Cetitan|Cetitan, L82, M|412/412\n|move|p1a: Mightyena|Crunch|p2a: Cetitan\n|-damage|p2a: Cetitan|291/412\n|\n|upkeep\n|turn|3\n|\n|t:|1781432005\n|move|p1a: Mightyena|Super Fang|p2a: Cetitan\n|-damage|p2a: Cetitan|146/412\n|-enditem|p2a: Cetitan|Sitrus Berry|[eat]\n|-heal|p2a: Cetitan|249/412|[from] item: Sitrus Berry\n|move|p2a: Cetitan|Earthquake|p1a: Mightyena\n|-damage|p1a: Mightyena|211/290\n|\n|upkeep\n|turn|4\n|\n|t:|1781432014\n|switch|p2a: Flutter Mane|Flutter Mane, L74|203/203\n|move|p1a: Mightyena|Super Fang|p2a: Flutter Mane\n|-immune|p2a: Flutter Mane\n|\n|upkeep\n|turn|5\n|\n|t:|1781432024\n|switch|p1a: Chandelure|Chandelure, L83, F|235/235\n|move|p2a: Flutter Mane|Moonblast|p1a: Chandelure\n|-resisted|p1a: Chandelure\n|-damage|p1a: Chandelure|157/235\n|\n|upkeep\n|turn|6\n|\n|t:|1781432032\n|-end|p2a: Flutter Mane|Protosynthesis|[silent]\n|switch|p2a: Tropius|Tropius, L91, F|328/328\n|move|p1a: Chandelure|Shadow Ball|p2a: Tropius\n|-damage|p2a: Tropius|217/328\n|\n|upkeep\n|turn|7\n|\n|t:|1781432045\n|switch|p1a: Chien-Pao|Chien-Pao, L72|234/234\n|-ability|p1a: Chien-Pao|Sword of Ruin\n|switch|p2a: Luvdisc|Luvdisc, F|247/247\n|\n|upkeep\n|turn|8\n|\n|t:|1781432056\n|move|p2a: Luvdisc|Surf|p1a: Chien-Pao\n|-damage|p1a: Chien-Pao|120/234\n|move|p1a: Chien-Pao|Throat Chop|p2a: Luvdisc\n|-damage|p2a: Luvdisc|75/247\n|-start|p2a: Luvdisc|Throat Chop|[silent]\n|\n|upkeep\n|turn|9\n|\n|t:|1781432063\n|switch|p1a: Chandelure|Chandelure, L83, F|157/235\n|move|p2a: Luvdisc|Surf|p1a: Chandelure\n|-supereffective|p1a: Chandelure\n|-damage|p1a: Chandelure|1/235\n|\n|-end|p2a: Luvdisc|Throat Chop|[silent]\n|upkeep\n|turn|10\n|\n|t:|1781432072\n|move|p1a: Chandelure|Shadow Ball|p2a: Luvdisc\n|-damage|p2a: Luvdisc|0 fnt\n|faint|p2a: Luvdisc\n|\n|upkeep\n|\n|t:|1781432078\n|switch|p2a: Flutter Mane|Flutter Mane, L74|203/203\n|turn|11\n|\n|t:|1781432086\n|move|p1a: Chandelure|Shadow Ball|p2a: Flutter Mane\n|-supereffective|p2a: Flutter Mane\n|-damage|p2a: Flutter Mane|17/203\n|move|p2a: Flutter Mane|Shadow Ball|p1a: Chandelure\n|-supereffective|p1a: Chandelure\n|-damage|p1a: Chandelure|0 fnt\n|faint|p1a: Chandelure\n|\n|upkeep\n|\n|t:|1781432099\n|switch|p1a: Veluza|Veluza, L85, M|292/292\n|turn|12\n|\n|t:|1781432104\n|move|p1a: Veluza|Flip Turn|p2a: Flutter Mane\n|-damage|p2a: Flutter Mane|0 fnt\n|faint|p2a: Flutter Mane\n|-end|p2a: Flutter Mane|Protosynthesis|[silent]\n|\n|t:|1781432113\n|switch|p1a: Chien-Pao|Chien-Pao, L72|120/234|[from] Flip Turn\n|-ability|p1a: Chien-Pao|Sword of Ruin\n|\n|upkeep\n|\n|t:|1781432119\n|switch|p2a: Falinks|Falinks, L84|246/246\n|turn|13\n|\n|t:|1781432125\n|switch|p1a: Talonflame|Talonflame, L83, F|265/265\n|move|p2a: Falinks|Close Combat|p1a: Talonflame\n|-resisted|p1a: Talonflame\n|-damage|p1a: Talonflame|161/265\n|-unboost|p2a: Falinks|def|1\n|-unboost|p2a: Falinks|spd|1\n|-status|p2a: Falinks|brn|[from] ability: Flame Body|[of] p1a: Talonflame\n|-damage|p2a: Falinks|222/246 brn|[from] item: Life Orb\n|\n|-damage|p2a: Falinks|207/246 brn|[from] brn\n|upkeep\n|turn|14\n|\n|t:|1781432145\n|switch|p2a: Electivire|Electivire, L84, M|178/263\n|move|p1a: Talonflame|Roost|p1a: Talonflame\n|-heal|p1a: Talonflame|265/265\n|-singleturn|p1a: Talonflame|move: Roost\n|\n|upkeep\n|turn|15\n|\n|t:|1781432154\n|switch|p1a: Mightyena|Mightyena, L96, M|211/290\n|-ability|p1a: Mightyena|Intimidate|boost\n|-unboost|p2a: Electivire|atk|1\n|move|p2a: Electivire|Supercell Slam|p1a: Mightyena\n|-damage|p1a: Mightyena|90/290\n|-damage|p2a: Electivire|152/263|[from] item: Life Orb\n|\n|upkeep\n|turn|16\n|\n|t:|1781432165\n|move|p1a: Mightyena|Sucker Punch|p2a: Electivire\n|-damage|p2a: Electivire|50/263\n|move|p2a: Electivire|Flamethrower|p1a: Mightyena\n|-damage|p1a: Mightyena|32/290\n|-damage|p2a: Electivire|24/263|[from] item: Life Orb\n|\n|upkeep\n|turn|17\n|\n|t:|1781432173\n|move|p1a: Mightyena|Sucker Punch|p2a: Electivire\n|-damage|p2a: Electivire|0 fnt\n|faint|p2a: Electivire\n|\n|upkeep\n|\n|t:|1781432178\n|switch|p2a: Tropius|Tropius, L91, F|217/328\n|turn|18\n|\n|t:|1781432186\n|move|p1a: Mightyena|Poison Fang|p2a: Tropius\n|-supereffective|p2a: Tropius\n|-damage|p2a: Tropius|127/328\n|-enditem|p2a: Tropius|Sitrus Berry|[eat]\n|-heal|p2a: Tropius|209/328|[from] item: Sitrus Berry\n|move|p2a: Tropius|Earthquake|p1a: Mightyena\n|-damage|p1a: Mightyena|0 fnt\n|faint|p1a: Mightyena\n|\n|-item|p2a: Tropius|Sitrus Berry|[from] ability: Harvest\n|upkeep\n|\n|t:|1781432196\n|switch|p1a: Glimmora|Glimmora, L75, F|248/248\n|turn|19\n|\n|t:|1781432209\n|switch|p2a: Falinks|Falinks, L84|207/246 brn\n|move|p1a: Glimmora|Sludge Wave|p2a: Falinks\n|-damage|p2a: Falinks|74/246 brn\n|\n|-damage|p2a: Falinks|59/246 brn|[from] brn\n|upkeep\n|turn|20\n|\n|t:|1781432219\n|move|p2a: Falinks|Iron Head|p1a: Glimmora\n|-supereffective|p1a: Glimmora\n|-damage|p1a: Glimmora|158/248\n|-activate|p1a: Glimmora|ability: Toxic Debris\n|-sidestart|p2: thunder bossie|move: Toxic Spikes\n|-damage|p2a: Falinks|35/246 brn|[from] item: Life Orb\n|move|p1a: Glimmora|Sludge Wave|p2a: Falinks\n|-damage|p2a: Falinks|0 fnt\n|faint|p2a: Falinks\n|\n|upkeep\n|\n|t:|1781432229\n|switch|p2a: Cetitan|Cetitan, L82, M|249/412\n|-status|p2a: Cetitan|psn\n|turn|21\n|\n|t:|1781432237\n|move|p1a: Glimmora|Meteor Beam||[still]\n|-prepare|p1a: Glimmora|Meteor Beam\n|-boost|p1a: Glimmora|spa|1\n|-enditem|p1a: Glimmora|Power Herb\n|-anim|p1a: Glimmora|Meteor Beam|p2a: Cetitan\n|-supereffective|p2a: Cetitan\n|-damage|p2a: Cetitan|0 fnt\n|faint|p2a: Cetitan\n|\n|upkeep\n|\n|t:|1781432245\n|switch|p2a: Tropius|Tropius, L91, F|209/328\n|turn|22\n|\n|t:|1781432252\n|move|p1a: Glimmora|Sludge Wave|p2a: Tropius\n|-supereffective|p2a: Tropius\n|-damage|p2a: Tropius|0 fnt\n|faint|p2a: Tropius\n|\n|win|Ggj he even f r\n|raw|Ggj he even f r's rating: 1000 &rarr; <strong>1042</strong><br />(+42 for winning)\n|raw|thunder bossie's rating: 1014 &rarr; <strong>1001</strong><br />(-13 for losing)\n|l|\u2606thunder bossie\n|player|p2|\n", "uploadtime": 1781432258, "views": 2, "formatid": "gen9randombattle", "rating": 1001, "private": 0, "password": null}