{"id": "gen9randombattle-2631372708", "format": "[Gen 9] Random Battle", "players": ["bulrug", "crustlemuscle"], "log": "|j|\u203dbulrug\n|j|\u2606crustlemuscle\n|t:|1781376933\n|gametype|singles\n|player|p1|bulrug|burglar|2026\n|player|p2|crustlemuscle|102|1958\n|gen|9\n|tier|[Gen 9] Random Battle\n|rated|\n|rule|Species Clause: Limit one of each Pok\u00e9mon\n|rule|HP Percentage Mod: HP is shown in percentages\n|rule|Sleep Clause Mod: Limit one foe put to sleep\n|rule|Illusion Level Mod: Illusion disguises the Pok\u00e9mon's true level\n|\n|t:|1781376933\n|teamsize|p1|6\n|teamsize|p2|6\n|start\n|switch|p1a: Meganium|Meganium, L90, F|290/290\n|switch|p2a: Gumshoos|Gumshoos, L95, M|321/321\n|turn|1\n|\n|t:|1781376956\n|move|p1a: Meganium|Knock Off|p2a: Gumshoos\n|-damage|p2a: Gumshoos|234/321\n|-enditem|p2a: Gumshoos|Choice Band|[from] move: Knock Off|[of] p1a: Meganium\n|move|p2a: Gumshoos|U-turn|p1a: Meganium\n|-supereffective|p1a: Meganium\n|-damage|p1a: Meganium|168/290\n|\n|t:|1781376968\n|switch|p2a: Vespiquen|Vespiquen, L99, F|299/299|[from] U-turn\n|-ability|p2a: Vespiquen|Pressure\n|\n|-heal|p1a: Meganium|186/290|[from] item: Leftovers\n|upkeep\n|turn|2\n|\n|t:|1781376974\n|switch|p1a: Qwilfish|Qwilfish-Hisui, L83, F|244/244\n|-ability|p1a: Qwilfish|Intimidate|boost\n|-unboost|p2a: Vespiquen|atk|1\n|move|p2a: Vespiquen|Toxic Spikes|p1a: Qwilfish\n|-sidestart|p1: bulrug|move: Toxic Spikes\n|\n|upkeep\n|turn|3\n|\n|t:|1781376980\n|move|p1a: Qwilfish|Toxic Spikes|p2a: Vespiquen\n|-sidestart|p2: crustlemuscle|move: Toxic Spikes\n|move|p2a: Vespiquen|Air Slash|p1a: Qwilfish\n|-damage|p1a: Qwilfish|147/244\n|\n|upkeep\n|turn|4\n|\n|t:|1781376986\n|move|p1a: Qwilfish|Toxic Spikes|p2a: Vespiquen\n|-sidestart|p2: crustlemuscle|move: Toxic Spikes\n|move|p2a: Vespiquen|Air Slash|p1a: Qwilfish\n|-damage|p1a: Qwilfish|56/244\n|\n|upkeep\n|turn|5\n|\n|t:|1781376991\n|move|p1a: Qwilfish|Gunk Shot|p2a: Vespiquen\n|-damage|p2a: Vespiquen|214/299\n|move|p2a: Vespiquen|Air Slash|p1a: Qwilfish\n|-damage|p1a: Qwilfish|0 fnt\n|faint|p1a: Qwilfish\n|\n|upkeep\n|\n|t:|1781376994\n|switch|p1a: Diancie|Diancie, L82|216/216\n|-status|p1a: Diancie|psn\n|turn|6\n|\n|t:|1781377000\n|move|p2a: Vespiquen|U-turn|p1a: Diancie\n|-resisted|p1a: Diancie\n|-damage|p1a: Diancie|196/216 psn\n|\n|t:|1781377004\n|switch|p2a: Metagross|Metagross, L79|256/256|[from] U-turn\n|move|p1a: Diancie|Diamond Storm|p2a: Metagross\n|-resisted|p2a: Metagross\n|-damage|p2a: Metagross|214/256\n|-boost|p1a: Diancie|def|2\n|\n|-heal|p1a: Diancie|209/216 psn|[from] item: Leftovers\n|-damage|p1a: Diancie|182/216 psn|[from] psn\n|upkeep\n|turn|7\n|\n|t:|1781377018\n|-terastallize|p1a: Diancie|Fighting\n|move|p2a: Metagross|Heavy Slam|p1a: Diancie\n|-damage|p1a: Diancie|101/216 psn\n|move|p1a: Diancie|Body Press|p2a: Metagross\n|-damage|p2a: Metagross|49/256\n|\n|-heal|p1a: Diancie|114/216 psn|[from] item: Leftovers\n|-damage|p1a: Diancie|87/216 psn|[from] psn\n|upkeep\n|turn|8\n|\n|t:|1781377029\n|switch|p2a: Vespiquen|Vespiquen, L99, F|214/299\n|-ability|p2a: Vespiquen|Pressure\n|move|p1a: Diancie|Body Press|p2a: Vespiquen\n|-resisted|p2a: Vespiquen\n|-damage|p2a: Vespiquen|173/299\n|\n|-heal|p1a: Diancie|100/216 psn|[from] item: Leftovers\n|-damage|p1a: Diancie|73/216 psn|[from] psn\n|upkeep\n|turn|9\n|\n|t:|1781377055\n|move|p2a: Vespiquen|Air Slash|p1a: Diancie\n|-supereffective|p1a: Diancie\n|-damage|p1a: Diancie|0 fnt\n|faint|p1a: Diancie\n|\n|upkeep\n|\n|t:|1781377057\n|switch|p1a: Rhydon|Rhydon, L85, F|317/317\n|-status|p1a: Rhydon|psn\n|turn|10\n|\n|t:|1781377063\n|move|p2a: Vespiquen|U-turn|p1a: Rhydon\n|-crit|p1a: Rhydon\n|-damage|p1a: Rhydon|244/317 psn\n|\n|t:|1781377068\n|switch|p2a: Gumshoos|Gumshoos, L95, M|234/321|[from] U-turn\n|-status|p2a: Gumshoos|tox\n|move|p1a: Rhydon|Stone Edge|p2a: Gumshoos\n|-damage|p2a: Gumshoos|72/321 tox\n|\n|-damage|p2a: Gumshoos|52/321 tox|[from] psn\n|-damage|p1a: Rhydon|205/317 psn|[from] psn\n|upkeep\n|turn|11\n|\n|t:|1781377077\n|switch|p1a: Noivern|Noivern, L82, M|274/274\n|move|p2a: Gumshoos|Knock Off|p1a: Noivern\n|-damage|p1a: Noivern|76/274\n|-enditem|p1a: Noivern|Choice Specs|[from] move: Knock Off|[of] p2a: Gumshoos\n|\n|-damage|p2a: Gumshoos|12/321 tox|[from] psn\n|upkeep\n|turn|12\n|\n|t:|1781377085\n|move|p1a: Noivern|Boomburst|p2a: Gumshoos\n|-damage|p2a: Gumshoos|0 fnt\n|faint|p2a: Gumshoos\n|\n|upkeep\n|\n|t:|1781377089\n|switch|p2a: Metagross|Metagross, L79|49/256\n|turn|13\n|\n|t:|1781377092\n|move|p2a: Metagross|Bullet Punch|p1a: Noivern\n|-damage|p1a: Noivern|0 fnt\n|faint|p1a: Noivern\n|\n|upkeep\n|\n|t:|1781377095\n|switch|p1a: Meganium|Meganium, L90, F|186/290\n|-status|p1a: Meganium|psn\n|turn|14\n|\n|t:|1781377100\n|switch|p2a: Vespiquen|Vespiquen, L99, F|173/299\n|-ability|p2a: Vespiquen|Pressure\n|move|p1a: Meganium|Swords Dance|p1a: Meganium\n|-boost|p1a: Meganium|atk|2\n|\n|-heal|p1a: Meganium|204/290 psn|[from] item: Leftovers\n|-damage|p1a: Meganium|168/290 psn|[from] psn\n|upkeep\n|turn|15\n|-message|bulrug forfeited.\n|\n|win|crustlemuscle\n", "uploadtime": 1781376936, "views": 6, "formatid": "gen9randombattle", "rating": null, "private": 0, "password": null}