{"id": "gen9randombattle-2631854806", "format": "[Gen 9] Random Battle", "players": ["MGSsense", "luc050805"], "log": "|j|\u2606MGSsense\n|j|\u2606luc050805\n|t:|1781448516\n|gametype|singles\n|player|p1|MGSsense|riley|2065\n|player|p2|luc050805|veteranf|2071\n|gen|9\n|tier|[Gen 9] Random Battle\n|rated|\n|rule|Species Clause: Limit one of each Pok\u00e9mon\n|rule|HP Percentage Mod: HP is shown in percentages\n|rule|Sleep Clause Mod: Limit one foe put to sleep\n|rule|Illusion Level Mod: Illusion disguises the Pok\u00e9mon's true level\n|\n|t:|1781448516\n|teamsize|p1|6\n|teamsize|p2|6\n|start\n|switch|p1a: Mandibuzz|Mandibuzz, L85, F|326/326\n|switch|p2a: Incineroar|Incineroar, L82, F|290/290\n|-ability|p2a: Incineroar|Intimidate|boost\n|-unboost|p1a: Mandibuzz|atk|1\n|turn|1\n|inactive|Battle timer is ON: inactive players will automatically lose when time's up. (requested by luc050805)\n|inactive|MGSsense also wants the timer to be on.\n|\n|t:|1781448540\n|move|p1a: Mandibuzz|Toxic|p2a: Incineroar|[miss]\n|-miss|p1a: Mandibuzz|p2a: Incineroar\n|move|p2a: Incineroar|Knock Off|p1a: Mandibuzz\n|-resisted|p1a: Mandibuzz\n|-damage|p1a: Mandibuzz|281/326\n|-enditem|p1a: Mandibuzz|Heavy-Duty Boots|[from] move: Knock Off|[of] p2a: Incineroar\n|\n|upkeep\n|turn|2\n|\n|t:|1781448547\n|switch|p2a: Clodsire|Clodsire, L81, M|343/343\n|move|p1a: Mandibuzz|Toxic|p2a: Clodsire\n|-immune|p2a: Clodsire\n|\n|upkeep\n|turn|3\n|\n|t:|1781448558\n|switch|p1a: Cinccino|Cinccino, L83, M|260/260\n|move|p2a: Clodsire|Gunk Shot|p1a: Cinccino\n|-damage|p1a: Cinccino|127/260\n|\n|upkeep\n|turn|4\n|\n|t:|1781448564\n|switch|p2a: Incineroar|Incineroar, L82, F|290/290\n|-ability|p2a: Incineroar|Intimidate|boost\n|-unboost|p1a: Cinccino|atk|1\n|move|p1a: Cinccino|Triple Axel|p2a: Incineroar\n|-resisted|p2a: Incineroar\n|-damage|p2a: Incineroar|283/290\n|-resisted|p2a: Incineroar\n|-damage|p2a: Incineroar|270/290\n|-resisted|p2a: Incineroar\n|-damage|p2a: Incineroar|250/290\n|-hitcount|p2a: Incineroar|3\n|\n|upkeep\n|turn|5\n|\n|t:|1781448570\n|move|p1a: Cinccino|U-turn|p2a: Incineroar\n|-damage|p2a: Incineroar|220/290\n|\n|t:|1781448573\n|switch|p1a: Mandibuzz|Mandibuzz, L85, F|281/326|[from] U-turn\n|move|p2a: Incineroar|Flare Blitz|p1a: Mandibuzz\n|-damage|p1a: Mandibuzz|163/326\n|-status|p1a: Mandibuzz|brn\n|-damage|p2a: Incineroar|181/290|[from] Recoil\n|\n|-damage|p1a: Mandibuzz|143/326 brn|[from] brn\n|upkeep\n|turn|6\n|\n|t:|1781448579\n|switch|p2a: Clodsire|Clodsire, L81, M|343/343\n|move|p1a: Mandibuzz|Roost|p1a: Mandibuzz\n|-heal|p1a: Mandibuzz|306/326 brn\n|-singleturn|p1a: Mandibuzz|move: Roost\n|\n|-damage|p1a: Mandibuzz|286/326 brn|[from] brn\n|upkeep\n|turn|7\n|\n|t:|1781448591\n|switch|p1a: Bombirdier|Bombirdier, L85, F|258/258\n|move|p2a: Clodsire|Toxic Spikes|p1a: Bombirdier\n|-sidestart|p1: MGSsense|move: Toxic Spikes\n|\n|upkeep\n|turn|8\n|\n|t:|1781448598\n|move|p1a: Bombirdier|Knock Off|p2a: Clodsire\n|-damage|p2a: Clodsire|201/343\n|-enditem|p2a: Clodsire|Leftovers|[from] move: Knock Off|[of] p1a: Bombirdier\n|move|p2a: Clodsire|Gunk Shot|p1a: Bombirdier\n|-damage|p1a: Bombirdier|153/258\n|\n|upkeep\n|turn|9\n|\n|t:|1781448606\n|move|p1a: Bombirdier|Roost|p1a: Bombirdier\n|-heal|p1a: Bombirdier|258/258\n|-singleturn|p1a: Bombirdier|move: Roost\n|move|p2a: Clodsire|Recover|p2a: Clodsire\n|-heal|p2a: Clodsire|343/343\n|\n|upkeep\n|turn|10\n|\n|t:|1781448613\n|move|p1a: Bombirdier|Brave Bird|p2a: Clodsire\n|-damage|p2a: Clodsire|159/343\n|-damage|p1a: Bombirdier|197/258|[from] Recoil\n|move|p2a: Clodsire|Gunk Shot|p1a: Bombirdier\n|-crit|p1a: Bombirdier\n|-damage|p1a: Bombirdier|59/258\n|\n|upkeep\n|turn|11\n|\n|t:|1781448620\n|switch|p2a: Incineroar|Incineroar, L82, F|181/290\n|-ability|p2a: Incineroar|Intimidate|boost\n|-unboost|p1a: Bombirdier|atk|1\n|move|p1a: Bombirdier|Roost|p1a: Bombirdier\n|-heal|p1a: Bombirdier|188/258\n|-singleturn|p1a: Bombirdier|move: Roost\n|\n|upkeep\n|turn|12\n|\n|t:|1781448624\n|move|p1a: Bombirdier|U-turn|p2a: Incineroar\n|-damage|p2a: Incineroar|147/290\n|\n|t:|1781448630\n|switch|p1a: Fezandipiti|Fezandipiti, L82, M|278/278|[from] U-turn\n|-sideend|p1: MGSsense|move: Toxic Spikes|[of] p1a: Fezandipiti\n|move|p2a: Incineroar|Trailblaze|p1a: Fezandipiti\n|-resisted|p1a: Fezandipiti\n|-damage|p1a: Fezandipiti|259/278\n|-boost|p2a: Incineroar|spe|1\n|\n|-heal|p1a: Fezandipiti|276/278|[from] item: Leftovers\n|upkeep\n|turn|13\n|\n|t:|1781448652\n|move|p2a: Incineroar|Flare Blitz|p1a: Fezandipiti\n|-damage|p1a: Fezandipiti|138/278\n|-damage|p2a: Incineroar|101/290|[from] Recoil\n|move|p1a: Fezandipiti|Gunk Shot|p2a: Incineroar\n|-damage|p2a: Incineroar|0 fnt\n|faint|p2a: Incineroar\n|\n|-heal|p1a: Fezandipiti|155/278|[from] item: Leftovers\n|upkeep\n|\n|t:|1781448663\n|switch|p2a: Clodsire|Clodsire, L81, M|159/343\n|turn|14\n|\n|t:|1781448669\n|switch|p1a: Bombirdier|Bombirdier, L85, F|188/258\n|move|p2a: Clodsire|Recover|p2a: Clodsire\n|-heal|p2a: Clodsire|331/343\n|\n|upkeep\n|turn|15\n|\n|t:|1781448676\n|move|p1a: Bombirdier|Brave Bird|p2a: Clodsire\n|-damage|p2a: Clodsire|142/343\n|-damage|p1a: Bombirdier|126/258|[from] Recoil\n|move|p2a: Clodsire|Gunk Shot|p1a: Bombirdier\n|-damage|p1a: Bombirdier|21/258\n|\n|upkeep\n|turn|16\n|\n|t:|1781448686\n|move|p1a: Bombirdier|Roost|p1a: Bombirdier\n|-heal|p1a: Bombirdier|150/258\n|-singleturn|p1a: Bombirdier|move: Roost\n|move|p2a: Clodsire|Gunk Shot|p1a: Bombirdier|[miss]\n|-miss|p2a: Clodsire|p1a: Bombirdier\n|\n|upkeep\n|turn|17\n|\n|t:|1781448693\n|switch|p2a: Bombirdier|Bombirdier, L85, F|258/258\n|move|p1a: Bombirdier|Brave Bird|p2a: Bombirdier\n|-damage|p2a: Bombirdier|108/258\n|-damage|p1a: Bombirdier|100/258|[from] Recoil\n|\n|upkeep\n|turn|18\n|\n|t:|1781448705\n|switch|p1a: Mandibuzz|Mandibuzz, L85, F|286/326 brn\n|move|p2a: Bombirdier|Stealth Rock|p1a: Mandibuzz\n|-sidestart|p1: MGSsense|move: Stealth Rock\n|\n|-damage|p1a: Mandibuzz|266/326 brn|[from] brn\n|upkeep\n|turn|19\n|\n|t:|1781448711\n|switch|p2a: Clodsire|Clodsire, L81, M|142/343\n|move|p1a: Mandibuzz|Defog|p2a: Clodsire\n|-unboost|p2a: Clodsire|evasion|1\n|-sideend|p1: MGSsense|Stealth Rock|[from] move: Defog|[of] p1a: Mandibuzz\n|\n|-damage|p1a: Mandibuzz|246/326 brn|[from] brn\n|upkeep\n|turn|20\n|\n|t:|1781448717\n|switch|p1a: Bombirdier|Bombirdier, L85, F|100/258\n|move|p2a: Clodsire|Recover|p2a: Clodsire\n|-heal|p2a: Clodsire|314/343\n|\n|upkeep\n|turn|21\n|\n|t:|1781448722\n|move|p1a: Bombirdier|Roost|p1a: Bombirdier\n|-heal|p1a: Bombirdier|229/258\n|-singleturn|p1a: Bombirdier|move: Roost\n|move|p2a: Clodsire|Gunk Shot|p1a: Bombirdier\n|-crit|p1a: Bombirdier\n|-damage|p1a: Bombirdier|70/258\n|\n|upkeep\n|turn|22\n|\n|t:|1781448728\n|move|p1a: Bombirdier|Roost|p1a: Bombirdier\n|-heal|p1a: Bombirdier|199/258\n|-singleturn|p1a: Bombirdier|move: Roost\n|move|p2a: Clodsire|Gunk Shot|p1a: Bombirdier\n|-damage|p1a: Bombirdier|93/258\n|-status|p1a: Bombirdier|psn\n|\n|-damage|p1a: Bombirdier|61/258 psn|[from] psn\n|upkeep\n|turn|23\n|\n|t:|1781448736\n|move|p1a: Bombirdier|Roost|p1a: Bombirdier\n|-heal|p1a: Bombirdier|190/258 psn\n|-singleturn|p1a: Bombirdier|move: Roost\n|move|p2a: Clodsire|Earthquake|p1a: Bombirdier\n|-damage|p1a: Bombirdier|109/258 psn\n|\n|-damage|p1a: Bombirdier|77/258 psn|[from] psn\n|upkeep\n|turn|24\n|\n|t:|1781448747\n|move|p1a: Bombirdier|Brave Bird|p2a: Clodsire\n|-damage|p2a: Clodsire|127/343\n|-damage|p1a: Bombirdier|15/258 psn|[from] Recoil\n|move|p2a: Clodsire|Gunk Shot|p1a: Bombirdier\n|-damage|p1a: Bombirdier|0 fnt\n|faint|p1a: Bombirdier\n|\n|upkeep\n|\n|t:|1781448763\n|switch|p1a: Dipplin|Dipplin, L88, M|284/284\n|turn|25\n|\n|t:|1781448768\n|switch|p2a: Bombirdier|Bombirdier, L85, F|108/258\n|move|p1a: Dipplin|Dragon Pulse|p2a: Bombirdier\n|-damage|p2a: Bombirdier|12/258\n|\n|upkeep\n|turn|26\n|\n|t:|1781448773\n|move|p1a: Dipplin|Sucker Punch||[still]\n|-fail|p1a: Dipplin\n|move|p2a: Bombirdier|Stealth Rock|p1a: Dipplin\n|-sidestart|p1: MGSsense|move: Stealth Rock\n|\n|upkeep\n|turn|27\n|\n|t:|1781448778\n|move|p1a: Dipplin|Sucker Punch||[still]\n|-fail|p1a: Dipplin\n|move|p2a: Bombirdier|Roost|p2a: Bombirdier\n|-heal|p2a: Bombirdier|141/258\n|-singleturn|p2a: Bombirdier|move: Roost\n|\n|upkeep\n|turn|28\n|\n|t:|1781448784\n|switch|p1a: Mandibuzz|Mandibuzz, L85, F|246/326 brn\n|-damage|p1a: Mandibuzz|165/326 brn|[from] Stealth Rock\n|move|p2a: Bombirdier|Brave Bird|p1a: Mandibuzz\n|-damage|p1a: Mandibuzz|45/326 brn\n|-damage|p2a: Bombirdier|101/258|[from] Recoil\n|\n|-damage|p1a: Mandibuzz|25/326 brn|[from] brn\n|upkeep\n|turn|29\n|\n|t:|1781448792\n|move|p2a: Bombirdier|Knock Off|p1a: Mandibuzz\n|-resisted|p1a: Mandibuzz\n|-damage|p1a: Mandibuzz|0 fnt\n|faint|p1a: Mandibuzz\n|\n|upkeep\n|\n|t:|1781448810\n|switch|p1a: Fezandipiti|Fezandipiti, L82, M|155/278\n|-damage|p1a: Fezandipiti|121/278|[from] Stealth Rock\n|turn|30\n|\n|t:|1781448815\n|move|p1a: Fezandipiti|Play Rough|p2a: Bombirdier\n|-supereffective|p2a: Bombirdier\n|-damage|p2a: Bombirdier|0 fnt\n|faint|p2a: Bombirdier\n|\n|-heal|p1a: Fezandipiti|138/278|[from] item: Leftovers\n|upkeep\n|\n|t:|1781448819\n|switch|p2a: Scovillain|Scovillain, L91, M|266/266\n|turn|31\n|\n|t:|1781448823\n|move|p1a: Fezandipiti|Gunk Shot|p2a: Scovillain|[miss]\n|-miss|p1a: Fezandipiti|p2a: Scovillain\n|move|p2a: Scovillain|Leech Seed|p1a: Fezandipiti\n|-start|p1a: Fezandipiti|move: Leech Seed\n|\n|-heal|p1a: Fezandipiti|155/278|[from] item: Leftovers\n|-damage|p1a: Fezandipiti|121/278|[from] Leech Seed|[of] p2a: Scovillain\n|upkeep\n|turn|32\n|\n|t:|1781448830\n|move|p1a: Fezandipiti|Gunk Shot|p2a: Scovillain\n|-supereffective|p2a: Scovillain\n|-damage|p2a: Scovillain|0 fnt\n|faint|p2a: Scovillain\n|\n|-heal|p1a: Fezandipiti|138/278|[from] item: Leftovers\n|upkeep\n|\n|t:|1781448834\n|switch|p2a: Polteageist|Polteageist-Antique, L78|222/222\n|turn|33\n|\n|t:|1781448844\n|move|p1a: Fezandipiti|Play Rough|p2a: Polteageist\n|-damage|p2a: Polteageist|108/222\n|-start|p1a: Fezandipiti|Disable|Play Rough|[from] ability: Cursed Body|[of] p2a: Polteageist\n|-status|p2a: Polteageist|tox|[from] ability: Toxic Chain|[of] p1a: Fezandipiti\n|move|p2a: Polteageist|Shell Smash|p2a: Polteageist\n|-unboost|p2a: Polteageist|def|1\n|-unboost|p2a: Polteageist|spd|1\n|-boost|p2a: Polteageist|atk|2\n|-boost|p2a: Polteageist|spa|2\n|-boost|p2a: Polteageist|spe|2\n|-enditem|p2a: Polteageist|White Herb\n|-clearnegativeboost|p2a: Polteageist|[silent]\n|\n|-heal|p1a: Fezandipiti|155/278|[from] item: Leftovers\n|-damage|p1a: Fezandipiti|121/278|[from] Leech Seed|[of] p2a: Polteageist\n|-heal|p2a: Polteageist|142/222 tox|[silent]\n|-damage|p2a: Polteageist|129/222 tox|[from] psn\n|upkeep\n|turn|34\n|\n|t:|1781448857\n|move|p2a: Polteageist|Stored Power|p1a: Fezandipiti\n|-supereffective|p1a: Fezandipiti\n|-damage|p1a: Fezandipiti|0 fnt\n|faint|p1a: Fezandipiti\n|\n|-damage|p2a: Polteageist|103/222 tox|[from] psn\n|upkeep\n|\n|t:|1781448862\n|switch|p1a: Dipplin|Dipplin, L88, M|284/284\n|-damage|p1a: Dipplin|249/284|[from] Stealth Rock\n|turn|35\n|\n|t:|1781448866\n|move|p1a: Dipplin|Sucker Punch||[still]\n|-fail|p1a: Dipplin\n|move|p2a: Polteageist|Strength Sap|p1a: Dipplin\n|-unboost|p1a: Dipplin|atk|1\n|-heal|p2a: Polteageist|222/222 tox\n|\n|-damage|p2a: Polteageist|183/222 tox|[from] psn\n|upkeep\n|turn|36\n|\n|t:|1781448872\n|-terastallize|p2a: Polteageist|Psychic\n|move|p1a: Dipplin|Sucker Punch|p2a: Polteageist\n|-supereffective|p2a: Polteageist\n|-crit|p2a: Polteageist\n|-damage|p2a: Polteageist|0 fnt\n|faint|p2a: Polteageist\n|\n|upkeep\n|\n|t:|1781448878\n|switch|p2a: Brambleghast|Brambleghast, L88, M|240/240\n|turn|37\n|\n|t:|1781448893\n|switch|p1a: Cinccino|Cinccino, L83, M|127/260\n|-damage|p1a: Cinccino|95/260|[from] Stealth Rock\n|move|p2a: Brambleghast|Poltergeist|p1a: Cinccino\n|-immune|p1a: Cinccino\n|\n|upkeep\n|turn|38\n|\n|t:|1781448901\n|move|p1a: Cinccino|Triple Axel|p2a: Brambleghast\n|-supereffective|p2a: Brambleghast\n|-damage|p2a: Brambleghast|190/240\n|-supereffective|p2a: Brambleghast\n|-damage|p2a: Brambleghast|94/240\n|-supereffective|p2a: Brambleghast\n|-damage|p2a: Brambleghast|0 fnt\n|faint|p2a: Brambleghast\n|-hitcount|p2: Brambleghast|3\n|\n|upkeep\n|\n|t:|1781448903\n|switch|p2a: Clodsire|Clodsire, L81, M|127/343\n|turn|39\n|\n|t:|1781448910\n|move|p1a: Cinccino|Triple Axel|p2a: Clodsire\n|-supereffective|p2a: Clodsire\n|-damage|p2a: Clodsire|73/343\n|-supereffective|p2a: Clodsire\n|-damage|p2a: Clodsire|0 fnt\n|faint|p2a: Clodsire\n|-hitcount|p2: Clodsire|2\n|\n|win|MGSsense\n|raw|MGSsense's rating: 2065 &rarr; <strong>2085</strong><br />(+20 for winning)\n|raw|luc050805's rating: 2071 &rarr; <strong>2051</strong><br />(-20 for losing)\n", "uploadtime": 1781448519, "views": 3, "formatid": "gen9randombattle", "rating": 2051, "private": 0, "password": null}