{"id": "gen9randombattle-2632008978", "format": "[Gen 9] Random Battle", "players": ["spp1", "NYCHomo"], "log": "|j|\u2606spp1\n|j|\u2606NYCHomo\n|t:|1781465469\n|gametype|singles\n|player|p1|spp1|102|1956\n|player|p2|NYCHomo|101|1906\n|gen|9\n|tier|[Gen 9] Random Battle\n|rated|\n|rule|Species Clause: Limit one of each Pok\u00e9mon\n|rule|HP Percentage Mod: HP is shown in percentages\n|rule|Sleep Clause Mod: Limit one foe put to sleep\n|rule|Illusion Level Mod: Illusion disguises the Pok\u00e9mon's true level\n|\n|t:|1781465469\n|teamsize|p1|6\n|teamsize|p2|6\n|start\n|switch|p1a: Suicune|Suicune, L82|298/298\n|switch|p2a: Iron Jugulis|Iron Jugulis, L77|271/271\n|-ability|p1a: Suicune|Pressure\n|turn|1\n|inactive|Battle timer is ON: inactive players will automatically lose when time's up. (requested by spp1)\n|\n|t:|1781465482\n|-end|p2a: Iron Jugulis|Quark Drive|[silent]\n|switch|p2a: Raikou|Raikou, L81|278/278\n|-ability|p2a: Raikou|Pressure\n|move|p1a: Suicune|Calm Mind|p1a: Suicune\n|-boost|p1a: Suicune|spa|1\n|-boost|p1a: Suicune|spd|1\n|\n|upkeep\n|turn|2\n|\n|t:|1781465493\n|move|p2a: Raikou|Calm Mind|p2a: Raikou\n|-boost|p2a: Raikou|spa|1\n|-boost|p2a: Raikou|spd|1\n|move|p1a: Suicune|Scald|p2a: Raikou\n|-damage|p2a: Raikou|206/278\n|\n|-heal|p2a: Raikou|223/278|[from] item: Leftovers\n|upkeep\n|turn|3\n|\n|t:|1781465498\n|switch|p1a: Slaking|Slaking, L84, F|389/389\n|move|p2a: Raikou|Substitute|p2a: Raikou\n|-start|p2a: Raikou|Substitute\n|-damage|p2a: Raikou|154/278\n|\n|-heal|p2a: Raikou|171/278|[from] item: Leftovers\n|upkeep\n|turn|4\n|\n|t:|1781465503\n|switch|p1a: Chesnaught|Chesnaught, L84, F|285/285\n|move|p2a: Raikou|Thunderbolt|p1a: Chesnaught\n|-resisted|p1a: Chesnaught\n|-damage|p1a: Chesnaught|200/285\n|\n|-heal|p2a: Raikou|188/278|[from] item: Leftovers\n|-heal|p1a: Chesnaught|217/285|[from] item: Leftovers\n|upkeep\n|turn|5\n|\n|t:|1781465508\n|move|p2a: Raikou|Scald|p1a: Chesnaught\n|-resisted|p1a: Chesnaught\n|-damage|p1a: Chesnaught|166/285\n|move|p1a: Chesnaught|Trailblaze|p2a: Raikou\n|-activate|p2a: Raikou|move: Substitute|[damage]\n|-boost|p1a: Chesnaught|spe|1\n|\n|-heal|p1a: Chesnaught|183/285|[from] item: Leftovers\n|-heal|p2a: Raikou|205/278|[from] item: Leftovers\n|upkeep\n|turn|6\n|\n|t:|1781465517\n|move|p1a: Chesnaught|Iron Defense|p1a: Chesnaught\n|-boost|p1a: Chesnaught|def|2\n|move|p2a: Raikou|Thunderbolt|p1a: Chesnaught\n|-resisted|p1a: Chesnaught\n|-damage|p1a: Chesnaught|93/285\n|\n|-heal|p1a: Chesnaught|110/285|[from] item: Leftovers\n|-heal|p2a: Raikou|222/278|[from] item: Leftovers\n|upkeep\n|turn|7\n|\n|t:|1781465520\n|move|p1a: Chesnaught|Synthesis|p1a: Chesnaught\n|-heal|p1a: Chesnaught|252/285\n|move|p2a: Raikou|Thunderbolt|p1a: Chesnaught\n|-resisted|p1a: Chesnaught\n|-damage|p1a: Chesnaught|169/285\n|\n|-heal|p1a: Chesnaught|186/285|[from] item: Leftovers\n|-heal|p2a: Raikou|239/278|[from] item: Leftovers\n|upkeep\n|turn|8\n|\n|t:|1781465523\n|move|p1a: Chesnaught|Body Press|p2a: Raikou\n|-end|p2a: Raikou|Substitute\n|move|p2a: Raikou|Thunderbolt|p1a: Chesnaught\n|-resisted|p1a: Chesnaught\n|-damage|p1a: Chesnaught|107/285\n|\n|-heal|p1a: Chesnaught|124/285|[from] item: Leftovers\n|-heal|p2a: Raikou|256/278|[from] item: Leftovers\n|upkeep\n|turn|9\n|\n|t:|1781465529\n|switch|p2a: Misdreavus|Misdreavus, L90, F|254/254\n|move|p1a: Chesnaught|Body Press|p2a: Misdreavus\n|-immune|p2a: Misdreavus\n|\n|-heal|p1a: Chesnaught|141/285|[from] item: Leftovers\n|upkeep\n|turn|10\n|\n|t:|1781465536\n|switch|p1a: Slaking|Slaking, L84, F|389/389\n|move|p2a: Misdreavus|Will-O-Wisp|p1a: Slaking\n|-status|p1a: Slaking|brn\n|\n|-damage|p1a: Slaking|365/389 brn|[from] brn\n|upkeep\n|turn|11\n|\n|t:|1781465544\n|switch|p2a: Cobalion|Cobalion, L80|277/277\n|move|p1a: Slaking|Knock Off|p2a: Cobalion\n|-resisted|p2a: Cobalion\n|-damage|p2a: Cobalion|259/277\n|-ability|p2a: Cobalion|Justified|boost\n|-boost|p2a: Cobalion|atk|1\n|-enditem|p2a: Cobalion|Leftovers|[from] move: Knock Off|[of] p1a: Slaking\n|\n|-damage|p1a: Slaking|341/389 brn|[from] brn\n|upkeep\n|turn|12\n|\n|t:|1781465554\n|switch|p1a: Suicune|Suicune, L82|298/298\n|-ability|p1a: Suicune|Pressure\n|move|p2a: Cobalion|Calm Mind|p2a: Cobalion\n|-boost|p2a: Cobalion|spa|1\n|-boost|p2a: Cobalion|spd|1\n|\n|upkeep\n|turn|13\n|\n|t:|1781465559\n|move|p2a: Cobalion|Aura Sphere|p1a: Suicune\n|-damage|p1a: Suicune|211/298\n|move|p1a: Suicune|Scald|p2a: Cobalion\n|-damage|p2a: Cobalion|190/277\n|-status|p2a: Cobalion|brn\n|\n|-heal|p1a: Suicune|229/298|[from] item: Leftovers\n|-damage|p2a: Cobalion|173/277 brn|[from] brn\n|upkeep\n|turn|14\n|\n|t:|1781465564\n|move|p1a: Suicune|Protect|p1a: Suicune\n|-singleturn|p1a: Suicune|Protect\n|move|p2a: Cobalion|Aura Sphere|p1a: Suicune\n|-activate|p1a: Suicune|move: Protect\n|\n|-heal|p1a: Suicune|247/298|[from] item: Leftovers\n|-damage|p2a: Cobalion|156/277 brn|[from] brn\n|upkeep\n|turn|15\n|\n|t:|1781465566\n|switch|p2a: Raikou|Raikou, L81|256/278\n|-ability|p2a: Raikou|Pressure\n|move|p1a: Suicune|Calm Mind|p1a: Suicune\n|-boost|p1a: Suicune|spa|1\n|-boost|p1a: Suicune|spd|1\n|\n|-heal|p2a: Raikou|273/278|[from] item: Leftovers\n|-heal|p1a: Suicune|265/298|[from] item: Leftovers\n|upkeep\n|turn|16\n|\n|t:|1781465585\n|switch|p1a: Chesnaught|Chesnaught, L84, F|141/285\n|move|p2a: Raikou|Calm Mind|p2a: Raikou\n|-boost|p2a: Raikou|spa|1\n|-boost|p2a: Raikou|spd|1\n|\n|-heal|p2a: Raikou|278/278|[from] item: Leftovers\n|-heal|p1a: Chesnaught|158/285|[from] item: Leftovers\n|upkeep\n|turn|17\n|\n|t:|1781465590\n|move|p2a: Raikou|Thunderbolt|p1a: Chesnaught\n|-resisted|p1a: Chesnaught\n|-damage|p1a: Chesnaught|67/285\n|move|p1a: Chesnaught|Trailblaze|p2a: Raikou\n|-damage|p2a: Raikou|211/278\n|-boost|p1a: Chesnaught|spe|1\n|\n|-heal|p1a: Chesnaught|84/285|[from] item: Leftovers\n|-heal|p2a: Raikou|228/278|[from] item: Leftovers\n|upkeep\n|turn|18\n|\n|t:|1781465594\n|move|p1a: Chesnaught|Synthesis|p1a: Chesnaught\n|-heal|p1a: Chesnaught|226/285\n|move|p2a: Raikou|Thunderbolt|p1a: Chesnaught\n|-resisted|p1a: Chesnaught\n|-damage|p1a: Chesnaught|140/285\n|\n|-heal|p1a: Chesnaught|157/285|[from] item: Leftovers\n|-heal|p2a: Raikou|245/278|[from] item: Leftovers\n|upkeep\n|turn|19\n|\n|t:|1781465599\n|move|p1a: Chesnaught|Synthesis|p1a: Chesnaught\n|-heal|p1a: Chesnaught|285/285\n|move|p2a: Raikou|Thunderbolt|p1a: Chesnaught\n|-resisted|p1a: Chesnaught\n|-crit|p1a: Chesnaught\n|-damage|p1a: Chesnaught|162/285\n|\n|-heal|p1a: Chesnaught|179/285|[from] item: Leftovers\n|-heal|p2a: Raikou|262/278|[from] item: Leftovers\n|upkeep\n|turn|20\n|\n|t:|1781465602\n|move|p1a: Chesnaught|Iron Defense|p1a: Chesnaught\n|-boost|p1a: Chesnaught|def|2\n|move|p2a: Raikou|Thunderbolt|p1a: Chesnaught\n|-resisted|p1a: Chesnaught\n|-damage|p1a: Chesnaught|98/285\n|\n|-heal|p1a: Chesnaught|115/285|[from] item: Leftovers\n|-heal|p2a: Raikou|278/278|[from] item: Leftovers\n|upkeep\n|turn|21\n|\n|t:|1781465607\n|switch|p2a: Misdreavus|Misdreavus, L90, F|254/254\n|move|p1a: Chesnaught|Synthesis|p1a: Chesnaught\n|-heal|p1a: Chesnaught|257/285\n|\n|-heal|p1a: Chesnaught|274/285|[from] item: Leftovers\n|upkeep\n|turn|22\n|\n|t:|1781465615\n|switch|p1a: Slaking|Slaking, L84, F|341/389 brn\n|move|p2a: Misdreavus|Draining Kiss|p1a: Slaking\n|-damage|p1a: Slaking|292/389 brn\n|\n|-damage|p1a: Slaking|268/389 brn|[from] brn\n|upkeep\n|turn|23\n|\n|t:|1781465621\n|switch|p2a: Iron Jugulis|Iron Jugulis, L77|271/271\n|move|p1a: Slaking|Earthquake|p2a: Iron Jugulis\n|-immune|p2a: Iron Jugulis\n|\n|-damage|p1a: Slaking|244/389 brn|[from] brn\n|upkeep\n|turn|24\n|\n|t:|1781465630\n|switch|p1a: Suicune|Suicune, L82|265/298\n|-ability|p1a: Suicune|Pressure\n|move|p2a: Iron Jugulis|Meteor Beam||[still]\n|-prepare|p2a: Iron Jugulis|Meteor Beam\n|-boost|p2a: Iron Jugulis|spa|1\n|-enditem|p2a: Iron Jugulis|Power Herb\n|-anim|p2a: Iron Jugulis|Meteor Beam|p1a: Suicune\n|-damage|p1a: Suicune|162/298\n|\n|-heal|p1a: Suicune|180/298|[from] item: Leftovers\n|upkeep\n|turn|25\n|\n|t:|1781465639\n|move|p2a: Iron Jugulis|Dark Pulse|p1a: Suicune\n|-damage|p1a: Suicune|75/298\n|move|p1a: Suicune|Scald|p2a: Iron Jugulis\n|-damage|p2a: Iron Jugulis|183/271\n|\n|-heal|p1a: Suicune|93/298|[from] item: Leftovers\n|upkeep\n|turn|26\n|\n|t:|1781465644\n|move|p2a: Iron Jugulis|Dark Pulse|p1a: Suicune\n|-damage|p1a: Suicune|0 fnt\n|faint|p1a: Suicune\n|\n|upkeep\n|\n|t:|1781465646\n|switch|p1a: Slaking|Slaking, L84, F|244/389 brn\n|turn|27\n|\n|t:|1781465653\n|move|p1a: Slaking|Double-Edge|p2a: Iron Jugulis\n|-damage|p2a: Iron Jugulis|80/271\n|-damage|p1a: Slaking|210/389 brn|[from] Recoil\n|move|p2a: Iron Jugulis|Dark Pulse|p1a: Slaking\n|-damage|p1a: Slaking|42/389 brn\n|\n|-damage|p1a: Slaking|18/389 brn|[from] brn\n|upkeep\n|turn|28\n|\n|t:|1781465661\n|cant|p1a: Slaking|ability: Truant\n|move|p2a: Iron Jugulis|Meteor Beam||[still]\n|-prepare|p2a: Iron Jugulis|Meteor Beam\n|-boost|p2a: Iron Jugulis|spa|1\n|\n|-damage|p1a: Slaking|0 fnt|[from] brn\n|faint|p1a: Slaking\n|upkeep\n|\n|t:|1781465687\n|switch|p1a: Hitmonchan|Hitmonchan, L87, M|229/229\n|turn|29\n|\n|t:|1781465694\n|move|p2a: Iron Jugulis|Meteor Beam|p1a: Hitmonchan|[from] lockedmove\n|-resisted|p1a: Hitmonchan\n|-damage|p1a: Hitmonchan|161/229\n|move|p1a: Hitmonchan|Drain Punch|p2a: Iron Jugulis\n|-damage|p2a: Iron Jugulis|0 fnt\n|-heal|p1a: Hitmonchan|201/229|[from] drain|[of] p2a: Iron Jugulis\n|faint|p2a: Iron Jugulis\n|-end|p2a: Iron Jugulis|Quark Drive|[silent]\n|-damage|p1a: Hitmonchan|179/229|[from] item: Life Orb\n|\n|upkeep\n|\n|t:|1781465702\n|switch|p2a: Misdreavus|Misdreavus, L90, F|254/254\n|turn|30\n|\n|t:|1781465716\n|move|p2a: Misdreavus|Will-O-Wisp|p1a: Hitmonchan\n|-status|p1a: Hitmonchan|brn\n|move|p1a: Hitmonchan|Knock Off|p2a: Misdreavus\n|-supereffective|p2a: Misdreavus\n|-damage|p2a: Misdreavus|172/254\n|-enditem|p2a: Misdreavus|Eviolite|[from] move: Knock Off|[of] p1a: Hitmonchan\n|-damage|p1a: Hitmonchan|157/229 brn|[from] item: Life Orb\n|\n|-damage|p1a: Hitmonchan|143/229 brn|[from] brn\n|upkeep\n|turn|31\n|\n|t:|1781465721\n|switch|p1a: Braviary|Braviary-Hisui, L85, M|326/326\n|move|p2a: Misdreavus|Calm Mind|p2a: Misdreavus\n|-boost|p2a: Misdreavus|spa|1\n|-boost|p2a: Misdreavus|spd|1\n|\n|upkeep\n|turn|32\n|\n|t:|1781465726\n|move|p2a: Misdreavus|Shadow Ball|p1a: Braviary\n|-supereffective|p1a: Braviary\n|-crit|p1a: Braviary\n|-damage|p1a: Braviary|0 fnt\n|faint|p1a: Braviary\n|\n|upkeep\n|\n|t:|1781465730\n|switch|p1a: Flapple|Flapple, L88, M|266/266\n|turn|33\n|\n|t:|1781465740\n|move|p2a: Misdreavus|Will-O-Wisp|p1a: Flapple\n|-status|p1a: Flapple|brn\n|-enditem|p1a: Flapple|Lum Berry|[eat]\n|-curestatus|p1a: Flapple|brn|[msg]\n|move|p1a: Flapple|Dragon Dance|p1a: Flapple\n|-boost|p1a: Flapple|atk|1\n|-boost|p1a: Flapple|spe|1\n|\n|upkeep\n|turn|34\n|\n|t:|1781465749\n|-terastallize|p2a: Misdreavus|Fairy\n|move|p1a: Flapple|Grav Apple|p2a: Misdreavus\n|-damage|p2a: Misdreavus|0 fnt\n|faint|p2a: Misdreavus\n|\n|upkeep\n|\n|t:|1781465760\n|switch|p2a: Cobalion|Cobalion, L80|156/277 brn\n|turn|35\n|\n|t:|1781465771\n|move|p2a: Cobalion|Vacuum Wave|p1a: Flapple\n|-damage|p1a: Flapple|217/266\n|move|p1a: Flapple|Dragon Dance|p1a: Flapple\n|-boost|p1a: Flapple|atk|1\n|-boost|p1a: Flapple|spe|1\n|\n|-damage|p2a: Cobalion|139/277 brn|[from] brn\n|upkeep\n|turn|36\n|\n|t:|1781465776\n|-terastallize|p1a: Flapple|Fire\n|move|p2a: Cobalion|Vacuum Wave|p1a: Flapple\n|-crit|p1a: Flapple\n|-damage|p1a: Flapple|144/266\n|move|p1a: Flapple|Tera Blast|p2a: Cobalion|[anim] Tera Blast Fire|[miss]\n|-miss|p1a: Flapple|p2a: Cobalion\n|\n|-damage|p2a: Cobalion|122/277 brn|[from] brn\n|upkeep\n|turn|37\n|\n|t:|1781465782\n|move|p2a: Cobalion|Vacuum Wave|p1a: Flapple\n|-damage|p1a: Flapple|99/266\n|move|p1a: Flapple|Tera Blast|p2a: Cobalion|[anim] Tera Blast Fire\n|-supereffective|p2a: Cobalion\n|-damage|p2a: Cobalion|0 fnt\n|faint|p2a: Cobalion\n|\n|upkeep\n|\n|t:|1781465785\n|switch|p2a: Raikou|Raikou, L81|278/278\n|-ability|p2a: Raikou|Pressure\n|turn|38\n|\n|t:|1781465790\n|move|p1a: Flapple|Outrage|p2a: Raikou\n|-damage|p2a: Raikou|0 fnt\n|faint|p2a: Raikou\n|\n|upkeep\n|\n|t:|1781465795\n|switch|p2a: Mew|Mew, L82|298/298\n|turn|39\n|\n|t:|1781465798\n|move|p1a: Flapple|Outrage|p2a: Mew|[from] lockedmove\n|-damage|p2a: Mew|0 fnt\n|faint|p2a: Mew\n|\n|upkeep\n|\n|t:|1781465800\n|switch|p2a: Haxorus|Haxorus, L77, F|244/244\n|-ability|p2a: Haxorus|Mold Breaker\n|turn|40\n|\n|t:|1781465805\n|move|p1a: Flapple|Outrage|p2a: Haxorus|[from] lockedmove\n|-supereffective|p2a: Haxorus\n|-damage|p2a: Haxorus|0 fnt\n|faint|p2a: Haxorus\n|-start|p1a: Flapple|confusion|[fatigue]\n|\n|win|spp1\n", "uploadtime": 1781465471, "views": 5, "formatid": "gen9randombattle", "rating": null, "private": 0, "password": null}