{"id": "gen9randombattle-2631801708", "format": "[Gen 9] Random Battle", "players": ["kormorano", "PlizComeToBrazil"], "log": "|j|\u2606kormorano\n|j|\u2606PlizComeToBrazil\n|t:|1781441735\n|gametype|singles\n|player|p1|kormorano|102|2102\n|player|p2|PlizComeToBrazil|102|2160\n|gen|9\n|tier|[Gen 9] Random Battle\n|rated|\n|rule|Species Clause: Limit one of each Pok\u00e9mon\n|rule|HP Percentage Mod: HP is shown in percentages\n|rule|Sleep Clause Mod: Limit one foe put to sleep\n|rule|Illusion Level Mod: Illusion disguises the Pok\u00e9mon's true level\n|\n|t:|1781441735\n|teamsize|p1|6\n|teamsize|p2|6\n|start\n|switch|p1a: Dachsbun|Dachsbun, L92, F|254/254\n|switch|p2a: Crawdaunt|Crawdaunt, L84, M|243/243\n|turn|1\n|inactive|Battle timer is ON: inactive players will automatically lose when time's up. (requested by kormorano)\n|\n|t:|1781441747\n|switch|p2a: Phione|Phione, L91|293/293\n|move|p1a: Dachsbun|Play Rough|p2a: Phione\n|-damage|p2a: Phione|191/293\n|\n|-heal|p2a: Phione|209/293|[from] item: Leftovers\n|upkeep\n|turn|2\n|\n|t:|1781441758\n|switch|p1a: Ogerpon|Ogerpon-Wellspring, L76, F|247/247\n|move|p2a: Phione|Scald|p1a: Ogerpon\n|-immune|p1a: Ogerpon|[from] ability: Water Absorb\n|\n|-heal|p2a: Phione|227/293|[from] item: Leftovers\n|upkeep\n|turn|3\n|inactive|PlizComeToBrazil has 120 seconds left.\n|\n|t:|1781441792\n|-terastallize|p2a: Phione|Grass\n|move|p1a: Ogerpon|U-turn|p2a: Phione\n|-supereffective|p2a: Phione\n|-damage|p2a: Phione|109/293\n|\n|t:|1781441796\n|switch|p1a: Vespiquen|Vespiquen, L99, F|299/299|[from] U-turn\n|-ability|p1a: Vespiquen|Pressure\n|move|p2a: Phione|Ice Beam|p1a: Vespiquen\n|-supereffective|p1a: Vespiquen\n|-damage|p1a: Vespiquen|203/299\n|\n|-heal|p2a: Phione|127/293|[from] item: Leftovers\n|upkeep\n|turn|4\n|inactive|PlizComeToBrazil has 120 seconds left.\n|\n|t:|1781441812\n|switch|p2a: Jolteon|Jolteon, L84, F|246/246\n|move|p1a: Vespiquen|Air Slash|p2a: Jolteon\n|-resisted|p2a: Jolteon\n|-damage|p2a: Jolteon|200/246\n|\n|upkeep\n|turn|5\n|\n|t:|1781441821\n|switch|p1a: Glastrier|Glastrier, L86|312/312\n|move|p2a: Jolteon|Volt Switch|p1a: Glastrier\n|-damage|p1a: Glastrier|219/312\n|inactive|PlizComeToBrazil has 120 seconds left.\n|\n|t:|1781441832\n|switch|p2a: Mienshao|Mienshao, L83, F|243/243|[from] Volt Switch\n|\n|upkeep\n|turn|6\n|\n|t:|1781441842\n|move|p2a: Mienshao|Stone Edge|p1a: Glastrier|[miss]\n|-miss|p2a: Mienshao|p1a: Glastrier\n|move|p1a: Glastrier|Icicle Crash|p2a: Mienshao\n|-damage|p2a: Mienshao|80/243\n|\n|upkeep\n|turn|7\n|\n|t:|1781441849\n|switch|p1a: Dachsbun|Dachsbun, L92, F|254/254\n|move|p2a: Mienshao|Stone Edge|p1a: Dachsbun\n|-crit|p1a: Dachsbun\n|-damage|p1a: Dachsbun|105/254\n|\n|-heal|p1a: Dachsbun|120/254|[from] item: Leftovers\n|upkeep\n|turn|8\n|\n|t:|1781441862\n|switch|p2a: Jolteon|Jolteon, L84, F|200/246\n|move|p1a: Dachsbun|Wish|p1a: Dachsbun\n|\n|-heal|p1a: Dachsbun|135/254|[from] item: Leftovers\n|upkeep\n|turn|9\n|\n|t:|1781441869\n|move|p1a: Dachsbun|Protect|p1a: Dachsbun\n|-singleturn|p1a: Dachsbun|Protect\n|move|p2a: Jolteon|Thunderbolt|p1a: Dachsbun\n|-activate|p1a: Dachsbun|move: Protect\n|\n|-heal|p1a: Dachsbun|254/254|[from] move: Wish|[wisher] Dachsbun\n|upkeep\n|turn|10\n|\n|t:|1781441885\n|move|p2a: Jolteon|Thunderbolt|p1a: Dachsbun\n|-damage|p1a: Dachsbun|98/254\n|-status|p1a: Dachsbun|par\n|move|p1a: Dachsbun|Play Rough|p2a: Jolteon\n|-damage|p2a: Jolteon|61/246\n|-unboost|p2a: Jolteon|atk|1\n|\n|-heal|p1a: Dachsbun|113/254 par|[from] item: Leftovers\n|upkeep\n|turn|11\n|\n|t:|1781441896\n|move|p2a: Jolteon|Thunderbolt|p1a: Dachsbun\n|-damage|p1a: Dachsbun|0 fnt\n|faint|p1a: Dachsbun\n|\n|upkeep\n|\n|t:|1781441898\n|switch|p1a: Glastrier|Glastrier, L86|219/312\n|turn|12\n|\n|t:|1781441903\n|move|p2a: Jolteon|Thunderbolt|p1a: Glastrier\n|-damage|p1a: Glastrier|86/312\n|move|p1a: Glastrier|Close Combat|p2a: Jolteon\n|-damage|p2a: Jolteon|0 fnt\n|-unboost|p1a: Glastrier|def|1\n|-unboost|p1a: Glastrier|spd|1\n|faint|p2a: Jolteon\n|-ability|p1a: Glastrier|Chilling Neigh|boost\n|-boost|p1a: Glastrier|atk|1\n|\n|upkeep\n|\n|t:|1781441923\n|switch|p2a: Ogerpon|Ogerpon-Cornerstone, L76, F|247/247\n|turn|13\n|\n|t:|1781441927\n|switch|p1a: Overqwil|Overqwil, L82, M|274/274\n|-ability|p1a: Overqwil|Intimidate|boost\n|-unboost|p2a: Ogerpon|atk|1\n|move|p2a: Ogerpon|Ivy Cudgel|p1a: Overqwil|[anim] Ivy Cudgel Rock\n|-crit|p1a: Overqwil\n|-damage|p1a: Overqwil|102/274\n|\n|upkeep\n|turn|14\n|\n|t:|1781441948\n|switch|p2a: Phione|Phione, L91, tera:Grass|127/293\n|move|p1a: Overqwil|Scale Shot|p2a: Phione\n|-damage|p2a: Phione|106/293\n|-damage|p2a: Phione|88/293\n|-damage|p2a: Phione|69/293\n|-damage|p2a: Phione|50/293\n|-damage|p2a: Phione|30/293\n|-hitcount|p2a: Phione|5\n|-unboost|p1a: Overqwil|def|1\n|-boost|p1a: Overqwil|spe|1\n|\n|-heal|p2a: Phione|48/293|[from] item: Leftovers\n|upkeep\n|turn|15\n|\n|t:|1781441963\n|switch|p2a: Crawdaunt|Crawdaunt, L84, M|243/243\n|move|p1a: Overqwil|Gunk Shot|p2a: Crawdaunt|[miss]\n|-miss|p1a: Overqwil|p2a: Crawdaunt\n|\n|upkeep\n|turn|16\n|\n|t:|1781441970\n|move|p2a: Crawdaunt|Aqua Jet|p1a: Overqwil\n|-damage|p1a: Overqwil|0 fnt\n|faint|p1a: Overqwil\n|\n|upkeep\n|\n|t:|1781441973\n|switch|p1a: Ogerpon|Ogerpon-Wellspring, L76, F|247/247\n|turn|17\n|\n|t:|1781441978\n|switch|p2a: Phione|Phione, L91, tera:Grass|48/293\n|move|p1a: Ogerpon|U-turn|p2a: Phione\n|-supereffective|p2a: Phione\n|-damage|p2a: Phione|0 fnt\n|faint|p2a: Phione\n|\n|t:|1781441982\n|switch|p1a: Glastrier|Glastrier, L86|86/312|[from] U-turn\n|\n|upkeep\n|\n|t:|1781441989\n|switch|p2a: Ogerpon|Ogerpon-Cornerstone, L76, F|247/247\n|turn|18\n|\n|t:|1781441996\n|move|p2a: Ogerpon|Ivy Cudgel|p1a: Glastrier|[anim] Ivy Cudgel Rock\n|-supereffective|p1a: Glastrier\n|-crit|p1a: Glastrier\n|-damage|p1a: Glastrier|0 fnt\n|faint|p1a: Glastrier\n|\n|upkeep\n|\n|t:|1781441997\n|switch|p1a: Misdreavus|Misdreavus, L90, M|254/254\n|turn|19\n|inactive|PlizComeToBrazil has 120 seconds left.\n|\n|t:|1781442034\n|switch|p2a: Crawdaunt|Crawdaunt, L84, M|243/243\n|move|p1a: Misdreavus|Will-O-Wisp|p2a: Crawdaunt\n|-status|p2a: Crawdaunt|brn\n|\n|-damage|p2a: Crawdaunt|228/243 brn|[from] brn\n|upkeep\n|turn|20\n|inactive|PlizComeToBrazil has 120 seconds left.\n|\n|t:|1781442043\n|switch|p1a: Ogerpon|Ogerpon-Wellspring, L76, F|247/247\n|move|p2a: Crawdaunt|Knock Off|p1a: Ogerpon\n|-damage|p1a: Ogerpon|152/247\n|\n|-damage|p2a: Crawdaunt|213/243 brn|[from] brn\n|upkeep\n|turn|21\n|inactive|PlizComeToBrazil has 120 seconds left.\n|\n|t:|1781442060\n|move|p1a: Ogerpon|Wood Hammer|p2a: Crawdaunt\n|-supereffective|p2a: Crawdaunt\n|-damage|p2a: Crawdaunt|0 fnt\n|faint|p2a: Crawdaunt\n|-damage|p1a: Ogerpon|82/247|[from] Recoil\n|\n|upkeep\n|inactive|PlizComeToBrazil has 90 seconds left.\n|\n|t:|1781442113\n|switch|p2a: Mienshao|Mienshao, L83, F|80/243\n|turn|22\n|\n|t:|1781442122\n|switch|p1a: Vespiquen|Vespiquen, L99, F|203/299\n|-ability|p1a: Vespiquen|Pressure\n|move|p2a: Mienshao|Knock Off|p1a: Vespiquen\n|-damage|p1a: Vespiquen|116/299\n|-enditem|p1a: Vespiquen|Heavy-Duty Boots|[from] move: Knock Off|[of] p2a: Mienshao\n|\n|upkeep\n|turn|23\n|\n|t:|1781442137\n|switch|p2a: Ogerpon|Ogerpon-Cornerstone, L76, F|247/247\n|move|p1a: Vespiquen|Air Slash|p2a: Ogerpon\n|-damage|p2a: Ogerpon|153/247\n|\n|upkeep\n|turn|24\n|j| Olme786\n|\n|t:|1781442144\n|move|p2a: Ogerpon|Ivy Cudgel|p1a: Vespiquen|[anim] Ivy Cudgel Rock\n|-supereffective|p1a: Vespiquen\n|-damage|p1a: Vespiquen|0 fnt\n|faint|p1a: Vespiquen\n|\n|upkeep\n|\n|t:|1781442146\n|switch|p1a: Misdreavus|Misdreavus, L90, M|254/254\n|turn|25\n|inactive|PlizComeToBrazil has 90 seconds left.\n|\n|t:|1781442158\n|switch|p2a: Mienshao|Mienshao, L83, F|80/243\n|move|p1a: Misdreavus|Will-O-Wisp|p2a: Mienshao\n|-status|p2a: Mienshao|brn\n|\n|-damage|p2a: Mienshao|65/243 brn|[from] brn\n|upkeep\n|turn|26\n|\n|t:|1781442166\n|switch|p1a: Ogerpon|Ogerpon-Wellspring, L76, F|82/247\n|move|p2a: Mienshao|Knock Off|p1a: Ogerpon\n|-damage|p1a: Ogerpon|31/247\n|\n|-damage|p2a: Mienshao|50/243 brn|[from] brn\n|upkeep\n|turn|27\n|\n|t:|1781442174\n|move|p2a: Mienshao|Knock Off|p1a: Ogerpon\n|-damage|p1a: Ogerpon|0 fnt\n|faint|p1a: Ogerpon\n|\n|-damage|p2a: Mienshao|35/243 brn|[from] brn\n|upkeep\n|\n|t:|1781442176\n|switch|p1a: Misdreavus|Misdreavus, L90, M|254/254\n|turn|28\n|\n|t:|1781442185\n|-terastallize|p1a: Misdreavus|Fairy\n|move|p2a: Mienshao|Knock Off|p1a: Misdreavus\n|-resisted|p1a: Misdreavus\n|-damage|p1a: Misdreavus|228/254\n|-enditem|p1a: Misdreavus|Eviolite|[from] move: Knock Off|[of] p2a: Mienshao\n|move|p1a: Misdreavus|Draining Kiss|p2a: Mienshao\n|-supereffective|p2a: Mienshao\n|-damage|p2a: Mienshao|0 fnt\n|-heal|p1a: Misdreavus|254/254|[from] drain|[of] p2a: Mienshao\n|faint|p2a: Mienshao\n|\n|upkeep\n|\n|t:|1781442208\n|switch|p2a: Ogerpon|Ogerpon-Cornerstone, L76, F|153/247\n|turn|29\n|\n|t:|1781442214\n|move|p2a: Ogerpon|Swords Dance|p2a: Ogerpon\n|-boost|p2a: Ogerpon|atk|2\n|move|p1a: Misdreavus|Draining Kiss|p2a: Ogerpon\n|-damage|p2a: Ogerpon|80/247\n|\n|upkeep\n|turn|30\n|\n|t:|1781442222\n|move|p2a: Ogerpon|Ivy Cudgel|p1a: Misdreavus|[anim] Ivy Cudgel Rock\n|-crit|p1a: Misdreavus\n|-damage|p1a: Misdreavus|0 fnt\n|faint|p1a: Misdreavus\n|\n|win|PlizComeToBrazil\n", "uploadtime": 1781441736, "views": 9, "formatid": "gen9randombattle", "rating": null, "private": 0, "password": null}