{"id": "gen9randombattle-2631601812", "format": "[Gen 9] Random Battle", "players": ["YOYILANG2", "LinkNinjaTC11"], "log": "|j|\u2606YOYILANG2\n|j|\u2606LinkNinjaTC11\n|t:|1781407165\n|gametype|singles\n|player|p1|YOYILANG2|2|1928\n|player|p2|LinkNinjaTC11|veteran|1907\n|gen|9\n|tier|[Gen 9] Random Battle\n|rated|\n|rule|Species Clause: Limit one of each Pok\u00e9mon\n|rule|HP Percentage Mod: HP is shown in percentages\n|rule|Sleep Clause Mod: Limit one foe put to sleep\n|rule|Illusion Level Mod: Illusion disguises the Pok\u00e9mon's true level\n|\n|t:|1781407165\n|teamsize|p1|6\n|teamsize|p2|6\n|start\n|switch|p1a: Emboar|Emboar, L84, M|322/322\n|switch|p2a: Hippowdon|Hippowdon, L82, F|311/311\n|-weather|Sandstorm|[from] ability: Sand Stream|[of] p2a: Hippowdon\n|turn|1\n|inactive|Battle timer is ON: inactive players will automatically lose when time's up. (requested by LinkNinjaTC11)\n|\n|t:|1781407177\n|switch|p1a: Rillaboom|Rillaboom, L79, M|288/288\n|-fieldstart|move: Grassy Terrain|[from] ability: Grassy Surge|[of] p1a: Rillaboom\n|move|p2a: Hippowdon|Earthquake|p1a: Rillaboom\n|-resisted|p1a: Rillaboom\n|-damage|p1a: Rillaboom|261/288\n|\n|-weather|Sandstorm|[upkeep]\n|-damage|p1a: Rillaboom|243/288|[from] Sandstorm\n|-heal|p1a: Rillaboom|261/288|[from] Grassy Terrain\n|upkeep\n|turn|2\n|\n|t:|1781407183\n|switch|p2a: Chesnaught|Chesnaught, L84, F|285/285\n|move|p1a: Rillaboom|Swords Dance|p1a: Rillaboom\n|-boost|p1a: Rillaboom|atk|2\n|\n|-weather|Sandstorm|[upkeep]\n|-damage|p1a: Rillaboom|243/288|[from] Sandstorm\n|-damage|p2a: Chesnaught|268/285|[from] Sandstorm\n|-heal|p1a: Rillaboom|261/288|[from] Grassy Terrain\n|-heal|p2a: Chesnaught|285/285|[from] Grassy Terrain\n|upkeep\n|turn|3\n|\n|t:|1781407201\n|switch|p2a: Bisharp|Bisharp, L79, F|232/232\n|move|p1a: Rillaboom|Wood Hammer|p2a: Bisharp\n|-resisted|p2a: Bisharp\n|-damage|p2a: Bisharp|76/232\n|-damage|p1a: Rillaboom|210/288|[from] Recoil\n|-damage|p1a: Rillaboom|182/288|[from] item: Life Orb\n|\n|-weather|Sandstorm|[upkeep]\n|-damage|p1a: Rillaboom|164/288|[from] Sandstorm\n|-heal|p1a: Rillaboom|182/288|[from] Grassy Terrain\n|-heal|p2a: Bisharp|90/232|[from] Grassy Terrain\n|upkeep\n|turn|4\n|\n|t:|1781407205\n|move|p2a: Bisharp|Sucker Punch|p1a: Rillaboom\n|-damage|p1a: Rillaboom|100/288\n|move|p1a: Rillaboom|High Horsepower|p2a: Bisharp\n|-supereffective|p2a: Bisharp\n|-damage|p2a: Bisharp|0 fnt\n|faint|p2a: Bisharp\n|-damage|p1a: Rillaboom|72/288|[from] item: Life Orb\n|\n|-weather|Sandstorm|[upkeep]\n|-damage|p1a: Rillaboom|54/288|[from] Sandstorm\n|-heal|p1a: Rillaboom|72/288|[from] Grassy Terrain\n|upkeep\n|\n|t:|1781407220\n|switch|p2a: Chesnaught|Chesnaught, L84, F|285/285\n|turn|5\n|\n|t:|1781407225\n|move|p1a: Rillaboom|Wood Hammer|p2a: Chesnaught\n|-resisted|p2a: Chesnaught\n|-damage|p2a: Chesnaught|95/285\n|-damage|p1a: Rillaboom|9/288|[from] Recoil\n|-damage|p1a: Rillaboom|0 fnt|[from] item: Life Orb\n|faint|p1a: Rillaboom\n|move|p2a: Chesnaught|Body Press|p1: Rillaboom|[notarget]\n|-fail|p2a: Chesnaught\n|\n|-weather|none\n|-heal|p2a: Chesnaught|112/285|[from] Grassy Terrain\n|-heal|p2a: Chesnaught|129/285|[from] item: Leftovers\n|-fieldend|move: Grassy Terrain\n|upkeep\n|\n|t:|1781407235\n|switch|p1a: Rotom|Rotom, L88|231/231\n|turn|6\n|\n|t:|1781407238\n|switch|p2a: Hatterene|Hatterene, L85, F|236/236\n|move|p1a: Rotom|Will-O-Wisp|p2a: Hatterene\n|move|p2a: Hatterene|Will-O-Wisp|p1a: Rotom|[from] ability: Magic Bounce\n|-status|p1a: Rotom|brn\n|\n|-damage|p1a: Rotom|217/231 brn|[from] brn\n|upkeep\n|turn|7\n|\n|t:|1781407248\n|move|p1a: Rotom|Shadow Ball|p2a: Hatterene\n|-supereffective|p2a: Hatterene\n|-damage|p2a: Hatterene|25/236\n|-damage|p1a: Rotom|194/231 brn|[from] item: Life Orb\n|move|p2a: Hatterene|Psychic|p1a: Rotom\n|-damage|p1a: Rotom|65/231 brn\n|\n|-heal|p2a: Hatterene|39/236|[from] item: Leftovers\n|-damage|p1a: Rotom|51/231 brn|[from] brn\n|upkeep\n|turn|8\n|\n|t:|1781407262\n|switch|p2a: Smeargle|Smeargle, L95, M|258/258\n|move|p1a: Rotom|Volt Switch|p2a: Smeargle\n|-damage|p2a: Smeargle|109/258\n|-damage|p1a: Rotom|28/231 brn|[from] item: Life Orb\n|\n|t:|1781407269\n|switch|p1a: Scovillain|Scovillain, L91, F|266/266|[from] Volt Switch\n|\n|upkeep\n|turn|9\n|\n|t:|1781407274\n|move|p1a: Scovillain|Flamethrower|p2a: Smeargle\n|-damage|p2a: Smeargle|0 fnt\n|faint|p2a: Smeargle\n|\n|upkeep\n|\n|t:|1781407279\n|switch|p2a: Lunala|Lunala, L70|308/308\n|turn|10\n|\n|t:|1781407291\n|switch|p1a: Rotom|Rotom, L88|28/231 brn\n|move|p2a: Lunala|Calm Mind|p2a: Lunala\n|-boost|p2a: Lunala|spa|1\n|-boost|p2a: Lunala|spd|1\n|\n|-damage|p1a: Rotom|14/231 brn|[from] brn\n|upkeep\n|turn|11\n|\n|t:|1781407300\n|-terastallize|p2a: Lunala|Fighting\n|move|p1a: Rotom|Shadow Ball|p2a: Lunala\n|-damage|p2a: Lunala|264/308\n|-unboost|p2a: Lunala|spd|1\n|-damage|p1a: Rotom|0 fnt|[from] item: Life Orb\n|faint|p1a: Rotom\n|move|p2a: Lunala|Calm Mind|p2a: Lunala\n|-boost|p2a: Lunala|spa|1\n|-boost|p2a: Lunala|spd|1\n|\n|-heal|p2a: Lunala|283/308|[from] item: Leftovers\n|upkeep\n|\n|t:|1781407316\n|switch|p1a: Houndstone|Houndstone, L86, F|264/264\n|turn|12\n|\n|t:|1781407323\n|-terastallize|p1a: Houndstone|Fighting\n|move|p2a: Lunala|Moongeist Beam|p1a: Houndstone\n|-damage|p1a: Houndstone|98/264\n|move|p1a: Houndstone|Roar|p2a: Lunala\n|drag|p2a: Hippowdon|Hippowdon, L82, F|311/311\n|-weather|Sandstorm|[from] ability: Sand Stream|[of] p2a: Hippowdon\n|\n|-weather|Sandstorm|[upkeep]\n|-damage|p1a: Houndstone|82/264|[from] Sandstorm\n|-heal|p1a: Houndstone|98/264|[from] item: Leftovers\n|upkeep\n|turn|13\n|\n|t:|1781407329\n|switch|p1a: Scovillain|Scovillain, L91, F|266/266\n|move|p2a: Hippowdon|Earthquake|p1a: Scovillain\n|-damage|p1a: Scovillain|134/266\n|\n|-weather|Sandstorm|[upkeep]\n|-damage|p1a: Scovillain|118/266|[from] Sandstorm\n|upkeep\n|turn|14\n|\n|t:|1781407337\n|switch|p2a: Chesnaught|Chesnaught, L84, F|129/285\n|move|p1a: Scovillain|Energy Ball|p2a: Chesnaught\n|-immune|p2a: Chesnaught|[from] ability: Bulletproof\n|\n|-weather|Sandstorm|[upkeep]\n|-damage|p1a: Scovillain|102/266|[from] Sandstorm\n|-damage|p2a: Chesnaught|112/285|[from] Sandstorm\n|-heal|p2a: Chesnaught|129/285|[from] item: Leftovers\n|upkeep\n|turn|15\n|\n|t:|1781407349\n|switch|p1a: Mandibuzz|Mandibuzz, L85, F|326/326\n|move|p2a: Chesnaught|Iron Defense|p2a: Chesnaught\n|-boost|p2a: Chesnaught|def|2\n|\n|-weather|Sandstorm|[upkeep]\n|-damage|p2a: Chesnaught|112/285|[from] Sandstorm\n|-heal|p2a: Chesnaught|129/285|[from] item: Leftovers\n|upkeep\n|turn|16\n|\n|t:|1781407353\n|move|p1a: Mandibuzz|U-turn|p2a: Chesnaught\n|-damage|p2a: Chesnaught|115/285\n|\n|t:|1781407357\n|switch|p1a: Scovillain|Scovillain, L91, F|102/266|[from] U-turn\n|move|p2a: Chesnaught|Body Press|p1a: Scovillain\n|-damage|p1a: Scovillain|0 fnt\n|faint|p1a: Scovillain\n|\n|-weather|none\n|-heal|p2a: Chesnaught|132/285|[from] item: Leftovers\n|upkeep\n|\n|t:|1781407360\n|switch|p1a: Emboar|Emboar, L84, M|322/322\n|turn|17\n|\n|t:|1781407365\n|move|p1a: Emboar|Flare Blitz|p2a: Chesnaught\n|-supereffective|p2a: Chesnaught\n|-damage|p2a: Chesnaught|0 fnt\n|faint|p2a: Chesnaught\n|-damage|p1a: Emboar|278/322|[from] Recoil\n|\n|upkeep\n|\n|t:|1781407369\n|switch|p2a: Hippowdon|Hippowdon, L82, F|311/311\n|-weather|Sandstorm|[from] ability: Sand Stream|[of] p2a: Hippowdon\n|turn|18\n|\n|t:|1781407374\n|move|p1a: Emboar|Flare Blitz|p2a: Hippowdon\n|-damage|p2a: Hippowdon|85/311\n|-damage|p1a: Emboar|203/322|[from] Recoil\n|move|p2a: Hippowdon|Curse|p2a: Hippowdon\n|-unboost|p2a: Hippowdon|spe|1\n|-boost|p2a: Hippowdon|atk|1\n|-boost|p2a: Hippowdon|def|1\n|\n|-weather|Sandstorm|[upkeep]\n|-damage|p1a: Emboar|183/322|[from] Sandstorm\n|-heal|p2a: Hippowdon|104/311|[from] item: Leftovers\n|upkeep\n|turn|19\n|\n|t:|1781407379\n|move|p1a: Emboar|Flare Blitz|p2a: Hippowdon\n|-damage|p2a: Hippowdon|0 fnt\n|faint|p2a: Hippowdon\n|-damage|p1a: Emboar|149/322|[from] Recoil\n|\n|-weather|Sandstorm|[upkeep]\n|-damage|p1a: Emboar|129/322|[from] Sandstorm\n|upkeep\n|\n|t:|1781407382\n|switch|p2a: Lunala|Lunala, L70, tera:Fighting|283/308\n|turn|20\n|\n|t:|1781407389\n|move|p2a: Lunala|Moonlight|p2a: Lunala\n|-heal|p2a: Lunala|308/308\n|move|p1a: Emboar|Flare Blitz|p2a: Lunala\n|-damage|p2a: Lunala|157/308\n|-damage|p1a: Emboar|79/322|[from] Recoil\n|\n|-weather|Sandstorm|[upkeep]\n|-damage|p2a: Lunala|138/308|[from] Sandstorm\n|-damage|p1a: Emboar|59/322|[from] Sandstorm\n|-heal|p2a: Lunala|157/308|[from] item: Leftovers\n|upkeep\n|turn|21\n|\n|t:|1781407393\n|move|p2a: Lunala|Moonlight|p2a: Lunala\n|-heal|p2a: Lunala|234/308\n|move|p1a: Emboar|Flare Blitz|p2a: Lunala\n|-damage|p2a: Lunala|0 fnt\n|faint|p2a: Lunala\n|-damage|p1a: Emboar|0 fnt|[from] Recoil\n|faint|p1a: Emboar\n|\n|-weather|Sandstorm|[upkeep]\n|upkeep\n|-message|LinkNinjaTC11 forfeited.\n|\n|win|YOYILANG2\n", "uploadtime": 1781407167, "views": 4, "formatid": "gen9randombattle", "rating": null, "private": 0, "password": null}