{"id": "gen9randombattle-2631371587", "format": "[Gen 9] Random Battle", "players": ["qiuescent", "Usummega"], "log": "|badge|p1|bronze|gen9randombattle|100-9\n|uhtml|medal-msg|<div class=\"broadcast-blue\">Curious what those medals under the avatar are? PS now has Ladder Seasons! For more information, check out the <a href=\"https://www.smogon.com/forums/threads/3740067/\">thread on Smogon.</a></div>\n|j|\u203dqiuescent\n|j|\u2606Usummega\n|t:|1781376816\n|gametype|singles\n|player|p1|qiuescent|265|2223\n|player|p2|Usummega|maxie-gen6|2204\n|gen|9\n|tier|[Gen 9] Random Battle\n|rated|\n|rule|Species Clause: Limit one of each Pok\u00e9mon\n|rule|HP Percentage Mod: HP is shown in percentages\n|rule|Sleep Clause Mod: Limit one foe put to sleep\n|rule|Illusion Level Mod: Illusion disguises the Pok\u00e9mon's true level\n|\n|t:|1781376816\n|teamsize|p1|6\n|teamsize|p2|6\n|start\n|switch|p1a: Hippowdon|Hippowdon, L82, M|311/311\n|switch|p2a: Iron Bundle|Iron Bundle, L78|215/215\n|-weather|Sandstorm|[from] ability: Sand Stream|[of] p1a: Hippowdon\n|turn|1\n|inactive|Battle timer is ON: inactive players will automatically lose when time's up. (requested by qiuescent)\n|\n|t:|1781376892\n|switch|p1a: Glaceon|Glaceon, L94, F|275/275\n|move|p2a: Iron Bundle|Flip Turn|p1a: Glaceon\n|-damage|p1a: Glaceon|239/275\n|\n|t:|1781376903\n|-end|p2a: Iron Bundle|Quark Drive|[silent]\n|switch|p2a: Okidogi|Okidogi, L77, M|262/262|[from] Flip Turn\n|\n|-weather|Sandstorm|[upkeep]\n|-damage|p1a: Glaceon|222/275|[from] Sandstorm\n|-damage|p2a: Okidogi|246/262|[from] Sandstorm\n|-heal|p2a: Okidogi|262/262|[from] item: Leftovers\n|upkeep\n|turn|2\n|l|\u203dqiuescent\n|inactive|qiuescent disconnected and has a minute to reconnect!\n|player|p1|\n|j|\u203dqiuescent\n|inactive|qiuescent reconnected and has 140 seconds left.\n|player|p1|qiuescent|265|\n|n|\u203dqiuescent|qiuescent\n|n|\u203dqiuescent|qiuescent\n|\n|t:|1781376930\n|switch|p1a: Pecharunt|Pecharunt, L77|262/262\n|move|p2a: Okidogi|Drain Punch|p1a: Pecharunt\n|-immune|p1a: Pecharunt\n|\n|-weather|Sandstorm|[upkeep]\n|-damage|p1a: Pecharunt|246/262|[from] Sandstorm\n|-damage|p2a: Okidogi|246/262|[from] Sandstorm\n|-heal|p1a: Pecharunt|262/262|[from] item: Leftovers\n|-heal|p2a: Okidogi|262/262|[from] item: Leftovers\n|upkeep\n|turn|3\n|\n|t:|1781376944\n|move|p1a: Pecharunt|Parting Shot|p2a: Okidogi\n|-unboost|p2a: Okidogi|atk|1\n|-unboost|p2a: Okidogi|spa|1\n|\n|t:|1781376946\n|switch|p1a: Braviary|Braviary, L85, M|309/309|[from] Parting Shot\n|move|p2a: Okidogi|Knock Off|p1a: Braviary\n|-damage|p1a: Braviary|258/309\n|-enditem|p1a: Braviary|Heavy-Duty Boots|[from] move: Knock Off|[of] p2a: Okidogi\n|\n|-weather|Sandstorm|[upkeep]\n|-damage|p1a: Braviary|239/309|[from] Sandstorm\n|-damage|p2a: Okidogi|246/262|[from] Sandstorm\n|-heal|p2a: Okidogi|262/262|[from] item: Leftovers\n|upkeep\n|turn|4\n|\n|t:|1781376960\n|switch|p2a: Tinkaton|Tinkaton, L82, F|274/274\n|-ability|p2a: Tinkaton|Mold Breaker\n|move|p1a: Braviary|Brave Bird|p2a: Tinkaton\n|-resisted|p2a: Tinkaton\n|-damage|p2a: Tinkaton|191/274\n|-damage|p1a: Braviary|212/309|[from] Recoil\n|\n|-weather|Sandstorm|[upkeep]\n|-damage|p1a: Braviary|193/309|[from] Sandstorm\n|-heal|p2a: Tinkaton|208/274|[from] item: Leftovers\n|upkeep\n|turn|5\n|\n|t:|1781376970\n|switch|p2a: Golurk|Golurk, L87|297/297\n|move|p1a: Braviary|Roost|p1a: Braviary\n|-heal|p1a: Braviary|309/309\n|-singleturn|p1a: Braviary|move: Roost\n|\n|-weather|none\n|upkeep\n|turn|6\n|\n|t:|1781376975\n|move|p1a: Braviary|Bulk Up|p1a: Braviary\n|-boost|p1a: Braviary|atk|1\n|-boost|p1a: Braviary|def|1\n|move|p2a: Golurk|Stealth Rock|p1a: Braviary\n|-sidestart|p1: qiuescent|move: Stealth Rock\n|\n|upkeep\n|turn|7\n|\n|t:|1781376980\n|switch|p2a: Tinkaton|Tinkaton, L82, F|208/274\n|-ability|p2a: Tinkaton|Mold Breaker\n|move|p1a: Braviary|Brave Bird|p2a: Tinkaton\n|-resisted|p2a: Tinkaton\n|-crit|p2a: Tinkaton\n|-damage|p2a: Tinkaton|16/274\n|-damage|p1a: Braviary|246/309|[from] Recoil\n|\n|-heal|p2a: Tinkaton|33/274|[from] item: Leftovers\n|upkeep\n|turn|8\n|\n|t:|1781376988\n|move|p2a: Tinkaton|Thunder Wave|p1a: Braviary\n|-status|p1a: Braviary|par\n|move|p1a: Braviary|Brave Bird|p2a: Tinkaton\n|-resisted|p2a: Tinkaton\n|-damage|p2a: Tinkaton|0 fnt\n|faint|p2a: Tinkaton\n|-damage|p1a: Braviary|235/309 par|[from] Recoil\n|\n|upkeep\n|\n|t:|1781376994\n|switch|p2a: Iron Bundle|Iron Bundle, L78|215/215\n|turn|9\n|\n|t:|1781376997\n|switch|p1a: Glaceon|Glaceon, L94, F|222/275\n|move|p2a: Iron Bundle|Flip Turn|p1a: Glaceon\n|-damage|p1a: Glaceon|183/275\n|\n|t:|1781377003\n|-end|p2a: Iron Bundle|Quark Drive|[silent]\n|switch|p2a: Okidogi|Okidogi, L77, M|262/262|[from] Flip Turn\n|\n|upkeep\n|turn|10\n|\n|t:|1781377009\n|switch|p1a: Pecharunt|Pecharunt, L77|262/262\n|-damage|p1a: Pecharunt|230/262|[from] Stealth Rock\n|move|p2a: Okidogi|Drain Punch|p1a: Pecharunt\n|-immune|p1a: Pecharunt\n|\n|-heal|p1a: Pecharunt|246/262|[from] item: Leftovers\n|upkeep\n|turn|11\n|\n|t:|1781377021\n|move|p1a: Pecharunt|Shadow Ball|p2a: Okidogi\n|-damage|p2a: Okidogi|186/262\n|-unboost|p2a: Okidogi|spd|1\n|move|p2a: Okidogi|Knock Off|p1a: Pecharunt\n|-supereffective|p1a: Pecharunt\n|-damage|p1a: Pecharunt|154/262\n|-enditem|p1a: Pecharunt|Leftovers|[from] move: Knock Off|[of] p2a: Okidogi\n|\n|-heal|p2a: Okidogi|202/262|[from] item: Leftovers\n|upkeep\n|turn|12\n|\n|t:|1781377026\n|switch|p2a: Kingambit|Kingambit, L74, M|270/270\n|-activate|p2a: Kingambit|ability: Supreme Overlord\n|-start|p2a: Kingambit|fallen1|[silent]\n|move|p1a: Pecharunt|Recover|p1a: Pecharunt\n|-heal|p1a: Pecharunt|262/262\n|\n|upkeep\n|turn|13\n|\n|t:|1781377036\n|move|p1a: Pecharunt|Parting Shot|p2a: Kingambit\n|-unboost|p2a: Kingambit|atk|1\n|-unboost|p2a: Kingambit|spa|1\n|\n|t:|1781377038\n|switch|p1a: Hippowdon|Hippowdon, L82, M|311/311|[from] Parting Shot\n|-damage|p1a: Hippowdon|292/311|[from] Stealth Rock\n|-weather|Sandstorm|[from] ability: Sand Stream|[of] p1a: Hippowdon\n|move|p2a: Kingambit|Kowtow Cleave|p1a: Hippowdon\n|-damage|p1a: Hippowdon|240/311\n|\n|-weather|Sandstorm|[upkeep]\n|-heal|p1a: Hippowdon|259/311|[from] item: Leftovers\n|upkeep\n|turn|14\n|\n|t:|1781377051\n|-end|p2a: Kingambit|fallen1|[silent]\n|switch|p2a: Iron Bundle|Iron Bundle, L78|215/215\n|move|p1a: Hippowdon|Earthquake|p2a: Iron Bundle\n|-damage|p2a: Iron Bundle|119/215\n|\n|-weather|Sandstorm|[upkeep]\n|-damage|p2a: Iron Bundle|106/215|[from] Sandstorm\n|-heal|p1a: Hippowdon|278/311|[from] item: Leftovers\n|upkeep\n|turn|15\n|\n|t:|1781377059\n|switch|p1a: Braviary|Braviary, L85, M|235/309 par\n|-damage|p1a: Braviary|158/309 par|[from] Stealth Rock\n|move|p2a: Iron Bundle|Hydro Pump|p1a: Braviary\n|-damage|p1a: Braviary|0 fnt\n|faint|p1a: Braviary\n|\n|-weather|Sandstorm|[upkeep]\n|-damage|p2a: Iron Bundle|93/215|[from] Sandstorm\n|upkeep\n|\n|t:|1781377068\n|switch|p1a: Chesnaught|Chesnaught, L84, M|285/285\n|-damage|p1a: Chesnaught|268/285|[from] Stealth Rock\n|turn|16\n|inactive|Usummega has 120 seconds left.\n|\n|t:|1781377102\n|-end|p2a: Iron Bundle|Quark Drive|[silent]\n|switch|p2a: Okidogi|Okidogi, L77, M|202/262\n|move|p1a: Chesnaught|Knock Off|p2a: Okidogi\n|-resisted|p2a: Okidogi\n|-crit|p2a: Okidogi\n|-damage|p2a: Okidogi|156/262\n|-enditem|p2a: Okidogi|Leftovers|[from] move: Knock Off|[of] p1a: Chesnaught\n|\n|-weather|Sandstorm|[upkeep]\n|-damage|p2a: Okidogi|140/262|[from] Sandstorm\n|-damage|p1a: Chesnaught|251/285|[from] Sandstorm\n|upkeep\n|turn|17\n|\n|t:|1781377108\n|switch|p1a: Pecharunt|Pecharunt, L77|262/262\n|-damage|p1a: Pecharunt|230/262|[from] Stealth Rock\n|move|p2a: Okidogi|Knock Off|p1a: Pecharunt\n|-supereffective|p1a: Pecharunt\n|-damage|p1a: Pecharunt|166/262\n|\n|-weather|none\n|upkeep\n|turn|18\n|\n|t:|1781377111\n|switch|p2a: Iron Bundle|Iron Bundle, L78|93/215\n|move|p1a: Pecharunt|Recover|p1a: Pecharunt\n|-heal|p1a: Pecharunt|262/262\n|\n|upkeep\n|turn|19\n|\n|t:|1781377117\n|-terastallize|p2a: Iron Bundle|Water\n|move|p2a: Iron Bundle|Hydro Pump|p1a: Pecharunt\n|-damage|p1a: Pecharunt|6/262\n|move|p1a: Pecharunt|Malignant Chain|p2a: Iron Bundle\n|-damage|p2a: Iron Bundle|0 fnt\n|faint|p2a: Iron Bundle\n|-end|p2a: Iron Bundle|Quark Drive|[silent]\n|\n|upkeep\n|\n|t:|1781377124\n|switch|p2a: Haxorus|Haxorus, L77, F|244/244\n|-ability|p2a: Haxorus|Mold Breaker\n|turn|20\n|\n|t:|1781377133\n|move|p2a: Haxorus|Iron Head|p1a: Pecharunt\n|-damage|p1a: Pecharunt|0 fnt\n|faint|p1a: Pecharunt\n|\n|upkeep\n|\n|t:|1781377158\n|switch|p1a: Hippowdon|Hippowdon, L82, M|278/311\n|-damage|p1a: Hippowdon|259/311|[from] Stealth Rock\n|-weather|Sandstorm|[from] ability: Sand Stream|[of] p1a: Hippowdon\n|turn|21\n|\n|t:|1781377168\n|move|p2a: Haxorus|Swords Dance|p2a: Haxorus\n|-boost|p2a: Haxorus|atk|2\n|move|p1a: Hippowdon|Curse|p1a: Hippowdon\n|-unboost|p1a: Hippowdon|spe|1\n|-boost|p1a: Hippowdon|atk|1\n|-boost|p1a: Hippowdon|def|1\n|\n|-weather|Sandstorm|[upkeep]\n|-damage|p2a: Haxorus|229/244|[from] Sandstorm\n|-heal|p1a: Hippowdon|278/311|[from] item: Leftovers\n|upkeep\n|turn|22\n|\n|t:|1781377174\n|move|p2a: Haxorus|Iron Head|p1a: Hippowdon\n|-damage|p1a: Hippowdon|204/311\n|move|p1a: Hippowdon|Earthquake|p2a: Haxorus\n|-damage|p2a: Haxorus|39/244\n|\n|-weather|Sandstorm|[upkeep]\n|-damage|p2a: Haxorus|24/244|[from] Sandstorm\n|-heal|p1a: Hippowdon|223/311|[from] item: Leftovers\n|upkeep\n|turn|23\n|\n|t:|1781377181\n|switch|p1a: Chesnaught|Chesnaught, L84, M|251/285\n|-damage|p1a: Chesnaught|234/285|[from] Stealth Rock\n|move|p2a: Haxorus|Scale Shot|p1a: Chesnaught\n|-damage|p1a: Chesnaught|186/285\n|-damage|p1a: Chesnaught|135/285\n|-damage|p1a: Chesnaught|90/285\n|-damage|p1a: Chesnaught|41/285\n|-damage|p1a: Chesnaught|0 fnt\n|faint|p1a: Chesnaught\n|-hitcount|p1: Chesnaught|5\n|-unboost|p2a: Haxorus|def|1\n|-boost|p2a: Haxorus|spe|1\n|\n|-weather|Sandstorm|[upkeep]\n|-damage|p2a: Haxorus|9/244|[from] Sandstorm\n|upkeep\n|\n|t:|1781377183\n|switch|p1a: Bisharp|Bisharp, L79, F|232/232\n|-damage|p1a: Bisharp|218/232|[from] Stealth Rock\n|turn|24\n|\n|t:|1781377195\n|move|p1a: Bisharp|Sucker Punch|p2a: Haxorus\n|-damage|p2a: Haxorus|0 fnt\n|faint|p2a: Haxorus\n|\n|-weather|Sandstorm|[upkeep]\n|upkeep\n|\n|t:|1781377197\n|switch|p2a: Okidogi|Okidogi, L77, M|140/262\n|turn|25\n|n|\u203dqiuescent|qiuescent\n|n|\u203dqiuescent|qiuescent\n|inactive|qiuescent has 120 seconds left.\n|n|\u203dqiuescent|qiuescent\n|n|\u203dqiuescent|qiuescent\n|\n|t:|1781377247\n|move|p2a: Okidogi|Bulk Up|p2a: Okidogi\n|-boost|p2a: Okidogi|atk|1\n|-boost|p2a: Okidogi|def|1\n|move|p1a: Bisharp|Iron Head|p2a: Okidogi\n|-damage|p2a: Okidogi|85/262\n|\n|-weather|none\n|upkeep\n|turn|26\n|\n|t:|1781377257\n|-terastallize|p1a: Bisharp|Ghost\n|move|p2a: Okidogi|Drain Punch|p1a: Bisharp\n|-immune|p1a: Bisharp\n|move|p1a: Bisharp|Iron Head|p2a: Okidogi\n|-damage|p2a: Okidogi|28/262\n|\n|upkeep\n|turn|27\n|\n|t:|1781377268\n|move|p2a: Okidogi|Knock Off|p1a: Bisharp\n|-supereffective|p1a: Bisharp\n|-damage|p1a: Bisharp|76/232\n|-status|p1a: Bisharp|tox|[from] ability: Toxic Chain|[of] p2a: Okidogi\n|-enditem|p1a: Bisharp|Eviolite|[from] move: Knock Off|[of] p2a: Okidogi\n|move|p1a: Bisharp|Iron Head|p2a: Okidogi\n|-damage|p2a: Okidogi|0 fnt\n|faint|p2a: Okidogi\n|\n|-damage|p1a: Bisharp|62/232 tox|[from] psn\n|upkeep\n|\n|t:|1781377278\n|switch|p2a: Kingambit|Kingambit, L74, M|270/270\n|-activate|p2a: Kingambit|ability: Supreme Overlord\n|-start|p2a: Kingambit|fallen4|[silent]\n|turn|28\n|\n|t:|1781377282\n|switch|p1a: Hippowdon|Hippowdon, L82, M|223/311\n|-damage|p1a: Hippowdon|204/311|[from] Stealth Rock\n|-weather|Sandstorm|[from] ability: Sand Stream|[of] p1a: Hippowdon\n|move|p2a: Kingambit|Swords Dance|p2a: Kingambit\n|-boost|p2a: Kingambit|atk|2\n|\n|-weather|Sandstorm|[upkeep]\n|-heal|p1a: Hippowdon|223/311|[from] item: Leftovers\n|upkeep\n|turn|29\n|\n|t:|1781377290\n|move|p1a: Hippowdon|Curse|p1a: Hippowdon\n|-unboost|p1a: Hippowdon|spe|1\n|-boost|p1a: Hippowdon|atk|1\n|-boost|p1a: Hippowdon|def|1\n|move|p2a: Kingambit|Iron Head|p1a: Hippowdon\n|-damage|p1a: Hippowdon|88/311\n|\n|-weather|Sandstorm|[upkeep]\n|-heal|p1a: Hippowdon|107/311|[from] item: Leftovers\n|upkeep\n|turn|30\n|\n|t:|1781377302\n|move|p2a: Kingambit|Iron Head|p1a: Hippowdon\n|-damage|p1a: Hippowdon|0 fnt\n|faint|p1a: Hippowdon\n|\n|-weather|Sandstorm|[upkeep]\n|upkeep\n|\n|t:|1781377303\n|switch|p1a: Glaceon|Glaceon, L94, F|183/275\n|turn|31\n|inactive|Usummega has 120 seconds left.\n|\n|t:|1781377350\n|move|p1a: Glaceon|Freeze-Dry|p2a: Kingambit\n|-resisted|p2a: Kingambit\n|-damage|p2a: Kingambit|207/270\n|move|p2a: Kingambit|Iron Head|p1a: Glaceon\n|-supereffective|p1a: Glaceon\n|-damage|p1a: Glaceon|0 fnt\n|faint|p1a: Glaceon\n|\n|-weather|Sandstorm|[upkeep]\n|-heal|p2a: Kingambit|223/270|[from] item: Leftovers\n|upkeep\n|\n|t:|1781377353\n|switch|p1a: Bisharp|Bisharp, L79, F, tera:Ghost|62/232 tox\n|-damage|p1a: Bisharp|33/232 tox|[from] Stealth Rock\n|turn|32\n|\n|t:|1781377357\n|move|p2a: Kingambit|Sucker Punch|p1a: Bisharp\n|-supereffective|p1a: Bisharp\n|-damage|p1a: Bisharp|0 fnt\n|faint|p1a: Bisharp\n|\n|win|Usummega\n", "uploadtime": 1781376817, "views": 7, "formatid": "gen9randombattle", "rating": null, "private": 0, "password": null}