{"id": "gen9randombattle-2631845641", "format": "[Gen 9] Random Battle", "players": ["as4 on show", "Chickenadoboy"], "log": "|j|\u2606as4 on show\n|j|\u2606Chickenadoboy\n|t:|1781447440\n|gametype|singles\n|player|p1|as4 on show|170|2022\n|player|p2|Chickenadoboy|266|2085\n|gen|9\n|tier|[Gen 9] Random Battle\n|rated|\n|rule|Species Clause: Limit one of each Pok\u00e9mon\n|rule|HP Percentage Mod: HP is shown in percentages\n|rule|Sleep Clause Mod: Limit one foe put to sleep\n|rule|Illusion Level Mod: Illusion disguises the Pok\u00e9mon's true level\n|\n|t:|1781447440\n|teamsize|p1|6\n|teamsize|p2|6\n|start\n|switch|p1a: Entei|Entei, L78|307/307\n|switch|p2a: Comfey|Comfey, L85, F|225/225\n|turn|1\n|inactive|Battle timer is ON: inactive players will automatically lose when time's up. (requested by as4 on show)\n|inactive|Chickenadoboy has 120 seconds left.\n|\n|t:|1781447478\n|switch|p2a: Scream Tail|Scream Tail, L84|330/330\n|move|p1a: Entei|Sacred Fire|p2a: Scream Tail\n|-damage|p2a: Scream Tail|182/330\n|\n|-heal|p2a: Scream Tail|202/330|[from] item: Leftovers\n|upkeep\n|turn|2\n|\n|t:|1781447491\n|switch|p1a: Pawmot|Pawmot, L80, M|243/243\n|move|p2a: Scream Tail|Wish|p2a: Scream Tail\n|\n|-heal|p2a: Scream Tail|222/330|[from] item: Leftovers\n|upkeep\n|turn|3\n|\n|t:|1781447501\n|switch|p1a: Gothitelle|Gothitelle, L90, F|272/272\n|move|p2a: Scream Tail|Protect||[still]\n|-fail|p2a: Scream Tail\n|\n|-heal|p2a: Scream Tail|330/330|[from] move: Wish|[wisher] Scream Tail\n|upkeep\n|turn|4\n|\n|t:|1781447505\n|move|p1a: Gothitelle|Trick|p2a: Scream Tail\n|-activate|p1a: Gothitelle|move: Trick|[of] p2a: Scream Tail\n|-item|p2a: Scream Tail|Choice Scarf|[from] move: Trick\n|-item|p1a: Gothitelle|Leftovers|[from] move: Trick\n|move|p2a: Scream Tail|Thunder Wave|p1a: Gothitelle\n|-status|p1a: Gothitelle|par\n|\n|upkeep\n|turn|5\n|\n|t:|1781447512\n|move|p2a: Scream Tail|Thunder Wave|p1a: Gothitelle\n|-fail|p1a: Gothitelle|par\n|move|p1a: Gothitelle|Dark Pulse|p2a: Scream Tail\n|-damage|p2a: Scream Tail|277/330\n|\n|upkeep\n|turn|6\n|\n|t:|1781447515\n|move|p2a: Scream Tail|Thunder Wave|p1a: Gothitelle\n|-fail|p1a: Gothitelle|par\n|move|p1a: Gothitelle|Dark Pulse|p2a: Scream Tail\n|-damage|p2a: Scream Tail|225/330\n|\n|upkeep\n|turn|7\n|\n|t:|1781447516\n|move|p2a: Scream Tail|Thunder Wave|p1a: Gothitelle\n|-fail|p1a: Gothitelle|par\n|move|p1a: Gothitelle|Dark Pulse|p2a: Scream Tail\n|-damage|p2a: Scream Tail|167/330\n|\n|upkeep\n|turn|8\n|\n|t:|1781447518\n|move|p2a: Scream Tail|Thunder Wave|p1a: Gothitelle\n|-fail|p1a: Gothitelle|par\n|move|p1a: Gothitelle|Dark Pulse|p2a: Scream Tail\n|-damage|p2a: Scream Tail|118/330\n|\n|upkeep\n|turn|9\n|\n|t:|1781447519\n|move|p2a: Scream Tail|Thunder Wave|p1a: Gothitelle\n|-fail|p1a: Gothitelle|par\n|move|p1a: Gothitelle|Dark Pulse|p2a: Scream Tail\n|-damage|p2a: Scream Tail|65/330\n|\n|upkeep\n|turn|10\n|\n|t:|1781447520\n|move|p2a: Scream Tail|Thunder Wave|p1a: Gothitelle\n|-fail|p1a: Gothitelle|par\n|move|p1a: Gothitelle|Dark Pulse|p2a: Scream Tail\n|-damage|p2a: Scream Tail|10/330\n|\n|upkeep\n|turn|11\n|\n|t:|1781447522\n|move|p2a: Scream Tail|Thunder Wave|p1a: Gothitelle\n|-fail|p1a: Gothitelle|par\n|move|p1a: Gothitelle|Dark Pulse|p2a: Scream Tail\n|-crit|p2a: Scream Tail\n|-damage|p2a: Scream Tail|0 fnt\n|faint|p2a: Scream Tail\n|-end|p2a: Scream Tail|Protosynthesis|[silent]\n|\n|upkeep\n|\n|t:|1781447539\n|switch|p2a: Comfey|Comfey, L85, F|225/225\n|turn|12\n|\n|t:|1781447546\n|switch|p1a: Entei|Entei, L78|307/307\n|move|p2a: Comfey|Calm Mind|p2a: Comfey\n|-boost|p2a: Comfey|spa|1\n|-boost|p2a: Comfey|spd|1\n|\n|upkeep\n|turn|13\n|\n|t:|1781447551\n|move|p2a: Comfey|Calm Mind|p2a: Comfey\n|-boost|p2a: Comfey|spa|1\n|-boost|p2a: Comfey|spd|1\n|move|p1a: Entei|Sacred Fire|p2a: Comfey\n|-damage|p2a: Comfey|78/225\n|\n|-heal|p2a: Comfey|92/225|[from] item: Leftovers\n|upkeep\n|turn|14\n|\n|t:|1781447554\n|move|p2a: Comfey|Synthesis|p2a: Comfey\n|-heal|p2a: Comfey|204/225\n|move|p1a: Entei|Sacred Fire|p2a: Comfey\n|-damage|p2a: Comfey|50/225\n|\n|-heal|p2a: Comfey|64/225|[from] item: Leftovers\n|upkeep\n|turn|15\n|\n|t:|1781447564\n|-terastallize|p2a: Comfey|Ground\n|move|p2a: Comfey|Tera Blast|p1a: Entei|[anim] Tera Blast Ground\n|-supereffective|p1a: Entei\n|-damage|p1a: Entei|0 fnt\n|faint|p1a: Entei\n|\n|-heal|p2a: Comfey|78/225|[from] item: Leftovers\n|upkeep\n|\n|t:|1781447576\n|switch|p1a: Avalugg|Avalugg, L88, M|310/310\n|turn|16\n|\n|t:|1781447584\n|move|p2a: Comfey|Tera Blast|p1a: Avalugg|[anim] Tera Blast Ground\n|-damage|p1a: Avalugg|66/310\n|move|p1a: Avalugg|Avalanche|p2a: Comfey\n|-supereffective|p2a: Comfey\n|-damage|p2a: Comfey|0 fnt\n|faint|p2a: Comfey\n|\n|upkeep\n|\n|t:|1781447608\n|switch|p2a: Vivillon|Vivillon-Elegant, L83, M|268/268\n|turn|17\n|\n|t:|1781447611\n|switch|p1a: Gothitelle|Gothitelle, L90, F|272/272 par\n|move|p2a: Vivillon|Bug Buzz|p1a: Gothitelle\n|-supereffective|p1a: Gothitelle\n|-damage|p1a: Gothitelle|138/272 par\n|\n|-heal|p1a: Gothitelle|155/272 par|[from] item: Leftovers\n|upkeep\n|turn|18\n|\n|t:|1781447615\n|move|p2a: Vivillon|Quiver Dance|p2a: Vivillon\n|-boost|p2a: Vivillon|spa|1\n|-boost|p2a: Vivillon|spd|1\n|-boost|p2a: Vivillon|spe|1\n|move|p1a: Gothitelle|Psychic|p2a: Vivillon\n|-damage|p2a: Vivillon|154/268\n|\n|-heal|p1a: Gothitelle|172/272 par|[from] item: Leftovers\n|upkeep\n|turn|19\n|\n|t:|1781447618\n|move|p2a: Vivillon|Quiver Dance|p2a: Vivillon\n|-boost|p2a: Vivillon|spa|1\n|-boost|p2a: Vivillon|spd|1\n|-boost|p2a: Vivillon|spe|1\n|move|p1a: Gothitelle|Psychic|p2a: Vivillon\n|-damage|p2a: Vivillon|78/268\n|\n|-heal|p1a: Gothitelle|189/272 par|[from] item: Leftovers\n|upkeep\n|turn|20\n|\n|t:|1781447623\n|move|p2a: Vivillon|Bug Buzz|p1a: Gothitelle\n|-supereffective|p1a: Gothitelle\n|-damage|p1a: Gothitelle|0 fnt\n|faint|p1a: Gothitelle\n|\n|upkeep\n|\n|t:|1781447625\n|switch|p1a: Archaludon|Archaludon, L78, M|268/268\n|turn|21\n|\n|t:|1781447630\n|switch|p1a: Avalugg|Avalugg, L88, M|66/310\n|move|p2a: Vivillon|Sleep Powder|p1a: Avalugg\n|-status|p1a: Avalugg|slp|[from] move: Sleep Powder\n|\n|upkeep\n|turn|22\n|\n|t:|1781447635\n|switch|p1a: Archaludon|Archaludon, L78, M|268/268\n|move|p2a: Vivillon|Bug Buzz|p1a: Archaludon\n|-resisted|p1a: Archaludon\n|-damage|p1a: Archaludon|148/268\n|-ability|p1a: Archaludon|Stamina|boost\n|-boost|p1a: Archaludon|def|1\n|\n|-heal|p1a: Archaludon|164/268|[from] item: Leftovers\n|upkeep\n|turn|23\n|\n|t:|1781447642\n|move|p2a: Vivillon|Bug Buzz|p1a: Archaludon\n|-resisted|p1a: Archaludon\n|-damage|p1a: Archaludon|55/268\n|-ability|p1a: Archaludon|Stamina|boost\n|-boost|p1a: Archaludon|def|1\n|move|p1a: Archaludon|Body Press|p2a: Vivillon\n|-resisted|p2a: Vivillon\n|-damage|p2a: Vivillon|29/268\n|\n|-heal|p1a: Archaludon|71/268|[from] item: Leftovers\n|upkeep\n|turn|24\n|\n|t:|1781447650\n|move|p2a: Vivillon|Bug Buzz|p1a: Archaludon\n|-resisted|p1a: Archaludon\n|-damage|p1a: Archaludon|0 fnt\n|faint|p1a: Archaludon\n|\n|upkeep\n|\n|t:|1781447652\n|switch|p1a: Pawmot|Pawmot, L80, M|243/243\n|turn|25\n|\n|t:|1781447667\n|-terastallize|p1a: Pawmot|Electric\n|move|p2a: Vivillon|Hurricane|p1a: Pawmot\n|-resisted|p1a: Pawmot\n|-damage|p1a: Pawmot|102/243\n|move|p1a: Pawmot|Double Shock|p2a: Vivillon\n|-supereffective|p2a: Vivillon\n|-damage|p2a: Vivillon|0 fnt\n|-start|p1a: Pawmot|typechange|Electric|[from] move: Double Shock\n|faint|p2a: Vivillon\n|-damage|p1a: Pawmot|78/243|[from] item: Life Orb\n|\n|upkeep\n|\n|t:|1781447679\n|switch|p2a: Mewtwo|Mewtwo, L72|272/272\n|-ability|p2a: Mewtwo|Pressure\n|turn|26\n|\n|t:|1781447682\n|switch|p1a: Avalugg|Avalugg, L88, M|66/310 slp\n|move|p2a: Mewtwo|Psystrike|p1a: Avalugg\n|-damage|p1a: Avalugg|0 fnt\n|faint|p1a: Avalugg\n|-damage|p2a: Mewtwo|245/272|[from] item: Life Orb\n|\n|upkeep\n|\n|t:|1781447683\n|switch|p1a: Heracross|Heracross, L80, M|259/259\n|turn|27\n|\n|t:|1781447691\n|switch|p2a: Banette|Banette, L93, F|270/270\n|move|p1a: Heracross|Trailblaze|p2a: Banette\n|-damage|p2a: Banette|224/270\n|-boost|p1a: Heracross|spe|1\n|\n|-status|p1a: Heracross|brn|[from] item: Flame Orb\n|upkeep\n|turn|28\n|\n|t:|1781447698\n|move|p1a: Heracross|Knock Off|p2a: Banette\n|-supereffective|p2a: Banette\n|-damage|p2a: Banette|0 fnt\n|-enditem|p2a: Banette|Life Orb|[from] move: Knock Off|[of] p1a: Heracross\n|faint|p2a: Banette\n|\n|-damage|p1a: Heracross|243/259 brn|[from] brn\n|upkeep\n|c|\u2606as4 on show|?\n|-message|Chickenadoboy forfeited.\n|\n|win|as4 on show\n", "uploadtime": 1781447441, "views": 3, "formatid": "gen9randombattle", "rating": null, "private": 0, "password": null}