{"id": "gen9randombattle-2631606026", "format": "[Gen 9] Random Battle", "players": ["snivy#1fan", "Cake_chan23"], "log": "|j|\u2606snivy#1fan\n|j|\u2606Cake_chan23\n|t:|1781407814\n|gametype|singles\n|player|p1|snivy#1fan|dawn-gen4pt|1906\n|player|p2|Cake_chan23|roxanne|1922\n|gen|9\n|tier|[Gen 9] Random Battle\n|rated|\n|rule|Species Clause: Limit one of each Pok\u00e9mon\n|rule|HP Percentage Mod: HP is shown in percentages\n|rule|Sleep Clause Mod: Limit one foe put to sleep\n|rule|Illusion Level Mod: Illusion disguises the Pok\u00e9mon's true level\n|\n|t:|1781407814\n|teamsize|p1|6\n|teamsize|p2|6\n|start\n|switch|p1a: Wugtrio|Wugtrio, L91, F|212/212\n|switch|p2a: Regice|Regice, L88|284/284\n|turn|1\n|inactive|Battle timer is ON: inactive players will automatically lose when time's up. (requested by Cake_chan23)\n|\n|t:|1781407831\n|switch|p1a: Clefable|Clefable, L83, M|293/293\n|move|p2a: Regice|Thunderbolt|p1a: Clefable\n|-damage|p1a: Clefable|226/293\n|\n|-heal|p1a: Clefable|244/293|[from] item: Leftovers\n|upkeep\n|turn|2\n|\n|t:|1781407838\n|move|p1a: Clefable|Knock Off|p2a: Regice\n|-damage|p2a: Regice|239/284\n|-enditem|p2a: Regice|Heavy-Duty Boots|[from] move: Knock Off|[of] p1a: Clefable\n|move|p2a: Regice|Thunder Wave|p1a: Clefable\n|-status|p1a: Clefable|par\n|\n|-heal|p1a: Clefable|262/293 par|[from] item: Leftovers\n|upkeep\n|turn|3\n|\n|t:|1781407844\n|move|p2a: Regice|Ice Beam|p1a: Clefable\n|-damage|p1a: Clefable|151/293 par\n|cant|p1a: Clefable|par\n|\n|-heal|p1a: Clefable|169/293 par|[from] item: Leftovers\n|upkeep\n|turn|4\n|\n|t:|1781407850\n|move|p2a: Regice|Ice Beam|p1a: Clefable\n|-damage|p1a: Clefable|58/293 par\n|move|p1a: Clefable|Moonlight|p1a: Clefable\n|-heal|p1a: Clefable|204/293 par\n|\n|-heal|p1a: Clefable|222/293 par|[from] item: Leftovers\n|upkeep\n|turn|5\n|\n|t:|1781407865\n|move|p2a: Regice|Ice Beam|p1a: Clefable\n|-damage|p1a: Clefable|122/293 par\n|cant|p1a: Clefable|par\n|\n|-heal|p1a: Clefable|140/293 par|[from] item: Leftovers\n|upkeep\n|turn|6\n|\n|t:|1781407871\n|move|p2a: Regice|Ice Beam|p1a: Clefable\n|-damage|p1a: Clefable|28/293 par\n|move|p1a: Clefable|Moonlight|p1a: Clefable\n|-heal|p1a: Clefable|174/293 par\n|\n|-heal|p1a: Clefable|192/293 par|[from] item: Leftovers\n|upkeep\n|turn|7\n|\n|t:|1781407896\n|switch|p1a: Ditto|Ditto, L87|225/225\n|-transform|p1a: Ditto|p2a: Regice|[from] ability: Imposter\n|move|p2a: Regice|Ice Beam|p1a: Ditto\n|-resisted|p1a: Ditto\n|-damage|p1a: Ditto|201/225\n|\n|upkeep\n|turn|8\n|\n|t:|1781407905\n|switch|p1a: Clefable|Clefable, L83, M|192/293 par\n|move|p2a: Regice|Thunder Wave|p1a: Clefable\n|-fail|p1a: Clefable|par\n|\n|-heal|p1a: Clefable|210/293 par|[from] item: Leftovers\n|upkeep\n|turn|9\n|\n|t:|1781407915\n|move|p2a: Regice|Ice Beam|p1a: Clefable\n|-damage|p1a: Clefable|110/293 par\n|move|p1a: Clefable|Moonblast|p2a: Regice\n|-damage|p2a: Regice|187/284\n|\n|-heal|p1a: Clefable|128/293 par|[from] item: Leftovers\n|upkeep\n|turn|10\n|\n|t:|1781407921\n|move|p2a: Regice|Ice Beam|p1a: Clefable\n|-damage|p1a: Clefable|23/293 par\n|move|p1a: Clefable|Moonlight|p1a: Clefable\n|-heal|p1a: Clefable|169/293 par\n|\n|-heal|p1a: Clefable|187/293 par|[from] item: Leftovers\n|upkeep\n|turn|11\n|inactive|snivy#1fan has 120 seconds left.\n|\n|t:|1781407962\n|switch|p1a: Wugtrio|Wugtrio, L91, F|212/212\n|move|p2a: Regice|Ice Beam|p1a: Wugtrio\n|-resisted|p1a: Wugtrio\n|-damage|p1a: Wugtrio|148/212\n|\n|upkeep\n|turn|12\n|\n|t:|1781407968\n|move|p1a: Wugtrio|Liquidation|p2a: Regice\n|-damage|p2a: Regice|43/284\n|move|p2a: Regice|Thunderbolt|p1a: Wugtrio\n|-supereffective|p1a: Wugtrio\n|-damage|p1a: Wugtrio|2/212\n|\n|upkeep\n|turn|13\n|\n|t:|1781407973\n|move|p1a: Wugtrio|Liquidation|p2a: Regice\n|-damage|p2a: Regice|0 fnt\n|faint|p2a: Regice\n|\n|upkeep\n|\n|t:|1781407978\n|switch|p2a: Seviper|Seviper, L93, F|287/287\n|turn|14\n|\n|t:|1781407983\n|move|p1a: Wugtrio|Liquidation|p2a: Seviper\n|-damage|p2a: Seviper|82/287\n|move|p2a: Seviper|Trailblaze|p1a: Wugtrio\n|-supereffective|p1a: Wugtrio\n|-damage|p1a: Wugtrio|0 fnt\n|-boost|p2a: Seviper|spe|1\n|-ability|p1a: Wugtrio|Gooey\n|-unboost|p2a: Seviper|spe|1\n|faint|p1a: Wugtrio\n|\n|-heal|p2a: Seviper|99/287|[from] item: Leftovers\n|upkeep\n|\n|t:|1781407992\n|switch|p1a: Squawkabilly|Squawkabilly-Blue, L85, M|278/278\n|turn|15\n|\n|t:|1781407995\n|move|p1a: Squawkabilly|Brave Bird|p2a: Seviper\n|-damage|p2a: Seviper|0 fnt\n|faint|p2a: Seviper\n|-damage|p1a: Squawkabilly|245/278|[from] Recoil\n|\n|-status|p1a: Squawkabilly|brn|[from] item: Flame Orb\n|upkeep\n|\n|t:|1781407998\n|switch|p2a: Garganacl|Garganacl, L80, F|291/291\n|turn|16\n|\n|t:|1781408027\n|switch|p1a: Ditto|Ditto, L87|201/225\n|-transform|p1a: Ditto|p2a: Garganacl|[from] ability: Imposter\n|move|p2a: Garganacl|Salt Cure|p1a: Ditto\n|-damage|p1a: Ditto|171/225\n|-start|p1a: Ditto|Salt Cure\n|\n|-damage|p1a: Ditto|143/225|[from] Salt Cure\n|upkeep\n|turn|17\n|\n|t:|1781408037\n|move|p1a: Ditto|Salt Cure|p2a: Garganacl\n|-damage|p2a: Garganacl|254/291\n|-start|p2a: Garganacl|Salt Cure\n|move|p2a: Garganacl|Iron Defense|p2a: Garganacl\n|-boost|p2a: Garganacl|def|2\n|\n|-heal|p2a: Garganacl|272/291|[from] item: Leftovers\n|-damage|p1a: Ditto|115/225|[from] Salt Cure\n|-damage|p2a: Garganacl|236/291|[from] Salt Cure\n|upkeep\n|turn|18\n|\n|t:|1781408042\n|switch|p1a: Venomoth|Venomoth, L84, M|255/255\n|move|p2a: Garganacl|Body Press|p1a: Venomoth\n|-resisted|p1a: Venomoth\n|-damage|p1a: Venomoth|213/255\n|\n|-heal|p2a: Garganacl|254/291|[from] item: Leftovers\n|-damage|p2a: Garganacl|218/291|[from] Salt Cure\n|upkeep\n|turn|19\n|\n|t:|1781408050\n|move|p1a: Venomoth|Sludge Wave|p2a: Garganacl\n|-resisted|p2a: Garganacl\n|-damage|p2a: Garganacl|120/291\n|move|p2a: Garganacl|Salt Cure|p1a: Venomoth\n|-supereffective|p1a: Venomoth\n|-damage|p1a: Venomoth|115/255\n|-start|p1a: Venomoth|Salt Cure\n|\n|-heal|p2a: Garganacl|138/291|[from] item: Leftovers\n|-damage|p1a: Venomoth|84/255|[from] Salt Cure\n|-damage|p2a: Garganacl|102/291|[from] Salt Cure\n|upkeep\n|turn|20\n|\n|t:|1781408060\n|switch|p1a: Ditto|Ditto, L87|115/225\n|-transform|p1a: Ditto|p2a: Garganacl|[from] ability: Imposter\n|switch|p2a: Chansey|Chansey, L85, F|564/564\n|\n|upkeep\n|turn|21\n|\n|t:|1781408072\n|move|p1a: Ditto|Body Press|p2a: Chansey\n|-supereffective|p2a: Chansey\n|-damage|p2a: Chansey|0 fnt\n|faint|p2a: Chansey\n|\n|upkeep\n|\n|t:|1781408080\n|switch|p2a: Carbink|Carbink, L90|236/236\n|turn|22\n|\n|t:|1781408090\n|move|p1a: Ditto|Body Press|p2a: Carbink\n|-damage|p2a: Carbink|157/236\n|move|p2a: Carbink|Iron Defense|p2a: Carbink\n|-boost|p2a: Carbink|def|2\n|\n|upkeep\n|turn|23\n|inactive|snivy#1fan has 120 seconds left.\n|c|\u2606snivy#1fan|this matchup seems impossible\n|\n|t:|1781408124\n|switch|p1a: Venomoth|Venomoth, L84, M|84/255\n|move|p2a: Carbink|Body Press|p1a: Venomoth\n|-resisted|p1a: Venomoth\n|-crit|p1a: Venomoth\n|-damage|p1a: Venomoth|0 fnt\n|faint|p1a: Venomoth\n|\n|upkeep\n|inactive|snivy#1fan has 120 seconds left.\n|\n|t:|1781408134\n|switch|p1a: Ninetales|Ninetales-Alola, L78, M|242/242\n|-weather|Snowscape|[from] ability: Snow Warning|[of] p1a: Ninetales\n|turn|24\n|\n|t:|1781408139\n|move|p1a: Ninetales|Blizzard|p2a: Carbink\n|-damage|p2a: Carbink|106/236\n|move|p2a: Carbink|Body Press|p1a: Ninetales\n|-damage|p1a: Ninetales|100/242\n|\n|-weather|Snowscape|[upkeep]\n|upkeep\n|turn|25\n|\n|t:|1781408148\n|move|p1a: Ninetales|Blizzard|p2a: Carbink\n|-damage|p2a: Carbink|49/236\n|-status|p2a: Carbink|frz\n|-curestatus|p2a: Carbink|frz|[msg]\n|move|p2a: Carbink|Body Press|p1a: Ninetales\n|-damage|p1a: Ninetales|0 fnt\n|faint|p1a: Ninetales\n|\n|-weather|Snowscape|[upkeep]\n|upkeep\n|\n|t:|1781408153\n|switch|p1a: Ditto|Ditto, L87|115/225\n|-transform|p1a: Ditto|p2a: Carbink|[from] ability: Imposter\n|turn|26\n|\n|t:|1781408160\n|move|p1a: Ditto|Body Press|p2a: Carbink\n|-damage|p2a: Carbink|0 fnt\n|faint|p2a: Carbink\n|\n|-weather|Snowscape|[upkeep]\n|upkeep\n|\n|t:|1781408164\n|switch|p2a: Garganacl|Garganacl, L80, F|102/291\n|turn|27\n|\n|t:|1781408168\n|switch|p1a: Squawkabilly|Squawkabilly-Blue, L85, M|245/278 brn\n|-terastallize|p2a: Garganacl|Ghost\n|move|p2a: Garganacl|Iron Defense|p2a: Garganacl\n|-boost|p2a: Garganacl|def|2\n|\n|-weather|Snowscape|[upkeep]\n|-heal|p2a: Garganacl|120/291|[from] item: Leftovers\n|-damage|p1a: Squawkabilly|228/278 brn|[from] brn\n|upkeep\n|turn|28\n|\n|t:|1781408175\n|move|p1a: Squawkabilly|Brave Bird|p2a: Garganacl\n|-damage|p2a: Garganacl|41/291\n|-damage|p1a: Squawkabilly|202/278 brn|[from] Recoil\n|move|p2a: Garganacl|Recover|p2a: Garganacl\n|-heal|p2a: Garganacl|187/291\n|\n|-weather|none\n|-heal|p2a: Garganacl|205/291|[from] item: Leftovers\n|-damage|p1a: Squawkabilly|185/278 brn|[from] brn\n|upkeep\n|turn|29\n|-message|snivy#1fan forfeited.\n|\n|win|Cake_chan23\n", "uploadtime": 1781407816, "views": 3, "formatid": "gen9randombattle", "rating": null, "private": 0, "password": null}