{"id": "gen9randombattle-2631936859", "format": "[Gen 9] Random Battle", "players": ["makkereel", "Daruma"], "log": "|j|\u2606makkereel\n|j|\u2606Daruma\n|t:|1781457566\n|gametype|singles\n|player|p1|makkereel|170|2140\n|player|p2|Daruma|#ruplixsleekslushrushers|2167\n|gen|9\n|tier|[Gen 9] Random Battle\n|rated|\n|rule|Species Clause: Limit one of each Pok\u00e9mon\n|rule|HP Percentage Mod: HP is shown in percentages\n|rule|Sleep Clause Mod: Limit one foe put to sleep\n|rule|Illusion Level Mod: Illusion disguises the Pok\u00e9mon's true level\n|\n|t:|1781457566\n|teamsize|p1|6\n|teamsize|p2|6\n|start\n|switch|p1a: Rhyperior|Rhyperior, L82, F|323/323\n|switch|p2a: Iron Valiant|Iron Valiant, L78|235/235\n|turn|1\n|\n|t:|1781457575\n|switch|p2a: Dondozo|Dondozo, L78, F|362/362\n|move|p1a: Rhyperior|Earthquake|p2a: Dondozo\n|-damage|p2a: Dondozo|239/362\n|\n|-heal|p2a: Dondozo|261/362|[from] item: Leftovers\n|upkeep\n|turn|2\n|\n|t:|1781457583\n|switch|p1a: Sinistcha|Sinistcha, L83|254/254\n|switch|p2a: Iron Valiant|Iron Valiant, L78|235/235\n|\n|upkeep\n|turn|3\n|\n|t:|1781457597\n|switch|p1a: Rhyperior|Rhyperior, L82, F|323/323\n|move|p2a: Iron Valiant|Dark Pulse|p1a: Rhyperior\n|-damage|p1a: Rhyperior|169/323\n|\n|upkeep\n|turn|4\n|c|\u2606makkereel|hmmmmmmm\n|\n|t:|1781457609\n|switch|p2a: Dondozo|Dondozo, L78, F|261/362\n|move|p1a: Rhyperior|Dragon Tail|p2a: Dondozo\n|-damage|p2a: Dondozo|214/362\n|drag|p2a: Iron Valiant|Iron Valiant, L78|235/235\n|\n|upkeep\n|turn|5\n|c|\u2606makkereel|which one is it\n|c|\u2606Daruma|n_n\n|\n|t:|1781457630\n|move|p2a: Iron Valiant|Dark Pulse|p1a: Rhyperior\n|-damage|p1a: Rhyperior|21/323\n|move|p1a: Rhyperior|Earthquake|p2a: Iron Valiant\n|-damage|p2a: Iron Valiant|63/235\n|replace|p2a: Zoroark|Zoroark, L83, M\n|-end|p2a: Zoroark|Illusion\n|-hint|Illusion Level Mod is active, so this Pok\u00e9mon's true level was hidden.\n|\n|upkeep\n|turn|6\n|j| zxch64\n|l| zxch64\n|\n|t:|1781457645\n|move|p2a: Zoroark|Dark Pulse|p1a: Rhyperior\n|-damage|p1a: Rhyperior|0 fnt\n|faint|p1a: Rhyperior\n|\n|upkeep\n|\n|t:|1781457655\n|switch|p1a: Minun|Minun, L95, M|268/268\n|turn|7\n|inactive|Battle timer is ON: inactive players will automatically lose when time's up. (requested by Daruma)\n|\n|t:|1781457662\n|switch|p2a: Regieleki|Regieleki, L79|256/256\n|move|p1a: Minun|Thunderbolt|p2a: Regieleki\n|-resisted|p2a: Regieleki\n|-crit|p2a: Regieleki\n|-damage|p2a: Regieleki|96/256\n|-damage|p1a: Minun|242/268|[from] item: Life Orb\n|\n|upkeep\n|turn|8\n|\n|t:|1781457674\n|move|p2a: Regieleki|Volt Switch|p1a: Minun\n|-heal|p1a: Minun|268/268|[from] ability: Volt Absorb|[of] p2a: Regieleki\n|move|p1a: Minun|Thunderbolt|p2a: Regieleki\n|-resisted|p2a: Regieleki\n|-damage|p2a: Regieleki|0 fnt\n|faint|p2a: Regieleki\n|-damage|p1a: Minun|242/268|[from] item: Life Orb\n|\n|upkeep\n|\n|t:|1781457677\n|switch|p2a: Regidrago|Regidrago, L77|435/435\n|turn|9\n|\n|t:|1781457684\n|move|p1a: Minun|Alluring Voice|p2a: Regidrago\n|-supereffective|p2a: Regidrago\n|-crit|p2a: Regidrago\n|-damage|p2a: Regidrago|48/435\n|-damage|p1a: Minun|216/268|[from] item: Life Orb\n|move|p2a: Regidrago|Dragon Dance|p2a: Regidrago\n|-boost|p2a: Regidrago|atk|1\n|-boost|p2a: Regidrago|spe|1\n|\n|upkeep\n|turn|10\n|c|\u2606makkereel|mb\n|\n|t:|1781457702\n|switch|p1a: Trevenant|Trevenant, L89, M|296/296\n|move|p2a: Regidrago|Earthquake|p1a: Trevenant\n|-resisted|p1a: Trevenant\n|-damage|p1a: Trevenant|249/296\n|\n|upkeep\n|turn|11\n|\n|t:|1781457710\n|move|p2a: Regidrago|Outrage|p1a: Trevenant\n|-damage|p1a: Trevenant|0 fnt\n|faint|p1a: Trevenant\n|\n|upkeep\n|\n|t:|1781457732\n|switch|p1a: Minun|Minun, L95, M|216/268\n|turn|12\n|inactive|makkereel has 120 seconds left.\n|\n|t:|1781457757\n|-terastallize|p1a: Minun|Fairy\n|move|p2a: Regidrago|Outrage|p1a: Minun|[from] lockedmove\n|-immune|p1a: Minun\n|move|p1a: Minun|Encore|p2a: Regidrago\n|-start|p2a: Regidrago|Encore\n|\n|upkeep\n|turn|13\n|\n|t:|1781457766\n|switch|p2a: Dondozo|Dondozo, L78, F|214/362\n|move|p1a: Minun|Nasty Plot|p1a: Minun\n|-boost|p1a: Minun|spa|2\n|\n|-heal|p2a: Dondozo|236/362|[from] item: Leftovers\n|upkeep\n|turn|14\n|\n|t:|1781457770\n|-terastallize|p2a: Dondozo|Dragon\n|move|p1a: Minun|Thunderbolt|p2a: Dondozo\n|-resisted|p2a: Dondozo\n|-crit|p2a: Dondozo\n|-damage|p2a: Dondozo|114/362\n|-damage|p1a: Minun|190/268|[from] item: Life Orb\n|move|p2a: Dondozo|Wave Crash|p1a: Minun\n|-damage|p1a: Minun|31/268\n|-damage|p2a: Dondozo|62/362|[from] Recoil\n|\n|-heal|p2a: Dondozo|84/362|[from] item: Leftovers\n|upkeep\n|turn|15\n|\n|t:|1781457776\n|switch|p2a: Regidrago|Regidrago, L77|48/435\n|move|p1a: Minun|Alluring Voice|p2a: Regidrago\n|-supereffective|p2a: Regidrago\n|-damage|p2a: Regidrago|0 fnt\n|faint|p2a: Regidrago\n|-damage|p1a: Minun|5/268|[from] item: Life Orb\n|\n|upkeep\n|\n|t:|1781457778\n|switch|p2a: Dondozo|Dondozo, L78, F, tera:Dragon|84/362\n|turn|16\n|\n|t:|1781457780\n|move|p1a: Minun|Alluring Voice|p2a: Dondozo\n|-supereffective|p2a: Dondozo\n|-crit|p2a: Dondozo\n|-damage|p2a: Dondozo|0 fnt\n|faint|p2a: Dondozo\n|-damage|p1a: Minun|0 fnt|[from] item: Life Orb\n|faint|p1a: Minun\n|\n|upkeep\n|\n|t:|1781457793\n|switch|p1a: Venomoth|Venomoth, L84, M|255/255\n|switch|p2a: Iron Valiant|Iron Valiant, L78|244/244\n|turn|17\n|\n|t:|1781457801\n|move|p2a: Iron Valiant|Spirit Break|p1a: Venomoth\n|-resisted|p1a: Venomoth\n|-damage|p1a: Venomoth|182/255\n|-unboost|p1a: Venomoth|spa|1\n|-damage|p2a: Iron Valiant|220/244|[from] item: Life Orb\n|move|p1a: Venomoth|Quiver Dance|p1a: Venomoth\n|-boost|p1a: Venomoth|spa|1\n|-boost|p1a: Venomoth|spd|1\n|-boost|p1a: Venomoth|spe|1\n|\n|upkeep\n|turn|18\n|\n|t:|1781457806\n|-end|p2a: Iron Valiant|Quark Drive|[silent]\n|switch|p2a: Articuno|Articuno-Galar, L84|63/235\n|move|p1a: Venomoth|Sludge Wave|p2a: Articuno\n|-damage|p2a: Articuno|0 fnt\n|replace|p2a: Zoroark|Zoroark, L83, M\n|-end|p2a: Zoroark|Illusion\n|faint|p2a: Zoroark\n|\n|upkeep\n|\n|t:|1781457809\n|switch|p2a: Articuno|Articuno-Galar, L84|288/288\n|turn|19\n|inactive|makkereel has 120 seconds left.\n|\n|t:|1781457839\n|switch|p1a: Tauros|Tauros, L82, M|257/257\n|move|p2a: Articuno|Calm Mind|p2a: Articuno\n|-boost|p2a: Articuno|spa|1\n|-boost|p2a: Articuno|spd|1\n|\n|upkeep\n|turn|20\n|\n|t:|1781457846\n|move|p1a: Tauros|Throat Chop|p2a: Articuno\n|-supereffective|p2a: Articuno\n|-damage|p2a: Articuno|93/288\n|move|p2a: Articuno|Hurricane|p1a: Tauros|[miss]\n|-miss|p2a: Articuno|p1a: Tauros\n|\n|upkeep\n|turn|21\n|-message|Daruma forfeited.\n|\n|win|makkereel\n", "uploadtime": 1781457568, "views": 3, "formatid": "gen9randombattle", "rating": null, "private": 0, "password": null}