{"id": "gen9randombattle-2631386482", "format": "[Gen 9] Random Battle", "players": ["hepooo", "grabschaender"], "log": "|j|\u2606hepooo\n|j|\u2606grabschaender\n|t:|1781378543\n|gametype|singles\n|player|p1|hepooo|morty|2213\n|player|p2|grabschaender|candice|2249\n|gen|9\n|tier|[Gen 9] Random Battle\n|rated|\n|rule|Species Clause: Limit one of each Pok\u00e9mon\n|rule|HP Percentage Mod: HP is shown in percentages\n|rule|Sleep Clause Mod: Limit one foe put to sleep\n|rule|Illusion Level Mod: Illusion disguises the Pok\u00e9mon's true level\n|\n|t:|1781378543\n|teamsize|p1|6\n|teamsize|p2|6\n|start\n|switch|p1a: Gastrodon|Gastrodon-East, L86, M|331/331\n|switch|p2a: Pyroar|Pyroar, L88, F|295/295\n|-ability|p2a: Pyroar|Unnerve\n|turn|1\n|\n|t:|1781378557\n|switch|p2a: Gumshoos|Gumshoos, L95, F|321/321\n|move|p1a: Gastrodon|Surf|p2a: Gumshoos\n|-damage|p2a: Gumshoos|203/321\n|\n|upkeep\n|turn|2\n|\n|t:|1781378582\n|switch|p1a: Skarmory|Skarmory, L80, F|235/235\n|move|p2a: Gumshoos|Knock Off|p1a: Skarmory\n|-damage|p1a: Skarmory|17/235\n|-enditem|p1a: Skarmory|Leftovers|[from] move: Knock Off|[of] p2a: Gumshoos\n|\n|upkeep\n|turn|3\n|\n|t:|1781378591\n|switch|p2a: Pyroar|Pyroar, L88, F|295/295\n|-ability|p2a: Pyroar|Unnerve\n|move|p1a: Skarmory|Roost|p1a: Skarmory\n|-heal|p1a: Skarmory|135/235\n|-singleturn|p1a: Skarmory|move: Roost\n|\n|upkeep\n|turn|4\n|j| rufoush\n|\n|t:|1781378596\n|switch|p1a: Gastrodon|Gastrodon-East, L86, M|331/331\n|move|p2a: Pyroar|Work Up|p2a: Pyroar\n|-boost|p2a: Pyroar|atk|1\n|-boost|p2a: Pyroar|spa|1\n|\n|upkeep\n|turn|5\n|\n|t:|1781378599\n|move|p2a: Pyroar|Hyper Voice|p1a: Gastrodon\n|-damage|p1a: Gastrodon|162/331\n|move|p1a: Gastrodon|Surf|p2a: Pyroar\n|-supereffective|p2a: Pyroar\n|-damage|p2a: Pyroar|65/295\n|\n|-heal|p1a: Gastrodon|182/331|[from] item: Leftovers\n|upkeep\n|turn|6\n|\n|t:|1781378604\n|move|p2a: Pyroar|Hyper Voice|p1a: Gastrodon\n|-damage|p1a: Gastrodon|0 fnt\n|faint|p1a: Gastrodon\n|\n|upkeep\n|\n|t:|1781378607\n|switch|p1a: Regieleki|Regieleki, L79|256/256\n|turn|7\n|\n|t:|1781378610\n|move|p1a: Regieleki|Volt Switch|p2a: Pyroar\n|-damage|p2a: Pyroar|0 fnt\n|faint|p2a: Pyroar\n|\n|t:|1781378614\n|switch|p1a: Noctowl|Noctowl, L95, F|344/344|[from] Volt Switch\n|\n|upkeep\n|\n|t:|1781378624\n|switch|p2a: Gumshoos|Gumshoos, L95, F|203/321\n|turn|8\n|\n|t:|1781378628\n|move|p1a: Noctowl|Hurricane|p2a: Gumshoos\n|-damage|p2a: Gumshoos|58/321\n|move|p2a: Gumshoos|Double-Edge|p1a: Noctowl\n|-damage|p1a: Noctowl|0 fnt\n|faint|p1a: Noctowl\n|-damage|p2a: Gumshoos|0 fnt|[from] Recoil\n|faint|p2a: Gumshoos\n|\n|upkeep\n|\n|t:|1781378639\n|switch|p1a: Skarmory|Skarmory, L80, F|135/235\n|switch|p2a: Pecharunt|Pecharunt, L77|262/262\n|turn|9\n|\n|t:|1781378679\n|move|p2a: Pecharunt|Nasty Plot|p2a: Pecharunt\n|-boost|p2a: Pecharunt|spa|2\n|move|p1a: Skarmory|Roost|p1a: Skarmory\n|-heal|p1a: Skarmory|235/235\n|-singleturn|p1a: Skarmory|move: Roost\n|\n|upkeep\n|turn|10\n|\n|t:|1781378702\n|move|p2a: Pecharunt|Shadow Ball|p1a: Skarmory\n|-damage|p1a: Skarmory|63/235\n|-unboost|p1a: Skarmory|spd|1\n|move|p1a: Skarmory|Brave Bird|p2a: Pecharunt\n|-damage|p2a: Pecharunt|195/262\n|-damage|p1a: Skarmory|41/235|[from] Recoil\n|\n|-heal|p2a: Pecharunt|211/262|[from] item: Leftovers\n|upkeep\n|turn|11\n|inactive|Battle timer is ON: inactive players will automatically lose when time's up. (requested by hepooo)\n|\n|t:|1781378749\n|move|p2a: Pecharunt|Shadow Ball|p1a: Skarmory\n|-damage|p1a: Skarmory|0 fnt\n|faint|p1a: Skarmory\n|\n|-heal|p2a: Pecharunt|227/262|[from] item: Leftovers\n|upkeep\n|\n|t:|1781378769\n|switch|p1a: Donphan|Donphan, L84, M|288/288\n|turn|12\n|inactive|grabschaender has 120 seconds left.\n|\n|t:|1781378820\n|-terastallize|p2a: Pecharunt|Dark\n|move|p2a: Pecharunt|Malignant Chain|p1a: Donphan\n|-resisted|p1a: Donphan\n|-crit|p1a: Donphan\n|-damage|p1a: Donphan|126/288\n|-status|p1a: Donphan|tox\n|-start|p1a: Donphan|confusion|[from] ability: Poison Puppeteer|[of] p2a: Pecharunt\n|-activate|p1a: Donphan|confusion\n|-damage|p1a: Donphan|100/288 tox|[from] confusion\n|\n|-heal|p2a: Pecharunt|243/262|[from] item: Leftovers\n|-damage|p1a: Donphan|82/288 tox|[from] psn\n|upkeep\n|turn|13\n|inactive|hepooo has 120 seconds left.\n|\n|t:|1781378851\n|-activate|p1a: Donphan|confusion\n|move|p1a: Donphan|Ice Shard|p2a: Pecharunt\n|-damage|p2a: Pecharunt|211/262\n|move|p2a: Pecharunt|Shadow Ball|p1a: Donphan\n|-damage|p1a: Donphan|0 fnt\n|faint|p1a: Donphan\n|\n|-heal|p2a: Pecharunt|227/262|[from] item: Leftovers\n|upkeep\n|inactive|hepooo has 120 seconds left.\n|\n|t:|1781378858\n|switch|p1a: Regieleki|Regieleki, L79|256/256\n|turn|14\n|\n|t:|1781378862\n|move|p1a: Regieleki|Volt Switch|p2a: Pecharunt\n|-damage|p2a: Pecharunt|118/262\n|\n|t:|1781378864\n|switch|p1a: Dipplin|Dipplin, L88, F|284/284|[from] Volt Switch\n|move|p2a: Pecharunt|Recover|p2a: Pecharunt\n|-heal|p2a: Pecharunt|249/262\n|\n|-heal|p2a: Pecharunt|262/262|[from] item: Leftovers\n|upkeep\n|turn|15\n|\n|t:|1781378876\n|-terastallize|p1a: Dipplin|Steel\n|move|p2a: Pecharunt|Malignant Chain|p1a: Dipplin\n|-immune|p1a: Dipplin\n|move|p1a: Dipplin|Dragon Pulse|p2a: Pecharunt\n|-damage|p2a: Pecharunt|147/262\n|\n|-heal|p2a: Pecharunt|163/262|[from] item: Leftovers\n|upkeep\n|turn|16\n|\n|t:|1781378899\n|switch|p2a: Greninja|Greninja, L80, M|246/246\n|move|p1a: Dipplin|Dragon Pulse|p2a: Greninja\n|-damage|p2a: Greninja|123/246\n|\n|upkeep\n|turn|17\n|\n|t:|1781378902\n|move|p2a: Greninja|Dark Pulse|p1a: Dipplin\n|-damage|p1a: Dipplin|213/284\n|-damage|p2a: Greninja|99/246|[from] item: Life Orb\n|move|p1a: Dipplin|Giga Drain|p2a: Greninja\n|-supereffective|p2a: Greninja\n|-damage|p2a: Greninja|0 fnt\n|-heal|p1a: Dipplin|263/284|[from] drain|[of] p2a: Greninja\n|faint|p2a: Greninja\n|\n|upkeep\n|\n|t:|1781378919\n|switch|p2a: Iron Valiant|Iron Valiant, L78|244/244\n|turn|18\n|inactive|grabschaender has 120 seconds left.\n|inactive|grabschaender has 90 seconds left.\n|inactive|grabschaender has 60 seconds left.\n|inactive|grabschaender has 30 seconds left.\n|inactive|grabschaender has 20 seconds left.\n|inactive|grabschaender has 15 seconds left.\n|\n|t:|1781379041\n|move|p2a: Iron Valiant|Close Combat|p1a: Dipplin\n|-supereffective|p1a: Dipplin\n|-damage|p1a: Dipplin|68/284\n|-unboost|p2a: Iron Valiant|def|1\n|-unboost|p2a: Iron Valiant|spd|1\n|-damage|p2a: Iron Valiant|220/244|[from] item: Life Orb\n|move|p1a: Dipplin|Giga Drain|p2a: Iron Valiant\n|-damage|p2a: Iron Valiant|28/244\n|-heal|p1a: Dipplin|164/284|[from] drain|[of] p2a: Iron Valiant\n|\n|upkeep\n|turn|19\n|inactive|grabschaender has 25 seconds left this turn.\n|inactive|grabschaender has 20 seconds left.\n|\n|t:|1781379058\n|move|p1a: Dipplin|Sucker Punch|p2a: Iron Valiant\n|-resisted|p2a: Iron Valiant\n|-damage|p2a: Iron Valiant|9/244\n|move|p2a: Iron Valiant|Close Combat|p1a: Dipplin\n|-supereffective|p1a: Dipplin\n|-damage|p1a: Dipplin|0 fnt\n|-unboost|p2a: Iron Valiant|def|1\n|-unboost|p2a: Iron Valiant|spd|1\n|faint|p1a: Dipplin\n|-damage|p2a: Iron Valiant|0 fnt|[from] item: Life Orb\n|faint|p2a: Iron Valiant\n|-end|p2a: Iron Valiant|Quark Drive|[silent]\n|\n|upkeep\n|inactive|grabschaender has 25 seconds left this turn.\n|inactive|grabschaender has 20 seconds left.\n|\n|t:|1781379064\n|switch|p2a: Arceus|Arceus-Fighting, L70|284/284\n|switch|p1a: Regieleki|Regieleki, L79|256/256\n|turn|20\n|inactive|grabschaender has 30 seconds left this turn.\n|\n|t:|1781379070\n|move|p1a: Regieleki|Thunderbolt|p2a: Arceus\n|-damage|p2a: Arceus|149/284\n|move|p2a: Arceus|Body Press|p1a: Regieleki\n|-damage|p1a: Regieleki|115/256\n|\n|upkeep\n|turn|21\n|\n|t:|1781379079\n|move|p1a: Regieleki|Thunderbolt|p2a: Arceus\n|-damage|p2a: Arceus|28/284\n|move|p2a: Arceus|Body Press|p1a: Regieleki\n|-damage|p1a: Regieleki|0 fnt\n|faint|p1a: Regieleki\n|\n|win|grabschaender\n", "uploadtime": 1781378545, "views": 6, "formatid": "gen9randombattle", "rating": null, "private": 0, "password": null}