{"id": "gen9randombattle-2631888146", "format": "[Gen 9] Random Battle", "players": ["Rajxt", "Anders08"], "log": "|j|\u2606Rajxt\n|j|\u2606Anders08\n|t:|1781452272\n|gametype|singles\n|player|p1|Rajxt|266|1090\n|player|p2|Anders08|lucas-gen4pt|1085\n|gen|9\n|tier|[Gen 9] Random Battle\n|rated|\n|rule|Species Clause: Limit one of each Pok\u00e9mon\n|rule|HP Percentage Mod: HP is shown in percentages\n|rule|Sleep Clause Mod: Limit one foe put to sleep\n|rule|Illusion Level Mod: Illusion disguises the Pok\u00e9mon's true level\n|\n|t:|1781452272\n|teamsize|p1|6\n|teamsize|p2|6\n|start\n|switch|p1a: Koraidon|Koraidon, L64|235/235\n|switch|p2a: Torterra|Torterra, L78, M|276/276\n|-weather|SunnyDay|[from] ability: Orichalcum Pulse|[of] p1a: Koraidon\n|-activate|p1a: Koraidon|Orichalcum Pulse|[source]\n|turn|1\n|\n|t:|1781452292\n|switch|p2a: Golduck|Golduck, L90, M|290/290\n|-ability|p2a: Golduck|Cloud Nine\n|move|p1a: Koraidon|Swords Dance|p1a: Koraidon\n|-boost|p1a: Koraidon|atk|2\n|\n|-weather|SunnyDay|[upkeep]\n|upkeep\n|turn|2\n|\n|t:|1781452310\n|move|p1a: Koraidon|Scale Shot|p2a: Golduck\n|-damage|p2a: Golduck|251/290\n|-damage|p2a: Golduck|212/290\n|-damage|p2a: Golduck|170/290\n|-damage|p2a: Golduck|127/290\n|-damage|p2a: Golduck|87/290\n|-hitcount|p2a: Golduck|5\n|-unboost|p1a: Koraidon|def|1\n|-boost|p1a: Koraidon|spe|1\n|move|p2a: Golduck|Nasty Plot|p2a: Golduck\n|-boost|p2a: Golduck|spa|2\n|\n|-weather|SunnyDay|[upkeep]\n|-heal|p2a: Golduck|105/290|[from] item: Leftovers\n|upkeep\n|turn|3\n|\n|t:|1781452329\n|move|p1a: Koraidon|Collision Course|p2a: Golduck\n|-damage|p2a: Golduck|0 fnt\n|faint|p2a: Golduck\n|\n|-weather|SunnyDay|[upkeep]\n|upkeep\n|\n|t:|1781452338\n|switch|p2a: Enamorus|Enamorus-Therian, L83, F|259/259\n|turn|4\n|\n|t:|1781452352\n|switch|p1a: Probopass|Probopass, L91, F|257/257\n|move|p2a: Enamorus|Moonblast|p1a: Probopass\n|-resisted|p1a: Probopass\n|-damage|p1a: Probopass|215/257\n|\n|-weather|SunnyDay|[upkeep]\n|-heal|p1a: Probopass|231/257|[from] item: Leftovers\n|upkeep\n|turn|5\n|\n|t:|1781452368\n|move|p1a: Probopass|Thunder Wave|p2a: Enamorus\n|-status|p2a: Enamorus|par\n|move|p2a: Enamorus|Earth Power|p1a: Probopass\n|-supereffective|p1a: Probopass\n|-damage|p1a: Probopass|31/257\n|\n|-weather|none\n|-heal|p1a: Probopass|47/257|[from] item: Leftovers\n|upkeep\n|turn|6\n|\n|t:|1781452379\n|move|p1a: Probopass|Power Gem|p2a: Enamorus\n|-supereffective|p2a: Enamorus\n|-crit|p2a: Enamorus\n|-damage|p2a: Enamorus|47/259 par\n|-enditem|p2a: Enamorus|Weakness Policy\n|-boost|p2a: Enamorus|atk|2|[from] item: Weakness Policy\n|-boost|p2a: Enamorus|spa|2|[from] item: Weakness Policy\n|cant|p2a: Enamorus|par\n|\n|-heal|p1a: Probopass|63/257|[from] item: Leftovers\n|upkeep\n|turn|7\n|\n|t:|1781452389\n|move|p1a: Probopass|Power Gem|p2a: Enamorus\n|-supereffective|p2a: Enamorus\n|-damage|p2a: Enamorus|0 fnt\n|faint|p2a: Enamorus\n|\n|-heal|p1a: Probopass|79/257|[from] item: Leftovers\n|upkeep\n|\n|t:|1781452400\n|switch|p2a: Rampardos|Rampardos, L90, M|321/321\n|turn|8\n|\n|t:|1781452419\n|-terastallize|p1a: Probopass|Fighting\n|move|p2a: Rampardos|Earthquake|p1a: Probopass\n|-damage|p1a: Probopass|0 fnt\n|faint|p1a: Probopass\n|-damage|p2a: Rampardos|289/321|[from] item: Life Orb\n|\n|upkeep\n|\n|t:|1781452431\n|switch|p1a: Koraidon|Koraidon, L64|235/235\n|-weather|SunnyDay|[from] ability: Orichalcum Pulse|[of] p1a: Koraidon\n|-activate|p1a: Koraidon|Orichalcum Pulse|[source]\n|turn|9\n|\n|t:|1781452481\n|move|p1a: Koraidon|Collision Course|p2a: Rampardos\n|-supereffective|p2a: Rampardos\n|-damage|p2a: Rampardos|0 fnt\n|faint|p2a: Rampardos\n|\n|-weather|SunnyDay|[upkeep]\n|upkeep\n|-message|Rajxt forfeited.\n|\n|win|Anders08\n|raw|Rajxt's rating: 1090 &rarr; <strong>1066</strong><br />(-24 for losing)\n|raw|Anders08's rating: 1085 &rarr; <strong>1113</strong><br />(+28 for winning)\n|l|\u2606Rajxt\n|player|p1|\n", "uploadtime": 1781452525, "views": 3, "formatid": "gen9randombattle", "rating": 1066, "private": 0, "password": null}