{"id": "gen9randombattle-2631430290", "format": "[Gen 9] Random Battle", "players": ["toucann", "Red Skies"], "log": "|j|\u2606toucann\n|j|\u2606Red Skies\n|t:|1781383695\n|gametype|singles\n|player|p1|toucann|ethan|2089\n|player|p2|Red Skies|n|2151\n|gen|9\n|tier|[Gen 9] Random Battle\n|rated|\n|rule|Species Clause: Limit one of each Pok\u00e9mon\n|rule|HP Percentage Mod: HP is shown in percentages\n|rule|Sleep Clause Mod: Limit one foe put to sleep\n|rule|Illusion Level Mod: Illusion disguises the Pok\u00e9mon's true level\n|\n|t:|1781383696\n|teamsize|p1|6\n|teamsize|p2|6\n|start\n|switch|p1a: Blaziken|Blaziken, L76, M|247/247\n|switch|p2a: Clefable|Clefable, L83, M|293/293\n|turn|1\n|\n|t:|1781383711\n|switch|p1a: Araquanid|Araquanid, L82, F|246/246\n|move|p2a: Clefable|Moonblast|p1a: Araquanid\n|-damage|p1a: Araquanid|170/246\n|\n|upkeep\n|turn|2\n|\n|t:|1781383716\n|move|p2a: Clefable|Calm Mind|p2a: Clefable\n|-boost|p2a: Clefable|spa|1\n|-boost|p2a: Clefable|spd|1\n|move|p1a: Araquanid|Sticky Web|p2a: Clefable\n|-sidestart|p2: Red Skies|move: Sticky Web\n|\n|upkeep\n|turn|3\n|\n|t:|1781383719\n|move|p2a: Clefable|Calm Mind|p2a: Clefable\n|-boost|p2a: Clefable|spa|1\n|-boost|p2a: Clefable|spd|1\n|move|p1a: Araquanid|Liquidation|p2a: Clefable\n|-damage|p2a: Clefable|128/293\n|-unboost|p2a: Clefable|def|1\n|\n|-heal|p2a: Clefable|146/293|[from] item: Leftovers\n|upkeep\n|turn|4\n|\n|t:|1781383722\n|move|p2a: Clefable|Moonblast|p1a: Araquanid\n|-damage|p1a: Araquanid|26/246\n|move|p1a: Araquanid|Liquidation|p2a: Clefable\n|-damage|p2a: Clefable|0 fnt\n|faint|p2a: Clefable\n|\n|upkeep\n|\n|t:|1781383728\n|switch|p2a: Skeledirge|Skeledirge, L79, F|294/294\n|turn|5\n|inactive|Battle timer is ON: inactive players will automatically lose when time's up. (requested by Red Skies)\n|l|\u2606toucann\n|inactive|toucann disconnected and has a minute to reconnect!\n|player|p1|\n|j|\u2606toucann\n|inactive|toucann reconnected and has 120 seconds left.\n|player|p1|toucann|ethan|\n|\n|t:|1781383791\n|move|p2a: Skeledirge|Torch Song|p1a: Araquanid\n|-damage|p1a: Araquanid|0 fnt\n|-boost|p2a: Skeledirge|spa|1\n|faint|p1a: Araquanid\n|\n|upkeep\n|\n|t:|1781383804\n|switch|p1a: Blaziken|Blaziken, L76, M|247/247\n|turn|6\n|\n|t:|1781383814\n|move|p1a: Blaziken|Knock Off|p2a: Skeledirge\n|-supereffective|p2a: Skeledirge\n|-damage|p2a: Skeledirge|130/294\n|-enditem|p2a: Skeledirge|Heavy-Duty Boots|[from] move: Knock Off|[of] p1a: Blaziken\n|-damage|p1a: Blaziken|223/247|[from] item: Life Orb\n|move|p2a: Skeledirge|Hex|p1a: Blaziken\n|-damage|p1a: Blaziken|82/247\n|\n|-ability|p1a: Blaziken|Speed Boost|boost\n|-boost|p1a: Blaziken|spe|1\n|upkeep\n|turn|7\n|\n|t:|1781383826\n|switch|p1a: Ursaluna|Ursaluna, L79, M|335/335\n|move|p2a: Skeledirge|Slack Off|p2a: Skeledirge\n|-heal|p2a: Skeledirge|277/294\n|\n|-status|p1a: Ursaluna|brn|[from] item: Flame Orb\n|upkeep\n|turn|8\n|\n|t:|1781383830\n|move|p2a: Skeledirge|Torch Song|p1a: Ursaluna\n|-damage|p1a: Ursaluna|203/335 brn\n|-boost|p2a: Skeledirge|spa|1\n|move|p1a: Ursaluna|Headlong Rush|p2a: Skeledirge\n|-supereffective|p2a: Skeledirge\n|-damage|p2a: Skeledirge|0 fnt\n|-unboost|p1a: Ursaluna|def|1\n|-unboost|p1a: Ursaluna|spd|1\n|faint|p2a: Skeledirge\n|\n|-damage|p1a: Ursaluna|183/335 brn|[from] brn\n|upkeep\n|\n|t:|1781383841\n|switch|p2a: Gyarados|Gyarados, L79, F|280/280\n|turn|9\n|\n|t:|1781383863\n|switch|p1a: Cyclizar|Cyclizar, L83, M|252/252\n|move|p2a: Gyarados|Waterfall|p1a: Cyclizar\n|-resisted|p1a: Cyclizar\n|-damage|p1a: Cyclizar|195/252\n|\n|upkeep\n|turn|10\n|\n|t:|1781383875\n|move|p1a: Cyclizar|Shed Tail|p1a: Cyclizar\n|-start|p1a: Cyclizar|Substitute|[from] move: Shed Tail\n|-damage|p1a: Cyclizar|69/252\n|\n|t:|1781383881\n|switch|p1a: Munkidori|Munkidori, L79, M|269/269|[from] Shed Tail\n|move|p2a: Gyarados|Earthquake|p1a: Munkidori\n|-supereffective|p1a: Munkidori\n|-end|p1a: Munkidori|Substitute\n|\n|upkeep\n|turn|11\n|\n|t:|1781383894\n|switch|p2a: Gengar|Gengar, L81, M|230/230\n|-activate|p2a: Gengar|move: Sticky Web\n|-unboost|p2a: Gengar|spe|1\n|move|p1a: Munkidori|Fake Out|p2a: Gengar\n|-immune|p2a: Gengar\n|\n|upkeep\n|turn|12\n|\n|t:|1781383906\n|move|p1a: Munkidori|Psychic Noise|p2a: Gengar\n|-supereffective|p2a: Gengar\n|-damage|p2a: Gengar|38/230\n|-start|p2a: Gengar|move: Heal Block\n|move|p2a: Gengar|Shadow Ball|p1a: Munkidori\n|-supereffective|p1a: Munkidori\n|-damage|p1a: Munkidori|95/269\n|-damage|p2a: Gengar|15/230|[from] item: Life Orb\n|\n|upkeep\n|turn|13\n|\n|t:|1781383920\n|move|p1a: Munkidori|Sludge Wave|p2a: Gengar\n|-resisted|p2a: Gengar\n|-damage|p2a: Gengar|0 fnt\n|faint|p2a: Gengar\n|\n|upkeep\n|\n|t:|1781383924\n|switch|p2a: Gyarados|Gyarados, L79, F|280/280\n|turn|14\n|\n|t:|1781383934\n|move|p1a: Munkidori|Sludge Wave|p2a: Gyarados\n|-damage|p2a: Gyarados|171/280\n|move|p2a: Gyarados|Dragon Dance|p2a: Gyarados\n|-boost|p2a: Gyarados|atk|1\n|-boost|p2a: Gyarados|spe|1\n|\n|upkeep\n|turn|15\n|\n|t:|1781383945\n|move|p2a: Gyarados|Waterfall|p1a: Munkidori\n|-damage|p1a: Munkidori|0 fnt\n|faint|p1a: Munkidori\n|-ability|p2a: Gyarados|Moxie|boost\n|-boost|p2a: Gyarados|atk|1\n|\n|upkeep\n|\n|t:|1781383948\n|switch|p1a: Dialga|Dialga-Origin, L73|266/266\n|-ability|p1a: Dialga|Pressure\n|turn|16\n|\n|t:|1781383955\n|move|p2a: Gyarados|Earthquake|p1a: Dialga\n|-supereffective|p1a: Dialga\n|-damage|p1a: Dialga|8/266\n|move|p1a: Dialga|Draco Meteor|p2a: Gyarados|[miss]\n|-miss|p1a: Dialga|p2a: Gyarados\n|\n|upkeep\n|turn|17\n|\n|t:|1781383962\n|move|p2a: Gyarados|Waterfall|p1a: Dialga\n|-resisted|p1a: Dialga\n|-damage|p1a: Dialga|0 fnt\n|faint|p1a: Dialga\n|-ability|p2a: Gyarados|Moxie|boost\n|-boost|p2a: Gyarados|atk|1\n|\n|upkeep\n|-message|toucann forfeited.\n|\n|win|Red Skies\n", "uploadtime": 1781383698, "views": 12, "formatid": "gen9randombattle", "rating": null, "private": 0, "password": null}