{"id": "gen9randombattle-2631657306", "format": "[Gen 9] Random Battle", "players": ["stewieaa", "Gigitybigity"], "log": "|j|\u2606stewieaa\n|j|\u2606Gigitybigity\n|t:|1781416185\n|gametype|singles\n|player|p1|stewieaa|170|1046\n|player|p2|Gigitybigity|thorton|1079\n|gen|9\n|tier|[Gen 9] Random Battle\n|rated|\n|rule|Species Clause: Limit one of each Pok\u00e9mon\n|rule|HP Percentage Mod: HP is shown in percentages\n|rule|Sleep Clause Mod: Limit one foe put to sleep\n|rule|Illusion Level Mod: Illusion disguises the Pok\u00e9mon's true level\n|\n|t:|1781416185\n|teamsize|p1|6\n|teamsize|p2|6\n|start\n|switch|p1a: Plusle|Plusle, L95, F|268/268\n|switch|p2a: Floatzel|Floatzel, L86, M|286/286\n|turn|1\n|\n|t:|1781416210\n|switch|p2a: Garchomp|Garchomp, L74, M|282/282\n|move|p1a: Plusle|Thunderbolt|p2a: Garchomp\n|-immune|p2a: Garchomp\n|\n|upkeep\n|turn|2\n|\n|t:|1781416221\n|move|p1a: Plusle|Grass Knot|p2a: Garchomp\n|-damage|p2a: Garchomp|181/282\n|-damage|p1a: Plusle|235/268|[from] ability: Rough Skin|[of] p2a: Garchomp\n|-damage|p1a: Plusle|191/268|[from] item: Rocky Helmet|[of] p2a: Garchomp\n|-damage|p1a: Plusle|165/268|[from] item: Life Orb\n|move|p2a: Garchomp|Earthquake|p1a: Plusle\n|-supereffective|p1a: Plusle\n|-damage|p1a: Plusle|0 fnt\n|faint|p1a: Plusle\n|\n|upkeep\n|\n|t:|1781416233\n|switch|p1a: Swampert|Swampert, L83, F|302/302\n|turn|3\n|\n|t:|1781416248\n|-terastallize|p1a: Swampert|Steel\n|move|p2a: Garchomp|Stealth Rock|p1a: Swampert\n|-sidestart|p1: stewieaa|move: Stealth Rock\n|move|p1a: Swampert|Stealth Rock|p2a: Garchomp\n|-sidestart|p2: Gigitybigity|move: Stealth Rock\n|\n|upkeep\n|turn|4\n|\n|t:|1781416257\n|move|p2a: Garchomp|Earthquake|p1a: Swampert\n|-supereffective|p1a: Swampert\n|-damage|p1a: Swampert|78/302\n|move|p1a: Swampert|Roar|p2a: Garchomp\n|drag|p2a: Ampharos|Ampharos, L88, M|302/302\n|-damage|p2a: Ampharos|265/302|[from] Stealth Rock\n|\n|-heal|p1a: Swampert|96/302|[from] item: Leftovers\n|upkeep\n|turn|5\n|\n|t:|1781416278\n|move|p1a: Swampert|Earthquake|p2a: Ampharos\n|-supereffective|p2a: Ampharos\n|-damage|p2a: Ampharos|41/302\n|move|p2a: Ampharos|Volt Switch|p1a: Swampert\n|-damage|p1a: Swampert|0 fnt\n|faint|p1a: Swampert\n|\n|t:|1781416292\n|switch|p2a: Skeledirge|Skeledirge, L79, M|294/294|[from] Volt Switch\n|\n|upkeep\n|\n|t:|1781416300\n|switch|p1a: Eelektross|Eelektross, L87, M|219/219\n|-damage|p1a: Eelektross|192/219|[from] Stealth Rock\n|turn|6\n|\n|t:|1781416319\n|move|p1a: Eelektross|Focus Blast|p2a: Skeledirge\n|-immune|p2a: Skeledirge\n|move|p2a: Skeledirge|Torch Song|p1a: Eelektross\n|-damage|p1a: Eelektross|68/219\n|-boost|p2a: Skeledirge|spa|1\n|replace|p1a: Zoroark|Zoroark-Hisui, L80, F\n|-end|p1a: Zoroark|Illusion\n|-hint|Illusion Level Mod is active, so this Pok\u00e9mon's true level was hidden.\n|\n|upkeep\n|turn|7\n|-message|stewieaa forfeited.\n|\n|win|Gigitybigity\n|raw|stewieaa's rating: 1046 &rarr; <strong>1032</strong><br />(-14 for losing)\n|raw|Gigitybigity's rating: 1106 &rarr; <strong>1127</strong><br />(+21 for winning)\n|l|\u2606stewieaa\n|player|p1|\n", "uploadtime": 1781416334, "views": 3, "formatid": "gen9randombattle", "rating": 1032, "private": 0, "password": null}