{"id": "gen9randombattle-2631914122", "format": "[Gen 9] Random Battle", "players": ["OmegaX0168", "64stadiumannouncer"], "log": "|j|\u2606OmegaX0168\n|j|\u260664stadiumannouncer\n|t:|1781455068\n|gametype|singles\n|player|p1|OmegaX0168|cynthia-gen4|2174\n|player|p2|64stadiumannouncer|1|2118\n|gen|9\n|tier|[Gen 9] Random Battle\n|rated|\n|rule|Species Clause: Limit one of each Pok\u00e9mon\n|rule|HP Percentage Mod: HP is shown in percentages\n|rule|Sleep Clause Mod: Limit one foe put to sleep\n|rule|Illusion Level Mod: Illusion disguises the Pok\u00e9mon's true level\n|\n|t:|1781455068\n|teamsize|p1|6\n|teamsize|p2|6\n|start\n|switch|p1a: Drifblim|Drifblim, L86, M|396/396\n|switch|p2a: Tauros|Tauros-Paldea-Combat, L82, M|257/257\n|-ability|p2a: Tauros|Intimidate|boost\n|-unboost|p1a: Drifblim|atk|1\n|turn|1\n|inactive|Battle timer is ON: inactive players will automatically lose when time's up. (requested by OmegaX0168)\n|\n|t:|1781455097\n|move|p2a: Tauros|Stone Edge|p1a: Drifblim\n|-supereffective|p1a: Drifblim\n|-damage|p1a: Drifblim|52/396\n|-enditem|p1a: Drifblim|Sitrus Berry|[eat]\n|-heal|p1a: Drifblim|151/396|[from] item: Sitrus Berry\n|move|p1a: Drifblim|Calm Mind|p1a: Drifblim\n|-boost|p1a: Drifblim|spa|1\n|-boost|p1a: Drifblim|spd|1\n|\n|upkeep\n|turn|2\n|\n|t:|1781455120\n|switch|p2a: Umbreon|Umbreon, L84, M|297/297\n|move|p1a: Drifblim|Strength Sap|p2a: Umbreon\n|-unboost|p2a: Umbreon|atk|1\n|-heal|p1a: Drifblim|265/396\n|\n|upkeep\n|turn|3\n|\n|t:|1781455131\n|move|p1a: Drifblim|Air Slash|p2a: Umbreon\n|-damage|p2a: Umbreon|216/297\n|cant|p2a: Umbreon|flinch\n|\n|-heal|p2a: Umbreon|234/297|[from] item: Leftovers\n|upkeep\n|turn|4\n|\n|t:|1781455138\n|move|p1a: Drifblim|Air Slash|p2a: Umbreon\n|-damage|p2a: Umbreon|150/297\n|move|p2a: Umbreon|Toxic|p1a: Drifblim|[miss]\n|-miss|p2a: Umbreon|p1a: Drifblim\n|\n|-heal|p2a: Umbreon|168/297|[from] item: Leftovers\n|upkeep\n|turn|5\n|\n|t:|1781455145\n|move|p1a: Drifblim|Air Slash|p2a: Umbreon\n|-damage|p2a: Umbreon|87/297\n|move|p2a: Umbreon|Wish|p2a: Umbreon\n|\n|-heal|p2a: Umbreon|105/297|[from] item: Leftovers\n|upkeep\n|turn|6\n|\n|t:|1781455150\n|move|p1a: Drifblim|Calm Mind|p1a: Drifblim\n|-boost|p1a: Drifblim|spa|1\n|-boost|p1a: Drifblim|spd|1\n|move|p2a: Umbreon|Toxic|p1a: Drifblim\n|-status|p1a: Drifblim|tox\n|\n|-heal|p2a: Umbreon|253/297|[from] move: Wish|[wisher] Umbreon\n|-heal|p2a: Umbreon|271/297|[from] item: Leftovers\n|-damage|p1a: Drifblim|241/396 tox|[from] psn\n|upkeep\n|turn|7\n|\n|t:|1781455160\n|move|p1a: Drifblim|Calm Mind|p1a: Drifblim\n|-boost|p1a: Drifblim|spa|1\n|-boost|p1a: Drifblim|spd|1\n|move|p2a: Umbreon|Wish|p2a: Umbreon\n|\n|-heal|p2a: Umbreon|289/297|[from] item: Leftovers\n|-damage|p1a: Drifblim|193/396 tox|[from] psn\n|upkeep\n|turn|8\n|\n|t:|1781455166\n|move|p1a: Drifblim|Calm Mind|p1a: Drifblim\n|-boost|p1a: Drifblim|spa|1\n|-boost|p1a: Drifblim|spd|1\n|move|p2a: Umbreon|Foul Play|p1a: Drifblim\n|-supereffective|p1a: Drifblim\n|-damage|p1a: Drifblim|53/396 tox\n|\n|-heal|p2a: Umbreon|297/297|[from] move: Wish|[wisher] Umbreon\n|-damage|p1a: Drifblim|0 fnt|[from] psn\n|faint|p1a: Drifblim\n|upkeep\n|\n|t:|1781455179\n|switch|p1a: Quaquaval|Quaquaval, L79, F|264/264\n|turn|9\n|\n|t:|1781455198\n|switch|p2a: Bruxish|Bruxish, L85, F|254/254\n|-terastallize|p1a: Quaquaval|Steel\n|move|p1a: Quaquaval|Close Combat|p2a: Bruxish\n|-resisted|p2a: Bruxish\n|-damage|p2a: Bruxish|174/254\n|-unboost|p1a: Quaquaval|def|1\n|-unboost|p1a: Quaquaval|spd|1\n|\n|upkeep\n|turn|10\n|\n|t:|1781455219\n|switch|p1a: Spiritomb|Spiritomb, L89, F|234/234\n|move|p2a: Bruxish|Psychic Fangs|p1a: Spiritomb\n|-immune|p1a: Spiritomb\n|\n|upkeep\n|turn|11\n|\n|t:|1781455236\n|switch|p2a: Araquanid|Araquanid, L82, F|246/246\n|switch|p1a: Quaquaval|Quaquaval, L79, F, tera:Steel|264/264\n|\n|upkeep\n|turn|12\n|\n|t:|1781455245\n|move|p1a: Quaquaval|Aqua Step|p2a: Araquanid\n|-resisted|p2a: Araquanid\n|-damage|p2a: Araquanid|206/246\n|-boost|p1a: Quaquaval|spe|1\n|move|p2a: Araquanid|Liquidation|p1a: Quaquaval\n|-damage|p1a: Quaquaval|111/264\n|\n|-heal|p1a: Quaquaval|127/264|[from] item: Leftovers\n|upkeep\n|turn|13\n|\n|t:|1781455253\n|switch|p1a: Ogerpon|Ogerpon, L80, F|259/259\n|move|p2a: Araquanid|Liquidation|p1a: Ogerpon\n|-resisted|p1a: Ogerpon\n|-damage|p1a: Ogerpon|181/259\n|\n|upkeep\n|turn|14\n|\n|t:|1781455259\n|move|p1a: Ogerpon|Swords Dance|p1a: Ogerpon\n|-boost|p1a: Ogerpon|atk|2\n|move|p2a: Araquanid|Leech Life|p1a: Ogerpon\n|-supereffective|p1a: Ogerpon\n|-damage|p1a: Ogerpon|49/259\n|-heal|p2a: Araquanid|246/246|[from] drain|[of] p1a: Ogerpon\n|\n|upkeep\n|turn|15\n|\n|t:|1781455269\n|switch|p2a: Pyroar|Pyroar, L88, F|295/295\n|-ability|p2a: Pyroar|Unnerve\n|move|p1a: Ogerpon|Ivy Cudgel|p2a: Pyroar\n|-resisted|p2a: Pyroar\n|-damage|p2a: Pyroar|139/295\n|-damage|p1a: Ogerpon|24/259|[from] item: Life Orb\n|\n|upkeep\n|turn|16\n|\n|t:|1781455279\n|move|p2a: Pyroar|Dark Pulse|p1a: Ogerpon\n|-damage|p1a: Ogerpon|0 fnt\n|faint|p1a: Ogerpon\n|\n|upkeep\n|\n|t:|1781455286\n|switch|p1a: Veluza|Veluza, L85, M|292/292\n|turn|17\n|\n|t:|1781455291\n|move|p2a: Pyroar|Will-O-Wisp|p1a: Veluza\n|-status|p1a: Veluza|brn\n|move|p1a: Veluza|Fillet Away|p1a: Veluza\n|-boost|p1a: Veluza|atk|2\n|-boost|p1a: Veluza|spa|2\n|-boost|p1a: Veluza|spe|2\n|-damage|p1a: Veluza|146/292 brn\n|\n|-damage|p1a: Veluza|128/292 brn|[from] brn\n|upkeep\n|turn|18\n|\n|t:|1781455301\n|switch|p2a: Umbreon|Umbreon, L84, M|297/297\n|-enditem|p1a: Veluza|Sitrus Berry|[eat]\n|-heal|p1a: Veluza|201/292 brn|[from] item: Sitrus Berry\n|move|p1a: Veluza|Aqua Cutter|p2a: Umbreon\n|-damage|p2a: Umbreon|189/297\n|\n|-heal|p2a: Umbreon|207/297|[from] item: Leftovers\n|-damage|p1a: Veluza|183/292 brn|[from] brn\n|upkeep\n|turn|19\n|\n|t:|1781455310\n|move|p1a: Veluza|Aqua Cutter|p2a: Umbreon\n|-damage|p2a: Umbreon|100/297\n|move|p2a: Umbreon|Wish|p2a: Umbreon\n|\n|-heal|p2a: Umbreon|118/297|[from] item: Leftovers\n|-damage|p1a: Veluza|165/292 brn|[from] brn\n|upkeep\n|turn|20\n|\n|t:|1781455321\n|move|p2a: Umbreon|Protect|p2a: Umbreon\n|-singleturn|p2a: Umbreon|Protect\n|move|p1a: Veluza|Fillet Away|p1a: Veluza\n|-boost|p1a: Veluza|atk|2\n|-boost|p1a: Veluza|spa|2\n|-boost|p1a: Veluza|spe|2\n|-damage|p1a: Veluza|19/292 brn\n|\n|-heal|p2a: Umbreon|266/297|[from] move: Wish|[wisher] Umbreon\n|-heal|p2a: Umbreon|284/297|[from] item: Leftovers\n|-damage|p1a: Veluza|1/292 brn|[from] brn\n|upkeep\n|turn|21\n|\n|t:|1781455332\n|move|p1a: Veluza|Aqua Cutter|p2a: Umbreon\n|-damage|p2a: Umbreon|139/297\n|move|p2a: Umbreon|Wish|p2a: Umbreon\n|\n|-heal|p2a: Umbreon|157/297|[from] item: Leftovers\n|-damage|p1a: Veluza|0 fnt|[from] brn\n|faint|p1a: Veluza\n|upkeep\n|\n|t:|1781455339\n|switch|p1a: Quaquaval|Quaquaval, L79, F, tera:Steel|127/264\n|turn|22\n|\n|t:|1781455349\n|switch|p2a: Araquanid|Araquanid, L82, F|246/246\n|move|p1a: Quaquaval|Close Combat|p2a: Araquanid\n|-resisted|p2a: Araquanid\n|-damage|p2a: Araquanid|183/246\n|-unboost|p1a: Quaquaval|def|1\n|-unboost|p1a: Quaquaval|spd|1\n|\n|-heal|p2a: Araquanid|246/246|[from] move: Wish|[wisher] Umbreon\n|-heal|p1a: Quaquaval|143/264|[from] item: Leftovers\n|upkeep\n|turn|23\n|\n|t:|1781455359\n|move|p1a: Quaquaval|Close Combat|p2a: Araquanid\n|-resisted|p2a: Araquanid\n|-damage|p2a: Araquanid|177/246\n|-unboost|p1a: Quaquaval|def|1\n|-unboost|p1a: Quaquaval|spd|1\n|move|p2a: Araquanid|Liquidation|p1a: Quaquaval\n|-damage|p1a: Quaquaval|0 fnt\n|faint|p1a: Quaquaval\n|\n|upkeep\n|\n|t:|1781455361\n|switch|p1a: Arceus|Arceus-Electric, L70|284/284\n|turn|24\n|\n|t:|1781455377\n|switch|p2a: Tyranitar|Tyranitar, L78, M|284/284\n|-weather|Sandstorm|[from] ability: Sand Stream|[of] p2a: Tyranitar\n|move|p1a: Arceus|Calm Mind|p1a: Arceus\n|-boost|p1a: Arceus|spa|1\n|-boost|p1a: Arceus|spd|1\n|\n|-weather|Sandstorm|[upkeep]\n|-damage|p1a: Arceus|267/284|[from] Sandstorm\n|upkeep\n|turn|25\n|\n|t:|1781455386\n|move|p1a: Arceus|Judgment|p2a: Tyranitar\n|-damage|p2a: Tyranitar|215/284\n|move|p2a: Tyranitar|Earthquake|p1a: Arceus\n|-supereffective|p1a: Arceus\n|-damage|p1a: Arceus|123/284\n|\n|-weather|Sandstorm|[upkeep]\n|-damage|p1a: Arceus|106/284|[from] Sandstorm\n|upkeep\n|turn|26\n|\n|t:|1781455395\n|move|p1a: Arceus|Judgment|p2a: Tyranitar\n|-crit|p2a: Tyranitar\n|-damage|p2a: Tyranitar|112/284\n|move|p2a: Tyranitar|Earthquake|p1a: Arceus\n|-supereffective|p1a: Arceus\n|-damage|p1a: Arceus|0 fnt\n|faint|p1a: Arceus\n|\n|-weather|Sandstorm|[upkeep]\n|upkeep\n|\n|t:|1781455397\n|switch|p1a: Spiritomb|Spiritomb, L89, F|234/234\n|turn|27\n|\n|t:|1781455405\n|move|p2a: Tyranitar|Knock Off|p1a: Spiritomb\n|-damage|p1a: Spiritomb|138/234\n|-enditem|p1a: Spiritomb|Leftovers|[from] move: Knock Off|[of] p2a: Tyranitar\n|move|p1a: Spiritomb|Foul Play|p2a: Tyranitar\n|-resisted|p2a: Tyranitar\n|-damage|p2a: Tyranitar|55/284\n|\n|-weather|Sandstorm|[upkeep]\n|-damage|p1a: Spiritomb|124/234|[from] Sandstorm\n|upkeep\n|turn|28\n|\n|t:|1781455414\n|switch|p2a: Umbreon|Umbreon, L84, M|157/297\n|move|p1a: Spiritomb|Poltergeist|p2a: Umbreon\n|-activate|p2a: Umbreon|move: Poltergeist|Leftovers\n|-resisted|p2a: Umbreon\n|-damage|p2a: Umbreon|105/297\n|\n|-weather|none\n|-heal|p2a: Umbreon|123/297|[from] item: Leftovers\n|upkeep\n|turn|29\n|\n|t:|1781455423\n|move|p2a: Umbreon|Toxic|p1a: Spiritomb\n|-status|p1a: Spiritomb|tox\n|move|p1a: Spiritomb|Foul Play|p2a: Umbreon\n|-resisted|p2a: Umbreon\n|-damage|p2a: Umbreon|99/297\n|\n|-heal|p2a: Umbreon|117/297|[from] item: Leftovers\n|-damage|p1a: Spiritomb|110/234 tox|[from] psn\n|upkeep\n|turn|30\n|\n|t:|1781455431\n|move|p2a: Umbreon|Wish|p2a: Umbreon\n|move|p1a: Spiritomb|Foul Play|p2a: Umbreon\n|-resisted|p2a: Umbreon\n|-damage|p2a: Umbreon|95/297\n|\n|-heal|p2a: Umbreon|113/297|[from] item: Leftovers\n|-damage|p1a: Spiritomb|82/234 tox|[from] psn\n|upkeep\n|turn|31\n|\n|t:|1781455438\n|move|p2a: Umbreon|Foul Play|p1a: Spiritomb\n|-damage|p1a: Spiritomb|3/234 tox\n|move|p1a: Spiritomb|Foul Play|p2a: Umbreon\n|-resisted|p2a: Umbreon\n|-damage|p2a: Umbreon|89/297\n|\n|-heal|p2a: Umbreon|237/297|[from] move: Wish|[wisher] Umbreon\n|-heal|p2a: Umbreon|255/297|[from] item: Leftovers\n|-damage|p1a: Spiritomb|0 fnt|[from] psn\n|faint|p1a: Spiritomb\n|\n|win|64stadiumannouncer\n", "uploadtime": 1781455070, "views": 3, "formatid": "gen9randombattle", "rating": null, "private": 0, "password": null}