{"id": "gen9randombattle-2631382445", "format": "[Gen 9] Random Battle", "players": ["franzy613", "luxio249"], "log": "|j|\u2606franzy613\n|j|\u2606luxio249\n|t:|1781378075\n|gametype|singles\n|player|p1|franzy613|flannery|1970\n|player|p2|luxio249|rocketgruntf|1995\n|gen|9\n|tier|[Gen 9] Random Battle\n|rated|\n|rule|Species Clause: Limit one of each Pok\u00e9mon\n|rule|HP Percentage Mod: HP is shown in percentages\n|rule|Sleep Clause Mod: Limit one foe put to sleep\n|rule|Illusion Level Mod: Illusion disguises the Pok\u00e9mon's true level\n|\n|t:|1781378075\n|teamsize|p1|6\n|teamsize|p2|6\n|start\n|switch|p1a: Skuntank|Skuntank, L84, F|310/310\n|switch|p2a: Sinistcha|Sinistcha-Masterpiece, L83|254/254\n|turn|1\n|inactive|Battle timer is ON: inactive players will automatically lose when time's up. (requested by franzy613)\n|inactive|luxio249 has 120 seconds left.\n|\n|t:|1781378122\n|switch|p2a: Keldeo|Keldeo-Resolute, L79|273/273\n|move|p1a: Skuntank|Knock Off|p2a: Keldeo\n|-resisted|p2a: Keldeo\n|-damage|p2a: Keldeo|211/273\n|-ability|p2a: Keldeo|Justified|boost\n|-boost|p2a: Keldeo|atk|1\n|-enditem|p2a: Keldeo|Leftovers|[from] move: Knock Off|[of] p1a: Skuntank\n|-damage|p1a: Skuntank|279/310|[from] item: Life Orb\n|\n|upkeep\n|turn|2\n|\n|t:|1781378150\n|switch|p1a: Salamence|Salamence, L77, F|273/273\n|move|p2a: Keldeo|Calm Mind|p2a: Keldeo\n|-boost|p2a: Keldeo|spa|1\n|-boost|p2a: Keldeo|spd|1\n|\n|upkeep\n|turn|3\n|\n|t:|1781378173\n|switch|p2a: Wyrdeer|Wyrdeer, L87, M|321/321\n|-ability|p2a: Wyrdeer|Intimidate|boost\n|-unboost|p1a: Salamence|atk|1\n|move|p1a: Salamence|Dragon Dance|p1a: Salamence\n|-boost|p1a: Salamence|atk|1\n|-boost|p1a: Salamence|spe|1\n|\n|upkeep\n|turn|4\n|inactive|franzy613 has 120 seconds left.\n|\n|t:|1781378202\n|-terastallize|p1a: Salamence|Ground\n|move|p1a: Salamence|Dragon Dance|p1a: Salamence\n|-boost|p1a: Salamence|atk|1\n|-boost|p1a: Salamence|spe|1\n|move|p2a: Wyrdeer|Thunder Wave|p1a: Salamence\n|-immune|p1a: Salamence\n|\n|upkeep\n|turn|5\n|\n|t:|1781378227\n|switch|p2a: Volcarona|Volcarona, L77, M|257/257\n|move|p1a: Salamence|Earthquake|p2a: Volcarona\n|-damage|p2a: Volcarona|41/257\n|\n|upkeep\n|turn|6\n|-message|luxio249 forfeited.\n|\n|win|franzy613\n", "uploadtime": 1781378078, "views": 6, "formatid": "gen9randombattle", "rating": null, "private": 0, "password": null}