{"id": "gen9randombattle-2631916040", "format": "[Gen 9] Random Battle", "players": ["nanofan_lad", "Cirlox"], "log": "|j|\u2606nanofan_lad\n|j|\u2606Cirlox\n|t:|1781455266\n|gametype|singles\n|player|p1|nanofan_lad|1|1920\n|player|p2|Cirlox|workerice|1981\n|gen|9\n|tier|[Gen 9] Random Battle\n|rated|\n|rule|Species Clause: Limit one of each Pok\u00e9mon\n|rule|HP Percentage Mod: HP is shown in percentages\n|rule|Sleep Clause Mod: Limit one foe put to sleep\n|rule|Illusion Level Mod: Illusion disguises the Pok\u00e9mon's true level\n|\n|t:|1781455266\n|teamsize|p1|6\n|teamsize|p2|6\n|start\n|switch|p1a: Bastiodon|Bastiodon, L89, M|252/252\n|switch|p2a: Vileplume|Vileplume, L85, M|266/266\n|turn|1\n|inactive|Battle timer is ON: inactive players will automatically lose when time's up. (requested by nanofan_lad)\n|\n|t:|1781455290\n|switch|p1a: Torterra|Torterra, L78, F|276/276\n|move|p2a: Vileplume|Leech Seed|p1a: Torterra\n|-immune|p1a: Torterra\n|\n|upkeep\n|turn|2\n|\n|t:|1781455296\n|move|p2a: Vileplume|Strength Sap|p1a: Torterra\n|-unboost|p1a: Torterra|atk|1\n|move|p1a: Torterra|Shell Smash|p1a: Torterra\n|-unboost|p1a: Torterra|def|1\n|-unboost|p1a: Torterra|spd|1\n|-boost|p1a: Torterra|atk|2\n|-boost|p1a: Torterra|spa|2\n|-boost|p1a: Torterra|spe|2\n|\n|upkeep\n|turn|3\n|\n|t:|1781455316\n|move|p1a: Torterra|Rock Blast|p2a: Vileplume\n|-damage|p2a: Vileplume|240/266\n|-damage|p2a: Vileplume|213/266\n|-damage|p2a: Vileplume|185/266\n|-damage|p2a: Vileplume|160/266\n|-hitcount|p2a: Vileplume|4\n|move|p2a: Vileplume|Sludge Bomb|p1a: Torterra\n|-damage|p1a: Torterra|86/276\n|\n|-heal|p2a: Vileplume|176/266|[from] item: Leftovers\n|upkeep\n|turn|4\n|\n|t:|1781455329\n|move|p1a: Torterra|Headlong Rush|p2a: Vileplume\n|-damage|p2a: Vileplume|0 fnt\n|-unboost|p1a: Torterra|def|1\n|-unboost|p1a: Torterra|spd|1\n|faint|p2a: Vileplume\n|\n|upkeep\n|\n|t:|1781455336\n|switch|p2a: Hitmonchan|Hitmonchan, L87, M|229/229\n|turn|5\n|\n|t:|1781455341\n|move|p1a: Torterra|Bullet Seed|p2a: Hitmonchan\n|-damage|p2a: Hitmonchan|169/229\n|-damage|p2a: Hitmonchan|114/229\n|-damage|p2a: Hitmonchan|51/229\n|-damage|p2a: Hitmonchan|0 fnt\n|faint|p2a: Hitmonchan\n|-hitcount|p2: Hitmonchan|4\n|\n|upkeep\n|-message|Cirlox forfeited.\n|\n|win|nanofan_lad\n", "uploadtime": 1781455269, "views": 3, "formatid": "gen9randombattle", "rating": null, "private": 0, "password": null}