{"id": "gen9randombattle-2631801451", "format": "[Gen 9] Random Battle", "players": ["TheAustrianOak", "shallowdream20"], "log": "|j|\u2606TheAustrianOak\n|j|\u2606shallowdream20\n|t:|1781441698\n|gametype|singles\n|player|p1|TheAustrianOak|chuck|1994\n|player|p2|shallowdream20|lady-gen4|2024\n|gen|9\n|tier|[Gen 9] Random Battle\n|rated|\n|rule|Species Clause: Limit one of each Pok\u00e9mon\n|rule|HP Percentage Mod: HP is shown in percentages\n|rule|Sleep Clause Mod: Limit one foe put to sleep\n|rule|Illusion Level Mod: Illusion disguises the Pok\u00e9mon's true level\n|\n|t:|1781441698\n|teamsize|p1|6\n|teamsize|p2|6\n|start\n|switch|p1a: Magnezone|Magnezone, L85|258/258\n|switch|p2a: Rillaboom|Rillaboom, L79, F|288/288\n|-fieldstart|move: Grassy Terrain|[from] ability: Grassy Surge|[of] p2a: Rillaboom\n|turn|1\n|inactive|Battle timer is ON: inactive players will automatically lose when time's up. (requested by shallowdream20)\n|l|\u2606TheAustrianOak\n|inactive|TheAustrianOak disconnected and has a minute to reconnect!\n|player|p1|\n|j|\u2606TheAustrianOak\n|inactive|TheAustrianOak reconnected and has 125 seconds left.\n|player|p1|TheAustrianOak|chuck|\n|inactive|TheAustrianOak has 120 seconds left.\n|\n|t:|1781441749\n|switch|p1a: Ogerpon|Ogerpon-Cornerstone, L76, F|247/247\n|move|p2a: Rillaboom|U-turn|p1a: Ogerpon\n|-supereffective|p1a: Ogerpon\n|-damage|p1a: Ogerpon|77/247\n|\n|t:|1781441758\n|switch|p2a: Electrode|Electrode-Hisui, L87|246/246|[from] U-turn\n|\n|-heal|p1a: Ogerpon|92/247|[from] Grassy Terrain\n|upkeep\n|turn|2\n|\n|t:|1781441766\n|move|p2a: Electrode|Substitute|p2a: Electrode\n|-start|p2a: Electrode|Substitute\n|-damage|p2a: Electrode|185/246\n|move|p1a: Ogerpon|Horn Leech|p2a: Electrode\n|-resisted|p2a: Electrode\n|-end|p2a: Electrode|Substitute\n|-heal|p1a: Ogerpon|123/247|[from] drain|[of] p2a: Electrode\n|\n|-heal|p2a: Electrode|200/246|[from] Grassy Terrain\n|-heal|p2a: Electrode|215/246|[from] item: Leftovers\n|-heal|p1a: Ogerpon|138/247|[from] Grassy Terrain\n|upkeep\n|turn|3\n|\n|t:|1781441770\n|move|p2a: Electrode|Giga Drain|p1a: Ogerpon\n|-damage|p1a: Ogerpon|35/247\n|-heal|p2a: Electrode|246/246|[from] drain|[of] p1a: Ogerpon\n|move|p1a: Ogerpon|Horn Leech|p2a: Electrode\n|-resisted|p2a: Electrode\n|-damage|p2a: Electrode|172/246\n|-heal|p1a: Ogerpon|72/247|[from] drain|[of] p2a: Electrode\n|\n|-heal|p2a: Electrode|187/246|[from] Grassy Terrain\n|-heal|p2a: Electrode|202/246|[from] item: Leftovers\n|-heal|p1a: Ogerpon|87/247|[from] Grassy Terrain\n|upkeep\n|turn|4\n|\n|t:|1781441776\n|switch|p1a: Magnezone|Magnezone, L85|258/258\n|move|p2a: Electrode|Giga Drain|p1a: Magnezone\n|-resisted|p1a: Magnezone\n|-damage|p1a: Magnezone|228/258\n|-heal|p2a: Electrode|217/246|[from] drain|[of] p1a: Magnezone\n|\n|-heal|p2a: Electrode|232/246|[from] Grassy Terrain\n|-heal|p2a: Electrode|246/246|[from] item: Leftovers\n|-heal|p1a: Magnezone|244/258|[from] Grassy Terrain\n|upkeep\n|turn|5\n|\n|t:|1781441785\n|move|p2a: Electrode|Substitute|p2a: Electrode\n|-start|p2a: Electrode|Substitute\n|-damage|p2a: Electrode|185/246\n|move|p1a: Magnezone|Body Press|p2a: Electrode\n|-end|p2a: Electrode|Substitute\n|\n|-heal|p2a: Electrode|200/246|[from] Grassy Terrain\n|-heal|p2a: Electrode|215/246|[from] item: Leftovers\n|-heal|p1a: Magnezone|258/258|[from] Grassy Terrain\n|-fieldend|move: Grassy Terrain\n|upkeep\n|turn|6\n|\n|t:|1781441788\n|move|p2a: Electrode|Leech Seed|p1a: Magnezone\n|-start|p1a: Magnezone|move: Leech Seed\n|move|p1a: Magnezone|Body Press|p2a: Electrode\n|-damage|p2a: Electrode|109/246\n|\n|-heal|p2a: Electrode|124/246|[from] item: Leftovers\n|-damage|p1a: Magnezone|226/258|[from] Leech Seed|[of] p2a: Electrode\n|-heal|p2a: Electrode|156/246|[silent]\n|upkeep\n|turn|7\n|\n|t:|1781441794\n|switch|p1a: Ogerpon|Ogerpon-Cornerstone, L76, F|87/247\n|move|p2a: Electrode|Substitute|p2a: Electrode\n|-start|p2a: Electrode|Substitute\n|-damage|p2a: Electrode|95/246\n|\n|-heal|p2a: Electrode|110/246|[from] item: Leftovers\n|upkeep\n|turn|8\n|\n|t:|1781441800\n|move|p2a: Electrode|Giga Drain|p1a: Ogerpon\n|-damage|p1a: Ogerpon|8/247\n|-heal|p2a: Electrode|150/246|[from] drain|[of] p1a: Ogerpon\n|move|p1a: Ogerpon|Ivy Cudgel|p2a: Electrode|[anim] Ivy Cudgel Rock\n|-end|p2a: Electrode|Substitute\n|\n|-heal|p2a: Electrode|165/246|[from] item: Leftovers\n|upkeep\n|turn|9\n|\n|t:|1781441803\n|move|p2a: Electrode|Giga Drain|p1a: Ogerpon\n|-damage|p1a: Ogerpon|0 fnt\n|-heal|p2a: Electrode|169/246|[from] drain|[of] p1a: Ogerpon\n|faint|p1a: Ogerpon\n|\n|-heal|p2a: Electrode|184/246|[from] item: Leftovers\n|upkeep\n|\n|t:|1781441811\n|switch|p1a: Magnezone|Magnezone, L85|226/258\n|turn|10\n|\n|t:|1781441816\n|move|p2a: Electrode|Substitute|p2a: Electrode\n|-start|p2a: Electrode|Substitute\n|-damage|p2a: Electrode|123/246\n|move|p1a: Magnezone|Body Press|p2a: Electrode\n|-end|p2a: Electrode|Substitute\n|\n|-heal|p2a: Electrode|138/246|[from] item: Leftovers\n|upkeep\n|turn|11\n|\n|t:|1781441819\n|switch|p2a: Spidops|Spidops, L96, M|271/271\n|move|p1a: Magnezone|Body Press|p2a: Spidops\n|-resisted|p2a: Spidops\n|-damage|p2a: Spidops|232/271\n|\n|upkeep\n|turn|12\n|\n|t:|1781441822\n|move|p1a: Magnezone|Discharge|p2a: Spidops\n|-damage|p2a: Spidops|133/271\n|move|p2a: Spidops|Sticky Web|p1a: Magnezone\n|-sidestart|p1: TheAustrianOak|move: Sticky Web\n|\n|upkeep\n|turn|13\n|\n|t:|1781441826\n|move|p1a: Magnezone|Discharge|p2a: Spidops\n|-damage|p2a: Spidops|30/271\n|move|p2a: Spidops|Toxic Spikes|p1a: Magnezone\n|-sidestart|p1: TheAustrianOak|move: Toxic Spikes\n|\n|upkeep\n|turn|14\n|\n|t:|1781441835\n|switch|p2a: Electrode|Electrode-Hisui, L87|138/246\n|move|p1a: Magnezone|Body Press|p2a: Electrode\n|-damage|p2a: Electrode|43/246\n|\n|-heal|p2a: Electrode|58/246|[from] item: Leftovers\n|upkeep\n|turn|15\n|\n|t:|1781441840\n|move|p2a: Electrode|Leech Seed|p1a: Magnezone\n|-start|p1a: Magnezone|move: Leech Seed\n|move|p1a: Magnezone|Body Press|p2a: Electrode\n|-damage|p2a: Electrode|0 fnt\n|faint|p2a: Electrode\n|\n|upkeep\n|\n|t:|1781441843\n|switch|p2a: Malamar|Malamar, L82, M|275/275\n|turn|16\n|\n|t:|1781441853\n|move|p2a: Malamar|Superpower|p1a: Magnezone\n|-supereffective|p1a: Magnezone\n|-damage|p1a: Magnezone|100/258\n|-boost|p2a: Malamar|atk|1\n|-boost|p2a: Malamar|def|1\n|move|p1a: Magnezone|Discharge|p2a: Malamar\n|-crit|p2a: Malamar\n|-damage|p2a: Malamar|5/275\n|\n|-heal|p2a: Malamar|22/275|[from] item: Leftovers\n|-damage|p1a: Magnezone|68/258|[from] Leech Seed|[of] p2a: Malamar\n|-heal|p2a: Malamar|54/275|[silent]\n|upkeep\n|turn|17\n|\n|t:|1781441869\n|move|p2a: Malamar|Superpower|p1a: Magnezone\n|-supereffective|p1a: Magnezone\n|-damage|p1a: Magnezone|0 fnt\n|-boost|p2a: Malamar|atk|1\n|-boost|p2a: Malamar|def|1\n|faint|p1a: Magnezone\n|\n|-heal|p2a: Malamar|71/275|[from] item: Leftovers\n|upkeep\n|\n|t:|1781441877\n|switch|p1a: Pelipper|Pelipper, L86, M|243/243\n|-weather|RainDance|[from] ability: Drizzle|[of] p1a: Pelipper\n|turn|18\n|\n|t:|1781441880\n|move|p2a: Malamar|Knock Off|p1a: Pelipper\n|-damage|p1a: Pelipper|87/243\n|-enditem|p1a: Pelipper|Choice Specs|[from] move: Knock Off|[of] p2a: Malamar\n|move|p1a: Pelipper|Hurricane|p2a: Malamar\n|-damage|p2a: Malamar|0 fnt\n|faint|p2a: Malamar\n|\n|-weather|RainDance|[upkeep]\n|upkeep\n|\n|t:|1781441886\n|switch|p2a: Rillaboom|Rillaboom, L79, F|288/288\n|-fieldstart|move: Grassy Terrain|[from] ability: Grassy Surge|[of] p2a: Rillaboom\n|turn|19\n|\n|t:|1781441889\n|move|p2a: Rillaboom|Wood Hammer|p1a: Pelipper\n|-damage|p1a: Pelipper|0 fnt\n|faint|p1a: Pelipper\n|-damage|p2a: Rillaboom|259/288|[from] Recoil\n|\n|-weather|RainDance|[upkeep]\n|-heal|p2a: Rillaboom|277/288|[from] Grassy Terrain\n|upkeep\n|\n|t:|1781441895\n|switch|p1a: Blaziken|Blaziken, L76, F|247/247\n|-activate|p1a: Blaziken|move: Sticky Web\n|-unboost|p1a: Blaziken|spe|1\n|-status|p1a: Blaziken|psn\n|turn|20\n|\n|t:|1781441904\n|move|p2a: Rillaboom|Wood Hammer|p1a: Blaziken\n|-resisted|p1a: Blaziken\n|-damage|p1a: Blaziken|88/247 psn\n|-damage|p2a: Rillaboom|225/288|[from] Recoil\n|move|p1a: Blaziken|Swords Dance|p1a: Blaziken\n|-boost|p1a: Blaziken|atk|2\n|\n|-weather|RainDance|[upkeep]\n|-heal|p2a: Rillaboom|243/288|[from] Grassy Terrain\n|-heal|p1a: Blaziken|103/247 psn|[from] Grassy Terrain\n|-damage|p1a: Blaziken|73/247 psn|[from] psn\n|-ability|p1a: Blaziken|Speed Boost|boost\n|-boost|p1a: Blaziken|spe|1\n|upkeep\n|turn|21\n|\n|t:|1781441909\n|move|p2a: Rillaboom|Wood Hammer|p1a: Blaziken\n|-resisted|p1a: Blaziken\n|-damage|p1a: Blaziken|0 fnt\n|faint|p1a: Blaziken\n|-damage|p2a: Rillaboom|219/288|[from] Recoil\n|\n|-weather|RainDance|[upkeep]\n|-heal|p2a: Rillaboom|237/288|[from] Grassy Terrain\n|upkeep\n|c|\u2606TheAustrianOak|no chance with my team\n|c|\u2606TheAustrianOak|bad rng as well\n|-message|TheAustrianOak forfeited.\n|\n|win|shallowdream20\n", "uploadtime": 1781441699, "views": 6, "formatid": "gen9randombattle", "rating": null, "private": 0, "password": null}