{"id": "gen9randombattle-2631933809", "format": "[Gen 9] Random Battle", "players": ["SaberTB", "DEVILICEMIN"], "log": "|j|\u2606SaberTB\n|j|\u2606DEVILICEMIN\n|t:|1781457231\n|gametype|singles\n|player|p1|SaberTB|169|2087\n|player|p2|DEVILICEMIN|265|2082\n|gen|9\n|tier|[Gen 9] Random Battle\n|rated|\n|rule|Species Clause: Limit one of each Pok\u00e9mon\n|rule|HP Percentage Mod: HP is shown in percentages\n|rule|Sleep Clause Mod: Limit one foe put to sleep\n|rule|Illusion Level Mod: Illusion disguises the Pok\u00e9mon's true level\n|\n|t:|1781457231\n|teamsize|p1|6\n|teamsize|p2|6\n|start\n|switch|p1a: Raichu|Raichu-Alola, L87, M|246/246\n|switch|p2a: Qwilfish|Qwilfish-Hisui, L83, M|244/244\n|-ability|p2a: Qwilfish|Intimidate|boost\n|-unboost|p1a: Raichu|atk|1\n|turn|1\n|\n|t:|1781457284\n|switch|p1a: Magearna|Magearna-Original, L77|250/250\n|move|p2a: Qwilfish|Crunch|p1a: Magearna\n|-resisted|p1a: Magearna\n|-crit|p1a: Magearna\n|-damage|p1a: Magearna|192/250\n|\n|upkeep\n|turn|2\n|\n|t:|1781457299\n|move|p2a: Qwilfish|Toxic Spikes|p1a: Magearna\n|-sidestart|p1: SaberTB|move: Toxic Spikes\n|move|p1a: Magearna|Shift Gear|p1a: Magearna\n|-boost|p1a: Magearna|spe|2\n|-boost|p1a: Magearna|atk|1\n|\n|upkeep\n|turn|3\n|\n|t:|1781457311\n|move|p1a: Magearna|Iron Head|p2a: Qwilfish\n|-damage|p2a: Qwilfish|166/244\n|move|p2a: Qwilfish|Spikes|p1a: Magearna\n|-sidestart|p1: SaberTB|Spikes\n|\n|upkeep\n|turn|4\n|\n|t:|1781457314\n|switch|p2a: Toxapex|Toxapex, L82, M|216/216\n|move|p1a: Magearna|Shift Gear|p1a: Magearna\n|-boost|p1a: Magearna|spe|2\n|-boost|p1a: Magearna|atk|1\n|\n|upkeep\n|turn|5\n|\n|t:|1781457317\n|-terastallize|p1a: Magearna|Ground\n|move|p1a: Magearna|Tera Blast|p2a: Toxapex|[anim] Tera Blast Ground\n|-supereffective|p2a: Toxapex\n|-damage|p2a: Toxapex|46/216\n|move|p2a: Toxapex|Haze|p2a: Toxapex\n|-clearallboost\n|\n|-heal|p2a: Toxapex|59/216|[from] item: Leftovers\n|upkeep\n|turn|6\n|\n|t:|1781457337\n|switch|p2a: Qwilfish|Qwilfish-Hisui, L83, M|166/244\n|-ability|p2a: Qwilfish|Intimidate|boost\n|-unboost|p1a: Magearna|atk|1\n|move|p1a: Magearna|Shift Gear|p1a: Magearna\n|-boost|p1a: Magearna|spe|2\n|-boost|p1a: Magearna|atk|1\n|\n|upkeep\n|turn|7\n|\n|t:|1781457359\n|move|p1a: Magearna|Tera Blast|p2a: Qwilfish|[anim] Tera Blast Ground\n|-supereffective|p2a: Qwilfish\n|-damage|p2a: Qwilfish|0 fnt\n|faint|p2a: Qwilfish\n|-ability|p1a: Magearna|Soul-Heart|boost\n|-boost|p1a: Magearna|spa|1\n|\n|upkeep\n|\n|t:|1781457364\n|switch|p2a: Comfey|Comfey, L85, M|225/225\n|turn|8\n|\n|t:|1781457376\n|-terastallize|p2a: Comfey|Poison\n|move|p1a: Magearna|Iron Head|p2a: Comfey\n|-damage|p2a: Comfey|153/225\n|move|p2a: Comfey|Calm Mind|p2a: Comfey\n|-boost|p2a: Comfey|spa|1\n|-boost|p2a: Comfey|spd|1\n|\n|-heal|p2a: Comfey|167/225|[from] item: Leftovers\n|upkeep\n|turn|9\n|\n|t:|1781457382\n|move|p2a: Comfey|Giga Drain|p1a: Magearna\n|-supereffective|p1a: Magearna\n|-damage|p1a: Magearna|58/250\n|-heal|p2a: Comfey|225/225|[from] drain|[of] p1a: Magearna\n|-enditem|p1a: Magearna|Weakness Policy\n|-boost|p1a: Magearna|atk|2|[from] item: Weakness Policy\n|-boost|p1a: Magearna|spa|2|[from] item: Weakness Policy\n|move|p1a: Magearna|Tera Blast|p2a: Comfey|[anim] Tera Blast Ground\n|-supereffective|p2a: Comfey\n|-damage|p2a: Comfey|0 fnt\n|faint|p2a: Comfey\n|-ability|p1a: Magearna|Soul-Heart|boost\n|-boost|p1a: Magearna|spa|1\n|\n|upkeep\n|\n|t:|1781457388\n|switch|p2a: Bisharp|Bisharp, L79, F|232/232\n|turn|10\n|\n|t:|1781457399\n|move|p2a: Bisharp|Sucker Punch||[still]\n|-fail|p2a: Bisharp\n|move|p1a: Magearna|Shift Gear|p1a: Magearna\n|-boost|p1a: Magearna|spe|2\n|-boost|p1a: Magearna|atk|1\n|\n|upkeep\n|turn|11\n|\n|t:|1781457402\n|move|p2a: Bisharp|Sucker Punch|p1a: Magearna\n|-damage|p1a: Magearna|0 fnt\n|faint|p1a: Magearna\n|\n|upkeep\n|\n|t:|1781457407\n|switch|p1a: Iron Treads|Iron Treads, L77|265/265\n|-damage|p1a: Iron Treads|232/265|[from] Spikes\n|turn|12\n|\n|t:|1781457412\n|switch|p2a: Scyther|Scyther, L82, F|249/249\n|move|p1a: Iron Treads|Rapid Spin|p2a: Scyther\n|-damage|p2a: Scyther|213/249\n|-boost|p1a: Iron Treads|spe|1\n|-sideend|p1: SaberTB|Spikes|[from] move: Rapid Spin|[of] p1a: Iron Treads\n|-sideend|p1: SaberTB|Toxic Spikes|[from] move: Rapid Spin|[of] p1a: Iron Treads\n|\n|upkeep\n|turn|13\n|\n|t:|1781457420\n|move|p1a: Iron Treads|Iron Head|p2a: Scyther\n|-damage|p2a: Scyther|128/249\n|move|p2a: Scyther|Swords Dance|p2a: Scyther\n|-boost|p2a: Scyther|atk|2\n|\n|upkeep\n|turn|14\n|\n|t:|1781457426\n|move|p1a: Iron Treads|Iron Head|p2a: Scyther\n|-damage|p2a: Scyther|43/249\n|cant|p2a: Scyther|flinch\n|\n|upkeep\n|turn|15\n|\n|t:|1781457430\n|move|p1a: Iron Treads|Iron Head|p2a: Scyther\n|-damage|p2a: Scyther|0 fnt\n|faint|p2a: Scyther\n|\n|upkeep\n|\n|t:|1781457435\n|switch|p2a: Appletun|Appletun, L92, F|352/352\n|turn|16\n|\n|t:|1781457438\n|move|p1a: Iron Treads|Knock Off|p2a: Appletun\n|-damage|p2a: Appletun|289/352\n|-enditem|p2a: Appletun|Leftovers|[from] move: Knock Off|[of] p1a: Iron Treads\n|move|p2a: Appletun|Apple Acid|p1a: Iron Treads\n|-damage|p1a: Iron Treads|139/265\n|-unboost|p1a: Iron Treads|spd|1\n|\n|upkeep\n|turn|17\n|\n|t:|1781457442\n|-end|p1a: Iron Treads|Quark Drive|[silent]\n|switch|p1a: Kyurem|Kyurem-White, L73|303/303\n|-ability|p1a: Kyurem|Turboblaze\n|move|p2a: Appletun|Apple Acid|p1a: Kyurem\n|-resisted|p1a: Kyurem\n|-damage|p1a: Kyurem|250/303\n|-unboost|p1a: Kyurem|spd|1\n|\n|upkeep\n|turn|18\n|\n|t:|1781457448\n|switch|p2a: Bisharp|Bisharp, L79, F|232/232\n|move|p1a: Kyurem|Freeze-Dry|p2a: Bisharp\n|-resisted|p2a: Bisharp\n|-damage|p2a: Bisharp|180/232\n|\n|upkeep\n|turn|19\n|\n|t:|1781457461\n|switch|p1a: Scovillain|Scovillain, L91, M|266/266\n|move|p2a: Bisharp|Iron Head|p1a: Scovillain\n|-resisted|p1a: Scovillain\n|-damage|p1a: Scovillain|217/266\n|\n|upkeep\n|turn|20\n|\n|t:|1781457466\n|switch|p2a: Appletun|Appletun, L92, F|289/352\n|move|p1a: Scovillain|Overheat|p2a: Appletun|[miss]\n|-miss|p1a: Scovillain|p2a: Appletun\n|\n|upkeep\n|turn|21\n|\n|t:|1781457472\n|switch|p1a: Iron Treads|Iron Treads, L77|139/265\n|move|p2a: Appletun|Apple Acid|p1a: Iron Treads\n|-damage|p1a: Iron Treads|46/265\n|-unboost|p1a: Iron Treads|spd|1\n|\n|upkeep\n|turn|22\n|\n|t:|1781457480\n|move|p1a: Iron Treads|Knock Off|p2a: Appletun\n|-damage|p2a: Appletun|244/352\n|move|p2a: Appletun|Recover|p2a: Appletun\n|-heal|p2a: Appletun|352/352\n|\n|upkeep\n|turn|23\n|\n|t:|1781457482\n|move|p1a: Iron Treads|Iron Head|p2a: Appletun\n|-crit|p2a: Appletun\n|-damage|p2a: Appletun|240/352\n|cant|p2a: Appletun|flinch\n|\n|upkeep\n|turn|24\n|\n|t:|1781457485\n|move|p1a: Iron Treads|Iron Head|p2a: Appletun\n|-damage|p2a: Appletun|165/352\n|move|p2a: Appletun|Recover|p2a: Appletun\n|-heal|p2a: Appletun|341/352\n|\n|upkeep\n|turn|25\n|\n|t:|1781457488\n|move|p1a: Iron Treads|Iron Head|p2a: Appletun\n|-damage|p2a: Appletun|262/352\n|move|p2a: Appletun|Apple Acid|p1a: Iron Treads\n|-damage|p1a: Iron Treads|0 fnt\n|faint|p1a: Iron Treads\n|-end|p1a: Iron Treads|Quark Drive|[silent]\n|\n|upkeep\n|\n|t:|1781457490\n|switch|p1a: Kyurem|Kyurem-White, L73|250/303\n|-ability|p1a: Kyurem|Turboblaze\n|turn|26\n|\n|t:|1781457492\n|switch|p2a: Bisharp|Bisharp, L79, F|180/232\n|move|p1a: Kyurem|Freeze-Dry|p2a: Bisharp\n|-resisted|p2a: Bisharp\n|-damage|p2a: Bisharp|123/232\n|\n|upkeep\n|turn|27\n|\n|t:|1781457501\n|switch|p1a: Scovillain|Scovillain, L91, M|217/266\n|move|p2a: Bisharp|Swords Dance|p2a: Bisharp\n|-boost|p2a: Bisharp|atk|2\n|\n|upkeep\n|turn|28\n|\n|t:|1781457508\n|move|p2a: Bisharp|Sucker Punch|p1a: Scovillain\n|-damage|p1a: Scovillain|45/266\n|move|p1a: Scovillain|Flamethrower|p2a: Bisharp\n|-supereffective|p2a: Bisharp\n|-damage|p2a: Bisharp|0 fnt\n|faint|p2a: Bisharp\n|\n|upkeep\n|\n|t:|1781457511\n|switch|p2a: Appletun|Appletun, L92, F|262/352\n|turn|29\n|\n|t:|1781457513\n|move|p1a: Scovillain|Flamethrower|p2a: Appletun\n|-damage|p2a: Appletun|202/352\n|move|p2a: Appletun|Recover|p2a: Appletun\n|-heal|p2a: Appletun|352/352\n|\n|upkeep\n|turn|30\n|\n|t:|1781457517\n|move|p1a: Scovillain|Flamethrower|p2a: Appletun\n|-damage|p2a: Appletun|291/352\n|move|p2a: Appletun|Apple Acid|p1a: Scovillain\n|-resisted|p1a: Scovillain\n|-damage|p1a: Scovillain|16/266\n|-unboost|p1a: Scovillain|spd|1\n|\n|upkeep\n|turn|31\n|\n|t:|1781457520\n|move|p1a: Scovillain|Flamethrower|p2a: Appletun\n|-damage|p2a: Appletun|231/352\n|move|p2a: Appletun|Recover|p2a: Appletun\n|-heal|p2a: Appletun|352/352\n|\n|upkeep\n|turn|32\n|\n|t:|1781457524\n|move|p1a: Scovillain|Flamethrower|p2a: Appletun\n|-damage|p2a: Appletun|289/352\n|-status|p2a: Appletun|brn\n|move|p2a: Appletun|Dragon Tail|p1a: Scovillain\n|-damage|p1a: Scovillain|0 fnt\n|faint|p1a: Scovillain\n|\n|-damage|p2a: Appletun|267/352 brn|[from] brn\n|upkeep\n|\n|t:|1781457528\n|switch|p1a: Kyurem|Kyurem-White, L73|250/303\n|-ability|p1a: Kyurem|Turboblaze\n|turn|33\n|\n|t:|1781457535\n|switch|p2a: Toxapex|Toxapex, L82, M|131/216\n|move|p1a: Kyurem|Draco Meteor|p2a: Toxapex\n|-damage|p2a: Toxapex|0 fnt\n|-unboost|p1a: Kyurem|spa|2\n|faint|p2a: Toxapex\n|\n|upkeep\n|\n|t:|1781457538\n|switch|p2a: Appletun|Appletun, L92, F|267/352 brn\n|turn|34\n|\n|t:|1781457541\n|move|p1a: Kyurem|Draco Meteor|p2a: Appletun\n|-supereffective|p2a: Appletun\n|-damage|p2a: Appletun|37/352 brn\n|-unboost|p1a: Kyurem|spa|2\n|move|p2a: Appletun|Apple Acid|p1a: Kyurem\n|-resisted|p1a: Kyurem\n|-damage|p1a: Kyurem|198/303\n|-unboost|p1a: Kyurem|spd|1\n|\n|-damage|p2a: Appletun|15/352 brn|[from] brn\n|upkeep\n|turn|35\n|-message|DEVILICEMIN forfeited.\n|\n|win|SaberTB\n", "uploadtime": 1781457232, "views": 4, "formatid": "gen9randombattle", "rating": null, "private": 0, "password": null}