{"id": "gen9randombattle-2631453716", "format": "[Gen 9] Random Battle", "players": ["Armour y0", "Petilil37"], "log": "|j|\u2606Armour y0\n|j|\u203dPetilil37\n|t:|1781386576\n|gametype|singles\n|player|p1|Armour y0|rancher|2127\n|player|p2|Petilil37|2|2085\n|gen|9\n|tier|[Gen 9] Random Battle\n|rated|\n|rule|Species Clause: Limit one of each Pok\u00e9mon\n|rule|HP Percentage Mod: HP is shown in percentages\n|rule|Sleep Clause Mod: Limit one foe put to sleep\n|rule|Illusion Level Mod: Illusion disguises the Pok\u00e9mon's true level\n|\n|t:|1781386576\n|teamsize|p1|6\n|teamsize|p2|6\n|start\n|switch|p1a: Ursaring|Ursaring, L84, M|288/288\n|switch|p2a: Zangoose|Zangoose, L85, F|263/263\n|turn|1\n|inactive|Battle timer is ON: inactive players will automatically lose when time's up. (requested by Armour y0)\n|\n|t:|1781386586\n|move|p2a: Zangoose|Knock Off|p1a: Ursaring\n|-damage|p1a: Ursaring|232/288\n|-enditem|p1a: Ursaring|Eviolite|[from] move: Knock Off|[of] p2a: Zangoose\n|move|p1a: Ursaring|Body Slam|p2a: Zangoose\n|-damage|p2a: Zangoose|113/263\n|-status|p2a: Zangoose|par\n|\n|upkeep\n|turn|2\n|\n|t:|1781386592\n|switch|p2a: Banette|Banette, L93, F|270/270\n|move|p1a: Ursaring|Body Slam|p2a: Banette\n|-immune|p2a: Banette\n|\n|upkeep\n|turn|3\n|\n|t:|1781386597\n|move|p2a: Banette|Swords Dance|p2a: Banette\n|-boost|p2a: Banette|atk|2\n|move|p1a: Ursaring|Earthquake|p2a: Banette\n|-damage|p2a: Banette|161/270\n|\n|upkeep\n|turn|4\n|\n|t:|1781386600\n|move|p2a: Banette|Gunk Shot|p1a: Ursaring\n|-damage|p1a: Ursaring|0 fnt\n|faint|p1a: Ursaring\n|-damage|p2a: Banette|134/270|[from] item: Life Orb\n|\n|upkeep\n|\n|t:|1781386602\n|switch|p1a: Dodrio|Dodrio, L85, M|241/241\n|turn|5\n|\n|t:|1781386606\n|switch|p2a: Zangoose|Zangoose, L85, F|113/263 par\n|move|p1a: Dodrio|Brave Bird|p2a: Zangoose\n|-damage|p2a: Zangoose|0 fnt\n|faint|p2a: Zangoose\n|-damage|p1a: Dodrio|204/241|[from] Recoil\n|\n|upkeep\n|\n|t:|1781386609\n|switch|p2a: Raichu|Raichu, L88, F|249/249\n|turn|6\n|\n|t:|1781386611\n|switch|p1a: Electrode|Electrode-Hisui, L87|246/246\n|move|p2a: Raichu|Volt Switch|p1a: Electrode\n|-resisted|p1a: Electrode\n|-damage|p1a: Electrode|228/246\n|\n|t:|1781386614\n|switch|p2a: Clodsire|Clodsire, L81, M|343/343|[from] Volt Switch\n|\n|upkeep\n|turn|7\n|\n|t:|1781386620\n|switch|p1a: Espeon|Espeon, L84, F|246/246\n|move|p2a: Clodsire|Stealth Rock|p1a: Espeon\n|move|p1a: Espeon|Stealth Rock|p2a: Clodsire|[from] ability: Magic Bounce\n|-sidestart|p2: Petilil37|move: Stealth Rock\n|\n|upkeep\n|turn|8\n|\n|t:|1781386627\n|switch|p2a: Swampert|Swampert, L83, M|302/302\n|-damage|p2a: Swampert|284/302|[from] Stealth Rock\n|move|p1a: Espeon|Psyshock|p2a: Swampert\n|-damage|p2a: Swampert|148/302\n|-damage|p1a: Espeon|222/246|[from] item: Life Orb\n|\n|-heal|p2a: Swampert|166/302|[from] item: Leftovers\n|upkeep\n|turn|9\n|\n|t:|1781386635\n|switch|p1a: Electrode|Electrode-Hisui, L87|228/246\n|move|p2a: Swampert|Knock Off|p1a: Electrode\n|-damage|p1a: Electrode|148/246\n|-status|p2a: Swampert|par|[from] ability: Static|[of] p1a: Electrode\n|-enditem|p1a: Electrode|Life Orb|[from] move: Knock Off|[of] p2a: Swampert\n|\n|-heal|p2a: Swampert|184/302 par|[from] item: Leftovers\n|upkeep\n|turn|10\n|\n|t:|1781386649\n|move|p1a: Electrode|Giga Drain|p2a: Swampert\n|-supereffective|p2a: Swampert\n|-damage|p2a: Swampert|0 fnt\n|-heal|p1a: Electrode|240/246|[from] drain|[of] p2a: Swampert\n|faint|p2a: Swampert\n|\n|upkeep\n|\n|t:|1781386654\n|switch|p2a: Clodsire|Clodsire, L81, M|343/343\n|-damage|p2a: Clodsire|322/343|[from] Stealth Rock\n|turn|11\n|\n|t:|1781386658\n|switch|p1a: Dodrio|Dodrio, L85, M|204/241\n|move|p2a: Clodsire|Poison Jab|p1a: Dodrio\n|-damage|p1a: Dodrio|128/241\n|\n|-heal|p2a: Clodsire|343/343|[from] item: Leftovers\n|upkeep\n|turn|12\n|-message|Petilil37 forfeited.\n|\n|win|Armour y0\n", "uploadtime": 1781386578, "views": 5, "formatid": "gen9randombattle", "rating": null, "private": 0, "password": null}