{"id": "gen9randombattle-2631819079", "format": "[Gen 9] Random Battle", "players": ["Schibi", "Chicken347"], "log": "|j|\u2606Schibi\n|j|\u2606Chicken347\n|t:|1781444141\n|gametype|singles\n|player|p1|Schibi|265|1967\n|player|p2|Chicken347|266|2005\n|gen|9\n|tier|[Gen 9] Random Battle\n|rated|\n|rule|Species Clause: Limit one of each Pok\u00e9mon\n|rule|HP Percentage Mod: HP is shown in percentages\n|rule|Sleep Clause Mod: Limit one foe put to sleep\n|rule|Illusion Level Mod: Illusion disguises the Pok\u00e9mon's true level\n|\n|t:|1781444141\n|teamsize|p1|6\n|teamsize|p2|6\n|start\n|switch|p1a: Raikou|Raikou, L81|278/278\n|switch|p2a: Mienshao|Mienshao, L83, F|243/243\n|-ability|p1a: Raikou|Pressure\n|turn|1\n|inactive|Battle timer is ON: inactive players will automatically lose when time's up. (requested by Schibi)\n|\n|t:|1781444157\n|switch|p2a: Morpeko|Morpeko, L88, F|245/245\n|move|p1a: Raikou|Volt Switch|p2a: Morpeko\n|-resisted|p2a: Morpeko\n|-damage|p2a: Morpeko|168/245\n|\n|t:|1781444167\n|switch|p1a: Heatran|Heatran, L79, M|273/273|[from] Volt Switch\n|-item|p1a: Heatran|Air Balloon\n|\n|-formechange|p2a: Morpeko|Morpeko-Hangry||[from] ability: Hunger Switch\n|upkeep\n|turn|2\n|\n|t:|1781444185\n|move|p2a: Morpeko|Parting Shot|p1a: Heatran\n|-unboost|p1a: Heatran|atk|1\n|-unboost|p1a: Heatran|spa|1\n|\n|t:|1781444193\n|switch|p2a: Ludicolo|Ludicolo, L90, M|290/290|[from] Parting Shot\n|move|p1a: Heatran|Stealth Rock|p2a: Ludicolo\n|-sidestart|p2: Chicken347|move: Stealth Rock\n|\n|upkeep\n|turn|3\n|\n|t:|1781444201\n|switch|p1a: Luvdisc|Luvdisc, M|247/247\n|move|p2a: Ludicolo|Rain Dance|p2a: Ludicolo\n|-weather|RainDance\n|\n|-weather|RainDance|[upkeep]\n|upkeep\n|turn|4\n|\n|t:|1781444207\n|move|p1a: Luvdisc|Substitute|p1a: Luvdisc\n|-start|p1a: Luvdisc|Substitute\n|-damage|p1a: Luvdisc|186/247\n|move|p2a: Ludicolo|Giga Drain|p1a: Luvdisc\n|-supereffective|p1a: Luvdisc\n|-end|p1a: Luvdisc|Substitute\n|-damage|p2a: Ludicolo|261/290|[from] item: Life Orb\n|\n|-weather|RainDance|[upkeep]\n|upkeep\n|turn|5\n|\n|t:|1781444220\n|switch|p2a: Morpeko|Morpeko, L88, F|168/245\n|move|p1a: Luvdisc|Substitute|p1a: Luvdisc\n|-start|p1a: Luvdisc|Substitute\n|-damage|p1a: Luvdisc|125/247\n|\n|-weather|RainDance|[upkeep]\n|-formechange|p2a: Morpeko|Morpeko-Hangry||[from] ability: Hunger Switch\n|upkeep\n|turn|6\n|\n|t:|1781444224\n|move|p1a: Luvdisc|Surf|p2a: Morpeko\n|-damage|p2a: Morpeko|20/245\n|move|p2a: Morpeko|Aura Wheel|p1a: Luvdisc\n|-end|p1a: Luvdisc|Substitute\n|-boost|p2a: Morpeko|spe|1\n|\n|-weather|RainDance|[upkeep]\n|-formechange|p2a: Morpeko|Morpeko||[from] ability: Hunger Switch\n|upkeep\n|turn|7\n|\n|t:|1781444229\n|move|p1a: Luvdisc|Substitute|p1a: Luvdisc\n|-start|p1a: Luvdisc|Substitute\n|-damage|p1a: Luvdisc|64/247\n|move|p2a: Morpeko|Aura Wheel|p1a: Luvdisc\n|-supereffective|p1a: Luvdisc\n|-end|p1a: Luvdisc|Substitute\n|-boost|p2a: Morpeko|spe|1\n|\n|-weather|none\n|-formechange|p2a: Morpeko|Morpeko-Hangry||[from] ability: Hunger Switch\n|upkeep\n|turn|8\n|\n|t:|1781444236\n|move|p2a: Morpeko|Aura Wheel|p1a: Luvdisc\n|-damage|p1a: Luvdisc|0 fnt\n|-boost|p2a: Morpeko|spe|1\n|faint|p1a: Luvdisc\n|\n|-formechange|p2a: Morpeko|Morpeko||[from] ability: Hunger Switch\n|upkeep\n|\n|t:|1781444241\n|switch|p1a: Heatran|Heatran, L79, M|273/273\n|-item|p1a: Heatran|Air Balloon\n|turn|9\n|\n|t:|1781444245\n|move|p2a: Morpeko|Rapid Spin|p1a: Heatran\n|-resisted|p1a: Heatran\n|-damage|p1a: Heatran|254/273\n|-boost|p2a: Morpeko|spe|1\n|-enditem|p1a: Heatran|Air Balloon\n|-sideend|p2: Chicken347|Stealth Rock|[from] move: Rapid Spin|[of] p2a: Morpeko\n|move|p1a: Heatran|Lava Plume|p2a: Morpeko\n|-damage|p2a: Morpeko|0 fnt\n|faint|p2a: Morpeko\n|\n|upkeep\n|\n|t:|1781444257\n|switch|p2a: Ludicolo|Ludicolo, L90, M|261/290\n|turn|10\n|\n|t:|1781444262\n|switch|p1a: Noctowl|Noctowl, L95, F|344/344\n|move|p2a: Ludicolo|Rain Dance|p2a: Ludicolo\n|-weather|RainDance\n|\n|-weather|RainDance|[upkeep]\n|upkeep\n|turn|11\n|\n|t:|1781444275\n|switch|p2a: Cryogonal|Cryogonal, L89|287/287\n|move|p1a: Noctowl|Hurricane|p2a: Cryogonal\n|-damage|p2a: Cryogonal|200/287\n|\n|-weather|RainDance|[upkeep]\n|upkeep\n|turn|12\n|\n|t:|1781444282\n|switch|p2a: Ludicolo|Ludicolo, L90, M|261/290\n|switch|p1a: Heatran|Heatran, L79, M|254/273\n|\n|-weather|RainDance|[upkeep]\n|upkeep\n|turn|13\n|\n|t:|1781444287\n|move|p2a: Ludicolo|Hydro Pump|p1a: Heatran\n|-supereffective|p1a: Heatran\n|-damage|p1a: Heatran|0 fnt\n|faint|p1a: Heatran\n|-damage|p2a: Ludicolo|232/290|[from] item: Life Orb\n|\n|-weather|RainDance|[upkeep]\n|upkeep\n|\n|t:|1781444294\n|switch|p1a: Noctowl|Noctowl, L95, F|344/344\n|turn|14\n|\n|t:|1781444302\n|switch|p2a: Cryogonal|Cryogonal, L89|200/287\n|move|p1a: Noctowl|Calm Mind|p1a: Noctowl\n|-boost|p1a: Noctowl|spa|1\n|-boost|p1a: Noctowl|spd|1\n|\n|-weather|none\n|upkeep\n|turn|15\n|\n|t:|1781444307\n|move|p2a: Cryogonal|Haze|p2a: Cryogonal\n|-clearallboost\n|move|p1a: Noctowl|Calm Mind|p1a: Noctowl\n|-boost|p1a: Noctowl|spa|1\n|-boost|p1a: Noctowl|spd|1\n|\n|upkeep\n|turn|16\n|\n|t:|1781444310\n|move|p2a: Cryogonal|Freeze-Dry|p1a: Noctowl\n|-supereffective|p1a: Noctowl\n|-damage|p1a: Noctowl|248/344\n|move|p1a: Noctowl|Hyper Voice|p2a: Cryogonal\n|-damage|p2a: Cryogonal|92/287\n|\n|upkeep\n|turn|17\n|\n|t:|1781444315\n|move|p2a: Cryogonal|Haze|p2a: Cryogonal\n|-clearallboost\n|move|p1a: Noctowl|Hurricane|p2a: Cryogonal\n|-damage|p2a: Cryogonal|0 fnt\n|faint|p2a: Cryogonal\n|\n|upkeep\n|\n|t:|1781444335\n|switch|p2a: Mienshao|Mienshao, L83, F|243/243\n|turn|18\n|\n|t:|1781444342\n|move|p2a: Mienshao|High Jump Kick|p1a: Noctowl\n|-damage|p1a: Noctowl|0 fnt\n|faint|p1a: Noctowl\n|\n|upkeep\n|\n|t:|1781444349\n|switch|p1a: Raikou|Raikou, L81|278/278\n|-ability|p1a: Raikou|Pressure\n|turn|19\n|\n|t:|1781444359\n|move|p1a: Raikou|Volt Switch|p2a: Mienshao\n|-crit|p2a: Mienshao\n|-damage|p2a: Mienshao|9/243\n|\n|t:|1781444363\n|switch|p1a: Gouging Fire|Gouging Fire, L74|277/277|[from] Volt Switch\n|move|p2a: Mienshao|High Jump Kick|p1a: Gouging Fire\n|-crit|p1a: Gouging Fire\n|-damage|p1a: Gouging Fire|0 fnt\n|faint|p1a: Gouging Fire\n|-end|p1a: Gouging Fire|Protosynthesis|[silent]\n|\n|upkeep\n|\n|t:|1781444365\n|switch|p1a: Raikou|Raikou, L81|278/278\n|-ability|p1a: Raikou|Pressure\n|turn|20\n|\n|t:|1781444388\n|switch|p2a: Lapras|Lapras, L87, F|368/368\n|move|p1a: Raikou|Thunderbolt|p2a: Lapras\n|-supereffective|p2a: Lapras\n|-damage|p2a: Lapras|98/368\n|-status|p2a: Lapras|par\n|\n|upkeep\n|turn|21\n|\n|t:|1781444392\n|move|p1a: Raikou|Thunderbolt|p2a: Lapras\n|-supereffective|p2a: Lapras\n|-damage|p2a: Lapras|0 fnt\n|faint|p2a: Lapras\n|\n|upkeep\n|\n|t:|1781444403\n|switch|p2a: Hitmonchan|Hitmonchan, L87, M|229/229\n|turn|22\n|\n|t:|1781444407\n|move|p1a: Raikou|Thunderbolt|p2a: Hitmonchan\n|-damage|p2a: Hitmonchan|106/229\n|move|p2a: Hitmonchan|Drain Punch|p1a: Raikou\n|-damage|p1a: Raikou|158/278\n|-heal|p2a: Hitmonchan|166/229|[from] drain|[of] p1a: Raikou\n|\n|-heal|p2a: Hitmonchan|180/229|[from] item: Leftovers\n|upkeep\n|turn|23\n|\n|t:|1781444412\n|move|p1a: Raikou|Thunderbolt|p2a: Hitmonchan\n|-damage|p2a: Hitmonchan|63/229\n|move|p2a: Hitmonchan|Drain Punch|p1a: Raikou\n|-crit|p1a: Raikou\n|-damage|p1a: Raikou|0 fnt\n|-heal|p2a: Hitmonchan|142/229|[from] drain|[of] p1a: Raikou\n|faint|p1a: Raikou\n|\n|-heal|p2a: Hitmonchan|156/229|[from] item: Leftovers\n|upkeep\n|\n|t:|1781444417\n|switch|p1a: Weavile|Weavile, L79, F|240/240\n|turn|24\n|\n|t:|1781444422\n|move|p1a: Weavile|Triple Axel|p2a: Hitmonchan\n|-damage|p2a: Hitmonchan|132/229\n|-damage|p2a: Hitmonchan|83/229\n|-damage|p2a: Hitmonchan|8/229\n|-hitcount|p2a: Hitmonchan|3\n|move|p2a: Hitmonchan|Drain Punch|p1a: Weavile\n|-supereffective|p1a: Weavile\n|-damage|p1a: Weavile|0 fnt\n|-heal|p2a: Hitmonchan|128/229|[from] drain|[of] p1a: Weavile\n|faint|p1a: Weavile\n|\n|win|Chicken347\n", "uploadtime": 1781444143, "views": 3, "formatid": "gen9randombattle", "rating": null, "private": 0, "password": null}