{"id": "gen9randombattle-2631572980", "format": "[Gen 9] Random Battle", "players": ["LinkNinjaTC11", "schleeby"], "log": "|j|\u2606LinkNinjaTC11\n|j|\u2606schleeby\n|t:|1781403120\n|gametype|singles\n|player|p1|LinkNinjaTC11|veteran|2016\n|player|p2|schleeby|rosa|2014\n|gen|9\n|tier|[Gen 9] Random Battle\n|rated|\n|rule|Species Clause: Limit one of each Pok\u00e9mon\n|rule|HP Percentage Mod: HP is shown in percentages\n|rule|Sleep Clause Mod: Limit one foe put to sleep\n|rule|Illusion Level Mod: Illusion disguises the Pok\u00e9mon's true level\n|\n|t:|1781403120\n|teamsize|p1|6\n|teamsize|p2|6\n|start\n|switch|p1a: Greninja|Greninja, L80, M|246/246\n|switch|p2a: Dragapult|Dragapult, L77, F|262/262\n|turn|1\n|inactive|Battle timer is ON: inactive players will automatically lose when time's up. (requested by LinkNinjaTC11)\n|\n|t:|1781403133\n|switch|p1a: Grimmsnarl|Grimmsnarl, L83, M|293/293\n|move|p2a: Dragapult|U-turn|p1a: Grimmsnarl\n|-damage|p1a: Grimmsnarl|233/293\n|\n|t:|1781403137\n|switch|p2a: Perrserker|Perrserker, L89, M|269/269|[from] U-turn\n|\n|upkeep\n|turn|2\n|\n|t:|1781403153\n|move|p1a: Grimmsnarl|Reflect|p1a: Grimmsnarl\n|-sidestart|p1: LinkNinjaTC11|Reflect\n|move|p2a: Perrserker|Stealth Rock|p1a: Grimmsnarl\n|-sidestart|p1: LinkNinjaTC11|move: Stealth Rock\n|\n|upkeep\n|turn|3\n|\n|t:|1781403156\n|move|p1a: Grimmsnarl|Thunder Wave|p2a: Perrserker\n|-status|p2a: Perrserker|par\n|move|p2a: Perrserker|Iron Head|p1a: Grimmsnarl\n|-supereffective|p1a: Grimmsnarl\n|-damage|p1a: Grimmsnarl|0 fnt\n|faint|p1a: Grimmsnarl\n|-damage|p2a: Perrserker|243/269 par|[from] item: Life Orb\n|\n|upkeep\n|\n|t:|1781403162\n|switch|p1a: Annihilape|Annihilape, L76, M|292/292\n|-damage|p1a: Annihilape|274/292|[from] Stealth Rock\n|turn|4\n|\n|t:|1781403182\n|switch|p2a: Dragapult|Dragapult, L77, F|262/262\n|move|p1a: Annihilape|Bulk Up|p1a: Annihilape\n|-boost|p1a: Annihilape|atk|1\n|-boost|p1a: Annihilape|def|1\n|\n|-heal|p1a: Annihilape|292/292|[from] item: Leftovers\n|upkeep\n|turn|5\n|\n|t:|1781403188\n|move|p2a: Dragapult|Will-O-Wisp|p1a: Annihilape\n|-status|p1a: Annihilape|brn\n|move|p1a: Annihilape|Rage Fist|p2a: Dragapult\n|-supereffective|p2a: Dragapult\n|-damage|p2a: Dragapult|165/262\n|\n|-damage|p1a: Annihilape|274/292 brn|[from] brn\n|upkeep\n|turn|6\n|\n|t:|1781403192\n|move|p2a: Dragapult|Hex|p1a: Annihilape\n|-supereffective|p1a: Annihilape\n|-damage|p1a: Annihilape|34/292 brn\n|move|p1a: Annihilape|Bulk Up|p1a: Annihilape\n|-boost|p1a: Annihilape|atk|1\n|-boost|p1a: Annihilape|def|1\n|\n|-heal|p1a: Annihilape|52/292 brn|[from] item: Leftovers\n|-damage|p1a: Annihilape|34/292 brn|[from] brn\n|upkeep\n|turn|7\n|\n|t:|1781403197\n|switch|p1a: Greninja|Greninja, L80, M|246/246\n|-damage|p1a: Greninja|216/246|[from] Stealth Rock\n|move|p2a: Dragapult|Hex|p1a: Greninja\n|-resisted|p1a: Greninja\n|-damage|p1a: Greninja|180/246\n|\n|upkeep\n|turn|8\n|\n|t:|1781403205\n|-terastallize|p2a: Dragapult|Dragon\n|move|p2a: Dragapult|Dragon Darts|p1a: Greninja\n|-damage|p1a: Greninja|92/246\n|-anim|p2a: Dragapult|Dragon Darts|p1a: Greninja\n|-damage|p1a: Greninja|0 fnt\n|faint|p1a: Greninja\n|\n|upkeep\n|\n|t:|1781403210\n|switch|p1a: Ogerpon|Ogerpon-Cornerstone, L76, F|247/247\n|-damage|p1a: Ogerpon|217/247|[from] Stealth Rock\n|turn|9\n|\n|t:|1781403216\n|move|p2a: Dragapult|Will-O-Wisp|p1a: Ogerpon\n|-status|p1a: Ogerpon|brn\n|move|p1a: Ogerpon|Ivy Cudgel|p2a: Dragapult|[anim] Ivy Cudgel Rock\n|-damage|p2a: Dragapult|90/262\n|\n|-damage|p1a: Ogerpon|202/247 brn|[from] brn\n|-sideend|p1: LinkNinjaTC11|Reflect\n|upkeep\n|turn|10\n|-message|LinkNinjaTC11 forfeited.\n|\n|win|schleeby\n", "uploadtime": 1781403122, "views": 4, "formatid": "gen9randombattle", "rating": null, "private": 0, "password": null}