{"id": "gen9randombattle-2632001314", "format": "[Gen 9] Random Battle", "players": ["Dghfff", "Insectjoy"], "log": "|j|\u2606Dghfff\n|j|\u2606Insectjoy\n|t:|1781464629\n|gametype|singles\n|player|p1|Dghfff|1|2122\n|player|p2|Insectjoy|2|2099\n|gen|9\n|tier|[Gen 9] Random Battle\n|rated|\n|rule|Species Clause: Limit one of each Pok\u00e9mon\n|rule|HP Percentage Mod: HP is shown in percentages\n|rule|Sleep Clause Mod: Limit one foe put to sleep\n|rule|Illusion Level Mod: Illusion disguises the Pok\u00e9mon's true level\n|\n|t:|1781464629\n|teamsize|p1|6\n|teamsize|p2|6\n|start\n|switch|p1a: Hippowdon|Hippowdon, L82, F|311/311\n|switch|p2a: Dragonite|Dragonite, L74, M|257/257\n|-weather|Sandstorm|[from] ability: Sand Stream|[of] p1a: Hippowdon\n|turn|1\n|c|\u2606Insectjoy|Glhf\n|inactive|Battle timer is ON: inactive players will automatically lose when time's up. (requested by Dghfff)\n|\n|t:|1781464657\n|switch|p2a: Rillaboom|Rillaboom, L79, M|288/288\n|-fieldstart|move: Grassy Terrain|[from] ability: Grassy Surge|[of] p2a: Rillaboom\n|move|p1a: Hippowdon|Curse|p1a: Hippowdon\n|-unboost|p1a: Hippowdon|spe|1\n|-boost|p1a: Hippowdon|atk|1\n|-boost|p1a: Hippowdon|def|1\n|\n|-weather|Sandstorm|[upkeep]\n|-damage|p2a: Rillaboom|270/288|[from] Sandstorm\n|-heal|p2a: Rillaboom|288/288|[from] Grassy Terrain\n|upkeep\n|turn|2\n|\n|t:|1781464680\n|switch|p1a: Metagross|Metagross, L79|256/256\n|move|p2a: Rillaboom|Wood Hammer|p1a: Metagross\n|-resisted|p1a: Metagross\n|-damage|p1a: Metagross|161/256\n|-damage|p2a: Rillaboom|257/288|[from] Recoil\n|-damage|p2a: Rillaboom|229/288|[from] item: Life Orb\n|\n|-weather|Sandstorm|[upkeep]\n|-damage|p2a: Rillaboom|211/288|[from] Sandstorm\n|-heal|p2a: Rillaboom|229/288|[from] Grassy Terrain\n|-heal|p1a: Metagross|177/256|[from] Grassy Terrain\n|upkeep\n|turn|3\n|\n|t:|1781464701\n|switch|p2a: Dedenne|Dedenne, L88, F|261/261\n|move|p1a: Metagross|Agility|p1a: Metagross\n|-boost|p1a: Metagross|spe|2\n|\n|-weather|Sandstorm|[upkeep]\n|-damage|p2a: Dedenne|245/261|[from] Sandstorm\n|-heal|p1a: Metagross|193/256|[from] Grassy Terrain\n|-heal|p2a: Dedenne|261/261|[from] Grassy Terrain\n|upkeep\n|turn|4\n|\n|t:|1781464713\n|move|p1a: Metagross|Heavy Slam|p2a: Dedenne\n|-damage|p2a: Dedenne|81/261\n|-enditem|p2a: Dedenne|Sitrus Berry|[eat]\n|-heal|p2a: Dedenne|146/261|[from] item: Sitrus Berry\n|-heal|p2a: Dedenne|233/261|[from] ability: Cheek Pouch\n|move|p2a: Dedenne|Nuzzle|p1a: Metagross\n|-damage|p1a: Metagross|180/256\n|-status|p1a: Metagross|par\n|\n|-weather|Sandstorm|[upkeep]\n|-damage|p2a: Dedenne|217/261|[from] Sandstorm\n|-heal|p2a: Dedenne|233/261|[from] Grassy Terrain\n|-heal|p1a: Metagross|196/256 par|[from] Grassy Terrain\n|upkeep\n|turn|5\n|inactive|Insectjoy has 120 seconds left.\n|\n|t:|1781464734\n|move|p2a: Dedenne|Super Fang|p1a: Metagross\n|-damage|p1a: Metagross|98/256 par\n|move|p1a: Metagross|Agility|p1a: Metagross\n|-boost|p1a: Metagross|spe|2\n|\n|-weather|none\n|-heal|p1a: Metagross|114/256 par|[from] Grassy Terrain\n|-heal|p2a: Dedenne|249/261|[from] Grassy Terrain\n|-fieldend|move: Grassy Terrain\n|upkeep\n|turn|6\n|\n|t:|1781464744\n|move|p1a: Metagross|Earthquake|p2a: Dedenne\n|-supereffective|p2a: Dedenne\n|-crit|p2a: Dedenne\n|-damage|p2a: Dedenne|0 fnt\n|faint|p2a: Dedenne\n|\n|upkeep\n|inactive|Insectjoy has 120 seconds left.\n|\n|t:|1781464755\n|switch|p2a: Inteleon|Inteleon, L81, M|246/246\n|turn|7\n|\n|t:|1781464764\n|move|p2a: Inteleon|Scald|p1a: Metagross\n|-crit|p1a: Metagross\n|-damage|p1a: Metagross|0 fnt\n|faint|p1a: Metagross\n|\n|upkeep\n|\n|t:|1781464771\n|switch|p1a: Terapagos|Terapagos, L77, M|265/265\n|-activate|p1a: Terapagos|ability: Tera Shift\n|detailschange|p1a: Terapagos|Terapagos-Terastal, L77, M\n|-heal|p1a: Terapagos|273/273|[silent]\n|turn|8\n|\n|t:|1781464781\n|move|p2a: Inteleon|Scald|p1a: Terapagos\n|-activate|p1a: Terapagos|ability: Tera Shell\n|-resisted|p1a: Terapagos\n|-damage|p1a: Terapagos|204/273\n|-status|p1a: Terapagos|brn\n|move|p1a: Terapagos|Rapid Spin|p2a: Inteleon\n|-damage|p2a: Inteleon|216/246\n|-boost|p1a: Terapagos|spe|1\n|\n|-damage|p1a: Terapagos|187/273 brn|[from] brn\n|upkeep\n|turn|9\n|\n|t:|1781464797\n|move|p1a: Terapagos|Calm Mind|p1a: Terapagos\n|-boost|p1a: Terapagos|spa|1\n|-boost|p1a: Terapagos|spd|1\n|move|p2a: Inteleon|Scald|p1a: Terapagos\n|-crit|p1a: Terapagos\n|-damage|p1a: Terapagos|0 fnt\n|faint|p1a: Terapagos\n|\n|upkeep\n|\n|t:|1781464804\n|switch|p1a: Ursaring|Ursaring, L84, F|288/288\n|turn|10\n|\n|t:|1781464817\n|switch|p2a: Terrakion|Terrakion, L79|273/273\n|move|p1a: Ursaring|Facade|p2a: Terrakion\n|-resisted|p2a: Terrakion\n|-damage|p2a: Terrakion|222/273\n|\n|-status|p1a: Ursaring|tox|[from] item: Toxic Orb\n|upkeep\n|turn|11\n|\n|t:|1781464827\n|switch|p1a: Hippowdon|Hippowdon, L82, F|311/311\n|-weather|Sandstorm|[from] ability: Sand Stream|[of] p1a: Hippowdon\n|move|p2a: Terrakion|Close Combat|p1a: Hippowdon\n|-damage|p1a: Hippowdon|159/311\n|-unboost|p2a: Terrakion|def|1\n|-unboost|p2a: Terrakion|spd|1\n|-damage|p2a: Terrakion|195/273|[from] item: Life Orb\n|\n|-weather|Sandstorm|[upkeep]\n|-heal|p1a: Hippowdon|178/311|[from] item: Leftovers\n|upkeep\n|turn|12\n|\n|t:|1781464857\n|switch|p2a: Rillaboom|Rillaboom, L79, M|229/288\n|-fieldstart|move: Grassy Terrain|[from] ability: Grassy Surge|[of] p2a: Rillaboom\n|move|p1a: Hippowdon|Stone Edge|p2a: Rillaboom\n|-damage|p2a: Rillaboom|150/288\n|\n|-weather|Sandstorm|[upkeep]\n|-damage|p2a: Rillaboom|132/288|[from] Sandstorm\n|-heal|p2a: Rillaboom|150/288|[from] Grassy Terrain\n|-heal|p1a: Hippowdon|197/311|[from] Grassy Terrain\n|-heal|p1a: Hippowdon|216/311|[from] item: Leftovers\n|upkeep\n|turn|13\n|\n|t:|1781464870\n|move|p2a: Rillaboom|Swords Dance|p2a: Rillaboom\n|-boost|p2a: Rillaboom|atk|2\n|move|p1a: Hippowdon|Stone Edge|p2a: Rillaboom|[miss]\n|-miss|p1a: Hippowdon|p2a: Rillaboom\n|\n|-weather|Sandstorm|[upkeep]\n|-damage|p2a: Rillaboom|132/288|[from] Sandstorm\n|-heal|p2a: Rillaboom|150/288|[from] Grassy Terrain\n|-heal|p1a: Hippowdon|235/311|[from] Grassy Terrain\n|-heal|p1a: Hippowdon|254/311|[from] item: Leftovers\n|upkeep\n|turn|14\n|inactive|Insectjoy has 120 seconds left.\n|\n|t:|1781464889\n|move|p2a: Rillaboom|Grassy Glide|p1a: Hippowdon\n|-supereffective|p1a: Hippowdon\n|-damage|p1a: Hippowdon|0 fnt\n|faint|p1a: Hippowdon\n|-damage|p2a: Rillaboom|122/288|[from] item: Life Orb\n|\n|-weather|Sandstorm|[upkeep]\n|-damage|p2a: Rillaboom|104/288|[from] Sandstorm\n|-heal|p2a: Rillaboom|122/288|[from] Grassy Terrain\n|upkeep\n|-message|Dghfff forfeited.\n|\n|win|Insectjoy\n", "uploadtime": 1781464632, "views": 6, "formatid": "gen9randombattle", "rating": null, "private": 0, "password": null}