{"id": "gen9randombattle-2631614446", "format": "[Gen 9] Random Battle", "players": ["sirsunnyyy", "Goofy Ahhh Trainer"], "log": "|j|\u2606sirsunnyyy\n|j|\u2606Goofy Ahhh Trainer\n|t:|1781409097\n|gametype|singles\n|player|p1|sirsunnyyy|harlequin|1906\n|player|p2|Goofy Ahhh Trainer|skier|1866\n|gen|9\n|tier|[Gen 9] Random Battle\n|rated|\n|rule|Species Clause: Limit one of each Pok\u00e9mon\n|rule|HP Percentage Mod: HP is shown in percentages\n|rule|Sleep Clause Mod: Limit one foe put to sleep\n|rule|Illusion Level Mod: Illusion disguises the Pok\u00e9mon's true level\n|\n|t:|1781409097\n|teamsize|p1|6\n|teamsize|p2|6\n|start\n|switch|p1a: Slowbro|Slowbro, L85, M|300/300\n|switch|p2a: Mandibuzz|Mandibuzz, L85, F|326/326\n|turn|1\n|inactive|Battle timer is ON: inactive players will automatically lose when time's up. (requested by sirsunnyyy)\n|c|\u2606sirsunnyyy|hi again\n|\n|t:|1781409111\n|move|p2a: Mandibuzz|U-turn|p1a: Slowbro\n|-supereffective|p1a: Slowbro\n|-damage|p1a: Slowbro|234/300\n|-damage|p2a: Mandibuzz|272/326|[from] item: Rocky Helmet|[of] p1a: Slowbro\n|\n|t:|1781409114\n|switch|p2a: Zebstrika|Zebstrika, L87, F|272/272|[from] U-turn\n|move|p1a: Slowbro|Thunder Wave|p2a: Zebstrika|[miss]\n|-miss|p1a: Slowbro|p2a: Zebstrika\n|\n|upkeep\n|turn|2\n|c|\u2606Goofy Ahhh Trainer|yo\n|\n|t:|1781409121\n|switch|p1a: Krookodile|Krookodile, L79, M|280/280\n|-ability|p1a: Krookodile|Intimidate|boost\n|-unboost|p2a: Zebstrika|atk|1\n|move|p2a: Zebstrika|Volt Switch|p1a: Krookodile\n|-immune|p1a: Krookodile\n|\n|upkeep\n|turn|3\n|inactive|Goofy Ahhh Trainer has 120 seconds left.\n|\n|t:|1781409154\n|switch|p2a: Mandibuzz|Mandibuzz, L85, F|272/326\n|move|p1a: Krookodile|Stone Edge|p2a: Mandibuzz\n|-supereffective|p2a: Mandibuzz\n|-damage|p2a: Mandibuzz|119/326\n|-damage|p1a: Krookodile|252/280|[from] item: Life Orb\n|\n|upkeep\n|turn|4\n|\n|t:|1781409162\n|move|p1a: Krookodile|Stone Edge|p2a: Mandibuzz\n|-supereffective|p2a: Mandibuzz\n|-damage|p2a: Mandibuzz|0 fnt\n|faint|p2a: Mandibuzz\n|-damage|p1a: Krookodile|224/280|[from] item: Life Orb\n|\n|upkeep\n|\n|t:|1781409165\n|switch|p2a: Manaphy|Manaphy, L78|284/284\n|turn|5\n|\n|t:|1781409176\n|switch|p1a: Scovillain|Scovillain, L91, F|266/266\n|move|p2a: Manaphy|Tail Glow|p2a: Manaphy\n|-boost|p2a: Manaphy|spa|3\n|\n|upkeep\n|turn|6\n|\n|t:|1781409187\n|move|p2a: Manaphy|Hydro Pump|p1a: Scovillain|[miss]\n|-miss|p2a: Manaphy|p1a: Scovillain\n|move|p1a: Scovillain|Sunny Day|p1a: Scovillain\n|-weather|SunnyDay\n|\n|-weather|SunnyDay|[upkeep]\n|upkeep\n|turn|7\n|\n|t:|1781409191\n|-terastallize|p2a: Manaphy|Grass\n|move|p1a: Scovillain|Energy Ball|p2a: Manaphy\n|-resisted|p2a: Manaphy\n|-damage|p2a: Manaphy|221/284\n|move|p2a: Manaphy|Hydro Pump|p1a: Scovillain|[miss]\n|-miss|p2a: Manaphy|p1a: Scovillain\n|\n|-weather|SunnyDay|[upkeep]\n|-heal|p2a: Manaphy|238/284|[from] item: Leftovers\n|upkeep\n|turn|8\n|c|\u2606sirsunnyyy|thats been my luck today\n|\n|t:|1781409203\n|switch|p2a: Slowbro|Slowbro, L85, F|300/300\n|move|p1a: Scovillain|Fire Blast|p2a: Slowbro\n|-resisted|p2a: Slowbro\n|-damage|p2a: Slowbro|184/300\n|\n|-weather|SunnyDay|[upkeep]\n|-heal|p2a: Slowbro|202/300|[from] item: Leftovers\n|upkeep\n|turn|9\n|\n|t:|1781409206\n|switch|p2a: Zebstrika|Zebstrika, L87, F|272/272\n|move|p1a: Scovillain|Energy Ball|p2a: Zebstrika\n|-ability|p2a: Zebstrika|Sap Sipper|boost\n|-boost|p2a: Zebstrika|atk|1\n|\n|-weather|SunnyDay|[upkeep]\n|upkeep\n|turn|10\n|\n|t:|1781409217\n|move|p1a: Scovillain|Fire Blast|p2a: Zebstrika\n|-damage|p2a: Zebstrika|0 fnt\n|faint|p2a: Zebstrika\n|\n|-weather|none\n|upkeep\n|\n|t:|1781409222\n|switch|p2a: Porygon-Z|Porygon-Z, L83|277/277\n|turn|11\n|\n|t:|1781409240\n|switch|p1a: Krookodile|Krookodile, L79, M|224/280\n|-ability|p1a: Krookodile|Intimidate|boost\n|-unboost|p2a: Porygon-Z|atk|1\n|move|p2a: Porygon-Z|Tera Blast|p1a: Krookodile\n|-damage|p1a: Krookodile|0 fnt\n|faint|p1a: Krookodile\n|-damage|p2a: Porygon-Z|250/277|[from] item: Life Orb\n|\n|upkeep\n|\n|t:|1781409257\n|switch|p1a: Avalugg|Avalugg, L88, M|310/310\n|turn|12\n|\n|t:|1781409260\n|move|p2a: Porygon-Z|Tera Blast|p1a: Avalugg\n|-damage|p1a: Avalugg|45/310\n|-damage|p2a: Porygon-Z|223/277|[from] item: Life Orb\n|move|p1a: Avalugg|Body Press|p2a: Porygon-Z\n|-supereffective|p2a: Porygon-Z\n|-damage|p2a: Porygon-Z|0 fnt\n|faint|p2a: Porygon-Z\n|\n|upkeep\n|\n|t:|1781409276\n|switch|p2a: Kyurem|Kyurem-White, L73|303/303\n|-ability|p2a: Kyurem|Turboblaze\n|turn|13\n|\n|t:|1781409290\n|move|p2a: Kyurem|Freeze-Dry|p1a: Avalugg\n|-resisted|p1a: Avalugg\n|-damage|p1a: Avalugg|0 fnt\n|faint|p1a: Avalugg\n|\n|upkeep\n|inactive|sirsunnyyy has 120 seconds left.\n|\n|t:|1781409322\n|switch|p1a: Houndstone|Houndstone, L86, M|264/264\n|turn|14\n|\n|t:|1781409333\n|move|p2a: Kyurem|Freeze-Dry|p1a: Houndstone\n|-damage|p1a: Houndstone|179/264\n|move|p1a: Houndstone|Poltergeist|p2a: Kyurem\n|-activate|p2a: Kyurem|move: Poltergeist|Choice Scarf\n|-damage|p2a: Kyurem|170/303\n|\n|-heal|p1a: Houndstone|195/264|[from] item: Leftovers\n|upkeep\n|turn|15\n|\n|t:|1781409343\n|move|p2a: Kyurem|Freeze-Dry|p1a: Houndstone\n|-damage|p1a: Houndstone|113/264\n|move|p1a: Houndstone|Poltergeist|p2a: Kyurem\n|-activate|p2a: Kyurem|move: Poltergeist|Choice Scarf\n|-damage|p2a: Kyurem|29/303\n|\n|-heal|p1a: Houndstone|129/264|[from] item: Leftovers\n|upkeep\n|turn|16\n|\n|t:|1781409358\n|move|p1a: Houndstone|Shadow Sneak|p2a: Kyurem\n|-damage|p2a: Kyurem|0 fnt\n|faint|p2a: Kyurem\n|\n|-heal|p1a: Houndstone|145/264|[from] item: Leftovers\n|upkeep\n|\n|t:|1781409364\n|switch|p2a: Manaphy|Manaphy, L78, tera:Grass|238/284\n|turn|17\n|\n|t:|1781409369\n|switch|p1a: Scovillain|Scovillain, L91, F|266/266\n|move|p2a: Manaphy|Tail Glow|p2a: Manaphy\n|-boost|p2a: Manaphy|spa|3\n|\n|-heal|p2a: Manaphy|255/284|[from] item: Leftovers\n|upkeep\n|turn|18\n|\n|t:|1781409376\n|move|p2a: Manaphy|Hydro Pump|p1a: Scovillain|[miss]\n|-miss|p2a: Manaphy|p1a: Scovillain\n|move|p1a: Scovillain|Sunny Day|p1a: Scovillain\n|-weather|SunnyDay\n|\n|-weather|SunnyDay|[upkeep]\n|-heal|p2a: Manaphy|272/284|[from] item: Leftovers\n|upkeep\n|turn|19\n|c|\u2606Goofy Ahhh Trainer|haha\n|c|\u2606sirsunnyyy|didnt matter either way\n|-message|Goofy Ahhh Trainer forfeited.\n|\n|win|sirsunnyyy\n|raw|sirsunnyyy's rating: 1906 &rarr; <strong>1924</strong><br />(+18 for winning)\n|raw|Goofy Ahhh Trainer's rating: 1866 &rarr; <strong>1848</strong><br />(-18 for losing)\n", "uploadtime": 1781409386, "views": 3, "formatid": "gen9randombattle", "rating": 1848, "private": 0, "password": null}