{"id": "gen9randombattle-2631720023", "format": "[Gen 9] Random Battle", "players": ["Aminator3000", "KoffeeArchive"], "log": "|j|\u2606Aminator3000\n|j|\u2606KoffeeArchive\n|t:|1781428169\n|gametype|singles\n|player|p1|Aminator3000|veteran|1917\n|player|p2|KoffeeArchive|clair|1968\n|gen|9\n|tier|[Gen 9] Random Battle\n|rated|\n|rule|Species Clause: Limit one of each Pok\u00e9mon\n|rule|HP Percentage Mod: HP is shown in percentages\n|rule|Sleep Clause Mod: Limit one foe put to sleep\n|rule|Illusion Level Mod: Illusion disguises the Pok\u00e9mon's true level\n|\n|t:|1781428169\n|teamsize|p1|6\n|teamsize|p2|6\n|start\n|switch|p1a: Dragapult|Dragapult, L77, F|262/262\n|switch|p2a: Perrserker|Perrserker, L89, M|269/269\n|turn|1\n|inactive|Battle timer is ON: inactive players will automatically lose when time's up. (requested by KoffeeArchive)\n|\n|t:|1781428184\n|move|p1a: Dragapult|Fire Blast|p2a: Perrserker\n|-supereffective|p2a: Perrserker\n|-damage|p2a: Perrserker|69/269\n|-damage|p1a: Dragapult|236/262|[from] item: Life Orb\n|move|p2a: Perrserker|Iron Head|p1a: Dragapult\n|-damage|p1a: Dragapult|37/262\n|-damage|p2a: Perrserker|43/269|[from] item: Life Orb\n|\n|upkeep\n|turn|2\n|\n|t:|1781428197\n|move|p1a: Dragapult|Fire Blast|p2a: Perrserker\n|-supereffective|p2a: Perrserker\n|-damage|p2a: Perrserker|0 fnt\n|faint|p2a: Perrserker\n|-damage|p1a: Dragapult|11/262|[from] item: Life Orb\n|\n|upkeep\n|\n|t:|1781428207\n|switch|p2a: Glalie|Glalie, L96, F|309/309\n|turn|3\n|\n|t:|1781428212\n|move|p1a: Dragapult|Fire Blast|p2a: Glalie|[miss]\n|-miss|p1a: Dragapult|p2a: Glalie\n|move|p2a: Glalie|Spikes|p1a: Dragapult\n|-sidestart|p1: Aminator3000|Spikes\n|\n|upkeep\n|turn|4\n|\n|t:|1781428219\n|move|p1a: Dragapult|Fire Blast|p2a: Glalie\n|-supereffective|p2a: Glalie\n|-damage|p2a: Glalie|130/309\n|-damage|p1a: Dragapult|0 fnt|[from] item: Life Orb\n|faint|p1a: Dragapult\n|move|p2a: Glalie|Spikes|p1: Dragapult\n|-sidestart|p1: Aminator3000|Spikes\n|\n|upkeep\n|\n|t:|1781428232\n|switch|p1a: Volcarona|Volcarona, L77, F|257/257\n|turn|5\n|\n|t:|1781428238\n|move|p2a: Glalie|Taunt|p1a: Volcarona\n|-start|p1a: Volcarona|move: Taunt\n|cant|p1a: Volcarona|move: Taunt|Quiver Dance\n|\n|upkeep\n|turn|6\n|\n|t:|1781428244\n|switch|p2a: Infernape|Infernape, L82, F|259/259\n|move|p1a: Volcarona|Fiery Dance|p2a: Infernape\n|-resisted|p2a: Infernape\n|-damage|p2a: Infernape|199/259\n|\n|upkeep\n|turn|7\n|\n|t:|1781428259\n|move|p2a: Infernape|Knock Off|p1a: Volcarona\n|-damage|p1a: Volcarona|128/257\n|-enditem|p1a: Volcarona|Heavy-Duty Boots|[from] move: Knock Off|[of] p2a: Infernape\n|-damage|p2a: Infernape|174/259|[from] item: Life Orb\n|move|p1a: Volcarona|Fiery Dance|p2a: Infernape\n|-resisted|p2a: Infernape\n|-damage|p2a: Infernape|118/259\n|-boost|p1a: Volcarona|spa|1\n|\n|-end|p1a: Volcarona|move: Taunt\n|upkeep\n|turn|8\n|\n|t:|1781428275\n|move|p2a: Infernape|Knock Off|p1a: Volcarona\n|-damage|p1a: Volcarona|47/257\n|-damage|p2a: Infernape|93/259|[from] item: Life Orb\n|move|p1a: Volcarona|Fiery Dance|p2a: Infernape\n|-resisted|p2a: Infernape\n|-damage|p2a: Infernape|3/259\n|-boost|p1a: Volcarona|spa|1\n|\n|upkeep\n|turn|9\n|\n|t:|1781428284\n|move|p2a: Infernape|Knock Off|p1a: Volcarona\n|-damage|p1a: Volcarona|0 fnt\n|faint|p1a: Volcarona\n|-damage|p2a: Infernape|0 fnt|[from] item: Life Orb\n|faint|p2a: Infernape\n|\n|upkeep\n|\n|t:|1781428296\n|switch|p2a: Toedscruel|Toedscruel, L87, F|281/281\n|switch|p1a: Carbink|Carbink, L90|236/236\n|-damage|p1a: Carbink|197/236|[from] Spikes\n|turn|10\n|\n|t:|1781428306\n|move|p2a: Toedscruel|Leaf Storm|p1a: Carbink\n|-supereffective|p1a: Carbink\n|-damage|p1a: Carbink|33/236\n|-unboost|p2a: Toedscruel|spa|2\n|move|p1a: Carbink|Iron Defense|p1a: Carbink\n|-boost|p1a: Carbink|def|2\n|\n|upkeep\n|turn|11\n|\n|t:|1781428314\n|move|p2a: Toedscruel|Leaf Storm|p1a: Carbink\n|-supereffective|p1a: Carbink\n|-damage|p1a: Carbink|0 fnt\n|-unboost|p2a: Toedscruel|spa|2\n|faint|p1a: Carbink\n|\n|upkeep\n|\n|t:|1781428322\n|switch|p1a: Floatzel|Floatzel, L86, F|286/286\n|-damage|p1a: Floatzel|239/286|[from] Spikes\n|turn|12\n|\n|t:|1781428330\n|move|p1a: Floatzel|Ice Spinner|p2a: Toedscruel\n|-supereffective|p2a: Toedscruel\n|-damage|p2a: Toedscruel|0 fnt\n|faint|p2a: Toedscruel\n|\n|-heal|p1a: Floatzel|256/286|[from] item: Leftovers\n|upkeep\n|\n|t:|1781428337\n|switch|p2a: Koraidon|Koraidon, L64|235/235\n|-weather|SunnyDay|[from] ability: Orichalcum Pulse|[of] p2a: Koraidon\n|-activate|p2a: Koraidon|Orichalcum Pulse|[source]\n|turn|13\n|\n|t:|1781428345\n|-terastallize|p2a: Koraidon|Fire\n|move|p1a: Floatzel|Ice Spinner|p2a: Koraidon\n|-resisted|p2a: Koraidon\n|-damage|p2a: Koraidon|204/235\n|move|p2a: Koraidon|Scale Shot|p1a: Floatzel\n|-damage|p1a: Floatzel|216/286\n|-damage|p1a: Floatzel|177/286\n|-crit|p1a: Floatzel\n|-damage|p1a: Floatzel|122/286\n|-damage|p1a: Floatzel|86/286\n|-hitcount|p1a: Floatzel|4\n|-unboost|p2a: Koraidon|def|1\n|-boost|p2a: Koraidon|spe|1\n|\n|-weather|SunnyDay|[upkeep]\n|-heal|p1a: Floatzel|103/286|[from] item: Leftovers\n|upkeep\n|turn|14\n|\n|t:|1781428367\n|move|p2a: Koraidon|Collision Course|p1a: Floatzel\n|-damage|p1a: Floatzel|0 fnt\n|faint|p1a: Floatzel\n|\n|-weather|SunnyDay|[upkeep]\n|upkeep\n|\n|t:|1781428375\n|switch|p1a: Coalossal|Coalossal, L89, M|341/341\n|turn|15\n|\n|t:|1781428385\n|-terastallize|p1a: Coalossal|Water\n|move|p2a: Koraidon|Collision Course|p1a: Coalossal\n|-damage|p1a: Coalossal|266/341\n|move|p1a: Coalossal|Rapid Spin|p2a: Koraidon\n|-damage|p2a: Koraidon|152/235\n|-boost|p1a: Coalossal|spe|1\n|-sideend|p1: Aminator3000|Spikes|[from] move: Rapid Spin|[of] p1a: Coalossal\n|\n|-weather|SunnyDay|[upkeep]\n|upkeep\n|turn|16\n|\n|t:|1781428400\n|move|p2a: Koraidon|Swords Dance|p2a: Koraidon\n|-boost|p2a: Koraidon|atk|2\n|move|p1a: Coalossal|Rapid Spin|p2a: Koraidon\n|-damage|p2a: Koraidon|98/235\n|-boost|p1a: Coalossal|spe|1\n|\n|-weather|SunnyDay|[upkeep]\n|upkeep\n|turn|17\n|\n|t:|1781428410\n|move|p2a: Koraidon|Scale Shot|p1a: Coalossal\n|-damage|p1a: Coalossal|226/341\n|-damage|p1a: Coalossal|187/341\n|-damage|p1a: Coalossal|145/341\n|-damage|p1a: Coalossal|100/341\n|-damage|p1a: Coalossal|55/341\n|-hitcount|p1a: Coalossal|5\n|-unboost|p2a: Koraidon|def|1\n|-boost|p2a: Koraidon|spe|1\n|move|p1a: Coalossal|Stone Edge|p2a: Koraidon\n|-supereffective|p2a: Koraidon\n|-damage|p2a: Koraidon|0 fnt\n|faint|p2a: Koraidon\n|\n|-weather|none\n|upkeep\n|\n|t:|1781428414\n|switch|p2a: Latios|Latios, L78, M|253/253\n|turn|18\n|\n|t:|1781428431\n|move|p2a: Latios|Psyshock|p1a: Coalossal\n|-damage|p1a: Coalossal|0 fnt\n|faint|p1a: Coalossal\n|\n|upkeep\n|\n|t:|1781428436\n|switch|p1a: Bisharp|Bisharp, L79, F|232/232\n|turn|19\n|\n|t:|1781428441\n|move|p2a: Latios|Calm Mind|p2a: Latios\n|-boost|p2a: Latios|spa|1\n|-boost|p2a: Latios|spd|1\n|move|p1a: Bisharp|Throat Chop|p2a: Latios\n|-supereffective|p2a: Latios\n|-damage|p2a: Latios|53/253\n|-start|p2a: Latios|Throat Chop|[silent]\n|\n|upkeep\n|turn|20\n|\n|t:|1781428448\n|move|p2a: Latios|Recover|p2a: Latios\n|-heal|p2a: Latios|180/253\n|move|p1a: Bisharp|Throat Chop|p2a: Latios\n|-supereffective|p2a: Latios\n|-damage|p2a: Latios|0 fnt\n|faint|p2a: Latios\n|\n|upkeep\n|\n|t:|1781428450\n|switch|p2a: Glalie|Glalie, L96, F|130/309\n|turn|21\n|\n|t:|1781428458\n|move|p2a: Glalie|Earthquake|p1a: Bisharp\n|-supereffective|p1a: Bisharp\n|-damage|p1a: Bisharp|124/232\n|move|p1a: Bisharp|Iron Head|p2a: Glalie\n|-supereffective|p2a: Glalie\n|-damage|p2a: Glalie|0 fnt\n|faint|p2a: Glalie\n|\n|win|Aminator3000\n|raw|Aminator3000's rating: 1917 &rarr; <strong>1940</strong><br />(+23 for winning)\n|raw|KoffeeArchive's rating: 1968 &rarr; <strong>1945</strong><br />(-23 for losing)\n", "uploadtime": 1781428170, "views": 3, "formatid": "gen9randombattle", "rating": 1940, "private": 0, "password": null}