{"id": "gen9randombattle-2631826791", "format": "[Gen 9] Random Battle", "players": ["Ggstarmie", "Schibi"], "log": "|j|\u2606Ggstarmie\n|j|\u2606Schibi\n|t:|1781445137\n|gametype|singles\n|player|p1|Ggstarmie|1|2003\n|player|p2|Schibi|265|1961\n|gen|9\n|tier|[Gen 9] Random Battle\n|rated|\n|rule|Species Clause: Limit one of each Pok\u00e9mon\n|rule|HP Percentage Mod: HP is shown in percentages\n|rule|Sleep Clause Mod: Limit one foe put to sleep\n|rule|Illusion Level Mod: Illusion disguises the Pok\u00e9mon's true level\n|\n|t:|1781445137\n|teamsize|p1|6\n|teamsize|p2|6\n|start\n|switch|p1a: Lunala|Lunala, L70|308/308\n|switch|p2a: Granbull|Granbull, L88, M|302/302\n|-ability|p2a: Granbull|Intimidate|boost\n|-unboost|p1a: Lunala|atk|1\n|turn|1\n|inactive|Battle timer is ON: inactive players will automatically lose when time's up. (requested by Schibi)\n|\n|t:|1781445150\n|switch|p1a: Oinkologne|Oinkologne-F, L92, F|361/361\n|move|p2a: Granbull|Thunder Wave|p1a: Oinkologne\n|-status|p1a: Oinkologne|par\n|\n|upkeep\n|turn|2\n|\n|t:|1781445162\n|switch|p2a: Lumineon|Lumineon, L93, F|279/279\n|move|p1a: Oinkologne|Body Slam|p2a: Lumineon\n|-damage|p2a: Lumineon|183/279\n|\n|upkeep\n|turn|3\n|\n|t:|1781445168\n|switch|p1a: Kyogre|Kyogre, L71|259/259\n|-weather|RainDance|[from] ability: Drizzle|[of] p1a: Kyogre\n|move|p2a: Lumineon|Hydro Pump|p1a: Kyogre\n|-resisted|p1a: Kyogre\n|-damage|p1a: Kyogre|176/259\n|-damage|p2a: Lumineon|156/279|[from] item: Life Orb\n|\n|-weather|RainDance|[upkeep]\n|upkeep\n|turn|4\n|\n|t:|1781445173\n|move|p1a: Kyogre|Thunder|p2a: Lumineon\n|-supereffective|p2a: Lumineon\n|-damage|p2a: Lumineon|4/279\n|-status|p2a: Lumineon|par\n|move|p2a: Lumineon|Hydro Pump|p1a: Kyogre\n|-resisted|p1a: Kyogre\n|-damage|p1a: Kyogre|80/259\n|-damage|p2a: Lumineon|0 fnt|[from] item: Life Orb\n|faint|p2a: Lumineon\n|\n|-weather|RainDance|[upkeep]\n|upkeep\n|\n|t:|1781445178\n|switch|p2a: Porygon2|Porygon2, L81|270/270\n|-ability|p2a: Porygon2|Download|boost\n|-boost|p2a: Porygon2|atk|1\n|turn|5\n|\n|t:|1781445193\n|switch|p1a: Oinkologne|Oinkologne-F, L92, F|361/361 par\n|move|p2a: Porygon2|Tera Blast|p1a: Oinkologne\n|-damage|p1a: Oinkologne|279/361 par\n|\n|-weather|RainDance|[upkeep]\n|-heal|p1a: Oinkologne|301/361 par|[from] item: Leftovers\n|upkeep\n|turn|6\n|\n|t:|1781445202\n|switch|p2a: Granbull|Granbull, L88, M|302/302\n|-ability|p2a: Granbull|Intimidate|boost\n|-unboost|p1a: Oinkologne|atk|1\n|move|p1a: Oinkologne|Body Slam|p2a: Granbull\n|-damage|p2a: Granbull|232/302\n|\n|-weather|RainDance|[upkeep]\n|-heal|p2a: Granbull|250/302|[from] item: Leftovers\n|-heal|p1a: Oinkologne|323/361 par|[from] item: Leftovers\n|upkeep\n|turn|7\n|\n|t:|1781445208\n|move|p2a: Granbull|Play Rough|p1a: Oinkologne\n|-damage|p1a: Oinkologne|194/361 par\n|move|p1a: Oinkologne|Curse|p1a: Oinkologne\n|-unboost|p1a: Oinkologne|spe|1\n|-boost|p1a: Oinkologne|atk|1\n|-boost|p1a: Oinkologne|def|1\n|\n|-weather|none\n|-heal|p2a: Granbull|268/302|[from] item: Leftovers\n|-heal|p1a: Oinkologne|216/361 par|[from] item: Leftovers\n|upkeep\n|turn|8\n|\n|t:|1781445213\n|move|p2a: Granbull|Encore|p1a: Oinkologne\n|-start|p1a: Oinkologne|Encore\n|move|p1a: Oinkologne|Curse|p1a: Oinkologne\n|-unboost|p1a: Oinkologne|spe|1\n|-boost|p1a: Oinkologne|atk|1\n|-boost|p1a: Oinkologne|def|1\n|\n|-heal|p2a: Granbull|286/302|[from] item: Leftovers\n|-heal|p1a: Oinkologne|238/361 par|[from] item: Leftovers\n|upkeep\n|turn|9\n|\n|t:|1781445217\n|switch|p2a: Porygon2|Porygon2, L81|270/270\n|-ability|p2a: Porygon2|Download|boost\n|-boost|p2a: Porygon2|spa|1\n|move|p1a: Oinkologne|Curse|p1a: Oinkologne\n|-unboost|p1a: Oinkologne|spe|1\n|-boost|p1a: Oinkologne|atk|1\n|-boost|p1a: Oinkologne|def|1\n|\n|-heal|p1a: Oinkologne|260/361 par|[from] item: Leftovers\n|upkeep\n|turn|10\n|\n|t:|1781445219\n|move|p2a: Porygon2|Tera Blast|p1a: Oinkologne\n|-damage|p1a: Oinkologne|151/361 par\n|move|p1a: Oinkologne|Curse|p1a: Oinkologne\n|-unboost|p1a: Oinkologne|spe|1\n|-boost|p1a: Oinkologne|atk|1\n|-boost|p1a: Oinkologne|def|1\n|\n|-heal|p1a: Oinkologne|173/361 par|[from] item: Leftovers\n|-end|p1a: Oinkologne|Encore\n|upkeep\n|turn|11\n|\n|t:|1781445222\n|move|p2a: Porygon2|Tera Blast|p1a: Oinkologne\n|-damage|p1a: Oinkologne|56/361 par\n|cant|p1a: Oinkologne|par\n|\n|-heal|p1a: Oinkologne|78/361 par|[from] item: Leftovers\n|upkeep\n|turn|12\n|\n|t:|1781445231\n|move|p2a: Porygon2|Tera Blast|p1a: Oinkologne\n|-damage|p1a: Oinkologne|0 fnt\n|faint|p1a: Oinkologne\n|\n|upkeep\n|\n|t:|1781445236\n|switch|p1a: Ogerpon|Ogerpon-Cornerstone, L76, F|247/247\n|turn|13\n|\n|t:|1781445241\n|move|p1a: Ogerpon|Ivy Cudgel|p2a: Porygon2|[anim] Ivy Cudgel Rock\n|-damage|p2a: Porygon2|185/270\n|move|p2a: Porygon2|Thunder Wave|p1a: Ogerpon\n|-status|p1a: Ogerpon|par\n|\n|upkeep\n|turn|14\n|\n|t:|1781445245\n|move|p2a: Porygon2|Shadow Ball|p1a: Ogerpon\n|-damage|p1a: Ogerpon|154/247 par\n|-unboost|p1a: Ogerpon|spd|1\n|cant|p1a: Ogerpon|par\n|\n|upkeep\n|turn|15\n|\n|t:|1781445250\n|move|p2a: Porygon2|Shadow Ball|p1a: Ogerpon\n|-damage|p1a: Ogerpon|32/247 par\n|-unboost|p1a: Ogerpon|spd|1\n|move|p1a: Ogerpon|Encore|p2a: Porygon2\n|-start|p2a: Porygon2|Encore\n|\n|upkeep\n|turn|16\n|\n|t:|1781445254\n|move|p2a: Porygon2|Shadow Ball|p1a: Ogerpon\n|-damage|p1a: Ogerpon|0 fnt\n|faint|p1a: Ogerpon\n|\n|upkeep\n|\n|t:|1781445265\n|switch|p1a: Tornadus|Tornadus, L82, M|264/264\n|turn|17\n|\n|t:|1781445269\n|move|p1a: Tornadus|Nasty Plot|p1a: Tornadus\n|-boost|p1a: Tornadus|spa|2\n|move|p2a: Porygon2|Shadow Ball|p1a: Tornadus\n|-damage|p1a: Tornadus|166/264\n|-unboost|p1a: Tornadus|spd|1\n|\n|upkeep\n|turn|18\n|\n|t:|1781445276\n|move|p1a: Tornadus|Focus Blast|p2a: Porygon2\n|-supereffective|p2a: Porygon2\n|-damage|p2a: Porygon2|0 fnt\n|faint|p2a: Porygon2\n|\n|upkeep\n|\n|t:|1781445291\n|switch|p2a: Seviper|Seviper, L93, M|287/287\n|turn|19\n|\n|t:|1781445295\n|move|p1a: Tornadus|Bleakwind Storm|p2a: Seviper\n|-damage|p2a: Seviper|4/287\n|move|p2a: Seviper|Gunk Shot|p1a: Tornadus\n|-damage|p1a: Tornadus|0 fnt\n|faint|p1a: Tornadus\n|\n|-heal|p2a: Seviper|21/287|[from] item: Leftovers\n|upkeep\n|\n|t:|1781445303\n|switch|p1a: Jirachi|Jirachi, L80|291/291\n|turn|20\n|\n|t:|1781445305\n|move|p1a: Jirachi|Psychic|p2a: Seviper\n|-supereffective|p2a: Seviper\n|-damage|p2a: Seviper|0 fnt\n|faint|p2a: Seviper\n|\n|upkeep\n|\n|t:|1781445313\n|switch|p2a: Granbull|Granbull, L88, M|286/302\n|-ability|p2a: Granbull|Intimidate|boost\n|-unboost|p1a: Jirachi|atk|1\n|turn|21\n|\n|t:|1781445318\n|move|p1a: Jirachi|Iron Head|p2a: Granbull\n|-supereffective|p2a: Granbull\n|-damage|p2a: Granbull|176/302\n|cant|p2a: Granbull|flinch\n|\n|-heal|p2a: Granbull|194/302|[from] item: Leftovers\n|upkeep\n|turn|22\n|\n|t:|1781445324\n|move|p1a: Jirachi|Iron Head|p2a: Granbull\n|-supereffective|p2a: Granbull\n|-damage|p2a: Granbull|78/302\n|cant|p2a: Granbull|flinch\n|\n|-heal|p2a: Granbull|96/302|[from] item: Leftovers\n|upkeep\n|turn|23\n|\n|t:|1781445326\n|move|p1a: Jirachi|Iron Head|p2a: Granbull\n|-supereffective|p2a: Granbull\n|-damage|p2a: Granbull|0 fnt\n|faint|p2a: Granbull\n|\n|upkeep\n|\n|t:|1781445330\n|switch|p2a: Heracross|Heracross, L80, M|259/259\n|turn|24\n|\n|t:|1781445332\n|move|p1a: Jirachi|Psychic|p2a: Heracross\n|-supereffective|p2a: Heracross\n|-damage|p2a: Heracross|67/259\n|move|p2a: Heracross|Knock Off|p1a: Jirachi\n|-supereffective|p1a: Jirachi\n|-damage|p1a: Jirachi|79/291\n|-enditem|p1a: Jirachi|Leftovers|[from] move: Knock Off|[of] p2a: Heracross\n|\n|upkeep\n|turn|25\n|\n|t:|1781445336\n|move|p1a: Jirachi|Psychic|p2a: Heracross\n|-supereffective|p2a: Heracross\n|-damage|p2a: Heracross|0 fnt\n|faint|p2a: Heracross\n|\n|upkeep\n|\n|t:|1781445337\n|switch|p2a: Zamazenta|Zamazenta, L71|248/248\n|-ability|p2a: Zamazenta|Dauntless Shield|boost\n|-boost|p2a: Zamazenta|def|1\n|turn|26\n|\n|t:|1781445347\n|move|p2a: Zamazenta|Iron Head|p1a: Jirachi\n|-resisted|p1a: Jirachi\n|-crit|p1a: Jirachi\n|-damage|p1a: Jirachi|23/291\n|move|p1a: Jirachi|Psychic|p2a: Zamazenta\n|-supereffective|p2a: Zamazenta\n|-damage|p2a: Zamazenta|78/248\n|\n|upkeep\n|turn|27\n|\n|t:|1781445351\n|move|p2a: Zamazenta|Iron Head|p1a: Jirachi\n|-resisted|p1a: Jirachi\n|-damage|p1a: Jirachi|0 fnt\n|faint|p1a: Jirachi\n|\n|upkeep\n|\n|t:|1781445352\n|switch|p1a: Kyogre|Kyogre, L71|80/259\n|-weather|RainDance|[from] ability: Drizzle|[of] p1a: Kyogre\n|turn|28\n|\n|t:|1781445354\n|-terastallize|p2a: Zamazenta|Steel\n|move|p1a: Kyogre|Origin Pulse|p2a: Zamazenta|[miss]\n|-miss|p1a: Kyogre|p2a: Zamazenta\n|move|p2a: Zamazenta|Iron Head|p1a: Kyogre\n|-resisted|p1a: Kyogre\n|-damage|p1a: Kyogre|18/259\n|\n|-weather|RainDance|[upkeep]\n|upkeep\n|turn|29\n|\n|t:|1781445358\n|move|p1a: Kyogre|Origin Pulse|p2a: Zamazenta\n|-damage|p2a: Zamazenta|0 fnt\n|faint|p2a: Zamazenta\n|\n|win|Ggstarmie\n", "uploadtime": 1781445140, "views": 3, "formatid": "gen9randombattle", "rating": null, "private": 0, "password": null}