{"id": "gen9randombattle-2631751685", "format": "[Gen 9] Random Battle", "players": ["huh blue", "FantasyWind"], "log": "|j|\u2606huh blue\n|j|\u203dFantasyWind\n|t:|1781433828\n|gametype|singles\n|player|p1|huh blue|steven|1969\n|player|p2|FantasyWind|rosa|2000\n|gen|9\n|tier|[Gen 9] Random Battle\n|rated|\n|rule|Species Clause: Limit one of each Pok\u00e9mon\n|rule|HP Percentage Mod: HP is shown in percentages\n|rule|Sleep Clause Mod: Limit one foe put to sleep\n|rule|Illusion Level Mod: Illusion disguises the Pok\u00e9mon's true level\n|\n|t:|1781433828\n|teamsize|p1|6\n|teamsize|p2|6\n|start\n|switch|p1a: Porygon-Z|Porygon-Z, L83|277/277\n|switch|p2a: Delphox|Delphox, L84, F|263/263\n|-ability|p1a: Porygon-Z|Download|boost\n|-boost|p1a: Porygon-Z|atk|1\n|turn|1\n|inactive|Battle timer is ON: inactive players will automatically lose when time's up. (requested by FantasyWind)\n|inactive|huh blue also wants the timer to be on.\n|\n|t:|1781433845\n|switch|p1a: Manaphy|Manaphy, L78|284/284\n|move|p2a: Delphox|Nasty Plot|p2a: Delphox\n|-boost|p2a: Delphox|spa|2\n|\n|upkeep\n|turn|2\n|\n|t:|1781433849\n|move|p2a: Delphox|Psyshock|p1a: Manaphy\n|-damage|p1a: Manaphy|103/284\n|move|p1a: Manaphy|Surf|p2a: Delphox\n|-supereffective|p2a: Delphox\n|-damage|p2a: Delphox|95/263\n|\n|-heal|p1a: Manaphy|120/284|[from] item: Leftovers\n|upkeep\n|turn|3\n|\n|t:|1781433857\n|move|p2a: Delphox|Psyshock|p1a: Manaphy\n|-damage|p1a: Manaphy|0 fnt\n|faint|p1a: Manaphy\n|\n|upkeep\n|\n|t:|1781433864\n|switch|p1a: Plusle|Plusle, L95, F|268/268\n|turn|4\n|\n|t:|1781433873\n|switch|p2a: Shaymin|Shaymin, L82|298/298\n|move|p1a: Plusle|Thunderbolt|p2a: Shaymin\n|-resisted|p2a: Shaymin\n|-damage|p2a: Shaymin|225/298\n|-damage|p1a: Plusle|242/268|[from] item: Life Orb\n|\n|-heal|p2a: Shaymin|243/298|[from] item: Leftovers\n|upkeep\n|turn|5\n|\n|t:|1781433879\n|switch|p1a: Staraptor|Staraptor, L79, F|263/263\n|move|p2a: Shaymin|Seed Flare|p1a: Staraptor\n|-resisted|p1a: Staraptor\n|-damage|p1a: Staraptor|184/263\n|\n|-heal|p2a: Shaymin|261/298|[from] item: Leftovers\n|upkeep\n|turn|6\n|\n|t:|1781433884\n|switch|p2a: Solgaleo|Solgaleo, L74|325/325\n|move|p1a: Staraptor|Brave Bird|p2a: Solgaleo\n|-resisted|p2a: Solgaleo\n|-damage|p2a: Solgaleo|219/325\n|-damage|p1a: Staraptor|149/263|[from] Recoil\n|\n|-heal|p2a: Solgaleo|239/325|[from] item: Leftovers\n|upkeep\n|turn|7\n|\n|t:|1781433891\n|switch|p1a: Plusle|Plusle, L95, F|242/268\n|move|p2a: Solgaleo|Teleport|p2a: Solgaleo\n|\n|t:|1781433894\n|switch|p2a: Shaymin|Shaymin, L82|261/298|[from] Teleport\n|\n|-heal|p2a: Shaymin|279/298|[from] item: Leftovers\n|upkeep\n|turn|8\n|\n|t:|1781433900\n|switch|p1a: Staraptor|Staraptor, L79, F|149/263\n|move|p2a: Shaymin|Seed Flare|p1a: Staraptor\n|-resisted|p1a: Staraptor\n|-damage|p1a: Staraptor|65/263\n|\n|-heal|p2a: Shaymin|297/298|[from] item: Leftovers\n|upkeep\n|turn|9\n|\n|t:|1781433903\n|switch|p2a: Solgaleo|Solgaleo, L74|239/325\n|move|p1a: Staraptor|Quick Attack|p2a: Solgaleo\n|-resisted|p2a: Solgaleo\n|-damage|p2a: Solgaleo|204/325\n|\n|-heal|p2a: Solgaleo|224/325|[from] item: Leftovers\n|upkeep\n|turn|10\n|\n|t:|1781433910\n|switch|p1a: Plusle|Plusle, L95, F|242/268\n|move|p2a: Solgaleo|Teleport|p2a: Solgaleo\n|\n|t:|1781433912\n|switch|p2a: Shaymin|Shaymin, L82|297/298|[from] Teleport\n|\n|-heal|p2a: Shaymin|298/298|[from] item: Leftovers\n|upkeep\n|turn|11\n|\n|t:|1781433918\n|switch|p1a: Hawlucha|Hawlucha, L80, M|256/256\n|move|p2a: Shaymin|Seed Flare|p1a: Hawlucha\n|-resisted|p1a: Hawlucha\n|-damage|p1a: Hawlucha|169/256\n|\n|upkeep\n|turn|12\n|\n|t:|1781433926\n|switch|p1a: Staraptor|Staraptor, L79, F|65/263\n|move|p2a: Shaymin|Air Slash|p1a: Staraptor\n|-damage|p1a: Staraptor|0 fnt\n|faint|p1a: Staraptor\n|\n|upkeep\n|\n|t:|1781433929\n|switch|p1a: Koraidon|Koraidon, L64|235/235\n|-weather|SunnyDay|[from] ability: Orichalcum Pulse|[of] p1a: Koraidon\n|-activate|p1a: Koraidon|Orichalcum Pulse|[source]\n|turn|13\n|\n|t:|1781433942\n|switch|p2a: Dusknoir|Dusknoir, L89, M|225/225\n|-item|p1a: Koraidon|Loaded Dice|[from] ability: Frisk|[of] p2a: Dusknoir\n|-terastallize|p1a: Koraidon|Fire\n|move|p1a: Koraidon|Swords Dance|p1a: Koraidon\n|-boost|p1a: Koraidon|atk|2\n|\n|-weather|SunnyDay|[upkeep]\n|upkeep\n|turn|14\n|\n|t:|1781433947\n|move|p1a: Koraidon|Scale Shot|p2a: Dusknoir\n|-damage|p2a: Dusknoir|185/225\n|-damage|p2a: Dusknoir|148/225\n|-crit|p2a: Dusknoir\n|-damage|p2a: Dusknoir|88/225\n|-damage|p2a: Dusknoir|48/225\n|-hitcount|p2a: Dusknoir|4\n|-unboost|p1a: Koraidon|def|1\n|-boost|p1a: Koraidon|spe|1\n|move|p2a: Dusknoir|Poltergeist|p1a: Koraidon\n|-activate|p1a: Koraidon|move: Poltergeist|Loaded Dice\n|-damage|p1a: Koraidon|22/235\n|\n|-weather|SunnyDay|[upkeep]\n|-heal|p2a: Dusknoir|62/225|[from] item: Leftovers\n|upkeep\n|turn|15\n|\n|t:|1781433953\n|move|p1a: Koraidon|Scale Shot|p2a: Dusknoir\n|-damage|p2a: Dusknoir|22/225\n|-damage|p2a: Dusknoir|0 fnt\n|faint|p2a: Dusknoir\n|-hitcount|p2: Dusknoir|2\n|-unboost|p1a: Koraidon|def|1\n|-boost|p1a: Koraidon|spe|1\n|\n|-weather|SunnyDay|[upkeep]\n|upkeep\n|\n|t:|1781433960\n|switch|p2a: Cramorant|Cramorant, L86, M|261/261\n|turn|16\n|\n|t:|1781433972\n|move|p1a: Koraidon|Scale Shot|p2a: Cramorant\n|-damage|p2a: Cramorant|186/261\n|-damage|p2a: Cramorant|117/261\n|-damage|p2a: Cramorant|42/261\n|-damage|p2a: Cramorant|0 fnt\n|faint|p2a: Cramorant\n|-hitcount|p2: Cramorant|4\n|-unboost|p1a: Koraidon|def|1\n|-boost|p1a: Koraidon|spe|1\n|\n|-weather|SunnyDay|[upkeep]\n|upkeep\n|\n|t:|1781433995\n|switch|p2a: Solgaleo|Solgaleo, L74|224/325\n|turn|17\n|\n|t:|1781434000\n|move|p1a: Koraidon|Collision Course|p2a: Solgaleo\n|-damage|p2a: Solgaleo|10/325\n|move|p2a: Solgaleo|Knock Off|p1a: Koraidon\n|-damage|p1a: Koraidon|0 fnt\n|-enditem|p1a: Koraidon|Loaded Dice|[from] move: Knock Off|[of] p2a: Solgaleo\n|faint|p1a: Koraidon\n|\n|-weather|none\n|-heal|p2a: Solgaleo|30/325|[from] item: Leftovers\n|upkeep\n|\n|t:|1781434005\n|switch|p1a: Plusle|Plusle, L95, F|242/268\n|turn|18\n|\n|t:|1781434010\n|switch|p2a: Shaymin|Shaymin, L82|298/298\n|move|p1a: Plusle|Nasty Plot|p1a: Plusle\n|-boost|p1a: Plusle|spa|2\n|\n|upkeep\n|turn|19\n|\n|t:|1781434015\n|move|p1a: Plusle|Thunderbolt|p2a: Shaymin\n|-resisted|p2a: Shaymin\n|-damage|p2a: Shaymin|173/298\n|-damage|p1a: Plusle|216/268|[from] item: Life Orb\n|move|p2a: Shaymin|Seed Flare|p1a: Plusle\n|-damage|p1a: Plusle|84/268\n|-unboost|p1a: Plusle|spd|2\n|\n|-heal|p2a: Shaymin|191/298|[from] item: Leftovers\n|upkeep\n|turn|20\n|\n|t:|1781434023\n|move|p1a: Plusle|Thunderbolt|p2a: Shaymin\n|-resisted|p2a: Shaymin\n|-damage|p2a: Shaymin|70/298\n|-damage|p1a: Plusle|58/268|[from] item: Life Orb\n|move|p2a: Shaymin|Seed Flare|p1a: Plusle\n|-damage|p1a: Plusle|0 fnt\n|faint|p1a: Plusle\n|\n|-heal|p2a: Shaymin|88/298|[from] item: Leftovers\n|upkeep\n|\n|t:|1781434028\n|switch|p1a: Hawlucha|Hawlucha, L80, M|169/256\n|turn|21\n|\n|t:|1781434031\n|move|p1a: Hawlucha|Close Combat|p2a: Shaymin\n|-damage|p2a: Shaymin|0 fnt\n|-unboost|p1a: Hawlucha|def|1\n|-unboost|p1a: Hawlucha|spd|1\n|faint|p2a: Shaymin\n|-enditem|p1a: Hawlucha|White Herb\n|-clearnegativeboost|p1a: Hawlucha|[silent]\n|\n|upkeep\n|\n|t:|1781434042\n|switch|p2a: Decidueye|Decidueye-Hisui, L87, F|295/295\n|turn|22\n|\n|t:|1781434045\n|move|p1a: Hawlucha|Acrobatics|p2a: Decidueye\n|-supereffective|p2a: Decidueye\n|-damage|p2a: Decidueye|0 fnt\n|faint|p2a: Decidueye\n|\n|upkeep\n|\n|t:|1781434047\n|switch|p2a: Solgaleo|Solgaleo, L74|30/325\n|turn|23\n|\n|t:|1781434050\n|move|p1a: Hawlucha|Acrobatics|p2a: Solgaleo\n|-resisted|p2a: Solgaleo\n|-damage|p2a: Solgaleo|0 fnt\n|faint|p2a: Solgaleo\n|\n|upkeep\n|\n|t:|1781434052\n|switch|p2a: Delphox|Delphox, L84, F|95/263\n|turn|24\n|\n|t:|1781434054\n|move|p1a: Hawlucha|Acrobatics|p2a: Delphox\n|-damage|p2a: Delphox|0 fnt\n|faint|p2a: Delphox\n|\n|win|huh blue\n", "uploadtime": 1781433829, "views": 3, "formatid": "gen9randombattle", "rating": null, "private": 0, "password": null}