{"id": "gen9randombattle-2631408062", "format": "[Gen 9] Random Battle", "players": ["dmeisterino", "Ggstarmie"], "log": "|j|\u2606dmeisterino\n|j|\u2606Ggstarmie\n|t:|1781381027\n|gametype|singles\n|player|p1|dmeisterino|265|1971\n|player|p2|Ggstarmie|266|2034\n|gen|9\n|tier|[Gen 9] Random Battle\n|rated|\n|rule|Species Clause: Limit one of each Pok\u00e9mon\n|rule|HP Percentage Mod: HP is shown in percentages\n|rule|Sleep Clause Mod: Limit one foe put to sleep\n|rule|Illusion Level Mod: Illusion disguises the Pok\u00e9mon's true level\n|\n|t:|1781381027\n|teamsize|p1|6\n|teamsize|p2|6\n|start\n|switch|p1a: Oricorio|Oricorio-Pa'u, L87, M|272/272\n|switch|p2a: Scovillain|Scovillain, L91, M|266/266\n|turn|1\n|inactive|Battle timer is ON: inactive players will automatically lose when time's up. (requested by dmeisterino)\n|\n|t:|1781381035\n|switch|p2a: Oricorio|Oricorio-Sensu, L85, M|266/266\n|move|p1a: Oricorio|Quiver Dance|p1a: Oricorio\n|-boost|p1a: Oricorio|spa|1\n|-boost|p1a: Oricorio|spd|1\n|-boost|p1a: Oricorio|spe|1\n|-activate|p2a: Oricorio|ability: Dancer\n|move|p2a: Oricorio|Quiver Dance|p2a: Oricorio|[from] ability: Dancer\n|-boost|p2a: Oricorio|spa|1\n|-boost|p2a: Oricorio|spd|1\n|-boost|p2a: Oricorio|spe|1\n|\n|upkeep\n|turn|2\n|\n|t:|1781381043\n|switch|p1a: Blissey|Blissey, L85, F|572/572\n|move|p2a: Oricorio|Revelation Dance|p1a: Blissey\n|-immune|p1a: Blissey\n|\n|upkeep\n|turn|3\n|\n|t:|1781381070\n|switch|p2a: Vigoroth|Vigoroth, L85, F|275/275\n|move|p1a: Blissey|Thunder Wave|p2a: Vigoroth\n|-status|p2a: Vigoroth|par\n|\n|upkeep\n|turn|4\n|\n|t:|1781381077\n|switch|p1a: Toxicroak|Toxicroak, L84, F|277/277\n|move|p2a: Vigoroth|Body Slam|p1a: Toxicroak\n|-damage|p1a: Toxicroak|168/277\n|\n|upkeep\n|turn|5\n|\n|t:|1781381081\n|switch|p2a: Oricorio|Oricorio-Sensu, L85, M|266/266\n|move|p1a: Toxicroak|Knock Off|p2a: Oricorio\n|-supereffective|p2a: Oricorio\n|-damage|p2a: Oricorio|0 fnt\n|-enditem|p2a: Oricorio|Heavy-Duty Boots|[from] move: Knock Off|[of] p1a: Toxicroak\n|faint|p2a: Oricorio\n|\n|upkeep\n|\n|t:|1781381085\n|switch|p2a: Latios|Latios, L78, M|253/253\n|turn|6\n|\n|t:|1781381092\n|move|p2a: Latios|Luster Purge|p1a: Toxicroak\n|-supereffective|p1a: Toxicroak\n|-damage|p1a: Toxicroak|0 fnt\n|faint|p1a: Toxicroak\n|\n|upkeep\n|\n|t:|1781381094\n|switch|p1a: Meowscarada|Meowscarada, L78, F|247/247\n|turn|7\n|\n|t:|1781381099\n|switch|p2a: Magmortar|Magmortar, L88, M|275/275\n|move|p1a: Meowscarada|Knock Off|p2a: Magmortar\n|-start|p1a: Meowscarada|typechange|Dark|[from] ability: Protean\n|-damage|p2a: Magmortar|152/275\n|-status|p1a: Meowscarada|brn|[from] ability: Flame Body|[of] p2a: Magmortar\n|-enditem|p2a: Magmortar|Heavy-Duty Boots|[from] move: Knock Off|[of] p1a: Meowscarada\n|\n|-damage|p1a: Meowscarada|232/247 brn|[from] brn\n|upkeep\n|turn|8\n|\n|t:|1781381109\n|move|p1a: Meowscarada|Toxic Spikes|p2a: Magmortar\n|-sidestart|p2: Ggstarmie|move: Toxic Spikes\n|move|p2a: Magmortar|Focus Blast|p1a: Meowscarada|[miss]\n|-miss|p2a: Magmortar|p1a: Meowscarada\n|\n|-damage|p1a: Meowscarada|217/247 brn|[from] brn\n|upkeep\n|turn|9\n|\n|t:|1781381112\n|move|p1a: Meowscarada|Toxic Spikes|p2a: Magmortar\n|-sidestart|p2: Ggstarmie|move: Toxic Spikes\n|move|p2a: Magmortar|Focus Blast|p1a: Meowscarada\n|-supereffective|p1a: Meowscarada\n|-damage|p1a: Meowscarada|0 fnt\n|faint|p1a: Meowscarada\n|\n|upkeep\n|\n|t:|1781381118\n|switch|p1a: Gardevoir|Gardevoir, L83, F|249/249\n|-ability|p1a: Gardevoir|Flame Body|Trace|[from] ability: Trace|[of] p2a: Magmortar\n|turn|10\n|\n|t:|1781381138\n|move|p1a: Gardevoir|Moonblast|p2a: Magmortar\n|-resisted|p2a: Magmortar\n|-damage|p2a: Magmortar|98/275\n|move|p2a: Magmortar|Fire Blast|p1a: Gardevoir\n|-damage|p1a: Gardevoir|131/249\n|\n|upkeep\n|turn|11\n|\n|t:|1781381146\n|switch|p1a: Blissey|Blissey, L85, F|572/572\n|move|p2a: Magmortar|Fire Blast|p1a: Blissey\n|-damage|p1a: Blissey|463/572\n|\n|-heal|p1a: Blissey|498/572|[from] item: Leftovers\n|upkeep\n|turn|12\n|\n|t:|1781381152\n|switch|p2a: Vigoroth|Vigoroth, L85, F|275/275 par\n|move|p1a: Blissey|Seismic Toss|p2a: Vigoroth\n|-damage|p2a: Vigoroth|190/275 par\n|\n|-heal|p1a: Blissey|533/572|[from] item: Leftovers\n|upkeep\n|turn|13\n|\n|t:|1781381160\n|move|p1a: Blissey|Stealth Rock|p2a: Vigoroth\n|-sidestart|p2: Ggstarmie|move: Stealth Rock\n|move|p2a: Vigoroth|Body Slam|p1a: Blissey\n|-damage|p1a: Blissey|313/572\n|\n|-heal|p1a: Blissey|348/572|[from] item: Leftovers\n|upkeep\n|turn|14\n|\n|t:|1781381169\n|switch|p1a: Oricorio|Oricorio-Pa'u, L87, M|272/272\n|cant|p2a: Vigoroth|par\n|\n|upkeep\n|turn|15\n|\n|t:|1781381175\n|move|p1a: Oricorio|Quiver Dance|p1a: Oricorio\n|-boost|p1a: Oricorio|spa|1\n|-boost|p1a: Oricorio|spd|1\n|-boost|p1a: Oricorio|spe|1\n|move|p2a: Vigoroth|Body Slam|p1a: Oricorio\n|-damage|p1a: Oricorio|179/272\n|-status|p1a: Oricorio|par\n|\n|upkeep\n|turn|16\n|\n|t:|1781381185\n|cant|p1a: Oricorio|par\n|move|p2a: Vigoroth|Body Slam|p1a: Oricorio\n|-damage|p1a: Oricorio|92/272 par\n|\n|upkeep\n|turn|17\n|\n|t:|1781381188\n|move|p1a: Oricorio|Roost|p1a: Oricorio\n|-heal|p1a: Oricorio|228/272 par\n|-singleturn|p1a: Oricorio|move: Roost\n|move|p2a: Vigoroth|Bulk Up|p2a: Vigoroth\n|-boost|p2a: Vigoroth|atk|1\n|-boost|p2a: Vigoroth|def|1\n|\n|upkeep\n|turn|18\n|\n|t:|1781381195\n|move|p1a: Oricorio|Revelation Dance|p2a: Vigoroth\n|-damage|p2a: Vigoroth|48/275 par\n|cant|p2a: Vigoroth|par\n|\n|upkeep\n|turn|19\n|\n|t:|1781381206\n|cant|p1a: Oricorio|par\n|move|p2a: Vigoroth|Body Slam|p1a: Oricorio\n|-damage|p1a: Oricorio|80/272 par\n|\n|upkeep\n|turn|20\n|\n|t:|1781381210\n|cant|p1a: Oricorio|par\n|move|p2a: Vigoroth|Body Slam|p1a: Oricorio\n|-damage|p1a: Oricorio|0 fnt\n|faint|p1a: Oricorio\n|\n|upkeep\n|\n|t:|1781381214\n|switch|p1a: Gardevoir|Gardevoir, L83, F|131/249\n|-ability|p1a: Gardevoir|Vital Spirit|Trace|[from] ability: Trace|[of] p2a: Vigoroth\n|turn|21\n|\n|t:|1781381220\n|move|p1a: Gardevoir|Moonblast|p2a: Vigoroth\n|-damage|p2a: Vigoroth|0 fnt\n|faint|p2a: Vigoroth\n|\n|upkeep\n|\n|t:|1781381236\n|switch|p2a: Scovillain|Scovillain, L91, M|266/266\n|-status|p2a: Scovillain|tox\n|-damage|p2a: Scovillain|200/266 tox|[from] Stealth Rock\n|turn|22\n|\n|t:|1781381246\n|switch|p2a: Girafarig|Girafarig, L89, F|269/269\n|-status|p2a: Girafarig|tox\n|-damage|p2a: Girafarig|236/269 tox|[from] Stealth Rock\n|switch|p1a: Blissey|Blissey, L85, F|348/572\n|\n|-heal|p1a: Blissey|383/572|[from] item: Leftovers\n|-damage|p2a: Girafarig|220/269 tox|[from] psn\n|upkeep\n|turn|23\n|\n|t:|1781381256\n|move|p2a: Girafarig|Nasty Plot|p2a: Girafarig\n|-boost|p2a: Girafarig|spa|2\n|move|p1a: Blissey|Seismic Toss|p2a: Girafarig\n|-damage|p2a: Girafarig|135/269 tox\n|\n|-heal|p1a: Blissey|418/572|[from] item: Leftovers\n|-damage|p2a: Girafarig|103/269 tox|[from] psn\n|upkeep\n|turn|24\n|\n|t:|1781381263\n|move|p2a: Girafarig|Psyshock|p1a: Blissey\n|-damage|p1a: Blissey|0 fnt\n|faint|p1a: Blissey\n|\n|-damage|p2a: Girafarig|55/269 tox|[from] psn\n|upkeep\n|\n|t:|1781381271\n|switch|p1a: Gardevoir|Gardevoir, L83, F|131/249\n|-ability|p1a: Gardevoir|Sap Sipper|Trace|[from] ability: Trace|[of] p2a: Girafarig\n|turn|25\n|\n|t:|1781381274\n|move|p1a: Gardevoir|Moonblast|p2a: Girafarig\n|-damage|p2a: Girafarig|0 fnt\n|faint|p2a: Girafarig\n|\n|upkeep\n|\n|t:|1781381277\n|switch|p2a: Scovillain|Scovillain, L91, M|200/266 tox\n|-damage|p2a: Scovillain|134/266 tox|[from] Stealth Rock\n|turn|26\n|\n|t:|1781381281\n|move|p2a: Scovillain|Flamethrower|p1a: Gardevoir\n|-damage|p1a: Gardevoir|34/249\n|move|p1a: Gardevoir|Moonblast|p2a: Scovillain\n|-resisted|p2a: Scovillain\n|-damage|p2a: Scovillain|68/266 tox\n|-unboost|p2a: Scovillain|spa|1\n|\n|-damage|p2a: Scovillain|52/266 tox|[from] psn\n|upkeep\n|turn|27\n|\n|t:|1781381291\n|move|p2a: Scovillain|Flamethrower|p1a: Gardevoir\n|-damage|p1a: Gardevoir|0 fnt\n|faint|p1a: Gardevoir\n|\n|-damage|p2a: Scovillain|20/266 tox|[from] psn\n|upkeep\n|\n|t:|1781381293\n|switch|p1a: Venomoth|Venomoth, L84, F|255/255\n|turn|28\n|\n|t:|1781381301\n|move|p2a: Scovillain|Flamethrower|p1a: Venomoth\n|-supereffective|p1a: Venomoth\n|-damage|p1a: Venomoth|81/255\n|move|p1a: Venomoth|Quiver Dance|p1a: Venomoth\n|-boost|p1a: Venomoth|spa|1\n|-boost|p1a: Venomoth|spd|1\n|-boost|p1a: Venomoth|spe|1\n|\n|-damage|p2a: Scovillain|0 fnt|[from] psn\n|faint|p2a: Scovillain\n|upkeep\n|\n|t:|1781381304\n|switch|p2a: Latios|Latios, L78, M|253/253\n|-damage|p2a: Latios|222/253|[from] Stealth Rock\n|turn|29\n|\n|t:|1781381311\n|-terastallize|p1a: Venomoth|Bug\n|-terastallize|p2a: Latios|Steel\n|move|p1a: Venomoth|Bug Buzz|p2a: Latios\n|-resisted|p2a: Latios\n|-damage|p2a: Latios|54/253\n|-unboost|p2a: Latios|spd|1\n|move|p2a: Latios|Luster Purge|p1a: Venomoth\n|-damage|p1a: Venomoth|0 fnt\n|faint|p1a: Venomoth\n|\n|win|Ggstarmie\n", "uploadtime": 1781381030, "views": 8, "formatid": "gen9randombattle", "rating": null, "private": 0, "password": null}