{"id": "gen9randombattle-2631665101", "format": "[Gen 9] Random Battle", "players": ["AV2027", "Tyler9630"], "log": "|j|\u2606AV2027\n|j|\u2606Tyler9630\n|t:|1781417607\n|gametype|singles\n|player|p1|AV2027|265|1014\n|player|p2|Tyler9630|ghetsis|1026\n|gen|9\n|tier|[Gen 9] Random Battle\n|rated|\n|rule|Species Clause: Limit one of each Pok\u00e9mon\n|rule|HP Percentage Mod: HP is shown in percentages\n|rule|Sleep Clause Mod: Limit one foe put to sleep\n|rule|Illusion Level Mod: Illusion disguises the Pok\u00e9mon's true level\n|\n|t:|1781417607\n|teamsize|p1|6\n|teamsize|p2|6\n|start\n|switch|p1a: Slowking|Slowking, L88, M|310/310\n|switch|p2a: Slowbro|Slowbro-Galar, L87, M|307/307\n|turn|1\n|inactive|Battle timer is ON: inactive players will automatically lose when time's up. (requested by AV2027)\n|\n|t:|1781417633\n|move|p1a: Slowking|Psyshock|p2a: Slowbro\n|-damage|p2a: Slowbro|211/307\n|move|p2a: Slowbro|Shell Side Arm|p1a: Slowking|[anim] Shell Side Arm Physical\n|-damage|p1a: Slowking|208/310\n|-hint|Physical Shell Side Arm\n|-status|p1a: Slowking|psn\n|\n|-heal|p1a: Slowking|227/310 psn|[from] item: Leftovers\n|-damage|p1a: Slowking|189/310 psn|[from] psn\n|upkeep\n|turn|2\n|\n|t:|1781417651\n|move|p1a: Slowking|Thunder Wave|p2a: Slowbro\n|-status|p2a: Slowbro|par\n|move|p2a: Slowbro|Shell Side Arm|p1a: Slowking|[anim] Shell Side Arm Physical\n|-damage|p1a: Slowking|80/310 psn\n|-hint|Physical Shell Side Arm\n|\n|-heal|p1a: Slowking|99/310 psn|[from] item: Leftovers\n|-damage|p1a: Slowking|61/310 psn|[from] psn\n|upkeep\n|turn|3\n|\n|t:|1781417673\n|switch|p1a: Ting-Lu|Ting-Lu, L78|370/370\n|-ability|p1a: Ting-Lu|Vessel of Ruin\n|move|p2a: Slowbro|Shell Side Arm|p1a: Ting-Lu|[anim] Shell Side Arm Special\n|-resisted|p1a: Ting-Lu\n|-damage|p1a: Ting-Lu|322/370\n|-hint|Special Shell Side Arm\n|\n|-heal|p1a: Ting-Lu|345/370|[from] item: Leftovers\n|upkeep\n|turn|4\n|\n|t:|1781417690\n|move|p1a: Ting-Lu|Earthquake|p2a: Slowbro\n|-supereffective|p2a: Slowbro\n|-damage|p2a: Slowbro|29/307 par\n|move|p2a: Slowbro|Fire Blast|p1a: Ting-Lu\n|-damage|p1a: Ting-Lu|276/370\n|\n|-heal|p1a: Ting-Lu|299/370|[from] item: Leftovers\n|upkeep\n|turn|5\n|\n|t:|1781417701\n|move|p1a: Ting-Lu|Earthquake|p2a: Slowbro\n|-supereffective|p2a: Slowbro\n|-crit|p2a: Slowbro\n|-damage|p2a: Slowbro|0 fnt\n|faint|p2a: Slowbro\n|\n|-heal|p1a: Ting-Lu|322/370|[from] item: Leftovers\n|upkeep\n|\n|t:|1781417714\n|switch|p2a: Gastrodon|Gastrodon, L86, F|331/331\n|turn|6\n|\n|t:|1781417724\n|move|p2a: Gastrodon|Surf|p1a: Ting-Lu\n|-supereffective|p1a: Ting-Lu\n|-damage|p1a: Ting-Lu|152/370\n|move|p1a: Ting-Lu|Whirlwind|p2a: Gastrodon\n|drag|p2a: Dusknoir|Dusknoir, L89, M|225/225\n|-item|p1a: Ting-Lu|Leftovers|[from] ability: Frisk|[of] p2a: Dusknoir\n|\n|-heal|p1a: Ting-Lu|175/370|[from] item: Leftovers\n|upkeep\n|turn|7\n|\n|t:|1781417737\n|-singleturn|p2a: Dusknoir|move: Focus Punch\n|move|p1a: Ting-Lu|Throat Chop|p2a: Dusknoir\n|-supereffective|p2a: Dusknoir\n|-damage|p2a: Dusknoir|111/225\n|-start|p2a: Dusknoir|Throat Chop|[silent]\n|cant|p2a: Dusknoir|Focus Punch|Focus Punch\n|\n|-heal|p2a: Dusknoir|125/225|[from] item: Leftovers\n|-heal|p1a: Ting-Lu|198/370|[from] item: Leftovers\n|upkeep\n|turn|8\n|\n|t:|1781417752\n|move|p2a: Dusknoir|Substitute|p2a: Dusknoir\n|-start|p2a: Dusknoir|Substitute\n|-damage|p2a: Dusknoir|69/225\n|move|p1a: Ting-Lu|Throat Chop|p2a: Dusknoir\n|-supereffective|p2a: Dusknoir\n|-end|p2a: Dusknoir|Substitute\n|\n|-heal|p2a: Dusknoir|83/225|[from] item: Leftovers\n|-heal|p1a: Ting-Lu|221/370|[from] item: Leftovers\n|-end|p2a: Dusknoir|Throat Chop|[silent]\n|upkeep\n|turn|9\n|\n|t:|1781417765\n|move|p2a: Dusknoir|Pain Split|p1a: Ting-Lu\n|-sethp|p1a: Ting-Lu|152/370|[from] move: Pain Split|[silent]\n|-sethp|p2a: Dusknoir|152/225|[from] move: Pain Split\n|move|p1a: Ting-Lu|Throat Chop|p2a: Dusknoir\n|-supereffective|p2a: Dusknoir\n|-damage|p2a: Dusknoir|36/225\n|-start|p2a: Dusknoir|Throat Chop|[silent]\n|\n|-heal|p2a: Dusknoir|50/225|[from] item: Leftovers\n|-heal|p1a: Ting-Lu|175/370|[from] item: Leftovers\n|upkeep\n|turn|10\n|\n|t:|1781417775\n|move|p2a: Dusknoir|Pain Split|p1a: Ting-Lu\n|-sethp|p1a: Ting-Lu|112/370|[from] move: Pain Split|[silent]\n|-sethp|p2a: Dusknoir|112/225|[from] move: Pain Split\n|move|p1a: Ting-Lu|Throat Chop|p2a: Dusknoir\n|-supereffective|p2a: Dusknoir\n|-damage|p2a: Dusknoir|0 fnt\n|faint|p2a: Dusknoir\n|\n|-heal|p1a: Ting-Lu|135/370|[from] item: Leftovers\n|upkeep\n|\n|t:|1781417786\n|switch|p2a: Gastrodon|Gastrodon, L86, F|331/331\n|turn|11\n|\n|t:|1781417790\n|move|p2a: Gastrodon|Surf|p1a: Ting-Lu\n|-supereffective|p1a: Ting-Lu\n|-damage|p1a: Ting-Lu|0 fnt\n|faint|p1a: Ting-Lu\n|\n|upkeep\n|\n|t:|1781417795\n|switch|p1a: Pincurchin|Pincurchin, M|258/258\n|-fieldstart|move: Electric Terrain|[from] ability: Electric Surge|[of] p1a: Pincurchin\n|turn|12\n|\n|t:|1781417802\n|move|p2a: Gastrodon|Earthquake|p1a: Pincurchin\n|-supereffective|p1a: Pincurchin\n|-damage|p1a: Pincurchin|94/258\n|move|p1a: Pincurchin|Liquidation|p2a: Gastrodon\n|-ability|p2a: Gastrodon|Storm Drain|boost\n|-boost|p2a: Gastrodon|spa|1\n|\n|-heal|p1a: Pincurchin|110/258|[from] item: Leftovers\n|upkeep\n|turn|13\n|\n|t:|1781417822\n|switch|p1a: Espathra|Espathra, L80, M|283/283\n|move|p2a: Gastrodon|Earthquake|p1a: Espathra\n|-damage|p1a: Espathra|157/283\n|\n|upkeep\n|turn|14\n|\n|t:|1781417836\n|move|p1a: Espathra|Lumina Crash|p2a: Gastrodon\n|-damage|p2a: Gastrodon|208/331\n|-unboost|p2a: Gastrodon|spd|2\n|move|p2a: Gastrodon|Sludge Bomb|p1a: Espathra\n|-damage|p1a: Espathra|33/283\n|\n|-heal|p2a: Gastrodon|228/331|[from] item: Leftovers\n|-ability|p1a: Espathra|Speed Boost|boost\n|-boost|p1a: Espathra|spe|1\n|upkeep\n|turn|15\n|\n|t:|1781417847\n|move|p1a: Espathra|Lumina Crash|p2a: Gastrodon\n|-damage|p2a: Gastrodon|0 fnt\n|faint|p2a: Gastrodon\n|\n|-ability|p1a: Espathra|Speed Boost|boost\n|-boost|p1a: Espathra|spe|1\n|upkeep\n|\n|t:|1781417855\n|switch|p2a: Crabominable|Crabominable, L90, M|321/321\n|turn|16\n|\n|t:|1781417866\n|move|p1a: Espathra|Lumina Crash|p2a: Crabominable\n|-supereffective|p2a: Crabominable\n|-damage|p2a: Crabominable|27/321\n|-unboost|p2a: Crabominable|spd|2\n|move|p2a: Crabominable|Knock Off|p1a: Espathra\n|-supereffective|p1a: Espathra\n|-damage|p1a: Espathra|0 fnt\n|-enditem|p1a: Espathra|Choice Specs|[from] move: Knock Off|[of] p2a: Crabominable\n|faint|p1a: Espathra\n|\n|-fieldend|move: Electric Terrain\n|upkeep\n|\n|t:|1781417880\n|switch|p1a: Magmortar|Magmortar, L88, M|275/275\n|turn|17\n|\n|t:|1781417892\n|move|p1a: Magmortar|Fire Blast|p2a: Crabominable|[miss]\n|-miss|p1a: Magmortar|p2a: Crabominable\n|move|p2a: Crabominable|Knock Off|p1a: Magmortar\n|-damage|p1a: Magmortar|112/275\n|-status|p2a: Crabominable|brn|[from] ability: Flame Body|[of] p1a: Magmortar\n|-enditem|p1a: Magmortar|Choice Specs|[from] move: Knock Off|[of] p2a: Crabominable\n|\n|-damage|p2a: Crabominable|7/321 brn|[from] brn\n|upkeep\n|turn|18\n|\n|t:|1781417904\n|move|p1a: Magmortar|Fire Blast|p2a: Crabominable|[miss]\n|-miss|p1a: Magmortar|p2a: Crabominable\n|move|p2a: Crabominable|Knock Off|p1a: Magmortar\n|-damage|p1a: Magmortar|58/275\n|\n|-damage|p2a: Crabominable|0 fnt|[from] brn\n|faint|p2a: Crabominable\n|upkeep\n|\n|t:|1781417915\n|switch|p2a: Medicham|Medicham, L86, M|243/243\n|turn|19\n|\n|t:|1781417929\n|-terastallize|p1a: Magmortar|Electric\n|move|p1a: Magmortar|Scorching Sands|p2a: Medicham\n|-damage|p2a: Medicham|163/243\n|move|p2a: Medicham|Zen Headbutt|p1a: Magmortar\n|-damage|p1a: Magmortar|0 fnt\n|faint|p1a: Magmortar\n|\n|upkeep\n|\n|t:|1781417940\n|switch|p1a: Muk|Muk, L86, F|321/321\n|turn|20\n|\n|t:|1781417949\n|move|p1a: Muk|Shadow Sneak|p2a: Medicham\n|-supereffective|p2a: Medicham\n|-crit|p2a: Medicham\n|-damage|p2a: Medicham|65/243\n|move|p2a: Medicham|Zen Headbutt|p1a: Muk\n|-supereffective|p1a: Muk\n|-damage|p1a: Muk|0 fnt\n|faint|p1a: Muk\n|\n|upkeep\n|\n|t:|1781417958\n|switch|p1a: Slowking|Slowking, L88, M|164/310 psn\n|turn|21\n|\n|t:|1781417968\n|move|p2a: Medicham|Zen Headbutt|p1a: Slowking\n|-resisted|p1a: Slowking\n|-damage|p1a: Slowking|71/310 psn\n|move|p1a: Slowking|Slack Off|p1a: Slowking\n|-heal|p1a: Slowking|226/310 psn\n|\n|-heal|p1a: Slowking|245/310 psn|[from] item: Leftovers\n|-damage|p1a: Slowking|207/310 psn|[from] psn\n|upkeep\n|turn|22\n|\n|t:|1781417978\n|move|p2a: Medicham|Zen Headbutt|p1a: Slowking\n|-resisted|p1a: Slowking\n|-damage|p1a: Slowking|110/310 psn\n|move|p1a: Slowking|Psyshock|p2a: Medicham\n|-crit|p2a: Medicham\n|-damage|p2a: Medicham|0 fnt\n|faint|p2a: Medicham\n|\n|-heal|p1a: Slowking|129/310 psn|[from] item: Leftovers\n|-damage|p1a: Slowking|91/310 psn|[from] psn\n|upkeep\n|\n|t:|1781417989\n|switch|p2a: Honchkrow|Honchkrow, L86, F|312/312\n|turn|23\n|\n|t:|1781417996\n|move|p2a: Honchkrow|U-turn|p1a: Slowking\n|-supereffective|p1a: Slowking\n|-damage|p1a: Slowking|0 fnt\n|faint|p1a: Slowking\n|-ability|p2a: Honchkrow|Moxie|boost\n|-boost|p2a: Honchkrow|atk|1\n|\n|upkeep\n|\n|t:|1781417998\n|switch|p1a: Pincurchin|Pincurchin, M|110/258\n|-fieldstart|move: Electric Terrain|[from] ability: Electric Surge|[of] p1a: Pincurchin\n|turn|24\n|inactive|Tyler9630 has 120 seconds left.\n|\n|t:|1781418029\n|move|p2a: Honchkrow|Heat Wave|p1a: Pincurchin\n|-damage|p1a: Pincurchin|42/258\n|move|p1a: Pincurchin|Recover|p1a: Pincurchin\n|-heal|p1a: Pincurchin|171/258\n|\n|-heal|p1a: Pincurchin|187/258|[from] item: Leftovers\n|upkeep\n|turn|25\n|inactive|Tyler9630 has 120 seconds left.\n|\n|t:|1781418041\n|-terastallize|p2a: Honchkrow|Dark\n|move|p2a: Honchkrow|Heat Wave|p1a: Pincurchin\n|-damage|p1a: Pincurchin|116/258\n|move|p1a: Pincurchin|Zing Zap|p2a: Honchkrow\n|-damage|p2a: Honchkrow|104/312\n|\n|-heal|p1a: Pincurchin|132/258|[from] item: Leftovers\n|upkeep\n|turn|26\n|inactive|Tyler9630 has 120 seconds left.\n|\n|t:|1781418054\n|move|p2a: Honchkrow|Brave Bird|p1a: Pincurchin\n|-resisted|p1a: Pincurchin\n|-damage|p1a: Pincurchin|32/258\n|-damage|p2a: Honchkrow|71/312|[from] Recoil\n|move|p1a: Pincurchin|Zing Zap|p2a: Honchkrow\n|-damage|p2a: Honchkrow|0 fnt\n|faint|p2a: Honchkrow\n|\n|win|AV2027\n|raw|AV2027's rating: 1014 &rarr; <strong>1053</strong><br />(+39 for winning)\n|raw|Tyler9630's rating: 1026 &rarr; <strong>1012</strong><br />(-14 for losing)\n|l|\u2606Tyler9630\n|player|p2|\n", "uploadtime": 1781418064, "views": 3, "formatid": "gen9randombattle", "rating": 1012, "private": 0, "password": null}