{"id": "gen9randombattle-2631750996", "format": "[Gen 9] Random Battle", "players": ["jawrsh", "uj875dog"], "log": "|j|\u2606jawrsh\n|j|\u2606uj875dog\n|t:|1781433711\n|gametype|singles\n|player|p1|jawrsh|2|1127\n|player|p2|uj875dog|wattson|1078\n|gen|9\n|tier|[Gen 9] Random Battle\n|rated|\n|rule|Species Clause: Limit one of each Pok\u00e9mon\n|rule|HP Percentage Mod: HP is shown in percentages\n|rule|Sleep Clause Mod: Limit one foe put to sleep\n|rule|Illusion Level Mod: Illusion disguises the Pok\u00e9mon's true level\n|\n|t:|1781433711\n|teamsize|p1|6\n|teamsize|p2|6\n|start\n|switch|p1a: Magcargo|Magcargo, L95, M|268/268\n|switch|p2a: Gumshoos|Gumshoos, L95, F|321/321\n|turn|1\n|\n|t:|1781433720\n|move|p2a: Gumshoos|Earthquake|p1a: Magcargo\n|-supereffective|p1a: Magcargo\n|-damage|p1a: Magcargo|0 fnt\n|faint|p1a: Magcargo\n|\n|upkeep\n|\n|t:|1781433729\n|switch|p1a: Kommo-o|Kommo-o, L78, F|245/245\n|turn|2\n|\n|t:|1781433746\n|switch|p2a: Sableye|Sableye, L88, M|231/231\n|move|p1a: Kommo-o|Drain Punch|p2a: Sableye\n|-immune|p2a: Sableye\n|\n|upkeep\n|turn|3\n|\n|t:|1781433756\n|move|p2a: Sableye|Thunder Wave|p1a: Kommo-o\n|-status|p1a: Kommo-o|par\n|move|p1a: Kommo-o|Clanging Scales|p2a: Sableye\n|-damage|p2a: Sableye|116/231\n|-unboost|p1a: Kommo-o|def|1\n|-enditem|p1a: Kommo-o|Throat Spray\n|-boost|p1a: Kommo-o|spa|1|[from] item: Throat Spray\n|\n|-heal|p2a: Sableye|130/231|[from] item: Leftovers\n|upkeep\n|turn|4\n|\n|t:|1781433767\n|move|p2a: Sableye|Recover|p2a: Sableye\n|-heal|p2a: Sableye|231/231\n|move|p1a: Kommo-o|Clanging Scales|p2a: Sableye\n|-damage|p2a: Sableye|41/231\n|-unboost|p1a: Kommo-o|def|1\n|\n|-heal|p2a: Sableye|55/231|[from] item: Leftovers\n|upkeep\n|turn|5\n|\n|t:|1781433779\n|move|p2a: Sableye|Knock Off|p1a: Kommo-o\n|-resisted|p1a: Kommo-o\n|-damage|p1a: Kommo-o|199/245 par\n|move|p1a: Kommo-o|Clanging Scales|p2a: Sableye\n|-damage|p2a: Sableye|0 fnt\n|faint|p2a: Sableye\n|-unboost|p1a: Kommo-o|def|1\n|\n|upkeep\n|\n|t:|1781433788\n|switch|p2a: Whiscash|Whiscash, L88, F|337/337\n|turn|6\n|\n|t:|1781433793\n|move|p2a: Whiscash|Earthquake|p1a: Kommo-o\n|-damage|p1a: Kommo-o|0 fnt\n|faint|p1a: Kommo-o\n|-damage|p2a: Whiscash|304/337|[from] item: Life Orb\n|\n|upkeep\n|\n|t:|1781433806\n|switch|p1a: Meowscarada|Meowscarada, L78, F|247/247\n|turn|7\n|\n|t:|1781433811\n|switch|p2a: Farigiraf|Farigiraf, L90, M|362/362\n|move|p1a: Meowscarada|Flower Trick|p2a: Farigiraf\n|-start|p1a: Meowscarada|typechange|Grass|[from] ability: Protean\n|-ability|p2a: Farigiraf|Sap Sipper|boost\n|-boost|p2a: Farigiraf|atk|1\n|\n|upkeep\n|turn|8\n|\n|t:|1781433826\n|switch|p1a: Granbull|Granbull, L88, F|302/302\n|-ability|p1a: Granbull|Intimidate|boost\n|-unboost|p2a: Farigiraf|atk|1\n|move|p2a: Farigiraf|Body Slam|p1a: Granbull\n|-damage|p1a: Granbull|197/302\n|\n|-heal|p1a: Granbull|215/302|[from] item: Leftovers\n|upkeep\n|turn|9\n|\n|t:|1781433837\n|switch|p2a: Whiscash|Whiscash, L88, F|304/337\n|move|p1a: Granbull|Thunder Wave|p2a: Whiscash\n|-immune|p2a: Whiscash\n|\n|-heal|p1a: Granbull|233/302|[from] item: Leftovers\n|upkeep\n|turn|10\n|\n|t:|1781433853\n|move|p2a: Whiscash|Dragon Dance|p2a: Whiscash\n|-boost|p2a: Whiscash|atk|1\n|-boost|p2a: Whiscash|spe|1\n|move|p1a: Granbull|Encore|p2a: Whiscash\n|-start|p2a: Whiscash|Encore\n|\n|-heal|p1a: Granbull|251/302|[from] item: Leftovers\n|upkeep\n|turn|11\n|\n|t:|1781433865\n|switch|p2a: Gumshoos|Gumshoos, L95, F|321/321\n|move|p1a: Granbull|Play Rough|p2a: Gumshoos\n|-damage|p2a: Gumshoos|182/321\n|-unboost|p2a: Gumshoos|atk|1\n|\n|-heal|p1a: Granbull|269/302|[from] item: Leftovers\n|upkeep\n|turn|12\n|\n|t:|1781433877\n|move|p2a: Gumshoos|Double-Edge|p1a: Granbull\n|-damage|p1a: Granbull|62/302\n|-damage|p2a: Gumshoos|114/321|[from] Recoil\n|move|p1a: Granbull|Thunder Wave|p2a: Gumshoos\n|-status|p2a: Gumshoos|par\n|\n|-heal|p1a: Granbull|80/302|[from] item: Leftovers\n|upkeep\n|turn|13\n|\n|t:|1781433891\n|move|p1a: Granbull|Earthquake|p2a: Gumshoos\n|-damage|p2a: Gumshoos|5/321 par\n|move|p2a: Gumshoos|Double-Edge|p1a: Granbull\n|-damage|p1a: Granbull|0 fnt\n|faint|p1a: Granbull\n|-damage|p2a: Gumshoos|0 fnt|[from] Recoil\n|faint|p2a: Gumshoos\n|\n|upkeep\n|\n|t:|1781433904\n|switch|p2a: Bisharp|Bisharp, L79, F|232/232\n|switch|p1a: Slowking|Slowking, L88, M|310/310\n|turn|14\n|\n|t:|1781433915\n|move|p2a: Bisharp|Throat Chop|p1a: Slowking\n|-supereffective|p1a: Slowking\n|-damage|p1a: Slowking|130/310\n|-start|p1a: Slowking|Throat Chop|[silent]\n|move|p1a: Slowking|Scald|p2a: Bisharp\n|-damage|p2a: Bisharp|148/232\n|\n|upkeep\n|turn|15\n|\n|t:|1781433924\n|-terastallize|p1a: Slowking|Fairy\n|move|p2a: Bisharp|Throat Chop|p1a: Slowking\n|-resisted|p1a: Slowking\n|-crit|p1a: Slowking\n|-damage|p1a: Slowking|58/310\n|move|p1a: Slowking|Scald|p2a: Bisharp\n|-damage|p2a: Bisharp|63/232\n|-status|p2a: Bisharp|brn\n|\n|-damage|p2a: Bisharp|49/232 brn|[from] brn\n|-end|p1a: Slowking|Throat Chop|[silent]\n|upkeep\n|turn|16\n|\n|t:|1781433936\n|move|p2a: Bisharp|Iron Head|p1a: Slowking\n|-supereffective|p1a: Slowking\n|-damage|p1a: Slowking|0 fnt\n|faint|p1a: Slowking\n|\n|-damage|p2a: Bisharp|35/232 brn|[from] brn\n|upkeep\n|\n|t:|1781433945\n|switch|p1a: Meowscarada|Meowscarada, L78, F|247/247\n|turn|17\n|\n|t:|1781433953\n|move|p1a: Meowscarada|U-turn|p2a: Bisharp\n|-start|p1a: Meowscarada|typechange|Bug|[from] ability: Protean\n|-damage|p2a: Bisharp|0 fnt\n|faint|p2a: Bisharp\n|\n|t:|1781433959\n|switch|p1a: Venusaur|Venusaur, L84, F|272/272|[from] U-turn\n|\n|upkeep\n|\n|t:|1781433963\n|switch|p2a: Farigiraf|Farigiraf, L90, M|362/362\n|turn|18\n|\n|t:|1781433969\n|move|p1a: Venusaur|Substitute|p1a: Venusaur\n|-start|p1a: Venusaur|Substitute\n|-damage|p1a: Venusaur|204/272\n|move|p2a: Farigiraf|Body Slam|p1a: Venusaur\n|-end|p1a: Venusaur|Substitute\n|\n|-heal|p1a: Venusaur|221/272|[from] item: Leftovers\n|upkeep\n|turn|19\n|\n|t:|1781433978\n|move|p1a: Venusaur|Sludge Bomb|p2a: Farigiraf\n|-damage|p2a: Farigiraf|262/362\n|move|p2a: Farigiraf|Body Slam|p1a: Venusaur\n|-damage|p1a: Venusaur|113/272\n|\n|-heal|p1a: Venusaur|130/272|[from] item: Leftovers\n|-heal|p2a: Farigiraf|284/362|[from] item: Leftovers\n|upkeep\n|turn|20\n|\n|t:|1781433994\n|move|p1a: Venusaur|Sludge Bomb|p2a: Farigiraf\n|-damage|p2a: Farigiraf|173/362\n|move|p2a: Farigiraf|Psychic Noise|p1a: Venusaur\n|-supereffective|p1a: Venusaur\n|-damage|p1a: Venusaur|0 fnt\n|faint|p1a: Venusaur\n|\n|-heal|p2a: Farigiraf|195/362|[from] item: Leftovers\n|upkeep\n|\n|t:|1781434004\n|switch|p1a: Meowscarada|Meowscarada, L78, F|247/247\n|turn|21\n|\n|t:|1781434010\n|move|p2a: Farigiraf|Protect|p2a: Farigiraf\n|-singleturn|p2a: Farigiraf|Protect\n|move|p1a: Meowscarada|U-turn|p2a: Farigiraf\n|-start|p1a: Meowscarada|typechange|Bug|[from] ability: Protean\n|-activate|p2a: Farigiraf|move: Protect\n|\n|-heal|p2a: Farigiraf|217/362|[from] item: Leftovers\n|upkeep\n|turn|22\n|\n|t:|1781434021\n|-terastallize|p2a: Farigiraf|Fairy\n|move|p1a: Meowscarada|U-turn|p2a: Farigiraf\n|-resisted|p2a: Farigiraf\n|-damage|p2a: Farigiraf|163/362\n|move|p2a: Farigiraf|Body Slam|p1a: Meowscarada\n|-damage|p1a: Meowscarada|126/247\n|\n|-heal|p2a: Farigiraf|185/362|[from] item: Leftovers\n|upkeep\n|turn|23\n|c|\u2606jawrsh|u suck\n|inactive|Battle timer is ON: inactive players will automatically lose when time's up. (requested by uj875dog)\n|n|!jawrsh|jawrsh\n|-message|jawrsh forfeited.\n|\n|win|uj875dog\n", "uploadtime": 1781434045, "views": 2, "formatid": "gen9randombattle", "rating": null, "private": 0, "password": null}