{"id": "gen9randombattle-2631789422", "format": "[Gen 9] Random Battle", "players": ["Axelace", "ricv"], "log": "|j|\u2606Axelace\n|j|\u2606ricv\n|t:|1781439935\n|gametype|singles\n|player|p1|Axelace|riley|2054\n|player|p2|ricv|red|2052\n|gen|9\n|tier|[Gen 9] Random Battle\n|rated|\n|rule|Species Clause: Limit one of each Pok\u00e9mon\n|rule|HP Percentage Mod: HP is shown in percentages\n|rule|Sleep Clause Mod: Limit one foe put to sleep\n|rule|Illusion Level Mod: Illusion disguises the Pok\u00e9mon's true level\n|\n|t:|1781439935\n|teamsize|p1|6\n|teamsize|p2|6\n|start\n|switch|p1a: Deoxys|Deoxys-Speed, L82|216/216\n|switch|p2a: Toxicroak|Toxicroak, L84, F|277/277\n|-ability|p1a: Deoxys|Pressure\n|turn|1\n|\n|t:|1781439953\n|-terastallize|p2a: Toxicroak|Dark\n|move|p1a: Deoxys|Stealth Rock|p2a: Toxicroak\n|-sidestart|p2: ricv|move: Stealth Rock\n|move|p2a: Toxicroak|Knock Off|p1a: Deoxys\n|-supereffective|p1a: Deoxys\n|-enditem|p1a: Deoxys|Focus Sash\n|-damage|p1a: Deoxys|1/216\n|\n|upkeep\n|turn|2\n|\n|t:|1781439969\n|move|p1a: Deoxys|Superpower|p2a: Toxicroak\n|-supereffective|p2a: Toxicroak\n|-damage|p2a: Toxicroak|67/277\n|-unboost|p1a: Deoxys|atk|1\n|-unboost|p1a: Deoxys|def|1\n|move|p2a: Toxicroak|Knock Off|p1a: Deoxys\n|-supereffective|p1a: Deoxys\n|-damage|p1a: Deoxys|0 fnt\n|faint|p1a: Deoxys\n|\n|upkeep\n|inactive|Battle timer is ON: inactive players will automatically lose when time's up. (requested by ricv)\n|\n|t:|1781439983\n|switch|p1a: Dewgong|Dewgong, L94, M|322/322\n|turn|3\n|\n|t:|1781439994\n|switch|p2a: Pyroar|Pyroar, L88, M|295/295\n|-ability|p2a: Pyroar|Unnerve\n|move|p1a: Dewgong|Ice Beam|p2a: Pyroar\n|-resisted|p2a: Pyroar\n|-damage|p2a: Pyroar|243/295\n|\n|upkeep\n|turn|4\n|\n|t:|1781440005\n|switch|p2a: Eternatus|Eternatus, L69|308/308\n|-damage|p2a: Eternatus|270/308|[from] Stealth Rock\n|-ability|p2a: Eternatus|Pressure\n|move|p1a: Dewgong|Knock Off|p2a: Eternatus\n|-damage|p2a: Eternatus|190/308\n|-damage|p1a: Dewgong|269/322|[from] item: Rocky Helmet|[of] p2a: Eternatus\n|-enditem|p2a: Eternatus|Rocky Helmet|[from] move: Knock Off|[of] p1a: Dewgong\n|\n|upkeep\n|turn|5\n|\n|t:|1781440013\n|move|p2a: Eternatus|Toxic|p1a: Dewgong\n|-status|p1a: Dewgong|tox\n|move|p1a: Dewgong|Ice Beam|p2a: Eternatus\n|-supereffective|p2a: Eternatus\n|-damage|p2a: Eternatus|0 fnt\n|faint|p2a: Eternatus\n|\n|-damage|p1a: Dewgong|249/322 tox|[from] psn\n|upkeep\n|\n|t:|1781440020\n|switch|p2a: Toxicroak|Toxicroak, L84, F, tera:Dark|67/277\n|-damage|p2a: Toxicroak|33/277|[from] Stealth Rock\n|turn|6\n|\n|t:|1781440023\n|move|p2a: Toxicroak|Close Combat|p1a: Dewgong\n|-supereffective|p1a: Dewgong\n|-damage|p1a: Dewgong|7/322 tox\n|-unboost|p2a: Toxicroak|def|1\n|-unboost|p2a: Toxicroak|spd|1\n|move|p1a: Dewgong|Knock Off|p2a: Toxicroak\n|-resisted|p2a: Toxicroak\n|-damage|p2a: Toxicroak|0 fnt\n|-enditem|p2a: Toxicroak|Choice Scarf|[from] move: Knock Off|[of] p1a: Dewgong\n|faint|p2a: Toxicroak\n|\n|-damage|p1a: Dewgong|0 fnt|[from] psn\n|faint|p1a: Dewgong\n|upkeep\n|\n|t:|1781440032\n|switch|p2a: Pyroar|Pyroar, L88, M|243/295\n|switch|p1a: Flareon|Flareon, L90, F|263/263\n|-ability|p2a: Pyroar|Unnerve\n|turn|7\n|\n|t:|1781440036\n|move|p2a: Pyroar|Hyper Voice|p1a: Flareon\n|-damage|p1a: Flareon|170/263\n|move|p1a: Flareon|Trailblaze|p2a: Pyroar\n|-resisted|p2a: Pyroar\n|-damage|p2a: Pyroar|214/295\n|-boost|p1a: Flareon|spe|1\n|\n|-status|p1a: Flareon|tox|[from] item: Toxic Orb\n|upkeep\n|turn|8\n|\n|t:|1781440041\n|move|p1a: Flareon|Facade|p2a: Pyroar\n|-damage|p2a: Pyroar|0 fnt\n|faint|p2a: Pyroar\n|\n|-damage|p1a: Flareon|154/263 tox|[from] psn\n|upkeep\n|\n|t:|1781440046\n|switch|p2a: Dragonite|Dragonite, L74, M|257/257\n|turn|9\n|\n|t:|1781440050\n|move|p1a: Flareon|Facade|p2a: Dragonite\n|-damage|p2a: Dragonite|138/257\n|move|p2a: Dragonite|Earthquake|p1a: Flareon\n|-supereffective|p1a: Flareon\n|-damage|p1a: Flareon|0 fnt\n|faint|p1a: Flareon\n|\n|upkeep\n|\n|t:|1781440060\n|switch|p1a: Milotic|Milotic, L83, M|293/293\n|turn|10\n|\n|t:|1781440066\n|move|p2a: Dragonite|Outrage|p1a: Milotic\n|-damage|p1a: Milotic|161/293\n|move|p1a: Milotic|Dragon Tail|p2a: Dragonite|[miss]\n|-miss|p1a: Milotic|p2a: Dragonite\n|\n|-heal|p1a: Milotic|179/293|[from] item: Leftovers\n|upkeep\n|turn|11\n|\n|t:|1781440070\n|move|p1a: Milotic|Ice Beam|p2a: Dragonite\n|-supereffective|p2a: Dragonite\n|-damage|p2a: Dragonite|0 fnt\n|faint|p2a: Dragonite\n|\n|-heal|p1a: Milotic|197/293|[from] item: Leftovers\n|upkeep\n|\n|t:|1781440076\n|switch|p2a: Mew|Mew, L82|298/298\n|-damage|p2a: Mew|261/298|[from] Stealth Rock\n|turn|12\n|\n|t:|1781440080\n|move|p2a: Mew|Nasty Plot|p2a: Mew\n|-boost|p2a: Mew|spa|2\n|move|p1a: Milotic|Scald|p2a: Mew\n|-crit|p2a: Mew\n|-damage|p2a: Mew|144/298\n|-status|p2a: Mew|brn\n|-activate|p2a: Mew|ability: Synchronize\n|-status|p1a: Milotic|brn\n|\n|-heal|p1a: Milotic|215/293 brn|[from] item: Leftovers\n|-damage|p2a: Mew|126/298 brn|[from] brn\n|-damage|p1a: Milotic|197/293 brn|[from] brn\n|upkeep\n|turn|13\n|\n|t:|1781440085\n|move|p2a: Mew|Psychic|p1a: Milotic\n|-damage|p1a: Milotic|9/293 brn\n|-damage|p2a: Mew|97/298 brn|[from] item: Life Orb\n|move|p1a: Milotic|Dragon Tail|p2a: Mew\n|-damage|p2a: Mew|83/298 brn\n|drag|p2a: Flamigo|Flamigo, L82, F|269/269\n|-damage|p2a: Flamigo|236/269|[from] Stealth Rock\n|\n|-heal|p1a: Milotic|27/293 brn|[from] item: Leftovers\n|-damage|p1a: Milotic|9/293 brn|[from] brn\n|upkeep\n|turn|14\n|\n|t:|1781440093\n|move|p2a: Flamigo|Brave Bird|p1a: Milotic\n|-damage|p1a: Milotic|0 fnt\n|faint|p1a: Milotic\n|-damage|p2a: Flamigo|233/269|[from] Recoil\n|-damage|p2a: Flamigo|207/269|[from] item: Life Orb\n|\n|upkeep\n|\n|t:|1781440098\n|switch|p1a: Bastiodon|Bastiodon, L89, F|252/252\n|turn|15\n|\n|t:|1781440102\n|move|p2a: Flamigo|Swords Dance|p2a: Flamigo\n|-boost|p2a: Flamigo|atk|2\n|move|p1a: Bastiodon|Foul Play|p2a: Flamigo\n|-resisted|p2a: Flamigo\n|-damage|p2a: Flamigo|119/269\n|\n|upkeep\n|turn|16\n|\n|t:|1781440114\n|-terastallize|p1a: Bastiodon|Fighting\n|move|p2a: Flamigo|Roost|p2a: Flamigo\n|-heal|p2a: Flamigo|254/269\n|-singleturn|p2a: Flamigo|move: Roost\n|move|p1a: Bastiodon|Iron Defense|p1a: Bastiodon\n|-boost|p1a: Bastiodon|def|2\n|\n|upkeep\n|turn|17\n|\n|t:|1781440126\n|move|p2a: Flamigo|Brave Bird|p1a: Bastiodon\n|-supereffective|p1a: Bastiodon\n|-damage|p1a: Bastiodon|39/252\n|-damage|p2a: Flamigo|184/269|[from] Recoil\n|-damage|p2a: Flamigo|158/269|[from] item: Life Orb\n|move|p1a: Bastiodon|Body Press|p2a: Flamigo\n|-resisted|p2a: Flamigo\n|-damage|p2a: Flamigo|0 fnt\n|faint|p2a: Flamigo\n|\n|upkeep\n|\n|t:|1781440132\n|switch|p2a: Mew|Mew, L82|83/298 brn\n|-damage|p2a: Mew|46/298 brn|[from] Stealth Rock\n|turn|18\n|\n|t:|1781440136\n|move|p2a: Mew|Psychic|p1a: Bastiodon\n|-supereffective|p1a: Bastiodon\n|-damage|p1a: Bastiodon|0 fnt\n|faint|p1a: Bastiodon\n|-damage|p2a: Mew|17/298 brn|[from] item: Life Orb\n|\n|-damage|p2a: Mew|0 fnt|[from] brn\n|faint|p2a: Mew\n|\n|win|Axelace\n", "uploadtime": 1781439936, "views": 5, "formatid": "gen9randombattle", "rating": null, "private": 0, "password": null}