{"id": "gen9randombattle-2631824973", "format": "[Gen 9] Random Battle", "players": ["Schibi", "Aminator3000"], "log": "|j|\u2606Schibi\n|j|\u2606Aminator3000\n|t:|1781444907\n|gametype|singles\n|player|p1|Schibi|265|1942\n|player|p2|Aminator3000|266|1919\n|gen|9\n|tier|[Gen 9] Random Battle\n|rated|\n|rule|Species Clause: Limit one of each Pok\u00e9mon\n|rule|HP Percentage Mod: HP is shown in percentages\n|rule|Sleep Clause Mod: Limit one foe put to sleep\n|rule|Illusion Level Mod: Illusion disguises the Pok\u00e9mon's true level\n|\n|t:|1781444907\n|teamsize|p1|6\n|teamsize|p2|6\n|start\n|switch|p1a: Rampardos|Rampardos, L90, M|321/321\n|switch|p2a: Eternatus|Eternatus, L69|308/308\n|-ability|p2a: Eternatus|Pressure\n|turn|1\n|inactive|Battle timer is ON: inactive players will automatically lose when time's up. (requested by Aminator3000)\n|\n|t:|1781444936\n|switch|p2a: Orthworm|Orthworm, L88, M|266/266\n|move|p1a: Rampardos|Earthquake|p2a: Orthworm\n|-immune|p2a: Orthworm|[from] ability: Earth Eater\n|\n|upkeep\n|turn|2\n|\n|t:|1781444950\n|switch|p1a: Vespiquen|Vespiquen, L99, F|299/299\n|-ability|p1a: Vespiquen|Pressure\n|move|p2a: Orthworm|Coil|p2a: Orthworm\n|-boost|p2a: Orthworm|atk|1\n|-boost|p2a: Orthworm|def|1\n|-boost|p2a: Orthworm|accuracy|1\n|\n|upkeep\n|turn|3\n|\n|t:|1781444958\n|move|p2a: Orthworm|Iron Tail|p1a: Vespiquen\n|-damage|p1a: Vespiquen|167/299\n|move|p1a: Vespiquen|Air Slash|p2a: Orthworm\n|-resisted|p2a: Orthworm\n|-damage|p2a: Orthworm|199/266\n|\n|upkeep\n|turn|4\n|\n|t:|1781444963\n|move|p2a: Orthworm|Iron Tail|p1a: Vespiquen\n|-damage|p1a: Vespiquen|47/299\n|move|p1a: Vespiquen|Spikes|p2a: Orthworm\n|-sidestart|p2: Aminator3000|Spikes\n|\n|upkeep\n|turn|5\n|\n|t:|1781444970\n|move|p2a: Orthworm|Iron Tail|p1a: Vespiquen\n|-damage|p1a: Vespiquen|0 fnt\n|faint|p1a: Vespiquen\n|\n|upkeep\n|\n|t:|1781444976\n|switch|p1a: Weezing|Weezing-Galar, L86, M|252/252\n|turn|6\n|\n|t:|1781444981\n|move|p2a: Orthworm|Iron Tail|p1a: Weezing\n|-supereffective|p1a: Weezing\n|-damage|p1a: Weezing|22/252\n|-unboost|p1a: Weezing|def|1\n|move|p1a: Weezing|Fire Blast|p2a: Orthworm\n|-supereffective|p2a: Orthworm\n|-damage|p2a: Orthworm|19/266\n|\n|-heal|p1a: Weezing|37/252|[from] item: Leftovers\n|upkeep\n|turn|7\n|\n|t:|1781444991\n|move|p2a: Orthworm|Iron Tail|p1a: Weezing\n|-supereffective|p1a: Weezing\n|-damage|p1a: Weezing|0 fnt\n|faint|p1a: Weezing\n|\n|upkeep\n|\n|t:|1781444993\n|switch|p1a: Porygon-Z|Porygon-Z, L83|277/277\n|turn|8\n|\n|t:|1781444997\n|move|p1a: Porygon-Z|Tera Blast|p2a: Orthworm\n|-resisted|p2a: Orthworm\n|-damage|p2a: Orthworm|0 fnt\n|faint|p2a: Orthworm\n|-damage|p1a: Porygon-Z|250/277|[from] item: Life Orb\n|\n|upkeep\n|\n|t:|1781445013\n|switch|p2a: Falinks|Falinks, L84|246/246\n|-damage|p2a: Falinks|216/246|[from] Spikes\n|turn|9\n|\n|t:|1781445021\n|move|p1a: Porygon-Z|Tera Blast|p2a: Falinks\n|-damage|p2a: Falinks|0 fnt\n|faint|p2a: Falinks\n|-damage|p1a: Porygon-Z|223/277|[from] item: Life Orb\n|\n|upkeep\n|\n|t:|1781445043\n|switch|p2a: Calyrex|Calyrex-Shadow, L64|235/235\n|-ability|p2a: Calyrex|As One\n|-ability|p2a: Calyrex|Unnerve\n|-damage|p2a: Calyrex|206/235|[from] Spikes\n|turn|10\n|\n|t:|1781445052\n|move|p2a: Calyrex|Psyshock|p1a: Porygon-Z\n|-damage|p1a: Porygon-Z|106/277\n|-damage|p2a: Calyrex|183/235|[from] item: Life Orb\n|move|p1a: Porygon-Z|Shadow Ball|p2a: Calyrex\n|-supereffective|p2a: Calyrex\n|-damage|p2a: Calyrex|0 fnt\n|faint|p2a: Calyrex\n|-damage|p1a: Porygon-Z|79/277|[from] item: Life Orb\n|\n|upkeep\n|\n|t:|1781445062\n|switch|p2a: Eternatus|Eternatus, L69|308/308\n|-damage|p2a: Eternatus|270/308|[from] Spikes\n|-ability|p2a: Eternatus|Pressure\n|turn|11\n|\n|t:|1781445073\n|move|p2a: Eternatus|Dynamax Cannon|p1a: Porygon-Z\n|-damage|p1a: Porygon-Z|0 fnt\n|faint|p1a: Porygon-Z\n|\n|-heal|p2a: Eternatus|289/308|[from] item: Leftovers\n|upkeep\n|\n|t:|1781445074\n|switch|p1a: Rampardos|Rampardos, L90, M|321/321\n|turn|12\n|\n|t:|1781445084\n|switch|p2a: Corviknight|Corviknight, L80, M|288/288\n|move|p1a: Rampardos|Rock Slide|p2a: Corviknight\n|-damage|p2a: Corviknight|111/288\n|\n|upkeep\n|turn|13\n|\n|t:|1781445098\n|move|p1a: Rampardos|Rock Slide|p2a: Corviknight\n|-damage|p2a: Corviknight|0 fnt\n|faint|p2a: Corviknight\n|\n|upkeep\n|\n|t:|1781445106\n|switch|p2a: Eternatus|Eternatus, L69|289/308\n|-damage|p2a: Eternatus|251/308|[from] Spikes\n|-ability|p2a: Eternatus|Pressure\n|turn|14\n|\n|t:|1781445113\n|move|p1a: Rampardos|Rock Slide|p2a: Eternatus\n|-damage|p2a: Eternatus|46/308\n|move|p2a: Eternatus|Dynamax Cannon|p1a: Rampardos\n|-damage|p1a: Rampardos|186/321\n|\n|-heal|p2a: Eternatus|65/308|[from] item: Leftovers\n|upkeep\n|turn|15\n|-message|Aminator3000 forfeited.\n|\n|win|Schibi\n", "uploadtime": 1781444909, "views": 4, "formatid": "gen9randombattle", "rating": null, "private": 0, "password": null}