{"id": "gen9randombattle-2631437630", "format": "[Gen 9] Random Battle", "players": ["nocomment3", "xmagic_7"], "log": "|j|\u2606nocomment3\n|j|\u2606xmagic_7\n|t:|1781384606\n|gametype|singles\n|player|p1|nocomment3|2|2142\n|player|p2|xmagic_7|266|2144\n|gen|9\n|tier|[Gen 9] Random Battle\n|rated|\n|rule|Species Clause: Limit one of each Pok\u00e9mon\n|rule|HP Percentage Mod: HP is shown in percentages\n|rule|Sleep Clause Mod: Limit one foe put to sleep\n|rule|Illusion Level Mod: Illusion disguises the Pok\u00e9mon's true level\n|\n|t:|1781384606\n|teamsize|p1|6\n|teamsize|p2|6\n|start\n|switch|p1a: Hitmonlee|Hitmonlee, L85, M|224/224\n|switch|p2a: Altaria|Altaria, L89, F|278/278\n|turn|1\n|inactive|Battle timer is ON: inactive players will automatically lose when time's up. (requested by xmagic_7)\n|\n|t:|1781384616\n|switch|p1a: Articuno|Articuno, L86|295/295\n|-ability|p1a: Articuno|Pressure\n|move|p2a: Altaria|Will-O-Wisp|p1a: Articuno|[miss]\n|-miss|p2a: Altaria|p1a: Articuno\n|\n|upkeep\n|turn|2\n|\n|t:|1781384631\n|switch|p2a: Tinkaton|Tinkaton, L82, F|274/274\n|-ability|p2a: Tinkaton|Mold Breaker\n|move|p1a: Articuno|Freeze-Dry|p2a: Tinkaton\n|-resisted|p2a: Tinkaton\n|-damage|p2a: Tinkaton|241/274\n|\n|-heal|p2a: Tinkaton|258/274|[from] item: Leftovers\n|upkeep\n|turn|3\n|\n|t:|1781384645\n|switch|p1a: Excadrill|Excadrill, L79, F|303/303\n|-ability|p1a: Excadrill|Mold Breaker\n|move|p2a: Tinkaton|Knock Off|p1a: Excadrill\n|-damage|p1a: Excadrill|232/303\n|-enditem|p1a: Excadrill|Assault Vest|[from] move: Knock Off|[of] p2a: Tinkaton\n|\n|-heal|p2a: Tinkaton|274/274|[from] item: Leftovers\n|upkeep\n|turn|4\n|\n|t:|1781384652\n|switch|p2a: Altaria|Altaria, L89, F|278/278\n|move|p1a: Excadrill|Rapid Spin|p2a: Altaria\n|-crit|p2a: Altaria\n|-damage|p2a: Altaria|215/278\n|-boost|p1a: Excadrill|spe|1\n|\n|upkeep\n|turn|5\n|\n|t:|1781384654\n|move|p1a: Excadrill|Rock Slide|p2a: Altaria|[miss]\n|-miss|p1a: Excadrill|p2a: Altaria\n|move|p2a: Altaria|Will-O-Wisp|p1a: Excadrill\n|-status|p1a: Excadrill|brn\n|\n|-damage|p1a: Excadrill|214/303 brn|[from] brn\n|upkeep\n|turn|6\n|\n|t:|1781384662\n|switch|p1a: Iron Valiant|Iron Valiant, L78|244/244\n|move|p2a: Altaria|Will-O-Wisp|p1a: Iron Valiant\n|-status|p1a: Iron Valiant|brn\n|\n|-damage|p1a: Iron Valiant|229/244 brn|[from] brn\n|upkeep\n|turn|7\n|-message|nocomment3 forfeited.\n|\n|win|xmagic_7\n", "uploadtime": 1781384609, "views": 8, "formatid": "gen9randombattle", "rating": null, "private": 0, "password": null}