{"id": "gen9randombattle-2631938742", "format": "[Gen 9] Random Battle", "players": ["whatisnexthuh", "LewisBavin"], "log": "|j|\u2606whatisnexthuh\n|j|\u2606LewisBavin\n|t:|1781457776\n|gametype|singles\n|player|p1|whatisnexthuh|aromalady|2171\n|player|p2|LewisBavin|266|2224\n|gen|9\n|tier|[Gen 9] Random Battle\n|rated|\n|rule|Species Clause: Limit one of each Pok\u00e9mon\n|rule|HP Percentage Mod: HP is shown in percentages\n|rule|Sleep Clause Mod: Limit one foe put to sleep\n|rule|Illusion Level Mod: Illusion disguises the Pok\u00e9mon's true level\n|\n|t:|1781457776\n|teamsize|p1|6\n|teamsize|p2|6\n|start\n|switch|p1a: Dudunsparce|Dudunsparce, L83, M|343/343\n|switch|p2a: Vaporeon|Vaporeon, L86, F|364/364\n|turn|1\n|inactive|Battle timer is ON: inactive players will automatically lose when time's up. (requested by LewisBavin)\n|\n|t:|1781457789\n|move|p2a: Vaporeon|Scald|p1a: Dudunsparce\n|-damage|p1a: Dudunsparce|228/343\n|move|p1a: Dudunsparce|Toxic|p2a: Vaporeon\n|-status|p2a: Vaporeon|tox\n|\n|-heal|p1a: Dudunsparce|249/343|[from] item: Leftovers\n|-damage|p2a: Vaporeon|342/364 tox|[from] psn\n|upkeep\n|turn|2\n|\n|t:|1781457797\n|move|p2a: Vaporeon|Scald|p1a: Dudunsparce\n|-damage|p1a: Dudunsparce|147/343\n|move|p1a: Dudunsparce|Boomburst|p2a: Vaporeon\n|-damage|p2a: Vaporeon|212/364 tox\n|\n|-heal|p2a: Vaporeon|234/364 tox|[from] item: Leftovers\n|-heal|p1a: Dudunsparce|168/343|[from] item: Leftovers\n|-damage|p2a: Vaporeon|190/364 tox|[from] psn\n|upkeep\n|turn|3\n|\n|t:|1781457802\n|move|p2a: Vaporeon|Flip Turn|p1a: Dudunsparce\n|-damage|p1a: Dudunsparce|111/343\n|\n|t:|1781457805\n|switch|p2a: Pecharunt|Pecharunt, L77|262/262|[from] Flip Turn\n|move|p1a: Dudunsparce|Roost|p1a: Dudunsparce\n|-heal|p1a: Dudunsparce|283/343\n|-singleturn|p1a: Dudunsparce|move: Roost\n|\n|-heal|p1a: Dudunsparce|304/343|[from] item: Leftovers\n|upkeep\n|turn|4\n|\n|t:|1781457812\n|switch|p1a: Reuniclus|Reuniclus, L88, M|337/337\n|move|p2a: Pecharunt|Parting Shot|p1a: Reuniclus\n|-unboost|p1a: Reuniclus|atk|1\n|-unboost|p1a: Reuniclus|spa|1\n|\n|t:|1781457820\n|switch|p2a: Bisharp|Bisharp, L79, M|232/232|[from] Parting Shot\n|\n|upkeep\n|turn|5\n|\n|t:|1781457826\n|move|p2a: Bisharp|Swords Dance|p2a: Bisharp\n|-boost|p2a: Bisharp|atk|2\n|move|p1a: Reuniclus|Focus Blast|p2a: Bisharp\n|-supereffective|p2a: Bisharp\n|-damage|p2a: Bisharp|0 fnt\n|faint|p2a: Bisharp\n|\n|upkeep\n|-message|LewisBavin forfeited.\n|\n|win|whatisnexthuh\n", "uploadtime": 1781457778, "views": 3, "formatid": "gen9randombattle", "rating": null, "private": 0, "password": null}