{"id": "gen9randombattle-2631513511", "format": "[Gen 9] Random Battle", "players": ["schleeby", "TheLudicrousLuv"], "log": "|j|\u2606schleeby\n|j|\u2606TheLudicrousLuv\n|t:|1781394838\n|gametype|singles\n|player|p1|schleeby|rosa|1909\n|player|p2|TheLudicrousLuv|hilbert-wonderlauncher|2040\n|gen|9\n|tier|[Gen 9] Random Battle\n|rated|\n|rule|Species Clause: Limit one of each Pok\u00e9mon\n|rule|HP Percentage Mod: HP is shown in percentages\n|rule|Sleep Clause Mod: Limit one foe put to sleep\n|rule|Illusion Level Mod: Illusion disguises the Pok\u00e9mon's true level\n|\n|t:|1781394838\n|teamsize|p1|6\n|teamsize|p2|6\n|start\n|switch|p1a: Masquerain|Masquerain, L87, F|264/264\n|switch|p2a: Delphox|Delphox, L84, M|263/263\n|-ability|p1a: Masquerain|Intimidate|boost\n|-unboost|p2a: Delphox|atk|1\n|turn|1\n|inactive|Battle timer is ON: inactive players will automatically lose when time's up. (requested by TheLudicrousLuv)\n|\n|t:|1781394850\n|switch|p1a: Hydreigon|Hydreigon, L79, M|275/275\n|move|p2a: Delphox|Fire Blast|p1a: Hydreigon|[miss]\n|-miss|p2a: Delphox|p1a: Hydreigon\n|\n|upkeep\n|turn|2\n|\n|t:|1781394866\n|switch|p2a: Luxray|Luxray, L88, M|284/284\n|-ability|p2a: Luxray|Intimidate|boost\n|-unboost|p1a: Hydreigon|atk|1\n|move|p1a: Hydreigon|Dark Pulse|p2a: Luxray\n|-damage|p2a: Luxray|197/284\n|\n|upkeep\n|turn|3\n|\n|t:|1781394883\n|switch|p1a: Cobalion|Cobalion, L80|277/277\n|move|p2a: Luxray|Play Rough|p1a: Cobalion\n|-damage|p1a: Cobalion|216/277\n|\n|-heal|p1a: Cobalion|233/277|[from] item: Leftovers\n|upkeep\n|turn|4\n|\n|t:|1781394898\n|move|p1a: Cobalion|Aura Sphere|p2a: Luxray\n|-damage|p2a: Luxray|143/284\n|move|p2a: Luxray|Volt Switch|p1a: Cobalion\n|-damage|p1a: Cobalion|131/277\n|\n|t:|1781394902\n|switch|p2a: Delphox|Delphox, L84, M|263/263|[from] Volt Switch\n|\n|-heal|p1a: Cobalion|148/277|[from] item: Leftovers\n|upkeep\n|turn|5\n|\n|t:|1781394906\n|switch|p1a: Suicune|Suicune, L82|298/298\n|-ability|p1a: Suicune|Pressure\n|move|p2a: Delphox|Focus Blast|p1a: Suicune\n|-damage|p1a: Suicune|174/298\n|\n|-heal|p1a: Suicune|192/298|[from] item: Leftovers\n|upkeep\n|turn|6\n|\n|t:|1781394911\n|switch|p2a: Ariados|Ariados, L95, F|287/287\n|switch|p1a: Necrozma|Necrozma-Dawn-Wings, L76|272/272\n|\n|upkeep\n|turn|7\n|\n|t:|1781394914\n|move|p1a: Necrozma|Photon Geyser|p2a: Ariados\n|-supereffective|p2a: Ariados\n|-damage|p2a: Ariados|9/287\n|move|p2a: Ariados|Knock Off|p1a: Necrozma\n|-supereffective|p1a: Necrozma\n|-damage|p1a: Necrozma|50/272\n|-enditem|p1a: Necrozma|Leftovers|[from] move: Knock Off|[of] p2a: Ariados\n|\n|upkeep\n|turn|8\n|\n|t:|1781394918\n|switch|p2a: Luxray|Luxray, L88, M|143/284\n|-ability|p2a: Luxray|Intimidate|boost\n|-unboost|p1a: Necrozma|atk|1\n|move|p1a: Necrozma|Moongeist Beam|p2a: Luxray\n|-damage|p2a: Luxray|55/284\n|\n|upkeep\n|turn|9\n|\n|t:|1781394922\n|switch|p1a: Cobalion|Cobalion, L80|148/277\n|move|p2a: Luxray|Volt Switch|p1a: Cobalion\n|-damage|p1a: Cobalion|46/277\n|\n|t:|1781394927\n|switch|p2a: Delphox|Delphox, L84, M|263/263|[from] Volt Switch\n|\n|-heal|p1a: Cobalion|63/277|[from] item: Leftovers\n|upkeep\n|turn|10\n|\n|t:|1781394931\n|move|p2a: Delphox|Grass Knot|p1a: Cobalion\n|-resisted|p1a: Cobalion\n|-damage|p1a: Cobalion|0 fnt\n|faint|p1a: Cobalion\n|\n|upkeep\n|\n|t:|1781394933\n|switch|p1a: Hydreigon|Hydreigon, L79, M|275/275\n|turn|11\n|\n|t:|1781394936\n|switch|p2a: Ariados|Ariados, L95, F|9/287\n|move|p1a: Hydreigon|Dark Pulse|p2a: Ariados\n|-damage|p2a: Ariados|0 fnt\n|faint|p2a: Ariados\n|\n|upkeep\n|\n|t:|1781394944\n|switch|p2a: Grumpig|Grumpig, L92, F|297/297\n|turn|12\n|\n|t:|1781394947\n|move|p1a: Hydreigon|Dark Pulse|p2a: Grumpig\n|-supereffective|p2a: Grumpig\n|-crit|p2a: Grumpig\n|-damage|p2a: Grumpig|0 fnt\n|faint|p2a: Grumpig\n|\n|upkeep\n|c|\u2606TheLudicrousLuv|Bruh\n|\n|t:|1781394956\n|switch|p2a: Ursaluna|Ursaluna-Bloodmoon, L79, M|308/308\n|turn|13\n|\n|t:|1781394959\n|move|p1a: Hydreigon|Dark Pulse|p2a: Ursaluna\n|-damage|p2a: Ursaluna|115/308\n|move|p2a: Ursaluna|Blood Moon|p1a: Hydreigon\n|-damage|p1a: Hydreigon|107/275\n|\n|-heal|p2a: Ursaluna|134/308|[from] item: Leftovers\n|upkeep\n|turn|14\n|\n|t:|1781394962\n|move|p2a: Ursaluna|Vacuum Wave|p1a: Hydreigon\n|-supereffective|p1a: Hydreigon\n|-damage|p1a: Hydreigon|35/275\n|move|p1a: Hydreigon|Dark Pulse|p2a: Ursaluna\n|-damage|p2a: Ursaluna|0 fnt\n|faint|p2a: Ursaluna\n|\n|upkeep\n|\n|t:|1781394964\n|switch|p2a: Delphox|Delphox, L84, M|263/263\n|turn|15\n|\n|t:|1781394970\n|switch|p1a: Necrozma|Necrozma-Dawn-Wings, L76|50/272\n|move|p2a: Delphox|Fire Blast|p1a: Necrozma\n|-damage|p1a: Necrozma|0 fnt\n|faint|p1a: Necrozma\n|\n|upkeep\n|\n|t:|1781394974\n|switch|p1a: Suicune|Suicune, L82|192/298\n|-ability|p1a: Suicune|Pressure\n|turn|16\n|\n|t:|1781394979\n|switch|p2a: Luxray|Luxray, L88, M|55/284\n|-ability|p2a: Luxray|Intimidate|boost\n|-unboost|p1a: Suicune|atk|1\n|switch|p1a: Hydreigon|Hydreigon, L79, M|35/275\n|\n|upkeep\n|turn|17\n|\n|t:|1781394982\n|move|p1a: Hydreigon|Dark Pulse|p2a: Luxray\n|-damage|p2a: Luxray|0 fnt\n|faint|p2a: Luxray\n|\n|upkeep\n|\n|t:|1781394983\n|switch|p2a: Kyogre|Kyogre, L71|259/259\n|-weather|RainDance|[from] ability: Drizzle|[of] p2a: Kyogre\n|turn|18\n|\n|t:|1781394985\n|-terastallize|p2a: Kyogre|Water\n|move|p2a: Kyogre|Water Spout|p1a: Hydreigon\n|-resisted|p1a: Hydreigon\n|-damage|p1a: Hydreigon|0 fnt\n|faint|p1a: Hydreigon\n|\n|-weather|RainDance|[upkeep]\n|upkeep\n|\n|t:|1781394993\n|switch|p1a: Masquerain|Masquerain, L87, F|264/264\n|-ability|p1a: Masquerain|Intimidate|boost\n|-unboost|p2a: Kyogre|atk|1\n|turn|19\n|\n|t:|1781395003\n|-terastallize|p1a: Masquerain|Water\n|move|p2a: Kyogre|Water Spout|p1a: Masquerain\n|-resisted|p1a: Masquerain\n|-damage|p1a: Masquerain|111/264\n|move|p1a: Masquerain|Quiver Dance|p1a: Masquerain\n|-boost|p1a: Masquerain|spa|1\n|-boost|p1a: Masquerain|spd|1\n|-boost|p1a: Masquerain|spe|1\n|\n|-weather|RainDance|[upkeep]\n|upkeep\n|turn|20\n|\n|t:|1781395007\n|move|p1a: Masquerain|Hurricane|p2a: Kyogre\n|-damage|p2a: Kyogre|117/259\n|-start|p2a: Kyogre|confusion\n|-activate|p2a: Kyogre|confusion\n|move|p2a: Kyogre|Water Spout|p1a: Masquerain\n|-resisted|p1a: Masquerain\n|-damage|p1a: Masquerain|63/264\n|\n|-weather|RainDance|[upkeep]\n|upkeep\n|turn|21\n|\n|t:|1781395009\n|move|p1a: Masquerain|Hurricane|p2a: Kyogre\n|-damage|p2a: Kyogre|0 fnt\n|faint|p2a: Kyogre\n|\n|-weather|RainDance|[upkeep]\n|upkeep\n|c|\u2606TheLudicrousLuv|Bullshit\n|-message|TheLudicrousLuv forfeited.\n|\n|win|schleeby\n", "uploadtime": 1781394840, "views": 3, "formatid": "gen9randombattle", "rating": null, "private": 0, "password": null}