{"id": "gen9randombattle-2631764090", "format": "[Gen 9] Random Battle", "players": ["Dizay976", "duuhhao"], "log": "|badge|p1|bronze|gen9randombattle|100-9\n|uhtml|medal-msg|<div class=\"broadcast-blue\">Curious what those medals under the avatar are? PS now has Ladder Seasons! For more information, check out the <a href=\"https://www.smogon.com/forums/threads/3740067/\">thread on Smogon.</a></div>\n|j|\u2606Dizay976\n|j|\u2606duuhhao\n|t:|1781435934\n|gametype|singles\n|player|p1|Dizay976|sabrina-masters|2269\n|player|p2|duuhhao|clair|2193\n|gen|9\n|tier|[Gen 9] Random Battle\n|rated|\n|rule|Species Clause: Limit one of each Pok\u00e9mon\n|rule|HP Percentage Mod: HP is shown in percentages\n|rule|Sleep Clause Mod: Limit one foe put to sleep\n|rule|Illusion Level Mod: Illusion disguises the Pok\u00e9mon's true level\n|\n|t:|1781435934\n|teamsize|p1|6\n|teamsize|p2|6\n|start\n|switch|p1a: Heracross|Heracross, L80, F|259/259\n|switch|p2a: Mimikyu|Mimikyu, L79, M|216/216\n|turn|1\n|j| ezgamer15\n|\n|t:|1781435951\n|switch|p1a: Excadrill|Excadrill, L79, F|303/303\n|-ability|p1a: Excadrill|Mold Breaker\n|move|p2a: Mimikyu|Play Rough|p1a: Excadrill\n|-resisted|p1a: Excadrill\n|-damage|p1a: Excadrill|237/303\n|-damage|p2a: Mimikyu|195/216|[from] item: Life Orb\n|\n|upkeep\n|turn|2\n|\n|t:|1781435965\n|switch|p2a: Mandibuzz|Mandibuzz, L85, F|326/326\n|move|p1a: Excadrill|Iron Head|p2a: Mandibuzz\n|-damage|p2a: Mandibuzz|236/326\n|\n|upkeep\n|turn|3\n|\n|t:|1781435972\n|switch|p1a: Zacian|Zacian, L69|241/241\n|-ability|p1a: Zacian|Intrepid Sword|boost\n|-boost|p1a: Zacian|atk|1\n|move|p2a: Mandibuzz|Foul Play|p1a: Zacian\n|-resisted|p1a: Zacian\n|-damage|p1a: Zacian|164/241\n|\n|upkeep\n|turn|4\n|\n|t:|1781435980\n|switch|p2a: Solgaleo|Solgaleo, L74|325/325\n|move|p1a: Zacian|Play Rough|p2a: Solgaleo\n|-resisted|p2a: Solgaleo\n|-damage|p2a: Solgaleo|244/325\n|\n|upkeep\n|turn|5\n|\n|t:|1781435999\n|switch|p1a: Typhlosion|Typhlosion, L84, F|267/267\n|move|p2a: Solgaleo|Flame Charge|p1a: Typhlosion\n|-start|p1a: Typhlosion|ability: Flash Fire\n|\n|upkeep\n|turn|6\n|\n|t:|1781436008\n|move|p1a: Typhlosion|Eruption|p2a: Solgaleo\n|-supereffective|p2a: Solgaleo\n|-damage|p2a: Solgaleo|0 fnt\n|faint|p2a: Solgaleo\n|\n|upkeep\n|\n|t:|1781436009\n|switch|p2a: Komala|Komala, L88, M|258/258\n|-ability|p2a: Komala|Comatose\n|turn|7\n|\n|t:|1781436028\n|-end|p1a: Typhlosion|ability: Flash Fire|[silent]\n|switch|p1a: Heracross|Heracross, L80, F|259/259\n|move|p2a: Komala|Rapid Spin|p1a: Heracross\n|-damage|p1a: Heracross|172/259\n|-boost|p2a: Komala|spe|1\n|\n|-status|p1a: Heracross|brn|[from] item: Flame Orb\n|upkeep\n|turn|8\n|j| afdasfafafdsaf\n|\n|t:|1781436039\n|switch|p2a: Mimikyu|Mimikyu, L79, M|195/216\n|move|p1a: Heracross|Knock Off|p2a: Mimikyu\n|-activate|p2a: Mimikyu|ability: Disguise\n|-damage|p2a: Mimikyu|195/216\n|-enditem|p2a: Mimikyu|Life Orb|[from] move: Knock Off|[of] p1a: Heracross\n|detailschange|p2a: Mimikyu|Mimikyu-Busted, L79, M\n|-damage|p2a: Mimikyu|168/216|[from] pokemon: Mimikyu-Busted\n|\n|-damage|p1a: Heracross|156/259 brn|[from] brn\n|upkeep\n|turn|9\n|\n|t:|1781436053\n|switch|p1a: Dodrio|Dodrio, L85, F|241/241\n|move|p2a: Mimikyu|Swords Dance|p2a: Mimikyu\n|-boost|p2a: Mimikyu|atk|2\n|\n|upkeep\n|turn|10\n|\n|t:|1781436058\n|move|p1a: Dodrio|Brave Bird|p2a: Mimikyu\n|-damage|p2a: Mimikyu|0 fnt\n|faint|p2a: Mimikyu\n|-damage|p1a: Dodrio|186/241|[from] Recoil\n|\n|upkeep\n|\n|t:|1781436066\n|switch|p2a: Mandibuzz|Mandibuzz, L85, F|236/326\n|turn|11\n|\n|t:|1781436071\n|switch|p1a: Zacian|Zacian, L69|164/241\n|move|p2a: Mandibuzz|Foul Play|p1a: Zacian\n|-resisted|p1a: Zacian\n|-damage|p1a: Zacian|119/241\n|\n|upkeep\n|turn|12\n|\n|t:|1781436077\n|move|p1a: Zacian|Play Rough|p2a: Mandibuzz\n|-supereffective|p2a: Mandibuzz\n|-damage|p2a: Mandibuzz|24/326\n|move|p2a: Mandibuzz|Foul Play|p1a: Zacian\n|-resisted|p1a: Zacian\n|-damage|p1a: Zacian|74/241\n|\n|upkeep\n|turn|13\n|\n|t:|1781436089\n|move|p1a: Zacian|Play Rough|p2a: Mandibuzz\n|-supereffective|p2a: Mandibuzz\n|-damage|p2a: Mandibuzz|0 fnt\n|faint|p2a: Mandibuzz\n|\n|upkeep\n|\n|t:|1781436092\n|switch|p2a: Azelf|Azelf, L82|257/257\n|turn|14\n|\n|t:|1781436108\n|move|p2a: Azelf|Fire Blast|p1a: Zacian\n|-damage|p1a: Zacian|0 fnt\n|faint|p1a: Zacian\n|-damage|p2a: Azelf|232/257|[from] item: Life Orb\n|\n|upkeep\n|\n|t:|1781436116\n|switch|p1a: Typhlosion|Typhlosion, L84, F|267/267\n|turn|15\n|\n|t:|1781436126\n|-terastallize|p1a: Typhlosion|Fire\n|-terastallize|p2a: Azelf|Fire\n|move|p1a: Typhlosion|Eruption|p2a: Azelf\n|-resisted|p2a: Azelf\n|-damage|p2a: Azelf|89/257\n|move|p2a: Azelf|Psychic|p1a: Typhlosion\n|-damage|p1a: Typhlosion|129/267\n|-unboost|p1a: Typhlosion|spd|1\n|-damage|p2a: Azelf|64/257|[from] item: Life Orb\n|\n|upkeep\n|turn|16\n|\n|t:|1781436147\n|switch|p1a: Dodrio|Dodrio, L85, F|186/241\n|switch|p2a: Komala|Komala, L88, M|258/258\n|-ability|p2a: Komala|Comatose\n|\n|upkeep\n|turn|17\n|\n|t:|1781436151\n|move|p1a: Dodrio|Knock Off|p2a: Komala\n|-damage|p2a: Komala|168/258\n|-enditem|p2a: Komala|Assault Vest|[from] move: Knock Off|[of] p1a: Dodrio\n|move|p2a: Komala|Rapid Spin|p1a: Dodrio\n|-damage|p1a: Dodrio|102/241\n|-boost|p2a: Komala|spe|1\n|\n|upkeep\n|turn|18\n|\n|t:|1781436158\n|move|p2a: Komala|Rapid Spin|p1a: Dodrio\n|-damage|p1a: Dodrio|20/241\n|-boost|p2a: Komala|spe|1\n|move|p1a: Dodrio|Brave Bird|p2a: Komala\n|-damage|p2a: Komala|0 fnt\n|faint|p2a: Komala\n|-damage|p1a: Dodrio|0 fnt|[from] Recoil\n|faint|p1a: Dodrio\n|\n|upkeep\n|\n|t:|1781436166\n|switch|p1a: Typhlosion|Typhlosion, L84, F, tera:Fire|129/267\n|switch|p2a: Azelf|Azelf, L82, tera:Fire|64/257\n|turn|19\n|\n|t:|1781436179\n|move|p1a: Typhlosion|Fire Blast|p2a: Azelf\n|-resisted|p2a: Azelf\n|-damage|p2a: Azelf|0 fnt\n|faint|p2a: Azelf\n|\n|upkeep\n|\n|t:|1781436183\n|switch|p2a: Dodrio|Dodrio, L85, M|241/241\n|turn|20\n|\n|t:|1781436194\n|move|p1a: Typhlosion|Fire Blast|p2a: Dodrio\n|-damage|p2a: Dodrio|7/241\n|move|p2a: Dodrio|Brave Bird|p1a: Typhlosion\n|-damage|p1a: Typhlosion|0 fnt\n|faint|p1a: Typhlosion\n|-damage|p2a: Dodrio|0 fnt|[from] Recoil\n|faint|p2a: Dodrio\n|\n|win|Dizay976\n|raw|Dizay976's rating: 2291 &rarr; <strong>2306</strong><br />(+15 for winning)\n|raw|duuhhao's rating: 2193 &rarr; <strong>2178</strong><br />(-15 for losing)\n", "uploadtime": 1781435935, "views": 3, "formatid": "gen9randombattle", "rating": 2178, "private": 0, "password": null}