{"id": "gen9randombattle-2631491306", "format": "[Gen 9] Random Battle", "players": ["lectruist6", "KDUB_01"], "log": "|j|\u203dlectruist6\n|j|\u2606KDUB_01\n|t:|1781391774\n|gametype|singles\n|player|p1|lectruist6|gardenia|1466\n|player|p2|KDUB_01|rancher|1431\n|gen|9\n|tier|[Gen 9] Random Battle\n|rated|\n|rule|Species Clause: Limit one of each Pok\u00e9mon\n|rule|HP Percentage Mod: HP is shown in percentages\n|rule|Sleep Clause Mod: Limit one foe put to sleep\n|rule|Illusion Level Mod: Illusion disguises the Pok\u00e9mon's true level\n|\n|t:|1781391774\n|teamsize|p1|6\n|teamsize|p2|6\n|start\n|switch|p1a: Milotic|Milotic, L83, M|293/293\n|switch|p2a: Meowstic|Meowstic-F, L89, F|277/277\n|turn|1\n|\n|t:|1781391801\n|move|p2a: Meowstic|Nasty Plot|p2a: Meowstic\n|-boost|p2a: Meowstic|spa|2\n|move|p1a: Milotic|Dragon Tail|p2a: Meowstic|[miss]\n|-miss|p1a: Milotic|p2a: Meowstic\n|\n|upkeep\n|turn|2\n|\n|t:|1781391810\n|move|p2a: Meowstic|Psychic|p1a: Milotic\n|-damage|p1a: Milotic|98/293\n|-unboost|p1a: Milotic|spd|1\n|-ability|p1a: Milotic|Competitive|boost\n|-boost|p1a: Milotic|spa|2\n|-damage|p2a: Meowstic|250/277|[from] item: Life Orb\n|move|p1a: Milotic|Dragon Tail|p2a: Meowstic\n|-damage|p2a: Meowstic|217/277\n|drag|p2a: Pikachu|Pikachu-World, L93, M|216/216\n|\n|-heal|p1a: Milotic|116/293|[from] item: Leftovers\n|upkeep\n|turn|3\n|\n|t:|1781391826\n|switch|p1a: Lanturn|Lanturn, L89, M|367/367\n|move|p2a: Pikachu|Knock Off|p1a: Lanturn\n|-damage|p1a: Lanturn|230/367\n|-enditem|p1a: Lanturn|Leftovers|[from] move: Knock Off|[of] p2a: Pikachu\n|\n|upkeep\n|turn|4\n|\n|t:|1781391872\n|move|p2a: Pikachu|Play Rough|p1a: Lanturn|[miss]\n|-miss|p2a: Pikachu|p1a: Lanturn\n|move|p1a: Lanturn|Scald|p2a: Pikachu\n|-damage|p2a: Pikachu|116/216\n|\n|upkeep\n|turn|5\n|\n|t:|1781391915\n|move|p2a: Pikachu|Play Rough|p1a: Lanturn\n|-damage|p1a: Lanturn|105/367\n|move|p1a: Lanturn|Scald|p2a: Pikachu\n|-damage|p2a: Pikachu|11/216\n|\n|upkeep\n|turn|6\n|\n|t:|1781391940\n|switch|p1a: Sudowoodo|Sudowoodo, L94, M|284/284\n|move|p2a: Pikachu|Play Rough|p1a: Sudowoodo\n|-damage|p1a: Sudowoodo|212/284\n|\n|upkeep\n|turn|7\n|\n|t:|1781391959\n|switch|p2a: Slither Wing|Slither Wing, L81|270/270\n|move|p1a: Sudowoodo|Sucker Punch||[still]\n|-fail|p1a: Sudowoodo\n|\n|upkeep\n|turn|8\n|\n|t:|1781391975\n|switch|p1a: Indeedee|Indeedee-F, L90, F|272/272\n|-fieldstart|move: Psychic Terrain|[from] ability: Psychic Surge|[of] p1a: Indeedee\n|move|p2a: Slither Wing|Close Combat|p1a: Indeedee\n|-damage|p1a: Indeedee|106/272\n|-unboost|p2a: Slither Wing|def|1\n|-unboost|p2a: Slither Wing|spd|1\n|\n|upkeep\n|turn|9\n|\n|t:|1781392021\n|move|p1a: Indeedee|Psychic|p2a: Slither Wing\n|-supereffective|p2a: Slither Wing\n|-damage|p2a: Slither Wing|0 fnt\n|faint|p2a: Slither Wing\n|-end|p2a: Slither Wing|Protosynthesis|[silent]\n|\n|upkeep\n|\n|t:|1781392027\n|switch|p2a: Meowstic|Meowstic-F, L89, F|217/277\n|turn|10\n|\n|t:|1781392034\n|switch|p1a: Scrafty|Scrafty, L83, F|244/244\n|-ability|p1a: Scrafty|Intimidate|boost\n|-unboost|p2a: Meowstic|atk|1\n|-ability|p2a: Meowstic|Competitive|boost\n|-boost|p2a: Meowstic|spa|2\n|move|p2a: Meowstic|Dark Pulse|p1a: Scrafty\n|-resisted|p1a: Scrafty\n|-damage|p1a: Scrafty|214/244\n|-damage|p2a: Meowstic|190/277|[from] item: Life Orb\n|\n|-heal|p1a: Scrafty|229/244|[from] item: Leftovers\n|upkeep\n|turn|11\n|\n|t:|1781392084\n|move|p2a: Meowstic|Alluring Voice|p1a: Scrafty\n|-supereffective|p1a: Scrafty\n|-damage|p1a: Scrafty|0 fnt\n|faint|p1a: Scrafty\n|-damage|p2a: Meowstic|163/277|[from] item: Life Orb\n|\n|upkeep\n|\n|t:|1781392101\n|switch|p1a: Indeedee|Indeedee-F, L90, F|106/272\n|turn|12\n|\n|t:|1781392120\n|move|p1a: Indeedee|Hyper Voice|p2a: Meowstic\n|-damage|p2a: Meowstic|55/277\n|move|p2a: Meowstic|Dark Pulse|p1a: Indeedee\n|-supereffective|p1a: Indeedee\n|-damage|p1a: Indeedee|0 fnt\n|faint|p1a: Indeedee\n|-damage|p2a: Meowstic|28/277|[from] item: Life Orb\n|\n|-fieldend|move: Psychic Terrain\n|upkeep\n|\n|t:|1781392139\n|switch|p1a: Sudowoodo|Sudowoodo, L94, M|212/284\n|turn|13\n|\n|t:|1781392163\n|switch|p2a: Maushold|Maushold-Four, L76|238/238\n|move|p1a: Sudowoodo|Wood Hammer|p2a: Maushold\n|-damage|p2a: Maushold|16/238\n|\n|upkeep\n|turn|14\n|\n|t:|1781392176\n|move|p2a: Maushold|Tidy Up|p2a: Maushold\n|-boost|p2a: Maushold|atk|1\n|-boost|p2a: Maushold|spe|1\n|move|p1a: Sudowoodo|Wood Hammer|p2a: Maushold\n|-damage|p2a: Maushold|0 fnt\n|faint|p2a: Maushold\n|\n|upkeep\n|\n|t:|1781392185\n|switch|p2a: Zacian|Zacian, L69|241/241\n|-ability|p2a: Zacian|Intrepid Sword|boost\n|-boost|p2a: Zacian|atk|1\n|turn|15\n|\n|t:|1781392193\n|move|p2a: Zacian|Play Rough|p1a: Sudowoodo\n|-damage|p1a: Sudowoodo|97/284\n|move|p1a: Sudowoodo|Wood Hammer|p2a: Zacian\n|-damage|p2a: Zacian|93/241\n|\n|upkeep\n|turn|16\n|\n|t:|1781392204\n|move|p2a: Zacian|Play Rough|p1a: Sudowoodo|[miss]\n|-miss|p2a: Zacian|p1a: Sudowoodo\n|move|p1a: Sudowoodo|Wood Hammer|p2a: Zacian\n|-damage|p2a: Zacian|0 fnt\n|faint|p2a: Zacian\n|\n|upkeep\n|\n|t:|1781392215\n|switch|p2a: Palkia|Palkia-Origin, L72|249/249\n|-ability|p2a: Palkia|Pressure\n|turn|17\n|\n|t:|1781392228\n|switch|p1a: Lilligant|Lilligant, L86, F|261/261\n|move|p2a: Palkia|Spacial Rend|p1a: Lilligant|[miss]\n|-miss|p2a: Palkia|p1a: Lilligant\n|\n|upkeep\n|turn|18\n|\n|t:|1781392281\n|move|p2a: Palkia|Fire Blast|p1a: Lilligant|[miss]\n|-miss|p2a: Palkia|p1a: Lilligant\n|move|p1a: Lilligant|Sleep Powder|p2a: Palkia\n|-status|p2a: Palkia|slp|[from] move: Sleep Powder\n|\n|upkeep\n|turn|19\n|\n|t:|1781392289\n|switch|p2a: Meowstic|Meowstic-F, L89, F|28/277\n|move|p1a: Lilligant|Quiver Dance|p1a: Lilligant\n|-boost|p1a: Lilligant|spa|1\n|-boost|p1a: Lilligant|spd|1\n|-boost|p1a: Lilligant|spe|1\n|\n|upkeep\n|turn|20\n|\n|t:|1781392298\n|move|p1a: Lilligant|Giga Drain|p2a: Meowstic\n|-damage|p2a: Meowstic|0 fnt\n|faint|p2a: Meowstic\n|-damage|p1a: Lilligant|235/261|[from] item: Life Orb\n|\n|upkeep\n|\n|t:|1781392304\n|switch|p2a: Pikachu|Pikachu-World, L93, M|11/216\n|turn|21\n|\n|t:|1781392315\n|move|p1a: Lilligant|Giga Drain|p2a: Pikachu\n|-damage|p2a: Pikachu|0 fnt\n|-heal|p1a: Lilligant|241/261|[from] drain|[of] p2a: Pikachu\n|faint|p2a: Pikachu\n|-damage|p1a: Lilligant|215/261|[from] item: Life Orb\n|\n|upkeep\n|\n|t:|1781392316\n|switch|p2a: Palkia|Palkia-Origin, L72|249/249 slp\n|-ability|p2a: Palkia|Pressure\n|turn|22\n|\n|t:|1781392335\n|-terastallize|p2a: Palkia|Fire\n|move|p1a: Lilligant|Giga Drain|p2a: Palkia\n|-resisted|p2a: Palkia\n|-damage|p2a: Palkia|166/249 slp\n|-heal|p1a: Lilligant|257/261|[from] drain|[of] p2a: Palkia\n|-damage|p1a: Lilligant|231/261|[from] item: Life Orb\n|cant|p2a: Palkia|slp\n|\n|upkeep\n|turn|23\n|\n|t:|1781392378\n|-terastallize|p1a: Lilligant|Fire\n|move|p1a: Lilligant|Quiver Dance|p1a: Lilligant\n|-boost|p1a: Lilligant|spa|1\n|-boost|p1a: Lilligant|spd|1\n|-boost|p1a: Lilligant|spe|1\n|cant|p2a: Palkia|slp\n|\n|upkeep\n|turn|24\n|\n|t:|1781392387\n|move|p1a: Lilligant|Quiver Dance|p1a: Lilligant\n|-boost|p1a: Lilligant|spa|1\n|-boost|p1a: Lilligant|spd|1\n|-boost|p1a: Lilligant|spe|1\n|-curestatus|p2a: Palkia|slp|[msg]\n|move|p2a: Palkia|Fire Blast|p1a: Lilligant\n|-resisted|p1a: Lilligant\n|-damage|p1a: Lilligant|206/261\n|\n|upkeep\n|turn|25\n|\n|t:|1781392395\n|move|p1a: Lilligant|Quiver Dance|p1a: Lilligant\n|-boost|p1a: Lilligant|spa|1\n|-boost|p1a: Lilligant|spd|1\n|-boost|p1a: Lilligant|spe|1\n|move|p2a: Palkia|Hydro Pump|p1a: Lilligant\n|-supereffective|p1a: Lilligant\n|-damage|p1a: Lilligant|104/261\n|\n|upkeep\n|turn|26\n|\n|t:|1781392402\n|move|p1a: Lilligant|Giga Drain|p2a: Palkia\n|-resisted|p2a: Palkia\n|-damage|p2a: Palkia|10/249\n|-heal|p1a: Lilligant|182/261|[from] drain|[of] p2a: Palkia\n|-damage|p1a: Lilligant|156/261|[from] item: Life Orb\n|move|p2a: Palkia|Thunder Wave|p1a: Lilligant\n|-status|p1a: Lilligant|par\n|\n|upkeep\n|turn|27\n|\n|t:|1781392411\n|move|p1a: Lilligant|Giga Drain|p2a: Palkia\n|-resisted|p2a: Palkia\n|-damage|p2a: Palkia|0 fnt\n|-heal|p1a: Lilligant|161/261 par|[from] drain|[of] p2a: Palkia\n|faint|p2a: Palkia\n|-damage|p1a: Lilligant|135/261 par|[from] item: Life Orb\n|\n|win|lectruist6\n|raw|lectruist6's rating: 1466 &rarr; <strong>1484</strong><br />(+18 for winning)\n|raw|KDUB_01's rating: 1431 &rarr; <strong>1413</strong><br />(-18 for losing)\n|l|\u2606KDUB_01\n|player|p2|\n", "uploadtime": 1781392417, "views": 2, "formatid": "gen9randombattle", "rating": 1413, "private": 0, "password": null}