{"id": "gen9randombattle-2631654365", "format": "[Gen 9] Random Battle", "players": ["personanongrattata", "sonoffin"], "log": "|j|\u2606personanongrattata\n|j|\u2606sonoffin\n|t:|1781415652\n|gametype|singles\n|player|p1|personanongrattata|youngster-gen4dp|2104\n|player|p2|sonoffin|hilbert-wonderlauncher|2247\n|gen|9\n|tier|[Gen 9] Random Battle\n|rated|\n|rule|Species Clause: Limit one of each Pok\u00e9mon\n|rule|HP Percentage Mod: HP is shown in percentages\n|rule|Sleep Clause Mod: Limit one foe put to sleep\n|rule|Illusion Level Mod: Illusion disguises the Pok\u00e9mon's true level\n|\n|t:|1781415652\n|teamsize|p1|6\n|teamsize|p2|6\n|start\n|switch|p1a: Sandy Shocks|Sandy Shocks, L80|267/267\n|switch|p2a: Lycanroc|Lycanroc, L86, F|269/269\n|turn|1\n|inactive|Battle timer is ON: inactive players will automatically lose when time's up. (requested by personanongrattata)\n|\n|t:|1781415671\n|move|p2a: Lycanroc|Close Combat|p1a: Sandy Shocks\n|-damage|p1a: Sandy Shocks|132/267\n|-unboost|p2a: Lycanroc|def|1\n|-unboost|p2a: Lycanroc|spd|1\n|-damage|p2a: Lycanroc|243/269|[from] item: Life Orb\n|move|p1a: Sandy Shocks|Thunder Wave|p2a: Lycanroc\n|-status|p2a: Lycanroc|par\n|\n|upkeep\n|turn|2\n|\n|t:|1781415691\n|switch|p2a: Meloetta|Meloetta, L82|298/298\n|move|p1a: Sandy Shocks|Earth Power|p2a: Meloetta\n|-damage|p2a: Meloetta|219/298\n|-unboost|p2a: Meloetta|spd|1\n|\n|upkeep\n|turn|3\n|\n|t:|1781415702\n|move|p1a: Sandy Shocks|Thunder Wave|p2a: Meloetta\n|-status|p2a: Meloetta|par\n|cant|p2a: Meloetta|par\n|\n|upkeep\n|turn|4\n|\n|t:|1781415706\n|move|p1a: Sandy Shocks|Volt Switch|p2a: Meloetta\n|-damage|p2a: Meloetta|131/298 par\n|\n|t:|1781415714\n|-end|p1a: Sandy Shocks|Protosynthesis|[silent]\n|switch|p1a: Scovillain|Scovillain, L91, F|266/266|[from] Volt Switch\n|move|p2a: Meloetta|Hyper Voice|p1a: Scovillain\n|-damage|p1a: Scovillain|67/266\n|\n|-heal|p1a: Scovillain|83/266|[from] item: Leftovers\n|upkeep\n|turn|5\n|\n|t:|1781415721\n|move|p1a: Scovillain|Flamethrower|p2a: Meloetta\n|-damage|p2a: Meloetta|0 fnt\n|faint|p2a: Meloetta\n|\n|-heal|p1a: Scovillain|99/266|[from] item: Leftovers\n|upkeep\n|\n|t:|1781415732\n|switch|p2a: Lugia|Lugia, L73|275/275\n|turn|6\n|\n|t:|1781415740\n|switch|p1a: Sandy Shocks|Sandy Shocks, L80|132/267\n|move|p2a: Lugia|Aeroblast|p1a: Sandy Shocks\n|-resisted|p1a: Sandy Shocks\n|-damage|p1a: Sandy Shocks|88/267\n|\n|upkeep\n|turn|7\n|\n|t:|1781415751\n|switch|p2a: Lycanroc|Lycanroc, L86, F|243/269 par\n|move|p1a: Sandy Shocks|Thunder Wave|p2a: Lycanroc\n|-fail|p2a: Lycanroc|par\n|\n|upkeep\n|turn|8\n|\n|t:|1781415759\n|move|p1a: Sandy Shocks|Earth Power|p2a: Lycanroc\n|-supereffective|p2a: Lycanroc\n|-damage|p2a: Lycanroc|0 fnt\n|faint|p2a: Lycanroc\n|\n|upkeep\n|j| Zyroth_7\n|\n|t:|1781415765\n|switch|p2a: Basculegion|Basculegion, L80, M|323/323\n|turn|9\n|\n|t:|1781415773\n|-end|p1a: Sandy Shocks|Protosynthesis|[silent]\n|switch|p1a: Cyclizar|Cyclizar, L83, M|252/252\n|move|p2a: Basculegion|Flip Turn|p1a: Cyclizar\n|-resisted|p1a: Cyclizar\n|-damage|p1a: Cyclizar|200/252\n|\n|t:|1781415785\n|switch|p2a: Primarina|Primarina, L83, M|268/268|[from] Flip Turn\n|\n|upkeep\n|turn|10\n|\n|t:|1781415799\n|move|p1a: Cyclizar|Shed Tail|p1a: Cyclizar\n|-start|p1a: Cyclizar|Substitute|[from] move: Shed Tail\n|-damage|p1a: Cyclizar|74/252\n|\n|t:|1781415803\n|switch|p1a: Iron Thorns|Iron Thorns, L83|302/302|[from] Shed Tail\n|-item|p1a: Iron Thorns|Air Balloon\n|move|p2a: Primarina|Calm Mind|p2a: Primarina\n|-boost|p2a: Primarina|spa|1\n|-boost|p2a: Primarina|spd|1\n|\n|upkeep\n|turn|11\n|\n|t:|1781415814\n|-terastallize|p2a: Primarina|Fairy\n|move|p1a: Iron Thorns|Wild Charge|p2a: Primarina\n|-damage|p2a: Primarina|121/268\n|-damage|p1a: Iron Thorns|265/302|[from] Recoil\n|move|p2a: Primarina|Draining Kiss|p1a: Iron Thorns\n|-end|p1a: Iron Thorns|Substitute\n|-heal|p2a: Primarina|169/268|[from] drain|[of] p1a: Iron Thorns\n|-enditem|p1a: Iron Thorns|Air Balloon\n|\n|-heal|p2a: Primarina|185/268|[from] item: Leftovers\n|upkeep\n|turn|12\n|\n|t:|1781415833\n|move|p1a: Iron Thorns|Wild Charge|p2a: Primarina\n|-damage|p2a: Primarina|58/268\n|-damage|p1a: Iron Thorns|233/302|[from] Recoil\n|move|p2a: Primarina|Draining Kiss|p1a: Iron Thorns\n|-damage|p1a: Iron Thorns|73/302\n|-heal|p2a: Primarina|178/268|[from] drain|[of] p1a: Iron Thorns\n|\n|-heal|p2a: Primarina|194/268|[from] item: Leftovers\n|upkeep\n|turn|13\n|\n|t:|1781415842\n|switch|p2a: Magcargo|Magcargo, L95, M|268/268\n|move|p1a: Iron Thorns|Wild Charge|p2a: Magcargo\n|-damage|p2a: Magcargo|181/268\n|-status|p1a: Iron Thorns|brn|[from] ability: Flame Body|[of] p2a: Magcargo\n|-damage|p1a: Iron Thorns|51/302 brn|[from] Recoil\n|\n|-damage|p1a: Iron Thorns|33/302 brn|[from] brn\n|upkeep\n|turn|14\n|\n|t:|1781415856\n|move|p1a: Iron Thorns|Stealth Rock|p2a: Magcargo\n|-sidestart|p2: sonoffin|move: Stealth Rock\n|move|p2a: Magcargo|Recover|p2a: Magcargo\n|-heal|p2a: Magcargo|268/268\n|\n|-damage|p1a: Iron Thorns|15/302 brn|[from] brn\n|upkeep\n|turn|15\n|\n|t:|1781415861\n|move|p1a: Iron Thorns|Earthquake|p2a: Magcargo\n|-supereffective|p2a: Magcargo\n|-damage|p2a: Magcargo|134/268\n|move|p2a: Magcargo|Stealth Rock|p1a: Iron Thorns\n|-sidestart|p1: personanongrattata|move: Stealth Rock\n|\n|-damage|p1a: Iron Thorns|0 fnt|[from] brn\n|faint|p1a: Iron Thorns\n|-end|p1a: Iron Thorns|Quark Drive|[silent]\n|upkeep\n|\n|t:|1781415869\n|switch|p1a: Sandy Shocks|Sandy Shocks, L80|88/267\n|turn|16\n|\n|t:|1781415873\n|switch|p2a: Lugia|Lugia, L73|275/275\n|move|p1a: Sandy Shocks|Earth Power|p2a: Lugia\n|-immune|p2a: Lugia\n|\n|upkeep\n|turn|17\n|\n|t:|1781415880\n|move|p1a: Sandy Shocks|Thunder Wave|p2a: Lugia\n|-status|p2a: Lugia|par\n|move|p2a: Lugia|Earth Power|p1a: Sandy Shocks\n|-supereffective|p1a: Sandy Shocks\n|-damage|p1a: Sandy Shocks|0 fnt\n|faint|p1a: Sandy Shocks\n|-end|p1a: Sandy Shocks|Protosynthesis|[silent]\n|\n|upkeep\n|\n|t:|1781415887\n|switch|p1a: Cyclizar|Cyclizar, L83, M|158/252\n|turn|18\n|\n|t:|1781415894\n|switch|p2a: Magcargo|Magcargo, L95, M|134/268\n|move|p1a: Cyclizar|Rapid Spin|p2a: Magcargo\n|-resisted|p2a: Magcargo\n|-damage|p2a: Magcargo|116/268\n|-boost|p1a: Cyclizar|spe|1\n|-status|p1a: Cyclizar|brn|[from] ability: Flame Body|[of] p2a: Magcargo\n|-sideend|p1: personanongrattata|Stealth Rock|[from] move: Rapid Spin|[of] p1a: Cyclizar\n|\n|-damage|p1a: Cyclizar|143/252 brn|[from] brn\n|upkeep\n|turn|19\n|\n|t:|1781415906\n|move|p1a: Cyclizar|Taunt|p2a: Magcargo\n|-start|p2a: Magcargo|move: Taunt\n|cant|p2a: Magcargo|move: Taunt|Recover\n|\n|-damage|p1a: Cyclizar|128/252 brn|[from] brn\n|upkeep\n|turn|20\n|\n|t:|1781415919\n|move|p1a: Cyclizar|Shed Tail|p1a: Cyclizar\n|-start|p1a: Cyclizar|Substitute|[from] move: Shed Tail\n|-damage|p1a: Cyclizar|2/252 brn\n|\n|t:|1781415922\n|switch|p1a: Drednaw|Drednaw, L81, M|278/278|[from] Shed Tail\n|move|p2a: Magcargo|Power Gem|p1a: Drednaw\n|-end|p1a: Drednaw|Substitute\n|\n|upkeep\n|turn|21\n|\n|t:|1781415930\n|move|p1a: Drednaw|Shell Smash|p1a: Drednaw\n|-unboost|p1a: Drednaw|def|1\n|-unboost|p1a: Drednaw|spd|1\n|-boost|p1a: Drednaw|atk|2\n|-boost|p1a: Drednaw|spa|2\n|-boost|p1a: Drednaw|spe|2\n|-enditem|p1a: Drednaw|White Herb\n|-clearnegativeboost|p1a: Drednaw|[silent]\n|move|p2a: Magcargo|Power Gem|p1a: Drednaw\n|-damage|p1a: Drednaw|143/278\n|\n|-end|p2a: Magcargo|move: Taunt\n|upkeep\n|turn|22\n|\n|t:|1781415941\n|move|p1a: Drednaw|Earthquake|p2a: Magcargo\n|-supereffective|p2a: Magcargo\n|-damage|p2a: Magcargo|0 fnt\n|faint|p2a: Magcargo\n|\n|upkeep\n|\n|t:|1781415949\n|switch|p2a: Lugia|Lugia, L73|275/275 par\n|turn|23\n|\n|t:|1781415954\n|move|p1a: Drednaw|Liquidation|p2a: Lugia\n|-damage|p2a: Lugia|199/275 par\n|-unboost|p2a: Lugia|def|1\n|move|p2a: Lugia|Earth Power|p1a: Drednaw\n|-supereffective|p1a: Drednaw\n|-damage|p1a: Drednaw|25/278\n|\n|upkeep\n|turn|24\n|\n|t:|1781415966\n|move|p1a: Drednaw|Liquidation|p2a: Lugia\n|-damage|p2a: Lugia|0 fnt\n|faint|p2a: Lugia\n|\n|upkeep\n|\n|t:|1781415970\n|switch|p2a: Basculegion|Basculegion, L80, M|323/323\n|-damage|p2a: Basculegion|283/323|[from] Stealth Rock\n|turn|25\n|\n|t:|1781415979\n|move|p2a: Basculegion|Aqua Jet|p1a: Drednaw\n|-damage|p1a: Drednaw|0 fnt\n|faint|p1a: Drednaw\n|\n|upkeep\n|\n|t:|1781415988\n|switch|p1a: Squawkabilly|Squawkabilly, L85, M|278/278\n|turn|26\n|\n|t:|1781415994\n|move|p1a: Squawkabilly|Protect|p1a: Squawkabilly\n|-singleturn|p1a: Squawkabilly|Protect\n|move|p2a: Basculegion|Wave Crash|p1a: Squawkabilly\n|-activate|p1a: Squawkabilly|move: Protect\n|\n|-status|p1a: Squawkabilly|brn|[from] item: Flame Orb\n|upkeep\n|turn|27\n|\n|t:|1781416004\n|move|p1a: Squawkabilly|Brave Bird|p2a: Basculegion\n|-damage|p2a: Basculegion|25/323\n|-damage|p1a: Squawkabilly|193/278 brn|[from] Recoil\n|move|p2a: Basculegion|Wave Crash|p1a: Squawkabilly\n|-damage|p1a: Squawkabilly|0 fnt\n|faint|p1a: Squawkabilly\n|-damage|p2a: Basculegion|0 fnt|[from] Recoil\n|faint|p2a: Basculegion\n|\n|upkeep\n|\n|t:|1781416013\n|switch|p1a: Scovillain|Scovillain, L91, F|99/266\n|switch|p2a: Primarina|Primarina, L83, M, tera:Fairy|194/268\n|-damage|p2a: Primarina|161/268|[from] Stealth Rock\n|turn|28\n|\n|t:|1781416026\n|move|p1a: Scovillain|Leech Seed|p2a: Primarina\n|-start|p2a: Primarina|move: Leech Seed\n|move|p2a: Primarina|Sparkling Aria|p1a: Scovillain\n|-damage|p1a: Scovillain|0 fnt\n|faint|p1a: Scovillain\n|\n|-heal|p2a: Primarina|177/268|[from] item: Leftovers\n|upkeep\n|\n|t:|1781416029\n|switch|p1a: Cyclizar|Cyclizar, L83, M|86/252 brn\n|turn|29\n|\n|t:|1781416035\n|-terastallize|p1a: Cyclizar|Steel\n|move|p1a: Cyclizar|Rapid Spin|p2a: Primarina\n|-damage|p2a: Primarina|148/268\n|-boost|p1a: Cyclizar|spe|1\n|move|p2a: Primarina|Draining Kiss|p1a: Cyclizar\n|-resisted|p1a: Cyclizar\n|-damage|p1a: Cyclizar|20/252 brn\n|-heal|p2a: Primarina|198/268|[from] drain|[of] p1a: Cyclizar\n|\n|-heal|p2a: Primarina|214/268|[from] item: Leftovers\n|-damage|p2a: Primarina|181/268|[from] Leech Seed|[of] p1a: Cyclizar\n|-heal|p1a: Cyclizar|53/252 brn|[silent]\n|-damage|p1a: Cyclizar|38/252 brn|[from] brn\n|upkeep\n|turn|30\n|\n|t:|1781416047\n|move|p1a: Cyclizar|Rapid Spin|p2a: Primarina\n|-damage|p2a: Primarina|154/268\n|-boost|p1a: Cyclizar|spe|1\n|move|p2a: Primarina|Sparkling Aria|p1a: Cyclizar\n|-damage|p1a: Cyclizar|0 fnt\n|faint|p1a: Cyclizar\n|\n|win|sonoffin\n", "uploadtime": 1781415654, "views": 5, "formatid": "gen9randombattle", "rating": null, "private": 0, "password": null}