{"id": "gen9randombattle-2631462786", "format": "[Gen 9] Random Battle", "players": ["Typhlosion37", "slightlyartistic"], "log": "|j|\u2606Typhlosion37\n|j|\u2606slightlyartistic\n|t:|1781387725\n|gametype|singles\n|player|p1|Typhlosion37|mira|2004\n|player|p2|slightlyartistic|2|2061\n|gen|9\n|tier|[Gen 9] Random Battle\n|rated|\n|rule|Species Clause: Limit one of each Pok\u00e9mon\n|rule|HP Percentage Mod: HP is shown in percentages\n|rule|Sleep Clause Mod: Limit one foe put to sleep\n|rule|Illusion Level Mod: Illusion disguises the Pok\u00e9mon's true level\n|\n|t:|1781387725\n|teamsize|p1|6\n|teamsize|p2|6\n|start\n|switch|p1a: Maushold|Maushold-Four, L76|238/238\n|switch|p2a: Deoxys|Deoxys-Attack, L72|191/191\n|-ability|p2a: Deoxys|Pressure\n|turn|1\n|c|\u2606Typhlosion37|i dont have a resist to this \ud83d\ude2d\ud83d\ude2d\n|\n|t:|1781387747\n|switch|p1a: Sunflora|Sunflora, M|312/312\n|move|p2a: Deoxys|Superpower|p1a: Sunflora\n|-damage|p1a: Sunflora|160/312\n|-unboost|p2a: Deoxys|atk|1\n|-unboost|p2a: Deoxys|def|1\n|-damage|p2a: Deoxys|172/191|[from] item: Life Orb\n|\n|upkeep\n|turn|2\n|c|\u2606slightlyartistic|bombaclat\n|inactive|Battle timer is ON: inactive players will automatically lose when time's up. (requested by Typhlosion37)\n|\n|t:|1781387757\n|move|p2a: Deoxys|Ice Beam|p1a: Sunflora\n|-supereffective|p1a: Sunflora\n|-damage|p1a: Sunflora|0 fnt\n|faint|p1a: Sunflora\n|-damage|p2a: Deoxys|153/191|[from] item: Life Orb\n|\n|upkeep\n|\n|t:|1781387768\n|switch|p1a: Zekrom|Zekrom, L71|259/259\n|-ability|p1a: Zekrom|Teravolt\n|turn|3\n|\n|t:|1781387779\n|switch|p2a: Chesnaught|Chesnaught, L84, M|285/285\n|move|p1a: Zekrom|Bolt Strike|p2a: Chesnaught\n|-resisted|p2a: Chesnaught\n|-damage|p2a: Chesnaught|227/285\n|\n|-heal|p2a: Chesnaught|244/285|[from] item: Leftovers\n|upkeep\n|turn|4\n|\n|t:|1781387784\n|switch|p1a: Revavroom|Revavroom, L79, F|256/256\n|move|p2a: Chesnaught|Iron Defense|p2a: Chesnaught\n|-boost|p2a: Chesnaught|def|2\n|\n|-heal|p2a: Chesnaught|261/285|[from] item: Leftovers\n|upkeep\n|turn|5\n|\n|t:|1781387790\n|move|p1a: Revavroom|Gunk Shot|p2a: Chesnaught\n|-supereffective|p2a: Chesnaught\n|-crit|p2a: Chesnaught\n|-damage|p2a: Chesnaught|0 fnt\n|faint|p2a: Chesnaught\n|-damage|p1a: Revavroom|231/256|[from] item: Life Orb\n|\n|upkeep\n|\n|t:|1781387801\n|switch|p2a: Slaking|Slaking, L84, M|389/389\n|turn|6\n|\n|t:|1781387813\n|move|p2a: Slaking|Earthquake|p1a: Revavroom\n|-supereffective|p1a: Revavroom\n|-damage|p1a: Revavroom|0 fnt\n|faint|p1a: Revavroom\n|\n|upkeep\n|inactive|Typhlosion37 has 120 seconds left.\n|\n|t:|1781387846\n|switch|p1a: Zekrom|Zekrom, L71|259/259\n|-ability|p1a: Zekrom|Teravolt\n|turn|7\n|\n|t:|1781387856\n|switch|p2a: Zangoose|Zangoose, L85, F|263/263\n|move|p1a: Zekrom|Substitute|p1a: Zekrom\n|-start|p1a: Zekrom|Substitute\n|-damage|p1a: Zekrom|195/259\n|\n|-heal|p1a: Zekrom|211/259|[from] item: Leftovers\n|-status|p2a: Zangoose|tox|[from] item: Toxic Orb\n|upkeep\n|turn|8\n|\n|t:|1781387864\n|move|p2a: Zangoose|Facade|p1a: Zekrom\n|-end|p1a: Zekrom|Substitute\n|move|p1a: Zekrom|Dragon Dance|p1a: Zekrom\n|-boost|p1a: Zekrom|atk|1\n|-boost|p1a: Zekrom|spe|1\n|\n|-heal|p1a: Zekrom|227/259|[from] item: Leftovers\n|-damage|p2a: Zangoose|247/263 tox|[from] psn\n|upkeep\n|turn|9\n|\n|t:|1781387870\n|move|p1a: Zekrom|Bolt Strike|p2a: Zangoose\n|-damage|p2a: Zangoose|0 fnt\n|faint|p2a: Zangoose\n|\n|-heal|p1a: Zekrom|243/259|[from] item: Leftovers\n|upkeep\n|\n|t:|1781387875\n|switch|p2a: Muk|Muk-Alola, L82, M|306/306\n|turn|10\n|\n|t:|1781387881\n|move|p1a: Zekrom|Dragon Dance|p1a: Zekrom\n|-boost|p1a: Zekrom|atk|1\n|-boost|p1a: Zekrom|spe|1\n|move|p2a: Muk|Knock Off|p1a: Zekrom\n|-damage|p1a: Zekrom|140/259\n|-enditem|p1a: Zekrom|Leftovers|[from] move: Knock Off|[of] p2a: Muk\n|\n|upkeep\n|turn|11\n|\n|t:|1781387885\n|move|p1a: Zekrom|Bolt Strike|p2a: Muk\n|-damage|p2a: Muk|0 fnt\n|faint|p2a: Muk\n|\n|upkeep\n|\n|t:|1781387891\n|switch|p2a: Slaking|Slaking, L84, M|389/389\n|turn|12\n|c|\u2606slightlyartistic|oh wait\n|-message|slightlyartistic forfeited.\n|\n|win|Typhlosion37\n", "uploadtime": 1781387727, "views": 5, "formatid": "gen9randombattle", "rating": null, "private": 0, "password": null}