{"id": "gen9randombattle-2631631417", "format": "[Gen 9] Random Battle", "players": ["pktrainerslorv", "moipokemon negra"], "log": "|j|\u2606pktrainerslorv\n|j|\u2606moipokemon negra\n|t:|1781411760\n|gametype|singles\n|player|p1|pktrainerslorv|266|\n|player|p2|moipokemon negra|170|\n|gen|9\n|tier|[Gen 9] Random Battle\n|rule|Species Clause: Limit one of each Pok\u00e9mon\n|rule|HP Percentage Mod: HP is shown in percentages\n|rule|Sleep Clause Mod: Limit one foe put to sleep\n|rule|Illusion Level Mod: Illusion disguises the Pok\u00e9mon's true level\n|\n|t:|1781411760\n|teamsize|p1|6\n|teamsize|p2|6\n|start\n|switch|p1a: Gardevoir|Gardevoir, L83, F|249/249\n|switch|p2a: Volcanion|Volcanion, L79|256/256\n|-ability|p1a: Gardevoir|Water Absorb|Trace|[from] ability: Trace|[of] p2a: Volcanion\n|turn|1\n|\n|t:|1781411793\n|move|p1a: Gardevoir|Psychic|p2a: Volcanion\n|-damage|p2a: Volcanion|78/256\n|move|p2a: Volcanion|Flamethrower|p1a: Gardevoir\n|-damage|p1a: Gardevoir|162/249\n|\n|upkeep\n|turn|2\n|\n|t:|1781411815\n|switch|p2a: Drednaw|Drednaw, L81, F|278/278\n|move|p1a: Gardevoir|Psychic|p2a: Drednaw\n|-damage|p2a: Drednaw|46/278\n|-unboost|p2a: Drednaw|spd|1\n|-enditem|p2a: Drednaw|White Herb\n|-clearnegativeboost|p2a: Drednaw|[silent]\n|\n|upkeep\n|turn|3\n|\n|t:|1781411828\n|move|p1a: Gardevoir|Psychic|p2a: Drednaw\n|-damage|p2a: Drednaw|0 fnt\n|faint|p2a: Drednaw\n|\n|upkeep\n|\n|t:|1781411835\n|switch|p2a: Spiritomb|Spiritomb, L89, M|234/234\n|turn|4\n|j| Lebon77\n|l| Lebon77\n|\n|t:|1781411857\n|switch|p1a: Eiscue|Eiscue, L88, M|274/274\n|move|p2a: Spiritomb|Shadow Sneak|p1a: Eiscue\n|-activate|p1a: Eiscue|ability: Ice Face\n|-damage|p1a: Eiscue|274/274\n|detailschange|p1a: Eiscue|Eiscue-Noice, L88, M\n|\n|upkeep\n|turn|5\n|\n|t:|1781411880\n|switch|p2a: Volcanion|Volcanion, L79|78/256\n|move|p1a: Eiscue|Liquidation|p2a: Volcanion\n|-heal|p2a: Volcanion|142/256|[from] ability: Water Absorb|[of] p1a: Eiscue\n|\n|upkeep\n|turn|6\n|\n|t:|1781411898\n|switch|p1a: Blaziken|Blaziken, L76, F|247/247\n|move|p2a: Volcanion|Flamethrower|p1a: Blaziken\n|-resisted|p1a: Blaziken\n|-damage|p1a: Blaziken|178/247\n|\n|upkeep\n|turn|7\n|\n|t:|1781411908\n|move|p1a: Blaziken|Knock Off|p2a: Volcanion\n|-damage|p2a: Volcanion|74/256\n|-enditem|p2a: Volcanion|Heavy-Duty Boots|[from] move: Knock Off|[of] p1a: Blaziken\n|-damage|p1a: Blaziken|154/247|[from] item: Life Orb\n|move|p2a: Volcanion|Steam Eruption|p1a: Blaziken|[miss]\n|-miss|p2a: Volcanion|p1a: Blaziken\n|\n|-ability|p1a: Blaziken|Speed Boost|boost\n|-boost|p1a: Blaziken|spe|1\n|upkeep\n|turn|8\n|\n|t:|1781411940\n|switch|p2a: Registeel|Registeel, L81|262/262\n|-terastallize|p1a: Blaziken|Dark\n|move|p1a: Blaziken|Swords Dance|p1a: Blaziken\n|-boost|p1a: Blaziken|atk|2\n|\n|-ability|p1a: Blaziken|Speed Boost|boost\n|-boost|p1a: Blaziken|spe|1\n|upkeep\n|turn|9\n|\n|t:|1781411954\n|switch|p2a: Amoonguss|Amoonguss, L82, M|321/321\n|move|p1a: Blaziken|Flare Blitz|p2a: Amoonguss\n|-supereffective|p2a: Amoonguss\n|-damage|p2a: Amoonguss|0 fnt\n|faint|p2a: Amoonguss\n|-damage|p1a: Blaziken|48/247|[from] Recoil\n|-damage|p1a: Blaziken|24/247|[from] item: Life Orb\n|\n|-ability|p1a: Blaziken|Speed Boost|boost\n|-boost|p1a: Blaziken|spe|1\n|upkeep\n|\n|t:|1781411967\n|switch|p2a: Spidops|Spidops, L96, M|271/271\n|turn|10\n|\n|t:|1781411976\n|move|p1a: Blaziken|Knock Off|p2a: Spidops\n|-damage|p2a: Spidops|67/271\n|-enditem|p2a: Spidops|Heavy-Duty Boots|[from] move: Knock Off|[of] p1a: Blaziken\n|-damage|p1a: Blaziken|0 fnt|[from] item: Life Orb\n|faint|p1a: Blaziken\n|move|p2a: Spidops|Toxic Spikes|p1: Blaziken\n|-sidestart|p1: pktrainerslorv|move: Toxic Spikes\n|\n|upkeep\n|\n|t:|1781411988\n|switch|p1a: Archaludon|Archaludon, L78, F|268/268\n|turn|11\n|\n|t:|1781411998\n|-terastallize|p2a: Spidops|Ghost\n|move|p1a: Archaludon|Dragon Tail|p2a: Spidops\n|-damage|p2a: Spidops|19/271\n|drag|p2a: Spiritomb|Spiritomb, L89, M|234/234\n|\n|upkeep\n|turn|12\n|\n|t:|1781412019\n|move|p1a: Archaludon|Flash Cannon|p2a: Spiritomb\n|-damage|p2a: Spiritomb|158/234\n|move|p2a: Spiritomb|Poltergeist|p1a: Archaludon\n|-activate|p1a: Archaludon|move: Poltergeist|Assault Vest\n|-damage|p1a: Archaludon|175/268\n|-ability|p1a: Archaludon|Stamina|boost\n|-boost|p1a: Archaludon|def|1\n|\n|-heal|p2a: Spiritomb|172/234|[from] item: Leftovers\n|upkeep\n|turn|13\n|\n|t:|1781412040\n|move|p1a: Archaludon|Draco Meteor|p2a: Spiritomb\n|-crit|p2a: Spiritomb\n|-damage|p2a: Spiritomb|0 fnt\n|-unboost|p1a: Archaludon|spa|2\n|faint|p2a: Spiritomb\n|\n|upkeep\n|\n|t:|1781412051\n|switch|p2a: Volcanion|Volcanion, L79|74/256\n|turn|14\n|\n|t:|1781412057\n|move|p1a: Archaludon|Draco Meteor|p2a: Volcanion\n|-damage|p2a: Volcanion|0 fnt\n|-unboost|p1a: Archaludon|spa|2\n|faint|p2a: Volcanion\n|\n|upkeep\n|\n|t:|1781412064\n|switch|p2a: Spidops|Spidops, L96, M, tera:Ghost|19/271\n|turn|15\n|\n|t:|1781412073\n|move|p1a: Archaludon|Flash Cannon|p2a: Spidops\n|-damage|p2a: Spidops|0 fnt\n|faint|p2a: Spidops\n|\n|upkeep\n|\n|t:|1781412078\n|switch|p2a: Registeel|Registeel, L81|262/262\n|turn|16\n|\n|t:|1781412085\n|switch|p1a: Probopass|Probopass, L91, M|257/257\n|move|p2a: Registeel|Body Press|p1a: Probopass\n|-supereffective|p1a: Probopass\n|-damage|p1a: Probopass|65/257\n|\n|-heal|p1a: Probopass|81/257|[from] item: Leftovers\n|upkeep\n|turn|17\n|\n|t:|1781412094\n|move|p2a: Registeel|Stealth Rock|p1a: Probopass\n|-sidestart|p1: pktrainerslorv|move: Stealth Rock\n|move|p1a: Probopass|Body Press|p2a: Registeel\n|-supereffective|p2a: Registeel\n|-damage|p2a: Registeel|126/262\n|\n|-heal|p2a: Registeel|142/262|[from] item: Leftovers\n|-heal|p1a: Probopass|97/257|[from] item: Leftovers\n|upkeep\n|turn|18\n|\n|t:|1781412103\n|move|p2a: Registeel|Body Press|p1a: Probopass\n|-supereffective|p1a: Probopass\n|-damage|p1a: Probopass|0 fnt\n|faint|p1a: Probopass\n|\n|-heal|p2a: Registeel|158/262|[from] item: Leftovers\n|upkeep\n|\n|t:|1781412109\n|switch|p1a: Gardevoir|Gardevoir, L83, F|162/249\n|-status|p1a: Gardevoir|psn\n|-damage|p1a: Gardevoir|131/249 psn|[from] Stealth Rock\n|-ability|p1a: Gardevoir|Clear Body|Trace|[from] ability: Trace|[of] p2a: Registeel\n|turn|19\n|\n|t:|1781412120\n|move|p1a: Gardevoir|Mystical Fire|p2a: Registeel\n|-supereffective|p2a: Registeel\n|-damage|p2a: Registeel|24/262\n|move|p2a: Registeel|Body Press|p1a: Gardevoir\n|-resisted|p1a: Gardevoir\n|-damage|p1a: Gardevoir|108/249 psn\n|\n|-heal|p2a: Registeel|40/262|[from] item: Leftovers\n|-damage|p1a: Gardevoir|77/249 psn|[from] psn\n|upkeep\n|turn|20\n|\n|t:|1781412142\n|move|p1a: Gardevoir|Mystical Fire|p2a: Registeel\n|-supereffective|p2a: Registeel\n|-damage|p2a: Registeel|0 fnt\n|faint|p2a: Registeel\n|\n|win|pktrainerslorv\n", "uploadtime": 1781412148, "views": 5, "formatid": "gen9randombattle", "rating": null, "private": 0, "password": null}