{"id": "gen9randombattle-2631959149", "format": "[Gen 9] Random Battle", "players": ["thornikins", "Doragon Daddy"], "log": "|j|\u2606thornikins\n|j|\u2606Doragon Daddy\n|t:|1781460009\n|gametype|singles\n|player|p1|thornikins|harlequin|1243\n|player|p2|Doragon Daddy|drayden|1253\n|gen|9\n|tier|[Gen 9] Random Battle\n|rated|\n|rule|Species Clause: Limit one of each Pok\u00e9mon\n|rule|HP Percentage Mod: HP is shown in percentages\n|rule|Sleep Clause Mod: Limit one foe put to sleep\n|rule|Illusion Level Mod: Illusion disguises the Pok\u00e9mon's true level\n|\n|t:|1781460009\n|teamsize|p1|6\n|teamsize|p2|6\n|start\n|switch|p1a: Chansey|Chansey, L85, F|564/564\n|switch|p2a: Lucario|Lucario, L84, M|255/255\n|turn|1\n|inactive|Battle timer is ON: inactive players will automatically lose when time's up. (requested by Doragon Daddy)\n|\n|t:|1781460036\n|-terastallize|p1a: Chansey|Ghost\n|move|p2a: Lucario|Focus Blast|p1a: Chansey\n|-immune|p1a: Chansey\n|move|p1a: Chansey|Thunder Wave|p2a: Lucario\n|-status|p2a: Lucario|par\n|\n|upkeep\n|turn|2\n|\n|t:|1781460049\n|switch|p2a: Dragapult|Dragapult, L77, M|262/262\n|move|p1a: Chansey|Stealth Rock|p2a: Dragapult\n|-sidestart|p2: Doragon Daddy|move: Stealth Rock\n|\n|upkeep\n|turn|3\n|\n|t:|1781460062\n|switch|p1a: Chien-Pao|Chien-Pao, L72|234/234\n|-ability|p1a: Chien-Pao|Sword of Ruin\n|move|p2a: Dragapult|Dragon Darts|p1a: Chien-Pao\n|-damage|p1a: Chien-Pao|155/234\n|-anim|p2a: Dragapult|Dragon Darts|p1a: Chien-Pao\n|-damage|p1a: Chien-Pao|76/234\n|-damage|p2a: Dragapult|236/262|[from] item: Life Orb\n|\n|upkeep\n|turn|4\n|\n|t:|1781460078\n|move|p1a: Chien-Pao|Ice Shard|p2a: Dragapult\n|-supereffective|p2a: Dragapult\n|-damage|p2a: Dragapult|114/262\n|move|p2a: Dragapult|Dragon Darts|p1a: Chien-Pao\n|-damage|p1a: Chien-Pao|0 fnt\n|faint|p1a: Chien-Pao\n|-damage|p2a: Dragapult|88/262|[from] item: Life Orb\n|\n|upkeep\n|inactive|thornikins has 120 seconds left.\n|\n|t:|1781460101\n|switch|p1a: Baxcalibur|Baxcalibur, L75, M|296/296\n|turn|5\n|inactive|thornikins has 120 seconds left.\n|\n|t:|1781460115\n|move|p2a: Dragapult|Dragon Darts|p1a: Baxcalibur\n|-supereffective|p1a: Baxcalibur\n|-damage|p1a: Baxcalibur|132/296\n|-anim|p2a: Dragapult|Dragon Darts|p1a: Baxcalibur\n|-supereffective|p1a: Baxcalibur\n|-damage|p1a: Baxcalibur|0 fnt\n|faint|p1a: Baxcalibur\n|-damage|p2a: Dragapult|62/262|[from] item: Life Orb\n|\n|upkeep\n|inactive|thornikins has 120 seconds left.\n|\n|t:|1781460125\n|switch|p1a: Dragonite|Dragonite, L74, M|257/257\n|turn|6\n|\n|t:|1781460130\n|move|p2a: Dragapult|Dragon Darts|p1a: Dragonite\n|-supereffective|p1a: Dragonite\n|-crit|p1a: Dragonite\n|-damage|p1a: Dragonite|154/257\n|-anim|p2a: Dragapult|Dragon Darts|p1a: Dragonite\n|-supereffective|p1a: Dragonite\n|-damage|p1a: Dragonite|0 fnt\n|faint|p1a: Dragonite\n|-damage|p2a: Dragapult|36/262|[from] item: Life Orb\n|\n|upkeep\n|inactive|thornikins has 120 seconds left.\n|c|\u2606Doragon Daddy|Dragapult my goat?!\n|inactive|thornikins has 90 seconds left.\n|inactive|thornikins has 60 seconds left.\n|inactive|thornikins has 30 seconds left.\n|inactive|thornikins has 20 seconds left.\n|inactive|thornikins has 15 seconds left.\n|inactive|thornikins has 10 seconds left.\n|c|\u2606Doragon Daddy|Lame\n|inactive|thornikins has 5 seconds left.\n|-message|thornikins lost due to inactivity.\n|\n|win|Doragon Daddy\n|raw|thornikins's rating: 1243 &rarr; <strong>1219</strong><br />(-24 for losing)\n|raw|Doragon Daddy's rating: 1253 &rarr; <strong>1277</strong><br />(+24 for winning)\n|c|\u2606Doragon Daddy|gg\n|c|\u2606Doragon Daddy|I guess\n", "uploadtime": 1781460289, "views": 4, "formatid": "gen9randombattle", "rating": 1219, "private": 0, "password": null}