{"id": "gen9randombattle-2631375058", "format": "[Gen 9] Random Battle", "players": ["Harvester", "LeandroBed2008"], "log": "|j|\u2606Harvester\n|j|\u2606LeandroBed2008\n|t:|1781377210\n|gametype|singles\n|player|p1|Harvester|1|2016\n|player|p2|LeandroBed2008|169|2058\n|gen|9\n|tier|[Gen 9] Random Battle\n|rated|\n|rule|Species Clause: Limit one of each Pok\u00e9mon\n|rule|HP Percentage Mod: HP is shown in percentages\n|rule|Sleep Clause Mod: Limit one foe put to sleep\n|rule|Illusion Level Mod: Illusion disguises the Pok\u00e9mon's true level\n|\n|t:|1781377210\n|teamsize|p1|6\n|teamsize|p2|6\n|start\n|switch|p1a: Raikou|Raikou, L81|278/278\n|switch|p2a: Electrode|Electrode-Hisui, L87|246/246\n|-ability|p1a: Raikou|Pressure\n|turn|1\n|\n|t:|1781377240\n|switch|p1a: Chien-Pao|Chien-Pao, L72|234/234\n|-ability|p1a: Chien-Pao|Sword of Ruin\n|move|p2a: Electrode|Taunt|p1a: Chien-Pao\n|-start|p1a: Chien-Pao|move: Taunt\n|\n|upkeep\n|turn|2\n|\n|t:|1781377253\n|move|p2a: Electrode|Volt Switch|p1a: Chien-Pao\n|-damage|p1a: Chien-Pao|116/234\n|-damage|p2a: Electrode|222/246|[from] item: Life Orb\n|\n|t:|1781377265\n|switch|p2a: Cinderace|Cinderace, L77, M|250/250|[from] Volt Switch\n|move|p1a: Chien-Pao|Icicle Crash|p2a: Cinderace\n|-resisted|p2a: Cinderace\n|-damage|p2a: Cinderace|157/250\n|\n|upkeep\n|turn|3\n|\n|t:|1781377283\n|switch|p1a: Raikou|Raikou, L81|278/278\n|-ability|p1a: Raikou|Pressure\n|move|p2a: Cinderace|U-turn|p1a: Raikou\n|-start|p2a: Cinderace|typechange|Bug|[from] ability: Libero\n|-damage|p1a: Raikou|194/278\n|\n|t:|1781377299\n|switch|p2a: Hariyama|Hariyama, L87, M|392/392|[from] U-turn\n|\n|-heal|p1a: Raikou|211/278|[from] item: Leftovers\n|-status|p2a: Hariyama|brn|[from] item: Flame Orb\n|upkeep\n|turn|4\n|\n|t:|1781377307\n|move|p1a: Raikou|Substitute|p1a: Raikou\n|-start|p1a: Raikou|Substitute\n|-damage|p1a: Raikou|142/278\n|move|p2a: Hariyama|Facade|p1a: Raikou\n|-end|p1a: Raikou|Substitute\n|\n|-heal|p1a: Raikou|159/278|[from] item: Leftovers\n|-damage|p2a: Hariyama|368/392 brn|[from] brn\n|upkeep\n|turn|5\n|\n|t:|1781377317\n|move|p1a: Raikou|Substitute|p1a: Raikou\n|-start|p1a: Raikou|Substitute\n|-damage|p1a: Raikou|90/278\n|move|p2a: Hariyama|Facade|p1a: Raikou\n|-end|p1a: Raikou|Substitute\n|\n|-heal|p1a: Raikou|107/278|[from] item: Leftovers\n|-damage|p2a: Hariyama|344/392 brn|[from] brn\n|upkeep\n|turn|6\n|\n|t:|1781377331\n|move|p1a: Raikou|Substitute|p1a: Raikou\n|-start|p1a: Raikou|Substitute\n|-damage|p1a: Raikou|38/278\n|move|p2a: Hariyama|Facade|p1a: Raikou\n|-end|p1a: Raikou|Substitute\n|\n|-heal|p1a: Raikou|55/278|[from] item: Leftovers\n|-damage|p2a: Hariyama|320/392 brn|[from] brn\n|upkeep\n|turn|7\n|\n|t:|1781377341\n|switch|p1a: Misdreavus|Misdreavus, L90, F|254/254\n|move|p2a: Hariyama|Facade|p1a: Misdreavus\n|-immune|p1a: Misdreavus\n|\n|-damage|p2a: Hariyama|296/392 brn|[from] brn\n|upkeep\n|turn|8\n|\n|t:|1781377350\n|switch|p1a: Chien-Pao|Chien-Pao, L72|116/234\n|-ability|p1a: Chien-Pao|Sword of Ruin\n|move|p2a: Hariyama|Knock Off|p1a: Chien-Pao\n|-resisted|p1a: Chien-Pao\n|-damage|p1a: Chien-Pao|30/234\n|-enditem|p1a: Chien-Pao|Choice Band|[from] move: Knock Off|[of] p2a: Hariyama\n|\n|-damage|p2a: Hariyama|272/392 brn|[from] brn\n|upkeep\n|turn|9\n|\n|t:|1781377363\n|move|p1a: Chien-Pao|Icicle Crash|p2a: Hariyama\n|-damage|p2a: Hariyama|145/392 brn\n|move|p2a: Hariyama|Knock Off|p1a: Chien-Pao\n|-resisted|p1a: Chien-Pao\n|-damage|p1a: Chien-Pao|0 fnt\n|faint|p1a: Chien-Pao\n|\n|-damage|p2a: Hariyama|121/392 brn|[from] brn\n|upkeep\n|\n|t:|1781377373\n|switch|p1a: Misdreavus|Misdreavus, L90, F|254/254\n|turn|10\n|\n|t:|1781377377\n|move|p1a: Misdreavus|Draining Kiss|p2a: Hariyama\n|-supereffective|p2a: Hariyama\n|-damage|p2a: Hariyama|23/392 brn\n|move|p2a: Hariyama|Knock Off|p1a: Misdreavus\n|-supereffective|p1a: Misdreavus\n|-damage|p1a: Misdreavus|42/254\n|-enditem|p1a: Misdreavus|Eviolite|[from] move: Knock Off|[of] p2a: Hariyama\n|\n|-damage|p2a: Hariyama|0 fnt|[from] brn\n|faint|p2a: Hariyama\n|upkeep\n|\n|t:|1781377380\n|switch|p2a: Cinderace|Cinderace, L77, M|157/250\n|turn|11\n|\n|t:|1781377390\n|move|p2a: Cinderace|Pyro Ball|p1a: Misdreavus\n|-damage|p1a: Misdreavus|0 fnt\n|faint|p1a: Misdreavus\n|\n|upkeep\n|\n|t:|1781377397\n|switch|p1a: Iron Thorns|Iron Thorns, L83|302/302\n|-enditem|p1a: Iron Thorns|Booster Energy\n|-activate|p1a: Iron Thorns|ability: Quark Drive|[fromitem]\n|-start|p1a: Iron Thorns|quarkdriveatk\n|turn|12\n|\n|t:|1781377402\n|move|p2a: Cinderace|Will-O-Wisp|p1a: Iron Thorns|[miss]\n|-miss|p2a: Cinderace|p1a: Iron Thorns\n|move|p1a: Iron Thorns|Dragon Dance|p1a: Iron Thorns\n|-boost|p1a: Iron Thorns|atk|1\n|-boost|p1a: Iron Thorns|spe|1\n|\n|upkeep\n|turn|13\n|\n|t:|1781377410\n|move|p1a: Iron Thorns|Stone Edge|p2a: Cinderace\n|-supereffective|p2a: Cinderace\n|-damage|p2a: Cinderace|0 fnt\n|faint|p2a: Cinderace\n|\n|upkeep\n|\n|t:|1781377415\n|switch|p2a: Goodra|Goodra-Hisui, L82, M|265/265\n|turn|14\n|\n|t:|1781377421\n|-terastallize|p2a: Goodra|Flying\n|move|p1a: Iron Thorns|Ice Punch|p2a: Goodra\n|-supereffective|p2a: Goodra\n|-damage|p2a: Goodra|21/265\n|move|p2a: Goodra|Dragon Tail|p1a: Iron Thorns\n|-damage|p1a: Iron Thorns|250/302\n|-end|p1a: Iron Thorns|Quark Drive|[silent]\n|drag|p1a: Raikou|Raikou, L81|55/278\n|-ability|p1a: Raikou|Pressure\n|\n|-heal|p1a: Raikou|72/278|[from] item: Leftovers\n|upkeep\n|turn|15\n|\n|t:|1781377435\n|switch|p2a: Electrode|Electrode-Hisui, L87|222/246\n|move|p1a: Raikou|Thunderbolt|p2a: Electrode\n|-resisted|p2a: Electrode\n|-damage|p2a: Electrode|196/246\n|\n|-heal|p1a: Raikou|89/278|[from] item: Leftovers\n|upkeep\n|turn|16\n|\n|t:|1781377446\n|move|p2a: Electrode|Giga Drain|p1a: Raikou\n|-damage|p1a: Raikou|7/278\n|-heal|p2a: Electrode|237/246|[from] drain|[of] p1a: Raikou\n|-damage|p2a: Electrode|213/246|[from] item: Life Orb\n|move|p1a: Raikou|Scald|p2a: Electrode\n|-resisted|p2a: Electrode\n|-damage|p2a: Electrode|181/246\n|\n|-heal|p1a: Raikou|24/278|[from] item: Leftovers\n|upkeep\n|turn|17\n|\n|t:|1781377456\n|move|p2a: Electrode|Giga Drain|p1a: Raikou\n|-damage|p1a: Raikou|0 fnt\n|-heal|p2a: Electrode|193/246|[from] drain|[of] p1a: Raikou\n|faint|p1a: Raikou\n|-damage|p2a: Electrode|169/246|[from] item: Life Orb\n|\n|upkeep\n|\n|t:|1781377464\n|switch|p1a: Slither Wing|Slither Wing, L81|270/270\n|-enditem|p1a: Slither Wing|Booster Energy\n|-activate|p1a: Slither Wing|ability: Protosynthesis|[fromitem]\n|-start|p1a: Slither Wing|protosynthesisatk\n|turn|18\n|\n|t:|1781377469\n|move|p2a: Electrode|Volt Switch|p1a: Slither Wing\n|-damage|p1a: Slither Wing|188/270\n|-damage|p2a: Electrode|145/246|[from] item: Life Orb\n|\n|t:|1781377471\n|switch|p2a: Goodra|Goodra-Hisui, L82, M, tera:Flying|21/265|[from] Volt Switch\n|move|p1a: Slither Wing|Bulk Up|p1a: Slither Wing\n|-boost|p1a: Slither Wing|atk|1\n|-boost|p1a: Slither Wing|def|1\n|\n|upkeep\n|turn|19\n|\n|t:|1781377482\n|move|p1a: Slither Wing|Acrobatics|p2a: Goodra\n|-damage|p2a: Goodra|0 fnt\n|faint|p2a: Goodra\n|\n|upkeep\n|\n|t:|1781377486\n|switch|p2a: Ogerpon|Ogerpon-Hearthflame, L74, F|239/239\n|-ability|p2a: Ogerpon|Mold Breaker\n|turn|20\n|\n|t:|1781377500\n|move|p2a: Ogerpon|Ivy Cudgel|p1a: Slither Wing|[anim] Ivy Cudgel Fire\n|-supereffective|p1a: Slither Wing\n|-damage|p1a: Slither Wing|14/270\n|move|p1a: Slither Wing|Acrobatics|p2a: Ogerpon\n|-supereffective|p2a: Ogerpon\n|-damage|p2a: Ogerpon|0 fnt\n|faint|p2a: Ogerpon\n|\n|upkeep\n|\n|t:|1781377507\n|switch|p2a: Electrode|Electrode-Hisui, L87|145/246\n|turn|21\n|\n|t:|1781377511\n|move|p2a: Electrode|Giga Drain|p1a: Slither Wing\n|-resisted|p1a: Slither Wing\n|-damage|p1a: Slither Wing|0 fnt\n|-heal|p2a: Electrode|152/246|[from] drain|[of] p1a: Slither Wing\n|faint|p1a: Slither Wing\n|-end|p1a: Slither Wing|Protosynthesis|[silent]\n|-damage|p2a: Electrode|128/246|[from] item: Life Orb\n|\n|upkeep\n|\n|t:|1781377524\n|switch|p1a: Iron Thorns|Iron Thorns, L83|250/302\n|turn|22\n|\n|t:|1781377529\n|move|p2a: Electrode|Giga Drain|p1a: Iron Thorns\n|-supereffective|p1a: Iron Thorns\n|-damage|p1a: Iron Thorns|52/302\n|-heal|p2a: Electrode|227/246|[from] drain|[of] p1a: Iron Thorns\n|-damage|p2a: Electrode|203/246|[from] item: Life Orb\n|move|p1a: Iron Thorns|Ice Punch|p2a: Electrode\n|-supereffective|p2a: Electrode\n|-damage|p2a: Electrode|53/246\n|-status|p2a: Electrode|frz\n|\n|upkeep\n|turn|23\n|\n|t:|1781377540\n|cant|p2a: Electrode|frz\n|move|p1a: Iron Thorns|Dragon Dance|p1a: Iron Thorns\n|-boost|p1a: Iron Thorns|atk|1\n|-boost|p1a: Iron Thorns|spe|1\n|\n|upkeep\n|turn|24\n|\n|t:|1781377545\n|-curestatus|p2a: Electrode|frz|[msg]\n|move|p2a: Electrode|Giga Drain|p1a: Iron Thorns\n|-supereffective|p1a: Iron Thorns\n|-damage|p1a: Iron Thorns|0 fnt\n|-heal|p2a: Electrode|79/246|[from] drain|[of] p1a: Iron Thorns\n|faint|p1a: Iron Thorns\n|-end|p1a: Iron Thorns|Quark Drive|[silent]\n|-damage|p2a: Electrode|55/246|[from] item: Life Orb\n|\n|upkeep\n|inactive|Battle timer is ON: inactive players will automatically lose when time's up. (requested by Harvester)\n|\n|t:|1781377554\n|switch|p1a: Bronzong|Bronzong, L88|261/261\n|turn|25\n|\n|t:|1781377559\n|move|p2a: Electrode|Taunt|p1a: Bronzong\n|-start|p1a: Bronzong|move: Taunt\n|move|p1a: Bronzong|Psychic Noise|p2a: Electrode\n|-damage|p2a: Electrode|0 fnt\n|faint|p2a: Electrode\n|\n|upkeep\n|\n|t:|1781377561\n|switch|p2a: Gyarados|Gyarados, L79, M|280/280\n|turn|26\n|\n|t:|1781377572\n|move|p2a: Gyarados|Dragon Dance|p2a: Gyarados\n|-boost|p2a: Gyarados|atk|1\n|-boost|p2a: Gyarados|spe|1\n|move|p1a: Bronzong|Psychic Noise|p2a: Gyarados\n|-damage|p2a: Gyarados|210/280\n|-start|p2a: Gyarados|move: Heal Block\n|\n|upkeep\n|turn|27\n|\n|t:|1781377587\n|move|p2a: Gyarados|Waterfall|p1a: Bronzong\n|-damage|p1a: Bronzong|164/261\n|move|p1a: Bronzong|Psychic Noise|p2a: Gyarados\n|-damage|p2a: Gyarados|131/280\n|\n|-end|p1a: Bronzong|move: Taunt\n|-end|p2a: Gyarados|move: Heal Block\n|upkeep\n|turn|28\n|\n|t:|1781377602\n|move|p2a: Gyarados|Temper Flare|p1a: Bronzong\n|-supereffective|p1a: Bronzong\n|-damage|p1a: Bronzong|32/261\n|move|p1a: Bronzong|Rest|p1a: Bronzong\n|-status|p1a: Bronzong|slp|[from] move: Rest\n|-heal|p1a: Bronzong|261/261 slp|[silent]\n|-enditem|p1a: Bronzong|Chesto Berry|[eat]\n|-curestatus|p1a: Bronzong|slp|[msg]\n|\n|upkeep\n|turn|29\n|inactive|Harvester has 120 seconds left.\n|\n|t:|1781377627\n|-terastallize|p1a: Bronzong|Fighting\n|move|p2a: Gyarados|Temper Flare|p1a: Bronzong\n|-damage|p1a: Bronzong|197/261\n|move|p1a: Bronzong|Iron Defense|p1a: Bronzong\n|-boost|p1a: Bronzong|def|2\n|\n|upkeep\n|turn|30\n|\n|t:|1781377637\n|move|p2a: Gyarados|Waterfall|p1a: Bronzong\n|-damage|p1a: Bronzong|146/261\n|move|p1a: Bronzong|Iron Defense|p1a: Bronzong\n|-boost|p1a: Bronzong|def|2\n|\n|upkeep\n|turn|31\n|\n|t:|1781377643\n|move|p2a: Gyarados|Waterfall|p1a: Bronzong\n|-damage|p1a: Bronzong|110/261\n|move|p1a: Bronzong|Body Press|p2a: Gyarados\n|-resisted|p2a: Gyarados\n|-damage|p2a: Gyarados|0 fnt\n|faint|p2a: Gyarados\n|\n|win|Harvester\n", "uploadtime": 1781377212, "views": 6, "formatid": "gen9randombattle", "rating": null, "private": 0, "password": null}