{"id": "gen9randombattle-2631862814", "format": "[Gen 9] Random Battle", "players": ["l'ingegnere", "ZannaBianca99"], "log": "|j|\u2606l'ingegnere\n|j|\u2606ZannaBianca99\n|t:|1781449442\n|gametype|singles\n|player|p1|l'ingegnere|scientist-gen4|1954\n|player|p2|ZannaBianca99|102|2046\n|gen|9\n|tier|[Gen 9] Random Battle\n|rated|\n|rule|Species Clause: Limit one of each Pok\u00e9mon\n|rule|HP Percentage Mod: HP is shown in percentages\n|rule|Sleep Clause Mod: Limit one foe put to sleep\n|rule|Illusion Level Mod: Illusion disguises the Pok\u00e9mon's true level\n|\n|t:|1781449442\n|teamsize|p1|6\n|teamsize|p2|6\n|start\n|switch|p1a: Glimmora|Glimmora, L75, M|248/248\n|switch|p2a: Arbok|Arbok, L87, M|246/246\n|-ability|p2a: Arbok|Intimidate|boost\n|-unboost|p1a: Glimmora|atk|1\n|turn|1\n|inactive|Battle timer is ON: inactive players will automatically lose when time's up. (requested by l'ingegnere)\n|\n|t:|1781449451\n|switch|p1a: Wyrdeer|Wyrdeer, L87, F|321/321\n|-ability|p1a: Wyrdeer|Intimidate|boost\n|-unboost|p2a: Arbok|atk|1\n|move|p2a: Arbok|Coil|p2a: Arbok\n|-boost|p2a: Arbok|atk|1\n|-boost|p2a: Arbok|def|1\n|-boost|p2a: Arbok|accuracy|1\n|\n|upkeep\n|turn|2\n|\n|t:|1781449461\n|switch|p2a: Glalie|Glalie, L96, M|309/309\n|move|p1a: Wyrdeer|Thunder Wave|p2a: Glalie\n|-status|p2a: Glalie|par\n|\n|upkeep\n|turn|3\n|\n|t:|1781449473\n|switch|p1a: Emboar|Emboar, L84, F|322/322\n|cant|p2a: Glalie|par\n|\n|upkeep\n|turn|4\n|\n|t:|1781449483\n|switch|p2a: Arbok|Arbok, L87, M|246/246\n|-ability|p2a: Arbok|Intimidate|boost\n|-unboost|p1a: Emboar|atk|1\n|move|p1a: Emboar|Knock Off|p2a: Arbok\n|-damage|p2a: Arbok|181/246\n|-enditem|p2a: Arbok|Leftovers|[from] move: Knock Off|[of] p1a: Emboar\n|\n|upkeep\n|turn|5\n|\n|t:|1781449489\n|switch|p1a: Wyrdeer|Wyrdeer, L87, F|321/321\n|-ability|p1a: Wyrdeer|Intimidate|boost\n|-unboost|p2a: Arbok|atk|1\n|move|p2a: Arbok|Gunk Shot|p1a: Wyrdeer\n|-damage|p1a: Wyrdeer|218/321\n|\n|-heal|p1a: Wyrdeer|238/321|[from] item: Leftovers\n|upkeep\n|turn|6\n|\n|t:|1781449497\n|switch|p2a: Glalie|Glalie, L96, M|309/309 par\n|move|p1a: Wyrdeer|Body Slam|p2a: Glalie\n|-damage|p2a: Glalie|210/309 par\n|\n|-heal|p1a: Wyrdeer|258/321|[from] item: Leftovers\n|upkeep\n|turn|7\n|\n|t:|1781449501\n|switch|p1a: Emboar|Emboar, L84, F|322/322\n|move|p2a: Glalie|Spikes|p1a: Emboar\n|-sidestart|p1: l'ingegnere|Spikes\n|\n|upkeep\n|turn|8\n|\n|t:|1781449506\n|switch|p2a: Arbok|Arbok, L87, M|181/246\n|-ability|p2a: Arbok|Intimidate|boost\n|-unboost|p1a: Emboar|atk|1\n|move|p1a: Emboar|Flare Blitz|p2a: Arbok\n|-damage|p2a: Arbok|40/246\n|-damage|p1a: Emboar|275/322|[from] Recoil\n|\n|upkeep\n|turn|9\n|\n|t:|1781449512\n|switch|p1a: Wyrdeer|Wyrdeer, L87, F|258/321\n|-damage|p1a: Wyrdeer|218/321|[from] Spikes\n|-ability|p1a: Wyrdeer|Intimidate|boost\n|-unboost|p2a: Arbok|atk|1\n|move|p2a: Arbok|Earthquake|p1a: Wyrdeer\n|-damage|p1a: Wyrdeer|161/321\n|\n|-heal|p1a: Wyrdeer|181/321|[from] item: Leftovers\n|upkeep\n|turn|10\n|\n|t:|1781449522\n|move|p2a: Arbok|Gunk Shot|p1a: Wyrdeer\n|-damage|p1a: Wyrdeer|82/321\n|move|p1a: Wyrdeer|Body Slam|p2a: Arbok\n|-damage|p2a: Arbok|0 fnt\n|faint|p2a: Arbok\n|\n|-heal|p1a: Wyrdeer|102/321|[from] item: Leftovers\n|upkeep\n|\n|t:|1781449530\n|switch|p2a: Venomoth|Venomoth, L84, F|255/255\n|turn|11\n|\n|t:|1781449534\n|move|p2a: Venomoth|Bug Buzz|p1a: Wyrdeer\n|-supereffective|p1a: Wyrdeer\n|-damage|p1a: Wyrdeer|0 fnt\n|faint|p1a: Wyrdeer\n|\n|upkeep\n|\n|t:|1781449542\n|switch|p1a: Emboar|Emboar, L84, F|275/322\n|-damage|p1a: Emboar|235/322|[from] Spikes\n|turn|12\n|\n|t:|1781449549\n|switch|p2a: Sylveon|Sylveon, L85, M|300/300\n|move|p1a: Emboar|Flare Blitz|p2a: Sylveon\n|-damage|p2a: Sylveon|77/300\n|-damage|p1a: Emboar|161/322|[from] Recoil\n|\n|-heal|p2a: Sylveon|95/300|[from] item: Leftovers\n|upkeep\n|turn|13\n|\n|t:|1781449557\n|move|p1a: Emboar|Flare Blitz|p2a: Sylveon\n|-crit|p2a: Sylveon\n|-damage|p2a: Sylveon|0 fnt\n|faint|p2a: Sylveon\n|-damage|p1a: Emboar|130/322|[from] Recoil\n|\n|upkeep\n|\n|t:|1781449560\n|switch|p2a: Banette|Banette, L93, M|270/270\n|turn|14\n|\n|t:|1781449566\n|move|p2a: Banette|Poltergeist|p1a: Emboar|[miss]\n|-miss|p2a: Banette|p1a: Emboar\n|move|p1a: Emboar|Flare Blitz|p2a: Banette\n|-damage|p2a: Banette|81/270\n|-damage|p1a: Emboar|68/322|[from] Recoil\n|\n|upkeep\n|turn|15\n|\n|t:|1781449569\n|move|p2a: Banette|Poltergeist|p1a: Emboar\n|-activate|p1a: Emboar|move: Poltergeist|Assault Vest\n|-damage|p1a: Emboar|0 fnt\n|faint|p1a: Emboar\n|-damage|p2a: Banette|54/270|[from] item: Life Orb\n|\n|upkeep\n|\n|t:|1781449577\n|switch|p1a: Glimmora|Glimmora, L75, M|248/248\n|-damage|p1a: Glimmora|217/248|[from] Spikes\n|turn|16\n|\n|t:|1781449582\n|move|p2a: Banette|Poltergeist|p1a: Glimmora\n|-activate|p1a: Glimmora|move: Poltergeist|Assault Vest\n|-damage|p1a: Glimmora|0 fnt\n|-activate|p1a: Glimmora|ability: Toxic Debris\n|-sidestart|p2: ZannaBianca99|move: Toxic Spikes\n|faint|p1a: Glimmora\n|-damage|p2a: Banette|27/270|[from] item: Life Orb\n|\n|upkeep\n|\n|t:|1781449593\n|switch|p1a: Iron Valiant|Iron Valiant, L78|244/244\n|-damage|p1a: Iron Valiant|214/244|[from] Spikes\n|turn|17\n|\n|t:|1781449602\n|move|p1a: Iron Valiant|Knock Off|p2a: Banette\n|-supereffective|p2a: Banette\n|-damage|p2a: Banette|0 fnt\n|-enditem|p2a: Banette|Life Orb|[from] move: Knock Off|[of] p1a: Iron Valiant\n|faint|p2a: Banette\n|-damage|p1a: Iron Valiant|190/244|[from] item: Life Orb\n|\n|upkeep\n|\n|t:|1781449605\n|switch|p2a: Venomoth|Venomoth, L84, F|255/255\n|-sideend|p2: ZannaBianca99|move: Toxic Spikes|[of] p2a: Venomoth\n|turn|18\n|\n|t:|1781449620\n|-terastallize|p1a: Iron Valiant|Steel\n|move|p1a: Iron Valiant|Knock Off|p2a: Venomoth\n|-damage|p2a: Venomoth|126/255\n|-enditem|p2a: Venomoth|Heavy-Duty Boots|[from] move: Knock Off|[of] p1a: Iron Valiant\n|-damage|p1a: Iron Valiant|166/244|[from] item: Life Orb\n|move|p2a: Venomoth|Quiver Dance|p2a: Venomoth\n|-boost|p2a: Venomoth|spa|1\n|-boost|p2a: Venomoth|spd|1\n|-boost|p2a: Venomoth|spe|1\n|\n|upkeep\n|turn|19\n|\n|t:|1781449631\n|move|p2a: Venomoth|Bug Buzz|p1a: Iron Valiant\n|-resisted|p1a: Iron Valiant\n|-damage|p1a: Iron Valiant|0 fnt\n|faint|p1a: Iron Valiant\n|-end|p1a: Iron Valiant|Quark Drive|[silent]\n|\n|upkeep\n|\n|t:|1781449635\n|switch|p1a: Zekrom|Zekrom, L71|259/259\n|-damage|p1a: Zekrom|227/259|[from] Spikes\n|-ability|p1a: Zekrom|Teravolt\n|turn|20\n|\n|t:|1781449639\n|move|p2a: Venomoth|Sleep Powder|p1a: Zekrom|[miss]\n|-miss|p2a: Venomoth|p1a: Zekrom\n|move|p1a: Zekrom|Bolt Strike|p2a: Venomoth\n|-damage|p2a: Venomoth|0 fnt\n|faint|p2a: Venomoth\n|\n|-heal|p1a: Zekrom|243/259|[from] item: Leftovers\n|upkeep\n|\n|t:|1781449642\n|switch|p2a: Cetitan|Cetitan, L82, F|413/413\n|turn|21\n|\n|t:|1781449651\n|move|p1a: Zekrom|Outrage|p2a: Cetitan\n|-damage|p2a: Cetitan|251/413\n|move|p2a: Cetitan|Icicle Crash|p1a: Zekrom\n|-supereffective|p1a: Zekrom\n|-damage|p1a: Zekrom|0 fnt\n|faint|p1a: Zekrom\n|\n|upkeep\n|\n|t:|1781449657\n|switch|p1a: Iron Leaves|Iron Leaves, L80|275/275\n|-damage|p1a: Iron Leaves|241/275|[from] Spikes\n|turn|22\n|\n|t:|1781449663\n|move|p2a: Cetitan|Ice Shard|p1a: Iron Leaves\n|-supereffective|p1a: Iron Leaves\n|-damage|p1a: Iron Leaves|124/275\n|-damage|p2a: Cetitan|210/413|[from] item: Life Orb\n|move|p1a: Iron Leaves|Close Combat|p2a: Cetitan\n|-supereffective|p2a: Cetitan\n|-damage|p2a: Cetitan|0 fnt\n|-unboost|p1a: Iron Leaves|def|1\n|-unboost|p1a: Iron Leaves|spd|1\n|faint|p2a: Cetitan\n|\n|upkeep\n|\n|t:|1781449666\n|switch|p2a: Glalie|Glalie, L96, M|210/309 par\n|turn|23\n|\n|t:|1781449667\n|-terastallize|p2a: Glalie|Water\n|move|p1a: Iron Leaves|Close Combat|p2a: Glalie\n|-damage|p2a: Glalie|72/309 par\n|-unboost|p1a: Iron Leaves|def|1\n|-unboost|p1a: Iron Leaves|spd|1\n|move|p2a: Glalie|Freeze-Dry|p1a: Iron Leaves\n|-supereffective|p1a: Iron Leaves\n|-damage|p1a: Iron Leaves|0 fnt\n|faint|p1a: Iron Leaves\n|-end|p1a: Iron Leaves|Quark Drive|[silent]\n|\n|win|ZannaBianca99\n", "uploadtime": 1781449444, "views": 4, "formatid": "gen9randombattle", "rating": null, "private": 0, "password": null}