{"id": "gen9randombattle-2631584944", "format": "[Gen 9] Random Battle", "players": ["Pororocaalien", "JayCroc"], "log": "|j|\u2606Pororocaalien\n|j|\u2606JayCroc\n|t:|1781404762\n|gametype|singles\n|player|p1|Pororocaalien|yellow|2006\n|player|p2|JayCroc|ivor|1962\n|gen|9\n|tier|[Gen 9] Random Battle\n|rated|\n|rule|Species Clause: Limit one of each Pok\u00e9mon\n|rule|HP Percentage Mod: HP is shown in percentages\n|rule|Sleep Clause Mod: Limit one foe put to sleep\n|rule|Illusion Level Mod: Illusion disguises the Pok\u00e9mon's true level\n|\n|t:|1781404762\n|teamsize|p1|6\n|teamsize|p2|6\n|start\n|switch|p1a: Gouging Fire|Gouging Fire, L74|277/277\n|switch|p2a: Frosmoth|Frosmoth, L82, M|249/249\n|turn|1\n|inactive|Battle timer is ON: inactive players will automatically lose when time's up. (requested by Pororocaalien)\n|\n|t:|1781404782\n|switch|p2a: Quagsire|Quagsire, L84, M|297/297\n|move|p1a: Gouging Fire|Dragon Dance|p1a: Gouging Fire\n|-boost|p1a: Gouging Fire|atk|1\n|-boost|p1a: Gouging Fire|spe|1\n|\n|upkeep\n|turn|2\n|\n|t:|1781404787\n|-end|p1a: Gouging Fire|Protosynthesis|[silent]\n|switch|p1a: Spiritomb|Spiritomb, L89, F|234/234\n|move|p2a: Quagsire|Toxic|p1a: Spiritomb\n|-status|p1a: Spiritomb|tox\n|\n|-damage|p1a: Spiritomb|220/234 tox|[from] psn\n|upkeep\n|turn|3\n|\n|t:|1781404802\n|switch|p1a: Primarina|Primarina, L83, M|268/268\n|switch|p2a: Kleavor|Kleavor, L78, F|237/237\n|\n|upkeep\n|turn|4\n|\n|t:|1781404811\n|move|p2a: Kleavor|Stone Axe|p1a: Primarina\n|-damage|p1a: Primarina|136/268\n|-sidestart|p1: Pororocaalien|move: Stealth Rock\n|move|p1a: Primarina|Sparkling Aria|p2a: Kleavor\n|-supereffective|p2a: Kleavor\n|-damage|p2a: Kleavor|0 fnt\n|faint|p2a: Kleavor\n|\n|-heal|p1a: Primarina|152/268|[from] item: Leftovers\n|upkeep\n|\n|t:|1781404819\n|switch|p2a: Kilowattrel|Kilowattrel, L83, F|252/252\n|turn|5\n|\n|t:|1781404825\n|-terastallize|p1a: Primarina|Fairy\n|move|p2a: Kilowattrel|Thunderbolt|p1a: Primarina\n|-damage|p1a: Primarina|70/268\n|move|p1a: Primarina|Draining Kiss|p2a: Kilowattrel\n|-damage|p2a: Kilowattrel|106/252\n|-heal|p1a: Primarina|180/268|[from] drain|[of] p2a: Kilowattrel\n|\n|-heal|p1a: Primarina|196/268|[from] item: Leftovers\n|upkeep\n|turn|6\n|\n|t:|1781404835\n|move|p2a: Kilowattrel|U-turn|p1a: Primarina\n|-resisted|p1a: Primarina\n|-damage|p1a: Primarina|175/268\n|\n|t:|1781404837\n|switch|p2a: Snorlax|Snorlax, L82, M|397/397|[from] U-turn\n|move|p1a: Primarina|Draining Kiss|p2a: Snorlax\n|-damage|p2a: Snorlax|303/397\n|-heal|p1a: Primarina|246/268|[from] drain|[of] p2a: Snorlax\n|\n|-heal|p1a: Primarina|262/268|[from] item: Leftovers\n|-heal|p2a: Snorlax|327/397|[from] item: Leftovers\n|upkeep\n|turn|7\n|\n|t:|1781404855\n|move|p1a: Primarina|Calm Mind|p1a: Primarina\n|-boost|p1a: Primarina|spa|1\n|-boost|p1a: Primarina|spd|1\n|move|p2a: Snorlax|Curse|p2a: Snorlax\n|-unboost|p2a: Snorlax|spe|1\n|-boost|p2a: Snorlax|atk|1\n|-boost|p2a: Snorlax|def|1\n|\n|-heal|p1a: Primarina|268/268|[from] item: Leftovers\n|-heal|p2a: Snorlax|351/397|[from] item: Leftovers\n|upkeep\n|turn|8\n|\n|t:|1781404864\n|move|p1a: Primarina|Sparkling Aria|p2a: Snorlax\n|-damage|p2a: Snorlax|203/397\n|move|p2a: Snorlax|Body Slam|p1a: Primarina\n|-damage|p1a: Primarina|117/268\n|-status|p1a: Primarina|par\n|\n|-heal|p1a: Primarina|133/268 par|[from] item: Leftovers\n|-heal|p2a: Snorlax|227/397|[from] item: Leftovers\n|upkeep\n|turn|9\n|\n|t:|1781404873\n|move|p1a: Primarina|Draining Kiss|p2a: Snorlax\n|-damage|p2a: Snorlax|99/397\n|-heal|p1a: Primarina|229/268 par|[from] drain|[of] p2a: Snorlax\n|move|p2a: Snorlax|Body Slam|p1a: Primarina\n|-damage|p1a: Primarina|58/268 par\n|\n|-heal|p1a: Primarina|74/268 par|[from] item: Leftovers\n|-heal|p2a: Snorlax|123/397|[from] item: Leftovers\n|upkeep\n|turn|10\n|\n|t:|1781404881\n|move|p1a: Primarina|Draining Kiss|p2a: Snorlax\n|-damage|p2a: Snorlax|0 fnt\n|-heal|p1a: Primarina|166/268 par|[from] drain|[of] p2a: Snorlax\n|faint|p2a: Snorlax\n|\n|-heal|p1a: Primarina|182/268 par|[from] item: Leftovers\n|upkeep\n|\n|t:|1781404888\n|switch|p2a: Frosmoth|Frosmoth, L82, M|249/249\n|turn|11\n|\n|t:|1781404894\n|switch|p1a: Spiritomb|Spiritomb, L89, F|220/234 tox\n|-damage|p1a: Spiritomb|191/234 tox|[from] Stealth Rock\n|move|p2a: Frosmoth|Quiver Dance|p2a: Frosmoth\n|-boost|p2a: Frosmoth|spa|1\n|-boost|p2a: Frosmoth|spd|1\n|-boost|p2a: Frosmoth|spe|1\n|\n|-heal|p1a: Spiritomb|205/234 tox|[from] item: Leftovers\n|-damage|p1a: Spiritomb|191/234 tox|[from] psn\n|upkeep\n|turn|12\n|\n|t:|1781404905\n|move|p2a: Frosmoth|Ice Beam|p1a: Spiritomb\n|-damage|p1a: Spiritomb|61/234 tox\n|move|p1a: Spiritomb|Poltergeist|p2a: Frosmoth\n|-activate|p2a: Frosmoth|move: Poltergeist|Heavy-Duty Boots\n|-damage|p2a: Frosmoth|92/249\n|\n|-heal|p1a: Spiritomb|75/234 tox|[from] item: Leftovers\n|-damage|p1a: Spiritomb|47/234 tox|[from] psn\n|upkeep\n|turn|13\n|\n|t:|1781404914\n|move|p1a: Spiritomb|Sucker Punch|p2a: Frosmoth\n|-damage|p2a: Frosmoth|0 fnt\n|faint|p2a: Frosmoth\n|\n|-heal|p1a: Spiritomb|61/234 tox|[from] item: Leftovers\n|-damage|p1a: Spiritomb|19/234 tox|[from] psn\n|upkeep\n|\n|t:|1781404926\n|switch|p2a: Quagsire|Quagsire, L84, M|297/297\n|turn|14\n|\n|t:|1781404929\n|move|p1a: Spiritomb|Pain Split|p2a: Quagsire\n|-sethp|p2a: Quagsire|158/297|[from] move: Pain Split|[silent]\n|-sethp|p1a: Spiritomb|158/234 tox|[from] move: Pain Split\n|move|p2a: Quagsire|Earthquake|p1a: Spiritomb\n|-damage|p1a: Spiritomb|83/234 tox\n|\n|-heal|p1a: Spiritomb|97/234 tox|[from] item: Leftovers\n|-heal|p2a: Quagsire|176/297|[from] item: Leftovers\n|-damage|p1a: Spiritomb|41/234 tox|[from] psn\n|upkeep\n|turn|15\n|\n|t:|1781404943\n|move|p1a: Spiritomb|Poltergeist|p2a: Quagsire\n|-activate|p2a: Quagsire|move: Poltergeist|Leftovers\n|-damage|p2a: Quagsire|50/297\n|move|p2a: Quagsire|Recover|p2a: Quagsire\n|-heal|p2a: Quagsire|199/297\n|\n|-heal|p1a: Spiritomb|55/234 tox|[from] item: Leftovers\n|-heal|p2a: Quagsire|217/297|[from] item: Leftovers\n|-damage|p1a: Spiritomb|0 fnt|[from] psn\n|faint|p1a: Spiritomb\n|upkeep\n|\n|t:|1781404949\n|switch|p1a: Sandslash|Sandslash-Alola, L88, F|275/275\n|-damage|p1a: Sandslash|241/275|[from] Stealth Rock\n|turn|16\n|\n|t:|1781404957\n|move|p1a: Sandslash|Triple Axel|p2a: Quagsire|[miss]\n|-miss|p1a: Sandslash|p2a: Quagsire\n|move|p2a: Quagsire|Earthquake|p1a: Sandslash\n|-supereffective|p1a: Sandslash\n|-damage|p1a: Sandslash|101/275\n|\n|-heal|p1a: Sandslash|118/275|[from] item: Leftovers\n|-heal|p2a: Quagsire|235/297|[from] item: Leftovers\n|upkeep\n|turn|17\n|\n|t:|1781404966\n|switch|p2a: Slowbro|Slowbro, L85, F|300/300\n|move|p1a: Sandslash|Triple Axel|p2a: Slowbro\n|-resisted|p2a: Slowbro\n|-crit|p2a: Slowbro\n|-damage|p2a: Slowbro|285/300\n|-resisted|p2a: Slowbro\n|-damage|p2a: Slowbro|266/300\n|-resisted|p2a: Slowbro\n|-damage|p2a: Slowbro|236/300\n|-hitcount|p2a: Slowbro|3\n|\n|-heal|p1a: Sandslash|135/275|[from] item: Leftovers\n|-heal|p2a: Slowbro|254/300|[from] item: Leftovers\n|upkeep\n|turn|18\n|\n|t:|1781404979\n|move|p1a: Sandslash|Rapid Spin|p2a: Slowbro\n|-damage|p2a: Slowbro|222/300\n|-boost|p1a: Sandslash|spe|1\n|-sideend|p1: Pororocaalien|Stealth Rock|[from] move: Rapid Spin|[of] p1a: Sandslash\n|move|p2a: Slowbro|Iron Defense|p2a: Slowbro\n|-boost|p2a: Slowbro|def|2\n|\n|-heal|p1a: Sandslash|152/275|[from] item: Leftovers\n|-heal|p2a: Slowbro|240/300|[from] item: Leftovers\n|upkeep\n|turn|19\n|\n|t:|1781404988\n|switch|p1a: Vaporeon|Vaporeon, L86, F|364/364\n|move|p2a: Slowbro|Body Press|p1a: Vaporeon\n|-damage|p1a: Vaporeon|204/364\n|\n|-heal|p1a: Vaporeon|226/364|[from] item: Leftovers\n|-heal|p2a: Slowbro|258/300|[from] item: Leftovers\n|upkeep\n|turn|20\n|\n|t:|1781404995\n|move|p1a: Vaporeon|Scald|p2a: Slowbro\n|-resisted|p2a: Slowbro\n|-damage|p2a: Slowbro|205/300\n|-status|p2a: Slowbro|brn\n|move|p2a: Slowbro|Body Press|p1a: Vaporeon\n|-damage|p1a: Vaporeon|142/364\n|\n|-heal|p1a: Vaporeon|164/364|[from] item: Leftovers\n|-heal|p2a: Slowbro|223/300 brn|[from] item: Leftovers\n|-damage|p2a: Slowbro|205/300 brn|[from] brn\n|upkeep\n|turn|21\n|\n|t:|1781405005\n|move|p1a: Vaporeon|Wish|p1a: Vaporeon\n|move|p2a: Slowbro|Body Press|p1a: Vaporeon\n|-damage|p1a: Vaporeon|79/364\n|\n|-heal|p1a: Vaporeon|101/364|[from] item: Leftovers\n|-heal|p2a: Slowbro|223/300 brn|[from] item: Leftovers\n|-damage|p2a: Slowbro|205/300 brn|[from] brn\n|upkeep\n|turn|22\n|\n|t:|1781405013\n|switch|p2a: Quagsire|Quagsire, L84, M|235/297\n|move|p1a: Vaporeon|Calm Mind|p1a: Vaporeon\n|-boost|p1a: Vaporeon|spa|1\n|-boost|p1a: Vaporeon|spd|1\n|\n|-heal|p1a: Vaporeon|283/364|[from] move: Wish|[wisher] Vaporeon\n|-heal|p1a: Vaporeon|305/364|[from] item: Leftovers\n|-heal|p2a: Quagsire|253/297|[from] item: Leftovers\n|upkeep\n|turn|23\n|\n|t:|1781405022\n|move|p1a: Vaporeon|Scald|p2a: Quagsire\n|-damage|p2a: Quagsire|132/297\n|move|p2a: Quagsire|Toxic|p1a: Vaporeon|[miss]\n|-miss|p2a: Quagsire|p1a: Vaporeon\n|\n|-heal|p1a: Vaporeon|327/364|[from] item: Leftovers\n|-heal|p2a: Quagsire|150/297|[from] item: Leftovers\n|upkeep\n|turn|24\n|\n|t:|1781405030\n|move|p1a: Vaporeon|Scald|p2a: Quagsire\n|-damage|p2a: Quagsire|18/297\n|move|p2a: Quagsire|Recover|p2a: Quagsire\n|-heal|p2a: Quagsire|167/297\n|\n|-heal|p1a: Vaporeon|349/364|[from] item: Leftovers\n|-heal|p2a: Quagsire|185/297|[from] item: Leftovers\n|upkeep\n|turn|25\n|\n|t:|1781405038\n|move|p1a: Vaporeon|Scald|p2a: Quagsire\n|-damage|p2a: Quagsire|65/297\n|move|p2a: Quagsire|Toxic|p1a: Vaporeon\n|-status|p1a: Vaporeon|tox\n|\n|-heal|p1a: Vaporeon|364/364 tox|[from] item: Leftovers\n|-heal|p2a: Quagsire|83/297|[from] item: Leftovers\n|-damage|p1a: Vaporeon|342/364 tox|[from] psn\n|upkeep\n|turn|26\n|\n|t:|1781405047\n|switch|p2a: Slowbro|Slowbro, L85, F|300/300 brn\n|move|p1a: Vaporeon|Scald|p2a: Slowbro\n|-resisted|p2a: Slowbro\n|-damage|p2a: Slowbro|219/300 brn\n|\n|-heal|p1a: Vaporeon|364/364 tox|[from] item: Leftovers\n|-heal|p2a: Slowbro|237/300 brn|[from] item: Leftovers\n|-damage|p1a: Vaporeon|320/364 tox|[from] psn\n|-damage|p2a: Slowbro|219/300 brn|[from] brn\n|upkeep\n|turn|27\n|\n|t:|1781405057\n|move|p1a: Vaporeon|Calm Mind|p1a: Vaporeon\n|-boost|p1a: Vaporeon|spa|1\n|-boost|p1a: Vaporeon|spd|1\n|move|p2a: Slowbro|Iron Defense|p2a: Slowbro\n|-boost|p2a: Slowbro|def|2\n|\n|-heal|p1a: Vaporeon|342/364 tox|[from] item: Leftovers\n|-heal|p2a: Slowbro|237/300 brn|[from] item: Leftovers\n|-damage|p1a: Vaporeon|276/364 tox|[from] psn\n|-damage|p2a: Slowbro|219/300 brn|[from] brn\n|upkeep\n|turn|28\n|\n|t:|1781405066\n|move|p1a: Vaporeon|Scald|p2a: Slowbro\n|-resisted|p2a: Slowbro\n|-damage|p2a: Slowbro|120/300 brn\n|move|p2a: Slowbro|Body Press|p1a: Vaporeon\n|-damage|p1a: Vaporeon|199/364 tox\n|\n|-heal|p1a: Vaporeon|221/364 tox|[from] item: Leftovers\n|-heal|p2a: Slowbro|138/300 brn|[from] item: Leftovers\n|-damage|p1a: Vaporeon|133/364 tox|[from] psn\n|-damage|p2a: Slowbro|120/300 brn|[from] brn\n|upkeep\n|turn|29\n|\n|t:|1781405075\n|move|p1a: Vaporeon|Scald|p2a: Slowbro\n|-resisted|p2a: Slowbro\n|-damage|p2a: Slowbro|15/300 brn\n|move|p2a: Slowbro|Slack Off|p2a: Slowbro\n|-heal|p2a: Slowbro|165/300 brn\n|\n|-heal|p1a: Vaporeon|155/364 tox|[from] item: Leftovers\n|-heal|p2a: Slowbro|183/300 brn|[from] item: Leftovers\n|-damage|p1a: Vaporeon|45/364 tox|[from] psn\n|-damage|p2a: Slowbro|165/300 brn|[from] brn\n|upkeep\n|turn|30\n|\n|t:|1781405085\n|move|p1a: Vaporeon|Wish|p1a: Vaporeon\n|move|p2a: Slowbro|Slack Off|p2a: Slowbro\n|-heal|p2a: Slowbro|300/300 brn\n|\n|-heal|p1a: Vaporeon|67/364 tox|[from] item: Leftovers\n|-damage|p1a: Vaporeon|0 fnt|[from] psn\n|faint|p1a: Vaporeon\n|-damage|p2a: Slowbro|282/300 brn|[from] brn\n|upkeep\n|\n|t:|1781405089\n|switch|p1a: Primarina|Primarina, L83, M, tera:Fairy|182/268 par\n|turn|31\n|\n|t:|1781405096\n|move|p2a: Slowbro|Iron Defense|p2a: Slowbro\n|-boost|p2a: Slowbro|def|2\n|move|p1a: Primarina|Draining Kiss|p2a: Slowbro\n|-damage|p2a: Slowbro|172/300 brn\n|-heal|p1a: Primarina|265/268 par|[from] drain|[of] p2a: Slowbro\n|\n|-heal|p1a: Primarina|268/268 par|[from] move: Wish|[wisher] Vaporeon\n|-heal|p2a: Slowbro|190/300 brn|[from] item: Leftovers\n|-damage|p2a: Slowbro|172/300 brn|[from] brn\n|upkeep\n|turn|32\n|\n|t:|1781405107\n|move|p2a: Slowbro|Body Press|p1a: Primarina\n|-resisted|p1a: Primarina\n|-damage|p1a: Primarina|216/268 par\n|move|p1a: Primarina|Calm Mind|p1a: Primarina\n|-boost|p1a: Primarina|spa|1\n|-boost|p1a: Primarina|spd|1\n|\n|-heal|p2a: Slowbro|190/300 brn|[from] item: Leftovers\n|-heal|p1a: Primarina|232/268 par|[from] item: Leftovers\n|-damage|p2a: Slowbro|172/300 brn|[from] brn\n|upkeep\n|turn|33\n|\n|t:|1781405116\n|switch|p2a: Kilowattrel|Kilowattrel, L83, F|106/252\n|cant|p1a: Primarina|par\n|\n|-heal|p1a: Primarina|248/268 par|[from] item: Leftovers\n|upkeep\n|turn|34\n|\n|t:|1781405123\n|move|p2a: Kilowattrel|Hurricane|p1a: Primarina\n|-damage|p1a: Primarina|185/268 par\n|-start|p1a: Primarina|confusion\n|-activate|p1a: Primarina|confusion\n|-damage|p1a: Primarina|165/268 par|[from] confusion\n|\n|-heal|p1a: Primarina|181/268 par|[from] item: Leftovers\n|upkeep\n|turn|35\n|\n|t:|1781405131\n|move|p2a: Kilowattrel|Thunderbolt|p1a: Primarina\n|-damage|p1a: Primarina|126/268 par\n|-activate|p1a: Primarina|confusion\n|cant|p1a: Primarina|par\n|\n|-heal|p1a: Primarina|142/268 par|[from] item: Leftovers\n|upkeep\n|turn|36\n|\n|t:|1781405137\n|move|p2a: Kilowattrel|Thunderbolt|p1a: Primarina\n|-damage|p1a: Primarina|87/268 par\n|-end|p1a: Primarina|confusion\n|cant|p1a: Primarina|par\n|\n|-heal|p1a: Primarina|103/268 par|[from] item: Leftovers\n|upkeep\n|turn|37\n|\n|t:|1781405144\n|move|p2a: Kilowattrel|Thunderbolt|p1a: Primarina\n|-damage|p1a: Primarina|46/268 par\n|move|p1a: Primarina|Draining Kiss|p2a: Kilowattrel\n|-damage|p2a: Kilowattrel|0 fnt\n|-heal|p1a: Primarina|126/268 par|[from] drain|[of] p2a: Kilowattrel\n|faint|p2a: Kilowattrel\n|\n|-heal|p1a: Primarina|142/268 par|[from] item: Leftovers\n|upkeep\n|\n|t:|1781405152\n|switch|p2a: Quagsire|Quagsire, L84, M|83/297\n|turn|38\n|\n|t:|1781405157\n|-terastallize|p2a: Quagsire|Poison\n|move|p2a: Quagsire|Recover|p2a: Quagsire\n|-heal|p2a: Quagsire|232/297\n|cant|p1a: Primarina|par\n|\n|-heal|p2a: Quagsire|250/297|[from] item: Leftovers\n|-heal|p1a: Primarina|158/268 par|[from] item: Leftovers\n|upkeep\n|turn|39\n|\n|t:|1781405169\n|switch|p1a: Sandslash|Sandslash-Alola, L88, F|152/275\n|move|p2a: Quagsire|Earthquake|p1a: Sandslash\n|-supereffective|p1a: Sandslash\n|-damage|p1a: Sandslash|6/275\n|\n|-heal|p1a: Sandslash|23/275|[from] item: Leftovers\n|-heal|p2a: Quagsire|268/297|[from] item: Leftovers\n|upkeep\n|turn|40\n|\n|t:|1781405177\n|switch|p2a: Slowbro|Slowbro, L85, F|272/300 brn\n|move|p1a: Sandslash|Earthquake|p2a: Slowbro\n|-damage|p2a: Slowbro|208/300 brn\n|\n|-heal|p1a: Sandslash|40/275|[from] item: Leftovers\n|-heal|p2a: Slowbro|226/300 brn|[from] item: Leftovers\n|-damage|p2a: Slowbro|208/300 brn|[from] brn\n|upkeep\n|turn|41\n|\n|t:|1781405185\n|move|p1a: Sandslash|Swords Dance|p1a: Sandslash\n|-boost|p1a: Sandslash|atk|2\n|move|p2a: Slowbro|Iron Defense|p2a: Slowbro\n|-boost|p2a: Slowbro|def|2\n|\n|-heal|p1a: Sandslash|57/275|[from] item: Leftovers\n|-heal|p2a: Slowbro|226/300 brn|[from] item: Leftovers\n|-damage|p2a: Slowbro|208/300 brn|[from] brn\n|upkeep\n|turn|42\n|\n|t:|1781405193\n|move|p1a: Sandslash|Earthquake|p2a: Slowbro\n|-damage|p2a: Slowbro|142/300 brn\n|move|p2a: Slowbro|Body Press|p1a: Sandslash\n|-supereffective|p1a: Sandslash\n|-damage|p1a: Sandslash|0 fnt\n|faint|p1a: Sandslash\n|\n|-heal|p2a: Slowbro|160/300 brn|[from] item: Leftovers\n|-damage|p2a: Slowbro|142/300 brn|[from] brn\n|upkeep\n|\n|t:|1781405200\n|switch|p1a: Deoxys|Deoxys-Speed, L82|216/216\n|-ability|p1a: Deoxys|Pressure\n|turn|43\n|\n|t:|1781405205\n|move|p1a: Deoxys|Dark Pulse|p2a: Slowbro\n|-supereffective|p2a: Slowbro\n|-damage|p2a: Slowbro|4/300 brn\n|-damage|p1a: Deoxys|195/216|[from] item: Life Orb\n|move|p2a: Slowbro|Slack Off|p2a: Slowbro\n|-heal|p2a: Slowbro|154/300 brn\n|\n|-heal|p2a: Slowbro|172/300 brn|[from] item: Leftovers\n|-damage|p2a: Slowbro|154/300 brn|[from] brn\n|upkeep\n|turn|44\n|-message|JayCroc forfeited.\n|\n|win|Pororocaalien\n", "uploadtime": 1781404764, "views": 6, "formatid": "gen9randombattle", "rating": null, "private": 0, "password": null}