{"id": "gen9randombattle-2631716441", "format": "[Gen 9] Random Battle", "players": ["dimweaker", "dadegamer02"], "log": "|j|\u2606dimweaker\n|j|\u2606dadegamer02\n|t:|1781427493\n|gametype|singles\n|player|p1|dimweaker|swimmerf-gen4|1596\n|player|p2|dadegamer02|cynthia-gen4|1611\n|gen|9\n|tier|[Gen 9] Random Battle\n|rated|\n|rule|Species Clause: Limit one of each Pok\u00e9mon\n|rule|HP Percentage Mod: HP is shown in percentages\n|rule|Sleep Clause Mod: Limit one foe put to sleep\n|rule|Illusion Level Mod: Illusion disguises the Pok\u00e9mon's true level\n|\n|t:|1781427493\n|teamsize|p1|6\n|teamsize|p2|6\n|start\n|switch|p1a: Raichu|Raichu, L88, F|249/249\n|switch|p2a: Regieleki|Regieleki, L79|256/256\n|turn|1\n|inactive|Battle timer is ON: inactive players will automatically lose when time's up. (requested by dadegamer02)\n|\n|t:|1781427521\n|switch|p2a: Bronzong|Bronzong, L88|261/261\n|move|p1a: Raichu|Grass Knot|p2a: Bronzong\n|-resisted|p2a: Bronzong\n|-damage|p2a: Bronzong|219/261\n|\n|-heal|p2a: Bronzong|235/261|[from] item: Leftovers\n|upkeep\n|turn|2\n|\n|t:|1781427539\n|switch|p1a: Trevenant|Trevenant, L89, F|296/296\n|move|p2a: Bronzong|Stealth Rock|p1a: Trevenant\n|-sidestart|p1: dimweaker|move: Stealth Rock\n|\n|-heal|p2a: Bronzong|251/261|[from] item: Leftovers\n|upkeep\n|turn|3\n|inactive|dadegamer02 has 120 seconds left.\n|\n|t:|1781427578\n|switch|p2a: Enamorus|Enamorus, L79, F|247/247\n|move|p1a: Trevenant|Will-O-Wisp|p2a: Enamorus\n|-status|p2a: Enamorus|brn\n|\n|-damage|p2a: Enamorus|232/247 brn|[from] brn\n|upkeep\n|turn|4\n|inactive|dadegamer02 has 120 seconds left.\n|\n|t:|1781427588\n|move|p2a: Enamorus|Substitute|p2a: Enamorus\n|-start|p2a: Enamorus|Substitute\n|-damage|p2a: Enamorus|171/247 brn\n|move|p1a: Trevenant|Poltergeist|p2a: Enamorus\n|-activate|p2a: Enamorus|move: Poltergeist|Leftovers\n|-end|p2a: Enamorus|Substitute\n|-damage|p1a: Trevenant|267/296|[from] item: Life Orb\n|\n|-heal|p2a: Enamorus|186/247 brn|[from] item: Leftovers\n|-damage|p2a: Enamorus|171/247 brn|[from] brn\n|upkeep\n|turn|5\n|inactive|dadegamer02 has 120 seconds left.\n|\n|t:|1781427602\n|move|p2a: Enamorus|Substitute|p2a: Enamorus\n|-start|p2a: Enamorus|Substitute\n|-damage|p2a: Enamorus|110/247 brn\n|move|p1a: Trevenant|Poltergeist|p2a: Enamorus\n|-activate|p2a: Enamorus|move: Poltergeist|Leftovers\n|-end|p2a: Enamorus|Substitute\n|-damage|p1a: Trevenant|238/296|[from] item: Life Orb\n|\n|-heal|p2a: Enamorus|125/247 brn|[from] item: Leftovers\n|-damage|p2a: Enamorus|110/247 brn|[from] brn\n|upkeep\n|turn|6\n|inactive|dadegamer02 has 120 seconds left.\n|\n|t:|1781427613\n|move|p2a: Enamorus|Substitute|p2a: Enamorus\n|-start|p2a: Enamorus|Substitute\n|-damage|p2a: Enamorus|49/247 brn\n|move|p1a: Trevenant|Horn Leech|p2a: Enamorus\n|-resisted|p2a: Enamorus\n|-end|p2a: Enamorus|Substitute\n|-heal|p1a: Trevenant|269/296|[from] drain|[of] p2a: Enamorus\n|-damage|p1a: Trevenant|240/296|[from] item: Life Orb\n|\n|-heal|p2a: Enamorus|64/247 brn|[from] item: Leftovers\n|-damage|p2a: Enamorus|49/247 brn|[from] brn\n|upkeep\n|turn|7\n|inactive|dadegamer02 has 120 seconds left.\n|\n|t:|1781427628\n|move|p2a: Enamorus|Play Rough|p1a: Trevenant\n|-damage|p1a: Trevenant|192/296\n|move|p1a: Trevenant|Poltergeist|p2a: Enamorus\n|-activate|p2a: Enamorus|move: Poltergeist|Leftovers\n|-damage|p2a: Enamorus|0 fnt\n|faint|p2a: Enamorus\n|-damage|p1a: Trevenant|163/296|[from] item: Life Orb\n|\n|upkeep\n|inactive|dadegamer02 has 120 seconds left.\n|\n|t:|1781427637\n|switch|p2a: Great Tusk|Great Tusk, L77|304/304\n|turn|8\n|\n|t:|1781427660\n|move|p2a: Great Tusk|Ice Spinner|p1a: Trevenant\n|-supereffective|p1a: Trevenant\n|-damage|p1a: Trevenant|35/296\n|move|p1a: Trevenant|Will-O-Wisp|p2a: Great Tusk\n|-status|p2a: Great Tusk|brn\n|\n|-damage|p2a: Great Tusk|285/304 brn|[from] brn\n|upkeep\n|turn|9\n|\n|t:|1781427676\n|move|p2a: Great Tusk|Ice Spinner|p1a: Trevenant\n|-supereffective|p1a: Trevenant\n|-damage|p1a: Trevenant|0 fnt\n|faint|p1a: Trevenant\n|\n|-damage|p2a: Great Tusk|266/304 brn|[from] brn\n|upkeep\n|\n|t:|1781427679\n|switch|p1a: Abomasnow|Abomasnow, L84, F|287/287\n|-damage|p1a: Abomasnow|216/287|[from] Stealth Rock\n|-weather|Snowscape|[from] ability: Snow Warning|[of] p1a: Abomasnow\n|turn|10\n|\n|t:|1781427686\n|-end|p2a: Great Tusk|Protosynthesis|[silent]\n|switch|p2a: Bronzong|Bronzong, L88|251/261\n|move|p1a: Abomasnow|Aurora Veil|p1a: Abomasnow\n|-sidestart|p1: dimweaker|move: Aurora Veil\n|\n|-weather|Snowscape|[upkeep]\n|-heal|p2a: Bronzong|261/261|[from] item: Leftovers\n|upkeep\n|turn|11\n|\n|t:|1781427705\n|switch|p1a: Volcarona|Volcarona, L77, M|257/257\n|move|p2a: Bronzong|Iron Head|p1a: Volcarona\n|-resisted|p1a: Volcarona\n|-damage|p1a: Volcarona|226/257\n|\n|-weather|Snowscape|[upkeep]\n|upkeep\n|turn|12\n|\n|t:|1781427724\n|switch|p2a: Pachirisu|Pachirisu, L96, M|271/271\n|move|p1a: Volcarona|Quiver Dance|p1a: Volcarona\n|-boost|p1a: Volcarona|spa|1\n|-boost|p1a: Volcarona|spd|1\n|-boost|p1a: Volcarona|spe|1\n|\n|-weather|Snowscape|[upkeep]\n|upkeep\n|turn|13\n|\n|t:|1781427742\n|-terastallize|p1a: Volcarona|Ground\n|move|p1a: Volcarona|Quiver Dance|p1a: Volcarona\n|-boost|p1a: Volcarona|spa|1\n|-boost|p1a: Volcarona|spd|1\n|-boost|p1a: Volcarona|spe|1\n|move|p2a: Pachirisu|Encore|p1a: Volcarona\n|-start|p1a: Volcarona|Encore\n|\n|-weather|Snowscape|[upkeep]\n|upkeep\n|turn|14\n|\n|t:|1781427751\n|move|p1a: Volcarona|Quiver Dance|p1a: Volcarona\n|-boost|p1a: Volcarona|spa|1\n|-boost|p1a: Volcarona|spd|1\n|-boost|p1a: Volcarona|spe|1\n|move|p2a: Pachirisu|Super Fang|p1a: Volcarona\n|-damage|p1a: Volcarona|113/257\n|-status|p2a: Pachirisu|brn|[from] ability: Flame Body|[of] p1a: Volcarona\n|\n|-weather|none\n|-damage|p2a: Pachirisu|255/271 brn|[from] brn\n|upkeep\n|turn|15\n|\n|t:|1781427765\n|move|p1a: Volcarona|Quiver Dance|p1a: Volcarona\n|-boost|p1a: Volcarona|spa|1\n|-boost|p1a: Volcarona|spd|1\n|-boost|p1a: Volcarona|spe|1\n|move|p2a: Pachirisu|Super Fang|p1a: Volcarona\n|-damage|p1a: Volcarona|57/257\n|\n|-damage|p2a: Pachirisu|239/271 brn|[from] brn\n|upkeep\n|turn|16\n|\n|t:|1781427776\n|move|p1a: Volcarona|Quiver Dance|p1a: Volcarona\n|-boost|p1a: Volcarona|spa|1\n|-boost|p1a: Volcarona|spd|1\n|-boost|p1a: Volcarona|spe|1\n|move|p2a: Pachirisu|Encore||[still]\n|-fail|p2a: Pachirisu\n|\n|-damage|p2a: Pachirisu|223/271 brn|[from] brn\n|-end|p1a: Volcarona|Encore\n|upkeep\n|turn|17\n|\n|t:|1781427808\n|move|p1a: Volcarona|Fiery Dance|p2a: Pachirisu\n|-damage|p2a: Pachirisu|0 fnt\n|-boost|p1a: Volcarona|spa|1\n|faint|p2a: Pachirisu\n|\n|-sideend|p1: dimweaker|move: Aurora Veil\n|upkeep\n|\n|t:|1781427813\n|switch|p2a: Bronzong|Bronzong, L88|261/261\n|turn|18\n|\n|t:|1781427820\n|-terastallize|p2a: Bronzong|Water\n|move|p1a: Volcarona|Fiery Dance|p2a: Bronzong\n|-resisted|p2a: Bronzong\n|-damage|p2a: Bronzong|128/261\n|move|p2a: Bronzong|Earthquake|p1a: Volcarona\n|-damage|p1a: Volcarona|0 fnt\n|faint|p1a: Volcarona\n|\n|-heal|p2a: Bronzong|144/261|[from] item: Leftovers\n|upkeep\n|\n|t:|1781427833\n|switch|p1a: Abomasnow|Abomasnow, L84, F|216/287\n|-damage|p1a: Abomasnow|145/287|[from] Stealth Rock\n|-weather|Snowscape|[from] ability: Snow Warning|[of] p1a: Abomasnow\n|turn|19\n|\n|t:|1781427842\n|move|p1a: Abomasnow|Aurora Veil|p1a: Abomasnow\n|-sidestart|p1: dimweaker|move: Aurora Veil\n|move|p2a: Bronzong|Iron Head|p1a: Abomasnow\n|-supereffective|p1a: Abomasnow\n|-damage|p1a: Abomasnow|84/287\n|\n|-weather|Snowscape|[upkeep]\n|-heal|p2a: Bronzong|160/261|[from] item: Leftovers\n|upkeep\n|turn|20\n|\n|t:|1781427853\n|move|p1a: Abomasnow|Wood Hammer|p2a: Bronzong\n|-supereffective|p2a: Bronzong\n|-damage|p2a: Bronzong|0 fnt\n|faint|p2a: Bronzong\n|-damage|p1a: Abomasnow|31/287|[from] Recoil\n|\n|-weather|Snowscape|[upkeep]\n|upkeep\n|\n|t:|1781427870\n|switch|p2a: Great Tusk|Great Tusk, L77|266/304 brn\n|turn|21\n|\n|t:|1781427878\n|move|p1a: Abomasnow|Ice Shard|p2a: Great Tusk\n|-supereffective|p2a: Great Tusk\n|-damage|p2a: Great Tusk|198/304 brn\n|move|p2a: Great Tusk|Close Combat|p1a: Abomasnow\n|-supereffective|p1a: Abomasnow\n|-damage|p1a: Abomasnow|0 fnt\n|-unboost|p2a: Great Tusk|def|1\n|-unboost|p2a: Great Tusk|spd|1\n|faint|p1a: Abomasnow\n|\n|-weather|Snowscape|[upkeep]\n|-damage|p2a: Great Tusk|179/304 brn|[from] brn\n|upkeep\n|\n|t:|1781427889\n|switch|p1a: Raichu|Raichu, L88, F|249/249\n|-damage|p1a: Raichu|218/249|[from] Stealth Rock\n|turn|22\n|\n|t:|1781427901\n|move|p2a: Great Tusk|Close Combat|p1a: Raichu\n|-damage|p1a: Raichu|170/249\n|-unboost|p2a: Great Tusk|def|1\n|-unboost|p2a: Great Tusk|spd|1\n|move|p1a: Raichu|Surf|p2a: Great Tusk\n|-supereffective|p2a: Great Tusk\n|-damage|p2a: Great Tusk|0 fnt\n|faint|p2a: Great Tusk\n|-end|p2a: Great Tusk|Protosynthesis|[silent]\n|\n|-weather|Snowscape|[upkeep]\n|upkeep\n|\n|t:|1781427909\n|switch|p2a: Dunsparce|Dunsparce, L86, M|312/312\n|turn|23\n|\n|t:|1781427917\n|switch|p1a: Spectrier|Spectrier, L75|274/274\n|-damage|p1a: Spectrier|240/274|[from] Stealth Rock\n|move|p2a: Dunsparce|Coil|p2a: Dunsparce\n|-boost|p2a: Dunsparce|atk|1\n|-boost|p2a: Dunsparce|def|1\n|-boost|p2a: Dunsparce|accuracy|1\n|\n|-weather|none\n|upkeep\n|turn|24\n|\n|t:|1781427927\n|move|p1a: Spectrier|Will-O-Wisp|p2a: Dunsparce\n|-status|p2a: Dunsparce|brn\n|move|p2a: Dunsparce|Earthquake|p1a: Spectrier\n|-damage|p1a: Spectrier|209/274\n|\n|-damage|p2a: Dunsparce|293/312 brn|[from] brn\n|upkeep\n|turn|25\n|c|\u2606dadegamer02|all you team is burning me\n|\n|t:|1781427940\n|move|p1a: Spectrier|Nasty Plot|p1a: Spectrier\n|-boost|p1a: Spectrier|spa|2\n|move|p2a: Dunsparce|Coil|p2a: Dunsparce\n|-boost|p2a: Dunsparce|atk|1\n|-boost|p2a: Dunsparce|def|1\n|-boost|p2a: Dunsparce|accuracy|1\n|\n|-damage|p2a: Dunsparce|274/312 brn|[from] brn\n|upkeep\n|turn|26\n|\n|t:|1781427950\n|move|p1a: Spectrier|Nasty Plot|p1a: Spectrier\n|-boost|p1a: Spectrier|spa|2\n|move|p2a: Dunsparce|Earthquake|p1a: Spectrier\n|-damage|p1a: Spectrier|170/274\n|\n|-damage|p2a: Dunsparce|255/312 brn|[from] brn\n|-sideend|p1: dimweaker|move: Aurora Veil\n|upkeep\n|turn|27\n|\n|t:|1781427958\n|move|p1a: Spectrier|Dark Pulse|p2a: Dunsparce\n|-damage|p2a: Dunsparce|55/312 brn\n|-damage|p1a: Spectrier|143/274|[from] item: Life Orb\n|cant|p2a: Dunsparce|flinch\n|\n|-damage|p2a: Dunsparce|36/312 brn|[from] brn\n|upkeep\n|turn|28\n|-message|dadegamer02 forfeited.\n|\n|win|dimweaker\n|raw|dimweaker's rating: 1596 &rarr; <strong>1617</strong><br />(+21 for winning)\n|raw|dadegamer02's rating: 1611 &rarr; <strong>1590</strong><br />(-21 for losing)\n|l|\u2606dadegamer02\n|player|p2|\n", "uploadtime": 1781427967, "views": 3, "formatid": "gen9randombattle", "rating": 1590, "private": 0, "password": null}