{"id": "gen9randombattle-2631488885", "format": "[Gen 9] Random Battle", "players": ["Profschnitzel", "Arionblue_practice"], "log": "|j|\u2606Profschnitzel\n|j|\u2606Arionblue_practice\n|t:|1781391463\n|gametype|singles\n|player|p1|Profschnitzel|steven|1986\n|player|p2|Arionblue_practice|acetrainer-gen4dp|1984\n|gen|9\n|tier|[Gen 9] Random Battle\n|rated|\n|rule|Species Clause: Limit one of each Pok\u00e9mon\n|rule|HP Percentage Mod: HP is shown in percentages\n|rule|Sleep Clause Mod: Limit one foe put to sleep\n|rule|Illusion Level Mod: Illusion disguises the Pok\u00e9mon's true level\n|\n|t:|1781391463\n|teamsize|p1|6\n|teamsize|p2|6\n|start\n|switch|p1a: Banette|Banette, L93, F|270/270\n|switch|p2a: Dewgong|Dewgong, L94, M|322/322\n|turn|1\n|inactive|Battle timer is ON: inactive players will automatically lose when time's up. (requested by Profschnitzel)\n|\n|t:|1781391477\n|move|p2a: Dewgong|Surf|p1a: Banette\n|-damage|p1a: Banette|155/270\n|move|p1a: Banette|Gunk Shot|p2a: Dewgong\n|-damage|p2a: Dewgong|166/322\n|-damage|p1a: Banette|128/270|[from] item: Life Orb\n|\n|upkeep\n|turn|2\n|\n|t:|1781391484\n|move|p2a: Dewgong|Surf|p1a: Banette\n|-damage|p1a: Banette|17/270\n|move|p1a: Banette|Poltergeist|p2a: Dewgong\n|-activate|p2a: Dewgong|move: Poltergeist|Heavy-Duty Boots\n|-damage|p2a: Dewgong|0 fnt\n|faint|p2a: Dewgong\n|-damage|p1a: Banette|0 fnt|[from] item: Life Orb\n|faint|p1a: Banette\n|\n|upkeep\n|\n|t:|1781391493\n|switch|p2a: Stonjourner|Stonjourner, L91, M|330/330\n|switch|p1a: Wyrdeer|Wyrdeer, L87, F|321/321\n|-ability|p1a: Wyrdeer|Intimidate|boost\n|-unboost|p2a: Stonjourner|atk|1\n|turn|3\n|\n|t:|1781391500\n|move|p2a: Stonjourner|Stealth Rock|p1a: Wyrdeer\n|-sidestart|p1: Profschnitzel|move: Stealth Rock\n|move|p1a: Wyrdeer|Thunder Wave|p2a: Stonjourner\n|-status|p2a: Stonjourner|par\n|\n|upkeep\n|turn|4\n|\n|t:|1781391503\n|move|p1a: Wyrdeer|Psychic Noise|p2a: Stonjourner\n|-damage|p2a: Stonjourner|146/330 par\n|-start|p2a: Stonjourner|move: Heal Block\n|move|p2a: Stonjourner|Stone Edge|p1a: Wyrdeer\n|-crit|p1a: Wyrdeer\n|-damage|p1a: Wyrdeer|0 fnt\n|faint|p1a: Wyrdeer\n|-damage|p2a: Stonjourner|113/330 par|[from] item: Life Orb\n|\n|upkeep\n|\n|t:|1781391511\n|switch|p1a: Zamazenta|Zamazenta, L71|248/248\n|-damage|p1a: Zamazenta|233/248|[from] Stealth Rock\n|-ability|p1a: Zamazenta|Dauntless Shield|boost\n|-boost|p1a: Zamazenta|def|1\n|turn|5\n|\n|t:|1781391517\n|switch|p2a: Toucannon|Toucannon, L88, F|284/284\n|move|p1a: Zamazenta|Iron Defense|p1a: Zamazenta\n|-boost|p1a: Zamazenta|def|2\n|\n|upkeep\n|turn|6\n|\n|t:|1781391526\n|-singleturn|p2a: Toucannon|move: Beak Blast\n|move|p1a: Zamazenta|Iron Defense|p1a: Zamazenta\n|-boost|p1a: Zamazenta|def|2\n|move|p2a: Toucannon|Beak Blast|p1a: Zamazenta\n|-supereffective|p1a: Zamazenta\n|-damage|p1a: Zamazenta|155/248\n|\n|upkeep\n|turn|7\n|\n|t:|1781391529\n|-singleturn|p2a: Toucannon|move: Beak Blast\n|move|p1a: Zamazenta|Iron Defense|p1a: Zamazenta\n|-boost|p1a: Zamazenta|def|1\n|move|p2a: Toucannon|Beak Blast|p1a: Zamazenta\n|-supereffective|p1a: Zamazenta\n|-damage|p1a: Zamazenta|83/248\n|\n|upkeep\n|turn|8\n|\n|t:|1781391533\n|-singleturn|p2a: Toucannon|move: Beak Blast\n|move|p1a: Zamazenta|Rest|p1a: Zamazenta\n|-status|p1a: Zamazenta|slp|[from] move: Rest\n|-heal|p1a: Zamazenta|248/248 slp|[silent]\n|-enditem|p1a: Zamazenta|Chesto Berry|[eat]\n|-curestatus|p1a: Zamazenta|slp|[msg]\n|move|p2a: Toucannon|Beak Blast|p1a: Zamazenta\n|-supereffective|p1a: Zamazenta\n|-damage|p1a: Zamazenta|182/248\n|\n|upkeep\n|turn|9\n|\n|t:|1781391538\n|-singleturn|p2a: Toucannon|move: Beak Blast\n|move|p1a: Zamazenta|Body Press|p2a: Toucannon\n|-damage|p2a: Toucannon|0 fnt\n|-status|p1a: Zamazenta|brn\n|faint|p2a: Toucannon\n|\n|-damage|p1a: Zamazenta|167/248 brn|[from] brn\n|upkeep\n|\n|t:|1781391544\n|switch|p2a: Banette|Banette, L93, F|270/270\n|turn|10\n|\n|t:|1781391549\n|move|p1a: Zamazenta|Rest|p1a: Zamazenta\n|-status|p1a: Zamazenta|slp|[from] move: Rest\n|-heal|p1a: Zamazenta|248/248 slp|[silent]\n|move|p2a: Banette|Swords Dance|p2a: Banette\n|-boost|p2a: Banette|atk|2\n|\n|upkeep\n|turn|11\n|\n|t:|1781391553\n|cant|p1a: Zamazenta|slp\n|move|p2a: Banette|Swords Dance|p2a: Banette\n|-boost|p2a: Banette|atk|2\n|\n|upkeep\n|turn|12\n|inactive|Arionblue_practice has 120 seconds left.\n|inactive|Arionblue_practice has 90 seconds left.\n|inactive|Arionblue_practice has 60 seconds left.\n|inactive|Arionblue_practice has 30 seconds left.\n|\n|t:|1781391682\n|cant|p1a: Zamazenta|slp\n|move|p2a: Banette|Swords Dance|p2a: Banette\n|-boost|p2a: Banette|atk|2\n|\n|upkeep\n|turn|13\n|\n|t:|1781391686\n|-curestatus|p1a: Zamazenta|slp|[msg]\n|move|p1a: Zamazenta|Crunch|p2a: Banette\n|-supereffective|p2a: Banette\n|-damage|p2a: Banette|160/270\n|move|p2a: Banette|Poltergeist||[still]\n|-fail|p2a: Banette\n|\n|upkeep\n|turn|14\n|c|\u2606Profschnitzel|lol\n|\n|t:|1781391695\n|move|p1a: Zamazenta|Crunch|p2a: Banette\n|-supereffective|p2a: Banette\n|-damage|p2a: Banette|46/270\n|-unboost|p2a: Banette|def|1\n|move|p2a: Banette|Gunk Shot|p1a: Zamazenta|[miss]\n|-miss|p2a: Banette|p1a: Zamazenta\n|\n|upkeep\n|turn|15\n|-message|Arionblue_practice forfeited.\n|\n|win|Profschnitzel\n", "uploadtime": 1781391465, "views": 3, "formatid": "gen9randombattle", "rating": null, "private": 0, "password": null}