{"id": "gen9randombattle-2631793447", "format": "[Gen 9] Random Battle", "players": ["Beabeabeats", "razzybazzy"], "log": "|j|\u2606Beabeabeats\n|j|\u2606razzybazzy\n|t:|1781440535\n|gametype|singles\n|player|p1|Beabeabeats|acetrainercouple|1394\n|player|p2|razzybazzy|2|1438\n|gen|9\n|tier|[Gen 9] Random Battle\n|rated|\n|rule|Species Clause: Limit one of each Pok\u00e9mon\n|rule|HP Percentage Mod: HP is shown in percentages\n|rule|Sleep Clause Mod: Limit one foe put to sleep\n|rule|Illusion Level Mod: Illusion disguises the Pok\u00e9mon's true level\n|\n|t:|1781440535\n|teamsize|p1|6\n|teamsize|p2|6\n|start\n|switch|p1a: Palkia|Palkia-Origin, L72|249/249\n|switch|p2a: Raikou|Raikou, L81|278/278\n|-ability|p2a: Raikou|Pressure\n|-ability|p1a: Palkia|Pressure\n|turn|1\n|\n|t:|1781440561\n|move|p2a: Raikou|Calm Mind|p2a: Raikou\n|-boost|p2a: Raikou|spa|1\n|-boost|p2a: Raikou|spd|1\n|move|p1a: Palkia|Spacial Rend|p2a: Raikou\n|-damage|p2a: Raikou|188/278\n|\n|-heal|p2a: Raikou|205/278|[from] item: Leftovers\n|upkeep\n|turn|2\n|\n|t:|1781440583\n|switch|p1a: Pikachu|Pikachu-Hoenn, L93, M|216/216\n|move|p2a: Raikou|Calm Mind|p2a: Raikou\n|-boost|p2a: Raikou|spa|1\n|-boost|p2a: Raikou|spd|1\n|\n|-heal|p2a: Raikou|222/278|[from] item: Leftovers\n|upkeep\n|turn|3\n|\n|t:|1781440597\n|move|p2a: Raikou|Shadow Ball|p1a: Pikachu\n|-damage|p1a: Pikachu|61/216\n|move|p1a: Pikachu|Play Rough|p2a: Raikou\n|-damage|p2a: Raikou|95/278\n|\n|-heal|p2a: Raikou|112/278|[from] item: Leftovers\n|upkeep\n|turn|4\n|\n|t:|1781440608\n|move|p2a: Raikou|Shadow Ball|p1a: Pikachu\n|-damage|p1a: Pikachu|0 fnt\n|faint|p1a: Pikachu\n|\n|-heal|p2a: Raikou|129/278|[from] item: Leftovers\n|upkeep\n|\n|t:|1781440620\n|switch|p1a: Sunflora|Sunflora, M|312/312\n|turn|5\n|\n|t:|1781440636\n|move|p2a: Raikou|Shadow Ball|p1a: Sunflora\n|-damage|p1a: Sunflora|202/312\n|move|p1a: Sunflora|Sunny Day|p1a: Sunflora\n|-weather|SunnyDay\n|\n|-weather|SunnyDay|[upkeep]\n|-heal|p2a: Raikou|146/278|[from] item: Leftovers\n|upkeep\n|turn|6\n|\n|t:|1781440649\n|move|p1a: Sunflora|Solar Beam||[still]\n|-prepare|p1a: Sunflora|Solar Beam\n|-anim|p1a: Sunflora|Solar Beam|p2a: Raikou\n|-crit|p2a: Raikou\n|-damage|p2a: Raikou|0 fnt\n|faint|p2a: Raikou\n|-damage|p1a: Sunflora|171/312|[from] item: Life Orb\n|\n|-weather|SunnyDay|[upkeep]\n|upkeep\n|\n|t:|1781440662\n|switch|p2a: Ditto|Ditto, L87|225/225\n|-transform|p2a: Ditto|p1a: Sunflora|[from] ability: Imposter\n|turn|7\n|\n|t:|1781440671\n|-terastallize|p1a: Sunflora|Fire\n|move|p2a: Ditto|Weather Ball|p1a: Sunflora\n|-resisted|p1a: Sunflora\n|-damage|p1a: Sunflora|112/312\n|move|p1a: Sunflora|Weather Ball|p2a: Ditto\n|-supereffective|p2a: Ditto\n|-damage|p2a: Ditto|0 fnt\n|faint|p2a: Ditto\n|-damage|p1a: Sunflora|81/312|[from] item: Life Orb\n|\n|-weather|SunnyDay|[upkeep]\n|upkeep\n|\n|t:|1781440681\n|switch|p2a: Alcremie|Alcremie-Rainbow-Swirl, L90, F|263/263\n|turn|8\n|\n|t:|1781440690\n|-terastallize|p2a: Alcremie|Ground\n|move|p1a: Sunflora|Solar Beam||[still]\n|-prepare|p1a: Sunflora|Solar Beam\n|-anim|p1a: Sunflora|Solar Beam|p2a: Alcremie\n|-supereffective|p2a: Alcremie\n|-damage|p2a: Alcremie|0 fnt\n|faint|p2a: Alcremie\n|-damage|p1a: Sunflora|50/312|[from] item: Life Orb\n|\n|-weather|SunnyDay|[upkeep]\n|upkeep\n|\n|t:|1781440695\n|switch|p2a: Armarouge|Armarouge, L80, F|267/267\n|turn|9\n|\n|t:|1781440705\n|move|p1a: Sunflora|Earth Power|p2a: Armarouge\n|-supereffective|p2a: Armarouge\n|-damage|p2a: Armarouge|0 fnt\n|faint|p2a: Armarouge\n|-damage|p1a: Sunflora|19/312|[from] item: Life Orb\n|\n|-weather|none\n|upkeep\n|\n|t:|1781440708\n|switch|p2a: Oricorio|Oricorio-Pom-Pom, L82, M|257/257\n|turn|10\n|\n|t:|1781440719\n|move|p2a: Oricorio|Revelation Dance|p1a: Sunflora\n|-damage|p1a: Sunflora|0 fnt\n|faint|p1a: Sunflora\n|\n|upkeep\n|\n|t:|1781440738\n|switch|p1a: Eelektross|Eelektross, L87, M|290/290\n|turn|11\n|inactive|Battle timer is ON: inactive players will automatically lose when time's up. (requested by razzybazzy)\n|\n|t:|1781440744\n|switch|p2a: Mamoswine|Mamoswine, L81, F|311/311\n|move|p1a: Eelektross|Knock Off|p2a: Mamoswine\n|-damage|p2a: Mamoswine|212/311\n|-enditem|p2a: Mamoswine|Choice Band|[from] move: Knock Off|[of] p1a: Eelektross\n|\n|upkeep\n|turn|12\n|\n|t:|1781440757\n|move|p2a: Mamoswine|Knock Off|p1a: Eelektross\n|-damage|p1a: Eelektross|204/290\n|-enditem|p1a: Eelektross|Assault Vest|[from] move: Knock Off|[of] p2a: Mamoswine\n|move|p1a: Eelektross|Flamethrower|p2a: Mamoswine\n|-supereffective|p2a: Mamoswine\n|-damage|p2a: Mamoswine|110/311\n|-status|p2a: Mamoswine|brn\n|\n|-damage|p2a: Mamoswine|91/311 brn|[from] brn\n|upkeep\n|turn|13\n|\n|t:|1781440769\n|move|p2a: Mamoswine|Icicle Crash|p1a: Eelektross\n|-damage|p1a: Eelektross|153/290\n|move|p1a: Eelektross|Flamethrower|p2a: Mamoswine\n|-supereffective|p2a: Mamoswine\n|-damage|p2a: Mamoswine|0 fnt\n|faint|p2a: Mamoswine\n|\n|upkeep\n|\n|t:|1781440774\n|switch|p2a: Oricorio|Oricorio-Pom-Pom, L82, M|257/257\n|turn|14\n|\n|t:|1781440781\n|move|p2a: Oricorio|Quiver Dance|p2a: Oricorio\n|-boost|p2a: Oricorio|spa|1\n|-boost|p2a: Oricorio|spd|1\n|-boost|p2a: Oricorio|spe|1\n|move|p1a: Eelektross|Discharge|p2a: Oricorio\n|-damage|p2a: Oricorio|173/257\n|\n|upkeep\n|turn|15\n|\n|t:|1781440798\n|move|p2a: Oricorio|Quiver Dance|p2a: Oricorio\n|-boost|p2a: Oricorio|spa|1\n|-boost|p2a: Oricorio|spd|1\n|-boost|p2a: Oricorio|spe|1\n|move|p1a: Eelektross|U-turn|p2a: Oricorio\n|-resisted|p2a: Oricorio\n|-damage|p2a: Oricorio|137/257\n|\n|t:|1781440804\n|switch|p1a: Lunala|Lunala, L70|308/308|[from] U-turn\n|\n|upkeep\n|turn|16\n|\n|t:|1781440811\n|move|p2a: Oricorio|Revelation Dance|p1a: Lunala\n|-damage|p1a: Lunala|214/308\n|move|p1a: Lunala|Calm Mind|p1a: Lunala\n|-boost|p1a: Lunala|spa|1\n|-boost|p1a: Lunala|spd|1\n|\n|-heal|p1a: Lunala|233/308|[from] item: Leftovers\n|upkeep\n|turn|17\n|\n|t:|1781440821\n|move|p2a: Oricorio|Hurricane|p1a: Lunala\n|-damage|p1a: Lunala|73/308\n|-start|p1a: Lunala|confusion\n|-activate|p1a: Lunala|confusion\n|move|p1a: Lunala|Calm Mind|p1a: Lunala\n|-boost|p1a: Lunala|spa|1\n|-boost|p1a: Lunala|spd|1\n|\n|-heal|p1a: Lunala|92/308|[from] item: Leftovers\n|upkeep\n|turn|18\n|\n|t:|1781440835\n|move|p2a: Oricorio|Roost|p2a: Oricorio\n|-heal|p2a: Oricorio|257/257\n|-singleturn|p2a: Oricorio|move: Roost\n|-activate|p1a: Lunala|confusion\n|move|p1a: Lunala|Moonlight|p1a: Lunala\n|-heal|p1a: Lunala|246/308\n|\n|-heal|p1a: Lunala|265/308|[from] item: Leftovers\n|upkeep\n|turn|19\n|\n|t:|1781440850\n|move|p2a: Oricorio|Hurricane|p1a: Lunala|[miss]\n|-miss|p2a: Oricorio|p1a: Lunala\n|-activate|p1a: Lunala|confusion\n|move|p1a: Lunala|Calm Mind|p1a: Lunala\n|-boost|p1a: Lunala|spa|1\n|-boost|p1a: Lunala|spd|1\n|\n|-heal|p1a: Lunala|284/308|[from] item: Leftovers\n|upkeep\n|turn|20\n|\n|t:|1781440867\n|move|p2a: Oricorio|Hurricane|p1a: Lunala\n|-damage|p1a: Lunala|185/308\n|-end|p1a: Lunala|confusion\n|move|p1a: Lunala|Calm Mind|p1a: Lunala\n|-boost|p1a: Lunala|spa|1\n|-boost|p1a: Lunala|spd|1\n|\n|-heal|p1a: Lunala|204/308|[from] item: Leftovers\n|upkeep\n|turn|21\n|\n|t:|1781440880\n|move|p2a: Oricorio|Quiver Dance|p2a: Oricorio\n|-boost|p2a: Oricorio|spa|1\n|-boost|p2a: Oricorio|spd|1\n|-boost|p2a: Oricorio|spe|1\n|move|p1a: Lunala|Moongeist Beam|p2a: Oricorio\n|-damage|p2a: Oricorio|109/257\n|\n|-heal|p1a: Lunala|223/308|[from] item: Leftovers\n|upkeep\n|turn|22\n|\n|t:|1781440890\n|move|p2a: Oricorio|Revelation Dance|p1a: Lunala\n|-damage|p1a: Lunala|150/308\n|move|p1a: Lunala|Moongeist Beam|p2a: Oricorio\n|-damage|p2a: Oricorio|0 fnt\n|faint|p2a: Oricorio\n|\n|win|Beabeabeats\n|raw|Beabeabeats's rating: 1394 &rarr; <strong>1417</strong><br />(+23 for winning)\n|raw|razzybazzy's rating: 1438 &rarr; <strong>1415</strong><br />(-23 for losing)\n|l|\u2606razzybazzy\n|player|p2|\n", "uploadtime": 1781440910, "views": 10, "formatid": "gen9randombattle", "rating": 1415, "private": 0, "password": null}