{"id": "gen9randombattle-2631866997", "format": "[Gen 9] Random Battle", "players": ["Bruhcloud", "cuerodeolancho"], "log": "|j|\u2606Bruhcloud\n|j|\u2606cuerodeolancho\n|t:|1781449908\n|gametype|singles\n|player|p1|Bruhcloud|n|2130\n|player|p2|cuerodeolancho|janitor|2158\n|gen|9\n|tier|[Gen 9] Random Battle\n|rated|\n|rule|Species Clause: Limit one of each Pok\u00e9mon\n|rule|HP Percentage Mod: HP is shown in percentages\n|rule|Sleep Clause Mod: Limit one foe put to sleep\n|rule|Illusion Level Mod: Illusion disguises the Pok\u00e9mon's true level\n|\n|t:|1781449908\n|teamsize|p1|6\n|teamsize|p2|6\n|start\n|switch|p1a: Volbeat|Volbeat, L90, M|263/263\n|switch|p2a: Mightyena|Mightyena, L96, F|290/290\n|-ability|p2a: Mightyena|Intimidate|boost\n|-unboost|p1a: Volbeat|atk|1\n|turn|1\n|inactive|Battle timer is ON: inactive players will automatically lose when time's up. (requested by cuerodeolancho)\n|inactive|Bruhcloud also wants the timer to be on.\n|\n|t:|1781449922\n|move|p1a: Volbeat|Lunge|p2a: Mightyena\n|-supereffective|p2a: Mightyena\n|-damage|p2a: Mightyena|186/290\n|-unboost|p2a: Mightyena|atk|1\n|move|p2a: Mightyena|Poison Fang|p1a: Volbeat\n|-damage|p1a: Volbeat|234/263\n|-status|p1a: Volbeat|tox\n|\n|-damage|p1a: Volbeat|218/263 tox|[from] psn\n|upkeep\n|turn|2\n|\n|t:|1781449927\n|move|p1a: Volbeat|Lunge|p2a: Mightyena\n|-supereffective|p2a: Mightyena\n|-damage|p2a: Mightyena|70/290\n|-unboost|p2a: Mightyena|atk|1\n|move|p2a: Mightyena|Super Fang|p1a: Volbeat\n|-damage|p1a: Volbeat|109/263 tox\n|\n|-damage|p1a: Volbeat|77/263 tox|[from] psn\n|upkeep\n|turn|3\n|\n|t:|1781449933\n|move|p1a: Volbeat|Roost|p1a: Volbeat\n|-heal|p1a: Volbeat|209/263 tox\n|-singleturn|p1a: Volbeat|move: Roost\n|move|p2a: Mightyena|Super Fang|p1a: Volbeat\n|-damage|p1a: Volbeat|105/263 tox\n|\n|-damage|p1a: Volbeat|57/263 tox|[from] psn\n|upkeep\n|turn|4\n|\n|t:|1781449936\n|move|p1a: Volbeat|Roost|p1a: Volbeat\n|-heal|p1a: Volbeat|189/263 tox\n|-singleturn|p1a: Volbeat|move: Roost\n|move|p2a: Mightyena|Super Fang|p1a: Volbeat\n|-damage|p1a: Volbeat|95/263 tox\n|\n|-damage|p1a: Volbeat|31/263 tox|[from] psn\n|upkeep\n|turn|5\n|\n|t:|1781449942\n|move|p1a: Volbeat|Roost|p1a: Volbeat\n|-heal|p1a: Volbeat|163/263 tox\n|-singleturn|p1a: Volbeat|move: Roost\n|move|p2a: Mightyena|Super Fang|p1a: Volbeat\n|-damage|p1a: Volbeat|82/263 tox\n|\n|-damage|p1a: Volbeat|2/263 tox|[from] psn\n|upkeep\n|turn|6\n|\n|t:|1781449947\n|move|p1a: Volbeat|Lunge|p2a: Mightyena\n|-supereffective|p2a: Mightyena\n|-damage|p2a: Mightyena|0 fnt\n|faint|p2a: Mightyena\n|\n|-damage|p1a: Volbeat|0 fnt|[from] psn\n|faint|p1a: Volbeat\n|upkeep\n|\n|t:|1781449952\n|switch|p1a: Tsareena|Tsareena, L87, F|267/267\n|switch|p2a: Forretress|Forretress, L84, M|263/263\n|turn|7\n|\n|t:|1781449965\n|move|p1a: Tsareena|U-turn|p2a: Forretress\n|-resisted|p2a: Forretress\n|-damage|p2a: Forretress|242/263\n|\n|t:|1781449966\n|switch|p1a: Misdreavus|Misdreavus, L90, M|254/254|[from] U-turn\n|move|p2a: Forretress|Iron Head|p1a: Misdreavus\n|-damage|p1a: Misdreavus|190/254\n|\n|-heal|p2a: Forretress|258/263|[from] item: Leftovers\n|upkeep\n|turn|8\n|\n|t:|1781449989\n|move|p1a: Misdreavus|Will-O-Wisp|p2a: Forretress\n|-status|p2a: Forretress|brn\n|move|p2a: Forretress|Stealth Rock|p1a: Misdreavus\n|-sidestart|p1: Bruhcloud|move: Stealth Rock\n|\n|-heal|p2a: Forretress|263/263 brn|[from] item: Leftovers\n|-damage|p2a: Forretress|247/263 brn|[from] brn\n|upkeep\n|turn|9\n|\n|t:|1781450004\n|switch|p2a: Stonjourner|Stonjourner, L91, M, shiny|330/330\n|move|p1a: Misdreavus|Calm Mind|p1a: Misdreavus\n|-boost|p1a: Misdreavus|spa|1\n|-boost|p1a: Misdreavus|spd|1\n|\n|upkeep\n|turn|10\n|\n|t:|1781450013\n|move|p1a: Misdreavus|Will-O-Wisp|p2a: Stonjourner\n|-status|p2a: Stonjourner|brn\n|move|p2a: Stonjourner|Stone Edge|p1a: Misdreavus\n|-damage|p1a: Misdreavus|103/254\n|-damage|p2a: Stonjourner|297/330 brn|[from] item: Life Orb\n|\n|-damage|p2a: Stonjourner|277/330 brn|[from] brn\n|upkeep\n|turn|11\n|\n|t:|1781450018\n|move|p1a: Misdreavus|Draining Kiss|p2a: Stonjourner\n|-damage|p2a: Stonjourner|149/330 brn\n|-heal|p1a: Misdreavus|199/254|[from] drain|[of] p2a: Stonjourner\n|move|p2a: Stonjourner|Stone Edge|p1a: Misdreavus\n|-damage|p1a: Misdreavus|116/254\n|-damage|p2a: Stonjourner|116/330 brn|[from] item: Life Orb\n|\n|-damage|p2a: Stonjourner|96/330 brn|[from] brn\n|upkeep\n|turn|12\n|\n|t:|1781450024\n|move|p1a: Misdreavus|Draining Kiss|p2a: Stonjourner\n|-damage|p2a: Stonjourner|0 fnt\n|-heal|p1a: Misdreavus|188/254|[from] drain|[of] p2a: Stonjourner\n|faint|p2a: Stonjourner\n|\n|upkeep\n|c|\u2606cuerodeolancho|man fck misdreavus\n|-message|cuerodeolancho forfeited.\n|\n|win|Bruhcloud\n", "uploadtime": 1781449909, "views": 3, "formatid": "gen9randombattle", "rating": null, "private": 0, "password": null}