{"id": "gen9randombattle-2631672802", "format": "[Gen 9] Random Battle", "players": ["Alloking", "darkiway"], "log": "|j|\u2606Alloking\n|j|\u2606darkiway\n|t:|1781419048\n|gametype|singles\n|player|p1|Alloking|blue-gen3champion|1918\n|player|p2|darkiway|lady|1950\n|gen|9\n|tier|[Gen 9] Random Battle\n|rated|\n|rule|Species Clause: Limit one of each Pok\u00e9mon\n|rule|HP Percentage Mod: HP is shown in percentages\n|rule|Sleep Clause Mod: Limit one foe put to sleep\n|rule|Illusion Level Mod: Illusion disguises the Pok\u00e9mon's true level\n|\n|t:|1781419048\n|teamsize|p1|6\n|teamsize|p2|6\n|start\n|switch|p1a: Abomasnow|Abomasnow, L84, F|287/287\n|switch|p2a: Swalot|Swalot, L90, F|326/326\n|-weather|Snowscape|[from] ability: Snow Warning|[of] p1a: Abomasnow\n|turn|1\n|inactive|Battle timer is ON: inactive players will automatically lose when time's up. (requested by Alloking)\n|\n|t:|1781419077\n|move|p2a: Swalot|Knock Off|p1a: Abomasnow\n|-damage|p1a: Abomasnow|241/287\n|-enditem|p1a: Abomasnow|Light Clay|[from] move: Knock Off|[of] p2a: Swalot\n|move|p1a: Abomasnow|Aurora Veil|p1a: Abomasnow\n|-sidestart|p1: Alloking|move: Aurora Veil\n|\n|-weather|Snowscape|[upkeep]\n|upkeep\n|turn|2\n|\n|t:|1781419099\n|switch|p2a: Delibird|Delibird, F|252/252\n|switch|p1a: Wyrdeer|Wyrdeer, L87, F|321/321\n|-ability|p1a: Wyrdeer|Intimidate|boost\n|-unboost|p2a: Delibird|atk|1\n|\n|-weather|Snowscape|[upkeep]\n|upkeep\n|turn|3\n|\n|t:|1781419113\n|move|p2a: Delibird|Spikes|p1a: Wyrdeer\n|-sidestart|p1: Alloking|Spikes\n|move|p1a: Wyrdeer|Thunder Wave|p2a: Delibird|[miss]\n|-miss|p1a: Wyrdeer|p2a: Delibird\n|\n|-weather|Snowscape|[upkeep]\n|upkeep\n|turn|4\n|\n|t:|1781419122\n|switch|p1a: Plusle|Plusle, L95, M|268/268\n|-damage|p1a: Plusle|235/268|[from] Spikes\n|move|p2a: Delibird|Spikes|p1a: Plusle\n|-sidestart|p1: Alloking|Spikes\n|\n|-weather|Snowscape|[upkeep]\n|upkeep\n|turn|5\n|\n|t:|1781419135\n|switch|p2a: Gliscor|Gliscor, L76, M|239/239\n|move|p1a: Plusle|Nasty Plot|p1a: Plusle\n|-boost|p1a: Plusle|spa|2\n|\n|-weather|none\n|-sideend|p1: Alloking|move: Aurora Veil\n|-status|p2a: Gliscor|tox|[from] item: Toxic Orb\n|upkeep\n|turn|6\n|\n|t:|1781419143\n|move|p1a: Plusle|Alluring Voice|p2a: Gliscor\n|-damage|p2a: Gliscor|31/239 tox\n|-damage|p1a: Plusle|209/268|[from] item: Life Orb\n|move|p2a: Gliscor|Earthquake|p1a: Plusle\n|-supereffective|p1a: Plusle\n|-damage|p1a: Plusle|0 fnt\n|faint|p1a: Plusle\n|\n|-heal|p2a: Gliscor|60/239 tox|[from] ability: Poison Heal\n|upkeep\n|\n|t:|1781419156\n|switch|p1a: Meowstic|Meowstic-F, L89, F|277/277\n|-damage|p1a: Meowstic|231/277|[from] Spikes\n|turn|7\n|inactive|darkiway has 120 seconds left.\n|\n|t:|1781419186\n|move|p1a: Meowstic|Nasty Plot|p1a: Meowstic\n|-boost|p1a: Meowstic|spa|2\n|move|p2a: Gliscor|Toxic|p1a: Meowstic\n|-status|p1a: Meowstic|tox\n|\n|-damage|p1a: Meowstic|214/277 tox|[from] psn\n|-heal|p2a: Gliscor|89/239 tox|[from] ability: Poison Heal\n|upkeep\n|turn|8\n|inactive|darkiway has 120 seconds left.\n|\n|t:|1781419196\n|move|p2a: Gliscor|Protect|p2a: Gliscor\n|-singleturn|p2a: Gliscor|Protect\n|move|p1a: Meowstic|Psyshock|p2a: Gliscor\n|-activate|p2a: Gliscor|move: Protect\n|\n|-damage|p1a: Meowstic|180/277 tox|[from] psn\n|-heal|p2a: Gliscor|118/239 tox|[from] ability: Poison Heal\n|upkeep\n|turn|9\n|\n|t:|1781419205\n|switch|p2a: Delibird|Delibird, F|252/252\n|move|p1a: Meowstic|Psyshock|p2a: Delibird\n|-damage|p2a: Delibird|0 fnt\n|faint|p2a: Delibird\n|-damage|p1a: Meowstic|153/277 tox|[from] item: Life Orb\n|\n|-damage|p1a: Meowstic|102/277 tox|[from] psn\n|upkeep\n|inactive|darkiway has 120 seconds left.\n|\n|t:|1781419218\n|switch|p2a: Seviper|Seviper, L93, M|287/287\n|turn|10\n|\n|t:|1781419234\n|move|p1a: Meowstic|Psyshock|p2a: Seviper\n|-supereffective|p2a: Seviper\n|-damage|p2a: Seviper|0 fnt\n|faint|p2a: Seviper\n|-damage|p1a: Meowstic|75/277 tox|[from] item: Life Orb\n|\n|-damage|p1a: Meowstic|7/277 tox|[from] psn\n|upkeep\n|\n|t:|1781419238\n|switch|p2a: Gliscor|Gliscor, L76, M|118/239 tox\n|turn|11\n|\n|t:|1781419242\n|switch|p1a: Abomasnow|Abomasnow, L84, F|241/287\n|-damage|p1a: Abomasnow|194/287|[from] Spikes\n|-weather|Snowscape|[from] ability: Snow Warning|[of] p1a: Abomasnow\n|move|p2a: Gliscor|Protect||[still]\n|-fail|p2a: Gliscor\n|\n|-weather|Snowscape|[upkeep]\n|-heal|p2a: Gliscor|147/239 tox|[from] ability: Poison Heal\n|upkeep\n|turn|12\n|\n|t:|1781419256\n|switch|p2a: Cinderace|Cinderace, L77, F|249/249\n|move|p1a: Abomasnow|Blizzard|p2a: Cinderace\n|-resisted|p2a: Cinderace\n|-damage|p2a: Cinderace|175/249\n|\n|-weather|Snowscape|[upkeep]\n|upkeep\n|turn|13\n|\n|t:|1781419266\n|switch|p1a: Meowstic|Meowstic-F, L89, F|7/277 tox\n|-damage|p1a: Meowstic|0 fnt|[from] Spikes\n|faint|p1a: Meowstic\n|move|p2a: Cinderace|Pyro Ball|p1: Meowstic|[notarget]\n|-fail|p2a: Cinderace\n|\n|-weather|Snowscape|[upkeep]\n|upkeep\n|\n|t:|1781419276\n|switch|p1a: Wyrdeer|Wyrdeer, L87, F|321/321\n|-damage|p1a: Wyrdeer|268/321|[from] Spikes\n|-ability|p1a: Wyrdeer|Intimidate|boost\n|-unboost|p2a: Cinderace|atk|1\n|turn|14\n|\n|t:|1781419287\n|switch|p2a: Gastrodon|Gastrodon-East, L86, F|331/331\n|move|p1a: Wyrdeer|Psychic Noise|p2a: Gastrodon\n|-damage|p2a: Gastrodon|241/331\n|-start|p2a: Gastrodon|move: Heal Block\n|\n|-weather|Snowscape|[upkeep]\n|-heal|p1a: Wyrdeer|288/321|[from] item: Leftovers\n|upkeep\n|turn|15\n|\n|t:|1781419304\n|move|p1a: Wyrdeer|Earthquake|p2a: Gastrodon\n|-damage|p2a: Gastrodon|145/331\n|move|p2a: Gastrodon|Sludge Bomb|p1a: Wyrdeer\n|-damage|p1a: Wyrdeer|221/321\n|\n|-weather|none\n|-heal|p1a: Wyrdeer|241/321|[from] item: Leftovers\n|-end|p2a: Gastrodon|move: Heal Block\n|upkeep\n|turn|16\n|\n|t:|1781419313\n|move|p1a: Wyrdeer|Psychic Noise|p2a: Gastrodon\n|-damage|p2a: Gastrodon|51/331\n|-start|p2a: Gastrodon|move: Heal Block\n|move|p2a: Gastrodon|Earthquake|p1a: Wyrdeer\n|-damage|p1a: Wyrdeer|130/321\n|\n|-heal|p1a: Wyrdeer|150/321|[from] item: Leftovers\n|upkeep\n|turn|17\n|\n|t:|1781419316\n|switch|p1a: Abomasnow|Abomasnow, L84, F|194/287\n|-damage|p1a: Abomasnow|147/287|[from] Spikes\n|-weather|Snowscape|[from] ability: Snow Warning|[of] p1a: Abomasnow\n|move|p2a: Gastrodon|Earthquake|p1a: Abomasnow\n|-resisted|p1a: Abomasnow\n|-damage|p1a: Abomasnow|110/287\n|\n|-weather|Snowscape|[upkeep]\n|-end|p2a: Gastrodon|move: Heal Block\n|upkeep\n|turn|18\n|\n|t:|1781419321\n|move|p1a: Abomasnow|Aurora Veil|p1a: Abomasnow\n|-sidestart|p1: Alloking|move: Aurora Veil\n|move|p2a: Gastrodon|Recover|p2a: Gastrodon\n|-heal|p2a: Gastrodon|217/331\n|\n|-weather|Snowscape|[upkeep]\n|-heal|p2a: Gastrodon|237/331|[from] item: Leftovers\n|upkeep\n|turn|19\n|\n|t:|1781419325\n|switch|p2a: Cinderace|Cinderace, L77, F|175/249\n|move|p1a: Abomasnow|Wood Hammer|p2a: Cinderace\n|-resisted|p2a: Cinderace\n|-damage|p2a: Cinderace|97/249\n|-damage|p1a: Abomasnow|84/287|[from] Recoil\n|\n|-weather|Snowscape|[upkeep]\n|upkeep\n|turn|20\n|\n|t:|1781419331\n|move|p2a: Cinderace|Pyro Ball|p1a: Abomasnow\n|-supereffective|p1a: Abomasnow\n|-damage|p1a: Abomasnow|0 fnt\n|faint|p1a: Abomasnow\n|\n|-weather|Snowscape|[upkeep]\n|upkeep\n|\n|t:|1781419333\n|switch|p1a: Cloyster|Cloyster, L80, F|211/211\n|-damage|p1a: Cloyster|176/211|[from] Spikes\n|turn|21\n|inactive|darkiway has 120 seconds left.\n|\n|t:|1781419365\n|switch|p2a: Gastrodon|Gastrodon-East, L86, F|237/331\n|move|p1a: Cloyster|Shell Smash|p1a: Cloyster\n|-unboost|p1a: Cloyster|def|1\n|-unboost|p1a: Cloyster|spd|1\n|-boost|p1a: Cloyster|atk|2\n|-boost|p1a: Cloyster|spa|2\n|-boost|p1a: Cloyster|spe|2\n|-enditem|p1a: Cloyster|White Herb\n|-clearnegativeboost|p1a: Cloyster|[silent]\n|\n|-weather|none\n|-heal|p2a: Gastrodon|257/331|[from] item: Leftovers\n|upkeep\n|turn|22\n|\n|t:|1781419374\n|move|p1a: Cloyster|Icicle Spear|p2a: Gastrodon\n|-damage|p2a: Gastrodon|203/331\n|-damage|p2a: Gastrodon|143/331\n|-damage|p2a: Gastrodon|88/331\n|-damage|p2a: Gastrodon|33/331\n|-damage|p2a: Gastrodon|0 fnt\n|faint|p2a: Gastrodon\n|-hitcount|p2: Gastrodon|5\n|\n|-sideend|p1: Alloking|move: Aurora Veil\n|upkeep\n|\n|t:|1781419381\n|switch|p2a: Gliscor|Gliscor, L76, M|147/239 tox\n|turn|23\n|\n|t:|1781419399\n|-terastallize|p2a: Gliscor|Water\n|move|p1a: Cloyster|Icicle Spear|p2a: Gliscor\n|-resisted|p2a: Gliscor\n|-damage|p2a: Gliscor|126/239 tox\n|-resisted|p2a: Gliscor\n|-damage|p2a: Gliscor|108/239 tox\n|-resisted|p2a: Gliscor\n|-damage|p2a: Gliscor|89/239 tox\n|-resisted|p2a: Gliscor\n|-crit|p2a: Gliscor\n|-damage|p2a: Gliscor|59/239 tox\n|-resisted|p2a: Gliscor\n|-damage|p2a: Gliscor|38/239 tox\n|-hitcount|p2a: Gliscor|5\n|move|p2a: Gliscor|Toxic|p1a: Cloyster\n|-status|p1a: Cloyster|tox\n|\n|-damage|p1a: Cloyster|163/211 tox|[from] psn\n|-heal|p2a: Gliscor|67/239 tox|[from] ability: Poison Heal\n|upkeep\n|turn|24\n|\n|t:|1781419421\n|move|p2a: Gliscor|Protect|p2a: Gliscor\n|-singleturn|p2a: Gliscor|Protect\n|move|p1a: Cloyster|Rock Blast|p2a: Gliscor\n|-activate|p2a: Gliscor|move: Protect\n|\n|-damage|p1a: Cloyster|137/211 tox|[from] psn\n|-heal|p2a: Gliscor|96/239 tox|[from] ability: Poison Heal\n|upkeep\n|turn|25\n|\n|t:|1781419436\n|switch|p2a: Swalot|Swalot, L90, F|326/326\n|move|p1a: Cloyster|Rock Blast|p2a: Swalot\n|-damage|p2a: Swalot|296/326\n|-crit|p2a: Swalot\n|-damage|p2a: Swalot|248/326\n|-damage|p2a: Swalot|217/326\n|-damage|p2a: Swalot|186/326\n|-damage|p2a: Swalot|156/326\n|-hitcount|p2a: Swalot|5\n|\n|-heal|p2a: Swalot|176/326|[from] item: Leftovers\n|-damage|p1a: Cloyster|98/211 tox|[from] psn\n|upkeep\n|turn|26\n|\n|t:|1781419450\n|move|p1a: Cloyster|Drill Run|p2a: Swalot\n|-supereffective|p2a: Swalot\n|-damage|p2a: Swalot|0 fnt\n|faint|p2a: Swalot\n|\n|-damage|p1a: Cloyster|46/211 tox|[from] psn\n|upkeep\n|\n|t:|1781419454\n|switch|p2a: Gliscor|Gliscor, L76, M, tera:Water|96/239 tox\n|turn|27\n|\n|t:|1781419462\n|move|p2a: Gliscor|Protect|p2a: Gliscor\n|-singleturn|p2a: Gliscor|Protect\n|move|p1a: Cloyster|Icicle Spear|p2a: Gliscor\n|-activate|p2a: Gliscor|move: Protect\n|\n|-damage|p1a: Cloyster|0 fnt|[from] psn\n|faint|p1a: Cloyster\n|-heal|p2a: Gliscor|125/239 tox|[from] ability: Poison Heal\n|upkeep\n|\n|t:|1781419465\n|switch|p1a: Quaquaval|Quaquaval, L79, M|264/264\n|-damage|p1a: Quaquaval|220/264|[from] Spikes\n|turn|28\n|\n|t:|1781419476\n|-terastallize|p1a: Quaquaval|Steel\n|move|p2a: Gliscor|Toxic|p1a: Quaquaval\n|-immune|p1a: Quaquaval\n|move|p1a: Quaquaval|Aqua Step|p2a: Gliscor\n|-resisted|p2a: Gliscor\n|-damage|p2a: Gliscor|78/239 tox\n|-boost|p1a: Quaquaval|spe|1\n|-damage|p1a: Quaquaval|194/264|[from] item: Life Orb\n|\n|-heal|p2a: Gliscor|107/239 tox|[from] ability: Poison Heal\n|upkeep\n|turn|29\n|\n|t:|1781419485\n|move|p1a: Quaquaval|Close Combat|p2a: Gliscor\n|-damage|p2a: Gliscor|0 fnt\n|-unboost|p1a: Quaquaval|def|1\n|-unboost|p1a: Quaquaval|spd|1\n|faint|p2a: Gliscor\n|-ability|p1a: Quaquaval|Moxie|boost\n|-boost|p1a: Quaquaval|atk|1\n|-damage|p1a: Quaquaval|168/264|[from] item: Life Orb\n|\n|upkeep\n|\n|t:|1781419489\n|switch|p2a: Cinderace|Cinderace, L77, F|97/249\n|turn|30\n|-message|darkiway forfeited.\n|\n|win|Alloking\n|raw|Alloking's rating: 1918 &rarr; <strong>1940</strong><br />(+22 for winning)\n|raw|darkiway's rating: 1950 &rarr; <strong>1928</strong><br />(-22 for losing)\n", "uploadtime": 1781419497, "views": 3, "formatid": "gen9randombattle", "rating": 1928, "private": 0, "password": null}