{"id": "gen9randombattle-2631374738", "format": "[Gen 9] Random Battle", "players": ["monkertv", "crustlemuscle"], "log": "|j|\u2606monkertv\n|j|\u2606crustlemuscle\n|t:|1781377172\n|gametype|singles\n|player|p1|monkertv|265|1926\n|player|p2|crustlemuscle|102|1982\n|gen|9\n|tier|[Gen 9] Random Battle\n|rated|\n|rule|Species Clause: Limit one of each Pok\u00e9mon\n|rule|HP Percentage Mod: HP is shown in percentages\n|rule|Sleep Clause Mod: Limit one foe put to sleep\n|rule|Illusion Level Mod: Illusion disguises the Pok\u00e9mon's true level\n|\n|t:|1781377172\n|teamsize|p1|6\n|teamsize|p2|6\n|start\n|switch|p1a: Arboliva|Arboliva, L91, F|288/288\n|switch|p2a: Carbink|Carbink, L90|236/236\n|turn|1\n|inactive|Battle timer is ON: inactive players will automatically lose when time's up. (requested by monkertv)\n|\n|t:|1781377187\n|switch|p2a: Hatterene|Hatterene, L85, F|236/236\n|move|p1a: Arboliva|Leech Seed|p2a: Hatterene\n|move|p2a: Hatterene|Leech Seed|p1a: Arboliva|[from] ability: Magic Bounce\n|-immune|p1a: Arboliva\n|\n|upkeep\n|turn|2\n|\n|t:|1781377202\n|move|p1a: Arboliva|Protect|p1a: Arboliva\n|-singleturn|p1a: Arboliva|Protect\n|move|p2a: Hatterene|Mystical Fire|p1a: Arboliva\n|-activate|p1a: Arboliva|move: Protect\n|\n|upkeep\n|turn|3\n|\n|t:|1781377218\n|switch|p1a: Greedent|Greedent, L86, F|347/347\n|move|p2a: Hatterene|Calm Mind|p2a: Hatterene\n|-boost|p2a: Hatterene|spa|1\n|-boost|p2a: Hatterene|spd|1\n|\n|upkeep\n|turn|4\n|\n|t:|1781377226\n|move|p2a: Hatterene|Psyshock|p1a: Greedent\n|-damage|p1a: Greedent|182/347\n|move|p1a: Greedent|Swords Dance|p1a: Greedent\n|-boost|p1a: Greedent|atk|2\n|\n|upkeep\n|turn|5\n|\n|t:|1781377237\n|switch|p2a: Spiritomb|Spiritomb, L89, M|234/234\n|move|p1a: Greedent|Knock Off|p2a: Spiritomb\n|-damage|p2a: Spiritomb|125/234\n|-enditem|p2a: Spiritomb|Choice Band|[from] move: Knock Off|[of] p1a: Greedent\n|\n|upkeep\n|turn|6\n|\n|t:|1781377243\n|move|p2a: Spiritomb|Foul Play|p1a: Greedent\n|-damage|p1a: Greedent|0 fnt\n|faint|p1a: Greedent\n|\n|upkeep\n|\n|t:|1781377270\n|switch|p1a: Iron Leaves|Iron Leaves, L80|275/275\n|turn|7\n|\n|t:|1781377278\n|move|p1a: Iron Leaves|Leaf Blade|p2a: Spiritomb\n|-damage|p2a: Spiritomb|0 fnt\n|faint|p2a: Spiritomb\n|\n|upkeep\n|\n|t:|1781377284\n|switch|p2a: Heracross|Heracross, L80, F|259/259\n|turn|8\n|\n|t:|1781377292\n|-end|p1a: Iron Leaves|Quark Drive|[silent]\n|switch|p1a: Gastrodon|Gastrodon, L86, M|331/331\n|move|p2a: Heracross|Knock Off|p1a: Gastrodon\n|-damage|p1a: Gastrodon|195/331\n|-enditem|p1a: Gastrodon|Leftovers|[from] move: Knock Off|[of] p2a: Heracross\n|\n|upkeep\n|turn|9\n|\n|t:|1781377305\n|switch|p2a: Pelipper|Pelipper, L86, F|243/243\n|-weather|RainDance|[from] ability: Drizzle|[of] p2a: Pelipper\n|move|p1a: Gastrodon|Recover|p1a: Gastrodon\n|-heal|p1a: Gastrodon|331/331\n|\n|-weather|RainDance|[upkeep]\n|upkeep\n|turn|10\n|\n|t:|1781377312\n|move|p2a: Pelipper|Hurricane|p1a: Gastrodon\n|-crit|p1a: Gastrodon\n|-damage|p1a: Gastrodon|70/331\n|move|p1a: Gastrodon|Stealth Rock|p2a: Pelipper\n|-sidestart|p2: crustlemuscle|move: Stealth Rock\n|\n|-weather|RainDance|[upkeep]\n|upkeep\n|turn|11\n|\n|t:|1781377331\n|move|p2a: Pelipper|Hurricane|p1a: Gastrodon\n|-damage|p1a: Gastrodon|0 fnt\n|faint|p1a: Gastrodon\n|\n|-weather|RainDance|[upkeep]\n|upkeep\n|inactive|monkertv has 120 seconds left.\n|\n|t:|1781377374\n|switch|p1a: Arboliva|Arboliva, L91, F|288/288\n|turn|12\n|\n|t:|1781377378\n|move|p1a: Arboliva|Protect|p1a: Arboliva\n|-singleturn|p1a: Arboliva|Protect\n|move|p2a: Pelipper|Hurricane|p1a: Arboliva\n|-activate|p1a: Arboliva|move: Protect\n|\n|-weather|RainDance|[upkeep]\n|upkeep\n|turn|13\n|\n|t:|1781377384\n|move|p2a: Pelipper|Hurricane|p1a: Arboliva\n|-supereffective|p1a: Arboliva\n|-crit|p1a: Arboliva\n|-damage|p1a: Arboliva|0 fnt\n|faint|p1a: Arboliva\n|\n|-weather|none\n|upkeep\n|inactive|monkertv has 120 seconds left.\n|\n|t:|1781377392\n|switch|p1a: Salazzle|Salazzle, L83, F|249/249\n|turn|14\n|\n|t:|1781377395\n|switch|p2a: Hatterene|Hatterene, L85, F|236/236\n|-damage|p2a: Hatterene|207/236|[from] Stealth Rock\n|move|p1a: Salazzle|Nasty Plot|p1a: Salazzle\n|-boost|p1a: Salazzle|spa|2\n|\n|-heal|p2a: Hatterene|221/236|[from] item: Leftovers\n|upkeep\n|turn|15\n|\n|t:|1781377403\n|move|p1a: Salazzle|Sludge Wave|p2a: Hatterene\n|-supereffective|p2a: Hatterene\n|-damage|p2a: Hatterene|0 fnt\n|faint|p2a: Hatterene\n|\n|upkeep\n|\n|t:|1781377408\n|switch|p2a: Pelipper|Pelipper, L86, F|243/243\n|-damage|p2a: Pelipper|183/243|[from] Stealth Rock\n|-weather|RainDance|[from] ability: Drizzle|[of] p2a: Pelipper\n|turn|16\n|\n|t:|1781377414\n|move|p1a: Salazzle|Sludge Wave|p2a: Pelipper\n|-damage|p2a: Pelipper|0 fnt\n|faint|p2a: Pelipper\n|\n|-weather|RainDance|[upkeep]\n|upkeep\n|\n|t:|1781377420\n|switch|p2a: Regirock|Regirock, L83|268/268\n|-damage|p2a: Regirock|235/268|[from] Stealth Rock\n|turn|17\n|\n|t:|1781377425\n|-terastallize|p1a: Salazzle|Grass\n|move|p1a: Salazzle|Tera Blast|p2a: Regirock|[anim] Tera Blast Grass\n|-supereffective|p2a: Regirock\n|-crit|p2a: Regirock\n|-damage|p2a: Regirock|0 fnt\n|faint|p2a: Regirock\n|\n|-weather|RainDance|[upkeep]\n|upkeep\n|\n|t:|1781377432\n|switch|p2a: Heracross|Heracross, L80, F|259/259\n|-damage|p2a: Heracross|227/259|[from] Stealth Rock\n|turn|18\n|\n|t:|1781377452\n|move|p1a: Salazzle|Fire Blast|p2a: Heracross\n|-supereffective|p2a: Heracross\n|-damage|p2a: Heracross|0 fnt\n|faint|p2a: Heracross\n|\n|-weather|RainDance|[upkeep]\n|upkeep\n|\n|t:|1781377458\n|switch|p2a: Carbink|Carbink, L90|236/236\n|-damage|p2a: Carbink|207/236|[from] Stealth Rock\n|turn|19\n|\n|t:|1781377473\n|-terastallize|p2a: Carbink|Fighting\n|move|p1a: Salazzle|Tera Blast|p2a: Carbink|[anim] Tera Blast Grass\n|-damage|p2a: Carbink|99/236\n|move|p2a: Carbink|Rock Polish|p2a: Carbink\n|-boost|p2a: Carbink|spe|2\n|\n|-weather|RainDance|[upkeep]\n|-heal|p2a: Carbink|113/236|[from] item: Leftovers\n|upkeep\n|turn|20\n|\n|t:|1781377482\n|move|p2a: Carbink|Body Press|p1a: Salazzle\n|-damage|p1a: Salazzle|69/249\n|move|p1a: Salazzle|Sludge Wave|p2a: Carbink\n|-damage|p2a: Carbink|0 fnt\n|faint|p2a: Carbink\n|\n|win|monkertv\n", "uploadtime": 1781377174, "views": 6, "formatid": "gen9randombattle", "rating": null, "private": 0, "password": null}