{"id": "gen9randombattle-2631764876", "format": "[Gen 9] Random Battle", "players": ["ChadInteleonUser", "Crysys1"], "log": "|j|\u2606ChadInteleonUser\n|j|\u2606Crysys1\n|t:|1781436065\n|gametype|singles\n|player|p1|ChadInteleonUser|wallace|2145\n|player|p2|Crysys1|265|2173\n|gen|9\n|tier|[Gen 9] Random Battle\n|rated|\n|rule|Species Clause: Limit one of each Pok\u00e9mon\n|rule|HP Percentage Mod: HP is shown in percentages\n|rule|Sleep Clause Mod: Limit one foe put to sleep\n|rule|Illusion Level Mod: Illusion disguises the Pok\u00e9mon's true level\n|\n|t:|1781436065\n|teamsize|p1|6\n|teamsize|p2|6\n|start\n|switch|p1a: Slowbro|Slowbro-Galar, L87, M|307/307\n|switch|p2a: Pachirisu|Pachirisu, L96, M|271/271\n|turn|1\n|inactive|Battle timer is ON: inactive players will automatically lose when time's up. (requested by ChadInteleonUser)\n|inactive|Crysys1 has 120 seconds left.\n|\n|t:|1781436103\n|move|p2a: Pachirisu|U-turn|p1a: Slowbro\n|-crit|p1a: Slowbro\n|-damage|p1a: Slowbro|252/307\n|\n|t:|1781436105\n|switch|p2a: Shiftry|Shiftry, L89, M|305/305|[from] U-turn\n|move|p1a: Slowbro|Shell Side Arm|p2a: Shiftry|[anim] Shell Side Arm Physical\n|-supereffective|p2a: Shiftry\n|-damage|p2a: Shiftry|39/305\n|-hint|Physical Shell Side Arm\n|\n|upkeep\n|turn|2\n|\n|t:|1781436116\n|switch|p1a: Magcargo|Magcargo, L95, F|268/268\n|move|p2a: Shiftry|Swords Dance|p2a: Shiftry\n|-boost|p2a: Shiftry|atk|2\n|\n|upkeep\n|turn|3\n|\n|t:|1781436124\n|move|p2a: Shiftry|Knock Off|p1a: Magcargo\n|-damage|p1a: Magcargo|64/268\n|-status|p2a: Shiftry|brn|[from] ability: Flame Body|[of] p1a: Magcargo\n|-enditem|p1a: Magcargo|Heavy-Duty Boots|[from] move: Knock Off|[of] p2a: Shiftry\n|-damage|p2a: Shiftry|9/305 brn|[from] item: Life Orb\n|move|p1a: Magcargo|Recover|p1a: Magcargo\n|-heal|p1a: Magcargo|198/268\n|\n|-damage|p2a: Shiftry|0 fnt|[from] brn\n|faint|p2a: Shiftry\n|upkeep\n|\n|t:|1781436137\n|switch|p2a: Arceus|Arceus-Rock, L74|300/300\n|turn|4\n|\n|t:|1781436148\n|switch|p1a: Victreebel|Victreebel, L90, F|290/290\n|move|p2a: Arceus|Calm Mind|p2a: Arceus\n|-boost|p2a: Arceus|spa|1\n|-boost|p2a: Arceus|spd|1\n|\n|upkeep\n|turn|5\n|\n|t:|1781436160\n|switch|p2a: Noivern|Noivern, L82, F|274/274\n|move|p1a: Victreebel|Sunny Day|p1a: Victreebel\n|-weather|SunnyDay\n|\n|-weather|SunnyDay|[upkeep]\n|upkeep\n|turn|6\n|\n|t:|1781436165\n|move|p1a: Victreebel|Sludge Wave|p2a: Noivern\n|-damage|p2a: Noivern|95/274\n|-damage|p1a: Victreebel|261/290|[from] item: Life Orb\n|move|p2a: Noivern|Hurricane|p1a: Victreebel|[miss]\n|-miss|p2a: Noivern|p1a: Victreebel\n|\n|-weather|SunnyDay|[upkeep]\n|upkeep\n|turn|7\n|-message|Crysys1 forfeited.\n|\n|win|ChadInteleonUser\n", "uploadtime": 1781436067, "views": 3, "formatid": "gen9randombattle", "rating": null, "private": 0, "password": null}