{"id": "gen9randombattle-2631636722", "format": "[Gen 9] Random Battle", "players": ["laskhoo", "KRYSTAL444"], "log": "|j|\u2606laskhoo\n|j|\u2606KRYSTAL444\n|t:|1781412624\n|gametype|singles\n|player|p1|laskhoo|red|1026\n|player|p2|KRYSTAL444|2|1017\n|gen|9\n|tier|[Gen 9] Random Battle\n|rated|\n|rule|Species Clause: Limit one of each Pok\u00e9mon\n|rule|HP Percentage Mod: HP is shown in percentages\n|rule|Sleep Clause Mod: Limit one foe put to sleep\n|rule|Illusion Level Mod: Illusion disguises the Pok\u00e9mon's true level\n|\n|t:|1781412624\n|teamsize|p1|6\n|teamsize|p2|6\n|start\n|switch|p1a: Heracross|Heracross, L80, F|259/259\n|switch|p2a: Drifblim|Drifblim, L86, M|398/398\n|turn|1\n|inactive|Battle timer is ON: inactive players will automatically lose when time's up. (requested by KRYSTAL444)\n|inactive|KRYSTAL444 has 120 seconds left.\n|inactive|KRYSTAL444 has 90 seconds left.\n|inactive|KRYSTAL444 has 60 seconds left.\n|inactive|KRYSTAL444 has 30 seconds left.\n|c|\u2606laskhoo|Burh\n|inactive|KRYSTAL444 has 20 seconds left.\n|inactive|KRYSTAL444 has 15 seconds left.\n|inactive|KRYSTAL444 has 10 seconds left.\n|inactive|KRYSTAL444 has 5 seconds left.\n|\n|t:|1781412771\n|move|p1a: Heracross|Knock Off|p2a: Drifblim\n|-supereffective|p2a: Drifblim\n|-damage|p2a: Drifblim|152/398\n|-enditem|p2a: Drifblim|Heavy-Duty Boots|[from] move: Knock Off|[of] p1a: Heracross\n|move|p2a: Drifblim|Strength Sap|p1a: Heracross\n|-unboost|p1a: Heracross|atk|1\n|-heal|p2a: Drifblim|398/398\n|\n|upkeep\n|turn|2\n|\n|t:|1781412795\n|switch|p1a: Arceus|Arceus-Bug, L73|295/295\n|move|p2a: Drifblim|Air Slash|p1a: Arceus\n|-supereffective|p1a: Arceus\n|-damage|p1a: Arceus|145/295\n|\n|upkeep\n|turn|3\n|\n|t:|1781412810\n|move|p1a: Arceus|Fire Blast|p2a: Drifblim|[miss]\n|-miss|p1a: Arceus|p2a: Drifblim\n|move|p2a: Drifblim|Air Slash|p1a: Arceus\n|-supereffective|p1a: Arceus\n|-damage|p1a: Arceus|5/295\n|\n|upkeep\n|turn|4\n|\n|t:|1781412822\n|move|p1a: Arceus|Recover|p1a: Arceus\n|-heal|p1a: Arceus|153/295\n|move|p2a: Drifblim|Air Slash|p1a: Arceus\n|-supereffective|p1a: Arceus\n|-damage|p1a: Arceus|7/295\n|\n|upkeep\n|turn|5\n|\n|t:|1781412829\n|move|p1a: Arceus|Fire Blast|p2a: Drifblim\n|-damage|p2a: Drifblim|298/398\n|move|p2a: Drifblim|Air Slash|p1a: Arceus\n|-supereffective|p1a: Arceus\n|-damage|p1a: Arceus|0 fnt\n|faint|p1a: Arceus\n|\n|upkeep\n|\n|t:|1781412837\n|switch|p1a: Tornadus|Tornadus-Therian, L79, M|254/254\n|turn|6\n|\n|t:|1781412845\n|move|p1a: Tornadus|Knock Off|p2a: Drifblim\n|-supereffective|p2a: Drifblim\n|-damage|p2a: Drifblim|176/398\n|move|p2a: Drifblim|Strength Sap|p1a: Tornadus\n|-unboost|p1a: Tornadus|atk|1\n|-heal|p2a: Drifblim|380/398\n|\n|upkeep\n|turn|7\n|inactive|KRYSTAL444 has 90 seconds left.\n|\n|t:|1781412855\n|move|p1a: Tornadus|Bleakwind Storm|p2a: Drifblim\n|-damage|p2a: Drifblim|233/398\n|-unboost|p2a: Drifblim|spe|1\n|move|p2a: Drifblim|Shadow Ball|p1a: Tornadus\n|-damage|p1a: Tornadus|197/254\n|\n|upkeep\n|turn|8\n|\n|t:|1781412863\n|move|p1a: Tornadus|Knock Off|p2a: Drifblim\n|-supereffective|p2a: Drifblim\n|-damage|p2a: Drifblim|151/398\n|move|p2a: Drifblim|Strength Sap|p1a: Tornadus\n|-unboost|p1a: Tornadus|atk|1\n|-heal|p2a: Drifblim|287/398\n|\n|upkeep\n|turn|9\n|inactive|KRYSTAL444 has 90 seconds left.\n|\n|t:|1781412880\n|switch|p1a: Regirock|Regirock, L83|268/268\n|move|p2a: Drifblim|Shadow Ball|p1a: Regirock\n|-damage|p1a: Regirock|189/268\n|\n|-heal|p1a: Regirock|205/268|[from] item: Leftovers\n|upkeep\n|turn|10\n|\n|t:|1781412893\n|move|p1a: Regirock|Stone Edge|p2a: Drifblim\n|-supereffective|p2a: Drifblim\n|-damage|p2a: Drifblim|0 fnt\n|faint|p2a: Drifblim\n|\n|-heal|p1a: Regirock|221/268|[from] item: Leftovers\n|upkeep\n|inactive|KRYSTAL444 has 90 seconds left.\n|\n|t:|1781412911\n|switch|p2a: Shaymin|Shaymin, L82|298/298\n|turn|11\n|inactive|KRYSTAL444 has 90 seconds left.\n|\n|t:|1781412932\n|move|p2a: Shaymin|Seed Flare|p1a: Regirock\n|-supereffective|p1a: Regirock\n|-damage|p1a: Regirock|0 fnt\n|faint|p1a: Regirock\n|\n|upkeep\n|\n|t:|1781412943\n|switch|p1a: Furret|Furret, L94, F|312/312\n|-item|p2a: Shaymin|Leftovers|[from] ability: Frisk|[of] p1a: Furret\n|turn|12\n|inactive|KRYSTAL444 has 90 seconds left.\n|inactive|KRYSTAL444 has 60 seconds left.\n|\n|t:|1781413005\n|move|p1a: Furret|Double-Edge|p2a: Shaymin\n|-damage|p2a: Shaymin|129/298\n|-damage|p1a: Furret|256/312|[from] Recoil\n|-damage|p1a: Furret|225/312|[from] item: Life Orb\n|move|p2a: Shaymin|Seed Flare|p1a: Furret\n|-damage|p1a: Furret|66/312\n|\n|-heal|p2a: Shaymin|147/298|[from] item: Leftovers\n|upkeep\n|turn|13\n|inactive|laskhoo has 120 seconds left.\n|\n|t:|1781413023\n|-terastallize|p2a: Shaymin|Steel\n|move|p1a: Furret|Double-Edge|p2a: Shaymin\n|-resisted|p2a: Shaymin\n|-damage|p2a: Shaymin|72/298\n|-damage|p1a: Furret|41/312|[from] Recoil\n|-damage|p1a: Furret|10/312|[from] item: Life Orb\n|move|p2a: Shaymin|Synthesis|p2a: Shaymin\n|-heal|p2a: Shaymin|221/298\n|\n|-heal|p2a: Shaymin|239/298|[from] item: Leftovers\n|upkeep\n|turn|14\n|inactive|laskhoo has 120 seconds left.\n|\n|t:|1781413036\n|move|p1a: Furret|Brick Break|p2a: Shaymin\n|-supereffective|p2a: Shaymin\n|-damage|p2a: Shaymin|104/298\n|-damage|p1a: Furret|0 fnt|[from] item: Life Orb\n|faint|p1a: Furret\n|move|p2a: Shaymin|Synthesis|p2a: Shaymin\n|-heal|p2a: Shaymin|253/298\n|\n|-heal|p2a: Shaymin|271/298|[from] item: Leftovers\n|upkeep\n|inactive|laskhoo has 120 seconds left.\n|\n|t:|1781413048\n|switch|p1a: Heracross|Heracross, L80, F|259/259\n|turn|15\n|\n|t:|1781413058\n|move|p1a: Heracross|Close Combat|p2a: Shaymin\n|-supereffective|p2a: Shaymin\n|-damage|p2a: Shaymin|7/298\n|-unboost|p1a: Heracross|def|1\n|-unboost|p1a: Heracross|spd|1\n|move|p2a: Shaymin|Air Slash|p1a: Heracross\n|-supereffective|p1a: Heracross\n|-damage|p1a: Heracross|0 fnt\n|faint|p1a: Heracross\n|\n|-heal|p2a: Shaymin|25/298|[from] item: Leftovers\n|upkeep\n|\n|t:|1781413067\n|switch|p1a: Tornadus|Tornadus-Therian, L79, M|254/254\n|turn|16\n|\n|t:|1781413074\n|switch|p2a: Avalugg|Avalugg-Hisui, L90, F|317/317\n|move|p1a: Tornadus|Heat Wave|p2a: Avalugg\n|-damage|p2a: Avalugg|201/317\n|\n|upkeep\n|turn|17\n|\n|t:|1781413085\n|move|p1a: Tornadus|Heat Wave|p2a: Avalugg\n|-damage|p2a: Avalugg|91/317\n|move|p2a: Avalugg|Avalanche|p1a: Tornadus\n|-supereffective|p1a: Tornadus\n|-damage|p1a: Tornadus|0 fnt\n|faint|p1a: Tornadus\n|\n|upkeep\n|\n|t:|1781413093\n|switch|p1a: Espeon|Espeon, L84, F|246/246\n|turn|18\n|\n|t:|1781413101\n|-terastallize|p1a: Espeon|Psychic\n|move|p1a: Espeon|Calm Mind|p1a: Espeon\n|-boost|p1a: Espeon|spa|1\n|-boost|p1a: Espeon|spd|1\n|move|p2a: Avalugg|Recover|p2a: Avalugg\n|-heal|p2a: Avalugg|250/317\n|\n|upkeep\n|turn|19\n|\n|t:|1781413116\n|move|p1a: Espeon|Psychic|p2a: Avalugg\n|-damage|p2a: Avalugg|0 fnt\n|faint|p2a: Avalugg\n|-damage|p1a: Espeon|222/246|[from] item: Life Orb\n|\n|upkeep\n|\n|t:|1781413123\n|switch|p2a: Krookodile|Krookodile, L79, M|280/280\n|-ability|p2a: Krookodile|Intimidate|boost\n|-unboost|p1a: Espeon|atk|1\n|turn|20\n|\n|t:|1781413134\n|move|p1a: Espeon|Alluring Voice|p2a: Krookodile\n|-supereffective|p2a: Krookodile\n|-damage|p2a: Krookodile|0 fnt\n|faint|p2a: Krookodile\n|-damage|p1a: Espeon|198/246|[from] item: Life Orb\n|\n|upkeep\n|\n|t:|1781413145\n|switch|p2a: Maushold|Maushold, L76|238/238\n|turn|21\n|\n|t:|1781413150\n|move|p1a: Espeon|Psychic|p2a: Maushold\n|-damage|p2a: Maushold|0 fnt\n|faint|p2a: Maushold\n|-damage|p1a: Espeon|174/246|[from] item: Life Orb\n|\n|upkeep\n|\n|t:|1781413154\n|switch|p2a: Forretress|Forretress, L84, F|263/263\n|turn|22\n|-message|KRYSTAL444 forfeited.\n|\n|win|laskhoo\n|raw|laskhoo's rating: 1026 &rarr; <strong>1061</strong><br />(+35 for winning)\n|raw|KRYSTAL444's rating: 1017 &rarr; <strong>1005</strong><br />(-12 for losing)\n|l|\u2606KRYSTAL444\n|player|p2|\n", "uploadtime": 1781413162, "views": 2, "formatid": "gen9randombattle", "rating": 1005, "private": 0, "password": null}