{"id": "gen9randombattle-2631652097", "format": "[Gen 9] Random Battle", "players": ["video380", "Sir_Suffer"], "log": "|j|\u2606video380\n|j|\u2606Sir_Suffer\n|t:|1781415256\n|gametype|singles\n|player|p1|video380|102|1241\n|player|p2|Sir_Suffer|clerk-boss|1200\n|gen|9\n|tier|[Gen 9] Random Battle\n|rated|\n|rule|Species Clause: Limit one of each Pok\u00e9mon\n|rule|HP Percentage Mod: HP is shown in percentages\n|rule|Sleep Clause Mod: Limit one foe put to sleep\n|rule|Illusion Level Mod: Illusion disguises the Pok\u00e9mon's true level\n|\n|t:|1781415256\n|teamsize|p1|6\n|teamsize|p2|6\n|start\n|switch|p1a: Feraligatr|Feraligatr, L79, F|264/264\n|switch|p2a: Clawitzer|Clawitzer, L87, F|265/265\n|turn|1\n|inactive|Battle timer is ON: inactive players will automatically lose when time's up. (requested by Sir_Suffer)\n|\n|t:|1781415278\n|move|p1a: Feraligatr|Trailblaze|p2a: Clawitzer\n|-supereffective|p2a: Clawitzer\n|-damage|p2a: Clawitzer|151/265\n|move|p2a: Clawitzer|U-turn|p1a: Feraligatr\n|-damage|p1a: Feraligatr|221/264\n|\n|t:|1781415294\n|switch|p2a: Gyarados|Gyarados, L79, F|280/280|[from] U-turn\n|\n|upkeep\n|turn|2\n|\n|t:|1781415307\n|switch|p1a: Clodsire|Clodsire, L81, M|343/343\n|move|p2a: Gyarados|Dragon Dance|p2a: Gyarados\n|-boost|p2a: Gyarados|atk|1\n|-boost|p2a: Gyarados|spe|1\n|\n|upkeep\n|turn|3\n|inactive|Sir_Suffer has 120 seconds left.\n|\n|t:|1781415340\n|switch|p2a: Rotom|Rotom-Mow, L87|229/229\n|move|p1a: Clodsire|Poison Jab|p2a: Rotom\n|-supereffective|p2a: Rotom\n|-damage|p2a: Rotom|109/229\n|-status|p2a: Rotom|psn\n|\n|-damage|p2a: Rotom|81/229 psn|[from] psn\n|upkeep\n|turn|4\n|\n|t:|1781415348\n|move|p2a: Rotom|Leaf Storm|p1a: Clodsire\n|-crit|p1a: Clodsire\n|-damage|p1a: Clodsire|115/343\n|-unboost|p2a: Rotom|spa|2\n|move|p1a: Clodsire|Spikes|p2a: Rotom\n|-sidestart|p2: Sir_Suffer|Spikes\n|\n|-heal|p1a: Clodsire|136/343|[from] item: Leftovers\n|-damage|p2a: Rotom|53/229 psn|[from] psn\n|upkeep\n|turn|5\n|\n|t:|1781415354\n|move|p2a: Rotom|Leaf Storm|p1a: Clodsire\n|-damage|p1a: Clodsire|60/343\n|-unboost|p2a: Rotom|spa|2\n|move|p1a: Clodsire|Recover|p1a: Clodsire\n|-heal|p1a: Clodsire|232/343\n|\n|-heal|p1a: Clodsire|253/343|[from] item: Leftovers\n|-damage|p2a: Rotom|25/229 psn|[from] psn\n|upkeep\n|turn|6\n|\n|t:|1781415367\n|switch|p2a: Clawitzer|Clawitzer, L87, F|151/265\n|-damage|p2a: Clawitzer|118/265|[from] Spikes\n|move|p1a: Clodsire|Spikes|p2a: Clawitzer\n|-sidestart|p2: Sir_Suffer|Spikes\n|\n|-heal|p1a: Clodsire|274/343|[from] item: Leftovers\n|upkeep\n|turn|7\n|\n|t:|1781415375\n|move|p2a: Clawitzer|Water Pulse|p1a: Clodsire\n|-heal|p1a: Clodsire|343/343|[from] ability: Water Absorb|[of] p2a: Clawitzer\n|move|p1a: Clodsire|Poison Jab|p2a: Clawitzer\n|-damage|p2a: Clawitzer|57/265\n|-status|p2a: Clawitzer|psn\n|\n|-damage|p2a: Clawitzer|24/265 psn|[from] psn\n|upkeep\n|turn|8\n|-message|Sir_Suffer forfeited.\n|\n|win|video380\n|raw|video380's rating: 1241 &rarr; <strong>1263</strong><br />(+22 for winning)\n|raw|Sir_Suffer's rating: 1200 &rarr; <strong>1178</strong><br />(-22 for losing)\n|l|\u2606Sir_Suffer\n|player|p2|\n", "uploadtime": 1781415409, "views": 4, "formatid": "gen9randombattle", "rating": 1178, "private": 0, "password": null}