{"id": "gen9randombattle-2631942445", "format": "[Gen 9] Random Battle", "players": ["Tutudile", "Infamous20111"], "log": "|j|\u2606Tutudile\n|j|\u2606Infamous20111\n|t:|1781458189\n|gametype|singles\n|player|p1|Tutudile|red|2144\n|player|p2|Infamous20111|266|2171\n|gen|9\n|tier|[Gen 9] Random Battle\n|rated|\n|rule|Species Clause: Limit one of each Pok\u00e9mon\n|rule|HP Percentage Mod: HP is shown in percentages\n|rule|Sleep Clause Mod: Limit one foe put to sleep\n|rule|Illusion Level Mod: Illusion disguises the Pok\u00e9mon's true level\n|\n|t:|1781458189\n|teamsize|p1|6\n|teamsize|p2|6\n|start\n|switch|p1a: Salamence|Salamence, L77, F|273/273\n|switch|p2a: Delibird|Delibird, M|252/252\n|-ability|p1a: Salamence|Intimidate|boost\n|-unboost|p2a: Delibird|atk|1\n|turn|1\n|inactive|Battle timer is ON: inactive players will automatically lose when time's up. (requested by Tutudile)\n|inactive|Infamous20111 also wants the timer to be on.\n|\n|t:|1781458206\n|switch|p1a: Blissey|Blissey, L85, F|572/572\n|move|p2a: Delibird|Spikes|p1a: Blissey\n|-sidestart|p1: Tutudile|Spikes\n|\n|upkeep\n|turn|2\n|\n|t:|1781458217\n|switch|p2a: Rotom|Rotom-Fan, L86|226/226\n|move|p1a: Blissey|Seismic Toss|p2a: Rotom\n|-damage|p2a: Rotom|141/226\n|\n|upkeep\n|turn|3\n|\n|t:|1781458241\n|switch|p2a: Delibird|Delibird, M|252/252\n|move|p1a: Blissey|Thunder Wave|p2a: Delibird\n|-status|p2a: Delibird|par\n|\n|upkeep\n|turn|4\n|\n|t:|1781458251\n|move|p1a: Blissey|Seismic Toss|p2a: Delibird\n|-damage|p2a: Delibird|167/252 par\n|move|p2a: Delibird|Spikes|p1a: Blissey\n|-sidestart|p1: Tutudile|Spikes\n|\n|upkeep\n|turn|5\n|\n|t:|1781458257\n|move|p1a: Blissey|Seismic Toss|p2a: Delibird\n|-damage|p2a: Delibird|82/252 par\n|move|p2a: Delibird|Brave Bird|p1a: Blissey|[miss]\n|-miss|p2a: Delibird|p1a: Blissey\n|\n|upkeep\n|turn|6\n|\n|t:|1781458268\n|switch|p1a: Cramorant|Cramorant, L86, M|261/261\n|move|p2a: Delibird|Brave Bird|p1a: Cramorant\n|-damage|p1a: Cramorant|9/261\n|-damage|p2a: Delibird|0 fnt|[from] Recoil\n|faint|p2a: Delibird\n|\n|upkeep\n|\n|t:|1781458278\n|switch|p2a: Calyrex|Calyrex-Shadow, L64|235/235\n|-ability|p2a: Calyrex|As One\n|-ability|p2a: Calyrex|Unnerve\n|turn|7\n|\n|t:|1781458287\n|switch|p1a: Ursaluna|Ursaluna-Bloodmoon, L79, M|308/308\n|-damage|p1a: Ursaluna|257/308|[from] Spikes\n|move|p2a: Calyrex|Psyshock|p1a: Ursaluna\n|-damage|p1a: Ursaluna|167/308\n|\n|-heal|p1a: Ursaluna|186/308|[from] item: Leftovers\n|upkeep\n|turn|8\n|\n|t:|1781458302\n|switch|p2a: Duraludon|Duraludon, L82, F|249/249\n|move|p1a: Ursaluna|Moonlight|p1a: Ursaluna\n|-heal|p1a: Ursaluna|308/308\n|\n|upkeep\n|turn|9\n|\n|t:|1781458322\n|move|p1a: Ursaluna|Vacuum Wave|p2a: Duraludon\n|-supereffective|p2a: Duraludon\n|-damage|p2a: Duraludon|185/249\n|move|p2a: Duraludon|Body Press|p1a: Ursaluna\n|-supereffective|p1a: Ursaluna\n|-damage|p1a: Ursaluna|200/308\n|\n|-heal|p1a: Ursaluna|219/308|[from] item: Leftovers\n|upkeep\n|turn|10\n|\n|t:|1781458331\n|switch|p2a: Primarina|Primarina, L83, F|268/268\n|move|p1a: Ursaluna|Vacuum Wave|p2a: Primarina\n|-resisted|p2a: Primarina\n|-damage|p2a: Primarina|254/268\n|\n|-heal|p2a: Primarina|268/268|[from] item: Leftovers\n|-heal|p1a: Ursaluna|238/308|[from] item: Leftovers\n|upkeep\n|turn|11\n|\n|t:|1781458351\n|switch|p1a: Blissey|Blissey, L85, F|572/572\n|-damage|p1a: Blissey|477/572|[from] Spikes\n|move|p2a: Primarina|Calm Mind|p2a: Primarina\n|-boost|p2a: Primarina|spa|1\n|-boost|p2a: Primarina|spd|1\n|\n|-heal|p1a: Blissey|512/572|[from] item: Leftovers\n|upkeep\n|turn|12\n|\n|t:|1781458361\n|move|p2a: Primarina|Moonblast|p1a: Blissey\n|-damage|p1a: Blissey|377/572\n|-unboost|p1a: Blissey|spa|1\n|move|p1a: Blissey|Seismic Toss|p2a: Primarina\n|-damage|p2a: Primarina|183/268\n|\n|-heal|p2a: Primarina|199/268|[from] item: Leftovers\n|-heal|p1a: Blissey|412/572|[from] item: Leftovers\n|upkeep\n|turn|13\n|\n|t:|1781458371\n|move|p2a: Primarina|Psychic Noise|p1a: Blissey\n|-damage|p1a: Blissey|319/572\n|-start|p1a: Blissey|move: Heal Block\n|move|p1a: Blissey|Thunder Wave|p2a: Primarina\n|-status|p2a: Primarina|par\n|\n|-heal|p2a: Primarina|215/268 par|[from] item: Leftovers\n|upkeep\n|turn|14\n|\n|t:|1781458382\n|switch|p2a: Duraludon|Duraludon, L82, F|185/249\n|move|p1a: Blissey|Seismic Toss|p2a: Duraludon\n|-damage|p2a: Duraludon|100/249\n|\n|-end|p1a: Blissey|move: Heal Block\n|upkeep\n|turn|15\n|\n|t:|1781458393\n|switch|p1a: Ursaluna|Ursaluna-Bloodmoon, L79, M|238/308\n|-damage|p1a: Ursaluna|187/308|[from] Spikes\n|move|p2a: Duraludon|Body Press|p1a: Ursaluna\n|-supereffective|p1a: Ursaluna\n|-damage|p1a: Ursaluna|81/308\n|\n|-heal|p1a: Ursaluna|100/308|[from] item: Leftovers\n|upkeep\n|turn|16\n|\n|t:|1781458403\n|move|p2a: Duraludon|Body Press|p1a: Ursaluna\n|-supereffective|p1a: Ursaluna\n|-damage|p1a: Ursaluna|0 fnt\n|faint|p1a: Ursaluna\n|\n|upkeep\n|\n|t:|1781458414\n|switch|p1a: Cramorant|Cramorant, L86, M|9/261\n|turn|17\n|\n|t:|1781458429\n|switch|p2a: Rotom|Rotom-Fan, L86|141/226\n|move|p1a: Cramorant|Defog|p2a: Rotom\n|-unboost|p2a: Rotom|evasion|1\n|-sideend|p1: Tutudile|Spikes|[from] move: Defog|[of] p1a: Cramorant\n|\n|upkeep\n|turn|18\n|\n|t:|1781458440\n|switch|p1a: Blissey|Blissey, L85, F|319/572\n|move|p2a: Rotom|Air Slash|p1a: Blissey\n|-damage|p1a: Blissey|253/572\n|\n|-heal|p1a: Blissey|288/572|[from] item: Leftovers\n|upkeep\n|turn|19\n|\n|t:|1781458452\n|move|p2a: Rotom|Nasty Plot|p2a: Rotom\n|-boost|p2a: Rotom|spa|2\n|move|p1a: Blissey|Soft-Boiled|p1a: Blissey\n|-heal|p1a: Blissey|572/572\n|\n|upkeep\n|turn|20\n|\n|t:|1781458461\n|move|p2a: Rotom|Air Slash|p1a: Blissey\n|-damage|p1a: Blissey|455/572\n|move|p1a: Blissey|Seismic Toss|p2a: Rotom\n|-damage|p2a: Rotom|56/226\n|\n|-heal|p1a: Blissey|490/572|[from] item: Leftovers\n|upkeep\n|turn|21\n|\n|t:|1781458471\n|move|p2a: Rotom|Air Slash|p1a: Blissey\n|-damage|p1a: Blissey|370/572\n|move|p1a: Blissey|Seismic Toss|p2a: Rotom\n|-damage|p2a: Rotom|0 fnt\n|faint|p2a: Rotom\n|\n|-heal|p1a: Blissey|405/572|[from] item: Leftovers\n|upkeep\n|\n|t:|1781458477\n|switch|p2a: Calyrex|Calyrex-Shadow, L64|235/235\n|-ability|p2a: Calyrex|As One\n|-ability|p2a: Calyrex|Unnerve\n|turn|22\n|\n|t:|1781458485\n|move|p2a: Calyrex|Psyshock|p1a: Blissey\n|-damage|p1a: Blissey|78/572\n|move|p1a: Blissey|Thunder Wave|p2a: Calyrex\n|-status|p2a: Calyrex|par\n|\n|-heal|p1a: Blissey|113/572|[from] item: Leftovers\n|upkeep\n|turn|23\n|\n|t:|1781458497\n|move|p1a: Blissey|Soft-Boiled|p1a: Blissey\n|-heal|p1a: Blissey|399/572\n|move|p2a: Calyrex|Psyshock|p1a: Blissey\n|-damage|p1a: Blissey|83/572\n|\n|-heal|p1a: Blissey|118/572|[from] item: Leftovers\n|upkeep\n|turn|24\n|\n|t:|1781458509\n|switch|p1a: Dialga|Dialga-Origin, L73|266/266\n|-ability|p1a: Dialga|Pressure\n|cant|p2a: Calyrex|par\n|\n|upkeep\n|turn|25\n|\n|t:|1781458527\n|switch|p2a: Primarina|Primarina, L83, F|215/268 par\n|move|p1a: Dialga|Flash Cannon|p2a: Primarina\n|-damage|p2a: Primarina|124/268 par\n|\n|-heal|p2a: Primarina|140/268 par|[from] item: Leftovers\n|upkeep\n|turn|26\n|\n|t:|1781458535\n|switch|p1a: Blissey|Blissey, L85, F|118/572\n|move|p2a: Primarina|Moonblast|p1a: Blissey\n|-damage|p1a: Blissey|33/572\n|\n|-heal|p1a: Blissey|68/572|[from] item: Leftovers\n|-heal|p2a: Primarina|156/268 par|[from] item: Leftovers\n|upkeep\n|turn|27\n|\n|t:|1781458546\n|switch|p2a: Iron Thorns|Iron Thorns, L83|302/302\n|-enditem|p2a: Iron Thorns|Booster Energy\n|-activate|p2a: Iron Thorns|ability: Quark Drive|[fromitem]\n|-start|p2a: Iron Thorns|quarkdriveatk\n|move|p1a: Blissey|Soft-Boiled|p1a: Blissey\n|-heal|p1a: Blissey|354/572\n|\n|-heal|p1a: Blissey|389/572|[from] item: Leftovers\n|upkeep\n|turn|28\n|\n|t:|1781458565\n|switch|p1a: Salamence|Salamence, L77, F|273/273\n|-ability|p1a: Salamence|Intimidate|boost\n|-unboost|p2a: Iron Thorns|atk|1\n|move|p2a: Iron Thorns|Dragon Dance|p2a: Iron Thorns\n|-boost|p2a: Iron Thorns|atk|1\n|-boost|p2a: Iron Thorns|spe|1\n|\n|upkeep\n|turn|29\n|inactive|Tutudile has 120 seconds left.\n|\n|t:|1781458594\n|switch|p1a: Ampharos|Ampharos, L88, M|302/302\n|move|p2a: Iron Thorns|Ice Punch|p1a: Ampharos\n|-damage|p1a: Ampharos|221/302\n|\n|upkeep\n|turn|30\n|\n|t:|1781458601\n|move|p2a: Iron Thorns|Dragon Dance|p2a: Iron Thorns\n|-boost|p2a: Iron Thorns|atk|1\n|-boost|p2a: Iron Thorns|spe|1\n|move|p1a: Ampharos|Focus Blast|p2a: Iron Thorns|[miss]\n|-miss|p1a: Ampharos|p2a: Iron Thorns\n|\n|upkeep\n|turn|31\n|\n|t:|1781458608\n|move|p2a: Iron Thorns|Stone Edge|p1a: Ampharos|[miss]\n|-miss|p2a: Iron Thorns|p1a: Ampharos\n|move|p1a: Ampharos|Focus Blast|p2a: Iron Thorns\n|-supereffective|p2a: Iron Thorns\n|-crit|p2a: Iron Thorns\n|-damage|p2a: Iron Thorns|0 fnt\n|faint|p2a: Iron Thorns\n|-end|p2a: Iron Thorns|Quark Drive|[silent]\n|\n|upkeep\n|-message|Infamous20111 forfeited.\n|\n|win|Tutudile\n", "uploadtime": 1781458191, "views": 3, "formatid": "gen9randombattle", "rating": null, "private": 0, "password": null}