{"id": "gen9randombattle-2631460508", "format": "[Gen 9] Random Battle", "players": ["JimothyMegawhatts1", "MarshMaIIows"], "log": "|j|\u2606JimothyMegawhatts1\n|j|\u2606MarshMaIIows\n|t:|1781387436\n|gametype|singles\n|player|p1|JimothyMegawhatts1|gentleman-gen4|1550\n|player|p2|MarshMaIIows|roxanne|1570\n|gen|9\n|tier|[Gen 9] Random Battle\n|rated|\n|rule|Species Clause: Limit one of each Pok\u00e9mon\n|rule|HP Percentage Mod: HP is shown in percentages\n|rule|Sleep Clause Mod: Limit one foe put to sleep\n|rule|Illusion Level Mod: Illusion disguises the Pok\u00e9mon's true level\n|\n|t:|1781387436\n|teamsize|p1|6\n|teamsize|p2|6\n|start\n|switch|p1a: Gurdurr|Gurdurr, L85, M|283/283\n|switch|p2a: Tyranitar|Tyranitar, L78, F|284/284\n|-weather|Sandstorm|[from] ability: Sand Stream|[of] p2a: Tyranitar\n|turn|1\n|inactive|Battle timer is ON: inactive players will automatically lose when time's up. (requested by JimothyMegawhatts1)\n|\n|t:|1781387447\n|switch|p2a: Enamorus|Enamorus, L79, F|247/247\n|move|p1a: Gurdurr|Bulk Up|p1a: Gurdurr\n|-boost|p1a: Gurdurr|atk|1\n|-boost|p1a: Gurdurr|def|1\n|\n|-weather|Sandstorm|[upkeep]\n|-damage|p2a: Enamorus|232/247|[from] Sandstorm\n|-damage|p1a: Gurdurr|266/283|[from] Sandstorm\n|-heal|p2a: Enamorus|247/247|[from] item: Leftovers\n|upkeep\n|turn|2\n|\n|t:|1781387471\n|switch|p1a: Ampharos|Ampharos, L88, M|302/302\n|move|p2a: Enamorus|Calm Mind|p2a: Enamorus\n|-boost|p2a: Enamorus|spa|1\n|-boost|p2a: Enamorus|spd|1\n|\n|-weather|Sandstorm|[upkeep]\n|-damage|p2a: Enamorus|232/247|[from] Sandstorm\n|-damage|p1a: Ampharos|284/302|[from] Sandstorm\n|-heal|p2a: Enamorus|247/247|[from] item: Leftovers\n|upkeep\n|turn|3\n|\n|t:|1781387481\n|move|p2a: Enamorus|Substitute|p2a: Enamorus\n|-start|p2a: Enamorus|Substitute\n|-damage|p2a: Enamorus|186/247\n|move|p1a: Ampharos|Thunderbolt|p2a: Enamorus\n|-supereffective|p2a: Enamorus\n|-end|p2a: Enamorus|Substitute\n|\n|-weather|Sandstorm|[upkeep]\n|-damage|p2a: Enamorus|171/247|[from] Sandstorm\n|-damage|p1a: Ampharos|266/302|[from] Sandstorm\n|-heal|p2a: Enamorus|186/247|[from] item: Leftovers\n|upkeep\n|turn|4\n|\n|t:|1781387492\n|move|p2a: Enamorus|Earth Power|p1a: Ampharos\n|-supereffective|p1a: Ampharos\n|-damage|p1a: Ampharos|136/302\n|move|p1a: Ampharos|Thunderbolt|p2a: Enamorus\n|-supereffective|p2a: Enamorus\n|-damage|p2a: Enamorus|4/247\n|\n|-weather|Sandstorm|[upkeep]\n|-damage|p2a: Enamorus|0 fnt|[from] Sandstorm\n|-damage|p1a: Ampharos|118/302|[from] Sandstorm\n|faint|p2a: Enamorus\n|upkeep\n|\n|t:|1781387500\n|switch|p2a: Tyranitar|Tyranitar, L78, F|284/284\n|turn|5\n|\n|t:|1781387506\n|move|p1a: Ampharos|Focus Blast|p2a: Tyranitar\n|-supereffective|p2a: Tyranitar\n|-damage|p2a: Tyranitar|20/284\n|move|p2a: Tyranitar|Knock Off|p1a: Ampharos\n|-damage|p1a: Ampharos|0 fnt\n|-enditem|p1a: Ampharos|Assault Vest|[from] move: Knock Off|[of] p2a: Tyranitar\n|faint|p1a: Ampharos\n|\n|-weather|none\n|-heal|p2a: Tyranitar|37/284|[from] item: Leftovers\n|upkeep\n|\n|t:|1781387515\n|switch|p1a: Gurdurr|Gurdurr, L85, M|266/283\n|turn|6\n|\n|t:|1781387525\n|move|p1a: Gurdurr|Mach Punch|p2a: Tyranitar\n|-supereffective|p2a: Tyranitar\n|-damage|p2a: Tyranitar|0 fnt\n|faint|p2a: Tyranitar\n|\n|upkeep\n|\n|t:|1781387528\n|switch|p2a: Regieleki|Regieleki, L79|256/256\n|turn|7\n|\n|t:|1781387534\n|move|p2a: Regieleki|Volt Switch|p1a: Gurdurr\n|-damage|p1a: Gurdurr|158/283\n|\n|t:|1781387537\n|switch|p2a: Wigglytuff|Wigglytuff, L96, M|424/424|[from] Volt Switch\n|move|p1a: Gurdurr|Knock Off|p2a: Wigglytuff\n|-resisted|p2a: Wigglytuff\n|-damage|p2a: Wigglytuff|376/424\n|-enditem|p2a: Wigglytuff|Leftovers|[from] move: Knock Off|[of] p1a: Gurdurr\n|\n|upkeep\n|turn|8\n|\n|t:|1781387549\n|switch|p1a: Scream Tail|Scream Tail, L84|330/330\n|move|p2a: Wigglytuff|Knock Off|p1a: Scream Tail\n|-damage|p1a: Scream Tail|260/330\n|-enditem|p1a: Scream Tail|Leftovers|[from] move: Knock Off|[of] p2a: Wigglytuff\n|\n|upkeep\n|turn|9\n|\n|t:|1781387558\n|switch|p2a: Regieleki|Regieleki, L79|256/256\n|move|p1a: Scream Tail|Thunder Wave|p2a: Regieleki\n|-immune|p2a: Regieleki\n|\n|upkeep\n|turn|10\n|\n|t:|1781387564\n|move|p1a: Scream Tail|Protect|p1a: Scream Tail\n|-singleturn|p1a: Scream Tail|Protect\n|move|p2a: Regieleki|Thunderbolt|p1a: Scream Tail\n|-activate|p1a: Scream Tail|move: Protect\n|\n|upkeep\n|turn|11\n|\n|t:|1781387572\n|move|p2a: Regieleki|Thunderbolt|p1a: Scream Tail\n|-damage|p1a: Scream Tail|154/330\n|move|p1a: Scream Tail|Wish|p1a: Scream Tail\n|\n|upkeep\n|turn|12\n|\n|t:|1781387579\n|move|p2a: Regieleki|Volt Switch|p1a: Scream Tail\n|-damage|p1a: Scream Tail|75/330\n|\n|t:|1781387582\n|switch|p2a: Wigglytuff|Wigglytuff, L96, M|376/424|[from] Volt Switch\n|move|p1a: Scream Tail|Dazzling Gleam|p2a: Wigglytuff\n|-damage|p2a: Wigglytuff|294/424\n|\n|-heal|p1a: Scream Tail|240/330|[from] move: Wish|[wisher] Scream Tail\n|upkeep\n|turn|13\n|\n|t:|1781387595\n|switch|p2a: Regieleki|Regieleki, L79|256/256\n|move|p1a: Scream Tail|Wish|p1a: Scream Tail\n|\n|upkeep\n|turn|14\n|\n|t:|1781387601\n|move|p1a: Scream Tail|Protect|p1a: Scream Tail\n|-singleturn|p1a: Scream Tail|Protect\n|move|p2a: Regieleki|Thunderbolt|p1a: Scream Tail\n|-activate|p1a: Scream Tail|move: Protect\n|\n|-heal|p1a: Scream Tail|330/330|[from] move: Wish|[wisher] Scream Tail\n|upkeep\n|turn|15\n|\n|t:|1781387611\n|move|p2a: Regieleki|Thunderbolt|p1a: Scream Tail\n|-damage|p1a: Scream Tail|222/330\n|move|p1a: Scream Tail|Dazzling Gleam|p2a: Regieleki\n|-damage|p2a: Regieleki|157/256\n|\n|upkeep\n|turn|16\n|\n|t:|1781387617\n|move|p2a: Regieleki|Thunderbolt|p1a: Scream Tail\n|-damage|p1a: Scream Tail|119/330\n|-status|p1a: Scream Tail|par\n|cant|p1a: Scream Tail|par\n|\n|upkeep\n|turn|17\n|\n|t:|1781387626\n|move|p2a: Regieleki|Volt Switch|p1a: Scream Tail\n|-damage|p1a: Scream Tail|31/330 par\n|\n|t:|1781387631\n|switch|p2a: Virizion|Virizion, L82|283/283|[from] Volt Switch\n|move|p1a: Scream Tail|Wish|p1a: Scream Tail\n|\n|upkeep\n|turn|18\n|\n|t:|1781387638\n|move|p2a: Virizion|Swords Dance|p2a: Virizion\n|-boost|p2a: Virizion|atk|2\n|move|p1a: Scream Tail|Thunder Wave|p2a: Virizion\n|-status|p2a: Virizion|par\n|\n|-heal|p1a: Scream Tail|196/330 par|[from] move: Wish|[wisher] Scream Tail\n|upkeep\n|turn|19\n|\n|t:|1781387648\n|move|p1a: Scream Tail|Protect|p1a: Scream Tail\n|-singleturn|p1a: Scream Tail|Protect\n|move|p2a: Virizion|Leaf Blade|p1a: Scream Tail\n|-activate|p1a: Scream Tail|move: Protect\n|\n|upkeep\n|turn|20\n|\n|t:|1781387657\n|-end|p1a: Scream Tail|Protosynthesis|[silent]\n|switch|p1a: Moltres|Moltres-Galar, L79|271/271\n|move|p2a: Virizion|Leaf Blade|p1a: Moltres\n|-resisted|p1a: Moltres\n|-damage|p1a: Moltres|163/271\n|-damage|p2a: Virizion|255/283 par|[from] item: Life Orb\n|\n|upkeep\n|turn|21\n|\n|t:|1781387666\n|move|p1a: Moltres|Hurricane|p2a: Virizion\n|-supereffective|p2a: Virizion\n|-damage|p2a: Virizion|0 fnt\n|faint|p2a: Virizion\n|\n|upkeep\n|\n|t:|1781387671\n|switch|p2a: Wigglytuff|Wigglytuff, L96, M|294/424\n|turn|22\n|\n|t:|1781387680\n|switch|p1a: Scream Tail|Scream Tail, L84|196/330 par\n|move|p2a: Wigglytuff|Wish|p2a: Wigglytuff\n|\n|upkeep\n|turn|23\n|\n|t:|1781387686\n|switch|p2a: Regieleki|Regieleki, L79|157/256\n|cant|p1a: Scream Tail|par\n|\n|-heal|p2a: Regieleki|256/256|[from] move: Wish|[wisher] Wigglytuff\n|upkeep\n|turn|24\n|\n|t:|1781387693\n|move|p2a: Regieleki|Thunderbolt|p1a: Scream Tail\n|-damage|p1a: Scream Tail|82/330 par\n|move|p1a: Scream Tail|Wish|p1a: Scream Tail\n|\n|upkeep\n|turn|25\n|\n|t:|1781387699\n|cant|p1a: Scream Tail|par\n|move|p2a: Regieleki|Volt Switch|p1a: Scream Tail\n|-damage|p1a: Scream Tail|0 fnt\n|faint|p1a: Scream Tail\n|-end|p1a: Scream Tail|Protosynthesis|[silent]\n|\n|t:|1781387705\n|switch|p2a: Wigglytuff|Wigglytuff, L96, M|294/424|[from] Volt Switch\n|\n|upkeep\n|\n|t:|1781387711\n|switch|p1a: Farigiraf|Farigiraf, L90, M|362/362\n|turn|26\n|\n|t:|1781387714\n|move|p1a: Farigiraf|Psychic Noise|p2a: Wigglytuff\n|-damage|p2a: Wigglytuff|168/424\n|-start|p2a: Wigglytuff|move: Heal Block\n|move|p2a: Wigglytuff|Knock Off|p1a: Farigiraf\n|-supereffective|p1a: Farigiraf\n|-damage|p1a: Farigiraf|212/362\n|-enditem|p1a: Farigiraf|Leftovers|[from] move: Knock Off|[of] p2a: Wigglytuff\n|\n|upkeep\n|turn|27\n|\n|t:|1781387724\n|move|p1a: Farigiraf|Body Slam|p2a: Wigglytuff\n|-damage|p2a: Wigglytuff|29/424\n|move|p2a: Wigglytuff|Alluring Voice|p1a: Farigiraf\n|-damage|p1a: Farigiraf|97/362\n|\n|-end|p2a: Wigglytuff|move: Heal Block\n|upkeep\n|turn|28\n|\n|t:|1781387732\n|move|p2a: Wigglytuff|Protect|p2a: Wigglytuff\n|-singleturn|p2a: Wigglytuff|Protect\n|move|p1a: Farigiraf|Body Slam|p2a: Wigglytuff\n|-activate|p2a: Wigglytuff|move: Protect\n|\n|upkeep\n|turn|29\n|\n|t:|1781387737\n|switch|p2a: Regieleki|Regieleki, L79|256/256\n|move|p1a: Farigiraf|Body Slam|p2a: Regieleki\n|-damage|p2a: Regieleki|100/256\n|\n|upkeep\n|turn|30\n|\n|t:|1781387745\n|switch|p1a: Gurdurr|Gurdurr, L85, M|158/283\n|move|p2a: Regieleki|Thunderbolt|p1a: Gurdurr\n|-damage|p1a: Gurdurr|35/283\n|\n|upkeep\n|turn|31\n|\n|t:|1781387756\n|switch|p2a: Salamence|Salamence, L77, M|273/273\n|move|p1a: Gurdurr|Mach Punch|p2a: Salamence\n|-resisted|p2a: Salamence\n|-damage|p2a: Salamence|248/273\n|\n|upkeep\n|turn|32\n|\n|t:|1781387763\n|move|p2a: Salamence|Dragon Dance|p2a: Salamence\n|-boost|p2a: Salamence|atk|1\n|-boost|p2a: Salamence|spe|1\n|move|p1a: Gurdurr|Knock Off|p2a: Salamence\n|-damage|p2a: Salamence|160/273\n|-enditem|p2a: Salamence|Heavy-Duty Boots|[from] move: Knock Off|[of] p1a: Gurdurr\n|\n|upkeep\n|turn|33\n|\n|t:|1781387771\n|move|p2a: Salamence|Dual Wingbeat|p1a: Gurdurr\n|-supereffective|p1a: Gurdurr\n|-damage|p1a: Gurdurr|0 fnt\n|faint|p1a: Gurdurr\n|-ability|p2a: Salamence|Moxie|boost\n|-boost|p2a: Salamence|atk|1\n|-hitcount|p1: Gurdurr|1\n|\n|upkeep\n|\n|t:|1781387778\n|switch|p1a: Tatsugiri|Tatsugiri, L87, M|260/260\n|turn|34\n|\n|t:|1781387784\n|-terastallize|p1a: Tatsugiri|Water\n|move|p2a: Salamence|Outrage|p1a: Tatsugiri\n|-damage|p1a: Tatsugiri|0 fnt\n|faint|p1a: Tatsugiri\n|-ability|p2a: Salamence|Moxie|boost\n|-boost|p2a: Salamence|atk|1\n|\n|upkeep\n|\n|t:|1781387791\n|switch|p1a: Moltres|Moltres-Galar, L79|163/271\n|turn|35\n|\n|t:|1781387795\n|move|p2a: Salamence|Outrage|p1a: Moltres|[from] lockedmove\n|-damage|p1a: Moltres|0 fnt\n|faint|p1a: Moltres\n|-ability|p2a: Salamence|Moxie|boost\n|-boost|p2a: Salamence|atk|1\n|\n|upkeep\n|c|\u2606JimothyMegawhatts1|Gg\n|\n|t:|1781387801\n|switch|p1a: Farigiraf|Farigiraf, L90, M|97/362\n|turn|36\n|\n|t:|1781387804\n|move|p2a: Salamence|Outrage|p1a: Farigiraf|[from] lockedmove\n|-damage|p1a: Farigiraf|0 fnt\n|faint|p1a: Farigiraf\n|-start|p2a: Salamence|confusion|[fatigue]\n|\n|win|MarshMaIIows\n|raw|JimothyMegawhatts1's rating: 1550 &rarr; <strong>1531</strong><br />(-19 for losing)\n|raw|MarshMaIIows's rating: 1570 &rarr; <strong>1589</strong><br />(+19 for winning)\n|l|\u2606JimothyMegawhatts1\n|player|p1|\n", "uploadtime": 1781387807, "views": 3, "formatid": "gen9randombattle", "rating": 1531, "private": 0, "password": null}