{"id": "gen9randombattle-2631556561", "format": "[Gen 9] Random Battle", "players": ["Radishesunderrated", "Monsterofgermany"], "log": "|j|\u2606Radishesunderrated\n|j|\u2606Monsterofgermany\n|t:|1781400881\n|gametype|singles\n|player|p1|Radishesunderrated|harlequin|1906\n|player|p2|Monsterofgermany|102|1915\n|gen|9\n|tier|[Gen 9] Random Battle\n|rated|\n|rule|Species Clause: Limit one of each Pok\u00e9mon\n|rule|HP Percentage Mod: HP is shown in percentages\n|rule|Sleep Clause Mod: Limit one foe put to sleep\n|rule|Illusion Level Mod: Illusion disguises the Pok\u00e9mon's true level\n|\n|t:|1781400881\n|teamsize|p1|6\n|teamsize|p2|6\n|start\n|switch|p1a: Latios|Latios, L78, M|253/253\n|switch|p2a: Cetitan|Cetitan, L82, M|413/413\n|turn|1\n|c|\u2606Radishesunderrated|Glhf\n|inactive|Battle timer is ON: inactive players will automatically lose when time's up. (requested by Radishesunderrated)\n|\n|t:|1781400898\n|switch|p1a: Tauros|Tauros-Paldea-Aqua, L81, M|254/254\n|-ability|p1a: Tauros|Intimidate|boost\n|-unboost|p2a: Cetitan|atk|1\n|move|p2a: Cetitan|Icicle Crash|p1a: Tauros\n|-resisted|p1a: Tauros\n|-crit|p1a: Tauros\n|-damage|p1a: Tauros|138/254\n|\n|upkeep\n|turn|2\n|\n|t:|1781400917\n|switch|p2a: Gengar|Gengar, L81, F|230/230\n|move|p1a: Tauros|Close Combat|p2a: Gengar\n|-immune|p2a: Gengar\n|\n|upkeep\n|turn|3\n|\n|t:|1781400926\n|switch|p1a: Honchkrow|Honchkrow, L86, F|312/312\n|move|p2a: Gengar|Sludge Wave|p1a: Honchkrow\n|-damage|p1a: Honchkrow|85/312\n|-damage|p2a: Gengar|207/230|[from] item: Life Orb\n|\n|upkeep\n|turn|4\n|\n|t:|1781400937\n|switch|p2a: Ditto|Ditto, L87|225/225\n|-transform|p2a: Ditto|p1a: Honchkrow|[from] ability: Imposter\n|move|p1a: Honchkrow|Brave Bird|p2a: Ditto\n|-damage|p2a: Ditto|6/225\n|-damage|p1a: Honchkrow|13/312|[from] Recoil\n|\n|upkeep\n|turn|5\n|\n|t:|1781400957\n|switch|p1a: Dugtrio|Dugtrio-Alola, L84, F|196/196\n|move|p2a: Ditto|Brave Bird|p1a: Dugtrio\n|-resisted|p1a: Dugtrio\n|-damage|p1a: Dugtrio|94/196\n|-ability|p1a: Dugtrio|Tangling Hair\n|-unboost|p2a: Ditto|spe|1\n|-damage|p2a: Ditto|0 fnt|[from] Recoil\n|faint|p2a: Ditto\n|\n|upkeep\n|\n|t:|1781400969\n|switch|p2a: Phione|Phione, L91|293/293\n|turn|6\n|\n|t:|1781400978\n|switch|p1a: Tauros|Tauros-Paldea-Aqua, L81, M|138/254\n|-ability|p1a: Tauros|Intimidate|boost\n|-unboost|p2a: Phione|atk|1\n|move|p2a: Phione|Scald|p1a: Tauros\n|-resisted|p1a: Tauros\n|-damage|p1a: Tauros|84/254\n|-status|p1a: Tauros|brn\n|\n|-damage|p1a: Tauros|69/254 brn|[from] brn\n|upkeep\n|turn|7\n|\n|t:|1781400991\n|move|p1a: Tauros|Wave Crash|p2a: Phione\n|-resisted|p2a: Phione\n|-damage|p2a: Phione|241/293\n|-damage|p1a: Tauros|52/254 brn|[from] Recoil\n|move|p2a: Phione|Take Heart|p2a: Phione\n|-boost|p2a: Phione|spa|1\n|-boost|p2a: Phione|spd|1\n|\n|-heal|p2a: Phione|259/293|[from] item: Leftovers\n|-damage|p1a: Tauros|37/254 brn|[from] brn\n|upkeep\n|turn|8\n|\n|t:|1781401003\n|move|p1a: Tauros|Wave Crash|p2a: Phione\n|-resisted|p2a: Phione\n|-damage|p2a: Phione|213/293\n|-damage|p1a: Tauros|22/254 brn|[from] Recoil\n|move|p2a: Phione|Scald|p1a: Tauros\n|-resisted|p1a: Tauros\n|-damage|p1a: Tauros|0 fnt\n|faint|p1a: Tauros\n|\n|-heal|p2a: Phione|231/293|[from] item: Leftovers\n|upkeep\n|\n|t:|1781401016\n|switch|p1a: Hatterene|Hatterene, L85, F|236/236\n|turn|9\n|\n|t:|1781401028\n|move|p2a: Phione|Take Heart|p2a: Phione\n|-boost|p2a: Phione|spa|1\n|-boost|p2a: Phione|spd|1\n|move|p1a: Hatterene|Psychic|p2a: Phione\n|-damage|p2a: Phione|164/293\n|\n|-heal|p2a: Phione|182/293|[from] item: Leftovers\n|upkeep\n|turn|10\n|\n|t:|1781401035\n|switch|p1a: Dugtrio|Dugtrio-Alola, L84, F|94/196\n|move|p2a: Phione|Scald|p1a: Dugtrio\n|-supereffective|p1a: Dugtrio\n|-damage|p1a: Dugtrio|0 fnt\n|faint|p1a: Dugtrio\n|\n|-heal|p2a: Phione|200/293|[from] item: Leftovers\n|upkeep\n|\n|t:|1781401040\n|switch|p1a: Landorus|Landorus-Therian, L76, M|260/260\n|-ability|p1a: Landorus|Intimidate|boost\n|-unboost|p2a: Phione|atk|1\n|turn|11\n|\n|t:|1781401047\n|-terastallize|p1a: Landorus|Water\n|move|p2a: Phione|Scald|p1a: Landorus\n|-resisted|p1a: Landorus\n|-damage|p1a: Landorus|152/260\n|move|p1a: Landorus|Taunt|p2a: Phione\n|-start|p2a: Phione|move: Taunt\n|\n|-heal|p2a: Phione|218/293|[from] item: Leftovers\n|-heal|p1a: Landorus|168/260|[from] item: Leftovers\n|upkeep\n|turn|12\n|\n|t:|1781401054\n|move|p2a: Phione|Scald|p1a: Landorus\n|-resisted|p1a: Landorus\n|-damage|p1a: Landorus|60/260\n|-status|p1a: Landorus|brn\n|move|p1a: Landorus|Earthquake|p2a: Phione\n|-damage|p2a: Phione|155/293\n|\n|-heal|p2a: Phione|173/293|[from] item: Leftovers\n|-heal|p1a: Landorus|76/260 brn|[from] item: Leftovers\n|-damage|p1a: Landorus|60/260 brn|[from] brn\n|upkeep\n|turn|13\n|\n|t:|1781401061\n|move|p2a: Phione|Scald|p1a: Landorus\n|-resisted|p1a: Landorus\n|-damage|p1a: Landorus|0 fnt\n|faint|p1a: Landorus\n|\n|-heal|p2a: Phione|191/293|[from] item: Leftovers\n|upkeep\n|\n|t:|1781401066\n|switch|p1a: Latios|Latios, L78, M|253/253\n|turn|14\n|\n|t:|1781401071\n|move|p1a: Latios|Luster Purge|p2a: Phione\n|-damage|p2a: Phione|100/293\n|move|p2a: Phione|Scald|p1a: Latios\n|-resisted|p1a: Latios\n|-damage|p1a: Latios|181/253\n|\n|-heal|p2a: Phione|118/293|[from] item: Leftovers\n|-end|p2a: Phione|move: Taunt\n|upkeep\n|turn|15\n|\n|t:|1781401078\n|move|p1a: Latios|Luster Purge|p2a: Phione\n|-damage|p2a: Phione|39/293\n|-unboost|p2a: Phione|spd|1\n|move|p2a: Phione|Scald|p1a: Latios\n|-resisted|p1a: Latios\n|-damage|p1a: Latios|108/253\n|-status|p1a: Latios|brn\n|\n|-heal|p2a: Phione|57/293|[from] item: Leftovers\n|-damage|p1a: Latios|93/253 brn|[from] brn\n|upkeep\n|turn|16\n|\n|t:|1781401087\n|move|p1a: Latios|Luster Purge|p2a: Phione\n|-damage|p2a: Phione|0 fnt\n|faint|p2a: Phione\n|\n|-damage|p1a: Latios|78/253 brn|[from] brn\n|upkeep\n|\n|t:|1781401090\n|switch|p2a: Ambipom|Ambipom, L84, M|263/263\n|turn|17\n|\n|t:|1781401094\n|move|p2a: Ambipom|Fake Out|p1a: Latios\n|-damage|p1a: Latios|0 fnt\n|faint|p1a: Latios\n|\n|upkeep\n|\n|t:|1781401097\n|switch|p1a: Hatterene|Hatterene, L85, F|236/236\n|turn|18\n|\n|t:|1781401106\n|switch|p2a: Cetitan|Cetitan, L82, M|413/413\n|move|p1a: Hatterene|Nuzzle|p2a: Cetitan\n|-damage|p2a: Cetitan|393/413\n|-status|p2a: Cetitan|par\n|\n|upkeep\n|turn|19\n|\n|t:|1781401112\n|move|p1a: Hatterene|Mystical Fire|p2a: Cetitan\n|-supereffective|p2a: Cetitan\n|-damage|p2a: Cetitan|201/413 par\n|-unboost|p2a: Cetitan|spa|1\n|move|p2a: Cetitan|Icicle Crash|p1a: Hatterene\n|-damage|p1a: Hatterene|79/236\n|\n|upkeep\n|turn|20\n|\n|t:|1781401123\n|move|p1a: Hatterene|Draining Kiss|p2a: Cetitan\n|-damage|p2a: Cetitan|107/413 par\n|-heal|p1a: Hatterene|150/236|[from] drain|[of] p2a: Cetitan\n|move|p2a: Cetitan|Icicle Crash|p1a: Hatterene\n|-damage|p1a: Hatterene|0 fnt\n|faint|p1a: Hatterene\n|\n|upkeep\n|\n|t:|1781401125\n|switch|p1a: Honchkrow|Honchkrow, L86, F|13/312\n|turn|21\n|\n|t:|1781401129\n|move|p1a: Honchkrow|Sucker Punch|p2a: Cetitan\n|-damage|p2a: Cetitan|0 fnt\n|faint|p2a: Cetitan\n|-ability|p1a: Honchkrow|Moxie|boost\n|-boost|p1a: Honchkrow|atk|1\n|\n|upkeep\n|\n|t:|1781401133\n|switch|p2a: Ambipom|Ambipom, L84, M|263/263\n|turn|22\n|\n|t:|1781401135\n|move|p2a: Ambipom|Fake Out|p1a: Honchkrow\n|-damage|p1a: Honchkrow|0 fnt\n|faint|p1a: Honchkrow\n|\n|win|Monsterofgermany\n", "uploadtime": 1781400883, "views": 4, "formatid": "gen9randombattle", "rating": null, "private": 0, "password": null}