{"id": "gen9randombattle-2631910310", "format": "[Gen 9] Random Battle", "players": ["PhatBabyShane", "AdvancedWelfare"], "log": "|j|\u2606PhatBabyShane\n|j|\u2606AdvancedWelfare\n|t:|1781454662\n|gametype|singles\n|player|p1|PhatBabyShane|flannery|1941\n|player|p2|AdvancedWelfare|ghetsis|1908\n|gen|9\n|tier|[Gen 9] Random Battle\n|rated|\n|rule|Species Clause: Limit one of each Pok\u00e9mon\n|rule|HP Percentage Mod: HP is shown in percentages\n|rule|Sleep Clause Mod: Limit one foe put to sleep\n|rule|Illusion Level Mod: Illusion disguises the Pok\u00e9mon's true level\n|\n|t:|1781454663\n|teamsize|p1|6\n|teamsize|p2|6\n|start\n|switch|p1a: Virizion|Virizion, L82|283/283\n|switch|p2a: Magcargo|Magcargo, L95, M|268/268\n|turn|1\n|inactive|Battle timer is ON: inactive players will automatically lose when time's up. (requested by PhatBabyShane)\n|\n|t:|1781454675\n|switch|p1a: Azumarill|Azumarill, L82, F|298/298\n|move|p2a: Magcargo|Shell Smash|p2a: Magcargo\n|-unboost|p2a: Magcargo|def|1\n|-unboost|p2a: Magcargo|spd|1\n|-boost|p2a: Magcargo|atk|2\n|-boost|p2a: Magcargo|spa|2\n|-boost|p2a: Magcargo|spe|2\n|\n|upkeep\n|turn|2\n|\n|t:|1781454694\n|-terastallize|p2a: Magcargo|Grass\n|move|p2a: Magcargo|Power Gem|p1a: Azumarill\n|-damage|p1a: Azumarill|72/298\n|move|p1a: Azumarill|Liquidation|p2a: Magcargo\n|-resisted|p2a: Magcargo\n|-damage|p2a: Magcargo|187/268\n|-ability|p2a: Magcargo|Weak Armor|boost\n|-unboost|p2a: Magcargo|def|1\n|-boost|p2a: Magcargo|spe|2\n|\n|upkeep\n|turn|3\n|\n|t:|1781454712\n|switch|p1a: Oranguru|Oranguru, L92, F|315/315\n|move|p2a: Magcargo|Power Gem|p1a: Oranguru\n|-damage|p1a: Oranguru|156/315\n|\n|upkeep\n|turn|4\n|\n|t:|1781454725\n|move|p2a: Magcargo|Fire Blast|p1a: Oranguru\n|-damage|p1a: Oranguru|0 fnt\n|faint|p1a: Oranguru\n|\n|upkeep\n|\n|t:|1781454740\n|switch|p1a: Misdreavus|Misdreavus, L90, M|254/254\n|turn|5\n|\n|t:|1781454744\n|move|p2a: Magcargo|Power Gem|p1a: Misdreavus\n|-damage|p1a: Misdreavus|116/254\n|move|p1a: Misdreavus|Calm Mind|p1a: Misdreavus\n|-boost|p1a: Misdreavus|spa|1\n|-boost|p1a: Misdreavus|spd|1\n|\n|upkeep\n|turn|6\n|\n|t:|1781454753\n|-terastallize|p1a: Misdreavus|Fairy\n|move|p2a: Magcargo|Fire Blast|p1a: Misdreavus\n|-damage|p1a: Misdreavus|0 fnt\n|faint|p1a: Misdreavus\n|\n|upkeep\n|-message|PhatBabyShane forfeited.\n|\n|win|AdvancedWelfare\n|raw|PhatBabyShane's rating: 1941 &rarr; <strong>1919</strong><br />(-22 for losing)\n|raw|AdvancedWelfare's rating: 1908 &rarr; <strong>1930</strong><br />(+22 for winning)\n", "uploadtime": 1781454665, "views": 3, "formatid": "gen9randombattle", "rating": 1919, "private": 0, "password": null}