{"id": "gen9randombattle-2631686208", "format": "[Gen 9] Random Battle", "players": ["8btry8", "jorn lande"], "log": "|j|\u26068btry8\n|j|\u2606jorn lande\n|t:|1781421634\n|gametype|singles\n|player|p1|8btry8|1|1981\n|player|p2|jorn lande|102|2007\n|gen|9\n|tier|[Gen 9] Random Battle\n|rated|\n|rule|Species Clause: Limit one of each Pok\u00e9mon\n|rule|HP Percentage Mod: HP is shown in percentages\n|rule|Sleep Clause Mod: Limit one foe put to sleep\n|rule|Illusion Level Mod: Illusion disguises the Pok\u00e9mon's true level\n|\n|t:|1781421634\n|teamsize|p1|6\n|teamsize|p2|6\n|start\n|switch|p1a: Ditto|Ditto, L87|225/225\n|switch|p2a: Klefki|Klefki, L84, F|233/233\n|-transform|p1a: Ditto|p2a: Klefki|[from] ability: Imposter\n|turn|1\n|inactive|Battle timer is ON: inactive players will automatically lose when time's up. (requested by jorn lande)\n|\n|t:|1781421654\n|move|p1a: Ditto|Spikes|p2a: Klefki\n|-sidestart|p2: jorn lande|Spikes\n|move|p2a: Klefki|Spikes|p1a: Ditto\n|-sidestart|p1: 8btry8|Spikes\n|\n|upkeep\n|turn|2\n|\n|t:|1781421660\n|move|p1a: Ditto|Spikes|p2a: Klefki\n|-sidestart|p2: jorn lande|Spikes\n|move|p2a: Klefki|Thunder Wave|p1a: Ditto\n|-status|p1a: Ditto|par\n|\n|upkeep\n|turn|3\n|inactive|8btry8 has 120 seconds left.\n|\n|t:|1781421695\n|switch|p1a: Cryogonal|Cryogonal, L89|287/287\n|move|p2a: Klefki|Spikes|p1a: Cryogonal\n|-sidestart|p1: 8btry8|Spikes\n|\n|upkeep\n|turn|4\n|inactive|8btry8 has 120 seconds left.\n|\n|t:|1781421703\n|move|p2a: Klefki|Thunder Wave|p1a: Cryogonal\n|-status|p1a: Cryogonal|par\n|move|p1a: Cryogonal|Rapid Spin|p2a: Klefki\n|-resisted|p2a: Klefki\n|-damage|p2a: Klefki|221/233\n|-boost|p1a: Cryogonal|spe|1\n|-sideend|p1: 8btry8|Spikes|[from] move: Rapid Spin|[of] p1a: Cryogonal\n|\n|-heal|p2a: Klefki|233/233|[from] item: Leftovers\n|upkeep\n|turn|5\n|\n|t:|1781421719\n|move|p2a: Klefki|Spikes|p1a: Cryogonal\n|-sidestart|p1: 8btry8|Spikes\n|move|p1a: Cryogonal|Flash Cannon|p2a: Klefki\n|-damage|p2a: Klefki|169/233\n|\n|-heal|p2a: Klefki|183/233|[from] item: Leftovers\n|upkeep\n|turn|6\n|\n|t:|1781421726\n|switch|p2a: Tentacruel|Tentacruel, L84, M|272/272\n|-damage|p2a: Tentacruel|227/272|[from] Spikes\n|move|p1a: Cryogonal|Flash Cannon|p2a: Tentacruel\n|-resisted|p2a: Tentacruel\n|-damage|p2a: Tentacruel|202/272\n|\n|-heal|p2a: Tentacruel|219/272|[from] item: Leftovers\n|upkeep\n|turn|7\n|\n|t:|1781421738\n|move|p2a: Tentacruel|Rapid Spin|p1a: Cryogonal\n|-damage|p1a: Cryogonal|247/287 par\n|-boost|p2a: Tentacruel|spe|1\n|-sideend|p2: jorn lande|Spikes|[from] move: Rapid Spin|[of] p2a: Tentacruel\n|move|p1a: Cryogonal|Freeze-Dry|p2a: Tentacruel\n|-supereffective|p2a: Tentacruel\n|-damage|p2a: Tentacruel|99/272\n|\n|-heal|p2a: Tentacruel|116/272|[from] item: Leftovers\n|upkeep\n|turn|8\n|\n|t:|1781421749\n|switch|p2a: Muk|Muk-Alola, L82, M|306/306\n|move|p1a: Cryogonal|Freeze-Dry|p2a: Muk\n|-damage|p2a: Muk|257/306\n|\n|upkeep\n|turn|9\n|\n|t:|1781421760\n|switch|p1a: Ditto|Ditto, L87|225/225 par\n|-damage|p1a: Ditto|197/225 par|[from] Spikes\n|-transform|p1a: Ditto|p2a: Muk|[from] ability: Imposter\n|move|p2a: Muk|Drain Punch|p1a: Ditto\n|-damage|p1a: Ditto|135/225 par\n|-heal|p2a: Muk|288/306|[from] drain|[of] p1a: Ditto\n|\n|upkeep\n|turn|10\n|\n|t:|1781421771\n|switch|p2a: Klefki|Klefki, L84, F|183/233\n|cant|p1a: Ditto|par\n|\n|-heal|p2a: Klefki|197/233|[from] item: Leftovers\n|upkeep\n|turn|11\n|\n|t:|1781421782\n|move|p2a: Klefki|Dazzling Gleam|p1a: Ditto\n|-damage|p1a: Ditto|69/225 par\n|move|p1a: Ditto|Knock Off|p2a: Klefki\n|-resisted|p2a: Klefki\n|-damage|p2a: Klefki|143/233\n|-enditem|p2a: Klefki|Leftovers|[from] move: Knock Off|[of] p1a: Ditto\n|\n|upkeep\n|turn|12\n|\n|t:|1781421790\n|switch|p1a: Cryogonal|Cryogonal, L89|247/287 par\n|move|p2a: Klefki|Dazzling Gleam|p1a: Cryogonal\n|-damage|p1a: Cryogonal|195/287 par\n|\n|upkeep\n|turn|13\n|\n|t:|1781421797\n|switch|p2a: Muk|Muk-Alola, L82, M|288/306\n|move|p1a: Cryogonal|Freeze-Dry|p2a: Muk\n|-damage|p2a: Muk|237/306\n|\n|upkeep\n|turn|14\n|\n|t:|1781421807\n|switch|p1a: Ditto|Ditto, L87|69/225 par\n|-damage|p1a: Ditto|41/225 par|[from] Spikes\n|-transform|p1a: Ditto|p2a: Muk|[from] ability: Imposter\n|move|p2a: Muk|Drain Punch|p1a: Ditto\n|-damage|p1a: Ditto|0 fnt\n|-heal|p2a: Muk|258/306|[from] drain|[of] p1a: Ditto\n|faint|p1a: Ditto\n|\n|upkeep\n|inactive|8btry8 has 120 seconds left.\n|\n|t:|1781421859\n|switch|p1a: Slither Wing|Slither Wing, L81|270/270\n|-damage|p1a: Slither Wing|237/270|[from] Spikes\n|-enditem|p1a: Slither Wing|Booster Energy\n|-activate|p1a: Slither Wing|ability: Protosynthesis|[fromitem]\n|-start|p1a: Slither Wing|protosynthesisatk\n|turn|15\n|\n|t:|1781421872\n|switch|p2a: Iron Jugulis|Iron Jugulis, L77|271/271\n|move|p1a: Slither Wing|Bulk Up|p1a: Slither Wing\n|-boost|p1a: Slither Wing|atk|1\n|-boost|p1a: Slither Wing|def|1\n|\n|upkeep\n|turn|16\n|\n|t:|1781421882\n|-terastallize|p1a: Slither Wing|Electric\n|move|p2a: Iron Jugulis|Meteor Beam||[still]\n|-prepare|p2a: Iron Jugulis|Meteor Beam\n|-boost|p2a: Iron Jugulis|spa|1\n|-enditem|p2a: Iron Jugulis|Power Herb\n|-anim|p2a: Iron Jugulis|Meteor Beam|p1a: Slither Wing\n|-damage|p1a: Slither Wing|121/270\n|move|p1a: Slither Wing|Wild Charge|p2a: Iron Jugulis\n|-supereffective|p2a: Iron Jugulis\n|-damage|p2a: Iron Jugulis|0 fnt\n|faint|p2a: Iron Jugulis\n|-end|p2a: Iron Jugulis|Quark Drive|[silent]\n|-damage|p1a: Slither Wing|53/270|[from] Recoil\n|\n|upkeep\n|\n|t:|1781421898\n|switch|p2a: Tentacruel|Tentacruel, L84, M|116/272\n|turn|17\n|\n|t:|1781421903\n|move|p2a: Tentacruel|Sludge Bomb|p1a: Slither Wing\n|-damage|p1a: Slither Wing|0 fnt\n|faint|p1a: Slither Wing\n|-end|p1a: Slither Wing|Protosynthesis|[silent]\n|\n|-heal|p2a: Tentacruel|133/272|[from] item: Leftovers\n|upkeep\n|\n|t:|1781421912\n|switch|p1a: Weavile|Weavile, L79, F|240/240\n|turn|18\n|\n|t:|1781421918\n|move|p1a: Weavile|Swords Dance|p1a: Weavile\n|-boost|p1a: Weavile|atk|2\n|move|p2a: Tentacruel|Rapid Spin|p1a: Weavile\n|-damage|p1a: Weavile|201/240\n|-boost|p2a: Tentacruel|spe|1\n|\n|-heal|p2a: Tentacruel|150/272|[from] item: Leftovers\n|upkeep\n|turn|19\n|\n|t:|1781421927\n|move|p2a: Tentacruel|Sludge Bomb|p1a: Weavile\n|-damage|p1a: Weavile|114/240\n|move|p1a: Weavile|Knock Off|p2a: Tentacruel\n|-damage|p2a: Tentacruel|0 fnt\n|-enditem|p2a: Tentacruel|Leftovers|[from] move: Knock Off|[of] p1a: Weavile\n|faint|p2a: Tentacruel\n|\n|upkeep\n|\n|t:|1781421939\n|switch|p2a: Klefki|Klefki, L84, F|143/233\n|turn|20\n|\n|t:|1781421944\n|move|p1a: Weavile|Triple Axel|p2a: Klefki\n|-resisted|p2a: Klefki\n|-damage|p2a: Klefki|122/233\n|-resisted|p2a: Klefki\n|-damage|p2a: Klefki|76/233\n|-hitcount|p2a: Klefki|2\n|move|p2a: Klefki|Dazzling Gleam|p1a: Weavile\n|-supereffective|p1a: Weavile\n|-damage|p1a: Weavile|0 fnt\n|faint|p1a: Weavile\n|\n|upkeep\n|-message|8btry8 forfeited.\n|\n|win|jorn lande\n|raw|8btry8's rating: 1981 &rarr; <strong>1962</strong><br />(-19 for losing)\n|raw|jorn lande's rating: 2007 &rarr; <strong>2026</strong><br />(+19 for winning)\n", "uploadtime": 1781421954, "views": 2, "formatid": "gen9randombattle", "rating": 1962, "private": 0, "password": null}