{"id": "gen9randombattle-2631414050", "format": "[Gen 9] Random Battle", "players": ["MAYBEsebas", "Dr3ntel"], "log": "|j|\u2606MAYBEsebas\n|j|\u203dDr3ntel\n|t:|1781381742\n|gametype|singles\n|player|p1|MAYBEsebas|rocketgrunt|2123\n|player|p2|Dr3ntel|102|2063\n|gen|9\n|tier|[Gen 9] Random Battle\n|rated|\n|rule|Species Clause: Limit one of each Pok\u00e9mon\n|rule|HP Percentage Mod: HP is shown in percentages\n|rule|Sleep Clause Mod: Limit one foe put to sleep\n|rule|Illusion Level Mod: Illusion disguises the Pok\u00e9mon's true level\n|\n|t:|1781381742\n|teamsize|p1|6\n|teamsize|p2|6\n|start\n|switch|p1a: Tinkaton|Tinkaton, L82, F|274/274\n|switch|p2a: Jirachi|Jirachi, L80|291/291\n|-ability|p1a: Tinkaton|Mold Breaker\n|turn|1\n|inactive|Battle timer is ON: inactive players will automatically lose when time's up. (requested by Dr3ntel)\n|\n|t:|1781381772\n|move|p2a: Jirachi|Body Slam|p1a: Tinkaton\n|-resisted|p1a: Tinkaton\n|-damage|p1a: Tinkaton|243/274\n|-status|p1a: Tinkaton|par\n|cant|p1a: Tinkaton|par\n|\n|-heal|p1a: Tinkaton|260/274 par|[from] item: Leftovers\n|upkeep\n|turn|2\n|\n|t:|1781381779\n|move|p2a: Jirachi|Iron Head|p1a: Tinkaton\n|-damage|p1a: Tinkaton|169/274 par\n|cant|p1a: Tinkaton|flinch\n|\n|-heal|p1a: Tinkaton|186/274 par|[from] item: Leftovers\n|upkeep\n|turn|3\n|\n|t:|1781381788\n|switch|p1a: Rotom|Rotom-Heat, L83|219/219\n|move|p2a: Jirachi|Iron Head|p1a: Rotom\n|-resisted|p1a: Rotom\n|-damage|p1a: Rotom|203/219\n|\n|upkeep\n|turn|4\n|\n|t:|1781381800\n|switch|p2a: Dedenne|Dedenne, L88, M|261/261\n|move|p1a: Rotom|Will-O-Wisp|p2a: Dedenne\n|-status|p2a: Dedenne|brn\n|\n|-damage|p2a: Dedenne|245/261 brn|[from] brn\n|upkeep\n|turn|5\n|\n|t:|1781381808\n|move|p2a: Dedenne|Super Fang|p1a: Rotom\n|-damage|p1a: Rotom|102/219\n|move|p1a: Rotom|Overheat|p2a: Dedenne|[miss]\n|-miss|p1a: Rotom|p2a: Dedenne\n|\n|-damage|p2a: Dedenne|229/261 brn|[from] brn\n|upkeep\n|turn|6\n|\n|t:|1781381813\n|move|p2a: Dedenne|Super Fang|p1a: Rotom\n|-damage|p1a: Rotom|51/219\n|move|p1a: Rotom|Pain Split|p2a: Dedenne\n|-sethp|p2a: Dedenne|140/261 brn|[from] move: Pain Split|[silent]\n|-sethp|p1a: Rotom|140/219|[from] move: Pain Split\n|\n|-damage|p2a: Dedenne|124/261 brn|[from] brn\n|upkeep\n|-enditem|p2a: Dedenne|Sitrus Berry|[eat]\n|-heal|p2a: Dedenne|189/261 brn|[from] item: Sitrus Berry\n|-heal|p2a: Dedenne|261/261 brn|[from] ability: Cheek Pouch\n|turn|7\n|\n|t:|1781381821\n|move|p2a: Dedenne|Super Fang|p1a: Rotom|[miss]\n|-miss|p2a: Dedenne|p1a: Rotom\n|move|p1a: Rotom|Pain Split|p2a: Dedenne\n|-sethp|p2a: Dedenne|200/261 brn|[from] move: Pain Split|[silent]\n|-sethp|p1a: Rotom|200/219|[from] move: Pain Split\n|\n|-damage|p2a: Dedenne|184/261 brn|[from] brn\n|upkeep\n|turn|8\n|inactive|Dr3ntel has 120 seconds left.\n|\n|t:|1781381854\n|move|p2a: Dedenne|Super Fang|p1a: Rotom\n|-damage|p1a: Rotom|100/219\n|move|p1a: Rotom|Overheat|p2a: Dedenne\n|-damage|p2a: Dedenne|15/261 brn\n|-unboost|p1a: Rotom|spa|2\n|\n|-damage|p2a: Dedenne|0 fnt|[from] brn\n|faint|p2a: Dedenne\n|upkeep\n|inactive|Dr3ntel has 120 seconds left.\n|\n|t:|1781381860\n|switch|p2a: Gurdurr|Gurdurr, L85, F, shiny|283/283\n|turn|9\n|\n|t:|1781381873\n|move|p1a: Rotom|Pain Split|p2a: Gurdurr\n|-sethp|p2a: Gurdurr|191/283|[from] move: Pain Split|[silent]\n|-sethp|p1a: Rotom|191/219|[from] move: Pain Split\n|move|p2a: Gurdurr|Bulk Up|p2a: Gurdurr\n|-boost|p2a: Gurdurr|atk|1\n|-boost|p2a: Gurdurr|def|1\n|\n|upkeep\n|turn|10\n|\n|t:|1781381888\n|switch|p1a: Lumineon|Lumineon, L93, M|279/279\n|move|p2a: Gurdurr|Bulk Up|p2a: Gurdurr\n|-boost|p2a: Gurdurr|atk|1\n|-boost|p2a: Gurdurr|def|1\n|\n|upkeep\n|turn|11\n|\n|t:|1781381897\n|move|p2a: Gurdurr|Mach Punch|p1a: Lumineon\n|-damage|p1a: Lumineon|191/279\n|move|p1a: Lumineon|Encore|p2a: Gurdurr\n|-start|p2a: Gurdurr|Encore\n|\n|upkeep\n|turn|12\n|\n|t:|1781381909\n|move|p2a: Gurdurr|Mach Punch|p1a: Lumineon\n|-damage|p1a: Lumineon|95/279\n|move|p1a: Lumineon|Alluring Voice|p2a: Gurdurr\n|-supereffective|p2a: Gurdurr\n|-damage|p2a: Gurdurr|51/283\n|-damage|p1a: Lumineon|68/279|[from] item: Life Orb\n|\n|upkeep\n|turn|13\n|\n|t:|1781381917\n|switch|p1a: Rotom|Rotom-Heat, L83|191/219\n|move|p2a: Gurdurr|Mach Punch|p1a: Rotom\n|-damage|p1a: Rotom|115/219\n|\n|upkeep\n|turn|14\n|\n|t:|1781381928\n|move|p2a: Gurdurr|Mach Punch|p1a: Rotom\n|-damage|p1a: Rotom|33/219\n|move|p1a: Rotom|Thunderbolt|p2a: Gurdurr\n|-damage|p2a: Gurdurr|0 fnt\n|faint|p2a: Gurdurr\n|\n|upkeep\n|\n|t:|1781381941\n|switch|p2a: Lokix|Lokix, L82, F|251/251\n|turn|15\n|\n|t:|1781381949\n|switch|p1a: Ho-Oh|Ho-Oh, L71|268/268\n|move|p2a: Lokix|First Impression|p1a: Ho-Oh\n|-resisted|p1a: Ho-Oh\n|-damage|p1a: Ho-Oh|206/268\n|\n|upkeep\n|turn|16\n|\n|t:|1781381955\n|move|p2a: Lokix|U-turn|p1a: Ho-Oh\n|-resisted|p1a: Ho-Oh\n|-damage|p1a: Ho-Oh|158/268\n|\n|t:|1781381968\n|switch|p2a: Wugtrio|Wugtrio, L91, F|212/212|[from] U-turn\n|move|p1a: Ho-Oh|Sacred Fire|p2a: Wugtrio\n|-resisted|p2a: Wugtrio\n|-damage|p2a: Wugtrio|141/212\n|-status|p2a: Wugtrio|brn\n|\n|-damage|p2a: Wugtrio|128/212 brn|[from] brn\n|upkeep\n|turn|17\n|\n|t:|1781381974\n|switch|p1a: Lumineon|Lumineon, L93, M|68/279\n|move|p2a: Wugtrio|Throat Chop|p1a: Lumineon\n|-damage|p1a: Lumineon|14/279\n|-start|p1a: Lumineon|Throat Chop|[silent]\n|\n|-damage|p2a: Wugtrio|115/212 brn|[from] brn\n|upkeep\n|turn|18\n|\n|t:|1781381979\n|switch|p1a: Tinkaton|Tinkaton, L82, F|186/274 par\n|-ability|p1a: Tinkaton|Mold Breaker\n|move|p2a: Wugtrio|Throat Chop|p1a: Tinkaton\n|-resisted|p1a: Tinkaton\n|-damage|p1a: Tinkaton|157/274 par\n|-start|p1a: Tinkaton|Throat Chop|[silent]\n|\n|-heal|p1a: Tinkaton|174/274 par|[from] item: Leftovers\n|-damage|p2a: Wugtrio|102/212 brn|[from] brn\n|upkeep\n|turn|19\n|\n|t:|1781381988\n|switch|p2a: Jirachi|Jirachi, L80|291/291\n|move|p1a: Tinkaton|Play Rough|p2a: Jirachi\n|-resisted|p2a: Jirachi\n|-damage|p2a: Jirachi|254/291\n|\n|-heal|p2a: Jirachi|272/291|[from] item: Leftovers\n|-heal|p1a: Tinkaton|191/274 par|[from] item: Leftovers\n|-end|p1a: Tinkaton|Throat Chop|[silent]\n|upkeep\n|turn|20\n|\n|t:|1781381999\n|move|p2a: Jirachi|Iron Head|p1a: Tinkaton\n|-damage|p1a: Tinkaton|92/274 par\n|cant|p1a: Tinkaton|flinch\n|\n|-heal|p2a: Jirachi|290/291|[from] item: Leftovers\n|-heal|p1a: Tinkaton|109/274 par|[from] item: Leftovers\n|upkeep\n|turn|21\n|\n|t:|1781382004\n|switch|p1a: Ho-Oh|Ho-Oh, L71|247/268\n|move|p2a: Jirachi|Iron Head|p1a: Ho-Oh\n|-resisted|p1a: Ho-Oh\n|-damage|p1a: Ho-Oh|199/268\n|\n|-heal|p2a: Jirachi|291/291|[from] item: Leftovers\n|upkeep\n|turn|22\n|\n|t:|1781382008\n|move|p2a: Jirachi|Body Slam|p1a: Ho-Oh\n|-damage|p1a: Ho-Oh|138/268\n|-status|p1a: Ho-Oh|par\n|cant|p1a: Ho-Oh|par\n|\n|upkeep\n|turn|23\n|\n|t:|1781382013\n|move|p2a: Jirachi|Iron Head|p1a: Ho-Oh\n|-resisted|p1a: Ho-Oh\n|-damage|p1a: Ho-Oh|90/268 par\n|move|p1a: Ho-Oh|Recover|p1a: Ho-Oh\n|-heal|p1a: Ho-Oh|224/268 par\n|\n|upkeep\n|turn|24\n|\n|t:|1781382018\n|move|p2a: Jirachi|Iron Head|p1a: Ho-Oh\n|-resisted|p1a: Ho-Oh\n|-damage|p1a: Ho-Oh|178/268 par\n|move|p1a: Ho-Oh|Sacred Fire|p2a: Jirachi\n|-supereffective|p2a: Jirachi\n|-damage|p2a: Jirachi|123/291\n|-status|p2a: Jirachi|brn\n|\n|-heal|p2a: Jirachi|141/291 brn|[from] item: Leftovers\n|-damage|p2a: Jirachi|123/291 brn|[from] brn\n|upkeep\n|turn|25\n|\n|t:|1781382031\n|move|p2a: Jirachi|Iron Head|p1a: Ho-Oh\n|-resisted|p1a: Ho-Oh\n|-damage|p1a: Ho-Oh|154/268 par\n|move|p1a: Ho-Oh|Recover|p1a: Ho-Oh\n|-heal|p1a: Ho-Oh|268/268 par\n|\n|-heal|p2a: Jirachi|141/291 brn|[from] item: Leftovers\n|-damage|p2a: Jirachi|123/291 brn|[from] brn\n|upkeep\n|turn|26\n|\n|t:|1781382048\n|move|p2a: Jirachi|Iron Head|p1a: Ho-Oh\n|-resisted|p1a: Ho-Oh\n|-damage|p1a: Ho-Oh|244/268 par\n|cant|p1a: Ho-Oh|par\n|\n|-heal|p2a: Jirachi|141/291 brn|[from] item: Leftovers\n|-damage|p2a: Jirachi|123/291 brn|[from] brn\n|upkeep\n|turn|27\n|\n|t:|1781382055\n|move|p2a: Jirachi|Iron Head|p1a: Ho-Oh\n|-resisted|p1a: Ho-Oh\n|-damage|p1a: Ho-Oh|220/268 par\n|move|p1a: Ho-Oh|Sacred Fire|p2a: Jirachi\n|-supereffective|p2a: Jirachi\n|-damage|p2a: Jirachi|0 fnt\n|faint|p2a: Jirachi\n|\n|upkeep\n|\n|t:|1781382060\n|switch|p2a: Wugtrio|Wugtrio, L91, F|102/212 brn\n|turn|28\n|\n|t:|1781382063\n|switch|p1a: Lumineon|Lumineon, L93, M|14/279\n|move|p2a: Wugtrio|Liquidation|p1a: Lumineon\n|-ability|p1a: Lumineon|Storm Drain|boost\n|-boost|p1a: Lumineon|spa|1\n|\n|-damage|p2a: Wugtrio|89/212 brn|[from] brn\n|upkeep\n|turn|29\n|\n|t:|1781382070\n|move|p2a: Wugtrio|Liquidation|p1a: Lumineon\n|-ability|p1a: Lumineon|Storm Drain|boost\n|-boost|p1a: Lumineon|spa|1\n|move|p1a: Lumineon|Alluring Voice|p2a: Wugtrio\n|-damage|p2a: Wugtrio|0 fnt\n|faint|p2a: Wugtrio\n|-damage|p1a: Lumineon|0 fnt|[from] item: Life Orb\n|faint|p1a: Lumineon\n|\n|upkeep\n|\n|t:|1781382089\n|switch|p2a: Okidogi|Okidogi, L77, M|262/262\n|switch|p1a: Rotom|Rotom-Heat, L83|33/219\n|turn|30\n|\n|t:|1781382095\n|switch|p2a: Lokix|Lokix, L82, F|251/251\n|move|p1a: Rotom|Pain Split|p2a: Lokix\n|-sethp|p2a: Lokix|142/251|[from] move: Pain Split|[silent]\n|-sethp|p1a: Rotom|142/219|[from] move: Pain Split\n|\n|upkeep\n|turn|31\n|\n|t:|1781382099\n|-terastallize|p2a: Lokix|Bug\n|move|p2a: Lokix|First Impression|p1a: Rotom\n|-resisted|p1a: Rotom\n|-damage|p1a: Rotom|12/219\n|move|p1a: Rotom|Overheat|p2a: Lokix\n|-supereffective|p2a: Lokix\n|-damage|p2a: Lokix|0 fnt\n|-unboost|p1a: Rotom|spa|2\n|faint|p2a: Lokix\n|\n|upkeep\n|-message|Dr3ntel forfeited.\n|l|\u203dDr3ntel\n|inactive|Dr3ntel disconnected and has a minute to reconnect!\n|player|p2|\n|\n|win|MAYBEsebas\n", "uploadtime": 1781381744, "views": 8, "formatid": "gen9randombattle", "rating": null, "private": 0, "password": null}