{"id": "gen9randombattle-2631493267", "format": "[Gen 9] Random Battle", "players": ["greenfalcon81", "Profschnitzel"], "log": "|j|\u2606greenfalcon81\n|j|\u2606Profschnitzel\n|t:|1781392025\n|gametype|singles\n|player|p1|greenfalcon81|101|1983\n|player|p2|Profschnitzel|steven|1985\n|gen|9\n|tier|[Gen 9] Random Battle\n|rated|\n|rule|Species Clause: Limit one of each Pok\u00e9mon\n|rule|HP Percentage Mod: HP is shown in percentages\n|rule|Sleep Clause Mod: Limit one foe put to sleep\n|rule|Illusion Level Mod: Illusion disguises the Pok\u00e9mon's true level\n|\n|t:|1781392025\n|teamsize|p1|6\n|teamsize|p2|6\n|start\n|switch|p1a: Salamence|Salamence, L77, M|273/273\n|switch|p2a: Reshiram|Reshiram, L76|277/277\n|-ability|p1a: Salamence|Intimidate|boost\n|-unboost|p2a: Reshiram|atk|1\n|-ability|p2a: Reshiram|Turboblaze\n|turn|1\n|inactive|Battle timer is ON: inactive players will automatically lose when time's up. (requested by Profschnitzel)\n|\n|t:|1781392048\n|switch|p1a: Chansey|Chansey, L85, F|564/564\n|switch|p2a: Dondozo|Dondozo, L78, F|362/362\n|\n|upkeep\n|turn|2\n|\n|t:|1781392053\n|switch|p1a: Volcanion|Volcanion, L79|256/256\n|move|p2a: Dondozo|Curse|p2a: Dondozo\n|-unboost|p2a: Dondozo|spe|1\n|-boost|p2a: Dondozo|atk|1\n|-boost|p2a: Dondozo|def|1\n|\n|upkeep\n|turn|3\n|\n|t:|1781392062\n|switch|p2a: Snorlax|Snorlax, L82, F|397/397\n|move|p1a: Volcanion|Flamethrower|p2a: Snorlax\n|-damage|p2a: Snorlax|352/397\n|\n|-heal|p2a: Snorlax|376/397|[from] item: Leftovers\n|upkeep\n|turn|4\n|\n|t:|1781392070\n|switch|p1a: Salamence|Salamence, L77, M|273/273\n|-ability|p1a: Salamence|Intimidate|boost\n|-unboost|p2a: Snorlax|atk|1\n|move|p2a: Snorlax|Curse|p2a: Snorlax\n|-unboost|p2a: Snorlax|spe|1\n|-boost|p2a: Snorlax|atk|1\n|-boost|p2a: Snorlax|def|1\n|\n|-heal|p2a: Snorlax|397/397|[from] item: Leftovers\n|upkeep\n|turn|5\n|\n|t:|1781392075\n|move|p1a: Salamence|Dragon Dance|p1a: Salamence\n|-boost|p1a: Salamence|atk|1\n|-boost|p1a: Salamence|spe|1\n|move|p2a: Snorlax|Curse|p2a: Snorlax\n|-unboost|p2a: Snorlax|spe|1\n|-boost|p2a: Snorlax|atk|1\n|-boost|p2a: Snorlax|def|1\n|\n|upkeep\n|turn|6\n|\n|t:|1781392081\n|move|p1a: Salamence|Dual Wingbeat|p2a: Snorlax\n|-damage|p2a: Snorlax|355/397\n|-damage|p2a: Snorlax|309/397\n|-hitcount|p2a: Snorlax|2\n|move|p2a: Snorlax|Body Slam|p1a: Salamence\n|-damage|p1a: Salamence|101/273\n|\n|-heal|p2a: Snorlax|333/397|[from] item: Leftovers\n|upkeep\n|turn|7\n|\n|t:|1781392092\n|move|p1a: Salamence|Outrage|p2a: Snorlax\n|-damage|p2a: Snorlax|189/397\n|move|p2a: Snorlax|Body Slam|p1a: Salamence\n|-damage|p1a: Salamence|0 fnt\n|faint|p1a: Salamence\n|\n|-heal|p2a: Snorlax|213/397|[from] item: Leftovers\n|upkeep\n|\n|t:|1781392096\n|switch|p1a: Koraidon|Koraidon, L64|235/235\n|-weather|SunnyDay|[from] ability: Orichalcum Pulse|[of] p1a: Koraidon\n|-activate|p1a: Koraidon|Orichalcum Pulse|[source]\n|turn|8\n|\n|t:|1781392101\n|-terastallize|p2a: Snorlax|Fairy\n|move|p1a: Koraidon|Collision Course|p2a: Snorlax\n|-resisted|p2a: Snorlax\n|-damage|p2a: Snorlax|176/397\n|move|p2a: Snorlax|Body Slam|p1a: Koraidon\n|-damage|p1a: Koraidon|99/235\n|\n|-weather|SunnyDay|[upkeep]\n|-heal|p2a: Snorlax|200/397|[from] item: Leftovers\n|upkeep\n|turn|9\n|\n|t:|1781392108\n|switch|p1a: Gholdengo|Gholdengo, L77|261/261\n|move|p2a: Snorlax|Curse|p2a: Snorlax\n|-unboost|p2a: Snorlax|spe|1\n|-boost|p2a: Snorlax|atk|1\n|-boost|p2a: Snorlax|def|1\n|\n|-weather|SunnyDay|[upkeep]\n|-heal|p2a: Snorlax|224/397|[from] item: Leftovers\n|upkeep\n|turn|10\n|\n|t:|1781392116\n|switch|p2a: Reshiram|Reshiram, L76|277/277\n|-ability|p2a: Reshiram|Turboblaze\n|move|p1a: Gholdengo|Shadow Ball|p2a: Reshiram\n|-damage|p2a: Reshiram|204/277\n|\n|-weather|SunnyDay|[upkeep]\n|upkeep\n|turn|11\n|\n|t:|1781392122\n|switch|p1a: Chansey|Chansey, L85, F|564/564\n|move|p2a: Reshiram|Dragon Dance|p2a: Reshiram\n|-boost|p2a: Reshiram|atk|1\n|-boost|p2a: Reshiram|spe|1\n|\n|-weather|SunnyDay|[upkeep]\n|upkeep\n|turn|12\n|\n|t:|1781392127\n|move|p2a: Reshiram|Flare Blitz|p1a: Chansey\n|-damage|p1a: Chansey|0 fnt\n|faint|p1a: Chansey\n|-damage|p2a: Reshiram|18/277|[from] Recoil\n|\n|-weather|none\n|upkeep\n|\n|t:|1781392131\n|switch|p1a: Quaquaval|Quaquaval, L79, M|264/264\n|turn|13\n|\n|t:|1781392136\n|move|p2a: Reshiram|Outrage|p1a: Quaquaval\n|-damage|p1a: Quaquaval|42/264\n|move|p1a: Quaquaval|Aqua Step|p2a: Reshiram\n|-damage|p2a: Reshiram|0 fnt\n|-boost|p1a: Quaquaval|spe|1\n|faint|p2a: Reshiram\n|-ability|p1a: Quaquaval|Moxie|boost\n|-boost|p1a: Quaquaval|atk|1\n|\n|upkeep\n|\n|t:|1781392141\n|switch|p2a: Dondozo|Dondozo, L78, F|362/362\n|turn|14\n|\n|t:|1781392147\n|switch|p1a: Volcanion|Volcanion, L79|256/256\n|move|p2a: Dondozo|Curse|p2a: Dondozo\n|-unboost|p2a: Dondozo|spe|1\n|-boost|p2a: Dondozo|atk|1\n|-boost|p2a: Dondozo|def|1\n|\n|upkeep\n|turn|15\n|\n|t:|1781392150\n|switch|p2a: Snorlax|Snorlax, L82, F, tera:Fairy|224/397\n|move|p1a: Volcanion|Steam Eruption|p2a: Snorlax\n|-damage|p2a: Snorlax|116/397\n|\n|-heal|p2a: Snorlax|140/397|[from] item: Leftovers\n|upkeep\n|turn|16\n|\n|t:|1781392153\n|switch|p1a: Gholdengo|Gholdengo, L77|261/261\n|move|p2a: Snorlax|Rest|p2a: Snorlax\n|-status|p2a: Snorlax|slp|[from] move: Rest\n|-heal|p2a: Snorlax|397/397 slp|[silent]\n|\n|upkeep\n|turn|17\n|\n|t:|1781392158\n|switch|p2a: Entei|Entei, L78|307/307\n|move|p1a: Gholdengo|Shadow Ball|p2a: Entei\n|-damage|p2a: Entei|202/307\n|\n|upkeep\n|turn|18\n|\n|t:|1781392163\n|switch|p1a: Quaquaval|Quaquaval, L79, M|42/264\n|move|p2a: Entei|Stomping Tantrum|p1a: Quaquaval\n|-damage|p1a: Quaquaval|0 fnt\n|faint|p1a: Quaquaval\n|\n|upkeep\n|\n|t:|1781392166\n|switch|p1a: Koraidon|Koraidon, L64|99/235\n|-weather|SunnyDay|[from] ability: Orichalcum Pulse|[of] p1a: Koraidon\n|-activate|p1a: Koraidon|Orichalcum Pulse|[source]\n|turn|19\n|\n|t:|1781392170\n|switch|p2a: Dondozo|Dondozo, L78, F|362/362\n|move|p1a: Koraidon|Flare Blitz|p2a: Dondozo\n|-resisted|p2a: Dondozo\n|-crit|p2a: Dondozo\n|-damage|p2a: Dondozo|283/362\n|-damage|p1a: Koraidon|73/235|[from] Recoil\n|\n|-weather|SunnyDay|[upkeep]\n|-heal|p2a: Dondozo|305/362|[from] item: Leftovers\n|upkeep\n|turn|20\n|\n|t:|1781392177\n|switch|p1a: Volcanion|Volcanion, L79|256/256\n|switch|p2a: Entei|Entei, L78|202/307\n|\n|-weather|SunnyDay|[upkeep]\n|upkeep\n|turn|21\n|\n|t:|1781392183\n|switch|p2a: Snorlax|Snorlax, L82, F, tera:Fairy|397/397 slp\n|-terastallize|p1a: Volcanion|Water\n|move|p1a: Volcanion|Steam Eruption|p2a: Snorlax\n|-damage|p2a: Snorlax|321/397 slp\n|\n|-weather|SunnyDay|[upkeep]\n|-heal|p2a: Snorlax|345/397 slp|[from] item: Leftovers\n|upkeep\n|turn|22\n|\n|t:|1781392189\n|switch|p1a: Gholdengo|Gholdengo, L77|261/261\n|cant|p2a: Snorlax|slp\n|move|p2a: Snorlax|Sleep Talk|p2a: Snorlax\n|move|p2a: Snorlax|Curse|p2a: Snorlax|[from] move: Sleep Talk\n|-unboost|p2a: Snorlax|spe|1\n|-boost|p2a: Snorlax|atk|1\n|-boost|p2a: Snorlax|def|1\n|\n|-weather|SunnyDay|[upkeep]\n|-heal|p2a: Snorlax|369/397 slp|[from] item: Leftovers\n|upkeep\n|turn|23\n|\n|t:|1781392198\n|switch|p2a: Dedenne|Dedenne, L88, M|261/261\n|move|p1a: Gholdengo|Shadow Ball|p2a: Dedenne\n|-damage|p2a: Dedenne|164/261\n|\n|-weather|none\n|upkeep\n|turn|24\n|\n|t:|1781392208\n|move|p2a: Dedenne|Thunderbolt|p1a: Gholdengo\n|-damage|p1a: Gholdengo|158/261\n|move|p1a: Gholdengo|Make It Rain|p2a: Dedenne\n|-damage|p2a: Dedenne|8/261\n|-unboost|p1a: Gholdengo|spa|1\n|-enditem|p2a: Dedenne|Sitrus Berry|[eat]\n|-heal|p2a: Dedenne|73/261|[from] item: Sitrus Berry\n|-heal|p2a: Dedenne|160/261|[from] ability: Cheek Pouch\n|\n|-heal|p1a: Gholdengo|174/261|[from] item: Leftovers\n|upkeep\n|turn|25\n|\n|t:|1781392217\n|switch|p1a: Koraidon|Koraidon, L64|73/235\n|-weather|SunnyDay|[from] ability: Orichalcum Pulse|[of] p1a: Koraidon\n|-activate|p1a: Koraidon|Orichalcum Pulse|[source]\n|move|p2a: Dedenne|Nuzzle|p1a: Koraidon\n|-resisted|p1a: Koraidon\n|-damage|p1a: Koraidon|64/235\n|-status|p1a: Koraidon|par\n|\n|-weather|SunnyDay|[upkeep]\n|upkeep\n|turn|26\n|\n|t:|1781392220\n|move|p2a: Dedenne|Dazzling Gleam|p1a: Koraidon\n|-supereffective|p1a: Koraidon\n|-damage|p1a: Koraidon|0 fnt\n|faint|p1a: Koraidon\n|\n|-weather|SunnyDay|[upkeep]\n|upkeep\n|-message|greenfalcon81 forfeited.\n|\n|win|Profschnitzel\n", "uploadtime": 1781392027, "views": 4, "formatid": "gen9randombattle", "rating": null, "private": 0, "password": null}