{"id": "gen9randombattle-2631631448", "format": "[Gen 9] Random Battle", "players": ["supershadowfan2000", "Jejejehgeteu"], "log": "|j|\u2606supershadowfan2000\n|j|\u2606Jejejehgeteu\n|t:|1781411765\n|gametype|singles\n|player|p1|supershadowfan2000|102|1000\n|player|p2|Jejejehgeteu|169|1012\n|gen|9\n|tier|[Gen 9] Random Battle\n|rated|\n|rule|Species Clause: Limit one of each Pok\u00e9mon\n|rule|HP Percentage Mod: HP is shown in percentages\n|rule|Sleep Clause Mod: Limit one foe put to sleep\n|rule|Illusion Level Mod: Illusion disguises the Pok\u00e9mon's true level\n|\n|t:|1781411765\n|teamsize|p1|6\n|teamsize|p2|6\n|start\n|switch|p1a: Sunflora|Sunflora, M|312/312\n|switch|p2a: Rillaboom|Rillaboom, L79, M|288/288\n|-fieldstart|move: Grassy Terrain|[from] ability: Grassy Surge|[of] p2a: Rillaboom\n|turn|1\n|\n|t:|1781411798\n|switch|p2a: Beartic|Beartic, L91, F|321/321\n|switch|p1a: Revavroom|Revavroom, L79, M|256/256\n|\n|upkeep\n|turn|2\n|\n|t:|1781411815\n|move|p1a: Revavroom|Iron Head|p2a: Beartic\n|-supereffective|p2a: Beartic\n|-damage|p2a: Beartic|92/321\n|-damage|p1a: Revavroom|231/256|[from] item: Life Orb\n|cant|p2a: Beartic|flinch\n|\n|-heal|p1a: Revavroom|247/256|[from] Grassy Terrain\n|-heal|p2a: Beartic|112/321|[from] Grassy Terrain\n|upkeep\n|turn|3\n|\n|t:|1781411870\n|switch|p2a: Toxicroak|Toxicroak, L84, M|277/277\n|move|p1a: Revavroom|Iron Head|p2a: Toxicroak\n|-damage|p2a: Toxicroak|129/277\n|-damage|p1a: Revavroom|222/256|[from] item: Life Orb\n|\n|-heal|p2a: Toxicroak|146/277|[from] Grassy Terrain\n|-heal|p1a: Revavroom|238/256|[from] Grassy Terrain\n|upkeep\n|turn|4\n|\n|t:|1781411890\n|switch|p1a: Conkeldurr|Conkeldurr, L80, F|299/299\n|-terastallize|p2a: Toxicroak|Ground\n|move|p2a: Toxicroak|Earthquake|p1a: Conkeldurr\n|-damage|p1a: Conkeldurr|208/299\n|-damage|p2a: Toxicroak|119/277|[from] item: Life Orb\n|\n|-heal|p2a: Toxicroak|136/277|[from] Grassy Terrain\n|-heal|p1a: Conkeldurr|226/299|[from] Grassy Terrain\n|-status|p1a: Conkeldurr|brn|[from] item: Flame Orb\n|upkeep\n|turn|5\n|\n|t:|1781411912\n|move|p1a: Conkeldurr|Mach Punch|p2a: Toxicroak\n|-damage|p2a: Toxicroak|31/277\n|move|p2a: Toxicroak|Gunk Shot|p1a: Conkeldurr\n|-damage|p1a: Conkeldurr|58/299 brn\n|-damage|p2a: Toxicroak|4/277|[from] item: Life Orb\n|\n|-heal|p2a: Toxicroak|21/277|[from] Grassy Terrain\n|-heal|p1a: Conkeldurr|76/299 brn|[from] Grassy Terrain\n|-damage|p1a: Conkeldurr|58/299 brn|[from] brn\n|-fieldend|move: Grassy Terrain\n|upkeep\n|turn|6\n|\n|t:|1781411927\n|move|p1a: Conkeldurr|Mach Punch|p2a: Toxicroak\n|-damage|p2a: Toxicroak|0 fnt\n|faint|p2a: Toxicroak\n|\n|-damage|p1a: Conkeldurr|40/299 brn|[from] brn\n|upkeep\n|\n|t:|1781411941\n|switch|p2a: Zangoose|Zangoose, L85, F|263/263\n|turn|7\n|\n|t:|1781411951\n|move|p1a: Conkeldurr|Mach Punch|p2a: Zangoose\n|-supereffective|p2a: Zangoose\n|-damage|p2a: Zangoose|41/263\n|move|p2a: Zangoose|Facade|p1a: Conkeldurr\n|-damage|p1a: Conkeldurr|0 fnt\n|faint|p1a: Conkeldurr\n|\n|-status|p2a: Zangoose|tox|[from] item: Toxic Orb\n|upkeep\n|\n|t:|1781411975\n|switch|p1a: Sunflora|Sunflora, M|312/312\n|turn|8\n|\n|t:|1781411995\n|move|p2a: Zangoose|Facade|p1a: Sunflora\n|-damage|p1a: Sunflora|9/312\n|move|p1a: Sunflora|Weather Ball|p2a: Zangoose\n|-damage|p2a: Zangoose|0 fnt\n|faint|p2a: Zangoose\n|-damage|p1a: Sunflora|0 fnt|[from] item: Life Orb\n|faint|p1a: Sunflora\n|\n|upkeep\n|\n|t:|1781412017\n|switch|p2a: Pachirisu|Pachirisu, L96, F|271/271\n|switch|p1a: Revavroom|Revavroom, L79, M|238/256\n|turn|9\n|\n|t:|1781412084\n|move|p2a: Pachirisu|Discharge|p1a: Revavroom\n|-damage|p1a: Revavroom|147/256\n|move|p1a: Revavroom|Shift Gear|p1a: Revavroom\n|-boost|p1a: Revavroom|spe|2\n|-boost|p1a: Revavroom|atk|1\n|\n|upkeep\n|turn|10\n|\n|t:|1781412099\n|move|p1a: Revavroom|High Horsepower|p2a: Pachirisu\n|-supereffective|p2a: Pachirisu\n|-damage|p2a: Pachirisu|0 fnt\n|faint|p2a: Pachirisu\n|-damage|p1a: Revavroom|122/256|[from] item: Life Orb\n|\n|upkeep\n|\n|t:|1781412109\n|switch|p2a: Regigigas|Regigigas, L84|322/322\n|-start|p2a: Regigigas|ability: Slow Start\n|turn|11\n|\n|t:|1781412135\n|switch|p1a: Houndstone|Houndstone, L86, M|264/264\n|move|p2a: Regigigas|Protect||[still]\n|-fail|p2a: Regigigas\n|\n|upkeep\n|turn|12\n|\n|t:|1781412155\n|move|p1a: Houndstone|Body Press|p2a: Regigigas\n|-supereffective|p2a: Regigigas\n|-damage|p2a: Regigigas|222/322\n|move|p2a: Regigigas|Knock Off|p1a: Houndstone\n|-supereffective|p1a: Houndstone\n|-damage|p1a: Houndstone|219/264\n|-enditem|p1a: Houndstone|Assault Vest|[from] move: Knock Off|[of] p2a: Regigigas\n|\n|-heal|p2a: Regigigas|242/322|[from] item: Leftovers\n|upkeep\n|turn|13\n|\n|t:|1781412171\n|switch|p1a: Zekrom|Zekrom, L71|259/259\n|-ability|p1a: Zekrom|Teravolt\n|move|p2a: Regigigas|Knock Off|p1a: Zekrom\n|-damage|p1a: Zekrom|212/259\n|-enditem|p1a: Zekrom|Leftovers|[from] move: Knock Off|[of] p2a: Regigigas\n|\n|-heal|p2a: Regigigas|262/322|[from] item: Leftovers\n|upkeep\n|turn|14\n|l|\u2606Jejejehgeteu\n|player|p2|\n|inactive|Battle timer is ON: inactive players will automatically lose when time's up. (requested by supershadowfan2000)\n|inactive|supershadowfan2000 has 120 seconds left.\n|inactive|Jejejehgeteu has 30 seconds to reconnect!\n|inactive|Jejejehgeteu has 20 seconds to reconnect!\n|inactive|Jejejehgeteu has 15 seconds to reconnect!\n|inactive|Jejejehgeteu has 10 seconds to reconnect!\n|inactive|Jejejehgeteu has 5 seconds to reconnect!\n|inactive|supershadowfan2000 has 90 seconds left.\n|-message|Jejejehgeteu lost due to inactivity.\n|\n|win|supershadowfan2000\n|raw|supershadowfan2000's rating: 1000 &rarr; <strong>1041</strong><br />(+41 for winning)\n|raw|Jejejehgeteu's rating: 1012 &rarr; <strong>1000</strong><br />(-12 for losing)\n", "uploadtime": 1781412575, "views": 3, "formatid": "gen9randombattle", "rating": 1000, "private": 0, "password": null}