{"id": "gen9randombattle-2631394783", "format": "[Gen 9] Random Battle", "players": ["hepooo", "Usummega"], "log": "|j|\u2606hepooo\n|j|\u2606Usummega\n|t:|1781379489\n|gametype|singles\n|player|p1|hepooo|morty|2215\n|player|p2|Usummega|maxie-gen6|2369\n|gen|9\n|tier|[Gen 9] Random Battle\n|rated|\n|rule|Species Clause: Limit one of each Pok\u00e9mon\n|rule|HP Percentage Mod: HP is shown in percentages\n|rule|Sleep Clause Mod: Limit one foe put to sleep\n|rule|Illusion Level Mod: Illusion disguises the Pok\u00e9mon's true level\n|\n|t:|1781379489\n|teamsize|p1|6\n|teamsize|p2|6\n|start\n|switch|p1a: Espeon|Espeon, L84, M|246/246\n|switch|p2a: Raging Bolt|Raging Bolt, L78|323/323\n|turn|1\n|\n|t:|1781379510\n|move|p1a: Espeon|Alluring Voice|p2a: Raging Bolt\n|-supereffective|p2a: Raging Bolt\n|-damage|p2a: Raging Bolt|159/323\n|move|p2a: Raging Bolt|Discharge|p1a: Espeon\n|-damage|p1a: Espeon|153/246\n|-status|p1a: Espeon|par\n|\n|upkeep\n|turn|2\n|\n|t:|1781379536\n|move|p2a: Raging Bolt|Volt Switch|p1a: Espeon\n|-damage|p1a: Espeon|77/246 par\n|\n|t:|1781379551\n|-end|p2a: Raging Bolt|Protosynthesis|[silent]\n|switch|p2a: Magnezone|Magnezone, L85|258/258|[from] Volt Switch\n|move|p1a: Espeon|Alluring Voice|p2a: Magnezone\n|-resisted|p2a: Magnezone\n|-damage|p2a: Magnezone|205/258\n|\n|upkeep\n|turn|3\n|\n|t:|1781379562\n|switch|p1a: Meganium|Meganium, L90, F|290/290\n|move|p2a: Magnezone|Volt Switch|p1a: Meganium\n|-resisted|p1a: Meganium\n|-damage|p1a: Meganium|248/290\n|\n|t:|1781379571\n|switch|p2a: Swanna|Swanna, L89, F|278/278|[from] Volt Switch\n|\n|-heal|p1a: Meganium|266/290|[from] item: Leftovers\n|upkeep\n|turn|4\n|\n|t:|1781379597\n|switch|p1a: Greedent|Greedent, L86, M|347/347\n|move|p2a: Swanna|Brave Bird|p1a: Greedent\n|-crit|p1a: Greedent\n|-damage|p1a: Greedent|181/347\n|-damage|p2a: Swanna|223/278|[from] Recoil\n|\n|upkeep\n|turn|5\n|\n|t:|1781379622\n|switch|p2a: Clefable|Clefable, L83, M|293/293\n|switch|p1a: Espeon|Espeon, L84, M|77/246 par\n|\n|upkeep\n|turn|6\n|\n|t:|1781379633\n|move|p2a: Clefable|Moonblast|p1a: Espeon\n|-damage|p1a: Espeon|0 fnt\n|faint|p1a: Espeon\n|\n|upkeep\n|\n|t:|1781379677\n|switch|p1a: Porygon-Z|Porygon-Z, L83|277/277\n|-ability|p1a: Porygon-Z|Download|boost\n|-boost|p1a: Porygon-Z|atk|1\n|turn|7\n|\n|t:|1781379729\n|move|p1a: Porygon-Z|Nasty Plot|p1a: Porygon-Z\n|-boost|p1a: Porygon-Z|spa|2\n|move|p2a: Clefable|Knock Off|p1a: Porygon-Z\n|-crit|p1a: Porygon-Z\n|-damage|p1a: Porygon-Z|152/277\n|-enditem|p1a: Porygon-Z|Life Orb|[from] move: Knock Off|[of] p2a: Clefable\n|\n|upkeep\n|turn|8\n|\n|t:|1781379736\n|switch|p2a: Magnezone|Magnezone, L85|205/258\n|move|p1a: Porygon-Z|Tri Attack|p2a: Magnezone\n|-resisted|p2a: Magnezone\n|-damage|p2a: Magnezone|97/258\n|\n|upkeep\n|turn|9\n|\n|t:|1781379743\n|move|p2a: Magnezone|Thunderbolt|p1a: Porygon-Z\n|-damage|p1a: Porygon-Z|2/277\n|move|p1a: Porygon-Z|Tri Attack|p2a: Magnezone\n|-resisted|p2a: Magnezone\n|-damage|p2a: Magnezone|0 fnt\n|faint|p2a: Magnezone\n|\n|upkeep\n|\n|t:|1781379748\n|switch|p2a: Swanna|Swanna, L89, F|223/278\n|turn|10\n|\n|t:|1781379751\n|move|p2a: Swanna|Brave Bird|p1a: Porygon-Z\n|-damage|p1a: Porygon-Z|0 fnt\n|faint|p1a: Porygon-Z\n|-damage|p2a: Swanna|222/278|[from] Recoil\n|\n|upkeep\n|\n|t:|1781379760\n|switch|p1a: Ogerpon|Ogerpon-Cornerstone, L76, F|247/247\n|turn|11\n|inactive|Battle timer is ON: inactive players will automatically lose when time's up. (requested by hepooo)\n|inactive|Usummega has 120 seconds left.\n|\n|t:|1781379837\n|move|p2a: Swanna|Hydro Pump|p1a: Ogerpon|[miss]\n|-miss|p2a: Swanna|p1a: Ogerpon\n|move|p1a: Ogerpon|Ivy Cudgel|p2a: Swanna|[anim] Ivy Cudgel Rock\n|-supereffective|p2a: Swanna\n|-crit|p2a: Swanna\n|-damage|p2a: Swanna|0 fnt\n|faint|p2a: Swanna\n|\n|upkeep\n|\n|t:|1781379844\n|switch|p2a: Mudsdale|Mudsdale, L83, M|302/302\n|turn|12\n|\n|t:|1781379850\n|switch|p1a: Meganium|Meganium, L90, F|266/290\n|-terastallize|p2a: Mudsdale|Steel\n|move|p2a: Mudsdale|Heavy Slam|p1a: Meganium\n|-damage|p1a: Meganium|140/290\n|\n|-heal|p1a: Meganium|158/290|[from] item: Leftovers\n|upkeep\n|turn|13\n|\n|t:|1781379858\n|switch|p2a: Clefable|Clefable, L83, M|293/293\n|move|p1a: Meganium|Swords Dance|p1a: Meganium\n|-boost|p1a: Meganium|atk|2\n|\n|-heal|p1a: Meganium|176/290|[from] item: Leftovers\n|upkeep\n|turn|14\n|\n|t:|1781379864\n|move|p1a: Meganium|Petal Blizzard|p2a: Clefable\n|-damage|p2a: Clefable|74/293\n|move|p2a: Clefable|Knock Off|p1a: Meganium\n|-damage|p1a: Meganium|120/290\n|-enditem|p1a: Meganium|Leftovers|[from] move: Knock Off|[of] p2a: Clefable\n|\n|upkeep\n|turn|15\n|\n|t:|1781379870\n|move|p1a: Meganium|Petal Blizzard|p2a: Clefable\n|-damage|p2a: Clefable|0 fnt\n|faint|p2a: Clefable\n|\n|upkeep\n|\n|t:|1781379874\n|switch|p2a: Mudsdale|Mudsdale, L83, M, tera:Steel|302/302\n|turn|16\n|\n|t:|1781379878\n|move|p1a: Meganium|Earthquake|p2a: Mudsdale\n|-supereffective|p2a: Mudsdale\n|-damage|p2a: Mudsdale|40/302\n|-ability|p2a: Mudsdale|Stamina|boost\n|-boost|p2a: Mudsdale|def|1\n|move|p2a: Mudsdale|Roar|p1a: Meganium\n|drag|p1a: Ogerpon|Ogerpon-Cornerstone, L76, F|247/247\n|\n|-heal|p2a: Mudsdale|58/302|[from] item: Leftovers\n|upkeep\n|turn|17\n|\n|t:|1781379888\n|switch|p1a: Meganium|Meganium, L90, F|120/290\n|move|p2a: Mudsdale|Heavy Slam|p1a: Meganium\n|-damage|p1a: Meganium|0 fnt\n|faint|p1a: Meganium\n|\n|-heal|p2a: Mudsdale|76/302|[from] item: Leftovers\n|upkeep\n|\n|t:|1781379896\n|switch|p1a: Gardevoir|Gardevoir, L83, M|249/249\n|-ability|p1a: Gardevoir|Stamina|Trace|[from] ability: Trace|[of] p2a: Mudsdale\n|turn|18\n|\n|t:|1781379902\n|switch|p2a: Raging Bolt|Raging Bolt, L78|159/323\n|move|p1a: Gardevoir|Mystical Fire|p2a: Raging Bolt\n|-resisted|p2a: Raging Bolt\n|-damage|p2a: Raging Bolt|135/323\n|-unboost|p2a: Raging Bolt|spa|1\n|\n|upkeep\n|turn|19\n|inactive|hepooo has 120 seconds left.\n|\n|t:|1781379935\n|switch|p1a: Greedent|Greedent, L86, M|181/347\n|move|p2a: Raging Bolt|Volt Switch|p1a: Greedent\n|-damage|p1a: Greedent|123/347\n|-enditem|p1a: Greedent|Sitrus Berry|[eat]\n|-heal|p1a: Greedent|209/347|[from] item: Sitrus Berry\n|-heal|p1a: Greedent|324/347|[from] ability: Cheek Pouch\n|\n|t:|1781379944\n|-end|p2a: Raging Bolt|Protosynthesis|[silent]\n|switch|p2a: Mudsdale|Mudsdale, L83, M, tera:Steel|76/302|[from] Volt Switch\n|\n|-heal|p2a: Mudsdale|94/302|[from] item: Leftovers\n|upkeep\n|turn|20\n|inactive|hepooo has 120 seconds left.\n|\n|t:|1781379973\n|move|p2a: Mudsdale|Heavy Slam|p1a: Greedent\n|-damage|p1a: Greedent|176/347\n|move|p1a: Greedent|Earthquake|p2a: Mudsdale\n|-supereffective|p2a: Mudsdale\n|-damage|p2a: Mudsdale|0 fnt\n|faint|p2a: Mudsdale\n|\n|upkeep\n|\n|t:|1781379995\n|switch|p2a: Raging Bolt|Raging Bolt, L78|135/323\n|turn|21\n|\n|t:|1781380002\n|move|p2a: Raging Bolt|Draco Meteor|p1a: Greedent\n|-damage|p1a: Greedent|0 fnt\n|-unboost|p2a: Raging Bolt|spa|2\n|faint|p1a: Greedent\n|\n|upkeep\n|\n|t:|1781380005\n|switch|p1a: Gardevoir|Gardevoir, L83, M|249/249\n|turn|22\n|\n|t:|1781380011\n|move|p1a: Gardevoir|Moonblast|p2a: Raging Bolt\n|-supereffective|p2a: Raging Bolt\n|-crit|p2a: Raging Bolt\n|-damage|p2a: Raging Bolt|0 fnt\n|faint|p2a: Raging Bolt\n|-end|p2a: Raging Bolt|Protosynthesis|[silent]\n|\n|upkeep\n|\n|t:|1781380013\n|switch|p2a: Gothitelle|Gothitelle, L90, M|272/272\n|-ability|p1a: Gardevoir|Shadow Tag|Trace|[from] ability: Trace|[of] p2a: Gothitelle\n|turn|23\n|\n|t:|1781380024\n|move|p1a: Gardevoir|Moonblast|p2a: Gothitelle\n|-damage|p2a: Gothitelle|178/272\n|-unboost|p2a: Gothitelle|spa|1\n|move|p2a: Gothitelle|Calm Mind|p2a: Gothitelle\n|-boost|p2a: Gothitelle|spa|1\n|-boost|p2a: Gothitelle|spd|1\n|\n|-heal|p2a: Gothitelle|195/272|[from] item: Leftovers\n|upkeep\n|turn|24\n|\n|t:|1781380034\n|switch|p1a: Ogerpon|Ogerpon-Cornerstone, L76, F|247/247\n|move|p2a: Gothitelle|Calm Mind|p2a: Gothitelle\n|-boost|p2a: Gothitelle|spa|1\n|-boost|p2a: Gothitelle|spd|1\n|\n|-heal|p2a: Gothitelle|212/272|[from] item: Leftovers\n|upkeep\n|turn|25\n|\n|t:|1781380041\n|-terastallize|p1a: Ogerpon|Rock\n|detailschange|p1a: Ogerpon|Ogerpon-Cornerstone-Tera, L76, F, tera:Rock\n|-ability|p1a: Ogerpon|Embody Aspect (Cornerstone)|boost\n|-boost|p1a: Ogerpon|def|1\n|move|p1a: Ogerpon|Ivy Cudgel|p2a: Gothitelle|[anim] Ivy Cudgel Rock\n|-crit|p2a: Gothitelle\n|-damage|p2a: Gothitelle|0 fnt\n|faint|p2a: Gothitelle\n|\n|win|hepooo\n", "uploadtime": 1781379491, "views": 6, "formatid": "gen9randombattle", "rating": null, "private": 0, "password": null}