{"id": "gen9randombattle-2631485336", "format": "[Gen 9] Random Battle", "players": ["asmpokee", "Hose7Tango"], "log": "|j|\u2606asmpokee\n|j|\u2606Hose7Tango\n|t:|1781390979\n|gametype|singles\n|player|p1|asmpokee|2|2160\n|player|p2|Hose7Tango|hiker-gen4|2172\n|gen|9\n|tier|[Gen 9] Random Battle\n|rated|\n|rule|Species Clause: Limit one of each Pok\u00e9mon\n|rule|HP Percentage Mod: HP is shown in percentages\n|rule|Sleep Clause Mod: Limit one foe put to sleep\n|rule|Illusion Level Mod: Illusion disguises the Pok\u00e9mon's true level\n|\n|t:|1781390979\n|teamsize|p1|6\n|teamsize|p2|6\n|start\n|switch|p1a: Ludicolo|Ludicolo, L90, M|290/290\n|switch|p2a: Bombirdier|Bombirdier, L85, M|258/258\n|turn|1\n|l|\u2606Hose7Tango\n|player|p2|\n|\n|t:|1781390993\n|switch|p1a: Scizor|Scizor, L79, M|240/240\n|move|p2a: Bombirdier|Knock Off|p1a: Scizor\n|-damage|p1a: Scizor|140/240\n|-enditem|p1a: Scizor|Leftovers|[from] move: Knock Off|[of] p2a: Bombirdier\n|\n|upkeep\n|turn|2\n|j|\u2606Hose7Tango\n|player|p2|Hose7Tango|hiker-gen4|\n|\n|t:|1781391015\n|move|p2a: Bombirdier|Brave Bird|p1a: Scizor\n|-damage|p1a: Scizor|0 fnt\n|faint|p1a: Scizor\n|-damage|p2a: Bombirdier|212/258|[from] Recoil\n|\n|upkeep\n|\n|t:|1781391020\n|switch|p1a: Misdreavus|Misdreavus, L90, M|254/254\n|turn|3\n|\n|t:|1781391025\n|switch|p2a: Dedenne|Dedenne, L88, M|261/261\n|move|p1a: Misdreavus|Will-O-Wisp|p2a: Dedenne\n|-status|p2a: Dedenne|brn\n|\n|-damage|p2a: Dedenne|245/261 brn|[from] brn\n|upkeep\n|turn|4\n|\n|t:|1781391032\n|switch|p1a: Ludicolo|Ludicolo, L90, M|290/290\n|move|p2a: Dedenne|Nuzzle|p1a: Ludicolo\n|-damage|p1a: Ludicolo|281/290\n|-status|p1a: Ludicolo|par\n|\n|-damage|p2a: Dedenne|229/261 brn|[from] brn\n|upkeep\n|turn|5\n|\n|t:|1781391040\n|switch|p2a: Bombirdier|Bombirdier, L85, M|212/258\n|cant|p1a: Ludicolo|par\n|\n|upkeep\n|turn|6\n|\n|t:|1781391047\n|move|p2a: Bombirdier|Knock Off|p1a: Ludicolo\n|-damage|p1a: Ludicolo|149/290 par\n|-enditem|p1a: Ludicolo|Life Orb|[from] move: Knock Off|[of] p2a: Bombirdier\n|cant|p1a: Ludicolo|par\n|\n|upkeep\n|turn|7\n|\n|t:|1781391050\n|switch|p1a: Misdreavus|Misdreavus, L90, M|254/254\n|move|p2a: Bombirdier|Brave Bird|p1a: Misdreavus\n|-damage|p1a: Misdreavus|145/254\n|-damage|p2a: Bombirdier|176/258|[from] Recoil\n|\n|upkeep\n|turn|8\n|\n|t:|1781391056\n|switch|p1a: Palafin|Palafin, L77, M|281/281\n|switch|p2a: Dedenne|Dedenne, L88, M|229/261 brn\n|\n|-damage|p2a: Dedenne|213/261 brn|[from] brn\n|upkeep\n|turn|9\n|\n|t:|1781391059\n|detailschange|p1a: Palafin|Palafin-Hero, L77, M\n|switch|p1a: Ludicolo|Ludicolo, L90, M|149/290 par\n|move|p2a: Dedenne|Thunderbolt|p1a: Ludicolo\n|-damage|p1a: Ludicolo|73/290 par\n|\n|-damage|p2a: Dedenne|197/261 brn|[from] brn\n|upkeep\n|turn|10\n|\n|t:|1781391065\n|switch|p1a: Wo-Chien|Wo-Chien, L83|277/277\n|-ability|p1a: Wo-Chien|Tablets of Ruin\n|move|p2a: Dedenne|Thunderbolt|p1a: Wo-Chien\n|-resisted|p1a: Wo-Chien\n|-crit|p1a: Wo-Chien\n|-damage|p1a: Wo-Chien|226/277\n|\n|-heal|p1a: Wo-Chien|243/277|[from] item: Leftovers\n|-damage|p2a: Dedenne|181/261 brn|[from] brn\n|upkeep\n|turn|11\n|\n|t:|1781391068\n|move|p1a: Wo-Chien|Protect|p1a: Wo-Chien\n|-singleturn|p1a: Wo-Chien|Protect\n|move|p2a: Dedenne|Nuzzle|p1a: Wo-Chien\n|-activate|p1a: Wo-Chien|move: Protect\n|\n|-heal|p1a: Wo-Chien|260/277|[from] item: Leftovers\n|-damage|p2a: Dedenne|165/261 brn|[from] brn\n|upkeep\n|turn|12\n|\n|t:|1781391074\n|switch|p1a: Ludicolo|Ludicolo, L90, M|73/290 par\n|move|p2a: Dedenne|Nuzzle|p1a: Ludicolo\n|-damage|p1a: Ludicolo|64/290 par\n|\n|-damage|p2a: Dedenne|149/261 brn|[from] brn\n|upkeep\n|turn|13\n|\n|t:|1781391079\n|move|p2a: Dedenne|Dazzling Gleam|p1a: Ludicolo\n|-damage|p1a: Ludicolo|0 fnt\n|faint|p1a: Ludicolo\n|\n|-damage|p2a: Dedenne|133/261 brn|[from] brn\n|upkeep\n|\n|t:|1781391090\n|switch|p1a: Misdreavus|Misdreavus, L90, M|145/254\n|turn|14\n|\n|t:|1781391093\n|move|p2a: Dedenne|Nuzzle|p1a: Misdreavus\n|-damage|p1a: Misdreavus|138/254\n|-status|p1a: Misdreavus|par\n|move|p1a: Misdreavus|Draining Kiss|p2a: Dedenne\n|-damage|p2a: Dedenne|85/261 brn\n|-heal|p1a: Misdreavus|174/254 par|[from] drain|[of] p2a: Dedenne\n|-enditem|p2a: Dedenne|Sitrus Berry|[eat]\n|-heal|p2a: Dedenne|150/261 brn|[from] item: Sitrus Berry\n|-heal|p2a: Dedenne|237/261 brn|[from] ability: Cheek Pouch\n|\n|-damage|p2a: Dedenne|221/261 brn|[from] brn\n|upkeep\n|turn|15\n|\n|t:|1781391101\n|switch|p2a: Greninja|Greninja, L80, M|246/246\n|move|p1a: Misdreavus|Will-O-Wisp|p2a: Greninja\n|-status|p2a: Greninja|brn\n|\n|-damage|p2a: Greninja|231/246 brn|[from] brn\n|upkeep\n|turn|16\n|\n|t:|1781391107\n|move|p2a: Greninja|Ice Beam|p1a: Misdreavus\n|-damage|p1a: Misdreavus|122/254 par\n|-damage|p2a: Greninja|207/246 brn|[from] item: Life Orb\n|cant|p1a: Misdreavus|par\n|\n|-damage|p2a: Greninja|192/246 brn|[from] brn\n|upkeep\n|turn|17\n|\n|t:|1781391112\n|switch|p1a: Wo-Chien|Wo-Chien, L83|260/277\n|-ability|p1a: Wo-Chien|Tablets of Ruin\n|move|p2a: Greninja|Dark Pulse|p1a: Wo-Chien\n|-resisted|p1a: Wo-Chien\n|-damage|p1a: Wo-Chien|218/277\n|-damage|p2a: Greninja|168/246 brn|[from] item: Life Orb\n|\n|-heal|p1a: Wo-Chien|235/277|[from] item: Leftovers\n|-damage|p2a: Greninja|153/246 brn|[from] brn\n|upkeep\n|turn|18\n|\n|t:|1781391120\n|switch|p2a: Sudowoodo|Sudowoodo, L94, M|284/284\n|move|p1a: Wo-Chien|Giga Drain|p2a: Sudowoodo\n|-supereffective|p2a: Sudowoodo\n|-damage|p2a: Sudowoodo|120/284\n|-heal|p1a: Wo-Chien|277/277|[from] drain|[of] p2a: Sudowoodo\n|\n|-heal|p2a: Sudowoodo|137/284|[from] item: Leftovers\n|upkeep\n|turn|19\n|\n|t:|1781391128\n|switch|p2a: Bombirdier|Bombirdier, L85, M|176/258\n|move|p1a: Wo-Chien|Giga Drain|p2a: Bombirdier\n|-resisted|p2a: Bombirdier\n|-damage|p2a: Bombirdier|139/258\n|\n|upkeep\n|turn|20\n|\n|t:|1781391134\n|switch|p1a: Misdreavus|Misdreavus, L90, M|122/254 par\n|move|p2a: Bombirdier|Knock Off|p1a: Misdreavus\n|-supereffective|p1a: Misdreavus\n|-damage|p1a: Misdreavus|0 fnt\n|-enditem|p1a: Misdreavus|Eviolite|[from] move: Knock Off|[of] p2a: Bombirdier\n|faint|p1a: Misdreavus\n|\n|upkeep\n|\n|t:|1781391139\n|switch|p1a: Palafin|Palafin-Hero, L77, M|281/281\n|-activate|p1a: Palafin|ability: Zero to Hero\n|turn|21\n|\n|t:|1781391146\n|move|p1a: Palafin|Wave Crash|p2a: Bombirdier\n|-damage|p2a: Bombirdier|0 fnt\n|faint|p2a: Bombirdier\n|-damage|p1a: Palafin|235/281|[from] Recoil\n|\n|-heal|p1a: Palafin|252/281|[from] item: Leftovers\n|upkeep\n|\n|t:|1781391150\n|switch|p2a: Kommo-o|Kommo-o, L78, M|245/245\n|turn|22\n|\n|t:|1781391156\n|move|p1a: Palafin|Ice Punch|p2a: Kommo-o\n|-supereffective|p2a: Kommo-o\n|-damage|p2a: Kommo-o|141/245\n|move|p2a: Kommo-o|Clangorous Soul|p2a: Kommo-o\n|-boost|p2a: Kommo-o|atk|1\n|-boost|p2a: Kommo-o|def|1\n|-boost|p2a: Kommo-o|spa|1\n|-boost|p2a: Kommo-o|spd|1\n|-boost|p2a: Kommo-o|spe|1\n|-damage|p2a: Kommo-o|61/245\n|-enditem|p2a: Kommo-o|Throat Spray\n|-boost|p2a: Kommo-o|spa|1|[from] item: Throat Spray\n|\n|-heal|p1a: Palafin|269/281|[from] item: Leftovers\n|upkeep\n|turn|23\n|\n|t:|1781391161\n|switch|p1a: Tauros|Tauros-Paldea-Blaze, L81, M|254/254\n|-ability|p1a: Tauros|Intimidate|boost\n|-unboost|p2a: Kommo-o|atk|1\n|move|p2a: Kommo-o|Drain Punch|p1a: Tauros\n|-damage|p1a: Tauros|190/254\n|-heal|p2a: Kommo-o|93/245|[from] drain|[of] p1a: Tauros\n|\n|upkeep\n|turn|24\n|\n|t:|1781391169\n|move|p2a: Kommo-o|Clangorous Soul|p2a: Kommo-o\n|-boost|p2a: Kommo-o|atk|1\n|-boost|p2a: Kommo-o|def|1\n|-boost|p2a: Kommo-o|spa|1\n|-boost|p2a: Kommo-o|spd|1\n|-boost|p2a: Kommo-o|spe|1\n|-damage|p2a: Kommo-o|13/245\n|move|p1a: Tauros|Close Combat|p2a: Kommo-o\n|-crit|p2a: Kommo-o\n|-damage|p2a: Kommo-o|0 fnt\n|-unboost|p1a: Tauros|def|1\n|-unboost|p1a: Tauros|spd|1\n|faint|p2a: Kommo-o\n|\n|upkeep\n|\n|t:|1781391171\n|switch|p2a: Enamorus|Enamorus, L79, F|247/247\n|turn|25\n|\n|t:|1781391177\n|switch|p1a: Wo-Chien|Wo-Chien, L83|277/277\n|-ability|p1a: Wo-Chien|Tablets of Ruin\n|move|p2a: Enamorus|Substitute|p2a: Enamorus\n|-start|p2a: Enamorus|Substitute\n|-damage|p2a: Enamorus|186/247\n|\n|-heal|p2a: Enamorus|201/247|[from] item: Leftovers\n|upkeep\n|turn|26\n|c|\u2606Hose7Tango|I MEANT TO CLICK TBE OTHER CLANG MOVE\n|\n|t:|1781391191\n|move|p2a: Enamorus|Superpower|p1a: Wo-Chien\n|-supereffective|p1a: Wo-Chien\n|-damage|p1a: Wo-Chien|161/277\n|-boost|p2a: Enamorus|atk|1\n|-boost|p2a: Enamorus|def|1\n|move|p1a: Wo-Chien|Knock Off|p2a: Enamorus\n|-resisted|p2a: Enamorus\n|-activate|p2a: Enamorus|move: Substitute|[damage]\n|\n|-heal|p2a: Enamorus|216/247|[from] item: Leftovers\n|-heal|p1a: Wo-Chien|178/277|[from] item: Leftovers\n|upkeep\n|turn|27\n|\n|t:|1781391195\n|move|p2a: Enamorus|Superpower|p1a: Wo-Chien\n|-supereffective|p1a: Wo-Chien\n|-damage|p1a: Wo-Chien|16/277\n|-boost|p2a: Enamorus|atk|1\n|-boost|p2a: Enamorus|def|1\n|move|p1a: Wo-Chien|Giga Drain|p2a: Enamorus\n|-resisted|p2a: Enamorus\n|-end|p2a: Enamorus|Substitute\n|-heal|p1a: Wo-Chien|27/277|[from] drain|[of] p2a: Enamorus\n|\n|-heal|p2a: Enamorus|231/247|[from] item: Leftovers\n|-heal|p1a: Wo-Chien|44/277|[from] item: Leftovers\n|upkeep\n|turn|28\n|-message|asmpokee forfeited.\n|\n|win|Hose7Tango\n", "uploadtime": 1781390982, "views": 3, "formatid": "gen9randombattle", "rating": null, "private": 0, "password": null}