{"id": "gen9randombattle-2631986850", "format": "[Gen 9] Random Battle", "players": ["pagenfranskane", "WhatEver2102"], "log": "|j|\u2606pagenfranskane\n|j|\u2606WhatEver2102\n|t:|1781463031\n|gametype|singles\n|player|p1|pagenfranskane|battlegirl|1965\n|player|p2|WhatEver2102|juan|1999\n|gen|9\n|tier|[Gen 9] Random Battle\n|rated|\n|rule|Species Clause: Limit one of each Pok\u00e9mon\n|rule|HP Percentage Mod: HP is shown in percentages\n|rule|Sleep Clause Mod: Limit one foe put to sleep\n|rule|Illusion Level Mod: Illusion disguises the Pok\u00e9mon's true level\n|\n|t:|1781463031\n|teamsize|p1|6\n|teamsize|p2|6\n|start\n|switch|p1a: Koraidon|Koraidon, L64|235/235\n|switch|p2a: Dragonite|Dragonite, L74, M|257/257\n|-weather|SunnyDay|[from] ability: Orichalcum Pulse|[of] p1a: Koraidon\n|-activate|p1a: Koraidon|Orichalcum Pulse|[source]\n|turn|1\n|\n|t:|1781463047\n|switch|p2a: Rhyperior|Rhyperior, L82, M|323/323\n|move|p1a: Koraidon|Swords Dance|p1a: Koraidon\n|-boost|p1a: Koraidon|atk|2\n|\n|-weather|SunnyDay|[upkeep]\n|upkeep\n|turn|2\n|inactive|Battle timer is ON: inactive players will automatically lose when time's up. (requested by pagenfranskane)\n|\n|t:|1781463054\n|move|p1a: Koraidon|Collision Course|p2a: Rhyperior\n|-supereffective|p2a: Rhyperior\n|-damage|p2a: Rhyperior|17/323\n|move|p2a: Rhyperior|Ice Punch|p1a: Koraidon\n|-supereffective|p1a: Koraidon\n|-damage|p1a: Koraidon|39/235\n|\n|-weather|SunnyDay|[upkeep]\n|upkeep\n|turn|3\n|\n|t:|1781463066\n|move|p1a: Koraidon|Scale Shot|p2a: Rhyperior\n|-damage|p2a: Rhyperior|0 fnt\n|faint|p2a: Rhyperior\n|-hitcount|p2: Rhyperior|1\n|-unboost|p1a: Koraidon|def|1\n|-boost|p1a: Koraidon|spe|1\n|\n|-weather|SunnyDay|[upkeep]\n|upkeep\n|\n|t:|1781463071\n|switch|p2a: Dragonite|Dragonite, L74, M|257/257\n|turn|4\n|\n|t:|1781463080\n|-terastallize|p2a: Dragonite|Steel\n|move|p1a: Koraidon|Scale Shot|p2a: Dragonite\n|-resisted|p2a: Dragonite\n|-damage|p2a: Dragonite|244/257\n|-resisted|p2a: Dragonite\n|-damage|p2a: Dragonite|214/257\n|-resisted|p2a: Dragonite\n|-damage|p2a: Dragonite|187/257\n|-resisted|p2a: Dragonite\n|-damage|p2a: Dragonite|156/257\n|-resisted|p2a: Dragonite\n|-damage|p2a: Dragonite|125/257\n|-hitcount|p2a: Dragonite|5\n|-unboost|p1a: Koraidon|def|1\n|-boost|p1a: Koraidon|spe|1\n|move|p2a: Dragonite|Earthquake|p1a: Koraidon\n|-damage|p1a: Koraidon|0 fnt\n|faint|p1a: Koraidon\n|\n|-weather|SunnyDay|[upkeep]\n|upkeep\n|\n|t:|1781463087\n|switch|p1a: Eiscue|Eiscue, L88, F|274/274\n|turn|5\n|\n|t:|1781463096\n|switch|p2a: Volcarona|Volcarona, L77, F|257/257\n|move|p1a: Eiscue|Belly Drum|p1a: Eiscue\n|-damage|p1a: Eiscue|137/274\n|-setboost|p1a: Eiscue|atk|6|[from] move: Belly Drum\n|-enditem|p1a: Eiscue|Sitrus Berry|[eat]\n|-heal|p1a: Eiscue|205/274|[from] item: Sitrus Berry\n|\n|-weather|none\n|upkeep\n|turn|6\n|\n|t:|1781463112\n|move|p2a: Volcarona|Bug Buzz|p1a: Eiscue\n|-damage|p1a: Eiscue|102/274\n|move|p1a: Eiscue|Liquidation|p2a: Volcarona\n|-supereffective|p2a: Volcarona\n|-damage|p2a: Volcarona|0 fnt\n|-status|p1a: Eiscue|brn|[from] ability: Flame Body|[of] p2a: Volcarona\n|faint|p2a: Volcarona\n|\n|-damage|p1a: Eiscue|85/274 brn|[from] brn\n|upkeep\n|\n|t:|1781463124\n|switch|p2a: Espeon|Espeon, L84, M|246/246\n|turn|7\n|\n|t:|1781463145\n|move|p2a: Espeon|Psychic|p1a: Eiscue\n|-damage|p1a: Eiscue|0 fnt\n|faint|p1a: Eiscue\n|\n|upkeep\n|\n|t:|1781463149\n|switch|p1a: Scream Tail|Scream Tail, L84|330/330\n|turn|8\n|\n|t:|1781463156\n|switch|p2a: Garganacl|Garganacl, L80, M|291/291\n|move|p1a: Scream Tail|Thunder Wave|p2a: Garganacl\n|-immune|p2a: Garganacl|[from] ability: Purifying Salt\n|\n|upkeep\n|turn|9\n|\n|t:|1781463164\n|-end|p1a: Scream Tail|Protosynthesis|[silent]\n|switch|p1a: Plusle|Plusle, L95, F|268/268\n|move|p2a: Garganacl|Salt Cure|p1a: Plusle\n|-crit|p1a: Plusle\n|-damage|p1a: Plusle|181/268\n|-start|p1a: Plusle|Salt Cure\n|\n|-damage|p1a: Plusle|148/268|[from] Salt Cure\n|upkeep\n|turn|10\n|\n|t:|1781463172\n|move|p1a: Plusle|Thunderbolt|p2a: Garganacl\n|-damage|p2a: Garganacl|139/291\n|-damage|p1a: Plusle|122/268|[from] item: Life Orb\n|move|p2a: Garganacl|Body Press|p1a: Plusle\n|-damage|p1a: Plusle|17/268\n|\n|-heal|p2a: Garganacl|157/291|[from] item: Leftovers\n|-damage|p1a: Plusle|0 fnt|[from] Salt Cure\n|faint|p1a: Plusle\n|upkeep\n|\n|t:|1781463175\n|switch|p1a: Seviper|Seviper, L93, M|287/287\n|turn|11\n|\n|t:|1781463185\n|move|p1a: Seviper|Swords Dance|p1a: Seviper\n|-boost|p1a: Seviper|atk|2\n|move|p2a: Garganacl|Salt Cure|p1a: Seviper\n|-damage|p1a: Seviper|239/287\n|-start|p1a: Seviper|Salt Cure\n|\n|-heal|p1a: Seviper|256/287|[from] item: Leftovers\n|-heal|p2a: Garganacl|175/291|[from] item: Leftovers\n|-damage|p1a: Seviper|221/287|[from] Salt Cure\n|upkeep\n|turn|12\n|\n|t:|1781463194\n|switch|p2a: Dragonite|Dragonite, L74, M, tera:Steel|125/257\n|move|p1a: Seviper|Trailblaze|p2a: Dragonite\n|-resisted|p2a: Dragonite\n|-damage|p2a: Dragonite|74/257\n|-boost|p1a: Seviper|spe|1\n|\n|-heal|p1a: Seviper|238/287|[from] item: Leftovers\n|-damage|p1a: Seviper|203/287|[from] Salt Cure\n|upkeep\n|turn|13\n|\n|t:|1781463202\n|move|p1a: Seviper|Earthquake|p2a: Dragonite\n|-supereffective|p2a: Dragonite\n|-damage|p2a: Dragonite|0 fnt\n|faint|p2a: Dragonite\n|\n|-heal|p1a: Seviper|220/287|[from] item: Leftovers\n|-damage|p1a: Seviper|185/287|[from] Salt Cure\n|upkeep\n|\n|t:|1781463217\n|switch|p2a: Regidrago|Regidrago, L77|435/435\n|turn|14\n|\n|t:|1781463223\n|move|p1a: Seviper|Gunk Shot|p2a: Regidrago\n|-damage|p2a: Regidrago|0 fnt\n|faint|p2a: Regidrago\n|\n|-heal|p1a: Seviper|202/287|[from] item: Leftovers\n|-damage|p1a: Seviper|167/287|[from] Salt Cure\n|upkeep\n|\n|t:|1781463227\n|switch|p2a: Espeon|Espeon, L84, M|246/246\n|turn|15\n|\n|t:|1781463233\n|move|p1a: Seviper|Earthquake|p2a: Espeon\n|-damage|p2a: Espeon|0 fnt\n|faint|p2a: Espeon\n|\n|-heal|p1a: Seviper|184/287|[from] item: Leftovers\n|-damage|p1a: Seviper|149/287|[from] Salt Cure\n|upkeep\n|-message|WhatEver2102 forfeited.\n|\n|win|pagenfranskane\n", "uploadtime": 1781463032, "views": 4, "formatid": "gen9randombattle", "rating": null, "private": 0, "password": null}