{"id": "gen9randombattle-2631513806", "format": "[Gen 9] Random Battle", "players": ["SoCapable", "Node"], "log": "|j|\u2606SoCapable\n|j|\u2606Node\n|t:|1781394885\n|gametype|singles\n|player|p1|SoCapable|silver|2197\n|player|p2|Node|#rbtt9phantoms2|2199\n|gen|9\n|tier|[Gen 9] Random Battle\n|rated|\n|rule|Species Clause: Limit one of each Pok\u00e9mon\n|rule|HP Percentage Mod: HP is shown in percentages\n|rule|Sleep Clause Mod: Limit one foe put to sleep\n|rule|Illusion Level Mod: Illusion disguises the Pok\u00e9mon's true level\n|\n|t:|1781394885\n|teamsize|p1|6\n|teamsize|p2|6\n|start\n|switch|p1a: Victreebel|Victreebel, L90, F|290/290\n|switch|p2a: Sneasler|Sneasler, L74, M|240/240\n|turn|1\n|\n|t:|1781394894\n|move|p2a: Sneasler|Swords Dance|p2a: Sneasler\n|-boost|p2a: Sneasler|atk|2\n|move|p1a: Victreebel|Sludge Wave|p2a: Sneasler\n|-resisted|p2a: Sneasler\n|-damage|p2a: Sneasler|139/240\n|-damage|p1a: Victreebel|261/290|[from] item: Life Orb\n|\n|upkeep\n|turn|2\n|\n|t:|1781394901\n|move|p2a: Sneasler|Dire Claw|p1a: Victreebel\n|-damage|p1a: Victreebel|80/290\n|move|p1a: Victreebel|Power Whip|p2a: Sneasler\n|-resisted|p2a: Sneasler\n|-damage|p2a: Sneasler|0 fnt\n|faint|p2a: Sneasler\n|-damage|p1a: Victreebel|51/290|[from] item: Life Orb\n|\n|upkeep\n|j| Rabiesdfsdf\n|\n|t:|1781394912\n|switch|p2a: Cobalion|Cobalion, L80|277/277\n|turn|3\n|l| Rabiesdfsdf\n|\n|t:|1781394937\n|switch|p1a: Banette|Banette, L93, M|270/270\n|move|p2a: Cobalion|Calm Mind|p2a: Cobalion\n|-boost|p2a: Cobalion|spa|1\n|-boost|p2a: Cobalion|spd|1\n|\n|upkeep\n|turn|4\n|inactive|Battle timer is ON: inactive players will automatically lose when time's up. (requested by SoCapable)\n|\n|t:|1781394942\n|move|p2a: Cobalion|Flash Cannon|p1a: Banette\n|-damage|p1a: Banette|147/270\n|move|p1a: Banette|Thunder Wave|p2a: Cobalion\n|-status|p2a: Cobalion|par\n|\n|upkeep\n|turn|5\n|\n|t:|1781394948\n|move|p1a: Banette|Poltergeist|p2a: Cobalion\n|-activate|p2a: Cobalion|move: Poltergeist|Leftovers\n|-damage|p2a: Cobalion|117/277 par\n|-damage|p1a: Banette|120/270|[from] item: Life Orb\n|move|p2a: Cobalion|Flash Cannon|p1a: Banette\n|-damage|p1a: Banette|0 fnt\n|faint|p1a: Banette\n|\n|-heal|p2a: Cobalion|134/277 par|[from] item: Leftovers\n|upkeep\n|\n|t:|1781394955\n|switch|p1a: Giratina|Giratina, L75|349/349\n|-ability|p1a: Giratina|Pressure\n|turn|6\n|\n|t:|1781394964\n|move|p1a: Giratina|Shadow Ball|p2a: Cobalion\n|-damage|p2a: Cobalion|71/277 par\n|move|p2a: Cobalion|Calm Mind|p2a: Cobalion\n|-boost|p2a: Cobalion|spa|1\n|-boost|p2a: Cobalion|spd|1\n|\n|-heal|p2a: Cobalion|88/277 par|[from] item: Leftovers\n|upkeep\n|turn|7\n|\n|t:|1781394988\n|move|p1a: Giratina|Shadow Ball|p2a: Cobalion\n|-damage|p2a: Cobalion|45/277 par\n|cant|p2a: Cobalion|par\n|\n|-heal|p2a: Cobalion|62/277 par|[from] item: Leftovers\n|upkeep\n|turn|8\n|\n|t:|1781394997\n|move|p1a: Giratina|Shadow Ball|p2a: Cobalion\n|-damage|p2a: Cobalion|17/277 par\n|move|p2a: Cobalion|Flash Cannon|p1a: Giratina\n|-damage|p1a: Giratina|222/349\n|\n|-heal|p1a: Giratina|243/349|[from] item: Leftovers\n|-heal|p2a: Cobalion|34/277 par|[from] item: Leftovers\n|upkeep\n|turn|9\n|\n|t:|1781395002\n|move|p1a: Giratina|Shadow Ball|p2a: Cobalion\n|-damage|p2a: Cobalion|0 fnt\n|faint|p2a: Cobalion\n|\n|-heal|p1a: Giratina|264/349|[from] item: Leftovers\n|upkeep\n|\n|t:|1781395004\n|switch|p2a: Golduck|Golduck, L90, M|290/290\n|-ability|p2a: Golduck|Cloud Nine\n|turn|10\n|j| rufoush\n|\n|t:|1781395011\n|move|p2a: Golduck|Encore|p1a: Giratina\n|-start|p1a: Giratina|Encore\n|move|p1a: Giratina|Shadow Ball|p2a: Golduck\n|-damage|p2a: Golduck|218/290\n|-unboost|p2a: Golduck|spd|1\n|\n|-heal|p2a: Golduck|236/290|[from] item: Leftovers\n|-heal|p1a: Giratina|285/349|[from] item: Leftovers\n|upkeep\n|turn|11\n|\n|t:|1781395019\n|switch|p1a: Victreebel|Victreebel, L90, F|51/290\n|move|p2a: Golduck|Nasty Plot|p2a: Golduck\n|-boost|p2a: Golduck|spa|2\n|\n|-heal|p2a: Golduck|254/290|[from] item: Leftovers\n|upkeep\n|turn|12\n|\n|t:|1781395022\n|move|p1a: Victreebel|Sucker Punch|p2a: Golduck\n|-damage|p2a: Golduck|172/290\n|-damage|p1a: Victreebel|22/290|[from] item: Life Orb\n|move|p2a: Golduck|Ice Beam|p1a: Victreebel\n|-supereffective|p1a: Victreebel\n|-damage|p1a: Victreebel|0 fnt\n|faint|p1a: Victreebel\n|\n|-heal|p2a: Golduck|190/290|[from] item: Leftovers\n|upkeep\n|\n|t:|1781395039\n|switch|p1a: Jolteon|Jolteon, L84, F|246/246\n|turn|13\n|\n|t:|1781395043\n|switch|p2a: Hippowdon|Hippowdon, L82, M|311/311\n|-weather|Sandstorm|[from] ability: Sand Stream|[of] p2a: Hippowdon\n|move|p1a: Jolteon|Calm Mind|p1a: Jolteon\n|-boost|p1a: Jolteon|spa|1\n|-boost|p1a: Jolteon|spd|1\n|\n|-weather|Sandstorm|[upkeep]\n|-damage|p1a: Jolteon|231/246|[from] Sandstorm\n|-heal|p1a: Jolteon|246/246|[from] item: Leftovers\n|upkeep\n|turn|14\n|\n|t:|1781395050\n|move|p1a: Jolteon|Substitute|p1a: Jolteon\n|-start|p1a: Jolteon|Substitute\n|-damage|p1a: Jolteon|185/246\n|move|p2a: Hippowdon|Earthquake|p1a: Jolteon\n|-supereffective|p1a: Jolteon\n|-end|p1a: Jolteon|Substitute\n|\n|-weather|Sandstorm|[upkeep]\n|-damage|p1a: Jolteon|170/246|[from] Sandstorm\n|-heal|p1a: Jolteon|185/246|[from] item: Leftovers\n|upkeep\n|turn|15\n|\n|t:|1781395070\n|-terastallize|p1a: Jolteon|Ice\n|-terastallize|p2a: Hippowdon|Steel\n|move|p1a: Jolteon|Tera Blast|p2a: Hippowdon|[anim] Tera Blast Ice\n|-resisted|p2a: Hippowdon\n|-damage|p2a: Hippowdon|224/311\n|move|p2a: Hippowdon|Earthquake|p1a: Jolteon\n|-damage|p1a: Jolteon|37/246\n|\n|-weather|Sandstorm|[upkeep]\n|-damage|p1a: Jolteon|22/246|[from] Sandstorm\n|-heal|p1a: Jolteon|37/246|[from] item: Leftovers\n|upkeep\n|turn|16\n|\n|t:|1781395084\n|switch|p1a: Giratina|Giratina, L75|285/349\n|-ability|p1a: Giratina|Pressure\n|move|p2a: Hippowdon|Earthquake|p1a: Giratina\n|-damage|p1a: Giratina|182/349\n|\n|-weather|Sandstorm|[upkeep]\n|-damage|p1a: Giratina|161/349|[from] Sandstorm\n|-heal|p1a: Giratina|182/349|[from] item: Leftovers\n|upkeep\n|turn|17\n|\n|t:|1781395099\n|switch|p2a: Golduck|Golduck, L90, M|190/290\n|-ability|p2a: Golduck|Cloud Nine\n|move|p1a: Giratina|Will-O-Wisp|p2a: Golduck\n|-status|p2a: Golduck|brn\n|\n|-weather|none\n|-heal|p2a: Golduck|208/290 brn|[from] item: Leftovers\n|-heal|p1a: Giratina|203/349|[from] item: Leftovers\n|-damage|p2a: Golduck|190/290 brn|[from] brn\n|upkeep\n|turn|18\n|\n|t:|1781395106\n|move|p2a: Golduck|Ice Beam|p1a: Giratina\n|-supereffective|p1a: Giratina\n|-damage|p1a: Giratina|87/349\n|move|p1a: Giratina|Shadow Ball|p2a: Golduck\n|-damage|p2a: Golduck|117/290 brn\n|\n|-heal|p2a: Golduck|135/290 brn|[from] item: Leftovers\n|-heal|p1a: Giratina|108/349|[from] item: Leftovers\n|-damage|p2a: Golduck|117/290 brn|[from] brn\n|upkeep\n|turn|19\n|\n|t:|1781395112\n|switch|p1a: Porygon-Z|Porygon-Z, L83|277/277\n|move|p2a: Golduck|Ice Beam|p1a: Porygon-Z\n|-damage|p1a: Porygon-Z|191/277\n|\n|-heal|p2a: Golduck|135/290 brn|[from] item: Leftovers\n|-damage|p2a: Golduck|117/290 brn|[from] brn\n|upkeep\n|turn|20\n|l| rufoush\n|\n|t:|1781395126\n|move|p1a: Porygon-Z|Tri Attack|p2a: Golduck\n|-damage|p2a: Golduck|0 fnt\n|faint|p2a: Golduck\n|\n|upkeep\n|j| rufoush\n|\n|t:|1781395133\n|switch|p2a: Hippowdon|Hippowdon, L82, M, tera:Steel|224/311\n|-weather|Sandstorm|[from] ability: Sand Stream|[of] p2a: Hippowdon\n|turn|21\n|\n|t:|1781395152\n|switch|p1a: Giratina|Giratina, L75|108/349\n|-ability|p1a: Giratina|Pressure\n|move|p2a: Hippowdon|Earthquake|p1a: Giratina\n|-damage|p1a: Giratina|15/349\n|\n|-weather|Sandstorm|[upkeep]\n|-damage|p1a: Giratina|0 fnt|[from] Sandstorm\n|faint|p1a: Giratina\n|upkeep\n|\n|t:|1781395154\n|switch|p1a: Cyclizar|Cyclizar, L83, F|252/252\n|turn|22\n|\n|t:|1781395158\n|move|p1a: Cyclizar|Taunt|p2a: Hippowdon\n|-start|p2a: Hippowdon|move: Taunt\n|move|p2a: Hippowdon|Earthquake|p1a: Cyclizar\n|-damage|p1a: Cyclizar|116/252\n|\n|-weather|Sandstorm|[upkeep]\n|-damage|p1a: Cyclizar|101/252|[from] Sandstorm\n|upkeep\n|turn|23\n|l| rufoush\n|\n|t:|1781395181\n|move|p1a: Cyclizar|Knock Off|p2a: Hippowdon\n|-damage|p2a: Hippowdon|173/311\n|-damage|p1a: Cyclizar|59/252|[from] item: Rocky Helmet|[of] p2a: Hippowdon\n|-enditem|p2a: Hippowdon|Rocky Helmet|[from] move: Knock Off|[of] p1a: Cyclizar\n|move|p2a: Hippowdon|Earthquake|p1a: Cyclizar\n|-damage|p1a: Cyclizar|0 fnt\n|faint|p1a: Cyclizar\n|\n|-weather|Sandstorm|[upkeep]\n|upkeep\n|\n|t:|1781395183\n|switch|p1a: Porygon-Z|Porygon-Z, L83|191/277\n|turn|24\n|\n|t:|1781395201\n|switch|p2a: Registeel|Registeel, L81|262/262\n|move|p1a: Porygon-Z|Tri Attack|p2a: Registeel\n|-resisted|p2a: Registeel\n|-damage|p2a: Registeel|212/262\n|\n|-weather|Sandstorm|[upkeep]\n|-damage|p1a: Porygon-Z|174/277|[from] Sandstorm\n|upkeep\n|turn|25\n|j| rufoush\n|-message|SoCapable forfeited.\n|\n|win|Node\n|raw|SoCapable's rating: 2197 &rarr; <strong>2177</strong><br />(-20 for losing)\n|raw|Node's rating: 2199 &rarr; <strong>2219</strong><br />(+20 for winning)\n|l|\u2606SoCapable\n|player|p1|\n", "uploadtime": 1781394888, "views": 3, "formatid": "gen9randombattle", "rating": 2177, "private": 0, "password": null}