{"id": "gen9randombattle-2632019176", "format": "[Gen 9] Random Battle", "players": ["smasher04", "soccrbeast888"], "log": "|j|\u2606smasher04\n|j|\u2606soccrbeast888\n|t:|1781466592\n|gametype|singles\n|player|p1|smasher04|twins-gen4|2082\n|player|p2|soccrbeast888|rancher|2018\n|gen|9\n|tier|[Gen 9] Random Battle\n|rated|\n|rule|Species Clause: Limit one of each Pok\u00e9mon\n|rule|HP Percentage Mod: HP is shown in percentages\n|rule|Sleep Clause Mod: Limit one foe put to sleep\n|rule|Illusion Level Mod: Illusion disguises the Pok\u00e9mon's true level\n|\n|t:|1781466592\n|teamsize|p1|6\n|teamsize|p2|6\n|start\n|switch|p1a: Glalie|Glalie, L96, M|309/309\n|switch|p2a: Skarmory|Skarmory, L80, F|235/235\n|turn|1\n|\n|t:|1781466612\n|switch|p2a: Conkeldurr|Conkeldurr, L80, M|299/299\n|move|p1a: Glalie|Taunt|p2a: Conkeldurr\n|-start|p2a: Conkeldurr|move: Taunt\n|\n|-status|p2a: Conkeldurr|brn|[from] item: Flame Orb\n|upkeep\n|turn|2\n|\n|t:|1781466620\n|switch|p1a: Vivillon|Vivillon-River, L83, M|268/268\n|move|p2a: Conkeldurr|Close Combat|p1a: Vivillon\n|-resisted|p1a: Vivillon\n|-damage|p1a: Vivillon|176/268\n|-unboost|p2a: Conkeldurr|def|1\n|-unboost|p2a: Conkeldurr|spd|1\n|\n|-damage|p2a: Conkeldurr|281/299 brn|[from] brn\n|upkeep\n|turn|3\n|\n|t:|1781466629\n|switch|p2a: Rotom|Rotom-Fan, L86|226/226\n|move|p1a: Vivillon|Hurricane|p2a: Rotom\n|-resisted|p2a: Rotom\n|-damage|p2a: Rotom|181/226\n|\n|upkeep\n|turn|4\n|\n|t:|1781466637\n|switch|p1a: Dragapult|Dragapult, L77, F|262/262\n|move|p2a: Rotom|Thunder Wave|p1a: Dragapult\n|-status|p1a: Dragapult|par\n|\n|upkeep\n|turn|5\n|\n|t:|1781466657\n|switch|p2a: Kleavor|Kleavor, L78, M|237/237\n|move|p1a: Dragapult|Shadow Ball|p2a: Kleavor\n|-damage|p2a: Kleavor|95/237\n|\n|upkeep\n|turn|6\n|\n|t:|1781466663\n|move|p2a: Kleavor|Stone Axe|p1a: Dragapult\n|-damage|p1a: Dragapult|126/262 par\n|-sidestart|p1: smasher04|move: Stealth Rock\n|move|p1a: Dragapult|Shadow Ball|p2a: Kleavor\n|-damage|p2a: Kleavor|0 fnt\n|faint|p2a: Kleavor\n|\n|upkeep\n|\n|t:|1781466722\n|switch|p2a: Urshifu|Urshifu-Rapid-Strike, L75, F|274/274\n|turn|7\n|\n|t:|1781466736\n|move|p2a: Urshifu|Ice Spinner|p1a: Dragapult\n|-supereffective|p1a: Dragapult\n|-damage|p1a: Dragapult|0 fnt\n|faint|p1a: Dragapult\n|\n|upkeep\n|\n|t:|1781466745\n|switch|p1a: Vivillon|Vivillon-River, L83, M|176/268\n|turn|8\n|\n|t:|1781466753\n|move|p1a: Vivillon|Sleep Powder|p2a: Urshifu\n|-status|p2a: Urshifu|slp|[from] move: Sleep Powder\n|cant|p2a: Urshifu|slp\n|\n|upkeep\n|turn|9\n|\n|t:|1781466757\n|switch|p2a: Rotom|Rotom-Fan, L86|181/226\n|move|p1a: Vivillon|Hurricane|p2a: Rotom\n|-resisted|p2a: Rotom\n|-damage|p2a: Rotom|133/226\n|-start|p2a: Rotom|confusion\n|\n|upkeep\n|turn|10\n|\n|t:|1781466765\n|switch|p1a: Oranguru|Oranguru, L92, M|315/315\n|-damage|p1a: Oranguru|276/315|[from] Stealth Rock\n|-activate|p2a: Rotom|confusion\n|-damage|p2a: Rotom|120/226|[from] confusion\n|\n|-heal|p1a: Oranguru|295/315|[from] item: Leftovers\n|upkeep\n|turn|11\n|\n|t:|1781466794\n|-activate|p2a: Rotom|confusion\n|move|p2a: Rotom|Thunder Wave|p1a: Oranguru\n|-status|p1a: Oranguru|par\n|move|p1a: Oranguru|Nasty Plot|p1a: Oranguru\n|-boost|p1a: Oranguru|spa|2\n|\n|-heal|p1a: Oranguru|314/315 par|[from] item: Leftovers\n|upkeep\n|turn|12\n|inactive|Battle timer is ON: inactive players will automatically lose when time's up. (requested by smasher04)\n|\n|t:|1781466810\n|-activate|p2a: Rotom|confusion\n|move|p2a: Rotom|Air Slash|p1a: Oranguru\n|-damage|p1a: Oranguru|247/315 par\n|move|p1a: Oranguru|Psyshock|p2a: Rotom\n|-damage|p2a: Rotom|0 fnt\n|faint|p2a: Rotom\n|\n|-heal|p1a: Oranguru|266/315 par|[from] item: Leftovers\n|upkeep\n|\n|t:|1781466825\n|switch|p2a: Conkeldurr|Conkeldurr, L80, M|281/299 brn\n|turn|13\n|\n|t:|1781466832\n|-terastallize|p1a: Oranguru|Electric\n|move|p2a: Conkeldurr|Facade|p1a: Oranguru\n|-damage|p1a: Oranguru|94/315 par\n|move|p1a: Oranguru|Psyshock|p2a: Conkeldurr\n|-supereffective|p2a: Conkeldurr\n|-damage|p2a: Conkeldurr|0 fnt\n|faint|p2a: Conkeldurr\n|\n|-heal|p1a: Oranguru|113/315 par|[from] item: Leftovers\n|upkeep\n|\n|t:|1781466849\n|switch|p2a: Urshifu|Urshifu-Rapid-Strike, L75, F|274/274 slp\n|turn|14\n|\n|t:|1781466851\n|-curestatus|p2a: Urshifu|slp|[msg]\n|move|p2a: Urshifu|Surging Strikes|p1a: Oranguru\n|-crit|p1a: Oranguru\n|-damage|p1a: Oranguru|56/315 par\n|-crit|p1a: Oranguru\n|-damage|p1a: Oranguru|0 fnt\n|faint|p1a: Oranguru\n|-hitcount|p1: Oranguru|2\n|\n|upkeep\n|\n|t:|1781466855\n|switch|p1a: Vivillon|Vivillon-River, L83, M|176/268\n|turn|15\n|\n|t:|1781466865\n|move|p1a: Vivillon|Sleep Powder|p2a: Urshifu\n|-status|p2a: Urshifu|slp|[from] move: Sleep Powder\n|cant|p2a: Urshifu|slp\n|\n|upkeep\n|turn|16\n|\n|t:|1781466867\n|move|p1a: Vivillon|Hurricane|p2a: Urshifu\n|-supereffective|p2a: Urshifu\n|-damage|p2a: Urshifu|0 fnt\n|faint|p2a: Urshifu\n|\n|upkeep\n|\n|t:|1781466872\n|switch|p2a: Reshiram|Reshiram, L76|277/277\n|-ability|p2a: Reshiram|Turboblaze\n|turn|17\n|\n|t:|1781466874\n|move|p1a: Vivillon|Sleep Powder|p2a: Reshiram\n|-status|p2a: Reshiram|slp|[from] move: Sleep Powder\n|cant|p2a: Reshiram|slp\n|\n|upkeep\n|turn|18\n|\n|t:|1781466881\n|switch|p1a: Malamar|Malamar, L82, F|275/275\n|-damage|p1a: Malamar|241/275|[from] Stealth Rock\n|cant|p2a: Reshiram|slp\n|\n|upkeep\n|turn|19\n|\n|t:|1781466889\n|cant|p2a: Reshiram|slp\n|move|p1a: Malamar|Superpower|p2a: Reshiram\n|-damage|p2a: Reshiram|197/277 slp\n|-boost|p1a: Malamar|atk|1\n|-boost|p1a: Malamar|def|1\n|\n|upkeep\n|turn|20\n|\n|t:|1781466895\n|-curestatus|p2a: Reshiram|slp|[msg]\n|move|p2a: Reshiram|Will-O-Wisp|p1a: Malamar\n|-status|p1a: Malamar|brn\n|move|p1a: Malamar|Superpower|p2a: Reshiram\n|-damage|p2a: Reshiram|137/277\n|-boost|p1a: Malamar|atk|1\n|-boost|p1a: Malamar|def|1\n|\n|-damage|p1a: Malamar|224/275 brn|[from] brn\n|upkeep\n|turn|21\n|\n|t:|1781466908\n|switch|p2a: Skarmory|Skarmory, L80, F|235/235\n|move|p1a: Malamar|Superpower|p2a: Skarmory\n|-damage|p2a: Skarmory|180/235\n|-boost|p1a: Malamar|atk|1\n|-boost|p1a: Malamar|def|1\n|\n|-heal|p2a: Skarmory|194/235|[from] item: Leftovers\n|-damage|p1a: Malamar|207/275 brn|[from] brn\n|upkeep\n|turn|22\n|\n|t:|1781466919\n|move|p1a: Malamar|Knock Off|p2a: Skarmory\n|-crit|p2a: Skarmory\n|-damage|p2a: Skarmory|65/235\n|-enditem|p2a: Skarmory|Leftovers|[from] move: Knock Off|[of] p1a: Malamar\n|move|p2a: Skarmory|Whirlwind|p1a: Malamar\n|drag|p1a: Vivillon|Vivillon-River, L83, M|176/268\n|\n|upkeep\n|turn|23\n|\n|t:|1781466927\n|move|p1a: Vivillon|Sleep Powder|p2a: Skarmory\n|-status|p2a: Skarmory|slp|[from] move: Sleep Powder\n|cant|p2a: Skarmory|slp\n|\n|upkeep\n|turn|24\n|\n|t:|1781466931\n|move|p1a: Vivillon|Hurricane|p2a: Skarmory|[miss]\n|-miss|p1a: Vivillon|p2a: Skarmory\n|cant|p2a: Skarmory|slp\n|\n|upkeep\n|turn|25\n|-message|soccrbeast888 forfeited.\n|\n|win|smasher04\n", "uploadtime": 1781466594, "views": 1, "formatid": "gen9randombattle", "rating": null, "private": 0, "password": null}