{"id": "gen9randombattle-2631999623", "format": "[Gen 9] Random Battle", "players": ["LENOP1020", "Jenome"], "log": "|j|\u2606LENOP1020\n|j|\u2606Jenome\n|t:|1781464446\n|gametype|singles\n|player|p1|LENOP1020|galacticgrunt|1638\n|player|p2|Jenome|gentleman-gen4|1586\n|gen|9\n|tier|[Gen 9] Random Battle\n|rated|\n|rule|Species Clause: Limit one of each Pok\u00e9mon\n|rule|HP Percentage Mod: HP is shown in percentages\n|rule|Sleep Clause Mod: Limit one foe put to sleep\n|rule|Illusion Level Mod: Illusion disguises the Pok\u00e9mon's true level\n|\n|t:|1781464446\n|teamsize|p1|6\n|teamsize|p2|6\n|start\n|switch|p1a: Diancie|Diancie, L82|216/216\n|switch|p2a: Spectrier|Spectrier, L75|274/274\n|turn|1\n|inactive|Battle timer is ON: inactive players will automatically lose when time's up. (requested by LENOP1020)\n|\n|t:|1781464458\n|move|p2a: Spectrier|Nasty Plot|p2a: Spectrier\n|-boost|p2a: Spectrier|spa|2\n|move|p1a: Diancie|Diamond Storm|p2a: Spectrier\n|-damage|p2a: Spectrier|136/274\n|\n|-heal|p2a: Spectrier|153/274|[from] item: Leftovers\n|upkeep\n|turn|2\n|\n|t:|1781464466\n|move|p2a: Spectrier|Shadow Ball|p1a: Diancie\n|-damage|p1a: Diancie|126/216\n|move|p1a: Diancie|Moonblast|p2a: Spectrier\n|-damage|p2a: Spectrier|32/274\n|\n|-heal|p2a: Spectrier|49/274|[from] item: Leftovers\n|upkeep\n|turn|3\n|\n|t:|1781464471\n|move|p2a: Spectrier|Shadow Ball|p1a: Diancie\n|-damage|p1a: Diancie|36/216\n|move|p1a: Diancie|Moonblast|p2a: Spectrier\n|-damage|p2a: Spectrier|0 fnt\n|faint|p2a: Spectrier\n|\n|upkeep\n|\n|t:|1781464477\n|switch|p2a: Magmortar|Magmortar, L88, F|275/275\n|turn|4\n|\n|t:|1781464483\n|move|p2a: Magmortar|Focus Blast|p1a: Diancie\n|-damage|p1a: Diancie|0 fnt\n|faint|p1a: Diancie\n|\n|upkeep\n|\n|t:|1781464487\n|switch|p1a: Blastoise|Blastoise, L80, M|258/258\n|turn|5\n|\n|t:|1781464492\n|move|p2a: Magmortar|Thunderbolt|p1a: Blastoise\n|-supereffective|p1a: Blastoise\n|-damage|p1a: Blastoise|100/258\n|move|p1a: Blastoise|Shell Smash|p1a: Blastoise\n|-unboost|p1a: Blastoise|def|1\n|-unboost|p1a: Blastoise|spd|1\n|-boost|p1a: Blastoise|atk|2\n|-boost|p1a: Blastoise|spa|2\n|-boost|p1a: Blastoise|spe|2\n|-enditem|p1a: Blastoise|White Herb\n|-clearnegativeboost|p1a: Blastoise|[silent]\n|\n|upkeep\n|turn|6\n|\n|t:|1781464502\n|-terastallize|p2a: Magmortar|Water\n|move|p1a: Blastoise|Hydro Pump|p2a: Magmortar\n|-resisted|p2a: Magmortar\n|-damage|p2a: Magmortar|194/275\n|move|p2a: Magmortar|Thunderbolt|p1a: Blastoise\n|-supereffective|p1a: Blastoise\n|-damage|p1a: Blastoise|0 fnt\n|faint|p1a: Blastoise\n|\n|upkeep\n|\n|t:|1781464512\n|switch|p1a: Electrode|Electrode-Hisui, L87|246/246\n|turn|7\n|inactive|Jenome has 120 seconds left.\n|\n|t:|1781464561\n|switch|p2a: Hatterene|Hatterene, L85, F|236/236\n|move|p1a: Electrode|Thunderbolt|p2a: Hatterene\n|-damage|p2a: Hatterene|166/236\n|-damage|p1a: Electrode|222/246|[from] item: Life Orb\n|\n|upkeep\n|turn|8\n|\n|t:|1781464573\n|move|p1a: Electrode|Volt Switch|p2a: Hatterene\n|-damage|p2a: Hatterene|114/236\n|-damage|p1a: Electrode|198/246|[from] item: Life Orb\n|\n|t:|1781464578\n|switch|p1a: Morpeko|Morpeko, L88, M|245/245|[from] Volt Switch\n|move|p2a: Hatterene|Mystical Fire|p1a: Morpeko\n|-damage|p1a: Morpeko|154/245\n|-unboost|p1a: Morpeko|spa|1\n|\n|-heal|p1a: Morpeko|169/245|[from] item: Leftovers\n|-formechange|p1a: Morpeko|Morpeko-Hangry||[from] ability: Hunger Switch\n|upkeep\n|turn|9\n|\n|t:|1781464586\n|move|p1a: Morpeko|Knock Off|p2a: Hatterene\n|-damage|p2a: Hatterene|15/236\n|-enditem|p2a: Hatterene|Assault Vest|[from] move: Knock Off|[of] p1a: Morpeko\n|move|p2a: Hatterene|Draining Kiss|p1a: Morpeko\n|-supereffective|p1a: Morpeko\n|-damage|p1a: Morpeko|0 fnt\n|-heal|p2a: Hatterene|142/236|[from] drain|[of] p1a: Morpeko\n|faint|p1a: Morpeko\n|\n|upkeep\n|\n|t:|1781464596\n|switch|p1a: Jumpluff|Jumpluff, L87, M|271/271\n|turn|10\n|inactive|Jenome has 120 seconds left.\n|\n|t:|1781464618\n|move|p1a: Jumpluff|Encore|p2a: Hatterene\n|move|p2a: Hatterene|Encore||[from] ability: Magic Bounce|[still]\n|-fail|p2a: Hatterene\n|move|p2a: Hatterene|Nuzzle|p1a: Jumpluff\n|-damage|p1a: Jumpluff|255/271\n|-status|p1a: Jumpluff|par\n|\n|upkeep\n|turn|11\n|\n|t:|1781464628\n|cant|p1a: Jumpluff|par\n|move|p2a: Hatterene|Draining Kiss|p1a: Jumpluff\n|-damage|p1a: Jumpluff|189/271 par\n|-heal|p2a: Hatterene|192/236|[from] drain|[of] p1a: Jumpluff\n|\n|upkeep\n|turn|12\n|-message|LENOP1020 forfeited.\n|\n|win|Jenome\n|raw|LENOP1020's rating: 1638 &rarr; <strong>1615</strong><br />(-23 for losing)\n|raw|Jenome's rating: 1586 &rarr; <strong>1609</strong><br />(+23 for winning)\n|l|\u2606LENOP1020\n|player|p1|\n", "uploadtime": 1781464648, "views": 6, "formatid": "gen9randombattle", "rating": 1609, "private": 0, "password": null}