{"id": "gen9randombattle-2631950078", "format": "[Gen 9] Random Battle", "players": ["LowTierTenshi", "HighTierAngel"], "log": "|j|\u2606LowTierTenshi\n|j|\u2606HighTierAngel\n|t:|1781459027\n|gametype|singles\n|player|p1|LowTierTenshi|beauty-gen4dp|\n|player|p2|HighTierAngel|cynthia-masters4|\n|gen|9\n|tier|[Gen 9] Random Battle\n|rule|Species Clause: Limit one of each Pok\u00e9mon\n|rule|HP Percentage Mod: HP is shown in percentages\n|rule|Sleep Clause Mod: Limit one foe put to sleep\n|rule|Illusion Level Mod: Illusion disguises the Pok\u00e9mon's true level\n|\n|t:|1781459027\n|teamsize|p1|6\n|teamsize|p2|6\n|start\n|switch|p1a: Delphox|Delphox, L84, M|263/263\n|switch|p2a: Froslass|Froslass, L87, F|263/263\n|turn|1\n|c|\u2606HighTierAngel|gl\n|\n|t:|1781459069\n|switch|p2a: Wyrdeer|Wyrdeer, L87, M|321/321\n|-ability|p2a: Wyrdeer|Intimidate|boost\n|-unboost|p1a: Delphox|atk|1\n|move|p1a: Delphox|Psyshock|p2a: Wyrdeer\n|-resisted|p2a: Wyrdeer\n|-damage|p2a: Wyrdeer|238/321\n|\n|-heal|p2a: Wyrdeer|258/321|[from] item: Leftovers\n|upkeep\n|turn|2\n|\n|t:|1781459100\n|move|p1a: Delphox|Psyshock|p2a: Wyrdeer\n|-resisted|p2a: Wyrdeer\n|-damage|p2a: Wyrdeer|183/321\n|move|p2a: Wyrdeer|Earthquake|p1a: Delphox\n|-supereffective|p1a: Delphox\n|-damage|p1a: Delphox|93/263\n|\n|-heal|p2a: Wyrdeer|203/321|[from] item: Leftovers\n|upkeep\n|turn|3\n|\n|t:|1781459127\n|switch|p1a: Chi-Yu|Chi-Yu, L77|211/211\n|-ability|p1a: Chi-Yu|Beads of Ruin\n|move|p2a: Wyrdeer|Body Slam|p1a: Chi-Yu\n|-damage|p1a: Chi-Yu|88/211\n|-status|p1a: Chi-Yu|par\n|\n|-heal|p2a: Wyrdeer|223/321|[from] item: Leftovers\n|upkeep\n|turn|4\n|c|\u2606HighTierAngel|Unfortunate para\n|\n|t:|1781459162\n|move|p2a: Wyrdeer|Earthquake|p1a: Chi-Yu\n|-supereffective|p1a: Chi-Yu\n|-damage|p1a: Chi-Yu|0 fnt\n|faint|p1a: Chi-Yu\n|\n|-heal|p2a: Wyrdeer|243/321|[from] item: Leftovers\n|upkeep\n|\n|t:|1781459171\n|switch|p1a: Delphox|Delphox, L84, M|93/263\n|turn|5\n|\n|t:|1781459179\n|move|p1a: Delphox|Fire Blast|p2a: Wyrdeer|[miss]\n|-miss|p1a: Delphox|p2a: Wyrdeer\n|move|p2a: Wyrdeer|Earthquake|p1a: Delphox\n|-supereffective|p1a: Delphox\n|-damage|p1a: Delphox|0 fnt\n|faint|p1a: Delphox\n|\n|-heal|p2a: Wyrdeer|263/321|[from] item: Leftovers\n|upkeep\n|\n|t:|1781459192\n|switch|p1a: Kricketune|Kricketune, L99, F|312/312\n|turn|6\n|c|\u2606HighTierAngel|Unfortunate miss\n|c|\u2606HighTierAngel|85 percent accurate move btw\n|c|\u2606HighTierAngel|!dt fire blast\n|c|\u2606HighTierAngel|/raw <ul class=\"utilichart\"><li class=\"result\"><span class=\"col movenamecol\"><a href=\"https://dex.pokemonshowdown.com/moves/fireblast\">Fire Blast</a></span> <span class=\"col typecol\"><img src=\"//play.pokemonshowdown.com/sprites/types/Fire.png\" alt=\"Fire\" width=\"32\" height=\"14\"><img src=\"//play.pokemonshowdown.com/sprites/categories/Special.png\" alt=\"Special\" width=\"32\" height=\"14\"></span> <span class=\"col labelcol\"><em>Power</em><br>110</span> <span class=\"col widelabelcol\"><em>Accuracy</em><br>85%</span> <span class=\"col pplabelcol\"><em>PP</em><br>8</span> <span class=\"col movedesccol\">10% chance to burn the target.</span> </li><li style=\"clear:both\"></li></ul>\n|c|\u2606HighTierAngel|/raw <font size=\"1\"><font color=\"#686868\">Priority:</font> 0&nbsp;|&ThickSpace;<font color=\"#686868\">Gen:</font> 1&nbsp;|&ThickSpace;&#10003; Boosted by Sheer Force&nbsp;|&ThickSpace;<font color=\"#686868\">Z-Power:</font> 185&nbsp;|&ThickSpace;<font color=\"#686868\">Target:</font> One Adjacent Pok\u00e9mon</font>\n\n|\n|t:|1781459221\n|switch|p2a: Froslass|Froslass, L87, F|263/263\n|move|p1a: Kricketune|Knock Off|p2a: Froslass\n|-supereffective|p2a: Froslass\n|-damage|p2a: Froslass|77/263\n|-enditem|p2a: Froslass|Wide Lens|[from] move: Knock Off|[of] p1a: Kricketune\n|\n|upkeep\n|turn|7\n|\n|t:|1781459235\n|move|p2a: Froslass|Will-O-Wisp|p1a: Kricketune\n|-status|p1a: Kricketune|brn\n|move|p1a: Kricketune|Knock Off|p2a: Froslass\n|-supereffective|p2a: Froslass\n|-damage|p2a: Froslass|6/263\n|-start|p1a: Kricketune|Disable|Knock Off|[from] ability: Cursed Body|[of] p2a: Froslass\n|\n|-damage|p1a: Kricketune|293/312 brn|[from] brn\n|upkeep\n|turn|8\n|\n|t:|1781459264\n|move|p2a: Froslass|Triple Axel|p1a: Kricketune\n|-damage|p1a: Kricketune|268/312 brn\n|-damage|p1a: Kricketune|223/312 brn\n|-damage|p1a: Kricketune|153/312 brn\n|-hitcount|p1a: Kricketune|3\n|move|p1a: Kricketune|Pounce|p2a: Froslass\n|-resisted|p2a: Froslass\n|-damage|p2a: Froslass|0 fnt\n|faint|p2a: Froslass\n|\n|-damage|p1a: Kricketune|134/312 brn|[from] brn\n|upkeep\n|\n|t:|1781459282\n|switch|p2a: Flygon|Flygon, L82, F|265/265\n|turn|9\n|\n|t:|1781459296\n|switch|p1a: Clawitzer|Clawitzer, L87, M|265/265\n|move|p2a: Flygon|Outrage|p1a: Clawitzer\n|-damage|p1a: Clawitzer|100/265\n|\n|upkeep\n|turn|10\n|\n|t:|1781459308\n|move|p2a: Flygon|Outrage|p1a: Clawitzer|[from] lockedmove\n|-damage|p1a: Clawitzer|0 fnt\n|faint|p1a: Clawitzer\n|-start|p2a: Flygon|confusion|[fatigue]\n|\n|upkeep\n|\n|t:|1781459318\n|switch|p1a: Kricketune|Kricketune, L99, F|134/312 brn\n|turn|11\n|\n|t:|1781459334\n|switch|p2a: Vileplume|Vileplume, L85, M|266/266\n|move|p1a: Kricketune|Knock Off|p2a: Vileplume\n|-damage|p2a: Vileplume|223/266\n|-enditem|p2a: Vileplume|Leftovers|[from] move: Knock Off|[of] p1a: Kricketune\n|\n|-damage|p1a: Kricketune|115/312 brn|[from] brn\n|upkeep\n|turn|12\n|\n|t:|1781459349\n|move|p1a: Kricketune|Sticky Web|p2a: Vileplume\n|-sidestart|p2: HighTierAngel|move: Sticky Web\n|move|p2a: Vileplume|Strength Sap|p1a: Kricketune\n|-unboost|p1a: Kricketune|atk|1\n|-heal|p2a: Vileplume|266/266\n|\n|-damage|p1a: Kricketune|96/312 brn|[from] brn\n|upkeep\n|turn|13\n|\n|t:|1781459360\n|move|p1a: Kricketune|Taunt|p2a: Vileplume\n|-start|p2a: Vileplume|move: Taunt\n|move|p2a: Vileplume|Sludge Bomb|p1a: Kricketune\n|-damage|p1a: Kricketune|0 fnt\n|faint|p1a: Kricketune\n|\n|upkeep\n|\n|t:|1781459370\n|switch|p1a: Palkia|Palkia-Origin, L72|249/249\n|-ability|p1a: Palkia|Pressure\n|turn|14\n|\n|t:|1781459382\n|move|p1a: Palkia|Thunder Wave|p2a: Vileplume\n|-status|p2a: Vileplume|par\n|move|p2a: Vileplume|Giga Drain|p1a: Palkia\n|-damage|p1a: Palkia|167/249\n|\n|upkeep\n|turn|15\n|\n|t:|1781459399\n|switch|p2a: Flygon|Flygon, L82, F|265/265\n|move|p1a: Palkia|Fire Blast|p2a: Flygon\n|-resisted|p2a: Flygon\n|-damage|p2a: Flygon|223/265\n|\n|upkeep\n|turn|16\n|\n|t:|1781459411\n|move|p1a: Palkia|Spacial Rend|p2a: Flygon\n|-supereffective|p2a: Flygon\n|-damage|p2a: Flygon|0 fnt\n|faint|p2a: Flygon\n|\n|upkeep\n|\n|t:|1781459426\n|switch|p2a: Wyrdeer|Wyrdeer, L87, M|263/321\n|-activate|p2a: Wyrdeer|move: Sticky Web\n|-unboost|p2a: Wyrdeer|spe|1\n|-ability|p2a: Wyrdeer|Intimidate|boost\n|-unboost|p1a: Palkia|atk|1\n|turn|17\n|\n|t:|1781459433\n|move|p1a: Palkia|Spacial Rend|p2a: Wyrdeer\n|-damage|p2a: Wyrdeer|128/321\n|move|p2a: Wyrdeer|Thunder Wave|p1a: Palkia|[miss]\n|-miss|p2a: Wyrdeer|p1a: Palkia\n|\n|-heal|p2a: Wyrdeer|148/321|[from] item: Leftovers\n|upkeep\n|turn|18\n|c|\u2606HighTierAngel|NOOO\n|c|\u2606HighTierAngel|I MISSED\n|\n|t:|1781459455\n|move|p1a: Palkia|Spacial Rend|p2a: Wyrdeer\n|-damage|p2a: Wyrdeer|13/321\n|move|p2a: Wyrdeer|Body Slam|p1a: Palkia\n|-damage|p1a: Palkia|53/249\n|-status|p1a: Palkia|par\n|\n|-heal|p2a: Wyrdeer|33/321|[from] item: Leftovers\n|upkeep\n|turn|19\n|\n|t:|1781459471\n|move|p2a: Wyrdeer|Psychic Noise|p1a: Palkia\n|-damage|p1a: Palkia|0 fnt\n|faint|p1a: Palkia\n|\n|-heal|p2a: Wyrdeer|53/321|[from] item: Leftovers\n|upkeep\n|\n|t:|1781459479\n|switch|p1a: Gardevoir|Gardevoir, L83, M|249/249\n|-ability|p1a: Gardevoir|Intimidate|Trace|[from] ability: Trace|[of] p2a: Wyrdeer\n|-ability|p1a: Gardevoir|Intimidate|boost\n|-unboost|p2a: Wyrdeer|atk|1\n|turn|20\n|\n|t:|1781459491\n|move|p1a: Gardevoir|Psyshock|p2a: Wyrdeer\n|-resisted|p2a: Wyrdeer\n|-damage|p2a: Wyrdeer|0 fnt\n|faint|p2a: Wyrdeer\n|\n|upkeep\n|\n|t:|1781459503\n|switch|p2a: Reshiram|Reshiram, L76|277/277\n|-ability|p2a: Reshiram|Turboblaze\n|turn|21\n|\n|t:|1781459521\n|-terastallize|p2a: Reshiram|Fire\n|move|p1a: Gardevoir|Psyshock|p2a: Reshiram\n|-damage|p2a: Reshiram|166/277\n|move|p2a: Reshiram|Flare Blitz|p1a: Gardevoir\n|-damage|p1a: Gardevoir|29/249\n|-damage|p2a: Reshiram|93/277|[from] Recoil\n|\n|upkeep\n|turn|22\n|\n|t:|1781459534\n|move|p1a: Gardevoir|Psyshock|p2a: Reshiram\n|-damage|p2a: Reshiram|0 fnt\n|faint|p2a: Reshiram\n|\n|upkeep\n|\n|t:|1781459545\n|switch|p2a: Azelf|Azelf, L82|257/257\n|turn|23\n|l|\u2606HighTierAngel\n|player|p2|\n|j|\u2606HighTierAngel\n|player|p2|HighTierAngel|cynthia-masters4|\n|\n|t:|1781459585\n|-terastallize|p1a: Gardevoir|Fighting\n|move|p1a: Gardevoir|Psyshock|p2a: Azelf\n|-resisted|p2a: Azelf\n|-damage|p2a: Azelf|190/257\n|move|p2a: Azelf|U-turn|p1a: Gardevoir\n|-resisted|p1a: Gardevoir\n|-crit|p1a: Gardevoir\n|-damage|p1a: Gardevoir|0 fnt\n|faint|p1a: Gardevoir\n|-damage|p2a: Azelf|165/257|[from] item: Life Orb\n|\n|win|HighTierAngel\n|c|\u2606HighTierAngel|gg\n", "uploadtime": 1781459795, "views": 15, "formatid": "gen9randombattle", "rating": null, "private": 0, "password": null}