{"id": "gen9randombattle-2631423516", "format": "[Gen 9] Random Battle", "players": ["rhinoshark007", "Red Skies"], "log": "|badge|p1|bronze|gen9randombattle|100-9\n|uhtml|medal-msg|<div class=\"broadcast-blue\">Curious what those medals under the avatar are? PS now has Ladder Seasons! For more information, check out the <a href=\"https://www.smogon.com/forums/threads/3740067/\">thread on Smogon.</a></div>\n|j|\u2606rhinoshark007\n|j|\u2606Red Skies\n|t:|1781382876\n|gametype|singles\n|player|p1|rhinoshark007|elesa|2351\n|player|p2|Red Skies|n|2144\n|gen|9\n|tier|[Gen 9] Random Battle\n|rated|\n|rule|Species Clause: Limit one of each Pok\u00e9mon\n|rule|HP Percentage Mod: HP is shown in percentages\n|rule|Sleep Clause Mod: Limit one foe put to sleep\n|rule|Illusion Level Mod: Illusion disguises the Pok\u00e9mon's true level\n|\n|t:|1781382876\n|teamsize|p1|6\n|teamsize|p2|6\n|start\n|switch|p1a: Maushold|Maushold, L76|238/238\n|switch|p2a: Decidueye|Decidueye, L88, F|281/281\n|turn|1\n|j| bryhhn1\n|\n|t:|1781382887\n|switch|p1a: Bombirdier|Bombirdier, L85, F|258/258\n|move|p2a: Decidueye|Leaf Blade|p1a: Bombirdier\n|-resisted|p1a: Bombirdier\n|-damage|p1a: Bombirdier|184/258\n|-damage|p2a: Decidueye|253/281|[from] item: Life Orb\n|\n|upkeep\n|turn|2\n|\n|t:|1781382902\n|switch|p2a: Groudon|Groudon, L72|263/263\n|-weather|SunnyDay|[from] ability: Drought|[of] p2a: Groudon\n|move|p1a: Bombirdier|Stealth Rock|p2a: Groudon\n|-sidestart|p2: Red Skies|move: Stealth Rock\n|\n|-weather|SunnyDay|[upkeep]\n|upkeep\n|turn|3\n|inactive|Battle timer is ON: inactive players will automatically lose when time's up. (requested by Red Skies)\n|\n|t:|1781382921\n|switch|p1a: Luvdisc|Luvdisc, M|247/247\n|move|p2a: Groudon|Will-O-Wisp|p1a: Luvdisc\n|-status|p1a: Luvdisc|brn\n|\n|-weather|SunnyDay|[upkeep]\n|-damage|p1a: Luvdisc|232/247 brn|[from] brn\n|upkeep\n|turn|4\n|\n|t:|1781382930\n|switch|p2a: Cryogonal|Cryogonal, L89|287/287\n|move|p1a: Luvdisc|Substitute|p1a: Luvdisc\n|-start|p1a: Luvdisc|Substitute\n|-damage|p1a: Luvdisc|171/247 brn\n|\n|-weather|SunnyDay|[upkeep]\n|-damage|p1a: Luvdisc|156/247 brn|[from] brn\n|upkeep\n|turn|5\n|\n|t:|1781382938\n|move|p1a: Luvdisc|Endeavor|p2a: Cryogonal\n|-damage|p2a: Cryogonal|156/287\n|move|p2a: Cryogonal|Rapid Spin|p1a: Luvdisc\n|-activate|p1a: Luvdisc|move: Substitute|[damage]\n|-sideend|p2: Red Skies|Stealth Rock|[from] move: Rapid Spin|[of] p2a: Cryogonal\n|-boost|p2a: Cryogonal|spe|1\n|\n|-weather|SunnyDay|[upkeep]\n|-damage|p1a: Luvdisc|141/247 brn|[from] brn\n|upkeep\n|turn|6\n|\n|t:|1781382947\n|switch|p2a: Decidueye|Decidueye, L88, F|253/281\n|move|p1a: Luvdisc|Substitute|p1a: Luvdisc\n|-fail|p1a: Luvdisc|move: Substitute\n|\n|-weather|none\n|-damage|p1a: Luvdisc|126/247 brn|[from] brn\n|upkeep\n|turn|7\n|\n|t:|1781382953\n|move|p1a: Luvdisc|Surf|p2a: Decidueye\n|-resisted|p2a: Decidueye\n|-damage|p2a: Decidueye|221/281\n|move|p2a: Decidueye|Swords Dance|p2a: Decidueye\n|-boost|p2a: Decidueye|atk|2\n|\n|-damage|p1a: Luvdisc|111/247 brn|[from] brn\n|upkeep\n|turn|8\n|\n|t:|1781382961\n|move|p1a: Luvdisc|Surf|p2a: Decidueye\n|-resisted|p2a: Decidueye\n|-damage|p2a: Decidueye|191/281\n|move|p2a: Decidueye|Leaf Blade|p1a: Luvdisc\n|-supereffective|p1a: Luvdisc\n|-end|p1a: Luvdisc|Substitute\n|-damage|p2a: Decidueye|163/281|[from] item: Life Orb\n|\n|-damage|p1a: Luvdisc|96/247 brn|[from] brn\n|upkeep\n|turn|9\n|\n|t:|1781382969\n|move|p1a: Luvdisc|Surf|p2a: Decidueye\n|-resisted|p2a: Decidueye\n|-damage|p2a: Decidueye|133/281\n|move|p2a: Decidueye|Swords Dance|p2a: Decidueye\n|-boost|p2a: Decidueye|atk|2\n|\n|-damage|p1a: Luvdisc|81/247 brn|[from] brn\n|upkeep\n|turn|10\n|l| bryhhn1\n|\n|t:|1781382972\n|move|p2a: Decidueye|Shadow Sneak|p1a: Luvdisc\n|-damage|p1a: Luvdisc|0 fnt\n|faint|p1a: Luvdisc\n|-damage|p2a: Decidueye|105/281|[from] item: Life Orb\n|\n|upkeep\n|\n|t:|1781382980\n|switch|p1a: Bombirdier|Bombirdier, L85, F|184/258\n|turn|11\n|\n|t:|1781382983\n|move|p2a: Decidueye|Shadow Sneak|p1a: Bombirdier\n|-resisted|p1a: Bombirdier\n|-damage|p1a: Bombirdier|88/258\n|-damage|p2a: Decidueye|77/281|[from] item: Life Orb\n|move|p1a: Bombirdier|Knock Off|p2a: Decidueye\n|-supereffective|p2a: Decidueye\n|-damage|p2a: Decidueye|0 fnt\n|-enditem|p2a: Decidueye|Life Orb|[from] move: Knock Off|[of] p1a: Bombirdier\n|faint|p2a: Decidueye\n|\n|upkeep\n|\n|t:|1781382987\n|switch|p2a: Cryogonal|Cryogonal, L89|156/287\n|turn|12\n|\n|t:|1781382990\n|switch|p1a: Iron Moth|Iron Moth, L78|253/253\n|move|p2a: Cryogonal|Ice Beam|p1a: Iron Moth\n|-resisted|p1a: Iron Moth\n|-damage|p1a: Iron Moth|208/253\n|\n|upkeep\n|turn|13\n|\n|t:|1781382994\n|switch|p2a: Reuniclus|Reuniclus, L88, F|337/337\n|move|p1a: Iron Moth|Fire Blast|p2a: Reuniclus\n|-damage|p2a: Reuniclus|201/337\n|\n|upkeep\n|turn|14\n|\n|t:|1781382999\n|move|p1a: Iron Moth|U-turn|p2a: Reuniclus\n|-supereffective|p2a: Reuniclus\n|-damage|p2a: Reuniclus|129/337\n|\n|t:|1781383001\n|-end|p1a: Iron Moth|Quark Drive|[silent]\n|switch|p1a: Maushold|Maushold, L76|238/238|[from] U-turn\n|move|p2a: Reuniclus|Focus Blast|p1a: Maushold\n|-supereffective|p1a: Maushold\n|-damage|p1a: Maushold|0 fnt\n|faint|p1a: Maushold\n|\n|upkeep\n|\n|t:|1781383007\n|switch|p1a: Iron Moth|Iron Moth, L78|208/253\n|turn|15\n|\n|t:|1781383009\n|move|p1a: Iron Moth|Fire Blast|p2a: Reuniclus\n|-damage|p2a: Reuniclus|0 fnt\n|faint|p2a: Reuniclus\n|\n|upkeep\n|j| Manxas\n|\n|t:|1781383016\n|switch|p2a: Wigglytuff|Wigglytuff, L96, F|424/424\n|turn|16\n|\n|t:|1781383019\n|move|p1a: Iron Moth|Sludge Wave|p2a: Wigglytuff\n|-supereffective|p2a: Wigglytuff\n|-damage|p2a: Wigglytuff|122/424\n|move|p2a: Wigglytuff|Knock Off|p1a: Iron Moth\n|-damage|p1a: Iron Moth|103/253\n|-enditem|p1a: Iron Moth|Heavy-Duty Boots|[from] move: Knock Off|[of] p2a: Wigglytuff\n|\n|-heal|p2a: Wigglytuff|148/424|[from] item: Leftovers\n|upkeep\n|turn|17\n|\n|t:|1781383024\n|move|p1a: Iron Moth|Fire Blast|p2a: Wigglytuff\n|-damage|p2a: Wigglytuff|0 fnt\n|faint|p2a: Wigglytuff\n|\n|upkeep\n|\n|t:|1781383028\n|switch|p2a: Ditto|Ditto, L87|225/225\n|-transform|p2a: Ditto|p1a: Iron Moth|[from] ability: Imposter\n|turn|18\n|\n|t:|1781383033\n|move|p2a: Ditto|Fire Blast|p1a: Iron Moth\n|-resisted|p1a: Iron Moth\n|-damage|p1a: Iron Moth|38/253\n|move|p1a: Iron Moth|Morning Sun|p1a: Iron Moth\n|-heal|p1a: Iron Moth|164/253\n|\n|upkeep\n|turn|19\n|\n|t:|1781383038\n|-end|p2a: Ditto|Quark Drive|[silent]\n|switch|p2a: Groudon|Groudon, L72|263/263\n|-weather|SunnyDay|[from] ability: Drought|[of] p2a: Groudon\n|move|p1a: Iron Moth|Morning Sun|p1a: Iron Moth\n|-heal|p1a: Iron Moth|253/253\n|\n|-weather|SunnyDay|[upkeep]\n|upkeep\n|turn|20\n|\n|t:|1781383044\n|-terastallize|p1a: Iron Moth|Fire\n|-terastallize|p2a: Groudon|Fire\n|move|p1a: Iron Moth|Fire Blast|p2a: Groudon\n|-resisted|p2a: Groudon\n|-damage|p2a: Groudon|106/263\n|move|p2a: Groudon|Precipice Blades|p1a: Iron Moth\n|-supereffective|p1a: Iron Moth\n|-damage|p1a: Iron Moth|0 fnt\n|faint|p1a: Iron Moth\n|-end|p1a: Iron Moth|Quark Drive|[silent]\n|\n|-weather|SunnyDay|[upkeep]\n|-heal|p2a: Groudon|122/263|[from] item: Leftovers\n|upkeep\n|\n|t:|1781383051\n|switch|p1a: Flamigo|Flamigo, L82, M|269/269\n|turn|21\n|\n|t:|1781383057\n|move|p1a: Flamigo|Brave Bird|p2a: Groudon\n|-damage|p2a: Groudon|0 fnt\n|faint|p2a: Groudon\n|-damage|p1a: Flamigo|229/269|[from] Recoil\n|-damage|p1a: Flamigo|203/269|[from] item: Life Orb\n|\n|-weather|SunnyDay|[upkeep]\n|upkeep\n|\n|t:|1781383060\n|switch|p2a: Ditto|Ditto, L87|225/225\n|-transform|p2a: Ditto|p1a: Flamigo|[from] ability: Imposter\n|turn|22\n|\n|t:|1781383064\n|switch|p1a: Lanturn|Lanturn, L89, M|367/367\n|move|p2a: Ditto|Brave Bird|p1a: Lanturn\n|-resisted|p1a: Lanturn\n|-damage|p1a: Lanturn|278/367\n|-damage|p2a: Ditto|196/225|[from] Recoil\n|\n|-weather|SunnyDay|[upkeep]\n|upkeep\n|turn|23\n|\n|t:|1781383066\n|switch|p2a: Cryogonal|Cryogonal, L89|156/287\n|move|p1a: Lanturn|Thunder Wave|p2a: Cryogonal\n|-status|p2a: Cryogonal|par\n|\n|-weather|none\n|upkeep\n|turn|24\n|\n|t:|1781383080\n|move|p1a: Lanturn|Thunderbolt|p2a: Cryogonal\n|-damage|p2a: Cryogonal|93/287 par\n|cant|p2a: Cryogonal|par\n|\n|upkeep\n|turn|25\n|\n|t:|1781383086\n|move|p1a: Lanturn|Volt Switch|p2a: Cryogonal\n|-damage|p2a: Cryogonal|44/287 par\n|\n|t:|1781383090\n|switch|p1a: Bombirdier|Bombirdier, L85, F|88/258|[from] Volt Switch\n|move|p2a: Cryogonal|Recover|p2a: Cryogonal\n|-heal|p2a: Cryogonal|188/287 par\n|\n|upkeep\n|turn|26\n|\n|t:|1781383097\n|move|p1a: Bombirdier|Brave Bird|p2a: Cryogonal\n|-damage|p2a: Cryogonal|4/287 par\n|-damage|p1a: Bombirdier|27/258|[from] Recoil\n|cant|p2a: Cryogonal|par\n|\n|upkeep\n|turn|27\n|\n|t:|1781383104\n|switch|p2a: Ditto|Ditto, L87|196/225\n|-transform|p2a: Ditto|p1a: Bombirdier|[from] ability: Imposter\n|move|p1a: Bombirdier|Knock Off|p2a: Ditto\n|-resisted|p2a: Ditto\n|-damage|p2a: Ditto|141/225\n|-enditem|p2a: Ditto|Choice Scarf|[from] move: Knock Off|[of] p1a: Bombirdier\n|\n|upkeep\n|turn|28\n|\n|t:|1781383111\n|move|p1a: Bombirdier|Brave Bird|p2a: Ditto\n|-damage|p2a: Ditto|9/225\n|-damage|p1a: Bombirdier|0 fnt|[from] Recoil\n|faint|p1a: Bombirdier\n|move|p2a: Ditto|Stealth Rock|p1: Bombirdier\n|-sidestart|p1: rhinoshark007|move: Stealth Rock\n|\n|upkeep\n|\n|t:|1781383115\n|switch|p1a: Lanturn|Lanturn, L89, M|278/367\n|turn|29\n|\n|t:|1781383125\n|move|p2a: Ditto|Roost|p2a: Ditto\n|-heal|p2a: Ditto|122/225\n|-singleturn|p2a: Ditto|move: Roost\n|move|p1a: Lanturn|Thunderbolt|p2a: Ditto\n|-damage|p2a: Ditto|26/225\n|\n|upkeep\n|turn|30\n|\n|t:|1781383143\n|move|p2a: Ditto|Roost|p2a: Ditto\n|-heal|p2a: Ditto|139/225\n|-singleturn|p2a: Ditto|move: Roost\n|move|p1a: Lanturn|Thunderbolt|p2a: Ditto\n|-damage|p2a: Ditto|48/225\n|\n|upkeep\n|turn|31\n|\n|t:|1781383150\n|move|p2a: Ditto|Roost|p2a: Ditto\n|-heal|p2a: Ditto|161/225\n|-singleturn|p2a: Ditto|move: Roost\n|move|p1a: Lanturn|Thunderbolt|p2a: Ditto\n|-damage|p2a: Ditto|74/225\n|\n|upkeep\n|turn|32\n|\n|t:|1781383153\n|move|p2a: Ditto|Roost|p2a: Ditto\n|-heal|p2a: Ditto|187/225\n|-singleturn|p2a: Ditto|move: Roost\n|move|p1a: Lanturn|Thunderbolt|p2a: Ditto\n|-damage|p2a: Ditto|94/225\n|\n|upkeep\n|turn|33\n|\n|t:|1781383156\n|move|p2a: Ditto|Roost|p2a: Ditto\n|-heal|p2a: Ditto|207/225\n|-singleturn|p2a: Ditto|move: Roost\n|move|p1a: Lanturn|Thunderbolt|p2a: Ditto\n|-damage|p2a: Ditto|117/225\n|\n|upkeep\n|turn|34\n|\n|t:|1781383160\n|move|p2a: Ditto|Knock Off|p1a: Lanturn\n|-damage|p1a: Lanturn|139/367\n|-enditem|p1a: Lanturn|Heavy-Duty Boots|[from] move: Knock Off|[of] p2a: Ditto\n|move|p1a: Lanturn|Thunderbolt|p2a: Ditto\n|-supereffective|p2a: Ditto\n|-damage|p2a: Ditto|0 fnt\n|faint|p2a: Ditto\n|\n|upkeep\n|-message|Red Skies forfeited.\n|\n|win|rhinoshark007\n", "uploadtime": 1781382880, "views": 7, "formatid": "gen9randombattle", "rating": null, "private": 0, "password": null}