{"id": "gen9randombattle-2631957123", "format": "[Gen 9] Random Battle", "players": ["TTeTyLLloK", "good pork"], "log": "|j|\u2606TTeTyLLloK\n|j|\u2606good pork\n|t:|1781459801\n|gametype|singles\n|player|p1|TTeTyLLloK|bruno|1995\n|player|p2|good pork|ghetsis-gen5bw|2079\n|gen|9\n|tier|[Gen 9] Random Battle\n|rated|\n|rule|Species Clause: Limit one of each Pok\u00e9mon\n|rule|HP Percentage Mod: HP is shown in percentages\n|rule|Sleep Clause Mod: Limit one foe put to sleep\n|rule|Illusion Level Mod: Illusion disguises the Pok\u00e9mon's true level\n|\n|t:|1781459801\n|teamsize|p1|6\n|teamsize|p2|6\n|start\n|switch|p1a: Amoonguss|Amoonguss, L82, F|321/321\n|switch|p2a: Sandy Shocks|Sandy Shocks, L80|267/267\n|turn|1\n|inactive|Battle timer is ON: inactive players will automatically lose when time's up. (requested by TTeTyLLloK)\n|\n|t:|1781459809\n|move|p2a: Sandy Shocks|Stealth Rock|p1a: Amoonguss\n|-sidestart|p1: TTeTyLLloK|move: Stealth Rock\n|move|p1a: Amoonguss|Giga Drain|p2a: Sandy Shocks\n|-supereffective|p2a: Sandy Shocks\n|-damage|p2a: Sandy Shocks|111/267\n|\n|-heal|p2a: Sandy Shocks|127/267|[from] item: Leftovers\n|upkeep\n|turn|2\n|\n|t:|1781459819\n|move|p2a: Sandy Shocks|Thunder Wave|p1a: Amoonguss\n|-status|p1a: Amoonguss|par\n|move|p1a: Amoonguss|Giga Drain|p2a: Sandy Shocks\n|-supereffective|p2a: Sandy Shocks\n|-damage|p2a: Sandy Shocks|0 fnt\n|faint|p2a: Sandy Shocks\n|-end|p2a: Sandy Shocks|Protosynthesis|[silent]\n|\n|upkeep\n|\n|t:|1781459825\n|switch|p2a: Hydreigon|Hydreigon, L79, F|275/275\n|turn|3\n|\n|t:|1781459829\n|move|p2a: Hydreigon|Dark Pulse|p1a: Amoonguss\n|-damage|p1a: Amoonguss|188/321 par\n|-damage|p2a: Hydreigon|248/275|[from] item: Life Orb\n|cant|p1a: Amoonguss|flinch\n|\n|upkeep\n|turn|4\n|\n|t:|1781459854\n|move|p2a: Hydreigon|Draco Meteor|p1a: Amoonguss\n|-damage|p1a: Amoonguss|0 fnt\n|-unboost|p2a: Hydreigon|spa|2\n|faint|p1a: Amoonguss\n|-damage|p2a: Hydreigon|221/275|[from] item: Life Orb\n|\n|upkeep\n|\n|t:|1781459859\n|switch|p1a: Iron Treads|Iron Treads, L77|265/265\n|-damage|p1a: Iron Treads|257/265|[from] Stealth Rock\n|turn|5\n|\n|t:|1781459866\n|switch|p2a: Vaporeon|Vaporeon, L86, M|364/364\n|move|p1a: Iron Treads|Rapid Spin|p2a: Vaporeon\n|-damage|p2a: Vaporeon|322/364\n|-boost|p1a: Iron Treads|spe|1\n|-sideend|p1: TTeTyLLloK|Stealth Rock|[from] move: Rapid Spin|[of] p1a: Iron Treads\n|\n|-heal|p1a: Iron Treads|265/265|[from] item: Leftovers\n|-heal|p2a: Vaporeon|344/364|[from] item: Leftovers\n|upkeep\n|turn|6\n|\n|t:|1781459890\n|-end|p1a: Iron Treads|Quark Drive|[silent]\n|switch|p1a: Dragonite|Dragonite, L74, F|257/257\n|move|p2a: Vaporeon|Scald|p1a: Dragonite\n|-resisted|p1a: Dragonite\n|-damage|p1a: Dragonite|233/257\n|-status|p1a: Dragonite|brn\n|\n|-heal|p2a: Vaporeon|364/364|[from] item: Leftovers\n|-damage|p1a: Dragonite|217/257 brn|[from] brn\n|upkeep\n|turn|7\n|\n|t:|1781459896\n|move|p2a: Vaporeon|Wish|p2a: Vaporeon\n|move|p1a: Dragonite|Dragon Dance|p1a: Dragonite\n|-boost|p1a: Dragonite|atk|1\n|-boost|p1a: Dragonite|spe|1\n|\n|-damage|p1a: Dragonite|201/257 brn|[from] brn\n|upkeep\n|turn|8\n|\n|t:|1781459899\n|move|p1a: Dragonite|Dragon Dance|p1a: Dragonite\n|-boost|p1a: Dragonite|atk|1\n|-boost|p1a: Dragonite|spe|1\n|move|p2a: Vaporeon|Haze|p2a: Vaporeon\n|-clearallboost\n|\n|-damage|p1a: Dragonite|185/257 brn|[from] brn\n|upkeep\n|turn|9\n|\n|t:|1781459902\n|move|p2a: Vaporeon|Scald|p1a: Dragonite\n|-resisted|p1a: Dragonite\n|-damage|p1a: Dragonite|134/257 brn\n|move|p1a: Dragonite|Dragon Dance|p1a: Dragonite\n|-boost|p1a: Dragonite|atk|1\n|-boost|p1a: Dragonite|spe|1\n|\n|-damage|p1a: Dragonite|118/257 brn|[from] brn\n|upkeep\n|turn|10\n|\n|t:|1781459907\n|move|p1a: Dragonite|Outrage|p2a: Vaporeon\n|-damage|p2a: Vaporeon|235/364\n|move|p2a: Vaporeon|Haze|p2a: Vaporeon\n|-clearallboost\n|\n|-heal|p2a: Vaporeon|257/364|[from] item: Leftovers\n|-damage|p1a: Dragonite|102/257 brn|[from] brn\n|upkeep\n|turn|11\n|\n|t:|1781459911\n|move|p1a: Dragonite|Outrage|p2a: Vaporeon|[from] lockedmove\n|-damage|p2a: Vaporeon|170/364\n|-start|p1a: Dragonite|confusion|[fatigue]\n|move|p2a: Vaporeon|Wish|p2a: Vaporeon\n|\n|-heal|p2a: Vaporeon|192/364|[from] item: Leftovers\n|-damage|p1a: Dragonite|86/257 brn|[from] brn\n|upkeep\n|turn|12\n|\n|t:|1781459924\n|move|p2a: Vaporeon|Scald|p1a: Dragonite\n|-resisted|p1a: Dragonite\n|-damage|p1a: Dragonite|32/257 brn\n|-activate|p1a: Dragonite|confusion\n|-damage|p1a: Dragonite|0 fnt|[from] confusion\n|faint|p1a: Dragonite\n|\n|-heal|p2a: Vaporeon|364/364|[from] move: Wish|[wisher] Vaporeon\n|upkeep\n|\n|t:|1781459940\n|switch|p1a: Darkrai|Darkrai, L77|234/234\n|turn|13\n|\n|t:|1781459947\n|move|p1a: Darkrai|Nasty Plot|p1a: Darkrai\n|-boost|p1a: Darkrai|spa|2\n|move|p2a: Vaporeon|Haze|p2a: Vaporeon\n|-clearallboost\n|\n|upkeep\n|turn|14\n|\n|t:|1781459950\n|switch|p2a: Iron Bundle|Iron Bundle, L78|215/215\n|move|p1a: Darkrai|Nasty Plot|p1a: Darkrai\n|-boost|p1a: Darkrai|spa|2\n|\n|upkeep\n|turn|15\n|\n|t:|1781459955\n|move|p2a: Iron Bundle|Encore|p1a: Darkrai\n|-start|p1a: Darkrai|Encore\n|move|p1a: Darkrai|Nasty Plot|p1a: Darkrai\n|-boost|p1a: Darkrai|spa|2\n|\n|upkeep\n|turn|16\n|\n|t:|1781459974\n|switch|p1a: Iron Treads|Iron Treads, L77|265/265\n|move|p2a: Iron Bundle|Hydro Pump|p1a: Iron Treads\n|-supereffective|p1a: Iron Treads\n|-damage|p1a: Iron Treads|0 fnt\n|faint|p1a: Iron Treads\n|-end|p1a: Iron Treads|Quark Drive|[silent]\n|\n|upkeep\n|\n|t:|1781459990\n|switch|p1a: Emboar|Emboar, L84, F|322/322\n|turn|17\n|inactive|TTeTyLLloK has 120 seconds left.\n|\n|t:|1781460006\n|-terastallize|p1a: Emboar|Water\n|move|p2a: Iron Bundle|Flip Turn|p1a: Emboar\n|-resisted|p1a: Emboar\n|-damage|p1a: Emboar|294/322\n|\n|t:|1781460010\n|-end|p2a: Iron Bundle|Quark Drive|[silent]\n|switch|p2a: Vaporeon|Vaporeon, L86, M|364/364|[from] Flip Turn\n|move|p1a: Emboar|Close Combat|p2a: Vaporeon\n|-damage|p2a: Vaporeon|171/364\n|-unboost|p1a: Emboar|def|1\n|-unboost|p1a: Emboar|spd|1\n|\n|-heal|p2a: Vaporeon|193/364|[from] item: Leftovers\n|upkeep\n|turn|18\n|\n|t:|1781460018\n|move|p2a: Vaporeon|Scald|p1a: Emboar\n|-resisted|p1a: Emboar\n|-damage|p1a: Emboar|228/322\n|move|p1a: Emboar|Wild Charge|p2a: Vaporeon\n|-supereffective|p2a: Vaporeon\n|-damage|p2a: Vaporeon|0 fnt\n|faint|p2a: Vaporeon\n|-damage|p1a: Emboar|180/322|[from] Recoil\n|\n|upkeep\n|\n|t:|1781460024\n|switch|p2a: Iron Bundle|Iron Bundle, L78|215/215\n|turn|19\n|\n|t:|1781460030\n|switch|p1a: Klawf|Klawf, L90, F|272/272\n|move|p2a: Iron Bundle|Freeze-Dry|p1a: Klawf\n|-damage|p1a: Klawf|172/272\n|\n|upkeep\n|turn|20\n|\n|t:|1781460045\n|switch|p1a: Emboar|Emboar, L84, F, tera:Water|180/322\n|move|p2a: Iron Bundle|Hydro Pump|p1a: Emboar\n|-resisted|p1a: Emboar\n|-damage|p1a: Emboar|130/322\n|\n|upkeep\n|turn|21\n|\n|t:|1781460062\n|switch|p1a: Klawf|Klawf, L90, F|172/272\n|move|p2a: Iron Bundle|Freeze-Dry|p1a: Klawf\n|-damage|p1a: Klawf|61/272\n|-ability|p1a: Klawf|Anger Shell|boost\n|-boost|p1a: Klawf|atk|1\n|-boost|p1a: Klawf|spa|1\n|-boost|p1a: Klawf|spe|1\n|-unboost|p1a: Klawf|def|1\n|-unboost|p1a: Klawf|spd|1\n|\n|upkeep\n|turn|22\n|\n|t:|1781460065\n|-end|p2a: Iron Bundle|Quark Drive|[silent]\n|switch|p2a: Hydreigon|Hydreigon, L79, F|221/275\n|move|p1a: Klawf|Stone Edge|p2a: Hydreigon|[miss]\n|-miss|p1a: Klawf|p2a: Hydreigon\n|\n|upkeep\n|turn|23\n|\n|t:|1781460069\n|move|p1a: Klawf|Stone Edge|p2a: Hydreigon\n|-damage|p2a: Hydreigon|17/275\n|move|p2a: Hydreigon|Dark Pulse|p1a: Klawf\n|-damage|p1a: Klawf|0 fnt\n|faint|p1a: Klawf\n|-damage|p2a: Hydreigon|0 fnt|[from] item: Life Orb\n|faint|p2a: Hydreigon\n|\n|upkeep\n|\n|t:|1781460075\n|switch|p2a: Greedent|Greedent, L86, F|347/347\n|switch|p1a: Darkrai|Darkrai, L77|234/234\n|turn|24\n|\n|t:|1781460079\n|move|p1a: Darkrai|Dark Pulse|p2a: Greedent\n|-damage|p2a: Greedent|203/347\n|-damage|p1a: Darkrai|211/234|[from] item: Life Orb\n|move|p2a: Greedent|Body Slam|p1a: Darkrai\n|-damage|p1a: Darkrai|112/234\n|-status|p1a: Darkrai|par\n|\n|upkeep\n|turn|25\n|-message|TTeTyLLloK forfeited.\n|\n|win|good pork\n", "uploadtime": 1781459803, "views": 5, "formatid": "gen9randombattle", "rating": null, "private": 0, "password": null}