{"id": "gen9randombattle-2631846642", "format": "[Gen 9] Random Battle", "players": ["RedDudeN64", "PlizComeToBrazil"], "log": "|j|\u2606RedDudeN64\n|j|\u2606PlizComeToBrazil\n|t:|1781447562\n|gametype|singles\n|player|p1|RedDudeN64|red|2161\n|player|p2|PlizComeToBrazil|102|2189\n|gen|9\n|tier|[Gen 9] Random Battle\n|rated|\n|rule|Species Clause: Limit one of each Pok\u00e9mon\n|rule|HP Percentage Mod: HP is shown in percentages\n|rule|Sleep Clause Mod: Limit one foe put to sleep\n|rule|Illusion Level Mod: Illusion disguises the Pok\u00e9mon's true level\n|\n|t:|1781447563\n|teamsize|p1|6\n|teamsize|p2|6\n|start\n|switch|p1a: Gliscor|Gliscor, L76, M|239/239\n|switch|p2a: Heatran|Heatran, L79, F|273/273\n|-item|p2a: Heatran|Air Balloon\n|turn|1\n|inactive|Battle timer is ON: inactive players will automatically lose when time's up. (requested by PlizComeToBrazil)\n|\n|t:|1781447578\n|move|p1a: Gliscor|Knock Off|p2a: Heatran\n|-damage|p2a: Heatran|225/273\n|-enditem|p2a: Heatran|Air Balloon\n|move|p2a: Heatran|Lava Plume|p1a: Gliscor\n|-crit|p1a: Gliscor\n|-damage|p1a: Gliscor|53/239\n|\n|-status|p1a: Gliscor|tox|[from] item: Toxic Orb\n|upkeep\n|turn|2\n|\n|t:|1781447592\n|switch|p2a: Mamoswine|Mamoswine, L81, F|311/311\n|move|p1a: Gliscor|Protect||[still]\n|-fail|p1a: Gliscor\n|\n|-heal|p1a: Gliscor|82/239 tox|[from] ability: Poison Heal\n|upkeep\n|turn|3\n|\n|t:|1781447607\n|move|p1a: Gliscor|Protect|p1a: Gliscor\n|-singleturn|p1a: Gliscor|Protect\n|move|p2a: Mamoswine|Ice Shard|p1a: Gliscor\n|-activate|p1a: Gliscor|move: Protect\n|\n|-heal|p1a: Gliscor|111/239 tox|[from] ability: Poison Heal\n|upkeep\n|turn|4\n|\n|t:|1781447624\n|switch|p1a: Quaquaval|Quaquaval, L79, M|264/264\n|switch|p2a: Heatran|Heatran, L79, F|225/273\n|\n|upkeep\n|turn|5\n|\n|t:|1781447632\n|switch|p2a: Wigglytuff|Wigglytuff, L96, M|424/424\n|move|p1a: Quaquaval|Close Combat|p2a: Wigglytuff\n|-damage|p2a: Wigglytuff|204/424\n|-unboost|p1a: Quaquaval|def|1\n|-unboost|p1a: Quaquaval|spd|1\n|-damage|p1a: Quaquaval|238/264|[from] item: Life Orb\n|\n|-heal|p2a: Wigglytuff|230/424|[from] item: Leftovers\n|upkeep\n|turn|6\n|\n|t:|1781447647\n|move|p2a: Wigglytuff|Protect|p2a: Wigglytuff\n|-singleturn|p2a: Wigglytuff|Protect\n|move|p1a: Quaquaval|Swords Dance|p1a: Quaquaval\n|-boost|p1a: Quaquaval|atk|2\n|\n|-heal|p2a: Wigglytuff|256/424|[from] item: Leftovers\n|upkeep\n|turn|7\n|\n|t:|1781447662\n|switch|p2a: Necrozma|Necrozma, L80|286/286\n|move|p1a: Quaquaval|Aqua Step|p2a: Necrozma\n|-damage|p2a: Necrozma|56/286\n|-boost|p1a: Quaquaval|spe|1\n|-damage|p1a: Quaquaval|212/264|[from] item: Life Orb\n|\n|-heal|p2a: Necrozma|73/286|[from] item: Leftovers\n|upkeep\n|turn|8\n|\n|t:|1781447684\n|switch|p2a: Conkeldurr|Conkeldurr, L80, M|299/299\n|move|p1a: Quaquaval|Aqua Step|p2a: Conkeldurr\n|-damage|p2a: Conkeldurr|52/299\n|-boost|p1a: Quaquaval|spe|1\n|-damage|p1a: Quaquaval|186/264|[from] item: Life Orb\n|\n|-status|p2a: Conkeldurr|brn|[from] item: Flame Orb\n|upkeep\n|turn|9\n|\n|t:|1781447695\n|switch|p1a: Gliscor|Gliscor, L76, M|111/239 tox\n|move|p2a: Conkeldurr|Mach Punch|p1a: Gliscor\n|-resisted|p1a: Gliscor\n|-damage|p1a: Gliscor|78/239 tox\n|\n|-heal|p1a: Gliscor|107/239 tox|[from] ability: Poison Heal\n|-damage|p2a: Conkeldurr|34/299 brn|[from] brn\n|upkeep\n|turn|10\n|inactive|PlizComeToBrazil has 120 seconds left.\n|\n|t:|1781447711\n|switch|p2a: Mamoswine|Mamoswine, L81, F|311/311\n|move|p1a: Gliscor|Toxic Spikes|p2a: Mamoswine\n|-sidestart|p2: PlizComeToBrazil|move: Toxic Spikes\n|\n|-heal|p1a: Gliscor|136/239 tox|[from] ability: Poison Heal\n|upkeep\n|turn|11\n|inactive|PlizComeToBrazil has 120 seconds left.\n|\n|t:|1781447732\n|move|p1a: Gliscor|Protect|p1a: Gliscor\n|-singleturn|p1a: Gliscor|Protect\n|move|p2a: Mamoswine|Icicle Crash|p1a: Gliscor\n|-activate|p1a: Gliscor|move: Protect\n|\n|-heal|p1a: Gliscor|165/239 tox|[from] ability: Poison Heal\n|upkeep\n|turn|12\n|\n|t:|1781447743\n|move|p1a: Gliscor|Toxic Spikes|p2a: Mamoswine\n|-sidestart|p2: PlizComeToBrazil|move: Toxic Spikes\n|move|p2a: Mamoswine|Icicle Crash|p1a: Gliscor\n|-supereffective|p1a: Gliscor\n|-damage|p1a: Gliscor|0 fnt\n|faint|p1a: Gliscor\n|\n|upkeep\n|\n|t:|1781447749\n|switch|p1a: Iron Moth|Iron Moth, L78|253/253\n|turn|13\n|\n|t:|1781447755\n|switch|p2a: Heatran|Heatran, L79, F|225/273\n|move|p1a: Iron Moth|Fiery Dance|p2a: Heatran\n|-start|p2a: Heatran|ability: Flash Fire\n|\n|upkeep\n|turn|14\n|\n|t:|1781447765\n|-end|p1a: Iron Moth|Quark Drive|[silent]\n|switch|p1a: Shiftry|Shiftry, L89, F|305/305\n|move|p2a: Heatran|Stealth Rock|p1a: Shiftry\n|-sidestart|p1: RedDudeN64|move: Stealth Rock\n|\n|upkeep\n|turn|15\n|\n|t:|1781447771\n|move|p1a: Shiftry|Knock Off|p2a: Heatran\n|-damage|p2a: Heatran|155/273\n|move|p2a: Heatran|Lava Plume|p1a: Shiftry\n|-supereffective|p1a: Shiftry\n|-damage|p1a: Shiftry|0 fnt\n|faint|p1a: Shiftry\n|\n|upkeep\n|\n|t:|1781447779\n|switch|p1a: Deoxys|Deoxys-Speed, L82|216/216\n|-damage|p1a: Deoxys|189/216|[from] Stealth Rock\n|-ability|p1a: Deoxys|Pressure\n|turn|16\n|\n|t:|1781447786\n|-terastallize|p2a: Heatran|Grass\n|move|p1a: Deoxys|Focus Blast|p2a: Heatran|[miss]\n|-miss|p1a: Deoxys|p2a: Heatran\n|move|p2a: Heatran|Lava Plume|p1a: Deoxys\n|-damage|p1a: Deoxys|50/216\n|-status|p1a: Deoxys|brn\n|\n|-damage|p1a: Deoxys|37/216 brn|[from] brn\n|upkeep\n|turn|17\n|\n|t:|1781447800\n|move|p1a: Deoxys|Psycho Boost|p2a: Heatran\n|-damage|p2a: Heatran|0 fnt\n|-unboost|p1a: Deoxys|spa|2\n|faint|p2a: Heatran\n|-damage|p1a: Deoxys|16/216 brn|[from] item: Life Orb\n|\n|-damage|p1a: Deoxys|3/216 brn|[from] brn\n|upkeep\n|\n|t:|1781447811\n|switch|p2a: Conkeldurr|Conkeldurr, L80, M|34/299 brn\n|turn|18\n|\n|t:|1781447816\n|move|p2a: Conkeldurr|Mach Punch|p1a: Deoxys\n|-resisted|p1a: Deoxys\n|-damage|p1a: Deoxys|0 fnt\n|faint|p1a: Deoxys\n|\n|-damage|p2a: Conkeldurr|16/299 brn|[from] brn\n|upkeep\n|\n|t:|1781447818\n|switch|p1a: Iron Moth|Iron Moth, L78|253/253\n|turn|19\n|\n|t:|1781447826\n|move|p2a: Conkeldurr|Mach Punch|p1a: Iron Moth\n|-resisted|p1a: Iron Moth\n|-damage|p1a: Iron Moth|196/253\n|move|p1a: Iron Moth|Fiery Dance|p2a: Conkeldurr\n|-damage|p2a: Conkeldurr|0 fnt\n|faint|p2a: Conkeldurr\n|\n|upkeep\n|\n|t:|1781447837\n|switch|p2a: Entei|Entei, L78|307/307\n|-status|p2a: Entei|tox\n|turn|20\n|\n|t:|1781447841\n|move|p1a: Iron Moth|Sludge Wave|p2a: Entei\n|-damage|p2a: Entei|157/307 tox\n|move|p2a: Entei|Stomping Tantrum|p1a: Iron Moth\n|-supereffective|p1a: Iron Moth\n|-damage|p1a: Iron Moth|0 fnt\n|faint|p1a: Iron Moth\n|-end|p1a: Iron Moth|Quark Drive|[silent]\n|\n|-damage|p2a: Entei|138/307 tox|[from] psn\n|upkeep\n|\n|t:|1781447849\n|switch|p1a: Quaquaval|Quaquaval, L79, M|186/264\n|-damage|p1a: Quaquaval|170/264|[from] Stealth Rock\n|turn|21\n|\n|t:|1781447869\n|move|p2a: Entei|Stomping Tantrum|p1a: Quaquaval\n|-damage|p1a: Quaquaval|77/264\n|move|p1a: Quaquaval|Aqua Step|p2a: Entei\n|-supereffective|p2a: Entei\n|-damage|p2a: Entei|0 fnt\n|-boost|p1a: Quaquaval|spe|1\n|faint|p2a: Entei\n|-ability|p1a: Quaquaval|Moxie|boost\n|-boost|p1a: Quaquaval|atk|1\n|-damage|p1a: Quaquaval|51/264|[from] item: Life Orb\n|\n|upkeep\n|inactive|PlizComeToBrazil has 120 seconds left.\n|\n|t:|1781447888\n|switch|p2a: Necrozma|Necrozma, L80|73/286\n|-status|p2a: Necrozma|tox\n|turn|22\n|\n|t:|1781447892\n|move|p1a: Quaquaval|Aqua Step|p2a: Necrozma\n|-damage|p2a: Necrozma|0 fnt\n|-boost|p1a: Quaquaval|spe|1\n|faint|p2a: Necrozma\n|-ability|p1a: Quaquaval|Moxie|boost\n|-boost|p1a: Quaquaval|atk|1\n|-damage|p1a: Quaquaval|25/264|[from] item: Life Orb\n|\n|upkeep\n|\n|t:|1781447904\n|switch|p2a: Mamoswine|Mamoswine, L81, F|311/311\n|-status|p2a: Mamoswine|tox\n|turn|23\n|\n|t:|1781447909\n|switch|p1a: Dragalge|Dragalge, L88, M|258/258\n|-damage|p1a: Dragalge|226/258|[from] Stealth Rock\n|move|p2a: Mamoswine|Ice Shard|p1a: Dragalge\n|-supereffective|p1a: Dragalge\n|-damage|p1a: Dragalge|80/258\n|\n|-damage|p2a: Mamoswine|292/311 tox|[from] psn\n|upkeep\n|turn|24\n|c|\u2606PlizComeToBrazil|?????\n|\n|t:|1781447923\n|-terastallize|p1a: Dragalge|Fighting\n|move|p2a: Mamoswine|Ice Shard|p1a: Dragalge\n|-damage|p1a: Dragalge|11/258\n|move|p1a: Dragalge|Focus Blast|p2a: Mamoswine\n|-supereffective|p2a: Mamoswine\n|-damage|p2a: Mamoswine|0 fnt\n|faint|p2a: Mamoswine\n|\n|upkeep\n|\n|t:|1781447933\n|switch|p2a: Wigglytuff|Wigglytuff, L96, M|256/424\n|-status|p2a: Wigglytuff|tox\n|turn|25\n|\n|t:|1781447939\n|move|p2a: Wigglytuff|Alluring Voice|p1a: Dragalge\n|-supereffective|p1a: Dragalge\n|-damage|p1a: Dragalge|0 fnt\n|faint|p1a: Dragalge\n|\n|-heal|p2a: Wigglytuff|282/424 tox|[from] item: Leftovers\n|-damage|p2a: Wigglytuff|256/424 tox|[from] psn\n|upkeep\n|\n|t:|1781447943\n|switch|p1a: Quaquaval|Quaquaval, L79, M|25/264\n|-damage|p1a: Quaquaval|9/264|[from] Stealth Rock\n|turn|26\n|\n|t:|1781447950\n|move|p1a: Quaquaval|Close Combat|p2a: Wigglytuff\n|-damage|p2a: Wigglytuff|32/424 tox\n|-unboost|p1a: Quaquaval|def|1\n|-unboost|p1a: Quaquaval|spd|1\n|-damage|p1a: Quaquaval|0 fnt|[from] item: Life Orb\n|faint|p1a: Quaquaval\n|\n|win|PlizComeToBrazil\n", "uploadtime": 1781447565, "views": 6, "formatid": "gen9randombattle", "rating": null, "private": 0, "password": null}