{"id": "gen9randombattle-2631864646", "format": "[Gen 9] Random Battle", "players": ["waifuslussy", "seijetechi"], "log": "|j|\u2606waifuslussy\n|j|\u2606seijetechi\n|t:|1781449651\n|gametype|singles\n|player|p1|waifuslussy|unknown|1953\n|player|p2|seijetechi|2|1949\n|gen|9\n|tier|[Gen 9] Random Battle\n|rated|\n|rule|Species Clause: Limit one of each Pok\u00e9mon\n|rule|HP Percentage Mod: HP is shown in percentages\n|rule|Sleep Clause Mod: Limit one foe put to sleep\n|rule|Illusion Level Mod: Illusion disguises the Pok\u00e9mon's true level\n|\n|t:|1781449651\n|teamsize|p1|6\n|teamsize|p2|6\n|start\n|switch|p1a: Okidogi|Okidogi, L77, M|262/262\n|switch|p2a: Zangoose|Zangoose, L85, F|263/263\n|turn|1\n|inactive|Battle timer is ON: inactive players will automatically lose when time's up. (requested by waifuslussy)\n|\n|t:|1781449678\n|switch|p2a: Flareon|Flareon, L90, F|263/263\n|move|p1a: Okidogi|Knock Off|p2a: Flareon\n|-damage|p2a: Flareon|173/263\n|-status|p2a: Flareon|tox|[from] ability: Toxic Chain|[of] p1a: Okidogi\n|-enditem|p2a: Flareon|Toxic Orb|[from] move: Knock Off|[of] p1a: Okidogi\n|\n|-damage|p2a: Flareon|157/263 tox|[from] psn\n|upkeep\n|turn|2\n|inactive|waifuslussy has 120 seconds left.\n|\n|t:|1781449710\n|switch|p1a: Rhydon|Rhydon, L85, F|317/317\n|move|p2a: Flareon|Flare Blitz|p1a: Rhydon\n|-resisted|p1a: Rhydon\n|-damage|p1a: Rhydon|242/317\n|-damage|p2a: Flareon|132/263 tox|[from] Recoil\n|\n|-damage|p2a: Flareon|100/263 tox|[from] psn\n|upkeep\n|turn|3\n|\n|t:|1781449720\n|move|p2a: Flareon|Trailblaze|p1a: Rhydon\n|-supereffective|p1a: Rhydon\n|-damage|p1a: Rhydon|86/317\n|-boost|p2a: Flareon|spe|1\n|move|p1a: Rhydon|Earthquake|p2a: Flareon\n|-supereffective|p2a: Flareon\n|-damage|p2a: Flareon|0 fnt\n|faint|p2a: Flareon\n|\n|upkeep\n|\n|t:|1781449739\n|switch|p2a: Primarina|Primarina, L83, F|268/268\n|turn|4\n|inactive|waifuslussy has 120 seconds left.\n|\n|t:|1781449766\n|switch|p1a: Kyogre|Kyogre, L71|259/259\n|-weather|RainDance|[from] ability: Drizzle|[of] p1a: Kyogre\n|move|p2a: Primarina|Sparkling Aria|p1a: Kyogre\n|-resisted|p1a: Kyogre\n|-damage|p1a: Kyogre|188/259\n|\n|-weather|RainDance|[upkeep]\n|-heal|p1a: Kyogre|204/259|[from] item: Leftovers\n|upkeep\n|turn|5\n|\n|t:|1781449780\n|switch|p2a: Zangoose|Zangoose, L85, F|263/263\n|move|p1a: Kyogre|Thunder|p2a: Zangoose\n|-damage|p2a: Zangoose|166/263\n|-status|p2a: Zangoose|par\n|\n|-weather|RainDance|[upkeep]\n|-heal|p1a: Kyogre|220/259|[from] item: Leftovers\n|upkeep\n|turn|6\n|\n|t:|1781449789\n|move|p1a: Kyogre|Origin Pulse|p2a: Zangoose\n|-damage|p2a: Zangoose|0 fnt\n|faint|p2a: Zangoose\n|\n|-weather|RainDance|[upkeep]\n|-heal|p1a: Kyogre|236/259|[from] item: Leftovers\n|upkeep\n|\n|t:|1781449798\n|switch|p2a: Glaceon|Glaceon, L94, F|275/275\n|turn|7\n|\n|t:|1781449804\n|switch|p1a: Rhydon|Rhydon, L85, F|86/317\n|move|p2a: Glaceon|Calm Mind|p2a: Glaceon\n|-boost|p2a: Glaceon|spa|1\n|-boost|p2a: Glaceon|spd|1\n|\n|-weather|RainDance|[upkeep]\n|upkeep\n|turn|8\n|\n|t:|1781449811\n|move|p2a: Glaceon|Freeze-Dry|p1a: Rhydon\n|-supereffective|p1a: Rhydon\n|-damage|p1a: Rhydon|0 fnt\n|faint|p1a: Rhydon\n|\n|-weather|none\n|upkeep\n|\n|t:|1781449817\n|switch|p1a: Okidogi|Okidogi, L77, M|262/262\n|turn|9\n|\n|t:|1781449821\n|-terastallize|p2a: Glaceon|Water\n|move|p2a: Glaceon|Calm Mind|p2a: Glaceon\n|-boost|p2a: Glaceon|spa|1\n|-boost|p2a: Glaceon|spd|1\n|move|p1a: Okidogi|Drain Punch|p2a: Glaceon\n|-damage|p2a: Glaceon|214/275\n|\n|upkeep\n|turn|10\n|\n|t:|1781449829\n|move|p2a: Glaceon|Freeze-Dry|p1a: Okidogi\n|-damage|p1a: Okidogi|13/262\n|move|p1a: Okidogi|Gunk Shot|p2a: Glaceon\n|-damage|p2a: Glaceon|108/275\n|\n|-heal|p1a: Okidogi|29/262|[from] item: Leftovers\n|upkeep\n|turn|11\n|\n|t:|1781449837\n|move|p2a: Glaceon|Wish|p2a: Glaceon\n|move|p1a: Okidogi|Drain Punch|p2a: Glaceon\n|-damage|p2a: Glaceon|48/275\n|-heal|p1a: Okidogi|59/262|[from] drain|[of] p2a: Glaceon\n|-status|p2a: Glaceon|tox|[from] ability: Toxic Chain|[of] p1a: Okidogi\n|\n|-heal|p1a: Okidogi|75/262|[from] item: Leftovers\n|-damage|p2a: Glaceon|31/275 tox|[from] psn\n|upkeep\n|turn|12\n|\n|t:|1781449847\n|move|p2a: Glaceon|Freeze-Dry|p1a: Okidogi\n|-damage|p1a: Okidogi|0 fnt\n|faint|p1a: Okidogi\n|\n|-heal|p2a: Glaceon|168/275 tox|[from] move: Wish|[wisher] Glaceon\n|-damage|p2a: Glaceon|134/275 tox|[from] psn\n|upkeep\n|\n|t:|1781449849\n|switch|p1a: Morpeko|Morpeko, L88, F|245/245\n|turn|13\n|\n|t:|1781449863\n|move|p2a: Glaceon|Protect|p2a: Glaceon\n|-singleturn|p2a: Glaceon|Protect\n|move|p1a: Morpeko|Aura Wheel|p2a: Glaceon\n|-activate|p2a: Glaceon|move: Protect\n|\n|-damage|p2a: Glaceon|83/275 tox|[from] psn\n|-formechange|p1a: Morpeko|Morpeko-Hangry||[from] ability: Hunger Switch\n|upkeep\n|turn|14\n|\n|t:|1781449871\n|move|p1a: Morpeko|Protect|p1a: Morpeko\n|-singleturn|p1a: Morpeko|Protect\n|move|p2a: Glaceon|Freeze-Dry|p1a: Morpeko\n|-activate|p1a: Morpeko|move: Protect\n|\n|-damage|p2a: Glaceon|15/275 tox|[from] psn\n|-formechange|p1a: Morpeko|Morpeko||[from] ability: Hunger Switch\n|upkeep\n|turn|15\n|\n|t:|1781449880\n|move|p1a: Morpeko|Aura Wheel|p2a: Glaceon\n|-supereffective|p2a: Glaceon\n|-damage|p2a: Glaceon|0 fnt\n|-boost|p1a: Morpeko|spe|1\n|faint|p2a: Glaceon\n|\n|-formechange|p1a: Morpeko|Morpeko-Hangry||[from] ability: Hunger Switch\n|upkeep\n|\n|t:|1781449887\n|switch|p2a: Arceus|Arceus-Fighting, L70|284/284\n|turn|16\n|\n|t:|1781449894\n|move|p1a: Morpeko|Parting Shot|p2a: Arceus\n|-unboost|p2a: Arceus|atk|1\n|-unboost|p2a: Arceus|spa|1\n|\n|t:|1781449898\n|switch|p1a: Kyogre|Kyogre, L71|236/259|[from] Parting Shot\n|-weather|RainDance|[from] ability: Drizzle|[of] p1a: Kyogre\n|move|p2a: Arceus|Iron Defense|p2a: Arceus\n|-boost|p2a: Arceus|def|2\n|\n|-weather|RainDance|[upkeep]\n|-heal|p1a: Kyogre|252/259|[from] item: Leftovers\n|upkeep\n|turn|17\n|\n|t:|1781449912\n|switch|p2a: Primarina|Primarina, L83, F|268/268\n|move|p1a: Kyogre|Thunder|p2a: Primarina\n|-supereffective|p2a: Primarina\n|-damage|p2a: Primarina|128/268\n|\n|-weather|RainDance|[upkeep]\n|-heal|p1a: Kyogre|259/259|[from] item: Leftovers\n|-heal|p2a: Primarina|144/268|[from] item: Leftovers\n|upkeep\n|turn|18\n|\n|t:|1781449923\n|-terastallize|p1a: Kyogre|Electric\n|move|p1a: Kyogre|Thunder|p2a: Primarina\n|-supereffective|p2a: Primarina\n|-damage|p2a: Primarina|0 fnt\n|faint|p2a: Primarina\n|\n|-weather|RainDance|[upkeep]\n|upkeep\n|\n|t:|1781449931\n|switch|p2a: Jumpluff|Jumpluff, L87, M|271/271\n|turn|19\n|\n|t:|1781449939\n|move|p2a: Jumpluff|Leech Seed|p1a: Kyogre\n|-start|p1a: Kyogre|move: Leech Seed\n|move|p1a: Kyogre|Ice Beam|p2a: Jumpluff\n|-supereffective|p2a: Jumpluff\n|-damage|p2a: Jumpluff|51/271\n|\n|-weather|RainDance|[upkeep]\n|-damage|p1a: Kyogre|227/259|[from] Leech Seed|[of] p2a: Jumpluff\n|-heal|p2a: Jumpluff|83/271|[silent]\n|upkeep\n|turn|20\n|\n|t:|1781449947\n|switch|p1a: Morpeko|Morpeko, L88, F|245/245\n|move|p2a: Jumpluff|Strength Sap|p1a: Morpeko\n|-unboost|p1a: Morpeko|atk|1\n|-heal|p2a: Jumpluff|271/271\n|\n|-weather|none\n|-formechange|p1a: Morpeko|Morpeko-Hangry||[from] ability: Hunger Switch\n|upkeep\n|turn|21\n|\n|t:|1781449957\n|move|p2a: Jumpluff|Leech Seed|p1a: Morpeko\n|-start|p1a: Morpeko|move: Leech Seed\n|move|p1a: Morpeko|Aura Wheel|p2a: Jumpluff\n|-damage|p2a: Jumpluff|177/271\n|-boost|p1a: Morpeko|spe|1\n|\n|-damage|p1a: Morpeko|215/245|[from] Leech Seed|[of] p2a: Jumpluff\n|-heal|p2a: Jumpluff|207/271|[silent]\n|-formechange|p1a: Morpeko|Morpeko||[from] ability: Hunger Switch\n|upkeep\n|turn|22\n|\n|t:|1781449967\n|move|p1a: Morpeko|Aura Wheel|p2a: Jumpluff\n|-damage|p2a: Jumpluff|102/271\n|-boost|p1a: Morpeko|spe|1\n|move|p2a: Jumpluff|Substitute|p2a: Jumpluff\n|-start|p2a: Jumpluff|Substitute\n|-damage|p2a: Jumpluff|35/271\n|\n|-damage|p1a: Morpeko|185/245|[from] Leech Seed|[of] p2a: Jumpluff\n|-heal|p2a: Jumpluff|65/271|[silent]\n|-formechange|p1a: Morpeko|Morpeko-Hangry||[from] ability: Hunger Switch\n|upkeep\n|turn|23\n|\n|t:|1781449978\n|move|p1a: Morpeko|Parting Shot|p2a: Jumpluff\n|-unboost|p2a: Jumpluff|atk|1\n|-unboost|p2a: Jumpluff|spa|1\n|\n|t:|1781449980\n|switch|p1a: Falinks|Falinks, L84|246/246|[from] Parting Shot\n|move|p2a: Jumpluff|Strength Sap|p1a: Falinks\n|-unboost|p1a: Falinks|atk|1\n|-ability|p1a: Falinks|Defiant|boost\n|-boost|p1a: Falinks|atk|2\n|-heal|p2a: Jumpluff|271/271\n|\n|upkeep\n|turn|24\n|\n|t:|1781449991\n|move|p2a: Jumpluff|Leech Seed|p1a: Falinks\n|-start|p1a: Falinks|move: Leech Seed\n|move|p1a: Falinks|No Retreat|p1a: Falinks\n|-boost|p1a: Falinks|atk|1\n|-boost|p1a: Falinks|def|1\n|-boost|p1a: Falinks|spa|1\n|-boost|p1a: Falinks|spd|1\n|-boost|p1a: Falinks|spe|1\n|-start|p1a: Falinks|move: No Retreat\n|\n|-damage|p1a: Falinks|216/246|[from] Leech Seed|[of] p2a: Jumpluff\n|upkeep\n|turn|25\n|\n|t:|1781450001\n|move|p1a: Falinks|Iron Head|p2a: Jumpluff\n|-end|p2a: Jumpluff|Substitute\n|-damage|p1a: Falinks|192/246|[from] item: Life Orb\n|move|p2a: Jumpluff|Substitute|p2a: Jumpluff\n|-start|p2a: Jumpluff|Substitute\n|-damage|p2a: Jumpluff|204/271\n|\n|-damage|p1a: Falinks|162/246|[from] Leech Seed|[of] p2a: Jumpluff\n|-heal|p2a: Jumpluff|234/271|[silent]\n|upkeep\n|turn|26\n|\n|t:|1781450011\n|move|p1a: Falinks|No Retreat||[still]\n|-fail|p1a: Falinks\n|move|p2a: Jumpluff|Substitute|p2a: Jumpluff\n|-fail|p2a: Jumpluff|move: Substitute\n|\n|-damage|p1a: Falinks|132/246|[from] Leech Seed|[of] p2a: Jumpluff\n|-heal|p2a: Jumpluff|264/271|[silent]\n|upkeep\n|turn|27\n|-message|waifuslussy forfeited.\n|\n|win|seijetechi\n", "uploadtime": 1781449652, "views": 3, "formatid": "gen9randombattle", "rating": null, "private": 0, "password": null}