{"id": "gen9randombattle-2631932037", "format": "[Gen 9] Random Battle", "players": ["DungBeetleEnjoyer", "oat consumer"], "log": "|j|\u2606DungBeetleEnjoyer\n|j|\u2606oat consumer\n|t:|1781457031\n|gametype|singles\n|player|p1|DungBeetleEnjoyer|swimmer-gen4|2020\n|player|p2|oat consumer|miku-ground|1973\n|gen|9\n|tier|[Gen 9] Random Battle\n|rated|\n|rule|Species Clause: Limit one of each Pok\u00e9mon\n|rule|HP Percentage Mod: HP is shown in percentages\n|rule|Sleep Clause Mod: Limit one foe put to sleep\n|rule|Illusion Level Mod: Illusion disguises the Pok\u00e9mon's true level\n|\n|t:|1781457031\n|teamsize|p1|6\n|teamsize|p2|6\n|start\n|switch|p1a: Misdreavus|Misdreavus, L90, F|254/254\n|switch|p2a: Oricorio|Oricorio-Pom-Pom, L82, M|257/257\n|turn|1\n|inactive|Battle timer is ON: inactive players will automatically lose when time's up. (requested by DungBeetleEnjoyer)\n|inactive|oat consumer has 120 seconds left.\n|c|\u2606oat consumer|uhh\n|inactive|oat consumer has 90 seconds left.\n|\n|t:|1781457137\n|switch|p2a: Samurott|Samurott, L88, M|310/310\n|move|p1a: Misdreavus|Will-O-Wisp|p2a: Samurott\n|-status|p2a: Samurott|brn\n|\n|-damage|p2a: Samurott|291/310 brn|[from] brn\n|upkeep\n|turn|2\n|\n|t:|1781457152\n|switch|p1a: Leafeon|Leafeon, L88, M|258/258\n|move|p2a: Samurott|Swords Dance|p2a: Samurott\n|-boost|p2a: Samurott|atk|2\n|\n|-damage|p2a: Samurott|272/310 brn|[from] brn\n|upkeep\n|turn|3\n|\n|t:|1781457169\n|switch|p2a: Oricorio|Oricorio-Pom-Pom, L82, M|257/257\n|move|p1a: Leafeon|Swords Dance|p1a: Leafeon\n|-boost|p1a: Leafeon|atk|2\n|-activate|p2a: Oricorio|ability: Dancer\n|move|p2a: Oricorio|Swords Dance|p2a: Oricorio|[from] ability: Dancer\n|-boost|p2a: Oricorio|atk|2\n|\n|upkeep\n|turn|4\n|\n|t:|1781457191\n|switch|p2a: Samurott|Samurott, L88, M|272/310 brn\n|move|p1a: Leafeon|Double-Edge|p2a: Samurott\n|-damage|p2a: Samurott|57/310 brn\n|-damage|p1a: Leafeon|187/258|[from] Recoil\n|\n|-heal|p1a: Leafeon|203/258|[from] item: Leftovers\n|-damage|p2a: Samurott|38/310 brn|[from] brn\n|upkeep\n|turn|5\n|\n|t:|1781457197\n|move|p1a: Leafeon|Leaf Blade|p2a: Samurott\n|-supereffective|p2a: Samurott\n|-damage|p2a: Samurott|0 fnt\n|faint|p2a: Samurott\n|\n|-heal|p1a: Leafeon|219/258|[from] item: Leftovers\n|upkeep\n|inactive|oat consumer has 120 seconds left.\n|\n|t:|1781457233\n|switch|p2a: Cinccino|Cinccino, L83, F|260/260\n|turn|6\n|\n|t:|1781457246\n|-terastallize|p2a: Cinccino|Ice\n|move|p2a: Cinccino|Triple Axel|p1a: Leafeon\n|-supereffective|p1a: Leafeon\n|-damage|p1a: Leafeon|175/258\n|-supereffective|p1a: Leafeon\n|-damage|p1a: Leafeon|89/258\n|-supereffective|p1a: Leafeon\n|-damage|p1a: Leafeon|0 fnt\n|faint|p1a: Leafeon\n|-hitcount|p1: Leafeon|3\n|\n|upkeep\n|\n|t:|1781457262\n|switch|p1a: Skarmory|Skarmory, L80, F|235/235\n|turn|7\n|\n|t:|1781457276\n|switch|p2a: Oricorio|Oricorio-Pom-Pom, L82, M|257/257\n|move|p1a: Skarmory|Iron Defense|p1a: Skarmory\n|-boost|p1a: Skarmory|def|2\n|\n|upkeep\n|turn|8\n|\n|t:|1781457288\n|switch|p1a: Raikou|Raikou, L81|278/278\n|-ability|p1a: Raikou|Pressure\n|move|p2a: Oricorio|Quiver Dance|p2a: Oricorio\n|-boost|p2a: Oricorio|spa|1\n|-boost|p2a: Oricorio|spd|1\n|-boost|p2a: Oricorio|spe|1\n|\n|upkeep\n|turn|9\n|\n|t:|1781457311\n|move|p2a: Oricorio|Quiver Dance|p2a: Oricorio\n|-boost|p2a: Oricorio|spa|1\n|-boost|p2a: Oricorio|spd|1\n|-boost|p2a: Oricorio|spe|1\n|move|p1a: Raikou|Calm Mind|p1a: Raikou\n|-boost|p1a: Raikou|spa|1\n|-boost|p1a: Raikou|spd|1\n|\n|upkeep\n|turn|10\n|\n|t:|1781457316\n|move|p2a: Oricorio|Quiver Dance|p2a: Oricorio\n|-boost|p2a: Oricorio|spa|1\n|-boost|p2a: Oricorio|spd|1\n|-boost|p2a: Oricorio|spe|1\n|move|p1a: Raikou|Calm Mind|p1a: Raikou\n|-boost|p1a: Raikou|spa|1\n|-boost|p1a: Raikou|spd|1\n|\n|upkeep\n|turn|11\n|\n|t:|1781457319\n|move|p2a: Oricorio|Quiver Dance|p2a: Oricorio\n|-boost|p2a: Oricorio|spa|1\n|-boost|p2a: Oricorio|spd|1\n|-boost|p2a: Oricorio|spe|1\n|move|p1a: Raikou|Calm Mind|p1a: Raikou\n|-boost|p1a: Raikou|spa|1\n|-boost|p1a: Raikou|spd|1\n|\n|upkeep\n|turn|12\n|\n|t:|1781457324\n|move|p2a: Oricorio|Quiver Dance|p2a: Oricorio\n|-boost|p2a: Oricorio|spa|1\n|-boost|p2a: Oricorio|spd|1\n|-boost|p2a: Oricorio|spe|1\n|move|p1a: Raikou|Calm Mind|p1a: Raikou\n|-boost|p1a: Raikou|spa|1\n|-boost|p1a: Raikou|spd|1\n|\n|upkeep\n|turn|13\n|\n|t:|1781457325\n|move|p2a: Oricorio|Quiver Dance|p2a: Oricorio\n|-boost|p2a: Oricorio|spa|1\n|-boost|p2a: Oricorio|spd|1\n|-boost|p2a: Oricorio|spe|1\n|move|p1a: Raikou|Calm Mind|p1a: Raikou\n|-boost|p1a: Raikou|spa|1\n|-boost|p1a: Raikou|spd|1\n|\n|upkeep\n|turn|14\n|\n|t:|1781457330\n|move|p2a: Oricorio|Hurricane|p1a: Raikou|[miss]\n|-miss|p2a: Oricorio|p1a: Raikou\n|move|p1a: Raikou|Calm Mind|p1a: Raikou\n|-boost|p1a: Raikou|spa|1\n|-boost|p1a: Raikou|spd|1\n|\n|upkeep\n|turn|15\n|\n|t:|1781457332\n|move|p2a: Oricorio|Hurricane|p1a: Raikou|[miss]\n|-miss|p2a: Oricorio|p1a: Raikou\n|move|p1a: Raikou|Thunderbolt|p2a: Oricorio\n|-damage|p2a: Oricorio|124/257\n|\n|upkeep\n|turn|16\n|\n|t:|1781457336\n|move|p2a: Oricorio|Roost|p2a: Oricorio\n|-heal|p2a: Oricorio|253/257\n|-singleturn|p2a: Oricorio|move: Roost\n|move|p1a: Raikou|Thunderbolt|p2a: Oricorio\n|-resisted|p2a: Oricorio\n|-damage|p2a: Oricorio|194/257\n|\n|upkeep\n|turn|17\n|\n|t:|1781457340\n|move|p2a: Oricorio|Hurricane|p1a: Raikou\n|-resisted|p1a: Raikou\n|-damage|p1a: Raikou|224/278\n|-start|p1a: Raikou|confusion\n|-activate|p1a: Raikou|confusion\n|move|p1a: Raikou|Scald|p2a: Oricorio\n|-damage|p2a: Oricorio|124/257\n|\n|-heal|p1a: Raikou|241/278|[from] item: Leftovers\n|upkeep\n|turn|18\n|\n|t:|1781457343\n|move|p2a: Oricorio|Roost|p2a: Oricorio\n|-heal|p2a: Oricorio|253/257\n|-singleturn|p2a: Oricorio|move: Roost\n|-activate|p1a: Raikou|confusion\n|move|p1a: Raikou|Thunderbolt|p2a: Oricorio\n|-resisted|p2a: Oricorio\n|-damage|p2a: Oricorio|196/257\n|\n|-heal|p1a: Raikou|258/278|[from] item: Leftovers\n|upkeep\n|turn|19\n|\n|t:|1781457350\n|move|p2a: Oricorio|Revelation Dance|p1a: Raikou\n|-resisted|p1a: Raikou\n|-damage|p1a: Raikou|216/278\n|-activate|p1a: Raikou|confusion\n|-damage|p1a: Raikou|195/278|[from] confusion\n|\n|-heal|p1a: Raikou|212/278|[from] item: Leftovers\n|upkeep\n|turn|20\n|\n|t:|1781457354\n|move|p2a: Oricorio|Revelation Dance|p1a: Raikou\n|-resisted|p1a: Raikou\n|-damage|p1a: Raikou|169/278\n|-end|p1a: Raikou|confusion\n|move|p1a: Raikou|Scald|p2a: Oricorio\n|-damage|p2a: Oricorio|116/257\n|\n|-heal|p1a: Raikou|186/278|[from] item: Leftovers\n|upkeep\n|turn|21\n|\n|t:|1781457358\n|move|p2a: Oricorio|Roost|p2a: Oricorio\n|-heal|p2a: Oricorio|245/257\n|-singleturn|p2a: Oricorio|move: Roost\n|move|p1a: Raikou|Scald|p2a: Oricorio\n|-damage|p2a: Oricorio|169/257\n|\n|-heal|p1a: Raikou|203/278|[from] item: Leftovers\n|upkeep\n|turn|22\n|\n|t:|1781457362\n|move|p2a: Oricorio|Hurricane|p1a: Raikou\n|-resisted|p1a: Raikou\n|-damage|p1a: Raikou|154/278\n|move|p1a: Raikou|Thunderbolt|p2a: Oricorio\n|-damage|p2a: Oricorio|42/257\n|\n|-heal|p1a: Raikou|171/278|[from] item: Leftovers\n|upkeep\n|turn|23\n|\n|t:|1781457368\n|move|p2a: Oricorio|Roost|p2a: Oricorio\n|-heal|p2a: Oricorio|171/257\n|-singleturn|p2a: Oricorio|move: Roost\n|move|p1a: Raikou|Scald|p2a: Oricorio\n|-damage|p2a: Oricorio|101/257\n|-status|p2a: Oricorio|brn\n|\n|-heal|p1a: Raikou|188/278|[from] item: Leftovers\n|-damage|p2a: Oricorio|85/257 brn|[from] brn\n|upkeep\n|turn|24\n|\n|t:|1781457374\n|move|p2a: Oricorio|Roost|p2a: Oricorio\n|-heal|p2a: Oricorio|214/257 brn\n|-singleturn|p2a: Oricorio|move: Roost\n|move|p1a: Raikou|Scald|p2a: Oricorio\n|-damage|p2a: Oricorio|139/257 brn\n|\n|-heal|p1a: Raikou|205/278|[from] item: Leftovers\n|-damage|p2a: Oricorio|123/257 brn|[from] brn\n|upkeep\n|turn|25\n|\n|t:|1781457376\n|move|p2a: Oricorio|Roost|p2a: Oricorio\n|-heal|p2a: Oricorio|252/257 brn\n|-singleturn|p2a: Oricorio|move: Roost\n|move|p1a: Raikou|Thunderbolt|p2a: Oricorio\n|-resisted|p2a: Oricorio\n|-damage|p2a: Oricorio|192/257 brn\n|\n|-heal|p1a: Raikou|222/278|[from] item: Leftovers\n|-damage|p2a: Oricorio|176/257 brn|[from] brn\n|upkeep\n|turn|26\n|\n|t:|1781457378\n|move|p2a: Oricorio|Hurricane|p1a: Raikou|[miss]\n|-miss|p2a: Oricorio|p1a: Raikou\n|move|p1a: Raikou|Thunderbolt|p2a: Oricorio\n|-damage|p2a: Oricorio|55/257 brn\n|\n|-heal|p1a: Raikou|239/278|[from] item: Leftovers\n|-damage|p2a: Oricorio|39/257 brn|[from] brn\n|upkeep\n|turn|27\n|\n|t:|1781457381\n|move|p2a: Oricorio|Roost|p2a: Oricorio\n|-heal|p2a: Oricorio|168/257 brn\n|-singleturn|p2a: Oricorio|move: Roost\n|move|p1a: Raikou|Scald|p2a: Oricorio\n|-damage|p2a: Oricorio|88/257 brn\n|\n|-heal|p1a: Raikou|256/278|[from] item: Leftovers\n|-damage|p2a: Oricorio|72/257 brn|[from] brn\n|upkeep\n|turn|28\n|\n|t:|1781457385\n|move|p2a: Oricorio|Roost|p2a: Oricorio\n|-heal|p2a: Oricorio|201/257 brn\n|-singleturn|p2a: Oricorio|move: Roost\n|move|p1a: Raikou|Scald|p2a: Oricorio\n|-damage|p2a: Oricorio|132/257 brn\n|\n|-heal|p1a: Raikou|273/278|[from] item: Leftovers\n|-damage|p2a: Oricorio|116/257 brn|[from] brn\n|upkeep\n|turn|29\n|\n|t:|1781457388\n|move|p2a: Oricorio|Hurricane|p1a: Raikou\n|-resisted|p1a: Raikou\n|-damage|p1a: Raikou|222/278\n|-start|p1a: Raikou|confusion\n|-activate|p1a: Raikou|confusion\n|move|p1a: Raikou|Thunderbolt|p2a: Oricorio\n|-damage|p2a: Oricorio|0 fnt\n|faint|p2a: Oricorio\n|\n|-heal|p1a: Raikou|239/278|[from] item: Leftovers\n|upkeep\n|\n|t:|1781457395\n|switch|p2a: Cinccino|Cinccino, L83, F, tera:Ice|260/260\n|turn|30\n|\n|t:|1781457409\n|move|p2a: Cinccino|Triple Axel|p1a: Raikou\n|-damage|p1a: Raikou|202/278\n|-damage|p1a: Raikou|126/278\n|-damage|p1a: Raikou|18/278\n|-hitcount|p1a: Raikou|3\n|-activate|p1a: Raikou|confusion\n|move|p1a: Raikou|Thunderbolt|p2a: Cinccino\n|-damage|p2a: Cinccino|0 fnt\n|faint|p2a: Cinccino\n|\n|-heal|p1a: Raikou|35/278|[from] item: Leftovers\n|upkeep\n|\n|t:|1781457427\n|switch|p2a: Regice|Regice, L88|284/284\n|turn|31\n|\n|t:|1781457436\n|-activate|p1a: Raikou|confusion\n|move|p1a: Raikou|Thunderbolt|p2a: Regice\n|-damage|p2a: Regice|70/284\n|move|p2a: Regice|Ice Beam|p1a: Raikou\n|-damage|p1a: Raikou|7/278\n|\n|-heal|p1a: Raikou|24/278|[from] item: Leftovers\n|upkeep\n|turn|32\n|\n|t:|1781457440\n|-end|p1a: Raikou|confusion\n|move|p1a: Raikou|Thunderbolt|p2a: Regice\n|-damage|p2a: Regice|0 fnt\n|faint|p2a: Regice\n|\n|-heal|p1a: Raikou|41/278|[from] item: Leftovers\n|upkeep\n|-message|oat consumer forfeited.\n|\n|win|DungBeetleEnjoyer\n", "uploadtime": 1781457033, "views": 7, "formatid": "gen9randombattle", "rating": null, "private": 0, "password": null}