{"id": "gen9randombattle-2631802178", "format": "[Gen 9] Random Battle", "players": ["supermancorenswet", "rayray9"], "log": "|j|\u2606supermancorenswet\n|j|\u2606rayray9\n|t:|1781441800\n|gametype|singles\n|player|p1|supermancorenswet|170|2106\n|player|p2|rayray9|1|2046\n|gen|9\n|tier|[Gen 9] Random Battle\n|rated|\n|rule|Species Clause: Limit one of each Pok\u00e9mon\n|rule|HP Percentage Mod: HP is shown in percentages\n|rule|Sleep Clause Mod: Limit one foe put to sleep\n|rule|Illusion Level Mod: Illusion disguises the Pok\u00e9mon's true level\n|\n|t:|1781441800\n|teamsize|p1|6\n|teamsize|p2|6\n|start\n|switch|p1a: Dragapult|Dragapult, L77, M|262/262\n|switch|p2a: Florges|Florges-White, L85, F|271/271\n|turn|1\n|inactive|Battle timer is ON: inactive players will automatically lose when time's up. (requested by supermancorenswet)\n|\n|t:|1781441813\n|move|p1a: Dragapult|U-turn|p2a: Florges\n|-resisted|p2a: Florges\n|-damage|p2a: Florges|240/271\n|\n|t:|1781441821\n|switch|p1a: Indeedee|Indeedee, L84, M|238/238|[from] U-turn\n|-fieldstart|move: Psychic Terrain|[from] ability: Psychic Surge|[of] p1a: Indeedee\n|move|p2a: Florges|Calm Mind|p2a: Florges\n|-boost|p2a: Florges|spa|1\n|-boost|p2a: Florges|spd|1\n|\n|-heal|p2a: Florges|256/271|[from] item: Leftovers\n|upkeep\n|turn|2\n|\n|t:|1781441832\n|move|p1a: Indeedee|Calm Mind|p1a: Indeedee\n|-boost|p1a: Indeedee|spa|1\n|-boost|p1a: Indeedee|spd|1\n|move|p2a: Florges|Moonblast|p1a: Indeedee\n|-damage|p1a: Indeedee|136/238\n|\n|-heal|p2a: Florges|271/271|[from] item: Leftovers\n|upkeep\n|turn|3\n|\n|t:|1781441837\n|move|p1a: Indeedee|Expanding Force|p2a: Florges\n|-damage|p2a: Florges|127/271\n|-damage|p1a: Indeedee|113/238|[from] item: Life Orb\n|move|p2a: Florges|Calm Mind|p2a: Florges\n|-boost|p2a: Florges|spa|1\n|-boost|p2a: Florges|spd|1\n|\n|-heal|p2a: Florges|143/271|[from] item: Leftovers\n|upkeep\n|turn|4\n|\n|t:|1781441841\n|move|p1a: Indeedee|Expanding Force|p2a: Florges\n|-damage|p2a: Florges|33/271\n|-damage|p1a: Indeedee|90/238|[from] item: Life Orb\n|move|p2a: Florges|Moonblast|p1a: Indeedee\n|-damage|p1a: Indeedee|0 fnt\n|faint|p1a: Indeedee\n|\n|-heal|p2a: Florges|49/271|[from] item: Leftovers\n|upkeep\n|\n|t:|1781441849\n|switch|p1a: Krookodile|Krookodile, L79, M|280/280\n|-ability|p1a: Krookodile|Intimidate|boost\n|-unboost|p2a: Florges|atk|1\n|turn|5\n|\n|t:|1781441854\n|move|p1a: Krookodile|Earthquake|p2a: Florges\n|-damage|p2a: Florges|0 fnt\n|faint|p2a: Florges\n|\n|-fieldend|move: Psychic Terrain\n|upkeep\n|\n|t:|1781441870\n|switch|p2a: Clefable|Clefable, L83, M|293/293\n|turn|6\n|inactive|supermancorenswet has 120 seconds left.\n|\n|t:|1781441909\n|move|p1a: Krookodile|Gunk Shot|p2a: Clefable|[miss]\n|-miss|p1a: Krookodile|p2a: Clefable\n|move|p2a: Clefable|Moonblast|p1a: Krookodile\n|-supereffective|p1a: Krookodile\n|-crit|p1a: Krookodile\n|-damage|p1a: Krookodile|0 fnt\n|faint|p1a: Krookodile\n|\n|upkeep\n|\n|t:|1781441918\n|switch|p1a: Tauros|Tauros-Paldea-Blaze, L81, M|252/252\n|turn|7\n|\n|t:|1781441927\n|move|p1a: Tauros|Raging Bull|p2a: Clefable\n|-crit|p2a: Clefable\n|-damage|p2a: Clefable|121/293\n|move|p2a: Clefable|Moonblast|p1a: Tauros\n|-damage|p1a: Tauros|122/252\n|-enditem|p1a: Tauros|Sitrus Berry|[eat]\n|-heal|p1a: Tauros|185/252|[from] item: Sitrus Berry\n|\n|-heal|p2a: Clefable|139/293|[from] item: Leftovers\n|upkeep\n|turn|8\n|\n|t:|1781441934\n|move|p1a: Tauros|Substitute|p1a: Tauros\n|-start|p1a: Tauros|Substitute\n|-damage|p1a: Tauros|122/252\n|move|p2a: Clefable|Thunder Wave||[still]\n|-fail|p2a: Clefable\n|\n|-heal|p2a: Clefable|157/293|[from] item: Leftovers\n|-activate|p1a: Tauros|ability: Cud Chew\n|-enditem|p1a: Tauros|Sitrus Berry|[eat]\n|-heal|p1a: Tauros|185/252|[from] item: Sitrus Berry\n|upkeep\n|turn|9\n|\n|t:|1781441937\n|move|p1a: Tauros|Raging Bull|p2a: Clefable\n|-damage|p2a: Clefable|48/293\n|move|p2a: Clefable|Moonblast|p1a: Tauros\n|-end|p1a: Tauros|Substitute\n|\n|-heal|p2a: Clefable|66/293|[from] item: Leftovers\n|upkeep\n|turn|10\n|\n|t:|1781441941\n|move|p1a: Tauros|Raging Bull|p2a: Clefable\n|-damage|p2a: Clefable|0 fnt\n|faint|p2a: Clefable\n|\n|upkeep\n|\n|t:|1781441954\n|switch|p2a: Seviper|Seviper, L93, M|287/287\n|turn|11\n|\n|t:|1781441963\n|move|p1a: Tauros|Bulk Up|p1a: Tauros\n|-boost|p1a: Tauros|atk|1\n|-boost|p1a: Tauros|def|1\n|move|p2a: Seviper|Trailblaze|p1a: Tauros\n|-resisted|p1a: Tauros\n|-damage|p1a: Tauros|171/252\n|-boost|p2a: Seviper|spe|1\n|\n|upkeep\n|turn|12\n|\n|t:|1781441969\n|move|p2a: Seviper|Swords Dance|p2a: Seviper\n|-boost|p2a: Seviper|atk|2\n|move|p1a: Tauros|Raging Bull|p2a: Seviper\n|-damage|p2a: Seviper|109/287\n|\n|-heal|p2a: Seviper|126/287|[from] item: Leftovers\n|upkeep\n|turn|13\n|\n|t:|1781441977\n|move|p2a: Seviper|Earthquake|p1a: Tauros\n|-supereffective|p1a: Tauros\n|-damage|p1a: Tauros|0 fnt\n|faint|p1a: Tauros\n|\n|-heal|p2a: Seviper|143/287|[from] item: Leftovers\n|upkeep\n|\n|t:|1781441990\n|switch|p1a: Dragapult|Dragapult, L77, M|262/262\n|turn|14\n|\n|t:|1781441997\n|move|p1a: Dragapult|Draco Meteor|p2a: Seviper\n|-damage|p2a: Seviper|0 fnt\n|-unboost|p1a: Dragapult|spa|2\n|faint|p2a: Seviper\n|\n|upkeep\n|\n|t:|1781442012\n|switch|p2a: Regirock|Regirock, L83|268/268\n|turn|15\n|\n|t:|1781442033\n|switch|p1a: Iron Bundle|Iron Bundle, L78|215/215\n|move|p2a: Regirock|Thunder Wave|p1a: Iron Bundle\n|-status|p1a: Iron Bundle|par\n|\n|upkeep\n|turn|16\n|\n|t:|1781442042\n|move|p2a: Regirock|Stone Edge|p1a: Iron Bundle\n|-supereffective|p1a: Iron Bundle\n|-damage|p1a: Iron Bundle|39/215 par\n|cant|p1a: Iron Bundle|par\n|\n|upkeep\n|turn|17\n|\n|t:|1781442047\n|move|p2a: Regirock|Body Press|p1a: Iron Bundle\n|-supereffective|p1a: Iron Bundle\n|-damage|p1a: Iron Bundle|0 fnt\n|faint|p1a: Iron Bundle\n|-end|p1a: Iron Bundle|Quark Drive|[silent]\n|\n|upkeep\n|\n|t:|1781442055\n|switch|p1a: Spectrier|Spectrier, L75|274/274\n|turn|18\n|\n|t:|1781442063\n|move|p1a: Spectrier|Substitute|p1a: Spectrier\n|-start|p1a: Spectrier|Substitute\n|-damage|p1a: Spectrier|206/274\n|move|p2a: Regirock|Stone Edge|p1a: Spectrier\n|-end|p1a: Spectrier|Substitute\n|\n|-heal|p1a: Spectrier|223/274|[from] item: Leftovers\n|upkeep\n|turn|19\n|\n|t:|1781442072\n|move|p1a: Spectrier|Substitute|p1a: Spectrier\n|-start|p1a: Spectrier|Substitute\n|-damage|p1a: Spectrier|155/274\n|move|p2a: Regirock|Stone Edge|p1a: Spectrier\n|-end|p1a: Spectrier|Substitute\n|\n|-heal|p1a: Spectrier|172/274|[from] item: Leftovers\n|upkeep\n|turn|20\n|\n|t:|1781442078\n|move|p1a: Spectrier|Substitute|p1a: Spectrier\n|-start|p1a: Spectrier|Substitute\n|-damage|p1a: Spectrier|104/274\n|move|p2a: Regirock|Stone Edge|p1a: Spectrier\n|-end|p1a: Spectrier|Substitute\n|\n|-heal|p1a: Spectrier|121/274|[from] item: Leftovers\n|upkeep\n|turn|21\n|\n|t:|1781442083\n|move|p1a: Spectrier|Substitute|p1a: Spectrier\n|-start|p1a: Spectrier|Substitute\n|-damage|p1a: Spectrier|53/274\n|move|p2a: Regirock|Stone Edge|p1a: Spectrier\n|-end|p1a: Spectrier|Substitute\n|\n|-heal|p1a: Spectrier|70/274|[from] item: Leftovers\n|upkeep\n|turn|22\n|\n|t:|1781442087\n|move|p1a: Spectrier|Substitute|p1a: Spectrier\n|-start|p1a: Spectrier|Substitute\n|-damage|p1a: Spectrier|2/274\n|move|p2a: Regirock|Stone Edge|p1a: Spectrier|[miss]\n|-miss|p2a: Regirock|p1a: Spectrier\n|\n|-heal|p1a: Spectrier|19/274|[from] item: Leftovers\n|upkeep\n|turn|23\n|\n|t:|1781442094\n|move|p1a: Spectrier|Nasty Plot|p1a: Spectrier\n|-boost|p1a: Spectrier|spa|2\n|move|p2a: Regirock|Stone Edge|p1a: Spectrier\n|-end|p1a: Spectrier|Substitute\n|\n|-heal|p1a: Spectrier|36/274|[from] item: Leftovers\n|upkeep\n|turn|24\n|\n|t:|1781442098\n|move|p1a: Spectrier|Shadow Ball|p2a: Regirock\n|-damage|p2a: Regirock|96/268\n|move|p2a: Regirock|Thunder Wave|p1a: Spectrier\n|-status|p1a: Spectrier|par\n|\n|-heal|p2a: Regirock|112/268|[from] item: Leftovers\n|-heal|p1a: Spectrier|53/274 par|[from] item: Leftovers\n|upkeep\n|turn|25\n|\n|t:|1781442105\n|move|p2a: Regirock|Stone Edge|p1a: Spectrier\n|-damage|p1a: Spectrier|0 fnt\n|faint|p1a: Spectrier\n|\n|-heal|p2a: Regirock|128/268|[from] item: Leftovers\n|upkeep\n|\n|t:|1781442108\n|switch|p1a: Dragapult|Dragapult, L77, M|262/262\n|turn|26\n|\n|t:|1781442113\n|move|p1a: Dragapult|Shadow Ball|p2a: Regirock\n|-damage|p2a: Regirock|25/268\n|move|p2a: Regirock|Thunder Wave|p1a: Dragapult\n|-status|p1a: Dragapult|par\n|\n|-heal|p2a: Regirock|41/268|[from] item: Leftovers\n|upkeep\n|turn|27\n|\n|t:|1781442124\n|switch|p2a: Vileplume|Vileplume, L85, F|266/266\n|move|p1a: Dragapult|Shadow Ball|p2a: Vileplume\n|-damage|p2a: Vileplume|169/266\n|\n|-heal|p2a: Vileplume|185/266|[from] item: Leftovers\n|upkeep\n|turn|28\n|\n|t:|1781442127\n|move|p2a: Vileplume|Leech Seed|p1a: Dragapult\n|-start|p1a: Dragapult|move: Leech Seed\n|move|p1a: Dragapult|Shadow Ball|p2a: Vileplume\n|-crit|p2a: Vileplume\n|-damage|p2a: Vileplume|28/266\n|\n|-heal|p2a: Vileplume|44/266|[from] item: Leftovers\n|-damage|p1a: Dragapult|230/262 par|[from] Leech Seed|[of] p2a: Vileplume\n|-heal|p2a: Vileplume|76/266|[silent]\n|upkeep\n|turn|29\n|\n|t:|1781442133\n|move|p2a: Vileplume|Strength Sap|p1a: Dragapult\n|-unboost|p1a: Dragapult|atk|1\n|-heal|p2a: Vileplume|266/266\n|move|p1a: Dragapult|Shadow Ball|p2a: Vileplume\n|-damage|p2a: Vileplume|160/266\n|-unboost|p2a: Vileplume|spd|1\n|\n|-heal|p2a: Vileplume|176/266|[from] item: Leftovers\n|-damage|p1a: Dragapult|198/262 par|[from] Leech Seed|[of] p2a: Vileplume\n|-heal|p2a: Vileplume|208/266|[silent]\n|upkeep\n|turn|30\n|\n|t:|1781442137\n|move|p2a: Vileplume|Sludge Bomb|p1a: Dragapult\n|-resisted|p1a: Dragapult\n|-damage|p1a: Dragapult|134/262 par\n|move|p1a: Dragapult|Shadow Ball|p2a: Vileplume\n|-damage|p2a: Vileplume|55/266\n|\n|-heal|p2a: Vileplume|71/266|[from] item: Leftovers\n|-damage|p1a: Dragapult|102/262 par|[from] Leech Seed|[of] p2a: Vileplume\n|-heal|p2a: Vileplume|103/266|[silent]\n|upkeep\n|turn|31\n|\n|t:|1781442146\n|move|p2a: Vileplume|Strength Sap|p1a: Dragapult\n|-unboost|p1a: Dragapult|atk|1\n|-heal|p2a: Vileplume|255/266\n|move|p1a: Dragapult|Shadow Ball|p2a: Vileplume\n|-damage|p2a: Vileplume|90/266\n|\n|-heal|p2a: Vileplume|106/266|[from] item: Leftovers\n|-damage|p1a: Dragapult|70/262 par|[from] Leech Seed|[of] p2a: Vileplume\n|-heal|p2a: Vileplume|138/266|[silent]\n|upkeep\n|turn|32\n|\n|t:|1781442149\n|move|p2a: Vileplume|Sludge Bomb|p1a: Dragapult\n|-resisted|p1a: Dragapult\n|-damage|p1a: Dragapult|0 fnt\n|faint|p1a: Dragapult\n|\n|win|rayray9\n", "uploadtime": 1781441802, "views": 5, "formatid": "gen9randombattle", "rating": null, "private": 0, "password": null}