{"id": "gen9randombattle-2631806357", "format": "[Gen 9] Random Battle", "players": ["Daruma", "I Am The Shaman"], "log": "|j|\u2606Daruma\n|j|\u2606I Am The Shaman\n|t:|1781442391\n|gametype|singles\n|player|p1|Daruma|#ruplixsleekslushrushers|2191\n|player|p2|I Am The Shaman|rood|2197\n|gen|9\n|tier|[Gen 9] Random Battle\n|rated|\n|rule|Species Clause: Limit one of each Pok\u00e9mon\n|rule|HP Percentage Mod: HP is shown in percentages\n|rule|Sleep Clause Mod: Limit one foe put to sleep\n|rule|Illusion Level Mod: Illusion disguises the Pok\u00e9mon's true level\n|\n|t:|1781442391\n|teamsize|p1|6\n|teamsize|p2|6\n|start\n|switch|p1a: Goodra|Goodra-Hisui, L82, F|265/265\n|switch|p2a: Girafarig|Girafarig, L89, M|269/269\n|turn|1\n|inactive|Battle timer is ON: inactive players will automatically lose when time's up. (requested by I Am The Shaman)\n|\n|t:|1781442419\n|switch|p2a: Mandibuzz|Mandibuzz, L85, F|326/326\n|move|p1a: Goodra|Dragon Tail|p2a: Mandibuzz\n|-damage|p2a: Mandibuzz|274/326\n|drag|p2a: Victreebel|Victreebel, L90, F|290/290\n|\n|upkeep\n|turn|2\n|\n|t:|1781442432\n|switch|p2a: Mandibuzz|Mandibuzz, L85, F|274/326\n|move|p1a: Goodra|Dragon Tail|p2a: Mandibuzz\n|-damage|p2a: Mandibuzz|216/326\n|drag|p2a: Baxcalibur|Baxcalibur, L75, F|295/295\n|\n|upkeep\n|turn|3\n|\n|t:|1781442441\n|switch|p2a: Mandibuzz|Mandibuzz, L85, F|216/326\n|switch|p1a: Avalugg|Avalugg, L88, F|310/310\n|\n|upkeep\n|turn|4\n|\n|t:|1781442446\n|move|p2a: Mandibuzz|Roost|p2a: Mandibuzz\n|-heal|p2a: Mandibuzz|326/326\n|-singleturn|p2a: Mandibuzz|move: Roost\n|move|p1a: Avalugg|Avalanche|p2a: Mandibuzz\n|-damage|p2a: Mandibuzz|257/326\n|\n|upkeep\n|turn|5\n|\n|t:|1781442449\n|move|p2a: Mandibuzz|Toxic|p1a: Avalugg\n|-status|p1a: Avalugg|tox\n|move|p1a: Avalugg|Avalanche|p2a: Mandibuzz\n|-supereffective|p2a: Mandibuzz\n|-damage|p2a: Mandibuzz|117/326\n|\n|-damage|p1a: Avalugg|291/310 tox|[from] psn\n|upkeep\n|turn|6\n|\n|t:|1781442452\n|move|p2a: Mandibuzz|Roost|p2a: Mandibuzz\n|-heal|p2a: Mandibuzz|280/326\n|-singleturn|p2a: Mandibuzz|move: Roost\n|move|p1a: Avalugg|Body Press|p2a: Mandibuzz\n|-supereffective|p2a: Mandibuzz\n|-damage|p2a: Mandibuzz|104/326\n|\n|-damage|p1a: Avalugg|253/310 tox|[from] psn\n|upkeep\n|turn|7\n|\n|t:|1781442456\n|switch|p1a: Thundurus|Thundurus, L80, M|258/258\n|move|p2a: Mandibuzz|Roost|p2a: Mandibuzz\n|-heal|p2a: Mandibuzz|267/326\n|-singleturn|p2a: Mandibuzz|move: Roost\n|\n|upkeep\n|turn|8\n|\n|t:|1781442459\n|switch|p2a: Victreebel|Victreebel, L90, F|290/290\n|move|p1a: Thundurus|Thunderbolt|p2a: Victreebel\n|-resisted|p2a: Victreebel\n|-damage|p2a: Victreebel|227/290\n|\n|upkeep\n|turn|9\n|\n|t:|1781442467\n|move|p1a: Thundurus|Acrobatics|p2a: Victreebel\n|-supereffective|p2a: Victreebel\n|-crit|p2a: Victreebel\n|-damage|p2a: Victreebel|0 fnt\n|faint|p2a: Victreebel\n|\n|upkeep\n|\n|t:|1781442473\n|switch|p2a: Baxcalibur|Baxcalibur, L75, F|295/295\n|turn|10\n|\n|t:|1781442478\n|move|p1a: Thundurus|Thunder Wave|p2a: Baxcalibur|[miss]\n|-miss|p1a: Thundurus|p2a: Baxcalibur\n|move|p2a: Baxcalibur|Glaive Rush|p1a: Thundurus\n|-damage|p1a: Thundurus|0 fnt\n|-singlemove|p2a: Baxcalibur|Glaive Rush|[silent]\n|faint|p1a: Thundurus\n|\n|upkeep\n|\n|t:|1781442491\n|switch|p1a: Squawkabilly|Squawkabilly-Yellow, L89, M|291/291\n|turn|11\n|\n|t:|1781442499\n|switch|p2a: Incineroar|Incineroar, L82, M|290/290\n|-ability|p2a: Incineroar|Intimidate|boost\n|-unboost|p1a: Squawkabilly|atk|1\n|move|p1a: Squawkabilly|Brave Bird|p2a: Incineroar\n|-damage|p2a: Incineroar|61/290\n|-damage|p1a: Squawkabilly|215/291|[from] Recoil\n|\n|upkeep\n|turn|12\n|\n|t:|1781442503\n|switch|p2a: Pachirisu|Pachirisu, L96, M|271/271\n|move|p1a: Squawkabilly|Brave Bird|p2a: Pachirisu\n|-resisted|p2a: Pachirisu\n|-damage|p2a: Pachirisu|158/271\n|-damage|p1a: Squawkabilly|178/291|[from] Recoil\n|\n|upkeep\n|turn|13\n|\n|t:|1781442515\n|switch|p1a: Avalugg|Avalugg, L88, F|253/310 tox\n|move|p2a: Pachirisu|Thunderbolt|p1a: Avalugg\n|-damage|p1a: Avalugg|141/310 tox\n|\n|-damage|p1a: Avalugg|122/310 tox|[from] psn\n|upkeep\n|turn|14\n|\n|t:|1781442520\n|move|p2a: Pachirisu|Thunderbolt|p1a: Avalugg\n|-damage|p1a: Avalugg|7/310 tox\n|move|p1a: Avalugg|Avalanche|p2a: Pachirisu\n|-damage|p2a: Pachirisu|0 fnt\n|faint|p2a: Pachirisu\n|\n|-damage|p1a: Avalugg|0 fnt|[from] psn\n|faint|p1a: Avalugg\n|upkeep\n|\n|t:|1781442534\n|switch|p2a: Incineroar|Incineroar, L82, M|61/290\n|switch|p1a: Squawkabilly|Squawkabilly-Yellow, L89, M|178/291\n|-ability|p2a: Incineroar|Intimidate|boost\n|-unboost|p1a: Squawkabilly|atk|1\n|turn|15\n|\n|t:|1781442541\n|move|p1a: Squawkabilly|Double-Edge|p2a: Incineroar\n|-damage|p2a: Incineroar|0 fnt\n|faint|p2a: Incineroar\n|-damage|p1a: Squawkabilly|158/291|[from] Recoil\n|\n|upkeep\n|\n|t:|1781442545\n|switch|p2a: Mandibuzz|Mandibuzz, L85, F|267/326\n|turn|16\n|\n|t:|1781442551\n|switch|p1a: Pachirisu|Pachirisu, L96, M|271/271\n|move|p2a: Mandibuzz|Foul Play|p1a: Pachirisu\n|-damage|p1a: Pachirisu|201/271\n|\n|upkeep\n|turn|17\n|\n|t:|1781442562\n|move|p1a: Pachirisu|Super Fang|p2a: Mandibuzz\n|-damage|p2a: Mandibuzz|134/326\n|move|p2a: Mandibuzz|Toxic|p1a: Pachirisu\n|-status|p1a: Pachirisu|tox\n|\n|-damage|p1a: Pachirisu|185/271 tox|[from] psn\n|upkeep\n|turn|18\n|\n|t:|1781442566\n|switch|p2a: Baxcalibur|Baxcalibur, L75, F|295/295\n|move|p1a: Pachirisu|Encore||[still]\n|-fail|p1a: Pachirisu\n|\n|-damage|p1a: Pachirisu|153/271 tox|[from] psn\n|upkeep\n|turn|19\n|\n|t:|1781442569\n|switch|p2a: Mandibuzz|Mandibuzz, L85, F|134/326\n|move|p1a: Pachirisu|Super Fang|p2a: Mandibuzz\n|-damage|p2a: Mandibuzz|67/326\n|\n|-damage|p1a: Pachirisu|105/271 tox|[from] psn\n|upkeep\n|turn|20\n|\n|t:|1781442573\n|switch|p2a: Baxcalibur|Baxcalibur, L75, F|295/295\n|move|p1a: Pachirisu|Discharge|p2a: Baxcalibur\n|-resisted|p2a: Baxcalibur\n|-damage|p2a: Baxcalibur|256/295\n|\n|-damage|p1a: Pachirisu|41/271 tox|[from] psn\n|upkeep\n|turn|21\n|\n|t:|1781442578\n|switch|p1a: Goodra|Goodra-Hisui, L82, F|265/265\n|move|p2a: Baxcalibur|Ice Shard|p1a: Goodra\n|-damage|p1a: Goodra|193/265\n|\n|upkeep\n|turn|22\n|\n|t:|1781442594\n|switch|p2a: Girafarig|Girafarig, L89, M|269/269\n|move|p1a: Goodra|Draco Meteor|p2a: Girafarig\n|-damage|p2a: Girafarig|155/269\n|-unboost|p1a: Goodra|spa|2\n|\n|upkeep\n|turn|23\n|\n|t:|1781442602\n|move|p2a: Girafarig|Nasty Plot|p2a: Girafarig\n|-boost|p2a: Girafarig|spa|2\n|move|p1a: Goodra|Heavy Slam|p2a: Girafarig\n|-damage|p2a: Girafarig|61/269\n|\n|upkeep\n|turn|24\n|\n|t:|1781442606\n|move|p2a: Girafarig|Psyshock|p1a: Goodra\n|-resisted|p1a: Goodra\n|-damage|p1a: Goodra|115/265\n|move|p1a: Goodra|Heavy Slam|p2a: Girafarig\n|-damage|p2a: Girafarig|0 fnt\n|faint|p2a: Girafarig\n|\n|upkeep\n|\n|t:|1781442608\n|switch|p2a: Mandibuzz|Mandibuzz, L85, F|67/326\n|turn|25\n|\n|t:|1781442617\n|switch|p1a: Squawkabilly|Squawkabilly-Yellow, L89, M|158/291\n|move|p2a: Mandibuzz|Roost|p2a: Mandibuzz\n|-heal|p2a: Mandibuzz|230/326\n|-singleturn|p2a: Mandibuzz|move: Roost\n|\n|upkeep\n|turn|26\n|\n|t:|1781442624\n|-terastallize|p2a: Mandibuzz|Steel\n|move|p1a: Squawkabilly|Brave Bird|p2a: Mandibuzz|[miss]\n|-miss|p1a: Squawkabilly|p2a: Mandibuzz\n|move|p2a: Mandibuzz|Roost|p2a: Mandibuzz\n|-heal|p2a: Mandibuzz|326/326\n|\n|upkeep\n|turn|27\n|\n|t:|1781442631\n|switch|p1a: Goodra|Goodra-Hisui, L82, F|115/265\n|move|p2a: Mandibuzz|Foul Play|p1a: Goodra\n|-damage|p1a: Goodra|24/265\n|\n|upkeep\n|turn|28\n|\n|t:|1781442634\n|move|p2a: Mandibuzz|Foul Play|p1a: Goodra\n|-damage|p1a: Goodra|0 fnt\n|faint|p1a: Goodra\n|\n|upkeep\n|\n|t:|1781442636\n|switch|p1a: Pachirisu|Pachirisu, L96, M|41/271 tox\n|turn|29\n|\n|t:|1781442649\n|switch|p2a: Baxcalibur|Baxcalibur, L75, F|256/295\n|move|p1a: Pachirisu|Encore||[still]\n|-fail|p1a: Pachirisu\n|\n|-damage|p1a: Pachirisu|25/271 tox|[from] psn\n|upkeep\n|turn|30\n|\n|t:|1781442652\n|move|p2a: Baxcalibur|Ice Shard|p1a: Pachirisu\n|-damage|p1a: Pachirisu|0 fnt\n|faint|p1a: Pachirisu\n|\n|upkeep\n|\n|t:|1781442653\n|switch|p1a: Sunflora|Sunflora, F|312/312\n|turn|31\n|inactive|I Am The Shaman has 120 seconds left.\n|\n|t:|1781442692\n|switch|p2a: Mandibuzz|Mandibuzz, L85, F, tera:Steel|326/326\n|-terastallize|p1a: Sunflora|Fire\n|move|p1a: Sunflora|Sunny Day|p1a: Sunflora\n|-weather|SunnyDay\n|\n|-weather|SunnyDay|[upkeep]\n|upkeep\n|turn|32\n|inactive|I Am The Shaman has 120 seconds left.\n|\n|t:|1781442700\n|move|p1a: Sunflora|Weather Ball|p2a: Mandibuzz\n|-supereffective|p2a: Mandibuzz\n|-damage|p2a: Mandibuzz|0 fnt\n|faint|p2a: Mandibuzz\n|-damage|p1a: Sunflora|281/312|[from] item: Life Orb\n|\n|-weather|SunnyDay|[upkeep]\n|upkeep\n|\n|t:|1781442702\n|switch|p2a: Baxcalibur|Baxcalibur, L75, F|256/295\n|turn|33\n|-message|I Am The Shaman forfeited.\n|\n|win|Daruma\n", "uploadtime": 1781442393, "views": 3, "formatid": "gen9randombattle", "rating": null, "private": 0, "password": null}