{"id": "gen9randombattle-2631842590", "format": "[Gen 9] Random Battle", "players": ["moritzvb", "makkereel"], "log": "|j|\u2606moritzvb\n|j|\u2606makkereel\n|t:|1781447070\n|gametype|singles\n|player|p1|moritzvb|ariana|2142\n|player|p2|makkereel|170|2161\n|gen|9\n|tier|[Gen 9] Random Battle\n|rated|\n|rule|Species Clause: Limit one of each Pok\u00e9mon\n|rule|HP Percentage Mod: HP is shown in percentages\n|rule|Sleep Clause Mod: Limit one foe put to sleep\n|rule|Illusion Level Mod: Illusion disguises the Pok\u00e9mon's true level\n|\n|t:|1781447070\n|teamsize|p1|6\n|teamsize|p2|6\n|start\n|switch|p1a: Magearna|Magearna-Original, L77|250/250\n|switch|p2a: Ditto|Ditto, L87|225/225\n|-transform|p2a: Ditto|p1a: Magearna|[from] ability: Imposter\n|turn|1\n|\n|t:|1781447090\n|switch|p2a: Ceruledge|Ceruledge, L78, M|245/245\n|move|p1a: Magearna|Spikes|p2a: Ceruledge\n|-sidestart|p2: makkereel|Spikes\n|\n|upkeep\n|turn|2\n|\n|t:|1781447099\n|switch|p1a: Milotic|Milotic, L83, M|293/293\n|move|p2a: Ceruledge|Swords Dance|p2a: Ceruledge\n|-boost|p2a: Ceruledge|atk|2\n|\n|upkeep\n|turn|3\n|\n|t:|1781447114\n|move|p1a: Milotic|Haze|p1a: Milotic\n|-clearallboost\n|move|p2a: Ceruledge|Poltergeist|p1a: Milotic\n|-activate|p1a: Milotic|move: Poltergeist|Leftovers\n|-damage|p1a: Milotic|163/293\n|\n|-heal|p1a: Milotic|181/293|[from] item: Leftovers\n|upkeep\n|turn|4\n|\n|t:|1781447124\n|switch|p2a: Latias|Latias, L79, F|256/256\n|move|p1a: Milotic|Scald|p2a: Latias\n|-resisted|p2a: Latias\n|-damage|p2a: Latias|221/256\n|\n|-heal|p1a: Milotic|199/293|[from] item: Leftovers\n|upkeep\n|turn|5\n|\n|t:|1781447131\n|switch|p2a: Ceruledge|Ceruledge, L78, M|245/245\n|switch|p1a: Magearna|Magearna-Original, L77|250/250\n|\n|upkeep\n|turn|6\n|\n|t:|1781447136\n|move|p2a: Ceruledge|Poltergeist|p1a: Magearna|[miss]\n|-miss|p2a: Ceruledge|p1a: Magearna\n|move|p1a: Magearna|Thunder Wave|p2a: Ceruledge\n|-status|p2a: Ceruledge|par\n|\n|upkeep\n|turn|7\n|-message|makkereel forfeited.\n|\n|win|moritzvb\n", "uploadtime": 1781447072, "views": 4, "formatid": "gen9randombattle", "rating": null, "private": 0, "password": null}