{"id": "gen9randombattle-2631585148", "format": "[Gen 9] Random Battle", "players": ["yokotsu fan", "Davyd2605"], "log": "|j|\u2606yokotsu fan\n|j|\u2606Davyd2605\n|t:|1781404792\n|gametype|singles\n|player|p1|yokotsu fan|hugh|1068\n|player|p2|Davyd2605|265|1109\n|gen|9\n|tier|[Gen 9] Random Battle\n|rated|\n|rule|Species Clause: Limit one of each Pok\u00e9mon\n|rule|HP Percentage Mod: HP is shown in percentages\n|rule|Sleep Clause Mod: Limit one foe put to sleep\n|rule|Illusion Level Mod: Illusion disguises the Pok\u00e9mon's true level\n|\n|t:|1781404792\n|teamsize|p1|6\n|teamsize|p2|6\n|start\n|switch|p1a: Dewgong|Dewgong, L94, F|322/322\n|switch|p2a: Talonflame|Talonflame, L83, M|265/265\n|turn|1\n|inactive|Battle timer is ON: inactive players will automatically lose when time's up. (requested by Davyd2605)\n|\n|t:|1781404803\n|move|p2a: Talonflame|Will-O-Wisp|p1a: Dewgong|[miss]\n|-miss|p2a: Talonflame|p1a: Dewgong\n|move|p1a: Dewgong|Knock Off|p2a: Talonflame\n|-damage|p2a: Talonflame|191/265\n|-enditem|p2a: Talonflame|Heavy-Duty Boots|[from] move: Knock Off|[of] p1a: Dewgong\n|\n|upkeep\n|turn|2\n|\n|t:|1781404823\n|switch|p2a: Oranguru|Oranguru, L92, F|315/315\n|move|p1a: Dewgong|Surf|p2a: Oranguru\n|-damage|p2a: Oranguru|246/315\n|\n|-heal|p2a: Oranguru|265/315|[from] item: Leftovers\n|upkeep\n|turn|3\n|\n|t:|1781404834\n|move|p1a: Dewgong|Knock Off|p2a: Oranguru\n|-supereffective|p2a: Oranguru\n|-damage|p2a: Oranguru|139/315\n|-enditem|p2a: Oranguru|Leftovers|[from] move: Knock Off|[of] p1a: Dewgong\n|move|p2a: Oranguru|Focus Blast|p1a: Dewgong\n|-supereffective|p1a: Dewgong\n|-damage|p1a: Dewgong|210/322\n|\n|upkeep\n|turn|4\n|\n|t:|1781404845\n|move|p1a: Dewgong|Knock Off|p2a: Oranguru\n|-supereffective|p2a: Oranguru\n|-damage|p2a: Oranguru|55/315\n|move|p2a: Oranguru|Psychic|p1a: Dewgong\n|-damage|p1a: Dewgong|153/322\n|\n|upkeep\n|turn|5\n|\n|t:|1781404851\n|move|p1a: Dewgong|Triple Axel|p2a: Oranguru\n|-damage|p2a: Oranguru|34/315\n|-damage|p2a: Oranguru|0 fnt\n|faint|p2a: Oranguru\n|-hitcount|p2: Oranguru|2\n|\n|upkeep\n|\n|t:|1781404860\n|switch|p2a: Ogerpon|Ogerpon-Hearthflame, L74, F|239/239\n|-ability|p2a: Ogerpon|Mold Breaker\n|turn|6\n|\n|t:|1781404872\n|move|p2a: Ogerpon|Horn Leech|p1a: Dewgong\n|-supereffective|p1a: Dewgong\n|-damage|p1a: Dewgong|0 fnt\n|faint|p1a: Dewgong\n|\n|upkeep\n|\n|t:|1781404880\n|switch|p1a: Gouging Fire|Gouging Fire, L74|277/277\n|turn|7\n|\n|t:|1781404888\n|switch|p2a: Clawitzer|Clawitzer, L87, M|265/265\n|move|p1a: Gouging Fire|Dragon Dance|p1a: Gouging Fire\n|-boost|p1a: Gouging Fire|atk|1\n|-boost|p1a: Gouging Fire|spe|1\n|\n|upkeep\n|turn|8\n|\n|t:|1781404905\n|-end|p1a: Gouging Fire|Protosynthesis|[silent]\n|switch|p1a: Phione|Phione, L91|293/293\n|move|p2a: Clawitzer|Water Pulse|p1a: Phione\n|-resisted|p1a: Phione\n|-damage|p1a: Phione|201/293\n|\n|-heal|p1a: Phione|219/293|[from] item: Leftovers\n|upkeep\n|turn|9\n|\n|t:|1781404924\n|switch|p2a: Ogerpon|Ogerpon-Hearthflame, L74, F|239/239\n|-ability|p2a: Ogerpon|Mold Breaker\n|move|p1a: Phione|Take Heart|p1a: Phione\n|-boost|p1a: Phione|spa|1\n|-boost|p1a: Phione|spd|1\n|\n|-heal|p1a: Phione|237/293|[from] item: Leftovers\n|upkeep\n|turn|10\n|\n|t:|1781404941\n|move|p2a: Ogerpon|Swords Dance|p2a: Ogerpon\n|-boost|p2a: Ogerpon|atk|2\n|move|p1a: Phione|Scald|p2a: Ogerpon\n|-damage|p2a: Ogerpon|94/239\n|\n|-heal|p1a: Phione|255/293|[from] item: Leftovers\n|upkeep\n|turn|11\n|\n|t:|1781404950\n|switch|p1a: Gouging Fire|Gouging Fire, L74|277/277\n|move|p2a: Ogerpon|Horn Leech|p1a: Gouging Fire\n|-resisted|p1a: Gouging Fire\n|-crit|p1a: Gouging Fire\n|-damage|p1a: Gouging Fire|215/277\n|-heal|p2a: Ogerpon|125/239|[from] drain|[of] p1a: Gouging Fire\n|\n|upkeep\n|turn|12\n|\n|t:|1781404973\n|move|p2a: Ogerpon|Stomping Tantrum|p1a: Gouging Fire\n|-supereffective|p1a: Gouging Fire\n|-damage|p1a: Gouging Fire|0 fnt\n|faint|p1a: Gouging Fire\n|-end|p1a: Gouging Fire|Protosynthesis|[silent]\n|\n|upkeep\n|\n|t:|1781404980\n|switch|p1a: Vileplume|Vileplume, L85, F|266/266\n|turn|13\n|\n|t:|1781404987\n|move|p2a: Ogerpon|Ivy Cudgel|p1a: Vileplume|[anim] Ivy Cudgel Fire\n|-supereffective|p1a: Vileplume\n|-crit|p1a: Vileplume\n|-damage|p1a: Vileplume|0 fnt\n|faint|p1a: Vileplume\n|\n|upkeep\n|-message|yokotsu fan forfeited.\n|\n|win|Davyd2605\n|raw|yokotsu fan's rating: 1048 &rarr; <strong>1034</strong><br />(-14 for losing)\n|raw|Davyd2605's rating: 1109 &rarr; <strong>1130</strong><br />(+21 for winning)\n|l|\u2606yokotsu fan\n|player|p1|\n", "uploadtime": 1781404998, "views": 7, "formatid": "gen9randombattle", "rating": 1034, "private": 0, "password": null}