{"id": "gen9randombattle-2631910890", "format": "[Gen 9] Random Battle", "players": ["SR-Cue", "Chicken347"], "log": "|j|\u2606SR-Cue\n|j|\u2606Chicken347\n|t:|1781454726\n|gametype|singles\n|player|p1|SR-Cue|170|1937\n|player|p2|Chicken347|101|2000\n|gen|9\n|tier|[Gen 9] Random Battle\n|rated|\n|rule|Species Clause: Limit one of each Pok\u00e9mon\n|rule|HP Percentage Mod: HP is shown in percentages\n|rule|Sleep Clause Mod: Limit one foe put to sleep\n|rule|Illusion Level Mod: Illusion disguises the Pok\u00e9mon's true level\n|\n|t:|1781454726\n|teamsize|p1|6\n|teamsize|p2|6\n|start\n|switch|p1a: Forretress|Forretress, L84, F|263/263\n|switch|p2a: Skarmory|Skarmory, L80, F|235/235\n|turn|1\n|inactive|Battle timer is ON: inactive players will automatically lose when time's up. (requested by Chicken347)\n|\n|t:|1781454741\n|switch|p1a: Meowstic|Meowstic, L89, M|277/277\n|move|p2a: Skarmory|Stealth Rock|p1a: Meowstic\n|-sidestart|p1: SR-Cue|move: Stealth Rock\n|\n|upkeep\n|turn|2\n|\n|t:|1781454747\n|switch|p2a: Iron Treads|Iron Treads, L77|265/265\n|move|p1a: Meowstic|Thunder Wave|p2a: Iron Treads\n|-immune|p2a: Iron Treads\n|\n|upkeep\n|turn|3\n|\n|t:|1781454753\n|move|p1a: Meowstic|Yawn|p2a: Iron Treads\n|-start|p2a: Iron Treads|move: Yawn|[of] p1a: Meowstic\n|move|p2a: Iron Treads|Knock Off|p1a: Meowstic\n|-supereffective|p1a: Meowstic\n|-damage|p1a: Meowstic|153/277\n|-enditem|p1a: Meowstic|Leftovers|[from] move: Knock Off|[of] p2a: Iron Treads\n|\n|upkeep\n|turn|4\n|\n|t:|1781454761\n|-end|p2a: Iron Treads|Quark Drive|[silent]\n|switch|p2a: Electivire|Electivire, L84, M|263/263\n|move|p1a: Meowstic|Thunder Wave|p2a: Electivire\n|-ability|p2a: Electivire|Motor Drive|boost\n|-boost|p2a: Electivire|spe|1\n|\n|upkeep\n|turn|5\n|\n|t:|1781454768\n|move|p1a: Meowstic|Yawn|p2a: Electivire\n|-start|p2a: Electivire|move: Yawn|[of] p1a: Meowstic\n|move|p2a: Electivire|Bulk Up|p2a: Electivire\n|-boost|p2a: Electivire|atk|1\n|-boost|p2a: Electivire|def|1\n|\n|upkeep\n|turn|6\n|\n|t:|1781454775\n|switch|p2a: Iron Treads|Iron Treads, L77|265/265\n|move|p1a: Meowstic|Psychic Noise|p2a: Iron Treads\n|-resisted|p2a: Iron Treads\n|-damage|p2a: Iron Treads|230/265\n|-start|p2a: Iron Treads|move: Heal Block\n|\n|upkeep\n|turn|7\n|\n|t:|1781454783\n|move|p1a: Meowstic|Yawn|p2a: Iron Treads\n|-start|p2a: Iron Treads|move: Yawn|[of] p1a: Meowstic\n|move|p2a: Iron Treads|Knock Off|p1a: Meowstic\n|-supereffective|p1a: Meowstic\n|-damage|p1a: Meowstic|57/277\n|\n|-end|p2a: Iron Treads|move: Heal Block\n|upkeep\n|turn|8\n|\n|t:|1781454791\n|-end|p2a: Iron Treads|Quark Drive|[silent]\n|switch|p2a: Ambipom|Ambipom, L84, M|263/263\n|move|p1a: Meowstic|Psychic Noise|p2a: Ambipom\n|-damage|p2a: Ambipom|160/263\n|-start|p2a: Ambipom|move: Heal Block\n|\n|upkeep\n|turn|9\n|\n|t:|1781454800\n|move|p1a: Meowstic|Thunder Wave|p2a: Ambipom\n|-status|p2a: Ambipom|par\n|move|p2a: Ambipom|U-turn|p1a: Meowstic\n|-supereffective|p1a: Meowstic\n|-damage|p1a: Meowstic|0 fnt\n|faint|p1a: Meowstic\n|\n|t:|1781454821\n|switch|p2a: Iron Treads|Iron Treads, L77|230/265|[from] U-turn\n|\n|upkeep\n|\n|t:|1781454827\n|switch|p1a: Forretress|Forretress, L84, F|263/263\n|-damage|p1a: Forretress|231/263|[from] Stealth Rock\n|turn|10\n|\n|t:|1781454836\n|move|p2a: Iron Treads|Earthquake|p1a: Forretress\n|-crit|p1a: Forretress\n|-damage|p1a: Forretress|126/263\n|move|p1a: Forretress|Rapid Spin|p2a: Iron Treads\n|-resisted|p2a: Iron Treads\n|-damage|p2a: Iron Treads|214/265\n|-boost|p1a: Forretress|spe|1\n|-sideend|p1: SR-Cue|Stealth Rock|[from] move: Rapid Spin|[of] p1a: Forretress\n|\n|-heal|p1a: Forretress|142/263|[from] item: Leftovers\n|upkeep\n|turn|11\n|\n|t:|1781454845\n|move|p2a: Iron Treads|Earthquake|p1a: Forretress\n|-crit|p1a: Forretress\n|-damage|p1a: Forretress|33/263\n|move|p1a: Forretress|Stealth Rock|p2a: Iron Treads\n|-sidestart|p2: Chicken347|move: Stealth Rock\n|\n|-heal|p1a: Forretress|49/263|[from] item: Leftovers\n|upkeep\n|turn|12\n|\n|t:|1781454854\n|move|p2a: Iron Treads|Rapid Spin|p1a: Forretress\n|-resisted|p1a: Forretress\n|-damage|p1a: Forretress|37/263\n|-boost|p2a: Iron Treads|spe|1\n|-sideend|p2: Chicken347|Stealth Rock|[from] move: Rapid Spin|[of] p2a: Iron Treads\n|move|p1a: Forretress|Body Press|p2a: Iron Treads\n|-supereffective|p2a: Iron Treads\n|-damage|p2a: Iron Treads|86/265\n|\n|-heal|p1a: Forretress|53/263|[from] item: Leftovers\n|upkeep\n|turn|13\n|\n|t:|1781454865\n|switch|p1a: Spidops|Spidops, L96, M|271/271\n|move|p2a: Iron Treads|Knock Off|p1a: Spidops\n|-damage|p1a: Spidops|219/271\n|-enditem|p1a: Spidops|Heavy-Duty Boots|[from] move: Knock Off|[of] p2a: Iron Treads\n|\n|upkeep\n|turn|14\n|\n|t:|1781454874\n|-end|p2a: Iron Treads|Quark Drive|[silent]\n|switch|p2a: Skarmory|Skarmory, L80, F|235/235\n|move|p1a: Spidops|Circle Throw|p2a: Skarmory\n|-damage|p2a: Skarmory|169/235\n|drag|p2a: Bruxish|Bruxish, L85, F|254/254\n|\n|upkeep\n|turn|15\n|\n|t:|1781454885\n|switch|p2a: Skarmory|Skarmory, L80, F|169/235\n|move|p1a: Spidops|Sticky Web|p2a: Skarmory\n|-sidestart|p2: Chicken347|move: Sticky Web\n|\n|-heal|p2a: Skarmory|183/235|[from] item: Leftovers\n|upkeep\n|turn|16\n|\n|t:|1781454892\n|move|p2a: Skarmory|Brave Bird|p1a: Spidops\n|-supereffective|p1a: Spidops\n|-damage|p1a: Spidops|33/271\n|-damage|p2a: Skarmory|122/235|[from] Recoil\n|move|p1a: Spidops|Circle Throw|p2a: Skarmory\n|-damage|p2a: Skarmory|86/235\n|drag|p2a: Iron Treads|Iron Treads, L77|86/265\n|-activate|p2a: Iron Treads|move: Sticky Web\n|-unboost|p2a: Iron Treads|spe|1\n|\n|upkeep\n|turn|17\n|\n|t:|1781454907\n|-terastallize|p1a: Spidops|Ghost\n|move|p2a: Iron Treads|Rapid Spin|p1a: Spidops\n|-immune|p1a: Spidops\n|move|p1a: Spidops|Knock Off|p2a: Iron Treads\n|-damage|p2a: Iron Treads|16/265\n|-enditem|p2a: Iron Treads|Assault Vest|[from] move: Knock Off|[of] p1a: Spidops\n|\n|upkeep\n|turn|18\n|\n|t:|1781454924\n|switch|p1a: Weavile|Weavile, L79, F|240/240\n|move|p2a: Iron Treads|Knock Off|p1a: Weavile\n|-resisted|p1a: Weavile\n|-damage|p1a: Weavile|197/240\n|-enditem|p1a: Weavile|Heavy-Duty Boots|[from] move: Knock Off|[of] p2a: Iron Treads\n|\n|upkeep\n|turn|19\n|\n|t:|1781454933\n|move|p1a: Weavile|Knock Off|p2a: Iron Treads\n|-damage|p2a: Iron Treads|0 fnt\n|faint|p2a: Iron Treads\n|-end|p2a: Iron Treads|Quark Drive|[silent]\n|\n|upkeep\n|\n|t:|1781454948\n|switch|p2a: Electivire|Electivire, L84, M|263/263\n|-activate|p2a: Electivire|move: Sticky Web\n|-unboost|p2a: Electivire|spe|1\n|turn|20\n|\n|t:|1781454965\n|switch|p1a: Spidops|Spidops, L96, M, tera:Ghost|33/271\n|move|p2a: Electivire|Bulk Up|p2a: Electivire\n|-boost|p2a: Electivire|atk|1\n|-boost|p2a: Electivire|def|1\n|\n|upkeep\n|turn|21\n|l|\u2606Chicken347\n|inactive|Chicken347 disconnected and has a minute to reconnect!\n|player|p2|\n|j|\u2606Chicken347\n|inactive|Chicken347 reconnected and has 150 seconds left.\n|player|p2|Chicken347|101|\n|\n|t:|1781454976\n|move|p2a: Electivire|Earthquake|p1a: Spidops\n|-crit|p1a: Spidops\n|-damage|p1a: Spidops|0 fnt\n|faint|p1a: Spidops\n|-damage|p2a: Electivire|237/263|[from] item: Life Orb\n|\n|upkeep\n|\n|t:|1781454986\n|switch|p1a: Inteleon|Inteleon, L81, F|246/246\n|turn|22\n|\n|t:|1781454995\n|move|p1a: Inteleon|Hydro Pump|p2a: Electivire\n|-damage|p2a: Electivire|45/263\n|move|p2a: Electivire|Supercell Slam|p1a: Inteleon\n|-supereffective|p1a: Inteleon\n|-damage|p1a: Inteleon|0 fnt\n|faint|p1a: Inteleon\n|-damage|p2a: Electivire|19/263|[from] item: Life Orb\n|\n|upkeep\n|\n|t:|1781455004\n|switch|p1a: Weavile|Weavile, L79, F|197/240\n|turn|23\n|\n|t:|1781455009\n|move|p1a: Weavile|Knock Off|p2a: Electivire\n|-damage|p2a: Electivire|0 fnt\n|-enditem|p2a: Electivire|Life Orb|[from] move: Knock Off|[of] p1a: Weavile\n|faint|p2a: Electivire\n|\n|upkeep\n|\n|t:|1781455018\n|switch|p2a: Skarmory|Skarmory, L80, F|86/235\n|turn|24\n|\n|t:|1781455022\n|move|p1a: Weavile|Triple Axel|p2a: Skarmory\n|-damage|p2a: Skarmory|70/235\n|-damage|p2a: Skarmory|36/235\n|-damage|p2a: Skarmory|0 fnt\n|faint|p2a: Skarmory\n|-hitcount|p2: Skarmory|3\n|\n|upkeep\n|\n|t:|1781455032\n|switch|p2a: Bruxish|Bruxish, L85, F|254/254\n|-activate|p2a: Bruxish|move: Sticky Web\n|-unboost|p2a: Bruxish|spe|1\n|turn|25\n|\n|t:|1781455036\n|switch|p1a: Forretress|Forretress, L84, F|53/263\n|-terastallize|p2a: Bruxish|Dark\n|move|p2a: Bruxish|Wave Crash|p1a: Forretress\n|-damage|p1a: Forretress|0 fnt\n|faint|p1a: Forretress\n|-damage|p2a: Bruxish|237/254|[from] Recoil\n|\n|upkeep\n|\n|t:|1781455046\n|switch|p1a: Manaphy|Manaphy, L78|284/284\n|turn|26\n|\n|t:|1781455049\n|switch|p2a: Ambipom|Ambipom, L84, M|160/263 par\n|-activate|p2a: Ambipom|move: Sticky Web\n|-unboost|p2a: Ambipom|spe|1\n|move|p1a: Manaphy|Tail Glow|p1a: Manaphy\n|-boost|p1a: Manaphy|spa|3\n|\n|upkeep\n|turn|27\n|\n|t:|1781455057\n|move|p1a: Manaphy|Surf|p2a: Ambipom\n|-damage|p2a: Ambipom|0 fnt\n|faint|p2a: Ambipom\n|\n|upkeep\n|\n|t:|1781455065\n|switch|p2a: Frosmoth|Frosmoth, L82, F|249/249\n|turn|28\n|\n|t:|1781455070\n|move|p1a: Manaphy|Surf|p2a: Frosmoth\n|-damage|p2a: Frosmoth|146/249\n|move|p2a: Frosmoth|Quiver Dance|p2a: Frosmoth\n|-boost|p2a: Frosmoth|spa|1\n|-boost|p2a: Frosmoth|spd|1\n|-boost|p2a: Frosmoth|spe|1\n|\n|upkeep\n|turn|29\n|\n|t:|1781455077\n|move|p2a: Frosmoth|Quiver Dance|p2a: Frosmoth\n|-boost|p2a: Frosmoth|spa|1\n|-boost|p2a: Frosmoth|spd|1\n|-boost|p2a: Frosmoth|spe|1\n|move|p1a: Manaphy|Surf|p2a: Frosmoth\n|-damage|p2a: Frosmoth|91/249\n|\n|upkeep\n|turn|30\n|\n|t:|1781455083\n|move|p2a: Frosmoth|Giga Drain|p1a: Manaphy\n|-supereffective|p1a: Manaphy\n|-damage|p1a: Manaphy|38/284\n|-heal|p2a: Frosmoth|214/249|[from] drain|[of] p1a: Manaphy\n|move|p1a: Manaphy|Surf|p2a: Frosmoth\n|-damage|p2a: Frosmoth|162/249\n|\n|-heal|p1a: Manaphy|55/284|[from] item: Leftovers\n|upkeep\n|turn|31\n|-message|SR-Cue forfeited.\n|\n|win|Chicken347\n", "uploadtime": 1781454728, "views": 4, "formatid": "gen9randombattle", "rating": null, "private": 0, "password": null}