{"id": "gen9randombattle-2631915467", "format": "[Gen 9] Random Battle", "players": ["Yomy", "Green Calf"], "log": "|j|\u2606Yomy\n|j|\u2606Green Calf\n|t:|1781455209\n|gametype|singles\n|player|p1|Yomy|ingo|1969\n|player|p2|Green Calf|2|1965\n|gen|9\n|tier|[Gen 9] Random Battle\n|rated|\n|rule|Species Clause: Limit one of each Pok\u00e9mon\n|rule|HP Percentage Mod: HP is shown in percentages\n|rule|Sleep Clause Mod: Limit one foe put to sleep\n|rule|Illusion Level Mod: Illusion disguises the Pok\u00e9mon's true level\n|\n|t:|1781455209\n|teamsize|p1|6\n|teamsize|p2|6\n|start\n|switch|p1a: Golem|Golem-Alola, L93, M|300/300\n|switch|p2a: Iron Leaves|Iron Leaves, L80|275/275\n|turn|1\n|\n|t:|1781455228\n|switch|p1a: Scizor|Scizor, L79, M|240/240\n|move|p2a: Iron Leaves|Leaf Blade|p1a: Scizor\n|-resisted|p1a: Scizor\n|-damage|p1a: Scizor|199/240\n|\n|upkeep\n|turn|2\n|\n|t:|1781455234\n|-end|p2a: Iron Leaves|Quark Drive|[silent]\n|switch|p2a: Electrode|Electrode, L92|260/260\n|move|p1a: Scizor|U-turn|p2a: Electrode\n|-damage|p2a: Electrode|136/260\n|\n|t:|1781455244\n|switch|p1a: Golem|Golem-Alola, L93, M|300/300|[from] U-turn\n|\n|upkeep\n|turn|3\n|\n|t:|1781455258\n|move|p2a: Electrode|Volt Switch|p1a: Golem\n|-resisted|p1a: Golem\n|-damage|p1a: Golem|242/300\n|-damage|p2a: Electrode|110/260|[from] item: Life Orb\n|\n|t:|1781455263\n|switch|p2a: Dewgong|Dewgong, L94, M|322/322|[from] Volt Switch\n|move|p1a: Golem|Stone Edge|p2a: Dewgong\n|-supereffective|p2a: Dewgong\n|-damage|p2a: Dewgong|0 fnt\n|faint|p2a: Dewgong\n|\n|upkeep\n|\n|t:|1781455266\n|switch|p2a: Iron Leaves|Iron Leaves, L80|275/275\n|turn|4\n|\n|t:|1781455274\n|move|p2a: Iron Leaves|Leaf Blade|p1a: Golem\n|-supereffective|p1a: Golem\n|-damage|p1a: Golem|18/300\n|move|p1a: Golem|Stone Edge|p2a: Iron Leaves\n|-damage|p2a: Iron Leaves|49/275\n|\n|upkeep\n|turn|5\n|inactive|Battle timer is ON: inactive players will automatically lose when time's up. (requested by Yomy)\n|\n|t:|1781455351\n|move|p2a: Iron Leaves|Leaf Blade|p1a: Golem\n|-supereffective|p1a: Golem\n|-damage|p1a: Golem|0 fnt\n|faint|p1a: Golem\n|\n|upkeep\n|\n|t:|1781455356\n|switch|p1a: Scizor|Scizor, L79, M|199/240\n|turn|6\n|\n|t:|1781455377\n|-end|p2a: Iron Leaves|Quark Drive|[silent]\n|switch|p2a: Electrode|Electrode, L92|110/260\n|move|p1a: Scizor|Knock Off|p2a: Electrode\n|-damage|p2a: Electrode|0 fnt\n|-enditem|p2a: Electrode|Life Orb|[from] move: Knock Off|[of] p1a: Scizor\n|faint|p2a: Electrode\n|\n|upkeep\n|\n|t:|1781455382\n|switch|p2a: Koraidon|Koraidon, L64|235/235\n|-weather|SunnyDay|[from] ability: Orichalcum Pulse|[of] p2a: Koraidon\n|-activate|p2a: Koraidon|Orichalcum Pulse|[source]\n|turn|7\n|\n|t:|1781455396\n|switch|p1a: Electivire|Electivire, L84, F|263/263\n|move|p2a: Koraidon|Flare Blitz|p1a: Electivire\n|-damage|p1a: Electivire|105/263\n|-damage|p2a: Koraidon|183/235|[from] Recoil\n|\n|-weather|SunnyDay|[upkeep]\n|upkeep\n|turn|8\n|\n|t:|1781455416\n|move|p2a: Koraidon|Flare Blitz|p1a: Electivire\n|-damage|p1a: Electivire|0 fnt\n|faint|p1a: Electivire\n|-damage|p2a: Koraidon|148/235|[from] Recoil\n|\n|-weather|SunnyDay|[upkeep]\n|upkeep\n|\n|t:|1781455421\n|switch|p1a: Floatzel|Floatzel, L86, M|286/286\n|turn|9\n|\n|t:|1781455443\n|switch|p2a: Scyther|Scyther, L82, F|249/249\n|move|p1a: Floatzel|Bulk Up|p1a: Floatzel\n|-boost|p1a: Floatzel|atk|1\n|-boost|p1a: Floatzel|def|1\n|\n|-weather|SunnyDay|[upkeep]\n|upkeep\n|turn|10\n|\n|t:|1781455449\n|move|p1a: Floatzel|Ice Spinner|p2a: Scyther\n|-supereffective|p2a: Scyther\n|-damage|p2a: Scyther|51/249\n|move|p2a: Scyther|Swords Dance|p2a: Scyther\n|-boost|p2a: Scyther|atk|2\n|\n|-weather|SunnyDay|[upkeep]\n|upkeep\n|turn|11\n|-message|Green Calf forfeited.\n|\n|win|Yomy\n", "uploadtime": 1781455211, "views": 3, "formatid": "gen9randombattle", "rating": null, "private": 0, "password": null}