{"id": "gen9randombattle-2631463949", "format": "[Gen 9] Random Battle", "players": ["KnightsOfNi", "iaremoose"], "log": "|j|\u2606KnightsOfNi\n|j|\u2606iaremoose\n|t:|1781387877\n|gametype|singles\n|player|p1|KnightsOfNi|plasmagrunt-gen5bw|2186\n|player|p2|iaremoose|acetrainerf-gen4|2285\n|gen|9\n|tier|[Gen 9] Random Battle\n|rated|\n|rule|Species Clause: Limit one of each Pok\u00e9mon\n|rule|HP Percentage Mod: HP is shown in percentages\n|rule|Sleep Clause Mod: Limit one foe put to sleep\n|rule|Illusion Level Mod: Illusion disguises the Pok\u00e9mon's true level\n|\n|t:|1781387877\n|teamsize|p1|6\n|teamsize|p2|6\n|start\n|switch|p1a: Lycanroc|Lycanroc-Dusk, L81, M|254/254\n|switch|p2a: Bellossom|Bellossom, L84, M|263/263\n|turn|1\n|inactive|Battle timer is ON: inactive players will automatically lose when time's up. (requested by KnightsOfNi)\n|\n|t:|1781387893\n|switch|p1a: Sableye|Sableye, L88, M|231/231\n|move|p2a: Bellossom|Strength Sap|p1a: Sableye\n|-unboost|p1a: Sableye|atk|1\n|\n|upkeep\n|turn|2\n|\n|t:|1781387900\n|switch|p2a: Flareon|Flareon, L90, F|263/263\n|move|p1a: Sableye|Thunder Wave|p2a: Flareon\n|-status|p2a: Flareon|par\n|\n|upkeep\n|turn|3\n|\n|t:|1781387907\n|switch|p1a: Gliscor|Gliscor, L76, M|239/239\n|cant|p2a: Flareon|par\n|\n|-status|p1a: Gliscor|tox|[from] item: Toxic Orb\n|upkeep\n|turn|4\n|\n|t:|1781387916\n|move|p1a: Gliscor|Earthquake|p2a: Flareon\n|-supereffective|p2a: Flareon\n|-damage|p2a: Flareon|41/263 par\n|cant|p2a: Flareon|par\n|\n|upkeep\n|turn|5\n|\n|t:|1781387924\n|move|p2a: Flareon|Quick Attack|p1a: Gliscor\n|-damage|p1a: Gliscor|189/239 tox\n|move|p1a: Gliscor|Earthquake|p2a: Flareon\n|-supereffective|p2a: Flareon\n|-damage|p2a: Flareon|0 fnt\n|faint|p2a: Flareon\n|\n|-heal|p1a: Gliscor|218/239 tox|[from] ability: Poison Heal\n|upkeep\n|\n|t:|1781387927\n|switch|p2a: Clawitzer|Clawitzer, L87, M|265/265\n|turn|6\n|\n|t:|1781387930\n|move|p1a: Gliscor|Protect|p1a: Gliscor\n|-singleturn|p1a: Gliscor|Protect\n|move|p2a: Clawitzer|Water Pulse|p1a: Gliscor\n|-activate|p1a: Gliscor|move: Protect\n|\n|-heal|p1a: Gliscor|239/239 tox|[from] ability: Poison Heal\n|upkeep\n|turn|7\n|\n|t:|1781387939\n|switch|p1a: Raikou|Raikou, L81|278/278\n|-ability|p1a: Raikou|Pressure\n|move|p2a: Clawitzer|Water Pulse|p1a: Raikou\n|-damage|p1a: Raikou|160/278\n|\n|-heal|p1a: Raikou|177/278|[from] item: Leftovers\n|upkeep\n|turn|8\n|\n|t:|1781387948\n|move|p1a: Raikou|Thunderbolt|p2a: Clawitzer\n|-supereffective|p2a: Clawitzer\n|-damage|p2a: Clawitzer|137/265\n|move|p2a: Clawitzer|U-turn|p1a: Raikou\n|-damage|p1a: Raikou|130/278\n|\n|t:|1781387953\n|switch|p2a: Azelf|Azelf, L82|257/257|[from] U-turn\n|\n|-heal|p1a: Raikou|147/278|[from] item: Leftovers\n|upkeep\n|turn|9\n|\n|t:|1781387960\n|switch|p1a: Sableye|Sableye, L88, M|231/231\n|move|p2a: Azelf|Stealth Rock|p1a: Sableye\n|-sidestart|p1: KnightsOfNi|move: Stealth Rock\n|\n|upkeep\n|turn|10\n|\n|t:|1781387967\n|switch|p2a: Clawitzer|Clawitzer, L87, M|137/265\n|move|p1a: Sableye|Knock Off|p2a: Clawitzer\n|-damage|p2a: Clawitzer|46/265\n|-enditem|p2a: Clawitzer|Assault Vest|[from] move: Knock Off|[of] p1a: Sableye\n|\n|upkeep\n|turn|11\n|\n|t:|1781387975\n|move|p2a: Clawitzer|Water Pulse|p1a: Sableye\n|-damage|p1a: Sableye|101/231\n|move|p1a: Sableye|Knock Off|p2a: Clawitzer\n|-damage|p2a: Clawitzer|0 fnt\n|faint|p2a: Clawitzer\n|\n|-heal|p1a: Sableye|115/231|[from] item: Leftovers\n|upkeep\n|\n|t:|1781387997\n|switch|p2a: Breloom|Breloom, L83, M|235/235\n|turn|12\n|\n|t:|1781388014\n|switch|p1a: Gliscor|Gliscor, L76, M|239/239 tox\n|-damage|p1a: Gliscor|210/239 tox|[from] Stealth Rock\n|move|p2a: Breloom|Bullet Seed|p1a: Gliscor\n|-damage|p1a: Gliscor|154/239 tox\n|-damage|p1a: Gliscor|98/239 tox\n|-hitcount|p1a: Gliscor|2\n|-damage|p2a: Breloom|212/235|[from] item: Life Orb\n|\n|-heal|p1a: Gliscor|127/239 tox|[from] ability: Poison Heal\n|upkeep\n|turn|13\n|\n|t:|1781388023\n|move|p1a: Gliscor|Toxic|p2a: Breloom\n|-status|p2a: Breloom|tox\n|move|p2a: Breloom|Bullet Seed|p1a: Gliscor\n|-damage|p1a: Gliscor|67/239 tox\n|-damage|p1a: Gliscor|15/239 tox\n|-hitcount|p1a: Gliscor|2\n|-damage|p2a: Breloom|189/235 tox|[from] item: Life Orb\n|\n|-heal|p1a: Gliscor|44/239 tox|[from] ability: Poison Heal\n|-damage|p2a: Breloom|175/235 tox|[from] psn\n|upkeep\n|turn|14\n|\n|t:|1781388030\n|move|p1a: Gliscor|Protect|p1a: Gliscor\n|-singleturn|p1a: Gliscor|Protect\n|move|p2a: Breloom|Swords Dance|p2a: Breloom\n|-boost|p2a: Breloom|atk|2\n|\n|-heal|p1a: Gliscor|73/239 tox|[from] ability: Poison Heal\n|-damage|p2a: Breloom|147/235 tox|[from] psn\n|upkeep\n|turn|15\n|\n|t:|1781388049\n|switch|p1a: Raikou|Raikou, L81|147/278\n|-damage|p1a: Raikou|113/278|[from] Stealth Rock\n|-ability|p1a: Raikou|Pressure\n|move|p2a: Breloom|Bullet Seed|p1a: Raikou\n|-damage|p1a: Raikou|0 fnt\n|faint|p1a: Raikou\n|-hitcount|p1: Raikou|1\n|-damage|p2a: Breloom|124/235 tox|[from] item: Life Orb\n|\n|-damage|p2a: Breloom|82/235 tox|[from] psn\n|upkeep\n|\n|t:|1781388067\n|switch|p1a: Gliscor|Gliscor, L76, M|73/239 tox\n|-damage|p1a: Gliscor|44/239 tox|[from] Stealth Rock\n|turn|16\n|\n|t:|1781388075\n|move|p1a: Gliscor|Earthquake|p2a: Breloom\n|-resisted|p2a: Breloom\n|-damage|p2a: Breloom|35/235 tox\n|move|p2a: Breloom|Bullet Seed|p1a: Gliscor\n|-damage|p1a: Gliscor|0 fnt\n|faint|p1a: Gliscor\n|-hitcount|p1: Gliscor|1\n|-damage|p2a: Breloom|12/235 tox|[from] item: Life Orb\n|\n|-damage|p2a: Breloom|0 fnt|[from] psn\n|faint|p2a: Breloom\n|upkeep\n|\n|t:|1781388087\n|switch|p1a: Sableye|Sableye, L88, M|115/231\n|switch|p2a: Metagross|Metagross, L79|256/256\n|-damage|p1a: Sableye|87/231|[from] Stealth Rock\n|turn|17\n|\n|t:|1781388101\n|-terastallize|p2a: Metagross|Ground\n|move|p1a: Sableye|Thunder Wave|p2a: Metagross\n|-immune|p2a: Metagross\n|move|p2a: Metagross|Heavy Slam|p1a: Sableye\n|-damage|p1a: Sableye|0 fnt\n|faint|p1a: Sableye\n|\n|upkeep\n|\n|t:|1781388104\n|switch|p1a: Iron Bundle|Iron Bundle, L78|215/215\n|-damage|p1a: Iron Bundle|162/215|[from] Stealth Rock\n|turn|18\n|\n|t:|1781388113\n|move|p1a: Iron Bundle|Ice Beam|p2a: Metagross\n|-supereffective|p2a: Metagross\n|-damage|p2a: Metagross|0 fnt\n|faint|p2a: Metagross\n|\n|upkeep\n|\n|t:|1781388116\n|switch|p2a: Azelf|Azelf, L82|257/257\n|turn|19\n|\n|t:|1781388122\n|-end|p1a: Iron Bundle|Quark Drive|[silent]\n|switch|p1a: Quagsire|Quagsire, L84, M|297/297\n|-damage|p1a: Quagsire|279/297|[from] Stealth Rock\n|move|p2a: Azelf|Psychic|p1a: Quagsire\n|-damage|p1a: Quagsire|129/297\n|\n|-heal|p1a: Quagsire|147/297|[from] item: Leftovers\n|upkeep\n|turn|20\n|\n|t:|1781388129\n|move|p2a: Azelf|Psychic|p1a: Quagsire\n|-damage|p1a: Quagsire|18/297\n|move|p1a: Quagsire|Toxic|p2a: Azelf\n|-status|p2a: Azelf|tox\n|\n|-heal|p1a: Quagsire|36/297|[from] item: Leftovers\n|-damage|p2a: Azelf|241/257 tox|[from] psn\n|upkeep\n|turn|21\n|\n|t:|1781388134\n|move|p2a: Azelf|Psychic|p1a: Quagsire\n|-damage|p1a: Quagsire|0 fnt\n|faint|p1a: Quagsire\n|\n|-heal|p2a: Azelf|257/257 tox|[from] item: Leftovers\n|-damage|p2a: Azelf|225/257 tox|[from] psn\n|upkeep\n|\n|t:|1781388135\n|switch|p1a: Lycanroc|Lycanroc-Dusk, L81, M|254/254\n|-damage|p1a: Lycanroc|223/254|[from] Stealth Rock\n|turn|22\n|\n|t:|1781388140\n|move|p2a: Azelf|Taunt|p1a: Lycanroc\n|-start|p1a: Lycanroc|move: Taunt\n|cant|p1a: Lycanroc|move: Taunt|Swords Dance\n|\n|-heal|p2a: Azelf|241/257 tox|[from] item: Leftovers\n|-damage|p2a: Azelf|193/257 tox|[from] psn\n|upkeep\n|turn|23\n|\n|t:|1781388144\n|move|p2a: Azelf|Psychic|p1a: Lycanroc\n|-damage|p1a: Lycanroc|93/254\n|move|p1a: Lycanroc|Stone Edge|p2a: Azelf\n|-damage|p2a: Azelf|10/257 tox\n|-damage|p1a: Lycanroc|68/254|[from] item: Life Orb\n|\n|-heal|p2a: Azelf|26/257 tox|[from] item: Leftovers\n|-damage|p2a: Azelf|0 fnt|[from] psn\n|faint|p2a: Azelf\n|upkeep\n|\n|t:|1781388145\n|switch|p2a: Bellossom|Bellossom, L84, M|263/263\n|turn|24\n|\n|t:|1781388150\n|move|p1a: Lycanroc|Stone Edge|p2a: Bellossom|[miss]\n|-miss|p1a: Lycanroc|p2a: Bellossom\n|move|p2a: Bellossom|Strength Sap|p1a: Lycanroc\n|-unboost|p1a: Lycanroc|atk|1\n|\n|-end|p1a: Lycanroc|move: Taunt\n|upkeep\n|turn|25\n|\n|t:|1781388154\n|move|p1a: Lycanroc|Swords Dance|p1a: Lycanroc\n|-boost|p1a: Lycanroc|atk|2\n|move|p2a: Bellossom|Quiver Dance|p2a: Bellossom\n|-boost|p2a: Bellossom|spa|1\n|-boost|p2a: Bellossom|spd|1\n|-boost|p2a: Bellossom|spe|1\n|\n|upkeep\n|turn|26\n|\n|t:|1781388156\n|move|p1a: Lycanroc|Stone Edge|p2a: Bellossom\n|-damage|p2a: Bellossom|36/263\n|-damage|p1a: Lycanroc|43/254|[from] item: Life Orb\n|move|p2a: Bellossom|Quiver Dance|p2a: Bellossom\n|-boost|p2a: Bellossom|spa|1\n|-boost|p2a: Bellossom|spd|1\n|-boost|p2a: Bellossom|spe|1\n|\n|-heal|p2a: Bellossom|52/263|[from] item: Leftovers\n|upkeep\n|turn|27\n|\n|t:|1781388162\n|move|p1a: Lycanroc|Accelerock|p2a: Bellossom\n|-damage|p2a: Bellossom|0 fnt\n|faint|p2a: Bellossom\n|-damage|p1a: Lycanroc|18/254|[from] item: Life Orb\n|\n|win|KnightsOfNi\n", "uploadtime": 1781387879, "views": 5, "formatid": "gen9randombattle", "rating": null, "private": 0, "password": null}