{"id": "gen9randombattle-2631557322", "format": "[Gen 9] Random Battle", "players": ["goodbyepkm", "TaleThatWasntRight"], "log": "|j|\u203dgoodbyepkm\n|j|\u2606TaleThatWasntRight\n|t:|1781400986\n|gametype|singles\n|player|p1|goodbyepkm|101|1124\n|player|p2|TaleThatWasntRight|battlegirl-gen4|1151\n|gen|9\n|tier|[Gen 9] Random Battle\n|rated|\n|rule|Species Clause: Limit one of each Pok\u00e9mon\n|rule|HP Percentage Mod: HP is shown in percentages\n|rule|Sleep Clause Mod: Limit one foe put to sleep\n|rule|Illusion Level Mod: Illusion disguises the Pok\u00e9mon's true level\n|\n|t:|1781400986\n|teamsize|p1|6\n|teamsize|p2|6\n|start\n|switch|p1a: Flutter Mane|Flutter Mane, L74|203/203\n|switch|p2a: Oinkologne|Oinkologne, L92, M|352/352\n|turn|1\n|inactive|Battle timer is ON: inactive players will automatically lose when time's up. (requested by TaleThatWasntRight)\n|\n|t:|1781400999\n|move|p1a: Flutter Mane|Shadow Ball|p2a: Oinkologne\n|-immune|p2a: Oinkologne\n|move|p2a: Oinkologne|Curse|p2a: Oinkologne\n|-unboost|p2a: Oinkologne|spe|1\n|-boost|p2a: Oinkologne|atk|1\n|-boost|p2a: Oinkologne|def|1\n|\n|upkeep\n|turn|2\n|inactive|TaleThatWasntRight has 120 seconds left.\n|inactive|TaleThatWasntRight has 90 seconds left.\n|\n|t:|1781401059\n|move|p1a: Flutter Mane|Calm Mind|p1a: Flutter Mane\n|-boost|p1a: Flutter Mane|spa|1\n|-boost|p1a: Flutter Mane|spd|1\n|move|p2a: Oinkologne|Lash Out|p1a: Flutter Mane\n|-damage|p1a: Flutter Mane|61/203\n|\n|upkeep\n|turn|3\n|\n|t:|1781401074\n|move|p1a: Flutter Mane|Calm Mind|p1a: Flutter Mane\n|-boost|p1a: Flutter Mane|spa|1\n|-boost|p1a: Flutter Mane|spd|1\n|move|p2a: Oinkologne|Lash Out|p1a: Flutter Mane\n|-damage|p1a: Flutter Mane|0 fnt\n|faint|p1a: Flutter Mane\n|-end|p1a: Flutter Mane|Protosynthesis|[silent]\n|\n|upkeep\n|\n|t:|1781401083\n|switch|p1a: Pelipper|Pelipper, L86, M|243/243\n|-weather|RainDance|[from] ability: Drizzle|[of] p1a: Pelipper\n|turn|4\n|\n|t:|1781401093\n|move|p1a: Pelipper|U-turn|p2a: Oinkologne\n|-damage|p2a: Oinkologne|328/352\n|\n|t:|1781401096\n|switch|p1a: Slowbro|Slowbro-Galar, L87, F|307/307|[from] U-turn\n|move|p2a: Oinkologne|Body Slam|p1a: Slowbro\n|-damage|p1a: Slowbro|169/307\n|-status|p1a: Slowbro|par\n|\n|-weather|RainDance|[upkeep]\n|-heal|p2a: Oinkologne|350/352|[from] item: Leftovers\n|upkeep\n|turn|5\n|inactive|TaleThatWasntRight has 120 seconds left.\n|\n|t:|1781401111\n|move|p2a: Oinkologne|High Horsepower|p1a: Slowbro\n|-supereffective|p1a: Slowbro\n|-damage|p1a: Slowbro|0 fnt\n|faint|p1a: Slowbro\n|\n|-weather|RainDance|[upkeep]\n|-heal|p2a: Oinkologne|352/352|[from] item: Leftovers\n|upkeep\n|\n|t:|1781401119\n|switch|p1a: Arceus|Arceus-Steel, L70|284/284\n|turn|6\n|inactive|TaleThatWasntRight has 120 seconds left.\n|\n|t:|1781401134\n|-terastallize|p2a: Oinkologne|Ground\n|move|p1a: Arceus|Will-O-Wisp|p2a: Oinkologne\n|-status|p2a: Oinkologne|brn\n|move|p2a: Oinkologne|High Horsepower|p1a: Arceus\n|-supereffective|p1a: Arceus\n|-damage|p1a: Arceus|118/284\n|\n|-weather|RainDance|[upkeep]\n|-damage|p2a: Oinkologne|330/352 brn|[from] brn\n|upkeep\n|turn|7\n|inactive|TaleThatWasntRight has 120 seconds left.\n|\n|t:|1781401147\n|move|p1a: Arceus|Recover|p1a: Arceus\n|-heal|p1a: Arceus|260/284\n|move|p2a: Oinkologne|Curse|p2a: Oinkologne\n|-unboost|p2a: Oinkologne|spe|1\n|-boost|p2a: Oinkologne|atk|1\n|-boost|p2a: Oinkologne|def|1\n|\n|-weather|RainDance|[upkeep]\n|-heal|p2a: Oinkologne|352/352 brn|[from] item: Leftovers\n|-damage|p2a: Oinkologne|330/352 brn|[from] brn\n|upkeep\n|turn|8\n|\n|t:|1781401159\n|move|p1a: Arceus|Judgment|p2a: Oinkologne\n|-damage|p2a: Oinkologne|225/352 brn\n|move|p2a: Oinkologne|High Horsepower|p1a: Arceus\n|-supereffective|p1a: Arceus\n|-damage|p1a: Arceus|20/284\n|\n|-weather|none\n|-heal|p2a: Oinkologne|247/352 brn|[from] item: Leftovers\n|-damage|p2a: Oinkologne|225/352 brn|[from] brn\n|upkeep\n|turn|9\n|\n|t:|1781401172\n|move|p1a: Arceus|Recover|p1a: Arceus\n|-heal|p1a: Arceus|162/284\n|move|p2a: Oinkologne|High Horsepower|p1a: Arceus\n|-supereffective|p1a: Arceus\n|-damage|p1a: Arceus|0 fnt\n|faint|p1a: Arceus\n|\n|-heal|p2a: Oinkologne|247/352 brn|[from] item: Leftovers\n|-damage|p2a: Oinkologne|225/352 brn|[from] brn\n|upkeep\n|\n|t:|1781401185\n|switch|p1a: Spectrier|Spectrier, L75|274/274\n|turn|10\n|\n|t:|1781401191\n|-terastallize|p1a: Spectrier|Dark\n|move|p1a: Spectrier|Dark Pulse|p2a: Oinkologne\n|-damage|p2a: Oinkologne|111/352 brn\n|-damage|p1a: Spectrier|247/274|[from] item: Life Orb\n|move|p2a: Oinkologne|Lash Out|p1a: Spectrier\n|-resisted|p1a: Spectrier\n|-damage|p1a: Spectrier|203/274\n|\n|-heal|p2a: Oinkologne|133/352 brn|[from] item: Leftovers\n|-damage|p2a: Oinkologne|111/352 brn|[from] brn\n|upkeep\n|turn|11\n|\n|t:|1781401207\n|switch|p2a: Primarina|Primarina, L83, F|268/268\n|move|p1a: Spectrier|Dark Pulse|p2a: Primarina\n|-resisted|p2a: Primarina\n|-damage|p2a: Primarina|215/268\n|-damage|p1a: Spectrier|176/274|[from] item: Life Orb\n|\n|-heal|p2a: Primarina|231/268|[from] item: Leftovers\n|upkeep\n|turn|12\n|inactive|TaleThatWasntRight has 120 seconds left.\n|\n|t:|1781401239\n|move|p1a: Spectrier|Nasty Plot|p1a: Spectrier\n|-boost|p1a: Spectrier|spa|2\n|move|p2a: Primarina|Calm Mind|p2a: Primarina\n|-boost|p2a: Primarina|spa|1\n|-boost|p2a: Primarina|spd|1\n|\n|-heal|p2a: Primarina|247/268|[from] item: Leftovers\n|upkeep\n|turn|13\n|\n|t:|1781401250\n|move|p1a: Spectrier|Shadow Ball|p2a: Primarina\n|-damage|p2a: Primarina|101/268\n|-damage|p1a: Spectrier|149/274|[from] item: Life Orb\n|move|p2a: Primarina|Draining Kiss|p1a: Spectrier\n|-supereffective|p1a: Spectrier\n|-damage|p1a: Spectrier|0 fnt\n|-heal|p2a: Primarina|213/268|[from] drain|[of] p1a: Spectrier\n|faint|p1a: Spectrier\n|\n|-heal|p2a: Primarina|229/268|[from] item: Leftovers\n|upkeep\n|\n|t:|1781401262\n|switch|p1a: Pelipper|Pelipper, L86, M|243/243\n|-weather|RainDance|[from] ability: Drizzle|[of] p1a: Pelipper\n|turn|14\n|\n|t:|1781401267\n|move|p1a: Pelipper|Hurricane|p2a: Primarina\n|-damage|p2a: Primarina|159/268\n|move|p2a: Primarina|Moonblast|p1a: Pelipper\n|-damage|p1a: Pelipper|26/243\n|\n|-weather|RainDance|[upkeep]\n|-heal|p2a: Primarina|175/268|[from] item: Leftovers\n|upkeep\n|turn|15\n|\n|t:|1781401279\n|move|p1a: Pelipper|Hurricane|p2a: Primarina\n|-damage|p2a: Primarina|114/268\n|-start|p2a: Primarina|confusion\n|-activate|p2a: Primarina|confusion\n|-damage|p2a: Primarina|95/268|[from] confusion\n|\n|-weather|RainDance|[upkeep]\n|-heal|p2a: Primarina|111/268|[from] item: Leftovers\n|upkeep\n|turn|16\n|\n|t:|1781401289\n|move|p1a: Pelipper|Hurricane|p2a: Primarina\n|-damage|p2a: Primarina|48/268\n|-activate|p2a: Primarina|confusion\n|move|p2a: Primarina|Draining Kiss|p1a: Pelipper\n|-damage|p1a: Pelipper|0 fnt\n|-heal|p2a: Primarina|68/268|[from] drain|[of] p1a: Pelipper\n|faint|p1a: Pelipper\n|\n|-weather|RainDance|[upkeep]\n|-heal|p2a: Primarina|84/268|[from] item: Leftovers\n|upkeep\n|\n|t:|1781401300\n|switch|p1a: Garganacl|Garganacl, L80, M|291/291\n|turn|17\n|\n|t:|1781401322\n|-activate|p2a: Primarina|confusion\n|move|p2a: Primarina|Psychic Noise|p1a: Garganacl\n|-supereffective|p1a: Garganacl\n|-damage|p1a: Garganacl|0 fnt\n|faint|p1a: Garganacl\n|\n|win|TaleThatWasntRight\n|raw|goodbyepkm's rating: 1124 &rarr; <strong>1101</strong><br />(-23 for losing)\n|raw|TaleThatWasntRight's rating: 1151 &rarr; <strong>1174</strong><br />(+23 for winning)\n", "uploadtime": 1781401325, "views": 2, "formatid": "gen9randombattle", "rating": 1101, "private": 0, "password": null}