{"id": "gen9randombattle-2631978918", "format": "[Gen 9] Random Battle", "players": ["tiny spaceship", "jimothy cool yt"], "log": "|badge|p2|silver|gen9randombattle|30-9\n|uhtml|medal-msg|<div class=\"broadcast-blue\">Curious what those medals under the avatar are? PS now has Ladder Seasons! For more information, check out the <a href=\"https://www.smogon.com/forums/threads/3740067/\">thread on Smogon.</a></div>\n|j|\u2606tiny spaceship\n|j|\u2606jimothy cool yt\n|t:|1781462163\n|gametype|singles\n|player|p1|tiny spaceship|dawn|2279\n|player|p2|jimothy cool yt|lucas|2507\n|gen|9\n|tier|[Gen 9] Random Battle\n|rated|\n|rule|Species Clause: Limit one of each Pok\u00e9mon\n|rule|HP Percentage Mod: HP is shown in percentages\n|rule|Sleep Clause Mod: Limit one foe put to sleep\n|rule|Illusion Level Mod: Illusion disguises the Pok\u00e9mon's true level\n|\n|t:|1781462163\n|teamsize|p1|6\n|teamsize|p2|6\n|start\n|switch|p1a: Great Tusk|Great Tusk, L77|304/304\n|switch|p2a: Beartic|Beartic, L91, M|321/321\n|turn|1\n|inactive|Battle timer is ON: inactive players will automatically lose when time's up. (requested by jimothy cool yt)\n|\n|t:|1781462191\n|switch|p2a: Ribombee|Ribombee, L83, M|235/235\n|move|p1a: Great Tusk|Bulk Up|p1a: Great Tusk\n|-boost|p1a: Great Tusk|atk|1\n|-boost|p1a: Great Tusk|def|1\n|\n|upkeep\n|turn|2\n|\n|t:|1781462213\n|move|p2a: Ribombee|U-turn|p1a: Great Tusk\n|-resisted|p1a: Great Tusk\n|-damage|p1a: Great Tusk|291/304\n|\n|t:|1781462215\n|switch|p2a: Swampert|Swampert, L83, F|302/302|[from] U-turn\n|move|p1a: Great Tusk|Stone Edge|p2a: Swampert\n|-resisted|p2a: Swampert\n|-crit|p2a: Swampert\n|-damage|p2a: Swampert|213/302\n|\n|-heal|p1a: Great Tusk|304/304|[from] item: Leftovers\n|-heal|p2a: Swampert|231/302|[from] item: Leftovers\n|upkeep\n|turn|3\n|\n|t:|1781462230\n|move|p1a: Great Tusk|Earthquake|p2a: Swampert\n|-damage|p2a: Swampert|75/302\n|move|p2a: Swampert|Roar|p1a: Great Tusk\n|-end|p1a: Great Tusk|Protosynthesis|[silent]\n|drag|p1a: Mabosstiff|Mabosstiff, L86, F|278/278\n|\n|-heal|p2a: Swampert|93/302|[from] item: Leftovers\n|upkeep\n|turn|4\n|\n|t:|1781462244\n|move|p1a: Mabosstiff|Crunch|p2a: Swampert\n|-damage|p2a: Swampert|0 fnt\n|faint|p2a: Swampert\n|\n|upkeep\n|\n|t:|1781462248\n|switch|p2a: Ribombee|Ribombee, L83, M|235/235\n|turn|5\n|\n|t:|1781462267\n|switch|p1a: Muk|Muk-Alola, L82, F|306/306\n|move|p2a: Ribombee|Sticky Web|p1a: Muk\n|-sidestart|p1: tiny spaceship|move: Sticky Web\n|\n|upkeep\n|turn|6\n|\n|t:|1781462274\n|move|p2a: Ribombee|U-turn|p1a: Muk\n|-damage|p1a: Muk|251/306\n|\n|t:|1781462285\n|switch|p2a: Beartic|Beartic, L91, M|321/321|[from] U-turn\n|move|p1a: Muk|Knock Off|p2a: Beartic\n|-crit|p2a: Beartic\n|-damage|p2a: Beartic|164/321\n|-status|p2a: Beartic|psn|[from] ability: Poison Touch|[of] p1a: Muk\n|-enditem|p2a: Beartic|Heavy-Duty Boots|[from] move: Knock Off|[of] p1a: Muk\n|\n|-damage|p2a: Beartic|124/321 psn|[from] psn\n|upkeep\n|turn|7\n|\n|t:|1781462310\n|move|p2a: Beartic|Icicle Crash|p1a: Muk\n|-damage|p1a: Muk|94/306\n|move|p1a: Muk|Drain Punch|p2a: Beartic\n|-supereffective|p2a: Beartic\n|-damage|p2a: Beartic|12/321 psn\n|-heal|p1a: Muk|150/306|[from] drain|[of] p2a: Beartic\n|\n|-damage|p2a: Beartic|0 fnt|[from] psn\n|faint|p2a: Beartic\n|upkeep\n|\n|t:|1781462318\n|switch|p2a: Sneasler|Sneasler, L74, F|240/240\n|turn|8\n|\n|t:|1781462334\n|switch|p1a: Fezandipiti|Fezandipiti, L82, M|278/278\n|-activate|p1a: Fezandipiti|move: Sticky Web\n|-unboost|p1a: Fezandipiti|spe|1\n|move|p2a: Sneasler|Swords Dance|p2a: Sneasler\n|-boost|p2a: Sneasler|atk|2\n|\n|upkeep\n|turn|9\n|inactive|tiny spaceship has 120 seconds left.\n|\n|t:|1781462355\n|-terastallize|p1a: Fezandipiti|Ground\n|move|p2a: Sneasler|Gunk Shot|p1a: Fezandipiti\n|-resisted|p1a: Fezandipiti\n|-damage|p1a: Fezandipiti|152/278\n|move|p1a: Fezandipiti|Tera Blast|p2a: Sneasler|[anim] Tera Blast Ground\n|-supereffective|p2a: Sneasler\n|-damage|p2a: Sneasler|16/240\n|\n|-heal|p1a: Fezandipiti|169/278|[from] item: Leftovers\n|upkeep\n|turn|10\n|inactive|tiny spaceship has 120 seconds left.\n|\n|t:|1781462384\n|move|p2a: Sneasler|Close Combat|p1a: Fezandipiti\n|-damage|p1a: Fezandipiti|0 fnt\n|-unboost|p2a: Sneasler|def|1\n|-unboost|p2a: Sneasler|spd|1\n|faint|p1a: Fezandipiti\n|-enditem|p2a: Sneasler|White Herb\n|-clearnegativeboost|p2a: Sneasler|[silent]\n|\n|upkeep\n|\n|t:|1781462387\n|switch|p1a: Muk|Muk-Alola, L82, F|150/306\n|-activate|p1a: Muk|move: Sticky Web\n|-unboost|p1a: Muk|spe|1\n|turn|11\n|\n|t:|1781462390\n|switch|p2a: Furret|Furret, L94, F|312/312\n|-item|p1a: Muk|Assault Vest|[from] ability: Frisk|[of] p2a: Furret\n|move|p1a: Muk|Shadow Sneak|p2a: Furret\n|-immune|p2a: Furret\n|\n|upkeep\n|turn|12\n|inactive|tiny spaceship has 120 seconds left.\n|\n|t:|1781462409\n|switch|p1a: Great Tusk|Great Tusk, L77|304/304\n|-activate|p1a: Great Tusk|move: Sticky Web\n|-unboost|p1a: Great Tusk|spe|1\n|move|p2a: Furret|Double-Edge|p1a: Great Tusk\n|-damage|p1a: Great Tusk|170/304\n|-damage|p2a: Furret|268/312|[from] Recoil\n|-damage|p2a: Furret|237/312|[from] item: Life Orb\n|\n|-heal|p1a: Great Tusk|189/304|[from] item: Leftovers\n|upkeep\n|turn|13\n|\n|t:|1781462430\n|switch|p2a: Sneasler|Sneasler, L74, F|16/240\n|move|p1a: Great Tusk|Stone Edge|p2a: Sneasler\n|-resisted|p2a: Sneasler\n|-damage|p2a: Sneasler|0 fnt\n|faint|p2a: Sneasler\n|\n|-heal|p1a: Great Tusk|208/304|[from] item: Leftovers\n|upkeep\n|\n|t:|1781462432\n|switch|p2a: Hitmontop|Hitmontop, L88, M|231/231\n|turn|14\n|inactive|tiny spaceship has 90 seconds left.\n|\n|t:|1781462474\n|-end|p1a: Great Tusk|Protosynthesis|[silent]\n|switch|p1a: Muk|Muk-Alola, L82, F|150/306\n|-activate|p1a: Muk|move: Sticky Web\n|-unboost|p1a: Muk|spe|1\n|move|p2a: Hitmontop|Bulk Up|p2a: Hitmontop\n|-boost|p2a: Hitmontop|atk|1\n|-boost|p2a: Hitmontop|def|1\n|\n|upkeep\n|turn|15\n|\n|t:|1781462496\n|move|p2a: Hitmontop|Triple Axel|p1a: Muk\n|-damage|p1a: Muk|113/306\n|-damage|p1a: Muk|32/306\n|-damage|p1a: Muk|0 fnt\n|faint|p1a: Muk\n|-hitcount|p1: Muk|3\n|\n|upkeep\n|\n|t:|1781462503\n|switch|p1a: Vivillon|Vivillon-Marine, L83, F|268/268\n|turn|16\n|\n|t:|1781462518\n|move|p1a: Vivillon|Sleep Powder|p2a: Hitmontop\n|-status|p2a: Hitmontop|slp|[from] move: Sleep Powder\n|cant|p2a: Hitmontop|slp\n|\n|upkeep\n|turn|17\n|\n|t:|1781462528\n|-terastallize|p2a: Hitmontop|Ice\n|move|p1a: Vivillon|Hurricane|p2a: Hitmontop\n|-damage|p2a: Hitmontop|135/231 slp\n|cant|p2a: Hitmontop|slp\n|\n|-heal|p2a: Hitmontop|149/231 slp|[from] item: Leftovers\n|upkeep\n|turn|18\n|\n|t:|1781462547\n|move|p1a: Vivillon|Hurricane|p2a: Hitmontop\n|-damage|p2a: Hitmontop|58/231 slp\n|cant|p2a: Hitmontop|slp\n|\n|-heal|p2a: Hitmontop|72/231 slp|[from] item: Leftovers\n|upkeep\n|turn|19\n|\n|t:|1781462561\n|switch|p2a: Furret|Furret, L94, F|237/312\n|-item|p1a: Vivillon|Heavy-Duty Boots|[from] ability: Frisk|[of] p2a: Furret\n|move|p1a: Vivillon|Hurricane|p2a: Furret\n|-damage|p2a: Furret|92/312\n|\n|upkeep\n|turn|20\n|\n|t:|1781462588\n|switch|p1a: Great Tusk|Great Tusk, L77|208/304\n|-activate|p1a: Great Tusk|move: Sticky Web\n|-unboost|p1a: Great Tusk|spe|1\n|move|p2a: Furret|Double-Edge|p1a: Great Tusk\n|-damage|p1a: Great Tusk|68/304\n|-damage|p2a: Furret|46/312|[from] Recoil\n|-damage|p2a: Furret|15/312|[from] item: Life Orb\n|\n|-heal|p1a: Great Tusk|87/304|[from] item: Leftovers\n|upkeep\n|turn|21\n|\n|t:|1781462608\n|move|p2a: Furret|Double-Edge|p1a: Great Tusk\n|-damage|p1a: Great Tusk|0 fnt\n|faint|p1a: Great Tusk\n|-end|p1a: Great Tusk|Protosynthesis|[silent]\n|-damage|p2a: Furret|0 fnt|[from] Recoil\n|faint|p2a: Furret\n|\n|upkeep\n|inactive|tiny spaceship has 60 seconds left.\n|\n|t:|1781462646\n|switch|p2a: Ribombee|Ribombee, L83, M|235/235\n|switch|p1a: Regice|Regice, L88|284/284\n|turn|22\n|inactive|tiny spaceship has 30 seconds left.\n|\n|t:|1781462675\n|move|p2a: Ribombee|Stun Spore|p1a: Regice\n|-status|p1a: Regice|par\n|cant|p1a: Regice|par\n|\n|upkeep\n|turn|23\n|inactive|tiny spaceship has 30 seconds left.\n|\n|t:|1781462680\n|move|p2a: Ribombee|Moonblast|p1a: Regice\n|-damage|p1a: Regice|233/284 par\n|move|p1a: Regice|Ice Beam|p2a: Ribombee\n|-damage|p2a: Ribombee|109/235\n|\n|upkeep\n|turn|24\n|\n|t:|1781462688\n|move|p2a: Ribombee|Moonblast|p1a: Regice\n|-damage|p1a: Regice|185/284 par\n|cant|p1a: Regice|par\n|\n|upkeep\n|turn|25\n|\n|t:|1781462692\n|move|p2a: Ribombee|Moonblast|p1a: Regice\n|-damage|p1a: Regice|137/284 par\n|move|p1a: Regice|Ice Beam|p2a: Ribombee\n|-damage|p2a: Ribombee|0 fnt\n|faint|p2a: Ribombee\n|\n|upkeep\n|\n|t:|1781462694\n|switch|p2a: Hitmontop|Hitmontop, L88, M, tera:Ice|72/231 slp\n|turn|26\n|\n|t:|1781462714\n|-curestatus|p2a: Hitmontop|slp|[msg]\n|move|p2a: Hitmontop|Bulk Up|p2a: Hitmontop\n|-boost|p2a: Hitmontop|atk|1\n|-boost|p2a: Hitmontop|def|1\n|cant|p1a: Regice|par\n|\n|-heal|p2a: Hitmontop|86/231|[from] item: Leftovers\n|upkeep\n|turn|27\n|\n|t:|1781462722\n|move|p2a: Hitmontop|Rapid Spin|p1a: Regice\n|-damage|p1a: Regice|58/284 par\n|-boost|p2a: Hitmontop|spe|1\n|move|p1a: Regice|Thunder Wave|p2a: Hitmontop\n|-status|p2a: Hitmontop|par\n|\n|-heal|p2a: Hitmontop|100/231 par|[from] item: Leftovers\n|upkeep\n|turn|28\n|\n|t:|1781462739\n|move|p2a: Hitmontop|Bulk Up|p2a: Hitmontop\n|-boost|p2a: Hitmontop|atk|1\n|-boost|p2a: Hitmontop|def|1\n|move|p1a: Regice|Body Press|p2a: Hitmontop\n|-supereffective|p2a: Hitmontop\n|-damage|p2a: Hitmontop|40/231 par\n|\n|-heal|p2a: Hitmontop|54/231 par|[from] item: Leftovers\n|upkeep\n|turn|29\n|\n|t:|1781462747\n|move|p2a: Hitmontop|Bulk Up|p2a: Hitmontop\n|-boost|p2a: Hitmontop|atk|1\n|-boost|p2a: Hitmontop|def|1\n|move|p1a: Regice|Body Press|p2a: Hitmontop\n|-supereffective|p2a: Hitmontop\n|-damage|p2a: Hitmontop|8/231 par\n|\n|-heal|p2a: Hitmontop|22/231 par|[from] item: Leftovers\n|upkeep\n|turn|30\n|\n|t:|1781462754\n|move|p2a: Hitmontop|Bulk Up|p2a: Hitmontop\n|-boost|p2a: Hitmontop|atk|1\n|-boost|p2a: Hitmontop|def|1\n|move|p1a: Regice|Ice Beam|p2a: Hitmontop\n|-resisted|p2a: Hitmontop\n|-damage|p2a: Hitmontop|0 fnt\n|faint|p2a: Hitmontop\n|\n|win|tiny spaceship\n", "uploadtime": 1781462164, "views": 3, "formatid": "gen9randombattle", "rating": null, "private": 0, "password": null}