{"id": "gen9randombattle-2631531066", "format": "[Gen 9] Random Battle", "players": ["kdfjsafkljdlsakf", "cgbynrnrnyngrnr"], "log": "|j|\u203dkdfjsafkljdlsakf\n|j|\u2606cgbynrnrnyngrnr\n|t:|1781397347\n|gametype|singles\n|player|p1|kdfjsafkljdlsakf|170|1000\n|player|p2|cgbynrnrnyngrnr|2|1000\n|gen|9\n|tier|[Gen 9] Random Battle\n|rated|\n|rule|Species Clause: Limit one of each Pok\u00e9mon\n|rule|HP Percentage Mod: HP is shown in percentages\n|rule|Sleep Clause Mod: Limit one foe put to sleep\n|rule|Illusion Level Mod: Illusion disguises the Pok\u00e9mon's true level\n|\n|t:|1781397347\n|teamsize|p1|6\n|teamsize|p2|6\n|start\n|switch|p1a: Glimmora|Glimmora, L75, M|248/248\n|switch|p2a: Volcanion|Volcanion, L79|256/256\n|turn|1\n|\n|t:|1781397359\n|move|p1a: Glimmora|Mortal Spin|p2a: Volcanion\n|-damage|p2a: Volcanion|241/256\n|-status|p2a: Volcanion|psn\n|move|p2a: Volcanion|Earth Power|p1a: Glimmora\n|-supereffective|p1a: Glimmora\n|-damage|p1a: Glimmora|0 fnt\n|faint|p1a: Glimmora\n|\n|-damage|p2a: Volcanion|209/256 psn|[from] psn\n|upkeep\n|\n|t:|1781397369\n|switch|p1a: Altaria|Altaria, L89, F|278/278\n|turn|2\n|\n|t:|1781397378\n|switch|p2a: Wigglytuff|Wigglytuff, L96, M|424/424\n|move|p1a: Altaria|Brave Bird|p2a: Wigglytuff\n|-damage|p2a: Wigglytuff|261/424\n|-damage|p1a: Altaria|224/278|[from] Recoil\n|\n|-heal|p2a: Wigglytuff|287/424|[from] item: Leftovers\n|upkeep\n|turn|3\n|inactive|Battle timer is ON: inactive players will automatically lose when time's up. (requested by kdfjsafkljdlsakf)\n|\n|t:|1781397388\n|-terastallize|p1a: Altaria|Steel\n|move|p1a: Altaria|Will-O-Wisp|p2a: Wigglytuff|[miss]\n|-miss|p1a: Altaria|p2a: Wigglytuff\n|move|p2a: Wigglytuff|Alluring Voice|p1a: Altaria\n|-resisted|p1a: Altaria\n|-damage|p1a: Altaria|184/278\n|\n|-heal|p2a: Wigglytuff|313/424|[from] item: Leftovers\n|upkeep\n|turn|4\n|\n|t:|1781397396\n|switch|p2a: Volcanion|Volcanion, L79|209/256 psn\n|move|p1a: Altaria|Will-O-Wisp||[still]\n|-fail|p1a: Altaria\n|\n|-damage|p2a: Volcanion|177/256 psn|[from] psn\n|upkeep\n|turn|5\n|\n|t:|1781397403\n|move|p1a: Altaria|Brave Bird|p2a: Volcanion\n|-damage|p2a: Volcanion|78/256 psn\n|-damage|p1a: Altaria|151/278|[from] Recoil\n|move|p2a: Volcanion|Flamethrower|p1a: Altaria\n|-supereffective|p1a: Altaria\n|-damage|p1a: Altaria|0 fnt\n|faint|p1a: Altaria\n|\n|-damage|p2a: Volcanion|46/256 psn|[from] psn\n|upkeep\n|-message|kdfjsafkljdlsakf forfeited.\n|\n|win|cgbynrnrnyngrnr\n|raw|kdfjsafkljdlsakf's rating: 1000 &rarr; <strong>1000</strong><br />(+0 for losing)\n|raw|cgbynrnrnyngrnr's rating: 1000 &rarr; <strong>1040</strong><br />(+40 for winning)\n|l|\u203dkdfjsafkljdlsakf\n|player|p1|\n", "uploadtime": 1781397418, "views": 6, "formatid": "gen9randombattle", "rating": 1000, "private": 0, "password": null}