{"id": "gen9randombattle-2631592272", "format": "[Gen 9] Random Battle", "players": ["JoshHartEnjoyer", "gdkformeforfree"], "log": "|j|\u2606JoshHartEnjoyer\n|j|\u2606gdkformeforfree\n|t:|1781405775\n|gametype|singles\n|player|p1|JoshHartEnjoyer|265|1450\n|player|p2|gdkformeforfree|cynthia-gen4|1446\n|gen|9\n|tier|[Gen 9] Random Battle\n|rated|\n|rule|Species Clause: Limit one of each Pok\u00e9mon\n|rule|HP Percentage Mod: HP is shown in percentages\n|rule|Sleep Clause Mod: Limit one foe put to sleep\n|rule|Illusion Level Mod: Illusion disguises the Pok\u00e9mon's true level\n|\n|t:|1781405775\n|teamsize|p1|6\n|teamsize|p2|6\n|start\n|switch|p1a: Stonjourner|Stonjourner, L91, M|330/330\n|switch|p2a: Iron Treads|Iron Treads, L77|265/265\n|turn|1\n|inactive|Battle timer is ON: inactive players will automatically lose when time's up. (requested by JoshHartEnjoyer)\n|\n|t:|1781405807\n|switch|p1a: Conkeldurr|Conkeldurr, L80, M|299/299\n|move|p2a: Iron Treads|Stealth Rock|p1a: Conkeldurr\n|-sidestart|p1: JoshHartEnjoyer|move: Stealth Rock\n|\n|-status|p1a: Conkeldurr|brn|[from] item: Flame Orb\n|upkeep\n|turn|2\n|\n|t:|1781405823\n|move|p2a: Iron Treads|Earthquake|p1a: Conkeldurr\n|-damage|p1a: Conkeldurr|205/299 brn\n|move|p1a: Conkeldurr|Knock Off|p2a: Iron Treads\n|-damage|p2a: Iron Treads|149/265\n|-enditem|p2a: Iron Treads|Leftovers|[from] move: Knock Off|[of] p1a: Conkeldurr\n|\n|-damage|p1a: Conkeldurr|187/299 brn|[from] brn\n|upkeep\n|turn|3\n|\n|t:|1781405835\n|move|p2a: Iron Treads|Earthquake|p1a: Conkeldurr\n|-damage|p1a: Conkeldurr|94/299 brn\n|move|p1a: Conkeldurr|Close Combat|p2a: Iron Treads\n|-supereffective|p2a: Iron Treads\n|-damage|p2a: Iron Treads|0 fnt\n|-unboost|p1a: Conkeldurr|def|1\n|-unboost|p1a: Conkeldurr|spd|1\n|faint|p2a: Iron Treads\n|-end|p2a: Iron Treads|Quark Drive|[silent]\n|\n|-damage|p1a: Conkeldurr|76/299 brn|[from] brn\n|upkeep\n|inactive|gdkformeforfree has 120 seconds left.\n|\n|t:|1781405870\n|switch|p2a: Luvdisc|Luvdisc, M|247/247\n|turn|4\n|\n|t:|1781405880\n|move|p2a: Luvdisc|Surf|p1a: Conkeldurr\n|-damage|p1a: Conkeldurr|0 fnt\n|faint|p1a: Conkeldurr\n|\n|upkeep\n|\n|t:|1781405886\n|switch|p1a: Sandslash|Sandslash, L89, F|278/278\n|-damage|p1a: Sandslash|261/278|[from] Stealth Rock\n|turn|5\n|inactive|gdkformeforfree has 120 seconds left.\n|\n|t:|1781405903\n|move|p2a: Luvdisc|Surf|p1a: Sandslash\n|-supereffective|p1a: Sandslash\n|-damage|p1a: Sandslash|73/278\n|move|p1a: Sandslash|Rapid Spin|p2a: Luvdisc\n|-damage|p2a: Luvdisc|197/247\n|-boost|p1a: Sandslash|spe|1\n|-sideend|p1: JoshHartEnjoyer|Stealth Rock|[from] move: Rapid Spin|[of] p1a: Sandslash\n|\n|-heal|p1a: Sandslash|90/278|[from] item: Leftovers\n|upkeep\n|turn|6\n|\n|t:|1781405914\n|-terastallize|p1a: Sandslash|Water\n|move|p2a: Luvdisc|Surf|p1a: Sandslash\n|-resisted|p1a: Sandslash\n|-damage|p1a: Sandslash|40/278\n|move|p1a: Sandslash|Rapid Spin|p2a: Luvdisc\n|-damage|p2a: Luvdisc|153/247\n|-boost|p1a: Sandslash|spe|1\n|\n|-heal|p1a: Sandslash|57/278|[from] item: Leftovers\n|upkeep\n|turn|7\n|\n|t:|1781405941\n|move|p1a: Sandslash|Earthquake|p2a: Luvdisc\n|-damage|p2a: Luvdisc|2/247\n|move|p2a: Luvdisc|Whirlpool|p1a: Sandslash\n|-resisted|p1a: Sandslash\n|-damage|p1a: Sandslash|39/278\n|-activate|p1a: Sandslash|move: Whirlpool|[of] p2a: Luvdisc\n|\n|-heal|p1a: Sandslash|56/278|[from] item: Leftovers\n|-damage|p1a: Sandslash|22/278|[from] move: Whirlpool|[partiallytrapped]\n|upkeep\n|turn|8\n|\n|t:|1781405950\n|move|p1a: Sandslash|Earthquake|p2a: Luvdisc\n|-damage|p2a: Luvdisc|0 fnt\n|faint|p2a: Luvdisc\n|\n|-heal|p1a: Sandslash|39/278|[from] item: Leftovers\n|-end|p1a: Sandslash|Whirlpool|[partiallytrapped]|[silent]\n|upkeep\n|\n|t:|1781405964\n|switch|p2a: Banette|Banette, L93, F|270/270\n|turn|9\n|\n|t:|1781405975\n|move|p2a: Banette|Shadow Sneak|p1a: Sandslash\n|-damage|p1a: Sandslash|0 fnt\n|faint|p1a: Sandslash\n|-damage|p2a: Banette|243/270|[from] item: Life Orb\n|\n|upkeep\n|\n|t:|1781405987\n|switch|p1a: Stonjourner|Stonjourner, L91, M|330/330\n|turn|10\n|\n|t:|1781406001\n|move|p1a: Stonjourner|Rock Polish|p1a: Stonjourner\n|-boost|p1a: Stonjourner|spe|2\n|move|p2a: Banette|Poltergeist|p1a: Stonjourner\n|-activate|p1a: Stonjourner|move: Poltergeist|Life Orb\n|-damage|p1a: Stonjourner|200/330\n|-damage|p2a: Banette|216/270|[from] item: Life Orb\n|\n|upkeep\n|turn|11\n|\n|t:|1781406011\n|move|p1a: Stonjourner|Stone Edge|p2a: Banette\n|-damage|p2a: Banette|0 fnt\n|faint|p2a: Banette\n|-damage|p1a: Stonjourner|167/330|[from] item: Life Orb\n|\n|upkeep\n|\n|t:|1781406025\n|switch|p2a: Bellibolt|Bellibolt, L84, M|320/320\n|turn|12\n|\n|t:|1781406034\n|move|p1a: Stonjourner|Earthquake|p2a: Bellibolt\n|-supereffective|p2a: Bellibolt\n|-crit|p2a: Bellibolt\n|-damage|p2a: Bellibolt|0 fnt\n|faint|p2a: Bellibolt\n|-damage|p1a: Stonjourner|134/330|[from] item: Life Orb\n|\n|upkeep\n|\n|t:|1781406043\n|switch|p2a: Blastoise|Blastoise, L80, F|258/258\n|turn|13\n|l|\u2606gdkformeforfree\n|inactive|gdkformeforfree disconnected and has a minute to reconnect!\n|player|p2|\n|\n|t:|1781406050\n|move|p1a: Stonjourner|Stone Edge|p2a: Blastoise\n|-damage|p2a: Blastoise|55/258\n|-damage|p1a: Stonjourner|101/330|[from] item: Life Orb\n|move|p2a: Blastoise|Shell Smash|p2a: Blastoise\n|-unboost|p2a: Blastoise|def|1\n|-unboost|p2a: Blastoise|spd|1\n|-boost|p2a: Blastoise|atk|2\n|-boost|p2a: Blastoise|spa|2\n|-boost|p2a: Blastoise|spe|2\n|-enditem|p2a: Blastoise|White Herb\n|-clearnegativeboost|p2a: Blastoise|[silent]\n|\n|upkeep\n|turn|14\n|inactive|gdkformeforfree has 30 seconds to reconnect!\n|inactive|gdkformeforfree has 20 seconds to reconnect!\n|inactive|gdkformeforfree has 15 seconds to reconnect!\n|inactive|gdkformeforfree has 10 seconds to reconnect!\n|inactive|gdkformeforfree has 5 seconds to reconnect!\n|-message|gdkformeforfree lost due to inactivity.\n|\n|win|JoshHartEnjoyer\n|raw|JoshHartEnjoyer's rating: 1450 &rarr; <strong>1470</strong><br />(+20 for winning)\n|raw|gdkformeforfree's rating: 1446 &rarr; <strong>1426</strong><br />(-20 for losing)\n", "uploadtime": 1781406112, "views": 2, "formatid": "gen9randombattle", "rating": 1426, "private": 0, "password": null}