{"id": "gen9randombattle-2631606416", "format": "[Gen 9] Random Battle", "players": ["UmmHaha", "LinkNinjaTC11"], "log": "|j|\u2606UmmHaha\n|j|\u2606LinkNinjaTC11\n|t:|1781407876\n|gametype|singles\n|player|p1|UmmHaha|steven|1903\n|player|p2|LinkNinjaTC11|veteran|1927\n|gen|9\n|tier|[Gen 9] Random Battle\n|rated|\n|rule|Species Clause: Limit one of each Pok\u00e9mon\n|rule|HP Percentage Mod: HP is shown in percentages\n|rule|Sleep Clause Mod: Limit one foe put to sleep\n|rule|Illusion Level Mod: Illusion disguises the Pok\u00e9mon's true level\n|\n|t:|1781407876\n|teamsize|p1|6\n|teamsize|p2|6\n|start\n|switch|p1a: Tropius|Tropius, L91, M|328/328\n|switch|p2a: Moltres|Moltres-Galar, L79|271/271\n|turn|1\n|inactive|Battle timer is ON: inactive players will automatically lose when time's up. (requested by LinkNinjaTC11)\n|\n|t:|1781407888\n|switch|p1a: Oranguru|Oranguru, L92, F|315/315\n|move|p2a: Moltres|Nasty Plot|p2a: Moltres\n|-boost|p2a: Moltres|spa|2\n|\n|upkeep\n|turn|2\n|\n|t:|1781407894\n|move|p2a: Moltres|Fiery Wrath|p1a: Oranguru\n|-supereffective|p1a: Oranguru\n|-damage|p1a: Oranguru|67/315\n|move|p1a: Oranguru|Nasty Plot|p1a: Oranguru\n|-boost|p1a: Oranguru|spa|2\n|\n|-heal|p1a: Oranguru|86/315|[from] item: Leftovers\n|upkeep\n|turn|3\n|\n|t:|1781407896\n|move|p2a: Moltres|Fiery Wrath|p1a: Oranguru\n|-supereffective|p1a: Oranguru\n|-damage|p1a: Oranguru|0 fnt\n|faint|p1a: Oranguru\n|\n|upkeep\n|c|\u2606LinkNinjaTC11|ok thx\n|\n|t:|1781407903\n|switch|p1a: Breloom|Breloom, L83, M|235/235\n|turn|4\n|\n|t:|1781407907\n|move|p1a: Breloom|Mach Punch|p2a: Moltres\n|-damage|p2a: Moltres|166/271\n|-damage|p1a: Breloom|212/235|[from] item: Life Orb\n|move|p2a: Moltres|Hurricane|p1a: Breloom|[miss]\n|-miss|p2a: Moltres|p1a: Breloom\n|\n|upkeep\n|turn|5\n|\n|t:|1781407916\n|move|p1a: Breloom|Mach Punch|p2a: Moltres\n|-damage|p2a: Moltres|67/271\n|-ability|p2a: Moltres|Berserk|boost\n|-boost|p2a: Moltres|spa|1\n|-damage|p1a: Breloom|189/235|[from] item: Life Orb\n|move|p2a: Moltres|Hurricane|p1a: Breloom\n|-supereffective|p1a: Breloom\n|-damage|p1a: Breloom|0 fnt\n|faint|p1a: Breloom\n|\n|upkeep\n|\n|t:|1781407920\n|switch|p1a: Walking Wake|Walking Wake, L79|286/286\n|turn|6\n|\n|t:|1781407927\n|move|p1a: Walking Wake|Flamethrower|p2a: Moltres\n|-damage|p2a: Moltres|0 fnt\n|faint|p2a: Moltres\n|-damage|p1a: Walking Wake|258/286|[from] item: Life Orb\n|\n|upkeep\n|\n|t:|1781407930\n|switch|p2a: Empoleon|Empoleon, L84, M|278/278\n|turn|7\n|\n|t:|1781407936\n|-end|p1a: Walking Wake|Protosynthesis|[silent]\n|switch|p1a: Tropius|Tropius, L91, M|328/328\n|move|p2a: Empoleon|Roar|p1a: Tropius\n|drag|p1a: Cresselia|Cresselia, L80, F|323/323\n|\n|upkeep\n|turn|8\n|\n|t:|1781407940\n|move|p1a: Cresselia|Thunderbolt|p2a: Empoleon\n|-supereffective|p2a: Empoleon\n|-damage|p2a: Empoleon|196/278\n|move|p2a: Empoleon|Flip Turn|p1a: Cresselia\n|-damage|p1a: Cresselia|269/323\n|\n|t:|1781407944\n|switch|p2a: Meowstic|Meowstic-F, L89, F|277/277|[from] Flip Turn\n|\n|-heal|p1a: Cresselia|289/323|[from] item: Leftovers\n|upkeep\n|turn|9\n|\n|t:|1781407949\n|move|p2a: Meowstic|Nasty Plot|p2a: Meowstic\n|-boost|p2a: Meowstic|spa|2\n|move|p1a: Cresselia|Calm Mind|p1a: Cresselia\n|-boost|p1a: Cresselia|spa|1\n|-boost|p1a: Cresselia|spd|1\n|\n|-heal|p1a: Cresselia|309/323|[from] item: Leftovers\n|upkeep\n|turn|10\n|\n|t:|1781407957\n|move|p2a: Meowstic|Nasty Plot|p2a: Meowstic\n|-boost|p2a: Meowstic|spa|2\n|move|p1a: Cresselia|Calm Mind|p1a: Cresselia\n|-boost|p1a: Cresselia|spa|1\n|-boost|p1a: Cresselia|spd|1\n|\n|-heal|p1a: Cresselia|323/323|[from] item: Leftovers\n|upkeep\n|turn|11\n|\n|t:|1781407964\n|-terastallize|p1a: Cresselia|Poison\n|move|p2a: Meowstic|Dark Pulse|p1a: Cresselia\n|-damage|p1a: Cresselia|233/323\n|-damage|p2a: Meowstic|250/277|[from] item: Life Orb\n|move|p1a: Cresselia|Thunderbolt|p2a: Meowstic\n|-damage|p2a: Meowstic|151/277\n|\n|-heal|p1a: Cresselia|253/323|[from] item: Leftovers\n|upkeep\n|turn|12\n|\n|t:|1781407969\n|switch|p1a: Tropius|Tropius, L91, M|328/328\n|move|p2a: Meowstic|Psychic|p1a: Tropius\n|-damage|p1a: Tropius|0 fnt\n|faint|p1a: Tropius\n|-damage|p2a: Meowstic|124/277|[from] item: Life Orb\n|\n|upkeep\n|-message|UmmHaha forfeited.\n|\n|win|LinkNinjaTC11\n", "uploadtime": 1781407878, "views": 3, "formatid": "gen9randombattle", "rating": null, "private": 0, "password": null}