{"id": "gen9randombattle-2631442487", "format": "[Gen 9] Random Battle", "players": ["Pokeoke", "NickPlayeZ"], "log": "|j|\u2606Pokeoke\n|j|\u2606NickPlayeZ\n|t:|1781385199\n|gametype|singles\n|player|p1|Pokeoke|101|2101\n|player|p2|NickPlayeZ|emmet|2080\n|gen|9\n|tier|[Gen 9] Random Battle\n|rated|\n|rule|Species Clause: Limit one of each Pok\u00e9mon\n|rule|HP Percentage Mod: HP is shown in percentages\n|rule|Sleep Clause Mod: Limit one foe put to sleep\n|rule|Illusion Level Mod: Illusion disguises the Pok\u00e9mon's true level\n|\n|t:|1781385199\n|teamsize|p1|6\n|teamsize|p2|6\n|start\n|switch|p1a: Electivire|Electivire, L84, F|263/263\n|switch|p2a: Latias|Latias, L79, F|256/256\n|turn|1\n|inactive|Battle timer is ON: inactive players will automatically lose when time's up. (requested by NickPlayeZ)\n|\n|t:|1781385221\n|move|p2a: Latias|Psyshock|p1a: Electivire\n|-damage|p1a: Electivire|146/263\n|move|p1a: Electivire|Knock Off|p2a: Latias\n|-supereffective|p2a: Latias\n|-damage|p2a: Latias|16/256\n|-enditem|p2a: Latias|Soul Dew|[from] move: Knock Off|[of] p1a: Electivire\n|\n|upkeep\n|turn|2\n|\n|t:|1781385226\n|move|p2a: Latias|Draco Meteor|p1a: Electivire\n|-damage|p1a: Electivire|19/263\n|-unboost|p2a: Latias|spa|2\n|move|p1a: Electivire|Knock Off|p2a: Latias\n|-supereffective|p2a: Latias\n|-damage|p2a: Latias|0 fnt\n|faint|p2a: Latias\n|\n|upkeep\n|\n|t:|1781385234\n|switch|p2a: Gardevoir|Gardevoir, L83, F|249/249\n|-ability|p2a: Gardevoir|Motor Drive|Trace|[from] ability: Trace|[of] p1a: Electivire\n|turn|3\n|\n|t:|1781385238\n|switch|p1a: Iron Treads|Iron Treads, L77|265/265\n|move|p2a: Gardevoir|Mystical Fire|p1a: Iron Treads\n|-supereffective|p1a: Iron Treads\n|-damage|p1a: Iron Treads|155/265\n|-unboost|p1a: Iron Treads|spa|1\n|\n|upkeep\n|turn|4\n|\n|t:|1781385245\n|-terastallize|p2a: Gardevoir|Fire\n|move|p2a: Gardevoir|Mystical Fire|p1a: Iron Treads\n|-supereffective|p1a: Iron Treads\n|-damage|p1a: Iron Treads|0 fnt\n|faint|p1a: Iron Treads\n|-end|p1a: Iron Treads|Quark Drive|[silent]\n|\n|upkeep\n|\n|t:|1781385257\n|switch|p1a: Hatterene|Hatterene, L85, F|236/236\n|turn|5\n|\n|t:|1781385278\n|switch|p2a: Diancie|Diancie, L82|216/216\n|move|p1a: Hatterene|Nuzzle|p2a: Diancie\n|-damage|p2a: Diancie|207/216\n|-status|p2a: Diancie|par\n|\n|-heal|p2a: Diancie|216/216 par|[from] item: Leftovers\n|upkeep\n|turn|6\n|\n|t:|1781385290\n|switch|p1a: Electivire|Electivire, L84, F|19/263\n|switch|p2a: Typhlosion|Typhlosion-Hisui, L83, F|257/257\n|\n|upkeep\n|turn|7\n|\n|t:|1781385296\n|switch|p2a: Gardevoir|Gardevoir, L83, F, tera:Fire|249/249\n|-ability|p2a: Gardevoir|Motor Drive|Trace|[from] ability: Trace|[of] p1a: Electivire\n|move|p1a: Electivire|Earthquake|p2a: Gardevoir\n|-supereffective|p2a: Gardevoir\n|-damage|p2a: Gardevoir|0 fnt\n|faint|p2a: Gardevoir\n|\n|upkeep\n|\n|t:|1781385301\n|switch|p2a: Minior|Minior-Blue, L79|224/224\n|-formechange|p2a: Minior|Minior-Meteor||[from] ability: Shields Down\n|turn|8\n|\n|t:|1781385306\n|switch|p1a: Hatterene|Hatterene, L85, F|236/236\n|move|p2a: Minior|Shell Smash|p2a: Minior\n|-unboost|p2a: Minior|def|1\n|-unboost|p2a: Minior|spd|1\n|-boost|p2a: Minior|atk|2\n|-boost|p2a: Minior|spa|2\n|-boost|p2a: Minior|spe|2\n|-enditem|p2a: Minior|White Herb\n|-clearnegativeboost|p2a: Minior|[silent]\n|\n|upkeep\n|turn|9\n|\n|t:|1781385309\n|move|p2a: Minior|Acrobatics|p1a: Hatterene\n|-damage|p1a: Hatterene|106/236\n|move|p1a: Hatterene|Nuzzle|p2a: Minior\n|-supereffective|p2a: Minior\n|-damage|p2a: Minior|192/224\n|\n|upkeep\n|turn|10\n|c|\u2606NickPlayeZ|shields down\n|\n|t:|1781385317\n|move|p2a: Minior|Acrobatics|p1a: Hatterene\n|-damage|p1a: Hatterene|0 fnt\n|faint|p1a: Hatterene\n|\n|upkeep\n|\n|t:|1781385323\n|switch|p1a: Noctowl|Noctowl, L95, M|344/344\n|turn|11\n|\n|t:|1781385341\n|switch|p1a: Electivire|Electivire, L84, F|19/263\n|move|p2a: Minior|Acrobatics|p1a: Electivire\n|-resisted|p1a: Electivire\n|-damage|p1a: Electivire|0 fnt\n|faint|p1a: Electivire\n|\n|upkeep\n|c|\u2606Pokeoke|Idk how that works\n|c|\u2606Pokeoke|tbh\n|\n|t:|1781385359\n|switch|p1a: Leavanny|Leavanny, L86, M|269/269\n|turn|12\n|-message|Pokeoke forfeited.\n|\n|win|NickPlayeZ\n", "uploadtime": 1781385201, "views": 6, "formatid": "gen9randombattle", "rating": null, "private": 0, "password": null}