{"id": "gen9randombattle-2631425310", "format": "[Gen 9] Random Battle", "players": ["Pachequitos", "Reconforce"], "log": "|j|\u2606Pachequitos\n|j|\u2606Reconforce\n|t:|1781383088\n|gametype|singles\n|player|p1|Pachequitos|fantina|2171\n|player|p2|Reconforce|101|2259\n|gen|9\n|tier|[Gen 9] Random Battle\n|rated|\n|rule|Species Clause: Limit one of each Pok\u00e9mon\n|rule|HP Percentage Mod: HP is shown in percentages\n|rule|Sleep Clause Mod: Limit one foe put to sleep\n|rule|Illusion Level Mod: Illusion disguises the Pok\u00e9mon's true level\n|\n|t:|1781383088\n|teamsize|p1|6\n|teamsize|p2|6\n|start\n|switch|p1a: Chi-Yu|Chi-Yu, L77|211/211\n|switch|p2a: Mimikyu|Mimikyu, L79, F|216/216\n|-ability|p1a: Chi-Yu|Beads of Ruin\n|turn|1\n|inactive|Battle timer is ON: inactive players will automatically lose when time's up. (requested by Pachequitos)\n|\n|t:|1781383112\n|switch|p1a: Quagsire|Quagsire, L84, M|297/297\n|move|p2a: Mimikyu|Drain Punch|p1a: Quagsire\n|-damage|p1a: Quagsire|242/297\n|-damage|p2a: Mimikyu|195/216|[from] item: Life Orb\n|\n|-heal|p1a: Quagsire|260/297|[from] item: Leftovers\n|upkeep\n|turn|2\n|\n|t:|1781383116\n|switch|p2a: Squawkabilly|Squawkabilly-Blue, L85, F|278/278\n|move|p1a: Quagsire|Toxic|p2a: Squawkabilly\n|-status|p2a: Squawkabilly|tox\n|\n|-heal|p1a: Quagsire|278/297|[from] item: Leftovers\n|-damage|p2a: Squawkabilly|261/278 tox|[from] psn\n|upkeep\n|turn|3\n|j| rufoush\n|\n|t:|1781383132\n|switch|p1a: Jumpluff|Jumpluff, L87, M|271/271\n|move|p2a: Squawkabilly|Facade|p1a: Jumpluff\n|-damage|p1a: Jumpluff|7/271\n|\n|-damage|p2a: Squawkabilly|227/278 tox|[from] psn\n|upkeep\n|turn|4\n|\n|t:|1781383136\n|move|p2a: Squawkabilly|Quick Attack|p1a: Jumpluff\n|-damage|p1a: Jumpluff|0 fnt\n|faint|p1a: Jumpluff\n|\n|-damage|p2a: Squawkabilly|176/278 tox|[from] psn\n|upkeep\n|\n|t:|1781383141\n|switch|p1a: Passimian|Passimian, L83, M|302/302\n|turn|5\n|\n|t:|1781383148\n|switch|p2a: Mimikyu|Mimikyu, L79, F|195/216\n|move|p1a: Passimian|Rock Slide|p2a: Mimikyu\n|-activate|p2a: Mimikyu|ability: Disguise\n|-damage|p2a: Mimikyu|195/216\n|detailschange|p2a: Mimikyu|Mimikyu-Busted, L79, F\n|-damage|p2a: Mimikyu|168/216|[from] pokemon: Mimikyu-Busted\n|\n|upkeep\n|turn|6\n|\n|t:|1781383153\n|switch|p1a: Quagsire|Quagsire, L84, M|278/297\n|move|p2a: Mimikyu|Play Rough|p1a: Quagsire\n|-damage|p1a: Quagsire|161/297\n|-damage|p2a: Mimikyu|147/216|[from] item: Life Orb\n|\n|-heal|p1a: Quagsire|179/297|[from] item: Leftovers\n|upkeep\n|turn|7\n|\n|t:|1781383156\n|move|p2a: Mimikyu|Play Rough|p1a: Quagsire\n|-damage|p1a: Quagsire|69/297\n|-damage|p2a: Mimikyu|126/216|[from] item: Life Orb\n|move|p1a: Quagsire|Ice Beam|p2a: Mimikyu\n|-damage|p2a: Mimikyu|82/216\n|\n|-heal|p1a: Quagsire|87/297|[from] item: Leftovers\n|upkeep\n|turn|8\n|\n|t:|1781383160\n|move|p2a: Mimikyu|Play Rough|p1a: Quagsire\n|-crit|p1a: Quagsire\n|-damage|p1a: Quagsire|0 fnt\n|faint|p1a: Quagsire\n|-damage|p2a: Mimikyu|61/216|[from] item: Life Orb\n|\n|upkeep\n|\n|t:|1781383165\n|switch|p1a: Passimian|Passimian, L83, M|302/302\n|turn|9\n|\n|t:|1781383169\n|switch|p2a: Scrafty|Scrafty, L83, F|244/244\n|-ability|p2a: Scrafty|Intimidate|boost\n|-unboost|p1a: Passimian|atk|1\n|-ability|p1a: Passimian|Defiant|boost\n|-boost|p1a: Passimian|atk|2\n|move|p1a: Passimian|Rock Slide|p2a: Scrafty\n|-resisted|p2a: Scrafty\n|-damage|p2a: Scrafty|203/244\n|\n|-heal|p2a: Scrafty|218/244|[from] item: Leftovers\n|upkeep\n|turn|10\n|\n|t:|1781383173\n|switch|p1a: Conkeldurr|Conkeldurr, L80, M|299/299\n|move|p2a: Scrafty|Dragon Dance|p2a: Scrafty\n|-boost|p2a: Scrafty|atk|1\n|-boost|p2a: Scrafty|spe|1\n|\n|-heal|p2a: Scrafty|233/244|[from] item: Leftovers\n|-status|p1a: Conkeldurr|brn|[from] item: Flame Orb\n|upkeep\n|turn|11\n|\n|t:|1781383178\n|move|p2a: Scrafty|Drain Punch|p1a: Conkeldurr\n|-damage|p1a: Conkeldurr|188/299 brn\n|-heal|p2a: Scrafty|244/244|[from] drain|[of] p1a: Conkeldurr\n|move|p1a: Conkeldurr|Close Combat|p2a: Scrafty\n|-supereffective|p2a: Scrafty\n|-damage|p2a: Scrafty|0 fnt\n|-unboost|p1a: Conkeldurr|def|1\n|-unboost|p1a: Conkeldurr|spd|1\n|faint|p2a: Scrafty\n|\n|-damage|p1a: Conkeldurr|170/299 brn|[from] brn\n|upkeep\n|\n|t:|1781383179\n|switch|p2a: Whimsicott|Whimsicott, L84, M|238/238\n|turn|12\n|\n|t:|1781383186\n|switch|p1a: Terapagos|Terapagos, L77, F|265/265\n|-activate|p1a: Terapagos|ability: Tera Shift\n|detailschange|p1a: Terapagos|Terapagos-Terastal, L77, F\n|-heal|p1a: Terapagos|273/273|[silent]\n|move|p2a: Whimsicott|Moonblast|p1a: Terapagos\n|-activate|p1a: Terapagos|ability: Tera Shell\n|-resisted|p1a: Terapagos\n|-damage|p1a: Terapagos|231/273\n|\n|upkeep\n|turn|13\n|j| Nacue\n|\n|t:|1781383190\n|move|p2a: Whimsicott|Leech Seed|p1a: Terapagos|[miss]\n|-miss|p2a: Whimsicott|p1a: Terapagos\n|move|p1a: Terapagos|Tera Starstorm|p2a: Whimsicott\n|-damage|p2a: Whimsicott|108/238\n|\n|-heal|p2a: Whimsicott|122/238|[from] item: Leftovers\n|upkeep\n|turn|14\n|\n|t:|1781383193\n|move|p2a: Whimsicott|Leech Seed|p1a: Terapagos\n|-start|p1a: Terapagos|move: Leech Seed\n|move|p1a: Terapagos|Rapid Spin|p2a: Whimsicott\n|-damage|p2a: Whimsicott|80/238\n|-boost|p1a: Terapagos|spe|1\n|-end|p1a: Terapagos|Leech Seed|[from] move: Rapid Spin|[of] p1a: Terapagos\n|\n|-heal|p2a: Whimsicott|94/238|[from] item: Leftovers\n|upkeep\n|turn|15\n|\n|t:|1781383198\n|switch|p1a: Chi-Yu|Chi-Yu, L77|211/211\n|-ability|p1a: Chi-Yu|Beads of Ruin\n|move|p2a: Whimsicott|Encore|p1a: Chi-Yu\n|-hint|Since gen 7, Dark is immune to Prankster moves.\n|-immune|p1a: Chi-Yu\n|\n|-heal|p2a: Whimsicott|108/238|[from] item: Leftovers\n|upkeep\n|turn|16\n|\n|t:|1781383200\n|move|p2a: Whimsicott|Substitute|p2a: Whimsicott\n|-start|p2a: Whimsicott|Substitute\n|-damage|p2a: Whimsicott|49/238\n|move|p1a: Chi-Yu|Flamethrower|p2a: Whimsicott\n|-supereffective|p2a: Whimsicott\n|-end|p2a: Whimsicott|Substitute\n|\n|-heal|p2a: Whimsicott|63/238|[from] item: Leftovers\n|upkeep\n|turn|17\n|\n|t:|1781383203\n|switch|p2a: Drednaw|Drednaw, L81, M|278/278\n|move|p1a: Chi-Yu|Flamethrower|p2a: Drednaw\n|-resisted|p2a: Drednaw\n|-damage|p2a: Drednaw|217/278\n|\n|upkeep\n|turn|18\n|\n|t:|1781383209\n|switch|p1a: Passimian|Passimian, L83, M|302/302\n|move|p2a: Drednaw|Liquidation|p1a: Passimian\n|-damage|p1a: Passimian|202/302\n|\n|upkeep\n|turn|19\n|\n|t:|1781383213\n|switch|p2a: Mimikyu|Mimikyu-Busted, L79, F|61/216\n|move|p1a: Passimian|Close Combat|p2a: Mimikyu\n|-immune|p2a: Mimikyu\n|\n|upkeep\n|turn|20\n|\n|t:|1781383219\n|switch|p1a: Chi-Yu|Chi-Yu, L77|211/211\n|-ability|p1a: Chi-Yu|Beads of Ruin\n|move|p2a: Mimikyu|Drain Punch|p1a: Chi-Yu\n|-supereffective|p1a: Chi-Yu\n|-damage|p1a: Chi-Yu|73/211\n|-heal|p2a: Mimikyu|130/216|[from] drain|[of] p1a: Chi-Yu\n|-damage|p2a: Mimikyu|109/216|[from] item: Life Orb\n|\n|upkeep\n|turn|21\n|\n|t:|1781383225\n|switch|p2a: Whimsicott|Whimsicott, L84, M|63/238\n|move|p1a: Chi-Yu|Dark Pulse|p2a: Whimsicott\n|-resisted|p2a: Whimsicott\n|-damage|p2a: Whimsicott|0 fnt\n|faint|p2a: Whimsicott\n|\n|upkeep\n|\n|t:|1781383227\n|switch|p2a: Terrakion|Terrakion, L79|273/273\n|turn|22\n|\n|t:|1781383230\n|switch|p1a: Conkeldurr|Conkeldurr, L80, M|170/299 brn\n|move|p2a: Terrakion|Close Combat|p1a: Conkeldurr\n|-damage|p1a: Conkeldurr|0 fnt\n|-unboost|p2a: Terrakion|def|1\n|-unboost|p2a: Terrakion|spd|1\n|faint|p1a: Conkeldurr\n|\n|upkeep\n|\n|t:|1781383233\n|switch|p1a: Passimian|Passimian, L83, M|202/302\n|turn|23\n|\n|t:|1781383236\n|move|p1a: Passimian|Knock Off|p2a: Terrakion\n|-resisted|p2a: Terrakion\n|-damage|p2a: Terrakion|209/273\n|-ability|p2a: Terrakion|Justified|boost\n|-boost|p2a: Terrakion|atk|1\n|-enditem|p2a: Terrakion|Choice Band|[from] move: Knock Off|[of] p1a: Passimian\n|move|p2a: Terrakion|Close Combat|p1a: Passimian\n|-damage|p1a: Passimian|0 fnt\n|-unboost|p2a: Terrakion|def|1\n|-unboost|p2a: Terrakion|spd|1\n|faint|p1a: Passimian\n|\n|upkeep\n|\n|t:|1781383239\n|switch|p1a: Terapagos|Terapagos-Terastal, L77, F|231/273\n|turn|24\n|\n|t:|1781383243\n|-terastallize|p1a: Terapagos|Stellar\n|detailschange|p1a: Terapagos|Terapagos-Stellar, L77, F, tera:Stellar\n|-heal|p1a: Terapagos|331/373|[silent]\n|move|p2a: Terrakion|Close Combat|p1a: Terapagos\n|-supereffective|p1a: Terapagos\n|-damage|p1a: Terapagos|0 fnt\n|-unboost|p2a: Terrakion|def|1\n|-unboost|p2a: Terrakion|spd|1\n|faint|p1a: Terapagos\n|detailschange|p1: Terapagos|Terapagos, L77, F|[silent]\n|\n|upkeep\n|-message|Pachequitos forfeited.\n|\n|win|Reconforce\n", "uploadtime": 1781383090, "views": 13, "formatid": "gen9randombattle", "rating": null, "private": 0, "password": null}