{"id": "gen9randombattle-2631648172", "format": "[Gen 9] Random Battle", "players": ["VTCLA", "duuhhao"], "log": "|j|\u2606VTCLA\n|j|\u2606duuhhao\n|t:|1781414561\n|gametype|singles\n|player|p1|VTCLA|170|2214\n|player|p2|duuhhao|clair|2188\n|gen|9\n|tier|[Gen 9] Random Battle\n|rated|\n|rule|Species Clause: Limit one of each Pok\u00e9mon\n|rule|HP Percentage Mod: HP is shown in percentages\n|rule|Sleep Clause Mod: Limit one foe put to sleep\n|rule|Illusion Level Mod: Illusion disguises the Pok\u00e9mon's true level\n|\n|t:|1781414561\n|teamsize|p1|6\n|teamsize|p2|6\n|start\n|switch|p1a: Sandaconda|Sandaconda, L84, M|258/258\n|switch|p2a: Gastrodon|Gastrodon-East, L86, F|331/331\n|turn|1\n|\n|t:|1781414594\n|switch|p1a: Leavanny|Leavanny, L86, F|269/269\n|move|p2a: Gastrodon|Stealth Rock|p1a: Leavanny\n|-sidestart|p1: VTCLA|move: Stealth Rock\n|\n|upkeep\n|turn|2\n|\n|t:|1781414601\n|switch|p2a: Tinkaton|Tinkaton, L82, F|274/274\n|-ability|p2a: Tinkaton|Mold Breaker\n|move|p1a: Leavanny|Sticky Web|p2a: Tinkaton\n|-sidestart|p2: duuhhao|move: Sticky Web\n|\n|upkeep\n|turn|3\n|\n|t:|1781414613\n|switch|p1a: Sandaconda|Sandaconda, L84, M|258/258\n|-damage|p1a: Sandaconda|242/258|[from] Stealth Rock\n|move|p2a: Tinkaton|Knock Off|p1a: Sandaconda\n|-damage|p1a: Sandaconda|204/258\n|-enditem|p1a: Sandaconda|Leftovers|[from] move: Knock Off|[of] p2a: Tinkaton\n|\n|upkeep\n|turn|4\n|\n|t:|1781414624\n|switch|p2a: Gastrodon|Gastrodon-East, L86, F|331/331\n|-activate|p2a: Gastrodon|move: Sticky Web\n|-unboost|p2a: Gastrodon|spe|1\n|move|p1a: Sandaconda|Coil|p1a: Sandaconda\n|-boost|p1a: Sandaconda|atk|1\n|-boost|p1a: Sandaconda|def|1\n|-boost|p1a: Sandaconda|accuracy|1\n|\n|upkeep\n|turn|5\n|\n|t:|1781414636\n|move|p1a: Sandaconda|Earthquake|p2a: Gastrodon\n|-damage|p2a: Gastrodon|117/331\n|move|p2a: Gastrodon|Sludge Bomb|p1a: Sandaconda\n|-resisted|p1a: Sandaconda\n|-damage|p1a: Sandaconda|165/258\n|-status|p1a: Sandaconda|psn\n|\n|-heal|p2a: Gastrodon|137/331|[from] item: Leftovers\n|-damage|p1a: Sandaconda|133/258 psn|[from] psn\n|upkeep\n|turn|6\n|\n|t:|1781414644\n|move|p1a: Sandaconda|Earthquake|p2a: Gastrodon\n|-crit|p2a: Gastrodon\n|-damage|p2a: Gastrodon|0 fnt\n|faint|p2a: Gastrodon\n|\n|-damage|p1a: Sandaconda|101/258 psn|[from] psn\n|upkeep\n|\n|t:|1781414651\n|switch|p2a: Dudunsparce|Dudunsparce, L83, F|343/343\n|-activate|p2a: Dudunsparce|move: Sticky Web\n|-unboost|p2a: Dudunsparce|spe|1\n|turn|7\n|\n|t:|1781414656\n|move|p1a: Sandaconda|Earthquake|p2a: Dudunsparce\n|-damage|p2a: Dudunsparce|166/343\n|move|p2a: Dudunsparce|Boomburst|p1a: Sandaconda\n|-damage|p1a: Sandaconda|0 fnt\n|faint|p1a: Sandaconda\n|\n|-heal|p2a: Dudunsparce|187/343|[from] item: Leftovers\n|upkeep\n|\n|t:|1781414679\n|switch|p1a: Gallade|Gallade, L80, M|240/240\n|-damage|p1a: Gallade|225/240|[from] Stealth Rock\n|turn|8\n|\n|t:|1781414693\n|-terastallize|p2a: Dudunsparce|Ghost\n|move|p1a: Gallade|Psycho Cut|p2a: Dudunsparce\n|-damage|p2a: Dudunsparce|51/343\n|move|p2a: Dudunsparce|Boomburst|p1a: Gallade\n|-damage|p1a: Gallade|113/240\n|\n|-heal|p2a: Dudunsparce|72/343|[from] item: Leftovers\n|upkeep\n|turn|9\n|\n|t:|1781414700\n|switch|p2a: Tinkaton|Tinkaton, L82, F|274/274\n|-activate|p2a: Tinkaton|move: Sticky Web\n|-unboost|p2a: Tinkaton|spe|1\n|-ability|p2a: Tinkaton|Mold Breaker\n|move|p1a: Gallade|Psycho Cut|p2a: Tinkaton\n|-resisted|p2a: Tinkaton\n|-damage|p2a: Tinkaton|201/274\n|\n|-heal|p2a: Tinkaton|218/274|[from] item: Leftovers\n|upkeep\n|turn|10\n|\n|t:|1781414711\n|switch|p1a: Magmortar|Magmortar, L88, F|275/275\n|move|p2a: Tinkaton|Play Rough|p1a: Magmortar\n|-resisted|p1a: Magmortar\n|-damage|p1a: Magmortar|235/275\n|\n|-heal|p2a: Tinkaton|235/274|[from] item: Leftovers\n|upkeep\n|turn|11\n|\n|t:|1781414720\n|switch|p2a: Dudunsparce|Dudunsparce, L83, F, tera:Ghost|72/343\n|-activate|p2a: Dudunsparce|move: Sticky Web\n|-unboost|p2a: Dudunsparce|spe|1\n|move|p1a: Magmortar|Fire Blast|p2a: Dudunsparce\n|-damage|p2a: Dudunsparce|0 fnt\n|faint|p2a: Dudunsparce\n|\n|upkeep\n|\n|t:|1781414722\n|switch|p2a: Dragapult|Dragapult, L77, M|262/262\n|-activate|p2a: Dragapult|move: Sticky Web\n|-unboost|p2a: Dragapult|spe|1\n|turn|12\n|\n|t:|1781414733\n|move|p1a: Magmortar|Knock Off|p2a: Dragapult\n|-supereffective|p2a: Dragapult\n|-damage|p2a: Dragapult|64/262\n|-enditem|p2a: Dragapult|Choice Specs|[from] move: Knock Off|[of] p1a: Magmortar\n|move|p2a: Dragapult|Shadow Ball|p1a: Magmortar\n|-damage|p1a: Magmortar|171/275\n|\n|upkeep\n|turn|13\n|\n|t:|1781414742\n|move|p1a: Magmortar|Knock Off|p2a: Dragapult\n|-supereffective|p2a: Dragapult\n|-damage|p2a: Dragapult|0 fnt\n|faint|p2a: Dragapult\n|\n|upkeep\n|\n|t:|1781414744\n|switch|p2a: Hitmonlee|Hitmonlee, L85, M|224/224\n|-activate|p2a: Hitmonlee|move: Sticky Web\n|-unboost|p2a: Hitmonlee|spe|1\n|-enditem|p2a: Hitmonlee|White Herb\n|-clearnegativeboost|p2a: Hitmonlee|[silent]\n|turn|14\n|\n|t:|1781414770\n|switch|p1a: Gallade|Gallade, L80, M|113/240\n|-damage|p1a: Gallade|98/240|[from] Stealth Rock\n|move|p2a: Hitmonlee|Swords Dance|p2a: Hitmonlee\n|-boost|p2a: Hitmonlee|atk|2\n|\n|upkeep\n|turn|15\n|\n|t:|1781414777\n|move|p2a: Hitmonlee|Knock Off|p1a: Gallade\n|-damage|p1a: Gallade|0 fnt\n|-enditem|p1a: Gallade|Choice Scarf|[from] move: Knock Off|[of] p2a: Hitmonlee\n|faint|p1a: Gallade\n|\n|upkeep\n|inactive|Battle timer is ON: inactive players will automatically lose when time's up. (requested by duuhhao)\n|inactive|VTCLA has 120 seconds left.\n|\n|t:|1781414863\n|switch|p1a: Magmortar|Magmortar, L88, F|171/275\n|turn|16\n|\n|t:|1781414869\n|move|p2a: Hitmonlee|Knock Off|p1a: Magmortar\n|-damage|p1a: Magmortar|0 fnt\n|-enditem|p1a: Magmortar|Heavy-Duty Boots|[from] move: Knock Off|[of] p2a: Hitmonlee\n|faint|p1a: Magmortar\n|\n|upkeep\n|\n|t:|1781414878\n|switch|p1a: Leavanny|Leavanny, L86, F|269/269\n|turn|17\n|\n|t:|1781414886\n|move|p2a: Hitmonlee|Stone Edge|p1a: Leavanny|[miss]\n|-miss|p2a: Hitmonlee|p1a: Leavanny\n|move|p1a: Leavanny|Lunge|p2a: Hitmonlee\n|-resisted|p2a: Hitmonlee\n|-damage|p2a: Hitmonlee|153/224\n|-unboost|p2a: Hitmonlee|atk|1\n|\n|upkeep\n|turn|18\n|\n|t:|1781414895\n|move|p2a: Hitmonlee|Swords Dance|p2a: Hitmonlee\n|-boost|p2a: Hitmonlee|atk|2\n|move|p1a: Leavanny|Leaf Blade|p2a: Hitmonlee\n|-damage|p2a: Hitmonlee|0 fnt\n|faint|p2a: Hitmonlee\n|\n|upkeep\n|\n|t:|1781414900\n|switch|p2a: Tinkaton|Tinkaton, L82, F|235/274\n|-activate|p2a: Tinkaton|move: Sticky Web\n|-unboost|p2a: Tinkaton|spe|1\n|-ability|p2a: Tinkaton|Mold Breaker\n|turn|19\n|j| Zyroth_7\n|\n|t:|1781414918\n|move|p1a: Leavanny|Knock Off|p2a: Tinkaton\n|-resisted|p2a: Tinkaton\n|-damage|p2a: Tinkaton|192/274\n|-enditem|p2a: Tinkaton|Leftovers|[from] move: Knock Off|[of] p1a: Leavanny\n|move|p2a: Tinkaton|Gigaton Hammer|p1a: Leavanny\n|-damage|p1a: Leavanny|131/269\n|\n|upkeep\n|turn|20\n|\n|t:|1781414925\n|move|p1a: Leavanny|Lunge|p2a: Tinkaton\n|-resisted|p2a: Tinkaton\n|-damage|p2a: Tinkaton|165/274\n|-unboost|p2a: Tinkaton|atk|1\n|move|p2a: Tinkaton|Play Rough|p1a: Leavanny\n|-damage|p1a: Leavanny|79/269\n|\n|upkeep\n|turn|21\n|-message|duuhhao forfeited.\n|\n|win|VTCLA\n", "uploadtime": 1781414564, "views": 4, "formatid": "gen9randombattle", "rating": null, "private": 0, "password": null}