{"id": "gen9randombattle-2631426812", "format": "[Gen 9] Random Battle", "players": ["BCena", "Copernicusthe54th"], "log": "|j|\u2606BCena\n|j|\u2606Copernicusthe54th\n|t:|1781383268\n|gametype|singles\n|player|p1|BCena|red|1938\n|player|p2|Copernicusthe54th|266|1931\n|gen|9\n|tier|[Gen 9] Random Battle\n|rated|\n|rule|Species Clause: Limit one of each Pok\u00e9mon\n|rule|HP Percentage Mod: HP is shown in percentages\n|rule|Sleep Clause Mod: Limit one foe put to sleep\n|rule|Illusion Level Mod: Illusion disguises the Pok\u00e9mon's true level\n|\n|t:|1781383268\n|teamsize|p1|6\n|teamsize|p2|6\n|start\n|switch|p1a: Snorlax|Snorlax, L82, F|397/397\n|switch|p2a: Venusaur|Venusaur, L84, M|272/272\n|turn|1\n|inactive|Battle timer is ON: inactive players will automatically lose when time's up. (requested by BCena)\n|\n|t:|1781383279\n|move|p2a: Venusaur|Knock Off|p1a: Snorlax\n|-damage|p1a: Snorlax|316/397\n|-enditem|p1a: Snorlax|Leftovers|[from] move: Knock Off|[of] p2a: Venusaur\n|move|p1a: Snorlax|Body Slam|p2a: Venusaur\n|-damage|p2a: Venusaur|176/272\n|\n|-heal|p2a: Venusaur|193/272|[from] item: Leftovers\n|upkeep\n|turn|2\n|\n|t:|1781383283\n|move|p2a: Venusaur|Sludge Bomb|p1a: Snorlax\n|-damage|p1a: Snorlax|240/397\n|move|p1a: Snorlax|Body Slam|p2a: Venusaur\n|-damage|p2a: Venusaur|91/272\n|\n|-heal|p2a: Venusaur|108/272|[from] item: Leftovers\n|upkeep\n|turn|3\n|\n|t:|1781383286\n|move|p2a: Venusaur|Synthesis|p2a: Venusaur\n|-heal|p2a: Venusaur|244/272\n|move|p1a: Snorlax|Body Slam|p2a: Venusaur\n|-damage|p2a: Venusaur|153/272\n|-status|p2a: Venusaur|par\n|\n|-heal|p2a: Venusaur|170/272 par|[from] item: Leftovers\n|upkeep\n|turn|4\n|\n|t:|1781383290\n|move|p1a: Snorlax|Body Slam|p2a: Venusaur\n|-crit|p2a: Venusaur\n|-damage|p2a: Venusaur|22/272 par\n|move|p2a: Venusaur|Sludge Bomb|p1a: Snorlax\n|-damage|p1a: Snorlax|152/397\n|\n|-heal|p2a: Venusaur|39/272 par|[from] item: Leftovers\n|upkeep\n|turn|5\n|\n|t:|1781383297\n|switch|p2a: Braviary|Braviary, L85, M|309/309\n|move|p1a: Snorlax|Body Slam|p2a: Braviary\n|-damage|p2a: Braviary|203/309\n|-status|p2a: Braviary|par\n|\n|upkeep\n|turn|6\n|\n|t:|1781383307\n|switch|p1a: Moltres|Moltres, L81|278/278\n|move|p2a: Braviary|Close Combat|p1a: Moltres\n|-resisted|p1a: Moltres\n|-damage|p1a: Moltres|220/278\n|-unboost|p2a: Braviary|def|1\n|-unboost|p2a: Braviary|spd|1\n|\n|upkeep\n|turn|7\n|\n|t:|1781383311\n|switch|p2a: Venusaur|Venusaur, L84, M|39/272 par\n|move|p1a: Moltres|Fire Blast|p2a: Venusaur\n|-supereffective|p2a: Venusaur\n|-damage|p2a: Venusaur|0 fnt\n|faint|p2a: Venusaur\n|\n|upkeep\n|\n|t:|1781383315\n|switch|p2a: Suicune|Suicune, L82|298/298\n|-ability|p2a: Suicune|Pressure\n|turn|8\n|\n|t:|1781383320\n|switch|p1a: Gurdurr|Gurdurr, L85, M|283/283\n|move|p2a: Suicune|Calm Mind|p2a: Suicune\n|-boost|p2a: Suicune|spa|1\n|-boost|p2a: Suicune|spd|1\n|\n|upkeep\n|turn|9\n|\n|t:|1781383323\n|move|p2a: Suicune|Calm Mind|p2a: Suicune\n|-boost|p2a: Suicune|spa|1\n|-boost|p2a: Suicune|spd|1\n|move|p1a: Gurdurr|Knock Off|p2a: Suicune\n|-damage|p2a: Suicune|236/298\n|-enditem|p2a: Suicune|Leftovers|[from] move: Knock Off|[of] p1a: Gurdurr\n|\n|upkeep\n|turn|10\n|\n|t:|1781383327\n|move|p2a: Suicune|Calm Mind|p2a: Suicune\n|-boost|p2a: Suicune|spa|1\n|-boost|p2a: Suicune|spd|1\n|move|p1a: Gurdurr|Drain Punch|p2a: Suicune\n|-damage|p2a: Suicune|163/298\n|\n|upkeep\n|turn|11\n|\n|t:|1781383334\n|move|p2a: Suicune|Scald|p1a: Gurdurr\n|-damage|p1a: Gurdurr|93/283\n|move|p1a: Gurdurr|Drain Punch|p2a: Suicune\n|-damage|p2a: Suicune|84/298\n|-heal|p1a: Gurdurr|133/283|[from] drain|[of] p2a: Suicune\n|\n|upkeep\n|turn|12\n|\n|t:|1781383340\n|move|p1a: Gurdurr|Mach Punch|p2a: Suicune\n|-damage|p2a: Suicune|41/298\n|move|p2a: Suicune|Scald|p1a: Gurdurr\n|-damage|p1a: Gurdurr|0 fnt\n|faint|p1a: Gurdurr\n|\n|upkeep\n|\n|t:|1781383344\n|switch|p1a: Moltres|Moltres, L81|220/278\n|turn|13\n|\n|t:|1781383350\n|switch|p2a: Persian|Persian-Alola, L86, F|252/252\n|move|p1a: Moltres|Brave Bird|p2a: Persian\n|-damage|p2a: Persian|168/252\n|-damage|p1a: Moltres|192/278|[from] Recoil\n|\n|upkeep\n|turn|14\n|\n|t:|1781383355\n|switch|p1a: Sandaconda|Sandaconda, L84, F|258/258\n|move|p2a: Persian|Thunder Wave|p1a: Sandaconda\n|-immune|p1a: Sandaconda\n|\n|upkeep\n|turn|15\n|\n|t:|1781383359\n|move|p2a: Persian|Taunt|p1a: Sandaconda\n|-start|p1a: Sandaconda|move: Taunt\n|cant|p1a: Sandaconda|move: Taunt|Glare\n|\n|upkeep\n|turn|16\n|\n|t:|1781383364\n|switch|p1a: Snorlax|Snorlax, L82, F|152/397\n|move|p2a: Persian|Parting Shot|p1a: Snorlax\n|-unboost|p1a: Snorlax|atk|1\n|-unboost|p1a: Snorlax|spa|1\n|\n|t:|1781383377\n|switch|p2a: Braviary|Braviary, L85, M|203/309 par|[from] Parting Shot\n|\n|upkeep\n|turn|17\n|\n|t:|1781383380\n|switch|p1a: Moltres|Moltres, L81|192/278\n|move|p2a: Braviary|Brave Bird|p1a: Moltres\n|-damage|p1a: Moltres|15/278\n|-damage|p2a: Braviary|145/309 par|[from] Recoil\n|\n|upkeep\n|turn|18\n|\n|t:|1781383388\n|move|p1a: Moltres|Fire Blast|p2a: Braviary\n|-damage|p2a: Braviary|0 fnt\n|faint|p2a: Braviary\n|\n|upkeep\n|\n|t:|1781383392\n|switch|p2a: Persian|Persian-Alola, L86, F|168/252\n|turn|19\n|\n|t:|1781383396\n|move|p2a: Persian|Foul Play|p1a: Moltres\n|-damage|p1a: Moltres|0 fnt\n|faint|p1a: Moltres\n|\n|upkeep\n|\n|t:|1781383409\n|switch|p1a: Snorlax|Snorlax, L82, F|152/397\n|turn|20\n|\n|t:|1781383414\n|move|p2a: Persian|Taunt|p1a: Snorlax\n|-start|p1a: Snorlax|move: Taunt\n|move|p1a: Snorlax|Body Slam|p2a: Persian\n|-damage|p2a: Persian|101/252\n|\n|upkeep\n|turn|21\n|\n|t:|1781383418\n|move|p2a: Persian|Foul Play|p1a: Snorlax\n|-damage|p1a: Snorlax|20/397\n|move|p1a: Snorlax|Body Slam|p2a: Persian\n|-damage|p2a: Persian|37/252\n|\n|upkeep\n|turn|22\n|\n|t:|1781383422\n|move|p2a: Persian|Foul Play|p1a: Snorlax\n|-damage|p1a: Snorlax|0 fnt\n|faint|p1a: Snorlax\n|\n|upkeep\n|\n|t:|1781383425\n|switch|p1a: Sandaconda|Sandaconda, L84, F|258/258\n|turn|23\n|\n|t:|1781383434\n|move|p2a: Persian|Taunt|p1a: Sandaconda\n|-start|p1a: Sandaconda|move: Taunt\n|move|p1a: Sandaconda|Earthquake|p2a: Persian\n|-damage|p2a: Persian|0 fnt\n|faint|p2a: Persian\n|\n|upkeep\n|\n|t:|1781383437\n|switch|p2a: Shaymin|Shaymin, L82|298/298\n|turn|24\n|\n|t:|1781383440\n|switch|p1a: Pyroar|Pyroar, L88, F|295/295\n|-ability|p1a: Pyroar|Unnerve\n|move|p2a: Shaymin|Seed Flare|p1a: Pyroar|[miss]\n|-miss|p2a: Shaymin|p1a: Pyroar\n|\n|upkeep\n|turn|25\n|\n|t:|1781383469\n|-terastallize|p2a: Shaymin|Ground\n|move|p1a: Pyroar|Fire Blast|p2a: Shaymin\n|-damage|p2a: Shaymin|172/298\n|move|p2a: Shaymin|Earth Power|p1a: Pyroar\n|-supereffective|p1a: Pyroar\n|-damage|p1a: Pyroar|67/295\n|\n|-heal|p2a: Shaymin|190/298|[from] item: Leftovers\n|upkeep\n|turn|26\n|\n|t:|1781383493\n|move|p1a: Pyroar|Hyper Voice|p2a: Shaymin\n|-damage|p2a: Shaymin|84/298\n|move|p2a: Shaymin|Earth Power|p1a: Pyroar\n|-supereffective|p1a: Pyroar\n|-damage|p1a: Pyroar|0 fnt\n|faint|p1a: Pyroar\n|\n|-heal|p2a: Shaymin|102/298|[from] item: Leftovers\n|upkeep\n|\n|t:|1781383495\n|switch|p1a: Pawmot|Pawmot, L80, M|243/243\n|turn|27\n|\n|t:|1781383499\n|move|p1a: Pawmot|Ice Punch|p2a: Shaymin\n|-supereffective|p2a: Shaymin\n|-damage|p2a: Shaymin|0 fnt\n|faint|p2a: Shaymin\n|-damage|p1a: Pawmot|219/243|[from] item: Life Orb\n|\n|upkeep\n|\n|t:|1781383502\n|switch|p2a: Espeon|Espeon, L84, F|246/246\n|turn|28\n|\n|t:|1781383511\n|-terastallize|p1a: Pawmot|Electric\n|move|p2a: Espeon|Psychic|p1a: Pawmot\n|-damage|p1a: Pawmot|20/243\n|-damage|p2a: Espeon|222/246|[from] item: Life Orb\n|move|p1a: Pawmot|Double Shock|p2a: Espeon\n|-damage|p2a: Espeon|0 fnt\n|-start|p1a: Pawmot|typechange|Electric|[from] move: Double Shock\n|faint|p2a: Espeon\n|-damage|p1a: Pawmot|0 fnt|[from] item: Life Orb\n|faint|p1a: Pawmot\n|\n|upkeep\n|\n|t:|1781383516\n|switch|p2a: Suicune|Suicune, L82|41/298\n|switch|p1a: Sandaconda|Sandaconda, L84, F|258/258\n|-ability|p2a: Suicune|Pressure\n|turn|29\n|\n|t:|1781383522\n|move|p2a: Suicune|Rest|p2a: Suicune\n|-status|p2a: Suicune|slp|[from] move: Rest\n|-heal|p2a: Suicune|298/298 slp|[silent]\n|move|p1a: Sandaconda|Earthquake|p2a: Suicune\n|-damage|p2a: Suicune|208/298 slp\n|\n|upkeep\n|turn|30\n|\n|t:|1781383526\n|cant|p2a: Suicune|slp\n|move|p2a: Suicune|Sleep Talk|p2a: Suicune\n|move|p2a: Suicune|Rest||[from] move: Sleep Talk|[still]\n|-fail|p2a: Suicune\n|move|p1a: Sandaconda|Earthquake|p2a: Suicune\n|-damage|p2a: Suicune|105/298 slp\n|\n|upkeep\n|turn|31\n|\n|t:|1781383528\n|cant|p2a: Suicune|slp\n|move|p2a: Suicune|Sleep Talk|p2a: Suicune\n|move|p2a: Suicune|Rest||[from] move: Sleep Talk|[still]\n|-fail|p2a: Suicune\n|move|p1a: Sandaconda|Earthquake|p2a: Suicune\n|-damage|p2a: Suicune|12/298 slp\n|\n|upkeep\n|turn|32\n|\n|t:|1781383530\n|-curestatus|p2a: Suicune|slp|[msg]\n|move|p2a: Suicune|Rest|p2a: Suicune\n|-status|p2a: Suicune|slp|[from] move: Rest\n|-heal|p2a: Suicune|298/298 slp|[silent]\n|move|p1a: Sandaconda|Earthquake|p2a: Suicune\n|-damage|p2a: Suicune|205/298 slp\n|\n|upkeep\n|turn|33\n|\n|t:|1781383532\n|cant|p2a: Suicune|slp\n|move|p2a: Suicune|Sleep Talk|p2a: Suicune\n|move|p2a: Suicune|Scald|p1a: Sandaconda|[from] move: Sleep Talk\n|-supereffective|p1a: Sandaconda\n|-damage|p1a: Sandaconda|70/258\n|move|p1a: Sandaconda|Earthquake|p2a: Suicune\n|-damage|p2a: Suicune|106/298 slp\n|\n|-heal|p1a: Sandaconda|86/258|[from] item: Leftovers\n|upkeep\n|turn|34\n|\n|t:|1781383534\n|cant|p2a: Suicune|slp\n|move|p2a: Suicune|Sleep Talk|p2a: Suicune\n|move|p2a: Suicune|Scald|p1a: Sandaconda|[from] move: Sleep Talk\n|-supereffective|p1a: Sandaconda\n|-damage|p1a: Sandaconda|0 fnt\n|faint|p1a: Sandaconda\n|\n|win|Copernicusthe54th\n", "uploadtime": 1781383269, "views": 9, "formatid": "gen9randombattle", "rating": null, "private": 0, "password": null}