{"id": "gen9randombattle-2631390307", "format": "[Gen 9] Random Battle", "players": ["Drago_TYB", "IcyBurst"], "log": "|j|\u2606Drago_TYB\n|j|\u2606IcyBurst\n|t:|1781378985\n|gametype|singles\n|player|p1|Drago_TYB|veteran|1641\n|player|p2|IcyBurst|101|1594\n|gen|9\n|tier|[Gen 9] Random Battle\n|rated|\n|rule|Species Clause: Limit one of each Pok\u00e9mon\n|rule|HP Percentage Mod: HP is shown in percentages\n|rule|Sleep Clause Mod: Limit one foe put to sleep\n|rule|Illusion Level Mod: Illusion disguises the Pok\u00e9mon's true level\n|\n|t:|1781378985\n|teamsize|p1|6\n|teamsize|p2|6\n|start\n|switch|p1a: Toxicroak|Toxicroak, L84, M|277/277\n|switch|p2a: Espeon|Espeon, L84, F|246/246\n|turn|1\n|inactive|Battle timer is ON: inactive players will automatically lose when time's up. (requested by IcyBurst)\n|\n|t:|1781379002\n|switch|p1a: Morpeko|Morpeko, L88, M|245/245\n|move|p2a: Espeon|Psychic|p1a: Morpeko\n|-immune|p1a: Morpeko\n|\n|-formechange|p1a: Morpeko|Morpeko-Hangry||[from] ability: Hunger Switch\n|upkeep\n|turn|2\n|\n|t:|1781379012\n|switch|p2a: Swalot|Swalot, L90, M|326/326\n|move|p1a: Morpeko|Aura Wheel|p2a: Swalot\n|-damage|p2a: Swalot|211/326\n|-boost|p1a: Morpeko|spe|1\n|\n|-heal|p2a: Swalot|231/326|[from] item: Leftovers\n|-formechange|p1a: Morpeko|Morpeko||[from] ability: Hunger Switch\n|upkeep\n|turn|3\n|\n|t:|1781379024\n|move|p1a: Morpeko|Parting Shot|p2a: Swalot\n|-unboost|p2a: Swalot|atk|1\n|-unboost|p2a: Swalot|spa|1\n|\n|t:|1781379032\n|switch|p1a: Gliscor|Gliscor, L76, F|239/239|[from] Parting Shot\n|move|p2a: Swalot|Knock Off|p1a: Gliscor\n|-damage|p1a: Gliscor|200/239\n|-enditem|p1a: Gliscor|Toxic Orb|[from] move: Knock Off|[of] p2a: Swalot\n|\n|-heal|p2a: Swalot|251/326|[from] item: Leftovers\n|upkeep\n|turn|4\n|\n|t:|1781379058\n|switch|p2a: Leavanny|Leavanny, L86, M|269/269\n|move|p1a: Gliscor|Toxic Spikes|p2a: Leavanny\n|-sidestart|p2: IcyBurst|move: Toxic Spikes\n|\n|upkeep\n|turn|5\n|\n|t:|1781379067\n|move|p2a: Leavanny|Sticky Web|p1a: Gliscor\n|-sidestart|p1: Drago_TYB|move: Sticky Web\n|move|p1a: Gliscor|Knock Off|p2a: Leavanny\n|-damage|p2a: Leavanny|214/269\n|-enditem|p2a: Leavanny|Heavy-Duty Boots|[from] move: Knock Off|[of] p1a: Gliscor\n|\n|upkeep\n|turn|6\n|\n|t:|1781379089\n|switch|p2a: Regice|Regice, L88|284/284\n|switch|p1a: Hatterene|Hatterene, L85, F|236/236\n|-activate|p1a: Hatterene|move: Sticky Web\n|-unboost|p1a: Hatterene|spe|1\n|\n|upkeep\n|turn|7\n|\n|t:|1781379099\n|switch|p2a: Zangoose|Zangoose, L85, M|263/263\n|-status|p2a: Zangoose|psn\n|move|p1a: Hatterene|Mystical Fire|p2a: Zangoose\n|-damage|p2a: Zangoose|165/263 psn\n|-unboost|p2a: Zangoose|spa|1\n|\n|-damage|p2a: Zangoose|133/263 psn|[from] psn\n|upkeep\n|turn|8\n|\n|t:|1781379110\n|switch|p1a: Gliscor|Gliscor, L76, F|200/239\n|move|p2a: Zangoose|Facade|p1a: Gliscor\n|-damage|p1a: Gliscor|0 fnt\n|faint|p1a: Gliscor\n|\n|-damage|p2a: Zangoose|101/263 psn|[from] psn\n|upkeep\n|\n|t:|1781379120\n|switch|p1a: Morpeko|Morpeko, L88, M|245/245\n|turn|9\n|\n|t:|1781379125\n|move|p1a: Morpeko|Aura Wheel|p2a: Zangoose\n|-damage|p2a: Zangoose|0 fnt\n|-boost|p1a: Morpeko|spe|1\n|faint|p2a: Zangoose\n|\n|-formechange|p1a: Morpeko|Morpeko-Hangry||[from] ability: Hunger Switch\n|upkeep\n|\n|t:|1781379133\n|switch|p2a: Regice|Regice, L88|284/284\n|turn|10\n|\n|t:|1781379136\n|move|p1a: Morpeko|Rapid Spin|p2a: Regice\n|-damage|p2a: Regice|249/284\n|-boost|p1a: Morpeko|spe|1\n|-sideend|p1: Drago_TYB|Sticky Web|[from] move: Rapid Spin|[of] p1a: Morpeko\n|move|p2a: Regice|Ice Beam|p1a: Morpeko\n|-damage|p1a: Morpeko|118/245\n|\n|-formechange|p1a: Morpeko|Morpeko||[from] ability: Hunger Switch\n|upkeep\n|turn|11\n|\n|t:|1781379144\n|move|p1a: Morpeko|Parting Shot|p2a: Regice\n|-fail|p2a: Regice|unboost|[from] ability: Clear Body|[of] p2a: Regice\n|move|p2a: Regice|Ice Beam|p1a: Morpeko\n|-damage|p1a: Morpeko|0 fnt\n|faint|p1a: Morpeko\n|\n|upkeep\n|\n|t:|1781379154\n|switch|p1a: Toxicroak|Toxicroak, L84, M|277/277\n|turn|12\n|\n|t:|1781379162\n|switch|p2a: Swalot|Swalot, L90, M|251/326\n|-sideend|p2: IcyBurst|move: Toxic Spikes|[of] p2a: Swalot\n|move|p1a: Toxicroak|Swords Dance|p1a: Toxicroak\n|-boost|p1a: Toxicroak|atk|2\n|\n|-heal|p2a: Swalot|271/326|[from] item: Leftovers\n|upkeep\n|turn|13\n|\n|t:|1781379176\n|move|p1a: Toxicroak|Sucker Punch||[still]\n|-fail|p1a: Toxicroak\n|move|p2a: Swalot|Toxic Spikes|p1a: Toxicroak\n|-sidestart|p1: Drago_TYB|move: Toxic Spikes\n|\n|-heal|p2a: Swalot|291/326|[from] item: Leftovers\n|upkeep\n|turn|14\n|\n|t:|1781379181\n|move|p1a: Toxicroak|Swords Dance|p1a: Toxicroak\n|-boost|p1a: Toxicroak|atk|2\n|move|p2a: Swalot|Toxic Spikes|p1a: Toxicroak\n|-sidestart|p1: Drago_TYB|move: Toxic Spikes\n|\n|-heal|p2a: Swalot|311/326|[from] item: Leftovers\n|upkeep\n|turn|15\n|\n|t:|1781379187\n|move|p1a: Toxicroak|Gunk Shot|p2a: Swalot\n|-resisted|p2a: Swalot\n|-damage|p2a: Swalot|73/326\n|-damage|p1a: Toxicroak|250/277|[from] item: Life Orb\n|move|p2a: Swalot|Ice Beam|p1a: Toxicroak\n|-damage|p1a: Toxicroak|182/277\n|\n|-heal|p2a: Swalot|93/326|[from] item: Leftovers\n|upkeep\n|turn|16\n|\n|t:|1781379194\n|move|p1a: Toxicroak|Sucker Punch|p2a: Swalot\n|-damage|p2a: Swalot|0 fnt\n|faint|p2a: Swalot\n|-damage|p1a: Toxicroak|155/277|[from] item: Life Orb\n|\n|upkeep\n|inactive|IcyBurst has 120 seconds left.\n|inactive|IcyBurst has 90 seconds left.\n|inactive|IcyBurst has 60 seconds left.\n|\n|t:|1781379312\n|switch|p2a: Regice|Regice, L88|249/284\n|turn|17\n|\n|t:|1781379317\n|switch|p2a: Leavanny|Leavanny, L86, M|214/269\n|move|p1a: Toxicroak|Close Combat|p2a: Leavanny\n|-resisted|p2a: Leavanny\n|-damage|p2a: Leavanny|0 fnt\n|-unboost|p1a: Toxicroak|def|1\n|-unboost|p1a: Toxicroak|spd|1\n|faint|p2a: Leavanny\n|-damage|p1a: Toxicroak|128/277|[from] item: Life Orb\n|\n|upkeep\n|inactive|IcyBurst has 30 seconds left.\n|\n|t:|1781379346\n|switch|p2a: Regice|Regice, L88|249/284\n|turn|18\n|c|\u2606Drago_TYB|\ud83e\udd23\u261d\ud83c\udffd\n|inactive|IcyBurst has 30 seconds left.\n|\n|t:|1781379358\n|switch|p2a: Espeon|Espeon, L84, F|246/246\n|move|p1a: Toxicroak|Close Combat|p2a: Espeon\n|-resisted|p2a: Espeon\n|-damage|p2a: Espeon|0 fnt\n|-unboost|p1a: Toxicroak|def|1\n|-unboost|p1a: Toxicroak|spd|1\n|faint|p2a: Espeon\n|-damage|p1a: Toxicroak|101/277|[from] item: Life Orb\n|\n|upkeep\n|inactive|IcyBurst has 30 seconds left this turn.\n|\n|t:|1781379364\n|switch|p2a: Passimian|Passimian, L83, F|302/302\n|turn|19\n|c|\u2606Drago_TYB|\ud83e\udd23\ud83e\udd23\ud83e\udd23\ud83e\udd23\ud83e\udd23\n|inactive|IcyBurst has 30 seconds left.\n|\n|t:|1781379370\n|move|p1a: Toxicroak|Sucker Punch|p2a: Passimian\n|-resisted|p2a: Passimian\n|-damage|p2a: Passimian|207/302\n|-damage|p1a: Toxicroak|74/277|[from] item: Life Orb\n|move|p2a: Passimian|Drain Punch|p1a: Toxicroak\n|-resisted|p1a: Toxicroak\n|-crit|p1a: Toxicroak\n|-damage|p1a: Toxicroak|0 fnt\n|-heal|p2a: Passimian|244/302|[from] drain|[of] p1a: Toxicroak\n|faint|p1a: Toxicroak\n|\n|-heal|p2a: Passimian|262/302|[from] item: Leftovers\n|upkeep\n|\n|t:|1781379378\n|switch|p1a: Victreebel|Victreebel, L90, M|290/290\n|-sideend|p1: Drago_TYB|move: Toxic Spikes|[of] p1a: Victreebel\n|turn|20\n|\n|t:|1781379387\n|switch|p2a: Regice|Regice, L88|249/284\n|move|p1a: Victreebel|Sunny Day|p1a: Victreebel\n|-weather|SunnyDay\n|\n|-weather|SunnyDay|[upkeep]\n|upkeep\n|turn|21\n|\n|t:|1781379392\n|-terastallize|p1a: Victreebel|Fire\n|-terastallize|p2a: Regice|Electric\n|move|p1a: Victreebel|Weather Ball|p2a: Regice\n|-damage|p2a: Regice|120/284\n|-damage|p1a: Victreebel|261/290|[from] item: Life Orb\n|move|p2a: Regice|Ice Beam|p1a: Victreebel\n|-resisted|p1a: Victreebel\n|-damage|p1a: Victreebel|203/290\n|\n|-weather|SunnyDay|[upkeep]\n|upkeep\n|turn|22\n|\n|t:|1781379400\n|move|p1a: Victreebel|Weather Ball|p2a: Regice\n|-damage|p2a: Regice|0 fnt\n|faint|p2a: Regice\n|-damage|p1a: Victreebel|174/290|[from] item: Life Orb\n|\n|-weather|SunnyDay|[upkeep]\n|upkeep\n|\n|t:|1781379403\n|switch|p2a: Passimian|Passimian, L83, F|262/302\n|turn|23\n|c|\u2606Drago_TYB|\ud83e\udd71\ud83e\udd71\n|c|\u2606Drago_TYB|Ez\n|c|\u2606Drago_TYB|\ud83e\udd71\ud83e\udd71\ud83e\udd71\ud83e\udd71\n|c|\u2606IcyBurst|go bang ur mom\n|inactive|Drago_TYB has 120 seconds left.\n|c|\u2606Drago_TYB|No cry\n|c|\u2606Drago_TYB|\ud83e\udd23\ud83e\udd23\ud83e\udd23\ud83e\udd23\ud83e\udd23\n|c|\u2606Drago_TYB|\u265f\ufe0f\n|inactive|Drago_TYB has 90 seconds left.\n|c|\u2606Drago_TYB|\ud83d\udd7a\n|inactive|Drago_TYB has 60 seconds left.\n|\n|t:|1781379496\n|move|p1a: Victreebel|Weather Ball|p2a: Passimian\n|-damage|p2a: Passimian|0 fnt\n|faint|p2a: Passimian\n|-damage|p1a: Victreebel|145/290|[from] item: Life Orb\n|\n|win|Drago_TYB\n", "uploadtime": 1781379425, "views": 5, "formatid": "gen9randombattle", "rating": null, "private": 0, "password": null}