{"id": "gen9randombattle-2631390482", "format": "[Gen 9] Random Battle", "players": ["TY SM MY GUY", "nano jump"], "log": "|j|\u2606TY SM MY GUY\n|j|\u2606nano jump\n|t:|1781379007\n|gametype|singles\n|player|p1|TY SM MY GUY|hoopster|2256\n|player|p2|nano jump|steven-masters|2300\n|gen|9\n|tier|[Gen 9] Random Battle\n|rated|\n|rule|Species Clause: Limit one of each Pok\u00e9mon\n|rule|HP Percentage Mod: HP is shown in percentages\n|rule|Sleep Clause Mod: Limit one foe put to sleep\n|rule|Illusion Level Mod: Illusion disguises the Pok\u00e9mon's true level\n|\n|t:|1781379007\n|teamsize|p1|6\n|teamsize|p2|6\n|start\n|switch|p1a: Oricorio|Oricorio, L84, M|263/263\n|switch|p2a: Venomoth|Venomoth, L84, F|255/255\n|turn|1\n|\n|t:|1781379028\n|move|p1a: Oricorio|Revelation Dance|p2a: Venomoth\n|-supereffective|p2a: Venomoth\n|-damage|p2a: Venomoth|51/255\n|move|p2a: Venomoth|Sleep Powder|p1a: Oricorio\n|-status|p1a: Oricorio|slp|[from] move: Sleep Powder\n|\n|upkeep\n|turn|2\n|inactive|Battle timer is ON: inactive players will automatically lose when time's up. (requested by nano jump)\n|\n|t:|1781379039\n|switch|p1a: Ampharos|Ampharos, L88, F|302/302\n|move|p2a: Venomoth|Quiver Dance|p2a: Venomoth\n|-boost|p2a: Venomoth|spa|1\n|-boost|p2a: Venomoth|spd|1\n|-boost|p2a: Venomoth|spe|1\n|\n|upkeep\n|turn|3\n|\n|t:|1781379043\n|move|p2a: Venomoth|Sludge Wave|p1a: Ampharos\n|-damage|p1a: Ampharos|175/302\n|move|p1a: Ampharos|Volt Switch|p2a: Venomoth\n|-damage|p2a: Venomoth|0 fnt\n|faint|p2a: Venomoth\n|\n|t:|1781379048\n|switch|p1a: Oricorio|Oricorio, L84, M|263/263 slp|[from] Volt Switch\n|\n|upkeep\n|\n|t:|1781379054\n|switch|p2a: Alomomola|Alomomola, L87, M|429/429\n|turn|4\n|\n|t:|1781379058\n|cant|p1a: Oricorio|slp\n|move|p2a: Alomomola|Scald|p1a: Oricorio\n|-supereffective|p1a: Oricorio\n|-damage|p1a: Oricorio|153/263 slp\n|\n|upkeep\n|turn|5\n|\n|t:|1781379060\n|cant|p1a: Oricorio|slp\n|move|p2a: Alomomola|Scald|p1a: Oricorio\n|-supereffective|p1a: Oricorio\n|-damage|p1a: Oricorio|37/263 slp\n|\n|upkeep\n|turn|6\n|\n|t:|1781379064\n|switch|p1a: Ampharos|Ampharos, L88, F|175/302\n|move|p2a: Alomomola|Flip Turn|p1a: Ampharos\n|-crit|p1a: Ampharos\n|-damage|p1a: Ampharos|97/302\n|-status|p2a: Alomomola|par|[from] ability: Static|[of] p1a: Ampharos\n|\n|t:|1781379067\n|switch|p2a: Gliscor|Gliscor, L76, M|239/239|[from] Flip Turn\n|\n|-status|p2a: Gliscor|tox|[from] item: Toxic Orb\n|upkeep\n|turn|7\n|\n|t:|1781379071\n|switch|p1a: Oricorio|Oricorio, L84, M|37/263 slp\n|move|p2a: Gliscor|Earthquake|p1a: Oricorio\n|-immune|p1a: Oricorio\n|\n|upkeep\n|turn|8\n|\n|t:|1781379076\n|-curestatus|p1a: Oricorio|slp|[msg]\n|move|p1a: Oricorio|Roost|p1a: Oricorio\n|-heal|p1a: Oricorio|169/263\n|-singleturn|p1a: Oricorio|move: Roost\n|move|p2a: Gliscor|Toxic|p1a: Oricorio\n|-status|p1a: Oricorio|tox\n|\n|-damage|p1a: Oricorio|153/263 tox|[from] psn\n|upkeep\n|turn|9\n|\n|t:|1781379085\n|switch|p1a: Mudsdale|Mudsdale, L83, F|302/302\n|move|p2a: Gliscor|Substitute|p2a: Gliscor\n|-start|p2a: Gliscor|Substitute\n|-damage|p2a: Gliscor|180/239 tox\n|\n|-heal|p2a: Gliscor|209/239 tox|[from] ability: Poison Heal\n|upkeep\n|turn|10\n|\n|t:|1781379089\n|move|p2a: Gliscor|Toxic|p1a: Mudsdale\n|-status|p1a: Mudsdale|tox\n|move|p1a: Mudsdale|Stealth Rock|p2a: Gliscor\n|-sidestart|p2: nano jump|move: Stealth Rock\n|\n|-heal|p2a: Gliscor|238/239 tox|[from] ability: Poison Heal\n|-damage|p1a: Mudsdale|284/302 tox|[from] psn\n|upkeep\n|turn|11\n|\n|t:|1781379092\n|move|p2a: Gliscor|Earthquake|p1a: Mudsdale\n|-damage|p1a: Mudsdale|206/302 tox\n|-ability|p1a: Mudsdale|Stamina|boost\n|-boost|p1a: Mudsdale|def|1\n|move|p1a: Mudsdale|Roar|p2a: Gliscor\n|drag|p2a: Frosmoth|Frosmoth, L82, M|249/249\n|\n|-heal|p1a: Mudsdale|224/302 tox|[from] item: Leftovers\n|-damage|p1a: Mudsdale|188/302 tox|[from] psn\n|upkeep\n|turn|12\n|\n|t:|1781379096\n|move|p2a: Frosmoth|Ice Beam|p1a: Mudsdale\n|-supereffective|p1a: Mudsdale\n|-damage|p1a: Mudsdale|0 fnt\n|faint|p1a: Mudsdale\n|\n|upkeep\n|\n|t:|1781379101\n|switch|p1a: Oricorio|Oricorio, L84, M|153/263 tox\n|turn|13\n|\n|t:|1781379107\n|switch|p2a: Alomomola|Alomomola, L87, M|429/429 par\n|move|p1a: Oricorio|Quiver Dance|p1a: Oricorio\n|-boost|p1a: Oricorio|spa|1\n|-boost|p1a: Oricorio|spd|1\n|-boost|p1a: Oricorio|spe|1\n|\n|-damage|p1a: Oricorio|137/263 tox|[from] psn\n|upkeep\n|turn|14\n|\n|t:|1781379110\n|move|p1a: Oricorio|Hurricane|p2a: Alomomola\n|-damage|p2a: Alomomola|176/429 par\n|move|p2a: Alomomola|Flip Turn|p1a: Oricorio\n|-supereffective|p1a: Oricorio\n|-damage|p1a: Oricorio|15/263 tox\n|\n|t:|1781379113\n|switch|p2a: Gliscor|Gliscor, L76, M|238/239 tox|[from] Flip Turn\n|-damage|p2a: Gliscor|209/239 tox|[from] Stealth Rock\n|\n|-damage|p1a: Oricorio|0 fnt|[from] psn\n|faint|p1a: Oricorio\n|-heal|p2a: Gliscor|238/239 tox|[from] ability: Poison Heal\n|upkeep\n|\n|t:|1781379126\n|switch|p1a: Amoonguss|Amoonguss, L82, F|321/321\n|turn|15\n|\n|t:|1781379144\n|switch|p2a: Bronzong|Bronzong, L88|261/261\n|-damage|p2a: Bronzong|245/261|[from] Stealth Rock\n|move|p1a: Amoonguss|Giga Drain|p2a: Bronzong\n|-resisted|p2a: Bronzong\n|-damage|p2a: Bronzong|216/261\n|\n|-heal|p2a: Bronzong|232/261|[from] item: Leftovers\n|upkeep\n|turn|16\n|\n|t:|1781379153\n|move|p2a: Bronzong|Psychic Noise|p1a: Amoonguss\n|-supereffective|p1a: Amoonguss\n|-crit|p1a: Amoonguss\n|-damage|p1a: Amoonguss|55/321\n|-start|p1a: Amoonguss|move: Heal Block\n|move|p1a: Amoonguss|Spore|p2a: Bronzong\n|-status|p2a: Bronzong|slp|[from] move: Spore\n|\n|-heal|p2a: Bronzong|248/261 slp|[from] item: Leftovers\n|upkeep\n|turn|17\n|\n|t:|1781379161\n|switch|p2a: Gliscor|Gliscor, L76, M|238/239 tox\n|-damage|p2a: Gliscor|209/239 tox|[from] Stealth Rock\n|switch|p1a: Ampharos|Ampharos, L88, F|97/302\n|\n|-heal|p2a: Gliscor|238/239 tox|[from] ability: Poison Heal\n|upkeep\n|turn|18\n|\n|t:|1781379164\n|switch|p1a: Mandibuzz|Mandibuzz, L85, F|326/326\n|move|p2a: Gliscor|Substitute|p2a: Gliscor\n|-start|p2a: Gliscor|Substitute\n|-damage|p2a: Gliscor|179/239 tox\n|\n|-heal|p2a: Gliscor|208/239 tox|[from] ability: Poison Heal\n|upkeep\n|turn|19\n|\n|t:|1781379169\n|switch|p1a: Amoonguss|Amoonguss, L82, F|162/321\n|move|p2a: Gliscor|Toxic|p1a: Amoonguss\n|-immune|p1a: Amoonguss\n|\n|-heal|p1a: Amoonguss|182/321|[from] item: Leftovers\n|-heal|p2a: Gliscor|237/239 tox|[from] ability: Poison Heal\n|upkeep\n|turn|20\n|\n|t:|1781379170\n|move|p2a: Gliscor|Earthquake|p1a: Amoonguss\n|-damage|p1a: Amoonguss|77/321\n|move|p1a: Amoonguss|Giga Drain|p2a: Gliscor\n|-end|p2a: Gliscor|Substitute\n|-heal|p1a: Amoonguss|107/321|[from] drain|[of] p2a: Gliscor\n|\n|-heal|p1a: Amoonguss|127/321|[from] item: Leftovers\n|-heal|p2a: Gliscor|239/239 tox|[from] ability: Poison Heal\n|upkeep\n|turn|21\n|\n|t:|1781379174\n|switch|p2a: Bronzong|Bronzong, L88|248/261 slp\n|-damage|p2a: Bronzong|232/261 slp|[from] Stealth Rock\n|switch|p1a: Mandibuzz|Mandibuzz, L85, F|326/326\n|\n|-heal|p2a: Bronzong|248/261 slp|[from] item: Leftovers\n|upkeep\n|turn|22\n|\n|t:|1781379182\n|switch|p2a: Gliscor|Gliscor, L76, M|239/239 tox\n|-damage|p2a: Gliscor|210/239 tox|[from] Stealth Rock\n|move|p1a: Mandibuzz|Foul Play|p2a: Gliscor\n|-damage|p2a: Gliscor|129/239 tox\n|\n|-heal|p2a: Gliscor|158/239 tox|[from] ability: Poison Heal\n|upkeep\n|turn|23\n|\n|t:|1781379188\n|switch|p1a: Amoonguss|Amoonguss, L82, F|234/321\n|move|p2a: Gliscor|Earthquake|p1a: Amoonguss\n|-damage|p1a: Amoonguss|126/321\n|\n|-heal|p1a: Amoonguss|146/321|[from] item: Leftovers\n|-heal|p2a: Gliscor|187/239 tox|[from] ability: Poison Heal\n|upkeep\n|turn|24\n|\n|t:|1781379191\n|switch|p2a: Bronzong|Bronzong, L88|248/261 slp\n|-damage|p2a: Bronzong|232/261 slp|[from] Stealth Rock\n|move|p1a: Amoonguss|Giga Drain|p2a: Bronzong\n|-resisted|p2a: Bronzong\n|-damage|p2a: Bronzong|206/261 slp\n|-heal|p1a: Amoonguss|159/321|[from] drain|[of] p2a: Bronzong\n|\n|-heal|p2a: Bronzong|222/261 slp|[from] item: Leftovers\n|-heal|p1a: Amoonguss|179/321|[from] item: Leftovers\n|upkeep\n|turn|25\n|\n|t:|1781379196\n|switch|p1a: Mandibuzz|Mandibuzz, L85, F|326/326\n|cant|p2a: Bronzong|slp\n|\n|-heal|p2a: Bronzong|238/261 slp|[from] item: Leftovers\n|upkeep\n|turn|26\n|\n|t:|1781379199\n|switch|p2a: Alomomola|Alomomola, L87, M|319/429 par\n|move|p1a: Mandibuzz|Foul Play|p2a: Alomomola\n|-damage|p2a: Alomomola|234/429 par\n|\n|upkeep\n|turn|27\n|\n|t:|1781379203\n|move|p1a: Mandibuzz|U-turn|p2a: Alomomola\n|-damage|p2a: Alomomola|195/429 par\n|\n|t:|1781379204\n|switch|p1a: Ampharos|Ampharos, L88, F|97/302|[from] U-turn\n|move|p2a: Alomomola|Wish|p2a: Alomomola\n|\n|upkeep\n|turn|28\n|\n|t:|1781379207\n|switch|p2a: Gliscor|Gliscor, L76, M|187/239 tox\n|-damage|p2a: Gliscor|158/239 tox|[from] Stealth Rock\n|move|p1a: Ampharos|Dazzling Gleam|p2a: Gliscor\n|-damage|p2a: Gliscor|35/239 tox\n|\n|-heal|p2a: Gliscor|239/239 tox|[from] move: Wish|[wisher] Alomomola\n|upkeep\n|turn|29\n|\n|t:|1781379213\n|switch|p2a: Bronzong|Bronzong, L88|238/261 slp\n|-damage|p2a: Bronzong|222/261 slp|[from] Stealth Rock\n|move|p1a: Ampharos|Dazzling Gleam|p2a: Bronzong\n|-resisted|p2a: Bronzong\n|-damage|p2a: Bronzong|182/261 slp\n|\n|-heal|p2a: Bronzong|198/261 slp|[from] item: Leftovers\n|upkeep\n|turn|30\n|\n|t:|1781379218\n|switch|p1a: Mandibuzz|Mandibuzz, L85, F|326/326\n|switch|p2a: Gliscor|Gliscor, L76, M|239/239 tox\n|-damage|p2a: Gliscor|210/239 tox|[from] Stealth Rock\n|\n|-heal|p2a: Gliscor|239/239 tox|[from] ability: Poison Heal\n|upkeep\n|turn|31\n|\n|t:|1781379223\n|switch|p2a: Bronzong|Bronzong, L88|198/261 slp\n|-damage|p2a: Bronzong|182/261 slp|[from] Stealth Rock\n|switch|p1a: Amoonguss|Amoonguss, L82, F|286/321\n|\n|-heal|p2a: Bronzong|198/261 slp|[from] item: Leftovers\n|-heal|p1a: Amoonguss|306/321|[from] item: Leftovers\n|upkeep\n|turn|32\n|\n|t:|1781379226\n|switch|p1a: Mandibuzz|Mandibuzz, L85, F|326/326\n|-curestatus|p2a: Bronzong|slp|[msg]\n|move|p2a: Bronzong|Iron Defense|p2a: Bronzong\n|-boost|p2a: Bronzong|def|2\n|\n|-heal|p2a: Bronzong|214/261|[from] item: Leftovers\n|upkeep\n|turn|33\n|\n|t:|1781379233\n|move|p1a: Mandibuzz|Foul Play|p2a: Bronzong\n|-supereffective|p2a: Bronzong\n|-damage|p2a: Bronzong|128/261\n|move|p2a: Bronzong|Body Press|p1a: Mandibuzz\n|-damage|p1a: Mandibuzz|203/326\n|\n|-heal|p2a: Bronzong|144/261|[from] item: Leftovers\n|upkeep\n|turn|34\n|\n|t:|1781379237\n|move|p1a: Mandibuzz|Foul Play|p2a: Bronzong\n|-supereffective|p2a: Bronzong\n|-damage|p2a: Bronzong|72/261\n|move|p2a: Bronzong|Iron Defense|p2a: Bronzong\n|-boost|p2a: Bronzong|def|2\n|\n|-heal|p2a: Bronzong|88/261|[from] item: Leftovers\n|upkeep\n|turn|35\n|\n|t:|1781379248\n|move|p1a: Mandibuzz|Foul Play|p2a: Bronzong\n|-supereffective|p2a: Bronzong\n|-damage|p2a: Bronzong|34/261\n|move|p2a: Bronzong|Body Press|p1a: Mandibuzz\n|-damage|p1a: Mandibuzz|13/326\n|\n|-heal|p2a: Bronzong|50/261|[from] item: Leftovers\n|upkeep\n|turn|36\n|\n|t:|1781379252\n|switch|p2a: Frosmoth|Frosmoth, L82, M|249/249\n|move|p1a: Mandibuzz|Foul Play|p2a: Frosmoth\n|-crit|p2a: Frosmoth\n|-damage|p2a: Frosmoth|129/249\n|\n|upkeep\n|turn|37\n|\n|t:|1781379258\n|move|p1a: Mandibuzz|U-turn|p2a: Frosmoth\n|-damage|p2a: Frosmoth|76/249\n|\n|t:|1781379259\n|switch|p1a: Glastrier|Glastrier, L86|312/312|[from] U-turn\n|move|p2a: Frosmoth|Quiver Dance|p2a: Frosmoth\n|-boost|p2a: Frosmoth|spa|1\n|-boost|p2a: Frosmoth|spd|1\n|-boost|p2a: Frosmoth|spe|1\n|\n|upkeep\n|turn|38\n|\n|t:|1781379263\n|move|p2a: Frosmoth|Bug Buzz|p1a: Glastrier\n|-damage|p1a: Glastrier|173/312\n|move|p1a: Glastrier|Heavy Slam|p2a: Frosmoth\n|-supereffective|p2a: Frosmoth\n|-damage|p2a: Frosmoth|0 fnt\n|faint|p2a: Frosmoth\n|-ability|p1a: Glastrier|Chilling Neigh|boost\n|-boost|p1a: Glastrier|atk|1\n|\n|upkeep\n|\n|t:|1781379268\n|switch|p2a: Alomomola|Alomomola, L87, M|338/429 par\n|turn|39\n|\n|t:|1781379274\n|switch|p1a: Ampharos|Ampharos, L88, F|97/302\n|move|p2a: Alomomola|Wish|p2a: Alomomola\n|\n|upkeep\n|turn|40\n|\n|t:|1781379281\n|switch|p2a: Gliscor|Gliscor, L76, M|239/239 tox\n|-damage|p2a: Gliscor|210/239 tox|[from] Stealth Rock\n|move|p1a: Ampharos|Focus Blast|p2a: Gliscor\n|-resisted|p2a: Gliscor\n|-damage|p2a: Gliscor|109/239 tox\n|\n|-heal|p2a: Gliscor|239/239 tox|[from] move: Wish|[wisher] Alomomola\n|upkeep\n|turn|41\n|\n|t:|1781379288\n|switch|p2a: Alomomola|Alomomola, L87, M|429/429 par\n|switch|p1a: Mandibuzz|Mandibuzz, L85, F|13/326\n|\n|upkeep\n|turn|42\n|\n|t:|1781379290\n|move|p1a: Mandibuzz|Roost|p1a: Mandibuzz\n|-heal|p1a: Mandibuzz|176/326\n|-singleturn|p1a: Mandibuzz|move: Roost\n|move|p2a: Alomomola|Wish|p2a: Alomomola\n|\n|upkeep\n|turn|43\n|\n|t:|1781379292\n|move|p1a: Mandibuzz|Roost|p1a: Mandibuzz\n|-heal|p1a: Mandibuzz|326/326\n|-singleturn|p1a: Mandibuzz|move: Roost\n|move|p2a: Alomomola|Flip Turn|p1a: Mandibuzz\n|-damage|p1a: Mandibuzz|277/326\n|\n|t:|1781379294\n|switch|p2a: Bronzong|Bronzong, L88|50/261|[from] Flip Turn\n|-damage|p2a: Bronzong|34/261|[from] Stealth Rock\n|\n|-heal|p2a: Bronzong|248/261|[from] move: Wish|[wisher] Alomomola\n|-heal|p2a: Bronzong|261/261|[from] item: Leftovers\n|upkeep\n|turn|44\n|\n|t:|1781379298\n|switch|p2a: Gliscor|Gliscor, L76, M|239/239 tox\n|-damage|p2a: Gliscor|210/239 tox|[from] Stealth Rock\n|move|p1a: Mandibuzz|Foul Play|p2a: Gliscor\n|-damage|p2a: Gliscor|131/239 tox\n|\n|-heal|p2a: Gliscor|160/239 tox|[from] ability: Poison Heal\n|upkeep\n|turn|45\n|\n|t:|1781379313\n|switch|p1a: Amoonguss|Amoonguss, L82, F|321/321\n|move|p2a: Gliscor|Toxic|p1a: Amoonguss\n|-immune|p1a: Amoonguss\n|\n|-heal|p2a: Gliscor|189/239 tox|[from] ability: Poison Heal\n|upkeep\n|turn|46\n|\n|t:|1781379317\n|switch|p1a: Mandibuzz|Mandibuzz, L85, F|277/326\n|move|p2a: Gliscor|Earthquake|p1a: Mandibuzz\n|-immune|p1a: Mandibuzz\n|\n|-heal|p2a: Gliscor|218/239 tox|[from] ability: Poison Heal\n|upkeep\n|turn|47\n|\n|t:|1781379320\n|switch|p1a: Amoonguss|Amoonguss, L82, F|321/321\n|move|p2a: Gliscor|Substitute|p2a: Gliscor\n|-start|p2a: Gliscor|Substitute\n|-damage|p2a: Gliscor|159/239 tox\n|\n|-heal|p2a: Gliscor|188/239 tox|[from] ability: Poison Heal\n|upkeep\n|turn|48\n|\n|t:|1781379322\n|move|p2a: Gliscor|Earthquake|p1a: Amoonguss\n|-damage|p1a: Amoonguss|213/321\n|move|p1a: Amoonguss|Giga Drain|p2a: Gliscor\n|-end|p2a: Gliscor|Substitute\n|-heal|p1a: Amoonguss|243/321|[from] drain|[of] p2a: Gliscor\n|\n|-heal|p1a: Amoonguss|263/321|[from] item: Leftovers\n|-heal|p2a: Gliscor|217/239 tox|[from] ability: Poison Heal\n|upkeep\n|turn|49\n|\n|t:|1781379324\n|move|p2a: Gliscor|Protect|p2a: Gliscor\n|-singleturn|p2a: Gliscor|Protect\n|move|p1a: Amoonguss|Giga Drain|p2a: Gliscor\n|-activate|p2a: Gliscor|move: Protect\n|\n|-heal|p1a: Amoonguss|283/321|[from] item: Leftovers\n|-heal|p2a: Gliscor|239/239 tox|[from] ability: Poison Heal\n|upkeep\n|turn|50\n|\n|t:|1781379327\n|move|p2a: Gliscor|Substitute|p2a: Gliscor\n|-start|p2a: Gliscor|Substitute\n|-damage|p2a: Gliscor|180/239 tox\n|move|p1a: Amoonguss|Giga Drain|p2a: Gliscor\n|-end|p2a: Gliscor|Substitute\n|-heal|p1a: Amoonguss|313/321|[from] drain|[of] p2a: Gliscor\n|\n|-heal|p1a: Amoonguss|321/321|[from] item: Leftovers\n|-heal|p2a: Gliscor|209/239 tox|[from] ability: Poison Heal\n|upkeep\n|turn|51\n|\n|t:|1781379329\n|move|p2a: Gliscor|Protect|p2a: Gliscor\n|-singleturn|p2a: Gliscor|Protect\n|move|p1a: Amoonguss|Giga Drain|p2a: Gliscor\n|-activate|p2a: Gliscor|move: Protect\n|\n|-heal|p2a: Gliscor|238/239 tox|[from] ability: Poison Heal\n|upkeep\n|turn|52\n|\n|t:|1781379332\n|move|p2a: Gliscor|Substitute|p2a: Gliscor\n|-start|p2a: Gliscor|Substitute\n|-damage|p2a: Gliscor|179/239 tox\n|move|p1a: Amoonguss|Giga Drain|p2a: Gliscor\n|-end|p2a: Gliscor|Substitute\n|\n|-heal|p2a: Gliscor|208/239 tox|[from] ability: Poison Heal\n|upkeep\n|turn|53\n|\n|t:|1781379337\n|switch|p1a: Glastrier|Glastrier, L86|173/312\n|move|p2a: Gliscor|Substitute|p2a: Gliscor\n|-start|p2a: Gliscor|Substitute\n|-damage|p2a: Gliscor|149/239 tox\n|\n|-heal|p2a: Gliscor|178/239 tox|[from] ability: Poison Heal\n|upkeep\n|turn|54\n|\n|t:|1781379338\n|move|p2a: Gliscor|Toxic|p1a: Glastrier\n|-status|p1a: Glastrier|tox\n|move|p1a: Glastrier|Icicle Crash|p2a: Gliscor\n|-supereffective|p2a: Gliscor\n|-end|p2a: Gliscor|Substitute\n|\n|-heal|p2a: Gliscor|207/239 tox|[from] ability: Poison Heal\n|-damage|p1a: Glastrier|154/312 tox|[from] psn\n|upkeep\n|turn|55\n|\n|t:|1781379343\n|switch|p1a: Mandibuzz|Mandibuzz, L85, F|277/326\n|move|p2a: Gliscor|Protect||[still]\n|-fail|p2a: Gliscor\n|\n|-heal|p2a: Gliscor|236/239 tox|[from] ability: Poison Heal\n|upkeep\n|turn|56\n|\n|t:|1781379346\n|switch|p1a: Amoonguss|Amoonguss, L82, F|321/321\n|move|p2a: Gliscor|Substitute|p2a: Gliscor\n|-start|p2a: Gliscor|Substitute\n|-damage|p2a: Gliscor|177/239 tox\n|\n|-heal|p2a: Gliscor|206/239 tox|[from] ability: Poison Heal\n|upkeep\n|turn|57\n|\n|t:|1781379348\n|move|p2a: Gliscor|Earthquake|p1a: Amoonguss\n|-damage|p1a: Amoonguss|215/321\n|move|p1a: Amoonguss|Giga Drain|p2a: Gliscor\n|-end|p2a: Gliscor|Substitute\n|-heal|p1a: Amoonguss|245/321|[from] drain|[of] p2a: Gliscor\n|\n|-heal|p1a: Amoonguss|265/321|[from] item: Leftovers\n|-heal|p2a: Gliscor|235/239 tox|[from] ability: Poison Heal\n|upkeep\n|turn|58\n|\n|t:|1781379351\n|switch|p1a: Glastrier|Glastrier, L86|154/312 tox\n|move|p2a: Gliscor|Substitute|p2a: Gliscor\n|-start|p2a: Gliscor|Substitute\n|-damage|p2a: Gliscor|176/239 tox\n|\n|-heal|p2a: Gliscor|205/239 tox|[from] ability: Poison Heal\n|-damage|p1a: Glastrier|135/312 tox|[from] psn\n|upkeep\n|turn|59\n|\n|t:|1781379353\n|switch|p1a: Amoonguss|Amoonguss, L82, F|321/321\n|move|p2a: Gliscor|Protect||[still]\n|-fail|p2a: Gliscor\n|\n|-heal|p2a: Gliscor|234/239 tox|[from] ability: Poison Heal\n|upkeep\n|turn|60\n|\n|t:|1781379357\n|move|p2a: Gliscor|Protect|p2a: Gliscor\n|-singleturn|p2a: Gliscor|Protect\n|move|p1a: Amoonguss|Giga Drain|p2a: Gliscor\n|-activate|p2a: Gliscor|move: Protect\n|\n|-heal|p2a: Gliscor|239/239 tox|[from] ability: Poison Heal\n|upkeep\n|turn|61\n|\n|t:|1781379360\n|move|p2a: Gliscor|Earthquake|p1a: Amoonguss\n|-damage|p1a: Amoonguss|224/321\n|move|p1a: Amoonguss|Giga Drain|p2a: Gliscor\n|-end|p2a: Gliscor|Substitute\n|-heal|p1a: Amoonguss|254/321|[from] drain|[of] p2a: Gliscor\n|\n|-heal|p1a: Amoonguss|274/321|[from] item: Leftovers\n|upkeep\n|turn|62\n|\n|t:|1781379364\n|move|p2a: Gliscor|Substitute|p2a: Gliscor\n|-start|p2a: Gliscor|Substitute\n|-damage|p2a: Gliscor|180/239 tox\n|move|p1a: Amoonguss|Sludge Bomb|p2a: Gliscor\n|-resisted|p2a: Gliscor\n|-activate|p2a: Gliscor|move: Substitute|[damage]\n|\n|-heal|p1a: Amoonguss|294/321|[from] item: Leftovers\n|-heal|p2a: Gliscor|209/239 tox|[from] ability: Poison Heal\n|upkeep\n|turn|63\n|\n|t:|1781379366\n|move|p2a: Gliscor|Protect|p2a: Gliscor\n|-singleturn|p2a: Gliscor|Protect\n|move|p1a: Amoonguss|Sludge Bomb|p2a: Gliscor\n|-activate|p2a: Gliscor|move: Protect\n|\n|-heal|p1a: Amoonguss|314/321|[from] item: Leftovers\n|-heal|p2a: Gliscor|238/239 tox|[from] ability: Poison Heal\n|upkeep\n|turn|64\n|\n|t:|1781379368\n|move|p2a: Gliscor|Earthquake|p1a: Amoonguss\n|-damage|p1a: Amoonguss|214/321\n|move|p1a: Amoonguss|Sludge Bomb|p2a: Gliscor\n|-resisted|p2a: Gliscor\n|-end|p2a: Gliscor|Substitute\n|\n|-heal|p1a: Amoonguss|234/321|[from] item: Leftovers\n|-heal|p2a: Gliscor|239/239 tox|[from] ability: Poison Heal\n|upkeep\n|turn|65\n|\n|t:|1781379371\n|move|p2a: Gliscor|Substitute|p2a: Gliscor\n|-start|p2a: Gliscor|Substitute\n|-damage|p2a: Gliscor|180/239 tox\n|move|p1a: Amoonguss|Sludge Bomb|p2a: Gliscor\n|-resisted|p2a: Gliscor\n|-activate|p2a: Gliscor|move: Substitute|[damage]\n|\n|-heal|p1a: Amoonguss|254/321|[from] item: Leftovers\n|-heal|p2a: Gliscor|209/239 tox|[from] ability: Poison Heal\n|upkeep\n|turn|66\n|\n|t:|1781379373\n|move|p2a: Gliscor|Earthquake|p1a: Amoonguss\n|-damage|p1a: Amoonguss|155/321\n|move|p1a: Amoonguss|Sludge Bomb|p2a: Gliscor\n|-resisted|p2a: Gliscor\n|-end|p2a: Gliscor|Substitute\n|\n|-heal|p1a: Amoonguss|175/321|[from] item: Leftovers\n|-heal|p2a: Gliscor|238/239 tox|[from] ability: Poison Heal\n|upkeep\n|turn|67\n|\n|t:|1781379374\n|move|p2a: Gliscor|Substitute|p2a: Gliscor\n|-start|p2a: Gliscor|Substitute\n|-damage|p2a: Gliscor|179/239 tox\n|move|p1a: Amoonguss|Stomping Tantrum|p2a: Gliscor\n|-immune|p2a: Gliscor\n|\n|-heal|p1a: Amoonguss|195/321|[from] item: Leftovers\n|-heal|p2a: Gliscor|208/239 tox|[from] ability: Poison Heal\n|upkeep\n|turn|68\n|\n|t:|1781379377\n|move|p2a: Gliscor|Earthquake|p1a: Amoonguss\n|-damage|p1a: Amoonguss|90/321\n|move|p1a: Amoonguss|Stomping Tantrum|p2a: Gliscor\n|-immune|p2a: Gliscor\n|\n|-heal|p1a: Amoonguss|110/321|[from] item: Leftovers\n|-heal|p2a: Gliscor|237/239 tox|[from] ability: Poison Heal\n|upkeep\n|turn|69\n|\n|t:|1781379381\n|switch|p1a: Mandibuzz|Mandibuzz, L85, F|277/326\n|move|p2a: Gliscor|Toxic|p1a: Mandibuzz\n|-status|p1a: Mandibuzz|tox\n|\n|-heal|p2a: Gliscor|239/239 tox|[from] ability: Poison Heal\n|-damage|p1a: Mandibuzz|257/326 tox|[from] psn\n|upkeep\n|turn|70\n|c|\u2606nano jump|bang\n|\n|t:|1781379388\n|move|p2a: Gliscor|Protect|p2a: Gliscor\n|-singleturn|p2a: Gliscor|Protect\n|move|p1a: Mandibuzz|U-turn|p2a: Gliscor\n|-activate|p2a: Gliscor|move: Protect\n|\n|-damage|p1a: Mandibuzz|217/326 tox|[from] psn\n|upkeep\n|turn|71\n|\n|t:|1781379393\n|move|p2a: Gliscor|Toxic|p1a: Mandibuzz\n|-fail|p1a: Mandibuzz|tox\n|move|p1a: Mandibuzz|U-turn|p2a: Gliscor\n|-resisted|p2a: Gliscor\n|-activate|p2a: Gliscor|move: Substitute|[damage]\n|\n|t:|1781379395\n|switch|p1a: Amoonguss|Amoonguss, L82, F|217/321|[from] U-turn\n|\n|-heal|p1a: Amoonguss|237/321|[from] item: Leftovers\n|upkeep\n|turn|72\n|\n|t:|1781379398\n|switch|p1a: Mandibuzz|Mandibuzz, L85, F|217/326 tox\n|move|p2a: Gliscor|Protect||[still]\n|-fail|p2a: Gliscor\n|\n|-damage|p1a: Mandibuzz|197/326 tox|[from] psn\n|upkeep\n|turn|73\n|\n|t:|1781379400\n|switch|p1a: Amoonguss|Amoonguss, L82, F|321/321\n|move|p2a: Gliscor|Toxic|p1a: Amoonguss\n|-immune|p1a: Amoonguss\n|\n|upkeep\n|turn|74\n|\n|t:|1781379404\n|switch|p1a: Mandibuzz|Mandibuzz, L85, F|197/326 tox\n|move|p2a: Gliscor|Earthquake|p1a: Mandibuzz\n|-immune|p1a: Mandibuzz\n|\n|-damage|p1a: Mandibuzz|177/326 tox|[from] psn\n|upkeep\n|turn|75\n|\n|t:|1781379408\n|switch|p1a: Amoonguss|Amoonguss, L82, F|321/321\n|move|p2a: Gliscor|Protect||[still]\n|-fail|p2a: Gliscor\n|\n|upkeep\n|turn|76\n|\n|t:|1781379416\n|switch|p1a: Mandibuzz|Mandibuzz, L85, F|177/326 tox\n|move|p2a: Gliscor|Toxic|p1a: Mandibuzz\n|-fail|p1a: Mandibuzz|tox\n|\n|-damage|p1a: Mandibuzz|157/326 tox|[from] psn\n|upkeep\n|turn|77\n|\n|t:|1781379418\n|move|p2a: Gliscor|Toxic|p1a: Mandibuzz\n|-fail|p1a: Mandibuzz|tox\n|move|p1a: Mandibuzz|Roost|p1a: Mandibuzz\n|-heal|p1a: Mandibuzz|320/326 tox\n|-singleturn|p1a: Mandibuzz|move: Roost\n|\n|-damage|p1a: Mandibuzz|280/326 tox|[from] psn\n|upkeep\n|turn|78\n|\n|t:|1781379422\n|switch|p2a: Alomomola|Alomomola, L87, M|429/429 par\n|move|p1a: Mandibuzz|U-turn|p2a: Alomomola\n|-damage|p2a: Alomomola|385/429 par\n|\n|t:|1781379427\n|switch|p1a: Amoonguss|Amoonguss, L82, F|321/321|[from] U-turn\n|\n|upkeep\n|turn|79\n|\n|t:|1781379429\n|switch|p2a: Bronzong|Bronzong, L88|261/261\n|-damage|p2a: Bronzong|245/261|[from] Stealth Rock\n|move|p1a: Amoonguss|Giga Drain|p2a: Bronzong\n|-resisted|p2a: Bronzong\n|-damage|p2a: Bronzong|219/261\n|\n|-heal|p2a: Bronzong|235/261|[from] item: Leftovers\n|upkeep\n|turn|80\n|\n|t:|1781379434\n|switch|p1a: Ampharos|Ampharos, L88, F|97/302\n|move|p2a: Bronzong|Body Press|p1a: Ampharos\n|-damage|p1a: Ampharos|29/302\n|\n|-heal|p2a: Bronzong|251/261|[from] item: Leftovers\n|upkeep\n|turn|81\n|\n|t:|1781379436\n|switch|p2a: Gliscor|Gliscor, L76, M|239/239 tox\n|-damage|p2a: Gliscor|210/239 tox|[from] Stealth Rock\n|move|p1a: Ampharos|Volt Switch|p2a: Gliscor\n|-immune|p2a: Gliscor\n|\n|-heal|p2a: Gliscor|239/239 tox|[from] ability: Poison Heal\n|upkeep\n|turn|82\n|\n|t:|1781379444\n|switch|p2a: Alomomola|Alomomola, L87, M|429/429 par\n|switch|p1a: Amoonguss|Amoonguss, L82, F|321/321\n|\n|upkeep\n|turn|83\n|\n|t:|1781379447\n|switch|p2a: Bronzong|Bronzong, L88|251/261\n|-damage|p2a: Bronzong|235/261|[from] Stealth Rock\n|move|p1a: Amoonguss|Giga Drain|p2a: Bronzong\n|-resisted|p2a: Bronzong\n|-damage|p2a: Bronzong|211/261\n|\n|-heal|p2a: Bronzong|227/261|[from] item: Leftovers\n|upkeep\n|turn|84\n|\n|t:|1781379450\n|switch|p1a: Mandibuzz|Mandibuzz, L85, F|280/326 tox\n|move|p2a: Bronzong|Psychic Noise|p1a: Mandibuzz\n|-immune|p1a: Mandibuzz\n|\n|-heal|p2a: Bronzong|243/261|[from] item: Leftovers\n|-damage|p1a: Mandibuzz|260/326 tox|[from] psn\n|upkeep\n|turn|85\n|\n|t:|1781379453\n|switch|p2a: Alomomola|Alomomola, L87, M|429/429 par\n|move|p1a: Mandibuzz|U-turn|p2a: Alomomola\n|-damage|p2a: Alomomola|390/429 par\n|\n|t:|1781379455\n|switch|p1a: Ampharos|Ampharos, L88, F|29/302|[from] U-turn\n|\n|upkeep\n|turn|86\n|\n|t:|1781379458\n|switch|p1a: Mandibuzz|Mandibuzz, L85, F|260/326 tox\n|switch|p2a: Gliscor|Gliscor, L76, M|239/239 tox\n|-damage|p2a: Gliscor|210/239 tox|[from] Stealth Rock\n|\n|-heal|p2a: Gliscor|239/239 tox|[from] ability: Poison Heal\n|-damage|p1a: Mandibuzz|240/326 tox|[from] psn\n|upkeep\n|turn|87\n|\n|t:|1781379460\n|switch|p2a: Alomomola|Alomomola, L87, M|429/429 par\n|move|p1a: Mandibuzz|U-turn|p2a: Alomomola\n|-damage|p2a: Alomomola|387/429 par\n|\n|t:|1781379461\n|switch|p1a: Ampharos|Ampharos, L88, F|29/302|[from] U-turn\n|\n|upkeep\n|turn|88\n|\n|t:|1781379464\n|switch|p1a: Mandibuzz|Mandibuzz, L85, F|240/326 tox\n|switch|p2a: Gliscor|Gliscor, L76, M|239/239 tox\n|-damage|p2a: Gliscor|210/239 tox|[from] Stealth Rock\n|\n|-heal|p2a: Gliscor|239/239 tox|[from] ability: Poison Heal\n|-damage|p1a: Mandibuzz|220/326 tox|[from] psn\n|upkeep\n|turn|89\n|\n|t:|1781379468\n|switch|p2a: Alomomola|Alomomola, L87, M|429/429 par\n|move|p1a: Mandibuzz|U-turn|p2a: Alomomola\n|-damage|p2a: Alomomola|389/429 par\n|\n|t:|1781379472\n|switch|p1a: Ampharos|Ampharos, L88, F|29/302|[from] U-turn\n|\n|upkeep\n|turn|90\n|\n|t:|1781379474\n|switch|p2a: Gliscor|Gliscor, L76, M|239/239 tox\n|-damage|p2a: Gliscor|210/239 tox|[from] Stealth Rock\n|move|p1a: Ampharos|Dazzling Gleam|p2a: Gliscor\n|-damage|p2a: Gliscor|78/239 tox\n|\n|-heal|p2a: Gliscor|107/239 tox|[from] ability: Poison Heal\n|upkeep\n|turn|91\n|\n|t:|1781379479\n|move|p2a: Gliscor|Substitute|p2a: Gliscor\n|-start|p2a: Gliscor|Substitute\n|-damage|p2a: Gliscor|48/239 tox\n|move|p1a: Ampharos|Dazzling Gleam|p2a: Gliscor\n|-end|p2a: Gliscor|Substitute\n|\n|-heal|p2a: Gliscor|77/239 tox|[from] ability: Poison Heal\n|upkeep\n|turn|92\n|\n|t:|1781379481\n|move|p2a: Gliscor|Protect|p2a: Gliscor\n|-singleturn|p2a: Gliscor|Protect\n|move|p1a: Ampharos|Dazzling Gleam|p2a: Gliscor\n|-activate|p2a: Gliscor|move: Protect\n|\n|-heal|p2a: Gliscor|106/239 tox|[from] ability: Poison Heal\n|upkeep\n|turn|93\n|\n|t:|1781379483\n|move|p2a: Gliscor|Earthquake|p1a: Ampharos\n|-supereffective|p1a: Ampharos\n|-damage|p1a: Ampharos|0 fnt\n|faint|p1a: Ampharos\n|\n|-heal|p2a: Gliscor|135/239 tox|[from] ability: Poison Heal\n|upkeep\n|\n|t:|1781379488\n|switch|p1a: Mandibuzz|Mandibuzz, L85, F|220/326 tox\n|turn|94\n|\n|t:|1781379492\n|move|p2a: Gliscor|Protect|p2a: Gliscor\n|-singleturn|p2a: Gliscor|Protect\n|move|p1a: Mandibuzz|U-turn|p2a: Gliscor\n|-activate|p2a: Gliscor|move: Protect\n|\n|-heal|p2a: Gliscor|164/239 tox|[from] ability: Poison Heal\n|-damage|p1a: Mandibuzz|200/326 tox|[from] psn\n|upkeep\n|turn|95\n|\n|t:|1781379495\n|move|p2a: Gliscor|Substitute|p2a: Gliscor\n|-start|p2a: Gliscor|Substitute\n|-damage|p2a: Gliscor|105/239 tox\n|move|p1a: Mandibuzz|Roost|p1a: Mandibuzz\n|-heal|p1a: Mandibuzz|326/326 tox\n|-singleturn|p1a: Mandibuzz|move: Roost\n|\n|-heal|p2a: Gliscor|134/239 tox|[from] ability: Poison Heal\n|-damage|p1a: Mandibuzz|286/326 tox|[from] psn\n|upkeep\n|turn|96\n|\n|t:|1781379497\n|move|p2a: Gliscor|Toxic|p1a: Mandibuzz\n|-fail|p1a: Mandibuzz|tox\n|move|p1a: Mandibuzz|U-turn|p2a: Gliscor\n|-resisted|p2a: Gliscor\n|-activate|p2a: Gliscor|move: Substitute|[damage]\n|\n|t:|1781379499\n|switch|p1a: Amoonguss|Amoonguss, L82, F|321/321|[from] U-turn\n|\n|-heal|p2a: Gliscor|163/239 tox|[from] ability: Poison Heal\n|upkeep\n|turn|97\n|\n|t:|1781379502\n|switch|p1a: Mandibuzz|Mandibuzz, L85, F|286/326 tox\n|move|p2a: Gliscor|Toxic|p1a: Mandibuzz\n|-fail|p1a: Mandibuzz|tox\n|\n|-heal|p2a: Gliscor|192/239 tox|[from] ability: Poison Heal\n|-damage|p1a: Mandibuzz|266/326 tox|[from] psn\n|upkeep\n|turn|98\n|\n|t:|1781379506\n|switch|p1a: Amoonguss|Amoonguss, L82, F|321/321\n|move|p2a: Gliscor|Toxic|p1a: Amoonguss\n|-immune|p1a: Amoonguss\n|\n|-heal|p2a: Gliscor|221/239 tox|[from] ability: Poison Heal\n|upkeep\n|turn|99\n|\n|t:|1781379511\n|move|p2a: Gliscor|Toxic|p1a: Amoonguss\n|-immune|p1a: Amoonguss\n|move|p1a: Amoonguss|Stomping Tantrum|p2a: Gliscor\n|-immune|p2a: Gliscor\n|\n|-heal|p2a: Gliscor|239/239 tox|[from] ability: Poison Heal\n|upkeep\n|turn|100\n|\n|t:|1781379515\n|move|p2a: Gliscor|Toxic|p1a: Amoonguss\n|-immune|p1a: Amoonguss\n|move|p1a: Amoonguss|Stomping Tantrum|p2a: Gliscor\n|-immune|p2a: Gliscor\n|\n|upkeep\n|turn|101\n|\n|t:|1781379517\n|move|p2a: Gliscor|Toxic|p1a: Amoonguss|[miss]\n|-miss|p2a: Gliscor|p1a: Amoonguss\n|move|p1a: Amoonguss|Stomping Tantrum|p2a: Gliscor\n|-immune|p2a: Gliscor\n|\n|upkeep\n|turn|102\n|\n|t:|1781379525\n|switch|p2a: Bronzong|Bronzong, L88|243/261\n|-damage|p2a: Bronzong|227/261|[from] Stealth Rock\n|switch|p1a: Mandibuzz|Mandibuzz, L85, F|266/326 tox\n|\n|-heal|p2a: Bronzong|243/261|[from] item: Leftovers\n|-damage|p1a: Mandibuzz|246/326 tox|[from] psn\n|upkeep\n|turn|103\n|\n|t:|1781379527\n|switch|p2a: Alomomola|Alomomola, L87, M|429/429 par\n|move|p1a: Mandibuzz|Foul Play|p2a: Alomomola\n|-damage|p2a: Alomomola|332/429 par\n|\n|-damage|p1a: Mandibuzz|206/326 tox|[from] psn\n|upkeep\n|turn|104\n|\n|t:|1781379530\n|move|p1a: Mandibuzz|U-turn|p2a: Alomomola\n|-damage|p2a: Alomomola|293/429 par\n|\n|t:|1781379532\n|switch|p1a: Amoonguss|Amoonguss, L82, F|321/321|[from] U-turn\n|move|p2a: Alomomola|Flip Turn|p1a: Amoonguss\n|-resisted|p1a: Amoonguss\n|-damage|p1a: Amoonguss|285/321\n|\n|t:|1781379534\n|switch|p2a: Bronzong|Bronzong, L88|243/261|[from] Flip Turn\n|-damage|p2a: Bronzong|227/261|[from] Stealth Rock\n|\n|-heal|p2a: Bronzong|243/261|[from] item: Leftovers\n|-heal|p1a: Amoonguss|305/321|[from] item: Leftovers\n|upkeep\n|turn|105\n|\n|t:|1781379537\n|switch|p1a: Mandibuzz|Mandibuzz, L85, F|206/326 tox\n|move|p2a: Bronzong|Body Press|p1a: Mandibuzz\n|-damage|p1a: Mandibuzz|139/326 tox\n|\n|-heal|p2a: Bronzong|259/261|[from] item: Leftovers\n|-damage|p1a: Mandibuzz|119/326 tox|[from] psn\n|upkeep\n|turn|106\n|\n|t:|1781379540\n|move|p1a: Mandibuzz|Roost|p1a: Mandibuzz\n|-heal|p1a: Mandibuzz|282/326 tox\n|-singleturn|p1a: Mandibuzz|move: Roost\n|move|p2a: Bronzong|Body Press|p1a: Mandibuzz\n|-supereffective|p1a: Mandibuzz\n|-damage|p1a: Mandibuzz|150/326 tox\n|\n|-heal|p2a: Bronzong|261/261|[from] item: Leftovers\n|-damage|p1a: Mandibuzz|110/326 tox|[from] psn\n|upkeep\n|turn|107\n|\n|t:|1781379542\n|switch|p2a: Alomomola|Alomomola, L87, M|429/429 par\n|move|p1a: Mandibuzz|Foul Play|p2a: Alomomola\n|-damage|p2a: Alomomola|332/429 par\n|\n|-damage|p1a: Mandibuzz|50/326 tox|[from] psn\n|upkeep\n|turn|108\n|\n|t:|1781379544\n|move|p1a: Mandibuzz|Roost|p1a: Mandibuzz\n|-heal|p1a: Mandibuzz|213/326 tox\n|-singleturn|p1a: Mandibuzz|move: Roost\n|move|p2a: Alomomola|Flip Turn|p1a: Mandibuzz\n|-damage|p1a: Mandibuzz|165/326 tox\n|\n|t:|1781379548\n|switch|p2a: Gliscor|Gliscor, L76, M|239/239 tox|[from] Flip Turn\n|-damage|p2a: Gliscor|210/239 tox|[from] Stealth Rock\n|\n|-heal|p2a: Gliscor|239/239 tox|[from] ability: Poison Heal\n|-damage|p1a: Mandibuzz|85/326 tox|[from] psn\n|upkeep\n|turn|109\n|\n|t:|1781379550\n|switch|p2a: Alomomola|Alomomola, L87, M|429/429 par\n|switch|p1a: Amoonguss|Amoonguss, L82, F|321/321\n|\n|upkeep\n|turn|110\n|\n|t:|1781379553\n|switch|p2a: Bronzong|Bronzong, L88|261/261\n|-damage|p2a: Bronzong|245/261|[from] Stealth Rock\n|move|p1a: Amoonguss|Stomping Tantrum|p2a: Bronzong\n|-immune|p2a: Bronzong|[from] ability: Levitate\n|\n|-heal|p2a: Bronzong|261/261|[from] item: Leftovers\n|upkeep\n|turn|111\n|\n|t:|1781379561\n|move|p2a: Bronzong|Iron Head|p1a: Amoonguss\n|-damage|p1a: Amoonguss|215/321\n|move|p1a: Amoonguss|Giga Drain|p2a: Bronzong\n|-resisted|p2a: Bronzong\n|-damage|p2a: Bronzong|234/261\n|-heal|p1a: Amoonguss|229/321|[from] drain|[of] p2a: Bronzong\n|\n|-heal|p2a: Bronzong|250/261|[from] item: Leftovers\n|-heal|p1a: Amoonguss|249/321|[from] item: Leftovers\n|upkeep\n|turn|112\n|\n|t:|1781379563\n|switch|p1a: Mandibuzz|Mandibuzz, L85, F|85/326 tox\n|move|p2a: Bronzong|Psychic Noise|p1a: Mandibuzz\n|-immune|p1a: Mandibuzz\n|\n|-heal|p2a: Bronzong|261/261|[from] item: Leftovers\n|-damage|p1a: Mandibuzz|65/326 tox|[from] psn\n|upkeep\n|turn|113\n|\n|t:|1781379566\n|move|p1a: Mandibuzz|Roost|p1a: Mandibuzz\n|-heal|p1a: Mandibuzz|228/326 tox\n|-singleturn|p1a: Mandibuzz|move: Roost\n|move|p2a: Bronzong|Body Press|p1a: Mandibuzz\n|-supereffective|p1a: Mandibuzz\n|-damage|p1a: Mandibuzz|110/326 tox\n|\n|-damage|p1a: Mandibuzz|70/326 tox|[from] psn\n|upkeep\n|turn|114\n|\n|t:|1781379569\n|switch|p2a: Alomomola|Alomomola, L87, M|429/429 par\n|move|p1a: Mandibuzz|U-turn|p2a: Alomomola\n|-damage|p2a: Alomomola|389/429 par\n|\n|t:|1781379570\n|switch|p1a: Amoonguss|Amoonguss, L82, F|321/321|[from] U-turn\n|\n|upkeep\n|turn|115\n|\n|t:|1781379573\n|switch|p2a: Bronzong|Bronzong, L88|261/261\n|-damage|p2a: Bronzong|245/261|[from] Stealth Rock\n|move|p1a: Amoonguss|Stomping Tantrum|p2a: Bronzong\n|-immune|p2a: Bronzong|[from] ability: Levitate\n|\n|-heal|p2a: Bronzong|261/261|[from] item: Leftovers\n|upkeep\n|turn|116\n|\n|t:|1781379576\n|move|p2a: Bronzong|Psychic Noise|p1a: Amoonguss\n|-supereffective|p1a: Amoonguss\n|-damage|p1a: Amoonguss|145/321\n|-start|p1a: Amoonguss|move: Heal Block\n|move|p1a: Amoonguss|Spore|p2a: Bronzong\n|-status|p2a: Bronzong|slp|[from] move: Spore\n|\n|upkeep\n|turn|117\n|\n|t:|1781379584\n|switch|p1a: Mandibuzz|Mandibuzz, L85, F|70/326 tox\n|cant|p2a: Bronzong|slp\n|\n|-damage|p1a: Mandibuzz|50/326 tox|[from] psn\n|upkeep\n|turn|118\n|\n|t:|1781379588\n|switch|p2a: Alomomola|Alomomola, L87, M|429/429 par\n|move|p1a: Mandibuzz|Roost|p1a: Mandibuzz\n|-heal|p1a: Mandibuzz|213/326 tox\n|-singleturn|p1a: Mandibuzz|move: Roost\n|\n|-damage|p1a: Mandibuzz|173/326 tox|[from] psn\n|upkeep\n|turn|119\n|\n|t:|1781379590\n|move|p1a: Mandibuzz|U-turn|p2a: Alomomola\n|-damage|p2a: Alomomola|386/429 par\n|\n|t:|1781379592\n|switch|p1a: Amoonguss|Amoonguss, L82, F|252/321|[from] U-turn\n|move|p2a: Alomomola|Flip Turn|p1a: Amoonguss\n|-resisted|p1a: Amoonguss\n|-damage|p1a: Amoonguss|217/321\n|\n|t:|1781379593\n|switch|p2a: Bronzong|Bronzong, L88|261/261 slp|[from] Flip Turn\n|-damage|p2a: Bronzong|245/261 slp|[from] Stealth Rock\n|\n|-heal|p2a: Bronzong|261/261 slp|[from] item: Leftovers\n|-heal|p1a: Amoonguss|237/321|[from] item: Leftovers\n|upkeep\n|turn|120\n|\n|t:|1781379598\n|switch|p1a: Glastrier|Glastrier, L86|135/312 tox\n|-curestatus|p2a: Bronzong|slp|[msg]\n|move|p2a: Bronzong|Iron Head|p1a: Glastrier\n|-supereffective|p1a: Glastrier\n|-damage|p1a: Glastrier|15/312 tox\n|\n|-damage|p1a: Glastrier|0 fnt|[from] psn\n|faint|p1a: Glastrier\n|upkeep\n|\n|t:|1781379600\n|switch|p1a: Mandibuzz|Mandibuzz, L85, F|173/326 tox\n|turn|121\n|-message|TY SM MY GUY forfeited.\n|\n|win|nano jump\n|raw|TY SM MY GUY's rating: 2256 &rarr; <strong>2239</strong><br />(-17 for losing)\n|raw|nano jump's rating: 2300 &rarr; <strong>2317</strong><br />(+17 for winning)\n|l|\u2606TY SM MY GUY\n|player|p1|\n", "uploadtime": 1781379009, "views": 7, "formatid": "gen9randombattle", "rating": 2239, "private": 0, "password": null}