{"id": "gen9randombattle-2631649325", "format": "[Gen 9] Random Battle", "players": ["fjgfdsdr", "akaza63117"], "log": "|j|\u2606fjgfdsdr\n|j|\u2606akaza63117\n|t:|1781414769\n|gametype|singles\n|player|p1|fjgfdsdr|2|1000\n|player|p2|akaza63117|gambler|1023\n|gen|9\n|tier|[Gen 9] Random Battle\n|rated|\n|rule|Species Clause: Limit one of each Pok\u00e9mon\n|rule|HP Percentage Mod: HP is shown in percentages\n|rule|Sleep Clause Mod: Limit one foe put to sleep\n|rule|Illusion Level Mod: Illusion disguises the Pok\u00e9mon's true level\n|\n|t:|1781414769\n|teamsize|p1|6\n|teamsize|p2|6\n|start\n|switch|p1a: Gholdengo|Gholdengo, L77|261/261\n|switch|p2a: Dialga|Dialga, L73|266/266\n|-ability|p2a: Dialga|Pressure\n|turn|1\n|\n|t:|1781414812\n|move|p1a: Gholdengo|Shadow Ball|p2a: Dialga\n|-damage|p2a: Dialga|173/266\n|move|p2a: Dialga|Fire Blast|p1a: Gholdengo\n|-supereffective|p1a: Gholdengo\n|-damage|p1a: Gholdengo|89/261\n|\n|-heal|p1a: Gholdengo|105/261|[from] item: Leftovers\n|-heal|p2a: Dialga|189/266|[from] item: Leftovers\n|upkeep\n|turn|2\n|\n|t:|1781414829\n|switch|p1a: Luvdisc|Luvdisc, F|247/247\n|move|p2a: Dialga|Fire Blast|p1a: Luvdisc\n|-resisted|p1a: Luvdisc\n|-damage|p1a: Luvdisc|201/247\n|\n|-heal|p2a: Dialga|205/266|[from] item: Leftovers\n|upkeep\n|turn|3\n|\n|t:|1781414845\n|switch|p2a: Vivillon|Vivillon-River, L83, F|268/268\n|move|p1a: Luvdisc|Surf|p2a: Vivillon\n|-damage|p2a: Vivillon|160/268\n|\n|upkeep\n|turn|4\n|\n|t:|1781414855\n|move|p1a: Luvdisc|Surf|p2a: Vivillon\n|-damage|p2a: Vivillon|54/268\n|move|p2a: Vivillon|Sleep Powder|p1a: Luvdisc\n|-status|p1a: Luvdisc|slp|[from] move: Sleep Powder\n|\n|upkeep\n|turn|5\n|\n|t:|1781414864\n|cant|p1a: Luvdisc|slp\n|move|p2a: Vivillon|Hurricane|p1a: Luvdisc\n|-damage|p1a: Luvdisc|81/247 slp\n|\n|upkeep\n|turn|6\n|\n|t:|1781414871\n|cant|p1a: Luvdisc|slp\n|move|p2a: Vivillon|Hurricane|p1a: Luvdisc\n|-damage|p1a: Luvdisc|0 fnt\n|faint|p1a: Luvdisc\n|\n|upkeep\n|\n|t:|1781414883\n|switch|p1a: Gholdengo|Gholdengo, L77|105/261\n|turn|7\n|\n|t:|1781414888\n|move|p2a: Vivillon|Sleep Powder|p1a: Gholdengo\n|-immune|p1a: Gholdengo|[from] ability: Good as Gold\n|move|p1a: Gholdengo|Shadow Ball|p2a: Vivillon\n|-damage|p2a: Vivillon|0 fnt\n|faint|p2a: Vivillon\n|\n|-heal|p1a: Gholdengo|121/261|[from] item: Leftovers\n|upkeep\n|\n|t:|1781414900\n|switch|p2a: Dialga|Dialga, L73|205/266\n|-ability|p2a: Dialga|Pressure\n|turn|8\n|\n|t:|1781414910\n|switch|p1a: Bruxish|Bruxish, L85, M|254/254\n|move|p2a: Dialga|Fire Blast|p1a: Bruxish\n|-resisted|p1a: Bruxish\n|-damage|p1a: Bruxish|204/254\n|\n|-heal|p2a: Dialga|221/266|[from] item: Leftovers\n|upkeep\n|turn|9\n|\n|t:|1781414922\n|move|p1a: Bruxish|Wave Crash|p2a: Dialga\n|-resisted|p2a: Dialga\n|-damage|p2a: Dialga|121/266\n|-damage|p1a: Bruxish|171/254|[from] Recoil\n|move|p2a: Dialga|Stealth Rock|p1a: Bruxish\n|-sidestart|p1: fjgfdsdr|move: Stealth Rock\n|\n|-heal|p2a: Dialga|137/266|[from] item: Leftovers\n|upkeep\n|turn|10\n|\n|t:|1781414932\n|move|p1a: Bruxish|Wave Crash|p2a: Dialga\n|-resisted|p2a: Dialga\n|-damage|p2a: Dialga|48/266\n|-damage|p1a: Bruxish|142/254|[from] Recoil\n|move|p2a: Dialga|Draco Meteor|p1a: Bruxish\n|-damage|p1a: Bruxish|0 fnt\n|-unboost|p2a: Dialga|spa|2\n|faint|p1a: Bruxish\n|\n|-heal|p2a: Dialga|64/266|[from] item: Leftovers\n|upkeep\n|\n|t:|1781414948\n|switch|p1a: Ursaring|Ursaring, L84, M|288/288\n|-damage|p1a: Ursaring|252/288|[from] Stealth Rock\n|turn|11\n|\n|t:|1781414959\n|move|p2a: Dialga|Draco Meteor|p1a: Ursaring\n|-damage|p1a: Ursaring|168/288\n|-unboost|p2a: Dialga|spa|2\n|move|p1a: Ursaring|Close Combat|p2a: Dialga\n|-supereffective|p2a: Dialga\n|-damage|p2a: Dialga|0 fnt\n|-unboost|p1a: Ursaring|def|1\n|-unboost|p1a: Ursaring|spd|1\n|faint|p2a: Dialga\n|\n|-status|p1a: Ursaring|tox|[from] item: Toxic Orb\n|upkeep\n|\n|t:|1781414976\n|switch|p2a: Falinks|Falinks, L84|246/246\n|turn|12\n|\n|t:|1781414991\n|switch|p1a: Bombirdier|Bombirdier, L85, M|258/258\n|move|p2a: Falinks|No Retreat|p2a: Falinks\n|-boost|p2a: Falinks|atk|1\n|-boost|p2a: Falinks|def|1\n|-boost|p2a: Falinks|spa|1\n|-boost|p2a: Falinks|spd|1\n|-boost|p2a: Falinks|spe|1\n|-start|p2a: Falinks|move: No Retreat\n|\n|upkeep\n|turn|13\n|\n|t:|1781415003\n|move|p2a: Falinks|No Retreat||[still]\n|-fail|p2a: Falinks\n|move|p1a: Bombirdier|Knock Off|p2a: Falinks\n|-resisted|p2a: Falinks\n|-damage|p2a: Falinks|210/246\n|-enditem|p2a: Falinks|Life Orb|[from] move: Knock Off|[of] p1a: Bombirdier\n|\n|upkeep\n|turn|14\n|\n|t:|1781415014\n|move|p2a: Falinks|Close Combat|p1a: Bombirdier\n|-damage|p1a: Bombirdier|60/258\n|-unboost|p2a: Falinks|def|1\n|-unboost|p2a: Falinks|spd|1\n|move|p1a: Bombirdier|Brave Bird|p2a: Falinks\n|-supereffective|p2a: Falinks\n|-crit|p2a: Falinks\n|-damage|p2a: Falinks|0 fnt\n|faint|p2a: Falinks\n|-damage|p1a: Bombirdier|0 fnt|[from] Recoil\n|faint|p1a: Bombirdier\n|\n|upkeep\n|\n|t:|1781415028\n|switch|p1a: Ursaring|Ursaring, L84, M|168/288 tox\n|switch|p2a: Furret|Furret, L94, F|312/312\n|-item|p1a: Ursaring|Toxic Orb|[from] ability: Frisk|[of] p2a: Furret\n|-damage|p1a: Ursaring|132/288 tox|[from] Stealth Rock\n|turn|15\n|\n|t:|1781415047\n|move|p2a: Furret|Trick|p1a: Ursaring\n|-activate|p2a: Furret|move: Trick|[of] p1a: Ursaring\n|-item|p1a: Ursaring|Choice Band|[from] move: Trick\n|-item|p2a: Furret|Toxic Orb|[from] move: Trick\n|move|p1a: Ursaring|Close Combat|p2a: Furret\n|-supereffective|p2a: Furret\n|-damage|p2a: Furret|0 fnt\n|-unboost|p1a: Ursaring|def|1\n|-unboost|p1a: Ursaring|spd|1\n|faint|p2a: Furret\n|\n|-damage|p1a: Ursaring|114/288 tox|[from] psn\n|upkeep\n|\n|t:|1781415066\n|switch|p2a: Lapras|Lapras, L87, F|368/368\n|turn|16\n|\n|t:|1781415072\n|move|p1a: Ursaring|Close Combat|p2a: Lapras\n|-supereffective|p2a: Lapras\n|-damage|p2a: Lapras|22/368\n|-unboost|p1a: Ursaring|def|1\n|-unboost|p1a: Ursaring|spd|1\n|move|p2a: Lapras|Sleep Talk||[still]\n|-fail|p2a: Lapras\n|\n|-damage|p1a: Ursaring|78/288 tox|[from] psn\n|upkeep\n|turn|17\n|\n|t:|1781415084\n|move|p1a: Ursaring|Close Combat|p2a: Lapras\n|-supereffective|p2a: Lapras\n|-damage|p2a: Lapras|0 fnt\n|-unboost|p1a: Ursaring|def|1\n|-unboost|p1a: Ursaring|spd|1\n|faint|p2a: Lapras\n|\n|-damage|p1a: Ursaring|24/288 tox|[from] psn\n|upkeep\n|\n|t:|1781415094\n|switch|p2a: Revavroom|Revavroom, L79, F|256/256\n|turn|18\n|\n|t:|1781415103\n|-terastallize|p2a: Revavroom|Ground\n|move|p1a: Ursaring|Close Combat|p2a: Revavroom\n|-damage|p2a: Revavroom|82/256\n|-unboost|p1a: Ursaring|def|1\n|-unboost|p1a: Ursaring|spd|1\n|move|p2a: Revavroom|Shift Gear|p2a: Revavroom\n|-boost|p2a: Revavroom|spe|2\n|-boost|p2a: Revavroom|atk|1\n|\n|-damage|p1a: Ursaring|0 fnt|[from] psn\n|faint|p1a: Ursaring\n|upkeep\n|\n|t:|1781415120\n|switch|p1a: Dedenne|Dedenne, L88, M|261/261\n|-damage|p1a: Dedenne|229/261|[from] Stealth Rock\n|turn|19\n|\n|t:|1781415128\n|move|p2a: Revavroom|Gunk Shot|p1a: Dedenne\n|-supereffective|p1a: Dedenne\n|-damage|p1a: Dedenne|0 fnt\n|faint|p1a: Dedenne\n|-damage|p2a: Revavroom|57/256|[from] item: Life Orb\n|\n|upkeep\n|\n|t:|1781415134\n|switch|p1a: Gholdengo|Gholdengo, L77|121/261\n|-damage|p1a: Gholdengo|105/261|[from] Stealth Rock\n|turn|20\n|\n|t:|1781415144\n|-terastallize|p1a: Gholdengo|Steel\n|move|p2a: Revavroom|High Horsepower|p1a: Gholdengo\n|-supereffective|p1a: Gholdengo\n|-damage|p1a: Gholdengo|0 fnt\n|faint|p1a: Gholdengo\n|-damage|p2a: Revavroom|32/256|[from] item: Life Orb\n|\n|win|akaza63117\n|raw|fjgfdsdr's rating: 1000 &rarr; <strong>1000</strong><br />(+0 for losing)\n|raw|akaza63117's rating: 1023 &rarr; <strong>1057</strong><br />(+34 for winning)\n|l|\u2606akaza63117\n|player|p2|\n|l|\u2606fjgfdsdr\n|player|p1|\n|j|\u2606akaza63117\n|player|p2|akaza63117|gambler|\n", "uploadtime": 1781415350, "views": 2, "formatid": "gen9randombattle", "rating": 1000, "private": 0, "password": null}