{"id": "gen9randombattle-2631417765", "format": "[Gen 9] Random Battle", "players": ["ashtisn", "Copernicusthe54th"], "log": "|j|\u2606ashtisn\n|j|\u2606Copernicusthe54th\n|t:|1781382190\n|gametype|singles\n|player|p1|ashtisn|2|1991\n|player|p2|Copernicusthe54th|266|1986\n|gen|9\n|tier|[Gen 9] Random Battle\n|rated|\n|rule|Species Clause: Limit one of each Pok\u00e9mon\n|rule|HP Percentage Mod: HP is shown in percentages\n|rule|Sleep Clause Mod: Limit one foe put to sleep\n|rule|Illusion Level Mod: Illusion disguises the Pok\u00e9mon's true level\n|\n|t:|1781382190\n|teamsize|p1|6\n|teamsize|p2|6\n|start\n|switch|p1a: Gyarados|Gyarados, L79, F|280/280\n|switch|p2a: Sableye|Sableye, L88, F|231/231\n|turn|1\n|inactive|Battle timer is ON: inactive players will automatically lose when time's up. (requested by ashtisn)\n|\n|t:|1781382203\n|switch|p1a: Incineroar|Incineroar, L82, F|290/290\n|-ability|p1a: Incineroar|Intimidate|boost\n|-unboost|p2a: Sableye|atk|1\n|move|p2a: Sableye|Knock Off|p1a: Incineroar\n|-resisted|p1a: Incineroar\n|-damage|p1a: Incineroar|258/290\n|-enditem|p1a: Incineroar|Heavy-Duty Boots|[from] move: Knock Off|[of] p2a: Sableye\n|\n|upkeep\n|turn|2\n|\n|t:|1781382218\n|switch|p2a: Flamigo|Flamigo, L82, M|269/269\n|move|p1a: Incineroar|Will-O-Wisp|p2a: Flamigo\n|-status|p2a: Flamigo|brn\n|\n|-damage|p2a: Flamigo|253/269 brn|[from] brn\n|upkeep\n|turn|3\n|\n|t:|1781382237\n|switch|p1a: Luxray|Luxray, L88, M|284/284\n|-ability|p1a: Luxray|Intimidate|boost\n|-fail|p2a: Flamigo|unboost|Attack|[from] ability: Scrappy|[of] p2a: Flamigo\n|move|p2a: Flamigo|Swords Dance|p2a: Flamigo\n|-boost|p2a: Flamigo|atk|2\n|\n|-damage|p2a: Flamigo|237/269 brn|[from] brn\n|upkeep\n|turn|4\n|\n|t:|1781382250\n|move|p2a: Flamigo|Close Combat|p1a: Luxray\n|-damage|p1a: Luxray|115/284\n|-unboost|p2a: Flamigo|def|1\n|-unboost|p2a: Flamigo|spd|1\n|-damage|p2a: Flamigo|211/269 brn|[from] item: Life Orb\n|move|p1a: Luxray|Volt Switch|p2a: Flamigo\n|-supereffective|p2a: Flamigo\n|-damage|p2a: Flamigo|0 fnt\n|faint|p2a: Flamigo\n|inactive|ashtisn has 120 seconds left.\n|\n|t:|1781382287\n|switch|p1a: Lokix|Lokix, L82, F|251/251|[from] Volt Switch\n|\n|upkeep\n|\n|t:|1781382294\n|switch|p2a: Grimmsnarl|Grimmsnarl, L83, M|293/293\n|turn|5\n|inactive|ashtisn has 120 seconds left.\n|\n|t:|1781382329\n|switch|p1a: Incineroar|Incineroar, L82, F|258/290\n|-ability|p1a: Incineroar|Intimidate|boost\n|-unboost|p2a: Grimmsnarl|atk|1\n|move|p2a: Grimmsnarl|Reflect|p2a: Grimmsnarl\n|-sidestart|p2: Copernicusthe54th|Reflect\n|\n|upkeep\n|turn|6\n|\n|t:|1781382345\n|switch|p2a: Minun|Minun, L95, M|268/268\n|move|p1a: Incineroar|Will-O-Wisp|p2a: Minun\n|-status|p2a: Minun|brn\n|\n|-damage|p2a: Minun|252/268 brn|[from] brn\n|upkeep\n|turn|7\n|\n|t:|1781382359\n|switch|p1a: Luxray|Luxray, L88, M|115/284\n|-ability|p1a: Luxray|Intimidate|boost\n|-unboost|p2a: Minun|atk|1\n|move|p2a: Minun|Nasty Plot|p2a: Minun\n|-boost|p2a: Minun|spa|2\n|\n|-damage|p2a: Minun|236/268 brn|[from] brn\n|upkeep\n|turn|8\n|\n|t:|1781382367\n|move|p2a: Minun|Nasty Plot|p2a: Minun\n|-boost|p2a: Minun|spa|2\n|move|p1a: Luxray|Play Rough|p2a: Minun\n|-damage|p2a: Minun|180/268 brn\n|\n|-damage|p2a: Minun|164/268 brn|[from] brn\n|upkeep\n|turn|9\n|\n|t:|1781382371\n|move|p2a: Minun|Thunderbolt|p1a: Luxray\n|-resisted|p1a: Luxray\n|-damage|p1a: Luxray|0 fnt\n|faint|p1a: Luxray\n|-damage|p2a: Minun|138/268 brn|[from] item: Life Orb\n|\n|-damage|p2a: Minun|122/268 brn|[from] brn\n|upkeep\n|\n|t:|1781382374\n|switch|p1a: Deoxys|Deoxys, L74|196/196\n|-ability|p1a: Deoxys|Pressure\n|turn|10\n|\n|t:|1781382380\n|switch|p2a: Sableye|Sableye, L88, F|231/231\n|move|p1a: Deoxys|Psycho Boost|p2a: Sableye\n|-immune|p2a: Sableye\n|\n|upkeep\n|turn|11\n|\n|t:|1781382387\n|switch|p1a: Incineroar|Incineroar, L82, F|258/290\n|-ability|p1a: Incineroar|Intimidate|boost\n|-unboost|p2a: Sableye|atk|1\n|switch|p2a: Grimmsnarl|Grimmsnarl, L83, M|293/293\n|\n|upkeep\n|turn|12\n|\n|t:|1781382393\n|move|p2a: Grimmsnarl|Spirit Break|p1a: Incineroar\n|-damage|p1a: Incineroar|170/290\n|-unboost|p1a: Incineroar|spa|1\n|move|p1a: Incineroar|Knock Off|p2a: Grimmsnarl\n|-resisted|p2a: Grimmsnarl\n|-damage|p2a: Grimmsnarl|277/293\n|-enditem|p2a: Grimmsnarl|Light Clay|[from] move: Knock Off|[of] p1a: Incineroar\n|\n|-sideend|p2: Copernicusthe54th|Reflect\n|upkeep\n|turn|13\n|\n|t:|1781382398\n|move|p2a: Grimmsnarl|Reflect|p2a: Grimmsnarl\n|-sidestart|p2: Copernicusthe54th|Reflect\n|move|p1a: Incineroar|Will-O-Wisp|p2a: Grimmsnarl\n|-status|p2a: Grimmsnarl|brn\n|\n|-damage|p2a: Grimmsnarl|259/293 brn|[from] brn\n|upkeep\n|turn|14\n|\n|t:|1781382409\n|switch|p1a: Gyarados|Gyarados, L79, F|280/280\n|move|p2a: Grimmsnarl|Spirit Break|p1a: Gyarados\n|-damage|p1a: Gyarados|226/280\n|-unboost|p1a: Gyarados|spa|1\n|\n|-damage|p2a: Grimmsnarl|241/293 brn|[from] brn\n|upkeep\n|turn|15\n|\n|t:|1781382413\n|switch|p1a: Incineroar|Incineroar, L82, F|170/290\n|-ability|p1a: Incineroar|Intimidate|boost\n|-unboost|p2a: Grimmsnarl|atk|1\n|move|p2a: Grimmsnarl|Parting Shot|p1a: Incineroar\n|-hint|Since gen 7, Dark is immune to Prankster moves.\n|-immune|p1a: Incineroar\n|\n|-damage|p2a: Grimmsnarl|223/293 brn|[from] brn\n|upkeep\n|turn|16\n|\n|t:|1781382424\n|switch|p1a: Gyarados|Gyarados, L79, F|226/280\n|move|p2a: Grimmsnarl|Spirit Break|p1a: Gyarados\n|-damage|p1a: Gyarados|192/280\n|-unboost|p1a: Gyarados|spa|1\n|\n|-damage|p2a: Grimmsnarl|205/293 brn|[from] brn\n|upkeep\n|turn|17\n|\n|t:|1781382429\n|switch|p1a: Incineroar|Incineroar, L82, F|170/290\n|-ability|p1a: Incineroar|Intimidate|boost\n|-unboost|p2a: Grimmsnarl|atk|1\n|move|p2a: Grimmsnarl|Spirit Break|p1a: Incineroar\n|-damage|p1a: Incineroar|148/290\n|-unboost|p1a: Incineroar|spa|1\n|\n|-damage|p2a: Grimmsnarl|187/293 brn|[from] brn\n|-sideend|p2: Copernicusthe54th|Reflect\n|upkeep\n|turn|18\n|\n|t:|1781382433\n|move|p2a: Grimmsnarl|Reflect|p2a: Grimmsnarl\n|-sidestart|p2: Copernicusthe54th|Reflect\n|move|p1a: Incineroar|Flare Blitz|p2a: Grimmsnarl\n|-damage|p2a: Grimmsnarl|99/293 brn\n|-damage|p1a: Incineroar|119/290|[from] Recoil\n|\n|-damage|p2a: Grimmsnarl|81/293 brn|[from] brn\n|upkeep\n|turn|19\n|\n|t:|1781382441\n|switch|p2a: Hatterene|Hatterene, L85, F|236/236\n|switch|p1a: Gyarados|Gyarados, L79, F|192/280\n|\n|upkeep\n|turn|20\n|\n|t:|1781382462\n|move|p1a: Gyarados|Dragon Dance|p1a: Gyarados\n|-boost|p1a: Gyarados|atk|1\n|-boost|p1a: Gyarados|spe|1\n|move|p2a: Hatterene|Psychic|p1a: Gyarados\n|-damage|p1a: Gyarados|68/280\n|\n|upkeep\n|turn|21\n|\n|t:|1781382466\n|move|p1a: Gyarados|Waterfall|p2a: Hatterene\n|-damage|p2a: Hatterene|170/236\n|move|p2a: Hatterene|Psychic|p1a: Gyarados\n|-damage|p1a: Gyarados|0 fnt\n|faint|p1a: Gyarados\n|\n|upkeep\n|\n|t:|1781382474\n|switch|p1a: Incineroar|Incineroar, L82, F|119/290\n|-ability|p1a: Incineroar|Intimidate|boost\n|-unboost|p2a: Hatterene|atk|1\n|turn|22\n|\n|t:|1781382479\n|move|p1a: Incineroar|Knock Off|p2a: Hatterene\n|-damage|p2a: Hatterene|122/236\n|-enditem|p2a: Hatterene|Assault Vest|[from] move: Knock Off|[of] p1a: Incineroar\n|move|p2a: Hatterene|Nuzzle|p1a: Incineroar\n|-damage|p1a: Incineroar|109/290\n|-status|p1a: Incineroar|par\n|\n|-sideend|p2: Copernicusthe54th|Reflect\n|upkeep\n|turn|23\n|inactive|Copernicusthe54th has 120 seconds left.\n|\n|t:|1781382518\n|move|p2a: Hatterene|Draining Kiss|p1a: Incineroar\n|-damage|p1a: Incineroar|36/290 par\n|-heal|p2a: Hatterene|177/236|[from] drain|[of] p1a: Incineroar\n|move|p1a: Incineroar|Flare Blitz|p2a: Hatterene\n|-damage|p2a: Hatterene|44/236\n|-damage|p1a: Incineroar|0 fnt|[from] Recoil\n|faint|p1a: Incineroar\n|\n|upkeep\n|\n|t:|1781382528\n|switch|p1a: Lokix|Lokix, L82, F|251/251\n|turn|24\n|\n|t:|1781382534\n|move|p1a: Lokix|Knock Off|p2a: Hatterene\n|-damage|p2a: Hatterene|0 fnt\n|faint|p2a: Hatterene\n|-damage|p1a: Lokix|226/251|[from] item: Life Orb\n|\n|upkeep\n|inactive|Copernicusthe54th has 120 seconds left.\n|\n|t:|1781382545\n|switch|p2a: Grimmsnarl|Grimmsnarl, L83, M|81/293 brn\n|turn|25\n|\n|t:|1781382551\n|move|p2a: Grimmsnarl|Reflect|p2a: Grimmsnarl\n|-sidestart|p2: Copernicusthe54th|Reflect\n|move|p1a: Lokix|Leech Life|p2a: Grimmsnarl\n|-damage|p2a: Grimmsnarl|19/293 brn\n|-heal|p1a: Lokix|251/251|[from] drain|[of] p2a: Grimmsnarl\n|-damage|p1a: Lokix|226/251|[from] item: Life Orb\n|\n|-damage|p2a: Grimmsnarl|1/293 brn|[from] brn\n|upkeep\n|turn|26\n|\n|t:|1781382556\n|move|p2a: Grimmsnarl|Light Screen|p2a: Grimmsnarl\n|-sidestart|p2: Copernicusthe54th|move: Light Screen\n|move|p1a: Lokix|Leech Life|p2a: Grimmsnarl\n|-damage|p2a: Grimmsnarl|0 fnt\n|-heal|p1a: Lokix|227/251|[from] drain|[of] p2a: Grimmsnarl\n|faint|p2a: Grimmsnarl\n|-damage|p1a: Lokix|202/251|[from] item: Life Orb\n|\n|upkeep\n|\n|t:|1781382558\n|switch|p2a: Indeedee|Indeedee-F, L90, F|272/272\n|-fieldstart|move: Psychic Terrain|[from] ability: Psychic Surge|[of] p2a: Indeedee\n|turn|27\n|\n|t:|1781382567\n|switch|p1a: Deoxys|Deoxys, L74|196/196\n|-ability|p1a: Deoxys|Pressure\n|move|p2a: Indeedee|Dazzling Gleam|p1a: Deoxys\n|-damage|p1a: Deoxys|57/196\n|-damage|p2a: Indeedee|245/272|[from] item: Life Orb\n|\n|upkeep\n|turn|28\n|\n|t:|1781382570\n|move|p1a: Deoxys|Knock Off|p2a: Indeedee\n|-supereffective|p2a: Indeedee\n|-damage|p2a: Indeedee|122/272\n|-enditem|p2a: Indeedee|Life Orb|[from] move: Knock Off|[of] p1a: Deoxys\n|-damage|p1a: Deoxys|38/196|[from] item: Life Orb\n|move|p2a: Indeedee|Dazzling Gleam|p1a: Deoxys\n|-damage|p1a: Deoxys|0 fnt\n|faint|p1a: Deoxys\n|\n|upkeep\n|\n|t:|1781382573\n|switch|p1a: Hitmonchan|Hitmonchan, L87, M|229/229\n|turn|29\n|\n|t:|1781382576\n|-terastallize|p1a: Hitmonchan|Steel\n|move|p2a: Indeedee|Psyshock|p1a: Hitmonchan\n|-resisted|p1a: Hitmonchan\n|-damage|p1a: Hitmonchan|166/229\n|move|p1a: Hitmonchan|Bulk Up|p1a: Hitmonchan\n|-boost|p1a: Hitmonchan|atk|1\n|-boost|p1a: Hitmonchan|def|1\n|\n|-heal|p1a: Hitmonchan|180/229|[from] item: Leftovers\n|-sideend|p2: Copernicusthe54th|Reflect\n|upkeep\n|turn|30\n|\n|t:|1781382580\n|switch|p2a: Sableye|Sableye, L88, F|231/231\n|move|p1a: Hitmonchan|Knock Off|p2a: Sableye\n|-damage|p2a: Sableye|98/231\n|-enditem|p2a: Sableye|Leftovers|[from] move: Knock Off|[of] p1a: Hitmonchan\n|\n|-heal|p1a: Hitmonchan|194/229|[from] item: Leftovers\n|-sideend|p2: Copernicusthe54th|move: Light Screen\n|upkeep\n|turn|31\n|\n|t:|1781382586\n|move|p2a: Sableye|Recover|p2a: Sableye\n|-heal|p2a: Sableye|214/231\n|move|p1a: Hitmonchan|Knock Off|p2a: Sableye\n|-damage|p2a: Sableye|133/231\n|\n|-heal|p1a: Hitmonchan|208/229|[from] item: Leftovers\n|-fieldend|move: Psychic Terrain\n|upkeep\n|turn|32\n|\n|t:|1781382590\n|switch|p1a: Lokix|Lokix, L82, F|202/251\n|move|p2a: Sableye|Will-O-Wisp|p1a: Lokix\n|-hint|Since gen 7, Dark is immune to Prankster moves.\n|-immune|p1a: Lokix\n|\n|upkeep\n|turn|33\n|\n|t:|1781382594\n|move|p1a: Lokix|First Impression|p2a: Sableye\n|-crit|p2a: Sableye\n|-damage|p2a: Sableye|0 fnt\n|faint|p2a: Sableye\n|-damage|p1a: Lokix|177/251|[from] item: Life Orb\n|\n|upkeep\n|\n|t:|1781382599\n|switch|p2a: Minun|Minun, L95, M|122/268 brn\n|turn|34\n|\n|t:|1781382601\n|-terastallize|p2a: Minun|Fairy\n|move|p1a: Lokix|Sucker Punch|p2a: Minun\n|-resisted|p2a: Minun\n|-damage|p2a: Minun|0 fnt\n|faint|p2a: Minun\n|-damage|p1a: Lokix|152/251|[from] item: Life Orb\n|\n|upkeep\n|\n|t:|1781382605\n|switch|p2a: Indeedee|Indeedee-F, L90, F|122/272\n|-fieldstart|move: Psychic Terrain|[from] ability: Psychic Surge|[of] p2a: Indeedee\n|turn|35\n|\n|t:|1781382611\n|move|p2a: Indeedee|Calm Mind|p2a: Indeedee\n|-boost|p2a: Indeedee|spa|1\n|-boost|p2a: Indeedee|spd|1\n|move|p1a: Lokix|Leech Life|p2a: Indeedee\n|-supereffective|p2a: Indeedee\n|-damage|p2a: Indeedee|0 fnt\n|-heal|p1a: Lokix|213/251|[from] drain|[of] p2a: Indeedee\n|faint|p2a: Indeedee\n|-damage|p1a: Lokix|188/251|[from] item: Life Orb\n|\n|win|ashtisn\n", "uploadtime": 1781382192, "views": 10, "formatid": "gen9randombattle", "rating": null, "private": 0, "password": null}