{"id": "gen9randombattle-2631708830", "format": "[Gen 9] Random Battle", "players": ["moenke", "dggg"], "log": "|j|\u2606moenke\n|j|\u2606dggg\n|t:|1781426048\n|gametype|singles\n|player|p1|moenke|2|2081\n|player|p2|dggg|2|2102\n|gen|9\n|tier|[Gen 9] Random Battle\n|rated|\n|rule|Species Clause: Limit one of each Pok\u00e9mon\n|rule|HP Percentage Mod: HP is shown in percentages\n|rule|Sleep Clause Mod: Limit one foe put to sleep\n|rule|Illusion Level Mod: Illusion disguises the Pok\u00e9mon's true level\n|\n|t:|1781426048\n|teamsize|p1|6\n|teamsize|p2|6\n|start\n|switch|p1a: Rhyperior|Rhyperior, L82, F|323/323\n|switch|p2a: Volcarona|Volcarona, L77, F|257/257\n|turn|1\n|\n|t:|1781426063\n|move|p2a: Volcarona|Giga Drain|p1a: Rhyperior\n|-supereffective|p1a: Rhyperior\n|-damage|p1a: Rhyperior|59/323\n|-enditem|p1a: Rhyperior|Weakness Policy\n|-boost|p1a: Rhyperior|atk|2|[from] item: Weakness Policy\n|-boost|p1a: Rhyperior|spa|2|[from] item: Weakness Policy\n|move|p1a: Rhyperior|Stone Edge|p2a: Volcarona\n|-supereffective|p2a: Volcarona\n|-damage|p2a: Volcarona|0 fnt\n|faint|p2a: Volcarona\n|\n|upkeep\n|inactive|Battle timer is ON: inactive players will automatically lose when time's up. (requested by moenke)\n|\n|t:|1781426068\n|switch|p2a: Volbeat|Volbeat, L90, M|263/263\n|turn|2\n|\n|t:|1781426078\n|switch|p1a: Registeel|Registeel, L81|262/262\n|move|p2a: Volbeat|U-turn|p1a: Registeel\n|-resisted|p1a: Registeel\n|-damage|p1a: Registeel|238/262\n|\n|t:|1781426083\n|switch|p2a: Koraidon|Koraidon, L64|235/235|[from] U-turn\n|-weather|SunnyDay|[from] ability: Orichalcum Pulse|[of] p2a: Koraidon\n|-activate|p2a: Koraidon|Orichalcum Pulse|[source]\n|\n|-weather|SunnyDay|[upkeep]\n|-heal|p1a: Registeel|254/262|[from] item: Leftovers\n|upkeep\n|turn|3\n|\n|t:|1781426088\n|switch|p1a: Rhyperior|Rhyperior, L82, F|59/323\n|move|p2a: Koraidon|Collision Course|p1a: Rhyperior\n|-supereffective|p1a: Rhyperior\n|-damage|p1a: Rhyperior|0 fnt\n|faint|p1a: Rhyperior\n|\n|-weather|SunnyDay|[upkeep]\n|upkeep\n|\n|t:|1781426104\n|switch|p1a: Raichu|Raichu-Alola, L87, F|246/246\n|turn|4\n|\n|t:|1781426110\n|switch|p2a: Volbeat|Volbeat, L90, M|263/263\n|move|p1a: Raichu|Psychic|p2a: Volbeat\n|-damage|p2a: Volbeat|128/263\n|-unboost|p2a: Volbeat|spd|1\n|\n|-weather|SunnyDay|[upkeep]\n|upkeep\n|turn|5\n|\n|t:|1781426119\n|switch|p2a: Overqwil|Overqwil, L82, M|274/274\n|-ability|p2a: Overqwil|Intimidate|boost\n|-unboost|p1a: Raichu|atk|1\n|move|p1a: Raichu|Psychic|p2a: Overqwil\n|-immune|p2a: Overqwil\n|\n|-weather|SunnyDay|[upkeep]\n|upkeep\n|turn|6\n|\n|t:|1781426125\n|switch|p1a: Registeel|Registeel, L81|254/262\n|move|p2a: Overqwil|Crunch|p1a: Registeel\n|-damage|p1a: Registeel|168/262\n|-damage|p2a: Overqwil|247/274|[from] item: Life Orb\n|\n|-weather|none\n|-heal|p1a: Registeel|184/262|[from] item: Leftovers\n|upkeep\n|turn|7\n|\n|t:|1781426131\n|switch|p2a: Volbeat|Volbeat, L90, M|128/263\n|move|p1a: Registeel|Thunder Wave|p2a: Volbeat\n|-status|p2a: Volbeat|par\n|\n|-heal|p1a: Registeel|200/262|[from] item: Leftovers\n|upkeep\n|turn|8\n|\n|t:|1781426138\n|switch|p1a: Raichu|Raichu-Alola, L87, F|246/246\n|move|p2a: Volbeat|Roost|p2a: Volbeat\n|-heal|p2a: Volbeat|260/263 par\n|-singleturn|p2a: Volbeat|move: Roost\n|\n|upkeep\n|turn|9\n|\n|t:|1781426149\n|switch|p1a: Palossand|Palossand, L89, M|296/296\n|move|p2a: Volbeat|U-turn|p1a: Palossand\n|-resisted|p1a: Palossand\n|-damage|p1a: Palossand|269/296\n|\n|t:|1781426159\n|switch|p2a: Kingdra|Kingdra, L84, F|263/263|[from] U-turn\n|\n|-heal|p1a: Palossand|287/296|[from] item: Leftovers\n|upkeep\n|turn|10\n|\n|t:|1781426167\n|switch|p1a: Dachsbun|Dachsbun, L92, F|254/254\n|move|p2a: Kingdra|Dragon Dance|p2a: Kingdra\n|-boost|p2a: Kingdra|atk|1\n|-boost|p2a: Kingdra|spe|1\n|\n|upkeep\n|turn|11\n|\n|t:|1781426182\n|-terastallize|p2a: Kingdra|Steel\n|move|p2a: Kingdra|Dragon Dance|p2a: Kingdra\n|-boost|p2a: Kingdra|atk|1\n|-boost|p2a: Kingdra|spe|1\n|move|p1a: Dachsbun|Play Rough|p2a: Kingdra\n|-resisted|p2a: Kingdra\n|-damage|p2a: Kingdra|221/263\n|\n|upkeep\n|turn|12\n|\n|t:|1781426186\n|move|p2a: Kingdra|Iron Head|p1a: Dachsbun\n|-supereffective|p1a: Dachsbun\n|-damage|p1a: Dachsbun|18/254\n|cant|p1a: Dachsbun|flinch\n|\n|-heal|p1a: Dachsbun|33/254|[from] item: Leftovers\n|upkeep\n|turn|13\n|\n|t:|1781426189\n|move|p2a: Kingdra|Iron Head|p1a: Dachsbun\n|-supereffective|p1a: Dachsbun\n|-damage|p1a: Dachsbun|0 fnt\n|faint|p1a: Dachsbun\n|\n|upkeep\n|\n|t:|1781426191\n|switch|p1a: Palossand|Palossand, L89, M|287/296\n|turn|14\n|\n|t:|1781426194\n|-terastallize|p1a: Palossand|Poison\n|move|p2a: Kingdra|Wave Crash|p1a: Palossand\n|-damage|p1a: Palossand|92/296\n|-ability|p1a: Palossand|Water Compaction|boost\n|-boost|p1a: Palossand|def|2\n|-damage|p2a: Kingdra|157/263|[from] Recoil\n|move|p1a: Palossand|Earth Power|p2a: Kingdra\n|-supereffective|p2a: Kingdra\n|-damage|p2a: Kingdra|0 fnt\n|faint|p2a: Kingdra\n|\n|-heal|p1a: Palossand|110/296|[from] item: Leftovers\n|upkeep\n|\n|t:|1781426203\n|switch|p2a: Volbeat|Volbeat, L90, M|260/263 par\n|turn|15\n|\n|t:|1781426209\n|move|p2a: Volbeat|Thunder Wave|p1a: Palossand\n|-status|p1a: Palossand|par\n|move|p1a: Palossand|Sludge Bomb|p2a: Volbeat\n|-damage|p2a: Volbeat|155/263 par\n|\n|-heal|p1a: Palossand|128/296 par|[from] item: Leftovers\n|upkeep\n|turn|16\n|\n|t:|1781426218\n|move|p2a: Volbeat|Encore|p1a: Palossand\n|-start|p1a: Palossand|Encore\n|cant|p1a: Palossand|par\n|\n|-heal|p1a: Palossand|146/296 par|[from] item: Leftovers\n|upkeep\n|turn|17\n|\n|t:|1781426226\n|move|p2a: Volbeat|U-turn|p1a: Palossand\n|-resisted|p1a: Palossand\n|-damage|p1a: Palossand|132/296 par\n|\n|t:|1781426230\n|switch|p2a: Overqwil|Overqwil, L82, M|247/274|[from] U-turn\n|-ability|p2a: Overqwil|Intimidate|boost\n|-unboost|p1a: Palossand|atk|1\n|move|p1a: Palossand|Sludge Bomb|p2a: Overqwil\n|-resisted|p2a: Overqwil\n|-damage|p2a: Overqwil|175/274\n|\n|-heal|p1a: Palossand|150/296 par|[from] item: Leftovers\n|upkeep\n|turn|18\n|\n|t:|1781426236\n|switch|p1a: Registeel|Registeel, L81|200/262\n|move|p2a: Overqwil|Swords Dance|p2a: Overqwil\n|-boost|p2a: Overqwil|atk|2\n|\n|-heal|p1a: Registeel|216/262|[from] item: Leftovers\n|upkeep\n|turn|19\n|\n|t:|1781426240\n|move|p2a: Overqwil|Liquidation|p1a: Registeel\n|-damage|p1a: Registeel|102/262\n|-damage|p2a: Overqwil|148/274|[from] item: Life Orb\n|move|p1a: Registeel|Thunder Wave|p2a: Overqwil\n|-status|p2a: Overqwil|par\n|\n|-heal|p1a: Registeel|118/262|[from] item: Leftovers\n|upkeep\n|turn|20\n|\n|t:|1781426247\n|move|p1a: Registeel|Iron Head|p2a: Overqwil\n|-damage|p2a: Overqwil|82/274 par\n|move|p2a: Overqwil|Liquidation|p1a: Registeel\n|-damage|p1a: Registeel|9/262\n|-damage|p2a: Overqwil|55/274 par|[from] item: Life Orb\n|\n|-heal|p1a: Registeel|25/262|[from] item: Leftovers\n|upkeep\n|turn|21\n|\n|t:|1781426253\n|move|p1a: Registeel|Iron Head|p2a: Overqwil\n|-damage|p2a: Overqwil|0 fnt\n|faint|p2a: Overqwil\n|\n|-heal|p1a: Registeel|41/262|[from] item: Leftovers\n|upkeep\n|\n|t:|1781426259\n|switch|p2a: Koraidon|Koraidon, L64|235/235\n|-weather|SunnyDay|[from] ability: Orichalcum Pulse|[of] p2a: Koraidon\n|-activate|p2a: Koraidon|Orichalcum Pulse|[source]\n|turn|22\n|\n|t:|1781426267\n|move|p2a: Koraidon|Collision Course|p1a: Registeel\n|-supereffective|p1a: Registeel\n|-damage|p1a: Registeel|0 fnt\n|faint|p1a: Registeel\n|\n|-weather|SunnyDay|[upkeep]\n|upkeep\n|\n|t:|1781426270\n|switch|p1a: Raichu|Raichu-Alola, L87, F|246/246\n|turn|23\n|\n|t:|1781426276\n|switch|p2a: Volbeat|Volbeat, L90, M|155/263 par\n|move|p1a: Raichu|Psychic|p2a: Volbeat\n|-damage|p2a: Volbeat|10/263 par\n|\n|-weather|SunnyDay|[upkeep]\n|upkeep\n|turn|24\n|\n|t:|1781426282\n|move|p2a: Volbeat|Encore|p1a: Raichu\n|-start|p1a: Raichu|Encore\n|move|p1a: Raichu|Psychic|p2a: Volbeat\n|-damage|p2a: Volbeat|0 fnt\n|faint|p2a: Volbeat\n|\n|-weather|SunnyDay|[upkeep]\n|upkeep\n|\n|t:|1781426285\n|switch|p2a: Squawkabilly|Squawkabilly-Blue, L85, F|278/278\n|turn|25\n|\n|t:|1781426292\n|switch|p1a: Palossand|Palossand, L89, M, tera:Poison|150/296 par\n|move|p2a: Squawkabilly|Facade|p1a: Palossand\n|-damage|p1a: Palossand|93/296 par\n|\n|-weather|SunnyDay|[upkeep]\n|-heal|p1a: Palossand|111/296 par|[from] item: Leftovers\n|-status|p2a: Squawkabilly|brn|[from] item: Flame Orb\n|upkeep\n|turn|26\n|\n|t:|1781426304\n|move|p2a: Squawkabilly|Facade|p1a: Palossand\n|-damage|p1a: Palossand|0 fnt\n|faint|p1a: Palossand\n|\n|-weather|none\n|-damage|p2a: Squawkabilly|261/278 brn|[from] brn\n|upkeep\n|\n|t:|1781426307\n|switch|p1a: Raichu|Raichu-Alola, L87, F|246/246\n|turn|27\n|\n|t:|1781426310\n|move|p1a: Raichu|Thunderbolt|p2a: Squawkabilly\n|-supereffective|p2a: Squawkabilly\n|-damage|p2a: Squawkabilly|0 fnt\n|faint|p2a: Squawkabilly\n|\n|upkeep\n|\n|t:|1781426312\n|switch|p2a: Koraidon|Koraidon, L64|235/235\n|-weather|SunnyDay|[from] ability: Orichalcum Pulse|[of] p2a: Koraidon\n|-activate|p2a: Koraidon|Orichalcum Pulse|[source]\n|turn|28\n|\n|t:|1781426314\n|switch|p1a: Vivillon|Vivillon-Monsoon, L83, F|268/268\n|move|p2a: Koraidon|Scale Shot|p1a: Vivillon\n|-damage|p1a: Vivillon|226/268\n|-damage|p1a: Vivillon|183/268\n|-damage|p1a: Vivillon|144/268\n|-damage|p1a: Vivillon|99/268\n|-hitcount|p1a: Vivillon|4\n|-unboost|p2a: Koraidon|def|1\n|-boost|p2a: Koraidon|spe|1\n|\n|-weather|SunnyDay|[upkeep]\n|upkeep\n|turn|29\n|\n|t:|1781426323\n|move|p2a: Koraidon|Flare Blitz|p1a: Vivillon\n|-supereffective|p1a: Vivillon\n|-crit|p1a: Vivillon\n|-damage|p1a: Vivillon|0 fnt\n|faint|p1a: Vivillon\n|-damage|p2a: Koraidon|202/235|[from] Recoil\n|\n|-weather|SunnyDay|[upkeep]\n|upkeep\n|\n|t:|1781426337\n|switch|p1a: Raichu|Raichu-Alola, L87, F|246/246\n|turn|30\n|\n|t:|1781426340\n|move|p2a: Koraidon|Flare Blitz|p1a: Raichu\n|-damage|p1a: Raichu|48/246\n|-damage|p2a: Koraidon|137/235|[from] Recoil\n|move|p1a: Raichu|Psychic|p2a: Koraidon\n|-supereffective|p2a: Koraidon\n|-damage|p2a: Koraidon|0 fnt\n|faint|p2a: Koraidon\n|\n|win|moenke\n|raw|moenke's rating: 2081 &rarr; <strong>2102</strong><br />(+21 for winning)\n|raw|dggg's rating: 2102 &rarr; <strong>2081</strong><br />(-21 for losing)\n", "uploadtime": 1781426050, "views": 7, "formatid": "gen9randombattle", "rating": 2081, "private": 0, "password": null}