{"id": "gen9randombattle-2631583610", "format": "[Gen 9] Random Battle", "players": ["jetpackuser", "Bigoleg"], "log": "|j|\u2606jetpackuser\n|j|\u2606Bigoleg\n|t:|1781404585\n|gametype|singles\n|player|p1|jetpackuser|2|2165\n|player|p2|Bigoleg|169|2150\n|gen|9\n|tier|[Gen 9] Random Battle\n|rated|\n|rule|Species Clause: Limit one of each Pok\u00e9mon\n|rule|HP Percentage Mod: HP is shown in percentages\n|rule|Sleep Clause Mod: Limit one foe put to sleep\n|rule|Illusion Level Mod: Illusion disguises the Pok\u00e9mon's true level\n|\n|t:|1781404585\n|teamsize|p1|6\n|teamsize|p2|6\n|start\n|switch|p1a: Thundurus|Thundurus-Therian, L80, M|258/258\n|switch|p2a: Scream Tail|Scream Tail, L84|330/330\n|turn|1\n|inactive|Battle timer is ON: inactive players will automatically lose when time's up. (requested by jetpackuser)\n|c|\u2606jetpackuser|can't wait to see how i getting absolutely shafted up the ass by haxx thtis game too\n|inactive|jetpackuser has 120 seconds left.\n|\n|t:|1781404618\n|switch|p1a: Dialga|Dialga-Origin, L73|266/266\n|-ability|p1a: Dialga|Pressure\n|move|p2a: Scream Tail|Play Rough|p1a: Dialga\n|-damage|p1a: Dialga|199/266\n|\n|upkeep\n|turn|2\n|\n|t:|1781404621\n|move|p2a: Scream Tail|Thunder Wave|p1a: Dialga\n|-status|p1a: Dialga|par\n|move|p1a: Dialga|Stealth Rock|p2a: Scream Tail\n|-sidestart|p2: Bigoleg|move: Stealth Rock\n|\n|upkeep\n|turn|3\n|\n|t:|1781404624\n|move|p2a: Scream Tail|Play Rough|p1a: Dialga\n|-damage|p1a: Dialga|135/266 par\n|move|p1a: Dialga|Flash Cannon|p2a: Scream Tail\n|-supereffective|p2a: Scream Tail\n|-damage|p2a: Scream Tail|142/330\n|\n|-heal|p2a: Scream Tail|162/330|[from] item: Leftovers\n|upkeep\n|turn|4\n|\n|t:|1781404632\n|move|p2a: Scream Tail|Play Rough|p1a: Dialga\n|-damage|p1a: Dialga|75/266 par\n|-unboost|p1a: Dialga|atk|1\n|cant|p1a: Dialga|par\n|\n|-heal|p2a: Scream Tail|182/330|[from] item: Leftovers\n|upkeep\n|turn|5\n|c|\u2606jetpackuser|hahahhahaha\n|c|\u2606jetpackuser|hahahahahha\n|c|\u2606jetpackuser|hahahahahha\n|c|\u2606jetpackuser|of course\n|c|\u2606jetpackuser|why not\n|c|\u2606jetpackuser|who needs skill right?\n|c|\u2606jetpackuser|just click mindlessly\n|c|\u2606jetpackuser|and get rewarded\n|c|\u2606jetpackuser|hahahahahha\n|c|\u2606jetpackuser|what a player!\n|inactive|jetpackuser has 120 seconds left.\n|\n|t:|1781404664\n|move|p2a: Scream Tail|Play Rough|p1a: Dialga\n|-damage|p1a: Dialga|11/266 par\n|-unboost|p1a: Dialga|atk|1\n|cant|p1a: Dialga|par\n|\n|-heal|p2a: Scream Tail|202/330|[from] item: Leftovers\n|upkeep\n|turn|6\n|c|\u2606jetpackuser|hahahahhaha\n|c|\u2606jetpackuser|hahahahhaha\n|c|\u2606Bigoleg|Bro what\u2019s your deal?\n|c|\u2606jetpackuser|too good\n|inactive|jetpackuser has 120 seconds left.\n|c|\u2606jetpackuser|too much skill\n|c|\u2606jetpackuser|look at the bullshsit thats happeing\n|c|\u2606jetpackuser|thats my problem\n|c|\u2606jetpackuser|you should be dead\n|c|\u2606jetpackuser|inseatd this game is rewarding bad plays\n|c|\u2606Bigoleg|Yeah you started talking after 1 para?\n|inactive|jetpackuser has 90 seconds left.\n|c|\u2606jetpackuser|?\n|c|\u2606jetpackuser|did you see me call it?\n|c|\u2606Bigoleg|Doesn\u2019t a 25 percent chance in 3 tries seem kinda normal?\n|c|\u2606jetpackuser|this has been happeing too me all day\n|inactive|jetpackuser has 60 seconds left.\n|c|\u2606jetpackuser|hahahahah\n|c|\u2606jetpackuser|are you seriously defending the haxxx?\n|c|\u2606jetpackuser|wow\n|c|\u2606Bigoleg|Maybe spend your day in more productive ways. I can\u2019t help you and no one cares if you cry in comments.\n|c|\u2606jetpackuser|dude you're a troll\n|c|\u2606jetpackuser|proper haxx lord\n|inactive|jetpackuser has 30 seconds left.\n|\n|t:|1781404765\n|switch|p1a: Tinkaton|Tinkaton, L82, F|274/274\n|-ability|p1a: Tinkaton|Mold Breaker\n|move|p2a: Scream Tail|Play Rough|p1a: Tinkaton\n|-resisted|p1a: Tinkaton\n|-crit|p1a: Tinkaton\n|-damage|p1a: Tinkaton|219/274\n|\n|-heal|p2a: Scream Tail|222/330|[from] item: Leftovers\n|-heal|p1a: Tinkaton|236/274|[from] item: Leftovers\n|upkeep\n|turn|7\n|c|\u2606Bigoleg|Irony isn\u2019t lost on you\n|\n|t:|1781404774\n|move|p2a: Scream Tail|Thunder Wave|p1a: Tinkaton\n|-status|p1a: Tinkaton|par\n|move|p1a: Tinkaton|Gigaton Hammer|p2a: Scream Tail\n|-supereffective|p2a: Scream Tail\n|-damage|p2a: Scream Tail|0 fnt\n|faint|p2a: Scream Tail\n|-end|p2a: Scream Tail|Protosynthesis|[silent]\n|\n|-heal|p1a: Tinkaton|253/274 par|[from] item: Leftovers\n|upkeep\n|c|\u2606jetpackuser|your brain is lost on you\n|\n|t:|1781404784\n|switch|p2a: Glimmora|Glimmora, L75, M|248/248\n|-damage|p2a: Glimmora|217/248|[from] Stealth Rock\n|turn|8\n|\n|t:|1781404794\n|switch|p1a: Dialga|Dialga-Origin, L73|11/266 par\n|-ability|p1a: Dialga|Pressure\n|move|p2a: Glimmora|Meteor Beam||[still]\n|-prepare|p2a: Glimmora|Meteor Beam\n|-boost|p2a: Glimmora|spa|1\n|-enditem|p2a: Glimmora|Power Herb\n|-anim|p2a: Glimmora|Meteor Beam|p1a: Dialga\n|-resisted|p1a: Dialga\n|-damage|p1a: Dialga|0 fnt\n|faint|p1a: Dialga\n|\n|upkeep\n|c|\u2606Bigoleg|Almost clever\n|inactive|jetpackuser has 30 seconds left.\n|\n|t:|1781404826\n|switch|p1a: Tinkaton|Tinkaton, L82, F|253/274 par\n|-ability|p1a: Tinkaton|Mold Breaker\n|turn|9\n|inactive|jetpackuser has 30 seconds left.\n|c|\u2606jetpackuser|almost actually using a brain cell\n|inactive|jetpackuser has 20 seconds left.\n|c|\u2606jetpackuser|its okay keep tying\n|inactive|jetpackuser has 15 seconds left.\n|\n|t:|1781404848\n|move|p2a: Glimmora|Earth Power|p1a: Tinkaton\n|-supereffective|p1a: Tinkaton\n|-damage|p1a: Tinkaton|63/274 par\n|move|p1a: Tinkaton|Gigaton Hammer|p2a: Glimmora\n|-supereffective|p2a: Glimmora\n|-damage|p2a: Glimmora|0 fnt\n|-activate|p2a: Glimmora|ability: Toxic Debris\n|-sidestart|p1: jetpackuser|move: Toxic Spikes\n|faint|p2a: Glimmora\n|\n|-heal|p1a: Tinkaton|80/274 par|[from] item: Leftovers\n|upkeep\n|\n|t:|1781404867\n|switch|p2a: Hitmontop|Hitmontop, L88, M|231/231\n|-damage|p2a: Hitmontop|217/231|[from] Stealth Rock\n|turn|10\n|inactive|jetpackuser has 30 seconds left this turn.\n|inactive|jetpackuser has 20 seconds left.\n|\n|t:|1781404881\n|move|p2a: Hitmontop|Bulk Up|p2a: Hitmontop\n|-boost|p2a: Hitmontop|atk|1\n|-boost|p2a: Hitmontop|def|1\n|move|p1a: Tinkaton|Thunder Wave|p2a: Hitmontop\n|-status|p2a: Hitmontop|par\n|\n|-heal|p1a: Tinkaton|97/274 par|[from] item: Leftovers\n|-heal|p2a: Hitmontop|231/231 par|[from] item: Leftovers\n|upkeep\n|turn|11\n|inactive|jetpackuser has 30 seconds left this turn.\n|\n|t:|1781404889\n|move|p1a: Tinkaton|Play Rough|p2a: Hitmontop\n|-supereffective|p2a: Hitmontop\n|-damage|p2a: Hitmontop|135/231 par\n|cant|p2a: Hitmontop|par\n|\n|-heal|p1a: Tinkaton|114/274 par|[from] item: Leftovers\n|-heal|p2a: Hitmontop|149/231 par|[from] item: Leftovers\n|upkeep\n|turn|12\n|\n|t:|1781404893\n|move|p1a: Tinkaton|Play Rough|p2a: Hitmontop\n|-supereffective|p2a: Hitmontop\n|-damage|p2a: Hitmontop|47/231 par\n|move|p2a: Hitmontop|Rapid Spin|p1a: Tinkaton\n|-resisted|p1a: Tinkaton\n|-damage|p1a: Tinkaton|68/274 par\n|-boost|p2a: Hitmontop|spe|1\n|-sideend|p2: Bigoleg|Stealth Rock|[from] move: Rapid Spin|[of] p2a: Hitmontop\n|\n|-heal|p2a: Hitmontop|61/231 par|[from] item: Leftovers\n|-heal|p1a: Tinkaton|85/274 par|[from] item: Leftovers\n|upkeep\n|turn|13\n|\n|t:|1781404907\n|move|p2a: Hitmontop|Close Combat|p1a: Tinkaton\n|-damage|p1a: Tinkaton|0 fnt\n|-unboost|p2a: Hitmontop|def|1\n|-unboost|p2a: Hitmontop|spd|1\n|faint|p1a: Tinkaton\n|\n|-heal|p2a: Hitmontop|75/231 par|[from] item: Leftovers\n|upkeep\n|c|\u2606Bigoleg|What a para????? Oh my god let me go cry in a corner\n|\n|t:|1781404912\n|switch|p1a: Thundurus|Thundurus-Therian, L80, M|258/258\n|turn|14\n|inactive|jetpackuser has 30 seconds left.\n|\n|t:|1781404937\n|move|p1a: Thundurus|Thunderbolt|p2a: Hitmontop\n|-damage|p2a: Hitmontop|0 fnt\n|faint|p2a: Hitmontop\n|\n|upkeep\n|c|\u2606jetpackuser|you're too stupid to understnad\n|c|\u2606jetpackuser|its okay just say that\n|inactive|Bigoleg has 120 seconds left.\n|\n|t:|1781404982\n|switch|p2a: Scizor|Scizor, L79, M|240/240\n|turn|15\n|inactive|Bigoleg has 120 seconds left.\n|inactive|jetpackuser has 30 seconds left.\n|\n|t:|1781405001\n|move|p1a: Thundurus|Nasty Plot|p1a: Thundurus\n|-boost|p1a: Thundurus|spa|2\n|move|p2a: Scizor|Knock Off|p1a: Thundurus\n|-damage|p1a: Thundurus|104/258\n|-enditem|p1a: Thundurus|Heavy-Duty Boots|[from] move: Knock Off|[of] p2a: Scizor\n|\n|upkeep\n|turn|16\n|inactive|jetpackuser has 30 seconds left.\n|\n|t:|1781405010\n|move|p1a: Thundurus|Thunderbolt|p2a: Scizor\n|-damage|p2a: Scizor|0 fnt\n|faint|p2a: Scizor\n|\n|upkeep\n|\n|t:|1781405014\n|switch|p2a: Hawlucha|Hawlucha, L80, M|256/256\n|turn|17\n|inactive|jetpackuser has 30 seconds left.\n|\n|t:|1781405033\n|move|p2a: Hawlucha|Throat Chop|p1a: Thundurus\n|-damage|p1a: Thundurus|46/258\n|-start|p1a: Thundurus|Throat Chop|[silent]\n|move|p1a: Thundurus|Thunderbolt|p2a: Hawlucha\n|-supereffective|p2a: Hawlucha\n|-damage|p2a: Hawlucha|0 fnt\n|faint|p2a: Hawlucha\n|\n|upkeep\n|\n|t:|1781405036\n|switch|p2a: Dondozo|Dondozo, L78, F|362/362\n|turn|18\n|\n|t:|1781405045\n|-terastallize|p2a: Dondozo|Dragon\n|move|p1a: Thundurus|Thunderbolt|p2a: Dondozo\n|-resisted|p2a: Dondozo\n|-damage|p2a: Dondozo|277/362\n|move|p2a: Dondozo|Curse|p2a: Dondozo\n|-unboost|p2a: Dondozo|spe|1\n|-boost|p2a: Dondozo|atk|1\n|-boost|p2a: Dondozo|def|1\n|\n|-heal|p2a: Dondozo|299/362|[from] item: Leftovers\n|-end|p1a: Thundurus|Throat Chop|[silent]\n|upkeep\n|turn|19\n|inactive|jetpackuser has 30 seconds left.\n|inactive|jetpackuser has 20 seconds left.\n|\n|t:|1781405076\n|-terastallize|p1a: Thundurus|Flying\n|move|p1a: Thundurus|Tera Blast|p2a: Dondozo|[anim] Tera Blast Flying\n|-damage|p2a: Dondozo|109/362\n|move|p2a: Dondozo|Wave Crash|p1a: Thundurus\n|-damage|p1a: Thundurus|0 fnt\n|faint|p1a: Thundurus\n|-damage|p2a: Dondozo|94/362|[from] Recoil\n|\n|-heal|p2a: Dondozo|116/362|[from] item: Leftovers\n|upkeep\n|inactive|jetpackuser has 25 seconds left this turn.\n|inactive|jetpackuser has 20 seconds left.\n|c|\u2606jetpackuser|no wonder you lost\n|inactive|jetpackuser has 15 seconds left.\n|\n|t:|1781405087\n|switch|p1a: Dudunsparce|Dudunsparce-Three-Segment, L83, F|343/343\n|-status|p1a: Dudunsparce|psn\n|turn|20\n|inactive|jetpackuser has 25 seconds left this turn.\n|inactive|jetpackuser has 20 seconds left.\n|c|\u2606jetpackuser|maybe stop trolling\n|inactive|jetpackuser has 15 seconds left.\n|c|\u2606jetpackuser|and relying on haxx\n|inactive|jetpackuser has 10 seconds left.\n|\n|t:|1781405104\n|move|p1a: Dudunsparce|Boomburst|p2a: Dondozo\n|-damage|p2a: Dondozo|0 fnt\n|faint|p2a: Dondozo\n|\n|win|jetpackuser\n", "uploadtime": 1781404586, "views": 5, "formatid": "gen9randombattle", "rating": null, "private": 0, "password": null}