{"id": "gen9randombattle-2631802339", "format": "[Gen 9] Random Battle", "players": ["Falinksisbestbois", "Mastersatanr"], "log": "|j|\u2606Falinksisbestbois\n|j|\u2606Mastersatanr\n|t:|1781441824\n|gametype|singles\n|player|p1|Falinksisbestbois|giovanni|1900\n|player|p2|Mastersatanr|acetrainer-gen2|1935\n|gen|9\n|tier|[Gen 9] Random Battle\n|rated|\n|rule|Species Clause: Limit one of each Pok\u00e9mon\n|rule|HP Percentage Mod: HP is shown in percentages\n|rule|Sleep Clause Mod: Limit one foe put to sleep\n|rule|Illusion Level Mod: Illusion disguises the Pok\u00e9mon's true level\n|\n|t:|1781441824\n|teamsize|p1|6\n|teamsize|p2|6\n|start\n|switch|p1a: Iron Bundle|Iron Bundle, L78|215/215\n|switch|p2a: Snorlax|Snorlax, L82, M|397/397\n|turn|1\n|inactive|Battle timer is ON: inactive players will automatically lose when time's up. (requested by Falinksisbestbois)\n|\n|t:|1781441839\n|-end|p1a: Iron Bundle|Quark Drive|[silent]\n|switch|p1a: Conkeldurr|Conkeldurr, L80, M|299/299\n|move|p2a: Snorlax|Curse|p2a: Snorlax\n|-unboost|p2a: Snorlax|spe|1\n|-boost|p2a: Snorlax|atk|1\n|-boost|p2a: Snorlax|def|1\n|\n|-status|p1a: Conkeldurr|brn|[from] item: Flame Orb\n|upkeep\n|turn|2\n|\n|t:|1781441866\n|switch|p2a: Klefki|Klefki, L84, F|233/233\n|move|p1a: Conkeldurr|Close Combat|p2a: Klefki\n|-damage|p2a: Klefki|13/233\n|-unboost|p1a: Conkeldurr|def|1\n|-unboost|p1a: Conkeldurr|spd|1\n|\n|-heal|p2a: Klefki|27/233|[from] item: Leftovers\n|-damage|p1a: Conkeldurr|281/299 brn|[from] brn\n|upkeep\n|turn|3\n|\n|t:|1781441872\n|move|p2a: Klefki|Spikes|p1a: Conkeldurr\n|-sidestart|p1: Falinksisbestbois|Spikes\n|move|p1a: Conkeldurr|Mach Punch|p2a: Klefki\n|-damage|p2a: Klefki|0 fnt\n|faint|p2a: Klefki\n|\n|-damage|p1a: Conkeldurr|263/299 brn|[from] brn\n|upkeep\n|inactive|Mastersatanr has 120 seconds left.\n|\n|t:|1781441896\n|switch|p2a: Sceptile|Sceptile, L87, M|264/264\n|turn|4\n|inactive|Falinksisbestbois has 120 seconds left.\n|\n|t:|1781441941\n|switch|p1a: Gyarados|Gyarados, L79, F|280/280\n|-ability|p1a: Gyarados|Intimidate|boost\n|-unboost|p2a: Sceptile|atk|1\n|move|p2a: Sceptile|Leaf Storm|p1a: Gyarados\n|-crit|p1a: Gyarados\n|-damage|p1a: Gyarados|0 fnt\n|-unboost|p2a: Sceptile|spa|2\n|faint|p1a: Gyarados\n|-damage|p2a: Sceptile|238/264|[from] item: Life Orb\n|\n|upkeep\n|\n|t:|1781441957\n|switch|p1a: Jirachi|Jirachi, L80|291/291\n|-damage|p1a: Jirachi|255/291|[from] Spikes\n|turn|5\n|\n|t:|1781441967\n|switch|p2a: Gouging Fire|Gouging Fire, L74|277/277\n|move|p1a: Jirachi|Iron Head|p2a: Gouging Fire\n|-resisted|p2a: Gouging Fire\n|-damage|p2a: Gouging Fire|241/277\n|\n|upkeep\n|turn|6\n|inactive|Falinksisbestbois has 90 seconds left.\n|\n|t:|1781442011\n|switch|p1a: Lunala|Lunala, L70|308/308\n|-damage|p1a: Lunala|270/308|[from] Spikes\n|move|p2a: Gouging Fire|Dragon Dance|p2a: Gouging Fire\n|-boost|p2a: Gouging Fire|atk|1\n|-boost|p2a: Gouging Fire|spe|1\n|\n|-heal|p1a: Lunala|289/308|[from] item: Leftovers\n|upkeep\n|turn|7\n|\n|t:|1781442016\n|move|p2a: Gouging Fire|Heat Crash|p1a: Lunala\n|-damage|p1a: Lunala|127/308\n|move|p1a: Lunala|Moongeist Beam|p2a: Gouging Fire\n|-damage|p2a: Gouging Fire|141/277\n|\n|-heal|p1a: Lunala|146/308|[from] item: Leftovers\n|upkeep\n|turn|8\n|inactive|Falinksisbestbois has 90 seconds left.\n|\n|t:|1781442030\n|move|p2a: Gouging Fire|Heat Crash|p1a: Lunala\n|-damage|p1a: Lunala|0 fnt\n|faint|p1a: Lunala\n|\n|upkeep\n|\n|t:|1781442049\n|switch|p1a: Mimikyu|Mimikyu, L79, M|216/216\n|-damage|p1a: Mimikyu|189/216|[from] Spikes\n|turn|9\n|\n|t:|1781442066\n|move|p2a: Gouging Fire|Heat Crash|p1a: Mimikyu\n|-activate|p1a: Mimikyu|ability: Disguise\n|-damage|p1a: Mimikyu|189/216\n|detailschange|p1a: Mimikyu|Mimikyu-Busted, L79, M\n|-damage|p1a: Mimikyu|162/216|[from] pokemon: Mimikyu-Busted\n|move|p1a: Mimikyu|Swords Dance|p1a: Mimikyu\n|-boost|p1a: Mimikyu|atk|2\n|\n|upkeep\n|turn|10\n|\n|t:|1781442078\n|move|p2a: Gouging Fire|Heat Crash|p1a: Mimikyu\n|-crit|p1a: Mimikyu\n|-damage|p1a: Mimikyu|0 fnt\n|faint|p1a: Mimikyu\n|\n|upkeep\n|\n|t:|1781442082\n|switch|p1a: Jirachi|Jirachi, L80|255/291\n|-damage|p1a: Jirachi|219/291|[from] Spikes\n|turn|11\n|-message|Falinksisbestbois forfeited.\n|\n|win|Mastersatanr\n", "uploadtime": 1781441826, "views": 8, "formatid": "gen9randombattle", "rating": null, "private": 0, "password": null}