{"id": "gen9randombattle-2631761513", "format": "[Gen 9] Random Battle", "players": ["Crysys1", "Etjx"], "log": "|j|\u2606Crysys1\n|j|\u2606Etjx@!\n|t:|1781435497\n|gametype|singles\n|player|p1|Crysys1|265|2152\n|player|p2|Etjx|policeman-gen4|2175\n|gen|9\n|tier|[Gen 9] Random Battle\n|rated|\n|rule|Species Clause: Limit one of each Pok\u00e9mon\n|rule|HP Percentage Mod: HP is shown in percentages\n|rule|Sleep Clause Mod: Limit one foe put to sleep\n|rule|Illusion Level Mod: Illusion disguises the Pok\u00e9mon's true level\n|\n|t:|1781435497\n|teamsize|p1|6\n|teamsize|p2|6\n|start\n|switch|p1a: Raikou|Raikou, L81|278/278\n|switch|p2a: Polteageist|Polteageist, L78|222/222\n|-ability|p1a: Raikou|Pressure\n|turn|1\n|inactive|Battle timer is ON: inactive players will automatically lose when time's up. (requested by Etjx)\n|inactive|Crysys1 has 120 seconds left.\n|\n|t:|1781435557\n|switch|p2a: Whiscash|Whiscash, L88, M|337/337\n|move|p1a: Raikou|Calm Mind|p1a: Raikou\n|-boost|p1a: Raikou|spa|1\n|-boost|p1a: Raikou|spd|1\n|\n|upkeep\n|turn|2\n|\n|t:|1781435566\n|switch|p1a: Sunflora|Sunflora, F|312/312\n|move|p2a: Whiscash|Earthquake|p1a: Sunflora\n|-resisted|p1a: Sunflora\n|-damage|p1a: Sunflora|258/312\n|\n|upkeep\n|turn|3\n|\n|t:|1781435570\n|switch|p2a: Magmortar|Magmortar, L88, M|275/275\n|move|p1a: Sunflora|Sunny Day|p1a: Sunflora\n|-weather|SunnyDay\n|\n|-weather|SunnyDay|[upkeep]\n|upkeep\n|turn|4\n|\n|t:|1781435592\n|move|p1a: Sunflora|Earth Power|p2a: Magmortar\n|-supereffective|p2a: Magmortar\n|-damage|p2a: Magmortar|67/275\n|-damage|p1a: Sunflora|227/312|[from] item: Life Orb\n|move|p2a: Magmortar|Fire Blast|p1a: Sunflora\n|-supereffective|p1a: Sunflora\n|-damage|p1a: Sunflora|0 fnt\n|faint|p1a: Sunflora\n|\n|-weather|SunnyDay|[upkeep]\n|upkeep\n|inactive|Crysys1 has 120 seconds left.\n|inactive|Crysys1 has 90 seconds left.\n|\n|t:|1781435655\n|switch|p1a: Indeedee|Indeedee-F, L90, F|272/272\n|-fieldstart|move: Psychic Terrain|[from] ability: Psychic Surge|[of] p1a: Indeedee\n|turn|5\n|\n|t:|1781435663\n|switch|p2a: Bronzong|Bronzong, L88|261/261\n|move|p1a: Indeedee|Psychic|p2a: Bronzong\n|-resisted|p2a: Bronzong\n|-damage|p2a: Bronzong|227/261\n|-damage|p1a: Indeedee|245/272|[from] item: Life Orb\n|\n|-weather|SunnyDay|[upkeep]\n|-heal|p2a: Bronzong|243/261|[from] item: Leftovers\n|upkeep\n|turn|6\n|inactive|Crysys1 has 90 seconds left.\n|\n|t:|1781435694\n|switch|p1a: Trevenant|Trevenant, L89, F|296/296\n|move|p2a: Bronzong|Iron Head|p1a: Trevenant\n|-damage|p1a: Trevenant|209/296\n|\n|-weather|SunnyDay|[upkeep]\n|-heal|p2a: Bronzong|259/261|[from] item: Leftovers\n|upkeep\n|turn|7\n|\n|t:|1781435719\n|switch|p2a: Araquanid|Araquanid, L82, F|246/246\n|move|p1a: Trevenant|Poltergeist|p2a: Araquanid\n|-activate|p2a: Araquanid|move: Poltergeist|Heavy-Duty Boots\n|-damage|p2a: Araquanid|101/246\n|\n|-weather|none\n|upkeep\n|turn|8\n|\n|t:|1781435727\n|move|p1a: Trevenant|Poltergeist|p2a: Araquanid|[miss]\n|-miss|p1a: Trevenant|p2a: Araquanid\n|move|p2a: Araquanid|Sticky Web|p1a: Trevenant\n|-sidestart|p1: Crysys1|move: Sticky Web\n|\n|upkeep\n|turn|9\n|\n|t:|1781435730\n|move|p1a: Trevenant|Poltergeist|p2a: Araquanid\n|-activate|p2a: Araquanid|move: Poltergeist|Heavy-Duty Boots\n|-damage|p2a: Araquanid|0 fnt\n|faint|p2a: Araquanid\n|\n|-fieldend|move: Psychic Terrain\n|upkeep\n|\n|t:|1781435734\n|switch|p2a: Magmortar|Magmortar, L88, M|67/275\n|turn|10\n|\n|t:|1781435738\n|switch|p1a: Chansey|Chansey, L85, F|564/564\n|-activate|p1a: Chansey|move: Sticky Web\n|-unboost|p1a: Chansey|spe|1\n|move|p2a: Magmortar|Fire Blast|p1a: Chansey\n|-damage|p1a: Chansey|470/564\n|-status|p1a: Chansey|brn\n|\n|-damage|p1a: Chansey|435/564 brn|[from] brn\n|upkeep\n|turn|11\n|\n|t:|1781435746\n|move|p2a: Magmortar|Knock Off|p1a: Chansey\n|-crit|p1a: Chansey\n|-damage|p1a: Chansey|192/564 brn\n|-enditem|p1a: Chansey|Eviolite|[from] move: Knock Off|[of] p2a: Magmortar\n|move|p1a: Chansey|Seismic Toss|p2a: Magmortar\n|-damage|p2a: Magmortar|0 fnt\n|faint|p2a: Magmortar\n|\n|-damage|p1a: Chansey|157/564 brn|[from] brn\n|upkeep\n|\n|t:|1781435760\n|switch|p2a: Bronzong|Bronzong, L88|259/261\n|turn|12\n|inactive|Crysys1 has 120 seconds left.\n|\n|t:|1781435794\n|-curestatus|p1a: Chansey|brn|[from] ability: Natural Cure|[silent]\n|switch|p1a: Trevenant|Trevenant, L89, F|209/296\n|-activate|p1a: Trevenant|move: Sticky Web\n|-unboost|p1a: Trevenant|spe|1\n|move|p2a: Bronzong|Iron Head|p1a: Trevenant\n|-crit|p1a: Trevenant\n|-damage|p1a: Trevenant|68/296\n|-enditem|p1a: Trevenant|Sitrus Berry|[eat]\n|-heal|p1a: Trevenant|142/296|[from] item: Sitrus Berry\n|\n|-heal|p2a: Bronzong|261/261|[from] item: Leftovers\n|upkeep\n|turn|13\n|\n|t:|1781435811\n|move|p2a: Bronzong|Hypnosis|p1a: Trevenant\n|-status|p1a: Trevenant|slp|[from] move: Hypnosis\n|cant|p1a: Trevenant|slp\n|\n|-item|p1a: Trevenant|Sitrus Berry|[from] ability: Harvest\n|upkeep\n|-enditem|p1a: Trevenant|Sitrus Berry|[eat]\n|-heal|p1a: Trevenant|216/296 slp|[from] item: Sitrus Berry\n|turn|14\n|inactive|Crysys1 has 90 seconds left.\n|\n|t:|1781435836\n|move|p2a: Bronzong|Psychic Noise|p1a: Trevenant\n|-damage|p1a: Trevenant|141/296 slp\n|-start|p1a: Trevenant|move: Heal Block\n|-curestatus|p1a: Trevenant|slp|[msg]\n|move|p1a: Trevenant|Poltergeist|p2a: Bronzong\n|-activate|p2a: Bronzong|move: Poltergeist|Leftovers\n|-supereffective|p2a: Bronzong\n|-damage|p2a: Bronzong|51/261\n|\n|-heal|p2a: Bronzong|67/261|[from] item: Leftovers\n|upkeep\n|turn|15\n|\n|t:|1781435860\n|move|p2a: Bronzong|Iron Head|p1a: Trevenant\n|-damage|p1a: Trevenant|42/296\n|move|p1a: Trevenant|Poltergeist|p2a: Bronzong\n|-activate|p2a: Bronzong|move: Poltergeist|Leftovers\n|-supereffective|p2a: Bronzong\n|-damage|p2a: Bronzong|0 fnt\n|faint|p2a: Bronzong\n|\n|-end|p1a: Trevenant|move: Heal Block\n|-item|p1a: Trevenant|Sitrus Berry|[from] ability: Harvest\n|upkeep\n|-enditem|p1a: Trevenant|Sitrus Berry|[eat]\n|-heal|p1a: Trevenant|116/296|[from] item: Sitrus Berry\n|\n|t:|1781435864\n|switch|p2a: Polteageist|Polteageist, L78|222/222\n|turn|16\n|\n|t:|1781435875\n|move|p2a: Polteageist|Shadow Ball|p1a: Trevenant\n|-supereffective|p1a: Trevenant\n|-damage|p1a: Trevenant|0 fnt\n|faint|p1a: Trevenant\n|\n|upkeep\n|\n|t:|1781435879\n|switch|p1a: Indeedee|Indeedee-F, L90, F|245/272\n|-activate|p1a: Indeedee|move: Sticky Web\n|-unboost|p1a: Indeedee|spe|1\n|-fieldstart|move: Psychic Terrain|[from] ability: Psychic Surge|[of] p1a: Indeedee\n|turn|17\n|\n|t:|1781435889\n|switch|p2a: Medicham|Medicham, L86, F|243/243\n|move|p1a: Indeedee|Calm Mind|p1a: Indeedee\n|-boost|p1a: Indeedee|spa|1\n|-boost|p1a: Indeedee|spd|1\n|\n|upkeep\n|turn|18\n|inactive|Crysys1 has 120 seconds left.\n|\n|t:|1781435900\n|switch|p1a: Hatterene|Hatterene, L85, F|236/236\n|-activate|p1a: Hatterene|move: Sticky Web\n|-unboost|p1a: Hatterene|spe|1\n|-terastallize|p2a: Medicham|Fighting\n|move|p2a: Medicham|Close Combat|p1a: Hatterene\n|-resisted|p1a: Hatterene\n|-damage|p1a: Hatterene|175/236\n|-unboost|p2a: Medicham|def|1\n|-unboost|p2a: Medicham|spd|1\n|\n|upkeep\n|turn|19\n|inactive|Crysys1 has 120 seconds left.\n|\n|t:|1781435907\n|switch|p2a: Whiscash|Whiscash, L88, M|337/337\n|move|p1a: Hatterene|Psychic|p2a: Whiscash\n|-damage|p2a: Whiscash|154/337\n|\n|-heal|p2a: Whiscash|175/337|[from] item: Leftovers\n|upkeep\n|turn|20\n|\n|t:|1781435911\n|move|p2a: Whiscash|Earthquake|p1a: Hatterene\n|-damage|p1a: Hatterene|75/236\n|move|p1a: Hatterene|Psychic|p2a: Whiscash\n|-damage|p2a: Whiscash|0 fnt\n|faint|p2a: Whiscash\n|\n|upkeep\n|\n|t:|1781435914\n|switch|p2a: Polteageist|Polteageist, L78|222/222\n|turn|21\n|\n|t:|1781435937\n|switch|p2a: Medicham|Medicham, L86, F, tera:Fighting|243/243\n|-terastallize|p1a: Hatterene|Fairy\n|move|p1a: Hatterene|Nuzzle|p2a: Medicham\n|-damage|p2a: Medicham|227/243\n|-status|p2a: Medicham|par\n|\n|-fieldend|move: Psychic Terrain\n|upkeep\n|turn|22\n|j| ezgamer15\n|\n|t:|1781435956\n|switch|p1a: Chansey|Chansey, L85, F|157/564\n|-activate|p1a: Chansey|move: Sticky Web\n|-unboost|p1a: Chansey|spe|1\n|cant|p2a: Medicham|par\n|\n|upkeep\n|turn|23\n|\n|t:|1781435965\n|cant|p2a: Medicham|par\n|move|p1a: Chansey|Soft-Boiled|p1a: Chansey\n|-heal|p1a: Chansey|439/564\n|\n|upkeep\n|turn|24\n|\n|t:|1781435972\n|move|p2a: Medicham|Close Combat|p1a: Chansey\n|-supereffective|p1a: Chansey\n|-damage|p1a: Chansey|0 fnt\n|-unboost|p2a: Medicham|def|1\n|-unboost|p2a: Medicham|spd|1\n|faint|p1a: Chansey\n|\n|upkeep\n|\n|t:|1781435979\n|switch|p1a: Hatterene|Hatterene, L85, F, tera:Fairy|75/236\n|-activate|p1a: Hatterene|move: Sticky Web\n|-unboost|p1a: Hatterene|spe|1\n|turn|25\n|\n|t:|1781435990\n|move|p2a: Medicham|Close Combat|p1a: Hatterene\n|-resisted|p1a: Hatterene\n|-damage|p1a: Hatterene|0 fnt\n|-unboost|p2a: Medicham|def|1\n|-unboost|p2a: Medicham|spd|1\n|faint|p1a: Hatterene\n|\n|upkeep\n|\n|t:|1781435993\n|switch|p1a: Raikou|Raikou, L81|278/278\n|-activate|p1a: Raikou|move: Sticky Web\n|-unboost|p1a: Raikou|spe|1\n|-ability|p1a: Raikou|Pressure\n|turn|26\n|\n|t:|1781435996\n|move|p1a: Raikou|Thunderbolt|p2a: Medicham\n|-damage|p2a: Medicham|11/243 par\n|move|p2a: Medicham|Close Combat|p1a: Raikou\n|-damage|p1a: Raikou|0 fnt\n|-unboost|p2a: Medicham|def|1\n|-unboost|p2a: Medicham|spd|1\n|faint|p1a: Raikou\n|\n|upkeep\n|\n|t:|1781435999\n|switch|p1a: Indeedee|Indeedee-F, L90, F|245/272\n|-activate|p1a: Indeedee|move: Sticky Web\n|-unboost|p1a: Indeedee|spe|1\n|-fieldstart|move: Psychic Terrain|[from] ability: Psychic Surge|[of] p1a: Indeedee\n|turn|27\n|\n|t:|1781436003\n|cant|p2a: Medicham|par\n|move|p1a: Indeedee|Psychic|p2a: Medicham\n|-supereffective|p2a: Medicham\n|-damage|p2a: Medicham|0 fnt\n|faint|p2a: Medicham\n|-damage|p1a: Indeedee|218/272|[from] item: Life Orb\n|\n|upkeep\n|\n|t:|1781436006\n|switch|p2a: Polteageist|Polteageist, L78|222/222\n|turn|28\n|\n|t:|1781436012\n|move|p2a: Polteageist|Shell Smash|p2a: Polteageist\n|-unboost|p2a: Polteageist|def|1\n|-unboost|p2a: Polteageist|spd|1\n|-boost|p2a: Polteageist|atk|2\n|-boost|p2a: Polteageist|spa|2\n|-boost|p2a: Polteageist|spe|2\n|-enditem|p2a: Polteageist|White Herb\n|-clearnegativeboost|p2a: Polteageist|[silent]\n|move|p1a: Indeedee|Calm Mind|p1a: Indeedee\n|-boost|p1a: Indeedee|spa|1\n|-boost|p1a: Indeedee|spd|1\n|\n|upkeep\n|turn|29\n|\n|t:|1781436022\n|move|p2a: Polteageist|Tera Blast|p1a: Indeedee\n|-damage|p1a: Indeedee|146/272\n|move|p1a: Indeedee|Psychic|p2a: Polteageist\n|-damage|p2a: Polteageist|2/222\n|-damage|p1a: Indeedee|119/272|[from] item: Life Orb\n|\n|upkeep\n|turn|30\n|\n|t:|1781436034\n|move|p2a: Polteageist|Tera Blast|p1a: Indeedee\n|-damage|p1a: Indeedee|53/272\n|move|p1a: Indeedee|Psychic|p2a: Polteageist\n|-damage|p2a: Polteageist|0 fnt\n|-start|p1a: Indeedee|Disable|Psychic|[from] ability: Cursed Body|[of] p2a: Polteageist\n|faint|p2a: Polteageist\n|-damage|p1a: Indeedee|26/272|[from] item: Life Orb\n|\n|win|Crysys1\n", "uploadtime": 1781435499, "views": 8, "formatid": "gen9randombattle", "rating": null, "private": 0, "password": null}