{"id": "gen9randombattle-2631789791", "format": "[Gen 9] Random Battle", "players": ["grabschaender", "duuhhao"], "log": "|j|\u2606grabschaender\n|j|\u2606duuhhao\n|t:|1781439989\n|gametype|singles\n|player|p1|grabschaender|candice|2237\n|player|p2|duuhhao|clair|2286\n|gen|9\n|tier|[Gen 9] Random Battle\n|rated|\n|rule|Species Clause: Limit one of each Pok\u00e9mon\n|rule|HP Percentage Mod: HP is shown in percentages\n|rule|Sleep Clause Mod: Limit one foe put to sleep\n|rule|Illusion Level Mod: Illusion disguises the Pok\u00e9mon's true level\n|\n|t:|1781439989\n|teamsize|p1|6\n|teamsize|p2|6\n|start\n|switch|p1a: Duraludon|Duraludon, L82, F|249/249\n|switch|p2a: Scyther|Scyther, L82, M|249/249\n|turn|1\n|\n|t:|1781440000\n|move|p2a: Scyther|Close Combat|p1a: Duraludon\n|-supereffective|p1a: Duraludon\n|-damage|p1a: Duraludon|149/249\n|-unboost|p2a: Scyther|def|1\n|-unboost|p2a: Scyther|spd|1\n|move|p1a: Duraludon|Dragon Tail|p2a: Scyther\n|-damage|p2a: Scyther|152/249\n|drag|p2a: Gumshoos|Gumshoos, L95, M|321/321\n|\n|upkeep\n|turn|2\n|\n|t:|1781440009\n|move|p1a: Duraludon|Body Press|p2a: Gumshoos\n|-supereffective|p2a: Gumshoos\n|-damage|p2a: Gumshoos|181/321\n|move|p2a: Gumshoos|Earthquake|p1a: Duraludon\n|-supereffective|p1a: Duraludon\n|-damage|p1a: Duraludon|0 fnt\n|faint|p1a: Duraludon\n|\n|upkeep\n|\n|t:|1781440013\n|switch|p1a: Vivillon|Vivillon, L83, M|268/268\n|turn|3\n|\n|t:|1781440017\n|switch|p2a: Mamoswine|Mamoswine, L81, F|311/311\n|move|p1a: Vivillon|Quiver Dance|p1a: Vivillon\n|-boost|p1a: Vivillon|spa|1\n|-boost|p1a: Vivillon|spd|1\n|-boost|p1a: Vivillon|spe|1\n|\n|upkeep\n|turn|4\n|\n|t:|1781440026\n|move|p1a: Vivillon|Sleep Powder|p2a: Mamoswine\n|-status|p2a: Mamoswine|slp|[from] move: Sleep Powder\n|cant|p2a: Mamoswine|slp\n|\n|upkeep\n|turn|5\n|\n|t:|1781440029\n|move|p1a: Vivillon|Hurricane|p2a: Mamoswine\n|-damage|p2a: Mamoswine|104/311 slp\n|cant|p2a: Mamoswine|slp\n|\n|upkeep\n|turn|6\n|\n|t:|1781440036\n|switch|p2a: Cetitan|Cetitan, L82, F|413/413\n|move|p1a: Vivillon|Bug Buzz|p2a: Cetitan\n|-damage|p2a: Cetitan|218/413\n|\n|upkeep\n|turn|7\n|\n|t:|1781440045\n|move|p1a: Vivillon|Hurricane|p2a: Cetitan\n|-damage|p2a: Cetitan|0 fnt\n|faint|p2a: Cetitan\n|\n|upkeep\n|\n|t:|1781440053\n|switch|p2a: Gumshoos|Gumshoos, L95, M|181/321\n|turn|8\n|\n|t:|1781440063\n|move|p1a: Vivillon|Hurricane|p2a: Gumshoos\n|-damage|p2a: Gumshoos|0 fnt\n|faint|p2a: Gumshoos\n|\n|upkeep\n|-message|duuhhao forfeited.\n|\n|win|grabschaender\n", "uploadtime": 1781439991, "views": 7, "formatid": "gen9randombattle", "rating": null, "private": 0, "password": null}