{"id": "gen9randombattle-2631804765", "format": "[Gen 9] Random Battle", "players": ["JayClaw", "Alpha Clement"], "log": "|j|\u2606JayClaw\n|j|\u2606Alpha Clement\n|t:|1781442163\n|gametype|singles\n|player|p1|JayClaw|red|2038\n|player|p2|Alpha Clement|lucas|2031\n|gen|9\n|tier|[Gen 9] Random Battle\n|rated|\n|rule|Species Clause: Limit one of each Pok\u00e9mon\n|rule|HP Percentage Mod: HP is shown in percentages\n|rule|Sleep Clause Mod: Limit one foe put to sleep\n|rule|Illusion Level Mod: Illusion disguises the Pok\u00e9mon's true level\n|\n|t:|1781442163\n|teamsize|p1|6\n|teamsize|p2|6\n|start\n|switch|p1a: Gothitelle|Gothitelle, L90, F|272/272\n|switch|p2a: Brute Bonnet|Brute Bonnet, L80|309/309\n|turn|1\n|\n|t:|1781442175\n|switch|p1a: Beartic|Beartic, L91, M|321/321\n|move|p2a: Brute Bonnet|Crunch|p1a: Beartic\n|-damage|p1a: Beartic|221/321\n|\n|upkeep\n|turn|2\n|inactive|Battle timer is ON: inactive players will automatically lose when time's up. (requested by JayClaw)\n|\n|t:|1781442191\n|move|p1a: Beartic|Icicle Crash|p2a: Brute Bonnet\n|-supereffective|p2a: Brute Bonnet\n|-damage|p2a: Brute Bonnet|49/309\n|move|p2a: Brute Bonnet|Close Combat|p1a: Beartic\n|-supereffective|p1a: Beartic\n|-damage|p1a: Beartic|39/321\n|-unboost|p2a: Brute Bonnet|def|1\n|-unboost|p2a: Brute Bonnet|spd|1\n|\n|-heal|p2a: Brute Bonnet|68/309|[from] item: Leftovers\n|upkeep\n|turn|3\n|\n|t:|1781442202\n|move|p2a: Brute Bonnet|Sucker Punch||[still]\n|-fail|p2a: Brute Bonnet\n|move|p1a: Beartic|Swords Dance|p1a: Beartic\n|-boost|p1a: Beartic|atk|2\n|\n|-heal|p2a: Brute Bonnet|87/309|[from] item: Leftovers\n|upkeep\n|turn|4\n|\n|t:|1781442210\n|move|p2a: Brute Bonnet|Sucker Punch||[still]\n|-fail|p2a: Brute Bonnet\n|move|p1a: Beartic|Swords Dance|p1a: Beartic\n|-boost|p1a: Beartic|atk|2\n|\n|-heal|p2a: Brute Bonnet|106/309|[from] item: Leftovers\n|upkeep\n|turn|5\n|\n|t:|1781442220\n|move|p1a: Beartic|Aqua Jet|p2a: Brute Bonnet\n|-resisted|p2a: Brute Bonnet\n|-damage|p2a: Brute Bonnet|17/309\n|move|p2a: Brute Bonnet|Crunch|p1a: Beartic\n|-damage|p1a: Beartic|0 fnt\n|faint|p1a: Beartic\n|\n|-heal|p2a: Brute Bonnet|36/309|[from] item: Leftovers\n|upkeep\n|\n|t:|1781442230\n|switch|p1a: Groudon|Groudon, L72|263/263\n|-weather|SunnyDay|[from] ability: Drought|[of] p1a: Groudon\n|-activate|p2a: Brute Bonnet|ability: Protosynthesis\n|-start|p2a: Brute Bonnet|protosynthesisatk\n|turn|6\n|\n|t:|1781442240\n|-end|p2a: Brute Bonnet|Protosynthesis|[silent]\n|switch|p2a: Hippowdon|Hippowdon, L82, M|311/311\n|-weather|Sandstorm|[from] ability: Sand Stream|[of] p2a: Hippowdon\n|move|p1a: Groudon|Thunder Wave|p2a: Hippowdon\n|-immune|p2a: Hippowdon\n|\n|-weather|Sandstorm|[upkeep]\n|upkeep\n|turn|7\n|\n|t:|1781442250\n|switch|p1a: Gothitelle|Gothitelle, L90, F|272/272\n|move|p2a: Hippowdon|Curse|p2a: Hippowdon\n|-unboost|p2a: Hippowdon|spe|1\n|-boost|p2a: Hippowdon|atk|1\n|-boost|p2a: Hippowdon|def|1\n|\n|-weather|Sandstorm|[upkeep]\n|-damage|p1a: Gothitelle|255/272|[from] Sandstorm\n|-heal|p1a: Gothitelle|272/272|[from] item: Leftovers\n|upkeep\n|turn|8\n|\n|t:|1781442262\n|move|p1a: Gothitelle|Psychic Noise|p2a: Hippowdon\n|-damage|p2a: Hippowdon|200/311\n|-start|p2a: Hippowdon|move: Heal Block\n|move|p2a: Hippowdon|Earthquake|p1a: Gothitelle\n|-damage|p1a: Gothitelle|116/272\n|\n|-weather|Sandstorm|[upkeep]\n|-damage|p1a: Gothitelle|99/272|[from] Sandstorm\n|-heal|p1a: Gothitelle|116/272|[from] item: Leftovers\n|upkeep\n|turn|9\n|\n|t:|1781442273\n|move|p1a: Gothitelle|Psychic Noise|p2a: Hippowdon\n|-damage|p2a: Hippowdon|98/311\n|move|p2a: Hippowdon|Earthquake|p1a: Gothitelle\n|-damage|p1a: Gothitelle|0 fnt\n|faint|p1a: Gothitelle\n|\n|-weather|Sandstorm|[upkeep]\n|-end|p2a: Hippowdon|move: Heal Block\n|upkeep\n|\n|t:|1781442293\n|switch|p1a: Delphox|Delphox, L84, M|263/263\n|turn|10\n|\n|t:|1781442319\n|switch|p2a: Brute Bonnet|Brute Bonnet, L80|36/309\n|move|p1a: Delphox|Fire Blast|p2a: Brute Bonnet\n|-supereffective|p2a: Brute Bonnet\n|-damage|p2a: Brute Bonnet|0 fnt\n|faint|p2a: Brute Bonnet\n|-end|p2a: Brute Bonnet|Protosynthesis|[silent]\n|\n|-weather|none\n|upkeep\n|inactive|Alpha Clement has 120 seconds left.\n|\n|t:|1781442332\n|switch|p2a: Granbull|Granbull, L88, M|302/302\n|-ability|p2a: Granbull|Intimidate|boost\n|-unboost|p1a: Delphox|atk|1\n|turn|11\n|inactive|Alpha Clement has 120 seconds left.\n|\n|t:|1781442356\n|switch|p1a: Groudon|Groudon, L72|263/263\n|-weather|SunnyDay|[from] ability: Drought|[of] p1a: Groudon\n|move|p2a: Granbull|Earthquake|p1a: Groudon\n|-damage|p1a: Groudon|194/263\n|\n|-weather|SunnyDay|[upkeep]\n|-heal|p1a: Groudon|210/263|[from] item: Leftovers\n|upkeep\n|turn|12\n|inactive|Alpha Clement has 120 seconds left.\n|\n|t:|1781442368\n|switch|p2a: Gothitelle|Gothitelle, L90, F|272/272\n|move|p1a: Groudon|Precipice Blades|p2a: Gothitelle\n|-damage|p2a: Gothitelle|154/272\n|\n|-weather|SunnyDay|[upkeep]\n|-heal|p1a: Groudon|226/263|[from] item: Leftovers\n|upkeep\n|turn|13\n|\n|t:|1781442377\n|move|p2a: Gothitelle|Psychic|p1a: Groudon\n|-damage|p1a: Groudon|99/263\n|move|p1a: Groudon|Precipice Blades|p2a: Gothitelle\n|-damage|p2a: Gothitelle|46/272\n|\n|-weather|SunnyDay|[upkeep]\n|-heal|p1a: Groudon|115/263|[from] item: Leftovers\n|upkeep\n|turn|14\n|\n|t:|1781442387\n|move|p2a: Gothitelle|Psychic|p1a: Groudon\n|-damage|p1a: Groudon|0 fnt\n|faint|p1a: Groudon\n|\n|-weather|SunnyDay|[upkeep]\n|upkeep\n|\n|t:|1781442393\n|switch|p1a: Delphox|Delphox, L84, M|263/263\n|turn|15\n|\n|t:|1781442402\n|switch|p2a: Granbull|Granbull, L88, M|302/302\n|-ability|p2a: Granbull|Intimidate|boost\n|-unboost|p1a: Delphox|atk|1\n|move|p1a: Delphox|Psyshock|p2a: Granbull\n|-damage|p2a: Granbull|151/302\n|\n|-weather|none\n|-heal|p2a: Granbull|169/302|[from] item: Leftovers\n|upkeep\n|turn|16\n|\n|t:|1781442414\n|switch|p1a: Torkoal|Torkoal, L88, F|266/266\n|-weather|SunnyDay|[from] ability: Drought|[of] p1a: Torkoal\n|switch|p2a: Copperajah|Copperajah, L86, F|350/350\n|\n|-weather|SunnyDay|[upkeep]\n|upkeep\n|turn|17\n|\n|t:|1781442435\n|move|p2a: Copperajah|Stealth Rock|p1a: Torkoal\n|-sidestart|p1: JayClaw|move: Stealth Rock\n|move|p1a: Torkoal|Lava Plume|p2a: Copperajah\n|-supereffective|p2a: Copperajah\n|-crit|p2a: Copperajah\n|-damage|p2a: Copperajah|0 fnt\n|faint|p2a: Copperajah\n|\n|-weather|SunnyDay|[upkeep]\n|upkeep\n|inactive|Alpha Clement has 120 seconds left.\n|\n|t:|1781442470\n|switch|p2a: Hippowdon|Hippowdon, L82, M|98/311\n|-weather|Sandstorm|[from] ability: Sand Stream|[of] p2a: Hippowdon\n|turn|18\n|\n|t:|1781442481\n|move|p2a: Hippowdon|Slack Off|p2a: Hippowdon\n|-heal|p2a: Hippowdon|254/311\n|move|p1a: Torkoal|Yawn|p2a: Hippowdon\n|-start|p2a: Hippowdon|move: Yawn|[of] p1a: Torkoal\n|\n|-weather|Sandstorm|[upkeep]\n|-damage|p1a: Torkoal|250/266|[from] Sandstorm\n|-heal|p2a: Hippowdon|273/311|[from] item: Leftovers\n|upkeep\n|turn|19\n|\n|t:|1781442495\n|switch|p2a: Granbull|Granbull, L88, M|169/302\n|-ability|p2a: Granbull|Intimidate|boost\n|-unboost|p1a: Torkoal|atk|1\n|move|p1a: Torkoal|Rapid Spin|p2a: Granbull\n|-damage|p2a: Granbull|143/302\n|-boost|p1a: Torkoal|spe|1\n|-sideend|p1: JayClaw|Stealth Rock|[from] move: Rapid Spin|[of] p1a: Torkoal\n|\n|-weather|Sandstorm|[upkeep]\n|-damage|p2a: Granbull|125/302|[from] Sandstorm\n|-damage|p1a: Torkoal|234/266|[from] Sandstorm\n|-heal|p2a: Granbull|143/302|[from] item: Leftovers\n|upkeep\n|turn|20\n|\n|t:|1781442504\n|move|p2a: Granbull|Thunder Wave|p1a: Torkoal\n|-status|p1a: Torkoal|par\n|move|p1a: Torkoal|Yawn|p2a: Granbull\n|-start|p2a: Granbull|move: Yawn|[of] p1a: Torkoal\n|\n|-weather|Sandstorm|[upkeep]\n|-damage|p2a: Granbull|125/302|[from] Sandstorm\n|-damage|p1a: Torkoal|218/266 par|[from] Sandstorm\n|-heal|p2a: Granbull|143/302|[from] item: Leftovers\n|upkeep\n|turn|21\n|\n|t:|1781442516\n|switch|p1a: Delphox|Delphox, L84, M|263/263\n|move|p2a: Granbull|Earthquake|p1a: Delphox\n|-supereffective|p1a: Delphox\n|-damage|p1a: Delphox|45/263\n|\n|-weather|Sandstorm|[upkeep]\n|-damage|p1a: Delphox|29/263|[from] Sandstorm\n|-damage|p2a: Granbull|125/302|[from] Sandstorm\n|-heal|p2a: Granbull|143/302|[from] item: Leftovers\n|-end|p2a: Granbull|move: Yawn|[silent]\n|-status|p2a: Granbull|slp\n|upkeep\n|turn|22\n|inactive|Alpha Clement has 90 seconds left.\n|\n|t:|1781442547\n|move|p1a: Delphox|Fire Blast|p2a: Granbull|[miss]\n|-miss|p1a: Delphox|p2a: Granbull\n|cant|p2a: Granbull|slp\n|\n|-weather|none\n|-heal|p2a: Granbull|161/302 slp|[from] item: Leftovers\n|upkeep\n|turn|23\n|\n|t:|1781442551\n|move|p1a: Delphox|Fire Blast|p2a: Granbull|[miss]\n|-miss|p1a: Delphox|p2a: Granbull\n|-curestatus|p2a: Granbull|slp|[msg]\n|move|p2a: Granbull|Earthquake|p1a: Delphox\n|-supereffective|p1a: Delphox\n|-damage|p1a: Delphox|0 fnt\n|faint|p1a: Delphox\n|\n|-heal|p2a: Granbull|179/302|[from] item: Leftovers\n|upkeep\n|\n|t:|1781442556\n|switch|p1a: Torkoal|Torkoal, L88, F|218/266 par\n|-weather|SunnyDay|[from] ability: Drought|[of] p1a: Torkoal\n|turn|24\n|\n|t:|1781442564\n|move|p2a: Granbull|Earthquake|p1a: Torkoal\n|-supereffective|p1a: Torkoal\n|-damage|p1a: Torkoal|90/266 par\n|move|p1a: Torkoal|Yawn|p2a: Granbull\n|-start|p2a: Granbull|move: Yawn|[of] p1a: Torkoal\n|\n|-weather|SunnyDay|[upkeep]\n|-heal|p2a: Granbull|197/302|[from] item: Leftovers\n|upkeep\n|turn|25\n|\n|t:|1781442587\n|move|p2a: Granbull|Play Rough|p1a: Torkoal\n|-resisted|p1a: Torkoal\n|-damage|p1a: Torkoal|51/266 par\n|cant|p1a: Torkoal|par\n|\n|-weather|SunnyDay|[upkeep]\n|-heal|p2a: Granbull|215/302|[from] item: Leftovers\n|-end|p2a: Granbull|move: Yawn|[silent]\n|-status|p2a: Granbull|slp\n|upkeep\n|turn|26\n|inactive|Alpha Clement has 90 seconds left.\n|\n|t:|1781442610\n|switch|p2a: Hippowdon|Hippowdon, L82, M|273/311\n|-weather|Sandstorm|[from] ability: Sand Stream|[of] p2a: Hippowdon\n|move|p1a: Torkoal|Lava Plume|p2a: Hippowdon\n|-damage|p2a: Hippowdon|168/311\n|\n|-weather|Sandstorm|[upkeep]\n|-damage|p1a: Torkoal|35/266 par|[from] Sandstorm\n|-heal|p2a: Hippowdon|187/311|[from] item: Leftovers\n|upkeep\n|turn|27\n|inactive|Alpha Clement has 90 seconds left.\n|\n|t:|1781442620\n|move|p2a: Hippowdon|Earthquake|p1a: Torkoal\n|-supereffective|p1a: Torkoal\n|-damage|p1a: Torkoal|0 fnt\n|faint|p1a: Torkoal\n|\n|-weather|Sandstorm|[upkeep]\n|-heal|p2a: Hippowdon|206/311|[from] item: Leftovers\n|upkeep\n|\n|t:|1781442623\n|switch|p1a: Haxorus|Haxorus, L77, M|244/244\n|-ability|p1a: Haxorus|Mold Breaker\n|turn|28\n|\n|t:|1781442633\n|move|p1a: Haxorus|Swords Dance|p1a: Haxorus\n|-boost|p1a: Haxorus|atk|2\n|move|p2a: Hippowdon|Curse|p2a: Hippowdon\n|-unboost|p2a: Hippowdon|spe|1\n|-boost|p2a: Hippowdon|atk|1\n|-boost|p2a: Hippowdon|def|1\n|\n|-weather|Sandstorm|[upkeep]\n|-damage|p1a: Haxorus|229/244|[from] Sandstorm\n|-heal|p2a: Hippowdon|225/311|[from] item: Leftovers\n|upkeep\n|turn|29\n|\n|t:|1781442648\n|move|p1a: Haxorus|Swords Dance|p1a: Haxorus\n|-boost|p1a: Haxorus|atk|2\n|move|p2a: Hippowdon|Slack Off|p2a: Hippowdon\n|-heal|p2a: Hippowdon|311/311\n|\n|-weather|Sandstorm|[upkeep]\n|-damage|p1a: Haxorus|214/244|[from] Sandstorm\n|upkeep\n|turn|30\n|\n|t:|1781442658\n|move|p1a: Haxorus|Iron Head|p2a: Hippowdon\n|-damage|p2a: Hippowdon|202/311\n|cant|p2a: Hippowdon|flinch\n|\n|-weather|none\n|-heal|p2a: Hippowdon|221/311|[from] item: Leftovers\n|upkeep\n|turn|31\n|inactive|Alpha Clement has 90 seconds left.\n|\n|t:|1781442687\n|switch|p2a: Granbull|Granbull, L88, M|215/302 slp\n|-ability|p2a: Granbull|Intimidate|boost\n|-unboost|p1a: Haxorus|atk|1\n|move|p1a: Haxorus|Scale Shot|p2a: Granbull\n|-immune|p2a: Granbull\n|\n|-heal|p2a: Granbull|233/302 slp|[from] item: Leftovers\n|upkeep\n|turn|32\n|inactive|Alpha Clement has 90 seconds left.\n|\n|t:|1781442696\n|move|p1a: Haxorus|Swords Dance|p1a: Haxorus\n|-boost|p1a: Haxorus|atk|2\n|cant|p2a: Granbull|slp\n|\n|-heal|p2a: Granbull|251/302 slp|[from] item: Leftovers\n|upkeep\n|turn|33\n|\n|t:|1781442699\n|move|p1a: Haxorus|Iron Head|p2a: Granbull\n|-supereffective|p2a: Granbull\n|-damage|p2a: Granbull|0 fnt\n|faint|p2a: Granbull\n|\n|upkeep\n|\n|t:|1781442703\n|switch|p2a: Gothitelle|Gothitelle, L90, F|46/272\n|turn|34\n|\n|t:|1781442715\n|move|p2a: Gothitelle|Trick|p1a: Haxorus\n|-activate|p2a: Gothitelle|move: Trick|[of] p1a: Haxorus\n|-item|p1a: Haxorus|Choice Scarf|[from] move: Trick\n|-item|p2a: Gothitelle|Loaded Dice|[from] move: Trick\n|move|p1a: Haxorus|Iron Head|p2a: Gothitelle\n|-damage|p2a: Gothitelle|0 fnt\n|faint|p2a: Gothitelle\n|\n|upkeep\n|\n|t:|1781442724\n|switch|p2a: Hippowdon|Hippowdon, L82, M|221/311\n|-weather|Sandstorm|[from] ability: Sand Stream|[of] p2a: Hippowdon\n|turn|35\n|\n|t:|1781442733\n|move|p1a: Haxorus|Iron Head|p2a: Hippowdon\n|-damage|p2a: Hippowdon|41/311\n|move|p2a: Hippowdon|Curse|p2a: Hippowdon\n|-unboost|p2a: Hippowdon|spe|1\n|-boost|p2a: Hippowdon|atk|1\n|-boost|p2a: Hippowdon|def|1\n|\n|-weather|Sandstorm|[upkeep]\n|-damage|p1a: Haxorus|199/244|[from] Sandstorm\n|-heal|p2a: Hippowdon|60/311|[from] item: Leftovers\n|upkeep\n|turn|36\n|\n|t:|1781442739\n|move|p1a: Haxorus|Iron Head|p2a: Hippowdon\n|-damage|p2a: Hippowdon|0 fnt\n|faint|p2a: Hippowdon\n|\n|-weather|Sandstorm|[upkeep]\n|-damage|p1a: Haxorus|184/244|[from] Sandstorm\n|upkeep\n|\n|t:|1781442742\n|switch|p2a: Polteageist|Polteageist-Antique, L78|222/222\n|turn|37\n|-message|Alpha Clement forfeited.\n|\n|win|JayClaw\n", "uploadtime": 1781442165, "views": 3, "formatid": "gen9randombattle", "rating": null, "private": 0, "password": null}