{"id": "gen9randombattle-2631877664", "format": "[Gen 9] Random Battle", "players": ["Datboydougy", "Breachingtrout"], "log": "|j|\u203dDatboydougy\n|j|\u2606Breachingtrout\n|t:|1781451107\n|gametype|singles\n|player|p1|Datboydougy|265|2200\n|player|p2|Breachingtrout|1|2267\n|gen|9\n|tier|[Gen 9] Random Battle\n|rated|\n|rule|Species Clause: Limit one of each Pok\u00e9mon\n|rule|HP Percentage Mod: HP is shown in percentages\n|rule|Sleep Clause Mod: Limit one foe put to sleep\n|rule|Illusion Level Mod: Illusion disguises the Pok\u00e9mon's true level\n|\n|t:|1781451107\n|teamsize|p1|6\n|teamsize|p2|6\n|start\n|switch|p1a: Victreebel|Victreebel, L90, M|290/290\n|switch|p2a: Drednaw|Drednaw, L81, F|278/278\n|turn|1\n|\n|t:|1781451127\n|switch|p2a: Probopass|Probopass, L91, F|257/257\n|move|p1a: Victreebel|Power Whip|p2a: Probopass\n|-damage|p2a: Probopass|128/257\n|-damage|p1a: Victreebel|261/290|[from] item: Life Orb\n|\n|-heal|p2a: Probopass|144/257|[from] item: Leftovers\n|upkeep\n|turn|2\n|\n|t:|1781451143\n|move|p1a: Victreebel|Knock Off|p2a: Probopass\n|-damage|p2a: Probopass|73/257\n|-enditem|p2a: Probopass|Leftovers|[from] move: Knock Off|[of] p1a: Victreebel\n|-damage|p1a: Victreebel|232/290|[from] item: Life Orb\n|move|p2a: Probopass|Thunder Wave|p1a: Victreebel\n|-status|p1a: Victreebel|par\n|\n|upkeep\n|turn|3\n|\n|t:|1781451157\n|move|p2a: Probopass|Iron Defense|p2a: Probopass\n|-boost|p2a: Probopass|def|2\n|move|p1a: Victreebel|Power Whip|p2a: Probopass\n|-damage|p2a: Probopass|7/257\n|-damage|p1a: Victreebel|203/290 par|[from] item: Life Orb\n|\n|upkeep\n|turn|4\n|\n|t:|1781451168\n|switch|p1a: Lumineon|Lumineon, L93, M|279/279\n|move|p2a: Probopass|Body Press|p1a: Lumineon\n|-damage|p1a: Lumineon|101/279\n|\n|upkeep\n|turn|5\n|\n|t:|1781451174\n|switch|p2a: Tentacruel|Tentacruel, L84, M|272/272\n|move|p1a: Lumineon|Ice Beam|p2a: Tentacruel\n|-resisted|p2a: Tentacruel\n|-damage|p2a: Tentacruel|243/272\n|-damage|p1a: Lumineon|74/279|[from] item: Life Orb\n|\n|-heal|p2a: Tentacruel|260/272|[from] item: Leftovers\n|upkeep\n|turn|6\n|\n|t:|1781451195\n|switch|p1a: Duraludon|Duraludon, L82, F|249/249\n|move|p2a: Tentacruel|Sludge Bomb|p1a: Duraludon\n|-immune|p1a: Duraludon\n|\n|-heal|p2a: Tentacruel|272/272|[from] item: Leftovers\n|upkeep\n|turn|7\n|\n|t:|1781451204\n|switch|p2a: Gurdurr|Gurdurr, L85, F|283/283\n|move|p1a: Duraludon|Stealth Rock|p2a: Gurdurr\n|-sidestart|p2: Breachingtrout|move: Stealth Rock\n|\n|upkeep\n|turn|8\n|\n|t:|1781451220\n|switch|p1a: Victreebel|Victreebel, L90, M|203/290 par\n|move|p2a: Gurdurr|Bulk Up|p2a: Gurdurr\n|-boost|p2a: Gurdurr|atk|1\n|-boost|p2a: Gurdurr|def|1\n|\n|upkeep\n|turn|9\n|\n|t:|1781451224\n|move|p2a: Gurdurr|Bulk Up|p2a: Gurdurr\n|-boost|p2a: Gurdurr|atk|1\n|-boost|p2a: Gurdurr|def|1\n|cant|p1a: Victreebel|par\n|\n|upkeep\n|turn|10\n|\n|t:|1781451238\n|move|p2a: Gurdurr|Bulk Up|p2a: Gurdurr\n|-boost|p2a: Gurdurr|atk|1\n|-boost|p2a: Gurdurr|def|1\n|cant|p1a: Victreebel|par\n|\n|upkeep\n|turn|11\n|\n|t:|1781451244\n|move|p2a: Gurdurr|Knock Off|p1a: Victreebel\n|-damage|p1a: Victreebel|0 fnt\n|-enditem|p1a: Victreebel|Life Orb|[from] move: Knock Off|[of] p2a: Gurdurr\n|faint|p1a: Victreebel\n|\n|upkeep\n|\n|t:|1781451253\n|switch|p1a: Lumineon|Lumineon, L93, M|74/279\n|turn|12\n|\n|t:|1781451260\n|-terastallize|p1a: Lumineon|Fairy\n|move|p2a: Gurdurr|Mach Punch|p1a: Lumineon\n|-resisted|p1a: Lumineon\n|-damage|p1a: Lumineon|15/279\n|move|p1a: Lumineon|Alluring Voice|p2a: Gurdurr\n|-supereffective|p2a: Gurdurr\n|-crit|p2a: Gurdurr\n|-damage|p2a: Gurdurr|0 fnt\n|faint|p2a: Gurdurr\n|-damage|p1a: Lumineon|0 fnt|[from] item: Life Orb\n|faint|p1a: Lumineon\n|\n|upkeep\n|\n|t:|1781451277\n|switch|p1a: Decidueye|Decidueye, L88, M|281/281\n|switch|p2a: Koraidon|Koraidon, L64|235/235\n|-damage|p2a: Koraidon|221/235|[from] Stealth Rock\n|-weather|SunnyDay|[from] ability: Orichalcum Pulse|[of] p2a: Koraidon\n|-activate|p2a: Koraidon|Orichalcum Pulse|[source]\n|turn|13\n|\n|t:|1781451296\n|switch|p1a: Heatran|Heatran, L79, M|273/273\n|move|p2a: Koraidon|Flare Blitz|p1a: Heatran\n|-start|p1a: Heatran|ability: Flash Fire\n|\n|-weather|SunnyDay|[upkeep]\n|upkeep\n|turn|14\n|\n|t:|1781451303\n|switch|p2a: Probopass|Probopass, L91, F|7/257\n|-damage|p2a: Probopass|0 fnt|[from] Stealth Rock\n|faint|p2a: Probopass\n|move|p1a: Heatran|Magma Storm|p2: Probopass|[notarget]\n|-fail|p1a: Heatran\n|\n|-weather|SunnyDay|[upkeep]\n|upkeep\n|\n|t:|1781451312\n|switch|p2a: Drednaw|Drednaw, L81, F|278/278\n|-damage|p2a: Drednaw|244/278|[from] Stealth Rock\n|turn|15\n|\n|t:|1781451325\n|move|p1a: Heatran|Lava Plume|p2a: Drednaw\n|-resisted|p2a: Drednaw\n|-damage|p2a: Drednaw|183/278\n|-status|p2a: Drednaw|brn\n|move|p2a: Drednaw|Stone Edge|p1a: Heatran\n|-damage|p1a: Heatran|224/273\n|\n|-weather|SunnyDay|[upkeep]\n|-damage|p2a: Drednaw|166/278 brn|[from] brn\n|upkeep\n|turn|16\n|\n|t:|1781451345\n|-end|p1a: Heatran|ability: Flash Fire|[silent]\n|switch|p1a: Decidueye|Decidueye, L88, M|281/281\n|move|p2a: Drednaw|Earthquake|p1a: Decidueye\n|-resisted|p1a: Decidueye\n|-damage|p1a: Decidueye|262/281\n|\n|-weather|SunnyDay|[upkeep]\n|-damage|p2a: Drednaw|149/278 brn|[from] brn\n|upkeep\n|turn|17\n|inactive|Battle timer is ON: inactive players will automatically lose when time's up. (requested by Datboydougy)\n|\n|t:|1781451357\n|move|p1a: Decidueye|Leaf Storm|p2a: Drednaw\n|-supereffective|p2a: Drednaw\n|-damage|p2a: Drednaw|0 fnt\n|-unboost|p1a: Decidueye|spa|2\n|faint|p2a: Drednaw\n|\n|-weather|none\n|upkeep\n|\n|t:|1781451378\n|switch|p2a: Cinccino|Cinccino, L83, M|260/260\n|-damage|p2a: Cinccino|228/260|[from] Stealth Rock\n|turn|18\n|\n|t:|1781451386\n|move|p2a: Cinccino|Tidy Up|p2a: Cinccino\n|-sideend|p2: Breachingtrout|Stealth Rock\n|-activate|p2a: Cinccino|move: Tidy Up\n|-boost|p2a: Cinccino|atk|1\n|-boost|p2a: Cinccino|spe|1\n|move|p1a: Decidueye|Knock Off|p2a: Cinccino\n|-damage|p2a: Cinccino|122/260\n|-enditem|p2a: Cinccino|Loaded Dice|[from] move: Knock Off|[of] p1a: Decidueye\n|\n|upkeep\n|turn|19\n|\n|t:|1781451398\n|switch|p1a: Duraludon|Duraludon, L82, F|249/249\n|move|p2a: Cinccino|Triple Axel|p1a: Duraludon|[miss]\n|-miss|p2a: Cinccino|p1a: Duraludon\n|\n|upkeep\n|turn|20\n|-message|Breachingtrout forfeited.\n|\n|win|Datboydougy\n", "uploadtime": 1781451109, "views": 4, "formatid": "gen9randombattle", "rating": null, "private": 0, "password": null}