{"id": "gen9randombattle-2631422115", "format": "[Gen 9] Random Battle", "players": ["II Armando II", "JayCroc"], "log": "|j|\u2606II Armando II\n|j|\u2606JayCroc\n|t:|1781382708\n|gametype|singles\n|player|p1|II Armando II|hilbert|2135\n|player|p2|JayCroc|ivor|2097\n|gen|9\n|tier|[Gen 9] Random Battle\n|rated|\n|rule|Species Clause: Limit one of each Pok\u00e9mon\n|rule|HP Percentage Mod: HP is shown in percentages\n|rule|Sleep Clause Mod: Limit one foe put to sleep\n|rule|Illusion Level Mod: Illusion disguises the Pok\u00e9mon's true level\n|\n|t:|1781382708\n|teamsize|p1|6\n|teamsize|p2|6\n|start\n|switch|p1a: Chesnaught|Chesnaught, L84, M|285/285\n|switch|p2a: Basculin|Basculin-Blue-Striped, L86, F|261/261\n|turn|1\n|\n|t:|1781382715\n|move|p2a: Basculin|Flip Turn|p1a: Chesnaught\n|-resisted|p1a: Chesnaught\n|-damage|p1a: Chesnaught|234/285\n|\n|t:|1781382718\n|switch|p2a: Calyrex|Calyrex, L93|337/337|[from] Flip Turn\n|-ability|p2a: Calyrex|Unnerve\n|move|p1a: Chesnaught|Knock Off|p2a: Calyrex\n|-supereffective|p2a: Calyrex\n|-damage|p2a: Calyrex|187/337\n|-enditem|p2a: Calyrex|Leftovers|[from] move: Knock Off|[of] p1a: Chesnaught\n|\n|-heal|p1a: Chesnaught|251/285|[from] item: Leftovers\n|upkeep\n|turn|2\n|\n|t:|1781382740\n|switch|p1a: Azelf|Azelf, L82|257/257\n|move|p2a: Calyrex|Giga Drain|p1a: Azelf\n|-damage|p1a: Azelf|158/257\n|-heal|p2a: Calyrex|237/337|[from] drain|[of] p1a: Azelf\n|\n|upkeep\n|turn|3\n|\n|t:|1781382748\n|move|p1a: Azelf|U-turn|p2a: Calyrex\n|-supereffective|p2a: Calyrex\n|-damage|p2a: Calyrex|0 fnt\n|faint|p2a: Calyrex\n|-damage|p1a: Azelf|133/257|[from] item: Life Orb\n|\n|t:|1781382754\n|switch|p1a: Brambleghast|Brambleghast, L88, M|240/240|[from] U-turn\n|\n|upkeep\n|\n|t:|1781382758\n|switch|p2a: Entei|Entei, L78|307/307\n|turn|4\n|\n|t:|1781382770\n|switch|p1a: Azelf|Azelf, L82|133/257\n|move|p2a: Entei|Sacred Fire|p1a: Azelf\n|-damage|p1a: Azelf|0 fnt\n|faint|p1a: Azelf\n|\n|upkeep\n|\n|t:|1781382773\n|switch|p1a: Iron Bundle|Iron Bundle, L78|215/215\n|turn|5\n|\n|t:|1781382784\n|switch|p2a: Basculin|Basculin-Blue-Striped, L86, F|261/261\n|move|p1a: Iron Bundle|Hydro Pump|p2a: Basculin\n|-resisted|p2a: Basculin\n|-damage|p2a: Basculin|172/261\n|\n|upkeep\n|turn|6\n|\n|t:|1781382796\n|switch|p2a: Emboar|Emboar, L84, F|322/322\n|move|p1a: Iron Bundle|Freeze-Dry|p2a: Emboar\n|-resisted|p2a: Emboar\n|-damage|p2a: Emboar|272/322\n|\n|upkeep\n|turn|7\n|\n|t:|1781382805\n|-terastallize|p1a: Iron Bundle|Water\n|move|p1a: Iron Bundle|Hydro Pump|p2a: Emboar|[miss]\n|-miss|p1a: Iron Bundle|p2a: Emboar\n|move|p2a: Emboar|Close Combat|p1a: Iron Bundle\n|-damage|p1a: Iron Bundle|88/215\n|-unboost|p2a: Emboar|def|1\n|-unboost|p2a: Emboar|spd|1\n|\n|upkeep\n|turn|8\n|\n|t:|1781382816\n|switch|p2a: Basculin|Basculin-Blue-Striped, L86, F|172/261\n|move|p1a: Iron Bundle|Hydro Pump|p2a: Basculin\n|-resisted|p2a: Basculin\n|-damage|p2a: Basculin|50/261\n|\n|upkeep\n|turn|9\n|\n|t:|1781382822\n|move|p2a: Basculin|Aqua Jet|p1a: Iron Bundle\n|-resisted|p1a: Iron Bundle\n|-damage|p1a: Iron Bundle|49/215\n|move|p1a: Iron Bundle|Ice Beam|p2a: Basculin\n|-resisted|p2a: Basculin\n|-damage|p2a: Basculin|0 fnt\n|faint|p2a: Basculin\n|\n|upkeep\n|\n|t:|1781382829\n|switch|p2a: Entei|Entei, L78|307/307\n|turn|10\n|\n|t:|1781382850\n|-end|p1a: Iron Bundle|Quark Drive|[silent]\n|switch|p1a: Brambleghast|Brambleghast, L88, M|240/240\n|move|p2a: Entei|Extreme Speed|p1a: Brambleghast\n|-immune|p1a: Brambleghast\n|\n|upkeep\n|turn|11\n|\n|t:|1781382857\n|switch|p2a: Masquerain|Masquerain, L87, F|264/264\n|-ability|p2a: Masquerain|Intimidate|boost\n|-unboost|p1a: Brambleghast|atk|1\n|move|p1a: Brambleghast|Spikes|p2a: Masquerain\n|-sidestart|p2: JayCroc|Spikes\n|\n|upkeep\n|turn|12\n|\n|t:|1781382904\n|switch|p1a: Carbink|Carbink, L90|236/236\n|move|p2a: Masquerain|Quiver Dance|p2a: Masquerain\n|-boost|p2a: Masquerain|spa|1\n|-boost|p2a: Masquerain|spd|1\n|-boost|p2a: Masquerain|spe|1\n|\n|upkeep\n|turn|13\n|\n|t:|1781382915\n|move|p2a: Masquerain|Hydro Pump|p1a: Carbink|[miss]\n|-miss|p2a: Masquerain|p1a: Carbink\n|move|p1a: Carbink|Moonblast|p2a: Masquerain\n|-damage|p2a: Masquerain|212/264\n|\n|upkeep\n|turn|14\n|\n|t:|1781382921\n|move|p2a: Masquerain|Quiver Dance|p2a: Masquerain\n|-boost|p2a: Masquerain|spa|1\n|-boost|p2a: Masquerain|spd|1\n|-boost|p2a: Masquerain|spe|1\n|move|p1a: Carbink|Moonblast|p2a: Masquerain\n|-damage|p2a: Masquerain|178/264\n|\n|upkeep\n|turn|15\n|\n|t:|1781382927\n|move|p2a: Masquerain|Hydro Pump|p1a: Carbink\n|-supereffective|p1a: Carbink\n|-damage|p1a: Carbink|30/236\n|move|p1a: Carbink|Moonblast|p2a: Masquerain\n|-damage|p2a: Masquerain|138/264\n|\n|-heal|p1a: Carbink|44/236|[from] item: Leftovers\n|upkeep\n|turn|16\n|\n|t:|1781382934\n|move|p2a: Masquerain|Bug Buzz|p1a: Carbink\n|-resisted|p1a: Carbink\n|-damage|p1a: Carbink|0 fnt\n|faint|p1a: Carbink\n|\n|upkeep\n|\n|t:|1781382946\n|switch|p1a: Brambleghast|Brambleghast, L88, M|240/240\n|turn|17\n|\n|t:|1781382949\n|move|p2a: Masquerain|Bug Buzz|p1a: Brambleghast\n|-damage|p1a: Brambleghast|11/240\n|move|p1a: Brambleghast|Poltergeist|p2a: Masquerain\n|-activate|p2a: Masquerain|move: Poltergeist|Heavy-Duty Boots\n|-damage|p2a: Masquerain|0 fnt\n|faint|p2a: Masquerain\n|\n|upkeep\n|\n|t:|1781382956\n|switch|p2a: Emboar|Emboar, L84, F|272/322\n|-damage|p2a: Emboar|232/322|[from] Spikes\n|turn|18\n|\n|t:|1781382963\n|switch|p1a: Chesnaught|Chesnaught, L84, M|251/285\n|move|p2a: Emboar|Flare Blitz|p1a: Chesnaught\n|-supereffective|p1a: Chesnaught\n|-damage|p1a: Chesnaught|0 fnt\n|faint|p1a: Chesnaught\n|-damage|p2a: Emboar|149/322|[from] Recoil\n|\n|upkeep\n|\n|t:|1781382968\n|switch|p1a: Iron Bundle|Iron Bundle, L78, tera:Water|49/215\n|turn|19\n|\n|t:|1781382974\n|move|p1a: Iron Bundle|Hydro Pump|p2a: Emboar\n|-supereffective|p2a: Emboar\n|-damage|p2a: Emboar|0 fnt\n|faint|p2a: Emboar\n|\n|upkeep\n|\n|t:|1781382979\n|switch|p2a: Gliscor|Gliscor, L76, F|239/239\n|turn|20\n|\n|t:|1781382986\n|-terastallize|p2a: Gliscor|Water\n|move|p1a: Iron Bundle|Freeze-Dry|p2a: Gliscor\n|-supereffective|p2a: Gliscor\n|-damage|p2a: Gliscor|27/239\n|move|p2a: Gliscor|Earthquake|p1a: Iron Bundle\n|-damage|p1a: Iron Bundle|0 fnt\n|faint|p1a: Iron Bundle\n|-end|p1a: Iron Bundle|Quark Drive|[silent]\n|\n|-status|p2a: Gliscor|tox|[from] item: Toxic Orb\n|upkeep\n|\n|t:|1781382995\n|switch|p1a: Dodrio|Dodrio, L85, F|241/241\n|turn|21\n|\n|t:|1781383002\n|move|p2a: Gliscor|Protect|p2a: Gliscor\n|-singleturn|p2a: Gliscor|Protect\n|move|p1a: Dodrio|Brave Bird|p2a: Gliscor\n|-activate|p2a: Gliscor|move: Protect\n|\n|-heal|p2a: Gliscor|56/239 tox|[from] ability: Poison Heal\n|upkeep\n|turn|22\n|\n|t:|1781383010\n|move|p1a: Dodrio|Brave Bird|p2a: Gliscor\n|-damage|p2a: Gliscor|0 fnt\n|faint|p2a: Gliscor\n|-damage|p1a: Dodrio|223/241|[from] Recoil\n|\n|upkeep\n|\n|t:|1781383015\n|switch|p2a: Entei|Entei, L78|307/307\n|-damage|p2a: Entei|269/307|[from] Spikes\n|turn|23\n|\n|t:|1781383019\n|move|p1a: Dodrio|Brave Bird|p2a: Entei\n|-damage|p2a: Entei|98/307\n|-damage|p1a: Dodrio|167/241|[from] Recoil\n|move|p2a: Entei|Sacred Fire|p1a: Dodrio\n|-damage|p1a: Dodrio|0 fnt\n|faint|p1a: Dodrio\n|\n|upkeep\n|\n|t:|1781383025\n|switch|p1a: Brambleghast|Brambleghast, L88, M|11/240\n|turn|24\n|\n|t:|1781383028\n|move|p1a: Brambleghast|Poltergeist|p2a: Entei\n|-activate|p2a: Entei|move: Poltergeist|Choice Band\n|-damage|p2a: Entei|0 fnt\n|faint|p2a: Entei\n|\n|win|II Armando II\n", "uploadtime": 1781382710, "views": 8, "formatid": "gen9randombattle", "rating": null, "private": 0, "password": null}