{"id": "gen9randombattle-2631410725", "format": "[Gen 9] Random Battle", "players": ["rhdz21", "opik8"], "log": "|j|\u2606rhdz21\n|j|\u2606opik8\n|t:|1781381343\n|gametype|singles\n|player|p1|rhdz21|266|1940\n|player|p2|opik8|colress|2000\n|gen|9\n|tier|[Gen 9] Random Battle\n|rated|\n|rule|Species Clause: Limit one of each Pok\u00e9mon\n|rule|HP Percentage Mod: HP is shown in percentages\n|rule|Sleep Clause Mod: Limit one foe put to sleep\n|rule|Illusion Level Mod: Illusion disguises the Pok\u00e9mon's true level\n|\n|t:|1781381343\n|teamsize|p1|6\n|teamsize|p2|6\n|start\n|switch|p1a: Toucannon|Toucannon, L88, F|284/284\n|switch|p2a: Virizion|Virizion, L82|283/283\n|turn|1\n|\n|t:|1781381359\n|switch|p2a: Slowbro|Slowbro-Galar, L87, F|307/307\n|-singleturn|p1a: Toucannon|move: Beak Blast\n|move|p1a: Toucannon|Beak Blast|p2a: Slowbro\n|-crit|p2a: Slowbro\n|-damage|p2a: Slowbro|112/307\n|\n|upkeep\n|turn|2\n|\n|t:|1781381366\n|switch|p2a: Azumarill|Azumarill, L82, M|298/298\n|move|p1a: Toucannon|Knock Off|p2a: Azumarill\n|-resisted|p2a: Azumarill\n|-damage|p2a: Azumarill|246/298\n|-enditem|p2a: Azumarill|Choice Band|[from] move: Knock Off|[of] p1a: Toucannon\n|\n|upkeep\n|turn|3\n|inactive|Battle timer is ON: inactive players will automatically lose when time's up. (requested by opik8)\n|\n|t:|1781381374\n|-singleturn|p1a: Toucannon|move: Beak Blast\n|move|p2a: Azumarill|Liquidation|p1a: Toucannon\n|-crit|p1a: Toucannon\n|-damage|p1a: Toucannon|119/284\n|-status|p2a: Azumarill|brn\n|-unboost|p1a: Toucannon|def|1\n|move|p1a: Toucannon|Beak Blast|p2a: Azumarill\n|-damage|p2a: Azumarill|107/298 brn\n|\n|-damage|p2a: Azumarill|89/298 brn|[from] brn\n|upkeep\n|turn|4\n|\n|t:|1781381387\n|move|p1a: Toucannon|Roost|p1a: Toucannon\n|-heal|p1a: Toucannon|261/284\n|-singleturn|p1a: Toucannon|move: Roost\n|move|p2a: Azumarill|Liquidation|p1a: Toucannon\n|-damage|p1a: Toucannon|177/284\n|-unboost|p1a: Toucannon|def|1\n|\n|-damage|p2a: Azumarill|71/298 brn|[from] brn\n|upkeep\n|turn|5\n|\n|t:|1781381399\n|switch|p1a: Floatzel|Floatzel, L86, F|286/286\n|move|p2a: Azumarill|Liquidation|p1a: Floatzel\n|-resisted|p1a: Floatzel\n|-damage|p1a: Floatzel|252/286\n|\n|-heal|p1a: Floatzel|269/286|[from] item: Leftovers\n|-damage|p2a: Azumarill|53/298 brn|[from] brn\n|upkeep\n|turn|6\n|\n|t:|1781381409\n|move|p1a: Floatzel|Bulk Up|p1a: Floatzel\n|-boost|p1a: Floatzel|atk|1\n|-boost|p1a: Floatzel|def|1\n|move|p2a: Azumarill|Knock Off|p1a: Floatzel\n|-crit|p1a: Floatzel\n|-damage|p1a: Floatzel|185/286\n|-enditem|p1a: Floatzel|Leftovers|[from] move: Knock Off|[of] p2a: Azumarill\n|\n|-damage|p2a: Azumarill|35/298 brn|[from] brn\n|upkeep\n|turn|7\n|\n|t:|1781381420\n|move|p1a: Floatzel|Bulk Up|p1a: Floatzel\n|-boost|p1a: Floatzel|atk|1\n|-boost|p1a: Floatzel|def|1\n|move|p2a: Azumarill|Play Rough|p1a: Floatzel\n|-damage|p1a: Floatzel|146/286\n|\n|-damage|p2a: Azumarill|17/298 brn|[from] brn\n|upkeep\n|turn|8\n|\n|t:|1781381428\n|move|p1a: Floatzel|Bulk Up|p1a: Floatzel\n|-boost|p1a: Floatzel|atk|1\n|-boost|p1a: Floatzel|def|1\n|move|p2a: Azumarill|Play Rough|p1a: Floatzel|[miss]\n|-miss|p2a: Azumarill|p1a: Floatzel\n|\n|-damage|p2a: Azumarill|0 fnt|[from] brn\n|faint|p2a: Azumarill\n|upkeep\n|\n|t:|1781381430\n|switch|p2a: Grumpig|Grumpig, L92, F|297/297\n|turn|9\n|\n|t:|1781381441\n|move|p2a: Grumpig|Shadow Ball|p1a: Floatzel\n|-damage|p1a: Floatzel|56/286\n|move|p1a: Floatzel|Wave Crash|p2a: Grumpig\n|-damage|p2a: Grumpig|0 fnt\n|faint|p2a: Grumpig\n|-damage|p1a: Floatzel|0 fnt|[from] Recoil\n|faint|p1a: Floatzel\n|\n|upkeep\n|inactive|rhdz21 has 120 seconds left.\n|\n|t:|1781381467\n|switch|p1a: Overqwil|Overqwil, L82, M|274/274\n|switch|p2a: Virizion|Virizion, L82|283/283\n|-ability|p1a: Overqwil|Intimidate|boost\n|-unboost|p2a: Virizion|atk|1\n|turn|10\n|\n|t:|1781381479\n|switch|p2a: Slowbro|Slowbro-Galar, L87, F|214/307\n|move|p1a: Overqwil|Gunk Shot|p2a: Slowbro\n|-resisted|p2a: Slowbro\n|-damage|p2a: Slowbro|112/307\n|\n|upkeep\n|turn|11\n|\n|t:|1781381489\n|switch|p1a: Gliscor|Gliscor, L76, M|239/239\n|move|p2a: Slowbro|Earthquake|p1a: Gliscor\n|-immune|p1a: Gliscor\n|\n|-status|p1a: Gliscor|tox|[from] item: Toxic Orb\n|upkeep\n|turn|12\n|\n|t:|1781381499\n|switch|p2a: Leafeon|Leafeon, L88, M|258/258\n|move|p1a: Gliscor|Substitute|p1a: Gliscor\n|-start|p1a: Gliscor|Substitute\n|-damage|p1a: Gliscor|180/239 tox\n|\n|-heal|p1a: Gliscor|209/239 tox|[from] ability: Poison Heal\n|upkeep\n|turn|13\n|\n|t:|1781381506\n|move|p2a: Leafeon|Leaf Blade|p1a: Gliscor\n|-end|p1a: Gliscor|Substitute\n|-damage|p2a: Leafeon|233/258|[from] item: Life Orb\n|move|p1a: Gliscor|Toxic|p2a: Leafeon\n|-status|p2a: Leafeon|tox\n|\n|-damage|p2a: Leafeon|217/258 tox|[from] psn\n|-heal|p1a: Gliscor|238/239 tox|[from] ability: Poison Heal\n|upkeep\n|turn|14\n|-message|opik8 forfeited.\n|\n|win|rhdz21\n", "uploadtime": 1781381345, "views": 8, "formatid": "gen9randombattle", "rating": null, "private": 0, "password": null}