{"id": "gen9randombattle-2631389876", "format": "[Gen 9] Random Battle", "players": ["horohorovasey", "christiansraw"], "log": "|j|\u2606horohorovasey\n|j|\u2606christiansraw\n|t:|1781378933\n|gametype|singles\n|player|p1|horohorovasey|miku-ghost|1951\n|player|p2|christiansraw|jogger|1930\n|gen|9\n|tier|[Gen 9] Random Battle\n|rated|\n|rule|Species Clause: Limit one of each Pok\u00e9mon\n|rule|HP Percentage Mod: HP is shown in percentages\n|rule|Sleep Clause Mod: Limit one foe put to sleep\n|rule|Illusion Level Mod: Illusion disguises the Pok\u00e9mon's true level\n|\n|t:|1781378933\n|teamsize|p1|6\n|teamsize|p2|6\n|start\n|switch|p1a: Golduck|Golduck, L90, M|290/290\n|switch|p2a: Grafaiai|Grafaiai, L86, F|249/249\n|-ability|p1a: Golduck|Cloud Nine\n|turn|1\n|\n|t:|1781378946\n|move|p2a: Grafaiai|Knock Off|p1a: Golduck\n|-damage|p1a: Golduck|217/290\n|-enditem|p1a: Golduck|Leftovers|[from] move: Knock Off|[of] p2a: Grafaiai\n|move|p1a: Golduck|Hydro Pump|p2a: Grafaiai\n|-damage|p2a: Grafaiai|143/249\n|\n|upkeep\n|turn|2\n|\n|t:|1781378962\n|move|p2a: Grafaiai|Gunk Shot|p1a: Golduck\n|-damage|p1a: Golduck|76/290\n|move|p1a: Golduck|Hydro Pump|p2a: Grafaiai\n|-damage|p2a: Grafaiai|43/249\n|\n|upkeep\n|turn|3\n|\n|t:|1781378971\n|switch|p1a: Komala|Komala, L88, M|258/258\n|-ability|p1a: Komala|Comatose\n|move|p2a: Grafaiai|Gunk Shot|p1a: Komala\n|-damage|p1a: Komala|101/258\n|\n|upkeep\n|turn|4\n|\n|t:|1781378979\n|move|p2a: Grafaiai|Gunk Shot|p1a: Komala\n|-damage|p1a: Komala|0 fnt\n|faint|p1a: Komala\n|\n|upkeep\n|\n|t:|1781378991\n|switch|p1a: Entei|Entei, L78|307/307\n|turn|5\n|\n|t:|1781378996\n|switch|p2a: Duraludon|Duraludon, L82, M|249/249\n|move|p1a: Entei|Extreme Speed|p2a: Duraludon\n|-resisted|p2a: Duraludon\n|-damage|p2a: Duraludon|227/249\n|\n|upkeep\n|turn|6\n|\n|t:|1781379003\n|switch|p1a: Gholdengo|Gholdengo, L77|261/261\n|move|p2a: Duraludon|Dragon Tail|p1a: Gholdengo\n|-resisted|p1a: Gholdengo\n|-damage|p1a: Gholdengo|230/261\n|drag|p1a: Golduck|Golduck, L90, M|76/290\n|-ability|p1a: Golduck|Cloud Nine\n|\n|upkeep\n|turn|7\n|\n|t:|1781379012\n|move|p1a: Golduck|Hydro Pump|p2a: Duraludon\n|-resisted|p2a: Duraludon\n|-damage|p2a: Duraludon|158/249\n|move|p2a: Duraludon|Dragon Tail|p1a: Golduck\n|-damage|p1a: Golduck|15/290\n|drag|p1a: Latias|Latias, L79, F|256/256\n|\n|upkeep\n|turn|8\n|\n|t:|1781379020\n|move|p1a: Latias|Draco Meteor|p2a: Duraludon\n|-damage|p2a: Duraludon|1/249\n|-unboost|p1a: Latias|spa|2\n|move|p2a: Duraludon|Draco Meteor|p1a: Latias\n|-supereffective|p1a: Latias\n|-damage|p1a: Latias|0 fnt\n|-unboost|p2a: Duraludon|spa|2\n|faint|p1a: Latias\n|\n|upkeep\n|\n|t:|1781379038\n|switch|p1a: Golduck|Golduck, L90, M|15/290\n|-ability|p1a: Golduck|Cloud Nine\n|turn|9\n|\n|t:|1781379045\n|move|p1a: Golduck|Grass Knot|p2a: Duraludon\n|-resisted|p2a: Duraludon\n|-damage|p2a: Duraludon|0 fnt\n|faint|p2a: Duraludon\n|\n|upkeep\n|\n|t:|1781379049\n|switch|p2a: Grafaiai|Grafaiai, L86, F|43/249\n|turn|10\n|-message|horohorovasey forfeited.\n|\n|win|christiansraw\n", "uploadtime": 1781378935, "views": 8, "formatid": "gen9randombattle", "rating": null, "private": 0, "password": null}