{"id": "gen9randombattle-2631463517", "format": "[Gen 9] Random Battle", "players": ["Wichtl", "MarshMaIIows"], "log": "|j|\u2606Wichtl\n|j|\u2606MarshMaIIows\n|t:|1781387820\n|gametype|singles\n|player|p1|Wichtl|2|1538\n|player|p2|MarshMaIIows|roxanne|1589\n|gen|9\n|tier|[Gen 9] Random Battle\n|rated|\n|rule|Species Clause: Limit one of each Pok\u00e9mon\n|rule|HP Percentage Mod: HP is shown in percentages\n|rule|Sleep Clause Mod: Limit one foe put to sleep\n|rule|Illusion Level Mod: Illusion disguises the Pok\u00e9mon's true level\n|\n|t:|1781387820\n|teamsize|p1|6\n|teamsize|p2|6\n|start\n|switch|p1a: Appletun|Appletun, L92, F|352/352\n|switch|p2a: Shiftry|Shiftry, L89, F|305/305\n|turn|1\n|inactive|Battle timer is ON: inactive players will automatically lose when time's up. (requested by Wichtl)\n|\n|t:|1781387833\n|move|p2a: Shiftry|Knock Off|p1a: Appletun\n|-damage|p1a: Appletun|199/352\n|-enditem|p1a: Appletun|Leftovers|[from] move: Knock Off|[of] p2a: Shiftry\n|-damage|p2a: Shiftry|275/305|[from] item: Life Orb\n|move|p1a: Appletun|Dragon Pulse|p2a: Shiftry\n|-damage|p2a: Shiftry|142/305\n|\n|upkeep\n|turn|2\n|\n|t:|1781387849\n|switch|p2a: Crabominable|Crabominable, L90, M|321/321\n|move|p1a: Appletun|Apple Acid|p2a: Crabominable\n|-damage|p2a: Crabominable|245/321\n|-unboost|p2a: Crabominable|spd|1\n|\n|upkeep\n|turn|3\n|\n|t:|1781387865\n|move|p2a: Crabominable|Drain Punch|p1a: Appletun\n|-damage|p1a: Appletun|69/352\n|-heal|p2a: Crabominable|310/321|[from] drain|[of] p1a: Appletun\n|move|p1a: Appletun|Apple Acid|p2a: Crabominable\n|-damage|p2a: Crabominable|195/321\n|-unboost|p2a: Crabominable|spd|1\n|\n|upkeep\n|turn|4\n|\n|t:|1781387874\n|move|p2a: Crabominable|Ice Hammer|p1a: Appletun\n|-supereffective|p1a: Appletun\n|-damage|p1a: Appletun|0 fnt\n|-unboost|p2a: Crabominable|spe|1\n|faint|p1a: Appletun\n|\n|upkeep\n|\n|t:|1781387877\n|switch|p1a: Golem|Golem, L87, F|281/281\n|turn|5\n|\n|t:|1781387885\n|switch|p2a: Qwilfish|Qwilfish, L86, F|252/252\n|-ability|p2a: Qwilfish|Intimidate|boost\n|-unboost|p1a: Golem|atk|1\n|move|p1a: Golem|Rock Polish|p1a: Golem\n|-boost|p1a: Golem|spe|2\n|\n|upkeep\n|turn|6\n|\n|t:|1781387893\n|move|p1a: Golem|Earthquake|p2a: Qwilfish\n|-supereffective|p2a: Qwilfish\n|-damage|p2a: Qwilfish|82/252\n|move|p2a: Qwilfish|Pain Split|p1a: Golem\n|-sethp|p1a: Golem|181/281|[from] move: Pain Split|[silent]\n|-sethp|p2a: Qwilfish|181/252|[from] move: Pain Split\n|\n|upkeep\n|turn|7\n|\n|t:|1781387902\n|move|p1a: Golem|Stone Edge|p2a: Qwilfish\n|-damage|p2a: Qwilfish|87/252\n|move|p2a: Qwilfish|Toxic|p1a: Golem\n|-status|p1a: Golem|tox\n|\n|-damage|p1a: Golem|164/281 tox|[from] psn\n|upkeep\n|turn|8\n|\n|t:|1781387913\n|switch|p2a: Shiftry|Shiftry, L89, F|142/305\n|move|p1a: Golem|Earthquake|p2a: Shiftry\n|-resisted|p2a: Shiftry\n|-damage|p2a: Shiftry|88/305\n|\n|-damage|p1a: Golem|130/281 tox|[from] psn\n|upkeep\n|turn|9\n|\n|t:|1781387917\n|switch|p2a: Qwilfish|Qwilfish, L86, F|87/252\n|-ability|p2a: Qwilfish|Intimidate|boost\n|-unboost|p1a: Golem|atk|1\n|move|p1a: Golem|Stone Edge|p2a: Qwilfish\n|-damage|p2a: Qwilfish|17/252\n|\n|-damage|p1a: Golem|79/281 tox|[from] psn\n|upkeep\n|turn|10\n|\n|t:|1781387923\n|switch|p2a: Shiftry|Shiftry, L89, F|88/305\n|move|p1a: Golem|Stone Edge|p2a: Shiftry\n|-damage|p2a: Shiftry|7/305\n|\n|-damage|p1a: Golem|11/281 tox|[from] psn\n|upkeep\n|turn|11\n|\n|t:|1781387928\n|move|p2a: Shiftry|Sucker Punch|p1a: Golem\n|-damage|p1a: Golem|0 fnt\n|faint|p1a: Golem\n|-damage|p2a: Shiftry|0 fnt|[from] item: Life Orb\n|faint|p2a: Shiftry\n|\n|upkeep\n|\n|t:|1781387941\n|switch|p2a: Crabominable|Crabominable, L90, M|195/321\n|switch|p1a: Zacian|Zacian, L69|241/241\n|-ability|p1a: Zacian|Intrepid Sword|boost\n|-boost|p1a: Zacian|atk|1\n|turn|12\n|\n|t:|1781387951\n|move|p1a: Zacian|Psychic Fangs|p2a: Crabominable\n|-supereffective|p2a: Crabominable\n|-damage|p2a: Crabominable|0 fnt\n|faint|p2a: Crabominable\n|\n|upkeep\n|\n|t:|1781387954\n|switch|p2a: Qwilfish|Qwilfish, L86, F|17/252\n|-ability|p2a: Qwilfish|Intimidate|boost\n|-unboost|p1a: Zacian|atk|1\n|turn|13\n|\n|t:|1781387965\n|switch|p2a: Wugtrio|Wugtrio, L91, M|212/212\n|move|p1a: Zacian|Psychic Fangs|p2a: Wugtrio\n|-damage|p2a: Wugtrio|107/212\n|-ability|p2a: Wugtrio|Gooey\n|-unboost|p1a: Zacian|spe|1\n|\n|upkeep\n|turn|14\n|\n|t:|1781387975\n|move|p2a: Wugtrio|Liquidation|p1a: Zacian\n|-damage|p1a: Zacian|90/241\n|move|p1a: Zacian|Psychic Fangs|p2a: Wugtrio\n|-damage|p2a: Wugtrio|7/212\n|-ability|p2a: Wugtrio|Gooey\n|-unboost|p1a: Zacian|spe|1\n|\n|upkeep\n|turn|15\n|\n|t:|1781387978\n|move|p2a: Wugtrio|Liquidation|p1a: Zacian\n|-damage|p1a: Zacian|0 fnt\n|faint|p1a: Zacian\n|\n|upkeep\n|\n|t:|1781387982\n|switch|p1a: Morpeko|Morpeko, L88, M|245/245\n|turn|16\n|\n|t:|1781387993\n|move|p2a: Wugtrio|Liquidation|p1a: Morpeko\n|-damage|p1a: Morpeko|19/245\n|move|p1a: Morpeko|Aura Wheel|p2a: Wugtrio\n|-supereffective|p2a: Wugtrio\n|-damage|p2a: Wugtrio|0 fnt\n|-boost|p1a: Morpeko|spe|1\n|faint|p2a: Wugtrio\n|\n|-formechange|p1a: Morpeko|Morpeko-Hangry||[from] ability: Hunger Switch\n|upkeep\n|\n|t:|1781388001\n|switch|p2a: Flapple|Flapple, L88, F|266/266\n|turn|17\n|\n|t:|1781388013\n|move|p1a: Morpeko|Parting Shot|p2a: Flapple\n|-unboost|p2a: Flapple|atk|1\n|-unboost|p2a: Flapple|spa|1\n|\n|t:|1781388015\n|switch|p1a: Polteageist|Polteageist-Antique, L78|222/222|[from] Parting Shot\n|move|p2a: Flapple|Dragon Dance|p2a: Flapple\n|-boost|p2a: Flapple|atk|1\n|-boost|p2a: Flapple|spe|1\n|\n|upkeep\n|turn|18\n|\n|t:|1781388024\n|move|p2a: Flapple|Outrage|p1a: Polteageist\n|-damage|p1a: Polteageist|0 fnt\n|faint|p1a: Polteageist\n|\n|upkeep\n|\n|t:|1781388027\n|switch|p1a: Sandaconda|Sandaconda, L84, F|258/258\n|turn|19\n|\n|t:|1781388031\n|move|p2a: Flapple|Outrage|p1a: Sandaconda|[from] lockedmove\n|-damage|p1a: Sandaconda|78/258\n|-start|p2a: Flapple|confusion|[fatigue]\n|move|p1a: Sandaconda|Earthquake|p2a: Flapple\n|-resisted|p2a: Flapple\n|-damage|p2a: Flapple|207/266\n|\n|-heal|p1a: Sandaconda|94/258|[from] item: Leftovers\n|upkeep\n|turn|20\n|\n|t:|1781388036\n|switch|p2a: Qwilfish|Qwilfish, L86, F|17/252\n|-ability|p2a: Qwilfish|Intimidate|boost\n|-unboost|p1a: Sandaconda|atk|1\n|move|p1a: Sandaconda|Rest|p1a: Sandaconda\n|-status|p1a: Sandaconda|slp|[from] move: Rest\n|-heal|p1a: Sandaconda|258/258 slp|[silent]\n|\n|upkeep\n|turn|21\n|\n|t:|1781388040\n|move|p2a: Qwilfish|Pain Split|p1a: Sandaconda\n|-sethp|p1a: Sandaconda|137/258 slp|[from] move: Pain Split|[silent]\n|-sethp|p2a: Qwilfish|137/252|[from] move: Pain Split\n|cant|p1a: Sandaconda|slp\n|\n|-heal|p1a: Sandaconda|153/258 slp|[from] item: Leftovers\n|upkeep\n|turn|22\n|\n|t:|1781388049\n|move|p2a: Qwilfish|Flip Turn|p1a: Sandaconda\n|-supereffective|p1a: Sandaconda\n|-crit|p1a: Sandaconda\n|-damage|p1a: Sandaconda|0 fnt\n|faint|p1a: Sandaconda\n|\n|t:|1781388054\n|switch|p2a: Cinderace|Cinderace, L77, M|249/249|[from] Flip Turn\n|\n|upkeep\n|\n|t:|1781388056\n|switch|p1a: Morpeko|Morpeko, L88, M|19/245\n|turn|23\n|\n|t:|1781388063\n|move|p2a: Cinderace|Pyro Ball|p1a: Morpeko\n|-damage|p1a: Morpeko|0 fnt\n|faint|p1a: Morpeko\n|\n|win|MarshMaIIows\n|raw|Wichtl's rating: 1538 &rarr; <strong>1521</strong><br />(-17 for losing)\n|raw|MarshMaIIows's rating: 1589 &rarr; <strong>1606</strong><br />(+17 for winning)\n", "uploadtime": 1781388065, "views": 5, "formatid": "gen9randombattle", "rating": 1521, "private": 0, "password": null}