{"id": "gen9randombattle-2631974985", "format": "[Gen 9] Random Battle", "players": ["Rocksas", "centrallimittheory"], "log": "|j|\u2606Rocksas\n|j|\u2606centrallimittheory\n|t:|1781461733\n|gametype|singles\n|player|p1|Rocksas|n|1960\n|player|p2|centrallimittheory|crasherwake|2021\n|gen|9\n|tier|[Gen 9] Random Battle\n|rated|\n|rule|Species Clause: Limit one of each Pok\u00e9mon\n|rule|HP Percentage Mod: HP is shown in percentages\n|rule|Sleep Clause Mod: Limit one foe put to sleep\n|rule|Illusion Level Mod: Illusion disguises the Pok\u00e9mon's true level\n|\n|t:|1781461733\n|teamsize|p1|6\n|teamsize|p2|6\n|start\n|switch|p1a: Delphox|Delphox, L84, M|263/263\n|switch|p2a: Iron Hands|Iron Hands, L79|373/373\n|turn|1\n|inactive|Battle timer is ON: inactive players will automatically lose when time's up. (requested by centrallimittheory)\n|\n|t:|1781461762\n|-end|p2a: Iron Hands|Quark Drive|[silent]\n|switch|p2a: Umbreon|Umbreon, L84, M|297/297\n|move|p1a: Delphox|Psyshock|p2a: Umbreon\n|-immune|p2a: Umbreon\n|\n|upkeep\n|turn|2\n|\n|t:|1781461785\n|switch|p1a: Iron Valiant|Iron Valiant, L78|244/244\n|move|p2a: Umbreon|Toxic|p1a: Iron Valiant\n|-status|p1a: Iron Valiant|tox\n|\n|-damage|p1a: Iron Valiant|229/244 tox|[from] psn\n|upkeep\n|turn|3\n|\n|t:|1781461791\n|switch|p2a: Azelf|Azelf, L82|257/257\n|move|p1a: Iron Valiant|Close Combat|p2a: Azelf\n|-resisted|p2a: Azelf\n|-damage|p2a: Azelf|147/257\n|-unboost|p1a: Iron Valiant|def|1\n|-unboost|p1a: Iron Valiant|spd|1\n|-damage|p1a: Iron Valiant|205/244 tox|[from] item: Life Orb\n|\n|-damage|p1a: Iron Valiant|175/244 tox|[from] psn\n|upkeep\n|turn|4\n|\n|t:|1781461804\n|-end|p1a: Iron Valiant|Quark Drive|[silent]\n|switch|p1a: Delphox|Delphox, L84, M|263/263\n|move|p2a: Azelf|Knock Off|p1a: Delphox\n|-supereffective|p1a: Delphox\n|-damage|p1a: Delphox|21/263\n|-enditem|p1a: Delphox|Choice Scarf|[from] move: Knock Off|[of] p2a: Azelf\n|-damage|p2a: Azelf|122/257|[from] item: Life Orb\n|\n|upkeep\n|turn|5\n|\n|t:|1781461808\n|move|p2a: Azelf|Psychic|p1a: Delphox\n|-resisted|p1a: Delphox\n|-damage|p1a: Delphox|0 fnt\n|faint|p1a: Delphox\n|-damage|p2a: Azelf|97/257|[from] item: Life Orb\n|\n|upkeep\n|j| joca_molhado\n|\n|t:|1781461834\n|switch|p1a: Raikou|Raikou, L81|278/278\n|-ability|p1a: Raikou|Pressure\n|turn|6\n|l| joca_molhado\n|\n|t:|1781461853\n|move|p2a: Azelf|Taunt|p1a: Raikou\n|-start|p1a: Raikou|move: Taunt\n|cant|p1a: Raikou|move: Taunt|Calm Mind\n|\n|upkeep\n|turn|7\n|\n|t:|1781461860\n|switch|p2a: Umbreon|Umbreon, L84, M|297/297\n|move|p1a: Raikou|Thunderbolt|p2a: Umbreon\n|-damage|p2a: Umbreon|225/297\n|-status|p2a: Umbreon|par\n|-activate|p2a: Umbreon|ability: Synchronize\n|-immune|p1a: Raikou\n|\n|-heal|p2a: Umbreon|243/297 par|[from] item: Leftovers\n|upkeep\n|turn|8\n|\n|t:|1781461868\n|switch|p1a: Iron Valiant|Iron Valiant, L78|175/244 tox\n|move|p2a: Umbreon|Wish|p2a: Umbreon\n|\n|-heal|p2a: Umbreon|261/297 par|[from] item: Leftovers\n|-damage|p1a: Iron Valiant|160/244 tox|[from] psn\n|upkeep\n|turn|9\n|\n|t:|1781461878\n|switch|p2a: Alcremie|Alcremie-Caramel-Swirl, L90, F|263/263\n|move|p1a: Iron Valiant|Calm Mind|p1a: Iron Valiant\n|-boost|p1a: Iron Valiant|spa|1\n|-boost|p1a: Iron Valiant|spd|1\n|\n|-damage|p1a: Iron Valiant|130/244 tox|[from] psn\n|upkeep\n|turn|10\n|\n|t:|1781461884\n|move|p1a: Iron Valiant|Moonblast|p2a: Alcremie\n|-damage|p2a: Alcremie|119/263\n|-damage|p1a: Iron Valiant|106/244 tox|[from] item: Life Orb\n|move|p2a: Alcremie|Alluring Voice|p1a: Iron Valiant\n|-supereffective|p1a: Iron Valiant\n|-damage|p1a: Iron Valiant|0 fnt\n|faint|p1a: Iron Valiant\n|-end|p1a: Iron Valiant|Quark Drive|[silent]\n|\n|-heal|p2a: Alcremie|135/263|[from] item: Leftovers\n|upkeep\n|\n|t:|1781461894\n|switch|p1a: Tropius|Tropius, L91, F|328/328\n|turn|11\n|\n|t:|1781461899\n|switch|p2a: Iron Hands|Iron Hands, L79|373/373\n|move|p1a: Tropius|Dragon Dance|p1a: Tropius\n|-boost|p1a: Tropius|atk|1\n|-boost|p1a: Tropius|spe|1\n|\n|upkeep\n|turn|12\n|\n|t:|1781461910\n|-terastallize|p1a: Tropius|Ground\n|move|p1a: Tropius|Earthquake|p2a: Iron Hands\n|-supereffective|p2a: Iron Hands\n|-damage|p2a: Iron Hands|119/373\n|move|p2a: Iron Hands|Ice Punch|p1a: Tropius\n|-supereffective|p1a: Tropius\n|-damage|p1a: Tropius|216/328\n|-status|p1a: Tropius|frz\n|\n|-heal|p2a: Iron Hands|142/373|[from] item: Leftovers\n|upkeep\n|turn|13\n|\n|t:|1781461930\n|-end|p2a: Iron Hands|Quark Drive|[silent]\n|switch|p2a: Azelf|Azelf, L82|97/257\n|cant|p1a: Tropius|frz\n|\n|upkeep\n|turn|14\n|\n|t:|1781461933\n|move|p2a: Azelf|Knock Off|p1a: Tropius\n|-damage|p1a: Tropius|116/328 frz\n|-enditem|p1a: Tropius|Sitrus Berry|[from] move: Knock Off|[of] p2a: Azelf\n|-damage|p2a: Azelf|72/257|[from] item: Life Orb\n|cant|p1a: Tropius|frz\n|\n|upkeep\n|turn|15\n|\n|t:|1781461939\n|move|p2a: Azelf|Psychic|p1a: Tropius\n|-damage|p1a: Tropius|0 fnt\n|faint|p1a: Tropius\n|-damage|p2a: Azelf|47/257|[from] item: Life Orb\n|\n|upkeep\n|\n|t:|1781461948\n|switch|p1a: Raikou|Raikou, L81|278/278\n|-ability|p1a: Raikou|Pressure\n|turn|16\n|\n|t:|1781461962\n|move|p2a: Azelf|Explosion|p1a: Raikou\n|-damage|p1a: Raikou|0 fnt\n|faint|p2a: Azelf\n|faint|p1a: Raikou\n|\n|upkeep\n|\n|t:|1781461968\n|switch|p2a: Gliscor|Gliscor, L76, F|239/239\n|switch|p1a: Zacian|Zacian, L69|241/241\n|-ability|p1a: Zacian|Intrepid Sword|boost\n|-boost|p1a: Zacian|atk|1\n|turn|17\n|\n|t:|1781461974\n|move|p1a: Zacian|Play Rough|p2a: Gliscor\n|-crit|p2a: Gliscor\n|-damage|p2a: Gliscor|32/239\n|move|p2a: Gliscor|Toxic|p1a: Zacian\n|-status|p1a: Zacian|tox\n|\n|-damage|p1a: Zacian|226/241 tox|[from] psn\n|-status|p2a: Gliscor|tox|[from] item: Toxic Orb\n|upkeep\n|turn|18\n|\n|t:|1781461979\n|move|p2a: Gliscor|Protect|p2a: Gliscor\n|-singleturn|p2a: Gliscor|Protect\n|move|p1a: Zacian|Play Rough|p2a: Gliscor\n|-activate|p2a: Gliscor|move: Protect\n|\n|-damage|p1a: Zacian|196/241 tox|[from] psn\n|-heal|p2a: Gliscor|61/239 tox|[from] ability: Poison Heal\n|upkeep\n|turn|19\n|\n|t:|1781461984\n|switch|p2a: Iron Hands|Iron Hands, L79|142/373\n|move|p1a: Zacian|Play Rough|p2a: Iron Hands|[miss]\n|-miss|p1a: Zacian|p2a: Iron Hands\n|\n|-heal|p2a: Iron Hands|165/373|[from] item: Leftovers\n|-damage|p1a: Zacian|151/241 tox|[from] psn\n|upkeep\n|turn|20\n|\n|t:|1781461994\n|move|p1a: Zacian|Play Rough|p2a: Iron Hands\n|-supereffective|p2a: Iron Hands\n|-damage|p2a: Iron Hands|0 fnt\n|faint|p2a: Iron Hands\n|-end|p2a: Iron Hands|Quark Drive|[silent]\n|\n|-damage|p1a: Zacian|91/241 tox|[from] psn\n|upkeep\n|\n|t:|1781462018\n|switch|p2a: Alcremie|Alcremie-Caramel-Swirl, L90, F|135/263\n|turn|21\n|\n|t:|1781462021\n|move|p1a: Zacian|Play Rough|p2a: Alcremie|[miss]\n|-miss|p1a: Zacian|p2a: Alcremie\n|move|p2a: Alcremie|Recover|p2a: Alcremie\n|-heal|p2a: Alcremie|263/263\n|\n|-damage|p1a: Zacian|16/241 tox|[from] psn\n|upkeep\n|turn|22\n|c|\u2606centrallimittheory|sorry for hax\n|-message|Rocksas forfeited.\n|\n|win|centrallimittheory\n", "uploadtime": 1781461736, "views": 5, "formatid": "gen9randombattle", "rating": null, "private": 0, "password": null}