{"id": "gen9randombattle-2631457768", "format": "[Gen 9] Random Battle", "players": ["alvaro030", "Blyzy"], "log": "|j|\u2606alvaro030\n|j|\u2606Blyzy\n|t:|1781387079\n|gametype|singles\n|player|p1|alvaro030|1|1953\n|player|p2|Blyzy|cyclistf-gen4|1946\n|gen|9\n|tier|[Gen 9] Random Battle\n|rated|\n|rule|Species Clause: Limit one of each Pok\u00e9mon\n|rule|HP Percentage Mod: HP is shown in percentages\n|rule|Sleep Clause Mod: Limit one foe put to sleep\n|rule|Illusion Level Mod: Illusion disguises the Pok\u00e9mon's true level\n|\n|t:|1781387079\n|teamsize|p1|6\n|teamsize|p2|6\n|start\n|switch|p1a: Arceus|Arceus-Fire, L72|291/291\n|switch|p2a: Whimsicott|Whimsicott, L84, M|238/238\n|turn|1\n|l|\u2606Blyzy\n|player|p2|\n|inactive|Battle timer is ON: inactive players will automatically lose when time's up. (requested by alvaro030)\n|j|\u2606Blyzy\n|inactive|Blyzy reconnected and has 130 seconds left.\n|player|p2|Blyzy|cyclistf-gen4|\n|\n|t:|1781387127\n|move|p2a: Whimsicott|Substitute|p2a: Whimsicott\n|-start|p2a: Whimsicott|Substitute\n|-damage|p2a: Whimsicott|179/238\n|move|p1a: Arceus|Flare Blitz|p2a: Whimsicott\n|-supereffective|p2a: Whimsicott\n|-end|p2a: Whimsicott|Substitute\n|-damage|p1a: Arceus|272/291|[from] Recoil|[of] p2a: Whimsicott\n|\n|-heal|p2a: Whimsicott|193/238|[from] item: Leftovers\n|upkeep\n|turn|2\n|\n|t:|1781387139\n|move|p2a: Whimsicott|Substitute|p2a: Whimsicott\n|-start|p2a: Whimsicott|Substitute\n|-damage|p2a: Whimsicott|134/238\n|move|p1a: Arceus|Flare Blitz|p2a: Whimsicott\n|-supereffective|p2a: Whimsicott\n|-end|p2a: Whimsicott|Substitute\n|-damage|p1a: Arceus|253/291|[from] Recoil|[of] p2a: Whimsicott\n|\n|-heal|p2a: Whimsicott|148/238|[from] item: Leftovers\n|upkeep\n|turn|3\n|\n|t:|1781387144\n|switch|p2a: Tyranitar|Tyranitar, L78, F|284/284\n|-weather|Sandstorm|[from] ability: Sand Stream|[of] p2a: Tyranitar\n|move|p1a: Arceus|Flare Blitz|p2a: Tyranitar\n|-resisted|p2a: Tyranitar\n|-damage|p2a: Tyranitar|219/284\n|-damage|p1a: Arceus|232/291|[from] Recoil\n|\n|-weather|Sandstorm|[upkeep]\n|-damage|p1a: Arceus|214/291|[from] Sandstorm\n|upkeep\n|turn|4\n|\n|t:|1781387155\n|switch|p1a: Gastrodon|Gastrodon, L86, F|331/331\n|move|p2a: Tyranitar|Knock Off|p1a: Gastrodon\n|-damage|p1a: Gastrodon|186/331\n|-enditem|p1a: Gastrodon|Leftovers|[from] move: Knock Off|[of] p2a: Tyranitar\n|\n|-weather|Sandstorm|[upkeep]\n|upkeep\n|turn|5\n|\n|t:|1781387170\n|switch|p2a: Gardevoir|Gardevoir, L83, F|249/249\n|-ability|p2a: Gardevoir|Storm Drain|Trace|[from] ability: Trace|[of] p1a: Gastrodon\n|move|p1a: Gastrodon|Recover|p1a: Gastrodon\n|-heal|p1a: Gastrodon|331/331\n|\n|-weather|Sandstorm|[upkeep]\n|-damage|p2a: Gardevoir|234/249|[from] Sandstorm\n|upkeep\n|turn|6\n|\n|t:|1781387183\n|switch|p1a: Magnezone|Magnezone, L85|258/258\n|move|p2a: Gardevoir|Calm Mind|p2a: Gardevoir\n|-boost|p2a: Gardevoir|spa|1\n|-boost|p2a: Gardevoir|spd|1\n|\n|-weather|Sandstorm|[upkeep]\n|-damage|p2a: Gardevoir|219/249|[from] Sandstorm\n|upkeep\n|turn|7\n|\n|t:|1781387199\n|move|p2a: Gardevoir|Focus Blast|p1a: Magnezone\n|-supereffective|p1a: Magnezone\n|-damage|p1a: Magnezone|11/258\n|-damage|p2a: Gardevoir|195/249|[from] item: Life Orb\n|move|p1a: Magnezone|Volt Switch|p2a: Gardevoir\n|-damage|p2a: Gardevoir|144/249\n|\n|t:|1781387229\n|switch|p1a: Arceus|Arceus-Fire, L72|214/291|[from] Volt Switch\n|\n|-weather|none\n|upkeep\n|turn|8\n|inactive|Blyzy has 120 seconds left.\n|\n|t:|1781387260\n|switch|p2a: Tyranitar|Tyranitar, L78, F|219/284\n|-weather|Sandstorm|[from] ability: Sand Stream|[of] p2a: Tyranitar\n|move|p1a: Arceus|Flare Blitz|p2a: Tyranitar\n|-resisted|p2a: Tyranitar\n|-damage|p2a: Tyranitar|159/284\n|-status|p2a: Tyranitar|brn\n|-damage|p1a: Arceus|194/291|[from] Recoil\n|\n|-weather|Sandstorm|[upkeep]\n|-damage|p1a: Arceus|176/291|[from] Sandstorm\n|-damage|p2a: Tyranitar|142/284 brn|[from] brn\n|upkeep\n|turn|9\n|inactive|Blyzy has 120 seconds left.\n|\n|t:|1781387283\n|switch|p1a: Gastrodon|Gastrodon, L86, F|331/331\n|switch|p2a: Whimsicott|Whimsicott, L84, M|148/238\n|\n|-weather|Sandstorm|[upkeep]\n|-damage|p2a: Whimsicott|134/238|[from] Sandstorm\n|-heal|p2a: Whimsicott|148/238|[from] item: Leftovers\n|upkeep\n|turn|10\n|inactive|alvaro030 has 120 seconds left.\n|\n|t:|1781387308\n|move|p2a: Whimsicott|Leech Seed|p1a: Gastrodon\n|-start|p1a: Gastrodon|move: Leech Seed\n|move|p1a: Gastrodon|Sludge Bomb|p2a: Whimsicott\n|-supereffective|p2a: Whimsicott\n|-damage|p2a: Whimsicott|0 fnt\n|faint|p2a: Whimsicott\n|\n|-weather|Sandstorm|[upkeep]\n|upkeep\n|inactive|Blyzy has 120 seconds left.\n|\n|t:|1781387321\n|switch|p2a: Tropius|Tropius, L91, M|328/328\n|turn|11\n|inactive|alvaro030 has 120 seconds left.\n|\n|t:|1781387353\n|switch|p1a: Porygon-Z|Porygon-Z, L83|277/277\n|move|p2a: Tropius|Dragon Dance|p2a: Tropius\n|-boost|p2a: Tropius|atk|1\n|-boost|p2a: Tropius|spe|1\n|\n|-weather|Sandstorm|[upkeep]\n|-damage|p1a: Porygon-Z|260/277|[from] Sandstorm\n|-damage|p2a: Tropius|308/328|[from] Sandstorm\n|upkeep\n|turn|12\n|\n|t:|1781387367\n|move|p1a: Porygon-Z|Trick|p2a: Tropius\n|-activate|p1a: Porygon-Z|move: Trick|[of] p2a: Tropius\n|-item|p2a: Tropius|Choice Scarf|[from] move: Trick\n|-item|p1a: Porygon-Z|Sitrus Berry|[from] move: Trick\n|move|p2a: Tropius|Dual Wingbeat|p1a: Porygon-Z\n|-crit|p1a: Porygon-Z\n|-damage|p1a: Porygon-Z|152/277\n|-damage|p1a: Porygon-Z|86/277\n|-enditem|p1a: Porygon-Z|Sitrus Berry|[eat]\n|-heal|p1a: Porygon-Z|155/277|[from] item: Sitrus Berry\n|-hitcount|p1a: Porygon-Z|2\n|\n|-weather|none\n|upkeep\n|turn|13\n|\n|t:|1781387389\n|move|p2a: Tropius|Dual Wingbeat|p1a: Porygon-Z\n|-damage|p1a: Porygon-Z|89/277\n|-damage|p1a: Porygon-Z|20/277\n|-hitcount|p1a: Porygon-Z|2\n|move|p1a: Porygon-Z|Tri Attack|p2a: Tropius\n|-damage|p2a: Tropius|166/328\n|\n|upkeep\n|turn|14\n|\n|t:|1781387397\n|switch|p1a: Iron Crown|Iron Crown, L78|268/268\n|move|p2a: Tropius|Dual Wingbeat|p1a: Iron Crown\n|-resisted|p1a: Iron Crown\n|-damage|p1a: Iron Crown|238/268\n|-resisted|p1a: Iron Crown\n|-damage|p1a: Iron Crown|210/268\n|-hitcount|p1a: Iron Crown|2\n|\n|-heal|p1a: Iron Crown|226/268|[from] item: Leftovers\n|upkeep\n|turn|15\n|\n|t:|1781387406\n|switch|p2a: Tyranitar|Tyranitar, L78, F|142/284 brn\n|-weather|Sandstorm|[from] ability: Sand Stream|[of] p2a: Tyranitar\n|move|p1a: Iron Crown|Calm Mind|p1a: Iron Crown\n|-boost|p1a: Iron Crown|spa|1\n|-boost|p1a: Iron Crown|spd|1\n|\n|-weather|Sandstorm|[upkeep]\n|-heal|p1a: Iron Crown|242/268|[from] item: Leftovers\n|-damage|p2a: Tyranitar|125/284 brn|[from] brn\n|upkeep\n|turn|16\n|inactive|alvaro030 has 90 seconds left.\n|\n|t:|1781387440\n|-terastallize|p1a: Iron Crown|Steel\n|move|p1a: Iron Crown|Tachyon Cutter|p2a: Tyranitar\n|-supereffective|p2a: Tyranitar\n|-damage|p2a: Tyranitar|0 fnt\n|faint|p2a: Tyranitar\n|-hitcount|p2: Tyranitar|1\n|\n|-weather|Sandstorm|[upkeep]\n|-heal|p1a: Iron Crown|258/268|[from] item: Leftovers\n|upkeep\n|\n|t:|1781387466\n|switch|p2a: Pincurchin|Pincurchin, M|258/258\n|-fieldstart|move: Electric Terrain|[from] ability: Electric Surge|[of] p2a: Pincurchin\n|-activate|p1a: Iron Crown|ability: Quark Drive\n|-start|p1a: Iron Crown|quarkdrivespa\n|turn|17\n|inactive|alvaro030 has 90 seconds left.\n|-message|Blyzy forfeited.\n|\n|win|alvaro030\n", "uploadtime": 1781387081, "views": 6, "formatid": "gen9randombattle", "rating": null, "private": 0, "password": null}