{"id": "gen9randombattle-2631401796", "format": "[Gen 9] Random Battle", "players": ["NickPlayeZ", "JayCroc"], "log": "|j|\u2606NickPlayeZ\n|j|\u2606JayCroc\n|t:|1781380296\n|gametype|singles\n|player|p1|NickPlayeZ|emmet|2155\n|player|p2|JayCroc|ivor|2074\n|gen|9\n|tier|[Gen 9] Random Battle\n|rated|\n|rule|Species Clause: Limit one of each Pok\u00e9mon\n|rule|HP Percentage Mod: HP is shown in percentages\n|rule|Sleep Clause Mod: Limit one foe put to sleep\n|rule|Illusion Level Mod: Illusion disguises the Pok\u00e9mon's true level\n|\n|t:|1781380296\n|teamsize|p1|6\n|teamsize|p2|6\n|start\n|switch|p1a: Crawdaunt|Crawdaunt, L84, M|243/243\n|switch|p2a: Whiscash|Whiscash, L88, M|337/337\n|turn|1\n|inactive|Battle timer is ON: inactive players will automatically lose when time's up. (requested by NickPlayeZ)\n|\n|t:|1781380326\n|move|p2a: Whiscash|Earthquake|p1a: Crawdaunt\n|-damage|p1a: Crawdaunt|110/243\n|-damage|p2a: Whiscash|304/337|[from] item: Life Orb\n|move|p1a: Crawdaunt|Dragon Dance|p1a: Crawdaunt\n|-boost|p1a: Crawdaunt|atk|1\n|-boost|p1a: Crawdaunt|spe|1\n|\n|upkeep\n|turn|2\n|\n|t:|1781380347\n|move|p1a: Crawdaunt|Knock Off|p2a: Whiscash\n|-damage|p2a: Whiscash|0 fnt\n|-enditem|p2a: Whiscash|Life Orb|[from] move: Knock Off|[of] p1a: Crawdaunt\n|faint|p2a: Whiscash\n|-damage|p1a: Crawdaunt|86/243|[from] item: Life Orb\n|\n|upkeep\n|\n|t:|1781380355\n|switch|p2a: Kyogre|Kyogre, L71|259/259\n|-weather|RainDance|[from] ability: Drizzle|[of] p2a: Kyogre\n|turn|3\n|\n|t:|1781380360\n|move|p2a: Kyogre|Thunder|p1a: Crawdaunt\n|-supereffective|p1a: Crawdaunt\n|-damage|p1a: Crawdaunt|0 fnt\n|faint|p1a: Crawdaunt\n|\n|-weather|RainDance|[upkeep]\n|upkeep\n|\n|t:|1781380366\n|switch|p1a: Bellossom|Bellossom, L84, M|263/263\n|turn|4\n|\n|t:|1781380378\n|switch|p2a: Corviknight|Corviknight, L80, F|288/288\n|-ability|p2a: Corviknight|Pressure\n|move|p1a: Bellossom|Quiver Dance|p1a: Bellossom\n|-boost|p1a: Bellossom|spa|1\n|-boost|p1a: Bellossom|spd|1\n|-boost|p1a: Bellossom|spe|1\n|\n|-weather|RainDance|[upkeep]\n|upkeep\n|turn|5\n|\n|t:|1781380401\n|switch|p1a: Inteleon|Inteleon, L81, M|246/246\n|move|p2a: Corviknight|U-turn|p1a: Inteleon\n|-damage|p1a: Inteleon|191/246\n|j| Rabiesdfsdf\n|\n|t:|1781380407\n|switch|p2a: Kyogre|Kyogre, L71|259/259|[from] U-turn\n|\n|-weather|RainDance|[upkeep]\n|upkeep\n|turn|6\n|l| Rabiesdfsdf\n|\n|t:|1781380412\n|move|p2a: Kyogre|Thunder|p1a: Inteleon\n|-supereffective|p1a: Inteleon\n|-damage|p1a: Inteleon|0 fnt\n|faint|p1a: Inteleon\n|\n|-weather|RainDance|[upkeep]\n|upkeep\n|j| Rabiesdfsdf\n|\n|t:|1781380419\n|switch|p1a: Emboar|Emboar, L84, M|322/322\n|turn|7\n|\n|t:|1781380423\n|switch|p2a: Scrafty|Scrafty, L83, M|244/244\n|-ability|p2a: Scrafty|Intimidate|boost\n|-unboost|p1a: Emboar|atk|1\n|move|p1a: Emboar|Close Combat|p2a: Scrafty\n|-supereffective|p2a: Scrafty\n|-damage|p2a: Scrafty|0 fnt\n|-unboost|p1a: Emboar|def|1\n|-unboost|p1a: Emboar|spd|1\n|faint|p2a: Scrafty\n|\n|-weather|none\n|upkeep\n|\n|t:|1781380433\n|switch|p2a: Kyogre|Kyogre, L71|259/259\n|-weather|RainDance|[from] ability: Drizzle|[of] p2a: Kyogre\n|turn|8\n|\n|t:|1781380438\n|switch|p1a: Bellossom|Bellossom, L84, M|263/263\n|move|p2a: Kyogre|Water Spout|p1a: Bellossom\n|-resisted|p1a: Bellossom\n|-damage|p1a: Bellossom|153/263\n|\n|-weather|RainDance|[upkeep]\n|-heal|p1a: Bellossom|169/263|[from] item: Leftovers\n|upkeep\n|turn|9\n|\n|t:|1781380446\n|switch|p2a: Corviknight|Corviknight, L80, F|288/288\n|-ability|p2a: Corviknight|Pressure\n|switch|p1a: Emboar|Emboar, L84, M|322/322\n|\n|-weather|RainDance|[upkeep]\n|upkeep\n|turn|10\n|\n|t:|1781380453\n|move|p1a: Emboar|Close Combat|p2a: Corviknight\n|-crit|p2a: Corviknight\n|-damage|p2a: Corviknight|0 fnt\n|-unboost|p1a: Emboar|def|1\n|-unboost|p1a: Emboar|spd|1\n|faint|p2a: Corviknight\n|\n|-weather|RainDance|[upkeep]\n|upkeep\n|\n|t:|1781380460\n|switch|p2a: Kyogre|Kyogre, L71|259/259\n|turn|11\n|\n|t:|1781380469\n|switch|p1a: Rhyperior|Rhyperior, L82, M|323/323\n|move|p2a: Kyogre|Water Spout|p1a: Rhyperior\n|-supereffective|p1a: Rhyperior\n|-damage|p1a: Rhyperior|0 fnt\n|faint|p1a: Rhyperior\n|\n|-weather|RainDance|[upkeep]\n|upkeep\n|\n|t:|1781380471\n|switch|p1a: Bellossom|Bellossom, L84, M|169/263\n|turn|12\n|\n|t:|1781380478\n|switch|p2a: Heatran|Heatran, L79, F|273/273\n|-item|p2a: Heatran|Air Balloon\n|move|p1a: Bellossom|Giga Drain|p2a: Heatran\n|-resisted|p2a: Heatran\n|-damage|p2a: Heatran|255/273\n|-heal|p1a: Bellossom|178/263|[from] drain|[of] p2a: Heatran\n|-enditem|p2a: Heatran|Air Balloon\n|\n|-weather|none\n|-heal|p1a: Bellossom|194/263|[from] item: Leftovers\n|upkeep\n|turn|13\n|\n|t:|1781380491\n|switch|p1a: Mightyena|Mightyena, L96, M|290/290\n|-ability|p1a: Mightyena|Intimidate|boost\n|-unboost|p2a: Heatran|atk|1\n|move|p2a: Heatran|Stealth Rock|p1a: Mightyena\n|-sidestart|p1: NickPlayeZ|move: Stealth Rock\n|\n|upkeep\n|turn|14\n|\n|t:|1781380498\n|move|p1a: Mightyena|Crunch|p2a: Heatran\n|-damage|p2a: Heatran|122/273\n|move|p2a: Heatran|Lava Plume|p1a: Mightyena\n|-damage|p1a: Mightyena|181/290\n|-status|p1a: Mightyena|brn\n|\n|-damage|p1a: Mightyena|163/290 brn|[from] brn\n|upkeep\n|turn|15\n|\n|t:|1781380506\n|move|p1a: Mightyena|Crunch|p2a: Heatran\n|-damage|p2a: Heatran|47/273\n|move|p2a: Heatran|Heavy Slam|p1a: Mightyena\n|-damage|p1a: Mightyena|85/290 brn\n|\n|-damage|p1a: Mightyena|67/290 brn|[from] brn\n|upkeep\n|turn|16\n|\n|t:|1781380524\n|move|p1a: Mightyena|Crunch|p2a: Heatran\n|-damage|p2a: Heatran|0 fnt\n|faint|p2a: Heatran\n|\n|-damage|p1a: Mightyena|49/290 brn|[from] brn\n|upkeep\n|\n|t:|1781380530\n|switch|p2a: Kyogre|Kyogre, L71|259/259\n|-weather|RainDance|[from] ability: Drizzle|[of] p2a: Kyogre\n|turn|17\n|\n|t:|1781380534\n|move|p2a: Kyogre|Water Spout|p1a: Mightyena\n|-damage|p1a: Mightyena|0 fnt\n|faint|p1a: Mightyena\n|\n|-weather|RainDance|[upkeep]\n|upkeep\n|\n|t:|1781380537\n|switch|p1a: Bellossom|Bellossom, L84, M|194/263\n|-damage|p1a: Bellossom|162/263|[from] Stealth Rock\n|turn|18\n|\n|t:|1781380542\n|switch|p2a: Dragalge|Dragalge, L88, M|258/258\n|move|p1a: Bellossom|Giga Drain|p2a: Dragalge\n|-resisted|p2a: Dragalge\n|-damage|p2a: Dragalge|249/258\n|-heal|p1a: Bellossom|167/263|[from] drain|[of] p2a: Dragalge\n|\n|-weather|RainDance|[upkeep]\n|-heal|p1a: Bellossom|183/263|[from] item: Leftovers\n|upkeep\n|turn|19\n|c|\u2606NickPlayeZ|lmao\n|\n|t:|1781380551\n|-terastallize|p1a: Bellossom|Poison\n|move|p1a: Bellossom|Quiver Dance|p1a: Bellossom\n|-boost|p1a: Bellossom|spa|1\n|-boost|p1a: Bellossom|spd|1\n|-boost|p1a: Bellossom|spe|1\n|move|p2a: Dragalge|Dragon Tail|p1a: Bellossom\n|-damage|p1a: Bellossom|105/263\n|drag|p1a: Emboar|Emboar, L84, M|322/322\n|-damage|p1a: Emboar|282/322|[from] Stealth Rock\n|\n|-weather|RainDance|[upkeep]\n|upkeep\n|turn|20\n|c|\u2606NickPlayeZ|bg\n|-message|NickPlayeZ forfeited.\n|\n|win|JayCroc\n", "uploadtime": 1781380299, "views": 11, "formatid": "gen9randombattle", "rating": null, "private": 0, "password": null}