{"id": "gen9randombattle-2631652439", "format": "[Gen 9] Random Battle", "players": ["MMF6G", "Zabuqa"], "log": "|j|\u2606MMF6G\n|j|\u2606Zabuqa\n|t:|1781415315\n|gametype|singles\n|player|p1|MMF6G|veteran|2016\n|player|p2|Zabuqa|ghetsis|2013\n|gen|9\n|tier|[Gen 9] Random Battle\n|rated|\n|rule|Species Clause: Limit one of each Pok\u00e9mon\n|rule|HP Percentage Mod: HP is shown in percentages\n|rule|Sleep Clause Mod: Limit one foe put to sleep\n|rule|Illusion Level Mod: Illusion disguises the Pok\u00e9mon's true level\n|\n|t:|1781415315\n|teamsize|p1|6\n|teamsize|p2|6\n|start\n|switch|p1a: Articuno|Articuno-Galar, L84|288/288\n|switch|p2a: Rillaboom|Rillaboom, L79, M|288/288\n|-fieldstart|move: Grassy Terrain|[from] ability: Grassy Surge|[of] p2a: Rillaboom\n|turn|1\n|inactive|Battle timer is ON: inactive players will automatically lose when time's up. (requested by MMF6G)\n|\n|t:|1781415342\n|move|p1a: Articuno|Hurricane|p2a: Rillaboom\n|-supereffective|p2a: Rillaboom\n|-damage|p2a: Rillaboom|0 fnt\n|faint|p2a: Rillaboom\n|\n|upkeep\n|\n|t:|1781415353\n|switch|p2a: Ambipom|Ambipom, L84, F|263/263\n|turn|2\n|\n|t:|1781415357\n|switch|p1a: Sableye|Sableye, L88, M|231/231\n|move|p2a: Ambipom|Triple Axel|p1a: Sableye\n|-crit|p1a: Sableye\n|-damage|p1a: Sableye|180/231\n|-damage|p1a: Sableye|114/231\n|-damage|p1a: Sableye|12/231\n|-hitcount|p1a: Sableye|3\n|\n|-heal|p1a: Sableye|26/231|[from] Grassy Terrain\n|-heal|p1a: Sableye|40/231|[from] item: Leftovers\n|upkeep\n|turn|3\n|\n|t:|1781415376\n|switch|p2a: Ariados|Ariados, L95, F|287/287\n|move|p1a: Sableye|Will-O-Wisp|p2a: Ariados\n|-status|p2a: Ariados|brn\n|\n|-heal|p1a: Sableye|54/231|[from] Grassy Terrain\n|-heal|p1a: Sableye|68/231|[from] item: Leftovers\n|-damage|p2a: Ariados|270/287 brn|[from] brn\n|upkeep\n|turn|4\n|j| Zyroth_7\n|\n|t:|1781415386\n|move|p1a: Sableye|Recover|p1a: Sableye\n|-heal|p1a: Sableye|184/231\n|move|p2a: Ariados|Sticky Web|p1a: Sableye\n|-sidestart|p1: MMF6G|move: Sticky Web\n|\n|-heal|p1a: Sableye|198/231|[from] Grassy Terrain\n|-heal|p1a: Sableye|212/231|[from] item: Leftovers\n|-heal|p2a: Ariados|287/287 brn|[from] Grassy Terrain\n|-damage|p2a: Ariados|270/287 brn|[from] brn\n|upkeep\n|turn|5\n|\n|t:|1781415400\n|move|p1a: Sableye|Encore|p2a: Ariados\n|-start|p2a: Ariados|Encore\n|move|p2a: Ariados|Sticky Web||[still]\n|-fail|p2a: Ariados\n|\n|-heal|p1a: Sableye|226/231|[from] Grassy Terrain\n|-heal|p1a: Sableye|231/231|[from] item: Leftovers\n|-heal|p2a: Ariados|287/287 brn|[from] Grassy Terrain\n|-damage|p2a: Ariados|270/287 brn|[from] brn\n|-fieldend|move: Grassy Terrain\n|upkeep\n|turn|6\n|\n|t:|1781415413\n|switch|p1a: Toedscruel|Toedscruel, L87, M|281/281\n|-activate|p1a: Toedscruel|move: Sticky Web\n|-unboost|p1a: Toedscruel|spe|1\n|switch|p2a: Frosmoth|Frosmoth, L82, F|249/249\n|\n|upkeep\n|turn|7\n|\n|t:|1781415428\n|-terastallize|p1a: Toedscruel|Water\n|move|p2a: Frosmoth|Quiver Dance|p2a: Frosmoth\n|-boost|p2a: Frosmoth|spa|1\n|-boost|p2a: Frosmoth|spd|1\n|-boost|p2a: Frosmoth|spe|1\n|move|p1a: Toedscruel|Spore|p2a: Frosmoth\n|-status|p2a: Frosmoth|slp|[from] move: Spore\n|\n|upkeep\n|turn|8\n|\n|t:|1781415435\n|cant|p2a: Frosmoth|slp\n|move|p1a: Toedscruel|Rapid Spin|p2a: Frosmoth\n|-damage|p2a: Frosmoth|206/249 slp\n|-boost|p1a: Toedscruel|spe|1\n|-sideend|p1: MMF6G|Sticky Web|[from] move: Rapid Spin|[of] p1a: Toedscruel\n|\n|upkeep\n|turn|9\n|\n|t:|1781415445\n|switch|p1a: Grafaiai|Grafaiai, L86, M|249/249\n|cant|p2a: Frosmoth|slp\n|\n|upkeep\n|turn|10\n|\n|t:|1781415465\n|switch|p2a: Ariados|Ariados, L95, F|270/287 brn\n|move|p1a: Grafaiai|Gunk Shot|p2a: Ariados\n|-resisted|p2a: Ariados\n|-damage|p2a: Ariados|186/287 brn\n|-damage|p1a: Grafaiai|225/249|[from] item: Life Orb\n|\n|-damage|p2a: Ariados|169/287 brn|[from] brn\n|upkeep\n|turn|11\n|\n|t:|1781415474\n|switch|p1a: Sableye|Sableye, L88, M|231/231\n|move|p2a: Ariados|Sticky Web|p1a: Sableye\n|-sidestart|p1: MMF6G|move: Sticky Web\n|\n|-damage|p2a: Ariados|152/287 brn|[from] brn\n|upkeep\n|turn|12\n|\n|t:|1781415487\n|switch|p2a: Frosmoth|Frosmoth, L82, F|206/249 slp\n|move|p1a: Sableye|Knock Off|p2a: Frosmoth\n|-damage|p2a: Frosmoth|86/249 slp\n|-enditem|p2a: Frosmoth|Heavy-Duty Boots|[from] move: Knock Off|[of] p1a: Sableye\n|\n|upkeep\n|turn|13\n|\n|t:|1781415497\n|-curestatus|p2a: Frosmoth|slp|[msg]\n|move|p2a: Frosmoth|Bug Buzz|p1a: Sableye\n|-damage|p1a: Sableye|93/231\n|move|p1a: Sableye|Knock Off|p2a: Frosmoth\n|-damage|p2a: Frosmoth|0 fnt\n|faint|p2a: Frosmoth\n|\n|-heal|p1a: Sableye|107/231|[from] item: Leftovers\n|upkeep\n|\n|t:|1781415507\n|switch|p2a: Raichu|Raichu-Alola, L87, F|246/246\n|turn|14\n|\n|t:|1781415518\n|switch|p1a: Toedscruel|Toedscruel, L87, M, tera:Water|281/281\n|-activate|p1a: Toedscruel|move: Sticky Web\n|-unboost|p1a: Toedscruel|spe|1\n|move|p2a: Raichu|Thunderbolt|p1a: Toedscruel\n|-supereffective|p1a: Toedscruel\n|-damage|p1a: Toedscruel|86/281\n|-damage|p2a: Raichu|222/246|[from] item: Life Orb\n|\n|-heal|p1a: Toedscruel|103/281|[from] item: Leftovers\n|upkeep\n|turn|15\n|\n|t:|1781415533\n|move|p2a: Raichu|Nasty Plot|p2a: Raichu\n|-boost|p2a: Raichu|spa|2\n|move|p1a: Toedscruel|Rapid Spin|p2a: Raichu\n|-damage|p2a: Raichu|183/246\n|-boost|p1a: Toedscruel|spe|1\n|-sideend|p1: MMF6G|Sticky Web|[from] move: Rapid Spin|[of] p1a: Toedscruel\n|\n|-heal|p1a: Toedscruel|120/281|[from] item: Leftovers\n|upkeep\n|turn|16\n|\n|t:|1781415541\n|move|p2a: Raichu|Thunderbolt|p1a: Toedscruel\n|-supereffective|p1a: Toedscruel\n|-damage|p1a: Toedscruel|0 fnt\n|faint|p1a: Toedscruel\n|-damage|p2a: Raichu|159/246|[from] item: Life Orb\n|\n|upkeep\n|\n|t:|1781415550\n|switch|p1a: Regigigas|Regigigas, L84|322/322\n|-start|p1a: Regigigas|ability: Slow Start\n|turn|17\n|\n|t:|1781415555\n|move|p2a: Raichu|Thunderbolt|p1a: Regigigas\n|-damage|p1a: Regigigas|108/322\n|-damage|p2a: Raichu|135/246|[from] item: Life Orb\n|move|p1a: Regigigas|Knock Off|p2a: Raichu\n|-supereffective|p2a: Raichu\n|-damage|p2a: Raichu|0 fnt\n|-enditem|p2a: Raichu|Life Orb|[from] move: Knock Off|[of] p1a: Regigigas\n|faint|p2a: Raichu\n|\n|-heal|p1a: Regigigas|128/322|[from] item: Leftovers\n|upkeep\n|\n|t:|1781415574\n|switch|p2a: Ambipom|Ambipom, L84, F|263/263\n|turn|18\n|\n|t:|1781415583\n|switch|p1a: Sableye|Sableye, L88, M|107/231\n|move|p2a: Ambipom|Triple Axel|p1a: Sableye\n|-damage|p1a: Sableye|72/231\n|-damage|p1a: Sableye|1/231\n|-damage|p1a: Sableye|0 fnt\n|faint|p1a: Sableye\n|-hitcount|p1: Sableye|3\n|\n|upkeep\n|\n|t:|1781415591\n|switch|p1a: Fezandipiti|Fezandipiti, L82, M|278/278\n|turn|19\n|\n|t:|1781415596\n|-terastallize|p2a: Ambipom|Ice\n|move|p2a: Ambipom|Triple Axel|p1a: Fezandipiti\n|-damage|p1a: Fezandipiti|224/278\n|-damage|p1a: Fezandipiti|116/278\n|-crit|p1a: Fezandipiti\n|-damage|p1a: Fezandipiti|0 fnt\n|faint|p1a: Fezandipiti\n|-hitcount|p1: Fezandipiti|3\n|\n|upkeep\n|\n|t:|1781415602\n|switch|p1a: Grafaiai|Grafaiai, L86, M|225/249\n|turn|20\n|\n|t:|1781415608\n|move|p2a: Ambipom|Triple Axel|p1a: Grafaiai\n|-damage|p1a: Grafaiai|170/249\n|-damage|p1a: Grafaiai|41/249\n|-damage|p1a: Grafaiai|0 fnt\n|faint|p1a: Grafaiai\n|-hitcount|p1: Grafaiai|3\n|\n|upkeep\n|\n|t:|1781415613\n|switch|p1a: Articuno|Articuno-Galar, L84|288/288\n|turn|21\n|\n|t:|1781415616\n|move|p2a: Ambipom|Triple Axel|p1a: Articuno\n|-supereffective|p1a: Articuno\n|-damage|p1a: Articuno|190/288\n|-supereffective|p1a: Articuno\n|-damage|p1a: Articuno|0 fnt\n|faint|p1a: Articuno\n|-hitcount|p1: Articuno|2\n|\n|upkeep\n|-message|MMF6G forfeited.\n|\n|win|Zabuqa\n", "uploadtime": 1781415317, "views": 3, "formatid": "gen9randombattle", "rating": null, "private": 0, "password": null}