{"id": "gen9randombattle-2631820754", "format": "[Gen 9] Random Battle", "players": ["mundigsters", "AmroE13"], "log": "|j|\u2606mundigsters\n|j|\u2606AmroE13\n|t:|1781444357\n|gametype|singles\n|player|p1|mundigsters|2|2009\n|player|p2|AmroE13|266|1968\n|gen|9\n|tier|[Gen 9] Random Battle\n|rated|\n|rule|Species Clause: Limit one of each Pok\u00e9mon\n|rule|HP Percentage Mod: HP is shown in percentages\n|rule|Sleep Clause Mod: Limit one foe put to sleep\n|rule|Illusion Level Mod: Illusion disguises the Pok\u00e9mon's true level\n|\n|t:|1781444357\n|teamsize|p1|6\n|teamsize|p2|6\n|start\n|switch|p1a: Hitmonlee|Hitmonlee, L85, M|223/223\n|switch|p2a: Dugtrio|Dugtrio-Alola, L84, M|196/196\n|turn|1\n|inactive|Battle timer is ON: inactive players will automatically lose when time's up. (requested by AmroE13)\n|\n|t:|1781444375\n|switch|p2a: Arcanine|Arcanine, L84, F|288/288\n|-ability|p2a: Arcanine|Intimidate|boost\n|-unboost|p1a: Hitmonlee|atk|1\n|switch|p1a: Pelipper|Pelipper, L86, F|243/243\n|-weather|RainDance|[from] ability: Drizzle|[of] p1a: Pelipper\n|\n|-weather|RainDance|[upkeep]\n|upkeep\n|turn|2\n|\n|t:|1781444396\n|switch|p2a: Dragonite|Dragonite, L74, M|257/257\n|move|p1a: Pelipper|Weather Ball|p2a: Dragonite\n|-resisted|p2a: Dragonite\n|-damage|p2a: Dragonite|198/257\n|\n|-weather|RainDance|[upkeep]\n|upkeep\n|turn|3\n|\n|t:|1781444416\n|switch|p1a: Samurott|Samurott, L88, M|310/310\n|move|p2a: Dragonite|Dragon Dance|p2a: Dragonite\n|-boost|p2a: Dragonite|atk|1\n|-boost|p2a: Dragonite|spe|1\n|\n|-weather|RainDance|[upkeep]\n|upkeep\n|turn|4\n|\n|t:|1781444423\n|move|p2a: Dragonite|Roost|p2a: Dragonite\n|-heal|p2a: Dragonite|257/257\n|-singleturn|p2a: Dragonite|move: Roost\n|move|p1a: Samurott|Liquidation|p2a: Dragonite\n|-resisted|p2a: Dragonite\n|-damage|p2a: Dragonite|208/257\n|-damage|p1a: Samurott|279/310|[from] item: Life Orb\n|\n|-weather|RainDance|[upkeep]\n|upkeep\n|turn|5\n|\n|t:|1781444431\n|move|p2a: Dragonite|Roost|p2a: Dragonite\n|-heal|p2a: Dragonite|257/257\n|-singleturn|p2a: Dragonite|move: Roost\n|move|p1a: Samurott|Swords Dance|p1a: Samurott\n|-boost|p1a: Samurott|atk|2\n|\n|-weather|none\n|upkeep\n|turn|6\n|\n|t:|1781444440\n|move|p2a: Dragonite|Dragon Dance|p2a: Dragonite\n|-boost|p2a: Dragonite|atk|1\n|-boost|p2a: Dragonite|spe|1\n|move|p1a: Samurott|Liquidation|p2a: Dragonite\n|-resisted|p2a: Dragonite\n|-damage|p2a: Dragonite|187/257\n|-damage|p1a: Samurott|248/310|[from] item: Life Orb\n|\n|upkeep\n|turn|7\n|\n|t:|1781444447\n|move|p2a: Dragonite|Roost|p2a: Dragonite\n|-heal|p2a: Dragonite|257/257\n|-singleturn|p2a: Dragonite|move: Roost\n|move|p1a: Samurott|Liquidation|p2a: Dragonite\n|-resisted|p2a: Dragonite\n|-damage|p2a: Dragonite|187/257\n|-damage|p1a: Samurott|217/310|[from] item: Life Orb\n|\n|upkeep\n|turn|8\n|\n|t:|1781444455\n|move|p2a: Dragonite|Roost|p2a: Dragonite\n|-heal|p2a: Dragonite|257/257\n|-singleturn|p2a: Dragonite|move: Roost\n|move|p1a: Samurott|Liquidation|p2a: Dragonite\n|-resisted|p2a: Dragonite\n|-damage|p2a: Dragonite|182/257\n|-damage|p1a: Samurott|186/310|[from] item: Life Orb\n|\n|upkeep\n|turn|9\n|\n|t:|1781444463\n|move|p2a: Dragonite|Roost|p2a: Dragonite\n|-heal|p2a: Dragonite|257/257\n|-singleturn|p2a: Dragonite|move: Roost\n|move|p1a: Samurott|Liquidation|p2a: Dragonite\n|-resisted|p2a: Dragonite\n|-crit|p2a: Dragonite\n|-damage|p2a: Dragonite|146/257\n|-damage|p1a: Samurott|155/310|[from] item: Life Orb\n|\n|upkeep\n|turn|10\n|\n|t:|1781444471\n|move|p2a: Dragonite|Roost|p2a: Dragonite\n|-heal|p2a: Dragonite|257/257\n|-singleturn|p2a: Dragonite|move: Roost\n|move|p1a: Samurott|Liquidation|p2a: Dragonite\n|-resisted|p2a: Dragonite\n|-damage|p2a: Dragonite|187/257\n|-damage|p1a: Samurott|124/310|[from] item: Life Orb\n|\n|upkeep\n|turn|11\n|\n|t:|1781444480\n|move|p2a: Dragonite|Earthquake|p1a: Samurott\n|-damage|p1a: Samurott|0 fnt\n|faint|p1a: Samurott\n|\n|upkeep\n|\n|t:|1781444486\n|switch|p1a: Gholdengo|Gholdengo, L77|261/261\n|turn|12\n|\n|t:|1781444495\n|move|p2a: Dragonite|Earthquake|p1a: Gholdengo\n|-supereffective|p1a: Gholdengo\n|-damage|p1a: Gholdengo|0 fnt\n|faint|p1a: Gholdengo\n|\n|upkeep\n|\n|t:|1781444497\n|switch|p1a: Hitmonlee|Hitmonlee, L85, M|223/223\n|turn|13\n|\n|t:|1781444500\n|move|p2a: Dragonite|Outrage|p1a: Hitmonlee\n|-damage|p1a: Hitmonlee|0 fnt\n|faint|p1a: Hitmonlee\n|\n|upkeep\n|\n|t:|1781444505\n|switch|p1a: Decidueye|Decidueye-Hisui, L87, M|295/295\n|turn|14\n|\n|t:|1781444510\n|-terastallize|p1a: Decidueye|Steel\n|move|p2a: Dragonite|Outrage|p1a: Decidueye|[from] lockedmove\n|-resisted|p1a: Decidueye\n|-damage|p1a: Decidueye|157/295\n|-start|p2a: Dragonite|confusion|[fatigue]\n|move|p1a: Decidueye|Triple Arrows|p2a: Dragonite\n|-resisted|p2a: Dragonite\n|-crit|p2a: Dragonite\n|-damage|p2a: Dragonite|93/257\n|-unboost|p2a: Dragonite|def|1\n|\n|-heal|p1a: Decidueye|175/295|[from] item: Leftovers\n|upkeep\n|turn|15\n|\n|t:|1781444514\n|-activate|p2a: Dragonite|confusion\n|-damage|p2a: Dragonite|4/257|[from] confusion\n|move|p1a: Decidueye|Triple Arrows|p2a: Dragonite\n|-resisted|p2a: Dragonite\n|-damage|p2a: Dragonite|0 fnt\n|faint|p2a: Dragonite\n|\n|-heal|p1a: Decidueye|193/295|[from] item: Leftovers\n|upkeep\n|inactive|AmroE13 has 120 seconds left.\n|\n|t:|1781444546\n|switch|p2a: Arcanine|Arcanine, L84, F|288/288\n|-ability|p2a: Arcanine|Intimidate|boost\n|-fail|p1a: Decidueye|unboost|Attack|[from] ability: Scrappy|[of] p1a: Decidueye\n|turn|16\n|\n|t:|1781444556\n|move|p2a: Arcanine|Flare Blitz|p1a: Decidueye\n|-supereffective|p1a: Decidueye\n|-damage|p1a: Decidueye|0 fnt\n|faint|p1a: Decidueye\n|-damage|p2a: Arcanine|224/288|[from] Recoil\n|\n|upkeep\n|\n|t:|1781444560\n|switch|p1a: Pelipper|Pelipper, L86, F|243/243\n|-weather|RainDance|[from] ability: Drizzle|[of] p1a: Pelipper\n|turn|17\n|\n|t:|1781444573\n|move|p2a: Arcanine|Extreme Speed|p1a: Pelipper\n|-damage|p1a: Pelipper|190/243\n|move|p1a: Pelipper|Weather Ball|p2a: Arcanine\n|-supereffective|p2a: Arcanine\n|-damage|p2a: Arcanine|0 fnt\n|faint|p2a: Arcanine\n|\n|-weather|RainDance|[upkeep]\n|upkeep\n|\n|t:|1781444580\n|switch|p2a: Ambipom|Ambipom, L84, F|263/263\n|turn|18\n|\n|t:|1781444585\n|move|p2a: Ambipom|Double-Edge|p1a: Pelipper\n|-damage|p1a: Pelipper|28/243\n|-damage|p2a: Ambipom|210/263|[from] Recoil\n|move|p1a: Pelipper|Weather Ball|p2a: Ambipom\n|-damage|p2a: Ambipom|0 fnt\n|faint|p2a: Ambipom\n|\n|-weather|RainDance|[upkeep]\n|upkeep\n|\n|t:|1781444592\n|switch|p2a: Dugtrio|Dugtrio-Alola, L84, M|196/196\n|turn|19\n|\n|t:|1781444605\n|move|p2a: Dugtrio|Iron Head|p1a: Pelipper\n|-resisted|p1a: Pelipper\n|-damage|p1a: Pelipper|0 fnt\n|faint|p1a: Pelipper\n|-damage|p2a: Dugtrio|177/196|[from] item: Life Orb\n|\n|-weather|RainDance|[upkeep]\n|upkeep\n|\n|t:|1781444606\n|switch|p1a: Squawkabilly|Squawkabilly-Blue, L85, M|278/278\n|turn|20\n|\n|t:|1781444615\n|move|p1a: Squawkabilly|Protect|p1a: Squawkabilly\n|-singleturn|p1a: Squawkabilly|Protect\n|move|p2a: Dugtrio|Iron Head|p1a: Squawkabilly\n|-activate|p1a: Squawkabilly|move: Protect\n|\n|-weather|RainDance|[upkeep]\n|-status|p1a: Squawkabilly|brn|[from] item: Flame Orb\n|upkeep\n|turn|21\n|\n|t:|1781444621\n|move|p2a: Dugtrio|Iron Head|p1a: Squawkabilly\n|-damage|p1a: Squawkabilly|118/278 brn\n|-damage|p2a: Dugtrio|158/196|[from] item: Life Orb\n|move|p1a: Squawkabilly|Facade|p2a: Dugtrio\n|-resisted|p2a: Dugtrio\n|-damage|p2a: Dugtrio|6/196\n|-ability|p2a: Dugtrio|Tangling Hair\n|-unboost|p1a: Squawkabilly|spe|1\n|\n|-weather|none\n|-damage|p1a: Squawkabilly|101/278 brn|[from] brn\n|upkeep\n|turn|22\n|\n|t:|1781444629\n|move|p2a: Dugtrio|Sucker Punch|p1a: Squawkabilly\n|-damage|p1a: Squawkabilly|7/278 brn\n|-damage|p2a: Dugtrio|0 fnt|[from] item: Life Orb\n|faint|p2a: Dugtrio\n|move|p1a: Squawkabilly|Quick Attack|p2: Dugtrio|[notarget]\n|-fail|p1a: Squawkabilly\n|\n|-damage|p1a: Squawkabilly|0 fnt|[from] brn\n|faint|p1a: Squawkabilly\n|\n|win|AmroE13\n|raw|mundigsters's rating: 2009 &rarr; <strong>1987</strong><br />(-22 for losing)\n|raw|AmroE13's rating: 1968 &rarr; <strong>1990</strong><br />(+22 for winning)\n|l|\u2606mundigsters\n|player|p1|\n", "uploadtime": 1781444359, "views": 3, "formatid": "gen9randombattle", "rating": 1987, "private": 0, "password": null}