{"id": "gen9randombattle-2631898592", "format": "[Gen 9] Random Battle", "players": ["fugues firmaments", "Dr.Werxzty"], "log": "|j|\u2606fugues firmaments\n|j|\u2606Dr.Werxzty\n|t:|1781453393\n|gametype|singles\n|player|p1|fugues firmaments|parasollady|1325\n|player|p2|Dr.Werxzty|lance|1326\n|gen|9\n|tier|[Gen 9] Random Battle\n|rated|\n|rule|Species Clause: Limit one of each Pok\u00e9mon\n|rule|HP Percentage Mod: HP is shown in percentages\n|rule|Sleep Clause Mod: Limit one foe put to sleep\n|rule|Illusion Level Mod: Illusion disguises the Pok\u00e9mon's true level\n|\n|t:|1781453393\n|teamsize|p1|6\n|teamsize|p2|6\n|start\n|switch|p1a: Mimikyu|Mimikyu, L79, F|216/216\n|switch|p2a: Dugtrio|Dugtrio-Alola, L84, F|196/196\n|turn|1\n|inactive|Battle timer is ON: inactive players will automatically lose when time's up. (requested by fugues firmaments)\n|inactive|Dr.Werxzty has 120 seconds left.\n|inactive|Dr.Werxzty has 90 seconds left.\n|\n|t:|1781453460\n|switch|p2a: Grimmsnarl|Grimmsnarl, L83, M|293/293\n|switch|p1a: Staraptor|Staraptor, L79, M|263/263\n|\n|upkeep\n|turn|2\n|\n|t:|1781453484\n|move|p2a: Grimmsnarl|Parting Shot|p1a: Staraptor\n|-unboost|p1a: Staraptor|atk|1\n|-unboost|p1a: Staraptor|spa|1\n|\n|t:|1781453493\n|switch|p2a: Tyranitar|Tyranitar, L78, M|284/284|[from] Parting Shot\n|-weather|Sandstorm|[from] ability: Sand Stream|[of] p2a: Tyranitar\n|move|p1a: Staraptor|Brave Bird|p2a: Tyranitar\n|-resisted|p2a: Tyranitar\n|-damage|p2a: Tyranitar|234/284\n|-damage|p1a: Staraptor|246/263|[from] Recoil\n|\n|-weather|Sandstorm|[upkeep]\n|-damage|p1a: Staraptor|230/263|[from] Sandstorm\n|upkeep\n|turn|3\n|\n|t:|1781453509\n|switch|p1a: Tyranitar|Tyranitar, L78, F|284/284\n|move|p2a: Tyranitar|Dragon Dance|p2a: Tyranitar\n|-boost|p2a: Tyranitar|atk|1\n|-boost|p2a: Tyranitar|spe|1\n|\n|-weather|Sandstorm|[upkeep]\n|upkeep\n|turn|4\n|inactive|Dr.Werxzty has 120 seconds left.\n|\n|t:|1781453536\n|move|p2a: Tyranitar|Stone Edge|p1a: Tyranitar|[miss]\n|-miss|p2a: Tyranitar|p1a: Tyranitar\n|move|p1a: Tyranitar|Stone Edge|p2a: Tyranitar\n|-damage|p2a: Tyranitar|117/284\n|\n|-weather|Sandstorm|[upkeep]\n|upkeep\n|turn|5\n|inactive|Dr.Werxzty has 120 seconds left.\n|\n|t:|1781453551\n|-terastallize|p1a: Tyranitar|Rock\n|move|p2a: Tyranitar|Stone Edge|p1a: Tyranitar\n|-damage|p1a: Tyranitar|125/284\n|move|p1a: Tyranitar|Stone Edge|p2a: Tyranitar|[miss]\n|-miss|p1a: Tyranitar|p2a: Tyranitar\n|\n|-weather|Sandstorm|[upkeep]\n|upkeep\n|turn|6\n|\n|t:|1781453561\n|move|p2a: Tyranitar|Knock Off|p1a: Tyranitar\n|-damage|p1a: Tyranitar|0 fnt\n|-enditem|p1a: Tyranitar|Weakness Policy|[from] move: Knock Off|[of] p2a: Tyranitar\n|faint|p1a: Tyranitar\n|\n|-weather|none\n|upkeep\n|\n|t:|1781453568\n|switch|p1a: Staraptor|Staraptor, L79, M|230/263\n|turn|7\n|\n|t:|1781453575\n|move|p1a: Staraptor|Close Combat|p2a: Tyranitar\n|-supereffective|p2a: Tyranitar\n|-damage|p2a: Tyranitar|0 fnt\n|-unboost|p1a: Staraptor|def|1\n|-unboost|p1a: Staraptor|spd|1\n|faint|p2a: Tyranitar\n|\n|upkeep\n|\n|t:|1781453586\n|switch|p2a: Grimmsnarl|Grimmsnarl, L83, M|293/293\n|turn|8\n|\n|t:|1781453594\n|move|p2a: Grimmsnarl|Parting Shot|p1a: Staraptor\n|-unboost|p1a: Staraptor|atk|1\n|-unboost|p1a: Staraptor|spa|1\n|\n|t:|1781453606\n|switch|p2a: Gastrodon|Gastrodon, L86, M|331/331|[from] Parting Shot\n|move|p1a: Staraptor|Close Combat|p2a: Gastrodon\n|-damage|p2a: Gastrodon|261/331\n|-unboost|p1a: Staraptor|def|1\n|-unboost|p1a: Staraptor|spd|1\n|\n|-heal|p2a: Gastrodon|281/331|[from] item: Leftovers\n|upkeep\n|turn|9\n|\n|t:|1781453621\n|switch|p1a: Cinccino|Cinccino, L83, F|260/260\n|move|p2a: Gastrodon|Surf|p1a: Cinccino\n|-damage|p1a: Cinccino|122/260\n|\n|-heal|p2a: Gastrodon|301/331|[from] item: Leftovers\n|upkeep\n|turn|10\n|inactive|Dr.Werxzty has 120 seconds left.\n|\n|t:|1781453651\n|-terastallize|p2a: Gastrodon|Steel\n|move|p1a: Cinccino|Bullet Seed|p2a: Gastrodon\n|-resisted|p2a: Gastrodon\n|-damage|p2a: Gastrodon|285/331\n|-resisted|p2a: Gastrodon\n|-damage|p2a: Gastrodon|271/331\n|-resisted|p2a: Gastrodon\n|-damage|p2a: Gastrodon|257/331\n|-resisted|p2a: Gastrodon\n|-damage|p2a: Gastrodon|243/331\n|-hitcount|p2a: Gastrodon|4\n|move|p2a: Gastrodon|Earthquake|p1a: Cinccino\n|-damage|p1a: Cinccino|0 fnt\n|faint|p1a: Cinccino\n|\n|-heal|p2a: Gastrodon|263/331|[from] item: Leftovers\n|upkeep\n|\n|t:|1781453665\n|switch|p1a: Staraptor|Staraptor, L79, M|230/263\n|turn|11\n|inactive|Dr.Werxzty has 120 seconds left.\n|\n|t:|1781453681\n|switch|p2a: Grimmsnarl|Grimmsnarl, L83, M|293/293\n|move|p1a: Staraptor|U-turn|p2a: Grimmsnarl\n|-damage|p2a: Grimmsnarl|229/293\n|\n|t:|1781453691\n|switch|p1a: Basculin|Basculin-Blue-Striped, L86, F|261/261|[from] U-turn\n|\n|-heal|p2a: Grimmsnarl|247/293|[from] item: Leftovers\n|upkeep\n|turn|12\n|\n|t:|1781453703\n|move|p2a: Grimmsnarl|Parting Shot|p1a: Basculin\n|-unboost|p1a: Basculin|atk|1\n|-unboost|p1a: Basculin|spa|1\n|\n|t:|1781453708\n|switch|p2a: Inteleon|Inteleon, L81, M|246/246|[from] Parting Shot\n|move|p1a: Basculin|Wave Crash|p2a: Inteleon\n|-resisted|p2a: Inteleon\n|-damage|p2a: Inteleon|131/246\n|-damage|p1a: Basculin|223/261|[from] Recoil\n|\n|upkeep\n|turn|13\n|\n|t:|1781453722\n|switch|p1a: Araquanid|Araquanid, L82, M|246/246\n|move|p2a: Inteleon|Hydro Pump|p1a: Araquanid\n|-resisted|p1a: Araquanid\n|-damage|p1a: Araquanid|168/246\n|\n|upkeep\n|turn|14\n|\n|t:|1781453740\n|switch|p2a: Gastrodon|Gastrodon, L86, M, tera:Steel|263/331\n|move|p1a: Araquanid|Mirror Coat||[still]\n|-fail|p1a: Araquanid\n|\n|-heal|p2a: Gastrodon|283/331|[from] item: Leftovers\n|upkeep\n|turn|15\n|\n|t:|1781453751\n|move|p1a: Araquanid|Sticky Web|p2a: Gastrodon\n|-sidestart|p2: Dr.Werxzty|move: Sticky Web\n|move|p2a: Gastrodon|Earthquake|p1a: Araquanid\n|-resisted|p1a: Araquanid\n|-damage|p1a: Araquanid|123/246\n|\n|-heal|p2a: Gastrodon|303/331|[from] item: Leftovers\n|upkeep\n|turn|16\n|\n|t:|1781453760\n|move|p1a: Araquanid|Liquidation|p2a: Gastrodon\n|-ability|p2a: Gastrodon|Storm Drain|boost\n|-boost|p2a: Gastrodon|spa|1\n|move|p2a: Gastrodon|Earthquake|p1a: Araquanid\n|-resisted|p1a: Araquanid\n|-damage|p1a: Araquanid|74/246\n|\n|-heal|p2a: Gastrodon|323/331|[from] item: Leftovers\n|upkeep\n|turn|17\n|\n|t:|1781453776\n|switch|p1a: Staraptor|Staraptor, L79, M|230/263\n|move|p2a: Gastrodon|Surf|p1a: Staraptor\n|-damage|p1a: Staraptor|17/263\n|\n|-heal|p2a: Gastrodon|331/331|[from] item: Leftovers\n|upkeep\n|turn|18\n|\n|t:|1781453792\n|move|p1a: Staraptor|Brave Bird|p2a: Gastrodon\n|-resisted|p2a: Gastrodon\n|-damage|p2a: Gastrodon|231/331\n|-damage|p1a: Staraptor|0 fnt|[from] Recoil\n|faint|p1a: Staraptor\n|move|p2a: Gastrodon|Ice Beam|p1: Staraptor|[notarget]\n|-fail|p2a: Gastrodon\n|\n|-heal|p2a: Gastrodon|251/331|[from] item: Leftovers\n|upkeep\n|\n|t:|1781453803\n|switch|p1a: Mimikyu|Mimikyu, L79, F|216/216\n|turn|19\n|\n|t:|1781453811\n|move|p1a: Mimikyu|Swords Dance|p1a: Mimikyu\n|-boost|p1a: Mimikyu|atk|2\n|move|p2a: Gastrodon|Ice Beam|p1a: Mimikyu\n|-activate|p1a: Mimikyu|ability: Disguise\n|-damage|p1a: Mimikyu|216/216\n|detailschange|p1a: Mimikyu|Mimikyu-Busted, L79, F\n|-damage|p1a: Mimikyu|189/216|[from] pokemon: Mimikyu-Busted\n|\n|-heal|p2a: Gastrodon|271/331|[from] item: Leftovers\n|upkeep\n|turn|20\n|\n|t:|1781453825\n|move|p1a: Mimikyu|Shadow Sneak|p2a: Gastrodon\n|-damage|p2a: Gastrodon|157/331\n|-damage|p1a: Mimikyu|168/216|[from] item: Life Orb\n|move|p2a: Gastrodon|Surf|p1a: Mimikyu\n|-damage|p1a: Mimikyu|23/216\n|\n|-heal|p2a: Gastrodon|177/331|[from] item: Leftovers\n|upkeep\n|turn|21\n|\n|t:|1781453837\n|move|p1a: Mimikyu|Shadow Claw|p2a: Gastrodon\n|-damage|p2a: Gastrodon|0 fnt\n|faint|p2a: Gastrodon\n|-damage|p1a: Mimikyu|2/216|[from] item: Life Orb\n|\n|upkeep\n|\n|t:|1781453857\n|switch|p2a: Grimmsnarl|Grimmsnarl, L83, M|247/293\n|-activate|p2a: Grimmsnarl|move: Sticky Web\n|-unboost|p2a: Grimmsnarl|spe|1\n|turn|22\n|\n|t:|1781453863\n|move|p2a: Grimmsnarl|Sucker Punch|p1a: Mimikyu\n|-damage|p1a: Mimikyu|0 fnt\n|faint|p1a: Mimikyu\n|\n|-heal|p2a: Grimmsnarl|265/293|[from] item: Leftovers\n|upkeep\n|\n|t:|1781453869\n|switch|p1a: Basculin|Basculin-Blue-Striped, L86, F|223/261\n|turn|23\n|\n|t:|1781453876\n|move|p2a: Grimmsnarl|Sucker Punch|p1a: Basculin\n|-damage|p1a: Basculin|112/261\n|move|p1a: Basculin|Double-Edge|p2a: Grimmsnarl\n|-damage|p2a: Grimmsnarl|115/293\n|-damage|p1a: Basculin|62/261|[from] Recoil\n|\n|-heal|p2a: Grimmsnarl|133/293|[from] item: Leftovers\n|upkeep\n|turn|24\n|\n|t:|1781453886\n|move|p2a: Grimmsnarl|Sucker Punch|p1a: Basculin\n|-damage|p1a: Basculin|0 fnt\n|faint|p1a: Basculin\n|\n|-heal|p2a: Grimmsnarl|151/293|[from] item: Leftovers\n|upkeep\n|\n|t:|1781453888\n|switch|p1a: Araquanid|Araquanid, L82, M|74/246\n|turn|25\n|\n|t:|1781453895\n|move|p1a: Araquanid|Liquidation|p2a: Grimmsnarl\n|-damage|p2a: Grimmsnarl|0 fnt\n|faint|p2a: Grimmsnarl\n|\n|upkeep\n|\n|t:|1781453904\n|switch|p2a: Zacian|Zacian-Crowned, L64|225/225\n|-activate|p2a: Zacian|move: Sticky Web\n|-unboost|p2a: Zacian|spe|1\n|-ability|p2a: Zacian|Intrepid Sword|boost\n|-boost|p2a: Zacian|atk|1\n|turn|26\n|\n|t:|1781453917\n|move|p2a: Zacian|Play Rough|p1a: Araquanid\n|-damage|p1a: Araquanid|0 fnt\n|faint|p1a: Araquanid\n|\n|win|Dr.Werxzty\n|raw|fugues firmaments's rating: 1325 &rarr; <strong>1305</strong><br />(-20 for losing)\n|raw|Dr.Werxzty's rating: 1326 &rarr; <strong>1346</strong><br />(+20 for winning)\n|l|\u2606fugues firmaments\n|player|p1|\n", "uploadtime": 1781454154, "views": 2, "formatid": "gen9randombattle", "rating": 1305, "private": 0, "password": null}