{"id": "gen9randombattle-2631967844", "format": "[Gen 9] Random Battle", "players": ["TheTruestBest", "atombomb69"], "log": "|j|\u2606TheTruestBest\n|j|\u2606atombomb69\n|t:|1781460943\n|gametype|singles\n|player|p1|TheTruestBest|n|1489\n|player|p2|atombomb69|marlon|1457\n|gen|9\n|tier|[Gen 9] Random Battle\n|rated|\n|rule|Species Clause: Limit one of each Pok\u00e9mon\n|rule|HP Percentage Mod: HP is shown in percentages\n|rule|Sleep Clause Mod: Limit one foe put to sleep\n|rule|Illusion Level Mod: Illusion disguises the Pok\u00e9mon's true level\n|\n|t:|1781460943\n|teamsize|p1|6\n|teamsize|p2|6\n|start\n|switch|p1a: Virizion|Virizion, L82|283/283\n|switch|p2a: Haxorus|Haxorus, L77, F|244/244\n|-ability|p2a: Haxorus|Mold Breaker\n|turn|1\n|inactive|Battle timer is ON: inactive players will automatically lose when time's up. (requested by atombomb69)\n|\n|t:|1781460954\n|switch|p1a: Qwilfish|Qwilfish-Hisui, L83, M|244/244\n|-ability|p1a: Qwilfish|Intimidate|boost\n|-unboost|p2a: Haxorus|atk|1\n|move|p2a: Haxorus|Dragon Dance|p2a: Haxorus\n|-boost|p2a: Haxorus|atk|1\n|-boost|p2a: Haxorus|spe|1\n|\n|upkeep\n|turn|2\n|\n|t:|1781460965\n|move|p2a: Haxorus|Earthquake|p1a: Qwilfish\n|-supereffective|p1a: Qwilfish\n|-damage|p1a: Qwilfish|126/244\n|move|p1a: Qwilfish|Gunk Shot|p2a: Haxorus\n|-damage|p2a: Haxorus|112/244\n|-status|p2a: Haxorus|psn\n|-enditem|p2a: Haxorus|Lum Berry|[eat]\n|-curestatus|p2a: Haxorus|psn|[msg]\n|\n|upkeep\n|turn|3\n|\n|t:|1781460976\n|-terastallize|p2a: Haxorus|Steel\n|move|p2a: Haxorus|Dragon Dance|p2a: Haxorus\n|-boost|p2a: Haxorus|atk|1\n|-boost|p2a: Haxorus|spe|1\n|move|p1a: Qwilfish|Gunk Shot|p2a: Haxorus\n|-immune|p2a: Haxorus\n|\n|upkeep\n|turn|4\n|\n|t:|1781460990\n|switch|p1a: Vespiquen|Vespiquen, L99, F|299/299\n|-ability|p1a: Vespiquen|Pressure\n|move|p2a: Haxorus|Earthquake|p1a: Vespiquen\n|-immune|p1a: Vespiquen\n|\n|upkeep\n|turn|5\n|\n|t:|1781461001\n|move|p2a: Haxorus|Outrage|p1a: Vespiquen\n|-damage|p1a: Vespiquen|124/299\n|move|p1a: Vespiquen|Hurricane|p2a: Haxorus\n|-resisted|p2a: Haxorus\n|-damage|p2a: Haxorus|21/244\n|-start|p2a: Haxorus|confusion\n|\n|upkeep\n|turn|6\n|\n|t:|1781461011\n|-activate|p2a: Haxorus|confusion\n|move|p2a: Haxorus|Outrage|p1a: Vespiquen|[from] lockedmove\n|-damage|p1a: Vespiquen|0 fnt\n|faint|p1a: Vespiquen\n|\n|upkeep\n|\n|t:|1781461018\n|switch|p1a: Qwilfish|Qwilfish-Hisui, L83, M|126/244\n|-ability|p1a: Qwilfish|Intimidate|boost\n|-unboost|p2a: Haxorus|atk|1\n|turn|7\n|\n|t:|1781461026\n|-activate|p2a: Haxorus|confusion\n|move|p2a: Haxorus|Earthquake|p1a: Qwilfish\n|-supereffective|p1a: Qwilfish\n|-damage|p1a: Qwilfish|10/244\n|move|p1a: Qwilfish|Crunch|p2a: Haxorus\n|-crit|p2a: Haxorus\n|-damage|p2a: Haxorus|0 fnt\n|faint|p2a: Haxorus\n|\n|upkeep\n|\n|t:|1781461047\n|switch|p2a: Volcarona|Volcarona, L77, F|257/257\n|turn|8\n|\n|t:|1781461058\n|switch|p1a: Snorlax|Snorlax, L82, M|397/397\n|move|p2a: Volcarona|Quiver Dance|p2a: Volcarona\n|-boost|p2a: Volcarona|spa|1\n|-boost|p2a: Volcarona|spd|1\n|-boost|p2a: Volcarona|spe|1\n|\n|upkeep\n|turn|9\n|\n|t:|1781461067\n|move|p2a: Volcarona|Quiver Dance|p2a: Volcarona\n|-boost|p2a: Volcarona|spa|1\n|-boost|p2a: Volcarona|spd|1\n|-boost|p2a: Volcarona|spe|1\n|move|p1a: Snorlax|Body Slam|p2a: Volcarona\n|-damage|p2a: Volcarona|122/257\n|\n|upkeep\n|turn|10\n|\n|t:|1781461075\n|move|p2a: Volcarona|Giga Drain|p1a: Snorlax\n|-damage|p1a: Snorlax|305/397\n|-heal|p2a: Volcarona|168/257|[from] drain|[of] p1a: Snorlax\n|move|p1a: Snorlax|Body Slam|p2a: Volcarona\n|-damage|p2a: Volcarona|32/257\n|\n|-heal|p1a: Snorlax|329/397|[from] item: Leftovers\n|upkeep\n|turn|11\n|\n|t:|1781461086\n|switch|p2a: Orthworm|Orthworm, L88, F|266/266\n|move|p1a: Snorlax|Body Slam|p2a: Orthworm\n|-resisted|p2a: Orthworm\n|-damage|p2a: Orthworm|238/266\n|\n|-heal|p2a: Orthworm|254/266|[from] item: Leftovers\n|-heal|p1a: Snorlax|353/397|[from] item: Leftovers\n|upkeep\n|turn|12\n|\n|t:|1781461100\n|switch|p1a: Qwilfish|Qwilfish-Hisui, L83, M|10/244\n|-ability|p1a: Qwilfish|Intimidate|boost\n|-unboost|p2a: Orthworm|atk|1\n|move|p2a: Orthworm|Shed Tail|p2a: Orthworm\n|-start|p2a: Orthworm|Substitute|[from] move: Shed Tail\n|-damage|p2a: Orthworm|121/266\n|\n|t:|1781461114\n|switch|p2a: Girafarig|Girafarig, L89, M|269/269|[from] Shed Tail\n|\n|upkeep\n|turn|13\n|\n|t:|1781461132\n|switch|p1a: Snorlax|Snorlax, L82, M|353/397\n|move|p2a: Girafarig|Hyper Voice|p1a: Snorlax\n|-damage|p1a: Snorlax|262/397\n|\n|-heal|p1a: Snorlax|286/397|[from] item: Leftovers\n|upkeep\n|turn|14\n|\n|t:|1781461141\n|move|p2a: Girafarig|Nasty Plot|p2a: Girafarig\n|-boost|p2a: Girafarig|spa|2\n|move|p1a: Snorlax|Body Slam|p2a: Girafarig\n|-end|p2a: Girafarig|Substitute\n|\n|-heal|p1a: Snorlax|310/397|[from] item: Leftovers\n|upkeep\n|turn|15\n|\n|t:|1781461150\n|move|p2a: Girafarig|Psyshock|p1a: Snorlax\n|-damage|p1a: Snorlax|75/397\n|move|p1a: Snorlax|Body Slam|p2a: Girafarig\n|-damage|p2a: Girafarig|191/269\n|\n|-heal|p1a: Snorlax|99/397|[from] item: Leftovers\n|upkeep\n|turn|16\n|\n|t:|1781461160\n|switch|p1a: Qwilfish|Qwilfish-Hisui, L83, M|10/244\n|-ability|p1a: Qwilfish|Intimidate|boost\n|-unboost|p2a: Girafarig|atk|1\n|move|p2a: Girafarig|Hyper Voice|p1a: Qwilfish\n|-damage|p1a: Qwilfish|0 fnt\n|faint|p1a: Qwilfish\n|\n|upkeep\n|\n|t:|1781461163\n|switch|p1a: Chi-Yu|Chi-Yu, L77|211/211\n|-ability|p1a: Chi-Yu|Beads of Ruin\n|turn|17\n|inactive|TheTruestBest has 120 seconds left.\n|\n|t:|1781461203\n|switch|p2a: Volcarona|Volcarona, L77, F|32/257\n|-terastallize|p1a: Chi-Yu|Dark\n|move|p1a: Chi-Yu|Dark Pulse|p2a: Volcarona\n|-damage|p2a: Volcarona|0 fnt\n|faint|p2a: Volcarona\n|\n|upkeep\n|\n|t:|1781461218\n|switch|p2a: Raging Bolt|Raging Bolt, L78|323/323\n|-enditem|p2a: Raging Bolt|Booster Energy\n|-activate|p2a: Raging Bolt|ability: Protosynthesis|[fromitem]\n|-start|p2a: Raging Bolt|protosynthesisspa\n|turn|18\n|inactive|TheTruestBest has 120 seconds left.\n|\n|t:|1781461233\n|move|p1a: Chi-Yu|Dark Pulse|p2a: Raging Bolt\n|-damage|p2a: Raging Bolt|151/323\n|move|p2a: Raging Bolt|Thunderbolt|p1a: Chi-Yu\n|-damage|p1a: Chi-Yu|81/211\n|\n|upkeep\n|turn|19\n|inactive|TheTruestBest has 120 seconds left.\n|\n|t:|1781461248\n|move|p2a: Raging Bolt|Thunderclap|p1a: Chi-Yu\n|-crit|p1a: Chi-Yu\n|-damage|p1a: Chi-Yu|0 fnt\n|faint|p1a: Chi-Yu\n|\n|upkeep\n|\n|t:|1781461251\n|switch|p1a: Virizion|Virizion, L82|283/283\n|turn|20\n|\n|t:|1781461268\n|-end|p2a: Raging Bolt|Protosynthesis|[silent]\n|switch|p2a: Farigiraf|Farigiraf, L90, F|362/362\n|move|p1a: Virizion|Close Combat|p2a: Farigiraf\n|-damage|p2a: Farigiraf|201/362\n|-unboost|p1a: Virizion|def|1\n|-unboost|p1a: Virizion|spd|1\n|-damage|p1a: Virizion|255/283|[from] item: Life Orb\n|\n|-heal|p2a: Farigiraf|223/362|[from] item: Leftovers\n|upkeep\n|turn|21\n|\n|t:|1781461284\n|switch|p1a: Snorlax|Snorlax, L82, M|99/397\n|move|p2a: Farigiraf|Wish|p2a: Farigiraf\n|\n|-heal|p2a: Farigiraf|245/362|[from] item: Leftovers\n|-heal|p1a: Snorlax|123/397|[from] item: Leftovers\n|upkeep\n|turn|22\n|\n|t:|1781461291\n|move|p2a: Farigiraf|Psychic Noise|p1a: Snorlax\n|-damage|p1a: Snorlax|30/397\n|-start|p1a: Snorlax|move: Heal Block\n|cant|p1a: Snorlax|move: Heal Block|Rest\n|\n|-heal|p2a: Farigiraf|362/362|[from] move: Wish|[wisher] Farigiraf\n|upkeep\n|turn|23\n|\n|t:|1781461301\n|move|p2a: Farigiraf|Body Slam|p1a: Snorlax\n|-damage|p1a: Snorlax|0 fnt\n|faint|p1a: Snorlax\n|\n|upkeep\n|\n|t:|1781461303\n|switch|p1a: Pyroar|Pyroar, L88, M|295/295\n|-ability|p1a: Pyroar|Unnerve\n|turn|24\n|\n|t:|1781461311\n|move|p1a: Pyroar|Dark Pulse|p2a: Farigiraf\n|-supereffective|p2a: Farigiraf\n|-damage|p2a: Farigiraf|212/362\n|move|p2a: Farigiraf|Body Slam|p1a: Pyroar\n|-damage|p1a: Pyroar|190/295\n|\n|-heal|p2a: Farigiraf|234/362|[from] item: Leftovers\n|upkeep\n|turn|25\n|\n|t:|1781461320\n|move|p1a: Pyroar|Dark Pulse|p2a: Farigiraf\n|-supereffective|p2a: Farigiraf\n|-damage|p2a: Farigiraf|86/362\n|move|p2a: Farigiraf|Body Slam|p1a: Pyroar\n|-damage|p1a: Pyroar|88/295\n|\n|-heal|p2a: Farigiraf|108/362|[from] item: Leftovers\n|upkeep\n|turn|26\n|\n|t:|1781461329\n|move|p2a: Farigiraf|Protect|p2a: Farigiraf\n|-singleturn|p2a: Farigiraf|Protect\n|move|p1a: Pyroar|Dark Pulse|p2a: Farigiraf\n|-activate|p2a: Farigiraf|move: Protect\n|\n|-heal|p2a: Farigiraf|130/362|[from] item: Leftovers\n|upkeep\n|turn|27\n|\n|t:|1781461343\n|switch|p2a: Orthworm|Orthworm, L88, F|121/266\n|move|p1a: Pyroar|Dark Pulse|p2a: Orthworm\n|-damage|p2a: Orthworm|27/266\n|\n|-heal|p2a: Orthworm|43/266|[from] item: Leftovers\n|upkeep\n|turn|28\n|\n|t:|1781461356\n|move|p1a: Pyroar|Hyper Voice|p2a: Orthworm\n|-resisted|p2a: Orthworm\n|-damage|p2a: Orthworm|0 fnt\n|faint|p2a: Orthworm\n|\n|upkeep\n|\n|t:|1781461362\n|switch|p2a: Raging Bolt|Raging Bolt, L78|151/323\n|turn|29\n|\n|t:|1781461376\n|switch|p1a: Virizion|Virizion, L82|255/283\n|move|p2a: Raging Bolt|Thunderbolt|p1a: Virizion\n|-resisted|p1a: Virizion\n|-damage|p1a: Virizion|213/283\n|\n|upkeep\n|turn|30\n|\n|t:|1781461386\n|move|p1a: Virizion|Close Combat|p2a: Raging Bolt\n|-damage|p2a: Raging Bolt|7/323\n|-unboost|p1a: Virizion|def|1\n|-unboost|p1a: Virizion|spd|1\n|-damage|p1a: Virizion|185/283|[from] item: Life Orb\n|move|p2a: Raging Bolt|Dragon Pulse|p1a: Virizion\n|-damage|p1a: Virizion|65/283\n|\n|upkeep\n|turn|31\n|\n|t:|1781461396\n|switch|p1a: Pyroar|Pyroar, L88, M|88/295\n|-ability|p1a: Pyroar|Unnerve\n|move|p2a: Raging Bolt|Thunderclap||[still]\n|-fail|p2a: Raging Bolt\n|\n|upkeep\n|turn|32\n|\n|t:|1781461403\n|move|p2a: Raging Bolt|Thunderclap||[still]\n|-fail|p2a: Raging Bolt\n|move|p1a: Pyroar|Will-O-Wisp|p2a: Raging Bolt\n|-status|p2a: Raging Bolt|brn\n|\n|-damage|p2a: Raging Bolt|0 fnt|[from] brn\n|faint|p2a: Raging Bolt\n|-end|p2a: Raging Bolt|Protosynthesis|[silent]\n|upkeep\n|\n|t:|1781461415\n|switch|p2a: Girafarig|Girafarig, L89, M|191/269\n|turn|33\n|\n|t:|1781461422\n|move|p1a: Pyroar|Dark Pulse|p2a: Girafarig\n|-supereffective|p2a: Girafarig\n|-damage|p2a: Girafarig|79/269\n|move|p2a: Girafarig|Psyshock|p1a: Pyroar\n|-damage|p1a: Pyroar|0 fnt\n|faint|p1a: Pyroar\n|\n|upkeep\n|\n|t:|1781461427\n|switch|p1a: Virizion|Virizion, L82|65/283\n|turn|34\n|\n|t:|1781461432\n|move|p1a: Virizion|Close Combat|p2a: Girafarig\n|-damage|p2a: Girafarig|0 fnt\n|-unboost|p1a: Virizion|def|1\n|-unboost|p1a: Virizion|spd|1\n|faint|p2a: Girafarig\n|-damage|p1a: Virizion|37/283|[from] item: Life Orb\n|\n|upkeep\n|\n|t:|1781461440\n|switch|p2a: Farigiraf|Farigiraf, L90, F|130/362\n|turn|35\n|\n|t:|1781461443\n|move|p2a: Farigiraf|Protect|p2a: Farigiraf\n|-singleturn|p2a: Farigiraf|Protect\n|move|p1a: Virizion|Close Combat|p2a: Farigiraf\n|-activate|p2a: Farigiraf|move: Protect\n|\n|-heal|p2a: Farigiraf|152/362|[from] item: Leftovers\n|upkeep\n|turn|36\n|\n|t:|1781461451\n|move|p1a: Virizion|Close Combat|p2a: Farigiraf\n|-damage|p2a: Farigiraf|0 fnt\n|-unboost|p1a: Virizion|def|1\n|-unboost|p1a: Virizion|spd|1\n|faint|p2a: Farigiraf\n|-damage|p1a: Virizion|9/283|[from] item: Life Orb\n|\n|win|TheTruestBest\n|raw|TheTruestBest's rating: 1489 &rarr; <strong>1507</strong><br />(+18 for winning)\n|raw|atombomb69's rating: 1457 &rarr; <strong>1439</strong><br />(-18 for losing)\n|l|\u2606atombomb69\n|player|p2|\n", "uploadtime": 1781461458, "views": 7, "formatid": "gen9randombattle", "rating": 1439, "private": 0, "password": null}