{"id": "gen9randombattle-2631395046", "format": "[Gen 9] Random Battle", "players": ["Micael Lopes", "oc7777"], "log": "|j|\u2606Micael Lopes\n|j|\u2606oc7777\n|t:|1781379519\n|gametype|singles\n|player|p1|Micael Lopes|benga|1584\n|player|p2|oc7777|1|1568\n|gen|9\n|tier|[Gen 9] Random Battle\n|rated|\n|rule|Species Clause: Limit one of each Pok\u00e9mon\n|rule|HP Percentage Mod: HP is shown in percentages\n|rule|Sleep Clause Mod: Limit one foe put to sleep\n|rule|Illusion Level Mod: Illusion disguises the Pok\u00e9mon's true level\n|\n|t:|1781379519\n|teamsize|p1|6\n|teamsize|p2|6\n|start\n|switch|p1a: Hawlucha|Hawlucha, L80, M|256/256\n|switch|p2a: Pelipper|Pelipper, L86, F|243/243\n|-weather|RainDance|[from] ability: Drizzle|[of] p2a: Pelipper\n|turn|1\n|inactive|Battle timer is ON: inactive players will automatically lose when time's up. (requested by Micael Lopes)\n|\n|t:|1781379532\n|switch|p1a: Glalie|Glalie, L96, M|309/309\n|move|p2a: Pelipper|Hurricane|p1a: Glalie\n|-damage|p1a: Glalie|195/309\n|\n|-weather|RainDance|[upkeep]\n|upkeep\n|turn|2\n|\n|t:|1781379547\n|switch|p2a: Espeon|Espeon, L84, M|246/246\n|move|p1a: Glalie|Spikes|p2a: Espeon\n|move|p2a: Espeon|Spikes|p1a: Glalie|[from] ability: Magic Bounce\n|-sidestart|p1: Micael Lopes|Spikes\n|\n|-weather|RainDance|[upkeep]\n|upkeep\n|turn|3\n|\n|t:|1781379555\n|move|p2a: Espeon|Psyshock|p1a: Glalie\n|-damage|p1a: Glalie|65/309\n|-damage|p2a: Espeon|222/246|[from] item: Life Orb\n|move|p1a: Glalie|Freeze-Dry|p2a: Espeon\n|-damage|p2a: Espeon|143/246\n|\n|-weather|RainDance|[upkeep]\n|upkeep\n|turn|4\n|\n|t:|1781379565\n|move|p2a: Espeon|Psyshock|p1a: Glalie\n|-damage|p1a: Glalie|0 fnt\n|faint|p1a: Glalie\n|-damage|p2a: Espeon|119/246|[from] item: Life Orb\n|\n|-weather|RainDance|[upkeep]\n|upkeep\n|\n|t:|1781379567\n|switch|p1a: Maushold|Maushold-Four, L76|238/238\n|-damage|p1a: Maushold|209/238|[from] Spikes\n|turn|5\n|\n|t:|1781379581\n|move|p2a: Espeon|Psyshock|p1a: Maushold\n|-damage|p1a: Maushold|26/238\n|-damage|p2a: Espeon|95/246|[from] item: Life Orb\n|move|p1a: Maushold|Tidy Up|p1a: Maushold\n|-sideend|p1: Micael Lopes|Spikes\n|-activate|p1a: Maushold|move: Tidy Up\n|-boost|p1a: Maushold|atk|1\n|-boost|p1a: Maushold|spe|1\n|\n|-weather|none\n|upkeep\n|turn|6\n|\n|t:|1781379604\n|switch|p2a: Mudsdale|Mudsdale, L83, F|302/302\n|move|p1a: Maushold|Bite|p2a: Mudsdale\n|-damage|p2a: Mudsdale|239/302\n|-ability|p2a: Mudsdale|Stamina|boost\n|-boost|p2a: Mudsdale|def|1\n|\n|-heal|p2a: Mudsdale|257/302|[from] item: Leftovers\n|upkeep\n|turn|7\n|\n|t:|1781379613\n|switch|p1a: Bellossom|Bellossom, L84, M|263/263\n|move|p2a: Mudsdale|Heavy Slam|p1a: Bellossom\n|-damage|p1a: Bellossom|171/263\n|\n|-heal|p1a: Bellossom|187/263|[from] item: Leftovers\n|-heal|p2a: Mudsdale|275/302|[from] item: Leftovers\n|upkeep\n|turn|8\n|inactive|Micael Lopes has 120 seconds left.\n|\n|t:|1781379640\n|switch|p2a: Vikavolt|Vikavolt, L83, F|263/263\n|move|p1a: Bellossom|Strength Sap|p2a: Vikavolt\n|-unboost|p2a: Vikavolt|atk|1\n|-heal|p1a: Bellossom|263/263\n|\n|upkeep\n|turn|9\n|\n|t:|1781379645\n|move|p1a: Bellossom|Quiver Dance|p1a: Bellossom\n|-boost|p1a: Bellossom|spa|1\n|-boost|p1a: Bellossom|spd|1\n|-boost|p1a: Bellossom|spe|1\n|move|p2a: Vikavolt|Sticky Web|p1a: Bellossom\n|-sidestart|p1: Micael Lopes|move: Sticky Web\n|\n|upkeep\n|turn|10\n|\n|t:|1781379654\n|-terastallize|p1a: Bellossom|Fairy\n|move|p1a: Bellossom|Quiver Dance|p1a: Bellossom\n|-boost|p1a: Bellossom|spa|1\n|-boost|p1a: Bellossom|spd|1\n|-boost|p1a: Bellossom|spe|1\n|move|p2a: Vikavolt|Bug Buzz|p1a: Bellossom\n|-resisted|p1a: Bellossom\n|-damage|p1a: Bellossom|235/263\n|\n|-heal|p1a: Bellossom|251/263|[from] item: Leftovers\n|upkeep\n|turn|11\n|\n|t:|1781379662\n|switch|p2a: Swalot|Swalot, L90, M|326/326\n|move|p1a: Bellossom|Moonblast|p2a: Swalot\n|-resisted|p2a: Swalot\n|-damage|p2a: Swalot|236/326\n|\n|-heal|p1a: Bellossom|263/263|[from] item: Leftovers\n|-heal|p2a: Swalot|256/326|[from] item: Leftovers\n|upkeep\n|turn|12\n|\n|t:|1781379675\n|move|p1a: Bellossom|Moonblast|p2a: Swalot\n|-resisted|p2a: Swalot\n|-damage|p2a: Swalot|169/326\n|move|p2a: Swalot|Toxic|p1a: Bellossom\n|-status|p1a: Bellossom|tox\n|\n|-heal|p2a: Swalot|189/326|[from] item: Leftovers\n|-damage|p1a: Bellossom|247/263 tox|[from] psn\n|upkeep\n|turn|13\n|\n|t:|1781379685\n|move|p1a: Bellossom|Moonblast|p2a: Swalot\n|-resisted|p2a: Swalot\n|-damage|p2a: Swalot|93/326\n|move|p2a: Swalot|Sludge Bomb|p1a: Bellossom\n|-supereffective|p1a: Bellossom\n|-crit|p1a: Bellossom\n|-damage|p1a: Bellossom|23/263 tox\n|\n|-heal|p1a: Bellossom|39/263 tox|[from] item: Leftovers\n|-heal|p2a: Swalot|113/326|[from] item: Leftovers\n|-damage|p1a: Bellossom|7/263 tox|[from] psn\n|upkeep\n|turn|14\n|\n|t:|1781379695\n|move|p2a: Swalot|Protect|p2a: Swalot\n|-singleturn|p2a: Swalot|Protect\n|move|p1a: Bellossom|Moonblast|p2a: Swalot\n|-activate|p2a: Swalot|move: Protect\n|\n|-heal|p1a: Bellossom|23/263 tox|[from] item: Leftovers\n|-heal|p2a: Swalot|133/326|[from] item: Leftovers\n|-damage|p1a: Bellossom|0 fnt|[from] psn\n|faint|p1a: Bellossom\n|upkeep\n|\n|t:|1781379703\n|switch|p1a: Maushold|Maushold-Four, L76|26/238\n|-activate|p1a: Maushold|move: Sticky Web\n|-unboost|p1a: Maushold|spe|1\n|turn|15\n|\n|t:|1781379710\n|switch|p2a: Mudsdale|Mudsdale, L83, F|275/302\n|move|p1a: Maushold|Encore||[still]\n|-fail|p1a: Maushold\n|\n|-heal|p2a: Mudsdale|293/302|[from] item: Leftovers\n|upkeep\n|turn|16\n|\n|t:|1781379720\n|move|p1a: Maushold|Tidy Up|p1a: Maushold\n|-sideend|p1: Micael Lopes|Sticky Web\n|-activate|p1a: Maushold|move: Tidy Up\n|-boost|p1a: Maushold|atk|1\n|-boost|p1a: Maushold|spe|1\n|move|p2a: Mudsdale|Heavy Slam|p1a: Maushold\n|-damage|p1a: Maushold|0 fnt\n|faint|p1a: Maushold\n|\n|-heal|p2a: Mudsdale|302/302|[from] item: Leftovers\n|upkeep\n|\n|t:|1781379734\n|switch|p1a: Sawsbuck|Sawsbuck-Winter, L88, M|284/284\n|turn|17\n|\n|t:|1781379738\n|switch|p2a: Vikavolt|Vikavolt, L83, F|263/263\n|move|p1a: Sawsbuck|Swords Dance|p1a: Sawsbuck\n|-boost|p1a: Sawsbuck|atk|2\n|\n|upkeep\n|turn|18\n|\n|t:|1781379745\n|move|p1a: Sawsbuck|Double-Edge|p2a: Vikavolt\n|-damage|p2a: Vikavolt|0 fnt\n|faint|p2a: Vikavolt\n|-damage|p1a: Sawsbuck|197/284|[from] Recoil\n|-damage|p1a: Sawsbuck|169/284|[from] item: Life Orb\n|\n|upkeep\n|\n|t:|1781379768\n|switch|p2a: Espeon|Espeon, L84, M|95/246\n|turn|19\n|\n|t:|1781379773\n|move|p2a: Espeon|Psyshock|p1a: Sawsbuck\n|-damage|p1a: Sawsbuck|17/284\n|-damage|p2a: Espeon|71/246|[from] item: Life Orb\n|move|p1a: Sawsbuck|Double-Edge|p2a: Espeon\n|-damage|p2a: Espeon|0 fnt\n|faint|p2a: Espeon\n|-damage|p1a: Sawsbuck|0 fnt|[from] Recoil\n|faint|p1a: Sawsbuck\n|\n|upkeep\n|\n|t:|1781379789\n|switch|p2a: Swalot|Swalot, L90, M|133/326\n|switch|p1a: Manaphy|Manaphy, L78|284/284\n|turn|20\n|\n|t:|1781379801\n|move|p1a: Manaphy|Tail Glow|p1a: Manaphy\n|-boost|p1a: Manaphy|spa|3\n|move|p2a: Swalot|Toxic|p1a: Manaphy\n|-status|p1a: Manaphy|tox\n|\n|-heal|p2a: Swalot|153/326|[from] item: Leftovers\n|-damage|p1a: Manaphy|267/284 tox|[from] psn\n|upkeep\n|turn|21\n|\n|t:|1781379809\n|move|p1a: Manaphy|Tail Glow|p1a: Manaphy\n|-boost|p1a: Manaphy|spa|3\n|move|p2a: Swalot|Sludge Bomb|p1a: Manaphy\n|-damage|p1a: Manaphy|180/284 tox\n|\n|-heal|p1a: Manaphy|197/284 tox|[from] item: Leftovers\n|-heal|p2a: Swalot|173/326|[from] item: Leftovers\n|-damage|p1a: Manaphy|163/284 tox|[from] psn\n|upkeep\n|turn|22\n|\n|t:|1781379818\n|move|p2a: Swalot|Protect|p2a: Swalot\n|-singleturn|p2a: Swalot|Protect\n|move|p1a: Manaphy|Hydro Pump|p2a: Swalot\n|-activate|p2a: Swalot|move: Protect\n|\n|-heal|p1a: Manaphy|180/284 tox|[from] item: Leftovers\n|-heal|p2a: Swalot|193/326|[from] item: Leftovers\n|-damage|p1a: Manaphy|129/284 tox|[from] psn\n|upkeep\n|turn|23\n|\n|t:|1781379829\n|move|p1a: Manaphy|Hydro Pump|p2a: Swalot\n|-damage|p2a: Swalot|0 fnt\n|faint|p2a: Swalot\n|\n|-heal|p1a: Manaphy|146/284 tox|[from] item: Leftovers\n|-damage|p1a: Manaphy|78/284 tox|[from] psn\n|upkeep\n|\n|t:|1781379839\n|switch|p2a: Mudsdale|Mudsdale, L83, F|302/302\n|turn|24\n|\n|t:|1781379845\n|switch|p2a: Pelipper|Pelipper, L86, F|243/243\n|-weather|RainDance|[from] ability: Drizzle|[of] p2a: Pelipper\n|move|p1a: Manaphy|Hydro Pump|p2a: Pelipper\n|-resisted|p2a: Pelipper\n|-damage|p2a: Pelipper|0 fnt\n|faint|p2a: Pelipper\n|\n|-weather|RainDance|[upkeep]\n|-activate|p1a: Manaphy|ability: Hydration\n|-curestatus|p1a: Manaphy|tox|[msg]\n|-heal|p1a: Manaphy|95/284|[from] item: Leftovers\n|upkeep\n|\n|t:|1781379857\n|switch|p2a: Ogerpon|Ogerpon-Hearthflame, L74, F|239/239\n|-ability|p2a: Ogerpon|Mold Breaker\n|turn|25\n|\n|t:|1781379872\n|move|p2a: Ogerpon|Power Whip|p1a: Manaphy\n|-supereffective|p1a: Manaphy\n|-damage|p1a: Manaphy|0 fnt\n|faint|p1a: Manaphy\n|\n|-weather|RainDance|[upkeep]\n|upkeep\n|\n|t:|1781379873\n|switch|p1a: Hawlucha|Hawlucha, L80, M|256/256\n|turn|26\n|\n|t:|1781379887\n|-terastallize|p2a: Ogerpon|Fire\n|detailschange|p2a: Ogerpon|Ogerpon-Hearthflame-Tera, L74, F, tera:Fire\n|-ability|p2a: Ogerpon|Embody Aspect (Hearthflame)|boost\n|-boost|p2a: Ogerpon|atk|1\n|move|p1a: Hawlucha|Swords Dance|p1a: Hawlucha\n|-boost|p1a: Hawlucha|atk|2\n|move|p2a: Ogerpon|Trailblaze|p1a: Hawlucha\n|-resisted|p1a: Hawlucha\n|-damage|p1a: Hawlucha|201/256\n|-boost|p2a: Ogerpon|spe|1\n|\n|-weather|RainDance|[upkeep]\n|upkeep\n|turn|27\n|\n|t:|1781379909\n|move|p2a: Ogerpon|Ivy Cudgel|p1a: Hawlucha|[anim] Ivy Cudgel Fire\n|-damage|p1a: Hawlucha|75/256\n|move|p1a: Hawlucha|Close Combat|p2a: Ogerpon\n|-damage|p2a: Ogerpon|0 fnt\n|-unboost|p1a: Hawlucha|def|1\n|-unboost|p1a: Hawlucha|spd|1\n|faint|p2a: Ogerpon\n|detailschange|p2: Ogerpon|Ogerpon-Hearthflame, L74, F|[silent]\n|-enditem|p1a: Hawlucha|White Herb\n|-clearnegativeboost|p1a: Hawlucha|[silent]\n|\n|-weather|RainDance|[upkeep]\n|upkeep\n|\n|t:|1781379915\n|switch|p2a: Mudsdale|Mudsdale, L83, F|302/302\n|turn|28\n|\n|t:|1781379927\n|move|p1a: Hawlucha|Close Combat|p2a: Mudsdale\n|-damage|p2a: Mudsdale|101/302\n|-unboost|p1a: Hawlucha|def|1\n|-unboost|p1a: Hawlucha|spd|1\n|-ability|p2a: Mudsdale|Stamina|boost\n|-boost|p2a: Mudsdale|def|1\n|move|p2a: Mudsdale|Stone Edge|p1a: Hawlucha|[miss]\n|-miss|p2a: Mudsdale|p1a: Hawlucha\n|\n|-weather|none\n|-heal|p2a: Mudsdale|119/302|[from] item: Leftovers\n|upkeep\n|turn|29\n|\n|t:|1781379937\n|move|p1a: Hawlucha|Close Combat|p2a: Mudsdale\n|-damage|p2a: Mudsdale|0 fnt\n|-unboost|p1a: Hawlucha|def|1\n|-unboost|p1a: Hawlucha|spd|1\n|faint|p2a: Mudsdale\n|\n|win|Micael Lopes\n|raw|Micael Lopes's rating: 1586 &rarr; <strong>1605</strong><br />(+19 for winning)\n|raw|oc7777's rating: 1568 &rarr; <strong>1549</strong><br />(-19 for losing)\n|l|\u2606oc7777\n|player|p2|\n|c|\u2606Micael Lopes|**__Sexy game.__**\n", "uploadtime": 1781379947, "views": 8, "formatid": "gen9randombattle", "rating": 1549, "private": 0, "password": null}