{"id": "gen9randombattle-2631570699", "format": "[Gen 9] Random Battle", "players": ["AnTmAn2408", "toxicwyvern"], "log": "|j|\u2606AnTmAn2408\n|j|\u2606toxicwyvern\n|t:|1781402800\n|gametype|singles\n|player|p1|AnTmAn2408|brock|1427\n|player|p2|toxicwyvern|102|1469\n|gen|9\n|tier|[Gen 9] Random Battle\n|rated|\n|rule|Species Clause: Limit one of each Pok\u00e9mon\n|rule|HP Percentage Mod: HP is shown in percentages\n|rule|Sleep Clause Mod: Limit one foe put to sleep\n|rule|Illusion Level Mod: Illusion disguises the Pok\u00e9mon's true level\n|\n|t:|1781402800\n|teamsize|p1|6\n|teamsize|p2|6\n|start\n|switch|p1a: Rhydon|Rhydon, L85, F|317/317\n|switch|p2a: Eiscue|Eiscue, L88, M|274/274\n|turn|1\n|inactive|Battle timer is ON: inactive players will automatically lose when time's up. (requested by AnTmAn2408)\n|\n|t:|1781402823\n|switch|p2a: Smeargle|Smeargle, L95, F|258/258\n|move|p1a: Rhydon|Stealth Rock|p2a: Smeargle\n|-sidestart|p2: toxicwyvern|move: Stealth Rock\n|\n|upkeep\n|turn|2\n|\n|t:|1781402829\n|move|p2a: Smeargle|Spore|p1a: Rhydon\n|-status|p1a: Rhydon|slp|[from] move: Spore\n|cant|p1a: Rhydon|slp\n|\n|upkeep\n|turn|3\n|inactive|AnTmAn2408 has 120 seconds left.\n|\n|t:|1781402876\n|switch|p1a: Thundurus|Thundurus-Therian, L80, M|258/258\n|move|p2a: Smeargle|Sticky Web|p1a: Thundurus\n|-sidestart|p1: AnTmAn2408|move: Sticky Web\n|\n|upkeep\n|turn|4\n|\n|t:|1781402894\n|switch|p2a: Porygon2|Porygon2, L81|270/270\n|-damage|p2a: Porygon2|237/270|[from] Stealth Rock\n|-ability|p2a: Porygon2|Download|boost\n|-boost|p2a: Porygon2|atk|1\n|move|p1a: Thundurus|Nasty Plot|p1a: Thundurus\n|-boost|p1a: Thundurus|spa|2\n|\n|upkeep\n|turn|5\n|\n|t:|1781402899\n|move|p1a: Thundurus|Focus Blast|p2a: Porygon2\n|-supereffective|p2a: Porygon2\n|-damage|p2a: Porygon2|0 fnt\n|faint|p2a: Porygon2\n|\n|upkeep\n|\n|t:|1781402912\n|switch|p2a: Toxtricity|Toxtricity, L82, M|257/257\n|-damage|p2a: Toxtricity|225/257|[from] Stealth Rock\n|turn|6\n|\n|t:|1781402925\n|-terastallize|p2a: Toxtricity|Normal\n|move|p2a: Toxtricity|Boomburst|p1a: Thundurus\n|-damage|p1a: Thundurus|39/258\n|move|p1a: Thundurus|Tera Blast|p2a: Toxtricity\n|-damage|p2a: Toxtricity|43/257\n|\n|upkeep\n|turn|7\n|\n|t:|1781402934\n|move|p2a: Toxtricity|Boomburst|p1a: Thundurus\n|-damage|p1a: Thundurus|0 fnt\n|faint|p1a: Thundurus\n|\n|upkeep\n|\n|t:|1781402953\n|switch|p1a: Rhydon|Rhydon, L85, F|317/317 slp\n|-activate|p1a: Rhydon|move: Sticky Web\n|-unboost|p1a: Rhydon|spe|1\n|turn|8\n|\n|t:|1781402956\n|switch|p2a: Golduck|Golduck, L90, M|290/290\n|-damage|p2a: Golduck|254/290|[from] Stealth Rock\n|-ability|p2a: Golduck|Cloud Nine\n|cant|p1a: Rhydon|slp\n|\n|upkeep\n|turn|9\n|\n|t:|1781402961\n|move|p2a: Golduck|Hydro Pump|p1a: Rhydon\n|-supereffective|p1a: Rhydon\n|-damage|p1a: Rhydon|0 fnt\n|faint|p1a: Rhydon\n|\n|upkeep\n|\n|t:|1781402977\n|switch|p1a: Muk|Muk-Alola, L82, M|306/306\n|-activate|p1a: Muk|move: Sticky Web\n|-unboost|p1a: Muk|spe|1\n|turn|10\n|inactive|toxicwyvern has 120 seconds left.\n|\n|t:|1781403016\n|switch|p2a: Smeargle|Smeargle, L95, F|258/258\n|-damage|p2a: Smeargle|226/258|[from] Stealth Rock\n|move|p1a: Muk|Gunk Shot|p2a: Smeargle\n|-damage|p2a: Smeargle|19/258\n|-status|p2a: Smeargle|psn\n|\n|-damage|p2a: Smeargle|0 fnt|[from] psn\n|faint|p2a: Smeargle\n|upkeep\n|\n|t:|1781403025\n|switch|p2a: Eiscue|Eiscue, L88, M|274/274\n|-damage|p2a: Eiscue|206/274|[from] Stealth Rock\n|turn|11\n|\n|t:|1781403034\n|move|p2a: Eiscue|Belly Drum|p2a: Eiscue\n|-damage|p2a: Eiscue|69/274\n|-setboost|p2a: Eiscue|atk|6|[from] move: Belly Drum\n|-enditem|p2a: Eiscue|Sitrus Berry|[eat]\n|-heal|p2a: Eiscue|137/274|[from] item: Sitrus Berry\n|move|p1a: Muk|Gunk Shot|p2a: Eiscue\n|-activate|p2a: Eiscue|ability: Ice Face\n|-damage|p2a: Eiscue|137/274\n|detailschange|p2a: Eiscue|Eiscue-Noice, L88, M\n|\n|upkeep\n|turn|12\n|\n|t:|1781403043\n|move|p2a: Eiscue|Ice Spinner|p1a: Muk\n|-damage|p1a: Muk|0 fnt\n|faint|p1a: Muk\n|\n|upkeep\n|\n|t:|1781403071\n|switch|p1a: Primarina|Primarina, L83, F|268/268\n|-activate|p1a: Primarina|move: Sticky Web\n|-unboost|p1a: Primarina|spe|1\n|turn|13\n|inactive|AnTmAn2408 has 120 seconds left.\n|\n|t:|1781403090\n|-terastallize|p1a: Primarina|Steel\n|move|p2a: Eiscue|Ice Spinner|p1a: Primarina\n|-resisted|p1a: Primarina\n|-damage|p1a: Primarina|91/268\n|move|p1a: Primarina|Psychic Noise|p2a: Eiscue\n|-damage|p2a: Eiscue|2/274\n|-start|p2a: Eiscue|move: Heal Block\n|\n|-heal|p1a: Primarina|107/268|[from] item: Leftovers\n|upkeep\n|turn|14\n|inactive|AnTmAn2408 has 120 seconds left.\n|\n|t:|1781403105\n|move|p2a: Eiscue|Liquidation|p1a: Primarina\n|-damage|p1a: Primarina|0 fnt\n|faint|p1a: Primarina\n|\n|-end|p2a: Eiscue|move: Heal Block\n|upkeep\n|\n|t:|1781403114\n|switch|p1a: Mewtwo|Mewtwo, L72|272/272\n|-activate|p1a: Mewtwo|move: Sticky Web\n|-unboost|p1a: Mewtwo|spe|1\n|-ability|p1a: Mewtwo|Pressure\n|turn|15\n|\n|t:|1781403143\n|move|p2a: Eiscue|Ice Spinner|p1a: Mewtwo\n|-damage|p1a: Mewtwo|0 fnt\n|faint|p1a: Mewtwo\n|\n|upkeep\n|\n|t:|1781403151\n|switch|p1a: Veluza|Veluza, L85, F|292/292\n|-activate|p1a: Veluza|move: Sticky Web\n|-unboost|p1a: Veluza|spe|1\n|turn|16\n|\n|t:|1781403157\n|move|p2a: Eiscue|Ice Spinner|p1a: Veluza\n|-resisted|p1a: Veluza\n|-damage|p1a: Veluza|125/292\n|-enditem|p1a: Veluza|Sitrus Berry|[eat]\n|-heal|p1a: Veluza|198/292|[from] item: Sitrus Berry\n|move|p1a: Veluza|Fillet Away|p1a: Veluza\n|-boost|p1a: Veluza|atk|2\n|-boost|p1a: Veluza|spa|2\n|-boost|p1a: Veluza|spe|2\n|-damage|p1a: Veluza|52/292\n|\n|upkeep\n|turn|17\n|\n|t:|1781403162\n|move|p2a: Eiscue|Ice Spinner|p1a: Veluza\n|-resisted|p1a: Veluza\n|-damage|p1a: Veluza|0 fnt\n|faint|p1a: Veluza\n|\n|win|toxicwyvern\n|raw|AnTmAn2408's rating: 1427 &rarr; <strong>1409</strong><br />(-18 for losing)\n|raw|toxicwyvern's rating: 1469 &rarr; <strong>1487</strong><br />(+18 for winning)\n|l|\u2606AnTmAn2408\n|player|p1|\n|c|\u2606toxicwyvern|gg wp\n", "uploadtime": 1781403166, "views": 6, "formatid": "gen9randombattle", "rating": 1409, "private": 0, "password": null}