{"id": "gen9randombattle-2631571334", "format": "[Gen 9] Random Battle", "players": ["whisperwyrm", "faaskaas"], "log": "|j|\u2606whisperwyrm\n|j|\u2606faaskaas\n|t:|1781402887\n|gametype|singles\n|player|p1|whisperwyrm|170|2153\n|player|p2|faaskaas|hiker-gen4|2160\n|gen|9\n|tier|[Gen 9] Random Battle\n|rated|\n|rule|Species Clause: Limit one of each Pok\u00e9mon\n|rule|HP Percentage Mod: HP is shown in percentages\n|rule|Sleep Clause Mod: Limit one foe put to sleep\n|rule|Illusion Level Mod: Illusion disguises the Pok\u00e9mon's true level\n|\n|t:|1781402887\n|teamsize|p1|6\n|teamsize|p2|6\n|start\n|switch|p1a: Ampharos|Ampharos, L88, F|302/302\n|switch|p2a: Vileplume|Vileplume, L85, M|266/266\n|turn|1\n|inactive|Battle timer is ON: inactive players will automatically lose when time's up. (requested by faaskaas)\n|inactive|whisperwyrm also wants the timer to be on.\n|\n|t:|1781402912\n|move|p1a: Ampharos|Volt Switch|p2a: Vileplume\n|-resisted|p2a: Vileplume\n|-damage|p2a: Vileplume|224/266\n|\n|t:|1781402922\n|switch|p1a: Torkoal|Torkoal, L88, M|266/266|[from] Volt Switch\n|-weather|SunnyDay|[from] ability: Drought|[of] p1a: Torkoal\n|move|p2a: Vileplume|Leech Seed|p1a: Torkoal\n|-start|p1a: Torkoal|move: Leech Seed\n|\n|-weather|SunnyDay|[upkeep]\n|-heal|p2a: Vileplume|240/266|[from] item: Leftovers\n|-damage|p1a: Torkoal|233/266|[from] Leech Seed|[of] p2a: Vileplume\n|-heal|p2a: Vileplume|266/266|[silent]\n|upkeep\n|turn|2\n|\n|t:|1781402942\n|switch|p2a: Hydreigon|Hydreigon, L79, M|275/275\n|move|p1a: Torkoal|Yawn|p2a: Hydreigon\n|-start|p2a: Hydreigon|move: Yawn|[of] p1a: Torkoal\n|\n|-weather|SunnyDay|[upkeep]\n|-damage|p1a: Torkoal|200/266|[from] Leech Seed|[of] p2a: Hydreigon\n|upkeep\n|turn|3\n|\n|t:|1781402954\n|switch|p1a: Lucario|Lucario, L84, M|255/255\n|move|p2a: Hydreigon|U-turn|p1a: Lucario\n|-resisted|p1a: Lucario\n|-damage|p1a: Lucario|242/255\n|\n|t:|1781402966\n|switch|p2a: Quaquaval|Quaquaval, L79, M|264/264|[from] U-turn\n|\n|-weather|SunnyDay|[upkeep]\n|upkeep\n|turn|4\n|\n|t:|1781402971\n|switch|p1a: Ampharos|Ampharos, L88, F|302/302\n|move|p2a: Quaquaval|Aqua Step|p1a: Ampharos\n|-crit|p1a: Ampharos\n|-damage|p1a: Ampharos|219/302\n|-boost|p2a: Quaquaval|spe|1\n|-damage|p2a: Quaquaval|238/264|[from] item: Life Orb\n|\n|-weather|SunnyDay|[upkeep]\n|upkeep\n|turn|5\n|\n|t:|1781402980\n|switch|p2a: Piloswine|Piloswine, L85, M|309/309\n|move|p1a: Ampharos|Volt Switch|p2a: Piloswine\n|-immune|p2a: Piloswine\n|\n|-weather|none\n|upkeep\n|turn|6\n|\n|t:|1781402985\n|switch|p1a: Alomomola|Alomomola, L87, F|429/429\n|move|p2a: Piloswine|Stealth Rock|p1a: Alomomola\n|-sidestart|p1: whisperwyrm|move: Stealth Rock\n|\n|upkeep\n|turn|7\n|\n|t:|1781402991\n|switch|p2a: Vileplume|Vileplume, L85, M|266/266\n|move|p1a: Alomomola|Wish|p1a: Alomomola\n|\n|upkeep\n|turn|8\n|\n|t:|1781402998\n|move|p1a: Alomomola|Flip Turn|p2a: Vileplume\n|-resisted|p2a: Vileplume\n|-damage|p2a: Vileplume|237/266\n|-status|p1a: Alomomola|slp|[from] ability: Effect Spore|[of] p2a: Vileplume\n|\n|t:|1781403002\n|switch|p1a: Ampharos|Ampharos, L88, F|219/302|[from] Flip Turn\n|-damage|p1a: Ampharos|182/302|[from] Stealth Rock\n|move|p2a: Vileplume|Leech Seed|p1a: Ampharos|[miss]\n|-miss|p2a: Vileplume|p1a: Ampharos\n|\n|-heal|p1a: Ampharos|302/302|[from] move: Wish|[wisher] Alomomola\n|-heal|p2a: Vileplume|253/266|[from] item: Leftovers\n|upkeep\n|turn|9\n|\n|t:|1781403011\n|move|p1a: Ampharos|Discharge|p2a: Vileplume\n|-resisted|p2a: Vileplume\n|-damage|p2a: Vileplume|199/266\n|move|p2a: Vileplume|Sludge Bomb|p1a: Ampharos\n|-damage|p1a: Ampharos|229/302\n|\n|-heal|p2a: Vileplume|215/266|[from] item: Leftovers\n|upkeep\n|turn|10\n|\n|t:|1781403017\n|move|p1a: Ampharos|Discharge|p2a: Vileplume\n|-resisted|p2a: Vileplume\n|-damage|p2a: Vileplume|161/266\n|-status|p2a: Vileplume|par\n|cant|p2a: Vileplume|par\n|\n|-heal|p2a: Vileplume|177/266 par|[from] item: Leftovers\n|upkeep\n|turn|11\n|\n|t:|1781403027\n|switch|p1a: Lucario|Lucario, L84, M|242/255\n|-damage|p1a: Lucario|235/255|[from] Stealth Rock\n|move|p2a: Vileplume|Leech Seed|p1a: Lucario\n|-start|p1a: Lucario|move: Leech Seed\n|\n|-heal|p2a: Vileplume|193/266 par|[from] item: Leftovers\n|-damage|p1a: Lucario|204/255|[from] Leech Seed|[of] p2a: Vileplume\n|-heal|p2a: Vileplume|224/266 par|[silent]\n|upkeep\n|turn|12\n|\n|t:|1781403035\n|move|p1a: Lucario|Swords Dance|p1a: Lucario\n|-boost|p1a: Lucario|atk|2\n|move|p2a: Vileplume|Strength Sap|p1a: Lucario\n|-unboost|p1a: Lucario|atk|1\n|-heal|p2a: Vileplume|266/266 par\n|\n|-damage|p1a: Lucario|173/255|[from] Leech Seed|[of] p2a: Vileplume\n|upkeep\n|turn|13\n|inactive|faaskaas has 120 seconds left.\n|\n|t:|1781403068\n|move|p1a: Lucario|Swords Dance|p1a: Lucario\n|-boost|p1a: Lucario|atk|2\n|move|p2a: Vileplume|Giga Drain|p1a: Lucario\n|-resisted|p1a: Lucario\n|-damage|p1a: Lucario|121/255\n|\n|-damage|p1a: Lucario|90/255|[from] Leech Seed|[of] p2a: Vileplume\n|upkeep\n|turn|14\n|inactive|faaskaas has 120 seconds left.\n|\n|t:|1781403091\n|move|p1a: Lucario|Meteor Mash|p2a: Vileplume\n|-damage|p2a: Vileplume|0 fnt\n|faint|p2a: Vileplume\n|-damage|p1a: Lucario|65/255|[from] item: Life Orb\n|\n|upkeep\n|\n|t:|1781403096\n|switch|p2a: Barraskewda|Barraskewda, L81, M|231/231\n|turn|15\n|\n|t:|1781403102\n|move|p1a: Lucario|Extreme Speed|p2a: Barraskewda\n|-damage|p2a: Barraskewda|0 fnt\n|faint|p2a: Barraskewda\n|-damage|p1a: Lucario|40/255|[from] item: Life Orb\n|\n|upkeep\n|\n|t:|1781403111\n|switch|p2a: Hydreigon|Hydreigon, L79, M|275/275\n|turn|16\n|\n|t:|1781403114\n|move|p1a: Lucario|Extreme Speed|p2a: Hydreigon\n|-damage|p2a: Hydreigon|55/275\n|-damage|p1a: Lucario|15/255|[from] item: Life Orb\n|move|p2a: Hydreigon|Flash Cannon|p1a: Lucario\n|-resisted|p1a: Lucario\n|-damage|p1a: Lucario|0 fnt\n|faint|p1a: Lucario\n|\n|upkeep\n|\n|t:|1781403125\n|switch|p1a: Regigigas|Regigigas, L84|322/322\n|-damage|p1a: Regigigas|282/322|[from] Stealth Rock\n|-start|p1a: Regigigas|ability: Slow Start\n|turn|17\n|inactive|faaskaas has 120 seconds left.\n|\n|t:|1781403151\n|switch|p2a: Piloswine|Piloswine, L85, M|309/309\n|move|p1a: Regigigas|Body Slam|p2a: Piloswine\n|-damage|p2a: Piloswine|258/309\n|\n|-heal|p1a: Regigigas|302/322|[from] item: Leftovers\n|upkeep\n|turn|18\n|\n|t:|1781403154\n|move|p1a: Regigigas|Knock Off|p2a: Piloswine\n|-damage|p2a: Piloswine|223/309\n|-enditem|p2a: Piloswine|Eviolite|[from] move: Knock Off|[of] p1a: Regigigas\n|move|p2a: Piloswine|Roar|p1a: Regigigas\n|drag|p1a: Haxorus|Haxorus, L77, M|244/244\n|-damage|p1a: Haxorus|214/244|[from] Stealth Rock\n|-ability|p1a: Haxorus|Mold Breaker\n|\n|upkeep\n|turn|19\n|\n|t:|1781403163\n|switch|p1a: Torkoal|Torkoal, L88, M|200/266\n|-weather|SunnyDay|[from] ability: Drought|[of] p1a: Torkoal\n|move|p2a: Piloswine|Icicle Crash|p1a: Torkoal|[miss]\n|-miss|p2a: Piloswine|p1a: Torkoal\n|\n|-weather|SunnyDay|[upkeep]\n|upkeep\n|turn|20\n|\n|t:|1781403175\n|move|p2a: Piloswine|Earthquake|p1a: Torkoal\n|-supereffective|p1a: Torkoal\n|-damage|p1a: Torkoal|48/266\n|move|p1a: Torkoal|Fire Blast|p2a: Piloswine\n|-supereffective|p2a: Piloswine\n|-damage|p2a: Piloswine|7/309\n|\n|-weather|SunnyDay|[upkeep]\n|upkeep\n|turn|21\n|\n|t:|1781403179\n|move|p2a: Piloswine|Earthquake|p1a: Torkoal\n|-supereffective|p1a: Torkoal\n|-damage|p1a: Torkoal|0 fnt\n|faint|p1a: Torkoal\n|\n|-weather|SunnyDay|[upkeep]\n|upkeep\n|\n|t:|1781403182\n|switch|p1a: Regigigas|Regigigas, L84|302/322\n|-damage|p1a: Regigigas|262/322|[from] Stealth Rock\n|-start|p1a: Regigigas|ability: Slow Start\n|turn|22\n|\n|t:|1781403185\n|move|p1a: Regigigas|Body Slam|p2a: Piloswine\n|-damage|p2a: Piloswine|0 fnt\n|faint|p2a: Piloswine\n|\n|-weather|SunnyDay|[upkeep]\n|-heal|p1a: Regigigas|282/322|[from] item: Leftovers\n|upkeep\n|\n|t:|1781403188\n|switch|p2a: Quaquaval|Quaquaval, L79, M|238/264\n|turn|23\n|\n|t:|1781403192\n|-terastallize|p1a: Regigigas|Ghost\n|move|p2a: Quaquaval|Close Combat|p1a: Regigigas\n|-immune|p1a: Regigigas\n|move|p1a: Regigigas|Body Slam|p2a: Quaquaval\n|-damage|p2a: Quaquaval|163/264\n|-status|p2a: Quaquaval|par\n|\n|-weather|none\n|-heal|p1a: Regigigas|302/322|[from] item: Leftovers\n|upkeep\n|turn|24\n|\n|t:|1781403199\n|switch|p2a: Arceus|Arceus-Dark, L71|288/288\n|move|p1a: Regigigas|Knock Off|p2a: Arceus\n|-resisted|p2a: Arceus\n|-damage|p2a: Arceus|272/288\n|\n|-heal|p1a: Regigigas|322/322|[from] item: Leftovers\n|upkeep\n|turn|25\n|\n|t:|1781403203\n|move|p2a: Arceus|Judgment|p1a: Regigigas\n|-supereffective|p1a: Regigigas\n|-damage|p1a: Regigigas|122/322\n|move|p1a: Regigigas|Body Slam|p2a: Arceus\n|-damage|p2a: Arceus|205/288\n|-status|p2a: Arceus|par\n|\n|-heal|p1a: Regigigas|142/322|[from] item: Leftovers\n|upkeep\n|turn|26\n|\n|t:|1781403211\n|move|p1a: Regigigas|Rest|p1a: Regigigas\n|-status|p1a: Regigigas|slp|[from] move: Rest\n|-heal|p1a: Regigigas|322/322 slp|[silent]\n|cant|p2a: Arceus|par\n|\n|-end|p1a: Regigigas|Slow Start\n|upkeep\n|turn|27\n|\n|t:|1781403217\n|cant|p1a: Regigigas|slp\n|move|p1a: Regigigas|Sleep Talk|p1a: Regigigas\n|move|p1a: Regigigas|Body Slam|p2a: Arceus|[from] move: Sleep Talk\n|-damage|p2a: Arceus|84/288 par\n|cant|p2a: Arceus|par\n|\n|upkeep\n|turn|28\n|\n|t:|1781403222\n|cant|p1a: Regigigas|slp\n|move|p1a: Regigigas|Sleep Talk|p1a: Regigigas\n|move|p1a: Regigigas|Rest||[from] move: Sleep Talk|[still]\n|-fail|p1a: Regigigas\n|move|p2a: Arceus|Judgment|p1a: Regigigas\n|-supereffective|p1a: Regigigas\n|-damage|p1a: Regigigas|142/322 slp\n|\n|-heal|p1a: Regigigas|162/322 slp|[from] item: Leftovers\n|upkeep\n|turn|29\n|\n|t:|1781403226\n|-curestatus|p1a: Regigigas|slp|[msg]\n|move|p1a: Regigigas|Body Slam|p2a: Arceus\n|-damage|p2a: Arceus|0 fnt\n|faint|p2a: Arceus\n|\n|-heal|p1a: Regigigas|182/322|[from] item: Leftovers\n|upkeep\n|\n|t:|1781403233\n|switch|p2a: Hydreigon|Hydreigon, L79, M|55/275\n|turn|30\n|\n|t:|1781403235\n|move|p1a: Regigigas|Body Slam|p2a: Hydreigon\n|-crit|p2a: Hydreigon\n|-damage|p2a: Hydreigon|0 fnt\n|faint|p2a: Hydreigon\n|\n|-heal|p1a: Regigigas|202/322|[from] item: Leftovers\n|upkeep\n|-message|faaskaas forfeited.\n|\n|win|whisperwyrm\n", "uploadtime": 1781402889, "views": 6, "formatid": "gen9randombattle", "rating": null, "private": 0, "password": null}