{"id": "gen9randombattle-2631453844", "format": "[Gen 9] Random Battle", "players": ["jhfra", "tiger_liky"], "log": "|j|\u2606jhfra\n|j|\u2606tiger_liky\n|t:|1781386592\n|gametype|singles\n|player|p1|jhfra|hilbert|1000\n|player|p2|tiger_liky|clemont|1016\n|gen|9\n|tier|[Gen 9] Random Battle\n|rated|\n|rule|Species Clause: Limit one of each Pok\u00e9mon\n|rule|HP Percentage Mod: HP is shown in percentages\n|rule|Sleep Clause Mod: Limit one foe put to sleep\n|rule|Illusion Level Mod: Illusion disguises the Pok\u00e9mon's true level\n|\n|t:|1781386592\n|teamsize|p1|6\n|teamsize|p2|6\n|start\n|switch|p1a: Skarmory|Skarmory, L80, M|235/235\n|switch|p2a: Terrakion|Terrakion, L79|273/273\n|turn|1\n|inactive|Battle timer is ON: inactive players will automatically lose when time's up. (requested by tiger_liky)\n|\n|t:|1781386605\n|move|p2a: Terrakion|Stone Edge|p1a: Skarmory\n|-crit|p1a: Skarmory\n|-damage|p1a: Skarmory|27/235\n|move|p1a: Skarmory|Stealth Rock|p2a: Terrakion\n|-sidestart|p2: tiger_liky|move: Stealth Rock\n|\n|-heal|p1a: Skarmory|41/235|[from] item: Leftovers\n|upkeep\n|turn|2\n|\n|t:|1781386617\n|move|p2a: Terrakion|Stone Edge|p1a: Skarmory\n|-damage|p1a: Skarmory|0 fnt\n|faint|p1a: Skarmory\n|\n|upkeep\n|\n|t:|1781386623\n|switch|p1a: Sawsbuck|Sawsbuck-Autumn, L88, F|284/284\n|turn|3\n|\n|t:|1781386631\n|move|p1a: Sawsbuck|Swords Dance|p1a: Sawsbuck\n|-boost|p1a: Sawsbuck|atk|2\n|move|p2a: Terrakion|Stone Edge|p1a: Sawsbuck\n|-damage|p1a: Sawsbuck|100/284\n|\n|upkeep\n|turn|4\n|\n|t:|1781386641\n|move|p1a: Sawsbuck|Horn Leech|p2a: Terrakion\n|-supereffective|p2a: Terrakion\n|-damage|p2a: Terrakion|0 fnt\n|-heal|p1a: Sawsbuck|237/284|[from] drain|[of] p2a: Terrakion\n|faint|p2a: Terrakion\n|-damage|p1a: Sawsbuck|209/284|[from] item: Life Orb\n|\n|upkeep\n|\n|t:|1781386653\n|switch|p2a: Exeggutor|Exeggutor-Alola, L89, F|314/314\n|-damage|p2a: Exeggutor|275/314|[from] Stealth Rock\n|turn|5\n|\n|t:|1781386662\n|move|p1a: Sawsbuck|Headbutt|p2a: Exeggutor\n|-damage|p2a: Exeggutor|67/314\n|-enditem|p2a: Exeggutor|Sitrus Berry|[eat]\n|-heal|p2a: Exeggutor|145/314|[from] item: Sitrus Berry\n|-damage|p1a: Sawsbuck|181/284|[from] item: Life Orb\n|cant|p2a: Exeggutor|flinch\n|\n|-item|p2a: Exeggutor|Sitrus Berry|[from] ability: Harvest\n|upkeep\n|-enditem|p2a: Exeggutor|Sitrus Berry|[eat]\n|-heal|p2a: Exeggutor|223/314|[from] item: Sitrus Berry\n|turn|6\n|\n|t:|1781386668\n|move|p1a: Sawsbuck|Headbutt|p2a: Exeggutor\n|-damage|p2a: Exeggutor|3/314\n|-damage|p1a: Sawsbuck|153/284|[from] item: Life Orb\n|cant|p2a: Exeggutor|flinch\n|\n|-item|p2a: Exeggutor|Sitrus Berry|[from] ability: Harvest\n|upkeep\n|-enditem|p2a: Exeggutor|Sitrus Berry|[eat]\n|-heal|p2a: Exeggutor|81/314|[from] item: Sitrus Berry\n|turn|7\n|\n|t:|1781386678\n|-terastallize|p2a: Exeggutor|Steel\n|move|p1a: Sawsbuck|Headbutt|p2a: Exeggutor\n|-resisted|p2a: Exeggutor\n|-damage|p2a: Exeggutor|0 fnt\n|faint|p2a: Exeggutor\n|-damage|p1a: Sawsbuck|125/284|[from] item: Life Orb\n|\n|upkeep\n|-message|tiger_liky forfeited.\n|\n|win|jhfra\n|raw|jhfra's rating: 1000 &rarr; <strong>1042</strong><br />(+42 for winning)\n|raw|tiger_liky's rating: 1016 &rarr; <strong>1003</strong><br />(-13 for losing)\n|l|\u2606tiger_liky\n|player|p2|\n", "uploadtime": 1781386687, "views": 3, "formatid": "gen9randombattle", "rating": 1003, "private": 0, "password": null}