{"id": "gen9randombattle-2631617004", "format": "[Gen 9] Random Battle", "players": ["FireHowe", "8btry8"], "log": "|j|\u2606FireHowe\n|j|\u26068btry8\n|t:|1781409481\n|gametype|singles\n|player|p1|FireHowe|giovanni|1951\n|player|p2|8btry8|1|1962\n|gen|9\n|tier|[Gen 9] Random Battle\n|rated|\n|rule|Species Clause: Limit one of each Pok\u00e9mon\n|rule|HP Percentage Mod: HP is shown in percentages\n|rule|Sleep Clause Mod: Limit one foe put to sleep\n|rule|Illusion Level Mod: Illusion disguises the Pok\u00e9mon's true level\n|\n|t:|1781409481\n|teamsize|p1|6\n|teamsize|p2|6\n|start\n|switch|p1a: Ogerpon|Ogerpon, L80, F|259/259\n|switch|p2a: Rayquaza|Rayquaza, L72|270/270\n|-ability|p2a: Rayquaza|Air Lock\n|turn|1\n|inactive|Battle timer is ON: inactive players will automatically lose when time's up. (requested by FireHowe)\n|\n|t:|1781409498\n|switch|p1a: Probopass|Probopass, L91, F|257/257\n|move|p2a: Rayquaza|Dragon Ascent|p1a: Probopass\n|-resisted|p1a: Probopass\n|-damage|p1a: Probopass|236/257\n|-unboost|p2a: Rayquaza|def|1\n|-unboost|p2a: Rayquaza|spd|1\n|\n|upkeep\n|turn|2\n|inactive|8btry8 has 120 seconds left.\n|\n|t:|1781409558\n|switch|p2a: Orthworm|Orthworm, L88, F|266/266\n|move|p1a: Probopass|Power Gem|p2a: Orthworm\n|-resisted|p2a: Orthworm\n|-damage|p2a: Orthworm|213/266\n|\n|upkeep\n|turn|3\n|inactive|FireHowe has 120 seconds left.\n|\n|t:|1781409585\n|move|p2a: Orthworm|Body Press|p1a: Probopass\n|-supereffective|p1a: Probopass\n|-crit|p1a: Probopass\n|-damage|p1a: Probopass|0 fnt\n|faint|p1a: Probopass\n|\n|upkeep\n|inactive|FireHowe has 120 seconds left.\n|c|\u2606FireHowe|oof\n|c|\u2606FireHowe|really\n|\n|t:|1781409594\n|switch|p1a: Hariyama|Hariyama, L87, F|392/392\n|turn|4\n|c|\u26068btry8|what?\n|\n|t:|1781409614\n|move|p2a: Orthworm|Coil|p2a: Orthworm\n|-boost|p2a: Orthworm|atk|1\n|-boost|p2a: Orthworm|def|1\n|-boost|p2a: Orthworm|accuracy|1\n|move|p1a: Hariyama|Knock Off|p2a: Orthworm\n|-damage|p2a: Orthworm|175/266\n|-enditem|p2a: Orthworm|Chesto Berry|[from] move: Knock Off|[of] p1a: Hariyama\n|\n|upkeep\n|turn|5\n|\n|t:|1781409629\n|move|p2a: Orthworm|Iron Tail|p1a: Hariyama\n|-damage|p1a: Hariyama|173/392\n|-unboost|p1a: Hariyama|def|1\n|move|p1a: Hariyama|Close Combat|p2a: Orthworm\n|-supereffective|p2a: Orthworm\n|-damage|p2a: Orthworm|29/266\n|-unboost|p1a: Hariyama|def|1\n|-unboost|p1a: Hariyama|spd|1\n|\n|upkeep\n|turn|6\n|\n|t:|1781409641\n|move|p2a: Orthworm|Iron Tail|p1a: Hariyama\n|-damage|p1a: Hariyama|0 fnt\n|faint|p1a: Hariyama\n|\n|upkeep\n|\n|t:|1781409642\n|switch|p1a: Hydrapple|Hydrapple, L83, F|312/312\n|turn|7\n|\n|t:|1781409648\n|move|p2a: Orthworm|Iron Tail|p1a: Hydrapple\n|-damage|p1a: Hydrapple|165/312\n|move|p1a: Hydrapple|Earth Power|p2a: Orthworm\n|-heal|p2a: Orthworm|95/266|[from] ability: Earth Eater|[of] p1a: Hydrapple\n|\n|upkeep\n|turn|8\n|c|\u2606FireHowe|right\n|c|\u2606FireHowe|welp\n|c|\u26068btry8|F\n|-message|FireHowe forfeited.\n|\n|win|8btry8\n", "uploadtime": 1781409483, "views": 3, "formatid": "gen9randombattle", "rating": null, "private": 0, "password": null}