{"id": "gen9randombattle-2631738075", "format": "[Gen 9] Random Battle", "players": ["vivi_soin", "IceColdAcer"], "log": "|j|\u2606vivi_soin\n|j|\u2606IceColdAcer\n|t:|1781431457\n|gametype|singles\n|player|p1|vivi_soin|169|1932\n|player|p2|IceColdAcer|acetrainer|1980\n|gen|9\n|tier|[Gen 9] Random Battle\n|rated|\n|rule|Species Clause: Limit one of each Pok\u00e9mon\n|rule|HP Percentage Mod: HP is shown in percentages\n|rule|Sleep Clause Mod: Limit one foe put to sleep\n|rule|Illusion Level Mod: Illusion disguises the Pok\u00e9mon's true level\n|\n|t:|1781431457\n|teamsize|p1|6\n|teamsize|p2|6\n|start\n|switch|p1a: Cacturne|Cacturne, L92, F|278/278\n|switch|p2a: Exeggutor|Exeggutor-Alola, L89, M|314/314\n|turn|1\n|\n|t:|1781431467\n|move|p1a: Cacturne|Knock Off|p2a: Exeggutor\n|-damage|p2a: Exeggutor|123/314\n|-enditem|p2a: Exeggutor|Sitrus Berry|[from] move: Knock Off|[of] p1a: Cacturne\n|-damage|p1a: Cacturne|251/278|[from] item: Life Orb\n|move|p2a: Exeggutor|Flamethrower|p1a: Cacturne\n|-supereffective|p1a: Cacturne\n|-damage|p1a: Cacturne|57/278\n|-status|p1a: Cacturne|brn\n|\n|-damage|p1a: Cacturne|40/278 brn|[from] brn\n|upkeep\n|turn|2\n|\n|t:|1781431477\n|move|p1a: Cacturne|Spikes|p2a: Exeggutor\n|-sidestart|p2: IceColdAcer|Spikes\n|move|p2a: Exeggutor|Flamethrower|p1a: Cacturne\n|-supereffective|p1a: Cacturne\n|-damage|p1a: Cacturne|0 fnt\n|faint|p1a: Cacturne\n|\n|upkeep\n|\n|t:|1781431494\n|switch|p1a: Reshiram|Reshiram, L76|277/277\n|-ability|p1a: Reshiram|Turboblaze\n|turn|3\n|\n|t:|1781431499\n|move|p1a: Reshiram|Draco Meteor|p2a: Exeggutor\n|-supereffective|p2a: Exeggutor\n|-damage|p2a: Exeggutor|0 fnt\n|-unboost|p1a: Reshiram|spa|2\n|faint|p2a: Exeggutor\n|\n|upkeep\n|\n|t:|1781431506\n|switch|p2a: Tatsugiri|Tatsugiri, L87, M|260/260\n|turn|4\n|\n|t:|1781431518\n|move|p2a: Tatsugiri|Draco Meteor|p1a: Reshiram\n|-supereffective|p1a: Reshiram\n|-damage|p1a: Reshiram|0 fnt\n|-unboost|p2a: Tatsugiri|spa|2\n|faint|p1a: Reshiram\n|\n|upkeep\n|\n|t:|1781431526\n|switch|p1a: Hypno|Hypno, L95, F|315/315\n|turn|5\n|\n|t:|1781431533\n|move|p2a: Tatsugiri|Rapid Spin|p1a: Hypno\n|-damage|p1a: Hypno|288/315\n|-boost|p2a: Tatsugiri|spe|1\n|-sideend|p2: IceColdAcer|Spikes|[from] move: Rapid Spin|[of] p2a: Tatsugiri\n|move|p1a: Hypno|Thunder Wave|p2a: Tatsugiri\n|-status|p2a: Tatsugiri|par\n|\n|-heal|p1a: Hypno|307/315|[from] item: Leftovers\n|upkeep\n|turn|6\n|\n|t:|1781431552\n|switch|p2a: Luxray|Luxray, L88, M|283/283\n|move|p1a: Hypno|Thunder Wave|p2a: Luxray\n|-immune|p2a: Luxray\n|\n|-heal|p1a: Hypno|315/315|[from] item: Leftovers\n|-status|p2a: Luxray|brn|[from] item: Flame Orb\n|upkeep\n|turn|7\n|\n|t:|1781431558\n|move|p1a: Hypno|Psychic Noise|p2a: Luxray\n|-damage|p2a: Luxray|198/283 brn\n|-start|p2a: Luxray|move: Heal Block\n|move|p2a: Luxray|Facade|p1a: Hypno\n|-damage|p1a: Hypno|115/315\n|\n|-heal|p1a: Hypno|134/315|[from] item: Leftovers\n|-damage|p2a: Luxray|181/283 brn|[from] brn\n|upkeep\n|turn|8\n|\n|t:|1781431569\n|move|p1a: Hypno|Psychic Noise|p2a: Luxray\n|-damage|p2a: Luxray|100/283 brn\n|move|p2a: Luxray|Facade|p1a: Hypno\n|-damage|p1a: Hypno|0 fnt\n|faint|p1a: Hypno\n|\n|-damage|p2a: Luxray|83/283 brn|[from] brn\n|-end|p2a: Luxray|move: Heal Block\n|upkeep\n|\n|t:|1781431576\n|switch|p1a: Ariados|Ariados, L95, F|287/287\n|turn|9\n|\n|t:|1781431580\n|move|p2a: Luxray|Supercell Slam|p1a: Ariados|[miss]\n|-miss|p2a: Luxray|p1a: Ariados\n|-damage|p2a: Luxray|0 fnt|[from] supercellslam\n|faint|p2a: Luxray\n|move|p1a: Ariados|Sticky Web|p2: Luxray\n|-sidestart|p2: IceColdAcer|move: Sticky Web\n|\n|upkeep\n|\n|t:|1781431584\n|switch|p2a: Vikavolt|Vikavolt, L83, M|263/263\n|turn|10\n|\n|t:|1781431591\n|move|p1a: Ariados|Poison Jab|p2a: Vikavolt\n|-damage|p2a: Vikavolt|169/263\n|-status|p2a: Vikavolt|psn\n|move|p2a: Vikavolt|Sticky Web|p1a: Ariados\n|-sidestart|p1: vivi_soin|move: Sticky Web\n|\n|-damage|p2a: Vikavolt|137/263 psn|[from] psn\n|upkeep\n|turn|11\n|\n|t:|1781431601\n|move|p1a: Ariados|Poison Jab|p2a: Vikavolt\n|-damage|p2a: Vikavolt|38/263 psn\n|move|p2a: Vikavolt|Volt Switch|p1a: Ariados\n|-damage|p1a: Ariados|173/287\n|\n|t:|1781431607\n|switch|p2a: Flamigo|Flamigo, L82, M|269/269|[from] Volt Switch\n|\n|upkeep\n|turn|12\n|\n|t:|1781431616\n|move|p1a: Ariados|Sucker Punch|p2a: Flamigo\n|-resisted|p2a: Flamigo\n|-damage|p2a: Flamigo|234/269\n|move|p2a: Flamigo|Brave Bird|p1a: Ariados\n|-supereffective|p1a: Ariados\n|-damage|p1a: Ariados|0 fnt\n|faint|p1a: Ariados\n|-damage|p2a: Flamigo|177/269|[from] Recoil\n|-damage|p2a: Flamigo|151/269|[from] item: Life Orb\n|\n|upkeep\n|\n|t:|1781431624\n|switch|p1a: Reuniclus|Reuniclus, L88, M|337/337\n|-activate|p1a: Reuniclus|move: Sticky Web\n|-unboost|p1a: Reuniclus|spe|1\n|turn|13\n|\n|t:|1781431630\n|switch|p2a: Vikavolt|Vikavolt, L83, M|38/263 psn\n|move|p1a: Reuniclus|Recover||[still]\n|-fail|p1a: Reuniclus|heal\n|\n|-damage|p2a: Vikavolt|6/263 psn|[from] psn\n|upkeep\n|turn|14\n|\n|t:|1781431636\n|move|p2a: Vikavolt|Bug Buzz|p1a: Reuniclus\n|-supereffective|p1a: Reuniclus\n|-damage|p1a: Reuniclus|61/337\n|move|p1a: Reuniclus|Calm Mind|p1a: Reuniclus\n|-boost|p1a: Reuniclus|spa|1\n|-boost|p1a: Reuniclus|spd|1\n|\n|-damage|p2a: Vikavolt|0 fnt|[from] psn\n|faint|p2a: Vikavolt\n|upkeep\n|\n|t:|1781431641\n|switch|p2a: Flamigo|Flamigo, L82, M|151/269\n|turn|15\n|\n|t:|1781431646\n|move|p2a: Flamigo|Brave Bird|p1a: Reuniclus\n|-damage|p1a: Reuniclus|0 fnt\n|faint|p1a: Reuniclus\n|-damage|p2a: Flamigo|131/269|[from] Recoil\n|-damage|p2a: Flamigo|105/269|[from] item: Life Orb\n|\n|upkeep\n|\n|t:|1781431647\n|switch|p1a: Diancie|Diancie, L82|216/216\n|-activate|p1a: Diancie|move: Sticky Web\n|-fail|p1a: Diancie|unboost|[from] ability: Clear Body|[of] p1a: Diancie\n|turn|16\n|\n|t:|1781431653\n|switch|p2a: Venusaur|Venusaur, L84, F|272/272\n|-activate|p2a: Venusaur|move: Sticky Web\n|-unboost|p2a: Venusaur|spe|1\n|move|p1a: Diancie|Diamond Storm|p2a: Venusaur\n|-damage|p2a: Venusaur|169/272\n|\n|-heal|p2a: Venusaur|186/272|[from] item: Leftovers\n|upkeep\n|turn|17\n|\n|t:|1781431661\n|move|p1a: Diancie|Diamond Storm|p2a: Venusaur\n|-damage|p2a: Venusaur|75/272\n|move|p2a: Venusaur|Leech Seed|p1a: Diancie\n|-start|p1a: Diancie|move: Leech Seed\n|\n|-heal|p2a: Venusaur|92/272|[from] item: Leftovers\n|-damage|p1a: Diancie|189/216|[from] Leech Seed|[of] p2a: Venusaur\n|-heal|p2a: Venusaur|119/272|[silent]\n|upkeep\n|turn|18\n|\n|t:|1781431668\n|move|p1a: Diancie|Diamond Storm|p2a: Venusaur\n|-damage|p2a: Venusaur|8/272\n|-boost|p1a: Diancie|def|2\n|move|p2a: Venusaur|Giga Drain|p1a: Diancie\n|-supereffective|p1a: Diancie\n|-damage|p1a: Diancie|15/216\n|-heal|p2a: Venusaur|95/272|[from] drain|[of] p1a: Diancie\n|\n|-heal|p1a: Diancie|28/216|[from] item: Leftovers\n|-heal|p2a: Venusaur|112/272|[from] item: Leftovers\n|-damage|p1a: Diancie|1/216|[from] Leech Seed|[of] p2a: Venusaur\n|-heal|p2a: Venusaur|139/272|[silent]\n|upkeep\n|turn|19\n|\n|t:|1781431676\n|move|p1a: Diancie|Moonblast|p2a: Venusaur\n|-resisted|p2a: Venusaur\n|-damage|p2a: Venusaur|94/272\n|move|p2a: Venusaur|Giga Drain|p1a: Diancie\n|-supereffective|p1a: Diancie\n|-damage|p1a: Diancie|0 fnt\n|-heal|p2a: Venusaur|95/272|[from] drain|[of] p1a: Diancie\n|faint|p1a: Diancie\n|\n|win|IceColdAcer\n", "uploadtime": 1781431459, "views": 3, "formatid": "gen9randombattle", "rating": null, "private": 0, "password": null}