{"id": "gen9randombattle-2631834604", "format": "[Gen 9] Random Battle", "players": ["discodiscogoodgood", "pagenfranskane"], "log": "|j|\u2606discodiscogoodgood\n|j|\u2606pagenfranskane\n|t:|1781446092\n|gametype|singles\n|player|p1|discodiscogoodgood|musician|2026\n|player|p2|pagenfranskane|battlegirl|2004\n|gen|9\n|tier|[Gen 9] Random Battle\n|rated|\n|rule|Species Clause: Limit one of each Pok\u00e9mon\n|rule|HP Percentage Mod: HP is shown in percentages\n|rule|Sleep Clause Mod: Limit one foe put to sleep\n|rule|Illusion Level Mod: Illusion disguises the Pok\u00e9mon's true level\n|\n|t:|1781446092\n|teamsize|p1|6\n|teamsize|p2|6\n|start\n|switch|p1a: Slowbro|Slowbro-Galar, L87, F|307/307\n|switch|p2a: Ursaluna|Ursaluna-Bloodmoon, L79, M|308/308\n|turn|1\n|\n|t:|1781446108\n|switch|p1a: Granbull|Granbull, L88, F|302/302\n|-ability|p1a: Granbull|Intimidate|boost\n|-unboost|p2a: Ursaluna|atk|1\n|move|p2a: Ursaluna|Calm Mind|p2a: Ursaluna\n|-boost|p2a: Ursaluna|spa|1\n|-boost|p2a: Ursaluna|spd|1\n|\n|upkeep\n|turn|2\n|\n|t:|1781446113\n|move|p1a: Granbull|Encore|p2a: Ursaluna\n|-start|p2a: Ursaluna|Encore\n|move|p2a: Ursaluna|Calm Mind|p2a: Ursaluna\n|-boost|p2a: Ursaluna|spa|1\n|-boost|p2a: Ursaluna|spd|1\n|\n|upkeep\n|turn|3\n|\n|t:|1781446118\n|switch|p2a: Corviknight|Corviknight, L80, M|288/288\n|-ability|p2a: Corviknight|Pressure\n|move|p1a: Granbull|Thunder Wave|p2a: Corviknight\n|-status|p2a: Corviknight|par\n|\n|upkeep\n|turn|4\n|\n|t:|1781446128\n|switch|p1a: Klawf|Klawf, L90, F|272/272\n|move|p2a: Corviknight|Brave Bird|p1a: Klawf\n|-resisted|p1a: Klawf\n|-damage|p1a: Klawf|233/272\n|-damage|p2a: Corviknight|275/288 par|[from] Recoil\n|\n|upkeep\n|turn|5\n|\n|t:|1781446142\n|switch|p2a: Decidueye|Decidueye, L88, M|281/281\n|move|p1a: Klawf|Stealth Rock|p2a: Decidueye\n|-sidestart|p2: pagenfranskane|move: Stealth Rock\n|\n|upkeep\n|turn|6\n|\n|t:|1781446150\n|switch|p1a: Granbull|Granbull, L88, F|302/302\n|-ability|p1a: Granbull|Intimidate|boost\n|-unboost|p2a: Decidueye|atk|1\n|move|p2a: Decidueye|Knock Off|p1a: Granbull\n|-resisted|p1a: Granbull\n|-damage|p1a: Granbull|264/302\n|-enditem|p1a: Granbull|Leftovers|[from] move: Knock Off|[of] p2a: Decidueye\n|-damage|p2a: Decidueye|253/281|[from] item: Life Orb\n|\n|upkeep\n|turn|7\n|\n|t:|1781446159\n|switch|p2a: Corviknight|Corviknight, L80, M|275/288 par\n|-damage|p2a: Corviknight|239/288 par|[from] Stealth Rock\n|-ability|p2a: Corviknight|Pressure\n|switch|p1a: Electrode|Electrode-Hisui, L87|246/246\n|\n|upkeep\n|turn|8\n|\n|t:|1781446167\n|move|p1a: Electrode|Substitute|p1a: Electrode\n|-start|p1a: Electrode|Substitute\n|-damage|p1a: Electrode|185/246\n|cant|p2a: Corviknight|par\n|\n|-heal|p1a: Electrode|200/246|[from] item: Leftovers\n|upkeep\n|turn|9\n|\n|t:|1781446172\n|switch|p2a: Tornadus|Tornadus, L82, M|263/263\n|-damage|p2a: Tornadus|198/263|[from] Stealth Rock\n|move|p1a: Electrode|Thunderbolt|p2a: Tornadus\n|-supereffective|p2a: Tornadus\n|-damage|p2a: Tornadus|0 fnt\n|faint|p2a: Tornadus\n|\n|-heal|p1a: Electrode|215/246|[from] item: Leftovers\n|upkeep\n|-message|pagenfranskane forfeited.\n|\n|win|discodiscogoodgood\n", "uploadtime": 1781446095, "views": 3, "formatid": "gen9randombattle", "rating": null, "private": 0, "password": null}