{"id": "gen9randombattle-2631576184", "format": "[Gen 9] Random Battle", "players": ["EmeraldKell", "bulrug"], "log": "|j|\u2606EmeraldKell\n|j|\u203dbulrug\n|t:|1781403548\n|gametype|singles\n|player|p1|EmeraldKell|alder|1901\n|player|p2|bulrug|burglar|2015\n|gen|9\n|tier|[Gen 9] Random Battle\n|rated|\n|rule|Species Clause: Limit one of each Pok\u00e9mon\n|rule|HP Percentage Mod: HP is shown in percentages\n|rule|Sleep Clause Mod: Limit one foe put to sleep\n|rule|Illusion Level Mod: Illusion disguises the Pok\u00e9mon's true level\n|\n|t:|1781403548\n|teamsize|p1|6\n|teamsize|p2|6\n|start\n|switch|p1a: Keldeo|Keldeo-Resolute, L79|273/273\n|switch|p2a: Arceus|Arceus-Electric, L70|284/284\n|turn|1\n|c|\u2606EmeraldKell|gl hf!\n|\n|t:|1781403566\n|move|p1a: Keldeo|Flip Turn|p2a: Arceus\n|-damage|p2a: Arceus|244/284\n|\n|t:|1781403577\n|switch|p1a: Cyclizar|Cyclizar, L83, M|252/252|[from] Flip Turn\n|move|p2a: Arceus|Calm Mind|p2a: Arceus\n|-boost|p2a: Arceus|spa|1\n|-boost|p2a: Arceus|spd|1\n|\n|upkeep\n|turn|2\n|\n|t:|1781403583\n|move|p1a: Cyclizar|Taunt|p2a: Arceus\n|-start|p2a: Arceus|move: Taunt\n|move|p2a: Arceus|Judgment|p1a: Cyclizar\n|-resisted|p1a: Cyclizar\n|-damage|p1a: Cyclizar|144/252\n|\n|upkeep\n|turn|3\n|\n|t:|1781403601\n|move|p1a: Cyclizar|Shed Tail|p1a: Cyclizar\n|-start|p1a: Cyclizar|Substitute|[from] move: Shed Tail\n|-damage|p1a: Cyclizar|18/252\n|\n|t:|1781403605\n|switch|p1a: Houndstone|Houndstone, L86, F|264/264|[from] Shed Tail\n|move|p2a: Arceus|Judgment|p1a: Houndstone\n|-end|p1a: Houndstone|Substitute\n|\n|upkeep\n|turn|4\n|\n|t:|1781403612\n|move|p2a: Arceus|Judgment|p1a: Houndstone\n|-damage|p1a: Houndstone|164/264\n|move|p1a: Houndstone|Poltergeist|p2a: Arceus\n|-activate|p2a: Arceus|move: Poltergeist|Zap Plate\n|-damage|p2a: Arceus|132/284\n|\n|-end|p2a: Arceus|move: Taunt\n|upkeep\n|turn|5\n|\n|t:|1781403622\n|move|p2a: Arceus|Judgment|p1a: Houndstone\n|-crit|p1a: Houndstone\n|-damage|p1a: Houndstone|8/264\n|move|p1a: Houndstone|Poltergeist|p2a: Arceus\n|-activate|p2a: Arceus|move: Poltergeist|Zap Plate\n|-damage|p2a: Arceus|14/284\n|\n|upkeep\n|turn|6\n|\n|t:|1781403630\n|move|p1a: Houndstone|Shadow Sneak|p2a: Arceus\n|-damage|p2a: Arceus|0 fnt\n|faint|p2a: Arceus\n|\n|upkeep\n|\n|t:|1781403644\n|switch|p2a: Zebstrika|Zebstrika, L87, F|272/272\n|turn|7\n|\n|t:|1781403650\n|move|p1a: Houndstone|Shadow Sneak|p2a: Zebstrika\n|-damage|p2a: Zebstrika|209/272\n|move|p2a: Zebstrika|Volt Switch|p1a: Houndstone\n|-damage|p1a: Houndstone|0 fnt\n|faint|p1a: Houndstone\n|-damage|p2a: Zebstrika|182/272|[from] item: Life Orb\n|\n|t:|1781403656\n|switch|p2a: Metagross|Metagross, L79|256/256|[from] Volt Switch\n|\n|upkeep\n|\n|t:|1781403669\n|switch|p1a: Delphox|Delphox, L84, M|263/263\n|turn|8\n|\n|t:|1781403673\n|switch|p2a: Vaporeon|Vaporeon, L86, F|364/364\n|move|p1a: Delphox|Fire Blast|p2a: Vaporeon\n|-resisted|p2a: Vaporeon\n|-damage|p2a: Vaporeon|303/364\n|\n|-heal|p2a: Vaporeon|325/364|[from] item: Leftovers\n|upkeep\n|turn|9\n|\n|t:|1781403696\n|switch|p1a: Keldeo|Keldeo-Resolute, L79|273/273\n|move|p2a: Vaporeon|Flip Turn|p1a: Keldeo\n|-resisted|p1a: Keldeo\n|-damage|p1a: Keldeo|249/273\n|\n|t:|1781403700\n|switch|p2a: Zebstrika|Zebstrika, L87, F|182/272|[from] Flip Turn\n|\n|upkeep\n|turn|10\n|\n|t:|1781403713\n|switch|p1a: Cyclizar|Cyclizar, L83, M|102/252\n|move|p2a: Zebstrika|Supercell Slam|p1a: Cyclizar\n|-resisted|p1a: Cyclizar\n|-damage|p1a: Cyclizar|8/252\n|-damage|p2a: Zebstrika|155/272|[from] item: Life Orb\n|\n|upkeep\n|turn|11\n|\n|t:|1781403733\n|move|p2a: Zebstrika|Volt Switch|p1a: Cyclizar\n|-resisted|p1a: Cyclizar\n|-damage|p1a: Cyclizar|0 fnt\n|faint|p1a: Cyclizar\n|-damage|p2a: Zebstrika|128/272|[from] item: Life Orb\n|j| cj got drip\n|\n|t:|1781403752\n|switch|p2a: Giratina|Giratina, L75|349/349|[from] Volt Switch\n|-ability|p2a: Giratina|Pressure\n|\n|upkeep\n|\n|t:|1781403765\n|switch|p1a: Glimmora|Glimmora, L75, M|248/248\n|-item|p1a: Glimmora|Air Balloon\n|turn|12\n|\n|t:|1781403770\n|move|p2a: Giratina|Shadow Ball|p1a: Glimmora\n|-damage|p1a: Glimmora|164/248\n|-enditem|p1a: Glimmora|Air Balloon\n|move|p1a: Glimmora|Stealth Rock|p2a: Giratina\n|-sidestart|p2: bulrug|move: Stealth Rock\n|\n|upkeep\n|turn|13\n|\n|t:|1781403780\n|move|p2a: Giratina|Shadow Ball|p1a: Glimmora\n|-damage|p1a: Glimmora|80/248\n|move|p1a: Glimmora|Spikes|p2a: Giratina\n|-sidestart|p2: bulrug|Spikes\n|\n|upkeep\n|turn|14\n|\n|t:|1781403786\n|move|p2a: Giratina|Shadow Ball|p1a: Glimmora\n|-damage|p1a: Glimmora|1/248\n|move|p1a: Glimmora|Spikes|p2a: Giratina\n|-sidestart|p2: bulrug|Spikes\n|\n|upkeep\n|turn|15\n|\n|t:|1781403794\n|switch|p1a: Keldeo|Keldeo-Resolute, L79|249/273\n|move|p2a: Giratina|Defog|p1a: Keldeo\n|-unboost|p1a: Keldeo|evasion|1\n|-sideend|p2: bulrug|Spikes|[from] move: Defog|[of] p2a: Giratina\n|-sideend|p2: bulrug|Stealth Rock|[from] move: Defog|[of] p2a: Giratina\n|\n|upkeep\n|turn|16\n|\n|t:|1781403809\n|move|p1a: Keldeo|Flip Turn|p2a: Giratina\n|-resisted|p2a: Giratina\n|-damage|p2a: Giratina|327/349\n|\n|t:|1781403815\n|switch|p1a: Glimmora|Glimmora, L75, M|1/248|[from] Flip Turn\n|move|p2a: Giratina|Shadow Ball|p1a: Glimmora\n|-damage|p1a: Glimmora|0 fnt\n|faint|p1a: Glimmora\n|\n|-heal|p2a: Giratina|348/349|[from] item: Leftovers\n|upkeep\n|\n|t:|1781403833\n|switch|p1a: Delphox|Delphox, L84, M|263/263\n|turn|17\n|\n|t:|1781403839\n|move|p1a: Delphox|Nasty Plot|p1a: Delphox\n|-boost|p1a: Delphox|spa|2\n|move|p2a: Giratina|Shadow Ball|p1a: Delphox\n|-supereffective|p1a: Delphox\n|-damage|p1a: Delphox|131/263\n|-unboost|p1a: Delphox|spd|1\n|\n|-heal|p2a: Giratina|349/349|[from] item: Leftovers\n|upkeep\n|turn|18\n|\n|t:|1781403848\n|move|p1a: Delphox|Psyshock|p2a: Giratina\n|-damage|p2a: Giratina|177/349\n|move|p2a: Giratina|Shadow Ball|p1a: Delphox\n|-supereffective|p1a: Delphox\n|-damage|p1a: Delphox|0 fnt\n|faint|p1a: Delphox\n|\n|-heal|p2a: Giratina|198/349|[from] item: Leftovers\n|upkeep\n|\n|t:|1781403857\n|switch|p1a: Keldeo|Keldeo-Resolute, L79|249/273\n|turn|19\n|\n|t:|1781403861\n|move|p1a: Keldeo|Hydro Pump|p2a: Giratina\n|-resisted|p2a: Giratina\n|-damage|p2a: Giratina|117/349\n|move|p2a: Giratina|Shadow Ball|p1a: Keldeo\n|-damage|p1a: Keldeo|171/273\n|-unboost|p1a: Keldeo|spd|1\n|\n|-heal|p2a: Giratina|138/349|[from] item: Leftovers\n|upkeep\n|turn|20\n|\n|t:|1781403870\n|move|p1a: Keldeo|Hydro Pump|p2a: Giratina|[miss]\n|-miss|p1a: Keldeo|p2a: Giratina\n|move|p2a: Giratina|Shadow Ball|p1a: Keldeo\n|-damage|p1a: Keldeo|63/273\n|\n|-heal|p2a: Giratina|159/349|[from] item: Leftovers\n|upkeep\n|turn|21\n|\n|t:|1781403877\n|move|p1a: Keldeo|Hydro Pump|p2a: Giratina\n|-resisted|p2a: Giratina\n|-damage|p2a: Giratina|78/349\n|move|p2a: Giratina|Shadow Ball|p1a: Keldeo\n|-damage|p1a: Keldeo|0 fnt\n|faint|p1a: Keldeo\n|\n|-heal|p2a: Giratina|99/349|[from] item: Leftovers\n|upkeep\n|l| cj got drip\n|\n|t:|1781403886\n|switch|p1a: Sneasler|Sneasler, L74, M|240/240\n|turn|22\n|\n|t:|1781403894\n|move|p1a: Sneasler|Swords Dance|p1a: Sneasler\n|-boost|p1a: Sneasler|atk|2\n|move|p2a: Giratina|Will-O-Wisp|p1a: Sneasler\n|-status|p1a: Sneasler|brn\n|\n|-heal|p2a: Giratina|120/349|[from] item: Leftovers\n|-damage|p1a: Sneasler|225/240 brn|[from] brn\n|upkeep\n|turn|23\n|\n|t:|1781403904\n|move|p1a: Sneasler|Dire Claw|p2a: Giratina\n|-resisted|p2a: Giratina\n|-damage|p2a: Giratina|82/349\n|-status|p2a: Giratina|par\n|move|p2a: Giratina|Shadow Ball|p1a: Sneasler\n|-damage|p1a: Sneasler|140/240 brn\n|\n|-heal|p2a: Giratina|103/349 par|[from] item: Leftovers\n|-damage|p1a: Sneasler|125/240 brn|[from] brn\n|upkeep\n|turn|24\n|\n|t:|1781403915\n|move|p1a: Sneasler|Acrobatics|p2a: Giratina\n|-damage|p2a: Giratina|70/349 par\n|move|p2a: Giratina|Shadow Ball|p1a: Sneasler\n|-damage|p1a: Sneasler|44/240 brn\n|-unboost|p1a: Sneasler|spd|1\n|-enditem|p1a: Sneasler|White Herb\n|-clearnegativeboost|p1a: Sneasler|[silent]\n|\n|-heal|p2a: Giratina|91/349 par|[from] item: Leftovers\n|-damage|p1a: Sneasler|29/240 brn|[from] brn\n|upkeep\n|turn|25\n|\n|t:|1781403926\n|move|p1a: Sneasler|Acrobatics|p2a: Giratina\n|-damage|p2a: Giratina|26/349 par\n|move|p2a: Giratina|Shadow Ball|p1a: Sneasler\n|-damage|p1a: Sneasler|0 fnt\n|faint|p1a: Sneasler\n|\n|win|bulrug\n", "uploadtime": 1781403549, "views": 3, "formatid": "gen9randombattle", "rating": null, "private": 0, "password": null}