{"id": "gen9randombattle-2631809663", "format": "[Gen 9] Random Battle", "players": ["Barniekiller42064", "actuary97"], "log": "|j|\u2606Barniekiller42064\n|j|\u2606actuary97\n|t:|1781442870\n|gametype|singles\n|player|p1|Barniekiller42064|crasherwake|2053\n|player|p2|actuary97|sabrina-frlg|2047\n|gen|9\n|tier|[Gen 9] Random Battle\n|rated|\n|rule|Species Clause: Limit one of each Pok\u00e9mon\n|rule|HP Percentage Mod: HP is shown in percentages\n|rule|Sleep Clause Mod: Limit one foe put to sleep\n|rule|Illusion Level Mod: Illusion disguises the Pok\u00e9mon's true level\n|\n|t:|1781442870\n|teamsize|p1|6\n|teamsize|p2|6\n|start\n|switch|p1a: Flygon|Flygon, L82, F|265/265\n|switch|p2a: Persian|Persian, L92, M|269/269\n|turn|1\n|inactive|Battle timer is ON: inactive players will automatically lose when time's up. (requested by Barniekiller42064)\n|\n|t:|1781442881\n|switch|p1a: Iron Treads|Iron Treads, L77|265/265\n|move|p2a: Persian|Fake Out|p1a: Iron Treads\n|-resisted|p1a: Iron Treads\n|-damage|p1a: Iron Treads|235/265\n|\n|upkeep\n|turn|2\n|\n|t:|1781442891\n|move|p2a: Persian|U-turn|p1a: Iron Treads\n|-resisted|p1a: Iron Treads\n|-damage|p1a: Iron Treads|214/265\n|\n|t:|1781442903\n|switch|p2a: Gastrodon|Gastrodon, L86, M|331/331|[from] U-turn\n|move|p1a: Iron Treads|Knock Off|p2a: Gastrodon\n|-crit|p2a: Gastrodon\n|-damage|p2a: Gastrodon|217/331\n|-enditem|p2a: Gastrodon|Leftovers|[from] move: Knock Off|[of] p1a: Iron Treads\n|\n|upkeep\n|turn|3\n|\n|t:|1781442912\n|move|p1a: Iron Treads|Earthquake|p2a: Gastrodon\n|-damage|p2a: Gastrodon|102/331\n|move|p2a: Gastrodon|Surf|p1a: Iron Treads\n|-supereffective|p1a: Iron Treads\n|-damage|p1a: Iron Treads|44/265\n|\n|upkeep\n|turn|4\n|\n|t:|1781442924\n|move|p1a: Iron Treads|Earthquake|p2a: Gastrodon\n|-damage|p2a: Gastrodon|0 fnt\n|faint|p2a: Gastrodon\n|\n|upkeep\n|\n|t:|1781442939\n|switch|p2a: Persian|Persian, L92, M|269/269\n|turn|5\n|\n|t:|1781442943\n|move|p2a: Persian|Fake Out|p1a: Iron Treads\n|-resisted|p1a: Iron Treads\n|-damage|p1a: Iron Treads|11/265\n|cant|p1a: Iron Treads|flinch\n|\n|upkeep\n|turn|6\n|\n|t:|1781442947\n|move|p2a: Persian|Knock Off|p1a: Iron Treads\n|-damage|p1a: Iron Treads|0 fnt\n|-enditem|p1a: Iron Treads|Assault Vest|[from] move: Knock Off|[of] p2a: Persian\n|faint|p1a: Iron Treads\n|-end|p1a: Iron Treads|Quark Drive|[silent]\n|\n|upkeep\n|\n|t:|1781442955\n|switch|p1a: Flygon|Flygon, L82, F|265/265\n|turn|7\n|\n|t:|1781442962\n|move|p1a: Flygon|Earthquake|p2a: Persian\n|-damage|p2a: Persian|149/269\n|move|p2a: Persian|U-turn|p1a: Flygon\n|-damage|p1a: Flygon|210/265\n|\n|t:|1781442991\n|switch|p2a: Veluza|Veluza, L85, M|292/292|[from] U-turn\n|\n|upkeep\n|turn|8\n|\n|t:|1781443000\n|switch|p1a: Dunsparce|Dunsparce, L86, F|312/312\n|move|p2a: Veluza|Fillet Away|p2a: Veluza\n|-boost|p2a: Veluza|atk|2\n|-boost|p2a: Veluza|spa|2\n|-boost|p2a: Veluza|spe|2\n|-damage|p2a: Veluza|146/292\n|-enditem|p2a: Veluza|Sitrus Berry|[eat]\n|-heal|p2a: Veluza|219/292|[from] item: Sitrus Berry\n|\n|upkeep\n|turn|9\n|\n|t:|1781443006\n|move|p2a: Veluza|Psycho Cut|p1a: Dunsparce\n|-damage|p1a: Dunsparce|129/312\n|move|p1a: Dunsparce|Body Slam|p2a: Veluza\n|-damage|p2a: Veluza|135/292\n|-status|p2a: Veluza|par\n|\n|upkeep\n|turn|10\n|\n|t:|1781443011\n|move|p2a: Veluza|Psycho Cut|p1a: Dunsparce\n|-damage|p1a: Dunsparce|0 fnt\n|faint|p1a: Dunsparce\n|\n|upkeep\n|\n|t:|1781443029\n|switch|p1a: Venomoth|Venomoth, L84, F|255/255\n|turn|11\n|\n|t:|1781443033\n|move|p1a: Venomoth|Bug Buzz|p2a: Veluza\n|-supereffective|p2a: Veluza\n|-damage|p2a: Veluza|0 fnt\n|faint|p2a: Veluza\n|\n|upkeep\n|\n|t:|1781443036\n|switch|p2a: Gothitelle|Gothitelle, L90, F|272/272\n|turn|12\n|\n|t:|1781443046\n|move|p1a: Venomoth|Bug Buzz|p2a: Gothitelle\n|-supereffective|p2a: Gothitelle\n|-damage|p2a: Gothitelle|120/272\n|move|p2a: Gothitelle|Psychic Noise|p1a: Venomoth\n|-supereffective|p1a: Venomoth\n|-damage|p1a: Venomoth|39/255\n|-start|p1a: Venomoth|move: Heal Block\n|\n|-heal|p2a: Gothitelle|137/272|[from] item: Leftovers\n|upkeep\n|turn|13\n|\n|t:|1781443052\n|switch|p2a: Magnezone|Magnezone, L85|258/258\n|move|p1a: Venomoth|Bug Buzz|p2a: Magnezone\n|-resisted|p2a: Magnezone\n|-damage|p2a: Magnezone|172/258\n|\n|-end|p1a: Venomoth|move: Heal Block\n|upkeep\n|turn|14\n|\n|t:|1781443056\n|move|p2a: Magnezone|Flash Cannon|p1a: Venomoth\n|-damage|p1a: Venomoth|0 fnt\n|faint|p1a: Venomoth\n|\n|upkeep\n|\n|t:|1781443068\n|switch|p1a: Flygon|Flygon, L82, F|210/265\n|turn|15\n|\n|t:|1781443078\n|move|p1a: Flygon|Earthquake|p2a: Magnezone\n|-supereffective|p2a: Magnezone\n|-damage|p2a: Magnezone|0 fnt\n|faint|p2a: Magnezone\n|\n|upkeep\n|\n|t:|1781443080\n|switch|p2a: Persian|Persian, L92, M|149/269\n|turn|16\n|\n|t:|1781443082\n|move|p2a: Persian|Fake Out|p1a: Flygon\n|-damage|p1a: Flygon|135/265\n|cant|p1a: Flygon|flinch\n|\n|upkeep\n|turn|17\n|\n|t:|1781443090\n|move|p1a: Flygon|Earthquake|p2a: Persian\n|-damage|p2a: Persian|16/269\n|move|p2a: Persian|Double-Edge|p1a: Flygon\n|-damage|p1a: Flygon|0 fnt\n|faint|p1a: Flygon\n|-damage|p2a: Persian|0 fnt|[from] Recoil\n|faint|p2a: Persian\n|\n|upkeep\n|\n|t:|1781443100\n|switch|p2a: Gengar|Gengar, L81, M|230/230\n|switch|p1a: Enamorus|Enamorus-Therian, L83, F|259/259\n|turn|18\n|\n|t:|1781443110\n|-terastallize|p1a: Enamorus|Ground\n|move|p2a: Gengar|Focus Blast|p1a: Enamorus\n|-damage|p1a: Enamorus|129/259\n|move|p1a: Enamorus|Earth Power|p2a: Gengar\n|-supereffective|p2a: Gengar\n|-damage|p2a: Gengar|0 fnt\n|faint|p2a: Gengar\n|\n|upkeep\n|\n|t:|1781443112\n|switch|p2a: Gothitelle|Gothitelle, L90, F|137/272\n|turn|19\n|\n|t:|1781443116\n|move|p2a: Gothitelle|Calm Mind|p2a: Gothitelle\n|-boost|p2a: Gothitelle|spa|1\n|-boost|p2a: Gothitelle|spd|1\n|move|p1a: Enamorus|Agility|p1a: Enamorus\n|-boost|p1a: Enamorus|spe|2\n|\n|-heal|p2a: Gothitelle|154/272|[from] item: Leftovers\n|upkeep\n|turn|20\n|\n|t:|1781443119\n|move|p1a: Enamorus|Moonblast|p2a: Gothitelle\n|-damage|p2a: Gothitelle|84/272\n|move|p2a: Gothitelle|Psychic Noise|p1a: Enamorus\n|-damage|p1a: Enamorus|0 fnt\n|faint|p1a: Enamorus\n|\n|-heal|p2a: Gothitelle|101/272|[from] item: Leftovers\n|upkeep\n|\n|t:|1781443123\n|switch|p1a: Sylveon|Sylveon, L85, F|300/300\n|turn|21\n|\n|t:|1781443128\n|move|p2a: Gothitelle|Psychic Noise|p1a: Sylveon\n|-damage|p1a: Sylveon|197/300\n|-start|p1a: Sylveon|move: Heal Block\n|move|p1a: Sylveon|Calm Mind|p1a: Sylveon\n|-boost|p1a: Sylveon|spa|1\n|-boost|p1a: Sylveon|spd|1\n|\n|-heal|p2a: Gothitelle|118/272|[from] item: Leftovers\n|upkeep\n|turn|22\n|\n|t:|1781443134\n|move|p2a: Gothitelle|Calm Mind|p2a: Gothitelle\n|-boost|p2a: Gothitelle|spa|1\n|-boost|p2a: Gothitelle|spd|1\n|move|p1a: Sylveon|Hyper Voice|p2a: Gothitelle\n|-damage|p2a: Gothitelle|43/272\n|\n|-heal|p2a: Gothitelle|60/272|[from] item: Leftovers\n|-end|p1a: Sylveon|move: Heal Block\n|upkeep\n|turn|23\n|\n|t:|1781443136\n|move|p2a: Gothitelle|Psychic Noise|p1a: Sylveon\n|-damage|p1a: Sylveon|104/300\n|-start|p1a: Sylveon|move: Heal Block\n|move|p1a: Sylveon|Hyper Voice|p2a: Gothitelle\n|-damage|p2a: Gothitelle|0 fnt\n|faint|p2a: Gothitelle\n|\n|win|Barniekiller42064\n", "uploadtime": 1781442872, "views": 3, "formatid": "gen9randombattle", "rating": null, "private": 0, "password": null}