{"id": "gen9randombattle-2631577307", "format": "[Gen 9] Random Battle", "players": ["Arsenal0394", "isnothingeasy"], "log": "|j|\u203dArsenal0394\n|j|\u2606isnothingeasy\n|t:|1781403711\n|gametype|singles\n|player|p1|Arsenal0394|2|1999\n|player|p2|isnothingeasy|lady|2015\n|gen|9\n|tier|[Gen 9] Random Battle\n|rated|\n|rule|Species Clause: Limit one of each Pok\u00e9mon\n|rule|HP Percentage Mod: HP is shown in percentages\n|rule|Sleep Clause Mod: Limit one foe put to sleep\n|rule|Illusion Level Mod: Illusion disguises the Pok\u00e9mon's true level\n|\n|t:|1781403711\n|teamsize|p1|6\n|teamsize|p2|6\n|start\n|switch|p1a: Skeledirge|Skeledirge, L79, F|294/294\n|switch|p2a: Deoxys|Deoxys-Speed, L82|216/216\n|-ability|p2a: Deoxys|Pressure\n|turn|1\n|inactive|Battle timer is ON: inactive players will automatically lose when time's up. (requested by isnothingeasy)\n|\n|t:|1781403742\n|move|p2a: Deoxys|Psycho Boost|p1a: Skeledirge|[miss]\n|-miss|p2a: Deoxys|p1a: Skeledirge\n|move|p1a: Skeledirge|Torch Song|p2a: Deoxys\n|-crit|p2a: Deoxys\n|-damage|p2a: Deoxys|90/216\n|-boost|p1a: Skeledirge|spa|1\n|\n|upkeep\n|turn|2\n|\n|t:|1781403749\n|switch|p2a: Ursaluna|Ursaluna-Bloodmoon, L79, M|308/308\n|move|p1a: Skeledirge|Slack Off||[still]\n|-fail|p1a: Skeledirge|heal\n|\n|upkeep\n|turn|3\n|\n|t:|1781403762\n|move|p1a: Skeledirge|Torch Song|p2a: Ursaluna\n|-damage|p2a: Ursaluna|133/308\n|-boost|p1a: Skeledirge|spa|1\n|move|p2a: Ursaluna|Blood Moon|p1a: Skeledirge\n|-damage|p1a: Skeledirge|74/294\n|\n|-heal|p2a: Ursaluna|152/308|[from] item: Leftovers\n|upkeep\n|turn|4\n|\n|t:|1781403769\n|switch|p2a: Arcanine|Arcanine-Hisui, L79, F|279/279\n|move|p1a: Skeledirge|Torch Song|p2a: Arcanine\n|-resisted|p2a: Arcanine\n|-damage|p2a: Arcanine|231/279\n|-boost|p1a: Skeledirge|spa|1\n|\n|upkeep\n|turn|5\n|\n|t:|1781403777\n|move|p2a: Arcanine|Head Smash|p1a: Skeledirge\n|-supereffective|p1a: Skeledirge\n|-damage|p1a: Skeledirge|0 fnt\n|faint|p1a: Skeledirge\n|\n|upkeep\n|\n|t:|1781403786\n|switch|p1a: Enamorus|Enamorus, L79, F|247/247\n|turn|6\n|\n|t:|1781403804\n|switch|p2a: Sandaconda|Sandaconda, L84, M|258/258\n|move|p1a: Enamorus|Superpower|p2a: Sandaconda\n|-damage|p2a: Sandaconda|187/258\n|-boost|p1a: Enamorus|atk|1\n|-boost|p1a: Enamorus|def|1\n|\n|-heal|p2a: Sandaconda|203/258|[from] item: Leftovers\n|upkeep\n|turn|7\n|\n|t:|1781403809\n|move|p1a: Enamorus|Superpower|p2a: Sandaconda\n|-damage|p2a: Sandaconda|106/258\n|-boost|p1a: Enamorus|atk|1\n|-boost|p1a: Enamorus|def|1\n|move|p2a: Sandaconda|Glare|p1a: Enamorus\n|-status|p1a: Enamorus|par\n|\n|-heal|p2a: Sandaconda|122/258|[from] item: Leftovers\n|upkeep\n|turn|8\n|\n|t:|1781403812\n|move|p2a: Sandaconda|Stone Edge|p1a: Enamorus\n|-supereffective|p1a: Enamorus\n|-damage|p1a: Enamorus|157/247 par\n|move|p1a: Enamorus|Superpower|p2a: Sandaconda\n|-damage|p2a: Sandaconda|1/258\n|-boost|p1a: Enamorus|atk|1\n|-boost|p1a: Enamorus|def|1\n|\n|-heal|p2a: Sandaconda|17/258|[from] item: Leftovers\n|-heal|p1a: Enamorus|172/247 par|[from] item: Leftovers\n|upkeep\n|turn|9\n|\n|t:|1781403816\n|move|p2a: Sandaconda|Stone Edge|p1a: Enamorus|[miss]\n|-miss|p2a: Sandaconda|p1a: Enamorus\n|move|p1a: Enamorus|Superpower|p2a: Sandaconda\n|-damage|p2a: Sandaconda|0 fnt\n|-boost|p1a: Enamorus|atk|1\n|-boost|p1a: Enamorus|def|1\n|faint|p2a: Sandaconda\n|\n|-heal|p1a: Enamorus|187/247 par|[from] item: Leftovers\n|upkeep\n|\n|t:|1781403821\n|switch|p2a: Ursaluna|Ursaluna-Bloodmoon, L79, M|152/308\n|turn|10\n|\n|t:|1781403826\n|move|p2a: Ursaluna|Blood Moon|p1a: Enamorus\n|-damage|p1a: Enamorus|0 fnt\n|faint|p1a: Enamorus\n|\n|-heal|p2a: Ursaluna|171/308|[from] item: Leftovers\n|upkeep\n|\n|t:|1781403834\n|switch|p1a: Abomasnow|Abomasnow, L84, M|287/287\n|-weather|Snowscape|[from] ability: Snow Warning|[of] p1a: Abomasnow\n|turn|11\n|\n|t:|1781403842\n|switch|p2a: Arcanine|Arcanine-Hisui, L79, F|231/279\n|move|p1a: Abomasnow|Aurora Veil|p1a: Abomasnow\n|-sidestart|p1: Arsenal0394|move: Aurora Veil\n|\n|-weather|Snowscape|[upkeep]\n|upkeep\n|turn|12\n|\n|t:|1781403849\n|move|p2a: Arcanine|Flare Blitz|p1a: Abomasnow\n|-supereffective|p1a: Abomasnow\n|-damage|p1a: Abomasnow|0 fnt\n|faint|p1a: Abomasnow\n|\n|-weather|Snowscape|[upkeep]\n|upkeep\n|\n|t:|1781403855\n|switch|p1a: Toxtricity|Toxtricity, L82, M|257/257\n|turn|13\n|\n|t:|1781403864\n|move|p2a: Arcanine|Flare Blitz|p1a: Toxtricity\n|-damage|p1a: Toxtricity|146/257\n|move|p1a: Toxtricity|Boomburst|p2a: Arcanine\n|-resisted|p2a: Arcanine\n|-damage|p2a: Arcanine|116/279\n|\n|-weather|Snowscape|[upkeep]\n|upkeep\n|turn|14\n|\n|t:|1781403875\n|move|p2a: Arcanine|Flare Blitz|p1a: Toxtricity\n|-damage|p1a: Toxtricity|29/257\n|-status|p1a: Toxtricity|brn\n|move|p1a: Toxtricity|Boomburst|p2a: Arcanine\n|-resisted|p2a: Arcanine\n|-damage|p2a: Arcanine|0 fnt\n|faint|p2a: Arcanine\n|\n|-weather|Snowscape|[upkeep]\n|-damage|p1a: Toxtricity|13/257 brn|[from] brn\n|upkeep\n|\n|t:|1781403882\n|switch|p2a: Deoxys|Deoxys-Speed, L82|90/216\n|-ability|p2a: Deoxys|Pressure\n|turn|15\n|\n|t:|1781403886\n|move|p2a: Deoxys|Dark Pulse|p1a: Toxtricity\n|-damage|p1a: Toxtricity|0 fnt\n|faint|p1a: Toxtricity\n|-damage|p2a: Deoxys|69/216|[from] item: Life Orb\n|\n|-weather|none\n|upkeep\n|\n|t:|1781403889\n|switch|p1a: Brute Bonnet|Brute Bonnet, L80|309/309\n|turn|16\n|\n|t:|1781403895\n|switch|p2a: Pincurchin|Pincurchin, F|258/258\n|-fieldstart|move: Electric Terrain|[from] ability: Electric Surge|[of] p2a: Pincurchin\n|move|p1a: Brute Bonnet|Crunch|p2a: Pincurchin\n|-damage|p2a: Pincurchin|174/258\n|\n|-heal|p2a: Pincurchin|190/258|[from] item: Leftovers\n|upkeep\n|turn|17\n|\n|t:|1781403904\n|move|p1a: Brute Bonnet|Crunch|p2a: Pincurchin\n|-damage|p2a: Pincurchin|115/258\n|move|p2a: Pincurchin|Recover|p2a: Pincurchin\n|-heal|p2a: Pincurchin|244/258\n|\n|-heal|p2a: Pincurchin|258/258|[from] item: Leftovers\n|upkeep\n|turn|18\n|\n|t:|1781403909\n|move|p1a: Brute Bonnet|Crunch|p2a: Pincurchin\n|-damage|p2a: Pincurchin|182/258\n|move|p2a: Pincurchin|Scald|p1a: Brute Bonnet\n|-resisted|p1a: Brute Bonnet\n|-damage|p1a: Brute Bonnet|290/309\n|-status|p1a: Brute Bonnet|brn\n|\n|-heal|p1a: Brute Bonnet|309/309 brn|[from] item: Leftovers\n|-heal|p2a: Pincurchin|198/258|[from] item: Leftovers\n|-damage|p1a: Brute Bonnet|290/309 brn|[from] brn\n|-sideend|p1: Arsenal0394|move: Aurora Veil\n|upkeep\n|turn|19\n|\n|t:|1781403914\n|move|p1a: Brute Bonnet|Crunch|p2a: Pincurchin\n|-damage|p2a: Pincurchin|159/258\n|move|p2a: Pincurchin|Toxic Spikes|p1a: Brute Bonnet\n|-sidestart|p1: Arsenal0394|move: Toxic Spikes\n|\n|-heal|p1a: Brute Bonnet|309/309 brn|[from] item: Leftovers\n|-heal|p2a: Pincurchin|175/258|[from] item: Leftovers\n|-damage|p1a: Brute Bonnet|290/309 brn|[from] brn\n|upkeep\n|turn|20\n|\n|t:|1781403918\n|move|p1a: Brute Bonnet|Crunch|p2a: Pincurchin\n|-damage|p2a: Pincurchin|135/258\n|move|p2a: Pincurchin|Toxic Spikes|p1a: Brute Bonnet\n|-sidestart|p1: Arsenal0394|move: Toxic Spikes\n|\n|-heal|p1a: Brute Bonnet|309/309 brn|[from] item: Leftovers\n|-heal|p2a: Pincurchin|151/258|[from] item: Leftovers\n|-damage|p1a: Brute Bonnet|290/309 brn|[from] brn\n|-fieldend|move: Electric Terrain\n|upkeep\n|turn|21\n|\n|t:|1781403922\n|move|p1a: Brute Bonnet|Spore|p2a: Pincurchin\n|-status|p2a: Pincurchin|slp|[from] move: Spore\n|cant|p2a: Pincurchin|slp\n|\n|-heal|p1a: Brute Bonnet|309/309 brn|[from] item: Leftovers\n|-heal|p2a: Pincurchin|167/258 slp|[from] item: Leftovers\n|-damage|p1a: Brute Bonnet|290/309 brn|[from] brn\n|upkeep\n|turn|22\n|\n|t:|1781403924\n|-end|p1a: Brute Bonnet|Protosynthesis|[silent]\n|switch|p1a: Okidogi|Okidogi, L77, M|262/262\n|-sideend|p1: Arsenal0394|move: Toxic Spikes|[of] p1a: Okidogi\n|-curestatus|p2a: Pincurchin|slp|[msg]\n|move|p2a: Pincurchin|Recover|p2a: Pincurchin\n|-heal|p2a: Pincurchin|258/258\n|\n|upkeep\n|turn|23\n|\n|t:|1781403932\n|move|p1a: Okidogi|Gunk Shot|p2a: Pincurchin\n|-damage|p2a: Pincurchin|144/258\n|-status|p2a: Pincurchin|tox|[from] ability: Toxic Chain|[of] p1a: Okidogi\n|move|p2a: Pincurchin|Discharge|p1a: Okidogi\n|-damage|p1a: Okidogi|172/262\n|\n|-heal|p2a: Pincurchin|160/258 tox|[from] item: Leftovers\n|-damage|p2a: Pincurchin|144/258 tox|[from] psn\n|upkeep\n|turn|24\n|\n|t:|1781403937\n|move|p1a: Okidogi|Drain Punch|p2a: Pincurchin\n|-damage|p2a: Pincurchin|80/258 tox\n|-heal|p1a: Okidogi|204/262|[from] drain|[of] p2a: Pincurchin\n|move|p2a: Pincurchin|Discharge|p1a: Okidogi\n|-damage|p1a: Okidogi|119/262\n|-status|p1a: Okidogi|par\n|\n|-heal|p2a: Pincurchin|96/258 tox|[from] item: Leftovers\n|-damage|p2a: Pincurchin|64/258 tox|[from] psn\n|upkeep\n|turn|25\n|-message|Arsenal0394 forfeited.\n|\n|win|isnothingeasy\n", "uploadtime": 1781403713, "views": 3, "formatid": "gen9randombattle", "rating": null, "private": 0, "password": null}