{"id": "gen9randombattle-2632018012", "format": "[Gen 9] Random Battle", "players": ["UU Fent Dealer", "totuga"], "log": "|j|\u2606UU Fent Dealer\n|j|\u2606totuga\n|t:|1781466468\n|gametype|singles\n|player|p1|UU Fent Dealer|2|1368\n|player|p2|totuga|cynthia-gen4|1361\n|gen|9\n|tier|[Gen 9] Random Battle\n|rated|\n|rule|Species Clause: Limit one of each Pok\u00e9mon\n|rule|HP Percentage Mod: HP is shown in percentages\n|rule|Sleep Clause Mod: Limit one foe put to sleep\n|rule|Illusion Level Mod: Illusion disguises the Pok\u00e9mon's true level\n|\n|t:|1781466468\n|teamsize|p1|6\n|teamsize|p2|6\n|start\n|switch|p1a: Palafin|Palafin, L77, F|281/281\n|switch|p2a: Cinccino|Cinccino, L83, F|260/260\n|turn|1\n|\n|t:|1781466483\n|detailschange|p1a: Palafin|Palafin-Hero, L77, F\n|switch|p1a: Poliwrath|Poliwrath, L88, M|302/302\n|move|p2a: Cinccino|Bullet Seed|p1a: Poliwrath\n|-supereffective|p1a: Poliwrath\n|-damage|p1a: Poliwrath|254/302\n|-supereffective|p1a: Poliwrath\n|-crit|p1a: Poliwrath\n|-damage|p1a: Poliwrath|184/302\n|-supereffective|p1a: Poliwrath\n|-damage|p1a: Poliwrath|138/302\n|-supereffective|p1a: Poliwrath\n|-damage|p1a: Poliwrath|94/302\n|-supereffective|p1a: Poliwrath\n|-damage|p1a: Poliwrath|50/302\n|-hitcount|p1a: Poliwrath|5\n|\n|upkeep\n|turn|2\n|\n|t:|1781466498\n|move|p2a: Cinccino|Bullet Seed|p1a: Poliwrath\n|-supereffective|p1a: Poliwrath\n|-damage|p1a: Poliwrath|4/302\n|-supereffective|p1a: Poliwrath\n|-damage|p1a: Poliwrath|0 fnt\n|faint|p1a: Poliwrath\n|-hitcount|p1: Poliwrath|2\n|\n|upkeep\n|\n|t:|1781466510\n|switch|p1a: Scyther|Scyther, L82, F|249/249\n|turn|3\n|inactive|Battle timer is ON: inactive players will automatically lose when time's up. (requested by UU Fent Dealer)\n|\n|t:|1781466520\n|switch|p2a: Regirock|Regirock, L83|268/268\n|move|p1a: Scyther|Close Combat|p2a: Regirock\n|-supereffective|p2a: Regirock\n|-damage|p2a: Regirock|170/268\n|-unboost|p1a: Scyther|def|1\n|-unboost|p1a: Scyther|spd|1\n|\n|upkeep\n|turn|4\n|\n|t:|1781466531\n|switch|p1a: Gallade|Gallade, L80, M|240/240\n|move|p2a: Regirock|Curse|p2a: Regirock\n|-unboost|p2a: Regirock|spe|1\n|-boost|p2a: Regirock|atk|1\n|-boost|p2a: Regirock|def|1\n|\n|upkeep\n|turn|5\n|\n|t:|1781466543\n|move|p1a: Gallade|Sacred Sword|p2a: Regirock\n|-supereffective|p2a: Regirock\n|-crit|p2a: Regirock\n|-damage|p2a: Regirock|0 fnt\n|faint|p2a: Regirock\n|\n|upkeep\n|\n|t:|1781466555\n|switch|p2a: Comfey|Comfey, L85, M|225/225\n|turn|6\n|\n|t:|1781466564\n|switch|p1a: Weezing|Weezing, L88, F|258/258\n|move|p2a: Comfey|Calm Mind|p2a: Comfey\n|-boost|p2a: Comfey|spa|1\n|-boost|p2a: Comfey|spd|1\n|\n|upkeep\n|turn|7\n|\n|t:|1781466585\n|move|p2a: Comfey|Calm Mind|p2a: Comfey\n|-boost|p2a: Comfey|spa|1\n|-boost|p2a: Comfey|spd|1\n|move|p1a: Weezing|Gunk Shot|p2a: Comfey\n|-supereffective|p2a: Comfey\n|-damage|p2a: Comfey|0 fnt\n|faint|p2a: Comfey\n|\n|upkeep\n|c|\u2606totuga|...\n|c|\u2606totuga|i suck\n|\n|t:|1781466596\n|switch|p2a: Phione|Phione, L91|293/293\n|turn|8\n|\n|t:|1781466603\n|move|p2a: Phione|Scald|p1a: Weezing\n|-damage|p1a: Weezing|156/258\n|move|p1a: Weezing|Gunk Shot|p2a: Phione\n|-damage|p2a: Phione|167/293\n|\n|-heal|p2a: Phione|185/293|[from] item: Leftovers\n|-heal|p1a: Weezing|172/258|[from] item: Leftovers\n|upkeep\n|turn|9\n|\n|t:|1781466611\n|switch|p2a: Zacian|Zacian-Crowned, L64|225/225\n|-ability|p2a: Zacian|Intrepid Sword|boost\n|-boost|p2a: Zacian|atk|1\n|move|p1a: Weezing|Toxic Spikes|p2a: Zacian\n|-sidestart|p2: totuga|move: Toxic Spikes\n|\n|-heal|p1a: Weezing|188/258|[from] item: Leftovers\n|upkeep\n|turn|10\n|c|\u2606totuga|FU\n|\n|t:|1781466621\n|move|p2a: Zacian|Swords Dance|p2a: Zacian\n|-boost|p2a: Zacian|atk|2\n|move|p1a: Weezing|Fire Blast|p2a: Zacian\n|-supereffective|p2a: Zacian\n|-damage|p2a: Zacian|71/225\n|\n|-heal|p1a: Weezing|204/258|[from] item: Leftovers\n|upkeep\n|turn|11\n|\n|t:|1781466630\n|move|p2a: Zacian|Behemoth Blade|p1a: Weezing\n|-damage|p1a: Weezing|30/258\n|move|p1a: Weezing|Fire Blast|p2a: Zacian\n|-supereffective|p2a: Zacian\n|-damage|p2a: Zacian|0 fnt\n|faint|p2a: Zacian\n|\n|-heal|p1a: Weezing|46/258|[from] item: Leftovers\n|upkeep\n|c|\u2606totuga|HOW DOES THAT NOT KO\n|\n|t:|1781466647\n|switch|p2a: Phione|Phione, L91|185/293\n|-status|p2a: Phione|psn\n|turn|12\n|\n|t:|1781466653\n|move|p2a: Phione|Scald|p1a: Weezing\n|-damage|p1a: Weezing|0 fnt\n|faint|p1a: Weezing\n|\n|-heal|p2a: Phione|203/293 psn|[from] item: Leftovers\n|-damage|p2a: Phione|167/293 psn|[from] psn\n|upkeep\n|\n|t:|1781466664\n|switch|p1a: Scyther|Scyther, L82, F|249/249\n|turn|13\n|c|\u2606totuga|stupid weezing sweeped\n|\n|t:|1781466671\n|move|p1a: Scyther|Dual Wingbeat|p2a: Phione\n|-damage|p2a: Phione|101/293 psn\n|-damage|p2a: Phione|37/293 psn\n|-hitcount|p2a: Phione|2\n|move|p2a: Phione|Take Heart|p2a: Phione\n|-boost|p2a: Phione|spa|1\n|-boost|p2a: Phione|spd|1\n|-curestatus|p2a: Phione|psn|[msg]\n|\n|-heal|p2a: Phione|55/293|[from] item: Leftovers\n|upkeep\n|turn|14\n|\n|t:|1781466689\n|switch|p2a: Cinccino|Cinccino, L83, F|260/260\n|-status|p2a: Cinccino|psn\n|move|p1a: Scyther|Bug Bite|p2a: Cinccino\n|-damage|p2a: Cinccino|116/260 psn\n|\n|-damage|p2a: Cinccino|84/260 psn|[from] psn\n|upkeep\n|turn|15\n|\n|t:|1781466704\n|move|p2a: Cinccino|Triple Axel|p1a: Scyther\n|-supereffective|p1a: Scyther\n|-damage|p1a: Scyther|205/249\n|-supereffective|p1a: Scyther\n|-damage|p1a: Scyther|111/249\n|-supereffective|p1a: Scyther\n|-damage|p1a: Scyther|0 fnt\n|faint|p1a: Scyther\n|-hitcount|p1: Scyther|3\n|\n|-damage|p2a: Cinccino|52/260 psn|[from] psn\n|upkeep\n|\n|t:|1781466711\n|switch|p1a: Palafin|Palafin-Hero, L77, F|281/281\n|-activate|p1a: Palafin|ability: Zero to Hero\n|turn|16\n|\n|t:|1781466717\n|move|p2a: Cinccino|Bullet Seed|p1a: Palafin\n|-supereffective|p1a: Palafin\n|-damage|p1a: Palafin|233/281\n|-supereffective|p1a: Palafin\n|-damage|p1a: Palafin|177/281\n|-supereffective|p1a: Palafin\n|-damage|p1a: Palafin|121/281\n|-supereffective|p1a: Palafin\n|-damage|p1a: Palafin|71/281\n|-supereffective|p1a: Palafin\n|-damage|p1a: Palafin|23/281\n|-hitcount|p1a: Palafin|5\n|move|p1a: Palafin|Bulk Up|p1a: Palafin\n|-boost|p1a: Palafin|atk|1\n|-boost|p1a: Palafin|def|1\n|\n|-heal|p1a: Palafin|40/281|[from] item: Leftovers\n|-damage|p2a: Cinccino|20/260 psn|[from] psn\n|upkeep\n|turn|17\n|\n|t:|1781466732\n|switch|p2a: Phione|Phione, L91|55/293\n|-status|p2a: Phione|psn\n|move|p1a: Palafin|Jet Punch|p2a: Phione\n|-resisted|p2a: Phione\n|-damage|p2a: Phione|0 fnt\n|faint|p2a: Phione\n|\n|-heal|p1a: Palafin|57/281|[from] item: Leftovers\n|upkeep\n|\n|t:|1781466744\n|switch|p2a: Incineroar|Incineroar, L82, F|290/290\n|-status|p2a: Incineroar|psn\n|-ability|p2a: Incineroar|Intimidate|boost\n|-unboost|p1a: Palafin|atk|1\n|turn|18\n|\n|t:|1781466753\n|-terastallize|p2a: Incineroar|Fighting\n|move|p1a: Palafin|Wave Crash|p2a: Incineroar\n|-damage|p2a: Incineroar|140/290 psn\n|-damage|p1a: Palafin|7/281|[from] Recoil\n|move|p2a: Incineroar|Knock Off|p1a: Palafin\n|-damage|p1a: Palafin|0 fnt\n|-enditem|p1a: Palafin|Leftovers|[from] move: Knock Off|[of] p2a: Incineroar\n|faint|p1a: Palafin\n|\n|-damage|p2a: Incineroar|104/290 psn|[from] psn\n|upkeep\n|\n|t:|1781466765\n|switch|p1a: Gallade|Gallade, L80, M|240/240\n|turn|19\n|\n|t:|1781466769\n|move|p1a: Gallade|Psycho Cut|p2a: Incineroar\n|-supereffective|p2a: Incineroar\n|-damage|p2a: Incineroar|0 fnt\n|faint|p2a: Incineroar\n|\n|upkeep\n|\n|t:|1781466775\n|switch|p2a: Cinccino|Cinccino, L83, F|20/260 psn\n|turn|20\n|\n|t:|1781466781\n|move|p2a: Cinccino|Triple Axel|p1a: Gallade\n|-damage|p1a: Gallade|213/240\n|-damage|p1a: Gallade|163/240\n|-damage|p1a: Gallade|89/240\n|-hitcount|p1a: Gallade|3\n|move|p1a: Gallade|Psycho Cut|p2a: Cinccino\n|-damage|p2a: Cinccino|0 fnt\n|faint|p2a: Cinccino\n|\n|win|UU Fent Dealer\n|raw|UU Fent Dealer's rating: 1368 &rarr; <strong>1388</strong><br />(+20 for winning)\n|raw|totuga's rating: 1361 &rarr; <strong>1341</strong><br />(-20 for losing)\n|c|\u2606totuga|g\n|c|\u2606totuga|g\n", "uploadtime": 1781466792, "views": 1, "formatid": "gen9randombattle", "rating": 1341, "private": 0, "password": null}