{"id": "gen9randombattle-2631930437", "format": "[Gen 9] Random Battle", "players": ["swmj7", "catlib"], "log": "|j|\u2606swmj7\n|j|\u2606catlib\n|t:|1781456850\n|gametype|singles\n|player|p1|swmj7|265|1943\n|player|p2|catlib|birdkeeper|1950\n|gen|9\n|tier|[Gen 9] Random Battle\n|rated|\n|rule|Species Clause: Limit one of each Pok\u00e9mon\n|rule|HP Percentage Mod: HP is shown in percentages\n|rule|Sleep Clause Mod: Limit one foe put to sleep\n|rule|Illusion Level Mod: Illusion disguises the Pok\u00e9mon's true level\n|\n|t:|1781456850\n|teamsize|p1|6\n|teamsize|p2|6\n|start\n|switch|p1a: Magearna|Magearna-Original, L77|250/250\n|switch|p2a: Heracross|Heracross, L80, M|259/259\n|turn|1\n|inactive|Battle timer is ON: inactive players will automatically lose when time's up. (requested by catlib)\n|\n|t:|1781456879\n|switch|p2a: Ampharos|Ampharos, L88, F|302/302\n|move|p1a: Magearna|Shift Gear|p1a: Magearna\n|-boost|p1a: Magearna|spe|2\n|-boost|p1a: Magearna|atk|1\n|\n|upkeep\n|turn|2\n|\n|t:|1781456888\n|-terastallize|p1a: Magearna|Ground\n|move|p1a: Magearna|Tera Blast|p2a: Ampharos|[anim] Tera Blast Ground\n|-supereffective|p2a: Ampharos\n|-damage|p2a: Ampharos|98/302\n|move|p2a: Ampharos|Thunderbolt|p1a: Magearna\n|-immune|p1a: Magearna\n|\n|upkeep\n|turn|3\n|\n|t:|1781456898\n|switch|p2a: Sceptile|Sceptile, L87, F|264/264\n|move|p1a: Magearna|Tera Blast|p2a: Sceptile|[anim] Tera Blast Ground\n|-resisted|p2a: Sceptile\n|-damage|p2a: Sceptile|205/264\n|\n|upkeep\n|turn|4\n|\n|t:|1781456907\n|move|p1a: Magearna|Iron Head|p2a: Sceptile\n|-damage|p2a: Sceptile|85/264\n|cant|p2a: Sceptile|flinch\n|\n|upkeep\n|turn|5\n|\n|t:|1781456915\n|switch|p2a: Heracross|Heracross, L80, M|259/259\n|move|p1a: Magearna|Iron Head|p2a: Heracross\n|-damage|p2a: Heracross|132/259\n|\n|upkeep\n|turn|6\n|\n|t:|1781456929\n|move|p1a: Magearna|Fleur Cannon|p2a: Heracross\n|-supereffective|p2a: Heracross\n|-crit|p2a: Heracross\n|-damage|p2a: Heracross|0 fnt\n|-unboost|p1a: Magearna|spa|2\n|faint|p2a: Heracross\n|-ability|p1a: Magearna|Soul-Heart|boost\n|-boost|p1a: Magearna|spa|1\n|\n|upkeep\n|\n|t:|1781456941\n|switch|p2a: Sinistcha|Sinistcha-Masterpiece, L83|254/254\n|turn|7\n|\n|t:|1781456949\n|move|p1a: Magearna|Iron Head|p2a: Sinistcha\n|-damage|p2a: Sinistcha|170/254\n|move|p2a: Sinistcha|Matcha Gotcha|p1a: Magearna\n|-supereffective|p1a: Magearna\n|-damage|p1a: Magearna|64/250\n|-heal|p2a: Sinistcha|254/254|[from] drain|[of] p1a: Magearna\n|-enditem|p1a: Magearna|Weakness Policy\n|-boost|p1a: Magearna|atk|2|[from] item: Weakness Policy\n|-boost|p1a: Magearna|spa|2|[from] item: Weakness Policy\n|\n|upkeep\n|turn|8\n|\n|t:|1781456956\n|move|p1a: Magearna|Iron Head|p2a: Sinistcha\n|-damage|p2a: Sinistcha|113/254\n|move|p2a: Sinistcha|Matcha Gotcha|p1a: Magearna\n|-supereffective|p1a: Magearna\n|-damage|p1a: Magearna|0 fnt\n|-heal|p2a: Sinistcha|145/254|[from] drain|[of] p1a: Magearna\n|faint|p1a: Magearna\n|\n|-heal|p2a: Sinistcha|160/254|[from] item: Leftovers\n|upkeep\n|\n|t:|1781456961\n|switch|p1a: Magmortar|Magmortar, L88, F|275/275\n|turn|9\n|\n|t:|1781456972\n|switch|p2a: Ampharos|Ampharos, L88, F|98/302\n|move|p1a: Magmortar|Knock Off|p2a: Ampharos\n|-damage|p2a: Ampharos|26/302\n|-enditem|p2a: Ampharos|Life Orb|[from] move: Knock Off|[of] p1a: Magmortar\n|\n|upkeep\n|turn|10\n|\n|t:|1781456982\n|move|p1a: Magmortar|Thunderbolt|p2a: Ampharos\n|-resisted|p2a: Ampharos\n|-damage|p2a: Ampharos|0 fnt\n|faint|p2a: Ampharos\n|\n|upkeep\n|\n|t:|1781456996\n|switch|p2a: Smeargle|Smeargle, L95, F|258/258\n|turn|11\n|\n|t:|1781457010\n|move|p2a: Smeargle|Spore|p1a: Magmortar\n|-status|p1a: Magmortar|slp|[from] move: Spore\n|cant|p1a: Magmortar|slp\n|\n|upkeep\n|turn|12\n|\n|t:|1781457026\n|move|p2a: Smeargle|Sticky Web|p1a: Magmortar\n|-sidestart|p1: swmj7|move: Sticky Web\n|cant|p1a: Magmortar|slp\n|\n|upkeep\n|turn|13\n|\n|t:|1781457030\n|switch|p2a: Blastoise|Blastoise, L80, M|258/258\n|cant|p1a: Magmortar|slp\n|\n|upkeep\n|turn|14\n|\n|t:|1781457036\n|-curestatus|p1a: Magmortar|slp|[msg]\n|move|p1a: Magmortar|Thunderbolt|p2a: Blastoise\n|-supereffective|p2a: Blastoise\n|-damage|p2a: Blastoise|86/258\n|move|p2a: Blastoise|Shell Smash|p2a: Blastoise\n|-unboost|p2a: Blastoise|def|1\n|-unboost|p2a: Blastoise|spd|1\n|-boost|p2a: Blastoise|atk|2\n|-boost|p2a: Blastoise|spa|2\n|-boost|p2a: Blastoise|spe|2\n|-enditem|p2a: Blastoise|White Herb\n|-clearnegativeboost|p2a: Blastoise|[silent]\n|\n|upkeep\n|turn|15\n|\n|t:|1781457043\n|move|p2a: Blastoise|Hydro Pump|p1a: Magmortar\n|-supereffective|p1a: Magmortar\n|-damage|p1a: Magmortar|0 fnt\n|faint|p1a: Magmortar\n|\n|upkeep\n|\n|t:|1781457046\n|switch|p1a: Enamorus|Enamorus-Therian, L83, F|259/259\n|turn|16\n|\n|t:|1781457050\n|move|p2a: Blastoise|Hydro Pump|p1a: Enamorus|[miss]\n|-miss|p2a: Blastoise|p1a: Enamorus\n|move|p1a: Enamorus|Moonblast|p2a: Blastoise\n|-damage|p2a: Blastoise|0 fnt\n|faint|p2a: Blastoise\n|\n|upkeep\n|\n|t:|1781457053\n|switch|p2a: Smeargle|Smeargle, L95, F|258/258\n|turn|17\n|\n|t:|1781457062\n|move|p2a: Smeargle|Spore|p1a: Enamorus\n|-immune|p1a: Enamorus|[from] ability: Overcoat\n|move|p1a: Enamorus|Moonblast|p2a: Smeargle\n|-damage|p2a: Smeargle|77/258\n|-unboost|p2a: Smeargle|spa|1\n|\n|upkeep\n|turn|18\n|\n|t:|1781457066\n|move|p2a: Smeargle|Ceaseless Edge|p1a: Enamorus\n|-resisted|p1a: Enamorus\n|-damage|p1a: Enamorus|249/259\n|-sidestart|p1: swmj7|Spikes\n|move|p1a: Enamorus|Moonblast|p2a: Smeargle\n|-damage|p2a: Smeargle|0 fnt\n|faint|p2a: Smeargle\n|\n|upkeep\n|\n|t:|1781457073\n|switch|p2a: Sinistcha|Sinistcha-Masterpiece, L83|160/254\n|turn|19\n|\n|t:|1781457078\n|move|p2a: Sinistcha|Calm Mind|p2a: Sinistcha\n|-boost|p2a: Sinistcha|spa|1\n|-boost|p2a: Sinistcha|spd|1\n|move|p1a: Enamorus|Mystical Fire|p2a: Sinistcha\n|-supereffective|p2a: Sinistcha\n|-damage|p2a: Sinistcha|114/254\n|-unboost|p2a: Sinistcha|spa|1\n|\n|-heal|p2a: Sinistcha|129/254|[from] item: Leftovers\n|upkeep\n|turn|20\n|\n|t:|1781457086\n|move|p2a: Sinistcha|Shadow Ball|p1a: Enamorus\n|-damage|p1a: Enamorus|189/259\n|move|p1a: Enamorus|Mystical Fire|p2a: Sinistcha\n|-supereffective|p2a: Sinistcha\n|-damage|p2a: Sinistcha|77/254\n|-unboost|p2a: Sinistcha|spa|1\n|\n|-heal|p2a: Sinistcha|92/254|[from] item: Leftovers\n|upkeep\n|turn|21\n|\n|t:|1781457092\n|move|p2a: Sinistcha|Strength Sap|p1a: Enamorus\n|-unboost|p1a: Enamorus|atk|1\n|-heal|p2a: Sinistcha|254/254\n|move|p1a: Enamorus|Mystical Fire|p2a: Sinistcha\n|-supereffective|p2a: Sinistcha\n|-damage|p2a: Sinistcha|204/254\n|-unboost|p2a: Sinistcha|spa|1\n|\n|-heal|p2a: Sinistcha|219/254|[from] item: Leftovers\n|upkeep\n|turn|22\n|\n|t:|1781457104\n|move|p2a: Sinistcha|Shadow Ball|p1a: Enamorus\n|-damage|p1a: Enamorus|156/259\n|move|p1a: Enamorus|Mystical Fire|p2a: Sinistcha\n|-supereffective|p2a: Sinistcha\n|-damage|p2a: Sinistcha|167/254\n|-unboost|p2a: Sinistcha|spa|1\n|\n|-heal|p2a: Sinistcha|182/254|[from] item: Leftovers\n|upkeep\n|turn|23\n|\n|t:|1781457112\n|move|p2a: Sinistcha|Shadow Ball|p1a: Enamorus\n|-damage|p1a: Enamorus|131/259\n|move|p1a: Enamorus|Mystical Fire|p2a: Sinistcha\n|-supereffective|p2a: Sinistcha\n|-damage|p2a: Sinistcha|134/254\n|-unboost|p2a: Sinistcha|spa|1\n|\n|-heal|p2a: Sinistcha|149/254|[from] item: Leftovers\n|upkeep\n|turn|24\n|\n|t:|1781457119\n|move|p2a: Sinistcha|Shadow Ball|p1a: Enamorus\n|-damage|p1a: Enamorus|112/259\n|move|p1a: Enamorus|Mystical Fire|p2a: Sinistcha\n|-supereffective|p2a: Sinistcha\n|-damage|p2a: Sinistcha|101/254\n|-unboost|p2a: Sinistcha|spa|1\n|\n|-heal|p2a: Sinistcha|116/254|[from] item: Leftovers\n|upkeep\n|turn|25\n|\n|t:|1781457123\n|move|p2a: Sinistcha|Shadow Ball|p1a: Enamorus\n|-damage|p1a: Enamorus|91/259\n|move|p1a: Enamorus|Mystical Fire|p2a: Sinistcha\n|-supereffective|p2a: Sinistcha\n|-damage|p2a: Sinistcha|64/254\n|-unboost|p2a: Sinistcha|spa|1\n|\n|-heal|p2a: Sinistcha|79/254|[from] item: Leftovers\n|upkeep\n|turn|26\n|\n|t:|1781457132\n|move|p2a: Sinistcha|Strength Sap|p1a: Enamorus\n|-unboost|p1a: Enamorus|atk|1\n|-heal|p2a: Sinistcha|238/254\n|move|p1a: Enamorus|Mystical Fire|p2a: Sinistcha\n|-supereffective|p2a: Sinistcha\n|-damage|p2a: Sinistcha|190/254\n|\n|-heal|p2a: Sinistcha|205/254|[from] item: Leftovers\n|upkeep\n|turn|27\n|\n|t:|1781457137\n|move|p2a: Sinistcha|Shadow Ball|p1a: Enamorus\n|-damage|p1a: Enamorus|76/259\n|-unboost|p1a: Enamorus|spd|1\n|move|p1a: Enamorus|Mystical Fire|p2a: Sinistcha\n|-supereffective|p2a: Sinistcha\n|-damage|p2a: Sinistcha|157/254\n|\n|-heal|p2a: Sinistcha|172/254|[from] item: Leftovers\n|upkeep\n|turn|28\n|\n|t:|1781457141\n|move|p2a: Sinistcha|Shadow Ball|p1a: Enamorus\n|-damage|p1a: Enamorus|54/259\n|move|p1a: Enamorus|Mystical Fire|p2a: Sinistcha\n|-supereffective|p2a: Sinistcha\n|-damage|p2a: Sinistcha|122/254\n|\n|-heal|p2a: Sinistcha|137/254|[from] item: Leftovers\n|upkeep\n|turn|29\n|\n|t:|1781457144\n|move|p2a: Sinistcha|Shadow Ball|p1a: Enamorus\n|-crit|p1a: Enamorus\n|-damage|p1a: Enamorus|0 fnt\n|faint|p1a: Enamorus\n|\n|-heal|p2a: Sinistcha|152/254|[from] item: Leftovers\n|upkeep\n|\n|t:|1781457146\n|switch|p1a: Mew|Mew, L82|298/298\n|-activate|p1a: Mew|move: Sticky Web\n|-unboost|p1a: Mew|spe|1\n|-damage|p1a: Mew|261/298|[from] Spikes\n|turn|30\n|\n|t:|1781457149\n|switch|p2a: Sceptile|Sceptile, L87, F|85/264\n|move|p1a: Mew|Knock Off|p2a: Sceptile\n|-damage|p2a: Sceptile|8/264\n|-enditem|p2a: Sceptile|Life Orb|[from] move: Knock Off|[of] p1a: Mew\n|\n|-heal|p1a: Mew|279/298|[from] item: Leftovers\n|upkeep\n|turn|31\n|\n|t:|1781457157\n|move|p2a: Sceptile|Leaf Blade|p1a: Mew\n|-damage|p1a: Mew|161/298\n|move|p1a: Mew|Knock Off|p2a: Sceptile\n|-damage|p2a: Sceptile|0 fnt\n|faint|p2a: Sceptile\n|\n|-heal|p1a: Mew|179/298|[from] item: Leftovers\n|upkeep\n|\n|t:|1781457159\n|switch|p2a: Sinistcha|Sinistcha-Masterpiece, L83|152/254\n|turn|32\n|\n|t:|1781457172\n|-terastallize|p2a: Sinistcha|Steel\n|move|p2a: Sinistcha|Strength Sap|p1a: Mew\n|-unboost|p1a: Mew|atk|1\n|-heal|p2a: Sinistcha|254/254\n|move|p1a: Mew|Knock Off|p2a: Sinistcha\n|-damage|p2a: Sinistcha|212/254\n|-enditem|p2a: Sinistcha|Leftovers|[from] move: Knock Off|[of] p1a: Mew\n|\n|-heal|p1a: Mew|197/298|[from] item: Leftovers\n|upkeep\n|turn|33\n|\n|t:|1781457177\n|switch|p1a: Ursaluna|Ursaluna-Bloodmoon, L79, M|308/308\n|-activate|p1a: Ursaluna|move: Sticky Web\n|-unboost|p1a: Ursaluna|spe|1\n|-damage|p1a: Ursaluna|270/308|[from] Spikes\n|move|p2a: Sinistcha|Calm Mind|p2a: Sinistcha\n|-boost|p2a: Sinistcha|spa|1\n|-boost|p2a: Sinistcha|spd|1\n|\n|-heal|p1a: Ursaluna|289/308|[from] item: Leftovers\n|upkeep\n|turn|34\n|-message|swmj7 forfeited.\n|\n|win|catlib\n", "uploadtime": 1781456852, "views": 3, "formatid": "gen9randombattle", "rating": null, "private": 0, "password": null}