{"id": "gen9randombattle-2631804925", "format": "[Gen 9] Random Battle", "players": ["Dunkin_Smeargle", "Green Calf"], "log": "|j|\u2606Dunkin_Smeargle\n|j|\u2606Green Calf\n|t:|1781442187\n|gametype|singles\n|player|p1|Dunkin_Smeargle|artist-gen4|1989\n|player|p2|Green Calf|2|1956\n|gen|9\n|tier|[Gen 9] Random Battle\n|rated|\n|rule|Species Clause: Limit one of each Pok\u00e9mon\n|rule|HP Percentage Mod: HP is shown in percentages\n|rule|Sleep Clause Mod: Limit one foe put to sleep\n|rule|Illusion Level Mod: Illusion disguises the Pok\u00e9mon's true level\n|\n|t:|1781442187\n|teamsize|p1|6\n|teamsize|p2|6\n|start\n|switch|p1a: Magcargo|Magcargo, L95, F|268/268\n|switch|p2a: Glalie|Glalie, L96, M|309/309\n|turn|1\n|\n|t:|1781442195\n|move|p2a: Glalie|Taunt|p1a: Magcargo\n|-start|p1a: Magcargo|move: Taunt\n|move|p1a: Magcargo|Lava Plume|p2a: Glalie\n|-supereffective|p2a: Glalie\n|-damage|p2a: Glalie|129/309\n|-status|p2a: Glalie|brn\n|\n|-damage|p2a: Glalie|110/309 brn|[from] brn\n|upkeep\n|turn|2\n|inactive|Battle timer is ON: inactive players will automatically lose when time's up. (requested by Green Calf)\n|\n|t:|1781442203\n|move|p2a: Glalie|Spikes|p1a: Magcargo\n|-sidestart|p1: Dunkin_Smeargle|Spikes\n|move|p1a: Magcargo|Power Gem|p2a: Glalie\n|-supereffective|p2a: Glalie\n|-damage|p2a: Glalie|0 fnt\n|faint|p2a: Glalie\n|\n|upkeep\n|\n|t:|1781442213\n|switch|p2a: Meowstic|Meowstic, L89, M|277/277\n|turn|3\n|\n|t:|1781442223\n|move|p2a: Meowstic|Yawn|p1a: Magcargo\n|-start|p1a: Magcargo|move: Yawn|[of] p2a: Meowstic\n|move|p1a: Magcargo|Lava Plume|p2a: Meowstic\n|-crit|p2a: Meowstic\n|-damage|p2a: Meowstic|109/277\n|\n|-end|p1a: Magcargo|move: Taunt\n|upkeep\n|turn|4\n|\n|t:|1781442242\n|switch|p1a: Thundurus|Thundurus, L80, M|258/258\n|move|p2a: Meowstic|Light Screen|p2a: Meowstic\n|-sidestart|p2: Green Calf|move: Light Screen\n|\n|upkeep\n|turn|5\n|\n|t:|1781442251\n|move|p2a: Meowstic|Reflect|p2a: Meowstic\n|-sidestart|p2: Green Calf|Reflect\n|move|p1a: Thundurus|Thunderbolt|p2a: Meowstic\n|-damage|p2a: Meowstic|58/277\n|\n|upkeep\n|turn|6\n|\n|t:|1781442255\n|move|p2a: Meowstic|Yawn|p1a: Thundurus\n|-start|p1a: Thundurus|move: Yawn|[of] p2a: Meowstic\n|move|p1a: Thundurus|Thunderbolt|p2a: Meowstic\n|-damage|p2a: Meowstic|5/277\n|\n|upkeep\n|turn|7\n|\n|t:|1781442268\n|switch|p1a: Dondozo|Dondozo, L78, M|362/362\n|-damage|p1a: Dondozo|317/362|[from] Spikes\n|move|p2a: Meowstic|Psychic Noise|p1a: Dondozo\n|-damage|p1a: Dondozo|211/362\n|-start|p1a: Dondozo|move: Heal Block\n|\n|upkeep\n|turn|8\n|\n|t:|1781442280\n|move|p2a: Meowstic|Psychic Noise|p1a: Dondozo\n|-damage|p1a: Dondozo|108/362\n|move|p1a: Dondozo|Wave Crash|p2a: Meowstic\n|-damage|p2a: Meowstic|0 fnt\n|faint|p2a: Meowstic\n|-damage|p1a: Dondozo|106/362|[from] Recoil\n|\n|-end|p1a: Dondozo|move: Heal Block\n|upkeep\n|\n|t:|1781442285\n|switch|p2a: Glaceon|Glaceon, L94, F|275/275\n|turn|9\n|\n|t:|1781442302\n|switch|p1a: Magcargo|Magcargo, L95, F|268/268\n|move|p2a: Glaceon|Freeze-Dry|p1a: Magcargo\n|-resisted|p1a: Magcargo\n|-damage|p1a: Magcargo|210/268\n|\n|upkeep\n|turn|10\n|\n|t:|1781442312\n|switch|p2a: Iron Hands|Iron Hands, L79|373/373\n|move|p1a: Magcargo|Lava Plume|p2a: Iron Hands\n|-damage|p2a: Iron Hands|304/373\n|\n|-heal|p2a: Iron Hands|327/373|[from] item: Leftovers\n|upkeep\n|turn|11\n|\n|t:|1781442323\n|move|p2a: Iron Hands|Swords Dance|p2a: Iron Hands\n|-boost|p2a: Iron Hands|atk|2\n|move|p1a: Magcargo|Lava Plume|p2a: Iron Hands\n|-damage|p2a: Iron Hands|261/373\n|\n|-heal|p2a: Iron Hands|284/373|[from] item: Leftovers\n|-sideend|p2: Green Calf|move: Light Screen\n|upkeep\n|turn|12\n|\n|t:|1781442338\n|switch|p1a: Thundurus|Thundurus, L80, M|258/258\n|move|p2a: Iron Hands|Drain Punch|p1a: Thundurus\n|-resisted|p1a: Thundurus\n|-damage|p1a: Thundurus|144/258\n|-heal|p2a: Iron Hands|341/373|[from] drain|[of] p1a: Thundurus\n|\n|-heal|p2a: Iron Hands|364/373|[from] item: Leftovers\n|-sideend|p2: Green Calf|Reflect\n|upkeep\n|turn|13\n|\n|t:|1781442352\n|move|p1a: Thundurus|Focus Blast|p2a: Iron Hands\n|-damage|p2a: Iron Hands|242/373\n|move|p2a: Iron Hands|Ice Punch|p1a: Thundurus\n|-supereffective|p1a: Thundurus\n|-damage|p1a: Thundurus|0 fnt\n|faint|p1a: Thundurus\n|\n|-heal|p2a: Iron Hands|265/373|[from] item: Leftovers\n|upkeep\n|\n|t:|1781442370\n|switch|p1a: Sunflora|Sunflora, M|312/312\n|-damage|p1a: Sunflora|273/312|[from] Spikes\n|turn|14\n|\n|t:|1781442391\n|-terastallize|p2a: Iron Hands|Flying\n|move|p2a: Iron Hands|Ice Punch|p1a: Sunflora\n|-supereffective|p1a: Sunflora\n|-damage|p1a: Sunflora|0 fnt\n|faint|p1a: Sunflora\n|\n|-heal|p2a: Iron Hands|288/373|[from] item: Leftovers\n|upkeep\n|\n|t:|1781442401\n|switch|p1a: Entei|Entei, L78|307/307\n|-damage|p1a: Entei|269/307|[from] Spikes\n|turn|15\n|\n|t:|1781442405\n|move|p1a: Entei|Sacred Fire|p2a: Iron Hands\n|-damage|p2a: Iron Hands|153/373\n|move|p2a: Iron Hands|Drain Punch|p1a: Entei\n|-damage|p1a: Entei|65/307\n|-heal|p2a: Iron Hands|255/373|[from] drain|[of] p1a: Entei\n|\n|-heal|p2a: Iron Hands|278/373|[from] item: Leftovers\n|upkeep\n|turn|16\n|\n|t:|1781442413\n|move|p1a: Entei|Sacred Fire|p2a: Iron Hands\n|-damage|p2a: Iron Hands|122/373\n|-status|p2a: Iron Hands|brn\n|move|p2a: Iron Hands|Thunder Punch|p1a: Entei\n|-damage|p1a: Entei|0 fnt\n|faint|p1a: Entei\n|\n|-heal|p2a: Iron Hands|145/373 brn|[from] item: Leftovers\n|-damage|p2a: Iron Hands|122/373 brn|[from] brn\n|upkeep\n|\n|t:|1781442425\n|switch|p1a: Kingdra|Kingdra, L84, F|263/263\n|-damage|p1a: Kingdra|231/263|[from] Spikes\n|turn|17\n|\n|t:|1781442431\n|move|p1a: Kingdra|Dragon Dance|p1a: Kingdra\n|-boost|p1a: Kingdra|atk|1\n|-boost|p1a: Kingdra|spe|1\n|move|p2a: Iron Hands|Drain Punch|p1a: Kingdra\n|-damage|p1a: Kingdra|136/263\n|-heal|p2a: Iron Hands|170/373 brn|[from] drain|[of] p1a: Kingdra\n|\n|-heal|p2a: Iron Hands|193/373 brn|[from] item: Leftovers\n|-damage|p2a: Iron Hands|170/373 brn|[from] brn\n|upkeep\n|turn|18\n|\n|t:|1781442447\n|move|p1a: Kingdra|Dragon Dance|p1a: Kingdra\n|-boost|p1a: Kingdra|atk|1\n|-boost|p1a: Kingdra|spe|1\n|move|p2a: Iron Hands|Drain Punch|p1a: Kingdra\n|-damage|p1a: Kingdra|45/263\n|-heal|p2a: Iron Hands|216/373 brn|[from] drain|[of] p1a: Kingdra\n|\n|-heal|p2a: Iron Hands|239/373 brn|[from] item: Leftovers\n|-damage|p2a: Iron Hands|216/373 brn|[from] brn\n|upkeep\n|turn|19\n|\n|t:|1781442458\n|-terastallize|p1a: Kingdra|Water\n|move|p1a: Kingdra|Waterfall|p2a: Iron Hands\n|-damage|p2a: Iron Hands|14/373 brn\n|move|p2a: Iron Hands|Drain Punch|p1a: Kingdra\n|-damage|p1a: Kingdra|0 fnt\n|-heal|p2a: Iron Hands|37/373 brn|[from] drain|[of] p1a: Kingdra\n|faint|p1a: Kingdra\n|\n|-heal|p2a: Iron Hands|60/373 brn|[from] item: Leftovers\n|-damage|p2a: Iron Hands|37/373 brn|[from] brn\n|upkeep\n|-message|Dunkin_Smeargle forfeited.\n|\n|win|Green Calf\n", "uploadtime": 1781442189, "views": 3, "formatid": "gen9randombattle", "rating": null, "private": 0, "password": null}