{"id": "gen9randombattle-2631488118", "format": "[Gen 9] Random Battle", "players": ["35Q71N", "Cheezrat"], "log": "|j|\u260635Q71N\n|j|\u2606Cheezrat\n|t:|1781391369\n|gametype|singles\n|player|p1|35Q71N|byron|2023\n|player|p2|Cheezrat|101|2045\n|gen|9\n|tier|[Gen 9] Random Battle\n|rated|\n|rule|Species Clause: Limit one of each Pok\u00e9mon\n|rule|HP Percentage Mod: HP is shown in percentages\n|rule|Sleep Clause Mod: Limit one foe put to sleep\n|rule|Illusion Level Mod: Illusion disguises the Pok\u00e9mon's true level\n|\n|t:|1781391369\n|teamsize|p1|6\n|teamsize|p2|6\n|start\n|switch|p1a: Gothitelle|Gothitelle, L90, M|272/272\n|switch|p2a: Ting-Lu|Ting-Lu, L78|370/370\n|-ability|p2a: Ting-Lu|Vessel of Ruin\n|turn|1\n|c|\u260635Q71N|Glhf\n|\n|t:|1781391396\n|switch|p1a: Iron Jugulis|Iron Jugulis, L77|271/271\n|move|p2a: Ting-Lu|Spikes|p1a: Iron Jugulis\n|-sidestart|p1: 35Q71N|Spikes\n|\n|upkeep\n|turn|2\n|\n|t:|1781391441\n|-end|p1a: Iron Jugulis|Quark Drive|[silent]\n|switch|p1a: Ludicolo|Ludicolo, L90, M|290/290\n|-damage|p1a: Ludicolo|254/290|[from] Spikes\n|switch|p2a: Tentacruel|Tentacruel, L84, M|272/272\n|\n|upkeep\n|turn|3\n|\n|t:|1781391461\n|switch|p1a: Seviper|Seviper, L93, M|287/287\n|-damage|p1a: Seviper|252/287|[from] Spikes\n|move|p2a: Tentacruel|Sludge Bomb|p1a: Seviper\n|-resisted|p1a: Seviper\n|-damage|p1a: Seviper|206/287\n|\n|-heal|p1a: Seviper|223/287|[from] item: Leftovers\n|upkeep\n|turn|4\n|l|\u2606Cheezrat\n|player|p2|\n|j|\u2606Cheezrat\n|player|p2|Cheezrat|101|\n|\n|t:|1781391527\n|move|p2a: Tentacruel|Flip Turn|p1a: Seviper\n|-damage|p1a: Seviper|162/287\n|\n|t:|1781391530\n|switch|p2a: Ting-Lu|Ting-Lu, L78|370/370|[from] Flip Turn\n|-ability|p2a: Ting-Lu|Vessel of Ruin\n|move|p1a: Seviper|Swords Dance|p1a: Seviper\n|-boost|p1a: Seviper|atk|2\n|\n|-heal|p1a: Seviper|179/287|[from] item: Leftovers\n|upkeep\n|turn|5\n|\n|t:|1781391562\n|-terastallize|p1a: Seviper|Grass\n|move|p1a: Seviper|Trailblaze|p2a: Ting-Lu\n|-supereffective|p2a: Ting-Lu\n|-damage|p2a: Ting-Lu|112/370\n|-boost|p1a: Seviper|spe|1\n|move|p2a: Ting-Lu|Earthquake|p1a: Seviper\n|-resisted|p1a: Seviper\n|-damage|p1a: Seviper|119/287\n|\n|-heal|p1a: Seviper|136/287|[from] item: Leftovers\n|-heal|p2a: Ting-Lu|135/370|[from] item: Leftovers\n|upkeep\n|turn|6\n|\n|t:|1781391572\n|switch|p2a: Hatterene|Hatterene, L85, F|236/236\n|move|p1a: Seviper|Trailblaze|p2a: Hatterene\n|-damage|p2a: Hatterene|100/236\n|-boost|p1a: Seviper|spe|1\n|\n|-heal|p1a: Seviper|153/287|[from] item: Leftovers\n|upkeep\n|turn|7\n|\n|t:|1781391582\n|move|p1a: Seviper|Earthquake|p2a: Hatterene\n|-damage|p2a: Hatterene|0 fnt\n|faint|p2a: Hatterene\n|\n|-heal|p1a: Seviper|170/287|[from] item: Leftovers\n|upkeep\n|\n|t:|1781391586\n|switch|p2a: Vileplume|Vileplume, L85, F|266/266\n|turn|8\n|\n|t:|1781391597\n|move|p1a: Seviper|Gunk Shot|p2a: Vileplume|[miss]\n|-miss|p1a: Seviper|p2a: Vileplume\n|move|p2a: Vileplume|Sludge Bomb|p1a: Seviper\n|-supereffective|p1a: Seviper\n|-damage|p1a: Seviper|0 fnt\n|faint|p1a: Seviper\n|\n|upkeep\n|\n|t:|1781391604\n|switch|p1a: Gothitelle|Gothitelle, L90, M|272/272\n|-damage|p1a: Gothitelle|238/272|[from] Spikes\n|turn|9\n|\n|t:|1781391607\n|move|p1a: Gothitelle|Calm Mind|p1a: Gothitelle\n|-boost|p1a: Gothitelle|spa|1\n|-boost|p1a: Gothitelle|spd|1\n|move|p2a: Vileplume|Sleep Powder|p1a: Gothitelle|[miss]\n|-miss|p2a: Vileplume|p1a: Gothitelle\n|\n|-heal|p1a: Gothitelle|255/272|[from] item: Leftovers\n|upkeep\n|turn|10\n|\n|t:|1781391615\n|move|p1a: Gothitelle|Calm Mind|p1a: Gothitelle\n|-boost|p1a: Gothitelle|spa|1\n|-boost|p1a: Gothitelle|spd|1\n|move|p2a: Vileplume|Sleep Powder|p1a: Gothitelle\n|-status|p1a: Gothitelle|slp|[from] move: Sleep Powder\n|\n|-heal|p1a: Gothitelle|272/272 slp|[from] item: Leftovers\n|upkeep\n|turn|11\n|\n|t:|1781391622\n|cant|p1a: Gothitelle|slp\n|move|p2a: Vileplume|Sludge Bomb|p1a: Gothitelle\n|-damage|p1a: Gothitelle|230/272 slp\n|\n|-heal|p1a: Gothitelle|247/272 slp|[from] item: Leftovers\n|upkeep\n|turn|12\n|\n|t:|1781391625\n|cant|p1a: Gothitelle|slp\n|move|p2a: Vileplume|Sludge Bomb|p1a: Gothitelle\n|-damage|p1a: Gothitelle|204/272 slp\n|\n|-heal|p1a: Gothitelle|221/272 slp|[from] item: Leftovers\n|upkeep\n|turn|13\n|\n|t:|1781391628\n|cant|p1a: Gothitelle|slp\n|move|p2a: Vileplume|Sludge Bomb|p1a: Gothitelle\n|-damage|p1a: Gothitelle|176/272 slp\n|\n|-heal|p1a: Gothitelle|193/272 slp|[from] item: Leftovers\n|upkeep\n|turn|14\n|\n|t:|1781391630\n|-curestatus|p1a: Gothitelle|slp|[msg]\n|move|p1a: Gothitelle|Calm Mind|p1a: Gothitelle\n|-boost|p1a: Gothitelle|spa|1\n|-boost|p1a: Gothitelle|spd|1\n|move|p2a: Vileplume|Sludge Bomb|p1a: Gothitelle\n|-damage|p1a: Gothitelle|154/272\n|\n|-heal|p1a: Gothitelle|171/272|[from] item: Leftovers\n|upkeep\n|turn|15\n|\n|t:|1781391632\n|move|p1a: Gothitelle|Calm Mind|p1a: Gothitelle\n|-boost|p1a: Gothitelle|spa|1\n|-boost|p1a: Gothitelle|spd|1\n|move|p2a: Vileplume|Sludge Bomb|p1a: Gothitelle\n|-damage|p1a: Gothitelle|138/272\n|\n|-heal|p1a: Gothitelle|155/272|[from] item: Leftovers\n|upkeep\n|turn|16\n|\n|t:|1781391634\n|move|p1a: Gothitelle|Psychic Noise|p2a: Vileplume\n|-supereffective|p2a: Vileplume\n|-crit|p2a: Vileplume\n|-damage|p2a: Vileplume|0 fnt\n|faint|p2a: Vileplume\n|\n|-heal|p1a: Gothitelle|172/272|[from] item: Leftovers\n|upkeep\n|\n|t:|1781391648\n|switch|p2a: Sableye|Sableye, L88, F|231/231\n|turn|17\n|\n|t:|1781391662\n|move|p2a: Sableye|Encore|p1a: Gothitelle\n|-start|p1a: Gothitelle|Encore\n|move|p1a: Gothitelle|Psychic Noise|p2a: Sableye\n|-immune|p2a: Sableye\n|\n|-heal|p1a: Gothitelle|189/272|[from] item: Leftovers\n|upkeep\n|turn|18\n|\n|t:|1781391665\n|switch|p1a: Iron Jugulis|Iron Jugulis, L77|271/271\n|move|p2a: Sableye|Knock Off|p1a: Iron Jugulis\n|-resisted|p1a: Iron Jugulis\n|-damage|p1a: Iron Jugulis|220/271\n|-enditem|p1a: Iron Jugulis|Power Herb|[from] move: Knock Off|[of] p2a: Sableye\n|\n|upkeep\n|turn|19\n|\n|t:|1781391697\n|move|p2a: Sableye|Will-O-Wisp|p1a: Iron Jugulis\n|-hint|Since gen 7, Dark is immune to Prankster moves.\n|-immune|p1a: Iron Jugulis\n|move|p1a: Iron Jugulis|Hurricane|p2a: Sableye|[miss]\n|-miss|p1a: Iron Jugulis|p2a: Sableye\n|\n|upkeep\n|turn|20\n|\n|t:|1781391715\n|switch|p2a: Tentacruel|Tentacruel, L84, M|272/272\n|move|p1a: Iron Jugulis|Hurricane|p2a: Tentacruel|[miss]\n|-miss|p1a: Iron Jugulis|p2a: Tentacruel\n|\n|upkeep\n|turn|21\n|\n|t:|1781391738\n|-end|p1a: Iron Jugulis|Quark Drive|[silent]\n|switch|p1a: Gothitelle|Gothitelle, L90, M|189/272\n|-damage|p1a: Gothitelle|155/272|[from] Spikes\n|move|p2a: Tentacruel|Sludge Bomb|p1a: Gothitelle\n|-damage|p1a: Gothitelle|94/272\n|\n|-heal|p1a: Gothitelle|111/272|[from] item: Leftovers\n|upkeep\n|turn|22\n|\n|t:|1781391746\n|move|p2a: Tentacruel|Flip Turn|p1a: Gothitelle\n|-damage|p1a: Gothitelle|66/272\n|\n|t:|1781391748\n|switch|p2a: Sableye|Sableye, L88, F|231/231|[from] Flip Turn\n|move|p1a: Gothitelle|Dark Pulse|p2a: Sableye\n|-damage|p2a: Sableye|152/231\n|\n|-heal|p1a: Gothitelle|83/272|[from] item: Leftovers\n|-heal|p2a: Sableye|166/231|[from] item: Leftovers\n|upkeep\n|turn|23\n|\n|t:|1781391754\n|switch|p1a: Iron Jugulis|Iron Jugulis, L77|220/271\n|move|p2a: Sableye|Knock Off|p1a: Iron Jugulis\n|-resisted|p1a: Iron Jugulis\n|-damage|p1a: Iron Jugulis|184/271\n|\n|-heal|p2a: Sableye|180/231|[from] item: Leftovers\n|upkeep\n|turn|24\n|\n|t:|1781391775\n|switch|p2a: Tentacruel|Tentacruel, L84, M|272/272\n|move|p1a: Iron Jugulis|Earth Power|p2a: Tentacruel\n|-supereffective|p2a: Tentacruel\n|-damage|p2a: Tentacruel|208/272\n|\n|upkeep\n|turn|25\n|\n|t:|1781391797\n|-end|p1a: Iron Jugulis|Quark Drive|[silent]\n|switch|p1a: Gothitelle|Gothitelle, L90, M|83/272\n|-damage|p1a: Gothitelle|49/272|[from] Spikes\n|move|p2a: Tentacruel|Sludge Bomb|p1a: Gothitelle\n|-damage|p1a: Gothitelle|0 fnt\n|faint|p1a: Gothitelle\n|\n|upkeep\n|\n|t:|1781391800\n|switch|p1a: Mewtwo|Mewtwo, L72|272/272\n|-ability|p1a: Mewtwo|Unnerve\n|-damage|p1a: Mewtwo|238/272|[from] Spikes\n|turn|26\n|\n|t:|1781391807\n|switch|p1a: Ludicolo|Ludicolo, L90, M|254/290\n|-damage|p1a: Ludicolo|218/290|[from] Spikes\n|switch|p2a: Ting-Lu|Ting-Lu, L78|135/370\n|-ability|p2a: Ting-Lu|Vessel of Ruin\n|\n|-heal|p2a: Ting-Lu|158/370|[from] item: Leftovers\n|upkeep\n|turn|27\n|\n|t:|1781391820\n|switch|p2a: Tentacruel|Tentacruel, L84, M|208/272\n|move|p1a: Ludicolo|Giga Drain|p2a: Tentacruel\n|-damage|p2a: Tentacruel|136/272\n|-damage|p1a: Ludicolo|182/290|[from] ability: Liquid Ooze|[of] p2a: Tentacruel\n|\n|upkeep\n|turn|28\n|\n|t:|1781391829\n|switch|p1a: Zacian|Zacian-Crowned, L64|225/225\n|-damage|p1a: Zacian|197/225|[from] Spikes\n|-ability|p1a: Zacian|Intrepid Sword|boost\n|-boost|p1a: Zacian|atk|1\n|move|p2a: Tentacruel|Sludge Bomb|p1a: Zacian\n|-immune|p1a: Zacian\n|\n|upkeep\n|turn|29\n|\n|t:|1781391834\n|switch|p2a: Ting-Lu|Ting-Lu, L78|158/370\n|-ability|p2a: Ting-Lu|Vessel of Ruin\n|move|p1a: Zacian|Behemoth Blade|p2a: Ting-Lu\n|-crit|p2a: Ting-Lu\n|-damage|p2a: Ting-Lu|0 fnt\n|faint|p2a: Ting-Lu\n|\n|upkeep\n|\n|t:|1781391841\n|switch|p2a: Sableye|Sableye, L88, F|180/231\n|turn|30\n|\n|t:|1781391855\n|switch|p1a: Iron Jugulis|Iron Jugulis, L77|184/271\n|-terastallize|p2a: Sableye|Poison\n|move|p2a: Sableye|Will-O-Wisp|p1a: Iron Jugulis\n|-hint|Since gen 7, Dark is immune to Prankster moves.\n|-immune|p1a: Iron Jugulis\n|\n|-heal|p2a: Sableye|194/231|[from] item: Leftovers\n|upkeep\n|turn|31\n|\n|t:|1781391869\n|move|p1a: Iron Jugulis|Earth Power|p2a: Sableye\n|-supereffective|p2a: Sableye\n|-damage|p2a: Sableye|54/231\n|move|p2a: Sableye|Knock Off|p1a: Iron Jugulis\n|-resisted|p1a: Iron Jugulis\n|-damage|p1a: Iron Jugulis|149/271\n|\n|-heal|p2a: Sableye|68/231|[from] item: Leftovers\n|upkeep\n|turn|32\n|\n|t:|1781391883\n|move|p2a: Sableye|Recover|p2a: Sableye\n|-heal|p2a: Sableye|184/231\n|move|p1a: Iron Jugulis|Earth Power|p2a: Sableye\n|-supereffective|p2a: Sableye\n|-damage|p2a: Sableye|40/231\n|\n|-heal|p2a: Sableye|54/231|[from] item: Leftovers\n|upkeep\n|turn|33\n|j| elementalbalance\n|l| elementalbalance\n|\n|t:|1781391918\n|move|p2a: Sableye|Encore|p1a: Iron Jugulis\n|-hint|Since gen 7, Dark is immune to Prankster moves.\n|-immune|p1a: Iron Jugulis\n|move|p1a: Iron Jugulis|Earth Power|p2a: Sableye\n|-supereffective|p2a: Sableye\n|-damage|p2a: Sableye|0 fnt\n|faint|p2a: Sableye\n|\n|upkeep\n|\n|t:|1781391923\n|switch|p2a: Ursaluna|Ursaluna-Bloodmoon, L79, M|308/308\n|turn|34\n|\n|t:|1781391933\n|-end|p1a: Iron Jugulis|Quark Drive|[silent]\n|switch|p1a: Ludicolo|Ludicolo, L90, M|182/290\n|-damage|p1a: Ludicolo|146/290|[from] Spikes\n|move|p2a: Ursaluna|Calm Mind|p2a: Ursaluna\n|-boost|p2a: Ursaluna|spa|1\n|-boost|p2a: Ursaluna|spd|1\n|\n|upkeep\n|turn|35\n|\n|t:|1781391946\n|move|p1a: Ludicolo|Leaf Storm|p2a: Ursaluna\n|-supereffective|p2a: Ursaluna\n|-damage|p2a: Ursaluna|0 fnt\n|-unboost|p1a: Ludicolo|spa|2\n|faint|p2a: Ursaluna\n|\n|upkeep\n|\n|t:|1781391948\n|switch|p2a: Tentacruel|Tentacruel, L84, M|136/272\n|turn|36\n|\n|t:|1781391951\n|move|p2a: Tentacruel|Sludge Bomb|p1a: Ludicolo\n|-supereffective|p1a: Ludicolo\n|-damage|p1a: Ludicolo|6/290\n|move|p1a: Ludicolo|Leaf Storm|p2a: Tentacruel\n|-damage|p2a: Tentacruel|81/272\n|-unboost|p1a: Ludicolo|spa|2\n|\n|upkeep\n|turn|37\n|c|\u260635Q71N|Gg\n|\n|t:|1781391956\n|move|p2a: Tentacruel|Surf|p1a: Ludicolo\n|-resisted|p1a: Ludicolo\n|-damage|p1a: Ludicolo|0 fnt\n|faint|p1a: Ludicolo\n|\n|upkeep\n|\n|t:|1781391958\n|switch|p1a: Mewtwo|Mewtwo, L72|238/272\n|-ability|p1a: Mewtwo|Unnerve\n|-damage|p1a: Mewtwo|204/272|[from] Spikes\n|turn|38\n|\n|t:|1781391960\n|move|p1a: Mewtwo|Psystrike|p2a: Tentacruel\n|-supereffective|p2a: Tentacruel\n|-damage|p2a: Tentacruel|0 fnt\n|faint|p2a: Tentacruel\n|-damage|p1a: Mewtwo|177/272|[from] item: Life Orb\n|\n|win|35Q71N\n", "uploadtime": 1781391371, "views": 3, "formatid": "gen9randombattle", "rating": null, "private": 0, "password": null}