{"id": "gen9randombattle-2631993784", "format": "[Gen 9] Random Battle", "players": ["randomdude8876", "Valentina17"], "log": "|j|\u2606randomdude8876\n|j|\u2606Valentina17\n|t:|1781463799\n|gametype|singles\n|player|p1|randomdude8876|hiker-gen4|1906\n|player|p2|Valentina17|parasollady|1904\n|gen|9\n|tier|[Gen 9] Random Battle\n|rated|\n|rule|Species Clause: Limit one of each Pok\u00e9mon\n|rule|HP Percentage Mod: HP is shown in percentages\n|rule|Sleep Clause Mod: Limit one foe put to sleep\n|rule|Illusion Level Mod: Illusion disguises the Pok\u00e9mon's true level\n|\n|t:|1781463799\n|teamsize|p1|6\n|teamsize|p2|6\n|start\n|switch|p1a: Dusknoir|Dusknoir, L89, M|225/225\n|switch|p2a: Pachirisu|Pachirisu, L96, F|271/271\n|-item|p2a: Pachirisu|Assault Vest|[from] ability: Frisk|[of] p1a: Dusknoir\n|turn|1\n|inactive|Battle timer is ON: inactive players will automatically lose when time's up. (requested by randomdude8876)\n|\n|t:|1781463806\n|move|p2a: Pachirisu|Nuzzle|p1a: Dusknoir\n|-damage|p1a: Dusknoir|213/225\n|-status|p1a: Dusknoir|par\n|cant|p1a: Dusknoir|par\n|\n|upkeep\n|turn|2\n|\n|t:|1781463812\n|move|p2a: Pachirisu|U-turn|p1a: Dusknoir\n|-resisted|p1a: Dusknoir\n|-damage|p1a: Dusknoir|200/225 par\n|\n|t:|1781463818\n|switch|p2a: Poliwrath|Poliwrath, L88, F|302/302|[from] U-turn\n|move|p1a: Dusknoir|Earthquake|p2a: Poliwrath\n|-damage|p2a: Poliwrath|200/302\n|\n|upkeep\n|turn|3\n|\n|t:|1781463844\n|switch|p1a: Cinderace|Cinderace, L77, M|249/249\n|move|p2a: Poliwrath|Knock Off|p1a: Cinderace\n|-crit|p1a: Cinderace\n|-damage|p1a: Cinderace|67/249\n|-enditem|p1a: Cinderace|Heavy-Duty Boots|[from] move: Knock Off|[of] p2a: Poliwrath\n|-damage|p2a: Poliwrath|170/302|[from] item: Life Orb\n|\n|upkeep\n|turn|4\n|\n|t:|1781463852\n|move|p1a: Cinderace|High Jump Kick|p2a: Poliwrath\n|-start|p1a: Cinderace|typechange|Fighting|[from] ability: Libero\n|-damage|p2a: Poliwrath|50/302\n|move|p2a: Poliwrath|Rain Dance|p2a: Poliwrath\n|-weather|RainDance\n|\n|-weather|RainDance|[upkeep]\n|upkeep\n|turn|5\n|\n|t:|1781463859\n|move|p2a: Poliwrath|Liquidation|p1a: Cinderace\n|-damage|p1a: Cinderace|0 fnt\n|faint|p1a: Cinderace\n|-damage|p2a: Poliwrath|20/302|[from] item: Life Orb\n|\n|-weather|RainDance|[upkeep]\n|upkeep\n|\n|t:|1781463863\n|switch|p1a: Zangoose|Zangoose, L85, M|263/263\n|turn|6\n|\n|t:|1781463868\n|switch|p2a: Spiritomb|Spiritomb, L89, M|234/234\n|move|p1a: Zangoose|Quick Attack|p2a: Spiritomb\n|-immune|p2a: Spiritomb\n|\n|-weather|RainDance|[upkeep]\n|-status|p1a: Zangoose|tox|[from] item: Toxic Orb\n|upkeep\n|turn|7\n|\n|t:|1781463874\n|move|p1a: Zangoose|Knock Off|p2a: Spiritomb\n|-damage|p2a: Spiritomb|142/234\n|-enditem|p2a: Spiritomb|Choice Band|[from] move: Knock Off|[of] p1a: Zangoose\n|move|p2a: Spiritomb|Foul Play|p1a: Zangoose\n|-damage|p1a: Zangoose|113/263 tox\n|\n|-weather|RainDance|[upkeep]\n|-damage|p1a: Zangoose|97/263 tox|[from] psn\n|upkeep\n|turn|8\n|\n|t:|1781463887\n|move|p2a: Spiritomb|Sucker Punch|p1a: Zangoose\n|-damage|p1a: Zangoose|0 fnt\n|faint|p1a: Zangoose\n|\n|-weather|none\n|upkeep\n|\n|t:|1781463896\n|switch|p1a: Ursaluna|Ursaluna, L79, F|335/335\n|turn|9\n|\n|t:|1781463902\n|move|p1a: Ursaluna|Swords Dance|p1a: Ursaluna\n|-boost|p1a: Ursaluna|atk|2\n|move|p2a: Spiritomb|Foul Play|p1a: Ursaluna\n|-damage|p1a: Ursaluna|70/335\n|\n|-status|p1a: Ursaluna|brn|[from] item: Flame Orb\n|upkeep\n|turn|10\n|\n|t:|1781463908\n|move|p2a: Spiritomb|Sucker Punch|p1a: Ursaluna\n|-damage|p1a: Ursaluna|0 fnt\n|faint|p1a: Ursaluna\n|\n|upkeep\n|-message|randomdude8876 forfeited.\n|\n|win|Valentina17\n", "uploadtime": 1781463801, "views": 5, "formatid": "gen9randombattle", "rating": null, "private": 0, "password": null}