{"id": "gen9randombattle-2631876544", "format": "[Gen 9] Random Battle", "players": ["dhcarr", "giourevrydayguy"], "log": "|j|\u2606dhcarr\n|j|\u2606giourevrydayguy\n|t:|1781450976\n|gametype|singles\n|player|p1|dhcarr|266|1084\n|player|p2|giourevrydayguy|101|1090\n|gen|9\n|tier|[Gen 9] Random Battle\n|rated|\n|rule|Species Clause: Limit one of each Pok\u00e9mon\n|rule|HP Percentage Mod: HP is shown in percentages\n|rule|Sleep Clause Mod: Limit one foe put to sleep\n|rule|Illusion Level Mod: Illusion disguises the Pok\u00e9mon's true level\n|\n|t:|1781450976\n|teamsize|p1|6\n|teamsize|p2|6\n|start\n|switch|p1a: Sudowoodo|Sudowoodo, L94, M|284/284\n|switch|p2a: Noivern|Noivern, L82, F|274/274\n|turn|1\n|\n|t:|1781450987\n|switch|p2a: Vileplume|Vileplume, L85, F|266/266\n|move|p1a: Sudowoodo|Stealth Rock|p2a: Vileplume\n|-sidestart|p2: giourevrydayguy|move: Stealth Rock\n|\n|upkeep\n|turn|2\n|\n|t:|1781450995\n|move|p1a: Sudowoodo|Sucker Punch||[still]\n|-fail|p1a: Sudowoodo\n|move|p2a: Vileplume|Sleep Powder|p1a: Sudowoodo|[miss]\n|-miss|p2a: Vileplume|p1a: Sudowoodo\n|\n|upkeep\n|turn|3\n|\n|t:|1781451003\n|move|p1a: Sudowoodo|Sucker Punch||[still]\n|-fail|p1a: Sudowoodo\n|move|p2a: Vileplume|Sleep Powder|p1a: Sudowoodo|[miss]\n|-miss|p2a: Vileplume|p1a: Sudowoodo\n|\n|upkeep\n|turn|4\n|\n|t:|1781451011\n|move|p1a: Sudowoodo|Sucker Punch||[still]\n|-fail|p1a: Sudowoodo\n|move|p2a: Vileplume|Sleep Powder|p1a: Sudowoodo\n|-status|p1a: Sudowoodo|slp|[from] move: Sleep Powder\n|\n|upkeep\n|turn|5\n|\n|t:|1781451019\n|switch|p1a: Gouging Fire|Gouging Fire, L74|277/277\n|move|p2a: Vileplume|Giga Drain|p1a: Gouging Fire\n|-resisted|p1a: Gouging Fire\n|-damage|p1a: Gouging Fire|252/277\n|\n|upkeep\n|turn|6\n|\n|t:|1781451032\n|switch|p2a: Drednaw|Drednaw, L81, M|278/278\n|-damage|p2a: Drednaw|244/278|[from] Stealth Rock\n|move|p1a: Gouging Fire|Dragon Dance|p1a: Gouging Fire\n|-boost|p1a: Gouging Fire|atk|1\n|-boost|p1a: Gouging Fire|spe|1\n|\n|upkeep\n|turn|7\n|\n|t:|1781451046\n|-terastallize|p1a: Gouging Fire|Ground\n|move|p1a: Gouging Fire|Earthquake|p2a: Drednaw\n|-supereffective|p2a: Drednaw\n|-damage|p2a: Drednaw|0 fnt\n|faint|p2a: Drednaw\n|\n|upkeep\n|\n|t:|1781451056\n|switch|p2a: Vileplume|Vileplume, L85, F|266/266\n|-damage|p2a: Vileplume|233/266|[from] Stealth Rock\n|turn|8\n|\n|t:|1781451061\n|-terastallize|p2a: Vileplume|Water\n|move|p1a: Gouging Fire|Heat Crash|p2a: Vileplume\n|-resisted|p2a: Vileplume\n|-damage|p2a: Vileplume|148/266\n|-status|p1a: Gouging Fire|psn|[from] ability: Effect Spore|[of] p2a: Vileplume\n|move|p2a: Vileplume|Giga Drain|p1a: Gouging Fire\n|-supereffective|p1a: Gouging Fire\n|-damage|p1a: Gouging Fire|46/277 psn\n|-heal|p2a: Vileplume|251/266|[from] drain|[of] p1a: Gouging Fire\n|\n|-heal|p2a: Vileplume|266/266|[from] item: Leftovers\n|-damage|p1a: Gouging Fire|12/277 psn|[from] psn\n|upkeep\n|turn|9\n|\n|t:|1781451074\n|move|p1a: Gouging Fire|Earthquake|p2a: Vileplume\n|-damage|p2a: Vileplume|127/266\n|move|p2a: Vileplume|Strength Sap|p1a: Gouging Fire\n|-unboost|p1a: Gouging Fire|atk|1\n|-heal|p2a: Vileplume|266/266\n|\n|-damage|p1a: Gouging Fire|0 fnt|[from] psn\n|faint|p1a: Gouging Fire\n|-end|p1a: Gouging Fire|Protosynthesis|[silent]\n|upkeep\n|\n|t:|1781451089\n|switch|p1a: Dachsbun|Dachsbun, L92, M|254/254\n|turn|10\n|\n|t:|1781451093\n|move|p1a: Dachsbun|Body Press|p2a: Vileplume\n|-damage|p2a: Vileplume|189/266\n|move|p2a: Vileplume|Sludge Bomb|p1a: Dachsbun\n|-supereffective|p1a: Dachsbun\n|-damage|p1a: Dachsbun|54/254\n|-status|p1a: Dachsbun|psn\n|\n|-heal|p1a: Dachsbun|69/254 psn|[from] item: Leftovers\n|-heal|p2a: Vileplume|205/266|[from] item: Leftovers\n|-damage|p1a: Dachsbun|38/254 psn|[from] psn\n|upkeep\n|turn|11\n|\n|t:|1781451102\n|move|p1a: Dachsbun|Play Rough|p2a: Vileplume\n|-damage|p2a: Vileplume|102/266\n|move|p2a: Vileplume|Strength Sap|p1a: Dachsbun\n|-unboost|p1a: Dachsbun|atk|1\n|-heal|p2a: Vileplume|266/266\n|\n|-heal|p1a: Dachsbun|53/254 psn|[from] item: Leftovers\n|-damage|p1a: Dachsbun|22/254 psn|[from] psn\n|upkeep\n|turn|12\n|\n|t:|1781451108\n|switch|p1a: Meloetta|Meloetta, L82|298/298\n|move|p2a: Vileplume|Giga Drain|p1a: Meloetta\n|-damage|p1a: Meloetta|228/298\n|\n|-heal|p1a: Meloetta|246/298|[from] item: Leftovers\n|upkeep\n|turn|13\n|\n|t:|1781451114\n|move|p1a: Meloetta|Focus Blast|p2a: Vileplume\n|-damage|p2a: Vileplume|164/266\n|move|p2a: Vileplume|Sludge Bomb|p1a: Meloetta\n|-damage|p1a: Meloetta|159/298\n|-status|p1a: Meloetta|psn\n|\n|-heal|p1a: Meloetta|177/298 psn|[from] item: Leftovers\n|-heal|p2a: Vileplume|180/266|[from] item: Leftovers\n|-damage|p1a: Meloetta|140/298 psn|[from] psn\n|upkeep\n|turn|14\n|\n|t:|1781451117\n|switch|p1a: Zamazenta|Zamazenta, L71|248/248\n|-ability|p1a: Zamazenta|Dauntless Shield|boost\n|-boost|p1a: Zamazenta|def|1\n|move|p2a: Vileplume|Strength Sap|p1a: Zamazenta\n|-unboost|p1a: Zamazenta|atk|1\n|-heal|p2a: Vileplume|266/266\n|\n|upkeep\n|turn|15\n|\n|t:|1781451123\n|switch|p2a: Noivern|Noivern, L82, F|274/274\n|-damage|p2a: Noivern|206/274|[from] Stealth Rock\n|move|p1a: Zamazenta|Iron Defense|p1a: Zamazenta\n|-boost|p1a: Zamazenta|def|2\n|\n|upkeep\n|turn|16\n|\n|t:|1781451130\n|move|p2a: Noivern|Hurricane|p1a: Zamazenta|[miss]\n|-miss|p2a: Noivern|p1a: Zamazenta\n|move|p1a: Zamazenta|Crunch|p2a: Noivern\n|-damage|p2a: Noivern|166/274\n|\n|upkeep\n|turn|17\n|\n|t:|1781451139\n|move|p2a: Noivern|Hurricane|p1a: Zamazenta\n|-supereffective|p1a: Zamazenta\n|-damage|p1a: Zamazenta|0 fnt\n|faint|p1a: Zamazenta\n|\n|upkeep\n|\n|t:|1781451144\n|switch|p1a: Honchkrow|Honchkrow, L86, F|312/312\n|turn|18\n|\n|t:|1781451161\n|switch|p2a: Vivillon|Vivillon-Marine, L83, F|268/268\n|move|p1a: Honchkrow|Brave Bird|p2a: Vivillon\n|-supereffective|p2a: Vivillon\n|-damage|p2a: Vivillon|0 fnt\n|faint|p2a: Vivillon\n|-ability|p1a: Honchkrow|Moxie|boost\n|-boost|p1a: Honchkrow|atk|1\n|-damage|p1a: Honchkrow|224/312|[from] Recoil\n|\n|upkeep\n|\n|t:|1781451173\n|switch|p2a: Vileplume|Vileplume, L85, F, tera:Water|266/266\n|-damage|p2a: Vileplume|233/266|[from] Stealth Rock\n|turn|19\n|\n|t:|1781451178\n|move|p1a: Honchkrow|Brave Bird|p2a: Vileplume\n|-damage|p2a: Vileplume|0 fnt\n|faint|p2a: Vileplume\n|-ability|p1a: Honchkrow|Moxie|boost\n|-boost|p1a: Honchkrow|atk|1\n|-damage|p1a: Honchkrow|147/312|[from] Recoil\n|\n|upkeep\n|\n|t:|1781451188\n|switch|p2a: Mesprit|Mesprit, L85|275/275\n|-damage|p2a: Mesprit|241/275|[from] Stealth Rock\n|turn|20\n|\n|t:|1781451213\n|switch|p2a: Noivern|Noivern, L82, F|166/274\n|-damage|p2a: Noivern|98/274|[from] Stealth Rock\n|move|p1a: Honchkrow|Sucker Punch||[still]\n|-fail|p1a: Honchkrow\n|\n|upkeep\n|turn|21\n|\n|t:|1781451220\n|move|p2a: Noivern|Draco Meteor|p1a: Honchkrow\n|-damage|p1a: Honchkrow|0 fnt\n|-unboost|p2a: Noivern|spa|2\n|faint|p1a: Honchkrow\n|\n|upkeep\n|\n|t:|1781451223\n|switch|p1a: Sudowoodo|Sudowoodo, L94, M|284/284 slp\n|turn|22\n|\n|t:|1781451227\n|switch|p2a: Annihilape|Annihilape, L76, F|292/292\n|-damage|p2a: Annihilape|274/292|[from] Stealth Rock\n|cant|p1a: Sudowoodo|slp\n|\n|-heal|p2a: Annihilape|292/292|[from] item: Leftovers\n|upkeep\n|turn|23\n|\n|t:|1781451238\n|switch|p1a: Meloetta|Meloetta, L82|140/298 psn\n|move|p2a: Annihilape|Bulk Up|p2a: Annihilape\n|-boost|p2a: Annihilape|atk|1\n|-boost|p2a: Annihilape|def|1\n|\n|-heal|p1a: Meloetta|158/298 psn|[from] item: Leftovers\n|-damage|p1a: Meloetta|121/298 psn|[from] psn\n|upkeep\n|turn|24\n|\n|t:|1781451245\n|move|p1a: Meloetta|Psyshock|p2a: Annihilape\n|-supereffective|p2a: Annihilape\n|-damage|p2a: Annihilape|118/292\n|move|p2a: Annihilape|Drain Punch|p1a: Meloetta\n|-damage|p1a: Meloetta|0 fnt\n|-heal|p2a: Annihilape|179/292|[from] drain|[of] p1a: Meloetta\n|faint|p1a: Meloetta\n|\n|-heal|p2a: Annihilape|197/292|[from] item: Leftovers\n|upkeep\n|\n|t:|1781451250\n|switch|p1a: Sudowoodo|Sudowoodo, L94, M|284/284 slp\n|turn|25\n|\n|t:|1781451256\n|move|p2a: Annihilape|Drain Punch|p1a: Sudowoodo\n|-supereffective|p1a: Sudowoodo\n|-damage|p1a: Sudowoodo|108/284 slp\n|-heal|p2a: Annihilape|285/292|[from] drain|[of] p1a: Sudowoodo\n|cant|p1a: Sudowoodo|slp\n|\n|-heal|p2a: Annihilape|292/292|[from] item: Leftovers\n|-heal|p1a: Sudowoodo|125/284 slp|[from] item: Leftovers\n|upkeep\n|turn|26\n|\n|t:|1781451259\n|move|p2a: Annihilape|Bulk Up|p2a: Annihilape\n|-boost|p2a: Annihilape|atk|1\n|-boost|p2a: Annihilape|def|1\n|-curestatus|p1a: Sudowoodo|slp|[msg]\n|move|p1a: Sudowoodo|Wood Hammer|p2a: Annihilape\n|-damage|p2a: Annihilape|228/292\n|\n|-heal|p2a: Annihilape|246/292|[from] item: Leftovers\n|-heal|p1a: Sudowoodo|142/284|[from] item: Leftovers\n|upkeep\n|turn|27\n|\n|t:|1781451265\n|move|p2a: Annihilape|Bulk Up|p2a: Annihilape\n|-boost|p2a: Annihilape|atk|1\n|-boost|p2a: Annihilape|def|1\n|move|p1a: Sudowoodo|Wood Hammer|p2a: Annihilape\n|-damage|p2a: Annihilape|193/292\n|\n|-heal|p2a: Annihilape|211/292|[from] item: Leftovers\n|-heal|p1a: Sudowoodo|159/284|[from] item: Leftovers\n|upkeep\n|turn|28\n|\n|t:|1781451296\n|move|p2a: Annihilape|Drain Punch|p1a: Sudowoodo\n|-supereffective|p1a: Sudowoodo\n|-damage|p1a: Sudowoodo|0 fnt\n|-heal|p2a: Annihilape|291/292|[from] drain|[of] p1a: Sudowoodo\n|faint|p1a: Sudowoodo\n|\n|-heal|p2a: Annihilape|292/292|[from] item: Leftovers\n|upkeep\n|\n|t:|1781451299\n|switch|p1a: Dachsbun|Dachsbun, L92, M|22/254 psn\n|turn|29\n|\n|t:|1781451302\n|move|p1a: Dachsbun|Play Rough|p2a: Annihilape\n|-supereffective|p2a: Annihilape\n|-damage|p2a: Annihilape|194/292\n|move|p2a: Annihilape|Bulk Up|p2a: Annihilape\n|-boost|p2a: Annihilape|atk|1\n|-boost|p2a: Annihilape|def|1\n|\n|-heal|p1a: Dachsbun|37/254 psn|[from] item: Leftovers\n|-heal|p2a: Annihilape|212/292|[from] item: Leftovers\n|-damage|p1a: Dachsbun|6/254 psn|[from] psn\n|upkeep\n|turn|30\n|\n|t:|1781451306\n|move|p1a: Dachsbun|Play Rough|p2a: Annihilape\n|-supereffective|p2a: Annihilape\n|-damage|p2a: Annihilape|134/292\n|move|p2a: Annihilape|Bulk Up|p2a: Annihilape\n|-boost|p2a: Annihilape|atk|1\n|-boost|p2a: Annihilape|def|1\n|\n|-heal|p1a: Dachsbun|21/254 psn|[from] item: Leftovers\n|-heal|p2a: Annihilape|152/292|[from] item: Leftovers\n|-damage|p1a: Dachsbun|0 fnt|[from] psn\n|faint|p1a: Dachsbun\n|\n|win|giourevrydayguy\n|raw|dhcarr's rating: 1084 &rarr; <strong>1062</strong><br />(-22 for losing)\n|raw|giourevrydayguy's rating: 1090 &rarr; <strong>1116</strong><br />(+26 for winning)\n", "uploadtime": 1781451308, "views": 2, "formatid": "gen9randombattle", "rating": 1062, "private": 0, "password": null}