{"id": "gen9randombattle-2632018360", "format": "[Gen 9] Random Battle", "players": ["Flei", "shyshedinja"], "log": "|j|\u2606Flei\n|j|\u2606shyshedinja\n|t:|1781466507\n|gametype|singles\n|player|p1|Flei|ghetsis-gen5bw|\n|player|p2|shyshedinja|ash-kalos|\n|gen|9\n|tier|[Gen 9] Random Battle\n|rule|Species Clause: Limit one of each Pok\u00e9mon\n|rule|HP Percentage Mod: HP is shown in percentages\n|rule|Sleep Clause Mod: Limit one foe put to sleep\n|rule|Illusion Level Mod: Illusion disguises the Pok\u00e9mon's true level\n|\n|t:|1781466507\n|teamsize|p1|6\n|teamsize|p2|6\n|start\n|switch|p1a: Crabominable|Crabominable, L90, F|321/321\n|switch|p2a: Kyogre|Kyogre, L71|259/259\n|-weather|RainDance|[from] ability: Drizzle|[of] p2a: Kyogre\n|turn|1\n|inactive|Battle timer is ON: inactive players will automatically lose when time's up. (requested by shyshedinja)\n|c|\u2606shyshedinja|ABUENO\n|c|\u2606Flei|A\n|c|\u2606shyshedinja|empezamo duro\n|\n|t:|1781466520\n|move|p2a: Kyogre|Water Spout|p1a: Crabominable\n|-damage|p1a: Crabominable|134/321\n|move|p1a: Crabominable|Knock Off|p2a: Kyogre\n|-damage|p2a: Kyogre|140/259\n|-enditem|p2a: Kyogre|Choice Scarf|[from] move: Knock Off|[of] p1a: Crabominable\n|\n|-weather|RainDance|[upkeep]\n|upkeep\n|turn|2\n|\n|t:|1781466530\n|move|p2a: Kyogre|Origin Pulse|p1a: Crabominable|[miss]\n|-miss|p2a: Kyogre|p1a: Crabominable\n|move|p1a: Crabominable|Drain Punch|p2a: Kyogre\n|-damage|p2a: Kyogre|0 fnt\n|-heal|p1a: Crabominable|204/321|[from] drain|[of] p2a: Kyogre\n|faint|p2a: Kyogre\n|\n|-weather|RainDance|[upkeep]\n|upkeep\n|c|\u2606shyshedinja|...\n|\n|t:|1781466544\n|switch|p2a: Pecharunt|Pecharunt, L77|262/262\n|turn|3\n|\n|t:|1781466550\n|move|p2a: Pecharunt|Malignant Chain|p1a: Crabominable\n|-damage|p1a: Crabominable|140/321\n|move|p1a: Crabominable|Knock Off|p2a: Pecharunt\n|-supereffective|p2a: Pecharunt\n|-damage|p2a: Pecharunt|120/262\n|-enditem|p2a: Pecharunt|Leftovers|[from] move: Knock Off|[of] p1a: Crabominable\n|\n|-weather|RainDance|[upkeep]\n|upkeep\n|turn|4\n|\n|t:|1781466561\n|move|p2a: Pecharunt|Parting Shot|p1a: Crabominable\n|-unboost|p1a: Crabominable|atk|1\n|-unboost|p1a: Crabominable|spa|1\n|\n|t:|1781466566\n|switch|p2a: Raichu|Raichu-Alola, L87, M|246/246|[from] Parting Shot\n|move|p1a: Crabominable|Earthquake|p2a: Raichu\n|-supereffective|p2a: Raichu\n|-damage|p2a: Raichu|36/246\n|\n|-weather|RainDance|[upkeep]\n|upkeep\n|turn|5\n|c|\u2606shyshedinja|vale\n|\n|t:|1781466578\n|move|p2a: Raichu|Alluring Voice|p1a: Crabominable\n|-supereffective|p1a: Crabominable\n|-crit|p1a: Crabominable\n|-damage|p1a: Crabominable|0 fnt\n|faint|p1a: Crabominable\n|-damage|p2a: Raichu|12/246|[from] item: Life Orb\n|\n|-weather|none\n|upkeep\n|\n|t:|1781466586\n|switch|p1a: Kilowattrel|Kilowattrel, L83, M|252/252\n|turn|6\n|\n|t:|1781466596\n|switch|p2a: Komala|Komala, L88, M|258/258\n|-ability|p2a: Komala|Comatose\n|move|p1a: Kilowattrel|U-turn|p2a: Komala\n|-damage|p2a: Komala|212/258\n|\n|t:|1781466616\n|switch|p1a: Sudowoodo|Sudowoodo, L94, F|284/284|[from] U-turn\n|\n|upkeep\n|turn|7\n|\n|t:|1781466624\n|move|p2a: Komala|Knock Off|p1a: Sudowoodo\n|-damage|p1a: Sudowoodo|219/284\n|-enditem|p1a: Sudowoodo|Choice Band|[from] move: Knock Off|[of] p2a: Komala\n|move|p1a: Sudowoodo|Head Smash|p2a: Komala\n|-damage|p2a: Komala|0 fnt\n|faint|p2a: Komala\n|\n|upkeep\n|\n|t:|1781466636\n|switch|p2a: Bellossom|Bellossom, L84, M|263/263\n|turn|8\n|\n|t:|1781466643\n|move|p2a: Bellossom|Quiver Dance|p2a: Bellossom\n|-boost|p2a: Bellossom|spa|1\n|-boost|p2a: Bellossom|spd|1\n|-boost|p2a: Bellossom|spe|1\n|move|p1a: Sudowoodo|Head Smash|p2a: Bellossom\n|-damage|p2a: Bellossom|67/263\n|\n|-heal|p2a: Bellossom|83/263|[from] item: Leftovers\n|upkeep\n|turn|9\n|\n|t:|1781466654\n|-terastallize|p1a: Sudowoodo|Grass\n|move|p2a: Bellossom|Strength Sap|p1a: Sudowoodo\n|-unboost|p1a: Sudowoodo|atk|1\n|-heal|p2a: Bellossom|263/263\n|move|p1a: Sudowoodo|Head Smash|p2a: Bellossom|[miss]\n|-miss|p1a: Sudowoodo|p2a: Bellossom\n|\n|upkeep\n|turn|10\n|\n|t:|1781466663\n|switch|p1a: Kilowattrel|Kilowattrel, L83, M|252/252\n|move|p2a: Bellossom|Moonblast|p1a: Kilowattrel\n|-damage|p1a: Kilowattrel|136/252\n|\n|upkeep\n|turn|11\n|\n|t:|1781466671\n|-terastallize|p2a: Bellossom|Fairy\n|move|p1a: Kilowattrel|Hurricane|p2a: Bellossom|[miss]\n|-miss|p1a: Kilowattrel|p2a: Bellossom\n|move|p2a: Bellossom|Quiver Dance|p2a: Bellossom\n|-boost|p2a: Bellossom|spa|1\n|-boost|p2a: Bellossom|spd|1\n|-boost|p2a: Bellossom|spe|1\n|\n|upkeep\n|turn|12\n|\n|t:|1781466678\n|move|p2a: Bellossom|Moonblast|p1a: Kilowattrel\n|-damage|p1a: Kilowattrel|0 fnt\n|faint|p1a: Kilowattrel\n|\n|upkeep\n|\n|t:|1781466682\n|switch|p1a: Seviper|Seviper, L93, F|287/287\n|turn|13\n|\n|t:|1781466692\n|switch|p2a: Pincurchin|Pincurchin, F|258/258\n|-fieldstart|move: Electric Terrain|[from] ability: Electric Surge|[of] p2a: Pincurchin\n|move|p1a: Seviper|Gunk Shot|p2a: Pincurchin\n|-damage|p2a: Pincurchin|131/258\n|\n|-heal|p2a: Pincurchin|147/258|[from] item: Leftovers\n|upkeep\n|turn|14\n|\n|t:|1781466701\n|move|p1a: Seviper|Earthquake|p2a: Pincurchin\n|-supereffective|p2a: Pincurchin\n|-damage|p2a: Pincurchin|0 fnt\n|faint|p2a: Pincurchin\n|\n|upkeep\n|\n|t:|1781466710\n|switch|p2a: Raichu|Raichu-Alola, L87, M|12/246\n|turn|15\n|\n|t:|1781466716\n|switch|p1a: Sudowoodo|Sudowoodo, L94, F, tera:Grass|219/284\n|move|p2a: Raichu|Psyshock|p1a: Sudowoodo\n|-damage|p1a: Sudowoodo|137/284\n|-damage|p2a: Raichu|0 fnt|[from] item: Life Orb\n|faint|p2a: Raichu\n|\n|upkeep\n|\n|t:|1781466722\n|switch|p2a: Pecharunt|Pecharunt, L77|120/262\n|turn|16\n|\n|t:|1781466731\n|move|p1a: Sudowoodo|Sucker Punch||[still]\n|-fail|p1a: Sudowoodo\n|move|p2a: Pecharunt|Parting Shot|p1a: Sudowoodo\n|-unboost|p1a: Sudowoodo|atk|1\n|-unboost|p1a: Sudowoodo|spa|1\n|\n|t:|1781466735\n|switch|p2a: Bellossom|Bellossom, L84, M, tera:Fairy|263/263|[from] Parting Shot\n|\n|upkeep\n|turn|17\n|\n|t:|1781466744\n|switch|p1a: Seviper|Seviper, L93, F|287/287\n|move|p2a: Bellossom|Strength Sap|p1a: Seviper\n|-unboost|p1a: Seviper|atk|1\n|\n|-fieldend|move: Electric Terrain\n|upkeep\n|turn|18\n|\n|t:|1781466751\n|switch|p2a: Pecharunt|Pecharunt, L77|120/262\n|move|p1a: Seviper|Swords Dance|p1a: Seviper\n|-boost|p1a: Seviper|atk|2\n|\n|upkeep\n|turn|19\n|c|\u2606shyshedinja|gg\n|\n|t:|1781466759\n|move|p2a: Pecharunt|Parting Shot|p1a: Seviper\n|-unboost|p1a: Seviper|atk|1\n|-unboost|p1a: Seviper|spa|1\n|\n|t:|1781466760\n|switch|p2a: Bellossom|Bellossom, L84, M, tera:Fairy|263/263|[from] Parting Shot\n|move|p1a: Seviper|Trailblaze|p2a: Bellossom\n|-damage|p2a: Bellossom|219/263\n|-boost|p1a: Seviper|spe|1\n|\n|-heal|p2a: Bellossom|235/263|[from] item: Leftovers\n|upkeep\n|turn|20\n|\n|t:|1781466767\n|move|p1a: Seviper|Gunk Shot|p2a: Bellossom\n|-supereffective|p2a: Bellossom\n|-damage|p2a: Bellossom|0 fnt\n|faint|p2a: Bellossom\n|\n|upkeep\n|\n|t:|1781466768\n|switch|p2a: Pecharunt|Pecharunt, L77|120/262\n|turn|21\n|\n|t:|1781466770\n|move|p1a: Seviper|Earthquake|p2a: Pecharunt\n|-supereffective|p2a: Pecharunt\n|-crit|p2a: Pecharunt\n|-damage|p2a: Pecharunt|0 fnt\n|faint|p2a: Pecharunt\n|\n|win|Flei\n|l|\u2606shyshedinja\n|player|p2|\n", "uploadtime": 1781466773, "views": 2, "formatid": "gen9randombattle", "rating": null, "private": 0, "password": null}