{"id": "gen9randombattle-2631921892", "format": "[Gen 9] Random Battle", "players": ["Micael Lopes", "Hidbafukdzbvsdkub"], "log": "|j|\u2606Micael Lopes\n|j|\u2606Hidbafukdzbvsdkub\n|t:|1781455906\n|gametype|singles\n|player|p1|Micael Lopes|benga|1671\n|player|p2|Hidbafukdzbvsdkub|unknown|1630\n|gen|9\n|tier|[Gen 9] Random Battle\n|rated|\n|rule|Species Clause: Limit one of each Pok\u00e9mon\n|rule|HP Percentage Mod: HP is shown in percentages\n|rule|Sleep Clause Mod: Limit one foe put to sleep\n|rule|Illusion Level Mod: Illusion disguises the Pok\u00e9mon's true level\n|\n|t:|1781455906\n|teamsize|p1|6\n|teamsize|p2|6\n|start\n|switch|p1a: Altaria|Altaria, L89, M|278/278\n|switch|p2a: Flutter Mane|Flutter Mane, L74|203/203\n|turn|1\n|inactive|Battle timer is ON: inactive players will automatically lose when time's up. (requested by Hidbafukdzbvsdkub)\n|inactive|Micael Lopes also wants the timer to be on.\n|\n|t:|1781455923\n|move|p2a: Flutter Mane|Moonblast|p1a: Altaria\n|-supereffective|p1a: Altaria\n|-damage|p1a: Altaria|26/278\n|move|p1a: Altaria|Brave Bird|p2a: Flutter Mane\n|-damage|p2a: Flutter Mane|43/203\n|-damage|p1a: Altaria|0 fnt|[from] Recoil\n|faint|p1a: Altaria\n|\n|upkeep\n|l|\u2606Hidbafukdzbvsdkub\n|inactive|Hidbafukdzbvsdkub disconnected and has a minute to reconnect!\n|player|p2|\n|\n|t:|1781455935\n|switch|p1a: Samurott|Samurott-Hisui, L77, F|265/265\n|turn|2\n|j|\u2606Hidbafukdzbvsdkub\n|inactive|Hidbafukdzbvsdkub reconnected and has 125 seconds left.\n|player|p2|Hidbafukdzbvsdkub|unknown|\n|inactive|Hidbafukdzbvsdkub has 120 seconds left.\n|l|\u2606Hidbafukdzbvsdkub\n|inactive|Hidbafukdzbvsdkub disconnected and has a minute to reconnect!\n|player|p2|\n|j|\u2606Hidbafukdzbvsdkub\n|inactive|Hidbafukdzbvsdkub reconnected and has 90 seconds left.\n|player|p2|Hidbafukdzbvsdkub|unknown|\n|\n|t:|1781455998\n|move|p2a: Flutter Mane|Moonblast|p1a: Samurott\n|-supereffective|p1a: Samurott\n|-damage|p1a: Samurott|0 fnt\n|faint|p1a: Samurott\n|\n|upkeep\n|\n|t:|1781456001\n|switch|p1a: Gyarados|Gyarados, L79, F|280/280\n|turn|3\n|\n|t:|1781456014\n|-end|p2a: Flutter Mane|Protosynthesis|[silent]\n|switch|p2a: Bombirdier|Bombirdier, L85, M|258/258\n|move|p1a: Gyarados|Dragon Dance|p1a: Gyarados\n|-boost|p1a: Gyarados|atk|1\n|-boost|p1a: Gyarados|spe|1\n|\n|upkeep\n|turn|4\n|\n|t:|1781456020\n|move|p1a: Gyarados|Waterfall|p2a: Bombirdier\n|-damage|p2a: Bombirdier|111/258\n|move|p2a: Bombirdier|Knock Off|p1a: Gyarados\n|-damage|p1a: Gyarados|156/280\n|-enditem|p1a: Gyarados|Heavy-Duty Boots|[from] move: Knock Off|[of] p2a: Bombirdier\n|\n|upkeep\n|turn|5\n|\n|t:|1781456030\n|move|p2a: Bombirdier|Sucker Punch|p1a: Gyarados\n|-damage|p1a: Gyarados|71/280\n|move|p1a: Gyarados|Waterfall|p2a: Bombirdier\n|-damage|p2a: Bombirdier|0 fnt\n|faint|p2a: Bombirdier\n|-ability|p1a: Gyarados|Moxie|boost\n|-boost|p1a: Gyarados|atk|1\n|\n|upkeep\n|\n|t:|1781456047\n|switch|p2a: Golem|Golem, L87, M|281/281\n|turn|6\n|\n|t:|1781456070\n|move|p1a: Gyarados|Waterfall|p2a: Golem\n|-supereffective|p2a: Golem\n|-ability|p2a: Golem|Sturdy\n|-damage|p2a: Golem|1/281\n|move|p2a: Golem|Explosion|p1a: Gyarados\n|-damage|p1a: Gyarados|0 fnt\n|faint|p2a: Golem\n|faint|p1a: Gyarados\n|\n|upkeep\n|\n|t:|1781456081\n|switch|p1a: Cryogonal|Cryogonal, L89|287/287\n|switch|p2a: Flareon|Flareon, L90, M|263/263\n|turn|7\n|\n|t:|1781456094\n|switch|p1a: Mabosstiff|Mabosstiff, L86, M|278/278\n|move|p2a: Flareon|Flare Blitz|p1a: Mabosstiff\n|-damage|p1a: Mabosstiff|89/278\n|-damage|p2a: Flareon|201/263|[from] Recoil\n|\n|-status|p2a: Flareon|tox|[from] item: Toxic Orb\n|upkeep\n|turn|8\n|\n|t:|1781456104\n|move|p1a: Mabosstiff|Crunch|p2a: Flareon\n|-damage|p2a: Flareon|3/263 tox\n|move|p2a: Flareon|Trailblaze|p1a: Mabosstiff\n|-damage|p1a: Mabosstiff|17/278\n|-boost|p2a: Flareon|spe|1\n|\n|-damage|p2a: Flareon|0 fnt|[from] psn\n|faint|p2a: Flareon\n|upkeep\n|\n|t:|1781456118\n|switch|p2a: Rillaboom|Rillaboom, L79, F|288/288\n|-fieldstart|move: Grassy Terrain|[from] ability: Grassy Surge|[of] p2a: Rillaboom\n|turn|9\n|\n|t:|1781456140\n|move|p1a: Mabosstiff|Crunch|p2a: Rillaboom\n|-crit|p2a: Rillaboom\n|-damage|p2a: Rillaboom|54/288\n|-unboost|p2a: Rillaboom|def|1\n|move|p2a: Rillaboom|Swords Dance|p2a: Rillaboom\n|-boost|p2a: Rillaboom|atk|2\n|\n|-heal|p1a: Mabosstiff|34/278|[from] Grassy Terrain\n|-heal|p2a: Rillaboom|72/288|[from] Grassy Terrain\n|upkeep\n|turn|10\n|inactive|Hidbafukdzbvsdkub has 120 seconds left.\n|\n|t:|1781456145\n|move|p2a: Rillaboom|Grassy Glide|p1a: Mabosstiff\n|-damage|p1a: Mabosstiff|0 fnt\n|faint|p1a: Mabosstiff\n|-damage|p2a: Rillaboom|44/288|[from] item: Life Orb\n|\n|-heal|p2a: Rillaboom|62/288|[from] Grassy Terrain\n|upkeep\n|l|\u2606Hidbafukdzbvsdkub\n|inactive|Hidbafukdzbvsdkub disconnected and has a minute to reconnect!\n|player|p2|\n|\n|t:|1781456167\n|switch|p1a: Plusle|Plusle, L95, M|268/268\n|turn|11\n|j|\u2606Hidbafukdzbvsdkub\n|inactive|Hidbafukdzbvsdkub reconnected and has 125 seconds left.\n|player|p2|Hidbafukdzbvsdkub|unknown|\n|\n|t:|1781456181\n|-terastallize|p1a: Plusle|Grass\n|move|p1a: Plusle|Alluring Voice|p2a: Rillaboom\n|-damage|p2a: Rillaboom|0 fnt\n|faint|p2a: Rillaboom\n|-damage|p1a: Plusle|242/268|[from] item: Life Orb\n|\n|-heal|p1a: Plusle|258/268|[from] Grassy Terrain\n|upkeep\n|\n|t:|1781456185\n|switch|p2a: Corviknight|Corviknight, L80, M|288/288\n|-ability|p2a: Corviknight|Pressure\n|turn|12\n|\n|t:|1781456193\n|-terastallize|p2a: Corviknight|Dragon\n|move|p1a: Plusle|Nasty Plot|p1a: Plusle\n|-boost|p1a: Plusle|spa|2\n|move|p2a: Corviknight|Brave Bird|p1a: Plusle\n|-supereffective|p1a: Plusle\n|-damage|p1a: Plusle|0 fnt\n|faint|p1a: Plusle\n|-damage|p2a: Corviknight|203/288|[from] Recoil\n|\n|-heal|p2a: Corviknight|221/288|[from] Grassy Terrain\n|upkeep\n|\n|t:|1781456196\n|switch|p1a: Cryogonal|Cryogonal, L89|287/287\n|turn|13\n|\n|t:|1781456201\n|move|p1a: Cryogonal|Rapid Spin|p2a: Corviknight\n|-damage|p2a: Corviknight|198/288\n|-boost|p1a: Cryogonal|spe|1\n|-damage|p1a: Cryogonal|240/287|[from] item: Rocky Helmet|[of] p2a: Corviknight\n|move|p2a: Corviknight|Body Press|p1a: Cryogonal\n|-supereffective|p1a: Cryogonal\n|-damage|p1a: Cryogonal|94/287\n|\n|-heal|p2a: Corviknight|216/288|[from] Grassy Terrain\n|-fieldend|move: Grassy Terrain\n|upkeep\n|turn|14\n|\n|t:|1781456206\n|move|p1a: Cryogonal|Ice Beam|p2a: Corviknight\n|-supereffective|p2a: Corviknight\n|-damage|p2a: Corviknight|6/288\n|move|p2a: Corviknight|Body Press|p1a: Cryogonal\n|-supereffective|p1a: Cryogonal\n|-damage|p1a: Cryogonal|0 fnt\n|faint|p1a: Cryogonal\n|\n|win|Hidbafukdzbvsdkub\n|raw|Micael Lopes's rating: 1689 &rarr; <strong>1666</strong><br />(-23 for losing)\n|raw|Hidbafukdzbvsdkub's rating: 1630 &rarr; <strong>1653</strong><br />(+23 for winning)\n|c|\u2606Micael Lopes|**__Sexy game.__**\n|c|\u2606Hidbafukdzbvsdkub|Gg :3\n|c|\u2606Hidbafukdzbvsdkub|Sorry that my Internet is really bad\n|c|\u2606Micael Lopes|;)\n|c|\u2606Hidbafukdzbvsdkub|I wasted a lot of your time\n|c|\u2606Micael Lopes|I was playing other games too, no worries.\n|c|\u2606Micael Lopes|Other batlles.\n|c|\u2606Hidbafukdzbvsdkub|Niceeeee byeeeee\n|c|\u2606Micael Lopes|battles*\n|l|\u2606Hidbafukdzbvsdkub\n|player|p2|\n", "uploadtime": 1781456272, "views": 2, "formatid": "gen9randombattle", "rating": 1653, "private": 0, "password": null}