{"id": "gen9randombattle-2631382322", "format": "[Gen 9] Random Battle", "players": ["Isitshine11", "Cygnus11235"], "log": "|j|\u2606Isitshine11\n|j|\u2606Cygnus11235\n|t:|1781378060\n|gametype|singles\n|player|p1|Isitshine11|medium|2025\n|player|p2|Cygnus11235|101|2026\n|gen|9\n|tier|[Gen 9] Random Battle\n|rated|\n|rule|Species Clause: Limit one of each Pok\u00e9mon\n|rule|HP Percentage Mod: HP is shown in percentages\n|rule|Sleep Clause Mod: Limit one foe put to sleep\n|rule|Illusion Level Mod: Illusion disguises the Pok\u00e9mon's true level\n|\n|t:|1781378060\n|teamsize|p1|6\n|teamsize|p2|6\n|start\n|switch|p1a: Iron Boulder|Iron Boulder, L77|265/265\n|switch|p2a: Houndoom|Houndoom, L87, M|272/272\n|turn|1\n|inactive|Battle timer is ON: inactive players will automatically lose when time's up. (requested by Isitshine11)\n|\n|t:|1781378077\n|switch|p2a: Wigglytuff|Wigglytuff, L96, M|424/424\n|move|p1a: Iron Boulder|Mighty Cleave|p2a: Wigglytuff\n|-damage|p2a: Wigglytuff|252/424\n|-damage|p1a: Iron Boulder|239/265|[from] item: Life Orb\n|\n|-heal|p2a: Wigglytuff|278/424|[from] item: Leftovers\n|upkeep\n|turn|2\n|\n|t:|1781378082\n|-end|p1a: Iron Boulder|Quark Drive|[silent]\n|switch|p1a: Vileplume|Vileplume, L85, M|266/266\n|move|p2a: Wigglytuff|Thunder Wave|p1a: Vileplume\n|-status|p1a: Vileplume|par\n|\n|-heal|p2a: Wigglytuff|304/424|[from] item: Leftovers\n|upkeep\n|turn|3\n|\n|t:|1781378094\n|switch|p2a: Tornadus|Tornadus-Therian, L79, M|254/254\n|move|p1a: Vileplume|Sludge Bomb|p2a: Tornadus\n|-damage|p2a: Tornadus|178/254\n|-status|p2a: Tornadus|psn\n|\n|-damage|p2a: Tornadus|147/254 psn|[from] psn\n|upkeep\n|turn|4\n|\n|t:|1781378102\n|switch|p1a: Volcanion|Volcanion, L79|255/255\n|move|p2a: Tornadus|Knock Off|p1a: Volcanion\n|-damage|p1a: Volcanion|205/255\n|-enditem|p1a: Volcanion|Assault Vest|[from] move: Knock Off|[of] p2a: Tornadus\n|\n|-damage|p2a: Tornadus|116/254 psn|[from] psn\n|upkeep\n|turn|5\n|\n|t:|1781378107\n|move|p2a: Tornadus|U-turn|p1a: Volcanion\n|-resisted|p1a: Volcanion\n|-damage|p1a: Volcanion|185/255\n|\n|t:|1781378113\n|switch|p2a: Dragalge|Dragalge, L88, M|258/258|[from] U-turn\n|move|p1a: Volcanion|Steam Eruption|p2a: Dragalge\n|-resisted|p2a: Dragalge\n|-damage|p2a: Dragalge|206/258\n|\n|-heal|p2a: Dragalge|222/258|[from] item: Leftovers\n|upkeep\n|turn|6\n|\n|t:|1781378123\n|switch|p1a: Forretress|Forretress, L84, F|263/263\n|move|p2a: Dragalge|Sludge Wave|p1a: Forretress\n|-immune|p1a: Forretress\n|\n|-heal|p2a: Dragalge|238/258|[from] item: Leftovers\n|upkeep\n|turn|7\n|\n|t:|1781378129\n|switch|p2a: Houndoom|Houndoom, L87, M|272/272\n|move|p1a: Forretress|Stealth Rock|p2a: Houndoom\n|-sidestart|p2: Cygnus11235|move: Stealth Rock\n|\n|upkeep\n|turn|8\n|\n|t:|1781378135\n|switch|p1a: Volcanion|Volcanion, L79|185/255\n|move|p2a: Houndoom|Fire Blast|p1a: Volcanion\n|-resisted|p1a: Volcanion\n|-damage|p1a: Volcanion|152/255\n|\n|upkeep\n|turn|9\n|\n|t:|1781378139\n|move|p2a: Houndoom|Dark Pulse|p1a: Volcanion\n|-damage|p1a: Volcanion|47/255\n|move|p1a: Volcanion|Steam Eruption|p2a: Houndoom\n|-supereffective|p2a: Houndoom\n|-damage|p2a: Houndoom|0 fnt\n|faint|p2a: Houndoom\n|\n|upkeep\n|\n|t:|1781378151\n|switch|p2a: Dedenne|Dedenne, L88, M|261/261\n|-damage|p2a: Dedenne|229/261|[from] Stealth Rock\n|turn|10\n|\n|t:|1781378157\n|switch|p1a: Vileplume|Vileplume, L85, M|266/266 par\n|move|p2a: Dedenne|Thunderbolt|p1a: Vileplume\n|-resisted|p1a: Vileplume\n|-damage|p1a: Vileplume|222/266 par\n|\n|-heal|p1a: Vileplume|238/266 par|[from] item: Leftovers\n|upkeep\n|turn|11\n|\n|t:|1781378165\n|move|p2a: Dedenne|Super Fang|p1a: Vileplume\n|-damage|p1a: Vileplume|119/266 par\n|move|p1a: Vileplume|Sludge Bomb|p2a: Dedenne\n|-supereffective|p2a: Dedenne\n|-damage|p2a: Dedenne|0 fnt\n|faint|p2a: Dedenne\n|\n|-heal|p1a: Vileplume|135/266 par|[from] item: Leftovers\n|upkeep\n|\n|t:|1781378172\n|switch|p2a: Tornadus|Tornadus-Therian, L79, M|200/254 psn\n|-damage|p2a: Tornadus|137/254 psn|[from] Stealth Rock\n|turn|12\n|\n|t:|1781378176\n|switch|p1a: Volcanion|Volcanion, L79|47/255\n|move|p2a: Tornadus|Bleakwind Storm|p1a: Volcanion\n|-damage|p1a: Volcanion|0 fnt\n|faint|p1a: Volcanion\n|\n|-damage|p2a: Tornadus|106/254 psn|[from] psn\n|upkeep\n|\n|t:|1781378188\n|switch|p1a: Drednaw|Drednaw, L81, M|278/278\n|turn|13\n|\n|t:|1781378197\n|move|p2a: Tornadus|U-turn|p1a: Drednaw\n|-damage|p1a: Drednaw|232/278\n|\n|t:|1781378203\n|switch|p2a: Dragalge|Dragalge, L88, M|238/258|[from] U-turn\n|-damage|p2a: Dragalge|206/258|[from] Stealth Rock\n|move|p1a: Drednaw|Shell Smash|p1a: Drednaw\n|-unboost|p1a: Drednaw|def|1\n|-unboost|p1a: Drednaw|spd|1\n|-boost|p1a: Drednaw|atk|2\n|-boost|p1a: Drednaw|spa|2\n|-boost|p1a: Drednaw|spe|2\n|-enditem|p1a: Drednaw|White Herb\n|-clearnegativeboost|p1a: Drednaw|[silent]\n|\n|-heal|p2a: Dragalge|222/258|[from] item: Leftovers\n|upkeep\n|turn|14\n|\n|t:|1781378209\n|-terastallize|p2a: Dragalge|Fighting\n|move|p1a: Drednaw|Earthquake|p2a: Dragalge\n|-damage|p2a: Dragalge|88/258\n|move|p2a: Dragalge|Focus Blast|p1a: Drednaw|[miss]\n|-miss|p2a: Dragalge|p1a: Drednaw\n|\n|-heal|p2a: Dragalge|104/258|[from] item: Leftovers\n|upkeep\n|turn|15\n|-message|Cygnus11235 forfeited.\n|\n|win|Isitshine11\n", "uploadtime": 1781378063, "views": 6, "formatid": "gen9randombattle", "rating": null, "private": 0, "password": null}