{"id": "gen9randombattle-2631865241", "format": "[Gen 9] Random Battle", "players": ["Robin blue 43", "Estrace"], "log": "|j|\u2606Robin blue 43\n|j|\u2606Estrace\n|t:|1781449715\n|gametype|singles\n|player|p1|Robin blue 43|170|1929\n|player|p2|Estrace|clair|1967\n|gen|9\n|tier|[Gen 9] Random Battle\n|rated|\n|rule|Species Clause: Limit one of each Pok\u00e9mon\n|rule|HP Percentage Mod: HP is shown in percentages\n|rule|Sleep Clause Mod: Limit one foe put to sleep\n|rule|Illusion Level Mod: Illusion disguises the Pok\u00e9mon's true level\n|\n|t:|1781449715\n|teamsize|p1|6\n|teamsize|p2|6\n|start\n|switch|p1a: Ursaluna|Ursaluna-Bloodmoon, L79, M|308/308\n|switch|p2a: Palafin|Palafin, L77, M|281/281\n|turn|1\n|inactive|Battle timer is ON: inactive players will automatically lose when time's up. (requested by Estrace)\n|\n|t:|1781449725\n|move|p2a: Palafin|Flip Turn|p1a: Ursaluna\n|-supereffective|p1a: Ursaluna\n|-damage|p1a: Ursaluna|194/308\n|\n|t:|1781449745\n|detailschange|p2a: Palafin|Palafin-Hero, L77, M\n|switch|p2a: Arceus|Arceus-Grass, L73|296/296|[from] Flip Turn\n|move|p1a: Ursaluna|Calm Mind|p1a: Ursaluna\n|-boost|p1a: Ursaluna|spa|1\n|-boost|p1a: Ursaluna|spd|1\n|\n|-heal|p1a: Ursaluna|213/308|[from] item: Leftovers\n|upkeep\n|turn|2\n|\n|t:|1781449751\n|move|p2a: Arceus|Judgment|p1a: Ursaluna\n|-supereffective|p1a: Ursaluna\n|-damage|p1a: Ursaluna|15/308\n|move|p1a: Ursaluna|Blood Moon|p2a: Arceus\n|-damage|p2a: Arceus|76/296\n|\n|-heal|p1a: Ursaluna|34/308|[from] item: Leftovers\n|upkeep\n|turn|3\n|\n|t:|1781449760\n|move|p2a: Arceus|Judgment|p1a: Ursaluna\n|-supereffective|p1a: Ursaluna\n|-crit|p1a: Ursaluna\n|-damage|p1a: Ursaluna|0 fnt\n|faint|p1a: Ursaluna\n|\n|upkeep\n|\n|t:|1781449769\n|switch|p1a: Greninja|Greninja, L80, M|246/246\n|turn|4\n|\n|t:|1781449789\n|switch|p2a: Salazzle|Salazzle, L83, F|249/249\n|move|p1a: Greninja|Gunk Shot|p2a: Salazzle|[miss]\n|-miss|p1a: Greninja|p2a: Salazzle\n|\n|upkeep\n|turn|5\n|\n|t:|1781449804\n|switch|p2a: Palafin|Palafin-Hero, L77, M|281/281\n|-activate|p2a: Palafin|ability: Zero to Hero\n|move|p1a: Greninja|Hydro Pump|p2a: Palafin|[miss]\n|-miss|p1a: Greninja|p2a: Palafin\n|\n|upkeep\n|turn|6\n|\n|t:|1781449810\n|move|p1a: Greninja|Dark Pulse|p2a: Palafin\n|-crit|p2a: Palafin\n|-damage|p2a: Palafin|94/281\n|-damage|p1a: Greninja|222/246|[from] item: Life Orb\n|cant|p2a: Palafin|flinch\n|\n|upkeep\n|turn|7\n|c|\u2606Robin blue 43|I hate\n|c|\u2606Robin blue 43|it\n|c|\u2606Estrace|lol\n|c|\u2606Estrace|hax\n|c|\u2606Estrace|it giveth\n|c|\u2606Estrace|it taketh\n|c|\u2606Robin blue 43|Bro\n|c|\u2606Robin blue 43|i missed 2 moves\n|c|\u2606Robin blue 43|only fair\n|c|\u2606Estrace|i just said it giveth it taketh\n|inactive|Estrace has 120 seconds left.\n|c|\u2606Estrace|whats your problem\n|c|\u2606Estrace|actually agreeing with you\n|c|\u2606Robin blue 43|My problem is that i am dumb\n|c|\u2606Robin blue 43|af\n|\n|t:|1781449854\n|switch|p2a: Arceus|Arceus-Grass, L73|76/296\n|move|p1a: Greninja|Dark Pulse|p2a: Arceus\n|-damage|p2a: Arceus|0 fnt\n|faint|p2a: Arceus\n|-ability|p1a: Greninja|Battle Bond|boost\n|-boost|p1a: Greninja|atk|1\n|-boost|p1a: Greninja|spa|1\n|-boost|p1a: Greninja|spe|1\n|-activate|p1a: Greninja|ability: Battle Bond\n|-damage|p1a: Greninja|198/246|[from] item: Life Orb\n|\n|upkeep\n|c|\u2606Robin blue 43|Well\n|\n|t:|1781449865\n|switch|p2a: Salazzle|Salazzle, L83, F|249/249\n|turn|8\n|\n|t:|1781449870\n|-terastallize|p2a: Salazzle|Grass\n|move|p1a: Greninja|Dark Pulse|p2a: Salazzle\n|-damage|p2a: Salazzle|19/249\n|-damage|p1a: Greninja|174/246|[from] item: Life Orb\n|cant|p2a: Salazzle|flinch\n|\n|-heal|p2a: Salazzle|34/249|[from] item: Leftovers\n|upkeep\n|turn|9\n|c|\u2606Robin blue 43|Lol\n|\n|t:|1781449882\n|move|p1a: Greninja|Dark Pulse|p2a: Salazzle\n|-damage|p2a: Salazzle|0 fnt\n|faint|p2a: Salazzle\n|-damage|p1a: Greninja|150/246|[from] item: Life Orb\n|\n|upkeep\n|\n|t:|1781449885\n|switch|p2a: Manaphy|Manaphy, L78|284/284\n|turn|10\n|\n|t:|1781449889\n|move|p1a: Greninja|Dark Pulse|p2a: Manaphy\n|-damage|p2a: Manaphy|123/284\n|-damage|p1a: Greninja|126/246|[from] item: Life Orb\n|move|p2a: Manaphy|Energy Ball|p1a: Greninja\n|-supereffective|p1a: Greninja\n|-damage|p1a: Greninja|0 fnt\n|faint|p1a: Greninja\n|\n|-heal|p2a: Manaphy|140/284|[from] item: Leftovers\n|upkeep\n|\n|t:|1781449900\n|switch|p1a: Squawkabilly|Squawkabilly-White, L89, F|291/291\n|turn|11\n|\n|t:|1781449916\n|switch|p2a: Armarouge|Armarouge, L80, F|267/267\n|move|p1a: Squawkabilly|Brave Bird|p2a: Armarouge|[miss]\n|-miss|p1a: Squawkabilly|p2a: Armarouge\n|\n|upkeep\n|turn|12\n|c|\u2606Robin blue 43|:D\n|inactive|Estrace has 120 seconds left.\n|c|\u2606Robin blue 43|You gonna win here\n|c|\u2606Estrace|you really don't need to :D after the flinches\n|c|\u2606Estrace|like\n|c|\u2606Robin blue 43|Bro\n|c|\u2606Robin blue 43|you win this\n|c|\u2606Estrace|if anything i'm the one getting fucked here\n|\n|t:|1781449948\n|move|p1a: Squawkabilly|Brave Bird|p2a: Armarouge\n|-damage|p2a: Armarouge|0 fnt\n|faint|p2a: Armarouge\n|-damage|p1a: Squawkabilly|203/291|[from] Recoil\n|\n|upkeep\n|\n|t:|1781449953\n|switch|p2a: Mewtwo|Mewtwo, L72|272/272\n|-ability|p2a: Mewtwo|Unnerve\n|turn|13\n|\n|t:|1781449960\n|switch|p1a: Gholdengo|Gholdengo, L77|261/261\n|move|p2a: Mewtwo|Psystrike|p1a: Gholdengo\n|-resisted|p1a: Gholdengo\n|-damage|p1a: Gholdengo|188/261\n|-damage|p2a: Mewtwo|245/272|[from] item: Life Orb\n|\n|upkeep\n|turn|14\n|inactive|Estrace has 120 seconds left.\n|\n|t:|1781449970\n|move|p1a: Gholdengo|Shadow Ball|p2a: Mewtwo\n|-supereffective|p2a: Mewtwo\n|-damage|p2a: Mewtwo|35/272\n|move|p2a: Mewtwo|Dark Pulse|p1a: Gholdengo\n|-supereffective|p1a: Gholdengo\n|-damage|p1a: Gholdengo|9/261\n|-damage|p2a: Mewtwo|8/272|[from] item: Life Orb\n|\n|upkeep\n|turn|15\n|\n|t:|1781449977\n|switch|p2a: Manaphy|Manaphy, L78|140/284\n|move|p1a: Gholdengo|Shadow Ball|p2a: Manaphy\n|-damage|p2a: Manaphy|49/284\n|\n|-heal|p2a: Manaphy|66/284|[from] item: Leftovers\n|upkeep\n|turn|16\n|\n|t:|1781449981\n|move|p1a: Gholdengo|Shadow Ball|p2a: Manaphy\n|-damage|p2a: Manaphy|0 fnt\n|faint|p2a: Manaphy\n|\n|upkeep\n|\n|t:|1781449982\n|switch|p2a: Palafin|Palafin-Hero, L77, M|94/281\n|turn|17\n|\n|t:|1781449987\n|switch|p1a: Hitmonchan|Hitmonchan, L87, M|229/229\n|move|p2a: Palafin|Jet Punch|p1a: Hitmonchan\n|-damage|p1a: Hitmonchan|109/229\n|\n|-heal|p1a: Hitmonchan|123/229|[from] item: Leftovers\n|upkeep\n|turn|18\n|\n|t:|1781449993\n|move|p2a: Palafin|Jet Punch|p1a: Hitmonchan\n|-damage|p1a: Hitmonchan|6/229\n|move|p1a: Hitmonchan|Drain Punch|p2a: Palafin\n|-damage|p2a: Palafin|0 fnt\n|-heal|p1a: Hitmonchan|53/229|[from] drain|[of] p2a: Palafin\n|faint|p2a: Palafin\n|\n|-heal|p1a: Hitmonchan|67/229|[from] item: Leftovers\n|upkeep\n|c|\u2606Robin blue 43|Well\n|c|\u2606Estrace|now stop whining. annoying ass\n|\n|t:|1781450002\n|switch|p2a: Mewtwo|Mewtwo, L72|8/272\n|-ability|p2a: Mewtwo|Unnerve\n|turn|19\n|c|\u2606Robin blue 43|Why\n|c|\u2606Robin blue 43|tf did you gave me the boost\n|-message|Estrace forfeited.\n|\n|win|Robin blue 43\n", "uploadtime": 1781449717, "views": 11, "formatid": "gen9randombattle", "rating": null, "private": 0, "password": null}