{"id": "gen9randombattle-2631769994", "format": "[Gen 9] Random Battle", "players": ["NagaIsIced", "Phoenix666666"], "log": "|j|\u2606NagaIsIced\n|j|\u2606Phoenix666666\n|t:|1781436898\n|gametype|singles\n|player|p1|NagaIsIced|fisherman-gen4|1273\n|player|p2|Phoenix666666|266|1235\n|gen|9\n|tier|[Gen 9] Random Battle\n|rated|\n|rule|Species Clause: Limit one of each Pok\u00e9mon\n|rule|HP Percentage Mod: HP is shown in percentages\n|rule|Sleep Clause Mod: Limit one foe put to sleep\n|rule|Illusion Level Mod: Illusion disguises the Pok\u00e9mon's true level\n|\n|t:|1781436898\n|teamsize|p1|6\n|teamsize|p2|6\n|start\n|switch|p1a: Kingdra|Kingdra, L84, F|263/263\n|switch|p2a: Iron Jugulis|Iron Jugulis, L77|271/271\n|turn|1\n|\n|t:|1781436929\n|move|p2a: Iron Jugulis|Dark Pulse|p1a: Kingdra\n|-damage|p1a: Kingdra|176/263\n|move|p1a: Kingdra|Rain Dance|p1a: Kingdra\n|-weather|RainDance\n|\n|-weather|RainDance|[upkeep]\n|upkeep\n|turn|2\n|inactive|Battle timer is ON: inactive players will automatically lose when time's up. (requested by NagaIsIced)\n|\n|t:|1781436938\n|move|p1a: Kingdra|Hurricane|p2a: Iron Jugulis\n|-damage|p2a: Iron Jugulis|164/271\n|-start|p2a: Iron Jugulis|confusion\n|-damage|p1a: Kingdra|150/263|[from] item: Life Orb\n|-activate|p2a: Iron Jugulis|confusion\n|-damage|p2a: Iron Jugulis|147/271|[from] confusion\n|\n|-weather|RainDance|[upkeep]\n|upkeep\n|turn|3\n|\n|t:|1781436951\n|switch|p1a: Klawf|Klawf, L90, M|272/272\n|-activate|p2a: Iron Jugulis|confusion\n|-damage|p2a: Iron Jugulis|129/271|[from] confusion\n|\n|-weather|RainDance|[upkeep]\n|upkeep\n|turn|4\n|\n|t:|1781436959\n|-activate|p2a: Iron Jugulis|confusion\n|-damage|p2a: Iron Jugulis|110/271|[from] confusion\n|move|p1a: Klawf|Stealth Rock|p2a: Iron Jugulis\n|-sidestart|p2: Phoenix666666|move: Stealth Rock\n|\n|-weather|RainDance|[upkeep]\n|upkeep\n|turn|5\n|\n|t:|1781436966\n|-activate|p2a: Iron Jugulis|confusion\n|-damage|p2a: Iron Jugulis|92/271|[from] confusion\n|move|p1a: Klawf|Stone Edge|p2a: Iron Jugulis\n|-supereffective|p2a: Iron Jugulis\n|-crit|p2a: Iron Jugulis\n|-damage|p2a: Iron Jugulis|0 fnt\n|faint|p2a: Iron Jugulis\n|-end|p2a: Iron Jugulis|Quark Drive|[silent]\n|-damage|p1a: Klawf|245/272|[from] item: Life Orb\n|\n|-weather|none\n|upkeep\n|c|\u2606Phoenix666666|bad luck\n|\n|t:|1781436985\n|switch|p2a: Whiscash|Whiscash, L88, F|337/337\n|-damage|p2a: Whiscash|316/337|[from] Stealth Rock\n|turn|6\n|c|\u2606NagaIsIced|I think god owes you a prized lottery ticket after that one\n|\n|t:|1781437006\n|switch|p1a: Leafeon|Leafeon, L88, F|258/258\n|move|p2a: Whiscash|Dragon Dance|p2a: Whiscash\n|-boost|p2a: Whiscash|atk|1\n|-boost|p2a: Whiscash|spe|1\n|\n|upkeep\n|turn|7\n|c|\u2606Phoenix666666|h\u2006h\n|\n|t:|1781437028\n|switch|p2a: Iron Moth|Iron Moth, L78|253/253\n|move|p1a: Leafeon|Leaf Blade|p2a: Iron Moth\n|-resisted|p2a: Iron Moth\n|-damage|p2a: Iron Moth|216/253\n|\n|upkeep\n|turn|8\n|inactive|Phoenix666666 has 120 seconds left.\n|\n|t:|1781437057\n|switch|p1a: Klawf|Klawf, L90, M|272/272\n|move|p2a: Iron Moth|Toxic Spikes|p1a: Klawf\n|-sidestart|p1: NagaIsIced|move: Toxic Spikes\n|\n|upkeep\n|turn|9\n|inactive|Phoenix666666 has 120 seconds left.\n|\n|t:|1781437067\n|move|p2a: Iron Moth|U-turn|p1a: Klawf\n|-damage|p1a: Klawf|248/272\n|\n|t:|1781437070\n|-end|p2a: Iron Moth|Quark Drive|[silent]\n|switch|p2a: Whiscash|Whiscash, L88, F|316/337|[from] U-turn\n|-damage|p2a: Whiscash|295/337|[from] Stealth Rock\n|move|p1a: Klawf|High Horsepower|p2a: Whiscash\n|-damage|p2a: Whiscash|179/337\n|-damage|p1a: Klawf|221/272|[from] item: Life Orb\n|\n|upkeep\n|turn|10\n|\n|t:|1781437083\n|move|p1a: Klawf|Knock Off|p2a: Whiscash\n|-damage|p2a: Whiscash|66/337\n|-enditem|p2a: Whiscash|Life Orb|[from] move: Knock Off|[of] p1a: Klawf\n|-damage|p1a: Klawf|194/272|[from] item: Life Orb\n|move|p2a: Whiscash|Liquidation|p1a: Klawf\n|-supereffective|p1a: Klawf\n|-damage|p1a: Klawf|56/272\n|\n|upkeep\n|turn|11\n|\n|t:|1781437092\n|switch|p1a: Skuntank|Skuntank, L84, F|310/310\n|-sideend|p1: NagaIsIced|move: Toxic Spikes|[of] p1a: Skuntank\n|move|p2a: Whiscash|Liquidation|p1a: Skuntank\n|-crit|p1a: Skuntank\n|-damage|p1a: Skuntank|153/310\n|-unboost|p1a: Skuntank|def|1\n|\n|upkeep\n|turn|12\n|\n|t:|1781437102\n|move|p1a: Skuntank|Sucker Punch|p2a: Whiscash\n|-damage|p2a: Whiscash|0 fnt\n|faint|p2a: Whiscash\n|\n|upkeep\n|\n|t:|1781437119\n|switch|p2a: Iron Moth|Iron Moth, L78|216/253\n|turn|13\n|\n|t:|1781437125\n|move|p2a: Iron Moth|Fiery Dance|p1a: Skuntank\n|-damage|p1a: Skuntank|65/310\n|-boost|p2a: Iron Moth|spa|1\n|move|p1a: Skuntank|Knock Off|p2a: Iron Moth\n|-damage|p2a: Iron Moth|83/253\n|-enditem|p2a: Iron Moth|Heavy-Duty Boots|[from] move: Knock Off|[of] p1a: Skuntank\n|\n|upkeep\n|turn|14\n|\n|t:|1781437133\n|move|p1a: Skuntank|Sucker Punch|p2a: Iron Moth\n|-damage|p2a: Iron Moth|0 fnt\n|faint|p2a: Iron Moth\n|-end|p2a: Iron Moth|Quark Drive|[silent]\n|\n|upkeep\n|inactive|Phoenix666666 has 120 seconds left.\n|\n|t:|1781437163\n|switch|p2a: Arboliva|Arboliva, L91, F|290/290\n|-damage|p2a: Arboliva|254/290|[from] Stealth Rock\n|turn|15\n|inactive|Phoenix666666 has 120 seconds left.\n|inactive|Phoenix666666 has 90 seconds left.\n|c|\u2606Phoenix666666|GG\n|c|\u2606NagaIsIced|Gg\n|-message|Phoenix666666 forfeited.\n|\n|win|NagaIsIced\n|raw|NagaIsIced's rating: 1273 &rarr; <strong>1295</strong><br />(+22 for winning)\n|raw|Phoenix666666's rating: 1235 &rarr; <strong>1213</strong><br />(-22 for losing)\n|l|\u2606Phoenix666666\n|player|p2|\n", "uploadtime": 1781437225, "views": 8, "formatid": "gen9randombattle", "rating": 1213, "private": 0, "password": null}