{"id": "gen9randombattle-2631681422", "format": "[Gen 9] Random Battle", "players": ["Kelireki", "luq09"], "log": "|j|\u2606Kelireki\n|j|\u2606luq09\n|t:|1781420690\n|gametype|singles\n|player|p1|Kelireki|lucas|1199\n|player|p2|luq09|102|1251\n|gen|9\n|tier|[Gen 9] Random Battle\n|rated|\n|rule|Species Clause: Limit one of each Pok\u00e9mon\n|rule|HP Percentage Mod: HP is shown in percentages\n|rule|Sleep Clause Mod: Limit one foe put to sleep\n|rule|Illusion Level Mod: Illusion disguises the Pok\u00e9mon's true level\n|\n|t:|1781420690\n|teamsize|p1|6\n|teamsize|p2|6\n|start\n|switch|p1a: Clawitzer|Clawitzer, L87, M|265/265\n|switch|p2a: Drednaw|Drednaw, L81, F|278/278\n|turn|1\n|\n|t:|1781420726\n|switch|p2a: Noctowl|Noctowl, L95, M|344/344\n|move|p1a: Clawitzer|Aura Sphere|p2a: Noctowl\n|-damage|p2a: Noctowl|252/344\n|\n|upkeep\n|turn|2\n|inactive|Battle timer is ON: inactive players will automatically lose when time's up. (requested by luq09)\n|\n|t:|1781420740\n|move|p2a: Noctowl|Hyper Voice|p1a: Clawitzer\n|-damage|p1a: Clawitzer|199/265\n|move|p1a: Clawitzer|Dragon Pulse|p2a: Noctowl\n|-damage|p2a: Noctowl|165/344\n|\n|upkeep\n|turn|3\n|\n|t:|1781420749\n|move|p2a: Noctowl|Hurricane|p1a: Clawitzer\n|-damage|p1a: Clawitzer|111/265\n|move|p1a: Clawitzer|Water Pulse|p2a: Noctowl\n|-damage|p2a: Noctowl|69/344\n|\n|upkeep\n|turn|4\n|\n|t:|1781420755\n|move|p2a: Noctowl|Roost|p2a: Noctowl\n|-heal|p2a: Noctowl|241/344\n|-singleturn|p2a: Noctowl|move: Roost\n|move|p1a: Clawitzer|Water Pulse|p2a: Noctowl\n|-damage|p2a: Noctowl|132/344\n|\n|upkeep\n|turn|5\n|\n|t:|1781420768\n|switch|p1a: Avalugg|Avalugg-Hisui, L90, M|317/317\n|move|p2a: Noctowl|Roost|p2a: Noctowl\n|-heal|p2a: Noctowl|304/344\n|-singleturn|p2a: Noctowl|move: Roost\n|\n|upkeep\n|turn|6\n|\n|t:|1781420796\n|switch|p2a: Drednaw|Drednaw, L81, F|278/278\n|move|p1a: Avalugg|Stone Edge|p2a: Drednaw\n|-crit|p2a: Drednaw\n|-damage|p2a: Drednaw|37/278\n|\n|upkeep\n|turn|7\n|\n|t:|1781420810\n|move|p2a: Drednaw|Stone Edge|p1a: Avalugg|[miss]\n|-miss|p2a: Drednaw|p1a: Avalugg\n|move|p1a: Avalugg|Rapid Spin|p2a: Drednaw\n|-resisted|p2a: Drednaw\n|-damage|p2a: Drednaw|9/278\n|-boost|p1a: Avalugg|spe|1\n|\n|upkeep\n|turn|8\n|\n|t:|1781420822\n|move|p1a: Avalugg|Rapid Spin|p2a: Drednaw\n|-resisted|p2a: Drednaw\n|-damage|p2a: Drednaw|0 fnt\n|-boost|p1a: Avalugg|spe|1\n|faint|p2a: Drednaw\n|\n|upkeep\n|\n|t:|1781420837\n|switch|p2a: Weavile|Weavile, L79, F|240/240\n|turn|9\n|\n|t:|1781420846\n|move|p2a: Weavile|Low Kick|p1a: Avalugg\n|-supereffective|p1a: Avalugg\n|-damage|p1a: Avalugg|129/317\n|move|p1a: Avalugg|Stone Edge|p2a: Weavile\n|-supereffective|p2a: Weavile\n|-damage|p2a: Weavile|0 fnt\n|faint|p2a: Weavile\n|\n|upkeep\n|\n|t:|1781420853\n|switch|p2a: Mienshao|Mienshao, L83, F|243/243\n|turn|10\n|\n|t:|1781420861\n|move|p2a: Mienshao|High Jump Kick|p1a: Avalugg\n|-supereffective|p1a: Avalugg\n|-damage|p1a: Avalugg|0 fnt\n|faint|p1a: Avalugg\n|\n|upkeep\n|\n|t:|1781420881\n|switch|p1a: Bellossom|Bellossom, L84, M|263/263\n|turn|11\n|\n|t:|1781420887\n|switch|p2a: Noctowl|Noctowl, L95, M|304/344\n|move|p1a: Bellossom|Sludge Bomb|p2a: Noctowl\n|-damage|p2a: Noctowl|253/344\n|\n|upkeep\n|turn|12\n|\n|t:|1781420915\n|switch|p1a: Tatsugiri|Tatsugiri, L87, F|260/260\n|move|p2a: Noctowl|Hurricane|p1a: Tatsugiri\n|-damage|p1a: Tatsugiri|145/260\n|\n|upkeep\n|turn|13\n|\n|t:|1781420926\n|move|p1a: Tatsugiri|Hydro Pump|p2a: Noctowl\n|-damage|p2a: Noctowl|129/344\n|move|p2a: Noctowl|Roost|p2a: Noctowl\n|-heal|p2a: Noctowl|301/344\n|-singleturn|p2a: Noctowl|move: Roost\n|\n|upkeep\n|turn|14\n|\n|t:|1781420934\n|move|p1a: Tatsugiri|Draco Meteor|p2a: Noctowl\n|-damage|p2a: Noctowl|153/344\n|-unboost|p1a: Tatsugiri|spa|2\n|move|p2a: Noctowl|Hyper Voice|p1a: Tatsugiri\n|-damage|p1a: Tatsugiri|52/260\n|\n|upkeep\n|turn|15\n|\n|t:|1781420942\n|move|p1a: Tatsugiri|Hydro Pump|p2a: Noctowl\n|-damage|p2a: Noctowl|87/344\n|move|p2a: Noctowl|Roost|p2a: Noctowl\n|-heal|p2a: Noctowl|259/344\n|-singleturn|p2a: Noctowl|move: Roost\n|\n|upkeep\n|turn|16\n|\n|t:|1781420950\n|move|p1a: Tatsugiri|Draco Meteor|p2a: Noctowl\n|-damage|p2a: Noctowl|186/344\n|-unboost|p1a: Tatsugiri|spa|2\n|move|p2a: Noctowl|Hyper Voice|p1a: Tatsugiri\n|-damage|p1a: Tatsugiri|0 fnt\n|faint|p1a: Tatsugiri\n|\n|upkeep\n|\n|t:|1781420959\n|switch|p1a: Gothitelle|Gothitelle, L90, F|272/272\n|turn|17\n|\n|t:|1781420970\n|move|p2a: Noctowl|Roost|p2a: Noctowl\n|-heal|p2a: Noctowl|344/344\n|-singleturn|p2a: Noctowl|move: Roost\n|move|p1a: Gothitelle|Psychic Noise|p2a: Noctowl\n|-damage|p2a: Noctowl|262/344\n|-start|p2a: Noctowl|move: Heal Block\n|\n|upkeep\n|turn|18\n|\n|t:|1781420989\n|move|p2a: Noctowl|Hurricane|p1a: Gothitelle\n|-damage|p1a: Gothitelle|163/272\n|-start|p1a: Gothitelle|confusion\n|-activate|p1a: Gothitelle|confusion\n|move|p1a: Gothitelle|Dark Pulse|p2a: Noctowl\n|-damage|p2a: Noctowl|211/344\n|\n|-heal|p1a: Gothitelle|180/272|[from] item: Leftovers\n|-end|p2a: Noctowl|move: Heal Block\n|upkeep\n|turn|19\n|\n|t:|1781421003\n|switch|p1a: Revavroom|Revavroom, L79, M|256/256\n|move|p2a: Noctowl|Roost|p2a: Noctowl\n|-heal|p2a: Noctowl|344/344\n|-singleturn|p2a: Noctowl|move: Roost\n|\n|upkeep\n|turn|20\n|\n|t:|1781421017\n|switch|p2a: Mienshao|Mienshao, L83, F|243/243\n|move|p1a: Revavroom|Gunk Shot|p2a: Mienshao\n|-damage|p2a: Mienshao|27/243\n|-damage|p1a: Revavroom|231/256|[from] item: Life Orb\n|\n|upkeep\n|turn|21\n|\n|t:|1781421024\n|move|p2a: Mienshao|High Jump Kick|p1a: Revavroom\n|-damage|p1a: Revavroom|0 fnt\n|faint|p1a: Revavroom\n|\n|upkeep\n|\n|t:|1781421030\n|switch|p1a: Clawitzer|Clawitzer, L87, M|111/265\n|turn|22\n|\n|t:|1781421034\n|move|p2a: Mienshao|High Jump Kick|p1a: Clawitzer\n|-damage|p1a: Clawitzer|0 fnt\n|faint|p1a: Clawitzer\n|\n|upkeep\n|\n|t:|1781421039\n|switch|p1a: Bellossom|Bellossom, L84, M|263/263\n|turn|23\n|\n|t:|1781421045\n|move|p2a: Mienshao|High Jump Kick|p1a: Bellossom|[miss]\n|-miss|p2a: Mienshao|p1a: Bellossom\n|-damage|p2a: Mienshao|0 fnt|[from] highjumpkick\n|faint|p2a: Mienshao\n|move|p1a: Bellossom|Giga Drain|p2: Mienshao|[notarget]\n|-fail|p1a: Bellossom\n|\n|upkeep\n|\n|t:|1781421055\n|switch|p2a: Noctowl|Noctowl, L95, M|344/344\n|turn|24\n|\n|t:|1781421059\n|move|p2a: Noctowl|Hurricane|p1a: Bellossom\n|-supereffective|p1a: Bellossom\n|-damage|p1a: Bellossom|21/263\n|move|p1a: Bellossom|Sludge Bomb|p2a: Noctowl\n|-damage|p2a: Noctowl|291/344\n|\n|-heal|p1a: Bellossom|37/263|[from] item: Leftovers\n|upkeep\n|turn|25\n|\n|t:|1781421068\n|move|p2a: Noctowl|Hyper Voice|p1a: Bellossom\n|-damage|p1a: Bellossom|0 fnt\n|faint|p1a: Bellossom\n|\n|upkeep\n|\n|t:|1781421072\n|switch|p1a: Gothitelle|Gothitelle, L90, F|180/272\n|turn|26\n|\n|t:|1781421075\n|move|p2a: Noctowl|Hyper Voice|p1a: Gothitelle\n|-damage|p1a: Gothitelle|87/272\n|move|p1a: Gothitelle|Psychic Noise|p2a: Noctowl\n|-damage|p2a: Noctowl|221/344\n|-start|p2a: Noctowl|move: Heal Block\n|\n|-heal|p1a: Gothitelle|104/272|[from] item: Leftovers\n|upkeep\n|turn|27\n|\n|t:|1781421084\n|move|p2a: Noctowl|Hyper Voice|p1a: Gothitelle\n|-damage|p1a: Gothitelle|20/272\n|move|p1a: Gothitelle|Focus Blast|p2a: Noctowl|[miss]\n|-miss|p1a: Gothitelle|p2a: Noctowl\n|\n|-heal|p1a: Gothitelle|37/272|[from] item: Leftovers\n|-end|p2a: Noctowl|move: Heal Block\n|upkeep\n|turn|28\n|\n|t:|1781421092\n|move|p2a: Noctowl|Hyper Voice|p1a: Gothitelle\n|-damage|p1a: Gothitelle|0 fnt\n|faint|p1a: Gothitelle\n|\n|win|luq09\n|raw|Kelireki's rating: 1199 &rarr; <strong>1178</strong><br />(-21 for losing)\n|raw|luq09's rating: 1251 &rarr; <strong>1272</strong><br />(+21 for winning)\n", "uploadtime": 1781421096, "views": 2, "formatid": "gen9randombattle", "rating": 1178, "private": 0, "password": null}