{"id": "gen9randombattle-2631543815", "format": "[Gen 9] Random Battle", "players": ["Emily Montes", "Undertaker67"], "log": "|j|\u2606Emily Montes\n|j|\u2606Undertaker67\n|t:|1781399121\n|gametype|singles\n|player|p1|Emily Montes|pokekid|2018\n|player|p2|Undertaker67|n|2004\n|gen|9\n|tier|[Gen 9] Random Battle\n|rated|\n|rule|Species Clause: Limit one of each Pok\u00e9mon\n|rule|HP Percentage Mod: HP is shown in percentages\n|rule|Sleep Clause Mod: Limit one foe put to sleep\n|rule|Illusion Level Mod: Illusion disguises the Pok\u00e9mon's true level\n|\n|t:|1781399121\n|teamsize|p1|6\n|teamsize|p2|6\n|start\n|switch|p1a: Moltres|Moltres, L81|278/278\n|switch|p2a: Ting-Lu|Ting-Lu, L78|370/370\n|-ability|p2a: Ting-Lu|Vessel of Ruin\n|turn|1\n|inactive|Battle timer is ON: inactive players will automatically lose when time's up. (requested by Undertaker67)\n|\n|t:|1781399133\n|move|p1a: Moltres|U-turn|p2a: Ting-Lu\n|-supereffective|p2a: Ting-Lu\n|-damage|p2a: Ting-Lu|294/370\n|\n|t:|1781399135\n|switch|p1a: Umbreon|Umbreon, L84, M|297/297|[from] U-turn\n|move|p2a: Ting-Lu|Stealth Rock|p1a: Umbreon\n|-sidestart|p1: Emily Montes|move: Stealth Rock\n|\n|-heal|p2a: Ting-Lu|317/370|[from] item: Leftovers\n|upkeep\n|turn|2\n|\n|t:|1781399154\n|switch|p2a: Annihilape|Annihilape, L76, F|292/292\n|move|p1a: Umbreon|Toxic|p2a: Annihilape\n|-status|p2a: Annihilape|tox\n|\n|-damage|p2a: Annihilape|274/292 tox|[from] psn\n|upkeep\n|turn|3\n|\n|t:|1781399160\n|switch|p1a: Moltres|Moltres, L81|278/278\n|move|p2a: Annihilape|Bulk Up|p2a: Annihilape\n|-boost|p2a: Annihilape|atk|1\n|-boost|p2a: Annihilape|def|1\n|\n|-damage|p2a: Annihilape|238/292 tox|[from] psn\n|upkeep\n|turn|4\n|\n|t:|1781399180\n|-terastallize|p2a: Annihilape|Ghost\n|move|p1a: Moltres|Brave Bird|p2a: Annihilape\n|-crit|p2a: Annihilape\n|-damage|p2a: Annihilape|12/292 tox\n|-damage|p1a: Moltres|203/278|[from] Recoil\n|move|p2a: Annihilape|Rest|p2a: Annihilape\n|-status|p2a: Annihilape|slp|[from] move: Rest\n|-heal|p2a: Annihilape|292/292 slp|[silent]\n|-enditem|p2a: Annihilape|Chesto Berry|[eat]\n|-curestatus|p2a: Annihilape|slp|[msg]\n|\n|upkeep\n|turn|5\n|\n|t:|1781399205\n|switch|p1a: Umbreon|Umbreon, L84, M|297/297\n|-damage|p1a: Umbreon|260/297|[from] Stealth Rock\n|move|p2a: Annihilape|Rage Fist|p1a: Umbreon\n|-resisted|p1a: Umbreon\n|-damage|p1a: Umbreon|172/297\n|\n|-heal|p1a: Umbreon|190/297|[from] item: Leftovers\n|upkeep\n|turn|6\n|\n|t:|1781399210\n|-terastallize|p1a: Umbreon|Poison\n|move|p2a: Annihilape|Drain Punch|p1a: Umbreon\n|-resisted|p1a: Umbreon\n|-damage|p1a: Umbreon|145/297\n|move|p1a: Umbreon|Wish|p1a: Umbreon\n|\n|-heal|p1a: Umbreon|163/297|[from] item: Leftovers\n|upkeep\n|turn|7\n|\n|t:|1781399215\n|move|p2a: Annihilape|Bulk Up|p2a: Annihilape\n|-boost|p2a: Annihilape|atk|1\n|-boost|p2a: Annihilape|def|1\n|move|p1a: Umbreon|Toxic|p2a: Annihilape\n|-status|p2a: Annihilape|tox\n|\n|-heal|p1a: Umbreon|297/297|[from] move: Wish|[wisher] Umbreon\n|-damage|p2a: Annihilape|274/292 tox|[from] psn\n|upkeep\n|turn|8\n|\n|t:|1781399225\n|move|p1a: Umbreon|Protect|p1a: Umbreon\n|-singleturn|p1a: Umbreon|Protect\n|move|p2a: Annihilape|Bulk Up|p2a: Annihilape\n|-boost|p2a: Annihilape|atk|1\n|-boost|p2a: Annihilape|def|1\n|\n|-damage|p2a: Annihilape|238/292 tox|[from] psn\n|upkeep\n|turn|9\n|\n|t:|1781399228\n|move|p2a: Annihilape|Rage Fist|p1a: Umbreon\n|-damage|p1a: Umbreon|21/297\n|move|p1a: Umbreon|Foul Play|p2a: Annihilape\n|-supereffective|p2a: Annihilape\n|-damage|p2a: Annihilape|0 fnt\n|faint|p2a: Annihilape\n|\n|-heal|p1a: Umbreon|39/297|[from] item: Leftovers\n|upkeep\n|\n|t:|1781399245\n|switch|p2a: Medicham|Medicham, L86, M|243/243\n|turn|10\n|\n|t:|1781399250\n|move|p1a: Umbreon|Protect|p1a: Umbreon\n|-singleturn|p1a: Umbreon|Protect\n|move|p2a: Medicham|Zen Headbutt|p1a: Umbreon\n|-activate|p1a: Umbreon|move: Protect\n|\n|-heal|p1a: Umbreon|57/297|[from] item: Leftovers\n|upkeep\n|turn|11\n|\n|t:|1781399256\n|switch|p1a: Moltres|Moltres, L81|203/278\n|move|p2a: Medicham|Zen Headbutt|p1a: Moltres|[miss]\n|-miss|p2a: Medicham|p1a: Moltres\n|\n|upkeep\n|turn|12\n|\n|t:|1781399267\n|switch|p2a: Ting-Lu|Ting-Lu, L78|317/370\n|-ability|p2a: Ting-Lu|Vessel of Ruin\n|move|p1a: Moltres|Brave Bird|p2a: Ting-Lu\n|-damage|p2a: Ting-Lu|212/370\n|-damage|p1a: Moltres|168/278|[from] Recoil\n|\n|-heal|p2a: Ting-Lu|235/370|[from] item: Leftovers\n|upkeep\n|turn|13\n|\n|t:|1781399272\n|move|p1a: Moltres|Roost|p1a: Moltres\n|-heal|p1a: Moltres|278/278\n|-singleturn|p1a: Moltres|move: Roost\n|move|p2a: Ting-Lu|Payback|p1a: Moltres\n|-damage|p1a: Moltres|170/278\n|\n|-heal|p2a: Ting-Lu|258/370|[from] item: Leftovers\n|upkeep\n|turn|14\n|\n|t:|1781399281\n|switch|p1a: Feraligatr|Feraligatr, L79, F|264/264\n|-damage|p1a: Feraligatr|231/264|[from] Stealth Rock\n|move|p2a: Ting-Lu|Payback|p1a: Feraligatr\n|-damage|p1a: Feraligatr|177/264\n|\n|-heal|p2a: Ting-Lu|281/370|[from] item: Leftovers\n|upkeep\n|turn|15\n|\n|t:|1781399286\n|switch|p2a: Clefable|Clefable, L83, F|293/293\n|move|p1a: Feraligatr|Dragon Dance|p1a: Feraligatr\n|-boost|p1a: Feraligatr|atk|1\n|-boost|p1a: Feraligatr|spe|1\n|\n|upkeep\n|turn|16\n|\n|t:|1781399290\n|move|p1a: Feraligatr|Liquidation|p2a: Clefable\n|-damage|p2a: Clefable|129/293\n|move|p2a: Clefable|Thunder Wave|p1a: Feraligatr\n|-status|p1a: Feraligatr|par\n|\n|-heal|p2a: Clefable|147/293|[from] item: Leftovers\n|upkeep\n|turn|17\n|\n|t:|1781399295\n|move|p2a: Clefable|Moonlight|p2a: Clefable\n|-heal|p2a: Clefable|293/293\n|move|p1a: Feraligatr|Liquidation|p2a: Clefable\n|-damage|p2a: Clefable|121/293\n|\n|-heal|p2a: Clefable|139/293|[from] item: Leftovers\n|upkeep\n|turn|18\n|\n|t:|1781399302\n|move|p2a: Clefable|Moonlight|p2a: Clefable\n|-heal|p2a: Clefable|285/293\n|move|p1a: Feraligatr|Trailblaze|p2a: Clefable\n|-damage|p2a: Clefable|224/293\n|\n|-heal|p2a: Clefable|242/293|[from] item: Leftovers\n|upkeep\n|turn|19\n|inactive|Emily Montes has 120 seconds left.\n|\n|t:|1781399339\n|move|p2a: Clefable|Moonblast|p1a: Feraligatr\n|-damage|p1a: Feraligatr|71/264 par\n|-unboost|p1a: Feraligatr|spa|1\n|move|p1a: Feraligatr|Liquidation|p2a: Clefable\n|-damage|p2a: Clefable|82/293\n|\n|-heal|p2a: Clefable|100/293|[from] item: Leftovers\n|upkeep\n|turn|20\n|\n|t:|1781399346\n|switch|p1a: Chansey|Chansey, L85, F|564/564\n|-damage|p1a: Chansey|494/564|[from] Stealth Rock\n|move|p2a: Clefable|Moonlight|p2a: Clefable\n|-heal|p2a: Clefable|246/293\n|\n|-heal|p2a: Clefable|264/293|[from] item: Leftovers\n|upkeep\n|turn|21\n|\n|t:|1781399352\n|move|p2a: Clefable|Thunder Wave|p1a: Chansey\n|-status|p1a: Chansey|par\n|move|p1a: Chansey|Thunder Wave|p2a: Clefable\n|-status|p2a: Clefable|par\n|\n|-heal|p2a: Clefable|282/293 par|[from] item: Leftovers\n|upkeep\n|turn|22\n|\n|t:|1781399358\n|cant|p2a: Clefable|par\n|move|p1a: Chansey|Stealth Rock|p2a: Clefable\n|-sidestart|p2: Undertaker67|move: Stealth Rock\n|\n|-heal|p2a: Clefable|293/293 par|[from] item: Leftovers\n|upkeep\n|turn|23\n|\n|t:|1781399361\n|move|p2a: Clefable|Knock Off|p1a: Chansey\n|-damage|p1a: Chansey|376/564 par\n|-enditem|p1a: Chansey|Eviolite|[from] move: Knock Off|[of] p2a: Clefable\n|move|p1a: Chansey|Seismic Toss|p2a: Clefable\n|-damage|p2a: Clefable|208/293 par\n|\n|-heal|p2a: Clefable|226/293 par|[from] item: Leftovers\n|upkeep\n|turn|24\n|\n|t:|1781399379\n|move|p2a: Clefable|Moonlight|p2a: Clefable\n|-heal|p2a: Clefable|293/293 par\n|move|p1a: Chansey|Thunder Wave|p2a: Clefable\n|-fail|p2a: Clefable|par\n|\n|upkeep\n|turn|25\n|\n|t:|1781399384\n|move|p2a: Clefable|Moonblast|p1a: Chansey\n|-damage|p1a: Chansey|297/564 par\n|-unboost|p1a: Chansey|spa|1\n|cant|p1a: Chansey|par\n|\n|upkeep\n|turn|26\n|\n|t:|1781399390\n|switch|p2a: Ting-Lu|Ting-Lu, L78|281/370\n|-damage|p2a: Ting-Lu|258/370|[from] Stealth Rock\n|-ability|p2a: Ting-Lu|Vessel of Ruin\n|cant|p1a: Chansey|par\n|\n|-heal|p2a: Ting-Lu|281/370|[from] item: Leftovers\n|upkeep\n|turn|27\n|\n|t:|1781399397\n|-curestatus|p1a: Chansey|par|[from] ability: Natural Cure|[silent]\n|switch|p1a: Moltres|Moltres, L81|170/278\n|move|p2a: Ting-Lu|Payback|p1a: Moltres\n|-damage|p1a: Moltres|119/278\n|\n|-heal|p2a: Ting-Lu|304/370|[from] item: Leftovers\n|upkeep\n|turn|28\n|\n|t:|1781399403\n|move|p1a: Moltres|Roost|p1a: Moltres\n|-heal|p1a: Moltres|258/278\n|-singleturn|p1a: Moltres|move: Roost\n|move|p2a: Ting-Lu|Payback|p1a: Moltres\n|-damage|p1a: Moltres|161/278\n|-status|p2a: Ting-Lu|brn|[from] ability: Flame Body|[of] p1a: Moltres\n|\n|-heal|p2a: Ting-Lu|327/370 brn|[from] item: Leftovers\n|-damage|p2a: Ting-Lu|304/370 brn|[from] brn\n|upkeep\n|turn|29\n|\n|t:|1781399414\n|move|p1a: Moltres|Roost|p1a: Moltres\n|-heal|p1a: Moltres|278/278\n|-singleturn|p1a: Moltres|move: Roost\n|move|p2a: Ting-Lu|Payback|p1a: Moltres\n|-damage|p1a: Moltres|228/278\n|\n|-heal|p2a: Ting-Lu|327/370 brn|[from] item: Leftovers\n|-damage|p2a: Ting-Lu|304/370 brn|[from] brn\n|upkeep\n|turn|30\n|\n|t:|1781399417\n|move|p1a: Moltres|Fire Blast|p2a: Ting-Lu\n|-damage|p2a: Ting-Lu|196/370 brn\n|move|p2a: Ting-Lu|Payback|p1a: Moltres\n|-damage|p1a: Moltres|174/278\n|\n|-heal|p2a: Ting-Lu|219/370 brn|[from] item: Leftovers\n|-damage|p2a: Ting-Lu|196/370 brn|[from] brn\n|upkeep\n|turn|31\n|\n|t:|1781399422\n|move|p1a: Moltres|Fire Blast|p2a: Ting-Lu\n|-damage|p2a: Ting-Lu|76/370 brn\n|move|p2a: Ting-Lu|Payback|p1a: Moltres\n|-damage|p1a: Moltres|124/278\n|\n|-heal|p2a: Ting-Lu|99/370 brn|[from] item: Leftovers\n|-damage|p2a: Ting-Lu|76/370 brn|[from] brn\n|upkeep\n|turn|32\n|\n|t:|1781399425\n|move|p1a: Moltres|Roost|p1a: Moltres\n|-heal|p1a: Moltres|263/278\n|-singleturn|p1a: Moltres|move: Roost\n|move|p2a: Ting-Lu|Payback|p1a: Moltres\n|-damage|p1a: Moltres|212/278\n|\n|-heal|p2a: Ting-Lu|99/370 brn|[from] item: Leftovers\n|-damage|p2a: Ting-Lu|76/370 brn|[from] brn\n|upkeep\n|turn|33\n|\n|t:|1781399429\n|move|p1a: Moltres|Fire Blast|p2a: Ting-Lu|[miss]\n|-miss|p1a: Moltres|p2a: Ting-Lu\n|move|p2a: Ting-Lu|Payback|p1a: Moltres\n|-damage|p1a: Moltres|158/278\n|\n|-heal|p2a: Ting-Lu|99/370 brn|[from] item: Leftovers\n|-damage|p2a: Ting-Lu|76/370 brn|[from] brn\n|upkeep\n|turn|34\n|\n|t:|1781399431\n|move|p1a: Moltres|Roost|p1a: Moltres\n|-heal|p1a: Moltres|278/278\n|-singleturn|p1a: Moltres|move: Roost\n|move|p2a: Ting-Lu|Payback|p1a: Moltres\n|-damage|p1a: Moltres|221/278\n|\n|-heal|p2a: Ting-Lu|99/370 brn|[from] item: Leftovers\n|-damage|p2a: Ting-Lu|76/370 brn|[from] brn\n|upkeep\n|turn|35\n|\n|t:|1781399435\n|move|p1a: Moltres|Fire Blast|p2a: Ting-Lu\n|-damage|p2a: Ting-Lu|0 fnt\n|faint|p2a: Ting-Lu\n|\n|upkeep\n|\n|t:|1781399449\n|switch|p2a: Azumarill|Azumarill, L82, M|298/298\n|-damage|p2a: Azumarill|261/298|[from] Stealth Rock\n|turn|36\n|\n|t:|1781399454\n|switch|p1a: Feraligatr|Feraligatr, L79, F|71/264 par\n|-damage|p1a: Feraligatr|38/264 par|[from] Stealth Rock\n|move|p2a: Azumarill|Liquidation|p1a: Feraligatr\n|-resisted|p1a: Feraligatr\n|-damage|p1a: Feraligatr|0 fnt\n|faint|p1a: Feraligatr\n|\n|upkeep\n|\n|t:|1781399462\n|switch|p1a: Glaceon|Glaceon, L94, M|275/275\n|turn|37\n|\n|t:|1781399477\n|switch|p2a: Medicham|Medicham, L86, M|243/243\n|-damage|p2a: Medicham|228/243|[from] Stealth Rock\n|move|p1a: Glaceon|Freeze-Dry|p2a: Medicham\n|-damage|p2a: Medicham|95/243\n|-status|p2a: Medicham|frz\n|\n|upkeep\n|turn|38\n|\n|t:|1781399483\n|cant|p2a: Medicham|frz\n|move|p1a: Glaceon|Freeze-Dry|p2a: Medicham\n|-damage|p2a: Medicham|0 fnt\n|faint|p2a: Medicham\n|\n|upkeep\n|\n|t:|1781399490\n|switch|p2a: Terapagos|Terapagos, L77, M|265/265\n|-activate|p2a: Terapagos|ability: Tera Shift\n|detailschange|p2a: Terapagos|Terapagos-Terastal, L77, M\n|-heal|p2a: Terapagos|273/273|[silent]\n|turn|39\n|\n|t:|1781399496\n|move|p1a: Glaceon|Mud Shot|p2a: Terapagos\n|-activate|p2a: Terapagos|ability: Tera Shell\n|-resisted|p2a: Terapagos\n|-crit|p2a: Terapagos\n|-damage|p2a: Terapagos|230/273\n|-unboost|p2a: Terapagos|spe|1\n|move|p2a: Terapagos|Calm Mind|p2a: Terapagos\n|-boost|p2a: Terapagos|spa|1\n|-boost|p2a: Terapagos|spd|1\n|\n|upkeep\n|turn|40\n|\n|t:|1781399513\n|switch|p1a: Chansey|Chansey, L85, F|297/564\n|-damage|p1a: Chansey|227/564|[from] Stealth Rock\n|move|p2a: Terapagos|Rapid Spin|p1a: Chansey\n|-damage|p1a: Chansey|70/564\n|-boost|p2a: Terapagos|spe|1\n|-sideend|p2: Undertaker67|Stealth Rock|[from] move: Rapid Spin|[of] p2a: Terapagos\n|\n|upkeep\n|turn|41\n|\n|t:|1781399521\n|switch|p1a: Glaceon|Glaceon, L94, M|275/275\n|move|p2a: Terapagos|Tera Starstorm|p1a: Glaceon\n|-damage|p1a: Glaceon|140/275\n|\n|upkeep\n|turn|42\n|\n|t:|1781399528\n|move|p1a: Glaceon|Mud Shot|p2a: Terapagos\n|-damage|p2a: Terapagos|193/273\n|-unboost|p2a: Terapagos|spe|1\n|move|p2a: Terapagos|Calm Mind|p2a: Terapagos\n|-boost|p2a: Terapagos|spa|1\n|-boost|p2a: Terapagos|spd|1\n|\n|upkeep\n|turn|43\n|\n|t:|1781399532\n|move|p1a: Glaceon|Mud Shot|p2a: Terapagos|[miss]\n|-miss|p1a: Glaceon|p2a: Terapagos\n|move|p2a: Terapagos|Calm Mind|p2a: Terapagos\n|-boost|p2a: Terapagos|spa|1\n|-boost|p2a: Terapagos|spd|1\n|\n|upkeep\n|turn|44\n|\n|t:|1781399537\n|move|p1a: Glaceon|Mud Shot|p2a: Terapagos\n|-damage|p2a: Terapagos|168/273\n|-unboost|p2a: Terapagos|spe|1\n|move|p2a: Terapagos|Tera Starstorm|p1a: Glaceon\n|-damage|p1a: Glaceon|0 fnt\n|faint|p1a: Glaceon\n|\n|upkeep\n|\n|t:|1781399552\n|switch|p1a: Moltres|Moltres, L81|221/278\n|turn|45\n|\n|t:|1781399556\n|move|p1a: Moltres|Brave Bird|p2a: Terapagos\n|-damage|p2a: Terapagos|54/273\n|-damage|p1a: Moltres|183/278|[from] Recoil\n|move|p2a: Terapagos|Tera Starstorm|p1a: Moltres\n|-damage|p1a: Moltres|0 fnt\n|faint|p1a: Moltres\n|\n|upkeep\n|inactive|Emily Montes has 120 seconds left.\n|\n|t:|1781399597\n|switch|p1a: Umbreon|Umbreon, L84, M, tera:Poison|57/297\n|-damage|p1a: Umbreon|20/297|[from] Stealth Rock\n|turn|46\n|\n|t:|1781399604\n|move|p1a: Umbreon|Foul Play|p2a: Terapagos\n|-damage|p2a: Terapagos|0 fnt\n|faint|p2a: Terapagos\n|\n|-heal|p1a: Umbreon|38/297|[from] item: Leftovers\n|upkeep\n|\n|t:|1781399607\n|switch|p2a: Azumarill|Azumarill, L82, M|261/298\n|turn|47\n|\n|t:|1781399614\n|move|p1a: Umbreon|Protect|p1a: Umbreon\n|-singleturn|p1a: Umbreon|Protect\n|move|p2a: Azumarill|Aqua Jet|p1a: Umbreon\n|-activate|p1a: Umbreon|move: Protect\n|\n|-heal|p1a: Umbreon|56/297|[from] item: Leftovers\n|upkeep\n|turn|48\n|\n|t:|1781399621\n|switch|p1a: Chansey|Chansey, L85, F|70/564\n|-damage|p1a: Chansey|0 fnt|[from] Stealth Rock\n|faint|p1a: Chansey\n|move|p2a: Azumarill|Aqua Jet|p1: Chansey|[notarget]\n|-fail|p2a: Azumarill\n|\n|upkeep\n|\n|t:|1781399625\n|switch|p1a: Banette|Banette, L93, M|270/270\n|-damage|p1a: Banette|237/270|[from] Stealth Rock\n|turn|49\n|\n|t:|1781399630\n|switch|p2a: Clefable|Clefable, L83, F|293/293 par\n|move|p1a: Banette|Gunk Shot|p2a: Clefable\n|-supereffective|p2a: Clefable\n|-damage|p2a: Clefable|0 fnt\n|faint|p2a: Clefable\n|-damage|p1a: Banette|210/270|[from] item: Life Orb\n|\n|upkeep\n|\n|t:|1781399634\n|switch|p2a: Azumarill|Azumarill, L82, M|261/298\n|turn|50\n|\n|t:|1781399643\n|move|p1a: Banette|Gunk Shot|p2a: Azumarill\n|-supereffective|p2a: Azumarill\n|-damage|p2a: Azumarill|0 fnt\n|faint|p2a: Azumarill\n|-damage|p1a: Banette|183/270|[from] item: Life Orb\n|\n|win|Emily Montes\n", "uploadtime": 1781399123, "views": 6, "formatid": "gen9randombattle", "rating": null, "private": 0, "password": null}