{"id": "gen9randombattle-2631841234", "format": "[Gen 9] Random Battle", "players": ["KOUZHU301", "egbfdiowb"], "log": "|j|\u2606KOUZHU301\n|j|\u2606egbfdiowb\n|t:|1781446901\n|gametype|singles\n|player|p1|KOUZHU301|workerice|1000\n|player|p2|egbfdiowb|2|1000\n|gen|9\n|tier|[Gen 9] Random Battle\n|rated|\n|rule|Species Clause: Limit one of each Pok\u00e9mon\n|rule|HP Percentage Mod: HP is shown in percentages\n|rule|Sleep Clause Mod: Limit one foe put to sleep\n|rule|Illusion Level Mod: Illusion disguises the Pok\u00e9mon's true level\n|\n|t:|1781446901\n|teamsize|p1|6\n|teamsize|p2|6\n|start\n|switch|p1a: Whiscash|Whiscash, L88, F|337/337\n|switch|p2a: Yanmega|Yanmega, L82, M|275/275\n|turn|1\n|inactive|Battle timer is ON: inactive players will automatically lose when time's up. (requested by egbfdiowb)\n|\n|t:|1781446914\n|move|p2a: Yanmega|Bug Buzz|p1a: Whiscash\n|-damage|p1a: Whiscash|211/337\n|-unboost|p1a: Whiscash|spd|1\n|move|p1a: Whiscash|Stone Edge|p2a: Yanmega\n|-supereffective|p2a: Yanmega\n|-damage|p2a: Yanmega|0 fnt\n|faint|p2a: Yanmega\n|-damage|p1a: Whiscash|178/337|[from] item: Life Orb\n|\n|upkeep\n|\n|t:|1781446926\n|switch|p2a: Sceptile|Sceptile, L87, F|264/264\n|turn|2\n|\n|t:|1781446932\n|move|p2a: Sceptile|Substitute|p2a: Sceptile\n|-start|p2a: Sceptile|Substitute\n|-damage|p2a: Sceptile|198/264\n|move|p1a: Whiscash|Dragon Dance|p1a: Whiscash\n|-boost|p1a: Whiscash|atk|1\n|-boost|p1a: Whiscash|spe|1\n|\n|-heal|p2a: Sceptile|214/264|[from] item: Leftovers\n|upkeep\n|turn|3\n|\n|t:|1781446939\n|move|p2a: Sceptile|Giga Drain|p1a: Whiscash\n|-supereffective|p1a: Whiscash\n|-damage|p1a: Whiscash|0 fnt\n|-heal|p2a: Sceptile|264/264|[from] drain|[of] p1a: Whiscash\n|faint|p1a: Whiscash\n|\n|upkeep\n|\n|t:|1781446944\n|switch|p1a: Deoxys|Deoxys-Defense, L84|221/221\n|-ability|p1a: Deoxys|Pressure\n|turn|4\n|\n|t:|1781446953\n|move|p2a: Sceptile|Leech Seed|p1a: Deoxys\n|-start|p1a: Deoxys|move: Leech Seed\n|move|p1a: Deoxys|Cosmic Power|p1a: Deoxys\n|-boost|p1a: Deoxys|def|1\n|-boost|p1a: Deoxys|spd|1\n|\n|-damage|p1a: Deoxys|194/221|[from] Leech Seed|[of] p2a: Sceptile\n|upkeep\n|turn|5\n|\n|t:|1781446974\n|switch|p2a: Swalot|Swalot, L90, M|326/326\n|switch|p1a: Hatterene|Hatterene, L85, F|236/236\n|\n|upkeep\n|turn|6\n|\n|t:|1781446981\n|move|p2a: Swalot|Sludge Bomb|p1a: Hatterene\n|-supereffective|p1a: Hatterene\n|-damage|p1a: Hatterene|132/236\n|move|p1a: Hatterene|Psychic|p2a: Swalot\n|-supereffective|p2a: Swalot\n|-damage|p2a: Swalot|72/326\n|\n|-heal|p2a: Swalot|92/326|[from] item: Leftovers\n|upkeep\n|turn|7\n|\n|t:|1781446989\n|move|p2a: Swalot|Sludge Bomb|p1a: Hatterene\n|-supereffective|p1a: Hatterene\n|-damage|p1a: Hatterene|24/236\n|-status|p1a: Hatterene|psn\n|move|p1a: Hatterene|Psychic|p2a: Swalot\n|-supereffective|p2a: Swalot\n|-damage|p2a: Swalot|0 fnt\n|faint|p2a: Swalot\n|\n|-damage|p1a: Hatterene|0 fnt|[from] psn\n|faint|p1a: Hatterene\n|upkeep\n|\n|t:|1781447000\n|switch|p2a: Bruxish|Bruxish, L85, M|254/254\n|switch|p1a: Cinccino|Cinccino, L83, M|260/260\n|turn|8\n|\n|t:|1781447006\n|move|p1a: Cinccino|Tidy Up|p1a: Cinccino\n|-boost|p1a: Cinccino|atk|1\n|-boost|p1a: Cinccino|spe|1\n|move|p2a: Bruxish|Wave Crash|p1a: Cinccino\n|-damage|p1a: Cinccino|0 fnt\n|faint|p1a: Cinccino\n|-damage|p2a: Bruxish|168/254|[from] Recoil\n|\n|upkeep\n|\n|t:|1781447012\n|switch|p1a: Urshifu|Urshifu, L74, F|270/270\n|turn|9\n|\n|t:|1781447021\n|switch|p2a: Zamazenta|Zamazenta, L71|248/248\n|-ability|p2a: Zamazenta|Dauntless Shield|boost\n|-boost|p2a: Zamazenta|def|1\n|move|p1a: Urshifu|Wicked Blow|p2a: Zamazenta\n|-resisted|p2a: Zamazenta\n|-crit|p2a: Zamazenta\n|-damage|p2a: Zamazenta|177/248\n|-damage|p1a: Urshifu|243/270|[from] item: Life Orb\n|\n|-heal|p2a: Zamazenta|192/248|[from] item: Leftovers\n|upkeep\n|turn|10\n|\n|t:|1781447029\n|switch|p1a: Deoxys|Deoxys-Defense, L84|194/221\n|-ability|p1a: Deoxys|Pressure\n|move|p2a: Zamazenta|Iron Defense|p2a: Zamazenta\n|-boost|p2a: Zamazenta|def|2\n|\n|-heal|p2a: Zamazenta|207/248|[from] item: Leftovers\n|-heal|p1a: Deoxys|207/221|[from] item: Leftovers\n|upkeep\n|turn|11\n|\n|t:|1781447035\n|move|p2a: Zamazenta|Crunch|p1a: Deoxys\n|-supereffective|p1a: Deoxys\n|-damage|p1a: Deoxys|147/221\n|move|p1a: Deoxys|Cosmic Power|p1a: Deoxys\n|-boost|p1a: Deoxys|def|1\n|-boost|p1a: Deoxys|spd|1\n|\n|-heal|p2a: Zamazenta|222/248|[from] item: Leftovers\n|-heal|p1a: Deoxys|160/221|[from] item: Leftovers\n|upkeep\n|turn|12\n|\n|t:|1781447048\n|move|p2a: Zamazenta|Iron Defense|p2a: Zamazenta\n|-boost|p2a: Zamazenta|def|2\n|move|p1a: Deoxys|Cosmic Power|p1a: Deoxys\n|-boost|p1a: Deoxys|def|1\n|-boost|p1a: Deoxys|spd|1\n|\n|-heal|p2a: Zamazenta|237/248|[from] item: Leftovers\n|-heal|p1a: Deoxys|173/221|[from] item: Leftovers\n|upkeep\n|turn|13\n|\n|t:|1781447057\n|-terastallize|p2a: Zamazenta|Steel\n|move|p2a: Zamazenta|Body Press|p1a: Deoxys\n|-resisted|p1a: Deoxys\n|-crit|p1a: Deoxys\n|-damage|p1a: Deoxys|53/221\n|move|p1a: Deoxys|Cosmic Power|p1a: Deoxys\n|-boost|p1a: Deoxys|def|1\n|-boost|p1a: Deoxys|spd|1\n|\n|-heal|p2a: Zamazenta|248/248|[from] item: Leftovers\n|-heal|p1a: Deoxys|66/221|[from] item: Leftovers\n|upkeep\n|turn|14\n|\n|t:|1781447063\n|move|p2a: Zamazenta|Body Press|p1a: Deoxys\n|-resisted|p1a: Deoxys\n|-damage|p1a: Deoxys|33/221\n|move|p1a: Deoxys|Recover|p1a: Deoxys\n|-heal|p1a: Deoxys|144/221\n|\n|-heal|p1a: Deoxys|157/221|[from] item: Leftovers\n|upkeep\n|turn|15\n|\n|t:|1781447070\n|move|p2a: Zamazenta|Crunch|p1a: Deoxys\n|-supereffective|p1a: Deoxys\n|-damage|p1a: Deoxys|129/221\n|move|p1a: Deoxys|Cosmic Power|p1a: Deoxys\n|-boost|p1a: Deoxys|def|1\n|-boost|p1a: Deoxys|spd|1\n|\n|-heal|p1a: Deoxys|142/221|[from] item: Leftovers\n|upkeep\n|turn|16\n|-message|egbfdiowb forfeited.\n|\n|win|KOUZHU301\n|raw|KOUZHU301's rating: 1000 &rarr; <strong>1040</strong><br />(+40 for winning)\n|raw|egbfdiowb's rating: 1000 &rarr; <strong>1000</strong><br />(+0 for losing)\n|l|\u2606egbfdiowb\n|player|p2|\n", "uploadtime": 1781447079, "views": 3, "formatid": "gen9randombattle", "rating": 1000, "private": 0, "password": null}