{"id": "gen9randombattle-2631435291", "format": "[Gen 9] Random Battle", "players": ["Meowerdoom", "sweggitrash"], "log": "|j|\u2606Meowerdoom\n|j|\u2606sweggitrash\n|t:|1781384318\n|gametype|singles\n|player|p1|Meowerdoom|burgh|2076\n|player|p2|sweggitrash|102|2042\n|gen|9\n|tier|[Gen 9] Random Battle\n|rated|\n|rule|Species Clause: Limit one of each Pok\u00e9mon\n|rule|HP Percentage Mod: HP is shown in percentages\n|rule|Sleep Clause Mod: Limit one foe put to sleep\n|rule|Illusion Level Mod: Illusion disguises the Pok\u00e9mon's true level\n|\n|t:|1781384318\n|teamsize|p1|6\n|teamsize|p2|6\n|start\n|switch|p1a: Piloswine|Piloswine, L85, F|309/309\n|switch|p2a: Lokix|Lokix, L82, M|251/251\n|turn|1\n|\n|t:|1781384349\n|move|p2a: Lokix|Knock Off|p1a: Piloswine\n|-damage|p1a: Piloswine|218/309\n|-enditem|p1a: Piloswine|Eviolite|[from] move: Knock Off|[of] p2a: Lokix\n|-damage|p2a: Lokix|226/251|[from] item: Life Orb\n|move|p1a: Piloswine|Stealth Rock|p2a: Lokix\n|-sidestart|p2: sweggitrash|move: Stealth Rock\n|\n|upkeep\n|turn|2\n|\n|t:|1781384357\n|move|p2a: Lokix|Swords Dance|p2a: Lokix\n|-boost|p2a: Lokix|atk|2\n|move|p1a: Piloswine|Icicle Crash|p2a: Lokix\n|-damage|p2a: Lokix|126/251\n|\n|upkeep\n|turn|3\n|\n|t:|1781384361\n|move|p2a: Lokix|Leech Life|p1a: Piloswine\n|-damage|p1a: Piloswine|0 fnt\n|-heal|p2a: Lokix|235/251|[from] drain|[of] p1a: Piloswine\n|faint|p1a: Piloswine\n|-damage|p2a: Lokix|210/251|[from] item: Life Orb\n|\n|upkeep\n|\n|t:|1781384380\n|switch|p1a: Houndoom|Houndoom, L87, M|272/272\n|turn|4\n|inactive|Battle timer is ON: inactive players will automatically lose when time's up. (requested by Meowerdoom)\n|\n|t:|1781384443\n|move|p2a: Lokix|Sucker Punch|p1a: Houndoom\n|-resisted|p1a: Houndoom\n|-damage|p1a: Houndoom|20/272\n|-damage|p2a: Lokix|185/251|[from] item: Life Orb\n|move|p1a: Houndoom|Fire Blast|p2a: Lokix\n|-supereffective|p2a: Lokix\n|-damage|p2a: Lokix|0 fnt\n|faint|p2a: Lokix\n|\n|upkeep\n|\n|t:|1781384448\n|switch|p2a: Tentacruel|Tentacruel, L84, M|272/272\n|-damage|p2a: Tentacruel|238/272|[from] Stealth Rock\n|turn|5\n|\n|t:|1781384468\n|move|p1a: Houndoom|Sucker Punch|p2a: Tentacruel\n|-damage|p2a: Tentacruel|139/272\n|move|p2a: Tentacruel|Knock Off|p1a: Houndoom\n|-resisted|p1a: Houndoom\n|-damage|p1a: Houndoom|0 fnt\n|-enditem|p1a: Houndoom|Heavy-Duty Boots|[from] move: Knock Off|[of] p2a: Tentacruel\n|faint|p1a: Houndoom\n|\n|-heal|p2a: Tentacruel|156/272|[from] item: Leftovers\n|upkeep\n|\n|t:|1781384478\n|switch|p1a: Pachirisu|Pachirisu, L96, M|271/271\n|turn|6\n|inactive|sweggitrash has 120 seconds left.\n|\n|t:|1781384536\n|move|p1a: Pachirisu|Discharge|p2a: Tentacruel\n|-supereffective|p2a: Tentacruel\n|-damage|p2a: Tentacruel|54/272\n|move|p2a: Tentacruel|Knock Off|p1a: Pachirisu\n|-damage|p1a: Pachirisu|212/271\n|-enditem|p1a: Pachirisu|Heavy-Duty Boots|[from] move: Knock Off|[of] p2a: Tentacruel\n|\n|-heal|p2a: Tentacruel|71/272|[from] item: Leftovers\n|upkeep\n|turn|7\n|\n|t:|1781384549\n|switch|p2a: Forretress|Forretress, L84, M|263/263\n|-damage|p2a: Forretress|231/263|[from] Stealth Rock\n|move|p1a: Pachirisu|Discharge|p2a: Forretress\n|-damage|p2a: Forretress|147/263\n|\n|-heal|p2a: Forretress|163/263|[from] item: Leftovers\n|upkeep\n|turn|8\n|\n|t:|1781384560\n|move|p1a: Pachirisu|Discharge|p2a: Forretress\n|-crit|p2a: Forretress\n|-damage|p2a: Forretress|30/263\n|move|p2a: Forretress|Rapid Spin|p1a: Pachirisu\n|-damage|p1a: Pachirisu|176/271\n|-boost|p2a: Forretress|spe|1\n|-sideend|p2: sweggitrash|Stealth Rock|[from] move: Rapid Spin|[of] p2a: Forretress\n|\n|-heal|p2a: Forretress|46/263|[from] item: Leftovers\n|upkeep\n|turn|9\n|\n|t:|1781384571\n|move|p1a: Pachirisu|Discharge|p2a: Forretress\n|-damage|p2a: Forretress|0 fnt\n|faint|p2a: Forretress\n|\n|upkeep\n|\n|t:|1781384574\n|switch|p2a: Regidrago|Regidrago, L77|435/435\n|turn|10\n|\n|t:|1781384585\n|move|p1a: Pachirisu|Super Fang|p2a: Regidrago\n|-damage|p2a: Regidrago|218/435\n|move|p2a: Regidrago|Dragon Dance|p2a: Regidrago\n|-boost|p2a: Regidrago|atk|1\n|-boost|p2a: Regidrago|spe|1\n|\n|upkeep\n|turn|11\n|inactive|sweggitrash has 120 seconds left.\n|\n|t:|1781384592\n|move|p2a: Regidrago|Dragon Claw|p1a: Pachirisu\n|-damage|p1a: Pachirisu|0 fnt\n|faint|p1a: Pachirisu\n|-damage|p2a: Regidrago|175/435|[from] item: Life Orb\n|\n|upkeep\n|\n|t:|1781384605\n|switch|p1a: Vileplume|Vileplume, L85, F|266/266\n|turn|12\n|\n|t:|1781384616\n|move|p2a: Regidrago|Dragon Dance|p2a: Regidrago\n|-boost|p2a: Regidrago|atk|1\n|-boost|p2a: Regidrago|spe|1\n|move|p1a: Vileplume|Strength Sap|p2a: Regidrago\n|-unboost|p2a: Regidrago|atk|1\n|\n|upkeep\n|turn|13\n|inactive|sweggitrash has 120 seconds left.\n|\n|t:|1781384632\n|move|p2a: Regidrago|Dragon Dance|p2a: Regidrago\n|-boost|p2a: Regidrago|atk|1\n|-boost|p2a: Regidrago|spe|1\n|move|p1a: Vileplume|Sludge Bomb|p2a: Regidrago\n|-damage|p2a: Regidrago|3/435\n|\n|upkeep\n|turn|14\n|\n|t:|1781384635\n|move|p2a: Regidrago|Dragon Claw|p1a: Vileplume\n|-damage|p1a: Vileplume|0 fnt\n|faint|p1a: Vileplume\n|-damage|p2a: Regidrago|0 fnt|[from] item: Life Orb\n|faint|p2a: Regidrago\n|\n|upkeep\n|\n|t:|1781384648\n|switch|p2a: Copperajah|Copperajah, L86, F|350/350\n|switch|p1a: Articuno|Articuno, L86|295/295\n|-ability|p1a: Articuno|Pressure\n|turn|15\n|\n|t:|1781384656\n|move|p1a: Articuno|Freeze-Dry|p2a: Copperajah\n|-resisted|p2a: Copperajah\n|-damage|p2a: Copperajah|308/350\n|move|p2a: Copperajah|Iron Head|p1a: Articuno\n|-supereffective|p1a: Articuno\n|-damage|p1a: Articuno|0 fnt\n|faint|p1a: Articuno\n|\n|upkeep\n|\n|t:|1781384658\n|switch|p1a: Falinks|Falinks, L84|246/246\n|turn|16\n|inactive|sweggitrash has 120 seconds left.\n|\n|t:|1781384695\n|move|p1a: Falinks|No Retreat|p1a: Falinks\n|-boost|p1a: Falinks|atk|1\n|-boost|p1a: Falinks|def|1\n|-boost|p1a: Falinks|spa|1\n|-boost|p1a: Falinks|spd|1\n|-boost|p1a: Falinks|spe|1\n|-start|p1a: Falinks|move: No Retreat\n|move|p2a: Copperajah|Play Rough|p1a: Falinks|[miss]\n|-miss|p2a: Copperajah|p1a: Falinks\n|\n|upkeep\n|turn|17\n|inactive|sweggitrash has 120 seconds left.\n|c|\u2606Meowerdoom|f\n|\n|t:|1781384702\n|-terastallize|p2a: Copperajah|Fairy\n|move|p1a: Falinks|Close Combat|p2a: Copperajah\n|-resisted|p2a: Copperajah\n|-damage|p2a: Copperajah|170/350\n|-unboost|p1a: Falinks|def|1\n|-unboost|p1a: Falinks|spd|1\n|-damage|p1a: Falinks|222/246|[from] item: Life Orb\n|move|p2a: Copperajah|Play Rough|p1a: Falinks\n|-supereffective|p1a: Falinks\n|-damage|p1a: Falinks|0 fnt\n|faint|p1a: Falinks\n|\n|win|sweggitrash\n", "uploadtime": 1781384319, "views": 9, "formatid": "gen9randombattle", "rating": null, "private": 0, "password": null}