{"id": "gen9randombattle-2631582365", "format": "[Gen 9] Random Battle", "players": ["qiuescent", "mayqueen nyannyan"], "log": "|j|\u203dqiuescent\n|j|\u2606mayqueen nyannyan\n|t:|1781404412\n|gametype|singles\n|player|p1|qiuescent|169|2177\n|player|p2|mayqueen nyannyan|169|2296\n|gen|9\n|tier|[Gen 9] Random Battle\n|rated|\n|rule|Species Clause: Limit one of each Pok\u00e9mon\n|rule|HP Percentage Mod: HP is shown in percentages\n|rule|Sleep Clause Mod: Limit one foe put to sleep\n|rule|Illusion Level Mod: Illusion disguises the Pok\u00e9mon's true level\n|\n|t:|1781404412\n|teamsize|p1|6\n|teamsize|p2|6\n|start\n|switch|p1a: Spectrier|Spectrier, L75|274/274\n|switch|p2a: Ambipom|Ambipom, L84, F|263/263\n|turn|1\n|inactive|Battle timer is ON: inactive players will automatically lose when time's up. (requested by qiuescent)\n|\n|t:|1781404452\n|switch|p1a: Wigglytuff|Wigglytuff, L96, F|424/424\n|move|p2a: Ambipom|Knock Off|p1a: Wigglytuff\n|-resisted|p1a: Wigglytuff\n|-damage|p1a: Wigglytuff|352/424\n|-enditem|p1a: Wigglytuff|Leftovers|[from] move: Knock Off|[of] p2a: Ambipom\n|\n|upkeep\n|turn|2\n|\n|t:|1781404458\n|switch|p2a: Gothitelle|Gothitelle, L90, M|272/272\n|move|p1a: Wigglytuff|Alluring Voice|p2a: Gothitelle\n|-damage|p2a: Gothitelle|190/272\n|\n|upkeep\n|turn|3\n|\n|t:|1781404461\n|move|p2a: Gothitelle|Trick|p1a: Wigglytuff\n|-activate|p2a: Gothitelle|move: Trick|[of] p1a: Wigglytuff\n|-item|p1a: Wigglytuff|Choice Scarf|[from] move: Trick\n|-enditem|p2a: Gothitelle|Choice Scarf|[silent]|[from] move: Trick\n|move|p1a: Wigglytuff|Alluring Voice|p2a: Gothitelle\n|-crit|p2a: Gothitelle\n|-damage|p2a: Gothitelle|66/272\n|\n|upkeep\n|turn|4\n|\n|t:|1781404464\n|move|p1a: Wigglytuff|Alluring Voice|p2a: Gothitelle\n|-damage|p2a: Gothitelle|0 fnt\n|faint|p2a: Gothitelle\n|\n|upkeep\n|\n|t:|1781404468\n|switch|p2a: Ribombee|Ribombee, L83, F|235/235\n|turn|5\n|\n|t:|1781404483\n|move|p2a: Ribombee|Stun Spore|p1a: Wigglytuff\n|-status|p1a: Wigglytuff|par\n|move|p1a: Wigglytuff|Alluring Voice|p2a: Ribombee\n|-damage|p2a: Ribombee|115/235\n|\n|upkeep\n|turn|6\n|\n|t:|1781404485\n|move|p2a: Ribombee|Sticky Web|p1a: Wigglytuff\n|-sidestart|p1: qiuescent|move: Sticky Web\n|move|p1a: Wigglytuff|Alluring Voice|p2a: Ribombee\n|-damage|p2a: Ribombee|1/235\n|\n|upkeep\n|turn|7\n|\n|t:|1781404488\n|move|p2a: Ribombee|Moonblast|p1a: Wigglytuff\n|-damage|p1a: Wigglytuff|217/424 par\n|move|p1a: Wigglytuff|Alluring Voice|p2a: Ribombee\n|-damage|p2a: Ribombee|0 fnt\n|faint|p2a: Ribombee\n|\n|upkeep\n|\n|t:|1781404497\n|switch|p2a: Mudsdale|Mudsdale, L83, M|302/302\n|turn|8\n|\n|t:|1781404506\n|move|p2a: Mudsdale|Heavy Slam|p1a: Wigglytuff\n|-supereffective|p1a: Wigglytuff\n|-damage|p1a: Wigglytuff|0 fnt\n|faint|p1a: Wigglytuff\n|\n|upkeep\n|\n|t:|1781404509\n|switch|p1a: Scovillain|Scovillain, L91, M|266/266\n|turn|9\n|\n|t:|1781404517\n|move|p1a: Scovillain|Energy Ball|p2a: Mudsdale\n|-supereffective|p2a: Mudsdale\n|-damage|p2a: Mudsdale|30/302\n|-ability|p2a: Mudsdale|Stamina|boost\n|-boost|p2a: Mudsdale|def|1\n|move|p2a: Mudsdale|Stone Edge|p1a: Scovillain\n|-supereffective|p1a: Scovillain\n|-damage|p1a: Scovillain|80/266\n|\n|-heal|p2a: Mudsdale|48/302|[from] item: Leftovers\n|upkeep\n|turn|10\n|\n|t:|1781404533\n|move|p1a: Scovillain|Energy Ball|p2a: Mudsdale\n|-supereffective|p2a: Mudsdale\n|-damage|p2a: Mudsdale|0 fnt\n|faint|p2a: Mudsdale\n|\n|upkeep\n|\n|t:|1781404538\n|switch|p2a: Gurdurr|Gurdurr, L85, M|283/283\n|turn|11\n|\n|t:|1781404541\n|move|p1a: Scovillain|Fire Blast|p2a: Gurdurr|[miss]\n|-miss|p1a: Scovillain|p2a: Gurdurr\n|move|p2a: Gurdurr|Drain Punch|p1a: Scovillain\n|-damage|p1a: Scovillain|0 fnt\n|faint|p1a: Scovillain\n|\n|upkeep\n|\n|t:|1781404545\n|switch|p1a: Arceus|Arceus-Fairy, L69|280/280\n|-activate|p1a: Arceus|move: Sticky Web\n|-unboost|p1a: Arceus|spe|1\n|turn|12\n|\n|t:|1781404553\n|switch|p2a: Ambipom|Ambipom, L84, F|263/263\n|move|p1a: Arceus|Judgment|p2a: Ambipom\n|-damage|p2a: Ambipom|137/263\n|\n|upkeep\n|turn|13\n|\n|t:|1781404572\n|switch|p1a: Iron Thorns|Iron Thorns, L83|302/302\n|-activate|p1a: Iron Thorns|move: Sticky Web\n|-unboost|p1a: Iron Thorns|spe|1\n|-enditem|p1a: Iron Thorns|Booster Energy\n|-activate|p1a: Iron Thorns|ability: Quark Drive|[fromitem]\n|-start|p1a: Iron Thorns|quarkdriveatk\n|move|p2a: Ambipom|Triple Axel|p1a: Iron Thorns\n|-damage|p1a: Iron Thorns|276/302\n|-damage|p1a: Iron Thorns|223/302\n|-damage|p1a: Iron Thorns|134/302\n|-hitcount|p1a: Iron Thorns|3\n|\n|upkeep\n|turn|14\n|\n|t:|1781404583\n|move|p2a: Ambipom|Triple Axel|p1a: Iron Thorns\n|-crit|p1a: Iron Thorns\n|-damage|p1a: Iron Thorns|95/302\n|-damage|p1a: Iron Thorns|39/302\n|-damage|p1a: Iron Thorns|0 fnt\n|faint|p1a: Iron Thorns\n|-end|p1a: Iron Thorns|Quark Drive|[silent]\n|-hitcount|p1: Iron Thorns|3\n|\n|upkeep\n|\n|t:|1781404587\n|switch|p1a: Cloyster|Cloyster, L80, M|211/211\n|-activate|p1a: Cloyster|move: Sticky Web\n|-unboost|p1a: Cloyster|spe|1\n|-enditem|p1a: Cloyster|White Herb\n|-clearnegativeboost|p1a: Cloyster|[silent]\n|turn|15\n|\n|t:|1781404591\n|switch|p2a: Gurdurr|Gurdurr, L85, M|283/283\n|move|p1a: Cloyster|Icicle Spear|p2a: Gurdurr\n|-damage|p2a: Gurdurr|267/283\n|-damage|p2a: Gurdurr|249/283\n|-damage|p2a: Gurdurr|233/283\n|-crit|p2a: Gurdurr\n|-damage|p2a: Gurdurr|206/283\n|-damage|p2a: Gurdurr|188/283\n|-hitcount|p2a: Gurdurr|5\n|\n|upkeep\n|turn|16\n|\n|t:|1781404594\n|switch|p1a: Arceus|Arceus-Fairy, L69|280/280\n|-activate|p1a: Arceus|move: Sticky Web\n|-unboost|p1a: Arceus|spe|1\n|move|p2a: Gurdurr|Drain Punch|p1a: Arceus\n|-resisted|p1a: Arceus\n|-damage|p1a: Arceus|240/280\n|-heal|p2a: Gurdurr|208/283|[from] drain|[of] p1a: Arceus\n|\n|upkeep\n|turn|17\n|\n|t:|1781404614\n|switch|p2a: Ambipom|Ambipom, L84, F|137/263\n|move|p1a: Arceus|Judgment|p2a: Ambipom\n|-damage|p2a: Ambipom|11/263\n|\n|upkeep\n|turn|18\n|\n|t:|1781404617\n|switch|p1a: Cloyster|Cloyster, L80, M|211/211\n|-activate|p1a: Cloyster|move: Sticky Web\n|-unboost|p1a: Cloyster|spe|1\n|move|p2a: Ambipom|Double-Edge|p1a: Cloyster\n|-damage|p1a: Cloyster|88/211\n|-damage|p2a: Ambipom|0 fnt|[from] Recoil\n|faint|p2a: Ambipom\n|\n|upkeep\n|\n|t:|1781404622\n|switch|p2a: Rampardos|Rampardos, L90, F|321/321\n|turn|19\n|inactive|qiuescent has 120 seconds left.\n|\n|t:|1781404653\n|move|p2a: Rampardos|Rock Slide|p1a: Cloyster\n|-supereffective|p1a: Cloyster\n|-damage|p1a: Cloyster|0 fnt\n|faint|p1a: Cloyster\n|\n|upkeep\n|inactive|qiuescent has 120 seconds left.\n|\n|t:|1781404662\n|switch|p1a: Arceus|Arceus-Fairy, L69|240/280\n|-activate|p1a: Arceus|move: Sticky Web\n|-unboost|p1a: Arceus|spe|1\n|turn|20\n|\n|t:|1781404665\n|-terastallize|p1a: Arceus|Steel\n|move|p2a: Rampardos|Rock Slide|p1a: Arceus\n|-resisted|p1a: Arceus\n|-damage|p1a: Arceus|158/280\n|move|p1a: Arceus|Earth Power|p2a: Rampardos\n|-supereffective|p2a: Rampardos\n|-damage|p2a: Rampardos|181/321\n|-unboost|p2a: Rampardos|spd|1\n|\n|upkeep\n|turn|21\n|\n|t:|1781404672\n|move|p2a: Rampardos|Rock Slide|p1a: Arceus\n|-resisted|p1a: Arceus\n|-damage|p1a: Arceus|77/280\n|move|p1a: Arceus|Judgment|p2a: Rampardos\n|-damage|p2a: Rampardos|0 fnt\n|faint|p2a: Rampardos\n|\n|upkeep\n|\n|t:|1781404675\n|switch|p2a: Gurdurr|Gurdurr, L85, M|208/283\n|turn|22\n|l|\u2606mayqueen nyannyan\n|inactive|mayqueen nyannyan disconnected and has a minute to reconnect!\n|player|p2|\n|j|\u2606mayqueen nyannyan\n|inactive|mayqueen nyannyan reconnected and has 130 seconds left.\n|player|p2|mayqueen nyannyan|169|\n|\n|t:|1781404702\n|-terastallize|p2a: Gurdurr|Steel\n|move|p1a: Arceus|Judgment|p2a: Gurdurr\n|-resisted|p2a: Gurdurr\n|-damage|p2a: Gurdurr|160/283\n|move|p2a: Gurdurr|Bulk Up|p2a: Gurdurr\n|-boost|p2a: Gurdurr|atk|1\n|-boost|p2a: Gurdurr|def|1\n|\n|upkeep\n|turn|23\n|\n|t:|1781404705\n|move|p2a: Gurdurr|Mach Punch|p1a: Arceus\n|-supereffective|p1a: Arceus\n|-damage|p1a: Arceus|0 fnt\n|faint|p1a: Arceus\n|\n|upkeep\n|\n|t:|1781404707\n|switch|p1a: Spectrier|Spectrier, L75|274/274\n|-activate|p1a: Spectrier|move: Sticky Web\n|-unboost|p1a: Spectrier|spe|1\n|turn|24\n|\n|t:|1781404710\n|move|p1a: Spectrier|Nasty Plot|p1a: Spectrier\n|-boost|p1a: Spectrier|spa|2\n|move|p2a: Gurdurr|Knock Off|p1a: Spectrier\n|-supereffective|p1a: Spectrier\n|-damage|p1a: Spectrier|0 fnt\n|-enditem|p1a: Spectrier|Leftovers|[from] move: Knock Off|[of] p2a: Gurdurr\n|faint|p1a: Spectrier\n|\n|win|mayqueen nyannyan\n", "uploadtime": 1781404414, "views": 7, "formatid": "gen9randombattle", "rating": null, "private": 0, "password": null}