{"id": "gen9randombattle-2631568518", "format": "[Gen 9] Random Battle", "players": ["drgonblaster", "Addddlleyy"], "log": "|j|\u2606drgonblaster\n|j|\u2606Addddlleyy\n|t:|1781402508\n|gametype|singles\n|player|p1|drgonblaster|nate|1938\n|player|p2|Addddlleyy|swimmer|1965\n|gen|9\n|tier|[Gen 9] Random Battle\n|rated|\n|rule|Species Clause: Limit one of each Pok\u00e9mon\n|rule|HP Percentage Mod: HP is shown in percentages\n|rule|Sleep Clause Mod: Limit one foe put to sleep\n|rule|Illusion Level Mod: Illusion disguises the Pok\u00e9mon's true level\n|\n|t:|1781402508\n|teamsize|p1|6\n|teamsize|p2|6\n|start\n|switch|p1a: Luvdisc|Luvdisc, F|247/247\n|switch|p2a: Rotom|Rotom, L88|231/231\n|turn|1\n|inactive|Battle timer is ON: inactive players will automatically lose when time's up. (requested by drgonblaster)\n|inactive|Addddlleyy also wants the timer to be on.\n|\n|t:|1781402522\n|switch|p1a: Slither Wing|Slither Wing, L81|270/270\n|move|p2a: Rotom|Volt Switch|p1a: Slither Wing\n|-damage|p1a: Slither Wing|180/270\n|-damage|p2a: Rotom|208/231|[from] item: Life Orb\n|\n|t:|1781402528\n|switch|p2a: Landorus|Landorus-Therian, L76, M|260/260|[from] Volt Switch\n|-ability|p2a: Landorus|Intimidate|boost\n|-unboost|p1a: Slither Wing|atk|1\n|\n|upkeep\n|turn|2\n|\n|t:|1781402547\n|move|p2a: Landorus|Stealth Rock|p1a: Slither Wing\n|-sidestart|p1: drgonblaster|move: Stealth Rock\n|move|p1a: Slither Wing|U-turn|p2a: Landorus\n|-resisted|p2a: Landorus\n|-damage|p2a: Landorus|212/260\n|\n|t:|1781402560\n|-end|p1a: Slither Wing|Protosynthesis|[silent]\n|switch|p1a: Necrozma|Necrozma-Dusk-Mane, L69|248/248|[from] U-turn\n|-damage|p1a: Necrozma|233/248|[from] Stealth Rock\n|\n|-heal|p2a: Landorus|228/260|[from] item: Leftovers\n|upkeep\n|turn|3\n|\n|t:|1781402566\n|move|p2a: Landorus|Taunt|p1a: Necrozma\n|-start|p1a: Necrozma|move: Taunt\n|cant|p1a: Necrozma|move: Taunt|Dragon Dance\n|\n|-heal|p2a: Landorus|244/260|[from] item: Leftovers\n|upkeep\n|turn|4\n|\n|t:|1781402571\n|move|p2a: Landorus|Earthquake|p1a: Necrozma\n|-supereffective|p1a: Necrozma\n|-damage|p1a: Necrozma|62/248\n|-enditem|p1a: Necrozma|Weakness Policy\n|-boost|p1a: Necrozma|atk|2|[from] item: Weakness Policy\n|-boost|p1a: Necrozma|spa|2|[from] item: Weakness Policy\n|move|p1a: Necrozma|Sunsteel Strike|p2a: Landorus\n|-damage|p2a: Landorus|18/260\n|\n|-heal|p2a: Landorus|34/260|[from] item: Leftovers\n|upkeep\n|turn|5\n|\n|t:|1781402575\n|move|p2a: Landorus|Earthquake|p1a: Necrozma\n|-supereffective|p1a: Necrozma\n|-damage|p1a: Necrozma|0 fnt\n|faint|p1a: Necrozma\n|\n|-heal|p2a: Landorus|50/260|[from] item: Leftovers\n|upkeep\n|\n|t:|1781402578\n|switch|p1a: Salamence|Salamence, L77, M|273/273\n|turn|6\n|\n|t:|1781402591\n|switch|p2a: Rotom|Rotom, L88|208/231\n|move|p1a: Salamence|Dual Wingbeat|p2a: Rotom\n|-resisted|p2a: Rotom\n|-damage|p2a: Rotom|185/231\n|-resisted|p2a: Rotom\n|-damage|p2a: Rotom|158/231\n|-hitcount|p2a: Rotom|2\n|\n|upkeep\n|turn|7\n|\n|t:|1781402599\n|switch|p1a: Slither Wing|Slither Wing, L81|180/270\n|-damage|p1a: Slither Wing|147/270|[from] Stealth Rock\n|move|p2a: Rotom|Will-O-Wisp|p1a: Slither Wing\n|-status|p1a: Slither Wing|brn\n|\n|-damage|p1a: Slither Wing|131/270 brn|[from] brn\n|upkeep\n|turn|8\n|\n|t:|1781402609\n|move|p2a: Rotom|Thunderbolt|p1a: Slither Wing\n|-damage|p1a: Slither Wing|5/270 brn\n|-damage|p2a: Rotom|135/231|[from] item: Life Orb\n|move|p1a: Slither Wing|Flare Blitz|p2a: Rotom\n|-damage|p2a: Rotom|48/231\n|-damage|p1a: Slither Wing|0 fnt|[from] Recoil\n|faint|p1a: Slither Wing\n|-end|p1a: Slither Wing|Protosynthesis|[silent]\n|\n|upkeep\n|\n|t:|1781402612\n|switch|p1a: Luvdisc|Luvdisc, F|247/247\n|turn|9\n|\n|t:|1781402618\n|move|p1a: Luvdisc|Surf|p2a: Rotom\n|-damage|p2a: Rotom|0 fnt\n|faint|p2a: Rotom\n|\n|upkeep\n|\n|t:|1781402624\n|switch|p2a: Munkidori|Munkidori, L79, M|269/269\n|turn|10\n|\n|t:|1781402628\n|move|p2a: Munkidori|Fake Out|p1a: Luvdisc\n|-damage|p1a: Luvdisc|222/247\n|cant|p1a: Luvdisc|flinch\n|\n|upkeep\n|turn|11\n|\n|t:|1781402633\n|move|p1a: Luvdisc|Substitute|p1a: Luvdisc\n|-start|p1a: Luvdisc|Substitute\n|-damage|p1a: Luvdisc|161/247\n|move|p2a: Munkidori|Psychic Noise|p1a: Luvdisc\n|-damage|p1a: Luvdisc|64/247\n|-start|p1a: Luvdisc|move: Heal Block\n|-status|p1a: Luvdisc|tox|[from] ability: Toxic Chain|[of] p2a: Munkidori\n|\n|-damage|p1a: Luvdisc|49/247 tox|[from] psn\n|upkeep\n|turn|12\n|\n|t:|1781402654\n|switch|p1a: Regirock|Regirock, L83|268/268\n|-damage|p1a: Regirock|235/268|[from] Stealth Rock\n|switch|p2a: Landorus|Landorus-Therian, L76, M|50/260\n|-ability|p2a: Landorus|Intimidate|boost\n|-fail|p1a: Regirock|unboost|[from] ability: Clear Body|[of] p1a: Regirock\n|\n|-heal|p2a: Landorus|66/260|[from] item: Leftovers\n|upkeep\n|turn|13\n|\n|t:|1781402665\n|switch|p1a: Salamence|Salamence, L77, M|273/273\n|move|p2a: Landorus|Taunt|p1a: Salamence\n|-start|p1a: Salamence|move: Taunt\n|\n|-heal|p2a: Landorus|82/260|[from] item: Leftovers\n|upkeep\n|turn|14\n|\n|t:|1781402673\n|switch|p2a: Necrozma|Necrozma-Dusk-Mane, L69|248/248\n|move|p1a: Salamence|Outrage|p2a: Necrozma\n|-resisted|p2a: Necrozma\n|-damage|p2a: Necrozma|184/248\n|\n|upkeep\n|turn|15\n|\n|t:|1781402682\n|move|p1a: Salamence|Outrage|p2a: Necrozma|[from] lockedmove\n|-resisted|p2a: Necrozma\n|-damage|p2a: Necrozma|124/248\n|-start|p1a: Salamence|confusion|[fatigue]\n|move|p2a: Necrozma|Photon Geyser|p1a: Salamence\n|-damage|p1a: Salamence|155/273\n|\n|-end|p1a: Salamence|move: Taunt\n|upkeep\n|turn|16\n|\n|t:|1781402690\n|-activate|p1a: Salamence|confusion\n|move|p1a: Salamence|Dragon Dance|p1a: Salamence\n|-boost|p1a: Salamence|atk|1\n|-boost|p1a: Salamence|spe|1\n|move|p2a: Necrozma|Dragon Dance|p2a: Necrozma\n|-boost|p2a: Necrozma|atk|1\n|-boost|p2a: Necrozma|spe|1\n|\n|upkeep\n|turn|17\n|inactive|Addddlleyy has 120 seconds left.\n|\n|t:|1781402737\n|-terastallize|p1a: Salamence|Dragon\n|-terastallize|p2a: Necrozma|Water\n|-activate|p1a: Salamence|confusion\n|-damage|p1a: Salamence|98/273|[from] confusion\n|move|p2a: Necrozma|Dragon Dance|p2a: Necrozma\n|-boost|p2a: Necrozma|atk|1\n|-boost|p2a: Necrozma|spe|1\n|\n|upkeep\n|turn|18\n|c|\u2606drgonblaster|u so lucky bro\n|\n|t:|1781402746\n|-end|p1a: Salamence|confusion\n|move|p1a: Salamence|Outrage|p2a: Necrozma\n|-damage|p2a: Necrozma|0 fnt\n|faint|p2a: Necrozma\n|-ability|p1a: Salamence|Moxie|boost\n|-boost|p1a: Salamence|atk|1\n|\n|upkeep\n|\n|t:|1781402755\n|switch|p2a: Munkidori|Munkidori, L79, M|269/269\n|turn|19\n|\n|t:|1781402759\n|move|p2a: Munkidori|Fake Out|p1a: Salamence\n|-damage|p1a: Salamence|75/273\n|cant|p1a: Salamence|flinch\n|\n|-start|p1a: Salamence|confusion|[fatigue]\n|upkeep\n|turn|20\n|\n|t:|1781402765\n|switch|p2a: Landorus|Landorus-Therian, L76, M|82/260\n|-ability|p2a: Landorus|Intimidate|boost\n|-unboost|p1a: Salamence|atk|1\n|-activate|p1a: Salamence|confusion\n|-damage|p1a: Salamence|21/273|[from] confusion\n|\n|-heal|p2a: Landorus|98/260|[from] item: Leftovers\n|upkeep\n|turn|21\n|c|\u2606drgonblaster|Bruh\n|\n|t:|1781402777\n|-activate|p1a: Salamence|confusion\n|move|p1a: Salamence|Outrage|p2a: Landorus\n|-damage|p2a: Landorus|0 fnt\n|faint|p2a: Landorus\n|-ability|p1a: Salamence|Moxie|boost\n|-boost|p1a: Salamence|atk|1\n|\n|upkeep\n|\n|t:|1781402783\n|switch|p2a: Munkidori|Munkidori, L79, M|269/269\n|turn|22\n|\n|t:|1781402786\n|move|p2a: Munkidori|Fake Out|p1a: Salamence\n|-damage|p1a: Salamence|0 fnt\n|faint|p1a: Salamence\n|\n|upkeep\n|\n|t:|1781402789\n|switch|p1a: Luvdisc|Luvdisc, F|49/247 tox\n|turn|23\n|\n|t:|1781402798\n|move|p1a: Luvdisc|Endeavor|p2a: Munkidori\n|-damage|p2a: Munkidori|49/269\n|move|p2a: Munkidori|Psychic Noise|p1a: Luvdisc\n|-damage|p1a: Luvdisc|0 fnt\n|faint|p1a: Luvdisc\n|\n|upkeep\n|\n|t:|1781402803\n|switch|p1a: Minior|Minior-Green, L79|224/224\n|-damage|p1a: Minior|168/224|[from] Stealth Rock\n|-formechange|p1a: Minior|Minior-Meteor||[from] ability: Shields Down\n|turn|24\n|inactive|Addddlleyy has 120 seconds left.\n|\n|t:|1781402839\n|move|p2a: Munkidori|U-turn|p1a: Minior\n|-resisted|p1a: Minior\n|-damage|p1a: Minior|150/224\n|\n|t:|1781402841\n|switch|p2a: Cramorant|Cramorant, L86, M|261/261|[from] U-turn\n|move|p1a: Minior|Shell Smash|p1a: Minior\n|-unboost|p1a: Minior|def|1\n|-unboost|p1a: Minior|spd|1\n|-boost|p1a: Minior|atk|2\n|-boost|p1a: Minior|spa|2\n|-boost|p1a: Minior|spe|2\n|-enditem|p1a: Minior|White Herb\n|-clearnegativeboost|p1a: Minior|[silent]\n|\n|upkeep\n|turn|25\n|\n|t:|1781402860\n|move|p1a: Minior|Power Gem|p2a: Cramorant\n|-supereffective|p2a: Cramorant\n|-damage|p2a: Cramorant|63/261\n|move|p2a: Cramorant|Surf|p1a: Minior\n|-formechange|p2a: Cramorant|Cramorant-Gorging|\n|-supereffective|p1a: Minior\n|-damage|p1a: Minior|0 fnt\n|faint|p1a: Minior\n|\n|upkeep\n|\n|t:|1781402866\n|switch|p1a: Regirock|Regirock, L83|235/268\n|-damage|p1a: Regirock|202/268|[from] Stealth Rock\n|turn|26\n|\n|t:|1781402870\n|move|p2a: Cramorant|Surf|p1a: Regirock\n|-supereffective|p1a: Regirock\n|-damage|p1a: Regirock|26/268\n|move|p1a: Regirock|Stone Edge|p2a: Cramorant\n|-supereffective|p2a: Cramorant\n|-damage|p2a: Cramorant|0 fnt\n|-damage|p1a: Regirock|0 fnt|[from] ability: Gulp Missile|[of] p2a: Cramorant\n|-formechange|p2a: Cramorant|Cramorant|\n|faint|p2a: Cramorant\n|faint|p1a: Regirock\n|\n|win|Addddlleyy\n|raw|drgonblaster's rating: 1938 &rarr; <strong>1920</strong><br />(-18 for losing)\n|raw|Addddlleyy's rating: 1965 &rarr; <strong>1983</strong><br />(+18 for winning)\n", "uploadtime": 1781402510, "views": 3, "formatid": "gen9randombattle", "rating": 1920, "private": 0, "password": null}