{"id": "gen9randombattle-2631568008", "format": "[Gen 9] Random Battle", "players": ["sphealinalright", "leroiii69"], "log": "|j|\u2606sphealinalright\n|j|\u2606leroiii69\n|t:|1781402436\n|gametype|singles\n|player|p1|sphealinalright|backers|1928\n|player|p2|leroiii69|galacticgrunt|1917\n|gen|9\n|tier|[Gen 9] Random Battle\n|rated|\n|rule|Species Clause: Limit one of each Pok\u00e9mon\n|rule|HP Percentage Mod: HP is shown in percentages\n|rule|Sleep Clause Mod: Limit one foe put to sleep\n|rule|Illusion Level Mod: Illusion disguises the Pok\u00e9mon's true level\n|\n|t:|1781402436\n|teamsize|p1|6\n|teamsize|p2|6\n|start\n|switch|p1a: Raikou|Raikou, L81|278/278\n|switch|p2a: Mismagius|Mismagius, L86, F|243/243\n|-ability|p1a: Raikou|Pressure\n|turn|1\n|inactive|Battle timer is ON: inactive players will automatically lose when time's up. (requested by leroiii69)\n|\n|t:|1781402454\n|switch|p2a: Brute Bonnet|Brute Bonnet, L80|309/309\n|move|p1a: Raikou|Calm Mind|p1a: Raikou\n|-boost|p1a: Raikou|spa|1\n|-boost|p1a: Raikou|spd|1\n|\n|upkeep\n|turn|2\n|\n|t:|1781402465\n|switch|p1a: Noivern|Noivern, L82, M|274/274\n|move|p2a: Brute Bonnet|Crunch|p1a: Noivern\n|-damage|p1a: Noivern|166/274\n|\n|upkeep\n|turn|3\n|\n|t:|1781402475\n|move|p1a: Noivern|Hurricane|p2a: Brute Bonnet\n|-supereffective|p2a: Brute Bonnet\n|-damage|p2a: Brute Bonnet|91/309\n|-start|p2a: Brute Bonnet|confusion\n|-activate|p2a: Brute Bonnet|confusion\n|move|p2a: Brute Bonnet|Crunch|p1a: Noivern\n|-damage|p1a: Noivern|52/274\n|\n|-heal|p2a: Brute Bonnet|110/309|[from] item: Leftovers\n|upkeep\n|turn|4\n|\n|t:|1781402488\n|-activate|p2a: Brute Bonnet|confusion\n|move|p2a: Brute Bonnet|Sucker Punch||[still]\n|-fail|p2a: Brute Bonnet\n|move|p1a: Noivern|Roost|p1a: Noivern\n|-heal|p1a: Noivern|189/274\n|-singleturn|p1a: Noivern|move: Roost\n|\n|-heal|p2a: Brute Bonnet|129/309|[from] item: Leftovers\n|upkeep\n|turn|5\n|\n|t:|1781402496\n|move|p1a: Noivern|Flamethrower|p2a: Brute Bonnet\n|-supereffective|p2a: Brute Bonnet\n|-damage|p2a: Brute Bonnet|19/309\n|-end|p2a: Brute Bonnet|confusion\n|move|p2a: Brute Bonnet|Spore|p1a: Noivern\n|-status|p1a: Noivern|slp|[from] move: Spore\n|\n|-heal|p2a: Brute Bonnet|38/309|[from] item: Leftovers\n|upkeep\n|turn|6\n|\n|t:|1781402514\n|switch|p1a: Toucannon|Toucannon, L88, F|284/284\n|move|p2a: Brute Bonnet|Crunch|p1a: Toucannon\n|-damage|p1a: Toucannon|181/284\n|-unboost|p1a: Toucannon|def|1\n|\n|-heal|p2a: Brute Bonnet|57/309|[from] item: Leftovers\n|upkeep\n|turn|7\n|\n|t:|1781402522\n|move|p2a: Brute Bonnet|Sucker Punch|p1a: Toucannon\n|-damage|p1a: Toucannon|40/284\n|move|p1a: Toucannon|Boomburst|p2a: Brute Bonnet\n|-damage|p2a: Brute Bonnet|0 fnt\n|faint|p2a: Brute Bonnet\n|-end|p2a: Brute Bonnet|Protosynthesis|[silent]\n|\n|upkeep\n|\n|t:|1781402532\n|switch|p2a: Inteleon|Inteleon, L81, F|246/246\n|turn|8\n|\n|t:|1781402541\n|move|p2a: Inteleon|Scald|p1a: Toucannon\n|-damage|p1a: Toucannon|0 fnt\n|faint|p1a: Toucannon\n|\n|upkeep\n|\n|t:|1781402547\n|switch|p1a: Raikou|Raikou, L81|278/278\n|-ability|p1a: Raikou|Pressure\n|turn|9\n|\n|t:|1781402552\n|switch|p2a: Groudon|Groudon, L72|263/263\n|-weather|SunnyDay|[from] ability: Drought|[of] p2a: Groudon\n|move|p1a: Raikou|Calm Mind|p1a: Raikou\n|-boost|p1a: Raikou|spa|1\n|-boost|p1a: Raikou|spd|1\n|\n|-weather|SunnyDay|[upkeep]\n|upkeep\n|turn|10\n|\n|t:|1781402576\n|switch|p1a: Noivern|Noivern, L82, M|189/274 slp\n|move|p2a: Groudon|Precipice Blades|p1a: Noivern\n|-immune|p1a: Noivern\n|\n|-weather|SunnyDay|[upkeep]\n|upkeep\n|turn|11\n|\n|t:|1781402592\n|switch|p1a: Mewtwo|Mewtwo, L72|272/272\n|-ability|p1a: Mewtwo|Pressure\n|move|p2a: Groudon|Swords Dance|p2a: Groudon\n|-boost|p2a: Groudon|atk|2\n|\n|-weather|SunnyDay|[upkeep]\n|upkeep\n|turn|12\n|\n|t:|1781402606\n|move|p1a: Mewtwo|Psystrike|p2a: Groudon\n|-damage|p2a: Groudon|134/263\n|-damage|p1a: Mewtwo|245/272|[from] item: Life Orb\n|move|p2a: Groudon|Heat Crash|p1a: Mewtwo\n|-damage|p1a: Mewtwo|0 fnt\n|faint|p1a: Mewtwo\n|\n|-weather|SunnyDay|[upkeep]\n|-heal|p2a: Groudon|150/263|[from] item: Leftovers\n|upkeep\n|\n|t:|1781402614\n|switch|p1a: Roaring Moon|Roaring Moon, L72|270/270\n|-activate|p1a: Roaring Moon|ability: Protosynthesis\n|-start|p1a: Roaring Moon|protosynthesisatk\n|turn|13\n|\n|t:|1781402627\n|move|p1a: Roaring Moon|Knock Off|p2a: Groudon\n|-damage|p2a: Groudon|0 fnt\n|-enditem|p2a: Groudon|Leftovers|[from] move: Knock Off|[of] p1a: Roaring Moon\n|faint|p2a: Groudon\n|\n|-weather|none\n|-end|p1a: Roaring Moon|Protosynthesis\n|upkeep\n|\n|t:|1781402635\n|switch|p2a: Mismagius|Mismagius, L86, F|243/243\n|turn|14\n|\n|t:|1781402643\n|move|p2a: Mismagius|Substitute|p2a: Mismagius\n|-start|p2a: Mismagius|Substitute\n|-damage|p2a: Mismagius|183/243\n|move|p1a: Roaring Moon|Knock Off|p2a: Mismagius\n|-supereffective|p2a: Mismagius\n|-end|p2a: Mismagius|Substitute\n|\n|-heal|p2a: Mismagius|198/243|[from] item: Leftovers\n|upkeep\n|turn|15\n|\n|t:|1781402653\n|move|p2a: Mismagius|Dazzling Gleam|p1a: Roaring Moon\n|-supereffective|p1a: Roaring Moon\n|-damage|p1a: Roaring Moon|14/270\n|move|p1a: Roaring Moon|Knock Off|p2a: Mismagius\n|-supereffective|p2a: Mismagius\n|-damage|p2a: Mismagius|0 fnt\n|-enditem|p2a: Mismagius|Leftovers|[from] move: Knock Off|[of] p1a: Roaring Moon\n|faint|p2a: Mismagius\n|\n|upkeep\n|\n|t:|1781402667\n|switch|p2a: Inteleon|Inteleon, L81, F|246/246\n|turn|16\n|\n|t:|1781402670\n|move|p2a: Inteleon|U-turn|p1a: Roaring Moon\n|-supereffective|p1a: Roaring Moon\n|-damage|p1a: Roaring Moon|0 fnt\n|faint|p1a: Roaring Moon\n|-end|p1a: Roaring Moon|Protosynthesis|[silent]\n|\n|t:|1781402674\n|switch|p2a: Infernape|Infernape, L82, F|259/259|[from] U-turn\n|\n|upkeep\n|\n|t:|1781402681\n|switch|p1a: Raikou|Raikou, L81|278/278\n|-ability|p1a: Raikou|Pressure\n|turn|17\n|\n|t:|1781402693\n|move|p1a: Raikou|Calm Mind|p1a: Raikou\n|-boost|p1a: Raikou|spa|1\n|-boost|p1a: Raikou|spd|1\n|move|p2a: Infernape|Close Combat|p1a: Raikou\n|-damage|p1a: Raikou|53/278\n|-unboost|p2a: Infernape|def|1\n|-unboost|p2a: Infernape|spd|1\n|\n|-heal|p1a: Raikou|70/278|[from] item: Leftovers\n|upkeep\n|turn|18\n|\n|t:|1781402702\n|move|p1a: Raikou|Scald|p2a: Infernape\n|-supereffective|p2a: Infernape\n|-damage|p2a: Infernape|0 fnt\n|faint|p2a: Infernape\n|\n|-heal|p1a: Raikou|87/278|[from] item: Leftovers\n|upkeep\n|\n|t:|1781402709\n|switch|p2a: Iron Boulder|Iron Boulder, L77|265/265\n|-enditem|p2a: Iron Boulder|Booster Energy\n|-activate|p2a: Iron Boulder|ability: Quark Drive|[fromitem]\n|-start|p2a: Iron Boulder|quarkdrivespe\n|turn|19\n|\n|t:|1781402719\n|move|p2a: Iron Boulder|Zen Headbutt|p1a: Raikou\n|-damage|p1a: Raikou|0 fnt\n|faint|p1a: Raikou\n|\n|upkeep\n|\n|t:|1781402730\n|switch|p1a: Polteageist|Polteageist, L78|222/222\n|turn|20\n|\n|t:|1781402744\n|-terastallize|p2a: Iron Boulder|Fighting\n|move|p2a: Iron Boulder|Swords Dance|p2a: Iron Boulder\n|-boost|p2a: Iron Boulder|atk|2\n|move|p1a: Polteageist|Strength Sap|p2a: Iron Boulder\n|-unboost|p2a: Iron Boulder|atk|1\n|\n|upkeep\n|turn|21\n|\n|t:|1781402755\n|move|p2a: Iron Boulder|Swords Dance|p2a: Iron Boulder\n|-boost|p2a: Iron Boulder|atk|2\n|move|p1a: Polteageist|Shell Smash|p1a: Polteageist\n|-unboost|p1a: Polteageist|def|1\n|-unboost|p1a: Polteageist|spd|1\n|-boost|p1a: Polteageist|atk|2\n|-boost|p1a: Polteageist|spa|2\n|-boost|p1a: Polteageist|spe|2\n|-enditem|p1a: Polteageist|White Herb\n|-clearnegativeboost|p1a: Polteageist|[silent]\n|\n|upkeep\n|turn|22\n|\n|t:|1781402766\n|move|p2a: Iron Boulder|Mighty Cleave|p1a: Polteageist\n|-damage|p1a: Polteageist|0 fnt\n|faint|p1a: Polteageist\n|\n|upkeep\n|\n|t:|1781402769\n|switch|p1a: Noivern|Noivern, L82, M|189/274 slp\n|turn|23\n|\n|t:|1781402772\n|move|p2a: Iron Boulder|Mighty Cleave|p1a: Noivern\n|-supereffective|p1a: Noivern\n|-damage|p1a: Noivern|0 fnt\n|faint|p1a: Noivern\n|\n|win|leroiii69\n|raw|sphealinalright's rating: 1928 &rarr; <strong>1907</strong><br />(-21 for losing)\n|raw|leroiii69's rating: 1917 &rarr; <strong>1938</strong><br />(+21 for winning)\n", "uploadtime": 1781402439, "views": 3, "formatid": "gen9randombattle", "rating": 1907, "private": 0, "password": null}