{"id": "gen9randombattle-2631986708", "format": "[Gen 9] Random Battle", "players": ["Rlindrud", "kingcrossx"], "log": "|j|\u2606Rlindrud\n|j|\u2606kingcrossx\n|t:|1781463016\n|gametype|singles\n|player|p1|Rlindrud|1|1269\n|player|p2|kingcrossx|n-masters3|1274\n|gen|9\n|tier|[Gen 9] Random Battle\n|rated|\n|rule|Species Clause: Limit one of each Pok\u00e9mon\n|rule|HP Percentage Mod: HP is shown in percentages\n|rule|Sleep Clause Mod: Limit one foe put to sleep\n|rule|Illusion Level Mod: Illusion disguises the Pok\u00e9mon's true level\n|\n|t:|1781463016\n|teamsize|p1|6\n|teamsize|p2|6\n|start\n|switch|p1a: Feraligatr|Feraligatr, L79, M|264/264\n|switch|p2a: Squawkabilly|Squawkabilly-Blue, L85, F|278/278\n|turn|1\n|inactive|Battle timer is ON: inactive players will automatically lose when time's up. (requested by kingcrossx)\n|inactive|Rlindrud also wants the timer to be on.\n|\n|t:|1781463053\n|move|p2a: Squawkabilly|U-turn|p1a: Feraligatr\n|-damage|p1a: Feraligatr|217/264\n|\n|t:|1781463055\n|switch|p2a: Volcanion|Volcanion, L79|255/255|[from] U-turn\n|move|p1a: Feraligatr|Dragon Dance|p1a: Feraligatr\n|-boost|p1a: Feraligatr|atk|1\n|-boost|p1a: Feraligatr|spe|1\n|\n|upkeep\n|turn|2\n|\n|t:|1781463079\n|switch|p1a: Garganacl|Garganacl, L80, F|291/291\n|move|p2a: Volcanion|Sludge Bomb|p1a: Garganacl\n|-resisted|p1a: Garganacl\n|-damage|p1a: Garganacl|233/291\n|\n|-heal|p1a: Garganacl|251/291|[from] item: Leftovers\n|upkeep\n|turn|3\n|\n|t:|1781463095\n|switch|p2a: Meganium|Meganium, L90, F|290/290\n|move|p1a: Garganacl|Salt Cure|p2a: Meganium\n|-damage|p2a: Meganium|256/290\n|-start|p2a: Meganium|Salt Cure\n|\n|-heal|p2a: Meganium|274/290|[from] item: Leftovers\n|-heal|p1a: Garganacl|269/291|[from] item: Leftovers\n|-damage|p2a: Meganium|238/290|[from] Salt Cure\n|upkeep\n|turn|4\n|inactive|Rlindrud has 120 seconds left.\n|\n|t:|1781463128\n|switch|p1a: Hydrapple|Hydrapple, L83, M|312/312\n|move|p2a: Meganium|Petal Blizzard|p1a: Hydrapple\n|-resisted|p1a: Hydrapple\n|-damage|p1a: Hydrapple|292/312\n|\n|-heal|p2a: Meganium|256/290|[from] item: Leftovers\n|-damage|p2a: Meganium|220/290|[from] Salt Cure\n|upkeep\n|turn|5\n|inactive|Rlindrud has 120 seconds left.\n|\n|t:|1781463143\n|move|p2a: Meganium|Swords Dance|p2a: Meganium\n|-boost|p2a: Meganium|atk|2\n|move|p1a: Hydrapple|Fickle Beam|p2a: Meganium\n|-damage|p2a: Meganium|132/290\n|\n|-heal|p2a: Meganium|150/290|[from] item: Leftovers\n|-damage|p2a: Meganium|114/290|[from] Salt Cure\n|upkeep\n|turn|6\n|inactive|Rlindrud has 120 seconds left.\n|\n|t:|1781463152\n|move|p2a: Meganium|Knock Off|p1a: Hydrapple\n|-damage|p1a: Hydrapple|175/312\n|-enditem|p1a: Hydrapple|Assault Vest|[from] move: Knock Off|[of] p2a: Meganium\n|move|p1a: Hydrapple|Fickle Beam|p2a: Meganium\n|-damage|p2a: Meganium|35/290\n|\n|-heal|p2a: Meganium|53/290|[from] item: Leftovers\n|-damage|p2a: Meganium|17/290|[from] Salt Cure\n|upkeep\n|turn|7\n|\n|t:|1781463164\n|move|p2a: Meganium|Petal Blizzard|p1a: Hydrapple\n|-resisted|p1a: Hydrapple\n|-damage|p1a: Hydrapple|115/312\n|move|p1a: Hydrapple|Giga Drain|p2a: Meganium\n|-resisted|p2a: Meganium\n|-damage|p2a: Meganium|0 fnt\n|-heal|p1a: Hydrapple|124/312|[from] drain|[of] p2a: Meganium\n|faint|p2a: Meganium\n|\n|upkeep\n|\n|t:|1781463168\n|switch|p2a: Magcargo|Magcargo, L95, F|268/268\n|turn|8\n|\n|t:|1781463181\n|switch|p2a: Squawkabilly|Squawkabilly-Blue, L85, F|278/278\n|move|p1a: Hydrapple|Earth Power|p2a: Squawkabilly\n|-immune|p2a: Squawkabilly\n|\n|-status|p2a: Squawkabilly|brn|[from] item: Flame Orb\n|upkeep\n|turn|9\n|\n|t:|1781463191\n|move|p2a: Squawkabilly|Facade|p1a: Hydrapple\n|-damage|p1a: Hydrapple|0 fnt\n|faint|p1a: Hydrapple\n|\n|-damage|p2a: Squawkabilly|261/278 brn|[from] brn\n|upkeep\n|\n|t:|1781463201\n|switch|p1a: Virizion|Virizion, L82|283/283\n|turn|10\n|\n|t:|1781463211\n|move|p1a: Virizion|Stone Edge|p2a: Squawkabilly\n|-supereffective|p2a: Squawkabilly\n|-damage|p2a: Squawkabilly|30/278 brn\n|-damage|p1a: Virizion|255/283|[from] item: Life Orb\n|move|p2a: Squawkabilly|Brave Bird|p1a: Virizion\n|-supereffective|p1a: Virizion\n|-damage|p1a: Virizion|0 fnt\n|faint|p1a: Virizion\n|-damage|p2a: Squawkabilly|0 fnt|[from] Recoil\n|faint|p2a: Squawkabilly\n|\n|upkeep\n|\n|t:|1781463226\n|switch|p1a: Garganacl|Garganacl, L80, F|269/291\n|switch|p2a: Volcanion|Volcanion, L79|255/255\n|turn|11\n|\n|t:|1781463234\n|move|p2a: Volcanion|Steam Eruption|p1a: Garganacl\n|-supereffective|p1a: Garganacl\n|-damage|p1a: Garganacl|0 fnt\n|faint|p1a: Garganacl\n|\n|upkeep\n|\n|t:|1781463238\n|switch|p1a: Meowstic|Meowstic, L89, M|277/277\n|turn|12\n|\n|t:|1781463242\n|move|p1a: Meowstic|Light Screen|p1a: Meowstic\n|-sidestart|p1: Rlindrud|move: Light Screen\n|move|p2a: Volcanion|Steam Eruption|p1a: Meowstic\n|-damage|p1a: Meowstic|179/277\n|\n|upkeep\n|turn|13\n|\n|t:|1781463249\n|move|p1a: Meowstic|Psychic Noise|p2a: Volcanion\n|-damage|p2a: Volcanion|168/255\n|-start|p2a: Volcanion|move: Heal Block\n|move|p2a: Volcanion|Steam Eruption|p1a: Meowstic|[miss]\n|-miss|p2a: Volcanion|p1a: Meowstic\n|\n|upkeep\n|turn|14\n|\n|t:|1781463258\n|move|p1a: Meowstic|Psychic Noise|p2a: Volcanion\n|-damage|p2a: Volcanion|86/255\n|move|p2a: Volcanion|Steam Eruption|p1a: Meowstic\n|-damage|p1a: Meowstic|81/277\n|-status|p1a: Meowstic|brn\n|\n|-damage|p1a: Meowstic|64/277 brn|[from] brn\n|-end|p2a: Volcanion|move: Heal Block\n|upkeep\n|turn|15\n|\n|t:|1781463268\n|move|p1a: Meowstic|Psychic Noise|p2a: Volcanion\n|-damage|p2a: Volcanion|5/255\n|-start|p2a: Volcanion|move: Heal Block\n|move|p2a: Volcanion|Steam Eruption|p1a: Meowstic\n|-damage|p1a: Meowstic|0 fnt\n|faint|p1a: Meowstic\n|\n|upkeep\n|\n|t:|1781463277\n|switch|p1a: Feraligatr|Feraligatr, L79, M|217/264\n|turn|16\n|\n|t:|1781463281\n|move|p1a: Feraligatr|Dragon Dance|p1a: Feraligatr\n|-boost|p1a: Feraligatr|atk|1\n|-boost|p1a: Feraligatr|spe|1\n|move|p2a: Volcanion|Steam Eruption|p1a: Feraligatr\n|-resisted|p1a: Feraligatr\n|-crit|p1a: Feraligatr\n|-damage|p1a: Feraligatr|61/264\n|\n|-end|p2a: Volcanion|move: Heal Block\n|upkeep\n|turn|17\n|\n|t:|1781463295\n|move|p1a: Feraligatr|Liquidation|p2a: Volcanion\n|-heal|p2a: Volcanion|68/255|[from] ability: Water Absorb|[of] p1a: Feraligatr\n|move|p2a: Volcanion|Steam Eruption|p1a: Feraligatr\n|-resisted|p1a: Feraligatr\n|-damage|p1a: Feraligatr|11/264\n|\n|upkeep\n|turn|18\n|\n|t:|1781463302\n|move|p1a: Feraligatr|Trailblaze|p2a: Volcanion\n|-damage|p2a: Volcanion|2/255\n|move|p2a: Volcanion|Steam Eruption|p1a: Feraligatr\n|-resisted|p1a: Feraligatr\n|-damage|p1a: Feraligatr|0 fnt\n|faint|p1a: Feraligatr\n|\n|upkeep\n|-message|Rlindrud forfeited.\n|\n|win|kingcrossx\n|raw|Rlindrud's rating: 1269 &rarr; <strong>1244</strong><br />(-25 for losing)\n|raw|kingcrossx's rating: 1274 &rarr; <strong>1299</strong><br />(+25 for winning)\n|l|\u2606Rlindrud\n|player|p1|\n", "uploadtime": 1781463308, "views": 2, "formatid": "gen9randombattle", "rating": 1244, "private": 0, "password": null}