{"id": "gen9randombattle-2631968775", "format": "[Gen 9] Random Battle", "players": ["regu2", "TheSakman"], "log": "|j|\u2606regu2\n|j|\u2606TheSakman\n|t:|1781461047\n|gametype|singles\n|player|p1|regu2|169|2014\n|player|p2|TheSakman|ltsurge|1998\n|gen|9\n|tier|[Gen 9] Random Battle\n|rated|\n|rule|Species Clause: Limit one of each Pok\u00e9mon\n|rule|HP Percentage Mod: HP is shown in percentages\n|rule|Sleep Clause Mod: Limit one foe put to sleep\n|rule|Illusion Level Mod: Illusion disguises the Pok\u00e9mon's true level\n|\n|t:|1781461047\n|teamsize|p1|6\n|teamsize|p2|6\n|start\n|switch|p1a: Beartic|Beartic, L91, F|321/321\n|switch|p2a: Arcanine|Arcanine-Hisui, L79, F|280/280\n|turn|1\n|inactive|Battle timer is ON: inactive players will automatically lose when time's up. (requested by regu2)\n|\n|t:|1781461067\n|move|p2a: Arcanine|Head Smash|p1a: Beartic|[miss]\n|-miss|p2a: Arcanine|p1a: Beartic\n|move|p1a: Beartic|Earthquake|p2a: Arcanine\n|-supereffective|p2a: Arcanine\n|-damage|p2a: Arcanine|0 fnt\n|faint|p2a: Arcanine\n|\n|upkeep\n|j| asdatrolleyboi\n|\n|t:|1781461076\n|switch|p2a: Ogerpon|Ogerpon-Wellspring, L76, F|247/247\n|turn|2\n|\n|t:|1781461084\n|move|p2a: Ogerpon|Spikes|p1a: Beartic\n|-sidestart|p1: regu2|Spikes\n|move|p1a: Beartic|Snowscape|p1a: Beartic\n|-weather|Snowscape\n|\n|-weather|Snowscape|[upkeep]\n|upkeep\n|turn|3\n|\n|t:|1781461106\n|switch|p2a: Eiscue|Eiscue, L88, F|274/274\n|move|p1a: Beartic|Icicle Crash|p2a: Eiscue\n|-activate|p2a: Eiscue|ability: Ice Face\n|-damage|p2a: Eiscue|274/274\n|detailschange|p2a: Eiscue|Eiscue-Noice, L88, F\n|\n|-weather|Snowscape|[upkeep]\n|upkeep\n|turn|4\n|\n|t:|1781461114\n|move|p1a: Beartic|Close Combat|p2a: Eiscue\n|-supereffective|p2a: Eiscue\n|-damage|p2a: Eiscue|76/274\n|-unboost|p1a: Beartic|def|1\n|-unboost|p1a: Beartic|spd|1\n|-enditem|p2a: Eiscue|Sitrus Berry|[eat]\n|-heal|p2a: Eiscue|144/274|[from] item: Sitrus Berry\n|move|p2a: Eiscue|Belly Drum|p2a: Eiscue\n|-damage|p2a: Eiscue|7/274\n|-setboost|p2a: Eiscue|atk|6|[from] move: Belly Drum\n|\n|-weather|Snowscape|[upkeep]\n|upkeep\n|turn|5\n|\n|t:|1781461128\n|-terastallize|p2a: Eiscue|Water\n|move|p1a: Beartic|Close Combat|p2a: Eiscue\n|-damage|p2a: Eiscue|0 fnt\n|-unboost|p1a: Beartic|def|1\n|-unboost|p1a: Beartic|spd|1\n|faint|p2a: Eiscue\n|\n|-weather|Snowscape|[upkeep]\n|upkeep\n|-message|TheSakman forfeited.\n|\n|win|regu2\n", "uploadtime": 1781461050, "views": 4, "formatid": "gen9randombattle", "rating": null, "private": 0, "password": null}