{"id": "gen9randombattle-2631736335", "format": "[Gen 9] Random Battle", "players": ["art-hyste", "kyroshero"], "log": "|j|\u2606art-hyste\n|j|\u2606kyroshero\n|t:|1781431137\n|gametype|singles\n|player|p1|art-hyste|blackbelt-gen4dp|1369\n|player|p2|kyroshero|drayden|1341\n|gen|9\n|tier|[Gen 9] Random Battle\n|rated|\n|rule|Species Clause: Limit one of each Pok\u00e9mon\n|rule|HP Percentage Mod: HP is shown in percentages\n|rule|Sleep Clause Mod: Limit one foe put to sleep\n|rule|Illusion Level Mod: Illusion disguises the Pok\u00e9mon's true level\n|\n|t:|1781431137\n|teamsize|p1|6\n|teamsize|p2|6\n|start\n|switch|p1a: Lilligant|Lilligant-Hisui, L79, F|240/240\n|switch|p2a: Iron Boulder|Iron Boulder, L77|265/265\n|turn|1\n|inactive|Battle timer is ON: inactive players will automatically lose when time's up. (requested by kyroshero)\n|\n|t:|1781431143\n|-end|p2a: Iron Boulder|Quark Drive|[silent]\n|switch|p2a: Forretress|Forretress, L84, M|263/263\n|move|p1a: Lilligant|Leaf Blade|p2a: Forretress\n|-resisted|p2a: Forretress\n|-damage|p2a: Forretress|232/263\n|-damage|p1a: Lilligant|216/240|[from] item: Life Orb\n|\n|-heal|p2a: Forretress|248/263|[from] item: Leftovers\n|upkeep\n|turn|2\n|\n|t:|1781431155\n|move|p1a: Lilligant|Victory Dance|p1a: Lilligant\n|-boost|p1a: Lilligant|atk|1\n|-boost|p1a: Lilligant|def|1\n|-boost|p1a: Lilligant|spe|1\n|move|p2a: Forretress|Thunder Wave|p1a: Lilligant\n|-status|p1a: Lilligant|par\n|\n|-heal|p2a: Forretress|263/263|[from] item: Leftovers\n|upkeep\n|turn|3\n|\n|t:|1781431164\n|move|p1a: Lilligant|Victory Dance|p1a: Lilligant\n|-boost|p1a: Lilligant|atk|1\n|-boost|p1a: Lilligant|def|1\n|-boost|p1a: Lilligant|spe|1\n|move|p2a: Forretress|Iron Head|p1a: Lilligant\n|-crit|p1a: Lilligant\n|-damage|p1a: Lilligant|83/240 par\n|\n|upkeep\n|turn|4\n|\n|t:|1781431167\n|move|p1a: Lilligant|Close Combat|p2a: Forretress\n|-ability|p2a: Forretress|Sturdy\n|-damage|p2a: Forretress|1/263\n|-unboost|p1a: Lilligant|def|1\n|-unboost|p1a: Lilligant|spd|1\n|-damage|p1a: Lilligant|59/240 par|[from] item: Life Orb\n|move|p2a: Forretress|Iron Head|p1a: Lilligant\n|-damage|p1a: Lilligant|0 fnt\n|faint|p1a: Lilligant\n|\n|-heal|p2a: Forretress|17/263|[from] item: Leftovers\n|upkeep\n|\n|t:|1781431177\n|switch|p1a: Dugtrio|Dugtrio, L84, F|196/196\n|turn|5\n|\n|t:|1781431192\n|move|p1a: Dugtrio|Throat Chop|p2a: Forretress\n|-damage|p2a: Forretress|0 fnt\n|faint|p2a: Forretress\n|\n|upkeep\n|\n|t:|1781431199\n|switch|p2a: Delphox|Delphox, L84, F|263/263\n|turn|6\n|\n|t:|1781431213\n|switch|p1a: Phione|Phione, L91|293/293\n|-terastallize|p2a: Delphox|Grass\n|move|p2a: Delphox|Nasty Plot|p2a: Delphox\n|-boost|p2a: Delphox|spa|2\n|\n|upkeep\n|turn|7\n|\n|t:|1781431234\n|-terastallize|p1a: Phione|Grass\n|move|p2a: Delphox|Psyshock|p1a: Phione\n|-damage|p1a: Phione|112/293\n|move|p1a: Phione|Ice Beam|p2a: Delphox\n|-supereffective|p2a: Delphox\n|-damage|p2a: Delphox|147/263\n|\n|-heal|p1a: Phione|130/293|[from] item: Leftovers\n|upkeep\n|turn|8\n|\n|t:|1781431251\n|move|p2a: Delphox|Fire Blast|p1a: Phione\n|-supereffective|p1a: Phione\n|-damage|p1a: Phione|0 fnt\n|faint|p1a: Phione\n|\n|upkeep\n|\n|t:|1781431254\n|switch|p1a: Dugtrio|Dugtrio, L84, F|196/196\n|turn|9\n|\n|t:|1781431260\n|move|p1a: Dugtrio|Earthquake|p2a: Delphox\n|-resisted|p2a: Delphox\n|-damage|p2a: Delphox|52/263\n|move|p2a: Delphox|Grass Knot|p1a: Dugtrio\n|-supereffective|p1a: Dugtrio\n|-damage|p1a: Dugtrio|0 fnt\n|faint|p1a: Dugtrio\n|\n|upkeep\n|\n|t:|1781431264\n|switch|p1a: Glalie|Glalie, L96, F|309/309\n|turn|10\n|\n|t:|1781431267\n|move|p2a: Delphox|Fire Blast|p1a: Glalie|[miss]\n|-miss|p2a: Delphox|p1a: Glalie\n|move|p1a: Glalie|Freeze-Dry|p2a: Delphox\n|-supereffective|p2a: Delphox\n|-damage|p2a: Delphox|0 fnt\n|faint|p2a: Delphox\n|\n|upkeep\n|\n|t:|1781431271\n|switch|p2a: Iron Boulder|Iron Boulder, L77|265/265\n|turn|11\n|\n|t:|1781431278\n|move|p2a: Iron Boulder|Swords Dance|p2a: Iron Boulder\n|-boost|p2a: Iron Boulder|atk|2\n|move|p1a: Glalie|Earthquake|p2a: Iron Boulder\n|-supereffective|p2a: Iron Boulder\n|-damage|p2a: Iron Boulder|91/265\n|\n|upkeep\n|turn|12\n|\n|t:|1781431286\n|switch|p1a: Oranguru|Oranguru, L92, F|315/315\n|move|p2a: Iron Boulder|Mighty Cleave|p1a: Oranguru\n|-damage|p1a: Oranguru|73/315\n|-damage|p2a: Iron Boulder|65/265|[from] item: Life Orb\n|\n|-heal|p1a: Oranguru|92/315|[from] item: Leftovers\n|upkeep\n|turn|13\n|\n|t:|1781431293\n|move|p2a: Iron Boulder|Mighty Cleave|p1a: Oranguru\n|-crit|p1a: Oranguru\n|-damage|p1a: Oranguru|0 fnt\n|faint|p1a: Oranguru\n|-damage|p2a: Iron Boulder|39/265|[from] item: Life Orb\n|\n|upkeep\n|\n|t:|1781431301\n|switch|p1a: Glalie|Glalie, L96, F|309/309\n|turn|14\n|\n|t:|1781431305\n|move|p2a: Iron Boulder|Mighty Cleave|p1a: Glalie\n|-supereffective|p1a: Glalie\n|-damage|p1a: Glalie|0 fnt\n|faint|p1a: Glalie\n|-damage|p2a: Iron Boulder|13/265|[from] item: Life Orb\n|\n|upkeep\n|\n|t:|1781431307\n|switch|p1a: Gouging Fire|Gouging Fire, L74|277/277\n|turn|15\n|\n|t:|1781431314\n|move|p2a: Iron Boulder|Mighty Cleave|p1a: Gouging Fire\n|-supereffective|p1a: Gouging Fire\n|-damage|p1a: Gouging Fire|0 fnt\n|faint|p1a: Gouging Fire\n|-end|p1a: Gouging Fire|Protosynthesis|[silent]\n|-damage|p2a: Iron Boulder|0 fnt|[from] item: Life Orb\n|faint|p2a: Iron Boulder\n|-end|p2a: Iron Boulder|Quark Drive|[silent]\n|\n|win|kyroshero\n|raw|art-hyste's rating: 1369 &rarr; <strong>1349</strong><br />(-20 for losing)\n|raw|kyroshero's rating: 1361 &rarr; <strong>1381</strong><br />(+20 for winning)\n|l|\u2606art-hyste\n|player|p1|\n", "uploadtime": 1781431320, "views": 7, "formatid": "gen9randombattle", "rating": 1349, "private": 0, "password": null}