{"id": "gen9randombattle-2631371345", "format": "[Gen 9] Random Battle", "players": ["AshJogos43", "CACHIUW12"], "log": "|j|\u2606AshJogos43\n|j|\u2606CACHIUW12\n|t:|1781376787\n|gametype|singles\n|player|p1|AshJogos43|265|1492\n|player|p2|CACHIUW12|102|1533\n|gen|9\n|tier|[Gen 9] Random Battle\n|rated|\n|rule|Species Clause: Limit one of each Pok\u00e9mon\n|rule|HP Percentage Mod: HP is shown in percentages\n|rule|Sleep Clause Mod: Limit one foe put to sleep\n|rule|Illusion Level Mod: Illusion disguises the Pok\u00e9mon's true level\n|\n|t:|1781376787\n|teamsize|p1|6\n|teamsize|p2|6\n|start\n|switch|p1a: Hoopa|Hoopa, L85|275/275\n|switch|p2a: Amoonguss|Amoonguss, L82, M|321/321\n|turn|1\n|\n|t:|1781376825\n|switch|p1a: Meganium|Meganium, L90, F|290/290\n|switch|p2a: Hydrapple|Hydrapple, L83, M|312/312\n|\n|upkeep\n|turn|2\n|\n|t:|1781376857\n|move|p1a: Meganium|Knock Off|p2a: Hydrapple\n|-damage|p2a: Hydrapple|249/312\n|-enditem|p2a: Hydrapple|Choice Specs|[from] move: Knock Off|[of] p1a: Meganium\n|move|p2a: Hydrapple|Draco Meteor|p1a: Meganium\n|-damage|p1a: Meganium|146/290\n|-unboost|p2a: Hydrapple|spa|2\n|\n|-heal|p1a: Meganium|164/290|[from] item: Leftovers\n|upkeep\n|turn|3\n|\n|t:|1781376884\n|switch|p2a: Bastiodon|Bastiodon, L89, M|252/252\n|move|p1a: Meganium|Synthesis|p1a: Meganium\n|-heal|p1a: Meganium|290/290\n|\n|upkeep\n|turn|4\n|\n|t:|1781376893\n|move|p1a: Meganium|Leech Seed|p2a: Bastiodon\n|-start|p2a: Bastiodon|move: Leech Seed\n|move|p2a: Bastiodon|Iron Defense|p2a: Bastiodon\n|-boost|p2a: Bastiodon|def|2\n|\n|-damage|p2a: Bastiodon|221/252|[from] Leech Seed|[of] p1a: Meganium\n|upkeep\n|turn|5\n|\n|t:|1781376905\n|switch|p2a: Amoonguss|Amoonguss, L82, M|321/321\n|move|p1a: Meganium|Knock Off|p2a: Amoonguss\n|-damage|p2a: Amoonguss|240/321\n|-enditem|p2a: Amoonguss|Leftovers|[from] move: Knock Off|[of] p1a: Meganium\n|\n|upkeep\n|turn|6\n|\n|t:|1781376921\n|switch|p1a: Klefki|Klefki, L84, M|233/233\n|move|p2a: Amoonguss|Sludge Bomb|p1a: Klefki\n|-immune|p1a: Klefki\n|\n|upkeep\n|turn|7\n|\n|t:|1781376929\n|move|p1a: Klefki|Thunder Wave|p2a: Amoonguss\n|-status|p2a: Amoonguss|par\n|move|p2a: Amoonguss|Stomping Tantrum|p1a: Klefki\n|-supereffective|p1a: Klefki\n|-damage|p1a: Klefki|59/233\n|\n|-heal|p1a: Klefki|73/233|[from] item: Leftovers\n|upkeep\n|turn|8\n|\n|t:|1781376943\n|move|p1a: Klefki|Spikes|p2a: Amoonguss\n|-sidestart|p2: CACHIUW12|Spikes\n|move|p2a: Amoonguss|Stomping Tantrum|p1a: Klefki\n|-supereffective|p1a: Klefki\n|-damage|p1a: Klefki|0 fnt\n|faint|p1a: Klefki\n|\n|upkeep\n|\n|t:|1781376955\n|switch|p1a: Chi-Yu|Chi-Yu, L77|211/211\n|-ability|p1a: Chi-Yu|Beads of Ruin\n|turn|9\n|\n|t:|1781377005\n|switch|p2a: Bastiodon|Bastiodon, L89, M|221/252\n|-damage|p2a: Bastiodon|190/252|[from] Spikes\n|move|p1a: Chi-Yu|Flamethrower|p2a: Bastiodon\n|-crit|p2a: Bastiodon\n|-damage|p2a: Bastiodon|60/252\n|\n|upkeep\n|turn|10\n|\n|t:|1781377018\n|move|p1a: Chi-Yu|Flamethrower|p2a: Bastiodon\n|-damage|p2a: Bastiodon|0 fnt\n|faint|p2a: Bastiodon\n|\n|upkeep\n|\n|t:|1781377030\n|switch|p2a: Lapras|Lapras, L87, F|367/367\n|-damage|p2a: Lapras|322/367|[from] Spikes\n|turn|11\n|\n|t:|1781377040\n|switch|p1a: Hoopa|Hoopa, L85|275/275\n|-terastallize|p2a: Lapras|Ground\n|move|p2a: Lapras|Earthquake|p1a: Hoopa\n|-damage|p1a: Hoopa|137/275\n|\n|upkeep\n|turn|12\n|\n|t:|1781377059\n|move|p1a: Hoopa|Focus Blast|p2a: Lapras\n|-crit|p2a: Lapras\n|-damage|p2a: Lapras|85/367\n|-damage|p1a: Hoopa|110/275|[from] item: Life Orb\n|move|p2a: Lapras|Earthquake|p1a: Hoopa\n|-damage|p1a: Hoopa|0 fnt\n|faint|p1a: Hoopa\n|\n|upkeep\n|\n|t:|1781377063\n|switch|p1a: Dipplin|Dipplin, L88, F|284/284\n|turn|13\n|\n|t:|1781377072\n|move|p1a: Dipplin|Sucker Punch|p2a: Lapras\n|-damage|p2a: Lapras|36/367\n|move|p2a: Lapras|Icicle Spear|p1a: Dipplin\n|-supereffective|p1a: Dipplin\n|-damage|p1a: Dipplin|224/284\n|-supereffective|p1a: Dipplin\n|-damage|p1a: Dipplin|164/284\n|-supereffective|p1a: Dipplin\n|-damage|p1a: Dipplin|100/284\n|-supereffective|p1a: Dipplin\n|-damage|p1a: Dipplin|40/284\n|-supereffective|p1a: Dipplin\n|-damage|p1a: Dipplin|0 fnt\n|faint|p1a: Dipplin\n|-hitcount|p1: Dipplin|5\n|\n|upkeep\n|\n|t:|1781377079\n|switch|p1a: Chi-Yu|Chi-Yu, L77|211/211\n|-ability|p1a: Chi-Yu|Beads of Ruin\n|turn|14\n|\n|t:|1781377088\n|move|p1a: Chi-Yu|Flamethrower|p2a: Lapras\n|-damage|p2a: Lapras|0 fnt\n|faint|p2a: Lapras\n|\n|upkeep\n|\n|t:|1781377096\n|switch|p2a: Porygon2|Porygon2, L81|270/270\n|-damage|p2a: Porygon2|237/270|[from] Spikes\n|-ability|p2a: Porygon2|Download|boost\n|-boost|p2a: Porygon2|atk|1\n|turn|15\n|\n|t:|1781377101\n|move|p1a: Chi-Yu|Flamethrower|p2a: Porygon2\n|-damage|p2a: Porygon2|146/270\n|move|p2a: Porygon2|Thunder Wave|p1a: Chi-Yu\n|-status|p1a: Chi-Yu|par\n|\n|upkeep\n|turn|16\n|\n|t:|1781377108\n|move|p1a: Chi-Yu|Flamethrower|p2a: Porygon2\n|-damage|p2a: Porygon2|59/270\n|move|p2a: Porygon2|Recover|p2a: Porygon2\n|-heal|p2a: Porygon2|194/270\n|\n|upkeep\n|turn|17\n|\n|t:|1781377111\n|move|p1a: Chi-Yu|Flamethrower|p2a: Porygon2\n|-damage|p2a: Porygon2|107/270\n|move|p2a: Porygon2|Recover|p2a: Porygon2\n|-heal|p2a: Porygon2|242/270\n|\n|upkeep\n|turn|18\n|\n|t:|1781377125\n|switch|p1a: Miraidon|Miraidon, L65|238/238\n|-fieldstart|move: Electric Terrain|[from] ability: Hadron Engine|[of] p1a: Miraidon\n|move|p2a: Porygon2|Recover|p2a: Porygon2\n|-heal|p2a: Porygon2|270/270\n|\n|upkeep\n|turn|19\n|\n|t:|1781377138\n|move|p1a: Miraidon|Draco Meteor|p2a: Porygon2\n|-damage|p2a: Porygon2|144/270\n|-unboost|p1a: Miraidon|spa|2\n|-damage|p1a: Miraidon|215/238|[from] item: Life Orb\n|move|p2a: Porygon2|Shadow Ball|p1a: Miraidon\n|-damage|p1a: Miraidon|157/238\n|\n|upkeep\n|turn|20\n|\n|t:|1781377143\n|switch|p1a: Chi-Yu|Chi-Yu, L77|211/211 par\n|-ability|p1a: Chi-Yu|Beads of Ruin\n|move|p2a: Porygon2|Recover|p2a: Porygon2\n|-heal|p2a: Porygon2|270/270\n|\n|upkeep\n|turn|21\n|\n|t:|1781377146\n|move|p1a: Chi-Yu|Overheat|p2a: Porygon2\n|-damage|p2a: Porygon2|135/270\n|-unboost|p1a: Chi-Yu|spa|2\n|move|p2a: Porygon2|Shadow Ball|p1a: Chi-Yu\n|-resisted|p1a: Chi-Yu\n|-damage|p1a: Chi-Yu|187/211 par\n|\n|upkeep\n|turn|22\n|\n|t:|1781377154\n|switch|p1a: Meganium|Meganium, L90, F|290/290\n|move|p2a: Porygon2|Recover|p2a: Porygon2\n|-heal|p2a: Porygon2|270/270\n|\n|-fieldend|move: Electric Terrain\n|upkeep\n|turn|23\n|\n|t:|1781377158\n|move|p1a: Meganium|Leech Seed|p2a: Porygon2\n|-start|p2a: Porygon2|move: Leech Seed\n|move|p2a: Porygon2|Thunder Wave|p1a: Meganium|[miss]\n|-miss|p2a: Porygon2|p1a: Meganium\n|\n|-damage|p2a: Porygon2|237/270|[from] Leech Seed|[of] p1a: Meganium\n|upkeep\n|turn|24\n|\n|t:|1781377174\n|switch|p2a: Amoonguss|Amoonguss, L82, M|321/321 par\n|-damage|p2a: Amoonguss|281/321 par|[from] Spikes\n|move|p1a: Meganium|Knock Off|p2a: Amoonguss\n|-damage|p2a: Amoonguss|229/321 par\n|\n|upkeep\n|turn|25\n|\n|t:|1781377184\n|switch|p1a: Chi-Yu|Chi-Yu, L77|187/211 par\n|-ability|p1a: Chi-Yu|Beads of Ruin\n|cant|p2a: Amoonguss|par\n|\n|upkeep\n|turn|26\n|\n|t:|1781377190\n|move|p1a: Chi-Yu|Overheat|p2a: Amoonguss\n|-supereffective|p2a: Amoonguss\n|-damage|p2a: Amoonguss|0 fnt\n|-unboost|p1a: Chi-Yu|spa|2\n|faint|p2a: Amoonguss\n|\n|upkeep\n|\n|t:|1781377193\n|switch|p2a: Hariyama|Hariyama, L87, F|392/392\n|-damage|p2a: Hariyama|343/392|[from] Spikes\n|turn|27\n|\n|t:|1781377199\n|switch|p1a: Meganium|Meganium, L90, F|290/290\n|move|p2a: Hariyama|Knock Off|p1a: Meganium\n|-damage|p1a: Meganium|221/290\n|-enditem|p1a: Meganium|Leftovers|[from] move: Knock Off|[of] p2a: Hariyama\n|\n|-status|p2a: Hariyama|brn|[from] item: Flame Orb\n|upkeep\n|turn|28\n|\n|t:|1781377207\n|move|p1a: Meganium|Leech Seed|p2a: Hariyama\n|-start|p2a: Hariyama|move: Leech Seed\n|move|p2a: Hariyama|Facade|p1a: Meganium\n|-damage|p1a: Meganium|50/290\n|\n|-damage|p2a: Hariyama|294/392 brn|[from] Leech Seed|[of] p1a: Meganium\n|-heal|p1a: Meganium|99/290|[silent]\n|-damage|p2a: Hariyama|270/392 brn|[from] brn\n|upkeep\n|turn|29\n|\n|t:|1781377222\n|move|p1a: Meganium|Synthesis|p1a: Meganium\n|-heal|p1a: Meganium|244/290\n|move|p2a: Hariyama|Close Combat|p1a: Meganium\n|-damage|p1a: Meganium|31/290\n|-unboost|p2a: Hariyama|def|1\n|-unboost|p2a: Hariyama|spd|1\n|\n|-damage|p2a: Hariyama|221/392 brn|[from] Leech Seed|[of] p1a: Meganium\n|-heal|p1a: Meganium|80/290|[silent]\n|-damage|p2a: Hariyama|197/392 brn|[from] brn\n|upkeep\n|turn|30\n|\n|t:|1781377233\n|switch|p2a: Porygon2|Porygon2, L81|237/270\n|-damage|p2a: Porygon2|204/270|[from] Spikes\n|-ability|p2a: Porygon2|Download|boost\n|-boost|p2a: Porygon2|spa|1\n|move|p1a: Meganium|Synthesis|p1a: Meganium\n|-heal|p1a: Meganium|225/290\n|\n|upkeep\n|turn|31\n|\n|t:|1781377243\n|move|p1a: Meganium|Leech Seed|p2a: Porygon2\n|-start|p2a: Porygon2|move: Leech Seed\n|move|p2a: Porygon2|Shadow Ball|p1a: Meganium\n|-damage|p1a: Meganium|159/290\n|\n|-damage|p2a: Porygon2|171/270|[from] Leech Seed|[of] p1a: Meganium\n|-heal|p1a: Meganium|192/290|[silent]\n|upkeep\n|turn|32\n|\n|t:|1781377250\n|move|p1a: Meganium|Energy Ball|p2a: Porygon2\n|-damage|p2a: Porygon2|107/270\n|move|p2a: Porygon2|Recover|p2a: Porygon2\n|-heal|p2a: Porygon2|242/270\n|\n|-damage|p2a: Porygon2|209/270|[from] Leech Seed|[of] p1a: Meganium\n|-heal|p1a: Meganium|225/290|[silent]\n|upkeep\n|turn|33\n|\n|t:|1781377256\n|switch|p2a: Hydrapple|Hydrapple, L83, M|312/312\n|-damage|p2a: Hydrapple|273/312|[from] Spikes\n|move|p1a: Meganium|Knock Off|p2a: Hydrapple\n|-damage|p2a: Hydrapple|229/312\n|\n|upkeep\n|turn|34\n|\n|t:|1781377267\n|move|p1a: Meganium|Knock Off|p2a: Hydrapple\n|-damage|p2a: Hydrapple|192/312\n|move|p2a: Hydrapple|Fickle Beam|p1a: Meganium\n|-damage|p1a: Meganium|146/290\n|\n|upkeep\n|turn|35\n|\n|t:|1781377272\n|move|p1a: Meganium|Synthesis|p1a: Meganium\n|-heal|p1a: Meganium|290/290\n|move|p2a: Hydrapple|Fickle Beam|p1a: Meganium\n|-damage|p1a: Meganium|205/290\n|\n|upkeep\n|turn|36\n|\n|t:|1781377278\n|move|p1a: Meganium|Knock Off|p2a: Hydrapple\n|-damage|p2a: Hydrapple|150/312\n|move|p2a: Hydrapple|Fickle Beam|p1a: Meganium|[anim] Fickle Beam All Out\n|-activate|p2a: Hydrapple|move: Fickle Beam\n|-damage|p1a: Meganium|31/290\n|\n|upkeep\n|turn|37\n|\n|t:|1781377291\n|move|p1a: Meganium|Synthesis|p1a: Meganium\n|-heal|p1a: Meganium|176/290\n|move|p2a: Hydrapple|Fickle Beam|p1a: Meganium\n|-damage|p1a: Meganium|95/290\n|\n|upkeep\n|turn|38\n|\n|t:|1781377304\n|move|p1a: Meganium|Synthesis|p1a: Meganium\n|-heal|p1a: Meganium|240/290\n|move|p2a: Hydrapple|Fickle Beam|p1a: Meganium|[anim] Fickle Beam All Out\n|-activate|p2a: Hydrapple|move: Fickle Beam\n|-damage|p1a: Meganium|87/290\n|\n|upkeep\n|turn|39\n|\n|t:|1781377308\n|move|p1a: Meganium|Synthesis|p1a: Meganium\n|-heal|p1a: Meganium|232/290\n|move|p2a: Hydrapple|Draco Meteor|p1a: Meganium\n|-damage|p1a: Meganium|96/290\n|-unboost|p2a: Hydrapple|spa|2\n|\n|upkeep\n|turn|40\n|\n|t:|1781377320\n|switch|p2a: Porygon2|Porygon2, L81|209/270\n|-damage|p2a: Porygon2|176/270|[from] Spikes\n|-ability|p2a: Porygon2|Download|boost\n|-boost|p2a: Porygon2|spa|1\n|move|p1a: Meganium|Knock Off|p2a: Porygon2\n|-damage|p2a: Porygon2|128/270\n|-enditem|p2a: Porygon2|Eviolite|[from] move: Knock Off|[of] p1a: Meganium\n|\n|upkeep\n|turn|41\n|\n|t:|1781377335\n|move|p1a: Meganium|Leech Seed|p2a: Porygon2\n|-start|p2a: Porygon2|move: Leech Seed\n|move|p2a: Porygon2|Shadow Ball|p1a: Meganium\n|-damage|p1a: Meganium|22/290\n|\n|-damage|p2a: Porygon2|95/270|[from] Leech Seed|[of] p1a: Meganium\n|-heal|p1a: Meganium|55/290|[silent]\n|upkeep\n|turn|42\n|\n|t:|1781377340\n|move|p1a: Meganium|Synthesis|p1a: Meganium\n|-heal|p1a: Meganium|200/290\n|move|p2a: Porygon2|Recover|p2a: Porygon2\n|-heal|p2a: Porygon2|230/270\n|\n|-damage|p2a: Porygon2|197/270|[from] Leech Seed|[of] p1a: Meganium\n|-heal|p1a: Meganium|233/290|[silent]\n|upkeep\n|turn|43\n|\n|t:|1781377344\n|switch|p2a: Hydrapple|Hydrapple, L83, M|254/312\n|-damage|p2a: Hydrapple|215/312|[from] Spikes\n|move|p1a: Meganium|Energy Ball|p2a: Hydrapple\n|-resisted|p2a: Hydrapple\n|-damage|p2a: Hydrapple|187/312\n|-unboost|p2a: Hydrapple|spd|1\n|\n|upkeep\n|turn|44\n|\n|t:|1781377352\n|move|p1a: Meganium|Knock Off|p2a: Hydrapple\n|-damage|p2a: Hydrapple|147/312\n|move|p2a: Hydrapple|Fickle Beam|p1a: Meganium\n|-damage|p1a: Meganium|148/290\n|\n|upkeep\n|turn|45\n|\n|t:|1781377355\n|move|p1a: Meganium|Energy Ball|p2a: Hydrapple\n|-resisted|p2a: Hydrapple\n|-damage|p2a: Hydrapple|106/312\n|move|p2a: Hydrapple|Fickle Beam|p1a: Meganium\n|-damage|p1a: Meganium|63/290\n|\n|upkeep\n|turn|46\n|\n|t:|1781377360\n|move|p1a: Meganium|Energy Ball|p2a: Hydrapple\n|-resisted|p2a: Hydrapple\n|-damage|p2a: Hydrapple|46/312\n|move|p2a: Hydrapple|Fickle Beam|p1a: Meganium\n|-damage|p1a: Meganium|0 fnt\n|faint|p1a: Meganium\n|\n|upkeep\n|\n|t:|1781377369\n|switch|p1a: Miraidon|Miraidon, L65|157/238\n|-fieldstart|move: Electric Terrain|[from] ability: Hadron Engine|[of] p1a: Miraidon\n|turn|47\n|\n|t:|1781377375\n|move|p1a: Miraidon|Dragon Pulse|p2a: Hydrapple\n|-supereffective|p2a: Hydrapple\n|-damage|p2a: Hydrapple|0 fnt\n|faint|p2a: Hydrapple\n|-damage|p1a: Miraidon|134/238|[from] item: Life Orb\n|\n|upkeep\n|\n|t:|1781377380\n|switch|p2a: Porygon2|Porygon2, L81|197/270\n|-damage|p2a: Porygon2|164/270|[from] Spikes\n|-ability|p2a: Porygon2|Download|boost\n|-boost|p2a: Porygon2|atk|1\n|turn|48\n|\n|t:|1781377384\n|-terastallize|p1a: Miraidon|Electric\n|move|p1a: Miraidon|Draco Meteor|p2a: Porygon2\n|-damage|p2a: Porygon2|0 fnt\n|-unboost|p1a: Miraidon|spa|2\n|faint|p2a: Porygon2\n|-damage|p1a: Miraidon|111/238|[from] item: Life Orb\n|\n|upkeep\n|\n|t:|1781377386\n|switch|p2a: Hariyama|Hariyama, L87, F|197/392 brn\n|-damage|p2a: Hariyama|148/392 brn|[from] Spikes\n|turn|49\n|\n|t:|1781377392\n|switch|p1a: Chi-Yu|Chi-Yu, L77|187/211 par\n|-ability|p1a: Chi-Yu|Beads of Ruin\n|move|p2a: Hariyama|Headlong Rush|p1a: Chi-Yu\n|-supereffective|p1a: Chi-Yu\n|-damage|p1a: Chi-Yu|0 fnt\n|-unboost|p2a: Hariyama|def|1\n|-unboost|p2a: Hariyama|spd|1\n|faint|p1a: Chi-Yu\n|\n|-damage|p2a: Hariyama|124/392 brn|[from] brn\n|upkeep\n|\n|t:|1781377394\n|switch|p1a: Miraidon|Miraidon, L65, tera:Electric|111/238\n|-activate|p1a: Miraidon|ability: Hadron Engine\n|turn|50\n|\n|t:|1781377396\n|move|p1a: Miraidon|Electro Drift|p2a: Hariyama\n|-damage|p2a: Hariyama|0 fnt\n|faint|p2a: Hariyama\n|-damage|p1a: Miraidon|88/238|[from] item: Life Orb\n|\n|win|AshJogos43\n|raw|AshJogos43's rating: 1492 &rarr; <strong>1514</strong><br />(+22 for winning)\n|raw|CACHIUW12's rating: 1533 &rarr; <strong>1511</strong><br />(-22 for losing)\n", "uploadtime": 1781377422, "views": 6, "formatid": "gen9randombattle", "rating": 1511, "private": 0, "password": null}