{"id": "gen9randombattle-2631898094", "format": "[Gen 9] Random Battle", "players": ["znardz", "Gatoskater"], "log": "|j|\u2606znardz\n|j|\u2606Gatoskater\n|t:|1781453339\n|gametype|singles\n|player|p1|znardz|cynthia-gen4|1367\n|player|p2|Gatoskater|ghetsis|1337\n|gen|9\n|tier|[Gen 9] Random Battle\n|rated|\n|rule|Species Clause: Limit one of each Pok\u00e9mon\n|rule|HP Percentage Mod: HP is shown in percentages\n|rule|Sleep Clause Mod: Limit one foe put to sleep\n|rule|Illusion Level Mod: Illusion disguises the Pok\u00e9mon's true level\n|\n|t:|1781453339\n|teamsize|p1|6\n|teamsize|p2|6\n|start\n|switch|p1a: Volcanion|Volcanion, L79|256/256\n|switch|p2a: Honchkrow|Honchkrow, L86, F|312/312\n|turn|1\n|inactive|Battle timer is ON: inactive players will automatically lose when time's up. (requested by Gatoskater)\n|\n|t:|1781453352\n|move|p2a: Honchkrow|Thunder Wave|p1a: Volcanion\n|-status|p1a: Volcanion|par\n|move|p1a: Volcanion|Steam Eruption|p2a: Honchkrow\n|-damage|p2a: Honchkrow|131/312\n|\n|upkeep\n|turn|2\n|inactive|Gatoskater has 120 seconds left.\n|\n|t:|1781453386\n|switch|p2a: Dudunsparce|Dudunsparce-Three-Segment, L83, M|343/343\n|move|p1a: Volcanion|Steam Eruption|p2a: Dudunsparce\n|-damage|p2a: Dudunsparce|192/343\n|\n|-heal|p2a: Dudunsparce|213/343|[from] item: Leftovers\n|upkeep\n|turn|3\n|inactive|Gatoskater has 120 seconds left.\n|\n|t:|1781453418\n|move|p2a: Dudunsparce|Calm Mind|p2a: Dudunsparce\n|-boost|p2a: Dudunsparce|spa|1\n|-boost|p2a: Dudunsparce|spd|1\n|move|p1a: Volcanion|Steam Eruption|p2a: Dudunsparce\n|-damage|p2a: Dudunsparce|114/343\n|\n|-heal|p2a: Dudunsparce|135/343|[from] item: Leftovers\n|upkeep\n|turn|4\n|\n|t:|1781453427\n|move|p2a: Dudunsparce|Roost|p2a: Dudunsparce\n|-heal|p2a: Dudunsparce|307/343\n|-singleturn|p2a: Dudunsparce|move: Roost\n|move|p1a: Volcanion|Haze|p1a: Volcanion\n|-clearallboost\n|\n|-heal|p2a: Dudunsparce|328/343|[from] item: Leftovers\n|upkeep\n|turn|5\n|\n|t:|1781453433\n|switch|p1a: Sableye|Sableye, L88, M|231/231\n|move|p2a: Dudunsparce|Calm Mind|p2a: Dudunsparce\n|-boost|p2a: Dudunsparce|spa|1\n|-boost|p2a: Dudunsparce|spd|1\n|\n|-heal|p2a: Dudunsparce|343/343|[from] item: Leftovers\n|upkeep\n|turn|6\n|\n|t:|1781453446\n|move|p1a: Sableye|Encore|p2a: Dudunsparce\n|-start|p2a: Dudunsparce|Encore\n|move|p2a: Dudunsparce|Calm Mind|p2a: Dudunsparce\n|-boost|p2a: Dudunsparce|spa|1\n|-boost|p2a: Dudunsparce|spd|1\n|\n|upkeep\n|turn|7\n|\n|t:|1781453454\n|move|p1a: Sableye|Will-O-Wisp|p2a: Dudunsparce\n|-status|p2a: Dudunsparce|brn\n|move|p2a: Dudunsparce|Calm Mind|p2a: Dudunsparce\n|-boost|p2a: Dudunsparce|spa|1\n|-boost|p2a: Dudunsparce|spd|1\n|\n|-damage|p2a: Dudunsparce|322/343 brn|[from] brn\n|upkeep\n|turn|8\n|\n|t:|1781453458\n|move|p2a: Dudunsparce|Calm Mind|p2a: Dudunsparce\n|-boost|p2a: Dudunsparce|spa|1\n|-boost|p2a: Dudunsparce|spd|1\n|move|p1a: Sableye|Knock Off|p2a: Dudunsparce\n|-crit|p2a: Dudunsparce\n|-damage|p2a: Dudunsparce|181/343 brn\n|-ability|p2a: Dudunsparce|Rattled|boost\n|-boost|p2a: Dudunsparce|spe|1\n|-enditem|p2a: Dudunsparce|Leftovers|[from] move: Knock Off|[of] p1a: Sableye\n|\n|-damage|p2a: Dudunsparce|160/343 brn|[from] brn\n|-end|p2a: Dudunsparce|Encore\n|upkeep\n|turn|9\n|\n|t:|1781453471\n|move|p1a: Sableye|Encore|p2a: Dudunsparce\n|-start|p2a: Dudunsparce|Encore\n|move|p2a: Dudunsparce|Calm Mind|p2a: Dudunsparce\n|-boost|p2a: Dudunsparce|spa|1\n|-boost|p2a: Dudunsparce|spd|1\n|\n|-damage|p2a: Dudunsparce|139/343 brn|[from] brn\n|upkeep\n|turn|10\n|\n|t:|1781453484\n|switch|p2a: Passimian|Passimian, L83, M|302/302\n|move|p1a: Sableye|Knock Off|p2a: Passimian\n|-resisted|p2a: Passimian\n|-damage|p2a: Passimian|253/302\n|-enditem|p2a: Passimian|Choice Band|[from] move: Knock Off|[of] p1a: Sableye\n|\n|upkeep\n|turn|11\n|\n|t:|1781453498\n|move|p1a: Sableye|Will-O-Wisp|p2a: Passimian\n|-status|p2a: Passimian|brn\n|move|p2a: Passimian|Earthquake|p1a: Sableye\n|-damage|p1a: Sableye|187/231\n|\n|-heal|p1a: Sableye|201/231|[from] item: Leftovers\n|-damage|p2a: Passimian|235/302 brn|[from] brn\n|upkeep\n|turn|12\n|\n|t:|1781453512\n|move|p2a: Passimian|Knock Off|p1a: Sableye\n|-damage|p1a: Sableye|160/231\n|-enditem|p1a: Sableye|Leftovers|[from] move: Knock Off|[of] p2a: Passimian\n|move|p1a: Sableye|Knock Off|p2a: Passimian\n|-resisted|p2a: Passimian\n|-damage|p2a: Passimian|202/302 brn\n|\n|-damage|p2a: Passimian|184/302 brn|[from] brn\n|upkeep\n|turn|13\n|\n|t:|1781453521\n|move|p1a: Sableye|Encore|p2a: Passimian\n|-start|p2a: Passimian|Encore\n|move|p2a: Passimian|Knock Off|p1a: Sableye\n|-damage|p1a: Sableye|131/231\n|\n|-damage|p2a: Passimian|166/302 brn|[from] brn\n|upkeep\n|turn|14\n|\n|t:|1781453526\n|move|p2a: Passimian|Knock Off|p1a: Sableye\n|-damage|p1a: Sableye|101/231\n|move|p1a: Sableye|Knock Off|p2a: Passimian\n|-resisted|p2a: Passimian\n|-damage|p2a: Passimian|132/302 brn\n|\n|-damage|p2a: Passimian|114/302 brn|[from] brn\n|upkeep\n|turn|15\n|\n|t:|1781453528\n|move|p2a: Passimian|Knock Off|p1a: Sableye\n|-damage|p1a: Sableye|72/231\n|move|p1a: Sableye|Knock Off|p2a: Passimian\n|-resisted|p2a: Passimian\n|-damage|p2a: Passimian|84/302 brn\n|\n|-damage|p2a: Passimian|66/302 brn|[from] brn\n|-end|p2a: Passimian|Encore\n|upkeep\n|turn|16\n|\n|t:|1781453532\n|move|p1a: Sableye|Recover|p1a: Sableye\n|-heal|p1a: Sableye|188/231\n|move|p2a: Passimian|Knock Off|p1a: Sableye\n|-damage|p1a: Sableye|158/231\n|\n|-damage|p2a: Passimian|48/302 brn|[from] brn\n|upkeep\n|turn|17\n|\n|t:|1781453536\n|move|p2a: Passimian|Gunk Shot|p1a: Sableye\n|-resisted|p1a: Sableye\n|-damage|p1a: Sableye|130/231\n|move|p1a: Sableye|Knock Off|p2a: Passimian\n|-resisted|p2a: Passimian\n|-damage|p2a: Passimian|15/302 brn\n|\n|-damage|p2a: Passimian|0 fnt|[from] brn\n|faint|p2a: Passimian\n|upkeep\n|\n|t:|1781453553\n|switch|p2a: Honchkrow|Honchkrow, L86, F|131/312\n|turn|18\n|\n|t:|1781453558\n|move|p1a: Sableye|Recover|p1a: Sableye\n|-heal|p1a: Sableye|231/231\n|move|p2a: Honchkrow|Thunder Wave|p1a: Sableye\n|-status|p1a: Sableye|par\n|\n|upkeep\n|turn|19\n|\n|t:|1781453572\n|cant|p1a: Sableye|par\n|move|p2a: Honchkrow|Lash Out|p1a: Sableye\n|-damage|p1a: Sableye|123/231 par\n|\n|upkeep\n|turn|20\n|\n|t:|1781453585\n|switch|p1a: Baxcalibur|Baxcalibur, L75, M|295/295\n|move|p2a: Honchkrow|Brave Bird|p1a: Baxcalibur\n|-damage|p1a: Baxcalibur|115/295\n|-damage|p2a: Honchkrow|72/312|[from] Recoil\n|\n|upkeep\n|turn|21\n|\n|t:|1781453614\n|switch|p2a: Clawitzer|Clawitzer, L87, M|265/265\n|move|p1a: Baxcalibur|Icicle Spear|p2a: Clawitzer\n|-resisted|p2a: Clawitzer\n|-damage|p2a: Clawitzer|251/265\n|-resisted|p2a: Clawitzer\n|-damage|p2a: Clawitzer|237/265\n|-resisted|p2a: Clawitzer\n|-crit|p2a: Clawitzer\n|-damage|p2a: Clawitzer|216/265\n|-resisted|p2a: Clawitzer\n|-damage|p2a: Clawitzer|201/265\n|-resisted|p2a: Clawitzer\n|-damage|p2a: Clawitzer|186/265\n|-hitcount|p2a: Clawitzer|5\n|\n|upkeep\n|turn|22\n|\n|t:|1781453624\n|move|p1a: Baxcalibur|Scale Shot|p2a: Clawitzer\n|-damage|p2a: Clawitzer|158/265\n|-damage|p2a: Clawitzer|128/265\n|-damage|p2a: Clawitzer|98/265\n|-damage|p2a: Clawitzer|67/265\n|-hitcount|p2a: Clawitzer|4\n|-unboost|p1a: Baxcalibur|def|1\n|-boost|p1a: Baxcalibur|spe|1\n|move|p2a: Clawitzer|Dragon Pulse|p1a: Baxcalibur\n|-supereffective|p1a: Baxcalibur\n|-damage|p1a: Baxcalibur|0 fnt\n|faint|p1a: Baxcalibur\n|\n|upkeep\n|\n|t:|1781453634\n|switch|p1a: Wugtrio|Wugtrio, L91, M|212/212\n|turn|23\n|\n|t:|1781453650\n|move|p1a: Wugtrio|Stomping Tantrum|p2a: Clawitzer\n|-damage|p2a: Clawitzer|0 fnt\n|faint|p2a: Clawitzer\n|\n|upkeep\n|inactive|Gatoskater has 120 seconds left.\n|inactive|Gatoskater has 90 seconds left.\n|\n|t:|1781453707\n|switch|p2a: Meowstic|Meowstic, L89, M|277/277\n|turn|24\n|\n|t:|1781453721\n|switch|p1a: Sableye|Sableye, L88, M|123/231 par\n|move|p2a: Meowstic|Reflect|p2a: Meowstic\n|-sidestart|p2: Gatoskater|Reflect\n|\n|upkeep\n|turn|25\n|\n|t:|1781453733\n|move|p2a: Meowstic|Light Screen|p2a: Meowstic\n|-sidestart|p2: Gatoskater|move: Light Screen\n|move|p1a: Sableye|Encore|p2a: Meowstic\n|-start|p2a: Meowstic|Encore\n|\n|upkeep\n|turn|26\n|\n|t:|1781453743\n|switch|p2a: Dudunsparce|Dudunsparce-Three-Segment, L83, M|139/343 brn\n|move|p1a: Sableye|Will-O-Wisp|p2a: Dudunsparce\n|-fail|p2a: Dudunsparce|brn\n|\n|-damage|p2a: Dudunsparce|118/343 brn|[from] brn\n|upkeep\n|turn|27\n|\n|t:|1781453747\n|move|p1a: Sableye|Recover|p1a: Sableye\n|-heal|p1a: Sableye|231/231 par\n|move|p2a: Dudunsparce|Roost|p2a: Dudunsparce\n|-heal|p2a: Dudunsparce|290/343 brn\n|-singleturn|p2a: Dudunsparce|move: Roost\n|\n|-damage|p2a: Dudunsparce|269/343 brn|[from] brn\n|upkeep\n|turn|28\n|inactive|Gatoskater has 90 seconds left.\n|\n|t:|1781453756\n|cant|p1a: Sableye|par\n|move|p2a: Dudunsparce|Shadow Ball|p1a: Sableye\n|-damage|p1a: Sableye|168/231 par\n|\n|-damage|p2a: Dudunsparce|248/343 brn|[from] brn\n|upkeep\n|turn|29\n|\n|t:|1781453770\n|move|p2a: Dudunsparce|Calm Mind|p2a: Dudunsparce\n|-boost|p2a: Dudunsparce|spa|1\n|-boost|p2a: Dudunsparce|spd|1\n|move|p1a: Sableye|Knock Off|p2a: Dudunsparce\n|-damage|p2a: Dudunsparce|213/343 brn\n|-ability|p2a: Dudunsparce|Rattled|boost\n|-boost|p2a: Dudunsparce|spe|1\n|\n|-damage|p2a: Dudunsparce|192/343 brn|[from] brn\n|upkeep\n|turn|30\n|\n|t:|1781453777\n|move|p1a: Sableye|Encore|p2a: Dudunsparce\n|-start|p2a: Dudunsparce|Encore\n|move|p2a: Dudunsparce|Calm Mind|p2a: Dudunsparce\n|-boost|p2a: Dudunsparce|spa|1\n|-boost|p2a: Dudunsparce|spd|1\n|\n|-damage|p2a: Dudunsparce|171/343 brn|[from] brn\n|upkeep\n|turn|31\n|\n|t:|1781453797\n|switch|p2a: Conkeldurr|Conkeldurr, L80, M|299/299\n|switch|p1a: Volcanion|Volcanion, L79|256/256 par\n|\n|-sideend|p2: Gatoskater|Reflect\n|-status|p2a: Conkeldurr|brn|[from] item: Flame Orb\n|upkeep\n|turn|32\n|\n|t:|1781453812\n|switch|p1a: Sableye|Sableye, L88, M|168/231 par\n|move|p2a: Conkeldurr|Facade|p1a: Sableye\n|-immune|p1a: Sableye\n|\n|-damage|p2a: Conkeldurr|281/299 brn|[from] brn\n|-sideend|p2: Gatoskater|move: Light Screen\n|upkeep\n|turn|33\n|\n|t:|1781453821\n|cant|p1a: Sableye|par\n|move|p2a: Conkeldurr|Knock Off|p1a: Sableye\n|-damage|p1a: Sableye|80/231 par\n|\n|-damage|p2a: Conkeldurr|263/299 brn|[from] brn\n|upkeep\n|turn|34\n|\n|t:|1781453837\n|switch|p2a: Honchkrow|Honchkrow, L86, F|72/312\n|move|p1a: Sableye|Recover|p1a: Sableye\n|-heal|p1a: Sableye|196/231 par\n|\n|upkeep\n|turn|35\n|\n|t:|1781453845\n|move|p2a: Honchkrow|Lash Out|p1a: Sableye\n|-damage|p1a: Sableye|94/231 par\n|cant|p1a: Sableye|par\n|\n|upkeep\n|turn|36\n|\n|t:|1781453850\n|move|p1a: Sableye|Recover|p1a: Sableye\n|-heal|p1a: Sableye|210/231 par\n|move|p2a: Honchkrow|Brave Bird|p1a: Sableye\n|-damage|p1a: Sableye|30/231 par\n|-damage|p2a: Honchkrow|13/312|[from] Recoil\n|\n|upkeep\n|turn|37\n|\n|t:|1781453862\n|move|p1a: Sableye|Recover|p1a: Sableye\n|-heal|p1a: Sableye|146/231 par\n|move|p2a: Honchkrow|Lash Out|p1a: Sableye\n|-damage|p1a: Sableye|44/231 par\n|\n|upkeep\n|turn|38\n|\n|t:|1781453873\n|switch|p1a: Wugtrio|Wugtrio, L91, M|212/212\n|move|p2a: Honchkrow|Lash Out|p1a: Wugtrio\n|-damage|p1a: Wugtrio|71/212\n|-ability|p1a: Wugtrio|Gooey\n|-unboost|p2a: Honchkrow|spe|1\n|\n|upkeep\n|turn|39\n|\n|t:|1781453886\n|switch|p1a: Sableye|Sableye, L88, M|44/231 par\n|move|p2a: Honchkrow|Sucker Punch||[still]\n|-fail|p2a: Honchkrow\n|\n|upkeep\n|turn|40\n|\n|t:|1781453892\n|cant|p1a: Sableye|par\n|move|p2a: Honchkrow|Lash Out|p1a: Sableye\n|-damage|p1a: Sableye|0 fnt\n|faint|p1a: Sableye\n|-ability|p2a: Honchkrow|Moxie|boost\n|-boost|p2a: Honchkrow|atk|1\n|\n|upkeep\n|\n|t:|1781453909\n|switch|p1a: Wugtrio|Wugtrio, L91, M|71/212\n|turn|41\n|inactive|Gatoskater has 120 seconds left.\n|\n|t:|1781453914\n|move|p1a: Wugtrio|Aqua Jet|p2a: Honchkrow\n|-damage|p2a: Honchkrow|0 fnt\n|faint|p2a: Honchkrow\n|\n|upkeep\n|inactive|Gatoskater has 120 seconds left.\n|\n|t:|1781453928\n|switch|p2a: Meowstic|Meowstic, L89, M|277/277\n|turn|42\n|\n|t:|1781453942\n|switch|p1a: Ting-Lu|Ting-Lu, L78|370/370\n|-ability|p1a: Ting-Lu|Vessel of Ruin\n|move|p2a: Meowstic|Reflect|p2a: Meowstic\n|-sidestart|p2: Gatoskater|Reflect\n|\n|upkeep\n|turn|43\n|inactive|Gatoskater has 120 seconds left.\n|\n|t:|1781453959\n|switch|p2a: Conkeldurr|Conkeldurr, L80, M|263/299 brn\n|move|p1a: Ting-Lu|Heavy Slam|p2a: Conkeldurr\n|-damage|p2a: Conkeldurr|223/299 brn\n|\n|-damage|p2a: Conkeldurr|205/299 brn|[from] brn\n|upkeep\n|turn|44\n|inactive|Gatoskater has 120 seconds left.\n|inactive|znardz has 120 seconds left.\n|\n|t:|1781453991\n|-terastallize|p1a: Ting-Lu|Steel\n|move|p2a: Conkeldurr|Facade|p1a: Ting-Lu\n|-resisted|p1a: Ting-Lu\n|-damage|p1a: Ting-Lu|296/370\n|move|p1a: Ting-Lu|Earthquake|p2a: Conkeldurr\n|-damage|p2a: Conkeldurr|159/299 brn\n|\n|-heal|p1a: Ting-Lu|319/370|[from] item: Leftovers\n|-damage|p2a: Conkeldurr|141/299 brn|[from] brn\n|upkeep\n|turn|45\n|inactive|znardz has 120 seconds left.\n|inactive|Gatoskater has 120 seconds left.\n|\n|t:|1781454006\n|move|p2a: Conkeldurr|Close Combat|p1a: Ting-Lu\n|-supereffective|p1a: Ting-Lu\n|-damage|p1a: Ting-Lu|0 fnt\n|-unboost|p2a: Conkeldurr|def|1\n|-unboost|p2a: Conkeldurr|spd|1\n|faint|p1a: Ting-Lu\n|\n|-damage|p2a: Conkeldurr|123/299 brn|[from] brn\n|upkeep\n|inactive|znardz has 120 seconds left.\n|\n|t:|1781454011\n|switch|p1a: Wugtrio|Wugtrio, L91, M|71/212\n|turn|46\n|\n|t:|1781454021\n|move|p1a: Wugtrio|Aqua Jet|p2a: Conkeldurr\n|-damage|p2a: Conkeldurr|69/299 brn\n|move|p2a: Conkeldurr|Mach Punch|p1a: Wugtrio\n|-damage|p1a: Wugtrio|0 fnt\n|-ability|p1a: Wugtrio|Gooey\n|-unboost|p2a: Conkeldurr|spe|1\n|faint|p1a: Wugtrio\n|\n|-damage|p2a: Conkeldurr|51/299 brn|[from] brn\n|upkeep\n|\n|t:|1781454026\n|switch|p1a: Charizard|Charizard, L85, M|271/271\n|turn|47\n|\n|t:|1781454034\n|move|p1a: Charizard|Earthquake|p2a: Conkeldurr\n|-damage|p2a: Conkeldurr|0 fnt\n|faint|p2a: Conkeldurr\n|\n|upkeep\n|\n|t:|1781454050\n|switch|p2a: Meowstic|Meowstic, L89, M|277/277\n|turn|48\n|\n|t:|1781454059\n|move|p2a: Meowstic|Yawn|p1a: Charizard\n|-start|p1a: Charizard|move: Yawn|[of] p2a: Meowstic\n|move|p1a: Charizard|Swords Dance|p1a: Charizard\n|-boost|p1a: Charizard|atk|2\n|\n|upkeep\n|turn|49\n|\n|t:|1781454067\n|move|p2a: Meowstic|Reflect||[still]\n|-fail|p2a: Meowstic\n|move|p1a: Charizard|Outrage|p2a: Meowstic\n|-damage|p2a: Meowstic|190/277\n|\n|-end|p1a: Charizard|move: Yawn|[silent]\n|-status|p1a: Charizard|slp\n|-sideend|p2: Gatoskater|Reflect\n|upkeep\n|turn|50\n|\n|t:|1781454079\n|move|p2a: Meowstic|Reflect|p2a: Meowstic\n|-sidestart|p2: Gatoskater|Reflect\n|cant|p1a: Charizard|slp\n|\n|upkeep\n|turn|51\n|\n|t:|1781454084\n|switch|p2a: Dudunsparce|Dudunsparce-Three-Segment, L83, M|171/343 brn\n|cant|p1a: Charizard|slp\n|\n|-damage|p2a: Dudunsparce|150/343 brn|[from] brn\n|upkeep\n|turn|52\n|\n|t:|1781454090\n|-curestatus|p1a: Charizard|slp|[msg]\n|move|p1a: Charizard|Flare Blitz|p2a: Dudunsparce\n|-damage|p2a: Dudunsparce|27/343 brn\n|-damage|p1a: Charizard|230/271|[from] Recoil\n|move|p2a: Dudunsparce|Roost|p2a: Dudunsparce\n|-heal|p2a: Dudunsparce|199/343 brn\n|-singleturn|p2a: Dudunsparce|move: Roost\n|\n|-damage|p2a: Dudunsparce|178/343 brn|[from] brn\n|upkeep\n|turn|53\n|\n|t:|1781454114\n|move|p1a: Charizard|Swords Dance|p1a: Charizard\n|-boost|p1a: Charizard|atk|2\n|move|p2a: Dudunsparce|Boomburst|p1a: Charizard\n|-damage|p1a: Charizard|88/271\n|\n|-damage|p2a: Dudunsparce|157/343 brn|[from] brn\n|upkeep\n|turn|54\n|\n|t:|1781454131\n|move|p1a: Charizard|Outrage|p2a: Dudunsparce\n|-damage|p2a: Dudunsparce|31/343 brn\n|move|p2a: Dudunsparce|Boomburst|p1a: Charizard\n|-crit|p1a: Charizard\n|-damage|p1a: Charizard|0 fnt\n|faint|p1a: Charizard\n|\n|-damage|p2a: Dudunsparce|10/343 brn|[from] brn\n|upkeep\n|\n|t:|1781454137\n|switch|p1a: Volcanion|Volcanion, L79|256/256 par\n|turn|55\n|\n|t:|1781454146\n|move|p2a: Dudunsparce|Roost|p2a: Dudunsparce\n|-heal|p2a: Dudunsparce|182/343 brn\n|-singleturn|p2a: Dudunsparce|move: Roost\n|move|p1a: Volcanion|Steam Eruption|p2a: Dudunsparce\n|-damage|p2a: Dudunsparce|26/343 brn\n|\n|-damage|p2a: Dudunsparce|5/343 brn|[from] brn\n|upkeep\n|turn|56\n|\n|t:|1781454156\n|move|p2a: Dudunsparce|Roost|p2a: Dudunsparce\n|-heal|p2a: Dudunsparce|177/343 brn\n|-singleturn|p2a: Dudunsparce|move: Roost\n|move|p1a: Volcanion|Flamethrower|p2a: Dudunsparce\n|-damage|p2a: Dudunsparce|51/343 brn\n|\n|-damage|p2a: Dudunsparce|30/343 brn|[from] brn\n|upkeep\n|turn|57\n|\n|t:|1781454161\n|move|p2a: Dudunsparce|Roost|p2a: Dudunsparce\n|-heal|p2a: Dudunsparce|202/343 brn\n|-singleturn|p2a: Dudunsparce|move: Roost\n|cant|p1a: Volcanion|par\n|\n|-damage|p2a: Dudunsparce|181/343 brn|[from] brn\n|-sideend|p2: Gatoskater|Reflect\n|upkeep\n|turn|58\n|\n|t:|1781454168\n|switch|p2a: Meowstic|Meowstic, L89, M|190/277\n|move|p1a: Volcanion|Steam Eruption|p2a: Meowstic\n|-damage|p2a: Meowstic|66/277\n|\n|upkeep\n|turn|59\n|\n|t:|1781454178\n|move|p2a: Meowstic|Reflect|p2a: Meowstic\n|-sidestart|p2: Gatoskater|Reflect\n|move|p1a: Volcanion|Steam Eruption|p2a: Meowstic\n|-damage|p2a: Meowstic|0 fnt\n|faint|p2a: Meowstic\n|\n|upkeep\n|\n|t:|1781454182\n|switch|p2a: Dudunsparce|Dudunsparce-Three-Segment, L83, M|181/343 brn\n|turn|60\n|\n|t:|1781454188\n|move|p2a: Dudunsparce|Roost|p2a: Dudunsparce\n|-heal|p2a: Dudunsparce|343/343 brn\n|-singleturn|p2a: Dudunsparce|move: Roost\n|move|p1a: Volcanion|Flamethrower|p2a: Dudunsparce\n|-damage|p2a: Dudunsparce|225/343 brn\n|\n|-damage|p2a: Dudunsparce|204/343 brn|[from] brn\n|upkeep\n|turn|61\n|\n|t:|1781454193\n|move|p2a: Dudunsparce|Calm Mind|p2a: Dudunsparce\n|-boost|p2a: Dudunsparce|spa|1\n|-boost|p2a: Dudunsparce|spd|1\n|cant|p1a: Volcanion|par\n|\n|-damage|p2a: Dudunsparce|183/343 brn|[from] brn\n|upkeep\n|turn|62\n|\n|t:|1781454198\n|move|p2a: Dudunsparce|Roost|p2a: Dudunsparce\n|-heal|p2a: Dudunsparce|343/343 brn\n|-singleturn|p2a: Dudunsparce|move: Roost\n|move|p1a: Volcanion|Haze|p1a: Volcanion\n|-clearallboost\n|\n|-damage|p2a: Dudunsparce|322/343 brn|[from] brn\n|upkeep\n|turn|63\n|\n|t:|1781454207\n|move|p2a: Dudunsparce|Boomburst|p1a: Volcanion\n|-damage|p1a: Volcanion|115/256 par\n|move|p1a: Volcanion|Flamethrower|p2a: Dudunsparce\n|-damage|p2a: Dudunsparce|196/343 brn\n|\n|-damage|p2a: Dudunsparce|175/343 brn|[from] brn\n|upkeep\n|turn|64\n|\n|t:|1781454211\n|move|p2a: Dudunsparce|Boomburst|p1a: Volcanion\n|-damage|p1a: Volcanion|0 fnt\n|faint|p1a: Volcanion\n|\n|win|Gatoskater\n|raw|znardz's rating: 1367 &rarr; <strong>1345</strong><br />(-22 for losing)\n|raw|Gatoskater's rating: 1337 &rarr; <strong>1359</strong><br />(+22 for winning)\n|l|\u2606znardz\n|player|p1|\n", "uploadtime": 1781454281, "views": 11, "formatid": "gen9randombattle", "rating": 1345, "private": 0, "password": null}