{"id": "gen9randombattle-2631573372", "format": "[Gen 9] Random Battle", "players": ["haruki666", "Arimin"], "log": "|j|\u203dharuki666\n|j|\u2606Arimin\n|t:|1781403177\n|gametype|singles\n|player|p1|haruki666|firebreather|1913\n|player|p2|Arimin|n|1871\n|gen|9\n|tier|[Gen 9] Random Battle\n|rated|\n|rule|Species Clause: Limit one of each Pok\u00e9mon\n|rule|HP Percentage Mod: HP is shown in percentages\n|rule|Sleep Clause Mod: Limit one foe put to sleep\n|rule|Illusion Level Mod: Illusion disguises the Pok\u00e9mon's true level\n|\n|t:|1781403177\n|teamsize|p1|6\n|teamsize|p2|6\n|start\n|switch|p1a: Medicham|Medicham, L86, M|243/243\n|switch|p2a: Iron Boulder|Iron Boulder, L77|265/265\n|turn|1\n|inactive|Battle timer is ON: inactive players will automatically lose when time's up. (requested by Arimin)\n|inactive|haruki666 also wants the timer to be on.\n|c|\u2606Arimin|glhf\n|\n|t:|1781403193\n|-end|p2a: Iron Boulder|Quark Drive|[silent]\n|switch|p2a: Overqwil|Overqwil, L82, F|274/274\n|-ability|p2a: Overqwil|Intimidate|boost\n|-unboost|p1a: Medicham|atk|1\n|move|p1a: Medicham|Close Combat|p2a: Overqwil\n|-damage|p2a: Overqwil|99/274\n|-unboost|p1a: Medicham|def|1\n|-unboost|p1a: Medicham|spd|1\n|\n|upkeep\n|turn|2\n|\n|t:|1781403201\n|move|p2a: Overqwil|Crunch|p1a: Medicham\n|-damage|p1a: Medicham|17/243\n|move|p1a: Medicham|Close Combat|p2a: Overqwil\n|-damage|p2a: Overqwil|0 fnt\n|-unboost|p1a: Medicham|def|1\n|-unboost|p1a: Medicham|spd|1\n|faint|p2a: Overqwil\n|\n|upkeep\n|\n|t:|1781403213\n|switch|p2a: Samurott|Samurott, L88, F|310/310\n|turn|3\n|\n|t:|1781403222\n|switch|p1a: Leafeon|Leafeon, L88, M|258/258\n|move|p2a: Samurott|Aqua Jet|p1a: Leafeon\n|-resisted|p1a: Leafeon\n|-damage|p1a: Leafeon|240/258\n|\n|-heal|p1a: Leafeon|256/258|[from] item: Leftovers\n|upkeep\n|turn|4\n|\n|t:|1781403228\n|switch|p2a: Tropius|Tropius, L91, F|328/328\n|move|p1a: Leafeon|Swords Dance|p1a: Leafeon\n|-boost|p1a: Leafeon|atk|2\n|\n|-heal|p1a: Leafeon|258/258|[from] item: Leftovers\n|upkeep\n|turn|5\n|\n|t:|1781403252\n|move|p1a: Leafeon|Knock Off|p2a: Tropius\n|-damage|p2a: Tropius|175/328\n|-enditem|p2a: Tropius|Sitrus Berry|[from] move: Knock Off|[of] p1a: Leafeon\n|move|p2a: Tropius|Air Slash|p1a: Leafeon\n|-supereffective|p1a: Leafeon\n|-damage|p1a: Leafeon|76/258\n|\n|-heal|p1a: Leafeon|92/258|[from] item: Leftovers\n|upkeep\n|turn|6\n|inactive|haruki666 has 120 seconds left.\n|\n|t:|1781403301\n|move|p1a: Leafeon|Knock Off|p2a: Tropius\n|-damage|p2a: Tropius|60/328\n|move|p2a: Tropius|Air Slash|p1a: Leafeon\n|-supereffective|p1a: Leafeon\n|-damage|p1a: Leafeon|0 fnt\n|faint|p1a: Leafeon\n|\n|upkeep\n|inactive|haruki666 has 90 seconds left.\n|\n|t:|1781403336\n|switch|p1a: Skeledirge|Skeledirge, L79, M|294/294\n|turn|7\n|c|\u2606Arimin|!dt leafeon\n|c|\u2606Arimin|/raw <div class=\"message\"><ul class=\"utilichart\"><li class=\"result\"><span class=\"col numcol\">ZU</span> <span class=\"col iconcol\"><psicon pokemon=\"leafeon\"/></span> <span class=\"col pokemonnamecol\" style=\"white-space:nowrap\"><a href=\"https://dex.pokemonshowdown.com/pokemon/leafeon\" target=\"_blank\">Leafeon</a></span> <span class=\"col typecol\"><img src=\"https://play.pokemonshowdown.com/sprites/types/Grass.png\" alt=\"Grass\" height=\"14\" width=\"32\"></span> <span style=\"float:left;min-height:26px\"><span class=\"col abilitycol\">Leaf Guard</span><span class=\"col abilitycol\"><em>Chlorophyll</em></span></span><span style=\"float:left;min-height:26px\"><span class=\"col statcol\"><em>HP</em><br />65</span> <span class=\"col statcol\"><em>Atk</em><br />110</span> <span class=\"col statcol\"><em>Def</em><br />130</span> <span class=\"col statcol\"><em>SpA</em><br />60</span> <span class=\"col statcol\"><em>SpD</em><br />65</span> <span class=\"col statcol\"><em>Spe</em><br />95</span> <span class=\"col bstcol\"><em>BST<br />525</em></span> </span></li><li style=\"clear:both\"></li></ul></div>\n|c|\u2606Arimin|/raw <font size=\"1\"><font color=\"#686868\">Dex#:</font> 470&nbsp;|&ThickSpace;<font color=\"#686868\">Gen:</font> 4&nbsp;|&ThickSpace;<font color=\"#686868\">Height:</font> 1 m&nbsp;|&ThickSpace;<font color=\"#686868\">Weight:</font> 25.5 kg <em>(60 BP)</em>&nbsp;|&ThickSpace;<font color=\"#686868\">Dex Colour:</font> Green&nbsp;|&ThickSpace;<font color=\"#686868\">Egg Group(s):</font> Field&nbsp;|&ThickSpace;<font color=\"#686868\">Pre-Evolution:</font> Eevee&nbsp;|&ThickSpace;<font color=\"#686868\">Does Not Evolve</font></font>\n\n|\n|t:|1781403342\n|move|p1a: Skeledirge|Torch Song|p2a: Tropius\n|-supereffective|p2a: Tropius\n|-damage|p2a: Tropius|0 fnt\n|-boost|p1a: Skeledirge|spa|1\n|faint|p2a: Tropius\n|\n|upkeep\n|\n|t:|1781403344\n|switch|p2a: Samurott|Samurott, L88, F|310/310\n|turn|8\n|\n|t:|1781403357\n|-terastallize|p1a: Skeledirge|Water\n|move|p2a: Samurott|Knock Off|p1a: Skeledirge\n|-damage|p1a: Skeledirge|221/294\n|-enditem|p1a: Skeledirge|Heavy-Duty Boots|[from] move: Knock Off|[of] p2a: Samurott\n|move|p1a: Skeledirge|Will-O-Wisp|p2a: Samurott|[miss]\n|-miss|p1a: Skeledirge|p2a: Samurott\n|\n|upkeep\n|turn|9\n|\n|t:|1781403381\n|switch|p2a: Hydreigon|Hydreigon, L79, F|275/275\n|move|p1a: Skeledirge|Will-O-Wisp|p2a: Hydreigon\n|-status|p2a: Hydreigon|brn\n|\n|-damage|p2a: Hydreigon|258/275 brn|[from] brn\n|upkeep\n|turn|10\n|\n|t:|1781403396\n|switch|p1a: Muk|Muk-Alola, L82, F|306/306\n|move|p2a: Hydreigon|Dark Pulse|p1a: Muk\n|-resisted|p1a: Muk\n|-damage|p1a: Muk|264/306\n|\n|-damage|p2a: Hydreigon|241/275 brn|[from] brn\n|upkeep\n|turn|11\n|\n|t:|1781403406\n|switch|p2a: Zebstrika|Zebstrika, L87, F|272/272\n|move|p1a: Muk|Knock Off|p2a: Zebstrika\n|-damage|p2a: Zebstrika|155/272\n|-status|p2a: Zebstrika|psn|[from] ability: Poison Touch|[of] p1a: Muk\n|-enditem|p2a: Zebstrika|Life Orb|[from] move: Knock Off|[of] p1a: Muk\n|\n|-damage|p2a: Zebstrika|121/272 psn|[from] psn\n|upkeep\n|turn|12\n|\n|t:|1781403421\n|switch|p1a: Noctowl|Noctowl, L95, M|344/344\n|move|p2a: Zebstrika|High Horsepower|p1a: Noctowl\n|-immune|p1a: Noctowl\n|\n|-damage|p2a: Zebstrika|87/272 psn|[from] psn\n|upkeep\n|turn|13\n|\n|t:|1781403431\n|switch|p1a: Pikachu|Pikachu-Kalos, L93, F|216/216\n|move|p2a: Zebstrika|Supercell Slam|p1a: Pikachu\n|-ability|p1a: Pikachu|Lightning Rod|boost\n|-boost|p1a: Pikachu|spa|1\n|-damage|p2a: Zebstrika|0 fnt|[from] supercellslam\n|faint|p2a: Zebstrika\n|\n|upkeep\n|\n|t:|1781403436\n|switch|p2a: Iron Boulder|Iron Boulder, L77|265/265\n|turn|14\n|\n|t:|1781403445\n|move|p2a: Iron Boulder|Swords Dance|p2a: Iron Boulder\n|-boost|p2a: Iron Boulder|atk|2\n|move|p1a: Pikachu|Surf|p2a: Iron Boulder\n|-supereffective|p2a: Iron Boulder\n|-damage|p2a: Iron Boulder|0 fnt\n|faint|p2a: Iron Boulder\n|-end|p2a: Iron Boulder|Quark Drive|[silent]\n|\n|upkeep\n|\n|t:|1781403454\n|switch|p2a: Hydreigon|Hydreigon, L79, F|241/275 brn\n|turn|15\n|-message|Arimin forfeited.\n|\n|win|haruki666\n|raw|haruki666's rating: 1913 &rarr; <strong>1931</strong><br />(+18 for winning)\n|raw|Arimin's rating: 1871 &rarr; <strong>1853</strong><br />(-18 for losing)\n|l|\u2606Arimin\n|player|p2|\n", "uploadtime": 1781403470, "views": 2, "formatid": "gen9randombattle", "rating": 1853, "private": 0, "password": null}