{"id": "gen9randombattle-2631479578", "format": "[Gen 9] Random Battle", "players": ["gamergray23", "TheOldTimers"], "log": "|j|\u2606gamergray23\n|j|\u2606TheOldTimers\n|t:|1781390116\n|gametype|singles\n|player|p1|gamergray23|cynthia-masters4|1928\n|player|p2|TheOldTimers|li|1927\n|gen|9\n|tier|[Gen 9] Random Battle\n|rated|\n|rule|Species Clause: Limit one of each Pok\u00e9mon\n|rule|HP Percentage Mod: HP is shown in percentages\n|rule|Sleep Clause Mod: Limit one foe put to sleep\n|rule|Illusion Level Mod: Illusion disguises the Pok\u00e9mon's true level\n|\n|t:|1781390116\n|teamsize|p1|6\n|teamsize|p2|6\n|start\n|switch|p1a: Appletun|Appletun, L92, M|352/352\n|switch|p2a: Ambipom|Ambipom, L84, F|263/263\n|turn|1\n|\n|t:|1781390134\n|move|p2a: Ambipom|Triple Axel|p1a: Appletun\n|-supereffective|p1a: Appletun\n|-damage|p1a: Appletun|284/352\n|-supereffective|p1a: Appletun\n|-damage|p1a: Appletun|156/352\n|-supereffective|p1a: Appletun\n|-damage|p1a: Appletun|0 fnt\n|faint|p1a: Appletun\n|-hitcount|p1: Appletun|3\n|\n|upkeep\n|\n|t:|1781390172\n|switch|p1a: Iron Thorns|Iron Thorns, L83|302/302\n|-item|p1a: Iron Thorns|Air Balloon\n|turn|2\n|\n|t:|1781390177\n|move|p2a: Ambipom|Triple Axel|p1a: Iron Thorns\n|-damage|p1a: Iron Thorns|273/302\n|-enditem|p1a: Iron Thorns|Air Balloon\n|-damage|p1a: Iron Thorns|220/302\n|-damage|p1a: Iron Thorns|131/302\n|-hitcount|p1a: Iron Thorns|3\n|move|p1a: Iron Thorns|Spikes|p2a: Ambipom\n|-sidestart|p2: TheOldTimers|Spikes\n|\n|upkeep\n|turn|3\n|inactive|Battle timer is ON: inactive players will automatically lose when time's up. (requested by gamergray23)\n|\n|t:|1781390201\n|move|p2a: Ambipom|Triple Axel|p1a: Iron Thorns|[miss]\n|-miss|p2a: Ambipom|p1a: Iron Thorns\n|move|p1a: Iron Thorns|Wild Charge|p2a: Ambipom\n|-damage|p2a: Ambipom|119/263\n|-damage|p1a: Iron Thorns|95/302|[from] Recoil\n|\n|upkeep\n|turn|4\n|\n|t:|1781390209\n|move|p2a: Ambipom|Triple Axel|p1a: Iron Thorns\n|-damage|p1a: Iron Thorns|69/302\n|-damage|p1a: Iron Thorns|8/302\n|-damage|p1a: Iron Thorns|0 fnt\n|faint|p1a: Iron Thorns\n|-end|p1a: Iron Thorns|Quark Drive|[silent]\n|-hitcount|p1: Iron Thorns|3\n|\n|upkeep\n|\n|t:|1781390223\n|switch|p1a: Dachsbun|Dachsbun, L92, F|254/254\n|turn|5\n|\n|t:|1781390228\n|switch|p2a: Ribombee|Ribombee, L83, M|235/235\n|move|p1a: Dachsbun|Body Press|p2a: Ribombee\n|-resisted|p2a: Ribombee\n|-damage|p2a: Ribombee|211/235\n|\n|upkeep\n|turn|6\n|-message|gamergray23 forfeited.\n|\n|win|TheOldTimers\n", "uploadtime": 1781390118, "views": 8, "formatid": "gen9randombattle", "rating": null, "private": 0, "password": null}