{"id": "gen9randombattle-2631836679", "format": "[Gen 9] Random Battle", "players": ["theancientchungus", "Momo2401"], "log": "|j|\u2606theancientchungus\n|j|\u2606Momo2401\n|t:|1781446344\n|gametype|singles\n|player|p1|theancientchungus|swimmer-gen4|2101\n|player|p2|Momo2401|janitor|2034\n|gen|9\n|tier|[Gen 9] Random Battle\n|rated|\n|rule|Species Clause: Limit one of each Pok\u00e9mon\n|rule|HP Percentage Mod: HP is shown in percentages\n|rule|Sleep Clause Mod: Limit one foe put to sleep\n|rule|Illusion Level Mod: Illusion disguises the Pok\u00e9mon's true level\n|\n|t:|1781446344\n|teamsize|p1|6\n|teamsize|p2|6\n|start\n|switch|p1a: Thundurus|Thundurus, L80, M|258/258\n|switch|p2a: Florges|Florges-Yellow, L85, F|271/271\n|turn|1\n|inactive|Battle timer is ON: inactive players will automatically lose when time's up. (requested by Momo2401)\n|\n|t:|1781446354\n|switch|p1a: Iron Treads|Iron Treads, L77|265/265\n|move|p2a: Florges|Moonblast|p1a: Iron Treads\n|-resisted|p1a: Iron Treads\n|-damage|p1a: Iron Treads|217/265\n|\n|upkeep\n|turn|2\n|\n|t:|1781446363\n|switch|p2a: Scovillain|Scovillain, L91, F|266/266\n|move|p1a: Iron Treads|Iron Head|p2a: Scovillain\n|-resisted|p2a: Scovillain\n|-damage|p2a: Scovillain|221/266\n|\n|-heal|p2a: Scovillain|237/266|[from] item: Leftovers\n|upkeep\n|turn|3\n|\n|t:|1781446371\n|move|p1a: Iron Treads|Earthquake|p2a: Scovillain\n|-damage|p2a: Scovillain|113/266\n|move|p2a: Scovillain|Flamethrower|p1a: Iron Treads\n|-supereffective|p1a: Iron Treads\n|-damage|p1a: Iron Treads|7/265\n|-status|p1a: Iron Treads|brn\n|\n|-heal|p2a: Scovillain|129/266|[from] item: Leftovers\n|-damage|p1a: Iron Treads|0 fnt|[from] brn\n|faint|p1a: Iron Treads\n|-end|p1a: Iron Treads|Quark Drive|[silent]\n|upkeep\n|\n|t:|1781446379\n|switch|p1a: Ambipom|Ambipom, L84, M|263/263\n|turn|4\n|\n|t:|1781446382\n|move|p2a: Scovillain|Protect|p2a: Scovillain\n|-singleturn|p2a: Scovillain|Protect\n|move|p1a: Ambipom|Double-Edge|p2a: Scovillain\n|-activate|p2a: Scovillain|move: Protect\n|\n|-heal|p2a: Scovillain|145/266|[from] item: Leftovers\n|upkeep\n|turn|5\n|\n|t:|1781446393\n|move|p1a: Ambipom|Double-Edge|p2a: Scovillain\n|-damage|p2a: Scovillain|0 fnt\n|faint|p2a: Scovillain\n|-damage|p1a: Ambipom|215/263|[from] Recoil\n|\n|upkeep\n|\n|t:|1781446406\n|switch|p2a: Dudunsparce|Dudunsparce, L83, M|343/343\n|turn|6\n|\n|t:|1781446411\n|switch|p1a: Gurdurr|Gurdurr, L85, F|283/283\n|move|p2a: Dudunsparce|Glare|p1a: Gurdurr\n|-status|p1a: Gurdurr|par\n|\n|upkeep\n|turn|7\n|\n|t:|1781446415\n|move|p2a: Dudunsparce|Headbutt|p1a: Gurdurr\n|-damage|p1a: Gurdurr|234/283 par\n|cant|p1a: Gurdurr|flinch\n|\n|upkeep\n|turn|8\n|\n|t:|1781446418\n|switch|p2a: Florges|Florges-Yellow, L85, F|271/271\n|move|p1a: Gurdurr|Mach Punch|p2a: Florges\n|-resisted|p2a: Florges\n|-damage|p2a: Florges|226/271\n|\n|-heal|p2a: Florges|242/271|[from] item: Leftovers\n|upkeep\n|turn|9\n|\n|t:|1781446423\n|switch|p1a: Calyrex|Calyrex, L93|337/337\n|-ability|p1a: Calyrex|Unnerve\n|move|p2a: Florges|Moonblast|p1a: Calyrex\n|-damage|p1a: Calyrex|229/337\n|\n|-heal|p1a: Calyrex|250/337|[from] item: Leftovers\n|-heal|p2a: Florges|258/271|[from] item: Leftovers\n|upkeep\n|turn|10\n|\n|t:|1781446431\n|switch|p2a: Munkidori|Munkidori, L79, M|269/269\n|move|p1a: Calyrex|Calm Mind|p1a: Calyrex\n|-boost|p1a: Calyrex|spa|1\n|-boost|p1a: Calyrex|spd|1\n|\n|-heal|p1a: Calyrex|271/337|[from] item: Leftovers\n|upkeep\n|turn|11\n|\n|t:|1781446443\n|move|p2a: Munkidori|Sludge Wave|p1a: Calyrex\n|-supereffective|p1a: Calyrex\n|-damage|p1a: Calyrex|84/337\n|-damage|p2a: Munkidori|243/269|[from] item: Life Orb\n|move|p1a: Calyrex|Psyshock|p2a: Munkidori\n|-damage|p2a: Munkidori|69/269\n|\n|-heal|p1a: Calyrex|105/337|[from] item: Leftovers\n|upkeep\n|turn|12\n|\n|t:|1781446465\n|move|p2a: Munkidori|Sludge Wave|p1a: Calyrex\n|-supereffective|p1a: Calyrex\n|-damage|p1a: Calyrex|0 fnt\n|faint|p1a: Calyrex\n|-damage|p2a: Munkidori|43/269|[from] item: Life Orb\n|\n|upkeep\n|\n|t:|1781446466\n|switch|p1a: Ambipom|Ambipom, L84, M|215/263\n|turn|13\n|\n|t:|1781446472\n|move|p1a: Ambipom|Double-Edge|p2a: Munkidori\n|-damage|p2a: Munkidori|0 fnt\n|faint|p2a: Munkidori\n|-damage|p1a: Ambipom|201/263|[from] Recoil\n|\n|upkeep\n|\n|t:|1781446476\n|switch|p2a: Florges|Florges-Yellow, L85, F|258/271\n|turn|14\n|\n|t:|1781446479\n|move|p1a: Ambipom|Double-Edge|p2a: Florges\n|-damage|p2a: Florges|8/271\n|-damage|p1a: Ambipom|118/263|[from] Recoil\n|move|p2a: Florges|Moonblast|p1a: Ambipom\n|-damage|p1a: Ambipom|0 fnt\n|faint|p1a: Ambipom\n|\n|-heal|p2a: Florges|24/271|[from] item: Leftovers\n|upkeep\n|\n|t:|1781446483\n|switch|p1a: Thundurus|Thundurus, L80, M|258/258\n|turn|15\n|\n|t:|1781446496\n|-terastallize|p2a: Florges|Ground\n|move|p1a: Thundurus|Thunderbolt|p2a: Florges\n|-immune|p2a: Florges\n|move|p2a: Florges|Synthesis|p2a: Florges\n|-heal|p2a: Florges|159/271\n|\n|-heal|p2a: Florges|175/271|[from] item: Leftovers\n|upkeep\n|turn|16\n|\n|t:|1781446511\n|move|p1a: Thundurus|Taunt|p2a: Florges\n|-start|p2a: Florges|move: Taunt\n|cant|p2a: Florges|move: Taunt|Calm Mind\n|\n|-heal|p2a: Florges|191/271|[from] item: Leftovers\n|upkeep\n|turn|17\n|\n|t:|1781446516\n|move|p1a: Thundurus|Grass Knot|p2a: Florges\n|-supereffective|p2a: Florges\n|-damage|p2a: Florges|149/271\n|move|p2a: Florges|Moonblast|p1a: Thundurus\n|-damage|p1a: Thundurus|117/258\n|\n|-heal|p2a: Florges|165/271|[from] item: Leftovers\n|upkeep\n|turn|18\n|\n|t:|1781446520\n|move|p1a: Thundurus|Grass Knot|p2a: Florges\n|-supereffective|p2a: Florges\n|-damage|p2a: Florges|125/271\n|move|p2a: Florges|Moonblast|p1a: Thundurus\n|-damage|p1a: Thundurus|0 fnt\n|faint|p1a: Thundurus\n|\n|-heal|p2a: Florges|141/271|[from] item: Leftovers\n|-end|p2a: Florges|move: Taunt\n|upkeep\n|\n|t:|1781446523\n|switch|p1a: Rayquaza|Rayquaza, L72|270/270\n|-ability|p1a: Rayquaza|Air Lock\n|turn|19\n|\n|t:|1781446528\n|-terastallize|p1a: Rayquaza|Flying\n|move|p1a: Rayquaza|Dragon Ascent|p2a: Florges\n|-crit|p2a: Florges\n|-damage|p2a: Florges|0 fnt\n|-unboost|p1a: Rayquaza|def|1\n|-unboost|p1a: Rayquaza|spd|1\n|faint|p2a: Florges\n|\n|upkeep\n|\n|t:|1781446533\n|switch|p2a: Raikou|Raikou, L81|278/278\n|-ability|p2a: Raikou|Pressure\n|turn|20\n|\n|t:|1781446536\n|switch|p1a: Gurdurr|Gurdurr, L85, F|234/283 par\n|move|p2a: Raikou|Thunderbolt|p1a: Gurdurr\n|-damage|p1a: Gurdurr|90/283 par\n|\n|upkeep\n|turn|21\n|\n|t:|1781446539\n|move|p1a: Gurdurr|Mach Punch|p2a: Raikou\n|-damage|p2a: Raikou|191/278\n|move|p2a: Raikou|Thunderbolt|p1a: Gurdurr\n|-damage|p1a: Gurdurr|0 fnt\n|faint|p1a: Gurdurr\n|\n|upkeep\n|-message|theancientchungus forfeited.\n|\n|win|Momo2401\n", "uploadtime": 1781446346, "views": 3, "formatid": "gen9randombattle", "rating": null, "private": 0, "password": null}