{"id": "gen9randombattle-2631630822", "format": "[Gen 9] Random Battle", "players": ["sharky101993", "sondaw"], "log": "|j|\u2606sharky101993\n|j|\u203dsondaw\n|t:|1781411665\n|gametype|singles\n|player|p1|sharky101993|ethan|2137\n|player|p2|sondaw|101|2175\n|gen|9\n|tier|[Gen 9] Random Battle\n|rated|\n|rule|Species Clause: Limit one of each Pok\u00e9mon\n|rule|HP Percentage Mod: HP is shown in percentages\n|rule|Sleep Clause Mod: Limit one foe put to sleep\n|rule|Illusion Level Mod: Illusion disguises the Pok\u00e9mon's true level\n|\n|t:|1781411665\n|teamsize|p1|6\n|teamsize|p2|6\n|start\n|switch|p1a: Primarina|Primarina, L83, M|268/268\n|switch|p2a: Kommo-o|Kommo-o, L78, M|245/245\n|turn|1\n|inactive|Battle timer is ON: inactive players will automatically lose when time's up. (requested by sondaw)\n|inactive|sharky101993 has 120 seconds left.\n|\n|t:|1781411720\n|switch|p2a: Meloetta|Meloetta, L82|298/298\n|move|p1a: Primarina|Moonblast|p2a: Meloetta\n|-damage|p2a: Meloetta|147/298\n|-unboost|p2a: Meloetta|spa|1\n|\n|upkeep\n|turn|2\n|inactive|sharky101993 has 120 seconds left.\n|\n|t:|1781411755\n|move|p2a: Meloetta|Relic Song|p1a: Primarina\n|-damage|p1a: Primarina|204/268\n|-formechange|p2a: Meloetta|Meloetta-Pirouette|[msg]\n|-damage|p2a: Meloetta|118/298|[from] item: Life Orb\n|move|p1a: Primarina|Moonblast|p2a: Meloetta\n|-supereffective|p2a: Meloetta\n|-damage|p2a: Meloetta|0 fnt\n|faint|p2a: Meloetta\n|\n|upkeep\n|\n|t:|1781411777\n|switch|p2a: Electivire|Electivire, L84, M|263/263\n|turn|3\n|inactive|sharky101993 has 120 seconds left.\n|\n|t:|1781411789\n|switch|p1a: Whimsicott|Whimsicott, L84, M|238/238\n|move|p2a: Electivire|Bulk Up|p2a: Electivire\n|-boost|p2a: Electivire|atk|1\n|-boost|p2a: Electivire|def|1\n|\n|upkeep\n|turn|4\n|\n|t:|1781411792\n|move|p1a: Whimsicott|Encore|p2a: Electivire\n|-start|p2a: Electivire|Encore\n|move|p2a: Electivire|Bulk Up|p2a: Electivire\n|-boost|p2a: Electivire|atk|1\n|-boost|p2a: Electivire|def|1\n|\n|upkeep\n|turn|5\n|\n|t:|1781411798\n|switch|p2a: Ogerpon|Ogerpon, L80, F|259/259\n|move|p1a: Whimsicott|Substitute|p1a: Whimsicott\n|-start|p1a: Whimsicott|Substitute\n|-damage|p1a: Whimsicott|179/238\n|\n|-heal|p1a: Whimsicott|193/238|[from] item: Leftovers\n|upkeep\n|turn|6\n|\n|t:|1781411803\n|move|p1a: Whimsicott|Moonblast|p2a: Ogerpon\n|-damage|p2a: Ogerpon|171/259\n|move|p2a: Ogerpon|Encore|p1a: Whimsicott\n|-start|p1a: Whimsicott|Encore\n|\n|-heal|p1a: Whimsicott|207/238|[from] item: Leftovers\n|-heal|p2a: Ogerpon|187/259|[from] item: Leftovers\n|upkeep\n|turn|7\n|\n|t:|1781411811\n|move|p1a: Whimsicott|Moonblast|p2a: Ogerpon\n|-damage|p2a: Ogerpon|102/259\n|-unboost|p2a: Ogerpon|spa|1\n|-ability|p2a: Ogerpon|Defiant|boost\n|-boost|p2a: Ogerpon|atk|2\n|move|p2a: Ogerpon|Spikes|p1a: Whimsicott\n|-sidestart|p1: sharky101993|Spikes\n|\n|-heal|p1a: Whimsicott|221/238|[from] item: Leftovers\n|-heal|p2a: Ogerpon|118/259|[from] item: Leftovers\n|upkeep\n|turn|8\n|\n|t:|1781411818\n|switch|p2a: Toucannon|Toucannon, L88, M|284/284\n|move|p1a: Whimsicott|Moonblast|p2a: Toucannon\n|-damage|p2a: Toucannon|197/284\n|\n|-heal|p1a: Whimsicott|235/238|[from] item: Leftovers\n|upkeep\n|turn|9\n|\n|t:|1781411824\n|move|p1a: Whimsicott|Moonblast|p2a: Toucannon\n|-damage|p2a: Toucannon|100/284\n|move|p2a: Toucannon|Boomburst|p1a: Whimsicott\n|-damage|p1a: Whimsicott|93/238\n|\n|-heal|p1a: Whimsicott|107/238|[from] item: Leftovers\n|-end|p1a: Whimsicott|Encore\n|upkeep\n|turn|10\n|\n|t:|1781411847\n|switch|p1a: Mismagius|Mismagius, L86, M|243/243\n|move|p2a: Toucannon|Roost|p2a: Toucannon\n|-heal|p2a: Toucannon|242/284\n|-singleturn|p2a: Toucannon|move: Roost\n|\n|upkeep\n|turn|11\n|\n|t:|1781411866\n|-singleturn|p2a: Toucannon|move: Beak Blast\n|move|p1a: Mismagius|Thunderbolt|p2a: Toucannon\n|-supereffective|p2a: Toucannon\n|-damage|p2a: Toucannon|4/284\n|move|p2a: Toucannon|Beak Blast|p1a: Mismagius\n|-damage|p1a: Mismagius|56/243\n|\n|upkeep\n|turn|12\n|inactive|sondaw has 120 seconds left.\n|\n|t:|1781411899\n|switch|p1a: Rampardos|Rampardos, L90, M|321/321\n|-damage|p1a: Rampardos|281/321|[from] Spikes\n|switch|p2a: Electivire|Electivire, L84, M|263/263\n|\n|upkeep\n|turn|13\n|inactive|sondaw has 120 seconds left.\n|\n|t:|1781411910\n|move|p2a: Electivire|Earthquake|p1a: Rampardos\n|-supereffective|p1a: Rampardos\n|-damage|p1a: Rampardos|18/321\n|-damage|p2a: Electivire|237/263|[from] item: Life Orb\n|move|p1a: Rampardos|Rock Slide|p2a: Electivire\n|-damage|p2a: Electivire|0 fnt\n|faint|p2a: Electivire\n|\n|upkeep\n|inactive|sondaw has 120 seconds left.\n|\n|t:|1781411927\n|switch|p2a: Ogerpon|Ogerpon, L80, F|118/259\n|turn|14\n|\n|t:|1781411931\n|move|p2a: Ogerpon|Knock Off|p1a: Rampardos\n|-damage|p1a: Rampardos|0 fnt\n|-enditem|p1a: Rampardos|Life Orb|[from] move: Knock Off|[of] p2a: Ogerpon\n|faint|p1a: Rampardos\n|\n|-heal|p2a: Ogerpon|134/259|[from] item: Leftovers\n|upkeep\n|inactive|sharky101993 has 120 seconds left.\n|\n|t:|1781411965\n|switch|p1a: Mismagius|Mismagius, L86, M|56/243\n|turn|15\n|inactive|sharky101993 has 120 seconds left.\n|\n|t:|1781411975\n|switch|p2a: Toucannon|Toucannon, L88, M|4/284\n|move|p1a: Mismagius|Mystical Fire|p2a: Toucannon\n|-damage|p2a: Toucannon|0 fnt\n|faint|p2a: Toucannon\n|\n|upkeep\n|\n|t:|1781411979\n|switch|p2a: Kommo-o|Kommo-o, L78, M|245/245\n|turn|16\n|\n|t:|1781411985\n|switch|p1a: Primarina|Primarina, L83, M|204/268\n|-damage|p1a: Primarina|171/268|[from] Spikes\n|move|p2a: Kommo-o|Iron Head|p1a: Primarina\n|-damage|p1a: Primarina|112/268\n|\n|upkeep\n|turn|17\n|\n|t:|1781411998\n|-terastallize|p2a: Kommo-o|Steel\n|move|p2a: Kommo-o|Clangorous Soul|p2a: Kommo-o\n|-boost|p2a: Kommo-o|atk|1\n|-boost|p2a: Kommo-o|def|1\n|-boost|p2a: Kommo-o|spa|1\n|-boost|p2a: Kommo-o|spd|1\n|-boost|p2a: Kommo-o|spe|1\n|-damage|p2a: Kommo-o|165/245\n|-enditem|p2a: Kommo-o|Throat Spray\n|-boost|p2a: Kommo-o|spa|1|[from] item: Throat Spray\n|move|p1a: Primarina|Moonblast|p2a: Kommo-o\n|-resisted|p2a: Kommo-o\n|-damage|p2a: Kommo-o|111/245\n|\n|upkeep\n|turn|18\n|\n|t:|1781412008\n|move|p2a: Kommo-o|Iron Head|p1a: Primarina\n|-damage|p1a: Primarina|0 fnt\n|faint|p1a: Primarina\n|\n|upkeep\n|inactive|sharky101993 has 120 seconds left.\n|\n|t:|1781412059\n|switch|p1a: Falinks|Falinks, L84|246/246\n|-damage|p1a: Falinks|216/246|[from] Spikes\n|turn|19\n|\n|t:|1781412067\n|move|p2a: Kommo-o|Clanging Scales|p1a: Falinks\n|-damage|p1a: Falinks|0 fnt\n|faint|p1a: Falinks\n|-unboost|p2a: Kommo-o|def|1\n|\n|upkeep\n|\n|t:|1781412073\n|switch|p1a: Whimsicott|Whimsicott, L84, M|107/238\n|-damage|p1a: Whimsicott|78/238|[from] Spikes\n|turn|20\n|\n|t:|1781412082\n|switch|p2a: Ogerpon|Ogerpon, L80, F|134/259\n|move|p1a: Whimsicott|Encore||[still]\n|-fail|p1a: Whimsicott\n|\n|-heal|p1a: Whimsicott|92/238|[from] item: Leftovers\n|-heal|p2a: Ogerpon|150/259|[from] item: Leftovers\n|upkeep\n|turn|21\n|\n|t:|1781412089\n|move|p1a: Whimsicott|Moonblast|p2a: Ogerpon\n|-damage|p2a: Ogerpon|65/259\n|-unboost|p2a: Ogerpon|spa|1\n|-ability|p2a: Ogerpon|Defiant|boost\n|-boost|p2a: Ogerpon|atk|2\n|move|p2a: Ogerpon|Encore|p1a: Whimsicott\n|-start|p1a: Whimsicott|Encore\n|\n|-heal|p1a: Whimsicott|106/238|[from] item: Leftovers\n|-heal|p2a: Ogerpon|81/259|[from] item: Leftovers\n|upkeep\n|turn|22\n|inactive|sharky101993 has 120 seconds left.\n|\n|t:|1781412100\n|switch|p1a: Girafarig|Girafarig, L89, M|269/269\n|-damage|p1a: Girafarig|236/269|[from] Spikes\n|move|p2a: Ogerpon|Ivy Cudgel|p1a: Girafarig\n|-ability|p1a: Girafarig|Sap Sipper|boost\n|-boost|p1a: Girafarig|atk|1\n|\n|-heal|p2a: Ogerpon|97/259|[from] item: Leftovers\n|upkeep\n|turn|23\n|inactive|sharky101993 has 120 seconds left.\n|\n|t:|1781412113\n|move|p2a: Ogerpon|Knock Off|p1a: Girafarig\n|-supereffective|p1a: Girafarig\n|-damage|p1a: Girafarig|0 fnt\n|-enditem|p1a: Girafarig|Eviolite|[from] move: Knock Off|[of] p2a: Ogerpon\n|faint|p1a: Girafarig\n|\n|-heal|p2a: Ogerpon|113/259|[from] item: Leftovers\n|upkeep\n|\n|t:|1781412121\n|switch|p1a: Mismagius|Mismagius, L86, M|56/243\n|turn|24\n|inactive|sharky101993 has 120 seconds left.\n|\n|t:|1781412141\n|move|p1a: Mismagius|Shadow Ball|p2a: Ogerpon\n|-damage|p2a: Ogerpon|0 fnt\n|faint|p2a: Ogerpon\n|\n|upkeep\n|\n|t:|1781412150\n|switch|p2a: Hariyama|Hariyama, L87, M|392/392\n|turn|25\n|\n|t:|1781412158\n|switch|p1a: Whimsicott|Whimsicott, L84, M|106/238\n|-damage|p1a: Whimsicott|77/238|[from] Spikes\n|move|p2a: Hariyama|Knock Off|p1a: Whimsicott\n|-resisted|p1a: Whimsicott\n|-damage|p1a: Whimsicott|33/238\n|-enditem|p1a: Whimsicott|Leftovers|[from] move: Knock Off|[of] p2a: Hariyama\n|\n|-status|p2a: Hariyama|brn|[from] item: Flame Orb\n|upkeep\n|turn|26\n|\n|t:|1781412168\n|move|p2a: Hariyama|Bullet Punch|p1a: Whimsicott\n|-supereffective|p1a: Whimsicott\n|-damage|p1a: Whimsicott|0 fnt\n|faint|p1a: Whimsicott\n|\n|-damage|p2a: Hariyama|368/392 brn|[from] brn\n|upkeep\n|\n|t:|1781412170\n|switch|p1a: Mismagius|Mismagius, L86, M|56/243\n|turn|27\n|\n|t:|1781412180\n|move|p2a: Hariyama|Bullet Punch|p1a: Mismagius\n|-damage|p1a: Mismagius|0 fnt\n|faint|p1a: Mismagius\n|\n|win|sondaw\n", "uploadtime": 1781411667, "views": 5, "formatid": "gen9randombattle", "rating": null, "private": 0, "password": null}