{"id": "gen9randombattle-2631892406", "format": "[Gen 9] Random Battle", "players": ["Austin316SayYess", "mordecu"], "log": "|j|\u2606Austin316SayYess\n|j|\u2606mordecu\n|t:|1781452733\n|gametype|singles\n|player|p1|Austin316SayYess|norman|1245\n|player|p2|mordecu|169|1266\n|gen|9\n|tier|[Gen 9] Random Battle\n|rated|\n|rule|Species Clause: Limit one of each Pok\u00e9mon\n|rule|HP Percentage Mod: HP is shown in percentages\n|rule|Sleep Clause Mod: Limit one foe put to sleep\n|rule|Illusion Level Mod: Illusion disguises the Pok\u00e9mon's true level\n|\n|t:|1781452733\n|teamsize|p1|6\n|teamsize|p2|6\n|start\n|switch|p1a: Basculin|Basculin, L86, F|261/261\n|switch|p2a: Altaria|Altaria, L89, M|278/278\n|turn|1\n|inactive|Battle timer is ON: inactive players will automatically lose when time's up. (requested by mordecu)\n|\n|t:|1781452744\n|switch|p2a: Regieleki|Regieleki, L79|256/256\n|move|p1a: Basculin|Double-Edge|p2a: Regieleki\n|-damage|p2a: Regieleki|58/256\n|-damage|p1a: Basculin|196/261|[from] Recoil\n|\n|upkeep\n|turn|2\n|\n|t:|1781452764\n|switch|p1a: Brute Bonnet|Brute Bonnet, L80|309/309\n|move|p2a: Regieleki|Thunderbolt|p1a: Brute Bonnet\n|-resisted|p1a: Brute Bonnet\n|-crit|p1a: Brute Bonnet\n|-damage|p1a: Brute Bonnet|220/309\n|\n|-heal|p1a: Brute Bonnet|239/309|[from] item: Leftovers\n|upkeep\n|turn|3\n|\n|t:|1781452774\n|move|p1a: Brute Bonnet|Sucker Punch|p2a: Regieleki\n|-damage|p2a: Regieleki|0 fnt\n|faint|p2a: Regieleki\n|\n|-heal|p1a: Brute Bonnet|258/309|[from] item: Leftovers\n|upkeep\n|\n|t:|1781452785\n|switch|p2a: Arcanine|Arcanine-Hisui, L79, M|280/280\n|turn|4\n|\n|t:|1781452791\n|-terastallize|p1a: Brute Bonnet|Poison\n|move|p2a: Arcanine|Flare Blitz|p1a: Brute Bonnet\n|-damage|p1a: Brute Bonnet|131/309\n|move|p1a: Brute Bonnet|Spore|p2a: Arcanine\n|-status|p2a: Arcanine|slp|[from] move: Spore\n|\n|-heal|p1a: Brute Bonnet|150/309|[from] item: Leftovers\n|upkeep\n|turn|5\n|\n|t:|1781452804\n|cant|p2a: Arcanine|slp\n|move|p1a: Brute Bonnet|Crunch|p2a: Arcanine\n|-damage|p2a: Arcanine|166/280 slp\n|\n|-heal|p1a: Brute Bonnet|169/309|[from] item: Leftovers\n|upkeep\n|turn|6\n|\n|t:|1781452813\n|cant|p2a: Arcanine|slp\n|move|p1a: Brute Bonnet|Crunch|p2a: Arcanine\n|-damage|p2a: Arcanine|51/280 slp\n|\n|-heal|p1a: Brute Bonnet|188/309|[from] item: Leftovers\n|upkeep\n|turn|7\n|\n|t:|1781452822\n|move|p1a: Brute Bonnet|Sucker Punch|p2a: Arcanine\n|-damage|p2a: Arcanine|0 fnt\n|faint|p2a: Arcanine\n|\n|-heal|p1a: Brute Bonnet|207/309|[from] item: Leftovers\n|upkeep\n|\n|t:|1781452825\n|switch|p2a: Calyrex|Calyrex, L93|337/337\n|-ability|p2a: Calyrex|Unnerve\n|turn|8\n|\n|t:|1781452837\n|-end|p1a: Brute Bonnet|Protosynthesis|[silent]\n|switch|p1a: Dunsparce|Dunsparce, L86, M|312/312\n|move|p2a: Calyrex|Psyshock|p1a: Dunsparce\n|-damage|p1a: Dunsparce|242/312\n|\n|upkeep\n|turn|9\n|\n|t:|1781452844\n|move|p2a: Calyrex|Leech Seed|p1a: Dunsparce\n|-start|p1a: Dunsparce|move: Leech Seed\n|move|p1a: Dunsparce|Coil|p1a: Dunsparce\n|-boost|p1a: Dunsparce|atk|1\n|-boost|p1a: Dunsparce|def|1\n|-boost|p1a: Dunsparce|accuracy|1\n|\n|-damage|p1a: Dunsparce|203/312|[from] Leech Seed|[of] p2a: Calyrex\n|upkeep\n|turn|10\n|\n|t:|1781452853\n|move|p2a: Calyrex|Encore|p1a: Dunsparce\n|-start|p1a: Dunsparce|Encore\n|move|p1a: Dunsparce|Coil|p1a: Dunsparce\n|-boost|p1a: Dunsparce|atk|1\n|-boost|p1a: Dunsparce|def|1\n|-boost|p1a: Dunsparce|accuracy|1\n|\n|-damage|p1a: Dunsparce|164/312|[from] Leech Seed|[of] p2a: Calyrex\n|upkeep\n|turn|11\n|\n|t:|1781452865\n|switch|p1a: Lucario|Lucario, L84, M|255/255\n|move|p2a: Calyrex|Body Press|p1a: Lucario\n|-supereffective|p1a: Lucario\n|-damage|p1a: Lucario|109/255\n|\n|upkeep\n|turn|12\n|\n|t:|1781452876\n|move|p2a: Calyrex|Body Press|p1a: Lucario\n|-supereffective|p1a: Lucario\n|-damage|p1a: Lucario|0 fnt\n|faint|p1a: Lucario\n|\n|upkeep\n|\n|t:|1781452884\n|switch|p1a: Galvantula|Galvantula, L82, M|249/249\n|turn|13\n|\n|t:|1781452892\n|switch|p2a: Altaria|Altaria, L89, M|278/278\n|move|p1a: Galvantula|Bug Buzz|p2a: Altaria\n|-resisted|p2a: Altaria\n|-damage|p2a: Altaria|238/278\n|\n|upkeep\n|turn|14\n|\n|t:|1781452906\n|switch|p1a: Dedenne|Dedenne, L88, M|261/261\n|move|p2a: Altaria|Brave Bird|p1a: Dedenne\n|-resisted|p1a: Dedenne\n|-damage|p1a: Dedenne|187/261\n|-damage|p2a: Altaria|214/278|[from] Recoil\n|\n|upkeep\n|turn|15\n|\n|t:|1781452918\n|switch|p2a: Fezandipiti|Fezandipiti, L82, M|278/278\n|move|p1a: Dedenne|Nuzzle|p2a: Fezandipiti\n|-damage|p2a: Fezandipiti|259/278\n|-status|p2a: Fezandipiti|par\n|\n|-heal|p2a: Fezandipiti|276/278 par|[from] item: Leftovers\n|upkeep\n|turn|16\n|\n|t:|1781452941\n|switch|p1a: Basculin|Basculin, L86, F|196/261\n|move|p2a: Fezandipiti|Moonblast|p1a: Basculin\n|-damage|p1a: Basculin|94/261\n|-status|p1a: Basculin|tox|[from] ability: Toxic Chain|[of] p2a: Fezandipiti\n|\n|-heal|p2a: Fezandipiti|278/278 par|[from] item: Leftovers\n|-damage|p1a: Basculin|78/261 tox|[from] psn\n|upkeep\n|turn|17\n|\n|t:|1781452955\n|move|p1a: Basculin|Double-Edge|p2a: Fezandipiti\n|-damage|p2a: Fezandipiti|138/278 par\n|-damage|p1a: Basculin|32/261 tox|[from] Recoil\n|move|p2a: Fezandipiti|Gunk Shot|p1a: Basculin|[miss]\n|-miss|p2a: Fezandipiti|p1a: Basculin\n|\n|-heal|p2a: Fezandipiti|155/278 par|[from] item: Leftovers\n|-damage|p1a: Basculin|0 fnt|[from] psn\n|faint|p1a: Basculin\n|upkeep\n|\n|t:|1781452969\n|switch|p1a: Dunsparce|Dunsparce, L86, M|164/312\n|turn|18\n|\n|t:|1781452976\n|move|p1a: Dunsparce|Roost|p1a: Dunsparce\n|-heal|p1a: Dunsparce|312/312\n|-singleturn|p1a: Dunsparce|move: Roost\n|cant|p2a: Fezandipiti|par\n|\n|-heal|p2a: Fezandipiti|172/278 par|[from] item: Leftovers\n|upkeep\n|turn|19\n|\n|t:|1781452984\n|move|p1a: Dunsparce|Earthquake|p2a: Fezandipiti\n|-supereffective|p2a: Fezandipiti\n|-damage|p2a: Fezandipiti|46/278 par\n|move|p2a: Fezandipiti|Gunk Shot|p1a: Dunsparce|[miss]\n|-miss|p2a: Fezandipiti|p1a: Dunsparce\n|\n|-heal|p2a: Fezandipiti|63/278 par|[from] item: Leftovers\n|upkeep\n|turn|20\n|\n|t:|1781452992\n|move|p1a: Dunsparce|Body Slam|p2a: Fezandipiti\n|-damage|p2a: Fezandipiti|0 fnt\n|faint|p2a: Fezandipiti\n|\n|upkeep\n|\n|t:|1781452996\n|switch|p2a: Calyrex|Calyrex, L93|337/337\n|-ability|p2a: Calyrex|Unnerve\n|turn|21\n|\n|t:|1781453002\n|move|p2a: Calyrex|Body Press|p1a: Dunsparce\n|-supereffective|p1a: Dunsparce\n|-damage|p1a: Dunsparce|226/312\n|move|p1a: Dunsparce|Body Slam|p2a: Calyrex\n|-damage|p2a: Calyrex|262/337\n|-status|p2a: Calyrex|par\n|\n|-heal|p2a: Calyrex|283/337 par|[from] item: Leftovers\n|upkeep\n|turn|22\n|\n|t:|1781453013\n|move|p1a: Dunsparce|Body Slam|p2a: Calyrex\n|-damage|p2a: Calyrex|210/337 par\n|move|p2a: Calyrex|Leech Seed|p1a: Dunsparce|[miss]\n|-miss|p2a: Calyrex|p1a: Dunsparce\n|\n|-heal|p2a: Calyrex|231/337 par|[from] item: Leftovers\n|upkeep\n|turn|23\n|\n|t:|1781453026\n|switch|p1a: Dedenne|Dedenne, L88, M|187/261\n|move|p2a: Calyrex|Leech Seed|p1a: Dedenne\n|-start|p1a: Dedenne|move: Leech Seed\n|\n|-heal|p2a: Calyrex|252/337 par|[from] item: Leftovers\n|-damage|p1a: Dedenne|155/261|[from] Leech Seed|[of] p2a: Calyrex\n|-heal|p2a: Calyrex|284/337 par|[silent]\n|upkeep\n|turn|24\n|\n|t:|1781453036\n|move|p1a: Dedenne|Super Fang|p2a: Calyrex\n|-damage|p2a: Calyrex|142/337 par\n|cant|p2a: Calyrex|par\n|\n|-heal|p2a: Calyrex|163/337 par|[from] item: Leftovers\n|-damage|p1a: Dedenne|123/261|[from] Leech Seed|[of] p2a: Calyrex\n|-heal|p2a: Calyrex|195/337 par|[silent]\n|upkeep\n|turn|25\n|\n|t:|1781453046\n|switch|p2a: Altaria|Altaria, L89, M|214/278\n|-enditem|p1a: Dedenne|Sitrus Berry|[eat]\n|-heal|p1a: Dedenne|188/261|[from] item: Sitrus Berry\n|-heal|p1a: Dedenne|261/261|[from] ability: Cheek Pouch\n|move|p1a: Dedenne|Dazzling Gleam|p2a: Altaria\n|-supereffective|p2a: Altaria\n|-damage|p2a: Altaria|82/278\n|\n|-damage|p1a: Dedenne|229/261|[from] Leech Seed|[of] p2a: Altaria\n|-heal|p2a: Altaria|114/278|[silent]\n|upkeep\n|turn|26\n|\n|t:|1781453058\n|move|p1a: Dedenne|Dazzling Gleam|p2a: Altaria\n|-supereffective|p2a: Altaria\n|-damage|p2a: Altaria|0 fnt\n|faint|p2a: Altaria\n|\n|upkeep\n|\n|t:|1781453062\n|switch|p2a: Calyrex|Calyrex, L93|235/235\n|turn|27\n|\n|t:|1781453068\n|move|p1a: Dedenne|Nuzzle|p2a: Calyrex\n|-damage|p2a: Calyrex|214/235\n|-status|p2a: Calyrex|par\n|replace|p2a: Zoroark|Zoroark, L83, F\n|-end|p2a: Zoroark|Illusion\n|-hint|Illusion Level Mod is active, so this Pok\u00e9mon's true level was hidden.\n|move|p2a: Zoroark|Sludge Bomb|p1a: Dedenne\n|-supereffective|p1a: Dedenne\n|-damage|p1a: Dedenne|0 fnt\n|faint|p1a: Dedenne\n|-damage|p2a: Zoroark|191/235 par|[from] item: Life Orb\n|\n|upkeep\n|\n|t:|1781453082\n|switch|p1a: Galvantula|Galvantula, L82, M|249/249\n|turn|28\n|\n|t:|1781453088\n|move|p1a: Galvantula|Bug Buzz|p2a: Zoroark\n|-supereffective|p2a: Zoroark\n|-crit|p2a: Zoroark\n|-damage|p2a: Zoroark|0 fnt\n|faint|p2a: Zoroark\n|\n|upkeep\n|\n|t:|1781453092\n|switch|p2a: Calyrex|Calyrex, L93|195/337 par\n|-ability|p2a: Calyrex|Unnerve\n|turn|29\n|\n|t:|1781453097\n|move|p1a: Galvantula|Bug Buzz|p2a: Calyrex\n|-supereffective|p2a: Calyrex\n|-damage|p2a: Calyrex|0 fnt\n|faint|p2a: Calyrex\n|\n|win|Austin316SayYess\n|raw|Austin316SayYess's rating: 1245 &rarr; <strong>1272</strong><br />(+27 for winning)\n|raw|mordecu's rating: 1266 &rarr; <strong>1239</strong><br />(-27 for losing)\n|l|\u2606mordecu\n|player|p2|\n", "uploadtime": 1781453113, "views": 10, "formatid": "gen9randombattle", "rating": 1239, "private": 0, "password": null}