{"id": "gen9randombattle-2631874931", "format": "[Gen 9] Random Battle", "players": ["bimiuchiratnhieu", "avatar z"], "log": "|j|\u2606bimiuchiratnhieu\n|j|\u2606avatar z\n|t:|1781450800\n|gametype|singles\n|player|p1|bimiuchiratnhieu|hilda|1960\n|player|p2|avatar z|2|1928\n|gen|9\n|tier|[Gen 9] Random Battle\n|rated|\n|rule|Species Clause: Limit one of each Pok\u00e9mon\n|rule|HP Percentage Mod: HP is shown in percentages\n|rule|Sleep Clause Mod: Limit one foe put to sleep\n|rule|Illusion Level Mod: Illusion disguises the Pok\u00e9mon's true level\n|\n|t:|1781450801\n|teamsize|p1|6\n|teamsize|p2|6\n|start\n|switch|p1a: Froslass|Froslass, L87, F|263/263\n|switch|p2a: Swampert|Swampert, L83, F|302/302\n|turn|1\n|inactive|Battle timer is ON: inactive players will automatically lose when time's up. (requested by bimiuchiratnhieu)\n|\n|t:|1781450825\n|move|p1a: Froslass|Will-O-Wisp|p2a: Swampert|[miss]\n|-miss|p1a: Froslass|p2a: Swampert\n|move|p2a: Swampert|Stealth Rock|p1a: Froslass\n|-sidestart|p1: bimiuchiratnhieu|move: Stealth Rock\n|\n|upkeep\n|turn|2\n|\n|t:|1781450832\n|switch|p2a: Gouging Fire|Gouging Fire, L74|277/277\n|move|p1a: Froslass|Will-O-Wisp|p2a: Gouging Fire\n|-immune|p2a: Gouging Fire\n|\n|upkeep\n|turn|3\n|\n|t:|1781450844\n|switch|p1a: Scrafty|Scrafty, L83, M|244/244\n|-damage|p1a: Scrafty|229/244|[from] Stealth Rock\n|move|p2a: Gouging Fire|Dragon Dance|p2a: Gouging Fire\n|-boost|p2a: Gouging Fire|atk|1\n|-boost|p2a: Gouging Fire|spe|1\n|\n|-heal|p1a: Scrafty|244/244|[from] item: Leftovers\n|upkeep\n|turn|4\n|\n|t:|1781450851\n|move|p2a: Gouging Fire|Heat Crash|p1a: Scrafty\n|-damage|p1a: Scrafty|96/244\n|move|p1a: Scrafty|Bulk Up|p1a: Scrafty\n|-boost|p1a: Scrafty|atk|1\n|-boost|p1a: Scrafty|def|1\n|\n|-heal|p1a: Scrafty|111/244|[from] item: Leftovers\n|upkeep\n|turn|5\n|\n|t:|1781450859\n|move|p2a: Gouging Fire|Dragon Dance|p2a: Gouging Fire\n|-boost|p2a: Gouging Fire|atk|1\n|-boost|p2a: Gouging Fire|spe|1\n|move|p1a: Scrafty|Drain Punch|p2a: Gouging Fire\n|-damage|p2a: Gouging Fire|183/277\n|-heal|p1a: Scrafty|158/244|[from] drain|[of] p2a: Gouging Fire\n|\n|-heal|p1a: Scrafty|173/244|[from] item: Leftovers\n|upkeep\n|turn|6\n|\n|t:|1781450866\n|move|p2a: Gouging Fire|Heat Crash|p1a: Scrafty\n|-damage|p1a: Scrafty|50/244\n|move|p1a: Scrafty|Drain Punch|p2a: Gouging Fire\n|-damage|p2a: Gouging Fire|90/277\n|-heal|p1a: Scrafty|97/244|[from] drain|[of] p2a: Gouging Fire\n|\n|-heal|p1a: Scrafty|112/244|[from] item: Leftovers\n|upkeep\n|turn|7\n|\n|t:|1781450884\n|-terastallize|p2a: Gouging Fire|Fairy\n|move|p2a: Gouging Fire|Heat Crash|p1a: Scrafty\n|-damage|p1a: Scrafty|0 fnt\n|faint|p1a: Scrafty\n|\n|upkeep\n|\n|t:|1781450896\n|switch|p1a: Toucannon|Toucannon, L88, F|284/284\n|turn|8\n|\n|t:|1781450902\n|-singleturn|p1a: Toucannon|move: Beak Blast\n|move|p2a: Gouging Fire|Morning Sun|p2a: Gouging Fire\n|-heal|p2a: Gouging Fire|228/277\n|move|p1a: Toucannon|Beak Blast|p2a: Gouging Fire\n|-damage|p2a: Gouging Fire|113/277\n|\n|upkeep\n|turn|9\n|\n|t:|1781450909\n|-singleturn|p1a: Toucannon|move: Beak Blast\n|move|p2a: Gouging Fire|Morning Sun|p2a: Gouging Fire\n|-heal|p2a: Gouging Fire|251/277\n|move|p1a: Toucannon|Beak Blast|p2a: Gouging Fire\n|-damage|p2a: Gouging Fire|127/277\n|\n|upkeep\n|turn|10\n|\n|t:|1781450914\n|move|p2a: Gouging Fire|Heat Crash|p1a: Toucannon\n|-damage|p1a: Toucannon|29/284\n|move|p1a: Toucannon|Boomburst|p2a: Gouging Fire\n|-damage|p2a: Gouging Fire|0 fnt\n|faint|p2a: Gouging Fire\n|-end|p2a: Gouging Fire|Protosynthesis|[silent]\n|\n|upkeep\n|\n|t:|1781450931\n|switch|p2a: Cryogonal|Cryogonal, L89|287/287\n|turn|11\n|\n|t:|1781450937\n|switch|p1a: Hypno|Hypno, L95, M|315/315\n|-damage|p1a: Hypno|276/315|[from] Stealth Rock\n|move|p2a: Cryogonal|Flash Cannon|p1a: Hypno\n|-damage|p1a: Hypno|231/315\n|\n|-heal|p1a: Hypno|250/315|[from] item: Leftovers\n|upkeep\n|turn|12\n|\n|t:|1781450947\n|switch|p2a: Forretress|Forretress, L84, F|263/263\n|move|p1a: Hypno|Toxic|p2a: Forretress\n|-immune|p2a: Forretress\n|\n|-heal|p1a: Hypno|269/315|[from] item: Leftovers\n|upkeep\n|turn|13\n|\n|t:|1781450956\n|switch|p1a: Toucannon|Toucannon, L88, F|29/284\n|move|p2a: Forretress|Spikes|p1a: Toucannon\n|-sidestart|p1: bimiuchiratnhieu|Spikes\n|\n|upkeep\n|turn|14\n|\n|t:|1781450961\n|move|p1a: Toucannon|Roost|p1a: Toucannon\n|-heal|p1a: Toucannon|171/284\n|-singleturn|p1a: Toucannon|move: Roost\n|move|p2a: Forretress|Rapid Spin|p1a: Toucannon\n|-damage|p1a: Toucannon|133/284\n|-boost|p2a: Forretress|spe|1\n|\n|upkeep\n|turn|15\n|\n|t:|1781450966\n|move|p2a: Forretress|Iron Head|p1a: Toucannon\n|-damage|p1a: Toucannon|48/284\n|move|p1a: Toucannon|Roost|p1a: Toucannon\n|-heal|p1a: Toucannon|190/284\n|-singleturn|p1a: Toucannon|move: Roost\n|\n|upkeep\n|turn|16\n|\n|t:|1781450971\n|move|p2a: Forretress|Spikes|p1a: Toucannon\n|-sidestart|p1: bimiuchiratnhieu|Spikes\n|move|p1a: Toucannon|Roost|p1a: Toucannon\n|-heal|p1a: Toucannon|284/284\n|-singleturn|p1a: Toucannon|move: Roost\n|\n|upkeep\n|turn|17\n|\n|t:|1781450974\n|move|p2a: Forretress|Spikes|p1a: Toucannon\n|-sidestart|p1: bimiuchiratnhieu|Spikes\n|move|p1a: Toucannon|Knock Off|p2a: Forretress\n|-damage|p2a: Forretress|203/263\n|-enditem|p2a: Forretress|Leftovers|[from] move: Knock Off|[of] p1a: Toucannon\n|\n|upkeep\n|turn|18\n|\n|t:|1781450986\n|switch|p2a: Swampert|Swampert, L83, F|302/302\n|-singleturn|p1a: Toucannon|move: Beak Blast\n|move|p1a: Toucannon|Beak Blast|p2a: Swampert\n|-damage|p2a: Swampert|157/302\n|\n|-heal|p2a: Swampert|175/302|[from] item: Leftovers\n|upkeep\n|turn|19\n|\n|t:|1781450994\n|-singleturn|p1a: Toucannon|move: Beak Blast\n|move|p2a: Swampert|Yawn|p1a: Toucannon\n|-start|p1a: Toucannon|move: Yawn|[of] p2a: Swampert\n|move|p1a: Toucannon|Beak Blast|p2a: Swampert\n|-damage|p2a: Swampert|39/302\n|\n|-heal|p2a: Swampert|57/302|[from] item: Leftovers\n|upkeep\n|turn|20\n|\n|t:|1781450999\n|move|p1a: Toucannon|Knock Off|p2a: Swampert\n|-damage|p2a: Swampert|0 fnt\n|-enditem|p2a: Swampert|Leftovers|[from] move: Knock Off|[of] p1a: Toucannon\n|faint|p2a: Swampert\n|\n|-end|p1a: Toucannon|move: Yawn|[silent]\n|-status|p1a: Toucannon|slp\n|upkeep\n|\n|t:|1781451006\n|switch|p2a: Kingdra|Kingdra, L84, F|263/263\n|turn|21\n|\n|t:|1781451012\n|switch|p1a: Hypno|Hypno, L95, M|269/315\n|-damage|p1a: Hypno|230/315|[from] Stealth Rock\n|-damage|p1a: Hypno|152/315|[from] Spikes\n|move|p2a: Kingdra|Rain Dance|p2a: Kingdra\n|-weather|RainDance\n|\n|-weather|RainDance|[upkeep]\n|-heal|p1a: Hypno|171/315|[from] item: Leftovers\n|upkeep\n|turn|22\n|\n|t:|1781451018\n|move|p2a: Kingdra|Wave Crash|p1a: Hypno\n|-damage|p1a: Hypno|0 fnt\n|faint|p1a: Hypno\n|-damage|p2a: Kingdra|207/263|[from] Recoil\n|-damage|p2a: Kingdra|181/263|[from] item: Life Orb\n|\n|-weather|RainDance|[upkeep]\n|upkeep\n|\n|t:|1781451035\n|switch|p1a: Lokix|Lokix, L82, M|251/251\n|-damage|p1a: Lokix|189/251|[from] Stealth Rock\n|-damage|p1a: Lokix|127/251|[from] Spikes\n|turn|23\n|\n|t:|1781451044\n|move|p1a: Lokix|Sucker Punch|p2a: Kingdra\n|-damage|p2a: Kingdra|95/263\n|-damage|p1a: Lokix|102/251|[from] item: Life Orb\n|move|p2a: Kingdra|Hurricane|p1a: Lokix\n|-supereffective|p1a: Lokix\n|-damage|p1a: Lokix|0 fnt\n|faint|p1a: Lokix\n|-damage|p2a: Kingdra|69/263|[from] item: Life Orb\n|\n|-weather|RainDance|[upkeep]\n|upkeep\n|\n|t:|1781451049\n|switch|p1a: Toucannon|Toucannon, L88, F|284/284 slp\n|turn|24\n|\n|t:|1781451054\n|move|p2a: Kingdra|Wave Crash|p1a: Toucannon\n|-damage|p1a: Toucannon|21/284 slp\n|-damage|p2a: Kingdra|0 fnt|[from] Recoil\n|faint|p2a: Kingdra\n|cant|p1a: Toucannon|slp\n|\n|-weather|RainDance|[upkeep]\n|upkeep\n|\n|t:|1781451061\n|switch|p2a: Cryogonal|Cryogonal, L89|287/287\n|turn|25\n|inactive|bimiuchiratnhieu has 120 seconds left.\n|\n|t:|1781451103\n|switch|p1a: Froslass|Froslass, L87, F|263/263\n|-damage|p1a: Froslass|198/263|[from] Stealth Rock\n|-damage|p1a: Froslass|133/263|[from] Spikes\n|move|p2a: Cryogonal|Freeze-Dry|p1a: Froslass\n|-resisted|p1a: Froslass\n|-damage|p1a: Froslass|82/263\n|\n|-weather|none\n|upkeep\n|turn|26\n|inactive|avatar z has 120 seconds left.\n|\n|t:|1781451141\n|switch|p2a: Forretress|Forretress, L84, F|203/263\n|move|p1a: Froslass|Destiny Bond|p1a: Froslass\n|-singlemove|p1a: Froslass|Destiny Bond\n|\n|upkeep\n|turn|27\n|inactive|avatar z has 120 seconds left.\n|inactive|bimiuchiratnhieu has 120 seconds left.\n|\n|t:|1781451172\n|move|p1a: Froslass|Will-O-Wisp|p2a: Forretress\n|-status|p2a: Forretress|brn\n|move|p2a: Forretress|Iron Head|p1a: Froslass\n|-supereffective|p1a: Froslass\n|-crit|p1a: Froslass\n|-damage|p1a: Froslass|0 fnt\n|faint|p1a: Froslass\n|\n|-damage|p2a: Forretress|187/263 brn|[from] brn\n|upkeep\n|\n|t:|1781451177\n|switch|p1a: Toucannon|Toucannon, L88, F|21/284 slp\n|turn|28\n|\n|t:|1781451185\n|switch|p2a: Cryogonal|Cryogonal, L89|287/287\n|cant|p1a: Toucannon|slp\n|\n|upkeep\n|turn|29\n|inactive|bimiuchiratnhieu has 120 seconds left.\n|\n|t:|1781451200\n|move|p2a: Cryogonal|Freeze-Dry|p1a: Toucannon\n|-supereffective|p1a: Toucannon\n|-damage|p1a: Toucannon|0 fnt\n|faint|p1a: Toucannon\n|\n|upkeep\n|\n|t:|1781451201\n|switch|p1a: Tauros|Tauros-Paldea-Blaze, L81, M|252/252\n|-damage|p1a: Tauros|221/252|[from] Stealth Rock\n|-damage|p1a: Tauros|158/252|[from] Spikes\n|turn|30\n|\n|t:|1781451213\n|switch|p2a: Forretress|Forretress, L84, F|187/263 brn\n|move|p1a: Tauros|Bulk Up|p1a: Tauros\n|-boost|p1a: Tauros|atk|1\n|-boost|p1a: Tauros|def|1\n|\n|-damage|p2a: Forretress|171/263 brn|[from] brn\n|upkeep\n|turn|31\n|\n|t:|1781451221\n|move|p1a: Tauros|Substitute|p1a: Tauros\n|-start|p1a: Tauros|Substitute\n|-damage|p1a: Tauros|95/252\n|-enditem|p1a: Tauros|Sitrus Berry|[eat]\n|-heal|p1a: Tauros|158/252|[from] item: Sitrus Berry\n|move|p2a: Forretress|Body Press|p1a: Tauros\n|-activate|p1a: Tauros|move: Substitute|[damage]\n|\n|-damage|p2a: Forretress|155/263 brn|[from] brn\n|upkeep\n|turn|32\n|\n|t:|1781451230\n|switch|p2a: Spiritomb|Spiritomb, L89, F|234/234\n|move|p1a: Tauros|Bulk Up|p1a: Tauros\n|-boost|p1a: Tauros|atk|1\n|-boost|p1a: Tauros|def|1\n|\n|-activate|p1a: Tauros|ability: Cud Chew\n|-enditem|p1a: Tauros|Sitrus Berry|[eat]\n|-heal|p1a: Tauros|221/252|[from] item: Sitrus Berry\n|upkeep\n|turn|33\n|inactive|bimiuchiratnhieu has 120 seconds left.\n|\n|t:|1781451269\n|move|p1a: Tauros|Bulk Up|p1a: Tauros\n|-boost|p1a: Tauros|atk|1\n|-boost|p1a: Tauros|def|1\n|move|p2a: Spiritomb|Foul Play|p1a: Tauros\n|-resisted|p1a: Tauros\n|-damage|p1a: Tauros|168/252\n|\n|upkeep\n|turn|34\n|inactive|bimiuchiratnhieu has 120 seconds left.\n|\n|t:|1781451280\n|move|p1a: Tauros|Raging Bull|p2a: Spiritomb\n|-damage|p2a: Spiritomb|47/234\n|move|p2a: Spiritomb|Foul Play|p1a: Tauros\n|-resisted|p1a: Tauros\n|-damage|p1a: Tauros|117/252\n|\n|-heal|p2a: Spiritomb|61/234|[from] item: Leftovers\n|upkeep\n|turn|35\n|\n|t:|1781451285\n|move|p2a: Spiritomb|Shadow Sneak|p1a: Tauros\n|-damage|p1a: Tauros|101/252\n|move|p1a: Tauros|Raging Bull|p2a: Spiritomb\n|-damage|p2a: Spiritomb|0 fnt\n|faint|p2a: Spiritomb\n|\n|upkeep\n|-message|avatar z forfeited.\n|\n|win|bimiuchiratnhieu\n", "uploadtime": 1781450802, "views": 3, "formatid": "gen9randombattle", "rating": null, "private": 0, "password": null}