{"id": "gen9randombattle-2631925395", "format": "[Gen 9] Random Battle", "players": ["Sango North", "swmj7"], "log": "|j|\u2606Sango North\n|j|\u2606swmj7\n|t:|1781456287\n|gametype|singles\n|player|p1|Sango North|1|1942\n|player|p2|swmj7|265|1927\n|gen|9\n|tier|[Gen 9] Random Battle\n|rated|\n|rule|Species Clause: Limit one of each Pok\u00e9mon\n|rule|HP Percentage Mod: HP is shown in percentages\n|rule|Sleep Clause Mod: Limit one foe put to sleep\n|rule|Illusion Level Mod: Illusion disguises the Pok\u00e9mon's true level\n|\n|t:|1781456287\n|teamsize|p1|6\n|teamsize|p2|6\n|start\n|switch|p1a: Perrserker|Perrserker, L89, F|269/269\n|switch|p2a: Terapagos|Terapagos, L77, M|265/265\n|-activate|p2a: Terapagos|ability: Tera Shift\n|detailschange|p2a: Terapagos|Terapagos-Terastal, L77, M\n|-heal|p2a: Terapagos|273/273|[silent]\n|turn|1\n|\n|t:|1781456303\n|switch|p2a: Rotom|Rotom-Mow, L87|229/229\n|move|p1a: Perrserker|Knock Off|p2a: Rotom\n|-damage|p2a: Rotom|95/229\n|-enditem|p2a: Rotom|Leftovers|[from] move: Knock Off|[of] p1a: Perrserker\n|\n|upkeep\n|turn|2\n|\n|t:|1781456312\n|switch|p1a: Sunflora|Sunflora, F|312/312\n|move|p2a: Rotom|Will-O-Wisp|p1a: Sunflora\n|-status|p1a: Sunflora|brn\n|\n|-damage|p1a: Sunflora|293/312 brn|[from] brn\n|upkeep\n|turn|3\n|\n|t:|1781456317\n|move|p2a: Rotom|Volt Switch|p1a: Sunflora\n|-resisted|p1a: Sunflora\n|-damage|p1a: Sunflora|257/312 brn\n|\n|t:|1781456325\n|switch|p2a: Mandibuzz|Mandibuzz, L85, F|326/326|[from] Volt Switch\n|move|p1a: Sunflora|Sludge Bomb|p2a: Mandibuzz\n|-damage|p2a: Mandibuzz|188/326\n|-status|p2a: Mandibuzz|psn\n|\n|-damage|p2a: Mandibuzz|148/326 psn|[from] psn\n|-damage|p1a: Sunflora|238/312 brn|[from] brn\n|upkeep\n|turn|4\n|\n|t:|1781456352\n|switch|p1a: Perrserker|Perrserker, L89, F|269/269\n|move|p2a: Mandibuzz|Knock Off|p1a: Perrserker\n|-damage|p1a: Perrserker|205/269\n|-enditem|p1a: Perrserker|Choice Band|[from] move: Knock Off|[of] p2a: Mandibuzz\n|\n|-damage|p2a: Mandibuzz|108/326 psn|[from] psn\n|upkeep\n|turn|5\n|\n|t:|1781456360\n|move|p2a: Mandibuzz|Knock Off|p1a: Perrserker\n|-damage|p1a: Perrserker|160/269\n|move|p1a: Perrserker|U-turn|p2a: Mandibuzz\n|-damage|p2a: Mandibuzz|42/326 psn\n|\n|t:|1781456365\n|switch|p1a: Cyclizar|Cyclizar, L83, M|252/252|[from] U-turn\n|\n|-damage|p2a: Mandibuzz|2/326 psn|[from] psn\n|upkeep\n|turn|6\n|\n|t:|1781456370\n|move|p1a: Cyclizar|Rapid Spin|p2a: Mandibuzz\n|-damage|p2a: Mandibuzz|0 fnt\n|-boost|p1a: Cyclizar|spe|1\n|faint|p2a: Mandibuzz\n|\n|upkeep\n|\n|t:|1781456374\n|switch|p2a: Glalie|Glalie, L96, F|309/309\n|turn|7\n|\n|t:|1781456387\n|move|p1a: Cyclizar|Shed Tail|p1a: Cyclizar\n|-start|p1a: Cyclizar|Substitute|[from] move: Shed Tail\n|-damage|p1a: Cyclizar|126/252\n|\n|t:|1781456390\n|switch|p1a: Mew|Mew, L82|298/298|[from] Shed Tail\n|move|p2a: Glalie|Earthquake|p1a: Mew\n|-end|p1a: Mew|Substitute\n|\n|upkeep\n|turn|8\n|\n|t:|1781456396\n|switch|p2a: Meowstic|Meowstic-F, L89, F|277/277\n|move|p1a: Mew|Swords Dance|p1a: Mew\n|-boost|p1a: Mew|atk|2\n|\n|upkeep\n|turn|9\n|\n|t:|1781456401\n|move|p2a: Meowstic|Dark Pulse|p1a: Mew\n|-supereffective|p1a: Mew\n|-damage|p1a: Mew|155/298\n|-damage|p2a: Meowstic|250/277|[from] item: Life Orb\n|move|p1a: Mew|Leech Life|p2a: Meowstic\n|-supereffective|p2a: Meowstic\n|-damage|p2a: Meowstic|0 fnt\n|-heal|p1a: Mew|280/298|[from] drain|[of] p2a: Meowstic\n|faint|p2a: Meowstic\n|-damage|p1a: Mew|251/298|[from] item: Life Orb\n|\n|upkeep\n|-message|swmj7 forfeited.\n|\n|win|Sango North\n", "uploadtime": 1781456288, "views": 3, "formatid": "gen9randombattle", "rating": null, "private": 0, "password": null}