{"id": "gen9randombattle-2631895431", "format": "[Gen 9] Random Battle", "players": ["Buffybox", "TroolyGhoulie"], "log": "|j|\u2606Buffybox\n|j|\u2606TroolyGhoulie\n|t:|1781453058\n|gametype|singles\n|player|p1|Buffybox|veteran|1378\n|player|p2|TroolyGhoulie|mina|1345\n|gen|9\n|tier|[Gen 9] Random Battle\n|rated|\n|rule|Species Clause: Limit one of each Pok\u00e9mon\n|rule|HP Percentage Mod: HP is shown in percentages\n|rule|Sleep Clause Mod: Limit one foe put to sleep\n|rule|Illusion Level Mod: Illusion disguises the Pok\u00e9mon's true level\n|\n|t:|1781453058\n|teamsize|p1|6\n|teamsize|p2|6\n|start\n|switch|p1a: Klefki|Klefki, L84, F|233/233\n|switch|p2a: Golurk|Golurk, L87|297/297\n|turn|1\n|inactive|Battle timer is ON: inactive players will automatically lose when time's up. (requested by Buffybox)\n|\n|t:|1781453069\n|move|p1a: Klefki|Magnet Rise|p1a: Klefki\n|-start|p1a: Klefki|Magnet Rise\n|move|p2a: Golurk|Poltergeist|p1a: Klefki\n|-activate|p1a: Klefki|move: Poltergeist|Leftovers\n|-damage|p1a: Klefki|50/233\n|-damage|p2a: Golurk|268/297|[from] item: Life Orb\n|\n|-heal|p1a: Klefki|64/233|[from] item: Leftovers\n|upkeep\n|turn|2\n|\n|t:|1781453079\n|move|p1a: Klefki|Play Rough|p2a: Golurk\n|-damage|p2a: Golurk|189/297\n|move|p2a: Golurk|Poltergeist|p1a: Klefki\n|-activate|p1a: Klefki|move: Poltergeist|Leftovers\n|-damage|p1a: Klefki|0 fnt\n|faint|p1a: Klefki\n|-damage|p2a: Golurk|160/297|[from] item: Life Orb\n|\n|upkeep\n|\n|t:|1781453084\n|switch|p1a: Trevenant|Trevenant, L89, M|296/296\n|turn|3\n|\n|t:|1781453094\n|switch|p2a: Squawkabilly|Squawkabilly-Blue, L85, F|278/278\n|move|p1a: Trevenant|Poltergeist|p2a: Squawkabilly\n|-immune|p2a: Squawkabilly\n|\n|-status|p2a: Squawkabilly|brn|[from] item: Flame Orb\n|upkeep\n|turn|4\n|\n|t:|1781453105\n|move|p1a: Trevenant|Protect|p1a: Trevenant\n|-singleturn|p1a: Trevenant|Protect\n|move|p2a: Squawkabilly|Brave Bird|p1a: Trevenant\n|-activate|p1a: Trevenant|move: Protect\n|\n|-damage|p2a: Squawkabilly|261/278 brn|[from] brn\n|upkeep\n|turn|5\n|\n|t:|1781453112\n|switch|p1a: Ambipom|Ambipom, L84, F|263/263\n|move|p2a: Squawkabilly|Brave Bird|p1a: Ambipom\n|-damage|p1a: Ambipom|2/263\n|-damage|p2a: Squawkabilly|175/278 brn|[from] Recoil\n|\n|-damage|p2a: Squawkabilly|158/278 brn|[from] brn\n|upkeep\n|turn|6\n|\n|t:|1781453117\n|move|p2a: Squawkabilly|Quick Attack|p1a: Ambipom\n|-damage|p1a: Ambipom|0 fnt\n|faint|p1a: Ambipom\n|\n|-damage|p2a: Squawkabilly|141/278 brn|[from] brn\n|upkeep\n|\n|t:|1781453128\n|switch|p1a: Grumpig|Grumpig, L92, M|297/297\n|turn|7\n|\n|t:|1781453138\n|-terastallize|p2a: Squawkabilly|Normal\n|move|p2a: Squawkabilly|Facade|p1a: Grumpig\n|-damage|p1a: Grumpig|0 fnt\n|faint|p1a: Grumpig\n|\n|-damage|p2a: Squawkabilly|124/278 brn|[from] brn\n|upkeep\n|\n|t:|1781453152\n|switch|p1a: Trevenant|Trevenant, L89, M|296/296\n|turn|8\n|\n|t:|1781453157\n|move|p2a: Squawkabilly|Brave Bird|p1a: Trevenant\n|-supereffective|p1a: Trevenant\n|-damage|p1a: Trevenant|0 fnt\n|faint|p1a: Trevenant\n|-damage|p2a: Squawkabilly|26/278 brn|[from] Recoil\n|\n|-damage|p2a: Squawkabilly|9/278 brn|[from] brn\n|upkeep\n|\n|t:|1781453166\n|switch|p1a: Great Tusk|Great Tusk, L77|304/304\n|-enditem|p1a: Great Tusk|Booster Energy\n|-activate|p1a: Great Tusk|ability: Protosynthesis|[fromitem]\n|-start|p1a: Great Tusk|protosynthesisatk\n|turn|9\n|\n|t:|1781453172\n|move|p2a: Squawkabilly|Brave Bird|p1a: Great Tusk\n|-supereffective|p1a: Great Tusk\n|-damage|p1a: Great Tusk|0 fnt\n|faint|p1a: Great Tusk\n|-end|p1a: Great Tusk|Protosynthesis|[silent]\n|-damage|p2a: Squawkabilly|0 fnt|[from] Recoil\n|faint|p2a: Squawkabilly\n|\n|upkeep\n|\n|t:|1781453175\n|switch|p2a: Quagsire|Quagsire, L84, F|297/297\n|switch|p1a: Bellossom|Bellossom, L84, M|263/263\n|turn|10\n|\n|t:|1781453179\n|move|p1a: Bellossom|Quiver Dance|p1a: Bellossom\n|-boost|p1a: Bellossom|spa|1\n|-boost|p1a: Bellossom|spd|1\n|-boost|p1a: Bellossom|spe|1\n|move|p2a: Quagsire|Toxic|p1a: Bellossom\n|-status|p1a: Bellossom|tox\n|\n|-damage|p1a: Bellossom|247/263 tox|[from] psn\n|upkeep\n|turn|11\n|\n|t:|1781453187\n|switch|p2a: Gothitelle|Gothitelle, L90, M|272/272\n|move|p1a: Bellossom|Giga Drain|p2a: Gothitelle\n|-damage|p2a: Gothitelle|181/272\n|-heal|p1a: Bellossom|263/263 tox|[from] drain|[of] p2a: Gothitelle\n|\n|-damage|p1a: Bellossom|231/263 tox|[from] psn\n|upkeep\n|turn|12\n|\n|t:|1781453194\n|move|p2a: Gothitelle|Trick|p1a: Bellossom\n|-activate|p2a: Gothitelle|move: Trick|[of] p1a: Bellossom\n|-item|p1a: Bellossom|Choice Scarf|[from] move: Trick\n|-item|p2a: Gothitelle|Leftovers|[from] move: Trick\n|move|p1a: Bellossom|Giga Drain|p2a: Gothitelle\n|-damage|p2a: Gothitelle|99/272\n|-heal|p1a: Bellossom|263/263 tox|[from] drain|[of] p2a: Gothitelle\n|\n|-heal|p2a: Gothitelle|116/272|[from] item: Leftovers\n|-damage|p1a: Bellossom|215/263 tox|[from] psn\n|upkeep\n|turn|13\n|\n|t:|1781453201\n|move|p1a: Bellossom|Giga Drain|p2a: Gothitelle\n|-damage|p2a: Gothitelle|22/272\n|-heal|p1a: Bellossom|262/263 tox|[from] drain|[of] p2a: Gothitelle\n|move|p2a: Gothitelle|Psychic|p1a: Bellossom\n|-damage|p1a: Bellossom|190/263 tox\n|\n|-heal|p2a: Gothitelle|39/272|[from] item: Leftovers\n|-damage|p1a: Bellossom|126/263 tox|[from] psn\n|upkeep\n|turn|14\n|\n|t:|1781453204\n|move|p1a: Bellossom|Giga Drain|p2a: Gothitelle\n|-damage|p2a: Gothitelle|0 fnt\n|-heal|p1a: Bellossom|146/263 tox|[from] drain|[of] p2a: Gothitelle\n|faint|p2a: Gothitelle\n|\n|-damage|p1a: Bellossom|66/263 tox|[from] psn\n|upkeep\n|\n|t:|1781453206\n|switch|p2a: Rotom|Rotom, L88|231/231\n|turn|15\n|\n|t:|1781453208\n|move|p1a: Bellossom|Giga Drain|p2a: Rotom\n|-damage|p2a: Rotom|119/231\n|-heal|p1a: Bellossom|122/263 tox|[from] drain|[of] p2a: Rotom\n|move|p2a: Rotom|Shadow Ball|p1a: Bellossom\n|-damage|p1a: Bellossom|43/263 tox\n|-damage|p2a: Rotom|96/231|[from] item: Life Orb\n|\n|-damage|p1a: Bellossom|0 fnt|[from] psn\n|faint|p1a: Bellossom\n|\n|win|TroolyGhoulie\n|raw|Buffybox's rating: 1378 &rarr; <strong>1356</strong><br />(-22 for losing)\n|raw|TroolyGhoulie's rating: 1345 &rarr; <strong>1367</strong><br />(+22 for winning)\n|l|\u2606Buffybox\n|player|p1|\n|c|\u2606TroolyGhoulie|gg wp\n", "uploadtime": 1781453214, "views": 8, "formatid": "gen9randombattle", "rating": 1356, "private": 0, "password": null}