{"id": "gen9randombattle-2631831216", "format": "[Gen 9] Random Battle", "players": ["dragonlift", "Hunrito"], "log": "|j|\u2606dragonlift\n|j|\u2606Hunrito\n|t:|1781445687\n|gametype|singles\n|player|p1|dragonlift|102|2005\n|player|p2|Hunrito|102|1939\n|gen|9\n|tier|[Gen 9] Random Battle\n|rated|\n|rule|Species Clause: Limit one of each Pok\u00e9mon\n|rule|HP Percentage Mod: HP is shown in percentages\n|rule|Sleep Clause Mod: Limit one foe put to sleep\n|rule|Illusion Level Mod: Illusion disguises the Pok\u00e9mon's true level\n|\n|t:|1781445687\n|teamsize|p1|6\n|teamsize|p2|6\n|start\n|switch|p1a: Meowstic|Meowstic, L89, M|277/277\n|switch|p2a: Armarouge|Armarouge, L80, F|267/267\n|turn|1\n|inactive|Battle timer is ON: inactive players will automatically lose when time's up. (requested by dragonlift)\n|inactive|Hunrito also wants the timer to be on.\n|\n|t:|1781445702\n|move|p1a: Meowstic|Light Screen|p1a: Meowstic\n|-sidestart|p1: dragonlift|move: Light Screen\n|move|p2a: Armarouge|Meteor Beam||[still]\n|-prepare|p2a: Armarouge|Meteor Beam\n|-boost|p2a: Armarouge|spa|1\n|-enditem|p2a: Armarouge|Power Herb\n|-anim|p2a: Armarouge|Meteor Beam|p1a: Meowstic\n|-damage|p1a: Meowstic|205/277\n|\n|upkeep\n|turn|2\n|\n|t:|1781445729\n|switch|p1a: Moltres|Moltres-Galar, L79|271/271\n|move|p2a: Armarouge|Psyshock|p1a: Moltres\n|-immune|p1a: Moltres\n|\n|upkeep\n|turn|3\n|\n|t:|1781445737\n|switch|p2a: Tentacruel|Tentacruel, L84, F|272/272\n|move|p1a: Moltres|Nasty Plot|p1a: Moltres\n|-boost|p1a: Moltres|spa|2\n|\n|upkeep\n|turn|4\n|\n|t:|1781445748\n|move|p2a: Tentacruel|Flip Turn|p1a: Moltres\n|-damage|p1a: Moltres|216/271\n|\n|t:|1781445751\n|switch|p2a: Hydreigon|Hydreigon, L79, M|275/275|[from] Flip Turn\n|move|p1a: Moltres|Fiery Wrath|p2a: Hydreigon\n|-resisted|p2a: Hydreigon\n|-damage|p2a: Hydreigon|185/275\n|\n|upkeep\n|turn|5\n|\n|t:|1781445758\n|move|p2a: Hydreigon|Draco Meteor|p1a: Moltres|[miss]\n|-miss|p2a: Hydreigon|p1a: Moltres\n|move|p1a: Moltres|Hurricane|p2a: Hydreigon\n|-damage|p2a: Hydreigon|0 fnt\n|faint|p2a: Hydreigon\n|\n|upkeep\n|\n|t:|1781445761\n|switch|p2a: Ambipom|Ambipom, L84, M|263/263\n|turn|6\n|\n|t:|1781445771\n|switch|p1a: Banette|Banette, L93, F|270/270\n|move|p2a: Ambipom|Triple Axel|p1a: Banette\n|-damage|p1a: Banette|235/270\n|-damage|p1a: Banette|167/270\n|-damage|p1a: Banette|66/270\n|-hitcount|p1a: Banette|3\n|\n|upkeep\n|turn|7\n|\n|t:|1781445781\n|move|p2a: Ambipom|Triple Axel|p1a: Banette\n|-damage|p1a: Banette|28/270\n|-damage|p1a: Banette|0 fnt\n|faint|p1a: Banette\n|-hitcount|p1: Banette|2\n|\n|upkeep\n|\n|t:|1781445790\n|switch|p1a: Meowstic|Meowstic, L89, M|205/277\n|turn|8\n|\n|t:|1781445794\n|switch|p2a: Armarouge|Armarouge, L80, F|267/267\n|move|p1a: Meowstic|Reflect|p1a: Meowstic\n|-sidestart|p1: dragonlift|Reflect\n|\n|-sideend|p1: dragonlift|move: Light Screen\n|upkeep\n|turn|9\n|\n|t:|1781445798\n|move|p1a: Meowstic|Light Screen|p1a: Meowstic\n|-sidestart|p1: dragonlift|move: Light Screen\n|move|p2a: Armarouge|Meteor Beam||[still]\n|-prepare|p2a: Armarouge|Meteor Beam\n|-boost|p2a: Armarouge|spa|1\n|\n|upkeep\n|turn|10\n|\n|t:|1781445810\n|switch|p1a: Virizion|Virizion, L82|283/283\n|move|p2a: Armarouge|Meteor Beam|p1a: Virizion|[from] lockedmove\n|-resisted|p1a: Virizion\n|-damage|p1a: Virizion|257/283\n|\n|upkeep\n|turn|11\n|\n|t:|1781445819\n|move|p1a: Virizion|Stone Edge|p2a: Armarouge\n|-supereffective|p2a: Armarouge\n|-damage|p2a: Armarouge|95/267\n|-ability|p2a: Armarouge|Weak Armor|boost\n|-unboost|p2a: Armarouge|def|1\n|-boost|p2a: Armarouge|spe|2\n|-damage|p1a: Virizion|229/283|[from] item: Life Orb\n|move|p2a: Armarouge|Armor Cannon|p1a: Virizion\n|-supereffective|p1a: Virizion\n|-damage|p1a: Virizion|72/283\n|-unboost|p2a: Armarouge|def|1\n|-unboost|p2a: Armarouge|spd|1\n|\n|upkeep\n|turn|12\n|\n|t:|1781445831\n|move|p2a: Armarouge|Psyshock|p1a: Virizion\n|-supereffective|p1a: Virizion\n|-damage|p1a: Virizion|0 fnt\n|faint|p1a: Virizion\n|\n|upkeep\n|\n|t:|1781445834\n|switch|p1a: Deoxys|Deoxys-Speed, L82|216/216\n|-ability|p1a: Deoxys|Pressure\n|turn|13\n|\n|t:|1781445842\n|move|p1a: Deoxys|Psycho Boost|p2a: Armarouge\n|-resisted|p2a: Armarouge\n|-damage|p2a: Armarouge|0 fnt\n|-unboost|p1a: Deoxys|spa|2\n|faint|p2a: Armarouge\n|\n|upkeep\n|\n|t:|1781445849\n|switch|p2a: Ambipom|Ambipom, L84, M|263/263\n|turn|14\n|\n|t:|1781445861\n|move|p1a: Deoxys|Superpower|p2a: Ambipom\n|-supereffective|p2a: Ambipom\n|-damage|p2a: Ambipom|57/263\n|-unboost|p1a: Deoxys|atk|1\n|-unboost|p1a: Deoxys|def|1\n|move|p2a: Ambipom|U-turn|p1a: Deoxys\n|-supereffective|p1a: Deoxys\n|-damage|p1a: Deoxys|101/216\n|\n|t:|1781445870\n|switch|p2a: Rayquaza|Rayquaza, L72|270/270|[from] U-turn\n|-ability|p2a: Rayquaza|Air Lock\n|\n|-heal|p1a: Deoxys|114/216|[from] item: Leftovers\n|upkeep\n|turn|15\n|\n|t:|1781445878\n|switch|p1a: Grafaiai|Grafaiai, L86, F|249/249\n|move|p2a: Rayquaza|Swords Dance|p2a: Rayquaza\n|-boost|p2a: Rayquaza|atk|2\n|\n|-sideend|p1: dragonlift|Reflect\n|upkeep\n|turn|16\n|\n|t:|1781445883\n|move|p2a: Rayquaza|Extreme Speed|p1a: Grafaiai\n|-damage|p1a: Grafaiai|107/249\n|move|p1a: Grafaiai|Encore|p2a: Rayquaza\n|-start|p2a: Rayquaza|Encore\n|\n|-sideend|p1: dragonlift|move: Light Screen\n|upkeep\n|turn|17\n|\n|t:|1781445889\n|move|p2a: Rayquaza|Extreme Speed|p1a: Grafaiai\n|-damage|p1a: Grafaiai|0 fnt\n|faint|p1a: Grafaiai\n|\n|upkeep\n|\n|t:|1781445896\n|switch|p1a: Meowstic|Meowstic, L89, M|205/277\n|turn|18\n|\n|t:|1781445904\n|-terastallize|p2a: Rayquaza|Normal\n|move|p2a: Rayquaza|Extreme Speed|p1a: Meowstic\n|-damage|p1a: Meowstic|19/277\n|move|p1a: Meowstic|Reflect|p1a: Meowstic\n|-sidestart|p1: dragonlift|Reflect\n|\n|upkeep\n|turn|19\n|\n|t:|1781445911\n|move|p2a: Rayquaza|Extreme Speed|p1a: Meowstic\n|-damage|p1a: Meowstic|0 fnt\n|faint|p1a: Meowstic\n|\n|-end|p2a: Rayquaza|Encore\n|upkeep\n|\n|t:|1781445927\n|switch|p1a: Moltres|Moltres-Galar, L79|216/271\n|turn|20\n|\n|t:|1781445934\n|move|p1a: Moltres|Rest|p1a: Moltres\n|-status|p1a: Moltres|slp|[from] move: Rest\n|-heal|p1a: Moltres|271/271 slp|[silent]\n|-enditem|p1a: Moltres|Chesto Berry|[eat]\n|-curestatus|p1a: Moltres|slp|[msg]\n|move|p2a: Rayquaza|Swords Dance|p2a: Rayquaza\n|-boost|p2a: Rayquaza|atk|2\n|\n|upkeep\n|turn|21\n|\n|t:|1781445946\n|-terastallize|p1a: Moltres|Dark\n|move|p1a: Moltres|Fiery Wrath|p2a: Rayquaza\n|-damage|p2a: Rayquaza|134/270\n|cant|p2a: Rayquaza|flinch\n|\n|upkeep\n|turn|22\n|\n|t:|1781445954\n|move|p2a: Rayquaza|Extreme Speed|p1a: Moltres\n|-damage|p1a: Moltres|124/271\n|-ability|p1a: Moltres|Berserk|boost\n|-boost|p1a: Moltres|spa|1\n|move|p1a: Moltres|Fiery Wrath|p2a: Rayquaza\n|-damage|p2a: Rayquaza|0 fnt\n|faint|p2a: Rayquaza\n|\n|upkeep\n|\n|t:|1781445960\n|switch|p2a: Tentacruel|Tentacruel, L84, F|272/272\n|turn|23\n|\n|t:|1781445966\n|move|p2a: Tentacruel|Rapid Spin|p1a: Moltres\n|-damage|p1a: Moltres|110/271\n|-boost|p2a: Tentacruel|spe|1\n|move|p1a: Moltres|Fiery Wrath|p2a: Tentacruel\n|-damage|p2a: Tentacruel|186/272\n|\n|upkeep\n|turn|24\n|\n|t:|1781445974\n|move|p2a: Tentacruel|Rapid Spin|p1a: Moltres\n|-damage|p1a: Moltres|97/271\n|-boost|p2a: Tentacruel|spe|1\n|move|p1a: Moltres|Rest|p1a: Moltres\n|-status|p1a: Moltres|slp|[from] move: Rest\n|-heal|p1a: Moltres|271/271 slp|[silent]\n|\n|upkeep\n|turn|25\n|\n|t:|1781445978\n|move|p2a: Tentacruel|Surf|p1a: Moltres\n|-damage|p1a: Moltres|202/271 slp\n|cant|p1a: Moltres|slp\n|\n|-sideend|p1: dragonlift|Reflect\n|upkeep\n|turn|26\n|\n|t:|1781445982\n|move|p2a: Tentacruel|Surf|p1a: Moltres\n|-damage|p1a: Moltres|130/271 slp\n|-ability|p1a: Moltres|Berserk|boost\n|-boost|p1a: Moltres|spa|1\n|cant|p1a: Moltres|slp\n|\n|upkeep\n|turn|27\n|\n|t:|1781445985\n|move|p2a: Tentacruel|Surf|p1a: Moltres\n|-damage|p1a: Moltres|67/271 slp\n|-curestatus|p1a: Moltres|slp|[msg]\n|move|p1a: Moltres|Fiery Wrath|p2a: Tentacruel\n|-damage|p2a: Tentacruel|56/272\n|\n|upkeep\n|turn|28\n|\n|t:|1781445993\n|move|p2a: Tentacruel|Surf|p1a: Moltres\n|-damage|p1a: Moltres|0 fnt\n|faint|p1a: Moltres\n|\n|upkeep\n|\n|t:|1781445996\n|switch|p1a: Deoxys|Deoxys-Speed, L82|114/216\n|-ability|p1a: Deoxys|Pressure\n|turn|29\n|\n|t:|1781446002\n|move|p2a: Tentacruel|Sludge Bomb|p1a: Deoxys\n|-damage|p1a: Deoxys|32/216\n|move|p1a: Deoxys|Psycho Boost|p2a: Tentacruel\n|-supereffective|p2a: Tentacruel\n|-damage|p2a: Tentacruel|0 fnt\n|-unboost|p1a: Deoxys|spa|2\n|faint|p2a: Tentacruel\n|\n|-heal|p1a: Deoxys|45/216|[from] item: Leftovers\n|upkeep\n|\n|t:|1781446007\n|switch|p2a: Kyogre|Kyogre, L71|259/259\n|-weather|RainDance|[from] ability: Drizzle|[of] p2a: Kyogre\n|turn|30\n|\n|t:|1781446011\n|move|p1a: Deoxys|Psycho Boost|p2a: Kyogre\n|-damage|p2a: Kyogre|204/259\n|-unboost|p1a: Deoxys|spa|2\n|move|p2a: Kyogre|Thunder|p1a: Deoxys\n|-damage|p1a: Deoxys|0 fnt\n|faint|p1a: Deoxys\n|\n|win|Hunrito\n", "uploadtime": 1781445689, "views": 3, "formatid": "gen9randombattle", "rating": null, "private": 0, "password": null}