{"id": "gen9randombattle-2631590807", "format": "[Gen 9] Random Battle", "players": ["bluesun000", "jonuz"], "log": "|j|\u2606bluesun000\n|j|\u2606jonuz\n|t:|1781405568\n|gametype|singles\n|player|p1|bluesun000|palmer|1964\n|player|p2|jonuz|265|1939\n|gen|9\n|tier|[Gen 9] Random Battle\n|rated|\n|rule|Species Clause: Limit one of each Pok\u00e9mon\n|rule|HP Percentage Mod: HP is shown in percentages\n|rule|Sleep Clause Mod: Limit one foe put to sleep\n|rule|Illusion Level Mod: Illusion disguises the Pok\u00e9mon's true level\n|\n|t:|1781405568\n|teamsize|p1|6\n|teamsize|p2|6\n|start\n|switch|p1a: Meowstic|Meowstic, L89, M|277/277\n|switch|p2a: Flutter Mane|Flutter Mane, L74|203/203\n|turn|1\n|inactive|Battle timer is ON: inactive players will automatically lose when time's up. (requested by bluesun000)\n|\n|t:|1781405590\n|move|p1a: Meowstic|Thunder Wave|p2a: Flutter Mane\n|-status|p2a: Flutter Mane|par\n|cant|p2a: Flutter Mane|par\n|\n|upkeep\n|turn|2\n|\n|t:|1781405600\n|switch|p1a: Clawitzer|Clawitzer, L87, F|265/265\n|move|p2a: Flutter Mane|Shadow Ball|p1a: Clawitzer\n|-damage|p1a: Clawitzer|183/265\n|\n|upkeep\n|turn|3\n|\n|t:|1781405617\n|move|p1a: Clawitzer|Water Pulse|p2a: Flutter Mane\n|-damage|p2a: Flutter Mane|101/203 par\n|move|p2a: Flutter Mane|Shadow Ball|p1a: Clawitzer\n|-damage|p1a: Clawitzer|105/265\n|\n|upkeep\n|turn|4\n|\n|t:|1781405633\n|switch|p1a: Maushold|Maushold-Four, L76|238/238\n|move|p2a: Flutter Mane|Shadow Ball|p1a: Maushold\n|-immune|p1a: Maushold\n|\n|upkeep\n|turn|5\n|\n|t:|1781405648\n|-end|p2a: Flutter Mane|Protosynthesis|[silent]\n|switch|p2a: Porygon2|Porygon2, L81|270/270\n|-ability|p2a: Porygon2|Download|boost\n|-boost|p2a: Porygon2|atk|1\n|move|p1a: Maushold|Tidy Up|p1a: Maushold\n|-boost|p1a: Maushold|atk|1\n|-boost|p1a: Maushold|spe|1\n|\n|upkeep\n|turn|6\n|\n|t:|1781405675\n|-terastallize|p1a: Maushold|Normal\n|move|p1a: Maushold|Population Bomb|p2a: Porygon2|[miss]\n|-miss|p1a: Maushold|p2a: Porygon2\n|move|p2a: Porygon2|Tri Attack|p1a: Maushold\n|-damage|p1a: Maushold|124/238\n|\n|upkeep\n|turn|7\n|c|\u2606jonuz|Yo\n|c|\u2606bluesun000|wow\n|c|\u2606jonuz|Big 1%\n|\n|t:|1781405691\n|move|p1a: Maushold|Population Bomb|p2a: Porygon2\n|-damage|p2a: Porygon2|240/270\n|-damage|p2a: Porygon2|210/270\n|-damage|p2a: Porygon2|178/270\n|-damage|p2a: Porygon2|150/270\n|-damage|p2a: Porygon2|118/270\n|-damage|p2a: Porygon2|90/270\n|-damage|p2a: Porygon2|62/270\n|-damage|p2a: Porygon2|30/270\n|-damage|p2a: Porygon2|0 fnt\n|faint|p2a: Porygon2\n|-hitcount|p2: Porygon2|9\n|\n|upkeep\n|\n|t:|1781405699\n|switch|p2a: Azumarill|Azumarill, L82, F|298/298\n|turn|8\n|inactive|jonuz has 120 seconds left.\n|\n|t:|1781405733\n|-terastallize|p2a: Azumarill|Water\n|move|p2a: Azumarill|Aqua Jet|p1a: Maushold\n|-damage|p1a: Maushold|0 fnt\n|faint|p1a: Maushold\n|\n|upkeep\n|inactive|bluesun000 has 120 seconds left.\n|\n|t:|1781405748\n|switch|p1a: Toxapex|Toxapex, L82, M|216/216\n|turn|9\n|\n|t:|1781405755\n|switch|p2a: Tentacruel|Tentacruel, L84, F|272/272\n|move|p1a: Toxapex|Toxic|p2a: Tentacruel\n|-immune|p2a: Tentacruel\n|\n|upkeep\n|turn|10\n|\n|t:|1781405767\n|switch|p1a: Clawitzer|Clawitzer, L87, F|105/265\n|move|p2a: Tentacruel|Knock Off|p1a: Clawitzer\n|-damage|p1a: Clawitzer|53/265\n|-enditem|p1a: Clawitzer|Assault Vest|[from] move: Knock Off|[of] p2a: Tentacruel\n|\n|upkeep\n|turn|11\n|\n|t:|1781405778\n|move|p2a: Tentacruel|Sludge Bomb|p1a: Clawitzer\n|-damage|p1a: Clawitzer|0 fnt\n|faint|p1a: Clawitzer\n|\n|upkeep\n|\n|t:|1781405786\n|switch|p1a: Meowstic|Meowstic, L89, M|277/277\n|turn|12\n|inactive|bluesun000 has 120 seconds left.\n|\n|t:|1781405803\n|switch|p2a: Muk|Muk-Alola, L82, M|306/306\n|move|p1a: Meowstic|Thunder Wave|p2a: Muk\n|-hint|Since gen 7, Dark is immune to Prankster moves.\n|-immune|p2a: Muk\n|\n|upkeep\n|turn|13\n|inactive|bluesun000 has 120 seconds left.\n|\n|t:|1781405818\n|switch|p1a: Toxapex|Toxapex, L82, M|216/216\n|move|p2a: Muk|Knock Off|p1a: Toxapex\n|-crit|p1a: Toxapex\n|-damage|p1a: Toxapex|104/216\n|-damage|p2a: Muk|255/306|[from] item: Rocky Helmet|[of] p1a: Toxapex\n|-enditem|p1a: Toxapex|Rocky Helmet|[from] move: Knock Off|[of] p2a: Muk\n|\n|upkeep\n|turn|14\n|\n|t:|1781405826\n|switch|p2a: Galvantula|Galvantula, L82, F|249/249\n|move|p1a: Toxapex|Liquidation|p2a: Galvantula\n|-damage|p2a: Galvantula|162/249\n|-unboost|p2a: Galvantula|def|1\n|\n|upkeep\n|turn|15\n|inactive|bluesun000 has 120 seconds left.\n|\n|t:|1781405845\n|switch|p1a: Landorus|Landorus, L75, M|257/257\n|move|p2a: Galvantula|Thunder|p1a: Landorus\n|-immune|p1a: Landorus\n|\n|upkeep\n|turn|16\n|inactive|bluesun000 has 120 seconds left.\n|\n|t:|1781405863\n|switch|p2a: Azumarill|Azumarill, L82, F, tera:Water|298/298\n|move|p1a: Landorus|Stealth Rock|p2a: Azumarill\n|-sidestart|p2: jonuz|move: Stealth Rock\n|\n|upkeep\n|turn|17\n|inactive|bluesun000 has 120 seconds left.\n|\n|t:|1781405876\n|switch|p1a: Toxapex|Toxapex, L82, M|176/216\n|move|p2a: Azumarill|Liquidation|p1a: Toxapex\n|-resisted|p1a: Toxapex\n|-damage|p1a: Toxapex|103/216\n|\n|upkeep\n|turn|18\n|inactive|bluesun000 has 120 seconds left.\n|\n|t:|1781405898\n|switch|p1a: Landorus|Landorus, L75, M|257/257\n|move|p2a: Azumarill|Liquidation|p1a: Landorus\n|-supereffective|p1a: Landorus\n|-damage|p1a: Landorus|0 fnt\n|faint|p1a: Landorus\n|\n|upkeep\n|\n|t:|1781405903\n|switch|p1a: Kommo-o|Kommo-o, L78, M|245/245\n|turn|19\n|c|\u2606bluesun000|wp\n|\n|t:|1781405917\n|switch|p2a: Flutter Mane|Flutter Mane, L74|101/203 par\n|-damage|p2a: Flutter Mane|76/203 par|[from] Stealth Rock\n|move|p1a: Kommo-o|Clangorous Soul|p1a: Kommo-o\n|-boost|p1a: Kommo-o|atk|1\n|-boost|p1a: Kommo-o|def|1\n|-boost|p1a: Kommo-o|spa|1\n|-boost|p1a: Kommo-o|spd|1\n|-boost|p1a: Kommo-o|spe|1\n|-damage|p1a: Kommo-o|165/245\n|-enditem|p1a: Kommo-o|Throat Spray\n|-boost|p1a: Kommo-o|spa|1|[from] item: Throat Spray\n|\n|upkeep\n|turn|20\n|\n|t:|1781405940\n|switch|p1a: Toxapex|Toxapex, L82, M|175/216\n|move|p2a: Flutter Mane|Moonblast|p1a: Toxapex\n|-resisted|p1a: Toxapex\n|-damage|p1a: Toxapex|119/216\n|\n|upkeep\n|turn|21\n|\n|t:|1781405947\n|-end|p2a: Flutter Mane|Protosynthesis|[silent]\n|switch|p2a: Tentacruel|Tentacruel, L84, F|272/272\n|-damage|p2a: Tentacruel|238/272|[from] Stealth Rock\n|move|p1a: Toxapex|Liquidation|p2a: Tentacruel\n|-resisted|p2a: Tentacruel\n|-damage|p2a: Tentacruel|199/272\n|\n|upkeep\n|turn|22\n|\n|t:|1781405953\n|move|p2a: Tentacruel|Rapid Spin|p1a: Toxapex\n|-damage|p1a: Toxapex|100/216\n|-boost|p2a: Tentacruel|spe|1\n|-sideend|p2: jonuz|Stealth Rock|[from] move: Rapid Spin|[of] p2a: Tentacruel\n|move|p1a: Toxapex|Liquidation|p2a: Tentacruel\n|-resisted|p2a: Tentacruel\n|-damage|p2a: Tentacruel|159/272\n|-unboost|p2a: Tentacruel|def|1\n|\n|upkeep\n|turn|23\n|\n|t:|1781405965\n|move|p2a: Tentacruel|Surf|p1a: Toxapex\n|-resisted|p1a: Toxapex\n|-damage|p1a: Toxapex|70/216\n|move|p1a: Toxapex|Liquidation|p2a: Tentacruel\n|-resisted|p2a: Tentacruel\n|-damage|p2a: Tentacruel|99/272\n|\n|upkeep\n|turn|24\n|\n|t:|1781405974\n|switch|p2a: Galvantula|Galvantula, L82, F|162/249\n|move|p1a: Toxapex|Recover|p1a: Toxapex\n|-heal|p1a: Toxapex|178/216\n|\n|upkeep\n|turn|25\n|\n|t:|1781405983\n|move|p2a: Galvantula|Thunder|p1a: Toxapex\n|-supereffective|p1a: Toxapex\n|-damage|p1a: Toxapex|26/216\n|move|p1a: Toxapex|Toxic|p2a: Galvantula\n|-status|p2a: Galvantula|tox\n|\n|-damage|p2a: Galvantula|147/249 tox|[from] psn\n|upkeep\n|turn|26\n|inactive|bluesun000 has 120 seconds left.\n|\n|t:|1781405993\n|move|p2a: Galvantula|Thunder|p1a: Toxapex\n|-supereffective|p1a: Toxapex\n|-damage|p1a: Toxapex|0 fnt\n|faint|p1a: Toxapex\n|\n|-damage|p2a: Galvantula|117/249 tox|[from] psn\n|upkeep\n|\n|t:|1781405999\n|switch|p1a: Meowstic|Meowstic, L89, M|277/277\n|turn|27\n|inactive|bluesun000 has 120 seconds left.\n|\n|t:|1781406007\n|move|p1a: Meowstic|Alluring Voice|p2a: Galvantula\n|-crit|p2a: Galvantula\n|-damage|p2a: Galvantula|8/249 tox\n|move|p2a: Galvantula|Bug Buzz|p1a: Meowstic\n|-supereffective|p1a: Meowstic\n|-damage|p1a: Meowstic|79/277\n|\n|-heal|p1a: Meowstic|96/277|[from] item: Leftovers\n|-damage|p2a: Galvantula|0 fnt|[from] psn\n|faint|p2a: Galvantula\n|upkeep\n|\n|t:|1781406011\n|switch|p2a: Muk|Muk-Alola, L82, M|255/306\n|turn|28\n|\n|t:|1781406019\n|move|p1a: Meowstic|Alluring Voice|p2a: Muk\n|-damage|p2a: Muk|219/306\n|move|p2a: Muk|Knock Off|p1a: Meowstic\n|-supereffective|p1a: Meowstic\n|-damage|p1a: Meowstic|0 fnt\n|-enditem|p1a: Meowstic|Leftovers|[from] move: Knock Off|[of] p2a: Muk\n|faint|p1a: Meowstic\n|\n|upkeep\n|-message|bluesun000 forfeited.\n|\n|win|jonuz\n|raw|bluesun000's rating: 1964 &rarr; <strong>1943</strong><br />(-21 for losing)\n|raw|jonuz's rating: 1939 &rarr; <strong>1960</strong><br />(+21 for winning)\n", "uploadtime": 1781405571, "views": 3, "formatid": "gen9randombattle", "rating": 1943, "private": 0, "password": null}