{"id": "gen9randombattle-2631845532", "format": "[Gen 9] Random Battle", "players": ["4125al41", "Glinteighty"], "log": "|j|\u26064125al41\n|j|\u2606Glinteighty\n|t:|1781447427\n|gametype|singles\n|player|p1|4125al41|lucas|1933\n|player|p2|Glinteighty|102|2036\n|gen|9\n|tier|[Gen 9] Random Battle\n|rated|\n|rule|Species Clause: Limit one of each Pok\u00e9mon\n|rule|HP Percentage Mod: HP is shown in percentages\n|rule|Sleep Clause Mod: Limit one foe put to sleep\n|rule|Illusion Level Mod: Illusion disguises the Pok\u00e9mon's true level\n|\n|t:|1781447427\n|teamsize|p1|6\n|teamsize|p2|6\n|start\n|switch|p1a: Spidops|Spidops, L96, M|271/271\n|switch|p2a: Venomoth|Venomoth, L84, F|255/255\n|turn|1\n|\n|t:|1781447441\n|move|p2a: Venomoth|Sludge Wave|p1a: Spidops\n|-damage|p1a: Spidops|186/271\n|move|p1a: Spidops|Sticky Web|p2a: Venomoth\n|-sidestart|p2: Glinteighty|move: Sticky Web\n|\n|upkeep\n|turn|2\n|\n|t:|1781447451\n|move|p2a: Venomoth|Sludge Wave|p1a: Spidops\n|-damage|p1a: Spidops|99/271\n|move|p1a: Spidops|Circle Throw|p2a: Venomoth\n|-resisted|p2a: Venomoth\n|-damage|p2a: Venomoth|241/255\n|drag|p2a: Toedscruel|Toedscruel, L87, M|281/281\n|-activate|p2a: Toedscruel|move: Sticky Web\n|-unboost|p2a: Toedscruel|spe|1\n|\n|upkeep\n|turn|3\n|\n|t:|1781447460\n|move|p1a: Spidops|U-turn|p2a: Toedscruel\n|-supereffective|p2a: Toedscruel\n|-damage|p2a: Toedscruel|75/281\n|\n|t:|1781447463\n|switch|p1a: Mimikyu|Mimikyu, L79, F|216/216|[from] U-turn\n|move|p2a: Toedscruel|Toxic|p1a: Mimikyu\n|-status|p1a: Mimikyu|tox\n|\n|-heal|p2a: Toedscruel|92/281|[from] item: Leftovers\n|-damage|p1a: Mimikyu|203/216 tox|[from] psn\n|upkeep\n|turn|4\n|\n|t:|1781447480\n|move|p1a: Mimikyu|Play Rough|p2a: Toedscruel|[miss]\n|-miss|p1a: Mimikyu|p2a: Toedscruel\n|move|p2a: Toedscruel|Earth Power|p1a: Mimikyu\n|-activate|p1a: Mimikyu|ability: Disguise\n|-damage|p1a: Mimikyu|203/216 tox\n|detailschange|p1a: Mimikyu|Mimikyu-Busted, L79, F\n|-damage|p1a: Mimikyu|176/216 tox|[from] pokemon: Mimikyu-Busted\n|\n|-heal|p2a: Toedscruel|109/281|[from] item: Leftovers\n|-damage|p1a: Mimikyu|150/216 tox|[from] psn\n|upkeep\n|turn|5\n|\n|t:|1781447483\n|move|p1a: Mimikyu|Play Rough|p2a: Toedscruel\n|-damage|p2a: Toedscruel|0 fnt\n|faint|p2a: Toedscruel\n|-damage|p1a: Mimikyu|129/216 tox|[from] item: Life Orb\n|\n|-damage|p1a: Mimikyu|90/216 tox|[from] psn\n|upkeep\n|\n|t:|1781447496\n|switch|p2a: Venomoth|Venomoth, L84, F|241/255\n|turn|6\n|\n|t:|1781447503\n|switch|p2a: Furret|Furret, L94, F|312/312\n|-activate|p2a: Furret|move: Sticky Web\n|-unboost|p2a: Furret|spe|1\n|-item|p1a: Mimikyu|Life Orb|[from] ability: Frisk|[of] p2a: Furret\n|move|p1a: Mimikyu|Shadow Claw|p2a: Furret\n|-immune|p2a: Furret\n|\n|-damage|p1a: Mimikyu|38/216 tox|[from] psn\n|upkeep\n|turn|7\n|\n|t:|1781447512\n|move|p1a: Mimikyu|Play Rough|p2a: Furret\n|-damage|p2a: Furret|186/312\n|-damage|p1a: Mimikyu|17/216 tox|[from] item: Life Orb\n|move|p2a: Furret|Tidy Up|p2a: Furret\n|-sideend|p2: Glinteighty|Sticky Web\n|-activate|p2a: Furret|move: Tidy Up\n|-boost|p2a: Furret|atk|1\n|-boost|p2a: Furret|spe|1\n|\n|-damage|p1a: Mimikyu|0 fnt|[from] psn\n|faint|p1a: Mimikyu\n|upkeep\n|\n|t:|1781447520\n|switch|p1a: Perrserker|Perrserker, L89, M|269/269\n|turn|8\n|\n|t:|1781447525\n|move|p2a: Furret|Brick Break|p1a: Perrserker\n|-supereffective|p1a: Perrserker\n|-damage|p1a: Perrserker|84/269\n|-damage|p2a: Furret|155/312|[from] item: Life Orb\n|move|p1a: Perrserker|Iron Head|p2a: Furret\n|-damage|p2a: Furret|0 fnt\n|faint|p2a: Furret\n|\n|upkeep\n|\n|t:|1781447534\n|switch|p2a: Golurk|Golurk, L87|297/297\n|turn|9\n|\n|t:|1781447542\n|move|p2a: Golurk|Poltergeist|p1a: Perrserker\n|-activate|p1a: Perrserker|move: Poltergeist|Choice Band\n|-damage|p1a: Perrserker|0 fnt\n|faint|p1a: Perrserker\n|-damage|p2a: Golurk|268/297|[from] item: Life Orb\n|\n|upkeep\n|\n|t:|1781447548\n|switch|p1a: Milotic|Milotic, L83, M|293/293\n|turn|10\n|\n|t:|1781447554\n|switch|p2a: Komala|Komala, L88, F|258/258\n|-ability|p2a: Komala|Comatose\n|move|p1a: Milotic|Scald|p2a: Komala\n|-damage|p2a: Komala|180/258\n|\n|upkeep\n|turn|11\n|\n|t:|1781447564\n|switch|p1a: Spidops|Spidops, L96, M|99/271\n|move|p2a: Komala|Body Slam|p1a: Spidops\n|-damage|p1a: Spidops|0 fnt\n|faint|p1a: Spidops\n|\n|upkeep\n|\n|t:|1781447572\n|switch|p1a: Seviper|Seviper, L93, F|287/287\n|turn|12\n|\n|t:|1781447576\n|switch|p2a: Golurk|Golurk, L87|268/297\n|move|p1a: Seviper|Knock Off|p2a: Golurk\n|-supereffective|p2a: Golurk\n|-damage|p2a: Golurk|50/297\n|-enditem|p2a: Golurk|Life Orb|[from] move: Knock Off|[of] p1a: Seviper\n|-damage|p1a: Seviper|259/287|[from] item: Life Orb\n|\n|upkeep\n|turn|13\n|\n|t:|1781447583\n|move|p1a: Seviper|Knock Off|p2a: Golurk\n|-supereffective|p2a: Golurk\n|-damage|p2a: Golurk|0 fnt\n|faint|p2a: Golurk\n|-damage|p1a: Seviper|231/287|[from] item: Life Orb\n|\n|upkeep\n|\n|t:|1781447589\n|switch|p2a: Venomoth|Venomoth, L84, F|241/255\n|turn|14\n|\n|t:|1781447595\n|move|p2a: Venomoth|Quiver Dance|p2a: Venomoth\n|-boost|p2a: Venomoth|spa|1\n|-boost|p2a: Venomoth|spd|1\n|-boost|p2a: Venomoth|spe|1\n|move|p1a: Seviper|Glare|p2a: Venomoth\n|-status|p2a: Venomoth|par\n|\n|upkeep\n|turn|15\n|\n|t:|1781447600\n|switch|p1a: Milotic|Milotic, L83, M|293/293\n|cant|p2a: Venomoth|par\n|\n|upkeep\n|turn|16\n|\n|t:|1781447605\n|move|p1a: Milotic|Haze|p1a: Milotic\n|-clearallboost\n|move|p2a: Venomoth|Quiver Dance|p2a: Venomoth\n|-boost|p2a: Venomoth|spa|1\n|-boost|p2a: Venomoth|spd|1\n|-boost|p2a: Venomoth|spe|1\n|\n|upkeep\n|turn|17\n|\n|t:|1781447611\n|move|p1a: Milotic|Haze|p1a: Milotic\n|-clearallboost\n|cant|p2a: Venomoth|par\n|\n|upkeep\n|turn|18\n|\n|t:|1781447616\n|switch|p2a: Tatsugiri|Tatsugiri, L87, F|260/260\n|move|p1a: Milotic|Scald|p2a: Tatsugiri\n|-ability|p2a: Tatsugiri|Storm Drain|boost\n|-boost|p2a: Tatsugiri|spa|1\n|\n|upkeep\n|turn|19\n|\n|t:|1781447622\n|move|p2a: Tatsugiri|Draco Meteor|p1a: Milotic\n|-damage|p1a: Milotic|109/293\n|-unboost|p2a: Tatsugiri|spa|2\n|move|p1a: Milotic|Haze|p1a: Milotic\n|-clearallboost\n|\n|-heal|p1a: Milotic|127/293|[from] item: Leftovers\n|upkeep\n|turn|20\n|\n|t:|1781447632\n|move|p2a: Tatsugiri|Nasty Plot|p2a: Tatsugiri\n|-boost|p2a: Tatsugiri|spa|2\n|move|p1a: Milotic|Haze|p1a: Milotic\n|-clearallboost\n|\n|-heal|p1a: Milotic|145/293|[from] item: Leftovers\n|upkeep\n|turn|21\n|\n|t:|1781447636\n|move|p2a: Tatsugiri|Nasty Plot|p2a: Tatsugiri\n|-boost|p2a: Tatsugiri|spa|2\n|move|p1a: Milotic|Recover|p1a: Milotic\n|-heal|p1a: Milotic|292/293\n|\n|-heal|p1a: Milotic|293/293|[from] item: Leftovers\n|upkeep\n|turn|22\n|\n|t:|1781447638\n|move|p2a: Tatsugiri|Draco Meteor|p1a: Milotic\n|-damage|p1a: Milotic|35/293\n|-unboost|p2a: Tatsugiri|spa|2\n|move|p1a: Milotic|Haze|p1a: Milotic\n|-clearallboost\n|\n|-heal|p1a: Milotic|53/293|[from] item: Leftovers\n|upkeep\n|turn|23\n|\n|t:|1781447647\n|move|p2a: Tatsugiri|Nasty Plot|p2a: Tatsugiri\n|-boost|p2a: Tatsugiri|spa|2\n|move|p1a: Milotic|Haze|p1a: Milotic\n|-clearallboost\n|\n|-heal|p1a: Milotic|71/293|[from] item: Leftovers\n|upkeep\n|turn|24\n|\n|t:|1781447650\n|move|p2a: Tatsugiri|Nasty Plot|p2a: Tatsugiri\n|-boost|p2a: Tatsugiri|spa|2\n|move|p1a: Milotic|Haze|p1a: Milotic\n|-clearallboost\n|\n|-heal|p1a: Milotic|89/293|[from] item: Leftovers\n|upkeep\n|turn|25\n|\n|t:|1781447653\n|move|p2a: Tatsugiri|Draco Meteor|p1a: Milotic\n|-damage|p1a: Milotic|0 fnt\n|-unboost|p2a: Tatsugiri|spa|2\n|faint|p1a: Milotic\n|\n|upkeep\n|\n|t:|1781447660\n|switch|p1a: Serperior|Serperior, L79, M|248/248\n|turn|26\n|\n|t:|1781447664\n|switch|p2a: Venomoth|Venomoth, L84, F|241/255 par\n|move|p1a: Serperior|Leaf Storm|p2a: Venomoth\n|-resisted|p2a: Venomoth\n|-damage|p2a: Venomoth|215/255 par\n|-boost|p1a: Serperior|spa|2\n|\n|upkeep\n|turn|27\n|\n|t:|1781447667\n|move|p1a: Serperior|Substitute|p1a: Serperior\n|-start|p1a: Serperior|Substitute\n|-damage|p1a: Serperior|186/248\n|cant|p2a: Venomoth|par\n|\n|-heal|p1a: Serperior|201/248|[from] item: Leftovers\n|upkeep\n|turn|28\n|\n|t:|1781447674\n|-terastallize|p1a: Serperior|Fire\n|move|p1a: Serperior|Tera Blast|p2a: Venomoth|[anim] Tera Blast Fire\n|-supereffective|p2a: Venomoth\n|-damage|p2a: Venomoth|0 fnt\n|faint|p2a: Venomoth\n|\n|-heal|p1a: Serperior|216/248|[from] item: Leftovers\n|upkeep\n|\n|t:|1781447699\n|switch|p2a: Tatsugiri|Tatsugiri, L87, F|260/260\n|turn|29\n|\n|t:|1781447707\n|move|p1a: Serperior|Leaf Storm|p2a: Tatsugiri\n|-damage|p2a: Tatsugiri|89/260\n|-boost|p1a: Serperior|spa|2\n|move|p2a: Tatsugiri|Rapid Spin|p1a: Serperior\n|-activate|p1a: Serperior|move: Substitute|[damage]\n|-boost|p2a: Tatsugiri|spe|1\n|\n|-heal|p1a: Serperior|231/248|[from] item: Leftovers\n|upkeep\n|turn|30\n|\n|t:|1781447711\n|move|p2a: Tatsugiri|Surf|p1a: Serperior\n|-supereffective|p1a: Serperior\n|-end|p1a: Serperior|Substitute\n|move|p1a: Serperior|Leaf Storm|p2a: Tatsugiri\n|-damage|p2a: Tatsugiri|0 fnt\n|-boost|p1a: Serperior|spa|2\n|faint|p2a: Tatsugiri\n|\n|-heal|p1a: Serperior|246/248|[from] item: Leftovers\n|upkeep\n|\n|t:|1781447713\n|switch|p2a: Komala|Komala, L88, F|180/258\n|-ability|p2a: Komala|Comatose\n|turn|31\n|\n|t:|1781447718\n|move|p1a: Serperior|Tera Blast|p2a: Komala|[anim] Tera Blast Fire\n|-damage|p2a: Komala|0 fnt\n|faint|p2a: Komala\n|\n|win|4125al41\n", "uploadtime": 1781447428, "views": 3, "formatid": "gen9randombattle", "rating": null, "private": 0, "password": null}