{"id": "gen9randombattle-2631428903", "format": "[Gen 9] Random Battle", "players": ["Unknown Warrior", "jonuz"], "log": "|j|\u2606Unknown Warrior\n|j|\u2606jonuz\n|t:|1781383531\n|gametype|singles\n|player|p1|Unknown Warrior|266|1964\n|player|p2|jonuz|102|1959\n|gen|9\n|tier|[Gen 9] Random Battle\n|rated|\n|rule|Species Clause: Limit one of each Pok\u00e9mon\n|rule|HP Percentage Mod: HP is shown in percentages\n|rule|Sleep Clause Mod: Limit one foe put to sleep\n|rule|Illusion Level Mod: Illusion disguises the Pok\u00e9mon's true level\n|\n|t:|1781383531\n|teamsize|p1|6\n|teamsize|p2|6\n|start\n|switch|p1a: Rhyperior|Rhyperior, L82, M|323/323\n|switch|p2a: Haxorus|Haxorus, L77, M|244/244\n|-ability|p2a: Haxorus|Mold Breaker\n|turn|1\n|\n|t:|1781383544\n|switch|p2a: Cacturne|Cacturne, L92, F|278/278\n|move|p1a: Rhyperior|Earthquake|p2a: Cacturne\n|-resisted|p2a: Cacturne\n|-damage|p2a: Cacturne|152/278\n|\n|upkeep\n|turn|2\n|\n|t:|1781383549\n|switch|p1a: Fezandipiti|Fezandipiti, L82, M|278/278\n|move|p2a: Cacturne|Knock Off|p1a: Fezandipiti\n|-resisted|p1a: Fezandipiti\n|-damage|p1a: Fezandipiti|178/278\n|-enditem|p1a: Fezandipiti|Leftovers|[from] move: Knock Off|[of] p2a: Cacturne\n|-damage|p2a: Cacturne|125/278|[from] item: Life Orb\n|\n|upkeep\n|turn|3\n|\n|t:|1781383554\n|switch|p2a: Mudsdale|Mudsdale, L83, F|302/302\n|move|p1a: Fezandipiti|Roost|p1a: Fezandipiti\n|-heal|p1a: Fezandipiti|278/278\n|-singleturn|p1a: Fezandipiti|move: Roost\n|\n|upkeep\n|turn|4\n|\n|t:|1781383566\n|switch|p1a: Glalie|Glalie, L96, M|309/309\n|move|p2a: Mudsdale|Stealth Rock|p1a: Glalie\n|-sidestart|p1: Unknown Warrior|move: Stealth Rock\n|\n|upkeep\n|turn|5\n|\n|t:|1781383575\n|move|p1a: Glalie|Spikes|p2a: Mudsdale\n|-sidestart|p2: jonuz|Spikes\n|move|p2a: Mudsdale|Stone Edge|p1a: Glalie\n|-supereffective|p1a: Glalie\n|-damage|p1a: Glalie|153/309\n|\n|upkeep\n|turn|6\n|\n|t:|1781383581\n|switch|p2a: Glalie|Glalie, L96, F|309/309\n|move|p1a: Glalie|Freeze-Dry|p2a: Glalie\n|-resisted|p2a: Glalie\n|-damage|p2a: Glalie|270/309\n|\n|upkeep\n|turn|7\n|\n|t:|1781383584\n|move|p1a: Glalie|Taunt|p2a: Glalie\n|-start|p2a: Glalie|move: Taunt\n|cant|p2a: Glalie|move: Taunt|Taunt\n|\n|upkeep\n|turn|8\n|\n|t:|1781383586\n|move|p2a: Glalie|Earthquake|p1a: Glalie\n|-damage|p1a: Glalie|80/309\n|move|p1a: Glalie|Spikes|p2a: Glalie\n|-sidestart|p2: jonuz|Spikes\n|\n|upkeep\n|turn|9\n|\n|t:|1781383598\n|move|p2a: Glalie|Earthquake|p1a: Glalie\n|-damage|p1a: Glalie|6/309\n|move|p1a: Glalie|Spikes|p2a: Glalie\n|-sidestart|p2: jonuz|Spikes\n|\n|-end|p2a: Glalie|move: Taunt\n|upkeep\n|turn|10\n|\n|t:|1781383602\n|move|p1a: Glalie|Earthquake|p2a: Glalie\n|-damage|p2a: Glalie|195/309\n|move|p2a: Glalie|Spikes|p1a: Glalie\n|-sidestart|p1: Unknown Warrior|Spikes\n|\n|upkeep\n|turn|11\n|\n|t:|1781383604\n|move|p2a: Glalie|Spikes|p1a: Glalie\n|-sidestart|p1: Unknown Warrior|Spikes\n|move|p1a: Glalie|Taunt|p2a: Glalie\n|-start|p2a: Glalie|move: Taunt\n|\n|upkeep\n|turn|12\n|\n|t:|1781383607\n|move|p2a: Glalie|Freeze-Dry|p1a: Glalie\n|-resisted|p1a: Glalie\n|-damage|p1a: Glalie|0 fnt\n|faint|p1a: Glalie\n|\n|upkeep\n|\n|t:|1781383608\n|switch|p1a: Galvantula|Galvantula, L82, M|249/249\n|turn|13\n|\n|t:|1781383611\n|move|p1a: Galvantula|Sticky Web|p2a: Glalie\n|-sidestart|p2: jonuz|move: Sticky Web\n|move|p2a: Glalie|Freeze-Dry|p1a: Galvantula\n|-damage|p1a: Galvantula|143/249\n|\n|upkeep\n|turn|14\n|\n|t:|1781383615\n|move|p1a: Galvantula|Thunder|p2a: Glalie\n|-damage|p2a: Glalie|90/309\n|move|p2a: Glalie|Freeze-Dry|p1a: Galvantula\n|-damage|p1a: Galvantula|22/249\n|-status|p1a: Galvantula|frz\n|\n|-end|p2a: Glalie|move: Taunt\n|upkeep\n|turn|15\n|\n|t:|1781383619\n|cant|p1a: Galvantula|frz\n|move|p2a: Glalie|Spikes|p1a: Galvantula\n|-sidestart|p1: Unknown Warrior|Spikes\n|\n|upkeep\n|turn|16\n|\n|t:|1781383621\n|cant|p1a: Galvantula|frz\n|move|p2a: Glalie|Freeze-Dry|p1a: Galvantula\n|-crit|p1a: Galvantula\n|-damage|p1a: Galvantula|0 fnt\n|faint|p1a: Galvantula\n|\n|upkeep\n|\n|t:|1781383628\n|switch|p1a: Fezandipiti|Fezandipiti, L82, M|278/278\n|-damage|p1a: Fezandipiti|244/278|[from] Stealth Rock\n|-damage|p1a: Fezandipiti|175/278|[from] Spikes\n|turn|17\n|\n|t:|1781383630\n|move|p1a: Fezandipiti|Moonblast|p2a: Glalie\n|-damage|p2a: Glalie|18/309\n|-unboost|p2a: Glalie|spa|1\n|-status|p2a: Glalie|tox|[from] ability: Toxic Chain|[of] p1a: Fezandipiti\n|move|p2a: Glalie|Earthquake|p1a: Fezandipiti\n|-supereffective|p1a: Fezandipiti\n|-damage|p1a: Fezandipiti|5/278\n|\n|-damage|p2a: Glalie|0 fnt|[from] psn\n|faint|p2a: Glalie\n|upkeep\n|\n|t:|1781383636\n|switch|p2a: Mudsdale|Mudsdale, L83, F|302/302\n|-damage|p2a: Mudsdale|227/302|[from] Spikes\n|-activate|p2a: Mudsdale|move: Sticky Web\n|-unboost|p2a: Mudsdale|spe|1\n|turn|18\n|\n|t:|1781383640\n|switch|p1a: Donphan|Donphan, L84, M|288/288\n|-damage|p1a: Donphan|270/288|[from] Stealth Rock\n|-damage|p1a: Donphan|198/288|[from] Spikes\n|move|p2a: Mudsdale|Earthquake|p1a: Donphan\n|-damage|p1a: Donphan|98/288\n|\n|-heal|p2a: Mudsdale|245/302|[from] item: Leftovers\n|upkeep\n|turn|19\n|\n|t:|1781383644\n|switch|p2a: Skeledirge|Skeledirge, L79, F|294/294\n|move|p1a: Donphan|Rapid Spin|p2a: Skeledirge\n|-immune|p2a: Skeledirge\n|\n|upkeep\n|turn|20\n|\n|t:|1781383652\n|move|p2a: Skeledirge|Torch Song|p1a: Donphan\n|-crit|p1a: Donphan\n|-damage|p1a: Donphan|0 fnt\n|-boost|p2a: Skeledirge|spa|1\n|faint|p1a: Donphan\n|\n|upkeep\n|\n|t:|1781383656\n|switch|p1a: Pecharunt|Pecharunt, L77|262/262\n|-damage|p1a: Pecharunt|230/262|[from] Stealth Rock\n|-damage|p1a: Pecharunt|165/262|[from] Spikes\n|turn|21\n|\n|t:|1781383662\n|-terastallize|p1a: Pecharunt|Dark\n|move|p1a: Pecharunt|Shadow Ball|p2a: Skeledirge\n|-supereffective|p2a: Skeledirge\n|-damage|p2a: Skeledirge|148/294\n|-unboost|p2a: Skeledirge|spd|1\n|move|p2a: Skeledirge|Shadow Ball|p1a: Pecharunt\n|-resisted|p1a: Pecharunt\n|-damage|p1a: Pecharunt|93/262\n|\n|-heal|p1a: Pecharunt|109/262|[from] item: Leftovers\n|upkeep\n|turn|22\n|\n|t:|1781383670\n|move|p1a: Pecharunt|Recover|p1a: Pecharunt\n|-heal|p1a: Pecharunt|240/262\n|move|p2a: Skeledirge|Torch Song|p1a: Pecharunt\n|-damage|p1a: Pecharunt|113/262\n|-boost|p2a: Skeledirge|spa|1\n|\n|-heal|p1a: Pecharunt|129/262|[from] item: Leftovers\n|upkeep\n|turn|23\n|\n|t:|1781383674\n|move|p1a: Pecharunt|Shadow Ball|p2a: Skeledirge\n|-supereffective|p2a: Skeledirge\n|-damage|p2a: Skeledirge|0 fnt\n|faint|p2a: Skeledirge\n|\n|-heal|p1a: Pecharunt|145/262|[from] item: Leftovers\n|upkeep\n|\n|t:|1781383676\n|switch|p2a: Wigglytuff|Wigglytuff, L96, F|424/424\n|-damage|p2a: Wigglytuff|318/424|[from] Spikes\n|-activate|p2a: Wigglytuff|move: Sticky Web\n|-unboost|p2a: Wigglytuff|spe|1\n|-ability|p2a: Wigglytuff|Competitive|boost\n|-boost|p2a: Wigglytuff|spa|2\n|turn|24\n|\n|t:|1781383679\n|move|p1a: Pecharunt|Malignant Chain|p2a: Wigglytuff\n|-supereffective|p2a: Wigglytuff\n|-damage|p2a: Wigglytuff|118/424\n|move|p2a: Wigglytuff|Alluring Voice|p1a: Pecharunt\n|-supereffective|p1a: Pecharunt\n|-damage|p1a: Pecharunt|0 fnt\n|faint|p1a: Pecharunt\n|\n|-heal|p2a: Wigglytuff|144/424|[from] item: Leftovers\n|upkeep\n|\n|t:|1781383686\n|switch|p1a: Rhyperior|Rhyperior, L82, M|323/323\n|-damage|p1a: Rhyperior|303/323|[from] Stealth Rock\n|-damage|p1a: Rhyperior|223/323|[from] Spikes\n|turn|25\n|\n|t:|1781383689\n|move|p1a: Rhyperior|Earthquake|p2a: Wigglytuff\n|-damage|p2a: Wigglytuff|0 fnt\n|faint|p2a: Wigglytuff\n|\n|upkeep\n|\n|t:|1781383696\n|switch|p2a: Mudsdale|Mudsdale, L83, F|245/302\n|-damage|p2a: Mudsdale|170/302|[from] Spikes\n|-activate|p2a: Mudsdale|move: Sticky Web\n|-unboost|p2a: Mudsdale|spe|1\n|turn|26\n|\n|t:|1781383699\n|move|p1a: Rhyperior|Earthquake|p2a: Mudsdale\n|-crit|p2a: Mudsdale\n|-damage|p2a: Mudsdale|0 fnt\n|faint|p2a: Mudsdale\n|\n|upkeep\n|\n|t:|1781383705\n|switch|p2a: Cacturne|Cacturne, L92, F|125/278\n|-damage|p2a: Cacturne|56/278|[from] Spikes\n|-activate|p2a: Cacturne|move: Sticky Web\n|-unboost|p2a: Cacturne|spe|1\n|turn|27\n|\n|t:|1781383711\n|-terastallize|p2a: Cacturne|Dark\n|move|p2a: Cacturne|Sucker Punch|p1a: Rhyperior\n|-damage|p1a: Rhyperior|93/323\n|-damage|p2a: Cacturne|29/278|[from] item: Life Orb\n|move|p1a: Rhyperior|Earthquake|p2a: Cacturne\n|-damage|p2a: Cacturne|0 fnt\n|faint|p2a: Cacturne\n|\n|upkeep\n|\n|t:|1781383715\n|switch|p2a: Haxorus|Haxorus, L77, M|244/244\n|-damage|p2a: Haxorus|183/244|[from] Spikes\n|-activate|p2a: Haxorus|move: Sticky Web\n|-unboost|p2a: Haxorus|spe|1\n|-ability|p2a: Haxorus|Mold Breaker\n|turn|28\n|\n|t:|1781383721\n|move|p2a: Haxorus|Outrage|p1a: Rhyperior\n|-damage|p1a: Rhyperior|0 fnt\n|faint|p1a: Rhyperior\n|\n|upkeep\n|\n|t:|1781383724\n|switch|p1a: Fezandipiti|Fezandipiti, L82, M|5/278\n|-damage|p1a: Fezandipiti|0 fnt|[from] Stealth Rock\n|faint|p1a: Fezandipiti\n|\n|win|jonuz\n", "uploadtime": 1781383533, "views": 8, "formatid": "gen9randombattle", "rating": null, "private": 0, "password": null}