{"id": "gen9randombattle-2631838122", "format": "[Gen 9] Random Battle", "players": ["zeitwes", "Ajman"], "log": "|j|\u2606zeitwes\n|j|\u2606Ajman\n|t:|1781446522\n|gametype|singles\n|player|p1|zeitwes|169|1936\n|player|p2|Ajman|2|1956\n|gen|9\n|tier|[Gen 9] Random Battle\n|rated|\n|rule|Species Clause: Limit one of each Pok\u00e9mon\n|rule|HP Percentage Mod: HP is shown in percentages\n|rule|Sleep Clause Mod: Limit one foe put to sleep\n|rule|Illusion Level Mod: Illusion disguises the Pok\u00e9mon's true level\n|\n|t:|1781446522\n|teamsize|p1|6\n|teamsize|p2|6\n|start\n|switch|p1a: Glalie|Glalie, L96, F|309/309\n|switch|p2a: Iron Moth|Iron Moth, L78|253/253\n|turn|1\n|\n|t:|1781446528\n|move|p2a: Iron Moth|Fire Blast|p1a: Glalie\n|-supereffective|p1a: Glalie\n|-damage|p1a: Glalie|39/309\n|-status|p1a: Glalie|brn\n|move|p1a: Glalie|Earthquake|p2a: Iron Moth\n|-supereffective|p2a: Iron Moth\n|-damage|p2a: Iron Moth|49/253\n|\n|-damage|p1a: Glalie|20/309 brn|[from] brn\n|upkeep\n|turn|2\n|\n|t:|1781446540\n|switch|p1a: Oinkologne|Oinkologne-F, L92, F|361/361\n|move|p2a: Iron Moth|Sludge Wave|p1a: Oinkologne\n|-damage|p1a: Oinkologne|258/361\n|\n|-heal|p1a: Oinkologne|280/361|[from] item: Leftovers\n|upkeep\n|turn|3\n|\n|t:|1781446546\n|move|p2a: Iron Moth|Toxic Spikes|p1a: Oinkologne\n|-sidestart|p1: zeitwes|move: Toxic Spikes\n|move|p1a: Oinkologne|Double-Edge|p2a: Iron Moth\n|-damage|p2a: Iron Moth|0 fnt\n|faint|p2a: Iron Moth\n|-end|p2a: Iron Moth|Quark Drive|[silent]\n|-damage|p1a: Oinkologne|264/361|[from] Recoil\n|\n|-heal|p1a: Oinkologne|286/361|[from] item: Leftovers\n|upkeep\n|\n|t:|1781446552\n|switch|p2a: Cobalion|Cobalion, L80|277/277\n|turn|4\n|inactive|Battle timer is ON: inactive players will automatically lose when time's up. (requested by Ajman)\n|\n|t:|1781446564\n|move|p2a: Cobalion|Calm Mind|p2a: Cobalion\n|-boost|p2a: Cobalion|spa|1\n|-boost|p2a: Cobalion|spd|1\n|move|p1a: Oinkologne|High Horsepower|p2a: Cobalion\n|-supereffective|p2a: Cobalion\n|-damage|p2a: Cobalion|153/277\n|\n|-heal|p2a: Cobalion|170/277|[from] item: Leftovers\n|-heal|p1a: Oinkologne|308/361|[from] item: Leftovers\n|upkeep\n|turn|5\n|\n|t:|1781446568\n|move|p2a: Cobalion|Aura Sphere|p1a: Oinkologne\n|-supereffective|p1a: Oinkologne\n|-damage|p1a: Oinkologne|114/361\n|move|p1a: Oinkologne|High Horsepower|p2a: Cobalion\n|-supereffective|p2a: Cobalion\n|-damage|p2a: Cobalion|46/277\n|\n|-heal|p2a: Cobalion|63/277|[from] item: Leftovers\n|-heal|p1a: Oinkologne|136/361|[from] item: Leftovers\n|upkeep\n|turn|6\n|\n|t:|1781446571\n|move|p2a: Cobalion|Aura Sphere|p1a: Oinkologne\n|-supereffective|p1a: Oinkologne\n|-damage|p1a: Oinkologne|0 fnt\n|faint|p1a: Oinkologne\n|\n|-heal|p2a: Cobalion|80/277|[from] item: Leftovers\n|upkeep\n|\n|t:|1781446573\n|switch|p1a: Rhydon|Rhydon, L85, F|317/317\n|-status|p1a: Rhydon|psn\n|turn|7\n|\n|t:|1781446589\n|move|p2a: Cobalion|Flash Cannon|p1a: Rhydon\n|-supereffective|p1a: Rhydon\n|-damage|p1a: Rhydon|65/317 psn\n|move|p1a: Rhydon|Earthquake|p2a: Cobalion\n|-supereffective|p2a: Cobalion\n|-damage|p2a: Cobalion|0 fnt\n|faint|p2a: Cobalion\n|\n|-damage|p1a: Rhydon|26/317 psn|[from] psn\n|upkeep\n|\n|t:|1781446594\n|switch|p2a: Salamence|Salamence, L77, F|273/273\n|turn|8\n|\n|t:|1781446612\n|move|p2a: Salamence|Earthquake|p1a: Rhydon\n|-supereffective|p1a: Rhydon\n|-damage|p1a: Rhydon|0 fnt\n|faint|p1a: Rhydon\n|-ability|p2a: Salamence|Moxie|boost\n|-boost|p2a: Salamence|atk|1\n|\n|upkeep\n|l|\u2606Ajman\n|inactive|Ajman disconnected and has a minute to reconnect!\n|player|p2|\n|inactive|zeitwes has 120 seconds left.\n|\n|t:|1781446640\n|switch|p1a: Glalie|Glalie, L96, F|20/309 brn\n|turn|9\n|j|\u2606Ajman\n|inactive|Ajman reconnected and has 145 seconds left.\n|player|p2|Ajman|2|\n|\n|t:|1781446654\n|-terastallize|p2a: Salamence|Ground\n|move|p1a: Glalie|Freeze-Dry|p2a: Salamence\n|-supereffective|p2a: Salamence\n|-damage|p2a: Salamence|63/273\n|move|p2a: Salamence|Dragon Dance|p2a: Salamence\n|-boost|p2a: Salamence|atk|1\n|-boost|p2a: Salamence|spe|1\n|\n|-damage|p1a: Glalie|1/309 brn|[from] brn\n|upkeep\n|turn|10\n|\n|t:|1781446662\n|move|p2a: Salamence|Earthquake|p1a: Glalie\n|-damage|p1a: Glalie|0 fnt\n|faint|p1a: Glalie\n|-ability|p2a: Salamence|Moxie|boost\n|-boost|p2a: Salamence|atk|1\n|\n|upkeep\n|\n|t:|1781446664\n|switch|p1a: Dusknoir|Dusknoir, L89, M|225/225\n|-status|p1a: Dusknoir|psn\n|-item|p2a: Salamence|Heavy-Duty Boots|[from] ability: Frisk|[of] p1a: Dusknoir\n|turn|11\n|\n|t:|1781446669\n|move|p1a: Dusknoir|Shadow Sneak|p2a: Salamence\n|-crit|p2a: Salamence\n|-damage|p2a: Salamence|0 fnt\n|faint|p2a: Salamence\n|\n|-damage|p1a: Dusknoir|197/225 psn|[from] psn\n|upkeep\n|\n|t:|1781446677\n|switch|p2a: Leafeon|Leafeon, L88, M|258/258\n|turn|12\n|\n|t:|1781446682\n|move|p2a: Leafeon|Swords Dance|p2a: Leafeon\n|-boost|p2a: Leafeon|atk|2\n|move|p1a: Dusknoir|Poltergeist|p2a: Leafeon\n|-activate|p2a: Leafeon|move: Poltergeist|Life Orb\n|-crit|p2a: Leafeon\n|-damage|p2a: Leafeon|120/258\n|\n|-heal|p1a: Dusknoir|211/225 psn|[from] item: Leftovers\n|-damage|p1a: Dusknoir|183/225 psn|[from] psn\n|upkeep\n|turn|13\n|\n|t:|1781446685\n|move|p2a: Leafeon|Synthesis|p2a: Leafeon\n|-heal|p2a: Leafeon|249/258\n|move|p1a: Dusknoir|Poltergeist|p2a: Leafeon\n|-activate|p2a: Leafeon|move: Poltergeist|Life Orb\n|-damage|p2a: Leafeon|164/258\n|\n|-heal|p1a: Dusknoir|197/225 psn|[from] item: Leftovers\n|-damage|p1a: Dusknoir|169/225 psn|[from] psn\n|upkeep\n|turn|14\n|\n|t:|1781446688\n|move|p2a: Leafeon|Leaf Blade|p1a: Dusknoir\n|-damage|p1a: Dusknoir|0 fnt\n|faint|p1a: Dusknoir\n|-damage|p2a: Leafeon|139/258|[from] item: Life Orb\n|\n|upkeep\n|\n|t:|1781446693\n|switch|p1a: Garchomp|Garchomp, L74, M|282/282\n|-status|p1a: Garchomp|psn\n|turn|15\n|\n|t:|1781446698\n|-terastallize|p1a: Garchomp|Fire\n|move|p2a: Leafeon|Leaf Blade|p1a: Garchomp\n|-resisted|p1a: Garchomp\n|-crit|p1a: Garchomp\n|-damage|p1a: Garchomp|62/282 psn\n|-damage|p2a: Leafeon|107/258|[from] ability: Rough Skin|[of] p1a: Garchomp\n|-damage|p2a: Leafeon|82/258|[from] item: Life Orb\n|move|p1a: Garchomp|Scale Shot|p2a: Leafeon\n|-damage|p2a: Leafeon|60/258\n|-damage|p2a: Leafeon|41/258\n|-damage|p2a: Leafeon|19/258\n|-damage|p2a: Leafeon|0 fnt\n|faint|p2a: Leafeon\n|-hitcount|p2: Leafeon|4\n|-unboost|p1a: Garchomp|def|1\n|-boost|p1a: Garchomp|spe|1\n|\n|-damage|p1a: Garchomp|27/282 psn|[from] psn\n|upkeep\n|\n|t:|1781446708\n|switch|p2a: Dondozo|Dondozo, L78, F|362/362\n|turn|16\n|\n|t:|1781446714\n|switch|p1a: Frosmoth|Frosmoth, L82, F|249/249\n|move|p2a: Dondozo|Curse|p2a: Dondozo\n|-unboost|p2a: Dondozo|spe|1\n|-boost|p2a: Dondozo|atk|1\n|-boost|p2a: Dondozo|def|1\n|\n|upkeep\n|turn|17\n|\n|t:|1781446717\n|move|p1a: Frosmoth|Giga Drain|p2a: Dondozo\n|-supereffective|p2a: Dondozo\n|-damage|p2a: Dondozo|204/362\n|move|p2a: Dondozo|Wave Crash|p1a: Frosmoth\n|-damage|p1a: Frosmoth|15/249\n|-damage|p2a: Dondozo|127/362|[from] Recoil\n|\n|-heal|p2a: Dondozo|149/362|[from] item: Leftovers\n|upkeep\n|turn|18\n|\n|t:|1781446732\n|move|p1a: Frosmoth|Giga Drain|p2a: Dondozo\n|-supereffective|p2a: Dondozo\n|-damage|p2a: Dondozo|0 fnt\n|-heal|p1a: Frosmoth|90/249|[from] drain|[of] p2a: Dondozo\n|faint|p2a: Dondozo\n|\n|upkeep\n|\n|t:|1781446739\n|switch|p2a: Enamorus|Enamorus, L79, F|247/247\n|turn|19\n|inactive|zeitwes has 120 seconds left.\n|inactive|zeitwes has 90 seconds left.\n|\n|t:|1781446808\n|move|p2a: Enamorus|Mystical Fire|p1a: Frosmoth\n|-supereffective|p1a: Frosmoth\n|-damage|p1a: Frosmoth|0 fnt\n|faint|p1a: Frosmoth\n|\n|upkeep\n|-message|zeitwes forfeited.\n|\n|win|Ajman\n", "uploadtime": 1781446524, "views": 4, "formatid": "gen9randombattle", "rating": null, "private": 0, "password": null}