{"id": "gen9randombattle-2631710428", "format": "[Gen 9] Random Battle", "players": ["latias999999999", "Infamous20111"], "log": "|j|\u2606latias999999999\n|j|\u2606Infamous20111\n|t:|1781426353\n|gametype|singles\n|player|p1|latias999999999|gardenia|2121\n|player|p2|Infamous20111|266|2193\n|gen|9\n|tier|[Gen 9] Random Battle\n|rated|\n|rule|Species Clause: Limit one of each Pok\u00e9mon\n|rule|HP Percentage Mod: HP is shown in percentages\n|rule|Sleep Clause Mod: Limit one foe put to sleep\n|rule|Illusion Level Mod: Illusion disguises the Pok\u00e9mon's true level\n|\n|t:|1781426353\n|teamsize|p1|6\n|teamsize|p2|6\n|start\n|switch|p1a: Tentacruel|Tentacruel, L84, M|272/272\n|switch|p2a: Masquerain|Masquerain, L87, F|264/264\n|-ability|p2a: Masquerain|Intimidate|boost\n|-unboost|p1a: Tentacruel|atk|1\n|turn|1\n|inactive|Battle timer is ON: inactive players will automatically lose when time's up. (requested by Infamous20111)\n|\n|t:|1781426378\n|switch|p2a: Chansey|Chansey, L85, F|564/564\n|move|p1a: Tentacruel|Sludge Bomb|p2a: Chansey\n|-damage|p2a: Chansey|518/564\n|-status|p2a: Chansey|psn\n|\n|-damage|p2a: Chansey|448/564 psn|[from] psn\n|upkeep\n|turn|2\n|\n|t:|1781426384\n|move|p1a: Tentacruel|Toxic Spikes|p2a: Chansey\n|-sidestart|p2: Infamous20111|move: Toxic Spikes\n|move|p2a: Chansey|Thunder Wave|p1a: Tentacruel\n|-status|p1a: Tentacruel|par\n|\n|-damage|p2a: Chansey|378/564 psn|[from] psn\n|upkeep\n|turn|3\n|\n|t:|1781426412\n|-curestatus|p2a: Chansey|psn|[from] ability: Natural Cure|[silent]\n|switch|p2a: Whiscash|Whiscash, L88, F|337/337\n|-status|p2a: Whiscash|psn\n|switch|p1a: Shiftry|Shiftry, L89, M|305/305\n|\n|-damage|p2a: Whiscash|295/337 psn|[from] psn\n|upkeep\n|turn|4\n|\n|t:|1781426421\n|switch|p2a: Wo-Chien|Wo-Chien, L83|277/277\n|-status|p2a: Wo-Chien|psn\n|-ability|p2a: Wo-Chien|Tablets of Ruin\n|move|p1a: Shiftry|Leaf Storm|p2a: Wo-Chien\n|-resisted|p2a: Wo-Chien\n|-damage|p2a: Wo-Chien|215/277 psn\n|-unboost|p1a: Shiftry|spa|2\n|-damage|p1a: Shiftry|275/305|[from] item: Life Orb\n|\n|-heal|p2a: Wo-Chien|232/277 psn|[from] item: Leftovers\n|-damage|p2a: Wo-Chien|198/277 psn|[from] psn\n|upkeep\n|turn|5\n|\n|t:|1781426432\n|switch|p1a: Arceus|Arceus-Dark, L71|288/288\n|move|p2a: Wo-Chien|Knock Off|p1a: Arceus\n|-resisted|p1a: Arceus\n|-damage|p1a: Arceus|258/288\n|\n|-heal|p2a: Wo-Chien|215/277 psn|[from] item: Leftovers\n|-damage|p2a: Wo-Chien|181/277 psn|[from] psn\n|upkeep\n|turn|6\n|\n|t:|1781426449\n|move|p1a: Arceus|Dazzling Gleam|p2a: Wo-Chien\n|-supereffective|p2a: Wo-Chien\n|-damage|p2a: Wo-Chien|115/277 psn\n|move|p2a: Wo-Chien|Leech Seed|p1a: Arceus\n|-start|p1a: Arceus|move: Leech Seed\n|\n|-heal|p2a: Wo-Chien|132/277 psn|[from] item: Leftovers\n|-damage|p1a: Arceus|222/288|[from] Leech Seed|[of] p2a: Wo-Chien\n|-heal|p2a: Wo-Chien|168/277 psn|[silent]\n|-damage|p2a: Wo-Chien|134/277 psn|[from] psn\n|upkeep\n|turn|7\n|\n|t:|1781426457\n|switch|p1a: Tentacruel|Tentacruel, L84, M|272/272 par\n|move|p2a: Wo-Chien|Ruination|p1a: Tentacruel\n|-damage|p1a: Tentacruel|136/272 par\n|\n|-heal|p2a: Wo-Chien|151/277 psn|[from] item: Leftovers\n|-heal|p1a: Tentacruel|153/272 par|[from] item: Leftovers\n|-damage|p2a: Wo-Chien|117/277 psn|[from] psn\n|upkeep\n|turn|8\n|\n|t:|1781426461\n|move|p2a: Wo-Chien|Knock Off|p1a: Tentacruel\n|-damage|p1a: Tentacruel|36/272 par\n|-enditem|p1a: Tentacruel|Leftovers|[from] move: Knock Off|[of] p2a: Wo-Chien\n|cant|p1a: Tentacruel|par\n|\n|-heal|p2a: Wo-Chien|134/277 psn|[from] item: Leftovers\n|-damage|p2a: Wo-Chien|100/277 psn|[from] psn\n|upkeep\n|turn|9\n|\n|t:|1781426466\n|move|p2a: Wo-Chien|Knock Off|p1a: Tentacruel\n|-damage|p1a: Tentacruel|0 fnt\n|faint|p1a: Tentacruel\n|\n|-heal|p2a: Wo-Chien|117/277 psn|[from] item: Leftovers\n|-damage|p2a: Wo-Chien|83/277 psn|[from] psn\n|upkeep\n|\n|t:|1781426474\n|switch|p1a: Ambipom|Ambipom, L84, M|263/263\n|turn|10\n|\n|t:|1781426482\n|move|p1a: Ambipom|U-turn|p2a: Wo-Chien\n|-supereffective|p2a: Wo-Chien\n|-damage|p2a: Wo-Chien|0 fnt\n|faint|p2a: Wo-Chien\n|\n|t:|1781426487\n|switch|p1a: Azumarill|Azumarill, L82, F|298/298|[from] U-turn\n|\n|upkeep\n|\n|t:|1781426505\n|switch|p2a: Masquerain|Masquerain, L87, F|264/264\n|-ability|p2a: Masquerain|Intimidate|boost\n|-unboost|p1a: Azumarill|atk|1\n|turn|11\n|\n|t:|1781426509\n|move|p2a: Masquerain|Sticky Web|p1a: Azumarill\n|-sidestart|p1: latias999999999|move: Sticky Web\n|move|p1a: Azumarill|Liquidation|p2a: Masquerain\n|-damage|p2a: Masquerain|125/264\n|\n|upkeep\n|turn|12\n|\n|t:|1781426520\n|move|p2a: Masquerain|Hurricane|p1a: Azumarill\n|-damage|p1a: Azumarill|160/298\n|move|p1a: Azumarill|Liquidation|p2a: Masquerain\n|-damage|p2a: Masquerain|0 fnt\n|faint|p2a: Masquerain\n|\n|upkeep\n|\n|t:|1781426529\n|switch|p2a: Whiscash|Whiscash, L88, F|295/337 psn\n|turn|13\n|\n|t:|1781426538\n|switch|p1a: Toedscruel|Toedscruel, L87, M|281/281\n|-activate|p1a: Toedscruel|move: Sticky Web\n|-unboost|p1a: Toedscruel|spe|1\n|-terastallize|p2a: Whiscash|Poison\n|move|p2a: Whiscash|Spikes|p1a: Toedscruel\n|-sidestart|p1: latias999999999|Spikes\n|\n|-heal|p2a: Whiscash|316/337 psn|[from] item: Leftovers\n|-damage|p2a: Whiscash|274/337 psn|[from] psn\n|upkeep\n|turn|14\n|\n|t:|1781426544\n|move|p2a: Whiscash|Ice Beam|p1a: Toedscruel\n|-supereffective|p1a: Toedscruel\n|-damage|p1a: Toedscruel|89/281\n|move|p1a: Toedscruel|Earth Power|p2a: Whiscash\n|-supereffective|p2a: Whiscash\n|-damage|p2a: Whiscash|92/337 psn\n|\n|-heal|p2a: Whiscash|113/337 psn|[from] item: Leftovers\n|-heal|p1a: Toedscruel|106/281|[from] item: Leftovers\n|-damage|p2a: Whiscash|71/337 psn|[from] psn\n|upkeep\n|turn|15\n|\n|t:|1781426556\n|switch|p2a: Noivern|Noivern, L82, F|274/274\n|move|p1a: Toedscruel|Earth Power|p2a: Noivern\n|-immune|p2a: Noivern\n|\n|-heal|p1a: Toedscruel|123/281|[from] item: Leftovers\n|upkeep\n|turn|16\n|\n|t:|1781426571\n|switch|p2a: Whiscash|Whiscash, L88, F, tera:Poison|71/337 psn\n|-sideend|p2: Infamous20111|move: Toxic Spikes|[of] p2a: Whiscash\n|move|p1a: Toedscruel|Earth Power|p2a: Whiscash\n|-supereffective|p2a: Whiscash\n|-damage|p2a: Whiscash|0 fnt\n|faint|p2a: Whiscash\n|\n|-heal|p1a: Toedscruel|140/281|[from] item: Leftovers\n|upkeep\n|\n|t:|1781426588\n|switch|p2a: Noivern|Noivern, L82, F|274/274\n|turn|17\n|\n|t:|1781426592\n|-terastallize|p1a: Toedscruel|Water\n|move|p2a: Noivern|Flamethrower|p1a: Toedscruel\n|-resisted|p1a: Toedscruel\n|-damage|p1a: Toedscruel|107/281\n|move|p1a: Toedscruel|Spore|p2a: Noivern\n|-status|p2a: Noivern|slp|[from] move: Spore\n|\n|-heal|p1a: Toedscruel|124/281|[from] item: Leftovers\n|upkeep\n|turn|18\n|\n|t:|1781426598\n|cant|p2a: Noivern|slp\n|move|p1a: Toedscruel|Knock Off|p2a: Noivern\n|-damage|p2a: Noivern|209/274 slp\n|-enditem|p2a: Noivern|Choice Specs|[from] move: Knock Off|[of] p1a: Toedscruel\n|\n|-heal|p1a: Toedscruel|141/281|[from] item: Leftovers\n|upkeep\n|turn|19\n|\n|t:|1781426610\n|switch|p1a: Azumarill|Azumarill, L82, F|160/298\n|-activate|p1a: Azumarill|move: Sticky Web\n|-unboost|p1a: Azumarill|spe|1\n|-damage|p1a: Azumarill|123/298|[from] Spikes\n|-curestatus|p2a: Noivern|slp|[msg]\n|move|p2a: Noivern|Boomburst|p1a: Azumarill\n|-damage|p1a: Azumarill|16/298\n|\n|upkeep\n|turn|20\n|\n|t:|1781426617\n|move|p2a: Noivern|Boomburst|p1a: Azumarill\n|-damage|p1a: Azumarill|0 fnt\n|faint|p1a: Azumarill\n|\n|upkeep\n|\n|t:|1781426628\n|switch|p1a: Ambipom|Ambipom, L84, M|263/263\n|-activate|p1a: Ambipom|move: Sticky Web\n|-unboost|p1a: Ambipom|spe|1\n|-damage|p1a: Ambipom|231/263|[from] Spikes\n|turn|21\n|\n|t:|1781426650\n|move|p2a: Noivern|Boomburst|p1a: Ambipom\n|-damage|p1a: Ambipom|116/263\n|move|p1a: Ambipom|Triple Axel|p2a: Noivern\n|-supereffective|p2a: Noivern\n|-crit|p2a: Noivern\n|-damage|p2a: Noivern|0 fnt\n|faint|p2a: Noivern\n|-hitcount|p2: Noivern|1\n|\n|upkeep\n|\n|t:|1781426660\n|switch|p2a: Tyranitar|Tyranitar, L78, F|284/284\n|-weather|Sandstorm|[from] ability: Sand Stream|[of] p2a: Tyranitar\n|turn|22\n|\n|t:|1781426671\n|move|p1a: Ambipom|Triple Axel|p2a: Tyranitar\n|-damage|p2a: Tyranitar|254/284\n|-damage|p2a: Tyranitar|190/284\n|-damage|p2a: Tyranitar|96/284\n|-hitcount|p2a: Tyranitar|3\n|move|p2a: Tyranitar|Knock Off|p1a: Ambipom\n|-damage|p1a: Ambipom|0 fnt\n|-enditem|p1a: Ambipom|Choice Band|[from] move: Knock Off|[of] p2a: Tyranitar\n|faint|p1a: Ambipom\n|\n|-weather|Sandstorm|[upkeep]\n|-heal|p2a: Tyranitar|113/284|[from] item: Leftovers\n|upkeep\n|\n|t:|1781426679\n|switch|p1a: Arceus|Arceus-Dark, L71|222/288\n|-activate|p1a: Arceus|move: Sticky Web\n|-unboost|p1a: Arceus|spe|1\n|-damage|p1a: Arceus|186/288|[from] Spikes\n|turn|23\n|\n|t:|1781426687\n|move|p1a: Arceus|Dazzling Gleam|p2a: Tyranitar\n|-supereffective|p2a: Tyranitar\n|-damage|p2a: Tyranitar|51/284\n|move|p2a: Tyranitar|Stone Edge|p1a: Arceus\n|-crit|p1a: Arceus\n|-damage|p1a: Arceus|5/288\n|\n|-weather|Sandstorm|[upkeep]\n|-damage|p1a: Arceus|0 fnt|[from] Sandstorm\n|faint|p1a: Arceus\n|-heal|p2a: Tyranitar|68/284|[from] item: Leftovers\n|upkeep\n|\n|t:|1781426692\n|switch|p1a: Toedscruel|Toedscruel, L87, M, tera:Water|141/281\n|-activate|p1a: Toedscruel|move: Sticky Web\n|-unboost|p1a: Toedscruel|spe|1\n|-damage|p1a: Toedscruel|106/281|[from] Spikes\n|turn|24\n|\n|t:|1781426698\n|move|p1a: Toedscruel|Earth Power|p2a: Tyranitar\n|-supereffective|p2a: Tyranitar\n|-damage|p2a: Tyranitar|0 fnt\n|faint|p2a: Tyranitar\n|\n|-weather|Sandstorm|[upkeep]\n|-damage|p1a: Toedscruel|89/281|[from] Sandstorm\n|-heal|p1a: Toedscruel|106/281|[from] item: Leftovers\n|upkeep\n|\n|t:|1781426701\n|switch|p2a: Chansey|Chansey, L85, F|378/564\n|turn|25\n|\n|t:|1781426706\n|move|p1a: Toedscruel|Knock Off|p2a: Chansey\n|-damage|p2a: Chansey|250/564\n|-enditem|p2a: Chansey|Eviolite|[from] move: Knock Off|[of] p1a: Toedscruel\n|move|p2a: Chansey|Seismic Toss|p1a: Toedscruel\n|-damage|p1a: Toedscruel|21/281\n|\n|-weather|Sandstorm|[upkeep]\n|-damage|p1a: Toedscruel|4/281|[from] Sandstorm\n|-damage|p2a: Chansey|215/564|[from] Sandstorm\n|-heal|p1a: Toedscruel|21/281|[from] item: Leftovers\n|upkeep\n|turn|26\n|\n|t:|1781426712\n|move|p2a: Chansey|Seismic Toss|p1a: Toedscruel\n|-damage|p1a: Toedscruel|0 fnt\n|faint|p1a: Toedscruel\n|\n|-weather|none\n|upkeep\n|\n|t:|1781426714\n|switch|p1a: Shiftry|Shiftry, L89, M|275/305\n|-activate|p1a: Shiftry|move: Sticky Web\n|-unboost|p1a: Shiftry|spe|1\n|-damage|p1a: Shiftry|237/305|[from] Spikes\n|turn|27\n|\n|t:|1781426719\n|move|p2a: Chansey|Thunder Wave|p1a: Shiftry\n|-status|p1a: Shiftry|par\n|move|p1a: Shiftry|Knock Off|p2a: Chansey\n|-damage|p2a: Chansey|0 fnt\n|faint|p2a: Chansey\n|-damage|p1a: Shiftry|207/305 par|[from] item: Life Orb\n|\n|win|latias999999999\n", "uploadtime": 1781426355, "views": 3, "formatid": "gen9randombattle", "rating": null, "private": 0, "password": null}