{"id": "gen9randombattle-2631517136", "format": "[Gen 9] Random Battle", "players": ["Bleach Your Soul", "xiyoncool"], "log": "|j|\u2606Bleach Your Soul\n|j|\u2606xiyoncool\n|t:|1781395385\n|gametype|singles\n|player|p1|Bleach Your Soul|101|1322\n|player|p2|xiyoncool|hilda|1361\n|gen|9\n|tier|[Gen 9] Random Battle\n|rated|\n|rule|Species Clause: Limit one of each Pok\u00e9mon\n|rule|HP Percentage Mod: HP is shown in percentages\n|rule|Sleep Clause Mod: Limit one foe put to sleep\n|rule|Illusion Level Mod: Illusion disguises the Pok\u00e9mon's true level\n|\n|t:|1781395386\n|teamsize|p1|6\n|teamsize|p2|6\n|start\n|switch|p1a: Milotic|Milotic, L83, M|293/293\n|switch|p2a: Oricorio|Oricorio-Pa'u, L87, M|272/272\n|turn|1\n|\n|t:|1781395393\n|move|p2a: Oricorio|Quiver Dance|p2a: Oricorio\n|-boost|p2a: Oricorio|spa|1\n|-boost|p2a: Oricorio|spd|1\n|-boost|p2a: Oricorio|spe|1\n|move|p1a: Milotic|Scald|p2a: Oricorio\n|-damage|p2a: Oricorio|208/272\n|\n|upkeep\n|turn|2\n|\n|t:|1781395400\n|move|p2a: Oricorio|Quiver Dance|p2a: Oricorio\n|-boost|p2a: Oricorio|spa|1\n|-boost|p2a: Oricorio|spd|1\n|-boost|p2a: Oricorio|spe|1\n|move|p1a: Milotic|Haze|p1a: Milotic\n|-clearallboost\n|\n|upkeep\n|turn|3\n|\n|t:|1781395408\n|move|p2a: Oricorio|Quiver Dance|p2a: Oricorio\n|-boost|p2a: Oricorio|spa|1\n|-boost|p2a: Oricorio|spd|1\n|-boost|p2a: Oricorio|spe|1\n|move|p1a: Milotic|Scald|p2a: Oricorio\n|-damage|p2a: Oricorio|138/272\n|\n|upkeep\n|turn|4\n|\n|t:|1781395414\n|move|p2a: Oricorio|Revelation Dance|p1a: Milotic\n|-damage|p1a: Milotic|182/293\n|move|p1a: Milotic|Haze|p1a: Milotic\n|-clearallboost\n|\n|-heal|p1a: Milotic|200/293|[from] item: Leftovers\n|upkeep\n|turn|5\n|\n|t:|1781395419\n|move|p2a: Oricorio|Roost|p2a: Oricorio\n|-heal|p2a: Oricorio|272/272\n|-singleturn|p2a: Oricorio|move: Roost\n|move|p1a: Milotic|Scald|p2a: Oricorio\n|-damage|p2a: Oricorio|181/272\n|\n|-heal|p1a: Milotic|218/293|[from] item: Leftovers\n|upkeep\n|turn|6\n|\n|t:|1781395425\n|move|p2a: Oricorio|Quiver Dance|p2a: Oricorio\n|-boost|p2a: Oricorio|spa|1\n|-boost|p2a: Oricorio|spd|1\n|-boost|p2a: Oricorio|spe|1\n|move|p1a: Milotic|Scald|p2a: Oricorio\n|-damage|p2a: Oricorio|111/272\n|-status|p2a: Oricorio|brn\n|\n|-heal|p1a: Milotic|236/293|[from] item: Leftovers\n|-damage|p2a: Oricorio|94/272 brn|[from] brn\n|upkeep\n|turn|7\n|\n|t:|1781395430\n|move|p2a: Oricorio|Hurricane|p1a: Milotic\n|-damage|p1a: Milotic|86/293\n|move|p1a: Milotic|Haze|p1a: Milotic\n|-clearallboost\n|\n|-heal|p1a: Milotic|104/293|[from] item: Leftovers\n|-damage|p2a: Oricorio|77/272 brn|[from] brn\n|upkeep\n|turn|8\n|\n|t:|1781395437\n|move|p2a: Oricorio|Roost|p2a: Oricorio\n|-heal|p2a: Oricorio|213/272 brn\n|-singleturn|p2a: Oricorio|move: Roost\n|move|p1a: Milotic|Recover|p1a: Milotic\n|-heal|p1a: Milotic|251/293\n|\n|-heal|p1a: Milotic|269/293|[from] item: Leftovers\n|-damage|p2a: Oricorio|196/272 brn|[from] brn\n|upkeep\n|turn|9\n|\n|t:|1781395446\n|switch|p2a: Iron Bundle|Iron Bundle, L78|215/215\n|switch|p1a: Cramorant|Cramorant, L86, F|261/261\n|\n|upkeep\n|turn|10\n|\n|t:|1781395453\n|switch|p1a: Ho-Oh|Ho-Oh, L71|268/268\n|move|p2a: Iron Bundle|Freeze-Dry|p1a: Ho-Oh\n|-damage|p1a: Ho-Oh|208/268\n|\n|upkeep\n|turn|11\n|\n|t:|1781395459\n|move|p2a: Iron Bundle|Flip Turn|p1a: Ho-Oh\n|-supereffective|p1a: Ho-Oh\n|-damage|p1a: Ho-Oh|98/268\n|\n|t:|1781395463\n|-end|p2a: Iron Bundle|Quark Drive|[silent]\n|switch|p2a: Terrakion|Terrakion, L79|273/273|[from] Flip Turn\n|move|p1a: Ho-Oh|Sacred Fire|p2a: Terrakion\n|-resisted|p2a: Terrakion\n|-damage|p2a: Terrakion|221/273\n|-status|p2a: Terrakion|brn\n|\n|-damage|p2a: Terrakion|204/273 brn|[from] brn\n|upkeep\n|turn|12\n|\n|t:|1781395475\n|switch|p1a: Milotic|Milotic, L83, M|269/293\n|move|p2a: Terrakion|Stone Edge|p1a: Milotic\n|-damage|p1a: Milotic|179/293\n|-damage|p2a: Terrakion|177/273 brn|[from] item: Life Orb\n|\n|-heal|p1a: Milotic|197/293|[from] item: Leftovers\n|-damage|p2a: Terrakion|160/273 brn|[from] brn\n|upkeep\n|turn|13\n|\n|t:|1781395481\n|switch|p2a: Iron Bundle|Iron Bundle, L78|215/215\n|move|p1a: Milotic|Scald|p2a: Iron Bundle\n|-resisted|p2a: Iron Bundle\n|-crit|p2a: Iron Bundle\n|-damage|p2a: Iron Bundle|125/215\n|-status|p2a: Iron Bundle|brn\n|\n|-heal|p1a: Milotic|215/293|[from] item: Leftovers\n|-damage|p2a: Iron Bundle|112/215 brn|[from] brn\n|upkeep\n|turn|14\n|\n|t:|1781395487\n|move|p2a: Iron Bundle|Freeze-Dry|p1a: Milotic\n|-supereffective|p1a: Milotic\n|-damage|p1a: Milotic|99/293\n|move|p1a: Milotic|Recover|p1a: Milotic\n|-heal|p1a: Milotic|246/293\n|\n|-heal|p1a: Milotic|264/293|[from] item: Leftovers\n|-damage|p2a: Iron Bundle|99/215 brn|[from] brn\n|upkeep\n|turn|15\n|\n|t:|1781395494\n|switch|p1a: Ho-Oh|Ho-Oh, L71|187/268\n|move|p2a: Iron Bundle|Encore||[still]\n|-fail|p2a: Iron Bundle\n|\n|-damage|p2a: Iron Bundle|86/215 brn|[from] brn\n|upkeep\n|turn|16\n|\n|t:|1781395501\n|move|p2a: Iron Bundle|Hydro Pump|p1a: Ho-Oh|[miss]\n|-miss|p2a: Iron Bundle|p1a: Ho-Oh\n|move|p1a: Ho-Oh|Sacred Fire|p2a: Iron Bundle\n|-damage|p2a: Iron Bundle|7/215 brn\n|\n|-damage|p2a: Iron Bundle|0 fnt|[from] brn\n|faint|p2a: Iron Bundle\n|-end|p2a: Iron Bundle|Quark Drive|[silent]\n|upkeep\n|\n|t:|1781395504\n|switch|p2a: Poliwrath|Poliwrath, L88, F|302/302\n|turn|17\n|\n|t:|1781395514\n|switch|p1a: Vikavolt|Vikavolt, L83, M|263/263\n|move|p2a: Poliwrath|Liquidation|p1a: Vikavolt\n|-damage|p1a: Vikavolt|172/263\n|-unboost|p1a: Vikavolt|def|1\n|\n|upkeep\n|turn|18\n|\n|t:|1781395524\n|switch|p2a: Galvantula|Galvantula, L82, M|249/249\n|move|p1a: Vikavolt|Thunderbolt|p2a: Galvantula\n|-resisted|p2a: Galvantula\n|-damage|p2a: Galvantula|165/249\n|\n|upkeep\n|turn|19\n|\n|t:|1781395535\n|move|p2a: Galvantula|Sticky Web|p1a: Vikavolt\n|-sidestart|p1: Bleach Your Soul|move: Sticky Web\n|move|p1a: Vikavolt|Sticky Web|p2a: Galvantula\n|-sidestart|p2: xiyoncool|move: Sticky Web\n|\n|upkeep\n|turn|20\n|\n|t:|1781395550\n|switch|p1a: Ho-Oh|Ho-Oh, L71|268/268\n|move|p2a: Galvantula|Bug Buzz|p1a: Ho-Oh\n|-resisted|p1a: Ho-Oh\n|-damage|p1a: Ho-Oh|250/268\n|\n|upkeep\n|turn|21\n|\n|t:|1781395557\n|move|p2a: Galvantula|Thunder|p1a: Ho-Oh\n|-supereffective|p1a: Ho-Oh\n|-damage|p1a: Ho-Oh|70/268\n|move|p1a: Ho-Oh|Sacred Fire|p2a: Galvantula\n|-supereffective|p2a: Galvantula\n|-damage|p2a: Galvantula|0 fnt\n|faint|p2a: Galvantula\n|\n|upkeep\n|\n|t:|1781395563\n|switch|p2a: Oricorio|Oricorio-Pa'u, L87, M|196/272 brn\n|turn|22\n|\n|t:|1781395570\n|switch|p1a: Cramorant|Cramorant, L86, F|261/261\n|move|p2a: Oricorio|Quiver Dance|p2a: Oricorio\n|-boost|p2a: Oricorio|spa|1\n|-boost|p2a: Oricorio|spd|1\n|-boost|p2a: Oricorio|spe|1\n|\n|-damage|p2a: Oricorio|179/272 brn|[from] brn\n|upkeep\n|turn|23\n|\n|t:|1781395576\n|move|p2a: Oricorio|Revelation Dance|p1a: Cramorant\n|-damage|p1a: Cramorant|122/261\n|move|p1a: Cramorant|Surf|p2a: Oricorio\n|-formechange|p1a: Cramorant|Cramorant-Gorging|\n|-damage|p2a: Oricorio|110/272 brn\n|\n|-damage|p2a: Oricorio|93/272 brn|[from] brn\n|upkeep\n|turn|24\n|\n|t:|1781395583\n|move|p2a: Oricorio|Revelation Dance|p1a: Cramorant\n|-damage|p1a: Cramorant|0 fnt\n|-damage|p2a: Oricorio|25/272 brn|[from] ability: Gulp Missile|[of] p1a: Cramorant\n|-formechange|p1a: Cramorant|Cramorant|\n|faint|p1a: Cramorant\n|\n|-damage|p2a: Oricorio|8/272 brn|[from] brn\n|upkeep\n|\n|t:|1781395595\n|switch|p1a: Ho-Oh|Ho-Oh, L71|159/268\n|turn|25\n|\n|t:|1781395598\n|move|p2a: Oricorio|Roost|p2a: Oricorio\n|-heal|p2a: Oricorio|144/272 brn\n|-singleturn|p2a: Oricorio|move: Roost\n|move|p1a: Ho-Oh|Sacred Fire|p2a: Oricorio\n|-damage|p2a: Oricorio|27/272 brn\n|\n|-damage|p2a: Oricorio|10/272 brn|[from] brn\n|upkeep\n|turn|26\n|\n|t:|1781395606\n|move|p2a: Oricorio|Revelation Dance|p1a: Ho-Oh\n|-damage|p1a: Ho-Oh|50/268\n|move|p1a: Ho-Oh|Brave Bird|p2a: Oricorio\n|-damage|p2a: Oricorio|0 fnt\n|faint|p2a: Oricorio\n|-damage|p1a: Ho-Oh|47/268|[from] Recoil\n|\n|upkeep\n|\n|t:|1781395612\n|switch|p2a: Meloetta|Meloetta, L82|298/298\n|-activate|p2a: Meloetta|move: Sticky Web\n|-unboost|p2a: Meloetta|spe|1\n|turn|27\n|\n|t:|1781395616\n|move|p1a: Ho-Oh|Sacred Fire|p2a: Meloetta\n|-damage|p2a: Meloetta|178/298\n|-status|p2a: Meloetta|brn\n|move|p2a: Meloetta|U-turn|p1a: Ho-Oh\n|-resisted|p1a: Ho-Oh\n|-damage|p1a: Ho-Oh|42/268\n|\n|t:|1781395621\n|switch|p2a: Poliwrath|Poliwrath, L88, F|302/302|[from] U-turn\n|-activate|p2a: Poliwrath|move: Sticky Web\n|-unboost|p2a: Poliwrath|spe|1\n|\n|upkeep\n|turn|28\n|\n|t:|1781395627\n|move|p1a: Ho-Oh|Sacred Fire|p2a: Poliwrath\n|-resisted|p2a: Poliwrath\n|-damage|p2a: Poliwrath|259/302\n|-status|p2a: Poliwrath|brn\n|move|p2a: Poliwrath|Liquidation|p1a: Ho-Oh\n|-supereffective|p1a: Ho-Oh\n|-damage|p1a: Ho-Oh|0 fnt\n|faint|p1a: Ho-Oh\n|\n|-damage|p2a: Poliwrath|241/302 brn|[from] brn\n|upkeep\n|\n|t:|1781395632\n|switch|p1a: Vikavolt|Vikavolt, L83, M|172/263\n|turn|29\n|\n|t:|1781395638\n|move|p1a: Vikavolt|Thunderbolt|p2a: Poliwrath\n|-supereffective|p2a: Poliwrath\n|-damage|p2a: Poliwrath|89/302 brn\n|move|p2a: Poliwrath|Knock Off|p1a: Vikavolt\n|-damage|p1a: Vikavolt|136/263\n|-enditem|p1a: Vikavolt|Heavy-Duty Boots|[from] move: Knock Off|[of] p2a: Poliwrath\n|\n|-damage|p2a: Poliwrath|71/302 brn|[from] brn\n|upkeep\n|turn|30\n|-message|xiyoncool forfeited.\n|\n|win|Bleach Your Soul\n|raw|Bleach Your Soul's rating: 1322 &rarr; <strong>1344</strong><br />(+22 for winning)\n|raw|xiyoncool's rating: 1361 &rarr; <strong>1339</strong><br />(-22 for losing)\n|l|\u2606xiyoncool\n|player|p2|\n", "uploadtime": 1781395649, "views": 2, "formatid": "gen9randombattle", "rating": 1339, "private": 0, "password": null}