{"id": "gen9randombattle-2631422631", "format": "[Gen 9] Random Battle", "players": ["exploziff", "peekatchoum"], "log": "|j|\u2606exploziff\n|j|\u2606peekatchoum\n|t:|1781382769\n|gametype|singles\n|player|p1|exploziff|266|2022\n|player|p2|peekatchoum|266|1976\n|gen|9\n|tier|[Gen 9] Random Battle\n|rated|\n|rule|Species Clause: Limit one of each Pok\u00e9mon\n|rule|HP Percentage Mod: HP is shown in percentages\n|rule|Sleep Clause Mod: Limit one foe put to sleep\n|rule|Illusion Level Mod: Illusion disguises the Pok\u00e9mon's true level\n|\n|t:|1781382769\n|teamsize|p1|6\n|teamsize|p2|6\n|start\n|switch|p1a: Latios|Latios, L78, M|253/253\n|switch|p2a: Granbull|Granbull, L88, F|302/302\n|-ability|p2a: Granbull|Intimidate|boost\n|-unboost|p1a: Latios|atk|1\n|turn|1\n|inactive|Battle timer is ON: inactive players will automatically lose when time's up. (requested by peekatchoum)\n|\n|t:|1781382787\n|switch|p1a: Charizard|Charizard, L85, F|271/271\n|move|p2a: Granbull|Thunder Wave|p1a: Charizard\n|-status|p1a: Charizard|par\n|\n|upkeep\n|turn|2\n|\n|t:|1781382807\n|switch|p2a: Luvdisc|Luvdisc, F|247/247\n|move|p1a: Charizard|Will-O-Wisp|p2a: Luvdisc\n|-status|p2a: Luvdisc|brn\n|\n|-damage|p2a: Luvdisc|232/247 brn|[from] brn\n|upkeep\n|turn|3\n|\n|t:|1781382816\n|switch|p1a: Raikou|Raikou, L81|278/278\n|-ability|p1a: Raikou|Pressure\n|move|p2a: Luvdisc|Whirlpool|p1a: Raikou|[miss]\n|-miss|p2a: Luvdisc|p1a: Raikou\n|\n|-damage|p2a: Luvdisc|217/247 brn|[from] brn\n|upkeep\n|turn|4\n|\n|t:|1781382823\n|switch|p2a: Toedscruel|Toedscruel, L87, M|281/281\n|move|p1a: Raikou|Substitute|p1a: Raikou\n|-start|p1a: Raikou|Substitute\n|-damage|p1a: Raikou|209/278\n|\n|-heal|p1a: Raikou|226/278|[from] item: Leftovers\n|upkeep\n|turn|5\n|\n|t:|1781382827\n|move|p1a: Raikou|Scald|p2a: Toedscruel\n|-damage|p2a: Toedscruel|232/281\n|move|p2a: Toedscruel|Earth Power|p1a: Raikou\n|-supereffective|p1a: Raikou\n|-end|p1a: Raikou|Substitute\n|\n|-heal|p1a: Raikou|243/278|[from] item: Leftovers\n|-heal|p2a: Toedscruel|249/281|[from] item: Leftovers\n|upkeep\n|turn|6\n|\n|t:|1781382838\n|switch|p1a: Charizard|Charizard, L85, F|271/271 par\n|move|p2a: Toedscruel|Earth Power|p1a: Charizard\n|-immune|p1a: Charizard\n|\n|-heal|p2a: Toedscruel|266/281|[from] item: Leftovers\n|upkeep\n|turn|7\n|\n|t:|1781382844\n|switch|p2a: Luvdisc|Luvdisc, F|217/247 brn\n|move|p1a: Charizard|Hurricane|p2a: Luvdisc\n|-damage|p2a: Luvdisc|79/247 brn\n|\n|-damage|p2a: Luvdisc|64/247 brn|[from] brn\n|upkeep\n|turn|8\n|\n|t:|1781382850\n|switch|p1a: Drifblim|Drifblim, L86, M|396/396\n|move|p2a: Luvdisc|Endeavor|p1a: Drifblim\n|-immune|p1a: Drifblim\n|\n|-damage|p2a: Luvdisc|49/247 brn|[from] brn\n|upkeep\n|turn|9\n|\n|t:|1781382872\n|switch|p2a: Skuntank|Skuntank, L84, M|310/310\n|move|p1a: Drifblim|Calm Mind|p1a: Drifblim\n|-boost|p1a: Drifblim|spa|1\n|-boost|p1a: Drifblim|spd|1\n|\n|upkeep\n|turn|10\n|\n|t:|1781382886\n|switch|p1a: Mamoswine|Mamoswine, L81, M|311/311\n|move|p2a: Skuntank|Taunt|p1a: Mamoswine\n|-start|p1a: Mamoswine|move: Taunt\n|\n|upkeep\n|turn|11\n|\n|t:|1781382905\n|move|p2a: Skuntank|Knock Off|p1a: Mamoswine\n|-damage|p1a: Mamoswine|177/311\n|-enditem|p1a: Mamoswine|Choice Band|[from] move: Knock Off|[of] p2a: Skuntank\n|-damage|p2a: Skuntank|279/310|[from] item: Life Orb\n|move|p1a: Mamoswine|Earthquake|p2a: Skuntank\n|-supereffective|p2a: Skuntank\n|-damage|p2a: Skuntank|0 fnt\n|faint|p2a: Skuntank\n|\n|upkeep\n|\n|t:|1781382910\n|switch|p2a: Granbull|Granbull, L88, F|302/302\n|-ability|p2a: Granbull|Intimidate|boost\n|-unboost|p1a: Mamoswine|atk|1\n|turn|12\n|\n|t:|1781382918\n|switch|p1a: Charizard|Charizard, L85, F|271/271 par\n|move|p2a: Granbull|Play Rough|p1a: Charizard\n|-resisted|p1a: Charizard\n|-damage|p1a: Charizard|208/271 par\n|\n|upkeep\n|turn|13\n|\n|t:|1781382930\n|switch|p2a: Komala|Komala, L88, M|258/258\n|-ability|p2a: Komala|Comatose\n|move|p1a: Charizard|Flamethrower|p2a: Komala\n|-damage|p2a: Komala|164/258\n|\n|upkeep\n|turn|14\n|\n|t:|1781382940\n|switch|p1a: Dusknoir|Dusknoir, L89, F|225/225\n|-item|p2a: Komala|Choice Scarf|[from] ability: Frisk|[of] p1a: Dusknoir\n|move|p2a: Komala|Knock Off|p1a: Dusknoir\n|-supereffective|p1a: Dusknoir\n|-damage|p1a: Dusknoir|103/225\n|-enditem|p1a: Dusknoir|Choice Band|[from] move: Knock Off|[of] p2a: Komala\n|\n|upkeep\n|turn|15\n|\n|t:|1781382954\n|switch|p2a: Granbull|Granbull, L88, F|302/302\n|-ability|p2a: Granbull|Intimidate|boost\n|-unboost|p1a: Dusknoir|atk|1\n|move|p1a: Dusknoir|Leech Life|p2a: Granbull\n|-resisted|p2a: Granbull\n|-damage|p2a: Granbull|277/302\n|-heal|p1a: Dusknoir|116/225|[from] drain|[of] p2a: Granbull\n|\n|-heal|p2a: Granbull|295/302|[from] item: Leftovers\n|upkeep\n|turn|16\n|\n|t:|1781382960\n|switch|p2a: Komala|Komala, L88, M|164/258\n|-ability|p2a: Komala|Comatose\n|move|p1a: Dusknoir|Poltergeist|p2a: Komala\n|-immune|p2a: Komala\n|\n|upkeep\n|turn|17\n|\n|t:|1781382965\n|switch|p2a: Granbull|Granbull, L88, F|295/302\n|-ability|p2a: Granbull|Intimidate|boost\n|-unboost|p1a: Dusknoir|atk|1\n|move|p1a: Dusknoir|Leech Life|p2a: Granbull\n|-resisted|p2a: Granbull\n|-damage|p2a: Granbull|278/302\n|-heal|p1a: Dusknoir|125/225|[from] drain|[of] p2a: Granbull\n|\n|-heal|p2a: Granbull|296/302|[from] item: Leftovers\n|upkeep\n|turn|18\n|\n|t:|1781382969\n|switch|p1a: Charizard|Charizard, L85, F|208/271 par\n|switch|p2a: Komala|Komala, L88, M|164/258\n|-ability|p2a: Komala|Comatose\n|\n|upkeep\n|turn|19\n|\n|t:|1781382974\n|switch|p1a: Dusknoir|Dusknoir, L89, F|125/225\n|-item|p2a: Komala|Choice Scarf|[from] ability: Frisk|[of] p1a: Dusknoir\n|move|p2a: Komala|Knock Off|p1a: Dusknoir\n|-supereffective|p1a: Dusknoir\n|-damage|p1a: Dusknoir|41/225\n|\n|upkeep\n|turn|20\n|\n|t:|1781382977\n|move|p2a: Komala|Knock Off|p1a: Dusknoir\n|-supereffective|p1a: Dusknoir\n|-crit|p1a: Dusknoir\n|-damage|p1a: Dusknoir|0 fnt\n|faint|p1a: Dusknoir\n|\n|upkeep\n|\n|t:|1781382981\n|switch|p1a: Mamoswine|Mamoswine, L81, M|177/311\n|turn|21\n|\n|t:|1781382987\n|switch|p2a: Granbull|Granbull, L88, F|296/302\n|-ability|p2a: Granbull|Intimidate|boost\n|-unboost|p1a: Mamoswine|atk|1\n|move|p1a: Mamoswine|Earthquake|p2a: Granbull\n|-damage|p2a: Granbull|202/302\n|\n|-heal|p2a: Granbull|220/302|[from] item: Leftovers\n|upkeep\n|turn|22\n|\n|t:|1781382991\n|switch|p1a: Charizard|Charizard, L85, F|208/271 par\n|move|p2a: Granbull|Play Rough|p1a: Charizard\n|-resisted|p1a: Charizard\n|-damage|p1a: Charizard|145/271 par\n|\n|-heal|p2a: Granbull|238/302|[from] item: Leftovers\n|upkeep\n|turn|23\n|\n|t:|1781382994\n|switch|p2a: Komala|Komala, L88, M|164/258\n|-ability|p2a: Komala|Comatose\n|cant|p1a: Charizard|par\n|\n|upkeep\n|turn|24\n|\n|t:|1781383000\n|move|p2a: Komala|U-turn|p1a: Charizard\n|-resisted|p1a: Charizard\n|-damage|p1a: Charizard|129/271 par\n|\n|t:|1781383011\n|switch|p2a: Latias|Latias, L79, F|256/256|[from] U-turn\n|move|p1a: Charizard|Flamethrower|p2a: Latias\n|-resisted|p2a: Latias\n|-damage|p2a: Latias|211/256\n|\n|upkeep\n|turn|25\n|\n|t:|1781383022\n|move|p2a: Latias|Draco Meteor|p1a: Charizard\n|-damage|p1a: Charizard|0 fnt\n|-unboost|p2a: Latias|spa|2\n|faint|p1a: Charizard\n|\n|upkeep\n|\n|t:|1781383024\n|switch|p1a: Mamoswine|Mamoswine, L81, M|177/311\n|turn|26\n|\n|t:|1781383032\n|-terastallize|p2a: Latias|Steel\n|move|p2a: Latias|Calm Mind|p2a: Latias\n|-boost|p2a: Latias|spa|1\n|-boost|p2a: Latias|spd|1\n|move|p1a: Mamoswine|Icicle Crash|p2a: Latias\n|-resisted|p2a: Latias\n|-damage|p2a: Latias|154/256\n|\n|upkeep\n|turn|27\n|\n|t:|1781383040\n|move|p2a: Latias|Calm Mind|p2a: Latias\n|-boost|p2a: Latias|spa|1\n|-boost|p2a: Latias|spd|1\n|move|p1a: Mamoswine|Knock Off|p2a: Latias\n|-damage|p2a: Latias|71/256\n|-enditem|p2a: Latias|Soul Dew|[from] move: Knock Off|[of] p1a: Mamoswine\n|\n|upkeep\n|turn|28\n|\n|t:|1781383044\n|switch|p1a: Drifblim|Drifblim, L86, M|396/396\n|move|p2a: Latias|Recover|p2a: Latias\n|-heal|p2a: Latias|199/256\n|\n|upkeep\n|turn|29\n|\n|t:|1781383049\n|move|p2a: Latias|Calm Mind|p2a: Latias\n|-boost|p2a: Latias|spa|1\n|-boost|p2a: Latias|spd|1\n|move|p1a: Drifblim|Calm Mind|p1a: Drifblim\n|-boost|p1a: Drifblim|spa|1\n|-boost|p1a: Drifblim|spd|1\n|\n|upkeep\n|turn|30\n|\n|t:|1781383051\n|move|p2a: Latias|Calm Mind|p2a: Latias\n|-boost|p2a: Latias|spa|1\n|-boost|p2a: Latias|spd|1\n|move|p1a: Drifblim|Calm Mind|p1a: Drifblim\n|-boost|p1a: Drifblim|spa|1\n|-boost|p1a: Drifblim|spd|1\n|\n|upkeep\n|turn|31\n|\n|t:|1781383053\n|move|p2a: Latias|Calm Mind|p2a: Latias\n|-boost|p2a: Latias|spa|1\n|-boost|p2a: Latias|spd|1\n|move|p1a: Drifblim|Calm Mind|p1a: Drifblim\n|-boost|p1a: Drifblim|spa|1\n|-boost|p1a: Drifblim|spd|1\n|\n|upkeep\n|turn|32\n|\n|t:|1781383055\n|move|p2a: Latias|Calm Mind|p2a: Latias\n|-boost|p2a: Latias|spa|1\n|-boost|p2a: Latias|spd|1\n|move|p1a: Drifblim|Calm Mind|p1a: Drifblim\n|-boost|p1a: Drifblim|spa|1\n|-boost|p1a: Drifblim|spd|1\n|\n|upkeep\n|turn|33\n|\n|t:|1781383058\n|move|p2a: Latias|Calm Mind|p2a: Latias\n|-boost|p2a: Latias|spa|1\n|-boost|p2a: Latias|spd|0\n|move|p1a: Drifblim|Shadow Ball|p2a: Latias\n|-damage|p2a: Latias|151/256\n|\n|upkeep\n|turn|34\n|c|\u2606peekatchoum|gg\n|\n|t:|1781383064\n|move|p2a: Latias|Recover|p2a: Latias\n|-heal|p2a: Latias|256/256\n|move|p1a: Drifblim|Shadow Ball|p2a: Latias\n|-damage|p2a: Latias|202/256\n|\n|upkeep\n|turn|35\n|\n|t:|1781383066\n|move|p2a: Latias|Psyshock|p1a: Drifblim\n|-damage|p1a: Drifblim|0 fnt\n|faint|p1a: Drifblim\n|\n|upkeep\n|c|\u2606exploziff|gg\n|-message|exploziff forfeited.\n|\n|win|peekatchoum\n", "uploadtime": 1781382771, "views": 8, "formatid": "gen9randombattle", "rating": null, "private": 0, "password": null}