{"id": "gen9randombattle-2631894246", "format": "[Gen 9] Random Battle", "players": ["tundraa1549", "hehehe21"], "log": "|j|\u2606tundraa1549\n|j|\u2606hehehe21\n|t:|1781452927\n|gametype|singles\n|player|p1|tundraa1549|2|1378\n|player|p2|hehehe21|102|1369\n|gen|9\n|tier|[Gen 9] Random Battle\n|rated|\n|rule|Species Clause: Limit one of each Pok\u00e9mon\n|rule|HP Percentage Mod: HP is shown in percentages\n|rule|Sleep Clause Mod: Limit one foe put to sleep\n|rule|Illusion Level Mod: Illusion disguises the Pok\u00e9mon's true level\n|\n|t:|1781452927\n|teamsize|p1|6\n|teamsize|p2|6\n|start\n|switch|p1a: Zapdos|Zapdos, L78|268/268\n|switch|p2a: Passimian|Passimian, L83, F|302/302\n|turn|1\n|inactive|Battle timer is ON: inactive players will automatically lose when time's up. (requested by hehehe21)\n|\n|t:|1781452943\n|switch|p2a: Hippowdon|Hippowdon, L82, M|311/311\n|-weather|Sandstorm|[from] ability: Sand Stream|[of] p2a: Hippowdon\n|move|p1a: Zapdos|Hurricane|p2a: Hippowdon|[miss]\n|-miss|p1a: Zapdos|p2a: Hippowdon\n|\n|-weather|Sandstorm|[upkeep]\n|-damage|p1a: Zapdos|252/268|[from] Sandstorm\n|upkeep\n|turn|2\n|\n|t:|1781452956\n|move|p1a: Zapdos|U-turn|p2a: Hippowdon\n|-damage|p2a: Hippowdon|280/311\n|\n|t:|1781452972\n|switch|p1a: Palossand|Palossand, L89, M|296/296|[from] U-turn\n|move|p2a: Hippowdon|Curse|p2a: Hippowdon\n|-unboost|p2a: Hippowdon|spe|1\n|-boost|p2a: Hippowdon|atk|1\n|-boost|p2a: Hippowdon|def|1\n|\n|-weather|Sandstorm|[upkeep]\n|-heal|p2a: Hippowdon|299/311|[from] item: Leftovers\n|upkeep\n|turn|3\n|\n|t:|1781452985\n|move|p1a: Palossand|Stealth Rock|p2a: Hippowdon\n|-sidestart|p2: hehehe21|move: Stealth Rock\n|move|p2a: Hippowdon|Curse|p2a: Hippowdon\n|-unboost|p2a: Hippowdon|spe|1\n|-boost|p2a: Hippowdon|atk|1\n|-boost|p2a: Hippowdon|def|1\n|\n|-weather|Sandstorm|[upkeep]\n|-heal|p2a: Hippowdon|311/311|[from] item: Leftovers\n|upkeep\n|turn|4\n|\n|t:|1781452996\n|move|p1a: Palossand|Shadow Ball|p2a: Hippowdon\n|-damage|p2a: Hippowdon|194/311\n|-unboost|p2a: Hippowdon|spd|1\n|move|p2a: Hippowdon|Earthquake|p1a: Palossand\n|-damage|p1a: Palossand|119/296\n|\n|-weather|Sandstorm|[upkeep]\n|-heal|p1a: Palossand|137/296|[from] item: Leftovers\n|-heal|p2a: Hippowdon|213/311|[from] item: Leftovers\n|upkeep\n|turn|5\n|\n|t:|1781453010\n|move|p1a: Palossand|Shadow Ball|p2a: Hippowdon\n|-damage|p2a: Hippowdon|41/311\n|move|p2a: Hippowdon|Stone Edge|p1a: Palossand\n|-resisted|p1a: Palossand\n|-damage|p1a: Palossand|76/296\n|\n|-weather|none\n|-heal|p1a: Palossand|94/296|[from] item: Leftovers\n|-heal|p2a: Hippowdon|60/311|[from] item: Leftovers\n|upkeep\n|turn|6\n|\n|t:|1781453020\n|switch|p2a: Spidops|Spidops, L96, F|271/271\n|move|p1a: Palossand|Shadow Ball|p2a: Spidops\n|-damage|p2a: Spidops|180/271\n|\n|-heal|p1a: Palossand|112/296|[from] item: Leftovers\n|upkeep\n|turn|7\n|\n|t:|1781453031\n|move|p2a: Spidops|Sticky Web|p1a: Palossand\n|-sidestart|p1: tundraa1549|move: Sticky Web\n|move|p1a: Palossand|Shore Up|p1a: Palossand\n|-heal|p1a: Palossand|260/296\n|\n|-heal|p1a: Palossand|278/296|[from] item: Leftovers\n|upkeep\n|turn|8\n|\n|t:|1781453040\n|move|p2a: Spidops|Knock Off|p1a: Palossand\n|-supereffective|p1a: Palossand\n|-damage|p1a: Palossand|164/296\n|-enditem|p1a: Palossand|Leftovers|[from] move: Knock Off|[of] p2a: Spidops\n|move|p1a: Palossand|Shadow Ball|p2a: Spidops\n|-damage|p2a: Spidops|99/271\n|\n|upkeep\n|turn|9\n|\n|t:|1781453053\n|switch|p2a: Dunsparce|Dunsparce, L86, F|312/312\n|-damage|p2a: Dunsparce|273/312|[from] Stealth Rock\n|move|p1a: Palossand|Shore Up|p1a: Palossand\n|-heal|p1a: Palossand|296/296\n|\n|upkeep\n|turn|10\n|\n|t:|1781453062\n|move|p2a: Dunsparce|Coil|p2a: Dunsparce\n|-boost|p2a: Dunsparce|atk|1\n|-boost|p2a: Dunsparce|def|1\n|-boost|p2a: Dunsparce|accuracy|1\n|move|p1a: Palossand|Earth Power|p2a: Dunsparce\n|-damage|p2a: Dunsparce|189/312\n|\n|upkeep\n|turn|11\n|\n|t:|1781453069\n|move|p2a: Dunsparce|Coil|p2a: Dunsparce\n|-boost|p2a: Dunsparce|atk|1\n|-boost|p2a: Dunsparce|def|1\n|-boost|p2a: Dunsparce|accuracy|1\n|move|p1a: Palossand|Earth Power|p2a: Dunsparce\n|-damage|p2a: Dunsparce|105/312\n|\n|upkeep\n|turn|12\n|\n|t:|1781453076\n|move|p2a: Dunsparce|Roost|p2a: Dunsparce\n|-heal|p2a: Dunsparce|261/312\n|-singleturn|p2a: Dunsparce|move: Roost\n|move|p1a: Palossand|Earth Power|p2a: Dunsparce\n|-damage|p2a: Dunsparce|165/312\n|\n|upkeep\n|turn|13\n|\n|t:|1781453083\n|move|p2a: Dunsparce|Roost|p2a: Dunsparce\n|-heal|p2a: Dunsparce|312/312\n|-singleturn|p2a: Dunsparce|move: Roost\n|move|p1a: Palossand|Earth Power|p2a: Dunsparce\n|-damage|p2a: Dunsparce|224/312\n|\n|upkeep\n|turn|14\n|\n|t:|1781453094\n|move|p2a: Dunsparce|Coil|p2a: Dunsparce\n|-boost|p2a: Dunsparce|atk|1\n|-boost|p2a: Dunsparce|def|1\n|-boost|p2a: Dunsparce|accuracy|1\n|move|p1a: Palossand|Earth Power|p2a: Dunsparce\n|-damage|p2a: Dunsparce|133/312\n|\n|upkeep\n|turn|15\n|\n|t:|1781453102\n|move|p2a: Dunsparce|Roost|p2a: Dunsparce\n|-heal|p2a: Dunsparce|289/312\n|-singleturn|p2a: Dunsparce|move: Roost\n|move|p1a: Palossand|Earth Power|p2a: Dunsparce\n|-damage|p2a: Dunsparce|205/312\n|\n|upkeep\n|turn|16\n|\n|t:|1781453113\n|move|p2a: Dunsparce|Coil|p2a: Dunsparce\n|-boost|p2a: Dunsparce|atk|1\n|-boost|p2a: Dunsparce|def|1\n|-boost|p2a: Dunsparce|accuracy|1\n|move|p1a: Palossand|Earth Power|p2a: Dunsparce\n|-damage|p2a: Dunsparce|117/312\n|\n|upkeep\n|turn|17\n|\n|t:|1781453120\n|move|p2a: Dunsparce|Roost|p2a: Dunsparce\n|-heal|p2a: Dunsparce|273/312\n|-singleturn|p2a: Dunsparce|move: Roost\n|move|p1a: Palossand|Earth Power|p2a: Dunsparce\n|-damage|p2a: Dunsparce|185/312\n|\n|upkeep\n|turn|18\n|\n|t:|1781453127\n|move|p2a: Dunsparce|Coil|p2a: Dunsparce\n|-boost|p2a: Dunsparce|atk|1\n|-boost|p2a: Dunsparce|def|1\n|-boost|p2a: Dunsparce|accuracy|1\n|move|p1a: Palossand|Earth Power|p2a: Dunsparce\n|-damage|p2a: Dunsparce|89/312\n|\n|upkeep\n|turn|19\n|\n|t:|1781453134\n|move|p2a: Dunsparce|Roost|p2a: Dunsparce\n|-heal|p2a: Dunsparce|245/312\n|-singleturn|p2a: Dunsparce|move: Roost\n|move|p1a: Palossand|Earth Power|p2a: Dunsparce\n|-damage|p2a: Dunsparce|154/312\n|\n|upkeep\n|turn|20\n|\n|t:|1781453141\n|move|p2a: Dunsparce|Roost|p2a: Dunsparce\n|-heal|p2a: Dunsparce|310/312\n|-singleturn|p2a: Dunsparce|move: Roost\n|move|p1a: Palossand|Earth Power|p2a: Dunsparce\n|-damage|p2a: Dunsparce|222/312\n|\n|upkeep\n|turn|21\n|\n|t:|1781453148\n|move|p2a: Dunsparce|Earthquake|p1a: Palossand\n|-damage|p1a: Palossand|125/296\n|move|p1a: Palossand|Earth Power|p2a: Dunsparce\n|-damage|p2a: Dunsparce|137/312\n|\n|upkeep\n|turn|22\n|\n|t:|1781453155\n|move|p2a: Dunsparce|Roost|p2a: Dunsparce\n|-heal|p2a: Dunsparce|293/312\n|-singleturn|p2a: Dunsparce|move: Roost\n|move|p1a: Palossand|Earth Power|p2a: Dunsparce\n|-damage|p2a: Dunsparce|205/312\n|\n|upkeep\n|turn|23\n|\n|t:|1781453162\n|move|p2a: Dunsparce|Earthquake|p1a: Palossand\n|-damage|p1a: Palossand|0 fnt\n|faint|p1a: Palossand\n|\n|upkeep\n|\n|t:|1781453176\n|switch|p1a: Tatsugiri|Tatsugiri, L87, F|260/260\n|turn|24\n|\n|t:|1781453186\n|move|p1a: Tatsugiri|Rapid Spin|p2a: Dunsparce\n|-crit|p2a: Dunsparce\n|-damage|p2a: Dunsparce|176/312\n|-boost|p1a: Tatsugiri|spe|1\n|-sideend|p1: tundraa1549|Sticky Web|[from] move: Rapid Spin|[of] p1a: Tatsugiri\n|move|p2a: Dunsparce|Body Slam|p1a: Tatsugiri\n|-damage|p1a: Tatsugiri|0 fnt\n|faint|p1a: Tatsugiri\n|\n|upkeep\n|\n|t:|1781453203\n|switch|p1a: Hippowdon|Hippowdon, L82, M|311/311\n|-weather|Sandstorm|[from] ability: Sand Stream|[of] p1a: Hippowdon\n|turn|25\n|\n|t:|1781453218\n|move|p2a: Dunsparce|Body Slam|p1a: Hippowdon\n|-damage|p1a: Hippowdon|98/311\n|-status|p1a: Hippowdon|par\n|cant|p1a: Hippowdon|par\n|\n|-weather|Sandstorm|[upkeep]\n|-damage|p2a: Dunsparce|157/312|[from] Sandstorm\n|-heal|p1a: Hippowdon|117/311 par|[from] item: Leftovers\n|upkeep\n|turn|26\n|\n|t:|1781453229\n|move|p2a: Dunsparce|Roost|p2a: Dunsparce\n|-heal|p2a: Dunsparce|312/312\n|-singleturn|p2a: Dunsparce|move: Roost\n|move|p1a: Hippowdon|Whirlwind|p2a: Dunsparce\n|drag|p2a: Swampert|Swampert, L83, F|302/302\n|-damage|p2a: Swampert|284/302|[from] Stealth Rock\n|\n|-weather|Sandstorm|[upkeep]\n|-heal|p2a: Swampert|302/302|[from] item: Leftovers\n|-heal|p1a: Hippowdon|136/311 par|[from] item: Leftovers\n|upkeep\n|turn|27\n|\n|t:|1781453242\n|move|p2a: Swampert|Knock Off|p1a: Hippowdon\n|-crit|p1a: Hippowdon\n|-damage|p1a: Hippowdon|46/311 par\n|-enditem|p1a: Hippowdon|Leftovers|[from] move: Knock Off|[of] p2a: Swampert\n|move|p1a: Hippowdon|Earthquake|p2a: Swampert\n|-damage|p2a: Swampert|196/302\n|\n|-weather|Sandstorm|[upkeep]\n|-heal|p2a: Swampert|214/302|[from] item: Leftovers\n|upkeep\n|turn|28\n|\n|t:|1781453252\n|move|p2a: Swampert|Flip Turn|p1a: Hippowdon\n|-supereffective|p1a: Hippowdon\n|-damage|p1a: Hippowdon|0 fnt\n|faint|p1a: Hippowdon\n|\n|t:|1781453260\n|switch|p2a: Spidops|Spidops, L96, F|99/271|[from] Flip Turn\n|\n|-weather|Sandstorm|[upkeep]\n|-damage|p2a: Spidops|83/271|[from] Sandstorm\n|upkeep\n|inactive|tundraa1549 has 120 seconds left.\n|\n|t:|1781453292\n|switch|p1a: Magnezone|Magnezone, L85|258/258\n|turn|29\n|\n|t:|1781453301\n|move|p1a: Magnezone|Iron Defense|p1a: Magnezone\n|-boost|p1a: Magnezone|def|2\n|move|p2a: Spidops|Knock Off|p1a: Magnezone\n|-damage|p1a: Magnezone|230/258\n|-enditem|p1a: Magnezone|Leftovers|[from] move: Knock Off|[of] p2a: Spidops\n|\n|-weather|none\n|upkeep\n|turn|30\n|inactive|tundraa1549 has 120 seconds left.\n|\n|t:|1781453326\n|move|p1a: Magnezone|Flash Cannon|p2a: Spidops\n|-damage|p2a: Spidops|0 fnt\n|faint|p2a: Spidops\n|\n|upkeep\n|\n|t:|1781453334\n|switch|p2a: Dunsparce|Dunsparce, L86, F|312/312\n|-damage|p2a: Dunsparce|273/312|[from] Stealth Rock\n|turn|31\n|\n|t:|1781453342\n|-terastallize|p1a: Magnezone|Fighting\n|-terastallize|p2a: Dunsparce|Ground\n|move|p1a: Magnezone|Body Press|p2a: Dunsparce\n|-damage|p2a: Dunsparce|108/312\n|move|p2a: Dunsparce|Earthquake|p1a: Magnezone\n|-damage|p1a: Magnezone|191/258\n|\n|upkeep\n|turn|32\n|\n|t:|1781453354\n|move|p1a: Magnezone|Body Press|p2a: Dunsparce\n|-damage|p2a: Dunsparce|0 fnt\n|faint|p2a: Dunsparce\n|\n|upkeep\n|\n|t:|1781453366\n|switch|p2a: Swampert|Swampert, L83, F|214/302\n|-damage|p2a: Swampert|196/302|[from] Stealth Rock\n|turn|33\n|inactive|tundraa1549 has 120 seconds left.\n|\n|t:|1781453393\n|move|p1a: Magnezone|Body Press|p2a: Swampert\n|-damage|p2a: Swampert|7/302\n|move|p2a: Swampert|Yawn|p1a: Magnezone\n|-start|p1a: Magnezone|move: Yawn|[of] p2a: Swampert\n|\n|-heal|p2a: Swampert|25/302|[from] item: Leftovers\n|upkeep\n|turn|34\n|inactive|tundraa1549 has 120 seconds left.\n|\n|t:|1781453409\n|move|p1a: Magnezone|Flash Cannon|p2a: Swampert\n|-resisted|p2a: Swampert\n|-damage|p2a: Swampert|0 fnt\n|faint|p2a: Swampert\n|\n|-end|p1a: Magnezone|move: Yawn|[silent]\n|-status|p1a: Magnezone|slp\n|upkeep\n|\n|t:|1781453422\n|switch|p2a: Tyranitar|Tyranitar, L78, M|284/284\n|-damage|p2a: Tyranitar|249/284|[from] Stealth Rock\n|-weather|Sandstorm|[from] ability: Sand Stream|[of] p2a: Tyranitar\n|turn|35\n|inactive|tundraa1549 has 120 seconds left.\n|\n|t:|1781453438\n|cant|p1a: Magnezone|slp\n|move|p2a: Tyranitar|Dragon Dance|p2a: Tyranitar\n|-boost|p2a: Tyranitar|atk|1\n|-boost|p2a: Tyranitar|spe|1\n|\n|-weather|Sandstorm|[upkeep]\n|-damage|p1a: Magnezone|175/258 slp|[from] Sandstorm\n|upkeep\n|turn|36\n|inactive|tundraa1549 has 120 seconds left.\n|\n|t:|1781453451\n|move|p2a: Tyranitar|Ice Punch|p1a: Magnezone\n|-damage|p1a: Magnezone|136/258 slp\n|-curestatus|p1a: Magnezone|slp|[msg]\n|move|p1a: Magnezone|Body Press|p2a: Tyranitar\n|-supereffective|p2a: Tyranitar\n|-damage|p2a: Tyranitar|0 fnt\n|faint|p2a: Tyranitar\n|\n|-weather|Sandstorm|[upkeep]\n|-damage|p1a: Magnezone|120/258|[from] Sandstorm\n|upkeep\n|\n|t:|1781453457\n|switch|p2a: Passimian|Passimian, L83, F|302/302\n|-damage|p2a: Passimian|284/302|[from] Stealth Rock\n|turn|37\n|\n|t:|1781453466\n|move|p2a: Passimian|Gunk Shot|p1a: Magnezone\n|-damage|p1a: Magnezone|82/258\n|-status|p1a: Magnezone|psn\n|move|p1a: Magnezone|Body Press|p2a: Passimian\n|-damage|p2a: Passimian|7/302\n|\n|-weather|Sandstorm|[upkeep]\n|-damage|p2a: Passimian|0 fnt|[from] Sandstorm\n|-damage|p1a: Magnezone|66/258 psn|[from] Sandstorm\n|faint|p2a: Passimian\n|-damage|p1a: Magnezone|34/258 psn|[from] psn\n|upkeep\n|\n|t:|1781453473\n|switch|p2a: Hippowdon|Hippowdon, L82, M|60/311\n|-damage|p2a: Hippowdon|41/311|[from] Stealth Rock\n|turn|38\n|inactive|tundraa1549 has 120 seconds left.\n|\n|t:|1781453505\n|move|p1a: Magnezone|Body Press|p2a: Hippowdon\n|-damage|p2a: Hippowdon|0 fnt\n|faint|p2a: Hippowdon\n|\n|win|tundraa1549\n|raw|tundraa1549's rating: 1378 &rarr; <strong>1397</strong><br />(+19 for winning)\n|raw|hehehe21's rating: 1369 &rarr; <strong>1350</strong><br />(-19 for losing)\n|l|\u2606hehehe21\n|player|p2|\n|l|\u2606tundraa1549\n|player|p1|\n|j|\u2606tundraa1549\n|player|p1|tundraa1549|2|\n", "uploadtime": 1781453514, "views": 2, "formatid": "gen9randombattle", "rating": 1350, "private": 0, "password": null}