{"id": "gen9randombattle-2631493069", "format": "[Gen 9] Random Battle", "players": ["Sacred Kyrie", "feraligatr08"], "log": "|j|\u2606Sacred Kyrie\n|j|\u2606feraligatr08\n|t:|1781392000\n|gametype|singles\n|player|p1|Sacred Kyrie|iris-gen5bw2|2117\n|player|p2|feraligatr08|colress|2136\n|gen|9\n|tier|[Gen 9] Random Battle\n|rated|\n|rule|Species Clause: Limit one of each Pok\u00e9mon\n|rule|HP Percentage Mod: HP is shown in percentages\n|rule|Sleep Clause Mod: Limit one foe put to sleep\n|rule|Illusion Level Mod: Illusion disguises the Pok\u00e9mon's true level\n|\n|t:|1781392000\n|teamsize|p1|6\n|teamsize|p2|6\n|start\n|switch|p1a: Meloetta|Meloetta, L82|298/298\n|switch|p2a: Latios|Latios, L78, M|253/253\n|turn|1\n|\n|t:|1781392044\n|move|p2a: Latios|Draco Meteor|p1a: Meloetta\n|-damage|p1a: Meloetta|115/298\n|-unboost|p2a: Latios|spa|2\n|move|p1a: Meloetta|U-turn|p2a: Latios\n|-supereffective|p2a: Latios\n|-damage|p2a: Latios|157/253\n|\n|t:|1781392050\n|switch|p1a: Zacian|Zacian-Crowned, L64|225/225|[from] U-turn\n|-ability|p1a: Zacian|Intrepid Sword|boost\n|-boost|p1a: Zacian|atk|1\n|\n|upkeep\n|turn|2\n|inactive|Battle timer is ON: inactive players will automatically lose when time's up. (requested by Sacred Kyrie)\n|\n|t:|1781392085\n|switch|p2a: Perrserker|Perrserker, L89, M|269/269\n|move|p1a: Zacian|Swords Dance|p1a: Zacian\n|-boost|p1a: Zacian|atk|2\n|\n|upkeep\n|turn|3\n|inactive|feraligatr08 has 120 seconds left.\n|\n|t:|1781392117\n|-terastallize|p2a: Perrserker|Fighting\n|move|p1a: Zacian|Close Combat|p2a: Perrserker\n|-damage|p2a: Perrserker|115/269\n|-unboost|p1a: Zacian|def|1\n|-unboost|p1a: Zacian|spd|1\n|move|p2a: Perrserker|Close Combat|p1a: Zacian\n|-damage|p1a: Zacian|0 fnt\n|-unboost|p2a: Perrserker|def|1\n|-unboost|p2a: Perrserker|spd|1\n|faint|p1a: Zacian\n|-damage|p2a: Perrserker|89/269|[from] item: Life Orb\n|\n|upkeep\n|\n|t:|1781392127\n|switch|p1a: Primarina|Primarina, L83, F|268/268\n|turn|4\n|inactive|feraligatr08 has 120 seconds left.\n|\n|t:|1781392151\n|move|p1a: Primarina|Psychic Noise|p2a: Perrserker\n|-damage|p2a: Perrserker|0 fnt\n|faint|p2a: Perrserker\n|\n|upkeep\n|inactive|feraligatr08 has 90 seconds left.\n|\n|t:|1781392184\n|switch|p2a: Girafarig|Girafarig, L89, M|269/269\n|turn|5\n|\n|t:|1781392200\n|switch|p1a: Dipplin|Dipplin, L88, M|284/284\n|move|p2a: Girafarig|Nasty Plot|p2a: Girafarig\n|-boost|p2a: Girafarig|spa|2\n|\n|upkeep\n|turn|6\n|\n|t:|1781392213\n|move|p2a: Girafarig|Hyper Voice|p1a: Dipplin\n|-damage|p1a: Dipplin|154/284\n|move|p1a: Dipplin|Dragon Tail|p2a: Girafarig\n|-crit|p2a: Girafarig\n|-damage|p2a: Girafarig|193/269\n|drag|p2a: Wigglytuff|Wigglytuff, L96, F|424/424\n|\n|upkeep\n|turn|7\n|\n|t:|1781392229\n|move|p2a: Wigglytuff|Dazzling Gleam|p1a: Dipplin\n|-supereffective|p1a: Dipplin\n|-crit|p1a: Dipplin\n|-damage|p1a: Dipplin|0 fnt\n|faint|p1a: Dipplin\n|\n|upkeep\n|\n|t:|1781392236\n|switch|p1a: Dunsparce|Dunsparce, L86, F|312/312\n|turn|8\n|\n|t:|1781392240\n|move|p2a: Wigglytuff|Thunder Wave|p1a: Dunsparce\n|-status|p1a: Dunsparce|par\n|cant|p1a: Dunsparce|par\n|\n|upkeep\n|turn|9\n|\n|t:|1781392250\n|move|p2a: Wigglytuff|Dazzling Gleam|p1a: Dunsparce\n|-damage|p1a: Dunsparce|228/312 par\n|move|p1a: Dunsparce|Body Slam|p2a: Wigglytuff\n|-damage|p2a: Wigglytuff|321/424\n|-status|p2a: Wigglytuff|par\n|\n|-heal|p2a: Wigglytuff|347/424 par|[from] item: Leftovers\n|upkeep\n|turn|10\n|\n|t:|1781392253\n|switch|p2a: Crabominable|Crabominable, L90, F|321/321\n|move|p1a: Dunsparce|Coil|p1a: Dunsparce\n|-boost|p1a: Dunsparce|atk|1\n|-boost|p1a: Dunsparce|def|1\n|-boost|p1a: Dunsparce|accuracy|1\n|\n|upkeep\n|turn|11\n|\n|t:|1781392261\n|move|p2a: Crabominable|Knock Off|p1a: Dunsparce\n|-damage|p1a: Dunsparce|153/312 par\n|-enditem|p1a: Dunsparce|Eviolite|[from] move: Knock Off|[of] p2a: Crabominable\n|cant|p1a: Dunsparce|par\n|\n|upkeep\n|turn|12\n|inactive|feraligatr08 has 120 seconds left.\n|inactive|feraligatr08 has 90 seconds left.\n|\n|t:|1781392317\n|switch|p2a: Wigglytuff|Wigglytuff, L96, F|347/424 par\n|move|p1a: Dunsparce|Body Slam|p2a: Wigglytuff\n|-damage|p2a: Wigglytuff|185/424 par\n|\n|-heal|p2a: Wigglytuff|211/424 par|[from] item: Leftovers\n|upkeep\n|turn|13\n|\n|t:|1781392325\n|move|p2a: Wigglytuff|Wish|p2a: Wigglytuff\n|move|p1a: Dunsparce|Roost|p1a: Dunsparce\n|-heal|p1a: Dunsparce|309/312 par\n|-singleturn|p1a: Dunsparce|move: Roost\n|\n|-heal|p2a: Wigglytuff|237/424 par|[from] item: Leftovers\n|upkeep\n|turn|14\n|inactive|feraligatr08 has 90 seconds left.\n|\n|t:|1781392340\n|move|p2a: Wigglytuff|Dazzling Gleam|p1a: Dunsparce\n|-damage|p1a: Dunsparce|177/312 par\n|move|p1a: Dunsparce|Body Slam|p2a: Wigglytuff\n|-damage|p2a: Wigglytuff|81/424 par\n|\n|-heal|p2a: Wigglytuff|293/424 par|[from] move: Wish|[wisher] Wigglytuff\n|-heal|p2a: Wigglytuff|319/424 par|[from] item: Leftovers\n|upkeep\n|turn|15\n|\n|t:|1781392344\n|cant|p2a: Wigglytuff|par\n|move|p1a: Dunsparce|Roost|p1a: Dunsparce\n|-heal|p1a: Dunsparce|312/312 par\n|-singleturn|p1a: Dunsparce|move: Roost\n|\n|-heal|p2a: Wigglytuff|345/424 par|[from] item: Leftovers\n|upkeep\n|turn|16\n|\n|t:|1781392348\n|cant|p2a: Wigglytuff|par\n|move|p1a: Dunsparce|Body Slam|p2a: Wigglytuff\n|-damage|p2a: Wigglytuff|177/424 par\n|\n|-heal|p2a: Wigglytuff|203/424 par|[from] item: Leftovers\n|upkeep\n|turn|17\n|\n|t:|1781392356\n|move|p2a: Wigglytuff|Dazzling Gleam|p1a: Dunsparce\n|-damage|p1a: Dunsparce|186/312 par\n|move|p1a: Dunsparce|Body Slam|p2a: Wigglytuff\n|-damage|p2a: Wigglytuff|38/424 par\n|\n|-heal|p2a: Wigglytuff|64/424 par|[from] item: Leftovers\n|upkeep\n|turn|18\n|\n|t:|1781392368\n|move|p2a: Wigglytuff|Dazzling Gleam|p1a: Dunsparce\n|-damage|p1a: Dunsparce|66/312 par\n|move|p1a: Dunsparce|Roost|p1a: Dunsparce\n|-heal|p1a: Dunsparce|222/312 par\n|-singleturn|p1a: Dunsparce|move: Roost\n|\n|-heal|p2a: Wigglytuff|90/424 par|[from] item: Leftovers\n|upkeep\n|turn|19\n|\n|t:|1781392394\n|cant|p2a: Wigglytuff|par\n|move|p1a: Dunsparce|Body Slam|p2a: Wigglytuff\n|-crit|p2a: Wigglytuff\n|-damage|p2a: Wigglytuff|0 fnt\n|faint|p2a: Wigglytuff\n|\n|upkeep\n|\n|t:|1781392400\n|switch|p2a: Crabominable|Crabominable, L90, F|321/321\n|turn|20\n|\n|t:|1781392408\n|move|p2a: Crabominable|Drain Punch|p1a: Dunsparce\n|-supereffective|p1a: Dunsparce\n|-damage|p1a: Dunsparce|0 fnt\n|faint|p1a: Dunsparce\n|\n|upkeep\n|\n|t:|1781392416\n|switch|p1a: Primarina|Primarina, L83, F|268/268\n|turn|21\n|\n|t:|1781392422\n|switch|p2a: Fezandipiti|Fezandipiti, L82, M|278/278\n|move|p1a: Primarina|Calm Mind|p1a: Primarina\n|-boost|p1a: Primarina|spa|1\n|-boost|p1a: Primarina|spd|1\n|\n|upkeep\n|turn|22\n|\n|t:|1781392434\n|switch|p1a: Meloetta|Meloetta, L82|115/298\n|move|p2a: Fezandipiti|Gunk Shot|p1a: Meloetta\n|-damage|p1a: Meloetta|0 fnt\n|faint|p1a: Meloetta\n|\n|upkeep\n|\n|t:|1781392437\n|switch|p1a: Eelektross|Eelektross, L87, M|290/290\n|turn|23\n|inactive|feraligatr08 has 120 seconds left.\n|\n|t:|1781392475\n|move|p2a: Fezandipiti|Gunk Shot|p1a: Eelektross\n|-damage|p1a: Eelektross|166/290\n|-status|p1a: Eelektross|tox|[from] ability: Toxic Chain|[of] p2a: Fezandipiti\n|move|p1a: Eelektross|Coil|p1a: Eelektross\n|-boost|p1a: Eelektross|atk|1\n|-boost|p1a: Eelektross|def|1\n|-boost|p1a: Eelektross|accuracy|1\n|\n|-heal|p1a: Eelektross|184/290 tox|[from] item: Leftovers\n|-damage|p1a: Eelektross|166/290 tox|[from] psn\n|upkeep\n|turn|24\n|\n|t:|1781392482\n|move|p2a: Fezandipiti|Moonblast|p1a: Eelektross\n|-damage|p1a: Eelektross|91/290 tox\n|move|p1a: Eelektross|Supercell Slam|p2a: Fezandipiti\n|-damage|p2a: Fezandipiti|65/278\n|\n|-heal|p2a: Fezandipiti|82/278|[from] item: Leftovers\n|-heal|p1a: Eelektross|109/290 tox|[from] item: Leftovers\n|-damage|p1a: Eelektross|73/290 tox|[from] psn\n|upkeep\n|turn|25\n|\n|t:|1781392496\n|move|p2a: Fezandipiti|U-turn|p1a: Eelektross\n|-damage|p1a: Eelektross|44/290 tox\n|\n|t:|1781392497\n|switch|p2a: Latios|Latios, L78, M|157/253|[from] U-turn\n|move|p1a: Eelektross|Supercell Slam|p2a: Latios\n|-resisted|p2a: Latios\n|-damage|p2a: Latios|47/253\n|\n|-heal|p1a: Eelektross|62/290 tox|[from] item: Leftovers\n|-damage|p1a: Eelektross|8/290 tox|[from] psn\n|upkeep\n|turn|26\n|\n|t:|1781392503\n|move|p2a: Latios|Luster Purge|p1a: Eelektross\n|-damage|p1a: Eelektross|0 fnt\n|faint|p1a: Eelektross\n|\n|upkeep\n|\n|t:|1781392505\n|switch|p1a: Primarina|Primarina, L83, F|268/268\n|turn|27\n|\n|t:|1781392532\n|move|p2a: Latios|Luster Purge|p1a: Primarina\n|-damage|p1a: Primarina|126/268\n|move|p1a: Primarina|Calm Mind|p1a: Primarina\n|-boost|p1a: Primarina|spa|1\n|-boost|p1a: Primarina|spd|1\n|\n|-heal|p1a: Primarina|142/268|[from] item: Leftovers\n|upkeep\n|turn|28\n|\n|t:|1781392538\n|move|p2a: Latios|Luster Purge|p1a: Primarina\n|-damage|p1a: Primarina|58/268\n|move|p1a: Primarina|Draining Kiss|p2a: Latios\n|-supereffective|p2a: Latios\n|-damage|p2a: Latios|0 fnt\n|-heal|p1a: Primarina|93/268|[from] drain|[of] p2a: Latios\n|faint|p2a: Latios\n|\n|-heal|p1a: Primarina|109/268|[from] item: Leftovers\n|upkeep\n|\n|t:|1781392540\n|switch|p2a: Fezandipiti|Fezandipiti, L82, M|82/278\n|turn|29\n|\n|t:|1781392546\n|move|p2a: Fezandipiti|Gunk Shot|p1a: Primarina\n|-supereffective|p1a: Primarina\n|-damage|p1a: Primarina|0 fnt\n|faint|p1a: Primarina\n|\n|win|feraligatr08\n|raw|Sacred Kyrie's rating: 2117 &rarr; <strong>2098</strong><br />(-19 for losing)\n|raw|feraligatr08's rating: 2136 &rarr; <strong>2155</strong><br />(+19 for winning)\n|l|\u2606Sacred Kyrie\n|player|p1|\n", "uploadtime": 1781392002, "views": 8, "formatid": "gen9randombattle", "rating": 2098, "private": 0, "password": null}