{"id": "gen9randombattle-2631483232", "format": "[Gen 9] Random Battle", "players": ["SattleBimulator", "623623p"], "log": "|j|\u2606SattleBimulator\n|j|\u2606623623p\n|t:|1781390665\n|gametype|singles\n|player|p1|SattleBimulator|266|2002\n|player|p2|623623p|iris|2001\n|gen|9\n|tier|[Gen 9] Random Battle\n|rated|\n|rule|Species Clause: Limit one of each Pok\u00e9mon\n|rule|HP Percentage Mod: HP is shown in percentages\n|rule|Sleep Clause Mod: Limit one foe put to sleep\n|rule|Illusion Level Mod: Illusion disguises the Pok\u00e9mon's true level\n|\n|t:|1781390665\n|teamsize|p1|6\n|teamsize|p2|6\n|start\n|switch|p1a: Hoopa|Hoopa, L85|275/275\n|switch|p2a: Dunsparce|Dunsparce, L86, F|312/312\n|turn|1\n|inactive|Battle timer is ON: inactive players will automatically lose when time's up. (requested by SattleBimulator)\n|\n|t:|1781390683\n|switch|p2a: Gyarados|Gyarados, L79, F|280/280\n|move|p1a: Hoopa|Trick|p2a: Gyarados\n|-activate|p1a: Hoopa|move: Trick|[of] p2a: Gyarados\n|-item|p2a: Gyarados|Choice Scarf|[from] move: Trick\n|-item|p1a: Hoopa|Heavy-Duty Boots|[from] move: Trick\n|\n|upkeep\n|turn|2\n|\n|t:|1781390693\n|switch|p2a: Komala|Komala, L88, F|258/258\n|-ability|p2a: Komala|Comatose\n|switch|p1a: Calyrex|Calyrex, L93|337/337\n|-ability|p1a: Calyrex|Unnerve\n|\n|upkeep\n|turn|3\n|\n|t:|1781390700\n|move|p1a: Calyrex|Calm Mind|p1a: Calyrex\n|-boost|p1a: Calyrex|spa|1\n|-boost|p1a: Calyrex|spd|1\n|move|p2a: Komala|Knock Off|p1a: Calyrex\n|-supereffective|p1a: Calyrex\n|-damage|p1a: Calyrex|167/337\n|-enditem|p1a: Calyrex|Leftovers|[from] move: Knock Off|[of] p2a: Komala\n|\n|upkeep\n|turn|4\n|\n|t:|1781390706\n|move|p1a: Calyrex|Encore|p2a: Komala\n|-start|p2a: Komala|Encore\n|move|p2a: Komala|Knock Off|p1a: Calyrex\n|-supereffective|p1a: Calyrex\n|-damage|p1a: Calyrex|47/337\n|\n|upkeep\n|turn|5\n|\n|t:|1781390712\n|switch|p1a: Virizion|Virizion, L82|283/283\n|move|p2a: Komala|Knock Off|p1a: Virizion\n|-resisted|p1a: Virizion\n|-damage|p1a: Virizion|230/283\n|-ability|p1a: Virizion|Justified|boost\n|-boost|p1a: Virizion|atk|1\n|-enditem|p1a: Virizion|Life Orb|[from] move: Knock Off|[of] p2a: Komala\n|\n|upkeep\n|turn|6\n|\n|t:|1781390738\n|switch|p2a: Gyarados|Gyarados, L79, F|280/280\n|move|p1a: Virizion|Swords Dance|p1a: Virizion\n|-boost|p1a: Virizion|atk|2\n|\n|upkeep\n|turn|7\n|\n|t:|1781390747\n|-terastallize|p1a: Virizion|Rock\n|move|p2a: Gyarados|Temper Flare|p1a: Virizion\n|-resisted|p1a: Virizion\n|-damage|p1a: Virizion|194/283\n|move|p1a: Virizion|Leaf Blade|p2a: Gyarados\n|-damage|p2a: Gyarados|31/280\n|\n|upkeep\n|turn|8\n|inactive|623623p has 120 seconds left.\n|inactive|623623p has 90 seconds left.\n|\n|t:|1781390825\n|switch|p2a: Baxcalibur|Baxcalibur, L75, F|295/295\n|move|p1a: Virizion|Leaf Blade|p2a: Baxcalibur\n|-resisted|p2a: Baxcalibur\n|-damage|p2a: Baxcalibur|187/295\n|\n|upkeep\n|turn|9\n|\n|t:|1781390831\n|move|p1a: Virizion|Close Combat|p2a: Baxcalibur\n|-supereffective|p2a: Baxcalibur\n|-damage|p2a: Baxcalibur|0 fnt\n|-unboost|p1a: Virizion|def|1\n|-unboost|p1a: Virizion|spd|1\n|faint|p2a: Baxcalibur\n|\n|upkeep\n|\n|t:|1781390833\n|switch|p2a: Gyarados|Gyarados, L79, F|31/280\n|turn|10\n|\n|t:|1781390837\n|switch|p1a: Alomomola|Alomomola, L87, M|429/429\n|move|p2a: Gyarados|Waterfall|p1a: Alomomola\n|-resisted|p1a: Alomomola\n|-damage|p1a: Alomomola|386/429\n|\n|-heal|p1a: Alomomola|412/429|[from] item: Leftovers\n|upkeep\n|turn|11\n|\n|t:|1781390842\n|switch|p2a: Spidops|Spidops, L96, F|271/271\n|move|p1a: Alomomola|Flip Turn|p2a: Spidops\n|-damage|p2a: Spidops|222/271\n|\n|t:|1781390852\n|switch|p1a: Virizion|Virizion, L82, tera:Rock|194/283|[from] Flip Turn\n|\n|upkeep\n|turn|12\n|\n|t:|1781390857\n|move|p1a: Virizion|Stone Edge|p2a: Spidops\n|-supereffective|p2a: Spidops\n|-damage|p2a: Spidops|70/271\n|move|p2a: Spidops|Sticky Web|p1a: Virizion\n|-sidestart|p1: SattleBimulator|move: Sticky Web\n|\n|upkeep\n|turn|13\n|\n|t:|1781390868\n|move|p1a: Virizion|Close Combat|p2a: Spidops\n|-resisted|p2a: Spidops\n|-damage|p2a: Spidops|22/271\n|-unboost|p1a: Virizion|def|1\n|-unboost|p1a: Virizion|spd|1\n|move|p2a: Spidops|Spikes|p1a: Virizion\n|-sidestart|p1: SattleBimulator|Spikes\n|\n|upkeep\n|turn|14\n|\n|t:|1781390872\n|move|p1a: Virizion|Leaf Blade|p2a: Spidops\n|-resisted|p2a: Spidops\n|-damage|p2a: Spidops|0 fnt\n|faint|p2a: Spidops\n|\n|upkeep\n|\n|t:|1781390874\n|switch|p2a: Gyarados|Gyarados, L79, F|31/280\n|turn|15\n|\n|t:|1781390878\n|switch|p1a: Alomomola|Alomomola, L87, M|429/429\n|-activate|p1a: Alomomola|move: Sticky Web\n|-unboost|p1a: Alomomola|spe|1\n|-damage|p1a: Alomomola|376/429|[from] Spikes\n|move|p2a: Gyarados|Waterfall|p1a: Alomomola\n|-resisted|p1a: Alomomola\n|-damage|p1a: Alomomola|328/429\n|\n|-heal|p1a: Alomomola|354/429|[from] item: Leftovers\n|upkeep\n|turn|16\n|\n|t:|1781390887\n|move|p2a: Gyarados|Waterfall|p1a: Alomomola\n|-resisted|p1a: Alomomola\n|-damage|p1a: Alomomola|305/429\n|move|p1a: Alomomola|Flip Turn|p2a: Gyarados\n|-resisted|p2a: Gyarados\n|-damage|p2a: Gyarados|0 fnt\n|faint|p2a: Gyarados\n|\n|t:|1781390891\n|switch|p1a: Zamazenta|Zamazenta-Crowned, L68|238/238|[from] Flip Turn\n|-activate|p1a: Zamazenta|move: Sticky Web\n|-unboost|p1a: Zamazenta|spe|1\n|-damage|p1a: Zamazenta|209/238|[from] Spikes\n|-ability|p1a: Zamazenta|Dauntless Shield|boost\n|-boost|p1a: Zamazenta|def|1\n|\n|upkeep\n|\n|t:|1781390901\n|switch|p2a: Hypno|Hypno, L95, M|315/315\n|turn|17\n|\n|t:|1781390915\n|move|p2a: Hypno|Psychic Noise|p1a: Zamazenta\n|-damage|p1a: Zamazenta|137/238\n|-start|p1a: Zamazenta|move: Heal Block\n|move|p1a: Zamazenta|Heavy Slam|p2a: Hypno\n|-damage|p2a: Hypno|212/315\n|\n|-heal|p2a: Hypno|231/315|[from] item: Leftovers\n|upkeep\n|turn|18\n|\n|t:|1781390923\n|switch|p1a: Calyrex|Calyrex, L93|47/337\n|-ability|p1a: Calyrex|Unnerve\n|-activate|p1a: Calyrex|move: Sticky Web\n|-unboost|p1a: Calyrex|spe|1\n|-damage|p1a: Calyrex|5/337|[from] Spikes\n|move|p2a: Hypno|Protect||[still]\n|-fail|p2a: Hypno\n|\n|-heal|p2a: Hypno|250/315|[from] item: Leftovers\n|upkeep\n|turn|19\n|\n|t:|1781390927\n|move|p2a: Hypno|Psychic Noise|p1a: Calyrex\n|-resisted|p1a: Calyrex\n|-damage|p1a: Calyrex|0 fnt\n|faint|p1a: Calyrex\n|\n|-heal|p2a: Hypno|269/315|[from] item: Leftovers\n|upkeep\n|\n|t:|1781390939\n|switch|p1a: Alomomola|Alomomola, L87, M|429/429\n|-activate|p1a: Alomomola|move: Sticky Web\n|-unboost|p1a: Alomomola|spe|1\n|-damage|p1a: Alomomola|376/429|[from] Spikes\n|turn|20\n|\n|t:|1781390945\n|move|p2a: Hypno|Psychic Noise|p1a: Alomomola\n|-crit|p1a: Alomomola\n|-damage|p1a: Alomomola|183/429\n|-start|p1a: Alomomola|move: Heal Block\n|move|p1a: Alomomola|Scald|p2a: Hypno\n|-damage|p2a: Hypno|233/315\n|\n|-heal|p2a: Hypno|252/315|[from] item: Leftovers\n|upkeep\n|turn|21\n|\n|t:|1781390952\n|move|p1a: Alomomola|Protect|p1a: Alomomola\n|-singleturn|p1a: Alomomola|Protect\n|move|p2a: Hypno|Toxic|p1a: Alomomola\n|-activate|p1a: Alomomola|move: Protect\n|\n|-heal|p2a: Hypno|271/315|[from] item: Leftovers\n|-end|p1a: Alomomola|move: Heal Block\n|upkeep\n|turn|22\n|\n|t:|1781390955\n|move|p2a: Hypno|Psychic Noise|p1a: Alomomola\n|-damage|p1a: Alomomola|48/429\n|-start|p1a: Alomomola|move: Heal Block\n|move|p1a: Alomomola|Flip Turn|p2a: Hypno\n|-damage|p2a: Hypno|214/315\n|\n|t:|1781390959\n|switch|p1a: Virizion|Virizion, L82, tera:Rock|194/283|[from] Flip Turn\n|-activate|p1a: Virizion|move: Sticky Web\n|-unboost|p1a: Virizion|spe|1\n|-damage|p1a: Virizion|159/283|[from] Spikes\n|\n|-heal|p2a: Hypno|233/315|[from] item: Leftovers\n|upkeep\n|turn|23\n|\n|t:|1781390969\n|move|p2a: Hypno|Focus Blast|p1a: Virizion\n|-supereffective|p1a: Virizion\n|-damage|p1a: Virizion|33/283\n|-unboost|p1a: Virizion|spd|1\n|move|p1a: Virizion|Leaf Blade|p2a: Hypno\n|-damage|p2a: Hypno|136/315\n|\n|-heal|p2a: Hypno|155/315|[from] item: Leftovers\n|upkeep\n|turn|24\n|\n|t:|1781390976\n|move|p2a: Hypno|Protect|p2a: Hypno\n|-singleturn|p2a: Hypno|Protect\n|move|p1a: Virizion|Leaf Blade|p2a: Hypno\n|-activate|p2a: Hypno|move: Protect\n|\n|-heal|p2a: Hypno|174/315|[from] item: Leftovers\n|upkeep\n|turn|25\n|\n|t:|1781390978\n|move|p2a: Hypno|Psychic Noise|p1a: Virizion\n|-damage|p1a: Virizion|0 fnt\n|faint|p1a: Virizion\n|\n|-heal|p2a: Hypno|193/315|[from] item: Leftovers\n|upkeep\n|\n|t:|1781390980\n|switch|p1a: Alomomola|Alomomola, L87, M|191/429\n|-activate|p1a: Alomomola|move: Sticky Web\n|-unboost|p1a: Alomomola|spe|1\n|-damage|p1a: Alomomola|138/429|[from] Spikes\n|turn|26\n|\n|t:|1781390983\n|switch|p1a: Hoopa|Hoopa, L85|275/275\n|move|p2a: Hypno|Psychic Noise|p1a: Hoopa\n|-resisted|p1a: Hoopa\n|-damage|p1a: Hoopa|245/275\n|-start|p1a: Hoopa|move: Heal Block\n|\n|-heal|p2a: Hypno|212/315|[from] item: Leftovers\n|upkeep\n|turn|27\n|\n|t:|1781390992\n|move|p2a: Hypno|Protect|p2a: Hypno\n|-singleturn|p2a: Hypno|Protect\n|move|p1a: Hoopa|Trick|p2a: Hypno\n|-activate|p2a: Hypno|move: Protect\n|\n|-heal|p2a: Hypno|231/315|[from] item: Leftovers\n|-end|p1a: Hoopa|move: Heal Block\n|upkeep\n|turn|28\n|\n|t:|1781391008\n|switch|p2a: Komala|Komala, L88, F|258/258\n|-ability|p2a: Komala|Comatose\n|move|p1a: Hoopa|Focus Blast|p2a: Komala|[miss]\n|-miss|p1a: Hoopa|p2a: Komala\n|\n|upkeep\n|turn|29\n|\n|t:|1781391021\n|switch|p1a: Alomomola|Alomomola, L87, M|281/429\n|-activate|p1a: Alomomola|move: Sticky Web\n|-unboost|p1a: Alomomola|spe|1\n|-damage|p1a: Alomomola|228/429|[from] Spikes\n|move|p2a: Komala|Earthquake|p1a: Alomomola\n|-damage|p1a: Alomomola|140/429\n|\n|-heal|p1a: Alomomola|166/429|[from] item: Leftovers\n|upkeep\n|turn|30\n|\n|t:|1781391028\n|move|p2a: Komala|Knock Off|p1a: Alomomola\n|-damage|p1a: Alomomola|79/429\n|-enditem|p1a: Alomomola|Leftovers|[from] move: Knock Off|[of] p2a: Komala\n|move|p1a: Alomomola|Wish|p1a: Alomomola\n|\n|upkeep\n|turn|31\n|\n|t:|1781391036\n|switch|p2a: Hypno|Hypno, L95, M|231/315\n|move|p1a: Alomomola|Protect||[still]\n|-fail|p1a: Alomomola\n|\n|-heal|p1a: Alomomola|293/429|[from] move: Wish|[wisher] Alomomola\n|-heal|p2a: Hypno|250/315|[from] item: Leftovers\n|upkeep\n|turn|32\n|\n|t:|1781391043\n|move|p2a: Hypno|Toxic|p1a: Alomomola\n|-status|p1a: Alomomola|tox\n|move|p1a: Alomomola|Flip Turn|p2a: Hypno\n|-damage|p2a: Hypno|192/315\n|\n|t:|1781391045\n|switch|p1a: Hoopa|Hoopa, L85|245/275|[from] Flip Turn\n|\n|-heal|p2a: Hypno|211/315|[from] item: Leftovers\n|upkeep\n|turn|33\n|\n|t:|1781391057\n|switch|p2a: Komala|Komala, L88, F|258/258\n|-ability|p2a: Komala|Comatose\n|move|p1a: Hoopa|Shadow Ball|p2a: Komala\n|-immune|p2a: Komala\n|\n|upkeep\n|turn|34\n|\n|t:|1781391067\n|switch|p1a: Alomomola|Alomomola, L87, M|429/429 tox\n|-activate|p1a: Alomomola|move: Sticky Web\n|-unboost|p1a: Alomomola|spe|1\n|-damage|p1a: Alomomola|376/429 tox|[from] Spikes\n|move|p2a: Komala|Knock Off|p1a: Alomomola\n|-damage|p1a: Alomomola|318/429 tox\n|\n|-damage|p1a: Alomomola|292/429 tox|[from] psn\n|upkeep\n|turn|35\n|\n|t:|1781391080\n|move|p2a: Komala|Body Slam|p1a: Alomomola\n|-damage|p1a: Alomomola|163/429 tox\n|move|p1a: Alomomola|Wish|p1a: Alomomola\n|\n|-damage|p1a: Alomomola|111/429 tox|[from] psn\n|upkeep\n|turn|36\n|\n|t:|1781391094\n|switch|p1a: Zamazenta|Zamazenta-Crowned, L68|137/238\n|-activate|p1a: Zamazenta|move: Sticky Web\n|-unboost|p1a: Zamazenta|spe|1\n|-damage|p1a: Zamazenta|108/238|[from] Spikes\n|move|p2a: Komala|Body Slam|p1a: Zamazenta\n|-resisted|p1a: Zamazenta\n|-damage|p1a: Zamazenta|57/238\n|-status|p1a: Zamazenta|par\n|\n|-heal|p1a: Zamazenta|238/238 par|[from] move: Wish|[wisher] Alomomola\n|upkeep\n|turn|37\n|\n|t:|1781391115\n|switch|p2a: Hypno|Hypno, L95, M|211/315\n|cant|p1a: Zamazenta|par\n|\n|-heal|p2a: Hypno|230/315|[from] item: Leftovers\n|upkeep\n|turn|38\n|\n|t:|1781391125\n|move|p2a: Hypno|Psychic Noise|p1a: Zamazenta\n|-damage|p1a: Zamazenta|160/238 par\n|-start|p1a: Zamazenta|move: Heal Block\n|cant|p1a: Zamazenta|par\n|\n|-heal|p2a: Hypno|249/315|[from] item: Leftovers\n|upkeep\n|turn|39\n|\n|t:|1781391131\n|switch|p1a: Alomomola|Alomomola, L87, M|254/429 tox\n|-activate|p1a: Alomomola|move: Sticky Web\n|-unboost|p1a: Alomomola|spe|1\n|-damage|p1a: Alomomola|201/429 tox|[from] Spikes\n|move|p2a: Hypno|Protect||[still]\n|-fail|p2a: Hypno\n|\n|-heal|p2a: Hypno|268/315|[from] item: Leftovers\n|-damage|p1a: Alomomola|175/429 tox|[from] psn\n|upkeep\n|turn|40\n|\n|t:|1781391134\n|move|p2a: Hypno|Psychic Noise|p1a: Alomomola\n|-damage|p1a: Alomomola|52/429 tox\n|-start|p1a: Alomomola|move: Heal Block\n|move|p1a: Alomomola|Flip Turn|p2a: Hypno\n|-damage|p2a: Hypno|208/315\n|\n|t:|1781391137\n|switch|p1a: Hoopa|Hoopa, L85|245/275|[from] Flip Turn\n|\n|-heal|p2a: Hypno|227/315|[from] item: Leftovers\n|upkeep\n|turn|41\n|\n|t:|1781391142\n|switch|p2a: Komala|Komala, L88, F|258/258\n|-ability|p2a: Komala|Comatose\n|move|p1a: Hoopa|Psychic|p2a: Komala\n|-damage|p2a: Komala|179/258\n|\n|upkeep\n|turn|42\n|\n|t:|1781391150\n|switch|p1a: Zamazenta|Zamazenta-Crowned, L68|160/238 par\n|-activate|p1a: Zamazenta|move: Sticky Web\n|-unboost|p1a: Zamazenta|spe|1\n|-damage|p1a: Zamazenta|131/238 par|[from] Spikes\n|move|p2a: Komala|Earthquake|p1a: Zamazenta\n|-supereffective|p1a: Zamazenta\n|-damage|p1a: Zamazenta|0 fnt\n|faint|p1a: Zamazenta\n|\n|upkeep\n|\n|t:|1781391157\n|switch|p1a: Alomomola|Alomomola, L87, M|195/429 tox\n|-activate|p1a: Alomomola|move: Sticky Web\n|-unboost|p1a: Alomomola|spe|1\n|-damage|p1a: Alomomola|142/429 tox|[from] Spikes\n|turn|43\n|\n|t:|1781391164\n|move|p2a: Komala|Body Slam|p1a: Alomomola\n|-damage|p1a: Alomomola|13/429 tox\n|move|p1a: Alomomola|Wish|p1a: Alomomola\n|\n|-damage|p1a: Alomomola|0 fnt|[from] psn\n|faint|p1a: Alomomola\n|upkeep\n|\n|t:|1781391168\n|switch|p1a: Inteleon|Inteleon, L81, F|246/246\n|-activate|p1a: Inteleon|move: Sticky Web\n|-unboost|p1a: Inteleon|spe|1\n|-damage|p1a: Inteleon|216/246|[from] Spikes\n|turn|44\n|\n|t:|1781391181\n|move|p2a: Komala|Body Slam|p1a: Inteleon\n|-damage|p1a: Inteleon|81/246\n|move|p1a: Inteleon|Hydro Pump|p2a: Komala\n|-crit|p2a: Komala\n|-damage|p2a: Komala|0 fnt\n|faint|p2a: Komala\n|\n|-heal|p1a: Inteleon|246/246|[from] move: Wish|[wisher] Alomomola\n|upkeep\n|\n|t:|1781391195\n|switch|p2a: Hypno|Hypno, L95, M|227/315\n|turn|45\n|\n|t:|1781391212\n|move|p2a: Hypno|Psychic Noise|p1a: Inteleon\n|-damage|p1a: Inteleon|146/246\n|-start|p1a: Inteleon|move: Heal Block\n|move|p1a: Inteleon|Hydro Pump|p2a: Hypno|[miss]\n|-miss|p1a: Inteleon|p2a: Hypno\n|\n|-heal|p2a: Hypno|246/315|[from] item: Leftovers\n|upkeep\n|turn|46\n|\n|t:|1781391223\n|move|p2a: Hypno|Psychic Noise|p1a: Inteleon\n|-damage|p1a: Inteleon|44/246\n|move|p1a: Inteleon|Hydro Pump|p2a: Hypno\n|-damage|p2a: Hypno|23/315\n|\n|-heal|p2a: Hypno|42/315|[from] item: Leftovers\n|-end|p1a: Inteleon|move: Heal Block\n|upkeep\n|turn|47\n|\n|t:|1781391229\n|switch|p1a: Hoopa|Hoopa, L85|245/275\n|move|p2a: Hypno|Psychic Noise|p1a: Hoopa\n|-resisted|p1a: Hoopa\n|-damage|p1a: Hoopa|218/275\n|-start|p1a: Hoopa|move: Heal Block\n|\n|-heal|p2a: Hypno|61/315|[from] item: Leftovers\n|upkeep\n|turn|48\n|inactive|623623p has 120 seconds left.\n|\n|t:|1781391257\n|move|p2a: Hypno|Protect|p2a: Hypno\n|-singleturn|p2a: Hypno|Protect\n|move|p1a: Hoopa|Shadow Ball|p2a: Hypno\n|-activate|p2a: Hypno|move: Protect\n|\n|-heal|p2a: Hypno|80/315|[from] item: Leftovers\n|-end|p1a: Hoopa|move: Heal Block\n|upkeep\n|turn|49\n|\n|t:|1781391265\n|move|p2a: Hypno|Toxic|p1a: Hoopa\n|-status|p1a: Hoopa|tox\n|move|p1a: Hoopa|Shadow Ball|p2a: Hypno\n|-supereffective|p2a: Hypno\n|-damage|p2a: Hypno|0 fnt\n|faint|p2a: Hypno\n|\n|-damage|p1a: Hoopa|201/275 tox|[from] psn\n|upkeep\n|\n|t:|1781391270\n|switch|p2a: Dunsparce|Dunsparce, L86, F|312/312\n|turn|50\n|inactive|623623p has 120 seconds left.\n|\n|t:|1781391289\n|move|p1a: Hoopa|Trick|p2a: Dunsparce\n|-activate|p1a: Hoopa|move: Trick|[of] p2a: Dunsparce\n|-item|p2a: Dunsparce|Heavy-Duty Boots|[from] move: Trick\n|-item|p1a: Hoopa|Eviolite|[from] move: Trick\n|move|p2a: Dunsparce|Earthquake|p1a: Hoopa\n|-damage|p1a: Hoopa|129/275 tox\n|\n|-damage|p1a: Hoopa|95/275 tox|[from] psn\n|upkeep\n|turn|51\n|inactive|623623p has 120 seconds left.\n|\n|t:|1781391310\n|move|p1a: Hoopa|Psychic|p2a: Dunsparce\n|-damage|p2a: Dunsparce|147/312\n|-unboost|p2a: Dunsparce|spd|1\n|move|p2a: Dunsparce|Roost|p2a: Dunsparce\n|-heal|p2a: Dunsparce|303/312\n|-singleturn|p2a: Dunsparce|move: Roost\n|\n|-damage|p1a: Hoopa|44/275 tox|[from] psn\n|upkeep\n|turn|52\n|\n|t:|1781391316\n|move|p1a: Hoopa|Psychic|p2a: Dunsparce\n|-damage|p2a: Dunsparce|45/312\n|move|p2a: Dunsparce|Roost|p2a: Dunsparce\n|-heal|p2a: Dunsparce|201/312\n|-singleturn|p2a: Dunsparce|move: Roost\n|\n|-damage|p1a: Hoopa|0 fnt|[from] psn\n|faint|p1a: Hoopa\n|upkeep\n|\n|t:|1781391319\n|switch|p1a: Inteleon|Inteleon, L81, F|44/246\n|-activate|p1a: Inteleon|move: Sticky Web\n|-unboost|p1a: Inteleon|spe|1\n|-damage|p1a: Inteleon|14/246|[from] Spikes\n|turn|53\n|\n|t:|1781391324\n|move|p1a: Inteleon|Scald|p2a: Dunsparce\n|-damage|p2a: Dunsparce|0 fnt\n|faint|p2a: Dunsparce\n|\n|win|SattleBimulator\n", "uploadtime": 1781390667, "views": 3, "formatid": "gen9randombattle", "rating": null, "private": 0, "password": null}