{"id": "gen9randombattle-2631840041", "format": "[Gen 9] Random Battle", "players": ["Benkemon", "Micael Lopes"], "log": "|j|\u2606Benkemon\n|j|\u2606Micael Lopes\n|t:|1781446753\n|gametype|singles\n|player|p1|Benkemon|169|1550\n|player|p2|Micael Lopes|benga|1602\n|gen|9\n|tier|[Gen 9] Random Battle\n|rated|\n|rule|Species Clause: Limit one of each Pok\u00e9mon\n|rule|HP Percentage Mod: HP is shown in percentages\n|rule|Sleep Clause Mod: Limit one foe put to sleep\n|rule|Illusion Level Mod: Illusion disguises the Pok\u00e9mon's true level\n|\n|t:|1781446753\n|teamsize|p1|6\n|teamsize|p2|6\n|start\n|switch|p1a: Kleavor|Kleavor, L78, F|237/237\n|switch|p2a: Veluza|Veluza, L85, M|292/292\n|turn|1\n|inactive|Battle timer is ON: inactive players will automatically lose when time's up. (requested by Micael Lopes)\n|\n|t:|1781446773\n|switch|p1a: Basculegion|Basculegion-F, L83, F|335/335\n|move|p2a: Veluza|Fillet Away|p2a: Veluza\n|-boost|p2a: Veluza|atk|2\n|-boost|p2a: Veluza|spa|2\n|-boost|p2a: Veluza|spe|2\n|-damage|p2a: Veluza|146/292\n|-enditem|p2a: Veluza|Sitrus Berry|[eat]\n|-heal|p2a: Veluza|219/292|[from] item: Sitrus Berry\n|\n|upkeep\n|turn|2\n|\n|t:|1781446780\n|-terastallize|p2a: Veluza|Dark\n|move|p2a: Veluza|Night Slash|p1a: Basculegion\n|-supereffective|p1a: Basculegion\n|-damage|p1a: Basculegion|0 fnt\n|faint|p1a: Basculegion\n|\n|upkeep\n|\n|t:|1781446789\n|switch|p1a: Pikachu|Pikachu-Hoenn, L93, F|216/216\n|turn|3\n|\n|t:|1781446792\n|move|p1a: Pikachu|Fake Out|p2a: Veluza\n|-damage|p2a: Veluza|165/292\n|cant|p2a: Veluza|flinch\n|\n|upkeep\n|turn|4\n|\n|t:|1781446807\n|switch|p1a: Munkidori|Munkidori, L79, M|269/269\n|move|p2a: Veluza|Aqua Cutter|p1a: Munkidori\n|-damage|p1a: Munkidori|0 fnt\n|faint|p1a: Munkidori\n|\n|upkeep\n|\n|t:|1781446823\n|switch|p1a: Mamoswine|Mamoswine, L81, M|311/311\n|turn|5\n|inactive|Micael Lopes has 120 seconds left.\n|\n|t:|1781446854\n|-terastallize|p1a: Mamoswine|Ice\n|move|p1a: Mamoswine|Ice Shard|p2a: Veluza\n|-damage|p2a: Veluza|59/292\n|move|p2a: Veluza|Aqua Cutter|p1a: Mamoswine\n|-damage|p1a: Mamoswine|44/311\n|\n|upkeep\n|turn|6\n|\n|t:|1781446867\n|move|p1a: Mamoswine|Ice Shard|p2a: Veluza\n|-damage|p2a: Veluza|0 fnt\n|faint|p2a: Veluza\n|\n|upkeep\n|\n|t:|1781446872\n|switch|p2a: Ariados|Ariados, L95, M|287/287\n|turn|7\n|\n|t:|1781446874\n|move|p1a: Mamoswine|Ice Shard|p2a: Ariados\n|-crit|p2a: Ariados\n|-damage|p2a: Ariados|127/287\n|move|p2a: Ariados|Sticky Web|p1a: Mamoswine\n|-sidestart|p1: Benkemon|move: Sticky Web\n|\n|upkeep\n|turn|8\n|\n|t:|1781446893\n|move|p1a: Mamoswine|Ice Shard|p2a: Ariados\n|-damage|p2a: Ariados|25/287\n|move|p2a: Ariados|Megahorn|p1a: Mamoswine\n|-damage|p1a: Mamoswine|0 fnt\n|faint|p1a: Mamoswine\n|\n|upkeep\n|\n|t:|1781446904\n|switch|p1a: Charizard|Charizard, L85, F|271/271\n|turn|9\n|\n|t:|1781446910\n|move|p1a: Charizard|Swords Dance|p1a: Charizard\n|-boost|p1a: Charizard|atk|2\n|move|p2a: Ariados|Poison Jab|p1a: Charizard\n|-damage|p1a: Charizard|162/271\n|\n|upkeep\n|turn|10\n|\n|t:|1781446915\n|move|p2a: Ariados|Sucker Punch|p1a: Charizard\n|-damage|p1a: Charizard|101/271\n|move|p1a: Charizard|Earthquake|p2a: Ariados\n|-damage|p2a: Ariados|0 fnt\n|faint|p2a: Ariados\n|\n|upkeep\n|\n|t:|1781446918\n|switch|p2a: Greninja|Greninja, L80, M|246/246\n|turn|11\n|\n|t:|1781446926\n|move|p2a: Greninja|Hydro Pump|p1a: Charizard\n|-start|p2a: Greninja|typechange|Water|[from] ability: Protean\n|-supereffective|p1a: Charizard\n|-damage|p1a: Charizard|0 fnt\n|faint|p1a: Charizard\n|-damage|p2a: Greninja|222/246|[from] item: Life Orb\n|\n|upkeep\n|\n|t:|1781446929\n|switch|p1a: Pikachu|Pikachu-Hoenn, L93, F|216/216\n|-activate|p1a: Pikachu|move: Sticky Web\n|-unboost|p1a: Pikachu|spe|1\n|turn|12\n|\n|t:|1781446937\n|switch|p2a: Altaria|Altaria, L89, M|278/278\n|move|p1a: Pikachu|Fake Out|p2a: Altaria\n|-damage|p2a: Altaria|237/278\n|\n|upkeep\n|turn|13\n|\n|t:|1781446944\n|switch|p2a: Greninja|Greninja, L80, M|222/246\n|move|p1a: Pikachu|Volt Tackle|p2a: Greninja\n|-supereffective|p2a: Greninja\n|-damage|p2a: Greninja|0 fnt\n|faint|p2a: Greninja\n|-damage|p1a: Pikachu|143/216|[from] Recoil\n|\n|upkeep\n|\n|t:|1781446950\n|switch|p2a: Indeedee|Indeedee, L84, M|238/238\n|-fieldstart|move: Psychic Terrain|[from] ability: Psychic Surge|[of] p2a: Indeedee\n|turn|14\n|\n|t:|1781446954\n|move|p2a: Indeedee|Expanding Force|p1a: Pikachu\n|-damage|p1a: Pikachu|0 fnt\n|faint|p1a: Pikachu\n|-damage|p2a: Indeedee|215/238|[from] item: Life Orb\n|\n|upkeep\n|\n|t:|1781446956\n|switch|p1a: Kleavor|Kleavor, L78, F|237/237\n|-activate|p1a: Kleavor|move: Sticky Web\n|-unboost|p1a: Kleavor|spe|1\n|turn|15\n|\n|t:|1781446967\n|move|p2a: Indeedee|Expanding Force|p1a: Kleavor\n|-damage|p1a: Kleavor|0 fnt\n|faint|p1a: Kleavor\n|-damage|p2a: Indeedee|192/238|[from] item: Life Orb\n|\n|win|Micael Lopes\n|raw|Benkemon's rating: 1550 &rarr; <strong>1533</strong><br />(-17 for losing)\n|raw|Micael Lopes's rating: 1602 &rarr; <strong>1619</strong><br />(+17 for winning)\n|l|\u2606Benkemon\n|player|p1|\n|c|\u2606Micael Lopes|**__Sexy game.__**\n", "uploadtime": 1781446974, "views": 3, "formatid": "gen9randombattle", "rating": 1533, "private": 0, "password": null}