{"id": "gen9randombattle-2631997798", "format": "[Gen 9] Random Battle", "players": ["efalunt", "who is to say"], "log": "|j|\u2606efalunt\n|j|\u2606who is to say\n|t:|1781464248\n|gametype|singles\n|player|p1|efalunt|supernerd|2113\n|player|p2|who is to say|101|2250\n|gen|9\n|tier|[Gen 9] Random Battle\n|rated|\n|rule|Species Clause: Limit one of each Pok\u00e9mon\n|rule|HP Percentage Mod: HP is shown in percentages\n|rule|Sleep Clause Mod: Limit one foe put to sleep\n|rule|Illusion Level Mod: Illusion disguises the Pok\u00e9mon's true level\n|\n|t:|1781464248\n|teamsize|p1|6\n|teamsize|p2|6\n|start\n|switch|p1a: Regieleki|Regieleki, L79|256/256\n|switch|p2a: Cinccino|Cinccino, L83, F|260/260\n|turn|1\n|inactive|Battle timer is ON: inactive players will automatically lose when time's up. (requested by efalunt)\n|inactive|who is to say has 120 seconds left.\n|\n|t:|1781464282\n|switch|p2a: Vileplume|Vileplume, L85, M|266/266\n|move|p1a: Regieleki|Thunderbolt|p2a: Vileplume\n|-resisted|p2a: Vileplume\n|-damage|p2a: Vileplume|195/266\n|\n|-heal|p2a: Vileplume|211/266|[from] item: Leftovers\n|upkeep\n|turn|2\n|\n|t:|1781464291\n|move|p1a: Regieleki|Volt Switch|p2a: Vileplume\n|-resisted|p2a: Vileplume\n|-damage|p2a: Vileplume|157/266\n|\n|t:|1781464295\n|switch|p1a: Heatran|Heatran, L79, F|273/273|[from] Volt Switch\n|-item|p1a: Heatran|Air Balloon\n|move|p2a: Vileplume|Sludge Bomb|p1a: Heatran\n|-immune|p1a: Heatran\n|\n|-heal|p2a: Vileplume|173/266|[from] item: Leftovers\n|upkeep\n|turn|3\n|\n|t:|1781464300\n|move|p1a: Heatran|Lava Plume|p2a: Vileplume\n|-supereffective|p2a: Vileplume\n|-damage|p2a: Vileplume|5/266\n|move|p2a: Vileplume|Leech Seed|p1a: Heatran\n|-start|p1a: Heatran|move: Leech Seed\n|\n|-heal|p2a: Vileplume|21/266|[from] item: Leftovers\n|-damage|p1a: Heatran|239/273|[from] Leech Seed|[of] p2a: Vileplume\n|-heal|p2a: Vileplume|55/266|[silent]\n|upkeep\n|turn|4\n|\n|t:|1781464311\n|move|p1a: Heatran|Lava Plume|p2a: Vileplume\n|-supereffective|p2a: Vileplume\n|-damage|p2a: Vileplume|0 fnt\n|faint|p2a: Vileplume\n|\n|upkeep\n|\n|t:|1781464320\n|switch|p2a: Flamigo|Flamigo, L82, M|269/269\n|turn|5\n|\n|t:|1781464328\n|switch|p1a: Swampert|Swampert, L83, F|302/302\n|move|p2a: Flamigo|Close Combat|p1a: Swampert\n|-damage|p1a: Swampert|112/302\n|-unboost|p2a: Flamigo|def|1\n|-unboost|p2a: Flamigo|spd|1\n|\n|-heal|p1a: Swampert|130/302|[from] item: Leftovers\n|upkeep\n|turn|6\n|\n|t:|1781464342\n|move|p2a: Flamigo|Close Combat|p1a: Swampert\n|-damage|p1a: Swampert|0 fnt\n|-unboost|p2a: Flamigo|def|1\n|-unboost|p2a: Flamigo|spd|1\n|faint|p1a: Swampert\n|\n|upkeep\n|\n|t:|1781464346\n|switch|p1a: Regieleki|Regieleki, L79|256/256\n|turn|7\n|\n|t:|1781464349\n|switch|p2a: Baxcalibur|Baxcalibur, L75, M|296/296\n|move|p1a: Regieleki|Thunderbolt|p2a: Baxcalibur\n|-resisted|p2a: Baxcalibur\n|-damage|p2a: Baxcalibur|224/296\n|-status|p2a: Baxcalibur|par\n|\n|upkeep\n|turn|8\n|\n|t:|1781464353\n|move|p1a: Regieleki|Volt Switch|p2a: Baxcalibur\n|-resisted|p2a: Baxcalibur\n|-damage|p2a: Baxcalibur|165/296 par\n|\n|t:|1781464358\n|switch|p1a: Granbull|Granbull, L88, M|302/302|[from] Volt Switch\n|-ability|p1a: Granbull|Intimidate|boost\n|-unboost|p2a: Baxcalibur|atk|1\n|move|p2a: Baxcalibur|Glaive Rush|p1a: Granbull\n|-immune|p1a: Granbull\n|\n|upkeep\n|turn|9\n|\n|t:|1781464364\n|switch|p2a: Ariados|Ariados, L95, F|287/287\n|move|p1a: Granbull|Play Rough|p2a: Ariados\n|-resisted|p2a: Ariados\n|-damage|p2a: Ariados|224/287\n|\n|upkeep\n|turn|10\n|\n|t:|1781464370\n|switch|p1a: Heatran|Heatran, L79, F|239/273\n|-item|p1a: Heatran|Air Balloon\n|move|p2a: Ariados|Sticky Web|p1a: Heatran\n|-sidestart|p1: efalunt|move: Sticky Web\n|\n|upkeep\n|turn|11\n|\n|t:|1781464374\n|switch|p2a: Baxcalibur|Baxcalibur, L75, M|165/296 par\n|move|p1a: Heatran|Lava Plume|p2a: Baxcalibur\n|-damage|p2a: Baxcalibur|59/296 par\n|-ability|p2a: Baxcalibur|Thermal Exchange|boost\n|-boost|p2a: Baxcalibur|atk|1\n|\n|upkeep\n|turn|12\n|\n|t:|1781464378\n|move|p1a: Heatran|Lava Plume|p2a: Baxcalibur\n|-damage|p2a: Baxcalibur|0 fnt\n|faint|p2a: Baxcalibur\n|\n|upkeep\n|\n|t:|1781464380\n|switch|p2a: Flamigo|Flamigo, L82, M|269/269\n|turn|13\n|\n|t:|1781464386\n|-terastallize|p1a: Heatran|Flying\n|move|p2a: Flamigo|Close Combat|p1a: Heatran\n|-resisted|p1a: Heatran\n|-damage|p1a: Heatran|144/273\n|-unboost|p2a: Flamigo|def|1\n|-unboost|p2a: Flamigo|spd|1\n|-enditem|p1a: Heatran|Air Balloon\n|move|p1a: Heatran|Lava Plume|p2a: Flamigo\n|-damage|p2a: Flamigo|80/269\n|-status|p2a: Flamigo|brn\n|\n|-damage|p2a: Flamigo|64/269 brn|[from] brn\n|upkeep\n|turn|14\n|\n|t:|1781464392\n|move|p2a: Flamigo|Close Combat|p1a: Heatran\n|-resisted|p1a: Heatran\n|-damage|p1a: Heatran|96/273\n|-unboost|p2a: Flamigo|def|1\n|-unboost|p2a: Flamigo|spd|1\n|move|p1a: Heatran|Stealth Rock|p2a: Flamigo\n|-sidestart|p2: who is to say|move: Stealth Rock\n|\n|-damage|p2a: Flamigo|48/269 brn|[from] brn\n|upkeep\n|turn|15\n|\n|t:|1781464395\n|move|p2a: Flamigo|Close Combat|p1a: Heatran\n|-resisted|p1a: Heatran\n|-damage|p1a: Heatran|50/273\n|-unboost|p2a: Flamigo|def|1\n|-unboost|p2a: Flamigo|spd|1\n|move|p1a: Heatran|Lava Plume|p2a: Flamigo\n|-damage|p2a: Flamigo|0 fnt\n|faint|p2a: Flamigo\n|\n|upkeep\n|\n|t:|1781464400\n|switch|p2a: Komala|Komala, L88, M|258/258\n|-damage|p2a: Komala|226/258|[from] Stealth Rock\n|-ability|p2a: Komala|Comatose\n|turn|16\n|\n|t:|1781464405\n|switch|p1a: Chandelure|Chandelure, L83, M|235/235\n|-activate|p1a: Chandelure|move: Sticky Web\n|-unboost|p1a: Chandelure|spe|1\n|move|p2a: Komala|Rapid Spin|p1a: Chandelure\n|-immune|p1a: Chandelure\n|\n|upkeep\n|turn|17\n|\n|t:|1781464412\n|move|p1a: Chandelure|Fire Blast|p2a: Komala|[miss]\n|-miss|p1a: Chandelure|p2a: Komala\n|move|p2a: Komala|Knock Off|p1a: Chandelure\n|-supereffective|p1a: Chandelure\n|-damage|p1a: Chandelure|49/235\n|-enditem|p1a: Chandelure|Choice Scarf|[from] move: Knock Off|[of] p2a: Komala\n|\n|upkeep\n|turn|18\n|\n|t:|1781464419\n|move|p2a: Komala|Knock Off|p1a: Chandelure\n|-supereffective|p1a: Chandelure\n|-damage|p1a: Chandelure|0 fnt\n|faint|p1a: Chandelure\n|\n|upkeep\n|\n|t:|1781464426\n|switch|p1a: Beartic|Beartic, L91, F|321/321\n|turn|19\n|\n|t:|1781464433\n|move|p2a: Komala|Body Slam|p1a: Beartic\n|-damage|p1a: Beartic|198/321\n|move|p1a: Beartic|Snowscape|p1a: Beartic\n|-weather|Snowscape\n|\n|-weather|Snowscape|[upkeep]\n|upkeep\n|turn|20\n|\n|t:|1781464441\n|-terastallize|p2a: Komala|Ghost\n|move|p1a: Beartic|Icicle Crash|p2a: Komala\n|-damage|p2a: Komala|70/258\n|move|p2a: Komala|Body Slam|p1a: Beartic\n|-damage|p1a: Beartic|128/321\n|\n|-weather|Snowscape|[upkeep]\n|upkeep\n|turn|21\n|\n|t:|1781464448\n|move|p1a: Beartic|Icicle Crash|p2a: Komala\n|-damage|p2a: Komala|0 fnt\n|faint|p2a: Komala\n|\n|-weather|Snowscape|[upkeep]\n|upkeep\n|\n|t:|1781464452\n|switch|p2a: Ariados|Ariados, L95, F|224/287\n|turn|22\n|\n|t:|1781464454\n|move|p1a: Beartic|Icicle Crash|p2a: Ariados\n|-damage|p2a: Ariados|73/287\n|move|p2a: Ariados|Poison Jab|p1a: Beartic\n|-damage|p1a: Beartic|64/321\n|\n|-weather|Snowscape|[upkeep]\n|upkeep\n|turn|23\n|\n|t:|1781464459\n|move|p2a: Ariados|Sucker Punch|p1a: Beartic\n|-damage|p1a: Beartic|20/321\n|move|p1a: Beartic|Icicle Crash|p2a: Ariados\n|-damage|p2a: Ariados|0 fnt\n|faint|p2a: Ariados\n|\n|-weather|none\n|upkeep\n|\n|t:|1781464461\n|switch|p2a: Cinccino|Cinccino, L83, F|260/260\n|-damage|p2a: Cinccino|228/260|[from] Stealth Rock\n|turn|24\n|\n|t:|1781464468\n|move|p2a: Cinccino|Bullet Seed|p1a: Beartic\n|-damage|p1a: Beartic|0 fnt\n|faint|p1a: Beartic\n|-hitcount|p1: Beartic|1\n|\n|upkeep\n|\n|t:|1781464469\n|switch|p1a: Granbull|Granbull, L88, M|302/302\n|-activate|p1a: Granbull|move: Sticky Web\n|-unboost|p1a: Granbull|spe|1\n|-ability|p1a: Granbull|Intimidate|boost\n|-unboost|p2a: Cinccino|atk|1\n|turn|25\n|\n|t:|1781464474\n|move|p2a: Cinccino|Tidy Up|p2a: Cinccino\n|-sideend|p2: who is to say|Stealth Rock\n|-sideend|p1: efalunt|Sticky Web\n|-activate|p2a: Cinccino|move: Tidy Up\n|-boost|p2a: Cinccino|atk|1\n|-boost|p2a: Cinccino|spe|1\n|move|p1a: Granbull|Thunder Wave|p2a: Cinccino\n|-status|p2a: Cinccino|par\n|\n|upkeep\n|turn|26\n|\n|t:|1781464479\n|move|p2a: Cinccino|Tidy Up|p2a: Cinccino\n|-boost|p2a: Cinccino|atk|1\n|-boost|p2a: Cinccino|spe|1\n|move|p1a: Granbull|Encore|p2a: Cinccino\n|-start|p2a: Cinccino|Encore\n|\n|upkeep\n|turn|27\n|\n|t:|1781464483\n|move|p2a: Cinccino|Tidy Up|p2a: Cinccino\n|-boost|p2a: Cinccino|atk|1\n|-boost|p2a: Cinccino|spe|1\n|move|p1a: Granbull|Play Rough|p2a: Cinccino|[miss]\n|-miss|p1a: Granbull|p2a: Cinccino\n|\n|upkeep\n|turn|28\n|\n|t:|1781464485\n|move|p2a: Cinccino|Tidy Up|p2a: Cinccino\n|-boost|p2a: Cinccino|atk|1\n|-boost|p2a: Cinccino|spe|1\n|move|p1a: Granbull|Play Rough|p2a: Cinccino|[miss]\n|-miss|p1a: Granbull|p2a: Cinccino\n|\n|upkeep\n|turn|29\n|\n|t:|1781464487\n|move|p2a: Cinccino|Tidy Up|p2a: Cinccino\n|-boost|p2a: Cinccino|atk|1\n|-boost|p2a: Cinccino|spe|1\n|move|p1a: Granbull|Play Rough|p2a: Cinccino\n|-damage|p2a: Cinccino|51/260 par\n|\n|-end|p2a: Cinccino|Encore\n|upkeep\n|turn|30\n|\n|t:|1781464493\n|move|p2a: Cinccino|Bullet Seed|p1a: Granbull\n|-damage|p1a: Granbull|218/302\n|-crit|p1a: Granbull\n|-damage|p1a: Granbull|92/302\n|-damage|p1a: Granbull|13/302\n|-damage|p1a: Granbull|0 fnt\n|faint|p1a: Granbull\n|-hitcount|p1: Granbull|4\n|\n|upkeep\n|\n|t:|1781464495\n|switch|p1a: Regieleki|Regieleki, L79|256/256\n|turn|31\n|\n|t:|1781464497\n|move|p2a: Cinccino|Bullet Seed|p1a: Regieleki\n|-damage|p1a: Regieleki|133/256\n|-damage|p1a: Regieleki|19/256\n|-damage|p1a: Regieleki|0 fnt\n|faint|p1a: Regieleki\n|-hitcount|p1: Regieleki|3\n|\n|upkeep\n|\n|t:|1781464499\n|switch|p1a: Heatran|Heatran, L79, F, tera:Flying|50/273\n|turn|32\n|\n|t:|1781464501\n|move|p2a: Cinccino|Bullet Seed|p1a: Heatran\n|-resisted|p1a: Heatran\n|-damage|p1a: Heatran|18/273\n|-resisted|p1a: Heatran\n|-damage|p1a: Heatran|0 fnt\n|faint|p1a: Heatran\n|-hitcount|p1: Heatran|2\n|\n|win|who is to say\n", "uploadtime": 1781464249, "views": 3, "formatid": "gen9randombattle", "rating": null, "private": 0, "password": null}