{"id": "gen9randombattle-2631765667", "format": "[Gen 9] Random Battle", "players": ["duuhhao", "Diabetes1"], "log": "|j|\u2606duuhhao\n|j|\u2606Diabetes1\n|t:|1781436199\n|gametype|singles\n|player|p1|duuhhao|clair|2178\n|player|p2|Diabetes1|101|2135\n|gen|9\n|tier|[Gen 9] Random Battle\n|rated|\n|rule|Species Clause: Limit one of each Pok\u00e9mon\n|rule|HP Percentage Mod: HP is shown in percentages\n|rule|Sleep Clause Mod: Limit one foe put to sleep\n|rule|Illusion Level Mod: Illusion disguises the Pok\u00e9mon's true level\n|\n|t:|1781436199\n|teamsize|p1|6\n|teamsize|p2|6\n|start\n|switch|p1a: Kyogre|Kyogre, L71|259/259\n|switch|p2a: Slaking|Slaking, L84, M|389/389\n|-weather|RainDance|[from] ability: Drizzle|[of] p1a: Kyogre\n|turn|1\n|inactive|Battle timer is ON: inactive players will automatically lose when time's up. (requested by Diabetes1)\n|\n|t:|1781436219\n|move|p1a: Kyogre|Water Spout|p2a: Slaking\n|-crit|p2a: Slaking\n|-damage|p2a: Slaking|0 fnt\n|faint|p2a: Slaking\n|\n|-weather|RainDance|[upkeep]\n|upkeep\n|\n|t:|1781436229\n|switch|p2a: Electrode|Electrode, L92|260/260\n|turn|2\n|\n|t:|1781436234\n|switch|p1a: Exeggutor|Exeggutor, L89, M|314/314\n|move|p2a: Electrode|Volt Switch|p1a: Exeggutor\n|-resisted|p1a: Exeggutor\n|-damage|p1a: Exeggutor|259/314\n|-damage|p2a: Electrode|234/260|[from] item: Life Orb\n|\n|t:|1781436243\n|switch|p2a: Toucannon|Toucannon, L88, F|284/284|[from] Volt Switch\n|\n|-weather|RainDance|[upkeep]\n|upkeep\n|turn|3\n|\n|t:|1781436250\n|-singleturn|p2a: Toucannon|move: Beak Blast\n|move|p1a: Exeggutor|Sleep Powder|p2a: Toucannon\n|-status|p2a: Toucannon|slp|[from] move: Sleep Powder\n|cant|p2a: Toucannon|slp\n|\n|-weather|RainDance|[upkeep]\n|upkeep\n|turn|4\n|\n|t:|1781436262\n|switch|p1a: Pelipper|Pelipper, L86, F|243/243\n|-singleturn|p2a: Toucannon|move: Beak Blast\n|cant|p2a: Toucannon|slp\n|\n|-weather|RainDance|[upkeep]\n|upkeep\n|turn|5\n|\n|t:|1781436269\n|switch|p2a: Dondozo|Dondozo, L78, F|362/362\n|move|p1a: Pelipper|Hydro Pump|p2a: Dondozo|[miss]\n|-miss|p1a: Pelipper|p2a: Dondozo\n|\n|-weather|none\n|upkeep\n|turn|6\n|\n|t:|1781436276\n|move|p1a: Pelipper|Knock Off|p2a: Dondozo\n|-damage|p2a: Dondozo|325/362\n|-enditem|p2a: Dondozo|Leftovers|[from] move: Knock Off|[of] p1a: Pelipper\n|move|p2a: Dondozo|Curse|p2a: Dondozo\n|-unboost|p2a: Dondozo|spe|1\n|-boost|p2a: Dondozo|atk|1\n|-boost|p2a: Dondozo|def|1\n|\n|upkeep\n|turn|7\n|\n|t:|1781436282\n|switch|p1a: Exeggutor|Exeggutor, L89, M|259/314\n|move|p2a: Dondozo|Wave Crash|p1a: Exeggutor\n|-resisted|p1a: Exeggutor\n|-damage|p1a: Exeggutor|178/314\n|-damage|p2a: Dondozo|298/362|[from] Recoil\n|\n|upkeep\n|turn|8\n|\n|t:|1781436288\n|switch|p2a: Toucannon|Toucannon, L88, F|284/284 slp\n|move|p1a: Exeggutor|Psychic|p2a: Toucannon\n|-damage|p2a: Toucannon|137/284 slp\n|\n|upkeep\n|turn|9\n|\n|t:|1781436293\n|-singleturn|p2a: Toucannon|move: Beak Blast\n|move|p1a: Exeggutor|Psychic|p2a: Toucannon\n|-damage|p2a: Toucannon|0 fnt\n|faint|p2a: Toucannon\n|\n|upkeep\n|\n|t:|1781436303\n|switch|p2a: Magmortar|Magmortar, L88, F|275/275\n|turn|10\n|\n|t:|1781436311\n|switch|p1a: Kyogre|Kyogre, L71|259/259\n|-weather|RainDance|[from] ability: Drizzle|[of] p1a: Kyogre\n|move|p2a: Magmortar|Knock Off|p1a: Kyogre\n|-damage|p1a: Kyogre|179/259\n|-enditem|p1a: Kyogre|Choice Scarf|[from] move: Knock Off|[of] p2a: Magmortar\n|\n|-weather|RainDance|[upkeep]\n|upkeep\n|turn|11\n|\n|t:|1781436327\n|move|p2a: Magmortar|Earthquake|p1a: Kyogre\n|-damage|p1a: Kyogre|83/259\n|move|p1a: Kyogre|Origin Pulse|p2a: Magmortar\n|-supereffective|p2a: Magmortar\n|-damage|p2a: Magmortar|0 fnt\n|faint|p2a: Magmortar\n|\n|-weather|RainDance|[upkeep]\n|upkeep\n|\n|t:|1781436332\n|switch|p2a: Electrode|Electrode, L92|234/260\n|turn|12\n|\n|t:|1781436335\n|switch|p1a: Exeggutor|Exeggutor, L89, M|178/314\n|move|p2a: Electrode|Volt Switch|p1a: Exeggutor\n|-resisted|p1a: Exeggutor\n|-damage|p1a: Exeggutor|130/314\n|-enditem|p1a: Exeggutor|Sitrus Berry|[eat]\n|-heal|p1a: Exeggutor|208/314|[from] item: Sitrus Berry\n|-damage|p2a: Electrode|208/260|[from] item: Life Orb\n|\n|t:|1781436350\n|switch|p2a: Dondozo|Dondozo, L78, F|298/362|[from] Volt Switch\n|\n|-weather|RainDance|[upkeep]\n|-item|p1a: Exeggutor|Sitrus Berry|[from] ability: Harvest\n|upkeep\n|turn|13\n|\n|t:|1781436357\n|switch|p2a: Electrode|Electrode, L92|208/260\n|move|p1a: Exeggutor|Giga Drain|p2a: Electrode\n|-damage|p2a: Electrode|103/260\n|-heal|p1a: Exeggutor|261/314|[from] drain|[of] p2a: Electrode\n|\n|-weather|RainDance|[upkeep]\n|upkeep\n|turn|14\n|\n|t:|1781436363\n|-terastallize|p2a: Electrode|Ice\n|move|p2a: Electrode|Tera Blast|p1a: Exeggutor|[anim] Tera Blast Ice\n|-supereffective|p1a: Exeggutor\n|-damage|p1a: Exeggutor|4/314\n|-enditem|p1a: Exeggutor|Sitrus Berry|[eat]\n|-heal|p1a: Exeggutor|82/314|[from] item: Sitrus Berry\n|-damage|p2a: Electrode|77/260|[from] item: Life Orb\n|move|p1a: Exeggutor|Giga Drain|p2a: Electrode\n|-crit|p2a: Electrode\n|-damage|p2a: Electrode|0 fnt\n|-heal|p1a: Exeggutor|121/314|[from] drain|[of] p2a: Electrode\n|faint|p2a: Electrode\n|\n|-weather|none\n|upkeep\n|\n|t:|1781436370\n|switch|p2a: Gyarados|Gyarados, L79, F|280/280\n|turn|15\n|\n|t:|1781436383\n|switch|p1a: Indeedee|Indeedee-F, L90, F|272/272\n|-fieldstart|move: Psychic Terrain|[from] ability: Psychic Surge|[of] p1a: Indeedee\n|move|p2a: Gyarados|Dragon Dance|p2a: Gyarados\n|-boost|p2a: Gyarados|atk|1\n|-boost|p2a: Gyarados|spe|1\n|\n|upkeep\n|turn|16\n|\n|t:|1781436390\n|-terastallize|p1a: Indeedee|Psychic\n|move|p1a: Indeedee|Psyshock|p2a: Gyarados\n|-damage|p2a: Gyarados|70/280\n|move|p2a: Gyarados|Dragon Dance|p2a: Gyarados\n|-boost|p2a: Gyarados|atk|1\n|-boost|p2a: Gyarados|spe|1\n|\n|upkeep\n|turn|17\n|\n|t:|1781436404\n|move|p2a: Gyarados|Waterfall|p1a: Indeedee\n|-damage|p1a: Indeedee|65/272\n|move|p1a: Indeedee|Psyshock|p2a: Gyarados\n|-damage|p2a: Gyarados|0 fnt\n|faint|p2a: Gyarados\n|\n|upkeep\n|\n|t:|1781436408\n|switch|p2a: Dondozo|Dondozo, L78, F|298/362\n|turn|18\n|\n|t:|1781436410\n|switch|p1a: Exeggutor|Exeggutor, L89, M|121/314\n|move|p2a: Dondozo|Wave Crash|p1a: Exeggutor\n|-resisted|p1a: Exeggutor\n|-damage|p1a: Exeggutor|62/314\n|-damage|p2a: Dondozo|279/362|[from] Recoil\n|\n|upkeep\n|turn|19\n|\n|t:|1781436413\n|move|p1a: Exeggutor|Giga Drain|p2a: Dondozo\n|-supereffective|p2a: Dondozo\n|-crit|p2a: Dondozo\n|-damage|p2a: Dondozo|0 fnt\n|-heal|p1a: Exeggutor|202/314|[from] drain|[of] p2a: Dondozo\n|faint|p2a: Dondozo\n|\n|win|duuhhao\n", "uploadtime": 1781436201, "views": 3, "formatid": "gen9randombattle", "rating": null, "private": 0, "password": null}