{"id": "gen9randombattle-2631830789", "format": "[Gen 9] Random Battle", "players": ["Vaudeville villain", "ColdWaterSteam"], "log": "|j|\u2606Vaudeville villain\n|j|\u2606ColdWaterSteam\n|t:|1781445636\n|gametype|singles\n|player|p1|Vaudeville villain|169|2013\n|player|p2|ColdWaterSteam|2|2095\n|gen|9\n|tier|[Gen 9] Random Battle\n|rated|\n|rule|Species Clause: Limit one of each Pok\u00e9mon\n|rule|HP Percentage Mod: HP is shown in percentages\n|rule|Sleep Clause Mod: Limit one foe put to sleep\n|rule|Illusion Level Mod: Illusion disguises the Pok\u00e9mon's true level\n|\n|t:|1781445636\n|teamsize|p1|6\n|teamsize|p2|6\n|start\n|switch|p1a: Bisharp|Bisharp, L79, F|232/232\n|switch|p2a: Ursaluna|Ursaluna-Bloodmoon, L79, M|308/308\n|turn|1\n|inactive|Battle timer is ON: inactive players will automatically lose when time's up. (requested by ColdWaterSteam)\n|\n|t:|1781445651\n|switch|p1a: Articuno|Articuno, L86|295/295\n|-ability|p1a: Articuno|Pressure\n|move|p2a: Ursaluna|Calm Mind|p2a: Ursaluna\n|-boost|p2a: Ursaluna|spa|1\n|-boost|p2a: Ursaluna|spd|1\n|\n|upkeep\n|turn|2\n|\n|t:|1781445671\n|move|p1a: Articuno|Freeze-Dry|p2a: Ursaluna\n|-supereffective|p2a: Ursaluna\n|-damage|p2a: Ursaluna|162/308\n|move|p2a: Ursaluna|Calm Mind|p2a: Ursaluna\n|-boost|p2a: Ursaluna|spa|1\n|-boost|p2a: Ursaluna|spd|1\n|\n|-heal|p2a: Ursaluna|181/308|[from] item: Leftovers\n|upkeep\n|turn|3\n|\n|t:|1781445691\n|move|p1a: Articuno|Freeze-Dry|p2a: Ursaluna\n|-supereffective|p2a: Ursaluna\n|-damage|p2a: Ursaluna|77/308\n|move|p2a: Ursaluna|Moonlight|p2a: Ursaluna\n|-heal|p2a: Ursaluna|231/308\n|\n|-heal|p2a: Ursaluna|250/308|[from] item: Leftovers\n|upkeep\n|turn|4\n|\n|t:|1781445700\n|move|p1a: Articuno|Haze|p1a: Articuno\n|-clearallboost\n|move|p2a: Ursaluna|Blood Moon|p1a: Articuno\n|-damage|p1a: Articuno|162/295\n|\n|-heal|p2a: Ursaluna|269/308|[from] item: Leftovers\n|upkeep\n|turn|5\n|\n|t:|1781445719\n|switch|p2a: Arceus|Arceus-Dark, L71|288/288\n|move|p1a: Articuno|Freeze-Dry|p2a: Arceus\n|-damage|p2a: Arceus|222/288\n|\n|upkeep\n|turn|6\n|\n|t:|1781445730\n|move|p2a: Arceus|Judgment|p1a: Articuno\n|-damage|p1a: Articuno|81/295\n|move|p1a: Articuno|Roost|p1a: Articuno\n|-heal|p1a: Articuno|229/295\n|-singleturn|p1a: Articuno|move: Roost\n|\n|upkeep\n|turn|7\n|\n|t:|1781445738\n|move|p2a: Arceus|Calm Mind|p2a: Arceus\n|-boost|p2a: Arceus|spa|1\n|-boost|p2a: Arceus|spd|1\n|move|p1a: Articuno|Freeze-Dry|p2a: Arceus\n|-damage|p2a: Arceus|173/288\n|\n|upkeep\n|turn|8\n|\n|t:|1781445747\n|move|p2a: Arceus|Judgment|p1a: Articuno\n|-crit|p1a: Articuno\n|-damage|p1a: Articuno|43/295\n|move|p1a: Articuno|Haze|p1a: Articuno\n|-clearallboost\n|\n|upkeep\n|turn|9\n|\n|t:|1781445757\n|switch|p1a: Bisharp|Bisharp, L79, F|232/232\n|move|p2a: Arceus|Judgment|p1a: Bisharp\n|-resisted|p1a: Bisharp\n|-damage|p1a: Bisharp|183/232\n|\n|upkeep\n|turn|10\n|\n|t:|1781445769\n|switch|p2a: Gurdurr|Gurdurr, L85, M|283/283\n|move|p1a: Bisharp|Stealth Rock|p2a: Gurdurr\n|-sidestart|p2: ColdWaterSteam|move: Stealth Rock\n|\n|upkeep\n|turn|11\n|\n|t:|1781445786\n|switch|p1a: Meloetta|Meloetta, L82|298/298\n|move|p2a: Gurdurr|Bulk Up|p2a: Gurdurr\n|-boost|p2a: Gurdurr|atk|1\n|-boost|p2a: Gurdurr|def|1\n|\n|upkeep\n|turn|12\n|\n|t:|1781445801\n|-terastallize|p2a: Gurdurr|Steel\n|move|p1a: Meloetta|Relic Song|p2a: Gurdurr\n|-resisted|p2a: Gurdurr\n|-damage|p2a: Gurdurr|226/283\n|-formechange|p1a: Meloetta|Meloetta-Pirouette|[msg]\n|-damage|p1a: Meloetta|269/298|[from] item: Life Orb\n|move|p2a: Gurdurr|Knock Off|p1a: Meloetta\n|-resisted|p1a: Meloetta\n|-damage|p1a: Meloetta|213/298\n|-enditem|p1a: Meloetta|Life Orb|[from] move: Knock Off|[of] p2a: Gurdurr\n|\n|upkeep\n|turn|13\n|inactive|Vaudeville villain has 120 seconds left.\n|\n|t:|1781445842\n|-terastallize|p1a: Meloetta|Fighting\n|move|p2a: Gurdurr|Mach Punch|p1a: Meloetta\n|-damage|p1a: Meloetta|144/298\n|move|p1a: Meloetta|Knock Off|p2a: Gurdurr\n|-damage|p2a: Gurdurr|190/283\n|-enditem|p2a: Gurdurr|Eviolite|[from] move: Knock Off|[of] p1a: Meloetta\n|\n|upkeep\n|turn|14\n|\n|t:|1781445855\n|move|p2a: Gurdurr|Mach Punch|p1a: Meloetta\n|-damage|p1a: Meloetta|75/298\n|move|p1a: Meloetta|Close Combat|p2a: Gurdurr\n|-supereffective|p2a: Gurdurr\n|-damage|p2a: Gurdurr|0 fnt\n|-unboost|p1a: Meloetta|def|1\n|-unboost|p1a: Meloetta|spd|1\n|faint|p2a: Gurdurr\n|\n|upkeep\n|\n|t:|1781445870\n|switch|p2a: Zamazenta|Zamazenta, L71|248/248\n|-damage|p2a: Zamazenta|233/248|[from] Stealth Rock\n|-ability|p2a: Zamazenta|Dauntless Shield|boost\n|-boost|p2a: Zamazenta|def|1\n|turn|15\n|inactive|Vaudeville villain has 120 seconds left.\n|\n|t:|1781445885\n|switch|p1a: Gholdengo|Gholdengo, L77|261/261\n|move|p2a: Zamazenta|Close Combat|p1a: Gholdengo\n|-immune|p1a: Gholdengo\n|\n|upkeep\n|turn|16\n|\n|t:|1781445898\n|switch|p2a: Arceus|Arceus-Dark, L71|173/288\n|-damage|p2a: Arceus|137/288|[from] Stealth Rock\n|move|p1a: Gholdengo|Make It Rain|p2a: Arceus\n|-damage|p2a: Arceus|7/288\n|-unboost|p1a: Gholdengo|spa|1\n|\n|upkeep\n|turn|17\n|\n|t:|1781445908\n|move|p2a: Arceus|Recover|p2a: Arceus\n|-heal|p2a: Arceus|151/288\n|move|p1a: Gholdengo|Thunder Wave|p2a: Arceus\n|-status|p2a: Arceus|par\n|\n|upkeep\n|turn|18\n|\n|t:|1781445920\n|switch|p1a: Bisharp|Bisharp, L79, F|183/232\n|cant|p2a: Arceus|par\n|\n|upkeep\n|turn|19\n|inactive|Vaudeville villain has 120 seconds left.\n|\n|t:|1781445928\n|switch|p2a: Zamazenta|Zamazenta, L71|233/248\n|-damage|p2a: Zamazenta|218/248|[from] Stealth Rock\n|move|p1a: Bisharp|Iron Head|p2a: Zamazenta\n|-damage|p2a: Zamazenta|136/248\n|\n|upkeep\n|turn|20\n|\n|t:|1781445937\n|switch|p1a: Gholdengo|Gholdengo, L77|261/261\n|move|p2a: Zamazenta|Close Combat|p1a: Gholdengo\n|-immune|p1a: Gholdengo\n|\n|upkeep\n|turn|21\n|\n|t:|1781445948\n|move|p2a: Zamazenta|Close Combat|p1a: Gholdengo\n|-immune|p1a: Gholdengo\n|move|p1a: Gholdengo|Make It Rain|p2a: Zamazenta\n|-damage|p2a: Zamazenta|13/248\n|-unboost|p1a: Gholdengo|spa|1\n|\n|upkeep\n|turn|22\n|\n|t:|1781445958\n|switch|p2a: Arceus|Arceus-Dark, L71|151/288 par\n|-damage|p2a: Arceus|115/288 par|[from] Stealth Rock\n|move|p1a: Gholdengo|Shadow Ball|p2a: Arceus\n|-resisted|p2a: Arceus\n|-damage|p2a: Arceus|84/288 par\n|\n|upkeep\n|turn|23\n|\n|t:|1781445973\n|move|p1a: Gholdengo|Make It Rain|p2a: Arceus\n|-damage|p2a: Arceus|0 fnt\n|-unboost|p1a: Gholdengo|spa|1\n|faint|p2a: Arceus\n|\n|upkeep\n|\n|t:|1781445979\n|switch|p2a: Ursaluna|Ursaluna-Bloodmoon, L79, M|269/308\n|-damage|p2a: Ursaluna|250/308|[from] Stealth Rock\n|turn|24\n|inactive|Vaudeville villain has 120 seconds left.\n|\n|t:|1781446001\n|switch|p1a: Tentacruel|Tentacruel, L84, M|272/272\n|move|p2a: Ursaluna|Calm Mind|p2a: Ursaluna\n|-boost|p2a: Ursaluna|spa|1\n|-boost|p2a: Ursaluna|spd|1\n|\n|-heal|p2a: Ursaluna|269/308|[from] item: Leftovers\n|upkeep\n|turn|25\n|inactive|Vaudeville villain has 120 seconds left.\n|\n|t:|1781446019\n|move|p1a: Tentacruel|Surf|p2a: Ursaluna\n|-supereffective|p2a: Ursaluna\n|-damage|p2a: Ursaluna|111/308\n|move|p2a: Ursaluna|Calm Mind|p2a: Ursaluna\n|-boost|p2a: Ursaluna|spa|1\n|-boost|p2a: Ursaluna|spd|1\n|\n|-heal|p2a: Ursaluna|130/308|[from] item: Leftovers\n|upkeep\n|turn|26\n|\n|t:|1781446028\n|move|p1a: Tentacruel|Surf|p2a: Ursaluna\n|-supereffective|p2a: Ursaluna\n|-damage|p2a: Ursaluna|22/308\n|move|p2a: Ursaluna|Moonlight|p2a: Ursaluna\n|-heal|p2a: Ursaluna|176/308\n|\n|-heal|p2a: Ursaluna|195/308|[from] item: Leftovers\n|upkeep\n|turn|27\n|\n|t:|1781446037\n|move|p1a: Tentacruel|Knock Off|p2a: Ursaluna\n|-damage|p2a: Ursaluna|149/308\n|-enditem|p2a: Ursaluna|Leftovers|[from] move: Knock Off|[of] p1a: Tentacruel\n|move|p2a: Ursaluna|Moonlight|p2a: Ursaluna\n|-heal|p2a: Ursaluna|303/308\n|\n|upkeep\n|turn|28\n|\n|t:|1781446056\n|switch|p1a: Alcremie|Alcremie-Ruby-Cream, L90, F|263/263\n|move|p2a: Ursaluna|Calm Mind|p2a: Ursaluna\n|-boost|p2a: Ursaluna|spa|1\n|-boost|p2a: Ursaluna|spd|1\n|\n|upkeep\n|turn|29\n|\n|t:|1781446064\n|move|p1a: Alcremie|Calm Mind|p1a: Alcremie\n|-boost|p1a: Alcremie|spa|1\n|-boost|p1a: Alcremie|spd|1\n|move|p2a: Ursaluna|Blood Moon|p1a: Alcremie\n|-damage|p1a: Alcremie|50/263\n|\n|-heal|p1a: Alcremie|66/263|[from] item: Leftovers\n|upkeep\n|turn|30\n|\n|t:|1781446075\n|move|p1a: Alcremie|Recover|p1a: Alcremie\n|-heal|p1a: Alcremie|198/263\n|move|p2a: Ursaluna|Calm Mind|p2a: Ursaluna\n|-boost|p2a: Ursaluna|spa|1\n|-boost|p2a: Ursaluna|spd|1\n|\n|-heal|p1a: Alcremie|214/263|[from] item: Leftovers\n|upkeep\n|turn|31\n|\n|t:|1781446083\n|move|p1a: Alcremie|Calm Mind|p1a: Alcremie\n|-boost|p1a: Alcremie|spa|1\n|-boost|p1a: Alcremie|spd|1\n|move|p2a: Ursaluna|Blood Moon|p1a: Alcremie\n|-damage|p1a: Alcremie|37/263\n|\n|-heal|p1a: Alcremie|53/263|[from] item: Leftovers\n|upkeep\n|turn|32\n|\n|t:|1781446106\n|move|p1a: Alcremie|Recover|p1a: Alcremie\n|-heal|p1a: Alcremie|185/263\n|move|p2a: Ursaluna|Calm Mind|p2a: Ursaluna\n|-boost|p2a: Ursaluna|spa|1\n|-boost|p2a: Ursaluna|spd|1\n|\n|-heal|p1a: Alcremie|201/263|[from] item: Leftovers\n|upkeep\n|turn|33\n|inactive|Vaudeville villain has 120 seconds left.\n|\n|t:|1781446122\n|move|p1a: Alcremie|Alluring Voice|p2a: Ursaluna\n|-crit|p2a: Ursaluna\n|-damage|p2a: Ursaluna|0 fnt\n|faint|p2a: Ursaluna\n|\n|-heal|p1a: Alcremie|217/263|[from] item: Leftovers\n|upkeep\n|-message|ColdWaterSteam forfeited.\n|\n|win|Vaudeville villain\n|raw|Vaudeville villain's rating: 2013 &rarr; <strong>2038</strong><br />(+25 for winning)\n|raw|ColdWaterSteam's rating: 2095 &rarr; <strong>2070</strong><br />(-25 for losing)\n", "uploadtime": 1781445637, "views": 3, "formatid": "gen9randombattle", "rating": 2038, "private": 0, "password": null}