{"id": "gen9randombattle-2631426203", "format": "[Gen 9] Random Battle", "players": ["aerimorla", "Z10101"], "log": "|j|\u2606aerimorla\n|j|\u2606Z10101\n|t:|1781383193\n|gametype|singles\n|player|p1|aerimorla|ethan|2050\n|player|p2|Z10101|266|2089\n|gen|9\n|tier|[Gen 9] Random Battle\n|rated|\n|rule|Species Clause: Limit one of each Pok\u00e9mon\n|rule|HP Percentage Mod: HP is shown in percentages\n|rule|Sleep Clause Mod: Limit one foe put to sleep\n|rule|Illusion Level Mod: Illusion disguises the Pok\u00e9mon's true level\n|\n|t:|1781383193\n|teamsize|p1|6\n|teamsize|p2|6\n|start\n|switch|p1a: Slowbro|Slowbro-Galar, L87, M|307/307\n|switch|p2a: Electivire|Electivire, L84, F|263/263\n|turn|1\n|inactive|Battle timer is ON: inactive players will automatically lose when time's up. (requested by Z10101)\n|\n|t:|1781383218\n|move|p2a: Electivire|Earthquake|p1a: Slowbro\n|-supereffective|p1a: Slowbro\n|-damage|p1a: Slowbro|104/307\n|-damage|p2a: Electivire|237/263|[from] item: Life Orb\n|move|p1a: Slowbro|Shell Side Arm|p2a: Electivire|[anim] Shell Side Arm Physical\n|-damage|p2a: Electivire|113/263\n|-hint|Physical Shell Side Arm\n|\n|-heal|p1a: Slowbro|123/307|[from] item: Leftovers\n|upkeep\n|turn|2\n|\n|t:|1781383227\n|switch|p1a: Mew|Mew, L82|298/298\n|move|p2a: Electivire|Supercell Slam|p1a: Mew\n|-damage|p1a: Mew|145/298\n|-damage|p2a: Electivire|87/263|[from] item: Life Orb\n|\n|upkeep\n|turn|3\n|\n|t:|1781383236\n|switch|p2a: Espeon|Espeon, L84, M|246/246\n|move|p1a: Mew|Psychic|p2a: Espeon\n|-resisted|p2a: Espeon\n|-damage|p2a: Espeon|191/246\n|-damage|p1a: Mew|116/298|[from] item: Life Orb\n|\n|upkeep\n|turn|4\n|\n|t:|1781383249\n|move|p2a: Espeon|Shadow Ball|p1a: Mew\n|-supereffective|p1a: Mew\n|-damage|p1a: Mew|0 fnt\n|faint|p1a: Mew\n|-damage|p2a: Espeon|167/246|[from] item: Life Orb\n|\n|upkeep\n|\n|t:|1781383261\n|switch|p1a: Masquerain|Masquerain, L87, F|264/264\n|-ability|p1a: Masquerain|Intimidate|boost\n|-unboost|p2a: Espeon|atk|1\n|turn|5\n|\n|t:|1781383271\n|move|p2a: Espeon|Psyshock|p1a: Masquerain\n|-damage|p1a: Masquerain|104/264\n|-damage|p2a: Espeon|143/246|[from] item: Life Orb\n|move|p1a: Masquerain|Quiver Dance|p1a: Masquerain\n|-boost|p1a: Masquerain|spa|1\n|-boost|p1a: Masquerain|spd|1\n|-boost|p1a: Masquerain|spe|1\n|\n|upkeep\n|turn|6\n|\n|t:|1781383281\n|switch|p2a: Skeledirge|Skeledirge, L79, F|294/294\n|move|p1a: Masquerain|Bug Buzz|p2a: Skeledirge\n|-resisted|p2a: Skeledirge\n|-damage|p2a: Skeledirge|265/294\n|\n|upkeep\n|turn|7\n|\n|t:|1781383288\n|move|p1a: Masquerain|Hydro Pump|p2a: Skeledirge\n|-supereffective|p2a: Skeledirge\n|-damage|p2a: Skeledirge|73/294\n|move|p2a: Skeledirge|Torch Song|p1a: Masquerain\n|-supereffective|p1a: Masquerain\n|-damage|p1a: Masquerain|0 fnt\n|-boost|p2a: Skeledirge|spa|1\n|faint|p1a: Masquerain\n|\n|upkeep\n|\n|t:|1781383301\n|switch|p1a: Scrafty|Scrafty, L83, M|244/244\n|turn|8\n|\n|t:|1781383306\n|move|p2a: Skeledirge|Will-O-Wisp|p1a: Scrafty\n|-status|p1a: Scrafty|brn\n|move|p1a: Scrafty|Knock Off|p2a: Skeledirge\n|-supereffective|p2a: Skeledirge\n|-damage|p2a: Skeledirge|0 fnt\n|-enditem|p2a: Skeledirge|Heavy-Duty Boots|[from] move: Knock Off|[of] p1a: Scrafty\n|faint|p2a: Skeledirge\n|\n|-damage|p1a: Scrafty|229/244 brn|[from] brn\n|upkeep\n|\n|t:|1781383312\n|switch|p2a: Espeon|Espeon, L84, M|143/246\n|turn|9\n|\n|t:|1781383339\n|switch|p1a: Slowbro|Slowbro-Galar, L87, M|225/307\n|move|p2a: Espeon|Alluring Voice|p1a: Slowbro\n|-resisted|p1a: Slowbro\n|-damage|p1a: Slowbro|172/307\n|-damage|p2a: Espeon|119/246|[from] item: Life Orb\n|\n|-heal|p1a: Slowbro|191/307|[from] item: Leftovers\n|upkeep\n|turn|10\n|\n|t:|1781383349\n|switch|p1a: Torkoal|Torkoal, L88, M|266/266\n|-weather|SunnyDay|[from] ability: Drought|[of] p1a: Torkoal\n|move|p2a: Espeon|Morning Sun|p2a: Espeon\n|-heal|p2a: Espeon|246/246\n|\n|-weather|SunnyDay|[upkeep]\n|upkeep\n|turn|11\n|\n|t:|1781383352\n|move|p2a: Espeon|Psyshock|p1a: Torkoal\n|-damage|p1a: Torkoal|179/266\n|-damage|p2a: Espeon|222/246|[from] item: Life Orb\n|move|p1a: Torkoal|Fire Blast|p2a: Espeon\n|-damage|p2a: Espeon|68/246\n|\n|-weather|SunnyDay|[upkeep]\n|upkeep\n|turn|12\n|\n|t:|1781383359\n|move|p2a: Espeon|Psyshock|p1a: Torkoal\n|-damage|p1a: Torkoal|88/266\n|-damage|p2a: Espeon|44/246|[from] item: Life Orb\n|move|p1a: Torkoal|Fire Blast|p2a: Espeon\n|-damage|p2a: Espeon|0 fnt\n|faint|p2a: Espeon\n|\n|-weather|SunnyDay|[upkeep]\n|upkeep\n|\n|t:|1781383364\n|switch|p2a: Electivire|Electivire, L84, F|87/263\n|turn|13\n|\n|t:|1781383368\n|-terastallize|p1a: Torkoal|Grass\n|move|p2a: Electivire|Supercell Slam|p1a: Torkoal\n|-resisted|p1a: Torkoal\n|-damage|p1a: Torkoal|33/266\n|-damage|p2a: Electivire|61/263|[from] item: Life Orb\n|move|p1a: Torkoal|Earthquake|p2a: Electivire\n|-supereffective|p2a: Electivire\n|-damage|p2a: Electivire|0 fnt\n|faint|p2a: Electivire\n|\n|-weather|SunnyDay|[upkeep]\n|upkeep\n|\n|t:|1781383379\n|switch|p2a: Flapple|Flapple, L88, F|266/266\n|turn|14\n|\n|t:|1781383394\n|move|p2a: Flapple|Grav Apple|p1a: Torkoal\n|-resisted|p1a: Torkoal\n|-damage|p1a: Torkoal|0 fnt\n|faint|p1a: Torkoal\n|\n|-weather|none\n|upkeep\n|\n|t:|1781383399\n|switch|p1a: Slowbro|Slowbro-Galar, L87, M|293/307\n|turn|15\n|\n|t:|1781383403\n|move|p2a: Flapple|Outrage|p1a: Slowbro\n|-damage|p1a: Slowbro|80/307\n|move|p1a: Slowbro|Shell Side Arm|p2a: Flapple|[anim] Shell Side Arm Special\n|-supereffective|p2a: Flapple\n|-damage|p2a: Flapple|12/266\n|-hint|Special Shell Side Arm\n|-status|p2a: Flapple|psn\n|\n|-heal|p1a: Slowbro|99/307|[from] item: Leftovers\n|-damage|p2a: Flapple|0 fnt|[from] psn\n|faint|p2a: Flapple\n|upkeep\n|\n|t:|1781383408\n|switch|p2a: Veluza|Veluza, L85, F|292/292\n|turn|16\n|\n|t:|1781383413\n|switch|p1a: Scrafty|Scrafty, L83, M|229/244 brn\n|move|p2a: Veluza|Fillet Away|p2a: Veluza\n|-boost|p2a: Veluza|atk|2\n|-boost|p2a: Veluza|spa|2\n|-boost|p2a: Veluza|spe|2\n|-damage|p2a: Veluza|146/292\n|-enditem|p2a: Veluza|Sitrus Berry|[eat]\n|-heal|p2a: Veluza|219/292|[from] item: Sitrus Berry\n|\n|-heal|p1a: Scrafty|244/244 brn|[from] item: Leftovers\n|-damage|p1a: Scrafty|229/244 brn|[from] brn\n|upkeep\n|turn|17\n|\n|t:|1781383425\n|move|p2a: Veluza|Aqua Cutter|p1a: Scrafty\n|-damage|p1a: Scrafty|19/244 brn\n|move|p1a: Scrafty|Knock Off|p2a: Veluza\n|-supereffective|p2a: Veluza\n|-damage|p2a: Veluza|147/292\n|\n|-activate|p1a: Scrafty|ability: Shed Skin\n|-curestatus|p1a: Scrafty|brn|[msg]\n|-heal|p1a: Scrafty|34/244|[from] item: Leftovers\n|upkeep\n|turn|18\n|\n|t:|1781383436\n|move|p2a: Veluza|Aqua Cutter|p1a: Scrafty\n|-damage|p1a: Scrafty|0 fnt\n|faint|p1a: Scrafty\n|\n|upkeep\n|\n|t:|1781383437\n|switch|p1a: Regieleki|Regieleki, L79|256/256\n|turn|19\n|\n|t:|1781383444\n|-terastallize|p2a: Veluza|Dark\n|move|p1a: Regieleki|Thunderbolt|p2a: Veluza\n|-damage|p2a: Veluza|0 fnt\n|faint|p2a: Veluza\n|\n|upkeep\n|\n|t:|1781383448\n|switch|p2a: Registeel|Registeel, L81|262/262\n|turn|20\n|\n|t:|1781383453\n|move|p1a: Regieleki|Thunderbolt|p2a: Registeel\n|-damage|p2a: Registeel|162/262\n|move|p2a: Registeel|Iron Defense|p2a: Registeel\n|-boost|p2a: Registeel|def|2\n|\n|-heal|p2a: Registeel|178/262|[from] item: Leftovers\n|upkeep\n|turn|21\n|\n|t:|1781383457\n|move|p1a: Regieleki|Volt Switch|p2a: Registeel\n|-damage|p2a: Registeel|100/262\n|\n|t:|1781383458\n|switch|p1a: Slowbro|Slowbro-Galar, L87, M|201/307|[from] Volt Switch\n|move|p2a: Registeel|Body Press|p1a: Slowbro\n|-resisted|p1a: Slowbro\n|-damage|p1a: Slowbro|166/307\n|\n|-heal|p2a: Registeel|116/262|[from] item: Leftovers\n|-heal|p1a: Slowbro|185/307|[from] item: Leftovers\n|upkeep\n|turn|22\n|\n|t:|1781383462\n|move|p2a: Registeel|Iron Head|p1a: Slowbro\n|-damage|p1a: Slowbro|121/307\n|cant|p1a: Slowbro|flinch\n|\n|-heal|p2a: Registeel|132/262|[from] item: Leftovers\n|-heal|p1a: Slowbro|140/307|[from] item: Leftovers\n|upkeep\n|turn|23\n|\n|t:|1781383464\n|move|p2a: Registeel|Iron Head|p1a: Slowbro\n|-damage|p1a: Slowbro|80/307\n|cant|p1a: Slowbro|flinch\n|\n|-heal|p2a: Registeel|148/262|[from] item: Leftovers\n|-heal|p1a: Slowbro|99/307|[from] item: Leftovers\n|upkeep\n|turn|24\n|\n|t:|1781383467\n|move|p2a: Registeel|Iron Head|p1a: Slowbro\n|-damage|p1a: Slowbro|35/307\n|move|p1a: Slowbro|Slack Off|p1a: Slowbro\n|-heal|p1a: Slowbro|189/307\n|\n|-heal|p2a: Registeel|164/262|[from] item: Leftovers\n|-heal|p1a: Slowbro|208/307|[from] item: Leftovers\n|upkeep\n|turn|25\n|\n|t:|1781383473\n|move|p2a: Registeel|Iron Head|p1a: Slowbro\n|-damage|p1a: Slowbro|153/307\n|cant|p1a: Slowbro|flinch\n|\n|-heal|p2a: Registeel|180/262|[from] item: Leftovers\n|-heal|p1a: Slowbro|172/307|[from] item: Leftovers\n|upkeep\n|turn|26\n|\n|t:|1781383475\n|move|p2a: Registeel|Iron Head|p1a: Slowbro\n|-damage|p1a: Slowbro|108/307\n|move|p1a: Slowbro|Slack Off|p1a: Slowbro\n|-heal|p1a: Slowbro|262/307\n|\n|-heal|p2a: Registeel|196/262|[from] item: Leftovers\n|-heal|p1a: Slowbro|281/307|[from] item: Leftovers\n|upkeep\n|turn|27\n|\n|t:|1781383479\n|move|p2a: Registeel|Iron Head|p1a: Slowbro\n|-damage|p1a: Slowbro|215/307\n|move|p1a: Slowbro|Haze|p1a: Slowbro\n|-clearallboost\n|\n|-heal|p2a: Registeel|212/262|[from] item: Leftovers\n|-heal|p1a: Slowbro|234/307|[from] item: Leftovers\n|upkeep\n|turn|28\n|\n|t:|1781383486\n|move|p2a: Registeel|Iron Head|p1a: Slowbro\n|-damage|p1a: Slowbro|171/307\n|cant|p1a: Slowbro|flinch\n|\n|-heal|p2a: Registeel|228/262|[from] item: Leftovers\n|-heal|p1a: Slowbro|190/307|[from] item: Leftovers\n|upkeep\n|turn|29\n|\n|t:|1781383490\n|move|p2a: Registeel|Iron Head|p1a: Slowbro\n|-damage|p1a: Slowbro|129/307\n|cant|p1a: Slowbro|flinch\n|\n|-heal|p2a: Registeel|244/262|[from] item: Leftovers\n|-heal|p1a: Slowbro|148/307|[from] item: Leftovers\n|upkeep\n|turn|30\n|\n|t:|1781383493\n|move|p2a: Registeel|Iron Head|p1a: Slowbro\n|-damage|p1a: Slowbro|93/307\n|cant|p1a: Slowbro|flinch\n|\n|-heal|p2a: Registeel|260/262|[from] item: Leftovers\n|-heal|p1a: Slowbro|112/307|[from] item: Leftovers\n|upkeep\n|turn|31\n|\n|t:|1781383496\n|move|p2a: Registeel|Iron Head|p1a: Slowbro\n|-damage|p1a: Slowbro|52/307\n|move|p1a: Slowbro|Slack Off|p1a: Slowbro\n|-heal|p1a: Slowbro|206/307\n|\n|-heal|p2a: Registeel|262/262|[from] item: Leftovers\n|-heal|p1a: Slowbro|225/307|[from] item: Leftovers\n|upkeep\n|turn|32\n|\n|t:|1781383499\n|move|p2a: Registeel|Iron Head|p1a: Slowbro\n|-damage|p1a: Slowbro|165/307\n|cant|p1a: Slowbro|flinch\n|\n|-heal|p1a: Slowbro|184/307|[from] item: Leftovers\n|upkeep\n|turn|33\n|\n|t:|1781383509\n|move|p2a: Registeel|Iron Head|p1a: Slowbro\n|-damage|p1a: Slowbro|121/307\n|move|p1a: Slowbro|Slack Off|p1a: Slowbro\n|-heal|p1a: Slowbro|275/307\n|\n|-heal|p1a: Slowbro|294/307|[from] item: Leftovers\n|upkeep\n|turn|34\n|\n|t:|1781383513\n|move|p2a: Registeel|Iron Head|p1a: Slowbro\n|-damage|p1a: Slowbro|236/307\n|move|p1a: Slowbro|Psychic|p2a: Registeel\n|-resisted|p2a: Registeel\n|-damage|p2a: Registeel|227/262\n|\n|-heal|p2a: Registeel|243/262|[from] item: Leftovers\n|-heal|p1a: Slowbro|255/307|[from] item: Leftovers\n|upkeep\n|turn|35\n|\n|t:|1781383516\n|move|p2a: Registeel|Iron Head|p1a: Slowbro\n|-damage|p1a: Slowbro|194/307\n|move|p1a: Slowbro|Psychic|p2a: Registeel\n|-resisted|p2a: Registeel\n|-crit|p2a: Registeel\n|-damage|p2a: Registeel|193/262\n|\n|-heal|p2a: Registeel|209/262|[from] item: Leftovers\n|-heal|p1a: Slowbro|213/307|[from] item: Leftovers\n|upkeep\n|turn|36\n|\n|t:|1781383520\n|move|p2a: Registeel|Iron Head|p1a: Slowbro\n|-damage|p1a: Slowbro|149/307\n|move|p1a: Slowbro|Psychic|p2a: Registeel\n|-resisted|p2a: Registeel\n|-damage|p2a: Registeel|171/262\n|\n|-heal|p2a: Registeel|187/262|[from] item: Leftovers\n|-heal|p1a: Slowbro|168/307|[from] item: Leftovers\n|upkeep\n|turn|37\n|\n|t:|1781383522\n|switch|p1a: Regieleki|Regieleki, L79|256/256\n|move|p2a: Registeel|Iron Head|p1a: Regieleki\n|-resisted|p1a: Regieleki\n|-damage|p1a: Regieleki|201/256\n|\n|-heal|p2a: Registeel|203/262|[from] item: Leftovers\n|upkeep\n|turn|38\n|\n|t:|1781383528\n|move|p1a: Regieleki|Volt Switch|p2a: Registeel\n|-damage|p2a: Registeel|125/262\n|\n|t:|1781383530\n|switch|p1a: Slowbro|Slowbro-Galar, L87, M|270/307|[from] Volt Switch\n|move|p2a: Registeel|Body Press|p1a: Slowbro\n|-resisted|p1a: Slowbro\n|-damage|p1a: Slowbro|253/307\n|\n|-heal|p2a: Registeel|141/262|[from] item: Leftovers\n|-heal|p1a: Slowbro|272/307|[from] item: Leftovers\n|upkeep\n|turn|39\n|\n|t:|1781383536\n|switch|p1a: Regieleki|Regieleki, L79|201/256\n|move|p2a: Registeel|Iron Head|p1a: Regieleki\n|-resisted|p1a: Regieleki\n|-damage|p1a: Regieleki|149/256\n|\n|-heal|p2a: Registeel|157/262|[from] item: Leftovers\n|upkeep\n|turn|40\n|\n|t:|1781383540\n|move|p1a: Regieleki|Thunderbolt|p2a: Registeel\n|-damage|p2a: Registeel|70/262\n|move|p2a: Registeel|Iron Defense|p2a: Registeel\n|-boost|p2a: Registeel|def|2\n|\n|-heal|p2a: Registeel|86/262|[from] item: Leftovers\n|upkeep\n|turn|41\n|\n|t:|1781383543\n|move|p1a: Regieleki|Thunderbolt|p2a: Registeel\n|-damage|p2a: Registeel|0 fnt\n|faint|p2a: Registeel\n|\n|win|aerimorla\n", "uploadtime": 1781383195, "views": 9, "formatid": "gen9randombattle", "rating": null, "private": 0, "password": null}