{"id": "gen9randombattle-2631769291", "format": "[Gen 9] Random Battle", "players": ["Ggstarmie", "Chicken347"], "log": "|j|\u2606Ggstarmie\n|j|\u2606Chicken347\n|t:|1781436783\n|gametype|singles\n|player|p1|Ggstarmie|1|2068\n|player|p2|Chicken347|101|2029\n|gen|9\n|tier|[Gen 9] Random Battle\n|rated|\n|rule|Species Clause: Limit one of each Pok\u00e9mon\n|rule|HP Percentage Mod: HP is shown in percentages\n|rule|Sleep Clause Mod: Limit one foe put to sleep\n|rule|Illusion Level Mod: Illusion disguises the Pok\u00e9mon's true level\n|\n|t:|1781436783\n|teamsize|p1|6\n|teamsize|p2|6\n|start\n|switch|p1a: Greedent|Greedent, L86, M|347/347\n|switch|p2a: Passimian|Passimian, L83, M|302/302\n|turn|1\n|\n|t:|1781436793\n|switch|p1a: Oricorio|Oricorio-Sensu, L85, M|266/266\n|move|p2a: Passimian|Knock Off|p1a: Oricorio\n|-supereffective|p1a: Oricorio\n|-damage|p1a: Oricorio|72/266\n|-enditem|p1a: Oricorio|Heavy-Duty Boots|[from] move: Knock Off|[of] p2a: Passimian\n|\n|upkeep\n|turn|2\n|inactive|Battle timer is ON: inactive players will automatically lose when time's up. (requested by Chicken347)\n|\n|t:|1781436806\n|switch|p2a: Lurantis|Lurantis, L87, F|219/219\n|move|p1a: Oricorio|Roost|p1a: Oricorio\n|-heal|p1a: Oricorio|205/266\n|-singleturn|p1a: Oricorio|move: Roost\n|\n|upkeep\n|turn|3\n|\n|t:|1781436810\n|move|p2a: Lurantis|Bitter Malice|p1a: Oricorio\n|-supereffective|p1a: Oricorio\n|-damage|p1a: Oricorio|0 fnt\n|faint|p1a: Oricorio\n|\n|upkeep\n|\n|t:|1781436817\n|switch|p1a: Vikavolt|Vikavolt, L83, F|263/263\n|turn|4\n|\n|t:|1781436844\n|move|p2a: Lurantis|Bitter Malice|p1a: Vikavolt\n|-damage|p1a: Vikavolt|116/263\n|-unboost|p1a: Vikavolt|atk|1\n|move|p1a: Vikavolt|Sticky Web|p2a: Lurantis\n|-sidestart|p2: Chicken347|move: Sticky Web\n|\n|upkeep\n|turn|5\n|\n|t:|1781436848\n|switch|p1a: Greedent|Greedent, L86, M|347/347\n|move|p2a: Lurantis|Bitter Malice|p1a: Greedent\n|-immune|p1a: Greedent\n|\n|upkeep\n|turn|6\n|\n|t:|1781436854\n|switch|p2a: Scrafty|Scrafty, L83, F|244/244\n|-activate|p2a: Scrafty|move: Sticky Web\n|-unboost|p2a: Scrafty|spe|1\n|-ability|p2a: Scrafty|Intimidate|boost\n|-unboost|p1a: Greedent|atk|1\n|move|p1a: Greedent|Swords Dance|p1a: Greedent\n|-boost|p1a: Greedent|atk|2\n|\n|upkeep\n|turn|7\n|\n|t:|1781436860\n|-terastallize|p1a: Greedent|Ghost\n|move|p2a: Scrafty|Dragon Dance|p2a: Scrafty\n|-boost|p2a: Scrafty|atk|1\n|-boost|p2a: Scrafty|spe|1\n|move|p1a: Greedent|Swords Dance|p1a: Greedent\n|-boost|p1a: Greedent|atk|2\n|\n|upkeep\n|turn|8\n|\n|t:|1781436867\n|move|p2a: Scrafty|Knock Off|p1a: Greedent\n|-supereffective|p1a: Greedent\n|-damage|p1a: Greedent|87/347\n|-enditem|p1a: Greedent|Sitrus Berry|[from] move: Knock Off|[of] p2a: Scrafty\n|move|p1a: Greedent|Double-Edge|p2a: Scrafty\n|-damage|p2a: Scrafty|0 fnt\n|faint|p2a: Scrafty\n|-damage|p1a: Greedent|6/347|[from] Recoil\n|\n|upkeep\n|\n|t:|1781436873\n|switch|p2a: Gyarados|Gyarados, L79, M|280/280\n|-ability|p2a: Gyarados|Intimidate|boost\n|-unboost|p1a: Greedent|atk|1\n|turn|9\n|\n|t:|1781436877\n|move|p2a: Gyarados|Waterfall|p1a: Greedent\n|-damage|p1a: Greedent|0 fnt\n|faint|p1a: Greedent\n|\n|upkeep\n|\n|t:|1781436886\n|switch|p1a: Vikavolt|Vikavolt, L83, F|116/263\n|turn|10\n|\n|t:|1781436893\n|-terastallize|p2a: Gyarados|Ground\n|move|p2a: Gyarados|Dragon Dance|p2a: Gyarados\n|-boost|p2a: Gyarados|atk|1\n|-boost|p2a: Gyarados|spe|1\n|move|p1a: Vikavolt|Volt Switch|p2a: Gyarados\n|-immune|p2a: Gyarados\n|\n|upkeep\n|turn|11\n|\n|t:|1781436900\n|move|p2a: Gyarados|Dragon Dance|p2a: Gyarados\n|-boost|p2a: Gyarados|atk|1\n|-boost|p2a: Gyarados|spe|1\n|move|p1a: Vikavolt|Bug Buzz|p2a: Gyarados\n|-damage|p2a: Gyarados|156/280\n|\n|upkeep\n|turn|12\n|\n|t:|1781436906\n|move|p2a: Gyarados|Temper Flare|p1a: Vikavolt\n|-supereffective|p1a: Vikavolt\n|-damage|p1a: Vikavolt|0 fnt\n|faint|p1a: Vikavolt\n|\n|upkeep\n|\n|t:|1781436912\n|switch|p1a: Drifblim|Drifblim, L86, F|398/398\n|turn|13\n|\n|t:|1781436921\n|move|p2a: Gyarados|Waterfall|p1a: Drifblim\n|-damage|p1a: Drifblim|131/398\n|move|p1a: Drifblim|Shadow Ball|p2a: Gyarados\n|-damage|p2a: Gyarados|80/280\n|\n|upkeep\n|turn|14\n|\n|t:|1781436932\n|move|p2a: Gyarados|Waterfall|p1a: Drifblim\n|-damage|p1a: Drifblim|0 fnt\n|-damage|p2a: Gyarados|10/280|[from] ability: Aftermath|[of] p1a: Drifblim\n|faint|p1a: Drifblim\n|\n|upkeep\n|\n|t:|1781436934\n|switch|p1a: Jirachi|Jirachi, L80|291/291\n|turn|15\n|\n|t:|1781436944\n|move|p2a: Gyarados|Earthquake|p1a: Jirachi\n|-supereffective|p1a: Jirachi\n|-damage|p1a: Jirachi|0 fnt\n|faint|p1a: Jirachi\n|\n|upkeep\n|\n|t:|1781436946\n|switch|p1a: Clefable|Clefable, L83, F|293/293\n|turn|16\n|\n|t:|1781436952\n|move|p2a: Gyarados|Earthquake|p1a: Clefable\n|-damage|p1a: Clefable|172/293\n|move|p1a: Clefable|Calm Mind|p1a: Clefable\n|-boost|p1a: Clefable|spa|1\n|-boost|p1a: Clefable|spd|1\n|\n|-heal|p1a: Clefable|190/293|[from] item: Leftovers\n|upkeep\n|turn|17\n|j| afdasfafafdsaf\n|l| afdasfafafdsaf\n|inactive|Chicken347 has 120 seconds left.\n|\n|t:|1781436986\n|move|p2a: Gyarados|Earthquake|p1a: Clefable\n|-crit|p1a: Clefable\n|-damage|p1a: Clefable|3/293\n|move|p1a: Clefable|Moonlight|p1a: Clefable\n|-heal|p1a: Clefable|149/293\n|\n|-heal|p1a: Clefable|167/293|[from] item: Leftovers\n|upkeep\n|turn|18\n|\n|t:|1781436989\n|move|p2a: Gyarados|Earthquake|p1a: Clefable\n|-damage|p1a: Clefable|41/293\n|move|p1a: Clefable|Moonlight|p1a: Clefable\n|-heal|p1a: Clefable|187/293\n|\n|-heal|p1a: Clefable|205/293|[from] item: Leftovers\n|upkeep\n|turn|19\n|\n|t:|1781436995\n|move|p2a: Gyarados|Earthquake|p1a: Clefable\n|-damage|p1a: Clefable|67/293\n|move|p1a: Clefable|Moonlight|p1a: Clefable\n|-heal|p1a: Clefable|213/293\n|\n|-heal|p1a: Clefable|231/293|[from] item: Leftovers\n|upkeep\n|turn|20\n|\n|t:|1781437000\n|move|p2a: Gyarados|Earthquake|p1a: Clefable\n|-damage|p1a: Clefable|102/293\n|move|p1a: Clefable|Moonlight|p1a: Clefable\n|-heal|p1a: Clefable|248/293\n|\n|-heal|p1a: Clefable|266/293|[from] item: Leftovers\n|upkeep\n|turn|21\n|\n|t:|1781437006\n|move|p2a: Gyarados|Earthquake|p1a: Clefable\n|-damage|p1a: Clefable|139/293\n|move|p1a: Clefable|Moonblast|p2a: Gyarados\n|-damage|p2a: Gyarados|0 fnt\n|faint|p2a: Gyarados\n|\n|-heal|p1a: Clefable|157/293|[from] item: Leftovers\n|upkeep\n|inactive|Chicken347 has 120 seconds left.\n|\n|t:|1781437047\n|switch|p2a: Lurantis|Lurantis, L87, F|219/219\n|-activate|p2a: Lurantis|move: Sticky Web\n|-unboost|p2a: Lurantis|spe|1\n|turn|22\n|inactive|Chicken347 has 120 seconds left.\n|\n|t:|1781437055\n|move|p2a: Lurantis|Bitter Malice|p1a: Clefable\n|-damage|p1a: Clefable|72/293\n|-unboost|p1a: Clefable|atk|1\n|move|p1a: Clefable|Moonlight|p1a: Clefable\n|-heal|p1a: Clefable|218/293\n|\n|-heal|p1a: Clefable|236/293|[from] item: Leftovers\n|upkeep\n|turn|23\n|inactive|Chicken347 has 120 seconds left.\n|\n|t:|1781437067\n|switch|p2a: Lurantis|Lurantis, L87, F|264/264\n|-activate|p2a: Lurantis|move: Sticky Web\n|-boost|p2a: Lurantis|spe|1\n|move|p1a: Clefable|Calm Mind|p1a: Clefable\n|-boost|p1a: Clefable|spa|1\n|-boost|p1a: Clefable|spd|1\n|\n|-heal|p1a: Clefable|254/293|[from] item: Leftovers\n|upkeep\n|turn|24\n|\n|t:|1781437070\n|move|p2a: Lurantis|Leech Life|p1a: Clefable\n|-resisted|p1a: Clefable\n|-damage|p1a: Clefable|219/293\n|move|p1a: Clefable|Fire Blast|p2a: Lurantis\n|-supereffective|p2a: Lurantis\n|-damage|p2a: Lurantis|72/264\n|\n|-heal|p1a: Clefable|237/293|[from] item: Leftovers\n|upkeep\n|turn|25\n|\n|t:|1781437076\n|move|p2a: Lurantis|Superpower|p1a: Clefable\n|-resisted|p1a: Clefable\n|-damage|p1a: Clefable|177/293\n|-boost|p2a: Lurantis|atk|1\n|-boost|p2a: Lurantis|def|1\n|move|p1a: Clefable|Moonblast|p2a: Lurantis\n|-damage|p2a: Lurantis|0 fnt\n|faint|p2a: Lurantis\n|\n|-heal|p1a: Clefable|195/293|[from] item: Leftovers\n|upkeep\n|\n|t:|1781437080\n|switch|p2a: Passimian|Passimian, L83, M|219/219\n|-activate|p2a: Passimian|move: Sticky Web\n|-unboost|p2a: Passimian|spe|1\n|turn|26\n|\n|t:|1781437082\n|move|p2a: Passimian|Trick|p1a: Clefable\n|-activate|p2a: Passimian|move: Trick|[of] p1a: Clefable\n|-item|p1a: Clefable|Choice Specs|[from] move: Trick\n|-item|p2a: Passimian|Leftovers|[from] move: Trick\n|move|p1a: Clefable|Moonblast|p2a: Passimian\n|-damage|p2a: Passimian|0 fnt\n|replace|p2a: Zoroark|Zoroark-Hisui, L80, M\n|-end|p2a: Zoroark|Illusion\n|-hint|Illusion Level Mod is active, so this Pok\u00e9mon's true level was hidden.\n|faint|p2a: Zoroark\n|\n|upkeep\n|\n|t:|1781437094\n|switch|p2a: Mesprit|Mesprit, L85|275/275\n|turn|27\n|\n|t:|1781437098\n|move|p2a: Mesprit|U-turn|p1a: Clefable\n|-resisted|p1a: Clefable\n|-damage|p1a: Clefable|162/293\n|\n|t:|1781437100\n|switch|p2a: Passimian|Passimian, L83, M|302/302|[from] U-turn\n|-activate|p2a: Passimian|move: Sticky Web\n|-unboost|p2a: Passimian|spe|1\n|-ability|p2a: Passimian|Defiant|boost\n|-boost|p2a: Passimian|atk|2\n|move|p1a: Clefable|Moonblast|p2a: Passimian\n|-supereffective|p2a: Passimian\n|-damage|p2a: Passimian|0 fnt\n|faint|p2a: Passimian\n|\n|upkeep\n|-message|Chicken347 forfeited.\n|\n|win|Ggstarmie\n", "uploadtime": 1781436785, "views": 3, "formatid": "gen9randombattle", "rating": null, "private": 0, "password": null}