{"id": "gen9randombattle-2631490634", "format": "[Gen 9] Random Battle", "players": ["hdhddhdhdhhdbds", "tuwgihjoipodq"], "log": "|j|\u2606hdhddhdhdhhdbds\n|j|\u2606tuwgihjoipodq\n|t:|1781391687\n|gametype|singles\n|player|p1|hdhddhdhdhhdbds|2|1040\n|player|p2|tuwgihjoipodq|red|1000\n|gen|9\n|tier|[Gen 9] Random Battle\n|rated|\n|rule|Species Clause: Limit one of each Pok\u00e9mon\n|rule|HP Percentage Mod: HP is shown in percentages\n|rule|Sleep Clause Mod: Limit one foe put to sleep\n|rule|Illusion Level Mod: Illusion disguises the Pok\u00e9mon's true level\n|\n|t:|1781391687\n|teamsize|p1|6\n|teamsize|p2|6\n|start\n|switch|p1a: Kyogre|Kyogre, L71|259/259\n|switch|p2a: Iron Crown|Iron Crown, L78|268/268\n|-weather|RainDance|[from] ability: Drizzle|[of] p1a: Kyogre\n|turn|1\n|\n|t:|1781391697\n|-end|p2a: Iron Crown|Quark Drive|[silent]\n|switch|p2a: Thundurus|Thundurus-Therian, L80, M|258/258\n|move|p1a: Kyogre|Thunder|p2a: Thundurus\n|-immune|p2a: Thundurus|[from] ability: Volt Absorb\n|\n|-weather|RainDance|[upkeep]\n|upkeep\n|turn|2\n|\n|t:|1781391712\n|move|p2a: Thundurus|Thunderbolt|p1a: Kyogre\n|-supereffective|p1a: Kyogre\n|-damage|p1a: Kyogre|49/259\n|move|p1a: Kyogre|Origin Pulse|p2a: Thundurus\n|-damage|p2a: Thundurus|38/258\n|\n|-weather|RainDance|[upkeep]\n|-heal|p1a: Kyogre|65/259|[from] item: Leftovers\n|upkeep\n|turn|3\n|\n|t:|1781391718\n|switch|p1a: Gogoat|Gogoat, L88, F|360/360\n|move|p2a: Thundurus|Thunderbolt|p1a: Gogoat\n|-resisted|p1a: Gogoat\n|-damage|p1a: Gogoat|303/360\n|\n|-weather|RainDance|[upkeep]\n|-heal|p1a: Gogoat|325/360|[from] item: Leftovers\n|upkeep\n|turn|4\n|\n|t:|1781391743\n|switch|p2a: Volcanion|Volcanion, L79|255/255\n|move|p1a: Gogoat|Bulk Up|p1a: Gogoat\n|-boost|p1a: Gogoat|atk|1\n|-boost|p1a: Gogoat|def|1\n|\n|-weather|RainDance|[upkeep]\n|-heal|p1a: Gogoat|347/360|[from] item: Leftovers\n|upkeep\n|turn|5\n|\n|t:|1781391753\n|move|p1a: Gogoat|Earthquake|p2a: Volcanion\n|-supereffective|p2a: Volcanion\n|-damage|p2a: Volcanion|47/255\n|move|p2a: Volcanion|Flamethrower|p1a: Gogoat\n|-supereffective|p1a: Gogoat\n|-damage|p1a: Gogoat|249/360\n|\n|-weather|none\n|-heal|p1a: Gogoat|271/360|[from] item: Leftovers\n|upkeep\n|turn|6\n|\n|t:|1781391757\n|move|p1a: Gogoat|Horn Leech|p2a: Volcanion\n|-damage|p2a: Volcanion|0 fnt\n|-heal|p1a: Gogoat|295/360|[from] drain|[of] p2a: Volcanion\n|faint|p2a: Volcanion\n|\n|-heal|p1a: Gogoat|317/360|[from] item: Leftovers\n|upkeep\n|inactive|Battle timer is ON: inactive players will automatically lose when time's up. (requested by hdhddhdhdhhdbds)\n|l|\u2606tuwgihjoipodq\n|inactive|tuwgihjoipodq disconnected and has a minute to reconnect!\n|player|p2|\n|inactive|tuwgihjoipodq has 30 seconds to reconnect!\n|inactive|tuwgihjoipodq has 20 seconds to reconnect!\n|inactive|tuwgihjoipodq has 15 seconds to reconnect!\n|inactive|tuwgihjoipodq has 10 seconds to reconnect!\n|inactive|tuwgihjoipodq has 5 seconds to reconnect!\n|-message|tuwgihjoipodq lost due to inactivity.\n|\n|win|hdhddhdhdhhdbds\n|raw|hdhddhdhdhhdbds's rating: 1040 &rarr; <strong>1070</strong><br />(+30 for winning)\n|raw|tuwgihjoipodq's rating: 1000 &rarr; <strong>1000</strong><br />(+0 for losing)\n", "uploadtime": 1781391940, "views": 2, "formatid": "gen9randombattle", "rating": 1000, "private": 0, "password": null}