{"id": "gen9randombattle-2631705943", "format": "[Gen 9] Random Battle", "players": ["Porygon-TV", "Werewolf"], "log": "|j|\u2606Porygon-TV\n|j|\u2606Werewolf\n|t:|1781425511\n|gametype|singles\n|player|p1|Porygon-TV|waiter|1729\n|player|p2|Werewolf|#silveste|1728\n|gen|9\n|tier|[Gen 9] Random Battle\n|rated|\n|rule|Species Clause: Limit one of each Pok\u00e9mon\n|rule|HP Percentage Mod: HP is shown in percentages\n|rule|Sleep Clause Mod: Limit one foe put to sleep\n|rule|Illusion Level Mod: Illusion disguises the Pok\u00e9mon's true level\n|\n|t:|1781425511\n|teamsize|p1|6\n|teamsize|p2|6\n|start\n|switch|p1a: Pecharunt|Pecharunt, L77|262/262\n|switch|p2a: Houndoom|Houndoom, L87, F|272/272\n|turn|1\n|\n|t:|1781425521\n|move|p2a: Houndoom|Dark Pulse|p1a: Pecharunt\n|-supereffective|p1a: Pecharunt\n|-damage|p1a: Pecharunt|52/262\n|move|p1a: Pecharunt|Malignant Chain|p2a: Houndoom\n|-damage|p2a: Houndoom|185/272\n|\n|upkeep\n|turn|2\n|\n|t:|1781425535\n|switch|p1a: Alcremie|Alcremie-Rainbow-Swirl, L90, F|263/263\n|move|p2a: Houndoom|Dark Pulse|p1a: Alcremie\n|-resisted|p1a: Alcremie\n|-damage|p1a: Alcremie|229/263\n|\n|-heal|p1a: Alcremie|245/263|[from] item: Leftovers\n|upkeep\n|turn|3\n|\n|t:|1781425552\n|move|p2a: Houndoom|Sludge Bomb|p1a: Alcremie\n|-supereffective|p1a: Alcremie\n|-damage|p1a: Alcremie|127/263\n|move|p1a: Alcremie|Calm Mind|p1a: Alcremie\n|-boost|p1a: Alcremie|spa|1\n|-boost|p1a: Alcremie|spd|1\n|\n|-heal|p1a: Alcremie|143/263|[from] item: Leftovers\n|upkeep\n|turn|4\n|\n|t:|1781425566\n|move|p2a: Houndoom|Nasty Plot|p2a: Houndoom\n|-boost|p2a: Houndoom|spa|2\n|move|p1a: Alcremie|Recover|p1a: Alcremie\n|-heal|p1a: Alcremie|263/263\n|\n|upkeep\n|turn|5\n|\n|t:|1781425573\n|-terastallize|p1a: Alcremie|Poison\n|move|p2a: Houndoom|Sludge Bomb|p1a: Alcremie\n|-resisted|p1a: Alcremie\n|-damage|p1a: Alcremie|226/263\n|move|p1a: Alcremie|Alluring Voice|p2a: Houndoom\n|-damage|p2a: Houndoom|26/272\n|\n|-heal|p1a: Alcremie|242/263|[from] item: Leftovers\n|upkeep\n|turn|6\n|\n|t:|1781425582\n|move|p2a: Houndoom|Fire Blast|p1a: Alcremie\n|-damage|p1a: Alcremie|119/263\n|move|p1a: Alcremie|Alluring Voice|p2a: Houndoom\n|-damage|p2a: Houndoom|0 fnt\n|faint|p2a: Houndoom\n|\n|-heal|p1a: Alcremie|135/263|[from] item: Leftovers\n|upkeep\n|\n|t:|1781425597\n|switch|p2a: Kricketune|Kricketune, L99, M|312/312\n|turn|7\n|inactive|Battle timer is ON: inactive players will automatically lose when time's up. (requested by Werewolf)\n|\n|t:|1781425646\n|move|p2a: Kricketune|Taunt|p1a: Alcremie\n|-block|p1a: Alcremie|ability: Aroma Veil|[of] p1a: Alcremie\n|move|p1a: Alcremie|Psyshock|p2a: Kricketune\n|-damage|p2a: Kricketune|185/312\n|\n|-heal|p1a: Alcremie|151/263|[from] item: Leftovers\n|upkeep\n|turn|8\n|\n|t:|1781425654\n|move|p2a: Kricketune|Knock Off|p1a: Alcremie\n|-damage|p1a: Alcremie|62/263\n|-enditem|p1a: Alcremie|Leftovers|[from] move: Knock Off|[of] p2a: Kricketune\n|move|p1a: Alcremie|Recover|p1a: Alcremie\n|-heal|p1a: Alcremie|194/263\n|\n|upkeep\n|turn|9\n|\n|t:|1781425678\n|move|p2a: Kricketune|Pounce|p1a: Alcremie\n|-resisted|p1a: Alcremie\n|-damage|p1a: Alcremie|137/263\n|-unboost|p1a: Alcremie|spe|1\n|move|p1a: Alcremie|Calm Mind|p1a: Alcremie\n|-boost|p1a: Alcremie|spa|1\n|-boost|p1a: Alcremie|spd|1\n|\n|upkeep\n|turn|10\n|\n|t:|1781425701\n|switch|p2a: Annihilape|Annihilape, L76, F|292/292\n|move|p1a: Alcremie|Alluring Voice|p2a: Annihilape\n|-supereffective|p2a: Annihilape\n|-damage|p2a: Annihilape|0 fnt\n|faint|p2a: Annihilape\n|\n|upkeep\n|\n|t:|1781425703\n|switch|p2a: Meganium|Meganium, L90, F|290/290\n|turn|11\n|\n|t:|1781425709\n|move|p2a: Meganium|Leech Seed|p1a: Alcremie\n|-start|p1a: Alcremie|move: Leech Seed\n|move|p1a: Alcremie|Alluring Voice|p2a: Meganium\n|-damage|p2a: Meganium|107/290\n|\n|-heal|p2a: Meganium|125/290|[from] item: Leftovers\n|-damage|p1a: Alcremie|105/263|[from] Leech Seed|[of] p2a: Meganium\n|-heal|p2a: Meganium|157/290|[silent]\n|upkeep\n|turn|12\n|\n|t:|1781425720\n|move|p2a: Meganium|Synthesis|p2a: Meganium\n|-heal|p2a: Meganium|290/290\n|move|p1a: Alcremie|Alluring Voice|p2a: Meganium\n|-damage|p2a: Meganium|118/290\n|\n|-heal|p2a: Meganium|136/290|[from] item: Leftovers\n|-damage|p1a: Alcremie|73/263|[from] Leech Seed|[of] p2a: Meganium\n|-heal|p2a: Meganium|168/290|[silent]\n|upkeep\n|turn|13\n|\n|t:|1781425729\n|switch|p2a: Lumineon|Lumineon, L93, M|279/279\n|move|p1a: Alcremie|Alluring Voice|p2a: Lumineon\n|-damage|p2a: Lumineon|86/279\n|\n|-damage|p1a: Alcremie|41/263|[from] Leech Seed|[of] p2a: Lumineon\n|-heal|p2a: Lumineon|118/279|[silent]\n|upkeep\n|turn|14\n|\n|t:|1781425736\n|move|p2a: Lumineon|Hydro Pump|p1a: Alcremie\n|-damage|p1a: Alcremie|0 fnt\n|faint|p1a: Alcremie\n|-damage|p2a: Lumineon|91/279|[from] item: Life Orb\n|\n|upkeep\n|\n|t:|1781425743\n|switch|p1a: Iron Bundle|Iron Bundle, L78|215/215\n|turn|15\n|\n|t:|1781425755\n|move|p1a: Iron Bundle|Freeze-Dry|p2a: Lumineon\n|-supereffective|p2a: Lumineon\n|-damage|p2a: Lumineon|0 fnt\n|faint|p2a: Lumineon\n|\n|upkeep\n|\n|t:|1781425757\n|switch|p2a: Kricketune|Kricketune, L99, M|185/312\n|turn|16\n|\n|t:|1781425761\n|move|p1a: Iron Bundle|Hydro Pump|p2a: Kricketune\n|-damage|p2a: Kricketune|37/312\n|move|p2a: Kricketune|Pounce|p1a: Iron Bundle\n|-damage|p1a: Iron Bundle|136/215\n|-unboost|p1a: Iron Bundle|spe|1\n|\n|upkeep\n|turn|17\n|\n|t:|1781425774\n|move|p2a: Kricketune|Sticky Web|p1a: Iron Bundle\n|-sidestart|p1: Porygon-TV|move: Sticky Web\n|move|p1a: Iron Bundle|Freeze-Dry|p2a: Kricketune\n|-damage|p2a: Kricketune|0 fnt\n|faint|p2a: Kricketune\n|\n|upkeep\n|\n|t:|1781425780\n|switch|p2a: Porygon-Z|Porygon-Z, L83|277/277\n|turn|18\n|\n|t:|1781425783\n|move|p2a: Porygon-Z|Tera Blast|p1a: Iron Bundle\n|-damage|p1a: Iron Bundle|0 fnt\n|faint|p1a: Iron Bundle\n|-end|p1a: Iron Bundle|Quark Drive|[silent]\n|-damage|p2a: Porygon-Z|250/277|[from] item: Life Orb\n|\n|upkeep\n|\n|t:|1781425792\n|switch|p1a: Zangoose|Zangoose, L85, M|263/263\n|-activate|p1a: Zangoose|move: Sticky Web\n|-unboost|p1a: Zangoose|spe|1\n|turn|19\n|\n|t:|1781425799\n|-terastallize|p2a: Porygon-Z|Fighting\n|move|p2a: Porygon-Z|Tera Blast|p1a: Zangoose|[anim] Tera Blast Fighting\n|-supereffective|p1a: Zangoose\n|-damage|p1a: Zangoose|0 fnt\n|faint|p1a: Zangoose\n|-damage|p2a: Porygon-Z|223/277|[from] item: Life Orb\n|\n|upkeep\n|\n|t:|1781425812\n|switch|p1a: Gogoat|Gogoat, L88, M|360/360\n|-activate|p1a: Gogoat|move: Sticky Web\n|-unboost|p1a: Gogoat|spe|1\n|turn|20\n|\n|t:|1781425817\n|move|p2a: Porygon-Z|Nasty Plot|p2a: Porygon-Z\n|-boost|p2a: Porygon-Z|spa|2\n|move|p1a: Gogoat|Horn Leech|p2a: Porygon-Z\n|-damage|p2a: Porygon-Z|114/277\n|\n|upkeep\n|turn|21\n|\n|t:|1781425823\n|move|p2a: Porygon-Z|Tera Blast|p1a: Gogoat|[anim] Tera Blast Fighting\n|-damage|p1a: Gogoat|0 fnt\n|faint|p1a: Gogoat\n|-damage|p2a: Porygon-Z|87/277|[from] item: Life Orb\n|\n|upkeep\n|\n|t:|1781425829\n|switch|p1a: Sceptile|Sceptile, L87, F|264/264\n|-activate|p1a: Sceptile|move: Sticky Web\n|-unboost|p1a: Sceptile|spe|1\n|turn|22\n|c|\u2606Porygon-TV|damn u porygon\n|\n|t:|1781425840\n|move|p2a: Porygon-Z|Tera Blast|p1a: Sceptile|[anim] Tera Blast Fighting\n|-damage|p1a: Sceptile|0 fnt\n|faint|p1a: Sceptile\n|-damage|p2a: Porygon-Z|60/277|[from] item: Life Orb\n|\n|upkeep\n|c|\u2606Werewolf|lol\n|c|\u2606Werewolf|my goat\n|\n|t:|1781425845\n|switch|p1a: Pecharunt|Pecharunt, L77|52/262\n|-activate|p1a: Pecharunt|move: Sticky Web\n|-unboost|p1a: Pecharunt|spe|1\n|turn|23\n|\n|t:|1781425850\n|move|p2a: Porygon-Z|Shadow Ball|p1a: Pecharunt\n|-supereffective|p1a: Pecharunt\n|-damage|p1a: Pecharunt|0 fnt\n|faint|p1a: Pecharunt\n|-damage|p2a: Porygon-Z|33/277|[from] item: Life Orb\n|\n|win|Werewolf\n|raw|Porygon-TV's rating: 1729 &rarr; <strong>1709</strong><br />(-20 for losing)\n|raw|Werewolf's rating: 1728 &rarr; <strong>1748</strong><br />(+20 for winning)\n|c|\u2606Werewolf|ggs\n|c|\u2606Porygon-TV|gg nice avatar\n|c|\u2606Werewolf|thanks\n|l|\u2606Porygon-TV\n|player|p1|\n", "uploadtime": 1781425863, "views": 3, "formatid": "gen9randombattle", "rating": 1709, "private": 0, "password": null}