{"id": "gen9randombattle-2631801095", "format": "[Gen 9] Random Battle", "players": ["AcquiredWolf", "gen3333333"], "log": "|j|\u2606AcquiredWolf\n|j|\u2606gen3333333\n|t:|1781441649\n|gametype|singles\n|player|p1|AcquiredWolf|diantha|2094\n|player|p2|gen3333333|169|2021\n|gen|9\n|tier|[Gen 9] Random Battle\n|rated|\n|rule|Species Clause: Limit one of each Pok\u00e9mon\n|rule|HP Percentage Mod: HP is shown in percentages\n|rule|Sleep Clause Mod: Limit one foe put to sleep\n|rule|Illusion Level Mod: Illusion disguises the Pok\u00e9mon's true level\n|\n|t:|1781441649\n|teamsize|p1|6\n|teamsize|p2|6\n|start\n|switch|p1a: Grafaiai|Grafaiai, L86, M|249/249\n|switch|p2a: Dragapult|Dragapult, L77, M|262/262\n|turn|1\n|inactive|Battle timer is ON: inactive players will automatically lose when time's up. (requested by AcquiredWolf)\n|j| FifiShowdown\n|\n|t:|1781441665\n|switch|p2a: Probopass|Probopass, L91, F|257/257\n|move|p1a: Grafaiai|Knock Off|p2a: Probopass\n|-damage|p2a: Probopass|209/257\n|-enditem|p2a: Probopass|Leftovers|[from] move: Knock Off|[of] p1a: Grafaiai\n|\n|upkeep\n|turn|2\n|\n|t:|1781441673\n|move|p1a: Grafaiai|U-turn|p2a: Probopass\n|-resisted|p2a: Probopass\n|-damage|p2a: Probopass|193/257\n|\n|t:|1781441680\n|switch|p1a: Gothitelle|Gothitelle, L90, M|272/272|[from] U-turn\n|move|p2a: Probopass|Power Gem|p1a: Gothitelle\n|-damage|p1a: Gothitelle|206/272\n|\n|-heal|p1a: Gothitelle|223/272|[from] item: Leftovers\n|upkeep\n|turn|3\n|\n|t:|1781441694\n|move|p1a: Gothitelle|Calm Mind|p1a: Gothitelle\n|-boost|p1a: Gothitelle|spa|1\n|-boost|p1a: Gothitelle|spd|1\n|move|p2a: Probopass|Flash Cannon|p1a: Gothitelle\n|-damage|p1a: Gothitelle|180/272\n|\n|-heal|p1a: Gothitelle|197/272|[from] item: Leftovers\n|upkeep\n|turn|4\n|\n|t:|1781441702\n|move|p1a: Gothitelle|Calm Mind|p1a: Gothitelle\n|-boost|p1a: Gothitelle|spa|1\n|-boost|p1a: Gothitelle|spd|1\n|move|p2a: Probopass|Iron Defense|p2a: Probopass\n|-boost|p2a: Probopass|def|2\n|\n|-heal|p1a: Gothitelle|214/272|[from] item: Leftovers\n|upkeep\n|turn|5\n|l| FifiShowdown\n|\n|t:|1781441711\n|move|p1a: Gothitelle|Thunderbolt|p2a: Probopass\n|-damage|p2a: Probopass|99/257\n|move|p2a: Probopass|Body Press|p1a: Gothitelle\n|-resisted|p1a: Gothitelle\n|-damage|p1a: Gothitelle|135/272\n|\n|-heal|p1a: Gothitelle|152/272|[from] item: Leftovers\n|upkeep\n|turn|6\n|\n|t:|1781441720\n|move|p1a: Gothitelle|Thunderbolt|p2a: Probopass\n|-damage|p2a: Probopass|12/257\n|move|p2a: Probopass|Body Press|p1a: Gothitelle\n|-resisted|p1a: Gothitelle\n|-damage|p1a: Gothitelle|75/272\n|\n|-heal|p1a: Gothitelle|92/272|[from] item: Leftovers\n|upkeep\n|turn|7\n|\n|t:|1781441729\n|move|p1a: Gothitelle|Thunderbolt|p2a: Probopass\n|-damage|p2a: Probopass|0 fnt\n|faint|p2a: Probopass\n|\n|-heal|p1a: Gothitelle|109/272|[from] item: Leftovers\n|upkeep\n|\n|t:|1781441743\n|switch|p2a: Victreebel|Victreebel, L90, F|290/290\n|turn|8\n|\n|t:|1781441759\n|move|p2a: Victreebel|Power Whip|p1a: Gothitelle\n|-damage|p1a: Gothitelle|0 fnt\n|faint|p1a: Gothitelle\n|-damage|p2a: Victreebel|261/290|[from] item: Life Orb\n|\n|upkeep\n|\n|t:|1781441767\n|switch|p1a: Overqwil|Overqwil, L82, F|274/274\n|-ability|p1a: Overqwil|Intimidate|boost\n|-unboost|p2a: Victreebel|atk|1\n|turn|9\n|\n|t:|1781441774\n|move|p1a: Overqwil|Swords Dance|p1a: Overqwil\n|-boost|p1a: Overqwil|atk|2\n|move|p2a: Victreebel|Sunny Day|p2a: Victreebel\n|-weather|SunnyDay\n|\n|-weather|SunnyDay|[upkeep]\n|upkeep\n|turn|10\n|\n|t:|1781441780\n|-terastallize|p2a: Victreebel|Fire\n|move|p2a: Victreebel|Weather Ball|p1a: Overqwil\n|-damage|p1a: Overqwil|0 fnt\n|faint|p1a: Overqwil\n|-damage|p2a: Victreebel|232/290|[from] item: Life Orb\n|\n|-weather|SunnyDay|[upkeep]\n|upkeep\n|\n|t:|1781441794\n|switch|p1a: Pelipper|Pelipper, L86, M|243/243\n|-weather|RainDance|[from] ability: Drizzle|[of] p1a: Pelipper\n|turn|11\n|\n|t:|1781441811\n|switch|p2a: Hitmontop|Hitmontop, L88, M|231/231\n|move|p1a: Pelipper|Knock Off|p2a: Hitmontop\n|-resisted|p2a: Hitmontop\n|-damage|p2a: Hitmontop|210/231\n|-enditem|p2a: Hitmontop|Leftovers|[from] move: Knock Off|[of] p1a: Pelipper\n|\n|-weather|RainDance|[upkeep]\n|upkeep\n|turn|12\n|\n|t:|1781441820\n|move|p2a: Hitmontop|Triple Axel|p1a: Pelipper\n|-damage|p1a: Pelipper|223/243\n|-damage|p1a: Pelipper|180/243\n|-damage|p1a: Pelipper|116/243\n|-hitcount|p1a: Pelipper|3\n|move|p1a: Pelipper|Hurricane|p2a: Hitmontop\n|-supereffective|p2a: Hitmontop\n|-damage|p2a: Hitmontop|4/231\n|\n|-weather|RainDance|[upkeep]\n|upkeep\n|turn|13\n|\n|t:|1781441846\n|switch|p1a: Grafaiai|Grafaiai, L86, M|249/249\n|move|p2a: Hitmontop|Triple Axel|p1a: Grafaiai\n|-damage|p1a: Grafaiai|220/249\n|-damage|p1a: Grafaiai|162/249\n|-damage|p1a: Grafaiai|78/249\n|-hitcount|p1a: Grafaiai|3\n|\n|-weather|RainDance|[upkeep]\n|upkeep\n|turn|14\n|\n|t:|1781441856\n|move|p1a: Grafaiai|Knock Off|p2a: Hitmontop\n|-resisted|p2a: Hitmontop\n|-damage|p2a: Hitmontop|0 fnt\n|faint|p2a: Hitmontop\n|\n|-weather|RainDance|[upkeep]\n|upkeep\n|\n|t:|1781441865\n|switch|p2a: Victreebel|Victreebel, L90, F, tera:Fire|232/290\n|turn|15\n|\n|t:|1781441872\n|move|p1a: Grafaiai|Gunk Shot|p2a: Victreebel\n|-damage|p2a: Victreebel|91/290\n|move|p2a: Victreebel|Sunny Day|p2a: Victreebel\n|-weather|SunnyDay\n|\n|-weather|SunnyDay|[upkeep]\n|upkeep\n|turn|16\n|\n|t:|1781441879\n|move|p2a: Victreebel|Weather Ball|p1a: Grafaiai\n|-damage|p1a: Grafaiai|0 fnt\n|faint|p1a: Grafaiai\n|-damage|p2a: Victreebel|62/290|[from] item: Life Orb\n|\n|-weather|SunnyDay|[upkeep]\n|upkeep\n|\n|t:|1781441887\n|switch|p1a: Pelipper|Pelipper, L86, M|116/243\n|-weather|RainDance|[from] ability: Drizzle|[of] p1a: Pelipper\n|turn|17\n|\n|t:|1781441893\n|move|p2a: Victreebel|Power Whip|p1a: Pelipper\n|-damage|p1a: Pelipper|0 fnt\n|faint|p1a: Pelipper\n|-damage|p2a: Victreebel|33/290|[from] item: Life Orb\n|\n|-weather|RainDance|[upkeep]\n|upkeep\n|\n|t:|1781441903\n|switch|p1a: Arboliva|Arboliva, L91, F|290/290\n|turn|18\n|\n|t:|1781441912\n|move|p2a: Victreebel|Sludge Wave|p1a: Arboliva\n|-supereffective|p1a: Arboliva\n|-damage|p1a: Arboliva|53/290\n|-fieldstart|move: Grassy Terrain|[from] ability: Seed Sower|[of] p1a: Arboliva\n|-damage|p2a: Victreebel|4/290|[from] item: Life Orb\n|move|p1a: Arboliva|Energy Ball|p2a: Victreebel\n|-resisted|p2a: Victreebel\n|-damage|p2a: Victreebel|0 fnt\n|faint|p2a: Victreebel\n|\n|-weather|RainDance|[upkeep]\n|-heal|p1a: Arboliva|71/290|[from] Grassy Terrain\n|-heal|p1a: Arboliva|89/290|[from] item: Leftovers\n|upkeep\n|\n|t:|1781441920\n|switch|p2a: Torterra|Torterra, L78, F|276/276\n|turn|19\n|\n|t:|1781441930\n|move|p2a: Torterra|Shell Smash|p2a: Torterra\n|-unboost|p2a: Torterra|def|1\n|-unboost|p2a: Torterra|spd|1\n|-boost|p2a: Torterra|atk|2\n|-boost|p2a: Torterra|spa|2\n|-boost|p2a: Torterra|spe|2\n|move|p1a: Arboliva|Strength Sap|p2a: Torterra\n|-unboost|p2a: Torterra|atk|1\n|-heal|p1a: Arboliva|290/290\n|\n|-weather|RainDance|[upkeep]\n|upkeep\n|turn|20\n|\n|t:|1781441943\n|move|p2a: Torterra|Rock Blast|p1a: Arboliva\n|-damage|p1a: Arboliva|268/290\n|-damage|p1a: Arboliva|243/290\n|-damage|p1a: Arboliva|221/290\n|-damage|p1a: Arboliva|199/290\n|-hitcount|p1a: Arboliva|4\n|move|p1a: Arboliva|Energy Ball|p2a: Torterra\n|-damage|p2a: Torterra|3/276\n|-unboost|p2a: Torterra|spd|1\n|\n|-weather|RainDance|[upkeep]\n|-heal|p2a: Torterra|20/276|[from] Grassy Terrain\n|-heal|p1a: Arboliva|217/290|[from] Grassy Terrain\n|-heal|p1a: Arboliva|235/290|[from] item: Leftovers\n|upkeep\n|turn|21\n|\n|t:|1781441958\n|move|p2a: Torterra|Rock Blast|p1a: Arboliva\n|-damage|p1a: Arboliva|210/290\n|-damage|p1a: Arboliva|186/290\n|-damage|p1a: Arboliva|162/290\n|-damage|p1a: Arboliva|138/290\n|-damage|p1a: Arboliva|114/290\n|-hitcount|p1a: Arboliva|5\n|move|p1a: Arboliva|Energy Ball|p2a: Torterra\n|-damage|p2a: Torterra|0 fnt\n|faint|p2a: Torterra\n|\n|-weather|none\n|-heal|p1a: Arboliva|132/290|[from] Grassy Terrain\n|-heal|p1a: Arboliva|150/290|[from] item: Leftovers\n|upkeep\n|\n|t:|1781441965\n|switch|p2a: Chimecho|Chimecho, L93, M|290/290\n|turn|22\n|\n|t:|1781441980\n|move|p2a: Chimecho|Calm Mind|p2a: Chimecho\n|-boost|p2a: Chimecho|spa|1\n|-boost|p2a: Chimecho|spd|1\n|move|p1a: Arboliva|Strength Sap|p2a: Chimecho\n|-unboost|p2a: Chimecho|atk|1\n|-heal|p1a: Arboliva|248/290\n|\n|-heal|p1a: Arboliva|266/290|[from] Grassy Terrain\n|-heal|p1a: Arboliva|284/290|[from] item: Leftovers\n|-fieldend|move: Grassy Terrain\n|upkeep\n|turn|23\n|\n|t:|1781441994\n|switch|p1a: Armarouge|Armarouge, L80, F|267/267\n|move|p2a: Chimecho|Calm Mind|p2a: Chimecho\n|-boost|p2a: Chimecho|spa|1\n|-boost|p2a: Chimecho|spd|1\n|\n|upkeep\n|turn|24\n|\n|t:|1781442002\n|move|p2a: Chimecho|Calm Mind|p2a: Chimecho\n|-boost|p2a: Chimecho|spa|1\n|-boost|p2a: Chimecho|spd|1\n|move|p1a: Armarouge|Psyshock|p2a: Chimecho\n|-resisted|p2a: Chimecho\n|-damage|p2a: Chimecho|222/290\n|\n|-heal|p2a: Chimecho|240/290|[from] item: Leftovers\n|upkeep\n|turn|25\n|\n|t:|1781442011\n|move|p2a: Chimecho|Psychic Noise|p1a: Armarouge\n|-resisted|p1a: Armarouge\n|-damage|p1a: Armarouge|130/267\n|-start|p1a: Armarouge|move: Heal Block\n|move|p1a: Armarouge|Psyshock|p2a: Chimecho\n|-resisted|p2a: Chimecho\n|-damage|p2a: Chimecho|173/290\n|\n|-heal|p2a: Chimecho|191/290|[from] item: Leftovers\n|upkeep\n|turn|26\n|-message|AcquiredWolf forfeited.\n|\n|win|gen3333333\n", "uploadtime": 1781441650, "views": 3, "formatid": "gen9randombattle", "rating": null, "private": 0, "password": null}