{"id": "gen9randombattle-2631977232", "format": "[Gen 9] Random Battle", "players": ["kytfvb2", "randomdude8876"], "log": "|j|\u2606kytfvb2\n|j|\u2606randomdude8876\n|t:|1781461978\n|gametype|singles\n|player|p1|kytfvb2|shadowtriad|1956\n|player|p2|randomdude8876|hiker-gen4|1925\n|gen|9\n|tier|[Gen 9] Random Battle\n|rated|\n|rule|Species Clause: Limit one of each Pok\u00e9mon\n|rule|HP Percentage Mod: HP is shown in percentages\n|rule|Sleep Clause Mod: Limit one foe put to sleep\n|rule|Illusion Level Mod: Illusion disguises the Pok\u00e9mon's true level\n|\n|t:|1781461978\n|teamsize|p1|6\n|teamsize|p2|6\n|start\n|switch|p1a: Oricorio|Oricorio-Sensu, L85, F|266/266\n|switch|p2a: Dachsbun|Dachsbun, L92, M|254/254\n|turn|1\n|inactive|Battle timer is ON: inactive players will automatically lose when time's up. (requested by randomdude8876)\n|\n|t:|1781461991\n|move|p2a: Dachsbun|Play Rough|p1a: Oricorio|[miss]\n|-miss|p2a: Dachsbun|p1a: Oricorio\n|move|p1a: Oricorio|Hurricane|p2a: Dachsbun\n|-damage|p2a: Dachsbun|136/254\n|\n|-heal|p2a: Dachsbun|151/254|[from] item: Leftovers\n|upkeep\n|turn|2\n|\n|t:|1781462006\n|switch|p2a: Orthworm|Orthworm, L88, F|266/266\n|move|p1a: Oricorio|Quiver Dance|p1a: Oricorio\n|-boost|p1a: Oricorio|spa|1\n|-boost|p1a: Oricorio|spd|1\n|-boost|p1a: Oricorio|spe|1\n|\n|upkeep\n|turn|3\n|\n|t:|1781462012\n|move|p1a: Oricorio|Revelation Dance|p2a: Orthworm\n|-damage|p2a: Orthworm|80/266\n|move|p2a: Orthworm|Coil|p2a: Orthworm\n|-boost|p2a: Orthworm|atk|1\n|-boost|p2a: Orthworm|def|1\n|-boost|p2a: Orthworm|accuracy|1\n|\n|upkeep\n|turn|4\n|\n|t:|1781462022\n|switch|p2a: Incineroar|Incineroar, L82, F|290/290\n|-ability|p2a: Incineroar|Intimidate|boost\n|-unboost|p1a: Oricorio|atk|1\n|move|p1a: Oricorio|Revelation Dance|p2a: Incineroar\n|-resisted|p2a: Incineroar\n|-damage|p2a: Incineroar|215/290\n|\n|upkeep\n|turn|5\n|\n|t:|1781462029\n|switch|p1a: Okidogi|Okidogi, L77, M|262/262\n|move|p2a: Incineroar|Knock Off|p1a: Okidogi\n|-resisted|p1a: Okidogi\n|-damage|p1a: Okidogi|214/262\n|-enditem|p1a: Okidogi|Leftovers|[from] move: Knock Off|[of] p2a: Incineroar\n|\n|upkeep\n|turn|6\n|\n|t:|1781462038\n|switch|p2a: Dachsbun|Dachsbun, L92, M|151/254\n|move|p1a: Okidogi|Gunk Shot|p2a: Dachsbun\n|-supereffective|p2a: Dachsbun\n|-damage|p2a: Dachsbun|0 fnt\n|faint|p2a: Dachsbun\n|\n|upkeep\n|\n|t:|1781462049\n|switch|p2a: Kricketune|Kricketune, L99, F|312/312\n|turn|7\n|\n|t:|1781462056\n|switch|p1a: Toxtricity|Toxtricity, L82, M|257/257\n|move|p2a: Kricketune|Sticky Web|p1a: Toxtricity\n|-sidestart|p1: kytfvb2|move: Sticky Web\n|\n|upkeep\n|turn|8\n|\n|t:|1781462061\n|move|p2a: Kricketune|Pounce|p1a: Toxtricity\n|-resisted|p1a: Toxtricity\n|-damage|p1a: Toxtricity|201/257\n|-unboost|p1a: Toxtricity|spe|1\n|move|p1a: Toxtricity|Shift Gear|p1a: Toxtricity\n|-boost|p1a: Toxtricity|spe|2\n|-boost|p1a: Toxtricity|atk|1\n|\n|upkeep\n|turn|9\n|\n|t:|1781462072\n|move|p1a: Toxtricity|Boomburst|p2a: Kricketune\n|-damage|p2a: Kricketune|136/312\n|-enditem|p1a: Toxtricity|Throat Spray\n|-boost|p1a: Toxtricity|spa|1|[from] item: Throat Spray\n|move|p2a: Kricketune|Pounce|p1a: Toxtricity\n|-resisted|p1a: Toxtricity\n|-crit|p1a: Toxtricity\n|-damage|p1a: Toxtricity|112/257\n|-unboost|p1a: Toxtricity|spe|1\n|\n|upkeep\n|turn|10\n|\n|t:|1781462087\n|move|p2a: Kricketune|Pounce|p1a: Toxtricity\n|-resisted|p1a: Toxtricity\n|-damage|p1a: Toxtricity|58/257\n|-unboost|p1a: Toxtricity|spe|1\n|move|p1a: Toxtricity|Shift Gear|p1a: Toxtricity\n|-boost|p1a: Toxtricity|spe|2\n|-boost|p1a: Toxtricity|atk|1\n|\n|upkeep\n|turn|11\n|\n|t:|1781462092\n|move|p1a: Toxtricity|Boomburst|p2a: Kricketune\n|-damage|p2a: Kricketune|0 fnt\n|faint|p2a: Kricketune\n|\n|upkeep\n|-message|randomdude8876 forfeited.\n|\n|win|kytfvb2\n", "uploadtime": 1781461980, "views": 3, "formatid": "gen9randombattle", "rating": null, "private": 0, "password": null}