{"id": "gen9randombattle-2631797037", "format": "[Gen 9] Random Battle", "players": ["SSlimeyy", "nhlist"], "log": "|j|\u2606SSlimeyy\n|j|\u2606nhlist\n|t:|1781441065\n|gametype|singles\n|player|p1|SSlimeyy|265|2153\n|player|p2|nhlist|266|2201\n|gen|9\n|tier|[Gen 9] Random Battle\n|rated|\n|rule|Species Clause: Limit one of each Pok\u00e9mon\n|rule|HP Percentage Mod: HP is shown in percentages\n|rule|Sleep Clause Mod: Limit one foe put to sleep\n|rule|Illusion Level Mod: Illusion disguises the Pok\u00e9mon's true level\n|\n|t:|1781441065\n|teamsize|p1|6\n|teamsize|p2|6\n|start\n|switch|p1a: Mabosstiff|Mabosstiff, L86, F|278/278\n|switch|p2a: Azumarill|Azumarill, L82, F|298/298\n|turn|1\n|inactive|Battle timer is ON: inactive players will automatically lose when time's up. (requested by SSlimeyy)\n|inactive|nhlist has 120 seconds left.\n|\n|t:|1781441134\n|switch|p1a: Kricketune|Kricketune, L99, M|312/312\n|switch|p2a: Scovillain|Scovillain, L91, F|266/266\n|\n|upkeep\n|turn|2\n|\n|t:|1781441160\n|move|p2a: Scovillain|Sunny Day|p2a: Scovillain\n|-weather|SunnyDay\n|move|p1a: Kricketune|Pounce|p2a: Scovillain\n|-damage|p2a: Scovillain|146/266\n|-unboost|p2a: Scovillain|spe|1\n|\n|-weather|SunnyDay|[upkeep]\n|upkeep\n|turn|3\n|\n|t:|1781441164\n|switch|p1a: Tyranitar|Tyranitar, L78, M|284/284\n|-weather|Sandstorm|[from] ability: Sand Stream|[of] p1a: Tyranitar\n|move|p2a: Scovillain|Fire Blast|p1a: Tyranitar\n|-resisted|p1a: Tyranitar\n|-damage|p1a: Tyranitar|251/284\n|\n|-weather|Sandstorm|[upkeep]\n|-damage|p2a: Scovillain|130/266|[from] Sandstorm\n|upkeep\n|turn|4\n|\n|t:|1781441179\n|switch|p2a: Azumarill|Azumarill, L82, F|298/298\n|move|p1a: Tyranitar|Knock Off|p2a: Azumarill\n|-resisted|p2a: Azumarill\n|-damage|p2a: Azumarill|231/298\n|-enditem|p2a: Azumarill|Sitrus Berry|[from] move: Knock Off|[of] p1a: Tyranitar\n|\n|-weather|Sandstorm|[upkeep]\n|-damage|p2a: Azumarill|213/298|[from] Sandstorm\n|upkeep\n|turn|5\n|\n|t:|1781441191\n|switch|p1a: Kricketune|Kricketune, L99, M|312/312\n|switch|p2a: Golurk|Golurk, L87|297/297\n|\n|-weather|Sandstorm|[upkeep]\n|-damage|p1a: Kricketune|293/312|[from] Sandstorm\n|upkeep\n|turn|6\n|\n|t:|1781441221\n|move|p1a: Kricketune|Knock Off|p2a: Golurk\n|-supereffective|p2a: Golurk\n|-damage|p2a: Golurk|105/297\n|-enditem|p2a: Golurk|Life Orb|[from] move: Knock Off|[of] p1a: Kricketune\n|move|p2a: Golurk|Stealth Rock|p1a: Kricketune\n|-sidestart|p1: SSlimeyy|move: Stealth Rock\n|\n|-weather|Sandstorm|[upkeep]\n|-damage|p1a: Kricketune|274/312|[from] Sandstorm\n|upkeep\n|turn|7\n|\n|t:|1781441231\n|switch|p2a: Azumarill|Azumarill, L82, F|213/298\n|move|p1a: Kricketune|Sticky Web|p2a: Azumarill\n|-sidestart|p2: nhlist|move: Sticky Web\n|\n|-weather|none\n|upkeep\n|turn|8\n|\n|t:|1781441241\n|move|p1a: Kricketune|Pounce|p2a: Azumarill\n|-resisted|p2a: Azumarill\n|-damage|p2a: Azumarill|159/298\n|-unboost|p2a: Azumarill|spe|1\n|move|p2a: Azumarill|Belly Drum|p2a: Azumarill\n|-damage|p2a: Azumarill|10/298\n|-setboost|p2a: Azumarill|atk|6|[from] move: Belly Drum\n|\n|upkeep\n|turn|9\n|\n|t:|1781441265\n|-terastallize|p2a: Azumarill|Water\n|move|p2a: Azumarill|Aqua Jet|p1a: Kricketune\n|-damage|p1a: Kricketune|0 fnt\n|faint|p1a: Kricketune\n|\n|upkeep\n|\n|t:|1781441277\n|switch|p1a: Tyranitar|Tyranitar, L78, M|251/284\n|-damage|p1a: Tyranitar|216/284|[from] Stealth Rock\n|-weather|Sandstorm|[from] ability: Sand Stream|[of] p1a: Tyranitar\n|turn|10\n|inactive|nhlist has 120 seconds left.\n|\n|t:|1781441298\n|move|p1a: Tyranitar|Knock Off|p2a: Azumarill\n|-damage|p2a: Azumarill|0 fnt\n|faint|p2a: Azumarill\n|\n|-weather|Sandstorm|[upkeep]\n|upkeep\n|inactive|nhlist has 120 seconds left.\n|-message|nhlist forfeited.\n|\n|win|SSlimeyy\n", "uploadtime": 1781441069, "views": 3, "formatid": "gen9randombattle", "rating": null, "private": 0, "password": null}