{"id": "gen9randombattle-2631670383", "format": "[Gen 9] Random Battle", "players": ["pastorulipal", "endallbeallball"], "log": "|j|\u2606pastorulipal\n|j|\u2606endallbeallball\n|t:|1781418600\n|gametype|singles\n|player|p1|pastorulipal|acetrainer-gen4dp|2106\n|player|p2|endallbeallball|medium|2080\n|gen|9\n|tier|[Gen 9] Random Battle\n|rated|\n|rule|Species Clause: Limit one of each Pok\u00e9mon\n|rule|HP Percentage Mod: HP is shown in percentages\n|rule|Sleep Clause Mod: Limit one foe put to sleep\n|rule|Illusion Level Mod: Illusion disguises the Pok\u00e9mon's true level\n|\n|t:|1781418600\n|teamsize|p1|6\n|teamsize|p2|6\n|start\n|switch|p1a: Falinks|Falinks, L84|246/246\n|switch|p2a: Zangoose|Zangoose, L85, F|263/263\n|turn|1\n|\n|t:|1781418635\n|switch|p2a: Luxray|Luxray, L88, F|283/283\n|move|p1a: Falinks|No Retreat|p1a: Falinks\n|-boost|p1a: Falinks|atk|1\n|-boost|p1a: Falinks|def|1\n|-boost|p1a: Falinks|spa|1\n|-boost|p1a: Falinks|spd|1\n|-boost|p1a: Falinks|spe|1\n|-start|p1a: Falinks|move: No Retreat\n|\n|-status|p2a: Luxray|brn|[from] item: Flame Orb\n|upkeep\n|turn|2\n|inactive|Battle timer is ON: inactive players will automatically lose when time's up. (requested by pastorulipal)\n|\n|t:|1781418684\n|move|p1a: Falinks|Close Combat|p2a: Luxray\n|-damage|p2a: Luxray|0 fnt\n|-unboost|p1a: Falinks|def|1\n|-unboost|p1a: Falinks|spd|1\n|faint|p2a: Luxray\n|-damage|p1a: Falinks|222/246|[from] item: Life Orb\n|\n|upkeep\n|\n|t:|1781418685\n|switch|p2a: Frosmoth|Frosmoth, L82, M|249/249\n|turn|3\n|\n|t:|1781418698\n|move|p1a: Falinks|Iron Head|p2a: Frosmoth\n|-supereffective|p2a: Frosmoth\n|-damage|p2a: Frosmoth|0 fnt\n|faint|p2a: Frosmoth\n|-damage|p1a: Falinks|198/246|[from] item: Life Orb\n|\n|upkeep\n|\n|t:|1781418707\n|switch|p2a: Ludicolo|Ludicolo, L90, M|290/290\n|turn|4\n|\n|t:|1781418712\n|move|p1a: Falinks|Close Combat|p2a: Ludicolo\n|-damage|p2a: Ludicolo|4/290\n|-unboost|p1a: Falinks|def|1\n|-unboost|p1a: Falinks|spd|1\n|-damage|p1a: Falinks|174/246|[from] item: Life Orb\n|move|p2a: Ludicolo|Rain Dance|p2a: Ludicolo\n|-weather|RainDance\n|\n|-weather|RainDance|[upkeep]\n|upkeep\n|turn|5\n|\n|t:|1781418724\n|move|p2a: Ludicolo|Giga Drain|p1a: Falinks\n|-damage|p1a: Falinks|0 fnt\n|-heal|p2a: Ludicolo|91/290|[from] drain|[of] p1a: Falinks\n|faint|p1a: Falinks\n|-damage|p2a: Ludicolo|62/290|[from] item: Life Orb\n|\n|-weather|RainDance|[upkeep]\n|upkeep\n|inactive|pastorulipal has 120 seconds left.\n|\n|t:|1781418757\n|switch|p1a: Meloetta|Meloetta, L82|298/298\n|turn|6\n|\n|t:|1781418761\n|move|p2a: Ludicolo|Hydro Pump|p1a: Meloetta\n|-damage|p1a: Meloetta|123/298\n|-damage|p2a: Ludicolo|33/290|[from] item: Life Orb\n|move|p1a: Meloetta|Relic Song|p2a: Ludicolo\n|-damage|p2a: Ludicolo|0 fnt\n|faint|p2a: Ludicolo\n|-formechange|p1a: Meloetta|Meloetta-Pirouette|[msg]\n|-damage|p1a: Meloetta|94/298|[from] item: Life Orb\n|\n|-weather|RainDance|[upkeep]\n|upkeep\n|\n|t:|1781418779\n|switch|p2a: Arceus|Arceus-Fire, L72|291/291\n|turn|7\n|\n|t:|1781418790\n|move|p1a: Meloetta|Close Combat|p2a: Arceus\n|-damage|p2a: Arceus|103/291\n|-unboost|p1a: Meloetta|def|1\n|-unboost|p1a: Meloetta|spd|1\n|-damage|p1a: Meloetta|65/298|[from] item: Life Orb\n|move|p2a: Arceus|Swords Dance|p2a: Arceus\n|-boost|p2a: Arceus|atk|2\n|\n|-weather|RainDance|[upkeep]\n|upkeep\n|turn|8\n|\n|t:|1781418800\n|move|p2a: Arceus|Extreme Speed|p1a: Meloetta\n|-damage|p1a: Meloetta|0 fnt\n|faint|p1a: Meloetta\n|\n|-weather|none\n|upkeep\n|\n|t:|1781418814\n|switch|p1a: Regirock|Regirock, L83|268/268\n|turn|9\n|\n|t:|1781418829\n|-terastallize|p2a: Arceus|Ground\n|move|p2a: Arceus|Earthquake|p1a: Regirock\n|-supereffective|p1a: Regirock\n|-damage|p1a: Regirock|88/268\n|move|p1a: Regirock|Iron Defense|p1a: Regirock\n|-boost|p1a: Regirock|def|2\n|\n|upkeep\n|turn|10\n|\n|t:|1781418838\n|-terastallize|p1a: Regirock|Fighting\n|move|p2a: Arceus|Flare Blitz|p1a: Regirock\n|-damage|p1a: Regirock|15/268\n|-damage|p2a: Arceus|79/291|[from] Recoil\n|move|p1a: Regirock|Rest|p1a: Regirock\n|-status|p1a: Regirock|slp|[from] move: Rest\n|-heal|p1a: Regirock|268/268 slp|[silent]\n|-enditem|p1a: Regirock|Chesto Berry|[eat]\n|-curestatus|p1a: Regirock|slp|[msg]\n|\n|upkeep\n|turn|11\n|\n|t:|1781418850\n|switch|p2a: Alcremie|Alcremie-Rainbow-Swirl, L90, F|263/263\n|move|p1a: Regirock|Body Press|p2a: Alcremie\n|-resisted|p2a: Alcremie\n|-damage|p2a: Alcremie|108/263\n|\n|-heal|p2a: Alcremie|124/263|[from] item: Leftovers\n|upkeep\n|turn|12\n|-message|endallbeallball forfeited.\n|\n|win|pastorulipal\n|raw|pastorulipal's rating: 2106 &rarr; <strong>2125</strong><br />(+19 for winning)\n|raw|endallbeallball's rating: 2080 &rarr; <strong>2061</strong><br />(-19 for losing)\n", "uploadtime": 1781418856, "views": 5, "formatid": "gen9randombattle", "rating": 2061, "private": 0, "password": null}