{"id": "gen9randombattle-2631529308", "format": "[Gen 9] Random Battle", "players": ["nocomment3", "b3npaii"], "log": "|j|\u2606nocomment3\n|j|\u2606b3npaii\n|t:|1781397107\n|gametype|singles\n|player|p1|nocomment3|2|2216\n|player|p2|b3npaii|elesa|2155\n|gen|9\n|tier|[Gen 9] Random Battle\n|rated|\n|rule|Species Clause: Limit one of each Pok\u00e9mon\n|rule|HP Percentage Mod: HP is shown in percentages\n|rule|Sleep Clause Mod: Limit one foe put to sleep\n|rule|Illusion Level Mod: Illusion disguises the Pok\u00e9mon's true level\n|\n|t:|1781397107\n|teamsize|p1|6\n|teamsize|p2|6\n|start\n|switch|p1a: Drednaw|Drednaw, L81, M|278/278\n|switch|p2a: Hawlucha|Hawlucha, L80, F|256/256\n|turn|1\n|inactive|Battle timer is ON: inactive players will automatically lose when time's up. (requested by b3npaii)\n|\n|t:|1781397119\n|switch|p2a: Arboliva|Arboliva, L91, M|290/290\n|switch|p1a: Noivern|Noivern, L82, M|274/274\n|\n|upkeep\n|turn|2\n|\n|t:|1781397123\n|switch|p2a: Pachirisu|Pachirisu, L96, F|271/271\n|move|p1a: Noivern|Hurricane|p2a: Pachirisu\n|-resisted|p2a: Pachirisu\n|-damage|p2a: Pachirisu|225/271\n|\n|upkeep\n|turn|3\n|\n|t:|1781397139\n|move|p1a: Noivern|Flamethrower|p2a: Pachirisu\n|-damage|p2a: Pachirisu|168/271\n|move|p2a: Pachirisu|U-turn|p1a: Noivern\n|-resisted|p1a: Noivern\n|-damage|p1a: Noivern|255/274\n|\n|t:|1781397147\n|switch|p2a: Tentacruel|Tentacruel, L84, M|272/272|[from] U-turn\n|\n|upkeep\n|turn|4\n|\n|t:|1781397167\n|move|p1a: Noivern|Hurricane|p2a: Tentacruel\n|-crit|p2a: Tentacruel\n|-damage|p2a: Tentacruel|154/272\n|move|p2a: Tentacruel|Sludge Bomb|p1a: Noivern\n|-damage|p1a: Noivern|167/274\n|\n|-heal|p2a: Tentacruel|171/272|[from] item: Leftovers\n|upkeep\n|turn|5\n|\n|t:|1781397172\n|move|p1a: Noivern|Hurricane|p2a: Tentacruel\n|-damage|p2a: Tentacruel|89/272\n|move|p2a: Tentacruel|Toxic Spikes|p1a: Noivern\n|-sidestart|p1: nocomment3|move: Toxic Spikes\n|\n|-heal|p2a: Tentacruel|106/272|[from] item: Leftovers\n|upkeep\n|turn|6\n|\n|t:|1781397176\n|move|p1a: Noivern|Hurricane|p2a: Tentacruel\n|-damage|p2a: Tentacruel|19/272\n|-start|p2a: Tentacruel|confusion\n|-activate|p2a: Tentacruel|confusion\n|-damage|p2a: Tentacruel|0 fnt|[from] confusion\n|faint|p2a: Tentacruel\n|\n|upkeep\n|\n|t:|1781397182\n|switch|p2a: Pachirisu|Pachirisu, L96, F|168/271\n|turn|7\n|\n|t:|1781397185\n|move|p1a: Noivern|Flamethrower|p2a: Pachirisu\n|-damage|p2a: Pachirisu|114/271\n|move|p2a: Pachirisu|Discharge|p1a: Noivern\n|-damage|p1a: Noivern|97/274\n|\n|upkeep\n|turn|8\n|\n|t:|1781397189\n|move|p1a: Noivern|Flamethrower|p2a: Pachirisu\n|-damage|p2a: Pachirisu|59/271\n|move|p2a: Pachirisu|Discharge|p1a: Noivern\n|-crit|p1a: Noivern\n|-damage|p1a: Noivern|0 fnt\n|faint|p1a: Noivern\n|\n|upkeep\n|\n|t:|1781397206\n|switch|p1a: Ninetales|Ninetales, L85, M|263/263\n|-weather|SunnyDay|[from] ability: Drought|[of] p1a: Ninetales\n|turn|9\n|\n|t:|1781397208\n|move|p2a: Pachirisu|Discharge|p1a: Ninetales\n|-damage|p1a: Ninetales|200/263\n|move|p1a: Ninetales|Nasty Plot|p1a: Ninetales\n|-boost|p1a: Ninetales|spa|2\n|\n|-weather|SunnyDay|[upkeep]\n|upkeep\n|turn|10\n|\n|t:|1781397213\n|switch|p1a: Lumineon|Lumineon, L93, M|279/279\n|move|p2a: Pachirisu|Encore||[still]\n|-fail|p2a: Pachirisu\n|\n|-weather|SunnyDay|[upkeep]\n|upkeep\n|turn|11\n|\n|t:|1781397218\n|move|p2a: Pachirisu|Discharge|p1a: Lumineon\n|-supereffective|p1a: Lumineon\n|-damage|p1a: Lumineon|151/279\n|move|p1a: Lumineon|Hydro Pump|p2a: Pachirisu\n|-damage|p2a: Pachirisu|14/271\n|\n|-weather|SunnyDay|[upkeep]\n|upkeep\n|turn|12\n|\n|t:|1781397223\n|move|p2a: Pachirisu|Discharge|p1a: Lumineon\n|-supereffective|p1a: Lumineon\n|-damage|p1a: Lumineon|35/279\n|move|p1a: Lumineon|Ice Beam|p2a: Pachirisu\n|-damage|p2a: Pachirisu|0 fnt\n|faint|p2a: Pachirisu\n|\n|-weather|SunnyDay|[upkeep]\n|upkeep\n|\n|t:|1781397231\n|switch|p2a: Hawlucha|Hawlucha, L80, F|256/256\n|turn|13\n|\n|t:|1781397235\n|move|p2a: Hawlucha|Swords Dance|p2a: Hawlucha\n|-boost|p2a: Hawlucha|atk|2\n|move|p1a: Lumineon|Encore|p2a: Hawlucha\n|-start|p2a: Hawlucha|Encore\n|\n|-weather|none\n|upkeep\n|turn|14\n|\n|t:|1781397239\n|switch|p2a: Farigiraf|Farigiraf, L90, M|362/362\n|move|p1a: Lumineon|U-turn|p2a: Farigiraf\n|-supereffective|p2a: Farigiraf\n|-damage|p2a: Farigiraf|264/362\n|\n|t:|1781397248\n|switch|p1a: Magearna|Magearna, L77|250/250|[from] U-turn\n|\n|-heal|p2a: Farigiraf|286/362|[from] item: Leftovers\n|upkeep\n|turn|15\n|\n|t:|1781397252\n|move|p2a: Farigiraf|Body Slam|p1a: Magearna\n|-resisted|p1a: Magearna\n|-damage|p1a: Magearna|208/250\n|move|p1a: Magearna|Calm Mind|p1a: Magearna\n|-boost|p1a: Magearna|spa|1\n|-boost|p1a: Magearna|spd|1\n|\n|-heal|p2a: Farigiraf|308/362|[from] item: Leftovers\n|-heal|p1a: Magearna|223/250|[from] item: Leftovers\n|upkeep\n|turn|16\n|\n|t:|1781397254\n|move|p2a: Farigiraf|Body Slam|p1a: Magearna\n|-resisted|p1a: Magearna\n|-damage|p1a: Magearna|183/250\n|-status|p1a: Magearna|par\n|move|p1a: Magearna|Calm Mind|p1a: Magearna\n|-boost|p1a: Magearna|spa|1\n|-boost|p1a: Magearna|spd|1\n|\n|-heal|p2a: Farigiraf|330/362|[from] item: Leftovers\n|-heal|p1a: Magearna|198/250 par|[from] item: Leftovers\n|upkeep\n|turn|17\n|\n|t:|1781397256\n|switch|p2a: Exeggutor|Exeggutor, L89, M|312/312\n|cant|p1a: Magearna|par\n|\n|-heal|p1a: Magearna|213/250 par|[from] item: Leftovers\n|upkeep\n|turn|18\n|\n|t:|1781397265\n|switch|p1a: Ninetales|Ninetales, L85, M|200/263\n|-weather|SunnyDay|[from] ability: Drought|[of] p1a: Ninetales\n|move|p2a: Exeggutor|Leech Seed|p1a: Ninetales\n|-start|p1a: Ninetales|move: Leech Seed\n|\n|-weather|SunnyDay|[upkeep]\n|-damage|p1a: Ninetales|168/263|[from] Leech Seed|[of] p2a: Exeggutor\n|upkeep\n|turn|19\n|\n|t:|1781397272\n|-terastallize|p1a: Ninetales|Fire\n|move|p1a: Ninetales|Fire Blast|p2a: Exeggutor\n|-supereffective|p2a: Exeggutor\n|-damage|p2a: Exeggutor|0 fnt\n|faint|p2a: Exeggutor\n|\n|-weather|SunnyDay|[upkeep]\n|upkeep\n|\n|t:|1781397278\n|switch|p2a: Farigiraf|Farigiraf, L90, M|330/362\n|turn|20\n|\n|t:|1781397282\n|switch|p1a: Magearna|Magearna, L77|213/250 par\n|move|p2a: Farigiraf|Wish|p2a: Farigiraf\n|\n|-weather|SunnyDay|[upkeep]\n|-heal|p2a: Farigiraf|352/362|[from] item: Leftovers\n|-heal|p1a: Magearna|228/250 par|[from] item: Leftovers\n|upkeep\n|turn|21\n|\n|t:|1781397289\n|switch|p2a: Arboliva|Arboliva, L91, M|290/290\n|move|p1a: Magearna|Calm Mind|p1a: Magearna\n|-boost|p1a: Magearna|spa|1\n|-boost|p1a: Magearna|spd|1\n|\n|-weather|SunnyDay|[upkeep]\n|-heal|p1a: Magearna|243/250 par|[from] item: Leftovers\n|upkeep\n|turn|22\n|\n|t:|1781397295\n|move|p2a: Arboliva|Earth Power|p1a: Magearna\n|-supereffective|p1a: Magearna\n|-damage|p1a: Magearna|137/250 par\n|cant|p1a: Magearna|par\n|\n|-weather|none\n|-heal|p1a: Magearna|152/250 par|[from] item: Leftovers\n|upkeep\n|turn|23\n|\n|t:|1781397300\n|move|p2a: Arboliva|Earth Power|p1a: Magearna\n|-supereffective|p1a: Magearna\n|-damage|p1a: Magearna|34/250 par\n|-unboost|p1a: Magearna|spd|1\n|move|p1a: Magearna|Flash Cannon|p2a: Arboliva\n|-damage|p2a: Arboliva|190/290\n|-fieldstart|move: Grassy Terrain|[from] ability: Seed Sower|[of] p2a: Arboliva\n|\n|-heal|p2a: Arboliva|208/290|[from] Grassy Terrain\n|-heal|p2a: Arboliva|226/290|[from] item: Leftovers\n|-heal|p1a: Magearna|49/250 par|[from] Grassy Terrain\n|-heal|p1a: Magearna|64/250 par|[from] item: Leftovers\n|upkeep\n|turn|24\n|\n|t:|1781397305\n|move|p2a: Arboliva|Earth Power|p1a: Magearna\n|-supereffective|p1a: Magearna\n|-damage|p1a: Magearna|0 fnt\n|faint|p1a: Magearna\n|\n|-heal|p2a: Arboliva|244/290|[from] Grassy Terrain\n|-heal|p2a: Arboliva|262/290|[from] item: Leftovers\n|upkeep\n|\n|t:|1781397308\n|switch|p1a: Ninetales|Ninetales, L85, M, tera:Fire|168/263\n|-weather|SunnyDay|[from] ability: Drought|[of] p1a: Ninetales\n|turn|25\n|\n|t:|1781397317\n|-terastallize|p2a: Arboliva|Ground\n|move|p1a: Ninetales|Fire Blast|p2a: Arboliva\n|-damage|p2a: Arboliva|106/290\n|move|p2a: Arboliva|Earth Power|p1a: Ninetales\n|-supereffective|p1a: Ninetales\n|-damage|p1a: Ninetales|0 fnt\n|faint|p1a: Ninetales\n|\n|-weather|SunnyDay|[upkeep]\n|-heal|p2a: Arboliva|124/290|[from] Grassy Terrain\n|-heal|p2a: Arboliva|142/290|[from] item: Leftovers\n|upkeep\n|\n|t:|1781397332\n|switch|p1a: Slither Wing|Slither Wing, L81|270/270\n|-status|p1a: Slither Wing|psn\n|-activate|p1a: Slither Wing|ability: Protosynthesis\n|-start|p1a: Slither Wing|protosynthesisatk\n|turn|26\n|\n|t:|1781397336\n|move|p1a: Slither Wing|Close Combat|p2a: Arboliva\n|-damage|p2a: Arboliva|0 fnt\n|-unboost|p1a: Slither Wing|def|1\n|-unboost|p1a: Slither Wing|spd|1\n|faint|p2a: Arboliva\n|\n|-weather|SunnyDay|[upkeep]\n|-damage|p1a: Slither Wing|237/270 psn|[from] psn\n|upkeep\n|\n|t:|1781397343\n|switch|p2a: Farigiraf|Farigiraf, L90, M|352/362\n|turn|27\n|\n|t:|1781397354\n|move|p1a: Slither Wing|Close Combat|p2a: Farigiraf\n|-damage|p2a: Farigiraf|136/362\n|-unboost|p1a: Slither Wing|def|1\n|-unboost|p1a: Slither Wing|spd|1\n|move|p2a: Farigiraf|Psychic Noise|p1a: Slither Wing\n|-supereffective|p1a: Slither Wing\n|-crit|p1a: Slither Wing\n|-damage|p1a: Slither Wing|0 fnt\n|faint|p1a: Slither Wing\n|-end|p1a: Slither Wing|Protosynthesis|[silent]\n|\n|-weather|SunnyDay|[upkeep]\n|-heal|p2a: Farigiraf|158/362|[from] Grassy Terrain\n|-heal|p2a: Farigiraf|180/362|[from] item: Leftovers\n|-fieldend|move: Grassy Terrain\n|upkeep\n|\n|t:|1781397366\n|switch|p1a: Lumineon|Lumineon, L93, M|35/279\n|turn|28\n|\n|t:|1781397372\n|move|p1a: Lumineon|Encore|p2a: Farigiraf\n|-start|p2a: Farigiraf|Encore\n|move|p2a: Farigiraf|Psychic Noise|p1a: Lumineon\n|-damage|p1a: Lumineon|0 fnt\n|faint|p1a: Lumineon\n|\n|-weather|SunnyDay|[upkeep]\n|-heal|p2a: Farigiraf|202/362|[from] item: Leftovers\n|upkeep\n|\n|t:|1781397375\n|switch|p1a: Drednaw|Drednaw, L81, M|278/278\n|-status|p1a: Drednaw|psn\n|turn|29\n|\n|t:|1781397378\n|move|p1a: Drednaw|Shell Smash|p1a: Drednaw\n|-unboost|p1a: Drednaw|def|1\n|-unboost|p1a: Drednaw|spd|1\n|-boost|p1a: Drednaw|atk|2\n|-boost|p1a: Drednaw|spa|2\n|-boost|p1a: Drednaw|spe|2\n|-enditem|p1a: Drednaw|White Herb\n|-clearnegativeboost|p1a: Drednaw|[silent]\n|move|p2a: Farigiraf|Psychic Noise|p1a: Drednaw\n|-damage|p1a: Drednaw|158/278 psn\n|-start|p1a: Drednaw|move: Heal Block\n|\n|-weather|none\n|-heal|p2a: Farigiraf|224/362|[from] item: Leftovers\n|-damage|p1a: Drednaw|124/278 psn|[from] psn\n|upkeep\n|turn|30\n|\n|t:|1781397382\n|switch|p2a: Hawlucha|Hawlucha, L80, F|256/256\n|move|p1a: Drednaw|Stone Edge|p2a: Hawlucha\n|-damage|p2a: Hawlucha|0 fnt\n|faint|p2a: Hawlucha\n|\n|-damage|p1a: Drednaw|90/278 psn|[from] psn\n|-end|p1a: Drednaw|move: Heal Block\n|upkeep\n|\n|t:|1781397384\n|switch|p2a: Farigiraf|Farigiraf, L90, M|224/362\n|turn|31\n|\n|t:|1781397388\n|move|p2a: Farigiraf|Protect|p2a: Farigiraf\n|-singleturn|p2a: Farigiraf|Protect\n|move|p1a: Drednaw|Stone Edge|p2a: Farigiraf\n|-activate|p2a: Farigiraf|move: Protect\n|\n|-heal|p2a: Farigiraf|246/362|[from] item: Leftovers\n|-damage|p1a: Drednaw|56/278 psn|[from] psn\n|upkeep\n|turn|32\n|\n|t:|1781397391\n|move|p1a: Drednaw|Stone Edge|p2a: Farigiraf\n|-damage|p2a: Farigiraf|0 fnt\n|faint|p2a: Farigiraf\n|\n|win|nocomment3\n", "uploadtime": 1781397109, "views": 6, "formatid": "gen9randombattle", "rating": null, "private": 0, "password": null}