{"id": "gen9randombattle-2631778380", "format": "[Gen 9] Random Battle", "players": ["shyyak", "monkertv"], "log": "|j|\u2606shyyak\n|j|\u2606monkertv\n|t:|1781438245\n|gametype|singles\n|player|p1|shyyak|2|1949\n|player|p2|monkertv|266|1924\n|gen|9\n|tier|[Gen 9] Random Battle\n|rated|\n|rule|Species Clause: Limit one of each Pok\u00e9mon\n|rule|HP Percentage Mod: HP is shown in percentages\n|rule|Sleep Clause Mod: Limit one foe put to sleep\n|rule|Illusion Level Mod: Illusion disguises the Pok\u00e9mon's true level\n|\n|t:|1781438245\n|teamsize|p1|6\n|teamsize|p2|6\n|start\n|switch|p1a: Illumise|Illumise, L91, F|266/266\n|switch|p2a: Serperior|Serperior, L79, M|248/248\n|turn|1\n|inactive|Battle timer is ON: inactive players will automatically lose when time's up. (requested by shyyak)\n|\n|t:|1781438269\n|switch|p2a: Pyroar|Pyroar, L88, M|295/295\n|-ability|p2a: Pyroar|Unnerve\n|move|p1a: Illumise|Thunder Wave|p2a: Pyroar|[miss]\n|-miss|p1a: Illumise|p2a: Pyroar\n|\n|upkeep\n|turn|2\n|\n|t:|1781438278\n|switch|p1a: Primarina|Primarina, L83, M|268/268\n|move|p2a: Pyroar|Fire Blast|p1a: Primarina\n|-resisted|p1a: Primarina\n|-damage|p1a: Primarina|210/268\n|\n|-heal|p1a: Primarina|226/268|[from] item: Leftovers\n|upkeep\n|turn|3\n|inactive|monkertv has 120 seconds left.\n|\n|t:|1781438318\n|switch|p2a: Noctowl|Noctowl, L95, M|344/344\n|move|p1a: Primarina|Sparkling Aria|p2a: Noctowl\n|-damage|p2a: Noctowl|253/344\n|\n|-heal|p1a: Primarina|242/268|[from] item: Leftovers\n|upkeep\n|turn|4\n|\n|t:|1781438332\n|move|p2a: Noctowl|Nasty Plot|p2a: Noctowl\n|-boost|p2a: Noctowl|spa|2\n|move|p1a: Primarina|Calm Mind|p1a: Primarina\n|-boost|p1a: Primarina|spa|1\n|-boost|p1a: Primarina|spd|1\n|\n|-heal|p1a: Primarina|258/268|[from] item: Leftovers\n|upkeep\n|turn|5\n|\n|t:|1781438337\n|move|p2a: Noctowl|Hurricane|p1a: Primarina|[miss]\n|-miss|p2a: Noctowl|p1a: Primarina\n|move|p1a: Primarina|Draining Kiss|p2a: Noctowl\n|-damage|p2a: Noctowl|177/344\n|-heal|p1a: Primarina|268/268|[from] drain|[of] p2a: Noctowl\n|\n|upkeep\n|turn|6\n|\n|t:|1781438343\n|move|p2a: Noctowl|Roost|p2a: Noctowl\n|-heal|p2a: Noctowl|344/344\n|-singleturn|p2a: Noctowl|move: Roost\n|move|p1a: Primarina|Draining Kiss|p2a: Noctowl\n|-damage|p2a: Noctowl|256/344\n|\n|upkeep\n|turn|7\n|\n|t:|1781438348\n|move|p2a: Noctowl|Nasty Plot|p2a: Noctowl\n|-boost|p2a: Noctowl|spa|2\n|move|p1a: Primarina|Sparkling Aria|p2a: Noctowl\n|-damage|p2a: Noctowl|124/344\n|\n|upkeep\n|turn|8\n|\n|t:|1781438352\n|move|p2a: Noctowl|Roost|p2a: Noctowl\n|-heal|p2a: Noctowl|296/344\n|-singleturn|p2a: Noctowl|move: Roost\n|move|p1a: Primarina|Sparkling Aria|p2a: Noctowl\n|-damage|p2a: Noctowl|161/344\n|\n|upkeep\n|turn|9\n|\n|t:|1781438355\n|switch|p1a: Illumise|Illumise, L91, F|266/266\n|move|p2a: Noctowl|Roost|p2a: Noctowl\n|-heal|p2a: Noctowl|333/344\n|-singleturn|p2a: Noctowl|move: Roost\n|\n|upkeep\n|turn|10\n|\n|t:|1781438360\n|switch|p2a: Pyroar|Pyroar, L88, M|295/295\n|-ability|p2a: Pyroar|Unnerve\n|move|p1a: Illumise|Encore||[still]\n|-fail|p1a: Illumise\n|\n|upkeep\n|turn|11\n|\n|t:|1781438368\n|switch|p1a: Primarina|Primarina, L83, M|268/268\n|move|p2a: Pyroar|Fire Blast|p1a: Primarina|[miss]\n|-miss|p2a: Pyroar|p1a: Primarina\n|\n|upkeep\n|turn|12\n|\n|t:|1781438371\n|switch|p2a: Noctowl|Noctowl, L95, M|333/344\n|move|p1a: Primarina|Sparkling Aria|p2a: Noctowl\n|-damage|p2a: Noctowl|230/344\n|\n|upkeep\n|turn|13\n|\n|t:|1781438375\n|switch|p1a: Illumise|Illumise, L91, F|266/266\n|move|p2a: Noctowl|Nasty Plot|p2a: Noctowl\n|-boost|p2a: Noctowl|spa|2\n|\n|upkeep\n|turn|14\n|\n|t:|1781438379\n|move|p1a: Illumise|Thunder Wave|p2a: Noctowl\n|-status|p2a: Noctowl|par\n|cant|p2a: Noctowl|par\n|\n|upkeep\n|turn|15\n|\n|t:|1781438387\n|move|p1a: Illumise|Encore|p2a: Noctowl\n|-start|p2a: Noctowl|Encore\n|move|p2a: Noctowl|Nasty Plot|p2a: Noctowl\n|-boost|p2a: Noctowl|spa|2\n|\n|upkeep\n|turn|16\n|\n|t:|1781438392\n|switch|p1a: Galvantula|Galvantula, L82, F|249/249\n|move|p2a: Noctowl|Nasty Plot|p2a: Noctowl\n|-boost|p2a: Noctowl|spa|2\n|\n|upkeep\n|turn|17\n|\n|t:|1781438397\n|switch|p2a: Espeon|Espeon, L84, M|246/246\n|move|p1a: Galvantula|Sticky Web|p2a: Espeon\n|move|p2a: Espeon|Sticky Web|p1a: Galvantula|[from] ability: Magic Bounce\n|-sidestart|p1: shyyak|move: Sticky Web\n|\n|upkeep\n|turn|18\n|\n|t:|1781438403\n|switch|p2a: Pyroar|Pyroar, L88, M|295/295\n|-ability|p2a: Pyroar|Unnerve\n|move|p1a: Galvantula|Bug Buzz|p2a: Pyroar\n|-resisted|p2a: Pyroar\n|-damage|p2a: Pyroar|243/295\n|\n|upkeep\n|turn|19\n|\n|t:|1781438410\n|switch|p1a: Primarina|Primarina, L83, M|268/268\n|-activate|p1a: Primarina|move: Sticky Web\n|-unboost|p1a: Primarina|spe|1\n|move|p2a: Pyroar|Work Up|p2a: Pyroar\n|-boost|p2a: Pyroar|atk|1\n|-boost|p2a: Pyroar|spa|1\n|\n|upkeep\n|turn|20\n|\n|t:|1781438416\n|move|p2a: Pyroar|Hyper Voice|p1a: Primarina\n|-damage|p1a: Primarina|136/268\n|move|p1a: Primarina|Sparkling Aria|p2a: Pyroar\n|-supereffective|p2a: Pyroar\n|-damage|p2a: Pyroar|0 fnt\n|faint|p2a: Pyroar\n|\n|-heal|p1a: Primarina|152/268|[from] item: Leftovers\n|upkeep\n|\n|t:|1781438430\n|switch|p2a: Miraidon|Miraidon, L65|238/238\n|-fieldstart|move: Electric Terrain|[from] ability: Hadron Engine|[of] p2a: Miraidon\n|turn|21\n|\n|t:|1781438438\n|switch|p1a: Pachirisu|Pachirisu, L96, F|271/271\n|move|p2a: Miraidon|Electro Drift|p1a: Pachirisu\n|-immune|p1a: Pachirisu|[from] ability: Volt Absorb\n|\n|upkeep\n|turn|22\n|\n|t:|1781438453\n|switch|p2a: Dachsbun|Dachsbun, L92, F|254/254\n|move|p1a: Pachirisu|Super Fang|p2a: Dachsbun\n|-damage|p2a: Dachsbun|127/254\n|\n|-heal|p2a: Dachsbun|142/254|[from] item: Leftovers\n|upkeep\n|turn|23\n|\n|t:|1781438456\n|move|p2a: Dachsbun|Protect|p2a: Dachsbun\n|-singleturn|p2a: Dachsbun|Protect\n|move|p1a: Pachirisu|Discharge|p2a: Dachsbun\n|-activate|p2a: Dachsbun|move: Protect\n|\n|-heal|p2a: Dachsbun|157/254|[from] item: Leftovers\n|upkeep\n|turn|24\n|\n|t:|1781438462\n|move|p1a: Pachirisu|Discharge|p2a: Dachsbun\n|-damage|p2a: Dachsbun|75/254\n|-status|p2a: Dachsbun|par\n|move|p2a: Dachsbun|Wish|p2a: Dachsbun\n|\n|-heal|p2a: Dachsbun|90/254 par|[from] item: Leftovers\n|upkeep\n|turn|25\n|\n|t:|1781438471\n|move|p1a: Pachirisu|Encore|p2a: Dachsbun\n|-start|p2a: Dachsbun|Encore\n|move|p2a: Dachsbun|Wish||[still]\n|-fail|p2a: Dachsbun\n|\n|-heal|p2a: Dachsbun|217/254 par|[from] move: Wish|[wisher] Dachsbun\n|-heal|p2a: Dachsbun|232/254 par|[from] item: Leftovers\n|-fieldend|move: Electric Terrain\n|upkeep\n|turn|26\n|\n|t:|1781438480\n|move|p1a: Pachirisu|Super Fang|p2a: Dachsbun\n|-damage|p2a: Dachsbun|116/254 par\n|move|p2a: Dachsbun|Wish|p2a: Dachsbun\n|\n|-heal|p2a: Dachsbun|131/254 par|[from] item: Leftovers\n|upkeep\n|turn|27\n|\n|t:|1781438494\n|switch|p2a: Noctowl|Noctowl, L95, M|230/344 par\n|move|p1a: Pachirisu|Discharge|p2a: Noctowl\n|-supereffective|p2a: Noctowl\n|-damage|p2a: Noctowl|122/344 par\n|\n|-heal|p2a: Noctowl|249/344 par|[from] move: Wish|[wisher] Dachsbun\n|upkeep\n|turn|28\n|\n|t:|1781438503\n|move|p1a: Pachirisu|Discharge|p2a: Noctowl\n|-supereffective|p2a: Noctowl\n|-damage|p2a: Noctowl|147/344 par\n|cant|p2a: Noctowl|par\n|\n|upkeep\n|turn|29\n|\n|t:|1781438508\n|move|p1a: Pachirisu|U-turn|p2a: Noctowl\n|-resisted|p2a: Noctowl\n|-damage|p2a: Noctowl|122/344 par\n|\n|t:|1781438510\n|switch|p1a: Galvantula|Galvantula, L82, F|249/249|[from] U-turn\n|move|p2a: Noctowl|Hyper Voice|p1a: Galvantula\n|-crit|p1a: Galvantula\n|-damage|p1a: Galvantula|20/249\n|\n|upkeep\n|turn|30\n|\n|t:|1781438516\n|move|p1a: Galvantula|Thunder|p2a: Noctowl\n|-supereffective|p2a: Noctowl\n|-damage|p2a: Noctowl|0 fnt\n|faint|p2a: Noctowl\n|\n|upkeep\n|\n|t:|1781438525\n|switch|p2a: Espeon|Espeon, L84, M|246/246\n|turn|31\n|\n|t:|1781438531\n|switch|p1a: Illumise|Illumise, L91, F|266/266\n|move|p2a: Espeon|Psychic|p1a: Illumise\n|-damage|p1a: Illumise|105/266\n|-damage|p2a: Espeon|222/246|[from] item: Life Orb\n|\n|upkeep\n|turn|32\n|\n|t:|1781438537\n|move|p1a: Illumise|Roost|p1a: Illumise\n|-heal|p1a: Illumise|238/266\n|-singleturn|p1a: Illumise|move: Roost\n|move|p2a: Espeon|Psychic|p1a: Illumise\n|-damage|p1a: Illumise|81/266\n|-damage|p2a: Espeon|198/246|[from] item: Life Orb\n|\n|upkeep\n|turn|33\n|\n|t:|1781438543\n|move|p1a: Illumise|Roost|p1a: Illumise\n|-heal|p1a: Illumise|214/266\n|-singleturn|p1a: Illumise|move: Roost\n|move|p2a: Espeon|Psychic|p1a: Illumise\n|-damage|p1a: Illumise|54/266\n|-damage|p2a: Espeon|174/246|[from] item: Life Orb\n|\n|upkeep\n|turn|34\n|\n|t:|1781438548\n|-terastallize|p2a: Espeon|Psychic\n|move|p1a: Illumise|Roost|p1a: Illumise\n|-heal|p1a: Illumise|187/266\n|-singleturn|p1a: Illumise|move: Roost\n|move|p2a: Espeon|Psychic|p1a: Illumise\n|-damage|p1a: Illumise|0 fnt\n|faint|p1a: Illumise\n|-damage|p2a: Espeon|150/246|[from] item: Life Orb\n|\n|upkeep\n|\n|t:|1781438555\n|switch|p1a: Ursaring|Ursaring, L84, M|288/288\n|-activate|p1a: Ursaring|move: Sticky Web\n|-unboost|p1a: Ursaring|spe|1\n|turn|35\n|\n|t:|1781438568\n|move|p2a: Espeon|Psychic|p1a: Ursaring\n|-damage|p1a: Ursaring|38/288\n|-unboost|p1a: Ursaring|spd|1\n|-damage|p2a: Espeon|126/246|[from] item: Life Orb\n|move|p1a: Ursaring|Crunch|p2a: Espeon\n|-supereffective|p2a: Espeon\n|-damage|p2a: Espeon|0 fnt\n|faint|p2a: Espeon\n|\n|-status|p1a: Ursaring|tox|[from] item: Toxic Orb\n|upkeep\n|\n|t:|1781438574\n|switch|p2a: Serperior|Serperior, L79, M|248/248\n|turn|36\n|\n|t:|1781438581\n|move|p2a: Serperior|Leaf Storm|p1a: Ursaring\n|-damage|p1a: Ursaring|0 fnt\n|-boost|p2a: Serperior|spa|2\n|faint|p1a: Ursaring\n|\n|upkeep\n|\n|t:|1781438583\n|switch|p1a: Keldeo|Keldeo-Resolute, L79|273/273\n|-activate|p1a: Keldeo|move: Sticky Web\n|-unboost|p1a: Keldeo|spe|1\n|turn|37\n|\n|t:|1781438593\n|-terastallize|p1a: Keldeo|Steel\n|move|p2a: Serperior|Substitute|p2a: Serperior\n|-start|p2a: Serperior|Substitute\n|-damage|p2a: Serperior|186/248\n|move|p1a: Keldeo|Secret Sword|p2a: Serperior\n|-end|p2a: Serperior|Substitute\n|\n|-heal|p2a: Serperior|201/248|[from] item: Leftovers\n|upkeep\n|turn|38\n|\n|t:|1781438603\n|move|p2a: Serperior|Leaf Storm|p1a: Keldeo\n|-resisted|p1a: Keldeo\n|-damage|p1a: Keldeo|170/273\n|-boost|p2a: Serperior|spa|2\n|move|p1a: Keldeo|Calm Mind|p1a: Keldeo\n|-boost|p1a: Keldeo|spa|1\n|-boost|p1a: Keldeo|spd|1\n|\n|-heal|p2a: Serperior|216/248|[from] item: Leftovers\n|-heal|p1a: Keldeo|187/273|[from] item: Leftovers\n|upkeep\n|turn|39\n|\n|t:|1781438608\n|move|p2a: Serperior|Leaf Storm|p1a: Keldeo\n|-resisted|p1a: Keldeo\n|-damage|p1a: Keldeo|74/273\n|-boost|p2a: Serperior|spa|2\n|move|p1a: Keldeo|Secret Sword|p2a: Serperior\n|-damage|p2a: Serperior|66/248\n|\n|-heal|p2a: Serperior|81/248|[from] item: Leftovers\n|-heal|p1a: Keldeo|91/273|[from] item: Leftovers\n|upkeep\n|turn|40\n|\n|t:|1781438614\n|move|p2a: Serperior|Leaf Storm|p1a: Keldeo\n|-resisted|p1a: Keldeo\n|-damage|p1a: Keldeo|0 fnt\n|faint|p1a: Keldeo\n|\n|-heal|p2a: Serperior|96/248|[from] item: Leftovers\n|upkeep\n|\n|t:|1781438619\n|switch|p1a: Galvantula|Galvantula, L82, F|20/249\n|turn|41\n|\n|t:|1781438624\n|move|p2a: Serperior|Dragon Pulse|p1a: Galvantula\n|-damage|p1a: Galvantula|0 fnt\n|faint|p1a: Galvantula\n|\n|-heal|p2a: Serperior|111/248|[from] item: Leftovers\n|upkeep\n|\n|t:|1781438627\n|switch|p1a: Pachirisu|Pachirisu, L96, F|271/271\n|turn|42\n|\n|t:|1781438631\n|move|p1a: Pachirisu|U-turn|p2a: Serperior\n|-supereffective|p2a: Serperior\n|-damage|p2a: Serperior|35/248\n|\n|t:|1781438633\n|switch|p1a: Primarina|Primarina, L83, M|152/268|[from] U-turn\n|-activate|p1a: Primarina|move: Sticky Web\n|-unboost|p1a: Primarina|spe|1\n|move|p2a: Serperior|Leaf Storm|p1a: Primarina\n|-supereffective|p1a: Primarina\n|-damage|p1a: Primarina|0 fnt\n|faint|p1a: Primarina\n|\n|-heal|p2a: Serperior|50/248|[from] item: Leftovers\n|upkeep\n|\n|t:|1781438634\n|switch|p1a: Pachirisu|Pachirisu, L96, F|271/271\n|turn|43\n|\n|t:|1781438646\n|move|p1a: Pachirisu|U-turn|p2a: Serperior\n|-supereffective|p2a: Serperior\n|-damage|p2a: Serperior|0 fnt\n|faint|p2a: Serperior\n|\n|upkeep\n|\n|t:|1781438649\n|switch|p2a: Dachsbun|Dachsbun, L92, F|131/254 par\n|turn|44\n|\n|t:|1781438652\n|move|p1a: Pachirisu|Super Fang|p2a: Dachsbun\n|-damage|p2a: Dachsbun|66/254 par\n|move|p2a: Dachsbun|Wish|p2a: Dachsbun\n|\n|-heal|p2a: Dachsbun|81/254 par|[from] item: Leftovers\n|upkeep\n|turn|45\n|\n|t:|1781438656\n|cant|p2a: Dachsbun|par\n|move|p1a: Pachirisu|Super Fang|p2a: Dachsbun\n|-damage|p2a: Dachsbun|41/254 par\n|\n|-heal|p2a: Dachsbun|168/254 par|[from] move: Wish|[wisher] Dachsbun\n|-heal|p2a: Dachsbun|183/254 par|[from] item: Leftovers\n|upkeep\n|turn|46\n|\n|t:|1781438660\n|move|p1a: Pachirisu|Encore|p2a: Dachsbun\n|-start|p2a: Dachsbun|Encore\n|cant|p2a: Dachsbun|par\n|\n|-heal|p2a: Dachsbun|198/254 par|[from] item: Leftovers\n|upkeep\n|turn|47\n|\n|t:|1781438676\n|switch|p2a: Miraidon|Miraidon, L65|238/238\n|-fieldstart|move: Electric Terrain|[from] ability: Hadron Engine|[of] p2a: Miraidon\n|move|p1a: Pachirisu|Super Fang|p2a: Miraidon\n|-damage|p2a: Miraidon|119/238\n|\n|upkeep\n|turn|48\n|\n|t:|1781438687\n|switch|p2a: Dachsbun|Dachsbun, L92, F|198/254 par\n|move|p1a: Pachirisu|Super Fang|p2a: Dachsbun\n|-damage|p2a: Dachsbun|99/254 par\n|\n|-heal|p2a: Dachsbun|114/254 par|[from] item: Leftovers\n|upkeep\n|turn|49\n|\n|t:|1781438693\n|move|p1a: Pachirisu|Discharge|p2a: Dachsbun\n|-damage|p2a: Dachsbun|27/254 par\n|move|p2a: Dachsbun|Wish|p2a: Dachsbun\n|\n|-heal|p2a: Dachsbun|42/254 par|[from] item: Leftovers\n|upkeep\n|turn|50\n|\n|t:|1781438698\n|move|p2a: Dachsbun|Protect|p2a: Dachsbun\n|-singleturn|p2a: Dachsbun|Protect\n|move|p1a: Pachirisu|Discharge|p2a: Dachsbun\n|-activate|p2a: Dachsbun|move: Protect\n|\n|-heal|p2a: Dachsbun|169/254 par|[from] move: Wish|[wisher] Dachsbun\n|-heal|p2a: Dachsbun|184/254 par|[from] item: Leftovers\n|upkeep\n|turn|51\n|\n|t:|1781438702\n|move|p1a: Pachirisu|Discharge|p2a: Dachsbun\n|-damage|p2a: Dachsbun|97/254 par\n|move|p2a: Dachsbun|Wish|p2a: Dachsbun\n|\n|-heal|p2a: Dachsbun|112/254 par|[from] item: Leftovers\n|-fieldend|move: Electric Terrain\n|upkeep\n|turn|52\n|\n|t:|1781438710\n|move|p1a: Pachirisu|Encore|p2a: Dachsbun\n|-start|p2a: Dachsbun|Encore\n|move|p2a: Dachsbun|Wish||[still]\n|-fail|p2a: Dachsbun\n|\n|-heal|p2a: Dachsbun|239/254 par|[from] move: Wish|[wisher] Dachsbun\n|-heal|p2a: Dachsbun|254/254 par|[from] item: Leftovers\n|upkeep\n|turn|53\n|\n|t:|1781438714\n|move|p1a: Pachirisu|Super Fang|p2a: Dachsbun\n|-damage|p2a: Dachsbun|127/254 par\n|cant|p2a: Dachsbun|par\n|\n|-heal|p2a: Dachsbun|142/254 par|[from] item: Leftovers\n|upkeep\n|turn|54\n|\n|t:|1781438719\n|move|p1a: Pachirisu|Super Fang|p2a: Dachsbun\n|-damage|p2a: Dachsbun|71/254 par\n|cant|p2a: Dachsbun|par\n|\n|-heal|p2a: Dachsbun|86/254 par|[from] item: Leftovers\n|-end|p2a: Dachsbun|Encore\n|upkeep\n|turn|55\n|\n|t:|1781438723\n|move|p2a: Dachsbun|Protect|p2a: Dachsbun\n|-singleturn|p2a: Dachsbun|Protect\n|move|p1a: Pachirisu|Encore|p2a: Dachsbun\n|-activate|p2a: Dachsbun|move: Protect\n|\n|-heal|p2a: Dachsbun|101/254 par|[from] item: Leftovers\n|upkeep\n|turn|56\n|\n|t:|1781438730\n|move|p1a: Pachirisu|Super Fang|p2a: Dachsbun\n|-damage|p2a: Dachsbun|51/254 par\n|cant|p2a: Dachsbun|par\n|\n|-heal|p2a: Dachsbun|66/254 par|[from] item: Leftovers\n|upkeep\n|turn|57\n|\n|t:|1781438735\n|move|p1a: Pachirisu|Discharge|p2a: Dachsbun\n|-damage|p2a: Dachsbun|5/254 par\n|cant|p2a: Dachsbun|par\n|\n|-heal|p2a: Dachsbun|20/254 par|[from] item: Leftovers\n|upkeep\n|turn|58\n|\n|t:|1781438755\n|move|p1a: Pachirisu|Discharge|p2a: Dachsbun\n|-damage|p2a: Dachsbun|0 fnt\n|faint|p2a: Dachsbun\n|\n|upkeep\n|\n|t:|1781438757\n|switch|p2a: Miraidon|Miraidon, L65|119/238\n|-fieldstart|move: Electric Terrain|[from] ability: Hadron Engine|[of] p2a: Miraidon\n|turn|59\n|\n|t:|1781438762\n|move|p1a: Pachirisu|Super Fang|p2a: Miraidon\n|-damage|p2a: Miraidon|60/238\n|move|p2a: Miraidon|Draco Meteor|p1a: Pachirisu\n|-damage|p1a: Pachirisu|118/271\n|-unboost|p2a: Miraidon|spa|2\n|-damage|p2a: Miraidon|37/238|[from] item: Life Orb\n|\n|upkeep\n|turn|60\n|\n|t:|1781438770\n|move|p1a: Pachirisu|U-turn|p2a: Miraidon\n|-damage|p2a: Miraidon|0 fnt\n|faint|p2a: Miraidon\n|\n|win|shyyak\n|raw|shyyak's rating: 1949 &rarr; <strong>1968</strong><br />(+19 for winning)\n|raw|monkertv's rating: 1924 &rarr; <strong>1905</strong><br />(-19 for losing)\n", "uploadtime": 1781438247, "views": 4, "formatid": "gen9randombattle", "rating": 1905, "private": 0, "password": null}