{"id": "gen9randombattle-2631898033", "format": "[Gen 9] Random Battle", "players": ["haibaraa", "Atelophobia"], "log": "|j|\u2606haibaraa\n|j|\u2606Atelophobia\n|t:|1781453333\n|gametype|singles\n|player|p1|haibaraa|unknownf|2026\n|player|p2|Atelophobia|1|1957\n|gen|9\n|tier|[Gen 9] Random Battle\n|rated|\n|rule|Species Clause: Limit one of each Pok\u00e9mon\n|rule|HP Percentage Mod: HP is shown in percentages\n|rule|Sleep Clause Mod: Limit one foe put to sleep\n|rule|Illusion Level Mod: Illusion disguises the Pok\u00e9mon's true level\n|\n|t:|1781453333\n|teamsize|p1|6\n|teamsize|p2|6\n|start\n|switch|p1a: Dachsbun|Dachsbun, L92, M|254/254\n|switch|p2a: Regice|Regice, L88|284/284\n|turn|1\n|\n|t:|1781453345\n|move|p1a: Dachsbun|Body Press|p2a: Regice\n|-supereffective|p2a: Regice\n|-damage|p2a: Regice|140/284\n|move|p2a: Regice|Ice Beam|p1a: Dachsbun\n|-damage|p1a: Dachsbun|142/254\n|\n|-heal|p1a: Dachsbun|157/254|[from] item: Leftovers\n|upkeep\n|turn|2\n|\n|t:|1781453350\n|switch|p2a: Ditto|Ditto, L87|225/225\n|-transform|p2a: Ditto|p1a: Dachsbun|[from] ability: Imposter\n|move|p1a: Dachsbun|Body Press|p2a: Ditto\n|-resisted|p2a: Ditto\n|-damage|p2a: Ditto|196/225\n|\n|-heal|p1a: Dachsbun|172/254|[from] item: Leftovers\n|upkeep\n|turn|3\n|\n|t:|1781453354\n|move|p1a: Dachsbun|Protect|p1a: Dachsbun\n|-singleturn|p1a: Dachsbun|Protect\n|move|p2a: Ditto|Wish|p2a: Ditto\n|\n|-heal|p1a: Dachsbun|187/254|[from] item: Leftovers\n|upkeep\n|turn|4\n|\n|t:|1781453358\n|switch|p2a: Regice|Regice, L88|140/284\n|move|p1a: Dachsbun|Body Press|p2a: Regice\n|-supereffective|p2a: Regice\n|-damage|p2a: Regice|0 fnt\n|faint|p2a: Regice\n|\n|-heal|p1a: Dachsbun|202/254|[from] item: Leftovers\n|upkeep\n|\n|t:|1781453367\n|switch|p2a: Iron Leaves|Iron Leaves, L80|275/275\n|turn|5\n|\n|t:|1781453373\n|move|p1a: Dachsbun|Play Rough|p2a: Iron Leaves\n|-damage|p2a: Iron Leaves|175/275\n|move|p2a: Iron Leaves|Leaf Blade|p1a: Dachsbun\n|-damage|p1a: Dachsbun|81/254\n|\n|-heal|p1a: Dachsbun|96/254|[from] item: Leftovers\n|upkeep\n|turn|6\n|\n|t:|1781453377\n|move|p1a: Dachsbun|Protect|p1a: Dachsbun\n|-singleturn|p1a: Dachsbun|Protect\n|move|p2a: Iron Leaves|Leaf Blade|p1a: Dachsbun\n|-activate|p1a: Dachsbun|move: Protect\n|\n|-heal|p1a: Dachsbun|111/254|[from] item: Leftovers\n|upkeep\n|turn|7\n|\n|t:|1781453382\n|switch|p1a: Scyther|Scyther, L82, F|249/249\n|move|p2a: Iron Leaves|Leaf Blade|p1a: Scyther\n|-resisted|p1a: Scyther\n|-damage|p1a: Scyther|204/249\n|\n|upkeep\n|turn|8\n|\n|t:|1781453385\n|-end|p2a: Iron Leaves|Quark Drive|[silent]\n|switch|p2a: Ditto|Ditto, L87|196/225\n|-transform|p2a: Ditto|p1a: Scyther|[from] ability: Imposter\n|move|p1a: Scyther|Dual Wingbeat|p2a: Ditto\n|-supereffective|p2a: Ditto\n|-crit|p2a: Ditto\n|-damage|p2a: Ditto|0 fnt\n|faint|p2a: Ditto\n|-hitcount|p2: Ditto|1\n|\n|upkeep\n|\n|t:|1781453391\n|switch|p2a: Walking Wake|Walking Wake, L79|286/286\n|turn|9\n|\n|t:|1781453398\n|move|p1a: Scyther|Dual Wingbeat|p2a: Walking Wake\n|-damage|p2a: Walking Wake|216/286\n|-damage|p2a: Walking Wake|147/286\n|-hitcount|p2a: Walking Wake|2\n|move|p2a: Walking Wake|Draco Meteor|p1a: Scyther\n|-damage|p1a: Scyther|8/249\n|-unboost|p2a: Walking Wake|spa|2\n|-damage|p2a: Walking Wake|119/286|[from] item: Life Orb\n|\n|upkeep\n|turn|10\n|\n|t:|1781453402\n|move|p1a: Scyther|Dual Wingbeat|p2a: Walking Wake\n|-damage|p2a: Walking Wake|43/286\n|-damage|p2a: Walking Wake|0 fnt\n|faint|p2a: Walking Wake\n|-end|p2a: Walking Wake|Protosynthesis|[silent]\n|-hitcount|p2: Walking Wake|2\n|\n|upkeep\n|\n|t:|1781453405\n|switch|p2a: Keldeo|Keldeo-Resolute, L79|273/273\n|turn|11\n|\n|t:|1781453409\n|move|p2a: Keldeo|Flip Turn|p1a: Scyther\n|-crit|p1a: Scyther\n|-damage|p1a: Scyther|0 fnt\n|faint|p1a: Scyther\n|\n|t:|1781453412\n|switch|p2a: Iron Leaves|Iron Leaves, L80|175/275|[from] Flip Turn\n|\n|upkeep\n|\n|t:|1781453419\n|switch|p1a: Ludicolo|Ludicolo, L90, M|290/290\n|turn|12\n|\n|t:|1781453428\n|move|p2a: Iron Leaves|Megahorn|p1a: Ludicolo\n|-supereffective|p1a: Ludicolo\n|-damage|p1a: Ludicolo|0 fnt\n|faint|p1a: Ludicolo\n|\n|upkeep\n|\n|t:|1781453434\n|switch|p1a: Perrserker|Perrserker, L89, M|269/269\n|turn|13\n|\n|t:|1781453437\n|-end|p2a: Iron Leaves|Quark Drive|[silent]\n|switch|p2a: Keldeo|Keldeo-Resolute, L79|273/273\n|move|p1a: Perrserker|U-turn|p2a: Keldeo\n|-resisted|p2a: Keldeo\n|-damage|p2a: Keldeo|206/273\n|\n|t:|1781453443\n|switch|p1a: Dialga|Dialga, L73|266/266|[from] U-turn\n|-ability|p1a: Dialga|Pressure\n|\n|upkeep\n|turn|14\n|\n|t:|1781453447\n|move|p2a: Keldeo|Secret Sword|p1a: Dialga\n|-supereffective|p1a: Dialga\n|-crit|p1a: Dialga\n|-damage|p1a: Dialga|0 fnt\n|faint|p1a: Dialga\n|\n|upkeep\n|\n|t:|1781453450\n|switch|p1a: Dachsbun|Dachsbun, L92, M|111/254\n|turn|15\n|\n|t:|1781453454\n|switch|p2a: Iron Leaves|Iron Leaves, L80|175/275\n|move|p1a: Dachsbun|Play Rough|p2a: Iron Leaves\n|-crit|p2a: Iron Leaves\n|-damage|p2a: Iron Leaves|10/275\n|\n|-heal|p1a: Dachsbun|126/254|[from] item: Leftovers\n|upkeep\n|turn|16\n|\n|t:|1781453458\n|move|p1a: Dachsbun|Body Press|p2a: Iron Leaves\n|-resisted|p2a: Iron Leaves\n|-damage|p2a: Iron Leaves|0 fnt\n|faint|p2a: Iron Leaves\n|-end|p2a: Iron Leaves|Quark Drive|[silent]\n|\n|-heal|p1a: Dachsbun|141/254|[from] item: Leftovers\n|upkeep\n|\n|t:|1781453460\n|switch|p2a: Keldeo|Keldeo-Resolute, L79|206/273\n|turn|17\n|\n|t:|1781453463\n|move|p1a: Dachsbun|Protect|p1a: Dachsbun\n|-singleturn|p1a: Dachsbun|Protect\n|move|p2a: Keldeo|Hydro Pump|p1a: Dachsbun\n|-activate|p1a: Dachsbun|move: Protect\n|\n|-heal|p1a: Dachsbun|156/254|[from] item: Leftovers\n|upkeep\n|turn|18\n|\n|t:|1781453467\n|move|p2a: Keldeo|Hydro Pump|p1a: Dachsbun\n|-damage|p1a: Dachsbun|29/254\n|move|p1a: Dachsbun|Play Rough|p2a: Keldeo\n|-supereffective|p2a: Keldeo\n|-damage|p2a: Keldeo|6/273\n|\n|-heal|p1a: Dachsbun|44/254|[from] item: Leftovers\n|upkeep\n|turn|19\n|\n|t:|1781453470\n|move|p1a: Dachsbun|Protect|p1a: Dachsbun\n|-singleturn|p1a: Dachsbun|Protect\n|move|p2a: Keldeo|Hydro Pump|p1a: Dachsbun\n|-activate|p1a: Dachsbun|move: Protect\n|\n|-heal|p1a: Dachsbun|59/254|[from] item: Leftovers\n|upkeep\n|turn|20\n|\n|t:|1781453472\n|move|p2a: Keldeo|Hydro Pump|p1a: Dachsbun\n|-damage|p1a: Dachsbun|0 fnt\n|faint|p1a: Dachsbun\n|\n|upkeep\n|\n|t:|1781453475\n|switch|p1a: Perrserker|Perrserker, L89, M|269/269\n|turn|21\n|\n|t:|1781453479\n|move|p2a: Keldeo|Hydro Pump|p1a: Perrserker\n|-damage|p1a: Perrserker|95/269\n|move|p1a: Perrserker|U-turn|p2a: Keldeo\n|-resisted|p2a: Keldeo\n|-damage|p2a: Keldeo|0 fnt\n|faint|p2a: Keldeo\n|\n|t:|1781453481\n|switch|p1a: Mewtwo|Mewtwo, L72|272/272|[from] U-turn\n|-ability|p1a: Mewtwo|Unnerve\n|\n|upkeep\n|\n|t:|1781453483\n|switch|p2a: Gogoat|Gogoat, L88, F|360/360\n|turn|22\n|\n|t:|1781453486\n|-terastallize|p2a: Gogoat|Water\n|move|p1a: Mewtwo|Nasty Plot|p1a: Mewtwo\n|-boost|p1a: Mewtwo|spa|2\n|move|p2a: Gogoat|Bulk Up|p2a: Gogoat\n|-boost|p2a: Gogoat|atk|1\n|-boost|p2a: Gogoat|def|1\n|\n|upkeep\n|turn|23\n|\n|t:|1781453490\n|move|p1a: Mewtwo|Nasty Plot|p1a: Mewtwo\n|-boost|p1a: Mewtwo|spa|2\n|move|p2a: Gogoat|Horn Leech|p1a: Mewtwo\n|-damage|p1a: Mewtwo|119/272\n|\n|upkeep\n|turn|24\n|\n|t:|1781453492\n|move|p1a: Mewtwo|Psystrike|p2a: Gogoat\n|-damage|p2a: Gogoat|0 fnt\n|faint|p2a: Gogoat\n|-damage|p1a: Mewtwo|92/272|[from] item: Life Orb\n|\n|win|haibaraa\n", "uploadtime": 1781453335, "views": 3, "formatid": "gen9randombattle", "rating": null, "private": 0, "password": null}