{"id": "gen9randombattle-2631419933", "format": "[Gen 9] Random Battle", "players": ["Undertaker67", "feraligatr08"], "log": "|j|\u2606Undertaker67\n|j|\u2606feraligatr08\n|t:|1781382448\n|gametype|singles\n|player|p1|Undertaker67|n|2007\n|player|p2|feraligatr08|colress|2106\n|gen|9\n|tier|[Gen 9] Random Battle\n|rated|\n|rule|Species Clause: Limit one of each Pok\u00e9mon\n|rule|HP Percentage Mod: HP is shown in percentages\n|rule|Sleep Clause Mod: Limit one foe put to sleep\n|rule|Illusion Level Mod: Illusion disguises the Pok\u00e9mon's true level\n|\n|t:|1781382448\n|teamsize|p1|6\n|teamsize|p2|6\n|start\n|switch|p1a: Greedent|Greedent, L86, F|347/347\n|switch|p2a: Ariados|Ariados, L95, F|287/287\n|turn|1\n|inactive|Battle timer is ON: inactive players will automatically lose when time's up. (requested by feraligatr08)\n|\n|t:|1781382463\n|move|p2a: Ariados|Knock Off|p1a: Greedent\n|-damage|p1a: Greedent|271/347\n|-enditem|p1a: Greedent|Sitrus Berry|[from] move: Knock Off|[of] p2a: Ariados\n|move|p1a: Greedent|Swords Dance|p1a: Greedent\n|-boost|p1a: Greedent|atk|2\n|\n|upkeep\n|turn|2\n|\n|t:|1781382470\n|move|p2a: Ariados|Sticky Web|p1a: Greedent\n|-sidestart|p1: Undertaker67|move: Sticky Web\n|move|p1a: Greedent|Double-Edge|p2a: Ariados\n|-damage|p2a: Ariados|29/287\n|-damage|p1a: Greedent|186/347|[from] Recoil\n|\n|upkeep\n|turn|3\n|\n|t:|1781382473\n|move|p2a: Ariados|Poison Jab|p1a: Greedent\n|-damage|p1a: Greedent|93/347\n|move|p1a: Greedent|Knock Off|p2a: Ariados\n|-damage|p2a: Ariados|0 fnt\n|-enditem|p2a: Ariados|Focus Sash|[from] move: Knock Off|[of] p1a: Greedent\n|faint|p2a: Ariados\n|\n|upkeep\n|\n|t:|1781382484\n|switch|p2a: Toucannon|Toucannon, L88, M|284/284\n|turn|4\n|\n|t:|1781382505\n|move|p2a: Toucannon|Boomburst|p1a: Greedent\n|-damage|p1a: Greedent|0 fnt\n|faint|p1a: Greedent\n|\n|upkeep\n|inactive|Undertaker67 has 120 seconds left.\n|\n|t:|1781382521\n|switch|p1a: Glaceon|Glaceon, L94, M|275/275\n|turn|5\n|\n|t:|1781382541\n|switch|p2a: Grafaiai|Grafaiai, L86, M|249/249\n|move|p1a: Glaceon|Freeze-Dry|p2a: Grafaiai\n|-damage|p2a: Grafaiai|155/249\n|\n|upkeep\n|turn|6\n|\n|t:|1781382548\n|move|p2a: Grafaiai|Super Fang|p1a: Glaceon\n|-damage|p1a: Glaceon|138/275\n|-status|p1a: Glaceon|psn|[from] ability: Poison Touch|[of] p2a: Grafaiai\n|move|p1a: Glaceon|Mud Shot|p2a: Grafaiai\n|-supereffective|p2a: Grafaiai\n|-damage|p2a: Grafaiai|53/249\n|-unboost|p2a: Grafaiai|spe|1\n|\n|-damage|p1a: Glaceon|104/275 psn|[from] psn\n|upkeep\n|turn|7\n|\n|t:|1781382561\n|switch|p2a: Meowstic|Meowstic-F, L89, F|277/277\n|move|p1a: Glaceon|Freeze-Dry|p2a: Meowstic\n|-damage|p2a: Meowstic|162/277\n|\n|-damage|p1a: Glaceon|70/275 psn|[from] psn\n|upkeep\n|turn|8\n|\n|t:|1781382578\n|switch|p1a: Volbeat|Volbeat, L90, M|263/263\n|move|p2a: Meowstic|Psychic|p1a: Volbeat\n|-damage|p1a: Volbeat|141/263\n|-damage|p2a: Meowstic|135/277|[from] item: Life Orb\n|\n|upkeep\n|turn|9\n|\n|t:|1781382589\n|switch|p2a: Gastrodon|Gastrodon, L86, M|331/331\n|move|p1a: Volbeat|Thunder Wave|p2a: Gastrodon\n|-immune|p2a: Gastrodon\n|\n|upkeep\n|turn|10\n|\n|t:|1781382594\n|move|p1a: Volbeat|Roost|p1a: Volbeat\n|-heal|p1a: Volbeat|263/263\n|-singleturn|p1a: Volbeat|move: Roost\n|move|p2a: Gastrodon|Sludge Bomb|p1a: Volbeat\n|-damage|p1a: Volbeat|197/263\n|\n|upkeep\n|turn|11\n|\n|t:|1781382601\n|move|p1a: Volbeat|Encore|p2a: Gastrodon\n|-start|p2a: Gastrodon|Encore\n|move|p2a: Gastrodon|Sludge Bomb|p1a: Volbeat\n|-damage|p1a: Volbeat|132/263\n|\n|upkeep\n|turn|12\n|\n|t:|1781382603\n|move|p1a: Volbeat|Roost|p1a: Volbeat\n|-heal|p1a: Volbeat|263/263\n|-singleturn|p1a: Volbeat|move: Roost\n|move|p2a: Gastrodon|Sludge Bomb|p1a: Volbeat\n|-damage|p1a: Volbeat|203/263\n|\n|upkeep\n|turn|13\n|\n|t:|1781382607\n|switch|p1a: Tinkaton|Tinkaton, L82, F|274/274\n|-activate|p1a: Tinkaton|move: Sticky Web\n|-unboost|p1a: Tinkaton|spe|1\n|-ability|p1a: Tinkaton|Mold Breaker\n|move|p2a: Gastrodon|Sludge Bomb|p1a: Tinkaton\n|-immune|p1a: Tinkaton\n|\n|-end|p2a: Gastrodon|Encore\n|upkeep\n|turn|14\n|\n|t:|1781382613\n|switch|p1a: Mismagius|Mismagius, L86, M|243/243\n|move|p2a: Gastrodon|Earthquake|p1a: Mismagius\n|-immune|p1a: Mismagius|[from] ability: Levitate\n|\n|upkeep\n|turn|15\n|\n|t:|1781382623\n|switch|p2a: Toucannon|Toucannon, L88, M|284/284\n|move|p1a: Mismagius|Energy Ball|p2a: Toucannon\n|-resisted|p2a: Toucannon\n|-damage|p2a: Toucannon|226/284\n|\n|upkeep\n|turn|16\n|\n|t:|1781382635\n|switch|p1a: Tinkaton|Tinkaton, L82, F|274/274\n|-activate|p1a: Tinkaton|move: Sticky Web\n|-unboost|p1a: Tinkaton|spe|1\n|-ability|p1a: Tinkaton|Mold Breaker\n|-singleturn|p2a: Toucannon|move: Beak Blast\n|move|p2a: Toucannon|Beak Blast|p1a: Tinkaton\n|-resisted|p1a: Tinkaton\n|-damage|p1a: Tinkaton|197/274\n|\n|-heal|p1a: Tinkaton|214/274|[from] item: Leftovers\n|upkeep\n|turn|17\n|\n|t:|1781382646\n|-singleturn|p2a: Toucannon|move: Beak Blast\n|move|p1a: Tinkaton|Knock Off|p2a: Toucannon\n|-damage|p2a: Toucannon|171/284\n|-status|p1a: Tinkaton|brn\n|-enditem|p2a: Toucannon|Heavy-Duty Boots|[from] move: Knock Off|[of] p1a: Tinkaton\n|move|p2a: Toucannon|Beak Blast|p1a: Tinkaton\n|-resisted|p1a: Tinkaton\n|-damage|p1a: Tinkaton|142/274 brn\n|\n|-heal|p1a: Tinkaton|159/274 brn|[from] item: Leftovers\n|-damage|p1a: Tinkaton|142/274 brn|[from] brn\n|upkeep\n|turn|18\n|\n|t:|1781382652\n|move|p2a: Toucannon|Roost|p2a: Toucannon\n|-heal|p2a: Toucannon|284/284\n|-singleturn|p2a: Toucannon|move: Roost\n|move|p1a: Tinkaton|Thunder Wave|p2a: Toucannon\n|-status|p2a: Toucannon|par\n|\n|-heal|p1a: Tinkaton|159/274 brn|[from] item: Leftovers\n|-damage|p1a: Tinkaton|142/274 brn|[from] brn\n|upkeep\n|turn|19\n|\n|t:|1781382657\n|move|p1a: Tinkaton|Gigaton Hammer|p2a: Toucannon\n|-damage|p2a: Toucannon|212/284 par\n|move|p2a: Toucannon|Boomburst|p1a: Tinkaton\n|-resisted|p1a: Tinkaton\n|-damage|p1a: Tinkaton|83/274 brn\n|\n|-heal|p1a: Tinkaton|100/274 brn|[from] item: Leftovers\n|-damage|p1a: Tinkaton|83/274 brn|[from] brn\n|upkeep\n|turn|20\n|\n|t:|1781382662\n|move|p1a: Tinkaton|Play Rough|p2a: Toucannon\n|-damage|p2a: Toucannon|170/284 par\n|move|p2a: Toucannon|Roost|p2a: Toucannon\n|-heal|p2a: Toucannon|284/284 par\n|-singleturn|p2a: Toucannon|move: Roost\n|\n|-heal|p1a: Tinkaton|100/274 brn|[from] item: Leftovers\n|-damage|p1a: Tinkaton|83/274 brn|[from] brn\n|upkeep\n|turn|21\n|\n|t:|1781382666\n|move|p1a: Tinkaton|Gigaton Hammer|p2a: Toucannon\n|-damage|p2a: Toucannon|218/284 par\n|move|p2a: Toucannon|Boomburst|p1a: Tinkaton\n|-resisted|p1a: Tinkaton\n|-damage|p1a: Tinkaton|28/274 brn\n|\n|-heal|p1a: Tinkaton|45/274 brn|[from] item: Leftovers\n|-damage|p1a: Tinkaton|28/274 brn|[from] brn\n|upkeep\n|turn|22\n|\n|t:|1781382677\n|move|p1a: Tinkaton|Play Rough|p2a: Toucannon\n|-damage|p2a: Toucannon|176/284 par\n|move|p2a: Toucannon|Roost|p2a: Toucannon\n|-heal|p2a: Toucannon|284/284 par\n|-singleturn|p2a: Toucannon|move: Roost\n|\n|-heal|p1a: Tinkaton|45/274 brn|[from] item: Leftovers\n|-damage|p1a: Tinkaton|28/274 brn|[from] brn\n|upkeep\n|turn|23\n|\n|t:|1781382683\n|move|p1a: Tinkaton|Play Rough|p2a: Toucannon\n|-damage|p2a: Toucannon|245/284 par\n|move|p2a: Toucannon|Boomburst|p1a: Tinkaton\n|-resisted|p1a: Tinkaton\n|-damage|p1a: Tinkaton|0 fnt\n|faint|p1a: Tinkaton\n|\n|upkeep\n|\n|t:|1781382693\n|switch|p1a: Rampardos|Rampardos, L90, F|321/321\n|-activate|p1a: Rampardos|move: Sticky Web\n|-unboost|p1a: Rampardos|spe|1\n|turn|24\n|inactive|feraligatr08 has 120 seconds left.\n|\n|t:|1781382730\n|-singleturn|p2a: Toucannon|move: Beak Blast\n|move|p1a: Rampardos|Head Smash|p2a: Toucannon\n|-supereffective|p2a: Toucannon\n|-damage|p2a: Toucannon|0 fnt\n|-status|p1a: Rampardos|brn\n|faint|p2a: Toucannon\n|-damage|p1a: Rampardos|198/321 brn|[from] Recoil\n|\n|-damage|p1a: Rampardos|178/321 brn|[from] brn\n|upkeep\n|\n|t:|1781382743\n|switch|p2a: Gastrodon|Gastrodon, L86, M|331/331\n|turn|25\n|\n|t:|1781382748\n|move|p1a: Rampardos|Head Smash|p2a: Gastrodon\n|-resisted|p2a: Gastrodon\n|-damage|p2a: Gastrodon|244/331\n|-damage|p1a: Rampardos|134/321 brn|[from] Recoil\n|move|p2a: Gastrodon|Surf|p1a: Rampardos\n|-supereffective|p1a: Rampardos\n|-damage|p1a: Rampardos|0 fnt\n|faint|p1a: Rampardos\n|\n|-heal|p2a: Gastrodon|264/331|[from] item: Leftovers\n|upkeep\n|\n|t:|1781382765\n|switch|p1a: Glaceon|Glaceon, L94, M|70/275 psn\n|turn|26\n|inactive|feraligatr08 has 120 seconds left.\n|\n|t:|1781382781\n|move|p1a: Glaceon|Wish|p1a: Glaceon\n|move|p2a: Gastrodon|Surf|p1a: Glaceon\n|-damage|p1a: Glaceon|0 fnt\n|faint|p1a: Glaceon\n|\n|-heal|p2a: Gastrodon|284/331|[from] item: Leftovers\n|upkeep\n|\n|t:|1781382786\n|switch|p1a: Mismagius|Mismagius, L86, M|243/243\n|turn|27\n|\n|t:|1781382788\n|move|p1a: Mismagius|Shadow Ball|p2a: Gastrodon\n|-damage|p2a: Gastrodon|125/331\n|-unboost|p2a: Gastrodon|spd|1\n|move|p2a: Gastrodon|Surf|p1a: Mismagius\n|-damage|p1a: Mismagius|159/243\n|\n|-heal|p1a: Mismagius|243/243|[from] move: Wish|[wisher] Glaceon\n|-heal|p2a: Gastrodon|145/331|[from] item: Leftovers\n|upkeep\n|turn|28\n|\n|t:|1781382793\n|switch|p1a: Volbeat|Volbeat, L90, M|203/263\n|switch|p2a: Grafaiai|Grafaiai, L86, M|53/249\n|\n|upkeep\n|turn|29\n|\n|t:|1781382798\n|switch|p2a: Gastrodon|Gastrodon, L86, M|145/331\n|move|p1a: Volbeat|Lunge|p2a: Gastrodon\n|-damage|p2a: Gastrodon|51/331\n|-unboost|p2a: Gastrodon|atk|1\n|\n|-heal|p2a: Gastrodon|71/331|[from] item: Leftovers\n|upkeep\n|turn|30\n|\n|t:|1781382801\n|move|p1a: Volbeat|Lunge|p2a: Gastrodon\n|-damage|p2a: Gastrodon|0 fnt\n|faint|p2a: Gastrodon\n|\n|upkeep\n|\n|t:|1781382805\n|switch|p2a: Whimsicott|Whimsicott, L84, F|238/238\n|turn|31\n|\n|t:|1781382816\n|move|p2a: Whimsicott|Encore|p1a: Volbeat\n|-start|p1a: Volbeat|Encore\n|move|p1a: Volbeat|Lunge|p2a: Whimsicott\n|-damage|p2a: Whimsicott|150/238\n|-unboost|p2a: Whimsicott|atk|1\n|\n|upkeep\n|turn|32\n|\n|t:|1781382840\n|switch|p1a: Mismagius|Mismagius, L86, M|243/243\n|-terastallize|p2a: Whimsicott|Steel\n|move|p2a: Whimsicott|Moonblast|p1a: Mismagius\n|-damage|p1a: Mismagius|164/243\n|\n|upkeep\n|turn|33\n|\n|t:|1781382856\n|move|p2a: Whimsicott|Moonblast|p1a: Mismagius\n|-damage|p1a: Mismagius|88/243\n|move|p1a: Mismagius|Energy Ball|p2a: Whimsicott\n|-resisted|p2a: Whimsicott\n|-damage|p2a: Whimsicott|88/238\n|\n|upkeep\n|turn|34\n|\n|t:|1781382864\n|switch|p1a: Volbeat|Volbeat, L90, M|203/263\n|move|p2a: Whimsicott|Moonblast|p1a: Volbeat\n|-damage|p1a: Volbeat|121/263\n|\n|upkeep\n|turn|35\n|\n|t:|1781382870\n|move|p2a: Whimsicott|Stun Spore|p1a: Volbeat\n|-status|p1a: Volbeat|par\n|move|p1a: Volbeat|Roost|p1a: Volbeat\n|-heal|p1a: Volbeat|253/263 par\n|-singleturn|p1a: Volbeat|move: Roost\n|\n|upkeep\n|turn|36\n|\n|t:|1781382881\n|move|p2a: Whimsicott|Moonblast|p1a: Volbeat\n|-damage|p1a: Volbeat|175/263 par\n|-unboost|p1a: Volbeat|spa|1\n|cant|p1a: Volbeat|par\n|\n|upkeep\n|turn|37\n|\n|t:|1781382889\n|move|p2a: Whimsicott|Encore|p1a: Volbeat\n|-start|p1a: Volbeat|Encore\n|cant|p1a: Volbeat|par\n|\n|upkeep\n|turn|38\n|\n|t:|1781382893\n|move|p1a: Volbeat|Roost|p1a: Volbeat\n|-heal|p1a: Volbeat|263/263 par\n|-singleturn|p1a: Volbeat|move: Roost\n|move|p2a: Whimsicott|Moonblast|p1a: Volbeat\n|-damage|p1a: Volbeat|181/263 par\n|\n|upkeep\n|turn|39\n|\n|t:|1781382896\n|switch|p1a: Mismagius|Mismagius, L86, M|88/243\n|move|p2a: Whimsicott|Moonblast|p1a: Mismagius\n|-damage|p1a: Mismagius|19/243\n|\n|upkeep\n|turn|40\n|\n|t:|1781382898\n|move|p2a: Whimsicott|Moonblast|p1a: Mismagius\n|-damage|p1a: Mismagius|0 fnt\n|faint|p1a: Mismagius\n|\n|upkeep\n|\n|t:|1781382901\n|switch|p1a: Volbeat|Volbeat, L90, M|181/263 par\n|turn|41\n|\n|t:|1781382903\n|move|p2a: Whimsicott|Moonblast|p1a: Volbeat\n|-damage|p1a: Volbeat|103/263 par\n|cant|p1a: Volbeat|par\n|\n|upkeep\n|turn|42\n|\n|t:|1781382908\n|-terastallize|p1a: Volbeat|Steel\n|move|p2a: Whimsicott|Moonblast|p1a: Volbeat\n|-resisted|p1a: Volbeat\n|-crit|p1a: Volbeat\n|-damage|p1a: Volbeat|42/263 par\n|cant|p1a: Volbeat|par\n|\n|upkeep\n|turn|43\n|\n|t:|1781382911\n|move|p2a: Whimsicott|Moonblast|p1a: Volbeat\n|-resisted|p1a: Volbeat\n|-damage|p1a: Volbeat|0 fnt\n|faint|p1a: Volbeat\n|\n|win|feraligatr08\n", "uploadtime": 1781382449, "views": 9, "formatid": "gen9randombattle", "rating": null, "private": 0, "password": null}