{"id": "gen9randombattle-2631598007", "format": "[Gen 9] Random Battle", "players": ["LT_Alt1", "inversify"], "log": "|badge|p1|bronze|gen9randombattle|100-9\n|uhtml|medal-msg|<div class=\"broadcast-blue\">Curious what those medals under the avatar are? PS now has Ladder Seasons! For more information, check out the <a href=\"https://www.smogon.com/forums/threads/3740067/\">thread on Smogon.</a></div>\n|badge|p2|bronze|gen9randombattle|100-9\n|uhtml|medal-msg|<div class=\"broadcast-blue\">Curious what those medals under the avatar are? PS now has Ladder Seasons! For more information, check out the <a href=\"https://www.smogon.com/forums/threads/3740067/\">thread on Smogon.</a></div>\n|j|\u203dLT_Alt1\n|j|\u2606inversify\n|t:|1781406591\n|gametype|singles\n|player|p1|LT_Alt1|170|2240\n|player|p2|inversify|lana|2314\n|gen|9\n|tier|[Gen 9] Random Battle\n|rated|\n|rule|Species Clause: Limit one of each Pok\u00e9mon\n|rule|HP Percentage Mod: HP is shown in percentages\n|rule|Sleep Clause Mod: Limit one foe put to sleep\n|rule|Illusion Level Mod: Illusion disguises the Pok\u00e9mon's true level\n|\n|t:|1781406591\n|teamsize|p1|6\n|teamsize|p2|6\n|start\n|switch|p1a: Falinks|Falinks, L84|246/246\n|switch|p2a: Dialga|Dialga-Origin, L73|266/266\n|-ability|p2a: Dialga|Pressure\n|turn|1\n|\n|t:|1781406609\n|switch|p2a: Garchomp|Garchomp, L74, M|282/282\n|move|p1a: Falinks|Close Combat|p2a: Garchomp\n|-damage|p2a: Garchomp|103/282\n|-unboost|p1a: Falinks|def|1\n|-unboost|p1a: Falinks|spd|1\n|-damage|p1a: Falinks|216/246|[from] ability: Rough Skin|[of] p2a: Garchomp\n|-damage|p1a: Falinks|175/246|[from] item: Rocky Helmet|[of] p2a: Garchomp\n|-damage|p1a: Falinks|151/246|[from] item: Life Orb\n|\n|upkeep\n|turn|2\n|\n|t:|1781406615\n|switch|p1a: Spidops|Spidops, L96, M|271/271\n|move|p2a: Garchomp|Spikes|p1a: Spidops\n|-sidestart|p1: LT_Alt1|Spikes\n|\n|upkeep\n|turn|3\n|\n|t:|1781406630\n|switch|p2a: Araquanid|Araquanid, L82, F|246/246\n|move|p1a: Spidops|Sticky Web|p2a: Araquanid\n|-sidestart|p2: inversify|move: Sticky Web\n|\n|upkeep\n|turn|4\n|\n|t:|1781406637\n|move|p1a: Spidops|Spikes|p2a: Araquanid\n|-sidestart|p2: inversify|Spikes\n|move|p2a: Araquanid|Sticky Web|p1a: Spidops\n|-sidestart|p1: LT_Alt1|move: Sticky Web\n|\n|upkeep\n|turn|5\n|\n|t:|1781406641\n|move|p1a: Spidops|Spikes|p2a: Araquanid\n|-sidestart|p2: inversify|Spikes\n|move|p2a: Araquanid|Liquidation|p1a: Spidops\n|-damage|p1a: Spidops|154/271\n|\n|upkeep\n|turn|6\n|\n|t:|1781406644\n|move|p1a: Spidops|Spikes|p2a: Araquanid\n|-sidestart|p2: inversify|Spikes\n|move|p2a: Araquanid|Liquidation|p1a: Spidops\n|-damage|p1a: Spidops|49/271\n|\n|upkeep\n|turn|7\n|\n|t:|1781406647\n|move|p1a: Spidops|Knock Off|p2a: Araquanid\n|-damage|p2a: Araquanid|171/246\n|-enditem|p2a: Araquanid|Heavy-Duty Boots|[from] move: Knock Off|[of] p1a: Spidops\n|move|p2a: Araquanid|Leech Life|p1a: Spidops\n|-damage|p1a: Spidops|0 fnt\n|-heal|p2a: Araquanid|196/246|[from] drain|[of] p1a: Spidops\n|faint|p1a: Spidops\n|\n|upkeep\n|\n|t:|1781406657\n|switch|p1a: Lycanroc|Lycanroc-Midnight, L89, M|296/296\n|-damage|p1a: Lycanroc|259/296|[from] Spikes\n|-activate|p1a: Lycanroc|move: Sticky Web\n|-unboost|p1a: Lycanroc|spe|1\n|turn|8\n|\n|t:|1781406680\n|-terastallize|p2a: Araquanid|Ground\n|move|p1a: Lycanroc|Stone Edge|p2a: Araquanid\n|-resisted|p2a: Araquanid\n|-damage|p2a: Araquanid|102/246\n|-damage|p1a: Lycanroc|230/296|[from] item: Life Orb\n|move|p2a: Araquanid|Liquidation|p1a: Lycanroc\n|-supereffective|p1a: Lycanroc\n|-damage|p1a: Lycanroc|0 fnt\n|faint|p1a: Lycanroc\n|\n|upkeep\n|\n|t:|1781406693\n|switch|p1a: Falinks|Falinks, L84|151/246\n|-damage|p1a: Falinks|121/246|[from] Spikes\n|-activate|p1a: Falinks|move: Sticky Web\n|-unboost|p1a: Falinks|spe|1\n|-ability|p1a: Falinks|Defiant|boost\n|-boost|p1a: Falinks|atk|2\n|turn|9\n|\n|t:|1781406701\n|move|p1a: Falinks|Close Combat|p2a: Araquanid\n|-damage|p2a: Araquanid|0 fnt\n|-unboost|p1a: Falinks|def|1\n|-unboost|p1a: Falinks|spd|1\n|faint|p2a: Araquanid\n|-damage|p1a: Falinks|97/246|[from] item: Life Orb\n|\n|upkeep\n|\n|t:|1781406706\n|switch|p2a: Garchomp|Garchomp, L74, M|103/282\n|-activate|p2a: Garchomp|move: Sticky Web\n|-unboost|p2a: Garchomp|spe|1\n|-damage|p2a: Garchomp|33/282|[from] Spikes\n|turn|10\n|\n|t:|1781406711\n|move|p2a: Garchomp|Earthquake|p1a: Falinks\n|-damage|p1a: Falinks|0 fnt\n|faint|p1a: Falinks\n|\n|upkeep\n|\n|t:|1781406713\n|switch|p1a: Pyroar|Pyroar, L88, F|295/295\n|-ability|p1a: Pyroar|Unnerve\n|turn|11\n|\n|t:|1781406721\n|move|p1a: Pyroar|Hyper Voice|p2a: Garchomp\n|-damage|p2a: Garchomp|0 fnt\n|faint|p2a: Garchomp\n|\n|upkeep\n|\n|t:|1781406725\n|switch|p2a: Inteleon|Inteleon, L81, M|246/246\n|-activate|p2a: Inteleon|move: Sticky Web\n|-unboost|p2a: Inteleon|spe|1\n|-damage|p2a: Inteleon|185/246|[from] Spikes\n|turn|12\n|\n|t:|1781406737\n|move|p1a: Pyroar|Hyper Voice|p2a: Inteleon\n|-damage|p2a: Inteleon|40/246\n|move|p2a: Inteleon|Scald|p1a: Pyroar\n|-supereffective|p1a: Pyroar\n|-damage|p1a: Pyroar|0 fnt\n|faint|p1a: Pyroar\n|\n|upkeep\n|\n|t:|1781406745\n|switch|p1a: Ursaring|Ursaring, L84, F|288/288\n|-damage|p1a: Ursaring|252/288|[from] Spikes\n|-activate|p1a: Ursaring|move: Sticky Web\n|-unboost|p1a: Ursaring|spe|1\n|turn|13\n|\n|t:|1781406749\n|move|p2a: Inteleon|Scald|p1a: Ursaring\n|-damage|p1a: Ursaring|78/288\n|move|p1a: Ursaring|Body Slam|p2a: Inteleon\n|-damage|p2a: Inteleon|0 fnt\n|faint|p2a: Inteleon\n|\n|upkeep\n|\n|t:|1781406756\n|switch|p2a: Bisharp|Bisharp, L79, M|232/232\n|-activate|p2a: Bisharp|move: Sticky Web\n|-unboost|p2a: Bisharp|spe|1\n|-ability|p2a: Bisharp|Defiant|boost\n|-boost|p2a: Bisharp|atk|2\n|-damage|p2a: Bisharp|174/232|[from] Spikes\n|turn|14\n|\n|t:|1781406761\n|move|p2a: Bisharp|Iron Head|p1a: Ursaring\n|-damage|p1a: Ursaring|0 fnt\n|faint|p1a: Ursaring\n|\n|upkeep\n|\n|t:|1781406763\n|switch|p1a: Zacian|Zacian-Crowned, L64|225/225\n|-damage|p1a: Zacian|197/225|[from] Spikes\n|-activate|p1a: Zacian|move: Sticky Web\n|-unboost|p1a: Zacian|spe|1\n|-ability|p1a: Zacian|Intrepid Sword|boost\n|-boost|p1a: Zacian|atk|1\n|turn|15\n|\n|t:|1781406771\n|move|p1a: Zacian|Close Combat|p2a: Bisharp\n|-supereffective|p2a: Bisharp\n|-damage|p2a: Bisharp|0 fnt\n|-unboost|p1a: Zacian|def|1\n|-unboost|p1a: Zacian|spd|1\n|faint|p2a: Bisharp\n|\n|upkeep\n|\n|t:|1781406781\n|switch|p2a: Mabosstiff|Mabosstiff, L86, M|278/278\n|-activate|p2a: Mabosstiff|move: Sticky Web\n|-unboost|p2a: Mabosstiff|spe|1\n|-damage|p2a: Mabosstiff|209/278|[from] Spikes\n|turn|16\n|\n|t:|1781406785\n|-terastallize|p1a: Zacian|Fighting\n|move|p1a: Zacian|Close Combat|p2a: Mabosstiff\n|-supereffective|p2a: Mabosstiff\n|-damage|p2a: Mabosstiff|0 fnt\n|-unboost|p1a: Zacian|def|1\n|-unboost|p1a: Zacian|spd|1\n|faint|p2a: Mabosstiff\n|\n|upkeep\n|\n|t:|1781406788\n|switch|p2a: Dialga|Dialga-Origin, L73|266/266\n|-activate|p2a: Dialga|move: Sticky Web\n|-unboost|p2a: Dialga|spe|1\n|-damage|p2a: Dialga|200/266|[from] Spikes\n|-ability|p2a: Dialga|Pressure\n|turn|17\n|\n|t:|1781406792\n|move|p1a: Zacian|Close Combat|p2a: Dialga\n|-supereffective|p2a: Dialga\n|-damage|p2a: Dialga|0 fnt\n|-unboost|p1a: Zacian|def|1\n|-unboost|p1a: Zacian|spd|1\n|faint|p2a: Dialga\n|\n|win|LT_Alt1\n|raw|LT_Alt1's rating: 2240 &rarr; <strong>2264</strong><br />(+24 for winning)\n|raw|inversify's rating: 2314 &rarr; <strong>2290</strong><br />(-24 for losing)\n", "uploadtime": 1781406592, "views": 5, "formatid": "gen9randombattle", "rating": 2264, "private": 0, "password": null}