{"id": "gen9randombattle-2632009333", "format": "[Gen 9] Random Battle", "players": ["chichi732", "Hong hoornstaart"], "log": "|j|\u2606chichi732\n|j|\u2606Hong hoornstaart\n|t:|1781465508\n|gametype|singles\n|player|p1|chichi732|102|2215\n|player|p2|Hong hoornstaart|1|2267\n|gen|9\n|tier|[Gen 9] Random Battle\n|rated|\n|rule|Species Clause: Limit one of each Pok\u00e9mon\n|rule|HP Percentage Mod: HP is shown in percentages\n|rule|Sleep Clause Mod: Limit one foe put to sleep\n|rule|Illusion Level Mod: Illusion disguises the Pok\u00e9mon's true level\n|\n|t:|1781465508\n|teamsize|p1|6\n|teamsize|p2|6\n|start\n|switch|p1a: Volcarona|Volcarona, L77, F|257/257\n|switch|p2a: Hitmonchan|Hitmonchan, L87, M|229/229\n|turn|1\n|\n|t:|1781465531\n|move|p1a: Volcarona|Quiver Dance|p1a: Volcarona\n|-boost|p1a: Volcarona|spa|1\n|-boost|p1a: Volcarona|spd|1\n|-boost|p1a: Volcarona|spe|1\n|move|p2a: Hitmonchan|Bulk Up|p2a: Hitmonchan\n|-boost|p2a: Hitmonchan|atk|1\n|-boost|p2a: Hitmonchan|def|1\n|\n|upkeep\n|turn|2\n|\n|t:|1781465550\n|-terastallize|p2a: Hitmonchan|Dark\n|move|p1a: Volcarona|Fire Blast|p2a: Hitmonchan\n|-damage|p2a: Hitmonchan|70/229\n|move|p2a: Hitmonchan|Knock Off|p1a: Volcarona\n|-damage|p1a: Volcarona|28/257\n|-enditem|p1a: Volcarona|Heavy-Duty Boots|[from] move: Knock Off|[of] p2a: Hitmonchan\n|\n|-heal|p2a: Hitmonchan|84/229|[from] item: Leftovers\n|upkeep\n|turn|3\n|\n|t:|1781465561\n|move|p1a: Volcarona|Fire Blast|p2a: Hitmonchan\n|-damage|p2a: Hitmonchan|0 fnt\n|faint|p2a: Hitmonchan\n|\n|upkeep\n|\n|t:|1781465563\n|switch|p2a: Donphan|Donphan, L84, F|288/288\n|turn|4\n|\n|t:|1781465566\n|move|p1a: Volcarona|Giga Drain|p2a: Donphan\n|-supereffective|p2a: Donphan\n|-damage|p2a: Donphan|60/288\n|-heal|p1a: Volcarona|142/257|[from] drain|[of] p2a: Donphan\n|move|p2a: Donphan|Earthquake|p1a: Volcarona\n|-damage|p1a: Volcarona|0 fnt\n|faint|p1a: Volcarona\n|\n|-heal|p2a: Donphan|78/288|[from] item: Leftovers\n|upkeep\n|\n|t:|1781465578\n|switch|p1a: Iron Jugulis|Iron Jugulis, L77|271/271\n|turn|5\n|\n|t:|1781465584\n|move|p2a: Donphan|Ice Shard|p1a: Iron Jugulis\n|-supereffective|p1a: Iron Jugulis\n|-damage|p1a: Iron Jugulis|191/271\n|move|p1a: Iron Jugulis|Dark Pulse|p2a: Donphan\n|-damage|p2a: Donphan|0 fnt\n|faint|p2a: Donphan\n|\n|upkeep\n|\n|t:|1781465588\n|switch|p2a: Whimsicott|Whimsicott, L84, M|238/238\n|turn|6\n|\n|t:|1781465599\n|-end|p1a: Iron Jugulis|Quark Drive|[silent]\n|switch|p1a: Gothitelle|Gothitelle, L90, F|272/272\n|move|p2a: Whimsicott|Substitute|p2a: Whimsicott\n|-start|p2a: Whimsicott|Substitute\n|-damage|p2a: Whimsicott|179/238\n|\n|-heal|p2a: Whimsicott|193/238|[from] item: Leftovers\n|upkeep\n|turn|7\n|\n|t:|1781465605\n|move|p1a: Gothitelle|Psychic|p2a: Whimsicott\n|-end|p2a: Whimsicott|Substitute\n|move|p2a: Whimsicott|Moonblast|p1a: Gothitelle\n|-damage|p1a: Gothitelle|211/272\n|\n|-heal|p2a: Whimsicott|207/238|[from] item: Leftovers\n|upkeep\n|turn|8\n|\n|t:|1781465610\n|move|p2a: Whimsicott|Leech Seed|p1a: Gothitelle\n|-start|p1a: Gothitelle|move: Leech Seed\n|move|p1a: Gothitelle|Psychic|p2a: Whimsicott\n|-damage|p2a: Whimsicott|84/238\n|\n|-heal|p2a: Whimsicott|98/238|[from] item: Leftovers\n|-damage|p1a: Gothitelle|177/272|[from] Leech Seed|[of] p2a: Whimsicott\n|-heal|p2a: Whimsicott|132/238|[silent]\n|upkeep\n|turn|9\n|\n|t:|1781465629\n|move|p1a: Gothitelle|Psychic|p2a: Whimsicott\n|-damage|p2a: Whimsicott|18/238\n|move|p2a: Whimsicott|Moonblast|p1a: Gothitelle\n|-damage|p1a: Gothitelle|108/272\n|-unboost|p1a: Gothitelle|spa|1\n|\n|-heal|p2a: Whimsicott|32/238|[from] item: Leftovers\n|-damage|p1a: Gothitelle|74/272|[from] Leech Seed|[of] p2a: Whimsicott\n|-heal|p2a: Whimsicott|66/238|[silent]\n|upkeep\n|turn|10\n|\n|t:|1781465637\n|move|p2a: Whimsicott|Substitute|p2a: Whimsicott\n|-start|p2a: Whimsicott|Substitute\n|-damage|p2a: Whimsicott|7/238\n|move|p1a: Gothitelle|Psychic|p2a: Whimsicott\n|-end|p2a: Whimsicott|Substitute\n|\n|-heal|p2a: Whimsicott|21/238|[from] item: Leftovers\n|-damage|p1a: Gothitelle|40/272|[from] Leech Seed|[of] p2a: Whimsicott\n|-heal|p2a: Whimsicott|55/238|[silent]\n|upkeep\n|turn|11\n|\n|t:|1781465643\n|move|p1a: Gothitelle|Psychic|p2a: Whimsicott\n|-damage|p2a: Whimsicott|0 fnt\n|faint|p2a: Whimsicott\n|\n|upkeep\n|\n|t:|1781465648\n|switch|p2a: Malamar|Malamar, L82, F|275/275\n|turn|12\n|\n|t:|1781465652\n|switch|p1a: Iron Jugulis|Iron Jugulis, L77|191/271\n|move|p2a: Malamar|Superpower|p1a: Iron Jugulis\n|-damage|p1a: Iron Jugulis|112/271\n|-boost|p2a: Malamar|atk|1\n|-boost|p2a: Malamar|def|1\n|\n|upkeep\n|turn|13\n|\n|t:|1781465660\n|move|p1a: Iron Jugulis|Meteor Beam||[still]\n|-prepare|p1a: Iron Jugulis|Meteor Beam\n|-boost|p1a: Iron Jugulis|spa|1\n|-enditem|p1a: Iron Jugulis|Power Herb\n|-anim|p1a: Iron Jugulis|Meteor Beam|p2a: Malamar\n|-damage|p2a: Malamar|129/275\n|move|p2a: Malamar|Superpower|p1a: Iron Jugulis\n|-crit|p1a: Iron Jugulis\n|-damage|p1a: Iron Jugulis|0 fnt\n|-boost|p2a: Malamar|atk|1\n|-boost|p2a: Malamar|def|1\n|faint|p1a: Iron Jugulis\n|-end|p1a: Iron Jugulis|Quark Drive|[silent]\n|\n|upkeep\n|\n|t:|1781465670\n|switch|p1a: Miraidon|Miraidon, L65|238/238\n|-fieldstart|move: Electric Terrain|[from] ability: Hadron Engine|[of] p1a: Miraidon\n|turn|14\n|\n|t:|1781465675\n|switch|p2a: Tsareena|Tsareena, L87, F|267/267\n|move|p1a: Miraidon|Volt Switch|p2a: Tsareena\n|-resisted|p2a: Tsareena\n|-damage|p2a: Tsareena|204/267\n|\n|t:|1781465680\n|switch|p1a: Gothitelle|Gothitelle, L90, F|40/272|[from] Volt Switch\n|\n|upkeep\n|turn|15\n|\n|t:|1781465684\n|move|p1a: Gothitelle|Psychic|p2a: Tsareena\n|-damage|p2a: Tsareena|102/267\n|move|p2a: Tsareena|Synthesis|p2a: Tsareena\n|-heal|p2a: Tsareena|235/267\n|\n|upkeep\n|turn|16\n|\n|t:|1781465689\n|move|p1a: Gothitelle|Psychic|p2a: Tsareena\n|-damage|p2a: Tsareena|136/267\n|move|p2a: Tsareena|Knock Off|p1a: Gothitelle\n|-supereffective|p1a: Gothitelle\n|-damage|p1a: Gothitelle|0 fnt\n|-enditem|p1a: Gothitelle|Choice Scarf|[from] move: Knock Off|[of] p2a: Tsareena\n|faint|p1a: Gothitelle\n|\n|upkeep\n|\n|t:|1781465694\n|switch|p1a: Toxicroak|Toxicroak, L84, M|277/277\n|turn|17\n|\n|t:|1781465700\n|switch|p2a: Malamar|Malamar, L82, F|129/275\n|move|p1a: Toxicroak|Gunk Shot|p2a: Malamar|[miss]\n|-miss|p1a: Toxicroak|p2a: Malamar\n|\n|upkeep\n|turn|18\n|\n|t:|1781465704\n|move|p1a: Toxicroak|Close Combat|p2a: Malamar\n|-damage|p2a: Malamar|0 fnt\n|-unboost|p1a: Toxicroak|def|1\n|-unboost|p1a: Toxicroak|spd|1\n|faint|p2a: Malamar\n|-damage|p1a: Toxicroak|250/277|[from] item: Life Orb\n|\n|-fieldend|move: Electric Terrain\n|upkeep\n|\n|t:|1781465706\n|switch|p2a: Porygon-Z|Porygon-Z, L83|277/277\n|-ability|p2a: Porygon-Z|Download|boost\n|-boost|p2a: Porygon-Z|spa|1\n|turn|19\n|\n|t:|1781465711\n|move|p2a: Porygon-Z|Tri Attack|p1a: Toxicroak\n|-damage|p1a: Toxicroak|0 fnt\n|faint|p1a: Toxicroak\n|\n|upkeep\n|\n|t:|1781465717\n|switch|p1a: Miraidon|Miraidon, L65|238/238\n|-fieldstart|move: Electric Terrain|[from] ability: Hadron Engine|[of] p1a: Miraidon\n|turn|20\n|\n|t:|1781465721\n|-terastallize|p1a: Miraidon|Electric\n|move|p1a: Miraidon|Electro Drift|p2a: Porygon-Z\n|-damage|p2a: Porygon-Z|0 fnt\n|faint|p2a: Porygon-Z\n|\n|upkeep\n|\n|t:|1781465722\n|switch|p2a: Tsareena|Tsareena, L87, F|136/267\n|turn|21\n|\n|t:|1781465725\n|move|p1a: Miraidon|Electro Drift|p2a: Tsareena\n|-resisted|p2a: Tsareena\n|-damage|p2a: Tsareena|11/267\n|move|p2a: Tsareena|Synthesis|p2a: Tsareena\n|-heal|p2a: Tsareena|144/267\n|\n|upkeep\n|turn|22\n|\n|t:|1781465730\n|move|p1a: Miraidon|Electro Drift|p2a: Tsareena\n|-resisted|p2a: Tsareena\n|-damage|p2a: Tsareena|16/267\n|move|p2a: Tsareena|Synthesis|p2a: Tsareena\n|-heal|p2a: Tsareena|149/267\n|\n|upkeep\n|turn|23\n|\n|t:|1781465734\n|move|p1a: Miraidon|Electro Drift|p2a: Tsareena\n|-resisted|p2a: Tsareena\n|-damage|p2a: Tsareena|18/267\n|move|p2a: Tsareena|Synthesis|p2a: Tsareena\n|-heal|p2a: Tsareena|151/267\n|\n|upkeep\n|turn|24\n|\n|t:|1781465736\n|move|p1a: Miraidon|Electro Drift|p2a: Tsareena\n|-resisted|p2a: Tsareena\n|-damage|p2a: Tsareena|14/267\n|move|p2a: Tsareena|Synthesis|p2a: Tsareena\n|-heal|p2a: Tsareena|147/267\n|\n|-fieldend|move: Electric Terrain\n|upkeep\n|turn|25\n|\n|t:|1781465740\n|switch|p1a: Minior|Minior-Yellow, L79|224/224\n|-formechange|p1a: Minior|Minior-Meteor||[from] ability: Shields Down\n|move|p2a: Tsareena|Synthesis|p2a: Tsareena\n|-heal|p2a: Tsareena|267/267\n|\n|upkeep\n|turn|26\n|\n|t:|1781465746\n|move|p2a: Tsareena|Power Whip|p1a: Minior\n|-damage|p1a: Minior|80/224\n|move|p1a: Minior|Shell Smash|p1a: Minior\n|-unboost|p1a: Minior|def|1\n|-unboost|p1a: Minior|spd|1\n|-boost|p1a: Minior|atk|2\n|-boost|p1a: Minior|spa|2\n|-boost|p1a: Minior|spe|2\n|-enditem|p1a: Minior|White Herb\n|-clearnegativeboost|p1a: Minior|[silent]\n|\n|-formechange|p1a: Minior|Minior-Yellow||[from] ability: Shields Down\n|upkeep\n|turn|27\n|-message|Hong hoornstaart forfeited.\n|\n|win|chichi732\n", "uploadtime": 1781465510, "views": 6, "formatid": "gen9randombattle", "rating": null, "private": 0, "password": null}