{"id": "gen9randombattle-2631530233", "format": "[Gen 9] Random Battle", "players": ["barvilla", "Ahronny"], "log": "|j|\u2606barvilla\n|j|\u203dAhronny\n|t:|1781397233\n|gametype|singles\n|player|p1|barvilla|102|1106\n|player|p2|Ahronny|2|1150\n|gen|9\n|tier|[Gen 9] Random Battle\n|rated|\n|rule|Species Clause: Limit one of each Pok\u00e9mon\n|rule|HP Percentage Mod: HP is shown in percentages\n|rule|Sleep Clause Mod: Limit one foe put to sleep\n|rule|Illusion Level Mod: Illusion disguises the Pok\u00e9mon's true level\n|\n|t:|1781397233\n|teamsize|p1|6\n|teamsize|p2|6\n|start\n|switch|p1a: Misdreavus|Misdreavus, L90, M|254/254\n|switch|p2a: Lumineon|Lumineon, L93, M|279/279\n|turn|1\n|inactive|Battle timer is ON: inactive players will automatically lose when time's up. (requested by barvilla)\n|inactive|Ahronny has 120 seconds left.\n|\n|t:|1781397266\n|switch|p1a: Porygon2|Porygon2, L81|270/270\n|-ability|p1a: Porygon2|Download|boost\n|-boost|p1a: Porygon2|atk|1\n|move|p2a: Lumineon|Hydro Pump|p1a: Porygon2\n|-damage|p1a: Porygon2|167/270\n|-damage|p2a: Lumineon|252/279|[from] item: Life Orb\n|\n|upkeep\n|turn|2\n|\n|t:|1781397277\n|move|p2a: Lumineon|Alluring Voice|p1a: Porygon2\n|-damage|p1a: Porygon2|123/270\n|-damage|p2a: Lumineon|225/279|[from] item: Life Orb\n|move|p1a: Porygon2|Tera Blast|p2a: Lumineon\n|-damage|p2a: Lumineon|143/279\n|\n|upkeep\n|turn|3\n|\n|t:|1781397285\n|move|p2a: Lumineon|Hydro Pump|p1a: Porygon2\n|-damage|p1a: Porygon2|33/270\n|-damage|p2a: Lumineon|116/279|[from] item: Life Orb\n|move|p1a: Porygon2|Shadow Ball|p2a: Lumineon\n|-damage|p2a: Lumineon|65/279\n|\n|upkeep\n|turn|4\n|\n|t:|1781397297\n|move|p2a: Lumineon|Alluring Voice|p1a: Porygon2\n|-damage|p1a: Porygon2|0 fnt\n|faint|p1a: Porygon2\n|-damage|p2a: Lumineon|38/279|[from] item: Life Orb\n|\n|upkeep\n|\n|t:|1781397313\n|switch|p1a: Pyroar|Pyroar, L88, F|295/295\n|-ability|p1a: Pyroar|Unnerve\n|turn|5\n|\n|t:|1781397323\n|switch|p2a: Drednaw|Drednaw, L81, M|278/278\n|move|p1a: Pyroar|Hyper Voice|p2a: Drednaw\n|-resisted|p2a: Drednaw\n|-damage|p2a: Drednaw|207/278\n|\n|upkeep\n|turn|6\n|\n|t:|1781397337\n|switch|p1a: Baxcalibur|Baxcalibur, L75, M|295/295\n|move|p2a: Drednaw|Shell Smash|p2a: Drednaw\n|-unboost|p2a: Drednaw|def|1\n|-unboost|p2a: Drednaw|spd|1\n|-boost|p2a: Drednaw|atk|2\n|-boost|p2a: Drednaw|spa|2\n|-boost|p2a: Drednaw|spe|2\n|-enditem|p2a: Drednaw|White Herb\n|-clearnegativeboost|p2a: Drednaw|[silent]\n|\n|upkeep\n|turn|7\n|\n|t:|1781397356\n|move|p2a: Drednaw|Stone Edge|p1a: Baxcalibur\n|-supereffective|p1a: Baxcalibur\n|-damage|p1a: Baxcalibur|0 fnt\n|faint|p1a: Baxcalibur\n|\n|upkeep\n|\n|t:|1781397363\n|switch|p1a: Suicune|Suicune, L82|298/298\n|-ability|p1a: Suicune|Pressure\n|turn|8\n|\n|t:|1781397374\n|move|p2a: Drednaw|Stone Edge|p1a: Suicune\n|-damage|p1a: Suicune|124/298\n|move|p1a: Suicune|Scald|p2a: Drednaw\n|-damage|p2a: Drednaw|119/278\n|\n|-heal|p1a: Suicune|142/298|[from] item: Leftovers\n|upkeep\n|turn|9\n|\n|t:|1781397389\n|move|p2a: Drednaw|Stone Edge|p1a: Suicune\n|-damage|p1a: Suicune|0 fnt\n|faint|p1a: Suicune\n|\n|upkeep\n|\n|t:|1781397395\n|switch|p1a: Misdreavus|Misdreavus, L90, M|254/254\n|turn|10\n|\n|t:|1781397403\n|move|p2a: Drednaw|Crunch|p1a: Misdreavus\n|-supereffective|p1a: Misdreavus\n|-damage|p1a: Misdreavus|0 fnt\n|faint|p1a: Misdreavus\n|\n|upkeep\n|\n|t:|1781397409\n|switch|p1a: Pyroar|Pyroar, L88, F|295/295\n|-ability|p1a: Pyroar|Unnerve\n|turn|11\n|\n|t:|1781397414\n|move|p2a: Drednaw|Liquidation|p1a: Pyroar\n|-supereffective|p1a: Pyroar\n|-damage|p1a: Pyroar|0 fnt\n|faint|p1a: Pyroar\n|\n|upkeep\n|\n|t:|1781397417\n|switch|p1a: Reshiram|Reshiram, L76|277/277\n|-ability|p1a: Reshiram|Turboblaze\n|turn|12\n|\n|t:|1781397423\n|move|p2a: Drednaw|Liquidation|p1a: Reshiram\n|-damage|p1a: Reshiram|100/277\n|move|p1a: Reshiram|Earth Power|p2a: Drednaw\n|-supereffective|p2a: Drednaw\n|-damage|p2a: Drednaw|0 fnt\n|faint|p2a: Drednaw\n|\n|upkeep\n|\n|t:|1781397443\n|switch|p2a: Lumineon|Lumineon, L93, M|38/279\n|turn|13\n|\n|t:|1781397453\n|move|p2a: Lumineon|Hydro Pump|p1a: Reshiram\n|-damage|p1a: Reshiram|0 fnt\n|faint|p1a: Reshiram\n|-damage|p2a: Lumineon|11/279|[from] item: Life Orb\n|\n|win|Ahronny\n|raw|barvilla's rating: 1106 &rarr; <strong>1084</strong><br />(-22 for losing)\n|raw|Ahronny's rating: 1150 &rarr; <strong>1172</strong><br />(+22 for winning)\n|l|\u2606barvilla\n|player|p1|\n", "uploadtime": 1781397464, "views": 17, "formatid": "gen9randombattle", "rating": 1084, "private": 0, "password": null}