{"id": "gen9randombattle-2631968657", "format": "[Gen 9] Random Battle", "players": ["big froggy", "ediss puthie"], "log": "|j|\u2606big froggy\n|j|\u2606ediss puthie\n|t:|1781461036\n|gametype|singles\n|player|p1|big froggy|fisherman-gen4|1251\n|player|p2|ediss puthie|backpacker|1251\n|gen|9\n|tier|[Gen 9] Random Battle\n|rated|\n|rule|Species Clause: Limit one of each Pok\u00e9mon\n|rule|HP Percentage Mod: HP is shown in percentages\n|rule|Sleep Clause Mod: Limit one foe put to sleep\n|rule|Illusion Level Mod: Illusion disguises the Pok\u00e9mon's true level\n|\n|t:|1781461036\n|teamsize|p1|6\n|teamsize|p2|6\n|start\n|switch|p1a: Goodra|Goodra-Hisui, L82, M|265/265\n|switch|p2a: Sinistcha|Sinistcha, L83|254/254\n|turn|1\n|inactive|Battle timer is ON: inactive players will automatically lose when time's up. (requested by big froggy)\n|\n|t:|1781461046\n|move|p2a: Sinistcha|Calm Mind|p2a: Sinistcha\n|-boost|p2a: Sinistcha|spa|1\n|-boost|p2a: Sinistcha|spd|1\n|move|p1a: Goodra|Fire Blast|p2a: Sinistcha|[miss]\n|-miss|p1a: Goodra|p2a: Sinistcha\n|\n|upkeep\n|turn|2\n|\n|t:|1781461059\n|move|p2a: Sinistcha|Strength Sap|p1a: Goodra\n|-ability|p1a: Goodra|Sap Sipper|boost\n|-boost|p1a: Goodra|atk|1\n|move|p1a: Goodra|Fire Blast|p2a: Sinistcha\n|-supereffective|p2a: Sinistcha\n|-damage|p2a: Sinistcha|190/254\n|\n|-heal|p2a: Sinistcha|205/254|[from] item: Leftovers\n|upkeep\n|turn|3\n|\n|t:|1781461068\n|switch|p1a: Hawlucha|Hawlucha, L80, M|256/256\n|move|p2a: Sinistcha|Shadow Ball|p1a: Hawlucha\n|-damage|p1a: Hawlucha|63/256\n|\n|-heal|p2a: Sinistcha|220/254|[from] item: Leftovers\n|upkeep\n|turn|4\n|\n|t:|1781461082\n|move|p1a: Hawlucha|Brave Bird|p2a: Sinistcha\n|-supereffective|p2a: Sinistcha\n|-damage|p2a: Sinistcha|26/254\n|-damage|p1a: Hawlucha|0 fnt|[from] Recoil\n|faint|p1a: Hawlucha\n|move|p2a: Sinistcha|Calm Mind|p2a: Sinistcha\n|-boost|p2a: Sinistcha|spa|1\n|-boost|p2a: Sinistcha|spd|1\n|\n|-heal|p2a: Sinistcha|41/254|[from] item: Leftovers\n|upkeep\n|\n|t:|1781461102\n|switch|p1a: Dusknoir|Dusknoir, L89, M|225/225\n|-item|p2a: Sinistcha|Leftovers|[from] ability: Frisk|[of] p1a: Dusknoir\n|turn|5\n|\n|t:|1781461111\n|move|p1a: Dusknoir|Shadow Sneak|p2a: Sinistcha\n|-supereffective|p2a: Sinistcha\n|-damage|p2a: Sinistcha|0 fnt\n|faint|p2a: Sinistcha\n|\n|upkeep\n|\n|t:|1781461126\n|switch|p2a: Grimmsnarl|Grimmsnarl, L83, M|293/293\n|turn|6\n|\n|t:|1781461135\n|switch|p1a: Goodra|Goodra-Hisui, L82, M|265/265\n|move|p2a: Grimmsnarl|Taunt|p1a: Goodra\n|-start|p1a: Goodra|move: Taunt\n|\n|upkeep\n|turn|7\n|\n|t:|1781461144\n|move|p2a: Grimmsnarl|Parting Shot|p1a: Goodra\n|-unboost|p1a: Goodra|atk|1\n|-unboost|p1a: Goodra|spa|1\n|\n|t:|1781461150\n|switch|p2a: Hitmonlee|Hitmonlee, L85, M|224/224|[from] Parting Shot\n|move|p1a: Goodra|Heavy Slam|p2a: Hitmonlee\n|-damage|p2a: Hitmonlee|106/224\n|\n|upkeep\n|turn|8\n|\n|t:|1781461163\n|switch|p1a: Dusknoir|Dusknoir, L89, M|225/225\n|-item|p2a: Hitmonlee|White Herb|[from] ability: Frisk|[of] p1a: Dusknoir\n|move|p2a: Hitmonlee|Swords Dance|p2a: Hitmonlee\n|-boost|p2a: Hitmonlee|atk|2\n|\n|upkeep\n|turn|9\n|\n|t:|1781461174\n|switch|p1a: Terrakion|Terrakion, L79|273/273\n|move|p2a: Hitmonlee|Knock Off|p1a: Terrakion\n|-resisted|p1a: Terrakion\n|-damage|p1a: Terrakion|184/273\n|-ability|p1a: Terrakion|Justified|boost\n|-boost|p1a: Terrakion|atk|1\n|-enditem|p1a: Terrakion|Choice Band|[from] move: Knock Off|[of] p2a: Hitmonlee\n|\n|upkeep\n|turn|10\n|\n|t:|1781461184\n|move|p1a: Terrakion|Stone Edge|p2a: Hitmonlee\n|-resisted|p2a: Hitmonlee\n|-damage|p2a: Hitmonlee|0 fnt\n|faint|p2a: Hitmonlee\n|\n|upkeep\n|\n|t:|1781461194\n|switch|p2a: Trevenant|Trevenant, L89, F|296/296\n|turn|11\n|\n|t:|1781461201\n|move|p1a: Terrakion|Stone Edge|p2a: Trevenant\n|-damage|p2a: Trevenant|104/296\n|-enditem|p2a: Trevenant|Sitrus Berry|[eat]\n|-heal|p2a: Trevenant|178/296|[from] item: Sitrus Berry\n|move|p2a: Trevenant|Drain Punch|p1a: Terrakion\n|-supereffective|p1a: Terrakion\n|-damage|p1a: Terrakion|54/273\n|-heal|p2a: Trevenant|243/296|[from] drain|[of] p1a: Terrakion\n|\n|-item|p2a: Trevenant|Sitrus Berry|[from] ability: Harvest\n|upkeep\n|turn|12\n|\n|t:|1781461216\n|move|p1a: Terrakion|Stone Edge|p2a: Trevenant\n|-damage|p2a: Trevenant|65/296\n|-enditem|p2a: Trevenant|Sitrus Berry|[eat]\n|-heal|p2a: Trevenant|139/296|[from] item: Sitrus Berry\n|move|p2a: Trevenant|Poltergeist||[still]\n|-fail|p2a: Trevenant\n|\n|upkeep\n|turn|13\n|\n|t:|1781461230\n|move|p1a: Terrakion|Stone Edge|p2a: Trevenant\n|-crit|p2a: Trevenant\n|-damage|p2a: Trevenant|0 fnt\n|faint|p2a: Trevenant\n|\n|upkeep\n|\n|t:|1781461236\n|switch|p2a: Eelektross|Eelektross, L87, F|290/290\n|turn|14\n|\n|t:|1781461245\n|move|p1a: Terrakion|Close Combat|p2a: Eelektross\n|-damage|p2a: Eelektross|71/290\n|-unboost|p1a: Terrakion|def|1\n|-unboost|p1a: Terrakion|spd|1\n|move|p2a: Eelektross|Discharge|p1a: Terrakion\n|-damage|p1a: Terrakion|0 fnt\n|faint|p1a: Terrakion\n|\n|upkeep\n|\n|t:|1781461257\n|switch|p1a: Dusknoir|Dusknoir, L89, M|225/225\n|-item|p2a: Eelektross|Assault Vest|[from] ability: Frisk|[of] p1a: Dusknoir\n|turn|15\n|\n|t:|1781461262\n|move|p1a: Dusknoir|Shadow Sneak|p2a: Eelektross\n|-damage|p2a: Eelektross|0 fnt\n|faint|p2a: Eelektross\n|\n|upkeep\n|\n|t:|1781461271\n|switch|p2a: Grafaiai|Grafaiai, L86, M|249/249\n|turn|16\n|\n|t:|1781461276\n|switch|p1a: Goodra|Goodra-Hisui, L82, M|265/265\n|move|p2a: Grafaiai|Knock Off|p1a: Goodra\n|-damage|p1a: Goodra|202/265\n|-enditem|p1a: Goodra|Assault Vest|[from] move: Knock Off|[of] p2a: Grafaiai\n|\n|upkeep\n|turn|17\n|\n|t:|1781461284\n|move|p2a: Grafaiai|U-turn|p1a: Goodra\n|-resisted|p1a: Goodra\n|-damage|p1a: Goodra|177/265\n|\n|t:|1781461288\n|switch|p2a: Grimmsnarl|Grimmsnarl, L83, M|293/293|[from] U-turn\n|move|p1a: Goodra|Heavy Slam|p2a: Grimmsnarl\n|-supereffective|p2a: Grimmsnarl\n|-damage|p2a: Grimmsnarl|0 fnt\n|faint|p2a: Grimmsnarl\n|\n|upkeep\n|c|\u2606ediss puthie|gg\n|\n|t:|1781461295\n|switch|p2a: Grafaiai|Grafaiai, L86, M|249/249\n|turn|18\n|c|\u2606big froggy|gg\n|\n|t:|1781461304\n|move|p2a: Grafaiai|Super Fang|p1a: Goodra\n|-damage|p1a: Goodra|89/265\n|move|p1a: Goodra|Heavy Slam|p2a: Grafaiai\n|-damage|p2a: Grafaiai|90/249\n|\n|upkeep\n|turn|19\n|c|\u2606ediss puthie|youre awesome\n|-message|ediss puthie forfeited.\n|\n|win|big froggy\n|raw|big froggy's rating: 1251 &rarr; <strong>1276</strong><br />(+25 for winning)\n|raw|ediss puthie's rating: 1251 &rarr; <strong>1226</strong><br />(-25 for losing)\n|l|\u2606ediss puthie\n|player|p2|\n", "uploadtime": 1781461325, "views": 2, "formatid": "gen9randombattle", "rating": 1226, "private": 0, "password": null}