{"id": "gen9randombattle-2631684019", "format": "[Gen 9] Random Battle", "players": ["MassNoob21", "yes eye on1"], "log": "|j|\u2606MassNoob21\n|j|\u2606yes eye on1\n|t:|1781421202\n|gametype|singles\n|player|p1|MassNoob21|rosa|1337\n|player|p2|yes eye on1|266|1317\n|gen|9\n|tier|[Gen 9] Random Battle\n|rated|\n|rule|Species Clause: Limit one of each Pok\u00e9mon\n|rule|HP Percentage Mod: HP is shown in percentages\n|rule|Sleep Clause Mod: Limit one foe put to sleep\n|rule|Illusion Level Mod: Illusion disguises the Pok\u00e9mon's true level\n|\n|t:|1781421202\n|teamsize|p1|6\n|teamsize|p2|6\n|start\n|switch|p1a: Persian|Persian, L92, F|269/269\n|switch|p2a: Chi-Yu|Chi-Yu, L77|211/211\n|-ability|p2a: Chi-Yu|Beads of Ruin\n|turn|1\n|\n|t:|1781421212\n|move|p2a: Chi-Yu|Flamethrower|p1a: Persian\n|-damage|p1a: Persian|116/269\n|-status|p1a: Persian|brn\n|move|p1a: Persian|Double-Edge|p2a: Chi-Yu\n|-damage|p2a: Chi-Yu|110/211\n|-damage|p1a: Persian|83/269 brn|[from] Recoil\n|\n|-damage|p1a: Persian|67/269 brn|[from] brn\n|upkeep\n|turn|2\n|\n|t:|1781421229\n|move|p2a: Chi-Yu|Flamethrower|p1a: Persian\n|-damage|p1a: Persian|0 fnt\n|faint|p1a: Persian\n|\n|upkeep\n|\n|t:|1781421236\n|switch|p1a: Camerupt|Camerupt, L91, M|275/275\n|turn|3\n|\n|t:|1781421246\n|switch|p2a: Whimsicott|Whimsicott, L84, F|238/238\n|move|p1a: Camerupt|Earthquake|p2a: Whimsicott\n|-resisted|p2a: Whimsicott\n|-crit|p2a: Whimsicott\n|-damage|p2a: Whimsicott|134/238\n|\n|upkeep\n|turn|4\n|\n|t:|1781421252\n|move|p2a: Whimsicott|Encore|p1a: Camerupt\n|-start|p1a: Camerupt|Encore\n|move|p1a: Camerupt|Earthquake|p2a: Whimsicott\n|-resisted|p2a: Whimsicott\n|-damage|p2a: Whimsicott|66/238\n|\n|upkeep\n|turn|5\n|\n|t:|1781421257\n|move|p2a: Whimsicott|Giga Drain|p1a: Camerupt\n|-damage|p1a: Camerupt|205/275\n|-heal|p2a: Whimsicott|101/238|[from] drain|[of] p1a: Camerupt\n|move|p1a: Camerupt|Earthquake|p2a: Whimsicott\n|-resisted|p2a: Whimsicott\n|-damage|p2a: Whimsicott|32/238\n|\n|-heal|p1a: Camerupt|222/275|[from] item: Leftovers\n|upkeep\n|turn|6\n|\n|t:|1781421263\n|move|p2a: Whimsicott|U-turn|p1a: Camerupt\n|-resisted|p1a: Camerupt\n|-damage|p1a: Camerupt|203/275\n|\n|t:|1781421266\n|switch|p2a: Chimecho|Chimecho, L93, F|290/290|[from] U-turn\n|move|p1a: Camerupt|Earthquake|p2a: Chimecho\n|-immune|p2a: Chimecho|[from] ability: Levitate\n|\n|-heal|p1a: Camerupt|220/275|[from] item: Leftovers\n|-end|p1a: Camerupt|Encore\n|upkeep\n|turn|7\n|\n|t:|1781421272\n|move|p2a: Chimecho|Calm Mind|p2a: Chimecho\n|-boost|p2a: Chimecho|spa|1\n|-boost|p2a: Chimecho|spd|1\n|move|p1a: Camerupt|Overheat|p2a: Chimecho\n|-damage|p2a: Chimecho|179/290\n|-unboost|p1a: Camerupt|spa|2\n|\n|-heal|p2a: Chimecho|197/290|[from] item: Leftovers\n|-heal|p1a: Camerupt|237/275|[from] item: Leftovers\n|upkeep\n|turn|8\n|\n|t:|1781421286\n|move|p2a: Chimecho|Calm Mind|p2a: Chimecho\n|-boost|p2a: Chimecho|spa|1\n|-boost|p2a: Chimecho|spd|1\n|move|p1a: Camerupt|Stealth Rock|p2a: Chimecho\n|-sidestart|p2: yes eye on1|move: Stealth Rock\n|\n|-heal|p2a: Chimecho|215/290|[from] item: Leftovers\n|-heal|p1a: Camerupt|254/275|[from] item: Leftovers\n|upkeep\n|turn|9\n|\n|t:|1781421292\n|move|p2a: Chimecho|Psychic Noise|p1a: Camerupt\n|-damage|p1a: Camerupt|68/275\n|-start|p1a: Camerupt|move: Heal Block\n|move|p1a: Camerupt|Roar|p2a: Chimecho\n|drag|p2a: Infernape|Infernape, L82, M|259/259\n|-damage|p2a: Infernape|227/259|[from] Stealth Rock\n|\n|upkeep\n|turn|10\n|\n|t:|1781421307\n|move|p2a: Infernape|Knock Off|p1a: Camerupt\n|-damage|p1a: Camerupt|0 fnt\n|-enditem|p1a: Camerupt|Leftovers|[from] move: Knock Off|[of] p2a: Infernape\n|faint|p1a: Camerupt\n|\n|upkeep\n|\n|t:|1781421332\n|switch|p1a: Dedenne|Dedenne, L88, M|261/261\n|turn|11\n|\n|t:|1781421335\n|move|p1a: Dedenne|Nuzzle|p2a: Infernape\n|-damage|p2a: Infernape|206/259\n|-status|p2a: Infernape|par\n|move|p2a: Infernape|Knock Off|p1a: Dedenne\n|-resisted|p1a: Dedenne\n|-damage|p1a: Dedenne|197/261\n|-enditem|p1a: Dedenne|Sitrus Berry|[from] move: Knock Off|[of] p2a: Infernape\n|\n|upkeep\n|turn|12\n|\n|t:|1781421341\n|switch|p2a: Clodsire|Clodsire, L81, F|343/343\n|-damage|p2a: Clodsire|322/343|[from] Stealth Rock\n|move|p1a: Dedenne|Thunderbolt|p2a: Clodsire\n|-immune|p2a: Clodsire\n|\n|-heal|p2a: Clodsire|343/343|[from] item: Leftovers\n|upkeep\n|turn|13\n|\n|t:|1781421351\n|move|p1a: Dedenne|U-turn|p2a: Clodsire\n|-resisted|p2a: Clodsire\n|-damage|p2a: Clodsire|319/343\n|\n|t:|1781421359\n|switch|p1a: Braviary|Braviary, L85, M|309/309|[from] U-turn\n|move|p2a: Clodsire|Earthquake|p1a: Braviary\n|-immune|p1a: Braviary\n|\n|-heal|p2a: Clodsire|340/343|[from] item: Leftovers\n|upkeep\n|turn|14\n|\n|t:|1781421366\n|move|p1a: Braviary|Bulk Up|p1a: Braviary\n|-boost|p1a: Braviary|atk|1\n|-boost|p1a: Braviary|def|1\n|move|p2a: Clodsire|Curse|p2a: Clodsire\n|-unboost|p2a: Clodsire|spe|1\n|-boost|p2a: Clodsire|atk|1\n|-boost|p2a: Clodsire|def|1\n|\n|-heal|p2a: Clodsire|343/343|[from] item: Leftovers\n|upkeep\n|turn|15\n|\n|t:|1781421377\n|move|p1a: Braviary|Bulk Up|p1a: Braviary\n|-boost|p1a: Braviary|atk|1\n|-boost|p1a: Braviary|def|1\n|move|p2a: Clodsire|Curse|p2a: Clodsire\n|-unboost|p2a: Clodsire|spe|1\n|-boost|p2a: Clodsire|atk|1\n|-boost|p2a: Clodsire|def|1\n|\n|upkeep\n|turn|16\n|\n|t:|1781421379\n|move|p1a: Braviary|Bulk Up|p1a: Braviary\n|-boost|p1a: Braviary|atk|1\n|-boost|p1a: Braviary|def|1\n|move|p2a: Clodsire|Curse|p2a: Clodsire\n|-unboost|p2a: Clodsire|spe|1\n|-boost|p2a: Clodsire|atk|1\n|-boost|p2a: Clodsire|def|1\n|\n|upkeep\n|turn|17\n|\n|t:|1781421380\n|move|p1a: Braviary|Bulk Up|p1a: Braviary\n|-boost|p1a: Braviary|atk|1\n|-boost|p1a: Braviary|def|1\n|move|p2a: Clodsire|Curse|p2a: Clodsire\n|-unboost|p2a: Clodsire|spe|1\n|-boost|p2a: Clodsire|atk|1\n|-boost|p2a: Clodsire|def|1\n|\n|upkeep\n|turn|18\n|\n|t:|1781421382\n|move|p1a: Braviary|Bulk Up|p1a: Braviary\n|-boost|p1a: Braviary|atk|1\n|-boost|p1a: Braviary|def|1\n|move|p2a: Clodsire|Curse|p2a: Clodsire\n|-unboost|p2a: Clodsire|spe|1\n|-boost|p2a: Clodsire|atk|1\n|-boost|p2a: Clodsire|def|1\n|\n|upkeep\n|turn|19\n|\n|t:|1781421387\n|move|p1a: Braviary|Bulk Up|p1a: Braviary\n|-boost|p1a: Braviary|atk|1\n|-boost|p1a: Braviary|def|1\n|move|p2a: Clodsire|Curse|p2a: Clodsire\n|-unboost|p2a: Clodsire|spe|1\n|-boost|p2a: Clodsire|atk|1\n|-boost|p2a: Clodsire|def|1\n|\n|upkeep\n|turn|20\n|\n|t:|1781421409\n|move|p1a: Braviary|Brave Bird|p2a: Clodsire\n|-damage|p2a: Clodsire|129/343\n|-damage|p1a: Braviary|238/309|[from] Recoil\n|move|p2a: Clodsire|Gunk Shot|p1a: Braviary\n|-damage|p1a: Braviary|138/309\n|\n|-heal|p2a: Clodsire|150/343|[from] item: Leftovers\n|upkeep\n|turn|21\n|\n|t:|1781421418\n|move|p1a: Braviary|Brave Bird|p2a: Clodsire\n|-damage|p2a: Clodsire|0 fnt\n|faint|p2a: Clodsire\n|-damage|p1a: Braviary|88/309|[from] Recoil\n|\n|upkeep\n|\n|t:|1781421430\n|switch|p2a: Whimsicott|Whimsicott, L84, F|32/238\n|turn|22\n|\n|t:|1781421432\n|move|p2a: Whimsicott|Encore|p1a: Braviary\n|-start|p1a: Braviary|Encore\n|move|p1a: Braviary|Brave Bird|p2a: Whimsicott\n|-supereffective|p2a: Whimsicott\n|-damage|p2a: Whimsicott|0 fnt\n|faint|p2a: Whimsicott\n|-damage|p1a: Braviary|77/309|[from] Recoil\n|\n|upkeep\n|\n|t:|1781421441\n|switch|p2a: Chi-Yu|Chi-Yu, L77|110/211\n|-damage|p2a: Chi-Yu|58/211|[from] Stealth Rock\n|-ability|p2a: Chi-Yu|Beads of Ruin\n|turn|23\n|\n|t:|1781421443\n|move|p2a: Chi-Yu|Flamethrower|p1a: Braviary\n|-damage|p1a: Braviary|0 fnt\n|faint|p1a: Braviary\n|\n|upkeep\n|\n|t:|1781421452\n|switch|p1a: Enamorus|Enamorus-Therian, L83, F|259/259\n|turn|24\n|\n|t:|1781421458\n|move|p2a: Chi-Yu|Flamethrower|p1a: Enamorus\n|-damage|p1a: Enamorus|121/259\n|move|p1a: Enamorus|Agility|p1a: Enamorus\n|-boost|p1a: Enamorus|spe|2\n|\n|upkeep\n|turn|25\n|\n|t:|1781421469\n|move|p2a: Chi-Yu|Flamethrower|p1a: Enamorus\n|-damage|p1a: Enamorus|0 fnt\n|faint|p1a: Enamorus\n|\n|upkeep\n|\n|t:|1781421474\n|switch|p1a: Dedenne|Dedenne, L88, M|197/261\n|turn|26\n|\n|t:|1781421477\n|move|p2a: Chi-Yu|Flamethrower|p1a: Dedenne\n|-damage|p1a: Dedenne|31/261\n|move|p1a: Dedenne|Thunderbolt|p2a: Chi-Yu\n|-damage|p2a: Chi-Yu|0 fnt\n|faint|p2a: Chi-Yu\n|\n|upkeep\n|\n|t:|1781421483\n|switch|p2a: Infernape|Infernape, L82, M|206/259 par\n|-damage|p2a: Infernape|174/259 par|[from] Stealth Rock\n|turn|27\n|\n|t:|1781421490\n|move|p1a: Dedenne|Thunderbolt|p2a: Infernape\n|-damage|p2a: Infernape|54/259 par\n|move|p2a: Infernape|Flare Blitz|p1a: Dedenne\n|-damage|p1a: Dedenne|0 fnt\n|faint|p1a: Dedenne\n|-damage|p2a: Infernape|44/259 par|[from] Recoil\n|\n|upkeep\n|\n|t:|1781421492\n|switch|p1a: Flapple|Flapple, L88, M|266/266\n|turn|28\n|\n|t:|1781421499\n|move|p1a: Flapple|Grav Apple|p2a: Infernape|[miss]\n|-miss|p1a: Flapple|p2a: Infernape\n|move|p2a: Infernape|Flare Blitz|p1a: Flapple\n|-damage|p1a: Flapple|0 fnt\n|faint|p1a: Flapple\n|-damage|p2a: Infernape|0 fnt|[from] Recoil\n|faint|p2a: Infernape\n|\n|win|yes eye on1\n|raw|MassNoob21's rating: 1337 &rarr; <strong>1316</strong><br />(-21 for losing)\n|raw|yes eye on1's rating: 1317 &rarr; <strong>1338</strong><br />(+21 for winning)\n|l|\u2606MassNoob21\n|player|p1|\n", "uploadtime": 1781421502, "views": 2, "formatid": "gen9randombattle", "rating": 1316, "private": 0, "password": null}