{"id": "gen9randombattle-2632004398", "format": "[Gen 9] Random Battle", "players": ["Knayrus", "Chakraisgae"], "log": "|j|\u2606Knayrus\n|j|\u2606Chakraisgae\n|t:|1781464967\n|gametype|singles\n|player|p1|Knayrus|drayden|2123\n|player|p2|Chakraisgae|2|2131\n|gen|9\n|tier|[Gen 9] Random Battle\n|rated|\n|rule|Species Clause: Limit one of each Pok\u00e9mon\n|rule|HP Percentage Mod: HP is shown in percentages\n|rule|Sleep Clause Mod: Limit one foe put to sleep\n|rule|Illusion Level Mod: Illusion disguises the Pok\u00e9mon's true level\n|\n|t:|1781464967\n|teamsize|p1|6\n|teamsize|p2|6\n|start\n|switch|p1a: Necrozma|Necrozma-Dusk-Mane, L69|248/248\n|switch|p2a: Dusknoir|Dusknoir, L89, M|225/225\n|-item|p1a: Necrozma|Weakness Policy|[from] ability: Frisk|[of] p2a: Dusknoir\n|turn|1\n|inactive|Battle timer is ON: inactive players will automatically lose when time's up. (requested by Chakraisgae)\n|\n|t:|1781464995\n|switch|p1a: Swalot|Swalot, L90, M|326/326\n|switch|p2a: Orthworm|Orthworm, L88, M|266/266\n|\n|upkeep\n|turn|2\n|\n|t:|1781465011\n|switch|p1a: Cresselia|Cresselia, L80, F|323/323\n|move|p2a: Orthworm|Coil|p2a: Orthworm\n|-boost|p2a: Orthworm|atk|1\n|-boost|p2a: Orthworm|def|1\n|-boost|p2a: Orthworm|accuracy|1\n|\n|upkeep\n|turn|3\n|\n|t:|1781465017\n|move|p1a: Cresselia|Calm Mind|p1a: Cresselia\n|-boost|p1a: Cresselia|spa|1\n|-boost|p1a: Cresselia|spd|1\n|move|p2a: Orthworm|Coil|p2a: Orthworm\n|-boost|p2a: Orthworm|atk|1\n|-boost|p2a: Orthworm|def|1\n|-boost|p2a: Orthworm|accuracy|1\n|\n|upkeep\n|turn|4\n|\n|t:|1781465035\n|move|p1a: Cresselia|Thunderbolt|p2a: Orthworm\n|-damage|p2a: Orthworm|170/266\n|move|p2a: Orthworm|Coil|p2a: Orthworm\n|-boost|p2a: Orthworm|atk|1\n|-boost|p2a: Orthworm|def|1\n|-boost|p2a: Orthworm|accuracy|1\n|\n|upkeep\n|turn|5\n|\n|t:|1781465042\n|move|p1a: Cresselia|Calm Mind|p1a: Cresselia\n|-boost|p1a: Cresselia|spa|1\n|-boost|p1a: Cresselia|spd|1\n|move|p2a: Orthworm|Iron Tail|p1a: Cresselia\n|-damage|p1a: Cresselia|97/323\n|\n|-heal|p1a: Cresselia|117/323|[from] item: Leftovers\n|upkeep\n|turn|6\n|\n|t:|1781465050\n|move|p1a: Cresselia|Thunderbolt|p2a: Orthworm\n|-damage|p2a: Orthworm|47/266\n|-status|p2a: Orthworm|par\n|move|p2a: Orthworm|Rest|p2a: Orthworm\n|-status|p2a: Orthworm|slp|[from] move: Rest\n|-heal|p2a: Orthworm|266/266 slp|[silent]\n|-enditem|p2a: Orthworm|Chesto Berry|[eat]\n|-curestatus|p2a: Orthworm|slp|[msg]\n|\n|-heal|p1a: Cresselia|137/323|[from] item: Leftovers\n|upkeep\n|turn|7\n|\n|t:|1781465057\n|move|p1a: Cresselia|Thunderbolt|p2a: Orthworm\n|-damage|p2a: Orthworm|143/266\n|move|p2a: Orthworm|Iron Tail|p1a: Cresselia\n|-damage|p1a: Cresselia|0 fnt\n|faint|p1a: Cresselia\n|\n|upkeep\n|inactive|Knayrus has 120 seconds left.\n|c|\u2606Knayrus|whole team walled by this\n|\n|t:|1781465101\n|switch|p1a: Swalot|Swalot, L90, M|326/326\n|turn|8\n|\n|t:|1781465109\n|move|p2a: Orthworm|Iron Tail|p1a: Swalot\n|-damage|p1a: Swalot|85/326\n|move|p1a: Swalot|Sludge Bomb|p2a: Orthworm\n|-immune|p2a: Orthworm\n|\n|-heal|p1a: Swalot|105/326|[from] item: Leftovers\n|upkeep\n|turn|9\n|\n|t:|1781465115\n|move|p2a: Orthworm|Body Press|p1a: Swalot\n|-resisted|p1a: Swalot\n|-damage|p1a: Swalot|0 fnt\n|faint|p1a: Swalot\n|\n|upkeep\n|\n|t:|1781465118\n|switch|p1a: Necrozma|Necrozma-Dusk-Mane, L69|248/248\n|turn|10\n|\n|t:|1781465123\n|move|p2a: Orthworm|Body Press|p1a: Necrozma\n|-damage|p1a: Necrozma|43/248\n|move|p1a: Necrozma|Dragon Dance|p1a: Necrozma\n|-boost|p1a: Necrozma|atk|1\n|-boost|p1a: Necrozma|spe|1\n|\n|upkeep\n|turn|11\n|\n|t:|1781465129\n|move|p1a: Necrozma|Sunsteel Strike|p2a: Orthworm\n|-resisted|p2a: Orthworm\n|-damage|p2a: Orthworm|122/266\n|move|p2a: Orthworm|Body Press|p1a: Necrozma\n|-damage|p1a: Necrozma|0 fnt\n|faint|p1a: Necrozma\n|\n|upkeep\n|j| me and kd\n|\n|t:|1781465137\n|switch|p1a: Roaring Moon|Roaring Moon, L72|270/270\n|turn|12\n|l| me and kd\n|\n|t:|1781465143\n|move|p1a: Roaring Moon|Knock Off|p2a: Orthworm\n|-damage|p2a: Orthworm|104/266\n|move|p2a: Orthworm|Body Press|p1a: Roaring Moon\n|-supereffective|p1a: Roaring Moon\n|-crit|p1a: Roaring Moon\n|-damage|p1a: Roaring Moon|0 fnt\n|faint|p1a: Roaring Moon\n|-end|p1a: Roaring Moon|Protosynthesis|[silent]\n|\n|upkeep\n|\n|t:|1781465150\n|switch|p1a: Dodrio|Dodrio, L85, F|241/241\n|turn|13\n|\n|t:|1781465154\n|move|p1a: Dodrio|Brave Bird|p2a: Orthworm\n|-resisted|p2a: Orthworm\n|-damage|p2a: Orthworm|75/266\n|-damage|p1a: Dodrio|231/241|[from] Recoil\n|move|p2a: Orthworm|Body Press|p1a: Dodrio\n|-damage|p1a: Dodrio|0 fnt\n|faint|p1a: Dodrio\n|\n|upkeep\n|\n|t:|1781465161\n|switch|p1a: Ursaluna|Ursaluna, L79, F|335/335\n|turn|14\n|c|\u2606Knayrus|I never had a chance\n|\n|t:|1781465191\n|move|p2a: Orthworm|Body Press|p1a: Ursaluna\n|-supereffective|p1a: Ursaluna\n|-damage|p1a: Ursaluna|0 fnt\n|faint|p1a: Ursaluna\n|\n|win|Chakraisgae\n", "uploadtime": 1781464969, "views": 6, "formatid": "gen9randombattle", "rating": null, "private": 0, "password": null}