{"id": "gen9randombattle-2631772471", "format": "[Gen 9] Random Battle", "players": ["Ggstarmie", "smokeycool"], "log": "|j|\u2606Ggstarmie\n|j|\u2606smokeycool\n|t:|1781437296\n|gametype|singles\n|player|p1|Ggstarmie|1|2066\n|player|p2|smokeycool|worker|1988\n|gen|9\n|tier|[Gen 9] Random Battle\n|rated|\n|rule|Species Clause: Limit one of each Pok\u00e9mon\n|rule|HP Percentage Mod: HP is shown in percentages\n|rule|Sleep Clause Mod: Limit one foe put to sleep\n|rule|Illusion Level Mod: Illusion disguises the Pok\u00e9mon's true level\n|\n|t:|1781437296\n|teamsize|p1|6\n|teamsize|p2|6\n|start\n|switch|p1a: Gyarados|Gyarados, L79, F|280/280\n|switch|p2a: Enamorus|Enamorus-Therian, L83, F|259/259\n|-ability|p1a: Gyarados|Intimidate|boost\n|-unboost|p2a: Enamorus|atk|1\n|turn|1\n|\n|t:|1781437308\n|switch|p1a: Chansey|Chansey, L85, F|564/564\n|move|p2a: Enamorus|Moonblast|p1a: Chansey\n|-damage|p1a: Chansey|489/564\n|\n|upkeep\n|turn|2\n|\n|t:|1781437317\n|switch|p2a: Regigigas|Regigigas, L84|322/322\n|-start|p2a: Regigigas|ability: Slow Start\n|move|p1a: Chansey|Thunder Wave|p2a: Regigigas\n|-status|p2a: Regigigas|par\n|\n|upkeep\n|turn|3\n|\n|t:|1781437322\n|switch|p1a: Great Tusk|Great Tusk, L77|304/304\n|move|p2a: Regigigas|Knock Off|p1a: Great Tusk\n|-resisted|p1a: Great Tusk\n|-damage|p1a: Great Tusk|283/304\n|-enditem|p1a: Great Tusk|Leftovers|[from] move: Knock Off|[of] p2a: Regigigas\n|\n|upkeep\n|turn|4\n|\n|t:|1781437327\n|move|p2a: Regigigas|Protect|p2a: Regigigas\n|-singleturn|p2a: Regigigas|Protect\n|move|p1a: Great Tusk|Bulk Up|p1a: Great Tusk\n|-boost|p1a: Great Tusk|atk|1\n|-boost|p1a: Great Tusk|def|1\n|\n|upkeep\n|turn|5\n|\n|t:|1781437340\n|switch|p2a: Spectrier|Spectrier, L75|274/274\n|move|p1a: Great Tusk|Bulk Up|p1a: Great Tusk\n|-boost|p1a: Great Tusk|atk|1\n|-boost|p1a: Great Tusk|def|1\n|\n|upkeep\n|turn|6\n|\n|t:|1781437344\n|move|p2a: Spectrier|Will-O-Wisp|p1a: Great Tusk\n|-status|p1a: Great Tusk|brn\n|move|p1a: Great Tusk|Earthquake|p2a: Spectrier\n|-damage|p2a: Spectrier|103/274\n|\n|-damage|p1a: Great Tusk|264/304 brn|[from] brn\n|upkeep\n|turn|7\n|\n|t:|1781437348\n|move|p2a: Spectrier|Shadow Ball|p1a: Great Tusk\n|-damage|p1a: Great Tusk|76/304 brn\n|-damage|p2a: Spectrier|76/274|[from] item: Life Orb\n|move|p1a: Great Tusk|Earthquake|p2a: Spectrier\n|-damage|p2a: Spectrier|0 fnt\n|faint|p2a: Spectrier\n|\n|-damage|p1a: Great Tusk|57/304 brn|[from] brn\n|upkeep\n|\n|t:|1781437358\n|switch|p2a: Dragapult|Dragapult, L77, M|262/262\n|turn|8\n|\n|t:|1781437371\n|-end|p1a: Great Tusk|Protosynthesis|[silent]\n|switch|p1a: Chansey|Chansey, L85, F|489/564\n|move|p2a: Dragapult|Dragon Darts|p1a: Chansey\n|-damage|p1a: Chansey|343/564\n|-anim|p2a: Dragapult|Dragon Darts|p1a: Chansey\n|-damage|p1a: Chansey|187/564\n|-damage|p2a: Dragapult|236/262|[from] item: Life Orb\n|\n|upkeep\n|turn|9\n|\n|t:|1781437376\n|switch|p1a: Donphan|Donphan, L84, F|288/288\n|move|p2a: Dragapult|Dragon Darts|p1a: Donphan\n|-damage|p1a: Donphan|230/288\n|-anim|p2a: Dragapult|Dragon Darts|p1a: Donphan\n|-damage|p1a: Donphan|175/288\n|-damage|p2a: Dragapult|210/262|[from] item: Life Orb\n|\n|-heal|p1a: Donphan|193/288|[from] item: Leftovers\n|upkeep\n|turn|10\n|\n|t:|1781437382\n|switch|p2a: Enamorus|Enamorus-Therian, L83, F|259/259\n|move|p1a: Donphan|Ice Spinner|p2a: Enamorus\n|-supereffective|p2a: Enamorus\n|-damage|p2a: Enamorus|149/259\n|-enditem|p2a: Enamorus|Weakness Policy\n|-boost|p2a: Enamorus|atk|2|[from] item: Weakness Policy\n|-boost|p2a: Enamorus|spa|2|[from] item: Weakness Policy\n|\n|-heal|p1a: Donphan|211/288|[from] item: Leftovers\n|upkeep\n|turn|11\n|\n|t:|1781437390\n|move|p1a: Donphan|Ice Spinner|p2a: Enamorus\n|-supereffective|p2a: Enamorus\n|-damage|p2a: Enamorus|35/259\n|move|p2a: Enamorus|Agility|p2a: Enamorus\n|-boost|p2a: Enamorus|spe|2\n|\n|-heal|p1a: Donphan|229/288|[from] item: Leftovers\n|upkeep\n|turn|12\n|\n|t:|1781437400\n|switch|p1a: Chansey|Chansey, L85, F|187/564\n|move|p2a: Enamorus|Moonblast|p1a: Chansey\n|-damage|p1a: Chansey|30/564\n|\n|upkeep\n|turn|13\n|\n|t:|1781437403\n|move|p2a: Enamorus|Moonblast|p1a: Chansey\n|-damage|p1a: Chansey|0 fnt\n|faint|p1a: Chansey\n|\n|upkeep\n|\n|t:|1781437405\n|switch|p1a: Ceruledge|Ceruledge, L78, F|245/245\n|turn|14\n|\n|t:|1781437407\n|move|p1a: Ceruledge|Shadow Sneak|p2a: Enamorus\n|-damage|p2a: Enamorus|0 fnt\n|faint|p2a: Enamorus\n|\n|upkeep\n|\n|t:|1781437415\n|switch|p2a: Flamigo|Flamigo, L82, F|269/269\n|turn|15\n|\n|t:|1781437423\n|switch|p1a: Great Tusk|Great Tusk, L77|57/304 brn\n|move|p2a: Flamigo|Swords Dance|p2a: Flamigo\n|-boost|p2a: Flamigo|atk|2\n|\n|-damage|p1a: Great Tusk|38/304 brn|[from] brn\n|upkeep\n|turn|16\n|\n|t:|1781437428\n|move|p2a: Flamigo|Throat Chop|p1a: Great Tusk\n|-resisted|p1a: Great Tusk\n|-damage|p1a: Great Tusk|0 fnt\n|faint|p1a: Great Tusk\n|-end|p1a: Great Tusk|Protosynthesis|[silent]\n|-damage|p2a: Flamigo|243/269|[from] item: Life Orb\n|\n|upkeep\n|\n|t:|1781437445\n|switch|p1a: Gyarados|Gyarados, L79, F|280/280\n|-ability|p1a: Gyarados|Intimidate|boost\n|-fail|p2a: Flamigo|unboost|Attack|[from] ability: Scrappy|[of] p2a: Flamigo\n|turn|17\n|inactive|Battle timer is ON: inactive players will automatically lose when time's up. (requested by smokeycool)\n|\n|t:|1781437472\n|move|p2a: Flamigo|Brave Bird|p1a: Gyarados\n|-damage|p1a: Gyarados|0 fnt\n|faint|p1a: Gyarados\n|-damage|p2a: Flamigo|151/269|[from] Recoil\n|-damage|p2a: Flamigo|125/269|[from] item: Life Orb\n|\n|upkeep\n|\n|t:|1781437483\n|switch|p1a: Leavanny|Leavanny, L86, M|269/269\n|turn|18\n|\n|t:|1781437506\n|move|p1a: Leavanny|Sticky Web|p2a: Flamigo\n|-sidestart|p2: smokeycool|move: Sticky Web\n|move|p2a: Flamigo|Brave Bird|p1a: Leavanny\n|-supereffective|p1a: Leavanny\n|-damage|p1a: Leavanny|0 fnt\n|faint|p1a: Leavanny\n|-damage|p2a: Flamigo|36/269|[from] Recoil\n|-damage|p2a: Flamigo|10/269|[from] item: Life Orb\n|\n|upkeep\n|\n|t:|1781437510\n|switch|p1a: Ceruledge|Ceruledge, L78, F|245/245\n|turn|19\n|\n|t:|1781437513\n|move|p1a: Ceruledge|Shadow Sneak|p2a: Flamigo\n|-damage|p2a: Flamigo|0 fnt\n|faint|p2a: Flamigo\n|\n|upkeep\n|\n|t:|1781437523\n|switch|p2a: Dragapult|Dragapult, L77, M|210/262\n|-activate|p2a: Dragapult|move: Sticky Web\n|-fail|p2a: Dragapult|unboost|[from] ability: Clear Body|[of] p2a: Dragapult\n|turn|20\n|\n|t:|1781437526\n|switch|p1a: Donphan|Donphan, L84, F|229/288\n|-terastallize|p2a: Dragapult|Ghost\n|move|p2a: Dragapult|Tera Blast|p1a: Donphan|[anim] Tera Blast Ghost\n|-damage|p1a: Donphan|120/288\n|-damage|p2a: Dragapult|184/262|[from] item: Life Orb\n|\n|-heal|p1a: Donphan|138/288|[from] item: Leftovers\n|upkeep\n|turn|21\n|\n|t:|1781437531\n|move|p2a: Dragapult|Dragon Dance|p2a: Dragapult\n|-boost|p2a: Dragapult|atk|1\n|-boost|p2a: Dragapult|spe|1\n|move|p1a: Donphan|Earthquake|p2a: Dragapult\n|-damage|p2a: Dragapult|18/262\n|\n|-heal|p1a: Donphan|156/288|[from] item: Leftovers\n|upkeep\n|turn|22\n|\n|t:|1781437537\n|move|p2a: Dragapult|Tera Blast|p1a: Donphan|[anim] Tera Blast Ghost\n|-damage|p1a: Donphan|0 fnt\n|faint|p1a: Donphan\n|-damage|p2a: Dragapult|0 fnt|[from] item: Life Orb\n|faint|p2a: Dragapult\n|\n|upkeep\n|\n|t:|1781437544\n|switch|p2a: Regigigas|Regigigas, L84|322/322 par\n|switch|p1a: Ceruledge|Ceruledge, L78, F|245/245\n|-activate|p2a: Regigigas|move: Sticky Web\n|-unboost|p2a: Regigigas|spe|1\n|-start|p2a: Regigigas|ability: Slow Start\n|turn|23\n|\n|t:|1781437550\n|move|p1a: Ceruledge|Swords Dance|p1a: Ceruledge\n|-boost|p1a: Ceruledge|atk|2\n|move|p2a: Regigigas|Knock Off|p1a: Ceruledge\n|-supereffective|p1a: Ceruledge\n|-damage|p1a: Ceruledge|135/245\n|-ability|p1a: Ceruledge|Weak Armor|boost\n|-unboost|p1a: Ceruledge|def|1\n|-boost|p1a: Ceruledge|spe|2\n|-enditem|p1a: Ceruledge|Heavy-Duty Boots|[from] move: Knock Off|[of] p2a: Regigigas\n|\n|upkeep\n|turn|24\n|\n|t:|1781437554\n|move|p1a: Ceruledge|Bitter Blade|p2a: Regigigas\n|-damage|p2a: Regigigas|165/322 par\n|-heal|p1a: Ceruledge|214/245|[from] drain|[of] p2a: Regigigas\n|cant|p2a: Regigigas|par\n|\n|-heal|p2a: Regigigas|185/322 par|[from] item: Leftovers\n|upkeep\n|turn|25\n|\n|t:|1781437558\n|move|p1a: Ceruledge|Bitter Blade|p2a: Regigigas\n|-damage|p2a: Regigigas|28/322 par\n|-heal|p1a: Ceruledge|245/245|[from] drain|[of] p2a: Regigigas\n|move|p2a: Regigigas|Substitute|p2a: Regigigas\n|-fail|p2a: Regigigas|move: Substitute|[weak]\n|\n|-heal|p2a: Regigigas|48/322 par|[from] item: Leftovers\n|upkeep\n|turn|26\n|-message|smokeycool forfeited.\n|\n|win|Ggstarmie\n|raw|Ggstarmie's rating: 2066 &rarr; <strong>2082</strong><br />(+16 for winning)\n|raw|smokeycool's rating: 1988 &rarr; <strong>1972</strong><br />(-16 for losing)\n", "uploadtime": 1781437298, "views": 4, "formatid": "gen9randombattle", "rating": 1972, "private": 0, "password": null}