{"id": "gen9randombattle-2631717779", "format": "[Gen 9] Random Battle", "players": ["Davide070701", "symitry"], "log": "|j|\u2606Davide070701\n|j|\u2606symitry\n|t:|1781427749\n|gametype|singles\n|player|p1|Davide070701|170|1977\n|player|p2|symitry|102|1939\n|gen|9\n|tier|[Gen 9] Random Battle\n|rated|\n|rule|Species Clause: Limit one of each Pok\u00e9mon\n|rule|HP Percentage Mod: HP is shown in percentages\n|rule|Sleep Clause Mod: Limit one foe put to sleep\n|rule|Illusion Level Mod: Illusion disguises the Pok\u00e9mon's true level\n|\n|t:|1781427749\n|teamsize|p1|6\n|teamsize|p2|6\n|start\n|switch|p1a: Lugia|Lugia, L73|275/275\n|switch|p2a: Golurk|Golurk, L87|297/297\n|turn|1\n|\n|t:|1781427763\n|switch|p1a: Glastrier|Glastrier, L86|312/312\n|move|p2a: Golurk|Stealth Rock|p1a: Glastrier\n|-sidestart|p1: Davide070701|move: Stealth Rock\n|\n|upkeep\n|turn|2\n|inactive|Battle timer is ON: inactive players will automatically lose when time's up. (requested by Davide070701)\n|\n|t:|1781427774\n|move|p2a: Golurk|Dynamic Punch|p1a: Glastrier\n|-supereffective|p1a: Glastrier\n|-damage|p1a: Glastrier|153/312\n|-start|p1a: Glastrier|confusion\n|-damage|p2a: Golurk|268/297|[from] item: Life Orb\n|-activate|p1a: Glastrier|confusion\n|-damage|p1a: Glastrier|124/312|[from] confusion\n|\n|upkeep\n|turn|3\n|\n|t:|1781427784\n|switch|p1a: Lugia|Lugia, L73|275/275\n|move|p2a: Golurk|Dynamic Punch|p1a: Lugia\n|-resisted|p1a: Lugia\n|-damage|p1a: Lugia|263/275\n|-start|p1a: Lugia|confusion\n|-damage|p2a: Golurk|239/297|[from] item: Life Orb\n|\n|upkeep\n|turn|4\n|\n|t:|1781427791\n|switch|p1a: Glastrier|Glastrier, L86|124/312\n|move|p2a: Golurk|Poltergeist|p1a: Glastrier\n|-activate|p1a: Glastrier|move: Poltergeist|Heavy-Duty Boots\n|-damage|p1a: Glastrier|0 fnt\n|faint|p1a: Glastrier\n|-damage|p2a: Golurk|210/297|[from] item: Life Orb\n|\n|upkeep\n|\n|t:|1781427797\n|switch|p1a: Feraligatr|Feraligatr, L79, F|264/264\n|-damage|p1a: Feraligatr|231/264|[from] Stealth Rock\n|turn|5\n|\n|t:|1781427804\n|move|p1a: Feraligatr|Liquidation|p2a: Golurk\n|-supereffective|p2a: Golurk\n|-damage|p2a: Golurk|0 fnt\n|faint|p2a: Golurk\n|\n|upkeep\n|\n|t:|1781427809\n|switch|p2a: Rotom|Rotom-Heat, L83|219/219\n|turn|6\n|\n|t:|1781427815\n|switch|p1a: Excadrill|Excadrill, L79, F|303/303\n|-damage|p1a: Excadrill|294/303|[from] Stealth Rock\n|-ability|p1a: Excadrill|Mold Breaker\n|move|p2a: Rotom|Will-O-Wisp|p1a: Excadrill\n|-status|p1a: Excadrill|brn\n|\n|-heal|p1a: Excadrill|303/303 brn|[from] item: Leftovers\n|-damage|p1a: Excadrill|285/303 brn|[from] brn\n|upkeep\n|turn|7\n|\n|t:|1781427822\n|switch|p2a: Giratina|Giratina, L75|349/349\n|-ability|p2a: Giratina|Pressure\n|move|p1a: Excadrill|Earthquake|p2a: Giratina\n|-damage|p2a: Giratina|295/349\n|\n|-heal|p1a: Excadrill|303/303 brn|[from] item: Leftovers\n|-heal|p2a: Giratina|316/349|[from] item: Leftovers\n|-damage|p1a: Excadrill|285/303 brn|[from] brn\n|upkeep\n|turn|8\n|\n|t:|1781427828\n|switch|p1a: Perrserker|Perrserker, L89, F|269/269\n|-damage|p1a: Perrserker|253/269|[from] Stealth Rock\n|move|p2a: Giratina|Shadow Ball|p1a: Perrserker\n|-damage|p1a: Perrserker|160/269\n|\n|-heal|p2a: Giratina|337/349|[from] item: Leftovers\n|upkeep\n|turn|9\n|\n|t:|1781427834\n|move|p2a: Giratina|Will-O-Wisp|p1a: Perrserker|[miss]\n|-miss|p2a: Giratina|p1a: Perrserker\n|move|p1a: Perrserker|Stealth Rock|p2a: Giratina\n|-sidestart|p2: symitry|move: Stealth Rock\n|\n|-heal|p2a: Giratina|349/349|[from] item: Leftovers\n|upkeep\n|turn|10\n|\n|t:|1781427839\n|move|p2a: Giratina|Will-O-Wisp|p1a: Perrserker\n|-status|p1a: Perrserker|brn\n|move|p1a: Perrserker|Knock Off|p2a: Giratina\n|-supereffective|p2a: Giratina\n|-damage|p2a: Giratina|224/349\n|-enditem|p2a: Giratina|Leftovers|[from] move: Knock Off|[of] p1a: Perrserker\n|-damage|p1a: Perrserker|134/269 brn|[from] item: Life Orb\n|\n|-damage|p1a: Perrserker|118/269 brn|[from] brn\n|upkeep\n|turn|11\n|\n|t:|1781427842\n|move|p2a: Giratina|Shadow Ball|p1a: Perrserker\n|-damage|p1a: Perrserker|30/269 brn\n|-unboost|p1a: Perrserker|spd|1\n|move|p1a: Perrserker|Knock Off|p2a: Giratina\n|-supereffective|p2a: Giratina\n|-damage|p2a: Giratina|145/349\n|-damage|p1a: Perrserker|4/269 brn|[from] item: Life Orb\n|\n|-damage|p1a: Perrserker|0 fnt|[from] brn\n|faint|p1a: Perrserker\n|upkeep\n|\n|t:|1781427848\n|switch|p1a: Meowstic|Meowstic-F, L89, F|277/277\n|-damage|p1a: Meowstic|243/277|[from] Stealth Rock\n|turn|12\n|\n|t:|1781427853\n|move|p1a: Meowstic|Alluring Voice|p2a: Giratina\n|-supereffective|p2a: Giratina\n|-damage|p2a: Giratina|20/349\n|-damage|p1a: Meowstic|216/277|[from] item: Life Orb\n|move|p2a: Giratina|Shadow Ball|p1a: Meowstic\n|-supereffective|p1a: Meowstic\n|-damage|p1a: Meowstic|66/277\n|\n|upkeep\n|turn|13\n|\n|t:|1781427857\n|move|p1a: Meowstic|Alluring Voice|p2a: Giratina\n|-supereffective|p2a: Giratina\n|-damage|p2a: Giratina|0 fnt\n|faint|p2a: Giratina\n|-damage|p1a: Meowstic|39/277|[from] item: Life Orb\n|\n|upkeep\n|\n|t:|1781427860\n|switch|p2a: Sandslash|Sandslash-Alola, L88, M|275/275\n|-damage|p2a: Sandslash|241/275|[from] Stealth Rock\n|turn|14\n|\n|t:|1781427866\n|move|p1a: Meowstic|Thunderbolt|p2a: Sandslash\n|-damage|p2a: Sandslash|141/275\n|-damage|p1a: Meowstic|12/277|[from] item: Life Orb\n|move|p2a: Sandslash|Rapid Spin|p1a: Meowstic\n|-damage|p1a: Meowstic|0 fnt\n|-boost|p2a: Sandslash|spe|1\n|-sideend|p2: symitry|Stealth Rock|[from] move: Rapid Spin|[of] p2a: Sandslash\n|faint|p1a: Meowstic\n|\n|-heal|p2a: Sandslash|158/275|[from] item: Leftovers\n|upkeep\n|\n|t:|1781427872\n|switch|p1a: Feraligatr|Feraligatr, L79, F|231/264\n|-damage|p1a: Feraligatr|198/264|[from] Stealth Rock\n|turn|15\n|\n|t:|1781427877\n|switch|p2a: Delibird|Delibird, F|252/252\n|move|p1a: Feraligatr|Liquidation|p2a: Delibird\n|-damage|p2a: Delibird|61/252\n|\n|upkeep\n|turn|16\n|\n|t:|1781427883\n|switch|p1a: Excadrill|Excadrill, L79, F|285/303 brn\n|-damage|p1a: Excadrill|276/303 brn|[from] Stealth Rock\n|-ability|p1a: Excadrill|Mold Breaker\n|move|p2a: Delibird|Brave Bird|p1a: Excadrill\n|-resisted|p1a: Excadrill\n|-damage|p1a: Excadrill|151/303 brn\n|-damage|p2a: Delibird|20/252|[from] Recoil\n|\n|-heal|p1a: Excadrill|169/303 brn|[from] item: Leftovers\n|-damage|p1a: Excadrill|151/303 brn|[from] brn\n|upkeep\n|turn|17\n|\n|t:|1781427887\n|move|p2a: Delibird|Brave Bird|p1a: Excadrill\n|-resisted|p1a: Excadrill\n|-damage|p1a: Excadrill|36/303 brn\n|-damage|p2a: Delibird|0 fnt|[from] Recoil\n|faint|p2a: Delibird\n|move|p1a: Excadrill|Rapid Spin|p2: Delibird|[notarget]\n|-fail|p1a: Excadrill\n|\n|-heal|p1a: Excadrill|54/303 brn|[from] item: Leftovers\n|-damage|p1a: Excadrill|36/303 brn|[from] brn\n|upkeep\n|\n|t:|1781427908\n|switch|p2a: Rotom|Rotom-Heat, L83|219/219\n|turn|18\n|\n|t:|1781427913\n|move|p2a: Rotom|Overheat|p1a: Excadrill\n|-supereffective|p1a: Excadrill\n|-damage|p1a: Excadrill|0 fnt\n|-unboost|p2a: Rotom|spa|2\n|faint|p1a: Excadrill\n|\n|upkeep\n|\n|t:|1781427916\n|switch|p1a: Lugia|Lugia, L73|263/275\n|turn|19\n|\n|t:|1781427926\n|switch|p2a: Sandslash|Sandslash-Alola, L88, M|158/275\n|move|p1a: Lugia|Calm Mind|p1a: Lugia\n|-boost|p1a: Lugia|spa|1\n|-boost|p1a: Lugia|spd|1\n|\n|-heal|p2a: Sandslash|175/275|[from] item: Leftovers\n|upkeep\n|turn|20\n|\n|t:|1781427932\n|-terastallize|p1a: Lugia|Steel\n|move|p1a: Lugia|Aeroblast|p2a: Sandslash\n|-resisted|p2a: Sandslash\n|-crit|p2a: Sandslash\n|-damage|p2a: Sandslash|64/275\n|move|p2a: Sandslash|Triple Axel|p1a: Lugia\n|-resisted|p1a: Lugia\n|-damage|p1a: Lugia|252/275\n|-resisted|p1a: Lugia\n|-damage|p1a: Lugia|232/275\n|-resisted|p1a: Lugia\n|-damage|p1a: Lugia|202/275\n|-hitcount|p1a: Lugia|3\n|\n|-heal|p2a: Sandslash|81/275|[from] item: Leftovers\n|upkeep\n|turn|21\n|\n|t:|1781427941\n|switch|p2a: Rotom|Rotom-Heat, L83|219/219\n|move|p1a: Lugia|Aeroblast|p2a: Rotom\n|-resisted|p2a: Rotom\n|-damage|p2a: Rotom|168/219\n|\n|upkeep\n|turn|22\n|\n|t:|1781427946\n|move|p1a: Lugia|Calm Mind|p1a: Lugia\n|-boost|p1a: Lugia|spa|1\n|-boost|p1a: Lugia|spd|1\n|move|p2a: Rotom|Will-O-Wisp|p1a: Lugia\n|-status|p1a: Lugia|brn\n|\n|-damage|p1a: Lugia|185/275 brn|[from] brn\n|upkeep\n|turn|23\n|\n|t:|1781427952\n|switch|p2a: Lurantis|Lurantis, L87, M|264/264\n|move|p1a: Lugia|Recover|p1a: Lugia\n|-heal|p1a: Lugia|275/275 brn\n|\n|-damage|p1a: Lugia|258/275 brn|[from] brn\n|upkeep\n|turn|24\n|\n|t:|1781427955\n|-terastallize|p2a: Lurantis|Water\n|move|p1a: Lugia|Aeroblast|p2a: Lurantis\n|-damage|p2a: Lurantis|158/264\n|move|p2a: Lurantis|Superpower|p1a: Lugia\n|-supereffective|p1a: Lugia\n|-damage|p1a: Lugia|108/275 brn\n|-boost|p2a: Lurantis|atk|1\n|-boost|p2a: Lurantis|def|1\n|\n|-damage|p1a: Lugia|91/275 brn|[from] brn\n|upkeep\n|turn|25\n|\n|t:|1781427961\n|move|p1a: Lugia|Aeroblast|p2a: Lurantis\n|-damage|p2a: Lurantis|56/264\n|move|p2a: Lurantis|Superpower|p1a: Lugia\n|-supereffective|p1a: Lugia\n|-damage|p1a: Lugia|0 fnt\n|-boost|p2a: Lurantis|atk|1\n|-boost|p2a: Lurantis|def|1\n|faint|p1a: Lugia\n|\n|upkeep\n|\n|t:|1781427965\n|switch|p1a: Feraligatr|Feraligatr, L79, F|198/264\n|-damage|p1a: Feraligatr|165/264|[from] Stealth Rock\n|turn|26\n|\n|t:|1781427969\n|move|p1a: Feraligatr|Trailblaze|p2a: Lurantis\n|-supereffective|p2a: Lurantis\n|-damage|p2a: Lurantis|1/264\n|move|p2a: Lurantis|Leech Life|p1a: Feraligatr\n|-damage|p1a: Feraligatr|46/264\n|-heal|p2a: Lurantis|61/264|[from] drain|[of] p1a: Feraligatr\n|\n|upkeep\n|turn|27\n|\n|t:|1781427974\n|move|p1a: Feraligatr|Trailblaze|p2a: Lurantis\n|-supereffective|p2a: Lurantis\n|-damage|p2a: Lurantis|6/264\n|move|p2a: Lurantis|Leech Life|p1a: Feraligatr\n|-damage|p1a: Feraligatr|0 fnt\n|-heal|p2a: Lurantis|29/264|[from] drain|[of] p1a: Feraligatr\n|faint|p1a: Feraligatr\n|\n|win|symitry\n", "uploadtime": 1781427751, "views": 3, "formatid": "gen9randombattle", "rating": null, "private": 0, "password": null}