{"id": "gen9randombattle-2631832279", "format": "[Gen 9] Random Battle", "players": ["moenke", "pagenfranskane"], "log": "|j|\u2606moenke\n|j|\u2606pagenfranskane\n|t:|1781445819\n|gametype|singles\n|player|p1|moenke|1|2098\n|player|p2|pagenfranskane|battlegirl|2020\n|gen|9\n|tier|[Gen 9] Random Battle\n|rated|\n|rule|Species Clause: Limit one of each Pok\u00e9mon\n|rule|HP Percentage Mod: HP is shown in percentages\n|rule|Sleep Clause Mod: Limit one foe put to sleep\n|rule|Illusion Level Mod: Illusion disguises the Pok\u00e9mon's true level\n|\n|t:|1781445819\n|teamsize|p1|6\n|teamsize|p2|6\n|start\n|switch|p1a: Hypno|Hypno, L95, F|315/315\n|switch|p2a: Venusaur|Venusaur, L84, M|272/272\n|turn|1\n|\n|t:|1781445834\n|switch|p2a: Lokix|Lokix, L82, F|251/251\n|move|p1a: Hypno|Psychic Noise|p2a: Lokix\n|-immune|p2a: Lokix\n|\n|upkeep\n|turn|2\n|inactive|Battle timer is ON: inactive players will automatically lose when time's up. (requested by pagenfranskane)\n|\n|t:|1781445843\n|switch|p1a: Moltres|Moltres, L81|278/278\n|move|p2a: Lokix|First Impression|p1a: Moltres\n|-resisted|p1a: Moltres\n|-damage|p1a: Moltres|218/278\n|-status|p2a: Lokix|brn|[from] ability: Flame Body|[of] p1a: Moltres\n|\n|-damage|p2a: Lokix|236/251 brn|[from] brn\n|upkeep\n|turn|3\n|\n|t:|1781445851\n|move|p2a: Lokix|Knock Off|p1a: Moltres\n|-damage|p1a: Moltres|169/278\n|-enditem|p1a: Moltres|Heavy-Duty Boots|[from] move: Knock Off|[of] p2a: Lokix\n|move|p1a: Moltres|Fire Blast|p2a: Lokix\n|-supereffective|p2a: Lokix\n|-damage|p2a: Lokix|0 fnt\n|faint|p2a: Lokix\n|\n|upkeep\n|\n|t:|1781445858\n|switch|p2a: Lunala|Lunala, L70|308/308\n|turn|4\n|\n|t:|1781445882\n|switch|p1a: Cramorant|Cramorant, L86, M|261/261\n|move|p2a: Lunala|Calm Mind|p2a: Lunala\n|-boost|p2a: Lunala|spa|1\n|-boost|p2a: Lunala|spd|1\n|\n|upkeep\n|turn|5\n|\n|t:|1781445892\n|move|p1a: Cramorant|Surf|p2a: Lunala\n|-formechange|p1a: Cramorant|Cramorant-Gulping|\n|-damage|p2a: Lunala|276/308\n|move|p2a: Lunala|Moongeist Beam|p1a: Cramorant\n|-damage|p1a: Cramorant|114/261\n|-damage|p2a: Lunala|199/308|[from] ability: Gulp Missile|[of] p1a: Cramorant\n|-unboost|p2a: Lunala|def|1\n|-formechange|p1a: Cramorant|Cramorant|\n|\n|-heal|p2a: Lunala|218/308|[from] item: Leftovers\n|upkeep\n|turn|6\n|\n|t:|1781445900\n|move|p1a: Cramorant|Brave Bird|p2a: Lunala\n|-damage|p2a: Lunala|0 fnt\n|faint|p2a: Lunala\n|-damage|p1a: Cramorant|42/261|[from] Recoil\n|\n|upkeep\n|\n|t:|1781445904\n|switch|p2a: Electivire|Electivire, L84, M|263/263\n|turn|7\n|\n|t:|1781445911\n|move|p2a: Electivire|Bulk Up|p2a: Electivire\n|-boost|p2a: Electivire|atk|1\n|-boost|p2a: Electivire|def|1\n|move|p1a: Cramorant|Surf|p2a: Electivire\n|-formechange|p1a: Cramorant|Cramorant-Gorging|\n|-damage|p2a: Electivire|178/263\n|\n|upkeep\n|turn|8\n|\n|t:|1781445936\n|move|p2a: Electivire|Ice Punch|p1a: Cramorant\n|-damage|p1a: Cramorant|0 fnt\n|-damage|p2a: Electivire|113/263|[from] ability: Gulp Missile|[of] p1a: Cramorant\n|-formechange|p1a: Cramorant|Cramorant|\n|faint|p1a: Cramorant\n|-damage|p2a: Electivire|87/263|[from] item: Life Orb\n|\n|upkeep\n|\n|t:|1781445951\n|switch|p1a: Lilligant|Lilligant-Hisui, L79, F|240/240\n|turn|9\n|\n|t:|1781445955\n|move|p1a: Lilligant|Leaf Blade|p2a: Electivire\n|-damage|p2a: Electivire|0 fnt\n|faint|p2a: Electivire\n|\n|upkeep\n|\n|t:|1781445961\n|switch|p2a: Venusaur|Venusaur, L84, M|272/272\n|turn|10\n|\n|t:|1781445966\n|switch|p1a: Tentacruel|Tentacruel, L84, F|272/272\n|move|p2a: Venusaur|Substitute|p2a: Venusaur\n|-start|p2a: Venusaur|Substitute\n|-damage|p2a: Venusaur|204/272\n|\n|-heal|p2a: Venusaur|221/272|[from] item: Leftovers\n|upkeep\n|turn|11\n|\n|t:|1781445971\n|move|p1a: Tentacruel|Sludge Bomb|p2a: Venusaur\n|-end|p2a: Venusaur|Substitute\n|move|p2a: Venusaur|Sleep Powder|p1a: Tentacruel\n|-status|p1a: Tentacruel|slp|[from] move: Sleep Powder\n|\n|-heal|p2a: Venusaur|238/272|[from] item: Leftovers\n|upkeep\n|turn|12\n|\n|t:|1781445978\n|switch|p1a: Entei|Entei, L78|307/307\n|switch|p2a: Spidops|Spidops, L96, F|271/271\n|\n|upkeep\n|turn|13\n|\n|t:|1781445985\n|switch|p2a: Armarouge|Armarouge, L80, M|267/267\n|move|p1a: Entei|Sacred Fire|p2a: Armarouge\n|-resisted|p2a: Armarouge\n|-damage|p2a: Armarouge|196/267\n|-ability|p2a: Armarouge|Weak Armor|boost\n|-unboost|p2a: Armarouge|def|1\n|-boost|p2a: Armarouge|spe|2\n|\n|upkeep\n|turn|14\n|\n|t:|1781445999\n|move|p2a: Armarouge|Psyshock|p1a: Entei\n|-damage|p1a: Entei|159/307\n|move|p1a: Entei|Sacred Fire|p2a: Armarouge\n|-resisted|p2a: Armarouge\n|-damage|p2a: Armarouge|89/267\n|-ability|p2a: Armarouge|Weak Armor|boost\n|-unboost|p2a: Armarouge|def|1\n|-boost|p2a: Armarouge|spe|2\n|\n|upkeep\n|turn|15\n|\n|t:|1781446005\n|switch|p1a: Hypno|Hypno, L95, F|315/315\n|move|p2a: Armarouge|Psyshock|p1a: Hypno\n|-resisted|p1a: Hypno\n|-damage|p1a: Hypno|237/315\n|\n|-heal|p1a: Hypno|256/315|[from] item: Leftovers\n|upkeep\n|turn|16\n|\n|t:|1781446009\n|switch|p2a: Spidops|Spidops, L96, F|271/271\n|move|p1a: Hypno|Psychic Noise|p2a: Spidops\n|-damage|p2a: Spidops|196/271\n|-start|p2a: Spidops|move: Heal Block\n|\n|-heal|p1a: Hypno|275/315|[from] item: Leftovers\n|upkeep\n|turn|17\n|\n|t:|1781446020\n|switch|p1a: Entei|Entei, L78|159/307\n|move|p2a: Spidops|Sticky Web|p1a: Entei\n|-sidestart|p1: moenke|move: Sticky Web\n|\n|-end|p2a: Spidops|move: Heal Block\n|upkeep\n|turn|18\n|\n|t:|1781446025\n|switch|p2a: Armarouge|Armarouge, L80, M|89/267\n|move|p1a: Entei|Sacred Fire|p2a: Armarouge\n|-resisted|p2a: Armarouge\n|-damage|p2a: Armarouge|11/267\n|-ability|p2a: Armarouge|Weak Armor|boost\n|-unboost|p2a: Armarouge|def|1\n|-boost|p2a: Armarouge|spe|2\n|\n|upkeep\n|turn|19\n|\n|t:|1781446033\n|move|p2a: Armarouge|Armor Cannon|p1a: Entei\n|-resisted|p1a: Entei\n|-damage|p1a: Entei|25/307\n|-unboost|p2a: Armarouge|def|1\n|-unboost|p2a: Armarouge|spd|1\n|move|p1a: Entei|Sacred Fire|p2a: Armarouge\n|-resisted|p2a: Armarouge\n|-damage|p2a: Armarouge|0 fnt\n|faint|p2a: Armarouge\n|\n|upkeep\n|\n|t:|1781446037\n|switch|p2a: Venusaur|Venusaur, L84, M|238/272\n|turn|20\n|\n|t:|1781446040\n|move|p1a: Entei|Sacred Fire|p2a: Venusaur\n|-supereffective|p2a: Venusaur\n|-damage|p2a: Venusaur|0 fnt\n|faint|p2a: Venusaur\n|\n|upkeep\n|\n|t:|1781446042\n|switch|p2a: Spidops|Spidops, L96, F|196/271\n|turn|21\n|\n|t:|1781446047\n|-terastallize|p2a: Spidops|Ghost\n|move|p1a: Entei|Sacred Fire|p2a: Spidops\n|-damage|p2a: Spidops|63/271\n|-status|p2a: Spidops|brn\n|move|p2a: Spidops|Spikes|p1a: Entei\n|-sidestart|p1: moenke|Spikes\n|\n|-damage|p2a: Spidops|47/271 brn|[from] brn\n|upkeep\n|turn|22\n|\n|t:|1781446051\n|move|p1a: Entei|Sacred Fire|p2a: Spidops\n|-damage|p2a: Spidops|0 fnt\n|faint|p2a: Spidops\n|\n|win|moenke\n", "uploadtime": 1781445822, "views": 8, "formatid": "gen9randombattle", "rating": null, "private": 0, "password": null}