{"id": "gen9randombattle-2631581635", "format": "[Gen 9] Random Battle", "players": ["Mandodragon", "zsmith544"], "log": "|j|\u2606Mandodragon\n|j|\u2606zsmith544\n|t:|1781404317\n|gametype|singles\n|player|p1|Mandodragon|hiker|1939\n|player|p2|zsmith544|266|2018\n|gen|9\n|tier|[Gen 9] Random Battle\n|rated|\n|rule|Species Clause: Limit one of each Pok\u00e9mon\n|rule|HP Percentage Mod: HP is shown in percentages\n|rule|Sleep Clause Mod: Limit one foe put to sleep\n|rule|Illusion Level Mod: Illusion disguises the Pok\u00e9mon's true level\n|\n|t:|1781404317\n|teamsize|p1|6\n|teamsize|p2|6\n|start\n|switch|p1a: Whiscash|Whiscash, L88, M|337/337\n|switch|p2a: Great Tusk|Great Tusk, L77|304/304\n|turn|1\n|inactive|Battle timer is ON: inactive players will automatically lose when time's up. (requested by zsmith544)\n|inactive|Mandodragon also wants the timer to be on.\n|\n|t:|1781404331\n|-end|p2a: Great Tusk|Protosynthesis|[silent]\n|switch|p2a: Leavanny|Leavanny, L86, F|269/269\n|move|p1a: Whiscash|Dragon Dance|p1a: Whiscash\n|-boost|p1a: Whiscash|atk|1\n|-boost|p1a: Whiscash|spe|1\n|\n|upkeep\n|turn|2\n|\n|t:|1781404345\n|move|p1a: Whiscash|Stone Edge|p2a: Leavanny\n|-supereffective|p2a: Leavanny\n|-damage|p2a: Leavanny|0 fnt\n|faint|p2a: Leavanny\n|-damage|p1a: Whiscash|304/337|[from] item: Life Orb\n|\n|upkeep\n|inactive|zsmith544 has 120 seconds left.\n|\n|t:|1781404387\n|switch|p2a: Banette|Banette, L93, M|270/270\n|turn|3\n|\n|t:|1781404395\n|move|p1a: Whiscash|Liquidation|p2a: Banette\n|-crit|p2a: Banette\n|-damage|p2a: Banette|0 fnt\n|faint|p2a: Banette\n|-damage|p1a: Whiscash|271/337|[from] item: Life Orb\n|\n|upkeep\n|inactive|zsmith544 has 120 seconds left.\n|\n|t:|1781404409\n|switch|p2a: Mimikyu|Mimikyu, L79, M|216/216\n|turn|4\n|inactive|zsmith544 has 120 seconds left.\n|\n|t:|1781404417\n|move|p1a: Whiscash|Liquidation|p2a: Mimikyu\n|-activate|p2a: Mimikyu|ability: Disguise\n|-damage|p2a: Mimikyu|216/216\n|detailschange|p2a: Mimikyu|Mimikyu-Busted, L79, M\n|-damage|p2a: Mimikyu|189/216|[from] pokemon: Mimikyu-Busted\n|-damage|p1a: Whiscash|238/337|[from] item: Life Orb\n|move|p2a: Mimikyu|Play Rough|p1a: Whiscash\n|-damage|p1a: Whiscash|129/337\n|-damage|p2a: Mimikyu|168/216|[from] item: Life Orb\n|\n|upkeep\n|turn|5\n|inactive|zsmith544 has 120 seconds left.\n|\n|t:|1781404429\n|move|p2a: Mimikyu|Shadow Sneak|p1a: Whiscash\n|-damage|p1a: Whiscash|81/337\n|-damage|p2a: Mimikyu|147/216|[from] item: Life Orb\n|move|p1a: Whiscash|Liquidation|p2a: Mimikyu\n|-crit|p2a: Mimikyu\n|-damage|p2a: Mimikyu|0 fnt\n|faint|p2a: Mimikyu\n|-damage|p1a: Whiscash|48/337|[from] item: Life Orb\n|\n|upkeep\n|inactive|zsmith544 has 120 seconds left.\n|\n|t:|1781404442\n|switch|p2a: Arcanine|Arcanine-Hisui, L79, F|280/280\n|turn|6\n|c|\u2606Mandodragon|Wild crits\u2026\n|\n|t:|1781404447\n|move|p2a: Arcanine|Extreme Speed|p1a: Whiscash\n|-damage|p1a: Whiscash|0 fnt\n|faint|p1a: Whiscash\n|\n|upkeep\n|\n|t:|1781404459\n|switch|p1a: Polteageist|Polteageist, L78|222/222\n|turn|7\n|\n|t:|1781404468\n|move|p2a: Arcanine|Head Smash|p1a: Polteageist\n|-damage|p1a: Polteageist|18/222\n|move|p1a: Polteageist|Shell Smash|p1a: Polteageist\n|-unboost|p1a: Polteageist|def|1\n|-unboost|p1a: Polteageist|spd|1\n|-boost|p1a: Polteageist|atk|2\n|-boost|p1a: Polteageist|spa|2\n|-boost|p1a: Polteageist|spe|2\n|-enditem|p1a: Polteageist|White Herb\n|-clearnegativeboost|p1a: Polteageist|[silent]\n|\n|upkeep\n|turn|8\n|\n|t:|1781404479\n|move|p1a: Polteageist|Strength Sap|p2a: Arcanine\n|-unboost|p2a: Arcanine|atk|1\n|-heal|p1a: Polteageist|222/222\n|move|p2a: Arcanine|Flare Blitz|p1a: Polteageist\n|-damage|p1a: Polteageist|99/222\n|\n|upkeep\n|turn|9\n|\n|t:|1781404499\n|move|p1a: Polteageist|Strength Sap|p2a: Arcanine\n|-unboost|p2a: Arcanine|atk|1\n|-heal|p1a: Polteageist|222/222\n|move|p2a: Arcanine|Head Smash|p1a: Polteageist\n|-damage|p1a: Polteageist|120/222\n|-start|p2a: Arcanine|Disable|Head Smash|[from] ability: Cursed Body|[of] p1a: Polteageist\n|\n|upkeep\n|turn|10\n|\n|t:|1781404509\n|switch|p2a: Great Tusk|Great Tusk, L77|304/304\n|move|p1a: Polteageist|Shadow Ball|p2a: Great Tusk\n|-damage|p2a: Great Tusk|0 fnt\n|faint|p2a: Great Tusk\n|-end|p2a: Great Tusk|Protosynthesis|[silent]\n|\n|upkeep\n|\n|t:|1781404523\n|switch|p2a: Arcanine|Arcanine-Hisui, L79, F|280/280\n|turn|11\n|\n|t:|1781404530\n|move|p1a: Polteageist|Strength Sap|p2a: Arcanine\n|-unboost|p2a: Arcanine|atk|1\n|-heal|p1a: Polteageist|222/222\n|move|p2a: Arcanine|Flare Blitz|p1a: Polteageist\n|-damage|p1a: Polteageist|105/222\n|\n|upkeep\n|turn|12\n|\n|t:|1781404540\n|move|p1a: Polteageist|Strength Sap|p2a: Arcanine\n|-unboost|p2a: Arcanine|atk|1\n|-heal|p1a: Polteageist|222/222\n|move|p2a: Arcanine|Flare Blitz|p1a: Polteageist\n|-damage|p1a: Polteageist|143/222\n|-start|p2a: Arcanine|Disable|Flare Blitz|[from] ability: Cursed Body|[of] p1a: Polteageist\n|\n|upkeep\n|turn|13\n|\n|t:|1781404564\n|move|p1a: Polteageist|Shadow Ball|p2a: Arcanine\n|-damage|p2a: Arcanine|67/280\n|-unboost|p2a: Arcanine|spd|1\n|move|p2a: Arcanine|Head Smash|p1a: Polteageist\n|-damage|p1a: Polteageist|43/222\n|\n|upkeep\n|turn|14\n|\n|t:|1781404571\n|move|p1a: Polteageist|Shadow Ball|p2a: Arcanine\n|-damage|p2a: Arcanine|0 fnt\n|faint|p2a: Arcanine\n|\n|upkeep\n|\n|t:|1781404576\n|switch|p2a: Torterra|Torterra, L78, M|276/276\n|turn|15\n|\n|t:|1781404591\n|move|p1a: Polteageist|Strength Sap|p2a: Torterra\n|-unboost|p2a: Torterra|atk|1\n|-heal|p1a: Polteageist|222/222\n|move|p2a: Torterra|Bullet Seed|p1a: Polteageist\n|-damage|p1a: Polteageist|197/222\n|-damage|p1a: Polteageist|175/222\n|-start|p2a: Torterra|Disable|Bullet Seed|[from] ability: Cursed Body|[of] p1a: Polteageist\n|-damage|p1a: Polteageist|153/222\n|-damage|p1a: Polteageist|126/222\n|-damage|p1a: Polteageist|104/222\n|-hitcount|p1a: Polteageist|5\n|\n|upkeep\n|turn|16\n|\n|t:|1781404607\n|-terastallize|p2a: Torterra|Ground\n|move|p1a: Polteageist|Shadow Ball|p2a: Torterra\n|-crit|p2a: Torterra\n|-damage|p2a: Torterra|0 fnt\n|faint|p2a: Torterra\n|\n|win|Mandodragon\n", "uploadtime": 1781404319, "views": 3, "formatid": "gen9randombattle", "rating": null, "private": 0, "password": null}