{"id": "gen9randombattle-2631522712", "format": "[Gen 9] Random Battle", "players": ["Jefejenaro", "Z10101"], "log": "|j|\u2606Jefejenaro\n|j|\u2606Z10101\n|t:|1781396189\n|gametype|singles\n|player|p1|Jefejenaro|wallace|1982\n|player|p2|Z10101|266|2061\n|gen|9\n|tier|[Gen 9] Random Battle\n|rated|\n|rule|Species Clause: Limit one of each Pok\u00e9mon\n|rule|HP Percentage Mod: HP is shown in percentages\n|rule|Sleep Clause Mod: Limit one foe put to sleep\n|rule|Illusion Level Mod: Illusion disguises the Pok\u00e9mon's true level\n|\n|t:|1781396189\n|teamsize|p1|6\n|teamsize|p2|6\n|start\n|switch|p1a: Vikavolt|Vikavolt, L83, F|263/263\n|switch|p2a: Krookodile|Krookodile, L79, F|280/280\n|-ability|p2a: Krookodile|Intimidate|boost\n|-unboost|p1a: Vikavolt|atk|1\n|turn|1\n|inactive|Battle timer is ON: inactive players will automatically lose when time's up. (requested by Z10101)\n|\n|t:|1781396235\n|move|p2a: Krookodile|Knock Off|p1a: Vikavolt\n|-damage|p1a: Vikavolt|163/263\n|-enditem|p1a: Vikavolt|Heavy-Duty Boots|[from] move: Knock Off|[of] p2a: Krookodile\n|move|p1a: Vikavolt|Sticky Web|p2a: Krookodile\n|-sidestart|p2: Z10101|move: Sticky Web\n|\n|upkeep\n|turn|2\n|\n|t:|1781396262\n|move|p2a: Krookodile|Gunk Shot|p1a: Vikavolt\n|-damage|p1a: Vikavolt|73/263\n|-status|p1a: Vikavolt|psn\n|move|p1a: Vikavolt|Bug Buzz|p2a: Krookodile\n|-supereffective|p2a: Krookodile\n|-damage|p2a: Krookodile|0 fnt\n|faint|p2a: Krookodile\n|\n|-damage|p1a: Vikavolt|41/263 psn|[from] psn\n|upkeep\n|inactive|Z10101 has 120 seconds left.\n|\n|t:|1781396287\n|switch|p2a: Latias|Latias, L79, F|256/256\n|turn|3\n|\n|t:|1781396301\n|move|p2a: Latias|Psyshock|p1a: Vikavolt\n|-damage|p1a: Vikavolt|0 fnt\n|faint|p1a: Vikavolt\n|\n|upkeep\n|\n|t:|1781396309\n|switch|p1a: Morpeko|Morpeko, L88, F|245/245\n|turn|4\n|inactive|Z10101 has 120 seconds left.\n|\n|t:|1781396330\n|move|p1a: Morpeko|Parting Shot|p2a: Latias\n|-unboost|p2a: Latias|atk|1\n|-unboost|p2a: Latias|spa|1\n|\n|t:|1781396342\n|switch|p1a: Gastrodon|Gastrodon, L86, M|331/331|[from] Parting Shot\n|move|p2a: Latias|Draco Meteor|p1a: Gastrodon\n|-damage|p1a: Gastrodon|220/331\n|-unboost|p2a: Latias|spa|2\n|\n|-heal|p1a: Gastrodon|240/331|[from] item: Leftovers\n|upkeep\n|turn|5\n|\n|t:|1781396350\n|switch|p2a: Qwilfish|Qwilfish-Hisui, L83, M|244/244\n|-activate|p2a: Qwilfish|move: Sticky Web\n|-unboost|p2a: Qwilfish|spe|1\n|-ability|p2a: Qwilfish|Intimidate|boost\n|-unboost|p1a: Gastrodon|atk|1\n|move|p1a: Gastrodon|Stealth Rock|p2a: Qwilfish\n|-sidestart|p2: Z10101|move: Stealth Rock\n|\n|-heal|p1a: Gastrodon|260/331|[from] item: Leftovers\n|upkeep\n|turn|6\n|\n|t:|1781396358\n|move|p2a: Qwilfish|Crunch|p1a: Gastrodon\n|-damage|p1a: Gastrodon|158/331\n|-unboost|p1a: Gastrodon|def|1\n|move|p1a: Gastrodon|Earthquake|p2a: Qwilfish\n|-supereffective|p2a: Qwilfish\n|-damage|p2a: Qwilfish|148/244\n|\n|-heal|p1a: Gastrodon|178/331|[from] item: Leftovers\n|upkeep\n|turn|7\n|inactive|Jefejenaro has 120 seconds left.\n|\n|t:|1781396407\n|move|p2a: Qwilfish|Crunch|p1a: Gastrodon\n|-damage|p1a: Gastrodon|22/331\n|move|p1a: Gastrodon|Recover|p1a: Gastrodon\n|-heal|p1a: Gastrodon|188/331\n|\n|-heal|p1a: Gastrodon|208/331|[from] item: Leftovers\n|upkeep\n|turn|8\n|\n|t:|1781396418\n|switch|p1a: Vileplume|Vileplume, L85, M|266/266\n|move|p2a: Qwilfish|Crunch|p1a: Vileplume\n|-damage|p1a: Vileplume|175/266\n|-status|p2a: Qwilfish|par|[from] ability: Effect Spore|[of] p1a: Vileplume\n|\n|-heal|p1a: Vileplume|191/266|[from] item: Leftovers\n|upkeep\n|turn|9\n|\n|t:|1781396431\n|switch|p2a: Latias|Latias, L79, F|256/256\n|-damage|p2a: Latias|224/256|[from] Stealth Rock\n|move|p1a: Vileplume|Leech Seed|p2a: Latias|[miss]\n|-miss|p1a: Vileplume|p2a: Latias\n|\n|-heal|p1a: Vileplume|207/266|[from] item: Leftovers\n|upkeep\n|turn|10\n|inactive|Jefejenaro has 120 seconds left.\n|\n|t:|1781396443\n|switch|p1a: Scream Tail|Scream Tail, L84|330/330\n|move|p2a: Latias|Psyshock|p1a: Scream Tail\n|-resisted|p1a: Scream Tail\n|-damage|p1a: Scream Tail|285/330\n|\n|-heal|p1a: Scream Tail|305/330|[from] item: Leftovers\n|upkeep\n|turn|11\n|inactive|Z10101 has 120 seconds left.\n|\n|t:|1781396486\n|switch|p2a: Qwilfish|Qwilfish-Hisui, L83, M|148/244 par\n|-activate|p2a: Qwilfish|move: Sticky Web\n|-unboost|p2a: Qwilfish|spe|1\n|-damage|p2a: Qwilfish|118/244 par|[from] Stealth Rock\n|-ability|p2a: Qwilfish|Intimidate|boost\n|-unboost|p1a: Scream Tail|atk|1\n|move|p1a: Scream Tail|Play Rough|p2a: Qwilfish\n|-damage|p2a: Qwilfish|87/244 par\n|\n|-heal|p1a: Scream Tail|325/330|[from] item: Leftovers\n|upkeep\n|turn|12\n|\n|t:|1781396504\n|-end|p1a: Scream Tail|Protosynthesis|[silent]\n|switch|p1a: Gastrodon|Gastrodon, L86, M|208/331\n|move|p2a: Qwilfish|Gunk Shot|p1a: Gastrodon\n|-resisted|p1a: Gastrodon\n|-damage|p1a: Gastrodon|132/331\n|\n|-heal|p1a: Gastrodon|152/331|[from] item: Leftovers\n|upkeep\n|turn|13\n|\n|t:|1781396518\n|move|p1a: Gastrodon|Recover|p1a: Gastrodon\n|-heal|p1a: Gastrodon|318/331\n|move|p2a: Qwilfish|Crunch|p1a: Gastrodon\n|-damage|p1a: Gastrodon|219/331\n|\n|-heal|p1a: Gastrodon|239/331|[from] item: Leftovers\n|upkeep\n|turn|14\n|\n|t:|1781396525\n|switch|p2a: Latias|Latias, L79, F|224/256\n|-damage|p2a: Latias|192/256|[from] Stealth Rock\n|move|p1a: Gastrodon|Earthquake|p2a: Latias\n|-immune|p2a: Latias|[from] ability: Levitate\n|\n|-heal|p1a: Gastrodon|259/331|[from] item: Leftovers\n|upkeep\n|turn|15\n|\n|t:|1781396531\n|switch|p1a: Scream Tail|Scream Tail, L84|325/330\n|move|p2a: Latias|Draco Meteor|p1a: Scream Tail\n|-immune|p1a: Scream Tail\n|\n|-heal|p1a: Scream Tail|330/330|[from] item: Leftovers\n|upkeep\n|turn|16\n|inactive|Z10101 has 120 seconds left.\n|\n|t:|1781396540\n|switch|p2a: Qwilfish|Qwilfish-Hisui, L83, M|87/244 par\n|-activate|p2a: Qwilfish|move: Sticky Web\n|-unboost|p2a: Qwilfish|spe|1\n|-damage|p2a: Qwilfish|57/244 par|[from] Stealth Rock\n|-ability|p2a: Qwilfish|Intimidate|boost\n|-unboost|p1a: Scream Tail|atk|1\n|move|p1a: Scream Tail|Play Rough|p2a: Qwilfish\n|-damage|p2a: Qwilfish|20/244 par\n|\n|upkeep\n|turn|17\n|\n|t:|1781396550\n|move|p1a: Scream Tail|Play Rough|p2a: Qwilfish|[miss]\n|-miss|p1a: Scream Tail|p2a: Qwilfish\n|move|p2a: Qwilfish|Spikes|p1a: Scream Tail\n|-sidestart|p1: Jefejenaro|Spikes\n|\n|upkeep\n|turn|18\n|\n|t:|1781396560\n|move|p1a: Scream Tail|Play Rough|p2a: Qwilfish\n|-crit|p2a: Qwilfish\n|-damage|p2a: Qwilfish|0 fnt\n|faint|p2a: Qwilfish\n|\n|upkeep\n|inactive|Z10101 has 120 seconds left.\n|\n|t:|1781396572\n|switch|p2a: Seviper|Seviper, L93, M|287/287\n|-activate|p2a: Seviper|move: Sticky Web\n|-unboost|p2a: Seviper|spe|1\n|-damage|p2a: Seviper|252/287|[from] Stealth Rock\n|turn|19\n|\n|t:|1781396582\n|move|p1a: Scream Tail|Protect|p1a: Scream Tail\n|-singleturn|p1a: Scream Tail|Protect\n|move|p2a: Seviper|Trailblaze|p1a: Scream Tail\n|-activate|p1a: Scream Tail|move: Protect\n|\n|-heal|p2a: Seviper|269/287|[from] item: Leftovers\n|upkeep\n|turn|20\n|\n|t:|1781396595\n|move|p1a: Scream Tail|Encore|p2a: Seviper\n|-start|p2a: Seviper|Encore\n|move|p2a: Seviper|Trailblaze|p1a: Scream Tail\n|-damage|p1a: Scream Tail|288/330\n|-boost|p2a: Seviper|spe|1\n|\n|-heal|p1a: Scream Tail|308/330|[from] item: Leftovers\n|-heal|p2a: Seviper|286/287|[from] item: Leftovers\n|upkeep\n|turn|21\n|\n|t:|1781396603\n|-end|p1a: Scream Tail|Protosynthesis|[silent]\n|switch|p1a: Vileplume|Vileplume, L85, M|207/266\n|-damage|p1a: Vileplume|174/266|[from] Spikes\n|move|p2a: Seviper|Trailblaze|p1a: Vileplume\n|-resisted|p1a: Vileplume\n|-damage|p1a: Vileplume|162/266\n|-boost|p2a: Seviper|spe|1\n|\n|-heal|p2a: Seviper|287/287|[from] item: Leftovers\n|-heal|p1a: Vileplume|178/266|[from] item: Leftovers\n|upkeep\n|turn|22\n|\n|t:|1781396615\n|move|p2a: Seviper|Trailblaze|p1a: Vileplume\n|-resisted|p1a: Vileplume\n|-damage|p1a: Vileplume|168/266\n|-boost|p2a: Seviper|spe|1\n|move|p1a: Vileplume|Leech Seed|p2a: Seviper\n|-start|p2a: Seviper|move: Leech Seed\n|\n|-heal|p1a: Vileplume|184/266|[from] item: Leftovers\n|-damage|p2a: Seviper|252/287|[from] Leech Seed|[of] p1a: Vileplume\n|-heal|p1a: Vileplume|219/266|[silent]\n|-end|p2a: Seviper|Encore\n|upkeep\n|turn|23\n|\n|t:|1781396632\n|move|p2a: Seviper|Swords Dance|p2a: Seviper\n|-boost|p2a: Seviper|atk|2\n|move|p1a: Vileplume|Strength Sap|p2a: Seviper\n|-unboost|p2a: Seviper|atk|1\n|-heal|p1a: Vileplume|266/266\n|\n|-heal|p2a: Seviper|269/287|[from] item: Leftovers\n|-damage|p2a: Seviper|234/287|[from] Leech Seed|[of] p1a: Vileplume\n|upkeep\n|turn|24\n|\n|t:|1781396646\n|move|p2a: Seviper|Swords Dance|p2a: Seviper\n|-boost|p2a: Seviper|atk|2\n|move|p1a: Vileplume|Strength Sap|p2a: Seviper\n|-unboost|p2a: Seviper|atk|1\n|\n|-heal|p2a: Seviper|251/287|[from] item: Leftovers\n|-damage|p2a: Seviper|216/287|[from] Leech Seed|[of] p1a: Vileplume\n|upkeep\n|turn|25\n|\n|t:|1781396662\n|switch|p1a: Grafaiai|Grafaiai, L86, M|249/249\n|-damage|p1a: Grafaiai|218/249|[from] Spikes\n|move|p2a: Seviper|Swords Dance|p2a: Seviper\n|-boost|p2a: Seviper|atk|2\n|\n|-heal|p2a: Seviper|233/287|[from] item: Leftovers\n|-damage|p2a: Seviper|198/287|[from] Leech Seed|[of] p1a: Grafaiai\n|-heal|p1a: Grafaiai|249/249|[silent]\n|upkeep\n|turn|26\n|\n|t:|1781396667\n|move|p2a: Seviper|Earthquake|p1a: Grafaiai\n|-supereffective|p1a: Grafaiai\n|-damage|p1a: Grafaiai|0 fnt\n|faint|p1a: Grafaiai\n|\n|-heal|p2a: Seviper|215/287|[from] item: Leftovers\n|upkeep\n|inactive|Jefejenaro has 120 seconds left.\n|\n|t:|1781396696\n|switch|p1a: Vileplume|Vileplume, L85, M|266/266\n|-damage|p1a: Vileplume|233/266|[from] Spikes\n|turn|27\n|\n|t:|1781396710\n|move|p2a: Seviper|Gunk Shot|p1a: Vileplume|[miss]\n|-miss|p2a: Seviper|p1a: Vileplume\n|move|p1a: Vileplume|Sludge Bomb|p2a: Seviper\n|-resisted|p2a: Seviper\n|-damage|p2a: Seviper|151/287\n|\n|-heal|p2a: Seviper|168/287|[from] item: Leftovers\n|-heal|p1a: Vileplume|249/266|[from] item: Leftovers\n|-damage|p2a: Seviper|133/287|[from] Leech Seed|[of] p1a: Vileplume\n|-heal|p1a: Vileplume|266/266|[silent]\n|upkeep\n|turn|28\n|\n|t:|1781396721\n|move|p2a: Seviper|Gunk Shot|p1a: Vileplume\n|-damage|p1a: Vileplume|0 fnt\n|faint|p1a: Vileplume\n|\n|-heal|p2a: Seviper|150/287|[from] item: Leftovers\n|upkeep\n|\n|t:|1781396723\n|switch|p1a: Gastrodon|Gastrodon, L86, M|259/331\n|-damage|p1a: Gastrodon|218/331|[from] Spikes\n|turn|29\n|\n|t:|1781396732\n|-terastallize|p2a: Seviper|Ground\n|-terastallize|p1a: Gastrodon|Poison\n|move|p2a: Seviper|Earthquake|p1a: Gastrodon\n|-supereffective|p1a: Gastrodon\n|-damage|p1a: Gastrodon|0 fnt\n|faint|p1a: Gastrodon\n|\n|-heal|p2a: Seviper|167/287|[from] item: Leftovers\n|upkeep\n|-message|Jefejenaro forfeited.\n|\n|win|Z10101\n|raw|Jefejenaro's rating: 1982 &rarr; <strong>1966</strong><br />(-16 for losing)\n|raw|Z10101's rating: 2061 &rarr; <strong>2077</strong><br />(+16 for winning)\n", "uploadtime": 1781396190, "views": 4, "formatid": "gen9randombattle", "rating": 1966, "private": 0, "password": null}