{"id": "gen9randombattle-2631913793", "format": "[Gen 9] Random Battle", "players": ["fick runk", "Crinjal"], "log": "|j|\u2606fick runk\n|j|\u2606Crinjal\n|t:|1781455035\n|gametype|singles\n|player|p1|fick runk|parasollady|1966\n|player|p2|Crinjal|veteran|2016\n|gen|9\n|tier|[Gen 9] Random Battle\n|rated|\n|rule|Species Clause: Limit one of each Pok\u00e9mon\n|rule|HP Percentage Mod: HP is shown in percentages\n|rule|Sleep Clause Mod: Limit one foe put to sleep\n|rule|Illusion Level Mod: Illusion disguises the Pok\u00e9mon's true level\n|\n|t:|1781455035\n|teamsize|p1|6\n|teamsize|p2|6\n|start\n|switch|p1a: Ditto|Ditto, L87|225/225\n|switch|p2a: Charizard|Charizard, L85, M|271/271\n|-transform|p1a: Ditto|p2a: Charizard|[from] ability: Imposter\n|turn|1\n|inactive|Battle timer is ON: inactive players will automatically lose when time's up. (requested by fick runk)\n|\n|t:|1781455045\n|switch|p1a: Tentacruel|Tentacruel, L84, M|272/272\n|move|p2a: Charizard|Hurricane|p1a: Tentacruel\n|-damage|p1a: Tentacruel|176/272\n|-start|p1a: Tentacruel|confusion\n|\n|-heal|p1a: Tentacruel|193/272|[from] item: Leftovers\n|upkeep\n|turn|2\n|\n|t:|1781455057\n|switch|p1a: Landorus|Landorus, L75, M|257/257\n|move|p2a: Charizard|Earthquake|p1a: Landorus\n|-immune|p1a: Landorus\n|\n|upkeep\n|turn|3\n|\n|t:|1781455063\n|move|p2a: Charizard|Hurricane|p1a: Landorus\n|-damage|p1a: Landorus|107/257\n|-start|p1a: Landorus|confusion\n|-activate|p1a: Landorus|confusion\n|-damage|p1a: Landorus|82/257|[from] confusion\n|\n|upkeep\n|turn|4\n|\n|t:|1781455072\n|move|p2a: Charizard|Flamethrower|p1a: Landorus\n|-damage|p1a: Landorus|0 fnt\n|faint|p1a: Landorus\n|\n|upkeep\n|\n|t:|1781455078\n|switch|p1a: Beartic|Beartic, L91, F|321/321\n|turn|5\n|\n|t:|1781455088\n|move|p2a: Charizard|Will-O-Wisp|p1a: Beartic\n|-status|p1a: Beartic|brn\n|move|p1a: Beartic|Swords Dance|p1a: Beartic\n|-boost|p1a: Beartic|atk|2\n|\n|-damage|p1a: Beartic|301/321 brn|[from] brn\n|upkeep\n|turn|6\n|\n|t:|1781455097\n|move|p2a: Charizard|Flamethrower|p1a: Beartic\n|-supereffective|p1a: Beartic\n|-damage|p1a: Beartic|103/321 brn\n|move|p1a: Beartic|Icicle Crash|p2a: Charizard\n|-damage|p2a: Charizard|132/271\n|\n|-damage|p1a: Beartic|83/321 brn|[from] brn\n|upkeep\n|turn|7\n|\n|t:|1781455105\n|move|p1a: Beartic|Aqua Jet|p2a: Charizard\n|-supereffective|p2a: Charizard\n|-damage|p2a: Charizard|34/271\n|move|p2a: Charizard|Flamethrower|p1a: Beartic\n|-supereffective|p1a: Beartic\n|-damage|p1a: Beartic|0 fnt\n|faint|p1a: Beartic\n|\n|upkeep\n|\n|t:|1781455108\n|switch|p1a: Ditto|Ditto, L87|225/225\n|-transform|p1a: Ditto|p2a: Charizard|[from] ability: Imposter\n|turn|8\n|\n|t:|1781455114\n|switch|p2a: Houndoom|Houndoom, L87, F|272/272\n|move|p1a: Ditto|Flamethrower|p2a: Houndoom\n|-start|p2a: Houndoom|ability: Flash Fire\n|\n|upkeep\n|turn|9\n|\n|t:|1781455126\n|switch|p1a: Tentacruel|Tentacruel, L84, M|193/272\n|move|p2a: Houndoom|Nasty Plot|p2a: Houndoom\n|-boost|p2a: Houndoom|spa|2\n|\n|-heal|p1a: Tentacruel|210/272|[from] item: Leftovers\n|upkeep\n|turn|10\n|\n|t:|1781455147\n|move|p1a: Tentacruel|Surf|p2a: Houndoom\n|-supereffective|p2a: Houndoom\n|-damage|p2a: Houndoom|84/272\n|move|p2a: Houndoom|Dark Pulse|p1a: Tentacruel\n|-damage|p1a: Tentacruel|66/272\n|\n|-heal|p1a: Tentacruel|83/272|[from] item: Leftovers\n|upkeep\n|turn|11\n|\n|t:|1781455161\n|-end|p2a: Houndoom|ability: Flash Fire|[silent]\n|switch|p2a: Wo-Chien|Wo-Chien, L83|277/277\n|-ability|p2a: Wo-Chien|Tablets of Ruin\n|move|p1a: Tentacruel|Surf|p2a: Wo-Chien\n|-resisted|p2a: Wo-Chien\n|-damage|p2a: Wo-Chien|246/277\n|\n|-heal|p1a: Tentacruel|100/272|[from] item: Leftovers\n|-heal|p2a: Wo-Chien|263/277|[from] item: Leftovers\n|upkeep\n|turn|12\n|\n|t:|1781455167\n|switch|p1a: Amoonguss|Amoonguss, L82, F|321/321\n|move|p2a: Wo-Chien|Knock Off|p1a: Amoonguss\n|-damage|p1a: Amoonguss|203/321\n|-enditem|p1a: Amoonguss|Leftovers|[from] move: Knock Off|[of] p2a: Wo-Chien\n|\n|-heal|p2a: Wo-Chien|277/277|[from] item: Leftovers\n|upkeep\n|turn|13\n|\n|t:|1781455182\n|move|p2a: Wo-Chien|Protect|p2a: Wo-Chien\n|-singleturn|p2a: Wo-Chien|Protect\n|move|p1a: Amoonguss|Sludge Bomb|p2a: Wo-Chien\n|-activate|p2a: Wo-Chien|move: Protect\n|\n|upkeep\n|turn|14\n|\n|t:|1781455191\n|switch|p2a: Oinkologne|Oinkologne-F, L92, F|361/361\n|move|p1a: Amoonguss|Sludge Bomb|p2a: Oinkologne\n|-damage|p2a: Oinkologne|289/361\n|\n|-heal|p2a: Oinkologne|311/361|[from] item: Leftovers\n|upkeep\n|turn|15\n|\n|t:|1781455200\n|move|p2a: Oinkologne|Body Slam|p1a: Amoonguss\n|-damage|p1a: Amoonguss|77/321\n|move|p1a: Amoonguss|Spore|p2a: Oinkologne\n|-status|p2a: Oinkologne|slp|[from] move: Spore\n|\n|-heal|p2a: Oinkologne|333/361 slp|[from] item: Leftovers\n|upkeep\n|turn|16\n|\n|t:|1781455218\n|cant|p2a: Oinkologne|slp\n|move|p1a: Amoonguss|Giga Drain|p2a: Oinkologne\n|-damage|p2a: Oinkologne|270/361 slp\n|-heal|p1a: Amoonguss|109/321|[from] drain|[of] p2a: Oinkologne\n|\n|-heal|p2a: Oinkologne|292/361 slp|[from] item: Leftovers\n|upkeep\n|turn|17\n|\n|t:|1781455225\n|cant|p2a: Oinkologne|slp\n|move|p1a: Amoonguss|Giga Drain|p2a: Oinkologne\n|-damage|p2a: Oinkologne|232/361 slp\n|-heal|p1a: Amoonguss|139/321|[from] drain|[of] p2a: Oinkologne\n|\n|-heal|p2a: Oinkologne|254/361 slp|[from] item: Leftovers\n|upkeep\n|turn|18\n|\n|t:|1781455234\n|switch|p2a: Houndoom|Houndoom, L87, F|84/272\n|switch|p1a: Ditto|Ditto, L87|225/225\n|-transform|p1a: Ditto|p2a: Houndoom|[from] ability: Imposter\n|\n|upkeep\n|turn|19\n|\n|t:|1781455241\n|switch|p2a: Wo-Chien|Wo-Chien, L83|277/277\n|-ability|p2a: Wo-Chien|Tablets of Ruin\n|move|p1a: Ditto|Sludge Bomb|p2a: Wo-Chien\n|-supereffective|p2a: Wo-Chien\n|-damage|p2a: Wo-Chien|175/277\n|\n|-heal|p2a: Wo-Chien|192/277|[from] item: Leftovers\n|upkeep\n|turn|20\n|\n|t:|1781455253\n|move|p1a: Ditto|Sludge Bomb|p2a: Wo-Chien\n|-supereffective|p2a: Wo-Chien\n|-damage|p2a: Wo-Chien|90/277\n|-status|p2a: Wo-Chien|psn\n|move|p2a: Wo-Chien|Leech Seed|p1a: Ditto\n|-start|p1a: Ditto|move: Leech Seed\n|\n|-heal|p2a: Wo-Chien|107/277 psn|[from] item: Leftovers\n|-damage|p1a: Ditto|197/225|[from] Leech Seed|[of] p2a: Wo-Chien\n|-heal|p2a: Wo-Chien|135/277 psn|[silent]\n|-damage|p2a: Wo-Chien|101/277 psn|[from] psn\n|upkeep\n|turn|21\n|\n|t:|1781455261\n|switch|p1a: Tentacruel|Tentacruel, L84, M|100/272\n|move|p2a: Wo-Chien|Protect||[still]\n|-fail|p2a: Wo-Chien\n|\n|-heal|p1a: Tentacruel|117/272|[from] item: Leftovers\n|-heal|p2a: Wo-Chien|118/277 psn|[from] item: Leftovers\n|-damage|p2a: Wo-Chien|84/277 psn|[from] psn\n|upkeep\n|turn|22\n|\n|t:|1781455265\n|move|p1a: Tentacruel|Sludge Bomb|p2a: Wo-Chien\n|-supereffective|p2a: Wo-Chien\n|-damage|p2a: Wo-Chien|0 fnt\n|faint|p2a: Wo-Chien\n|\n|-heal|p1a: Tentacruel|134/272|[from] item: Leftovers\n|upkeep\n|\n|t:|1781455272\n|switch|p2a: Charizard|Charizard, L85, M|34/271\n|turn|23\n|\n|t:|1781455278\n|move|p2a: Charizard|Earthquake|p1a: Tentacruel\n|-supereffective|p1a: Tentacruel\n|-damage|p1a: Tentacruel|0 fnt\n|faint|p1a: Tentacruel\n|\n|upkeep\n|\n|t:|1781455280\n|switch|p1a: Ditto|Ditto, L87|197/225\n|-transform|p1a: Ditto|p2a: Charizard|[from] ability: Imposter\n|turn|24\n|\n|t:|1781455286\n|switch|p2a: Oinkologne|Oinkologne-F, L92, F|254/361 slp\n|move|p1a: Ditto|Hurricane|p2a: Oinkologne\n|-damage|p2a: Oinkologne|143/361 slp\n|-start|p2a: Oinkologne|confusion\n|\n|-heal|p2a: Oinkologne|165/361 slp|[from] item: Leftovers\n|upkeep\n|turn|25\n|\n|t:|1781455297\n|move|p1a: Ditto|Hurricane|p2a: Oinkologne\n|-damage|p2a: Oinkologne|39/361 slp\n|-curestatus|p2a: Oinkologne|slp|[msg]\n|-activate|p2a: Oinkologne|confusion\n|-damage|p2a: Oinkologne|7/361|[from] confusion\n|\n|-heal|p2a: Oinkologne|29/361|[from] item: Leftovers\n|upkeep\n|turn|26\n|\n|t:|1781455307\n|move|p1a: Ditto|Hurricane|p2a: Oinkologne\n|-damage|p2a: Oinkologne|0 fnt\n|faint|p2a: Oinkologne\n|\n|upkeep\n|\n|t:|1781455311\n|switch|p2a: Blastoise|Blastoise, L80, F|258/258\n|turn|27\n|\n|t:|1781455321\n|switch|p1a: Amoonguss|Amoonguss, L82, F|246/321\n|move|p2a: Blastoise|Hydro Pump|p1a: Amoonguss\n|-resisted|p1a: Amoonguss\n|-crit|p1a: Amoonguss\n|-damage|p1a: Amoonguss|171/321\n|\n|upkeep\n|turn|28\n|\n|t:|1781455325\n|move|p2a: Blastoise|Ice Beam|p1a: Amoonguss\n|-supereffective|p1a: Amoonguss\n|-damage|p1a: Amoonguss|61/321\n|move|p1a: Amoonguss|Spore|p2a: Blastoise\n|-status|p2a: Blastoise|slp|[from] move: Spore\n|\n|upkeep\n|turn|29\n|\n|t:|1781455336\n|switch|p2a: Appletun|Appletun, L92, M|352/352\n|move|p1a: Amoonguss|Sludge Bomb|p2a: Appletun\n|-supereffective|p2a: Appletun\n|-damage|p2a: Appletun|194/352\n|-status|p2a: Appletun|psn\n|\n|-heal|p2a: Appletun|216/352 psn|[from] item: Leftovers\n|-damage|p2a: Appletun|172/352 psn|[from] psn\n|upkeep\n|turn|30\n|\n|t:|1781455341\n|switch|p1a: Ditto|Ditto, L87|197/225\n|-transform|p1a: Ditto|p2a: Appletun|[from] ability: Imposter\n|move|p2a: Appletun|Draco Meteor|p1a: Ditto\n|-supereffective|p1a: Ditto\n|-crit|p1a: Ditto\n|-damage|p1a: Ditto|0 fnt\n|-unboost|p2a: Appletun|spa|2\n|faint|p1a: Ditto\n|\n|-heal|p2a: Appletun|194/352 psn|[from] item: Leftovers\n|-damage|p2a: Appletun|150/352 psn|[from] psn\n|upkeep\n|\n|t:|1781455344\n|switch|p1a: Amoonguss|Amoonguss, L82, F|168/321\n|turn|31\n|\n|t:|1781455356\n|switch|p2a: Blastoise|Blastoise, L80, F|258/258 slp\n|move|p1a: Amoonguss|Sludge Bomb|p2a: Blastoise\n|-damage|p2a: Blastoise|188/258 slp\n|\n|upkeep\n|turn|32\n|\n|t:|1781455364\n|switch|p2a: Appletun|Appletun, L92, M|150/352 psn\n|move|p1a: Amoonguss|Sludge Bomb|p2a: Appletun\n|-supereffective|p2a: Appletun\n|-damage|p2a: Appletun|0 fnt\n|faint|p2a: Appletun\n|\n|upkeep\n|\n|t:|1781455373\n|switch|p2a: Houndoom|Houndoom, L87, F|84/272\n|turn|33\n|\n|t:|1781455378\n|move|p2a: Houndoom|Fire Blast|p1a: Amoonguss\n|-supereffective|p1a: Amoonguss\n|-damage|p1a: Amoonguss|0 fnt\n|faint|p1a: Amoonguss\n|\n|upkeep\n|\n|t:|1781455380\n|switch|p1a: Kingambit|Kingambit, L74, F|270/270\n|-activate|p1a: Kingambit|ability: Supreme Overlord\n|-start|p1a: Kingambit|fallen5|[silent]\n|turn|34\n|\n|t:|1781455388\n|-terastallize|p1a: Kingambit|Dark\n|move|p2a: Houndoom|Fire Blast|p1a: Kingambit\n|-damage|p1a: Kingambit|99/270\n|move|p1a: Kingambit|Swords Dance|p1a: Kingambit\n|-boost|p1a: Kingambit|atk|2\n|\n|-heal|p1a: Kingambit|115/270|[from] item: Leftovers\n|upkeep\n|turn|35\n|\n|t:|1781455404\n|move|p2a: Houndoom|Nasty Plot|p2a: Houndoom\n|-boost|p2a: Houndoom|spa|2\n|move|p1a: Kingambit|Iron Head|p2a: Houndoom\n|-resisted|p2a: Houndoom\n|-damage|p2a: Houndoom|0 fnt\n|faint|p2a: Houndoom\n|\n|-heal|p1a: Kingambit|131/270|[from] item: Leftovers\n|upkeep\n|\n|t:|1781455410\n|switch|p2a: Charizard|Charizard, L85, M|34/271\n|turn|36\n|\n|t:|1781455414\n|move|p1a: Kingambit|Sucker Punch||[still]\n|-fail|p1a: Kingambit\n|move|p2a: Charizard|Will-O-Wisp|p1a: Kingambit\n|-status|p1a: Kingambit|brn\n|\n|-heal|p1a: Kingambit|147/270 brn|[from] item: Leftovers\n|-damage|p1a: Kingambit|131/270 brn|[from] brn\n|upkeep\n|turn|37\n|\n|t:|1781455420\n|move|p1a: Kingambit|Sucker Punch||[still]\n|-fail|p1a: Kingambit\n|move|p2a: Charizard|Will-O-Wisp|p1a: Kingambit\n|-fail|p1a: Kingambit|brn\n|\n|-heal|p1a: Kingambit|147/270 brn|[from] item: Leftovers\n|-damage|p1a: Kingambit|131/270 brn|[from] brn\n|upkeep\n|turn|38\n|\n|t:|1781455423\n|move|p1a: Kingambit|Sucker Punch|p2a: Charizard\n|-damage|p2a: Charizard|0 fnt\n|faint|p2a: Charizard\n|\n|-heal|p1a: Kingambit|147/270 brn|[from] item: Leftovers\n|-damage|p1a: Kingambit|131/270 brn|[from] brn\n|upkeep\n|\n|t:|1781455427\n|switch|p2a: Blastoise|Blastoise, L80, F|188/258 slp\n|turn|39\n|\n|t:|1781455436\n|cant|p2a: Blastoise|slp\n|move|p1a: Kingambit|Kowtow Cleave|p2a: Blastoise\n|-damage|p2a: Blastoise|30/258 slp\n|\n|-heal|p1a: Kingambit|147/270 brn|[from] item: Leftovers\n|-damage|p1a: Kingambit|131/270 brn|[from] brn\n|upkeep\n|turn|40\n|\n|t:|1781455447\n|-terastallize|p2a: Blastoise|Water\n|cant|p2a: Blastoise|slp\n|move|p1a: Kingambit|Kowtow Cleave|p2a: Blastoise\n|-damage|p2a: Blastoise|0 fnt\n|faint|p2a: Blastoise\n|\n|win|fick runk\n", "uploadtime": 1781455038, "views": 3, "formatid": "gen9randombattle", "rating": null, "private": 0, "password": null}