{"id": "gen9randombattle-2631521929", "format": "[Gen 9] Random Battle", "players": ["100taka", "freeze magnet"], "log": "|j|\u2606100taka\n|j|\u2606freeze magnet\n|t:|1781396081\n|gametype|singles\n|player|p1|100taka|265|1961\n|player|p2|freeze magnet|gambler|1925\n|gen|9\n|tier|[Gen 9] Random Battle\n|rated|\n|rule|Species Clause: Limit one of each Pok\u00e9mon\n|rule|HP Percentage Mod: HP is shown in percentages\n|rule|Sleep Clause Mod: Limit one foe put to sleep\n|rule|Illusion Level Mod: Illusion disguises the Pok\u00e9mon's true level\n|\n|t:|1781396081\n|teamsize|p1|6\n|teamsize|p2|6\n|start\n|switch|p1a: Staraptor|Staraptor, L79, M|263/263\n|switch|p2a: Abomasnow|Abomasnow, L84, F|287/287\n|-weather|Snowscape|[from] ability: Snow Warning|[of] p2a: Abomasnow\n|turn|1\n|inactive|Battle timer is ON: inactive players will automatically lose when time's up. (requested by freeze magnet)\n|\n|t:|1781396092\n|switch|p2a: Kingambit|Kingambit, L74, M|270/270\n|move|p1a: Staraptor|Brave Bird|p2a: Kingambit\n|-resisted|p2a: Kingambit\n|-damage|p2a: Kingambit|165/270\n|-damage|p1a: Staraptor|228/263|[from] Recoil\n|\n|-weather|Snowscape|[upkeep]\n|-heal|p2a: Kingambit|181/270|[from] item: Leftovers\n|upkeep\n|turn|2\n|\n|t:|1781396101\n|switch|p1a: Mienshao|Mienshao, L83, F|244/244\n|-end|p2a: Kingambit|fallenundefined|[silent]\n|switch|p2a: Tinkaton|Tinkaton, L82, F|274/274\n|-ability|p2a: Tinkaton|Mold Breaker\n|\n|-weather|Snowscape|[upkeep]\n|upkeep\n|turn|3\n|\n|t:|1781396110\n|switch|p1a: Meowstic|Meowstic, L89, M|277/277\n|move|p2a: Tinkaton|Play Rough|p1a: Meowstic\n|-damage|p1a: Meowstic|201/277\n|\n|-weather|Snowscape|[upkeep]\n|upkeep\n|turn|4\n|\n|t:|1781396114\n|switch|p2a: Morpeko|Morpeko, L88, F|245/245\n|move|p1a: Meowstic|Reflect|p1a: Meowstic\n|-sidestart|p1: 100taka|Reflect\n|\n|-weather|Snowscape|[upkeep]\n|-formechange|p2a: Morpeko|Morpeko-Hangry||[from] ability: Hunger Switch\n|upkeep\n|turn|5\n|\n|t:|1781396123\n|switch|p1a: Mienshao|Mienshao, L83, F|244/244\n|move|p2a: Morpeko|Aura Wheel|p1a: Mienshao\n|-resisted|p1a: Mienshao\n|-crit|p1a: Mienshao\n|-damage|p1a: Mienshao|107/244\n|-boost|p2a: Morpeko|spe|1\n|\n|-weather|none\n|-formechange|p2a: Morpeko|Morpeko||[from] ability: Hunger Switch\n|upkeep\n|turn|6\n|\n|t:|1781396131\n|move|p2a: Morpeko|Protect|p2a: Morpeko\n|-singleturn|p2a: Morpeko|Protect\n|move|p1a: Mienshao|Close Combat|p2a: Morpeko\n|-activate|p2a: Morpeko|move: Protect\n|\n|-formechange|p2a: Morpeko|Morpeko-Hangry||[from] ability: Hunger Switch\n|upkeep\n|turn|7\n|\n|t:|1781396136\n|move|p2a: Morpeko|Parting Shot|p1a: Mienshao\n|-unboost|p1a: Mienshao|atk|1\n|-unboost|p1a: Mienshao|spa|1\n|\n|t:|1781396138\n|switch|p2a: Tinkaton|Tinkaton, L82, F|274/274|[from] Parting Shot\n|-ability|p2a: Tinkaton|Mold Breaker\n|move|p1a: Mienshao|Close Combat|p2a: Tinkaton\n|-damage|p2a: Tinkaton|121/274\n|-unboost|p1a: Mienshao|def|1\n|-unboost|p1a: Mienshao|spd|1\n|-damage|p1a: Mienshao|83/244|[from] item: Life Orb\n|\n|-heal|p2a: Tinkaton|138/274|[from] item: Leftovers\n|upkeep\n|turn|8\n|\n|t:|1781396142\n|switch|p1a: Ribombee|Ribombee, L83, F|235/235\n|move|p2a: Tinkaton|Play Rough|p1a: Ribombee\n|-damage|p1a: Ribombee|181/235\n|\n|-heal|p2a: Tinkaton|155/274|[from] item: Leftovers\n|upkeep\n|turn|9\n|\n|t:|1781396147\n|move|p1a: Ribombee|U-turn|p2a: Tinkaton\n|-resisted|p2a: Tinkaton\n|-damage|p2a: Tinkaton|142/274\n|\n|t:|1781396149\n|switch|p1a: Luxray|Luxray, L88, M|283/283|[from] U-turn\n|move|p2a: Tinkaton|Gigaton Hammer|p1a: Luxray\n|-resisted|p1a: Luxray\n|-damage|p1a: Luxray|249/283\n|\n|-heal|p2a: Tinkaton|159/274|[from] item: Leftovers\n|-status|p1a: Luxray|brn|[from] item: Flame Orb\n|upkeep\n|turn|10\n|\n|t:|1781396156\n|switch|p2a: Abomasnow|Abomasnow, L84, F|287/287\n|-weather|Snowscape|[from] ability: Snow Warning|[of] p2a: Abomasnow\n|move|p1a: Luxray|Supercell Slam|p2a: Abomasnow\n|-resisted|p2a: Abomasnow\n|-damage|p2a: Abomasnow|216/287\n|\n|-weather|Snowscape|[upkeep]\n|-damage|p1a: Luxray|232/283 brn|[from] brn\n|upkeep\n|turn|11\n|\n|t:|1781396161\n|move|p1a: Luxray|Facade|p2a: Abomasnow\n|-damage|p2a: Abomasnow|80/287\n|move|p2a: Abomasnow|Aurora Veil|p2a: Abomasnow\n|-sidestart|p2: freeze magnet|move: Aurora Veil\n|\n|-weather|Snowscape|[upkeep]\n|-damage|p1a: Luxray|215/283 brn|[from] brn\n|-sideend|p1: 100taka|Reflect\n|upkeep\n|turn|12\n|\n|t:|1781396167\n|switch|p1a: Meowstic|Meowstic, L89, M|201/277\n|move|p2a: Abomasnow|Ice Shard|p1a: Meowstic\n|-damage|p1a: Meowstic|158/277\n|\n|-weather|Snowscape|[upkeep]\n|upkeep\n|turn|13\n|\n|t:|1781396171\n|move|p1a: Meowstic|Reflect|p1a: Meowstic\n|-sidestart|p1: 100taka|Reflect\n|move|p2a: Abomasnow|Blizzard|p1a: Meowstic\n|-damage|p1a: Meowstic|43/277\n|\n|-weather|Snowscape|[upkeep]\n|upkeep\n|turn|14\n|\n|t:|1781396174\n|move|p1a: Meowstic|Light Screen|p1a: Meowstic\n|-sidestart|p1: 100taka|move: Light Screen\n|move|p2a: Abomasnow|Blizzard|p1a: Meowstic\n|-damage|p1a: Meowstic|0 fnt\n|faint|p1a: Meowstic\n|\n|-weather|none\n|upkeep\n|\n|t:|1781396180\n|switch|p1a: Mienshao|Mienshao, L83, F|164/244\n|turn|15\n|\n|t:|1781396185\n|move|p2a: Abomasnow|Ice Shard|p1a: Mienshao\n|-damage|p1a: Mienshao|136/244\n|move|p1a: Mienshao|Close Combat|p2a: Abomasnow\n|-supereffective|p2a: Abomasnow\n|-damage|p2a: Abomasnow|0 fnt\n|-unboost|p1a: Mienshao|def|1\n|-unboost|p1a: Mienshao|spd|1\n|faint|p2a: Abomasnow\n|-damage|p1a: Mienshao|112/244|[from] item: Life Orb\n|\n|upkeep\n|\n|t:|1781396191\n|switch|p2a: Lugia|Lugia, L73|275/275\n|turn|16\n|\n|t:|1781396205\n|switch|p1a: Appletun|Appletun, L92, M|352/352\n|move|p2a: Lugia|Calm Mind|p2a: Lugia\n|-boost|p2a: Lugia|spa|1\n|-boost|p2a: Lugia|spd|1\n|\n|upkeep\n|turn|17\n|\n|t:|1781396210\n|move|p2a: Lugia|Aeroblast|p1a: Appletun\n|-supereffective|p1a: Appletun\n|-damage|p1a: Appletun|241/352\n|move|p1a: Appletun|Leech Seed|p2a: Lugia\n|-start|p2a: Lugia|move: Leech Seed\n|\n|-heal|p1a: Appletun|263/352|[from] item: Leftovers\n|-damage|p2a: Lugia|241/275|[from] Leech Seed|[of] p1a: Appletun\n|-heal|p1a: Appletun|297/352|[silent]\n|upkeep\n|turn|18\n|\n|t:|1781396215\n|switch|p2a: Tinkaton|Tinkaton, L82, F|159/274\n|-ability|p2a: Tinkaton|Mold Breaker\n|move|p1a: Appletun|Apple Acid|p2a: Tinkaton\n|-resisted|p2a: Tinkaton\n|-damage|p2a: Tinkaton|137/274\n|-unboost|p2a: Tinkaton|spd|1\n|\n|-heal|p2a: Tinkaton|154/274|[from] item: Leftovers\n|-heal|p1a: Appletun|319/352|[from] item: Leftovers\n|-sideend|p2: freeze magnet|move: Aurora Veil\n|upkeep\n|turn|19\n|\n|t:|1781396222\n|switch|p1a: Luxray|Luxray, L88, M|215/283 brn\n|move|p2a: Tinkaton|Knock Off|p1a: Luxray\n|-damage|p1a: Luxray|189/283 brn\n|-enditem|p1a: Luxray|Flame Orb|[from] move: Knock Off|[of] p2a: Tinkaton\n|\n|-heal|p2a: Tinkaton|171/274|[from] item: Leftovers\n|-damage|p1a: Luxray|172/283 brn|[from] brn\n|upkeep\n|turn|20\n|\n|t:|1781396230\n|move|p2a: Tinkaton|Play Rough|p1a: Luxray\n|-damage|p1a: Luxray|136/283 brn\n|move|p1a: Luxray|Supercell Slam|p2a: Tinkaton\n|-damage|p2a: Tinkaton|0 fnt\n|faint|p2a: Tinkaton\n|\n|-damage|p1a: Luxray|119/283 brn|[from] brn\n|-sideend|p1: 100taka|Reflect\n|upkeep\n|\n|t:|1781396237\n|switch|p2a: Morpeko|Morpeko, L88, F|245/245\n|turn|21\n|\n|t:|1781396239\n|move|p2a: Morpeko|Protect|p2a: Morpeko\n|-singleturn|p2a: Morpeko|Protect\n|move|p1a: Luxray|Trailblaze|p2a: Morpeko\n|-activate|p2a: Morpeko|move: Protect\n|\n|-damage|p1a: Luxray|102/283 brn|[from] brn\n|-sideend|p1: 100taka|move: Light Screen\n|-formechange|p2a: Morpeko|Morpeko-Hangry||[from] ability: Hunger Switch\n|upkeep\n|turn|22\n|\n|t:|1781396246\n|move|p2a: Morpeko|Aura Wheel|p1a: Luxray\n|-damage|p1a: Luxray|0 fnt\n|-boost|p2a: Morpeko|spe|1\n|faint|p1a: Luxray\n|\n|-formechange|p2a: Morpeko|Morpeko||[from] ability: Hunger Switch\n|upkeep\n|\n|t:|1781396248\n|switch|p1a: Ribombee|Ribombee, L83, F|181/235\n|turn|23\n|\n|t:|1781396253\n|move|p2a: Morpeko|Aura Wheel|p1a: Ribombee\n|-damage|p1a: Ribombee|3/235\n|-boost|p2a: Morpeko|spe|1\n|move|p1a: Ribombee|Moonblast|p2a: Morpeko\n|-supereffective|p2a: Morpeko\n|-damage|p2a: Morpeko|0 fnt\n|faint|p2a: Morpeko\n|\n|upkeep\n|\n|t:|1781396260\n|switch|p2a: Lugia|Lugia, L73|241/275\n|turn|24\n|\n|t:|1781396265\n|move|p1a: Ribombee|U-turn|p2a: Lugia\n|-damage|p2a: Lugia|199/275\n|\n|t:|1781396266\n|switch|p1a: Appletun|Appletun, L92, M|319/352|[from] U-turn\n|move|p2a: Lugia|Calm Mind|p2a: Lugia\n|-boost|p2a: Lugia|spa|1\n|-boost|p2a: Lugia|spd|1\n|\n|-heal|p1a: Appletun|341/352|[from] item: Leftovers\n|upkeep\n|turn|25\n|\n|t:|1781396270\n|-terastallize|p1a: Appletun|Steel\n|move|p2a: Lugia|Aeroblast|p1a: Appletun\n|-resisted|p1a: Appletun\n|-damage|p1a: Appletun|290/352\n|move|p1a: Appletun|Leech Seed|p2a: Lugia\n|-start|p2a: Lugia|move: Leech Seed\n|\n|-heal|p1a: Appletun|312/352|[from] item: Leftovers\n|-damage|p2a: Lugia|165/275|[from] Leech Seed|[of] p1a: Appletun\n|-heal|p1a: Appletun|346/352|[silent]\n|upkeep\n|turn|26\n|\n|t:|1781396275\n|switch|p2a: Politoed|Politoed, L88, F|302/302\n|-weather|RainDance|[from] ability: Drizzle|[of] p2a: Politoed\n|switch|p1a: Staraptor|Staraptor, L79, M|228/263\n|\n|-weather|RainDance|[upkeep]\n|upkeep\n|turn|27\n|\n|t:|1781396286\n|move|p1a: Staraptor|Brave Bird|p2a: Politoed\n|-damage|p2a: Politoed|25/302\n|-damage|p1a: Staraptor|137/263|[from] Recoil\n|move|p2a: Politoed|Ice Beam|p1a: Staraptor\n|-supereffective|p1a: Staraptor\n|-damage|p1a: Staraptor|0 fnt\n|faint|p1a: Staraptor\n|\n|-weather|RainDance|[upkeep]\n|upkeep\n|\n|t:|1781396289\n|switch|p1a: Ribombee|Ribombee, L83, F|3/235\n|turn|28\n|\n|t:|1781396297\n|move|p1a: Ribombee|U-turn|p2a: Politoed\n|-damage|p2a: Politoed|0 fnt\n|faint|p2a: Politoed\n|\n|t:|1781396298\n|switch|p1a: Mienshao|Mienshao, L83, F|193/244|[from] U-turn\n|\n|-weather|RainDance|[upkeep]\n|upkeep\n|\n|t:|1781396301\n|switch|p2a: Lugia|Lugia, L73|165/275\n|turn|29\n|\n|t:|1781396304\n|switch|p1a: Appletun|Appletun, L92, M, tera:Steel|346/352\n|move|p2a: Lugia|Recover|p2a: Lugia\n|-heal|p2a: Lugia|275/275\n|\n|-weather|RainDance|[upkeep]\n|-heal|p1a: Appletun|352/352|[from] item: Leftovers\n|upkeep\n|turn|30\n|\n|t:|1781396307\n|move|p2a: Lugia|Calm Mind|p2a: Lugia\n|-boost|p2a: Lugia|spa|1\n|-boost|p2a: Lugia|spd|1\n|move|p1a: Appletun|Leech Seed|p2a: Lugia\n|-start|p2a: Lugia|move: Leech Seed\n|\n|-weather|none\n|-damage|p2a: Lugia|241/275|[from] Leech Seed|[of] p1a: Appletun\n|upkeep\n|turn|31\n|\n|t:|1781396311\n|move|p2a: Lugia|Calm Mind|p2a: Lugia\n|-boost|p2a: Lugia|spa|1\n|-boost|p2a: Lugia|spd|1\n|move|p1a: Appletun|Apple Acid|p2a: Lugia\n|-resisted|p2a: Lugia\n|-damage|p2a: Lugia|223/275\n|-unboost|p2a: Lugia|spd|1\n|\n|-damage|p2a: Lugia|189/275|[from] Leech Seed|[of] p1a: Appletun\n|upkeep\n|turn|32\n|\n|t:|1781396314\n|move|p2a: Lugia|Calm Mind|p2a: Lugia\n|-boost|p2a: Lugia|spa|1\n|-boost|p2a: Lugia|spd|1\n|move|p1a: Appletun|Apple Acid|p2a: Lugia\n|-resisted|p2a: Lugia\n|-damage|p2a: Lugia|169/275\n|-unboost|p2a: Lugia|spd|1\n|\n|-damage|p2a: Lugia|135/275|[from] Leech Seed|[of] p1a: Appletun\n|upkeep\n|turn|33\n|\n|t:|1781396317\n|move|p2a: Lugia|Recover|p2a: Lugia\n|-heal|p2a: Lugia|273/275\n|move|p1a: Appletun|Apple Acid|p2a: Lugia\n|-resisted|p2a: Lugia\n|-damage|p2a: Lugia|249/275\n|-unboost|p2a: Lugia|spd|1\n|\n|-damage|p2a: Lugia|215/275|[from] Leech Seed|[of] p1a: Appletun\n|upkeep\n|turn|34\n|\n|t:|1781396319\n|move|p2a: Lugia|Psychic Noise|p1a: Appletun\n|-resisted|p1a: Appletun\n|-damage|p1a: Appletun|283/352\n|-start|p1a: Appletun|move: Heal Block\n|move|p1a: Appletun|Apple Acid|p2a: Lugia\n|-resisted|p2a: Lugia\n|-damage|p2a: Lugia|180/275\n|-unboost|p2a: Lugia|spd|1\n|\n|-damage|p2a: Lugia|146/275|[from] Leech Seed|[of] p1a: Appletun\n|upkeep\n|turn|35\n|\n|t:|1781396322\n|move|p2a: Lugia|Psychic Noise|p1a: Appletun\n|-resisted|p1a: Appletun\n|-damage|p1a: Appletun|206/352\n|move|p1a: Appletun|Apple Acid|p2a: Lugia\n|-resisted|p2a: Lugia\n|-damage|p2a: Lugia|92/275\n|-unboost|p2a: Lugia|spd|1\n|\n|-damage|p2a: Lugia|58/275|[from] Leech Seed|[of] p1a: Appletun\n|-end|p1a: Appletun|move: Heal Block\n|upkeep\n|turn|36\n|\n|t:|1781396326\n|move|p2a: Lugia|Psychic Noise|p1a: Appletun\n|-resisted|p1a: Appletun\n|-damage|p1a: Appletun|135/352\n|-start|p1a: Appletun|move: Heal Block\n|move|p1a: Appletun|Apple Acid|p2a: Lugia\n|-resisted|p2a: Lugia\n|-damage|p2a: Lugia|0 fnt\n|faint|p2a: Lugia\n|\n|upkeep\n|\n|t:|1781396328\n|switch|p2a: Kingambit|Kingambit, L74, M|181/270\n|-activate|p2a: Kingambit|ability: Supreme Overlord\n|-start|p2a: Kingambit|fallen5|[silent]\n|turn|37\n|\n|t:|1781396331\n|switch|p1a: Mienshao|Mienshao, L83, F|244/244\n|move|p2a: Kingambit|Swords Dance|p2a: Kingambit\n|-boost|p2a: Kingambit|atk|2\n|\n|-heal|p2a: Kingambit|197/270|[from] item: Leftovers\n|upkeep\n|turn|38\n|\n|t:|1781396339\n|-terastallize|p2a: Kingambit|Flying\n|move|p1a: Mienshao|Triple Axel|p2a: Kingambit|[miss]\n|-miss|p1a: Mienshao|p2a: Kingambit\n|move|p2a: Kingambit|Iron Head|p1a: Mienshao\n|-damage|p1a: Mienshao|0 fnt\n|faint|p1a: Mienshao\n|\n|-heal|p2a: Kingambit|213/270|[from] item: Leftovers\n|upkeep\n|c|\u2606freeze magnet|oof\n|-message|100taka forfeited.\n|\n|win|freeze magnet\n", "uploadtime": 1781396083, "views": 3, "formatid": "gen9randombattle", "rating": null, "private": 0, "password": null}