{"id": "gen9randombattle-2631810720", "format": "[Gen 9] Random Battle", "players": ["Kirbo6464", "Greedy Rapooh"], "log": "|j|\u2606Kirbo6464\n|j|\u2606Greedy Rapooh\n|t:|1781443019\n|gametype|singles\n|player|p1|Kirbo6464|n|2119\n|player|p2|Greedy Rapooh|acerola-masters|2097\n|gen|9\n|tier|[Gen 9] Random Battle\n|rated|\n|rule|Species Clause: Limit one of each Pok\u00e9mon\n|rule|HP Percentage Mod: HP is shown in percentages\n|rule|Sleep Clause Mod: Limit one foe put to sleep\n|rule|Illusion Level Mod: Illusion disguises the Pok\u00e9mon's true level\n|\n|t:|1781443019\n|teamsize|p1|6\n|teamsize|p2|6\n|start\n|switch|p1a: Kommo-o|Kommo-o, L78, M|245/245\n|switch|p2a: Scizor|Scizor, L79, F|240/240\n|turn|1\n|inactive|Battle timer is ON: inactive players will automatically lose when time's up. (requested by Kirbo6464)\n|\n|t:|1781443038\n|switch|p2a: Grumpig|Grumpig, L92, M|297/297\n|move|p1a: Kommo-o|Clangorous Soul|p1a: Kommo-o\n|-boost|p1a: Kommo-o|atk|1\n|-boost|p1a: Kommo-o|def|1\n|-boost|p1a: Kommo-o|spa|1\n|-boost|p1a: Kommo-o|spd|1\n|-boost|p1a: Kommo-o|spe|1\n|-damage|p1a: Kommo-o|165/245\n|-enditem|p1a: Kommo-o|Throat Spray\n|-boost|p1a: Kommo-o|spa|1|[from] item: Throat Spray\n|\n|upkeep\n|turn|2\n|\n|t:|1781443049\n|move|p1a: Kommo-o|Clanging Scales|p2a: Grumpig\n|-damage|p2a: Grumpig|123/297\n|-unboost|p1a: Kommo-o|def|1\n|move|p2a: Grumpig|Psychic|p1a: Kommo-o\n|-supereffective|p1a: Kommo-o\n|-damage|p1a: Kommo-o|27/245\n|\n|-heal|p2a: Grumpig|141/297|[from] item: Leftovers\n|upkeep\n|turn|3\n|\n|t:|1781443055\n|move|p1a: Kommo-o|Clanging Scales|p2a: Grumpig\n|-damage|p2a: Grumpig|0 fnt\n|faint|p2a: Grumpig\n|-unboost|p1a: Kommo-o|def|1\n|\n|upkeep\n|\n|t:|1781443058\n|switch|p2a: Scizor|Scizor, L79, F|240/240\n|turn|4\n|\n|t:|1781443062\n|move|p2a: Scizor|Bullet Punch|p1a: Kommo-o\n|-damage|p1a: Kommo-o|0 fnt\n|faint|p1a: Kommo-o\n|\n|upkeep\n|l|\u2606Kirbo6464\n|inactive|Kirbo6464 disconnected and has a minute to reconnect!\n|player|p1|\n|j|\u2606Kirbo6464\n|inactive|Kirbo6464 reconnected and has 115 seconds left.\n|player|p1|Kirbo6464|n|\n|\n|t:|1781443102\n|switch|p1a: Pikachu|Pikachu-Kalos, L93, F|216/216\n|turn|5\n|\n|t:|1781443105\n|switch|p2a: Rhydon|Rhydon, L85, M|317/317\n|move|p1a: Pikachu|Knock Off|p2a: Rhydon\n|-damage|p2a: Rhydon|256/317\n|-enditem|p2a: Rhydon|Eviolite|[from] move: Knock Off|[of] p1a: Pikachu\n|\n|upkeep\n|turn|6\n|\n|t:|1781443108\n|switch|p2a: Victreebel|Victreebel, L90, M|290/290\n|move|p1a: Pikachu|Surf|p2a: Victreebel\n|-resisted|p2a: Victreebel\n|-damage|p2a: Victreebel|235/290\n|\n|upkeep\n|turn|7\n|\n|t:|1781443128\n|move|p1a: Pikachu|Knock Off|p2a: Victreebel\n|-damage|p2a: Victreebel|111/290\n|-enditem|p2a: Victreebel|Life Orb|[from] move: Knock Off|[of] p1a: Pikachu\n|move|p2a: Victreebel|Power Whip|p1a: Pikachu\n|-damage|p1a: Pikachu|0 fnt\n|faint|p1a: Pikachu\n|\n|upkeep\n|\n|t:|1781443134\n|switch|p1a: Smeargle|Smeargle, L95, F|258/258\n|turn|8\n|\n|t:|1781443139\n|move|p1a: Smeargle|Sticky Web|p2a: Victreebel\n|-sidestart|p2: Greedy Rapooh|move: Sticky Web\n|move|p2a: Victreebel|Strength Sap|p1a: Smeargle\n|-unboost|p1a: Smeargle|atk|1\n|-heal|p2a: Victreebel|203/290\n|\n|upkeep\n|turn|9\n|l|\u2606Kirbo6464\n|inactive|Kirbo6464 disconnected and has a minute to reconnect!\n|player|p1|\n|j|\u2606Kirbo6464\n|inactive|Kirbo6464 reconnected and has 120 seconds left.\n|player|p1|Kirbo6464|n|\n|\n|t:|1781443174\n|move|p1a: Smeargle|Ceaseless Edge|p2a: Victreebel\n|-damage|p2a: Victreebel|186/290\n|-sidestart|p2: Greedy Rapooh|Spikes\n|move|p2a: Victreebel|Sludge Wave|p1a: Smeargle\n|-damage|p1a: Smeargle|77/258\n|-status|p1a: Smeargle|psn\n|\n|-damage|p1a: Smeargle|45/258 psn|[from] psn\n|upkeep\n|turn|10\n|\n|t:|1781443186\n|move|p1a: Smeargle|Ceaseless Edge|p2a: Victreebel\n|-damage|p2a: Victreebel|168/290\n|-sidestart|p2: Greedy Rapooh|Spikes\n|move|p2a: Victreebel|Strength Sap|p1a: Smeargle\n|-unboost|p1a: Smeargle|atk|1\n|-heal|p2a: Victreebel|229/290\n|\n|-damage|p1a: Smeargle|13/258 psn|[from] psn\n|upkeep\n|turn|11\n|\n|t:|1781443193\n|move|p1a: Smeargle|Ceaseless Edge|p2a: Victreebel\n|-damage|p2a: Victreebel|215/290\n|-sidestart|p2: Greedy Rapooh|Spikes\n|move|p2a: Victreebel|Strength Sap|p1a: Smeargle\n|-unboost|p1a: Smeargle|atk|1\n|-heal|p2a: Victreebel|261/290\n|\n|-damage|p1a: Smeargle|0 fnt|[from] psn\n|faint|p1a: Smeargle\n|upkeep\n|\n|t:|1781443209\n|switch|p1a: Baxcalibur|Baxcalibur, L75, F|295/295\n|turn|12\n|\n|t:|1781443216\n|move|p2a: Victreebel|Sludge Wave|p1a: Baxcalibur\n|-damage|p1a: Baxcalibur|148/295\n|move|p1a: Baxcalibur|Scale Shot|p2a: Victreebel\n|-damage|p2a: Victreebel|224/290\n|-damage|p2a: Victreebel|191/290\n|-damage|p2a: Victreebel|157/290\n|-damage|p2a: Victreebel|120/290\n|-hitcount|p2a: Victreebel|4\n|-unboost|p1a: Baxcalibur|def|1\n|-boost|p1a: Baxcalibur|spe|1\n|\n|upkeep\n|turn|13\n|\n|t:|1781443220\n|move|p1a: Baxcalibur|Icicle Spear|p2a: Victreebel\n|-supereffective|p2a: Victreebel\n|-damage|p2a: Victreebel|52/290\n|-supereffective|p2a: Victreebel\n|-damage|p2a: Victreebel|0 fnt\n|faint|p2a: Victreebel\n|-hitcount|p2: Victreebel|2\n|\n|upkeep\n|\n|t:|1781443222\n|switch|p2a: Scizor|Scizor, L79, F|240/240\n|-activate|p2a: Scizor|move: Sticky Web\n|-unboost|p2a: Scizor|spe|1\n|-damage|p2a: Scizor|180/240|[from] Spikes\n|turn|14\n|\n|t:|1781443228\n|switch|p1a: Lurantis|Lurantis, L87, F|264/264\n|move|p2a: Scizor|Bullet Punch|p1a: Lurantis\n|-damage|p1a: Lurantis|162/264\n|\n|-heal|p1a: Lurantis|178/264|[from] item: Leftovers\n|upkeep\n|turn|15\n|\n|t:|1781443253\n|switch|p2a: Noivern|Noivern, L82, M|274/274\n|move|p1a: Lurantis|Superpower|p2a: Noivern\n|-resisted|p2a: Noivern\n|-damage|p2a: Noivern|220/274\n|-boost|p1a: Lurantis|atk|1\n|-boost|p1a: Lurantis|def|1\n|\n|-heal|p1a: Lurantis|194/264|[from] item: Leftovers\n|upkeep\n|turn|16\n|l|\u2606Kirbo6464\n|inactive|Kirbo6464 disconnected and has a minute to reconnect!\n|player|p1|\n|j|\u2606Kirbo6464\n|inactive|Kirbo6464 reconnected and has 130 seconds left.\n|player|p1|Kirbo6464|n|\n|\n|t:|1781443281\n|move|p2a: Noivern|Hurricane|p1a: Lurantis\n|-supereffective|p1a: Lurantis\n|-damage|p1a: Lurantis|0 fnt\n|faint|p1a: Lurantis\n|\n|upkeep\n|\n|t:|1781443285\n|switch|p1a: Sunflora|Sunflora, F|312/312\n|turn|17\n|\n|t:|1781443297\n|-terastallize|p1a: Sunflora|Fire\n|move|p2a: Noivern|Hurricane|p1a: Sunflora\n|-damage|p1a: Sunflora|176/312\n|move|p1a: Sunflora|Sunny Day|p1a: Sunflora\n|-weather|SunnyDay\n|\n|-weather|SunnyDay|[upkeep]\n|upkeep\n|turn|18\n|\n|t:|1781443301\n|move|p2a: Noivern|Hurricane|p1a: Sunflora\n|-damage|p1a: Sunflora|32/312\n|move|p1a: Sunflora|Weather Ball|p2a: Noivern\n|-resisted|p2a: Noivern\n|-damage|p2a: Noivern|35/274\n|-damage|p1a: Sunflora|1/312|[from] item: Life Orb\n|\n|-weather|SunnyDay|[upkeep]\n|upkeep\n|turn|19\n|\n|t:|1781443308\n|switch|p2a: Rhydon|Rhydon, L85, M|256/317\n|-activate|p2a: Rhydon|move: Sticky Web\n|-unboost|p2a: Rhydon|spe|1\n|-damage|p2a: Rhydon|177/317|[from] Spikes\n|move|p1a: Sunflora|Weather Ball|p2a: Rhydon\n|-resisted|p2a: Rhydon\n|-damage|p2a: Rhydon|0 fnt\n|faint|p2a: Rhydon\n|-damage|p1a: Sunflora|0 fnt|[from] item: Life Orb\n|faint|p1a: Sunflora\n|\n|-weather|SunnyDay|[upkeep]\n|upkeep\n|\n|t:|1781443311\n|switch|p1a: Baxcalibur|Baxcalibur, L75, F|148/295\n|switch|p2a: Scizor|Scizor, L79, F|180/240\n|-activate|p2a: Scizor|move: Sticky Web\n|-unboost|p2a: Scizor|spe|1\n|-damage|p2a: Scizor|120/240|[from] Spikes\n|turn|20\n|\n|t:|1781443317\n|-terastallize|p2a: Scizor|Steel\n|move|p2a: Scizor|Bullet Punch|p1a: Baxcalibur\n|-supereffective|p1a: Baxcalibur\n|-damage|p1a: Baxcalibur|0 fnt\n|faint|p1a: Baxcalibur\n|\n|win|Greedy Rapooh\n", "uploadtime": 1781443021, "views": 3, "formatid": "gen9randombattle", "rating": null, "private": 0, "password": null}