{"id": "gen9randombattle-2631632109", "format": "[Gen 9] Random Battle", "players": ["rosymo", "MakotoV7"], "log": "|j|\u2606rosymo\n|j|\u2606MakotoV7\n|t:|1781411871\n|gametype|singles\n|player|p1|rosymo|dawn|2216\n|player|p2|MakotoV7|steven|2126\n|gen|9\n|tier|[Gen 9] Random Battle\n|rated|\n|rule|Species Clause: Limit one of each Pok\u00e9mon\n|rule|HP Percentage Mod: HP is shown in percentages\n|rule|Sleep Clause Mod: Limit one foe put to sleep\n|rule|Illusion Level Mod: Illusion disguises the Pok\u00e9mon's true level\n|\n|t:|1781411871\n|teamsize|p1|6\n|teamsize|p2|6\n|start\n|switch|p1a: Porygon-Z|Porygon-Z, L83|277/277\n|switch|p2a: Emboar|Emboar, L84, M|322/322\n|turn|1\n|inactive|Battle timer is ON: inactive players will automatically lose when time's up. (requested by MakotoV7)\n|\n|t:|1781411887\n|move|p1a: Porygon-Z|Trick|p2a: Emboar\n|-activate|p1a: Porygon-Z|move: Trick|[of] p2a: Emboar\n|-item|p2a: Emboar|Choice Scarf|[from] move: Trick\n|-item|p1a: Porygon-Z|Choice Band|[from] move: Trick\n|move|p2a: Emboar|Flare Blitz|p1a: Porygon-Z\n|-damage|p1a: Porygon-Z|40/277\n|-damage|p2a: Emboar|244/322|[from] Recoil\n|\n|upkeep\n|turn|2\n|\n|t:|1781411895\n|switch|p1a: Lumineon|Lumineon, L93, F|279/279\n|move|p2a: Emboar|Flare Blitz|p1a: Lumineon\n|-resisted|p1a: Lumineon\n|-damage|p1a: Lumineon|186/279\n|-damage|p2a: Emboar|213/322|[from] Recoil\n|\n|upkeep\n|turn|3\n|\n|t:|1781411908\n|switch|p2a: Kyurem|Kyurem-White, L73|303/303\n|-ability|p2a: Kyurem|Turboblaze\n|move|p1a: Lumineon|Hydro Pump|p2a: Kyurem\n|-resisted|p2a: Kyurem\n|-damage|p2a: Kyurem|232/303\n|-damage|p1a: Lumineon|159/279|[from] item: Life Orb\n|\n|upkeep\n|turn|4\n|\n|t:|1781411914\n|move|p2a: Kyurem|Freeze-Dry|p1a: Lumineon\n|-supereffective|p1a: Lumineon\n|-damage|p1a: Lumineon|7/279\n|move|p1a: Lumineon|Alluring Voice|p2a: Kyurem\n|-supereffective|p2a: Kyurem\n|-damage|p2a: Kyurem|81/303\n|-damage|p1a: Lumineon|0 fnt|[from] item: Life Orb\n|faint|p1a: Lumineon\n|\n|upkeep\n|\n|t:|1781411929\n|switch|p1a: Metagross|Metagross, L79|256/256\n|turn|5\n|\n|t:|1781411933\n|switch|p2a: Meowstic|Meowstic, L89, M|277/277\n|move|p1a: Metagross|Agility|p1a: Metagross\n|-boost|p1a: Metagross|spe|2\n|\n|upkeep\n|turn|6\n|\n|t:|1781411938\n|move|p2a: Meowstic|Reflect|p2a: Meowstic\n|-sidestart|p2: MakotoV7|Reflect\n|move|p1a: Metagross|Knock Off|p2a: Meowstic\n|-supereffective|p2a: Meowstic\n|-damage|p2a: Meowstic|186/277\n|-enditem|p2a: Meowstic|Light Clay|[from] move: Knock Off|[of] p1a: Metagross\n|\n|upkeep\n|turn|7\n|\n|t:|1781411948\n|switch|p1a: Sandslash|Sandslash-Alola, L88, F|275/275\n|switch|p2a: Emboar|Emboar, L84, M|213/322\n|\n|upkeep\n|turn|8\n|\n|t:|1781411952\n|switch|p1a: Porygon-Z|Porygon-Z, L83|40/277\n|move|p2a: Emboar|Close Combat|p1a: Porygon-Z\n|-supereffective|p1a: Porygon-Z\n|-damage|p1a: Porygon-Z|0 fnt\n|-unboost|p2a: Emboar|def|1\n|-unboost|p2a: Emboar|spd|1\n|faint|p1a: Porygon-Z\n|\n|upkeep\n|\n|t:|1781411955\n|switch|p1a: Dragapult|Dragapult, L77, M|262/262\n|turn|9\n|\n|t:|1781411961\n|switch|p2a: Scyther|Scyther, L82, M|249/249\n|move|p1a: Dragapult|Will-O-Wisp|p2a: Scyther\n|-status|p2a: Scyther|brn\n|\n|-damage|p2a: Scyther|234/249 brn|[from] brn\n|upkeep\n|turn|10\n|\n|t:|1781411982\n|move|p1a: Dragapult|Hex|p2a: Scyther\n|-damage|p2a: Scyther|99/249 brn\n|move|p2a: Scyther|Dual Wingbeat|p1a: Dragapult\n|-damage|p1a: Dragapult|218/262\n|-start|p2a: Scyther|Disable|Dual Wingbeat|[from] ability: Cursed Body|[of] p1a: Dragapult\n|-damage|p1a: Dragapult|177/262\n|-hitcount|p1a: Dragapult|2\n|\n|-damage|p2a: Scyther|84/249 brn|[from] brn\n|upkeep\n|turn|11\n|\n|t:|1781411987\n|move|p1a: Dragapult|Hex|p2a: Scyther\n|-damage|p2a: Scyther|0 fnt\n|faint|p2a: Scyther\n|\n|upkeep\n|\n|t:|1781411991\n|switch|p2a: Kingdra|Kingdra, L84, M|263/263\n|turn|12\n|\n|t:|1781411998\n|move|p1a: Dragapult|Will-O-Wisp|p2a: Kingdra\n|-status|p2a: Kingdra|brn\n|-enditem|p2a: Kingdra|Lum Berry|[eat]\n|-curestatus|p2a: Kingdra|brn|[msg]\n|move|p2a: Kingdra|Dragon Dance|p2a: Kingdra\n|-boost|p2a: Kingdra|atk|1\n|-boost|p2a: Kingdra|spe|1\n|\n|upkeep\n|turn|13\n|\n|t:|1781412008\n|-terastallize|p2a: Kingdra|Water\n|move|p2a: Kingdra|Wave Crash|p1a: Dragapult\n|-resisted|p1a: Dragapult\n|-damage|p1a: Dragapult|12/262\n|-damage|p2a: Kingdra|209/263|[from] Recoil\n|move|p1a: Dragapult|Will-O-Wisp|p2a: Kingdra\n|-status|p2a: Kingdra|brn\n|\n|-damage|p2a: Kingdra|193/263 brn|[from] brn\n|-sideend|p2: MakotoV7|Reflect\n|upkeep\n|turn|14\n|\n|t:|1781412016\n|switch|p1a: Clodsire|Clodsire, L81, M|343/343\n|move|p2a: Kingdra|Wave Crash|p1a: Clodsire\n|-immune|p1a: Clodsire|[from] ability: Water Absorb\n|\n|-damage|p2a: Kingdra|177/263 brn|[from] brn\n|upkeep\n|turn|15\n|\n|t:|1781412023\n|move|p2a: Kingdra|Dragon Dance|p2a: Kingdra\n|-boost|p2a: Kingdra|atk|1\n|-boost|p2a: Kingdra|spe|1\n|move|p1a: Clodsire|Curse|p1a: Clodsire\n|-unboost|p1a: Clodsire|spe|1\n|-boost|p1a: Clodsire|atk|1\n|-boost|p1a: Clodsire|def|1\n|\n|-damage|p2a: Kingdra|161/263 brn|[from] brn\n|upkeep\n|turn|16\n|\n|t:|1781412027\n|move|p2a: Kingdra|Outrage|p1a: Clodsire\n|-damage|p1a: Clodsire|223/343\n|move|p1a: Clodsire|Curse|p1a: Clodsire\n|-unboost|p1a: Clodsire|spe|1\n|-boost|p1a: Clodsire|atk|1\n|-boost|p1a: Clodsire|def|1\n|\n|-heal|p1a: Clodsire|244/343|[from] item: Leftovers\n|-damage|p2a: Kingdra|145/263 brn|[from] brn\n|upkeep\n|turn|17\n|\n|t:|1781412030\n|move|p2a: Kingdra|Outrage|p1a: Clodsire|[from] lockedmove\n|-damage|p1a: Clodsire|162/343\n|-start|p2a: Kingdra|confusion|[fatigue]\n|move|p1a: Clodsire|Curse|p1a: Clodsire\n|-unboost|p1a: Clodsire|spe|1\n|-boost|p1a: Clodsire|atk|1\n|-boost|p1a: Clodsire|def|1\n|\n|-heal|p1a: Clodsire|183/343|[from] item: Leftovers\n|-damage|p2a: Kingdra|129/263 brn|[from] brn\n|upkeep\n|turn|18\n|\n|t:|1781412033\n|switch|p2a: Kyurem|Kyurem-White, L73|81/303\n|-ability|p2a: Kyurem|Turboblaze\n|move|p1a: Clodsire|Recover|p1a: Clodsire\n|-heal|p1a: Clodsire|343/343\n|\n|upkeep\n|turn|19\n|\n|t:|1781412038\n|move|p2a: Kyurem|Ice Beam|p1a: Clodsire\n|-supereffective|p1a: Clodsire\n|-damage|p1a: Clodsire|115/343\n|move|p1a: Clodsire|Earthquake|p2a: Kyurem\n|-damage|p2a: Kyurem|0 fnt\n|faint|p2a: Kyurem\n|\n|-heal|p1a: Clodsire|136/343|[from] item: Leftovers\n|upkeep\n|\n|t:|1781412041\n|switch|p2a: Meowstic|Meowstic, L89, M|186/277\n|turn|20\n|\n|t:|1781412047\n|-terastallize|p1a: Clodsire|Steel\n|move|p2a: Meowstic|Psychic Noise|p1a: Clodsire\n|-resisted|p1a: Clodsire\n|-damage|p1a: Clodsire|100/343\n|-start|p1a: Clodsire|move: Heal Block\n|cant|p1a: Clodsire|move: Heal Block|Recover\n|\n|upkeep\n|turn|21\n|\n|t:|1781412055\n|move|p2a: Meowstic|Reflect|p2a: Meowstic\n|-sidestart|p2: MakotoV7|Reflect\n|move|p1a: Clodsire|Earthquake|p2a: Meowstic\n|-damage|p2a: Meowstic|76/277\n|\n|-end|p1a: Clodsire|move: Heal Block\n|upkeep\n|turn|22\n|\n|t:|1781412059\n|move|p2a: Meowstic|Psychic Noise|p1a: Clodsire\n|-resisted|p1a: Clodsire\n|-damage|p1a: Clodsire|66/343\n|-start|p1a: Clodsire|move: Heal Block\n|move|p1a: Clodsire|Earthquake|p2a: Meowstic\n|-damage|p2a: Meowstic|0 fnt\n|faint|p2a: Meowstic\n|\n|upkeep\n|\n|t:|1781412061\n|switch|p2a: Emboar|Emboar, L84, M|213/322\n|turn|23\n|\n|t:|1781412072\n|move|p2a: Emboar|Flare Blitz|p1a: Clodsire\n|-supereffective|p1a: Clodsire\n|-damage|p1a: Clodsire|0 fnt\n|faint|p1a: Clodsire\n|-damage|p2a: Emboar|191/322|[from] Recoil\n|\n|upkeep\n|\n|t:|1781412078\n|switch|p1a: Sandslash|Sandslash-Alola, L88, F|275/275\n|turn|24\n|\n|t:|1781412082\n|move|p2a: Emboar|Flare Blitz|p1a: Sandslash\n|-supereffective|p1a: Sandslash\n|-damage|p1a: Sandslash|0 fnt\n|faint|p1a: Sandslash\n|-damage|p2a: Emboar|100/322|[from] Recoil\n|\n|upkeep\n|\n|t:|1781412087\n|switch|p1a: Metagross|Metagross, L79|256/256\n|turn|25\n|\n|t:|1781412089\n|move|p2a: Emboar|Flare Blitz|p1a: Metagross\n|-supereffective|p1a: Metagross\n|-damage|p1a: Metagross|0 fnt\n|faint|p1a: Metagross\n|-damage|p2a: Emboar|16/322|[from] Recoil\n|\n|-sideend|p2: MakotoV7|Reflect\n|upkeep\n|-message|rosymo forfeited.\n|\n|win|MakotoV7\n", "uploadtime": 1781411872, "views": 5, "formatid": "gen9randombattle", "rating": null, "private": 0, "password": null}