{"id": "gen9randombattle-2631956975", "format": "[Gen 9] Random Battle", "players": ["zazezaze", "The_ZirR"], "log": "|j|\u2606zazezaze\n|j|\u2606The_ZirR\n|t:|1781459785\n|gametype|singles\n|player|p1|zazezaze|miku-water|1421\n|player|p2|The_ZirR|marley|1473\n|gen|9\n|tier|[Gen 9] Random Battle\n|rated|\n|rule|Species Clause: Limit one of each Pok\u00e9mon\n|rule|HP Percentage Mod: HP is shown in percentages\n|rule|Sleep Clause Mod: Limit one foe put to sleep\n|rule|Illusion Level Mod: Illusion disguises the Pok\u00e9mon's true level\n|\n|t:|1781459785\n|teamsize|p1|6\n|teamsize|p2|6\n|start\n|switch|p1a: Basculin|Basculin, L86, F|261/261\n|switch|p2a: Walking Wake|Walking Wake, L79|235/235\n|turn|1\n|\n|t:|1781459796\n|switch|p2a: Lugia|Lugia, L73|275/275\n|move|p1a: Basculin|Flip Turn|p2a: Lugia\n|-damage|p2a: Lugia|219/275\n|\n|t:|1781459802\n|switch|p1a: Umbreon|Umbreon, L84, M|297/297|[from] Flip Turn\n|\n|upkeep\n|turn|2\n|\n|t:|1781459810\n|-terastallize|p2a: Lugia|Steel\n|move|p2a: Lugia|Calm Mind|p2a: Lugia\n|-boost|p2a: Lugia|spa|1\n|-boost|p2a: Lugia|spd|1\n|move|p1a: Umbreon|Toxic|p2a: Lugia\n|-immune|p2a: Lugia\n|\n|upkeep\n|turn|3\n|\n|t:|1781459821\n|move|p2a: Lugia|Calm Mind|p2a: Lugia\n|-boost|p2a: Lugia|spa|1\n|-boost|p2a: Lugia|spd|1\n|move|p1a: Umbreon|Foul Play|p2a: Lugia\n|-damage|p2a: Lugia|162/275\n|\n|upkeep\n|turn|4\n|\n|t:|1781459826\n|move|p2a: Lugia|Aeroblast|p1a: Umbreon\n|-damage|p1a: Umbreon|179/297\n|move|p1a: Umbreon|Foul Play|p2a: Lugia\n|-damage|p2a: Lugia|111/275\n|\n|-heal|p1a: Umbreon|197/297|[from] item: Leftovers\n|upkeep\n|turn|5\n|\n|t:|1781459829\n|move|p2a: Lugia|Recover|p2a: Lugia\n|-heal|p2a: Lugia|249/275\n|move|p1a: Umbreon|Wish|p1a: Umbreon\n|\n|-heal|p1a: Umbreon|215/297|[from] item: Leftovers\n|upkeep\n|turn|6\n|\n|t:|1781459833\n|move|p2a: Lugia|Calm Mind|p2a: Lugia\n|-boost|p2a: Lugia|spa|1\n|-boost|p2a: Lugia|spd|1\n|move|p1a: Umbreon|Foul Play|p2a: Lugia\n|-damage|p2a: Lugia|191/275\n|\n|-heal|p1a: Umbreon|297/297|[from] move: Wish|[wisher] Umbreon\n|upkeep\n|turn|7\n|\n|t:|1781459837\n|move|p2a: Lugia|Earth Power|p1a: Umbreon\n|-damage|p1a: Umbreon|208/297\n|move|p1a: Umbreon|Wish|p1a: Umbreon\n|\n|-heal|p1a: Umbreon|226/297|[from] item: Leftovers\n|upkeep\n|turn|8\n|\n|t:|1781459841\n|move|p2a: Lugia|Aeroblast|p1a: Umbreon\n|-damage|p1a: Umbreon|94/297\n|move|p1a: Umbreon|Foul Play|p2a: Lugia\n|-crit|p2a: Lugia\n|-damage|p2a: Lugia|110/275\n|\n|-heal|p1a: Umbreon|242/297|[from] move: Wish|[wisher] Umbreon\n|-heal|p1a: Umbreon|260/297|[from] item: Leftovers\n|upkeep\n|turn|9\n|\n|t:|1781459846\n|move|p2a: Lugia|Recover|p2a: Lugia\n|-heal|p2a: Lugia|248/275\n|move|p1a: Umbreon|Wish|p1a: Umbreon\n|\n|-heal|p1a: Umbreon|278/297|[from] item: Leftovers\n|upkeep\n|turn|10\n|\n|t:|1781459849\n|move|p2a: Lugia|Calm Mind|p2a: Lugia\n|-boost|p2a: Lugia|spa|1\n|-boost|p2a: Lugia|spd|1\n|move|p1a: Umbreon|Foul Play|p2a: Lugia\n|-damage|p2a: Lugia|193/275\n|\n|-heal|p1a: Umbreon|297/297|[from] move: Wish|[wisher] Umbreon\n|upkeep\n|turn|11\n|\n|t:|1781459855\n|move|p1a: Umbreon|Protect|p1a: Umbreon\n|-singleturn|p1a: Umbreon|Protect\n|move|p2a: Lugia|Calm Mind|p2a: Lugia\n|-boost|p2a: Lugia|spa|1\n|-boost|p2a: Lugia|spd|1\n|\n|upkeep\n|turn|12\n|\n|t:|1781459860\n|move|p2a: Lugia|Aeroblast|p1a: Umbreon\n|-damage|p1a: Umbreon|107/297\n|move|p1a: Umbreon|Wish|p1a: Umbreon\n|\n|-heal|p1a: Umbreon|125/297|[from] item: Leftovers\n|upkeep\n|turn|13\n|\n|t:|1781459865\n|move|p1a: Umbreon|Protect|p1a: Umbreon\n|-singleturn|p1a: Umbreon|Protect\n|move|p2a: Lugia|Calm Mind|p2a: Lugia\n|-boost|p2a: Lugia|spa|1\n|-boost|p2a: Lugia|spd|1\n|\n|-heal|p1a: Umbreon|273/297|[from] move: Wish|[wisher] Umbreon\n|-heal|p1a: Umbreon|291/297|[from] item: Leftovers\n|upkeep\n|turn|14\n|\n|t:|1781459869\n|move|p2a: Lugia|Aeroblast|p1a: Umbreon\n|-damage|p1a: Umbreon|80/297\n|move|p1a: Umbreon|Wish|p1a: Umbreon\n|\n|-heal|p1a: Umbreon|98/297|[from] item: Leftovers\n|upkeep\n|turn|15\n|\n|t:|1781459873\n|move|p2a: Lugia|Aeroblast|p1a: Umbreon\n|-damage|p1a: Umbreon|0 fnt\n|faint|p1a: Umbreon\n|\n|upkeep\n|\n|t:|1781459881\n|switch|p1a: Koraidon|Koraidon, L64|235/235\n|-weather|SunnyDay|[from] ability: Orichalcum Pulse|[of] p1a: Koraidon\n|-activate|p1a: Koraidon|Orichalcum Pulse|[source]\n|turn|16\n|\n|t:|1781459886\n|move|p1a: Koraidon|Collision Course|p2a: Lugia\n|-supereffective|p2a: Lugia\n|-damage|p2a: Lugia|0 fnt\n|faint|p2a: Lugia\n|\n|-weather|SunnyDay|[upkeep]\n|upkeep\n|\n|t:|1781459894\n|switch|p2a: Walking Wake|Walking Wake, L79|286/286\n|-activate|p2a: Walking Wake|ability: Protosynthesis\n|-start|p2a: Walking Wake|protosynthesisspa\n|turn|17\n|\n|t:|1781459902\n|move|p2a: Walking Wake|Draco Meteor|p1a: Koraidon\n|-supereffective|p1a: Koraidon\n|-damage|p1a: Koraidon|0 fnt\n|-unboost|p2a: Walking Wake|spa|2\n|faint|p1a: Koraidon\n|-damage|p2a: Walking Wake|258/286|[from] item: Life Orb\n|\n|-weather|SunnyDay|[upkeep]\n|upkeep\n|\n|t:|1781459906\n|switch|p1a: Weezing|Weezing-Galar, L86, M|252/252\n|turn|18\n|inactive|Battle timer is ON: inactive players will automatically lose when time's up. (requested by zazezaze)\n|\n|t:|1781459913\n|-end|p2a: Walking Wake|Protosynthesis|[silent]\n|switch|p2a: Iron Hands|Iron Hands, L79|373/373\n|move|p1a: Weezing|Strange Steam|p2a: Iron Hands\n|-supereffective|p2a: Iron Hands\n|-damage|p2a: Iron Hands|203/373\n|\n|-weather|SunnyDay|[upkeep]\n|upkeep\n|turn|19\n|\n|t:|1781459916\n|move|p2a: Iron Hands|Fake Out|p1a: Weezing\n|-damage|p1a: Weezing|223/252\n|cant|p1a: Weezing|flinch\n|\n|-weather|SunnyDay|[upkeep]\n|-heal|p1a: Weezing|238/252|[from] item: Leftovers\n|upkeep\n|turn|20\n|\n|t:|1781459921\n|move|p1a: Weezing|Strange Steam|p2a: Iron Hands\n|-supereffective|p2a: Iron Hands\n|-damage|p2a: Iron Hands|35/373\n|move|p2a: Iron Hands|Wild Charge|p1a: Weezing\n|-damage|p1a: Weezing|157/252\n|-damage|p2a: Iron Hands|15/373|[from] Recoil\n|\n|-weather|none\n|-heal|p1a: Weezing|172/252|[from] item: Leftovers\n|upkeep\n|turn|21\n|\n|t:|1781459930\n|move|p1a: Weezing|Strange Steam|p2a: Iron Hands\n|-supereffective|p2a: Iron Hands\n|-damage|p2a: Iron Hands|0 fnt\n|faint|p2a: Iron Hands\n|-end|p2a: Iron Hands|Quark Drive|[silent]\n|\n|-heal|p1a: Weezing|187/252|[from] item: Leftovers\n|upkeep\n|\n|t:|1781459936\n|switch|p2a: Dudunsparce|Dudunsparce, L83, F|343/343\n|turn|22\n|\n|t:|1781459949\n|switch|p1a: Snorlax|Snorlax, L82, M|397/397\n|move|p2a: Dudunsparce|Glare|p1a: Snorlax\n|-status|p1a: Snorlax|par\n|\n|upkeep\n|turn|23\n|\n|t:|1781459956\n|move|p2a: Dudunsparce|Headbutt|p1a: Snorlax\n|-damage|p1a: Snorlax|304/397 par\n|cant|p1a: Snorlax|flinch\n|\n|-heal|p1a: Snorlax|328/397 par|[from] item: Leftovers\n|upkeep\n|turn|24\n|\n|t:|1781459961\n|move|p2a: Dudunsparce|Headbutt|p1a: Snorlax\n|-damage|p1a: Snorlax|237/397 par\n|move|p1a: Snorlax|Curse|p1a: Snorlax\n|-unboost|p1a: Snorlax|spe|1\n|-boost|p1a: Snorlax|atk|1\n|-boost|p1a: Snorlax|def|1\n|\n|-heal|p1a: Snorlax|261/397 par|[from] item: Leftovers\n|upkeep\n|turn|25\n|\n|t:|1781459966\n|move|p2a: Dudunsparce|Headbutt|p1a: Snorlax\n|-damage|p1a: Snorlax|192/397 par\n|cant|p1a: Snorlax|flinch\n|\n|-heal|p1a: Snorlax|216/397 par|[from] item: Leftovers\n|upkeep\n|turn|26\n|\n|t:|1781459970\n|move|p2a: Dudunsparce|Headbutt|p1a: Snorlax\n|-damage|p1a: Snorlax|149/397 par\n|cant|p1a: Snorlax|flinch\n|\n|-heal|p1a: Snorlax|173/397 par|[from] item: Leftovers\n|upkeep\n|turn|27\n|\n|t:|1781459973\n|move|p2a: Dudunsparce|Headbutt|p1a: Snorlax\n|-damage|p1a: Snorlax|107/397 par\n|cant|p1a: Snorlax|flinch\n|\n|-heal|p1a: Snorlax|131/397 par|[from] item: Leftovers\n|upkeep\n|turn|28\n|\n|t:|1781459977\n|move|p2a: Dudunsparce|Headbutt|p1a: Snorlax\n|-crit|p1a: Snorlax\n|-damage|p1a: Snorlax|0 fnt\n|faint|p1a: Snorlax\n|\n|upkeep\n|c|\u2606zazezaze|not toxic at all\n|\n|t:|1781459999\n|switch|p1a: Articuno|Articuno, L86|295/295\n|-ability|p1a: Articuno|Pressure\n|turn|29\n|\n|t:|1781460002\n|move|p1a: Articuno|Substitute|p1a: Articuno\n|-start|p1a: Articuno|Substitute\n|-damage|p1a: Articuno|222/295\n|move|p2a: Dudunsparce|Glare||[still]\n|-fail|p2a: Dudunsparce\n|\n|upkeep\n|turn|30\n|\n|t:|1781460008\n|move|p1a: Articuno|Brave Bird|p2a: Dudunsparce\n|-damage|p2a: Dudunsparce|205/343\n|-damage|p1a: Articuno|176/295|[from] Recoil\n|move|p2a: Dudunsparce|Headbutt|p1a: Articuno\n|-crit|p1a: Articuno\n|-end|p1a: Articuno|Substitute\n|\n|-heal|p2a: Dudunsparce|226/343|[from] item: Leftovers\n|upkeep\n|turn|31\n|\n|t:|1781460015\n|move|p1a: Articuno|Substitute|p1a: Articuno\n|-start|p1a: Articuno|Substitute\n|-damage|p1a: Articuno|103/295\n|move|p2a: Dudunsparce|Headbutt|p1a: Articuno\n|-end|p1a: Articuno|Substitute\n|\n|-heal|p2a: Dudunsparce|247/343|[from] item: Leftovers\n|upkeep\n|turn|32\n|\n|t:|1781460022\n|-terastallize|p1a: Articuno|Steel\n|move|p1a: Articuno|Roost|p1a: Articuno\n|-heal|p1a: Articuno|251/295\n|move|p2a: Dudunsparce|Headbutt|p1a: Articuno\n|-resisted|p1a: Articuno\n|-damage|p1a: Articuno|218/295\n|\n|-heal|p2a: Dudunsparce|268/343|[from] item: Leftovers\n|upkeep\n|turn|33\n|\n|t:|1781460028\n|move|p1a: Articuno|Brave Bird|p2a: Dudunsparce\n|-damage|p2a: Dudunsparce|144/343\n|-damage|p1a: Articuno|177/295|[from] Recoil\n|move|p2a: Dudunsparce|Earthquake|p1a: Articuno\n|-supereffective|p1a: Articuno\n|-damage|p1a: Articuno|57/295\n|\n|-heal|p2a: Dudunsparce|165/343|[from] item: Leftovers\n|upkeep\n|turn|34\n|\n|t:|1781460034\n|move|p1a: Articuno|Brave Bird|p2a: Dudunsparce\n|-damage|p2a: Dudunsparce|38/343\n|-damage|p1a: Articuno|15/295|[from] Recoil\n|move|p2a: Dudunsparce|Earthquake|p1a: Articuno\n|-supereffective|p1a: Articuno\n|-damage|p1a: Articuno|0 fnt\n|faint|p1a: Articuno\n|\n|-heal|p2a: Dudunsparce|59/343|[from] item: Leftovers\n|upkeep\n|\n|t:|1781460037\n|switch|p1a: Basculin|Basculin, L86, F|261/261\n|turn|35\n|\n|t:|1781460040\n|move|p1a: Basculin|Flip Turn|p2a: Dudunsparce\n|-damage|p2a: Dudunsparce|0 fnt\n|faint|p2a: Dudunsparce\n|\n|t:|1781460043\n|switch|p1a: Weezing|Weezing-Galar, L86, M|187/252|[from] Flip Turn\n|\n|-heal|p1a: Weezing|202/252|[from] item: Leftovers\n|upkeep\n|\n|t:|1781460046\n|switch|p2a: Walking Wake|Walking Wake, L79|235/235\n|turn|36\n|\n|t:|1781460050\n|move|p2a: Walking Wake|Sludge Bomb|p1a: Weezing\n|-damage|p1a: Weezing|99/252\n|-damage|p2a: Walking Wake|212/235|[from] item: Life Orb\n|move|p1a: Weezing|Strange Steam|p2a: Walking Wake\n|-supereffective|p2a: Walking Wake\n|-damage|p2a: Walking Wake|0 fnt\n|replace|p2a: Zoroark|Zoroark, L83, F\n|-end|p2a: Zoroark|Illusion\n|-hint|Illusion Level Mod is active, so this Pok\u00e9mon's true level was hidden.\n|faint|p2a: Zoroark\n|\n|-heal|p1a: Weezing|114/252|[from] item: Leftovers\n|upkeep\n|\n|t:|1781460055\n|switch|p2a: Charizard|Charizard, L85, M|271/271\n|turn|37\n|\n|t:|1781460061\n|move|p2a: Charizard|Hurricane|p1a: Weezing\n|-damage|p1a: Weezing|0 fnt\n|faint|p1a: Weezing\n|\n|upkeep\n|\n|t:|1781460067\n|switch|p1a: Basculin|Basculin, L86, F|261/261\n|turn|38\n|\n|t:|1781460070\n|move|p2a: Charizard|Will-O-Wisp|p1a: Basculin\n|-status|p1a: Basculin|brn\n|move|p1a: Basculin|Double-Edge|p2a: Charizard\n|-damage|p2a: Charizard|207/271\n|-damage|p1a: Basculin|240/261 brn|[from] Recoil\n|\n|-damage|p1a: Basculin|224/261 brn|[from] brn\n|upkeep\n|turn|39\n|c|\u2606zazezaze|\u00f9*m kg*dfopkh^$twyh87\n|\n|t:|1781460077\n|move|p2a: Charizard|Flamethrower|p1a: Basculin\n|-resisted|p1a: Basculin\n|-damage|p1a: Basculin|152/261 brn\n|move|p1a: Basculin|Double-Edge|p2a: Charizard\n|-damage|p2a: Charizard|144/271\n|-damage|p1a: Basculin|131/261 brn|[from] Recoil\n|\n|-damage|p1a: Basculin|115/261 brn|[from] brn\n|upkeep\n|turn|40\n|\n|t:|1781460080\n|move|p2a: Charizard|Flamethrower|p1a: Basculin\n|-resisted|p1a: Basculin\n|-damage|p1a: Basculin|37/261 brn\n|move|p1a: Basculin|Double-Edge|p2a: Charizard\n|-damage|p2a: Charizard|81/271\n|-damage|p1a: Basculin|16/261 brn|[from] Recoil\n|\n|-damage|p1a: Basculin|0 fnt|[from] brn\n|faint|p1a: Basculin\n|\n|win|The_ZirR\n|raw|zazezaze's rating: 1421 &rarr; <strong>1404</strong><br />(-17 for losing)\n|raw|The_ZirR's rating: 1473 &rarr; <strong>1490</strong><br />(+17 for winning)\n|l|\u2606zazezaze\n|player|p1|\n", "uploadtime": 1781460090, "views": 2, "formatid": "gen9randombattle", "rating": 1404, "private": 0, "password": null}