{"id": "gen9randombattle-2631563457", "format": "[Gen 9] Random Battle", "players": ["flaviodssts", "Kvngnick18"], "log": "|j|\u2606flaviodssts\n|j|\u2606Kvngnick18\n|t:|1781401843\n|gametype|singles\n|player|p1|flaviodssts|burglar|1996\n|player|p2|Kvngnick18|265|1910\n|gen|9\n|tier|[Gen 9] Random Battle\n|rated|\n|rule|Species Clause: Limit one of each Pok\u00e9mon\n|rule|HP Percentage Mod: HP is shown in percentages\n|rule|Sleep Clause Mod: Limit one foe put to sleep\n|rule|Illusion Level Mod: Illusion disguises the Pok\u00e9mon's true level\n|\n|t:|1781401843\n|teamsize|p1|6\n|teamsize|p2|6\n|start\n|switch|p1a: Ho-Oh|Ho-Oh, L71|268/268\n|switch|p2a: Drednaw|Drednaw, L81, M|278/278\n|turn|1\n|inactive|Battle timer is ON: inactive players will automatically lose when time's up. (requested by flaviodssts)\n|\n|t:|1781401871\n|switch|p1a: Kyogre|Kyogre, L71|259/259\n|-weather|RainDance|[from] ability: Drizzle|[of] p1a: Kyogre\n|move|p2a: Drednaw|Shell Smash|p2a: Drednaw\n|-unboost|p2a: Drednaw|def|1\n|-unboost|p2a: Drednaw|spd|1\n|-boost|p2a: Drednaw|atk|2\n|-boost|p2a: Drednaw|spa|2\n|-boost|p2a: Drednaw|spe|2\n|-enditem|p2a: Drednaw|White Herb\n|-clearnegativeboost|p2a: Drednaw|[silent]\n|\n|-weather|RainDance|[upkeep]\n|upkeep\n|turn|2\n|\n|t:|1781401880\n|-terastallize|p2a: Drednaw|Dark\n|move|p2a: Drednaw|Crunch|p1a: Kyogre\n|-damage|p1a: Kyogre|0 fnt\n|faint|p1a: Kyogre\n|\n|-weather|RainDance|[upkeep]\n|upkeep\n|\n|t:|1781401897\n|switch|p1a: Incineroar|Incineroar, L82, M|290/290\n|-ability|p1a: Incineroar|Intimidate|boost\n|-unboost|p2a: Drednaw|atk|1\n|turn|3\n|\n|t:|1781401903\n|-terastallize|p1a: Incineroar|Fighting\n|move|p2a: Drednaw|Shell Smash|p2a: Drednaw\n|-unboost|p2a: Drednaw|def|1\n|-unboost|p2a: Drednaw|spd|1\n|-boost|p2a: Drednaw|atk|2\n|-boost|p2a: Drednaw|spa|2\n|-boost|p2a: Drednaw|spe|2\n|move|p1a: Incineroar|Close Combat|p2a: Drednaw\n|-supereffective|p2a: Drednaw\n|-damage|p2a: Drednaw|0 fnt\n|-unboost|p1a: Incineroar|def|1\n|-unboost|p1a: Incineroar|spd|1\n|faint|p2a: Drednaw\n|\n|-weather|RainDance|[upkeep]\n|upkeep\n|\n|t:|1781401910\n|switch|p2a: Iron Leaves|Iron Leaves, L80|275/275\n|turn|4\n|\n|t:|1781401927\n|switch|p1a: Grumpig|Grumpig, L92, F|297/297\n|move|p2a: Iron Leaves|Psyblade|p1a: Grumpig\n|-resisted|p1a: Grumpig\n|-damage|p1a: Grumpig|214/297\n|\n|-weather|RainDance|[upkeep]\n|upkeep\n|turn|5\n|\n|t:|1781401940\n|-end|p2a: Iron Leaves|Quark Drive|[silent]\n|switch|p2a: Goodra|Goodra-Hisui, L82, F|265/265\n|move|p1a: Grumpig|Trick|p2a: Goodra\n|-activate|p1a: Grumpig|move: Trick|[of] p2a: Goodra\n|-item|p2a: Goodra|Choice Scarf|[from] move: Trick\n|-item|p1a: Grumpig|Assault Vest|[from] move: Trick\n|\n|-weather|none\n|upkeep\n|turn|6\n|\n|t:|1781401954\n|switch|p2a: Jolteon|Jolteon, L84, M|246/246\n|move|p1a: Grumpig|Earth Power|p2a: Jolteon\n|-supereffective|p2a: Jolteon\n|-damage|p2a: Jolteon|106/246\n|-unboost|p2a: Jolteon|spd|1\n|\n|-heal|p2a: Jolteon|121/246|[from] item: Leftovers\n|upkeep\n|turn|7\n|\n|t:|1781401961\n|switch|p2a: Flapple|Flapple, L88, F|266/266\n|move|p1a: Grumpig|Earth Power|p2a: Flapple\n|-resisted|p2a: Flapple\n|-crit|p2a: Flapple\n|-damage|p2a: Flapple|205/266\n|\n|upkeep\n|turn|8\n|\n|t:|1781401971\n|switch|p1a: Ho-Oh|Ho-Oh, L71|268/268\n|move|p2a: Flapple|Outrage|p1a: Ho-Oh|[miss]\n|-miss|p2a: Flapple|p1a: Ho-Oh\n|\n|upkeep\n|turn|9\n|\n|t:|1781401978\n|move|p2a: Flapple|Outrage|p1a: Ho-Oh\n|-damage|p1a: Ho-Oh|0 fnt\n|faint|p1a: Ho-Oh\n|\n|upkeep\n|\n|t:|1781401991\n|switch|p1a: Incineroar|Incineroar, L82, M, tera:Fighting|290/290\n|-ability|p1a: Incineroar|Intimidate|boost\n|-unboost|p2a: Flapple|atk|1\n|turn|10\n|\n|t:|1781401998\n|move|p2a: Flapple|Outrage|p1a: Incineroar|[from] lockedmove\n|-damage|p1a: Incineroar|65/290\n|move|p1a: Incineroar|Flare Blitz|p2a: Flapple\n|-damage|p2a: Flapple|60/266\n|-damage|p1a: Incineroar|17/290|[from] Recoil\n|\n|upkeep\n|turn|11\n|\n|t:|1781402003\n|move|p2a: Flapple|Outrage|p1a: Incineroar|[from] lockedmove\n|-damage|p1a: Incineroar|0 fnt\n|faint|p1a: Incineroar\n|-start|p2a: Flapple|confusion|[fatigue]\n|\n|upkeep\n|\n|t:|1781402005\n|switch|p1a: Grumpig|Grumpig, L92, F|214/297\n|turn|12\n|\n|t:|1781402010\n|switch|p2a: Goodra|Goodra-Hisui, L82, F|265/265\n|move|p1a: Grumpig|Psychic|p2a: Goodra\n|-resisted|p2a: Goodra\n|-damage|p2a: Goodra|230/265\n|\n|upkeep\n|turn|13\n|\n|t:|1781402013\n|move|p2a: Goodra|Heavy Slam|p1a: Grumpig\n|-damage|p1a: Grumpig|106/297\n|move|p1a: Grumpig|Earth Power|p2a: Goodra\n|-supereffective|p2a: Goodra\n|-damage|p2a: Goodra|134/265\n|\n|upkeep\n|turn|14\n|\n|t:|1781402020\n|switch|p1a: Feraligatr|Feraligatr, L79, F|264/264\n|move|p2a: Goodra|Heavy Slam|p1a: Feraligatr\n|-resisted|p1a: Feraligatr\n|-damage|p1a: Feraligatr|222/264\n|\n|upkeep\n|turn|15\n|\n|t:|1781402030\n|switch|p2a: Flapple|Flapple, L88, F|60/266\n|move|p1a: Feraligatr|Dragon Dance|p1a: Feraligatr\n|-boost|p1a: Feraligatr|atk|1\n|-boost|p1a: Feraligatr|spe|1\n|\n|upkeep\n|turn|16\n|\n|t:|1781402033\n|move|p2a: Flapple|Sucker Punch|p1a: Feraligatr\n|-damage|p1a: Feraligatr|86/264\n|move|p1a: Feraligatr|Ice Punch|p2a: Flapple\n|-supereffective|p2a: Flapple\n|-damage|p2a: Flapple|0 fnt\n|faint|p2a: Flapple\n|\n|upkeep\n|\n|t:|1781402040\n|switch|p2a: Goodra|Goodra-Hisui, L82, F|134/265\n|turn|17\n|\n|t:|1781402049\n|move|p1a: Feraligatr|Crunch|p2a: Goodra\n|-damage|p2a: Goodra|13/265\n|move|p2a: Goodra|Thunderbolt|p1a: Feraligatr\n|-supereffective|p1a: Feraligatr\n|-damage|p1a: Feraligatr|0 fnt\n|faint|p1a: Feraligatr\n|\n|upkeep\n|\n|t:|1781402055\n|switch|p1a: Raichu|Raichu, L88, M|249/249\n|turn|18\n|\n|t:|1781402060\n|switch|p2a: Iron Leaves|Iron Leaves, L80|275/275\n|move|p1a: Raichu|Nasty Plot|p1a: Raichu\n|-boost|p1a: Raichu|spa|2\n|\n|upkeep\n|turn|19\n|\n|t:|1781402068\n|move|p1a: Raichu|Tera Blast|p2a: Iron Leaves\n|-damage|p2a: Iron Leaves|135/275\n|-damage|p1a: Raichu|225/249|[from] item: Life Orb\n|move|p2a: Iron Leaves|Psyblade|p1a: Raichu\n|-damage|p1a: Raichu|12/249\n|\n|upkeep\n|turn|20\n|\n|t:|1781402075\n|move|p1a: Raichu|Tera Blast|p2a: Iron Leaves\n|-damage|p2a: Iron Leaves|0 fnt\n|faint|p2a: Iron Leaves\n|-end|p2a: Iron Leaves|Quark Drive|[silent]\n|-damage|p1a: Raichu|0 fnt|[from] item: Life Orb\n|faint|p1a: Raichu\n|\n|upkeep\n|\n|t:|1781402078\n|switch|p1a: Grumpig|Grumpig, L92, F|106/297\n|switch|p2a: Flutter Mane|Flutter Mane, L74|203/203\n|turn|21\n|\n|t:|1781402083\n|move|p2a: Flutter Mane|Shadow Ball|p1a: Grumpig\n|-supereffective|p1a: Grumpig\n|-damage|p1a: Grumpig|0 fnt\n|faint|p1a: Grumpig\n|\n|win|Kvngnick18\n", "uploadtime": 1781401844, "views": 4, "formatid": "gen9randombattle", "rating": null, "private": 0, "password": null}