{"id": "gen9randombattle-2631964847", "format": "[Gen 9] Random Battle", "players": ["laundry bias", "shhhdonttellmyboss"], "log": "|j|\u2606laundry bias\n|j|\u2606shhhdonttellmyboss\n|t:|1781460614\n|gametype|singles\n|player|p1|laundry bias|101|1932\n|player|p2|shhhdonttellmyboss|101|1931\n|gen|9\n|tier|[Gen 9] Random Battle\n|rated|\n|rule|Species Clause: Limit one of each Pok\u00e9mon\n|rule|HP Percentage Mod: HP is shown in percentages\n|rule|Sleep Clause Mod: Limit one foe put to sleep\n|rule|Illusion Level Mod: Illusion disguises the Pok\u00e9mon's true level\n|\n|t:|1781460614\n|teamsize|p1|6\n|teamsize|p2|6\n|start\n|switch|p1a: Rhyperior|Rhyperior, L82, M|323/323\n|switch|p2a: Perrserker|Perrserker, L89, F|269/269\n|turn|1\n|inactive|Battle timer is ON: inactive players will automatically lose when time's up. (requested by shhhdonttellmyboss)\n|\n|t:|1781460630\n|switch|p1a: Emboar|Emboar, L84, F|322/322\n|move|p2a: Perrserker|Knock Off|p1a: Emboar\n|-resisted|p1a: Emboar\n|-damage|p1a: Emboar|239/322\n|-enditem|p1a: Emboar|Choice Band|[from] move: Knock Off|[of] p2a: Perrserker\n|-damage|p2a: Perrserker|243/269|[from] item: Life Orb\n|\n|upkeep\n|turn|2\n|inactive|shhhdonttellmyboss has 120 seconds left.\n|\n|t:|1781460660\n|switch|p2a: Inteleon|Inteleon, L81, M|246/246\n|move|p1a: Emboar|Close Combat|p2a: Inteleon\n|-damage|p2a: Inteleon|57/246\n|-unboost|p1a: Emboar|def|1\n|-unboost|p1a: Emboar|spd|1\n|\n|upkeep\n|turn|3\n|\n|t:|1781460668\n|switch|p1a: Walking Wake|Walking Wake, L79|286/286\n|move|p2a: Inteleon|Scald|p1a: Walking Wake\n|-resisted|p1a: Walking Wake\n|-damage|p1a: Walking Wake|231/286\n|\n|upkeep\n|turn|4\n|\n|t:|1781460673\n|switch|p2a: Perrserker|Perrserker, L89, F|243/269\n|move|p1a: Walking Wake|Flip Turn|p2a: Perrserker\n|-damage|p2a: Perrserker|201/269\n|\n|t:|1781460680\n|-end|p1a: Walking Wake|Protosynthesis|[silent]\n|switch|p1a: Emboar|Emboar, L84, F|239/322|[from] Flip Turn\n|\n|upkeep\n|turn|5\n|\n|t:|1781460698\n|switch|p2a: Golem|Golem-Alola, L93, F|300/300\n|move|p1a: Emboar|Close Combat|p2a: Golem\n|-supereffective|p2a: Golem\n|-damage|p2a: Golem|84/300\n|-unboost|p1a: Emboar|def|1\n|-unboost|p1a: Emboar|spd|1\n|\n|upkeep\n|turn|6\n|\n|t:|1781460714\n|move|p1a: Emboar|Close Combat|p2a: Golem\n|-supereffective|p2a: Golem\n|-damage|p2a: Golem|0 fnt\n|-unboost|p1a: Emboar|def|1\n|-unboost|p1a: Emboar|spd|1\n|faint|p2a: Golem\n|\n|upkeep\n|\n|t:|1781460719\n|switch|p2a: Inteleon|Inteleon, L81, M|57/246\n|turn|7\n|\n|t:|1781460724\n|switch|p1a: Volcanion|Volcanion, L79|255/255\n|move|p2a: Inteleon|Scald|p1a: Volcanion\n|-immune|p1a: Volcanion|[from] ability: Water Absorb\n|\n|upkeep\n|turn|8\n|\n|t:|1781460729\n|switch|p2a: Hoopa|Hoopa-Unbound, L80|259/259\n|move|p1a: Volcanion|Flame Charge|p2a: Hoopa\n|-damage|p2a: Hoopa|183/259\n|-boost|p1a: Volcanion|spe|1\n|\n|upkeep\n|turn|9\n|\n|t:|1781460737\n|move|p1a: Volcanion|Flame Charge|p2a: Hoopa\n|-damage|p2a: Hoopa|108/259\n|-boost|p1a: Volcanion|spe|1\n|move|p2a: Hoopa|Hyperspace Fury|p1a: Volcanion\n|-damage|p1a: Volcanion|59/255\n|-unboost|p2a: Hoopa|def|1\n|\n|upkeep\n|turn|10\n|\n|t:|1781460761\n|move|p1a: Volcanion|Flame Charge|p2a: Hoopa\n|-damage|p2a: Hoopa|3/259\n|-boost|p1a: Volcanion|spe|1\n|move|p2a: Hoopa|Hyperspace Fury|p1a: Volcanion\n|-damage|p1a: Volcanion|0 fnt\n|-unboost|p2a: Hoopa|def|1\n|faint|p1a: Volcanion\n|\n|upkeep\n|\n|t:|1781460767\n|switch|p1a: Emboar|Emboar, L84, F|239/322\n|turn|11\n|\n|t:|1781460774\n|move|p2a: Hoopa|Hyperspace Fury|p1a: Emboar\n|-resisted|p1a: Emboar\n|-damage|p1a: Emboar|113/322\n|-unboost|p2a: Hoopa|def|1\n|move|p1a: Emboar|Knock Off|p2a: Hoopa\n|-damage|p2a: Hoopa|0 fnt\n|-enditem|p2a: Hoopa|Choice Band|[from] move: Knock Off|[of] p1a: Emboar\n|faint|p2a: Hoopa\n|\n|upkeep\n|\n|t:|1781460780\n|switch|p2a: Metagross|Metagross, L79|256/256\n|turn|12\n|\n|t:|1781460804\n|switch|p1a: Rabsca|Rabsca, L91, M|284/284\n|move|p2a: Metagross|Agility|p2a: Metagross\n|-boost|p2a: Metagross|spe|2\n|\n|upkeep\n|turn|13\n|\n|t:|1781460809\n|move|p2a: Metagross|Heavy Slam|p1a: Rabsca\n|-damage|p1a: Rabsca|155/284\n|move|p1a: Rabsca|Bug Buzz|p2a: Metagross\n|-damage|p2a: Metagross|118/256\n|\n|upkeep\n|turn|14\n|\n|t:|1781460817\n|move|p2a: Metagross|Heavy Slam|p1a: Rabsca\n|-damage|p1a: Rabsca|16/284\n|move|p1a: Rabsca|Recover|p1a: Rabsca\n|-heal|p1a: Rabsca|158/284\n|\n|upkeep\n|turn|15\n|inactive|laundry bias has 120 seconds left.\n|\n|t:|1781460848\n|switch|p2a: Perrserker|Perrserker, L89, F|201/269\n|move|p1a: Rabsca|Recover|p1a: Rabsca\n|-heal|p1a: Rabsca|284/284\n|\n|upkeep\n|turn|16\n|\n|t:|1781460855\n|switch|p1a: Emboar|Emboar, L84, F|113/322\n|move|p2a: Perrserker|Knock Off|p1a: Emboar\n|-resisted|p1a: Emboar\n|-damage|p1a: Emboar|55/322\n|-damage|p2a: Perrserker|175/269|[from] item: Life Orb\n|\n|upkeep\n|turn|17\n|\n|t:|1781460861\n|switch|p2a: Metagross|Metagross, L79|118/256\n|move|p1a: Emboar|Flare Blitz|p2a: Metagross\n|-supereffective|p2a: Metagross\n|-damage|p2a: Metagross|0 fnt\n|faint|p2a: Metagross\n|-damage|p1a: Emboar|16/322|[from] Recoil\n|\n|upkeep\n|\n|t:|1781460866\n|switch|p2a: Inteleon|Inteleon, L81, M|57/246\n|turn|18\n|\n|t:|1781460869\n|move|p2a: Inteleon|Ice Beam|p1a: Emboar\n|-resisted|p1a: Emboar\n|-damage|p1a: Emboar|0 fnt\n|faint|p1a: Emboar\n|\n|upkeep\n|\n|t:|1781460882\n|switch|p1a: Rabsca|Rabsca, L91, M|284/284\n|turn|19\n|\n|t:|1781460886\n|switch|p2a: Perrserker|Perrserker, L89, F|175/269\n|move|p1a: Rabsca|Revival Blessing|p1a: Rabsca\n|\n|t:|1781460888\n|-heal|p1: Volcanion|127/255|[from] move: Revival Blessing\n|\n|upkeep\n|turn|20\n|\n|t:|1781460897\n|move|p2a: Perrserker|Knock Off|p1a: Rabsca\n|-supereffective|p1a: Rabsca\n|-damage|p1a: Rabsca|0 fnt\n|-enditem|p1a: Rabsca|Heavy-Duty Boots|[from] move: Knock Off|[of] p2a: Perrserker\n|faint|p1a: Rabsca\n|-damage|p2a: Perrserker|149/269|[from] item: Life Orb\n|\n|upkeep\n|\n|t:|1781460901\n|switch|p1a: Volcanion|Volcanion, L79|127/255\n|turn|21\n|\n|t:|1781460905\n|move|p1a: Volcanion|Flamethrower|p2a: Perrserker\n|-supereffective|p2a: Perrserker\n|-damage|p2a: Perrserker|0 fnt\n|faint|p2a: Perrserker\n|\n|upkeep\n|\n|t:|1781460908\n|switch|p2a: Crabominable|Crabominable, L90, F|321/321\n|turn|22\n|\n|t:|1781460931\n|-terastallize|p2a: Crabominable|Ground\n|move|p1a: Volcanion|Flamethrower|p2a: Crabominable\n|-damage|p2a: Crabominable|245/321\n|move|p2a: Crabominable|Earthquake|p1a: Volcanion\n|-supereffective|p1a: Volcanion\n|-damage|p1a: Volcanion|0 fnt\n|faint|p1a: Volcanion\n|\n|upkeep\n|\n|t:|1781460939\n|switch|p1a: Rhyperior|Rhyperior, L82, M|323/323\n|turn|23\n|\n|t:|1781460946\n|-terastallize|p1a: Rhyperior|Bug\n|move|p2a: Crabominable|Knock Off|p1a: Rhyperior\n|-damage|p1a: Rhyperior|253/323\n|-enditem|p1a: Rhyperior|Choice Band|[from] move: Knock Off|[of] p2a: Crabominable\n|move|p1a: Rhyperior|Earthquake|p2a: Crabominable\n|-damage|p2a: Crabominable|118/321\n|\n|upkeep\n|turn|24\n|\n|t:|1781460954\n|move|p2a: Crabominable|Ice Hammer|p1a: Rhyperior|[miss]\n|-miss|p2a: Crabominable|p1a: Rhyperior\n|move|p1a: Rhyperior|Earthquake|p2a: Crabominable\n|-damage|p2a: Crabominable|0 fnt\n|faint|p2a: Crabominable\n|\n|upkeep\n|\n|t:|1781460961\n|switch|p2a: Inteleon|Inteleon, L81, M|57/246\n|turn|25\n|\n|t:|1781460963\n|move|p2a: Inteleon|Hydro Pump|p1a: Rhyperior\n|-damage|p1a: Rhyperior|0 fnt\n|faint|p1a: Rhyperior\n|\n|upkeep\n|\n|t:|1781460968\n|switch|p1a: Walking Wake|Walking Wake, L79|231/286\n|turn|26\n|\n|t:|1781460971\n|move|p2a: Inteleon|Hydro Pump|p1a: Walking Wake\n|-resisted|p1a: Walking Wake\n|-damage|p1a: Walking Wake|146/286\n|move|p1a: Walking Wake|Draco Meteor|p2a: Inteleon\n|-damage|p2a: Inteleon|0 fnt\n|-unboost|p1a: Walking Wake|spa|2\n|faint|p2a: Inteleon\n|\n|win|laundry bias\n", "uploadtime": 1781460616, "views": 4, "formatid": "gen9randombattle", "rating": null, "private": 0, "password": null}