{"id": "gen9randombattle-2631942271", "format": "[Gen 9] Random Battle", "players": ["mechroape", "schleeby"], "log": "|j|\u2606mechroape\n|j|\u2606schleeby\n|t:|1781458169\n|gametype|singles\n|player|p1|mechroape|brycen|1977\n|player|p2|schleeby|rosa|2035\n|gen|9\n|tier|[Gen 9] Random Battle\n|rated|\n|rule|Species Clause: Limit one of each Pok\u00e9mon\n|rule|HP Percentage Mod: HP is shown in percentages\n|rule|Sleep Clause Mod: Limit one foe put to sleep\n|rule|Illusion Level Mod: Illusion disguises the Pok\u00e9mon's true level\n|\n|t:|1781458169\n|teamsize|p1|6\n|teamsize|p2|6\n|start\n|switch|p1a: Landorus|Landorus, L75, M|257/257\n|switch|p2a: Politoed|Politoed, L88, F|302/302\n|-weather|RainDance|[from] ability: Drizzle|[of] p2a: Politoed\n|turn|1\n|inactive|Battle timer is ON: inactive players will automatically lose when time's up. (requested by schleeby)\n|\n|t:|1781458185\n|switch|p1a: Gogoat|Gogoat, L88, F|360/360\n|move|p2a: Politoed|Weather Ball|p1a: Gogoat\n|-resisted|p1a: Gogoat\n|-damage|p1a: Gogoat|233/360\n|\n|-weather|RainDance|[upkeep]\n|-heal|p1a: Gogoat|255/360|[from] item: Leftovers\n|upkeep\n|turn|2\n|\n|t:|1781458195\n|switch|p2a: Gengar|Gengar, L81, F|230/230\n|move|p1a: Gogoat|Earthquake|p2a: Gengar\n|-supereffective|p2a: Gengar\n|-damage|p2a: Gengar|12/230\n|\n|-weather|RainDance|[upkeep]\n|-heal|p1a: Gogoat|277/360|[from] item: Leftovers\n|upkeep\n|turn|3\n|\n|t:|1781458203\n|switch|p1a: Chesnaught|Chesnaught, L84, M|285/285\n|move|p2a: Gengar|Shadow Ball|p1a: Chesnaught\n|-immune|p1a: Chesnaught|[from] ability: Bulletproof\n|\n|-weather|RainDance|[upkeep]\n|upkeep\n|turn|4\n|\n|t:|1781458213\n|switch|p2a: Metagross|Metagross, L79|256/256\n|move|p1a: Chesnaught|Synthesis|p1a: Chesnaught\n|-fail|p1a: Chesnaught|heal\n|\n|-weather|RainDance|[upkeep]\n|upkeep\n|turn|5\n|\n|t:|1781458217\n|move|p2a: Metagross|Stealth Rock|p1a: Chesnaught\n|-sidestart|p1: mechroape|move: Stealth Rock\n|move|p1a: Chesnaught|Body Press|p2a: Metagross\n|-damage|p2a: Metagross|180/256\n|\n|-weather|none\n|-heal|p2a: Metagross|196/256|[from] item: Leftovers\n|upkeep\n|turn|6\n|\n|t:|1781458222\n|move|p2a: Metagross|Knock Off|p1a: Chesnaught\n|-resisted|p1a: Chesnaught\n|-damage|p1a: Chesnaught|257/285\n|-damage|p2a: Metagross|154/256|[from] item: Rocky Helmet|[of] p1a: Chesnaught\n|-enditem|p1a: Chesnaught|Rocky Helmet|[from] move: Knock Off|[of] p2a: Metagross\n|move|p1a: Chesnaught|Knock Off|p2a: Metagross\n|-supereffective|p2a: Metagross\n|-damage|p2a: Metagross|32/256\n|-enditem|p2a: Metagross|Leftovers|[from] move: Knock Off|[of] p1a: Chesnaught\n|\n|upkeep\n|turn|7\n|\n|t:|1781458232\n|move|p1a: Chesnaught|Knock Off|p2a: Metagross\n|-supereffective|p2a: Metagross\n|-damage|p2a: Metagross|0 fnt\n|faint|p2a: Metagross\n|\n|upkeep\n|\n|t:|1781458234\n|switch|p2a: Gengar|Gengar, L81, F|12/230\n|turn|8\n|\n|t:|1781458255\n|move|p2a: Gengar|Sludge Wave|p1a: Chesnaught\n|-supereffective|p1a: Chesnaught\n|-damage|p1a: Chesnaught|0 fnt\n|faint|p1a: Chesnaught\n|\n|upkeep\n|\n|t:|1781458265\n|switch|p1a: Magcargo|Magcargo, L95, F|268/268\n|turn|9\n|\n|t:|1781458275\n|switch|p2a: Politoed|Politoed, L88, F|302/302\n|-weather|RainDance|[from] ability: Drizzle|[of] p2a: Politoed\n|move|p1a: Magcargo|Shell Smash|p1a: Magcargo\n|-unboost|p1a: Magcargo|def|1\n|-unboost|p1a: Magcargo|spd|1\n|-boost|p1a: Magcargo|atk|2\n|-boost|p1a: Magcargo|spa|2\n|-boost|p1a: Magcargo|spe|2\n|\n|-weather|RainDance|[upkeep]\n|upkeep\n|turn|10\n|\n|t:|1781458286\n|-terastallize|p1a: Magcargo|Dragon\n|move|p1a: Magcargo|Power Gem|p2a: Politoed\n|-damage|p2a: Politoed|115/302\n|move|p2a: Politoed|Weather Ball|p1a: Magcargo\n|-resisted|p1a: Magcargo\n|-damage|p1a: Magcargo|76/268\n|\n|-weather|RainDance|[upkeep]\n|upkeep\n|turn|11\n|\n|t:|1781458298\n|move|p1a: Magcargo|Power Gem|p2a: Politoed\n|-damage|p2a: Politoed|0 fnt\n|faint|p2a: Politoed\n|\n|-weather|RainDance|[upkeep]\n|upkeep\n|\n|t:|1781458307\n|switch|p2a: Gengar|Gengar, L81, F|12/230\n|turn|12\n|\n|t:|1781458312\n|switch|p1a: Oinkologne|Oinkologne-F, L92, F|361/361\n|-damage|p1a: Oinkologne|316/361|[from] Stealth Rock\n|move|p2a: Gengar|Sludge Wave|p1a: Oinkologne\n|-damage|p1a: Oinkologne|157/361\n|\n|-weather|RainDance|[upkeep]\n|-heal|p1a: Oinkologne|179/361|[from] item: Leftovers\n|upkeep\n|turn|13\n|\n|t:|1781458321\n|switch|p2a: Carbink|Carbink, L90|236/236\n|move|p1a: Oinkologne|Lash Out|p2a: Carbink\n|-resisted|p2a: Carbink\n|-damage|p2a: Carbink|217/236\n|\n|-weather|none\n|-heal|p1a: Oinkologne|201/361|[from] item: Leftovers\n|-heal|p2a: Carbink|231/236|[from] item: Leftovers\n|upkeep\n|turn|14\n|\n|t:|1781458328\n|move|p1a: Oinkologne|High Horsepower|p2a: Carbink\n|-supereffective|p2a: Carbink\n|-damage|p2a: Carbink|129/236\n|move|p2a: Carbink|Moonblast|p1a: Oinkologne\n|-damage|p1a: Oinkologne|129/361\n|-unboost|p1a: Oinkologne|spa|1\n|\n|-heal|p1a: Oinkologne|151/361|[from] item: Leftovers\n|-heal|p2a: Carbink|143/236|[from] item: Leftovers\n|upkeep\n|turn|15\n|\n|t:|1781458332\n|move|p1a: Oinkologne|High Horsepower|p2a: Carbink\n|-supereffective|p2a: Carbink\n|-damage|p2a: Carbink|43/236\n|move|p2a: Carbink|Body Press|p1a: Oinkologne\n|-supereffective|p1a: Oinkologne\n|-damage|p1a: Oinkologne|0 fnt\n|faint|p1a: Oinkologne\n|\n|-heal|p2a: Carbink|57/236|[from] item: Leftovers\n|upkeep\n|\n|t:|1781458343\n|switch|p1a: Magcargo|Magcargo, L95, F, tera:Dragon|76/268\n|turn|16\n|\n|t:|1781458350\n|move|p2a: Carbink|Moonblast|p1a: Magcargo\n|-supereffective|p1a: Magcargo\n|-crit|p1a: Magcargo\n|-damage|p1a: Magcargo|0 fnt\n|faint|p1a: Magcargo\n|\n|-heal|p2a: Carbink|71/236|[from] item: Leftovers\n|upkeep\n|\n|t:|1781458352\n|switch|p1a: Landorus|Landorus, L75, M|257/257\n|-damage|p1a: Landorus|225/257|[from] Stealth Rock\n|turn|17\n|\n|t:|1781458356\n|move|p1a: Landorus|Earth Power|p2a: Carbink\n|-supereffective|p2a: Carbink\n|-damage|p2a: Carbink|0 fnt\n|faint|p2a: Carbink\n|\n|upkeep\n|\n|t:|1781458360\n|switch|p2a: Leafeon|Leafeon, L88, M|258/258\n|turn|18\n|\n|t:|1781458377\n|move|p2a: Leafeon|Swords Dance|p2a: Leafeon\n|-boost|p2a: Leafeon|atk|2\n|move|p1a: Landorus|Sludge Wave|p2a: Leafeon\n|-supereffective|p2a: Leafeon\n|-crit|p2a: Leafeon\n|-damage|p2a: Leafeon|0 fnt\n|faint|p2a: Leafeon\n|\n|upkeep\n|\n|t:|1781458388\n|switch|p2a: Crawdaunt|Crawdaunt, L84, M|243/243\n|turn|19\n|\n|t:|1781458394\n|switch|p1a: Gogoat|Gogoat, L88, F|277/360\n|-damage|p1a: Gogoat|232/360|[from] Stealth Rock\n|move|p2a: Crawdaunt|Dragon Dance|p2a: Crawdaunt\n|-boost|p2a: Crawdaunt|atk|1\n|-boost|p2a: Crawdaunt|spe|1\n|\n|-heal|p1a: Gogoat|254/360|[from] item: Leftovers\n|upkeep\n|turn|20\n|\n|t:|1781458398\n|-terastallize|p2a: Crawdaunt|Fighting\n|move|p2a: Crawdaunt|Close Combat|p1a: Gogoat\n|-damage|p1a: Gogoat|0 fnt\n|-unboost|p2a: Crawdaunt|def|1\n|-unboost|p2a: Crawdaunt|spd|1\n|faint|p1a: Gogoat\n|-damage|p2a: Crawdaunt|219/243|[from] item: Life Orb\n|\n|upkeep\n|\n|t:|1781458408\n|switch|p1a: Dunsparce|Dunsparce, L86, M|312/312\n|-damage|p1a: Dunsparce|273/312|[from] Stealth Rock\n|turn|21\n|\n|t:|1781458419\n|move|p2a: Crawdaunt|Knock Off|p1a: Dunsparce\n|-damage|p1a: Dunsparce|81/312\n|-enditem|p1a: Dunsparce|Eviolite|[from] move: Knock Off|[of] p2a: Crawdaunt\n|-damage|p2a: Crawdaunt|195/243|[from] item: Life Orb\n|move|p1a: Dunsparce|Body Slam|p2a: Crawdaunt\n|-damage|p2a: Crawdaunt|86/243\n|-status|p2a: Crawdaunt|par\n|\n|upkeep\n|turn|22\n|\n|t:|1781458426\n|switch|p2a: Gengar|Gengar, L81, F|12/230\n|move|p1a: Dunsparce|Body Slam|p2a: Gengar\n|-immune|p2a: Gengar\n|\n|upkeep\n|turn|23\n|\n|t:|1781458430\n|move|p2a: Gengar|Sludge Wave|p1a: Dunsparce\n|-damage|p1a: Dunsparce|0 fnt\n|faint|p1a: Dunsparce\n|\n|upkeep\n|\n|t:|1781458432\n|switch|p1a: Landorus|Landorus, L75, M|225/257\n|-damage|p1a: Landorus|193/257|[from] Stealth Rock\n|turn|24\n|\n|t:|1781458436\n|switch|p2a: Crawdaunt|Crawdaunt, L84, M, tera:Fighting|86/243 par\n|move|p1a: Landorus|Psychic|p2a: Crawdaunt\n|-supereffective|p2a: Crawdaunt\n|-damage|p2a: Crawdaunt|0 fnt\n|faint|p2a: Crawdaunt\n|\n|upkeep\n|\n|t:|1781458440\n|switch|p2a: Gengar|Gengar, L81, F|12/230\n|turn|25\n|\n|t:|1781458441\n|move|p2a: Gengar|Shadow Ball|p1a: Landorus\n|-damage|p1a: Landorus|3/257\n|move|p1a: Landorus|Psychic|p2a: Gengar\n|-supereffective|p2a: Gengar\n|-damage|p2a: Gengar|0 fnt\n|faint|p2a: Gengar\n|\n|win|mechroape\n", "uploadtime": 1781458171, "views": 3, "formatid": "gen9randombattle", "rating": null, "private": 0, "password": null}