{"id": "gen9randombattle-2631594767", "format": "[Gen 9] Random Battle", "players": ["catavieve", "mayqueen nyannyan"], "log": "|j|\u2606catavieve\n|j|\u2606mayqueen nyannyan\n|t:|1781406129\n|gametype|singles\n|player|p1|catavieve|palmer|2038\n|player|p2|mayqueen nyannyan|169|2273\n|gen|9\n|tier|[Gen 9] Random Battle\n|rated|\n|rule|Species Clause: Limit one of each Pok\u00e9mon\n|rule|HP Percentage Mod: HP is shown in percentages\n|rule|Sleep Clause Mod: Limit one foe put to sleep\n|rule|Illusion Level Mod: Illusion disguises the Pok\u00e9mon's true level\n|\n|t:|1781406129\n|teamsize|p1|6\n|teamsize|p2|6\n|start\n|switch|p1a: Gogoat|Gogoat, L88, F|360/360\n|switch|p2a: Emboar|Emboar, L84, M|322/322\n|turn|1\n|\n|t:|1781406166\n|switch|p1a: Wyrdeer|Wyrdeer, L87, M|321/321\n|-ability|p1a: Wyrdeer|Intimidate|boost\n|-unboost|p2a: Emboar|atk|1\n|move|p2a: Emboar|Knock Off|p1a: Wyrdeer\n|-supereffective|p1a: Wyrdeer\n|-damage|p1a: Wyrdeer|197/321\n|-enditem|p1a: Wyrdeer|Leftovers|[from] move: Knock Off|[of] p2a: Emboar\n|\n|upkeep\n|turn|2\n|\n|t:|1781406181\n|switch|p2a: Komala|Komala, L88, M|258/258\n|-ability|p2a: Komala|Comatose\n|move|p1a: Wyrdeer|Psychic Noise|p2a: Komala\n|-damage|p2a: Komala|206/258\n|-start|p2a: Komala|move: Heal Block\n|\n|upkeep\n|turn|3\n|\n|t:|1781406202\n|move|p2a: Komala|U-turn|p1a: Wyrdeer\n|-supereffective|p1a: Wyrdeer\n|-damage|p1a: Wyrdeer|47/321\n|inactive|Battle timer is ON: inactive players will automatically lose when time's up. (requested by catavieve)\n|\n|t:|1781406253\n|switch|p2a: Noivern|Noivern, L82, M|274/274|[from] U-turn\n|move|p1a: Wyrdeer|Body Slam|p2a: Noivern\n|-damage|p2a: Noivern|154/274\n|\n|upkeep\n|turn|4\n|\n|t:|1781406275\n|switch|p1a: Ampharos|Ampharos, L88, F|302/302\n|move|p2a: Noivern|Flamethrower|p1a: Ampharos\n|-damage|p1a: Ampharos|266/302\n|\n|upkeep\n|turn|5\n|\n|t:|1781406282\n|switch|p2a: Komala|Komala, L88, M|206/258\n|-ability|p2a: Komala|Comatose\n|move|p1a: Ampharos|Volt Switch|p2a: Komala\n|-damage|p2a: Komala|148/258\n|\n|t:|1781406294\n|switch|p1a: Meowscarada|Meowscarada, L78, F|247/247|[from] Volt Switch\n|\n|upkeep\n|turn|6\n|\n|t:|1781406299\n|move|p1a: Meowscarada|Flower Trick|p2a: Komala\n|-start|p1a: Meowscarada|typechange|Grass|[from] ability: Protean\n|-crit|p2a: Komala\n|-damage|p2a: Komala|27/258\n|move|p2a: Komala|U-turn|p1a: Meowscarada\n|-supereffective|p1a: Meowscarada\n|-damage|p1a: Meowscarada|89/247\n|\n|t:|1781406310\n|switch|p2a: Emboar|Emboar, L84, M|322/322|[from] U-turn\n|\n|upkeep\n|turn|7\n|\n|t:|1781406316\n|move|p1a: Meowscarada|U-turn|p2a: Emboar\n|-resisted|p2a: Emboar\n|-damage|p2a: Emboar|306/322\n|\n|t:|1781406319\n|switch|p1a: Wyrdeer|Wyrdeer, L87, M|47/321|[from] U-turn\n|-ability|p1a: Wyrdeer|Intimidate|boost\n|-unboost|p2a: Emboar|atk|1\n|move|p2a: Emboar|Flare Blitz|p1a: Wyrdeer\n|-damage|p1a: Wyrdeer|0 fnt\n|faint|p1a: Wyrdeer\n|-damage|p2a: Emboar|290/322|[from] Recoil\n|\n|upkeep\n|\n|t:|1781406339\n|switch|p1a: Tatsugiri|Tatsugiri, L87, M|260/260\n|turn|8\n|\n|t:|1781406350\n|switch|p2a: Komala|Komala, L88, M|27/258\n|-ability|p2a: Komala|Comatose\n|move|p1a: Tatsugiri|Rapid Spin|p2a: Komala\n|-damage|p2a: Komala|0 fnt\n|-boost|p1a: Tatsugiri|spe|1\n|faint|p2a: Komala\n|\n|upkeep\n|\n|t:|1781406360\n|switch|p2a: Veluza|Veluza, L85, F|292/292\n|turn|9\n|\n|t:|1781406368\n|move|p1a: Tatsugiri|Nasty Plot|p1a: Tatsugiri\n|-boost|p1a: Tatsugiri|spa|2\n|move|p2a: Veluza|Fillet Away|p2a: Veluza\n|-boost|p2a: Veluza|atk|2\n|-boost|p2a: Veluza|spa|2\n|-boost|p2a: Veluza|spe|2\n|-damage|p2a: Veluza|146/292\n|-enditem|p2a: Veluza|Sitrus Berry|[eat]\n|-heal|p2a: Veluza|219/292|[from] item: Sitrus Berry\n|\n|upkeep\n|turn|10\n|\n|t:|1781406374\n|move|p2a: Veluza|Psycho Cut|p1a: Tatsugiri\n|-crit|p1a: Tatsugiri\n|-damage|p1a: Tatsugiri|0 fnt\n|faint|p1a: Tatsugiri\n|\n|upkeep\n|\n|t:|1781406378\n|switch|p1a: Gogoat|Gogoat, L88, F|360/360\n|turn|11\n|\n|t:|1781406381\n|move|p2a: Veluza|Psycho Cut|p1a: Gogoat\n|-crit|p1a: Gogoat\n|-damage|p1a: Gogoat|0 fnt\n|faint|p1a: Gogoat\n|\n|upkeep\n|\n|t:|1781406387\n|switch|p1a: Ampharos|Ampharos, L88, F|266/302\n|turn|12\n|\n|t:|1781406393\n|-terastallize|p2a: Veluza|Water\n|move|p2a: Veluza|Aqua Cutter|p1a: Ampharos\n|-damage|p1a: Ampharos|0 fnt\n|faint|p1a: Ampharos\n|\n|upkeep\n|-message|catavieve forfeited.\n|\n|win|mayqueen nyannyan\n", "uploadtime": 1781406130, "views": 3, "formatid": "gen9randombattle", "rating": null, "private": 0, "password": null}