{"id": "gen9randombattle-2631635004", "format": "[Gen 9] Random Battle", "players": ["Derpager", "MakotoV7"], "log": "|j|\u2606Derpager\n|j|\u2606MakotoV7\n|t:|1781412344\n|gametype|singles\n|player|p1|Derpager|170|2152\n|player|p2|MakotoV7|steven|2137\n|gen|9\n|tier|[Gen 9] Random Battle\n|rated|\n|rule|Species Clause: Limit one of each Pok\u00e9mon\n|rule|HP Percentage Mod: HP is shown in percentages\n|rule|Sleep Clause Mod: Limit one foe put to sleep\n|rule|Illusion Level Mod: Illusion disguises the Pok\u00e9mon's true level\n|\n|t:|1781412344\n|teamsize|p1|6\n|teamsize|p2|6\n|start\n|switch|p1a: Bombirdier|Bombirdier, L85, F|258/258\n|switch|p2a: Palkia|Palkia, L75|259/259\n|-ability|p2a: Palkia|Pressure\n|turn|1\n|\n|t:|1781412351\n|switch|p1a: Basculegion|Basculegion, L80, M|323/323\n|move|p2a: Palkia|Spacial Rend|p1a: Basculegion\n|-damage|p1a: Basculegion|223/323\n|\n|upkeep\n|turn|2\n|inactive|Battle timer is ON: inactive players will automatically lose when time's up. (requested by MakotoV7)\n|\n|t:|1781412365\n|move|p2a: Palkia|Spacial Rend|p1a: Basculegion|[miss]\n|-miss|p2a: Palkia|p1a: Basculegion\n|move|p1a: Basculegion|Flip Turn|p2a: Palkia\n|-resisted|p2a: Palkia\n|-damage|p2a: Palkia|237/259\n|\n|t:|1781412371\n|switch|p1a: Glalie|Glalie, L96, F|309/309|[from] Flip Turn\n|\n|upkeep\n|turn|3\n|\n|t:|1781412375\n|switch|p2a: Ninetales|Ninetales-Alola, L78, F|242/242\n|-weather|Snowscape|[from] ability: Snow Warning|[of] p2a: Ninetales\n|move|p1a: Glalie|Spikes|p2a: Ninetales\n|-sidestart|p2: MakotoV7|Spikes\n|\n|-weather|Snowscape|[upkeep]\n|upkeep\n|turn|4\n|j| xiaozenguu\n|\n|t:|1781412387\n|move|p2a: Ninetales|Aurora Veil|p2a: Ninetales\n|-sidestart|p2: MakotoV7|move: Aurora Veil\n|move|p1a: Glalie|Spikes|p2a: Ninetales\n|-sidestart|p2: MakotoV7|Spikes\n|\n|-weather|Snowscape|[upkeep]\n|upkeep\n|turn|5\n|\n|t:|1781412392\n|switch|p2a: Kleavor|Kleavor, L78, M|237/237\n|move|p1a: Glalie|Spikes|p2a: Kleavor\n|-sidestart|p2: MakotoV7|Spikes\n|\n|-weather|Snowscape|[upkeep]\n|upkeep\n|turn|6\n|\n|t:|1781412399\n|switch|p1a: Tauros|Tauros-Paldea-Aqua, L81, M|252/252\n|move|p2a: Kleavor|Stone Axe|p1a: Tauros\n|-resisted|p1a: Tauros\n|-damage|p1a: Tauros|203/252\n|-sidestart|p1: Derpager|move: Stealth Rock\n|\n|-weather|Snowscape|[upkeep]\n|upkeep\n|turn|7\n|\n|t:|1781412407\n|switch|p2a: Gyarados|Gyarados, L79, F|280/280\n|-ability|p2a: Gyarados|Intimidate|boost\n|-unboost|p1a: Tauros|atk|1\n|move|p1a: Tauros|Substitute|p1a: Tauros\n|-start|p1a: Tauros|Substitute\n|-damage|p1a: Tauros|140/252\n|\n|-weather|none\n|upkeep\n|turn|8\n|\n|t:|1781412413\n|move|p1a: Tauros|Bulk Up|p1a: Tauros\n|-boost|p1a: Tauros|atk|1\n|-boost|p1a: Tauros|def|1\n|move|p2a: Gyarados|Dragon Dance|p2a: Gyarados\n|-boost|p2a: Gyarados|atk|1\n|-boost|p2a: Gyarados|spe|1\n|\n|upkeep\n|turn|9\n|\n|t:|1781412415\n|move|p2a: Gyarados|Dragon Dance|p2a: Gyarados\n|-boost|p2a: Gyarados|atk|1\n|-boost|p2a: Gyarados|spe|1\n|move|p1a: Tauros|Bulk Up|p1a: Tauros\n|-boost|p1a: Tauros|atk|1\n|-boost|p1a: Tauros|def|1\n|\n|upkeep\n|turn|10\n|\n|t:|1781412422\n|move|p2a: Gyarados|Dragon Dance|p2a: Gyarados\n|-boost|p2a: Gyarados|atk|1\n|-boost|p2a: Gyarados|spe|1\n|move|p1a: Tauros|Bulk Up|p1a: Tauros\n|-boost|p1a: Tauros|atk|1\n|-boost|p1a: Tauros|def|1\n|\n|upkeep\n|turn|11\n|\n|t:|1781412429\n|-terastallize|p2a: Gyarados|Flying\n|move|p2a: Gyarados|Tera Blast|p1a: Tauros|[anim] Tera Blast Flying\n|-supereffective|p1a: Tauros\n|-end|p1a: Tauros|Substitute\n|move|p1a: Tauros|Bulk Up|p1a: Tauros\n|-boost|p1a: Tauros|atk|1\n|-boost|p1a: Tauros|def|1\n|\n|-sideend|p2: MakotoV7|move: Aurora Veil\n|upkeep\n|turn|12\n|inactive|Derpager has 120 seconds left.\n|inactive|Derpager has 90 seconds left.\n|\n|t:|1781412491\n|-terastallize|p1a: Tauros|Water\n|move|p2a: Gyarados|Tera Blast|p1a: Tauros|[anim] Tera Blast Flying\n|-damage|p1a: Tauros|48/252\n|-enditem|p1a: Tauros|Sitrus Berry|[eat]\n|-heal|p1a: Tauros|111/252|[from] item: Sitrus Berry\n|move|p1a: Tauros|Liquidation|p2a: Gyarados\n|-damage|p2a: Gyarados|0 fnt\n|faint|p2a: Gyarados\n|\n|upkeep\n|\n|t:|1781412498\n|switch|p2a: Ninetales|Ninetales-Alola, L78, F|242/242\n|-damage|p2a: Ninetales|182/242|[from] Spikes\n|-weather|Snowscape|[from] ability: Snow Warning|[of] p2a: Ninetales\n|turn|13\n|inactive|Derpager has 90 seconds left.\n|\n|t:|1781412537\n|switch|p1a: Glalie|Glalie, L96, F|309/309\n|move|p2a: Ninetales|Freeze-Dry|p1a: Glalie\n|-resisted|p1a: Glalie\n|-damage|p1a: Glalie|283/309\n|\n|-weather|Snowscape|[upkeep]\n|upkeep\n|turn|14\n|\n|t:|1781412542\n|move|p2a: Ninetales|Aurora Veil|p2a: Ninetales\n|-sidestart|p2: MakotoV7|move: Aurora Veil\n|move|p1a: Glalie|Taunt|p2a: Ninetales\n|-start|p2a: Ninetales|move: Taunt\n|\n|-weather|Snowscape|[upkeep]\n|upkeep\n|turn|15\n|\n|t:|1781412558\n|switch|p2a: Kleavor|Kleavor, L78, M|237/237\n|switch|p1a: Tauros|Tauros-Paldea-Aqua, L81, M, tera:Water|111/252\n|-damage|p1a: Tauros|80/252|[from] Stealth Rock\n|\n|-weather|Snowscape|[upkeep]\n|upkeep\n|turn|16\n|\n|t:|1781412570\n|switch|p2a: Palkia|Palkia, L75|237/259\n|-damage|p2a: Palkia|173/259|[from] Spikes\n|-ability|p2a: Palkia|Pressure\n|move|p1a: Tauros|Liquidation|p2a: Palkia\n|-resisted|p2a: Palkia\n|-damage|p2a: Palkia|157/259\n|\n|-weather|Snowscape|[upkeep]\n|upkeep\n|turn|17\n|\n|t:|1781412586\n|move|p2a: Palkia|Spacial Rend|p1a: Tauros\n|-damage|p1a: Tauros|0 fnt\n|faint|p1a: Tauros\n|\n|-weather|none\n|upkeep\n|inactive|Derpager has 60 seconds left.\n|\n|t:|1781412617\n|switch|p1a: Glalie|Glalie, L96, F|283/309\n|turn|18\n|\n|t:|1781412622\n|switch|p2a: Kleavor|Kleavor, L78, M|237/237\n|move|p1a: Glalie|Freeze-Dry|p2a: Kleavor\n|-damage|p2a: Kleavor|183/237\n|\n|upkeep\n|turn|19\n|\n|t:|1781412633\n|move|p1a: Glalie|Freeze-Dry|p2a: Kleavor\n|-damage|p2a: Kleavor|129/237\n|move|p2a: Kleavor|Close Combat|p1a: Glalie\n|-supereffective|p1a: Glalie\n|-damage|p1a: Glalie|99/309\n|-unboost|p2a: Kleavor|def|1\n|-unboost|p2a: Kleavor|spd|1\n|\n|upkeep\n|turn|20\n|\n|t:|1781412642\n|move|p1a: Glalie|Freeze-Dry|p2a: Kleavor\n|-damage|p2a: Kleavor|51/237\n|move|p2a: Kleavor|Stone Axe|p1a: Glalie|[miss]\n|-miss|p2a: Kleavor|p1a: Glalie\n|\n|upkeep\n|turn|21\n|\n|t:|1781412647\n|move|p1a: Glalie|Freeze-Dry|p2a: Kleavor\n|-damage|p2a: Kleavor|0 fnt\n|faint|p2a: Kleavor\n|\n|-sideend|p2: MakotoV7|move: Aurora Veil\n|upkeep\n|\n|t:|1781412654\n|switch|p2a: Flamigo|Flamigo, L82, F|269/269\n|turn|22\n|\n|t:|1781412657\n|move|p2a: Flamigo|Close Combat|p1a: Glalie\n|-supereffective|p1a: Glalie\n|-damage|p1a: Glalie|0 fnt\n|-unboost|p2a: Flamigo|def|1\n|-unboost|p2a: Flamigo|spd|1\n|faint|p1a: Glalie\n|\n|upkeep\n|\n|t:|1781412682\n|switch|p1a: Torterra|Torterra, L78, M|276/276\n|-damage|p1a: Torterra|259/276|[from] Stealth Rock\n|turn|23\n|inactive|Derpager has 60 seconds left.\n|\n|t:|1781412705\n|move|p2a: Flamigo|Close Combat|p1a: Torterra\n|-damage|p1a: Torterra|123/276\n|-unboost|p2a: Flamigo|def|1\n|-unboost|p2a: Flamigo|spd|1\n|move|p1a: Torterra|Rock Blast|p2a: Flamigo\n|-damage|p2a: Flamigo|229/269\n|-damage|p2a: Flamigo|192/269\n|-damage|p2a: Flamigo|150/269\n|-damage|p2a: Flamigo|113/269\n|-damage|p2a: Flamigo|70/269\n|-hitcount|p2a: Flamigo|5\n|\n|upkeep\n|turn|24\n|inactive|Derpager has 60 seconds left.\n|\n|t:|1781412718\n|move|p2a: Flamigo|Close Combat|p1a: Torterra\n|-damage|p1a: Torterra|3/276\n|-unboost|p2a: Flamigo|def|1\n|-unboost|p2a: Flamigo|spd|1\n|move|p1a: Torterra|Rock Blast|p2a: Flamigo\n|-damage|p2a: Flamigo|16/269\n|-damage|p2a: Flamigo|0 fnt\n|faint|p2a: Flamigo\n|-hitcount|p2: Flamigo|2\n|\n|upkeep\n|\n|t:|1781412722\n|switch|p2a: Ninetales|Ninetales-Alola, L78, F|182/242\n|-damage|p2a: Ninetales|122/242|[from] Spikes\n|-weather|Snowscape|[from] ability: Snow Warning|[of] p2a: Ninetales\n|turn|25\n|inactive|Derpager has 60 seconds left.\n|\n|t:|1781412741\n|move|p2a: Ninetales|Freeze-Dry|p1a: Torterra\n|-supereffective|p1a: Torterra\n|-damage|p1a: Torterra|0 fnt\n|faint|p1a: Torterra\n|\n|-weather|Snowscape|[upkeep]\n|upkeep\n|\n|t:|1781412757\n|switch|p1a: Morpeko|Morpeko, L88, F|245/245\n|turn|26\n|\n|t:|1781412763\n|move|p1a: Morpeko|Rapid Spin|p2a: Ninetales\n|-damage|p2a: Ninetales|89/242\n|-boost|p1a: Morpeko|spe|1\n|-sideend|p1: Derpager|Stealth Rock|[from] move: Rapid Spin|[of] p1a: Morpeko\n|move|p2a: Ninetales|Aurora Veil|p2a: Ninetales\n|-sidestart|p2: MakotoV7|move: Aurora Veil\n|\n|-weather|Snowscape|[upkeep]\n|-formechange|p1a: Morpeko|Morpeko-Hangry||[from] ability: Hunger Switch\n|upkeep\n|turn|27\n|\n|t:|1781412788\n|move|p1a: Morpeko|Protect|p1a: Morpeko\n|-singleturn|p1a: Morpeko|Protect\n|move|p2a: Ninetales|Moonblast|p1a: Morpeko\n|-activate|p1a: Morpeko|move: Protect\n|\n|-weather|Snowscape|[upkeep]\n|-formechange|p1a: Morpeko|Morpeko||[from] ability: Hunger Switch\n|upkeep\n|turn|28\n|\n|t:|1781412791\n|move|p1a: Morpeko|Aura Wheel|p2a: Ninetales\n|-damage|p2a: Ninetales|36/242\n|-boost|p1a: Morpeko|spe|1\n|move|p2a: Ninetales|Moonblast|p1a: Morpeko\n|-supereffective|p1a: Morpeko\n|-damage|p1a: Morpeko|41/245\n|-unboost|p1a: Morpeko|spa|1\n|\n|-weather|Snowscape|[upkeep]\n|-formechange|p1a: Morpeko|Morpeko-Hangry||[from] ability: Hunger Switch\n|upkeep\n|turn|29\n|\n|t:|1781412801\n|move|p1a: Morpeko|Protect|p1a: Morpeko\n|-singleturn|p1a: Morpeko|Protect\n|move|p2a: Ninetales|Freeze-Dry|p1a: Morpeko\n|-activate|p1a: Morpeko|move: Protect\n|\n|-weather|none\n|-formechange|p1a: Morpeko|Morpeko||[from] ability: Hunger Switch\n|upkeep\n|turn|30\n|\n|t:|1781412806\n|move|p1a: Morpeko|Aura Wheel|p2a: Ninetales\n|-damage|p2a: Ninetales|0 fnt\n|-boost|p1a: Morpeko|spe|1\n|faint|p2a: Ninetales\n|\n|-formechange|p1a: Morpeko|Morpeko-Hangry||[from] ability: Hunger Switch\n|upkeep\n|\n|t:|1781412807\n|switch|p2a: Palkia|Palkia, L75|157/259\n|-damage|p2a: Palkia|93/259|[from] Spikes\n|-ability|p2a: Palkia|Pressure\n|turn|31\n|inactive|Derpager has 60 seconds left.\n|\n|t:|1781412831\n|move|p1a: Morpeko|Protect|p1a: Morpeko\n|-singleturn|p1a: Morpeko|Protect\n|move|p2a: Palkia|Spacial Rend|p1a: Morpeko\n|-activate|p1a: Morpeko|move: Protect\n|\n|-formechange|p1a: Morpeko|Morpeko||[from] ability: Hunger Switch\n|upkeep\n|turn|32\n|inactive|Derpager has 60 seconds left.\n|\n|t:|1781412838\n|move|p1a: Morpeko|Aura Wheel|p2a: Palkia\n|-damage|p2a: Palkia|29/259\n|-boost|p1a: Morpeko|spe|1\n|move|p2a: Palkia|Spacial Rend|p1a: Morpeko\n|-damage|p1a: Morpeko|0 fnt\n|faint|p1a: Morpeko\n|\n|upkeep\n|inactive|Derpager has 60 seconds left.\n|\n|t:|1781412856\n|switch|p1a: Bombirdier|Bombirdier, L85, F|258/258\n|turn|33\n|\n|t:|1781412861\n|move|p1a: Bombirdier|Sucker Punch|p2a: Palkia\n|-damage|p2a: Palkia|0 fnt\n|faint|p2a: Palkia\n|\n|-sideend|p2: MakotoV7|move: Aurora Veil\n|upkeep\n|\n|t:|1781412864\n|switch|p2a: Mew|Mew, L82|298/298\n|-damage|p2a: Mew|224/298|[from] Spikes\n|turn|34\n|\n|t:|1781412868\n|switch|p1a: Basculegion|Basculegion, L80, M|223/323\n|move|p2a: Mew|Will-O-Wisp|p1a: Basculegion\n|-status|p1a: Basculegion|brn\n|\n|-heal|p2a: Mew|242/298|[from] item: Leftovers\n|-damage|p1a: Basculegion|203/323 brn|[from] brn\n|upkeep\n|turn|35\n|\n|t:|1781412874\n|move|p2a: Mew|Knock Off|p1a: Basculegion\n|-supereffective|p1a: Basculegion\n|-damage|p1a: Basculegion|29/323 brn\n|-enditem|p1a: Basculegion|Assault Vest|[from] move: Knock Off|[of] p2a: Mew\n|move|p1a: Basculegion|Shadow Ball|p2a: Mew\n|-supereffective|p2a: Mew\n|-damage|p2a: Mew|82/298\n|\n|-heal|p2a: Mew|100/298|[from] item: Leftovers\n|-damage|p1a: Basculegion|9/323 brn|[from] brn\n|upkeep\n|turn|36\n|\n|t:|1781412885\n|move|p1a: Basculegion|Aqua Jet|p2a: Mew\n|-damage|p2a: Mew|74/298\n|move|p2a: Mew|Psychic Noise|p1a: Basculegion\n|-damage|p1a: Basculegion|0 fnt\n|faint|p1a: Basculegion\n|\n|-heal|p2a: Mew|92/298|[from] item: Leftovers\n|upkeep\n|\n|t:|1781412887\n|switch|p1a: Bombirdier|Bombirdier, L85, F|258/258\n|turn|37\n|\n|t:|1781412892\n|move|p2a: Mew|Will-O-Wisp|p1a: Bombirdier\n|-status|p1a: Bombirdier|brn\n|move|p1a: Bombirdier|Knock Off|p2a: Mew\n|-supereffective|p2a: Mew\n|-damage|p2a: Mew|0 fnt\n|-enditem|p2a: Mew|Leftovers|[from] move: Knock Off|[of] p1a: Bombirdier\n|faint|p2a: Mew\n|\n|win|Derpager\n", "uploadtime": 1781412346, "views": 3, "formatid": "gen9randombattle", "rating": null, "private": 0, "password": null}