{"id": "gen9randombattle-2631896058", "format": "[Gen 9] Random Battle", "players": ["Cbbdbcbf", "margins"], "log": "|j|\u2606Cbbdbcbf\n|j|\u2606margins\n|t:|1781453125\n|gametype|singles\n|player|p1|Cbbdbcbf|170|1212\n|player|p2|margins|aaron|1243\n|gen|9\n|tier|[Gen 9] Random Battle\n|rated|\n|rule|Species Clause: Limit one of each Pok\u00e9mon\n|rule|HP Percentage Mod: HP is shown in percentages\n|rule|Sleep Clause Mod: Limit one foe put to sleep\n|rule|Illusion Level Mod: Illusion disguises the Pok\u00e9mon's true level\n|\n|t:|1781453125\n|teamsize|p1|6\n|teamsize|p2|6\n|start\n|switch|p1a: Kingdra|Kingdra, L84, M|263/263\n|switch|p2a: Dunsparce|Dunsparce, L86, M|312/312\n|turn|1\n|inactive|Battle timer is ON: inactive players will automatically lose when time's up. (requested by margins)\n|inactive|margins has 120 seconds left.\n|inactive|margins has 90 seconds left.\n|\n|t:|1781453194\n|switch|p1a: Misdreavus|Misdreavus, L90, M|254/254\n|move|p2a: Dunsparce|Coil|p2a: Dunsparce\n|-boost|p2a: Dunsparce|atk|1\n|-boost|p2a: Dunsparce|def|1\n|-boost|p2a: Dunsparce|accuracy|1\n|\n|upkeep\n|turn|2\n|c|\u2606margins|well shit\n|\n|t:|1781453221\n|switch|p2a: Roaring Moon|Roaring Moon, L72|270/270\n|move|p1a: Misdreavus|Will-O-Wisp|p2a: Roaring Moon|[miss]\n|-miss|p1a: Misdreavus|p2a: Roaring Moon\n|\n|upkeep\n|turn|3\n|\n|t:|1781453234\n|switch|p1a: Vileplume|Vileplume, L85, F|266/266\n|move|p2a: Roaring Moon|U-turn|p1a: Vileplume\n|-damage|p1a: Vileplume|198/266\n|-status|p2a: Roaring Moon|par|[from] ability: Effect Spore|[of] p1a: Vileplume\n|\n|t:|1781453242\n|-end|p2a: Roaring Moon|Protosynthesis|[silent]\n|switch|p2a: Veluza|Veluza, L85, F|292/292|[from] U-turn\n|\n|-heal|p1a: Vileplume|214/266|[from] item: Leftovers\n|upkeep\n|turn|4\n|c|\u2606margins|bra\n|c|\u2606margins|fuck this game\n|\n|t:|1781453251\n|switch|p1a: Appletun|Appletun, L92, F|352/352\n|move|p2a: Veluza|Fillet Away|p2a: Veluza\n|-boost|p2a: Veluza|atk|2\n|-boost|p2a: Veluza|spa|2\n|-boost|p2a: Veluza|spe|2\n|-damage|p2a: Veluza|146/292\n|-enditem|p2a: Veluza|Sitrus Berry|[eat]\n|-heal|p2a: Veluza|219/292|[from] item: Sitrus Berry\n|\n|upkeep\n|turn|5\n|\n|t:|1781453263\n|-terastallize|p2a: Veluza|Dark\n|move|p2a: Veluza|Night Slash|p1a: Appletun\n|-crit|p1a: Appletun\n|-damage|p1a: Appletun|15/352\n|move|p1a: Appletun|Apple Acid|p2a: Veluza\n|-damage|p2a: Veluza|83/292\n|-unboost|p2a: Veluza|spd|1\n|\n|-heal|p1a: Appletun|37/352|[from] item: Leftovers\n|upkeep\n|turn|6\n|\n|t:|1781453276\n|move|p2a: Veluza|Psycho Cut|p1a: Appletun\n|-damage|p1a: Appletun|0 fnt\n|faint|p1a: Appletun\n|\n|upkeep\n|\n|t:|1781453281\n|switch|p1a: Ambipom|Ambipom, L84, M|263/263\n|turn|7\n|\n|t:|1781453289\n|move|p1a: Ambipom|Fake Out|p2a: Veluza\n|-damage|p2a: Veluza|0 fnt\n|faint|p2a: Veluza\n|\n|upkeep\n|\n|t:|1781453296\n|switch|p2a: Charizard|Charizard, L85, M|271/271\n|turn|8\n|\n|t:|1781453303\n|move|p1a: Ambipom|U-turn|p2a: Charizard\n|-resisted|p2a: Charizard\n|-damage|p2a: Charizard|257/271\n|\n|t:|1781453306\n|switch|p1a: Kingdra|Kingdra, L84, M|263/263|[from] U-turn\n|move|p2a: Charizard|Will-O-Wisp|p1a: Kingdra\n|-status|p1a: Kingdra|brn\n|-enditem|p1a: Kingdra|Lum Berry|[eat]\n|-curestatus|p1a: Kingdra|brn|[msg]\n|\n|upkeep\n|turn|9\n|\n|t:|1781453316\n|switch|p1a: Kilowattrel|Kilowattrel, L83, F|252/252\n|move|p2a: Charizard|Will-O-Wisp|p1a: Kilowattrel\n|-status|p1a: Kilowattrel|brn\n|\n|-damage|p1a: Kilowattrel|237/252 brn|[from] brn\n|upkeep\n|turn|10\n|\n|t:|1781453328\n|switch|p2a: Dunsparce|Dunsparce, L86, M|312/312\n|move|p1a: Kilowattrel|Discharge|p2a: Dunsparce\n|-damage|p2a: Dunsparce|237/312\n|-status|p2a: Dunsparce|par\n|\n|-damage|p1a: Kilowattrel|222/252 brn|[from] brn\n|upkeep\n|turn|11\n|c|\u2606margins|aight\n|\n|t:|1781453346\n|switch|p2a: Roaring Moon|Roaring Moon, L72|270/270 par\n|move|p1a: Kilowattrel|U-turn|p2a: Roaring Moon\n|-supereffective|p2a: Roaring Moon\n|-damage|p2a: Roaring Moon|215/270 par\n|\n|t:|1781453355\n|switch|p1a: Vileplume|Vileplume, L85, F|214/266|[from] U-turn\n|\n|-heal|p1a: Vileplume|230/266|[from] item: Leftovers\n|upkeep\n|turn|12\n|\n|t:|1781453364\n|move|p1a: Vileplume|Sludge Bomb|p2a: Roaring Moon\n|-damage|p2a: Roaring Moon|104/270 par\n|move|p2a: Roaring Moon|Iron Head|p1a: Vileplume\n|-damage|p1a: Vileplume|151/266\n|\n|-heal|p1a: Vileplume|167/266|[from] item: Leftovers\n|upkeep\n|turn|13\n|\n|t:|1781453374\n|move|p1a: Vileplume|Sludge Bomb|p2a: Roaring Moon\n|-damage|p2a: Roaring Moon|0 fnt\n|faint|p2a: Roaring Moon\n|-end|p2a: Roaring Moon|Protosynthesis|[silent]\n|\n|-heal|p1a: Vileplume|183/266|[from] item: Leftovers\n|upkeep\n|\n|t:|1781453381\n|switch|p2a: Terrakion|Terrakion, L79|273/273\n|turn|14\n|\n|t:|1781453389\n|move|p2a: Terrakion|Stone Edge|p1a: Vileplume|[miss]\n|-miss|p2a: Terrakion|p1a: Vileplume\n|move|p1a: Vileplume|Giga Drain|p2a: Terrakion\n|-supereffective|p2a: Terrakion\n|-damage|p2a: Terrakion|93/273\n|-heal|p1a: Vileplume|266/266|[from] drain|[of] p2a: Terrakion\n|\n|upkeep\n|turn|15\n|\n|t:|1781453398\n|switch|p2a: Ninetales|Ninetales, L85, M|263/263\n|-weather|SunnyDay|[from] ability: Drought|[of] p2a: Ninetales\n|move|p1a: Vileplume|Giga Drain|p2a: Ninetales\n|-resisted|p2a: Ninetales\n|-damage|p2a: Ninetales|220/263\n|\n|-weather|SunnyDay|[upkeep]\n|upkeep\n|turn|16\n|c|\u2606margins|bro\n|\n|t:|1781453408\n|switch|p1a: Kingdra|Kingdra, L84, M|263/263\n|move|p2a: Ninetales|Solar Beam||[still]\n|-prepare|p2a: Ninetales|Solar Beam\n|-anim|p2a: Ninetales|Solar Beam|p1a: Kingdra\n|-damage|p1a: Kingdra|192/263\n|\n|-weather|SunnyDay|[upkeep]\n|upkeep\n|turn|17\n|\n|t:|1781453422\n|switch|p2a: Dunsparce|Dunsparce, L86, M|237/312 par\n|move|p1a: Kingdra|Dragon Dance|p1a: Kingdra\n|-boost|p1a: Kingdra|atk|1\n|-boost|p1a: Kingdra|spe|1\n|\n|-weather|SunnyDay|[upkeep]\n|upkeep\n|turn|18\n|\n|t:|1781453430\n|move|p1a: Kingdra|Outrage|p2a: Dunsparce\n|-crit|p2a: Dunsparce\n|-damage|p2a: Dunsparce|0 fnt\n|faint|p2a: Dunsparce\n|\n|-weather|SunnyDay|[upkeep]\n|upkeep\n|c|\u2606margins|WHAT\n|c|\u2606margins|IS HAPPENING\n|c|\u2606margins|every thing that could happen is happening b2b2b2b\n|inactive|margins has 120 seconds left.\n|\n|t:|1781453463\n|switch|p2a: Ninetales|Ninetales, L85, M|220/263\n|turn|19\n|\n|t:|1781453467\n|move|p1a: Kingdra|Outrage|p2a: Ninetales|[from] lockedmove\n|-damage|p2a: Ninetales|9/263\n|-start|p1a: Kingdra|confusion|[fatigue]\n|move|p2a: Ninetales|Nasty Plot|p2a: Ninetales\n|-boost|p2a: Ninetales|spa|2\n|\n|-weather|none\n|upkeep\n|turn|20\n|\n|t:|1781453478\n|-activate|p1a: Kingdra|confusion\n|-damage|p1a: Kingdra|149/263|[from] confusion\n|move|p2a: Ninetales|Scorching Sands|p1a: Kingdra\n|-damage|p1a: Kingdra|63/263\n|\n|upkeep\n|turn|21\n|\n|t:|1781453489\n|-activate|p1a: Kingdra|confusion\n|move|p1a: Kingdra|Waterfall|p2a: Ninetales\n|-supereffective|p2a: Ninetales\n|-damage|p2a: Ninetales|0 fnt\n|faint|p2a: Ninetales\n|\n|upkeep\n|\n|t:|1781453495\n|switch|p2a: Terrakion|Terrakion, L79|93/273\n|turn|22\n|\n|t:|1781453499\n|-end|p1a: Kingdra|confusion\n|move|p1a: Kingdra|Waterfall|p2a: Terrakion\n|-supereffective|p2a: Terrakion\n|-damage|p2a: Terrakion|0 fnt\n|faint|p2a: Terrakion\n|\n|upkeep\n|c|\u2606margins|holy misclick\n|\n|t:|1781453509\n|switch|p2a: Charizard|Charizard, L85, M|257/271\n|turn|23\n|\n|t:|1781453520\n|move|p1a: Kingdra|Wave Crash|p2a: Charizard\n|-supereffective|p2a: Charizard\n|-damage|p2a: Charizard|0 fnt\n|faint|p2a: Charizard\n|-damage|p1a: Kingdra|0 fnt|[from] Recoil\n|faint|p1a: Kingdra\n|\n|win|Cbbdbcbf\n|raw|Cbbdbcbf's rating: 1212 &rarr; <strong>1239</strong><br />(+27 for winning)\n|raw|margins's rating: 1243 &rarr; <strong>1216</strong><br />(-27 for losing)\n|l|\u2606margins\n|player|p2|\n", "uploadtime": 1781453530, "views": 4, "formatid": "gen9randombattle", "rating": 1216, "private": 0, "password": null}