{"id": "gen9randombattle-2631764762", "format": "[Gen 9] Random Battle", "players": ["Flappell Roan", "masbahlilganteng"], "log": "|j|\u2606Flappell Roan\n|j|\u2606masbahlilganteng\n|t:|1781436047\n|gametype|singles\n|player|p1|Flappell Roan|skyla|2000\n|player|p2|masbahlilganteng|hoopster|2065\n|gen|9\n|tier|[Gen 9] Random Battle\n|rated|\n|rule|Species Clause: Limit one of each Pok\u00e9mon\n|rule|HP Percentage Mod: HP is shown in percentages\n|rule|Sleep Clause Mod: Limit one foe put to sleep\n|rule|Illusion Level Mod: Illusion disguises the Pok\u00e9mon's true level\n|\n|t:|1781436047\n|teamsize|p1|6\n|teamsize|p2|6\n|start\n|switch|p1a: Kingdra|Kingdra, L84, F|263/263\n|switch|p2a: Toucannon|Toucannon, L88, F|284/284\n|turn|1\n|inactive|Battle timer is ON: inactive players will automatically lose when time's up. (requested by masbahlilganteng)\n|\n|t:|1781436078\n|switch|p1a: Electivire|Electivire, L84, M|263/263\n|move|p2a: Toucannon|Knock Off|p1a: Electivire\n|-damage|p1a: Electivire|161/263\n|-enditem|p1a: Electivire|Life Orb|[from] move: Knock Off|[of] p2a: Toucannon\n|\n|upkeep\n|turn|2\n|\n|t:|1781436101\n|switch|p2a: Brambleghast|Brambleghast, L88, M|240/240\n|move|p1a: Electivire|Supercell Slam|p2a: Brambleghast\n|-resisted|p2a: Brambleghast\n|-damage|p2a: Brambleghast|169/240\n|\n|-heal|p2a: Brambleghast|184/240|[from] item: Leftovers\n|upkeep\n|turn|3\n|\n|t:|1781436110\n|move|p2a: Brambleghast|Power Whip|p1a: Electivire\n|-damage|p1a: Electivire|0 fnt\n|faint|p1a: Electivire\n|\n|-heal|p2a: Brambleghast|199/240|[from] item: Leftovers\n|upkeep\n|\n|t:|1781436118\n|switch|p1a: Zarude|Zarude-Dada, L77|288/288\n|turn|4\n|\n|t:|1781436128\n|switch|p2a: Arceus|Arceus-Electric, L70|284/284\n|move|p1a: Zarude|Swords Dance|p1a: Zarude\n|-boost|p1a: Zarude|atk|2\n|\n|upkeep\n|turn|5\n|\n|t:|1781436137\n|move|p2a: Arceus|Ice Beam|p1a: Zarude\n|-supereffective|p1a: Zarude\n|-damage|p1a: Zarude|172/288\n|move|p1a: Zarude|Power Whip|p2a: Arceus|[miss]\n|-miss|p1a: Zarude|p2a: Arceus\n|\n|-heal|p1a: Zarude|190/288|[from] item: Leftovers\n|upkeep\n|turn|6\n|-message|Flappell Roan forfeited.\n|\n|win|masbahlilganteng\n", "uploadtime": 1781436049, "views": 3, "formatid": "gen9randombattle", "rating": null, "private": 0, "password": null}