{"id": "gen9randombattle-2631652940", "format": "[Gen 9] Random Battle", "players": ["2001win", "wajie"], "log": "|j|\u26062001win\n|j|\u2606wajie\n|t:|1781415402\n|gametype|singles\n|player|p1|2001win|102|1934\n|player|p2|wajie|blaine-gen2|1944\n|gen|9\n|tier|[Gen 9] Random Battle\n|rated|\n|rule|Species Clause: Limit one of each Pok\u00e9mon\n|rule|HP Percentage Mod: HP is shown in percentages\n|rule|Sleep Clause Mod: Limit one foe put to sleep\n|rule|Illusion Level Mod: Illusion disguises the Pok\u00e9mon's true level\n|\n|t:|1781415402\n|teamsize|p1|6\n|teamsize|p2|6\n|start\n|switch|p1a: Slaking|Slaking, L84, M|389/389\n|switch|p2a: Leavanny|Leavanny, L86, F|269/269\n|turn|1\n|inactive|Battle timer is ON: inactive players will automatically lose when time's up. (requested by 2001win)\n|\n|t:|1781415412\n|move|p1a: Slaking|Giga Impact|p2a: Leavanny\n|-enditem|p2a: Leavanny|Focus Sash\n|-damage|p2a: Leavanny|1/269\n|-mustrecharge|p1a: Slaking\n|move|p2a: Leavanny|Sticky Web|p1a: Slaking\n|-sidestart|p1: 2001win|move: Sticky Web\n|\n|upkeep\n|turn|2\n|\n|t:|1781415421\n|cant|p1a: Slaking|recharge\n|move|p2a: Leavanny|Knock Off|p1a: Slaking\n|-damage|p1a: Slaking|315/389\n|-enditem|p1a: Slaking|Choice Band|[from] move: Knock Off|[of] p2a: Leavanny\n|\n|upkeep\n|turn|3\n|\n|t:|1781415430\n|move|p1a: Slaking|Knock Off|p2a: Leavanny\n|-damage|p2a: Leavanny|0 fnt\n|faint|p2a: Leavanny\n|\n|upkeep\n|\n|t:|1781415442\n|switch|p2a: Crabominable|Crabominable, L90, M|321/321\n|turn|4\n|\n|t:|1781415456\n|switch|p1a: Oricorio|Oricorio-Pa'u, L87, F|272/272\n|move|p2a: Crabominable|Close Combat|p1a: Oricorio\n|-resisted|p1a: Oricorio\n|-damage|p1a: Oricorio|197/272\n|-unboost|p2a: Crabominable|def|1\n|-unboost|p2a: Crabominable|spd|1\n|\n|upkeep\n|turn|5\n|\n|t:|1781415465\n|switch|p2a: Jirachi|Jirachi, L80|291/291\n|move|p1a: Oricorio|Hurricane|p2a: Jirachi|[miss]\n|-miss|p1a: Oricorio|p2a: Jirachi\n|\n|upkeep\n|turn|6\n|\n|t:|1781415491\n|switch|p1a: Slaking|Slaking, L84, M|315/389\n|-activate|p1a: Slaking|move: Sticky Web\n|-unboost|p1a: Slaking|spe|1\n|move|p2a: Jirachi|Iron Head|p1a: Slaking\n|-damage|p1a: Slaking|245/389\n|\n|upkeep\n|turn|7\n|\n|t:|1781415497\n|move|p2a: Jirachi|Protect|p2a: Jirachi\n|-singleturn|p2a: Jirachi|Protect\n|move|p1a: Slaking|Knock Off|p2a: Jirachi\n|-activate|p2a: Jirachi|move: Protect\n|\n|upkeep\n|turn|8\n|\n|t:|1781415506\n|move|p2a: Jirachi|U-turn|p1a: Slaking\n|-damage|p1a: Slaking|201/389\n|\n|t:|1781415511\n|switch|p2a: Latios|Latios, L78, M|253/253|[from] U-turn\n|cant|p1a: Slaking|ability: Truant\n|\n|upkeep\n|turn|9\n|\n|t:|1781415518\n|move|p2a: Latios|Draco Meteor|p1a: Slaking\n|-damage|p1a: Slaking|0 fnt\n|-unboost|p2a: Latios|spa|2\n|faint|p1a: Slaking\n|\n|upkeep\n|\n|t:|1781415535\n|switch|p1a: Dragonite|Dragonite, L74, M|257/257\n|turn|10\n|\n|t:|1781415539\n|switch|p2a: Crabominable|Crabominable, L90, M|321/321\n|move|p1a: Dragonite|Dragon Dance|p1a: Dragonite\n|-boost|p1a: Dragonite|atk|1\n|-boost|p1a: Dragonite|spe|1\n|\n|upkeep\n|turn|11\n|\n|t:|1781415545\n|move|p1a: Dragonite|Outrage|p2a: Crabominable\n|-damage|p2a: Crabominable|114/321\n|move|p2a: Crabominable|Ice Hammer|p1a: Dragonite\n|-supereffective|p1a: Dragonite\n|-damage|p1a: Dragonite|0 fnt\n|-unboost|p2a: Crabominable|spe|1\n|faint|p1a: Dragonite\n|\n|upkeep\n|\n|t:|1781415564\n|switch|p1a: Klawf|Klawf, L90, M|272/272\n|-activate|p1a: Klawf|move: Sticky Web\n|-unboost|p1a: Klawf|spe|1\n|turn|12\n|\n|t:|1781415574\n|move|p1a: Klawf|Stone Edge|p2a: Crabominable\n|-crit|p2a: Crabominable\n|-damage|p2a: Crabominable|0 fnt\n|faint|p2a: Crabominable\n|\n|upkeep\n|\n|t:|1781415582\n|switch|p2a: Jirachi|Jirachi, L80|291/291\n|turn|13\n|\n|t:|1781415596\n|switch|p1a: Oricorio|Oricorio-Pa'u, L87, F|197/272\n|move|p2a: Jirachi|Iron Head|p1a: Oricorio\n|-damage|p1a: Oricorio|106/272\n|\n|upkeep\n|turn|14\n|\n|t:|1781415602\n|move|p1a: Oricorio|Roost|p1a: Oricorio\n|-heal|p1a: Oricorio|242/272\n|-singleturn|p1a: Oricorio|move: Roost\n|move|p2a: Jirachi|U-turn|p1a: Oricorio\n|-supereffective|p1a: Oricorio\n|-damage|p1a: Oricorio|130/272\n|\n|t:|1781415606\n|switch|p2a: Wugtrio|Wugtrio, L91, M|212/212|[from] U-turn\n|\n|upkeep\n|turn|15\n|\n|t:|1781415615\n|switch|p1a: Gogoat|Gogoat, L88, M|360/360\n|-activate|p1a: Gogoat|move: Sticky Web\n|-unboost|p1a: Gogoat|spe|1\n|move|p2a: Wugtrio|Liquidation|p1a: Gogoat\n|-resisted|p1a: Gogoat\n|-damage|p1a: Gogoat|257/360\n|\n|-heal|p1a: Gogoat|279/360|[from] item: Leftovers\n|upkeep\n|turn|16\n|\n|t:|1781415633\n|switch|p2a: Latios|Latios, L78, M|253/253\n|switch|p1a: Arceus|Arceus, L68|276/276\n|-activate|p1a: Arceus|move: Sticky Web\n|-unboost|p1a: Arceus|spe|1\n|\n|upkeep\n|turn|17\n|\n|t:|1781415644\n|switch|p1a: Oricorio|Oricorio-Pa'u, L87, F|130/272\n|move|p2a: Latios|Aura Sphere|p1a: Oricorio\n|-resisted|p1a: Oricorio\n|-damage|p1a: Oricorio|113/272\n|\n|upkeep\n|turn|18\n|\n|t:|1781415660\n|move|p2a: Latios|Luster Purge|p1a: Oricorio\n|-resisted|p1a: Oricorio\n|-damage|p1a: Oricorio|34/272\n|-unboost|p1a: Oricorio|spd|1\n|move|p1a: Oricorio|Quiver Dance|p1a: Oricorio\n|-boost|p1a: Oricorio|spa|1\n|-boost|p1a: Oricorio|spd|1\n|-boost|p1a: Oricorio|spe|1\n|\n|upkeep\n|turn|19\n|\n|t:|1781415666\n|move|p1a: Oricorio|Roost|p1a: Oricorio\n|-heal|p1a: Oricorio|170/272\n|-singleturn|p1a: Oricorio|move: Roost\n|move|p2a: Latios|Luster Purge|p1a: Oricorio\n|-resisted|p1a: Oricorio\n|-damage|p1a: Oricorio|88/272\n|\n|upkeep\n|turn|20\n|\n|t:|1781415670\n|move|p1a: Oricorio|Roost|p1a: Oricorio\n|-heal|p1a: Oricorio|224/272\n|-singleturn|p1a: Oricorio|move: Roost\n|move|p2a: Latios|Luster Purge|p1a: Oricorio\n|-resisted|p1a: Oricorio\n|-damage|p1a: Oricorio|145/272\n|-unboost|p1a: Oricorio|spd|1\n|\n|upkeep\n|turn|21\n|\n|t:|1781415673\n|move|p1a: Oricorio|Quiver Dance|p1a: Oricorio\n|-boost|p1a: Oricorio|spa|1\n|-boost|p1a: Oricorio|spd|1\n|-boost|p1a: Oricorio|spe|1\n|move|p2a: Latios|Draco Meteor|p1a: Oricorio\n|-damage|p1a: Oricorio|0 fnt\n|-unboost|p2a: Latios|spa|2\n|faint|p1a: Oricorio\n|\n|upkeep\n|\n|t:|1781415676\n|switch|p1a: Arceus|Arceus, L68|276/276\n|-activate|p1a: Arceus|move: Sticky Web\n|-unboost|p1a: Arceus|spe|1\n|turn|22\n|\n|t:|1781415686\n|switch|p2a: Toxapex|Toxapex, L82, F|216/216\n|move|p1a: Arceus|Swords Dance|p1a: Arceus\n|-boost|p1a: Arceus|atk|2\n|\n|upkeep\n|turn|23\n|\n|t:|1781415692\n|move|p1a: Arceus|Earthquake|p2a: Toxapex\n|-supereffective|p2a: Toxapex\n|-damage|p2a: Toxapex|18/216\n|-damage|p1a: Arceus|249/276|[from] item: Life Orb\n|move|p2a: Toxapex|Haze|p2a: Toxapex\n|-clearallboost\n|\n|-heal|p2a: Toxapex|31/216|[from] item: Leftovers\n|upkeep\n|turn|24\n|\n|t:|1781415701\n|move|p1a: Arceus|Swords Dance|p1a: Arceus\n|-boost|p1a: Arceus|atk|2\n|move|p2a: Toxapex|Haze|p2a: Toxapex\n|-clearallboost\n|\n|-heal|p2a: Toxapex|44/216|[from] item: Leftovers\n|upkeep\n|turn|25\n|\n|t:|1781415706\n|move|p1a: Arceus|Earthquake|p2a: Toxapex\n|-supereffective|p2a: Toxapex\n|-damage|p2a: Toxapex|0 fnt\n|faint|p2a: Toxapex\n|-damage|p1a: Arceus|222/276|[from] item: Life Orb\n|\n|upkeep\n|\n|t:|1781415714\n|switch|p2a: Jirachi|Jirachi, L80|291/291\n|turn|26\n|\n|t:|1781415724\n|move|p2a: Jirachi|Iron Head|p1a: Arceus\n|-damage|p1a: Arceus|146/276\n|move|p1a: Arceus|Recover|p1a: Arceus\n|-heal|p1a: Arceus|276/276\n|\n|upkeep\n|turn|27\n|\n|t:|1781415731\n|move|p2a: Jirachi|Iron Head|p1a: Arceus\n|-damage|p1a: Arceus|203/276\n|move|p1a: Arceus|Swords Dance|p1a: Arceus\n|-boost|p1a: Arceus|atk|2\n|\n|upkeep\n|turn|28\n|\n|t:|1781415735\n|move|p2a: Jirachi|Iron Head|p1a: Arceus\n|-damage|p1a: Arceus|122/276\n|move|p1a: Arceus|Recover|p1a: Arceus\n|-heal|p1a: Arceus|260/276\n|\n|upkeep\n|turn|29\n|\n|t:|1781415739\n|move|p2a: Jirachi|Iron Head|p1a: Arceus\n|-damage|p1a: Arceus|179/276\n|cant|p1a: Arceus|flinch\n|\n|upkeep\n|turn|30\n|\n|t:|1781415744\n|move|p2a: Jirachi|U-turn|p1a: Arceus\n|-damage|p1a: Arceus|136/276\n|\n|t:|1781415746\n|switch|p2a: Latios|Latios, L78, M|253/253|[from] U-turn\n|move|p1a: Arceus|Recover|p1a: Arceus\n|-heal|p1a: Arceus|274/276\n|\n|upkeep\n|turn|31\n|\n|t:|1781415760\n|-terastallize|p1a: Arceus|Normal\n|move|p1a: Arceus|Extreme Speed|p2a: Latios\n|-damage|p2a: Latios|0 fnt\n|faint|p2a: Latios\n|-damage|p1a: Arceus|247/276|[from] item: Life Orb\n|\n|upkeep\n|\n|t:|1781415765\n|switch|p2a: Jirachi|Jirachi, L80|291/291\n|turn|32\n|l|\u26062001win\n|inactive|2001win disconnected and has a minute to reconnect!\n|player|p1|\n|j|\u26062001win\n|inactive|2001win reconnected and has 135 seconds left.\n|player|p1|2001win|102|\n|\n|t:|1781415785\n|move|p2a: Jirachi|Iron Head|p1a: Arceus\n|-damage|p1a: Arceus|175/276\n|move|p1a: Arceus|Earthquake|p2a: Jirachi\n|-supereffective|p2a: Jirachi\n|-damage|p2a: Jirachi|18/291\n|-damage|p1a: Arceus|148/276|[from] item: Life Orb\n|\n|-heal|p2a: Jirachi|36/291|[from] item: Leftovers\n|upkeep\n|turn|33\n|\n|t:|1781415791\n|move|p2a: Jirachi|Protect|p2a: Jirachi\n|-singleturn|p2a: Jirachi|Protect\n|move|p1a: Arceus|Extreme Speed|p2a: Jirachi\n|-activate|p2a: Jirachi|move: Protect\n|\n|-heal|p2a: Jirachi|54/291|[from] item: Leftovers\n|upkeep\n|turn|34\n|\n|t:|1781415795\n|move|p1a: Arceus|Extreme Speed|p2a: Jirachi\n|-resisted|p2a: Jirachi\n|-damage|p2a: Jirachi|0 fnt\n|faint|p2a: Jirachi\n|-damage|p1a: Arceus|121/276|[from] item: Life Orb\n|\n|upkeep\n|\n|t:|1781415796\n|switch|p2a: Wugtrio|Wugtrio, L91, M|212/212\n|turn|35\n|\n|t:|1781415798\n|move|p1a: Arceus|Extreme Speed|p2a: Wugtrio\n|-damage|p2a: Wugtrio|0 fnt\n|-ability|p2a: Wugtrio|Gooey\n|-unboost|p1a: Arceus|spe|1\n|faint|p2a: Wugtrio\n|-damage|p1a: Arceus|94/276|[from] item: Life Orb\n|\n|win|2001win\n", "uploadtime": 1781415404, "views": 3, "formatid": "gen9randombattle", "rating": null, "private": 0, "password": null}