{"id": "gen9randombattle-2631983987", "format": "[Gen 9] Random Battle", "players": ["Derpager", "mahomesthegoat"], "log": "|badge|p2|bronze|gen9randombattle|100-9\n|uhtml|medal-msg|<div class=\"broadcast-blue\">Curious what those medals under the avatar are? PS now has Ladder Seasons! For more information, check out the <a href=\"https://www.smogon.com/forums/threads/3740067/\">thread on Smogon.</a></div>\n|j|\u2606Derpager\n|j|\u2606mahomesthegoat\n|t:|1781462718\n|gametype|singles\n|player|p1|Derpager|170|2198\n|player|p2|mahomesthegoat|101|2329\n|gen|9\n|tier|[Gen 9] Random Battle\n|rated|\n|rule|Species Clause: Limit one of each Pok\u00e9mon\n|rule|HP Percentage Mod: HP is shown in percentages\n|rule|Sleep Clause Mod: Limit one foe put to sleep\n|rule|Illusion Level Mod: Illusion disguises the Pok\u00e9mon's true level\n|\n|t:|1781462718\n|teamsize|p1|6\n|teamsize|p2|6\n|start\n|switch|p1a: Muk|Muk, L86, M|321/321\n|switch|p2a: Raichu|Raichu-Alola, L87, M|246/246\n|turn|1\n|inactive|Battle timer is ON: inactive players will automatically lose when time's up. (requested by mahomesthegoat)\n|\n|t:|1781462755\n|-terastallize|p1a: Muk|Dark\n|move|p2a: Raichu|Psyshock|p1a: Muk\n|-immune|p1a: Muk\n|move|p1a: Muk|Knock Off|p2a: Raichu\n|-supereffective|p2a: Raichu\n|-damage|p2a: Raichu|0 fnt\n|-enditem|p2a: Raichu|Life Orb|[from] move: Knock Off|[of] p1a: Muk\n|faint|p2a: Raichu\n|\n|upkeep\n|\n|t:|1781462776\n|switch|p2a: Krookodile|Krookodile, L79, M|280/280\n|-ability|p2a: Krookodile|Intimidate|boost\n|-unboost|p1a: Muk|atk|1\n|turn|2\n|\n|t:|1781462789\n|switch|p1a: Regice|Regice, L88|284/284\n|move|p2a: Krookodile|Knock Off|p1a: Regice\n|-damage|p1a: Regice|199/284\n|-enditem|p1a: Regice|Heavy-Duty Boots|[from] move: Knock Off|[of] p2a: Krookodile\n|\n|upkeep\n|turn|3\n|\n|t:|1781462809\n|switch|p2a: Volcanion|Volcanion, L79|256/256\n|move|p1a: Regice|Ice Beam|p2a: Volcanion\n|-resisted|p2a: Volcanion\n|-damage|p2a: Volcanion|228/256\n|\n|upkeep\n|turn|4\n|inactive|Derpager has 120 seconds left.\n|\n|t:|1781462845\n|switch|p2a: Krookodile|Krookodile, L79, M|280/280\n|-ability|p2a: Krookodile|Intimidate|boost\n|-fail|p1a: Regice|unboost|[from] ability: Clear Body|[of] p1a: Regice\n|move|p1a: Regice|Thunderbolt|p2a: Krookodile\n|-immune|p2a: Krookodile\n|\n|upkeep\n|turn|5\n|inactive|Derpager has 120 seconds left.\n|\n|t:|1781462854\n|switch|p2a: Volcanion|Volcanion, L79|228/256\n|move|p1a: Regice|Ice Beam|p2a: Volcanion\n|-resisted|p2a: Volcanion\n|-damage|p2a: Volcanion|201/256\n|\n|upkeep\n|turn|6\n|\n|t:|1781462863\n|move|p2a: Volcanion|Flamethrower|p1a: Regice\n|-supereffective|p1a: Regice\n|-damage|p1a: Regice|95/284\n|move|p1a: Regice|Thunderbolt|p2a: Volcanion\n|-supereffective|p2a: Volcanion\n|-damage|p2a: Volcanion|63/256\n|\n|upkeep\n|turn|7\n|inactive|Derpager has 120 seconds left.\n|\n|t:|1781462906\n|switch|p2a: Krookodile|Krookodile, L79, M|280/280\n|-ability|p2a: Krookodile|Intimidate|boost\n|-fail|p1a: Regice|unboost|[from] ability: Clear Body|[of] p1a: Regice\n|move|p1a: Regice|Thunderbolt|p2a: Krookodile\n|-immune|p2a: Krookodile\n|\n|upkeep\n|turn|8\n|\n|t:|1781462916\n|switch|p2a: Volcanion|Volcanion, L79|63/256\n|move|p1a: Regice|Ice Beam|p2a: Volcanion\n|-resisted|p2a: Volcanion\n|-damage|p2a: Volcanion|35/256\n|\n|upkeep\n|turn|9\n|j| Sabgg\n|\n|t:|1781462931\n|move|p2a: Volcanion|Flamethrower|p1a: Regice\n|-supereffective|p1a: Regice\n|-damage|p1a: Regice|0 fnt\n|faint|p1a: Regice\n|\n|upkeep\n|inactive|Derpager has 90 seconds left.\n|\n|t:|1781462946\n|switch|p1a: Grafaiai|Grafaiai, L86, F|249/249\n|turn|10\n|\n|t:|1781462972\n|switch|p2a: Krookodile|Krookodile, L79, M|280/280\n|-ability|p2a: Krookodile|Intimidate|boost\n|-unboost|p1a: Grafaiai|atk|1\n|move|p1a: Grafaiai|Knock Off|p2a: Krookodile\n|-resisted|p2a: Krookodile\n|-damage|p2a: Krookodile|253/280\n|-enditem|p2a: Krookodile|Leftovers|[from] move: Knock Off|[of] p1a: Grafaiai\n|\n|upkeep\n|turn|11\n|\n|t:|1781462986\n|switch|p1a: Gogoat|Gogoat, L88, M|360/360\n|move|p2a: Krookodile|Earthquake|p1a: Gogoat\n|-resisted|p1a: Gogoat\n|-damage|p1a: Gogoat|291/360\n|\n|-heal|p1a: Gogoat|313/360|[from] item: Leftovers\n|upkeep\n|turn|12\n|inactive|mahomesthegoat has 120 seconds left.\n|l| Sabgg\n|\n|t:|1781463014\n|switch|p2a: Duraludon|Duraludon, L82, F|249/249\n|move|p1a: Gogoat|Horn Leech|p2a: Duraludon\n|-resisted|p2a: Duraludon\n|-damage|p2a: Duraludon|237/249\n|-heal|p1a: Gogoat|319/360|[from] drain|[of] p2a: Duraludon\n|\n|-heal|p1a: Gogoat|341/360|[from] item: Leftovers\n|upkeep\n|turn|13\n|inactive|Derpager has 90 seconds left.\n|\n|t:|1781463033\n|switch|p1a: Muk|Muk, L86, M, tera:Dark|321/321\n|move|p2a: Duraludon|Thunder Wave|p1a: Muk\n|-status|p1a: Muk|par\n|\n|upkeep\n|turn|14\n|inactive|Derpager has 90 seconds left.\n|\n|t:|1781463046\n|switch|p2a: Krookodile|Krookodile, L79, M|253/280\n|-ability|p2a: Krookodile|Intimidate|boost\n|-unboost|p1a: Muk|atk|1\n|switch|p1a: Ursaring|Ursaring, L84, M|288/288\n|\n|-status|p1a: Ursaring|tox|[from] item: Toxic Orb\n|upkeep\n|turn|15\n|inactive|Derpager has 90 seconds left.\n|inactive|mahomesthegoat has 120 seconds left.\n|inactive|Derpager has 60 seconds left.\n|\n|t:|1781463090\n|switch|p2a: Volcanion|Volcanion, L79|35/256\n|move|p1a: Ursaring|Swords Dance|p1a: Ursaring\n|-boost|p1a: Ursaring|atk|2\n|\n|-damage|p1a: Ursaring|270/288 tox|[from] psn\n|upkeep\n|turn|16\n|inactive|Derpager has 60 seconds left.\n|\n|t:|1781463101\n|switch|p2a: Duraludon|Duraludon, L82, F|237/249\n|move|p1a: Ursaring|Facade|p2a: Duraludon\n|-resisted|p2a: Duraludon\n|-damage|p2a: Duraludon|127/249\n|\n|-damage|p1a: Ursaring|234/288 tox|[from] psn\n|upkeep\n|turn|17\n|inactive|Derpager has 60 seconds left.\n|\n|t:|1781463119\n|switch|p2a: Volcanion|Volcanion, L79|35/256\n|move|p1a: Ursaring|Close Combat|p2a: Volcanion\n|-damage|p2a: Volcanion|0 fnt\n|-unboost|p1a: Ursaring|def|1\n|-unboost|p1a: Ursaring|spd|1\n|faint|p2a: Volcanion\n|\n|-damage|p1a: Ursaring|180/288 tox|[from] psn\n|upkeep\n|j| Sabgg\n|inactive|mahomesthegoat has 90 seconds left.\n|inactive|mahomesthegoat has 60 seconds left.\n|\n|t:|1781463178\n|switch|p2a: Krookodile|Krookodile, L79, M|253/280\n|-ability|p2a: Krookodile|Intimidate|boost\n|-unboost|p1a: Ursaring|atk|1\n|turn|18\n|\n|t:|1781463188\n|switch|p2a: Duraludon|Duraludon, L82, F|127/249\n|move|p1a: Ursaring|Facade|p2a: Duraludon\n|-resisted|p2a: Duraludon\n|-damage|p2a: Duraludon|53/249\n|\n|-damage|p1a: Ursaring|108/288 tox|[from] psn\n|upkeep\n|turn|19\n|\n|t:|1781463203\n|move|p1a: Ursaring|Close Combat|p2a: Duraludon\n|-supereffective|p2a: Duraludon\n|-damage|p2a: Duraludon|0 fnt\n|-unboost|p1a: Ursaring|def|1\n|-unboost|p1a: Ursaring|spd|1\n|faint|p2a: Duraludon\n|\n|-damage|p1a: Ursaring|18/288 tox|[from] psn\n|upkeep\n|inactive|mahomesthegoat has 60 seconds left.\n|\n|t:|1781463218\n|switch|p2a: Azumarill|Azumarill, L82, M|298/298\n|turn|20\n|\n|t:|1781463225\n|switch|p1a: Gogoat|Gogoat, L88, M|341/360\n|move|p2a: Azumarill|Aqua Jet|p1a: Gogoat\n|-resisted|p1a: Gogoat\n|-damage|p1a: Gogoat|294/360\n|\n|-heal|p1a: Gogoat|316/360|[from] item: Leftovers\n|upkeep\n|turn|21\n|\n|t:|1781463241\n|switch|p2a: Clefable|Clefable, L83, F|293/293\n|move|p1a: Gogoat|Bulk Up|p1a: Gogoat\n|-boost|p1a: Gogoat|atk|1\n|-boost|p1a: Gogoat|def|1\n|\n|-heal|p1a: Gogoat|338/360|[from] item: Leftovers\n|upkeep\n|turn|22\n|\n|t:|1781463255\n|move|p1a: Gogoat|Horn Leech|p2a: Clefable\n|-crit|p2a: Clefable\n|-damage|p2a: Clefable|79/293\n|-heal|p1a: Gogoat|360/360|[from] drain|[of] p2a: Clefable\n|move|p2a: Clefable|Fire Blast|p1a: Gogoat\n|-supereffective|p1a: Gogoat\n|-damage|p1a: Gogoat|149/360\n|\n|-heal|p1a: Gogoat|171/360|[from] item: Leftovers\n|upkeep\n|turn|23\n|inactive|Derpager has 90 seconds left.\n|\n|t:|1781463264\n|move|p1a: Gogoat|Horn Leech|p2a: Clefable\n|-damage|p2a: Clefable|0 fnt\n|-heal|p1a: Gogoat|211/360|[from] drain|[of] p2a: Clefable\n|faint|p2a: Clefable\n|\n|-heal|p1a: Gogoat|233/360|[from] item: Leftovers\n|upkeep\n|\n|t:|1781463268\n|switch|p2a: Krookodile|Krookodile, L79, M|253/280\n|-ability|p2a: Krookodile|Intimidate|boost\n|-unboost|p1a: Gogoat|atk|1\n|turn|24\n|inactive|mahomesthegoat has 90 seconds left.\n|\n|t:|1781463279\n|-terastallize|p2a: Krookodile|Poison\n|move|p2a: Krookodile|Bulk Up|p2a: Krookodile\n|-boost|p2a: Krookodile|atk|1\n|-boost|p2a: Krookodile|def|1\n|move|p1a: Gogoat|Horn Leech|p2a: Krookodile\n|-resisted|p2a: Krookodile\n|-crit|p2a: Krookodile\n|-damage|p2a: Krookodile|175/280\n|-heal|p1a: Gogoat|272/360|[from] drain|[of] p2a: Krookodile\n|\n|-heal|p1a: Gogoat|294/360|[from] item: Leftovers\n|upkeep\n|turn|25\n|inactive|mahomesthegoat has 90 seconds left.\n|\n|t:|1781463286\n|move|p2a: Krookodile|Gunk Shot|p1a: Gogoat\n|-supereffective|p1a: Gogoat\n|-damage|p1a: Gogoat|0 fnt\n|faint|p1a: Gogoat\n|\n|upkeep\n|inactive|Derpager has 90 seconds left.\n|\n|t:|1781463322\n|switch|p1a: Espeon|Espeon, L84, F|246/246\n|turn|26\n|\n|t:|1781463334\n|switch|p2a: Azumarill|Azumarill, L82, M|298/298\n|move|p1a: Espeon|Psyshock|p2a: Azumarill\n|-damage|p2a: Azumarill|133/298\n|-damage|p1a: Espeon|222/246|[from] item: Life Orb\n|\n|upkeep\n|turn|27\n|inactive|Derpager has 90 seconds left.\n|\n|t:|1781463348\n|move|p2a: Azumarill|Aqua Jet|p1a: Espeon\n|-damage|p1a: Espeon|131/246\n|move|p1a: Espeon|Psyshock|p2a: Azumarill\n|-crit|p2a: Azumarill\n|-damage|p2a: Azumarill|0 fnt\n|faint|p2a: Azumarill\n|-damage|p1a: Espeon|107/246|[from] item: Life Orb\n|\n|upkeep\n|\n|t:|1781463352\n|switch|p2a: Krookodile|Krookodile, L79, M, tera:Poison|175/280\n|-ability|p2a: Krookodile|Intimidate|boost\n|-unboost|p1a: Espeon|atk|1\n|turn|28\n|\n|t:|1781463357\n|move|p1a: Espeon|Psyshock|p2a: Krookodile\n|-supereffective|p2a: Krookodile\n|-damage|p2a: Krookodile|0 fnt\n|faint|p2a: Krookodile\n|-damage|p1a: Espeon|83/246|[from] item: Life Orb\n|\n|win|Derpager\n", "uploadtime": 1781462720, "views": 3, "formatid": "gen9randombattle", "rating": null, "private": 0, "password": null}