{"id": "gen9randombattle-2631803702", "format": "[Gen 9] Random Battle", "players": ["raged kyurem w", "recki003"], "log": "|j|\u2606raged kyurem w\n|j|\u203drecki003\n|t:|1781442017\n|gametype|singles\n|player|p1|raged kyurem w|101|1122\n|player|p2|recki003|byron|1145\n|gen|9\n|tier|[Gen 9] Random Battle\n|rated|\n|rule|Species Clause: Limit one of each Pok\u00e9mon\n|rule|HP Percentage Mod: HP is shown in percentages\n|rule|Sleep Clause Mod: Limit one foe put to sleep\n|rule|Illusion Level Mod: Illusion disguises the Pok\u00e9mon's true level\n|\n|t:|1781442017\n|teamsize|p1|6\n|teamsize|p2|6\n|start\n|switch|p1a: Sneasler|Sneasler, L74, M|240/240\n|switch|p2a: Drifblim|Drifblim, L86, F|398/398\n|turn|1\n|inactive|Battle timer is ON: inactive players will automatically lose when time's up. (requested by raged kyurem w)\n|\n|t:|1781442036\n|switch|p1a: Pelipper|Pelipper, L86, F|243/243\n|-weather|RainDance|[from] ability: Drizzle|[of] p1a: Pelipper\n|move|p2a: Drifblim|Air Slash|p1a: Pelipper\n|-damage|p1a: Pelipper|153/243\n|\n|-weather|RainDance|[upkeep]\n|upkeep\n|turn|2\n|\n|t:|1781442058\n|switch|p2a: Calyrex|Calyrex-Ice, L72|263/263\n|-ability|p2a: Calyrex|As One\n|-ability|p2a: Calyrex|Unnerve\n|move|p1a: Pelipper|Hurricane|p2a: Calyrex\n|-damage|p2a: Calyrex|104/263\n|\n|-weather|RainDance|[upkeep]\n|upkeep\n|turn|3\n|\n|t:|1781442068\n|move|p1a: Pelipper|Hurricane|p2a: Calyrex\n|-damage|p2a: Calyrex|0 fnt\n|faint|p2a: Calyrex\n|\n|-weather|RainDance|[upkeep]\n|upkeep\n|\n|t:|1781442074\n|switch|p2a: Archaludon|Archaludon, L78, F|268/268\n|turn|4\n|\n|t:|1781442088\n|switch|p1a: Sneasler|Sneasler, L74, M|240/240\n|move|p2a: Archaludon|Draco Meteor|p1a: Sneasler\n|-damage|p1a: Sneasler|62/240\n|-unboost|p2a: Archaludon|spa|2\n|\n|-weather|RainDance|[upkeep]\n|upkeep\n|turn|5\n|\n|t:|1781442103\n|move|p1a: Sneasler|Close Combat|p2a: Archaludon\n|-supereffective|p2a: Archaludon\n|-damage|p2a: Archaludon|64/268\n|-unboost|p1a: Sneasler|def|1\n|-unboost|p1a: Sneasler|spd|1\n|-ability|p2a: Archaludon|Stamina|boost\n|-boost|p2a: Archaludon|def|1\n|-enditem|p1a: Sneasler|White Herb\n|-clearnegativeboost|p1a: Sneasler|[silent]\n|move|p2a: Archaludon|Draco Meteor|p1a: Sneasler\n|-damage|p1a: Sneasler|0 fnt\n|-unboost|p2a: Archaludon|spa|2\n|faint|p1a: Sneasler\n|\n|-weather|none\n|-heal|p2a: Archaludon|80/268|[from] item: Leftovers\n|upkeep\n|\n|t:|1781442118\n|switch|p1a: Houndstone|Houndstone, L86, M|264/264\n|turn|6\n|\n|t:|1781442129\n|move|p2a: Archaludon|Thunder Wave|p1a: Houndstone\n|-status|p1a: Houndstone|par\n|move|p1a: Houndstone|Body Press|p2a: Archaludon\n|-supereffective|p2a: Archaludon\n|-damage|p2a: Archaludon|10/268\n|-ability|p2a: Archaludon|Stamina|boost\n|-boost|p2a: Archaludon|def|1\n|\n|-heal|p2a: Archaludon|26/268|[from] item: Leftovers\n|upkeep\n|turn|7\n|\n|t:|1781442149\n|move|p1a: Houndstone|Shadow Sneak|p2a: Archaludon\n|-damage|p2a: Archaludon|8/268\n|-ability|p2a: Archaludon|Stamina|boost\n|-boost|p2a: Archaludon|def|1\n|move|p2a: Archaludon|Draco Meteor|p1a: Houndstone\n|-damage|p1a: Houndstone|236/264 par\n|-unboost|p2a: Archaludon|spa|2\n|\n|-heal|p2a: Archaludon|24/268|[from] item: Leftovers\n|upkeep\n|turn|8\n|\n|t:|1781442158\n|move|p2a: Archaludon|Flash Cannon|p1a: Houndstone\n|-damage|p1a: Houndstone|221/264 par\n|-unboost|p1a: Houndstone|spd|1\n|cant|p1a: Houndstone|par\n|\n|-heal|p2a: Archaludon|40/268|[from] item: Leftovers\n|upkeep\n|turn|9\n|\n|t:|1781442165\n|move|p2a: Archaludon|Flash Cannon|p1a: Houndstone\n|-damage|p1a: Houndstone|200/264 par\n|move|p1a: Houndstone|Body Press|p2a: Archaludon\n|-supereffective|p2a: Archaludon\n|-damage|p2a: Archaludon|0 fnt\n|faint|p2a: Archaludon\n|\n|upkeep\n|\n|t:|1781442168\n|switch|p2a: Drifblim|Drifblim, L86, F|398/398\n|turn|10\n|\n|t:|1781442172\n|move|p2a: Drifblim|Shadow Ball|p1a: Houndstone\n|-supereffective|p1a: Houndstone\n|-damage|p1a: Houndstone|36/264 par\n|move|p1a: Houndstone|Poltergeist|p2a: Drifblim\n|-activate|p2a: Drifblim|move: Poltergeist|Heavy-Duty Boots\n|-supereffective|p2a: Drifblim\n|-damage|p2a: Drifblim|18/398\n|\n|upkeep\n|turn|11\n|\n|t:|1781442180\n|cant|p1a: Houndstone|par\n|move|p2a: Drifblim|Strength Sap|p1a: Houndstone\n|-unboost|p1a: Houndstone|atk|1\n|-heal|p2a: Drifblim|241/398\n|\n|upkeep\n|turn|12\n|\n|t:|1781442195\n|cant|p1a: Houndstone|par\n|move|p2a: Drifblim|Shadow Ball|p1a: Houndstone\n|-supereffective|p1a: Houndstone\n|-damage|p1a: Houndstone|0 fnt\n|faint|p1a: Houndstone\n|\n|upkeep\n|\n|t:|1781442200\n|switch|p1a: Venomoth|Venomoth, L84, F|255/255\n|turn|13\n|\n|t:|1781442205\n|move|p1a: Venomoth|Quiver Dance|p1a: Venomoth\n|-boost|p1a: Venomoth|spa|1\n|-boost|p1a: Venomoth|spd|1\n|-boost|p1a: Venomoth|spe|1\n|move|p2a: Drifblim|Air Slash|p1a: Venomoth\n|-supereffective|p1a: Venomoth\n|-damage|p1a: Venomoth|123/255\n|\n|upkeep\n|turn|14\n|\n|t:|1781442229\n|-terastallize|p2a: Drifblim|Steel\n|move|p1a: Venomoth|Sleep Powder|p2a: Drifblim\n|-status|p2a: Drifblim|slp|[from] move: Sleep Powder\n|cant|p2a: Drifblim|slp\n|\n|upkeep\n|turn|15\n|\n|t:|1781442237\n|switch|p1a: Magearna|Magearna, L77|250/250\n|cant|p2a: Drifblim|slp\n|\n|upkeep\n|turn|16\n|\n|t:|1781442248\n|cant|p2a: Drifblim|slp\n|move|p1a: Magearna|Shift Gear|p1a: Magearna\n|-boost|p1a: Magearna|spe|2\n|-boost|p1a: Magearna|atk|1\n|\n|upkeep\n|turn|17\n|inactive|raged kyurem w has 120 seconds left.\n|\n|t:|1781442281\n|switch|p2a: Cinderace|Cinderace, L77, F|249/249\n|move|p1a: Magearna|Iron Head|p2a: Cinderace\n|-resisted|p2a: Cinderace\n|-damage|p2a: Cinderace|180/249\n|\n|upkeep\n|turn|18\n|inactive|recki003 has 120 seconds left.\n|\n|t:|1781442316\n|-terastallize|p1a: Magearna|Ground\n|move|p1a: Magearna|Tera Blast|p2a: Cinderace|[anim] Tera Blast Ground\n|-supereffective|p2a: Cinderace\n|-damage|p2a: Cinderace|0 fnt\n|faint|p2a: Cinderace\n|-ability|p1a: Magearna|Soul-Heart|boost\n|-boost|p1a: Magearna|spa|1\n|\n|upkeep\n|inactive|recki003 has 90 seconds left.\n|inactive|recki003 has 60 seconds left.\n|inactive|recki003 has 30 seconds left.\n|inactive|recki003 has 20 seconds left.\n|inactive|recki003 has 15 seconds left.\n|inactive|recki003 has 10 seconds left.\n|inactive|recki003 has 5 seconds left.\n|-message|recki003 lost due to inactivity.\n|\n|win|raged kyurem w\n|raw|raged kyurem w's rating: 1122 &rarr; <strong>1151</strong><br />(+29 for winning)\n|raw|recki003's rating: 1172 &rarr; <strong>1143</strong><br />(-29 for losing)\n", "uploadtime": 1781442439, "views": 2, "formatid": "gen9randombattle", "rating": 1143, "private": 0, "password": null}