{"id": "gen9randombattle-2631908514", "format": "[Gen 9] Random Battle", "players": ["boomby2", "Highster5"], "log": "|j|\u2606boomby2\n|j|\u2606Highster5\n|t:|1781454468\n|gametype|singles\n|player|p1|boomby2|fisherman-gen4|1996\n|player|p2|Highster5|nemona-masters|2050\n|gen|9\n|tier|[Gen 9] Random Battle\n|rated|\n|rule|Species Clause: Limit one of each Pok\u00e9mon\n|rule|HP Percentage Mod: HP is shown in percentages\n|rule|Sleep Clause Mod: Limit one foe put to sleep\n|rule|Illusion Level Mod: Illusion disguises the Pok\u00e9mon's true level\n|\n|t:|1781454468\n|teamsize|p1|6\n|teamsize|p2|6\n|start\n|switch|p1a: Eternatus|Eternatus, L69|308/308\n|switch|p2a: Sandslash|Sandslash-Alola, L88, M|275/275\n|-ability|p1a: Eternatus|Pressure\n|turn|1\n|inactive|Battle timer is ON: inactive players will automatically lose when time's up. (requested by Highster5)\n|\n|t:|1781454488\n|switch|p2a: Grumpig|Grumpig, L92, F|297/297\n|move|p1a: Eternatus|Meteor Beam||[still]\n|-prepare|p1a: Eternatus|Meteor Beam\n|-boost|p1a: Eternatus|spa|1\n|-enditem|p1a: Eternatus|Power Herb\n|-anim|p1a: Eternatus|Meteor Beam|p2a: Grumpig\n|-damage|p2a: Grumpig|203/297\n|\n|upkeep\n|turn|2\n|\n|t:|1781454495\n|move|p1a: Eternatus|Sludge Bomb|p2a: Grumpig\n|-damage|p2a: Grumpig|104/297\n|move|p2a: Grumpig|Psychic|p1a: Eternatus\n|-supereffective|p1a: Eternatus\n|-damage|p1a: Eternatus|0 fnt\n|faint|p1a: Eternatus\n|\n|upkeep\n|\n|t:|1781454506\n|switch|p1a: Cinccino|Cinccino, L83, M|260/260\n|turn|3\n|\n|t:|1781454513\n|switch|p2a: Skeledirge|Skeledirge, L79, F|294/294\n|move|p1a: Cinccino|Tail Slap|p2a: Skeledirge\n|-immune|p2a: Skeledirge\n|\n|upkeep\n|turn|4\n|\n|t:|1781454517\n|move|p1a: Cinccino|U-turn|p2a: Skeledirge\n|-resisted|p2a: Skeledirge\n|-damage|p2a: Skeledirge|282/294\n|\n|t:|1781454518\n|switch|p1a: Inteleon|Inteleon, L81, M|246/246|[from] U-turn\n|move|p2a: Skeledirge|Will-O-Wisp|p1a: Inteleon\n|-status|p1a: Inteleon|brn\n|\n|-damage|p1a: Inteleon|231/246 brn|[from] brn\n|upkeep\n|turn|5\n|\n|t:|1781454526\n|switch|p2a: Dipplin|Dipplin, L88, M|284/284\n|move|p1a: Inteleon|Hydro Pump|p2a: Dipplin|[miss]\n|-miss|p1a: Inteleon|p2a: Dipplin\n|\n|-damage|p1a: Inteleon|216/246 brn|[from] brn\n|upkeep\n|turn|6\n|\n|t:|1781454535\n|switch|p1a: Cinccino|Cinccino, L83, M|260/260\n|switch|p2a: Skeledirge|Skeledirge, L79, F|282/294\n|\n|upkeep\n|turn|7\n|\n|t:|1781454548\n|move|p1a: Cinccino|U-turn|p2a: Skeledirge\n|-resisted|p2a: Skeledirge\n|-damage|p2a: Skeledirge|272/294\n|\n|t:|1781454550\n|switch|p1a: Inteleon|Inteleon, L81, M|216/246 brn|[from] U-turn\n|move|p2a: Skeledirge|Hex|p1a: Inteleon\n|-damage|p1a: Inteleon|54/246 brn\n|\n|-damage|p1a: Inteleon|39/246 brn|[from] brn\n|upkeep\n|turn|8\n|\n|t:|1781454563\n|switch|p2a: Dipplin|Dipplin, L88, M|284/284\n|move|p1a: Inteleon|Hydro Pump|p2a: Dipplin\n|-resisted|p2a: Dipplin\n|-damage|p2a: Dipplin|236/284\n|\n|-damage|p1a: Inteleon|24/246 brn|[from] brn\n|upkeep\n|turn|9\n|\n|t:|1781454572\n|move|p1a: Inteleon|Hydro Pump|p2a: Dipplin\n|-resisted|p2a: Dipplin\n|-damage|p2a: Dipplin|188/284\n|move|p2a: Dipplin|Giga Drain|p1a: Inteleon\n|-supereffective|p1a: Inteleon\n|-damage|p1a: Inteleon|0 fnt\n|-heal|p2a: Dipplin|200/284|[from] drain|[of] p1a: Inteleon\n|faint|p1a: Inteleon\n|\n|upkeep\n|\n|t:|1781454582\n|switch|p1a: Greedent|Greedent, L86, M|347/347\n|turn|10\n|\n|t:|1781454594\n|switch|p2a: Persian|Persian-Alola, L86, M|252/252\n|move|p1a: Greedent|Swords Dance|p1a: Greedent\n|-boost|p1a: Greedent|atk|2\n|\n|upkeep\n|turn|11\n|\n|t:|1781454598\n|move|p2a: Persian|Foul Play|p1a: Greedent\n|-damage|p1a: Greedent|149/347\n|-enditem|p1a: Greedent|Sitrus Berry|[eat]\n|-heal|p1a: Greedent|235/347|[from] item: Sitrus Berry\n|-heal|p1a: Greedent|347/347|[from] ability: Cheek Pouch\n|move|p1a: Greedent|Double-Edge|p2a: Persian\n|-damage|p2a: Persian|89/252\n|-damage|p1a: Greedent|293/347|[from] Recoil\n|\n|upkeep\n|turn|12\n|\n|t:|1781454606\n|move|p2a: Persian|Parting Shot|p1a: Greedent\n|-unboost|p1a: Greedent|atk|1\n|-unboost|p1a: Greedent|spa|1\n|\n|t:|1781454608\n|switch|p2a: Skeledirge|Skeledirge, L79, F|272/294|[from] Parting Shot\n|move|p1a: Greedent|Double-Edge|p2a: Skeledirge\n|-immune|p2a: Skeledirge\n|\n|upkeep\n|turn|13\n|\n|t:|1781454613\n|move|p2a: Skeledirge|Will-O-Wisp|p1a: Greedent\n|-status|p1a: Greedent|brn\n|move|p1a: Greedent|Knock Off|p2a: Skeledirge\n|-supereffective|p2a: Skeledirge\n|-damage|p2a: Skeledirge|206/294\n|-enditem|p2a: Skeledirge|Heavy-Duty Boots|[from] move: Knock Off|[of] p1a: Greedent\n|\n|-damage|p1a: Greedent|272/347 brn|[from] brn\n|upkeep\n|turn|14\n|\n|t:|1781454619\n|move|p2a: Skeledirge|Torch Song|p1a: Greedent\n|-damage|p1a: Greedent|173/347 brn\n|-boost|p2a: Skeledirge|spa|1\n|move|p1a: Greedent|Earthquake|p2a: Skeledirge\n|-supereffective|p2a: Skeledirge\n|-damage|p2a: Skeledirge|133/294\n|\n|-damage|p1a: Greedent|152/347 brn|[from] brn\n|upkeep\n|turn|15\n|\n|t:|1781454625\n|move|p2a: Skeledirge|Slack Off|p2a: Skeledirge\n|-heal|p2a: Skeledirge|280/294\n|move|p1a: Greedent|Earthquake|p2a: Skeledirge\n|-supereffective|p2a: Skeledirge\n|-damage|p2a: Skeledirge|204/294\n|\n|-damage|p1a: Greedent|131/347 brn|[from] brn\n|upkeep\n|turn|16\n|\n|t:|1781454632\n|move|p2a: Skeledirge|Torch Song|p1a: Greedent\n|-damage|p1a: Greedent|0 fnt\n|-boost|p2a: Skeledirge|spa|1\n|faint|p1a: Greedent\n|\n|upkeep\n|\n|t:|1781454634\n|switch|p1a: Cloyster|Cloyster, L80, M|211/211\n|turn|17\n|\n|t:|1781454644\n|-terastallize|p1a: Cloyster|Rock\n|move|p1a: Cloyster|Rock Blast|p2a: Skeledirge\n|-supereffective|p2a: Skeledirge\n|-damage|p2a: Skeledirge|156/294\n|-supereffective|p2a: Skeledirge\n|-damage|p2a: Skeledirge|108/294\n|-supereffective|p2a: Skeledirge\n|-damage|p2a: Skeledirge|64/294\n|-supereffective|p2a: Skeledirge\n|-damage|p2a: Skeledirge|16/294\n|-supereffective|p2a: Skeledirge\n|-damage|p2a: Skeledirge|0 fnt\n|faint|p2a: Skeledirge\n|-hitcount|p2: Skeledirge|5\n|\n|upkeep\n|\n|t:|1781454651\n|switch|p2a: Grumpig|Grumpig, L92, F|104/297\n|turn|18\n|\n|t:|1781454656\n|switch|p1a: Iron Moth|Iron Moth, L78|253/253\n|move|p2a: Grumpig|Earth Power|p1a: Iron Moth\n|-supereffective|p1a: Iron Moth\n|-damage|p1a: Iron Moth|0 fnt\n|faint|p1a: Iron Moth\n|-end|p1a: Iron Moth|Quark Drive|[silent]\n|\n|upkeep\n|\n|t:|1781454658\n|switch|p1a: Cinccino|Cinccino, L83, M|260/260\n|turn|19\n|\n|t:|1781454664\n|switch|p2a: Sandslash|Sandslash-Alola, L88, M|275/275\n|move|p1a: Cinccino|U-turn|p2a: Sandslash\n|-resisted|p2a: Sandslash\n|-damage|p2a: Sandslash|257/275\n|\n|t:|1781454665\n|switch|p1a: Cloyster|Cloyster, L80, M, tera:Rock|211/211|[from] U-turn\n|\n|-heal|p2a: Sandslash|274/275|[from] item: Leftovers\n|upkeep\n|turn|20\n|\n|t:|1781454674\n|move|p2a: Sandslash|Earthquake|p1a: Cloyster\n|-supereffective|p1a: Cloyster\n|-damage|p1a: Cloyster|123/211\n|move|p1a: Cloyster|Shell Smash|p1a: Cloyster\n|-unboost|p1a: Cloyster|def|1\n|-unboost|p1a: Cloyster|spd|1\n|-boost|p1a: Cloyster|atk|2\n|-boost|p1a: Cloyster|spa|2\n|-boost|p1a: Cloyster|spe|2\n|-enditem|p1a: Cloyster|White Herb\n|-clearnegativeboost|p1a: Cloyster|[silent]\n|\n|-heal|p2a: Sandslash|275/275|[from] item: Leftovers\n|upkeep\n|turn|21\n|\n|t:|1781454689\n|move|p1a: Cloyster|Hydro Pump|p2a: Sandslash\n|-damage|p2a: Sandslash|49/275\n|move|p2a: Sandslash|Earthquake|p1a: Cloyster\n|-supereffective|p1a: Cloyster\n|-damage|p1a: Cloyster|25/211\n|\n|-heal|p2a: Sandslash|66/275|[from] item: Leftovers\n|upkeep\n|turn|22\n|\n|t:|1781454701\n|switch|p2a: Grumpig|Grumpig, L92, F|104/297\n|move|p1a: Cloyster|Rock Blast|p2a: Grumpig\n|-damage|p2a: Grumpig|47/297\n|-damage|p2a: Grumpig|0 fnt\n|faint|p2a: Grumpig\n|-hitcount|p2: Grumpig|2\n|\n|upkeep\n|\n|t:|1781454709\n|switch|p2a: Dipplin|Dipplin, L88, M|200/284\n|turn|23\n|inactive|Highster5 has 120 seconds left.\n|\n|t:|1781454751\n|-terastallize|p2a: Dipplin|Steel\n|move|p2a: Dipplin|Sucker Punch|p1a: Cloyster\n|-damage|p1a: Cloyster|0 fnt\n|faint|p1a: Cloyster\n|\n|upkeep\n|\n|t:|1781454756\n|switch|p1a: Cinccino|Cinccino, L83, M|260/260\n|turn|24\n|-message|boomby2 forfeited.\n|\n|win|Highster5\n", "uploadtime": 1781454471, "views": 6, "formatid": "gen9randombattle", "rating": null, "private": 0, "password": null}