{"id": "gen9randombattle-2631707038", "format": "[Gen 9] Random Battle", "players": ["paulglazerdp", "Atunss"], "log": "|j|\u2606paulglazerdp\n|j|\u2606Atunss\n|t:|1781425712\n|gametype|singles\n|player|p1|paulglazerdp|102|1299\n|player|p2|Atunss|elesa|1254\n|gen|9\n|tier|[Gen 9] Random Battle\n|rated|\n|rule|Species Clause: Limit one of each Pok\u00e9mon\n|rule|HP Percentage Mod: HP is shown in percentages\n|rule|Sleep Clause Mod: Limit one foe put to sleep\n|rule|Illusion Level Mod: Illusion disguises the Pok\u00e9mon's true level\n|\n|t:|1781425712\n|teamsize|p1|6\n|teamsize|p2|6\n|start\n|switch|p1a: Swampert|Swampert, L83, M|302/302\n|switch|p2a: Lilligant|Lilligant-Hisui, L79, F|240/240\n|turn|1\n|\n|t:|1781425737\n|move|p2a: Lilligant|Leaf Blade|p1a: Swampert\n|-supereffective|p1a: Swampert\n|-crit|p1a: Swampert\n|-damage|p1a: Swampert|0 fnt\n|faint|p1a: Swampert\n|\n|upkeep\n|\n|t:|1781425744\n|switch|p1a: Thundurus|Thundurus, L80, M|258/258\n|turn|2\n|\n|t:|1781425777\n|switch|p2a: Eternatus|Eternatus, L69|308/308\n|-ability|p2a: Eternatus|Pressure\n|move|p1a: Thundurus|Nasty Plot|p1a: Thundurus\n|-boost|p1a: Thundurus|spa|2\n|\n|upkeep\n|turn|3\n|inactive|Battle timer is ON: inactive players will automatically lose when time's up. (requested by paulglazerdp)\n|\n|t:|1781425860\n|-terastallize|p1a: Thundurus|Flying\n|move|p1a: Thundurus|Nasty Plot|p1a: Thundurus\n|-boost|p1a: Thundurus|spa|2\n|move|p2a: Eternatus|Dynamax Cannon|p1a: Thundurus\n|-damage|p1a: Thundurus|147/258\n|\n|upkeep\n|turn|4\n|\n|t:|1781425867\n|switch|p2a: Quagsire|Quagsire, L84, F|297/297\n|move|p1a: Thundurus|Tera Blast|p2a: Quagsire|[anim] Tera Blast Flying\n|-damage|p2a: Quagsire|147/297\n|\n|-heal|p2a: Quagsire|165/297|[from] item: Leftovers\n|upkeep\n|turn|5\n|\n|t:|1781425874\n|move|p1a: Thundurus|Focus Blast|p2a: Quagsire|[miss]\n|-miss|p1a: Thundurus|p2a: Quagsire\n|move|p2a: Quagsire|Toxic|p1a: Thundurus|[miss]\n|-miss|p2a: Quagsire|p1a: Thundurus\n|\n|-heal|p2a: Quagsire|183/297|[from] item: Leftovers\n|upkeep\n|turn|6\n|\n|t:|1781425880\n|move|p1a: Thundurus|Focus Blast|p2a: Quagsire\n|-crit|p2a: Quagsire\n|-damage|p2a: Quagsire|0 fnt\n|faint|p2a: Quagsire\n|\n|upkeep\n|\n|t:|1781425889\n|switch|p2a: Metagross|Metagross, L79|256/256\n|turn|7\n|\n|t:|1781425894\n|move|p1a: Thundurus|Thunderbolt|p2a: Metagross\n|-damage|p2a: Metagross|0 fnt\n|faint|p2a: Metagross\n|\n|upkeep\n|\n|t:|1781425901\n|switch|p2a: Ogerpon|Ogerpon, L80, F|259/259\n|turn|8\n|inactive|Atunss has 120 seconds left.\n|\n|t:|1781425934\n|switch|p2a: Overqwil|Overqwil, L82, F|274/274\n|-ability|p2a: Overqwil|Intimidate|boost\n|-unboost|p1a: Thundurus|atk|1\n|-ability|p1a: Thundurus|Defiant|boost\n|-boost|p1a: Thundurus|atk|2\n|move|p1a: Thundurus|Tera Blast|p2a: Overqwil|[anim] Tera Blast Flying\n|-damage|p2a: Overqwil|0 fnt\n|faint|p2a: Overqwil\n|\n|upkeep\n|\n|t:|1781425937\n|switch|p2a: Eternatus|Eternatus, L69|308/308\n|-ability|p2a: Eternatus|Pressure\n|turn|9\n|\n|t:|1781425947\n|move|p1a: Thundurus|Tera Blast|p2a: Eternatus|[anim] Tera Blast Flying\n|-damage|p2a: Eternatus|0 fnt\n|faint|p2a: Eternatus\n|\n|upkeep\n|\n|t:|1781425951\n|switch|p2a: Ogerpon|Ogerpon, L80, F|259/259\n|turn|10\n|\n|t:|1781425954\n|move|p1a: Thundurus|Tera Blast|p2a: Ogerpon|[anim] Tera Blast Flying\n|-supereffective|p2a: Ogerpon\n|-crit|p2a: Ogerpon\n|-damage|p2a: Ogerpon|0 fnt\n|faint|p2a: Ogerpon\n|\n|upkeep\n|\n|t:|1781425957\n|switch|p2a: Lilligant|Lilligant-Hisui, L79, F|240/240\n|turn|11\n|c|\u2606paulglazerdp|holy sweep\n|c|\u2606paulglazerdp|dont waste time pal\n|inactive|Atunss has 120 seconds left.\n|c|\u2606paulglazerdp|just end it\n|\n|t:|1781426005\n|-terastallize|p2a: Lilligant|Steel\n|move|p1a: Thundurus|Tera Blast|p2a: Lilligant|[anim] Tera Blast Flying\n|-resisted|p2a: Lilligant\n|-damage|p2a: Lilligant|9/240\n|move|p2a: Lilligant|Victory Dance|p2a: Lilligant\n|-boost|p2a: Lilligant|atk|1\n|-boost|p2a: Lilligant|def|1\n|-boost|p2a: Lilligant|spe|1\n|\n|upkeep\n|turn|12\n|\n|t:|1781426014\n|move|p2a: Lilligant|Close Combat|p1a: Thundurus\n|-resisted|p1a: Thundurus\n|-damage|p1a: Thundurus|0 fnt\n|-unboost|p2a: Lilligant|def|1\n|-unboost|p2a: Lilligant|spd|1\n|faint|p1a: Thundurus\n|\n|upkeep\n|\n|t:|1781426028\n|switch|p1a: Azelf|Azelf, L82|257/257\n|turn|13\n|inactive|Atunss has 120 seconds left.\n|inactive|Atunss has 90 seconds left.\n|inactive|Atunss has 60 seconds left.\n|\n|t:|1781426103\n|move|p2a: Lilligant|Sleep Powder|p1a: Azelf\n|-status|p1a: Azelf|slp|[from] move: Sleep Powder\n|cant|p1a: Azelf|slp\n|\n|upkeep\n|turn|14\n|inactive|Atunss has 60 seconds left.\n|c|\u2606paulglazerdp|ts guy bro\n|\n|t:|1781426115\n|switch|p1a: Forretress|Forretress, L84, M|263/263\n|move|p2a: Lilligant|Leaf Blade|p1a: Forretress\n|-resisted|p1a: Forretress\n|-crit|p1a: Forretress\n|-damage|p1a: Forretress|212/263\n|\n|-heal|p1a: Forretress|228/263|[from] item: Leftovers\n|upkeep\n|turn|15\n|inactive|Atunss has 60 seconds left.\n|\n|t:|1781426142\n|move|p2a: Lilligant|Close Combat|p1a: Forretress|[miss]\n|-miss|p2a: Lilligant|p1a: Forretress\n|move|p1a: Forretress|Body Press|p2a: Lilligant\n|-supereffective|p2a: Lilligant\n|-damage|p2a: Lilligant|0 fnt\n|faint|p2a: Lilligant\n|\n|win|paulglazerdp\n|raw|paulglazerdp's rating: 1299 &rarr; <strong>1321</strong><br />(+22 for winning)\n|raw|Atunss's rating: 1254 &rarr; <strong>1232</strong><br />(-22 for losing)\n|c|\u2606paulglazerdp|WHEYYYYYYY\n|c|\u2606paulglazerdp|GET IN\n", "uploadtime": 1781426158, "views": 3, "formatid": "gen9randombattle", "rating": 1232, "private": 0, "password": null}