{"id": "gen9randombattle-2631376356", "format": "[Gen 9] Random Battle", "players": ["BombiZomba", "ghdjfuxgb"], "log": "|j|\u2606BombiZomba\n|j|\u2606ghdjfuxgb\n|t:|1781377357\n|gametype|singles\n|player|p1|BombiZomba|drayden|1068\n|player|p2|ghdjfuxgb|266|1064\n|gen|9\n|tier|[Gen 9] Random Battle\n|rated|\n|rule|Species Clause: Limit one of each Pok\u00e9mon\n|rule|HP Percentage Mod: HP is shown in percentages\n|rule|Sleep Clause Mod: Limit one foe put to sleep\n|rule|Illusion Level Mod: Illusion disguises the Pok\u00e9mon's true level\n|\n|t:|1781377357\n|teamsize|p1|6\n|teamsize|p2|6\n|start\n|switch|p1a: Gothitelle|Gothitelle, L90, F|272/272\n|switch|p2a: Gothitelle|Gothitelle, L90, F|272/272\n|turn|1\n|\n|t:|1781377376\n|move|p1a: Gothitelle|Dark Pulse|p2a: Gothitelle\n|-supereffective|p2a: Gothitelle\n|-damage|p2a: Gothitelle|160/272\n|move|p2a: Gothitelle|Dark Pulse|p1a: Gothitelle\n|-supereffective|p1a: Gothitelle\n|-damage|p1a: Gothitelle|164/272\n|\n|-heal|p2a: Gothitelle|177/272|[from] item: Leftovers\n|upkeep\n|turn|2\n|\n|t:|1781377386\n|move|p1a: Gothitelle|Dark Pulse|p2a: Gothitelle\n|-supereffective|p2a: Gothitelle\n|-damage|p2a: Gothitelle|71/272\n|move|p2a: Gothitelle|Dark Pulse|p1a: Gothitelle\n|-supereffective|p1a: Gothitelle\n|-damage|p1a: Gothitelle|68/272\n|\n|-heal|p2a: Gothitelle|88/272|[from] item: Leftovers\n|upkeep\n|turn|3\n|\n|t:|1781377395\n|move|p1a: Gothitelle|Dark Pulse|p2a: Gothitelle\n|-supereffective|p2a: Gothitelle\n|-damage|p2a: Gothitelle|0 fnt\n|faint|p2a: Gothitelle\n|\n|upkeep\n|\n|t:|1781377403\n|switch|p2a: Dachsbun|Dachsbun, L92, F|254/254\n|turn|4\n|\n|t:|1781377415\n|switch|p1a: Kommo-o|Kommo-o, L78, M|245/245\n|move|p2a: Dachsbun|Body Press|p1a: Kommo-o\n|-damage|p1a: Kommo-o|186/245\n|\n|upkeep\n|turn|5\n|\n|t:|1781377423\n|move|p2a: Dachsbun|Play Rough|p1a: Kommo-o\n|-supereffective|p1a: Kommo-o\n|-damage|p1a: Kommo-o|0 fnt\n|faint|p1a: Kommo-o\n|\n|upkeep\n|\n|t:|1781377434\n|switch|p1a: Cobalion|Cobalion, L80|277/277\n|turn|6\n|\n|t:|1781377439\n|move|p2a: Dachsbun|Body Press|p1a: Cobalion\n|-supereffective|p1a: Cobalion\n|-damage|p1a: Cobalion|151/277\n|move|p1a: Cobalion|Flash Cannon|p2a: Dachsbun\n|-supereffective|p2a: Dachsbun\n|-crit|p2a: Dachsbun\n|-damage|p2a: Dachsbun|36/254\n|\n|-heal|p2a: Dachsbun|51/254|[from] item: Leftovers\n|-heal|p1a: Cobalion|168/277|[from] item: Leftovers\n|upkeep\n|turn|7\n|\n|t:|1781377449\n|move|p2a: Dachsbun|Body Press|p1a: Cobalion\n|-supereffective|p1a: Cobalion\n|-damage|p1a: Cobalion|44/277\n|move|p1a: Cobalion|Flash Cannon|p2a: Dachsbun\n|-supereffective|p2a: Dachsbun\n|-crit|p2a: Dachsbun\n|-damage|p2a: Dachsbun|0 fnt\n|faint|p2a: Dachsbun\n|\n|-heal|p1a: Cobalion|61/277|[from] item: Leftovers\n|upkeep\n|\n|t:|1781377455\n|switch|p2a: Solgaleo|Solgaleo, L74|325/325\n|turn|8\n|\n|t:|1781377478\n|move|p1a: Cobalion|Flash Cannon|p2a: Solgaleo\n|-resisted|p2a: Solgaleo\n|-damage|p2a: Solgaleo|286/325\n|move|p2a: Solgaleo|Psychic Fangs|p1a: Cobalion\n|-damage|p1a: Cobalion|0 fnt\n|faint|p1a: Cobalion\n|\n|upkeep\n|\n|t:|1781377487\n|switch|p1a: Magmortar|Magmortar, L88, F|275/275\n|turn|9\n|\n|t:|1781377507\n|switch|p2a: Kyurem|Kyurem, L77|319/319\n|-ability|p2a: Kyurem|Pressure\n|move|p1a: Magmortar|Fire Blast|p2a: Kyurem\n|-damage|p2a: Kyurem|163/319\n|\n|upkeep\n|turn|10\n|\n|t:|1781377521\n|move|p1a: Magmortar|Focus Blast|p2a: Kyurem\n|-supereffective|p2a: Kyurem\n|-crit|p2a: Kyurem\n|-damage|p2a: Kyurem|0 fnt\n|faint|p2a: Kyurem\n|\n|upkeep\n|\n|t:|1781377523\n|switch|p2a: Drednaw|Drednaw, L81, F|278/278\n|turn|11\n|\n|t:|1781377530\n|move|p1a: Magmortar|Thunderbolt|p2a: Drednaw\n|-supereffective|p2a: Drednaw\n|-damage|p2a: Drednaw|54/278\n|move|p2a: Drednaw|Shell Smash|p2a: Drednaw\n|-unboost|p2a: Drednaw|def|1\n|-unboost|p2a: Drednaw|spd|1\n|-boost|p2a: Drednaw|atk|2\n|-boost|p2a: Drednaw|spa|2\n|-boost|p2a: Drednaw|spe|2\n|-enditem|p2a: Drednaw|White Herb\n|-clearnegativeboost|p2a: Drednaw|[silent]\n|\n|upkeep\n|turn|12\n|\n|t:|1781377541\n|move|p2a: Drednaw|Liquidation|p1a: Magmortar\n|-supereffective|p1a: Magmortar\n|-damage|p1a: Magmortar|0 fnt\n|faint|p1a: Magmortar\n|\n|upkeep\n|\n|t:|1781377552\n|switch|p1a: Gothitelle|Gothitelle, L90, F|68/272\n|turn|13\n|\n|t:|1781377558\n|move|p2a: Drednaw|Liquidation|p1a: Gothitelle\n|-damage|p1a: Gothitelle|0 fnt\n|faint|p1a: Gothitelle\n|\n|upkeep\n|\n|t:|1781377565\n|switch|p1a: Cyclizar|Cyclizar, L83, F|252/252\n|turn|14\n|\n|t:|1781377573\n|move|p2a: Drednaw|Stone Edge|p1a: Cyclizar|[miss]\n|-miss|p2a: Drednaw|p1a: Cyclizar\n|move|p1a: Cyclizar|Draco Meteor|p2a: Drednaw\n|-damage|p2a: Drednaw|0 fnt\n|-unboost|p1a: Cyclizar|spa|2\n|faint|p2a: Drednaw\n|\n|upkeep\n|\n|t:|1781377577\n|switch|p2a: Perrserker|Perrserker, L89, M|269/269\n|turn|15\n|\n|t:|1781377586\n|move|p1a: Cyclizar|Draco Meteor|p2a: Perrserker\n|-resisted|p2a: Perrserker\n|-damage|p2a: Perrserker|230/269\n|-unboost|p1a: Cyclizar|spa|2\n|move|p2a: Perrserker|Close Combat|p1a: Cyclizar\n|-supereffective|p1a: Cyclizar\n|-damage|p1a: Cyclizar|0 fnt\n|-unboost|p2a: Perrserker|def|1\n|-unboost|p2a: Perrserker|spd|1\n|faint|p1a: Cyclizar\n|\n|upkeep\n|\n|t:|1781377598\n|switch|p1a: Delphox|Delphox, L84, F|263/263\n|turn|16\n|\n|t:|1781377609\n|switch|p2a: Solgaleo|Solgaleo, L74|286/325\n|move|p1a: Delphox|Fire Blast|p2a: Solgaleo\n|-supereffective|p2a: Solgaleo\n|-damage|p2a: Solgaleo|10/325\n|-status|p2a: Solgaleo|brn\n|\n|-damage|p2a: Solgaleo|0 fnt|[from] brn\n|faint|p2a: Solgaleo\n|upkeep\n|\n|t:|1781377610\n|switch|p2a: Perrserker|Perrserker, L89, M|230/269\n|turn|17\n|\n|t:|1781377622\n|-terastallize|p2a: Perrserker|Fighting\n|move|p1a: Delphox|Fire Blast|p2a: Perrserker\n|-crit|p2a: Perrserker\n|-damage|p2a: Perrserker|0 fnt\n|faint|p2a: Perrserker\n|\n|win|BombiZomba\n|raw|BombiZomba's rating: 1068 &rarr; <strong>1097</strong><br />(+29 for winning)\n|raw|ghdjfuxgb's rating: 1064 &rarr; <strong>1045</strong><br />(-19 for losing)\n|l|\u2606ghdjfuxgb\n|player|p2|\n", "uploadtime": 1781377647, "views": 6, "formatid": "gen9randombattle", "rating": 1045, "private": 0, "password": null}