{"id": "gen9randombattle-2631988225", "format": "[Gen 9] Random Battle", "players": ["ZamaBinLadan", "RidleyAlex"], "log": "|j|\u2606ZamaBinLadan\n|j|\u2606RidleyAlex\n|t:|1781463184\n|gametype|singles\n|player|p1|ZamaBinLadan|265|1946\n|player|p2|RidleyAlex|zinnia|2008\n|gen|9\n|tier|[Gen 9] Random Battle\n|rated|\n|rule|Species Clause: Limit one of each Pok\u00e9mon\n|rule|HP Percentage Mod: HP is shown in percentages\n|rule|Sleep Clause Mod: Limit one foe put to sleep\n|rule|Illusion Level Mod: Illusion disguises the Pok\u00e9mon's true level\n|\n|t:|1781463184\n|teamsize|p1|6\n|teamsize|p2|6\n|start\n|switch|p1a: Duraludon|Duraludon, L82, F|249/249\n|switch|p2a: Tropius|Tropius, L91, M|219/219\n|turn|1\n|inactive|Battle timer is ON: inactive players will automatically lose when time's up. (requested by ZamaBinLadan)\n|\n|t:|1781463208\n|move|p2a: Tropius|Focus Blast|p1a: Duraludon\n|-supereffective|p1a: Duraludon\n|-damage|p1a: Duraludon|0 fnt\n|faint|p1a: Duraludon\n|-damage|p2a: Tropius|198/219|[from] item: Life Orb\n|\n|upkeep\n|\n|t:|1781463232\n|switch|p1a: Porygon2|Porygon2, L81|270/270\n|-ability|p1a: Porygon2|Download|boost\n|-boost|p1a: Porygon2|spa|1\n|turn|2\n|\n|t:|1781463246\n|switch|p2a: Pachirisu|Pachirisu, L96, M|271/271\n|move|p1a: Porygon2|Shadow Ball|p2a: Pachirisu\n|-damage|p2a: Pachirisu|200/271\n|\n|upkeep\n|turn|3\n|\n|t:|1781463257\n|switch|p1a: Galvantula|Galvantula, L82, F|249/249\n|move|p2a: Pachirisu|Super Fang|p1a: Galvantula|[miss]\n|-miss|p2a: Pachirisu|p1a: Galvantula\n|\n|upkeep\n|turn|4\n|\n|t:|1781463266\n|move|p2a: Pachirisu|Super Fang|p1a: Galvantula|[miss]\n|-miss|p2a: Pachirisu|p1a: Galvantula\n|move|p1a: Galvantula|Sticky Web|p2a: Pachirisu\n|-sidestart|p2: RidleyAlex|move: Sticky Web\n|\n|upkeep\n|turn|5\n|\n|t:|1781463271\n|move|p2a: Pachirisu|Encore|p1a: Galvantula\n|-start|p1a: Galvantula|Encore\n|move|p1a: Galvantula|Sticky Web||[still]\n|-fail|p1a: Galvantula\n|\n|upkeep\n|turn|6\n|\n|t:|1781463274\n|move|p2a: Pachirisu|Super Fang|p1a: Galvantula\n|-damage|p1a: Galvantula|125/249\n|move|p1a: Galvantula|Sticky Web||[still]\n|-fail|p1a: Galvantula\n|\n|upkeep\n|turn|7\n|\n|t:|1781463278\n|move|p2a: Pachirisu|Discharge|p1a: Galvantula\n|-resisted|p1a: Galvantula\n|-damage|p1a: Galvantula|84/249\n|move|p1a: Galvantula|Sticky Web||[still]\n|-fail|p1a: Galvantula\n|\n|-end|p1a: Galvantula|Encore\n|upkeep\n|turn|8\n|\n|t:|1781463282\n|switch|p1a: Mudsdale|Mudsdale, L83, F|302/302\n|move|p2a: Pachirisu|Encore||[still]\n|-fail|p2a: Pachirisu\n|\n|upkeep\n|turn|9\n|\n|t:|1781463287\n|switch|p2a: Tropius|Tropius, L91, M|328/328\n|move|p1a: Mudsdale|Earthquake|p2a: Tropius\n|-immune|p2a: Tropius\n|\n|upkeep\n|turn|10\n|\n|t:|1781463297\n|move|p2a: Tropius|Leech Seed|p1a: Mudsdale\n|-start|p1a: Mudsdale|move: Leech Seed\n|move|p1a: Mudsdale|Roar|p2a: Tropius\n|drag|p2a: Cloyster|Cloyster, L80, M|211/211\n|-activate|p2a: Cloyster|move: Sticky Web\n|-unboost|p2a: Cloyster|spe|1\n|-enditem|p2a: Cloyster|White Herb\n|-clearnegativeboost|p2a: Cloyster|[silent]\n|\n|-damage|p1a: Mudsdale|265/302|[from] Leech Seed|[of] p2a: Cloyster\n|upkeep\n|turn|11\n|\n|t:|1781463306\n|switch|p1a: Porygon2|Porygon2, L81|270/270\n|-ability|p1a: Porygon2|Download|boost\n|-boost|p1a: Porygon2|spa|1\n|move|p2a: Cloyster|Hydro Pump|p1a: Porygon2|[miss]\n|-miss|p2a: Cloyster|p1a: Porygon2\n|\n|upkeep\n|turn|12\n|\n|t:|1781463310\n|switch|p2a: Pachirisu|Pachirisu, L96, M|200/271\n|move|p1a: Porygon2|Thunder Wave|p2a: Pachirisu\n|-heal|p2a: Pachirisu|267/271|[from] ability: Volt Absorb|[of] p1a: Porygon2\n|\n|upkeep\n|turn|13\n|\n|t:|1781463317\n|switch|p1a: Galvantula|Galvantula, L82, F|84/249\n|move|p2a: Pachirisu|Super Fang|p1a: Galvantula\n|-damage|p1a: Galvantula|42/249\n|\n|upkeep\n|turn|14\n|\n|t:|1781463327\n|move|p2a: Pachirisu|Discharge|p1a: Galvantula\n|-resisted|p1a: Galvantula\n|-damage|p1a: Galvantula|0 fnt\n|faint|p1a: Galvantula\n|\n|upkeep\n|\n|t:|1781463340\n|switch|p1a: Mudsdale|Mudsdale, L83, F|265/302\n|turn|15\n|\n|t:|1781463343\n|switch|p2a: Tropius|Tropius, L91, M|328/328\n|move|p1a: Mudsdale|Stone Edge|p2a: Tropius\n|-supereffective|p2a: Tropius\n|-damage|p2a: Tropius|166/328\n|\n|-heal|p1a: Mudsdale|283/302|[from] item: Leftovers\n|upkeep\n|turn|16\n|\n|t:|1781463371\n|move|p2a: Tropius|Substitute|p2a: Tropius\n|-start|p2a: Tropius|Substitute\n|-damage|p2a: Tropius|84/328\n|-enditem|p2a: Tropius|Sitrus Berry|[eat]\n|-heal|p2a: Tropius|166/328|[from] item: Sitrus Berry\n|move|p1a: Mudsdale|Stone Edge|p2a: Tropius\n|-supereffective|p2a: Tropius\n|-end|p2a: Tropius|Substitute\n|\n|-heal|p1a: Mudsdale|301/302|[from] item: Leftovers\n|upkeep\n|turn|17\n|\n|t:|1781463375\n|move|p2a: Tropius|Protect|p2a: Tropius\n|-singleturn|p2a: Tropius|Protect\n|move|p1a: Mudsdale|Heavy Slam|p2a: Tropius\n|-activate|p2a: Tropius|move: Protect\n|\n|-heal|p1a: Mudsdale|302/302|[from] item: Leftovers\n|upkeep\n|turn|18\n|\n|t:|1781463384\n|move|p2a: Tropius|Leech Seed|p1a: Mudsdale\n|-start|p1a: Mudsdale|move: Leech Seed\n|move|p1a: Mudsdale|Heavy Slam|p2a: Tropius\n|-damage|p2a: Tropius|65/328\n|\n|-damage|p1a: Mudsdale|265/302|[from] Leech Seed|[of] p2a: Tropius\n|-heal|p2a: Tropius|102/328|[silent]\n|upkeep\n|turn|19\n|\n|t:|1781463391\n|move|p2a: Tropius|Protect|p2a: Tropius\n|-singleturn|p2a: Tropius|Protect\n|move|p1a: Mudsdale|Roar|p2a: Tropius\n|drag|p2a: Delphox|Delphox, L84, F|263/263\n|\n|-heal|p1a: Mudsdale|283/302|[from] item: Leftovers\n|-damage|p1a: Mudsdale|246/302|[from] Leech Seed|[of] p2a: Delphox\n|upkeep\n|turn|20\n|\n|t:|1781463407\n|move|p2a: Delphox|Grass Knot|p1a: Mudsdale\n|-supereffective|p1a: Mudsdale\n|-damage|p1a: Mudsdale|60/302\n|-ability|p1a: Mudsdale|Stamina|boost\n|-boost|p1a: Mudsdale|def|1\n|move|p1a: Mudsdale|Earthquake|p2a: Delphox\n|-supereffective|p2a: Delphox\n|-damage|p2a: Delphox|0 fnt\n|faint|p2a: Delphox\n|\n|-heal|p1a: Mudsdale|78/302|[from] item: Leftovers\n|upkeep\n|\n|t:|1781463427\n|switch|p2a: Tropius|Tropius, L91, M|102/328\n|turn|21\n|\n|t:|1781463430\n|switch|p1a: Salamence|Salamence, L77, M|273/273\n|-ability|p1a: Salamence|Intimidate|boost\n|-unboost|p2a: Tropius|atk|1\n|move|p2a: Tropius|Air Slash|p1a: Salamence\n|-damage|p1a: Salamence|182/273\n|\n|-item|p2a: Tropius|Sitrus Berry|[from] ability: Harvest\n|upkeep\n|-enditem|p2a: Tropius|Sitrus Berry|[eat]\n|-heal|p2a: Tropius|184/328|[from] item: Sitrus Berry\n|turn|22\n|\n|t:|1781463439\n|move|p1a: Salamence|Dragon Dance|p1a: Salamence\n|-boost|p1a: Salamence|atk|1\n|-boost|p1a: Salamence|spe|1\n|move|p2a: Tropius|Leech Seed|p1a: Salamence\n|-start|p1a: Salamence|move: Leech Seed\n|\n|-damage|p1a: Salamence|148/273|[from] Leech Seed|[of] p2a: Tropius\n|-heal|p2a: Tropius|218/328|[silent]\n|-item|p2a: Tropius|Sitrus Berry|[from] ability: Harvest\n|upkeep\n|turn|23\n|\n|t:|1781463458\n|switch|p2a: Pachirisu|Pachirisu, L96, M|267/271\n|move|p1a: Salamence|Dragon Dance|p1a: Salamence\n|-boost|p1a: Salamence|atk|1\n|-boost|p1a: Salamence|spe|1\n|\n|-damage|p1a: Salamence|114/273|[from] Leech Seed|[of] p2a: Pachirisu\n|-heal|p2a: Pachirisu|271/271|[silent]\n|upkeep\n|turn|24\n|\n|t:|1781463468\n|move|p1a: Salamence|Earthquake|p2a: Pachirisu\n|-supereffective|p2a: Pachirisu\n|-damage|p2a: Pachirisu|0 fnt\n|faint|p2a: Pachirisu\n|\n|upkeep\n|\n|t:|1781463474\n|switch|p2a: Tropius|Tropius, L91, M|218/328\n|turn|25\n|\n|t:|1781463480\n|move|p2a: Tropius|Protect|p2a: Tropius\n|-singleturn|p2a: Tropius|Protect\n|move|p1a: Salamence|Dual Wingbeat|p2a: Tropius\n|-activate|p2a: Tropius|move: Protect\n|\n|-damage|p1a: Salamence|80/273|[from] Leech Seed|[of] p2a: Tropius\n|-heal|p2a: Tropius|252/328|[silent]\n|upkeep\n|turn|26\n|\n|t:|1781463485\n|-terastallize|p2a: Tropius|Steel\n|move|p1a: Salamence|Earthquake|p2a: Tropius\n|-supereffective|p2a: Tropius\n|-damage|p2a: Tropius|0 fnt\n|faint|p2a: Tropius\n|\n|upkeep\n|\n|t:|1781463493\n|switch|p2a: Cloyster|Cloyster, L80, M|211/211\n|-activate|p2a: Cloyster|move: Sticky Web\n|-unboost|p2a: Cloyster|spe|1\n|turn|27\n|\n|t:|1781463497\n|move|p1a: Salamence|Outrage|p2a: Cloyster\n|-damage|p2a: Cloyster|52/211\n|move|p2a: Cloyster|Icicle Spear|p1a: Salamence\n|-supereffective|p1a: Salamence\n|-damage|p1a: Salamence|0 fnt\n|faint|p1a: Salamence\n|-hitcount|p1: Salamence|1\n|\n|upkeep\n|\n|t:|1781463504\n|switch|p1a: Cobalion|Cobalion, L80|277/277\n|turn|28\n|\n|t:|1781463515\n|move|p1a: Cobalion|Body Press|p2a: Cloyster\n|-supereffective|p2a: Cloyster\n|-damage|p2a: Cloyster|0 fnt\n|faint|p2a: Cloyster\n|\n|upkeep\n|\n|t:|1781463522\n|switch|p2a: Raikou|Raikou, L81|198/219\n|-activate|p2a: Raikou|move: Sticky Web\n|-unboost|p2a: Raikou|spe|1\n|turn|29\n|\n|t:|1781463531\n|move|p1a: Cobalion|Body Press|p2a: Raikou\n|-immune|p2a: Raikou\n|move|p2a: Raikou|Will-O-Wisp|p1a: Cobalion\n|-status|p1a: Cobalion|brn\n|\n|-damage|p1a: Cobalion|260/277 brn|[from] brn\n|upkeep\n|turn|30\n|\n|t:|1781463538\n|move|p1a: Cobalion|Thunder Wave|p2a: Raikou\n|-status|p2a: Raikou|par\n|move|p2a: Raikou|Focus Blast|p1a: Cobalion\n|-supereffective|p1a: Cobalion\n|-damage|p1a: Cobalion|0 fnt\n|faint|p1a: Cobalion\n|-damage|p2a: Raikou|177/219 par|[from] item: Life Orb\n|\n|upkeep\n|\n|t:|1781463544\n|switch|p1a: Porygon2|Porygon2, L81|270/270\n|-ability|p1a: Porygon2|Download|boost\n|-boost|p1a: Porygon2|spa|1\n|turn|31\n|\n|t:|1781463556\n|-terastallize|p1a: Porygon2|Fairy\n|move|p1a: Porygon2|Shadow Ball|p2a: Raikou\n|-immune|p2a: Raikou\n|move|p2a: Raikou|Focus Blast|p1a: Porygon2\n|-resisted|p1a: Porygon2\n|-damage|p1a: Porygon2|231/270\n|-damage|p2a: Raikou|156/219 par|[from] item: Life Orb\n|\n|upkeep\n|turn|32\n|\n|t:|1781463562\n|move|p1a: Porygon2|Tera Blast|p2a: Raikou|[anim] Tera Blast Fairy\n|-damage|p2a: Raikou|0 fnt\n|replace|p2a: Zoroark|Zoroark-Hisui, L80, F\n|-end|p2a: Zoroark|Illusion\n|-hint|Illusion Level Mod is active, so this Pok\u00e9mon's true level was hidden.\n|faint|p2a: Zoroark\n|\n|upkeep\n|\n|t:|1781463565\n|switch|p2a: Raikou|Raikou, L81|278/278\n|-activate|p2a: Raikou|move: Sticky Web\n|-unboost|p2a: Raikou|spe|1\n|-ability|p2a: Raikou|Pressure\n|turn|33\n|\n|t:|1781463568\n|move|p2a: Raikou|Calm Mind|p2a: Raikou\n|-boost|p2a: Raikou|spa|1\n|-boost|p2a: Raikou|spd|1\n|move|p1a: Porygon2|Tera Blast|p2a: Raikou|[anim] Tera Blast Fairy\n|-damage|p2a: Raikou|199/278\n|\n|-heal|p2a: Raikou|216/278|[from] item: Leftovers\n|upkeep\n|turn|34\n|\n|t:|1781463574\n|move|p2a: Raikou|Calm Mind|p2a: Raikou\n|-boost|p2a: Raikou|spa|1\n|-boost|p2a: Raikou|spd|1\n|move|p1a: Porygon2|Tera Blast|p2a: Raikou|[anim] Tera Blast Fairy\n|-damage|p2a: Raikou|156/278\n|\n|-heal|p2a: Raikou|173/278|[from] item: Leftovers\n|upkeep\n|turn|35\n|\n|t:|1781463577\n|move|p2a: Raikou|Substitute|p2a: Raikou\n|-start|p2a: Raikou|Substitute\n|-damage|p2a: Raikou|104/278\n|move|p1a: Porygon2|Tera Blast|p2a: Raikou|[anim] Tera Blast Fairy\n|-activate|p2a: Raikou|move: Substitute|[damage]\n|\n|-heal|p2a: Raikou|121/278|[from] item: Leftovers\n|upkeep\n|turn|36\n|\n|t:|1781463581\n|move|p2a: Raikou|Calm Mind|p2a: Raikou\n|-boost|p2a: Raikou|spa|1\n|-boost|p2a: Raikou|spd|1\n|move|p1a: Porygon2|Tera Blast|p2a: Raikou|[anim] Tera Blast Fairy\n|-end|p2a: Raikou|Substitute\n|\n|-heal|p2a: Raikou|138/278|[from] item: Leftovers\n|upkeep\n|turn|37\n|\n|t:|1781463584\n|move|p2a: Raikou|Substitute|p2a: Raikou\n|-start|p2a: Raikou|Substitute\n|-damage|p2a: Raikou|69/278\n|move|p1a: Porygon2|Tera Blast|p2a: Raikou|[anim] Tera Blast Fairy\n|-activate|p2a: Raikou|move: Substitute|[damage]\n|\n|-heal|p2a: Raikou|86/278|[from] item: Leftovers\n|upkeep\n|turn|38\n|\n|t:|1781463587\n|move|p2a: Raikou|Thunderbolt|p1a: Porygon2\n|-damage|p1a: Porygon2|72/270\n|move|p1a: Porygon2|Tera Blast|p2a: Raikou|[anim] Tera Blast Fairy\n|-end|p2a: Raikou|Substitute\n|\n|-heal|p2a: Raikou|103/278|[from] item: Leftovers\n|upkeep\n|turn|39\n|\n|t:|1781463591\n|move|p2a: Raikou|Substitute|p2a: Raikou\n|-start|p2a: Raikou|Substitute\n|-damage|p2a: Raikou|34/278\n|move|p1a: Porygon2|Tera Blast|p2a: Raikou|[anim] Tera Blast Fairy\n|-activate|p2a: Raikou|move: Substitute|[damage]\n|\n|-heal|p2a: Raikou|51/278|[from] item: Leftovers\n|upkeep\n|turn|40\n|\n|t:|1781463593\n|move|p2a: Raikou|Thunderbolt|p1a: Porygon2\n|-damage|p1a: Porygon2|0 fnt\n|faint|p1a: Porygon2\n|\n|-heal|p2a: Raikou|68/278|[from] item: Leftovers\n|upkeep\n|\n|t:|1781463596\n|switch|p1a: Mudsdale|Mudsdale, L83, F|78/302\n|turn|41\n|\n|t:|1781463598\n|move|p2a: Raikou|Scald|p1a: Mudsdale\n|-supereffective|p1a: Mudsdale\n|-damage|p1a: Mudsdale|0 fnt\n|faint|p1a: Mudsdale\n|\n|win|RidleyAlex\n", "uploadtime": 1781463186, "views": 4, "formatid": "gen9randombattle", "rating": null, "private": 0, "password": null}