{"id": "gen9randombattle-2631946343", "format": "[Gen 9] Random Battle", "players": ["NickPlayeZ", "Infamous20111"], "log": "|j|\u2606NickPlayeZ\n|j|\u2606Infamous20111\n|t:|1781458624\n|gametype|singles\n|player|p1|NickPlayeZ|emmet|2141\n|player|p2|Infamous20111|266|2149\n|gen|9\n|tier|[Gen 9] Random Battle\n|rated|\n|rule|Species Clause: Limit one of each Pok\u00e9mon\n|rule|HP Percentage Mod: HP is shown in percentages\n|rule|Sleep Clause Mod: Limit one foe put to sleep\n|rule|Illusion Level Mod: Illusion disguises the Pok\u00e9mon's true level\n|\n|t:|1781458624\n|teamsize|p1|6\n|teamsize|p2|6\n|start\n|switch|p1a: Clawitzer|Clawitzer, L87, M|265/265\n|switch|p2a: Maushold|Maushold, L76|238/238\n|turn|1\n|inactive|Battle timer is ON: inactive players will automatically lose when time's up. (requested by Infamous20111)\n|inactive|NickPlayeZ also wants the timer to be on.\n|\n|t:|1781458639\n|switch|p2a: Leavanny|Leavanny, L86, M|269/269\n|move|p1a: Clawitzer|Aura Sphere|p2a: Leavanny\n|-resisted|p2a: Leavanny\n|-damage|p2a: Leavanny|214/269\n|\n|upkeep\n|turn|2\n|\n|t:|1781458650\n|switch|p1a: Blaziken|Blaziken, L76, M|247/247\n|move|p2a: Leavanny|Sticky Web|p1a: Blaziken\n|-sidestart|p1: NickPlayeZ|move: Sticky Web\n|\n|upkeep\n|turn|3\n|\n|t:|1781458657\n|switch|p2a: Illumise|Illumise, L91, F|266/266\n|move|p1a: Blaziken|Swords Dance|p1a: Blaziken\n|-boost|p1a: Blaziken|atk|2\n|\n|-ability|p1a: Blaziken|Speed Boost|boost\n|-boost|p1a: Blaziken|spe|1\n|upkeep\n|turn|4\n|c|\u2606NickPlayeZ|and ofc i dont get the tera dark version\n|\n|t:|1781458674\n|switch|p1a: Honchkrow|Honchkrow, L86, M|312/312\n|move|p2a: Illumise|Encore|p1a: Honchkrow\n|-hint|Since gen 7, Dark is immune to Prankster moves.\n|-immune|p1a: Honchkrow\n|\n|upkeep\n|turn|5\n|inactive|Infamous20111 has 120 seconds left.\n|\n|t:|1781458701\n|switch|p2a: Seviper|Seviper, L93, M|287/287\n|move|p1a: Honchkrow|Brave Bird|p2a: Seviper\n|-damage|p2a: Seviper|89/287\n|-damage|p1a: Honchkrow|247/312|[from] Recoil\n|\n|upkeep\n|turn|6\n|\n|t:|1781458712\n|switch|p2a: Enamorus|Enamorus, L79, F|247/247\n|move|p1a: Honchkrow|Sucker Punch||[still]\n|-fail|p1a: Honchkrow\n|\n|upkeep\n|turn|7\n|\n|t:|1781458719\n|switch|p1a: Clawitzer|Clawitzer, L87, M|265/265\n|-activate|p1a: Clawitzer|move: Sticky Web\n|-unboost|p1a: Clawitzer|spe|1\n|move|p2a: Enamorus|Calm Mind|p2a: Enamorus\n|-boost|p2a: Enamorus|spa|1\n|-boost|p2a: Enamorus|spd|1\n|\n|upkeep\n|turn|8\n|\n|t:|1781458728\n|move|p2a: Enamorus|Moonblast|p1a: Clawitzer\n|-damage|p1a: Clawitzer|162/265\n|-unboost|p1a: Clawitzer|spa|1\n|move|p1a: Clawitzer|U-turn|p2a: Enamorus\n|-resisted|p2a: Enamorus\n|-damage|p2a: Enamorus|233/247\n|-start|p1a: Clawitzer|Attract|[from] ability: Cute Charm|[of] p2a: Enamorus\n|\n|t:|1781458730\n|switch|p1a: Dudunsparce|Dudunsparce-Three-Segment, L83, M|343/343|[from] U-turn\n|-activate|p1a: Dudunsparce|move: Sticky Web\n|-unboost|p1a: Dudunsparce|spe|1\n|\n|upkeep\n|turn|9\n|\n|t:|1781458739\n|move|p2a: Enamorus|Moonblast|p1a: Dudunsparce\n|-damage|p1a: Dudunsparce|148/343\n|move|p1a: Dudunsparce|Glare|p2a: Enamorus\n|-status|p2a: Enamorus|par\n|\n|-heal|p1a: Dudunsparce|169/343|[from] item: Leftovers\n|upkeep\n|turn|10\n|\n|t:|1781458753\n|move|p2a: Enamorus|Moonblast|p1a: Dudunsparce\n|-damage|p1a: Dudunsparce|0 fnt\n|faint|p1a: Dudunsparce\n|\n|upkeep\n|\n|t:|1781458766\n|switch|p1a: Milotic|Milotic, L83, M|293/293\n|-activate|p1a: Milotic|move: Sticky Web\n|-unboost|p1a: Milotic|spe|1\n|-ability|p1a: Milotic|Competitive|boost\n|-boost|p1a: Milotic|spa|2\n|turn|11\n|\n|t:|1781458782\n|move|p1a: Milotic|Scald|p2a: Enamorus\n|-damage|p2a: Enamorus|113/247 par\n|move|p2a: Enamorus|Moonblast|p1a: Milotic\n|-damage|p1a: Milotic|157/293\n|-unboost|p1a: Milotic|spa|1\n|-ability|p1a: Milotic|Competitive|boost\n|-boost|p1a: Milotic|spa|2\n|\n|-heal|p1a: Milotic|175/293|[from] item: Leftovers\n|upkeep\n|turn|12\n|\n|t:|1781458790\n|move|p1a: Milotic|Haze|p1a: Milotic\n|-clearallboost\n|move|p2a: Enamorus|Moonblast|p1a: Milotic\n|-damage|p1a: Milotic|81/293\n|-unboost|p1a: Milotic|spa|1\n|-ability|p1a: Milotic|Competitive|boost\n|-boost|p1a: Milotic|spa|2\n|\n|-heal|p1a: Milotic|99/293|[from] item: Leftovers\n|upkeep\n|turn|13\n|\n|t:|1781458796\n|move|p1a: Milotic|Recover|p1a: Milotic\n|-heal|p1a: Milotic|246/293\n|cant|p2a: Enamorus|par\n|\n|-heal|p1a: Milotic|264/293|[from] item: Leftovers\n|upkeep\n|turn|14\n|\n|t:|1781458806\n|switch|p2a: Illumise|Illumise, L91, F|266/266\n|move|p1a: Milotic|Scald|p2a: Illumise\n|-damage|p2a: Illumise|155/266\n|\n|-heal|p1a: Milotic|282/293|[from] item: Leftovers\n|upkeep\n|turn|15\n|\n|t:|1781458812\n|move|p2a: Illumise|Bug Buzz|p1a: Milotic\n|-damage|p1a: Milotic|210/293\n|move|p1a: Milotic|Scald|p2a: Illumise\n|-damage|p2a: Illumise|41/266\n|\n|-heal|p1a: Milotic|228/293|[from] item: Leftovers\n|upkeep\n|turn|16\n|\n|t:|1781458816\n|move|p2a: Illumise|Thunder Wave|p1a: Milotic\n|-status|p1a: Milotic|par\n|move|p1a: Milotic|Scald|p2a: Illumise\n|-damage|p2a: Illumise|0 fnt\n|faint|p2a: Illumise\n|\n|-heal|p1a: Milotic|246/293 par|[from] item: Leftovers\n|upkeep\n|\n|t:|1781458832\n|switch|p2a: Leavanny|Leavanny, L86, M|214/269\n|turn|17\n|\n|t:|1781458845\n|switch|p1a: Blaziken|Blaziken, L76, M|247/247\n|-activate|p1a: Blaziken|move: Sticky Web\n|-unboost|p1a: Blaziken|spe|1\n|move|p2a: Leavanny|Bullet Seed|p1a: Blaziken\n|-resisted|p1a: Blaziken\n|-damage|p1a: Blaziken|229/247\n|-resisted|p1a: Blaziken\n|-damage|p1a: Blaziken|208/247\n|-resisted|p1a: Blaziken\n|-damage|p1a: Blaziken|190/247\n|-resisted|p1a: Blaziken\n|-damage|p1a: Blaziken|170/247\n|-hitcount|p1a: Blaziken|4\n|\n|upkeep\n|turn|18\n|\n|t:|1781458857\n|move|p2a: Leavanny|Knock Off|p1a: Blaziken\n|-resisted|p1a: Blaziken\n|-damage|p1a: Blaziken|118/247\n|-enditem|p1a: Blaziken|Life Orb|[from] move: Knock Off|[of] p2a: Leavanny\n|move|p1a: Blaziken|Swords Dance|p1a: Blaziken\n|-boost|p1a: Blaziken|atk|2\n|\n|-ability|p1a: Blaziken|Speed Boost|boost\n|-boost|p1a: Blaziken|spe|1\n|upkeep\n|turn|19\n|\n|t:|1781458882\n|move|p2a: Leavanny|Triple Axel|p1a: Blaziken\n|-resisted|p1a: Blaziken\n|-damage|p1a: Blaziken|107/247\n|-resisted|p1a: Blaziken\n|-damage|p1a: Blaziken|87/247\n|-resisted|p1a: Blaziken\n|-damage|p1a: Blaziken|56/247\n|-hitcount|p1a: Blaziken|3\n|move|p1a: Blaziken|Swords Dance|p1a: Blaziken\n|-boost|p1a: Blaziken|atk|2\n|\n|-ability|p1a: Blaziken|Speed Boost|boost\n|-boost|p1a: Blaziken|spe|1\n|upkeep\n|turn|20\n|inactive|NickPlayeZ has 120 seconds left.\n|\n|t:|1781458908\n|move|p1a: Blaziken|Flare Blitz|p2a: Leavanny\n|-supereffective|p2a: Leavanny\n|-damage|p2a: Leavanny|0 fnt\n|faint|p2a: Leavanny\n|-damage|p1a: Blaziken|0 fnt|[from] Recoil\n|faint|p1a: Blaziken\n|\n|upkeep\n|inactive|Infamous20111 has 120 seconds left.\n|\n|t:|1781458938\n|switch|p2a: Seviper|Seviper, L93, M|89/287\n|switch|p1a: Milotic|Milotic, L83, M|246/293 par\n|-activate|p1a: Milotic|move: Sticky Web\n|-unboost|p1a: Milotic|spe|1\n|-ability|p1a: Milotic|Competitive|boost\n|-boost|p1a: Milotic|spa|2\n|turn|21\n|\n|t:|1781458955\n|switch|p1a: Clawitzer|Clawitzer, L87, M|162/265\n|-activate|p1a: Clawitzer|move: Sticky Web\n|-unboost|p1a: Clawitzer|spe|1\n|move|p2a: Seviper|Giga Drain|p1a: Clawitzer\n|-supereffective|p1a: Clawitzer\n|-damage|p1a: Clawitzer|55/265\n|-heal|p2a: Seviper|143/287|[from] drain|[of] p1a: Clawitzer\n|-damage|p2a: Seviper|115/287|[from] item: Life Orb\n|\n|upkeep\n|turn|22\n|\n|t:|1781458963\n|switch|p1a: Tropius|Tropius, L91, F|328/328\n|move|p2a: Seviper|Giga Drain|p1a: Tropius\n|-resisted|p1a: Tropius\n|-damage|p1a: Tropius|309/328\n|-heal|p2a: Seviper|125/287|[from] drain|[of] p1a: Tropius\n|-damage|p2a: Seviper|97/287|[from] item: Life Orb\n|\n|upkeep\n|turn|23\n|\n|t:|1781458971\n|-terastallize|p1a: Tropius|Steel\n|move|p2a: Seviper|Flamethrower|p1a: Tropius\n|-supereffective|p1a: Tropius\n|-damage|p1a: Tropius|111/328\n|-enditem|p1a: Tropius|Sitrus Berry|[eat]\n|-heal|p1a: Tropius|193/328|[from] item: Sitrus Berry\n|-damage|p2a: Seviper|69/287|[from] item: Life Orb\n|move|p1a: Tropius|Substitute|p1a: Tropius\n|-start|p1a: Tropius|Substitute\n|-damage|p1a: Tropius|111/328\n|\n|-item|p1a: Tropius|Sitrus Berry|[from] ability: Harvest\n|upkeep\n|-enditem|p1a: Tropius|Sitrus Berry|[eat]\n|-heal|p1a: Tropius|193/328|[from] item: Sitrus Berry\n|turn|24\n|\n|t:|1781458981\n|move|p1a: Tropius|Protect|p1a: Tropius\n|-singleturn|p1a: Tropius|Protect\n|move|p2a: Seviper|Flamethrower|p1a: Tropius\n|-activate|p1a: Tropius|move: Protect\n|\n|-item|p1a: Tropius|Sitrus Berry|[from] ability: Harvest\n|upkeep\n|turn|25\n|\n|t:|1781458987\n|move|p2a: Seviper|Flamethrower|p1a: Tropius\n|-supereffective|p1a: Tropius\n|-damage|p1a: Tropius|1/328\n|-enditem|p1a: Tropius|Sitrus Berry|[eat]\n|-heal|p1a: Tropius|83/328|[from] item: Sitrus Berry\n|-damage|p2a: Seviper|41/287|[from] item: Life Orb\n|move|p1a: Tropius|Air Slash|p2a: Seviper\n|-damage|p2a: Seviper|0 fnt\n|faint|p2a: Seviper\n|\n|-item|p1a: Tropius|Sitrus Berry|[from] ability: Harvest\n|upkeep\n|-enditem|p1a: Tropius|Sitrus Berry|[eat]\n|-heal|p1a: Tropius|165/328|[from] item: Sitrus Berry\n|\n|t:|1781459001\n|switch|p2a: Maushold|Maushold, L76|238/238\n|turn|26\n|\n|t:|1781459006\n|move|p2a: Maushold|Tidy Up|p2a: Maushold\n|-end|p1a: Tropius|Substitute\n|-sideend|p1: NickPlayeZ|Sticky Web\n|-activate|p2a: Maushold|move: Tidy Up\n|-boost|p2a: Maushold|atk|1\n|-boost|p2a: Maushold|spe|1\n|move|p1a: Tropius|Air Slash|p2a: Maushold\n|-damage|p2a: Maushold|147/238\n|\n|-item|p1a: Tropius|Sitrus Berry|[from] ability: Harvest\n|upkeep\n|turn|27\n|\n|t:|1781459016\n|-terastallize|p2a: Maushold|Normal\n|move|p2a: Maushold|Population Bomb|p1a: Tropius\n|-resisted|p1a: Tropius\n|-damage|p1a: Tropius|143/328\n|-enditem|p1a: Tropius|Sitrus Berry|[eat]\n|-heal|p1a: Tropius|225/328|[from] item: Sitrus Berry\n|-resisted|p1a: Tropius\n|-damage|p1a: Tropius|205/328\n|-resisted|p1a: Tropius\n|-crit|p1a: Tropius\n|-damage|p1a: Tropius|172/328\n|-resisted|p1a: Tropius\n|-crit|p1a: Tropius\n|-damage|p1a: Tropius|140/328\n|-resisted|p1a: Tropius\n|-damage|p1a: Tropius|120/328\n|-resisted|p1a: Tropius\n|-damage|p1a: Tropius|99/328\n|-resisted|p1a: Tropius\n|-damage|p1a: Tropius|76/328\n|-resisted|p1a: Tropius\n|-damage|p1a: Tropius|54/328\n|-resisted|p1a: Tropius\n|-damage|p1a: Tropius|34/328\n|-resisted|p1a: Tropius\n|-damage|p1a: Tropius|12/328\n|-hitcount|p1a: Tropius|10\n|move|p1a: Tropius|Air Slash|p2a: Maushold\n|-damage|p2a: Maushold|59/238\n|\n|-item|p1a: Tropius|Sitrus Berry|[from] ability: Harvest\n|upkeep\n|-enditem|p1a: Tropius|Sitrus Berry|[eat]\n|-heal|p1a: Tropius|94/328|[from] item: Sitrus Berry\n|turn|28\n|\n|t:|1781459043\n|move|p2a: Maushold|Population Bomb|p1a: Tropius\n|-resisted|p1a: Tropius\n|-damage|p1a: Tropius|70/328\n|-resisted|p1a: Tropius\n|-damage|p1a: Tropius|47/328\n|-resisted|p1a: Tropius\n|-crit|p1a: Tropius\n|-damage|p1a: Tropius|14/328\n|-resisted|p1a: Tropius\n|-damage|p1a: Tropius|0 fnt\n|faint|p1a: Tropius\n|-hitcount|p1: Tropius|4\n|\n|upkeep\n|\n|t:|1781459044\n|switch|p1a: Honchkrow|Honchkrow, L86, M|247/312\n|turn|29\n|\n|t:|1781459047\n|move|p2a: Maushold|Tidy Up|p2a: Maushold\n|-boost|p2a: Maushold|atk|1\n|-boost|p2a: Maushold|spe|1\n|move|p1a: Honchkrow|Brave Bird|p2a: Maushold\n|-damage|p2a: Maushold|0 fnt\n|faint|p2a: Maushold\n|-ability|p1a: Honchkrow|Moxie|boost\n|-boost|p1a: Honchkrow|atk|1\n|-damage|p1a: Honchkrow|228/312|[from] Recoil\n|\n|upkeep\n|\n|t:|1781459054\n|switch|p2a: Metagross|Metagross, L79|256/256\n|turn|30\n|\n|t:|1781459083\n|move|p1a: Honchkrow|Sucker Punch|p2a: Metagross\n|-supereffective|p2a: Metagross\n|-damage|p2a: Metagross|20/256\n|move|p2a: Metagross|Heavy Slam|p1a: Honchkrow\n|-damage|p1a: Honchkrow|39/312\n|\n|-heal|p2a: Metagross|36/256|[from] item: Leftovers\n|upkeep\n|turn|31\n|inactive|NickPlayeZ has 120 seconds left.\n|\n|t:|1781459101\n|move|p1a: Honchkrow|Sucker Punch|p2a: Metagross\n|-supereffective|p2a: Metagross\n|-damage|p2a: Metagross|0 fnt\n|faint|p2a: Metagross\n|-ability|p1a: Honchkrow|Moxie|boost\n|-boost|p1a: Honchkrow|atk|1\n|\n|upkeep\n|\n|t:|1781459103\n|switch|p2a: Enamorus|Enamorus, L79, F|113/247 par\n|turn|32\n|\n|t:|1781459104\n|move|p1a: Honchkrow|Brave Bird|p2a: Enamorus\n|-damage|p2a: Enamorus|0 fnt\n|-start|p1a: Honchkrow|Attract|[from] ability: Cute Charm|[of] p2a: Enamorus\n|faint|p2a: Enamorus\n|-damage|p1a: Honchkrow|2/312|[from] Recoil\n|-end|p1a: Honchkrow|Attract|[silent]\n|\n|win|NickPlayeZ\n", "uploadtime": 1781458626, "views": 5, "formatid": "gen9randombattle", "rating": null, "private": 0, "password": null}