{"id": "gen9randombattle-2631863739", "format": "[Gen 9] Random Battle", "players": ["faaskaas", "Monimei"], "log": "|j|\u2606faaskaas\n|j|\u2606Monimei\n|t:|1781449545\n|gametype|singles\n|player|p1|faaskaas|hiker-gen4|2085\n|player|p2|Monimei|hugh|2019\n|gen|9\n|tier|[Gen 9] Random Battle\n|rated|\n|rule|Species Clause: Limit one of each Pok\u00e9mon\n|rule|HP Percentage Mod: HP is shown in percentages\n|rule|Sleep Clause Mod: Limit one foe put to sleep\n|rule|Illusion Level Mod: Illusion disguises the Pok\u00e9mon's true level\n|\n|t:|1781449545\n|teamsize|p1|6\n|teamsize|p2|6\n|start\n|switch|p1a: Hypno|Hypno, L95, F|315/315\n|switch|p2a: Quagsire|Quagsire, L84, F|297/297\n|turn|1\n|inactive|Battle timer is ON: inactive players will automatically lose when time's up. (requested by Monimei)\n|inactive|faaskaas also wants the timer to be on.\n|\n|t:|1781449556\n|move|p1a: Hypno|Toxic|p2a: Quagsire\n|-status|p2a: Quagsire|tox\n|move|p2a: Quagsire|Toxic|p1a: Hypno\n|-status|p1a: Hypno|tox\n|\n|-damage|p1a: Hypno|296/315 tox|[from] psn\n|-damage|p2a: Quagsire|279/297 tox|[from] psn\n|upkeep\n|turn|2\n|\n|t:|1781449560\n|switch|p2a: Zarude|Zarude, L77|288/288\n|move|p1a: Hypno|Psychic Noise|p2a: Zarude\n|-immune|p2a: Zarude\n|\n|-heal|p1a: Hypno|315/315 tox|[from] item: Leftovers\n|-damage|p1a: Hypno|277/315 tox|[from] psn\n|upkeep\n|turn|3\n|\n|t:|1781449566\n|switch|p1a: Lilligant|Lilligant-Hisui, L79, F|240/240\n|move|p2a: Zarude|Swords Dance|p2a: Zarude\n|-boost|p2a: Zarude|atk|2\n|\n|upkeep\n|turn|4\n|\n|t:|1781449575\n|switch|p2a: Toxtricity|Toxtricity, L82, F|257/257\n|move|p1a: Lilligant|Close Combat|p2a: Toxtricity\n|-resisted|p2a: Toxtricity\n|-damage|p2a: Toxtricity|123/257\n|-unboost|p1a: Lilligant|def|1\n|-unboost|p1a: Lilligant|spd|1\n|-damage|p1a: Lilligant|216/240|[from] item: Life Orb\n|\n|upkeep\n|turn|5\n|\n|t:|1781449583\n|move|p2a: Toxtricity|Boomburst|p1a: Lilligant\n|-damage|p1a: Lilligant|0 fnt\n|faint|p1a: Lilligant\n|\n|upkeep\n|\n|t:|1781449591\n|switch|p1a: Skeledirge|Skeledirge, L79, F|294/294\n|turn|6\n|\n|t:|1781449598\n|switch|p2a: Cramorant|Cramorant, L86, F|261/261\n|move|p1a: Skeledirge|Shadow Ball|p2a: Cramorant\n|-damage|p2a: Cramorant|188/261\n|\n|upkeep\n|turn|7\n|\n|t:|1781449605\n|switch|p1a: Hypno|Hypno, L95, F|277/315 tox\n|move|p2a: Cramorant|Surf|p1a: Hypno\n|-formechange|p2a: Cramorant|Cramorant-Gulping|\n|-damage|p1a: Hypno|208/315 tox\n|\n|-heal|p1a: Hypno|227/315 tox|[from] item: Leftovers\n|-damage|p1a: Hypno|208/315 tox|[from] psn\n|upkeep\n|turn|8\n|\n|t:|1781449612\n|switch|p2a: Zarude|Zarude, L77|288/288\n|move|p1a: Hypno|Toxic|p2a: Zarude\n|-status|p2a: Zarude|tox\n|\n|-heal|p1a: Hypno|227/315 tox|[from] item: Leftovers\n|-damage|p2a: Zarude|270/288 tox|[from] psn\n|-damage|p1a: Hypno|189/315 tox|[from] psn\n|upkeep\n|turn|9\n|\n|t:|1781449619\n|move|p1a: Hypno|Protect|p1a: Hypno\n|-singleturn|p1a: Hypno|Protect\n|move|p2a: Zarude|Swords Dance|p2a: Zarude\n|-boost|p2a: Zarude|atk|2\n|\n|-heal|p1a: Hypno|208/315 tox|[from] item: Leftovers\n|-damage|p2a: Zarude|234/288 tox|[from] psn\n|-damage|p1a: Hypno|151/315 tox|[from] psn\n|upkeep\n|turn|10\n|\n|t:|1781449623\n|move|p1a: Hypno|Protect||[still]\n|-fail|p1a: Hypno\n|move|p2a: Zarude|Knock Off|p1a: Hypno\n|-supereffective|p1a: Hypno\n|-damage|p1a: Hypno|0 fnt\n|-enditem|p1a: Hypno|Leftovers|[from] move: Knock Off|[of] p2a: Zarude\n|faint|p1a: Hypno\n|-damage|p2a: Zarude|206/288 tox|[from] item: Life Orb\n|\n|-damage|p2a: Zarude|152/288 tox|[from] psn\n|upkeep\n|\n|t:|1781449625\n|switch|p1a: Forretress|Forretress, L84, M|263/263\n|turn|11\n|\n|t:|1781449632\n|move|p2a: Zarude|Knock Off|p1a: Forretress\n|-damage|p1a: Forretress|94/263\n|-enditem|p1a: Forretress|Leftovers|[from] move: Knock Off|[of] p2a: Zarude\n|-damage|p2a: Zarude|124/288 tox|[from] item: Life Orb\n|move|p1a: Forretress|Stealth Rock|p2a: Zarude\n|-sidestart|p2: Monimei|move: Stealth Rock\n|\n|-damage|p2a: Zarude|52/288 tox|[from] psn\n|upkeep\n|turn|12\n|\n|t:|1781449638\n|switch|p2a: Cramorant|Cramorant, L86, F|188/261\n|move|p1a: Forretress|Body Press|p2a: Cramorant\n|-resisted|p2a: Cramorant\n|-damage|p2a: Cramorant|132/261\n|\n|upkeep\n|turn|13\n|\n|t:|1781449645\n|move|p2a: Cramorant|Surf|p1a: Forretress\n|-formechange|p2a: Cramorant|Cramorant-Gulping|\n|-damage|p1a: Forretress|0 fnt\n|faint|p1a: Forretress\n|\n|upkeep\n|\n|t:|1781449649\n|switch|p1a: Delphox|Delphox, L84, F|263/263\n|turn|14\n|\n|t:|1781449656\n|move|p1a: Delphox|Psyshock|p2a: Cramorant\n|-damage|p2a: Cramorant|11/261\n|-damage|p1a: Delphox|198/263|[from] ability: Gulp Missile|[of] p2a: Cramorant\n|-unboost|p1a: Delphox|def|1\n|-formechange|p2a: Cramorant|Cramorant|\n|move|p2a: Cramorant|Surf|p1a: Delphox\n|-formechange|p2a: Cramorant|Cramorant-Gorging|\n|-supereffective|p1a: Delphox\n|-damage|p1a: Delphox|34/263\n|\n|upkeep\n|turn|15\n|\n|t:|1781449660\n|move|p1a: Delphox|Psyshock|p2a: Cramorant\n|-damage|p2a: Cramorant|0 fnt\n|-damage|p1a: Delphox|0 fnt|[from] ability: Gulp Missile|[of] p2a: Cramorant\n|-formechange|p2a: Cramorant|Cramorant|\n|faint|p2a: Cramorant\n|faint|p1a: Delphox\n|\n|upkeep\n|\n|t:|1781449665\n|switch|p1a: Skeledirge|Skeledirge, L79, F|294/294\n|switch|p2a: Golurk|Golurk, L87|297/297\n|-damage|p2a: Golurk|279/297|[from] Stealth Rock\n|turn|16\n|\n|t:|1781449672\n|move|p1a: Skeledirge|Shadow Ball|p2a: Golurk\n|-supereffective|p2a: Golurk\n|-damage|p2a: Golurk|93/297\n|-unboost|p2a: Golurk|spd|1\n|move|p2a: Golurk|Poltergeist|p1a: Skeledirge\n|-activate|p1a: Skeledirge|move: Poltergeist|Heavy-Duty Boots\n|-supereffective|p1a: Skeledirge\n|-damage|p1a: Skeledirge|0 fnt\n|faint|p1a: Skeledirge\n|\n|upkeep\n|\n|t:|1781449674\n|switch|p1a: Eiscue|Eiscue, L88, M|274/274\n|turn|17\n|\n|t:|1781449683\n|switch|p2a: Toxtricity|Toxtricity, L82, F|123/257\n|-damage|p2a: Toxtricity|91/257|[from] Stealth Rock\n|move|p1a: Eiscue|Belly Drum|p1a: Eiscue\n|-damage|p1a: Eiscue|137/274\n|-setboost|p1a: Eiscue|atk|6|[from] move: Belly Drum\n|-enditem|p1a: Eiscue|Sitrus Berry|[eat]\n|-heal|p1a: Eiscue|205/274|[from] item: Sitrus Berry\n|\n|upkeep\n|turn|18\n|\n|t:|1781449688\n|move|p2a: Toxtricity|Volt Switch|p1a: Eiscue\n|-damage|p1a: Eiscue|127/274\n|\n|t:|1781449691\n|switch|p2a: Zarude|Zarude, L77|52/288 tox|[from] Volt Switch\n|-damage|p2a: Zarude|16/288 tox|[from] Stealth Rock\n|move|p1a: Eiscue|Ice Spinner|p2a: Zarude\n|-supereffective|p2a: Zarude\n|-damage|p2a: Zarude|0 fnt\n|faint|p2a: Zarude\n|\n|upkeep\n|\n|t:|1781449692\n|switch|p2a: Toxtricity|Toxtricity, L82, F|91/257\n|-damage|p2a: Toxtricity|59/257|[from] Stealth Rock\n|turn|19\n|\n|t:|1781449701\n|-terastallize|p2a: Toxtricity|Normal\n|move|p2a: Toxtricity|Boomburst|p1a: Eiscue\n|-damage|p1a: Eiscue|0 fnt\n|faint|p1a: Eiscue\n|\n|win|Monimei\n", "uploadtime": 1781449547, "views": 3, "formatid": "gen9randombattle", "rating": null, "private": 0, "password": null}