{"id": "gen9randombattle-2631634629", "format": "[Gen 9] Random Battle", "players": ["randomperson43", "deadmanwhuo"], "log": "|j|\u2606randomperson43\n|j|\u2606deadmanwhuo\n|t:|1781412279\n|gametype|singles\n|player|p1|randomperson43|2|1951\n|player|p2|deadmanwhuo|fisherman-gen4|2027\n|gen|9\n|tier|[Gen 9] Random Battle\n|rated|\n|rule|Species Clause: Limit one of each Pok\u00e9mon\n|rule|HP Percentage Mod: HP is shown in percentages\n|rule|Sleep Clause Mod: Limit one foe put to sleep\n|rule|Illusion Level Mod: Illusion disguises the Pok\u00e9mon's true level\n|\n|t:|1781412279\n|teamsize|p1|6\n|teamsize|p2|6\n|start\n|switch|p1a: Latios|Latios, L78, M|253/253\n|switch|p2a: Iron Jugulis|Iron Jugulis, L77|271/271\n|turn|1\n|\n|t:|1781412290\n|switch|p1a: Regigigas|Regigigas, L84|322/322\n|-start|p1a: Regigigas|ability: Slow Start\n|move|p2a: Iron Jugulis|Dark Pulse|p1a: Regigigas\n|-damage|p1a: Regigigas|217/322\n|\n|-heal|p1a: Regigigas|237/322|[from] item: Leftovers\n|upkeep\n|turn|2\n|\n|t:|1781412300\n|-end|p2a: Iron Jugulis|Quark Drive|[silent]\n|switch|p2a: Arbok|Arbok, L87, F|246/246\n|-ability|p2a: Arbok|Intimidate|boost\n|-unboost|p1a: Regigigas|atk|1\n|move|p1a: Regigigas|Knock Off|p2a: Arbok\n|-damage|p2a: Arbok|210/246\n|-enditem|p2a: Arbok|Choice Band|[from] move: Knock Off|[of] p1a: Regigigas\n|\n|-heal|p1a: Regigigas|257/322|[from] item: Leftovers\n|upkeep\n|turn|3\n|\n|t:|1781412311\n|move|p2a: Arbok|Knock Off|p1a: Regigigas\n|-damage|p1a: Regigigas|201/322\n|-enditem|p1a: Regigigas|Leftovers|[from] move: Knock Off|[of] p2a: Arbok\n|move|p1a: Regigigas|Body Slam|p2a: Arbok\n|-damage|p2a: Arbok|155/246\n|\n|upkeep\n|turn|4\n|\n|t:|1781412318\n|move|p2a: Arbok|Gunk Shot|p1a: Regigigas\n|-damage|p1a: Regigigas|92/322\n|move|p1a: Regigigas|Body Slam|p2a: Arbok\n|-damage|p2a: Arbok|104/246\n|\n|upkeep\n|turn|5\n|\n|t:|1781412323\n|move|p2a: Arbok|Gunk Shot|p1a: Regigigas\n|-damage|p1a: Regigigas|0 fnt\n|faint|p1a: Regigigas\n|-end|p1a: Regigigas|Slow Start|[silent]\n|\n|upkeep\n|inactive|Battle timer is ON: inactive players will automatically lose when time's up. (requested by deadmanwhuo)\n|\n|t:|1781412332\n|switch|p1a: Latios|Latios, L78, M|253/253\n|turn|6\n|\n|t:|1781412335\n|move|p2a: Arbok|Sucker Punch|p1a: Latios\n|-supereffective|p1a: Latios\n|-damage|p1a: Latios|125/253\n|move|p1a: Latios|Draco Meteor|p2a: Arbok\n|-damage|p2a: Arbok|0 fnt\n|-unboost|p1a: Latios|spa|2\n|faint|p2a: Arbok\n|\n|upkeep\n|\n|t:|1781412346\n|switch|p2a: Iron Jugulis|Iron Jugulis, L77|271/271\n|turn|7\n|\n|t:|1781412350\n|switch|p1a: Carbink|Carbink, L90|236/236\n|move|p2a: Iron Jugulis|Dark Pulse|p1a: Carbink\n|-resisted|p1a: Carbink\n|-damage|p1a: Carbink|197/236\n|\n|upkeep\n|turn|8\n|\n|t:|1781412358\n|-end|p2a: Iron Jugulis|Quark Drive|[silent]\n|switch|p2a: Cramorant|Cramorant, L86, M|261/261\n|move|p1a: Carbink|Iron Defense|p1a: Carbink\n|-boost|p1a: Carbink|def|2\n|\n|upkeep\n|turn|9\n|-message|randomperson43 forfeited.\n|\n|win|deadmanwhuo\n", "uploadtime": 1781412281, "views": 3, "formatid": "gen9randombattle", "rating": null, "private": 0, "password": null}