{"id": "gen9randombattle-2631514761", "format": "[Gen 9] Random Battle", "players": ["big_o'l_bigboy", "ky40"], "log": "|j|\u2606big_o'l_bigboy\n|j|\u2606ky40\n|t:|1781395031\n|gametype|singles\n|player|p1|big_o'l_bigboy|clair|1832\n|player|p2|ky40|265|1875\n|gen|9\n|tier|[Gen 9] Random Battle\n|rated|\n|rule|Species Clause: Limit one of each Pok\u00e9mon\n|rule|HP Percentage Mod: HP is shown in percentages\n|rule|Sleep Clause Mod: Limit one foe put to sleep\n|rule|Illusion Level Mod: Illusion disguises the Pok\u00e9mon's true level\n|\n|t:|1781395031\n|teamsize|p1|6\n|teamsize|p2|6\n|start\n|switch|p1a: Okidogi|Okidogi, L77, M|262/262\n|switch|p2a: Venusaur|Venusaur, L84, M|272/272\n|turn|1\n|inactive|Battle timer is ON: inactive players will automatically lose when time's up. (requested by big_o'l_bigboy)\n|\n|t:|1781395047\n|move|p2a: Venusaur|Knock Off|p1a: Okidogi\n|-resisted|p1a: Okidogi\n|-damage|p1a: Okidogi|233/262\n|-enditem|p1a: Okidogi|Assault Vest|[from] move: Knock Off|[of] p2a: Venusaur\n|move|p1a: Okidogi|Knock Off|p2a: Venusaur\n|-damage|p2a: Venusaur|200/272\n|-enditem|p2a: Venusaur|Leftovers|[from] move: Knock Off|[of] p1a: Okidogi\n|\n|upkeep\n|turn|2\n|inactive|ky40 has 120 seconds left.\n|\n|t:|1781395080\n|switch|p2a: Oinkologne|Oinkologne, L92, M|352/352\n|move|p1a: Okidogi|Psychic Fangs|p2a: Oinkologne\n|-damage|p2a: Oinkologne|288/352\n|-status|p2a: Oinkologne|tox|[from] ability: Toxic Chain|[of] p1a: Okidogi\n|\n|-heal|p2a: Oinkologne|310/352 tox|[from] item: Leftovers\n|-damage|p2a: Oinkologne|288/352 tox|[from] psn\n|upkeep\n|turn|3\n|inactive|ky40 has 120 seconds left.\n|\n|t:|1781395097\n|move|p2a: Oinkologne|Double-Edge|p1a: Okidogi\n|-damage|p1a: Okidogi|89/262\n|-damage|p2a: Oinkologne|240/352 tox|[from] Recoil\n|move|p1a: Okidogi|Knock Off|p2a: Oinkologne\n|-damage|p2a: Oinkologne|168/352 tox\n|-enditem|p2a: Oinkologne|Leftovers|[from] move: Knock Off|[of] p1a: Okidogi\n|\n|-damage|p2a: Oinkologne|124/352 tox|[from] psn\n|upkeep\n|turn|4\n|inactive|ky40 has 120 seconds left.\n|\n|t:|1781395108\n|switch|p1a: Spectrier|Spectrier, L75|274/274\n|move|p2a: Oinkologne|High Horsepower|p1a: Spectrier\n|-damage|p1a: Spectrier|148/274\n|\n|-damage|p2a: Oinkologne|58/352 tox|[from] psn\n|upkeep\n|turn|5\n|\n|t:|1781395120\n|move|p1a: Spectrier|Tera Blast|p2a: Oinkologne\n|-crit|p2a: Oinkologne\n|-damage|p2a: Oinkologne|0 fnt\n|faint|p2a: Oinkologne\n|-ability|p1a: Spectrier|Grim Neigh|boost\n|-boost|p1a: Spectrier|spa|1\n|-damage|p1a: Spectrier|121/274|[from] item: Life Orb\n|\n|upkeep\n|inactive|ky40 has 120 seconds left.\n|\n|t:|1781395133\n|switch|p2a: Inteleon|Inteleon, L81, M|246/246\n|turn|6\n|\n|t:|1781395143\n|switch|p1a: Snorlax|Snorlax, L82, M|397/397\n|move|p2a: Inteleon|Scald|p1a: Snorlax\n|-damage|p1a: Snorlax|267/397\n|\n|-heal|p1a: Snorlax|291/397|[from] item: Leftovers\n|upkeep\n|turn|7\n|\n|t:|1781395154\n|move|p2a: Inteleon|Scald|p1a: Snorlax\n|-damage|p1a: Snorlax|174/397\n|-status|p1a: Snorlax|brn\n|move|p1a: Snorlax|Body Slam|p2a: Inteleon\n|-damage|p2a: Inteleon|183/246\n|-status|p2a: Inteleon|par\n|\n|-heal|p1a: Snorlax|198/397 brn|[from] item: Leftovers\n|-damage|p1a: Snorlax|174/397 brn|[from] brn\n|upkeep\n|turn|8\n|\n|t:|1781395166\n|move|p2a: Inteleon|Scald|p1a: Snorlax\n|-damage|p1a: Snorlax|59/397 brn\n|move|p1a: Snorlax|Rest|p1a: Snorlax\n|-status|p1a: Snorlax|slp|[from] move: Rest\n|-heal|p1a: Snorlax|397/397 slp|[silent]\n|\n|upkeep\n|turn|9\n|\n|t:|1781395175\n|move|p2a: Inteleon|Scald|p1a: Snorlax\n|-damage|p1a: Snorlax|280/397 slp\n|cant|p1a: Snorlax|slp\n|move|p1a: Snorlax|Sleep Talk|p1a: Snorlax\n|move|p1a: Snorlax|Rest||[from] move: Sleep Talk|[still]\n|-fail|p1a: Snorlax\n|\n|-heal|p1a: Snorlax|304/397 slp|[from] item: Leftovers\n|upkeep\n|turn|10\n|\n|t:|1781395187\n|switch|p2a: Azelf|Azelf, L82|257/257\n|cant|p1a: Snorlax|slp\n|move|p1a: Snorlax|Sleep Talk|p1a: Snorlax\n|move|p1a: Snorlax|Body Slam|p2a: Azelf|[from] move: Sleep Talk\n|-damage|p2a: Azelf|140/257\n|-status|p2a: Azelf|par\n|\n|-heal|p1a: Snorlax|328/397 slp|[from] item: Leftovers\n|upkeep\n|turn|11\n|\n|t:|1781395200\n|cant|p2a: Azelf|par\n|-curestatus|p1a: Snorlax|slp|[msg]\n|move|p1a: Snorlax|Body Slam|p2a: Azelf\n|-damage|p2a: Azelf|31/257 par\n|\n|-heal|p1a: Snorlax|352/397|[from] item: Leftovers\n|upkeep\n|turn|12\n|\n|t:|1781395210\n|move|p2a: Azelf|Knock Off|p1a: Snorlax\n|-damage|p1a: Snorlax|210/397\n|-enditem|p1a: Snorlax|Leftovers|[from] move: Knock Off|[of] p2a: Azelf\n|-damage|p2a: Azelf|6/257 par|[from] item: Life Orb\n|move|p1a: Snorlax|Body Slam|p2a: Azelf\n|-damage|p2a: Azelf|0 fnt\n|faint|p2a: Azelf\n|\n|upkeep\n|\n|t:|1781395220\n|switch|p2a: Inteleon|Inteleon, L81, M|183/246 par\n|turn|13\n|\n|t:|1781395226\n|cant|p2a: Inteleon|par\n|move|p1a: Snorlax|Curse|p1a: Snorlax\n|-unboost|p1a: Snorlax|spe|1\n|-boost|p1a: Snorlax|atk|1\n|-boost|p1a: Snorlax|def|1\n|\n|upkeep\n|turn|14\n|\n|t:|1781395236\n|move|p2a: Inteleon|Scald|p1a: Snorlax\n|-damage|p1a: Snorlax|77/397\n|move|p1a: Snorlax|Rest|p1a: Snorlax\n|-status|p1a: Snorlax|slp|[from] move: Rest\n|-heal|p1a: Snorlax|397/397 slp|[silent]\n|\n|upkeep\n|turn|15\n|\n|t:|1781395255\n|switch|p2a: Samurott|Samurott, L88, M|310/310\n|cant|p1a: Snorlax|slp\n|move|p1a: Snorlax|Sleep Talk|p1a: Snorlax\n|move|p1a: Snorlax|Curse|p1a: Snorlax|[from] move: Sleep Talk\n|-unboost|p1a: Snorlax|spe|1\n|-boost|p1a: Snorlax|atk|1\n|-boost|p1a: Snorlax|def|1\n|\n|upkeep\n|turn|16\n|\n|t:|1781395265\n|move|p2a: Samurott|Swords Dance|p2a: Samurott\n|-boost|p2a: Samurott|atk|2\n|cant|p1a: Snorlax|slp\n|move|p1a: Snorlax|Sleep Talk|p1a: Snorlax\n|move|p1a: Snorlax|Body Slam|p2a: Samurott|[from] move: Sleep Talk\n|-damage|p2a: Samurott|120/310\n|\n|upkeep\n|turn|17\n|\n|t:|1781395275\n|move|p2a: Samurott|Liquidation|p1a: Snorlax\n|-damage|p1a: Snorlax|224/397 slp\n|-damage|p2a: Samurott|89/310|[from] item: Life Orb\n|-curestatus|p1a: Snorlax|slp|[msg]\n|move|p1a: Snorlax|Body Slam|p2a: Samurott\n|-damage|p2a: Samurott|0 fnt\n|faint|p2a: Samurott\n|\n|upkeep\n|\n|t:|1781395288\n|switch|p2a: Iron Crown|Iron Crown, L78|268/268\n|turn|18\n|\n|t:|1781395297\n|move|p2a: Iron Crown|Focus Blast|p1a: Snorlax|[miss]\n|-miss|p2a: Iron Crown|p1a: Snorlax\n|move|p1a: Snorlax|Body Slam|p2a: Iron Crown\n|-resisted|p2a: Iron Crown\n|-damage|p2a: Iron Crown|177/268\n|-status|p2a: Iron Crown|par\n|\n|upkeep\n|turn|19\n|-message|ky40 forfeited.\n|\n|win|big_o'l_bigboy\n|raw|big_o&apos;l_bigboy's rating: 1832 &rarr; <strong>1854</strong><br />(+22 for winning)\n|raw|ky40's rating: 1875 &rarr; <strong>1853</strong><br />(-22 for losing)\n|l|\u2606ky40\n|player|p2|\n", "uploadtime": 1781395312, "views": 5, "formatid": "gen9randombattle", "rating": 1853, "private": 0, "password": null}