{"id": "gen9randombattle-2631813198", "format": "[Gen 9] Random Battle", "players": ["Isitshine11", "Jefejenaro"], "log": "|j|\u2606Isitshine11\n|j|\u2606Jefejenaro\n|t:|1781443353\n|gametype|singles\n|player|p1|Isitshine11|medium|2023\n|player|p2|Jefejenaro|wallace|1987\n|gen|9\n|tier|[Gen 9] Random Battle\n|rated|\n|rule|Species Clause: Limit one of each Pok\u00e9mon\n|rule|HP Percentage Mod: HP is shown in percentages\n|rule|Sleep Clause Mod: Limit one foe put to sleep\n|rule|Illusion Level Mod: Illusion disguises the Pok\u00e9mon's true level\n|\n|t:|1781443353\n|teamsize|p1|6\n|teamsize|p2|6\n|start\n|switch|p1a: Toxicroak|Toxicroak, L84, M|277/277\n|switch|p2a: Gouging Fire|Gouging Fire, L74|277/277\n|turn|1\n|inactive|Battle timer is ON: inactive players will automatically lose when time's up. (requested by Isitshine11)\n|inactive|Jefejenaro has 120 seconds left.\n|\n|t:|1781443412\n|switch|p1a: Stonjourner|Stonjourner, L91, F|330/330\n|move|p2a: Gouging Fire|Dragon Dance|p2a: Gouging Fire\n|-boost|p2a: Gouging Fire|atk|1\n|-boost|p2a: Gouging Fire|spe|1\n|\n|upkeep\n|turn|2\n|inactive|Jefejenaro has 120 seconds left.\n|\n|t:|1781443445\n|move|p2a: Gouging Fire|Outrage|p1a: Stonjourner\n|-damage|p1a: Stonjourner|216/330\n|move|p1a: Stonjourner|Rock Polish|p1a: Stonjourner\n|-boost|p1a: Stonjourner|spe|2\n|\n|upkeep\n|turn|3\n|\n|t:|1781443449\n|move|p1a: Stonjourner|Earthquake|p2a: Gouging Fire\n|-supereffective|p2a: Gouging Fire\n|-damage|p2a: Gouging Fire|33/277\n|-damage|p1a: Stonjourner|183/330|[from] item: Life Orb\n|move|p2a: Gouging Fire|Outrage|p1a: Stonjourner|[from] lockedmove\n|-damage|p1a: Stonjourner|81/330\n|\n|upkeep\n|turn|4\n|\n|t:|1781443453\n|move|p1a: Stonjourner|Earthquake|p2a: Gouging Fire\n|-supereffective|p2a: Gouging Fire\n|-damage|p2a: Gouging Fire|0 fnt\n|faint|p2a: Gouging Fire\n|-end|p2a: Gouging Fire|Protosynthesis|[silent]\n|-damage|p1a: Stonjourner|48/330|[from] item: Life Orb\n|\n|upkeep\n|\n|t:|1781443471\n|switch|p2a: Zekrom|Zekrom, L71|259/259\n|-ability|p2a: Zekrom|Teravolt\n|turn|5\n|\n|t:|1781443474\n|move|p1a: Stonjourner|Stone Edge|p2a: Zekrom\n|-damage|p2a: Zekrom|84/259\n|-damage|p1a: Stonjourner|15/330|[from] item: Life Orb\n|move|p2a: Zekrom|Outrage|p1a: Stonjourner\n|-damage|p1a: Stonjourner|0 fnt\n|faint|p1a: Stonjourner\n|\n|-heal|p2a: Zekrom|100/259|[from] item: Leftovers\n|upkeep\n|\n|t:|1781443484\n|switch|p1a: Komala|Komala, L88, M|258/258\n|-ability|p1a: Komala|Comatose\n|turn|6\n|\n|t:|1781443508\n|move|p1a: Komala|Earthquake|p2a: Zekrom\n|-supereffective|p2a: Zekrom\n|-damage|p2a: Zekrom|0 fnt\n|faint|p2a: Zekrom\n|\n|upkeep\n|\n|t:|1781443515\n|switch|p2a: Abomasnow|Abomasnow, L84, F|287/287\n|-weather|Snowscape|[from] ability: Snow Warning|[of] p2a: Abomasnow\n|turn|7\n|\n|t:|1781443523\n|switch|p1a: Cryogonal|Cryogonal, L89|287/287\n|move|p2a: Abomasnow|Aurora Veil|p2a: Abomasnow\n|-sidestart|p2: Jefejenaro|move: Aurora Veil\n|\n|-weather|Snowscape|[upkeep]\n|upkeep\n|turn|8\n|\n|t:|1781443530\n|move|p1a: Cryogonal|Flash Cannon|p2a: Abomasnow\n|-supereffective|p2a: Abomasnow\n|-damage|p2a: Abomasnow|225/287\n|-unboost|p2a: Abomasnow|spd|1\n|move|p2a: Abomasnow|Wood Hammer|p1a: Cryogonal\n|-damage|p1a: Cryogonal|169/287\n|-damage|p2a: Abomasnow|186/287|[from] Recoil\n|\n|-weather|Snowscape|[upkeep]\n|upkeep\n|turn|9\n|\n|t:|1781443539\n|switch|p2a: Barraskewda|Barraskewda, L81, M|231/231\n|move|p1a: Cryogonal|Freeze-Dry|p2a: Barraskewda\n|-supereffective|p2a: Barraskewda\n|-damage|p2a: Barraskewda|99/231\n|\n|-weather|Snowscape|[upkeep]\n|upkeep\n|turn|10\n|\n|t:|1781443546\n|switch|p1a: Toxicroak|Toxicroak, L84, M|277/277\n|move|p2a: Barraskewda|Close Combat|p1a: Toxicroak\n|-resisted|p1a: Toxicroak\n|-damage|p1a: Toxicroak|190/277\n|-unboost|p2a: Barraskewda|def|1\n|-unboost|p2a: Barraskewda|spd|1\n|\n|-weather|Snowscape|[upkeep]\n|upkeep\n|turn|11\n|inactive|Jefejenaro has 120 seconds left.\n|\n|t:|1781443581\n|switch|p2a: Gholdengo|Gholdengo, L77|261/261\n|move|p1a: Toxicroak|Close Combat|p2a: Gholdengo\n|-immune|p2a: Gholdengo\n|\n|-weather|none\n|upkeep\n|turn|12\n|inactive|Jefejenaro has 120 seconds left.\n|\n|t:|1781443596\n|move|p2a: Gholdengo|Make It Rain|p1a: Toxicroak\n|-damage|p1a: Toxicroak|6/277\n|-unboost|p2a: Gholdengo|spa|1\n|move|p1a: Toxicroak|Swords Dance|p1a: Toxicroak\n|-boost|p1a: Toxicroak|atk|2\n|\n|upkeep\n|turn|13\n|\n|t:|1781443600\n|move|p1a: Toxicroak|Sucker Punch|p2a: Gholdengo\n|-supereffective|p2a: Gholdengo\n|-damage|p2a: Gholdengo|130/261\n|-damage|p1a: Toxicroak|0 fnt|[from] item: Life Orb\n|faint|p1a: Toxicroak\n|move|p2a: Gholdengo|Make It Rain|p1: Toxicroak|[notarget]\n|-fail|p2a: Gholdengo\n|\n|upkeep\n|\n|t:|1781443620\n|switch|p1a: Lunala|Lunala, L70|308/308\n|turn|14\n|\n|t:|1781443639\n|move|p2a: Gholdengo|Make It Rain|p1a: Lunala\n|-damage|p1a: Lunala|260/308\n|-unboost|p2a: Gholdengo|spa|1\n|move|p1a: Lunala|Moongeist Beam|p2a: Gholdengo\n|-supereffective|p2a: Gholdengo\n|-damage|p2a: Gholdengo|31/261\n|\n|-heal|p1a: Lunala|279/308|[from] item: Leftovers\n|-sideend|p2: Jefejenaro|move: Aurora Veil\n|upkeep\n|turn|15\n|\n|t:|1781443650\n|switch|p2a: Abomasnow|Abomasnow, L84, F|186/287\n|-weather|Snowscape|[from] ability: Snow Warning|[of] p2a: Abomasnow\n|move|p1a: Lunala|Moongeist Beam|p2a: Abomasnow\n|-damage|p2a: Abomasnow|74/287\n|\n|-weather|Snowscape|[upkeep]\n|-heal|p1a: Lunala|298/308|[from] item: Leftovers\n|upkeep\n|turn|16\n|\n|t:|1781443657\n|move|p1a: Lunala|Moongeist Beam|p2a: Abomasnow\n|-damage|p2a: Abomasnow|0 fnt\n|faint|p2a: Abomasnow\n|\n|-weather|Snowscape|[upkeep]\n|-heal|p1a: Lunala|308/308|[from] item: Leftovers\n|upkeep\n|\n|t:|1781443662\n|switch|p2a: Gholdengo|Gholdengo, L77|31/261\n|turn|17\n|\n|t:|1781443668\n|switch|p1a: Komala|Komala, L88, M|258/258\n|-ability|p1a: Komala|Comatose\n|move|p2a: Gholdengo|Trick|p1a: Komala\n|-activate|p2a: Gholdengo|move: Trick|[of] p1a: Komala\n|-item|p1a: Komala|Choice Scarf|[from] move: Trick\n|-item|p2a: Gholdengo|Choice Scarf|[from] move: Trick\n|\n|-weather|Snowscape|[upkeep]\n|upkeep\n|turn|18\n|\n|t:|1781443675\n|move|p2a: Gholdengo|Focus Blast|p1a: Komala\n|-supereffective|p1a: Komala\n|-damage|p1a: Komala|84/258\n|move|p1a: Komala|Knock Off|p2a: Gholdengo\n|-supereffective|p2a: Gholdengo\n|-crit|p2a: Gholdengo\n|-damage|p2a: Gholdengo|0 fnt\n|-enditem|p2a: Gholdengo|Choice Scarf|[from] move: Knock Off|[of] p1a: Komala\n|faint|p2a: Gholdengo\n|\n|-weather|Snowscape|[upkeep]\n|upkeep\n|\n|t:|1781443697\n|switch|p2a: Barraskewda|Barraskewda, L81, M|99/231\n|turn|19\n|\n|t:|1781443699\n|move|p2a: Barraskewda|Waterfall|p1a: Komala\n|-damage|p1a: Komala|0 fnt\n|faint|p1a: Komala\n|\n|-weather|none\n|upkeep\n|\n|t:|1781443704\n|switch|p1a: Comfey|Comfey, L85, F|225/225\n|turn|20\n|\n|t:|1781443708\n|move|p1a: Comfey|Draining Kiss|p2a: Barraskewda\n|-damage|p2a: Barraskewda|30/231\n|move|p2a: Barraskewda|Waterfall|p1a: Comfey\n|-damage|p1a: Comfey|74/225\n|\n|-heal|p1a: Comfey|88/225|[from] item: Leftovers\n|upkeep\n|turn|21\n|\n|t:|1781443712\n|move|p1a: Comfey|Draining Kiss|p2a: Barraskewda\n|-damage|p2a: Barraskewda|0 fnt\n|-heal|p1a: Comfey|111/225|[from] drain|[of] p2a: Barraskewda\n|faint|p2a: Barraskewda\n|\n|-heal|p1a: Comfey|125/225|[from] item: Leftovers\n|upkeep\n|\n|t:|1781443717\n|switch|p2a: Polteageist|Polteageist-Antique, L78|222/222\n|turn|22\n|\n|t:|1781443726\n|move|p1a: Comfey|Calm Mind|p1a: Comfey\n|-boost|p1a: Comfey|spa|1\n|-boost|p1a: Comfey|spd|1\n|move|p2a: Polteageist|Shell Smash|p2a: Polteageist\n|-unboost|p2a: Polteageist|def|1\n|-unboost|p2a: Polteageist|spd|1\n|-boost|p2a: Polteageist|atk|2\n|-boost|p2a: Polteageist|spa|2\n|-boost|p2a: Polteageist|spe|2\n|-enditem|p2a: Polteageist|White Herb\n|-clearnegativeboost|p2a: Polteageist|[silent]\n|\n|-heal|p1a: Comfey|139/225|[from] item: Leftovers\n|upkeep\n|turn|23\n|\n|t:|1781443732\n|move|p1a: Comfey|Draining Kiss|p2a: Polteageist\n|-damage|p2a: Polteageist|159/222\n|-heal|p1a: Comfey|186/225|[from] drain|[of] p2a: Polteageist\n|move|p2a: Polteageist|Stored Power|p1a: Comfey\n|-damage|p1a: Comfey|61/225\n|\n|-heal|p1a: Comfey|75/225|[from] item: Leftovers\n|upkeep\n|turn|24\n|\n|t:|1781443740\n|move|p1a: Comfey|Draining Kiss|p2a: Polteageist\n|-damage|p2a: Polteageist|92/222\n|-heal|p1a: Comfey|125/225|[from] drain|[of] p2a: Polteageist\n|move|p2a: Polteageist|Stored Power|p1a: Comfey\n|-damage|p1a: Comfey|0 fnt\n|faint|p1a: Comfey\n|\n|upkeep\n|\n|t:|1781443746\n|switch|p1a: Lunala|Lunala, L70|308/308\n|turn|25\n|\n|t:|1781443751\n|-terastallize|p2a: Polteageist|Dark\n|-terastallize|p1a: Lunala|Fighting\n|move|p2a: Polteageist|Shadow Ball|p1a: Lunala\n|-damage|p1a: Lunala|218/308\n|move|p1a: Lunala|Moongeist Beam|p2a: Polteageist\n|-resisted|p2a: Polteageist\n|-damage|p2a: Polteageist|45/222\n|\n|-heal|p1a: Lunala|237/308|[from] item: Leftovers\n|upkeep\n|turn|26\n|\n|t:|1781443765\n|move|p2a: Polteageist|Stored Power|p1a: Lunala\n|-supereffective|p1a: Lunala\n|-damage|p1a: Lunala|0 fnt\n|faint|p1a: Lunala\n|\n|upkeep\n|\n|t:|1781443767\n|switch|p1a: Cryogonal|Cryogonal, L89|169/287\n|turn|27\n|l|\u2606Isitshine11\n|inactive|Isitshine11 disconnected and has a minute to reconnect!\n|player|p1|\n|inactive|Jefejenaro has 120 seconds left.\n|j|\u2606Isitshine11\n|inactive|Isitshine11 reconnected.\n|player|p1|Isitshine11|medium|\n|\n|t:|1781443811\n|move|p2a: Polteageist|Strength Sap|p1a: Cryogonal\n|-unboost|p1a: Cryogonal|atk|1\n|-heal|p2a: Polteageist|185/222\n|move|p1a: Cryogonal|Freeze-Dry|p2a: Polteageist\n|-damage|p2a: Polteageist|116/222\n|-start|p1a: Cryogonal|Disable|Freeze-Dry|[from] ability: Cursed Body|[of] p2a: Polteageist\n|\n|upkeep\n|turn|28\n|\n|t:|1781443821\n|move|p2a: Polteageist|Shadow Ball|p1a: Cryogonal\n|-damage|p1a: Cryogonal|45/287\n|move|p1a: Cryogonal|Recover|p1a: Cryogonal\n|-heal|p1a: Cryogonal|189/287\n|\n|upkeep\n|turn|29\n|\n|t:|1781443827\n|move|p2a: Polteageist|Stored Power|p1a: Cryogonal\n|-damage|p1a: Cryogonal|36/287\n|move|p1a: Cryogonal|Recover|p1a: Cryogonal\n|-heal|p1a: Cryogonal|180/287\n|\n|upkeep\n|turn|30\n|\n|t:|1781443831\n|move|p2a: Polteageist|Stored Power|p1a: Cryogonal\n|-damage|p1a: Cryogonal|21/287\n|move|p1a: Cryogonal|Recover|p1a: Cryogonal\n|-heal|p1a: Cryogonal|165/287\n|\n|-end|p1a: Cryogonal|Disable\n|upkeep\n|turn|31\n|\n|t:|1781443833\n|move|p2a: Polteageist|Stored Power|p1a: Cryogonal\n|-damage|p1a: Cryogonal|20/287\n|move|p1a: Cryogonal|Recover|p1a: Cryogonal\n|-heal|p1a: Cryogonal|164/287\n|\n|upkeep\n|turn|32\n|\n|t:|1781443836\n|move|p2a: Polteageist|Stored Power|p1a: Cryogonal\n|-damage|p1a: Cryogonal|3/287\n|move|p1a: Cryogonal|Freeze-Dry|p2a: Polteageist\n|-damage|p2a: Polteageist|37/222\n|\n|upkeep\n|turn|33\n|\n|t:|1781443838\n|move|p2a: Polteageist|Stored Power|p1a: Cryogonal\n|-damage|p1a: Cryogonal|0 fnt\n|faint|p1a: Cryogonal\n|\n|win|Jefejenaro\n", "uploadtime": 1781443355, "views": 6, "formatid": "gen9randombattle", "rating": null, "private": 0, "password": null}