{"id": "gen9randombattle-2631611582", "format": "[Gen 9] Random Battle", "players": ["Alexander Babits", "Failtacular3245"], "log": "|j|\u203dAlexander Babits\n|j|\u2606Failtacular3245\n|t:|1781408665\n|gametype|singles\n|player|p1|Alexander Babits|2|2020\n|player|p2|Failtacular3245|youngster-gen4dp|1949\n|gen|9\n|tier|[Gen 9] Random Battle\n|rated|\n|rule|Species Clause: Limit one of each Pok\u00e9mon\n|rule|HP Percentage Mod: HP is shown in percentages\n|rule|Sleep Clause Mod: Limit one foe put to sleep\n|rule|Illusion Level Mod: Illusion disguises the Pok\u00e9mon's true level\n|\n|t:|1781408665\n|teamsize|p1|6\n|teamsize|p2|6\n|start\n|switch|p1a: Gogoat|Gogoat, L88, M|360/360\n|switch|p2a: Terrakion|Terrakion, L79|273/273\n|turn|1\n|inactive|Battle timer is ON: inactive players will automatically lose when time's up. (requested by Failtacular3245)\n|\n|t:|1781408688\n|switch|p2a: Toxicroak|Toxicroak, L84, F|277/277\n|switch|p1a: Banette|Banette, L93, M|270/270\n|\n|upkeep\n|turn|2\n|\n|t:|1781408703\n|switch|p2a: Bastiodon|Bastiodon, L89, F|252/252\n|move|p1a: Banette|Thunder Wave|p2a: Bastiodon\n|-status|p2a: Bastiodon|par\n|\n|upkeep\n|turn|3\n|inactive|Alexander Babits has 120 seconds left.\n|\n|t:|1781408735\n|move|p1a: Banette|Poltergeist|p2a: Bastiodon\n|-activate|p2a: Bastiodon|move: Poltergeist|Chesto Berry\n|-damage|p2a: Bastiodon|127/252 par\n|-damage|p1a: Banette|243/270|[from] item: Life Orb\n|move|p2a: Bastiodon|Foul Play|p1a: Banette\n|-supereffective|p1a: Banette\n|-damage|p1a: Banette|49/270\n|-start|p2a: Bastiodon|Disable|Foul Play|[from] ability: Cursed Body|[of] p1a: Banette\n|\n|upkeep\n|turn|4\n|\n|t:|1781408744\n|move|p1a: Banette|Poltergeist|p2a: Bastiodon\n|-activate|p2a: Bastiodon|move: Poltergeist|Chesto Berry\n|-damage|p2a: Bastiodon|6/252 par\n|-damage|p1a: Banette|22/270|[from] item: Life Orb\n|move|p2a: Bastiodon|Rest|p2a: Bastiodon\n|-status|p2a: Bastiodon|slp|[from] move: Rest\n|-heal|p2a: Bastiodon|252/252 slp|[silent]\n|-enditem|p2a: Bastiodon|Chesto Berry|[eat]\n|-curestatus|p2a: Bastiodon|slp|[msg]\n|\n|upkeep\n|turn|5\n|\n|t:|1781408751\n|move|p1a: Banette|Poltergeist||[still]\n|-fail|p1a: Banette\n|move|p2a: Bastiodon|Iron Defense|p2a: Bastiodon\n|-boost|p2a: Bastiodon|def|2\n|\n|upkeep\n|turn|6\n|\n|t:|1781408754\n|move|p1a: Banette|Thunder Wave|p2a: Bastiodon\n|-status|p2a: Bastiodon|par\n|move|p2a: Bastiodon|Iron Defense|p2a: Bastiodon\n|-boost|p2a: Bastiodon|def|2\n|\n|-end|p2a: Bastiodon|Disable\n|upkeep\n|turn|7\n|\n|t:|1781408761\n|switch|p1a: Solgaleo|Solgaleo, L74|325/325\n|move|p2a: Bastiodon|Iron Defense|p2a: Bastiodon\n|-boost|p2a: Bastiodon|def|2\n|\n|upkeep\n|turn|8\n|\n|t:|1781408771\n|move|p1a: Solgaleo|Earthquake|p2a: Bastiodon\n|-supereffective|p2a: Bastiodon\n|-damage|p2a: Bastiodon|212/252 par\n|move|p2a: Bastiodon|Body Press|p1a: Solgaleo\n|-damage|p1a: Solgaleo|0 fnt\n|-damage|p2a: Bastiodon|170/252 par|[from] item: Rocky Helmet|[of] p1a: Solgaleo\n|faint|p1a: Solgaleo\n|\n|upkeep\n|\n|t:|1781408779\n|switch|p1a: Spectrier|Spectrier, L75|274/274\n|turn|9\n|\n|t:|1781408796\n|switch|p2a: Meowscarada|Meowscarada, L78, M|247/247\n|move|p1a: Spectrier|Nasty Plot|p1a: Spectrier\n|-boost|p1a: Spectrier|spa|2\n|\n|upkeep\n|turn|10\n|\n|t:|1781408808\n|-terastallize|p1a: Spectrier|Fighting\n|move|p1a: Spectrier|Tera Blast|p2a: Meowscarada|[anim] Tera Blast Fighting\n|-supereffective|p2a: Meowscarada\n|-damage|p2a: Meowscarada|0 fnt\n|faint|p2a: Meowscarada\n|-ability|p1a: Spectrier|Grim Neigh|boost\n|-boost|p1a: Spectrier|spa|1\n|\n|upkeep\n|\n|t:|1781408817\n|switch|p2a: Lugia|Lugia, L73|275/275\n|turn|11\n|\n|t:|1781408826\n|move|p1a: Spectrier|Shadow Ball|p2a: Lugia\n|-supereffective|p2a: Lugia\n|-damage|p2a: Lugia|95/275\n|move|p2a: Lugia|Aeroblast|p1a: Spectrier\n|-supereffective|p1a: Spectrier\n|-damage|p1a: Spectrier|76/274\n|\n|-heal|p1a: Spectrier|93/274|[from] item: Leftovers\n|upkeep\n|turn|12\n|\n|t:|1781408833\n|move|p1a: Spectrier|Shadow Ball|p2a: Lugia\n|-supereffective|p2a: Lugia\n|-damage|p2a: Lugia|0 fnt\n|faint|p2a: Lugia\n|-ability|p1a: Spectrier|Grim Neigh|boost\n|-boost|p1a: Spectrier|spa|1\n|\n|-heal|p1a: Spectrier|110/274|[from] item: Leftovers\n|upkeep\n|\n|t:|1781408836\n|switch|p2a: Terrakion|Terrakion, L79|273/273\n|turn|13\n|\n|t:|1781408855\n|move|p2a: Terrakion|Quick Attack|p1a: Spectrier\n|-damage|p1a: Spectrier|46/274\n|move|p1a: Spectrier|Shadow Ball|p2a: Terrakion\n|-damage|p2a: Terrakion|0 fnt\n|faint|p2a: Terrakion\n|-ability|p1a: Spectrier|Grim Neigh|boost\n|-boost|p1a: Spectrier|spa|1\n|\n|-heal|p1a: Spectrier|63/274|[from] item: Leftovers\n|upkeep\n|\n|t:|1781408858\n|switch|p2a: Toxicroak|Toxicroak, L84, F|277/277\n|turn|14\n|\n|t:|1781408876\n|-terastallize|p2a: Toxicroak|Dark\n|move|p1a: Spectrier|Shadow Ball|p2a: Toxicroak\n|-resisted|p2a: Toxicroak\n|-damage|p2a: Toxicroak|58/277\n|move|p2a: Toxicroak|Close Combat|p1a: Spectrier\n|-damage|p1a: Spectrier|0 fnt\n|-unboost|p2a: Toxicroak|def|1\n|-unboost|p2a: Toxicroak|spd|1\n|faint|p1a: Spectrier\n|-damage|p2a: Toxicroak|31/277|[from] item: Life Orb\n|\n|upkeep\n|inactive|Alexander Babits has 120 seconds left.\n|\n|t:|1781408903\n|switch|p1a: Iron Valiant|Iron Valiant, L78|244/244\n|turn|15\n|inactive|Alexander Babits has 120 seconds left.\n|\n|t:|1781408909\n|move|p1a: Iron Valiant|Moonblast|p2a: Toxicroak\n|-supereffective|p2a: Toxicroak\n|-damage|p2a: Toxicroak|0 fnt\n|faint|p2a: Toxicroak\n|-damage|p1a: Iron Valiant|220/244|[from] item: Life Orb\n|\n|upkeep\n|\n|t:|1781408911\n|switch|p2a: Regidrago|Regidrago, L77|435/435\n|turn|16\n|\n|t:|1781408919\n|move|p1a: Iron Valiant|Moonblast|p2a: Regidrago\n|-supereffective|p2a: Regidrago\n|-crit|p2a: Regidrago\n|-damage|p2a: Regidrago|0 fnt\n|faint|p2a: Regidrago\n|-damage|p1a: Iron Valiant|196/244|[from] item: Life Orb\n|\n|upkeep\n|\n|t:|1781408922\n|switch|p2a: Bastiodon|Bastiodon, L89, F|170/252 par\n|turn|17\n|\n|t:|1781408925\n|move|p1a: Iron Valiant|Close Combat|p2a: Bastiodon\n|-supereffective|p2a: Bastiodon\n|-damage|p2a: Bastiodon|0 fnt\n|-unboost|p1a: Iron Valiant|def|1\n|-unboost|p1a: Iron Valiant|spd|1\n|faint|p2a: Bastiodon\n|-damage|p1a: Iron Valiant|172/244|[from] item: Life Orb\n|\n|win|Alexander Babits\n", "uploadtime": 1781408666, "views": 3, "formatid": "gen9randombattle", "rating": null, "private": 0, "password": null}