{"id": "gen9randombattle-2631873899", "format": "[Gen 9] Random Battle", "players": ["joebidenfan1245", "Segahay"], "log": "|j|\u203djoebidenfan1245\n|j|\u2606Segahay\n|t:|1781450682\n|gametype|singles\n|player|p1|joebidenfan1245|265|1931\n|player|p2|Segahay|2|1907\n|gen|9\n|tier|[Gen 9] Random Battle\n|rated|\n|rule|Species Clause: Limit one of each Pok\u00e9mon\n|rule|HP Percentage Mod: HP is shown in percentages\n|rule|Sleep Clause Mod: Limit one foe put to sleep\n|rule|Illusion Level Mod: Illusion disguises the Pok\u00e9mon's true level\n|\n|t:|1781450682\n|teamsize|p1|6\n|teamsize|p2|6\n|start\n|switch|p1a: Hitmonchan|Hitmonchan, L87, M|229/229\n|switch|p2a: Kilowattrel|Kilowattrel, L83, F|252/252\n|turn|1\n|inactive|Battle timer is ON: inactive players will automatically lose when time's up. (requested by Segahay)\n|\n|t:|1781450705\n|switch|p1a: Rotom|Rotom-Wash, L82|216/216\n|move|p2a: Kilowattrel|Hurricane|p1a: Rotom\n|-resisted|p1a: Rotom\n|-damage|p1a: Rotom|158/216\n|\n|-heal|p1a: Rotom|171/216|[from] item: Leftovers\n|upkeep\n|turn|2\n|\n|t:|1781450715\n|switch|p2a: Hatterene|Hatterene, L85, F|236/236\n|move|p1a: Rotom|Hydro Pump|p2a: Hatterene\n|-damage|p2a: Hatterene|134/236\n|\n|-heal|p1a: Rotom|184/216|[from] item: Leftovers\n|-heal|p2a: Hatterene|148/236|[from] item: Leftovers\n|upkeep\n|turn|3\n|\n|t:|1781450727\n|move|p1a: Rotom|Discharge|p2a: Hatterene\n|-damage|p2a: Hatterene|75/236\n|move|p2a: Hatterene|Draining Kiss|p1a: Rotom\n|-damage|p1a: Rotom|114/216\n|-heal|p2a: Hatterene|128/236|[from] drain|[of] p1a: Rotom\n|\n|-heal|p1a: Rotom|127/216|[from] item: Leftovers\n|-heal|p2a: Hatterene|142/236|[from] item: Leftovers\n|upkeep\n|turn|4\n|\n|t:|1781450737\n|move|p1a: Rotom|Volt Switch|p2a: Hatterene\n|-damage|p2a: Hatterene|78/236\n|\n|t:|1781450740\n|switch|p1a: Mimikyu|Mimikyu, L79, F|216/216|[from] Volt Switch\n|move|p2a: Hatterene|Draining Kiss|p1a: Mimikyu\n|-activate|p1a: Mimikyu|ability: Disguise\n|-damage|p1a: Mimikyu|216/216\n|detailschange|p1a: Mimikyu|Mimikyu-Busted, L79, F\n|-damage|p1a: Mimikyu|189/216|[from] pokemon: Mimikyu-Busted\n|\n|-heal|p2a: Hatterene|92/236|[from] item: Leftovers\n|upkeep\n|turn|5\n|\n|t:|1781450749\n|switch|p2a: Sawsbuck|Sawsbuck, L88, M|284/284\n|move|p1a: Mimikyu|Swords Dance|p1a: Mimikyu\n|-boost|p1a: Mimikyu|atk|2\n|\n|upkeep\n|turn|6\n|\n|t:|1781450753\n|move|p2a: Sawsbuck|Swords Dance|p2a: Sawsbuck\n|-boost|p2a: Sawsbuck|atk|2\n|move|p1a: Mimikyu|Play Rough|p2a: Sawsbuck\n|-damage|p2a: Sawsbuck|53/284\n|-damage|p1a: Mimikyu|168/216|[from] item: Life Orb\n|\n|upkeep\n|turn|7\n|\n|t:|1781450759\n|move|p2a: Sawsbuck|Horn Leech|p1a: Mimikyu\n|-damage|p1a: Mimikyu|0 fnt\n|-heal|p2a: Sawsbuck|137/284|[from] drain|[of] p1a: Mimikyu\n|faint|p1a: Mimikyu\n|-damage|p2a: Sawsbuck|109/284|[from] item: Life Orb\n|\n|upkeep\n|\n|t:|1781450775\n|switch|p1a: Hitmonchan|Hitmonchan, L87, M|229/229\n|turn|8\n|\n|t:|1781450781\n|move|p2a: Sawsbuck|Headbutt|p1a: Hitmonchan\n|-damage|p1a: Hitmonchan|13/229\n|-damage|p2a: Sawsbuck|81/284|[from] item: Life Orb\n|move|p1a: Hitmonchan|Drain Punch|p2a: Sawsbuck\n|-supereffective|p2a: Sawsbuck\n|-damage|p2a: Sawsbuck|0 fnt\n|-heal|p1a: Hitmonchan|54/229|[from] drain|[of] p2a: Sawsbuck\n|faint|p2a: Sawsbuck\n|\n|-heal|p1a: Hitmonchan|68/229|[from] item: Leftovers\n|upkeep\n|\n|t:|1781450784\n|switch|p2a: Cyclizar|Cyclizar, L83, M|252/252\n|turn|9\n|\n|t:|1781450792\n|move|p2a: Cyclizar|Draco Meteor|p1a: Hitmonchan\n|-damage|p1a: Hitmonchan|0 fnt\n|-unboost|p2a: Cyclizar|spa|2\n|faint|p1a: Hitmonchan\n|\n|upkeep\n|\n|t:|1781450801\n|switch|p1a: Cramorant|Cramorant, L86, M|261/261\n|turn|10\n|\n|t:|1781450809\n|move|p2a: Cyclizar|Shed Tail|p2a: Cyclizar\n|-start|p2a: Cyclizar|Substitute|[from] move: Shed Tail\n|-damage|p2a: Cyclizar|126/252\n|\n|t:|1781450811\n|switch|p2a: Kilowattrel|Kilowattrel, L83, F|252/252|[from] Shed Tail\n|move|p1a: Cramorant|Surf|p2a: Kilowattrel\n|-formechange|p1a: Cramorant|Cramorant-Gulping|\n|-end|p2a: Kilowattrel|Substitute\n|\n|upkeep\n|turn|11\n|\n|t:|1781450818\n|switch|p1a: Rotom|Rotom-Wash, L82|127/216\n|move|p2a: Kilowattrel|Thunderbolt|p1a: Rotom\n|-crit|p1a: Rotom\n|-damage|p1a: Rotom|0 fnt\n|faint|p1a: Rotom\n|\n|upkeep\n|\n|t:|1781450826\n|switch|p1a: Roaring Moon|Roaring Moon, L72|270/270\n|turn|12\n|\n|t:|1781450830\n|move|p2a: Kilowattrel|U-turn|p1a: Roaring Moon\n|-supereffective|p1a: Roaring Moon\n|-damage|p1a: Roaring Moon|172/270\n|\n|t:|1781450834\n|switch|p2a: Carbink|Carbink, L90|236/236|[from] U-turn\n|move|p1a: Roaring Moon|Dragon Dance|p1a: Roaring Moon\n|-boost|p1a: Roaring Moon|atk|1\n|-boost|p1a: Roaring Moon|spe|1\n|\n|upkeep\n|turn|13\n|\n|t:|1781450841\n|-terastallize|p1a: Roaring Moon|Ground\n|move|p1a: Roaring Moon|Earthquake|p2a: Carbink\n|-supereffective|p2a: Carbink\n|-damage|p2a: Carbink|48/236\n|move|p2a: Carbink|Iron Defense|p2a: Carbink\n|-boost|p2a: Carbink|def|2\n|\n|upkeep\n|turn|14\n|\n|t:|1781450849\n|move|p1a: Roaring Moon|Earthquake|p2a: Carbink\n|-supereffective|p2a: Carbink\n|-damage|p2a: Carbink|0 fnt\n|faint|p2a: Carbink\n|\n|upkeep\n|\n|t:|1781450856\n|switch|p2a: Scovillain|Scovillain, L91, F|266/266\n|turn|15\n|\n|t:|1781450866\n|move|p1a: Roaring Moon|Earthquake|p2a: Scovillain\n|-damage|p2a: Scovillain|74/266\n|move|p2a: Scovillain|Leech Seed|p1a: Roaring Moon|[miss]\n|-miss|p2a: Scovillain|p1a: Roaring Moon\n|\n|-heal|p2a: Scovillain|90/266|[from] item: Leftovers\n|upkeep\n|turn|16\n|\n|t:|1781450872\n|move|p2a: Scovillain|Protect|p2a: Scovillain\n|-singleturn|p2a: Scovillain|Protect\n|move|p1a: Roaring Moon|Earthquake|p2a: Scovillain\n|-activate|p2a: Scovillain|move: Protect\n|\n|-heal|p2a: Scovillain|106/266|[from] item: Leftovers\n|upkeep\n|turn|17\n|\n|t:|1781450881\n|switch|p2a: Kilowattrel|Kilowattrel, L83, F|252/252\n|move|p1a: Roaring Moon|Earthquake|p2a: Kilowattrel\n|-immune|p2a: Kilowattrel\n|\n|upkeep\n|turn|18\n|\n|t:|1781450887\n|move|p1a: Roaring Moon|Knock Off|p2a: Kilowattrel\n|-damage|p2a: Kilowattrel|51/252\n|-enditem|p2a: Kilowattrel|Heavy-Duty Boots|[from] move: Knock Off|[of] p1a: Roaring Moon\n|move|p2a: Kilowattrel|Hurricane|p1a: Roaring Moon|[miss]\n|-miss|p2a: Kilowattrel|p1a: Roaring Moon\n|\n|upkeep\n|turn|19\n|\n|t:|1781450899\n|move|p1a: Roaring Moon|Knock Off|p2a: Kilowattrel\n|-damage|p2a: Kilowattrel|0 fnt\n|faint|p2a: Kilowattrel\n|\n|upkeep\n|\n|t:|1781450907\n|switch|p2a: Cyclizar|Cyclizar, L83, M|210/252\n|turn|20\n|\n|t:|1781450915\n|-terastallize|p2a: Cyclizar|Steel\n|move|p1a: Roaring Moon|Earthquake|p2a: Cyclizar\n|-supereffective|p2a: Cyclizar\n|-damage|p2a: Cyclizar|0 fnt\n|faint|p2a: Cyclizar\n|\n|upkeep\n|\n|t:|1781450919\n|switch|p2a: Scovillain|Scovillain, L91, F|106/266\n|turn|21\n|\n|t:|1781450922\n|move|p2a: Scovillain|Protect|p2a: Scovillain\n|-singleturn|p2a: Scovillain|Protect\n|move|p1a: Roaring Moon|Earthquake|p2a: Scovillain\n|-activate|p2a: Scovillain|move: Protect\n|\n|-heal|p2a: Scovillain|122/266|[from] item: Leftovers\n|upkeep\n|turn|22\n|\n|t:|1781450924\n|move|p1a: Roaring Moon|Earthquake|p2a: Scovillain\n|-damage|p2a: Scovillain|0 fnt\n|faint|p2a: Scovillain\n|\n|upkeep\n|\n|t:|1781450926\n|switch|p2a: Hatterene|Hatterene, L85, F|92/236\n|turn|23\n|\n|t:|1781450928\n|move|p1a: Roaring Moon|Earthquake|p2a: Hatterene\n|-damage|p2a: Hatterene|0 fnt\n|faint|p2a: Hatterene\n|\n|win|joebidenfan1245\n|raw|joebidenfan1245's rating: 1931 &rarr; <strong>1950</strong><br />(+19 for winning)\n|raw|Segahay's rating: 1907 &rarr; <strong>1888</strong><br />(-19 for losing)\n", "uploadtime": 1781450684, "views": 3, "formatid": "gen9randombattle", "rating": 1888, "private": 0, "password": null}