{"id": "gen9randombattle-2631530248", "format": "[Gen 9] Random Battle", "players": ["Daruma", "MMF6G"], "log": "|j|\u2606Daruma\n|j|\u2606MMF6G\n|t:|1781397235\n|gametype|singles\n|player|p1|Daruma|#ruplixsleekslushrushers|2065\n|player|p2|MMF6G|veteran|2029\n|gen|9\n|tier|[Gen 9] Random Battle\n|rated|\n|rule|Species Clause: Limit one of each Pok\u00e9mon\n|rule|HP Percentage Mod: HP is shown in percentages\n|rule|Sleep Clause Mod: Limit one foe put to sleep\n|rule|Illusion Level Mod: Illusion disguises the Pok\u00e9mon's true level\n|\n|t:|1781397235\n|teamsize|p1|6\n|teamsize|p2|6\n|start\n|switch|p1a: Kingdra|Kingdra, L84, M|263/263\n|switch|p2a: Shiftry|Shiftry, L89, M|305/305\n|turn|1\n|inactive|Battle timer is ON: inactive players will automatically lose when time's up. (requested by MMF6G)\n|j| mewhoisplayinghere\n|\n|t:|1781397253\n|move|p2a: Shiftry|Tailwind|p2a: Shiftry\n|-sidestart|p2: MMF6G|move: Tailwind\n|-ability|p2a: Shiftry|Wind Rider|boost\n|-boost|p2a: Shiftry|atk|1\n|move|p1a: Kingdra|Draco Meteor|p2a: Shiftry\n|-damage|p2a: Shiftry|94/305\n|-unboost|p1a: Kingdra|spa|2\n|-damage|p1a: Kingdra|237/263|[from] item: Life Orb\n|\n|upkeep\n|turn|2\n|l| mewhoisplayinghere\n|\n|t:|1781397261\n|move|p2a: Shiftry|Knock Off|p1a: Kingdra\n|-damage|p1a: Kingdra|38/263\n|-enditem|p1a: Kingdra|Life Orb|[from] move: Knock Off|[of] p2a: Shiftry\n|-damage|p2a: Shiftry|64/305|[from] item: Life Orb\n|move|p1a: Kingdra|Draco Meteor|p2a: Shiftry\n|-damage|p2a: Shiftry|0 fnt\n|-unboost|p1a: Kingdra|spa|2\n|faint|p2a: Shiftry\n|\n|upkeep\n|\n|t:|1781397282\n|switch|p2a: Tropius|Tropius, L91, M|328/328\n|turn|3\n|\n|t:|1781397286\n|move|p2a: Tropius|Dragon Dance|p2a: Tropius\n|-boost|p2a: Tropius|atk|1\n|-boost|p2a: Tropius|spe|1\n|move|p1a: Kingdra|Wave Crash|p2a: Tropius\n|-resisted|p2a: Tropius\n|-damage|p2a: Tropius|271/328\n|-damage|p1a: Kingdra|19/263|[from] Recoil\n|\n|upkeep\n|turn|4\n|\n|t:|1781397300\n|move|p2a: Tropius|Dragon Dance|p2a: Tropius\n|-boost|p2a: Tropius|atk|1\n|-boost|p2a: Tropius|spe|1\n|move|p1a: Kingdra|Wave Crash|p2a: Tropius\n|-resisted|p2a: Tropius\n|-damage|p2a: Tropius|213/328\n|-damage|p1a: Kingdra|0 fnt|[from] Recoil\n|faint|p1a: Kingdra\n|\n|-sideend|p2: MMF6G|move: Tailwind\n|upkeep\n|\n|t:|1781397316\n|switch|p1a: Duraludon|Duraludon, L82, M|249/249\n|turn|5\n|\n|t:|1781397331\n|move|p2a: Tropius|Earthquake|p1a: Duraludon\n|-supereffective|p1a: Duraludon\n|-damage|p1a: Duraludon|109/249\n|move|p1a: Duraludon|Thunder Wave|p2a: Tropius\n|-status|p2a: Tropius|par\n|\n|upkeep\n|turn|6\n|\n|t:|1781397335\n|move|p1a: Duraludon|Flash Cannon|p2a: Tropius\n|-damage|p2a: Tropius|119/328 par\n|-enditem|p2a: Tropius|Sitrus Berry|[eat]\n|-heal|p2a: Tropius|201/328 par|[from] item: Sitrus Berry\n|move|p2a: Tropius|Earthquake|p1a: Duraludon\n|-supereffective|p1a: Duraludon\n|-damage|p1a: Duraludon|0 fnt\n|faint|p1a: Duraludon\n|\n|upkeep\n|\n|t:|1781397350\n|switch|p1a: Samurott|Samurott-Hisui, L77, M|265/265\n|turn|7\n|\n|t:|1781397356\n|move|p1a: Samurott|Ceaseless Edge|p2a: Tropius\n|-damage|p2a: Tropius|63/328 par\n|-sidestart|p2: MMF6G|Spikes\n|cant|p2a: Tropius|par\n|\n|-item|p2a: Tropius|Sitrus Berry|[from] ability: Harvest\n|upkeep\n|-enditem|p2a: Tropius|Sitrus Berry|[eat]\n|-heal|p2a: Tropius|145/328 par|[from] item: Sitrus Berry\n|turn|8\n|\n|t:|1781397361\n|move|p1a: Samurott|Ceaseless Edge|p2a: Tropius\n|-damage|p2a: Tropius|0 fnt\n|-sidestart|p2: MMF6G|Spikes\n|faint|p2a: Tropius\n|\n|upkeep\n|\n|t:|1781397368\n|switch|p2a: Regieleki|Regieleki, L79|256/256\n|-damage|p2a: Regieleki|214/256|[from] Spikes\n|turn|9\n|\n|t:|1781397371\n|move|p2a: Regieleki|Thunderbolt|p1a: Samurott\n|-supereffective|p1a: Samurott\n|-damage|p1a: Samurott|0 fnt\n|faint|p1a: Samurott\n|\n|upkeep\n|\n|t:|1781397376\n|switch|p1a: Victreebel|Victreebel, L90, F|290/290\n|turn|10\n|\n|t:|1781397383\n|switch|p2a: Drifblim|Drifblim, L86, F|396/396\n|move|p1a: Victreebel|Sludge Wave|p2a: Drifblim\n|-resisted|p2a: Drifblim\n|-damage|p2a: Drifblim|287/396\n|-damage|p1a: Victreebel|261/290|[from] item: Life Orb\n|\n|upkeep\n|turn|11\n|\n|t:|1781397392\n|switch|p1a: Dodrio|Dodrio, L85, F|235/235\n|move|p2a: Drifblim|Calm Mind|p2a: Drifblim\n|-boost|p2a: Drifblim|spa|1\n|-boost|p2a: Drifblim|spd|1\n|\n|upkeep\n|turn|12\n|\n|t:|1781397398\n|move|p1a: Dodrio|Dark Pulse|p2a: Drifblim\n|-supereffective|p2a: Drifblim\n|-damage|p2a: Drifblim|0 fnt\n|faint|p2a: Drifblim\n|\n|upkeep\n|\n|t:|1781397406\n|switch|p2a: Grafaiai|Grafaiai, L86, F|249/249\n|turn|13\n|\n|t:|1781397409\n|move|p2a: Grafaiai|Gunk Shot|p1a: Dodrio\n|-damage|p1a: Dodrio|72/235\n|-status|p1a: Dodrio|psn\n|replace|p1a: Zoroark|Zoroark, L83, M\n|-end|p1a: Zoroark|Illusion\n|-hint|Illusion Level Mod is active, so this Pok\u00e9mon's true level was hidden.\n|move|p1a: Zoroark|Dark Pulse|p2a: Grafaiai\n|-damage|p2a: Grafaiai|75/249\n|\n|-damage|p1a: Zoroark|43/235 psn|[from] psn\n|upkeep\n|turn|14\n|\n|t:|1781397413\n|move|p2a: Grafaiai|Knock Off|p1a: Zoroark\n|-resisted|p1a: Zoroark\n|-damage|p1a: Zoroark|0 fnt\n|-enditem|p1a: Zoroark|Choice Specs|[from] move: Knock Off|[of] p2a: Grafaiai\n|faint|p1a: Zoroark\n|\n|upkeep\n|\n|t:|1781397416\n|switch|p1a: Victreebel|Victreebel, L90, F|261/290\n|turn|15\n|\n|t:|1781397422\n|move|p1a: Victreebel|Sucker Punch|p2a: Grafaiai\n|-damage|p2a: Grafaiai|0 fnt\n|faint|p2a: Grafaiai\n|-damage|p1a: Victreebel|232/290|[from] item: Life Orb\n|\n|upkeep\n|\n|t:|1781397425\n|switch|p2a: Dunsparce|Dunsparce, L86, M|312/312\n|-damage|p2a: Dunsparce|260/312|[from] Spikes\n|turn|16\n|\n|t:|1781397429\n|move|p1a: Victreebel|Power Whip|p2a: Dunsparce\n|-damage|p2a: Dunsparce|100/312\n|-damage|p1a: Victreebel|203/290|[from] item: Life Orb\n|move|p2a: Dunsparce|Body Slam|p1a: Victreebel\n|-damage|p1a: Victreebel|119/290\n|\n|upkeep\n|turn|17\n|\n|t:|1781397435\n|move|p1a: Victreebel|Power Whip|p2a: Dunsparce\n|-damage|p2a: Dunsparce|0 fnt\n|faint|p2a: Dunsparce\n|-damage|p1a: Victreebel|90/290|[from] item: Life Orb\n|\n|upkeep\n|\n|t:|1781397436\n|switch|p2a: Regieleki|Regieleki, L79|214/256\n|-damage|p2a: Regieleki|172/256|[from] Spikes\n|turn|18\n|\n|t:|1781397455\n|-terastallize|p2a: Regieleki|Ice\n|move|p2a: Regieleki|Tera Blast|p1a: Victreebel|[anim] Tera Blast Ice\n|-supereffective|p1a: Victreebel\n|-damage|p1a: Victreebel|0 fnt\n|faint|p1a: Victreebel\n|\n|upkeep\n|\n|t:|1781397457\n|switch|p1a: Dodrio|Dodrio, L85, F|241/241\n|turn|19\n|\n|t:|1781397465\n|-terastallize|p1a: Dodrio|Ground\n|move|p2a: Regieleki|Thunderbolt|p1a: Dodrio\n|-immune|p1a: Dodrio\n|move|p1a: Dodrio|Double-Edge|p2a: Regieleki\n|-damage|p2a: Regieleki|0 fnt\n|faint|p2a: Regieleki\n|-damage|p1a: Dodrio|184/241|[from] Recoil\n|\n|win|Daruma\n", "uploadtime": 1781397236, "views": 3, "formatid": "gen9randombattle", "rating": null, "private": 0, "password": null}