{"id": "gen9randombattle-2631745315", "format": "[Gen 9] Random Battle", "players": ["marrickchill", "Gaaraks"], "log": "|j|\u2606marrickchill\n|j|\u2606Gaaraks\n|t:|1781432722\n|gametype|singles\n|player|p1|marrickchill|266|2032\n|player|p2|Gaaraks|2|2045\n|gen|9\n|tier|[Gen 9] Random Battle\n|rated|\n|rule|Species Clause: Limit one of each Pok\u00e9mon\n|rule|HP Percentage Mod: HP is shown in percentages\n|rule|Sleep Clause Mod: Limit one foe put to sleep\n|rule|Illusion Level Mod: Illusion disguises the Pok\u00e9mon's true level\n|\n|t:|1781432722\n|teamsize|p1|6\n|teamsize|p2|6\n|start\n|switch|p1a: Empoleon|Empoleon, L84, M|278/278\n|switch|p2a: Cacturne|Cacturne, L92, F|278/278\n|turn|1\n|\n|t:|1781432730\n|move|p2a: Cacturne|Focus Blast|p1a: Empoleon\n|-supereffective|p1a: Empoleon\n|-crit|p1a: Empoleon\n|-damage|p1a: Empoleon|0 fnt\n|faint|p1a: Empoleon\n|-damage|p2a: Cacturne|251/278|[from] item: Life Orb\n|\n|upkeep\n|\n|t:|1781432733\n|switch|p1a: Hawlucha|Hawlucha, L80, F|256/256\n|turn|2\n|\n|t:|1781432740\n|switch|p1a: Gumshoos|Gumshoos, L95, M|321/321\n|switch|p2a: Grafaiai|Grafaiai, L86, F|249/249\n|\n|upkeep\n|turn|3\n|\n|t:|1781432745\n|move|p2a: Grafaiai|Parting Shot|p1a: Gumshoos\n|-unboost|p1a: Gumshoos|atk|1\n|-unboost|p1a: Gumshoos|spa|1\n|\n|t:|1781432750\n|switch|p2a: Cacturne|Cacturne, L92, F|251/278|[from] Parting Shot\n|move|p1a: Gumshoos|U-turn|p2a: Cacturne\n|-supereffective|p2a: Cacturne\n|-damage|p2a: Cacturne|0 fnt\n|faint|p2a: Cacturne\n|\n|t:|1781432758\n|switch|p1a: Bombirdier|Bombirdier, L85, M|258/258|[from] U-turn\n|\n|upkeep\n|\n|t:|1781432761\n|switch|p2a: Mimikyu|Mimikyu, L79, F|216/216\n|turn|4\n|\n|t:|1781432764\n|move|p2a: Mimikyu|Swords Dance|p2a: Mimikyu\n|-boost|p2a: Mimikyu|atk|2\n|move|p1a: Bombirdier|U-turn|p2a: Mimikyu\n|-activate|p2a: Mimikyu|ability: Disguise\n|-damage|p2a: Mimikyu|216/216\n|detailschange|p2a: Mimikyu|Mimikyu-Busted, L79, F\n|-damage|p2a: Mimikyu|189/216|[from] pokemon: Mimikyu-Busted\n|\n|t:|1781432769\n|switch|p1a: Gumshoos|Gumshoos, L95, M|321/321|[from] U-turn\n|\n|upkeep\n|turn|5\n|\n|t:|1781432775\n|-terastallize|p2a: Mimikyu|Fighting\n|move|p2a: Mimikyu|Drain Punch|p1a: Gumshoos\n|-supereffective|p1a: Gumshoos\n|-damage|p1a: Gumshoos|0 fnt\n|-heal|p2a: Mimikyu|216/216|[from] drain|[of] p1a: Gumshoos\n|faint|p1a: Gumshoos\n|-damage|p2a: Mimikyu|195/216|[from] item: Life Orb\n|\n|upkeep\n|\n|t:|1781432779\n|switch|p1a: Hawlucha|Hawlucha, L80, F|256/256\n|turn|6\n|\n|t:|1781432785\n|switch|p2a: Lycanroc|Lycanroc-Midnight, L89, F|296/296\n|move|p1a: Hawlucha|Brave Bird|p2a: Lycanroc\n|-resisted|p2a: Lycanroc\n|-damage|p2a: Lycanroc|242/296\n|-damage|p1a: Hawlucha|238/256|[from] Recoil\n|\n|upkeep\n|turn|7\n|\n|t:|1781432790\n|move|p1a: Hawlucha|Close Combat|p2a: Lycanroc\n|-supereffective|p2a: Lycanroc\n|-damage|p2a: Lycanroc|0 fnt\n|-unboost|p1a: Hawlucha|def|1\n|-unboost|p1a: Hawlucha|spd|1\n|faint|p2a: Lycanroc\n|-enditem|p1a: Hawlucha|White Herb\n|-clearnegativeboost|p1a: Hawlucha|[silent]\n|\n|upkeep\n|\n|t:|1781432796\n|switch|p2a: Golduck|Golduck, L90, M|290/290\n|-ability|p2a: Golduck|Cloud Nine\n|turn|8\n|\n|t:|1781432800\n|switch|p1a: Palkia|Palkia-Origin, L72|249/249\n|-ability|p1a: Palkia|Pressure\n|move|p2a: Golduck|Ice Beam|p1a: Palkia\n|-damage|p1a: Palkia|162/249\n|-damage|p2a: Golduck|261/290|[from] item: Life Orb\n|\n|upkeep\n|turn|9\n|\n|t:|1781432805\n|move|p1a: Palkia|Thunder Wave|p2a: Golduck|[miss]\n|-miss|p1a: Palkia|p2a: Golduck\n|move|p2a: Golduck|Nasty Plot|p2a: Golduck\n|-boost|p2a: Golduck|spa|2\n|\n|upkeep\n|turn|10\n|\n|t:|1781432809\n|move|p1a: Palkia|Spacial Rend|p2a: Golduck|[miss]\n|-miss|p1a: Palkia|p2a: Golduck\n|move|p2a: Golduck|Grass Knot|p1a: Palkia\n|-damage|p1a: Palkia|0 fnt\n|faint|p1a: Palkia\n|-damage|p2a: Golduck|232/290|[from] item: Life Orb\n|\n|upkeep\n|-message|marrickchill forfeited.\n|\n|win|Gaaraks\n|raw|marrickchill's rating: 2032 &rarr; <strong>2013</strong><br />(-19 for losing)\n|raw|Gaaraks's rating: 2045 &rarr; <strong>2064</strong><br />(+19 for winning)\n", "uploadtime": 1781432724, "views": 3, "formatid": "gen9randombattle", "rating": 2013, "private": 0, "password": null}