{"id": "gen9randombattle-2632011277", "format": "[Gen 9] Random Battle", "players": ["pagenfranskane", "nickolassbomfim"], "log": "|j|\u2606pagenfranskane\n|j|\u2606nickolassbomfim\n|t:|1781465717\n|gametype|singles\n|player|p1|pagenfranskane|battlegirl|1981\n|player|p2|nickolassbomfim|red-masters|2002\n|gen|9\n|tier|[Gen 9] Random Battle\n|rated|\n|rule|Species Clause: Limit one of each Pok\u00e9mon\n|rule|HP Percentage Mod: HP is shown in percentages\n|rule|Sleep Clause Mod: Limit one foe put to sleep\n|rule|Illusion Level Mod: Illusion disguises the Pok\u00e9mon's true level\n|\n|t:|1781465717\n|teamsize|p1|6\n|teamsize|p2|6\n|start\n|switch|p1a: Regirock|Regirock, L83|268/268\n|switch|p2a: Coalossal|Coalossal, L89, M|341/341\n|turn|1\n|inactive|Battle timer is ON: inactive players will automatically lose when time's up. (requested by nickolassbomfim)\n|\n|t:|1781465731\n|move|p1a: Regirock|Iron Defense|p1a: Regirock\n|-boost|p1a: Regirock|def|2\n|move|p2a: Coalossal|Spikes|p1a: Regirock\n|-sidestart|p1: pagenfranskane|Spikes\n|\n|upkeep\n|turn|2\n|\n|t:|1781465736\n|switch|p2a: Sableye|Sableye, L88, M|231/231\n|move|p1a: Regirock|Iron Defense|p1a: Regirock\n|-boost|p1a: Regirock|def|2\n|\n|upkeep\n|turn|3\n|\n|t:|1781465740\n|switch|p1a: Chi-Yu|Chi-Yu, L77|211/211\n|-damage|p1a: Chi-Yu|185/211|[from] Spikes\n|-ability|p1a: Chi-Yu|Beads of Ruin\n|move|p2a: Sableye|Encore|p1a: Chi-Yu\n|-hint|Since gen 7, Dark is immune to Prankster moves.\n|-immune|p1a: Chi-Yu\n|\n|upkeep\n|turn|4\n|\n|t:|1781465746\n|move|p1a: Chi-Yu|Dark Pulse|p2a: Sableye\n|-damage|p2a: Sableye|6/231\n|move|p2a: Sableye|Knock Off|p1a: Chi-Yu\n|-resisted|p1a: Chi-Yu\n|-damage|p1a: Chi-Yu|135/211\n|-enditem|p1a: Chi-Yu|Choice Specs|[from] move: Knock Off|[of] p2a: Sableye\n|\n|-heal|p2a: Sableye|20/231|[from] item: Leftovers\n|upkeep\n|turn|5\n|\n|t:|1781465756\n|switch|p2a: Coalossal|Coalossal, L89, M|341/341\n|move|p1a: Chi-Yu|Dark Pulse|p2a: Coalossal\n|-damage|p2a: Coalossal|226/341\n|\n|upkeep\n|turn|6\n|\n|t:|1781465778\n|move|p1a: Chi-Yu|Dark Pulse|p2a: Coalossal\n|-damage|p2a: Coalossal|103/341\n|move|p2a: Coalossal|Stone Edge|p1a: Chi-Yu\n|-supereffective|p1a: Chi-Yu\n|-damage|p1a: Chi-Yu|0 fnt\n|faint|p1a: Chi-Yu\n|\n|upkeep\n|\n|t:|1781465781\n|switch|p1a: Milotic|Milotic, L83, F|293/293\n|-damage|p1a: Milotic|257/293|[from] Spikes\n|turn|7\n|\n|t:|1781465787\n|switch|p2a: Torkoal|Torkoal, L88, M|266/266\n|-weather|SunnyDay|[from] ability: Drought|[of] p2a: Torkoal\n|move|p1a: Milotic|Scald|p2a: Torkoal\n|-supereffective|p2a: Torkoal\n|-damage|p2a: Torkoal|170/266\n|\n|-weather|SunnyDay|[upkeep]\n|-heal|p1a: Milotic|275/293|[from] item: Leftovers\n|upkeep\n|turn|8\n|\n|t:|1781465792\n|move|p1a: Milotic|Scald|p2a: Torkoal\n|-supereffective|p2a: Torkoal\n|-damage|p2a: Torkoal|78/266\n|move|p2a: Torkoal|Stealth Rock|p1a: Milotic\n|-sidestart|p1: pagenfranskane|move: Stealth Rock\n|\n|-weather|SunnyDay|[upkeep]\n|-heal|p1a: Milotic|293/293|[from] item: Leftovers\n|upkeep\n|turn|9\n|\n|t:|1781465796\n|move|p1a: Milotic|Scald|p2a: Torkoal\n|-supereffective|p2a: Torkoal\n|-damage|p2a: Torkoal|0 fnt\n|faint|p2a: Torkoal\n|\n|-weather|SunnyDay|[upkeep]\n|upkeep\n|\n|t:|1781465805\n|switch|p2a: Krookodile|Krookodile, L79, M|280/280\n|-ability|p2a: Krookodile|Intimidate|boost\n|-unboost|p1a: Milotic|atk|1\n|-ability|p1a: Milotic|Competitive|boost\n|-boost|p1a: Milotic|spa|2\n|turn|10\n|\n|t:|1781465809\n|move|p2a: Krookodile|Knock Off|p1a: Milotic\n|-damage|p1a: Milotic|173/293\n|-enditem|p1a: Milotic|Leftovers|[from] move: Knock Off|[of] p2a: Krookodile\n|move|p1a: Milotic|Ice Beam|p2a: Krookodile\n|-supereffective|p2a: Krookodile\n|-damage|p2a: Krookodile|0 fnt\n|faint|p2a: Krookodile\n|\n|-weather|SunnyDay|[upkeep]\n|upkeep\n|\n|t:|1781465812\n|switch|p2a: Flapple|Flapple, L88, M|266/266\n|turn|11\n|\n|t:|1781465818\n|-terastallize|p2a: Flapple|Steel\n|move|p1a: Milotic|Scald|p2a: Flapple\n|-crit|p2a: Flapple\n|-damage|p2a: Flapple|103/266\n|move|p2a: Flapple|Dragon Dance|p2a: Flapple\n|-boost|p2a: Flapple|atk|1\n|-boost|p2a: Flapple|spe|1\n|\n|-weather|none\n|upkeep\n|turn|12\n|\n|t:|1781465823\n|move|p2a: Flapple|Grav Apple|p1a: Milotic\n|-supereffective|p1a: Milotic\n|-damage|p1a: Milotic|0 fnt\n|faint|p1a: Milotic\n|\n|upkeep\n|\n|t:|1781465842\n|switch|p1a: Arboliva|Arboliva, L91, M|290/290\n|-damage|p1a: Arboliva|254/290|[from] Spikes\n|-damage|p1a: Arboliva|218/290|[from] Stealth Rock\n|turn|13\n|\n|t:|1781465845\n|move|p2a: Flapple|Outrage|p1a: Arboliva\n|-damage|p1a: Arboliva|0 fnt\n|-fieldstart|move: Grassy Terrain|[from] ability: Seed Sower|[of] p1a: Arboliva\n|faint|p1a: Arboliva\n|\n|-heal|p2a: Flapple|119/266|[from] Grassy Terrain\n|upkeep\n|\n|t:|1781465848\n|switch|p1a: Flygon|Flygon, L82, F|265/265\n|-damage|p1a: Flygon|249/265|[from] Stealth Rock\n|turn|14\n|\n|t:|1781465852\n|-terastallize|p1a: Flygon|Steel\n|move|p2a: Flapple|Outrage|p1a: Flygon|[from] lockedmove\n|-resisted|p1a: Flygon\n|-damage|p1a: Flygon|58/265\n|move|p1a: Flygon|Earthquake|p2a: Flapple\n|-supereffective|p2a: Flapple\n|-damage|p2a: Flapple|0 fnt\n|faint|p2a: Flapple\n|\n|upkeep\n|\n|t:|1781465860\n|switch|p2a: Barraskewda|Barraskewda, L81, M|231/231\n|turn|15\n|\n|t:|1781465864\n|move|p2a: Barraskewda|Flip Turn|p1a: Flygon\n|-damage|p1a: Flygon|0 fnt\n|faint|p1a: Flygon\n|\n|t:|1781465867\n|switch|p2a: Sableye|Sableye, L88, M|20/231|[from] Flip Turn\n|\n|-heal|p2a: Sableye|34/231|[from] Grassy Terrain\n|-heal|p2a: Sableye|48/231|[from] item: Leftovers\n|upkeep\n|\n|t:|1781465872\n|switch|p1a: Groudon|Groudon, L72|263/263\n|-damage|p1a: Groudon|231/263|[from] Spikes\n|-damage|p1a: Groudon|215/263|[from] Stealth Rock\n|-weather|SunnyDay|[from] ability: Drought|[of] p1a: Groudon\n|turn|16\n|\n|t:|1781465878\n|move|p2a: Sableye|Will-O-Wisp|p1a: Groudon\n|-status|p1a: Groudon|brn\n|move|p1a: Groudon|Thunder Wave|p2a: Sableye\n|-status|p2a: Sableye|par\n|\n|-weather|SunnyDay|[upkeep]\n|-heal|p1a: Groudon|231/263 brn|[from] Grassy Terrain\n|-heal|p1a: Groudon|247/263 brn|[from] item: Leftovers\n|-heal|p2a: Sableye|62/231 par|[from] Grassy Terrain\n|-heal|p2a: Sableye|76/231 par|[from] item: Leftovers\n|-damage|p1a: Groudon|231/263 brn|[from] brn\n|upkeep\n|turn|17\n|\n|t:|1781465883\n|switch|p1a: Regirock|Regirock, L83|268/268\n|-damage|p1a: Regirock|235/268|[from] Spikes\n|-damage|p1a: Regirock|202/268|[from] Stealth Rock\n|move|p2a: Sableye|Recover|p2a: Sableye\n|-heal|p2a: Sableye|192/231 par\n|\n|-weather|SunnyDay|[upkeep]\n|-heal|p1a: Regirock|218/268|[from] Grassy Terrain\n|-heal|p2a: Sableye|206/231 par|[from] Grassy Terrain\n|-heal|p2a: Sableye|220/231 par|[from] item: Leftovers\n|-fieldend|move: Grassy Terrain\n|upkeep\n|turn|18\n|\n|t:|1781465888\n|switch|p1a: Groudon|Groudon, L72|231/263 brn\n|-damage|p1a: Groudon|199/263 brn|[from] Spikes\n|-damage|p1a: Groudon|183/263 brn|[from] Stealth Rock\n|move|p2a: Sableye|Knock Off|p1a: Groudon\n|-damage|p1a: Groudon|114/263 brn\n|-enditem|p1a: Groudon|Leftovers|[from] move: Knock Off|[of] p2a: Sableye\n|\n|-weather|SunnyDay|[upkeep]\n|-heal|p2a: Sableye|231/231 par|[from] item: Leftovers\n|-damage|p1a: Groudon|98/263 brn|[from] brn\n|upkeep\n|turn|19\n|\n|t:|1781465893\n|move|p1a: Groudon|Precipice Blades|p2a: Sableye\n|-damage|p2a: Sableye|156/231 par\n|move|p2a: Sableye|Knock Off|p1a: Groudon\n|-damage|p1a: Groudon|46/263 brn\n|\n|-weather|SunnyDay|[upkeep]\n|-heal|p2a: Sableye|170/231 par|[from] item: Leftovers\n|-damage|p1a: Groudon|30/263 brn|[from] brn\n|upkeep\n|turn|20\n|\n|t:|1781465897\n|move|p2a: Sableye|Recover|p2a: Sableye\n|-heal|p2a: Sableye|231/231 par\n|move|p1a: Groudon|Precipice Blades|p2a: Sableye\n|-damage|p2a: Sableye|165/231 par\n|\n|-weather|none\n|-heal|p2a: Sableye|179/231 par|[from] item: Leftovers\n|-damage|p1a: Groudon|14/263 brn|[from] brn\n|upkeep\n|turn|21\n|\n|t:|1781465899\n|move|p1a: Groudon|Precipice Blades|p2a: Sableye\n|-damage|p2a: Sableye|110/231 par\n|move|p2a: Sableye|Knock Off|p1a: Groudon\n|-damage|p1a: Groudon|0 fnt\n|faint|p1a: Groudon\n|\n|-heal|p2a: Sableye|124/231 par|[from] item: Leftovers\n|upkeep\n|\n|t:|1781465901\n|switch|p1a: Regirock|Regirock, L83|218/268\n|-damage|p1a: Regirock|185/268|[from] Spikes\n|-damage|p1a: Regirock|152/268|[from] Stealth Rock\n|turn|22\n|\n|t:|1781465905\n|move|p1a: Regirock|Iron Defense|p1a: Regirock\n|-boost|p1a: Regirock|def|2\n|cant|p2a: Sableye|par\n|\n|-heal|p2a: Sableye|138/231 par|[from] item: Leftovers\n|upkeep\n|turn|23\n|\n|t:|1781465909\n|move|p2a: Sableye|Encore|p1a: Regirock\n|-start|p1a: Regirock|Encore\n|move|p1a: Regirock|Iron Defense|p1a: Regirock\n|-boost|p1a: Regirock|def|2\n|\n|-heal|p2a: Sableye|152/231 par|[from] item: Leftovers\n|upkeep\n|turn|24\n|\n|t:|1781465911\n|move|p1a: Regirock|Iron Defense|p1a: Regirock\n|-boost|p1a: Regirock|def|2\n|move|p2a: Sableye|Knock Off|p1a: Regirock\n|-damage|p1a: Regirock|139/268\n|-enditem|p1a: Regirock|Chesto Berry|[from] move: Knock Off|[of] p2a: Sableye\n|\n|-heal|p2a: Sableye|166/231 par|[from] item: Leftovers\n|upkeep\n|turn|25\n|\n|t:|1781465915\n|move|p2a: Sableye|Will-O-Wisp|p1a: Regirock\n|-status|p1a: Regirock|brn\n|move|p1a: Regirock|Iron Defense|p1a: Regirock\n|-boost|p1a: Regirock|def|0\n|\n|-heal|p2a: Sableye|180/231 par|[from] item: Leftovers\n|-damage|p1a: Regirock|123/268 brn|[from] brn\n|-end|p1a: Regirock|Encore\n|upkeep\n|turn|26\n|\n|t:|1781465918\n|move|p2a: Sableye|Encore|p1a: Regirock\n|-start|p1a: Regirock|Encore\n|move|p1a: Regirock|Iron Defense|p1a: Regirock\n|-boost|p1a: Regirock|def|0\n|\n|-heal|p2a: Sableye|194/231 par|[from] item: Leftovers\n|-damage|p1a: Regirock|107/268 brn|[from] brn\n|upkeep\n|turn|27\n|\n|t:|1781465920\n|move|p1a: Regirock|Iron Defense|p1a: Regirock\n|-boost|p1a: Regirock|def|0\n|cant|p2a: Sableye|par\n|\n|-heal|p2a: Sableye|208/231 par|[from] item: Leftovers\n|-damage|p1a: Regirock|91/268 brn|[from] brn\n|upkeep\n|turn|28\n|\n|t:|1781465922\n|move|p1a: Regirock|Iron Defense|p1a: Regirock\n|-boost|p1a: Regirock|def|0\n|move|p2a: Sableye|Knock Off|p1a: Regirock\n|-damage|p1a: Regirock|82/268 brn\n|\n|-heal|p2a: Sableye|222/231 par|[from] item: Leftovers\n|-damage|p1a: Regirock|66/268 brn|[from] brn\n|-end|p1a: Regirock|Encore\n|upkeep\n|turn|29\n|\n|t:|1781465924\n|move|p2a: Sableye|Encore|p1a: Regirock\n|-start|p1a: Regirock|Encore\n|move|p1a: Regirock|Iron Defense|p1a: Regirock\n|-boost|p1a: Regirock|def|0\n|\n|-heal|p2a: Sableye|231/231 par|[from] item: Leftovers\n|-damage|p1a: Regirock|50/268 brn|[from] brn\n|upkeep\n|turn|30\n|\n|t:|1781465926\n|move|p1a: Regirock|Iron Defense|p1a: Regirock\n|-boost|p1a: Regirock|def|0\n|move|p2a: Sableye|Knock Off|p1a: Regirock\n|-damage|p1a: Regirock|41/268 brn\n|\n|-damage|p1a: Regirock|25/268 brn|[from] brn\n|upkeep\n|turn|31\n|\n|t:|1781465928\n|move|p1a: Regirock|Iron Defense|p1a: Regirock\n|-boost|p1a: Regirock|def|0\n|move|p2a: Sableye|Knock Off|p1a: Regirock\n|-damage|p1a: Regirock|16/268 brn\n|\n|-damage|p1a: Regirock|0 fnt|[from] brn\n|faint|p1a: Regirock\n|\n|win|nickolassbomfim\n", "uploadtime": 1781465719, "views": 6, "formatid": "gen9randombattle", "rating": null, "private": 0, "password": null}