{"id": "gen9randombattle-2632007126", "format": "[Gen 9] Random Battle", "players": ["MadThrower", "Alexander Babits"], "log": "|j|\u2606MadThrower\n|j|\u203dAlexander Babits\n|t:|1781465268\n|gametype|singles\n|player|p1|MadThrower|169|1983\n|player|p2|Alexander Babits|2|2083\n|gen|9\n|tier|[Gen 9] Random Battle\n|rated|\n|rule|Species Clause: Limit one of each Pok\u00e9mon\n|rule|HP Percentage Mod: HP is shown in percentages\n|rule|Sleep Clause Mod: Limit one foe put to sleep\n|rule|Illusion Level Mod: Illusion disguises the Pok\u00e9mon's true level\n|\n|t:|1781465268\n|teamsize|p1|6\n|teamsize|p2|6\n|start\n|switch|p1a: Kricketune|Kricketune, L99, F|311/311\n|switch|p2a: Staraptor|Staraptor, L79, F|263/263\n|turn|1\n|inactive|Battle timer is ON: inactive players will automatically lose when time's up. (requested by Alexander Babits)\n|\n|t:|1781465289\n|move|p2a: Staraptor|Brave Bird|p1a: Kricketune\n|-supereffective|p1a: Kricketune\n|-enditem|p1a: Kricketune|Focus Sash\n|-damage|p1a: Kricketune|1/311\n|-damage|p2a: Staraptor|161/263|[from] Recoil\n|move|p1a: Kricketune|Pounce|p2a: Staraptor\n|-resisted|p2a: Staraptor\n|-damage|p2a: Staraptor|101/263\n|-unboost|p2a: Staraptor|spe|1\n|\n|upkeep\n|turn|2\n|\n|t:|1781465293\n|move|p1a: Kricketune|Sticky Web|p2a: Staraptor\n|-sidestart|p2: Alexander Babits|move: Sticky Web\n|move|p2a: Staraptor|Brave Bird|p1a: Kricketune\n|-supereffective|p1a: Kricketune\n|-damage|p1a: Kricketune|0 fnt\n|faint|p1a: Kricketune\n|-damage|p2a: Staraptor|100/263|[from] Recoil\n|\n|upkeep\n|\n|t:|1781465303\n|switch|p1a: Enamorus|Enamorus, L79, F|247/247\n|turn|3\n|\n|t:|1781465326\n|switch|p2a: Glastrier|Glastrier, L86|311/311\n|-activate|p2a: Glastrier|move: Sticky Web\n|-unboost|p2a: Glastrier|spe|1\n|move|p1a: Enamorus|Superpower|p2a: Glastrier\n|-supereffective|p2a: Glastrier\n|-damage|p2a: Glastrier|193/311\n|-boost|p1a: Enamorus|atk|1\n|-boost|p1a: Enamorus|def|1\n|\n|upkeep\n|turn|4\n|\n|t:|1781465338\n|-terastallize|p1a: Enamorus|Fighting\n|move|p1a: Enamorus|Superpower|p2a: Glastrier\n|-supereffective|p2a: Glastrier\n|-damage|p2a: Glastrier|0 fnt\n|-boost|p1a: Enamorus|atk|1\n|-boost|p1a: Enamorus|def|1\n|faint|p2a: Glastrier\n|\n|upkeep\n|\n|t:|1781465353\n|switch|p2a: Volcanion|Volcanion, L79|255/255\n|-activate|p2a: Volcanion|move: Sticky Web\n|-unboost|p2a: Volcanion|spe|1\n|turn|5\n|\n|t:|1781465362\n|move|p1a: Enamorus|Superpower|p2a: Volcanion\n|-damage|p2a: Volcanion|35/255\n|-boost|p1a: Enamorus|atk|1\n|-boost|p1a: Enamorus|def|1\n|move|p2a: Volcanion|Steam Eruption|p1a: Enamorus\n|-damage|p1a: Enamorus|106/247\n|-status|p1a: Enamorus|brn\n|\n|-heal|p1a: Enamorus|121/247 brn|[from] item: Leftovers\n|-damage|p1a: Enamorus|106/247 brn|[from] brn\n|upkeep\n|turn|6\n|\n|t:|1781465366\n|move|p1a: Enamorus|Superpower|p2a: Volcanion\n|-damage|p2a: Volcanion|0 fnt\n|-boost|p1a: Enamorus|atk|1\n|-boost|p1a: Enamorus|def|1\n|faint|p2a: Volcanion\n|\n|-heal|p1a: Enamorus|121/247 brn|[from] item: Leftovers\n|-damage|p1a: Enamorus|106/247 brn|[from] brn\n|upkeep\n|\n|t:|1781465376\n|switch|p2a: Dipplin|Dipplin, L88, F|284/284\n|-activate|p2a: Dipplin|move: Sticky Web\n|-unboost|p2a: Dipplin|spe|1\n|turn|7\n|\n|t:|1781465382\n|move|p1a: Enamorus|Play Rough|p2a: Dipplin\n|-supereffective|p2a: Dipplin\n|-damage|p2a: Dipplin|124/284\n|move|p2a: Dipplin|Dragon Pulse|p1a: Enamorus\n|-damage|p1a: Enamorus|0 fnt\n|faint|p1a: Enamorus\n|\n|upkeep\n|\n|t:|1781465390\n|switch|p1a: Glastrier|Glastrier, L86|311/311\n|turn|8\n|\n|t:|1781465413\n|move|p2a: Dipplin|Sucker Punch|p1a: Glastrier\n|-damage|p1a: Glastrier|275/311\n|move|p1a: Glastrier|Icicle Crash|p2a: Dipplin\n|-supereffective|p2a: Dipplin\n|-damage|p2a: Dipplin|0 fnt\n|faint|p2a: Dipplin\n|-ability|p1a: Glastrier|Chilling Neigh|boost\n|-boost|p1a: Glastrier|atk|1\n|\n|upkeep\n|inactive|Alexander Babits has 120 seconds left.\n|\n|t:|1781465433\n|switch|p2a: Staraptor|Staraptor, L79, F|100/263\n|turn|9\n|\n|t:|1781465440\n|move|p2a: Staraptor|Brave Bird|p1a: Glastrier\n|-damage|p1a: Glastrier|103/311\n|-damage|p2a: Staraptor|43/263|[from] Recoil\n|move|p1a: Glastrier|Icicle Crash|p2a: Staraptor\n|-supereffective|p2a: Staraptor\n|-damage|p2a: Staraptor|0 fnt\n|faint|p2a: Staraptor\n|-ability|p1a: Glastrier|Chilling Neigh|boost\n|-boost|p1a: Glastrier|atk|1\n|\n|upkeep\n|\n|t:|1781465442\n|switch|p2a: Pawmot|Pawmot, L80, F|243/243\n|-activate|p2a: Pawmot|move: Sticky Web\n|-unboost|p2a: Pawmot|spe|1\n|turn|10\n|\n|t:|1781465450\n|move|p2a: Pawmot|Double Shock|p1a: Glastrier\n|-damage|p1a: Glastrier|0 fnt\n|-start|p2a: Pawmot|typechange|???/Fighting|[from] move: Double Shock\n|faint|p1a: Glastrier\n|-damage|p2a: Pawmot|219/243|[from] item: Life Orb\n|\n|upkeep\n|\n|t:|1781465460\n|switch|p1a: Malamar|Malamar, L82, F|275/275\n|turn|11\n|\n|t:|1781465489\n|move|p1a: Malamar|Psycho Cut|p2a: Pawmot\n|-supereffective|p2a: Pawmot\n|-damage|p2a: Pawmot|49/243\n|move|p2a: Pawmot|Ice Punch|p1a: Malamar\n|-damage|p1a: Malamar|185/275\n|-damage|p2a: Pawmot|25/243|[from] item: Life Orb\n|\n|upkeep\n|turn|12\n|\n|t:|1781465500\n|switch|p2a: Goodra|Goodra-Hisui, L82, M|265/265\n|-activate|p2a: Goodra|move: Sticky Web\n|-unboost|p2a: Goodra|spe|1\n|move|p1a: Malamar|Superpower|p2a: Goodra\n|-supereffective|p2a: Goodra\n|-damage|p2a: Goodra|131/265\n|-boost|p1a: Malamar|atk|1\n|-boost|p1a: Malamar|def|1\n|\n|upkeep\n|turn|13\n|-message|Alexander Babits forfeited.\n|\n|win|MadThrower\n", "uploadtime": 1781465270, "views": 5, "formatid": "gen9randombattle", "rating": null, "private": 0, "password": null}