{"id": "gen9randombattle-2631759732", "format": "[Gen 9] Random Battle", "players": ["crimdawgx2", "kdhdlfnd"], "log": "|j|\u203dcrimdawgx2\n|j|\u2606kdhdlfnd\n|t:|1781435191\n|gametype|singles\n|player|p1|crimdawgx2|101|1505\n|player|p2|kdhdlfnd|jogger|1470\n|gen|9\n|tier|[Gen 9] Random Battle\n|rated|\n|rule|Species Clause: Limit one of each Pok\u00e9mon\n|rule|HP Percentage Mod: HP is shown in percentages\n|rule|Sleep Clause Mod: Limit one foe put to sleep\n|rule|Illusion Level Mod: Illusion disguises the Pok\u00e9mon's true level\n|\n|t:|1781435191\n|teamsize|p1|6\n|teamsize|p2|6\n|start\n|switch|p1a: Golurk|Golurk, L87|297/297\n|switch|p2a: Basculin|Basculin, L86, F|261/261\n|turn|1\n|inactive|Battle timer is ON: inactive players will automatically lose when time's up. (requested by crimdawgx2)\n|\n|t:|1781435202\n|switch|p1a: Cacturne|Cacturne, L92, F|278/278\n|move|p2a: Basculin|Wave Crash|p1a: Cacturne\n|-immune|p1a: Cacturne|[from] ability: Water Absorb\n|\n|upkeep\n|turn|2\n|\n|t:|1781435225\n|switch|p2a: Drifblim|Drifblim, L86, M|398/398\n|move|p1a: Cacturne|Spikes|p2a: Drifblim\n|-sidestart|p2: kdhdlfnd|Spikes\n|\n|upkeep\n|turn|3\n|\n|t:|1781435237\n|switch|p1a: Iron Hands|Iron Hands, L79|373/373\n|move|p2a: Drifblim|Strength Sap|p1a: Iron Hands\n|-unboost|p1a: Iron Hands|atk|1\n|\n|upkeep\n|turn|4\n|\n|t:|1781435255\n|move|p2a: Drifblim|Defog|p1a: Iron Hands\n|-unboost|p1a: Iron Hands|evasion|1\n|-sideend|p2: kdhdlfnd|Spikes|[from] move: Defog|[of] p2a: Drifblim\n|move|p1a: Iron Hands|Swords Dance|p1a: Iron Hands\n|-boost|p1a: Iron Hands|atk|2\n|\n|upkeep\n|turn|5\n|\n|t:|1781435265\n|move|p2a: Drifblim|Air Slash|p1a: Iron Hands\n|-damage|p1a: Iron Hands|262/373\n|move|p1a: Iron Hands|Swords Dance|p1a: Iron Hands\n|-boost|p1a: Iron Hands|atk|2\n|\n|-heal|p1a: Iron Hands|285/373|[from] item: Leftovers\n|upkeep\n|turn|6\n|\n|t:|1781435276\n|switch|p2a: Sinistcha|Sinistcha, L83|254/254\n|move|p1a: Iron Hands|Wild Charge|p2a: Sinistcha\n|-resisted|p2a: Sinistcha\n|-damage|p2a: Sinistcha|129/254\n|-damage|p1a: Iron Hands|254/373|[from] Recoil\n|\n|-heal|p2a: Sinistcha|144/254|[from] item: Leftovers\n|-heal|p1a: Iron Hands|277/373|[from] item: Leftovers\n|upkeep\n|turn|7\n|\n|t:|1781435286\n|move|p2a: Sinistcha|Strength Sap|p1a: Iron Hands\n|-unboost|p1a: Iron Hands|atk|1\n|-heal|p2a: Sinistcha|254/254\n|move|p1a: Iron Hands|Ice Punch|p2a: Sinistcha\n|-supereffective|p2a: Sinistcha\n|-damage|p2a: Sinistcha|50/254\n|\n|-heal|p2a: Sinistcha|65/254|[from] item: Leftovers\n|-heal|p1a: Iron Hands|300/373|[from] item: Leftovers\n|upkeep\n|turn|8\n|\n|t:|1781435291\n|move|p2a: Sinistcha|Strength Sap|p1a: Iron Hands\n|-unboost|p1a: Iron Hands|atk|1\n|-heal|p2a: Sinistcha|254/254\n|move|p1a: Iron Hands|Ice Punch|p2a: Sinistcha\n|-supereffective|p2a: Sinistcha\n|-damage|p2a: Sinistcha|102/254\n|\n|-heal|p2a: Sinistcha|117/254|[from] item: Leftovers\n|-heal|p1a: Iron Hands|323/373|[from] item: Leftovers\n|upkeep\n|turn|9\n|\n|t:|1781435296\n|move|p2a: Sinistcha|Strength Sap|p1a: Iron Hands\n|-unboost|p1a: Iron Hands|atk|1\n|-heal|p2a: Sinistcha|254/254\n|move|p1a: Iron Hands|Ice Punch|p2a: Sinistcha\n|-supereffective|p2a: Sinistcha\n|-damage|p2a: Sinistcha|148/254\n|\n|-heal|p2a: Sinistcha|163/254|[from] item: Leftovers\n|-heal|p1a: Iron Hands|346/373|[from] item: Leftovers\n|upkeep\n|turn|10\n|\n|t:|1781435301\n|move|p2a: Sinistcha|Matcha Gotcha|p1a: Iron Hands\n|-damage|p1a: Iron Hands|208/373\n|-heal|p2a: Sinistcha|232/254|[from] drain|[of] p1a: Iron Hands\n|move|p1a: Iron Hands|Ice Punch|p2a: Sinistcha\n|-supereffective|p2a: Sinistcha\n|-damage|p2a: Sinistcha|120/254\n|\n|-heal|p2a: Sinistcha|135/254|[from] item: Leftovers\n|-heal|p1a: Iron Hands|231/373|[from] item: Leftovers\n|upkeep\n|turn|11\n|\n|t:|1781435306\n|move|p2a: Sinistcha|Matcha Gotcha|p1a: Iron Hands\n|-damage|p1a: Iron Hands|111/373\n|-heal|p2a: Sinistcha|195/254|[from] drain|[of] p1a: Iron Hands\n|move|p1a: Iron Hands|Swords Dance|p1a: Iron Hands\n|-boost|p1a: Iron Hands|atk|2\n|\n|-heal|p2a: Sinistcha|210/254|[from] item: Leftovers\n|-heal|p1a: Iron Hands|134/373|[from] item: Leftovers\n|upkeep\n|turn|12\n|\n|t:|1781435313\n|move|p2a: Sinistcha|Matcha Gotcha|p1a: Iron Hands\n|-damage|p1a: Iron Hands|8/373\n|-heal|p2a: Sinistcha|254/254|[from] drain|[of] p1a: Iron Hands\n|-status|p1a: Iron Hands|brn\n|move|p1a: Iron Hands|Ice Punch|p2a: Sinistcha\n|-supereffective|p2a: Sinistcha\n|-damage|p2a: Sinistcha|144/254\n|-status|p2a: Sinistcha|frz\n|\n|-heal|p2a: Sinistcha|159/254 frz|[from] item: Leftovers\n|-heal|p1a: Iron Hands|31/373 brn|[from] item: Leftovers\n|-damage|p1a: Iron Hands|8/373 brn|[from] brn\n|upkeep\n|turn|13\n|\n|t:|1781435321\n|cant|p2a: Sinistcha|frz\n|move|p1a: Iron Hands|Ice Punch|p2a: Sinistcha\n|-supereffective|p2a: Sinistcha\n|-damage|p2a: Sinistcha|48/254 frz\n|\n|-heal|p2a: Sinistcha|63/254 frz|[from] item: Leftovers\n|-heal|p1a: Iron Hands|31/373 brn|[from] item: Leftovers\n|-damage|p1a: Iron Hands|8/373 brn|[from] brn\n|upkeep\n|turn|14\n|\n|t:|1781435328\n|-curestatus|p2a: Sinistcha|frz|[msg]\n|move|p2a: Sinistcha|Strength Sap|p1a: Iron Hands\n|-unboost|p1a: Iron Hands|atk|1\n|-heal|p2a: Sinistcha|254/254\n|move|p1a: Iron Hands|Ice Punch|p2a: Sinistcha\n|-supereffective|p2a: Sinistcha\n|-damage|p2a: Sinistcha|166/254\n|\n|-heal|p2a: Sinistcha|181/254|[from] item: Leftovers\n|-heal|p1a: Iron Hands|31/373 brn|[from] item: Leftovers\n|-damage|p1a: Iron Hands|8/373 brn|[from] brn\n|upkeep\n|turn|15\n|\n|t:|1781435332\n|move|p2a: Sinistcha|Matcha Gotcha|p1a: Iron Hands\n|-damage|p1a: Iron Hands|0 fnt\n|-heal|p2a: Sinistcha|185/254|[from] drain|[of] p1a: Iron Hands\n|faint|p1a: Iron Hands\n|-end|p1a: Iron Hands|Quark Drive|[silent]\n|\n|-heal|p2a: Sinistcha|200/254|[from] item: Leftovers\n|upkeep\n|\n|t:|1781435354\n|switch|p1a: Golurk|Golurk, L87|297/297\n|turn|16\n|\n|t:|1781435361\n|move|p2a: Sinistcha|Matcha Gotcha|p1a: Golurk\n|-supereffective|p1a: Golurk\n|-damage|p1a: Golurk|81/297\n|-heal|p2a: Sinistcha|254/254|[from] drain|[of] p1a: Golurk\n|-status|p1a: Golurk|brn\n|move|p1a: Golurk|Poltergeist|p2a: Sinistcha\n|-activate|p2a: Sinistcha|move: Poltergeist|Leftovers\n|-supereffective|p2a: Sinistcha\n|-damage|p2a: Sinistcha|81/254\n|-damage|p1a: Golurk|52/297 brn|[from] item: Life Orb\n|\n|-heal|p2a: Sinistcha|96/254|[from] item: Leftovers\n|-damage|p1a: Golurk|34/297 brn|[from] brn\n|upkeep\n|turn|17\n|\n|t:|1781435372\n|move|p2a: Sinistcha|Strength Sap|p1a: Golurk\n|-unboost|p1a: Golurk|atk|1\n|-heal|p2a: Sinistcha|254/254\n|move|p1a: Golurk|Stealth Rock|p2a: Sinistcha\n|-sidestart|p2: kdhdlfnd|move: Stealth Rock\n|\n|-damage|p1a: Golurk|16/297 brn|[from] brn\n|upkeep\n|turn|18\n|\n|t:|1781435378\n|move|p2a: Sinistcha|Shadow Ball|p1a: Golurk\n|-supereffective|p1a: Golurk\n|-damage|p1a: Golurk|0 fnt\n|faint|p1a: Golurk\n|\n|upkeep\n|\n|t:|1781435384\n|switch|p1a: Gyarados|Gyarados, L79, M|280/280\n|-ability|p1a: Gyarados|Intimidate|boost\n|-unboost|p2a: Sinistcha|atk|1\n|turn|19\n|\n|t:|1781435393\n|switch|p2a: Drifblim|Drifblim, L86, M|398/398\n|move|p1a: Gyarados|Dragon Dance|p1a: Gyarados\n|-boost|p1a: Gyarados|atk|1\n|-boost|p1a: Gyarados|spe|1\n|\n|upkeep\n|turn|20\n|\n|t:|1781435398\n|move|p1a: Gyarados|Waterfall|p2a: Drifblim\n|-damage|p2a: Drifblim|185/398\n|cant|p2a: Drifblim|flinch\n|\n|upkeep\n|turn|21\n|\n|t:|1781435408\n|switch|p2a: Basculin|Basculin, L86, F|261/261\n|-damage|p2a: Basculin|229/261|[from] Stealth Rock\n|move|p1a: Gyarados|Waterfall|p2a: Basculin\n|-resisted|p2a: Basculin\n|-damage|p2a: Basculin|145/261\n|\n|upkeep\n|turn|22\n|\n|t:|1781435415\n|-terastallize|p1a: Gyarados|Ground\n|move|p1a: Gyarados|Dragon Dance|p1a: Gyarados\n|-boost|p1a: Gyarados|atk|1\n|-boost|p1a: Gyarados|spe|1\n|move|p2a: Basculin|Double-Edge|p1a: Gyarados\n|-damage|p1a: Gyarados|131/280\n|-damage|p2a: Basculin|96/261|[from] Recoil\n|\n|upkeep\n|turn|23\n|\n|t:|1781435428\n|switch|p2a: Drifblim|Drifblim, L86, M|185/398\n|move|p1a: Gyarados|Earthquake|p2a: Drifblim\n|-immune|p2a: Drifblim\n|\n|upkeep\n|turn|24\n|\n|t:|1781435431\n|move|p1a: Gyarados|Waterfall|p2a: Drifblim\n|-damage|p2a: Drifblim|0 fnt\n|-damage|p1a: Gyarados|61/280|[from] ability: Aftermath|[of] p2a: Drifblim\n|faint|p2a: Drifblim\n|\n|upkeep\n|\n|t:|1781435434\n|switch|p2a: Basculin|Basculin, L86, F|96/261\n|-damage|p2a: Basculin|64/261|[from] Stealth Rock\n|turn|25\n|\n|t:|1781435439\n|move|p2a: Basculin|Aqua Jet|p1a: Gyarados\n|-supereffective|p1a: Gyarados\n|-damage|p1a: Gyarados|0 fnt\n|faint|p1a: Gyarados\n|\n|upkeep\n|\n|t:|1781435444\n|switch|p1a: Falinks|Falinks, L84|246/246\n|turn|26\n|\n|t:|1781435448\n|move|p2a: Basculin|Aqua Jet|p1a: Falinks\n|-damage|p1a: Falinks|162/246\n|move|p1a: Falinks|No Retreat|p1a: Falinks\n|-boost|p1a: Falinks|atk|1\n|-boost|p1a: Falinks|def|1\n|-boost|p1a: Falinks|spa|1\n|-boost|p1a: Falinks|spd|1\n|-boost|p1a: Falinks|spe|1\n|-start|p1a: Falinks|move: No Retreat\n|\n|upkeep\n|turn|27\n|\n|t:|1781435456\n|move|p2a: Basculin|Aqua Jet|p1a: Falinks\n|-damage|p1a: Falinks|106/246\n|move|p1a: Falinks|Knock Off|p2a: Basculin\n|-damage|p2a: Basculin|0 fnt\n|-enditem|p2a: Basculin|Choice Band|[from] move: Knock Off|[of] p1a: Falinks\n|faint|p2a: Basculin\n|-damage|p1a: Falinks|82/246|[from] item: Life Orb\n|\n|upkeep\n|\n|t:|1781435468\n|switch|p2a: Conkeldurr|Conkeldurr, L80, F|299/299\n|-damage|p2a: Conkeldurr|281/299|[from] Stealth Rock\n|turn|28\n|\n|t:|1781435476\n|move|p1a: Falinks|Knock Off|p2a: Conkeldurr\n|-resisted|p2a: Conkeldurr\n|-damage|p2a: Conkeldurr|212/299\n|-enditem|p2a: Conkeldurr|Flame Orb|[from] move: Knock Off|[of] p1a: Falinks\n|-damage|p1a: Falinks|58/246|[from] item: Life Orb\n|move|p2a: Conkeldurr|Close Combat|p1a: Falinks\n|-damage|p1a: Falinks|0 fnt\n|-unboost|p2a: Conkeldurr|def|1\n|-unboost|p2a: Conkeldurr|spd|1\n|faint|p1a: Falinks\n|\n|upkeep\n|\n|t:|1781435483\n|switch|p1a: Cacturne|Cacturne, L92, F|278/278\n|turn|29\n|\n|t:|1781435491\n|move|p2a: Conkeldurr|Mach Punch|p1a: Cacturne\n|-supereffective|p1a: Cacturne\n|-damage|p1a: Cacturne|140/278\n|move|p1a: Cacturne|Spikes|p2a: Conkeldurr\n|-sidestart|p2: kdhdlfnd|Spikes\n|\n|upkeep\n|turn|30\n|\n|t:|1781435497\n|move|p2a: Conkeldurr|Mach Punch|p1a: Cacturne\n|-supereffective|p1a: Cacturne\n|-damage|p1a: Cacturne|2/278\n|move|p1a: Cacturne|Spikes|p2a: Conkeldurr\n|-sidestart|p2: kdhdlfnd|Spikes\n|\n|upkeep\n|turn|31\n|\n|t:|1781435502\n|move|p1a: Cacturne|Sucker Punch|p2a: Conkeldurr\n|-resisted|p2a: Conkeldurr\n|-damage|p2a: Conkeldurr|113/299\n|-damage|p1a: Cacturne|0 fnt|[from] item: Life Orb\n|faint|p1a: Cacturne\n|move|p2a: Conkeldurr|Mach Punch|p1: Cacturne|[notarget]\n|-fail|p2a: Conkeldurr\n|\n|upkeep\n|\n|t:|1781435508\n|switch|p1a: Lugia|Lugia, L73|275/275\n|turn|32\n|\n|t:|1781435511\n|move|p1a: Lugia|Calm Mind|p1a: Lugia\n|-boost|p1a: Lugia|spa|1\n|-boost|p1a: Lugia|spd|1\n|move|p2a: Conkeldurr|Knock Off|p1a: Lugia\n|-supereffective|p1a: Lugia\n|-damage|p1a: Lugia|199/275\n|-enditem|p1a: Lugia|Heavy-Duty Boots|[from] move: Knock Off|[of] p2a: Conkeldurr\n|\n|upkeep\n|turn|33\n|\n|t:|1781435518\n|move|p1a: Lugia|Calm Mind|p1a: Lugia\n|-boost|p1a: Lugia|spa|1\n|-boost|p1a: Lugia|spd|1\n|move|p2a: Conkeldurr|Knock Off|p1a: Lugia\n|-supereffective|p1a: Lugia\n|-damage|p1a: Lugia|107/275\n|\n|upkeep\n|turn|34\n|\n|t:|1781435536\n|switch|p2a: Rhydon|Rhydon, L85, F|317/317\n|-damage|p2a: Rhydon|298/317|[from] Stealth Rock\n|-damage|p2a: Rhydon|246/317|[from] Spikes\n|move|p1a: Lugia|Recover|p1a: Lugia\n|-heal|p1a: Lugia|245/275\n|\n|upkeep\n|turn|35\n|\n|t:|1781435554\n|move|p1a: Lugia|Psychic Noise|p2a: Rhydon\n|-damage|p2a: Rhydon|114/317\n|-start|p2a: Rhydon|move: Heal Block\n|move|p2a: Rhydon|Stone Edge|p1a: Lugia|[miss]\n|-miss|p2a: Rhydon|p1a: Lugia\n|\n|upkeep\n|turn|36\n|\n|t:|1781435564\n|move|p1a: Lugia|Psychic Noise|p2a: Rhydon\n|-damage|p2a: Rhydon|3/317\n|move|p2a: Rhydon|Stone Edge|p1a: Lugia|[miss]\n|-miss|p2a: Rhydon|p1a: Lugia\n|\n|-end|p2a: Rhydon|move: Heal Block\n|upkeep\n|turn|37\n|\n|t:|1781435580\n|move|p1a: Lugia|Psychic Noise|p2a: Rhydon\n|-damage|p2a: Rhydon|0 fnt\n|faint|p2a: Rhydon\n|\n|upkeep\n|\n|t:|1781435587\n|switch|p2a: Sinistcha|Sinistcha, L83|254/254\n|-damage|p2a: Sinistcha|223/254|[from] Stealth Rock\n|-damage|p2a: Sinistcha|181/254|[from] Spikes\n|turn|38\n|\n|t:|1781435597\n|-terastallize|p2a: Sinistcha|Steel\n|move|p1a: Lugia|Aeroblast|p2a: Sinistcha\n|-resisted|p2a: Sinistcha\n|-damage|p2a: Sinistcha|102/254\n|move|p2a: Sinistcha|Calm Mind|p2a: Sinistcha\n|-boost|p2a: Sinistcha|spa|1\n|-boost|p2a: Sinistcha|spd|1\n|\n|-heal|p2a: Sinistcha|117/254|[from] item: Leftovers\n|upkeep\n|turn|39\n|\n|t:|1781435604\n|move|p1a: Lugia|Psychic Noise|p2a: Sinistcha\n|-resisted|p2a: Sinistcha\n|-damage|p2a: Sinistcha|75/254\n|-start|p2a: Sinistcha|move: Heal Block\n|move|p2a: Sinistcha|Shadow Ball|p1a: Lugia\n|-supereffective|p1a: Lugia\n|-damage|p1a: Lugia|143/275\n|\n|upkeep\n|turn|40\n|\n|t:|1781435617\n|move|p1a: Lugia|Psychic Noise|p2a: Sinistcha\n|-resisted|p2a: Sinistcha\n|-damage|p2a: Sinistcha|33/254\n|move|p2a: Sinistcha|Shadow Ball|p1a: Lugia\n|-supereffective|p1a: Lugia\n|-damage|p1a: Lugia|33/275\n|\n|-end|p2a: Sinistcha|move: Heal Block\n|upkeep\n|turn|41\n|\n|t:|1781435624\n|move|p1a: Lugia|Recover|p1a: Lugia\n|-heal|p1a: Lugia|171/275\n|move|p2a: Sinistcha|Shadow Ball|p1a: Lugia\n|-supereffective|p1a: Lugia\n|-damage|p1a: Lugia|67/275\n|\n|-heal|p2a: Sinistcha|48/254|[from] item: Leftovers\n|upkeep\n|turn|42\n|\n|t:|1781435640\n|move|p1a: Lugia|Aeroblast|p2a: Sinistcha\n|-resisted|p2a: Sinistcha\n|-damage|p2a: Sinistcha|0 fnt\n|faint|p2a: Sinistcha\n|\n|upkeep\n|\n|t:|1781435649\n|switch|p2a: Conkeldurr|Conkeldurr, L80, F|113/299\n|-damage|p2a: Conkeldurr|95/299|[from] Stealth Rock\n|-damage|p2a: Conkeldurr|46/299|[from] Spikes\n|turn|43\n|\n|t:|1781435657\n|move|p1a: Lugia|Recover|p1a: Lugia\n|-heal|p1a: Lugia|205/275\n|move|p2a: Conkeldurr|Knock Off|p1a: Lugia\n|-supereffective|p1a: Lugia\n|-damage|p1a: Lugia|103/275\n|\n|upkeep\n|turn|44\n|\n|t:|1781435667\n|move|p1a: Lugia|Recover|p1a: Lugia\n|-heal|p1a: Lugia|241/275\n|move|p2a: Conkeldurr|Knock Off|p1a: Lugia\n|-supereffective|p1a: Lugia\n|-damage|p1a: Lugia|145/275\n|\n|upkeep\n|turn|45\n|\n|t:|1781435670\n|move|p1a: Lugia|Recover|p1a: Lugia\n|-heal|p1a: Lugia|275/275\n|move|p2a: Conkeldurr|Knock Off|p1a: Lugia\n|-supereffective|p1a: Lugia\n|-damage|p1a: Lugia|230/275\n|\n|upkeep\n|turn|46\n|\n|t:|1781435674\n|move|p1a: Lugia|Psychic Noise|p2a: Conkeldurr\n|-supereffective|p2a: Conkeldurr\n|-damage|p2a: Conkeldurr|0 fnt\n|faint|p2a: Conkeldurr\n|\n|upkeep\n|\n|t:|1781435676\n|switch|p2a: Terapagos|Terapagos, L77, F|265/265\n|-activate|p2a: Terapagos|ability: Tera Shift\n|detailschange|p2a: Terapagos|Terapagos-Terastal, L77, F\n|-heal|p2a: Terapagos|273/273|[silent]\n|-damage|p2a: Terapagos|239/273|[from] Stealth Rock\n|-damage|p2a: Terapagos|194/273|[from] Spikes\n|turn|47\n|\n|t:|1781435685\n|move|p1a: Lugia|Psychic Noise|p2a: Terapagos\n|-damage|p2a: Terapagos|82/273\n|-start|p2a: Terapagos|move: Heal Block\n|move|p2a: Terapagos|Calm Mind|p2a: Terapagos\n|-boost|p2a: Terapagos|spa|1\n|-boost|p2a: Terapagos|spd|1\n|\n|upkeep\n|turn|48\n|-message|kdhdlfnd forfeited.\n|\n|win|crimdawgx2\n|raw|crimdawgx2's rating: 1505 &rarr; <strong>1523</strong><br />(+18 for winning)\n|raw|kdhdlfnd's rating: 1470 &rarr; <strong>1452</strong><br />(-18 for losing)\n|l|\u2606kdhdlfnd\n|player|p2|\n", "uploadtime": 1781435696, "views": 3, "formatid": "gen9randombattle", "rating": 1452, "private": 0, "password": null}