{"id": "gen9randombattle-2631990031", "format": "[Gen 9] Random Battle", "players": ["tanukoni", "Juancho007"], "log": "|j|\u2606tanukoni\n|j|\u2606Juancho007\n|t:|1781463383\n|gametype|singles\n|player|p1|tanukoni|cynthia-gen4|1123\n|player|p2|Juancho007|riley|1085\n|gen|9\n|tier|[Gen 9] Random Battle\n|rated|\n|rule|Species Clause: Limit one of each Pok\u00e9mon\n|rule|HP Percentage Mod: HP is shown in percentages\n|rule|Sleep Clause Mod: Limit one foe put to sleep\n|rule|Illusion Level Mod: Illusion disguises the Pok\u00e9mon's true level\n|\n|t:|1781463383\n|teamsize|p1|6\n|teamsize|p2|6\n|start\n|switch|p1a: Ariados|Ariados, L95, M|287/287\n|switch|p2a: Volbeat|Volbeat, L90, M|263/263\n|turn|1\n|inactive|Battle timer is ON: inactive players will automatically lose when time's up. (requested by tanukoni)\n|inactive|Juancho007 has 120 seconds left.\n|\n|t:|1781463423\n|switch|p2a: Espathra|Espathra, L80, F|283/283\n|move|p1a: Ariados|Sticky Web|p2a: Espathra\n|-sidestart|p2: Juancho007|move: Sticky Web\n|\n|upkeep\n|turn|2\n|inactive|tanukoni has 120 seconds left.\n|\n|t:|1781463458\n|move|p2a: Espathra|Calm Mind|p2a: Espathra\n|-boost|p2a: Espathra|spa|1\n|-boost|p2a: Espathra|spd|1\n|move|p1a: Ariados|Megahorn|p2a: Espathra|[miss]\n|-miss|p1a: Ariados|p2a: Espathra\n|\n|-ability|p2a: Espathra|Speed Boost|boost\n|-boost|p2a: Espathra|spe|1\n|upkeep\n|turn|3\n|\n|t:|1781463466\n|move|p2a: Espathra|Stored Power|p1a: Ariados\n|-supereffective|p1a: Ariados\n|-damage|p1a: Ariados|21/287\n|move|p1a: Ariados|Megahorn|p2a: Espathra\n|-supereffective|p2a: Espathra\n|-damage|p2a: Espathra|0 fnt\n|faint|p2a: Espathra\n|\n|upkeep\n|\n|t:|1781463474\n|switch|p2a: Zekrom|Zekrom, L71|259/259\n|-activate|p2a: Zekrom|move: Sticky Web\n|-unboost|p2a: Zekrom|spe|1\n|-ability|p2a: Zekrom|Teravolt\n|turn|4\n|\n|t:|1781463483\n|move|p1a: Ariados|Knock Off|p2a: Zekrom\n|-damage|p2a: Zekrom|175/259\n|-enditem|p2a: Zekrom|Leftovers|[from] move: Knock Off|[of] p1a: Ariados\n|move|p2a: Zekrom|Substitute|p2a: Zekrom\n|-start|p2a: Zekrom|Substitute\n|-damage|p2a: Zekrom|111/259\n|\n|upkeep\n|turn|5\n|\n|t:|1781463490\n|move|p1a: Ariados|Poison Jab|p2a: Zekrom\n|-end|p2a: Zekrom|Substitute\n|move|p2a: Zekrom|Dragon Dance|p2a: Zekrom\n|-boost|p2a: Zekrom|atk|1\n|-boost|p2a: Zekrom|spe|1\n|\n|upkeep\n|turn|6\n|inactive|Juancho007 has 120 seconds left.\n|\n|t:|1781463535\n|move|p2a: Zekrom|Outrage|p1a: Ariados\n|-damage|p1a: Ariados|0 fnt\n|faint|p1a: Ariados\n|\n|upkeep\n|inactive|tanukoni has 120 seconds left.\n|\n|t:|1781463566\n|switch|p1a: Great Tusk|Great Tusk, L77|304/304\n|turn|7\n|inactive|Juancho007 has 120 seconds left.\n|inactive|Juancho007 has 90 seconds left.\n|\n|t:|1781463601\n|move|p1a: Great Tusk|Headlong Rush|p2a: Zekrom\n|-supereffective|p2a: Zekrom\n|-damage|p2a: Zekrom|0 fnt\n|-unboost|p1a: Great Tusk|def|1\n|-unboost|p1a: Great Tusk|spd|1\n|faint|p2a: Zekrom\n|\n|upkeep\n|inactive|Juancho007 has 90 seconds left.\n|\n|t:|1781463610\n|switch|p2a: Dewgong|Dewgong, L94, F|322/322\n|-activate|p2a: Dewgong|move: Sticky Web\n|-unboost|p2a: Dewgong|spe|1\n|turn|8\n|\n|t:|1781463617\n|-terastallize|p2a: Dewgong|Grass\n|move|p1a: Great Tusk|Close Combat|p2a: Dewgong\n|-damage|p2a: Dewgong|187/322\n|-unboost|p1a: Great Tusk|def|1\n|-unboost|p1a: Great Tusk|spd|1\n|move|p2a: Dewgong|Triple Axel|p1a: Great Tusk\n|-supereffective|p1a: Great Tusk\n|-damage|p1a: Great Tusk|236/304\n|-supereffective|p1a: Great Tusk\n|-damage|p1a: Great Tusk|98/304\n|-supereffective|p1a: Great Tusk\n|-damage|p1a: Great Tusk|0 fnt\n|faint|p1a: Great Tusk\n|-end|p1a: Great Tusk|Protosynthesis|[silent]\n|-hitcount|p1: Great Tusk|3\n|\n|upkeep\n|\n|t:|1781463637\n|switch|p1a: Eelektross|Eelektross, L87, F|290/290\n|turn|9\n|\n|t:|1781463643\n|move|p1a: Eelektross|Flamethrower|p2a: Dewgong\n|-supereffective|p2a: Dewgong\n|-damage|p2a: Dewgong|147/322\n|move|p2a: Dewgong|Knock Off|p1a: Eelektross\n|-damage|p1a: Eelektross|216/290\n|-enditem|p1a: Eelektross|Assault Vest|[from] move: Knock Off|[of] p2a: Dewgong\n|\n|upkeep\n|turn|10\n|c|\u2606tanukoni|fuck grass with thick fat is op\n|\n|t:|1781463665\n|move|p1a: Eelektross|U-turn|p2a: Dewgong\n|-supereffective|p2a: Dewgong\n|-damage|p2a: Dewgong|39/322\n|\n|t:|1781463671\n|switch|p1a: Piloswine|Piloswine, L85, F|309/309|[from] U-turn\n|move|p2a: Dewgong|Surf|p1a: Piloswine\n|-supereffective|p1a: Piloswine\n|-damage|p1a: Piloswine|157/309\n|\n|upkeep\n|turn|11\n|inactive|Juancho007 has 120 seconds left.\n|\n|t:|1781463679\n|move|p1a: Piloswine|Icicle Crash|p2a: Dewgong\n|-supereffective|p2a: Dewgong\n|-damage|p2a: Dewgong|0 fnt\n|faint|p2a: Dewgong\n|\n|upkeep\n|inactive|Juancho007 has 120 seconds left.\n|\n|t:|1781463687\n|switch|p2a: Volbeat|Volbeat, L90, M|263/263\n|turn|12\n|\n|t:|1781463695\n|move|p2a: Volbeat|U-turn|p1a: Piloswine\n|-damage|p1a: Piloswine|109/309\n|\n|t:|1781463699\n|switch|p2a: Porygon2|Porygon2, L81|270/270|[from] U-turn\n|-activate|p2a: Porygon2|move: Sticky Web\n|-unboost|p2a: Porygon2|spe|1\n|-ability|p2a: Porygon2|Download|boost\n|-boost|p2a: Porygon2|spa|1\n|move|p1a: Piloswine|Icicle Crash|p2a: Porygon2\n|-damage|p2a: Porygon2|200/270\n|\n|upkeep\n|turn|13\n|\n|t:|1781463713\n|switch|p1a: Duraludon|Duraludon, L82, M|249/249\n|move|p2a: Porygon2|Shadow Ball|p1a: Duraludon\n|-damage|p1a: Duraludon|163/249\n|-unboost|p1a: Duraludon|spd|1\n|\n|upkeep\n|turn|14\n|\n|t:|1781463720\n|switch|p1a: Terrakion|Terrakion, L79|273/273\n|move|p2a: Porygon2|Thunder Wave|p1a: Terrakion\n|-status|p1a: Terrakion|par\n|\n|upkeep\n|turn|15\n|\n|t:|1781463727\n|move|p1a: Terrakion|Close Combat|p2a: Porygon2\n|-supereffective|p2a: Porygon2\n|-damage|p2a: Porygon2|0 fnt\n|-unboost|p1a: Terrakion|def|1\n|-unboost|p1a: Terrakion|spd|1\n|faint|p2a: Porygon2\n|-damage|p1a: Terrakion|246/273 par|[from] item: Life Orb\n|\n|upkeep\n|\n|t:|1781463741\n|switch|p2a: Meowscarada|Meowscarada, L78, M|247/247\n|-activate|p2a: Meowscarada|move: Sticky Web\n|-unboost|p2a: Meowscarada|spe|1\n|turn|16\n|\n|t:|1781463747\n|switch|p1a: Piloswine|Piloswine, L85, F|109/309\n|move|p2a: Meowscarada|Flower Trick|p1a: Piloswine\n|-start|p2a: Meowscarada|typechange|Grass|[from] ability: Protean\n|-supereffective|p1a: Piloswine\n|-crit|p1a: Piloswine\n|-damage|p1a: Piloswine|0 fnt\n|faint|p1a: Piloswine\n|\n|upkeep\n|\n|t:|1781463754\n|switch|p1a: Eelektross|Eelektross, L87, F|216/290\n|turn|17\n|\n|t:|1781463759\n|move|p2a: Meowscarada|Flower Trick|p1a: Eelektross\n|-crit|p1a: Eelektross\n|-damage|p1a: Eelektross|60/290\n|move|p1a: Eelektross|Flamethrower|p2a: Meowscarada\n|-supereffective|p2a: Meowscarada\n|-damage|p2a: Meowscarada|73/247\n|\n|upkeep\n|turn|18\n|\n|t:|1781463771\n|move|p2a: Meowscarada|Flower Trick|p1a: Eelektross\n|-crit|p1a: Eelektross\n|-damage|p1a: Eelektross|0 fnt\n|faint|p1a: Eelektross\n|\n|upkeep\n|\n|t:|1781463778\n|switch|p1a: Duraludon|Duraludon, L82, M|163/249\n|turn|19\n|\n|t:|1781463787\n|switch|p2a: Volbeat|Volbeat, L90, M|263/263\n|-terastallize|p1a: Duraludon|Fighting\n|move|p1a: Duraludon|Body Press|p2a: Volbeat\n|-resisted|p2a: Volbeat\n|-damage|p2a: Volbeat|212/263\n|\n|upkeep\n|turn|20\n|\n|t:|1781463797\n|switch|p1a: Terrakion|Terrakion, L79|246/273 par\n|move|p2a: Volbeat|Thunder Wave|p1a: Terrakion\n|-fail|p1a: Terrakion|par\n|\n|upkeep\n|turn|21\n|\n|t:|1781463813\n|move|p2a: Volbeat|Roost|p2a: Volbeat\n|-heal|p2a: Volbeat|263/263\n|-singleturn|p2a: Volbeat|move: Roost\n|cant|p1a: Terrakion|par\n|\n|upkeep\n|turn|22\n|\n|t:|1781463819\n|move|p2a: Volbeat|U-turn|p1a: Terrakion\n|-resisted|p1a: Terrakion\n|-damage|p1a: Terrakion|210/273 par\n|\n|t:|1781463821\n|switch|p2a: Meowscarada|Meowscarada, L78, M|73/247|[from] U-turn\n|-activate|p2a: Meowscarada|move: Sticky Web\n|-unboost|p2a: Meowscarada|spe|1\n|move|p1a: Terrakion|Stone Edge|p2a: Meowscarada\n|-damage|p2a: Meowscarada|0 fnt\n|faint|p2a: Meowscarada\n|-damage|p1a: Terrakion|183/273 par|[from] item: Life Orb\n|\n|upkeep\n|\n|t:|1781463830\n|switch|p2a: Volbeat|Volbeat, L90, M|263/263\n|turn|23\n|\n|t:|1781463834\n|move|p2a: Volbeat|U-turn|p1a: Terrakion\n|-resisted|p1a: Terrakion\n|-damage|p1a: Terrakion|145/273 par\n|move|p1a: Terrakion|Stone Edge|p2a: Volbeat\n|-supereffective|p2a: Volbeat\n|-damage|p2a: Volbeat|0 fnt\n|faint|p2a: Volbeat\n|-damage|p1a: Terrakion|118/273 par|[from] item: Life Orb\n|\n|win|tanukoni\n", "uploadtime": 1781463661, "views": 2, "formatid": "gen9randombattle", "rating": null, "private": 0, "password": null}