{"id": "gen9randombattle-2631881068", "format": "[Gen 9] Random Battle", "players": ["metaltunder", "Hogrider2000"], "log": "|j|\u2606metaltunder\n|j|\u203dHogrider2000\n|t:|1781451488\n|gametype|singles\n|player|p1|metaltunder|palmer|2080\n|player|p2|Hogrider2000|1|2073\n|gen|9\n|tier|[Gen 9] Random Battle\n|rated|\n|rule|Species Clause: Limit one of each Pok\u00e9mon\n|rule|HP Percentage Mod: HP is shown in percentages\n|rule|Sleep Clause Mod: Limit one foe put to sleep\n|rule|Illusion Level Mod: Illusion disguises the Pok\u00e9mon's true level\n|\n|t:|1781451488\n|teamsize|p1|6\n|teamsize|p2|6\n|start\n|switch|p1a: Tatsugiri|Tatsugiri, L87, M|260/260\n|switch|p2a: Blastoise|Blastoise, L80, M|258/258\n|turn|1\n|inactive|Battle timer is ON: inactive players will automatically lose when time's up. (requested by Hogrider2000)\n|inactive|metaltunder has 120 seconds left.\n|\n|t:|1781451548\n|switch|p2a: Meganium|Meganium, L90, F|290/290\n|move|p1a: Tatsugiri|Nasty Plot|p1a: Tatsugiri\n|-boost|p1a: Tatsugiri|spa|2\n|\n|upkeep\n|turn|2\n|\n|t:|1781451555\n|switch|p1a: Pyroar|Pyroar, L88, F|295/295\n|-ability|p1a: Pyroar|Unnerve\n|move|p2a: Meganium|Energy Ball|p1a: Pyroar\n|-resisted|p1a: Pyroar\n|-damage|p1a: Pyroar|238/295\n|\n|upkeep\n|turn|3\n|\n|t:|1781451560\n|switch|p2a: Chandelure|Chandelure, L83, M|235/235\n|move|p1a: Pyroar|Fire Blast|p2a: Chandelure\n|-start|p2a: Chandelure|ability: Flash Fire\n|\n|upkeep\n|turn|4\n|\n|t:|1781451568\n|-end|p2a: Chandelure|ability: Flash Fire|[silent]\n|switch|p2a: Alcremie|Alcremie-Matcha-Cream, L90, F|263/263\n|move|p1a: Pyroar|Taunt|p2a: Alcremie\n|-block|p2a: Alcremie|ability: Aroma Veil|[of] p2a: Alcremie\n|\n|upkeep\n|turn|5\n|\n|t:|1781451574\n|switch|p1a: Eternatus|Eternatus, L69|308/308\n|-ability|p1a: Eternatus|Pressure\n|move|p2a: Alcremie|Calm Mind|p2a: Alcremie\n|-boost|p2a: Alcremie|spa|1\n|-boost|p2a: Alcremie|spd|1\n|\n|upkeep\n|turn|6\n|\n|t:|1781451579\n|switch|p2a: Meloetta|Meloetta, L82|298/298\n|move|p1a: Eternatus|Toxic|p2a: Meloetta\n|-status|p2a: Meloetta|tox\n|\n|-damage|p2a: Meloetta|280/298 tox|[from] psn\n|upkeep\n|turn|7\n|j| Pauliet456\n|l| Pauliet456\n|inactive|metaltunder has 120 seconds left.\n|inactive|metaltunder has 90 seconds left.\n|\n|t:|1781451649\n|switch|p1a: Piloswine|Piloswine, L85, F|309/309\n|move|p2a: Meloetta|Hyper Voice|p1a: Piloswine\n|-damage|p1a: Piloswine|153/309\n|\n|-damage|p2a: Meloetta|244/298 tox|[from] psn\n|upkeep\n|turn|8\n|\n|t:|1781451654\n|move|p2a: Meloetta|Hyper Voice|p1a: Piloswine\n|-damage|p1a: Piloswine|6/309\n|move|p1a: Piloswine|Stealth Rock|p2a: Meloetta\n|-sidestart|p2: Hogrider2000|move: Stealth Rock\n|\n|-damage|p2a: Meloetta|190/298 tox|[from] psn\n|upkeep\n|turn|9\n|\n|t:|1781451658\n|move|p2a: Meloetta|Hyper Voice|p1a: Piloswine\n|-damage|p1a: Piloswine|0 fnt\n|faint|p1a: Piloswine\n|\n|-damage|p2a: Meloetta|118/298 tox|[from] psn\n|upkeep\n|\n|t:|1781451664\n|switch|p1a: Tauros|Tauros, L82, M|257/257\n|turn|10\n|\n|t:|1781451667\n|move|p1a: Tauros|Throat Chop|p2a: Meloetta\n|-supereffective|p2a: Meloetta\n|-damage|p2a: Meloetta|0 fnt\n|faint|p2a: Meloetta\n|\n|upkeep\n|\n|t:|1781451672\n|switch|p2a: Haxorus|Haxorus, L77, M|244/244\n|-damage|p2a: Haxorus|214/244|[from] Stealth Rock\n|-ability|p2a: Haxorus|Mold Breaker\n|turn|11\n|\n|t:|1781451675\n|move|p1a: Tauros|Body Slam|p2a: Haxorus\n|-crit|p2a: Haxorus\n|-damage|p2a: Haxorus|0 fnt\n|faint|p2a: Haxorus\n|\n|upkeep\n|\n|t:|1781451680\n|switch|p2a: Blastoise|Blastoise, L80, M|258/258\n|-damage|p2a: Blastoise|226/258|[from] Stealth Rock\n|turn|12\n|\n|t:|1781451688\n|-terastallize|p2a: Blastoise|Steel\n|move|p1a: Tauros|Body Slam|p2a: Blastoise\n|-resisted|p2a: Blastoise\n|-damage|p2a: Blastoise|160/258\n|move|p2a: Blastoise|Shell Smash|p2a: Blastoise\n|-unboost|p2a: Blastoise|def|1\n|-unboost|p2a: Blastoise|spd|1\n|-boost|p2a: Blastoise|atk|2\n|-boost|p2a: Blastoise|spa|2\n|-boost|p2a: Blastoise|spe|2\n|-enditem|p2a: Blastoise|White Herb\n|-clearnegativeboost|p2a: Blastoise|[silent]\n|\n|upkeep\n|turn|13\n|\n|t:|1781451693\n|move|p2a: Blastoise|Hydro Pump|p1a: Tauros\n|-damage|p1a: Tauros|16/257\n|move|p1a: Tauros|Close Combat|p2a: Blastoise\n|-supereffective|p2a: Blastoise\n|-damage|p2a: Blastoise|0 fnt\n|-unboost|p1a: Tauros|def|1\n|-unboost|p1a: Tauros|spd|1\n|faint|p2a: Blastoise\n|-damage|p1a: Tauros|0 fnt|[from] item: Life Orb\n|faint|p1a: Tauros\n|\n|upkeep\n|inactive|metaltunder has 120 seconds left.\n|\n|t:|1781451738\n|switch|p1a: Eternatus|Eternatus, L69|308/308\n|switch|p2a: Chandelure|Chandelure, L83, M|235/235\n|-ability|p1a: Eternatus|Pressure\n|turn|14\n|\n|t:|1781451745\n|move|p1a: Eternatus|Toxic|p2a: Chandelure\n|-status|p2a: Chandelure|tox\n|move|p2a: Chandelure|Shadow Ball|p1a: Eternatus\n|-damage|p1a: Eternatus|187/308\n|\n|-heal|p1a: Eternatus|206/308|[from] item: Leftovers\n|-damage|p2a: Chandelure|221/235 tox|[from] psn\n|upkeep\n|turn|15\n|inactive|metaltunder has 120 seconds left.\n|\n|t:|1781451750\n|move|p1a: Eternatus|Dynamax Cannon|p2a: Chandelure\n|-damage|p2a: Chandelure|118/235 tox\n|move|p2a: Chandelure|Calm Mind|p2a: Chandelure\n|-boost|p2a: Chandelure|spa|1\n|-boost|p2a: Chandelure|spd|1\n|\n|-heal|p1a: Eternatus|225/308|[from] item: Leftovers\n|-damage|p2a: Chandelure|90/235 tox|[from] psn\n|upkeep\n|turn|16\n|\n|t:|1781451770\n|switch|p1a: Pyroar|Pyroar, L88, F|238/295\n|-ability|p1a: Pyroar|Unnerve\n|move|p2a: Chandelure|Shadow Ball|p1a: Pyroar\n|-immune|p1a: Pyroar\n|\n|-damage|p2a: Chandelure|48/235 tox|[from] psn\n|upkeep\n|turn|17\n|\n|t:|1781451776\n|move|p1a: Pyroar|Work Up|p1a: Pyroar\n|-boost|p1a: Pyroar|atk|1\n|-boost|p1a: Pyroar|spa|1\n|move|p2a: Chandelure|Fire Blast|p1a: Pyroar\n|-resisted|p1a: Pyroar\n|-damage|p1a: Pyroar|87/295\n|\n|-damage|p2a: Chandelure|0 fnt|[from] psn\n|faint|p2a: Chandelure\n|upkeep\n|\n|t:|1781451780\n|switch|p2a: Alcremie|Alcremie-Matcha-Cream, L90, F|263/263\n|-damage|p2a: Alcremie|231/263|[from] Stealth Rock\n|turn|18\n|\n|t:|1781451785\n|move|p1a: Pyroar|Fire Blast|p2a: Alcremie|[miss]\n|-miss|p1a: Pyroar|p2a: Alcremie\n|move|p2a: Alcremie|Calm Mind|p2a: Alcremie\n|-boost|p2a: Alcremie|spa|1\n|-boost|p2a: Alcremie|spd|1\n|\n|-heal|p2a: Alcremie|247/263|[from] item: Leftovers\n|upkeep\n|turn|19\n|\n|t:|1781451789\n|switch|p1a: Eternatus|Eternatus, L69|225/308\n|-ability|p1a: Eternatus|Pressure\n|move|p2a: Alcremie|Calm Mind|p2a: Alcremie\n|-boost|p2a: Alcremie|spa|1\n|-boost|p2a: Alcremie|spd|1\n|\n|-heal|p1a: Eternatus|244/308|[from] item: Leftovers\n|-heal|p2a: Alcremie|263/263|[from] item: Leftovers\n|upkeep\n|turn|20\n|\n|t:|1781451792\n|move|p1a: Eternatus|Toxic|p2a: Alcremie\n|-status|p2a: Alcremie|tox\n|move|p2a: Alcremie|Alluring Voice|p1a: Eternatus\n|-damage|p1a: Eternatus|3/308\n|\n|-heal|p1a: Eternatus|22/308|[from] item: Leftovers\n|-damage|p2a: Alcremie|247/263 tox|[from] psn\n|upkeep\n|turn|21\n|\n|t:|1781451797\n|move|p1a: Eternatus|Flamethrower|p2a: Alcremie\n|-damage|p2a: Alcremie|226/263 tox\n|move|p2a: Alcremie|Alluring Voice|p1a: Eternatus\n|-damage|p1a: Eternatus|0 fnt\n|faint|p1a: Eternatus\n|\n|-heal|p2a: Alcremie|242/263 tox|[from] item: Leftovers\n|-damage|p2a: Alcremie|210/263 tox|[from] psn\n|upkeep\n|\n|t:|1781451801\n|switch|p1a: Zacian|Zacian-Crowned, L64|225/225\n|-ability|p1a: Zacian|Intrepid Sword|boost\n|-boost|p1a: Zacian|atk|1\n|turn|22\n|\n|t:|1781451813\n|move|p1a: Zacian|Behemoth Blade|p2a: Alcremie\n|-supereffective|p2a: Alcremie\n|-damage|p2a: Alcremie|0 fnt\n|faint|p2a: Alcremie\n|\n|upkeep\n|\n|t:|1781451815\n|switch|p2a: Meganium|Meganium, L90, F|290/290\n|-damage|p2a: Meganium|254/290|[from] Stealth Rock\n|turn|23\n|\n|t:|1781451820\n|move|p1a: Zacian|Swords Dance|p1a: Zacian\n|-boost|p1a: Zacian|atk|2\n|move|p2a: Meganium|Knock Off|p1a: Zacian\n|-resisted|p1a: Zacian\n|-damage|p1a: Zacian|200/225\n|\n|-heal|p2a: Meganium|272/290|[from] item: Leftovers\n|upkeep\n|turn|24\n|\n|t:|1781451824\n|move|p1a: Zacian|Behemoth Blade|p2a: Meganium\n|-damage|p2a: Meganium|82/290\n|move|p2a: Meganium|Energy Ball|p1a: Zacian\n|-resisted|p1a: Zacian\n|-damage|p1a: Zacian|125/225\n|\n|-heal|p2a: Meganium|100/290|[from] item: Leftovers\n|upkeep\n|turn|25\n|\n|t:|1781451826\n|move|p1a: Zacian|Behemoth Blade|p2a: Meganium\n|-damage|p2a: Meganium|0 fnt\n|faint|p2a: Meganium\n|\n|win|metaltunder\n|raw|metaltunder's rating: 2080 &rarr; <strong>2100</strong><br />(+20 for winning)\n|raw|Hogrider2000's rating: 2073 &rarr; <strong>2053</strong><br />(-20 for losing)\n", "uploadtime": 1781451490, "views": 3, "formatid": "gen9randombattle", "rating": 2053, "private": 0, "password": null}