{"id": "gen9randombattle-2631784434", "format": "[Gen 9] Random Battle", "players": ["JayClaw", "actuary97"], "log": "|j|\u2606JayClaw\n|j|\u2606actuary97\n|t:|1781439182\n|gametype|singles\n|player|p1|JayClaw|red|2032\n|player|p2|actuary97|sabrina-frlg|2069\n|gen|9\n|tier|[Gen 9] Random Battle\n|rated|\n|rule|Species Clause: Limit one of each Pok\u00e9mon\n|rule|HP Percentage Mod: HP is shown in percentages\n|rule|Sleep Clause Mod: Limit one foe put to sleep\n|rule|Illusion Level Mod: Illusion disguises the Pok\u00e9mon's true level\n|\n|t:|1781439182\n|teamsize|p1|6\n|teamsize|p2|6\n|start\n|switch|p1a: Dialga|Dialga-Origin, L73|266/266\n|switch|p2a: Hydreigon|Hydreigon, L79, M|275/275\n|-ability|p1a: Dialga|Pressure\n|turn|1\n|inactive|Battle timer is ON: inactive players will automatically lose when time's up. (requested by actuary97)\n|\n|t:|1781439200\n|move|p2a: Hydreigon|U-turn|p1a: Dialga\n|-resisted|p1a: Dialga\n|-damage|p1a: Dialga|245/266\n|\n|t:|1781439207\n|switch|p2a: Indeedee|Indeedee-F, L90, F|272/272|[from] U-turn\n|-fieldstart|move: Psychic Terrain|[from] ability: Psychic Surge|[of] p2a: Indeedee\n|move|p1a: Dialga|Stealth Rock|p2a: Indeedee\n|-sidestart|p2: actuary97|move: Stealth Rock\n|\n|upkeep\n|turn|2\n|\n|t:|1781439226\n|move|p2a: Indeedee|Calm Mind|p2a: Indeedee\n|-boost|p2a: Indeedee|spa|1\n|-boost|p2a: Indeedee|spd|1\n|move|p1a: Dialga|Draco Meteor|p2a: Indeedee\n|-damage|p2a: Indeedee|176/272\n|-unboost|p1a: Dialga|spa|2\n|\n|upkeep\n|turn|3\n|inactive|JayClaw has 120 seconds left.\n|\n|t:|1781439258\n|switch|p1a: Arceus|Arceus-Flying, L69|279/279\n|move|p2a: Indeedee|Psychic|p1a: Arceus\n|-damage|p1a: Arceus|26/279\n|-unboost|p1a: Arceus|spd|1\n|-damage|p2a: Indeedee|149/272|[from] item: Life Orb\n|\n|upkeep\n|turn|4\n|inactive|JayClaw has 120 seconds left.\n|\n|t:|1781439272\n|move|p1a: Arceus|Judgment|p2a: Indeedee\n|-damage|p2a: Indeedee|89/272\n|move|p2a: Indeedee|Hyper Voice|p1a: Arceus\n|-damage|p1a: Arceus|0 fnt\n|faint|p1a: Arceus\n|-damage|p2a: Indeedee|62/272|[from] item: Life Orb\n|\n|upkeep\n|\n|t:|1781439287\n|switch|p1a: Infernape|Infernape, L82, M|259/259\n|turn|5\n|\n|t:|1781439296\n|move|p1a: Infernape|Knock Off|p2a: Indeedee\n|-supereffective|p2a: Indeedee\n|-damage|p2a: Indeedee|0 fnt\n|-enditem|p2a: Indeedee|Life Orb|[from] move: Knock Off|[of] p1a: Infernape\n|faint|p2a: Indeedee\n|-damage|p1a: Infernape|234/259|[from] item: Life Orb\n|\n|-fieldend|move: Psychic Terrain\n|upkeep\n|\n|t:|1781439305\n|switch|p2a: Carbink|Carbink, L90|236/236\n|-damage|p2a: Carbink|207/236|[from] Stealth Rock\n|turn|6\n|inactive|JayClaw has 120 seconds left.\n|\n|t:|1781439324\n|switch|p1a: Basculegion|Basculegion-F, L83, F|335/335\n|move|p2a: Carbink|Rock Polish|p2a: Carbink\n|-boost|p2a: Carbink|spe|2\n|\n|-heal|p2a: Carbink|221/236|[from] item: Leftovers\n|upkeep\n|turn|7\n|inactive|JayClaw has 120 seconds left.\n|\n|t:|1781439335\n|switch|p2a: Hydreigon|Hydreigon, L79, M|275/275\n|-damage|p2a: Hydreigon|241/275|[from] Stealth Rock\n|move|p1a: Basculegion|Flip Turn|p2a: Hydreigon\n|-resisted|p2a: Hydreigon\n|-damage|p2a: Hydreigon|199/275\n|inactive|JayClaw has 120 seconds left.\n|\n|t:|1781439342\n|switch|p1a: Dialga|Dialga-Origin, L73|245/266|[from] Flip Turn\n|-ability|p1a: Dialga|Pressure\n|\n|upkeep\n|turn|8\n|\n|t:|1781439348\n|move|p2a: Hydreigon|Draco Meteor|p1a: Dialga\n|-damage|p1a: Dialga|52/266\n|-unboost|p2a: Hydreigon|spa|2\n|move|p1a: Dialga|Flash Cannon|p2a: Hydreigon\n|-damage|p2a: Hydreigon|75/275\n|\n|upkeep\n|turn|9\n|\n|t:|1781439355\n|switch|p1a: Cryogonal|Cryogonal, L89|287/287\n|move|p2a: Hydreigon|Draco Meteor|p1a: Cryogonal\n|-damage|p1a: Cryogonal|209/287\n|-unboost|p2a: Hydreigon|spa|2\n|\n|upkeep\n|turn|10\n|\n|t:|1781439364\n|switch|p2a: Carbink|Carbink, L90|221/236\n|-damage|p2a: Carbink|192/236|[from] Stealth Rock\n|move|p1a: Cryogonal|Ice Beam|p2a: Carbink\n|-damage|p2a: Carbink|123/236\n|\n|-heal|p2a: Carbink|137/236|[from] item: Leftovers\n|upkeep\n|turn|11\n|\n|t:|1781439372\n|switch|p1a: Basculegion|Basculegion-F, L83, F|335/335\n|switch|p2a: Eelektross|Eelektross, L87, M|290/290\n|-damage|p2a: Eelektross|254/290|[from] Stealth Rock\n|\n|-heal|p2a: Eelektross|272/290|[from] item: Leftovers\n|upkeep\n|turn|12\n|\n|t:|1781439387\n|move|p1a: Basculegion|Flip Turn|p2a: Eelektross\n|-damage|p2a: Eelektross|192/290\n|\n|t:|1781439402\n|switch|p1a: Ceruledge|Ceruledge, L78, F|245/245|[from] Flip Turn\n|move|p2a: Eelektross|Drain Punch|p1a: Ceruledge\n|-immune|p1a: Ceruledge\n|\n|-heal|p2a: Eelektross|210/290|[from] item: Leftovers\n|upkeep\n|turn|13\n|\n|t:|1781439413\n|switch|p2a: Hydreigon|Hydreigon, L79, M|75/275\n|-damage|p2a: Hydreigon|41/275|[from] Stealth Rock\n|move|p1a: Ceruledge|Swords Dance|p1a: Ceruledge\n|-boost|p1a: Ceruledge|atk|2\n|\n|upkeep\n|turn|14\n|\n|t:|1781439417\n|move|p1a: Ceruledge|Shadow Sneak|p2a: Hydreigon\n|-resisted|p2a: Hydreigon\n|-damage|p2a: Hydreigon|0 fnt\n|faint|p2a: Hydreigon\n|\n|upkeep\n|\n|t:|1781439437\n|switch|p2a: Sneasler|Sneasler, L74, F|240/240\n|-damage|p2a: Sneasler|225/240|[from] Stealth Rock\n|turn|15\n|\n|t:|1781439449\n|-terastallize|p2a: Sneasler|Dark\n|move|p2a: Sneasler|Throat Chop|p1a: Ceruledge\n|-supereffective|p1a: Ceruledge\n|-damage|p1a: Ceruledge|0 fnt\n|faint|p1a: Ceruledge\n|\n|upkeep\n|\n|t:|1781439465\n|switch|p1a: Infernape|Infernape, L82, M|234/259\n|turn|16\n|\n|t:|1781439475\n|switch|p2a: Carbink|Carbink, L90|137/236\n|-damage|p2a: Carbink|108/236|[from] Stealth Rock\n|move|p1a: Infernape|Close Combat|p2a: Carbink\n|-damage|p2a: Carbink|1/236\n|-unboost|p1a: Infernape|def|1\n|-unboost|p1a: Infernape|spd|1\n|-damage|p1a: Infernape|209/259|[from] item: Life Orb\n|\n|-heal|p2a: Carbink|15/236|[from] item: Leftovers\n|upkeep\n|turn|17\n|\n|t:|1781439482\n|move|p1a: Infernape|Knock Off|p2a: Carbink\n|-resisted|p2a: Carbink\n|-damage|p2a: Carbink|0 fnt\n|-enditem|p2a: Carbink|Leftovers|[from] move: Knock Off|[of] p1a: Infernape\n|faint|p2a: Carbink\n|-damage|p1a: Infernape|184/259|[from] item: Life Orb\n|\n|upkeep\n|\n|t:|1781439484\n|switch|p2a: Zacian|Zacian, L69|241/241\n|-damage|p2a: Zacian|211/241|[from] Stealth Rock\n|-ability|p2a: Zacian|Intrepid Sword|boost\n|-boost|p2a: Zacian|atk|1\n|turn|18\n|inactive|JayClaw has 120 seconds left.\n|\n|t:|1781439522\n|switch|p1a: Cryogonal|Cryogonal, L89|209/287\n|move|p2a: Zacian|Play Rough|p1a: Cryogonal|[miss]\n|-miss|p2a: Zacian|p1a: Cryogonal\n|\n|upkeep\n|turn|19\n|inactive|JayClaw has 120 seconds left.\n|\n|t:|1781439531\n|move|p1a: Cryogonal|Ice Beam|p2a: Zacian\n|-damage|p2a: Zacian|99/241\n|move|p2a: Zacian|Play Rough|p1a: Cryogonal\n|-damage|p1a: Cryogonal|0 fnt\n|faint|p1a: Cryogonal\n|\n|upkeep\n|inactive|JayClaw has 120 seconds left.\n|\n|t:|1781439539\n|switch|p1a: Basculegion|Basculegion-F, L83, F|335/335\n|turn|20\n|inactive|JayClaw has 120 seconds left.\n|\n|t:|1781439551\n|move|p2a: Zacian|Play Rough|p1a: Basculegion\n|-damage|p1a: Basculegion|125/335\n|move|p1a: Basculegion|Shadow Ball|p2a: Zacian\n|-damage|p2a: Zacian|0 fnt\n|faint|p2a: Zacian\n|\n|upkeep\n|\n|t:|1781439562\n|switch|p2a: Eelektross|Eelektross, L87, M|210/290\n|-damage|p2a: Eelektross|174/290|[from] Stealth Rock\n|turn|21\n|\n|t:|1781439572\n|move|p1a: Basculegion|Flip Turn|p2a: Eelektross\n|-damage|p2a: Eelektross|88/290\n|\n|t:|1781439575\n|switch|p1a: Dialga|Dialga-Origin, L73|52/266|[from] Flip Turn\n|-ability|p1a: Dialga|Pressure\n|move|p2a: Eelektross|Coil|p2a: Eelektross\n|-boost|p2a: Eelektross|atk|1\n|-boost|p2a: Eelektross|def|1\n|-boost|p2a: Eelektross|accuracy|1\n|\n|-heal|p2a: Eelektross|106/290|[from] item: Leftovers\n|upkeep\n|turn|22\n|\n|t:|1781439581\n|move|p1a: Dialga|Draco Meteor|p2a: Eelektross\n|-damage|p2a: Eelektross|0 fnt\n|-unboost|p1a: Dialga|spa|2\n|faint|p2a: Eelektross\n|\n|upkeep\n|\n|t:|1781439584\n|switch|p2a: Sneasler|Sneasler, L74, F, tera:Dark|225/240\n|-damage|p2a: Sneasler|195/240|[from] Stealth Rock\n|turn|23\n|\n|t:|1781439592\n|move|p2a: Sneasler|Throat Chop|p1a: Dialga\n|-damage|p1a: Dialga|0 fnt\n|faint|p1a: Dialga\n|\n|upkeep\n|\n|t:|1781439597\n|switch|p1a: Infernape|Infernape, L82, M|184/259\n|turn|24\n|\n|t:|1781439600\n|move|p1a: Infernape|Close Combat|p2a: Sneasler\n|-supereffective|p2a: Sneasler\n|-damage|p2a: Sneasler|0 fnt\n|-unboost|p1a: Infernape|def|1\n|-unboost|p1a: Infernape|spd|1\n|faint|p2a: Sneasler\n|-damage|p1a: Infernape|159/259|[from] item: Life Orb\n|\n|win|JayClaw\n", "uploadtime": 1781439184, "views": 3, "formatid": "gen9randombattle", "rating": null, "private": 0, "password": null}