{"id": "gen9randombattle-2631972217", "format": "[Gen 9] Random Battle", "players": ["kajunphlame", "nickplas2"], "log": "|j|\u2606kajunphlame\n|j|\u2606nickplas2\n|t:|1781461437\n|gametype|singles\n|player|p1|kajunphlame|265|1280\n|player|p2|nickplas2|ninjaboy|1317\n|gen|9\n|tier|[Gen 9] Random Battle\n|rated|\n|rule|Species Clause: Limit one of each Pok\u00e9mon\n|rule|HP Percentage Mod: HP is shown in percentages\n|rule|Sleep Clause Mod: Limit one foe put to sleep\n|rule|Illusion Level Mod: Illusion disguises the Pok\u00e9mon's true level\n|\n|t:|1781461437\n|teamsize|p1|6\n|teamsize|p2|6\n|start\n|switch|p1a: Azumarill|Azumarill, L82, F|298/298\n|switch|p2a: Hoopa|Hoopa, L85|275/275\n|turn|1\n|inactive|Battle timer is ON: inactive players will automatically lose when time's up. (requested by kajunphlame)\n|\n|t:|1781461456\n|switch|p2a: Shaymin|Shaymin, L82|298/298\n|move|p1a: Azumarill|Play Rough|p2a: Shaymin\n|-damage|p2a: Shaymin|127/298\n|\n|-heal|p2a: Shaymin|145/298|[from] item: Leftovers\n|upkeep\n|turn|2\n|\n|t:|1781461469\n|switch|p1a: Trevenant|Trevenant, L89, F|296/296\n|move|p2a: Shaymin|Substitute|p2a: Shaymin\n|-start|p2a: Shaymin|Substitute\n|-damage|p2a: Shaymin|71/298\n|\n|-heal|p2a: Shaymin|89/298|[from] item: Leftovers\n|upkeep\n|turn|3\n|\n|t:|1781461477\n|move|p2a: Shaymin|Air Slash|p1a: Trevenant\n|-supereffective|p1a: Trevenant\n|-damage|p1a: Trevenant|192/296\n|cant|p1a: Trevenant|flinch\n|\n|-heal|p2a: Shaymin|107/298|[from] item: Leftovers\n|upkeep\n|turn|4\n|\n|t:|1781461489\n|move|p2a: Shaymin|Air Slash|p1a: Trevenant\n|-supereffective|p1a: Trevenant\n|-damage|p1a: Trevenant|98/296\n|-enditem|p1a: Trevenant|Sitrus Berry|[eat]\n|-heal|p1a: Trevenant|172/296|[from] item: Sitrus Berry\n|move|p1a: Trevenant|Drain Punch|p2a: Shaymin\n|-activate|p2a: Shaymin|move: Substitute|[damage]\n|-heal|p1a: Trevenant|204/296|[from] drain|[of] p2a: Shaymin\n|\n|-heal|p2a: Shaymin|125/298|[from] item: Leftovers\n|-item|p1a: Trevenant|Sitrus Berry|[from] ability: Harvest\n|upkeep\n|turn|5\n|\n|t:|1781461507\n|move|p2a: Shaymin|Air Slash|p1a: Trevenant\n|-supereffective|p1a: Trevenant\n|-damage|p1a: Trevenant|108/296\n|-enditem|p1a: Trevenant|Sitrus Berry|[eat]\n|-heal|p1a: Trevenant|182/296|[from] item: Sitrus Berry\n|move|p1a: Trevenant|Drain Punch|p2a: Shaymin\n|-end|p2a: Shaymin|Substitute\n|-heal|p1a: Trevenant|188/296|[from] drain|[of] p2a: Shaymin\n|\n|-heal|p2a: Shaymin|143/298|[from] item: Leftovers\n|upkeep\n|turn|6\n|\n|t:|1781461529\n|switch|p1a: Talonflame|Talonflame, L83, F|265/265\n|move|p2a: Shaymin|Substitute|p2a: Shaymin\n|-start|p2a: Shaymin|Substitute\n|-damage|p2a: Shaymin|69/298\n|\n|-heal|p2a: Shaymin|87/298|[from] item: Leftovers\n|upkeep\n|turn|7\n|\n|t:|1781461538\n|move|p1a: Talonflame|Swords Dance|p1a: Talonflame\n|-boost|p1a: Talonflame|atk|2\n|move|p2a: Shaymin|Leech Seed|p1a: Talonflame\n|-start|p1a: Talonflame|move: Leech Seed\n|\n|-heal|p2a: Shaymin|105/298|[from] item: Leftovers\n|-damage|p1a: Talonflame|232/265|[from] Leech Seed|[of] p2a: Shaymin\n|-heal|p2a: Shaymin|138/298|[silent]\n|upkeep\n|turn|8\n|\n|t:|1781461549\n|move|p1a: Talonflame|Flare Blitz|p2a: Shaymin\n|-supereffective|p2a: Shaymin\n|-end|p2a: Shaymin|Substitute\n|-damage|p1a: Talonflame|208/265|[from] Recoil|[of] p2a: Shaymin\n|move|p2a: Shaymin|Air Slash|p1a: Talonflame\n|-crit|p1a: Talonflame\n|-damage|p1a: Talonflame|122/265\n|\n|-heal|p2a: Shaymin|156/298|[from] item: Leftovers\n|-damage|p1a: Talonflame|89/265|[from] Leech Seed|[of] p2a: Shaymin\n|-heal|p2a: Shaymin|189/298|[silent]\n|upkeep\n|turn|9\n|inactive|nickplas2 has 120 seconds left.\n|\n|t:|1781461577\n|switch|p2a: Poliwrath|Poliwrath, L88, M|302/302\n|move|p1a: Talonflame|Flare Blitz|p2a: Poliwrath\n|-resisted|p2a: Poliwrath\n|-damage|p2a: Poliwrath|198/302\n|-damage|p1a: Talonflame|55/265|[from] Recoil\n|\n|-damage|p1a: Talonflame|22/265|[from] Leech Seed|[of] p2a: Poliwrath\n|-heal|p2a: Poliwrath|231/302|[silent]\n|upkeep\n|turn|10\n|inactive|nickplas2 has 120 seconds left.\n|\n|t:|1781461587\n|move|p1a: Talonflame|Brave Bird|p2a: Poliwrath\n|-supereffective|p2a: Poliwrath\n|-damage|p2a: Poliwrath|0 fnt\n|faint|p2a: Poliwrath\n|-damage|p1a: Talonflame|0 fnt|[from] Recoil\n|faint|p1a: Talonflame\n|\n|upkeep\n|inactive|nickplas2 has 120 seconds left.\n|\n|t:|1781461597\n|switch|p1a: Froslass|Froslass, L87, F|263/263\n|switch|p2a: Shaymin|Shaymin, L82|189/298\n|turn|11\n|\n|t:|1781461605\n|-terastallize|p2a: Shaymin|Steel\n|move|p1a: Froslass|Triple Axel|p2a: Shaymin\n|-resisted|p2a: Shaymin\n|-damage|p2a: Shaymin|180/298\n|-resisted|p2a: Shaymin\n|-damage|p2a: Shaymin|161/298\n|-resisted|p2a: Shaymin\n|-damage|p2a: Shaymin|132/298\n|-hitcount|p2a: Shaymin|3\n|move|p2a: Shaymin|Leech Seed|p1a: Froslass\n|-start|p1a: Froslass|move: Leech Seed\n|\n|-heal|p2a: Shaymin|150/298|[from] item: Leftovers\n|-damage|p1a: Froslass|231/263|[from] Leech Seed|[of] p2a: Shaymin\n|-heal|p2a: Shaymin|182/298|[silent]\n|upkeep\n|turn|12\n|\n|t:|1781461620\n|move|p1a: Froslass|Poltergeist|p2a: Shaymin\n|-activate|p2a: Shaymin|move: Poltergeist|Leftovers\n|-damage|p2a: Shaymin|91/298\n|move|p2a: Shaymin|Substitute|p2a: Shaymin\n|-start|p2a: Shaymin|Substitute\n|-damage|p2a: Shaymin|17/298\n|\n|-heal|p2a: Shaymin|35/298|[from] item: Leftovers\n|-damage|p1a: Froslass|199/263|[from] Leech Seed|[of] p2a: Shaymin\n|-heal|p2a: Shaymin|67/298|[silent]\n|upkeep\n|turn|13\n|\n|t:|1781461630\n|switch|p1a: Ditto|Ditto, L87|225/225\n|move|p2a: Shaymin|Air Slash|p1a: Ditto\n|-damage|p1a: Ditto|152/225\n|\n|-heal|p2a: Shaymin|85/298|[from] item: Leftovers\n|upkeep\n|turn|14\n|\n|t:|1781461650\n|switch|p1a: Azumarill|Azumarill, L82, F|298/298\n|move|p2a: Shaymin|Air Slash|p1a: Azumarill\n|-damage|p1a: Azumarill|243/298\n|\n|-heal|p2a: Shaymin|103/298|[from] item: Leftovers\n|upkeep\n|turn|15\n|\n|t:|1781461659\n|move|p2a: Shaymin|Leech Seed|p1a: Azumarill\n|-start|p1a: Azumarill|move: Leech Seed\n|move|p1a: Azumarill|Superpower|p2a: Shaymin\n|-supereffective|p2a: Shaymin\n|-end|p2a: Shaymin|Substitute\n|-unboost|p1a: Azumarill|atk|1\n|-unboost|p1a: Azumarill|def|1\n|\n|-heal|p2a: Shaymin|121/298|[from] item: Leftovers\n|-damage|p1a: Azumarill|206/298|[from] Leech Seed|[of] p2a: Shaymin\n|-heal|p2a: Shaymin|158/298|[silent]\n|upkeep\n|turn|16\n|\n|t:|1781461678\n|switch|p1a: Gardevoir|Gardevoir, L83, F|249/249\n|-ability|p1a: Gardevoir|Natural Cure|Trace|[from] ability: Trace|[of] p2a: Shaymin\n|move|p2a: Shaymin|Substitute|p2a: Shaymin\n|-start|p2a: Shaymin|Substitute\n|-damage|p2a: Shaymin|84/298\n|\n|-heal|p2a: Shaymin|102/298|[from] item: Leftovers\n|upkeep\n|turn|17\n|\n|t:|1781461692\n|move|p2a: Shaymin|Leech Seed|p1a: Gardevoir\n|-start|p1a: Gardevoir|move: Leech Seed\n|move|p1a: Gardevoir|Mystical Fire|p2a: Shaymin\n|-supereffective|p2a: Shaymin\n|-end|p2a: Shaymin|Substitute\n|-damage|p1a: Gardevoir|225/249|[from] item: Life Orb\n|\n|-heal|p2a: Shaymin|120/298|[from] item: Leftovers\n|-damage|p1a: Gardevoir|194/249|[from] Leech Seed|[of] p2a: Shaymin\n|-heal|p2a: Shaymin|151/298|[silent]\n|upkeep\n|turn|18\n|\n|t:|1781461702\n|move|p2a: Shaymin|Substitute|p2a: Shaymin\n|-start|p2a: Shaymin|Substitute\n|-damage|p2a: Shaymin|77/298\n|move|p1a: Gardevoir|Mystical Fire|p2a: Shaymin\n|-supereffective|p2a: Shaymin\n|-end|p2a: Shaymin|Substitute\n|-damage|p1a: Gardevoir|170/249|[from] item: Life Orb\n|\n|-heal|p2a: Shaymin|95/298|[from] item: Leftovers\n|-damage|p1a: Gardevoir|139/249|[from] Leech Seed|[of] p2a: Shaymin\n|-heal|p2a: Shaymin|126/298|[silent]\n|upkeep\n|turn|19\n|\n|t:|1781461712\n|switch|p1a: Ditto|Ditto, L87|152/225\n|-transform|p1a: Ditto|p2a: Shaymin|[from] ability: Imposter\n|move|p2a: Shaymin|Substitute|p2a: Shaymin\n|-start|p2a: Shaymin|Substitute\n|-damage|p2a: Shaymin|52/298\n|\n|-heal|p2a: Shaymin|70/298|[from] item: Leftovers\n|upkeep\n|-start|p1a: Ditto|typechange|Grass|[silent]\n|turn|20\n|\n|t:|1781461731\n|-terastallize|p1a: Ditto|Ghost\n|move|p1a: Ditto|Air Slash|p2a: Shaymin\n|-resisted|p2a: Shaymin\n|-activate|p2a: Shaymin|move: Substitute|[damage]\n|move|p2a: Shaymin|Air Slash|p1a: Ditto\n|-damage|p1a: Ditto|107/225\n|\n|-heal|p2a: Shaymin|88/298|[from] item: Leftovers\n|upkeep\n|turn|21\n|\n|t:|1781461741\n|move|p1a: Ditto|Air Slash|p2a: Shaymin\n|-resisted|p2a: Shaymin\n|-activate|p2a: Shaymin|move: Substitute|[damage]\n|move|p2a: Shaymin|Leech Seed|p1a: Ditto\n|-start|p1a: Ditto|move: Leech Seed\n|\n|-heal|p2a: Shaymin|106/298|[from] item: Leftovers\n|-damage|p1a: Ditto|79/225|[from] Leech Seed|[of] p2a: Shaymin\n|-heal|p2a: Shaymin|134/298|[silent]\n|upkeep\n|turn|22\n|\n|t:|1781461752\n|move|p1a: Ditto|Air Slash|p2a: Shaymin\n|-resisted|p2a: Shaymin\n|-end|p2a: Shaymin|Substitute\n|move|p2a: Shaymin|Air Slash|p1a: Ditto\n|-damage|p1a: Ditto|30/225\n|\n|-heal|p2a: Shaymin|152/298|[from] item: Leftovers\n|-damage|p1a: Ditto|2/225|[from] Leech Seed|[of] p2a: Shaymin\n|-heal|p2a: Shaymin|180/298|[silent]\n|upkeep\n|turn|23\n|\n|t:|1781461767\n|switch|p1a: Trevenant|Trevenant, L89, F|188/296\n|switch|p2a: Clodsire|Clodsire, L81, F|343/343\n|\n|upkeep\n|turn|24\n|\n|t:|1781461776\n|move|p1a: Trevenant|Poltergeist|p2a: Clodsire\n|-activate|p2a: Clodsire|move: Poltergeist|Leftovers\n|-damage|p2a: Clodsire|162/343\n|move|p2a: Clodsire|Toxic|p1a: Trevenant\n|-status|p1a: Trevenant|tox\n|\n|-heal|p2a: Clodsire|183/343|[from] item: Leftovers\n|-damage|p1a: Trevenant|170/296 tox|[from] psn\n|-item|p1a: Trevenant|Sitrus Berry|[from] ability: Harvest\n|upkeep\n|turn|25\n|\n|t:|1781461800\n|switch|p2a: Shaymin|Shaymin, L82, tera:Steel|180/298\n|move|p1a: Trevenant|Poltergeist|p2a: Shaymin\n|-activate|p2a: Shaymin|move: Poltergeist|Leftovers\n|-damage|p2a: Shaymin|38/298\n|\n|-heal|p2a: Shaymin|56/298|[from] item: Leftovers\n|-damage|p1a: Trevenant|134/296 tox|[from] psn\n|upkeep\n|-enditem|p1a: Trevenant|Sitrus Berry|[eat]\n|-heal|p1a: Trevenant|208/296 tox|[from] item: Sitrus Berry\n|turn|26\n|\n|t:|1781461816\n|move|p2a: Shaymin|Air Slash|p1a: Trevenant\n|-supereffective|p1a: Trevenant\n|-damage|p1a: Trevenant|96/296 tox\n|move|p1a: Trevenant|Poltergeist|p2a: Shaymin\n|-activate|p2a: Shaymin|move: Poltergeist|Leftovers\n|-damage|p2a: Shaymin|0 fnt\n|faint|p2a: Shaymin\n|\n|-damage|p1a: Trevenant|42/296 tox|[from] psn\n|-item|p1a: Trevenant|Sitrus Berry|[from] ability: Harvest\n|upkeep\n|-enditem|p1a: Trevenant|Sitrus Berry|[eat]\n|-heal|p1a: Trevenant|116/296 tox|[from] item: Sitrus Berry\n|inactive|nickplas2 has 120 seconds left.\n|\n|t:|1781461840\n|switch|p2a: Ceruledge|Ceruledge, L78, M|245/245\n|turn|27\n|\n|t:|1781461848\n|move|p2a: Ceruledge|Poltergeist||[still]\n|-fail|p2a: Ceruledge\n|move|p1a: Trevenant|Toxic|p2a: Ceruledge\n|-status|p2a: Ceruledge|tox\n|\n|-damage|p2a: Ceruledge|230/245 tox|[from] psn\n|-damage|p1a: Trevenant|44/296 tox|[from] psn\n|-item|p1a: Trevenant|Sitrus Berry|[from] ability: Harvest\n|upkeep\n|-enditem|p1a: Trevenant|Sitrus Berry|[eat]\n|-heal|p1a: Trevenant|118/296 tox|[from] item: Sitrus Berry\n|turn|28\n|\n|t:|1781461858\n|move|p1a: Trevenant|Protect|p1a: Trevenant\n|-singleturn|p1a: Trevenant|Protect\n|move|p2a: Ceruledge|Bitter Blade|p1a: Trevenant\n|-activate|p1a: Trevenant|move: Protect\n|\n|-damage|p2a: Ceruledge|200/245 tox|[from] psn\n|-damage|p1a: Trevenant|28/296 tox|[from] psn\n|-item|p1a: Trevenant|Sitrus Berry|[from] ability: Harvest\n|upkeep\n|-enditem|p1a: Trevenant|Sitrus Berry|[eat]\n|-heal|p1a: Trevenant|102/296 tox|[from] item: Sitrus Berry\n|turn|29\n|\n|t:|1781461871\n|move|p2a: Ceruledge|Bitter Blade|p1a: Trevenant\n|-supereffective|p1a: Trevenant\n|-damage|p1a: Trevenant|0 fnt\n|-heal|p2a: Ceruledge|245/245 tox|[from] drain|[of] p1a: Trevenant\n|faint|p1a: Trevenant\n|\n|-damage|p2a: Ceruledge|200/245 tox|[from] psn\n|upkeep\n|\n|t:|1781461876\n|switch|p1a: Ditto|Ditto, L87, tera:Ghost|2/225\n|-transform|p1a: Ditto|p2a: Ceruledge|[from] ability: Imposter\n|turn|30\n|\n|t:|1781461891\n|switch|p2a: Clodsire|Clodsire, L81, F|183/343\n|move|p1a: Ditto|Poltergeist|p2a: Clodsire\n|-activate|p2a: Clodsire|move: Poltergeist|Leftovers\n|-damage|p2a: Clodsire|0 fnt\n|faint|p2a: Clodsire\n|\n|upkeep\n|\n|t:|1781461902\n|switch|p2a: Tropius|Tropius, L91, M|328/328\n|turn|31\n|\n|t:|1781461924\n|switch|p1a: Gardevoir|Gardevoir, L83, F|139/249\n|-ability|p1a: Gardevoir|Harvest|Trace|[from] ability: Trace|[of] p2a: Tropius\n|move|p2a: Tropius|Earthquake|p1a: Gardevoir\n|-damage|p1a: Gardevoir|63/249\n|\n|upkeep\n|turn|32\n|\n|t:|1781461937\n|switch|p2a: Ceruledge|Ceruledge, L78, M|200/245 tox\n|move|p1a: Gardevoir|Mystical Fire|p2a: Ceruledge\n|-resisted|p2a: Ceruledge\n|-crit|p2a: Ceruledge\n|-damage|p2a: Ceruledge|143/245 tox\n|-unboost|p2a: Ceruledge|spa|1\n|-damage|p1a: Gardevoir|39/249|[from] item: Life Orb\n|\n|-damage|p2a: Ceruledge|128/245 tox|[from] psn\n|upkeep\n|turn|33\n|inactive|nickplas2 has 120 seconds left.\n|\n|t:|1781461954\n|move|p1a: Gardevoir|Psychic|p2a: Ceruledge\n|-damage|p2a: Ceruledge|0 fnt\n|faint|p2a: Ceruledge\n|-damage|p1a: Gardevoir|15/249|[from] item: Life Orb\n|\n|upkeep\n|\n|t:|1781461958\n|switch|p2a: Hoopa|Hoopa, L85|275/275\n|turn|34\n|\n|t:|1781461970\n|move|p1a: Gardevoir|Moonblast|p2a: Hoopa\n|-damage|p2a: Hoopa|168/275\n|-damage|p1a: Gardevoir|0 fnt|[from] item: Life Orb\n|faint|p1a: Gardevoir\n|move|p2a: Hoopa|Shadow Ball|p1: Gardevoir|[notarget]\n|-fail|p2a: Hoopa\n|\n|upkeep\n|\n|t:|1781461974\n|switch|p1a: Ditto|Ditto, L87, tera:Ghost|2/225\n|-transform|p1a: Ditto|p2a: Hoopa|[from] ability: Imposter\n|turn|35\n|\n|t:|1781461980\n|switch|p2a: Tropius|Tropius, L91, M|328/328\n|move|p1a: Ditto|Shadow Ball|p2a: Tropius\n|-damage|p2a: Tropius|166/328\n|-unboost|p2a: Tropius|spd|1\n|\n|upkeep\n|turn|36\n|\n|t:|1781461990\n|switch|p1a: Froslass|Froslass, L87, F|199/263\n|move|p2a: Tropius|Dragon Dance|p2a: Tropius\n|-boost|p2a: Tropius|atk|1\n|-boost|p2a: Tropius|spe|1\n|\n|upkeep\n|turn|37\n|\n|t:|1781462002\n|move|p1a: Froslass|Triple Axel|p2a: Tropius\n|-supereffective|p2a: Tropius\n|-damage|p2a: Tropius|90/328\n|-enditem|p2a: Tropius|Sitrus Berry|[eat]\n|-heal|p2a: Tropius|172/328|[from] item: Sitrus Berry\n|-supereffective|p2a: Tropius\n|-damage|p2a: Tropius|12/328\n|-supereffective|p2a: Tropius\n|-damage|p2a: Tropius|0 fnt\n|faint|p2a: Tropius\n|-hitcount|p2: Tropius|3\n|\n|upkeep\n|\n|t:|1781462004\n|switch|p2a: Hoopa|Hoopa, L85|168/275\n|turn|38\n|c|\u2606kajunphlame|2 easy, thay shaymin was your win con\n|\n|t:|1781462033\n|move|p1a: Froslass|Poltergeist|p2a: Hoopa\n|-activate|p2a: Hoopa|move: Poltergeist|Life Orb\n|-supereffective|p2a: Hoopa\n|-damage|p2a: Hoopa|0 fnt\n|faint|p2a: Hoopa\n|\n|win|kajunphlame\n|raw|kajunphlame's rating: 1280 &rarr; <strong>1308</strong><br />(+28 for winning)\n|raw|nickplas2's rating: 1317 &rarr; <strong>1295</strong><br />(-22 for losing)\n|l|\u2606nickplas2\n|player|p2|\n", "uploadtime": 1781462044, "views": 7, "formatid": "gen9randombattle", "rating": 1295, "private": 0, "password": null}