{"id": "gen9randombattle-2631900978", "format": "[Gen 9] Random Battle", "players": ["LOLEROPLAYER", "fizmoniri"], "log": "|j|\u2606LOLEROPLAYER\n|j|\u2606fizmoniri\n|t:|1781453654\n|gametype|singles\n|player|p1|LOLEROPLAYER|cynthia-gen4|1225\n|player|p2|fizmoniri|canari|1192\n|gen|9\n|tier|[Gen 9] Random Battle\n|rated|\n|rule|Species Clause: Limit one of each Pok\u00e9mon\n|rule|HP Percentage Mod: HP is shown in percentages\n|rule|Sleep Clause Mod: Limit one foe put to sleep\n|rule|Illusion Level Mod: Illusion disguises the Pok\u00e9mon's true level\n|\n|t:|1781453654\n|teamsize|p1|6\n|teamsize|p2|6\n|start\n|switch|p1a: Ting-Lu|Ting-Lu, L78|370/370\n|switch|p2a: Pincurchin|Pincurchin, M|258/258\n|-ability|p1a: Ting-Lu|Vessel of Ruin\n|-fieldstart|move: Electric Terrain|[from] ability: Electric Surge|[of] p2a: Pincurchin\n|turn|1\n|inactive|Battle timer is ON: inactive players will automatically lose when time's up. (requested by LOLEROPLAYER)\n|\n|t:|1781453680\n|move|p1a: Ting-Lu|Stealth Rock|p2a: Pincurchin\n|-sidestart|p2: fizmoniri|move: Stealth Rock\n|move|p2a: Pincurchin|Scald|p1a: Ting-Lu\n|-supereffective|p1a: Ting-Lu\n|-damage|p1a: Ting-Lu|244/370\n|-status|p1a: Ting-Lu|brn\n|\n|-heal|p1a: Ting-Lu|267/370 brn|[from] item: Leftovers\n|-damage|p1a: Ting-Lu|244/370 brn|[from] brn\n|upkeep\n|turn|2\n|inactive|fizmoniri has 120 seconds left.\n|\n|t:|1781453722\n|move|p1a: Ting-Lu|Ruination|p2a: Pincurchin\n|-damage|p2a: Pincurchin|129/258\n|move|p2a: Pincurchin|Scald|p1a: Ting-Lu\n|-supereffective|p1a: Ting-Lu\n|-damage|p1a: Ting-Lu|116/370 brn\n|\n|-heal|p1a: Ting-Lu|139/370 brn|[from] item: Leftovers\n|-heal|p2a: Pincurchin|145/258|[from] item: Leftovers\n|-damage|p1a: Ting-Lu|116/370 brn|[from] brn\n|upkeep\n|turn|3\n|\n|t:|1781453737\n|move|p1a: Ting-Lu|Ruination|p2a: Pincurchin\n|-damage|p2a: Pincurchin|73/258\n|move|p2a: Pincurchin|Scald|p1a: Ting-Lu\n|-supereffective|p1a: Ting-Lu\n|-damage|p1a: Ting-Lu|0 fnt\n|faint|p1a: Ting-Lu\n|\n|-heal|p2a: Pincurchin|89/258|[from] item: Leftovers\n|upkeep\n|\n|t:|1781453756\n|switch|p1a: Ribombee|Ribombee, L83, M|235/235\n|turn|4\n|\n|t:|1781453762\n|move|p1a: Ribombee|Moonblast|p2a: Pincurchin\n|-damage|p2a: Pincurchin|4/258\n|-unboost|p2a: Pincurchin|spa|1\n|move|p2a: Pincurchin|Discharge|p1a: Ribombee\n|-damage|p1a: Ribombee|120/235\n|\n|-heal|p2a: Pincurchin|20/258|[from] item: Leftovers\n|upkeep\n|turn|5\n|\n|t:|1781453770\n|move|p1a: Ribombee|Moonblast|p2a: Pincurchin\n|-damage|p2a: Pincurchin|0 fnt\n|faint|p2a: Pincurchin\n|\n|-fieldend|move: Electric Terrain\n|upkeep\n|\n|t:|1781453775\n|switch|p2a: Lilligant|Lilligant, L86, F|261/261\n|-damage|p2a: Lilligant|229/261|[from] Stealth Rock\n|turn|6\n|\n|t:|1781453787\n|move|p1a: Ribombee|Bug Buzz|p2a: Lilligant\n|-supereffective|p2a: Lilligant\n|-damage|p2a: Lilligant|41/261\n|move|p2a: Lilligant|Sleep Powder|p1a: Ribombee\n|-status|p1a: Ribombee|slp|[from] move: Sleep Powder\n|\n|upkeep\n|turn|7\n|\n|t:|1781453793\n|cant|p1a: Ribombee|slp\n|move|p2a: Lilligant|Quiver Dance|p2a: Lilligant\n|-boost|p2a: Lilligant|spa|1\n|-boost|p2a: Lilligant|spd|1\n|-boost|p2a: Lilligant|spe|1\n|\n|upkeep\n|turn|8\n|\n|t:|1781453796\n|-terastallize|p2a: Lilligant|Fire\n|move|p2a: Lilligant|Tera Blast|p1a: Ribombee|[anim] Tera Blast Fire\n|-supereffective|p1a: Ribombee\n|-damage|p1a: Ribombee|0 fnt\n|faint|p1a: Ribombee\n|-damage|p2a: Lilligant|15/261|[from] item: Life Orb\n|\n|upkeep\n|\n|t:|1781453803\n|switch|p1a: Kingambit|Kingambit, L74, M|270/270\n|-activate|p1a: Kingambit|ability: Supreme Overlord\n|-start|p1a: Kingambit|fallen2|[silent]\n|turn|9\n|\n|t:|1781453810\n|move|p1a: Kingambit|Sucker Punch||[still]\n|-fail|p1a: Kingambit\n|move|p2a: Lilligant|Quiver Dance|p2a: Lilligant\n|-boost|p2a: Lilligant|spa|1\n|-boost|p2a: Lilligant|spd|1\n|-boost|p2a: Lilligant|spe|1\n|\n|upkeep\n|turn|10\n|\n|t:|1781453813\n|move|p1a: Kingambit|Sucker Punch||[still]\n|-fail|p1a: Kingambit\n|move|p2a: Lilligant|Quiver Dance|p2a: Lilligant\n|-boost|p2a: Lilligant|spa|1\n|-boost|p2a: Lilligant|spd|1\n|-boost|p2a: Lilligant|spe|1\n|\n|upkeep\n|turn|11\n|\n|t:|1781453817\n|move|p1a: Kingambit|Sucker Punch||[still]\n|-fail|p1a: Kingambit\n|move|p2a: Lilligant|Sleep Powder|p1a: Kingambit\n|-status|p1a: Kingambit|slp|[from] move: Sleep Powder\n|\n|upkeep\n|turn|12\n|\n|t:|1781453819\n|cant|p1a: Kingambit|slp\n|move|p2a: Lilligant|Tera Blast|p1a: Kingambit|[anim] Tera Blast Fire\n|-supereffective|p1a: Kingambit\n|-damage|p1a: Kingambit|0 fnt\n|faint|p1a: Kingambit\n|-end|p1a: Kingambit|fallen2|[silent]\n|-damage|p2a: Lilligant|0 fnt|[from] item: Life Orb\n|faint|p2a: Lilligant\n|\n|upkeep\n|\n|t:|1781453830\n|switch|p2a: Mimikyu|Mimikyu, L79, F|216/216\n|switch|p1a: Plusle|Plusle, L95, F|268/268\n|-damage|p2a: Mimikyu|189/216|[from] Stealth Rock\n|turn|13\n|\n|t:|1781453837\n|move|p1a: Plusle|Thunderbolt|p2a: Mimikyu\n|-activate|p2a: Mimikyu|ability: Disguise\n|-damage|p2a: Mimikyu|189/216\n|detailschange|p2a: Mimikyu|Mimikyu-Busted, L79, F\n|-damage|p2a: Mimikyu|162/216|[from] pokemon: Mimikyu-Busted\n|-damage|p1a: Plusle|242/268|[from] item: Life Orb\n|move|p2a: Mimikyu|Swords Dance|p2a: Mimikyu\n|-boost|p2a: Mimikyu|atk|2\n|\n|upkeep\n|turn|14\n|\n|t:|1781453846\n|move|p1a: Plusle|Encore|p2a: Mimikyu\n|-start|p2a: Mimikyu|Encore\n|move|p2a: Mimikyu|Swords Dance|p2a: Mimikyu\n|-boost|p2a: Mimikyu|atk|2\n|\n|upkeep\n|turn|15\n|\n|t:|1781453849\n|move|p1a: Plusle|Nasty Plot|p1a: Plusle\n|-boost|p1a: Plusle|spa|2\n|move|p2a: Mimikyu|Swords Dance|p2a: Mimikyu\n|-boost|p2a: Mimikyu|atk|2\n|\n|upkeep\n|turn|16\n|\n|t:|1781453854\n|move|p1a: Plusle|Nasty Plot|p1a: Plusle\n|-boost|p1a: Plusle|spa|2\n|move|p2a: Mimikyu|Swords Dance|p2a: Mimikyu\n|-boost|p2a: Mimikyu|atk|0\n|\n|-end|p2a: Mimikyu|Encore\n|upkeep\n|turn|17\n|\n|t:|1781453863\n|move|p2a: Mimikyu|Shadow Sneak|p1a: Plusle\n|-damage|p1a: Plusle|0 fnt\n|faint|p1a: Plusle\n|-damage|p2a: Mimikyu|141/216|[from] item: Life Orb\n|\n|upkeep\n|-message|LOLEROPLAYER forfeited.\n|\n|win|fizmoniri\n|raw|LOLEROPLAYER's rating: 1225 &rarr; <strong>1198</strong><br />(-27 for losing)\n|raw|fizmoniri's rating: 1192 &rarr; <strong>1219</strong><br />(+27 for winning)\n|l|\u2606LOLEROPLAYER\n|player|p1|\n", "uploadtime": 1781453878, "views": 9, "formatid": "gen9randombattle", "rating": 1198, "private": 0, "password": null}