{"id": "gen9randombattle-2632004497", "format": "[Gen 9] Random Battle", "players": ["lykatuchi", "MadThrower"], "log": "|j|\u2606lykatuchi\n|j|\u2606MadThrower\n|t:|1781464979\n|gametype|singles\n|player|p1|lykatuchi|ethan|1994\n|player|p2|MadThrower|169|1961\n|gen|9\n|tier|[Gen 9] Random Battle\n|rated|\n|rule|Species Clause: Limit one of each Pok\u00e9mon\n|rule|HP Percentage Mod: HP is shown in percentages\n|rule|Sleep Clause Mod: Limit one foe put to sleep\n|rule|Illusion Level Mod: Illusion disguises the Pok\u00e9mon's true level\n|\n|t:|1781464979\n|teamsize|p1|6\n|teamsize|p2|6\n|start\n|switch|p1a: Golem|Golem, L87, M|281/281\n|switch|p2a: Polteageist|Polteageist, L78|222/222\n|turn|1\n|\n|t:|1781465018\n|move|p2a: Polteageist|Strength Sap|p1a: Golem\n|-unboost|p1a: Golem|atk|1\n|move|p1a: Golem|Earthquake|p2a: Polteageist\n|-damage|p2a: Polteageist|104/222\n|\n|upkeep\n|turn|2\n|\n|t:|1781465038\n|move|p2a: Polteageist|Strength Sap|p1a: Golem\n|-unboost|p1a: Golem|atk|1\n|-heal|p2a: Polteageist|222/222\n|move|p1a: Golem|Earthquake|p2a: Polteageist\n|-damage|p2a: Polteageist|131/222\n|\n|upkeep\n|turn|3\n|\n|t:|1781465045\n|move|p2a: Polteageist|Strength Sap|p1a: Golem\n|-unboost|p1a: Golem|atk|1\n|-heal|p2a: Polteageist|222/222\n|move|p1a: Golem|Earthquake|p2a: Polteageist\n|-damage|p2a: Polteageist|156/222\n|\n|upkeep\n|turn|4\n|\n|t:|1781465053\n|switch|p2a: Regice|Regice, L88|284/284\n|switch|p1a: Hoopa|Hoopa-Unbound, L80|259/259\n|\n|upkeep\n|turn|5\n|\n|t:|1781465061\n|move|p1a: Hoopa|Hyperspace Fury|p2a: Regice\n|-damage|p2a: Regice|151/284\n|-unboost|p1a: Hoopa|def|1\n|move|p2a: Regice|Ice Beam|p1a: Hoopa\n|-damage|p1a: Hoopa|175/259\n|\n|upkeep\n|turn|6\n|\n|t:|1781465071\n|switch|p2a: Houndoom|Houndoom, L87, M|272/272\n|move|p1a: Hoopa|Hyperspace Fury|p2a: Houndoom\n|-resisted|p2a: Houndoom\n|-damage|p2a: Houndoom|161/272\n|-unboost|p1a: Hoopa|def|1\n|\n|upkeep\n|turn|7\n|\n|t:|1781465083\n|switch|p1a: Hariyama|Hariyama, L87, F|392/392\n|move|p2a: Houndoom|Dark Pulse|p1a: Hariyama\n|-resisted|p1a: Hariyama\n|-damage|p1a: Hariyama|330/392\n|\n|-status|p1a: Hariyama|brn|[from] item: Flame Orb\n|upkeep\n|turn|8\n|\n|t:|1781465090\n|move|p2a: Houndoom|Fire Blast|p1a: Hariyama\n|-damage|p1a: Hariyama|143/392 brn\n|move|p1a: Hariyama|Knock Off|p2a: Houndoom\n|-resisted|p2a: Houndoom\n|-damage|p2a: Houndoom|63/272\n|-enditem|p2a: Houndoom|Heavy-Duty Boots|[from] move: Knock Off|[of] p1a: Hariyama\n|\n|-damage|p1a: Hariyama|119/392 brn|[from] brn\n|upkeep\n|turn|9\n|\n|t:|1781465097\n|move|p2a: Houndoom|Fire Blast|p1a: Hariyama\n|-damage|p1a: Hariyama|0 fnt\n|faint|p1a: Hariyama\n|\n|upkeep\n|\n|t:|1781465102\n|switch|p1a: Regieleki|Regieleki, L79|256/256\n|turn|10\n|\n|t:|1781465105\n|move|p2a: Houndoom|Sucker Punch|p1a: Regieleki\n|-damage|p1a: Regieleki|139/256\n|move|p1a: Regieleki|Thunderbolt|p2a: Houndoom\n|-damage|p2a: Houndoom|0 fnt\n|faint|p2a: Houndoom\n|\n|upkeep\n|\n|t:|1781465114\n|switch|p2a: Regice|Regice, L88|151/284\n|turn|11\n|\n|t:|1781465118\n|move|p1a: Regieleki|Volt Switch|p2a: Regice\n|-damage|p2a: Regice|99/284\n|\n|t:|1781465121\n|switch|p1a: Hoopa|Hoopa-Unbound, L80|175/259|[from] Volt Switch\n|move|p2a: Regice|Ice Beam|p1a: Hoopa\n|-damage|p1a: Hoopa|96/259\n|\n|upkeep\n|turn|12\n|\n|t:|1781465125\n|move|p1a: Hoopa|Hyperspace Fury|p2a: Regice\n|-damage|p2a: Regice|0 fnt\n|-unboost|p1a: Hoopa|def|1\n|faint|p2a: Regice\n|\n|upkeep\n|\n|t:|1781465134\n|switch|p2a: Glalie|Glalie, L96, M|309/309\n|turn|13\n|\n|t:|1781465144\n|switch|p1a: Dusknoir|Dusknoir, L89, F|225/225\n|-item|p2a: Glalie|Heavy-Duty Boots|[from] ability: Frisk|[of] p1a: Dusknoir\n|move|p2a: Glalie|Earthquake|p1a: Dusknoir\n|-damage|p1a: Dusknoir|171/225\n|\n|-heal|p1a: Dusknoir|185/225|[from] item: Leftovers\n|upkeep\n|turn|14\n|\n|t:|1781465150\n|move|p2a: Glalie|Taunt|p1a: Dusknoir\n|-start|p1a: Dusknoir|move: Taunt\n|move|p1a: Dusknoir|Poltergeist|p2a: Glalie\n|-activate|p2a: Glalie|move: Poltergeist|Heavy-Duty Boots\n|-damage|p2a: Glalie|177/309\n|\n|-heal|p1a: Dusknoir|199/225|[from] item: Leftovers\n|upkeep\n|turn|15\n|\n|t:|1781465157\n|move|p2a: Glalie|Spikes|p1a: Dusknoir\n|-sidestart|p1: lykatuchi|Spikes\n|move|p1a: Dusknoir|Poltergeist|p2a: Glalie\n|-activate|p2a: Glalie|move: Poltergeist|Heavy-Duty Boots\n|-damage|p2a: Glalie|51/309\n|\n|-heal|p1a: Dusknoir|213/225|[from] item: Leftovers\n|upkeep\n|turn|16\n|\n|t:|1781465162\n|move|p2a: Glalie|Freeze-Dry|p1a: Dusknoir\n|-damage|p1a: Dusknoir|161/225\n|move|p1a: Dusknoir|Earthquake|p2a: Glalie\n|-damage|p2a: Glalie|0 fnt\n|faint|p2a: Glalie\n|\n|-heal|p1a: Dusknoir|175/225|[from] item: Leftovers\n|-end|p1a: Dusknoir|move: Taunt\n|upkeep\n|\n|t:|1781465170\n|switch|p2a: Tentacruel|Tentacruel, L84, M|272/272\n|turn|17\n|\n|t:|1781465175\n|move|p2a: Tentacruel|Knock Off|p1a: Dusknoir\n|-supereffective|p1a: Dusknoir\n|-damage|p1a: Dusknoir|103/225\n|-enditem|p1a: Dusknoir|Leftovers|[from] move: Knock Off|[of] p2a: Tentacruel\n|move|p1a: Dusknoir|Earthquake|p2a: Tentacruel\n|-supereffective|p2a: Tentacruel\n|-damage|p2a: Tentacruel|82/272\n|\n|upkeep\n|turn|18\n|\n|t:|1781465181\n|move|p2a: Tentacruel|Surf|p1a: Dusknoir\n|-damage|p1a: Dusknoir|49/225\n|move|p1a: Dusknoir|Earthquake|p2a: Tentacruel\n|-supereffective|p2a: Tentacruel\n|-damage|p2a: Tentacruel|0 fnt\n|faint|p2a: Tentacruel\n|\n|upkeep\n|\n|t:|1781465184\n|switch|p2a: Polteageist|Polteageist, L78|156/222\n|turn|19\n|\n|t:|1781465193\n|move|p2a: Polteageist|Shell Smash|p2a: Polteageist\n|-unboost|p2a: Polteageist|def|1\n|-unboost|p2a: Polteageist|spd|1\n|-boost|p2a: Polteageist|atk|2\n|-boost|p2a: Polteageist|spa|2\n|-boost|p2a: Polteageist|spe|2\n|-enditem|p2a: Polteageist|White Herb\n|-clearnegativeboost|p2a: Polteageist|[silent]\n|move|p1a: Dusknoir|Poltergeist||[still]\n|-fail|p1a: Dusknoir\n|\n|upkeep\n|turn|20\n|\n|t:|1781465199\n|move|p2a: Polteageist|Strength Sap|p1a: Dusknoir\n|-unboost|p1a: Dusknoir|atk|1\n|-heal|p2a: Polteageist|222/222\n|move|p1a: Dusknoir|Earthquake|p2a: Polteageist\n|-damage|p2a: Polteageist|143/222\n|\n|upkeep\n|turn|21\n|\n|t:|1781465212\n|switch|p1a: Regieleki|Regieleki, L79|139/256\n|-damage|p1a: Regieleki|107/256|[from] Spikes\n|move|p2a: Polteageist|Shadow Ball|p1a: Regieleki\n|-damage|p1a: Regieleki|0 fnt\n|faint|p1a: Regieleki\n|\n|upkeep\n|\n|t:|1781465225\n|switch|p1a: Golem|Golem, L87, M|281/281\n|-damage|p1a: Golem|246/281|[from] Spikes\n|turn|22\n|\n|t:|1781465230\n|-terastallize|p2a: Polteageist|Fighting\n|move|p2a: Polteageist|Tera Blast|p1a: Golem|[anim] Tera Blast Fighting\n|-supereffective|p1a: Golem\n|-damage|p1a: Golem|0 fnt\n|faint|p1a: Golem\n|\n|upkeep\n|\n|t:|1781465235\n|switch|p1a: Reuniclus|Reuniclus, L88, M|337/337\n|turn|23\n|\n|t:|1781465239\n|-terastallize|p1a: Reuniclus|Fighting\n|move|p2a: Polteageist|Shadow Ball|p1a: Reuniclus\n|-damage|p1a: Reuniclus|154/337\n|move|p1a: Reuniclus|Psyshock|p2a: Polteageist\n|-supereffective|p2a: Polteageist\n|-damage|p2a: Polteageist|0 fnt\n|faint|p2a: Polteageist\n|\n|upkeep\n|\n|t:|1781465241\n|switch|p2a: Inteleon|Inteleon, L81, M|246/246\n|turn|24\n|\n|t:|1781465246\n|move|p2a: Inteleon|Hydro Pump|p1a: Reuniclus\n|-damage|p1a: Reuniclus|0 fnt\n|faint|p1a: Reuniclus\n|\n|upkeep\n|\n|t:|1781465250\n|switch|p1a: Hoopa|Hoopa-Unbound, L80|96/259\n|-damage|p1a: Hoopa|64/259|[from] Spikes\n|turn|25\n|\n|t:|1781465254\n|move|p1a: Hoopa|Hyperspace Fury|p2a: Inteleon\n|-damage|p2a: Inteleon|44/246\n|-unboost|p1a: Hoopa|def|1\n|move|p2a: Inteleon|Hydro Pump|p1a: Hoopa\n|-damage|p1a: Hoopa|0 fnt\n|faint|p1a: Hoopa\n|\n|upkeep\n|\n|t:|1781465256\n|switch|p1a: Dusknoir|Dusknoir, L89, F|49/225\n|-damage|p1a: Dusknoir|21/225|[from] Spikes\n|-item|p2a: Inteleon|Choice Specs|[from] ability: Frisk|[of] p1a: Dusknoir\n|turn|26\n|\n|t:|1781465260\n|move|p2a: Inteleon|Hydro Pump|p1a: Dusknoir\n|-damage|p1a: Dusknoir|0 fnt\n|faint|p1a: Dusknoir\n|\n|win|MadThrower\n", "uploadtime": 1781464982, "views": 8, "formatid": "gen9randombattle", "rating": null, "private": 0, "password": null}