{"id": "gen9randombattle-2631920311", "format": "[Gen 9] Random Battle", "players": ["fortnitekid1212", "jfer4"], "log": "|j|\u2606fortnitekid1212\n|j|\u2606jfer4\n|t:|1781455730\n|gametype|singles\n|player|p1|fortnitekid1212|101|1949\n|player|p2|jfer4|1|1960\n|gen|9\n|tier|[Gen 9] Random Battle\n|rated|\n|rule|Species Clause: Limit one of each Pok\u00e9mon\n|rule|HP Percentage Mod: HP is shown in percentages\n|rule|Sleep Clause Mod: Limit one foe put to sleep\n|rule|Illusion Level Mod: Illusion disguises the Pok\u00e9mon's true level\n|\n|t:|1781455730\n|teamsize|p1|6\n|teamsize|p2|6\n|start\n|switch|p1a: Mandibuzz|Mandibuzz, L85, F|326/326\n|switch|p2a: Ursaring|Ursaring, L84, M|235/235\n|turn|1\n|inactive|Battle timer is ON: inactive players will automatically lose when time's up. (requested by jfer4)\n|inactive|fortnitekid1212 also wants the timer to be on.\n|\n|t:|1781455742\n|move|p2a: Ursaring|Trick|p1a: Mandibuzz\n|-activate|p2a: Ursaring|move: Trick|[of] p1a: Mandibuzz\n|-item|p1a: Mandibuzz|Choice Specs|[from] move: Trick\n|-item|p2a: Ursaring|Heavy-Duty Boots|[from] move: Trick\n|move|p1a: Mandibuzz|Foul Play|p2a: Ursaring\n|-resisted|p2a: Ursaring\n|-damage|p2a: Ursaring|179/235\n|replace|p2a: Zoroark|Zoroark, L83, F\n|-end|p2a: Zoroark|Illusion\n|-hint|Illusion Level Mod is active, so this Pok\u00e9mon's true level was hidden.\n|\n|upkeep\n|turn|2\n|inactive|fortnitekid1212 has 120 seconds left.\n|\n|t:|1781455779\n|switch|p2a: Ariados|Ariados, L95, M|287/287\n|move|p1a: Mandibuzz|Foul Play|p2a: Ariados\n|-damage|p2a: Ariados|178/287\n|\n|upkeep\n|turn|3\n|\n|t:|1781455785\n|move|p1a: Mandibuzz|Foul Play|p2a: Ariados\n|-damage|p2a: Ariados|61/287\n|move|p2a: Ariados|Sticky Web|p1a: Mandibuzz\n|-sidestart|p1: fortnitekid1212|move: Sticky Web\n|\n|upkeep\n|turn|4\n|\n|t:|1781455797\n|move|p2a: Ariados|Sucker Punch|p1a: Mandibuzz\n|-resisted|p1a: Mandibuzz\n|-damage|p1a: Mandibuzz|301/326\n|move|p1a: Mandibuzz|Foul Play|p2a: Ariados\n|-damage|p2a: Ariados|0 fnt\n|faint|p2a: Ariados\n|\n|upkeep\n|\n|t:|1781455804\n|switch|p2a: Lumineon|Lumineon, L93, F|279/279\n|turn|5\n|\n|t:|1781455811\n|switch|p1a: Dragalge|Dragalge, L88, M|258/258\n|-activate|p1a: Dragalge|move: Sticky Web\n|-unboost|p1a: Dragalge|spe|1\n|move|p2a: Lumineon|Ice Beam|p1a: Dragalge\n|-supereffective|p1a: Dragalge\n|-damage|p1a: Dragalge|151/258\n|-damage|p2a: Lumineon|252/279|[from] item: Life Orb\n|\n|-heal|p1a: Dragalge|167/258|[from] item: Leftovers\n|upkeep\n|turn|6\n|\n|t:|1781455819\n|move|p2a: Lumineon|Ice Beam|p1a: Dragalge\n|-supereffective|p1a: Dragalge\n|-damage|p1a: Dragalge|55/258\n|-damage|p2a: Lumineon|225/279|[from] item: Life Orb\n|move|p1a: Dragalge|Sludge Wave|p2a: Lumineon\n|-damage|p2a: Lumineon|93/279\n|\n|-heal|p1a: Dragalge|71/258|[from] item: Leftovers\n|upkeep\n|turn|7\n|\n|t:|1781455828\n|switch|p1a: Hypno|Hypno, L95, F|315/315\n|-activate|p1a: Hypno|move: Sticky Web\n|-unboost|p1a: Hypno|spe|1\n|move|p2a: Lumineon|Ice Beam|p1a: Hypno\n|-damage|p1a: Hypno|254/315\n|-damage|p2a: Lumineon|66/279|[from] item: Life Orb\n|\n|-heal|p1a: Hypno|273/315|[from] item: Leftovers\n|upkeep\n|turn|8\n|\n|t:|1781455842\n|move|p2a: Lumineon|Alluring Voice|p1a: Hypno\n|-crit|p1a: Hypno\n|-damage|p1a: Hypno|192/315\n|-damage|p2a: Lumineon|39/279|[from] item: Life Orb\n|move|p1a: Hypno|Focus Blast|p2a: Lumineon\n|-damage|p2a: Lumineon|0 fnt\n|faint|p2a: Lumineon\n|\n|-heal|p1a: Hypno|211/315|[from] item: Leftovers\n|upkeep\n|\n|t:|1781455852\n|switch|p2a: Gothitelle|Gothitelle, L90, M|272/272\n|turn|9\n|\n|t:|1781455876\n|move|p2a: Gothitelle|Calm Mind|p2a: Gothitelle\n|-boost|p2a: Gothitelle|spa|1\n|-boost|p2a: Gothitelle|spd|1\n|move|p1a: Hypno|Toxic|p2a: Gothitelle\n|-status|p2a: Gothitelle|tox\n|\n|-heal|p1a: Hypno|230/315|[from] item: Leftovers\n|-damage|p2a: Gothitelle|255/272 tox|[from] psn\n|upkeep\n|turn|10\n|inactive|jfer4 has 120 seconds left.\n|\n|t:|1781455909\n|move|p1a: Hypno|Protect|p1a: Hypno\n|-singleturn|p1a: Hypno|Protect\n|move|p2a: Gothitelle|Dark Pulse|p1a: Hypno\n|-activate|p1a: Hypno|move: Protect\n|\n|-heal|p2a: Gothitelle|272/272 tox|[from] item: Leftovers\n|-heal|p1a: Hypno|249/315|[from] item: Leftovers\n|-damage|p2a: Gothitelle|238/272 tox|[from] psn\n|upkeep\n|turn|11\n|\n|t:|1781455932\n|move|p2a: Gothitelle|Dark Pulse|p1a: Hypno\n|-supereffective|p1a: Hypno\n|-damage|p1a: Hypno|111/315\n|move|p1a: Hypno|Psychic Noise|p2a: Gothitelle\n|-resisted|p2a: Gothitelle\n|-damage|p2a: Gothitelle|215/272 tox\n|-start|p2a: Gothitelle|move: Heal Block\n|\n|-heal|p1a: Hypno|130/315|[from] item: Leftovers\n|-damage|p2a: Gothitelle|164/272 tox|[from] psn\n|upkeep\n|turn|12\n|\n|t:|1781455945\n|move|p2a: Gothitelle|Calm Mind|p2a: Gothitelle\n|-boost|p2a: Gothitelle|spa|1\n|-boost|p2a: Gothitelle|spd|1\n|move|p1a: Hypno|Psychic Noise|p2a: Gothitelle\n|-resisted|p2a: Gothitelle\n|-damage|p2a: Gothitelle|146/272 tox\n|\n|-heal|p1a: Hypno|149/315|[from] item: Leftovers\n|-damage|p2a: Gothitelle|78/272 tox|[from] psn\n|-end|p2a: Gothitelle|move: Heal Block\n|upkeep\n|turn|13\n|\n|t:|1781455950\n|move|p1a: Hypno|Protect|p1a: Hypno\n|-singleturn|p1a: Hypno|Protect\n|move|p2a: Gothitelle|Dark Pulse|p1a: Hypno\n|-activate|p1a: Hypno|move: Protect\n|\n|-heal|p2a: Gothitelle|95/272 tox|[from] item: Leftovers\n|-heal|p1a: Hypno|168/315|[from] item: Leftovers\n|-damage|p2a: Gothitelle|10/272 tox|[from] psn\n|upkeep\n|turn|14\n|\n|t:|1781455958\n|move|p1a: Hypno|Protect||[still]\n|-fail|p1a: Hypno\n|move|p2a: Gothitelle|Dark Pulse|p1a: Hypno\n|-supereffective|p1a: Hypno\n|-damage|p1a: Hypno|0 fnt\n|faint|p1a: Hypno\n|\n|-heal|p2a: Gothitelle|27/272 tox|[from] item: Leftovers\n|-damage|p2a: Gothitelle|0 fnt|[from] psn\n|faint|p2a: Gothitelle\n|upkeep\n|\n|t:|1781455964\n|switch|p1a: Mandibuzz|Mandibuzz, L85, F|301/326\n|switch|p2a: Ursaring|Ursaring, L84, M|288/288\n|turn|15\n|\n|t:|1781455977\n|move|p1a: Mandibuzz|Defog|p2a: Ursaring\n|-unboost|p2a: Ursaring|evasion|1\n|-sideend|p1: fortnitekid1212|Sticky Web|[from] move: Defog|[of] p1a: Mandibuzz\n|move|p2a: Ursaring|Body Slam|p1a: Mandibuzz\n|-damage|p1a: Mandibuzz|204/326\n|\n|upkeep\n|turn|16\n|\n|t:|1781455984\n|switch|p1a: Gholdengo|Gholdengo, L77|261/261\n|move|p2a: Ursaring|Body Slam|p1a: Gholdengo\n|-immune|p1a: Gholdengo\n|\n|upkeep\n|turn|17\n|\n|t:|1781455991\n|move|p1a: Gholdengo|Trick|p2a: Ursaring\n|-activate|p1a: Gholdengo|move: Trick|[of] p2a: Ursaring\n|-item|p2a: Ursaring|Choice Scarf|[from] move: Trick\n|-item|p1a: Gholdengo|Eviolite|[from] move: Trick\n|move|p2a: Ursaring|Earthquake|p1a: Gholdengo\n|-supereffective|p1a: Gholdengo\n|-damage|p1a: Gholdengo|79/261\n|\n|upkeep\n|turn|18\n|\n|t:|1781456003\n|switch|p2a: Delibird|Delibird, F|252/252\n|switch|p1a: Mandibuzz|Mandibuzz, L85, F|204/326\n|\n|upkeep\n|turn|19\n|inactive|fortnitekid1212 has 120 seconds left.\n|\n|t:|1781456045\n|-terastallize|p1a: Mandibuzz|Steel\n|move|p2a: Delibird|Spikes|p1a: Mandibuzz\n|-sidestart|p1: fortnitekid1212|Spikes\n|move|p1a: Mandibuzz|Foul Play|p2a: Delibird\n|-damage|p2a: Delibird|152/252\n|\n|upkeep\n|turn|20\n|\n|t:|1781456070\n|move|p2a: Delibird|Drill Run|p1a: Mandibuzz\n|-supereffective|p1a: Mandibuzz\n|-damage|p1a: Mandibuzz|52/326\n|move|p1a: Mandibuzz|Foul Play|p2a: Delibird\n|-damage|p2a: Delibird|52/252\n|\n|upkeep\n|turn|21\n|inactive|fortnitekid1212 has 120 seconds left.\n|inactive|fortnitekid1212 has 90 seconds left.\n|\n|t:|1781456111\n|move|p2a: Delibird|Drill Run|p1a: Mandibuzz\n|-supereffective|p1a: Mandibuzz\n|-damage|p1a: Mandibuzz|0 fnt\n|faint|p1a: Mandibuzz\n|\n|upkeep\n|inactive|fortnitekid1212 has 90 seconds left.\n|\n|t:|1781456119\n|switch|p1a: Articuno|Articuno-Galar, L84|288/288\n|turn|22\n|\n|t:|1781456127\n|move|p1a: Articuno|Freezing Glare|p2a: Delibird\n|-damage|p2a: Delibird|0 fnt\n|faint|p2a: Delibird\n|\n|upkeep\n|\n|t:|1781456131\n|switch|p2a: Ursaring|Ursaring, L84, M|179/235\n|turn|23\n|inactive|fortnitekid1212 has 90 seconds left.\n|inactive|fortnitekid1212 has 60 seconds left.\n|\n|t:|1781456181\n|switch|p1a: Dragalge|Dragalge, L88, M|71/258\n|-damage|p1a: Dragalge|39/258|[from] Spikes\n|move|p2a: Ursaring|Dark Pulse|p1a: Dragalge\n|-damage|p1a: Dragalge|0 fnt\n|faint|p1a: Dragalge\n|\n|upkeep\n|inactive|fortnitekid1212 has 60 seconds left.\n|\n|t:|1781456194\n|switch|p1a: Blastoise|Blastoise, L80, M|258/258\n|-damage|p1a: Blastoise|226/258|[from] Spikes\n|turn|24\n|inactive|fortnitekid1212 has 60 seconds left.\n|\n|t:|1781456202\n|move|p2a: Ursaring|Dark Pulse|p1a: Blastoise\n|-damage|p1a: Blastoise|142/258\n|move|p1a: Blastoise|Shell Smash|p1a: Blastoise\n|-unboost|p1a: Blastoise|def|1\n|-unboost|p1a: Blastoise|spd|1\n|-boost|p1a: Blastoise|atk|2\n|-boost|p1a: Blastoise|spa|2\n|-boost|p1a: Blastoise|spe|2\n|-enditem|p1a: Blastoise|White Herb\n|-clearnegativeboost|p1a: Blastoise|[silent]\n|\n|upkeep\n|turn|25\n|inactive|fortnitekid1212 has 60 seconds left.\n|\n|t:|1781456229\n|switch|p2a: Ursaring|Ursaring, L84, M|288/288\n|move|p1a: Blastoise|Hydro Pump|p2a: Ursaring\n|-damage|p2a: Ursaring|78/288\n|\n|upkeep\n|turn|26\n|inactive|jfer4 has 120 seconds left.\n|\n|t:|1781456247\n|move|p1a: Blastoise|Ice Beam|p2a: Ursaring\n|-damage|p2a: Ursaring|0 fnt\n|faint|p2a: Ursaring\n|\n|upkeep\n|\n|t:|1781456249\n|switch|p2a: Zoroark|Zoroark, L83, F|179/235\n|turn|27\n|inactive|fortnitekid1212 has 60 seconds left.\n|\n|t:|1781456267\n|move|p1a: Blastoise|Hydro Pump|p2a: Zoroark\n|-damage|p2a: Zoroark|0 fnt\n|faint|p2a: Zoroark\n|\n|win|fortnitekid1212\n", "uploadtime": 1781455732, "views": 7, "formatid": "gen9randombattle", "rating": null, "private": 0, "password": null}