{"id": "gen9randombattle-2631604401", "format": "[Gen 9] Random Battle", "players": ["GhiDarkGamesYT", "Srta13"], "log": "|j|\u2606GhiDarkGamesYT\n|j|\u2606Srta13\n|t:|1781407565\n|gametype|singles\n|player|p1|GhiDarkGamesYT|169|\n|player|p2|Srta13|sabrina|\n|gen|9\n|tier|[Gen 9] Random Battle\n|rule|Species Clause: Limit one of each Pok\u00e9mon\n|rule|HP Percentage Mod: HP is shown in percentages\n|rule|Sleep Clause Mod: Limit one foe put to sleep\n|rule|Illusion Level Mod: Illusion disguises the Pok\u00e9mon's true level\n|\n|t:|1781407565\n|teamsize|p1|6\n|teamsize|p2|6\n|start\n|switch|p1a: Tauros|Tauros-Paldea-Blaze, L81, M|252/252\n|switch|p2a: Zangoose|Zangoose, L85, F|263/263\n|turn|1\n|\n|t:|1781407582\n|switch|p2a: Delibird|Delibird, M|252/252\n|move|p1a: Tauros|Substitute|p1a: Tauros\n|-start|p1a: Tauros|Substitute\n|-damage|p1a: Tauros|189/252\n|\n|upkeep\n|turn|2\n|\n|t:|1781407591\n|move|p1a: Tauros|Bulk Up|p1a: Tauros\n|-boost|p1a: Tauros|atk|1\n|-boost|p1a: Tauros|def|1\n|move|p2a: Delibird|Brave Bird|p1a: Tauros\n|-supereffective|p1a: Tauros\n|-end|p1a: Tauros|Substitute\n|-damage|p2a: Delibird|231/252|[from] Recoil|[of] p1a: Tauros\n|\n|upkeep\n|turn|3\n|\n|t:|1781407602\n|move|p1a: Tauros|Bulk Up|p1a: Tauros\n|-boost|p1a: Tauros|atk|1\n|-boost|p1a: Tauros|def|1\n|move|p2a: Delibird|Brave Bird|p1a: Tauros\n|-supereffective|p1a: Tauros\n|-damage|p1a: Tauros|73/252\n|-enditem|p1a: Tauros|Sitrus Berry|[eat]\n|-heal|p1a: Tauros|136/252|[from] item: Sitrus Berry\n|-damage|p2a: Delibird|193/252|[from] Recoil\n|\n|upkeep\n|turn|4\n|\n|t:|1781407618\n|move|p1a: Tauros|Substitute|p1a: Tauros\n|-start|p1a: Tauros|Substitute\n|-damage|p1a: Tauros|73/252\n|move|p2a: Delibird|Brave Bird|p1a: Tauros\n|-supereffective|p1a: Tauros\n|-end|p1a: Tauros|Substitute\n|-damage|p2a: Delibird|172/252|[from] Recoil|[of] p1a: Tauros\n|\n|-activate|p1a: Tauros|ability: Cud Chew\n|-enditem|p1a: Tauros|Sitrus Berry|[eat]\n|-heal|p1a: Tauros|136/252|[from] item: Sitrus Berry\n|upkeep\n|turn|5\n|\n|t:|1781407627\n|move|p1a: Tauros|Raging Bull|p2a: Delibird\n|-supereffective|p2a: Delibird\n|-crit|p2a: Delibird\n|-damage|p2a: Delibird|0 fnt\n|faint|p2a: Delibird\n|\n|upkeep\n|\n|t:|1781407665\n|switch|p2a: Klefki|Klefki, L84, F|233/233\n|turn|6\n|\n|t:|1781407672\n|move|p2a: Klefki|Thunder Wave|p1a: Tauros\n|-status|p1a: Tauros|par\n|move|p1a: Tauros|Substitute|p1a: Tauros\n|-start|p1a: Tauros|Substitute\n|-damage|p1a: Tauros|73/252 par\n|\n|upkeep\n|turn|7\n|\n|t:|1781407681\n|move|p2a: Klefki|Dazzling Gleam|p1a: Tauros\n|-end|p1a: Tauros|Substitute\n|move|p1a: Tauros|Raging Bull|p2a: Klefki\n|-supereffective|p2a: Klefki\n|-damage|p2a: Klefki|0 fnt\n|faint|p2a: Klefki\n|\n|upkeep\n|\n|t:|1781407696\n|switch|p2a: Calyrex|Calyrex-Shadow, L64|235/235\n|-ability|p2a: Calyrex|As One\n|-ability|p2a: Calyrex|Unnerve\n|turn|8\n|\n|t:|1781407700\n|move|p2a: Calyrex|Psyshock|p1a: Tauros\n|-supereffective|p1a: Tauros\n|-damage|p1a: Tauros|0 fnt\n|faint|p1a: Tauros\n|-ability|p2a: Calyrex|Grim Neigh|boost\n|-boost|p2a: Calyrex|spa|1\n|-damage|p2a: Calyrex|212/235|[from] item: Life Orb\n|\n|upkeep\n|\n|t:|1781407713\n|switch|p1a: Porygon-Z|Porygon-Z, L83|277/277\n|turn|9\n|\n|t:|1781407722\n|switch|p2a: Zangoose|Zangoose, L85, F|263/263\n|move|p1a: Porygon-Z|Shadow Ball|p2a: Zangoose\n|-immune|p2a: Zangoose\n|\n|-status|p2a: Zangoose|tox|[from] item: Toxic Orb\n|upkeep\n|turn|10\n|\n|t:|1781407730\n|switch|p1a: Electrode|Electrode-Hisui, L87|246/246\n|move|p2a: Zangoose|Swords Dance|p2a: Zangoose\n|-boost|p2a: Zangoose|atk|2\n|\n|-damage|p2a: Zangoose|247/263 tox|[from] psn\n|upkeep\n|turn|11\n|\n|t:|1781407738\n|move|p2a: Zangoose|Quick Attack|p1a: Electrode\n|-damage|p1a: Electrode|60/246\n|move|p1a: Electrode|Thunderbolt|p2a: Zangoose\n|-damage|p2a: Zangoose|107/263 tox\n|-damage|p1a: Electrode|36/246|[from] item: Life Orb\n|\n|-damage|p2a: Zangoose|75/263 tox|[from] psn\n|upkeep\n|turn|12\n|\n|t:|1781407747\n|move|p2a: Zangoose|Quick Attack|p1a: Electrode\n|-crit|p1a: Electrode\n|-damage|p1a: Electrode|0 fnt\n|faint|p1a: Electrode\n|\n|-damage|p2a: Zangoose|27/263 tox|[from] psn\n|upkeep\n|\n|t:|1781407750\n|switch|p1a: Porygon-Z|Porygon-Z, L83|277/277\n|turn|13\n|\n|t:|1781407783\n|switch|p1a: Ludicolo|Ludicolo, L90, M|290/290\n|move|p2a: Zangoose|Quick Attack|p1a: Ludicolo\n|-damage|p1a: Ludicolo|128/290\n|\n|-damage|p2a: Zangoose|0 fnt|[from] psn\n|faint|p2a: Zangoose\n|upkeep\n|\n|t:|1781407806\n|switch|p2a: Zekrom|Zekrom, L71|259/259\n|-ability|p2a: Zekrom|Teravolt\n|turn|14\n|\n|t:|1781407829\n|move|p1a: Ludicolo|Ice Beam|p2a: Zekrom\n|-supereffective|p2a: Zekrom\n|-damage|p2a: Zekrom|64/259\n|-damage|p1a: Ludicolo|99/290|[from] item: Life Orb\n|move|p2a: Zekrom|Dragon Dance|p2a: Zekrom\n|-boost|p2a: Zekrom|atk|1\n|-boost|p2a: Zekrom|spe|1\n|\n|-heal|p2a: Zekrom|80/259|[from] item: Leftovers\n|upkeep\n|turn|15\n|\n|t:|1781407848\n|-terastallize|p1a: Ludicolo|Steel\n|move|p2a: Zekrom|Outrage|p1a: Ludicolo\n|-resisted|p1a: Ludicolo\n|-damage|p1a: Ludicolo|0 fnt\n|faint|p1a: Ludicolo\n|\n|-heal|p2a: Zekrom|96/259|[from] item: Leftovers\n|upkeep\n|\n|t:|1781407853\n|switch|p1a: Clawitzer|Clawitzer, L87, F|265/265\n|turn|16\n|\n|t:|1781407857\n|move|p2a: Zekrom|Outrage|p1a: Clawitzer|[from] lockedmove\n|-damage|p1a: Clawitzer|76/265\n|move|p1a: Clawitzer|Dragon Pulse|p2a: Zekrom\n|-supereffective|p2a: Zekrom\n|-damage|p2a: Zekrom|0 fnt\n|faint|p2a: Zekrom\n|\n|upkeep\n|\n|t:|1781407881\n|switch|p2a: Solgaleo|Solgaleo, L74|325/325\n|turn|17\n|\n|t:|1781407907\n|move|p2a: Solgaleo|Earthquake|p1a: Clawitzer\n|-damage|p1a: Clawitzer|10/265\n|move|p1a: Clawitzer|Dark Pulse|p2a: Solgaleo\n|-supereffective|p2a: Solgaleo\n|-damage|p2a: Solgaleo|89/325\n|-enditem|p2a: Solgaleo|Weakness Policy\n|-boost|p2a: Solgaleo|atk|2|[from] item: Weakness Policy\n|-boost|p2a: Solgaleo|spa|2|[from] item: Weakness Policy\n|\n|upkeep\n|turn|18\n|\n|t:|1781407914\n|move|p2a: Solgaleo|Flame Charge|p1a: Clawitzer\n|-resisted|p1a: Clawitzer\n|-damage|p1a: Clawitzer|0 fnt\n|-boost|p2a: Solgaleo|spe|1\n|faint|p1a: Clawitzer\n|\n|upkeep\n|\n|t:|1781407918\n|switch|p1a: Porygon-Z|Porygon-Z, L83|277/277\n|turn|19\n|\n|t:|1781407933\n|move|p2a: Solgaleo|Close Combat|p1a: Porygon-Z\n|-supereffective|p1a: Porygon-Z\n|-damage|p1a: Porygon-Z|0 fnt\n|-unboost|p2a: Solgaleo|def|1\n|-unboost|p2a: Solgaleo|spd|1\n|faint|p1a: Porygon-Z\n|\n|upkeep\n|\n|t:|1781407938\n|switch|p1a: Pyroar|Pyroar, L88, F|295/295\n|-ability|p1a: Pyroar|Unnerve\n|turn|20\n|\n|t:|1781407947\n|-terastallize|p2a: Solgaleo|Ground\n|move|p2a: Solgaleo|Earthquake|p1a: Pyroar\n|-supereffective|p1a: Pyroar\n|-damage|p1a: Pyroar|0 fnt\n|faint|p1a: Pyroar\n|\n|win|Srta13\n|l|\u2606GhiDarkGamesYT\n|player|p1|\n", "uploadtime": 1781407956, "views": 2, "formatid": "gen9randombattle", "rating": null, "private": 0, "password": null}