{"id": "gen9randombattle-2631537520", "format": "[Gen 9] Random Battle", "players": ["TriniPlayer", "who is to say"], "log": "|badge|p1|bronze|gen9randombattle|100-9\n|uhtml|medal-msg|<div class=\"broadcast-blue\">Curious what those medals under the avatar are? PS now has Ladder Seasons! For more information, check out the <a href=\"https://www.smogon.com/forums/threads/3740067/\">thread on Smogon.</a></div>\n|j|\u2606TriniPlayer\n|j|\u2606who is to say\n|t:|1781398241\n|gametype|singles\n|player|p1|TriniPlayer|acetrainersnow|2311\n|player|p2|who is to say|170|2232\n|gen|9\n|tier|[Gen 9] Random Battle\n|rated|\n|rule|Species Clause: Limit one of each Pok\u00e9mon\n|rule|HP Percentage Mod: HP is shown in percentages\n|rule|Sleep Clause Mod: Limit one foe put to sleep\n|rule|Illusion Level Mod: Illusion disguises the Pok\u00e9mon's true level\n|\n|t:|1781398241\n|teamsize|p1|6\n|teamsize|p2|6\n|start\n|switch|p1a: Drifblim|Drifblim, L86, M|396/396\n|switch|p2a: Reshiram|Reshiram, L76|277/277\n|-ability|p2a: Reshiram|Turboblaze\n|turn|1\n|inactive|Battle timer is ON: inactive players will automatically lose when time's up. (requested by TriniPlayer)\n|inactive|TriniPlayer has 120 seconds left.\n|\n|t:|1781398283\n|switch|p1a: Dedenne|Dedenne, L88, F|261/261\n|move|p2a: Reshiram|Dragon Dance|p2a: Reshiram\n|-boost|p2a: Reshiram|atk|1\n|-boost|p2a: Reshiram|spe|1\n|\n|upkeep\n|turn|2\n|\n|t:|1781398304\n|move|p2a: Reshiram|Dragon Dance|p2a: Reshiram\n|-boost|p2a: Reshiram|atk|1\n|-boost|p2a: Reshiram|spe|1\n|move|p1a: Dedenne|Nuzzle|p2a: Reshiram\n|-resisted|p2a: Reshiram\n|-damage|p2a: Reshiram|268/277\n|-status|p2a: Reshiram|par\n|\n|upkeep\n|turn|3\n|\n|t:|1781398314\n|move|p1a: Dedenne|U-turn|p2a: Reshiram\n|-resisted|p2a: Reshiram\n|-damage|p2a: Reshiram|249/277 par\n|\n|t:|1781398315\n|switch|p1a: Mew|Mew, L82|298/298|[from] U-turn\n|cant|p2a: Reshiram|par\n|\n|upkeep\n|turn|4\n|\n|t:|1781398322\n|move|p1a: Mew|Encore|p2a: Reshiram\n|-start|p2a: Reshiram|Encore\n|move|p2a: Reshiram|Dragon Dance|p2a: Reshiram\n|-boost|p2a: Reshiram|atk|1\n|-boost|p2a: Reshiram|spe|1\n|\n|upkeep\n|turn|5\n|\n|t:|1781398325\n|switch|p2a: Uxie|Uxie, L83|260/260\n|move|p1a: Mew|Psychic Noise|p2a: Uxie\n|-resisted|p2a: Uxie\n|-damage|p2a: Uxie|233/260\n|-start|p2a: Uxie|move: Heal Block\n|\n|upkeep\n|turn|6\n|\n|t:|1781398329\n|move|p1a: Mew|Toxic Spikes|p2a: Uxie\n|-sidestart|p2: who is to say|move: Toxic Spikes\n|move|p2a: Uxie|Knock Off|p1a: Mew\n|-supereffective|p1a: Mew\n|-damage|p1a: Mew|198/298\n|-enditem|p1a: Mew|Leftovers|[from] move: Knock Off|[of] p2a: Uxie\n|\n|-end|p2a: Uxie|move: Heal Block\n|upkeep\n|turn|7\n|\n|t:|1781398341\n|move|p1a: Mew|U-turn|p2a: Uxie\n|-supereffective|p2a: Uxie\n|-damage|p2a: Uxie|163/260\n|\n|t:|1781398345\n|switch|p1a: Dedenne|Dedenne, L88, F|261/261|[from] U-turn\n|move|p2a: Uxie|Stealth Rock|p1a: Dedenne\n|-sidestart|p1: TriniPlayer|move: Stealth Rock\n|\n|-heal|p2a: Uxie|179/260|[from] item: Leftovers\n|upkeep\n|turn|8\n|\n|t:|1781398353\n|switch|p2a: Garganacl|Garganacl, L80, F|291/291\n|move|p1a: Dedenne|U-turn|p2a: Garganacl\n|-damage|p2a: Garganacl|263/291\n|\n|t:|1781398363\n|switch|p1a: Mew|Mew, L82|198/298|[from] U-turn\n|-damage|p1a: Mew|161/298|[from] Stealth Rock\n|\n|-heal|p2a: Garganacl|281/291|[from] item: Leftovers\n|upkeep\n|turn|9\n|\n|t:|1781398374\n|move|p1a: Mew|Psychic Noise|p2a: Garganacl\n|-damage|p2a: Garganacl|199/291\n|-start|p2a: Garganacl|move: Heal Block\n|move|p2a: Garganacl|Salt Cure|p1a: Mew\n|-damage|p1a: Mew|119/298\n|-start|p1a: Mew|Salt Cure\n|\n|-damage|p1a: Mew|82/298|[from] Salt Cure\n|upkeep\n|turn|10\n|\n|t:|1781398385\n|switch|p2a: Reshiram|Reshiram, L76|249/277 par\n|-ability|p2a: Reshiram|Turboblaze\n|move|p1a: Mew|Psychic Noise|p2a: Reshiram\n|-damage|p2a: Reshiram|176/277 par\n|-start|p2a: Reshiram|move: Heal Block\n|\n|-damage|p1a: Mew|45/298|[from] Salt Cure\n|upkeep\n|turn|11\n|\n|t:|1781398391\n|move|p1a: Mew|U-turn|p2a: Reshiram\n|-resisted|p2a: Reshiram\n|-damage|p2a: Reshiram|153/277 par\n|\n|t:|1781398397\n|switch|p1a: Dedenne|Dedenne, L88, F|261/261|[from] U-turn\n|-damage|p1a: Dedenne|229/261|[from] Stealth Rock\n|move|p2a: Reshiram|Flare Blitz|p1a: Dedenne\n|-damage|p1a: Dedenne|61/261\n|-enditem|p1a: Dedenne|Sitrus Berry|[eat]\n|-heal|p1a: Dedenne|126/261|[from] item: Sitrus Berry\n|-heal|p1a: Dedenne|213/261|[from] ability: Cheek Pouch\n|-damage|p2a: Reshiram|98/277 par|[from] Recoil\n|\n|-end|p2a: Reshiram|move: Heal Block\n|upkeep\n|turn|12\n|\n|t:|1781398405\n|move|p1a: Dedenne|Dazzling Gleam|p2a: Reshiram\n|-damage|p2a: Reshiram|31/277 par\n|move|p2a: Reshiram|Flare Blitz|p1a: Dedenne\n|-damage|p1a: Dedenne|57/261\n|-damage|p2a: Reshiram|0 fnt|[from] Recoil\n|faint|p2a: Reshiram\n|\n|upkeep\n|\n|t:|1781398411\n|switch|p2a: Garganacl|Garganacl, L80, F|199/291\n|turn|13\n|\n|t:|1781398414\n|move|p1a: Dedenne|Thunderbolt|p2a: Garganacl\n|-damage|p2a: Garganacl|96/291\n|move|p2a: Garganacl|Salt Cure|p1a: Dedenne\n|-damage|p1a: Dedenne|5/261\n|-start|p1a: Dedenne|Salt Cure\n|\n|-heal|p2a: Garganacl|114/291|[from] item: Leftovers\n|-damage|p1a: Dedenne|0 fnt|[from] Salt Cure\n|faint|p1a: Dedenne\n|upkeep\n|\n|t:|1781398419\n|switch|p1a: Mew|Mew, L82|45/298\n|-damage|p1a: Mew|8/298|[from] Stealth Rock\n|turn|14\n|\n|t:|1781398423\n|move|p2a: Garganacl|Protect|p2a: Garganacl\n|-singleturn|p2a: Garganacl|Protect\n|move|p1a: Mew|Psychic Noise|p2a: Garganacl\n|-activate|p2a: Garganacl|move: Protect\n|\n|-heal|p2a: Garganacl|132/291|[from] item: Leftovers\n|upkeep\n|turn|15\n|\n|t:|1781398426\n|switch|p2a: Uxie|Uxie, L83|179/260\n|move|p1a: Mew|Psychic Noise|p2a: Uxie\n|-resisted|p2a: Uxie\n|-damage|p2a: Uxie|149/260\n|-start|p2a: Uxie|move: Heal Block\n|\n|upkeep\n|turn|16\n|\n|t:|1781398430\n|move|p1a: Mew|Toxic Spikes|p2a: Uxie\n|-sidestart|p2: who is to say|move: Toxic Spikes\n|move|p2a: Uxie|Knock Off|p1a: Mew\n|-supereffective|p1a: Mew\n|-damage|p1a: Mew|0 fnt\n|faint|p1a: Mew\n|\n|-end|p2a: Uxie|move: Heal Block\n|upkeep\n|\n|t:|1781398440\n|switch|p1a: Bisharp|Bisharp, L79, F|232/232\n|-damage|p1a: Bisharp|218/232|[from] Stealth Rock\n|turn|17\n|\n|t:|1781398463\n|switch|p2a: Slither Wing|Slither Wing, L81|270/270\n|move|p1a: Bisharp|Throat Chop|p2a: Slither Wing\n|-resisted|p2a: Slither Wing\n|-damage|p2a: Slither Wing|216/270\n|-start|p2a: Slither Wing|Throat Chop|[silent]\n|\n|upkeep\n|turn|18\n|\n|t:|1781398471\n|move|p2a: Slither Wing|U-turn|p1a: Bisharp\n|-damage|p1a: Bisharp|158/232\n|\n|t:|1781398475\n|-end|p2a: Slither Wing|Protosynthesis|[silent]\n|switch|p2a: Hitmontop|Hitmontop, L88, M|231/231|[from] U-turn\n|-status|p2a: Hitmontop|tox\n|move|p1a: Bisharp|Stealth Rock|p2a: Hitmontop\n|-sidestart|p2: who is to say|move: Stealth Rock\n|\n|-damage|p2a: Hitmontop|217/231 tox|[from] psn\n|upkeep\n|turn|19\n|\n|t:|1781398483\n|switch|p1a: Drifblim|Drifblim, L86, M|396/396\n|-damage|p1a: Drifblim|297/396|[from] Stealth Rock\n|move|p2a: Hitmontop|Triple Axel|p1a: Drifblim\n|-supereffective|p1a: Drifblim\n|-damage|p1a: Drifblim|227/396\n|-supereffective|p1a: Drifblim\n|-damage|p1a: Drifblim|77/396\n|-enditem|p1a: Drifblim|Sitrus Berry|[eat]\n|-heal|p1a: Drifblim|176/396|[from] item: Sitrus Berry\n|-supereffective|p1a: Drifblim\n|-damage|p1a: Drifblim|0 fnt\n|faint|p1a: Drifblim\n|-hitcount|p1: Drifblim|3\n|\n|-heal|p2a: Hitmontop|231/231 tox|[from] item: Leftovers\n|-damage|p2a: Hitmontop|203/231 tox|[from] psn\n|upkeep\n|\n|t:|1781398489\n|switch|p1a: Electivire|Electivire, L84, F|263/263\n|-damage|p1a: Electivire|231/263|[from] Stealth Rock\n|turn|20\n|\n|t:|1781398495\n|move|p1a: Electivire|Volt Switch|p2a: Hitmontop\n|-damage|p2a: Hitmontop|133/231 tox\n|-damage|p1a: Electivire|205/263|[from] item: Life Orb\n|\n|t:|1781398497\n|switch|p1a: Flutter Mane|Flutter Mane, L74|203/203|[from] Volt Switch\n|-damage|p1a: Flutter Mane|178/203|[from] Stealth Rock\n|move|p2a: Hitmontop|Rapid Spin|p1a: Flutter Mane\n|-immune|p1a: Flutter Mane\n|\n|-heal|p2a: Hitmontop|147/231 tox|[from] item: Leftovers\n|-damage|p2a: Hitmontop|105/231 tox|[from] psn\n|upkeep\n|turn|21\n|\n|t:|1781398505\n|move|p1a: Flutter Mane|Moonblast|p2a: Hitmontop\n|-supereffective|p2a: Hitmontop\n|-damage|p2a: Hitmontop|0 fnt\n|faint|p2a: Hitmontop\n|-damage|p1a: Flutter Mane|158/203|[from] item: Life Orb\n|\n|upkeep\n|\n|t:|1781398516\n|switch|p2a: Roaring Moon|Roaring Moon, L72|270/270\n|-status|p2a: Roaring Moon|tox\n|-damage|p2a: Roaring Moon|237/270 tox|[from] Stealth Rock\n|-enditem|p2a: Roaring Moon|Booster Energy\n|-activate|p2a: Roaring Moon|ability: Protosynthesis|[fromitem]\n|-start|p2a: Roaring Moon|protosynthesisatk\n|turn|22\n|\n|t:|1781398523\n|-terastallize|p1a: Flutter Mane|Fire\n|move|p1a: Flutter Mane|Mystical Fire|p2a: Roaring Moon\n|-resisted|p2a: Roaring Moon\n|-damage|p2a: Roaring Moon|186/270 tox\n|-unboost|p2a: Roaring Moon|spa|1\n|-damage|p1a: Flutter Mane|138/203|[from] item: Life Orb\n|move|p2a: Roaring Moon|Dragon Dance|p2a: Roaring Moon\n|-boost|p2a: Roaring Moon|atk|1\n|-boost|p2a: Roaring Moon|spe|1\n|\n|-damage|p2a: Roaring Moon|170/270 tox|[from] psn\n|upkeep\n|turn|23\n|\n|t:|1781398530\n|-end|p1a: Flutter Mane|Protosynthesis|[silent]\n|switch|p1a: Bisharp|Bisharp, L79, F|158/232\n|-damage|p1a: Bisharp|144/232|[from] Stealth Rock\n|move|p2a: Roaring Moon|Knock Off|p1a: Bisharp\n|-resisted|p1a: Bisharp\n|-damage|p1a: Bisharp|83/232\n|-enditem|p1a: Bisharp|Eviolite|[from] move: Knock Off|[of] p2a: Roaring Moon\n|\n|-damage|p2a: Roaring Moon|138/270 tox|[from] psn\n|upkeep\n|turn|24\n|\n|t:|1781398559\n|move|p1a: Bisharp|Sucker Punch|p2a: Roaring Moon\n|-resisted|p2a: Roaring Moon\n|-damage|p2a: Roaring Moon|82/270 tox\n|move|p2a: Roaring Moon|Outrage|p1a: Bisharp\n|-resisted|p1a: Bisharp\n|-damage|p1a: Bisharp|0 fnt\n|faint|p1a: Bisharp\n|\n|-damage|p2a: Roaring Moon|34/270 tox|[from] psn\n|upkeep\n|-message|TriniPlayer forfeited.\n|\n|win|who is to say\n", "uploadtime": 1781398242, "views": 3, "formatid": "gen9randombattle", "rating": null, "private": 0, "password": null}