{"id": "gen9randombattle-2631490608", "format": "[Gen 9] Random Battle", "players": ["gigan_theesk", "bendercoder"], "log": "|j|\u2606gigan_theesk\n|j|\u2606bendercoder\n|t:|1781391684\n|gametype|singles\n|player|p1|gigan_theesk|shadowtriad|\n|player|p2|bendercoder|shauntal|\n|gen|9\n|tier|[Gen 9] Random Battle\n|rule|Species Clause: Limit one of each Pok\u00e9mon\n|rule|HP Percentage Mod: HP is shown in percentages\n|rule|Sleep Clause Mod: Limit one foe put to sleep\n|rule|Illusion Level Mod: Illusion disguises the Pok\u00e9mon's true level\n|\n|t:|1781391684\n|teamsize|p1|6\n|teamsize|p2|6\n|start\n|switch|p1a: Politoed|Politoed, L88, F|302/302\n|switch|p2a: Piloswine|Piloswine, L85, F|309/309\n|-weather|RainDance|[from] ability: Drizzle|[of] p1a: Politoed\n|turn|1\n|inactive|Battle timer is ON: inactive players will automatically lose when time's up. (requested by bendercoder)\n|\n|t:|1781391698\n|switch|p2a: Palafin|Palafin, L77, F|281/281\n|move|p1a: Politoed|Weather Ball|p2a: Palafin\n|-resisted|p2a: Palafin\n|-crit|p2a: Palafin\n|-damage|p2a: Palafin|9/281\n|\n|-weather|RainDance|[upkeep]\n|-heal|p2a: Palafin|26/281|[from] item: Leftovers\n|upkeep\n|turn|2\n|\n|t:|1781391703\n|move|p2a: Palafin|Jet Punch|p1a: Politoed\n|-resisted|p1a: Politoed\n|-damage|p1a: Politoed|266/302\n|move|p1a: Politoed|Weather Ball|p2a: Palafin\n|-resisted|p2a: Palafin\n|-damage|p2a: Palafin|0 fnt\n|faint|p2a: Palafin\n|\n|-weather|RainDance|[upkeep]\n|upkeep\n|\n|t:|1781391706\n|switch|p2a: Indeedee|Indeedee-F, L90, F|272/272\n|-fieldstart|move: Psychic Terrain|[from] ability: Psychic Surge|[of] p2a: Indeedee\n|turn|3\n|\n|t:|1781391716\n|move|p2a: Indeedee|Healing Wish|p2a: Indeedee\n|faint|p2a: Indeedee\n|move|p1a: Politoed|Weather Ball|p2: Indeedee|[notarget]\n|-fail|p1a: Politoed\n|\n|-weather|RainDance|[upkeep]\n|upkeep\n|\n|t:|1781391731\n|switch|p2a: Piloswine|Piloswine, L85, F|309/309\n|turn|4\n|\n|t:|1781391740\n|move|p1a: Politoed|Weather Ball|p2a: Piloswine\n|-supereffective|p2a: Piloswine\n|-damage|p2a: Piloswine|0 fnt\n|faint|p2a: Piloswine\n|\n|-weather|RainDance|[upkeep]\n|upkeep\n|\n|t:|1781391743\n|switch|p2a: Mesprit|Mesprit, L85|275/275\n|turn|5\n|\n|t:|1781391745\n|move|p2a: Mesprit|Trick|p1a: Politoed\n|-activate|p2a: Mesprit|move: Trick|[of] p1a: Politoed\n|-item|p1a: Politoed|Choice Scarf|[from] move: Trick\n|-item|p2a: Mesprit|Choice Specs|[from] move: Trick\n|move|p1a: Politoed|Weather Ball|p2a: Mesprit\n|-damage|p2a: Mesprit|140/275\n|\n|-weather|none\n|upkeep\n|turn|6\n|\n|t:|1781391750\n|switch|p1a: Pecharunt|Pecharunt, L77|262/262\n|move|p2a: Mesprit|Thunderbolt|p1a: Pecharunt\n|-damage|p1a: Pecharunt|142/262\n|\n|-heal|p1a: Pecharunt|158/262|[from] item: Leftovers\n|upkeep\n|turn|7\n|\n|t:|1781391753\n|switch|p1a: Politoed|Politoed, L88, F|266/302\n|-weather|RainDance|[from] ability: Drizzle|[of] p1a: Politoed\n|move|p2a: Mesprit|Thunderbolt|p1a: Politoed\n|-supereffective|p1a: Politoed\n|-damage|p1a: Politoed|92/302\n|\n|-weather|RainDance|[upkeep]\n|-fieldend|move: Psychic Terrain\n|upkeep\n|turn|8\n|\n|t:|1781391756\n|switch|p2a: Ho-Oh|Ho-Oh, L71|268/268\n|-terastallize|p1a: Politoed|Water\n|move|p1a: Politoed|Weather Ball|p2a: Ho-Oh\n|-supereffective|p2a: Ho-Oh\n|-damage|p2a: Ho-Oh|0 fnt\n|faint|p2a: Ho-Oh\n|\n|-weather|RainDance|[upkeep]\n|upkeep\n|\n|t:|1781391758\n|switch|p2a: Mesprit|Mesprit, L85|140/275\n|-heal|p2a: Mesprit|275/275|[from] move: Healing Wish\n|turn|9\n|\n|t:|1781391760\n|move|p1a: Politoed|Weather Ball|p2a: Mesprit\n|-crit|p2a: Mesprit\n|-damage|p2a: Mesprit|0 fnt\n|faint|p2a: Mesprit\n|\n|-weather|RainDance|[upkeep]\n|upkeep\n|\n|t:|1781391762\n|switch|p2a: Kleavor|Kleavor, L78, F|237/237\n|turn|10\n|\n|t:|1781391767\n|-terastallize|p2a: Kleavor|Bug\n|move|p1a: Politoed|Weather Ball|p2a: Kleavor\n|-damage|p2a: Kleavor|0 fnt\n|faint|p2a: Kleavor\n|\n|win|gigan_theesk\n", "uploadtime": 1781391769, "views": 3, "formatid": "gen9randombattle", "rating": null, "private": 0, "password": null}