{"id": "gen9randombattle-2631416126", "format": "[Gen 9] Random Battle", "players": ["trollolagus", "joaschway"], "log": "|j|\u2606trollolagus\n|j|\u2606joaschway\n|t:|1781381995\n|gametype|singles\n|player|p1|trollolagus|red|1376\n|player|p2|joaschway|iono|1364\n|gen|9\n|tier|[Gen 9] Random Battle\n|rated|\n|rule|Species Clause: Limit one of each Pok\u00e9mon\n|rule|HP Percentage Mod: HP is shown in percentages\n|rule|Sleep Clause Mod: Limit one foe put to sleep\n|rule|Illusion Level Mod: Illusion disguises the Pok\u00e9mon's true level\n|\n|t:|1781381995\n|teamsize|p1|6\n|teamsize|p2|6\n|start\n|switch|p1a: Scovillain|Scovillain, L91, M|266/266\n|switch|p2a: Electivire|Electivire, L84, M|263/263\n|turn|1\n|inactive|Battle timer is ON: inactive players will automatically lose when time's up. (requested by joaschway)\n|inactive|trollolagus has 120 seconds left.\n|inactive|joaschway has 120 seconds left.\n|\n|t:|1781382029\n|move|p2a: Electivire|Earthquake|p1a: Scovillain\n|-damage|p1a: Scovillain|136/266\n|-damage|p2a: Electivire|237/263|[from] item: Life Orb\n|move|p1a: Scovillain|Substitute|p1a: Scovillain\n|-start|p1a: Scovillain|Substitute\n|-damage|p1a: Scovillain|70/266\n|\n|-heal|p1a: Scovillain|86/266|[from] item: Leftovers\n|upkeep\n|turn|2\n|\n|t:|1781382038\n|move|p1a: Scovillain|Protect|p1a: Scovillain\n|-singleturn|p1a: Scovillain|Protect\n|move|p2a: Electivire|Earthquake|p1a: Scovillain\n|-activate|p1a: Scovillain|move: Protect\n|\n|-heal|p1a: Scovillain|102/266|[from] item: Leftovers\n|upkeep\n|turn|3\n|inactive|trollolagus has 120 seconds left.\n|\n|t:|1781382085\n|move|p2a: Electivire|Earthquake|p1a: Scovillain\n|-end|p1a: Scovillain|Substitute\n|-damage|p2a: Electivire|211/263|[from] item: Life Orb\n|move|p1a: Scovillain|Leech Seed|p2a: Electivire\n|-start|p2a: Electivire|move: Leech Seed\n|\n|-heal|p1a: Scovillain|118/266|[from] item: Leftovers\n|-damage|p2a: Electivire|179/263|[from] Leech Seed|[of] p1a: Scovillain\n|-heal|p1a: Scovillain|150/266|[silent]\n|upkeep\n|turn|4\n|\n|t:|1781382094\n|move|p1a: Scovillain|Protect|p1a: Scovillain\n|-singleturn|p1a: Scovillain|Protect\n|move|p2a: Electivire|Earthquake|p1a: Scovillain\n|-activate|p1a: Scovillain|move: Protect\n|\n|-heal|p1a: Scovillain|166/266|[from] item: Leftovers\n|-damage|p2a: Electivire|147/263|[from] Leech Seed|[of] p1a: Scovillain\n|-heal|p1a: Scovillain|198/266|[silent]\n|upkeep\n|turn|5\n|inactive|trollolagus has 120 seconds left.\n|\n|t:|1781382129\n|switch|p2a: Hydreigon|Hydreigon, L79, F|275/275\n|move|p1a: Scovillain|Protect||[still]\n|-fail|p1a: Scovillain\n|\n|-heal|p1a: Scovillain|214/266|[from] item: Leftovers\n|upkeep\n|turn|6\n|\n|t:|1781382145\n|move|p2a: Hydreigon|Draco Meteor|p1a: Scovillain\n|-damage|p1a: Scovillain|57/266\n|-unboost|p2a: Hydreigon|spa|2\n|move|p1a: Scovillain|Leech Seed|p2a: Hydreigon\n|-start|p2a: Hydreigon|move: Leech Seed\n|\n|-heal|p1a: Scovillain|73/266|[from] item: Leftovers\n|-damage|p2a: Hydreigon|241/275|[from] Leech Seed|[of] p1a: Scovillain\n|-heal|p1a: Scovillain|107/266|[silent]\n|upkeep\n|turn|7\n|inactive|trollolagus has 90 seconds left.\n|\n|t:|1781382171\n|move|p2a: Hydreigon|Draco Meteor|p1a: Scovillain\n|-damage|p1a: Scovillain|19/266\n|-unboost|p2a: Hydreigon|spa|2\n|move|p1a: Scovillain|Substitute|p1a: Scovillain\n|-fail|p1a: Scovillain|move: Substitute|[weak]\n|\n|-heal|p1a: Scovillain|35/266|[from] item: Leftovers\n|-damage|p2a: Hydreigon|207/275|[from] Leech Seed|[of] p1a: Scovillain\n|-heal|p1a: Scovillain|69/266|[silent]\n|upkeep\n|turn|8\n|inactive|trollolagus has 90 seconds left.\n|\n|t:|1781382181\n|move|p1a: Scovillain|Protect|p1a: Scovillain\n|-singleturn|p1a: Scovillain|Protect\n|move|p2a: Hydreigon|Draco Meteor|p1a: Scovillain\n|-activate|p1a: Scovillain|move: Protect\n|\n|-heal|p1a: Scovillain|85/266|[from] item: Leftovers\n|-damage|p2a: Hydreigon|173/275|[from] Leech Seed|[of] p1a: Scovillain\n|-heal|p1a: Scovillain|119/266|[silent]\n|upkeep\n|turn|9\n|inactive|trollolagus has 90 seconds left.\n|\n|t:|1781382200\n|switch|p2a: Hoopa|Hoopa, L85|275/275\n|move|p1a: Scovillain|Substitute|p1a: Scovillain\n|-start|p1a: Scovillain|Substitute\n|-damage|p1a: Scovillain|53/266\n|\n|-heal|p1a: Scovillain|69/266|[from] item: Leftovers\n|upkeep\n|turn|10\n|\n|t:|1781382218\n|move|p1a: Scovillain|Leech Seed|p2a: Hoopa\n|-start|p2a: Hoopa|move: Leech Seed\n|move|p2a: Hoopa|Shadow Ball|p1a: Scovillain\n|-end|p1a: Scovillain|Substitute\n|-damage|p2a: Hoopa|248/275|[from] item: Life Orb\n|\n|-heal|p1a: Scovillain|85/266|[from] item: Leftovers\n|-damage|p2a: Hoopa|214/275|[from] Leech Seed|[of] p1a: Scovillain\n|-heal|p1a: Scovillain|119/266|[silent]\n|upkeep\n|turn|11\n|\n|t:|1781382230\n|move|p1a: Scovillain|Protect|p1a: Scovillain\n|-singleturn|p1a: Scovillain|Protect\n|move|p2a: Hoopa|Nasty Plot|p2a: Hoopa\n|-boost|p2a: Hoopa|spa|2\n|\n|-heal|p1a: Scovillain|135/266|[from] item: Leftovers\n|-damage|p2a: Hoopa|180/275|[from] Leech Seed|[of] p1a: Scovillain\n|-heal|p1a: Scovillain|169/266|[silent]\n|upkeep\n|turn|12\n|\n|t:|1781382236\n|move|p1a: Scovillain|Substitute|p1a: Scovillain\n|-start|p1a: Scovillain|Substitute\n|-damage|p1a: Scovillain|103/266\n|move|p2a: Hoopa|Shadow Ball|p1a: Scovillain\n|-end|p1a: Scovillain|Substitute\n|-damage|p2a: Hoopa|153/275|[from] item: Life Orb\n|\n|-heal|p1a: Scovillain|119/266|[from] item: Leftovers\n|-damage|p2a: Hoopa|119/275|[from] Leech Seed|[of] p1a: Scovillain\n|-heal|p1a: Scovillain|153/266|[silent]\n|upkeep\n|turn|13\n|\n|t:|1781382250\n|move|p1a: Scovillain|Substitute|p1a: Scovillain\n|-start|p1a: Scovillain|Substitute\n|-damage|p1a: Scovillain|87/266\n|move|p2a: Hoopa|Nasty Plot|p2a: Hoopa\n|-boost|p2a: Hoopa|spa|2\n|\n|-heal|p1a: Scovillain|103/266|[from] item: Leftovers\n|-damage|p2a: Hoopa|85/275|[from] Leech Seed|[of] p1a: Scovillain\n|-heal|p1a: Scovillain|137/266|[silent]\n|upkeep\n|turn|14\n|-message|joaschway forfeited.\n|\n|win|trollolagus\n|raw|trollolagus's rating: 1376 &rarr; <strong>1395</strong><br />(+19 for winning)\n|raw|joaschway's rating: 1364 &rarr; <strong>1345</strong><br />(-19 for losing)\n|l|\u2606joaschway\n|player|p2|\n", "uploadtime": 1781382279, "views": 7, "formatid": "gen9randombattle", "rating": 1345, "private": 0, "password": null}