{"id": "gen9randombattle-2631427128", "format": "[Gen 9] Random Battle", "players": ["Manumed", "myrang"], "log": "|j|\u2606Manumed\n|j|\u2606myrang\n|t:|1781383305\n|gametype|singles\n|player|p1|Manumed|gambler|2049\n|player|p2|myrang|101|2023\n|gen|9\n|tier|[Gen 9] Random Battle\n|rated|\n|rule|Species Clause: Limit one of each Pok\u00e9mon\n|rule|HP Percentage Mod: HP is shown in percentages\n|rule|Sleep Clause Mod: Limit one foe put to sleep\n|rule|Illusion Level Mod: Illusion disguises the Pok\u00e9mon's true level\n|\n|t:|1781383305\n|teamsize|p1|6\n|teamsize|p2|6\n|start\n|switch|p1a: Passimian|Passimian, L83, F|302/302\n|switch|p2a: Greninja|Greninja, L80, M|246/246\n|turn|1\n|\n|t:|1781383319\n|switch|p2a: Granbull|Granbull, L88, M|302/302\n|-ability|p2a: Granbull|Intimidate|boost\n|-unboost|p1a: Passimian|atk|1\n|-ability|p1a: Passimian|Defiant|boost\n|-boost|p1a: Passimian|atk|2\n|move|p1a: Passimian|Close Combat|p2a: Granbull\n|-resisted|p2a: Granbull\n|-damage|p2a: Granbull|131/302\n|-unboost|p1a: Passimian|def|1\n|-unboost|p1a: Passimian|spd|1\n|\n|-heal|p2a: Granbull|149/302|[from] item: Leftovers\n|upkeep\n|turn|2\n|\n|t:|1781383326\n|switch|p2a: Sableye|Sableye, L88, F|231/231\n|move|p1a: Passimian|Close Combat|p2a: Sableye\n|-immune|p2a: Sableye\n|\n|upkeep\n|turn|3\n|\n|t:|1781383338\n|switch|p1a: Ceruledge|Ceruledge, L78, F|245/245\n|move|p2a: Sableye|Thunder Wave|p1a: Ceruledge\n|-status|p1a: Ceruledge|par\n|\n|upkeep\n|turn|4\n|\n|t:|1781383350\n|move|p2a: Sableye|Knock Off|p1a: Ceruledge\n|-supereffective|p1a: Ceruledge\n|-damage|p1a: Ceruledge|15/245 par\n|-ability|p1a: Ceruledge|Weak Armor|boost\n|-unboost|p1a: Ceruledge|def|1\n|-boost|p1a: Ceruledge|spe|2\n|-enditem|p1a: Ceruledge|Heavy-Duty Boots|[from] move: Knock Off|[of] p2a: Sableye\n|move|p1a: Ceruledge|Bitter Blade|p2a: Sableye\n|-damage|p2a: Sableye|128/231\n|-heal|p1a: Ceruledge|67/245 par|[from] drain|[of] p2a: Sableye\n|\n|-heal|p2a: Sableye|142/231|[from] item: Leftovers\n|upkeep\n|turn|5\n|\n|t:|1781383356\n|cant|p1a: Ceruledge|par\n|move|p2a: Sableye|Knock Off|p1a: Ceruledge\n|-supereffective|p1a: Ceruledge\n|-damage|p1a: Ceruledge|0 fnt\n|faint|p1a: Ceruledge\n|\n|-heal|p2a: Sableye|156/231|[from] item: Leftovers\n|upkeep\n|\n|t:|1781383370\n|switch|p1a: Raichu|Raichu, L88, F|249/249\n|turn|6\n|\n|t:|1781383372\n|move|p1a: Raichu|Thunderbolt|p2a: Sableye\n|-damage|p2a: Sableye|10/231\n|-damage|p1a: Raichu|225/249|[from] item: Life Orb\n|move|p2a: Sableye|Knock Off|p1a: Raichu\n|-damage|p1a: Raichu|102/249\n|-enditem|p1a: Raichu|Life Orb|[from] move: Knock Off|[of] p2a: Sableye\n|\n|-heal|p2a: Sableye|24/231|[from] item: Leftovers\n|upkeep\n|turn|7\n|\n|t:|1781383377\n|move|p2a: Sableye|Recover|p2a: Sableye\n|-heal|p2a: Sableye|140/231\n|move|p1a: Raichu|Thunderbolt|p2a: Sableye\n|-damage|p2a: Sableye|25/231\n|\n|-heal|p2a: Sableye|39/231|[from] item: Leftovers\n|upkeep\n|turn|8\n|\n|t:|1781383379\n|move|p2a: Sableye|Recover|p2a: Sableye\n|-heal|p2a: Sableye|155/231\n|move|p1a: Raichu|Thunderbolt|p2a: Sableye\n|-damage|p2a: Sableye|40/231\n|\n|-heal|p2a: Sableye|54/231|[from] item: Leftovers\n|upkeep\n|turn|9\n|\n|t:|1781383381\n|move|p2a: Sableye|Recover|p2a: Sableye\n|-heal|p2a: Sableye|170/231\n|move|p1a: Raichu|Thunderbolt|p2a: Sableye\n|-damage|p2a: Sableye|41/231\n|\n|-heal|p2a: Sableye|55/231|[from] item: Leftovers\n|upkeep\n|turn|10\n|\n|t:|1781383382\n|move|p2a: Sableye|Recover|p2a: Sableye\n|-heal|p2a: Sableye|171/231\n|move|p1a: Raichu|Thunderbolt|p2a: Sableye\n|-damage|p2a: Sableye|56/231\n|\n|-heal|p2a: Sableye|70/231|[from] item: Leftovers\n|upkeep\n|turn|11\n|\n|t:|1781383384\n|move|p2a: Sableye|Recover|p2a: Sableye\n|-heal|p2a: Sableye|186/231\n|move|p1a: Raichu|Thunderbolt|p2a: Sableye\n|-damage|p2a: Sableye|63/231\n|\n|-heal|p2a: Sableye|77/231|[from] item: Leftovers\n|upkeep\n|turn|12\n|\n|t:|1781383387\n|switch|p2a: Lanturn|Lanturn, L89, M|367/367\n|move|p1a: Raichu|Thunderbolt|p2a: Lanturn\n|-immune|p2a: Lanturn|[from] ability: Volt Absorb\n|\n|upkeep\n|turn|13\n|\n|t:|1781383393\n|switch|p1a: Ludicolo|Ludicolo, L90, F|290/290\n|move|p2a: Lanturn|Scald|p1a: Ludicolo\n|-resisted|p1a: Ludicolo\n|-crit|p1a: Ludicolo\n|-damage|p1a: Ludicolo|264/290\n|\n|upkeep\n|turn|14\n|\n|t:|1781383398\n|move|p1a: Ludicolo|Leaf Storm|p2a: Lanturn|[miss]\n|-miss|p1a: Ludicolo|p2a: Lanturn\n|move|p2a: Lanturn|Thunder Wave|p1a: Ludicolo\n|-status|p1a: Ludicolo|par\n|\n|upkeep\n|turn|15\n|\n|t:|1781383402\n|switch|p2a: Galvantula|Galvantula, L82, F|249/249\n|move|p1a: Ludicolo|Leaf Storm|p2a: Galvantula\n|-resisted|p2a: Galvantula\n|-damage|p2a: Galvantula|107/249\n|-unboost|p1a: Ludicolo|spa|2\n|\n|upkeep\n|turn|16\n|\n|t:|1781383431\n|switch|p1a: Raichu|Raichu, L88, F|102/249\n|move|p2a: Galvantula|Sticky Web|p1a: Raichu\n|-sidestart|p1: Manumed|move: Sticky Web\n|\n|upkeep\n|turn|17\n|\n|t:|1781383435\n|move|p1a: Raichu|Nasty Plot|p1a: Raichu\n|-boost|p1a: Raichu|spa|2\n|move|p2a: Galvantula|Bug Buzz|p1a: Raichu\n|-damage|p1a: Raichu|14/249\n|\n|upkeep\n|turn|18\n|\n|t:|1781383438\n|move|p1a: Raichu|Surf|p2a: Galvantula\n|-damage|p2a: Galvantula|0 fnt\n|faint|p2a: Galvantula\n|\n|upkeep\n|\n|t:|1781383443\n|switch|p2a: Lanturn|Lanturn, L89, M|367/367\n|turn|19\n|\n|t:|1781383446\n|move|p1a: Raichu|Surf|p2a: Lanturn\n|-resisted|p2a: Lanturn\n|-damage|p2a: Lanturn|303/367\n|move|p2a: Lanturn|Scald|p1a: Raichu\n|-damage|p1a: Raichu|0 fnt\n|faint|p1a: Raichu\n|\n|-heal|p2a: Lanturn|325/367|[from] item: Leftovers\n|upkeep\n|\n|t:|1781383448\n|switch|p1a: Ludicolo|Ludicolo, L90, F|264/290 par\n|-activate|p1a: Ludicolo|move: Sticky Web\n|-unboost|p1a: Ludicolo|spe|1\n|turn|20\n|\n|t:|1781383453\n|switch|p2a: Granbull|Granbull, L88, M|149/302\n|-ability|p2a: Granbull|Intimidate|boost\n|-unboost|p1a: Ludicolo|atk|1\n|move|p1a: Ludicolo|Giga Drain|p2a: Granbull\n|-crit|p2a: Granbull\n|-damage|p2a: Granbull|0 fnt\n|-heal|p1a: Ludicolo|290/290 par|[from] drain|[of] p2a: Granbull\n|faint|p2a: Granbull\n|\n|upkeep\n|\n|t:|1781383455\n|switch|p2a: Alcremie|Alcremie-Caramel-Swirl, L90, F|263/263\n|turn|21\n|\n|t:|1781383484\n|switch|p1a: Passimian|Passimian, L83, F|302/302\n|-activate|p1a: Passimian|move: Sticky Web\n|-unboost|p1a: Passimian|spe|1\n|-ability|p1a: Passimian|Defiant|boost\n|-boost|p1a: Passimian|atk|2\n|move|p2a: Alcremie|Calm Mind|p2a: Alcremie\n|-boost|p2a: Alcremie|spa|1\n|-boost|p2a: Alcremie|spd|1\n|\n|upkeep\n|turn|22\n|\n|t:|1781383487\n|-terastallize|p1a: Passimian|Poison\n|move|p2a: Alcremie|Alluring Voice|p1a: Passimian\n|-resisted|p1a: Passimian\n|-damage|p1a: Passimian|197/302\n|move|p1a: Passimian|Gunk Shot|p2a: Alcremie\n|-supereffective|p2a: Alcremie\n|-damage|p2a: Alcremie|0 fnt\n|faint|p2a: Alcremie\n|\n|upkeep\n|\n|t:|1781383489\n|switch|p2a: Greninja|Greninja, L80, M|246/246\n|turn|23\n|\n|t:|1781383501\n|switch|p1a: Ludicolo|Ludicolo, L90, F|290/290 par\n|-activate|p1a: Ludicolo|move: Sticky Web\n|-unboost|p1a: Ludicolo|spe|1\n|move|p2a: Greninja|Dark Pulse|p1a: Ludicolo\n|-start|p2a: Greninja|typechange|Dark|[from] ability: Protean\n|-damage|p1a: Ludicolo|207/290 par\n|-damage|p2a: Greninja|222/246|[from] item: Life Orb\n|\n|upkeep\n|turn|24\n|\n|t:|1781383508\n|move|p2a: Greninja|Gunk Shot|p1a: Ludicolo\n|-supereffective|p1a: Ludicolo\n|-damage|p1a: Ludicolo|0 fnt\n|faint|p1a: Ludicolo\n|-damage|p2a: Greninja|198/246|[from] item: Life Orb\n|\n|upkeep\n|\n|t:|1781383523\n|switch|p1a: Medicham|Medicham, L86, F|243/243\n|-activate|p1a: Medicham|move: Sticky Web\n|-unboost|p1a: Medicham|spe|1\n|turn|25\n|\n|t:|1781383527\n|move|p2a: Greninja|Dark Pulse|p1a: Medicham\n|-damage|p1a: Medicham|122/243\n|-damage|p2a: Greninja|174/246|[from] item: Life Orb\n|cant|p1a: Medicham|flinch\n|\n|upkeep\n|turn|26\n|\n|t:|1781383535\n|-terastallize|p2a: Greninja|Dark\n|move|p2a: Greninja|Dark Pulse|p1a: Medicham\n|-damage|p1a: Medicham|0 fnt\n|faint|p1a: Medicham\n|-damage|p2a: Greninja|150/246|[from] item: Life Orb\n|\n|upkeep\n|\n|t:|1781383540\n|switch|p1a: Passimian|Passimian, L83, F, tera:Poison|197/302\n|-activate|p1a: Passimian|move: Sticky Web\n|-unboost|p1a: Passimian|spe|1\n|-ability|p1a: Passimian|Defiant|boost\n|-boost|p1a: Passimian|atk|2\n|turn|27\n|\n|t:|1781383549\n|move|p2a: Greninja|Dark Pulse|p1a: Passimian\n|-damage|p1a: Passimian|0 fnt\n|faint|p1a: Passimian\n|-damage|p2a: Greninja|126/246|[from] item: Life Orb\n|\n|upkeep\n|\n|t:|1781383551\n|switch|p1a: Polteageist|Polteageist-Antique, L78|222/222\n|-activate|p1a: Polteageist|move: Sticky Web\n|-unboost|p1a: Polteageist|spe|1\n|-enditem|p1a: Polteageist|White Herb\n|-clearnegativeboost|p1a: Polteageist|[silent]\n|turn|28\n|-message|Manumed forfeited.\n|\n|win|myrang\n", "uploadtime": 1781383308, "views": 8, "formatid": "gen9randombattle", "rating": null, "private": 0, "password": null}