{"id": "gen9randombattle-2631404291", "format": "[Gen 9] Random Battle", "players": ["Neto1003", "Mitsuki"], "log": "|j|\u2606Neto1003\n|j|\u2606Mitsuki\n|inactive|Battle timer is ON: inactive players will automatically lose when time's up.\n|t:|1781380584\n|gametype|singles\n|player|p1|Neto1003|blue|\n|player|p2|Mitsuki|#mitsuki|\n|gen|9\n|tier|[Gen 9] Random Battle\n|rated|Tournament battle\n|rule|Species Clause: Limit one of each Pok\u00e9mon\n|rule|HP Percentage Mod: HP is shown in percentages\n|rule|Sleep Clause Mod: Limit one foe put to sleep\n|rule|Illusion Level Mod: Illusion disguises the Pok\u00e9mon's true level\n|\n|t:|1781380584\n|teamsize|p1|6\n|teamsize|p2|6\n|start\n|switch|p1a: Bastiodon|Bastiodon, L89, F|252/252\n|switch|p2a: Skuntank|Skuntank, L84, F|310/310\n|turn|1\n|inactive|Neto1003 also wants the timer to be on.\n|j| pedrobr7363\n|\n|t:|1781380600\n|move|p2a: Skuntank|Taunt|p1a: Bastiodon\n|-start|p1a: Bastiodon|move: Taunt\n|cant|p1a: Bastiodon|move: Taunt|Iron Defense\n|\n|upkeep\n|turn|2\n|\n|t:|1781380605\n|move|p2a: Skuntank|Knock Off|p1a: Bastiodon\n|-damage|p1a: Bastiodon|181/252\n|-enditem|p1a: Bastiodon|Chesto Berry|[from] move: Knock Off|[of] p2a: Skuntank\n|-damage|p2a: Skuntank|279/310|[from] item: Life Orb\n|move|p1a: Bastiodon|Body Press|p2a: Skuntank\n|-damage|p2a: Skuntank|166/310\n|\n|upkeep\n|turn|3\n|\n|t:|1781380608\n|move|p2a: Skuntank|Fire Blast|p1a: Bastiodon\n|-damage|p1a: Bastiodon|129/252\n|-damage|p2a: Skuntank|135/310|[from] item: Life Orb\n|move|p1a: Bastiodon|Body Press|p2a: Skuntank\n|-damage|p2a: Skuntank|22/310\n|\n|-end|p1a: Bastiodon|move: Taunt\n|upkeep\n|turn|4\n|j|^enzoo1600\n|\n|t:|1781380614\n|move|p2a: Skuntank|Taunt|p1a: Bastiodon\n|-start|p1a: Bastiodon|move: Taunt\n|move|p1a: Bastiodon|Body Press|p2a: Skuntank\n|-damage|p2a: Skuntank|0 fnt\n|-damage|p1a: Bastiodon|66/252|[from] ability: Aftermath|[of] p2a: Skuntank\n|faint|p2a: Skuntank\n|\n|upkeep\n|l| pedrobr7363\n|c|^enzoo1600|vai Mitsuki\n|\n|t:|1781380624\n|switch|p2a: Gyarados|Gyarados, L79, M|280/280\n|-ability|p2a: Gyarados|Intimidate|boost\n|-unboost|p1a: Bastiodon|atk|1\n|turn|5\n|\n|t:|1781380637\n|switch|p1a: Pincurchin|Pincurchin, M|258/258\n|-fieldstart|move: Electric Terrain|[from] ability: Electric Surge|[of] p1a: Pincurchin\n|move|p2a: Gyarados|Dragon Dance|p2a: Gyarados\n|-boost|p2a: Gyarados|atk|1\n|-boost|p2a: Gyarados|spe|1\n|\n|upkeep\n|turn|6\n|\n|t:|1781380642\n|-terastallize|p2a: Gyarados|Ground\n|move|p2a: Gyarados|Dragon Dance|p2a: Gyarados\n|-boost|p2a: Gyarados|atk|1\n|-boost|p2a: Gyarados|spe|1\n|move|p1a: Pincurchin|Discharge|p2a: Gyarados\n|-immune|p2a: Gyarados\n|\n|upkeep\n|turn|7\n|j| Isabel \u2764 Schmitt\n|j| leuaaa\n|l| leuaaa\n|\n|t:|1781380661\n|move|p2a: Gyarados|Earthquake|p1a: Pincurchin\n|-supereffective|p1a: Pincurchin\n|-damage|p1a: Pincurchin|0 fnt\n|faint|p1a: Pincurchin\n|\n|upkeep\n|j| Obscurecido \u00a7\n|\n|t:|1781380673\n|switch|p1a: Shiftry|Shiftry, L89, F|305/305\n|turn|8\n|\n|t:|1781380677\n|move|p2a: Gyarados|Temper Flare|p1a: Shiftry\n|-supereffective|p1a: Shiftry\n|-damage|p1a: Shiftry|11/305\n|move|p1a: Shiftry|Leaf Blade|p2a: Gyarados\n|-supereffective|p2a: Gyarados\n|-damage|p2a: Gyarados|0 fnt\n|faint|p2a: Gyarados\n|-damage|p1a: Shiftry|0 fnt|[from] item: Life Orb\n|faint|p1a: Shiftry\n|\n|upkeep\n|\n|t:|1781380684\n|switch|p1a: Bastiodon|Bastiodon, L89, F|66/252\n|switch|p2a: Landorus|Landorus, L75, M|257/257\n|turn|9\n|c|^enzoo1600|q\n|\n|t:|1781380708\n|move|p2a: Landorus|Earth Power|p1a: Bastiodon\n|-supereffective|p1a: Bastiodon\n|-damage|p1a: Bastiodon|0 fnt\n|faint|p1a: Bastiodon\n|\n|-fieldend|move: Electric Terrain\n|upkeep\n|\n|t:|1781380718\n|switch|p1a: Sinistcha|Sinistcha, L83|254/254\n|turn|10\n|\n|t:|1781380723\n|switch|p2a: Gouging Fire|Gouging Fire, L74|277/277\n|move|p1a: Sinistcha|Matcha Gotcha|p2a: Gouging Fire\n|-resisted|p2a: Gouging Fire\n|-damage|p2a: Gouging Fire|252/277\n|\n|upkeep\n|turn|11\n|\n|t:|1781380729\n|switch|p1a: Reshiram|Reshiram, L76|277/277\n|-ability|p1a: Reshiram|Turboblaze\n|move|p2a: Gouging Fire|Dragon Dance|p2a: Gouging Fire\n|-boost|p2a: Gouging Fire|atk|1\n|-boost|p2a: Gouging Fire|spe|1\n|\n|upkeep\n|turn|12\n|\n|t:|1781380733\n|move|p2a: Gouging Fire|Outrage|p1a: Reshiram\n|-supereffective|p1a: Reshiram\n|-damage|p1a: Reshiram|0 fnt\n|faint|p1a: Reshiram\n|\n|upkeep\n|\n|t:|1781380741\n|switch|p1a: Meowstic|Meowstic-F, L89, F|277/277\n|turn|13\n|j| leuaaa\n|\n|t:|1781380750\n|move|p2a: Gouging Fire|Outrage|p1a: Meowstic|[from] lockedmove\n|-damage|p1a: Meowstic|109/277\n|-start|p2a: Gouging Fire|confusion|[fatigue]\n|move|p1a: Meowstic|Thunderbolt|p2a: Gouging Fire\n|-resisted|p2a: Gouging Fire\n|-damage|p2a: Gouging Fire|208/277\n|-damage|p1a: Meowstic|82/277|[from] item: Life Orb\n|\n|upkeep\n|turn|14\n|\n|t:|1781380754\n|-activate|p2a: Gouging Fire|confusion\n|move|p2a: Gouging Fire|Heat Crash|p1a: Meowstic\n|-damage|p1a: Meowstic|0 fnt\n|faint|p1a: Meowstic\n|\n|upkeep\n|-message|Neto1003 forfeited.\n|\n|win|Mitsuki\n|n|\u2606Neto1003|neto1003\n|n|\u2606Mitsuki|mitsuki\n|n| enzoo1600|enzoo1600\n|n| Isabel \u2764 Schmitt|isabelschmitt\n|n| Obscurecido \u00a7|obscurecido\n|n| leuaaa|leuaaa\n", "uploadtime": 1781380758, "views": 5, "formatid": "gen9randombattle", "rating": null, "private": 0, "password": null}