{"id": "gen9randombattle-2631708888", "format": "[Gen 9] Random Battle", "players": ["aarsje", "hepooo"], "log": "|j|\u2606aarsje\n|j|\u2606hepooo\n|t:|1781426058\n|gametype|singles\n|player|p1|aarsje|li|2125\n|player|p2|hepooo|morty|2219\n|gen|9\n|tier|[Gen 9] Random Battle\n|rated|\n|rule|Species Clause: Limit one of each Pok\u00e9mon\n|rule|HP Percentage Mod: HP is shown in percentages\n|rule|Sleep Clause Mod: Limit one foe put to sleep\n|rule|Illusion Level Mod: Illusion disguises the Pok\u00e9mon's true level\n|\n|t:|1781426058\n|teamsize|p1|6\n|teamsize|p2|6\n|start\n|switch|p1a: Armarouge|Armarouge, L80, F|267/267\n|switch|p2a: Plusle|Plusle, L95, M|268/268\n|turn|1\n|inactive|Battle timer is ON: inactive players will automatically lose when time's up. (requested by hepooo)\n|\n|t:|1781426099\n|switch|p2a: Wugtrio|Wugtrio, L91, M|212/212\n|switch|p1a: Virizion|Virizion, L82|283/283\n|\n|upkeep\n|turn|2\n|\n|t:|1781426109\n|switch|p2a: Skeledirge|Skeledirge, L79, M|294/294\n|move|p1a: Virizion|Leaf Blade|p2a: Skeledirge\n|-resisted|p2a: Skeledirge\n|-crit|p2a: Skeledirge\n|-damage|p2a: Skeledirge|219/294\n|-damage|p1a: Virizion|255/283|[from] item: Life Orb\n|\n|upkeep\n|turn|3\n|\n|t:|1781426118\n|move|p1a: Virizion|Stone Edge|p2a: Skeledirge\n|-supereffective|p2a: Skeledirge\n|-damage|p2a: Skeledirge|73/294\n|-damage|p1a: Virizion|227/283|[from] item: Life Orb\n|move|p2a: Skeledirge|Will-O-Wisp|p1a: Virizion|[miss]\n|-miss|p2a: Skeledirge|p1a: Virizion\n|\n|upkeep\n|turn|4\n|\n|t:|1781426127\n|move|p1a: Virizion|Stone Edge|p2a: Skeledirge\n|-supereffective|p2a: Skeledirge\n|-damage|p2a: Skeledirge|0 fnt\n|faint|p2a: Skeledirge\n|-damage|p1a: Virizion|199/283|[from] item: Life Orb\n|\n|upkeep\n|\n|t:|1781426136\n|switch|p2a: Iron Crown|Iron Crown, L78|268/268\n|turn|5\n|\n|t:|1781426148\n|switch|p1a: Armarouge|Armarouge, L80, F|267/267\n|move|p2a: Iron Crown|Calm Mind|p2a: Iron Crown\n|-boost|p2a: Iron Crown|spa|1\n|-boost|p2a: Iron Crown|spd|1\n|\n|upkeep\n|turn|6\n|\n|t:|1781426172\n|move|p2a: Iron Crown|Calm Mind|p2a: Iron Crown\n|-boost|p2a: Iron Crown|spa|1\n|-boost|p2a: Iron Crown|spd|1\n|move|p1a: Armarouge|Armor Cannon|p2a: Iron Crown\n|-supereffective|p2a: Iron Crown\n|-damage|p2a: Iron Crown|128/268\n|-unboost|p1a: Armarouge|def|1\n|-unboost|p1a: Armarouge|spd|1\n|\n|-heal|p2a: Iron Crown|144/268|[from] item: Leftovers\n|upkeep\n|turn|7\n|\n|t:|1781426184\n|move|p2a: Iron Crown|Tachyon Cutter|p1a: Armarouge\n|-resisted|p1a: Armarouge\n|-damage|p1a: Armarouge|171/267\n|-resisted|p1a: Armarouge\n|-damage|p1a: Armarouge|75/267\n|-hitcount|p1a: Armarouge|2\n|move|p1a: Armarouge|Meteor Beam||[still]\n|-prepare|p1a: Armarouge|Meteor Beam\n|-boost|p1a: Armarouge|spa|1\n|-enditem|p1a: Armarouge|Power Herb\n|-anim|p1a: Armarouge|Meteor Beam|p2a: Iron Crown\n|-resisted|p2a: Iron Crown\n|-damage|p2a: Iron Crown|110/268\n|\n|-heal|p2a: Iron Crown|126/268|[from] item: Leftovers\n|upkeep\n|turn|8\n|\n|t:|1781426205\n|move|p2a: Iron Crown|Tachyon Cutter|p1a: Armarouge\n|-resisted|p1a: Armarouge\n|-damage|p1a: Armarouge|0 fnt\n|faint|p1a: Armarouge\n|-hitcount|p1: Armarouge|1\n|\n|-heal|p2a: Iron Crown|142/268|[from] item: Leftovers\n|upkeep\n|\n|t:|1781426229\n|switch|p1a: Giratina|Giratina-Origin, L72|335/335\n|turn|9\n|inactive|hepooo has 120 seconds left.\n|\n|t:|1781426257\n|move|p2a: Iron Crown|Tachyon Cutter|p1a: Giratina\n|-damage|p1a: Giratina|208/335\n|-damage|p1a: Giratina|100/335\n|-hitcount|p1a: Giratina|2\n|move|p1a: Giratina|Poltergeist|p2a: Iron Crown\n|-activate|p2a: Iron Crown|move: Poltergeist|Leftovers\n|-supereffective|p2a: Iron Crown\n|-damage|p2a: Iron Crown|0 fnt\n|faint|p2a: Iron Crown\n|-end|p2a: Iron Crown|Quark Drive|[silent]\n|\n|upkeep\n|inactive|hepooo has 120 seconds left.\n|\n|t:|1781426264\n|switch|p2a: Ambipom|Ambipom, L84, F|263/263\n|turn|10\n|\n|t:|1781426276\n|move|p2a: Ambipom|Triple Axel|p1a: Giratina\n|-supereffective|p1a: Giratina\n|-damage|p1a: Giratina|32/335\n|-supereffective|p1a: Giratina\n|-damage|p1a: Giratina|0 fnt\n|faint|p1a: Giratina\n|-hitcount|p1: Giratina|2\n|\n|upkeep\n|\n|t:|1781426290\n|switch|p1a: Glastrier|Glastrier, L86|312/312\n|turn|11\n|\n|t:|1781426314\n|switch|p2a: Wugtrio|Wugtrio, L91, M|212/212\n|move|p1a: Glastrier|High Horsepower|p2a: Wugtrio\n|-damage|p2a: Wugtrio|73/212\n|-ability|p2a: Wugtrio|Gooey\n|-unboost|p1a: Glastrier|spe|1\n|\n|upkeep\n|turn|12\n|\n|t:|1781426329\n|move|p2a: Wugtrio|Liquidation|p1a: Glastrier\n|-damage|p1a: Glastrier|198/312\n|-unboost|p1a: Glastrier|def|1\n|move|p1a: Glastrier|High Horsepower|p2a: Wugtrio\n|-damage|p2a: Wugtrio|0 fnt\n|-ability|p2a: Wugtrio|Gooey\n|-unboost|p1a: Glastrier|spe|1\n|faint|p2a: Wugtrio\n|-ability|p1a: Glastrier|Chilling Neigh|boost\n|-boost|p1a: Glastrier|atk|1\n|\n|upkeep\n|\n|t:|1781426340\n|switch|p2a: Floatzel|Floatzel, L86, F|286/286\n|turn|13\n|inactive|aarsje has 120 seconds left.\n|\n|t:|1781426370\n|switch|p1a: Virizion|Virizion, L82|199/283\n|move|p2a: Floatzel|Wave Crash|p1a: Virizion\n|-resisted|p1a: Virizion\n|-damage|p1a: Virizion|70/283\n|-damage|p2a: Floatzel|243/286|[from] Recoil\n|\n|upkeep\n|turn|14\n|\n|t:|1781426383\n|move|p2a: Floatzel|Wave Crash|p1a: Virizion\n|-resisted|p1a: Virizion\n|-damage|p1a: Virizion|0 fnt\n|faint|p1a: Virizion\n|-damage|p2a: Floatzel|220/286|[from] Recoil\n|\n|upkeep\n|inactive|aarsje has 120 seconds left.\n|\n|t:|1781426414\n|switch|p1a: Drifblim|Drifblim, L86, M|398/398\n|turn|15\n|inactive|hepooo has 120 seconds left.\n|\n|t:|1781426448\n|switch|p2a: Ambipom|Ambipom, L84, F|263/263\n|move|p1a: Drifblim|Strength Sap|p2a: Ambipom\n|-unboost|p2a: Ambipom|atk|1\n|\n|upkeep\n|turn|16\n|\n|t:|1781426463\n|move|p2a: Ambipom|U-turn|p1a: Drifblim\n|-resisted|p1a: Drifblim\n|-damage|p1a: Drifblim|378/398\n|\n|t:|1781426466\n|switch|p2a: Plusle|Plusle, L95, M|268/268|[from] U-turn\n|move|p1a: Drifblim|Air Slash|p2a: Plusle\n|-resisted|p2a: Plusle\n|-damage|p2a: Plusle|229/268\n|\n|upkeep\n|turn|17\n|\n|t:|1781426478\n|move|p2a: Plusle|Nasty Plot|p2a: Plusle\n|-boost|p2a: Plusle|spa|2\n|move|p1a: Drifblim|Shadow Ball|p2a: Plusle\n|-damage|p2a: Plusle|144/268\n|-unboost|p2a: Plusle|spd|1\n|\n|upkeep\n|turn|18\n|\n|t:|1781426481\n|move|p2a: Plusle|Thunderbolt|p1a: Drifblim\n|-supereffective|p1a: Drifblim\n|-damage|p1a: Drifblim|0 fnt\n|faint|p1a: Drifblim\n|-damage|p2a: Plusle|118/268|[from] item: Life Orb\n|\n|upkeep\n|-message|aarsje forfeited.\n|\n|win|hepooo\n", "uploadtime": 1781426059, "views": 5, "formatid": "gen9randombattle", "rating": null, "private": 0, "password": null}