{"id": "gen9randombattle-2631809239", "format": "[Gen 9] Random Battle", "players": ["pablovr", "Katakatachi"], "log": "|j|\u2606pablovr\n|j|\u2606Katakatachi\n|t:|1781442811\n|gametype|singles\n|player|p1|pablovr|hiker-gen4|1929\n|player|p2|Katakatachi|backersf|2012\n|gen|9\n|tier|[Gen 9] Random Battle\n|rated|\n|rule|Species Clause: Limit one of each Pok\u00e9mon\n|rule|HP Percentage Mod: HP is shown in percentages\n|rule|Sleep Clause Mod: Limit one foe put to sleep\n|rule|Illusion Level Mod: Illusion disguises the Pok\u00e9mon's true level\n|\n|t:|1781442811\n|teamsize|p1|6\n|teamsize|p2|6\n|start\n|switch|p1a: Weezing|Weezing, L88, F|258/258\n|switch|p2a: Oinkologne|Oinkologne, L92, M|352/352\n|turn|1\n|\n|t:|1781442840\n|switch|p2a: Umbreon|Umbreon, L84, F|297/297\n|move|p1a: Weezing|Will-O-Wisp|p2a: Umbreon\n|-status|p2a: Umbreon|brn\n|-activate|p2a: Umbreon|ability: Synchronize\n|-status|p1a: Weezing|brn\n|\n|-damage|p2a: Umbreon|279/297 brn|[from] brn\n|-damage|p1a: Weezing|242/258 brn|[from] brn\n|upkeep\n|turn|2\n|inactive|Battle timer is ON: inactive players will automatically lose when time's up. (requested by Katakatachi)\n|\n|t:|1781442855\n|move|p2a: Umbreon|Wish|p2a: Umbreon\n|move|p1a: Weezing|Sludge Bomb|p2a: Umbreon\n|-damage|p2a: Umbreon|204/297 brn\n|\n|-heal|p2a: Umbreon|222/297 brn|[from] item: Leftovers\n|-heal|p1a: Weezing|258/258 brn|[from] item: Leftovers\n|-damage|p2a: Umbreon|204/297 brn|[from] brn\n|-damage|p1a: Weezing|242/258 brn|[from] brn\n|upkeep\n|turn|3\n|\n|t:|1781442868\n|move|p2a: Umbreon|Foul Play|p1a: Weezing\n|-damage|p1a: Weezing|215/258 brn\n|move|p1a: Weezing|Fire Blast|p2a: Umbreon\n|-damage|p2a: Umbreon|151/297 brn\n|\n|-heal|p2a: Umbreon|297/297 brn|[from] move: Wish|[wisher] Umbreon\n|-heal|p1a: Weezing|231/258 brn|[from] item: Leftovers\n|-damage|p2a: Umbreon|279/297 brn|[from] brn\n|-damage|p1a: Weezing|215/258 brn|[from] brn\n|upkeep\n|turn|4\n|\n|t:|1781442881\n|move|p2a: Umbreon|Foul Play|p1a: Weezing\n|-damage|p1a: Weezing|185/258 brn\n|move|p1a: Weezing|Sludge Bomb|p2a: Umbreon\n|-damage|p2a: Umbreon|213/297 brn\n|\n|-heal|p2a: Umbreon|231/297 brn|[from] item: Leftovers\n|-heal|p1a: Weezing|201/258 brn|[from] item: Leftovers\n|-damage|p2a: Umbreon|213/297 brn|[from] brn\n|-damage|p1a: Weezing|185/258 brn|[from] brn\n|upkeep\n|turn|5\n|\n|t:|1781442891\n|switch|p1a: Great Tusk|Great Tusk, L77|304/304\n|move|p2a: Umbreon|Wish|p2a: Umbreon\n|\n|-heal|p2a: Umbreon|231/297 brn|[from] item: Leftovers\n|-damage|p2a: Umbreon|213/297 brn|[from] brn\n|upkeep\n|turn|6\n|\n|t:|1781442904\n|switch|p2a: Tauros|Tauros-Paldea-Aqua, L81, M|254/254\n|-ability|p2a: Tauros|Intimidate|boost\n|-unboost|p1a: Great Tusk|atk|1\n|move|p1a: Great Tusk|Close Combat|p2a: Tauros\n|-damage|p2a: Tauros|164/254\n|-unboost|p1a: Great Tusk|def|1\n|-unboost|p1a: Great Tusk|spd|1\n|\n|-heal|p2a: Tauros|254/254|[from] move: Wish|[wisher] Umbreon\n|upkeep\n|turn|7\n|\n|t:|1781442912\n|-end|p1a: Great Tusk|Protosynthesis|[silent]\n|switch|p1a: Dipplin|Dipplin, L88, F|284/284\n|move|p2a: Tauros|Liquidation|p1a: Dipplin\n|-resisted|p1a: Dipplin\n|-damage|p1a: Dipplin|267/284\n|-damage|p2a: Tauros|229/254|[from] item: Life Orb\n|\n|upkeep\n|turn|8\n|\n|t:|1781442940\n|switch|p2a: Umbreon|Umbreon, L84, F|213/297 brn\n|move|p1a: Dipplin|Dragon Tail|p2a: Umbreon\n|-damage|p2a: Umbreon|164/297 brn\n|drag|p2a: Tauros|Tauros-Paldea-Aqua, L81, M|229/254\n|-ability|p2a: Tauros|Intimidate|boost\n|-unboost|p1a: Dipplin|atk|1\n|\n|upkeep\n|turn|9\n|\n|t:|1781442947\n|switch|p2a: Umbreon|Umbreon, L84, F|164/297 brn\n|move|p1a: Dipplin|Dragon Pulse|p2a: Umbreon\n|-damage|p2a: Umbreon|86/297 brn\n|\n|-heal|p2a: Umbreon|104/297 brn|[from] item: Leftovers\n|-damage|p2a: Umbreon|86/297 brn|[from] brn\n|upkeep\n|turn|10\n|inactive|pablovr has 120 seconds left.\n|\n|t:|1781442975\n|move|p2a: Umbreon|Wish|p2a: Umbreon\n|move|p1a: Dipplin|Dragon Pulse|p2a: Umbreon\n|-damage|p2a: Umbreon|11/297 brn\n|\n|-heal|p2a: Umbreon|29/297 brn|[from] item: Leftovers\n|-damage|p2a: Umbreon|11/297 brn|[from] brn\n|upkeep\n|turn|11\n|inactive|pablovr has 120 seconds left.\n|\n|t:|1781442987\n|move|p2a: Umbreon|Protect|p2a: Umbreon\n|-singleturn|p2a: Umbreon|Protect\n|move|p1a: Dipplin|Dragon Tail|p2a: Umbreon\n|-activate|p2a: Umbreon|move: Protect\n|\n|-heal|p2a: Umbreon|159/297 brn|[from] move: Wish|[wisher] Umbreon\n|-heal|p2a: Umbreon|177/297 brn|[from] item: Leftovers\n|-damage|p2a: Umbreon|159/297 brn|[from] brn\n|upkeep\n|turn|12\n|\n|t:|1781442990\n|move|p2a: Umbreon|Toxic|p1a: Dipplin\n|-status|p1a: Dipplin|tox\n|move|p1a: Dipplin|Dragon Pulse|p2a: Umbreon\n|-damage|p2a: Umbreon|89/297 brn\n|\n|-heal|p2a: Umbreon|107/297 brn|[from] item: Leftovers\n|-damage|p1a: Dipplin|250/284 tox|[from] psn\n|-damage|p2a: Umbreon|89/297 brn|[from] brn\n|upkeep\n|turn|13\n|inactive|pablovr has 120 seconds left.\n|\n|t:|1781443015\n|move|p2a: Umbreon|Wish|p2a: Umbreon\n|move|p1a: Dipplin|Dragon Tail|p2a: Umbreon\n|-damage|p2a: Umbreon|55/297 brn\n|drag|p2a: Houndstone|Houndstone, L86, F|264/264\n|\n|-damage|p1a: Dipplin|216/284 tox|[from] psn\n|upkeep\n|turn|14\n|\n|t:|1781443028\n|switch|p2a: Umbreon|Umbreon, L84, F|55/297 brn\n|move|p1a: Dipplin|Dragon Pulse|p2a: Umbreon\n|-damage|p2a: Umbreon|0 fnt\n|faint|p2a: Umbreon\n|\n|-damage|p1a: Dipplin|165/284 tox|[from] psn\n|upkeep\n|inactive|Katakatachi has 120 seconds left.\n|\n|t:|1781443063\n|switch|p2a: Oinkologne|Oinkologne, L92, M|352/352\n|turn|15\n|\n|t:|1781443076\n|switch|p1a: Weezing|Weezing, L88, F|185/258 brn\n|move|p2a: Oinkologne|Curse|p2a: Oinkologne\n|-unboost|p2a: Oinkologne|spe|1\n|-boost|p2a: Oinkologne|atk|1\n|-boost|p2a: Oinkologne|def|1\n|\n|-heal|p1a: Weezing|201/258 brn|[from] item: Leftovers\n|-damage|p1a: Weezing|185/258 brn|[from] brn\n|upkeep\n|turn|16\n|\n|t:|1781443088\n|move|p1a: Weezing|Will-O-Wisp|p2a: Oinkologne\n|-status|p2a: Oinkologne|brn\n|move|p2a: Oinkologne|Curse|p2a: Oinkologne\n|-unboost|p2a: Oinkologne|spe|1\n|-boost|p2a: Oinkologne|atk|1\n|-boost|p2a: Oinkologne|def|1\n|\n|-heal|p1a: Weezing|201/258 brn|[from] item: Leftovers\n|-damage|p1a: Weezing|185/258 brn|[from] brn\n|-damage|p2a: Oinkologne|330/352 brn|[from] brn\n|upkeep\n|turn|17\n|\n|t:|1781443096\n|move|p1a: Weezing|Sludge Bomb|p2a: Oinkologne\n|-damage|p2a: Oinkologne|242/352 brn\n|move|p2a: Oinkologne|Curse|p2a: Oinkologne\n|-unboost|p2a: Oinkologne|spe|1\n|-boost|p2a: Oinkologne|atk|1\n|-boost|p2a: Oinkologne|def|1\n|\n|-heal|p1a: Weezing|201/258 brn|[from] item: Leftovers\n|-heal|p2a: Oinkologne|264/352 brn|[from] item: Leftovers\n|-damage|p1a: Weezing|185/258 brn|[from] brn\n|-damage|p2a: Oinkologne|242/352 brn|[from] brn\n|upkeep\n|turn|18\n|\n|t:|1781443108\n|move|p1a: Weezing|Sludge Bomb|p2a: Oinkologne\n|-damage|p2a: Oinkologne|157/352 brn\n|move|p2a: Oinkologne|Double-Edge|p1a: Weezing\n|-damage|p1a: Weezing|53/258 brn\n|-damage|p2a: Oinkologne|113/352 brn|[from] Recoil\n|\n|-heal|p1a: Weezing|69/258 brn|[from] item: Leftovers\n|-heal|p2a: Oinkologne|135/352 brn|[from] item: Leftovers\n|-damage|p1a: Weezing|53/258 brn|[from] brn\n|-damage|p2a: Oinkologne|113/352 brn|[from] brn\n|upkeep\n|turn|19\n|\n|t:|1781443114\n|move|p1a: Weezing|Sludge Bomb|p2a: Oinkologne\n|-damage|p2a: Oinkologne|26/352 brn\n|move|p2a: Oinkologne|Double-Edge|p1a: Weezing\n|-damage|p1a: Weezing|0 fnt\n|faint|p1a: Weezing\n|-damage|p2a: Oinkologne|9/352 brn|[from] Recoil\n|\n|-heal|p2a: Oinkologne|31/352 brn|[from] item: Leftovers\n|-damage|p2a: Oinkologne|9/352 brn|[from] brn\n|upkeep\n|\n|t:|1781443136\n|switch|p1a: Zebstrika|Zebstrika, L87, F|272/272\n|turn|20\n|\n|t:|1781443144\n|move|p1a: Zebstrika|High Horsepower|p2a: Oinkologne\n|-damage|p2a: Oinkologne|0 fnt\n|faint|p2a: Oinkologne\n|-damage|p1a: Zebstrika|245/272|[from] item: Life Orb\n|\n|upkeep\n|\n|t:|1781443157\n|switch|p2a: Houndstone|Houndstone, L86, F|264/264\n|turn|21\n|\n|t:|1781443168\n|move|p1a: Zebstrika|Overheat|p2a: Houndstone\n|-damage|p2a: Houndstone|72/264\n|-unboost|p1a: Zebstrika|spa|2\n|-damage|p1a: Zebstrika|218/272|[from] item: Life Orb\n|move|p2a: Houndstone|Poltergeist|p1a: Zebstrika\n|-activate|p1a: Zebstrika|move: Poltergeist|Life Orb\n|-damage|p1a: Zebstrika|58/272\n|\n|-heal|p2a: Houndstone|88/264|[from] item: Leftovers\n|upkeep\n|turn|22\n|\n|t:|1781443190\n|switch|p2a: Salamence|Salamence, L77, M|273/273\n|-ability|p2a: Salamence|Intimidate|boost\n|-unboost|p1a: Zebstrika|atk|1\n|move|p1a: Zebstrika|Overheat|p2a: Salamence\n|-resisted|p2a: Salamence\n|-damage|p2a: Salamence|243/273\n|-unboost|p1a: Zebstrika|spa|2\n|-damage|p1a: Zebstrika|31/272|[from] item: Life Orb\n|\n|upkeep\n|turn|23\n|\n|t:|1781443197\n|move|p1a: Zebstrika|Volt Switch|p2a: Salamence\n|-damage|p2a: Salamence|208/273\n|-damage|p1a: Zebstrika|4/272|[from] item: Life Orb\n|\n|t:|1781443203\n|switch|p1a: Great Tusk|Great Tusk, L77|304/304|[from] Volt Switch\n|move|p2a: Salamence|Dual Wingbeat|p1a: Great Tusk\n|-supereffective|p1a: Great Tusk\n|-crit|p1a: Great Tusk\n|-damage|p1a: Great Tusk|194/304\n|-supereffective|p1a: Great Tusk\n|-damage|p1a: Great Tusk|114/304\n|-hitcount|p1a: Great Tusk|2\n|\n|-heal|p1a: Great Tusk|133/304|[from] item: Leftovers\n|upkeep\n|turn|24\n|\n|t:|1781443217\n|move|p2a: Salamence|Dragon Dance|p2a: Salamence\n|-boost|p2a: Salamence|atk|1\n|-boost|p2a: Salamence|spe|1\n|move|p1a: Great Tusk|Stone Edge|p2a: Salamence\n|-supereffective|p2a: Salamence\n|-damage|p2a: Salamence|32/273\n|\n|-heal|p1a: Great Tusk|152/304|[from] item: Leftovers\n|upkeep\n|turn|25\n|\n|t:|1781443247\n|move|p2a: Salamence|Dual Wingbeat|p1a: Great Tusk\n|-supereffective|p1a: Great Tusk\n|-damage|p1a: Great Tusk|36/304\n|-supereffective|p1a: Great Tusk\n|-damage|p1a: Great Tusk|0 fnt\n|faint|p1a: Great Tusk\n|-end|p1a: Great Tusk|Protosynthesis|[silent]\n|-hitcount|p1: Great Tusk|2\n|\n|upkeep\n|\n|t:|1781443251\n|switch|p1a: Scizor|Scizor, L79, M|240/240\n|turn|26\n|\n|t:|1781443264\n|switch|p2a: Tauros|Tauros-Paldea-Aqua, L81, M|229/254\n|-ability|p2a: Tauros|Intimidate|boost\n|-unboost|p1a: Scizor|atk|1\n|move|p1a: Scizor|Bullet Punch|p2a: Tauros\n|-resisted|p2a: Tauros\n|-damage|p2a: Tauros|203/254\n|-damage|p1a: Scizor|216/240|[from] item: Life Orb\n|\n|upkeep\n|turn|27\n|\n|t:|1781443278\n|switch|p2a: Salamence|Salamence, L77, M|32/273\n|-ability|p2a: Salamence|Intimidate|boost\n|-unboost|p1a: Scizor|atk|1\n|switch|p1a: Dipplin|Dipplin, L88, F|165/284 tox\n|\n|-damage|p1a: Dipplin|148/284 tox|[from] psn\n|upkeep\n|turn|28\n|\n|t:|1781443286\n|move|p2a: Salamence|Dual Wingbeat|p1a: Dipplin\n|-supereffective|p1a: Dipplin\n|-damage|p1a: Dipplin|100/284 tox\n|-supereffective|p1a: Dipplin\n|-damage|p1a: Dipplin|46/284 tox\n|-hitcount|p1a: Dipplin|2\n|move|p1a: Dipplin|Dragon Pulse|p2a: Salamence\n|-supereffective|p2a: Salamence\n|-damage|p2a: Salamence|0 fnt\n|faint|p2a: Salamence\n|\n|-damage|p1a: Dipplin|12/284 tox|[from] psn\n|upkeep\n|\n|t:|1781443299\n|switch|p2a: Houndstone|Houndstone, L86, F|88/264\n|turn|29\n|\n|t:|1781443314\n|move|p2a: Houndstone|Rest|p2a: Houndstone\n|-status|p2a: Houndstone|slp|[from] move: Rest\n|-heal|p2a: Houndstone|264/264 slp|[silent]\n|move|p1a: Dipplin|Dragon Pulse|p2a: Houndstone\n|-damage|p2a: Houndstone|170/264 slp\n|\n|-heal|p2a: Houndstone|186/264 slp|[from] item: Leftovers\n|-damage|p1a: Dipplin|0 fnt|[from] psn\n|faint|p1a: Dipplin\n|upkeep\n|\n|t:|1781443319\n|switch|p1a: Zebstrika|Zebstrika, L87, F|4/272\n|turn|30\n|\n|t:|1781443332\n|switch|p2a: Tauros|Tauros-Paldea-Aqua, L81, M|203/254\n|-ability|p2a: Tauros|Intimidate|boost\n|-unboost|p1a: Zebstrika|atk|1\n|move|p1a: Zebstrika|Supercell Slam|p2a: Tauros\n|-supereffective|p2a: Tauros\n|-damage|p2a: Tauros|29/254\n|-damage|p1a: Zebstrika|0 fnt|[from] item: Life Orb\n|faint|p1a: Zebstrika\n|\n|upkeep\n|\n|t:|1781443351\n|switch|p1a: Scizor|Scizor, L79, M|216/240\n|turn|31\n|\n|t:|1781443360\n|move|p2a: Tauros|Aqua Jet|p1a: Scizor\n|-damage|p1a: Scizor|156/240\n|-damage|p2a: Tauros|4/254|[from] item: Life Orb\n|move|p1a: Scizor|Swords Dance|p1a: Scizor\n|-boost|p1a: Scizor|atk|2\n|\n|upkeep\n|turn|32\n|\n|t:|1781443372\n|move|p1a: Scizor|Bullet Punch|p2a: Tauros\n|-resisted|p2a: Tauros\n|-damage|p2a: Tauros|0 fnt\n|faint|p2a: Tauros\n|-damage|p1a: Scizor|132/240|[from] item: Life Orb\n|\n|upkeep\n|\n|t:|1781443390\n|switch|p2a: Houndstone|Houndstone, L86, F|186/264 slp\n|turn|33\n|\n|t:|1781443401\n|cant|p2a: Houndstone|slp\n|move|p2a: Houndstone|Sleep Talk|p2a: Houndstone\n|move|p2a: Houndstone|Rest||[from] move: Sleep Talk|[still]\n|-fail|p2a: Houndstone\n|move|p1a: Scizor|Knock Off|p2a: Houndstone\n|-supereffective|p2a: Houndstone\n|-damage|p2a: Houndstone|11/264 slp\n|-enditem|p2a: Houndstone|Leftovers|[from] move: Knock Off|[of] p1a: Scizor\n|-damage|p1a: Scizor|108/240|[from] item: Life Orb\n|\n|upkeep\n|turn|34\n|\n|t:|1781443412\n|move|p1a: Scizor|Bullet Punch|p2a: Houndstone\n|-damage|p2a: Houndstone|0 fnt\n|faint|p2a: Houndstone\n|-damage|p1a: Scizor|84/240|[from] item: Life Orb\n|\n|upkeep\n|\n|t:|1781443415\n|switch|p2a: Mimikyu|Mimikyu, L79, M|216/216\n|turn|35\n|\n|t:|1781443420\n|move|p1a: Scizor|Bullet Punch|p2a: Mimikyu\n|-activate|p2a: Mimikyu|ability: Disguise\n|-damage|p2a: Mimikyu|216/216\n|detailschange|p2a: Mimikyu|Mimikyu-Busted, L79, M\n|-damage|p2a: Mimikyu|189/216|[from] pokemon: Mimikyu-Busted\n|-damage|p1a: Scizor|60/240|[from] item: Life Orb\n|move|p2a: Mimikyu|Swords Dance|p2a: Mimikyu\n|-boost|p2a: Mimikyu|atk|2\n|\n|upkeep\n|turn|36\n|\n|t:|1781443431\n|move|p2a: Mimikyu|Shadow Sneak|p1a: Scizor\n|-damage|p1a: Scizor|0 fnt\n|faint|p1a: Scizor\n|-damage|p2a: Mimikyu|168/216|[from] item: Life Orb\n|\n|upkeep\n|\n|t:|1781443432\n|switch|p1a: Victreebel|Victreebel, L90, M|290/290\n|turn|37\n|\n|t:|1781443452\n|-terastallize|p2a: Mimikyu|Fighting\n|move|p2a: Mimikyu|Drain Punch|p1a: Victreebel\n|-resisted|p1a: Victreebel\n|-damage|p1a: Victreebel|196/290\n|-heal|p2a: Mimikyu|215/216|[from] drain|[of] p1a: Victreebel\n|-damage|p2a: Mimikyu|194/216|[from] item: Life Orb\n|move|p1a: Victreebel|Sleep Powder|p2a: Mimikyu\n|-status|p2a: Mimikyu|slp|[from] move: Sleep Powder\n|\n|upkeep\n|turn|38\n|\n|t:|1781443465\n|cant|p2a: Mimikyu|slp\n|move|p1a: Victreebel|Sludge Wave|p2a: Mimikyu\n|-crit|p2a: Mimikyu\n|-damage|p2a: Mimikyu|0 fnt\n|faint|p2a: Mimikyu\n|-damage|p1a: Victreebel|167/290|[from] item: Life Orb\n|\n|win|pablovr\n", "uploadtime": 1781442813, "views": 3, "formatid": "gen9randombattle", "rating": null, "private": 0, "password": null}