{"id": "gen9randombattle-2631860142", "format": "[Gen 9] Random Battle", "players": ["bimiuchiratnhieu", "NewBabyBlue"], "log": "|j|\u2606bimiuchiratnhieu\n|j|\u2606NewBabyBlue\n|t:|1781449146\n|gametype|singles\n|player|p1|bimiuchiratnhieu|hilda|2010\n|player|p2|NewBabyBlue|tuber|1984\n|gen|9\n|tier|[Gen 9] Random Battle\n|rated|\n|rule|Species Clause: Limit one of each Pok\u00e9mon\n|rule|HP Percentage Mod: HP is shown in percentages\n|rule|Sleep Clause Mod: Limit one foe put to sleep\n|rule|Illusion Level Mod: Illusion disguises the Pok\u00e9mon's true level\n|\n|t:|1781449146\n|teamsize|p1|6\n|teamsize|p2|6\n|start\n|switch|p1a: Cyclizar|Cyclizar, L83, F|252/252\n|switch|p2a: Wugtrio|Wugtrio, L91, M|212/212\n|turn|1\n|inactive|Battle timer is ON: inactive players will automatically lose when time's up. (requested by bimiuchiratnhieu)\n|\n|t:|1781449160\n|move|p2a: Wugtrio|Throat Chop|p1a: Cyclizar\n|-damage|p1a: Cyclizar|124/252\n|-start|p1a: Cyclizar|Throat Chop|[silent]\n|move|p1a: Cyclizar|Knock Off|p2a: Wugtrio\n|-damage|p2a: Wugtrio|128/212\n|-ability|p2a: Wugtrio|Gooey\n|-unboost|p1a: Cyclizar|spe|1\n|-enditem|p2a: Wugtrio|Choice Band|[from] move: Knock Off|[of] p1a: Cyclizar\n|\n|upkeep\n|turn|2\n|\n|t:|1781449186\n|switch|p1a: Perrserker|Perrserker, L89, M|269/269\n|move|p2a: Wugtrio|Throat Chop|p1a: Perrserker\n|-damage|p1a: Perrserker|207/269\n|-start|p1a: Perrserker|Throat Chop|[silent]\n|\n|upkeep\n|turn|3\n|\n|t:|1781449200\n|move|p2a: Wugtrio|Stomping Tantrum|p1a: Perrserker\n|-supereffective|p1a: Perrserker\n|-damage|p1a: Perrserker|105/269\n|move|p1a: Perrserker|Iron Head|p2a: Wugtrio\n|-resisted|p2a: Wugtrio\n|-damage|p2a: Wugtrio|0 fnt\n|-ability|p2a: Wugtrio|Gooey\n|-unboost|p1a: Perrserker|spe|1\n|faint|p2a: Wugtrio\n|-damage|p1a: Perrserker|79/269|[from] item: Life Orb\n|\n|-end|p1a: Perrserker|Throat Chop|[silent]\n|upkeep\n|\n|t:|1781449213\n|switch|p2a: Hitmontop|Hitmontop, L88, M|231/231\n|-ability|p2a: Hitmontop|Intimidate|boost\n|-unboost|p1a: Perrserker|atk|1\n|turn|4\n|inactive|bimiuchiratnhieu has 120 seconds left.\n|\n|t:|1781449241\n|move|p2a: Hitmontop|Earthquake|p1a: Perrserker\n|-supereffective|p1a: Perrserker\n|-damage|p1a: Perrserker|0 fnt\n|faint|p1a: Perrserker\n|\n|upkeep\n|inactive|bimiuchiratnhieu has 120 seconds left.\n|\n|t:|1781449248\n|switch|p1a: Palossand|Palossand, L89, M|296/296\n|turn|5\n|\n|t:|1781449256\n|switch|p2a: Darkrai|Darkrai, L77|234/234\n|move|p1a: Palossand|Earth Power|p2a: Darkrai\n|-damage|p2a: Darkrai|125/234\n|-unboost|p2a: Darkrai|spd|1\n|\n|upkeep\n|turn|6\n|inactive|bimiuchiratnhieu has 120 seconds left.\n|\n|t:|1781449293\n|switch|p1a: Frosmoth|Frosmoth, L82, M|249/249\n|move|p2a: Darkrai|Dark Pulse|p1a: Frosmoth\n|-damage|p1a: Frosmoth|183/249\n|-damage|p2a: Darkrai|102/234|[from] item: Life Orb\n|\n|upkeep\n|turn|7\n|\n|t:|1781449299\n|move|p2a: Darkrai|Hypnosis|p1a: Frosmoth|[miss]\n|-miss|p2a: Darkrai|p1a: Frosmoth\n|move|p1a: Frosmoth|Ice Beam|p2a: Darkrai\n|-damage|p2a: Darkrai|0 fnt\n|faint|p2a: Darkrai\n|\n|upkeep\n|\n|t:|1781449308\n|switch|p2a: Hitmontop|Hitmontop, L88, M|231/231\n|-ability|p2a: Hitmontop|Intimidate|boost\n|-unboost|p1a: Frosmoth|atk|1\n|turn|8\n|inactive|bimiuchiratnhieu has 120 seconds left.\n|\n|t:|1781449317\n|switch|p1a: Palossand|Palossand, L89, M|296/296\n|move|p2a: Hitmontop|Close Combat|p1a: Palossand\n|-immune|p1a: Palossand\n|\n|upkeep\n|turn|9\n|\n|t:|1781449321\n|switch|p2a: Porygon-Z|Porygon-Z, L83|277/277\n|move|p1a: Palossand|Earth Power|p2a: Porygon-Z\n|-damage|p2a: Porygon-Z|148/277\n|\n|upkeep\n|turn|10\n|inactive|bimiuchiratnhieu has 120 seconds left.\n|\n|t:|1781449343\n|switch|p1a: Cyclizar|Cyclizar, L83, F|208/252\n|move|p2a: Porygon-Z|Shadow Ball|p1a: Cyclizar\n|-immune|p1a: Cyclizar\n|\n|upkeep\n|turn|11\n|\n|t:|1781449348\n|move|p1a: Cyclizar|Knock Off|p2a: Porygon-Z\n|-damage|p2a: Porygon-Z|70/277\n|-enditem|p2a: Porygon-Z|Life Orb|[from] move: Knock Off|[of] p1a: Cyclizar\n|move|p2a: Porygon-Z|Agility|p2a: Porygon-Z\n|-boost|p2a: Porygon-Z|spe|2\n|\n|upkeep\n|turn|12\n|\n|t:|1781449355\n|move|p2a: Porygon-Z|Tera Blast|p1a: Cyclizar\n|-damage|p1a: Cyclizar|38/252\n|move|p1a: Cyclizar|Draco Meteor|p2a: Porygon-Z\n|-damage|p2a: Porygon-Z|0 fnt\n|-unboost|p1a: Cyclizar|spa|2\n|faint|p2a: Porygon-Z\n|\n|upkeep\n|\n|t:|1781449359\n|switch|p2a: Deoxys|Deoxys-Defense, L84|221/221\n|-ability|p2a: Deoxys|Pressure\n|turn|13\n|\n|t:|1781449368\n|switch|p1a: Palossand|Palossand, L89, M|296/296\n|move|p2a: Deoxys|Cosmic Power|p2a: Deoxys\n|-boost|p2a: Deoxys|def|1\n|-boost|p2a: Deoxys|spd|1\n|\n|upkeep\n|turn|14\n|\n|t:|1781449375\n|move|p2a: Deoxys|Cosmic Power|p2a: Deoxys\n|-boost|p2a: Deoxys|def|1\n|-boost|p2a: Deoxys|spd|1\n|move|p1a: Palossand|Shadow Ball|p2a: Deoxys\n|-supereffective|p2a: Deoxys\n|-damage|p2a: Deoxys|161/221\n|\n|-heal|p2a: Deoxys|174/221|[from] item: Leftovers\n|upkeep\n|turn|15\n|\n|t:|1781449385\n|move|p2a: Deoxys|Cosmic Power|p2a: Deoxys\n|-boost|p2a: Deoxys|def|1\n|-boost|p2a: Deoxys|spd|1\n|move|p1a: Palossand|Shadow Ball|p2a: Deoxys\n|-supereffective|p2a: Deoxys\n|-damage|p2a: Deoxys|126/221\n|\n|-heal|p2a: Deoxys|139/221|[from] item: Leftovers\n|upkeep\n|turn|16\n|\n|t:|1781449388\n|switch|p1a: Dedenne|Dedenne, L88, M|261/261\n|move|p2a: Deoxys|Cosmic Power|p2a: Deoxys\n|-boost|p2a: Deoxys|def|1\n|-boost|p2a: Deoxys|spd|1\n|\n|-heal|p2a: Deoxys|152/221|[from] item: Leftovers\n|upkeep\n|turn|17\n|\n|t:|1781449391\n|move|p1a: Dedenne|Nuzzle|p2a: Deoxys\n|-damage|p2a: Deoxys|148/221\n|-status|p2a: Deoxys|par\n|move|p2a: Deoxys|Stored Power|p1a: Dedenne\n|-damage|p1a: Dedenne|75/261\n|-enditem|p1a: Dedenne|Sitrus Berry|[eat]\n|-heal|p1a: Dedenne|140/261|[from] item: Sitrus Berry\n|-heal|p1a: Dedenne|227/261|[from] ability: Cheek Pouch\n|\n|-heal|p2a: Deoxys|161/221 par|[from] item: Leftovers\n|upkeep\n|turn|18\n|\n|t:|1781449414\n|move|p1a: Dedenne|U-turn|p2a: Deoxys\n|-supereffective|p2a: Deoxys\n|-damage|p2a: Deoxys|145/221 par\n|\n|t:|1781449416\n|switch|p1a: Palossand|Palossand, L89, M|296/296|[from] U-turn\n|cant|p2a: Deoxys|par\n|\n|-heal|p2a: Deoxys|158/221 par|[from] item: Leftovers\n|upkeep\n|turn|19\n|\n|t:|1781449421\n|move|p1a: Palossand|Shadow Ball|p2a: Deoxys\n|-supereffective|p2a: Deoxys\n|-damage|p2a: Deoxys|116/221 par\n|move|p2a: Deoxys|Recover|p2a: Deoxys\n|-heal|p2a: Deoxys|221/221 par\n|\n|upkeep\n|turn|20\n|\n|t:|1781449442\n|switch|p1a: Cyclizar|Cyclizar, L83, F|122/252\n|move|p2a: Deoxys|Stored Power|p1a: Cyclizar\n|-damage|p1a: Cyclizar|0 fnt\n|faint|p1a: Cyclizar\n|\n|upkeep\n|\n|t:|1781449449\n|switch|p1a: Roaring Moon|Roaring Moon, L72|270/270\n|turn|21\n|\n|t:|1781449456\n|-terastallize|p2a: Deoxys|Steel\n|move|p1a: Roaring Moon|Knock Off|p2a: Deoxys\n|-damage|p2a: Deoxys|190/221 par\n|-enditem|p2a: Deoxys|Leftovers|[from] move: Knock Off|[of] p1a: Roaring Moon\n|cant|p2a: Deoxys|par\n|\n|upkeep\n|turn|22\n|\n|t:|1781449479\n|-end|p1a: Roaring Moon|Protosynthesis|[silent]\n|switch|p1a: Palossand|Palossand, L89, M|296/296\n|move|p2a: Deoxys|Night Shade|p1a: Palossand\n|-damage|p1a: Palossand|212/296\n|\n|-heal|p1a: Palossand|230/296|[from] item: Leftovers\n|upkeep\n|turn|23\n|\n|t:|1781449484\n|move|p1a: Palossand|Earth Power|p2a: Deoxys\n|-supereffective|p2a: Deoxys\n|-damage|p2a: Deoxys|140/221 par\n|move|p2a: Deoxys|Stored Power|p1a: Palossand\n|-damage|p1a: Palossand|67/296\n|\n|-heal|p1a: Palossand|85/296|[from] item: Leftovers\n|upkeep\n|turn|24\n|\n|t:|1781449496\n|move|p1a: Palossand|Earth Power|p2a: Deoxys\n|-supereffective|p2a: Deoxys\n|-damage|p2a: Deoxys|92/221 par\n|move|p2a: Deoxys|Stored Power|p1a: Palossand\n|-damage|p1a: Palossand|0 fnt\n|faint|p1a: Palossand\n|\n|upkeep\n|-message|bimiuchiratnhieu forfeited.\n|\n|win|NewBabyBlue\n", "uploadtime": 1781449148, "views": 7, "formatid": "gen9randombattle", "rating": null, "private": 0, "password": null}