{"id": "gen9randombattle-2631860850", "format": "[Gen 9] Random Battle", "players": ["Daruma", "i'm_new_so_be_cool"], "log": "|badge|p2|bronze|gen9ubers|100-9\n|uhtml|medal-msg|<div class=\"broadcast-blue\">Curious what those medals under the avatar are? PS now has Ladder Seasons! For more information, check out the <a href=\"https://www.smogon.com/forums/threads/3740067/\">thread on Smogon.</a></div>\n|j|\u2606Daruma\n|j|\u2606i'm_new_so_be_cool\n|t:|1781449223\n|gametype|singles\n|player|p1|Daruma|#ruplixsleekslushrushers|2179\n|player|p2|i'm_new_so_be_cool|ninjaboy|2195\n|gen|9\n|tier|[Gen 9] Random Battle\n|rated|\n|rule|Species Clause: Limit one of each Pok\u00e9mon\n|rule|HP Percentage Mod: HP is shown in percentages\n|rule|Sleep Clause Mod: Limit one foe put to sleep\n|rule|Illusion Level Mod: Illusion disguises the Pok\u00e9mon's true level\n|\n|t:|1781449223\n|teamsize|p1|6\n|teamsize|p2|6\n|start\n|switch|p1a: Reshiram|Reshiram, L76|277/277\n|switch|p2a: Swanna|Swanna, L89, M|278/278\n|-ability|p1a: Reshiram|Turboblaze\n|turn|1\n|c|\u2606i'm_new_so_be_cool|Woooow nice avatar\n|inactive|Battle timer is ON: inactive players will automatically lose when time's up. (requested by Daruma)\n|c|\u2606i'm_new_so_be_cool|Glhf\n|c|\u2606Daruma|thx\n|c|\u2606Daruma|u2\n|\n|t:|1781449248\n|move|p2a: Swanna|Hydro Pump|p1a: Reshiram\n|-damage|p1a: Reshiram|163/277\n|move|p1a: Reshiram|Dragon Dance|p1a: Reshiram\n|-boost|p1a: Reshiram|atk|1\n|-boost|p1a: Reshiram|spe|1\n|\n|upkeep\n|turn|2\n|\n|t:|1781449276\n|move|p1a: Reshiram|Dragon Dance|p1a: Reshiram\n|-boost|p1a: Reshiram|atk|1\n|-boost|p1a: Reshiram|spe|1\n|move|p2a: Swanna|Brave Bird|p1a: Reshiram\n|-crit|p1a: Reshiram\n|-damage|p1a: Reshiram|0 fnt\n|faint|p1a: Reshiram\n|-damage|p2a: Swanna|224/278|[from] Recoil\n|\n|upkeep\n|\n|t:|1781449281\n|switch|p1a: Haxorus|Haxorus, L77, F|244/244\n|-ability|p1a: Haxorus|Mold Breaker\n|turn|3\n|\n|t:|1781449291\n|move|p2a: Swanna|Brave Bird|p1a: Haxorus\n|-damage|p1a: Haxorus|111/244\n|-damage|p2a: Swanna|180/278|[from] Recoil\n|move|p1a: Haxorus|Dragon Dance|p1a: Haxorus\n|-boost|p1a: Haxorus|atk|1\n|-boost|p1a: Haxorus|spe|1\n|\n|upkeep\n|turn|4\n|inactive|i'm_new_so_be_cool has 120 seconds left.\n|\n|t:|1781449315\n|move|p1a: Haxorus|Outrage|p2a: Swanna\n|-damage|p2a: Swanna|0 fnt\n|faint|p2a: Swanna\n|\n|upkeep\n|\n|t:|1781449318\n|switch|p2a: Ditto|Ditto, L87|225/225\n|-transform|p2a: Ditto|p1a: Haxorus|[from] ability: Imposter\n|-ability|p2a: Ditto|Mold Breaker\n|turn|5\n|\n|t:|1781449329\n|move|p2a: Ditto|Outrage|p1a: Haxorus\n|-supereffective|p1a: Haxorus\n|-damage|p1a: Haxorus|0 fnt\n|faint|p1a: Haxorus\n|\n|upkeep\n|\n|t:|1781449331\n|switch|p1a: Stonjourner|Stonjourner, L91, M|330/330\n|turn|6\n|\n|t:|1781449337\n|move|p2a: Ditto|Outrage|p1a: Stonjourner|[from] lockedmove\n|-damage|p1a: Stonjourner|176/330\n|move|p1a: Stonjourner|Stone Edge|p2a: Ditto\n|-crit|p2a: Ditto\n|-damage|p2a: Ditto|0 fnt\n|faint|p2a: Ditto\n|-damage|p1a: Stonjourner|143/330|[from] item: Life Orb\n|\n|upkeep\n|\n|t:|1781449350\n|switch|p2a: Iron Treads|Iron Treads, L77|265/265\n|turn|7\n|\n|t:|1781449366\n|move|p2a: Iron Treads|Earthquake|p1a: Stonjourner\n|-supereffective|p1a: Stonjourner\n|-damage|p1a: Stonjourner|11/330\n|move|p1a: Stonjourner|Earthquake|p2a: Iron Treads\n|-supereffective|p2a: Iron Treads\n|-damage|p2a: Iron Treads|47/265\n|-damage|p1a: Stonjourner|0 fnt|[from] item: Life Orb\n|faint|p1a: Stonjourner\n|\n|-heal|p2a: Iron Treads|63/265|[from] item: Leftovers\n|upkeep\n|\n|t:|1781449370\n|switch|p1a: Landorus|Landorus-Therian, L76, M|260/260\n|-ability|p1a: Landorus|Intimidate|boost\n|-unboost|p2a: Iron Treads|atk|1\n|turn|8\n|\n|t:|1781449391\n|move|p2a: Iron Treads|Stealth Rock|p1a: Landorus\n|-sidestart|p1: Daruma|move: Stealth Rock\n|move|p1a: Landorus|Earthquake|p2a: Iron Treads\n|-supereffective|p2a: Iron Treads\n|-damage|p2a: Iron Treads|0 fnt\n|faint|p2a: Iron Treads\n|-end|p2a: Iron Treads|Quark Drive|[silent]\n|\n|upkeep\n|\n|t:|1781449398\n|switch|p2a: Dodrio|Dodrio, L85, M|241/241\n|turn|9\n|\n|t:|1781449410\n|move|p2a: Dodrio|Swords Dance|p2a: Dodrio\n|-boost|p2a: Dodrio|atk|2\n|move|p1a: Landorus|Stone Edge|p2a: Dodrio\n|-supereffective|p2a: Dodrio\n|-damage|p2a: Dodrio|37/241\n|\n|upkeep\n|turn|10\n|\n|t:|1781449420\n|switch|p1a: Gumshoos|Gumshoos, L95, M|321/321\n|-damage|p1a: Gumshoos|281/321|[from] Stealth Rock\n|move|p2a: Dodrio|Double-Edge|p1a: Gumshoos\n|-damage|p1a: Gumshoos|0 fnt\n|faint|p1a: Gumshoos\n|-damage|p2a: Dodrio|0 fnt|[from] Recoil\n|faint|p2a: Dodrio\n|\n|upkeep\n|inactive|i'm_new_so_be_cool has 120 seconds left.\n|inactive|i'm_new_so_be_cool has 90 seconds left.\n|\n|t:|1781449470\n|switch|p2a: Plusle|Plusle, L95, F|268/268\n|switch|p1a: Basculegion|Basculegion-F, L83, F|335/335\n|-damage|p1a: Basculegion|294/335|[from] Stealth Rock\n|turn|11\n|inactive|i'm_new_so_be_cool has 90 seconds left.\n|\n|t:|1781449504\n|switch|p1a: Landorus|Landorus-Therian, L76, M|260/260\n|-damage|p1a: Landorus|228/260|[from] Stealth Rock\n|-ability|p1a: Landorus|Intimidate|boost\n|-unboost|p2a: Plusle|atk|1\n|move|p2a: Plusle|Nasty Plot|p2a: Plusle\n|-boost|p2a: Plusle|spa|2\n|\n|-heal|p1a: Landorus|244/260|[from] item: Leftovers\n|upkeep\n|turn|12\n|-message|Daruma forfeited.\n|\n|win|i'm_new_so_be_cool\n", "uploadtime": 1781449225, "views": 3, "formatid": "gen9randombattle", "rating": null, "private": 0, "password": null}