{"id": "gen9randombattle-2631572695", "format": "[Gen 9] Random Battle", "players": ["ChiiMew151", "Rheny"], "log": "|j|\u2606ChiiMew151\n|j|\u2606Rheny\n|t:|1781403079\n|gametype|singles\n|player|p1|ChiiMew151|hilbert-wonderlauncher|1950\n|player|p2|Rheny|miku-ghost|1976\n|gen|9\n|tier|[Gen 9] Random Battle\n|rated|\n|rule|Species Clause: Limit one of each Pok\u00e9mon\n|rule|HP Percentage Mod: HP is shown in percentages\n|rule|Sleep Clause Mod: Limit one foe put to sleep\n|rule|Illusion Level Mod: Illusion disguises the Pok\u00e9mon's true level\n|\n|t:|1781403079\n|teamsize|p1|6\n|teamsize|p2|6\n|start\n|switch|p1a: Glalie|Glalie, L96, F|309/309\n|switch|p2a: Meowscarada|Meowscarada, L78, F|247/247\n|turn|1\n|inactive|Battle timer is ON: inactive players will automatically lose when time's up. (requested by ChiiMew151)\n|\n|t:|1781403106\n|move|p2a: Meowscarada|U-turn|p1a: Glalie\n|-start|p2a: Meowscarada|typechange|Bug|[from] ability: Protean\n|-damage|p1a: Glalie|245/309\n|\n|t:|1781403109\n|switch|p2a: Meowstic|Meowstic, L89, M|277/277|[from] U-turn\n|move|p1a: Glalie|Freeze-Dry|p2a: Meowstic\n|-damage|p2a: Meowstic|189/277\n|\n|upkeep\n|turn|2\n|\n|t:|1781403115\n|move|p2a: Meowstic|Yawn|p1a: Glalie\n|-start|p1a: Glalie|move: Yawn|[of] p2a: Meowstic\n|move|p1a: Glalie|Taunt|p2a: Meowstic\n|-start|p2a: Meowstic|move: Taunt\n|\n|upkeep\n|turn|3\n|\n|t:|1781403128\n|switch|p2a: Meowscarada|Meowscarada, L78, F|247/247\n|switch|p1a: Deoxys|Deoxys, L74|196/196\n|-ability|p1a: Deoxys|Pressure\n|\n|upkeep\n|turn|4\n|\n|t:|1781403150\n|switch|p2a: Azumarill|Azumarill, L82, F|298/298\n|move|p1a: Deoxys|Superpower|p2a: Azumarill\n|-resisted|p2a: Azumarill\n|-damage|p2a: Azumarill|229/298\n|-unboost|p1a: Deoxys|atk|1\n|-unboost|p1a: Deoxys|def|1\n|-damage|p1a: Deoxys|177/196|[from] item: Life Orb\n|\n|upkeep\n|turn|5\n|\n|t:|1781403159\n|switch|p1a: Glalie|Glalie, L96, F|245/309\n|move|p2a: Azumarill|Aqua Jet|p1a: Glalie\n|-crit|p1a: Glalie\n|-damage|p1a: Glalie|130/309\n|\n|upkeep\n|turn|6\n|\n|t:|1781403165\n|switch|p2a: Meowstic|Meowstic, L89, M|189/277\n|move|p1a: Glalie|Spikes|p2a: Meowstic\n|-sidestart|p2: Rheny|Spikes\n|\n|upkeep\n|turn|7\n|\n|t:|1781403177\n|move|p2a: Meowstic|Reflect|p2a: Meowstic\n|-sidestart|p2: Rheny|Reflect\n|move|p1a: Glalie|Taunt|p2a: Meowstic\n|-start|p2a: Meowstic|move: Taunt\n|\n|upkeep\n|turn|8\n|\n|t:|1781403182\n|move|p2a: Meowstic|Psychic Noise|p1a: Glalie\n|-damage|p1a: Glalie|55/309\n|-start|p1a: Glalie|move: Heal Block\n|move|p1a: Glalie|Spikes|p2a: Meowstic\n|-sidestart|p2: Rheny|Spikes\n|\n|upkeep\n|turn|9\n|\n|t:|1781403186\n|switch|p1a: Reuniclus|Reuniclus, L88, F|337/337\n|move|p2a: Meowstic|Psychic Noise|p1a: Reuniclus\n|-resisted|p1a: Reuniclus\n|-damage|p1a: Reuniclus|296/337\n|-start|p1a: Reuniclus|move: Heal Block\n|\n|upkeep\n|turn|10\n|\n|t:|1781403195\n|switch|p2a: Azumarill|Azumarill, L82, F|229/298\n|-damage|p2a: Azumarill|180/298|[from] Spikes\n|move|p1a: Reuniclus|Calm Mind|p1a: Reuniclus\n|-boost|p1a: Reuniclus|spa|1\n|-boost|p1a: Reuniclus|spd|1\n|\n|-end|p1a: Reuniclus|move: Heal Block\n|upkeep\n|turn|11\n|\n|t:|1781403201\n|move|p2a: Azumarill|Knock Off|p1a: Reuniclus\n|-supereffective|p1a: Reuniclus\n|-damage|p1a: Reuniclus|50/337\n|-enditem|p1a: Reuniclus|Life Orb|[from] move: Knock Off|[of] p2a: Azumarill\n|move|p1a: Reuniclus|Psyshock|p2a: Azumarill\n|-damage|p2a: Azumarill|0 fnt\n|faint|p2a: Azumarill\n|\n|upkeep\n|\n|t:|1781403210\n|switch|p2a: Meowscarada|Meowscarada, L78, F|247/247\n|turn|12\n|\n|t:|1781403226\n|move|p2a: Meowscarada|Knock Off|p1a: Reuniclus\n|-start|p2a: Meowscarada|typechange|Dark|[from] ability: Protean\n|-supereffective|p1a: Reuniclus\n|-damage|p1a: Reuniclus|0 fnt\n|faint|p1a: Reuniclus\n|\n|upkeep\n|\n|t:|1781403235\n|switch|p1a: Orthworm|Orthworm, L88, F|266/266\n|turn|13\n|\n|t:|1781403244\n|move|p2a: Meowscarada|U-turn|p1a: Orthworm\n|-resisted|p1a: Orthworm\n|-damage|p1a: Orthworm|251/266\n|\n|t:|1781403250\n|switch|p2a: Heatran|Heatran, L79, M|273/273|[from] U-turn\n|-item|p2a: Heatran|Air Balloon\n|move|p1a: Orthworm|Coil|p1a: Orthworm\n|-boost|p1a: Orthworm|atk|1\n|-boost|p1a: Orthworm|def|1\n|-boost|p1a: Orthworm|accuracy|1\n|\n|upkeep\n|turn|14\n|\n|t:|1781403259\n|move|p2a: Heatran|Lava Plume|p1a: Orthworm\n|-supereffective|p1a: Orthworm\n|-damage|p1a: Orthworm|11/266\n|move|p1a: Orthworm|Body Press|p2a: Heatran\n|-supereffective|p2a: Heatran\n|-damage|p2a: Heatran|148/273\n|-enditem|p2a: Heatran|Air Balloon\n|\n|-sideend|p2: Rheny|Reflect\n|upkeep\n|turn|15\n|\n|t:|1781403266\n|move|p2a: Heatran|Lava Plume|p1a: Orthworm\n|-supereffective|p1a: Orthworm\n|-damage|p1a: Orthworm|0 fnt\n|faint|p1a: Orthworm\n|\n|upkeep\n|\n|t:|1781403273\n|switch|p1a: Glalie|Glalie, L96, F|55/309\n|turn|16\n|\n|t:|1781403276\n|switch|p2a: Meowstic|Meowstic, L89, M|189/277\n|-damage|p2a: Meowstic|143/277|[from] Spikes\n|move|p1a: Glalie|Earthquake|p2a: Meowstic\n|-damage|p2a: Meowstic|62/277\n|\n|upkeep\n|turn|17\n|\n|t:|1781403282\n|move|p2a: Meowstic|Psychic Noise|p1a: Glalie\n|-crit|p1a: Glalie\n|-damage|p1a: Glalie|0 fnt\n|faint|p1a: Glalie\n|\n|upkeep\n|\n|t:|1781403283\n|switch|p1a: Deoxys|Deoxys, L74|177/196\n|-ability|p1a: Deoxys|Pressure\n|turn|18\n|\n|t:|1781403287\n|move|p2a: Meowstic|Yawn|p1a: Deoxys\n|-start|p1a: Deoxys|move: Yawn|[of] p2a: Meowstic\n|move|p1a: Deoxys|Knock Off|p2a: Meowstic\n|-supereffective|p2a: Meowstic\n|-crit|p2a: Meowstic\n|-damage|p2a: Meowstic|0 fnt\n|-enditem|p2a: Meowstic|Light Clay|[from] move: Knock Off|[of] p1a: Deoxys\n|faint|p2a: Meowstic\n|-damage|p1a: Deoxys|158/196|[from] item: Life Orb\n|\n|upkeep\n|\n|t:|1781403298\n|switch|p2a: Gouging Fire|Gouging Fire, L74|277/277\n|turn|19\n|\n|t:|1781403306\n|switch|p1a: Donphan|Donphan, L84, M|288/288\n|move|p2a: Gouging Fire|Dragon Dance|p2a: Gouging Fire\n|-boost|p2a: Gouging Fire|atk|1\n|-boost|p2a: Gouging Fire|spe|1\n|\n|upkeep\n|turn|20\n|\n|t:|1781403334\n|-terastallize|p2a: Gouging Fire|Fairy\n|move|p2a: Gouging Fire|Heat Crash|p1a: Donphan\n|-damage|p1a: Donphan|176/288\n|move|p1a: Donphan|Earthquake|p2a: Gouging Fire\n|-damage|p2a: Gouging Fire|168/277\n|\n|-heal|p1a: Donphan|194/288|[from] item: Leftovers\n|upkeep\n|turn|21\n|\n|t:|1781403347\n|move|p2a: Gouging Fire|Dragon Dance|p2a: Gouging Fire\n|-boost|p2a: Gouging Fire|atk|1\n|-boost|p2a: Gouging Fire|spe|1\n|move|p1a: Donphan|Earthquake|p2a: Gouging Fire\n|-damage|p2a: Gouging Fire|54/277\n|\n|-heal|p1a: Donphan|212/288|[from] item: Leftovers\n|upkeep\n|turn|22\n|\n|t:|1781403352\n|move|p2a: Gouging Fire|Morning Sun|p2a: Gouging Fire\n|-heal|p2a: Gouging Fire|192/277\n|move|p1a: Donphan|Earthquake|p2a: Gouging Fire\n|-damage|p2a: Gouging Fire|72/277\n|\n|-heal|p1a: Donphan|230/288|[from] item: Leftovers\n|upkeep\n|turn|23\n|\n|t:|1781403357\n|move|p2a: Gouging Fire|Morning Sun|p2a: Gouging Fire\n|-heal|p2a: Gouging Fire|210/277\n|move|p1a: Donphan|Earthquake|p2a: Gouging Fire\n|-damage|p2a: Gouging Fire|102/277\n|\n|-heal|p1a: Donphan|248/288|[from] item: Leftovers\n|upkeep\n|turn|24\n|\n|t:|1781403361\n|move|p2a: Gouging Fire|Morning Sun|p2a: Gouging Fire\n|-heal|p2a: Gouging Fire|240/277\n|move|p1a: Donphan|Earthquake|p2a: Gouging Fire\n|-damage|p2a: Gouging Fire|125/277\n|\n|-heal|p1a: Donphan|266/288|[from] item: Leftovers\n|upkeep\n|turn|25\n|\n|t:|1781403367\n|move|p2a: Gouging Fire|Morning Sun|p2a: Gouging Fire\n|-heal|p2a: Gouging Fire|263/277\n|move|p1a: Donphan|Earthquake|p2a: Gouging Fire\n|-damage|p2a: Gouging Fire|149/277\n|\n|-heal|p1a: Donphan|284/288|[from] item: Leftovers\n|upkeep\n|turn|26\n|\n|t:|1781403371\n|move|p2a: Gouging Fire|Heat Crash|p1a: Donphan\n|-damage|p1a: Donphan|146/288\n|move|p1a: Donphan|Earthquake|p2a: Gouging Fire\n|-damage|p2a: Gouging Fire|47/277\n|\n|-heal|p1a: Donphan|164/288|[from] item: Leftovers\n|upkeep\n|turn|27\n|\n|t:|1781403380\n|move|p2a: Gouging Fire|Outrage|p1a: Donphan\n|-damage|p1a: Donphan|0 fnt\n|faint|p1a: Donphan\n|\n|upkeep\n|\n|t:|1781403384\n|switch|p1a: Torterra|Torterra, L78, M|276/276\n|turn|28\n|\n|t:|1781403391\n|move|p2a: Gouging Fire|Outrage|p1a: Torterra|[from] lockedmove\n|-damage|p1a: Torterra|53/276\n|-start|p2a: Gouging Fire|confusion|[fatigue]\n|move|p1a: Torterra|Bullet Seed|p2a: Gouging Fire\n|-damage|p2a: Gouging Fire|14/277\n|-damage|p2a: Gouging Fire|0 fnt\n|faint|p2a: Gouging Fire\n|-end|p2a: Gouging Fire|Protosynthesis|[silent]\n|-hitcount|p2: Gouging Fire|2\n|\n|upkeep\n|\n|t:|1781403412\n|switch|p2a: Heatran|Heatran, L79, M|148/273\n|-damage|p2a: Heatran|103/273|[from] Spikes\n|turn|29\n|\n|t:|1781403415\n|move|p2a: Heatran|Lava Plume|p1a: Torterra\n|-supereffective|p1a: Torterra\n|-damage|p1a: Torterra|0 fnt\n|faint|p1a: Torterra\n|\n|upkeep\n|\n|t:|1781403417\n|switch|p1a: Deoxys|Deoxys, L74|158/196\n|-ability|p1a: Deoxys|Pressure\n|turn|30\n|\n|t:|1781403422\n|move|p1a: Deoxys|Superpower|p2a: Heatran\n|-supereffective|p2a: Heatran\n|-damage|p2a: Heatran|0 fnt\n|-unboost|p1a: Deoxys|atk|1\n|-unboost|p1a: Deoxys|def|1\n|faint|p2a: Heatran\n|-damage|p1a: Deoxys|139/196|[from] item: Life Orb\n|\n|upkeep\n|\n|t:|1781403436\n|switch|p2a: Meowscarada|Meowscarada, L78, F|247/247\n|turn|31\n|\n|t:|1781403439\n|move|p1a: Deoxys|Ice Beam|p2a: Meowscarada\n|-supereffective|p2a: Meowscarada\n|-damage|p2a: Meowscarada|10/247\n|-damage|p1a: Deoxys|120/196|[from] item: Life Orb\n|move|p2a: Meowscarada|Knock Off|p1a: Deoxys\n|-start|p2a: Meowscarada|typechange|Dark|[from] ability: Protean\n|-supereffective|p1a: Deoxys\n|-damage|p1a: Deoxys|0 fnt\n|-enditem|p1a: Deoxys|Life Orb|[from] move: Knock Off|[of] p2a: Meowscarada\n|faint|p1a: Deoxys\n|\n|win|Rheny\n", "uploadtime": 1781403080, "views": 3, "formatid": "gen9randombattle", "rating": null, "private": 0, "password": null}