{"id": "gen9randombattle-2631698649", "format": "[Gen 9] Random Battle", "players": ["tim-gnt", "rootofx"], "log": "|j|\u2606tim-gnt\n|j|\u2606rootofx\n|t:|1781424107\n|gametype|singles\n|player|p1|tim-gnt|grimsley|1339\n|player|p2|rootofx|red|1282\n|gen|9\n|tier|[Gen 9] Random Battle\n|rated|\n|rule|Species Clause: Limit one of each Pok\u00e9mon\n|rule|HP Percentage Mod: HP is shown in percentages\n|rule|Sleep Clause Mod: Limit one foe put to sleep\n|rule|Illusion Level Mod: Illusion disguises the Pok\u00e9mon's true level\n|\n|t:|1781424107\n|teamsize|p1|6\n|teamsize|p2|6\n|start\n|switch|p1a: Chandelure|Chandelure, L83, F|235/235\n|switch|p2a: Slowking|Slowking-Galar, L85, F|300/300\n|turn|1\n|inactive|Battle timer is ON: inactive players will automatically lose when time's up. (requested by rootofx)\n|\n|t:|1781424122\n|move|p1a: Chandelure|Shadow Ball|p2a: Slowking\n|-supereffective|p2a: Slowking\n|-damage|p2a: Slowking|180/300\n|move|p2a: Slowking|Surf|p1a: Chandelure\n|-supereffective|p1a: Chandelure\n|-damage|p1a: Chandelure|97/235\n|\n|upkeep\n|turn|2\n|\n|t:|1781424145\n|switch|p1a: Barraskewda|Barraskewda, L81, F|231/231\n|move|p2a: Slowking|Surf|p1a: Barraskewda\n|-resisted|p1a: Barraskewda\n|-damage|p1a: Barraskewda|180/231\n|\n|upkeep\n|turn|3\n|\n|t:|1781424156\n|switch|p2a: Venomoth|Venomoth, L84, F|255/255\n|move|p1a: Barraskewda|Flip Turn|p2a: Venomoth\n|-damage|p2a: Venomoth|122/255\n|inactive|tim-gnt has 120 seconds left.\n|\n|t:|1781424174\n|switch|p1a: Seviper|Seviper, L93, M|287/287|[from] Flip Turn\n|\n|upkeep\n|turn|4\n|inactive|tim-gnt has 120 seconds left.\n|\n|t:|1781424187\n|move|p1a: Seviper|Earthquake|p2a: Venomoth\n|-damage|p2a: Venomoth|0 fnt\n|faint|p2a: Venomoth\n|\n|upkeep\n|\n|t:|1781424202\n|switch|p2a: Eiscue|Eiscue, L88, M|274/274\n|turn|5\n|\n|t:|1781424215\n|move|p1a: Seviper|Earthquake|p2a: Eiscue\n|-activate|p2a: Eiscue|ability: Ice Face\n|-damage|p2a: Eiscue|274/274\n|detailschange|p2a: Eiscue|Eiscue-Noice, L88, M\n|move|p2a: Eiscue|Belly Drum|p2a: Eiscue\n|-damage|p2a: Eiscue|137/274\n|-setboost|p2a: Eiscue|atk|6|[from] move: Belly Drum\n|-enditem|p2a: Eiscue|Sitrus Berry|[eat]\n|-heal|p2a: Eiscue|205/274|[from] item: Sitrus Berry\n|\n|upkeep\n|turn|6\n|\n|t:|1781424230\n|-terastallize|p2a: Eiscue|Water\n|move|p2a: Eiscue|Liquidation|p1a: Seviper\n|-damage|p1a: Seviper|0 fnt\n|faint|p1a: Seviper\n|\n|upkeep\n|inactive|tim-gnt has 120 seconds left.\n|\n|t:|1781424254\n|switch|p1a: Farigiraf|Farigiraf, L90, M|362/362\n|turn|7\n|\n|t:|1781424266\n|move|p2a: Eiscue|Liquidation|p1a: Farigiraf\n|-damage|p1a: Farigiraf|7/362\n|move|p1a: Farigiraf|Wish|p1a: Farigiraf\n|\n|-heal|p1a: Farigiraf|29/362|[from] item: Leftovers\n|upkeep\n|turn|8\n|\n|t:|1781424279\n|move|p2a: Eiscue|Liquidation|p1a: Farigiraf\n|-crit|p1a: Farigiraf\n|-damage|p1a: Farigiraf|0 fnt\n|faint|p1a: Farigiraf\n|\n|upkeep\n|\n|t:|1781424285\n|switch|p1a: Torkoal|Torkoal, L88, F|266/266\n|-weather|SunnyDay|[from] ability: Drought|[of] p1a: Torkoal\n|turn|9\n|\n|t:|1781424290\n|-terastallize|p1a: Torkoal|Grass\n|move|p2a: Eiscue|Liquidation|p1a: Torkoal\n|-resisted|p1a: Torkoal\n|-damage|p1a: Torkoal|209/266\n|move|p1a: Torkoal|Solar Beam||[still]\n|-prepare|p1a: Torkoal|Solar Beam\n|-anim|p1a: Torkoal|Solar Beam|p2a: Eiscue\n|-supereffective|p2a: Eiscue\n|-damage|p2a: Eiscue|0 fnt\n|faint|p2a: Eiscue\n|\n|-weather|SunnyDay|[upkeep]\n|upkeep\n|\n|t:|1781424301\n|switch|p2a: Infernape|Infernape, L82, M|259/259\n|turn|10\n|\n|t:|1781424310\n|switch|p1a: Barraskewda|Barraskewda, L81, F|180/231\n|move|p2a: Infernape|Knock Off|p1a: Barraskewda\n|-damage|p1a: Barraskewda|54/231\n|-enditem|p1a: Barraskewda|Choice Band|[from] move: Knock Off|[of] p2a: Infernape\n|-damage|p2a: Infernape|234/259|[from] item: Life Orb\n|\n|-weather|SunnyDay|[upkeep]\n|upkeep\n|turn|11\n|\n|t:|1781424320\n|move|p2a: Infernape|Mach Punch|p1a: Barraskewda\n|-damage|p1a: Barraskewda|0 fnt\n|faint|p1a: Barraskewda\n|-damage|p2a: Infernape|209/259|[from] item: Life Orb\n|\n|-weather|SunnyDay|[upkeep]\n|upkeep\n|\n|t:|1781424326\n|switch|p1a: Enamorus|Enamorus-Therian, L83, F|259/259\n|turn|12\n|\n|t:|1781424334\n|switch|p2a: Slowking|Slowking-Galar, L85, F|280/300\n|move|p1a: Enamorus|Agility|p1a: Enamorus\n|-boost|p1a: Enamorus|spe|2\n|\n|-weather|SunnyDay|[upkeep]\n|upkeep\n|turn|13\n|\n|t:|1781424345\n|move|p1a: Enamorus|Earth Power|p2a: Slowking\n|-supereffective|p2a: Slowking\n|-damage|p2a: Slowking|190/300\n|move|p2a: Slowking|Sludge Bomb|p1a: Enamorus\n|-supereffective|p1a: Enamorus\n|-crit|p1a: Enamorus\n|-damage|p1a: Enamorus|0 fnt\n|faint|p1a: Enamorus\n|\n|-weather|none\n|upkeep\n|\n|t:|1781424355\n|switch|p1a: Torkoal|Torkoal, L88, F, tera:Grass|209/266\n|-weather|SunnyDay|[from] ability: Drought|[of] p1a: Torkoal\n|turn|14\n|\n|t:|1781424362\n|move|p2a: Slowking|Sludge Bomb|p1a: Torkoal\n|-supereffective|p1a: Torkoal\n|-damage|p1a: Torkoal|0 fnt\n|faint|p1a: Torkoal\n|\n|-weather|SunnyDay|[upkeep]\n|upkeep\n|\n|t:|1781424367\n|switch|p1a: Chandelure|Chandelure, L83, F|97/235\n|turn|15\n|\n|t:|1781424373\n|move|p1a: Chandelure|Shadow Ball|p2a: Slowking\n|-supereffective|p2a: Slowking\n|-damage|p2a: Slowking|64/300\n|move|p2a: Slowking|Surf|p1a: Chandelure\n|-supereffective|p1a: Chandelure\n|-damage|p1a: Chandelure|27/235\n|\n|-weather|SunnyDay|[upkeep]\n|upkeep\n|turn|16\n|\n|t:|1781424380\n|switch|p2a: Sableye|Sableye, L88, M|231/231\n|move|p1a: Chandelure|Shadow Ball|p2a: Sableye\n|-damage|p2a: Sableye|98/231\n|\n|-weather|SunnyDay|[upkeep]\n|-heal|p2a: Sableye|112/231|[from] item: Leftovers\n|upkeep\n|turn|17\n|\n|t:|1781424387\n|move|p2a: Sableye|Encore|p1a: Chandelure\n|-start|p1a: Chandelure|Encore\n|move|p1a: Chandelure|Shadow Ball|p2a: Sableye\n|-damage|p2a: Sableye|0 fnt\n|faint|p2a: Sableye\n|\n|-weather|SunnyDay|[upkeep]\n|upkeep\n|\n|t:|1781424392\n|switch|p2a: Slowking|Slowking-Galar, L85, F|164/300\n|turn|18\n|\n|t:|1781424395\n|move|p1a: Chandelure|Shadow Ball|p2a: Slowking\n|-supereffective|p2a: Slowking\n|-damage|p2a: Slowking|26/300\n|move|p2a: Slowking|Surf|p1a: Chandelure\n|-supereffective|p1a: Chandelure\n|-damage|p1a: Chandelure|0 fnt\n|faint|p1a: Chandelure\n|\n|win|rootofx\n|raw|tim-gnt's rating: 1339 &rarr; <strong>1316</strong><br />(-23 for losing)\n|raw|rootofx's rating: 1282 &rarr; <strong>1311</strong><br />(+29 for winning)\n", "uploadtime": 1781424398, "views": 8, "formatid": "gen9randombattle", "rating": 1311, "private": 0, "password": null}