{"id": "gen9randombattle-2631567449", "format": "[Gen 9] Random Battle", "players": ["w0rld0ftanks38", "Dsuck3000"], "log": "|j|\u2606w0rld0ftanks38\n|j|\u2606Dsuck3000\n|t:|1781402366\n|gametype|singles\n|player|p1|w0rld0ftanks38|1|1104\n|player|p2|Dsuck3000|102|1154\n|gen|9\n|tier|[Gen 9] Random Battle\n|rated|\n|rule|Species Clause: Limit one of each Pok\u00e9mon\n|rule|HP Percentage Mod: HP is shown in percentages\n|rule|Sleep Clause Mod: Limit one foe put to sleep\n|rule|Illusion Level Mod: Illusion disguises the Pok\u00e9mon's true level\n|\n|t:|1781402366\n|teamsize|p1|6\n|teamsize|p2|6\n|start\n|switch|p1a: Pawmot|Pawmot, L80, M|243/243\n|switch|p2a: Iron Valiant|Iron Valiant, L78|244/244\n|turn|1\n|\n|t:|1781402387\n|switch|p1a: Wugtrio|Wugtrio, L91, M|212/212\n|move|p2a: Iron Valiant|Swords Dance|p2a: Iron Valiant\n|-boost|p2a: Iron Valiant|atk|2\n|\n|upkeep\n|turn|2\n|\n|t:|1781402400\n|move|p1a: Wugtrio|Liquidation|p2a: Iron Valiant\n|-damage|p2a: Iron Valiant|64/244\n|move|p2a: Iron Valiant|Spirit Break|p1a: Wugtrio\n|-damage|p1a: Wugtrio|0 fnt\n|-ability|p1a: Wugtrio|Gooey\n|-unboost|p2a: Iron Valiant|spe|1\n|faint|p1a: Wugtrio\n|-damage|p2a: Iron Valiant|40/244|[from] item: Life Orb\n|\n|upkeep\n|l|\u2606Dsuck3000\n|player|p2|\n|\n|t:|1781402416\n|switch|p1a: Azelf|Azelf, L82|257/257\n|turn|3\n|inactive|Battle timer is ON: inactive players will automatically lose when time's up. (requested by w0rld0ftanks38)\n|j|\u2606Dsuck3000\n|inactive|Dsuck3000 reconnected and has 150 seconds left.\n|player|p2|Dsuck3000|102|\n|\n|t:|1781402428\n|move|p1a: Azelf|Stealth Rock|p2a: Iron Valiant\n|-sidestart|p2: Dsuck3000|move: Stealth Rock\n|move|p2a: Iron Valiant|Knock Off|p1a: Azelf\n|-supereffective|p1a: Azelf\n|-damage|p1a: Azelf|0 fnt\n|-enditem|p1a: Azelf|Life Orb|[from] move: Knock Off|[of] p2a: Iron Valiant\n|faint|p1a: Azelf\n|-damage|p2a: Iron Valiant|16/244|[from] item: Life Orb\n|\n|upkeep\n|\n|t:|1781402436\n|switch|p1a: Pawmot|Pawmot, L80, M|243/243\n|turn|4\n|\n|t:|1781402444\n|move|p1a: Pawmot|Ice Punch|p2a: Iron Valiant\n|-damage|p2a: Iron Valiant|0 fnt\n|faint|p2a: Iron Valiant\n|-end|p2a: Iron Valiant|Quark Drive|[silent]\n|-damage|p1a: Pawmot|219/243|[from] item: Life Orb\n|\n|upkeep\n|\n|t:|1781402456\n|switch|p2a: Hitmontop|Hitmontop, L88, M|231/231\n|-damage|p2a: Hitmontop|217/231|[from] Stealth Rock\n|-ability|p2a: Hitmontop|Intimidate|boost\n|-unboost|p1a: Pawmot|atk|1\n|turn|5\n|\n|t:|1781402470\n|move|p1a: Pawmot|Revival Blessing|p1a: Pawmot\n|\n|t:|1781402473\n|-heal|p1: Azelf|128/257|[from] move: Revival Blessing\n|move|p2a: Hitmontop|Rapid Spin|p1a: Pawmot\n|-damage|p1a: Pawmot|175/243\n|-boost|p2a: Hitmontop|spe|1\n|-sideend|p2: Dsuck3000|Stealth Rock|[from] move: Rapid Spin|[of] p2a: Hitmontop\n|\n|upkeep\n|turn|6\n|\n|t:|1781402490\n|switch|p1a: Tornadus|Tornadus-Therian, L79, M|254/254\n|move|p2a: Hitmontop|Earthquake|p1a: Tornadus\n|-immune|p1a: Tornadus\n|\n|upkeep\n|turn|7\n|\n|t:|1781402499\n|move|p2a: Hitmontop|Stone Edge|p1a: Tornadus\n|-supereffective|p1a: Tornadus\n|-crit|p1a: Tornadus\n|-damage|p1a: Tornadus|14/254\n|move|p1a: Tornadus|Bleakwind Storm|p2a: Hitmontop\n|-supereffective|p2a: Hitmontop\n|-damage|p2a: Hitmontop|109/231\n|-unboost|p2a: Hitmontop|spe|1\n|\n|upkeep\n|turn|8\n|\n|t:|1781402508\n|move|p1a: Tornadus|Bleakwind Storm|p2a: Hitmontop\n|-supereffective|p2a: Hitmontop\n|-damage|p2a: Hitmontop|5/231\n|move|p2a: Hitmontop|Stone Edge|p1a: Tornadus\n|-supereffective|p1a: Tornadus\n|-damage|p1a: Tornadus|0 fnt\n|faint|p1a: Tornadus\n|\n|upkeep\n|inactive|w0rld0ftanks38 has 120 seconds left.\n|inactive|w0rld0ftanks38 has 90 seconds left.\n|\n|t:|1781402571\n|switch|p1a: Azelf|Azelf, L82|128/257\n|turn|9\n|inactive|w0rld0ftanks38 has 90 seconds left.\n|\n|t:|1781402595\n|move|p1a: Azelf|Psychic|p2a: Hitmontop\n|-supereffective|p2a: Hitmontop\n|-damage|p2a: Hitmontop|0 fnt\n|faint|p2a: Hitmontop\n|\n|upkeep\n|\n|t:|1781402608\n|switch|p2a: Glaceon|Glaceon, L94, F|275/275\n|turn|10\n|inactive|w0rld0ftanks38 has 90 seconds left.\n|\n|t:|1781402615\n|move|p1a: Azelf|Knock Off|p2a: Glaceon\n|-damage|p2a: Glaceon|218/275\n|-enditem|p2a: Glaceon|Heavy-Duty Boots|[from] move: Knock Off|[of] p1a: Azelf\n|move|p2a: Glaceon|Freeze-Dry|p1a: Azelf\n|-damage|p1a: Azelf|0 fnt\n|faint|p1a: Azelf\n|\n|upkeep\n|inactive|w0rld0ftanks38 has 90 seconds left.\n|\n|t:|1781402636\n|switch|p1a: Pawmot|Pawmot, L80, M|175/243\n|turn|11\n|\n|t:|1781402648\n|move|p1a: Pawmot|Close Combat|p2a: Glaceon\n|-supereffective|p2a: Glaceon\n|-damage|p2a: Glaceon|0 fnt\n|-unboost|p1a: Pawmot|def|1\n|-unboost|p1a: Pawmot|spd|1\n|faint|p2a: Glaceon\n|-damage|p1a: Pawmot|151/243|[from] item: Life Orb\n|\n|upkeep\n|\n|t:|1781402655\n|switch|p2a: Chimecho|Chimecho, L93, M|290/290\n|turn|12\n|inactive|w0rld0ftanks38 has 90 seconds left.\n|\n|t:|1781402663\n|move|p1a: Pawmot|Double Shock|p2a: Chimecho\n|-damage|p2a: Chimecho|125/290\n|-start|p1a: Pawmot|typechange|???/Fighting|[from] move: Double Shock\n|-damage|p1a: Pawmot|127/243|[from] item: Life Orb\n|move|p2a: Chimecho|Cosmic Power|p2a: Chimecho\n|-boost|p2a: Chimecho|def|1\n|-boost|p2a: Chimecho|spd|1\n|\n|-heal|p2a: Chimecho|143/290|[from] item: Leftovers\n|upkeep\n|turn|13\n|inactive|w0rld0ftanks38 has 90 seconds left.\n|\n|t:|1781402676\n|switch|p1a: Tentacruel|Tentacruel, L84, F|272/272\n|move|p2a: Chimecho|Recover|p2a: Chimecho\n|-heal|p2a: Chimecho|288/290\n|\n|-heal|p2a: Chimecho|290/290|[from] item: Leftovers\n|upkeep\n|turn|14\n|inactive|w0rld0ftanks38 has 90 seconds left.\n|\n|t:|1781402687\n|-terastallize|p1a: Tentacruel|Flying\n|move|p1a: Tentacruel|Toxic|p2a: Chimecho\n|-status|p2a: Chimecho|tox\n|move|p2a: Chimecho|Stored Power|p1a: Tentacruel\n|-damage|p1a: Tentacruel|215/272\n|\n|-heal|p1a: Tentacruel|232/272|[from] item: Leftovers\n|-damage|p2a: Chimecho|272/290 tox|[from] psn\n|upkeep\n|turn|15\n|\n|t:|1781402696\n|move|p1a: Tentacruel|Rapid Spin|p2a: Chimecho\n|-damage|p2a: Chimecho|251/290 tox\n|-boost|p1a: Tentacruel|spe|1\n|move|p2a: Chimecho|Cosmic Power|p2a: Chimecho\n|-boost|p2a: Chimecho|def|1\n|-boost|p2a: Chimecho|spd|1\n|\n|-heal|p1a: Tentacruel|249/272|[from] item: Leftovers\n|-heal|p2a: Chimecho|269/290 tox|[from] item: Leftovers\n|-damage|p2a: Chimecho|233/290 tox|[from] psn\n|upkeep\n|turn|16\n|\n|t:|1781402709\n|move|p1a: Tentacruel|Surf|p2a: Chimecho\n|-damage|p2a: Chimecho|197/290 tox\n|move|p2a: Chimecho|Cosmic Power|p2a: Chimecho\n|-boost|p2a: Chimecho|def|1\n|-boost|p2a: Chimecho|spd|1\n|\n|-heal|p1a: Tentacruel|266/272|[from] item: Leftovers\n|-heal|p2a: Chimecho|215/290 tox|[from] item: Leftovers\n|-damage|p2a: Chimecho|161/290 tox|[from] psn\n|upkeep\n|turn|17\n|inactive|w0rld0ftanks38 has 90 seconds left.\n|\n|t:|1781402725\n|switch|p1a: Pawmot|Pawmot, L80, M|127/243\n|move|p2a: Chimecho|Cosmic Power|p2a: Chimecho\n|-boost|p2a: Chimecho|def|1\n|-boost|p2a: Chimecho|spd|1\n|\n|-heal|p2a: Chimecho|179/290 tox|[from] item: Leftovers\n|-damage|p2a: Chimecho|107/290 tox|[from] psn\n|upkeep\n|turn|18\n|\n|t:|1781402737\n|move|p1a: Pawmot|Double Shock|p2a: Chimecho\n|-damage|p2a: Chimecho|49/290 tox\n|-start|p1a: Pawmot|typechange|???/Fighting|[from] move: Double Shock\n|-damage|p1a: Pawmot|103/243|[from] item: Life Orb\n|move|p2a: Chimecho|Recover|p2a: Chimecho\n|-heal|p2a: Chimecho|194/290 tox\n|\n|-heal|p2a: Chimecho|212/290 tox|[from] item: Leftovers\n|-damage|p2a: Chimecho|122/290 tox|[from] psn\n|upkeep\n|turn|19\n|\n|t:|1781402750\n|move|p1a: Pawmot|Ice Punch|p2a: Chimecho\n|-damage|p2a: Chimecho|91/290 tox\n|-damage|p1a: Pawmot|79/243|[from] item: Life Orb\n|move|p2a: Chimecho|Dazzling Gleam|p1a: Pawmot\n|-supereffective|p1a: Pawmot\n|-damage|p1a: Pawmot|0 fnt\n|faint|p1a: Pawmot\n|\n|-heal|p2a: Chimecho|109/290 tox|[from] item: Leftovers\n|-damage|p2a: Chimecho|1/290 tox|[from] psn\n|upkeep\n|inactive|w0rld0ftanks38 has 90 seconds left.\n|\n|t:|1781402766\n|switch|p1a: Tentacruel|Tentacruel, L84, F, tera:Flying|266/272\n|turn|20\n|\n|t:|1781402775\n|move|p1a: Tentacruel|Rapid Spin|p2a: Chimecho\n|-damage|p2a: Chimecho|0 fnt\n|-boost|p1a: Tentacruel|spe|1\n|faint|p2a: Chimecho\n|\n|-heal|p1a: Tentacruel|272/272|[from] item: Leftovers\n|upkeep\n|\n|t:|1781402779\n|switch|p2a: Stonjourner|Stonjourner, L91, M|330/330\n|turn|21\n|\n|t:|1781402787\n|move|p1a: Tentacruel|Surf|p2a: Stonjourner\n|-supereffective|p2a: Stonjourner\n|-damage|p2a: Stonjourner|0 fnt\n|faint|p2a: Stonjourner\n|\n|upkeep\n|\n|t:|1781402790\n|switch|p2a: Flareon|Flareon, L90, M|263/263\n|turn|22\n|\n|t:|1781402798\n|move|p1a: Tentacruel|Surf|p2a: Flareon\n|-supereffective|p2a: Flareon\n|-damage|p2a: Flareon|129/263\n|move|p2a: Flareon|Facade|p1a: Tentacruel\n|-damage|p1a: Tentacruel|180/272\n|\n|-heal|p1a: Tentacruel|197/272|[from] item: Leftovers\n|-status|p2a: Flareon|tox|[from] item: Toxic Orb\n|upkeep\n|turn|23\n|inactive|w0rld0ftanks38 has 120 seconds left.\n|\n|t:|1781402822\n|-terastallize|p2a: Flareon|Normal\n|move|p1a: Tentacruel|Surf|p2a: Flareon\n|-damage|p2a: Flareon|66/263 tox\n|move|p2a: Flareon|Facade|p1a: Tentacruel\n|-damage|p1a: Tentacruel|0 fnt\n|faint|p1a: Tentacruel\n|\n|-damage|p2a: Flareon|50/263 tox|[from] psn\n|upkeep\n|\n|t:|1781402834\n|switch|p1a: Revavroom|Revavroom, L79, M|256/256\n|turn|24\n|\n|t:|1781402847\n|move|p1a: Revavroom|Iron Head|p2a: Flareon\n|-damage|p2a: Flareon|0 fnt\n|faint|p2a: Flareon\n|-damage|p1a: Revavroom|231/256|[from] item: Life Orb\n|\n|win|w0rld0ftanks38\n|raw|w0rld0ftanks38's rating: 1104 &rarr; <strong>1133</strong><br />(+29 for winning)\n|raw|Dsuck3000's rating: 1154 &rarr; <strong>1125</strong><br />(-29 for losing)\n", "uploadtime": 1781402861, "views": 4, "formatid": "gen9randombattle", "rating": 1125, "private": 0, "password": null}