{"id": "gen9randombattle-2631494081", "format": "[Gen 9] Random Battle", "players": ["Duckieforpresident", "Kabzoul"], "log": "|j|\u2606Duckieforpresident\n|j|\u2606Kabzoul\n|t:|1781392122\n|gametype|singles\n|player|p1|Duckieforpresident|169|1156\n|player|p2|Kabzoul|lady|1106\n|gen|9\n|tier|[Gen 9] Random Battle\n|rated|\n|rule|Species Clause: Limit one of each Pok\u00e9mon\n|rule|HP Percentage Mod: HP is shown in percentages\n|rule|Sleep Clause Mod: Limit one foe put to sleep\n|rule|Illusion Level Mod: Illusion disguises the Pok\u00e9mon's true level\n|\n|t:|1781392122\n|teamsize|p1|6\n|teamsize|p2|6\n|start\n|switch|p1a: Toucannon|Toucannon, L88, F|284/284\n|switch|p2a: Cobalion|Cobalion, L80|277/277\n|turn|1\n|inactive|Battle timer is ON: inactive players will automatically lose when time's up. (requested by Duckieforpresident)\n|\n|t:|1781392147\n|-singleturn|p1a: Toucannon|move: Beak Blast\n|move|p2a: Cobalion|Thunder Wave|p1a: Toucannon\n|-status|p1a: Toucannon|par\n|move|p1a: Toucannon|Beak Blast|p2a: Cobalion\n|-damage|p2a: Cobalion|165/277\n|\n|-heal|p2a: Cobalion|182/277|[from] item: Leftovers\n|upkeep\n|turn|2\n|\n|t:|1781392157\n|-singleturn|p1a: Toucannon|move: Beak Blast\n|move|p2a: Cobalion|Iron Defense|p2a: Cobalion\n|-boost|p2a: Cobalion|def|2\n|move|p1a: Toucannon|Beak Blast|p2a: Cobalion\n|-damage|p2a: Cobalion|125/277\n|\n|-heal|p2a: Cobalion|142/277|[from] item: Leftovers\n|upkeep\n|turn|3\n|\n|t:|1781392166\n|move|p2a: Cobalion|Iron Defense|p2a: Cobalion\n|-boost|p2a: Cobalion|def|2\n|move|p1a: Toucannon|U-turn|p2a: Cobalion\n|-resisted|p2a: Cobalion\n|-damage|p2a: Cobalion|138/277\n|\n|t:|1781392175\n|switch|p1a: Kyurem|Kyurem-White, L73|303/303|[from] U-turn\n|-ability|p1a: Kyurem|Turboblaze\n|\n|-heal|p2a: Cobalion|155/277|[from] item: Leftovers\n|upkeep\n|turn|4\n|\n|t:|1781392199\n|-terastallize|p2a: Cobalion|Ghost\n|move|p1a: Kyurem|Fusion Flare|p2a: Cobalion\n|-damage|p2a: Cobalion|57/277\n|move|p2a: Cobalion|Body Press|p1a: Kyurem\n|-supereffective|p1a: Kyurem\n|-damage|p1a: Kyurem|0 fnt\n|faint|p1a: Kyurem\n|\n|-heal|p2a: Cobalion|74/277|[from] item: Leftovers\n|upkeep\n|\n|t:|1781392214\n|switch|p1a: Persian|Persian-Alola, L86, F|252/252\n|turn|5\n|\n|t:|1781392221\n|move|p1a: Persian|Foul Play|p2a: Cobalion\n|-supereffective|p2a: Cobalion\n|-crit|p2a: Cobalion\n|-damage|p2a: Cobalion|0 fnt\n|faint|p2a: Cobalion\n|\n|upkeep\n|\n|t:|1781392241\n|switch|p2a: Ribombee|Ribombee, L83, M|235/235\n|turn|6\n|\n|t:|1781392251\n|-terastallize|p1a: Persian|Fairy\n|move|p2a: Ribombee|Moonblast|p1a: Persian\n|-damage|p1a: Persian|129/252\n|move|p1a: Persian|Thunder Wave|p2a: Ribombee\n|-status|p2a: Ribombee|par\n|\n|upkeep\n|turn|7\n|\n|t:|1781392267\n|move|p1a: Persian|Parting Shot|p2a: Ribombee\n|-unboost|p2a: Ribombee|atk|1\n|-unboost|p2a: Ribombee|spa|1\n|\n|t:|1781392280\n|switch|p1a: Haxorus|Haxorus, L77, F|244/244|[from] Parting Shot\n|-ability|p1a: Haxorus|Mold Breaker\n|move|p2a: Ribombee|Stun Spore|p1a: Haxorus|[miss]\n|-miss|p2a: Ribombee|p1a: Haxorus\n|\n|upkeep\n|turn|8\n|\n|t:|1781392299\n|switch|p2a: Manaphy|Manaphy, L78|284/284\n|move|p1a: Haxorus|Iron Head|p2a: Manaphy\n|-resisted|p2a: Manaphy\n|-damage|p2a: Manaphy|250/284\n|\n|-heal|p2a: Manaphy|267/284|[from] item: Leftovers\n|upkeep\n|turn|9\n|\n|t:|1781392313\n|switch|p1a: Calyrex|Calyrex-Ice, L72|263/263\n|-ability|p1a: Calyrex|As One\n|-ability|p1a: Calyrex|Unnerve\n|move|p2a: Manaphy|Tail Glow|p2a: Manaphy\n|-boost|p2a: Manaphy|spa|3\n|\n|-heal|p2a: Manaphy|284/284|[from] item: Leftovers\n|upkeep\n|turn|10\n|\n|t:|1781392330\n|move|p2a: Manaphy|Surf|p1a: Calyrex\n|-damage|p1a: Calyrex|89/263\n|move|p1a: Calyrex|Close Combat|p2a: Manaphy\n|-damage|p2a: Manaphy|197/284\n|-unboost|p1a: Calyrex|def|1\n|-unboost|p1a: Calyrex|spd|1\n|\n|-heal|p2a: Manaphy|214/284|[from] item: Leftovers\n|upkeep\n|turn|11\n|\n|t:|1781392341\n|move|p2a: Manaphy|Surf|p1a: Calyrex\n|-damage|p1a: Calyrex|0 fnt\n|faint|p1a: Calyrex\n|\n|-heal|p2a: Manaphy|231/284|[from] item: Leftovers\n|upkeep\n|\n|t:|1781392349\n|switch|p1a: Persian|Persian-Alola, L86, F, tera:Fairy|129/252\n|turn|12\n|\n|t:|1781392357\n|move|p1a: Persian|Thunder Wave|p2a: Manaphy|[miss]\n|-miss|p1a: Persian|p2a: Manaphy\n|move|p2a: Manaphy|Surf|p1a: Persian\n|-damage|p1a: Persian|0 fnt\n|faint|p1a: Persian\n|\n|-heal|p2a: Manaphy|248/284|[from] item: Leftovers\n|upkeep\n|\n|t:|1781392361\n|switch|p1a: Toucannon|Toucannon, L88, F|284/284 par\n|turn|13\n|\n|t:|1781392369\n|move|p2a: Manaphy|Ice Beam|p1a: Toucannon\n|-supereffective|p1a: Toucannon\n|-damage|p1a: Toucannon|0 fnt\n|faint|p1a: Toucannon\n|\n|-heal|p2a: Manaphy|265/284|[from] item: Leftovers\n|upkeep\n|\n|t:|1781392372\n|switch|p1a: Hippowdon|Hippowdon, L82, M|311/311\n|-weather|Sandstorm|[from] ability: Sand Stream|[of] p1a: Hippowdon\n|turn|14\n|-message|Duckieforpresident forfeited.\n|\n|win|Kabzoul\n|raw|Duckieforpresident's rating: 1156 &rarr; <strong>1127</strong><br />(-29 for losing)\n|raw|Kabzoul's rating: 1106 &rarr; <strong>1135</strong><br />(+29 for winning)\n|l|\u2606Duckieforpresident\n|player|p1|\n", "uploadtime": 1781392398, "views": 2, "formatid": "gen9randombattle", "rating": 1127, "private": 0, "password": null}