{"id": "gen9randombattle-2631626399", "format": "[Gen 9] Random Battle", "players": ["balotellibro", "Elite 4 Waally"], "log": "|j|\u2606balotellibro\n|j|\u2606Elite 4 Waally\n|t:|1781410959\n|gametype|singles\n|player|p1|balotellibro|265|1909\n|player|p2|Elite 4 Waally|wally|1940\n|gen|9\n|tier|[Gen 9] Random Battle\n|rated|\n|rule|Species Clause: Limit one of each Pok\u00e9mon\n|rule|HP Percentage Mod: HP is shown in percentages\n|rule|Sleep Clause Mod: Limit one foe put to sleep\n|rule|Illusion Level Mod: Illusion disguises the Pok\u00e9mon's true level\n|\n|t:|1781410959\n|teamsize|p1|6\n|teamsize|p2|6\n|start\n|switch|p1a: Zekrom|Zekrom, L71|259/259\n|switch|p2a: Terapagos|Terapagos, L77, M|265/265\n|-activate|p2a: Terapagos|ability: Tera Shift\n|detailschange|p2a: Terapagos|Terapagos-Terastal, L77, M\n|-heal|p2a: Terapagos|273/273|[silent]\n|-ability|p1a: Zekrom|Teravolt\n|turn|1\n|inactive|Battle timer is ON: inactive players will automatically lose when time's up. (requested by Elite 4 Waally)\n|inactive|balotellibro has 120 seconds left.\n|inactive|balotellibro has 90 seconds left.\n|\n|t:|1781411043\n|switch|p2a: Golurk|Golurk, L87|297/297\n|switch|p1a: Milotic|Milotic, L83, M|293/293\n|\n|upkeep\n|turn|2\n|inactive|Elite 4 Waally has 120 seconds left.\n|inactive|Elite 4 Waally has 90 seconds left.\n|inactive|Elite 4 Waally has 60 seconds left.\n|inactive|Elite 4 Waally has 30 seconds left.\n|c|\u2606balotellibro|shocking i know\n|inactive|Elite 4 Waally has 20 seconds left.\n|inactive|Elite 4 Waally has 15 seconds left.\n|\n|t:|1781411181\n|switch|p2a: Dunsparce|Dunsparce, L86, M|312/312\n|move|p1a: Milotic|Scald|p2a: Dunsparce\n|-damage|p2a: Dunsparce|237/312\n|\n|upkeep\n|turn|3\n|inactive|Elite 4 Waally has 25 seconds left this turn.\n|inactive|Elite 4 Waally has 20 seconds left.\n|\n|t:|1781411193\n|move|p1a: Milotic|Scald|p2a: Dunsparce\n|-damage|p2a: Dunsparce|167/312\n|move|p2a: Dunsparce|Body Slam|p1a: Milotic\n|-damage|p1a: Milotic|217/293\n|\n|-heal|p1a: Milotic|235/293|[from] item: Leftovers\n|upkeep\n|turn|4\n|inactive|Elite 4 Waally has 30 seconds left this turn.\n|inactive|Elite 4 Waally has 20 seconds left.\n|\n|t:|1781411206\n|move|p1a: Milotic|Scald|p2a: Dunsparce\n|-damage|p2a: Dunsparce|100/312\n|move|p2a: Dunsparce|Body Slam|p1a: Milotic\n|-damage|p1a: Milotic|157/293\n|\n|-heal|p1a: Milotic|175/293|[from] item: Leftovers\n|upkeep\n|turn|5\n|inactive|Elite 4 Waally has 30 seconds left this turn.\n|\n|t:|1781411209\n|switch|p1a: Zekrom|Zekrom, L71|259/259\n|-ability|p1a: Zekrom|Teravolt\n|move|p2a: Dunsparce|Roost|p2a: Dunsparce\n|-heal|p2a: Dunsparce|256/312\n|-singleturn|p2a: Dunsparce|move: Roost\n|\n|upkeep\n|turn|6\n|\n|t:|1781411213\n|move|p1a: Zekrom|Substitute|p1a: Zekrom\n|-start|p1a: Zekrom|Substitute\n|-damage|p1a: Zekrom|195/259\n|move|p2a: Dunsparce|Coil|p2a: Dunsparce\n|-boost|p2a: Dunsparce|atk|1\n|-boost|p2a: Dunsparce|def|1\n|-boost|p2a: Dunsparce|accuracy|1\n|\n|-heal|p1a: Zekrom|211/259|[from] item: Leftovers\n|upkeep\n|turn|7\n|\n|t:|1781411218\n|move|p1a: Zekrom|Dragon Dance|p1a: Zekrom\n|-boost|p1a: Zekrom|atk|1\n|-boost|p1a: Zekrom|spe|1\n|move|p2a: Dunsparce|Earthquake|p1a: Zekrom\n|-supereffective|p1a: Zekrom\n|-end|p1a: Zekrom|Substitute\n|\n|-heal|p1a: Zekrom|227/259|[from] item: Leftovers\n|upkeep\n|turn|8\n|\n|t:|1781411226\n|move|p1a: Zekrom|Bolt Strike|p2a: Dunsparce\n|-damage|p2a: Dunsparce|142/312\n|move|p2a: Dunsparce|Coil|p2a: Dunsparce\n|-boost|p2a: Dunsparce|atk|1\n|-boost|p2a: Dunsparce|def|1\n|-boost|p2a: Dunsparce|accuracy|1\n|\n|-heal|p1a: Zekrom|243/259|[from] item: Leftovers\n|upkeep\n|turn|9\n|inactive|Elite 4 Waally has 60 seconds left.\n|\n|t:|1781411231\n|move|p1a: Zekrom|Bolt Strike|p2a: Dunsparce\n|-damage|p2a: Dunsparce|61/312\n|move|p2a: Dunsparce|Roost|p2a: Dunsparce\n|-heal|p2a: Dunsparce|217/312\n|-singleturn|p2a: Dunsparce|move: Roost\n|\n|-heal|p1a: Zekrom|259/259|[from] item: Leftovers\n|upkeep\n|turn|10\n|c|\u2606balotellibro|man\n|c|\u2606balotellibro|i just need something here\n|\n|t:|1781411252\n|move|p1a: Zekrom|Bolt Strike|p2a: Dunsparce|[miss]\n|-miss|p1a: Zekrom|p2a: Dunsparce\n|move|p2a: Dunsparce|Body Slam|p1a: Zekrom\n|-damage|p1a: Zekrom|130/259\n|\n|-heal|p1a: Zekrom|146/259|[from] item: Leftovers\n|upkeep\n|turn|11\n|c|\u2606balotellibro|lol nope\n|\n|t:|1781411258\n|move|p1a: Zekrom|Bolt Strike|p2a: Dunsparce\n|-damage|p2a: Dunsparce|136/312\n|-status|p2a: Dunsparce|par\n|cant|p2a: Dunsparce|par\n|\n|-heal|p1a: Zekrom|162/259|[from] item: Leftovers\n|upkeep\n|turn|12\n|\n|t:|1781411266\n|switch|p1a: Clawitzer|Clawitzer, L87, F|265/265\n|move|p2a: Dunsparce|Roost|p2a: Dunsparce\n|-heal|p2a: Dunsparce|292/312 par\n|-singleturn|p2a: Dunsparce|move: Roost\n|\n|upkeep\n|turn|13\n|\n|t:|1781411269\n|move|p1a: Clawitzer|Water Pulse|p2a: Dunsparce\n|-damage|p2a: Dunsparce|193/312 par\n|move|p2a: Dunsparce|Body Slam|p1a: Clawitzer\n|-damage|p1a: Clawitzer|120/265\n|-status|p1a: Clawitzer|par\n|\n|upkeep\n|turn|14\n|inactive|Elite 4 Waally has 90 seconds left.\n|\n|t:|1781411275\n|move|p1a: Clawitzer|Water Pulse|p2a: Dunsparce\n|-damage|p2a: Dunsparce|102/312 par\n|move|p2a: Dunsparce|Roost|p2a: Dunsparce\n|-heal|p2a: Dunsparce|258/312 par\n|-singleturn|p2a: Dunsparce|move: Roost\n|\n|upkeep\n|turn|15\n|\n|t:|1781411279\n|move|p1a: Clawitzer|Water Pulse|p2a: Dunsparce\n|-damage|p2a: Dunsparce|153/312 par\n|move|p2a: Dunsparce|Roost|p2a: Dunsparce\n|-heal|p2a: Dunsparce|309/312 par\n|-singleturn|p2a: Dunsparce|move: Roost\n|\n|upkeep\n|turn|16\n|\n|t:|1781411282\n|move|p1a: Clawitzer|Water Pulse|p2a: Dunsparce\n|-damage|p2a: Dunsparce|210/312 par\n|move|p2a: Dunsparce|Body Slam|p1a: Clawitzer\n|-damage|p1a: Clawitzer|0 fnt\n|faint|p1a: Clawitzer\n|\n|upkeep\n|\n|t:|1781411286\n|switch|p1a: Milotic|Milotic, L83, M|175/293\n|turn|17\n|\n|t:|1781411290\n|move|p2a: Dunsparce|Body Slam|p1a: Milotic\n|-damage|p1a: Milotic|0 fnt\n|faint|p1a: Milotic\n|\n|upkeep\n|\n|t:|1781411295\n|switch|p1a: Probopass|Probopass, L91, M|257/257\n|turn|18\n|\n|t:|1781411302\n|-terastallize|p1a: Probopass|Fighting\n|move|p1a: Probopass|Iron Defense|p1a: Probopass\n|-boost|p1a: Probopass|def|2\n|cant|p2a: Dunsparce|par\n|\n|upkeep\n|turn|19\n|\n|t:|1781411310\n|switch|p2a: Golurk|Golurk, L87|297/297\n|move|p1a: Probopass|Iron Defense|p1a: Probopass\n|-boost|p1a: Probopass|def|2\n|\n|upkeep\n|turn|20\n|\n|t:|1781411317\n|switch|p2a: Necrozma|Necrozma, L80|286/286\n|move|p1a: Probopass|Power Gem|p2a: Necrozma\n|-damage|p2a: Necrozma|198/286\n|\n|upkeep\n|turn|21\n|\n|t:|1781411322\n|switch|p1a: Blissey|Blissey, L85, F|572/572\n|move|p2a: Necrozma|Photon Geyser|p1a: Blissey\n|-damage|p1a: Blissey|484/572\n|\n|-heal|p1a: Blissey|519/572|[from] item: Leftovers\n|upkeep\n|turn|22\n|\n|t:|1781411327\n|switch|p2a: Kleavor|Kleavor, L78, M|237/237\n|move|p1a: Blissey|Thunder Wave|p2a: Kleavor\n|-status|p2a: Kleavor|par\n|\n|-heal|p1a: Blissey|554/572|[from] item: Leftovers\n|upkeep\n|turn|23\n|\n|t:|1781411333\n|switch|p1a: Koraidon|Koraidon, L64|235/235\n|-weather|SunnyDay|[from] ability: Orichalcum Pulse|[of] p1a: Koraidon\n|-activate|p1a: Koraidon|Orichalcum Pulse|[source]\n|move|p2a: Kleavor|X-Scissor|p1a: Koraidon\n|-resisted|p1a: Koraidon\n|-damage|p1a: Koraidon|163/235\n|\n|-weather|SunnyDay|[upkeep]\n|upkeep\n|turn|24\n|\n|t:|1781411344\n|move|p1a: Koraidon|Close Combat|p2a: Kleavor\n|-damage|p2a: Kleavor|56/237 par\n|-unboost|p1a: Koraidon|def|1\n|-unboost|p1a: Koraidon|spd|1\n|move|p2a: Kleavor|X-Scissor|p1a: Koraidon\n|-resisted|p1a: Koraidon\n|-damage|p1a: Koraidon|54/235\n|\n|-weather|SunnyDay|[upkeep]\n|upkeep\n|turn|25\n|\n|t:|1781411354\n|move|p1a: Koraidon|Close Combat|p2a: Kleavor\n|-damage|p2a: Kleavor|0 fnt\n|-unboost|p1a: Koraidon|def|1\n|-unboost|p1a: Koraidon|spd|1\n|faint|p2a: Kleavor\n|\n|-weather|SunnyDay|[upkeep]\n|upkeep\n|\n|t:|1781411363\n|switch|p2a: Mewtwo|Mewtwo, L72|272/272\n|-ability|p2a: Mewtwo|Unnerve\n|turn|26\n|c|\u2606balotellibro|oh jesus\n|c|\u2606balotellibro|gg\n|\n|t:|1781411370\n|switch|p1a: Blissey|Blissey, L85, F|554/572\n|-terastallize|p2a: Mewtwo|Fire\n|move|p2a: Mewtwo|Nasty Plot|p2a: Mewtwo\n|-boost|p2a: Mewtwo|spa|2\n|\n|-weather|SunnyDay|[upkeep]\n|-heal|p1a: Blissey|572/572|[from] item: Leftovers\n|upkeep\n|turn|27\n|\n|t:|1781411374\n|move|p2a: Mewtwo|Psystrike|p1a: Blissey\n|-damage|p1a: Blissey|0 fnt\n|faint|p1a: Blissey\n|-damage|p2a: Mewtwo|245/272|[from] item: Life Orb\n|\n|-weather|none\n|upkeep\n|-message|balotellibro forfeited.\n|\n|win|Elite 4 Waally\n", "uploadtime": 1781410961, "views": 3, "formatid": "gen9randombattle", "rating": null, "private": 0, "password": null}