{"id": "gen9randombattle-2631530228", "format": "[Gen 9] Random Battle", "players": ["Petilil37", "randomname1313"], "log": "|j|\u203dPetilil37\n|j|\u2606randomname1313\n|t:|1781397233\n|gametype|singles\n|player|p1|Petilil37|266|1985\n|player|p2|randomname1313|1|1947\n|gen|9\n|tier|[Gen 9] Random Battle\n|rated|\n|rule|Species Clause: Limit one of each Pok\u00e9mon\n|rule|HP Percentage Mod: HP is shown in percentages\n|rule|Sleep Clause Mod: Limit one foe put to sleep\n|rule|Illusion Level Mod: Illusion disguises the Pok\u00e9mon's true level\n|\n|t:|1781397233\n|teamsize|p1|6\n|teamsize|p2|6\n|start\n|switch|p1a: Great Tusk|Great Tusk, L77|304/304\n|switch|p2a: Arceus|Arceus-Fire, L72|291/291\n|turn|1\n|\n|t:|1781397242\n|move|p2a: Arceus|Energy Ball|p1a: Great Tusk\n|-supereffective|p1a: Great Tusk\n|-damage|p1a: Great Tusk|194/304\n|move|p1a: Great Tusk|Headlong Rush|p2a: Arceus\n|-supereffective|p2a: Arceus\n|-damage|p2a: Arceus|49/291\n|-unboost|p1a: Great Tusk|def|1\n|-unboost|p1a: Great Tusk|spd|1\n|\n|upkeep\n|turn|2\n|j| mewhoisplayinghere\n|\n|t:|1781397250\n|switch|p2a: Latias|Latias, L79, F|256/256\n|move|p1a: Great Tusk|Headlong Rush|p2a: Latias\n|-immune|p2a: Latias|[from] ability: Levitate\n|\n|upkeep\n|turn|3\n|l| mewhoisplayinghere\n|\n|t:|1781397258\n|-end|p1a: Great Tusk|Protosynthesis|[silent]\n|switch|p1a: Vespiquen|Vespiquen, L99, F|299/299\n|-ability|p1a: Vespiquen|Pressure\n|move|p2a: Latias|Psyshock|p1a: Vespiquen\n|-damage|p1a: Vespiquen|220/299\n|\n|upkeep\n|turn|4\n|\n|t:|1781397264\n|switch|p2a: Noctowl|Noctowl, L95, M|344/344\n|move|p1a: Vespiquen|Spikes|p2a: Noctowl\n|-sidestart|p2: randomname1313|Spikes\n|\n|upkeep\n|turn|5\n|\n|t:|1781397272\n|switch|p1a: Scream Tail|Scream Tail, L84|330/330\n|move|p2a: Noctowl|Hurricane|p1a: Scream Tail\n|-crit|p1a: Scream Tail\n|-damage|p1a: Scream Tail|164/330\n|-start|p1a: Scream Tail|confusion\n|\n|-heal|p1a: Scream Tail|184/330|[from] item: Leftovers\n|upkeep\n|turn|6\n|\n|t:|1781397279\n|-activate|p1a: Scream Tail|confusion\n|-damage|p1a: Scream Tail|170/330|[from] confusion\n|move|p2a: Noctowl|Hyper Voice|p1a: Scream Tail\n|-damage|p1a: Scream Tail|74/330\n|\n|-heal|p1a: Scream Tail|94/330|[from] item: Leftovers\n|upkeep\n|turn|7\n|\n|t:|1781397284\n|-activate|p1a: Scream Tail|confusion\n|-damage|p1a: Scream Tail|80/330|[from] confusion\n|move|p2a: Noctowl|Hyper Voice|p1a: Scream Tail\n|-damage|p1a: Scream Tail|0 fnt\n|faint|p1a: Scream Tail\n|-end|p1a: Scream Tail|Protosynthesis|[silent]\n|\n|upkeep\n|\n|t:|1781397290\n|switch|p1a: Komala|Komala, L88, F|258/258\n|-ability|p1a: Komala|Comatose\n|turn|8\n|\n|t:|1781397294\n|switch|p2a: Chandelure|Chandelure, L83, M|235/235\n|move|p1a: Komala|Body Slam|p2a: Chandelure\n|-immune|p2a: Chandelure\n|\n|upkeep\n|turn|9\n|\n|t:|1781397301\n|switch|p1a: Magcargo|Magcargo, L95, F|268/268\n|move|p2a: Chandelure|Fire Blast|p1a: Magcargo\n|-resisted|p1a: Magcargo\n|-damage|p1a: Magcargo|229/268\n|\n|upkeep\n|turn|10\n|\n|t:|1781397322\n|move|p2a: Chandelure|Shadow Ball|p1a: Magcargo\n|-damage|p1a: Magcargo|109/268\n|-unboost|p1a: Magcargo|spd|1\n|move|p1a: Magcargo|Shell Smash|p1a: Magcargo\n|-unboost|p1a: Magcargo|def|1\n|-unboost|p1a: Magcargo|spd|1\n|-boost|p1a: Magcargo|atk|2\n|-boost|p1a: Magcargo|spa|2\n|-boost|p1a: Magcargo|spe|2\n|\n|upkeep\n|turn|11\n|\n|t:|1781397333\n|switch|p2a: Arceus|Arceus-Fire, L72|49/291\n|-damage|p2a: Arceus|13/291|[from] Spikes\n|move|p1a: Magcargo|Power Gem|p2a: Arceus\n|-supereffective|p2a: Arceus\n|-damage|p2a: Arceus|0 fnt\n|faint|p2a: Arceus\n|\n|upkeep\n|\n|t:|1781397339\n|switch|p2a: Dondozo|Dondozo, L78, F|362/362\n|-damage|p2a: Dondozo|317/362|[from] Spikes\n|turn|12\n|\n|t:|1781397355\n|-terastallize|p1a: Magcargo|Grass\n|move|p1a: Magcargo|Power Gem|p2a: Dondozo\n|-damage|p2a: Dondozo|172/362\n|move|p2a: Dondozo|Curse|p2a: Dondozo\n|-unboost|p2a: Dondozo|spe|1\n|-boost|p2a: Dondozo|atk|1\n|-boost|p2a: Dondozo|def|1\n|\n|-heal|p2a: Dondozo|194/362|[from] item: Leftovers\n|upkeep\n|turn|13\n|\n|t:|1781397367\n|move|p1a: Magcargo|Shell Smash|p1a: Magcargo\n|-unboost|p1a: Magcargo|def|1\n|-unboost|p1a: Magcargo|spd|1\n|-boost|p1a: Magcargo|atk|2\n|-boost|p1a: Magcargo|spa|2\n|-boost|p1a: Magcargo|spe|2\n|move|p2a: Dondozo|Rest|p2a: Dondozo\n|-status|p2a: Dondozo|slp|[from] move: Rest\n|-heal|p2a: Dondozo|362/362 slp|[silent]\n|\n|upkeep\n|turn|14\n|\n|t:|1781397371\n|move|p1a: Magcargo|Power Gem|p2a: Dondozo\n|-damage|p2a: Dondozo|229/362 slp\n|cant|p2a: Dondozo|slp\n|move|p2a: Dondozo|Sleep Talk|p2a: Dondozo\n|move|p2a: Dondozo|Rest||[from] move: Sleep Talk|[still]\n|-fail|p2a: Dondozo\n|\n|-heal|p2a: Dondozo|251/362 slp|[from] item: Leftovers\n|upkeep\n|turn|15\n|\n|t:|1781397375\n|move|p1a: Magcargo|Power Gem|p2a: Dondozo\n|-damage|p2a: Dondozo|109/362 slp\n|cant|p2a: Dondozo|slp\n|move|p2a: Dondozo|Sleep Talk|p2a: Dondozo\n|move|p2a: Dondozo|Rest||[from] move: Sleep Talk|[still]\n|-fail|p2a: Dondozo\n|\n|-heal|p2a: Dondozo|131/362 slp|[from] item: Leftovers\n|upkeep\n|turn|16\n|\n|t:|1781397377\n|move|p1a: Magcargo|Power Gem|p2a: Dondozo\n|-damage|p2a: Dondozo|0 fnt\n|faint|p2a: Dondozo\n|\n|upkeep\n|\n|t:|1781397406\n|switch|p2a: Latias|Latias, L79, F|256/256\n|turn|17\n|\n|t:|1781397410\n|-terastallize|p2a: Latias|Steel\n|move|p1a: Magcargo|Fire Blast|p2a: Latias\n|-supereffective|p2a: Latias\n|-crit|p2a: Latias\n|-damage|p2a: Latias|0 fnt\n|faint|p2a: Latias\n|\n|upkeep\n|\n|t:|1781397415\n|switch|p2a: Toxicroak|Toxicroak, L84, F|277/277\n|-damage|p2a: Toxicroak|243/277|[from] Spikes\n|turn|18\n|\n|t:|1781397418\n|move|p1a: Magcargo|Earth Power|p2a: Toxicroak\n|-supereffective|p2a: Toxicroak\n|-damage|p2a: Toxicroak|0 fnt\n|faint|p2a: Toxicroak\n|\n|upkeep\n|\n|t:|1781397420\n|switch|p2a: Noctowl|Noctowl, L95, M|344/344\n|turn|19\n|\n|t:|1781397422\n|move|p1a: Magcargo|Power Gem|p2a: Noctowl\n|-supereffective|p2a: Noctowl\n|-damage|p2a: Noctowl|0 fnt\n|faint|p2a: Noctowl\n|\n|upkeep\n|-message|randomname1313 forfeited.\n|\n|win|Petilil37\n", "uploadtime": 1781397235, "views": 4, "formatid": "gen9randombattle", "rating": null, "private": 0, "password": null}