{"id": "gen9randombattle-2631430857", "format": "[Gen 9] Random Battle", "players": ["catsanddogslol", "igre438"], "log": "|j|\u2606catsanddogslol\n|j|\u2606igre438\n|t:|1781383768\n|gametype|singles\n|player|p1|catsanddogslol|1|1328\n|player|p2|igre438|preschooler|1346\n|gen|9\n|tier|[Gen 9] Random Battle\n|rated|\n|rule|Species Clause: Limit one of each Pok\u00e9mon\n|rule|HP Percentage Mod: HP is shown in percentages\n|rule|Sleep Clause Mod: Limit one foe put to sleep\n|rule|Illusion Level Mod: Illusion disguises the Pok\u00e9mon's true level\n|\n|t:|1781383768\n|teamsize|p1|6\n|teamsize|p2|6\n|start\n|switch|p1a: Gliscor|Gliscor, L76, F|239/239\n|switch|p2a: Rampardos|Rampardos, L90, M|321/321\n|turn|1\n|inactive|Battle timer is ON: inactive players will automatically lose when time's up. (requested by catsanddogslol)\n|\n|t:|1781383778\n|move|p2a: Rampardos|Head Smash|p1a: Gliscor\n|-damage|p1a: Gliscor|10/239\n|-damage|p2a: Rampardos|206/321|[from] Recoil\n|move|p1a: Gliscor|Substitute|p1a: Gliscor\n|-fail|p1a: Gliscor|move: Substitute|[weak]\n|\n|-status|p1a: Gliscor|tox|[from] item: Toxic Orb\n|upkeep\n|turn|2\n|\n|t:|1781383792\n|move|p1a: Gliscor|Protect|p1a: Gliscor\n|-singleturn|p1a: Gliscor|Protect\n|move|p2a: Rampardos|Head Smash|p1a: Gliscor\n|-activate|p1a: Gliscor|move: Protect\n|\n|-heal|p1a: Gliscor|39/239 tox|[from] ability: Poison Heal\n|upkeep\n|turn|3\n|\n|t:|1781383799\n|switch|p1a: Probopass|Probopass, L91, M|257/257\n|move|p2a: Rampardos|Head Smash|p1a: Probopass\n|-resisted|p1a: Probopass\n|-damage|p1a: Probopass|164/257\n|-damage|p2a: Rampardos|159/321|[from] Recoil\n|\n|-heal|p1a: Probopass|180/257|[from] item: Leftovers\n|upkeep\n|turn|4\n|\n|t:|1781383818\n|switch|p2a: Terapagos|Terapagos, L77, M|265/265\n|-activate|p2a: Terapagos|ability: Tera Shift\n|detailschange|p2a: Terapagos|Terapagos-Terastal, L77, M\n|-heal|p2a: Terapagos|273/273|[silent]\n|move|p1a: Probopass|Body Press|p2a: Terapagos\n|-activate|p2a: Terapagos|ability: Tera Shell\n|-resisted|p2a: Terapagos\n|-damage|p2a: Terapagos|234/273\n|\n|-heal|p1a: Probopass|196/257|[from] item: Leftovers\n|upkeep\n|turn|5\n|\n|t:|1781383833\n|move|p2a: Terapagos|Earth Power|p1a: Probopass\n|-supereffective|p1a: Probopass\n|-damage|p1a: Probopass|64/257\n|move|p1a: Probopass|Body Press|p2a: Terapagos\n|-supereffective|p2a: Terapagos\n|-damage|p2a: Terapagos|62/273\n|\n|-heal|p1a: Probopass|80/257|[from] item: Leftovers\n|upkeep\n|turn|6\n|\n|t:|1781383843\n|switch|p1a: Gliscor|Gliscor, L76, F|39/239 tox\n|move|p2a: Terapagos|Earth Power|p1a: Gliscor\n|-immune|p1a: Gliscor\n|\n|-heal|p1a: Gliscor|68/239 tox|[from] ability: Poison Heal\n|upkeep\n|turn|7\n|\n|t:|1781383853\n|move|p1a: Gliscor|Protect|p1a: Gliscor\n|-singleturn|p1a: Gliscor|Protect\n|move|p2a: Terapagos|Calm Mind|p2a: Terapagos\n|-boost|p2a: Terapagos|spa|1\n|-boost|p2a: Terapagos|spd|1\n|\n|-heal|p1a: Gliscor|97/239 tox|[from] ability: Poison Heal\n|upkeep\n|turn|8\n|\n|t:|1781383861\n|move|p1a: Gliscor|Toxic|p2a: Terapagos\n|-status|p2a: Terapagos|tox\n|move|p2a: Terapagos|Tera Starstorm|p1a: Gliscor\n|-damage|p1a: Gliscor|0 fnt\n|faint|p1a: Gliscor\n|\n|-damage|p2a: Terapagos|45/273 tox|[from] psn\n|upkeep\n|\n|t:|1781383864\n|switch|p1a: Probopass|Probopass, L91, M|80/257\n|turn|9\n|\n|t:|1781383871\n|move|p2a: Terapagos|Earth Power|p1a: Probopass\n|-supereffective|p1a: Probopass\n|-damage|p1a: Probopass|0 fnt\n|faint|p1a: Probopass\n|\n|-damage|p2a: Terapagos|11/273 tox|[from] psn\n|upkeep\n|\n|t:|1781383888\n|switch|p1a: Infernape|Infernape, L82, M|259/259\n|turn|10\n|\n|t:|1781383891\n|move|p1a: Infernape|Knock Off|p2a: Terapagos\n|-damage|p2a: Terapagos|0 fnt\n|-enditem|p2a: Terapagos|Heavy-Duty Boots|[from] move: Knock Off|[of] p1a: Infernape\n|faint|p2a: Terapagos\n|-damage|p1a: Infernape|234/259|[from] item: Life Orb\n|\n|upkeep\n|\n|t:|1781383897\n|switch|p2a: Rampardos|Rampardos, L90, M|159/321\n|turn|11\n|\n|t:|1781383907\n|switch|p1a: Shiftry|Shiftry, L89, M|305/305\n|move|p2a: Rampardos|Head Smash|p1a: Shiftry|[miss]\n|-miss|p2a: Rampardos|p1a: Shiftry\n|\n|upkeep\n|turn|12\n|\n|t:|1781383915\n|switch|p2a: Skuntank|Skuntank, L84, F|310/310\n|move|p1a: Shiftry|Swords Dance|p1a: Shiftry\n|-boost|p1a: Shiftry|atk|2\n|\n|upkeep\n|turn|13\n|\n|t:|1781383923\n|switch|p1a: Zacian|Zacian-Crowned, L64|225/225\n|-ability|p1a: Zacian|Intrepid Sword|boost\n|-boost|p1a: Zacian|atk|1\n|move|p2a: Skuntank|Gunk Shot|p1a: Zacian\n|-immune|p1a: Zacian\n|\n|upkeep\n|turn|14\n|\n|t:|1781383932\n|move|p1a: Zacian|Swords Dance|p1a: Zacian\n|-boost|p1a: Zacian|atk|2\n|move|p2a: Skuntank|Knock Off|p1a: Zacian\n|-resisted|p1a: Zacian\n|-damage|p1a: Zacian|180/225\n|-damage|p2a: Skuntank|279/310|[from] item: Life Orb\n|\n|upkeep\n|turn|15\n|\n|t:|1781383939\n|move|p1a: Zacian|Behemoth Blade|p2a: Skuntank\n|-damage|p2a: Skuntank|24/310\n|move|p2a: Skuntank|Taunt|p1a: Zacian\n|-start|p1a: Zacian|move: Taunt\n|\n|upkeep\n|turn|16\n|\n|t:|1781383946\n|move|p2a: Skuntank|Sucker Punch|p1a: Zacian\n|-resisted|p1a: Zacian\n|-damage|p1a: Zacian|128/225\n|-damage|p2a: Skuntank|0 fnt|[from] item: Life Orb\n|faint|p2a: Skuntank\n|move|p1a: Zacian|Behemoth Blade|p2: Skuntank|[notarget]\n|-fail|p1a: Zacian\n|\n|upkeep\n|\n|t:|1781383957\n|switch|p2a: Scyther|Scyther, L82, F|249/249\n|turn|17\n|\n|t:|1781383967\n|move|p1a: Zacian|Behemoth Blade|p2a: Scyther\n|-damage|p2a: Scyther|26/249\n|move|p2a: Scyther|Close Combat|p1a: Zacian\n|-damage|p1a: Zacian|41/225\n|-unboost|p2a: Scyther|def|1\n|-unboost|p2a: Scyther|spd|1\n|\n|upkeep\n|turn|18\n|\n|t:|1781383976\n|move|p1a: Zacian|Behemoth Blade|p2a: Scyther\n|-damage|p2a: Scyther|0 fnt\n|faint|p2a: Scyther\n|\n|-end|p1a: Zacian|move: Taunt\n|upkeep\n|\n|t:|1781383982\n|switch|p2a: Rampardos|Rampardos, L90, M|159/321\n|turn|19\n|\n|t:|1781383988\n|switch|p1a: Shiftry|Shiftry, L89, M|305/305\n|move|p2a: Rampardos|Earthquake|p1a: Shiftry\n|-resisted|p1a: Shiftry\n|-damage|p1a: Shiftry|232/305\n|\n|upkeep\n|turn|20\n|\n|t:|1781383995\n|switch|p2a: Overqwil|Overqwil, L82, M|274/274\n|-ability|p2a: Overqwil|Intimidate|boost\n|-unboost|p1a: Shiftry|atk|1\n|move|p1a: Shiftry|Knock Off|p2a: Overqwil\n|-resisted|p2a: Overqwil\n|-damage|p2a: Overqwil|223/274\n|-enditem|p2a: Overqwil|Choice Band|[from] move: Knock Off|[of] p1a: Shiftry\n|-damage|p1a: Shiftry|202/305|[from] item: Life Orb\n|\n|upkeep\n|turn|21\n|\n|t:|1781384011\n|move|p1a: Shiftry|Swords Dance|p1a: Shiftry\n|-boost|p1a: Shiftry|atk|2\n|move|p2a: Overqwil|Liquidation|p1a: Shiftry\n|-resisted|p1a: Shiftry\n|-damage|p1a: Shiftry|165/305\n|-unboost|p1a: Shiftry|def|1\n|\n|upkeep\n|turn|22\n|\n|t:|1781384025\n|move|p1a: Shiftry|Leaf Blade|p2a: Overqwil\n|-resisted|p2a: Overqwil\n|-damage|p2a: Overqwil|120/274\n|-damage|p1a: Shiftry|135/305|[from] item: Life Orb\n|move|p2a: Overqwil|Gunk Shot|p1a: Shiftry\n|-supereffective|p1a: Shiftry\n|-damage|p1a: Shiftry|0 fnt\n|faint|p1a: Shiftry\n|\n|upkeep\n|inactive|catsanddogslol has 120 seconds left.\n|\n|t:|1781384049\n|switch|p1a: Infernape|Infernape, L82, M|234/259\n|turn|23\n|\n|t:|1781384055\n|move|p2a: Overqwil|Aqua Jet|p1a: Infernape\n|-supereffective|p1a: Infernape\n|-damage|p1a: Infernape|160/259\n|move|p1a: Infernape|Overheat|p2a: Overqwil\n|-damage|p2a: Overqwil|0 fnt\n|-unboost|p1a: Infernape|spa|2\n|faint|p2a: Overqwil\n|-damage|p1a: Infernape|135/259|[from] item: Life Orb\n|\n|upkeep\n|\n|t:|1781384066\n|switch|p2a: Rampardos|Rampardos, L90, M|159/321\n|turn|24\n|\n|t:|1781384072\n|move|p2a: Rampardos|Earthquake|p1a: Infernape\n|-supereffective|p1a: Infernape\n|-damage|p1a: Infernape|0 fnt\n|faint|p1a: Infernape\n|\n|upkeep\n|\n|t:|1781384077\n|switch|p1a: Politoed|Politoed, L88, F|302/302\n|-weather|RainDance|[from] ability: Drizzle|[of] p1a: Politoed\n|turn|25\n|\n|t:|1781384082\n|switch|p2a: Flapple|Flapple, L88, F|266/266\n|move|p1a: Politoed|Weather Ball|p2a: Flapple\n|-resisted|p2a: Flapple\n|-damage|p2a: Flapple|188/266\n|\n|-weather|RainDance|[upkeep]\n|upkeep\n|turn|26\n|\n|t:|1781384090\n|switch|p1a: Zacian|Zacian-Crowned, L64|41/225\n|move|p2a: Flapple|Grav Apple|p1a: Zacian\n|-resisted|p1a: Zacian\n|-damage|p1a: Zacian|0 fnt\n|faint|p1a: Zacian\n|\n|-weather|RainDance|[upkeep]\n|upkeep\n|\n|t:|1781384092\n|switch|p1a: Politoed|Politoed, L88, F|302/302\n|turn|27\n|\n|t:|1781384099\n|move|p1a: Politoed|Ice Beam|p2a: Flapple\n|-supereffective|p2a: Flapple\n|-damage|p2a: Flapple|0 fnt\n|faint|p2a: Flapple\n|\n|-weather|RainDance|[upkeep]\n|upkeep\n|\n|t:|1781384104\n|switch|p2a: Rampardos|Rampardos, L90, M|159/321\n|turn|28\n|\n|t:|1781384112\n|move|p2a: Rampardos|Head Smash|p1a: Politoed\n|-damage|p1a: Politoed|1/302\n|-damage|p2a: Rampardos|8/321|[from] Recoil\n|move|p1a: Politoed|Ice Beam|p2a: Rampardos\n|-damage|p2a: Rampardos|0 fnt\n|faint|p2a: Rampardos\n|\n|win|catsanddogslol\n|raw|catsanddogslol's rating: 1328 &rarr; <strong>1349</strong><br />(+21 for winning)\n|raw|igre438's rating: 1346 &rarr; <strong>1325</strong><br />(-21 for losing)\n|l|\u2606igre438\n|player|p2|\n", "uploadtime": 1781384128, "views": 9, "formatid": "gen9randombattle", "rating": 1325, "private": 0, "password": null}