{"id": "gen9randombattle-2631390359", "format": "[Gen 9] Random Battle", "players": ["cococem", "AcquiredWolf"], "log": "|j|\u2606cococem\n|j|\u2606AcquiredWolf\n|t:|1781378992\n|gametype|singles\n|player|p1|cococem|baker|2117\n|player|p2|AcquiredWolf|265|2097\n|gen|9\n|tier|[Gen 9] Random Battle\n|rated|\n|rule|Species Clause: Limit one of each Pok\u00e9mon\n|rule|HP Percentage Mod: HP is shown in percentages\n|rule|Sleep Clause Mod: Limit one foe put to sleep\n|rule|Illusion Level Mod: Illusion disguises the Pok\u00e9mon's true level\n|\n|t:|1781378992\n|teamsize|p1|6\n|teamsize|p2|6\n|start\n|switch|p1a: Scream Tail|Scream Tail, L84|330/330\n|switch|p2a: Kyogre|Kyogre, L71|259/259\n|-weather|RainDance|[from] ability: Drizzle|[of] p2a: Kyogre\n|turn|1\n|inactive|Battle timer is ON: inactive players will automatically lose when time's up. (requested by AcquiredWolf)\n|\n|t:|1781379014\n|switch|p2a: Landorus|Landorus, L75, M|257/257\n|move|p1a: Scream Tail|Play Rough|p2a: Landorus\n|-damage|p2a: Landorus|175/257\n|\n|-weather|RainDance|[upkeep]\n|upkeep\n|turn|2\n|\n|t:|1781379022\n|move|p1a: Scream Tail|Play Rough|p2a: Landorus\n|-damage|p2a: Landorus|97/257\n|move|p2a: Landorus|Sludge Wave|p1a: Scream Tail\n|-supereffective|p1a: Scream Tail\n|-damage|p1a: Scream Tail|156/330\n|\n|-weather|RainDance|[upkeep]\n|-heal|p1a: Scream Tail|176/330|[from] item: Leftovers\n|upkeep\n|turn|3\n|\n|t:|1781379032\n|move|p1a: Scream Tail|Protect|p1a: Scream Tail\n|-singleturn|p1a: Scream Tail|Protect\n|move|p2a: Landorus|Earth Power|p1a: Scream Tail\n|-activate|p1a: Scream Tail|move: Protect\n|\n|-weather|RainDance|[upkeep]\n|-heal|p1a: Scream Tail|196/330|[from] item: Leftovers\n|upkeep\n|turn|4\n|\n|t:|1781379040\n|move|p1a: Scream Tail|Wish|p1a: Scream Tail\n|move|p2a: Landorus|Sludge Wave|p1a: Scream Tail\n|-supereffective|p1a: Scream Tail\n|-damage|p1a: Scream Tail|22/330\n|\n|-weather|RainDance|[upkeep]\n|-heal|p1a: Scream Tail|42/330|[from] item: Leftovers\n|upkeep\n|turn|5\n|\n|t:|1781379055\n|switch|p2a: Dialga|Dialga-Origin, L73|266/266\n|-ability|p2a: Dialga|Pressure\n|move|p1a: Scream Tail|Protect||[still]\n|-fail|p1a: Scream Tail\n|\n|-weather|none\n|-heal|p1a: Scream Tail|207/330|[from] move: Wish|[wisher] Scream Tail\n|-heal|p1a: Scream Tail|227/330|[from] item: Leftovers\n|upkeep\n|turn|6\n|\n|t:|1781379069\n|move|p1a: Scream Tail|Protect|p1a: Scream Tail\n|-singleturn|p1a: Scream Tail|Protect\n|move|p2a: Dialga|Thunder Wave|p1a: Scream Tail\n|-activate|p1a: Scream Tail|move: Protect\n|\n|-heal|p1a: Scream Tail|247/330|[from] item: Leftovers\n|upkeep\n|turn|7\n|\n|t:|1781379078\n|-end|p1a: Scream Tail|Protosynthesis|[silent]\n|switch|p1a: Krookodile|Krookodile, L79, F|280/280\n|-ability|p1a: Krookodile|Intimidate|boost\n|-unboost|p2a: Dialga|atk|1\n|move|p2a: Dialga|Thunder Wave|p1a: Krookodile\n|-immune|p1a: Krookodile\n|\n|upkeep\n|turn|8\n|\n|t:|1781379090\n|switch|p2a: Cramorant|Cramorant, L86, F|261/261\n|move|p1a: Krookodile|Knock Off|p2a: Cramorant\n|-damage|p2a: Cramorant|113/261\n|-enditem|p2a: Cramorant|Heavy-Duty Boots|[from] move: Knock Off|[of] p1a: Krookodile\n|\n|upkeep\n|turn|9\n|\n|t:|1781379098\n|switch|p1a: Furret|Furret, L94, F|312/312\n|move|p2a: Cramorant|Roost|p2a: Cramorant\n|-heal|p2a: Cramorant|244/261\n|-singleturn|p2a: Cramorant|move: Roost\n|\n|upkeep\n|turn|10\n|\n|t:|1781379109\n|move|p1a: Furret|Double-Edge|p2a: Cramorant\n|-damage|p2a: Cramorant|0 fnt\n|faint|p2a: Cramorant\n|-damage|p1a: Furret|231/312|[from] Recoil\n|\n|upkeep\n|\n|t:|1781379116\n|switch|p2a: Sudowoodo|Sudowoodo, L94, M|284/284\n|turn|11\n|\n|t:|1781379121\n|switch|p1a: Krookodile|Krookodile, L79, F|280/280\n|-ability|p1a: Krookodile|Intimidate|boost\n|-unboost|p2a: Sudowoodo|atk|1\n|move|p2a: Sudowoodo|Stealth Rock|p1a: Krookodile\n|-sidestart|p1: cococem|move: Stealth Rock\n|\n|upkeep\n|turn|12\n|\n|t:|1781379131\n|move|p1a: Krookodile|Bulk Up|p1a: Krookodile\n|-boost|p1a: Krookodile|atk|1\n|-boost|p1a: Krookodile|def|1\n|move|p2a: Sudowoodo|Wood Hammer|p1a: Krookodile\n|-supereffective|p1a: Krookodile\n|-damage|p1a: Krookodile|162/280\n|\n|-heal|p1a: Krookodile|179/280|[from] item: Leftovers\n|upkeep\n|turn|13\n|\n|t:|1781379141\n|switch|p2a: Landorus|Landorus, L75, M|97/257\n|move|p1a: Krookodile|Knock Off|p2a: Landorus\n|-damage|p2a: Landorus|0 fnt\n|-enditem|p2a: Landorus|Life Orb|[from] move: Knock Off|[of] p1a: Krookodile\n|faint|p2a: Landorus\n|\n|-heal|p1a: Krookodile|196/280|[from] item: Leftovers\n|upkeep\n|\n|t:|1781379155\n|switch|p2a: Sudowoodo|Sudowoodo, L94, M|284/284\n|turn|14\n|\n|t:|1781379160\n|move|p1a: Krookodile|Earthquake|p2a: Sudowoodo\n|-supereffective|p2a: Sudowoodo\n|-damage|p2a: Sudowoodo|54/284\n|move|p2a: Sudowoodo|Wood Hammer|p1a: Krookodile\n|-supereffective|p1a: Krookodile\n|-damage|p1a: Krookodile|46/280\n|\n|-heal|p1a: Krookodile|63/280|[from] item: Leftovers\n|-heal|p2a: Sudowoodo|71/284|[from] item: Leftovers\n|upkeep\n|turn|15\n|\n|t:|1781379170\n|move|p1a: Krookodile|Knock Off|p2a: Sudowoodo\n|-damage|p2a: Sudowoodo|0 fnt\n|-enditem|p2a: Sudowoodo|Leftovers|[from] move: Knock Off|[of] p1a: Krookodile\n|faint|p2a: Sudowoodo\n|\n|-heal|p1a: Krookodile|80/280|[from] item: Leftovers\n|upkeep\n|\n|t:|1781379179\n|switch|p2a: Incineroar|Incineroar, L82, F|290/290\n|-ability|p2a: Incineroar|Intimidate|boost\n|-unboost|p1a: Krookodile|atk|1\n|turn|16\n|\n|t:|1781379201\n|move|p1a: Krookodile|Earthquake|p2a: Incineroar\n|-supereffective|p2a: Incineroar\n|-damage|p2a: Incineroar|84/290\n|move|p2a: Incineroar|Overheat|p1a: Krookodile|[miss]\n|-miss|p2a: Incineroar|p1a: Krookodile\n|\n|-heal|p1a: Krookodile|97/280|[from] item: Leftovers\n|upkeep\n|turn|17\n|-message|AcquiredWolf forfeited.\n|\n|win|cococem\n", "uploadtime": 1781378995, "views": 6, "formatid": "gen9randombattle", "rating": null, "private": 0, "password": null}