{"id": "gen9randombattle-2631964718", "format": "[Gen 9] Random Battle", "players": ["Undertaker67", "nanofan_lad"], "log": "|j|\u2606Undertaker67\n|j|\u2606nanofan_lad\n|t:|1781460599\n|gametype|singles\n|player|p1|Undertaker67|n|1960\n|player|p2|nanofan_lad|1|1944\n|gen|9\n|tier|[Gen 9] Random Battle\n|rated|\n|rule|Species Clause: Limit one of each Pok\u00e9mon\n|rule|HP Percentage Mod: HP is shown in percentages\n|rule|Sleep Clause Mod: Limit one foe put to sleep\n|rule|Illusion Level Mod: Illusion disguises the Pok\u00e9mon's true level\n|\n|t:|1781460599\n|teamsize|p1|6\n|teamsize|p2|6\n|start\n|switch|p1a: Altaria|Altaria, L89, M|278/278\n|switch|p2a: Banette|Banette, L93, F|270/270\n|turn|1\n|inactive|Battle timer is ON: inactive players will automatically lose when time's up. (requested by nanofan_lad)\n|\n|t:|1781460629\n|move|p1a: Altaria|Brave Bird|p2a: Banette\n|-damage|p2a: Banette|155/270\n|-damage|p1a: Altaria|240/278|[from] Recoil\n|move|p2a: Banette|Poltergeist|p1a: Altaria\n|-activate|p1a: Altaria|move: Poltergeist|Heavy-Duty Boots\n|-damage|p1a: Altaria|41/278\n|-damage|p2a: Banette|128/270|[from] item: Life Orb\n|\n|upkeep\n|turn|2\n|\n|t:|1781460641\n|move|p2a: Banette|Shadow Sneak|p1a: Altaria\n|-damage|p1a: Altaria|0 fnt\n|faint|p1a: Altaria\n|-damage|p2a: Banette|101/270|[from] item: Life Orb\n|\n|upkeep\n|\n|t:|1781460650\n|switch|p1a: Persian|Persian, L92, F|269/269\n|turn|3\n|inactive|nanofan_lad has 120 seconds left.\n|\n|t:|1781460687\n|switch|p2a: Arceus|Arceus-Water, L71|288/288\n|move|p1a: Persian|Knock Off|p2a: Arceus\n|-damage|p2a: Arceus|233/288\n|\n|upkeep\n|turn|4\n|\n|t:|1781460710\n|switch|p1a: Houndstone|Houndstone, L86, F|264/264\n|move|p2a: Arceus|Will-O-Wisp|p1a: Houndstone\n|-status|p1a: Houndstone|brn\n|\n|-damage|p1a: Houndstone|248/264 brn|[from] brn\n|upkeep\n|turn|5\n|\n|t:|1781460724\n|move|p2a: Arceus|Judgment|p1a: Houndstone\n|-damage|p1a: Houndstone|152/264 brn\n|move|p1a: Houndstone|Poltergeist|p2a: Arceus\n|-activate|p2a: Arceus|move: Poltergeist|Splash Plate\n|-damage|p2a: Arceus|179/288\n|\n|-heal|p1a: Houndstone|168/264 brn|[from] item: Leftovers\n|-damage|p1a: Houndstone|152/264 brn|[from] brn\n|upkeep\n|turn|6\n|\n|t:|1781460729\n|move|p2a: Arceus|Judgment|p1a: Houndstone\n|-damage|p1a: Houndstone|53/264 brn\n|move|p1a: Houndstone|Rest|p1a: Houndstone\n|-status|p1a: Houndstone|slp|[from] move: Rest\n|-heal|p1a: Houndstone|264/264 slp|[silent]\n|\n|upkeep\n|turn|7\n|\n|t:|1781460741\n|move|p2a: Arceus|Judgment|p1a: Houndstone\n|-damage|p1a: Houndstone|159/264 slp\n|cant|p1a: Houndstone|slp\n|move|p1a: Houndstone|Sleep Talk|p1a: Houndstone\n|move|p1a: Houndstone|Rest||[from] move: Sleep Talk|[still]\n|-fail|p1a: Houndstone\n|\n|-heal|p1a: Houndstone|175/264 slp|[from] item: Leftovers\n|upkeep\n|turn|8\n|\n|t:|1781460751\n|move|p2a: Arceus|Judgment|p1a: Houndstone\n|-damage|p1a: Houndstone|73/264 slp\n|cant|p1a: Houndstone|slp\n|move|p1a: Houndstone|Sleep Talk|p1a: Houndstone\n|move|p1a: Houndstone|Body Press|p2a: Arceus|[from] move: Sleep Talk\n|-damage|p2a: Arceus|124/288\n|\n|-heal|p1a: Houndstone|89/264 slp|[from] item: Leftovers\n|upkeep\n|turn|9\n|\n|t:|1781460762\n|switch|p1a: Hydreigon|Hydreigon, L79, F|275/275\n|move|p2a: Arceus|Judgment|p1a: Hydreigon\n|-resisted|p1a: Hydreigon\n|-damage|p1a: Hydreigon|221/275\n|\n|upkeep\n|turn|10\n|\n|t:|1781460778\n|switch|p2a: Perrserker|Perrserker, L89, F|269/269\n|move|p1a: Hydreigon|Draco Meteor|p2a: Perrserker\n|-resisted|p2a: Perrserker\n|-damage|p2a: Perrserker|160/269\n|-unboost|p1a: Hydreigon|spa|2\n|-damage|p1a: Hydreigon|194/275|[from] item: Life Orb\n|\n|upkeep\n|turn|11\n|\n|t:|1781460791\n|switch|p1a: Houndstone|Houndstone, L86, F|89/264 slp\n|move|p2a: Perrserker|U-turn|p1a: Houndstone\n|-resisted|p1a: Houndstone\n|-damage|p1a: Houndstone|63/264 slp\n|\n|t:|1781460810\n|switch|p2a: Banette|Banette, L93, F|101/270|[from] U-turn\n|\n|-heal|p1a: Houndstone|79/264 slp|[from] item: Leftovers\n|upkeep\n|turn|12\n|\n|t:|1781460826\n|move|p2a: Banette|Poltergeist|p1a: Houndstone\n|-activate|p1a: Houndstone|move: Poltergeist|Leftovers\n|-supereffective|p1a: Houndstone\n|-damage|p1a: Houndstone|0 fnt\n|faint|p1a: Houndstone\n|-damage|p2a: Banette|74/270|[from] item: Life Orb\n|\n|upkeep\n|inactive|Undertaker67 has 120 seconds left.\n|\n|t:|1781460852\n|switch|p1a: Persian|Persian, L92, F|269/269\n|turn|13\n|\n|t:|1781460865\n|move|p1a: Persian|Double-Edge|p2a: Banette\n|-immune|p2a: Banette\n|move|p2a: Banette|Gunk Shot|p1a: Persian\n|-damage|p1a: Persian|81/269\n|-damage|p2a: Banette|47/270|[from] item: Life Orb\n|\n|upkeep\n|turn|14\n|\n|t:|1781460872\n|switch|p1a: Hydreigon|Hydreigon, L79, F|194/275\n|move|p2a: Banette|Thunder Wave|p1a: Hydreigon|[miss]\n|-miss|p2a: Banette|p1a: Hydreigon\n|\n|upkeep\n|turn|15\n|\n|t:|1781460879\n|move|p2a: Banette|Shadow Sneak|p1a: Hydreigon\n|-resisted|p1a: Hydreigon\n|-damage|p1a: Hydreigon|156/275\n|-damage|p2a: Banette|20/270|[from] item: Life Orb\n|move|p1a: Hydreigon|Dark Pulse|p2a: Banette\n|-supereffective|p2a: Banette\n|-damage|p2a: Banette|0 fnt\n|faint|p2a: Banette\n|-damage|p1a: Hydreigon|129/275|[from] item: Life Orb\n|\n|upkeep\n|\n|t:|1781460902\n|switch|p2a: Perrserker|Perrserker, L89, F|160/269\n|turn|16\n|\n|t:|1781460918\n|move|p1a: Hydreigon|Fire Blast|p2a: Perrserker\n|-supereffective|p2a: Perrserker\n|-damage|p2a: Perrserker|0 fnt\n|faint|p2a: Perrserker\n|-damage|p1a: Hydreigon|102/275|[from] item: Life Orb\n|\n|upkeep\n|inactive|nanofan_lad has 120 seconds left.\n|\n|t:|1781460947\n|switch|p2a: Luxray|Luxray, L88, M|283/283\n|turn|17\n|\n|t:|1781460968\n|move|p1a: Hydreigon|Draco Meteor|p2a: Luxray\n|-damage|p2a: Luxray|88/283\n|-unboost|p1a: Hydreigon|spa|2\n|-damage|p1a: Hydreigon|75/275|[from] item: Life Orb\n|move|p2a: Luxray|Trailblaze|p1a: Hydreigon\n|-resisted|p1a: Hydreigon\n|-damage|p1a: Hydreigon|53/275\n|-boost|p2a: Luxray|spe|1\n|\n|-status|p2a: Luxray|brn|[from] item: Flame Orb\n|upkeep\n|turn|18\n|inactive|nanofan_lad has 120 seconds left.\n|\n|t:|1781460988\n|move|p2a: Luxray|Trailblaze|p1a: Hydreigon\n|-resisted|p1a: Hydreigon\n|-damage|p1a: Hydreigon|16/275\n|-boost|p2a: Luxray|spe|1\n|move|p1a: Hydreigon|Draco Meteor|p2a: Luxray\n|-damage|p2a: Luxray|0 fnt\n|-unboost|p1a: Hydreigon|spa|2\n|faint|p2a: Luxray\n|-damage|p1a: Hydreigon|0 fnt|[from] item: Life Orb\n|faint|p1a: Hydreigon\n|\n|upkeep\n|inactive|Undertaker67 has 120 seconds left.\n|\n|t:|1781461009\n|switch|p1a: Polteageist|Polteageist, L78|222/222\n|switch|p2a: Raikou|Raikou, L81|278/278\n|-ability|p2a: Raikou|Pressure\n|turn|19\n|inactive|nanofan_lad has 120 seconds left.\n|\n|t:|1781461036\n|move|p2a: Raikou|Shadow Ball|p1a: Polteageist\n|-supereffective|p1a: Polteageist\n|-crit|p1a: Polteageist\n|-damage|p1a: Polteageist|0 fnt\n|faint|p1a: Polteageist\n|\n|upkeep\n|c|\u2606nanofan_lad|mb\n|inactive|Undertaker67 has 120 seconds left.\n|\n|t:|1781461056\n|switch|p1a: Wugtrio|Wugtrio, L91, M|212/212\n|turn|20\n|inactive|nanofan_lad has 90 seconds left.\n|inactive|nanofan_lad has 60 seconds left.\n|\n|t:|1781461112\n|-terastallize|p1a: Wugtrio|Dark\n|move|p1a: Wugtrio|Stomping Tantrum|p2a: Raikou\n|-supereffective|p2a: Raikou\n|-damage|p2a: Raikou|40/278\n|move|p2a: Raikou|Shadow Ball|p1a: Wugtrio\n|-resisted|p1a: Wugtrio\n|-damage|p1a: Wugtrio|159/212\n|-unboost|p1a: Wugtrio|spd|1\n|\n|upkeep\n|turn|21\n|\n|t:|1781461119\n|move|p1a: Wugtrio|Stomping Tantrum|p2a: Raikou\n|-supereffective|p2a: Raikou\n|-damage|p2a: Raikou|0 fnt\n|faint|p2a: Raikou\n|\n|upkeep\n|\n|t:|1781461128\n|switch|p2a: Arceus|Arceus-Water, L71|124/288\n|turn|22\n|\n|t:|1781461136\n|move|p1a: Wugtrio|Stomping Tantrum|p2a: Arceus\n|-damage|p2a: Arceus|33/288\n|move|p2a: Arceus|Recover|p2a: Arceus\n|-heal|p2a: Arceus|177/288\n|\n|upkeep\n|turn|23\n|\n|t:|1781461141\n|move|p1a: Wugtrio|Stomping Tantrum|p2a: Arceus\n|-damage|p2a: Arceus|95/288\n|move|p2a: Arceus|Recover|p2a: Arceus\n|-heal|p2a: Arceus|239/288\n|\n|upkeep\n|turn|24\n|\n|t:|1781461145\n|move|p1a: Wugtrio|Stomping Tantrum|p2a: Arceus\n|-damage|p2a: Arceus|157/288\n|move|p2a: Arceus|Will-O-Wisp|p1a: Wugtrio\n|-status|p1a: Wugtrio|brn\n|\n|-damage|p1a: Wugtrio|146/212 brn|[from] brn\n|upkeep\n|turn|25\n|\n|t:|1781461148\n|move|p1a: Wugtrio|Stomping Tantrum|p2a: Arceus\n|-damage|p2a: Arceus|115/288\n|move|p2a: Arceus|Recover|p2a: Arceus\n|-heal|p2a: Arceus|259/288\n|\n|-damage|p1a: Wugtrio|133/212 brn|[from] brn\n|upkeep\n|turn|26\n|\n|t:|1781461152\n|move|p1a: Wugtrio|Stomping Tantrum|p2a: Arceus\n|-damage|p2a: Arceus|219/288\n|move|p2a: Arceus|Recover|p2a: Arceus\n|-heal|p2a: Arceus|288/288\n|\n|-damage|p1a: Wugtrio|120/212 brn|[from] brn\n|upkeep\n|turn|27\n|\n|t:|1781461156\n|move|p1a: Wugtrio|Stomping Tantrum|p2a: Arceus\n|-damage|p2a: Arceus|242/288\n|move|p2a: Arceus|Judgment|p1a: Wugtrio\n|-damage|p1a: Wugtrio|0 fnt\n|faint|p1a: Wugtrio\n|\n|upkeep\n|\n|t:|1781461158\n|switch|p1a: Persian|Persian, L92, F|81/269\n|turn|28\n|\n|t:|1781461163\n|move|p1a: Persian|Switcheroo||[still]\n|-fail|p1a: Persian\n|move|p2a: Arceus|Judgment|p1a: Persian\n|-damage|p1a: Persian|0 fnt\n|faint|p1a: Persian\n|\n|win|nanofan_lad\n", "uploadtime": 1781460600, "views": 3, "formatid": "gen9randombattle", "rating": null, "private": 0, "password": null}