{"id": "gen9randombattle-2631710665", "format": "[Gen 9] Random Battle", "players": ["1v1saregood", "Arayze"], "log": "|j|\u26061v1saregood\n|j|\u203dArayze\n|t:|1781426398\n|gametype|singles\n|player|p1|1v1saregood|preschooler|1955\n|player|p2|Arayze|flint|1901\n|gen|9\n|tier|[Gen 9] Random Battle\n|rated|\n|rule|Species Clause: Limit one of each Pok\u00e9mon\n|rule|HP Percentage Mod: HP is shown in percentages\n|rule|Sleep Clause Mod: Limit one foe put to sleep\n|rule|Illusion Level Mod: Illusion disguises the Pok\u00e9mon's true level\n|\n|t:|1781426398\n|teamsize|p1|6\n|teamsize|p2|6\n|start\n|switch|p1a: Great Tusk|Great Tusk, L77|304/304\n|switch|p2a: Sceptile|Sceptile, L87, F|264/264\n|turn|1\n|inactive|Battle timer is ON: inactive players will automatically lose when time's up. (requested by Arayze)\n|inactive|1v1saregood also wants the timer to be on.\n|\n|t:|1781426413\n|-end|p1a: Great Tusk|Protosynthesis|[silent]\n|switch|p1a: Heracross|Heracross, L80, M|259/259\n|move|p2a: Sceptile|Giga Drain|p1a: Heracross\n|-resisted|p1a: Heracross\n|-damage|p1a: Heracross|199/259\n|-damage|p2a: Sceptile|238/264|[from] item: Life Orb\n|\n|-status|p1a: Heracross|brn|[from] item: Flame Orb\n|upkeep\n|turn|2\n|\n|t:|1781426421\n|switch|p2a: Seviper|Seviper, L93, M|287/287\n|move|p1a: Heracross|Trailblaze|p2a: Seviper\n|-resisted|p2a: Seviper\n|-crit|p2a: Seviper\n|-damage|p2a: Seviper|233/287\n|-boost|p1a: Heracross|spe|1\n|\n|-damage|p1a: Heracross|183/259 brn|[from] brn\n|upkeep\n|turn|3\n|\n|t:|1781426428\n|move|p1a: Heracross|Facade|p2a: Seviper\n|-damage|p2a: Seviper|39/287\n|move|p2a: Seviper|Gunk Shot|p1a: Heracross|[miss]\n|-miss|p2a: Seviper|p1a: Heracross\n|\n|-damage|p1a: Heracross|167/259 brn|[from] brn\n|upkeep\n|turn|4\n|\n|t:|1781426433\n|move|p1a: Heracross|Knock Off|p2a: Seviper\n|-damage|p2a: Seviper|0 fnt\n|-enditem|p2a: Seviper|Choice Scarf|[from] move: Knock Off|[of] p1a: Heracross\n|faint|p2a: Seviper\n|\n|-damage|p1a: Heracross|151/259 brn|[from] brn\n|upkeep\n|\n|t:|1781426449\n|switch|p2a: Regigigas|Regigigas, L84|322/322\n|-start|p2a: Regigigas|ability: Slow Start\n|turn|5\n|\n|t:|1781426459\n|move|p2a: Regigigas|Protect|p2a: Regigigas\n|-singleturn|p2a: Regigigas|Protect\n|move|p1a: Heracross|Close Combat|p2a: Regigigas\n|-activate|p2a: Regigigas|move: Protect\n|\n|-damage|p1a: Heracross|135/259 brn|[from] brn\n|upkeep\n|turn|6\n|\n|t:|1781426481\n|-terastallize|p2a: Regigigas|Poison\n|move|p1a: Heracross|Close Combat|p2a: Regigigas\n|-resisted|p2a: Regigigas\n|-damage|p2a: Regigigas|232/322\n|-unboost|p1a: Heracross|def|1\n|-unboost|p1a: Heracross|spd|1\n|move|p2a: Regigigas|Substitute|p2a: Regigigas\n|-start|p2a: Regigigas|Substitute\n|-damage|p2a: Regigigas|152/322\n|\n|-heal|p2a: Regigigas|172/322|[from] item: Leftovers\n|-damage|p1a: Heracross|119/259 brn|[from] brn\n|upkeep\n|turn|7\n|\n|t:|1781426489\n|move|p2a: Regigigas|Protect|p2a: Regigigas\n|-singleturn|p2a: Regigigas|Protect\n|move|p1a: Heracross|Knock Off|p2a: Regigigas\n|-activate|p2a: Regigigas|move: Protect\n|\n|-heal|p2a: Regigigas|192/322|[from] item: Leftovers\n|-damage|p1a: Heracross|103/259 brn|[from] brn\n|upkeep\n|turn|8\n|inactive|Arayze has 120 seconds left.\n|\n|t:|1781426515\n|move|p1a: Heracross|Knock Off|p2a: Regigigas\n|-end|p2a: Regigigas|Substitute\n|move|p2a: Regigigas|Substitute|p2a: Regigigas\n|-start|p2a: Regigigas|Substitute\n|-damage|p2a: Regigigas|112/322\n|\n|-heal|p2a: Regigigas|132/322|[from] item: Leftovers\n|-damage|p1a: Heracross|87/259 brn|[from] brn\n|upkeep\n|turn|9\n|\n|t:|1781426521\n|move|p2a: Regigigas|Protect|p2a: Regigigas\n|-singleturn|p2a: Regigigas|Protect\n|move|p1a: Heracross|Knock Off|p2a: Regigigas\n|-activate|p2a: Regigigas|move: Protect\n|\n|-heal|p2a: Regigigas|152/322|[from] item: Leftovers\n|-damage|p1a: Heracross|71/259 brn|[from] brn\n|-end|p2a: Regigigas|Slow Start\n|upkeep\n|turn|10\n|\n|t:|1781426530\n|move|p1a: Heracross|Knock Off|p2a: Regigigas\n|-end|p2a: Regigigas|Substitute\n|move|p2a: Regigigas|Body Slam|p1a: Heracross\n|-damage|p1a: Heracross|0 fnt\n|faint|p1a: Heracross\n|\n|-heal|p2a: Regigigas|172/322|[from] item: Leftovers\n|upkeep\n|\n|t:|1781426553\n|switch|p1a: Great Tusk|Great Tusk, L77|304/304\n|turn|11\n|\n|t:|1781426567\n|move|p2a: Regigigas|Protect|p2a: Regigigas\n|-singleturn|p2a: Regigigas|Protect\n|move|p1a: Great Tusk|Rapid Spin|p2a: Regigigas\n|-activate|p2a: Regigigas|move: Protect\n|\n|-heal|p2a: Regigigas|192/322|[from] item: Leftovers\n|upkeep\n|turn|12\n|\n|t:|1781426574\n|move|p2a: Regigigas|Body Slam|p1a: Great Tusk\n|-damage|p1a: Great Tusk|193/304\n|-status|p1a: Great Tusk|par\n|move|p1a: Great Tusk|Headlong Rush|p2a: Regigigas\n|-supereffective|p2a: Regigigas\n|-damage|p2a: Regigigas|0 fnt\n|-unboost|p1a: Great Tusk|def|1\n|-unboost|p1a: Great Tusk|spd|1\n|faint|p2a: Regigigas\n|-end|p2a: Regigigas|Slow Start|[silent]\n|\n|upkeep\n|\n|t:|1781426580\n|switch|p2a: Sceptile|Sceptile, L87, F|238/264\n|turn|13\n|\n|t:|1781426597\n|-end|p1a: Great Tusk|Protosynthesis|[silent]\n|switch|p1a: Pecharunt|Pecharunt, L77|262/262\n|move|p2a: Sceptile|Giga Drain|p1a: Pecharunt\n|-resisted|p1a: Pecharunt\n|-damage|p1a: Pecharunt|202/262\n|-heal|p2a: Sceptile|264/264|[from] drain|[of] p1a: Pecharunt\n|-damage|p2a: Sceptile|238/264|[from] item: Life Orb\n|\n|-heal|p1a: Pecharunt|218/262|[from] item: Leftovers\n|upkeep\n|turn|14\n|\n|t:|1781426612\n|move|p2a: Sceptile|Earthquake|p1a: Pecharunt\n|-supereffective|p1a: Pecharunt\n|-damage|p1a: Pecharunt|93/262\n|-damage|p2a: Sceptile|212/264|[from] item: Life Orb\n|move|p1a: Pecharunt|Malignant Chain|p2a: Sceptile\n|-supereffective|p2a: Sceptile\n|-damage|p2a: Sceptile|56/264\n|-status|p2a: Sceptile|tox\n|-start|p2a: Sceptile|confusion|[from] ability: Poison Puppeteer|[of] p1a: Pecharunt\n|\n|-heal|p1a: Pecharunt|109/262|[from] item: Leftovers\n|-damage|p2a: Sceptile|40/264 tox|[from] psn\n|upkeep\n|turn|15\n|\n|t:|1781426615\n|-activate|p2a: Sceptile|confusion\n|move|p2a: Sceptile|Earthquake|p1a: Pecharunt\n|-supereffective|p1a: Pecharunt\n|-damage|p1a: Pecharunt|0 fnt\n|faint|p1a: Pecharunt\n|-damage|p2a: Sceptile|14/264 tox|[from] item: Life Orb\n|\n|-damage|p2a: Sceptile|0 fnt|[from] psn\n|faint|p2a: Sceptile\n|upkeep\n|\n|t:|1781426624\n|switch|p2a: Klawf|Klawf, L90, M|272/272\n|switch|p1a: Rayquaza|Rayquaza, L72|270/270\n|-ability|p1a: Rayquaza|Air Lock\n|turn|16\n|\n|t:|1781426629\n|switch|p1a: Great Tusk|Great Tusk, L77|193/304 par\n|move|p2a: Klawf|Stone Edge|p1a: Great Tusk|[miss]\n|-miss|p2a: Klawf|p1a: Great Tusk\n|\n|upkeep\n|turn|17\n|\n|t:|1781426636\n|switch|p2a: Groudon|Groudon, L72|263/263\n|-weather|SunnyDay|[from] ability: Drought|[of] p2a: Groudon\n|-activate|p1a: Great Tusk|ability: Protosynthesis\n|-start|p1a: Great Tusk|protosynthesisatk\n|cant|p1a: Great Tusk|par\n|\n|-weather|SunnyDay|[upkeep]\n|upkeep\n|turn|18\n|\n|t:|1781426644\n|move|p2a: Groudon|Precipice Blades|p1a: Great Tusk\n|-damage|p1a: Great Tusk|94/304 par\n|move|p1a: Great Tusk|Headlong Rush|p2a: Groudon\n|-crit|p2a: Groudon\n|-damage|p2a: Groudon|46/263\n|-unboost|p1a: Great Tusk|def|1\n|-unboost|p1a: Great Tusk|spd|1\n|\n|-weather|SunnyDay|[upkeep]\n|-heal|p2a: Groudon|62/263|[from] item: Leftovers\n|upkeep\n|turn|19\n|\n|t:|1781426649\n|move|p2a: Groudon|Heat Crash|p1a: Great Tusk\n|-damage|p1a: Great Tusk|8/304 par\n|move|p1a: Great Tusk|Headlong Rush|p2a: Groudon\n|-damage|p2a: Groudon|0 fnt\n|-unboost|p1a: Great Tusk|def|1\n|-unboost|p1a: Great Tusk|spd|1\n|faint|p2a: Groudon\n|\n|-weather|SunnyDay|[upkeep]\n|upkeep\n|\n|t:|1781426652\n|switch|p2a: Haxorus|Haxorus, L77, F|244/244\n|-ability|p2a: Haxorus|Mold Breaker\n|turn|20\n|\n|t:|1781426656\n|move|p2a: Haxorus|Scale Shot|p1a: Great Tusk|[miss]\n|-miss|p2a: Haxorus|p1a: Great Tusk\n|cant|p1a: Great Tusk|par\n|\n|-weather|SunnyDay|[upkeep]\n|upkeep\n|turn|21\n|\n|t:|1781426659\n|move|p2a: Haxorus|Scale Shot|p1a: Great Tusk\n|-damage|p1a: Great Tusk|0 fnt\n|faint|p1a: Great Tusk\n|-end|p1a: Great Tusk|Protosynthesis|[silent]\n|-hitcount|p1: Great Tusk|1\n|-unboost|p2a: Haxorus|def|1\n|-boost|p2a: Haxorus|spe|1\n|\n|-weather|none\n|upkeep\n|\n|t:|1781426664\n|switch|p1a: Indeedee|Indeedee-F, L90, F|272/272\n|-fieldstart|move: Psychic Terrain|[from] ability: Psychic Surge|[of] p1a: Indeedee\n|turn|22\n|\n|t:|1781426672\n|move|p2a: Haxorus|Iron Head|p1a: Indeedee\n|-crit|p1a: Indeedee\n|-damage|p1a: Indeedee|146/272\n|move|p1a: Indeedee|Psyshock|p2a: Haxorus\n|-damage|p2a: Haxorus|0 fnt\n|faint|p2a: Haxorus\n|-damage|p1a: Indeedee|119/272|[from] item: Life Orb\n|\n|upkeep\n|\n|t:|1781426677\n|switch|p2a: Klawf|Klawf, L90, M|272/272\n|turn|23\n|\n|t:|1781426682\n|move|p2a: Klawf|Stone Edge|p1a: Indeedee|[miss]\n|-miss|p2a: Klawf|p1a: Indeedee\n|move|p1a: Indeedee|Psyshock|p2a: Klawf\n|-damage|p2a: Klawf|155/272\n|-damage|p1a: Indeedee|92/272|[from] item: Life Orb\n|\n|upkeep\n|turn|24\n|\n|t:|1781426684\n|move|p2a: Klawf|Stone Edge|p1a: Indeedee\n|-damage|p1a: Indeedee|0 fnt\n|faint|p1a: Indeedee\n|\n|upkeep\n|\n|t:|1781426695\n|switch|p1a: Drednaw|Drednaw, L81, M|278/278\n|turn|25\n|\n|t:|1781426699\n|-terastallize|p1a: Drednaw|Water\n|move|p2a: Klawf|Stone Edge|p1a: Drednaw\n|-damage|p1a: Drednaw|157/278\n|move|p1a: Drednaw|Liquidation|p2a: Klawf\n|-supereffective|p2a: Klawf\n|-damage|p2a: Klawf|0 fnt\n|faint|p2a: Klawf\n|\n|win|1v1saregood\n|raw|1v1saregood's rating: 1955 &rarr; <strong>1972</strong><br />(+17 for winning)\n|raw|Arayze's rating: 1901 &rarr; <strong>1884</strong><br />(-17 for losing)\n", "uploadtime": 1781426400, "views": 3, "formatid": "gen9randombattle", "rating": 1884, "private": 0, "password": null}