{"id": "gen9randombattle-2631634830", "format": "[Gen 9] Random Battle", "players": ["OshModi", "mechroape"], "log": "|j|\u2606OshModi\n|j|\u2606mechroape\n|t:|1781412315\n|gametype|singles\n|player|p1|OshModi|hilbert|1993\n|player|p2|mechroape|brycen|1985\n|gen|9\n|tier|[Gen 9] Random Battle\n|rated|\n|rule|Species Clause: Limit one of each Pok\u00e9mon\n|rule|HP Percentage Mod: HP is shown in percentages\n|rule|Sleep Clause Mod: Limit one foe put to sleep\n|rule|Illusion Level Mod: Illusion disguises the Pok\u00e9mon's true level\n|\n|t:|1781412315\n|teamsize|p1|6\n|teamsize|p2|6\n|start\n|switch|p1a: Dondozo|Dondozo, L78, F|362/362\n|switch|p2a: Floatzel|Floatzel, L86, F|286/286\n|turn|1\n|inactive|Battle timer is ON: inactive players will automatically lose when time's up. (requested by OshModi)\n|\n|t:|1781412326\n|move|p2a: Floatzel|Taunt|p1a: Dondozo\n|-start|p1a: Dondozo|move: Taunt\n|cant|p1a: Dondozo|move: Taunt|Curse\n|\n|upkeep\n|turn|2\n|\n|t:|1781412331\n|switch|p2a: Porygon2|Porygon2, L81|270/270\n|-ability|p2a: Porygon2|Download|boost\n|-boost|p2a: Porygon2|spa|1\n|move|p1a: Dondozo|Wave Crash|p2a: Porygon2\n|-damage|p2a: Porygon2|197/270\n|-damage|p1a: Dondozo|338/362|[from] Recoil\n|\n|-heal|p1a: Dondozo|360/362|[from] item: Leftovers\n|upkeep\n|turn|3\n|\n|t:|1781412341\n|switch|p1a: Sudowoodo|Sudowoodo, L94, F|284/284\n|move|p2a: Porygon2|Discharge|p1a: Sudowoodo\n|-damage|p1a: Sudowoodo|194/284\n|\n|upkeep\n|turn|4\n|\n|t:|1781412346\n|move|p2a: Porygon2|Discharge|p1a: Sudowoodo\n|-damage|p1a: Sudowoodo|108/284\n|move|p1a: Sudowoodo|Head Smash|p2a: Porygon2\n|-damage|p2a: Porygon2|0 fnt\n|faint|p2a: Porygon2\n|\n|upkeep\n|\n|t:|1781412352\n|switch|p2a: Excadrill|Excadrill, L79, F|303/303\n|-ability|p2a: Excadrill|Mold Breaker\n|turn|5\n|\n|t:|1781412367\n|switch|p1a: Dondozo|Dondozo, L78, F|360/362\n|move|p2a: Excadrill|Earthquake|p1a: Dondozo\n|-damage|p1a: Dondozo|243/362\n|\n|-heal|p1a: Dondozo|265/362|[from] item: Leftovers\n|upkeep\n|turn|6\n|\n|t:|1781412376\n|switch|p2a: Alcremie|Alcremie-Mint-Cream, L90, F|263/263\n|move|p1a: Dondozo|Wave Crash|p2a: Alcremie\n|-damage|p2a: Alcremie|133/263\n|-damage|p1a: Dondozo|222/362|[from] Recoil\n|\n|-heal|p2a: Alcremie|149/263|[from] item: Leftovers\n|-heal|p1a: Dondozo|244/362|[from] item: Leftovers\n|upkeep\n|turn|7\n|\n|t:|1781412391\n|switch|p1a: Munkidori|Munkidori, L79, M|269/269\n|move|p2a: Alcremie|Alluring Voice|p1a: Munkidori\n|-resisted|p1a: Munkidori\n|-damage|p1a: Munkidori|209/269\n|\n|-heal|p2a: Alcremie|165/263|[from] item: Leftovers\n|upkeep\n|turn|8\n|\n|t:|1781412402\n|switch|p2a: Skuntank|Skuntank, L84, F|310/310\n|move|p1a: Munkidori|Psyshock|p2a: Skuntank\n|-immune|p2a: Skuntank\n|\n|upkeep\n|turn|9\n|\n|t:|1781412410\n|switch|p1a: Wyrdeer|Wyrdeer, L87, M|321/321\n|-ability|p1a: Wyrdeer|Intimidate|boost\n|-unboost|p2a: Skuntank|atk|1\n|move|p2a: Skuntank|Knock Off|p1a: Wyrdeer\n|-supereffective|p1a: Wyrdeer\n|-damage|p1a: Wyrdeer|110/321\n|-enditem|p1a: Wyrdeer|Leftovers|[from] move: Knock Off|[of] p2a: Skuntank\n|-damage|p2a: Skuntank|279/310|[from] item: Life Orb\n|\n|upkeep\n|turn|10\n|\n|t:|1781412422\n|move|p2a: Skuntank|Knock Off|p1a: Wyrdeer\n|-supereffective|p1a: Wyrdeer\n|-damage|p1a: Wyrdeer|0 fnt\n|faint|p1a: Wyrdeer\n|-damage|p2a: Skuntank|248/310|[from] item: Life Orb\n|\n|upkeep\n|\n|t:|1781412427\n|switch|p1a: Sudowoodo|Sudowoodo, L94, F|108/284\n|turn|11\n|\n|t:|1781412433\n|switch|p2a: Excadrill|Excadrill, L79, F|303/303\n|-ability|p2a: Excadrill|Mold Breaker\n|move|p1a: Sudowoodo|Earthquake|p2a: Excadrill\n|-supereffective|p2a: Excadrill\n|-damage|p2a: Excadrill|0 fnt\n|faint|p2a: Excadrill\n|\n|upkeep\n|\n|t:|1781412436\n|switch|p2a: Floatzel|Floatzel, L86, F|286/286\n|turn|12\n|\n|t:|1781412440\n|move|p2a: Floatzel|Taunt|p1a: Sudowoodo\n|-start|p1a: Sudowoodo|move: Taunt\n|move|p1a: Sudowoodo|Earthquake|p2a: Floatzel\n|-damage|p2a: Floatzel|117/286\n|\n|-heal|p2a: Floatzel|134/286|[from] item: Leftovers\n|upkeep\n|turn|13\n|\n|t:|1781412442\n|move|p2a: Floatzel|Wave Crash|p1a: Sudowoodo\n|-supereffective|p1a: Sudowoodo\n|-damage|p1a: Sudowoodo|0 fnt\n|faint|p1a: Sudowoodo\n|-damage|p2a: Floatzel|98/286|[from] Recoil\n|\n|-heal|p2a: Floatzel|115/286|[from] item: Leftovers\n|upkeep\n|\n|t:|1781412464\n|switch|p1a: Primarina|Primarina, L83, M|268/268\n|turn|14\n|\n|t:|1781412469\n|move|p2a: Floatzel|Wave Crash|p1a: Primarina\n|-resisted|p1a: Primarina\n|-damage|p1a: Primarina|183/268\n|-damage|p2a: Floatzel|87/286|[from] Recoil\n|move|p1a: Primarina|Moonblast|p2a: Floatzel\n|-damage|p2a: Floatzel|0 fnt\n|faint|p2a: Floatzel\n|\n|upkeep\n|\n|t:|1781412473\n|switch|p2a: Skuntank|Skuntank, L84, F|248/310\n|turn|15\n|\n|t:|1781412479\n|move|p2a: Skuntank|Toxic Spikes|p1a: Primarina\n|-sidestart|p1: OshModi|move: Toxic Spikes\n|move|p1a: Primarina|Moonblast|p2a: Skuntank\n|-damage|p2a: Skuntank|13/310\n|-unboost|p2a: Skuntank|spa|1\n|\n|upkeep\n|turn|16\n|\n|t:|1781412482\n|move|p2a: Skuntank|Gunk Shot|p1a: Primarina\n|-supereffective|p1a: Primarina\n|-damage|p1a: Primarina|0 fnt\n|faint|p1a: Primarina\n|-damage|p2a: Skuntank|0 fnt|[from] item: Life Orb\n|faint|p2a: Skuntank\n|\n|upkeep\n|\n|t:|1781412488\n|switch|p2a: Volcarona|Volcarona, L77, M|257/257\n|switch|p1a: Munkidori|Munkidori, L79, M|209/269\n|-sideend|p1: OshModi|move: Toxic Spikes|[of] p1a: Munkidori\n|turn|17\n|\n|t:|1781412502\n|move|p1a: Munkidori|Psyshock|p2a: Volcarona\n|-damage|p2a: Volcarona|97/257\n|-damage|p1a: Munkidori|183/269|[from] item: Life Orb\n|move|p2a: Volcarona|Quiver Dance|p2a: Volcarona\n|-boost|p2a: Volcarona|spa|1\n|-boost|p2a: Volcarona|spd|1\n|-boost|p2a: Volcarona|spe|1\n|\n|upkeep\n|turn|18\n|\n|t:|1781412509\n|move|p2a: Volcarona|Fire Blast|p1a: Munkidori\n|-damage|p1a: Munkidori|2/269\n|-status|p1a: Munkidori|brn\n|move|p1a: Munkidori|Psyshock|p2a: Volcarona\n|-damage|p2a: Volcarona|0 fnt\n|faint|p2a: Volcarona\n|-damage|p1a: Munkidori|0 fnt|[from] item: Life Orb\n|faint|p1a: Munkidori\n|\n|upkeep\n|\n|t:|1781412525\n|switch|p1a: Florges|Florges, L85, F|271/271\n|switch|p2a: Alcremie|Alcremie-Mint-Cream, L90, F|165/263\n|turn|19\n|-message|mechroape forfeited.\n|\n|win|OshModi\n", "uploadtime": 1781412317, "views": 3, "formatid": "gen9randombattle", "rating": null, "private": 0, "password": null}