{"id": "gen9randombattle-2631839080", "format": "[Gen 9] Random Battle", "players": ["Mcnoodle", "ColdWaterSteam"], "log": "|j|\u2606Mcnoodle\n|j|\u2606ColdWaterSteam\n|t:|1781446638\n|gametype|singles\n|player|p1|Mcnoodle|backpacker|2086\n|player|p2|ColdWaterSteam|2|2059\n|gen|9\n|tier|[Gen 9] Random Battle\n|rated|\n|rule|Species Clause: Limit one of each Pok\u00e9mon\n|rule|HP Percentage Mod: HP is shown in percentages\n|rule|Sleep Clause Mod: Limit one foe put to sleep\n|rule|Illusion Level Mod: Illusion disguises the Pok\u00e9mon's true level\n|\n|t:|1781446638\n|teamsize|p1|6\n|teamsize|p2|6\n|start\n|switch|p1a: Dragalge|Dragalge, L88, M|258/258\n|switch|p2a: Hitmonchan|Hitmonchan, L87, M|229/229\n|turn|1\n|inactive|Battle timer is ON: inactive players will automatically lose when time's up. (requested by ColdWaterSteam)\n|inactive|Mcnoodle also wants the timer to be on.\n|inactive|Mcnoodle has 120 seconds left.\n|\n|t:|1781446696\n|move|p2a: Hitmonchan|Knock Off|p1a: Dragalge\n|-damage|p1a: Dragalge|190/258\n|-enditem|p1a: Dragalge|Assault Vest|[from] move: Knock Off|[of] p2a: Hitmonchan\n|move|p1a: Dragalge|Sludge Wave|p2a: Hitmonchan\n|-damage|p2a: Hitmonchan|99/229\n|\n|-heal|p2a: Hitmonchan|113/229|[from] item: Leftovers\n|upkeep\n|turn|2\n|\n|t:|1781446713\n|switch|p2a: Donphan|Donphan, L84, M|288/288\n|move|p1a: Dragalge|Draco Meteor|p2a: Donphan\n|-damage|p2a: Donphan|44/288\n|-unboost|p1a: Dragalge|spa|2\n|\n|-heal|p2a: Donphan|62/288|[from] item: Leftovers\n|upkeep\n|turn|3\n|\n|t:|1781446724\n|switch|p1a: Sawsbuck|Sawsbuck-Summer, L88, M|284/284\n|move|p2a: Donphan|Stealth Rock|p1a: Sawsbuck\n|-sidestart|p1: Mcnoodle|move: Stealth Rock\n|\n|-heal|p2a: Donphan|80/288|[from] item: Leftovers\n|upkeep\n|turn|4\n|\n|t:|1781446733\n|move|p1a: Sawsbuck|Horn Leech|p2a: Donphan\n|-supereffective|p2a: Donphan\n|-damage|p2a: Donphan|0 fnt\n|faint|p2a: Donphan\n|-damage|p1a: Sawsbuck|256/284|[from] item: Life Orb\n|\n|upkeep\n|\n|t:|1781446739\n|switch|p2a: Talonflame|Talonflame, L83, F|265/265\n|turn|5\n|\n|t:|1781446750\n|switch|p1a: Carbink|Carbink, L90|236/236\n|-damage|p1a: Carbink|207/236|[from] Stealth Rock\n|move|p2a: Talonflame|U-turn|p1a: Carbink\n|-resisted|p1a: Carbink\n|-damage|p1a: Carbink|194/236\n|\n|t:|1781446769\n|switch|p2a: Hitmonchan|Hitmonchan, L87, M|113/229|[from] U-turn\n|\n|-heal|p2a: Hitmonchan|127/229|[from] item: Leftovers\n|-heal|p1a: Carbink|208/236|[from] item: Leftovers\n|upkeep\n|turn|6\n|\n|t:|1781446777\n|move|p2a: Hitmonchan|Knock Off|p1a: Carbink\n|-resisted|p1a: Carbink\n|-damage|p1a: Carbink|185/236\n|-enditem|p1a: Carbink|Leftovers|[from] move: Knock Off|[of] p2a: Hitmonchan\n|move|p1a: Carbink|Moonblast|p2a: Hitmonchan\n|-supereffective|p2a: Hitmonchan\n|-crit|p2a: Hitmonchan\n|-damage|p2a: Hitmonchan|0 fnt\n|faint|p2a: Hitmonchan\n|\n|upkeep\n|\n|t:|1781446797\n|switch|p2a: Vigoroth|Vigoroth, L85, M|275/275\n|turn|7\n|\n|t:|1781446803\n|move|p2a: Vigoroth|Bulk Up|p2a: Vigoroth\n|-boost|p2a: Vigoroth|atk|1\n|-boost|p2a: Vigoroth|def|1\n|move|p1a: Carbink|Iron Defense|p1a: Carbink\n|-boost|p1a: Carbink|def|2\n|\n|upkeep\n|turn|8\n|\n|t:|1781446807\n|move|p2a: Vigoroth|Earthquake|p1a: Carbink\n|-supereffective|p1a: Carbink\n|-damage|p1a: Carbink|121/236\n|move|p1a: Carbink|Iron Defense|p1a: Carbink\n|-boost|p1a: Carbink|def|2\n|\n|upkeep\n|turn|9\n|\n|t:|1781446815\n|switch|p2a: Talonflame|Talonflame, L83, F|265/265\n|move|p1a: Carbink|Body Press|p2a: Talonflame\n|-resisted|p2a: Talonflame\n|-damage|p2a: Talonflame|106/265\n|-status|p1a: Carbink|brn|[from] ability: Flame Body|[of] p2a: Talonflame\n|\n|-damage|p1a: Carbink|107/236 brn|[from] brn\n|upkeep\n|turn|10\n|\n|t:|1781446823\n|move|p2a: Talonflame|Roost|p2a: Talonflame\n|-heal|p2a: Talonflame|239/265\n|-singleturn|p2a: Talonflame|move: Roost\n|move|p1a: Carbink|Body Press|p2a: Talonflame\n|-damage|p2a: Talonflame|68/265\n|\n|-damage|p1a: Carbink|93/236 brn|[from] brn\n|upkeep\n|turn|11\n|\n|t:|1781446827\n|move|p2a: Talonflame|Roost|p2a: Talonflame\n|-heal|p2a: Talonflame|201/265\n|-singleturn|p2a: Talonflame|move: Roost\n|move|p1a: Carbink|Body Press|p2a: Talonflame\n|-damage|p2a: Talonflame|40/265\n|\n|-damage|p1a: Carbink|79/236 brn|[from] brn\n|upkeep\n|turn|12\n|\n|t:|1781446839\n|move|p2a: Talonflame|Roost|p2a: Talonflame\n|-heal|p2a: Talonflame|173/265\n|-singleturn|p2a: Talonflame|move: Roost\n|move|p1a: Carbink|Body Press|p2a: Talonflame\n|-damage|p2a: Talonflame|0 fnt\n|faint|p2a: Talonflame\n|\n|-damage|p1a: Carbink|65/236 brn|[from] brn\n|upkeep\n|\n|t:|1781446851\n|switch|p2a: Chesnaught|Chesnaught, L84, F|285/285\n|turn|13\n|\n|t:|1781446856\n|move|p2a: Chesnaught|Iron Defense|p2a: Chesnaught\n|-boost|p2a: Chesnaught|def|2\n|move|p1a: Carbink|Body Press|p2a: Chesnaught\n|-damage|p2a: Chesnaught|230/285\n|\n|-heal|p2a: Chesnaught|247/285|[from] item: Leftovers\n|-damage|p1a: Carbink|51/236 brn|[from] brn\n|upkeep\n|turn|14\n|\n|t:|1781446859\n|move|p2a: Chesnaught|Trailblaze|p1a: Carbink\n|-supereffective|p1a: Carbink\n|-damage|p1a: Carbink|27/236 brn\n|-boost|p2a: Chesnaught|spe|1\n|move|p1a: Carbink|Moonblast|p2a: Chesnaught\n|-supereffective|p2a: Chesnaught\n|-damage|p2a: Chesnaught|71/285\n|\n|-heal|p2a: Chesnaught|88/285|[from] item: Leftovers\n|-damage|p1a: Carbink|13/236 brn|[from] brn\n|upkeep\n|turn|15\n|\n|t:|1781446870\n|-terastallize|p2a: Chesnaught|Steel\n|move|p2a: Chesnaught|Synthesis|p2a: Chesnaught\n|-heal|p2a: Chesnaught|230/285\n|move|p1a: Carbink|Moonblast|p2a: Chesnaught\n|-resisted|p2a: Chesnaught\n|-damage|p2a: Chesnaught|188/285\n|-unboost|p2a: Chesnaught|spa|1\n|\n|-heal|p2a: Chesnaught|205/285|[from] item: Leftovers\n|-damage|p1a: Carbink|0 fnt|[from] brn\n|faint|p1a: Carbink\n|upkeep\n|\n|t:|1781446875\n|switch|p1a: Dragalge|Dragalge, L88, M|190/258\n|-damage|p1a: Dragalge|158/258|[from] Stealth Rock\n|turn|16\n|l|\u2606ColdWaterSteam\n|inactive|ColdWaterSteam disconnected and has a minute to reconnect!\n|player|p2|\n|inactive|ColdWaterSteam has 30 seconds to reconnect!\n|inactive|Mcnoodle has 120 seconds left.\n|inactive|ColdWaterSteam has 20 seconds to reconnect!\n|j|\u2606ColdWaterSteam\n|inactive|ColdWaterSteam reconnected and has 95 seconds left.\n|player|p2|ColdWaterSteam|2|\n|inactive|ColdWaterSteam has 90 seconds left.\n|\n|t:|1781446949\n|move|p2a: Chesnaught|Body Press|p1a: Dragalge\n|-resisted|p1a: Dragalge\n|-damage|p1a: Dragalge|58/258\n|move|p1a: Dragalge|Focus Blast|p2a: Chesnaught\n|-immune|p2a: Chesnaught|[from] ability: Bulletproof\n|\n|-heal|p2a: Chesnaught|222/285|[from] item: Leftovers\n|upkeep\n|turn|17\n|\n|t:|1781446958\n|move|p2a: Chesnaught|Body Press|p1a: Dragalge\n|-resisted|p1a: Dragalge\n|-damage|p1a: Dragalge|0 fnt\n|faint|p1a: Dragalge\n|\n|-heal|p2a: Chesnaught|239/285|[from] item: Leftovers\n|upkeep\n|inactive|Mcnoodle has 120 seconds left.\n|\n|t:|1781446966\n|switch|p1a: Politoed|Politoed, L88, M|302/302\n|-damage|p1a: Politoed|265/302|[from] Stealth Rock\n|-weather|RainDance|[from] ability: Drizzle|[of] p1a: Politoed\n|turn|18\n|inactive|ColdWaterSteam has 90 seconds left.\n|inactive|Mcnoodle has 120 seconds left.\n|\n|t:|1781446982\n|-terastallize|p1a: Politoed|Water\n|move|p2a: Chesnaught|Body Press|p1a: Politoed\n|-damage|p1a: Politoed|66/302\n|move|p1a: Politoed|Weather Ball|p2a: Chesnaught\n|-immune|p2a: Chesnaught|[from] ability: Bulletproof\n|\n|-weather|RainDance|[upkeep]\n|-heal|p2a: Chesnaught|256/285|[from] item: Leftovers\n|upkeep\n|turn|19\n|inactive|ColdWaterSteam has 90 seconds left.\n|-message|Mcnoodle forfeited.\n|\n|win|ColdWaterSteam\n", "uploadtime": 1781446640, "views": 4, "formatid": "gen9randombattle", "rating": null, "private": 0, "password": null}