{"id": "gen9randombattle-2631966592", "format": "[Gen 9] Random Battle", "players": ["GabrielTaq", "BlkbearTrapSound"], "log": "|j|\u2606GabrielTaq\n|j|\u2606BlkbearTrapSound\n|t:|1781460803\n|gametype|singles\n|player|p1|GabrielTaq|169|1020\n|player|p2|BlkbearTrapSound|cynthia-gen4|1050\n|gen|9\n|tier|[Gen 9] Random Battle\n|rated|\n|rule|Species Clause: Limit one of each Pok\u00e9mon\n|rule|HP Percentage Mod: HP is shown in percentages\n|rule|Sleep Clause Mod: Limit one foe put to sleep\n|rule|Illusion Level Mod: Illusion disguises the Pok\u00e9mon's true level\n|\n|t:|1781460803\n|teamsize|p1|6\n|teamsize|p2|6\n|start\n|switch|p1a: Oinkologne|Oinkologne-F, L92, F|361/361\n|switch|p2a: Banette|Banette, L93, F|270/270\n|turn|1\n|\n|t:|1781460814\n|move|p2a: Banette|Gunk Shot|p1a: Oinkologne|[miss]\n|-miss|p2a: Banette|p1a: Oinkologne\n|move|p1a: Oinkologne|Curse|p1a: Oinkologne\n|-unboost|p1a: Oinkologne|spe|1\n|-boost|p1a: Oinkologne|atk|1\n|-boost|p1a: Oinkologne|def|1\n|\n|upkeep\n|turn|2\n|\n|t:|1781460825\n|move|p2a: Banette|Gunk Shot|p1a: Oinkologne|[miss]\n|-miss|p2a: Banette|p1a: Oinkologne\n|move|p1a: Oinkologne|Rest|p1a: Oinkologne\n|-fail|p1a: Oinkologne|heal\n|\n|upkeep\n|turn|3\n|\n|t:|1781460833\n|move|p2a: Banette|Gunk Shot|p1a: Oinkologne\n|-damage|p1a: Oinkologne|248/361\n|-damage|p2a: Banette|243/270|[from] item: Life Orb\n|move|p1a: Oinkologne|Curse|p1a: Oinkologne\n|-unboost|p1a: Oinkologne|spe|1\n|-boost|p1a: Oinkologne|atk|1\n|-boost|p1a: Oinkologne|def|1\n|\n|-heal|p1a: Oinkologne|270/361|[from] item: Leftovers\n|upkeep\n|turn|4\n|\n|t:|1781460845\n|move|p2a: Banette|Swords Dance|p2a: Banette\n|-boost|p2a: Banette|atk|2\n|move|p1a: Oinkologne|Rest|p1a: Oinkologne\n|-status|p1a: Oinkologne|slp|[from] move: Rest\n|-heal|p1a: Oinkologne|361/361 slp|[silent]\n|\n|upkeep\n|turn|5\n|\n|t:|1781460858\n|switch|p1a: Veluza|Veluza, L85, M|292/292\n|move|p2a: Banette|Gunk Shot|p1a: Veluza\n|-damage|p1a: Veluza|0 fnt\n|faint|p1a: Veluza\n|-damage|p2a: Banette|216/270|[from] item: Life Orb\n|\n|upkeep\n|\n|t:|1781460867\n|switch|p1a: Crawdaunt|Crawdaunt, L84, F|243/243\n|turn|6\n|\n|t:|1781460876\n|move|p2a: Banette|Swords Dance|p2a: Banette\n|-boost|p2a: Banette|atk|2\n|move|p1a: Crawdaunt|Knock Off|p2a: Banette\n|-supereffective|p2a: Banette\n|-damage|p2a: Banette|0 fnt\n|-enditem|p2a: Banette|Life Orb|[from] move: Knock Off|[of] p1a: Crawdaunt\n|faint|p2a: Banette\n|-damage|p1a: Crawdaunt|219/243|[from] item: Life Orb\n|\n|upkeep\n|\n|t:|1781460888\n|switch|p2a: Sudowoodo|Sudowoodo, L94, F|284/284\n|turn|7\n|\n|t:|1781460894\n|move|p1a: Crawdaunt|Crabhammer|p2a: Sudowoodo\n|-supereffective|p2a: Sudowoodo\n|-damage|p2a: Sudowoodo|0 fnt\n|faint|p2a: Sudowoodo\n|-damage|p1a: Crawdaunt|195/243|[from] item: Life Orb\n|\n|upkeep\n|\n|t:|1781460903\n|switch|p2a: Espathra|Espathra, L80, M|283/283\n|turn|8\n|\n|t:|1781460913\n|move|p2a: Espathra|Dazzling Gleam|p1a: Crawdaunt\n|-supereffective|p1a: Crawdaunt\n|-damage|p1a: Crawdaunt|57/243\n|move|p1a: Crawdaunt|Knock Off|p2a: Espathra\n|-supereffective|p2a: Espathra\n|-damage|p2a: Espathra|0 fnt\n|-enditem|p2a: Espathra|Leftovers|[from] move: Knock Off|[of] p1a: Crawdaunt\n|faint|p2a: Espathra\n|-damage|p1a: Crawdaunt|33/243|[from] item: Life Orb\n|\n|upkeep\n|\n|t:|1781460924\n|switch|p2a: Mimikyu|Mimikyu, L79, M|216/216\n|turn|9\n|\n|t:|1781460930\n|move|p2a: Mimikyu|Play Rough|p1a: Crawdaunt\n|-supereffective|p1a: Crawdaunt\n|-damage|p1a: Crawdaunt|0 fnt\n|faint|p1a: Crawdaunt\n|-damage|p2a: Mimikyu|195/216|[from] item: Life Orb\n|\n|upkeep\n|\n|t:|1781460945\n|switch|p1a: Slowking|Slowking-Galar, L85, F|300/300\n|turn|10\n|\n|t:|1781460951\n|move|p2a: Mimikyu|Shadow Claw|p1a: Slowking\n|-supereffective|p1a: Slowking\n|-damage|p1a: Slowking|144/300\n|-damage|p2a: Mimikyu|174/216|[from] item: Life Orb\n|move|p1a: Slowking|Sludge Bomb|p2a: Mimikyu\n|-activate|p2a: Mimikyu|ability: Disguise\n|-damage|p2a: Mimikyu|174/216\n|detailschange|p2a: Mimikyu|Mimikyu-Busted, L79, M\n|-damage|p2a: Mimikyu|147/216|[from] pokemon: Mimikyu-Busted\n|\n|upkeep\n|turn|11\n|\n|t:|1781460964\n|-terastallize|p2a: Mimikyu|Fairy\n|move|p2a: Mimikyu|Shadow Claw|p1a: Slowking\n|-supereffective|p1a: Slowking\n|-damage|p1a: Slowking|0 fnt\n|faint|p1a: Slowking\n|-damage|p2a: Mimikyu|126/216|[from] item: Life Orb\n|\n|upkeep\n|\n|t:|1781460974\n|switch|p1a: Emboar|Emboar, L84, M|322/322\n|turn|12\n|\n|t:|1781460990\n|move|p2a: Mimikyu|Shadow Claw|p1a: Emboar\n|-damage|p1a: Emboar|215/322\n|-damage|p2a: Mimikyu|105/216|[from] item: Life Orb\n|move|p1a: Emboar|Drain Punch|p2a: Mimikyu\n|-resisted|p2a: Mimikyu\n|-damage|p2a: Mimikyu|55/216\n|-heal|p1a: Emboar|240/322|[from] drain|[of] p2a: Mimikyu\n|\n|-heal|p1a: Emboar|260/322|[from] item: Leftovers\n|upkeep\n|turn|13\n|\n|t:|1781461003\n|move|p2a: Mimikyu|Play Rough|p1a: Emboar\n|-damage|p1a: Emboar|78/322\n|-damage|p2a: Mimikyu|34/216|[from] item: Life Orb\n|move|p1a: Emboar|Flare Blitz|p2a: Mimikyu\n|-damage|p2a: Mimikyu|0 fnt\n|faint|p2a: Mimikyu\n|-damage|p1a: Emboar|67/322|[from] Recoil\n|\n|-heal|p1a: Emboar|87/322|[from] item: Leftovers\n|upkeep\n|\n|t:|1781461014\n|switch|p2a: Crabominable|Crabominable, L90, F|321/321\n|turn|14\n|\n|t:|1781461019\n|move|p1a: Emboar|Flare Blitz|p2a: Crabominable\n|-supereffective|p2a: Crabominable\n|-damage|p2a: Crabominable|0 fnt\n|faint|p2a: Crabominable\n|-damage|p1a: Emboar|0 fnt|[from] Recoil\n|faint|p1a: Emboar\n|\n|upkeep\n|\n|t:|1781461032\n|switch|p1a: Oinkologne|Oinkologne-F, L92, F|361/361 slp\n|switch|p2a: Scovillain|Scovillain, L91, M|266/266\n|turn|15\n|\n|t:|1781461045\n|move|p2a: Scovillain|Flamethrower|p1a: Oinkologne\n|-damage|p1a: Oinkologne|310/361 slp\n|cant|p1a: Oinkologne|slp\n|move|p1a: Oinkologne|Sleep Talk|p1a: Oinkologne\n|move|p1a: Oinkologne|Body Slam|p2a: Scovillain|[from] move: Sleep Talk\n|-damage|p2a: Scovillain|155/266\n|\n|-heal|p2a: Scovillain|171/266|[from] item: Leftovers\n|-heal|p1a: Oinkologne|332/361 slp|[from] item: Leftovers\n|upkeep\n|turn|16\n|\n|t:|1781461059\n|move|p2a: Scovillain|Leech Seed|p1a: Oinkologne\n|-start|p1a: Oinkologne|move: Leech Seed\n|cant|p1a: Oinkologne|slp\n|\n|-heal|p2a: Scovillain|187/266|[from] item: Leftovers\n|-heal|p1a: Oinkologne|354/361 slp|[from] item: Leftovers\n|-damage|p1a: Oinkologne|309/361 slp|[from] Leech Seed|[of] p2a: Scovillain\n|-heal|p2a: Scovillain|232/266|[silent]\n|upkeep\n|turn|17\n|\n|t:|1781461069\n|move|p2a: Scovillain|Flamethrower|p1a: Oinkologne\n|-damage|p1a: Oinkologne|258/361 slp\n|-curestatus|p1a: Oinkologne|slp|[msg]\n|move|p1a: Oinkologne|Body Slam|p2a: Scovillain\n|-damage|p2a: Scovillain|106/266\n|\n|-heal|p2a: Scovillain|122/266|[from] item: Leftovers\n|-heal|p1a: Oinkologne|280/361|[from] item: Leftovers\n|-damage|p1a: Oinkologne|235/361|[from] Leech Seed|[of] p2a: Scovillain\n|-heal|p2a: Scovillain|167/266|[silent]\n|upkeep\n|turn|18\n|\n|t:|1781461082\n|move|p2a: Scovillain|Substitute|p2a: Scovillain\n|-start|p2a: Scovillain|Substitute\n|-damage|p2a: Scovillain|101/266\n|move|p1a: Oinkologne|Body Slam|p2a: Scovillain\n|-end|p2a: Scovillain|Substitute\n|\n|-heal|p2a: Scovillain|117/266|[from] item: Leftovers\n|-heal|p1a: Oinkologne|257/361|[from] item: Leftovers\n|-damage|p1a: Oinkologne|212/361|[from] Leech Seed|[of] p2a: Scovillain\n|-heal|p2a: Scovillain|162/266|[silent]\n|upkeep\n|turn|19\n|\n|t:|1781461092\n|move|p2a: Scovillain|Protect|p2a: Scovillain\n|-singleturn|p2a: Scovillain|Protect\n|move|p1a: Oinkologne|Body Slam|p2a: Scovillain\n|-activate|p2a: Scovillain|move: Protect\n|\n|-heal|p2a: Scovillain|178/266|[from] item: Leftovers\n|-heal|p1a: Oinkologne|234/361|[from] item: Leftovers\n|-damage|p1a: Oinkologne|189/361|[from] Leech Seed|[of] p2a: Scovillain\n|-heal|p2a: Scovillain|223/266|[silent]\n|upkeep\n|turn|20\n|\n|t:|1781461107\n|move|p2a: Scovillain|Protect||[still]\n|-fail|p2a: Scovillain\n|move|p1a: Oinkologne|Body Slam|p2a: Scovillain\n|-damage|p2a: Scovillain|117/266\n|\n|-heal|p2a: Scovillain|133/266|[from] item: Leftovers\n|-heal|p1a: Oinkologne|211/361|[from] item: Leftovers\n|-damage|p1a: Oinkologne|166/361|[from] Leech Seed|[of] p2a: Scovillain\n|-heal|p2a: Scovillain|178/266|[silent]\n|upkeep\n|turn|21\n|\n|t:|1781461118\n|move|p2a: Scovillain|Protect|p2a: Scovillain\n|-singleturn|p2a: Scovillain|Protect\n|move|p1a: Oinkologne|Body Slam|p2a: Scovillain\n|-activate|p2a: Scovillain|move: Protect\n|\n|-heal|p2a: Scovillain|194/266|[from] item: Leftovers\n|-heal|p1a: Oinkologne|188/361|[from] item: Leftovers\n|-damage|p1a: Oinkologne|143/361|[from] Leech Seed|[of] p2a: Scovillain\n|-heal|p2a: Scovillain|239/266|[silent]\n|upkeep\n|turn|22\n|\n|t:|1781461129\n|move|p2a: Scovillain|Substitute|p2a: Scovillain\n|-start|p2a: Scovillain|Substitute\n|-damage|p2a: Scovillain|173/266\n|move|p1a: Oinkologne|Body Slam|p2a: Scovillain\n|-end|p2a: Scovillain|Substitute\n|\n|-heal|p2a: Scovillain|189/266|[from] item: Leftovers\n|-heal|p1a: Oinkologne|165/361|[from] item: Leftovers\n|-damage|p1a: Oinkologne|120/361|[from] Leech Seed|[of] p2a: Scovillain\n|-heal|p2a: Scovillain|234/266|[silent]\n|upkeep\n|turn|23\n|\n|t:|1781461143\n|move|p2a: Scovillain|Protect|p2a: Scovillain\n|-singleturn|p2a: Scovillain|Protect\n|move|p1a: Oinkologne|Body Slam|p2a: Scovillain\n|-activate|p2a: Scovillain|move: Protect\n|\n|-heal|p2a: Scovillain|250/266|[from] item: Leftovers\n|-heal|p1a: Oinkologne|142/361|[from] item: Leftovers\n|-damage|p1a: Oinkologne|97/361|[from] Leech Seed|[of] p2a: Scovillain\n|-heal|p2a: Scovillain|266/266|[silent]\n|upkeep\n|turn|24\n|\n|t:|1781461154\n|move|p2a: Scovillain|Substitute|p2a: Scovillain\n|-start|p2a: Scovillain|Substitute\n|-damage|p2a: Scovillain|200/266\n|move|p1a: Oinkologne|Sleep Talk||[still]\n|-fail|p1a: Oinkologne\n|\n|-heal|p2a: Scovillain|216/266|[from] item: Leftovers\n|-heal|p1a: Oinkologne|119/361|[from] item: Leftovers\n|-damage|p1a: Oinkologne|74/361|[from] Leech Seed|[of] p2a: Scovillain\n|-heal|p2a: Scovillain|261/266|[silent]\n|upkeep\n|turn|25\n|\n|t:|1781461164\n|move|p2a: Scovillain|Flamethrower|p1a: Oinkologne\n|-damage|p1a: Oinkologne|14/361\n|move|p1a: Oinkologne|Sleep Talk||[still]\n|-fail|p1a: Oinkologne\n|\n|-heal|p2a: Scovillain|266/266|[from] item: Leftovers\n|-heal|p1a: Oinkologne|36/361|[from] item: Leftovers\n|-damage|p1a: Oinkologne|0 fnt|[from] Leech Seed|[of] p2a: Scovillain\n|faint|p1a: Oinkologne\n|upkeep\n|\n|t:|1781461175\n|switch|p1a: Iron Valiant|Iron Valiant, L78|244/244\n|turn|26\n|\n|t:|1781461180\n|move|p1a: Iron Valiant|Moonblast|p2a: Scovillain\n|-resisted|p2a: Scovillain\n|-end|p2a: Scovillain|Substitute\n|-damage|p1a: Iron Valiant|220/244|[from] item: Life Orb\n|move|p2a: Scovillain|Flamethrower|p1a: Iron Valiant\n|-damage|p1a: Iron Valiant|39/244\n|\n|upkeep\n|turn|27\n|\n|t:|1781461192\n|move|p1a: Iron Valiant|Moonblast|p2a: Scovillain\n|-resisted|p2a: Scovillain\n|-damage|p2a: Scovillain|195/266\n|-damage|p1a: Iron Valiant|15/244|[from] item: Life Orb\n|move|p2a: Scovillain|Leech Seed|p1a: Iron Valiant\n|-start|p1a: Iron Valiant|move: Leech Seed\n|\n|-heal|p2a: Scovillain|211/266|[from] item: Leftovers\n|-damage|p1a: Iron Valiant|0 fnt|[from] Leech Seed|[of] p2a: Scovillain\n|-heal|p2a: Scovillain|226/266|[silent]\n|faint|p1a: Iron Valiant\n|-end|p1a: Iron Valiant|Quark Drive|[silent]\n|\n|win|BlkbearTrapSound\n|raw|GabrielTaq's rating: 1020 &rarr; <strong>1008</strong><br />(-12 for losing)\n|raw|BlkbearTrapSound's rating: 1050 &rarr; <strong>1080</strong><br />(+30 for winning)\n|c|\u2606BlkbearTrapSound|LOL GG\n|l|\u2606GabrielTaq\n|player|p1|\n", "uploadtime": 1781461210, "views": 4, "formatid": "gen9randombattle", "rating": 1008, "private": 0, "password": null}