{"id": "gen9randombattle-2631816170", "format": "[Gen 9] Random Battle", "players": ["joonnabi", "Kieskauer"], "log": "|j|\u2606joonnabi\n|j|\u2606Kieskauer\n|t:|1781443755\n|gametype|singles\n|player|p1|joonnabi|linebacker|1926\n|player|p2|Kieskauer|265|2005\n|gen|9\n|tier|[Gen 9] Random Battle\n|rated|\n|rule|Species Clause: Limit one of each Pok\u00e9mon\n|rule|HP Percentage Mod: HP is shown in percentages\n|rule|Sleep Clause Mod: Limit one foe put to sleep\n|rule|Illusion Level Mod: Illusion disguises the Pok\u00e9mon's true level\n|\n|t:|1781443755\n|teamsize|p1|6\n|teamsize|p2|6\n|start\n|switch|p1a: Brute Bonnet|Brute Bonnet, L80|309/309\n|switch|p2a: Roaring Moon|Roaring Moon, L72|270/270\n|turn|1\n|inactive|Battle timer is ON: inactive players will automatically lose when time's up. (requested by joonnabi)\n|\n|t:|1781443784\n|-end|p2a: Roaring Moon|Protosynthesis|[silent]\n|switch|p2a: Weezing|Weezing, L88, M|258/258\n|move|p1a: Brute Bonnet|Spore|p2a: Weezing\n|-status|p2a: Weezing|slp|[from] move: Spore\n|\n|upkeep\n|turn|2\n|\n|t:|1781443798\n|-end|p1a: Brute Bonnet|Protosynthesis|[silent]\n|switch|p1a: Veluza|Veluza, L85, F|292/292\n|cant|p2a: Weezing|slp\n|\n|upkeep\n|turn|3\n|\n|t:|1781443804\n|switch|p2a: Roaring Moon|Roaring Moon, L72|270/270\n|move|p1a: Veluza|Fillet Away|p1a: Veluza\n|-boost|p1a: Veluza|atk|2\n|-boost|p1a: Veluza|spa|2\n|-boost|p1a: Veluza|spe|2\n|-damage|p1a: Veluza|146/292\n|-enditem|p1a: Veluza|Sitrus Berry|[eat]\n|-heal|p1a: Veluza|219/292|[from] item: Sitrus Berry\n|\n|upkeep\n|turn|4\n|\n|t:|1781443828\n|move|p1a: Veluza|Aqua Cutter|p2a: Roaring Moon\n|-resisted|p2a: Roaring Moon\n|-damage|p2a: Roaring Moon|117/270\n|move|p2a: Roaring Moon|Knock Off|p1a: Veluza\n|-supereffective|p1a: Veluza\n|-damage|p1a: Veluza|67/292\n|\n|upkeep\n|turn|5\n|\n|t:|1781443833\n|move|p1a: Veluza|Aqua Cutter|p2a: Roaring Moon\n|-resisted|p2a: Roaring Moon\n|-damage|p2a: Roaring Moon|0 fnt\n|faint|p2a: Roaring Moon\n|-end|p2a: Roaring Moon|Protosynthesis|[silent]\n|\n|upkeep\n|inactive|Kieskauer has 120 seconds left.\n|\n|t:|1781443861\n|switch|p2a: Iron Boulder|Iron Boulder, L77|265/265\n|-enditem|p2a: Iron Boulder|Booster Energy\n|-activate|p2a: Iron Boulder|ability: Quark Drive|[fromitem]\n|-start|p2a: Iron Boulder|quarkdrivespe\n|turn|6\n|inactive|Kieskauer has 120 seconds left.\n|\n|t:|1781443872\n|move|p2a: Iron Boulder|Mighty Cleave|p1a: Veluza\n|-damage|p1a: Veluza|0 fnt\n|faint|p1a: Veluza\n|\n|upkeep\n|\n|t:|1781443889\n|switch|p1a: Brute Bonnet|Brute Bonnet, L80|309/309\n|turn|7\n|\n|t:|1781443901\n|-end|p2a: Iron Boulder|Quark Drive|[silent]\n|switch|p2a: Toxicroak|Toxicroak, L84, F|277/277\n|move|p1a: Brute Bonnet|Crunch|p2a: Toxicroak\n|-resisted|p2a: Toxicroak\n|-damage|p2a: Toxicroak|213/277\n|\n|upkeep\n|turn|8\n|\n|t:|1781443907\n|-end|p1a: Brute Bonnet|Protosynthesis|[silent]\n|switch|p1a: Okidogi|Okidogi, L77, M|262/262\n|move|p2a: Toxicroak|Gunk Shot|p1a: Okidogi|[miss]\n|-miss|p2a: Toxicroak|p1a: Okidogi\n|\n|upkeep\n|turn|9\n|\n|t:|1781443927\n|move|p2a: Toxicroak|Earthquake|p1a: Okidogi\n|-supereffective|p1a: Okidogi\n|-damage|p1a: Okidogi|75/262\n|-damage|p2a: Toxicroak|186/277|[from] item: Life Orb\n|move|p1a: Okidogi|Bulk Up|p1a: Okidogi\n|-boost|p1a: Okidogi|atk|1\n|-boost|p1a: Okidogi|def|1\n|\n|-heal|p1a: Okidogi|91/262|[from] item: Leftovers\n|upkeep\n|turn|10\n|\n|t:|1781443934\n|move|p2a: Toxicroak|Earthquake|p1a: Okidogi\n|-supereffective|p1a: Okidogi\n|-damage|p1a: Okidogi|0 fnt\n|faint|p1a: Okidogi\n|-damage|p2a: Toxicroak|159/277|[from] item: Life Orb\n|\n|upkeep\n|\n|t:|1781443940\n|switch|p1a: Iron Bundle|Iron Bundle, L78|215/215\n|turn|11\n|\n|t:|1781443961\n|switch|p2a: Cresselia|Cresselia, L80, F|323/323\n|move|p1a: Iron Bundle|Ice Beam|p2a: Cresselia\n|-damage|p2a: Cresselia|206/323\n|\n|-heal|p2a: Cresselia|226/323|[from] item: Leftovers\n|upkeep\n|turn|12\n|\n|t:|1781443968\n|-end|p1a: Iron Bundle|Quark Drive|[silent]\n|switch|p1a: Brute Bonnet|Brute Bonnet, L80|309/309\n|move|p2a: Cresselia|Moonlight|p2a: Cresselia\n|-heal|p2a: Cresselia|323/323\n|\n|upkeep\n|turn|13\n|\n|t:|1781443973\n|switch|p2a: Weezing|Weezing, L88, M|258/258 slp\n|move|p1a: Brute Bonnet|Crunch|p2a: Weezing\n|-damage|p2a: Weezing|186/258 slp\n|\n|-heal|p2a: Weezing|202/258 slp|[from] item: Leftovers\n|upkeep\n|turn|14\n|\n|t:|1781443981\n|-end|p1a: Brute Bonnet|Protosynthesis|[silent]\n|switch|p1a: Lunala|Lunala, L70|308/308\n|-curestatus|p2a: Weezing|slp|[msg]\n|move|p2a: Weezing|Sludge Bomb|p1a: Lunala\n|-resisted|p1a: Lunala\n|-damage|p1a: Lunala|285/308\n|-status|p1a: Lunala|psn\n|\n|-heal|p1a: Lunala|304/308 psn|[from] item: Leftovers\n|-heal|p2a: Weezing|218/258|[from] item: Leftovers\n|-damage|p1a: Lunala|266/308 psn|[from] psn\n|upkeep\n|turn|15\n|\n|t:|1781443988\n|move|p1a: Lunala|Calm Mind|p1a: Lunala\n|-boost|p1a: Lunala|spa|1\n|-boost|p1a: Lunala|spd|1\n|move|p2a: Weezing|Toxic Spikes|p1a: Lunala\n|-sidestart|p1: joonnabi|move: Toxic Spikes\n|\n|-heal|p1a: Lunala|285/308 psn|[from] item: Leftovers\n|-heal|p2a: Weezing|234/258|[from] item: Leftovers\n|-damage|p1a: Lunala|247/308 psn|[from] psn\n|upkeep\n|turn|16\n|\n|t:|1781444000\n|switch|p2a: Toxicroak|Toxicroak, L84, F|159/277\n|move|p1a: Lunala|Calm Mind|p1a: Lunala\n|-boost|p1a: Lunala|spa|1\n|-boost|p1a: Lunala|spd|1\n|\n|-heal|p1a: Lunala|266/308 psn|[from] item: Leftovers\n|-damage|p1a: Lunala|228/308 psn|[from] psn\n|upkeep\n|turn|17\n|\n|t:|1781444005\n|move|p2a: Toxicroak|Earthquake|p1a: Lunala\n|-damage|p1a: Lunala|115/308 psn\n|-damage|p2a: Toxicroak|132/277|[from] item: Life Orb\n|move|p1a: Lunala|Psyshock|p2a: Toxicroak\n|-supereffective|p2a: Toxicroak\n|-damage|p2a: Toxicroak|0 fnt\n|faint|p2a: Toxicroak\n|\n|-heal|p1a: Lunala|134/308 psn|[from] item: Leftovers\n|-damage|p1a: Lunala|96/308 psn|[from] psn\n|upkeep\n|\n|t:|1781444025\n|switch|p2a: Garchomp|Garchomp, L74, M|282/282\n|turn|18\n|\n|t:|1781444035\n|move|p2a: Garchomp|Earthquake|p1a: Lunala\n|-damage|p1a: Lunala|0 fnt\n|faint|p1a: Lunala\n|\n|upkeep\n|\n|t:|1781444040\n|switch|p1a: Brute Bonnet|Brute Bonnet, L80|309/309\n|-status|p1a: Brute Bonnet|psn\n|turn|19\n|\n|t:|1781444048\n|move|p2a: Garchomp|Outrage|p1a: Brute Bonnet\n|-damage|p1a: Brute Bonnet|195/309 psn\n|move|p1a: Brute Bonnet|Spore|p2a: Garchomp\n|-status|p2a: Garchomp|slp|[from] move: Spore\n|\n|-heal|p1a: Brute Bonnet|214/309 psn|[from] item: Leftovers\n|-damage|p1a: Brute Bonnet|176/309 psn|[from] psn\n|upkeep\n|turn|20\n|\n|t:|1781444055\n|-end|p1a: Brute Bonnet|Protosynthesis|[silent]\n|switch|p1a: Mimikyu|Mimikyu, L79, M|216/216\n|-status|p1a: Mimikyu|psn\n|cant|p2a: Garchomp|slp\n|\n|-damage|p1a: Mimikyu|189/216 psn|[from] psn\n|upkeep\n|turn|21\n|\n|t:|1781444075\n|switch|p2a: Weezing|Weezing, L88, M|234/258\n|move|p1a: Mimikyu|Swords Dance|p1a: Mimikyu\n|-boost|p1a: Mimikyu|atk|2\n|\n|-heal|p2a: Weezing|250/258|[from] item: Leftovers\n|-damage|p1a: Mimikyu|162/216 psn|[from] psn\n|upkeep\n|turn|22\n|\n|t:|1781444087\n|-terastallize|p1a: Mimikyu|Ghost\n|move|p1a: Mimikyu|Swords Dance|p1a: Mimikyu\n|-boost|p1a: Mimikyu|atk|2\n|move|p2a: Weezing|Sludge Bomb|p1a: Mimikyu\n|-activate|p1a: Mimikyu|ability: Disguise\n|-damage|p1a: Mimikyu|162/216 psn\n|detailschange|p1a: Mimikyu|Mimikyu-Busted, L79, M, tera:Ghost\n|-damage|p1a: Mimikyu|135/216 psn|[from] pokemon: Mimikyu-Busted\n|\n|-heal|p2a: Weezing|258/258|[from] item: Leftovers\n|-damage|p1a: Mimikyu|108/216 psn|[from] psn\n|upkeep\n|turn|23\n|\n|t:|1781444093\n|move|p1a: Mimikyu|Shadow Claw|p2a: Weezing\n|-damage|p2a: Weezing|37/258\n|-damage|p1a: Mimikyu|87/216 psn|[from] item: Life Orb\n|move|p2a: Weezing|Fire Blast|p1a: Mimikyu\n|-damage|p1a: Mimikyu|12/216 psn\n|\n|-heal|p2a: Weezing|53/258|[from] item: Leftovers\n|-damage|p1a: Mimikyu|0 fnt|[from] psn\n|faint|p1a: Mimikyu\n|upkeep\n|\n|t:|1781444107\n|switch|p1a: Iron Bundle|Iron Bundle, L78|215/215\n|-status|p1a: Iron Bundle|psn\n|turn|24\n|\n|t:|1781444112\n|move|p1a: Iron Bundle|Hydro Pump|p2a: Weezing\n|-damage|p2a: Weezing|0 fnt\n|faint|p2a: Weezing\n|\n|-damage|p1a: Iron Bundle|189/215 psn|[from] psn\n|upkeep\n|\n|t:|1781444118\n|switch|p2a: Cresselia|Cresselia, L80, F|323/323\n|turn|25\n|\n|t:|1781444121\n|move|p1a: Iron Bundle|Hydro Pump|p2a: Cresselia\n|-damage|p2a: Cresselia|161/323\n|move|p2a: Cresselia|Moonblast|p1a: Iron Bundle\n|-damage|p1a: Iron Bundle|112/215 psn\n|\n|-heal|p2a: Cresselia|181/323|[from] item: Leftovers\n|-damage|p1a: Iron Bundle|86/215 psn|[from] psn\n|upkeep\n|turn|26\n|\n|t:|1781444134\n|move|p1a: Iron Bundle|Hydro Pump|p2a: Cresselia\n|-damage|p2a: Cresselia|40/323\n|move|p2a: Cresselia|Moonblast|p1a: Iron Bundle\n|-damage|p1a: Iron Bundle|19/215 psn\n|-unboost|p1a: Iron Bundle|spa|1\n|\n|-heal|p2a: Cresselia|60/323|[from] item: Leftovers\n|-damage|p1a: Iron Bundle|0 fnt|[from] psn\n|faint|p1a: Iron Bundle\n|-end|p1a: Iron Bundle|Quark Drive|[silent]\n|upkeep\n|-message|joonnabi forfeited.\n|\n|win|Kieskauer\n", "uploadtime": 1781443757, "views": 3, "formatid": "gen9randombattle", "rating": null, "private": 0, "password": null}