{"id": "gen9randombattle-2631901245", "format": "[Gen 9] Random Battle", "players": ["Lemongrab23", "0xTIMING"], "log": "|j|\u2606Lemongrab23\n|j|\u26060xTIMING\n|t:|1781453684\n|gametype|singles\n|player|p1|Lemongrab23|bruno|1889\n|player|p2|0xTIMING|2|1906\n|gen|9\n|tier|[Gen 9] Random Battle\n|rated|\n|rule|Species Clause: Limit one of each Pok\u00e9mon\n|rule|HP Percentage Mod: HP is shown in percentages\n|rule|Sleep Clause Mod: Limit one foe put to sleep\n|rule|Illusion Level Mod: Illusion disguises the Pok\u00e9mon's true level\n|\n|t:|1781453684\n|teamsize|p1|6\n|teamsize|p2|6\n|start\n|switch|p1a: Phione|Phione, L91|293/293\n|switch|p2a: Oranguru|Oranguru, L92, F|315/315\n|turn|1\n|\n|t:|1781453693\n|switch|p1a: Dondozo|Dondozo, L78, F|362/362\n|move|p2a: Oranguru|Nasty Plot|p2a: Oranguru\n|-boost|p2a: Oranguru|spa|2\n|\n|upkeep\n|turn|2\n|\n|t:|1781453697\n|move|p2a: Oranguru|Thunderbolt|p1a: Dondozo\n|-supereffective|p1a: Dondozo\n|-damage|p1a: Dondozo|160/362\n|move|p1a: Dondozo|Curse|p1a: Dondozo\n|-unboost|p1a: Dondozo|spe|1\n|-boost|p1a: Dondozo|atk|1\n|-boost|p1a: Dondozo|def|1\n|\n|-heal|p1a: Dondozo|182/362|[from] item: Leftovers\n|upkeep\n|turn|3\n|\n|t:|1781453707\n|switch|p1a: Dugtrio|Dugtrio-Alola, L84, F|196/196\n|move|p2a: Oranguru|Thunderbolt|p1a: Dugtrio\n|-immune|p1a: Dugtrio\n|\n|upkeep\n|turn|4\n|\n|t:|1781453713\n|move|p1a: Dugtrio|Swords Dance|p1a: Dugtrio\n|-boost|p1a: Dugtrio|atk|2\n|move|p2a: Oranguru|Focus Blast|p1a: Dugtrio\n|-supereffective|p1a: Dugtrio\n|-damage|p1a: Dugtrio|0 fnt\n|faint|p1a: Dugtrio\n|\n|upkeep\n|\n|t:|1781453726\n|switch|p1a: Infernape|Infernape, L82, M|259/259\n|turn|5\n|inactive|Battle timer is ON: inactive players will automatically lose when time's up. (requested by 0xTIMING)\n|\n|t:|1781453729\n|-terastallize|p1a: Infernape|Dark\n|move|p1a: Infernape|Knock Off|p2a: Oranguru\n|-supereffective|p2a: Oranguru\n|-damage|p2a: Oranguru|13/315\n|-enditem|p2a: Oranguru|Leftovers|[from] move: Knock Off|[of] p1a: Infernape\n|move|p2a: Oranguru|Psyshock|p1a: Infernape\n|-immune|p1a: Infernape\n|\n|upkeep\n|turn|6\n|\n|t:|1781453738\n|move|p1a: Infernape|Knock Off|p2a: Oranguru\n|-supereffective|p2a: Oranguru\n|-damage|p2a: Oranguru|0 fnt\n|faint|p2a: Oranguru\n|\n|upkeep\n|\n|t:|1781453744\n|switch|p2a: Passimian|Passimian, L83, F|302/302\n|turn|7\n|\n|t:|1781453752\n|switch|p1a: Rillaboom|Rillaboom, L79, F|288/288\n|-fieldstart|move: Grassy Terrain|[from] ability: Grassy Surge|[of] p1a: Rillaboom\n|move|p2a: Passimian|Drain Punch|p1a: Rillaboom\n|-damage|p1a: Rillaboom|194/288\n|\n|-heal|p1a: Rillaboom|212/288|[from] Grassy Terrain\n|upkeep\n|turn|8\n|\n|t:|1781453759\n|move|p1a: Rillaboom|Swords Dance|p1a: Rillaboom\n|-boost|p1a: Rillaboom|atk|2\n|move|p2a: Passimian|Gunk Shot|p1a: Rillaboom\n|-supereffective|p1a: Rillaboom\n|-damage|p1a: Rillaboom|0 fnt\n|faint|p1a: Rillaboom\n|\n|upkeep\n|\n|t:|1781453772\n|switch|p1a: Dondozo|Dondozo, L78, F|182/362\n|turn|9\n|\n|t:|1781453798\n|move|p2a: Passimian|Knock Off|p1a: Dondozo\n|-damage|p1a: Dondozo|113/362\n|-enditem|p1a: Dondozo|Leftovers|[from] move: Knock Off|[of] p2a: Passimian\n|move|p1a: Dondozo|Curse|p1a: Dondozo\n|-unboost|p1a: Dondozo|spe|1\n|-boost|p1a: Dondozo|atk|1\n|-boost|p1a: Dondozo|def|1\n|\n|-heal|p1a: Dondozo|135/362|[from] Grassy Terrain\n|upkeep\n|turn|10\n|inactive|0xTIMING has 120 seconds left.\n|\n|t:|1781453816\n|switch|p2a: Eelektross|Eelektross, L87, F|290/290\n|move|p1a: Dondozo|Curse|p1a: Dondozo\n|-unboost|p1a: Dondozo|spe|1\n|-boost|p1a: Dondozo|atk|1\n|-boost|p1a: Dondozo|def|1\n|\n|-heal|p1a: Dondozo|157/362|[from] Grassy Terrain\n|upkeep\n|turn|11\n|\n|t:|1781453824\n|move|p2a: Eelektross|Discharge|p1a: Dondozo\n|-supereffective|p1a: Dondozo\n|-damage|p1a: Dondozo|0 fnt\n|faint|p1a: Dondozo\n|\n|-fieldend|move: Grassy Terrain\n|upkeep\n|-message|Lemongrab23 forfeited.\n|\n|win|0xTIMING\n|raw|Lemongrab23's rating: 1889 &rarr; <strong>1870</strong><br />(-19 for losing)\n|raw|0xTIMING's rating: 1906 &rarr; <strong>1925</strong><br />(+19 for winning)\n", "uploadtime": 1781453829, "views": 5, "formatid": "gen9randombattle", "rating": 1870, "private": 0, "password": null}