{"id": "gen9randombattle-2631573672", "format": "[Gen 9] Random Battle", "players": ["Shomsnack", "angsi"], "log": "|j|\u203dShomsnack\n|j|\u2606angsi\n|t:|1781403217\n|gametype|singles\n|player|p1|Shomsnack|170|1957\n|player|p2|angsi|1|1928\n|gen|9\n|tier|[Gen 9] Random Battle\n|rated|\n|rule|Species Clause: Limit one of each Pok\u00e9mon\n|rule|HP Percentage Mod: HP is shown in percentages\n|rule|Sleep Clause Mod: Limit one foe put to sleep\n|rule|Illusion Level Mod: Illusion disguises the Pok\u00e9mon's true level\n|\n|t:|1781403217\n|teamsize|p1|6\n|teamsize|p2|6\n|start\n|switch|p1a: Duraludon|Duraludon, L82, M|249/249\n|switch|p2a: Kingambit|Kingambit, L74, M|270/270\n|turn|1\n|inactive|Battle timer is ON: inactive players will automatically lose when time's up. (requested by Shomsnack)\n|\n|t:|1781403231\n|-end|p2a: Kingambit|fallenundefined|[silent]\n|switch|p2a: Iron Treads|Iron Treads, L77|265/265\n|move|p1a: Duraludon|Body Press|p2a: Iron Treads\n|-supereffective|p2a: Iron Treads\n|-damage|p2a: Iron Treads|165/265\n|\n|-heal|p2a: Iron Treads|181/265|[from] item: Leftovers\n|upkeep\n|turn|2\n|\n|t:|1781403238\n|move|p2a: Iron Treads|Stealth Rock|p1a: Duraludon\n|-sidestart|p1: Shomsnack|move: Stealth Rock\n|move|p1a: Duraludon|Body Press|p2a: Iron Treads\n|-supereffective|p2a: Iron Treads\n|-crit|p2a: Iron Treads\n|-damage|p2a: Iron Treads|21/265\n|\n|-heal|p2a: Iron Treads|37/265|[from] item: Leftovers\n|upkeep\n|turn|3\n|\n|t:|1781403242\n|move|p2a: Iron Treads|Earthquake|p1a: Duraludon\n|-supereffective|p1a: Duraludon\n|-damage|p1a: Duraludon|133/249\n|move|p1a: Duraludon|Flash Cannon|p2a: Iron Treads\n|-resisted|p2a: Iron Treads\n|-damage|p2a: Iron Treads|0 fnt\n|faint|p2a: Iron Treads\n|-end|p2a: Iron Treads|Quark Drive|[silent]\n|\n|upkeep\n|\n|t:|1781403245\n|switch|p2a: Great Tusk|Great Tusk, L77|304/304\n|-enditem|p2a: Great Tusk|Booster Energy\n|-activate|p2a: Great Tusk|ability: Protosynthesis|[fromitem]\n|-start|p2a: Great Tusk|protosynthesisatk\n|turn|4\n|\n|t:|1781403249\n|switch|p1a: Ribombee|Ribombee, L83, F|235/235\n|move|p2a: Great Tusk|Earthquake|p1a: Ribombee\n|-resisted|p1a: Ribombee\n|-damage|p1a: Ribombee|132/235\n|\n|upkeep\n|turn|5\n|\n|t:|1781403255\n|move|p1a: Ribombee|Moonblast|p2a: Great Tusk\n|-supereffective|p2a: Great Tusk\n|-damage|p2a: Great Tusk|0 fnt\n|faint|p2a: Great Tusk\n|-end|p2a: Great Tusk|Protosynthesis|[silent]\n|\n|upkeep\n|\n|t:|1781403258\n|switch|p2a: Palafin|Palafin, L77, F|281/281\n|turn|6\n|\n|t:|1781403260\n|move|p1a: Ribombee|Sticky Web|p2a: Palafin\n|-sidestart|p2: angsi|move: Sticky Web\n|move|p2a: Palafin|Flip Turn|p1a: Ribombee\n|-damage|p1a: Ribombee|50/235\n|\n|t:|1781403265\n|detailschange|p2a: Palafin|Palafin-Hero, L77, F\n|switch|p2a: Kingambit|Kingambit, L74, M|270/270|[from] Flip Turn\n|-activate|p2a: Kingambit|move: Sticky Web\n|-unboost|p2a: Kingambit|spe|1\n|-activate|p2a: Kingambit|ability: Supreme Overlord\n|-start|p2a: Kingambit|fallen2|[silent]\n|\n|upkeep\n|turn|7\n|\n|t:|1781403268\n|move|p1a: Ribombee|Stun Spore|p2a: Kingambit|[miss]\n|-miss|p1a: Ribombee|p2a: Kingambit\n|move|p2a: Kingambit|Swords Dance|p2a: Kingambit\n|-boost|p2a: Kingambit|atk|2\n|\n|upkeep\n|turn|8\n|\n|t:|1781403270\n|move|p1a: Ribombee|Stun Spore|p2a: Kingambit\n|-status|p2a: Kingambit|par\n|move|p2a: Kingambit|Swords Dance|p2a: Kingambit\n|-boost|p2a: Kingambit|atk|2\n|\n|upkeep\n|turn|9\n|\n|t:|1781403276\n|move|p2a: Kingambit|Sucker Punch|p1a: Ribombee\n|-resisted|p1a: Ribombee\n|-damage|p1a: Ribombee|0 fnt\n|faint|p1a: Ribombee\n|\n|upkeep\n|\n|t:|1781403279\n|switch|p1a: Crabominable|Crabominable, L90, M|321/321\n|-damage|p1a: Crabominable|281/321|[from] Stealth Rock\n|turn|10\n|\n|t:|1781403283\n|-terastallize|p2a: Kingambit|Dark\n|move|p1a: Crabominable|Drain Punch|p2a: Kingambit\n|-supereffective|p2a: Kingambit\n|-damage|p2a: Kingambit|0 fnt\n|-heal|p1a: Crabominable|321/321|[from] drain|[of] p2a: Kingambit\n|faint|p2a: Kingambit\n|-end|p2a: Kingambit|fallen2|[silent]\n|\n|upkeep\n|\n|t:|1781403289\n|switch|p2a: Articuno|Articuno, L86|295/295\n|-ability|p2a: Articuno|Pressure\n|turn|11\n|\n|t:|1781403292\n|move|p2a: Articuno|Brave Bird|p1a: Crabominable\n|-supereffective|p1a: Crabominable\n|-damage|p1a: Crabominable|51/321\n|-damage|p2a: Articuno|206/295|[from] Recoil\n|move|p1a: Crabominable|Drain Punch|p2a: Articuno\n|-damage|p2a: Articuno|17/295\n|-heal|p1a: Crabominable|146/321|[from] drain|[of] p2a: Articuno\n|\n|upkeep\n|turn|12\n|\n|t:|1781403295\n|move|p2a: Articuno|Brave Bird|p1a: Crabominable\n|-supereffective|p1a: Crabominable\n|-damage|p1a: Crabominable|0 fnt\n|faint|p1a: Crabominable\n|-damage|p2a: Articuno|0 fnt|[from] Recoil\n|faint|p2a: Articuno\n|\n|upkeep\n|-message|angsi forfeited.\n|\n|win|Shomsnack\n|raw|Shomsnack's rating: 1957 &rarr; <strong>1975</strong><br />(+18 for winning)\n|raw|angsi's rating: 1928 &rarr; <strong>1910</strong><br />(-18 for losing)\n", "uploadtime": 1781403219, "views": 5, "formatid": "gen9randombattle", "rating": 1910, "private": 0, "password": null}