{"id": "gen9randombattle-2631608363", "format": "[Gen 9] Random Battle", "players": ["latias999999999", "aarvark2pt0"], "log": "|j|\u2606latias999999999\n|j|\u2606aarvark2pt0\n|t:|1781408174\n|gametype|singles\n|player|p1|latias999999999|gardenia|2076\n|player|p2|aarvark2pt0|fisherman-gen4|2188\n|gen|9\n|tier|[Gen 9] Random Battle\n|rated|\n|rule|Species Clause: Limit one of each Pok\u00e9mon\n|rule|HP Percentage Mod: HP is shown in percentages\n|rule|Sleep Clause Mod: Limit one foe put to sleep\n|rule|Illusion Level Mod: Illusion disguises the Pok\u00e9mon's true level\n|\n|t:|1781408174\n|teamsize|p1|6\n|teamsize|p2|6\n|start\n|switch|p1a: Gholdengo|Gholdengo, L77|261/261\n|switch|p2a: Snorlax|Snorlax, L82, F|397/397\n|turn|1\n|inactive|Battle timer is ON: inactive players will automatically lose when time's up. (requested by latias999999999)\n|\n|t:|1781408188\n|switch|p1a: Altaria|Altaria, L89, F|278/278\n|switch|p2a: Arbok|Arbok, L87, F|246/246\n|-ability|p2a: Arbok|Intimidate|boost\n|-unboost|p1a: Altaria|atk|1\n|\n|upkeep\n|turn|2\n|\n|t:|1781408201\n|switch|p2a: Baxcalibur|Baxcalibur, L75, F|295/295\n|move|p1a: Altaria|Will-O-Wisp|p2a: Baxcalibur\n|-immune|p2a: Baxcalibur|[from] ability: Thermal Exchange\n|\n|upkeep\n|turn|3\n|\n|t:|1781408221\n|switch|p1a: Gholdengo|Gholdengo, L77|261/261\n|move|p2a: Baxcalibur|Glaive Rush|p1a: Gholdengo\n|-resisted|p1a: Gholdengo\n|-damage|p1a: Gholdengo|145/261\n|-singlemove|p2a: Baxcalibur|Glaive Rush|[silent]\n|\n|-heal|p1a: Gholdengo|161/261|[from] item: Leftovers\n|upkeep\n|turn|4\n|inactive|latias999999999 has 120 seconds left.\n|\n|t:|1781408262\n|switch|p2a: Eternatus|Eternatus, L69|308/308\n|-ability|p2a: Eternatus|Pressure\n|move|p1a: Gholdengo|Make It Rain|p2a: Eternatus\n|-damage|p2a: Eternatus|160/308\n|-unboost|p1a: Gholdengo|spa|1\n|\n|-heal|p1a: Gholdengo|177/261|[from] item: Leftovers\n|upkeep\n|turn|5\n|\n|t:|1781408274\n|switch|p1a: Weavile|Weavile, L79, F|240/240\n|move|p2a: Eternatus|Toxic Spikes|p1a: Weavile\n|-sidestart|p1: latias999999999|move: Toxic Spikes\n|\n|upkeep\n|turn|6\n|\n|t:|1781408282\n|switch|p2a: Magcargo|Magcargo, L95, M|268/268\n|move|p1a: Weavile|Swords Dance|p1a: Weavile\n|-boost|p1a: Weavile|atk|2\n|\n|upkeep\n|turn|7\n|\n|t:|1781408287\n|-terastallize|p1a: Weavile|Fighting\n|move|p1a: Weavile|Low Kick|p2a: Magcargo\n|-supereffective|p2a: Magcargo\n|-damage|p2a: Magcargo|34/268\n|-ability|p2a: Magcargo|Weak Armor|boost\n|-unboost|p2a: Magcargo|def|1\n|-boost|p2a: Magcargo|spe|2\n|move|p2a: Magcargo|Fire Blast|p1a: Weavile\n|-damage|p1a: Weavile|89/240\n|\n|upkeep\n|turn|8\n|-message|latias999999999 forfeited.\n|\n|win|aarvark2pt0\n", "uploadtime": 1781408176, "views": 7, "formatid": "gen9randombattle", "rating": null, "private": 0, "password": null}