{"id": "gen9randombattle-2631400677", "format": "[Gen 9] Random Battle", "players": ["Sekkari-", "jimothy cool yt"], "log": "|badge|p2|silver|gen9randombattle|30-9\n|uhtml|medal-msg|<div class=\"broadcast-blue\">Curious what those medals under the avatar are? PS now has Ladder Seasons! For more information, check out the <a href=\"https://www.smogon.com/forums/threads/3740067/\">thread on Smogon.</a></div>\n|j|\u2606Sekkari-\n|j|\u2606jimothy cool yt\n|t:|1781380168\n|gametype|singles\n|player|p1|Sekkari-|170|2153\n|player|p2|jimothy cool yt|lucas|2459\n|gen|9\n|tier|[Gen 9] Random Battle\n|rated|\n|rule|Species Clause: Limit one of each Pok\u00e9mon\n|rule|HP Percentage Mod: HP is shown in percentages\n|rule|Sleep Clause Mod: Limit one foe put to sleep\n|rule|Illusion Level Mod: Illusion disguises the Pok\u00e9mon's true level\n|\n|t:|1781380168\n|teamsize|p1|6\n|teamsize|p2|6\n|start\n|switch|p1a: Oranguru|Oranguru, L92, F|315/315\n|switch|p2a: Iron Leaves|Iron Leaves, L80|275/275\n|turn|1\n|inactive|Battle timer is ON: inactive players will automatically lose when time's up. (requested by jimothy cool yt)\n|\n|t:|1781380183\n|move|p2a: Iron Leaves|Swords Dance|p2a: Iron Leaves\n|-boost|p2a: Iron Leaves|atk|2\n|move|p1a: Oranguru|Hyper Voice|p2a: Iron Leaves\n|-damage|p2a: Iron Leaves|153/275\n|-damage|p1a: Oranguru|284/315|[from] item: Life Orb\n|\n|upkeep\n|turn|2\n|inactive|jimothy cool yt has 120 seconds left.\n|\n|t:|1781380217\n|move|p2a: Iron Leaves|Leaf Blade|p1a: Oranguru\n|-damage|p1a: Oranguru|0 fnt\n|faint|p1a: Oranguru\n|-damage|p2a: Iron Leaves|126/275|[from] item: Life Orb\n|\n|upkeep\n|\n|t:|1781380227\n|switch|p1a: Forretress|Forretress, L84, M|263/263\n|turn|3\n|\n|t:|1781380241\n|move|p2a: Iron Leaves|Close Combat|p1a: Forretress\n|-damage|p1a: Forretress|86/263\n|-unboost|p2a: Iron Leaves|def|1\n|-unboost|p2a: Iron Leaves|spd|1\n|-damage|p2a: Iron Leaves|99/275|[from] item: Life Orb\n|move|p1a: Forretress|Iron Head|p2a: Iron Leaves\n|-crit|p2a: Iron Leaves\n|-damage|p2a: Iron Leaves|0 fnt\n|faint|p2a: Iron Leaves\n|-end|p2a: Iron Leaves|Quark Drive|[silent]\n|\n|-heal|p1a: Forretress|102/263|[from] item: Leftovers\n|upkeep\n|\n|t:|1781380247\n|switch|p2a: Magnezone|Magnezone, L85|258/258\n|turn|4\n|\n|t:|1781380260\n|move|p2a: Magnezone|Thunderbolt|p1a: Forretress\n|-damage|p1a: Forretress|0 fnt\n|faint|p1a: Forretress\n|\n|upkeep\n|\n|t:|1781380264\n|switch|p1a: Thundurus|Thundurus-Therian, L80, M|258/258\n|turn|5\n|\n|t:|1781380272\n|switch|p2a: Meowstic|Meowstic, L89, M|277/277\n|move|p1a: Thundurus|Nasty Plot|p1a: Thundurus\n|-boost|p1a: Thundurus|spa|2\n|\n|upkeep\n|turn|6\n|\n|t:|1781380277\n|move|p2a: Meowstic|Light Screen|p2a: Meowstic\n|-sidestart|p2: jimothy cool yt|move: Light Screen\n|move|p1a: Thundurus|Thunderbolt|p2a: Meowstic\n|-damage|p2a: Meowstic|151/277\n|-status|p2a: Meowstic|par\n|\n|upkeep\n|turn|7\n|\n|t:|1781380282\n|move|p2a: Meowstic|Yawn|p1a: Thundurus\n|-start|p1a: Thundurus|move: Yawn|[of] p2a: Meowstic\n|move|p1a: Thundurus|Thunderbolt|p2a: Meowstic\n|-damage|p2a: Meowstic|28/277 par\n|\n|upkeep\n|turn|8\n|\n|t:|1781380287\n|switch|p1a: Bellibolt|Bellibolt, L84, M|320/320\n|move|p2a: Meowstic|Reflect|p2a: Meowstic\n|-sidestart|p2: jimothy cool yt|Reflect\n|\n|upkeep\n|turn|9\n|\n|t:|1781380299\n|move|p2a: Meowstic|Yawn|p1a: Bellibolt\n|-start|p1a: Bellibolt|move: Yawn|[of] p2a: Meowstic\n|move|p1a: Bellibolt|Volt Switch|p2a: Meowstic\n|-damage|p2a: Meowstic|0 fnt\n|faint|p2a: Meowstic\n|\n|t:|1781380306\n|switch|p1a: Quagsire|Quagsire, L84, F|297/297|[from] Volt Switch\n|\n|upkeep\n|\n|t:|1781380313\n|switch|p2a: Cinccino|Cinccino, L83, F|260/260\n|turn|10\n|\n|t:|1781380323\n|switch|p1a: Bellibolt|Bellibolt, L84, M|320/320\n|move|p2a: Cinccino|Tail Slap|p1a: Bellibolt|[miss]\n|-miss|p2a: Cinccino|p1a: Bellibolt\n|\n|upkeep\n|turn|11\n|\n|t:|1781380350\n|-terastallize|p2a: Cinccino|Ice\n|move|p2a: Cinccino|Triple Axel|p1a: Bellibolt\n|-damage|p1a: Bellibolt|289/320\n|-start|p1a: Bellibolt|Charge|Triple Axel|[from] ability: Electromorphosis\n|-damage|p1a: Bellibolt|226/320\n|-start|p1a: Bellibolt|Charge|Triple Axel|[from] ability: Electromorphosis\n|-damage|p1a: Bellibolt|129/320\n|-start|p1a: Bellibolt|Charge|Triple Axel|[from] ability: Electromorphosis\n|-hitcount|p1a: Bellibolt|3\n|move|p1a: Bellibolt|Thunderbolt|p2a: Cinccino\n|-damage|p2a: Cinccino|122/260\n|-end|p1a: Bellibolt|Charge|[silent]\n|\n|-heal|p1a: Bellibolt|149/320|[from] item: Leftovers\n|upkeep\n|turn|12\n|\n|t:|1781380357\n|move|p2a: Cinccino|Triple Axel|p1a: Bellibolt\n|-damage|p1a: Bellibolt|116/320\n|-start|p1a: Bellibolt|Charge|Triple Axel|[from] ability: Electromorphosis\n|-damage|p1a: Bellibolt|58/320\n|-start|p1a: Bellibolt|Charge|Triple Axel|[from] ability: Electromorphosis\n|-damage|p1a: Bellibolt|0 fnt\n|faint|p1a: Bellibolt\n|-hitcount|p1: Bellibolt|3\n|\n|upkeep\n|\n|t:|1781380372\n|switch|p1a: Conkeldurr|Conkeldurr, L80, M|299/299\n|turn|13\n|\n|t:|1781380385\n|move|p2a: Cinccino|Triple Axel|p1a: Conkeldurr\n|-damage|p1a: Conkeldurr|268/299\n|-damage|p1a: Conkeldurr|205/299\n|-damage|p1a: Conkeldurr|118/299\n|-hitcount|p1a: Conkeldurr|3\n|move|p1a: Conkeldurr|Close Combat|p2a: Cinccino\n|-supereffective|p2a: Cinccino\n|-crit|p2a: Cinccino\n|-damage|p2a: Cinccino|0 fnt\n|-unboost|p1a: Conkeldurr|def|1\n|-unboost|p1a: Conkeldurr|spd|1\n|faint|p2a: Cinccino\n|\n|-sideend|p2: jimothy cool yt|move: Light Screen\n|-status|p1a: Conkeldurr|brn|[from] item: Flame Orb\n|upkeep\n|\n|t:|1781380394\n|switch|p2a: Vaporeon|Vaporeon, L86, F|364/364\n|turn|14\n|\n|t:|1781380400\n|switch|p1a: Quagsire|Quagsire, L84, F|297/297\n|move|p2a: Vaporeon|Scald|p1a: Quagsire\n|-crit|p1a: Quagsire\n|-damage|p1a: Quagsire|104/297\n|-status|p1a: Quagsire|brn\n|\n|-heal|p1a: Quagsire|122/297 brn|[from] item: Leftovers\n|-damage|p1a: Quagsire|104/297 brn|[from] brn\n|upkeep\n|turn|15\n|\n|t:|1781380408\n|move|p2a: Vaporeon|Scald|p1a: Quagsire\n|-damage|p1a: Quagsire|0 fnt\n|faint|p1a: Quagsire\n|\n|-sideend|p2: jimothy cool yt|Reflect\n|upkeep\n|\n|t:|1781380410\n|switch|p1a: Thundurus|Thundurus-Therian, L80, M|258/258\n|turn|16\n|\n|t:|1781380430\n|move|p1a: Thundurus|Nasty Plot|p1a: Thundurus\n|-boost|p1a: Thundurus|spa|2\n|move|p2a: Vaporeon|Scald|p1a: Thundurus\n|-damage|p1a: Thundurus|150/258\n|\n|upkeep\n|turn|17\n|\n|t:|1781380446\n|move|p1a: Thundurus|Thunderbolt|p2a: Vaporeon\n|-supereffective|p2a: Vaporeon\n|-damage|p2a: Vaporeon|0 fnt\n|faint|p2a: Vaporeon\n|\n|upkeep\n|inactive|jimothy cool yt has 120 seconds left.\n|\n|t:|1781380489\n|switch|p2a: Cetitan|Cetitan, L82, M|412/412\n|turn|18\n|\n|t:|1781380501\n|-terastallize|p1a: Thundurus|Flying\n|move|p1a: Thundurus|Tera Blast|p2a: Cetitan|[anim] Tera Blast Flying\n|-damage|p2a: Cetitan|0 fnt\n|faint|p2a: Cetitan\n|\n|upkeep\n|\n|t:|1781380507\n|switch|p2a: Magnezone|Magnezone, L85|258/258\n|turn|19\n|\n|t:|1781380516\n|move|p1a: Thundurus|Focus Blast|p2a: Magnezone\n|-supereffective|p2a: Magnezone\n|-damage|p2a: Magnezone|0 fnt\n|faint|p2a: Magnezone\n|\n|win|Sekkari-\n", "uploadtime": 1781380171, "views": 10, "formatid": "gen9randombattle", "rating": null, "private": 0, "password": null}