{"id": "gen9randombattle-2631744093", "format": "[Gen 9] Random Battle", "players": ["pagenfranskane", "FireHowe"], "log": "|j|\u2606pagenfranskane\n|j|\u2606FireHowe\n|t:|1781432515\n|gametype|singles\n|player|p1|pagenfranskane|battlegirl|1936\n|player|p2|FireHowe|giovanni|1982\n|gen|9\n|tier|[Gen 9] Random Battle\n|rated|\n|rule|Species Clause: Limit one of each Pok\u00e9mon\n|rule|HP Percentage Mod: HP is shown in percentages\n|rule|Sleep Clause Mod: Limit one foe put to sleep\n|rule|Illusion Level Mod: Illusion disguises the Pok\u00e9mon's true level\n|\n|t:|1781432515\n|teamsize|p1|6\n|teamsize|p2|6\n|start\n|switch|p1a: Torkoal|Torkoal, L88, F|266/266\n|switch|p2a: Grafaiai|Grafaiai, L86, F|249/249\n|-weather|SunnyDay|[from] ability: Drought|[of] p1a: Torkoal\n|turn|1\n|inactive|Battle timer is ON: inactive players will automatically lose when time's up. (requested by FireHowe)\n|\n|t:|1781432535\n|move|p2a: Grafaiai|U-turn|p1a: Torkoal\n|-resisted|p1a: Torkoal\n|-damage|p1a: Torkoal|250/266\n|\n|t:|1781432537\n|switch|p2a: Palkia|Palkia, L75|259/259|[from] U-turn\n|-ability|p2a: Palkia|Pressure\n|move|p1a: Torkoal|Yawn|p2a: Palkia\n|-start|p2a: Palkia|move: Yawn|[of] p1a: Torkoal\n|\n|-weather|SunnyDay|[upkeep]\n|upkeep\n|turn|2\n|\n|t:|1781432545\n|switch|p2a: Magcargo|Magcargo, L95, M|268/268\n|move|p1a: Torkoal|Lava Plume|p2a: Magcargo\n|-resisted|p2a: Magcargo\n|-damage|p2a: Magcargo|238/268\n|\n|-weather|SunnyDay|[upkeep]\n|upkeep\n|turn|3\n|\n|t:|1781432555\n|move|p2a: Magcargo|Shell Smash|p2a: Magcargo\n|-unboost|p2a: Magcargo|def|1\n|-unboost|p2a: Magcargo|spd|1\n|-boost|p2a: Magcargo|atk|2\n|-boost|p2a: Magcargo|spa|2\n|-boost|p2a: Magcargo|spe|2\n|move|p1a: Torkoal|Yawn|p2a: Magcargo\n|-start|p2a: Magcargo|move: Yawn|[of] p1a: Torkoal\n|\n|-weather|SunnyDay|[upkeep]\n|upkeep\n|turn|4\n|\n|t:|1781432564\n|switch|p1a: Poliwrath|Poliwrath, L88, F|302/302\n|move|p2a: Magcargo|Power Gem|p1a: Poliwrath\n|-resisted|p1a: Poliwrath\n|-damage|p1a: Poliwrath|210/302\n|\n|-weather|SunnyDay|[upkeep]\n|-heal|p1a: Poliwrath|228/302|[from] item: Leftovers\n|-end|p2a: Magcargo|move: Yawn|[silent]\n|-status|p2a: Magcargo|slp\n|upkeep\n|turn|5\n|\n|t:|1781432574\n|switch|p2a: Brambleghast|Brambleghast, L88, M|240/240\n|move|p1a: Poliwrath|Bulk Up|p1a: Poliwrath\n|-boost|p1a: Poliwrath|atk|1\n|-boost|p1a: Poliwrath|def|1\n|\n|-weather|none\n|-heal|p1a: Poliwrath|246/302|[from] item: Leftovers\n|upkeep\n|turn|6\n|\n|t:|1781432580\n|move|p2a: Brambleghast|Leech Seed|p1a: Poliwrath|[miss]\n|-miss|p2a: Brambleghast|p1a: Poliwrath\n|move|p1a: Poliwrath|Ice Punch|p2a: Brambleghast\n|-supereffective|p2a: Brambleghast\n|-damage|p2a: Brambleghast|58/240\n|\n|-heal|p2a: Brambleghast|73/240|[from] item: Leftovers\n|-heal|p1a: Poliwrath|264/302|[from] item: Leftovers\n|upkeep\n|turn|7\n|\n|t:|1781432586\n|move|p2a: Brambleghast|Power Whip|p1a: Poliwrath|[miss]\n|-miss|p2a: Brambleghast|p1a: Poliwrath\n|move|p1a: Poliwrath|Ice Punch|p2a: Brambleghast\n|-supereffective|p2a: Brambleghast\n|-damage|p2a: Brambleghast|0 fnt\n|faint|p2a: Brambleghast\n|\n|-heal|p1a: Poliwrath|282/302|[from] item: Leftovers\n|upkeep\n|c|\u2606FireHowe|aight\n|c|\u2606FireHowe|imma\n|c|\u2606FireHowe|see myself out\n|\n|t:|1781432600\n|switch|p2a: Regieleki|Regieleki, L79|256/256\n|turn|8\n|\n|t:|1781432603\n|move|p2a: Regieleki|Volt Switch|p1a: Poliwrath\n|-supereffective|p1a: Poliwrath\n|-damage|p1a: Poliwrath|88/302\n|\n|t:|1781432606\n|switch|p2a: Magcargo|Magcargo, L95, M|238/268 slp|[from] Volt Switch\n|move|p1a: Poliwrath|Drain Punch|p2a: Magcargo\n|-supereffective|p2a: Magcargo\n|-damage|p2a: Magcargo|74/268 slp\n|-heal|p1a: Poliwrath|170/302|[from] drain|[of] p2a: Magcargo\n|-ability|p2a: Magcargo|Weak Armor|boost\n|-unboost|p2a: Magcargo|def|1\n|-boost|p2a: Magcargo|spe|2\n|\n|-heal|p1a: Poliwrath|188/302|[from] item: Leftovers\n|upkeep\n|turn|9\n|\n|t:|1781432612\n|cant|p2a: Magcargo|slp\n|move|p1a: Poliwrath|Drain Punch|p2a: Magcargo\n|-supereffective|p2a: Magcargo\n|-damage|p2a: Magcargo|0 fnt\n|-heal|p1a: Poliwrath|225/302|[from] drain|[of] p2a: Magcargo\n|faint|p2a: Magcargo\n|\n|-heal|p1a: Poliwrath|243/302|[from] item: Leftovers\n|upkeep\n|\n|t:|1781432614\n|switch|p2a: Regieleki|Regieleki, L79|256/256\n|turn|10\n|\n|t:|1781432616\n|move|p2a: Regieleki|Thunderbolt|p1a: Poliwrath\n|-supereffective|p1a: Poliwrath\n|-damage|p1a: Poliwrath|0 fnt\n|faint|p1a: Poliwrath\n|\n|upkeep\n|\n|t:|1781432624\n|switch|p1a: Blissey|Blissey, L85, F|572/572\n|turn|11\n|\n|t:|1781432632\n|move|p2a: Regieleki|Volt Switch|p1a: Blissey\n|-damage|p1a: Blissey|503/572\n|\n|t:|1781432636\n|switch|p2a: Tauros|Tauros-Paldea-Aqua, L81, M|252/252|[from] Volt Switch\n|move|p1a: Blissey|Thunder Wave|p2a: Tauros\n|-status|p2a: Tauros|par\n|\n|-heal|p1a: Blissey|538/572|[from] item: Leftovers\n|upkeep\n|turn|12\n|\n|t:|1781432644\n|switch|p1a: Torkoal|Torkoal, L88, F|250/266\n|-weather|SunnyDay|[from] ability: Drought|[of] p1a: Torkoal\n|cant|p2a: Tauros|par\n|\n|-weather|SunnyDay|[upkeep]\n|upkeep\n|turn|13\n|\n|t:|1781432652\n|move|p2a: Tauros|Bulk Up|p2a: Tauros\n|-boost|p2a: Tauros|atk|1\n|-boost|p2a: Tauros|def|1\n|move|p1a: Torkoal|Solar Beam||[still]\n|-prepare|p1a: Torkoal|Solar Beam\n|-anim|p1a: Torkoal|Solar Beam|p2a: Tauros\n|-supereffective|p2a: Tauros\n|-crit|p2a: Tauros\n|-damage|p2a: Tauros|0 fnt\n|faint|p2a: Tauros\n|\n|-weather|SunnyDay|[upkeep]\n|upkeep\n|\n|t:|1781432660\n|switch|p2a: Palkia|Palkia, L75|259/259\n|-ability|p2a: Palkia|Pressure\n|turn|14\n|\n|t:|1781432664\n|move|p2a: Palkia|Spacial Rend|p1a: Torkoal\n|-damage|p1a: Torkoal|85/266\n|move|p1a: Torkoal|Yawn|p2a: Palkia\n|-start|p2a: Palkia|move: Yawn|[of] p1a: Torkoal\n|\n|-weather|SunnyDay|[upkeep]\n|upkeep\n|turn|15\n|\n|t:|1781432671\n|switch|p2a: Grafaiai|Grafaiai, L86, F|249/249\n|move|p1a: Torkoal|Lava Plume|p2a: Grafaiai\n|-damage|p2a: Grafaiai|153/249\n|\n|-weather|SunnyDay|[upkeep]\n|upkeep\n|turn|16\n|\n|t:|1781432677\n|move|p2a: Grafaiai|Gunk Shot|p1a: Torkoal\n|-damage|p1a: Torkoal|0 fnt\n|faint|p1a: Torkoal\n|\n|-weather|none\n|upkeep\n|\n|t:|1781432689\n|switch|p1a: Grimmsnarl|Grimmsnarl, L83, M|293/293\n|turn|17\n|\n|t:|1781432693\n|move|p1a: Grimmsnarl|Thunder Wave|p2a: Grafaiai\n|-status|p2a: Grafaiai|par\n|move|p2a: Grafaiai|Gunk Shot|p1a: Grimmsnarl\n|-supereffective|p1a: Grimmsnarl\n|-damage|p1a: Grimmsnarl|0 fnt\n|faint|p1a: Grimmsnarl\n|\n|upkeep\n|\n|t:|1781432697\n|switch|p1a: Reshiram|Reshiram, L76|277/277\n|-ability|p1a: Reshiram|Turboblaze\n|turn|18\n|\n|t:|1781432711\n|move|p1a: Reshiram|Earth Power|p2a: Grafaiai\n|-supereffective|p2a: Grafaiai\n|-damage|p2a: Grafaiai|41/249 par\n|cant|p2a: Grafaiai|par\n|\n|upkeep\n|turn|19\n|\n|t:|1781432715\n|move|p1a: Reshiram|Earth Power|p2a: Grafaiai\n|-supereffective|p2a: Grafaiai\n|-damage|p2a: Grafaiai|0 fnt\n|faint|p2a: Grafaiai\n|\n|upkeep\n|\n|t:|1781432717\n|switch|p2a: Palkia|Palkia, L75|259/259\n|-ability|p2a: Palkia|Pressure\n|turn|20\n|\n|t:|1781432721\n|switch|p1a: Blissey|Blissey, L85, F|538/572\n|move|p2a: Palkia|Spacial Rend|p1a: Blissey\n|-damage|p1a: Blissey|438/572\n|\n|-heal|p1a: Blissey|473/572|[from] item: Leftovers\n|upkeep\n|turn|21\n|\n|t:|1781432727\n|switch|p2a: Regieleki|Regieleki, L79|256/256\n|move|p1a: Blissey|Seismic Toss|p2a: Regieleki\n|-damage|p2a: Regieleki|171/256\n|\n|-heal|p1a: Blissey|508/572|[from] item: Leftovers\n|upkeep\n|turn|22\n|\n|t:|1781432730\n|switch|p1a: Reshiram|Reshiram, L76|277/277\n|-ability|p1a: Reshiram|Turboblaze\n|move|p2a: Regieleki|Rapid Spin|p1a: Reshiram\n|-damage|p1a: Reshiram|241/277\n|-boost|p2a: Regieleki|spe|1\n|\n|upkeep\n|turn|23\n|\n|t:|1781432735\n|move|p2a: Regieleki|Volt Switch|p1a: Reshiram\n|-resisted|p1a: Reshiram\n|-damage|p1a: Reshiram|193/277\n|\n|t:|1781432738\n|switch|p2a: Palkia|Palkia, L75|259/259|[from] Volt Switch\n|-ability|p2a: Palkia|Pressure\n|move|p1a: Reshiram|Earth Power|p2a: Palkia\n|-damage|p2a: Palkia|194/259\n|\n|upkeep\n|turn|24\n|\n|t:|1781432743\n|switch|p1a: Blissey|Blissey, L85, F|508/572\n|move|p2a: Palkia|Spacial Rend|p1a: Blissey\n|-damage|p1a: Blissey|396/572\n|\n|-heal|p1a: Blissey|431/572|[from] item: Leftovers\n|upkeep\n|turn|25\n|\n|t:|1781432749\n|switch|p2a: Regieleki|Regieleki, L79|171/256\n|move|p1a: Blissey|Seismic Toss|p2a: Regieleki\n|-damage|p2a: Regieleki|86/256\n|\n|-heal|p1a: Blissey|466/572|[from] item: Leftovers\n|upkeep\n|turn|26\n|\n|t:|1781432755\n|switch|p1a: Reshiram|Reshiram, L76|193/277\n|-ability|p1a: Reshiram|Turboblaze\n|move|p2a: Regieleki|Explosion|p1a: Reshiram\n|-damage|p1a: Reshiram|34/277\n|faint|p2a: Regieleki\n|\n|upkeep\n|\n|t:|1781432757\n|switch|p2a: Palkia|Palkia, L75|194/259\n|-ability|p2a: Palkia|Pressure\n|turn|27\n|\n|t:|1781432760\n|move|p2a: Palkia|Spacial Rend|p1a: Reshiram\n|-supereffective|p1a: Reshiram\n|-damage|p1a: Reshiram|0 fnt\n|faint|p1a: Reshiram\n|\n|upkeep\n|\n|t:|1781432762\n|switch|p1a: Blissey|Blissey, L85, F|466/572\n|turn|28\n|\n|t:|1781432768\n|move|p2a: Palkia|Spacial Rend|p1a: Blissey\n|-damage|p1a: Blissey|364/572\n|move|p1a: Blissey|Seismic Toss|p2a: Palkia\n|-damage|p2a: Palkia|109/259\n|\n|-heal|p1a: Blissey|399/572|[from] item: Leftovers\n|upkeep\n|turn|29\n|\n|t:|1781432772\n|move|p2a: Palkia|Spacial Rend|p1a: Blissey\n|-damage|p1a: Blissey|285/572\n|move|p1a: Blissey|Seismic Toss|p2a: Palkia\n|-damage|p2a: Palkia|24/259\n|\n|-heal|p1a: Blissey|320/572|[from] item: Leftovers\n|upkeep\n|turn|30\n|\n|t:|1781432774\n|move|p2a: Palkia|Spacial Rend|p1a: Blissey\n|-damage|p1a: Blissey|221/572\n|move|p1a: Blissey|Soft-Boiled|p1a: Blissey\n|-heal|p1a: Blissey|507/572\n|\n|-heal|p1a: Blissey|542/572|[from] item: Leftovers\n|upkeep\n|turn|31\n|c|\u2606FireHowe|okay then\n|inactive|FireHowe has 120 seconds left.\n|inactiveoff|Battle timer is now OFF.\n|l|\u2606pagenfranskane\n|player|p1|\n|inactive|Battle timer is ON: inactive players will automatically lose when time's up. (requested by FireHowe)\n|inactive|FireHowe has 120 seconds left.\n|inactive|FireHowe has 90 seconds left.\n|inactive|FireHowe has 60 seconds left.\n|\n|t:|1781434509\n|move|p2a: Palkia|Thunder Wave|p1a: Blissey\n|-status|p1a: Blissey|par\n|move|p1a: Blissey|Seismic Toss|p2a: Palkia\n|-damage|p2a: Palkia|0 fnt\n|faint|p2a: Palkia\n|\n|win|pagenfranskane\n", "uploadtime": 1781432517, "views": 4, "formatid": "gen9randombattle", "rating": null, "private": 0, "password": null}