{"id": "gen9randombattle-2631748229", "format": "[Gen 9] Random Battle", "players": ["Where is the hax", "Flappell Roan"], "log": "|j|\u2606Where is the hax\n|j|\u2606Flappell Roan\n|t:|1781433235\n|gametype|singles\n|player|p1|Where is the hax|266|1993\n|player|p2|Flappell Roan|skyla|1967\n|gen|9\n|tier|[Gen 9] Random Battle\n|rated|\n|rule|Species Clause: Limit one of each Pok\u00e9mon\n|rule|HP Percentage Mod: HP is shown in percentages\n|rule|Sleep Clause Mod: Limit one foe put to sleep\n|rule|Illusion Level Mod: Illusion disguises the Pok\u00e9mon's true level\n|\n|t:|1781433235\n|teamsize|p1|6\n|teamsize|p2|6\n|start\n|switch|p1a: Raikou|Raikou, L81|278/278\n|switch|p2a: Meowscarada|Meowscarada, L78, M|247/247\n|-ability|p1a: Raikou|Pressure\n|turn|1\n|inactive|Battle timer is ON: inactive players will automatically lose when time's up. (requested by Flappell Roan)\n|\n|t:|1781433256\n|move|p2a: Meowscarada|U-turn|p1a: Raikou\n|-start|p2a: Meowscarada|typechange|Bug|[from] ability: Protean\n|-damage|p1a: Raikou|158/278\n|\n|t:|1781433264\n|switch|p2a: Gallade|Gallade, L80, M|240/240|[from] U-turn\n|move|p1a: Raikou|Thunderbolt|p2a: Gallade\n|-damage|p2a: Gallade|153/240\n|\n|-heal|p1a: Raikou|175/278|[from] item: Leftovers\n|upkeep\n|turn|2\n|\n|t:|1781433276\n|move|p2a: Gallade|Sacred Sword|p1a: Raikou\n|-damage|p1a: Raikou|0 fnt\n|faint|p1a: Raikou\n|\n|upkeep\n|\n|t:|1781433285\n|switch|p1a: Ribombee|Ribombee, L83, M|235/235\n|turn|3\n|\n|t:|1781433292\n|switch|p2a: Delibird|Delibird, F|252/252\n|move|p1a: Ribombee|Sticky Web|p2a: Delibird\n|-sidestart|p2: Flappell Roan|move: Sticky Web\n|\n|upkeep\n|turn|4\n|\n|t:|1781433308\n|move|p1a: Ribombee|Stun Spore|p2a: Delibird\n|-status|p2a: Delibird|par\n|cant|p2a: Delibird|par\n|\n|upkeep\n|turn|5\n|\n|t:|1781433316\n|move|p1a: Ribombee|Moonblast|p2a: Delibird\n|-damage|p2a: Delibird|119/252 par\n|move|p2a: Delibird|Rapid Spin|p1a: Ribombee\n|-damage|p1a: Ribombee|191/235\n|-boost|p2a: Delibird|spe|1\n|-sideend|p2: Flappell Roan|Sticky Web|[from] move: Rapid Spin|[of] p2a: Delibird\n|\n|upkeep\n|turn|6\n|\n|t:|1781433324\n|move|p1a: Ribombee|Sticky Web|p2a: Delibird\n|-sidestart|p2: Flappell Roan|move: Sticky Web\n|move|p2a: Delibird|Brave Bird|p1a: Ribombee\n|-supereffective|p1a: Ribombee\n|-damage|p1a: Ribombee|0 fnt\n|faint|p1a: Ribombee\n|-damage|p2a: Delibird|56/252 par|[from] Recoil\n|\n|upkeep\n|\n|t:|1781433339\n|switch|p1a: Veluza|Veluza, L85, M|292/292\n|turn|7\n|\n|t:|1781433357\n|move|p1a: Veluza|Aqua Cutter|p2a: Delibird\n|-damage|p2a: Delibird|0 fnt\n|faint|p2a: Delibird\n|\n|upkeep\n|\n|t:|1781433368\n|switch|p2a: Regieleki|Regieleki, L79|256/256\n|-activate|p2a: Regieleki|move: Sticky Web\n|-unboost|p2a: Regieleki|spe|1\n|turn|8\n|\n|t:|1781433377\n|move|p2a: Regieleki|Thunderbolt|p1a: Veluza\n|-supereffective|p1a: Veluza\n|-damage|p1a: Veluza|0 fnt\n|faint|p1a: Veluza\n|\n|upkeep\n|\n|t:|1781433384\n|switch|p1a: Reshiram|Reshiram, L76|277/277\n|-ability|p1a: Reshiram|Turboblaze\n|turn|9\n|\n|t:|1781433389\n|move|p2a: Regieleki|Rapid Spin|p1a: Reshiram\n|-damage|p1a: Reshiram|247/277\n|-boost|p2a: Regieleki|spe|1\n|-sideend|p2: Flappell Roan|Sticky Web|[from] move: Rapid Spin|[of] p2a: Regieleki\n|move|p1a: Reshiram|Blue Flare|p2a: Regieleki\n|-damage|p2a: Regieleki|7/256\n|-status|p2a: Regieleki|brn\n|\n|-damage|p2a: Regieleki|0 fnt|[from] brn\n|faint|p2a: Regieleki\n|upkeep\n|\n|t:|1781433411\n|switch|p2a: Gallade|Gallade, L80, M|153/240\n|turn|10\n|\n|t:|1781433421\n|move|p2a: Gallade|Sacred Sword|p1a: Reshiram\n|-crit|p1a: Reshiram\n|-damage|p1a: Reshiram|0 fnt\n|faint|p1a: Reshiram\n|\n|upkeep\n|\n|t:|1781433424\n|switch|p1a: Vivillon|Vivillon-Continental, L83, M|268/268\n|turn|11\n|\n|t:|1781433429\n|switch|p2a: Ursaring|Ursaring, L84, M|288/288\n|move|p1a: Vivillon|Quiver Dance|p1a: Vivillon\n|-boost|p1a: Vivillon|spa|1\n|-boost|p1a: Vivillon|spd|1\n|-boost|p1a: Vivillon|spe|1\n|\n|-status|p2a: Ursaring|tox|[from] item: Toxic Orb\n|upkeep\n|turn|12\n|\n|t:|1781433446\n|-terastallize|p1a: Vivillon|Steel\n|move|p1a: Vivillon|Bug Buzz|p2a: Ursaring\n|-crit|p2a: Ursaring\n|-damage|p2a: Ursaring|65/288 tox\n|-unboost|p2a: Ursaring|spd|1\n|move|p2a: Ursaring|Facade|p1a: Vivillon\n|-resisted|p1a: Vivillon\n|-damage|p1a: Vivillon|129/268\n|\n|-damage|p2a: Ursaring|47/288 tox|[from] psn\n|upkeep\n|turn|13\n|\n|t:|1781433459\n|move|p1a: Vivillon|Bug Buzz|p2a: Ursaring\n|-damage|p2a: Ursaring|0 fnt\n|faint|p2a: Ursaring\n|\n|upkeep\n|\n|t:|1781433469\n|switch|p2a: Espeon|Espeon, L84, F|246/246\n|turn|14\n|\n|t:|1781433476\n|move|p1a: Vivillon|Bug Buzz|p2a: Espeon\n|-supereffective|p2a: Espeon\n|-damage|p2a: Espeon|16/246\n|move|p2a: Espeon|Psychic|p1a: Vivillon\n|-resisted|p1a: Vivillon\n|-damage|p1a: Vivillon|43/268\n|-unboost|p1a: Vivillon|spd|1\n|\n|upkeep\n|turn|15\n|-message|Flappell Roan forfeited.\n|\n|win|Where is the hax\n|raw|Where is the hax's rating: 1993 &rarr; <strong>2012</strong><br />(+19 for winning)\n|raw|Flappell Roan's rating: 1967 &rarr; <strong>1948</strong><br />(-19 for losing)\n", "uploadtime": 1781433237, "views": 3, "formatid": "gen9randombattle", "rating": 1948, "private": 0, "password": null}