{"id": "gen9randombattle-2631557875", "format": "[Gen 9] Random Battle", "players": ["mayqueen nyannyan", "ViPa"], "log": "|j|\u2606mayqueen nyannyan\n|j|\u2606ViPa\n|t:|1781401058\n|gametype|singles\n|player|p1|mayqueen nyannyan|169|2262\n|player|p2|ViPa|guitarist|2267\n|gen|9\n|tier|[Gen 9] Random Battle\n|rated|\n|rule|Species Clause: Limit one of each Pok\u00e9mon\n|rule|HP Percentage Mod: HP is shown in percentages\n|rule|Sleep Clause Mod: Limit one foe put to sleep\n|rule|Illusion Level Mod: Illusion disguises the Pok\u00e9mon's true level\n|\n|t:|1781401058\n|teamsize|p1|6\n|teamsize|p2|6\n|start\n|switch|p1a: Arceus|Arceus-Water, L71|288/288\n|switch|p2a: Swanna|Swanna, L89, F|278/278\n|turn|1\n|\n|t:|1781401073\n|switch|p2a: Raging Bolt|Raging Bolt, L78|323/323\n|move|p1a: Arceus|Will-O-Wisp|p2a: Raging Bolt\n|-status|p2a: Raging Bolt|brn\n|\n|-damage|p2a: Raging Bolt|303/323 brn|[from] brn\n|upkeep\n|turn|2\n|\n|t:|1781401094\n|switch|p1a: Ariados|Ariados, L95, F|287/287\n|move|p2a: Raging Bolt|Discharge|p1a: Ariados\n|-damage|p1a: Ariados|191/287\n|-status|p1a: Ariados|par\n|\n|-damage|p2a: Raging Bolt|283/323 brn|[from] brn\n|upkeep\n|turn|3\n|j| kekskskaaoakalak\n|\n|t:|1781401105\n|move|p2a: Raging Bolt|Volt Switch|p1a: Ariados\n|-crit|p1a: Ariados\n|-damage|p1a: Ariados|49/287 par\n|\n|t:|1781401108\n|-end|p2a: Raging Bolt|Protosynthesis|[silent]\n|switch|p2a: Swanna|Swanna, L89, F|278/278|[from] Volt Switch\n|move|p1a: Ariados|Sticky Web|p2a: Swanna\n|-sidestart|p2: ViPa|move: Sticky Web\n|\n|upkeep\n|turn|4\n|l|\u2606mayqueen nyannyan\n|player|p1|\n|j|\u2606mayqueen nyannyan\n|player|p1|mayqueen nyannyan|169|\n|\n|t:|1781401124\n|switch|p1a: Zangoose|Zangoose, L85, F|263/263\n|move|p2a: Swanna|Defog|p1a: Zangoose\n|-unboost|p1a: Zangoose|evasion|1\n|-sideend|p2: ViPa|Sticky Web|[from] move: Defog|[of] p2a: Swanna\n|\n|-status|p1a: Zangoose|tox|[from] item: Toxic Orb\n|upkeep\n|turn|5\n|\n|t:|1781401132\n|move|p2a: Swanna|Hydro Pump|p1a: Zangoose\n|-damage|p1a: Zangoose|109/263 tox\n|move|p1a: Zangoose|Facade|p2a: Swanna\n|-damage|p2a: Swanna|0 fnt\n|faint|p2a: Swanna\n|\n|-damage|p1a: Zangoose|93/263 tox|[from] psn\n|upkeep\n|\n|t:|1781401141\n|switch|p2a: Scizor|Scizor, L79, M|240/240\n|turn|6\n|\n|t:|1781401147\n|switch|p1a: Arceus|Arceus-Water, L71|288/288\n|move|p2a: Scizor|U-turn|p1a: Arceus\n|-crit|p1a: Arceus\n|-damage|p1a: Arceus|102/288\n|\n|t:|1781401153\n|switch|p2a: Raging Bolt|Raging Bolt, L78|283/323 brn|[from] U-turn\n|\n|-damage|p2a: Raging Bolt|263/323 brn|[from] brn\n|upkeep\n|turn|7\n|\n|t:|1781401168\n|switch|p1a: Ariados|Ariados, L95, F|49/287 par\n|move|p2a: Raging Bolt|Discharge|p1a: Ariados\n|-damage|p1a: Ariados|0 fnt\n|faint|p1a: Ariados\n|\n|-damage|p2a: Raging Bolt|243/323 brn|[from] brn\n|upkeep\n|\n|t:|1781401172\n|switch|p1a: Zangoose|Zangoose, L85, F|93/263 tox\n|turn|8\n|\n|t:|1781401175\n|move|p2a: Raging Bolt|Thunderclap|p1a: Zangoose\n|-damage|p1a: Zangoose|0 fnt\n|faint|p1a: Zangoose\n|\n|-damage|p2a: Raging Bolt|223/323 brn|[from] brn\n|upkeep\n|\n|t:|1781401183\n|switch|p1a: Flygon|Flygon, L82, F|265/265\n|turn|9\n|\n|t:|1781401188\n|-end|p2a: Raging Bolt|Protosynthesis|[silent]\n|switch|p2a: Glastrier|Glastrier, L86|312/312\n|move|p1a: Flygon|Earthquake|p2a: Glastrier\n|-damage|p2a: Glastrier|243/312\n|\n|upkeep\n|turn|10\n|\n|t:|1781401201\n|switch|p1a: Keldeo|Keldeo-Resolute, L79|273/273\n|move|p2a: Glastrier|Swords Dance|p2a: Glastrier\n|-boost|p2a: Glastrier|atk|2\n|\n|upkeep\n|turn|11\n|\n|t:|1781401207\n|move|p1a: Keldeo|Secret Sword|p2a: Glastrier\n|-supereffective|p2a: Glastrier\n|-damage|p2a: Glastrier|43/312\n|move|p2a: Glastrier|High Horsepower|p1a: Keldeo\n|-damage|p1a: Keldeo|61/273\n|\n|upkeep\n|turn|12\n|\n|t:|1781401218\n|move|p1a: Keldeo|Secret Sword|p2a: Glastrier\n|-supereffective|p2a: Glastrier\n|-damage|p2a: Glastrier|0 fnt\n|faint|p2a: Glastrier\n|\n|upkeep\n|\n|t:|1781401230\n|switch|p2a: Deoxys|Deoxys-Attack, L72|191/191\n|-ability|p2a: Deoxys|Pressure\n|turn|13\n|\n|t:|1781401239\n|move|p2a: Deoxys|Psycho Boost|p1a: Keldeo|[miss]\n|-miss|p2a: Deoxys|p1a: Keldeo\n|move|p1a: Keldeo|Secret Sword|p2a: Deoxys\n|-resisted|p2a: Deoxys\n|-damage|p2a: Deoxys|0 fnt\n|faint|p2a: Deoxys\n|\n|upkeep\n|\n|t:|1781401245\n|switch|p2a: Raging Bolt|Raging Bolt, L78|223/323 brn\n|turn|14\n|\n|t:|1781401253\n|move|p1a: Keldeo|Secret Sword|p2a: Raging Bolt\n|-damage|p2a: Raging Bolt|75/323 brn\n|move|p2a: Raging Bolt|Draco Meteor|p1a: Keldeo\n|-crit|p1a: Keldeo\n|-damage|p1a: Keldeo|0 fnt\n|-unboost|p2a: Raging Bolt|spa|2\n|faint|p1a: Keldeo\n|\n|-damage|p2a: Raging Bolt|55/323 brn|[from] brn\n|upkeep\n|\n|t:|1781401256\n|switch|p1a: Flygon|Flygon, L82, F|265/265\n|turn|15\n|\n|t:|1781401259\n|move|p1a: Flygon|Earthquake|p2a: Raging Bolt\n|-supereffective|p2a: Raging Bolt\n|-damage|p2a: Raging Bolt|0 fnt\n|faint|p2a: Raging Bolt\n|-end|p2a: Raging Bolt|Protosynthesis|[silent]\n|\n|upkeep\n|\n|t:|1781401262\n|switch|p2a: Scizor|Scizor, L79, M|240/240\n|turn|16\n|\n|t:|1781401272\n|move|p1a: Flygon|Earthquake|p2a: Scizor\n|-damage|p2a: Scizor|149/240\n|move|p2a: Scizor|Knock Off|p1a: Flygon\n|-damage|p1a: Flygon|142/265\n|-enditem|p1a: Flygon|Lum Berry|[from] move: Knock Off|[of] p2a: Scizor\n|\n|upkeep\n|turn|17\n|\n|t:|1781401282\n|move|p1a: Flygon|Earthquake|p2a: Scizor\n|-damage|p2a: Scizor|52/240\n|move|p2a: Scizor|Knock Off|p1a: Flygon\n|-damage|p1a: Flygon|56/265\n|\n|upkeep\n|turn|18\n|\n|t:|1781401285\n|move|p1a: Flygon|Earthquake|p2a: Scizor\n|-damage|p2a: Scizor|0 fnt\n|faint|p2a: Scizor\n|\n|upkeep\n|\n|t:|1781401287\n|switch|p2a: Mew|Mew, L82|298/298\n|turn|19\n|\n|t:|1781401293\n|move|p2a: Mew|Psychic Fangs|p1a: Flygon\n|-damage|p1a: Flygon|0 fnt\n|faint|p1a: Flygon\n|-damage|p2a: Mew|269/298|[from] item: Life Orb\n|\n|upkeep\n|\n|t:|1781401297\n|switch|p1a: Arceus|Arceus-Water, L71|102/288\n|turn|20\n|\n|t:|1781401310\n|move|p1a: Arceus|Recover|p1a: Arceus\n|-heal|p1a: Arceus|246/288\n|move|p2a: Mew|Swords Dance|p2a: Mew\n|-boost|p2a: Mew|atk|2\n|\n|upkeep\n|turn|21\n|\n|t:|1781401315\n|move|p1a: Arceus|Will-O-Wisp|p2a: Mew|[miss]\n|-miss|p1a: Arceus|p2a: Mew\n|move|p2a: Mew|Psychic Fangs|p1a: Arceus\n|-damage|p1a: Arceus|47/288\n|-damage|p2a: Mew|240/298|[from] item: Life Orb\n|\n|upkeep\n|turn|22\n|\n|t:|1781401318\n|move|p1a: Arceus|Will-O-Wisp|p2a: Mew\n|-status|p2a: Mew|brn\n|-activate|p2a: Mew|ability: Synchronize\n|-status|p1a: Arceus|brn\n|move|p2a: Mew|Psychic Fangs|p1a: Arceus\n|-damage|p1a: Arceus|0 fnt\n|faint|p1a: Arceus\n|-damage|p2a: Mew|211/298 brn|[from] item: Life Orb\n|\n|-damage|p2a: Mew|193/298 brn|[from] brn\n|upkeep\n|\n|t:|1781401320\n|switch|p1a: Bellossom|Bellossom, L84, M|263/263\n|turn|23\n|\n|t:|1781401329\n|-terastallize|p2a: Mew|Fighting\n|move|p2a: Mew|Close Combat|p1a: Bellossom\n|-damage|p1a: Bellossom|104/263\n|-unboost|p2a: Mew|def|1\n|-unboost|p2a: Mew|spd|1\n|-damage|p2a: Mew|164/298 brn|[from] item: Life Orb\n|move|p1a: Bellossom|Strength Sap|p2a: Mew\n|-unboost|p2a: Mew|atk|1\n|-heal|p1a: Bellossom|263/263\n|\n|-damage|p2a: Mew|146/298 brn|[from] brn\n|upkeep\n|turn|24\n|\n|t:|1781401342\n|-terastallize|p1a: Bellossom|Fairy\n|move|p2a: Mew|Knock Off|p1a: Bellossom\n|-resisted|p1a: Bellossom\n|-damage|p1a: Bellossom|233/263\n|-enditem|p1a: Bellossom|Leftovers|[from] move: Knock Off|[of] p2a: Mew\n|-damage|p2a: Mew|117/298 brn|[from] item: Life Orb\n|move|p1a: Bellossom|Moonblast|p2a: Mew\n|-supereffective|p2a: Mew\n|-damage|p2a: Mew|0 fnt\n|faint|p2a: Mew\n|\n|win|mayqueen nyannyan\n", "uploadtime": 1781401060, "views": 3, "formatid": "gen9randombattle", "rating": null, "private": 0, "password": null}