{"id": "gen9randombattle-2631539062", "format": "[Gen 9] Random Battle", "players": ["bigolron", "DaMoistAvocado"], "log": "|j|\u2606bigolron\n|j|\u2606DaMoistAvocado\n|t:|1781398458\n|gametype|singles\n|player|p1|bigolron|mars|1938\n|player|p2|DaMoistAvocado|steven|1938\n|gen|9\n|tier|[Gen 9] Random Battle\n|rated|\n|rule|Species Clause: Limit one of each Pok\u00e9mon\n|rule|HP Percentage Mod: HP is shown in percentages\n|rule|Sleep Clause Mod: Limit one foe put to sleep\n|rule|Illusion Level Mod: Illusion disguises the Pok\u00e9mon's true level\n|\n|t:|1781398458\n|teamsize|p1|6\n|teamsize|p2|6\n|start\n|switch|p1a: Jumpluff|Jumpluff, L87, M|271/271\n|switch|p2a: Slowking|Slowking, L88, F|310/310\n|turn|1\n|\n|t:|1781398486\n|move|p1a: Jumpluff|Leech Seed|p2a: Slowking\n|-start|p2a: Slowking|move: Leech Seed\n|-prepare|p2a: Slowking|Chilly Reception|[premajor]\n|move|p2a: Slowking|Chilly Reception|p2a: Slowking\n|-weather|Snowscape\n|\n|t:|1781398497\n|switch|p2a: Munkidori|Munkidori, L79, M|269/269|[from] Chilly Reception\n|\n|-weather|Snowscape|[upkeep]\n|upkeep\n|turn|2\n|\n|t:|1781398504\n|switch|p1a: Farigiraf|Farigiraf, L90, F|362/362\n|move|p2a: Munkidori|Sludge Wave|p1a: Farigiraf\n|-crit|p1a: Farigiraf\n|-damage|p1a: Farigiraf|175/362\n|-status|p1a: Farigiraf|tox|[from] ability: Toxic Chain|[of] p2a: Munkidori\n|\n|-weather|Snowscape|[upkeep]\n|-heal|p1a: Farigiraf|197/362 tox|[from] item: Leftovers\n|-damage|p1a: Farigiraf|175/362 tox|[from] psn\n|upkeep\n|turn|3\n|\n|t:|1781398512\n|move|p2a: Munkidori|Sludge Wave|p1a: Farigiraf\n|-damage|p1a: Farigiraf|42/362 tox\n|move|p1a: Farigiraf|Body Slam|p2a: Munkidori\n|-damage|p2a: Munkidori|139/269\n|-status|p2a: Munkidori|par\n|\n|-weather|Snowscape|[upkeep]\n|-heal|p1a: Farigiraf|64/362 tox|[from] item: Leftovers\n|-damage|p1a: Farigiraf|20/362 tox|[from] psn\n|upkeep\n|turn|4\n|\n|t:|1781398521\n|move|p1a: Farigiraf|Body Slam|p2a: Munkidori\n|-damage|p2a: Munkidori|16/269 par\n|move|p2a: Munkidori|Sludge Wave|p1a: Farigiraf\n|-damage|p1a: Farigiraf|0 fnt\n|faint|p1a: Farigiraf\n|\n|-weather|Snowscape|[upkeep]\n|upkeep\n|\n|t:|1781398530\n|switch|p1a: Jumpluff|Jumpluff, L87, M|271/271\n|turn|5\n|\n|t:|1781398539\n|move|p1a: Jumpluff|Acrobatics|p2a: Munkidori\n|-damage|p2a: Munkidori|0 fnt\n|faint|p2a: Munkidori\n|\n|-weather|none\n|upkeep\n|\n|t:|1781398544\n|switch|p2a: Drednaw|Drednaw, L81, M|278/278\n|turn|6\n|\n|t:|1781398551\n|switch|p1a: Gogoat|Gogoat, L88, F|360/360\n|move|p2a: Drednaw|Shell Smash|p2a: Drednaw\n|-unboost|p2a: Drednaw|def|1\n|-unboost|p2a: Drednaw|spd|1\n|-boost|p2a: Drednaw|atk|2\n|-boost|p2a: Drednaw|spa|2\n|-boost|p2a: Drednaw|spe|2\n|-enditem|p2a: Drednaw|White Herb\n|-clearnegativeboost|p2a: Drednaw|[silent]\n|\n|upkeep\n|turn|7\n|\n|t:|1781398556\n|move|p2a: Drednaw|Stone Edge|p1a: Gogoat\n|-damage|p1a: Gogoat|72/360\n|move|p1a: Gogoat|Horn Leech|p2a: Drednaw\n|-supereffective|p2a: Drednaw\n|-damage|p2a: Drednaw|0 fnt\n|-heal|p1a: Gogoat|211/360|[from] drain|[of] p2a: Drednaw\n|faint|p2a: Drednaw\n|\n|-heal|p1a: Gogoat|233/360|[from] item: Leftovers\n|upkeep\n|\n|t:|1781398564\n|switch|p2a: Slither Wing|Slither Wing, L81|270/270\n|-enditem|p2a: Slither Wing|Booster Energy\n|-activate|p2a: Slither Wing|ability: Protosynthesis|[fromitem]\n|-start|p2a: Slither Wing|protosynthesisatk\n|turn|8\n|\n|t:|1781398569\n|switch|p1a: Froslass|Froslass, L87, F|263/263\n|move|p2a: Slither Wing|Bulk Up|p2a: Slither Wing\n|-boost|p2a: Slither Wing|atk|1\n|-boost|p2a: Slither Wing|def|1\n|\n|upkeep\n|turn|9\n|\n|t:|1781398580\n|move|p1a: Froslass|Poltergeist||[still]\n|-fail|p1a: Froslass\n|move|p2a: Slither Wing|Flame Charge|p1a: Froslass\n|-supereffective|p1a: Froslass\n|-damage|p1a: Froslass|85/263\n|-boost|p2a: Slither Wing|spe|1\n|-start|p2a: Slither Wing|Disable|Flame Charge|[from] ability: Cursed Body|[of] p1a: Froslass\n|\n|upkeep\n|turn|10\n|\n|t:|1781398589\n|move|p2a: Slither Wing|Wild Charge|p1a: Froslass\n|-damage|p1a: Froslass|0 fnt\n|faint|p1a: Froslass\n|-damage|p2a: Slither Wing|249/270|[from] Recoil\n|\n|upkeep\n|\n|t:|1781398592\n|switch|p1a: Kommo-o|Kommo-o, L78, F|245/245\n|turn|11\n|\n|t:|1781398598\n|move|p2a: Slither Wing|Close Combat|p1a: Kommo-o\n|-damage|p1a: Kommo-o|0 fnt\n|-unboost|p2a: Slither Wing|def|1\n|-unboost|p2a: Slither Wing|spd|1\n|faint|p1a: Kommo-o\n|\n|upkeep\n|\n|t:|1781398603\n|switch|p1a: Jumpluff|Jumpluff, L87, M|271/271\n|turn|12\n|\n|t:|1781398611\n|-terastallize|p2a: Slither Wing|Electric\n|move|p2a: Slither Wing|Wild Charge|p1a: Jumpluff\n|-damage|p1a: Jumpluff|16/271\n|-damage|p2a: Slither Wing|185/270|[from] Recoil\n|move|p1a: Jumpluff|Strength Sap|p2a: Slither Wing\n|-unboost|p2a: Slither Wing|atk|1\n|-heal|p1a: Jumpluff|271/271\n|\n|-end|p2a: Slither Wing|Disable\n|upkeep\n|turn|13\n|\n|t:|1781398618\n|move|p2a: Slither Wing|Bulk Up|p2a: Slither Wing\n|-boost|p2a: Slither Wing|atk|1\n|-boost|p2a: Slither Wing|def|1\n|move|p1a: Jumpluff|Strength Sap|p2a: Slither Wing\n|-unboost|p2a: Slither Wing|atk|1\n|\n|upkeep\n|turn|14\n|\n|t:|1781398636\n|move|p2a: Slither Wing|Bulk Up|p2a: Slither Wing\n|-boost|p2a: Slither Wing|atk|1\n|-boost|p2a: Slither Wing|def|1\n|move|p1a: Jumpluff|Leech Seed|p2a: Slither Wing\n|-start|p2a: Slither Wing|move: Leech Seed\n|\n|-damage|p2a: Slither Wing|152/270|[from] Leech Seed|[of] p1a: Jumpluff\n|upkeep\n|turn|15\n|\n|t:|1781398647\n|move|p2a: Slither Wing|Wild Charge|p1a: Jumpluff\n|-damage|p1a: Jumpluff|12/271\n|-damage|p2a: Slither Wing|87/270|[from] Recoil\n|move|p1a: Jumpluff|Strength Sap|p2a: Slither Wing\n|-unboost|p2a: Slither Wing|atk|1\n|-heal|p1a: Jumpluff|271/271\n|\n|-damage|p2a: Slither Wing|54/270|[from] Leech Seed|[of] p1a: Jumpluff\n|upkeep\n|turn|16\n|\n|t:|1781398655\n|move|p2a: Slither Wing|Bulk Up|p2a: Slither Wing\n|-boost|p2a: Slither Wing|atk|1\n|-boost|p2a: Slither Wing|def|1\n|move|p1a: Jumpluff|Strength Sap|p2a: Slither Wing\n|-unboost|p2a: Slither Wing|atk|1\n|\n|-damage|p2a: Slither Wing|21/270|[from] Leech Seed|[of] p1a: Jumpluff\n|upkeep\n|turn|17\n|\n|t:|1781398659\n|move|p2a: Slither Wing|Wild Charge|p1a: Jumpluff\n|-damage|p1a: Jumpluff|111/271\n|-damage|p2a: Slither Wing|0 fnt|[from] Recoil\n|faint|p2a: Slither Wing\n|-end|p2a: Slither Wing|Protosynthesis|[silent]\n|move|p1a: Jumpluff|Strength Sap|p2: Slither Wing|[notarget]\n|-fail|p1a: Jumpluff\n|\n|upkeep\n|\n|t:|1781398668\n|switch|p2a: Pachirisu|Pachirisu, L96, F|271/271\n|turn|18\n|\n|t:|1781398674\n|switch|p1a: Plusle|Plusle, L95, F|268/268\n|move|p2a: Pachirisu|Nuzzle|p1a: Plusle\n|-ability|p1a: Plusle|Lightning Rod|boost\n|-boost|p1a: Plusle|spa|1\n|\n|upkeep\n|turn|19\n|\n|t:|1781398681\n|move|p2a: Pachirisu|Super Fang|p1a: Plusle\n|-damage|p1a: Plusle|134/268\n|move|p1a: Plusle|Nasty Plot|p1a: Plusle\n|-boost|p1a: Plusle|spa|2\n|\n|upkeep\n|turn|20\n|\n|t:|1781398689\n|move|p2a: Pachirisu|Super Fang|p1a: Plusle\n|-damage|p1a: Plusle|67/268\n|move|p1a: Plusle|Alluring Voice|p2a: Pachirisu\n|-damage|p2a: Pachirisu|158/271\n|-damage|p1a: Plusle|41/268|[from] item: Life Orb\n|\n|upkeep\n|turn|21\n|\n|t:|1781398701\n|-terastallize|p1a: Plusle|Fairy\n|move|p2a: Pachirisu|U-turn|p1a: Plusle\n|-resisted|p1a: Plusle\n|-damage|p1a: Plusle|12/268\n|\n|t:|1781398713\n|switch|p2a: Slowking|Slowking, L88, F|310/310|[from] U-turn\n|move|p1a: Plusle|Alluring Voice|p2a: Slowking\n|-damage|p2a: Slowking|44/310\n|-damage|p1a: Plusle|0 fnt|[from] item: Life Orb\n|faint|p1a: Plusle\n|\n|upkeep\n|\n|t:|1781398716\n|switch|p1a: Gogoat|Gogoat, L88, F|233/360\n|turn|22\n|\n|t:|1781398721\n|move|p1a: Gogoat|Horn Leech|p2a: Slowking\n|-supereffective|p2a: Slowking\n|-damage|p2a: Slowking|0 fnt\n|-heal|p1a: Gogoat|255/360|[from] drain|[of] p2a: Slowking\n|faint|p2a: Slowking\n|\n|-heal|p1a: Gogoat|277/360|[from] item: Leftovers\n|upkeep\n|\n|t:|1781398729\n|switch|p2a: Pachirisu|Pachirisu, L96, F|158/271\n|turn|23\n|\n|t:|1781398732\n|move|p2a: Pachirisu|Nuzzle|p1a: Gogoat\n|-resisted|p1a: Gogoat\n|-damage|p1a: Gogoat|268/360\n|-status|p1a: Gogoat|par\n|move|p1a: Gogoat|Bulk Up|p1a: Gogoat\n|-boost|p1a: Gogoat|atk|1\n|-boost|p1a: Gogoat|def|1\n|\n|-heal|p1a: Gogoat|290/360 par|[from] item: Leftovers\n|upkeep\n|turn|24\n|\n|t:|1781398738\n|move|p2a: Pachirisu|Super Fang|p1a: Gogoat\n|-damage|p1a: Gogoat|145/360 par\n|move|p1a: Gogoat|Horn Leech|p2a: Pachirisu\n|-damage|p2a: Pachirisu|26/271\n|-heal|p1a: Gogoat|211/360 par|[from] drain|[of] p2a: Pachirisu\n|\n|-heal|p1a: Gogoat|233/360 par|[from] item: Leftovers\n|upkeep\n|turn|25\n|\n|t:|1781398741\n|move|p2a: Pachirisu|U-turn|p1a: Gogoat\n|-supereffective|p1a: Gogoat\n|-damage|p1a: Gogoat|169/360 par\n|\n|t:|1781398743\n|switch|p2a: Arboliva|Arboliva, L91, F|290/290|[from] U-turn\n|move|p1a: Gogoat|Horn Leech|p2a: Arboliva\n|-resisted|p2a: Arboliva\n|-damage|p2a: Arboliva|233/290\n|-heal|p1a: Gogoat|198/360 par|[from] drain|[of] p2a: Arboliva\n|-fieldstart|move: Grassy Terrain|[from] ability: Seed Sower|[of] p2a: Arboliva\n|\n|-heal|p2a: Arboliva|251/290|[from] Grassy Terrain\n|-heal|p2a: Arboliva|269/290|[from] item: Leftovers\n|-heal|p1a: Gogoat|220/360 par|[from] Grassy Terrain\n|-heal|p1a: Gogoat|242/360 par|[from] item: Leftovers\n|upkeep\n|turn|26\n|\n|t:|1781398753\n|move|p2a: Arboliva|Hyper Voice|p1a: Gogoat\n|-damage|p1a: Gogoat|115/360 par\n|move|p1a: Gogoat|Horn Leech|p2a: Arboliva\n|-resisted|p2a: Arboliva\n|-damage|p2a: Arboliva|197/290\n|-heal|p1a: Gogoat|151/360 par|[from] drain|[of] p2a: Arboliva\n|\n|-heal|p2a: Arboliva|215/290|[from] Grassy Terrain\n|-heal|p2a: Arboliva|233/290|[from] item: Leftovers\n|-heal|p1a: Gogoat|173/360 par|[from] Grassy Terrain\n|-heal|p1a: Gogoat|195/360 par|[from] item: Leftovers\n|upkeep\n|turn|27\n|\n|t:|1781398764\n|move|p2a: Arboliva|Hyper Voice|p1a: Gogoat\n|-crit|p1a: Gogoat\n|-damage|p1a: Gogoat|0 fnt\n|faint|p1a: Gogoat\n|\n|-heal|p2a: Arboliva|251/290|[from] Grassy Terrain\n|-heal|p2a: Arboliva|269/290|[from] item: Leftovers\n|upkeep\n|\n|t:|1781398766\n|switch|p1a: Jumpluff|Jumpluff, L87, M|111/271\n|turn|28\n|\n|t:|1781398772\n|move|p1a: Jumpluff|Strength Sap|p2a: Arboliva\n|-unboost|p2a: Arboliva|atk|1\n|-heal|p1a: Jumpluff|241/271\n|move|p2a: Arboliva|Hyper Voice|p1a: Jumpluff\n|-damage|p1a: Jumpluff|115/271\n|\n|-heal|p2a: Arboliva|287/290|[from] Grassy Terrain\n|-heal|p2a: Arboliva|290/290|[from] item: Leftovers\n|upkeep\n|turn|29\n|\n|t:|1781398778\n|move|p1a: Jumpluff|Acrobatics|p2a: Arboliva\n|-supereffective|p2a: Arboliva\n|-damage|p2a: Arboliva|140/290\n|move|p2a: Arboliva|Hyper Voice|p1a: Jumpluff\n|-damage|p1a: Jumpluff|0 fnt\n|faint|p1a: Jumpluff\n|\n|win|DaMoistAvocado\n", "uploadtime": 1781398460, "views": 6, "formatid": "gen9randombattle", "rating": null, "private": 0, "password": null}