{"id": "gen9randombattle-2631378182", "format": "[Gen 9] Random Battle", "players": ["scampy789", "Atelophobia"], "log": "|j|\u2606scampy789\n|j|\u2606Atelophobia\n|t:|1781377572\n|gametype|singles\n|player|p1|scampy789|101|2021\n|player|p2|Atelophobia|1|2000\n|gen|9\n|tier|[Gen 9] Random Battle\n|rated|\n|rule|Species Clause: Limit one of each Pok\u00e9mon\n|rule|HP Percentage Mod: HP is shown in percentages\n|rule|Sleep Clause Mod: Limit one foe put to sleep\n|rule|Illusion Level Mod: Illusion disguises the Pok\u00e9mon's true level\n|\n|t:|1781377572\n|teamsize|p1|6\n|teamsize|p2|6\n|start\n|switch|p1a: Revavroom|Revavroom, L79, F|256/256\n|switch|p2a: Salamence|Salamence, L77, M|273/273\n|-ability|p2a: Salamence|Intimidate|boost\n|-unboost|p1a: Revavroom|atk|1\n|turn|1\n|inactive|Battle timer is ON: inactive players will automatically lose when time's up. (requested by scampy789)\n|\n|t:|1781377595\n|switch|p1a: Sudowoodo|Sudowoodo, L94, M|284/284\n|move|p2a: Salamence|Dragon Dance|p2a: Salamence\n|-boost|p2a: Salamence|atk|1\n|-boost|p2a: Salamence|spe|1\n|\n|upkeep\n|turn|2\n|\n|t:|1781377604\n|move|p2a: Salamence|Earthquake|p1a: Sudowoodo\n|-supereffective|p1a: Sudowoodo\n|-damage|p1a: Sudowoodo|122/284\n|move|p1a: Sudowoodo|Head Smash|p2a: Salamence\n|-supereffective|p2a: Salamence\n|-damage|p2a: Salamence|0 fnt\n|faint|p2a: Salamence\n|\n|-heal|p1a: Sudowoodo|139/284|[from] item: Leftovers\n|upkeep\n|\n|t:|1781377607\n|switch|p2a: Dialga|Dialga-Origin, L73|266/266\n|-ability|p2a: Dialga|Pressure\n|turn|3\n|\n|t:|1781377622\n|switch|p1a: Vileplume|Vileplume, L85, M|266/266\n|move|p2a: Dialga|Stealth Rock|p1a: Vileplume\n|-sidestart|p1: scampy789|move: Stealth Rock\n|\n|upkeep\n|turn|4\n|\n|t:|1781377630\n|move|p2a: Dialga|Heavy Slam|p1a: Vileplume\n|-damage|p1a: Vileplume|145/266\n|-status|p2a: Dialga|slp|[from] ability: Effect Spore|[of] p1a: Vileplume\n|move|p1a: Vileplume|Leech Seed|p2a: Dialga\n|-start|p2a: Dialga|move: Leech Seed\n|\n|-heal|p1a: Vileplume|161/266|[from] item: Leftovers\n|-damage|p2a: Dialga|233/266 slp|[from] Leech Seed|[of] p1a: Vileplume\n|-heal|p1a: Vileplume|194/266|[silent]\n|upkeep\n|turn|5\n|\n|t:|1781377641\n|switch|p2a: Ninetales|Ninetales, L85, F|263/263\n|-weather|SunnyDay|[from] ability: Drought|[of] p2a: Ninetales\n|switch|p1a: Sudowoodo|Sudowoodo, L94, M|139/284\n|-damage|p1a: Sudowoodo|104/284|[from] Stealth Rock\n|\n|-weather|SunnyDay|[upkeep]\n|-heal|p1a: Sudowoodo|121/284|[from] item: Leftovers\n|upkeep\n|turn|6\n|\n|t:|1781377659\n|switch|p1a: Blissey|Blissey, L85, F|572/572\n|-damage|p1a: Blissey|501/572|[from] Stealth Rock\n|move|p2a: Ninetales|Solar Beam||[still]\n|-prepare|p2a: Ninetales|Solar Beam\n|-anim|p2a: Ninetales|Solar Beam|p1a: Blissey\n|-crit|p1a: Blissey\n|-damage|p1a: Blissey|424/572\n|\n|-weather|SunnyDay|[upkeep]\n|-heal|p1a: Blissey|459/572|[from] item: Leftovers\n|upkeep\n|turn|7\n|\n|t:|1781377668\n|switch|p2a: Dialga|Dialga-Origin, L73|233/266 slp\n|-ability|p2a: Dialga|Pressure\n|move|p1a: Blissey|Seismic Toss|p2a: Dialga\n|-damage|p2a: Dialga|148/266 slp\n|\n|-weather|SunnyDay|[upkeep]\n|-heal|p1a: Blissey|494/572|[from] item: Leftovers\n|upkeep\n|turn|8\n|\n|t:|1781377674\n|switch|p1a: Sudowoodo|Sudowoodo, L94, M|121/284\n|-damage|p1a: Sudowoodo|86/284|[from] Stealth Rock\n|cant|p2a: Dialga|slp\n|\n|-weather|SunnyDay|[upkeep]\n|-heal|p1a: Sudowoodo|103/284|[from] item: Leftovers\n|upkeep\n|turn|9\n|\n|t:|1781377681\n|-curestatus|p2a: Dialga|slp|[msg]\n|move|p2a: Dialga|Heavy Slam|p1a: Sudowoodo\n|-supereffective|p1a: Sudowoodo\n|-damage|p1a: Sudowoodo|0 fnt\n|faint|p1a: Sudowoodo\n|\n|-weather|none\n|upkeep\n|\n|t:|1781377695\n|switch|p1a: Iron Hands|Iron Hands, L79|373/373\n|-damage|p1a: Iron Hands|350/373|[from] Stealth Rock\n|turn|10\n|\n|t:|1781377705\n|switch|p2a: Annihilape|Annihilape, L76, M|292/292\n|move|p1a: Iron Hands|Drain Punch|p2a: Annihilape\n|-immune|p2a: Annihilape\n|\n|upkeep\n|turn|11\n|\n|t:|1781377719\n|-end|p1a: Iron Hands|Quark Drive|[silent]\n|switch|p1a: Flutter Mane|Flutter Mane, L74|203/203\n|-damage|p1a: Flutter Mane|178/203|[from] Stealth Rock\n|move|p2a: Annihilape|Taunt|p1a: Flutter Mane\n|-start|p1a: Flutter Mane|move: Taunt\n|\n|upkeep\n|turn|12\n|\n|t:|1781377732\n|switch|p2a: Ninetales|Ninetales, L85, F|263/263\n|-weather|SunnyDay|[from] ability: Drought|[of] p2a: Ninetales\n|-activate|p1a: Flutter Mane|ability: Protosynthesis\n|-start|p1a: Flutter Mane|protosynthesisspa\n|move|p1a: Flutter Mane|Shadow Ball|p2a: Ninetales\n|-damage|p2a: Ninetales|100/263\n|\n|-weather|SunnyDay|[upkeep]\n|upkeep\n|turn|13\n|\n|t:|1781377746\n|switch|p2a: Cinccino|Cinccino, L83, F|260/260\n|move|p1a: Flutter Mane|Shadow Ball|p2a: Cinccino\n|-immune|p2a: Cinccino\n|\n|-weather|SunnyDay|[upkeep]\n|-end|p1a: Flutter Mane|move: Taunt\n|upkeep\n|turn|14\n|\n|t:|1781377775\n|-end|p1a: Flutter Mane|Protosynthesis|[silent]\n|switch|p1a: Vileplume|Vileplume, L85, M|194/266\n|-damage|p1a: Vileplume|161/266|[from] Stealth Rock\n|move|p2a: Cinccino|Tidy Up|p2a: Cinccino\n|-sideend|p1: scampy789|Stealth Rock\n|-activate|p2a: Cinccino|move: Tidy Up\n|-boost|p2a: Cinccino|atk|1\n|-boost|p2a: Cinccino|spe|1\n|\n|-weather|SunnyDay|[upkeep]\n|-heal|p1a: Vileplume|177/266|[from] item: Leftovers\n|upkeep\n|turn|15\n|\n|t:|1781377790\n|move|p2a: Cinccino|Triple Axel|p1a: Vileplume\n|-supereffective|p1a: Vileplume\n|-damage|p1a: Vileplume|113/266\n|-supereffective|p1a: Vileplume\n|-damage|p1a: Vileplume|0 fnt\n|-status|p2a: Cinccino|slp|[from] ability: Effect Spore|[of] p1a: Vileplume\n|faint|p1a: Vileplume\n|-hitcount|p1: Vileplume|2\n|\n|-weather|SunnyDay|[upkeep]\n|upkeep\n|inactive|scampy789 has 120 seconds left.\n|\n|t:|1781377804\n|switch|p1a: Flutter Mane|Flutter Mane, L74|178/203\n|-activate|p1a: Flutter Mane|ability: Protosynthesis\n|-start|p1a: Flutter Mane|protosynthesisspa\n|turn|16\n|\n|t:|1781377810\n|cant|p2a: Cinccino|slp\n|move|p1a: Flutter Mane|Moonblast|p2a: Cinccino\n|-damage|p2a: Cinccino|0 fnt\n|faint|p2a: Cinccino\n|\n|-weather|none\n|-end|p1a: Flutter Mane|Protosynthesis\n|upkeep\n|\n|t:|1781377814\n|switch|p2a: Ludicolo|Ludicolo, L90, M|290/290\n|turn|17\n|\n|t:|1781377824\n|-end|p1a: Flutter Mane|Protosynthesis|[silent]\n|switch|p1a: Blissey|Blissey, L85, F|494/572\n|move|p2a: Ludicolo|Rain Dance|p2a: Ludicolo\n|-weather|RainDance\n|\n|-weather|RainDance|[upkeep]\n|-heal|p1a: Blissey|529/572|[from] item: Leftovers\n|upkeep\n|turn|18\n|\n|t:|1781377834\n|move|p2a: Ludicolo|Hydro Pump|p1a: Blissey\n|-damage|p1a: Blissey|346/572\n|-damage|p2a: Ludicolo|261/290|[from] item: Life Orb\n|move|p1a: Blissey|Thunder Wave|p2a: Ludicolo|[miss]\n|-miss|p1a: Blissey|p2a: Ludicolo\n|\n|-weather|RainDance|[upkeep]\n|-heal|p1a: Blissey|381/572|[from] item: Leftovers\n|upkeep\n|turn|19\n|\n|t:|1781377839\n|switch|p2a: Annihilape|Annihilape, L76, M|292/292\n|move|p1a: Blissey|Thunder Wave|p2a: Annihilape\n|-status|p2a: Annihilape|par\n|\n|-weather|RainDance|[upkeep]\n|-heal|p1a: Blissey|416/572|[from] item: Leftovers\n|upkeep\n|turn|20\n|\n|t:|1781377853\n|switch|p1a: Flutter Mane|Flutter Mane, L74|178/203\n|move|p2a: Annihilape|Bulk Up|p2a: Annihilape\n|-boost|p2a: Annihilape|atk|1\n|-boost|p2a: Annihilape|def|1\n|\n|-weather|RainDance|[upkeep]\n|upkeep\n|turn|21\n|\n|t:|1781377882\n|-terastallize|p2a: Annihilape|Fairy\n|move|p1a: Flutter Mane|Moonblast|p2a: Annihilape\n|-damage|p2a: Annihilape|120/292 par\n|-unboost|p2a: Annihilape|spa|1\n|-ability|p2a: Annihilape|Defiant|boost\n|-boost|p2a: Annihilape|atk|2\n|move|p2a: Annihilape|Rage Fist|p1a: Flutter Mane\n|-supereffective|p1a: Flutter Mane\n|-damage|p1a: Flutter Mane|0 fnt\n|faint|p1a: Flutter Mane\n|-end|p1a: Flutter Mane|Protosynthesis|[silent]\n|\n|-weather|none\n|-heal|p2a: Annihilape|138/292 par|[from] item: Leftovers\n|upkeep\n|inactive|scampy789 has 120 seconds left.\n|\n|t:|1781377899\n|switch|p1a: Iron Hands|Iron Hands, L79|350/373\n|turn|22\n|\n|t:|1781377903\n|move|p1a: Iron Hands|Heavy Slam|p2a: Annihilape\n|-supereffective|p2a: Annihilape\n|-damage|p2a: Annihilape|0 fnt\n|faint|p2a: Annihilape\n|\n|upkeep\n|\n|t:|1781377908\n|switch|p2a: Ninetales|Ninetales, L85, F|100/263\n|-weather|SunnyDay|[from] ability: Drought|[of] p2a: Ninetales\n|turn|23\n|\n|t:|1781377915\n|-end|p1a: Iron Hands|Quark Drive|[silent]\n|switch|p1a: Blissey|Blissey, L85, F|416/572\n|move|p2a: Ninetales|Scorching Sands|p1a: Blissey\n|-damage|p1a: Blissey|385/572\n|\n|-weather|SunnyDay|[upkeep]\n|-heal|p1a: Blissey|420/572|[from] item: Leftovers\n|upkeep\n|turn|24\n|\n|t:|1781377922\n|move|p2a: Ninetales|Nasty Plot|p2a: Ninetales\n|-boost|p2a: Ninetales|spa|2\n|move|p1a: Blissey|Thunder Wave|p2a: Ninetales\n|-status|p2a: Ninetales|par\n|\n|-weather|SunnyDay|[upkeep]\n|-heal|p1a: Blissey|455/572|[from] item: Leftovers\n|upkeep\n|turn|25\n|\n|t:|1781377926\n|move|p1a: Blissey|Seismic Toss|p2a: Ninetales\n|-damage|p2a: Ninetales|15/263 par\n|cant|p2a: Ninetales|par\n|\n|-weather|SunnyDay|[upkeep]\n|-heal|p1a: Blissey|490/572|[from] item: Leftovers\n|upkeep\n|turn|26\n|\n|t:|1781377932\n|move|p1a: Blissey|Seismic Toss|p2a: Ninetales\n|-damage|p2a: Ninetales|0 fnt\n|faint|p2a: Ninetales\n|\n|-weather|SunnyDay|[upkeep]\n|-heal|p1a: Blissey|525/572|[from] item: Leftovers\n|upkeep\n|\n|t:|1781377933\n|switch|p2a: Dialga|Dialga-Origin, L73|148/266\n|-ability|p2a: Dialga|Pressure\n|turn|27\n|\n|t:|1781377940\n|switch|p1a: Revavroom|Revavroom, L79, F|256/256\n|move|p2a: Dialga|Heavy Slam|p1a: Revavroom\n|-resisted|p1a: Revavroom\n|-damage|p1a: Revavroom|199/256\n|\n|-weather|none\n|upkeep\n|turn|28\n|\n|t:|1781377950\n|move|p1a: Revavroom|High Horsepower|p2a: Dialga\n|-supereffective|p2a: Dialga\n|-damage|p2a: Dialga|0 fnt\n|faint|p2a: Dialga\n|-damage|p1a: Revavroom|174/256|[from] item: Life Orb\n|\n|upkeep\n|\n|t:|1781377957\n|switch|p2a: Ludicolo|Ludicolo, L90, M|261/290\n|turn|29\n|\n|t:|1781377960\n|move|p1a: Revavroom|Gunk Shot|p2a: Ludicolo\n|-supereffective|p2a: Ludicolo\n|-damage|p2a: Ludicolo|0 fnt\n|faint|p2a: Ludicolo\n|-damage|p1a: Revavroom|149/256|[from] item: Life Orb\n|\n|win|scampy789\n|raw|scampy789's rating: 2021 &rarr; <strong>2040</strong><br />(+19 for winning)\n|raw|Atelophobia's rating: 2000 &rarr; <strong>1981</strong><br />(-19 for losing)\n", "uploadtime": 1781377573, "views": 6, "formatid": "gen9randombattle", "rating": 1981, "private": 0, "password": null}