{"id": "gen9randombattle-2631658754", "format": "[Gen 9] Random Battle", "players": ["Leo Justice", "Sowla"], "log": "|badge|p2|bronze|gen9randombattle|100-9\n|uhtml|medal-msg|<div class=\"broadcast-blue\">Curious what those medals under the avatar are? PS now has Ladder Seasons! For more information, check out the <a href=\"https://www.smogon.com/forums/threads/3740067/\">thread on Smogon.</a></div>\n|j|\u2606Leo Justice\n|j|\u2606Sowla\n|t:|1781416446\n|gametype|singles\n|player|p1|Leo Justice|penny|2228\n|player|p2|Sowla|169|2312\n|gen|9\n|tier|[Gen 9] Random Battle\n|rated|\n|rule|Species Clause: Limit one of each Pok\u00e9mon\n|rule|HP Percentage Mod: HP is shown in percentages\n|rule|Sleep Clause Mod: Limit one foe put to sleep\n|rule|Illusion Level Mod: Illusion disguises the Pok\u00e9mon's true level\n|\n|t:|1781416446\n|teamsize|p1|6\n|teamsize|p2|6\n|start\n|switch|p1a: Hatterene|Hatterene, L85, F|236/236\n|switch|p2a: Muk|Muk-Alola, L82, F|306/306\n|turn|1\n|inactive|Battle timer is ON: inactive players will automatically lose when time's up. (requested by Sowla)\n|\n|t:|1781416478\n|switch|p1a: Mightyena|Mightyena, L96, F|290/290\n|-ability|p1a: Mightyena|Intimidate|boost\n|-unboost|p2a: Muk|atk|1\n|move|p2a: Muk|Knock Off|p1a: Mightyena\n|-resisted|p1a: Mightyena\n|-damage|p1a: Mightyena|257/290\n|-enditem|p1a: Mightyena|Leftovers|[from] move: Knock Off|[of] p2a: Muk\n|\n|upkeep\n|turn|2\n|\n|t:|1781416487\n|move|p1a: Mightyena|Play Rough|p2a: Muk\n|-damage|p2a: Muk|212/306\n|move|p2a: Muk|Drain Punch|p1a: Mightyena\n|-supereffective|p1a: Mightyena\n|-damage|p1a: Mightyena|175/290\n|-heal|p2a: Muk|253/306|[from] drain|[of] p1a: Mightyena\n|\n|upkeep\n|turn|3\n|\n|t:|1781416503\n|move|p1a: Mightyena|Play Rough|p2a: Muk\n|-damage|p2a: Muk|165/306\n|move|p2a: Muk|Drain Punch|p1a: Mightyena\n|-supereffective|p1a: Mightyena\n|-damage|p1a: Mightyena|103/290\n|-heal|p2a: Muk|201/306|[from] drain|[of] p1a: Mightyena\n|\n|upkeep\n|turn|4\n|\n|t:|1781416516\n|move|p1a: Mightyena|Play Rough|p2a: Muk\n|-damage|p2a: Muk|114/306\n|-unboost|p2a: Muk|atk|1\n|move|p2a: Muk|Drain Punch|p1a: Mightyena\n|-supereffective|p1a: Mightyena\n|-damage|p1a: Mightyena|43/290\n|-heal|p2a: Muk|144/306|[from] drain|[of] p1a: Mightyena\n|-status|p1a: Mightyena|psn|[from] ability: Poison Touch|[of] p2a: Muk\n|\n|-damage|p1a: Mightyena|7/290 psn|[from] psn\n|upkeep\n|turn|5\n|\n|t:|1781416524\n|move|p2a: Muk|Shadow Sneak|p1a: Mightyena\n|-resisted|p1a: Mightyena\n|-damage|p1a: Mightyena|0 fnt\n|faint|p1a: Mightyena\n|\n|upkeep\n|\n|t:|1781416537\n|switch|p1a: Eiscue|Eiscue, L88, M|274/274\n|turn|6\n|inactive|Sowla has 120 seconds left.\n|\n|t:|1781416570\n|switch|p2a: Farigiraf|Farigiraf, L90, M|362/362\n|move|p1a: Eiscue|Belly Drum|p1a: Eiscue\n|-damage|p1a: Eiscue|137/274\n|-setboost|p1a: Eiscue|atk|6|[from] move: Belly Drum\n|-enditem|p1a: Eiscue|Sitrus Berry|[eat]\n|-heal|p1a: Eiscue|205/274|[from] item: Sitrus Berry\n|\n|upkeep\n|turn|7\n|inactive|Sowla has 120 seconds left.\n|\n|t:|1781416586\n|move|p2a: Farigiraf|Psychic Noise|p1a: Eiscue\n|-damage|p1a: Eiscue|109/274\n|-start|p1a: Eiscue|move: Heal Block\n|move|p1a: Eiscue|Ice Spinner|p2a: Farigiraf\n|-damage|p2a: Farigiraf|0 fnt\n|faint|p2a: Farigiraf\n|\n|upkeep\n|\n|t:|1781416591\n|switch|p2a: Giratina|Giratina-Origin, L72|335/335\n|turn|8\n|\n|t:|1781416595\n|move|p2a: Giratina|Draco Meteor|p1a: Eiscue\n|-damage|p1a: Eiscue|0 fnt\n|-unboost|p2a: Giratina|spa|2\n|faint|p1a: Eiscue\n|\n|upkeep\n|\n|t:|1781416603\n|switch|p1a: Ursaluna|Ursaluna-Bloodmoon, L79, M|308/308\n|turn|9\n|\n|t:|1781416616\n|switch|p2a: Bronzong|Bronzong, L88|261/261\n|move|p1a: Ursaluna|Calm Mind|p1a: Ursaluna\n|-boost|p1a: Ursaluna|spa|1\n|-boost|p1a: Ursaluna|spd|1\n|\n|upkeep\n|turn|10\n|\n|t:|1781416622\n|move|p1a: Ursaluna|Calm Mind|p1a: Ursaluna\n|-boost|p1a: Ursaluna|spa|1\n|-boost|p1a: Ursaluna|spd|1\n|move|p2a: Bronzong|Stealth Rock|p1a: Ursaluna\n|-sidestart|p1: Leo Justice|move: Stealth Rock\n|\n|upkeep\n|turn|11\n|\n|t:|1781416626\n|move|p1a: Ursaluna|Calm Mind|p1a: Ursaluna\n|-boost|p1a: Ursaluna|spa|1\n|-boost|p1a: Ursaluna|spd|1\n|move|p2a: Bronzong|Iron Head|p1a: Ursaluna\n|-damage|p1a: Ursaluna|241/308\n|\n|-heal|p1a: Ursaluna|260/308|[from] item: Leftovers\n|upkeep\n|turn|12\n|\n|t:|1781416631\n|switch|p2a: Ditto|Ditto, L87|225/225\n|-transform|p2a: Ditto|p1a: Ursaluna|[from] ability: Imposter\n|move|p1a: Ursaluna|Calm Mind|p1a: Ursaluna\n|-boost|p1a: Ursaluna|spa|1\n|-boost|p1a: Ursaluna|spd|1\n|\n|-heal|p1a: Ursaluna|279/308|[from] item: Leftovers\n|upkeep\n|turn|13\n|\n|t:|1781416641\n|move|p2a: Ditto|Blood Moon|p1a: Ursaluna\n|-damage|p1a: Ursaluna|57/308\n|move|p1a: Ursaluna|Blood Moon|p2a: Ditto\n|-damage|p2a: Ditto|0 fnt\n|faint|p2a: Ditto\n|\n|-heal|p1a: Ursaluna|76/308|[from] item: Leftovers\n|upkeep\n|\n|t:|1781416655\n|switch|p2a: Muk|Muk-Alola, L82, F|144/306\n|turn|14\n|\n|t:|1781416669\n|-terastallize|p2a: Muk|Fighting\n|move|p1a: Ursaluna|Vacuum Wave|p2a: Muk\n|-damage|p2a: Muk|81/306\n|move|p2a: Muk|Drain Punch|p1a: Ursaluna\n|-supereffective|p1a: Ursaluna\n|-damage|p1a: Ursaluna|0 fnt\n|-heal|p2a: Muk|119/306|[from] drain|[of] p1a: Ursaluna\n|faint|p1a: Ursaluna\n|\n|upkeep\n|\n|t:|1781416679\n|switch|p1a: Hatterene|Hatterene, L85, F|236/236\n|-damage|p1a: Hatterene|207/236|[from] Stealth Rock\n|turn|15\n|\n|t:|1781416683\n|move|p2a: Muk|Gunk Shot|p1a: Hatterene\n|-supereffective|p1a: Hatterene\n|-damage|p1a: Hatterene|0 fnt\n|faint|p1a: Hatterene\n|\n|upkeep\n|\n|t:|1781416689\n|switch|p1a: Indeedee|Indeedee-F, L90, F|272/272\n|-damage|p1a: Indeedee|238/272|[from] Stealth Rock\n|-fieldstart|move: Psychic Terrain|[from] ability: Psychic Surge|[of] p1a: Indeedee\n|turn|16\n|\n|t:|1781416693\n|switch|p2a: Mightyena|Mightyena, L96, F|290/290\n|-ability|p2a: Mightyena|Intimidate|boost\n|-unboost|p1a: Indeedee|atk|1\n|move|p1a: Indeedee|Psyshock|p2a: Mightyena\n|-immune|p2a: Mightyena\n|\n|upkeep\n|turn|17\n|\n|t:|1781416700\n|switch|p1a: Vileplume|Vileplume, L85, F|266/266\n|-damage|p1a: Vileplume|233/266|[from] Stealth Rock\n|move|p2a: Mightyena|Crunch|p1a: Vileplume\n|-damage|p1a: Vileplume|134/266\n|-unboost|p1a: Vileplume|def|1\n|\n|-heal|p1a: Vileplume|150/266|[from] item: Leftovers\n|upkeep\n|turn|18\n|\n|t:|1781416710\n|move|p2a: Mightyena|Crunch|p1a: Vileplume\n|-crit|p1a: Vileplume\n|-damage|p1a: Vileplume|0 fnt\n|faint|p1a: Vileplume\n|\n|upkeep\n|-message|Leo Justice forfeited.\n|\n|win|Sowla\n", "uploadtime": 1781416449, "views": 2, "formatid": "gen9randombattle", "rating": null, "private": 0, "password": null}