{"id": "gen9randombattle-2631486731", "format": "[Gen 9] Random Battle", "players": ["JerryAlex", "Rambie Drascal"], "log": "|j|\u2606JerryAlex\n|j|\u2606Rambie Drascal\n|t:|1781391188\n|gametype|singles\n|player|p1|JerryAlex|aaron|2025\n|player|p2|Rambie Drascal|ninjaboy|2058\n|gen|9\n|tier|[Gen 9] Random Battle\n|rated|\n|rule|Species Clause: Limit one of each Pok\u00e9mon\n|rule|HP Percentage Mod: HP is shown in percentages\n|rule|Sleep Clause Mod: Limit one foe put to sleep\n|rule|Illusion Level Mod: Illusion disguises the Pok\u00e9mon's true level\n|\n|t:|1781391188\n|teamsize|p1|6\n|teamsize|p2|6\n|start\n|switch|p1a: Brute Bonnet|Brute Bonnet, L80|309/309\n|switch|p2a: Shaymin|Shaymin, L82|298/298\n|turn|1\n|inactive|Battle timer is ON: inactive players will automatically lose when time's up. (requested by Rambie Drascal)\n|\n|t:|1781391205\n|move|p2a: Shaymin|Substitute|p2a: Shaymin\n|-start|p2a: Shaymin|Substitute\n|-damage|p2a: Shaymin|224/298\n|move|p1a: Brute Bonnet|Crunch|p2a: Shaymin\n|-end|p2a: Shaymin|Substitute\n|\n|-heal|p2a: Shaymin|242/298|[from] item: Leftovers\n|upkeep\n|turn|2\n|\n|t:|1781391207\n|move|p2a: Shaymin|Substitute|p2a: Shaymin\n|-start|p2a: Shaymin|Substitute\n|-damage|p2a: Shaymin|168/298\n|move|p1a: Brute Bonnet|Crunch|p2a: Shaymin\n|-end|p2a: Shaymin|Substitute\n|\n|-heal|p2a: Shaymin|186/298|[from] item: Leftovers\n|upkeep\n|turn|3\n|\n|t:|1781391209\n|move|p2a: Shaymin|Air Slash|p1a: Brute Bonnet\n|-supereffective|p1a: Brute Bonnet\n|-damage|p1a: Brute Bonnet|205/309\n|move|p1a: Brute Bonnet|Crunch|p2a: Shaymin\n|-damage|p2a: Shaymin|90/298\n|-unboost|p2a: Shaymin|def|1\n|\n|-heal|p2a: Shaymin|108/298|[from] item: Leftovers\n|-heal|p1a: Brute Bonnet|224/309|[from] item: Leftovers\n|upkeep\n|turn|4\n|\n|t:|1781391214\n|switch|p2a: Overqwil|Overqwil, L82, F|274/274\n|-ability|p2a: Overqwil|Intimidate|boost\n|-unboost|p1a: Brute Bonnet|atk|1\n|move|p1a: Brute Bonnet|Crunch|p2a: Overqwil\n|-resisted|p2a: Overqwil\n|-damage|p2a: Overqwil|241/274\n|\n|-heal|p1a: Brute Bonnet|243/309|[from] item: Leftovers\n|upkeep\n|turn|5\n|\n|t:|1781391220\n|-end|p1a: Brute Bonnet|Protosynthesis|[silent]\n|switch|p1a: Toxicroak|Toxicroak, L84, M|277/277\n|move|p2a: Overqwil|Swords Dance|p2a: Overqwil\n|-boost|p2a: Overqwil|atk|2\n|\n|upkeep\n|turn|6\n|\n|t:|1781391225\n|move|p1a: Toxicroak|Earthquake|p2a: Overqwil\n|-supereffective|p2a: Overqwil\n|-damage|p2a: Overqwil|64/274\n|-damage|p1a: Toxicroak|250/277|[from] item: Life Orb\n|move|p2a: Overqwil|Scale Shot|p1a: Toxicroak\n|-damage|p1a: Toxicroak|201/277\n|-damage|p1a: Toxicroak|156/277\n|-damage|p1a: Toxicroak|109/277\n|-damage|p1a: Toxicroak|62/277\n|-damage|p1a: Toxicroak|10/277\n|-hitcount|p1a: Toxicroak|5\n|-unboost|p2a: Overqwil|def|1\n|-boost|p2a: Overqwil|spe|1\n|\n|upkeep\n|turn|7\n|\n|t:|1781391242\n|move|p2a: Overqwil|Crunch|p1a: Toxicroak\n|-resisted|p1a: Toxicroak\n|-damage|p1a: Toxicroak|0 fnt\n|faint|p1a: Toxicroak\n|\n|upkeep\n|\n|t:|1781391248\n|switch|p1a: Brute Bonnet|Brute Bonnet, L80|243/309\n|turn|8\n|\n|t:|1781391251\n|move|p1a: Brute Bonnet|Sucker Punch|p2a: Overqwil\n|-resisted|p2a: Overqwil\n|-crit|p2a: Overqwil\n|-damage|p2a: Overqwil|0 fnt\n|faint|p2a: Overqwil\n|\n|-heal|p1a: Brute Bonnet|262/309|[from] item: Leftovers\n|upkeep\n|\n|t:|1781391255\n|switch|p2a: Emboar|Emboar, L84, F|322/322\n|turn|9\n|\n|t:|1781391262\n|move|p2a: Emboar|Bulk Up|p2a: Emboar\n|-boost|p2a: Emboar|atk|1\n|-boost|p2a: Emboar|def|1\n|move|p1a: Brute Bonnet|Spore|p2a: Emboar\n|-status|p2a: Emboar|slp|[from] move: Spore\n|\n|-heal|p1a: Brute Bonnet|281/309|[from] item: Leftovers\n|upkeep\n|turn|10\n|\n|t:|1781391266\n|-end|p1a: Brute Bonnet|Protosynthesis|[silent]\n|switch|p1a: Kleavor|Kleavor, L78, M|237/237\n|cant|p2a: Emboar|slp\n|\n|upkeep\n|turn|11\n|\n|t:|1781391270\n|move|p1a: Kleavor|Stone Axe|p2a: Emboar\n|-damage|p2a: Emboar|220/322 slp\n|-sidestart|p2: Rambie Drascal|move: Stealth Rock\n|cant|p2a: Emboar|slp\n|\n|-heal|p2a: Emboar|240/322 slp|[from] item: Leftovers\n|upkeep\n|turn|12\n|\n|t:|1781391275\n|move|p1a: Kleavor|Stone Axe|p2a: Emboar\n|-damage|p2a: Emboar|144/322 slp\n|-curestatus|p2a: Emboar|slp|[msg]\n|move|p2a: Emboar|Trailblaze|p1a: Kleavor\n|-damage|p1a: Kleavor|172/237\n|-boost|p2a: Emboar|spe|1\n|\n|-heal|p2a: Emboar|164/322|[from] item: Leftovers\n|upkeep\n|turn|13\n|\n|t:|1781391281\n|move|p1a: Kleavor|Stone Axe|p2a: Emboar\n|-damage|p2a: Emboar|62/322\n|move|p2a: Emboar|Drain Punch|p1a: Kleavor\n|-damage|p1a: Kleavor|25/237\n|-heal|p2a: Emboar|136/322|[from] drain|[of] p1a: Kleavor\n|\n|-heal|p2a: Emboar|156/322|[from] item: Leftovers\n|upkeep\n|turn|14\n|\n|t:|1781391289\n|move|p1a: Kleavor|Stone Axe|p2a: Emboar\n|-damage|p2a: Emboar|66/322\n|move|p2a: Emboar|Drain Punch|p1a: Kleavor\n|-damage|p1a: Kleavor|0 fnt\n|-heal|p2a: Emboar|79/322|[from] drain|[of] p1a: Kleavor\n|faint|p1a: Kleavor\n|\n|-heal|p2a: Emboar|99/322|[from] item: Leftovers\n|upkeep\n|\n|t:|1781391294\n|switch|p1a: Brute Bonnet|Brute Bonnet, L80|281/309\n|turn|15\n|\n|t:|1781391298\n|-terastallize|p1a: Brute Bonnet|Fighting\n|move|p2a: Emboar|Drain Punch|p1a: Brute Bonnet\n|-damage|p1a: Brute Bonnet|143/309\n|-heal|p2a: Emboar|168/322|[from] drain|[of] p1a: Brute Bonnet\n|move|p1a: Brute Bonnet|Spore|p2a: Emboar\n|-status|p2a: Emboar|slp|[from] move: Spore\n|\n|-heal|p2a: Emboar|188/322 slp|[from] item: Leftovers\n|-heal|p1a: Brute Bonnet|162/309|[from] item: Leftovers\n|upkeep\n|turn|16\n|\n|t:|1781391313\n|-end|p1a: Brute Bonnet|Protosynthesis|[silent]\n|switch|p1a: Virizion|Virizion, L82|283/283\n|cant|p2a: Emboar|slp\n|\n|-heal|p2a: Emboar|208/322 slp|[from] item: Leftovers\n|upkeep\n|turn|17\n|\n|t:|1781391318\n|cant|p2a: Emboar|slp\n|move|p1a: Virizion|Close Combat|p2a: Emboar\n|-damage|p2a: Emboar|75/322 slp\n|-unboost|p1a: Virizion|def|1\n|-unboost|p1a: Virizion|spd|1\n|-damage|p1a: Virizion|255/283|[from] item: Life Orb\n|\n|-heal|p2a: Emboar|95/322 slp|[from] item: Leftovers\n|upkeep\n|turn|18\n|\n|t:|1781391324\n|-curestatus|p2a: Emboar|slp|[msg]\n|move|p2a: Emboar|Drain Punch|p1a: Virizion\n|-damage|p1a: Virizion|0 fnt\n|-heal|p2a: Emboar|223/322|[from] drain|[of] p1a: Virizion\n|faint|p1a: Virizion\n|\n|-heal|p2a: Emboar|243/322|[from] item: Leftovers\n|upkeep\n|\n|t:|1781391327\n|switch|p1a: Regigigas|Regigigas, L84|322/322\n|-start|p1a: Regigigas|ability: Slow Start\n|turn|19\n|-message|JerryAlex forfeited.\n|\n|win|Rambie Drascal\n|raw|JerryAlex's rating: 2025 &rarr; <strong>2007</strong><br />(-18 for losing)\n|raw|Rambie Drascal's rating: 2058 &rarr; <strong>2076</strong><br />(+18 for winning)\n", "uploadtime": 1781391190, "views": 3, "formatid": "gen9randombattle", "rating": 2007, "private": 0, "password": null}