{"id": "gen9randombattle-2631758991", "format": "[Gen 9] Random Battle", "players": ["Flappell Roan", "Gin X Tonic"], "log": "|j|\u2606Flappell Roan\n|j|\u2606Gin X Tonic\n|t:|1781435064\n|gametype|singles\n|player|p1|Flappell Roan|skyla|1984\n|player|p2|Gin X Tonic|artist-gen4|1969\n|gen|9\n|tier|[Gen 9] Random Battle\n|rated|\n|rule|Species Clause: Limit one of each Pok\u00e9mon\n|rule|HP Percentage Mod: HP is shown in percentages\n|rule|Sleep Clause Mod: Limit one foe put to sleep\n|rule|Illusion Level Mod: Illusion disguises the Pok\u00e9mon's true level\n|\n|t:|1781435064\n|teamsize|p1|6\n|teamsize|p2|6\n|start\n|switch|p1a: Flygon|Flygon, L82, M|265/265\n|switch|p2a: Lurantis|Lurantis, L87, F|264/264\n|turn|1\n|inactive|Battle timer is ON: inactive players will automatically lose when time's up. (requested by Gin X Tonic)\n|\n|t:|1781435072\n|switch|p1a: Swalot|Swalot, L90, F|326/326\n|move|p2a: Lurantis|Superpower|p1a: Swalot\n|-resisted|p1a: Swalot\n|-damage|p1a: Swalot|276/326\n|-boost|p2a: Lurantis|atk|1\n|-boost|p2a: Lurantis|def|1\n|\n|-heal|p1a: Swalot|296/326|[from] item: Leftovers\n|upkeep\n|turn|2\n|\n|t:|1781435097\n|switch|p2a: Porygon-Z|Porygon-Z, L83|277/277\n|move|p1a: Swalot|Knock Off|p2a: Porygon-Z\n|-damage|p2a: Porygon-Z|204/277\n|-enditem|p2a: Porygon-Z|Choice Scarf|[from] move: Knock Off|[of] p1a: Swalot\n|\n|-heal|p1a: Swalot|316/326|[from] item: Leftovers\n|upkeep\n|turn|3\n|\n|t:|1781435111\n|switch|p1a: Lunala|Lunala, L70|308/308\n|move|p2a: Porygon-Z|Tri Attack|p1a: Lunala\n|-immune|p1a: Lunala\n|\n|upkeep\n|turn|4\n|inactive|Gin X Tonic has 120 seconds left.\n|\n|t:|1781435140\n|switch|p1a: Meowscarada|Meowscarada, L78, F|247/247\n|move|p2a: Porygon-Z|Trick|p1a: Meowscarada\n|-activate|p2a: Porygon-Z|move: Trick|[of] p1a: Meowscarada\n|-enditem|p1a: Meowscarada|Choice Band|[silent]|[from] move: Trick\n|-item|p2a: Porygon-Z|Choice Band|[from] move: Trick\n|\n|upkeep\n|turn|5\n|inactive|Gin X Tonic has 120 seconds left.\n|\n|t:|1781435150\n|move|p1a: Meowscarada|Flower Trick|p2a: Porygon-Z\n|-start|p1a: Meowscarada|typechange|Grass|[from] ability: Protean\n|-crit|p2a: Porygon-Z\n|-damage|p2a: Porygon-Z|75/277\n|move|p2a: Porygon-Z|Tri Attack|p1a: Meowscarada\n|-damage|p1a: Meowscarada|69/247\n|\n|upkeep\n|turn|6\n|inactive|Gin X Tonic has 120 seconds left.\n|\n|t:|1781435164\n|switch|p2a: Jumpluff|Jumpluff, L87, F|271/271\n|move|p1a: Meowscarada|Flower Trick|p2a: Jumpluff\n|-resisted|p2a: Jumpluff\n|-crit|p2a: Jumpluff\n|-damage|p2a: Jumpluff|238/271\n|\n|upkeep\n|turn|7\n|\n|t:|1781435177\n|switch|p1a: Swalot|Swalot, L90, F|316/326\n|move|p2a: Jumpluff|U-turn|p1a: Swalot\n|-resisted|p1a: Swalot\n|-damage|p1a: Swalot|300/326\n|inactive|Gin X Tonic has 120 seconds left.\n|inactive|Gin X Tonic has 90 seconds left.\n|\n|t:|1781435229\n|switch|p2a: Miraidon|Miraidon, L65|238/238|[from] U-turn\n|-fieldstart|move: Electric Terrain|[from] ability: Hadron Engine|[of] p2a: Miraidon\n|\n|-heal|p1a: Swalot|320/326|[from] item: Leftovers\n|upkeep\n|turn|8\n|\n|t:|1781435237\n|move|p2a: Miraidon|Calm Mind|p2a: Miraidon\n|-boost|p2a: Miraidon|spa|1\n|-boost|p2a: Miraidon|spd|1\n|move|p1a: Swalot|Earthquake|p2a: Miraidon\n|-supereffective|p2a: Miraidon\n|-damage|p2a: Miraidon|86/238\n|\n|-heal|p1a: Swalot|326/326|[from] item: Leftovers\n|upkeep\n|turn|9\n|\n|t:|1781435250\n|move|p2a: Miraidon|Electro Drift|p1a: Swalot\n|-damage|p1a: Swalot|63/326\n|-damage|p2a: Miraidon|63/238|[from] item: Life Orb\n|move|p1a: Swalot|Earthquake|p2a: Miraidon\n|-supereffective|p2a: Miraidon\n|-damage|p2a: Miraidon|0 fnt\n|faint|p2a: Miraidon\n|\n|-heal|p1a: Swalot|83/326|[from] item: Leftovers\n|upkeep\n|inactive|Gin X Tonic has 90 seconds left.\n|\n|t:|1781435267\n|switch|p2a: Porygon-Z|Porygon-Z, L83|75/277\n|turn|10\n|\n|t:|1781435271\n|switch|p1a: Lunala|Lunala, L70|308/308\n|move|p2a: Porygon-Z|Thunderbolt|p1a: Lunala\n|-damage|p1a: Lunala|258/308\n|-status|p1a: Lunala|par\n|\n|-heal|p1a: Lunala|277/308 par|[from] item: Leftovers\n|upkeep\n|turn|11\n|\n|t:|1781435285\n|switch|p2a: Jumpluff|Jumpluff, L87, F|238/271\n|move|p1a: Lunala|Moonlight|p1a: Lunala\n|-heal|p1a: Lunala|308/308 par\n|\n|-fieldend|move: Electric Terrain\n|upkeep\n|turn|12\n|\n|t:|1781435301\n|switch|p1a: Tornadus|Tornadus, L82, M|263/263\n|move|p2a: Jumpluff|Acrobatics|p1a: Tornadus\n|-damage|p1a: Tornadus|155/263\n|\n|upkeep\n|turn|13\n|\n|t:|1781435313\n|move|p2a: Jumpluff|U-turn|p1a: Tornadus\n|-resisted|p1a: Tornadus\n|-damage|p1a: Tornadus|133/263\n|\n|t:|1781435315\n|switch|p2a: Porygon-Z|Porygon-Z, L83|75/277|[from] U-turn\n|move|p1a: Tornadus|Bleakwind Storm|p2a: Porygon-Z\n|-damage|p2a: Porygon-Z|0 fnt\n|faint|p2a: Porygon-Z\n|\n|upkeep\n|\n|t:|1781435324\n|switch|p2a: Talonflame|Talonflame, L83, F|265/265\n|turn|14\n|\n|t:|1781435328\n|switch|p1a: Azumarill|Azumarill, L82, M|298/298\n|move|p2a: Talonflame|Swords Dance|p2a: Talonflame\n|-boost|p2a: Talonflame|atk|2\n|\n|upkeep\n|turn|15\n|inactive|Gin X Tonic has 120 seconds left.\n|\n|t:|1781435366\n|move|p2a: Talonflame|Brave Bird|p1a: Azumarill\n|-damage|p1a: Azumarill|52/298\n|-damage|p2a: Talonflame|184/265|[from] Recoil\n|move|p1a: Azumarill|Liquidation|p2a: Talonflame\n|-supereffective|p2a: Talonflame\n|-crit|p2a: Talonflame\n|-damage|p2a: Talonflame|0 fnt\n|faint|p2a: Talonflame\n|\n|upkeep\n|\n|t:|1781435370\n|switch|p2a: Lurantis|Lurantis, L87, F|264/264\n|turn|16\n|\n|t:|1781435378\n|switch|p1a: Swalot|Swalot, L90, F|83/326\n|move|p2a: Lurantis|Leaf Storm|p1a: Swalot\n|-resisted|p1a: Swalot\n|-damage|p1a: Swalot|22/326\n|-boost|p2a: Lurantis|spa|2\n|\n|-heal|p1a: Swalot|42/326|[from] item: Leftovers\n|upkeep\n|turn|17\n|\n|t:|1781435387\n|move|p1a: Swalot|Gunk Shot|p2a: Lurantis\n|-supereffective|p2a: Lurantis\n|-damage|p2a: Lurantis|16/264\n|move|p2a: Lurantis|Leaf Storm|p1a: Swalot\n|-resisted|p1a: Swalot\n|-damage|p1a: Swalot|0 fnt\n|-boost|p2a: Lurantis|spa|2\n|faint|p1a: Swalot\n|\n|-heal|p2a: Lurantis|32/264|[from] item: Leftovers\n|upkeep\n|-message|Gin X Tonic forfeited.\n|\n|win|Flappell Roan\n", "uploadtime": 1781435066, "views": 4, "formatid": "gen9randombattle", "rating": null, "private": 0, "password": null}