{"id": "gen9randombattle-2631865726", "format": "[Gen 9] Random Battle", "players": ["Dar'Sakar", "hdjci"], "log": "|j|\u2606Dar'Sakar\n|j|\u2606hdjci\n|t:|1781449769\n|gametype|singles\n|player|p1|Dar'Sakar|170|1909\n|player|p2|hdjci|265|1913\n|gen|9\n|tier|[Gen 9] Random Battle\n|rated|\n|rule|Species Clause: Limit one of each Pok\u00e9mon\n|rule|HP Percentage Mod: HP is shown in percentages\n|rule|Sleep Clause Mod: Limit one foe put to sleep\n|rule|Illusion Level Mod: Illusion disguises the Pok\u00e9mon's true level\n|\n|t:|1781449769\n|teamsize|p1|6\n|teamsize|p2|6\n|start\n|switch|p1a: Wyrdeer|Wyrdeer, L87, F|321/321\n|switch|p2a: Eelektross|Eelektross, L87, F|290/290\n|-ability|p1a: Wyrdeer|Intimidate|boost\n|-unboost|p2a: Eelektross|atk|1\n|turn|1\n|inactive|Battle timer is ON: inactive players will automatically lose when time's up. (requested by Dar'Sakar)\n|\n|t:|1781449795\n|move|p1a: Wyrdeer|Body Slam|p2a: Eelektross\n|-damage|p2a: Eelektross|190/290\n|move|p2a: Eelektross|Coil|p2a: Eelektross\n|-boost|p2a: Eelektross|atk|1\n|-boost|p2a: Eelektross|def|1\n|-boost|p2a: Eelektross|accuracy|1\n|\n|-heal|p2a: Eelektross|208/290|[from] item: Leftovers\n|upkeep\n|turn|2\n|\n|t:|1781449803\n|move|p1a: Wyrdeer|Psychic Noise|p2a: Eelektross\n|-damage|p2a: Eelektross|123/290\n|-start|p2a: Eelektross|move: Heal Block\n|move|p2a: Eelektross|Coil|p2a: Eelektross\n|-boost|p2a: Eelektross|atk|1\n|-boost|p2a: Eelektross|def|1\n|-boost|p2a: Eelektross|accuracy|1\n|\n|upkeep\n|turn|3\n|\n|t:|1781449809\n|move|p1a: Wyrdeer|Psychic Noise|p2a: Eelektross\n|-damage|p2a: Eelektross|36/290\n|move|p2a: Eelektross|Supercell Slam|p1a: Wyrdeer\n|-damage|p1a: Wyrdeer|99/321\n|\n|-end|p2a: Eelektross|move: Heal Block\n|upkeep\n|turn|4\n|\n|t:|1781449815\n|move|p1a: Wyrdeer|Psychic Noise|p2a: Eelektross\n|-damage|p2a: Eelektross|0 fnt\n|faint|p2a: Eelektross\n|\n|upkeep\n|\n|t:|1781449820\n|switch|p2a: Grafaiai|Grafaiai, L86, M|249/249\n|turn|5\n|\n|t:|1781449836\n|switch|p1a: Donphan|Donphan, L84, F|288/288\n|move|p2a: Grafaiai|Knock Off|p1a: Donphan\n|-damage|p1a: Donphan|236/288\n|-enditem|p1a: Donphan|Assault Vest|[from] move: Knock Off|[of] p2a: Grafaiai\n|\n|upkeep\n|turn|6\n|\n|t:|1781449845\n|move|p2a: Grafaiai|Parting Shot|p1a: Donphan\n|-unboost|p1a: Donphan|atk|1\n|-unboost|p1a: Donphan|spa|1\n|\n|t:|1781449856\n|switch|p2a: Keldeo|Keldeo-Resolute, L79|273/273|[from] Parting Shot\n|move|p1a: Donphan|Earthquake|p2a: Keldeo\n|-damage|p2a: Keldeo|183/273\n|\n|-heal|p2a: Keldeo|200/273|[from] item: Leftovers\n|upkeep\n|turn|7\n|\n|t:|1781449871\n|switch|p1a: Wyrdeer|Wyrdeer, L87, F|99/321\n|-ability|p1a: Wyrdeer|Intimidate|boost\n|-unboost|p2a: Keldeo|atk|1\n|move|p2a: Keldeo|Substitute|p2a: Keldeo\n|-start|p2a: Keldeo|Substitute\n|-damage|p2a: Keldeo|132/273\n|\n|-heal|p2a: Keldeo|149/273|[from] item: Leftovers\n|upkeep\n|turn|8\n|\n|t:|1781449889\n|move|p2a: Keldeo|Secret Sword|p1a: Wyrdeer\n|-crit|p1a: Wyrdeer\n|-damage|p1a: Wyrdeer|0 fnt\n|faint|p1a: Wyrdeer\n|\n|-heal|p2a: Keldeo|166/273|[from] item: Leftovers\n|upkeep\n|\n|t:|1781449908\n|switch|p1a: Torterra|Torterra, L78, F|276/276\n|turn|9\n|\n|t:|1781449924\n|switch|p2a: Grafaiai|Grafaiai, L86, M|249/249\n|move|p1a: Torterra|Shell Smash|p1a: Torterra\n|-unboost|p1a: Torterra|def|1\n|-unboost|p1a: Torterra|spd|1\n|-boost|p1a: Torterra|atk|2\n|-boost|p1a: Torterra|spa|2\n|-boost|p1a: Torterra|spe|2\n|\n|upkeep\n|turn|10\n|\n|t:|1781449929\n|move|p2a: Grafaiai|Encore|p1a: Torterra\n|-start|p1a: Torterra|Encore\n|move|p1a: Torterra|Shell Smash|p1a: Torterra\n|-unboost|p1a: Torterra|def|1\n|-unboost|p1a: Torterra|spd|1\n|-boost|p1a: Torterra|atk|2\n|-boost|p1a: Torterra|spa|2\n|-boost|p1a: Torterra|spe|2\n|\n|upkeep\n|turn|11\n|\n|t:|1781449942\n|switch|p1a: Donphan|Donphan, L84, F|236/288\n|move|p2a: Grafaiai|Parting Shot|p1a: Donphan\n|-unboost|p1a: Donphan|atk|1\n|-unboost|p1a: Donphan|spa|1\n|\n|t:|1781449947\n|switch|p2a: Keldeo|Keldeo-Resolute, L79|166/273|[from] Parting Shot\n|\n|-heal|p2a: Keldeo|183/273|[from] item: Leftovers\n|upkeep\n|turn|12\n|\n|t:|1781449949\n|switch|p1a: Gholdengo|Gholdengo, L77|261/261\n|move|p2a: Keldeo|Surf|p1a: Gholdengo\n|-damage|p1a: Gholdengo|141/261\n|\n|-heal|p2a: Keldeo|200/273|[from] item: Leftovers\n|upkeep\n|turn|13\n|\n|t:|1781449968\n|move|p1a: Gholdengo|Trick|p2a: Keldeo\n|-activate|p1a: Gholdengo|move: Trick|[of] p2a: Keldeo\n|-item|p2a: Keldeo|Choice Scarf|[from] move: Trick\n|-item|p1a: Gholdengo|Leftovers|[from] move: Trick\n|move|p2a: Keldeo|Calm Mind|p2a: Keldeo\n|-boost|p2a: Keldeo|spa|1\n|-boost|p2a: Keldeo|spd|1\n|\n|-heal|p1a: Gholdengo|157/261|[from] item: Leftovers\n|upkeep\n|turn|14\n|\n|t:|1781449976\n|switch|p2a: Grafaiai|Grafaiai, L86, M|249/249\n|move|p1a: Gholdengo|Shadow Ball|p2a: Grafaiai\n|-immune|p2a: Grafaiai\n|\n|-heal|p1a: Gholdengo|173/261|[from] item: Leftovers\n|upkeep\n|turn|15\n|\n|t:|1781449982\n|switch|p1a: Donphan|Donphan, L84, F|236/288\n|move|p2a: Grafaiai|Knock Off|p1a: Donphan\n|-damage|p1a: Donphan|198/288\n|\n|upkeep\n|turn|16\n|\n|t:|1781449994\n|move|p2a: Grafaiai|Parting Shot|p1a: Donphan\n|-unboost|p1a: Donphan|atk|1\n|-unboost|p1a: Donphan|spa|1\n|\n|t:|1781450000\n|switch|p2a: Keldeo|Keldeo-Resolute, L79|200/273|[from] Parting Shot\n|move|p1a: Donphan|Earthquake|p2a: Keldeo\n|-damage|p2a: Keldeo|112/273\n|\n|upkeep\n|turn|17\n|inactive|Dar'Sakar has 120 seconds left.\n|\n|t:|1781450035\n|switch|p1a: Gholdengo|Gholdengo, L77|173/261\n|move|p2a: Keldeo|Surf|p1a: Gholdengo\n|-damage|p1a: Gholdengo|59/261\n|\n|-heal|p1a: Gholdengo|75/261|[from] item: Leftovers\n|upkeep\n|turn|18\n|\n|t:|1781450044\n|move|p2a: Keldeo|Surf|p1a: Gholdengo\n|-damage|p1a: Gholdengo|0 fnt\n|faint|p1a: Gholdengo\n|\n|upkeep\n|\n|t:|1781450051\n|switch|p1a: Torterra|Torterra, L78, F|276/276\n|turn|19\n|\n|t:|1781450057\n|switch|p2a: Grafaiai|Grafaiai, L86, M|249/249\n|move|p1a: Torterra|Headlong Rush|p2a: Grafaiai\n|-supereffective|p2a: Grafaiai\n|-damage|p2a: Grafaiai|0 fnt\n|-unboost|p1a: Torterra|def|1\n|-unboost|p1a: Torterra|spd|1\n|faint|p2a: Grafaiai\n|\n|upkeep\n|inactive|hdjci has 120 seconds left.\n|\n|t:|1781450087\n|switch|p2a: Houndstone|Houndstone, L86, M|264/264\n|turn|20\n|inactive|Dar'Sakar has 120 seconds left.\n|\n|t:|1781450119\n|switch|p1a: Donphan|Donphan, L84, F|198/288\n|move|p2a: Houndstone|Poltergeist||[still]\n|-fail|p2a: Houndstone\n|\n|upkeep\n|turn|21\n|inactive|hdjci has 120 seconds left.\n|\n|t:|1781450144\n|switch|p2a: Flygon|Flygon, L82, M|265/265\n|move|p1a: Donphan|Earthquake|p2a: Flygon\n|-immune|p2a: Flygon|[from] ability: Levitate\n|\n|upkeep\n|turn|22\n|\n|t:|1781450151\n|switch|p2a: Keldeo|Keldeo-Resolute, L79|112/273\n|move|p1a: Donphan|Earthquake|p2a: Keldeo\n|-damage|p2a: Keldeo|0 fnt\n|faint|p2a: Keldeo\n|\n|upkeep\n|c|\u2606hdjci|well played\n|inactive|hdjci has 120 seconds left.\n|\n|t:|1781450167\n|switch|p2a: Flygon|Flygon, L82, M|265/265\n|turn|23\n|c|\u2606Dar'Sakar|thanks\n|\n|t:|1781450171\n|-terastallize|p2a: Flygon|Steel\n|move|p2a: Flygon|Dragon Dance|p2a: Flygon\n|-boost|p2a: Flygon|atk|1\n|-boost|p2a: Flygon|spe|1\n|move|p1a: Donphan|Ice Spinner|p2a: Flygon\n|-resisted|p2a: Flygon\n|-damage|p2a: Flygon|226/265\n|\n|upkeep\n|turn|24\n|inactive|hdjci has 120 seconds left.\n|\n|t:|1781450199\n|switch|p1a: Cetitan|Cetitan, L82, F|413/413\n|move|p2a: Flygon|Earthquake|p1a: Cetitan\n|-damage|p1a: Cetitan|220/413\n|\n|upkeep\n|turn|25\n|\n|t:|1781450206\n|move|p2a: Flygon|Stone Edge|p1a: Cetitan\n|-supereffective|p1a: Cetitan\n|-damage|p1a: Cetitan|0 fnt\n|faint|p1a: Cetitan\n|\n|upkeep\n|\n|t:|1781450210\n|switch|p1a: Falinks|Falinks, L84|246/246\n|turn|26\n|inactive|hdjci has 120 seconds left.\n|\n|t:|1781450224\n|switch|p2a: Houndstone|Houndstone, L86, M|264/264\n|move|p1a: Falinks|Close Combat|p2a: Houndstone\n|-immune|p2a: Houndstone\n|\n|upkeep\n|turn|27\n|inactive|hdjci has 120 seconds left.\n|\n|t:|1781450245\n|move|p1a: Falinks|No Retreat|p1a: Falinks\n|-boost|p1a: Falinks|atk|1\n|-boost|p1a: Falinks|def|1\n|-boost|p1a: Falinks|spa|1\n|-boost|p1a: Falinks|spd|1\n|-boost|p1a: Falinks|spe|1\n|-start|p1a: Falinks|move: No Retreat\n|move|p2a: Houndstone|Play Rough|p1a: Falinks\n|-supereffective|p1a: Falinks\n|-damage|p1a: Falinks|160/246\n|\n|upkeep\n|turn|28\n|inactive|hdjci has 120 seconds left.\n|\n|t:|1781450257\n|-terastallize|p1a: Falinks|Steel\n|move|p1a: Falinks|Knock Off|p2a: Houndstone\n|-supereffective|p2a: Houndstone\n|-damage|p2a: Houndstone|141/264\n|-enditem|p2a: Houndstone|Assault Vest|[from] move: Knock Off|[of] p1a: Falinks\n|-damage|p1a: Falinks|136/246|[from] item: Life Orb\n|move|p2a: Houndstone|Play Rough|p1a: Falinks\n|-resisted|p1a: Falinks\n|-damage|p1a: Falinks|117/246\n|\n|upkeep\n|turn|29\n|inactive|hdjci has 120 seconds left.\n|\n|t:|1781450269\n|move|p1a: Falinks|Iron Head|p2a: Houndstone\n|-damage|p2a: Houndstone|65/264\n|-damage|p1a: Falinks|93/246|[from] item: Life Orb\n|move|p2a: Houndstone|Body Press|p1a: Falinks\n|-supereffective|p1a: Falinks\n|-damage|p1a: Falinks|13/246\n|\n|upkeep\n|turn|30\n|inactive|hdjci has 120 seconds left.\n|\n|t:|1781450278\n|move|p2a: Houndstone|Shadow Sneak|p1a: Falinks\n|-damage|p1a: Falinks|0 fnt\n|faint|p1a: Falinks\n|\n|upkeep\n|\n|t:|1781450284\n|switch|p1a: Torterra|Torterra, L78, F|276/276\n|turn|31\n|\n|t:|1781450298\n|move|p2a: Houndstone|Poltergeist|p1a: Torterra\n|-activate|p1a: Torterra|move: Poltergeist|Loaded Dice\n|-damage|p1a: Torterra|150/276\n|move|p1a: Torterra|Shell Smash|p1a: Torterra\n|-unboost|p1a: Torterra|def|1\n|-unboost|p1a: Torterra|spd|1\n|-boost|p1a: Torterra|atk|2\n|-boost|p1a: Torterra|spa|2\n|-boost|p1a: Torterra|spe|2\n|\n|upkeep\n|turn|32\n|\n|t:|1781450306\n|move|p2a: Houndstone|Shadow Sneak|p1a: Torterra\n|-damage|p1a: Torterra|83/276\n|move|p1a: Torterra|Bullet Seed|p2a: Houndstone\n|-damage|p2a: Houndstone|1/264\n|-damage|p2a: Houndstone|0 fnt\n|faint|p2a: Houndstone\n|-hitcount|p2: Houndstone|2\n|\n|upkeep\n|inactive|hdjci has 120 seconds left.\n|\n|t:|1781450331\n|switch|p2a: Flygon|Flygon, L82, M, tera:Steel|226/265\n|turn|33\n|\n|t:|1781450335\n|move|p1a: Torterra|Bullet Seed|p2a: Flygon\n|-resisted|p2a: Flygon\n|-damage|p2a: Flygon|184/265\n|-resisted|p2a: Flygon\n|-damage|p2a: Flygon|142/265\n|-resisted|p2a: Flygon\n|-damage|p2a: Flygon|103/265\n|-resisted|p2a: Flygon\n|-damage|p2a: Flygon|62/265\n|-hitcount|p2a: Flygon|4\n|move|p2a: Flygon|Outrage|p1a: Torterra\n|-damage|p1a: Torterra|0 fnt\n|faint|p1a: Torterra\n|\n|upkeep\n|\n|t:|1781450345\n|switch|p1a: Donphan|Donphan, L84, F|198/288\n|turn|34\n|\n|t:|1781450353\n|move|p2a: Flygon|Outrage|p1a: Donphan|[from] lockedmove\n|-damage|p1a: Donphan|96/288\n|move|p1a: Donphan|Ice Spinner|p2a: Flygon\n|-resisted|p2a: Flygon\n|-damage|p2a: Flygon|28/265\n|\n|upkeep\n|turn|35\n|\n|t:|1781450360\n|move|p1a: Donphan|Ice Shard|p2a: Flygon\n|-resisted|p2a: Flygon\n|-damage|p2a: Flygon|10/265\n|move|p2a: Flygon|Outrage|p1a: Donphan|[from] lockedmove\n|-damage|p1a: Donphan|0 fnt\n|faint|p1a: Donphan\n|-start|p2a: Flygon|confusion|[fatigue]\n|\n|win|hdjci\n", "uploadtime": 1781449770, "views": 5, "formatid": "gen9randombattle", "rating": null, "private": 0, "password": null}