{"id": "gen9randombattle-2631762945", "format": "[Gen 9] Random Battle", "players": ["Flappell Roan", "Goofy Ahhh Trainer"], "log": "|j|\u2606Flappell Roan\n|j|\u2606Goofy Ahhh Trainer\n|t:|1781435743\n|gametype|singles\n|player|p1|Flappell Roan|skyla|2022\n|player|p2|Goofy Ahhh Trainer|skier|1961\n|gen|9\n|tier|[Gen 9] Random Battle\n|rated|\n|rule|Species Clause: Limit one of each Pok\u00e9mon\n|rule|HP Percentage Mod: HP is shown in percentages\n|rule|Sleep Clause Mod: Limit one foe put to sleep\n|rule|Illusion Level Mod: Illusion disguises the Pok\u00e9mon's true level\n|\n|t:|1781435743\n|teamsize|p1|6\n|teamsize|p2|6\n|start\n|switch|p1a: Polteageist|Polteageist, L78|222/222\n|switch|p2a: Gholdengo|Gholdengo, L77|261/261\n|turn|1\n|inactive|Battle timer is ON: inactive players will automatically lose when time's up. (requested by Flappell Roan)\n|\n|t:|1781435763\n|switch|p1a: Excadrill|Excadrill, L79, F|303/303\n|-ability|p1a: Excadrill|Mold Breaker\n|move|p2a: Gholdengo|Trick|p1a: Excadrill\n|-activate|p2a: Gholdengo|move: Trick|[of] p1a: Excadrill\n|-item|p1a: Excadrill|Choice Scarf|[from] move: Trick\n|-item|p2a: Gholdengo|Assault Vest|[from] move: Trick\n|\n|upkeep\n|turn|2\n|inactive|Goofy Ahhh Trainer has 120 seconds left.\n|\n|t:|1781435795\n|move|p1a: Excadrill|Earthquake|p2a: Gholdengo\n|-supereffective|p2a: Gholdengo\n|-damage|p2a: Gholdengo|15/261\n|move|p2a: Gholdengo|Focus Blast|p1a: Excadrill\n|-supereffective|p1a: Excadrill\n|-damage|p1a: Excadrill|55/303\n|\n|upkeep\n|turn|3\n|\n|t:|1781435803\n|move|p1a: Excadrill|Earthquake|p2a: Gholdengo\n|-supereffective|p2a: Gholdengo\n|-damage|p2a: Gholdengo|0 fnt\n|faint|p2a: Gholdengo\n|\n|upkeep\n|\n|t:|1781435810\n|switch|p2a: Gothitelle|Gothitelle, L90, M|272/272\n|turn|4\n|\n|t:|1781435816\n|move|p1a: Excadrill|Earthquake|p2a: Gothitelle\n|-damage|p2a: Gothitelle|164/272\n|move|p2a: Gothitelle|Psychic Noise|p1a: Excadrill\n|-resisted|p1a: Excadrill\n|-damage|p1a: Excadrill|0 fnt\n|faint|p1a: Excadrill\n|\n|-heal|p2a: Gothitelle|181/272|[from] item: Leftovers\n|upkeep\n|\n|t:|1781435828\n|switch|p1a: Roaring Moon|Roaring Moon, L72|270/270\n|turn|5\n|\n|t:|1781435833\n|move|p1a: Roaring Moon|Knock Off|p2a: Gothitelle\n|-supereffective|p2a: Gothitelle\n|-damage|p2a: Gothitelle|0 fnt\n|-enditem|p2a: Gothitelle|Leftovers|[from] move: Knock Off|[of] p1a: Roaring Moon\n|faint|p2a: Gothitelle\n|\n|upkeep\n|\n|t:|1781435850\n|switch|p2a: Dugtrio|Dugtrio-Alola, L84, F|196/196\n|turn|6\n|\n|t:|1781435860\n|move|p2a: Dugtrio|Stealth Rock|p1a: Roaring Moon\n|-sidestart|p1: Flappell Roan|move: Stealth Rock\n|move|p1a: Roaring Moon|Knock Off|p2a: Dugtrio\n|-damage|p2a: Dugtrio|0 fnt\n|-ability|p2a: Dugtrio|Tangling Hair\n|-unboost|p1a: Roaring Moon|spe|1\n|-enditem|p2a: Dugtrio|Life Orb|[from] move: Knock Off|[of] p1a: Roaring Moon\n|faint|p2a: Dugtrio\n|\n|upkeep\n|inactive|Goofy Ahhh Trainer has 120 seconds left.\n|inactive|Goofy Ahhh Trainer has 90 seconds left.\n|\n|t:|1781435937\n|switch|p2a: Palkia|Palkia-Origin, L72|249/249\n|-ability|p2a: Palkia|Pressure\n|turn|7\n|\n|t:|1781435944\n|-end|p1a: Roaring Moon|Protosynthesis|[silent]\n|switch|p1a: Comfey|Comfey, L85, F|225/225\n|-damage|p1a: Comfey|197/225|[from] Stealth Rock\n|move|p2a: Palkia|Spacial Rend|p1a: Comfey\n|-immune|p1a: Comfey\n|\n|-heal|p1a: Comfey|211/225|[from] item: Leftovers\n|upkeep\n|turn|8\n|inactive|Goofy Ahhh Trainer has 90 seconds left.\n|\n|t:|1781435955\n|switch|p2a: Mewtwo|Mewtwo, L72|272/272\n|-ability|p2a: Mewtwo|Unnerve\n|move|p1a: Comfey|Calm Mind|p1a: Comfey\n|-boost|p1a: Comfey|spa|1\n|-boost|p1a: Comfey|spd|1\n|\n|-heal|p1a: Comfey|225/225|[from] item: Leftovers\n|upkeep\n|turn|9\n|\n|t:|1781435968\n|move|p2a: Mewtwo|Nasty Plot|p2a: Mewtwo\n|-boost|p2a: Mewtwo|spa|2\n|move|p1a: Comfey|Calm Mind|p1a: Comfey\n|-boost|p1a: Comfey|spa|1\n|-boost|p1a: Comfey|spd|1\n|\n|upkeep\n|turn|10\n|\n|t:|1781435978\n|move|p1a: Comfey|Draining Kiss|p2a: Mewtwo\n|-damage|p2a: Mewtwo|152/272\n|move|p2a: Mewtwo|Psystrike|p1a: Comfey\n|-damage|p1a: Comfey|0 fnt\n|faint|p1a: Comfey\n|-damage|p2a: Mewtwo|125/272|[from] item: Life Orb\n|\n|upkeep\n|\n|t:|1781435993\n|switch|p1a: Decidueye|Decidueye-Hisui, L87, F|295/295\n|-damage|p1a: Decidueye|277/295|[from] Stealth Rock\n|turn|11\n|inactive|Goofy Ahhh Trainer has 90 seconds left.\n|\n|t:|1781436027\n|-terastallize|p1a: Decidueye|Water\n|move|p2a: Mewtwo|Psystrike|p1a: Decidueye\n|-damage|p1a: Decidueye|0 fnt\n|faint|p1a: Decidueye\n|-damage|p2a: Mewtwo|98/272|[from] item: Life Orb\n|\n|upkeep\n|-message|Flappell Roan forfeited.\n|\n|win|Goofy Ahhh Trainer\n", "uploadtime": 1781435745, "views": 6, "formatid": "gen9randombattle", "rating": null, "private": 0, "password": null}