{"id": "gen9randombattle-2631384161", "format": "[Gen 9] Random Battle", "players": ["vogabal", "Arkaes"], "log": "|j|\u2606vogabal\n|j|\u2606Arkaes\n|t:|1781378271\n|gametype|singles\n|player|p1|vogabal|2|2017\n|player|p2|Arkaes|hayley|1959\n|gen|9\n|tier|[Gen 9] Random Battle\n|rated|\n|rule|Species Clause: Limit one of each Pok\u00e9mon\n|rule|HP Percentage Mod: HP is shown in percentages\n|rule|Sleep Clause Mod: Limit one foe put to sleep\n|rule|Illusion Level Mod: Illusion disguises the Pok\u00e9mon's true level\n|\n|t:|1781378271\n|teamsize|p1|6\n|teamsize|p2|6\n|start\n|switch|p1a: Kommo-o|Kommo-o, L78, M|245/245\n|switch|p2a: Sudowoodo|Sudowoodo, L94, F|284/284\n|turn|1\n|\n|t:|1781378296\n|switch|p2a: Tornadus|Tornadus, L82, M|263/263\n|move|p1a: Kommo-o|Swords Dance|p1a: Kommo-o\n|-boost|p1a: Kommo-o|atk|2\n|\n|upkeep\n|turn|2\n|\n|t:|1781378308\n|switch|p1a: Wigglytuff|Wigglytuff, L96, M|424/424\n|move|p2a: Tornadus|Bleakwind Storm|p1a: Wigglytuff|[miss]\n|-miss|p2a: Tornadus|p1a: Wigglytuff\n|\n|upkeep\n|turn|3\n|\n|t:|1781378316\n|switch|p2a: Sudowoodo|Sudowoodo, L94, F|284/284\n|move|p1a: Wigglytuff|Knock Off|p2a: Sudowoodo\n|-damage|p2a: Sudowoodo|232/284\n|-enditem|p2a: Sudowoodo|Leftovers|[from] move: Knock Off|[of] p1a: Wigglytuff\n|\n|upkeep\n|turn|4\n|\n|t:|1781378322\n|switch|p1a: Kommo-o|Kommo-o, L78, M|245/245\n|move|p2a: Sudowoodo|Stealth Rock|p1a: Kommo-o\n|-sidestart|p1: vogabal|move: Stealth Rock\n|\n|upkeep\n|turn|5\n|\n|t:|1781378353\n|move|p1a: Kommo-o|Scale Shot|p2a: Sudowoodo\n|-damage|p2a: Sudowoodo|213/284\n|-damage|p2a: Sudowoodo|194/284\n|-damage|p2a: Sudowoodo|175/284\n|-damage|p2a: Sudowoodo|156/284\n|-damage|p2a: Sudowoodo|138/284\n|-hitcount|p2a: Sudowoodo|5\n|-unboost|p1a: Kommo-o|def|1\n|-boost|p1a: Kommo-o|spe|1\n|move|p2a: Sudowoodo|Head Smash|p1a: Kommo-o\n|-resisted|p1a: Kommo-o\n|-damage|p1a: Kommo-o|123/245\n|\n|upkeep\n|turn|6\n|\n|t:|1781378359\n|move|p1a: Kommo-o|Iron Head|p2a: Sudowoodo\n|-supereffective|p2a: Sudowoodo\n|-damage|p2a: Sudowoodo|60/284\n|move|p2a: Sudowoodo|Head Smash|p1a: Kommo-o\n|-resisted|p1a: Kommo-o\n|-damage|p1a: Kommo-o|0 fnt\n|faint|p1a: Kommo-o\n|\n|upkeep\n|\n|t:|1781378373\n|switch|p1a: Heatran|Heatran, L79, F|273/273\n|-damage|p1a: Heatran|239/273|[from] Stealth Rock\n|-item|p1a: Heatran|Air Balloon\n|turn|7\n|\n|t:|1781378379\n|move|p1a: Heatran|Heavy Slam|p2a: Sudowoodo\n|-supereffective|p2a: Sudowoodo\n|-damage|p2a: Sudowoodo|0 fnt\n|faint|p2a: Sudowoodo\n|\n|upkeep\n|\n|t:|1781378391\n|switch|p2a: Gurdurr|Gurdurr, L85, F|283/283\n|turn|8\n|\n|t:|1781378397\n|move|p1a: Heatran|Stealth Rock|p2a: Gurdurr\n|-sidestart|p2: Arkaes|move: Stealth Rock\n|move|p2a: Gurdurr|Drain Punch|p1a: Heatran\n|-supereffective|p1a: Heatran\n|-damage|p1a: Heatran|77/273\n|-enditem|p1a: Heatran|Air Balloon\n|\n|upkeep\n|turn|9\n|\n|t:|1781378402\n|switch|p1a: Wigglytuff|Wigglytuff, L96, M|424/424\n|-damage|p1a: Wigglytuff|371/424|[from] Stealth Rock\n|move|p2a: Gurdurr|Mach Punch|p1a: Wigglytuff\n|-damage|p1a: Wigglytuff|304/424\n|\n|-heal|p1a: Wigglytuff|330/424|[from] item: Leftovers\n|upkeep\n|turn|10\n|\n|t:|1781378412\n|move|p1a: Wigglytuff|Wish|p1a: Wigglytuff\n|move|p2a: Gurdurr|Drain Punch|p1a: Wigglytuff\n|-damage|p1a: Wigglytuff|218/424\n|\n|-heal|p1a: Wigglytuff|244/424|[from] item: Leftovers\n|upkeep\n|turn|11\n|\n|t:|1781378417\n|move|p1a: Wigglytuff|Alluring Voice|p2a: Gurdurr\n|-supereffective|p2a: Gurdurr\n|-damage|p2a: Gurdurr|95/283\n|move|p2a: Gurdurr|Knock Off|p1a: Wigglytuff\n|-resisted|p1a: Wigglytuff\n|-damage|p1a: Wigglytuff|188/424\n|-enditem|p1a: Wigglytuff|Leftovers|[from] move: Knock Off|[of] p2a: Gurdurr\n|\n|-heal|p1a: Wigglytuff|400/424|[from] move: Wish|[wisher] Wigglytuff\n|upkeep\n|turn|12\n|\n|t:|1781378426\n|move|p1a: Wigglytuff|Wish|p1a: Wigglytuff\n|move|p2a: Gurdurr|Drain Punch|p1a: Wigglytuff\n|-damage|p1a: Wigglytuff|283/424\n|-heal|p2a: Gurdurr|154/283|[from] drain|[of] p1a: Wigglytuff\n|\n|upkeep\n|turn|13\n|\n|t:|1781378440\n|switch|p2a: Rhydon|Rhydon, L85, M|317/317\n|-damage|p2a: Rhydon|298/317|[from] Stealth Rock\n|move|p1a: Wigglytuff|Alluring Voice|p2a: Rhydon\n|-damage|p2a: Rhydon|193/317\n|\n|-heal|p1a: Wigglytuff|424/424|[from] move: Wish|[wisher] Wigglytuff\n|upkeep\n|turn|14\n|\n|t:|1781378447\n|move|p1a: Wigglytuff|Alluring Voice|p2a: Rhydon\n|-damage|p2a: Rhydon|94/317\n|move|p2a: Rhydon|Earthquake|p1a: Wigglytuff\n|-damage|p1a: Wigglytuff|225/424\n|\n|upkeep\n|turn|15\n|\n|t:|1781378453\n|move|p1a: Wigglytuff|Protect|p1a: Wigglytuff\n|-singleturn|p1a: Wigglytuff|Protect\n|move|p2a: Rhydon|Earthquake|p1a: Wigglytuff\n|-activate|p1a: Wigglytuff|move: Protect\n|\n|upkeep\n|turn|16\n|\n|t:|1781378461\n|move|p1a: Wigglytuff|Alluring Voice|p2a: Rhydon\n|-damage|p2a: Rhydon|0 fnt\n|faint|p2a: Rhydon\n|\n|upkeep\n|\n|t:|1781378464\n|switch|p2a: Tornadus|Tornadus, L82, M|263/263\n|-damage|p2a: Tornadus|198/263|[from] Stealth Rock\n|turn|17\n|\n|t:|1781378471\n|switch|p1a: Heatran|Heatran, L79, F|77/273\n|-damage|p1a: Heatran|43/273|[from] Stealth Rock\n|move|p2a: Tornadus|Bleakwind Storm|p1a: Heatran|[miss]\n|-miss|p2a: Tornadus|p1a: Heatran\n|\n|upkeep\n|turn|18\n|\n|t:|1781378474\n|move|p2a: Tornadus|Bleakwind Storm|p1a: Heatran|[miss]\n|-miss|p2a: Tornadus|p1a: Heatran\n|move|p1a: Heatran|Lava Plume|p2a: Tornadus\n|-damage|p2a: Tornadus|99/263\n|\n|upkeep\n|turn|19\n|\n|t:|1781378476\n|move|p2a: Tornadus|Bleakwind Storm|p1a: Heatran\n|-resisted|p1a: Heatran\n|-damage|p1a: Heatran|0 fnt\n|faint|p1a: Heatran\n|\n|upkeep\n|\n|t:|1781378481\n|switch|p1a: Iron Boulder|Iron Boulder, L77|265/265\n|-damage|p1a: Iron Boulder|232/265|[from] Stealth Rock\n|-enditem|p1a: Iron Boulder|Booster Energy\n|-activate|p1a: Iron Boulder|ability: Quark Drive|[fromitem]\n|-start|p1a: Iron Boulder|quarkdrivespe\n|turn|20\n|\n|t:|1781378493\n|switch|p2a: Delibird|Delibird, M|252/252\n|move|p1a: Iron Boulder|Swords Dance|p1a: Iron Boulder\n|-boost|p1a: Iron Boulder|atk|2\n|\n|upkeep\n|turn|21\n|\n|t:|1781378503\n|-terastallize|p2a: Delibird|Ground\n|move|p1a: Iron Boulder|Close Combat|p2a: Delibird\n|-damage|p2a: Delibird|36/252\n|-unboost|p1a: Iron Boulder|def|1\n|-unboost|p1a: Iron Boulder|spd|1\n|move|p2a: Delibird|Drill Run|p1a: Iron Boulder\n|-supereffective|p1a: Iron Boulder\n|-crit|p1a: Iron Boulder\n|-damage|p1a: Iron Boulder|0 fnt\n|faint|p1a: Iron Boulder\n|-end|p1a: Iron Boulder|Quark Drive|[silent]\n|\n|upkeep\n|\n|t:|1781378514\n|switch|p1a: Scyther|Scyther, L82, F|249/249\n|turn|22\n|\n|t:|1781378524\n|switch|p2a: Gurdurr|Gurdurr, L85, F|154/283\n|-damage|p2a: Gurdurr|137/283|[from] Stealth Rock\n|move|p1a: Scyther|Dual Wingbeat|p2a: Gurdurr\n|-supereffective|p2a: Gurdurr\n|-damage|p2a: Gurdurr|47/283\n|-supereffective|p2a: Gurdurr\n|-damage|p2a: Gurdurr|0 fnt\n|faint|p2a: Gurdurr\n|-hitcount|p2: Gurdurr|2\n|\n|upkeep\n|\n|t:|1781378540\n|switch|p2a: Tornadus|Tornadus, L82, M|99/263\n|-damage|p2a: Tornadus|34/263|[from] Stealth Rock\n|turn|23\n|\n|t:|1781378551\n|switch|p1a: Wigglytuff|Wigglytuff, L96, M|225/424\n|-damage|p1a: Wigglytuff|172/424|[from] Stealth Rock\n|move|p2a: Tornadus|Bleakwind Storm|p1a: Wigglytuff\n|-damage|p1a: Wigglytuff|0 fnt\n|faint|p1a: Wigglytuff\n|\n|upkeep\n|\n|t:|1781378552\n|switch|p1a: Sandaconda|Sandaconda, L84, M|258/258\n|-damage|p1a: Sandaconda|242/258|[from] Stealth Rock\n|turn|24\n|\n|t:|1781378558\n|-terastallize|p1a: Sandaconda|Steel\n|move|p2a: Tornadus|Bleakwind Storm|p1a: Sandaconda\n|-resisted|p1a: Sandaconda\n|-damage|p1a: Sandaconda|139/258\n|-unboost|p1a: Sandaconda|spe|1\n|move|p1a: Sandaconda|Coil|p1a: Sandaconda\n|-boost|p1a: Sandaconda|atk|1\n|-boost|p1a: Sandaconda|def|1\n|-boost|p1a: Sandaconda|accuracy|1\n|\n|-heal|p1a: Sandaconda|155/258|[from] item: Leftovers\n|upkeep\n|turn|25\n|\n|t:|1781378561\n|move|p2a: Tornadus|Bleakwind Storm|p1a: Sandaconda\n|-resisted|p1a: Sandaconda\n|-damage|p1a: Sandaconda|47/258\n|move|p1a: Sandaconda|Coil|p1a: Sandaconda\n|-boost|p1a: Sandaconda|atk|1\n|-boost|p1a: Sandaconda|def|1\n|-boost|p1a: Sandaconda|accuracy|1\n|\n|-heal|p1a: Sandaconda|63/258|[from] item: Leftovers\n|upkeep\n|turn|26\n|\n|t:|1781378565\n|move|p2a: Tornadus|Bleakwind Storm|p1a: Sandaconda\n|-resisted|p1a: Sandaconda\n|-damage|p1a: Sandaconda|0 fnt\n|faint|p1a: Sandaconda\n|\n|upkeep\n|-message|vogabal forfeited.\n|\n|win|Arkaes\n|raw|vogabal's rating: 2017 &rarr; <strong>1994</strong><br />(-23 for losing)\n|raw|Arkaes's rating: 1959 &rarr; <strong>1982</strong><br />(+23 for winning)\n", "uploadtime": 1781378273, "views": 6, "formatid": "gen9randombattle", "rating": 1982, "private": 0, "password": null}