{"id": "gen9randombattle-2631467669", "format": "[Gen 9] Random Battle", "players": ["flamingtiger56", "mistic_nobelking"], "log": "|j|\u2606flamingtiger56\n|j|\u2606mistic_nobelking\n|t:|1781388373\n|gametype|singles\n|player|p1|flamingtiger56|169|1936\n|player|p2|mistic_nobelking|1|1975\n|gen|9\n|tier|[Gen 9] Random Battle\n|rated|\n|rule|Species Clause: Limit one of each Pok\u00e9mon\n|rule|HP Percentage Mod: HP is shown in percentages\n|rule|Sleep Clause Mod: Limit one foe put to sleep\n|rule|Illusion Level Mod: Illusion disguises the Pok\u00e9mon's true level\n|\n|t:|1781388373\n|teamsize|p1|6\n|teamsize|p2|6\n|start\n|switch|p1a: Okidogi|Okidogi, L77, M|262/262\n|switch|p2a: Wigglytuff|Wigglytuff, L96, F|424/424\n|turn|1\n|inactive|Battle timer is ON: inactive players will automatically lose when time's up. (requested by flamingtiger56)\n|\n|t:|1781388400\n|switch|p2a: Skuntank|Skuntank, L84, M|310/310\n|move|p1a: Okidogi|Knock Off|p2a: Skuntank\n|-resisted|p2a: Skuntank\n|-damage|p2a: Skuntank|266/310\n|-enditem|p2a: Skuntank|Life Orb|[from] move: Knock Off|[of] p1a: Okidogi\n|\n|upkeep\n|turn|2\n|\n|t:|1781388417\n|switch|p1a: Perrserker|Perrserker, L89, M|269/269\n|move|p2a: Skuntank|Knock Off|p1a: Perrserker\n|-damage|p1a: Perrserker|181/269\n|-enditem|p1a: Perrserker|Life Orb|[from] move: Knock Off|[of] p2a: Skuntank\n|\n|upkeep\n|turn|3\n|\n|t:|1781388432\n|move|p2a: Skuntank|Toxic Spikes|p1a: Perrserker\n|-sidestart|p1: flamingtiger56|move: Toxic Spikes\n|move|p1a: Perrserker|Stealth Rock|p2a: Skuntank\n|-sidestart|p2: mistic_nobelking|move: Stealth Rock\n|\n|upkeep\n|turn|4\n|\n|t:|1781388444\n|move|p2a: Skuntank|Knock Off|p1a: Perrserker\n|-damage|p1a: Perrserker|126/269\n|move|p1a: Perrserker|Iron Head|p2a: Skuntank\n|-damage|p2a: Skuntank|110/310\n|\n|upkeep\n|turn|5\n|\n|t:|1781388450\n|move|p2a: Skuntank|Knock Off|p1a: Perrserker\n|-damage|p1a: Perrserker|69/269\n|move|p1a: Perrserker|Iron Head|p2a: Skuntank\n|-damage|p2a: Skuntank|0 fnt\n|-damage|p1a: Perrserker|2/269|[from] ability: Aftermath|[of] p2a: Skuntank\n|faint|p2a: Skuntank\n|\n|upkeep\n|\n|t:|1781388459\n|switch|p2a: Uxie|Uxie, L83|260/260\n|-damage|p2a: Uxie|228/260|[from] Stealth Rock\n|turn|6\n|\n|t:|1781388468\n|move|p2a: Uxie|Psychic Noise|p1a: Perrserker\n|-resisted|p1a: Perrserker\n|-damage|p1a: Perrserker|0 fnt\n|faint|p1a: Perrserker\n|\n|-heal|p2a: Uxie|244/260|[from] item: Leftovers\n|upkeep\n|\n|t:|1781388478\n|switch|p1a: Ursaring|Ursaring, L84, M|288/288\n|-status|p1a: Ursaring|psn\n|turn|7\n|\n|t:|1781388484\n|move|p1a: Ursaring|Facade|p2a: Uxie\n|-damage|p2a: Uxie|117/260\n|move|p2a: Uxie|Stealth Rock|p1a: Ursaring\n|-sidestart|p1: flamingtiger56|move: Stealth Rock\n|\n|-heal|p2a: Uxie|133/260|[from] item: Leftovers\n|-damage|p1a: Ursaring|252/288 psn|[from] psn\n|upkeep\n|turn|8\n|\n|t:|1781388496\n|move|p1a: Ursaring|Facade|p2a: Uxie\n|-damage|p2a: Uxie|0 fnt\n|faint|p2a: Uxie\n|\n|-damage|p1a: Ursaring|216/288 psn|[from] psn\n|upkeep\n|\n|t:|1781388504\n|switch|p2a: Blastoise|Blastoise, L80, F|258/258\n|-damage|p2a: Blastoise|226/258|[from] Stealth Rock\n|turn|9\n|inactive|flamingtiger56 has 120 seconds left.\n|\n|t:|1781388536\n|move|p1a: Ursaring|Facade|p2a: Blastoise\n|-damage|p2a: Blastoise|61/258\n|move|p2a: Blastoise|Shell Smash|p2a: Blastoise\n|-unboost|p2a: Blastoise|def|1\n|-unboost|p2a: Blastoise|spd|1\n|-boost|p2a: Blastoise|atk|2\n|-boost|p2a: Blastoise|spa|2\n|-boost|p2a: Blastoise|spe|2\n|-enditem|p2a: Blastoise|White Herb\n|-clearnegativeboost|p2a: Blastoise|[silent]\n|\n|-damage|p1a: Ursaring|180/288 psn|[from] psn\n|upkeep\n|turn|10\n|\n|t:|1781388541\n|move|p2a: Blastoise|Hydro Pump|p1a: Ursaring\n|-damage|p1a: Ursaring|0 fnt\n|faint|p1a: Ursaring\n|\n|upkeep\n|\n|t:|1781388544\n|switch|p1a: Okidogi|Okidogi, L77, M|262/262\n|-sideend|p1: flamingtiger56|move: Toxic Spikes|[of] p1a: Okidogi\n|-damage|p1a: Okidogi|246/262|[from] Stealth Rock\n|turn|11\n|\n|t:|1781388558\n|-terastallize|p1a: Okidogi|Dark\n|move|p2a: Blastoise|Hydro Pump|p1a: Okidogi\n|-damage|p1a: Okidogi|15/262\n|move|p1a: Okidogi|Drain Punch|p2a: Blastoise\n|-damage|p2a: Blastoise|0 fnt\n|-heal|p1a: Okidogi|46/262|[from] drain|[of] p2a: Blastoise\n|faint|p2a: Blastoise\n|\n|upkeep\n|\n|t:|1781388565\n|switch|p2a: Electivire|Electivire, L84, F|263/263\n|-damage|p2a: Electivire|231/263|[from] Stealth Rock\n|turn|12\n|\n|t:|1781388570\n|move|p2a: Electivire|Earthquake|p1a: Okidogi\n|-damage|p1a: Okidogi|0 fnt\n|faint|p1a: Okidogi\n|-damage|p2a: Electivire|205/263|[from] item: Life Orb\n|\n|upkeep\n|\n|t:|1781388574\n|switch|p1a: Chesnaught|Chesnaught, L84, F|285/285\n|-damage|p1a: Chesnaught|268/285|[from] Stealth Rock\n|turn|13\n|\n|t:|1781388578\n|move|p2a: Electivire|Ice Punch|p1a: Chesnaught\n|-supereffective|p1a: Chesnaught\n|-damage|p1a: Chesnaught|148/285\n|-damage|p2a: Electivire|179/263|[from] item: Life Orb\n|move|p1a: Chesnaught|Iron Defense|p1a: Chesnaught\n|-boost|p1a: Chesnaught|def|2\n|\n|-heal|p1a: Chesnaught|165/285|[from] item: Leftovers\n|upkeep\n|turn|14\n|\n|t:|1781388585\n|switch|p2a: Gholdengo|Gholdengo, L77|261/261\n|-damage|p2a: Gholdengo|245/261|[from] Stealth Rock\n|move|p1a: Chesnaught|Trailblaze|p2a: Gholdengo\n|-resisted|p2a: Gholdengo\n|-damage|p2a: Gholdengo|215/261\n|-boost|p1a: Chesnaught|spe|1\n|\n|-heal|p1a: Chesnaught|182/285|[from] item: Leftovers\n|-heal|p2a: Gholdengo|231/261|[from] item: Leftovers\n|upkeep\n|turn|15\n|\n|t:|1781388595\n|switch|p1a: Chi-Yu|Chi-Yu, L77|211/211\n|-damage|p1a: Chi-Yu|159/211|[from] Stealth Rock\n|-ability|p1a: Chi-Yu|Beads of Ruin\n|move|p2a: Gholdengo|Thunder Wave|p1a: Chi-Yu\n|-status|p1a: Chi-Yu|par\n|\n|-heal|p2a: Gholdengo|247/261|[from] item: Leftovers\n|upkeep\n|turn|16\n|\n|t:|1781388605\n|switch|p2a: Wigglytuff|Wigglytuff, L96, F|424/424\n|-damage|p2a: Wigglytuff|371/424|[from] Stealth Rock\n|move|p1a: Chi-Yu|Flamethrower|p2a: Wigglytuff\n|-damage|p2a: Wigglytuff|184/424\n|\n|-heal|p2a: Wigglytuff|210/424|[from] item: Leftovers\n|upkeep\n|turn|17\n|\n|t:|1781388615\n|move|p2a: Wigglytuff|Protect|p2a: Wigglytuff\n|-singleturn|p2a: Wigglytuff|Protect\n|move|p1a: Chi-Yu|Flamethrower|p2a: Wigglytuff\n|-activate|p2a: Wigglytuff|move: Protect\n|\n|-heal|p2a: Wigglytuff|236/424|[from] item: Leftovers\n|upkeep\n|turn|18\n|\n|t:|1781388619\n|move|p1a: Chi-Yu|Flamethrower|p2a: Wigglytuff\n|-damage|p2a: Wigglytuff|52/424\n|move|p2a: Wigglytuff|Wish|p2a: Wigglytuff\n|\n|-heal|p2a: Wigglytuff|78/424|[from] item: Leftovers\n|upkeep\n|turn|19\n|\n|t:|1781388627\n|switch|p1a: Pelipper|Pelipper, L86, M|243/243\n|-damage|p1a: Pelipper|183/243|[from] Stealth Rock\n|-weather|RainDance|[from] ability: Drizzle|[of] p1a: Pelipper\n|move|p2a: Wigglytuff|Protect||[still]\n|-fail|p2a: Wigglytuff\n|\n|-weather|RainDance|[upkeep]\n|-heal|p2a: Wigglytuff|290/424|[from] move: Wish|[wisher] Wigglytuff\n|-heal|p2a: Wigglytuff|316/424|[from] item: Leftovers\n|upkeep\n|turn|20\n|\n|t:|1781388632\n|move|p1a: Pelipper|Weather Ball|p2a: Wigglytuff\n|-damage|p2a: Wigglytuff|0 fnt\n|faint|p2a: Wigglytuff\n|\n|-weather|RainDance|[upkeep]\n|upkeep\n|\n|t:|1781388636\n|switch|p2a: Electivire|Electivire, L84, F|179/263\n|-damage|p2a: Electivire|147/263|[from] Stealth Rock\n|turn|21\n|\n|t:|1781388651\n|switch|p1a: Chi-Yu|Chi-Yu, L77|159/211 par\n|-damage|p1a: Chi-Yu|107/211 par|[from] Stealth Rock\n|-ability|p1a: Chi-Yu|Beads of Ruin\n|move|p2a: Electivire|Supercell Slam|p1a: Chi-Yu\n|-damage|p1a: Chi-Yu|0 fnt\n|faint|p1a: Chi-Yu\n|-damage|p2a: Electivire|121/263|[from] item: Life Orb\n|\n|-weather|RainDance|[upkeep]\n|upkeep\n|\n|t:|1781388655\n|switch|p1a: Chesnaught|Chesnaught, L84, F|182/285\n|-damage|p1a: Chesnaught|165/285|[from] Stealth Rock\n|turn|22\n|\n|t:|1781388672\n|switch|p1a: Pelipper|Pelipper, L86, M|183/243\n|-damage|p1a: Pelipper|123/243|[from] Stealth Rock\n|move|p2a: Electivire|Ice Punch|p1a: Pelipper\n|-damage|p1a: Pelipper|53/243\n|-damage|p2a: Electivire|95/263|[from] item: Life Orb\n|\n|-weather|RainDance|[upkeep]\n|upkeep\n|turn|23\n|l|\u2606flamingtiger56\n|inactive|flamingtiger56 disconnected and has a minute to reconnect!\n|player|p1|\n|inactive|flamingtiger56 has 30 seconds to reconnect!\n|inactive|flamingtiger56 has 20 seconds to reconnect!\n|inactive|flamingtiger56 has 15 seconds to reconnect!\n|inactive|flamingtiger56 has 10 seconds to reconnect!\n|inactive|flamingtiger56 has 5 seconds to reconnect!\n|-message|flamingtiger56 lost due to inactivity.\n|\n|win|mistic_nobelking\n", "uploadtime": 1781388375, "views": 4, "formatid": "gen9randombattle", "rating": null, "private": 0, "password": null}