{"id": "gen9randombattle-2631831342", "format": "[Gen 9] Random Battle", "players": ["Lunarity123", "Aminator3000"], "log": "|j|\u2606Lunarity123\n|j|\u2606Aminator3000\n|t:|1781445703\n|gametype|singles\n|player|p1|Lunarity123|170|1883\n|player|p2|Aminator3000|266|1925\n|gen|9\n|tier|[Gen 9] Random Battle\n|rated|\n|rule|Species Clause: Limit one of each Pok\u00e9mon\n|rule|HP Percentage Mod: HP is shown in percentages\n|rule|Sleep Clause Mod: Limit one foe put to sleep\n|rule|Illusion Level Mod: Illusion disguises the Pok\u00e9mon's true level\n|\n|t:|1781445703\n|teamsize|p1|6\n|teamsize|p2|6\n|start\n|switch|p1a: Clefable|Clefable, L83, F|293/293\n|switch|p2a: Lumineon|Lumineon, L93, M|279/279\n|turn|1\n|inactive|Battle timer is ON: inactive players will automatically lose when time's up. (requested by Aminator3000)\n|inactive|Lunarity123 has 120 seconds left.\n|\n|t:|1781445750\n|move|p2a: Lumineon|U-turn|p1a: Clefable\n|-resisted|p1a: Clefable\n|-damage|p1a: Clefable|266/293\n|\n|t:|1781445759\n|switch|p2a: Dialga|Dialga, L73|266/266|[from] U-turn\n|-ability|p2a: Dialga|Pressure\n|move|p1a: Clefable|Moonlight|p1a: Clefable\n|-heal|p1a: Clefable|293/293\n|\n|upkeep\n|turn|2\n|\n|t:|1781445769\n|switch|p1a: Luxray|Luxray, L88, F|283/283\n|move|p2a: Dialga|Stealth Rock|p1a: Luxray\n|-sidestart|p1: Lunarity123|move: Stealth Rock\n|\n|-status|p1a: Luxray|brn|[from] item: Flame Orb\n|upkeep\n|turn|3\n|\n|t:|1781445778\n|move|p2a: Dialga|Draco Meteor|p1a: Luxray\n|-damage|p1a: Luxray|139/283 brn\n|-unboost|p2a: Dialga|spa|2\n|move|p1a: Luxray|Play Rough|p2a: Dialga\n|-crit|p2a: Dialga\n|-damage|p2a: Dialga|111/266\n|\n|-heal|p2a: Dialga|127/266|[from] item: Leftovers\n|-damage|p1a: Luxray|122/283 brn|[from] brn\n|upkeep\n|turn|4\n|\n|t:|1781445789\n|move|p2a: Dialga|Heavy Slam|p1a: Luxray\n|-resisted|p1a: Luxray\n|-damage|p1a: Luxray|63/283 brn\n|move|p1a: Luxray|Facade|p2a: Dialga\n|-resisted|p2a: Dialga\n|-damage|p2a: Dialga|43/266\n|\n|-heal|p2a: Dialga|59/266|[from] item: Leftovers\n|-damage|p1a: Luxray|46/283 brn|[from] brn\n|upkeep\n|turn|5\n|\n|t:|1781445803\n|move|p2a: Dialga|Draco Meteor|p1a: Luxray\n|-damage|p1a: Luxray|0 fnt\n|-unboost|p2a: Dialga|spa|2\n|faint|p1a: Luxray\n|\n|-heal|p2a: Dialga|75/266|[from] item: Leftovers\n|upkeep\n|\n|t:|1781445808\n|switch|p1a: Oricorio|Oricorio-Pom-Pom, L82, M|257/257\n|turn|6\n|\n|t:|1781445816\n|switch|p2a: Rhyperior|Rhyperior, L82, M|323/323\n|move|p1a: Oricorio|Quiver Dance|p1a: Oricorio\n|-boost|p1a: Oricorio|spa|1\n|-boost|p1a: Oricorio|spd|1\n|-boost|p1a: Oricorio|spe|1\n|\n|upkeep\n|turn|7\n|\n|t:|1781445826\n|-terastallize|p1a: Oricorio|Ground\n|move|p1a: Oricorio|Quiver Dance|p1a: Oricorio\n|-boost|p1a: Oricorio|spa|1\n|-boost|p1a: Oricorio|spd|1\n|-boost|p1a: Oricorio|spe|1\n|move|p2a: Rhyperior|Stone Edge|p1a: Oricorio|[miss]\n|-miss|p2a: Rhyperior|p1a: Oricorio\n|\n|upkeep\n|turn|8\n|\n|t:|1781445839\n|switch|p2a: Latias|Latias, L79, F|256/256\n|move|p1a: Oricorio|Quiver Dance|p1a: Oricorio\n|-boost|p1a: Oricorio|spa|1\n|-boost|p1a: Oricorio|spd|1\n|-boost|p1a: Oricorio|spe|1\n|\n|upkeep\n|turn|9\n|\n|t:|1781445846\n|move|p1a: Oricorio|Hurricane|p2a: Latias\n|-damage|p2a: Latias|34/256\n|move|p2a: Latias|Psyshock|p1a: Oricorio\n|-damage|p1a: Oricorio|137/257\n|\n|upkeep\n|turn|10\n|\n|t:|1781445854\n|move|p1a: Oricorio|Hurricane|p2a: Latias\n|-damage|p2a: Latias|0 fnt\n|faint|p2a: Latias\n|\n|upkeep\n|\n|t:|1781445862\n|switch|p2a: Empoleon|Empoleon, L84, F|278/278\n|turn|11\n|\n|t:|1781445868\n|-terastallize|p2a: Empoleon|Grass\n|move|p1a: Oricorio|Roost|p1a: Oricorio\n|-heal|p1a: Oricorio|257/257\n|move|p2a: Empoleon|Roar|p1a: Oricorio\n|drag|p1a: Roaring Moon|Roaring Moon, L72|270/270\n|-damage|p1a: Roaring Moon|237/270|[from] Stealth Rock\n|\n|upkeep\n|turn|12\n|\n|t:|1781445880\n|move|p1a: Roaring Moon|Knock Off|p2a: Empoleon\n|-damage|p2a: Empoleon|169/278\n|-enditem|p2a: Empoleon|Leftovers|[from] move: Knock Off|[of] p1a: Roaring Moon\n|move|p2a: Empoleon|Roar|p1a: Roaring Moon\n|-end|p1a: Roaring Moon|Protosynthesis|[silent]\n|drag|p1a: Quagsire|Quagsire, L84, F|297/297\n|-damage|p1a: Quagsire|279/297|[from] Stealth Rock\n|\n|-heal|p1a: Quagsire|297/297|[from] item: Leftovers\n|upkeep\n|turn|13\n|\n|t:|1781445891\n|move|p2a: Empoleon|Knock Off|p1a: Quagsire\n|-damage|p1a: Quagsire|232/297\n|-enditem|p1a: Quagsire|Leftovers|[from] move: Knock Off|[of] p2a: Empoleon\n|move|p1a: Quagsire|Toxic|p2a: Empoleon\n|-status|p2a: Empoleon|tox\n|\n|-damage|p2a: Empoleon|152/278 tox|[from] psn\n|upkeep\n|turn|14\n|\n|t:|1781445904\n|switch|p2a: Lumineon|Lumineon, L93, M|279/279\n|move|p1a: Quagsire|Ice Beam|p2a: Lumineon\n|-resisted|p2a: Lumineon\n|-damage|p2a: Lumineon|257/279\n|\n|upkeep\n|turn|15\n|\n|t:|1781445923\n|move|p2a: Lumineon|Hydro Pump|p1a: Quagsire\n|-damage|p1a: Quagsire|105/297\n|move|p1a: Quagsire|Recover|p1a: Quagsire\n|-heal|p1a: Quagsire|254/297\n|\n|upkeep\n|turn|16\n|\n|t:|1781445931\n|move|p2a: Lumineon|Encore|p1a: Quagsire\n|-start|p1a: Quagsire|Encore\n|move|p1a: Quagsire|Recover|p1a: Quagsire\n|-heal|p1a: Quagsire|297/297\n|\n|upkeep\n|turn|17\n|\n|t:|1781445937\n|switch|p1a: Roaring Moon|Roaring Moon, L72|237/270\n|-damage|p1a: Roaring Moon|204/270|[from] Stealth Rock\n|move|p2a: Lumineon|U-turn|p1a: Roaring Moon\n|-supereffective|p1a: Roaring Moon\n|-damage|p1a: Roaring Moon|80/270\n|\n|t:|1781445943\n|switch|p2a: Gurdurr|Gurdurr, L85, F|283/283|[from] U-turn\n|\n|upkeep\n|turn|18\n|\n|t:|1781445948\n|move|p2a: Gurdurr|Mach Punch|p1a: Roaring Moon\n|-supereffective|p1a: Roaring Moon\n|-damage|p1a: Roaring Moon|0 fnt\n|faint|p1a: Roaring Moon\n|-end|p1a: Roaring Moon|Protosynthesis|[silent]\n|\n|upkeep\n|\n|t:|1781445951\n|switch|p1a: Clefable|Clefable, L83, F|293/293\n|-damage|p1a: Clefable|257/293|[from] Stealth Rock\n|turn|19\n|\n|t:|1781445959\n|switch|p2a: Dialga|Dialga, L73|75/266\n|-ability|p2a: Dialga|Pressure\n|move|p1a: Clefable|Moonblast|p2a: Dialga\n|-damage|p2a: Dialga|0 fnt\n|faint|p2a: Dialga\n|\n|-heal|p1a: Clefable|275/293|[from] item: Leftovers\n|upkeep\n|\n|t:|1781445974\n|switch|p2a: Rhyperior|Rhyperior, L82, M|323/323\n|turn|20\n|\n|t:|1781445987\n|switch|p1a: Oricorio|Oricorio-Pom-Pom, L82, M, tera:Ground|257/257\n|move|p2a: Rhyperior|Earthquake|p1a: Oricorio\n|-damage|p1a: Oricorio|28/257\n|\n|upkeep\n|turn|21\n|\n|t:|1781445996\n|move|p1a: Oricorio|Revelation Dance|p2a: Rhyperior\n|-supereffective|p2a: Rhyperior\n|-damage|p2a: Rhyperior|137/323\n|move|p2a: Rhyperior|Earthquake|p1a: Oricorio\n|-damage|p1a: Oricorio|0 fnt\n|faint|p1a: Oricorio\n|\n|upkeep\n|\n|t:|1781446003\n|switch|p1a: Garchomp|Garchomp, L74, M|282/282\n|-damage|p1a: Garchomp|265/282|[from] Stealth Rock\n|turn|22\n|\n|t:|1781446009\n|move|p1a: Garchomp|Earthquake|p2a: Rhyperior\n|-supereffective|p2a: Rhyperior\n|-damage|p2a: Rhyperior|20/323\n|move|p2a: Rhyperior|Earthquake|p1a: Garchomp\n|-damage|p1a: Garchomp|45/282\n|\n|upkeep\n|turn|23\n|\n|t:|1781446017\n|move|p1a: Garchomp|Scale Shot|p2a: Rhyperior\n|-damage|p2a: Rhyperior|0 fnt\n|faint|p2a: Rhyperior\n|-hitcount|p2: Rhyperior|1\n|-unboost|p1a: Garchomp|def|1\n|-boost|p1a: Garchomp|spe|1\n|\n|upkeep\n|\n|t:|1781446024\n|switch|p2a: Lumineon|Lumineon, L93, M|257/279\n|turn|24\n|\n|t:|1781446031\n|move|p1a: Garchomp|Earthquake|p2a: Lumineon\n|-damage|p2a: Lumineon|152/279\n|move|p2a: Lumineon|Ice Beam|p1a: Garchomp\n|-supereffective|p1a: Garchomp\n|-damage|p1a: Garchomp|0 fnt\n|faint|p1a: Garchomp\n|\n|upkeep\n|\n|t:|1781446036\n|switch|p1a: Clefable|Clefable, L83, F|275/293\n|-damage|p1a: Clefable|239/293|[from] Stealth Rock\n|turn|25\n|\n|t:|1781446045\n|move|p2a: Lumineon|Hydro Pump|p1a: Clefable|[miss]\n|-miss|p2a: Lumineon|p1a: Clefable\n|move|p1a: Clefable|Calm Mind|p1a: Clefable\n|-boost|p1a: Clefable|spa|1\n|-boost|p1a: Clefable|spd|1\n|\n|-heal|p1a: Clefable|257/293|[from] item: Leftovers\n|upkeep\n|turn|26\n|\n|t:|1781446053\n|move|p2a: Lumineon|Encore|p1a: Clefable\n|-start|p1a: Clefable|Encore\n|move|p1a: Clefable|Calm Mind|p1a: Clefable\n|-boost|p1a: Clefable|spa|1\n|-boost|p1a: Clefable|spd|1\n|\n|-heal|p1a: Clefable|275/293|[from] item: Leftovers\n|upkeep\n|turn|27\n|\n|t:|1781446061\n|move|p2a: Lumineon|Ice Beam|p1a: Clefable\n|-damage|p1a: Clefable|243/293\n|move|p1a: Clefable|Calm Mind|p1a: Clefable\n|-boost|p1a: Clefable|spa|1\n|-boost|p1a: Clefable|spd|1\n|\n|-heal|p1a: Clefable|261/293|[from] item: Leftovers\n|upkeep\n|turn|28\n|\n|t:|1781446068\n|move|p2a: Lumineon|Ice Beam|p1a: Clefable\n|-damage|p1a: Clefable|237/293\n|move|p1a: Clefable|Calm Mind|p1a: Clefable\n|-boost|p1a: Clefable|spa|1\n|-boost|p1a: Clefable|spd|1\n|\n|-heal|p1a: Clefable|255/293|[from] item: Leftovers\n|-end|p1a: Clefable|Encore\n|upkeep\n|turn|29\n|\n|t:|1781446077\n|move|p2a: Lumineon|Encore|p1a: Clefable\n|-start|p1a: Clefable|Encore\n|move|p1a: Clefable|Calm Mind|p1a: Clefable\n|-boost|p1a: Clefable|spa|1\n|-boost|p1a: Clefable|spd|1\n|\n|-heal|p1a: Clefable|273/293|[from] item: Leftovers\n|upkeep\n|turn|30\n|\n|t:|1781446089\n|move|p2a: Lumineon|Ice Beam|p1a: Clefable\n|-damage|p1a: Clefable|256/293\n|move|p1a: Clefable|Calm Mind|p1a: Clefable\n|-boost|p1a: Clefable|spa|1\n|-boost|p1a: Clefable|spd|1\n|\n|-heal|p1a: Clefable|274/293|[from] item: Leftovers\n|upkeep\n|turn|31\n|\n|t:|1781446096\n|move|p2a: Lumineon|Ice Beam|p1a: Clefable\n|-damage|p1a: Clefable|256/293\n|-status|p1a: Clefable|frz\n|cant|p1a: Clefable|frz\n|\n|-heal|p1a: Clefable|274/293 frz|[from] item: Leftovers\n|-end|p1a: Clefable|Encore\n|upkeep\n|turn|32\n|\n|t:|1781446105\n|move|p2a: Lumineon|Encore|p1a: Clefable\n|-start|p1a: Clefable|Encore\n|-curestatus|p1a: Clefable|frz|[msg]\n|move|p1a: Clefable|Calm Mind|p1a: Clefable\n|-boost|p1a: Clefable|spa|0\n|-boost|p1a: Clefable|spd|0\n|\n|-heal|p1a: Clefable|292/293|[from] item: Leftovers\n|upkeep\n|turn|33\n|\n|t:|1781446112\n|switch|p2a: Empoleon|Empoleon, L84, F, tera:Grass|152/278 tox\n|move|p1a: Clefable|Calm Mind|p1a: Clefable\n|-boost|p1a: Clefable|spa|0\n|-boost|p1a: Clefable|spd|0\n|\n|-heal|p1a: Clefable|293/293|[from] item: Leftovers\n|-damage|p2a: Empoleon|135/278 tox|[from] psn\n|upkeep\n|turn|34\n|\n|t:|1781446121\n|move|p1a: Clefable|Calm Mind|p1a: Clefable\n|-boost|p1a: Clefable|spa|0\n|-boost|p1a: Clefable|spd|0\n|move|p2a: Empoleon|Roar|p1a: Clefable\n|drag|p1a: Quagsire|Quagsire, L84, F|297/297\n|-damage|p1a: Quagsire|279/297|[from] Stealth Rock\n|\n|-damage|p2a: Empoleon|101/278 tox|[from] psn\n|upkeep\n|turn|35\n|\n|t:|1781446139\n|move|p2a: Empoleon|Roost|p2a: Empoleon\n|-heal|p2a: Empoleon|240/278 tox\n|move|p1a: Quagsire|Ice Beam|p2a: Empoleon\n|-supereffective|p2a: Empoleon\n|-damage|p2a: Empoleon|162/278 tox\n|\n|-damage|p2a: Empoleon|111/278 tox|[from] psn\n|upkeep\n|turn|36\n|\n|t:|1781446147\n|switch|p2a: Gurdurr|Gurdurr, L85, F|283/283\n|move|p1a: Quagsire|Earthquake|p2a: Gurdurr\n|-damage|p2a: Gurdurr|222/283\n|\n|upkeep\n|turn|37\n|\n|t:|1781446164\n|move|p2a: Gurdurr|Knock Off|p1a: Quagsire\n|-damage|p1a: Quagsire|225/297\n|move|p1a: Quagsire|Earthquake|p2a: Gurdurr\n|-damage|p2a: Gurdurr|161/283\n|\n|upkeep\n|turn|38\n|\n|t:|1781446169\n|switch|p1a: Clefable|Clefable, L83, F|293/293\n|-damage|p1a: Clefable|257/293|[from] Stealth Rock\n|move|p2a: Gurdurr|Bulk Up|p2a: Gurdurr\n|-boost|p2a: Gurdurr|atk|1\n|-boost|p2a: Gurdurr|def|1\n|\n|-heal|p1a: Clefable|275/293|[from] item: Leftovers\n|upkeep\n|turn|39\n|\n|t:|1781446181\n|switch|p2a: Lumineon|Lumineon, L93, M|152/279\n|move|p1a: Clefable|Moonblast|p2a: Lumineon\n|-damage|p2a: Lumineon|59/279\n|\n|-heal|p1a: Clefable|293/293|[from] item: Leftovers\n|upkeep\n|turn|40\n|\n|t:|1781446191\n|move|p2a: Lumineon|Hydro Pump|p1a: Clefable\n|-damage|p1a: Clefable|179/293\n|move|p1a: Clefable|Moonblast|p2a: Lumineon\n|-damage|p2a: Lumineon|0 fnt\n|faint|p2a: Lumineon\n|\n|-heal|p1a: Clefable|197/293|[from] item: Leftovers\n|upkeep\n|\n|t:|1781446199\n|switch|p2a: Empoleon|Empoleon, L84, F, tera:Grass|111/278 tox\n|turn|41\n|\n|t:|1781446205\n|move|p2a: Empoleon|Surf|p1a: Clefable\n|-damage|p1a: Clefable|88/293\n|move|p1a: Clefable|Moonlight|p1a: Clefable\n|-heal|p1a: Clefable|234/293\n|\n|-heal|p1a: Clefable|252/293|[from] item: Leftovers\n|-damage|p2a: Empoleon|94/278 tox|[from] psn\n|upkeep\n|turn|42\n|\n|t:|1781446224\n|move|p2a: Empoleon|Knock Off|p1a: Clefable\n|-resisted|p1a: Clefable\n|-crit|p1a: Clefable\n|-damage|p1a: Clefable|197/293\n|-enditem|p1a: Clefable|Leftovers|[from] move: Knock Off|[of] p2a: Empoleon\n|move|p1a: Clefable|Moonblast|p2a: Empoleon\n|-damage|p2a: Empoleon|12/278 tox\n|\n|-damage|p2a: Empoleon|0 fnt|[from] psn\n|faint|p2a: Empoleon\n|upkeep\n|\n|t:|1781446233\n|switch|p2a: Gurdurr|Gurdurr, L85, F|161/283\n|turn|43\n|\n|t:|1781446237\n|move|p1a: Clefable|Moonblast|p2a: Gurdurr\n|-supereffective|p2a: Gurdurr\n|-damage|p2a: Gurdurr|0 fnt\n|faint|p2a: Gurdurr\n|\n|win|Lunarity123\n|raw|Lunarity123's rating: 1883 &rarr; <strong>1905</strong><br />(+22 for winning)\n|raw|Aminator3000's rating: 1925 &rarr; <strong>1903</strong><br />(-22 for losing)\n", "uploadtime": 1781446237, "views": 2, "formatid": "gen9randombattle", "rating": 1903, "private": 0, "password": null}