{"id": "gen9randombattle-2631484313", "format": "[Gen 9] Random Battle", "players": ["limeguy95", "Gliese 484"], "log": "|j|\u2606limeguy95\n|j|\u2606Gliese 484\n|t:|1781390824\n|gametype|singles\n|player|p1|limeguy95|ethan|1993\n|player|p2|Gliese 484|170|1944\n|gen|9\n|tier|[Gen 9] Random Battle\n|rated|\n|rule|Species Clause: Limit one of each Pok\u00e9mon\n|rule|HP Percentage Mod: HP is shown in percentages\n|rule|Sleep Clause Mod: Limit one foe put to sleep\n|rule|Illusion Level Mod: Illusion disguises the Pok\u00e9mon's true level\n|\n|t:|1781390824\n|teamsize|p1|6\n|teamsize|p2|6\n|start\n|switch|p1a: Primarina|Primarina, L83, F|268/268\n|switch|p2a: Excadrill|Excadrill, L79, M|303/303\n|-ability|p2a: Excadrill|Mold Breaker\n|turn|1\n|inactive|Battle timer is ON: inactive players will automatically lose when time's up. (requested by Gliese 484)\n|inactive|limeguy95 also wants the timer to be on.\n|\n|t:|1781390841\n|move|p2a: Excadrill|Iron Head|p1a: Primarina\n|-damage|p1a: Primarina|162/268\n|move|p1a: Primarina|Sparkling Aria|p2a: Excadrill\n|-supereffective|p2a: Excadrill\n|-damage|p2a: Excadrill|0 fnt\n|faint|p2a: Excadrill\n|\n|-heal|p1a: Primarina|178/268|[from] item: Leftovers\n|upkeep\n|\n|t:|1781390845\n|switch|p2a: Emboar|Emboar, L84, F|322/322\n|turn|2\n|\n|t:|1781390855\n|switch|p1a: Dragalge|Dragalge, L88, M|258/258\n|move|p2a: Emboar|Wild Charge|p1a: Dragalge\n|-resisted|p1a: Dragalge\n|-crit|p1a: Dragalge\n|-damage|p1a: Dragalge|188/258\n|-damage|p2a: Emboar|304/322|[from] Recoil\n|\n|upkeep\n|turn|3\n|l|\u2606Gliese 484\n|inactive|Gliese 484 disconnected and has a minute to reconnect!\n|player|p2|\n|j|\u2606Gliese 484\n|inactive|Gliese 484 reconnected and has 120 seconds left.\n|player|p2|Gliese 484|170|\n|\n|t:|1781390893\n|move|p2a: Emboar|Knock Off|p1a: Dragalge\n|-damage|p1a: Dragalge|116/258\n|-enditem|p1a: Dragalge|Assault Vest|[from] move: Knock Off|[of] p2a: Emboar\n|move|p1a: Dragalge|Sludge Wave|p2a: Emboar\n|-damage|p2a: Emboar|186/322\n|\n|upkeep\n|turn|4\n|inactive|Gliese 484 has 120 seconds left.\n|\n|t:|1781390905\n|switch|p2a: Misdreavus|Misdreavus, L90, F|254/254\n|move|p1a: Dragalge|Draco Meteor|p2a: Misdreavus|[miss]\n|-miss|p1a: Dragalge|p2a: Misdreavus\n|\n|upkeep\n|turn|5\n|\n|t:|1781390935\n|move|p2a: Misdreavus|Calm Mind|p2a: Misdreavus\n|-boost|p2a: Misdreavus|spa|1\n|-boost|p2a: Misdreavus|spd|1\n|move|p1a: Dragalge|Draco Meteor|p2a: Misdreavus\n|-damage|p2a: Misdreavus|158/254\n|-unboost|p1a: Dragalge|spa|2\n|\n|upkeep\n|turn|6\n|inactive|limeguy95 has 120 seconds left.\n|\n|t:|1781390952\n|switch|p1a: Iron Thorns|Iron Thorns, L83|302/302\n|-item|p1a: Iron Thorns|Air Balloon\n|move|p2a: Misdreavus|Draining Kiss|p1a: Iron Thorns\n|-crit|p1a: Iron Thorns\n|-damage|p1a: Iron Thorns|206/302\n|-heal|p2a: Misdreavus|230/254|[from] drain|[of] p1a: Iron Thorns\n|-enditem|p1a: Iron Thorns|Air Balloon\n|\n|upkeep\n|turn|7\n|inactive|limeguy95 has 120 seconds left.\n|\n|t:|1781390969\n|move|p2a: Misdreavus|Will-O-Wisp|p1a: Iron Thorns\n|-status|p1a: Iron Thorns|brn\n|move|p1a: Iron Thorns|Wild Charge|p2a: Misdreavus\n|-damage|p2a: Misdreavus|179/254\n|-damage|p1a: Iron Thorns|193/302 brn|[from] Recoil\n|\n|-damage|p1a: Iron Thorns|175/302 brn|[from] brn\n|upkeep\n|turn|8\n|\n|t:|1781390972\n|move|p2a: Misdreavus|Calm Mind|p2a: Misdreavus\n|-boost|p2a: Misdreavus|spa|1\n|-boost|p2a: Misdreavus|spd|1\n|move|p1a: Iron Thorns|Stealth Rock|p2a: Misdreavus\n|-sidestart|p2: Gliese 484|move: Stealth Rock\n|\n|-damage|p1a: Iron Thorns|157/302 brn|[from] brn\n|upkeep\n|turn|9\n|\n|t:|1781390976\n|move|p2a: Misdreavus|Draining Kiss|p1a: Iron Thorns\n|-damage|p1a: Iron Thorns|79/302 brn\n|-heal|p2a: Misdreavus|238/254|[from] drain|[of] p1a: Iron Thorns\n|move|p1a: Iron Thorns|Wild Charge|p2a: Misdreavus\n|-damage|p2a: Misdreavus|188/254\n|-damage|p1a: Iron Thorns|66/302 brn|[from] Recoil\n|\n|-damage|p1a: Iron Thorns|48/302 brn|[from] brn\n|upkeep\n|turn|10\n|\n|t:|1781390978\n|move|p2a: Misdreavus|Draining Kiss|p1a: Iron Thorns\n|-damage|p1a: Iron Thorns|0 fnt\n|-heal|p2a: Misdreavus|224/254|[from] drain|[of] p1a: Iron Thorns\n|faint|p1a: Iron Thorns\n|-end|p1a: Iron Thorns|Quark Drive|[silent]\n|\n|upkeep\n|\n|t:|1781390992\n|switch|p1a: Registeel|Registeel, L81|262/262\n|turn|11\n|\n|t:|1781390998\n|move|p2a: Misdreavus|Calm Mind|p2a: Misdreavus\n|-boost|p2a: Misdreavus|spa|1\n|-boost|p2a: Misdreavus|spd|1\n|move|p1a: Registeel|Iron Head|p2a: Misdreavus\n|-damage|p2a: Misdreavus|167/254\n|\n|upkeep\n|turn|12\n|\n|t:|1781391002\n|move|p2a: Misdreavus|Will-O-Wisp|p1a: Registeel\n|-status|p1a: Registeel|brn\n|move|p1a: Registeel|Iron Head|p2a: Misdreavus\n|-damage|p2a: Misdreavus|139/254\n|\n|-damage|p1a: Registeel|246/262 brn|[from] brn\n|upkeep\n|turn|13\n|\n|t:|1781391007\n|move|p2a: Misdreavus|Shadow Ball|p1a: Registeel\n|-damage|p1a: Registeel|102/262 brn\n|move|p1a: Registeel|Iron Head|p2a: Misdreavus\n|-damage|p2a: Misdreavus|114/254\n|\n|-damage|p1a: Registeel|86/262 brn|[from] brn\n|upkeep\n|turn|14\n|\n|t:|1781391011\n|move|p2a: Misdreavus|Shadow Ball|p1a: Registeel\n|-damage|p1a: Registeel|0 fnt\n|faint|p1a: Registeel\n|\n|upkeep\n|\n|t:|1781391014\n|switch|p1a: Staraptor|Staraptor, L79, F|263/263\n|turn|15\n|\n|t:|1781391018\n|move|p2a: Misdreavus|Draining Kiss|p1a: Staraptor\n|-damage|p1a: Staraptor|144/263\n|-heal|p2a: Misdreavus|203/254|[from] drain|[of] p1a: Staraptor\n|move|p1a: Staraptor|Brave Bird|p2a: Misdreavus\n|-damage|p2a: Misdreavus|4/254\n|-damage|p1a: Staraptor|78/263|[from] Recoil\n|\n|upkeep\n|turn|16\n|\n|t:|1781391021\n|move|p2a: Misdreavus|Draining Kiss|p1a: Staraptor\n|-damage|p1a: Staraptor|0 fnt\n|-heal|p2a: Misdreavus|63/254|[from] drain|[of] p1a: Staraptor\n|faint|p1a: Staraptor\n|\n|upkeep\n|c|\u2606Gliese 484|Rough\n|-message|limeguy95 forfeited.\n|\n|win|Gliese 484\n", "uploadtime": 1781390826, "views": 3, "formatid": "gen9randombattle", "rating": null, "private": 0, "password": null}