{"id": "gen9randombattle-2631903018", "format": "[Gen 9] Random Battle", "players": ["Green Calf", "Pokeoke"], "log": "|j|\u2606Green Calf\n|j|\u2606Pokeoke\n|t:|1781453870\n|gametype|singles\n|player|p1|Green Calf|2|2001\n|player|p2|Pokeoke|169|2031\n|gen|9\n|tier|[Gen 9] Random Battle\n|rated|\n|rule|Species Clause: Limit one of each Pok\u00e9mon\n|rule|HP Percentage Mod: HP is shown in percentages\n|rule|Sleep Clause Mod: Limit one foe put to sleep\n|rule|Illusion Level Mod: Illusion disguises the Pok\u00e9mon's true level\n|\n|t:|1781453870\n|teamsize|p1|6\n|teamsize|p2|6\n|start\n|switch|p1a: Heracross|Heracross, L80, F|259/259\n|switch|p2a: Greedent|Greedent, L86, F|347/347\n|turn|1\n|\n|t:|1781453883\n|switch|p1a: Mandibuzz|Mandibuzz, L85, F|326/326\n|switch|p2a: Houndstone|Houndstone, L86, M|264/264\n|\n|upkeep\n|turn|2\n|\n|t:|1781453892\n|move|p1a: Mandibuzz|Foul Play|p2a: Houndstone\n|-supereffective|p2a: Houndstone\n|-damage|p2a: Houndstone|164/264\n|move|p2a: Houndstone|Play Rough|p1a: Mandibuzz\n|-supereffective|p1a: Mandibuzz\n|-damage|p1a: Mandibuzz|200/326\n|\n|upkeep\n|turn|3\n|\n|t:|1781453908\n|switch|p2a: Palafin|Palafin, L77, M|281/281\n|move|p1a: Mandibuzz|Foul Play|p2a: Palafin\n|-damage|p2a: Palafin|194/281\n|\n|upkeep\n|turn|4\n|\n|t:|1781453915\n|detailschange|p2a: Palafin|Palafin-Hero, L77, M\n|switch|p2a: Greedent|Greedent, L86, F|347/347\n|move|p1a: Mandibuzz|U-turn|p2a: Greedent\n|-damage|p2a: Greedent|313/347\n|\n|t:|1781453934\n|switch|p1a: Heracross|Heracross, L80, F|259/259|[from] U-turn\n|\n|-status|p1a: Heracross|brn|[from] item: Flame Orb\n|upkeep\n|turn|5\n|\n|t:|1781453941\n|switch|p2a: Houndstone|Houndstone, L86, M|164/264\n|move|p1a: Heracross|Knock Off|p2a: Houndstone\n|-supereffective|p2a: Houndstone\n|-damage|p2a: Houndstone|69/264\n|-enditem|p2a: Houndstone|Assault Vest|[from] move: Knock Off|[of] p1a: Heracross\n|\n|-damage|p1a: Heracross|243/259 brn|[from] brn\n|upkeep\n|turn|6\n|inactive|Battle timer is ON: inactive players will automatically lose when time's up. (requested by Pokeoke)\n|\n|t:|1781453991\n|move|p1a: Heracross|Knock Off|p2a: Houndstone\n|-supereffective|p2a: Houndstone\n|-damage|p2a: Houndstone|0 fnt\n|faint|p2a: Houndstone\n|\n|-damage|p1a: Heracross|227/259 brn|[from] brn\n|upkeep\n|\n|t:|1781454006\n|switch|p2a: Chandelure|Chandelure, L83, F|235/235\n|turn|7\n|\n|t:|1781454020\n|switch|p1a: Komala|Komala, L88, M|258/258\n|-ability|p1a: Komala|Comatose\n|move|p2a: Chandelure|Fire Blast|p1a: Komala\n|-damage|p1a: Komala|110/258\n|\n|upkeep\n|turn|8\n|\n|t:|1781454028\n|move|p2a: Chandelure|Fire Blast|p1a: Komala\n|-damage|p1a: Komala|0 fnt\n|faint|p1a: Komala\n|\n|upkeep\n|\n|t:|1781454032\n|switch|p1a: Skeledirge|Skeledirge, L79, M|294/294\n|turn|9\n|\n|t:|1781454038\n|switch|p2a: Gyarados|Gyarados, L79, F|280/280\n|switch|p1a: Mandibuzz|Mandibuzz, L85, F|200/326\n|\n|upkeep\n|turn|10\n|\n|t:|1781454045\n|move|p1a: Mandibuzz|Foul Play|p2a: Gyarados\n|-damage|p2a: Gyarados|142/280\n|move|p2a: Gyarados|Dragon Dance|p2a: Gyarados\n|-boost|p2a: Gyarados|atk|1\n|-boost|p2a: Gyarados|spe|1\n|\n|upkeep\n|turn|11\n|\n|t:|1781454051\n|move|p2a: Gyarados|Stone Edge|p1a: Mandibuzz\n|-supereffective|p1a: Mandibuzz\n|-damage|p1a: Mandibuzz|0 fnt\n|faint|p1a: Mandibuzz\n|-ability|p2a: Gyarados|Moxie|boost\n|-boost|p2a: Gyarados|atk|1\n|\n|upkeep\n|\n|t:|1781454053\n|switch|p1a: Duraludon|Duraludon, L82, F|249/249\n|turn|12\n|\n|t:|1781454057\n|move|p2a: Gyarados|Earthquake|p1a: Duraludon\n|-supereffective|p1a: Duraludon\n|-damage|p1a: Duraludon|73/249\n|move|p1a: Duraludon|Draco Meteor|p2a: Gyarados\n|-damage|p2a: Gyarados|0 fnt\n|-unboost|p1a: Duraludon|spa|2\n|faint|p2a: Gyarados\n|\n|upkeep\n|\n|t:|1781454068\n|switch|p2a: Chandelure|Chandelure, L83, F|235/235\n|turn|13\n|\n|t:|1781454077\n|move|p2a: Chandelure|Shadow Ball|p1a: Duraludon\n|-damage|p1a: Duraludon|0 fnt\n|faint|p1a: Duraludon\n|\n|upkeep\n|\n|t:|1781454079\n|switch|p1a: Heracross|Heracross, L80, F|227/259 brn\n|turn|14\n|\n|t:|1781454096\n|move|p2a: Chandelure|Shadow Ball|p1a: Heracross\n|-damage|p1a: Heracross|116/259 brn\n|move|p1a: Heracross|Trailblaze|p2a: Chandelure\n|-resisted|p2a: Chandelure\n|-damage|p2a: Chandelure|203/235\n|-boost|p1a: Heracross|spe|1\n|\n|-damage|p1a: Heracross|100/259 brn|[from] brn\n|upkeep\n|turn|15\n|\n|t:|1781454106\n|switch|p2a: Greedent|Greedent, L86, F|313/347\n|move|p1a: Heracross|Knock Off|p2a: Greedent\n|-damage|p2a: Greedent|211/347\n|-enditem|p2a: Greedent|Sitrus Berry|[from] move: Knock Off|[of] p1a: Heracross\n|\n|-damage|p1a: Heracross|84/259 brn|[from] brn\n|upkeep\n|turn|16\n|\n|t:|1781454110\n|move|p1a: Heracross|Close Combat|p2a: Greedent\n|-supereffective|p2a: Greedent\n|-damage|p2a: Greedent|0 fnt\n|-unboost|p1a: Heracross|def|1\n|-unboost|p1a: Heracross|spd|1\n|faint|p2a: Greedent\n|\n|-damage|p1a: Heracross|68/259 brn|[from] brn\n|upkeep\n|\n|t:|1781454111\n|switch|p2a: Palafin|Palafin-Hero, L77, M|194/281\n|-activate|p2a: Palafin|ability: Zero to Hero\n|turn|17\n|\n|t:|1781454114\n|move|p2a: Palafin|Jet Punch|p1a: Heracross\n|-damage|p1a: Heracross|0 fnt\n|faint|p1a: Heracross\n|\n|upkeep\n|\n|t:|1781454116\n|switch|p1a: Klawf|Klawf, L90, M|272/272\n|turn|18\n|\n|t:|1781454121\n|-terastallize|p2a: Palafin|Water\n|move|p2a: Palafin|Jet Punch|p1a: Klawf\n|-supereffective|p1a: Klawf\n|-damage|p1a: Klawf|20/272\n|-ability|p1a: Klawf|Anger Shell|boost\n|-boost|p1a: Klawf|atk|1\n|-boost|p1a: Klawf|spa|1\n|-boost|p1a: Klawf|spe|1\n|-unboost|p1a: Klawf|def|1\n|-unboost|p1a: Klawf|spd|1\n|move|p1a: Klawf|Stone Edge|p2a: Palafin\n|-damage|p2a: Palafin|0 fnt\n|faint|p2a: Palafin\n|\n|upkeep\n|\n|t:|1781454125\n|switch|p2a: Meganium|Meganium, L90, M|290/290\n|turn|19\n|\n|t:|1781454131\n|move|p1a: Klawf|Stone Edge|p2a: Meganium\n|-damage|p2a: Meganium|134/290\n|move|p2a: Meganium|Knock Off|p1a: Klawf\n|-damage|p1a: Klawf|0 fnt\n|-enditem|p1a: Klawf|Scope Lens|[from] move: Knock Off|[of] p2a: Meganium\n|faint|p1a: Klawf\n|\n|-heal|p2a: Meganium|152/290|[from] item: Leftovers\n|upkeep\n|\n|t:|1781454134\n|switch|p1a: Skeledirge|Skeledirge, L79, M|294/294\n|turn|20\n|\n|t:|1781454138\n|move|p2a: Meganium|Knock Off|p1a: Skeledirge\n|-supereffective|p1a: Skeledirge\n|-damage|p1a: Skeledirge|148/294\n|-enditem|p1a: Skeledirge|Heavy-Duty Boots|[from] move: Knock Off|[of] p2a: Meganium\n|move|p1a: Skeledirge|Torch Song|p2a: Meganium\n|-supereffective|p2a: Meganium\n|-damage|p2a: Meganium|12/290\n|-boost|p1a: Skeledirge|spa|1\n|\n|-heal|p2a: Meganium|30/290|[from] item: Leftovers\n|upkeep\n|turn|21\n|\n|t:|1781454143\n|switch|p2a: Chandelure|Chandelure, L83, F|203/235\n|move|p1a: Skeledirge|Slack Off|p1a: Skeledirge\n|-heal|p1a: Skeledirge|294/294\n|\n|upkeep\n|turn|22\n|\n|t:|1781454147\n|-terastallize|p1a: Skeledirge|Water\n|move|p2a: Chandelure|Trick|p1a: Skeledirge\n|-activate|p2a: Chandelure|move: Trick|[of] p1a: Skeledirge\n|-item|p1a: Skeledirge|Choice Scarf|[from] move: Trick\n|-enditem|p2a: Chandelure|Choice Scarf|[silent]|[from] move: Trick\n|move|p1a: Skeledirge|Hex|p2a: Chandelure\n|-supereffective|p2a: Chandelure\n|-damage|p2a: Chandelure|9/235\n|\n|upkeep\n|turn|23\n|\n|t:|1781454152\n|move|p1a: Skeledirge|Hex|p2a: Chandelure\n|-supereffective|p2a: Chandelure\n|-damage|p2a: Chandelure|0 fnt\n|faint|p2a: Chandelure\n|\n|upkeep\n|\n|t:|1781454154\n|switch|p2a: Meganium|Meganium, L90, M|30/290\n|turn|24\n|\n|t:|1781454156\n|move|p1a: Skeledirge|Hex|p2a: Meganium\n|-crit|p2a: Meganium\n|-damage|p2a: Meganium|0 fnt\n|faint|p2a: Meganium\n|\n|win|Green Calf\n", "uploadtime": 1781453873, "views": 3, "formatid": "gen9randombattle", "rating": null, "private": 0, "password": null}