{"id": "gen9randombattle-2631880267", "format": "[Gen 9] Random Battle", "players": ["JAVASB", "DEVILICEMIN"], "log": "|j|\u2606JAVASB\n|j|\u2606DEVILICEMIN\n|t:|1781451397\n|gametype|singles\n|player|p1|JAVASB|101|2203\n|player|p2|DEVILICEMIN|265|2086\n|gen|9\n|tier|[Gen 9] Random Battle\n|rated|\n|rule|Species Clause: Limit one of each Pok\u00e9mon\n|rule|HP Percentage Mod: HP is shown in percentages\n|rule|Sleep Clause Mod: Limit one foe put to sleep\n|rule|Illusion Level Mod: Illusion disguises the Pok\u00e9mon's true level\n|\n|t:|1781451397\n|teamsize|p1|6\n|teamsize|p2|6\n|start\n|switch|p1a: Honchkrow|Honchkrow, L86, M|312/312\n|switch|p2a: Decidueye|Decidueye, L88, M|281/281\n|turn|1\n|inactive|Battle timer is ON: inactive players will automatically lose when time's up. (requested by JAVASB)\n|\n|t:|1781451460\n|switch|p2a: Garganacl|Garganacl, L80, M|291/291\n|move|p1a: Honchkrow|Thunder Wave|p2a: Garganacl\n|-immune|p2a: Garganacl|[from] ability: Purifying Salt\n|\n|upkeep\n|turn|2\n|\n|t:|1781451477\n|switch|p1a: Golem|Golem, L87, F|281/281\n|move|p2a: Garganacl|Stealth Rock|p1a: Golem\n|-sidestart|p1: JAVASB|move: Stealth Rock\n|\n|upkeep\n|turn|3\n|\n|t:|1781451490\n|switch|p1a: Kricketune|Kricketune, L99, M|312/312\n|move|p2a: Garganacl|Salt Cure|p1a: Kricketune\n|-supereffective|p1a: Kricketune\n|-damage|p1a: Kricketune|208/312\n|-start|p1a: Kricketune|Salt Cure\n|\n|-damage|p1a: Kricketune|169/312|[from] Salt Cure\n|upkeep\n|turn|4\n|\n|t:|1781451506\n|switch|p2a: Spidops|Spidops, L96, F|271/271\n|move|p1a: Kricketune|Sticky Web|p2a: Spidops\n|-sidestart|p2: DEVILICEMIN|move: Sticky Web\n|\n|-damage|p1a: Kricketune|130/312|[from] Salt Cure\n|upkeep\n|turn|5\n|\n|t:|1781451511\n|move|p1a: Kricketune|Taunt|p2a: Spidops\n|-start|p2a: Spidops|move: Taunt\n|cant|p2a: Spidops|move: Taunt|Sticky Web\n|\n|-damage|p1a: Kricketune|91/312|[from] Salt Cure\n|upkeep\n|turn|6\n|\n|t:|1781451518\n|move|p1a: Kricketune|Knock Off|p2a: Spidops\n|-damage|p2a: Spidops|200/271\n|-enditem|p2a: Spidops|Heavy-Duty Boots|[from] move: Knock Off|[of] p1a: Kricketune\n|move|p2a: Spidops|Circle Throw|p1a: Kricketune\n|-resisted|p1a: Kricketune\n|-damage|p1a: Kricketune|63/312\n|drag|p1a: Honchkrow|Honchkrow, L86, M|312/312\n|\n|upkeep\n|turn|7\n|\n|t:|1781451525\n|switch|p1a: Golem|Golem, L87, F|281/281\n|-damage|p1a: Golem|264/281|[from] Stealth Rock\n|switch|p2a: Garganacl|Garganacl, L80, M|291/291\n|-activate|p2a: Garganacl|move: Sticky Web\n|-unboost|p2a: Garganacl|spe|1\n|\n|upkeep\n|turn|8\n|\n|t:|1781451531\n|move|p1a: Golem|Earthquake|p2a: Garganacl\n|-supereffective|p2a: Garganacl\n|-damage|p2a: Garganacl|67/291\n|move|p2a: Garganacl|Salt Cure|p1a: Golem\n|-resisted|p1a: Golem\n|-damage|p1a: Golem|249/281\n|-start|p1a: Golem|Salt Cure\n|\n|-heal|p2a: Garganacl|85/291|[from] item: Leftovers\n|-damage|p1a: Golem|214/281|[from] Salt Cure\n|upkeep\n|turn|9\n|\n|t:|1781451542\n|switch|p2a: Spidops|Spidops, L96, F|200/271\n|-activate|p2a: Spidops|move: Sticky Web\n|-unboost|p2a: Spidops|spe|1\n|move|p1a: Golem|Earthquake|p2a: Spidops\n|-resisted|p2a: Spidops\n|-damage|p2a: Spidops|143/271\n|\n|-damage|p1a: Golem|179/281|[from] Salt Cure\n|upkeep\n|turn|10\n|\n|t:|1781451545\n|switch|p2a: Decidueye|Decidueye, L88, M|281/281\n|-activate|p2a: Decidueye|move: Sticky Web\n|-unboost|p2a: Decidueye|spe|1\n|move|p1a: Golem|Stone Edge|p2a: Decidueye\n|-crit|p2a: Decidueye\n|-damage|p2a: Decidueye|55/281\n|\n|-damage|p1a: Golem|144/281|[from] Salt Cure\n|upkeep\n|turn|11\n|\n|t:|1781451551\n|move|p2a: Decidueye|Shadow Sneak|p1a: Golem\n|-damage|p1a: Golem|96/281\n|-damage|p2a: Decidueye|27/281|[from] item: Life Orb\n|move|p1a: Golem|Earthquake|p2a: Decidueye\n|-resisted|p2a: Decidueye\n|-damage|p2a: Decidueye|0 fnt\n|faint|p2a: Decidueye\n|\n|-damage|p1a: Golem|61/281|[from] Salt Cure\n|upkeep\n|\n|t:|1781451558\n|switch|p2a: Iron Hands|Iron Hands, L79|373/373\n|-activate|p2a: Iron Hands|move: Sticky Web\n|-unboost|p2a: Iron Hands|spe|1\n|turn|12\n|\n|t:|1781451563\n|move|p2a: Iron Hands|Fake Out|p1a: Golem\n|-resisted|p1a: Golem\n|-damage|p1a: Golem|50/281\n|cant|p1a: Golem|flinch\n|\n|-damage|p1a: Golem|15/281|[from] Salt Cure\n|upkeep\n|turn|13\n|\n|t:|1781451567\n|-end|p2a: Iron Hands|Quark Drive|[silent]\n|switch|p2a: Spidops|Spidops, L96, F|143/271\n|-activate|p2a: Spidops|move: Sticky Web\n|-unboost|p2a: Spidops|spe|1\n|move|p1a: Golem|Explosion|p2a: Spidops\n|-damage|p2a: Spidops|0 fnt\n|faint|p1a: Golem\n|faint|p2a: Spidops\n|\n|upkeep\n|\n|t:|1781451575\n|switch|p1a: Sandaconda|Sandaconda, L84, M|258/258\n|switch|p2a: Iron Hands|Iron Hands, L79|373/373\n|-damage|p1a: Sandaconda|242/258|[from] Stealth Rock\n|-activate|p2a: Iron Hands|move: Sticky Web\n|-unboost|p2a: Iron Hands|spe|1\n|turn|14\n|\n|t:|1781451578\n|move|p2a: Iron Hands|Fake Out|p1a: Sandaconda\n|-damage|p1a: Sandaconda|214/258\n|cant|p1a: Sandaconda|flinch\n|\n|upkeep\n|turn|15\n|\n|t:|1781451581\n|-end|p2a: Iron Hands|Quark Drive|[silent]\n|switch|p2a: Venusaur|Venusaur, L84, M|272/272\n|-activate|p2a: Venusaur|move: Sticky Web\n|-unboost|p2a: Venusaur|spe|1\n|move|p1a: Sandaconda|Coil|p1a: Sandaconda\n|-boost|p1a: Sandaconda|atk|1\n|-boost|p1a: Sandaconda|def|1\n|-boost|p1a: Sandaconda|accuracy|1\n|\n|upkeep\n|turn|16\n|\n|t:|1781451587\n|-terastallize|p1a: Sandaconda|Dragon\n|move|p1a: Sandaconda|Scale Shot|p2a: Venusaur\n|-damage|p2a: Venusaur|224/272\n|-damage|p2a: Venusaur|181/272\n|-damage|p2a: Venusaur|135/272\n|-damage|p2a: Venusaur|93/272\n|-damage|p2a: Venusaur|44/272\n|-hitcount|p2a: Venusaur|5\n|-unboost|p1a: Sandaconda|def|1\n|-boost|p1a: Sandaconda|spe|1\n|move|p2a: Venusaur|Leech Seed|p1a: Sandaconda\n|-start|p1a: Sandaconda|move: Leech Seed\n|\n|-heal|p2a: Venusaur|61/272|[from] item: Leftovers\n|-damage|p1a: Sandaconda|182/258|[from] Leech Seed|[of] p2a: Venusaur\n|-heal|p2a: Venusaur|93/272|[silent]\n|upkeep\n|turn|17\n|j| Pauliet456\n|\n|t:|1781451595\n|switch|p2a: Clodsire|Clodsire, L81, M|343/343\n|-activate|p2a: Clodsire|move: Sticky Web\n|-unboost|p2a: Clodsire|spe|1\n|move|p1a: Sandaconda|Earthquake|p2a: Clodsire\n|-supereffective|p2a: Clodsire\n|-damage|p2a: Clodsire|0 fnt\n|faint|p2a: Clodsire\n|\n|upkeep\n|l| Pauliet456\n|\n|t:|1781451603\n|switch|p2a: Iron Hands|Iron Hands, L79|373/373\n|-activate|p2a: Iron Hands|move: Sticky Web\n|-unboost|p2a: Iron Hands|spe|1\n|turn|18\n|\n|t:|1781451608\n|move|p2a: Iron Hands|Fake Out|p1a: Sandaconda\n|-damage|p1a: Sandaconda|158/258\n|cant|p1a: Sandaconda|flinch\n|\n|-damage|p1a: Sandaconda|126/258|[from] Leech Seed|[of] p2a: Iron Hands\n|upkeep\n|turn|19\n|\n|t:|1781451614\n|move|p1a: Sandaconda|Scale Shot|p2a: Iron Hands\n|-damage|p2a: Iron Hands|333/373\n|-damage|p2a: Iron Hands|294/373\n|-damage|p2a: Iron Hands|254/373\n|-crit|p2a: Iron Hands\n|-damage|p2a: Iron Hands|197/373\n|-hitcount|p2a: Iron Hands|4\n|-unboost|p1a: Sandaconda|def|1\n|-boost|p1a: Sandaconda|spe|1\n|move|p2a: Iron Hands|Close Combat|p1a: Sandaconda\n|-crit|p1a: Sandaconda\n|-damage|p1a: Sandaconda|0 fnt\n|-unboost|p2a: Iron Hands|def|1\n|-unboost|p2a: Iron Hands|spd|1\n|faint|p1a: Sandaconda\n|\n|upkeep\n|\n|t:|1781451622\n|switch|p1a: Alcremie|Alcremie-Matcha-Cream, L90, F|263/263\n|-damage|p1a: Alcremie|231/263|[from] Stealth Rock\n|turn|20\n|\n|t:|1781451628\n|-end|p2a: Iron Hands|Quark Drive|[silent]\n|switch|p2a: Venusaur|Venusaur, L84, M|93/272\n|-activate|p2a: Venusaur|move: Sticky Web\n|-unboost|p2a: Venusaur|spe|1\n|move|p1a: Alcremie|Calm Mind|p1a: Alcremie\n|-boost|p1a: Alcremie|spa|1\n|-boost|p1a: Alcremie|spd|1\n|\n|-heal|p1a: Alcremie|247/263|[from] item: Leftovers\n|-heal|p2a: Venusaur|110/272|[from] item: Leftovers\n|upkeep\n|turn|21\n|\n|t:|1781451631\n|move|p1a: Alcremie|Psyshock|p2a: Venusaur\n|-supereffective|p2a: Venusaur\n|-damage|p2a: Venusaur|0 fnt\n|faint|p2a: Venusaur\n|\n|-heal|p1a: Alcremie|263/263|[from] item: Leftovers\n|upkeep\n|\n|t:|1781451635\n|switch|p2a: Iron Hands|Iron Hands, L79|197/373\n|-activate|p2a: Iron Hands|move: Sticky Web\n|-unboost|p2a: Iron Hands|spe|1\n|turn|22\n|\n|t:|1781451638\n|-terastallize|p2a: Iron Hands|Electric\n|move|p1a: Alcremie|Alluring Voice|p2a: Iron Hands\n|-damage|p2a: Iron Hands|50/373\n|move|p2a: Iron Hands|Thunder Punch|p1a: Alcremie\n|-damage|p1a: Alcremie|129/263\n|\n|-heal|p1a: Alcremie|145/263|[from] item: Leftovers\n|upkeep\n|turn|23\n|\n|t:|1781451641\n|move|p1a: Alcremie|Alluring Voice|p2a: Iron Hands\n|-damage|p2a: Iron Hands|0 fnt\n|faint|p2a: Iron Hands\n|-end|p2a: Iron Hands|Quark Drive|[silent]\n|\n|-heal|p1a: Alcremie|161/263|[from] item: Leftovers\n|upkeep\n|\n|t:|1781451642\n|switch|p2a: Garganacl|Garganacl, L80, M|85/291\n|-activate|p2a: Garganacl|move: Sticky Web\n|-unboost|p2a: Garganacl|spe|1\n|turn|24\n|\n|t:|1781451645\n|move|p1a: Alcremie|Alluring Voice|p2a: Garganacl\n|-damage|p2a: Garganacl|0 fnt\n|faint|p2a: Garganacl\n|\n|win|JAVASB\n", "uploadtime": 1781451399, "views": 3, "formatid": "gen9randombattle", "rating": null, "private": 0, "password": null}