{"id": "gen9randombattle-2631983054", "format": "[Gen 9] Random Battle", "players": ["arno123", "WhatEver2102"], "log": "|j|\u2606arno123\n|j|\u2606WhatEver2102\n|t:|1781462614\n|gametype|singles\n|player|p1|arno123|169|2003\n|player|p2|WhatEver2102|juan|2020\n|gen|9\n|tier|[Gen 9] Random Battle\n|rated|\n|rule|Species Clause: Limit one of each Pok\u00e9mon\n|rule|HP Percentage Mod: HP is shown in percentages\n|rule|Sleep Clause Mod: Limit one foe put to sleep\n|rule|Illusion Level Mod: Illusion disguises the Pok\u00e9mon's true level\n|\n|t:|1781462614\n|teamsize|p1|6\n|teamsize|p2|6\n|start\n|switch|p1a: Garchomp|Garchomp, L74, M|282/282\n|switch|p2a: Hitmonlee|Hitmonlee, L85, M|224/224\n|turn|1\n|inactive|Battle timer is ON: inactive players will automatically lose when time's up. (requested by arno123)\n|\n|t:|1781462632\n|switch|p2a: Whimsicott|Whimsicott, L84, M|238/238\n|move|p1a: Garchomp|Scale Shot|p2a: Whimsicott\n|-immune|p2a: Whimsicott\n|\n|upkeep\n|turn|2\n|\n|t:|1781462645\n|switch|p1a: Wyrdeer|Wyrdeer, L87, F|321/321\n|-ability|p1a: Wyrdeer|Intimidate|boost\n|-unboost|p2a: Whimsicott|atk|1\n|move|p2a: Whimsicott|Leech Seed|p1a: Wyrdeer|[miss]\n|-miss|p2a: Whimsicott|p1a: Wyrdeer\n|\n|upkeep\n|turn|3\n|\n|t:|1781462653\n|move|p2a: Whimsicott|Substitute|p2a: Whimsicott\n|-start|p2a: Whimsicott|Substitute\n|-damage|p2a: Whimsicott|179/238\n|move|p1a: Wyrdeer|Body Slam|p2a: Whimsicott\n|-end|p2a: Whimsicott|Substitute\n|\n|-heal|p2a: Whimsicott|193/238|[from] item: Leftovers\n|upkeep\n|turn|4\n|\n|t:|1781462660\n|switch|p2a: Mismagius|Mismagius, L86, M|243/243\n|move|p1a: Wyrdeer|Psychic Noise|p2a: Mismagius\n|-damage|p2a: Mismagius|164/243\n|-start|p2a: Mismagius|move: Heal Block\n|\n|upkeep\n|turn|5\n|\n|t:|1781462670\n|move|p2a: Mismagius|Nasty Plot|p2a: Mismagius\n|-boost|p2a: Mismagius|spa|2\n|move|p1a: Wyrdeer|Psychic Noise|p2a: Mismagius\n|-damage|p2a: Mismagius|80/243\n|\n|-end|p2a: Mismagius|move: Heal Block\n|upkeep\n|turn|6\n|\n|t:|1781462681\n|move|p2a: Mismagius|Dazzling Gleam|p1a: Wyrdeer\n|-damage|p1a: Wyrdeer|227/321\n|move|p1a: Wyrdeer|Psychic Noise|p2a: Mismagius\n|-damage|p2a: Mismagius|7/243\n|-start|p2a: Mismagius|move: Heal Block\n|\n|upkeep\n|turn|7\n|\n|t:|1781462685\n|move|p2a: Mismagius|Dazzling Gleam|p1a: Wyrdeer\n|-damage|p1a: Wyrdeer|127/321\n|move|p1a: Wyrdeer|Psychic Noise|p2a: Mismagius\n|-damage|p2a: Mismagius|0 fnt\n|faint|p2a: Mismagius\n|\n|upkeep\n|\n|t:|1781462692\n|switch|p2a: Hitmonlee|Hitmonlee, L85, M|224/224\n|turn|8\n|\n|t:|1781462702\n|switch|p1a: Garchomp|Garchomp, L74, M|282/282\n|move|p2a: Hitmonlee|Knock Off|p1a: Garchomp\n|-damage|p1a: Garchomp|186/282\n|-damage|p2a: Hitmonlee|196/224|[from] ability: Rough Skin|[of] p1a: Garchomp\n|-enditem|p1a: Garchomp|Loaded Dice|[from] move: Knock Off|[of] p2a: Hitmonlee\n|\n|upkeep\n|turn|9\n|\n|t:|1781462713\n|switch|p2a: Whimsicott|Whimsicott, L84, M|193/238\n|move|p1a: Garchomp|Fire Fang|p2a: Whimsicott\n|-supereffective|p2a: Whimsicott\n|-damage|p2a: Whimsicott|91/238\n|\n|-heal|p2a: Whimsicott|105/238|[from] item: Leftovers\n|upkeep\n|turn|10\n|\n|t:|1781462722\n|switch|p1a: Wyrdeer|Wyrdeer, L87, F|127/321\n|-ability|p1a: Wyrdeer|Intimidate|boost\n|-unboost|p2a: Whimsicott|atk|1\n|move|p2a: Whimsicott|Moonblast|p1a: Wyrdeer\n|-damage|p1a: Wyrdeer|63/321\n|\n|-heal|p2a: Whimsicott|119/238|[from] item: Leftovers\n|upkeep\n|turn|11\n|\n|t:|1781462728\n|move|p2a: Whimsicott|Moonblast|p1a: Wyrdeer\n|-damage|p1a: Wyrdeer|0 fnt\n|faint|p1a: Wyrdeer\n|\n|-heal|p2a: Whimsicott|133/238|[from] item: Leftovers\n|upkeep\n|\n|t:|1781462737\n|switch|p1a: Gogoat|Gogoat, L88, M|360/360\n|turn|12\n|\n|t:|1781462748\n|move|p2a: Whimsicott|Moonblast|p1a: Gogoat\n|-damage|p1a: Gogoat|272/360\n|move|p1a: Gogoat|Rock Slide|p2a: Whimsicott\n|-damage|p2a: Whimsicott|66/238\n|\n|-heal|p2a: Whimsicott|80/238|[from] item: Leftovers\n|-heal|p1a: Gogoat|294/360|[from] item: Leftovers\n|upkeep\n|turn|13\n|\n|t:|1781462762\n|switch|p2a: Toxapex|Toxapex, L82, F|216/216\n|move|p1a: Gogoat|Rock Slide|p2a: Toxapex\n|-damage|p2a: Toxapex|179/216\n|\n|-heal|p1a: Gogoat|316/360|[from] item: Leftovers\n|upkeep\n|turn|14\n|\n|t:|1781462769\n|switch|p1a: Garchomp|Garchomp, L74, M|186/282\n|move|p2a: Toxapex|Toxic Spikes|p1a: Garchomp\n|-sidestart|p1: arno123|move: Toxic Spikes\n|\n|upkeep\n|turn|15\n|\n|t:|1781462779\n|move|p1a: Garchomp|Fire Fang|p2a: Toxapex\n|-resisted|p2a: Toxapex\n|-damage|p2a: Toxapex|165/216\n|-status|p2a: Toxapex|brn\n|-damage|p1a: Garchomp|139/282|[from] item: Rocky Helmet|[of] p2a: Toxapex\n|move|p2a: Toxapex|Toxic Spikes|p1a: Garchomp\n|-sidestart|p1: arno123|move: Toxic Spikes\n|\n|-damage|p2a: Toxapex|152/216 brn|[from] brn\n|upkeep\n|turn|16\n|\n|t:|1781462785\n|switch|p2a: Whimsicott|Whimsicott, L84, M|80/238\n|move|p1a: Garchomp|Fire Fang|p2a: Whimsicott\n|-supereffective|p2a: Whimsicott\n|-damage|p2a: Whimsicott|0 fnt\n|faint|p2a: Whimsicott\n|\n|upkeep\n|\n|t:|1781462794\n|switch|p2a: Dragapult|Dragapult, L77, M|262/262\n|turn|17\n|\n|t:|1781462811\n|move|p2a: Dragapult|Dragon Darts|p1a: Garchomp\n|-supereffective|p1a: Garchomp\n|-damage|p1a: Garchomp|0 fnt\n|faint|p1a: Garchomp\n|-damage|p2a: Dragapult|236/262|[from] item: Life Orb\n|\n|upkeep\n|\n|t:|1781462823\n|switch|p1a: Iron Jugulis|Iron Jugulis, L77|271/271\n|turn|18\n|\n|t:|1781462834\n|switch|p2a: Toxapex|Toxapex, L82, F|216/216 brn\n|move|p1a: Iron Jugulis|Dark Pulse|p2a: Toxapex\n|-damage|p2a: Toxapex|129/216 brn\n|\n|-damage|p2a: Toxapex|116/216 brn|[from] brn\n|upkeep\n|turn|19\n|\n|t:|1781462841\n|move|p1a: Iron Jugulis|Dark Pulse|p2a: Toxapex\n|-damage|p2a: Toxapex|31/216 brn\n|move|p2a: Toxapex|Recover|p2a: Toxapex\n|-heal|p2a: Toxapex|139/216 brn\n|\n|-damage|p2a: Toxapex|126/216 brn|[from] brn\n|upkeep\n|turn|20\n|\n|t:|1781462848\n|switch|p2a: Hitmonlee|Hitmonlee, L85, M|196/224\n|move|p1a: Iron Jugulis|Dark Pulse|p2a: Hitmonlee\n|-resisted|p2a: Hitmonlee\n|-damage|p2a: Hitmonlee|143/224\n|\n|upkeep\n|turn|21\n|\n|t:|1781462852\n|move|p1a: Iron Jugulis|Dark Pulse|p2a: Hitmonlee\n|-resisted|p2a: Hitmonlee\n|-damage|p2a: Hitmonlee|91/224\n|cant|p2a: Hitmonlee|flinch\n|\n|upkeep\n|turn|22\n|\n|t:|1781462857\n|move|p1a: Iron Jugulis|Dark Pulse|p2a: Hitmonlee\n|-resisted|p2a: Hitmonlee\n|-damage|p2a: Hitmonlee|42/224\n|move|p2a: Hitmonlee|Close Combat|p1a: Iron Jugulis\n|-damage|p1a: Iron Jugulis|106/271\n|-unboost|p2a: Hitmonlee|def|1\n|-unboost|p2a: Hitmonlee|spd|1\n|-enditem|p2a: Hitmonlee|White Herb\n|-clearnegativeboost|p2a: Hitmonlee|[silent]\n|\n|upkeep\n|turn|23\n|\n|t:|1781462861\n|move|p2a: Hitmonlee|Close Combat|p1a: Iron Jugulis\n|-damage|p1a: Iron Jugulis|0 fnt\n|-unboost|p2a: Hitmonlee|def|1\n|-unboost|p2a: Hitmonlee|spd|1\n|faint|p1a: Iron Jugulis\n|-end|p1a: Iron Jugulis|Quark Drive|[silent]\n|\n|upkeep\n|\n|t:|1781462873\n|switch|p1a: Gogoat|Gogoat, L88, M|316/360\n|-status|p1a: Gogoat|tox\n|turn|24\n|\n|t:|1781462896\n|move|p2a: Hitmonlee|Close Combat|p1a: Gogoat\n|-damage|p1a: Gogoat|108/360 tox\n|-unboost|p2a: Hitmonlee|def|1\n|-unboost|p2a: Hitmonlee|spd|1\n|move|p1a: Gogoat|Horn Leech|p2a: Hitmonlee\n|-damage|p2a: Hitmonlee|0 fnt\n|-heal|p1a: Gogoat|129/360 tox|[from] drain|[of] p2a: Hitmonlee\n|faint|p2a: Hitmonlee\n|\n|-heal|p1a: Gogoat|151/360 tox|[from] item: Leftovers\n|-damage|p1a: Gogoat|129/360 tox|[from] psn\n|upkeep\n|\n|t:|1781462903\n|switch|p2a: Toxapex|Toxapex, L82, F|198/216 brn\n|turn|25\n|\n|t:|1781462911\n|move|p1a: Gogoat|Bulk Up|p1a: Gogoat\n|-boost|p1a: Gogoat|atk|1\n|-boost|p1a: Gogoat|def|1\n|move|p2a: Toxapex|Liquidation|p1a: Gogoat\n|-resisted|p1a: Gogoat\n|-damage|p1a: Gogoat|116/360 tox\n|\n|-heal|p1a: Gogoat|138/360 tox|[from] item: Leftovers\n|-damage|p1a: Gogoat|94/360 tox|[from] psn\n|-damage|p2a: Toxapex|185/216 brn|[from] brn\n|upkeep\n|turn|26\n|\n|t:|1781462915\n|move|p1a: Gogoat|Bulk Up|p1a: Gogoat\n|-boost|p1a: Gogoat|atk|1\n|-boost|p1a: Gogoat|def|1\n|move|p2a: Toxapex|Haze|p2a: Toxapex\n|-clearallboost\n|\n|-heal|p1a: Gogoat|116/360 tox|[from] item: Leftovers\n|-damage|p1a: Gogoat|50/360 tox|[from] psn\n|-damage|p2a: Toxapex|172/216 brn|[from] brn\n|upkeep\n|turn|27\n|\n|t:|1781462920\n|move|p1a: Gogoat|Rock Slide|p2a: Toxapex\n|-damage|p2a: Toxapex|131/216 brn\n|cant|p2a: Toxapex|flinch\n|\n|-heal|p1a: Gogoat|72/360 tox|[from] item: Leftovers\n|-damage|p1a: Gogoat|0 fnt|[from] psn\n|faint|p1a: Gogoat\n|-damage|p2a: Toxapex|118/216 brn|[from] brn\n|upkeep\n|\n|t:|1781462929\n|switch|p1a: Gouging Fire|Gouging Fire, L74|277/277\n|turn|28\n|\n|t:|1781462937\n|move|p1a: Gouging Fire|Dragon Dance|p1a: Gouging Fire\n|-boost|p1a: Gouging Fire|atk|1\n|-boost|p1a: Gouging Fire|spe|1\n|move|p2a: Toxapex|Haze|p2a: Toxapex\n|-clearallboost\n|\n|-damage|p2a: Toxapex|105/216 brn|[from] brn\n|upkeep\n|turn|29\n|\n|t:|1781462948\n|move|p1a: Gouging Fire|Dragon Dance|p1a: Gouging Fire\n|-boost|p1a: Gouging Fire|atk|1\n|-boost|p1a: Gouging Fire|spe|1\n|move|p2a: Toxapex|Haze|p2a: Toxapex\n|-clearallboost\n|\n|-damage|p2a: Toxapex|92/216 brn|[from] brn\n|upkeep\n|turn|30\n|\n|t:|1781462952\n|move|p1a: Gouging Fire|Dragon Dance|p1a: Gouging Fire\n|-boost|p1a: Gouging Fire|atk|1\n|-boost|p1a: Gouging Fire|spe|1\n|move|p2a: Toxapex|Haze|p2a: Toxapex\n|-clearallboost\n|\n|-damage|p2a: Toxapex|79/216 brn|[from] brn\n|upkeep\n|turn|31\n|\n|t:|1781462956\n|move|p1a: Gouging Fire|Dragon Dance|p1a: Gouging Fire\n|-boost|p1a: Gouging Fire|atk|1\n|-boost|p1a: Gouging Fire|spe|1\n|move|p2a: Toxapex|Haze|p2a: Toxapex\n|-clearallboost\n|\n|-damage|p2a: Toxapex|66/216 brn|[from] brn\n|upkeep\n|turn|32\n|\n|t:|1781462959\n|move|p1a: Gouging Fire|Dragon Dance|p1a: Gouging Fire\n|-boost|p1a: Gouging Fire|atk|1\n|-boost|p1a: Gouging Fire|spe|1\n|move|p2a: Toxapex|Haze|p2a: Toxapex\n|-clearallboost\n|\n|-damage|p2a: Toxapex|53/216 brn|[from] brn\n|upkeep\n|turn|33\n|\n|t:|1781462962\n|move|p1a: Gouging Fire|Dragon Dance|p1a: Gouging Fire\n|-boost|p1a: Gouging Fire|atk|1\n|-boost|p1a: Gouging Fire|spe|1\n|move|p2a: Toxapex|Haze|p2a: Toxapex\n|-clearallboost\n|\n|-damage|p2a: Toxapex|40/216 brn|[from] brn\n|upkeep\n|turn|34\n|\n|t:|1781462965\n|move|p1a: Gouging Fire|Dragon Dance|p1a: Gouging Fire\n|-boost|p1a: Gouging Fire|atk|1\n|-boost|p1a: Gouging Fire|spe|1\n|move|p2a: Toxapex|Haze|p2a: Toxapex\n|-clearallboost\n|\n|-damage|p2a: Toxapex|27/216 brn|[from] brn\n|upkeep\n|turn|35\n|\n|t:|1781462968\n|move|p1a: Gouging Fire|Heat Crash|p2a: Toxapex\n|-resisted|p2a: Toxapex\n|-crit|p2a: Toxapex\n|-damage|p2a: Toxapex|0 fnt\n|-damage|p1a: Gouging Fire|231/277|[from] item: Rocky Helmet|[of] p2a: Toxapex\n|faint|p2a: Toxapex\n|\n|upkeep\n|\n|t:|1781462978\n|switch|p2a: Dragapult|Dragapult, L77, M|236/262\n|turn|36\n|\n|t:|1781462987\n|-terastallize|p1a: Gouging Fire|Fairy\n|move|p2a: Dragapult|Dragon Darts|p1a: Gouging Fire\n|-immune|p1a: Gouging Fire\n|move|p1a: Gouging Fire|Dragon Dance|p1a: Gouging Fire\n|-boost|p1a: Gouging Fire|atk|1\n|-boost|p1a: Gouging Fire|spe|1\n|\n|upkeep\n|turn|37\n|\n|t:|1781462998\n|move|p1a: Gouging Fire|Dragon Dance|p1a: Gouging Fire\n|-boost|p1a: Gouging Fire|atk|1\n|-boost|p1a: Gouging Fire|spe|1\n|move|p2a: Dragapult|Fire Blast|p1a: Gouging Fire\n|-damage|p1a: Gouging Fire|135/277\n|-damage|p2a: Dragapult|210/262|[from] item: Life Orb\n|\n|upkeep\n|turn|38\n|\n|t:|1781463005\n|move|p1a: Gouging Fire|Outrage|p2a: Dragapult\n|-supereffective|p2a: Dragapult\n|-damage|p2a: Dragapult|0 fnt\n|faint|p2a: Dragapult\n|\n|upkeep\n|\n|t:|1781463007\n|switch|p2a: Koraidon|Koraidon, L64|235/235\n|-weather|SunnyDay|[from] ability: Orichalcum Pulse|[of] p2a: Koraidon\n|-activate|p1a: Gouging Fire|ability: Protosynthesis\n|-start|p1a: Gouging Fire|protosynthesisatk\n|-activate|p2a: Koraidon|Orichalcum Pulse|[source]\n|turn|39\n|\n|t:|1781463013\n|-terastallize|p2a: Koraidon|Fire\n|move|p1a: Gouging Fire|Outrage|p2a: Koraidon|[from] lockedmove\n|-damage|p2a: Koraidon|0 fnt\n|faint|p2a: Koraidon\n|-start|p1a: Gouging Fire|confusion|[fatigue]\n|\n|win|arno123\n", "uploadtime": 1781462616, "views": 4, "formatid": "gen9randombattle", "rating": null, "private": 0, "password": null}