{"id": "gen9randombattle-2631393925", "format": "[Gen 9] Random Battle", "players": ["healboy009", "opik8"], "log": "|j|\u2606healboy009\n|j|\u2606opik8\n|t:|1781379392\n|gametype|singles\n|player|p1|healboy009|lucas|1977\n|player|p2|opik8|colress|1952\n|gen|9\n|tier|[Gen 9] Random Battle\n|rated|\n|rule|Species Clause: Limit one of each Pok\u00e9mon\n|rule|HP Percentage Mod: HP is shown in percentages\n|rule|Sleep Clause Mod: Limit one foe put to sleep\n|rule|Illusion Level Mod: Illusion disguises the Pok\u00e9mon's true level\n|\n|t:|1781379392\n|teamsize|p1|6\n|teamsize|p2|6\n|start\n|switch|p1a: Venomoth|Venomoth, L84, M|255/255\n|switch|p2a: Glimmora|Glimmora, L75, M|248/248\n|turn|1\n|\n|t:|1781379401\n|move|p1a: Venomoth|Sleep Powder|p2a: Glimmora\n|-status|p2a: Glimmora|slp|[from] move: Sleep Powder\n|cant|p2a: Glimmora|slp\n|\n|upkeep\n|turn|2\n|inactive|Battle timer is ON: inactive players will automatically lose when time's up. (requested by opik8)\n|\n|t:|1781379413\n|switch|p1a: Iron Crown|Iron Crown, L78|268/268\n|cant|p2a: Glimmora|slp\n|\n|upkeep\n|turn|3\n|\n|t:|1781379422\n|switch|p2a: Tornadus|Tornadus-Therian, L79, M|254/254\n|move|p1a: Iron Crown|Tachyon Cutter|p2a: Tornadus\n|-damage|p2a: Tornadus|199/254\n|-damage|p2a: Tornadus|139/254\n|-hitcount|p2a: Tornadus|2\n|\n|upkeep\n|turn|4\n|\n|t:|1781379435\n|-terastallize|p1a: Iron Crown|Steel\n|move|p2a: Tornadus|Knock Off|p1a: Iron Crown\n|-damage|p1a: Iron Crown|207/268\n|-enditem|p1a: Iron Crown|Choice Specs|[from] move: Knock Off|[of] p2a: Tornadus\n|move|p1a: Iron Crown|Tachyon Cutter|p2a: Tornadus\n|-damage|p2a: Tornadus|89/254\n|-damage|p2a: Tornadus|39/254\n|-hitcount|p2a: Tornadus|2\n|\n|upkeep\n|turn|5\n|\n|t:|1781379445\n|move|p2a: Tornadus|Heat Wave|p1a: Iron Crown\n|-supereffective|p1a: Iron Crown\n|-damage|p1a: Iron Crown|87/268\n|move|p1a: Iron Crown|Tachyon Cutter|p2a: Tornadus\n|-damage|p2a: Tornadus|0 fnt\n|faint|p2a: Tornadus\n|-hitcount|p2: Tornadus|1\n|\n|upkeep\n|\n|t:|1781379449\n|switch|p2a: Oricorio|Oricorio-Pa'u, L87, F|272/272\n|turn|6\n|\n|t:|1781379453\n|move|p2a: Oricorio|Quiver Dance|p2a: Oricorio\n|-boost|p2a: Oricorio|spa|1\n|-boost|p2a: Oricorio|spd|1\n|-boost|p2a: Oricorio|spe|1\n|move|p1a: Iron Crown|Tachyon Cutter|p2a: Oricorio\n|-damage|p2a: Oricorio|210/272\n|-damage|p2a: Oricorio|150/272\n|-hitcount|p2a: Oricorio|2\n|\n|upkeep\n|turn|7\n|\n|t:|1781379459\n|move|p2a: Oricorio|Roost|p2a: Oricorio\n|-heal|p2a: Oricorio|272/272\n|-singleturn|p2a: Oricorio|move: Roost\n|move|p1a: Iron Crown|Tachyon Cutter|p2a: Oricorio\n|-damage|p2a: Oricorio|212/272\n|-damage|p2a: Oricorio|152/272\n|-hitcount|p2a: Oricorio|2\n|\n|upkeep\n|turn|8\n|\n|t:|1781379462\n|move|p2a: Oricorio|Quiver Dance|p2a: Oricorio\n|-boost|p2a: Oricorio|spa|1\n|-boost|p2a: Oricorio|spd|1\n|-boost|p2a: Oricorio|spe|1\n|move|p1a: Iron Crown|Tachyon Cutter|p2a: Oricorio\n|-damage|p2a: Oricorio|106/272\n|-damage|p2a: Oricorio|60/272\n|-hitcount|p2a: Oricorio|2\n|\n|upkeep\n|turn|9\n|\n|t:|1781379464\n|move|p2a: Oricorio|Roost|p2a: Oricorio\n|-heal|p2a: Oricorio|196/272\n|-singleturn|p2a: Oricorio|move: Roost\n|move|p1a: Iron Crown|Tachyon Cutter|p2a: Oricorio\n|-damage|p2a: Oricorio|152/272\n|-damage|p2a: Oricorio|112/272\n|-hitcount|p2a: Oricorio|2\n|\n|upkeep\n|turn|10\n|\n|t:|1781379467\n|move|p2a: Oricorio|Roost|p2a: Oricorio\n|-heal|p2a: Oricorio|248/272\n|-singleturn|p2a: Oricorio|move: Roost\n|move|p1a: Iron Crown|Volt Switch|p2a: Oricorio\n|-damage|p2a: Oricorio|219/272\n|\n|t:|1781379472\n|-end|p1a: Iron Crown|Quark Drive|[silent]\n|switch|p1a: Magnezone|Magnezone, L85|258/258|[from] Volt Switch\n|\n|upkeep\n|turn|11\n|\n|t:|1781379476\n|-terastallize|p2a: Oricorio|Fighting\n|move|p2a: Oricorio|Revelation Dance|p1a: Magnezone\n|-supereffective|p1a: Magnezone\n|-damage|p1a: Magnezone|0 fnt\n|faint|p1a: Magnezone\n|\n|upkeep\n|\n|t:|1781379494\n|switch|p1a: Venomoth|Venomoth, L84, M|255/255\n|turn|12\n|\n|t:|1781379498\n|move|p2a: Oricorio|Hurricane|p1a: Venomoth\n|-supereffective|p1a: Venomoth\n|-damage|p1a: Venomoth|0 fnt\n|faint|p1a: Venomoth\n|\n|upkeep\n|\n|t:|1781379504\n|switch|p1a: Lycanroc|Lycanroc-Midnight, L89, M|296/296\n|turn|13\n|\n|t:|1781379507\n|move|p1a: Lycanroc|Sucker Punch|p2a: Oricorio\n|-resisted|p2a: Oricorio\n|-damage|p2a: Oricorio|175/272\n|-damage|p1a: Lycanroc|267/296|[from] item: Life Orb\n|move|p2a: Oricorio|Revelation Dance|p1a: Lycanroc\n|-supereffective|p1a: Lycanroc\n|-damage|p1a: Lycanroc|0 fnt\n|faint|p1a: Lycanroc\n|\n|upkeep\n|\n|t:|1781379510\n|switch|p1a: Wugtrio|Wugtrio, L91, F|212/212\n|turn|14\n|\n|t:|1781379516\n|move|p1a: Wugtrio|Aqua Jet|p2a: Oricorio\n|-damage|p2a: Oricorio|79/272\n|move|p2a: Oricorio|Revelation Dance|p1a: Wugtrio\n|-damage|p1a: Wugtrio|5/212\n|\n|upkeep\n|turn|15\n|\n|t:|1781379522\n|switch|p2a: Empoleon|Empoleon, L84, F|278/278\n|move|p1a: Wugtrio|Aqua Jet|p2a: Empoleon\n|-resisted|p2a: Empoleon\n|-damage|p2a: Empoleon|237/278\n|\n|-heal|p2a: Empoleon|254/278|[from] item: Leftovers\n|upkeep\n|turn|16\n|\n|t:|1781379526\n|switch|p1a: Iron Crown|Iron Crown, L78, tera:Steel|87/268\n|move|p2a: Empoleon|Surf|p1a: Iron Crown\n|-damage|p1a: Iron Crown|0 fnt\n|faint|p1a: Iron Crown\n|-end|p1a: Iron Crown|Quark Drive|[silent]\n|\n|-heal|p2a: Empoleon|271/278|[from] item: Leftovers\n|upkeep\n|\n|t:|1781379541\n|switch|p1a: Wugtrio|Wugtrio, L91, F|5/212\n|turn|17\n|\n|t:|1781379550\n|move|p1a: Wugtrio|Stomping Tantrum|p2a: Empoleon\n|-supereffective|p2a: Empoleon\n|-damage|p2a: Empoleon|77/278\n|move|p2a: Empoleon|Surf|p1a: Wugtrio\n|-resisted|p1a: Wugtrio\n|-crit|p1a: Wugtrio\n|-damage|p1a: Wugtrio|0 fnt\n|faint|p1a: Wugtrio\n|\n|-heal|p2a: Empoleon|94/278|[from] item: Leftovers\n|upkeep\n|\n|t:|1781379555\n|switch|p1a: Mabosstiff|Mabosstiff, L86, F|278/278\n|turn|18\n|\n|t:|1781379562\n|move|p1a: Mabosstiff|Crunch|p2a: Empoleon\n|-damage|p2a: Empoleon|0 fnt\n|faint|p2a: Empoleon\n|\n|upkeep\n|\n|t:|1781379564\n|switch|p2a: Oricorio|Oricorio-Pa'u, L87, F, tera:Fighting|79/272\n|turn|19\n|\n|t:|1781379569\n|move|p2a: Oricorio|Quiver Dance|p2a: Oricorio\n|-boost|p2a: Oricorio|spa|1\n|-boost|p2a: Oricorio|spd|1\n|-boost|p2a: Oricorio|spe|1\n|move|p1a: Mabosstiff|Crunch|p2a: Oricorio\n|-resisted|p2a: Oricorio\n|-damage|p2a: Oricorio|0 fnt\n|faint|p2a: Oricorio\n|\n|upkeep\n|\n|t:|1781379570\n|switch|p2a: Wigglytuff|Wigglytuff, L96, M|424/424\n|turn|20\n|\n|t:|1781379573\n|move|p1a: Mabosstiff|Crunch|p2a: Wigglytuff\n|-resisted|p2a: Wigglytuff\n|-damage|p2a: Wigglytuff|310/424\n|move|p2a: Wigglytuff|Thunder Wave|p1a: Mabosstiff\n|-status|p1a: Mabosstiff|par\n|\n|-heal|p2a: Wigglytuff|336/424|[from] item: Leftovers\n|upkeep\n|turn|21\n|\n|t:|1781379578\n|move|p2a: Wigglytuff|Dazzling Gleam|p1a: Mabosstiff\n|-supereffective|p1a: Mabosstiff\n|-damage|p1a: Mabosstiff|56/278 par\n|move|p1a: Mabosstiff|Crunch|p2a: Wigglytuff\n|-resisted|p2a: Wigglytuff\n|-damage|p2a: Wigglytuff|229/424\n|\n|-heal|p2a: Wigglytuff|255/424|[from] item: Leftovers\n|upkeep\n|turn|22\n|\n|t:|1781379580\n|move|p2a: Wigglytuff|Dazzling Gleam|p1a: Mabosstiff\n|-supereffective|p1a: Mabosstiff\n|-damage|p1a: Mabosstiff|0 fnt\n|faint|p1a: Mabosstiff\n|\n|win|opik8\n|raw|healboy009's rating: 1977 &rarr; <strong>1956</strong><br />(-21 for losing)\n|raw|opik8's rating: 1952 &rarr; <strong>1973</strong><br />(+21 for winning)\n", "uploadtime": 1781379394, "views": 6, "formatid": "gen9randombattle", "rating": 1956, "private": 0, "password": null}