{"id": "gen9randombattle-2631708066", "format": "[Gen 9] Random Battle", "players": ["duuhhao", "nardodick"], "log": "|j|\u2606duuhhao\n|j|\u2606nardodick\n|t:|1781425904\n|gametype|singles\n|player|p1|duuhhao|clair|2215\n|player|p2|nardodick|102|2217\n|gen|9\n|tier|[Gen 9] Random Battle\n|rated|\n|rule|Species Clause: Limit one of each Pok\u00e9mon\n|rule|HP Percentage Mod: HP is shown in percentages\n|rule|Sleep Clause Mod: Limit one foe put to sleep\n|rule|Illusion Level Mod: Illusion disguises the Pok\u00e9mon's true level\n|\n|t:|1781425904\n|teamsize|p1|6\n|teamsize|p2|6\n|start\n|switch|p1a: Mandibuzz|Mandibuzz, L85, F|326/326\n|switch|p2a: Sylveon|Sylveon, L85, M|300/300\n|turn|1\n|inactive|Battle timer is ON: inactive players will automatically lose when time's up. (requested by nardodick)\n|j| BigLanders\n|\n|t:|1781425922\n|switch|p1a: Reshiram|Reshiram, L76|277/277\n|-ability|p1a: Reshiram|Turboblaze\n|move|p2a: Sylveon|Hyper Voice|p1a: Reshiram\n|-damage|p1a: Reshiram|156/277\n|\n|upkeep\n|turn|2\n|\n|t:|1781425950\n|move|p1a: Reshiram|Blue Flare|p2a: Sylveon|[miss]\n|-miss|p1a: Reshiram|p2a: Sylveon\n|move|p2a: Sylveon|Hyper Voice|p1a: Reshiram\n|-damage|p1a: Reshiram|51/277\n|\n|upkeep\n|turn|3\n|\n|t:|1781425960\n|switch|p1a: Primarina|Primarina, L83, F|268/268\n|move|p2a: Sylveon|Calm Mind|p2a: Sylveon\n|-boost|p2a: Sylveon|spa|1\n|-boost|p2a: Sylveon|spd|1\n|\n|upkeep\n|turn|4\n|\n|t:|1781425962\n|move|p2a: Sylveon|Hyper Voice|p1a: Primarina\n|-damage|p1a: Primarina|105/268\n|move|p1a: Primarina|Calm Mind|p1a: Primarina\n|-boost|p1a: Primarina|spa|1\n|-boost|p1a: Primarina|spd|1\n|\n|-heal|p1a: Primarina|121/268|[from] item: Leftovers\n|upkeep\n|turn|5\n|\n|t:|1781425965\n|move|p2a: Sylveon|Hyper Voice|p1a: Primarina\n|-damage|p1a: Primarina|6/268\n|move|p1a: Primarina|Draining Kiss|p2a: Sylveon\n|-damage|p2a: Sylveon|255/300\n|-heal|p1a: Primarina|40/268|[from] drain|[of] p2a: Sylveon\n|\n|-heal|p2a: Sylveon|273/300|[from] item: Leftovers\n|-heal|p1a: Primarina|56/268|[from] item: Leftovers\n|upkeep\n|turn|6\n|-message|duuhhao forfeited.\n|\n|win|nardodick\n", "uploadtime": 1781425906, "views": 3, "formatid": "gen9randombattle", "rating": null, "private": 0, "password": null}