{"id": "gen9randombattle-2631627464", "format": "[Gen 9] Random Battle", "players": ["Dfrrnspa97", "RedDudeN64"], "log": "|j|\u2606Dfrrnspa97\n|j|\u2606RedDudeN64\n|t:|1781411122\n|gametype|singles\n|player|p1|Dfrrnspa97|101|2115\n|player|p2|RedDudeN64|red|2154\n|gen|9\n|tier|[Gen 9] Random Battle\n|rated|\n|rule|Species Clause: Limit one of each Pok\u00e9mon\n|rule|HP Percentage Mod: HP is shown in percentages\n|rule|Sleep Clause Mod: Limit one foe put to sleep\n|rule|Illusion Level Mod: Illusion disguises the Pok\u00e9mon's true level\n|\n|t:|1781411122\n|teamsize|p1|6\n|teamsize|p2|6\n|start\n|switch|p1a: Pyroar|Pyroar, L88, M|295/295\n|switch|p2a: Misdreavus|Misdreavus, L90, F|254/254\n|-ability|p1a: Pyroar|Unnerve\n|turn|1\n|inactive|Battle timer is ON: inactive players will automatically lose when time's up. (requested by RedDudeN64)\n|inactive|Dfrrnspa97 also wants the timer to be on.\n|\n|t:|1781411135\n|switch|p2a: Furret|Furret, L94, M|312/312\n|-item|p1a: Pyroar|Heavy-Duty Boots|[from] ability: Frisk|[of] p2a: Furret\n|move|p1a: Pyroar|Work Up|p1a: Pyroar\n|-boost|p1a: Pyroar|atk|1\n|-boost|p1a: Pyroar|spa|1\n|\n|upkeep\n|turn|2\n|\n|t:|1781411140\n|-terastallize|p1a: Pyroar|Fire\n|move|p1a: Pyroar|Fire Blast|p2a: Furret\n|-damage|p2a: Furret|0 fnt\n|faint|p2a: Furret\n|\n|upkeep\n|\n|t:|1781411160\n|switch|p2a: Misdreavus|Misdreavus, L90, F|254/254\n|turn|3\n|\n|t:|1781411165\n|move|p1a: Pyroar|Taunt|p2a: Misdreavus\n|-start|p2a: Misdreavus|move: Taunt\n|move|p2a: Misdreavus|Shadow Ball|p1a: Pyroar\n|-damage|p1a: Pyroar|193/295\n|\n|upkeep\n|turn|4\n|\n|t:|1781411170\n|move|p1a: Pyroar|Fire Blast|p2a: Misdreavus\n|-damage|p2a: Misdreavus|82/254\n|move|p2a: Misdreavus|Shadow Ball|p1a: Pyroar\n|-damage|p1a: Pyroar|90/295\n|\n|upkeep\n|turn|5\n|\n|t:|1781411174\n|move|p1a: Pyroar|Fire Blast|p2a: Misdreavus\n|-damage|p2a: Misdreavus|0 fnt\n|faint|p2a: Misdreavus\n|\n|upkeep\n|\n|t:|1781411189\n|switch|p2a: Polteageist|Polteageist, L78|222/222\n|turn|6\n|\n|t:|1781411193\n|move|p1a: Pyroar|Fire Blast|p2a: Polteageist\n|-damage|p2a: Polteageist|0 fnt\n|faint|p2a: Polteageist\n|\n|upkeep\n|-message|RedDudeN64 forfeited.\n|\n|win|Dfrrnspa97\n", "uploadtime": 1781411124, "views": 3, "formatid": "gen9randombattle", "rating": null, "private": 0, "password": null}