{"id": "gen9randombattle-2631988939", "format": "[Gen 9] Random Battle", "players": ["cosmic_dark", "jimothy cool yt"], "log": "|badge|p1|bronze|gen9randombattle|100-9\n|uhtml|medal-msg|<div class=\"broadcast-blue\">Curious what those medals under the avatar are? PS now has Ladder Seasons! For more information, check out the <a href=\"https://www.smogon.com/forums/threads/3740067/\">thread on Smogon.</a></div>\n|badge|p2|silver|gen9randombattle|30-9\n|uhtml|medal-msg|<div class=\"broadcast-blue\">Curious what those medals under the avatar are? PS now has Ladder Seasons! For more information, check out the <a href=\"https://www.smogon.com/forums/threads/3740067/\">thread on Smogon.</a></div>\n|j|\u2606cosmic_dark\n|j|\u2606jimothy cool yt\n|t:|1781463265\n|gametype|singles\n|player|p1|cosmic_dark|hilda-wonderlauncher|2312\n|player|p2|jimothy cool yt|lucas|2486\n|gen|9\n|tier|[Gen 9] Random Battle\n|rated|\n|rule|Species Clause: Limit one of each Pok\u00e9mon\n|rule|HP Percentage Mod: HP is shown in percentages\n|rule|Sleep Clause Mod: Limit one foe put to sleep\n|rule|Illusion Level Mod: Illusion disguises the Pok\u00e9mon's true level\n|\n|t:|1781463265\n|teamsize|p1|6\n|teamsize|p2|6\n|start\n|switch|p1a: Meowscarada|Meowscarada, L78, F|247/247\n|switch|p2a: Iron Boulder|Iron Boulder, L77|265/265\n|turn|1\n|inactive|Battle timer is ON: inactive players will automatically lose when time's up. (requested by jimothy cool yt)\n|inactive|cosmic_dark also wants the timer to be on.\n|\n|t:|1781463279\n|-end|p2a: Iron Boulder|Quark Drive|[silent]\n|switch|p2a: Breloom|Breloom, L83, M|235/235\n|move|p1a: Meowscarada|U-turn|p2a: Breloom\n|-start|p1a: Meowscarada|typechange|Bug|[from] ability: Protean\n|-damage|p2a: Breloom|111/235\n|\n|t:|1781463295\n|switch|p1a: Mismagius|Mismagius, L86, M|243/243|[from] U-turn\n|\n|upkeep\n|turn|2\n|\n|t:|1781463313\n|switch|p2a: Excadrill|Excadrill, L79, M|303/303\n|-ability|p2a: Excadrill|Mold Breaker\n|move|p1a: Mismagius|Shadow Ball|p2a: Excadrill\n|-damage|p2a: Excadrill|200/303\n|-damage|p1a: Mismagius|219/243|[from] item: Life Orb\n|\n|upkeep\n|turn|3\n|\n|t:|1781463332\n|switch|p1a: Mandibuzz|Mandibuzz, L85, F|326/326\n|move|p2a: Excadrill|Earthquake|p1a: Mandibuzz\n|-immune|p1a: Mandibuzz\n|\n|upkeep\n|turn|4\n|\n|t:|1781463337\n|switch|p2a: Glalie|Glalie, L96, F|309/309\n|move|p1a: Mandibuzz|Foul Play|p2a: Glalie\n|-damage|p2a: Glalie|213/309\n|\n|upkeep\n|turn|5\n|\n|t:|1781463340\n|move|p2a: Glalie|Spikes|p1a: Mandibuzz\n|-sidestart|p1: cosmic_dark|Spikes\n|move|p1a: Mandibuzz|Toxic|p2a: Glalie\n|-status|p2a: Glalie|tox\n|\n|-damage|p2a: Glalie|194/309 tox|[from] psn\n|upkeep\n|turn|6\n|\n|t:|1781463347\n|move|p2a: Glalie|Freeze-Dry|p1a: Mandibuzz\n|-supereffective|p1a: Mandibuzz\n|-damage|p1a: Mandibuzz|158/326\n|move|p1a: Mandibuzz|Foul Play|p2a: Glalie\n|-damage|p2a: Glalie|103/309 tox\n|\n|-damage|p2a: Glalie|65/309 tox|[from] psn\n|upkeep\n|turn|7\n|\n|t:|1781463355\n|move|p2a: Glalie|Freeze-Dry|p1a: Mandibuzz\n|-supereffective|p1a: Mandibuzz\n|-damage|p1a: Mandibuzz|2/326\n|move|p1a: Mandibuzz|Roost|p1a: Mandibuzz\n|-heal|p1a: Mandibuzz|165/326\n|-singleturn|p1a: Mandibuzz|move: Roost\n|\n|-damage|p2a: Glalie|8/309 tox|[from] psn\n|upkeep\n|turn|8\n|\n|t:|1781463359\n|move|p2a: Glalie|Freeze-Dry|p1a: Mandibuzz\n|-supereffective|p1a: Mandibuzz\n|-damage|p1a: Mandibuzz|9/326\n|move|p1a: Mandibuzz|Roost|p1a: Mandibuzz\n|-heal|p1a: Mandibuzz|172/326\n|-singleturn|p1a: Mandibuzz|move: Roost\n|\n|-damage|p2a: Glalie|0 fnt|[from] psn\n|faint|p2a: Glalie\n|upkeep\n|\n|t:|1781463363\n|switch|p2a: Iron Boulder|Iron Boulder, L77|265/265\n|turn|9\n|\n|t:|1781463368\n|-terastallize|p1a: Mandibuzz|Steel\n|move|p2a: Iron Boulder|Mighty Cleave|p1a: Mandibuzz\n|-resisted|p1a: Mandibuzz\n|-damage|p1a: Mandibuzz|111/326\n|-damage|p2a: Iron Boulder|239/265|[from] item: Life Orb\n|move|p1a: Mandibuzz|Foul Play|p2a: Iron Boulder\n|-supereffective|p2a: Iron Boulder\n|-damage|p2a: Iron Boulder|0 fnt\n|faint|p2a: Iron Boulder\n|-end|p2a: Iron Boulder|Quark Drive|[silent]\n|\n|upkeep\n|\n|t:|1781463378\n|switch|p2a: Excadrill|Excadrill, L79, M|200/303\n|-ability|p2a: Excadrill|Mold Breaker\n|turn|10\n|\n|t:|1781463382\n|switch|p1a: Vivillon|Vivillon-Tundra, L83, F|268/268\n|move|p2a: Excadrill|Earthquake|p1a: Vivillon\n|-immune|p1a: Vivillon\n|\n|upkeep\n|turn|11\n|\n|t:|1781463388\n|move|p1a: Vivillon|Quiver Dance|p1a: Vivillon\n|-boost|p1a: Vivillon|spa|1\n|-boost|p1a: Vivillon|spd|1\n|-boost|p1a: Vivillon|spe|1\n|move|p2a: Excadrill|Rapid Spin|p1a: Vivillon\n|-damage|p1a: Vivillon|207/268\n|-boost|p2a: Excadrill|spe|1\n|\n|upkeep\n|turn|12\n|\n|t:|1781463391\n|move|p1a: Vivillon|Sleep Powder|p2a: Excadrill\n|-status|p2a: Excadrill|slp|[from] move: Sleep Powder\n|cant|p2a: Excadrill|slp\n|\n|upkeep\n|turn|13\n|\n|t:|1781463393\n|move|p1a: Vivillon|Quiver Dance|p1a: Vivillon\n|-boost|p1a: Vivillon|spa|1\n|-boost|p1a: Vivillon|spd|1\n|-boost|p1a: Vivillon|spe|1\n|-curestatus|p2a: Excadrill|slp|[msg]\n|move|p2a: Excadrill|Rock Slide|p1a: Vivillon\n|-supereffective|p1a: Vivillon\n|-damage|p1a: Vivillon|0 fnt\n|faint|p1a: Vivillon\n|\n|upkeep\n|\n|t:|1781463401\n|switch|p1a: Politoed|Politoed, L88, F|302/302\n|-damage|p1a: Politoed|265/302|[from] Spikes\n|-weather|RainDance|[from] ability: Drizzle|[of] p1a: Politoed\n|turn|14\n|\n|t:|1781463408\n|switch|p2a: Slowking|Slowking, L88, F|310/310\n|move|p1a: Politoed|Weather Ball|p2a: Slowking\n|-resisted|p2a: Slowking\n|-damage|p2a: Slowking|206/310\n|\n|-weather|RainDance|[upkeep]\n|-heal|p2a: Slowking|225/310|[from] item: Leftovers\n|upkeep\n|turn|15\n|\n|t:|1781463413\n|switch|p1a: Mandibuzz|Mandibuzz, L85, F, tera:Steel|111/326\n|move|p2a: Slowking|Thunder Wave|p1a: Mandibuzz|[miss]\n|-miss|p2a: Slowking|p1a: Mandibuzz\n|\n|-weather|RainDance|[upkeep]\n|-heal|p2a: Slowking|244/310|[from] item: Leftovers\n|upkeep\n|turn|16\n|\n|t:|1781463420\n|move|p1a: Mandibuzz|Foul Play|p2a: Slowking\n|-supereffective|p2a: Slowking\n|-damage|p2a: Slowking|112/310\n|move|p2a: Slowking|Thunder Wave|p1a: Mandibuzz\n|-status|p1a: Mandibuzz|par\n|\n|-weather|RainDance|[upkeep]\n|-heal|p2a: Slowking|131/310|[from] item: Leftovers\n|upkeep\n|turn|17\n|\n|t:|1781463424\n|move|p2a: Slowking|Scald|p1a: Mandibuzz\n|-damage|p1a: Mandibuzz|0 fnt\n|faint|p1a: Mandibuzz\n|\n|-weather|RainDance|[upkeep]\n|-heal|p2a: Slowking|150/310|[from] item: Leftovers\n|upkeep\n|\n|t:|1781463427\n|switch|p1a: Meowscarada|Meowscarada, L78, F|247/247\n|-damage|p1a: Meowscarada|217/247|[from] Spikes\n|turn|18\n|\n|t:|1781463432\n|switch|p2a: Breloom|Breloom, L83, M|111/235\n|move|p1a: Meowscarada|U-turn|p2a: Breloom\n|-start|p1a: Meowscarada|typechange|Bug|[from] ability: Protean\n|-damage|p2a: Breloom|0 fnt\n|faint|p2a: Breloom\n|\n|t:|1781463437\n|switch|p1a: Mismagius|Mismagius, L86, M|219/243|[from] U-turn\n|\n|-weather|none\n|upkeep\n|inactive|jimothy cool yt has 120 seconds left.\n|\n|t:|1781463484\n|switch|p2a: Slowking|Slowking, L88, F|253/310\n|turn|19\n|\n|t:|1781463488\n|switch|p1a: Politoed|Politoed, L88, F|265/302\n|-damage|p1a: Politoed|228/302|[from] Spikes\n|-weather|RainDance|[from] ability: Drizzle|[of] p1a: Politoed\n|move|p2a: Slowking|Thunder Wave|p1a: Politoed\n|-status|p1a: Politoed|par\n|\n|-weather|RainDance|[upkeep]\n|-heal|p2a: Slowking|272/310|[from] item: Leftovers\n|upkeep\n|turn|20\n|\n|t:|1781463494\n|switch|p1a: Meowscarada|Meowscarada, L78, F|217/247\n|-damage|p1a: Meowscarada|187/247|[from] Spikes\n|move|p2a: Slowking|Psychic Noise|p1a: Meowscarada\n|-immune|p1a: Meowscarada\n|\n|-weather|RainDance|[upkeep]\n|-heal|p2a: Slowking|291/310|[from] item: Leftovers\n|upkeep\n|turn|21\n|\n|t:|1781463500\n|move|p1a: Meowscarada|Flower Trick|p2a: Slowking\n|-start|p1a: Meowscarada|typechange|Grass|[from] ability: Protean\n|-supereffective|p2a: Slowking\n|-crit|p2a: Slowking\n|-damage|p2a: Slowking|0 fnt\n|faint|p2a: Slowking\n|\n|-weather|RainDance|[upkeep]\n|upkeep\n|\n|t:|1781463508\n|switch|p2a: Stonjourner|Stonjourner, L91, M|330/330\n|turn|22\n|\n|t:|1781463512\n|switch|p1a: Politoed|Politoed, L88, F|228/302 par\n|-damage|p1a: Politoed|191/302 par|[from] Spikes\n|-terastallize|p2a: Stonjourner|Fire\n|move|p2a: Stonjourner|Rock Polish|p2a: Stonjourner\n|-boost|p2a: Stonjourner|spe|2\n|\n|-weather|RainDance|[upkeep]\n|upkeep\n|turn|23\n|\n|t:|1781463515\n|move|p2a: Stonjourner|Stone Edge|p1a: Politoed\n|-damage|p1a: Politoed|0 fnt\n|faint|p1a: Politoed\n|-damage|p2a: Stonjourner|297/330|[from] item: Life Orb\n|\n|-weather|none\n|upkeep\n|\n|t:|1781463519\n|switch|p1a: Hitmonlee|Hitmonlee, L85, M|223/223\n|-damage|p1a: Hitmonlee|196/223|[from] Spikes\n|turn|24\n|\n|t:|1781463527\n|move|p2a: Stonjourner|Heat Crash|p1a: Hitmonlee\n|-crit|p1a: Hitmonlee\n|-damage|p1a: Hitmonlee|0 fnt\n|faint|p1a: Hitmonlee\n|-damage|p2a: Stonjourner|264/330|[from] item: Life Orb\n|\n|upkeep\n|\n|t:|1781463530\n|switch|p1a: Mismagius|Mismagius, L86, M|219/243\n|turn|25\n|\n|t:|1781463534\n|move|p2a: Stonjourner|Heat Crash|p1a: Mismagius\n|-damage|p1a: Mismagius|0 fnt\n|faint|p1a: Mismagius\n|-damage|p2a: Stonjourner|231/330|[from] item: Life Orb\n|\n|upkeep\n|\n|t:|1781463537\n|switch|p1a: Meowscarada|Meowscarada, L78, F|187/247\n|-damage|p1a: Meowscarada|157/247|[from] Spikes\n|turn|26\n|\n|t:|1781463539\n|move|p2a: Stonjourner|Heat Crash|p1a: Meowscarada\n|-supereffective|p1a: Meowscarada\n|-damage|p1a: Meowscarada|0 fnt\n|faint|p1a: Meowscarada\n|-damage|p2a: Stonjourner|198/330|[from] item: Life Orb\n|\n|win|jimothy cool yt\n|raw|cosmic_dark's rating: 2312 &rarr; <strong>2301</strong><br />(-11 for losing)\n|raw|jimothy cool yt's rating: 2486 &rarr; <strong>2497</strong><br />(+11 for winning)\n|l|\u2606cosmic_dark\n|player|p1|\n", "uploadtime": 1781463267, "views": 3, "formatid": "gen9randombattle", "rating": 2301, "private": 0, "password": null}