{"id": "gen9randombattle-2631473644", "format": "[Gen 9] Random Battle", "players": ["bed burglar", "Muk Muk Goodra"], "log": "|j|\u2606bed burglar\n|j|\u2606Muk Muk Goodra\n|t:|1781389255\n|gametype|singles\n|player|p1|bed burglar|1|1899\n|player|p2|Muk Muk Goodra|dawn|2022\n|gen|9\n|tier|[Gen 9] Random Battle\n|rated|\n|rule|Species Clause: Limit one of each Pok\u00e9mon\n|rule|HP Percentage Mod: HP is shown in percentages\n|rule|Sleep Clause Mod: Limit one foe put to sleep\n|rule|Illusion Level Mod: Illusion disguises the Pok\u00e9mon's true level\n|\n|t:|1781389255\n|teamsize|p1|6\n|teamsize|p2|6\n|start\n|switch|p1a: Arceus|Arceus-Ghost, L69|280/280\n|switch|p2a: Hariyama|Hariyama, L87, F|392/392\n|turn|1\n|inactive|Battle timer is ON: inactive players will automatically lose when time's up. (requested by Muk Muk Goodra)\n|\n|t:|1781389265\n|switch|p1a: Spidops|Spidops, L96, F|271/271\n|switch|p2a: Amoonguss|Amoonguss, L82, F|321/321\n|\n|upkeep\n|turn|2\n|\n|t:|1781389270\n|move|p1a: Spidops|Sticky Web|p2a: Amoonguss\n|-sidestart|p2: Muk Muk Goodra|move: Sticky Web\n|move|p2a: Amoonguss|Toxic|p1a: Spidops\n|-status|p1a: Spidops|tox\n|\n|-damage|p1a: Spidops|255/271 tox|[from] psn\n|upkeep\n|turn|3\n|\n|t:|1781389278\n|switch|p2a: Landorus|Landorus, L75, M|257/257\n|move|p1a: Spidops|Knock Off|p2a: Landorus\n|-crit|p2a: Landorus\n|-damage|p2a: Landorus|9/257\n|-enditem|p2a: Landorus|Life Orb|[from] move: Knock Off|[of] p1a: Spidops\n|\n|-damage|p1a: Spidops|223/271 tox|[from] psn\n|upkeep\n|turn|4\n|\n|t:|1781389287\n|move|p2a: Landorus|Stealth Rock|p1a: Spidops\n|-sidestart|p1: bed burglar|move: Stealth Rock\n|move|p1a: Spidops|U-turn|p2a: Landorus\n|-resisted|p2a: Landorus\n|-damage|p2a: Landorus|0 fnt\n|faint|p2a: Landorus\n|\n|t:|1781389295\n|switch|p1a: Delphox|Delphox, L84, F|263/263|[from] U-turn\n|\n|upkeep\n|\n|t:|1781389304\n|switch|p2a: Dewgong|Dewgong, L94, M|322/322\n|turn|5\n|\n|t:|1781389309\n|switch|p1a: Snorlax|Snorlax, L82, F|397/397\n|-damage|p1a: Snorlax|348/397|[from] Stealth Rock\n|move|p2a: Dewgong|Knock Off|p1a: Snorlax\n|-damage|p1a: Snorlax|267/397\n|-enditem|p1a: Snorlax|Chesto Berry|[from] move: Knock Off|[of] p2a: Dewgong\n|\n|upkeep\n|turn|6\n|\n|t:|1781389317\n|switch|p2a: Hariyama|Hariyama, L87, F|392/392\n|-activate|p2a: Hariyama|move: Sticky Web\n|-unboost|p2a: Hariyama|spe|1\n|move|p1a: Snorlax|Body Slam|p2a: Hariyama\n|-damage|p2a: Hariyama|274/392\n|\n|upkeep\n|turn|7\n|\n|t:|1781389323\n|switch|p1a: Spidops|Spidops, L96, F|223/271 tox\n|move|p2a: Hariyama|Knock Off|p1a: Spidops\n|-damage|p1a: Spidops|143/271 tox\n|-enditem|p1a: Spidops|Heavy-Duty Boots|[from] move: Knock Off|[of] p2a: Hariyama\n|\n|-damage|p1a: Spidops|127/271 tox|[from] psn\n|upkeep\n|turn|8\n|\n|t:|1781389330\n|move|p1a: Spidops|Knock Off|p2a: Hariyama\n|-resisted|p2a: Hariyama\n|-damage|p2a: Hariyama|229/392\n|-enditem|p2a: Hariyama|Assault Vest|[from] move: Knock Off|[of] p1a: Spidops\n|move|p2a: Hariyama|Stone Edge|p1a: Spidops\n|-supereffective|p1a: Spidops\n|-damage|p1a: Spidops|0 fnt\n|faint|p1a: Spidops\n|\n|upkeep\n|\n|t:|1781389333\n|switch|p1a: Delphox|Delphox, L84, F|263/263\n|turn|9\n|\n|t:|1781389342\n|move|p1a: Delphox|Psyshock|p2a: Hariyama\n|-supereffective|p2a: Hariyama\n|-damage|p2a: Hariyama|0 fnt\n|faint|p2a: Hariyama\n|\n|upkeep\n|\n|t:|1781389344\n|switch|p2a: Dewgong|Dewgong, L94, M|322/322\n|turn|10\n|\n|t:|1781389352\n|switch|p1a: Snorlax|Snorlax, L82, F|267/397\n|-damage|p1a: Snorlax|218/397|[from] Stealth Rock\n|move|p2a: Dewgong|Knock Off|p1a: Snorlax\n|-damage|p1a: Snorlax|162/397\n|\n|upkeep\n|turn|11\n|\n|t:|1781389366\n|move|p2a: Dewgong|Surf|p1a: Snorlax\n|-damage|p1a: Snorlax|78/397\n|move|p1a: Snorlax|Body Slam|p2a: Dewgong\n|-damage|p2a: Dewgong|232/322\n|-status|p2a: Dewgong|par\n|\n|upkeep\n|turn|12\n|\n|t:|1781389370\n|move|p1a: Snorlax|Rest|p1a: Snorlax\n|-status|p1a: Snorlax|slp|[from] move: Rest\n|-heal|p1a: Snorlax|397/397 slp|[silent]\n|move|p2a: Dewgong|Surf|p1a: Snorlax\n|-damage|p1a: Snorlax|322/397 slp\n|\n|upkeep\n|turn|13\n|\n|t:|1781389375\n|switch|p2a: Probopass|Probopass, L91, F|257/257\n|-activate|p2a: Probopass|move: Sticky Web\n|-unboost|p2a: Probopass|spe|1\n|cant|p1a: Snorlax|slp\n|\n|upkeep\n|turn|14\n|\n|t:|1781389381\n|switch|p1a: Arceus|Arceus-Ghost, L69|280/280\n|-damage|p1a: Arceus|245/280|[from] Stealth Rock\n|move|p2a: Probopass|Body Press|p1a: Arceus\n|-immune|p1a: Arceus\n|\n|upkeep\n|turn|15\n|\n|t:|1781389385\n|switch|p2a: Amoonguss|Amoonguss, L82, F|321/321\n|-activate|p2a: Amoonguss|move: Sticky Web\n|-unboost|p2a: Amoonguss|spe|1\n|move|p1a: Arceus|Focus Blast|p2a: Amoonguss\n|-resisted|p2a: Amoonguss\n|-damage|p2a: Amoonguss|284/321\n|\n|upkeep\n|turn|16\n|\n|t:|1781389392\n|switch|p1a: Delphox|Delphox, L84, F|263/263\n|move|p2a: Amoonguss|Spore|p1a: Delphox\n|-status|p1a: Delphox|slp|[from] move: Spore\n|\n|upkeep\n|turn|17\n|\n|t:|1781389397\n|switch|p2a: Probopass|Probopass, L91, F|257/257\n|-activate|p2a: Probopass|move: Sticky Web\n|-unboost|p2a: Probopass|spe|1\n|cant|p1a: Delphox|slp\n|\n|upkeep\n|turn|18\n|\n|t:|1781389404\n|switch|p1a: Arceus|Arceus-Ghost, L69|245/280\n|-damage|p1a: Arceus|210/280|[from] Stealth Rock\n|switch|p2a: Wigglytuff|Wigglytuff, L96, F|424/424\n|-activate|p2a: Wigglytuff|move: Sticky Web\n|-unboost|p2a: Wigglytuff|spe|1\n|-ability|p2a: Wigglytuff|Competitive|boost\n|-boost|p2a: Wigglytuff|spa|2\n|\n|upkeep\n|turn|19\n|\n|t:|1781389418\n|switch|p1a: Delphox|Delphox, L84, F|263/263 slp\n|move|p2a: Wigglytuff|Dazzling Gleam|p1a: Delphox\n|-resisted|p1a: Delphox\n|-damage|p1a: Delphox|171/263 slp\n|\n|upkeep\n|turn|20\n|\n|t:|1781389424\n|cant|p1a: Delphox|slp\n|move|p2a: Wigglytuff|Dazzling Gleam|p1a: Delphox\n|-resisted|p1a: Delphox\n|-damage|p1a: Delphox|78/263 slp\n|\n|upkeep\n|turn|21\n|\n|t:|1781389428\n|-curestatus|p1a: Delphox|slp|[msg]\n|move|p1a: Delphox|Fire Blast|p2a: Wigglytuff\n|-damage|p2a: Wigglytuff|166/424\n|move|p2a: Wigglytuff|Dazzling Gleam|p1a: Delphox\n|-resisted|p1a: Delphox\n|-damage|p1a: Delphox|0 fnt\n|faint|p1a: Delphox\n|\n|-heal|p2a: Wigglytuff|192/424|[from] item: Leftovers\n|upkeep\n|\n|t:|1781389435\n|switch|p1a: Zamazenta|Zamazenta-Crowned, L68|238/238\n|-damage|p1a: Zamazenta|231/238|[from] Stealth Rock\n|-ability|p1a: Zamazenta|Dauntless Shield|boost\n|-boost|p1a: Zamazenta|def|1\n|turn|22\n|\n|t:|1781389454\n|switch|p2a: Dewgong|Dewgong, L94, M|232/322 par\n|move|p1a: Zamazenta|Heavy Slam|p2a: Dewgong\n|-damage|p2a: Dewgong|138/322 par\n|\n|upkeep\n|turn|23\n|\n|t:|1781389458\n|move|p1a: Zamazenta|Body Press|p2a: Dewgong\n|-supereffective|p2a: Dewgong\n|-damage|p2a: Dewgong|0 fnt\n|faint|p2a: Dewgong\n|\n|upkeep\n|\n|t:|1781389465\n|switch|p2a: Amoonguss|Amoonguss, L82, F|321/321\n|-activate|p2a: Amoonguss|move: Sticky Web\n|-unboost|p2a: Amoonguss|spe|1\n|turn|24\n|\n|t:|1781389471\n|switch|p1a: Arceus|Arceus-Ghost, L69|210/280\n|-damage|p1a: Arceus|175/280|[from] Stealth Rock\n|move|p2a: Amoonguss|Spore|p1a: Arceus\n|-status|p1a: Arceus|slp|[from] move: Spore\n|\n|upkeep\n|turn|25\n|\n|t:|1781389474\n|switch|p1a: Gyarados|Gyarados, L79, M|280/280\n|switch|p2a: Wigglytuff|Wigglytuff, L96, F|192/424\n|-activate|p2a: Wigglytuff|move: Sticky Web\n|-unboost|p2a: Wigglytuff|spe|1\n|-ability|p2a: Wigglytuff|Competitive|boost\n|-boost|p2a: Wigglytuff|spa|2\n|\n|-heal|p2a: Wigglytuff|218/424|[from] item: Leftovers\n|upkeep\n|turn|26\n|\n|t:|1781389482\n|move|p1a: Gyarados|Dragon Dance|p1a: Gyarados\n|-boost|p1a: Gyarados|atk|1\n|-boost|p1a: Gyarados|spe|1\n|move|p2a: Wigglytuff|Wish|p2a: Wigglytuff\n|\n|-heal|p2a: Wigglytuff|244/424|[from] item: Leftovers\n|upkeep\n|turn|27\n|\n|t:|1781389488\n|move|p1a: Gyarados|Dragon Dance|p1a: Gyarados\n|-boost|p1a: Gyarados|atk|1\n|-boost|p1a: Gyarados|spe|1\n|move|p2a: Wigglytuff|Dazzling Gleam|p1a: Gyarados\n|-damage|p1a: Gyarados|91/280\n|\n|-heal|p2a: Wigglytuff|424/424|[from] move: Wish|[wisher] Wigglytuff\n|upkeep\n|turn|28\n|\n|t:|1781389493\n|move|p1a: Gyarados|Waterfall|p2a: Wigglytuff\n|-damage|p2a: Wigglytuff|189/424\n|move|p2a: Wigglytuff|Dazzling Gleam|p1a: Gyarados\n|-damage|p1a: Gyarados|0 fnt\n|faint|p1a: Gyarados\n|\n|-heal|p2a: Wigglytuff|215/424|[from] item: Leftovers\n|upkeep\n|\n|t:|1781389495\n|switch|p1a: Zamazenta|Zamazenta-Crowned, L68|231/238\n|-damage|p1a: Zamazenta|224/238|[from] Stealth Rock\n|turn|29\n|\n|t:|1781389504\n|switch|p2a: Amoonguss|Amoonguss, L82, F|321/321\n|-activate|p2a: Amoonguss|move: Sticky Web\n|-unboost|p2a: Amoonguss|spe|1\n|move|p1a: Zamazenta|Iron Defense|p1a: Zamazenta\n|-boost|p1a: Zamazenta|def|2\n|\n|upkeep\n|turn|30\n|\n|t:|1781389508\n|move|p1a: Zamazenta|Iron Defense|p1a: Zamazenta\n|-boost|p1a: Zamazenta|def|2\n|move|p2a: Amoonguss|Spore|p1a: Zamazenta\n|-message|Sleep Clause Mod activated.\n|-hint|Sleep Clause Mod prevents players from putting more than one of their opponent's Pok\u00e9mon to sleep at a time\n|\n|upkeep\n|turn|31\n|c|\u2606Muk Muk Goodra|my brain broke\n|\n|t:|1781389523\n|switch|p2a: Wigglytuff|Wigglytuff, L96, F|215/424\n|-activate|p2a: Wigglytuff|move: Sticky Web\n|-unboost|p2a: Wigglytuff|spe|1\n|-ability|p2a: Wigglytuff|Competitive|boost\n|-boost|p2a: Wigglytuff|spa|2\n|move|p1a: Zamazenta|Iron Defense|p1a: Zamazenta\n|-boost|p1a: Zamazenta|def|2\n|\n|-heal|p2a: Wigglytuff|241/424|[from] item: Leftovers\n|upkeep\n|turn|32\n|\n|t:|1781389528\n|move|p1a: Zamazenta|Body Press|p2a: Wigglytuff\n|-damage|p2a: Wigglytuff|0 fnt\n|faint|p2a: Wigglytuff\n|\n|upkeep\n|-message|Muk Muk Goodra forfeited.\n|\n|win|bed burglar\n|raw|bed burglar's rating: 1899 &rarr; <strong>1926</strong><br />(+27 for winning)\n|raw|Muk Muk Goodra's rating: 2022 &rarr; <strong>1995</strong><br />(-27 for losing)\n", "uploadtime": 1781389536, "views": 2, "formatid": "gen9randombattle", "rating": 1926, "private": 0, "password": null}