{"id": "gen9randombattle-2631971651", "format": "[Gen 9] Random Battle", "players": ["rgrgreger", "TheSakman"], "log": "|j|\u2606rgrgreger\n|j|\u2606TheSakman\n|t:|1781461378\n|gametype|singles\n|player|p1|rgrgreger|zinzolin|1938\n|player|p2|TheSakman|ltsurge|1995\n|gen|9\n|tier|[Gen 9] Random Battle\n|rated|\n|rule|Species Clause: Limit one of each Pok\u00e9mon\n|rule|HP Percentage Mod: HP is shown in percentages\n|rule|Sleep Clause Mod: Limit one foe put to sleep\n|rule|Illusion Level Mod: Illusion disguises the Pok\u00e9mon's true level\n|\n|t:|1781461378\n|teamsize|p1|6\n|teamsize|p2|6\n|start\n|switch|p1a: Dragapult|Dragapult, L77, M|262/262\n|switch|p2a: Wyrdeer|Wyrdeer, L87, F|321/321\n|-ability|p2a: Wyrdeer|Intimidate|boost\n|-unboost|p1a: Dragapult|atk|1\n|turn|1\n|inactive|Battle timer is ON: inactive players will automatically lose when time's up. (requested by rgrgreger)\n|j| asdatrolleyboi\n|\n|t:|1781461394\n|switch|p2a: Gouging Fire|Gouging Fire, L74|277/277\n|move|p1a: Dragapult|U-turn|p2a: Gouging Fire\n|-resisted|p2a: Gouging Fire\n|-damage|p2a: Gouging Fire|262/277\n|\n|t:|1781461407\n|switch|p1a: Necrozma|Necrozma, L80|286/286|[from] U-turn\n|\n|upkeep\n|turn|2\n|\n|t:|1781461422\n|move|p2a: Gouging Fire|Dragon Dance|p2a: Gouging Fire\n|-boost|p2a: Gouging Fire|atk|1\n|-boost|p2a: Gouging Fire|spe|1\n|move|p1a: Necrozma|Swords Dance|p1a: Necrozma\n|-boost|p1a: Necrozma|atk|2\n|\n|upkeep\n|turn|3\n|\n|t:|1781461426\n|move|p2a: Gouging Fire|Outrage|p1a: Necrozma\n|-damage|p1a: Necrozma|118/286\n|move|p1a: Necrozma|Photon Geyser|p2a: Gouging Fire\n|-damage|p2a: Gouging Fire|42/277\n|-damage|p1a: Necrozma|90/286|[from] item: Life Orb\n|\n|upkeep\n|turn|4\n|\n|t:|1781461431\n|move|p2a: Gouging Fire|Outrage|p1a: Necrozma|[from] lockedmove\n|-damage|p1a: Necrozma|0 fnt\n|faint|p1a: Necrozma\n|\n|upkeep\n|\n|t:|1781461437\n|switch|p1a: Dedenne|Dedenne, L88, M|261/261\n|turn|5\n|\n|t:|1781461439\n|move|p2a: Gouging Fire|Outrage|p1a: Dedenne|[from] lockedmove\n|-immune|p1a: Dedenne\n|-start|p2a: Gouging Fire|confusion|[fatigue]\n|move|p1a: Dedenne|Dazzling Gleam|p2a: Gouging Fire\n|-damage|p2a: Gouging Fire|0 fnt\n|faint|p2a: Gouging Fire\n|-end|p2a: Gouging Fire|Protosynthesis|[silent]\n|\n|upkeep\n|\n|t:|1781461452\n|switch|p2a: Jolteon|Jolteon, L84, F|246/246\n|turn|6\n|\n|t:|1781461455\n|move|p2a: Jolteon|Calm Mind|p2a: Jolteon\n|-boost|p2a: Jolteon|spa|1\n|-boost|p2a: Jolteon|spd|1\n|move|p1a: Dedenne|Super Fang|p2a: Jolteon\n|-damage|p2a: Jolteon|123/246\n|\n|upkeep\n|turn|7\n|\n|t:|1781461463\n|move|p2a: Jolteon|Calm Mind|p2a: Jolteon\n|-boost|p2a: Jolteon|spa|1\n|-boost|p2a: Jolteon|spd|1\n|move|p1a: Dedenne|Super Fang|p2a: Jolteon\n|-damage|p2a: Jolteon|62/246\n|\n|upkeep\n|turn|8\n|\n|t:|1781461470\n|move|p2a: Jolteon|Calm Mind|p2a: Jolteon\n|-boost|p2a: Jolteon|spa|1\n|-boost|p2a: Jolteon|spd|1\n|move|p1a: Dedenne|Dazzling Gleam|p2a: Jolteon\n|-damage|p2a: Jolteon|32/246\n|\n|upkeep\n|turn|9\n|\n|t:|1781461474\n|move|p2a: Jolteon|Alluring Voice|p1a: Dedenne\n|-damage|p1a: Dedenne|19/261\n|-enditem|p1a: Dedenne|Sitrus Berry|[eat]\n|-heal|p1a: Dedenne|84/261|[from] item: Sitrus Berry\n|-heal|p1a: Dedenne|171/261|[from] ability: Cheek Pouch\n|-damage|p2a: Jolteon|8/246|[from] item: Life Orb\n|move|p1a: Dedenne|Dazzling Gleam|p2a: Jolteon\n|-damage|p2a: Jolteon|0 fnt\n|faint|p2a: Jolteon\n|\n|upkeep\n|\n|t:|1781461481\n|switch|p2a: Flutter Mane|Flutter Mane, L74|203/203\n|turn|10\n|\n|t:|1781461487\n|move|p2a: Flutter Mane|Moonblast|p1a: Dedenne\n|-damage|p1a: Dedenne|8/261\n|-unboost|p1a: Dedenne|spa|1\n|move|p1a: Dedenne|Nuzzle|p2a: Flutter Mane\n|-damage|p2a: Flutter Mane|175/203\n|-status|p2a: Flutter Mane|par\n|\n|upkeep\n|turn|11\n|\n|t:|1781461494\n|move|p1a: Dedenne|Thunderbolt|p2a: Flutter Mane\n|-damage|p2a: Flutter Mane|129/203 par\n|move|p2a: Flutter Mane|Moonblast|p1a: Dedenne\n|-damage|p1a: Dedenne|0 fnt\n|faint|p1a: Dedenne\n|\n|upkeep\n|\n|t:|1781461498\n|switch|p1a: Zacian|Zacian-Crowned, L64|225/225\n|-ability|p1a: Zacian|Intrepid Sword|boost\n|-boost|p1a: Zacian|atk|1\n|turn|12\n|\n|t:|1781461502\n|-end|p2a: Flutter Mane|Protosynthesis|[silent]\n|switch|p2a: Wyrdeer|Wyrdeer, L87, F|321/321\n|-ability|p2a: Wyrdeer|Intimidate|boost\n|-unboost|p1a: Zacian|atk|1\n|move|p1a: Zacian|Swords Dance|p1a: Zacian\n|-boost|p1a: Zacian|atk|2\n|\n|upkeep\n|turn|13\n|\n|t:|1781461507\n|move|p1a: Zacian|Behemoth Blade|p2a: Wyrdeer\n|-damage|p2a: Wyrdeer|114/321\n|move|p2a: Wyrdeer|Thunder Wave|p1a: Zacian\n|-status|p1a: Zacian|par\n|\n|-heal|p2a: Wyrdeer|134/321|[from] item: Leftovers\n|upkeep\n|turn|14\n|\n|t:|1781461511\n|move|p2a: Wyrdeer|Earthquake|p1a: Zacian\n|-supereffective|p1a: Zacian\n|-damage|p1a: Zacian|69/225 par\n|cant|p1a: Zacian|par\n|\n|-heal|p2a: Wyrdeer|154/321|[from] item: Leftovers\n|upkeep\n|turn|15\n|\n|t:|1781461516\n|move|p2a: Wyrdeer|Earthquake|p1a: Zacian\n|-supereffective|p1a: Zacian\n|-damage|p1a: Zacian|0 fnt\n|faint|p1a: Zacian\n|\n|-heal|p2a: Wyrdeer|174/321|[from] item: Leftovers\n|upkeep\n|\n|t:|1781461523\n|switch|p1a: Dragapult|Dragapult, L77, M|262/262\n|turn|16\n|\n|t:|1781461528\n|switch|p2a: Flutter Mane|Flutter Mane, L74|129/203 par\n|move|p1a: Dragapult|Draco Meteor|p2a: Flutter Mane\n|-immune|p2a: Flutter Mane\n|\n|upkeep\n|turn|17\n|\n|t:|1781461533\n|switch|p1a: Skarmory|Skarmory, L80, F|235/235\n|move|p2a: Flutter Mane|Moonblast|p1a: Skarmory\n|-resisted|p1a: Skarmory\n|-damage|p1a: Skarmory|141/235\n|\n|upkeep\n|turn|18\n|\n|t:|1781461541\n|-end|p2a: Flutter Mane|Protosynthesis|[silent]\n|switch|p2a: Walking Wake|Walking Wake, L79|286/286\n|move|p1a: Skarmory|Stealth Rock|p2a: Walking Wake\n|-sidestart|p2: TheSakman|move: Stealth Rock\n|\n|upkeep\n|turn|19\n|\n|t:|1781461549\n|move|p2a: Walking Wake|Flamethrower|p1a: Skarmory\n|-supereffective|p1a: Skarmory\n|-damage|p1a: Skarmory|0 fnt\n|faint|p1a: Skarmory\n|-damage|p2a: Walking Wake|258/286|[from] item: Life Orb\n|\n|upkeep\n|\n|t:|1781461552\n|switch|p1a: Lugia|Lugia, L73|275/275\n|turn|20\n|\n|t:|1781461558\n|-end|p2a: Walking Wake|Protosynthesis|[silent]\n|switch|p2a: Wyrdeer|Wyrdeer, L87, F|174/321\n|-damage|p2a: Wyrdeer|134/321|[from] Stealth Rock\n|-ability|p2a: Wyrdeer|Intimidate|boost\n|-unboost|p1a: Lugia|atk|1\n|move|p1a: Lugia|Calm Mind|p1a: Lugia\n|-boost|p1a: Lugia|spa|1\n|-boost|p1a: Lugia|spd|1\n|\n|-heal|p2a: Wyrdeer|154/321|[from] item: Leftovers\n|upkeep\n|turn|21\n|l| asdatrolleyboi\n|\n|t:|1781461564\n|move|p1a: Lugia|Aeroblast|p2a: Wyrdeer\n|-damage|p2a: Wyrdeer|34/321\n|move|p2a: Wyrdeer|Body Slam|p1a: Lugia\n|-damage|p1a: Lugia|229/275\n|\n|-heal|p2a: Wyrdeer|54/321|[from] item: Leftovers\n|upkeep\n|turn|22\n|\n|t:|1781461569\n|move|p1a: Lugia|Aeroblast|p2a: Wyrdeer\n|-damage|p2a: Wyrdeer|0 fnt\n|faint|p2a: Wyrdeer\n|\n|upkeep\n|\n|t:|1781461572\n|switch|p2a: Tauros|Tauros-Paldea-Aqua, L81, M|252/252\n|-damage|p2a: Tauros|237/252|[from] Stealth Rock\n|turn|23\n|\n|t:|1781461581\n|-terastallize|p2a: Tauros|Water\n|move|p2a: Tauros|Bulk Up|p2a: Tauros\n|-boost|p2a: Tauros|atk|1\n|-boost|p2a: Tauros|def|1\n|move|p1a: Lugia|Psychic Noise|p2a: Tauros\n|-crit|p2a: Tauros\n|-damage|p2a: Tauros|78/252\n|-start|p2a: Tauros|move: Heal Block\n|\n|upkeep\n|turn|24\n|\n|t:|1781461588\n|move|p2a: Tauros|Liquidation|p1a: Lugia\n|-damage|p1a: Lugia|61/275\n|-unboost|p1a: Lugia|def|1\n|move|p1a: Lugia|Psychic Noise|p2a: Tauros\n|-damage|p2a: Tauros|0 fnt\n|faint|p2a: Tauros\n|\n|upkeep\n|\n|t:|1781461598\n|switch|p2a: Flutter Mane|Flutter Mane, L74|129/203 par\n|-damage|p2a: Flutter Mane|104/203 par|[from] Stealth Rock\n|turn|25\n|\n|t:|1781461602\n|move|p1a: Lugia|Aeroblast|p2a: Flutter Mane\n|-crit|p2a: Flutter Mane\n|-damage|p2a: Flutter Mane|0 fnt\n|faint|p2a: Flutter Mane\n|-end|p2a: Flutter Mane|Protosynthesis|[silent]\n|\n|upkeep\n|\n|t:|1781461604\n|switch|p2a: Walking Wake|Walking Wake, L79|258/286\n|-damage|p2a: Walking Wake|223/286|[from] Stealth Rock\n|turn|26\n|\n|t:|1781461607\n|move|p2a: Walking Wake|Sunny Day|p2a: Walking Wake\n|-weather|SunnyDay\n|-activate|p2a: Walking Wake|ability: Protosynthesis\n|-start|p2a: Walking Wake|protosynthesisspa\n|move|p1a: Lugia|Aeroblast|p2a: Walking Wake\n|-damage|p2a: Walking Wake|102/286\n|\n|-weather|SunnyDay|[upkeep]\n|upkeep\n|turn|27\n|\n|t:|1781461613\n|move|p2a: Walking Wake|Flamethrower|p1a: Lugia\n|-damage|p1a: Lugia|0 fnt\n|faint|p1a: Lugia\n|-damage|p2a: Walking Wake|74/286|[from] item: Life Orb\n|\n|-weather|SunnyDay|[upkeep]\n|upkeep\n|\n|t:|1781461622\n|switch|p1a: Dragapult|Dragapult, L77, M|262/262\n|turn|28\n|-message|TheSakman forfeited.\n|\n|win|rgrgreger\n", "uploadtime": 1781461380, "views": 3, "formatid": "gen9randombattle", "rating": null, "private": 0, "password": null}