{"id": "gen9randombattle-2631464237", "format": "[Gen 9] Random Battle", "players": ["supercami", "nickolassbomfim"], "log": "|j|\u2606supercami\n|j|\u2606nickolassbomfim\n|t:|1781387916\n|gametype|singles\n|player|p1|supercami|169|1931\n|player|p2|nickolassbomfim|red-masters|1895\n|gen|9\n|tier|[Gen 9] Random Battle\n|rated|\n|rule|Species Clause: Limit one of each Pok\u00e9mon\n|rule|HP Percentage Mod: HP is shown in percentages\n|rule|Sleep Clause Mod: Limit one foe put to sleep\n|rule|Illusion Level Mod: Illusion disguises the Pok\u00e9mon's true level\n|\n|t:|1781387916\n|teamsize|p1|6\n|teamsize|p2|6\n|start\n|switch|p1a: Mightyena|Mightyena, L96, M|290/290\n|switch|p2a: Manaphy|Manaphy, L78|284/284\n|-ability|p1a: Mightyena|Intimidate|boost\n|-unboost|p2a: Manaphy|atk|1\n|turn|1\n|\n|t:|1781387924\n|move|p2a: Manaphy|Tail Glow|p2a: Manaphy\n|-boost|p2a: Manaphy|spa|3\n|move|p1a: Mightyena|Crunch|p2a: Manaphy\n|-crit|p2a: Manaphy\n|-damage|p2a: Manaphy|70/284\n|\n|-heal|p2a: Manaphy|87/284|[from] item: Leftovers\n|upkeep\n|turn|2\n|\n|t:|1781387929\n|switch|p1a: Tsareena|Tsareena, L87, F|267/267\n|move|p2a: Manaphy|Hydro Pump|p1a: Tsareena\n|-resisted|p1a: Tsareena\n|-damage|p1a: Tsareena|159/267\n|\n|-heal|p2a: Manaphy|104/284|[from] item: Leftovers\n|upkeep\n|turn|3\n|\n|t:|1781387936\n|move|p1a: Tsareena|High Jump Kick|p2a: Manaphy|[miss]\n|-miss|p1a: Tsareena|p2a: Manaphy\n|-damage|p1a: Tsareena|26/267|[from] highjumpkick\n|move|p2a: Manaphy|Ice Beam|p1a: Tsareena\n|-supereffective|p1a: Tsareena\n|-damage|p1a: Tsareena|0 fnt\n|faint|p1a: Tsareena\n|\n|-heal|p2a: Manaphy|121/284|[from] item: Leftovers\n|upkeep\n|\n|t:|1781387939\n|switch|p1a: Deoxys|Deoxys-Attack, L72|191/191\n|-ability|p1a: Deoxys|Pressure\n|turn|4\n|\n|t:|1781387943\n|switch|p2a: Volbeat|Volbeat, L90, M|263/263\n|move|p1a: Deoxys|Superpower|p2a: Volbeat\n|-resisted|p2a: Volbeat\n|-damage|p2a: Volbeat|186/263\n|-unboost|p1a: Deoxys|atk|1\n|-unboost|p1a: Deoxys|def|1\n|-damage|p1a: Deoxys|172/191|[from] item: Life Orb\n|\n|upkeep\n|turn|5\n|\n|t:|1781387948\n|switch|p1a: Granbull|Granbull, L88, M|302/302\n|-ability|p1a: Granbull|Intimidate|boost\n|-unboost|p2a: Volbeat|atk|1\n|move|p2a: Volbeat|Lunge|p1a: Granbull\n|-resisted|p1a: Granbull\n|-crit|p1a: Granbull\n|-damage|p1a: Granbull|242/302\n|-unboost|p1a: Granbull|atk|1\n|\n|-heal|p1a: Granbull|260/302|[from] item: Leftovers\n|upkeep\n|turn|6\n|inactive|Battle timer is ON: inactive players will automatically lose when time's up. (requested by nickolassbomfim)\n|\n|t:|1781387952\n|move|p2a: Volbeat|Thunder Wave|p1a: Granbull\n|-status|p1a: Granbull|par\n|move|p1a: Granbull|Thunder Wave|p2a: Volbeat\n|-status|p2a: Volbeat|par\n|\n|-heal|p1a: Granbull|278/302 par|[from] item: Leftovers\n|upkeep\n|turn|7\n|\n|t:|1781387955\n|move|p2a: Volbeat|Roost|p2a: Volbeat\n|-heal|p2a: Volbeat|263/263 par\n|-singleturn|p2a: Volbeat|move: Roost\n|move|p1a: Granbull|Play Rough|p2a: Volbeat|[miss]\n|-miss|p1a: Granbull|p2a: Volbeat\n|\n|-heal|p1a: Granbull|296/302 par|[from] item: Leftovers\n|upkeep\n|turn|8\n|\n|t:|1781387959\n|switch|p2a: Heatran|Heatran, L79, M|273/273\n|-item|p2a: Heatran|Air Balloon\n|move|p1a: Granbull|Play Rough|p2a: Heatran\n|-resisted|p2a: Heatran\n|-damage|p2a: Heatran|256/273\n|-enditem|p2a: Heatran|Air Balloon\n|\n|-heal|p1a: Granbull|302/302 par|[from] item: Leftovers\n|upkeep\n|turn|9\n|\n|t:|1781387964\n|-terastallize|p1a: Granbull|Ground\n|move|p2a: Heatran|Stealth Rock|p1a: Granbull\n|-sidestart|p1: supercami|move: Stealth Rock\n|cant|p1a: Granbull|par\n|\n|upkeep\n|turn|10\n|\n|t:|1781387976\n|move|p2a: Heatran|Heavy Slam|p1a: Granbull\n|-damage|p1a: Granbull|185/302 par\n|move|p1a: Granbull|Earthquake|p2a: Heatran\n|-supereffective|p2a: Heatran\n|-damage|p2a: Heatran|0 fnt\n|faint|p2a: Heatran\n|\n|-heal|p1a: Granbull|203/302 par|[from] item: Leftovers\n|upkeep\n|\n|t:|1781387979\n|switch|p2a: Volcanion|Volcanion, L79|255/255\n|turn|11\n|\n|t:|1781387988\n|switch|p1a: Lunala|Lunala, L70|308/308\n|-damage|p1a: Lunala|270/308|[from] Stealth Rock\n|move|p2a: Volcanion|Steam Eruption|p1a: Lunala\n|-damage|p1a: Lunala|77/308\n|-status|p1a: Lunala|brn\n|\n|-heal|p1a: Lunala|96/308 brn|[from] item: Leftovers\n|-damage|p1a: Lunala|77/308 brn|[from] brn\n|upkeep\n|turn|12\n|\n|t:|1781387993\n|move|p1a: Lunala|Moongeist Beam|p2a: Volcanion\n|-damage|p2a: Volcanion|141/255\n|move|p2a: Volcanion|Steam Eruption|p1a: Lunala\n|-damage|p1a: Lunala|0 fnt\n|faint|p1a: Lunala\n|\n|upkeep\n|\n|t:|1781387997\n|switch|p1a: Deoxys|Deoxys-Attack, L72|172/191\n|-damage|p1a: Deoxys|149/191|[from] Stealth Rock\n|-ability|p1a: Deoxys|Pressure\n|turn|13\n|\n|t:|1781388003\n|switch|p2a: Solgaleo|Solgaleo, L74|325/325\n|move|p1a: Deoxys|Psycho Boost|p2a: Solgaleo\n|-resisted|p2a: Solgaleo\n|-damage|p2a: Solgaleo|260/325\n|-unboost|p1a: Deoxys|spa|2\n|-damage|p1a: Deoxys|130/191|[from] item: Life Orb\n|\n|upkeep\n|turn|14\n|\n|t:|1781388009\n|switch|p1a: Granbull|Granbull, L88, M, tera:Ground|203/302 par\n|-damage|p1a: Granbull|185/302 par|[from] Stealth Rock\n|-ability|p1a: Granbull|Intimidate|boost\n|-fail|p2a: Solgaleo|unboost|[from] ability: Full Metal Body|[of] p2a: Solgaleo\n|move|p2a: Solgaleo|Knock Off|p1a: Granbull\n|-damage|p1a: Granbull|108/302 par\n|-enditem|p1a: Granbull|Leftovers|[from] move: Knock Off|[of] p2a: Solgaleo\n|\n|upkeep\n|turn|15\n|\n|t:|1781388012\n|move|p2a: Solgaleo|Sunsteel Strike|p1a: Granbull\n|-damage|p1a: Granbull|0 fnt\n|faint|p1a: Granbull\n|\n|upkeep\n|\n|t:|1781388014\n|switch|p1a: Mightyena|Mightyena, L96, M|290/290\n|-damage|p1a: Mightyena|254/290|[from] Stealth Rock\n|-ability|p1a: Mightyena|Intimidate|boost\n|-fail|p2a: Solgaleo|unboost|[from] ability: Full Metal Body|[of] p2a: Solgaleo\n|turn|16\n|\n|t:|1781388027\n|-terastallize|p2a: Solgaleo|Water\n|move|p1a: Mightyena|Crunch|p2a: Solgaleo\n|-damage|p2a: Solgaleo|110/325\n|-damage|p1a: Mightyena|206/290|[from] item: Rocky Helmet|[of] p2a: Solgaleo\n|move|p2a: Solgaleo|Knock Off|p1a: Mightyena\n|-resisted|p1a: Mightyena\n|-damage|p1a: Mightyena|168/290\n|-enditem|p1a: Mightyena|Choice Band|[from] move: Knock Off|[of] p2a: Solgaleo\n|\n|upkeep\n|turn|17\n|\n|t:|1781388034\n|move|p1a: Mightyena|Crunch|p2a: Solgaleo\n|-damage|p2a: Solgaleo|16/325\n|-damage|p1a: Mightyena|120/290|[from] item: Rocky Helmet|[of] p2a: Solgaleo\n|move|p2a: Solgaleo|Morning Sun|p2a: Solgaleo\n|-heal|p2a: Solgaleo|178/325\n|\n|upkeep\n|turn|18\n|\n|t:|1781388039\n|switch|p1a: Ribombee|Ribombee, L83, M|235/235\n|move|p2a: Solgaleo|Morning Sun|p2a: Solgaleo\n|-heal|p2a: Solgaleo|325/325\n|\n|upkeep\n|turn|19\n|\n|t:|1781388043\n|move|p1a: Ribombee|Stun Spore|p2a: Solgaleo\n|-status|p2a: Solgaleo|par\n|move|p2a: Solgaleo|Sunsteel Strike|p1a: Ribombee\n|-supereffective|p1a: Ribombee\n|-crit|p1a: Ribombee\n|-damage|p1a: Ribombee|0 fnt\n|faint|p1a: Ribombee\n|\n|upkeep\n|-message|supercami forfeited.\n|\n|win|nickolassbomfim\n|raw|supercami's rating: 1931 &rarr; <strong>1909</strong><br />(-22 for losing)\n|raw|nickolassbomfim's rating: 1895 &rarr; <strong>1917</strong><br />(+22 for winning)\n", "uploadtime": 1781388048, "views": 5, "formatid": "gen9randombattle", "rating": 1909, "private": 0, "password": null}