{"id": "gen9randombattle-2631888150", "format": "[Gen 9] Random Battle", "players": ["Vegeta's Hairlinee", "f91swdg"], "log": "|j|\u2606Vegeta's Hairlinee\n|j|\u2606f91swdg\n|t:|1781452272\n|gametype|singles\n|player|p1|Vegeta's Hairlinee|266|2244\n|player|p2|f91swdg|biker-gen4|2213\n|gen|9\n|tier|[Gen 9] Random Battle\n|rated|\n|rule|Species Clause: Limit one of each Pok\u00e9mon\n|rule|HP Percentage Mod: HP is shown in percentages\n|rule|Sleep Clause Mod: Limit one foe put to sleep\n|rule|Illusion Level Mod: Illusion disguises the Pok\u00e9mon's true level\n|\n|t:|1781452272\n|teamsize|p1|6\n|teamsize|p2|6\n|start\n|switch|p1a: Dodrio|Dodrio, L85, F|241/241\n|switch|p2a: Arceus|Arceus-Rock, L74|300/300\n|turn|1\n|inactive|Battle timer is ON: inactive players will automatically lose when time's up. (requested by f91swdg)\n|\n|t:|1781452292\n|switch|p1a: Hypno|Hypno, L95, M|315/315\n|move|p2a: Arceus|Judgment|p1a: Hypno\n|-damage|p1a: Hypno|224/315\n|\n|-heal|p1a: Hypno|243/315|[from] item: Leftovers\n|upkeep\n|turn|2\n|\n|t:|1781452309\n|switch|p2a: Toxapex|Toxapex, L82, F|216/216\n|move|p1a: Hypno|Toxic|p2a: Toxapex\n|-immune|p2a: Toxapex\n|\n|-heal|p1a: Hypno|262/315|[from] item: Leftovers\n|upkeep\n|turn|3\n|\n|t:|1781452330\n|switch|p2a: Weavile|Weavile, L79, M|239/239\n|-terastallize|p1a: Hypno|Steel\n|move|p1a: Hypno|Psychic Noise|p2a: Weavile\n|-immune|p2a: Weavile\n|\n|-heal|p1a: Hypno|281/315|[from] item: Leftovers\n|upkeep\n|turn|4\n|\n|t:|1781452352\n|switch|p1a: Beartic|Beartic, L91, F|321/321\n|move|p2a: Weavile|Knock Off|p1a: Beartic\n|-damage|p1a: Beartic|161/321\n|-enditem|p1a: Beartic|Heavy-Duty Boots|[from] move: Knock Off|[of] p2a: Weavile\n|\n|upkeep\n|turn|5\n|\n|t:|1781452362\n|switch|p1a: Hypno|Hypno, L95, M, tera:Steel|281/315\n|move|p2a: Weavile|Knock Off|p1a: Hypno\n|-damage|p1a: Hypno|127/315\n|-enditem|p1a: Hypno|Leftovers|[from] move: Knock Off|[of] p2a: Weavile\n|\n|upkeep\n|turn|6\n|-message|Vegeta's Hairlinee forfeited.\n|\n|win|f91swdg\n", "uploadtime": 1781452273, "views": 9, "formatid": "gen9randombattle", "rating": null, "private": 0, "password": null}