{"id": "gen9randombattle-2631424778", "format": "[Gen 9] Random Battle", "players": ["thunderbum", "count.slapula"], "log": "|j|\u2606thunderbum\n|j|\u2606count.slapula\n|t:|1781383022\n|gametype|singles\n|player|p1|thunderbum|roughneck|1539\n|player|p2|count.slapula|youngster-gen1rb|1546\n|gen|9\n|tier|[Gen 9] Random Battle\n|rated|\n|rule|Species Clause: Limit one of each Pok\u00e9mon\n|rule|HP Percentage Mod: HP is shown in percentages\n|rule|Sleep Clause Mod: Limit one foe put to sleep\n|rule|Illusion Level Mod: Illusion disguises the Pok\u00e9mon's true level\n|\n|t:|1781383022\n|teamsize|p1|6\n|teamsize|p2|6\n|start\n|switch|p1a: Toucannon|Toucannon, L88, F|284/284\n|switch|p2a: Pelipper|Pelipper, L86, M|243/243\n|-weather|RainDance|[from] ability: Drizzle|[of] p2a: Pelipper\n|turn|1\n|\n|t:|1781383036\n|switch|p1a: Tyranitar|Tyranitar, L78, M|284/284\n|-weather|Sandstorm|[from] ability: Sand Stream|[of] p1a: Tyranitar\n|move|p2a: Pelipper|Hurricane|p1a: Tyranitar\n|-resisted|p1a: Tyranitar\n|-damage|p1a: Tyranitar|245/284\n|\n|-weather|Sandstorm|[upkeep]\n|-damage|p2a: Pelipper|228/243|[from] Sandstorm\n|-heal|p1a: Tyranitar|262/284|[from] item: Leftovers\n|upkeep\n|turn|2\n|\n|t:|1781383055\n|switch|p2a: Brambleghast|Brambleghast, L88, F|240/240\n|move|p1a: Tyranitar|Stealth Rock|p2a: Brambleghast\n|-sidestart|p2: count.slapula|move: Stealth Rock\n|\n|-weather|Sandstorm|[upkeep]\n|-damage|p2a: Brambleghast|225/240|[from] Sandstorm\n|-heal|p1a: Tyranitar|279/284|[from] item: Leftovers\n|upkeep\n|turn|3\n|inactive|Battle timer is ON: inactive players will automatically lose when time's up. (requested by thunderbum)\n|\n|t:|1781383098\n|switch|p1a: Gouging Fire|Gouging Fire, L74|277/277\n|move|p2a: Brambleghast|Rapid Spin|p1a: Gouging Fire\n|-damage|p1a: Gouging Fire|238/277\n|-boost|p2a: Brambleghast|spe|1\n|-sideend|p2: count.slapula|Stealth Rock|[from] move: Rapid Spin|[of] p2a: Brambleghast\n|\n|-weather|Sandstorm|[upkeep]\n|-damage|p2a: Brambleghast|210/240|[from] Sandstorm\n|-damage|p1a: Gouging Fire|221/277|[from] Sandstorm\n|upkeep\n|turn|4\n|\n|t:|1781383112\n|switch|p2a: Pelipper|Pelipper, L86, M|228/243\n|-weather|RainDance|[from] ability: Drizzle|[of] p2a: Pelipper\n|move|p1a: Gouging Fire|Dragon Dance|p1a: Gouging Fire\n|-boost|p1a: Gouging Fire|atk|1\n|-boost|p1a: Gouging Fire|spe|1\n|\n|-weather|RainDance|[upkeep]\n|upkeep\n|turn|5\n|\n|t:|1781383123\n|move|p1a: Gouging Fire|Outrage|p2a: Pelipper\n|-damage|p2a: Pelipper|65/243\n|move|p2a: Pelipper|Hurricane|p1a: Gouging Fire\n|-damage|p1a: Gouging Fire|86/277\n|-start|p1a: Gouging Fire|confusion\n|\n|-weather|RainDance|[upkeep]\n|upkeep\n|turn|6\n|\n|t:|1781383134\n|-activate|p1a: Gouging Fire|confusion\n|move|p1a: Gouging Fire|Outrage|p2a: Pelipper|[from] lockedmove\n|-damage|p2a: Pelipper|0 fnt\n|faint|p2a: Pelipper\n|\n|-weather|RainDance|[upkeep]\n|upkeep\n|\n|t:|1781383139\n|switch|p2a: Kyogre|Kyogre, L71|259/259\n|turn|7\n|\n|t:|1781383156\n|switch|p2a: Brambleghast|Brambleghast, L88, F|210/240\n|-end|p1a: Gouging Fire|confusion\n|move|p1a: Gouging Fire|Outrage|p2a: Brambleghast\n|-damage|p2a: Brambleghast|17/240\n|\n|-weather|RainDance|[upkeep]\n|upkeep\n|turn|8\n|\n|t:|1781383166\n|-terastallize|p2a: Brambleghast|Fairy\n|move|p1a: Gouging Fire|Outrage|p2a: Brambleghast|[from] lockedmove\n|-immune|p2a: Brambleghast\n|-start|p1a: Gouging Fire|confusion|[fatigue]\n|move|p2a: Brambleghast|Poltergeist|p1a: Gouging Fire\n|-activate|p1a: Gouging Fire|move: Poltergeist|Heavy-Duty Boots\n|-damage|p1a: Gouging Fire|0 fnt\n|faint|p1a: Gouging Fire\n|-end|p1a: Gouging Fire|Protosynthesis|[silent]\n|\n|-weather|none\n|upkeep\n|inactive|thunderbum has 120 seconds left.\n|\n|t:|1781383196\n|switch|p1a: Cinderace|Cinderace, L77, M|249/249\n|turn|9\n|\n|t:|1781383219\n|move|p1a: Cinderace|U-turn|p2a: Brambleghast\n|-start|p1a: Cinderace|typechange|Bug|[from] ability: Libero\n|-resisted|p2a: Brambleghast\n|-damage|p2a: Brambleghast|0 fnt\n|faint|p2a: Brambleghast\n|\n|t:|1781383233\n|switch|p1a: Reuniclus|Reuniclus, L88, M|337/337|[from] U-turn\n|\n|upkeep\n|inactive|count.slapula has 120 seconds left.\n|\n|t:|1781383259\n|switch|p2a: Ting-Lu|Ting-Lu, L78|370/370\n|-ability|p2a: Ting-Lu|Vessel of Ruin\n|turn|10\n|inactive|count.slapula has 120 seconds left.\n|\n|t:|1781383274\n|move|p2a: Ting-Lu|Ruination|p1a: Reuniclus\n|-damage|p1a: Reuniclus|169/337\n|move|p1a: Reuniclus|Focus Blast|p2a: Ting-Lu\n|-supereffective|p2a: Ting-Lu\n|-damage|p2a: Ting-Lu|185/370\n|\n|upkeep\n|turn|11\n|inactive|count.slapula has 120 seconds left.\n|\n|t:|1781383283\n|move|p2a: Ting-Lu|Ruination|p1a: Reuniclus\n|-damage|p1a: Reuniclus|85/337\n|move|p1a: Reuniclus|Recover|p1a: Reuniclus\n|-heal|p1a: Reuniclus|254/337\n|\n|upkeep\n|turn|12\n|\n|t:|1781383291\n|move|p2a: Ting-Lu|Ruination|p1a: Reuniclus\n|-damage|p1a: Reuniclus|127/337\n|move|p1a: Reuniclus|Calm Mind|p1a: Reuniclus\n|-boost|p1a: Reuniclus|spa|1\n|-boost|p1a: Reuniclus|spd|1\n|\n|upkeep\n|turn|13\n|\n|t:|1781383303\n|move|p2a: Ting-Lu|Payback|p1a: Reuniclus\n|-supereffective|p1a: Reuniclus\n|-damage|p1a: Reuniclus|11/337\n|move|p1a: Reuniclus|Recover|p1a: Reuniclus\n|-heal|p1a: Reuniclus|180/337\n|\n|upkeep\n|turn|14\n|\n|t:|1781383310\n|move|p2a: Ting-Lu|Payback|p1a: Reuniclus\n|-supereffective|p1a: Reuniclus\n|-damage|p1a: Reuniclus|70/337\n|move|p1a: Reuniclus|Recover|p1a: Reuniclus\n|-heal|p1a: Reuniclus|239/337\n|\n|upkeep\n|turn|15\n|\n|t:|1781383318\n|move|p2a: Ting-Lu|Ruination|p1a: Reuniclus\n|-damage|p1a: Reuniclus|120/337\n|move|p1a: Reuniclus|Focus Blast|p2a: Ting-Lu\n|-supereffective|p2a: Ting-Lu\n|-damage|p2a: Ting-Lu|0 fnt\n|faint|p2a: Ting-Lu\n|\n|upkeep\n|\n|t:|1781383324\n|switch|p2a: Lunala|Lunala, L70|308/308\n|turn|16\n|\n|t:|1781383332\n|move|p2a: Lunala|Moongeist Beam|p1a: Reuniclus\n|-supereffective|p1a: Reuniclus\n|-damage|p1a: Reuniclus|0 fnt\n|faint|p1a: Reuniclus\n|\n|upkeep\n|\n|t:|1781383350\n|switch|p1a: Tyranitar|Tyranitar, L78, M|279/284\n|-weather|Sandstorm|[from] ability: Sand Stream|[of] p1a: Tyranitar\n|turn|17\n|\n|t:|1781383363\n|switch|p2a: Goodra|Goodra-Hisui, L82, M|265/265\n|move|p1a: Tyranitar|Thunder Wave|p2a: Goodra\n|-status|p2a: Goodra|par\n|\n|-weather|Sandstorm|[upkeep]\n|-heal|p1a: Tyranitar|284/284|[from] item: Leftovers\n|upkeep\n|turn|18\n|\n|t:|1781383381\n|move|p1a: Tyranitar|Knock Off|p2a: Goodra\n|-damage|p2a: Goodra|148/265 par\n|-enditem|p2a: Goodra|Assault Vest|[from] move: Knock Off|[of] p1a: Tyranitar\n|move|p2a: Goodra|Hydro Pump|p1a: Tyranitar|[miss]\n|-miss|p2a: Goodra|p1a: Tyranitar\n|\n|-weather|Sandstorm|[upkeep]\n|upkeep\n|turn|19\n|inactive|thunderbum has 120 seconds left.\n|\n|t:|1781383408\n|switch|p1a: Comfey|Comfey, L85, F|225/225\n|move|p2a: Goodra|Hydro Pump|p1a: Comfey\n|-damage|p1a: Comfey|154/225\n|\n|-weather|Sandstorm|[upkeep]\n|-damage|p1a: Comfey|140/225|[from] Sandstorm\n|-heal|p1a: Comfey|154/225|[from] item: Leftovers\n|upkeep\n|turn|20\n|inactive|thunderbum has 120 seconds left.\n|\n|t:|1781383420\n|move|p1a: Comfey|Calm Mind|p1a: Comfey\n|-boost|p1a: Comfey|spa|1\n|-boost|p1a: Comfey|spd|1\n|move|p2a: Goodra|Heavy Slam|p1a: Comfey\n|-supereffective|p1a: Comfey\n|-damage|p1a: Comfey|0 fnt\n|faint|p1a: Comfey\n|\n|-weather|Sandstorm|[upkeep]\n|upkeep\n|inactive|thunderbum has 120 seconds left.\n|\n|t:|1781383430\n|switch|p1a: Cinderace|Cinderace, L77, M|249/249\n|turn|21\n|\n|t:|1781383436\n|move|p1a: Cinderace|Pyro Ball|p2a: Goodra\n|-damage|p2a: Goodra|28/265 par\n|move|p2a: Goodra|Earthquake|p1a: Cinderace\n|-supereffective|p1a: Cinderace\n|-damage|p1a: Cinderace|73/249\n|\n|-weather|none\n|upkeep\n|turn|22\n|\n|t:|1781383444\n|move|p1a: Cinderace|Pyro Ball|p2a: Goodra\n|-damage|p2a: Goodra|0 fnt\n|faint|p2a: Goodra\n|\n|upkeep\n|\n|t:|1781383448\n|switch|p2a: Kyogre|Kyogre, L71|259/259\n|-weather|RainDance|[from] ability: Drizzle|[of] p2a: Kyogre\n|turn|23\n|\n|t:|1781383464\n|-terastallize|p1a: Cinderace|Fighting\n|move|p2a: Kyogre|Water Spout|p1a: Cinderace\n|-damage|p1a: Cinderace|0 fnt\n|faint|p1a: Cinderace\n|\n|-weather|RainDance|[upkeep]\n|upkeep\n|\n|t:|1781383472\n|switch|p1a: Tyranitar|Tyranitar, L78, M|284/284\n|-weather|Sandstorm|[from] ability: Sand Stream|[of] p1a: Tyranitar\n|turn|24\n|\n|t:|1781383482\n|switch|p2a: Lunala|Lunala, L70|308/308\n|move|p1a: Tyranitar|Knock Off|p2a: Lunala\n|-supereffective|p2a: Lunala\n|-damage|p2a: Lunala|38/308\n|-enditem|p2a: Lunala|Leftovers|[from] move: Knock Off|[of] p1a: Tyranitar\n|\n|-weather|Sandstorm|[upkeep]\n|-damage|p2a: Lunala|19/308|[from] Sandstorm\n|upkeep\n|turn|25\n|\n|t:|1781383497\n|switch|p1a: Toucannon|Toucannon, L88, F|284/284\n|move|p2a: Lunala|Moonlight|p2a: Lunala\n|-heal|p2a: Lunala|96/308\n|\n|-weather|Sandstorm|[upkeep]\n|-damage|p2a: Lunala|77/308|[from] Sandstorm\n|-damage|p1a: Toucannon|267/284|[from] Sandstorm\n|upkeep\n|turn|26\n|\n|t:|1781383507\n|move|p2a: Lunala|Psyshock|p1a: Toucannon\n|-damage|p1a: Toucannon|183/284\n|move|p1a: Toucannon|Knock Off|p2a: Lunala\n|-supereffective|p2a: Lunala\n|-damage|p2a: Lunala|0 fnt\n|faint|p2a: Lunala\n|\n|-weather|Sandstorm|[upkeep]\n|-damage|p1a: Toucannon|166/284|[from] Sandstorm\n|upkeep\n|\n|t:|1781383512\n|switch|p2a: Kyogre|Kyogre, L71|259/259\n|-weather|RainDance|[from] ability: Drizzle|[of] p2a: Kyogre\n|turn|27\n|\n|t:|1781383522\n|move|p2a: Kyogre|Water Spout|p1a: Toucannon\n|-damage|p1a: Toucannon|0 fnt\n|faint|p1a: Toucannon\n|\n|-weather|RainDance|[upkeep]\n|upkeep\n|\n|t:|1781383529\n|switch|p1a: Tyranitar|Tyranitar, L78, M|284/284\n|-weather|Sandstorm|[from] ability: Sand Stream|[of] p1a: Tyranitar\n|turn|28\n|\n|t:|1781383536\n|move|p2a: Kyogre|Water Spout|p1a: Tyranitar\n|-supereffective|p1a: Tyranitar\n|-damage|p1a: Tyranitar|56/284\n|move|p1a: Tyranitar|Knock Off|p2a: Kyogre\n|-damage|p2a: Kyogre|114/259\n|-enditem|p2a: Kyogre|Choice Scarf|[from] move: Knock Off|[of] p1a: Tyranitar\n|\n|-weather|Sandstorm|[upkeep]\n|-damage|p2a: Kyogre|98/259|[from] Sandstorm\n|-heal|p1a: Tyranitar|73/284|[from] item: Leftovers\n|upkeep\n|turn|29\n|\n|t:|1781383548\n|move|p2a: Kyogre|Origin Pulse|p1a: Tyranitar\n|-supereffective|p1a: Tyranitar\n|-damage|p1a: Tyranitar|0 fnt\n|faint|p1a: Tyranitar\n|\n|win|count.slapula\n|raw|thunderbum's rating: 1539 &rarr; <strong>1519</strong><br />(-20 for losing)\n|raw|count.slapula's rating: 1546 &rarr; <strong>1566</strong><br />(+20 for winning)\n", "uploadtime": 1781383551, "views": 8, "formatid": "gen9randombattle", "rating": 1519, "private": 0, "password": null}