{"id": "gen9randombattle-2631536123", "format": "[Gen 9] Random Battle", "players": ["facund0caballerou", "Gabriel el el el"], "log": "|j|\u2606facund0caballerou\n|j|\u2606Gabriel el el el\n|t:|1781398050\n|gametype|singles\n|player|p1|facund0caballerou|red|1040\n|player|p2|Gabriel el el el|265|1069\n|gen|9\n|tier|[Gen 9] Random Battle\n|rated|\n|rule|Species Clause: Limit one of each Pok\u00e9mon\n|rule|HP Percentage Mod: HP is shown in percentages\n|rule|Sleep Clause Mod: Limit one foe put to sleep\n|rule|Illusion Level Mod: Illusion disguises the Pok\u00e9mon's true level\n|\n|t:|1781398050\n|teamsize|p1|6\n|teamsize|p2|6\n|start\n|switch|p1a: Arboliva|Arboliva, L91, M|288/288\n|switch|p2a: Heracross|Heracross, L80, F|259/259\n|turn|1\n|\n|t:|1781398064\n|move|p2a: Heracross|Megahorn|p1a: Arboliva\n|-supereffective|p1a: Arboliva\n|-damage|p1a: Arboliva|0 fnt\n|faint|p1a: Arboliva\n|-ability|p2a: Heracross|Moxie|boost\n|-boost|p2a: Heracross|atk|1\n|\n|upkeep\n|\n|t:|1781398075\n|switch|p1a: Krookodile|Krookodile, L79, F|280/280\n|-ability|p1a: Krookodile|Intimidate|boost\n|-unboost|p2a: Heracross|atk|1\n|turn|2\n|\n|t:|1781398090\n|move|p1a: Krookodile|Bulk Up|p1a: Krookodile\n|-boost|p1a: Krookodile|atk|1\n|-boost|p1a: Krookodile|def|1\n|move|p2a: Heracross|Megahorn|p1a: Krookodile\n|-supereffective|p1a: Krookodile\n|-damage|p1a: Krookodile|0 fnt\n|faint|p1a: Krookodile\n|-ability|p2a: Heracross|Moxie|boost\n|-boost|p2a: Heracross|atk|1\n|\n|upkeep\n|\n|t:|1781398101\n|switch|p1a: Lumineon|Lumineon, L93, F|279/279\n|turn|3\n|\n|t:|1781398111\n|-terastallize|p2a: Heracross|Bug\n|move|p1a: Lumineon|Ice Beam|p2a: Heracross\n|-damage|p2a: Heracross|180/259\n|-damage|p1a: Lumineon|252/279|[from] item: Life Orb\n|move|p2a: Heracross|Megahorn|p1a: Lumineon\n|-damage|p1a: Lumineon|0 fnt\n|faint|p1a: Lumineon\n|-ability|p2a: Heracross|Moxie|boost\n|-boost|p2a: Heracross|atk|1\n|\n|upkeep\n|\n|t:|1781398124\n|switch|p1a: Snorlax|Snorlax, L82, M|397/397\n|turn|4\n|\n|t:|1781398132\n|move|p2a: Heracross|Megahorn|p1a: Snorlax\n|-damage|p1a: Snorlax|0 fnt\n|faint|p1a: Snorlax\n|-ability|p2a: Heracross|Moxie|boost\n|-boost|p2a: Heracross|atk|1\n|\n|upkeep\n|\n|t:|1781398139\n|switch|p1a: Passimian|Passimian, L83, M|302/302\n|turn|5\n|l|\u2606Gabriel el el el\n|player|p2|\n|j|\u2606Gabriel el el el\n|player|p2|Gabriel el el el|265|\n|\n|t:|1781398173\n|move|p2a: Heracross|Megahorn|p1a: Passimian\n|-resisted|p1a: Passimian\n|-damage|p1a: Passimian|0 fnt\n|faint|p1a: Passimian\n|-ability|p2a: Heracross|Moxie|boost\n|-boost|p2a: Heracross|atk|1\n|\n|upkeep\n|\n|t:|1781398180\n|switch|p1a: Sandslash|Sandslash, L89, F|278/278\n|turn|6\n|\n|t:|1781398189\n|-terastallize|p1a: Sandslash|Steel\n|move|p2a: Heracross|Megahorn|p1a: Sandslash\n|-resisted|p1a: Sandslash\n|-damage|p1a: Sandslash|0 fnt\n|faint|p1a: Sandslash\n|\n|win|Gabriel el el el\n|raw|facund0caballerou's rating: 1040 &rarr; <strong>1025</strong><br />(-15 for losing)\n|raw|Gabriel el el el's rating: 1069 &rarr; <strong>1096</strong><br />(+27 for winning)\n", "uploadtime": 1781398198, "views": 4, "formatid": "gen9randombattle", "rating": 1025, "private": 0, "password": null}