{"id": "gen9randombattle-2631539919", "format": "[Gen 9] Random Battle", "players": ["azztheddicaff", "SoCapable"], "log": "|j|\u2606azztheddicaff\n|j|\u2606SoCapable\n|t:|1781398569\n|gametype|singles\n|player|p1|azztheddicaff|265|2102\n|player|p2|SoCapable|silver|2193\n|gen|9\n|tier|[Gen 9] Random Battle\n|rated|\n|rule|Species Clause: Limit one of each Pok\u00e9mon\n|rule|HP Percentage Mod: HP is shown in percentages\n|rule|Sleep Clause Mod: Limit one foe put to sleep\n|rule|Illusion Level Mod: Illusion disguises the Pok\u00e9mon's true level\n|\n|t:|1781398569\n|teamsize|p1|6\n|teamsize|p2|6\n|start\n|switch|p1a: Zarude|Zarude-Dada, L77|288/288\n|switch|p2a: Conkeldurr|Conkeldurr, L80, M|299/299\n|turn|1\n|\n|t:|1781398579\n|move|p1a: Zarude|Knock Off|p2a: Conkeldurr\n|-resisted|p2a: Conkeldurr\n|-damage|p2a: Conkeldurr|230/299\n|-enditem|p2a: Conkeldurr|Flame Orb|[from] move: Knock Off|[of] p1a: Zarude\n|-damage|p1a: Zarude|260/288|[from] item: Life Orb\n|move|p2a: Conkeldurr|Knock Off|p1a: Zarude\n|-resisted|p1a: Zarude\n|-damage|p1a: Zarude|220/288\n|-enditem|p1a: Zarude|Life Orb|[from] move: Knock Off|[of] p2a: Conkeldurr\n|\n|upkeep\n|turn|2\n|\n|t:|1781398584\n|switch|p1a: Moltres|Moltres, L81|278/278\n|move|p2a: Conkeldurr|Knock Off|p1a: Moltres\n|-damage|p1a: Moltres|190/278\n|-status|p2a: Conkeldurr|brn|[from] ability: Flame Body|[of] p1a: Moltres\n|-enditem|p1a: Moltres|Heavy-Duty Boots|[from] move: Knock Off|[of] p2a: Conkeldurr\n|\n|-damage|p2a: Conkeldurr|212/299 brn|[from] brn\n|upkeep\n|turn|3\n|\n|t:|1781398592\n|switch|p2a: Swanna|Swanna, L89, F|278/278\n|move|p1a: Moltres|Brave Bird|p2a: Swanna\n|-damage|p2a: Swanna|137/278\n|-damage|p1a: Moltres|143/278|[from] Recoil\n|\n|upkeep\n|turn|4\n|\n|t:|1781398597\n|switch|p1a: Meloetta|Meloetta, L82|298/298\n|move|p2a: Swanna|Hydro Pump|p1a: Meloetta\n|-damage|p1a: Meloetta|201/298\n|\n|-heal|p1a: Meloetta|219/298|[from] item: Leftovers\n|upkeep\n|turn|5\n|inactive|Battle timer is ON: inactive players will automatically lose when time's up. (requested by SoCapable)\n|inactive|azztheddicaff also wants the timer to be on.\n|\n|t:|1781398612\n|switch|p2a: Conkeldurr|Conkeldurr, L80, M|212/299 brn\n|move|p1a: Meloetta|Hyper Voice|p2a: Conkeldurr\n|-damage|p2a: Conkeldurr|61/299 brn\n|\n|-heal|p1a: Meloetta|237/298|[from] item: Leftovers\n|-damage|p2a: Conkeldurr|43/299 brn|[from] brn\n|upkeep\n|turn|6\n|\n|t:|1781398618\n|move|p2a: Conkeldurr|Mach Punch|p1a: Meloetta\n|-damage|p1a: Meloetta|149/298\n|move|p1a: Meloetta|Hyper Voice|p2a: Conkeldurr\n|-damage|p2a: Conkeldurr|0 fnt\n|faint|p2a: Conkeldurr\n|\n|-heal|p1a: Meloetta|167/298|[from] item: Leftovers\n|upkeep\n|\n|t:|1781398624\n|switch|p2a: Venomoth|Venomoth, L84, M|255/255\n|turn|7\n|\n|t:|1781398630\n|move|p2a: Venomoth|Sleep Powder|p1a: Meloetta\n|-status|p1a: Meloetta|slp|[from] move: Sleep Powder\n|cant|p1a: Meloetta|slp\n|\n|-heal|p1a: Meloetta|185/298 slp|[from] item: Leftovers\n|upkeep\n|turn|8\n|\n|t:|1781398634\n|switch|p1a: Moltres|Moltres, L81|143/278\n|move|p2a: Venomoth|Quiver Dance|p2a: Venomoth\n|-boost|p2a: Venomoth|spa|1\n|-boost|p2a: Venomoth|spd|1\n|-boost|p2a: Venomoth|spe|1\n|\n|upkeep\n|turn|9\n|\n|t:|1781398642\n|-terastallize|p1a: Moltres|Steel\n|move|p2a: Venomoth|Sludge Wave|p1a: Moltres\n|-immune|p1a: Moltres\n|move|p1a: Moltres|Brave Bird|p2a: Venomoth\n|-supereffective|p2a: Venomoth\n|-damage|p2a: Venomoth|0 fnt\n|faint|p2a: Venomoth\n|-damage|p1a: Moltres|59/278|[from] Recoil\n|\n|upkeep\n|\n|t:|1781398651\n|switch|p2a: Tyranitar|Tyranitar, L78, F|284/284\n|-weather|Sandstorm|[from] ability: Sand Stream|[of] p2a: Tyranitar\n|turn|10\n|\n|t:|1781398663\n|move|p1a: Moltres|Will-O-Wisp|p2a: Tyranitar\n|-status|p2a: Tyranitar|brn\n|move|p2a: Tyranitar|Dragon Dance|p2a: Tyranitar\n|-boost|p2a: Tyranitar|atk|1\n|-boost|p2a: Tyranitar|spe|1\n|\n|-weather|Sandstorm|[upkeep]\n|-damage|p2a: Tyranitar|267/284 brn|[from] brn\n|upkeep\n|turn|11\n|\n|t:|1781398672\n|switch|p1a: Zarude|Zarude-Dada, L77|220/288\n|move|p2a: Tyranitar|Knock Off|p1a: Zarude\n|-resisted|p1a: Zarude\n|-damage|p1a: Zarude|194/288\n|\n|-weather|Sandstorm|[upkeep]\n|-damage|p1a: Zarude|176/288|[from] Sandstorm\n|-damage|p2a: Tyranitar|250/284 brn|[from] brn\n|upkeep\n|turn|12\n|\n|t:|1781398677\n|move|p2a: Tyranitar|Ice Punch|p1a: Zarude\n|-supereffective|p1a: Zarude\n|-damage|p1a: Zarude|89/288\n|-status|p1a: Zarude|frz\n|cant|p1a: Zarude|frz\n|\n|-weather|Sandstorm|[upkeep]\n|-damage|p1a: Zarude|71/288 frz|[from] Sandstorm\n|-damage|p2a: Tyranitar|233/284 brn|[from] brn\n|upkeep\n|turn|13\n|\n|t:|1781398682\n|move|p2a: Tyranitar|Ice Punch|p1a: Zarude\n|-supereffective|p1a: Zarude\n|-damage|p1a: Zarude|0 fnt\n|faint|p1a: Zarude\n|\n|-weather|Sandstorm|[upkeep]\n|-damage|p2a: Tyranitar|216/284 brn|[from] brn\n|upkeep\n|\n|t:|1781398688\n|switch|p1a: Cinderace|Cinderace, L77, F|249/249\n|turn|14\n|\n|t:|1781398703\n|move|p1a: Cinderace|U-turn|p2a: Tyranitar\n|-start|p1a: Cinderace|typechange|Bug|[from] ability: Libero\n|-supereffective|p2a: Tyranitar\n|-damage|p2a: Tyranitar|40/284 brn\n|-enditem|p2a: Tyranitar|Weakness Policy\n|-boost|p2a: Tyranitar|atk|2|[from] item: Weakness Policy\n|-boost|p2a: Tyranitar|spa|2|[from] item: Weakness Policy\n|\n|t:|1781398720\n|switch|p1a: Meloetta|Meloetta, L82|185/298 slp|[from] U-turn\n|move|p2a: Tyranitar|Stone Edge|p1a: Meloetta\n|-damage|p1a: Meloetta|21/298 slp\n|\n|-weather|none\n|-heal|p1a: Meloetta|39/298 slp|[from] item: Leftovers\n|-damage|p2a: Tyranitar|23/284 brn|[from] brn\n|upkeep\n|turn|15\n|\n|t:|1781398726\n|move|p2a: Tyranitar|Knock Off|p1a: Meloetta\n|-supereffective|p1a: Meloetta\n|-damage|p1a: Meloetta|0 fnt\n|-enditem|p1a: Meloetta|Leftovers|[from] move: Knock Off|[of] p2a: Tyranitar\n|faint|p1a: Meloetta\n|\n|-damage|p2a: Tyranitar|6/284 brn|[from] brn\n|upkeep\n|\n|t:|1781398729\n|switch|p1a: Cinderace|Cinderace, L77, F|249/249\n|turn|16\n|\n|t:|1781398737\n|move|p1a: Cinderace|Gunk Shot|p2a: Tyranitar\n|-start|p1a: Cinderace|typechange|Poison|[from] ability: Libero\n|-resisted|p2a: Tyranitar\n|-damage|p2a: Tyranitar|0 fnt\n|faint|p2a: Tyranitar\n|\n|upkeep\n|\n|t:|1781398762\n|switch|p2a: Rampardos|Rampardos, L90, F|321/321\n|turn|17\n|\n|t:|1781398768\n|move|p1a: Cinderace|Gunk Shot|p2a: Rampardos\n|-resisted|p2a: Rampardos\n|-damage|p2a: Rampardos|216/321\n|move|p2a: Rampardos|Earthquake|p1a: Cinderace\n|-supereffective|p1a: Cinderace\n|-damage|p1a: Cinderace|0 fnt\n|faint|p1a: Cinderace\n|-damage|p2a: Rampardos|184/321|[from] item: Life Orb\n|\n|upkeep\n|\n|t:|1781398783\n|switch|p1a: Iron Jugulis|Iron Jugulis, L77|271/271\n|turn|18\n|\n|t:|1781398791\n|move|p1a: Iron Jugulis|Dark Pulse|p2a: Rampardos\n|-damage|p2a: Rampardos|0 fnt\n|faint|p2a: Rampardos\n|\n|upkeep\n|\n|t:|1781398798\n|switch|p2a: Swanna|Swanna, L89, F|137/278\n|turn|19\n|\n|t:|1781398801\n|move|p2a: Swanna|Roost|p2a: Swanna\n|-heal|p2a: Swanna|276/278\n|-singleturn|p2a: Swanna|move: Roost\n|move|p1a: Iron Jugulis|Dark Pulse|p2a: Swanna\n|-damage|p2a: Swanna|128/278\n|\n|upkeep\n|turn|20\n|\n|t:|1781398806\n|move|p2a: Swanna|Brave Bird|p1a: Iron Jugulis\n|-damage|p1a: Iron Jugulis|124/271\n|-damage|p2a: Swanna|79/278|[from] Recoil\n|move|p1a: Iron Jugulis|Dark Pulse|p2a: Swanna\n|-damage|p2a: Swanna|0 fnt\n|faint|p2a: Swanna\n|\n|upkeep\n|\n|t:|1781398808\n|switch|p2a: Flamigo|Flamigo, L82, M|269/269\n|turn|21\n|\n|t:|1781398813\n|move|p1a: Iron Jugulis|Dark Pulse|p2a: Flamigo\n|-resisted|p2a: Flamigo\n|-damage|p2a: Flamigo|189/269\n|move|p2a: Flamigo|Brave Bird|p1a: Iron Jugulis\n|-damage|p1a: Iron Jugulis|0 fnt\n|faint|p1a: Iron Jugulis\n|-end|p1a: Iron Jugulis|Quark Drive|[silent]\n|-damage|p2a: Flamigo|148/269|[from] Recoil\n|-damage|p2a: Flamigo|122/269|[from] item: Life Orb\n|\n|upkeep\n|\n|t:|1781398819\n|switch|p1a: Moltres|Moltres, L81, tera:Steel|59/278\n|turn|22\n|\n|t:|1781398822\n|move|p2a: Flamigo|Brave Bird|p1a: Moltres\n|-resisted|p1a: Moltres\n|-damage|p1a: Moltres|0 fnt\n|faint|p1a: Moltres\n|-damage|p2a: Flamigo|103/269|[from] Recoil\n|-damage|p2a: Flamigo|77/269|[from] item: Life Orb\n|\n|upkeep\n|\n|t:|1781398825\n|switch|p1a: Magearna|Magearna-Original, L77|250/250\n|turn|23\n|\n|t:|1781398830\n|-terastallize|p2a: Flamigo|Steel\n|move|p2a: Flamigo|Roost|p2a: Flamigo\n|-heal|p2a: Flamigo|212/269\n|move|p1a: Magearna|Flash Cannon|p2a: Flamigo\n|-resisted|p2a: Flamigo\n|-damage|p2a: Flamigo|149/269\n|\n|upkeep\n|turn|24\n|\n|t:|1781398849\n|move|p2a: Flamigo|Swords Dance|p2a: Flamigo\n|-boost|p2a: Flamigo|atk|2\n|move|p1a: Magearna|Shift Gear|p1a: Magearna\n|-boost|p1a: Magearna|spe|2\n|-boost|p1a: Magearna|atk|1\n|\n|upkeep\n|turn|25\n|\n|t:|1781398853\n|move|p1a: Magearna|Fleur Cannon|p2a: Flamigo\n|-resisted|p2a: Flamigo\n|-damage|p2a: Flamigo|47/269\n|-unboost|p1a: Magearna|spa|2\n|move|p2a: Flamigo|Roost|p2a: Flamigo\n|-heal|p2a: Flamigo|182/269\n|\n|upkeep\n|turn|26\n|\n|t:|1781398856\n|move|p1a: Magearna|Calm Mind|p1a: Magearna\n|-boost|p1a: Magearna|spa|1\n|-boost|p1a: Magearna|spd|1\n|move|p2a: Flamigo|Roost|p2a: Flamigo\n|-heal|p2a: Flamigo|269/269\n|\n|upkeep\n|turn|27\n|\n|t:|1781398859\n|move|p1a: Magearna|Flash Cannon|p2a: Flamigo\n|-resisted|p2a: Flamigo\n|-damage|p2a: Flamigo|234/269\n|-unboost|p2a: Flamigo|spd|1\n|move|p2a: Flamigo|Brave Bird|p1a: Magearna\n|-resisted|p1a: Magearna\n|-crit|p1a: Magearna\n|-damage|p1a: Magearna|34/250\n|-damage|p2a: Flamigo|163/269|[from] Recoil\n|-damage|p2a: Flamigo|137/269|[from] item: Life Orb\n|\n|-heal|p1a: Magearna|49/250|[from] item: Leftovers\n|upkeep\n|turn|28\n|\n|t:|1781398869\n|move|p1a: Magearna|Fleur Cannon|p2a: Flamigo\n|-resisted|p2a: Flamigo\n|-damage|p2a: Flamigo|50/269\n|-unboost|p1a: Magearna|spa|2\n|move|p2a: Flamigo|Close Combat|p1a: Magearna\n|-damage|p1a: Magearna|0 fnt\n|-unboost|p2a: Flamigo|def|1\n|-unboost|p2a: Flamigo|spd|1\n|faint|p1a: Magearna\n|-damage|p2a: Flamigo|24/269|[from] item: Life Orb\n|\n|win|SoCapable\n", "uploadtime": 1781398570, "views": 6, "formatid": "gen9randombattle", "rating": null, "private": 0, "password": null}