{"id": "gen9randombattle-2631381207", "format": "[Gen 9] Random Battle", "players": ["Rolfj", "BraveRadiant"], "log": "|j|\u2606Rolfj\n|j|\u2606BraveRadiant\n|t:|1781377930\n|gametype|singles\n|player|p1|Rolfj|102|2032\n|player|p2|BraveRadiant|psychic-gen4|1990\n|gen|9\n|tier|[Gen 9] Random Battle\n|rated|\n|rule|Species Clause: Limit one of each Pok\u00e9mon\n|rule|HP Percentage Mod: HP is shown in percentages\n|rule|Sleep Clause Mod: Limit one foe put to sleep\n|rule|Illusion Level Mod: Illusion disguises the Pok\u00e9mon's true level\n|\n|t:|1781377930\n|teamsize|p1|6\n|teamsize|p2|6\n|start\n|switch|p1a: Slowking|Slowking-Galar, L85, F|300/300\n|switch|p2a: Arcanine|Arcanine, L84, F|288/288\n|-ability|p2a: Arcanine|Intimidate|boost\n|-unboost|p1a: Slowking|atk|1\n|turn|1\n|\n|t:|1781377946\n|move|p2a: Arcanine|Flare Blitz|p1a: Slowking\n|-damage|p1a: Slowking|153/300\n|-damage|p2a: Arcanine|239/288|[from] Recoil\n|move|p1a: Slowking|Thunder Wave|p2a: Arcanine\n|-status|p2a: Arcanine|par\n|\n|-heal|p1a: Slowking|171/300|[from] item: Leftovers\n|upkeep\n|turn|2\n|\n|t:|1781377958\n|move|p2a: Arcanine|Flare Blitz|p1a: Slowking\n|-damage|p1a: Slowking|21/300\n|-damage|p2a: Arcanine|189/288 par|[from] Recoil\n|move|p1a: Slowking|Slack Off|p1a: Slowking\n|-heal|p1a: Slowking|171/300\n|\n|-heal|p1a: Slowking|189/300|[from] item: Leftovers\n|upkeep\n|turn|3\n|\n|t:|1781377963\n|switch|p2a: Trevenant|Trevenant, L89, F|296/296\n|move|p1a: Slowking|Psyshock|p2a: Trevenant\n|-damage|p2a: Trevenant|197/296\n|\n|-heal|p1a: Slowking|207/300|[from] item: Leftovers\n|upkeep\n|turn|4\n|inactive|Battle timer is ON: inactive players will automatically lose when time's up. (requested by Rolfj)\n|\n|t:|1781377970\n|switch|p1a: Delibird|Delibird, F|252/252\n|move|p2a: Trevenant|Poltergeist|p1a: Delibird|[miss]\n|-miss|p2a: Trevenant|p1a: Delibird\n|\n|upkeep\n|turn|5\n|\n|t:|1781377978\n|move|p2a: Trevenant|Protect|p2a: Trevenant\n|-singleturn|p2a: Trevenant|Protect\n|move|p1a: Delibird|Brave Bird|p2a: Trevenant\n|-activate|p2a: Trevenant|move: Protect\n|\n|upkeep\n|turn|6\n|\n|t:|1781377994\n|switch|p2a: Arcanine|Arcanine, L84, F|189/288 par\n|-ability|p2a: Arcanine|Intimidate|boost\n|-unboost|p1a: Delibird|atk|1\n|move|p1a: Delibird|Brave Bird|p2a: Arcanine|[miss]\n|-miss|p1a: Delibird|p2a: Arcanine\n|\n|upkeep\n|turn|7\n|\n|t:|1781377999\n|switch|p1a: Grumpig|Grumpig, L92, F|297/297\n|cant|p2a: Arcanine|par\n|\n|upkeep\n|turn|8\n|\n|t:|1781378009\n|switch|p2a: Trevenant|Trevenant, L89, F|197/296\n|move|p1a: Grumpig|Psyshock|p2a: Trevenant\n|-damage|p2a: Trevenant|92/296\n|-enditem|p2a: Trevenant|Sitrus Berry|[eat]\n|-heal|p2a: Trevenant|166/296|[from] item: Sitrus Berry\n|\n|upkeep\n|turn|9\n|\n|t:|1781378033\n|switch|p1a: Delibird|Delibird, F|252/252\n|move|p2a: Trevenant|Poltergeist|p1a: Delibird\n|-activate|p1a: Delibird|move: Poltergeist|Heavy-Duty Boots\n|-damage|p1a: Delibird|71/252\n|\n|upkeep\n|turn|10\n|\n|t:|1781378041\n|switch|p2a: Arcanine|Arcanine, L84, F|189/288 par\n|-ability|p2a: Arcanine|Intimidate|boost\n|-unboost|p1a: Delibird|atk|1\n|move|p1a: Delibird|Ice Spinner|p2a: Arcanine\n|-resisted|p2a: Arcanine\n|-damage|p2a: Arcanine|150/288 par\n|\n|upkeep\n|turn|11\n|\n|t:|1781378053\n|move|p2a: Arcanine|Extreme Speed|p1a: Delibird\n|-damage|p1a: Delibird|0 fnt\n|faint|p1a: Delibird\n|\n|upkeep\n|\n|t:|1781378058\n|switch|p1a: Jolteon|Jolteon, L84, M|246/246\n|turn|12\n|\n|t:|1781378063\n|move|p1a: Jolteon|Substitute|p1a: Jolteon\n|-start|p1a: Jolteon|Substitute\n|-damage|p1a: Jolteon|185/246\n|move|p2a: Arcanine|Flare Blitz|p1a: Jolteon\n|-end|p1a: Jolteon|Substitute\n|-damage|p2a: Arcanine|130/288 par|[from] Recoil|[of] p1a: Jolteon\n|\n|-heal|p1a: Jolteon|200/246|[from] item: Leftovers\n|upkeep\n|turn|13\n|\n|t:|1781378069\n|switch|p2a: Vikavolt|Vikavolt, L83, M|263/263\n|move|p1a: Jolteon|Thunderbolt|p2a: Vikavolt\n|-resisted|p2a: Vikavolt\n|-damage|p2a: Vikavolt|203/263\n|\n|-heal|p1a: Jolteon|215/246|[from] item: Leftovers\n|upkeep\n|turn|14\n|\n|t:|1781378072\n|move|p1a: Jolteon|Calm Mind|p1a: Jolteon\n|-boost|p1a: Jolteon|spa|1\n|-boost|p1a: Jolteon|spd|1\n|move|p2a: Vikavolt|Bug Buzz|p1a: Jolteon\n|-crit|p1a: Jolteon\n|-damage|p1a: Jolteon|28/246\n|\n|-heal|p1a: Jolteon|43/246|[from] item: Leftovers\n|upkeep\n|turn|15\n|\n|t:|1781378076\n|move|p1a: Jolteon|Thunderbolt|p2a: Vikavolt\n|-resisted|p2a: Vikavolt\n|-damage|p2a: Vikavolt|111/263\n|move|p2a: Vikavolt|Bug Buzz|p1a: Jolteon\n|-damage|p1a: Jolteon|0 fnt\n|faint|p1a: Jolteon\n|\n|upkeep\n|\n|t:|1781378080\n|switch|p1a: Grumpig|Grumpig, L92, F|297/297\n|turn|16\n|\n|t:|1781378085\n|move|p1a: Grumpig|Psyshock|p2a: Vikavolt\n|-damage|p2a: Vikavolt|15/263\n|move|p2a: Vikavolt|Sticky Web|p1a: Grumpig\n|-sidestart|p1: Rolfj|move: Sticky Web\n|\n|upkeep\n|turn|17\n|\n|t:|1781378093\n|move|p1a: Grumpig|Psyshock|p2a: Vikavolt\n|-crit|p2a: Vikavolt\n|-damage|p2a: Vikavolt|0 fnt\n|faint|p2a: Vikavolt\n|\n|upkeep\n|\n|t:|1781378095\n|switch|p2a: Trevenant|Trevenant, L89, F|166/296\n|turn|18\n|\n|t:|1781378101\n|move|p1a: Grumpig|Psyshock|p2a: Trevenant\n|-damage|p2a: Trevenant|64/296\n|move|p2a: Trevenant|Poltergeist|p1a: Grumpig\n|-activate|p1a: Grumpig|move: Poltergeist|Choice Scarf\n|-supereffective|p1a: Grumpig\n|-damage|p1a: Grumpig|0 fnt\n|faint|p1a: Grumpig\n|\n|upkeep\n|\n|t:|1781378115\n|switch|p1a: Regice|Regice, L88|284/284\n|turn|19\n|\n|t:|1781378119\n|move|p2a: Trevenant|Protect|p2a: Trevenant\n|-singleturn|p2a: Trevenant|Protect\n|move|p1a: Regice|Ice Beam|p2a: Trevenant\n|-activate|p2a: Trevenant|move: Protect\n|\n|upkeep\n|turn|20\n|\n|t:|1781378128\n|switch|p2a: Arcanine|Arcanine, L84, F|130/288 par\n|-ability|p2a: Arcanine|Intimidate|boost\n|-fail|p1a: Regice|unboost|[from] ability: Clear Body|[of] p1a: Regice\n|move|p1a: Regice|Ice Beam|p2a: Arcanine\n|-resisted|p2a: Arcanine\n|-damage|p2a: Arcanine|74/288 par\n|\n|upkeep\n|turn|21\n|\n|t:|1781378133\n|move|p1a: Regice|Thunderbolt|p2a: Arcanine\n|-damage|p2a: Arcanine|0 fnt\n|faint|p2a: Arcanine\n|\n|upkeep\n|\n|t:|1781378141\n|switch|p2a: Granbull|Granbull, L88, M|302/302\n|-ability|p2a: Granbull|Intimidate|boost\n|-fail|p1a: Regice|unboost|[from] ability: Clear Body|[of] p1a: Regice\n|turn|22\n|\n|t:|1781378146\n|switch|p1a: Slowking|Slowking-Galar, L85, F|300/300\n|-activate|p1a: Slowking|move: Sticky Web\n|-unboost|p1a: Slowking|spe|1\n|move|p2a: Granbull|Thunder Wave|p1a: Slowking\n|-status|p1a: Slowking|par\n|\n|upkeep\n|turn|23\n|\n|t:|1781378151\n|move|p2a: Granbull|Earthquake|p1a: Slowking\n|-supereffective|p1a: Slowking\n|-damage|p1a: Slowking|114/300 par\n|cant|p1a: Slowking|par\n|\n|-heal|p1a: Slowking|132/300 par|[from] item: Leftovers\n|upkeep\n|turn|24\n|\n|t:|1781378154\n|switch|p1a: Regice|Regice, L88|284/284\n|move|p2a: Granbull|Earthquake|p1a: Regice\n|-damage|p1a: Regice|202/284\n|\n|upkeep\n|turn|25\n|\n|t:|1781378157\n|switch|p1a: Slowking|Slowking-Galar, L85, F|232/300 par\n|-activate|p1a: Slowking|move: Sticky Web\n|-unboost|p1a: Slowking|spe|1\n|move|p2a: Granbull|Thunder Wave|p1a: Slowking\n|-fail|p1a: Slowking|par\n|\n|-heal|p1a: Slowking|250/300 par|[from] item: Leftovers\n|upkeep\n|turn|26\n|\n|t:|1781378160\n|switch|p1a: Regice|Regice, L88|202/284\n|move|p2a: Granbull|Earthquake|p1a: Regice\n|-damage|p1a: Regice|124/284\n|\n|upkeep\n|turn|27\n|\n|t:|1781378162\n|move|p1a: Regice|Ice Beam|p2a: Granbull\n|-damage|p2a: Granbull|161/302\n|move|p2a: Granbull|Thunder Wave|p1a: Regice\n|-status|p1a: Regice|par\n|\n|-heal|p2a: Granbull|179/302|[from] item: Leftovers\n|upkeep\n|turn|28\n|\n|t:|1781378167\n|move|p2a: Granbull|Play Rough|p1a: Regice|[miss]\n|-miss|p2a: Granbull|p1a: Regice\n|move|p1a: Regice|Ice Beam|p2a: Granbull\n|-damage|p2a: Granbull|52/302\n|\n|-heal|p2a: Granbull|70/302|[from] item: Leftovers\n|upkeep\n|turn|29\n|\n|t:|1781378171\n|move|p2a: Granbull|Earthquake|p1a: Regice\n|-damage|p1a: Regice|51/284 par\n|move|p1a: Regice|Ice Beam|p2a: Granbull\n|-damage|p2a: Granbull|0 fnt\n|faint|p2a: Granbull\n|\n|upkeep\n|\n|t:|1781378174\n|switch|p2a: Trevenant|Trevenant, L89, F|64/296\n|turn|30\n|\n|t:|1781378179\n|move|p2a: Trevenant|Drain Punch|p1a: Regice\n|-supereffective|p1a: Regice\n|-damage|p1a: Regice|0 fnt\n|-heal|p2a: Trevenant|90/296|[from] drain|[of] p1a: Regice\n|faint|p1a: Regice\n|\n|-item|p2a: Trevenant|Sitrus Berry|[from] ability: Harvest\n|upkeep\n|-enditem|p2a: Trevenant|Sitrus Berry|[eat]\n|-heal|p2a: Trevenant|164/296|[from] item: Sitrus Berry\n|\n|t:|1781378188\n|switch|p1a: Slowking|Slowking-Galar, L85, F|300/300 par\n|-activate|p1a: Slowking|move: Sticky Web\n|-unboost|p1a: Slowking|spe|1\n|turn|31\n|\n|t:|1781378191\n|move|p2a: Trevenant|Poltergeist|p1a: Slowking\n|-activate|p1a: Slowking|move: Poltergeist|Leftovers\n|-supereffective|p1a: Slowking\n|-damage|p1a: Slowking|22/300 par\n|move|p1a: Slowking|Sludge Bomb|p2a: Trevenant\n|-damage|p2a: Trevenant|58/296\n|\n|-heal|p1a: Slowking|40/300 par|[from] item: Leftovers\n|upkeep\n|turn|32\n|\n|t:|1781378199\n|move|p2a: Trevenant|Poltergeist|p1a: Slowking\n|-activate|p1a: Slowking|move: Poltergeist|Leftovers\n|-supereffective|p1a: Slowking\n|-damage|p1a: Slowking|0 fnt\n|faint|p1a: Slowking\n|\n|upkeep\n|\n|t:|1781378202\n|switch|p1a: Manaphy|Manaphy, L78|284/284\n|-activate|p1a: Manaphy|move: Sticky Web\n|-unboost|p1a: Manaphy|spe|1\n|turn|33\n|\n|t:|1781378208\n|move|p2a: Trevenant|Toxic|p1a: Manaphy\n|-status|p1a: Manaphy|tox\n|move|p1a: Manaphy|Ice Beam|p2a: Trevenant\n|-supereffective|p2a: Trevenant\n|-crit|p2a: Trevenant\n|-damage|p2a: Trevenant|0 fnt\n|faint|p2a: Trevenant\n|\n|-damage|p1a: Manaphy|267/284 tox|[from] psn\n|upkeep\n|\n|t:|1781378213\n|switch|p2a: Breloom|Breloom, L83, M|235/235\n|turn|34\n|\n|t:|1781378231\n|-terastallize|p1a: Manaphy|Grass\n|move|p2a: Breloom|Bullet Seed|p1a: Manaphy\n|-resisted|p1a: Manaphy\n|-damage|p1a: Manaphy|238/284 tox\n|-resisted|p1a: Manaphy\n|-damage|p1a: Manaphy|208/284 tox\n|-resisted|p1a: Manaphy\n|-damage|p1a: Manaphy|177/284 tox\n|-resisted|p1a: Manaphy\n|-damage|p1a: Manaphy|145/284 tox\n|-hitcount|p1a: Manaphy|4\n|-damage|p2a: Breloom|212/235|[from] item: Life Orb\n|move|p1a: Manaphy|Tail Glow|p1a: Manaphy\n|-boost|p1a: Manaphy|spa|3\n|\n|-heal|p1a: Manaphy|162/284 tox|[from] item: Leftovers\n|-damage|p1a: Manaphy|128/284 tox|[from] psn\n|upkeep\n|turn|35\n|\n|t:|1781378238\n|move|p2a: Breloom|Mach Punch|p1a: Manaphy\n|-damage|p1a: Manaphy|31/284 tox\n|-damage|p2a: Breloom|189/235|[from] item: Life Orb\n|move|p1a: Manaphy|Ice Beam|p2a: Breloom\n|-supereffective|p2a: Breloom\n|-damage|p2a: Breloom|0 fnt\n|faint|p2a: Breloom\n|\n|-heal|p1a: Manaphy|48/284 tox|[from] item: Leftovers\n|-damage|p1a: Manaphy|0 fnt|[from] psn\n|faint|p1a: Manaphy\n|\n|win|BraveRadiant\n", "uploadtime": 1781377932, "views": 6, "formatid": "gen9randombattle", "rating": null, "private": 0, "password": null}