{"id": "gen9randombattle-2631995027", "format": "[Gen 9] Random Battle", "players": ["jimothy cool yt", "Batram"], "log": "|badge|p1|silver|gen9randombattle|30-9\n|uhtml|medal-msg|<div class=\"broadcast-blue\">Curious what those medals under the avatar are? PS now has Ladder Seasons! For more information, check out the <a href=\"https://www.smogon.com/forums/threads/3740067/\">thread on Smogon.</a></div>\n|badge|p2|silver|gen9randombattle|30-9\n|uhtml|medal-msg|<div class=\"broadcast-blue\">Curious what those medals under the avatar are? PS now has Ladder Seasons! For more information, check out the <a href=\"https://www.smogon.com/forums/threads/3740067/\">thread on Smogon.</a></div>\n|j|\u2606jimothy cool yt\n|j|\u2606Batram\n|t:|1781463935\n|gametype|singles\n|player|p1|jimothy cool yt|lucas|2471\n|player|p2|Batram|#wcor2025canada|2419\n|gen|9\n|tier|[Gen 9] Random Battle\n|rated|\n|rule|Species Clause: Limit one of each Pok\u00e9mon\n|rule|HP Percentage Mod: HP is shown in percentages\n|rule|Sleep Clause Mod: Limit one foe put to sleep\n|rule|Illusion Level Mod: Illusion disguises the Pok\u00e9mon's true level\n|\n|t:|1781463935\n|teamsize|p1|6\n|teamsize|p2|6\n|start\n|switch|p1a: Pyroar|Pyroar, L88, F|295/295\n|switch|p2a: Grumpig|Grumpig, L92, M|297/297\n|-ability|p1a: Pyroar|Unnerve\n|turn|1\n|inactive|Battle timer is ON: inactive players will automatically lose when time's up. (requested by jimothy cool yt)\n|\n|t:|1781463947\n|switch|p1a: Skarmory|Skarmory, L80, F|235/235\n|move|p2a: Grumpig|Earth Power|p1a: Skarmory\n|-immune|p1a: Skarmory\n|\n|upkeep\n|turn|2\n|\n|t:|1781463958\n|switch|p2a: Espeon|Espeon, L84, M|246/246\n|move|p1a: Skarmory|Spikes|p2a: Espeon\n|move|p2a: Espeon|Spikes|p1a: Skarmory|[from] ability: Magic Bounce\n|-sidestart|p1: jimothy cool yt|Spikes\n|\n|upkeep\n|turn|3\n|\n|t:|1781463967\n|move|p2a: Espeon|Calm Mind|p2a: Espeon\n|-boost|p2a: Espeon|spa|1\n|-boost|p2a: Espeon|spd|1\n|move|p1a: Skarmory|Brave Bird|p2a: Espeon\n|-damage|p2a: Espeon|105/246\n|-damage|p1a: Skarmory|188/235|[from] Recoil\n|\n|upkeep\n|turn|4\n|\n|t:|1781463980\n|switch|p1a: Lokix|Lokix, L82, M|251/251\n|-damage|p1a: Lokix|220/251|[from] Spikes\n|move|p2a: Espeon|Morning Sun|p2a: Espeon\n|-heal|p2a: Espeon|228/246\n|\n|upkeep\n|turn|5\n|\n|t:|1781464009\n|switch|p2a: Heatran|Heatran, L79, F|273/273\n|-item|p2a: Heatran|Air Balloon\n|move|p1a: Lokix|Knock Off|p2a: Heatran\n|-damage|p2a: Heatran|160/273\n|-enditem|p2a: Heatran|Air Balloon\n|-damage|p1a: Lokix|195/251|[from] item: Life Orb\n|\n|upkeep\n|turn|6\n|\n|t:|1781464027\n|move|p1a: Lokix|Swords Dance|p1a: Lokix\n|-boost|p1a: Lokix|atk|2\n|move|p2a: Heatran|Stealth Rock|p1a: Lokix\n|-sidestart|p1: jimothy cool yt|move: Stealth Rock\n|\n|upkeep\n|turn|7\n|inactive|jimothy cool yt has 120 seconds left.\n|\n|t:|1781464048\n|move|p1a: Lokix|Sucker Punch|p2a: Heatran\n|-damage|p2a: Heatran|0 fnt\n|faint|p2a: Heatran\n|-damage|p1a: Lokix|170/251|[from] item: Life Orb\n|\n|upkeep\n|\n|t:|1781464059\n|switch|p2a: Grumpig|Grumpig, L92, M|297/297\n|turn|8\n|inactive|jimothy cool yt has 120 seconds left.\n|\n|t:|1781464087\n|-terastallize|p2a: Grumpig|Fairy\n|move|p1a: Lokix|Sucker Punch|p2a: Grumpig\n|-resisted|p2a: Grumpig\n|-damage|p2a: Grumpig|97/297\n|-damage|p1a: Lokix|145/251|[from] item: Life Orb\n|move|p2a: Grumpig|Dazzling Gleam|p1a: Lokix\n|-supereffective|p1a: Lokix\n|-damage|p1a: Lokix|0 fnt\n|faint|p1a: Lokix\n|\n|-heal|p2a: Grumpig|115/297|[from] item: Leftovers\n|upkeep\n|\n|t:|1781464102\n|switch|p1a: Skarmory|Skarmory, L80, F|188/235\n|-damage|p1a: Skarmory|159/235|[from] Stealth Rock\n|turn|9\n|\n|t:|1781464119\n|switch|p2a: Thundurus|Thundurus-Therian, L80, M|258/258\n|move|p1a: Skarmory|Brave Bird|p2a: Thundurus\n|-resisted|p2a: Thundurus\n|-damage|p2a: Thundurus|194/258\n|-damage|p1a: Skarmory|138/235|[from] Recoil\n|\n|upkeep\n|turn|10\n|\n|t:|1781464128\n|switch|p1a: Vileplume|Vileplume, L85, F|266/266\n|-damage|p1a: Vileplume|233/266|[from] Spikes\n|-damage|p1a: Vileplume|200/266|[from] Stealth Rock\n|move|p2a: Thundurus|Thunderbolt|p1a: Vileplume\n|-resisted|p1a: Vileplume\n|-damage|p1a: Vileplume|138/266\n|\n|-heal|p1a: Vileplume|154/266|[from] item: Leftovers\n|upkeep\n|turn|11\n|inactive|jimothy cool yt has 120 seconds left.\n|\n|t:|1781464143\n|move|p2a: Thundurus|Nasty Plot|p2a: Thundurus\n|-boost|p2a: Thundurus|spa|2\n|move|p1a: Vileplume|Sludge Bomb|p2a: Thundurus\n|-damage|p2a: Thundurus|73/258\n|\n|-heal|p1a: Vileplume|170/266|[from] item: Leftovers\n|upkeep\n|turn|12\n|\n|t:|1781464150\n|move|p2a: Thundurus|Thunderbolt|p1a: Vileplume\n|-resisted|p1a: Vileplume\n|-damage|p1a: Vileplume|59/266\n|move|p1a: Vileplume|Sludge Bomb|p2a: Thundurus\n|-damage|p2a: Thundurus|0 fnt\n|faint|p2a: Thundurus\n|\n|-heal|p1a: Vileplume|75/266|[from] item: Leftovers\n|upkeep\n|\n|t:|1781464161\n|switch|p2a: Espeon|Espeon, L84, M|228/246\n|turn|13\n|\n|t:|1781464164\n|move|p2a: Espeon|Psychic|p1a: Vileplume\n|-supereffective|p1a: Vileplume\n|-damage|p1a: Vileplume|0 fnt\n|faint|p1a: Vileplume\n|-damage|p2a: Espeon|204/246|[from] item: Life Orb\n|\n|upkeep\n|\n|t:|1781464167\n|switch|p1a: Dedenne|Dedenne, L88, M|261/261\n|-damage|p1a: Dedenne|229/261|[from] Spikes\n|-damage|p1a: Dedenne|197/261|[from] Stealth Rock\n|turn|14\n|\n|t:|1781464178\n|move|p2a: Espeon|Calm Mind|p2a: Espeon\n|-boost|p2a: Espeon|spa|1\n|-boost|p2a: Espeon|spd|1\n|move|p1a: Dedenne|Nuzzle|p2a: Espeon\n|-damage|p2a: Espeon|182/246\n|-status|p2a: Espeon|par\n|\n|upkeep\n|turn|15\n|\n|t:|1781464180\n|move|p1a: Dedenne|U-turn|p2a: Espeon\n|-supereffective|p2a: Espeon\n|-damage|p2a: Espeon|78/246 par\n|\n|t:|1781464182\n|switch|p1a: Skarmory|Skarmory, L80, F|138/235|[from] U-turn\n|-damage|p1a: Skarmory|109/235|[from] Stealth Rock\n|move|p2a: Espeon|Psychic|p1a: Skarmory\n|-resisted|p1a: Skarmory\n|-damage|p1a: Skarmory|0 fnt\n|faint|p1a: Skarmory\n|-damage|p2a: Espeon|54/246 par|[from] item: Life Orb\n|\n|upkeep\n|\n|t:|1781464185\n|switch|p1a: Dedenne|Dedenne, L88, M|197/261\n|-damage|p1a: Dedenne|165/261|[from] Spikes\n|-damage|p1a: Dedenne|133/261|[from] Stealth Rock\n|turn|16\n|\n|t:|1781464192\n|move|p1a: Dedenne|Thunderbolt|p2a: Espeon\n|-damage|p2a: Espeon|0 fnt\n|faint|p2a: Espeon\n|\n|upkeep\n|\n|t:|1781464201\n|switch|p2a: Grumpig|Grumpig, L92, M, tera:Fairy|115/297\n|turn|17\n|\n|t:|1781464210\n|move|p1a: Dedenne|Nuzzle|p2a: Grumpig\n|-damage|p2a: Grumpig|96/297\n|-status|p2a: Grumpig|par\n|move|p2a: Grumpig|Earth Power|p1a: Dedenne\n|-supereffective|p1a: Dedenne\n|-damage|p1a: Dedenne|0 fnt\n|faint|p1a: Dedenne\n|\n|-heal|p2a: Grumpig|114/297 par|[from] item: Leftovers\n|upkeep\n|\n|t:|1781464212\n|switch|p1a: Dudunsparce|Dudunsparce, L83, F|343/343\n|-damage|p1a: Dudunsparce|301/343|[from] Spikes\n|-damage|p1a: Dudunsparce|259/343|[from] Stealth Rock\n|turn|18\n|\n|t:|1781464218\n|switch|p2a: Lurantis|Lurantis, L87, M|264/264\n|move|p1a: Dudunsparce|Calm Mind|p1a: Dudunsparce\n|-boost|p1a: Dudunsparce|spa|1\n|-boost|p1a: Dudunsparce|spd|1\n|\n|-heal|p1a: Dudunsparce|280/343|[from] item: Leftovers\n|upkeep\n|turn|19\n|\n|t:|1781464225\n|-terastallize|p1a: Dudunsparce|Ghost\n|move|p1a: Dudunsparce|Boomburst|p2a: Lurantis\n|-damage|p2a: Lurantis|83/264\n|move|p2a: Lurantis|Superpower|p1a: Dudunsparce\n|-immune|p1a: Dudunsparce\n|\n|-heal|p1a: Dudunsparce|301/343|[from] item: Leftovers\n|-heal|p2a: Lurantis|99/264|[from] item: Leftovers\n|upkeep\n|turn|20\n|\n|t:|1781464230\n|move|p1a: Dudunsparce|Boomburst|p2a: Lurantis\n|-damage|p2a: Lurantis|0 fnt\n|faint|p2a: Lurantis\n|\n|-heal|p1a: Dudunsparce|322/343|[from] item: Leftovers\n|upkeep\n|\n|t:|1781464232\n|switch|p2a: Kyogre|Kyogre, L71|259/259\n|-weather|RainDance|[from] ability: Drizzle|[of] p2a: Kyogre\n|turn|21\n|\n|t:|1781464236\n|move|p2a: Kyogre|Calm Mind|p2a: Kyogre\n|-boost|p2a: Kyogre|spa|1\n|-boost|p2a: Kyogre|spd|1\n|move|p1a: Dudunsparce|Boomburst|p2a: Kyogre\n|-damage|p2a: Kyogre|141/259\n|\n|-weather|RainDance|[upkeep]\n|-heal|p2a: Kyogre|157/259|[from] item: Leftovers\n|-heal|p1a: Dudunsparce|343/343|[from] item: Leftovers\n|upkeep\n|turn|22\n|\n|t:|1781464240\n|move|p2a: Kyogre|Calm Mind|p2a: Kyogre\n|-boost|p2a: Kyogre|spa|1\n|-boost|p2a: Kyogre|spd|1\n|move|p1a: Dudunsparce|Boomburst|p2a: Kyogre\n|-damage|p2a: Kyogre|73/259\n|\n|-weather|RainDance|[upkeep]\n|-heal|p2a: Kyogre|89/259|[from] item: Leftovers\n|upkeep\n|turn|23\n|inactive|Batram has 120 seconds left.\n|\n|t:|1781464282\n|move|p2a: Kyogre|Calm Mind|p2a: Kyogre\n|-boost|p2a: Kyogre|spa|1\n|-boost|p2a: Kyogre|spd|1\n|move|p1a: Dudunsparce|Boomburst|p2a: Kyogre\n|-damage|p2a: Kyogre|23/259\n|\n|-weather|RainDance|[upkeep]\n|-heal|p2a: Kyogre|39/259|[from] item: Leftovers\n|upkeep\n|turn|24\n|inactive|Batram has 120 seconds left.\n|\n|t:|1781464287\n|move|p2a: Kyogre|Origin Pulse|p1a: Dudunsparce\n|-damage|p1a: Dudunsparce|22/343\n|move|p1a: Dudunsparce|Boomburst|p2a: Kyogre\n|-damage|p2a: Kyogre|0 fnt\n|faint|p2a: Kyogre\n|\n|-weather|RainDance|[upkeep]\n|-heal|p1a: Dudunsparce|43/343|[from] item: Leftovers\n|upkeep\n|inactive|Batram has 120 seconds left.\n|-message|Batram forfeited.\n|\n|win|jimothy cool yt\n|raw|jimothy cool yt's rating: 2471 &rarr; <strong>2488</strong><br />(+17 for winning)\n|raw|Batram's rating: 2419 &rarr; <strong>2402</strong><br />(-17 for losing)\n|l|\u2606Batram\n|player|p2|\n", "uploadtime": 1781463938, "views": 3, "formatid": "gen9randombattle", "rating": 2402, "private": 0, "password": null}