{"id": "gen9randombattle-2631834638", "format": "[Gen 9] Random Battle", "players": ["Ivar57", "xxzfn"], "log": "|j|\u2606Ivar57\n|j|\u2606xxzfn\n|t:|1781446096\n|gametype|singles\n|player|p1|Ivar57|#omclihearttakers|2288\n|player|p2|xxzfn|102|2258\n|gen|9\n|tier|[Gen 9] Random Battle\n|rated|\n|rule|Species Clause: Limit one of each Pok\u00e9mon\n|rule|HP Percentage Mod: HP is shown in percentages\n|rule|Sleep Clause Mod: Limit one foe put to sleep\n|rule|Illusion Level Mod: Illusion disguises the Pok\u00e9mon's true level\n|\n|t:|1781446096\n|teamsize|p1|6\n|teamsize|p2|6\n|start\n|switch|p1a: Tentacruel|Tentacruel, L84, M|272/272\n|switch|p2a: Pelipper|Pelipper, L86, F|243/243\n|-weather|RainDance|[from] ability: Drizzle|[of] p2a: Pelipper\n|turn|1\n|inactive|Battle timer is ON: inactive players will automatically lose when time's up. (requested by xxzfn)\n|\n|t:|1781446123\n|move|p1a: Tentacruel|Sludge Bomb|p2a: Pelipper\n|-crit|p2a: Pelipper\n|-damage|p2a: Pelipper|99/243\n|-status|p2a: Pelipper|psn\n|move|p2a: Pelipper|Hurricane|p1a: Tentacruel\n|-damage|p1a: Tentacruel|178/272\n|\n|-weather|RainDance|[upkeep]\n|-damage|p2a: Pelipper|69/243 psn|[from] psn\n|upkeep\n|turn|2\n|\n|t:|1781446136\n|move|p1a: Tentacruel|Sludge Bomb|p2a: Pelipper\n|-damage|p2a: Pelipper|0 fnt\n|faint|p2a: Pelipper\n|\n|-weather|RainDance|[upkeep]\n|upkeep\n|\n|t:|1781446144\n|switch|p2a: Feraligatr|Feraligatr, L79, F|264/264\n|turn|3\n|inactive|Ivar57 has 120 seconds left.\n|\n|t:|1781446179\n|switch|p1a: Mightyena|Mightyena, L96, M|290/290\n|-ability|p1a: Mightyena|Intimidate|boost\n|-unboost|p2a: Feraligatr|atk|1\n|move|p2a: Feraligatr|Dragon Dance|p2a: Feraligatr\n|-boost|p2a: Feraligatr|atk|1\n|-boost|p2a: Feraligatr|spe|1\n|\n|-weather|RainDance|[upkeep]\n|upkeep\n|turn|4\n|inactive|Ivar57 has 120 seconds left.\n|\n|t:|1781446189\n|switch|p1a: Qwilfish|Qwilfish-Hisui, L83, M|244/244\n|-ability|p1a: Qwilfish|Intimidate|boost\n|-unboost|p2a: Feraligatr|atk|1\n|move|p2a: Feraligatr|Dragon Dance|p2a: Feraligatr\n|-boost|p2a: Feraligatr|atk|1\n|-boost|p2a: Feraligatr|spe|1\n|\n|-weather|RainDance|[upkeep]\n|upkeep\n|turn|5\n|\n|t:|1781446199\n|switch|p1a: Mightyena|Mightyena, L96, M|290/290\n|-ability|p1a: Mightyena|Intimidate|boost\n|-unboost|p2a: Feraligatr|atk|1\n|move|p2a: Feraligatr|Dragon Dance|p2a: Feraligatr\n|-boost|p2a: Feraligatr|atk|1\n|-boost|p2a: Feraligatr|spe|1\n|\n|-weather|none\n|upkeep\n|turn|6\n|\n|t:|1781446207\n|switch|p1a: Qwilfish|Qwilfish-Hisui, L83, M|244/244\n|-ability|p1a: Qwilfish|Intimidate|boost\n|-unboost|p2a: Feraligatr|atk|1\n|move|p2a: Feraligatr|Dragon Dance|p2a: Feraligatr\n|-boost|p2a: Feraligatr|atk|1\n|-boost|p2a: Feraligatr|spe|1\n|\n|upkeep\n|turn|7\n|\n|t:|1781446218\n|switch|p1a: Mightyena|Mightyena, L96, M|290/290\n|-ability|p1a: Mightyena|Intimidate|boost\n|-unboost|p2a: Feraligatr|atk|1\n|move|p2a: Feraligatr|Dragon Dance|p2a: Feraligatr\n|-boost|p2a: Feraligatr|atk|1\n|-boost|p2a: Feraligatr|spe|1\n|\n|upkeep\n|turn|8\n|\n|t:|1781446227\n|switch|p1a: Qwilfish|Qwilfish-Hisui, L83, M|244/244\n|-ability|p1a: Qwilfish|Intimidate|boost\n|-unboost|p2a: Feraligatr|atk|1\n|move|p2a: Feraligatr|Dragon Dance|p2a: Feraligatr\n|-boost|p2a: Feraligatr|atk|1\n|-boost|p2a: Feraligatr|spe|1\n|\n|upkeep\n|turn|9\n|\n|t:|1781446230\n|switch|p1a: Mightyena|Mightyena, L96, M|290/290\n|-ability|p1a: Mightyena|Intimidate|boost\n|-unboost|p2a: Feraligatr|atk|1\n|move|p2a: Feraligatr|Liquidation|p1a: Mightyena\n|-damage|p1a: Mightyena|185/290\n|\n|upkeep\n|turn|10\n|\n|t:|1781446248\n|switch|p2a: Bombirdier|Bombirdier, L85, F|258/258\n|switch|p1a: Qwilfish|Qwilfish-Hisui, L83, M|244/244\n|-ability|p1a: Qwilfish|Intimidate|boost\n|-unboost|p2a: Bombirdier|atk|1\n|\n|upkeep\n|turn|11\n|\n|t:|1781446257\n|move|p1a: Qwilfish|Toxic Spikes|p2a: Bombirdier\n|-sidestart|p2: xxzfn|move: Toxic Spikes\n|move|p2a: Bombirdier|Knock Off|p1a: Qwilfish\n|-resisted|p1a: Qwilfish\n|-damage|p1a: Qwilfish|220/244\n|-enditem|p1a: Qwilfish|Eviolite|[from] move: Knock Off|[of] p2a: Bombirdier\n|\n|upkeep\n|turn|12\n|\n|t:|1781446264\n|move|p1a: Qwilfish|Spikes|p2a: Bombirdier\n|-sidestart|p2: xxzfn|Spikes\n|move|p2a: Bombirdier|Brave Bird|p1a: Qwilfish\n|-damage|p1a: Qwilfish|123/244\n|-damage|p2a: Bombirdier|226/258|[from] Recoil\n|\n|upkeep\n|turn|13\n|\n|t:|1781446271\n|move|p1a: Qwilfish|Gunk Shot|p2a: Bombirdier\n|-damage|p2a: Bombirdier|97/258\n|-status|p2a: Bombirdier|psn\n|move|p2a: Bombirdier|Brave Bird|p1a: Qwilfish\n|-damage|p1a: Qwilfish|26/244\n|-damage|p2a: Bombirdier|65/258 psn|[from] Recoil\n|\n|-damage|p2a: Bombirdier|33/258 psn|[from] psn\n|upkeep\n|turn|14\n|\n|t:|1781446278\n|move|p1a: Qwilfish|Toxic Spikes|p2a: Bombirdier\n|-sidestart|p2: xxzfn|move: Toxic Spikes\n|move|p2a: Bombirdier|Brave Bird|p1a: Qwilfish\n|-damage|p1a: Qwilfish|0 fnt\n|faint|p1a: Qwilfish\n|-damage|p2a: Bombirdier|24/258 psn|[from] Recoil\n|\n|-damage|p2a: Bombirdier|0 fnt|[from] psn\n|faint|p2a: Bombirdier\n|upkeep\n|\n|t:|1781446288\n|switch|p1a: Mightyena|Mightyena, L96, M|185/290\n|switch|p2a: Brambleghast|Brambleghast, L88, M|240/240\n|-ability|p1a: Mightyena|Intimidate|boost\n|-unboost|p2a: Brambleghast|atk|1\n|turn|15\n|\n|t:|1781446297\n|move|p2a: Brambleghast|Rapid Spin|p1a: Mightyena\n|-damage|p1a: Mightyena|154/290\n|-boost|p2a: Brambleghast|spe|1\n|-sideend|p2: xxzfn|Spikes|[from] move: Rapid Spin|[of] p2a: Brambleghast\n|-sideend|p2: xxzfn|Toxic Spikes|[from] move: Rapid Spin|[of] p2a: Brambleghast\n|move|p1a: Mightyena|Crunch|p2a: Brambleghast\n|-supereffective|p2a: Brambleghast\n|-damage|p2a: Brambleghast|0 fnt\n|faint|p2a: Brambleghast\n|\n|upkeep\n|\n|t:|1781446301\n|switch|p2a: Hariyama|Hariyama, L87, F|392/392\n|turn|16\n|\n|t:|1781446313\n|switch|p1a: Tentacruel|Tentacruel, L84, M|178/272\n|move|p2a: Hariyama|Knock Off|p1a: Tentacruel\n|-damage|p1a: Tentacruel|74/272\n|-enditem|p1a: Tentacruel|Assault Vest|[from] move: Knock Off|[of] p2a: Hariyama\n|\n|-status|p2a: Hariyama|brn|[from] item: Flame Orb\n|upkeep\n|turn|17\n|\n|t:|1781446328\n|move|p1a: Tentacruel|Surf|p2a: Hariyama\n|-damage|p2a: Hariyama|289/392 brn\n|move|p2a: Hariyama|Facade|p1a: Tentacruel\n|-damage|p1a: Tentacruel|0 fnt\n|faint|p1a: Tentacruel\n|\n|-damage|p2a: Hariyama|265/392 brn|[from] brn\n|upkeep\n|\n|t:|1781446345\n|switch|p1a: Rayquaza|Rayquaza, L72|270/270\n|-ability|p1a: Rayquaza|Air Lock\n|turn|18\n|inactive|xxzfn has 120 seconds left.\n|\n|t:|1781446383\n|-terastallize|p2a: Hariyama|Normal\n|move|p1a: Rayquaza|Dragon Ascent|p2a: Hariyama\n|-damage|p2a: Hariyama|1/392 brn\n|-unboost|p1a: Rayquaza|def|1\n|-unboost|p1a: Rayquaza|spd|1\n|move|p2a: Hariyama|Facade|p1a: Rayquaza\n|-damage|p1a: Rayquaza|0 fnt\n|faint|p1a: Rayquaza\n|\n|-damage|p2a: Hariyama|0 fnt|[from] brn\n|faint|p2a: Hariyama\n|upkeep\n|\n|t:|1781446395\n|switch|p1a: Mightyena|Mightyena, L96, M|154/290\n|switch|p2a: Feraligatr|Feraligatr, L79, F|264/264\n|-ability|p1a: Mightyena|Intimidate|boost\n|-unboost|p2a: Feraligatr|atk|1\n|turn|19\n|\n|t:|1781446403\n|move|p1a: Mightyena|Crunch|p2a: Feraligatr\n|-damage|p2a: Feraligatr|108/264\n|move|p2a: Feraligatr|Dragon Dance|p2a: Feraligatr\n|-boost|p2a: Feraligatr|atk|1\n|-boost|p2a: Feraligatr|spe|1\n|\n|upkeep\n|turn|20\n|\n|t:|1781446407\n|move|p2a: Feraligatr|Liquidation|p1a: Mightyena\n|-damage|p1a: Mightyena|6/290\n|move|p1a: Mightyena|Crunch|p2a: Feraligatr\n|-crit|p2a: Feraligatr\n|-damage|p2a: Feraligatr|0 fnt\n|faint|p2a: Feraligatr\n|\n|upkeep\n|\n|t:|1781446409\n|switch|p2a: Ursaring|Ursaring, L84, F|288/288\n|turn|21\n|\n|t:|1781446413\n|move|p1a: Mightyena|Crunch|p2a: Ursaring\n|-damage|p2a: Ursaring|119/288\n|move|p2a: Ursaring|Swords Dance|p2a: Ursaring\n|-boost|p2a: Ursaring|atk|2\n|\n|-status|p2a: Ursaring|tox|[from] item: Toxic Orb\n|upkeep\n|turn|22\n|\n|t:|1781446420\n|move|p2a: Ursaring|Throat Chop|p1a: Mightyena\n|-resisted|p1a: Mightyena\n|-damage|p1a: Mightyena|0 fnt\n|faint|p1a: Mightyena\n|\n|-damage|p2a: Ursaring|101/288 tox|[from] psn\n|upkeep\n|\n|t:|1781446429\n|switch|p1a: Gothitelle|Gothitelle, L90, F|272/272\n|turn|23\n|\n|t:|1781446432\n|move|p1a: Gothitelle|Psychic|p2a: Ursaring\n|-damage|p2a: Ursaring|0 fnt\n|faint|p2a: Ursaring\n|\n|win|Ivar57\n|raw|Ivar57's rating: 2288 &rarr; <strong>2306</strong><br />(+18 for winning)\n|raw|xxzfn's rating: 2258 &rarr; <strong>2240</strong><br />(-18 for losing)\n", "uploadtime": 1781446098, "views": 3, "formatid": "gen9randombattle", "rating": 2240, "private": 0, "password": null}