{"id": "gen9randombattle-2631768029", "format": "[Gen 9] Random Battle", "players": ["mummykichappal", "dkkdko188sj"], "log": "|j|\u2606mummykichappal\n|j|\u2606dkkdko188sj\n|t:|1781436581\n|gametype|singles\n|player|p1|mummykichappal|101|1049\n|player|p2|dkkdko188sj|dawn|1000\n|gen|9\n|tier|[Gen 9] Random Battle\n|rated|\n|rule|Species Clause: Limit one of each Pok\u00e9mon\n|rule|HP Percentage Mod: HP is shown in percentages\n|rule|Sleep Clause Mod: Limit one foe put to sleep\n|rule|Illusion Level Mod: Illusion disguises the Pok\u00e9mon's true level\n|\n|t:|1781436581\n|teamsize|p1|6\n|teamsize|p2|6\n|start\n|switch|p1a: Weezing|Weezing, L88, M|258/258\n|switch|p2a: Articuno|Articuno-Galar, L84|288/288\n|turn|1\n|inactive|Battle timer is ON: inactive players will automatically lose when time's up. (requested by dkkdko188sj)\n|\n|t:|1781436595\n|move|p2a: Articuno|Calm Mind|p2a: Articuno\n|-boost|p2a: Articuno|spa|1\n|-boost|p2a: Articuno|spd|1\n|move|p1a: Weezing|Toxic Spikes|p2a: Articuno\n|-sidestart|p2: dkkdko188sj|move: Toxic Spikes\n|\n|upkeep\n|turn|2\n|\n|t:|1781436610\n|move|p2a: Articuno|Freezing Glare|p1a: Weezing\n|-supereffective|p1a: Weezing\n|-damage|p1a: Weezing|0 fnt\n|faint|p1a: Weezing\n|\n|upkeep\n|\n|t:|1781436623\n|switch|p1a: Giratina|Giratina-Origin, L72|335/335\n|turn|3\n|\n|t:|1781436639\n|-terastallize|p2a: Articuno|Steel\n|-terastallize|p1a: Giratina|Fairy\n|move|p2a: Articuno|Calm Mind|p2a: Articuno\n|-boost|p2a: Articuno|spa|1\n|-boost|p2a: Articuno|spd|1\n|move|p1a: Giratina|Poltergeist|p2a: Articuno\n|-activate|p2a: Articuno|move: Poltergeist|Heavy-Duty Boots\n|-crit|p2a: Articuno\n|-damage|p2a: Articuno|107/288\n|\n|upkeep\n|turn|4\n|\n|t:|1781436659\n|move|p2a: Articuno|Recover|p2a: Articuno\n|-heal|p2a: Articuno|251/288\n|move|p1a: Giratina|Poltergeist|p2a: Articuno\n|-activate|p2a: Articuno|move: Poltergeist|Heavy-Duty Boots\n|-damage|p2a: Articuno|130/288\n|\n|upkeep\n|turn|5\n|\n|t:|1781436669\n|move|p2a: Articuno|Recover|p2a: Articuno\n|-heal|p2a: Articuno|274/288\n|move|p1a: Giratina|Poltergeist|p2a: Articuno\n|-activate|p2a: Articuno|move: Poltergeist|Heavy-Duty Boots\n|-damage|p2a: Articuno|147/288\n|\n|upkeep\n|turn|6\n|\n|t:|1781436678\n|move|p2a: Articuno|Recover|p2a: Articuno\n|-heal|p2a: Articuno|288/288\n|move|p1a: Giratina|Will-O-Wisp|p2a: Articuno\n|-status|p2a: Articuno|brn\n|\n|-damage|p2a: Articuno|270/288 brn|[from] brn\n|upkeep\n|turn|7\n|\n|t:|1781436692\n|move|p2a: Articuno|Freezing Glare|p1a: Giratina\n|-damage|p1a: Giratina|71/335\n|move|p1a: Giratina|Poltergeist|p2a: Articuno|[miss]\n|-miss|p1a: Giratina|p2a: Articuno\n|\n|-damage|p2a: Articuno|252/288 brn|[from] brn\n|upkeep\n|turn|8\n|\n|t:|1781436705\n|switch|p1a: Malamar|Malamar, L82, F|275/275\n|move|p2a: Articuno|Freezing Glare|p1a: Malamar\n|-immune|p1a: Malamar\n|\n|-damage|p2a: Articuno|234/288 brn|[from] brn\n|upkeep\n|turn|9\n|\n|t:|1781436718\n|move|p2a: Articuno|Hurricane|p1a: Malamar|[miss]\n|-miss|p2a: Articuno|p1a: Malamar\n|move|p1a: Malamar|Superpower|p2a: Articuno\n|-supereffective|p2a: Articuno\n|-damage|p2a: Articuno|70/288 brn\n|-boost|p1a: Malamar|atk|1\n|-boost|p1a: Malamar|def|1\n|\n|-damage|p2a: Articuno|52/288 brn|[from] brn\n|upkeep\n|turn|10\n|\n|t:|1781436729\n|move|p2a: Articuno|Hurricane|p1a: Malamar\n|-damage|p1a: Malamar|0 fnt\n|faint|p1a: Malamar\n|\n|-damage|p2a: Articuno|34/288 brn|[from] brn\n|upkeep\n|\n|t:|1781436736\n|switch|p1a: Coalossal|Coalossal, L89, M|341/341\n|turn|11\n|\n|t:|1781436751\n|move|p2a: Articuno|Freezing Glare|p1a: Coalossal\n|-damage|p1a: Coalossal|134/341\n|-status|p1a: Coalossal|frz\n|cant|p1a: Coalossal|frz\n|\n|-damage|p2a: Articuno|16/288 brn|[from] brn\n|upkeep\n|turn|12\n|\n|t:|1781436760\n|move|p2a: Articuno|Recover|p2a: Articuno\n|-heal|p2a: Articuno|160/288 brn\n|cant|p1a: Coalossal|frz\n|\n|-damage|p2a: Articuno|142/288 brn|[from] brn\n|upkeep\n|turn|13\n|l|\u2606dkkdko188sj\n|inactive|dkkdko188sj disconnected and has a minute to reconnect!\n|player|p2|\n|inactive|dkkdko188sj has 30 seconds to reconnect!\n|inactive|dkkdko188sj has 20 seconds to reconnect!\n|j|\u2606dkkdko188sj\n|inactive|dkkdko188sj reconnected and has 100 seconds left.\n|player|p2|dkkdko188sj|dawn|\n|-message|mummykichappal forfeited.\n|\n|win|dkkdko188sj\n|raw|mummykichappal's rating: 1049 &rarr; <strong>1029</strong><br />(-20 for losing)\n|raw|dkkdko188sj's rating: 1000 &rarr; <strong>1046</strong><br />(+46 for winning)\n|l|\u2606mummykichappal\n|player|p1|\n", "uploadtime": 1781436815, "views": 6, "formatid": "gen9randombattle", "rating": 1029, "private": 0, "password": null}