{"id": "gen9randombattle-2631443128", "format": "[Gen 9] Random Battle", "players": ["MooMoo Mamu", "Crysys1"], "log": "|j|\u2606MooMoo Mamu\n|j|\u2606Crysys1\n|t:|1781385279\n|gametype|singles\n|player|p1|MooMoo Mamu|170|2056\n|player|p2|Crysys1|2|2136\n|gen|9\n|tier|[Gen 9] Random Battle\n|rated|\n|rule|Species Clause: Limit one of each Pok\u00e9mon\n|rule|HP Percentage Mod: HP is shown in percentages\n|rule|Sleep Clause Mod: Limit one foe put to sleep\n|rule|Illusion Level Mod: Illusion disguises the Pok\u00e9mon's true level\n|\n|t:|1781385279\n|teamsize|p1|6\n|teamsize|p2|6\n|start\n|switch|p1a: Glastrier|Glastrier, L86|311/311\n|switch|p2a: Volbeat|Volbeat, L90, M|263/263\n|turn|1\n|\n|t:|1781385286\n|move|p2a: Volbeat|Lunge|p1a: Glastrier\n|-damage|p1a: Glastrier|259/311\n|-unboost|p1a: Glastrier|atk|1\n|move|p1a: Glastrier|Icicle Crash|p2a: Volbeat\n|-damage|p2a: Volbeat|118/263\n|\n|upkeep\n|turn|2\n|\n|t:|1781385300\n|switch|p1a: Scrafty|Scrafty, L83, F|244/244\n|-ability|p1a: Scrafty|Intimidate|boost\n|-unboost|p2a: Volbeat|atk|1\n|move|p2a: Volbeat|Lunge|p1a: Scrafty\n|-crit|p1a: Scrafty\n|-damage|p1a: Scrafty|136/244\n|-unboost|p1a: Scrafty|atk|1\n|\n|-heal|p1a: Scrafty|151/244|[from] item: Leftovers\n|upkeep\n|turn|3\n|\n|t:|1781385306\n|move|p2a: Volbeat|Lunge|p1a: Scrafty\n|-damage|p1a: Scrafty|105/244\n|-unboost|p1a: Scrafty|atk|1\n|move|p1a: Scrafty|Dragon Dance|p1a: Scrafty\n|-boost|p1a: Scrafty|atk|1\n|-boost|p1a: Scrafty|spe|1\n|\n|-heal|p1a: Scrafty|120/244|[from] item: Leftovers\n|upkeep\n|turn|4\n|\n|t:|1781385311\n|move|p1a: Scrafty|Dragon Dance|p1a: Scrafty\n|-boost|p1a: Scrafty|atk|1\n|-boost|p1a: Scrafty|spe|1\n|move|p2a: Volbeat|Lunge|p1a: Scrafty\n|-damage|p1a: Scrafty|75/244\n|-unboost|p1a: Scrafty|atk|1\n|\n|-heal|p1a: Scrafty|90/244|[from] item: Leftovers\n|upkeep\n|turn|5\n|\n|t:|1781385316\n|move|p1a: Scrafty|Knock Off|p2a: Volbeat\n|-damage|p2a: Volbeat|51/263\n|-enditem|p2a: Volbeat|Heavy-Duty Boots|[from] move: Knock Off|[of] p1a: Scrafty\n|move|p2a: Volbeat|Lunge|p1a: Scrafty\n|-damage|p1a: Scrafty|48/244\n|-unboost|p1a: Scrafty|atk|1\n|\n|-heal|p1a: Scrafty|63/244|[from] item: Leftovers\n|upkeep\n|turn|6\n|\n|t:|1781385320\n|move|p2a: Volbeat|Roost|p2a: Volbeat\n|-heal|p2a: Volbeat|183/263\n|-singleturn|p2a: Volbeat|move: Roost\n|move|p1a: Scrafty|Dragon Dance|p1a: Scrafty\n|-boost|p1a: Scrafty|atk|1\n|-boost|p1a: Scrafty|spe|1\n|\n|-heal|p1a: Scrafty|78/244|[from] item: Leftovers\n|upkeep\n|turn|7\n|\n|t:|1781385324\n|move|p1a: Scrafty|Dragon Dance|p1a: Scrafty\n|-boost|p1a: Scrafty|atk|1\n|-boost|p1a: Scrafty|spe|1\n|move|p2a: Volbeat|Lunge|p1a: Scrafty\n|-damage|p1a: Scrafty|33/244\n|-unboost|p1a: Scrafty|atk|1\n|\n|-heal|p1a: Scrafty|48/244|[from] item: Leftovers\n|upkeep\n|turn|8\n|\n|t:|1781385330\n|move|p1a: Scrafty|Poison Jab|p2a: Volbeat\n|-damage|p2a: Volbeat|143/263\n|move|p2a: Volbeat|Lunge|p1a: Scrafty\n|-damage|p1a: Scrafty|0 fnt\n|faint|p1a: Scrafty\n|\n|upkeep\n|\n|t:|1781385338\n|switch|p1a: Glastrier|Glastrier, L86|259/311\n|turn|9\n|\n|t:|1781385360\n|move|p2a: Volbeat|Lunge|p1a: Glastrier\n|-damage|p1a: Glastrier|223/311\n|-unboost|p1a: Glastrier|atk|1\n|move|p1a: Glastrier|Icicle Crash|p2a: Volbeat\n|-damage|p2a: Volbeat|1/263\n|\n|upkeep\n|turn|10\n|\n|t:|1781385373\n|switch|p2a: Heatran|Heatran, L79, F|273/273\n|-item|p2a: Heatran|Air Balloon\n|move|p1a: Glastrier|Icicle Crash|p2a: Heatran\n|-resisted|p2a: Heatran\n|-damage|p2a: Heatran|246/273\n|-enditem|p2a: Heatran|Air Balloon\n|\n|upkeep\n|turn|11\n|\n|t:|1781385378\n|switch|p1a: Dewgong|Dewgong, L94, F|322/322\n|move|p2a: Heatran|Stealth Rock|p1a: Dewgong\n|-sidestart|p1: MooMoo Mamu|move: Stealth Rock\n|\n|upkeep\n|turn|12\n|\n|t:|1781385391\n|move|p1a: Dewgong|Flip Turn|p2a: Heatran\n|-supereffective|p2a: Heatran\n|-damage|p2a: Heatran|126/273\n|\n|t:|1781385400\n|switch|p1a: Raikou|Raikou, L81|278/278|[from] Flip Turn\n|-damage|p1a: Raikou|244/278|[from] Stealth Rock\n|-ability|p1a: Raikou|Pressure\n|move|p2a: Heatran|Magma Storm|p1a: Raikou\n|-damage|p1a: Raikou|136/278\n|-activate|p1a: Raikou|move: Magma Storm|[of] p2a: Heatran\n|\n|-heal|p1a: Raikou|153/278|[from] item: Leftovers\n|-damage|p1a: Raikou|119/278|[from] move: Magma Storm|[partiallytrapped]\n|upkeep\n|turn|13\n|\n|t:|1781385414\n|move|p1a: Raikou|Scald|p2a: Heatran\n|-supereffective|p2a: Heatran\n|-damage|p2a: Heatran|20/273\n|move|p2a: Heatran|Earth Power|p1a: Raikou\n|-supereffective|p1a: Raikou\n|-damage|p1a: Raikou|0 fnt\n|faint|p1a: Raikou\n|\n|upkeep\n|\n|t:|1781385426\n|switch|p1a: Dewgong|Dewgong, L94, F|322/322\n|-damage|p1a: Dewgong|242/322|[from] Stealth Rock\n|turn|14\n|\n|t:|1781385430\n|move|p1a: Dewgong|Surf|p2a: Heatran\n|-supereffective|p2a: Heatran\n|-damage|p2a: Heatran|0 fnt\n|faint|p2a: Heatran\n|\n|upkeep\n|\n|t:|1781385436\n|switch|p2a: Espeon|Espeon, L84, M|246/246\n|turn|15\n|\n|t:|1781385440\n|move|p2a: Espeon|Psyshock|p1a: Dewgong\n|-damage|p1a: Dewgong|100/322\n|-damage|p2a: Espeon|222/246|[from] item: Life Orb\n|move|p1a: Dewgong|Knock Off|p2a: Espeon\n|-supereffective|p2a: Espeon\n|-damage|p2a: Espeon|36/246\n|-enditem|p2a: Espeon|Life Orb|[from] move: Knock Off|[of] p1a: Dewgong\n|\n|upkeep\n|turn|16\n|\n|t:|1781385445\n|move|p2a: Espeon|Psyshock|p1a: Dewgong\n|-damage|p1a: Dewgong|0 fnt\n|faint|p1a: Dewgong\n|\n|upkeep\n|\n|t:|1781385451\n|switch|p1a: Iron Boulder|Iron Boulder, L77|265/265\n|-damage|p1a: Iron Boulder|232/265|[from] Stealth Rock\n|turn|17\n|\n|t:|1781385480\n|move|p1a: Iron Boulder|Mighty Cleave|p2a: Espeon\n|-damage|p2a: Espeon|0 fnt\n|faint|p2a: Espeon\n|-damage|p1a: Iron Boulder|206/265|[from] item: Life Orb\n|\n|upkeep\n|\n|t:|1781385483\n|switch|p2a: Volbeat|Volbeat, L90, M|1/263\n|turn|18\n|\n|t:|1781385488\n|-end|p1a: Iron Boulder|Quark Drive|[silent]\n|switch|p1a: Glastrier|Glastrier, L86|223/311\n|-damage|p1a: Glastrier|146/311|[from] Stealth Rock\n|move|p2a: Volbeat|Thunder Wave|p1a: Glastrier\n|-status|p1a: Glastrier|par\n|\n|upkeep\n|turn|19\n|\n|t:|1781385497\n|switch|p2a: Ho-Oh|Ho-Oh, L71|268/268\n|move|p1a: Glastrier|Icicle Crash|p2a: Ho-Oh\n|-damage|p2a: Ho-Oh|43/268\n|\n|upkeep\n|turn|20\n|\n|t:|1781385539\n|move|p2a: Ho-Oh|Sacred Fire|p1a: Glastrier\n|-supereffective|p1a: Glastrier\n|-damage|p1a: Glastrier|14/311 par\n|move|p1a: Glastrier|Icicle Crash|p2a: Ho-Oh\n|-damage|p2a: Ho-Oh|0 fnt\n|faint|p2a: Ho-Oh\n|-ability|p1a: Glastrier|Chilling Neigh|boost\n|-boost|p1a: Glastrier|atk|1\n|\n|upkeep\n|\n|t:|1781385552\n|switch|p2a: Haxorus|Haxorus, L77, F|244/244\n|-ability|p2a: Haxorus|Mold Breaker\n|turn|21\n|\n|t:|1781385557\n|move|p2a: Haxorus|Scale Shot|p1a: Glastrier\n|-damage|p1a: Glastrier|0 fnt\n|faint|p1a: Glastrier\n|-hitcount|p1: Glastrier|1\n|-unboost|p2a: Haxorus|def|1\n|-boost|p2a: Haxorus|spe|1\n|\n|upkeep\n|\n|t:|1781385561\n|switch|p1a: Poliwrath|Poliwrath, L88, F|302/302\n|-damage|p1a: Poliwrath|284/302|[from] Stealth Rock\n|turn|22\n|\n|t:|1781385571\n|switch|p2a: Enamorus|Enamorus-Therian, L83, F|259/259\n|move|p1a: Poliwrath|Rain Dance|p1a: Poliwrath\n|-weather|RainDance\n|\n|-weather|RainDance|[upkeep]\n|upkeep\n|turn|23\n|\n|t:|1781385586\n|move|p1a: Poliwrath|Liquidation|p2a: Enamorus\n|-crit|p2a: Enamorus\n|-damage|p2a: Enamorus|4/259\n|-damage|p1a: Poliwrath|254/302|[from] item: Life Orb\n|move|p2a: Enamorus|Moonblast|p1a: Poliwrath\n|-supereffective|p1a: Poliwrath\n|-damage|p1a: Poliwrath|0 fnt\n|faint|p1a: Poliwrath\n|\n|-weather|RainDance|[upkeep]\n|upkeep\n|\n|t:|1781385593\n|switch|p1a: Iron Boulder|Iron Boulder, L77|206/265\n|-damage|p1a: Iron Boulder|173/265|[from] Stealth Rock\n|turn|24\n|\n|t:|1781385607\n|move|p1a: Iron Boulder|Swords Dance|p1a: Iron Boulder\n|-boost|p1a: Iron Boulder|atk|2\n|move|p2a: Enamorus|Moonblast|p1a: Iron Boulder\n|-damage|p1a: Iron Boulder|59/265\n|-unboost|p1a: Iron Boulder|spa|1\n|\n|-weather|RainDance|[upkeep]\n|upkeep\n|turn|25\n|\n|t:|1781385612\n|move|p1a: Iron Boulder|Mighty Cleave|p2a: Enamorus\n|-supereffective|p2a: Enamorus\n|-damage|p2a: Enamorus|0 fnt\n|faint|p2a: Enamorus\n|-damage|p1a: Iron Boulder|33/265|[from] item: Life Orb\n|\n|-weather|RainDance|[upkeep]\n|upkeep\n|\n|t:|1781385615\n|switch|p2a: Volbeat|Volbeat, L90, M|1/263\n|turn|26\n|\n|t:|1781385619\n|move|p2a: Volbeat|Thunder Wave|p1a: Iron Boulder|[miss]\n|-miss|p2a: Volbeat|p1a: Iron Boulder\n|move|p1a: Iron Boulder|Mighty Cleave|p2a: Volbeat\n|-supereffective|p2a: Volbeat\n|-damage|p2a: Volbeat|0 fnt\n|faint|p2a: Volbeat\n|-damage|p1a: Iron Boulder|7/265|[from] item: Life Orb\n|\n|-weather|none\n|upkeep\n|\n|t:|1781385623\n|switch|p2a: Haxorus|Haxorus, L77, F|244/244\n|-ability|p2a: Haxorus|Mold Breaker\n|turn|27\n|\n|t:|1781385637\n|-terastallize|p1a: Iron Boulder|Fighting\n|move|p1a: Iron Boulder|Close Combat|p2a: Haxorus\n|-damage|p2a: Haxorus|0 fnt\n|-unboost|p1a: Iron Boulder|def|1\n|-unboost|p1a: Iron Boulder|spd|1\n|faint|p2a: Haxorus\n|-damage|p1a: Iron Boulder|0 fnt|[from] item: Life Orb\n|faint|p1a: Iron Boulder\n|-end|p1a: Iron Boulder|Quark Drive|[silent]\n|\n|win|MooMoo Mamu\n", "uploadtime": 1781385280, "views": 6, "formatid": "gen9randombattle", "rating": null, "private": 0, "password": null}