{"id": "gen9randombattle-2631738565", "format": "[Gen 9] Random Battle", "players": ["Astademonn", "hfjdkfj"], "log": "|j|\u2606Astademonn\n|j|\u2606hfjdkfj\n|t:|1781431544\n|gametype|singles\n|player|p1|Astademonn|1|1101\n|player|p2|hfjdkfj|1|1106\n|gen|9\n|tier|[Gen 9] Random Battle\n|rated|\n|rule|Species Clause: Limit one of each Pok\u00e9mon\n|rule|HP Percentage Mod: HP is shown in percentages\n|rule|Sleep Clause Mod: Limit one foe put to sleep\n|rule|Illusion Level Mod: Illusion disguises the Pok\u00e9mon's true level\n|\n|t:|1781431544\n|teamsize|p1|6\n|teamsize|p2|6\n|start\n|switch|p1a: Illumise|Illumise, L91, F|266/266\n|switch|p2a: Iron Boulder|Iron Boulder, L77|265/265\n|turn|1\n|\n|t:|1781431563\n|move|p2a: Iron Boulder|Mighty Cleave|p1a: Illumise\n|-supereffective|p1a: Illumise\n|-damage|p1a: Illumise|0 fnt\n|faint|p1a: Illumise\n|-damage|p2a: Iron Boulder|239/265|[from] item: Life Orb\n|\n|upkeep\n|\n|t:|1781431572\n|switch|p1a: Primarina|Primarina, L83, F|268/268\n|turn|2\n|\n|t:|1781431583\n|-end|p2a: Iron Boulder|Quark Drive|[silent]\n|switch|p2a: Slowking|Slowking-Galar, L85, M|300/300\n|move|p1a: Primarina|Hydro Pump|p2a: Slowking\n|-damage|p2a: Slowking|114/300\n|\n|-heal|p2a: Slowking|132/300|[from] item: Leftovers\n|upkeep\n|turn|3\n|\n|t:|1781431599\n|move|p1a: Primarina|Hydro Pump|p2a: Slowking\n|-damage|p2a: Slowking|0 fnt\n|faint|p2a: Slowking\n|\n|upkeep\n|\n|t:|1781431608\n|switch|p2a: Ampharos|Ampharos, L88, M|302/302\n|turn|4\n|inactive|Battle timer is ON: inactive players will automatically lose when time's up. (requested by hfjdkfj)\n|\n|t:|1781431634\n|switch|p1a: Maushold|Maushold, L76|238/238\n|move|p2a: Ampharos|Thunderbolt|p1a: Maushold\n|-damage|p1a: Maushold|82/238\n|\n|upkeep\n|turn|5\n|\n|t:|1781431653\n|move|p1a: Maushold|Population Bomb|p2a: Ampharos\n|-damage|p2a: Ampharos|278/302\n|-damage|p2a: Ampharos|257/302\n|-damage|p2a: Ampharos|236/302\n|-damage|p2a: Ampharos|215/302\n|-damage|p2a: Ampharos|194/302\n|-status|p1a: Maushold|par|[from] ability: Static|[of] p2a: Ampharos\n|-damage|p2a: Ampharos|169/302\n|-damage|p2a: Ampharos|147/302\n|-crit|p2a: Ampharos\n|-damage|p2a: Ampharos|111/302\n|-damage|p2a: Ampharos|90/302\n|-damage|p2a: Ampharos|68/302\n|-hitcount|p2a: Ampharos|10\n|move|p2a: Ampharos|Thunderbolt|p1a: Maushold\n|-damage|p1a: Maushold|0 fnt\n|faint|p1a: Maushold\n|\n|upkeep\n|inactive|Astademonn has 120 seconds left.\n|\n|t:|1781431675\n|switch|p1a: Perrserker|Perrserker, L89, F|269/269\n|turn|6\n|\n|t:|1781431681\n|move|p2a: Ampharos|Focus Blast|p1a: Perrserker\n|-supereffective|p1a: Perrserker\n|-damage|p1a: Perrserker|13/269\n|move|p1a: Perrserker|Stealth Rock|p2a: Ampharos\n|-sidestart|p2: hfjdkfj|move: Stealth Rock\n|\n|upkeep\n|turn|7\n|\n|t:|1781431689\n|move|p2a: Ampharos|Thunderbolt|p1a: Perrserker\n|-damage|p1a: Perrserker|0 fnt\n|faint|p1a: Perrserker\n|\n|upkeep\n|\n|t:|1781431693\n|switch|p1a: Amoonguss|Amoonguss, L82, F|321/321\n|turn|8\n|\n|t:|1781431707\n|move|p2a: Ampharos|Thunderbolt|p1a: Amoonguss\n|-resisted|p1a: Amoonguss\n|-damage|p1a: Amoonguss|252/321\n|move|p1a: Amoonguss|Toxic|p2a: Ampharos\n|-status|p2a: Ampharos|tox\n|\n|-heal|p1a: Amoonguss|272/321|[from] item: Leftovers\n|-damage|p2a: Ampharos|50/302 tox|[from] psn\n|upkeep\n|turn|9\n|\n|t:|1781431716\n|move|p2a: Ampharos|Thunderbolt|p1a: Amoonguss\n|-resisted|p1a: Amoonguss\n|-damage|p1a: Amoonguss|205/321\n|move|p1a: Amoonguss|Giga Drain|p2a: Ampharos\n|-damage|p2a: Ampharos|10/302 tox\n|-heal|p1a: Amoonguss|225/321|[from] drain|[of] p2a: Ampharos\n|\n|-heal|p1a: Amoonguss|245/321|[from] item: Leftovers\n|-damage|p2a: Ampharos|0 fnt|[from] psn\n|faint|p2a: Ampharos\n|upkeep\n|\n|t:|1781431744\n|switch|p2a: Primarina|Primarina, L83, F|268/268\n|-damage|p2a: Primarina|235/268|[from] Stealth Rock\n|turn|10\n|inactive|hfjdkfj has 120 seconds left.\n|\n|t:|1781431760\n|move|p2a: Primarina|Psychic|p1a: Amoonguss\n|-supereffective|p1a: Amoonguss\n|-damage|p1a: Amoonguss|71/321\n|move|p1a: Amoonguss|Spore|p2a: Primarina\n|-status|p2a: Primarina|slp|[from] move: Spore\n|\n|-heal|p2a: Primarina|251/268 slp|[from] item: Leftovers\n|-heal|p1a: Amoonguss|91/321|[from] item: Leftovers\n|upkeep\n|turn|11\n|\n|t:|1781431769\n|cant|p2a: Primarina|slp\n|move|p1a: Amoonguss|Giga Drain|p2a: Primarina\n|-supereffective|p2a: Primarina\n|-damage|p2a: Primarina|137/268 slp\n|-heal|p1a: Amoonguss|148/321|[from] drain|[of] p2a: Primarina\n|\n|-heal|p2a: Primarina|153/268 slp|[from] item: Leftovers\n|-heal|p1a: Amoonguss|168/321|[from] item: Leftovers\n|upkeep\n|turn|12\n|\n|t:|1781431779\n|-curestatus|p2a: Primarina|slp|[msg]\n|move|p2a: Primarina|Psychic|p1a: Amoonguss\n|-supereffective|p1a: Amoonguss\n|-damage|p1a: Amoonguss|2/321\n|-unboost|p1a: Amoonguss|spd|1\n|move|p1a: Amoonguss|Giga Drain|p2a: Primarina\n|-supereffective|p2a: Primarina\n|-damage|p2a: Primarina|39/268\n|-heal|p1a: Amoonguss|59/321|[from] drain|[of] p2a: Primarina\n|\n|-heal|p2a: Primarina|55/268|[from] item: Leftovers\n|-heal|p1a: Amoonguss|79/321|[from] item: Leftovers\n|upkeep\n|turn|13\n|\n|t:|1781431795\n|switch|p1a: Primarina|Primarina, L83, F|268/268\n|move|p2a: Primarina|Psychic|p1a: Primarina\n|-damage|p1a: Primarina|205/268\n|\n|-heal|p2a: Primarina|71/268|[from] item: Leftovers\n|upkeep\n|turn|14\n|\n|t:|1781431808\n|move|p1a: Primarina|Moonblast|p2a: Primarina\n|-damage|p2a: Primarina|0 fnt\n|faint|p2a: Primarina\n|\n|upkeep\n|inactive|hfjdkfj has 120 seconds left.\n|\n|t:|1781431820\n|switch|p2a: Passimian|Passimian, L83, F|302/302\n|-damage|p2a: Passimian|284/302|[from] Stealth Rock\n|turn|15\n|\n|t:|1781431831\n|move|p2a: Passimian|Gunk Shot|p1a: Primarina\n|-supereffective|p1a: Primarina\n|-damage|p1a: Primarina|0 fnt\n|faint|p1a: Primarina\n|\n|upkeep\n|\n|t:|1781431839\n|switch|p1a: Zacian|Zacian, L69|241/241\n|-ability|p1a: Zacian|Intrepid Sword|boost\n|-boost|p1a: Zacian|atk|1\n|turn|16\n|\n|t:|1781431846\n|move|p1a: Zacian|Play Rough|p2a: Passimian\n|-supereffective|p2a: Passimian\n|-damage|p2a: Passimian|0 fnt\n|faint|p2a: Passimian\n|\n|upkeep\n|\n|t:|1781431861\n|switch|p2a: Iron Boulder|Iron Boulder, L77|239/265\n|-damage|p2a: Iron Boulder|206/265|[from] Stealth Rock\n|turn|17\n|inactive|hfjdkfj has 120 seconds left.\n|\n|t:|1781431880\n|move|p2a: Iron Boulder|Mighty Cleave|p1a: Zacian\n|-crit|p1a: Zacian\n|-damage|p1a: Zacian|64/241\n|-damage|p2a: Iron Boulder|180/265|[from] item: Life Orb\n|move|p1a: Zacian|Play Rough|p2a: Iron Boulder\n|-damage|p2a: Iron Boulder|0 fnt\n|faint|p2a: Iron Boulder\n|-end|p2a: Iron Boulder|Quark Drive|[silent]\n|\n|upkeep\n|inactive|hfjdkfj has 120 seconds left.\n|\n|t:|1781431890\n|switch|p2a: Sylveon|Sylveon, L85, M|300/300\n|-damage|p2a: Sylveon|263/300|[from] Stealth Rock\n|turn|18\n|\n|t:|1781431899\n|-terastallize|p2a: Sylveon|Steel\n|move|p1a: Zacian|Play Rough|p2a: Sylveon\n|-resisted|p2a: Sylveon\n|-damage|p2a: Sylveon|158/300\n|move|p2a: Sylveon|Hyper Voice|p1a: Zacian\n|-damage|p1a: Zacian|0 fnt\n|faint|p1a: Zacian\n|\n|-heal|p2a: Sylveon|176/300|[from] item: Leftovers\n|upkeep\n|\n|t:|1781431914\n|switch|p1a: Amoonguss|Amoonguss, L82, F|186/321\n|turn|19\n|\n|t:|1781431930\n|move|p2a: Sylveon|Hyper Voice|p1a: Amoonguss\n|-resisted|p1a: Amoonguss\n|-damage|p1a: Amoonguss|108/321\n|move|p1a: Amoonguss|Spore|p2a: Sylveon\n|-status|p2a: Sylveon|slp|[from] move: Spore\n|\n|-heal|p2a: Sylveon|194/300 slp|[from] item: Leftovers\n|-heal|p1a: Amoonguss|128/321|[from] item: Leftovers\n|upkeep\n|turn|20\n|\n|t:|1781431941\n|cant|p2a: Sylveon|slp\n|move|p1a: Amoonguss|Toxic||[still]\n|-fail|p1a: Amoonguss\n|\n|-heal|p2a: Sylveon|212/300 slp|[from] item: Leftovers\n|-heal|p1a: Amoonguss|148/321|[from] item: Leftovers\n|upkeep\n|turn|21\n|\n|t:|1781431949\n|cant|p2a: Sylveon|slp\n|move|p1a: Amoonguss|Giga Drain|p2a: Sylveon\n|-resisted|p2a: Sylveon\n|-damage|p2a: Sylveon|185/300 slp\n|-heal|p1a: Amoonguss|162/321|[from] drain|[of] p2a: Sylveon\n|\n|-heal|p2a: Sylveon|203/300 slp|[from] item: Leftovers\n|-heal|p1a: Amoonguss|182/321|[from] item: Leftovers\n|upkeep\n|turn|22\n|\n|t:|1781431958\n|-curestatus|p2a: Sylveon|slp|[msg]\n|move|p2a: Sylveon|Wish|p2a: Sylveon\n|move|p1a: Amoonguss|Giga Drain|p2a: Sylveon\n|-resisted|p2a: Sylveon\n|-damage|p2a: Sylveon|179/300\n|-heal|p1a: Amoonguss|194/321|[from] drain|[of] p2a: Sylveon\n|\n|-heal|p2a: Sylveon|197/300|[from] item: Leftovers\n|-heal|p1a: Amoonguss|214/321|[from] item: Leftovers\n|upkeep\n|turn|23\n|\n|t:|1781431970\n|move|p2a: Sylveon|Hyper Voice|p1a: Amoonguss\n|-resisted|p1a: Amoonguss\n|-damage|p1a: Amoonguss|136/321\n|move|p1a: Amoonguss|Spore|p2a: Sylveon\n|-status|p2a: Sylveon|slp|[from] move: Spore\n|\n|-heal|p2a: Sylveon|300/300 slp|[from] move: Wish|[wisher] Sylveon\n|-heal|p1a: Amoonguss|156/321|[from] item: Leftovers\n|upkeep\n|turn|24\n|\n|t:|1781431983\n|cant|p2a: Sylveon|slp\n|move|p1a: Amoonguss|Giga Drain|p2a: Sylveon\n|-resisted|p2a: Sylveon\n|-damage|p2a: Sylveon|275/300 slp\n|-heal|p1a: Amoonguss|169/321|[from] drain|[of] p2a: Sylveon\n|\n|-heal|p2a: Sylveon|293/300 slp|[from] item: Leftovers\n|-heal|p1a: Amoonguss|189/321|[from] item: Leftovers\n|upkeep\n|turn|25\n|\n|t:|1781431992\n|cant|p2a: Sylveon|slp\n|move|p1a: Amoonguss|Giga Drain|p2a: Sylveon\n|-resisted|p2a: Sylveon\n|-damage|p2a: Sylveon|266/300 slp\n|-heal|p1a: Amoonguss|203/321|[from] drain|[of] p2a: Sylveon\n|\n|-heal|p2a: Sylveon|284/300 slp|[from] item: Leftovers\n|-heal|p1a: Amoonguss|223/321|[from] item: Leftovers\n|upkeep\n|turn|26\n|\n|t:|1781432004\n|cant|p2a: Sylveon|slp\n|move|p1a: Amoonguss|Giga Drain|p2a: Sylveon\n|-resisted|p2a: Sylveon\n|-damage|p2a: Sylveon|258/300 slp\n|-heal|p1a: Amoonguss|236/321|[from] drain|[of] p2a: Sylveon\n|\n|-heal|p2a: Sylveon|276/300 slp|[from] item: Leftovers\n|-heal|p1a: Amoonguss|256/321|[from] item: Leftovers\n|upkeep\n|turn|27\n|\n|t:|1781432023\n|-curestatus|p2a: Sylveon|slp|[msg]\n|move|p2a: Sylveon|Hyper Voice|p1a: Amoonguss\n|-resisted|p1a: Amoonguss\n|-damage|p1a: Amoonguss|185/321\n|move|p1a: Amoonguss|Spore|p2a: Sylveon\n|-status|p2a: Sylveon|slp|[from] move: Spore\n|\n|-heal|p2a: Sylveon|294/300 slp|[from] item: Leftovers\n|-heal|p1a: Amoonguss|205/321|[from] item: Leftovers\n|upkeep\n|turn|28\n|\n|t:|1781432036\n|cant|p2a: Sylveon|slp\n|move|p1a: Amoonguss|Giga Drain|p2a: Sylveon\n|-resisted|p2a: Sylveon\n|-damage|p2a: Sylveon|267/300 slp\n|-heal|p1a: Amoonguss|219/321|[from] drain|[of] p2a: Sylveon\n|\n|-heal|p2a: Sylveon|285/300 slp|[from] item: Leftovers\n|-heal|p1a: Amoonguss|239/321|[from] item: Leftovers\n|upkeep\n|turn|29\n|c|\u2606Astademonn|ggs, you have won\n|\n|t:|1781432049\n|-terastallize|p1a: Amoonguss|Steel\n|-curestatus|p2a: Sylveon|slp|[msg]\n|move|p2a: Sylveon|Hyper Voice|p1a: Amoonguss\n|-resisted|p1a: Amoonguss\n|-damage|p1a: Amoonguss|163/321\n|move|p1a: Amoonguss|Giga Drain|p2a: Sylveon\n|-resisted|p2a: Sylveon\n|-damage|p2a: Sylveon|261/300\n|-heal|p1a: Amoonguss|175/321|[from] drain|[of] p2a: Sylveon\n|\n|-heal|p2a: Sylveon|279/300|[from] item: Leftovers\n|-heal|p1a: Amoonguss|195/321|[from] item: Leftovers\n|upkeep\n|turn|30\n|\n|t:|1781432063\n|move|p2a: Sylveon|Hyper Voice|p1a: Amoonguss\n|-resisted|p1a: Amoonguss\n|-damage|p1a: Amoonguss|129/321\n|move|p1a: Amoonguss|Giga Drain|p2a: Sylveon\n|-resisted|p2a: Sylveon\n|-damage|p2a: Sylveon|256/300\n|-heal|p1a: Amoonguss|141/321|[from] drain|[of] p2a: Sylveon\n|\n|-heal|p2a: Sylveon|274/300|[from] item: Leftovers\n|-heal|p1a: Amoonguss|161/321|[from] item: Leftovers\n|upkeep\n|turn|31\n|\n|t:|1781432073\n|move|p2a: Sylveon|Hyper Voice|p1a: Amoonguss\n|-resisted|p1a: Amoonguss\n|-damage|p1a: Amoonguss|87/321\n|move|p1a: Amoonguss|Spore|p2a: Sylveon\n|-status|p2a: Sylveon|slp|[from] move: Spore\n|\n|-heal|p2a: Sylveon|292/300 slp|[from] item: Leftovers\n|-heal|p1a: Amoonguss|107/321|[from] item: Leftovers\n|upkeep\n|turn|32\n|\n|t:|1781432085\n|cant|p2a: Sylveon|slp\n|move|p1a: Amoonguss|Giga Drain|p2a: Sylveon\n|-resisted|p2a: Sylveon\n|-damage|p2a: Sylveon|267/300 slp\n|-heal|p1a: Amoonguss|120/321|[from] drain|[of] p2a: Sylveon\n|\n|-heal|p2a: Sylveon|285/300 slp|[from] item: Leftovers\n|-heal|p1a: Amoonguss|140/321|[from] item: Leftovers\n|upkeep\n|turn|33\n|\n|t:|1781432096\n|-curestatus|p2a: Sylveon|slp|[msg]\n|move|p2a: Sylveon|Hyper Voice|p1a: Amoonguss\n|-resisted|p1a: Amoonguss\n|-damage|p1a: Amoonguss|74/321\n|move|p1a: Amoonguss|Spore|p2a: Sylveon\n|-status|p2a: Sylveon|slp|[from] move: Spore\n|\n|-heal|p2a: Sylveon|300/300 slp|[from] item: Leftovers\n|-heal|p1a: Amoonguss|94/321|[from] item: Leftovers\n|upkeep\n|turn|34\n|\n|t:|1781432108\n|cant|p2a: Sylveon|slp\n|move|p1a: Amoonguss|Toxic||[still]\n|-fail|p1a: Amoonguss\n|\n|-heal|p1a: Amoonguss|114/321|[from] item: Leftovers\n|upkeep\n|turn|35\n|\n|t:|1781432118\n|-curestatus|p2a: Sylveon|slp|[msg]\n|move|p2a: Sylveon|Hyper Voice|p1a: Amoonguss\n|-resisted|p1a: Amoonguss\n|-damage|p1a: Amoonguss|48/321\n|move|p1a: Amoonguss|Toxic|p2a: Sylveon\n|-immune|p2a: Sylveon\n|\n|-heal|p1a: Amoonguss|68/321|[from] item: Leftovers\n|upkeep\n|turn|36\n|\n|t:|1781432130\n|move|p2a: Sylveon|Hyper Voice|p1a: Amoonguss\n|-resisted|p1a: Amoonguss\n|-damage|p1a: Amoonguss|0 fnt\n|faint|p1a: Amoonguss\n|\n|win|hfjdkfj\n|raw|Astademonn's rating: 1101 &rarr; <strong>1076</strong><br />(-25 for losing)\n|raw|hfjdkfj's rating: 1106 &rarr; <strong>1131</strong><br />(+25 for winning)\n|c|\u2606Astademonn|ggs\n", "uploadtime": 1781432141, "views": 4, "formatid": "gen9randombattle", "rating": 1076, "private": 0, "password": null}