{"id": "gen9randombattle-2631564236", "format": "[Gen 9] Random Battle", "players": ["buzbee2000", "azztheddicaff"], "log": "|j|\u2606buzbee2000\n|j|\u2606azztheddicaff\n|t:|1781401945\n|gametype|singles\n|player|p1|buzbee2000|266|1974\n|player|p2|azztheddicaff|265|2087\n|gen|9\n|tier|[Gen 9] Random Battle\n|rated|\n|rule|Species Clause: Limit one of each Pok\u00e9mon\n|rule|HP Percentage Mod: HP is shown in percentages\n|rule|Sleep Clause Mod: Limit one foe put to sleep\n|rule|Illusion Level Mod: Illusion disguises the Pok\u00e9mon's true level\n|\n|t:|1781401945\n|teamsize|p1|6\n|teamsize|p2|6\n|start\n|switch|p1a: Dodrio|Dodrio, L85, M|241/241\n|switch|p2a: Scrafty|Scrafty, L83, F|244/244\n|turn|1\n|\n|t:|1781401958\n|switch|p2a: Eelektross|Eelektross, L87, M|290/290\n|move|p1a: Dodrio|Swords Dance|p1a: Dodrio\n|-boost|p1a: Dodrio|atk|2\n|\n|upkeep\n|turn|2\n|\n|t:|1781401965\n|move|p1a: Dodrio|Double-Edge|p2a: Eelektross\n|-damage|p2a: Eelektross|0 fnt\n|faint|p2a: Eelektross\n|-damage|p1a: Dodrio|145/241|[from] Recoil\n|\n|upkeep\n|\n|t:|1781401974\n|switch|p2a: Rotom|Rotom-Heat, L83|219/219\n|turn|3\n|inactive|Battle timer is ON: inactive players will automatically lose when time's up. (requested by azztheddicaff)\n|\n|t:|1781401983\n|switch|p1a: Carbink|Carbink, L90|236/236\n|-terastallize|p2a: Rotom|Steel\n|move|p2a: Rotom|Thunderbolt|p1a: Carbink\n|-damage|p1a: Carbink|176/236\n|\n|upkeep\n|turn|4\n|\n|t:|1781401989\n|switch|p2a: Scyther|Scyther, L82, F|249/249\n|move|p1a: Carbink|Body Press|p2a: Scyther\n|-resisted|p2a: Scyther\n|-damage|p2a: Scyther|224/249\n|\n|upkeep\n|turn|5\n|\n|t:|1781401998\n|move|p2a: Scyther|U-turn|p1a: Carbink\n|-resisted|p1a: Carbink\n|-damage|p1a: Carbink|151/236\n|\n|t:|1781402001\n|switch|p2a: Lurantis|Lurantis, L87, F|264/264|[from] U-turn\n|move|p1a: Carbink|Iron Defense|p1a: Carbink\n|-boost|p1a: Carbink|def|2\n|\n|upkeep\n|turn|6\n|\n|t:|1781402006\n|switch|p1a: Amoonguss|Amoonguss, L82, M|321/321\n|move|p2a: Lurantis|Leaf Storm|p1a: Amoonguss\n|-resisted|p1a: Amoonguss\n|-damage|p1a: Amoonguss|284/321\n|-boost|p2a: Lurantis|spa|2\n|\n|upkeep\n|turn|7\n|\n|t:|1781402011\n|switch|p2a: Scrafty|Scrafty, L83, F|244/244\n|move|p1a: Amoonguss|Sludge Bomb|p2a: Scrafty\n|-damage|p2a: Scrafty|181/244\n|\n|-heal|p2a: Scrafty|196/244|[from] item: Leftovers\n|upkeep\n|turn|8\n|\n|t:|1781402017\n|switch|p1a: Carbink|Carbink, L90|151/236\n|move|p2a: Scrafty|Knock Off|p1a: Carbink\n|-resisted|p1a: Carbink\n|-damage|p1a: Carbink|124/236\n|-enditem|p1a: Carbink|Chesto Berry|[from] move: Knock Off|[of] p2a: Scrafty\n|\n|-heal|p2a: Scrafty|211/244|[from] item: Leftovers\n|upkeep\n|turn|9\n|\n|t:|1781402022\n|switch|p2a: Lurantis|Lurantis, L87, F|264/264\n|move|p1a: Carbink|Moonblast|p2a: Lurantis\n|-damage|p2a: Lurantis|192/264\n|\n|-heal|p2a: Lurantis|208/264|[from] item: Leftovers\n|upkeep\n|turn|10\n|\n|t:|1781402027\n|switch|p1a: Amoonguss|Amoonguss, L82, M|321/321\n|move|p2a: Lurantis|Leaf Storm|p1a: Amoonguss\n|-resisted|p1a: Amoonguss\n|-damage|p1a: Amoonguss|285/321\n|-boost|p2a: Lurantis|spa|2\n|\n|-heal|p2a: Lurantis|224/264|[from] item: Leftovers\n|upkeep\n|turn|11\n|\n|t:|1781402031\n|move|p2a: Lurantis|Knock Off|p1a: Amoonguss\n|-damage|p1a: Amoonguss|190/321\n|-damage|p2a: Lurantis|180/264|[from] item: Rocky Helmet|[of] p1a: Amoonguss\n|-enditem|p1a: Amoonguss|Rocky Helmet|[from] move: Knock Off|[of] p2a: Lurantis\n|move|p1a: Amoonguss|Sludge Bomb|p2a: Lurantis\n|-supereffective|p2a: Lurantis\n|-damage|p2a: Lurantis|16/264\n|\n|-heal|p2a: Lurantis|32/264|[from] item: Leftovers\n|upkeep\n|turn|12\n|\n|t:|1781402040\n|move|p2a: Lurantis|Synthesis|p2a: Lurantis\n|-heal|p2a: Lurantis|164/264\n|move|p1a: Amoonguss|Sludge Bomb|p2a: Lurantis\n|-supereffective|p2a: Lurantis\n|-damage|p2a: Lurantis|0 fnt\n|faint|p2a: Lurantis\n|\n|upkeep\n|\n|t:|1781402044\n|switch|p2a: Scyther|Scyther, L82, F|224/249\n|turn|13\n|\n|t:|1781402056\n|switch|p1a: Carbink|Carbink, L90|124/236\n|move|p2a: Scyther|Dual Wingbeat|p1a: Carbink\n|-resisted|p1a: Carbink\n|-damage|p1a: Carbink|103/236\n|-resisted|p1a: Carbink\n|-damage|p1a: Carbink|82/236\n|-hitcount|p1a: Carbink|2\n|\n|upkeep\n|turn|14\n|\n|t:|1781402063\n|move|p2a: Scyther|Close Combat|p1a: Carbink\n|-damage|p1a: Carbink|26/236\n|-unboost|p2a: Scyther|def|1\n|-unboost|p2a: Scyther|spd|1\n|move|p1a: Carbink|Rest|p1a: Carbink\n|-status|p1a: Carbink|slp|[from] move: Rest\n|-heal|p1a: Carbink|236/236 slp|[silent]\n|\n|upkeep\n|turn|15\n|\n|t:|1781402068\n|move|p2a: Scyther|U-turn|p1a: Carbink\n|-resisted|p1a: Carbink\n|-damage|p1a: Carbink|213/236 slp\n|\n|t:|1781402072\n|switch|p2a: Rotom|Rotom-Heat, L83, tera:Steel|219/219|[from] U-turn\n|cant|p1a: Carbink|slp\n|\n|upkeep\n|turn|16\n|\n|t:|1781402077\n|move|p2a: Rotom|Nasty Plot|p2a: Rotom\n|-boost|p2a: Rotom|spa|2\n|cant|p1a: Carbink|slp\n|\n|upkeep\n|turn|17\n|\n|t:|1781402080\n|move|p2a: Rotom|Thunderbolt|p1a: Carbink\n|-damage|p1a: Carbink|93/236 slp\n|-curestatus|p1a: Carbink|slp|[msg]\n|move|p1a: Carbink|Body Press|p2a: Rotom\n|-supereffective|p2a: Rotom\n|-damage|p2a: Rotom|55/219\n|\n|upkeep\n|turn|18\n|\n|t:|1781402087\n|move|p2a: Rotom|Thunderbolt|p1a: Carbink\n|-damage|p1a: Carbink|0 fnt\n|faint|p1a: Carbink\n|\n|upkeep\n|\n|t:|1781402092\n|switch|p1a: Spectrier|Spectrier, L75|274/274\n|turn|19\n|\n|t:|1781402095\n|switch|p2a: Moltres|Moltres-Galar, L79|271/271\n|move|p1a: Spectrier|Shadow Ball|p2a: Moltres\n|-resisted|p2a: Moltres\n|-damage|p2a: Moltres|222/271\n|-damage|p1a: Spectrier|247/274|[from] item: Life Orb\n|\n|upkeep\n|turn|20\n|\n|t:|1781402102\n|-terastallize|p1a: Spectrier|Dark\n|move|p1a: Spectrier|Nasty Plot|p1a: Spectrier\n|-boost|p1a: Spectrier|spa|2\n|move|p2a: Moltres|Fiery Wrath|p1a: Spectrier\n|-resisted|p1a: Spectrier\n|-damage|p1a: Spectrier|195/274\n|\n|upkeep\n|turn|21\n|\n|t:|1781402109\n|move|p1a: Spectrier|Draining Kiss|p2a: Moltres\n|-supereffective|p2a: Moltres\n|-damage|p2a: Moltres|58/271\n|-heal|p1a: Spectrier|274/274|[from] drain|[of] p2a: Moltres\n|-ability|p2a: Moltres|Berserk|boost\n|-boost|p2a: Moltres|spa|1\n|-damage|p1a: Spectrier|247/274|[from] item: Life Orb\n|move|p2a: Moltres|Hurricane|p1a: Spectrier|[miss]\n|-miss|p2a: Moltres|p1a: Spectrier\n|\n|upkeep\n|turn|22\n|-message|azztheddicaff forfeited.\n|\n|win|buzbee2000\n", "uploadtime": 1781401946, "views": 4, "formatid": "gen9randombattle", "rating": null, "private": 0, "password": null}