{"id": "gen9randombattle-2631993177", "format": "[Gen 9] Random Battle", "players": ["AmroE13", "bustardkeith"], "log": "|j|\u2606AmroE13\n|j|\u2606bustardkeith\n|t:|1781463733\n|gametype|singles\n|player|p1|AmroE13|266|1983\n|player|p2|bustardkeith|266|2007\n|gen|9\n|tier|[Gen 9] Random Battle\n|rated|\n|rule|Species Clause: Limit one of each Pok\u00e9mon\n|rule|HP Percentage Mod: HP is shown in percentages\n|rule|Sleep Clause Mod: Limit one foe put to sleep\n|rule|Illusion Level Mod: Illusion disguises the Pok\u00e9mon's true level\n|\n|t:|1781463733\n|teamsize|p1|6\n|teamsize|p2|6\n|start\n|switch|p1a: Magearna|Magearna-Original, L77|250/250\n|switch|p2a: Regigigas|Regigigas, L84|322/322\n|-start|p2a: Regigigas|ability: Slow Start\n|turn|1\n|\n|t:|1781463750\n|switch|p2a: Whiscash|Whiscash, L88, F|337/337\n|move|p1a: Magearna|Shift Gear|p1a: Magearna\n|-boost|p1a: Magearna|spe|2\n|-boost|p1a: Magearna|atk|1\n|\n|upkeep\n|turn|2\n|\n|t:|1781463760\n|move|p1a: Magearna|Iron Head|p2a: Whiscash\n|-resisted|p2a: Whiscash\n|-damage|p2a: Whiscash|279/337\n|cant|p2a: Whiscash|flinch\n|\n|-heal|p2a: Whiscash|300/337|[from] item: Leftovers\n|upkeep\n|turn|3\n|inactive|Battle timer is ON: inactive players will automatically lose when time's up. (requested by AmroE13)\n|\n|t:|1781463767\n|switch|p1a: Sinistcha|Sinistcha-Masterpiece, L83|254/254\n|move|p2a: Whiscash|Earthquake|p1a: Sinistcha\n|-resisted|p1a: Sinistcha\n|-damage|p1a: Sinistcha|209/254\n|\n|-heal|p1a: Sinistcha|224/254|[from] item: Leftovers\n|-heal|p2a: Whiscash|321/337|[from] item: Leftovers\n|upkeep\n|turn|4\n|\n|t:|1781463775\n|switch|p2a: Arceus|Arceus-Fire, L72|291/291\n|move|p1a: Sinistcha|Calm Mind|p1a: Sinistcha\n|-boost|p1a: Sinistcha|spa|1\n|-boost|p1a: Sinistcha|spd|1\n|\n|-heal|p1a: Sinistcha|239/254|[from] item: Leftovers\n|upkeep\n|turn|5\n|\n|t:|1781463790\n|move|p2a: Arceus|Calm Mind|p2a: Arceus\n|-boost|p2a: Arceus|spa|1\n|-boost|p2a: Arceus|spd|1\n|move|p1a: Sinistcha|Strength Sap|p2a: Arceus\n|-unboost|p2a: Arceus|atk|1\n|-heal|p1a: Sinistcha|254/254\n|\n|upkeep\n|turn|6\n|\n|t:|1781463795\n|move|p2a: Arceus|Judgment|p1a: Sinistcha\n|-supereffective|p1a: Sinistcha\n|-damage|p1a: Sinistcha|122/254\n|move|p1a: Sinistcha|Calm Mind|p1a: Sinistcha\n|-boost|p1a: Sinistcha|spa|1\n|-boost|p1a: Sinistcha|spd|1\n|\n|-heal|p1a: Sinistcha|137/254|[from] item: Leftovers\n|upkeep\n|turn|7\n|\n|t:|1781463800\n|move|p2a: Arceus|Calm Mind|p2a: Arceus\n|-boost|p2a: Arceus|spa|1\n|-boost|p2a: Arceus|spd|1\n|move|p1a: Sinistcha|Strength Sap|p2a: Arceus\n|-unboost|p2a: Arceus|atk|1\n|-heal|p1a: Sinistcha|254/254\n|\n|upkeep\n|turn|8\n|\n|t:|1781463806\n|move|p2a: Arceus|Calm Mind|p2a: Arceus\n|-boost|p2a: Arceus|spa|1\n|-boost|p2a: Arceus|spd|1\n|move|p1a: Sinistcha|Shadow Ball|p2a: Arceus\n|-damage|p2a: Arceus|224/291\n|-unboost|p2a: Arceus|spd|1\n|\n|upkeep\n|turn|9\n|\n|t:|1781463810\n|move|p2a: Arceus|Judgment|p1a: Sinistcha\n|-supereffective|p1a: Sinistcha\n|-damage|p1a: Sinistcha|108/254\n|move|p1a: Sinistcha|Shadow Ball|p2a: Arceus\n|-crit|p2a: Arceus\n|-damage|p2a: Arceus|0 fnt\n|faint|p2a: Arceus\n|\n|-heal|p1a: Sinistcha|123/254|[from] item: Leftovers\n|upkeep\n|\n|t:|1781463824\n|switch|p2a: Oinkologne|Oinkologne-F, L92, F|361/361\n|turn|10\n|\n|t:|1781463830\n|move|p2a: Oinkologne|Lash Out|p1a: Sinistcha\n|-supereffective|p1a: Sinistcha\n|-damage|p1a: Sinistcha|27/254\n|move|p1a: Sinistcha|Strength Sap|p2a: Oinkologne\n|-unboost|p2a: Oinkologne|atk|1\n|-heal|p1a: Sinistcha|245/254\n|\n|-heal|p1a: Sinistcha|254/254|[from] item: Leftovers\n|upkeep\n|turn|11\n|-message|bustardkeith forfeited.\n|\n|win|AmroE13\n|raw|AmroE13's rating: 1983 &rarr; <strong>2004</strong><br />(+21 for winning)\n|raw|bustardkeith's rating: 2007 &rarr; <strong>1986</strong><br />(-21 for losing)\n|l|\u2606bustardkeith\n|player|p2|\n", "uploadtime": 1781463734, "views": 4, "formatid": "gen9randombattle", "rating": 1986, "private": 0, "password": null}