{"id": "gen9randombattle-2631415653", "format": "[Gen 9] Random Battle", "players": ["Zekromkicker", "grafitigreifer"], "log": "|j|\u2606Zekromkicker\n|j|\u2606grafitigreifer\n|t:|1781381937\n|gametype|singles\n|player|p1|Zekromkicker|rosa-masters|2046\n|player|p2|grafitigreifer|hanbei-conquest|2000\n|gen|9\n|tier|[Gen 9] Random Battle\n|rated|\n|rule|Species Clause: Limit one of each Pok\u00e9mon\n|rule|HP Percentage Mod: HP is shown in percentages\n|rule|Sleep Clause Mod: Limit one foe put to sleep\n|rule|Illusion Level Mod: Illusion disguises the Pok\u00e9mon's true level\n|\n|t:|1781381937\n|teamsize|p1|6\n|teamsize|p2|6\n|start\n|switch|p1a: Flutter Mane|Flutter Mane, L74|203/203\n|switch|p2a: Seviper|Seviper, L93, F|287/287\n|turn|1\n|\n|t:|1781381961\n|-end|p1a: Flutter Mane|Protosynthesis|[silent]\n|switch|p1a: Iron Treads|Iron Treads, L77|265/265\n|move|p2a: Seviper|Gunk Shot|p1a: Iron Treads\n|-immune|p1a: Iron Treads\n|\n|upkeep\n|turn|2\n|\n|t:|1781381975\n|switch|p2a: Hippowdon|Hippowdon, L82, F|311/311\n|-weather|Sandstorm|[from] ability: Sand Stream|[of] p2a: Hippowdon\n|move|p1a: Iron Treads|Earthquake|p2a: Hippowdon\n|-damage|p2a: Hippowdon|226/311\n|\n|-weather|Sandstorm|[upkeep]\n|-heal|p2a: Hippowdon|245/311|[from] item: Leftovers\n|upkeep\n|turn|3\n|\n|t:|1781381984\n|-end|p1a: Iron Treads|Quark Drive|[silent]\n|switch|p1a: Vileplume|Vileplume, L85, M|266/266\n|move|p2a: Hippowdon|Earthquake|p1a: Vileplume\n|-damage|p1a: Vileplume|149/266\n|\n|-weather|Sandstorm|[upkeep]\n|-damage|p1a: Vileplume|133/266|[from] Sandstorm\n|-heal|p1a: Vileplume|149/266|[from] item: Leftovers\n|-heal|p2a: Hippowdon|264/311|[from] item: Leftovers\n|upkeep\n|turn|4\n|\n|t:|1781381991\n|switch|p2a: Victreebel|Victreebel, L90, F|290/290\n|move|p1a: Vileplume|Sleep Powder|p2a: Victreebel\n|-immune|p2a: Victreebel\n|\n|-weather|Sandstorm|[upkeep]\n|-damage|p2a: Victreebel|272/290|[from] Sandstorm\n|-damage|p1a: Vileplume|133/266|[from] Sandstorm\n|-heal|p1a: Vileplume|149/266|[from] item: Leftovers\n|upkeep\n|turn|5\n|\n|t:|1781381999\n|move|p2a: Victreebel|Power Whip|p1a: Vileplume|[miss]\n|-miss|p2a: Victreebel|p1a: Vileplume\n|move|p1a: Vileplume|Sludge Bomb|p2a: Victreebel\n|-damage|p2a: Victreebel|145/290\n|\n|-weather|Sandstorm|[upkeep]\n|-damage|p2a: Victreebel|127/290|[from] Sandstorm\n|-damage|p1a: Vileplume|133/266|[from] Sandstorm\n|-heal|p1a: Vileplume|149/266|[from] item: Leftovers\n|upkeep\n|turn|6\n|\n|t:|1781382005\n|move|p2a: Victreebel|Sludge Wave|p1a: Vileplume\n|-damage|p1a: Vileplume|0 fnt\n|faint|p1a: Vileplume\n|-damage|p2a: Victreebel|98/290|[from] item: Life Orb\n|\n|-weather|none\n|upkeep\n|\n|t:|1781382009\n|switch|p1a: Flutter Mane|Flutter Mane, L74|203/203\n|turn|7\n|\n|t:|1781382016\n|move|p2a: Victreebel|Sucker Punch|p1a: Flutter Mane\n|-damage|p1a: Flutter Mane|87/203\n|-damage|p2a: Victreebel|69/290|[from] item: Life Orb\n|move|p1a: Flutter Mane|Shadow Ball|p2a: Victreebel\n|-damage|p2a: Victreebel|0 fnt\n|faint|p2a: Victreebel\n|-damage|p1a: Flutter Mane|67/203|[from] item: Life Orb\n|\n|upkeep\n|\n|t:|1781382020\n|switch|p2a: Seviper|Seviper, L93, F|287/287\n|turn|8\n|\n|t:|1781382027\n|move|p1a: Flutter Mane|Psyshock|p2a: Seviper\n|-supereffective|p2a: Seviper\n|-damage|p2a: Seviper|92/287\n|-damage|p1a: Flutter Mane|47/203|[from] item: Life Orb\n|move|p2a: Seviper|Swords Dance|p2a: Seviper\n|-boost|p2a: Seviper|atk|2\n|\n|-heal|p2a: Seviper|109/287|[from] item: Leftovers\n|upkeep\n|turn|9\n|\n|t:|1781382032\n|move|p1a: Flutter Mane|Psyshock|p2a: Seviper\n|-supereffective|p2a: Seviper\n|-damage|p2a: Seviper|0 fnt\n|faint|p2a: Seviper\n|-damage|p1a: Flutter Mane|27/203|[from] item: Life Orb\n|\n|upkeep\n|\n|t:|1781382035\n|switch|p2a: Electrode|Electrode, L92|260/260\n|turn|10\n|\n|t:|1781382040\n|-end|p1a: Flutter Mane|Protosynthesis|[silent]\n|switch|p1a: Iron Treads|Iron Treads, L77|265/265\n|move|p2a: Electrode|Thunderbolt|p1a: Iron Treads\n|-immune|p1a: Iron Treads\n|\n|upkeep\n|turn|11\n|\n|t:|1781382045\n|switch|p2a: Hippowdon|Hippowdon, L82, F|264/311\n|-weather|Sandstorm|[from] ability: Sand Stream|[of] p2a: Hippowdon\n|move|p1a: Iron Treads|Volt Switch|p2a: Hippowdon\n|-immune|p2a: Hippowdon\n|\n|-weather|Sandstorm|[upkeep]\n|-heal|p2a: Hippowdon|283/311|[from] item: Leftovers\n|upkeep\n|turn|12\n|\n|t:|1781382050\n|-end|p1a: Iron Treads|Quark Drive|[silent]\n|switch|p1a: Ho-Oh|Ho-Oh, L71|268/268\n|move|p2a: Hippowdon|Curse|p2a: Hippowdon\n|-unboost|p2a: Hippowdon|spe|1\n|-boost|p2a: Hippowdon|atk|1\n|-boost|p2a: Hippowdon|def|1\n|\n|-weather|Sandstorm|[upkeep]\n|-damage|p1a: Ho-Oh|252/268|[from] Sandstorm\n|-heal|p2a: Hippowdon|302/311|[from] item: Leftovers\n|upkeep\n|turn|13\n|\n|t:|1781382059\n|move|p1a: Ho-Oh|Sacred Fire|p2a: Hippowdon\n|-damage|p2a: Hippowdon|253/311\n|move|p2a: Hippowdon|Stone Edge|p1a: Ho-Oh\n|-supereffective|p1a: Ho-Oh\n|-damage|p1a: Ho-Oh|0 fnt\n|faint|p1a: Ho-Oh\n|\n|-weather|Sandstorm|[upkeep]\n|-heal|p2a: Hippowdon|272/311|[from] item: Leftovers\n|upkeep\n|inactive|Battle timer is ON: inactive players will automatically lose when time's up. (requested by Zekromkicker)\n|\n|t:|1781382067\n|switch|p1a: Flutter Mane|Flutter Mane, L74|27/203\n|turn|14\n|\n|t:|1781382071\n|move|p1a: Flutter Mane|Shadow Ball|p2a: Hippowdon\n|-damage|p2a: Hippowdon|138/311\n|-unboost|p2a: Hippowdon|spd|1\n|-damage|p1a: Flutter Mane|7/203|[from] item: Life Orb\n|move|p2a: Hippowdon|Curse|p2a: Hippowdon\n|-unboost|p2a: Hippowdon|spe|1\n|-boost|p2a: Hippowdon|atk|1\n|-boost|p2a: Hippowdon|def|1\n|\n|-weather|Sandstorm|[upkeep]\n|-damage|p1a: Flutter Mane|0 fnt|[from] Sandstorm\n|faint|p1a: Flutter Mane\n|-end|p1a: Flutter Mane|Protosynthesis|[silent]\n|-heal|p2a: Hippowdon|157/311|[from] item: Leftovers\n|upkeep\n|\n|t:|1781382079\n|switch|p1a: Sableye|Sableye, L88, M|231/231\n|turn|15\n|\n|t:|1781382088\n|move|p1a: Sableye|Encore|p2a: Hippowdon\n|-start|p2a: Hippowdon|Encore\n|move|p2a: Hippowdon|Curse|p2a: Hippowdon\n|-unboost|p2a: Hippowdon|spe|1\n|-boost|p2a: Hippowdon|atk|1\n|-boost|p2a: Hippowdon|def|1\n|\n|-weather|none\n|-heal|p2a: Hippowdon|176/311|[from] item: Leftovers\n|upkeep\n|turn|16\n|\n|t:|1781382092\n|switch|p2a: Electrode|Electrode, L92|260/260\n|move|p1a: Sableye|Will-O-Wisp|p2a: Electrode\n|-status|p2a: Electrode|brn\n|\n|-damage|p2a: Electrode|244/260 brn|[from] brn\n|upkeep\n|turn|17\n|\n|t:|1781382099\n|switch|p1a: Iron Treads|Iron Treads, L77|265/265\n|move|p2a: Electrode|Taunt|p1a: Iron Treads\n|-start|p1a: Iron Treads|move: Taunt\n|\n|-damage|p2a: Electrode|228/260 brn|[from] brn\n|upkeep\n|turn|18\n|\n|t:|1781382104\n|switch|p2a: Hippowdon|Hippowdon, L82, F|176/311\n|-weather|Sandstorm|[from] ability: Sand Stream|[of] p2a: Hippowdon\n|move|p1a: Iron Treads|Earthquake|p2a: Hippowdon\n|-damage|p2a: Hippowdon|100/311\n|\n|-weather|Sandstorm|[upkeep]\n|-heal|p2a: Hippowdon|119/311|[from] item: Leftovers\n|upkeep\n|turn|19\n|\n|t:|1781382106\n|move|p1a: Iron Treads|Earthquake|p2a: Hippowdon\n|-damage|p2a: Hippowdon|31/311\n|move|p2a: Hippowdon|Earthquake|p1a: Iron Treads\n|-supereffective|p1a: Iron Treads\n|-damage|p1a: Iron Treads|65/265\n|\n|-weather|Sandstorm|[upkeep]\n|-heal|p2a: Hippowdon|50/311|[from] item: Leftovers\n|-end|p1a: Iron Treads|move: Taunt\n|upkeep\n|turn|20\n|\n|t:|1781382109\n|move|p1a: Iron Treads|Earthquake|p2a: Hippowdon\n|-damage|p2a: Hippowdon|0 fnt\n|faint|p2a: Hippowdon\n|\n|-weather|Sandstorm|[upkeep]\n|upkeep\n|\n|t:|1781382112\n|switch|p2a: Koraidon|Koraidon, L64|235/235\n|-weather|SunnyDay|[from] ability: Orichalcum Pulse|[of] p2a: Koraidon\n|-activate|p2a: Koraidon|Orichalcum Pulse|[source]\n|turn|21\n|\n|t:|1781382133\n|move|p2a: Koraidon|Flare Blitz|p1a: Iron Treads\n|-supereffective|p1a: Iron Treads\n|-damage|p1a: Iron Treads|0 fnt\n|faint|p1a: Iron Treads\n|-end|p1a: Iron Treads|Quark Drive|[silent]\n|-damage|p2a: Koraidon|214/235|[from] Recoil\n|\n|-weather|SunnyDay|[upkeep]\n|upkeep\n|\n|t:|1781382141\n|switch|p1a: Sableye|Sableye, L88, M|231/231\n|turn|22\n|\n|t:|1781382149\n|move|p1a: Sableye|Will-O-Wisp|p2a: Koraidon\n|-status|p2a: Koraidon|brn\n|move|p2a: Koraidon|Flare Blitz|p1a: Sableye\n|-damage|p1a: Sableye|157/231\n|-damage|p2a: Koraidon|190/235 brn|[from] Recoil\n|\n|-weather|SunnyDay|[upkeep]\n|-heal|p1a: Sableye|171/231|[from] item: Leftovers\n|-damage|p2a: Koraidon|176/235 brn|[from] brn\n|upkeep\n|turn|23\n|\n|t:|1781382169\n|switch|p2a: Electrode|Electrode, L92|228/260 brn\n|move|p1a: Sableye|Knock Off|p2a: Electrode\n|-damage|p2a: Electrode|126/260 brn\n|-enditem|p2a: Electrode|Life Orb|[from] move: Knock Off|[of] p1a: Sableye\n|\n|-weather|SunnyDay|[upkeep]\n|-heal|p1a: Sableye|185/231|[from] item: Leftovers\n|-damage|p2a: Electrode|110/260 brn|[from] brn\n|upkeep\n|turn|24\n|\n|t:|1781382190\n|move|p2a: Electrode|Taunt|p1a: Sableye\n|-start|p1a: Sableye|move: Taunt\n|move|p1a: Sableye|Knock Off|p2a: Electrode\n|-damage|p2a: Electrode|46/260 brn\n|\n|-weather|SunnyDay|[upkeep]\n|-heal|p1a: Sableye|199/231|[from] item: Leftovers\n|-damage|p2a: Electrode|30/260 brn|[from] brn\n|upkeep\n|turn|25\n|\n|t:|1781382205\n|move|p2a: Electrode|Thunderbolt|p1a: Sableye\n|-damage|p1a: Sableye|87/231\n|-status|p1a: Sableye|par\n|move|p1a: Sableye|Knock Off|p2a: Electrode\n|-damage|p2a: Electrode|0 fnt\n|-damage|p1a: Sableye|30/231 par|[from] ability: Aftermath|[of] p2a: Electrode\n|faint|p2a: Electrode\n|\n|-weather|none\n|-heal|p1a: Sableye|44/231 par|[from] item: Leftovers\n|upkeep\n|\n|t:|1781382215\n|switch|p2a: Koraidon|Koraidon, L64|176/235 brn\n|-weather|SunnyDay|[from] ability: Orichalcum Pulse|[of] p2a: Koraidon\n|-activate|p2a: Koraidon|Orichalcum Pulse|[source]\n|turn|26\n|\n|t:|1781382230\n|move|p2a: Koraidon|Flare Blitz|p1a: Sableye\n|-damage|p1a: Sableye|0 fnt\n|faint|p1a: Sableye\n|-damage|p2a: Koraidon|161/235 brn|[from] Recoil\n|\n|-weather|SunnyDay|[upkeep]\n|-damage|p2a: Koraidon|147/235 brn|[from] brn\n|upkeep\n|\n|t:|1781382233\n|switch|p1a: Bisharp|Bisharp, L79, M|232/232\n|turn|27\n|\n|t:|1781382241\n|-terastallize|p1a: Bisharp|Ghost\n|move|p2a: Koraidon|Collision Course|p1a: Bisharp\n|-immune|p1a: Bisharp\n|move|p1a: Bisharp|Iron Head|p2a: Koraidon\n|-damage|p2a: Koraidon|56/235 brn\n|\n|-weather|SunnyDay|[upkeep]\n|-damage|p2a: Koraidon|42/235 brn|[from] brn\n|upkeep\n|turn|28\n|\n|t:|1781382253\n|move|p1a: Bisharp|Sucker Punch|p2a: Koraidon\n|-resisted|p2a: Koraidon\n|-damage|p2a: Koraidon|3/235 brn\n|move|p2a: Koraidon|Flare Blitz|p1a: Bisharp\n|-damage|p1a: Bisharp|191/232\n|-status|p1a: Bisharp|brn\n|-damage|p2a: Koraidon|0 fnt|[from] Recoil\n|faint|p2a: Koraidon\n|\n|-weather|SunnyDay|[upkeep]\n|-damage|p1a: Bisharp|177/232 brn|[from] brn\n|upkeep\n|\n|t:|1781382255\n|switch|p2a: Armarouge|Armarouge, L80, M|267/267\n|turn|29\n|\n|t:|1781382260\n|-terastallize|p2a: Armarouge|Grass\n|move|p2a: Armarouge|Armor Cannon|p1a: Bisharp\n|-crit|p1a: Bisharp\n|-damage|p1a: Bisharp|0 fnt\n|-unboost|p2a: Armarouge|def|1\n|-unboost|p2a: Armarouge|spd|1\n|faint|p1a: Bisharp\n|\n|win|grafitigreifer\n", "uploadtime": 1781381939, "views": 9, "formatid": "gen9randombattle", "rating": null, "private": 0, "password": null}