{"id": "gen9randombattle-2631617400", "format": "[Gen 9] Random Battle", "players": ["TimsIceCap", "Smalls32"], "log": "|j|\u2606TimsIceCap\n|j|\u2606Smalls32\n|html|<table width=\"100%\"><tr><td align=\"left\">TimsIceCap</td><td align=\"right\">Smalls32</tr><tr><td align=\"left\"><i class=\"fa fa-circle\"></i> <i class=\"fa fa-circle\"></i> <i class=\"fa fa-circle\"></i> <i class=\"fa fa-circle-o\"></i> </td><td align=\"right\"><i class=\"fa fa-circle-o\"></i> <i class=\"fa fa-circle-o\"></i> <i class=\"fa fa-circle-o\"></i> <i class=\"fa fa-circle\"></i> </tr></table>\n|uhtml|bestof|<h2><strong>Game 5</strong> of <a href=\"/game-bestof7-gen9randombattle-2631591600\">a best-of-7</a></h2>\n|t:|1781409546\n|gametype|singles\n|player|p1|TimsIceCap|az|\n|player|p2|Smalls32|hoopster|\n|gen|9\n|tier|[Gen 9] Random Battle\n|rule|Species Clause: Limit one of each Pok\u00e9mon\n|rule|HP Percentage Mod: HP is shown in percentages\n|rule|Sleep Clause Mod: Limit one foe put to sleep\n|rule|Illusion Level Mod: Illusion disguises the Pok\u00e9mon's true level\n|raw|<div class=\"infobox\"><details class=\"readmore\" open><summary><strong>1 custom rule:</strong></summary> Best of = 7</details></div>\n|\n|t:|1781409546\n|teamsize|p1|6\n|teamsize|p2|6\n|start\n|switch|p1a: Darkrai|Darkrai, L77|234/234\n|switch|p2a: Brute Bonnet|Brute Bonnet, L80|309/309\n|turn|1\n|inactive|Battle timer is ON: inactive players will automatically lose when time's up. (requested by TimsIceCap)\n|\n|t:|1781409590\n|-end|p2a: Brute Bonnet|Protosynthesis|[silent]\n|switch|p2a: Slowking|Slowking-Galar, L85, F|300/300\n|move|p1a: Darkrai|Hypnosis|p2a: Slowking\n|-status|p2a: Slowking|slp|[from] move: Hypnosis\n|\n|-damage|p2a: Slowking|263/300 slp|[from] ability: Bad Dreams|[of] p1a: Darkrai\n|upkeep\n|turn|2\n|inactive|Smalls32 has 270 seconds left.\n|inactive|Smalls32 has 240 seconds left.\n|\n|t:|1781409673\n|switch|p2a: Luvdisc|Luvdisc, M|247/247\n|move|p1a: Darkrai|Nasty Plot|p1a: Darkrai\n|-boost|p1a: Darkrai|spa|2\n|\n|upkeep\n|turn|3\n|\n|t:|1781409695\n|switch|p1a: Sylveon|Sylveon, L85, F|300/300\n|move|p2a: Luvdisc|Substitute|p2a: Luvdisc\n|-start|p2a: Luvdisc|Substitute\n|-damage|p2a: Luvdisc|186/247\n|\n|upkeep\n|turn|4\n|\n|t:|1781409703\n|move|p2a: Luvdisc|Flip Turn|p1a: Sylveon\n|-damage|p1a: Sylveon|246/300\n|\n|t:|1781409712\n|switch|p2a: Slowking|Slowking-Galar, L85, F|300/300 slp|[from] Flip Turn\n|move|p1a: Sylveon|Calm Mind|p1a: Sylveon\n|-boost|p1a: Sylveon|spa|1\n|-boost|p1a: Sylveon|spd|1\n|\n|-heal|p1a: Sylveon|264/300|[from] item: Leftovers\n|upkeep\n|turn|5\n|\n|t:|1781409718\n|switch|p1a: Darkrai|Darkrai, L77|234/234\n|cant|p2a: Slowking|slp\n|\n|-damage|p2a: Slowking|263/300 slp|[from] ability: Bad Dreams|[of] p1a: Darkrai\n|upkeep\n|turn|6\n|\n|t:|1781409723\n|move|p1a: Darkrai|Dark Pulse|p2a: Slowking\n|-supereffective|p2a: Slowking\n|-damage|p2a: Slowking|60/300 slp\n|-damage|p1a: Darkrai|211/234|[from] item: Life Orb\n|cant|p2a: Slowking|slp\n|\n|-heal|p2a: Slowking|78/300 slp|[from] item: Leftovers\n|-damage|p2a: Slowking|41/300 slp|[from] ability: Bad Dreams|[of] p1a: Darkrai\n|upkeep\n|turn|7\n|\n|t:|1781409733\n|switch|p2a: Luvdisc|Luvdisc, M|186/247\n|move|p1a: Darkrai|Nasty Plot|p1a: Darkrai\n|-boost|p1a: Darkrai|spa|2\n|\n|upkeep\n|turn|8\n|\n|t:|1781409738\n|move|p2a: Luvdisc|Substitute|p2a: Luvdisc\n|-start|p2a: Luvdisc|Substitute\n|-damage|p2a: Luvdisc|125/247\n|move|p1a: Darkrai|Dark Pulse|p2a: Luvdisc\n|-end|p2a: Luvdisc|Substitute\n|-damage|p1a: Darkrai|188/234|[from] item: Life Orb\n|\n|upkeep\n|turn|9\n|\n|t:|1781409744\n|switch|p1a: Sylveon|Sylveon, L85, F|264/300\n|move|p2a: Luvdisc|Substitute|p2a: Luvdisc\n|-start|p2a: Luvdisc|Substitute\n|-damage|p2a: Luvdisc|64/247\n|\n|-heal|p1a: Sylveon|282/300|[from] item: Leftovers\n|upkeep\n|turn|10\n|\n|t:|1781409747\n|move|p2a: Luvdisc|Flip Turn|p1a: Sylveon\n|-damage|p1a: Sylveon|233/300\n|\n|t:|1781409754\n|switch|p2a: Slowking|Slowking-Galar, L85, F|141/300 slp|[from] Flip Turn\n|move|p1a: Sylveon|Hyper Voice|p2a: Slowking\n|-resisted|p2a: Slowking\n|-damage|p2a: Slowking|88/300 slp\n|\n|-heal|p1a: Sylveon|251/300|[from] item: Leftovers\n|-heal|p2a: Slowking|106/300 slp|[from] item: Leftovers\n|upkeep\n|turn|11\n|\n|t:|1781409762\n|switch|p1a: Cramorant|Cramorant, L86, M|261/261\n|-curestatus|p2a: Slowking|slp|[msg]\n|move|p2a: Slowking|Sludge Bomb|p1a: Cramorant\n|-damage|p1a: Cramorant|168/261\n|-status|p1a: Cramorant|psn\n|\n|-heal|p2a: Slowking|124/300|[from] item: Leftovers\n|-damage|p1a: Cramorant|136/261 psn|[from] psn\n|upkeep\n|turn|12\n|inactive|Smalls32 has 270 seconds left.\n|\n|t:|1781409782\n|switch|p2a: Clefable|Clefable, L83, M|293/293\n|move|p1a: Cramorant|Brave Bird|p2a: Clefable\n|-damage|p2a: Clefable|154/293\n|-damage|p1a: Cramorant|90/261 psn|[from] Recoil\n|\n|-heal|p2a: Clefable|172/293|[from] item: Leftovers\n|-damage|p1a: Cramorant|58/261 psn|[from] psn\n|upkeep\n|turn|13\n|\n|t:|1781409794\n|move|p1a: Cramorant|Surf|p2a: Clefable\n|-formechange|p1a: Cramorant|Cramorant-Gorging|\n|-damage|p2a: Clefable|79/293\n|move|p2a: Clefable|Moonlight|p2a: Clefable\n|-heal|p2a: Clefable|225/293\n|\n|-heal|p2a: Clefable|243/293|[from] item: Leftovers\n|-damage|p1a: Cramorant|26/261 psn|[from] psn\n|upkeep\n|turn|14\n|\n|t:|1781409808\n|move|p1a: Cramorant|Roost|p1a: Cramorant\n|-heal|p1a: Cramorant|157/261 psn\n|-singleturn|p1a: Cramorant|move: Roost\n|move|p2a: Clefable|Moonlight|p2a: Clefable\n|-heal|p2a: Clefable|293/293\n|\n|-damage|p1a: Cramorant|125/261 psn|[from] psn\n|upkeep\n|turn|15\n|\n|t:|1781409829\n|switch|p2a: Slowking|Slowking-Galar, L85, F|224/300\n|move|p1a: Cramorant|Roost|p1a: Cramorant\n|-heal|p1a: Cramorant|256/261 psn\n|-singleturn|p1a: Cramorant|move: Roost\n|\n|-heal|p2a: Slowking|242/300|[from] item: Leftovers\n|-damage|p1a: Cramorant|224/261 psn|[from] psn\n|upkeep\n|turn|16\n|\n|t:|1781409837\n|move|p1a: Cramorant|Brave Bird|p2a: Slowking\n|-damage|p2a: Slowking|103/300\n|-damage|p1a: Cramorant|178/261 psn|[from] Recoil\n|move|p2a: Slowking|Psychic Noise|p1a: Cramorant\n|-damage|p1a: Cramorant|100/261 psn\n|-start|p1a: Cramorant|move: Heal Block\n|-damage|p2a: Slowking|28/300|[from] ability: Gulp Missile|[of] p1a: Cramorant\n|-status|p2a: Slowking|par\n|-formechange|p1a: Cramorant|Cramorant|\n|\n|-heal|p2a: Slowking|46/300 par|[from] item: Leftovers\n|-damage|p1a: Cramorant|68/261 psn|[from] psn\n|upkeep\n|turn|17\n|\n|t:|1781409860\n|switch|p2a: Luvdisc|Luvdisc, M|64/247\n|move|p1a: Cramorant|Surf|p2a: Luvdisc\n|-formechange|p1a: Cramorant|Cramorant-Gorging|\n|-resisted|p2a: Luvdisc\n|-damage|p2a: Luvdisc|19/247\n|\n|-damage|p1a: Cramorant|36/261 psn|[from] psn\n|-end|p1a: Cramorant|move: Heal Block\n|upkeep\n|turn|18\n|\n|t:|1781409874\n|move|p2a: Luvdisc|Surf|p1a: Cramorant\n|-resisted|p1a: Cramorant\n|-damage|p1a: Cramorant|3/261 psn\n|-damage|p2a: Luvdisc|0 fnt|[from] ability: Gulp Missile|[of] p1a: Cramorant\n|-formechange|p1a: Cramorant|Cramorant|\n|faint|p2a: Luvdisc\n|move|p1a: Cramorant|Roost|p1a: Cramorant\n|-heal|p1a: Cramorant|134/261 psn\n|-singleturn|p1a: Cramorant|move: Roost\n|\n|-damage|p1a: Cramorant|102/261 psn|[from] psn\n|upkeep\n|inactive|Smalls32 has 240 seconds left.\n|inactive|Smalls32 has 210 seconds left.\n|\n|t:|1781409918\n|switch|p2a: Arboliva|Arboliva, L91, F|288/288\n|turn|19\n|\n|t:|1781409927\n|move|p1a: Cramorant|Surf|p2a: Arboliva\n|-formechange|p1a: Cramorant|Cramorant-Gorging|\n|-resisted|p2a: Arboliva\n|-damage|p2a: Arboliva|255/288\n|move|p2a: Arboliva|Hyper Voice|p1a: Cramorant\n|-damage|p1a: Cramorant|0 fnt\n|-damage|p2a: Arboliva|183/288|[from] ability: Gulp Missile|[of] p1a: Cramorant\n|-status|p2a: Arboliva|par\n|-formechange|p1a: Cramorant|Cramorant|\n|faint|p1a: Cramorant\n|\n|upkeep\n|\n|t:|1781409939\n|switch|p1a: Chi-Yu|Chi-Yu, L77|211/211\n|-ability|p1a: Chi-Yu|Beads of Ruin\n|turn|20\n|\n|t:|1781409954\n|switch|p2a: Clefable|Clefable, L83, M|293/293\n|move|p1a: Chi-Yu|Fire Blast|p2a: Clefable\n|-crit|p2a: Clefable\n|-damage|p2a: Clefable|61/293\n|\n|-heal|p2a: Clefable|79/293|[from] item: Leftovers\n|upkeep\n|turn|21\n|inactive|Smalls32 has 210 seconds left.\n|inactive|Smalls32 has 180 seconds left.\n|\n|t:|1781410005\n|switch|p2a: Brute Bonnet|Brute Bonnet, L80|309/309\n|move|p1a: Chi-Yu|Fire Blast|p2a: Brute Bonnet\n|-supereffective|p2a: Brute Bonnet\n|-damage|p2a: Brute Bonnet|0 fnt\n|faint|p2a: Brute Bonnet\n|-end|p2a: Brute Bonnet|Protosynthesis|[silent]\n|\n|upkeep\n|inactive|Smalls32 has 180 seconds left.\n|inactive|Smalls32 has 150 seconds left.\n|\n|t:|1781410047\n|switch|p2a: Arboliva|Arboliva, L91, F|183/288 par\n|turn|22\n|inactive|Smalls32 has 150 seconds left.\n|\n|t:|1781410060\n|-terastallize|p2a: Arboliva|Water\n|move|p1a: Chi-Yu|Fire Blast|p2a: Arboliva\n|-resisted|p2a: Arboliva\n|-crit|p2a: Arboliva\n|-damage|p2a: Arboliva|81/288 par\n|-enditem|p2a: Arboliva|Sitrus Berry|[eat]\n|-heal|p2a: Arboliva|153/288 par|[from] item: Sitrus Berry\n|move|p2a: Arboliva|Leech Seed|p1a: Chi-Yu\n|-start|p1a: Chi-Yu|move: Leech Seed\n|\n|-damage|p1a: Chi-Yu|185/211|[from] Leech Seed|[of] p2a: Arboliva\n|-heal|p2a: Arboliva|179/288 par|[silent]\n|upkeep\n|turn|23\n|inactive|Smalls32 has 150 seconds left.\n|\n|t:|1781410076\n|switch|p1a: Sylveon|Sylveon, L85, F|251/300\n|cant|p2a: Arboliva|par\n|\n|-heal|p1a: Sylveon|269/300|[from] item: Leftovers\n|upkeep\n|turn|24\n|inactive|Smalls32 has 150 seconds left.\n|\n|t:|1781410086\n|switch|p1a: Darkrai|Darkrai, L77|188/234\n|cant|p2a: Arboliva|par\n|\n|upkeep\n|turn|25\n|inactive|Smalls32 has 150 seconds left.\n|\n|t:|1781410101\n|move|p1a: Darkrai|Dark Pulse|p2a: Arboliva\n|-damage|p2a: Arboliva|80/288 par\n|-damage|p1a: Darkrai|165/234|[from] item: Life Orb\n|cant|p2a: Arboliva|par\n|\n|upkeep\n|turn|26\n|\n|t:|1781410109\n|move|p2a: Arboliva|Protect|p2a: Arboliva\n|-singleturn|p2a: Arboliva|Protect\n|move|p1a: Darkrai|Dark Pulse|p2a: Arboliva\n|-activate|p2a: Arboliva|move: Protect\n|\n|upkeep\n|turn|27\n|inactive|Smalls32 has 150 seconds left.\n|\n|t:|1781410126\n|switch|p2a: Clefable|Clefable, L83, M|79/293\n|move|p1a: Darkrai|Dark Pulse|p2a: Clefable\n|-resisted|p2a: Clefable\n|-damage|p2a: Clefable|22/293\n|-damage|p1a: Darkrai|142/234|[from] item: Life Orb\n|\n|-heal|p2a: Clefable|40/293|[from] item: Leftovers\n|upkeep\n|turn|28\n|\n|t:|1781410134\n|move|p1a: Darkrai|Dark Pulse|p2a: Clefable\n|-resisted|p2a: Clefable\n|-damage|p2a: Clefable|0 fnt\n|faint|p2a: Clefable\n|-damage|p1a: Darkrai|119/234|[from] item: Life Orb\n|\n|upkeep\n|\n|t:|1781410140\n|switch|p2a: Arboliva|Arboliva, L91, F, tera:Water|80/288 par\n|turn|29\n|\n|t:|1781410145\n|move|p2a: Arboliva|Protect|p2a: Arboliva\n|-singleturn|p2a: Arboliva|Protect\n|move|p1a: Darkrai|Dark Pulse|p2a: Arboliva\n|-activate|p2a: Arboliva|move: Protect\n|\n|upkeep\n|turn|30\n|\n|t:|1781410155\n|move|p1a: Darkrai|Dark Pulse|p2a: Arboliva\n|-damage|p2a: Arboliva|0 fnt\n|faint|p2a: Arboliva\n|-damage|p1a: Darkrai|96/234|[from] item: Life Orb\n|\n|upkeep\n|inactive|Smalls32 has 150 seconds left.\n|\n|t:|1781410177\n|switch|p2a: Darkrai|Darkrai, L77|234/234\n|turn|31\n|inactive|Smalls32 has 150 seconds left.\n|\n|t:|1781410190\n|move|p2a: Darkrai|Nasty Plot|p2a: Darkrai\n|-boost|p2a: Darkrai|spa|2\n|move|p1a: Darkrai|Dark Pulse|p2a: Darkrai\n|-resisted|p2a: Darkrai\n|-crit|p2a: Darkrai\n|-damage|p2a: Darkrai|144/234\n|-damage|p1a: Darkrai|73/234|[from] item: Life Orb\n|\n|-heal|p2a: Darkrai|158/234|[from] item: Leftovers\n|upkeep\n|turn|32\n|\n|t:|1781410193\n|move|p2a: Darkrai|Sludge Bomb|p1a: Darkrai\n|-damage|p1a: Darkrai|0 fnt\n|faint|p1a: Darkrai\n|\n|-heal|p2a: Darkrai|172/234|[from] item: Leftovers\n|upkeep\n|\n|t:|1781410196\n|switch|p1a: Flutter Mane|Flutter Mane, L74|203/203\n|turn|33\n|\n|t:|1781410204\n|move|p1a: Flutter Mane|Moonblast|p2a: Darkrai\n|-supereffective|p2a: Darkrai\n|-damage|p2a: Darkrai|0 fnt\n|faint|p2a: Darkrai\n|\n|upkeep\n|\n|t:|1781410206\n|switch|p2a: Slowking|Slowking-Galar, L85, F|146/300 par\n|turn|34\n|\n|t:|1781410213\n|-end|p1a: Flutter Mane|Protosynthesis|[silent]\n|switch|p1a: Electrode|Electrode-Hisui, L87|246/246\n|move|p2a: Slowking|Sludge Bomb|p1a: Electrode\n|-supereffective|p1a: Electrode\n|-damage|p1a: Electrode|28/246\n|\n|-heal|p2a: Slowking|164/300 par|[from] item: Leftovers\n|upkeep\n|turn|35\n|inactive|Smalls32 has 180 seconds left.\n|\n|t:|1781410221\n|move|p1a: Electrode|Volt Switch|p2a: Slowking\n|-crit|p2a: Slowking\n|-damage|p2a: Slowking|55/300 par\n|-damage|p1a: Electrode|4/246|[from] item: Life Orb\n|\n|t:|1781410223\n|switch|p1a: Chi-Yu|Chi-Yu, L77|185/211|[from] Volt Switch\n|-ability|p1a: Chi-Yu|Beads of Ruin\n|move|p2a: Slowking|Slack Off|p2a: Slowking\n|-heal|p2a: Slowking|205/300 par\n|\n|-heal|p2a: Slowking|223/300 par|[from] item: Leftovers\n|upkeep\n|turn|36\n|\n|t:|1781410232\n|-terastallize|p1a: Chi-Yu|Dark\n|move|p1a: Chi-Yu|Dark Pulse|p2a: Slowking\n|-supereffective|p2a: Slowking\n|-damage|p2a: Slowking|0 fnt\n|faint|p2a: Slowking\n|\n|win|TimsIceCap\n", "uploadtime": 1781410250, "views": 2, "formatid": "gen9randombattle", "rating": null, "private": 0, "password": null}