{"id": "gen9randombattle-2631741885", "format": "[Gen 9] Random Battle", "players": ["JeanPaulPot", "Rheny"], "log": "|j|\u2606JeanPaulPot\n|j|\u2606Rheny\n|t:|1781432135\n|gametype|singles\n|player|p1|JeanPaulPot|infielder|1992\n|player|p2|Rheny|miku-ghost|1992\n|gen|9\n|tier|[Gen 9] Random Battle\n|rated|\n|rule|Species Clause: Limit one of each Pok\u00e9mon\n|rule|HP Percentage Mod: HP is shown in percentages\n|rule|Sleep Clause Mod: Limit one foe put to sleep\n|rule|Illusion Level Mod: Illusion disguises the Pok\u00e9mon's true level\n|\n|t:|1781432135\n|teamsize|p1|6\n|teamsize|p2|6\n|start\n|switch|p1a: Samurott|Samurott-Hisui, L77, F|265/265\n|switch|p2a: Tauros|Tauros, L82, M|257/257\n|turn|1\n|inactive|Battle timer is ON: inactive players will automatically lose when time's up. (requested by Rheny)\n|inactive|JeanPaulPot has 120 seconds left.\n|inactive|JeanPaulPot has 90 seconds left.\n|\n|t:|1781432242\n|switch|p1a: Deoxys|Deoxys, L74|196/196\n|-ability|p1a: Deoxys|Pressure\n|move|p2a: Tauros|Body Slam|p1a: Deoxys\n|-damage|p1a: Deoxys|0 fnt\n|faint|p1a: Deoxys\n|\n|upkeep\n|inactive|JeanPaulPot has 120 seconds left.\n|inactive|JeanPaulPot has 90 seconds left.\n|\n|t:|1781432312\n|switch|p1a: Latias|Latias, L79, F|256/256\n|turn|2\n|\n|t:|1781432321\n|-terastallize|p1a: Latias|Steel\n|move|p2a: Tauros|Throat Chop|p1a: Latias\n|-damage|p1a: Latias|157/256\n|move|p1a: Latias|Calm Mind|p1a: Latias\n|-boost|p1a: Latias|spa|1\n|-boost|p1a: Latias|spd|1\n|\n|upkeep\n|turn|3\n|inactive|JeanPaulPot has 90 seconds left.\n|c|\u2606Rheny|what is going on\n|\n|t:|1781432346\n|move|p2a: Tauros|Close Combat|p1a: Latias\n|-supereffective|p1a: Latias\n|-damage|p1a: Latias|0 fnt\n|-unboost|p2a: Tauros|def|1\n|-unboost|p2a: Tauros|spd|1\n|faint|p1a: Latias\n|-damage|p2a: Tauros|232/257|[from] item: Life Orb\n|\n|upkeep\n|inactive|JeanPaulPot has 60 seconds left.\n|\n|t:|1781432389\n|switch|p1a: Samurott|Samurott-Hisui, L77, F|265/265\n|turn|4\n|\n|t:|1781432417\n|-terastallize|p2a: Tauros|Fighting\n|move|p2a: Tauros|Close Combat|p1a: Samurott\n|-supereffective|p1a: Samurott\n|-damage|p1a: Samurott|0 fnt\n|-unboost|p2a: Tauros|def|1\n|-unboost|p2a: Tauros|spd|1\n|faint|p1a: Samurott\n|-damage|p2a: Tauros|207/257|[from] item: Life Orb\n|\n|upkeep\n|\n|t:|1781432431\n|switch|p1a: Floatzel|Floatzel, L86, F|286/286\n|turn|5\n|\n|t:|1781432447\n|switch|p2a: Grimmsnarl|Grimmsnarl, L83, M|293/293\n|move|p1a: Floatzel|Bulk Up|p1a: Floatzel\n|-boost|p1a: Floatzel|atk|1\n|-boost|p1a: Floatzel|def|1\n|\n|upkeep\n|turn|6\n|inactive|JeanPaulPot has 60 seconds left.\n|\n|t:|1781432457\n|move|p2a: Grimmsnarl|Thunder Wave|p1a: Floatzel\n|-status|p1a: Floatzel|par\n|move|p1a: Floatzel|Wave Crash|p2a: Grimmsnarl\n|-damage|p2a: Grimmsnarl|46/293\n|-damage|p1a: Floatzel|204/286 par|[from] Recoil\n|\n|-heal|p1a: Floatzel|221/286 par|[from] item: Leftovers\n|upkeep\n|turn|7\n|inactive|JeanPaulPot has 60 seconds left.\n|\n|t:|1781432474\n|move|p2a: Grimmsnarl|Reflect|p2a: Grimmsnarl\n|-sidestart|p2: Rheny|Reflect\n|move|p1a: Floatzel|Ice Spinner|p2a: Grimmsnarl\n|-crit|p2a: Grimmsnarl\n|-damage|p2a: Grimmsnarl|0 fnt\n|faint|p2a: Grimmsnarl\n|\n|-heal|p1a: Floatzel|238/286 par|[from] item: Leftovers\n|upkeep\n|\n|t:|1781432480\n|switch|p2a: Tauros|Tauros, L82, M, tera:Fighting|207/257\n|turn|8\n|inactive|JeanPaulPot has 60 seconds left.\n|\n|t:|1781432488\n|move|p2a: Tauros|Body Slam|p1a: Floatzel\n|-damage|p1a: Floatzel|98/286 par\n|move|p1a: Floatzel|Wave Crash|p2a: Tauros\n|-damage|p2a: Tauros|114/257\n|-damage|p1a: Floatzel|67/286 par|[from] Recoil\n|\n|-heal|p1a: Floatzel|84/286 par|[from] item: Leftovers\n|upkeep\n|turn|9\n|inactive|JeanPaulPot has 60 seconds left.\n|\n|t:|1781432499\n|move|p2a: Tauros|Body Slam|p1a: Floatzel\n|-crit|p1a: Floatzel\n|-damage|p1a: Floatzel|0 fnt\n|faint|p1a: Floatzel\n|\n|upkeep\n|inactive|JeanPaulPot has 60 seconds left.\n|\n|t:|1781432508\n|switch|p1a: Revavroom|Revavroom, L79, F|256/256\n|turn|10\n|\n|t:|1781432524\n|move|p2a: Tauros|Zen Headbutt|p1a: Revavroom\n|-damage|p1a: Revavroom|159/256\n|move|p1a: Revavroom|Shift Gear|p1a: Revavroom\n|-boost|p1a: Revavroom|spe|2\n|-boost|p1a: Revavroom|atk|1\n|\n|upkeep\n|turn|11\n|\n|t:|1781432533\n|move|p1a: Revavroom|Gunk Shot|p2a: Tauros|[miss]\n|-miss|p1a: Revavroom|p2a: Tauros\n|move|p2a: Tauros|Body Slam|p1a: Revavroom\n|-resisted|p1a: Revavroom\n|-damage|p1a: Revavroom|81/256\n|\n|upkeep\n|turn|12\n|\n|t:|1781432537\n|move|p1a: Revavroom|Gunk Shot|p2a: Tauros|[miss]\n|-miss|p1a: Revavroom|p2a: Tauros\n|move|p2a: Tauros|Body Slam|p1a: Revavroom\n|-resisted|p1a: Revavroom\n|-crit|p1a: Revavroom\n|-damage|p1a: Revavroom|0 fnt\n|faint|p1a: Revavroom\n|\n|upkeep\n|\n|t:|1781432541\n|switch|p1a: Altaria|Altaria, L89, F|278/278\n|turn|13\n|\n|t:|1781432545\n|move|p2a: Tauros|Body Slam|p1a: Altaria\n|-damage|p1a: Altaria|136/278\n|move|p1a: Altaria|Dragon Dance|p1a: Altaria\n|-boost|p1a: Altaria|atk|1\n|-boost|p1a: Altaria|spe|1\n|\n|upkeep\n|turn|14\n|\n|t:|1781432548\n|move|p1a: Altaria|Roost|p1a: Altaria\n|-heal|p1a: Altaria|275/278\n|-singleturn|p1a: Altaria|move: Roost\n|move|p2a: Tauros|Body Slam|p1a: Altaria\n|-damage|p1a: Altaria|141/278\n|\n|-sideend|p2: Rheny|Reflect\n|upkeep\n|turn|15\n|\n|t:|1781432559\n|move|p1a: Altaria|Brave Bird|p2a: Tauros\n|-supereffective|p2a: Tauros\n|-damage|p2a: Tauros|0 fnt\n|faint|p2a: Tauros\n|-damage|p1a: Altaria|103/278|[from] Recoil\n|\n|upkeep\n|\n|t:|1781432573\n|switch|p2a: Brambleghast|Brambleghast, L88, M|240/240\n|turn|16\n|inactive|JeanPaulPot has 120 seconds left.\n|\n|t:|1781432585\n|move|p1a: Altaria|Roost|p1a: Altaria\n|-heal|p1a: Altaria|242/278\n|-singleturn|p1a: Altaria|move: Roost\n|move|p2a: Brambleghast|Poltergeist|p1a: Altaria\n|-activate|p1a: Altaria|move: Poltergeist|Heavy-Duty Boots\n|-damage|p1a: Altaria|115/278\n|\n|upkeep\n|turn|17\n|\n|t:|1781432594\n|move|p1a: Altaria|Brave Bird|p2a: Brambleghast\n|-supereffective|p2a: Brambleghast\n|-damage|p2a: Brambleghast|0 fnt\n|faint|p2a: Brambleghast\n|-damage|p1a: Altaria|36/278|[from] Recoil\n|\n|upkeep\n|\n|t:|1781432599\n|switch|p2a: Hitmonlee|Hitmonlee, L85, M|223/223\n|turn|18\n|\n|t:|1781432606\n|move|p1a: Altaria|Roost|p1a: Altaria\n|-heal|p1a: Altaria|175/278\n|-singleturn|p1a: Altaria|move: Roost\n|move|p2a: Hitmonlee|Stone Edge|p1a: Altaria\n|-crit|p1a: Altaria\n|-damage|p1a: Altaria|0 fnt\n|faint|p1a: Altaria\n|\n|win|Rheny\n", "uploadtime": 1781432136, "views": 4, "formatid": "gen9randombattle", "rating": null, "private": 0, "password": null}