{"id": "gen9randombattle-2631502600", "format": "[Gen 9] Random Battle", "players": ["Munizsandi", "hddhgdydhdhdd"], "log": "|j|\u2606Munizsandi\n|j|\u2606hddhgdydhdhdd\n|t:|1781393320\n|gametype|singles\n|player|p1|Munizsandi|101|1040\n|player|p2|hddhgdydhdhdd|265|1045\n|gen|9\n|tier|[Gen 9] Random Battle\n|rated|\n|rule|Species Clause: Limit one of each Pok\u00e9mon\n|rule|HP Percentage Mod: HP is shown in percentages\n|rule|Sleep Clause Mod: Limit one foe put to sleep\n|rule|Illusion Level Mod: Illusion disguises the Pok\u00e9mon's true level\n|\n|t:|1781393320\n|teamsize|p1|6\n|teamsize|p2|6\n|start\n|switch|p1a: Hoopa|Hoopa-Unbound, L80|259/259\n|switch|p2a: Tauros|Tauros-Paldea-Blaze, L81, M|252/252\n|turn|1\n|inactive|Battle timer is ON: inactive players will automatically lose when time's up. (requested by Munizsandi)\n|\n|t:|1781393332\n|move|p2a: Tauros|Substitute|p2a: Tauros\n|-start|p2a: Tauros|Substitute\n|-damage|p2a: Tauros|189/252\n|move|p1a: Hoopa|Hyperspace Fury|p2a: Tauros\n|-resisted|p2a: Tauros\n|-damage|p2a: Tauros|120/252\n|-unboost|p1a: Hoopa|def|1\n|-enditem|p2a: Tauros|Sitrus Berry|[eat]\n|-heal|p2a: Tauros|183/252|[from] item: Sitrus Berry\n|\n|upkeep\n|turn|2\n|\n|t:|1781393348\n|switch|p1a: Tatsugiri|Tatsugiri, L87, F|260/260\n|move|p2a: Tauros|Bulk Up|p2a: Tauros\n|-boost|p2a: Tauros|atk|1\n|-boost|p2a: Tauros|def|1\n|\n|-activate|p2a: Tauros|ability: Cud Chew\n|-enditem|p2a: Tauros|Sitrus Berry|[eat]\n|-heal|p2a: Tauros|246/252|[from] item: Sitrus Berry\n|upkeep\n|turn|3\n|\n|t:|1781393362\n|move|p2a: Tauros|Close Combat|p1a: Tatsugiri\n|-damage|p1a: Tatsugiri|4/260\n|-unboost|p2a: Tauros|def|1\n|-unboost|p2a: Tauros|spd|1\n|move|p1a: Tatsugiri|Nasty Plot|p1a: Tatsugiri\n|-boost|p1a: Tatsugiri|spa|2\n|\n|upkeep\n|turn|4\n|\n|t:|1781393372\n|move|p2a: Tauros|Raging Bull|p1a: Tatsugiri\n|-resisted|p1a: Tatsugiri\n|-damage|p1a: Tatsugiri|0 fnt\n|faint|p1a: Tatsugiri\n|\n|upkeep\n|\n|t:|1781393383\n|switch|p1a: Delphox|Delphox, L84, F|263/263\n|turn|5\n|\n|t:|1781393391\n|move|p1a: Delphox|Grass Knot|p2a: Tauros\n|-resisted|p2a: Tauros\n|-end|p2a: Tauros|Substitute\n|move|p2a: Tauros|Close Combat|p1a: Delphox\n|-resisted|p1a: Delphox\n|-damage|p1a: Delphox|146/263\n|-unboost|p2a: Tauros|def|1\n|-unboost|p2a: Tauros|spd|1\n|\n|upkeep\n|turn|6\n|\n|t:|1781393401\n|move|p1a: Delphox|Grass Knot|p2a: Tauros\n|-resisted|p2a: Tauros\n|-damage|p2a: Tauros|123/252\n|move|p2a: Tauros|Close Combat|p1a: Delphox\n|-resisted|p1a: Delphox\n|-damage|p1a: Delphox|42/263\n|-unboost|p2a: Tauros|def|1\n|-unboost|p2a: Tauros|spd|1\n|\n|upkeep\n|turn|7\n|\n|t:|1781393410\n|switch|p2a: Spidops|Spidops, L96, M|271/271\n|move|p1a: Delphox|Grass Knot|p2a: Spidops\n|-resisted|p2a: Spidops\n|-damage|p2a: Spidops|249/271\n|\n|upkeep\n|turn|8\n|\n|t:|1781393426\n|switch|p1a: Annihilape|Annihilape, L76, F|292/292\n|move|p2a: Spidops|Sticky Web|p1a: Annihilape\n|-sidestart|p1: Munizsandi|move: Sticky Web\n|\n|upkeep\n|turn|9\n|\n|t:|1781393438\n|switch|p2a: Noivern|Noivern, L82, F|274/274\n|move|p1a: Annihilape|Rage Fist|p2a: Noivern\n|-damage|p2a: Noivern|220/274\n|\n|upkeep\n|turn|10\n|\n|t:|1781393449\n|move|p2a: Noivern|Hurricane|p1a: Annihilape\n|-supereffective|p1a: Annihilape\n|-damage|p1a: Annihilape|52/292\n|move|p1a: Annihilape|Drain Punch|p2a: Noivern\n|-resisted|p2a: Noivern\n|-damage|p2a: Noivern|179/274\n|-heal|p1a: Annihilape|73/292|[from] drain|[of] p2a: Noivern\n|\n|-heal|p1a: Annihilape|91/292|[from] item: Leftovers\n|upkeep\n|turn|11\n|\n|t:|1781393461\n|move|p2a: Noivern|Draco Meteor|p1a: Annihilape\n|-damage|p1a: Annihilape|0 fnt\n|-unboost|p2a: Noivern|spa|2\n|faint|p1a: Annihilape\n|\n|upkeep\n|\n|t:|1781393468\n|switch|p1a: Delphox|Delphox, L84, F|42/263\n|-activate|p1a: Delphox|move: Sticky Web\n|-unboost|p1a: Delphox|spe|1\n|turn|12\n|\n|t:|1781393481\n|move|p2a: Noivern|Draco Meteor|p1a: Delphox\n|-damage|p1a: Delphox|0 fnt\n|-unboost|p2a: Noivern|spa|2\n|faint|p1a: Delphox\n|\n|upkeep\n|\n|t:|1781393488\n|switch|p1a: Drednaw|Drednaw, L81, F|278/278\n|-activate|p1a: Drednaw|move: Sticky Web\n|-unboost|p1a: Drednaw|spe|1\n|-enditem|p1a: Drednaw|White Herb\n|-clearnegativeboost|p1a: Drednaw|[silent]\n|turn|13\n|\n|t:|1781393496\n|switch|p2a: Tauros|Tauros-Paldea-Blaze, L81, M|123/252\n|move|p1a: Drednaw|Liquidation|p2a: Tauros\n|-supereffective|p2a: Tauros\n|-damage|p2a: Tauros|0 fnt\n|faint|p2a: Tauros\n|\n|upkeep\n|\n|t:|1781393503\n|switch|p2a: Magnezone|Magnezone, L85|258/258\n|turn|14\n|\n|t:|1781393508\n|move|p2a: Magnezone|Volt Switch|p1a: Drednaw\n|-supereffective|p1a: Drednaw\n|-crit|p1a: Drednaw\n|-damage|p1a: Drednaw|0 fnt\n|faint|p1a: Drednaw\n|\n|t:|1781393512\n|switch|p2a: Spidops|Spidops, L96, M|249/271|[from] Volt Switch\n|\n|upkeep\n|\n|t:|1781393517\n|switch|p1a: Hoopa|Hoopa-Unbound, L80|259/259\n|-activate|p1a: Hoopa|move: Sticky Web\n|-unboost|p1a: Hoopa|spe|1\n|turn|15\n|\n|t:|1781393521\n|move|p2a: Spidops|U-turn|p1a: Hoopa\n|-supereffective|p1a: Hoopa\n|-damage|p1a: Hoopa|0 fnt\n|faint|p1a: Hoopa\n|\n|t:|1781393525\n|switch|p2a: Scizor|Scizor, L79, M|240/240|[from] U-turn\n|\n|upkeep\n|\n|t:|1781393529\n|switch|p1a: Frosmoth|Frosmoth, L82, M|249/249\n|turn|16\n|\n|t:|1781393534\n|move|p2a: Scizor|Bullet Punch|p1a: Frosmoth\n|-supereffective|p1a: Frosmoth\n|-damage|p1a: Frosmoth|0 fnt\n|faint|p1a: Frosmoth\n|-damage|p2a: Scizor|216/240|[from] item: Life Orb\n|\n|win|hddhgdydhdhdd\n|raw|Munizsandi's rating: 1040 &rarr; <strong>1024</strong><br />(-16 for losing)\n|raw|hddhgdydhdhdd's rating: 1045 &rarr; <strong>1078</strong><br />(+33 for winning)\n", "uploadtime": 1781393536, "views": 2, "formatid": "gen9randombattle", "rating": 1024, "private": 0, "password": null}