{"id": "gen9randombattle-2631613187", "format": "[Gen 9] Random Battle", "players": ["Sharkseatfood", "panchamm"], "log": "|j|\u2606Sharkseatfood\n|j|\u2606panchamm\n|t:|1781408901\n|gametype|singles\n|player|p1|Sharkseatfood|1|1216\n|player|p2|panchamm|169|1212\n|gen|9\n|tier|[Gen 9] Random Battle\n|rated|\n|rule|Species Clause: Limit one of each Pok\u00e9mon\n|rule|HP Percentage Mod: HP is shown in percentages\n|rule|Sleep Clause Mod: Limit one foe put to sleep\n|rule|Illusion Level Mod: Illusion disguises the Pok\u00e9mon's true level\n|\n|t:|1781408901\n|teamsize|p1|6\n|teamsize|p2|6\n|start\n|switch|p1a: Flygon|Flygon, L82, F|265/265\n|switch|p2a: Ninetales|Ninetales-Alola, L78, F|242/242\n|-weather|Snowscape|[from] ability: Snow Warning|[of] p2a: Ninetales\n|turn|1\n|\n|t:|1781408918\n|move|p1a: Flygon|Earthquake|p2a: Ninetales\n|-damage|p2a: Ninetales|152/242\n|move|p2a: Ninetales|Aurora Veil|p2a: Ninetales\n|-sidestart|p2: panchamm|move: Aurora Veil\n|\n|-weather|Snowscape|[upkeep]\n|upkeep\n|turn|2\n|inactive|Battle timer is ON: inactive players will automatically lose when time's up. (requested by panchamm)\n|\n|t:|1781408926\n|move|p1a: Flygon|Earthquake|p2a: Ninetales\n|-damage|p2a: Ninetales|113/242\n|move|p2a: Ninetales|Blizzard|p1a: Flygon\n|-supereffective|p1a: Flygon\n|-damage|p1a: Flygon|0 fnt\n|faint|p1a: Flygon\n|\n|-weather|Snowscape|[upkeep]\n|upkeep\n|\n|t:|1781408933\n|switch|p1a: Copperajah|Copperajah, L86, F|350/350\n|turn|3\n|\n|t:|1781408941\n|switch|p2a: Dondozo|Dondozo, L78, F|362/362\n|move|p1a: Copperajah|Iron Head|p2a: Dondozo\n|-resisted|p2a: Dondozo\n|-damage|p2a: Dondozo|324/362\n|\n|-weather|Snowscape|[upkeep]\n|-heal|p2a: Dondozo|346/362|[from] item: Leftovers\n|upkeep\n|turn|4\n|\n|t:|1781408952\n|switch|p1a: Torkoal|Torkoal, L88, M|266/266\n|-weather|SunnyDay|[from] ability: Drought|[of] p1a: Torkoal\n|move|p2a: Dondozo|Curse|p2a: Dondozo\n|-unboost|p2a: Dondozo|spe|1\n|-boost|p2a: Dondozo|atk|1\n|-boost|p2a: Dondozo|def|1\n|\n|-weather|SunnyDay|[upkeep]\n|-heal|p2a: Dondozo|362/362|[from] item: Leftovers\n|upkeep\n|turn|5\n|inactive|panchamm has 120 seconds left.\n|\n|t:|1781408985\n|switch|p2a: Ninetales|Ninetales-Alola, L78, F|113/242\n|-weather|Snowscape|[from] ability: Snow Warning|[of] p2a: Ninetales\n|move|p1a: Torkoal|Yawn|p2a: Ninetales\n|-start|p2a: Ninetales|move: Yawn|[of] p1a: Torkoal\n|\n|-weather|Snowscape|[upkeep]\n|upkeep\n|turn|6\n|inactive|panchamm has 120 seconds left.\n|inactive|panchamm has 90 seconds left.\n|\n|t:|1781409039\n|switch|p2a: Ting-Lu|Ting-Lu, L78|370/370\n|-ability|p2a: Ting-Lu|Vessel of Ruin\n|move|p1a: Torkoal|Yawn|p2a: Ting-Lu\n|-start|p2a: Ting-Lu|move: Yawn|[of] p1a: Torkoal\n|\n|-weather|Snowscape|[upkeep]\n|upkeep\n|turn|7\n|\n|t:|1781409052\n|switch|p1a: Copperajah|Copperajah, L86, F|350/350\n|move|p2a: Ting-Lu|Stealth Rock|p1a: Copperajah\n|-sidestart|p1: Sharkseatfood|move: Stealth Rock\n|\n|-weather|Snowscape|[upkeep]\n|-end|p2a: Ting-Lu|move: Yawn|[silent]\n|-status|p2a: Ting-Lu|slp\n|upkeep\n|turn|8\n|\n|t:|1781409059\n|switch|p2a: Dondozo|Dondozo, L78, F|362/362\n|move|p1a: Copperajah|Stealth Rock|p2a: Dondozo\n|-sidestart|p2: panchamm|move: Stealth Rock\n|\n|-weather|Snowscape|[upkeep]\n|-sideend|p2: panchamm|move: Aurora Veil\n|upkeep\n|turn|9\n|inactive|panchamm has 90 seconds left.\n|\n|t:|1781409085\n|move|p1a: Copperajah|Play Rough|p2a: Dondozo\n|-damage|p2a: Dondozo|232/362\n|move|p2a: Dondozo|Curse|p2a: Dondozo\n|-unboost|p2a: Dondozo|spe|1\n|-boost|p2a: Dondozo|atk|1\n|-boost|p2a: Dondozo|def|1\n|\n|-weather|none\n|-heal|p2a: Dondozo|254/362|[from] item: Leftovers\n|upkeep\n|turn|10\n|\n|t:|1781409095\n|switch|p1a: Torkoal|Torkoal, L88, M|266/266\n|-weather|SunnyDay|[from] ability: Drought|[of] p1a: Torkoal\n|move|p2a: Dondozo|Wave Crash|p1a: Torkoal\n|-supereffective|p1a: Torkoal\n|-damage|p1a: Torkoal|152/266\n|-damage|p2a: Dondozo|216/362|[from] Recoil\n|\n|-weather|SunnyDay|[upkeep]\n|-heal|p2a: Dondozo|238/362|[from] item: Leftovers\n|upkeep\n|turn|11\n|inactive|panchamm has 90 seconds left.\n|\n|t:|1781409104\n|move|p1a: Torkoal|Solar Beam||[still]\n|-prepare|p1a: Torkoal|Solar Beam\n|-anim|p1a: Torkoal|Solar Beam|p2a: Dondozo\n|-supereffective|p2a: Dondozo\n|-crit|p2a: Dondozo\n|-damage|p2a: Dondozo|0 fnt\n|faint|p2a: Dondozo\n|\n|-weather|SunnyDay|[upkeep]\n|upkeep\n|inactive|panchamm has 90 seconds left.\n|\n|t:|1781409113\n|switch|p2a: Ninetales|Ninetales-Alola, L78, F|113/242\n|-damage|p2a: Ninetales|53/242|[from] Stealth Rock\n|-weather|Snowscape|[from] ability: Snow Warning|[of] p2a: Ninetales\n|turn|12\n|\n|t:|1781409120\n|move|p2a: Ninetales|Aurora Veil|p2a: Ninetales\n|-sidestart|p2: panchamm|move: Aurora Veil\n|move|p1a: Torkoal|Rapid Spin|p2a: Ninetales\n|-damage|p2a: Ninetales|38/242\n|-boost|p1a: Torkoal|spe|1\n|-sideend|p1: Sharkseatfood|Stealth Rock|[from] move: Rapid Spin|[of] p1a: Torkoal\n|\n|-weather|Snowscape|[upkeep]\n|upkeep\n|turn|13\n|\n|t:|1781409132\n|switch|p2a: Lunala|Lunala, L70|308/308\n|-damage|p2a: Lunala|270/308|[from] Stealth Rock\n|move|p1a: Torkoal|Lava Plume|p2a: Lunala\n|-damage|p2a: Lunala|226/308\n|-status|p2a: Lunala|brn\n|\n|-weather|Snowscape|[upkeep]\n|-heal|p2a: Lunala|245/308 brn|[from] item: Leftovers\n|-damage|p2a: Lunala|226/308 brn|[from] brn\n|upkeep\n|turn|14\n|\n|t:|1781409142\n|move|p2a: Lunala|Moongeist Beam|p1a: Torkoal\n|-damage|p1a: Torkoal|40/266\n|move|p1a: Torkoal|Yawn||[still]\n|-fail|p1a: Torkoal\n|\n|-weather|Snowscape|[upkeep]\n|-heal|p2a: Lunala|245/308 brn|[from] item: Leftovers\n|-damage|p2a: Lunala|226/308 brn|[from] brn\n|upkeep\n|turn|15\n|\n|t:|1781409154\n|move|p2a: Lunala|Moongeist Beam|p1a: Torkoal\n|-damage|p1a: Torkoal|0 fnt\n|faint|p1a: Torkoal\n|\n|-weather|Snowscape|[upkeep]\n|-heal|p2a: Lunala|245/308 brn|[from] item: Leftovers\n|-damage|p2a: Lunala|226/308 brn|[from] brn\n|upkeep\n|\n|t:|1781409160\n|switch|p1a: Meowscarada|Meowscarada, L78, M|247/247\n|turn|16\n|inactive|panchamm has 120 seconds left.\n|\n|t:|1781409169\n|switch|p2a: Dachsbun|Dachsbun, L92, F|254/254\n|-damage|p2a: Dachsbun|223/254|[from] Stealth Rock\n|move|p1a: Meowscarada|Knock Off|p2a: Dachsbun\n|-start|p1a: Meowscarada|typechange|Dark|[from] ability: Protean\n|-resisted|p2a: Dachsbun\n|-damage|p2a: Dachsbun|196/254\n|-enditem|p2a: Dachsbun|Leftovers|[from] move: Knock Off|[of] p1a: Meowscarada\n|\n|-weather|none\n|upkeep\n|turn|17\n|\n|t:|1781409184\n|switch|p1a: Mismagius|Mismagius, L86, F|243/243\n|move|p2a: Dachsbun|Wish|p2a: Dachsbun\n|\n|upkeep\n|turn|18\n|\n|t:|1781409194\n|switch|p2a: Furret|Furret, L94, F|312/312\n|-damage|p2a: Furret|273/312|[from] Stealth Rock\n|-item|p1a: Mismagius|Leftovers|[from] ability: Frisk|[of] p2a: Furret\n|move|p1a: Mismagius|Substitute|p1a: Mismagius\n|-start|p1a: Mismagius|Substitute\n|-damage|p1a: Mismagius|183/243\n|\n|-heal|p2a: Furret|312/312|[from] move: Wish|[wisher] Dachsbun\n|-heal|p1a: Mismagius|198/243|[from] item: Leftovers\n|upkeep\n|turn|19\n|\n|t:|1781409206\n|move|p1a: Mismagius|Nasty Plot|p1a: Mismagius\n|-boost|p1a: Mismagius|spa|2\n|move|p2a: Furret|Tidy Up|p2a: Furret\n|-end|p1a: Mismagius|Substitute\n|-sideend|p2: panchamm|Stealth Rock\n|-activate|p2a: Furret|move: Tidy Up\n|-boost|p2a: Furret|atk|1\n|-boost|p2a: Furret|spe|1\n|\n|-heal|p1a: Mismagius|213/243|[from] item: Leftovers\n|-sideend|p2: panchamm|move: Aurora Veil\n|upkeep\n|turn|20\n|\n|t:|1781409216\n|-terastallize|p1a: Mismagius|Fighting\n|move|p2a: Furret|Knock Off|p1a: Mismagius\n|-resisted|p1a: Mismagius\n|-damage|p1a: Mismagius|121/243\n|-enditem|p1a: Mismagius|Leftovers|[from] move: Knock Off|[of] p2a: Furret\n|-damage|p2a: Furret|281/312|[from] item: Life Orb\n|move|p1a: Mismagius|Tera Blast|p2a: Furret|[anim] Tera Blast Fighting\n|-supereffective|p2a: Furret\n|-damage|p2a: Furret|0 fnt\n|faint|p2a: Furret\n|\n|upkeep\n|c|\u2606panchamm|g.g.\n|inactive|panchamm has 120 seconds left.\n|-message|panchamm forfeited.\n|\n|win|Sharkseatfood\n|raw|Sharkseatfood's rating: 1216 &rarr; <strong>1241</strong><br />(+25 for winning)\n|raw|panchamm's rating: 1212 &rarr; <strong>1187</strong><br />(-25 for losing)\n|l|\u2606panchamm\n|player|p2|\n", "uploadtime": 1781409258, "views": 14, "formatid": "gen9randombattle", "rating": 1187, "private": 0, "password": null}