{"id": "gen9randombattle-2631922839", "format": "[Gen 9] Random Battle", "players": ["pagenfranskane", "junghoking"], "log": "|j|\u2606pagenfranskane\n|j|\u2606junghoking\n|t:|1781456010\n|gametype|singles\n|player|p1|pagenfranskane|battlegirl|2057\n|player|p2|junghoking|nate|1982\n|gen|9\n|tier|[Gen 9] Random Battle\n|rated|\n|rule|Species Clause: Limit one of each Pok\u00e9mon\n|rule|HP Percentage Mod: HP is shown in percentages\n|rule|Sleep Clause Mod: Limit one foe put to sleep\n|rule|Illusion Level Mod: Illusion disguises the Pok\u00e9mon's true level\n|\n|t:|1781456010\n|teamsize|p1|6\n|teamsize|p2|6\n|start\n|switch|p1a: Muk|Muk-Alola, L82, F|306/306\n|switch|p2a: Dudunsparce|Dudunsparce, L83, M|343/343\n|turn|1\n|inactive|Battle timer is ON: inactive players will automatically lose when time's up. (requested by junghoking)\n|\n|t:|1781456036\n|move|p2a: Dudunsparce|Calm Mind|p2a: Dudunsparce\n|-boost|p2a: Dudunsparce|spa|1\n|-boost|p2a: Dudunsparce|spd|1\n|move|p1a: Muk|Poison Jab|p2a: Dudunsparce\n|-damage|p2a: Dudunsparce|252/343\n|\n|-heal|p2a: Dudunsparce|273/343|[from] item: Leftovers\n|upkeep\n|turn|2\n|\n|t:|1781456043\n|move|p2a: Dudunsparce|Boomburst|p1a: Muk\n|-damage|p1a: Muk|180/306\n|move|p1a: Muk|Poison Jab|p2a: Dudunsparce\n|-damage|p2a: Dudunsparce|180/343\n|\n|-heal|p2a: Dudunsparce|201/343|[from] item: Leftovers\n|upkeep\n|turn|3\n|\n|t:|1781456050\n|move|p2a: Dudunsparce|Calm Mind|p2a: Dudunsparce\n|-boost|p2a: Dudunsparce|spa|1\n|-boost|p2a: Dudunsparce|spd|1\n|move|p1a: Muk|Drain Punch|p2a: Dudunsparce\n|-supereffective|p2a: Dudunsparce\n|-damage|p2a: Dudunsparce|75/343\n|-heal|p1a: Muk|243/306|[from] drain|[of] p2a: Dudunsparce\n|\n|-heal|p2a: Dudunsparce|96/343|[from] item: Leftovers\n|upkeep\n|turn|4\n|\n|t:|1781456059\n|move|p2a: Dudunsparce|Roost|p2a: Dudunsparce\n|-heal|p2a: Dudunsparce|268/343\n|-singleturn|p2a: Dudunsparce|move: Roost\n|move|p1a: Muk|Poison Jab|p2a: Dudunsparce\n|-damage|p2a: Dudunsparce|181/343\n|\n|-heal|p2a: Dudunsparce|202/343|[from] item: Leftovers\n|upkeep\n|turn|5\n|\n|t:|1781456063\n|move|p2a: Dudunsparce|Boomburst|p1a: Muk\n|-damage|p1a: Muk|80/306\n|move|p1a: Muk|Poison Jab|p2a: Dudunsparce\n|-damage|p2a: Dudunsparce|100/343\n|\n|-heal|p2a: Dudunsparce|121/343|[from] item: Leftovers\n|upkeep\n|turn|6\n|\n|t:|1781456071\n|move|p2a: Dudunsparce|Boomburst|p1a: Muk\n|-damage|p1a: Muk|0 fnt\n|faint|p1a: Muk\n|\n|-heal|p2a: Dudunsparce|142/343|[from] item: Leftovers\n|upkeep\n|\n|t:|1781456073\n|switch|p1a: Krookodile|Krookodile, L79, F|280/280\n|-ability|p1a: Krookodile|Intimidate|boost\n|-unboost|p2a: Dudunsparce|atk|1\n|-ability|p2a: Dudunsparce|Rattled|boost\n|-boost|p2a: Dudunsparce|spe|1\n|turn|7\n|\n|t:|1781456078\n|move|p2a: Dudunsparce|Boomburst|p1a: Krookodile\n|-damage|p1a: Krookodile|0 fnt\n|faint|p1a: Krookodile\n|\n|-heal|p2a: Dudunsparce|163/343|[from] item: Leftovers\n|upkeep\n|-message|pagenfranskane forfeited.\n|\n|win|junghoking\n", "uploadtime": 1781456012, "views": 5, "formatid": "gen9randombattle", "rating": null, "private": 0, "password": null}