{"id": "gen9randombattle-2631871798", "format": "[Gen 9] Random Battle", "players": ["Yalur147", "emuhoujo"], "log": "|j|\u2606Yalur147\n|j|\u2606emuhoujo\n|t:|1781450447\n|gametype|singles\n|player|p1|Yalur147|101|1046\n|player|p2|emuhoujo|gentleman-gen4|1022\n|gen|9\n|tier|[Gen 9] Random Battle\n|rated|\n|rule|Species Clause: Limit one of each Pok\u00e9mon\n|rule|HP Percentage Mod: HP is shown in percentages\n|rule|Sleep Clause Mod: Limit one foe put to sleep\n|rule|Illusion Level Mod: Illusion disguises the Pok\u00e9mon's true level\n|\n|t:|1781450447\n|teamsize|p1|6\n|teamsize|p2|6\n|start\n|switch|p1a: Lanturn|Lanturn, L89, M|367/367\n|switch|p2a: Houndstone|Houndstone, L86, F|264/264\n|turn|1\n|\n|t:|1781450463\n|move|p1a: Lanturn|Thunder Wave|p2a: Houndstone\n|-status|p2a: Houndstone|par\n|move|p2a: Houndstone|Poltergeist|p1a: Lanturn\n|-activate|p1a: Lanturn|move: Poltergeist|Leftovers\n|-damage|p1a: Lanturn|214/367\n|\n|-heal|p1a: Lanturn|236/367|[from] item: Leftovers\n|upkeep\n|turn|2\n|\n|t:|1781450477\n|move|p1a: Lanturn|Ice Beam|p2a: Houndstone\n|-damage|p2a: Houndstone|214/264 par\n|move|p2a: Houndstone|Poltergeist|p1a: Lanturn\n|-activate|p1a: Lanturn|move: Poltergeist|Leftovers\n|-damage|p1a: Lanturn|83/367\n|\n|-heal|p1a: Lanturn|105/367|[from] item: Leftovers\n|-heal|p2a: Houndstone|230/264 par|[from] item: Leftovers\n|upkeep\n|turn|3\n|\n|t:|1781450492\n|switch|p1a: Meganium|Meganium, L90, F|290/290\n|cant|p2a: Houndstone|par\n|\n|-heal|p2a: Houndstone|246/264 par|[from] item: Leftovers\n|upkeep\n|turn|4\n|\n|t:|1781450503\n|switch|p2a: Victreebel|Victreebel, L90, F|290/290\n|move|p1a: Meganium|Knock Off|p2a: Victreebel\n|-damage|p2a: Victreebel|203/290\n|-enditem|p2a: Victreebel|Life Orb|[from] move: Knock Off|[of] p1a: Meganium\n|\n|upkeep\n|turn|5\n|\n|t:|1781450517\n|switch|p1a: Sinistcha|Sinistcha-Masterpiece, L83|254/254\n|move|p2a: Victreebel|Poison Jab|p1a: Sinistcha\n|-damage|p1a: Sinistcha|167/254\n|\n|-heal|p1a: Sinistcha|182/254|[from] item: Leftovers\n|upkeep\n|turn|6\n|\n|t:|1781450566\n|move|p2a: Victreebel|Swords Dance|p2a: Victreebel\n|-boost|p2a: Victreebel|atk|2\n|move|p1a: Sinistcha|Shadow Ball|p2a: Victreebel\n|-damage|p2a: Victreebel|100/290\n|\n|-heal|p1a: Sinistcha|197/254|[from] item: Leftovers\n|upkeep\n|turn|7\n|\n|t:|1781450578\n|move|p2a: Victreebel|Sucker Punch|p1a: Sinistcha\n|-supereffective|p1a: Sinistcha\n|-damage|p1a: Sinistcha|0 fnt\n|faint|p1a: Sinistcha\n|\n|upkeep\n|\n|t:|1781450584\n|switch|p1a: Lanturn|Lanturn, L89, M|105/367\n|turn|8\n|\n|t:|1781450589\n|move|p2a: Victreebel|Sucker Punch|p1a: Lanturn\n|-damage|p1a: Lanturn|0 fnt\n|faint|p1a: Lanturn\n|\n|upkeep\n|\n|t:|1781450596\n|switch|p1a: Kyurem|Kyurem, L77|319/319\n|-ability|p1a: Kyurem|Pressure\n|turn|9\n|\n|t:|1781450602\n|move|p2a: Victreebel|Sucker Punch|p1a: Kyurem\n|-damage|p1a: Kyurem|195/319\n|move|p1a: Kyurem|Ice Beam|p2a: Victreebel\n|-supereffective|p2a: Victreebel\n|-damage|p2a: Victreebel|0 fnt\n|faint|p2a: Victreebel\n|\n|upkeep\n|\n|t:|1781450608\n|switch|p2a: Furret|Furret, L94, M|312/312\n|-item|p1a: Kyurem|Choice Specs|[from] ability: Frisk|[of] p2a: Furret\n|turn|10\n|\n|t:|1781450616\n|switch|p1a: Meganium|Meganium, L90, F|290/290\n|move|p2a: Furret|Brick Break|p1a: Meganium\n|-damage|p1a: Meganium|233/290\n|-damage|p2a: Furret|281/312|[from] item: Life Orb\n|\n|-heal|p1a: Meganium|251/290|[from] item: Leftovers\n|upkeep\n|turn|11\n|\n|t:|1781450632\n|move|p2a: Furret|Knock Off|p1a: Meganium\n|-damage|p1a: Meganium|177/290\n|-enditem|p1a: Meganium|Leftovers|[from] move: Knock Off|[of] p2a: Furret\n|-damage|p2a: Furret|250/312|[from] item: Life Orb\n|move|p1a: Meganium|Energy Ball|p2a: Furret\n|-damage|p2a: Furret|124/312\n|\n|upkeep\n|turn|12\n|\n|t:|1781450643\n|move|p2a: Furret|Double-Edge|p1a: Meganium\n|-damage|p1a: Meganium|33/290\n|-damage|p2a: Furret|76/312|[from] Recoil\n|-damage|p2a: Furret|45/312|[from] item: Life Orb\n|move|p1a: Meganium|Energy Ball|p2a: Furret\n|-damage|p2a: Furret|0 fnt\n|faint|p2a: Furret\n|\n|upkeep\n|\n|t:|1781450651\n|switch|p2a: Houndstone|Houndstone, L86, F|246/264 par\n|turn|13\n|\n|t:|1781450656\n|switch|p1a: Kyurem|Kyurem, L77|195/319\n|-ability|p1a: Kyurem|Pressure\n|move|p2a: Houndstone|Poltergeist|p1a: Kyurem\n|-activate|p1a: Kyurem|move: Poltergeist|Choice Specs\n|-damage|p1a: Kyurem|65/319\n|\n|-heal|p2a: Houndstone|262/264 par|[from] item: Leftovers\n|upkeep\n|turn|14\n|\n|t:|1781450671\n|move|p1a: Kyurem|Draco Meteor|p2a: Houndstone\n|-damage|p2a: Houndstone|51/264 par\n|-unboost|p1a: Kyurem|spa|2\n|move|p2a: Houndstone|Body Press|p1a: Kyurem\n|-supereffective|p1a: Kyurem\n|-damage|p1a: Kyurem|0 fnt\n|faint|p1a: Kyurem\n|\n|-heal|p2a: Houndstone|67/264 par|[from] item: Leftovers\n|upkeep\n|\n|t:|1781450683\n|switch|p1a: Meganium|Meganium, L90, F|33/290\n|turn|15\n|\n|t:|1781450688\n|move|p1a: Meganium|Energy Ball|p2a: Houndstone\n|-damage|p2a: Houndstone|0 fnt\n|faint|p2a: Houndstone\n|\n|upkeep\n|\n|t:|1781450692\n|switch|p2a: Veluza|Veluza, L85, M|292/292\n|turn|16\n|\n|t:|1781450698\n|move|p2a: Veluza|Aqua Jet|p1a: Meganium\n|-resisted|p1a: Meganium\n|-damage|p1a: Meganium|6/290\n|move|p1a: Meganium|Energy Ball|p2a: Veluza\n|-supereffective|p2a: Veluza\n|-damage|p2a: Veluza|0 fnt\n|faint|p2a: Veluza\n|\n|upkeep\n|\n|t:|1781450702\n|switch|p2a: Lycanroc|Lycanroc-Midnight, L89, M|296/296\n|turn|17\n|\n|t:|1781450711\n|-terastallize|p2a: Lycanroc|Fighting\n|move|p2a: Lycanroc|Swords Dance|p2a: Lycanroc\n|-boost|p2a: Lycanroc|atk|2\n|move|p1a: Meganium|Energy Ball|p2a: Lycanroc\n|-damage|p2a: Lycanroc|152/296\n|\n|upkeep\n|turn|18\n|\n|t:|1781450726\n|move|p2a: Lycanroc|Stone Edge|p1a: Meganium\n|-crit|p1a: Meganium\n|-damage|p1a: Meganium|0 fnt\n|faint|p1a: Meganium\n|-damage|p2a: Lycanroc|123/296|[from] item: Life Orb\n|\n|upkeep\n|\n|t:|1781450734\n|switch|p1a: Arceus|Arceus-Psychic, L69|280/280\n|turn|19\n|\n|t:|1781450742\n|move|p1a: Arceus|Stored Power|p2a: Lycanroc\n|-supereffective|p2a: Lycanroc\n|-damage|p2a: Lycanroc|79/296\n|move|p2a: Lycanroc|Knock Off|p1a: Arceus\n|-supereffective|p1a: Arceus\n|-damage|p1a: Arceus|0 fnt\n|faint|p1a: Arceus\n|-damage|p2a: Lycanroc|50/296|[from] item: Life Orb\n|\n|upkeep\n|\n|t:|1781450751\n|switch|p1a: Masquerain|Masquerain, L87, M|264/264\n|-ability|p1a: Masquerain|Intimidate|boost\n|-unboost|p2a: Lycanroc|atk|1\n|turn|20\n|\n|t:|1781450758\n|move|p2a: Lycanroc|Stone Edge|p1a: Masquerain\n|-supereffective|p1a: Masquerain\n|-damage|p1a: Masquerain|0 fnt\n|faint|p1a: Masquerain\n|-damage|p2a: Lycanroc|21/296|[from] item: Life Orb\n|\n|win|emuhoujo\n|raw|Yalur147's rating: 1046 &rarr; <strong>1028</strong><br />(-18 for losing)\n|raw|emuhoujo's rating: 1022 &rarr; <strong>1061</strong><br />(+39 for winning)\n|l|\u2606Yalur147\n|player|p1|\n", "uploadtime": 1781450782, "views": 2, "formatid": "gen9randombattle", "rating": 1028, "private": 0, "password": null}