{"id": "gen9randombattle-2631737586", "format": "[Gen 9] Random Battle", "players": ["vogabal", "green8Bit"], "log": "|j|\u2606vogabal\n|j|\u2606green8Bit\n|t:|1781431367\n|gametype|singles\n|player|p1|vogabal|169|1947\n|player|p2|green8Bit|102|2031\n|gen|9\n|tier|[Gen 9] Random Battle\n|rated|\n|rule|Species Clause: Limit one of each Pok\u00e9mon\n|rule|HP Percentage Mod: HP is shown in percentages\n|rule|Sleep Clause Mod: Limit one foe put to sleep\n|rule|Illusion Level Mod: Illusion disguises the Pok\u00e9mon's true level\n|\n|t:|1781431367\n|teamsize|p1|6\n|teamsize|p2|6\n|start\n|switch|p1a: Yanmega|Yanmega, L82, F|275/275\n|switch|p2a: Squawkabilly|Squawkabilly-Yellow, L89, M|291/291\n|turn|1\n|\n|t:|1781431389\n|switch|p1a: Braviary|Braviary, L85, M|309/309\n|move|p2a: Squawkabilly|Brave Bird|p1a: Braviary\n|-damage|p1a: Braviary|72/309\n|-damage|p2a: Squawkabilly|213/291|[from] Recoil\n|\n|upkeep\n|turn|2\n|\n|t:|1781431414\n|move|p2a: Squawkabilly|Brave Bird|p1a: Braviary\n|-damage|p1a: Braviary|0 fnt\n|faint|p1a: Braviary\n|-damage|p2a: Squawkabilly|189/291|[from] Recoil\n|\n|upkeep\n|\n|t:|1781431416\n|switch|p1a: Volbeat|Volbeat, L90, M|263/263\n|turn|3\n|\n|t:|1781431426\n|-terastallize|p1a: Volbeat|Steel\n|move|p1a: Volbeat|Thunder Wave|p2a: Squawkabilly\n|-status|p2a: Squawkabilly|par\n|move|p2a: Squawkabilly|Brave Bird|p1a: Volbeat\n|-resisted|p1a: Volbeat\n|-damage|p1a: Volbeat|155/263\n|-damage|p2a: Squawkabilly|153/291 par|[from] Recoil\n|\n|upkeep\n|turn|4\n|\n|t:|1781431436\n|move|p1a: Volbeat|Roost|p1a: Volbeat\n|-heal|p1a: Volbeat|263/263\n|move|p2a: Squawkabilly|Parting Shot|p1a: Volbeat\n|-unboost|p1a: Volbeat|atk|1\n|-unboost|p1a: Volbeat|spa|1\n|\n|t:|1781431461\n|switch|p2a: Swampert|Swampert, L83, F|302/302|[from] Parting Shot\n|\n|upkeep\n|turn|5\n|\n|t:|1781431465\n|switch|p1a: Yanmega|Yanmega, L82, F|275/275\n|move|p2a: Swampert|Stealth Rock|p1a: Yanmega\n|-sidestart|p1: vogabal|move: Stealth Rock\n|\n|upkeep\n|turn|6\n|inactive|Battle timer is ON: inactive players will automatically lose when time's up. (requested by vogabal)\n|\n|t:|1781431512\n|switch|p2a: Arbok|Arbok, L87, F|246/246\n|-ability|p2a: Arbok|Intimidate|boost\n|-unboost|p1a: Yanmega|atk|1\n|move|p1a: Yanmega|Giga Drain|p2a: Arbok\n|-resisted|p2a: Arbok\n|-damage|p2a: Arbok|150/246\n|\n|-heal|p2a: Arbok|165/246|[from] item: Leftovers\n|upkeep\n|turn|7\n|\n|t:|1781431530\n|switch|p1a: Meloetta|Meloetta, L82|298/298\n|-damage|p1a: Meloetta|261/298|[from] Stealth Rock\n|move|p2a: Arbok|Earthquake|p1a: Meloetta\n|-damage|p1a: Meloetta|180/298\n|\n|-heal|p2a: Arbok|180/246|[from] item: Leftovers\n|upkeep\n|turn|8\n|inactive|green8Bit has 120 seconds left.\n|\n|t:|1781431569\n|move|p1a: Meloetta|Relic Song|p2a: Arbok\n|-damage|p2a: Arbok|62/246\n|-formechange|p1a: Meloetta|Meloetta-Pirouette|[msg]\n|-damage|p1a: Meloetta|151/298|[from] item: Life Orb\n|move|p2a: Arbok|Gunk Shot|p1a: Meloetta\n|-damage|p1a: Meloetta|24/298\n|\n|-heal|p2a: Arbok|77/246|[from] item: Leftovers\n|upkeep\n|turn|9\n|-message|vogabal forfeited.\n|\n|win|green8Bit\n|raw|vogabal's rating: 1947 &rarr; <strong>1932</strong><br />(-15 for losing)\n|raw|green8Bit's rating: 2031 &rarr; <strong>2046</strong><br />(+15 for winning)\n", "uploadtime": 1781431369, "views": 3, "formatid": "gen9randombattle", "rating": 1932, "private": 0, "password": null}