{"id": "gen9randombattle-2631987164", "format": "[Gen 9] Random Battle", "players": ["TheSakman", "SteelixPrismGX"], "log": "|j|\u2606TheSakman\n|j|\u2606SteelixPrismGX\n|t:|1781463065\n|gametype|singles\n|player|p1|TheSakman|ltsurge|1976\n|player|p2|SteelixPrismGX|siebold|2060\n|gen|9\n|tier|[Gen 9] Random Battle\n|rated|\n|rule|Species Clause: Limit one of each Pok\u00e9mon\n|rule|HP Percentage Mod: HP is shown in percentages\n|rule|Sleep Clause Mod: Limit one foe put to sleep\n|rule|Illusion Level Mod: Illusion disguises the Pok\u00e9mon's true level\n|\n|t:|1781463065\n|teamsize|p1|6\n|teamsize|p2|6\n|start\n|switch|p1a: Sudowoodo|Sudowoodo, L94, F|284/284\n|switch|p2a: Amoonguss|Amoonguss, L82, F|321/321\n|turn|1\n|inactive|Battle timer is ON: inactive players will automatically lose when time's up. (requested by SteelixPrismGX)\n|\n|t:|1781463080\n|move|p1a: Sudowoodo|Stealth Rock|p2a: Amoonguss\n|-sidestart|p2: SteelixPrismGX|move: Stealth Rock\n|move|p2a: Amoonguss|Spore|p1a: Sudowoodo\n|-status|p1a: Sudowoodo|slp|[from] move: Spore\n|\n|upkeep\n|turn|2\n|\n|t:|1781463083\n|switch|p1a: Gothitelle|Gothitelle, L90, M|272/272\n|move|p2a: Amoonguss|Giga Drain|p1a: Gothitelle\n|-damage|p1a: Gothitelle|220/272\n|\n|upkeep\n|turn|3\n|\n|t:|1781463091\n|-terastallize|p2a: Amoonguss|Water\n|move|p1a: Gothitelle|Trick|p2a: Amoonguss\n|-activate|p1a: Gothitelle|move: Trick|[of] p2a: Amoonguss\n|-item|p2a: Amoonguss|Choice Scarf|[from] move: Trick\n|-item|p1a: Gothitelle|Leftovers|[from] move: Trick\n|move|p2a: Amoonguss|Sludge Bomb|p1a: Gothitelle\n|-damage|p1a: Gothitelle|159/272\n|-status|p1a: Gothitelle|psn\n|\n|-heal|p1a: Gothitelle|176/272 psn|[from] item: Leftovers\n|-damage|p1a: Gothitelle|142/272 psn|[from] psn\n|upkeep\n|turn|4\n|\n|t:|1781463105\n|move|p1a: Gothitelle|Psychic|p2a: Amoonguss\n|-damage|p2a: Amoonguss|210/321\n|move|p2a: Amoonguss|Sludge Bomb|p1a: Gothitelle\n|-damage|p1a: Gothitelle|75/272 psn\n|\n|-heal|p1a: Gothitelle|92/272 psn|[from] item: Leftovers\n|-damage|p1a: Gothitelle|58/272 psn|[from] psn\n|upkeep\n|turn|5\n|\n|t:|1781463109\n|move|p1a: Gothitelle|Psychic|p2a: Amoonguss\n|-damage|p2a: Amoonguss|84/321\n|move|p2a: Amoonguss|Sludge Bomb|p1a: Gothitelle\n|-damage|p1a: Gothitelle|0 fnt\n|faint|p1a: Gothitelle\n|\n|upkeep\n|\n|t:|1781463118\n|switch|p1a: Ambipom|Ambipom, L84, M|263/263\n|turn|6\n|\n|t:|1781463121\n|move|p1a: Ambipom|U-turn|p2a: Amoonguss\n|-damage|p2a: Amoonguss|0 fnt\n|faint|p2a: Amoonguss\n|\n|t:|1781463127\n|switch|p1a: Iron Leaves|Iron Leaves, L80|275/275|[from] U-turn\n|\n|upkeep\n|\n|t:|1781463131\n|switch|p2a: Spiritomb|Spiritomb, L89, M|234/234\n|-damage|p2a: Spiritomb|205/234|[from] Stealth Rock\n|turn|7\n|\n|t:|1781463139\n|-end|p1a: Iron Leaves|Quark Drive|[silent]\n|switch|p1a: Roaring Moon|Roaring Moon, L72|270/270\n|move|p2a: Spiritomb|Will-O-Wisp|p1a: Roaring Moon\n|-status|p1a: Roaring Moon|brn\n|-enditem|p1a: Roaring Moon|Lum Berry|[eat]\n|-curestatus|p1a: Roaring Moon|brn|[msg]\n|\n|-heal|p2a: Spiritomb|219/234|[from] item: Leftovers\n|upkeep\n|turn|8\n|\n|t:|1781463144\n|move|p1a: Roaring Moon|Knock Off|p2a: Spiritomb\n|-damage|p2a: Spiritomb|138/234\n|-enditem|p2a: Spiritomb|Leftovers|[from] move: Knock Off|[of] p1a: Roaring Moon\n|move|p2a: Spiritomb|Will-O-Wisp|p1a: Roaring Moon\n|-status|p1a: Roaring Moon|brn\n|\n|-damage|p1a: Roaring Moon|254/270 brn|[from] brn\n|upkeep\n|turn|9\n|\n|t:|1781463154\n|move|p1a: Roaring Moon|Dragon Dance|p1a: Roaring Moon\n|-boost|p1a: Roaring Moon|atk|1\n|-boost|p1a: Roaring Moon|spe|1\n|move|p2a: Spiritomb|Foul Play|p1a: Roaring Moon\n|-resisted|p1a: Roaring Moon\n|-damage|p1a: Roaring Moon|125/270 brn\n|\n|-damage|p1a: Roaring Moon|109/270 brn|[from] brn\n|upkeep\n|turn|10\n|\n|t:|1781463158\n|move|p1a: Roaring Moon|Outrage|p2a: Spiritomb\n|-damage|p2a: Spiritomb|63/234\n|move|p2a: Spiritomb|Foul Play|p1a: Roaring Moon\n|-resisted|p1a: Roaring Moon\n|-damage|p1a: Roaring Moon|0 fnt\n|faint|p1a: Roaring Moon\n|-end|p1a: Roaring Moon|Protosynthesis|[silent]\n|\n|upkeep\n|\n|t:|1781463162\n|switch|p1a: Iron Leaves|Iron Leaves, L80|275/275\n|turn|11\n|\n|t:|1781463166\n|move|p2a: Spiritomb|Sucker Punch|p1a: Iron Leaves\n|-supereffective|p1a: Iron Leaves\n|-damage|p1a: Iron Leaves|105/275\n|move|p1a: Iron Leaves|Leaf Blade|p2a: Spiritomb\n|-damage|p2a: Spiritomb|0 fnt\n|faint|p2a: Spiritomb\n|\n|upkeep\n|\n|t:|1781463170\n|switch|p2a: Incineroar|Incineroar, L82, F|290/290\n|-damage|p2a: Incineroar|218/290|[from] Stealth Rock\n|-ability|p2a: Incineroar|Intimidate|boost\n|-unboost|p1a: Iron Leaves|atk|1\n|turn|12\n|\n|t:|1781463174\n|move|p2a: Incineroar|Knock Off|p1a: Iron Leaves\n|-supereffective|p1a: Iron Leaves\n|-damage|p1a: Iron Leaves|0 fnt\n|-enditem|p1a: Iron Leaves|Choice Band|[from] move: Knock Off|[of] p2a: Incineroar\n|faint|p1a: Iron Leaves\n|-end|p1a: Iron Leaves|Quark Drive|[silent]\n|\n|upkeep\n|\n|t:|1781463177\n|switch|p1a: Ambipom|Ambipom, L84, M|263/263\n|turn|13\n|\n|t:|1781463181\n|move|p1a: Ambipom|U-turn|p2a: Incineroar\n|-damage|p2a: Incineroar|139/290\n|\n|t:|1781463184\n|switch|p1a: Sudowoodo|Sudowoodo, L94, F|284/284 slp|[from] U-turn\n|move|p2a: Incineroar|Knock Off|p1a: Sudowoodo\n|-damage|p1a: Sudowoodo|199/284 slp\n|-enditem|p1a: Sudowoodo|Leftovers|[from] move: Knock Off|[of] p2a: Incineroar\n|\n|upkeep\n|turn|14\n|\n|t:|1781463190\n|switch|p2a: Blissey|Blissey, L85, F|572/572\n|-damage|p2a: Blissey|501/572|[from] Stealth Rock\n|cant|p1a: Sudowoodo|slp\n|\n|-heal|p2a: Blissey|536/572|[from] item: Leftovers\n|upkeep\n|turn|15\n|\n|t:|1781463194\n|move|p2a: Blissey|Stealth Rock|p1a: Sudowoodo\n|-sidestart|p1: TheSakman|move: Stealth Rock\n|cant|p1a: Sudowoodo|slp\n|\n|-heal|p2a: Blissey|571/572|[from] item: Leftovers\n|upkeep\n|turn|16\n|\n|t:|1781463197\n|move|p2a: Blissey|Seismic Toss|p1a: Sudowoodo\n|-damage|p1a: Sudowoodo|114/284 slp\n|-curestatus|p1a: Sudowoodo|slp|[msg]\n|move|p1a: Sudowoodo|Head Smash|p2a: Blissey\n|-damage|p2a: Blissey|25/572\n|\n|-heal|p2a: Blissey|60/572|[from] item: Leftovers\n|upkeep\n|turn|17\n|\n|t:|1781463207\n|move|p2a: Blissey|Seismic Toss|p1a: Sudowoodo\n|-damage|p1a: Sudowoodo|29/284\n|move|p1a: Sudowoodo|Earthquake|p2a: Blissey\n|-damage|p2a: Blissey|0 fnt\n|faint|p2a: Blissey\n|\n|upkeep\n|\n|t:|1781463211\n|switch|p2a: Drifblim|Drifblim, L86, F|396/396\n|-damage|p2a: Drifblim|297/396|[from] Stealth Rock\n|turn|18\n|\n|t:|1781463216\n|move|p2a: Drifblim|Air Slash|p1a: Sudowoodo\n|-resisted|p1a: Sudowoodo\n|-damage|p1a: Sudowoodo|0 fnt\n|faint|p1a: Sudowoodo\n|\n|upkeep\n|\n|t:|1781463219\n|switch|p1a: Goodra|Goodra, L85, F|292/292\n|-damage|p1a: Goodra|256/292|[from] Stealth Rock\n|turn|19\n|\n|t:|1781463224\n|move|p2a: Drifblim|Calm Mind|p2a: Drifblim\n|-boost|p2a: Drifblim|spa|1\n|-boost|p2a: Drifblim|spd|1\n|move|p1a: Goodra|Knock Off|p2a: Drifblim\n|-supereffective|p2a: Drifblim\n|-damage|p2a: Drifblim|65/396\n|-enditem|p2a: Drifblim|Sitrus Berry|[from] move: Knock Off|[of] p1a: Goodra\n|\n|upkeep\n|turn|20\n|\n|t:|1781463233\n|move|p2a: Drifblim|Shadow Ball|p1a: Goodra\n|-damage|p1a: Goodra|205/292\n|move|p1a: Goodra|Dragon Tail|p2a: Drifblim\n|-crit|p2a: Drifblim\n|-damage|p2a: Drifblim|0 fnt\n|faint|p2a: Drifblim\n|\n|upkeep\n|\n|t:|1781463238\n|switch|p2a: Incineroar|Incineroar, L82, F|139/290\n|-damage|p2a: Incineroar|67/290|[from] Stealth Rock\n|-ability|p2a: Incineroar|Intimidate|boost\n|-unboost|p1a: Goodra|atk|1\n|turn|21\n|\n|t:|1781463242\n|move|p2a: Incineroar|Knock Off|p1a: Goodra\n|-damage|p1a: Goodra|67/292\n|-enditem|p1a: Goodra|Assault Vest|[from] move: Knock Off|[of] p2a: Incineroar\n|move|p1a: Goodra|Draco Meteor|p2a: Incineroar\n|-damage|p2a: Incineroar|0 fnt\n|-unboost|p1a: Goodra|spa|2\n|faint|p2a: Incineroar\n|\n|upkeep\n|\n|t:|1781463246\n|switch|p2a: Dragonite|Dragonite, L74, F|257/257\n|turn|22\n|\n|t:|1781463250\n|switch|p1a: Ambipom|Ambipom, L84, M|263/263\n|-damage|p1a: Ambipom|231/263|[from] Stealth Rock\n|move|p2a: Dragonite|Dragon Dance|p2a: Dragonite\n|-boost|p2a: Dragonite|atk|1\n|-boost|p2a: Dragonite|spe|1\n|\n|upkeep\n|turn|23\n|\n|t:|1781463257\n|-terastallize|p1a: Ambipom|Ice\n|move|p1a: Ambipom|Triple Axel|p2a: Dragonite\n|-supereffective|p2a: Dragonite\n|-damage|p2a: Dragonite|149/257\n|-supereffective|p2a: Dragonite\n|-damage|p2a: Dragonite|0 fnt\n|faint|p2a: Dragonite\n|-hitcount|p2: Dragonite|2\n|\n|win|TheSakman\n|raw|TheSakman's rating: 1976 &rarr; <strong>2001</strong><br />(+25 for winning)\n|raw|SteelixPrismGX's rating: 2060 &rarr; <strong>2035</strong><br />(-25 for losing)\n", "uploadtime": 1781463067, "views": 4, "formatid": "gen9randombattle", "rating": 2001, "private": 0, "password": null}