{"id": "gen9randombattle-2631542044", "format": "[Gen 9] Random Battle", "players": ["randbatsluvr", "rotomrimense"], "log": "|j|\u2606randbatsluvr\n|j|\u2606rotomrimense\n|t:|1781398865\n|gametype|singles\n|player|p1|randbatsluvr|265|1431\n|player|p2|rotomrimense|steven|1385\n|gen|9\n|tier|[Gen 9] Random Battle\n|rated|\n|rule|Species Clause: Limit one of each Pok\u00e9mon\n|rule|HP Percentage Mod: HP is shown in percentages\n|rule|Sleep Clause Mod: Limit one foe put to sleep\n|rule|Illusion Level Mod: Illusion disguises the Pok\u00e9mon's true level\n|\n|t:|1781398865\n|teamsize|p1|6\n|teamsize|p2|6\n|start\n|switch|p1a: Dewgong|Dewgong, L94, F|322/322\n|switch|p2a: Dusknoir|Dusknoir, L89, F|225/225\n|-item|p1a: Dewgong|Assault Vest|[from] ability: Frisk|[of] p2a: Dusknoir\n|turn|1\n|inactive|Battle timer is ON: inactive players will automatically lose when time's up. (requested by randbatsluvr)\n|\n|t:|1781398875\n|-terastallize|p1a: Dewgong|Ground\n|move|p1a: Dewgong|Ice Beam|p2a: Dusknoir\n|-damage|p2a: Dusknoir|159/225\n|move|p2a: Dusknoir|Poltergeist|p1a: Dewgong\n|-activate|p1a: Dewgong|move: Poltergeist|Assault Vest\n|-damage|p1a: Dewgong|186/322\n|\n|-heal|p2a: Dusknoir|173/225|[from] item: Leftovers\n|upkeep\n|turn|2\n|\n|t:|1781398904\n|switch|p2a: Swanna|Swanna, L89, F|278/278\n|move|p1a: Dewgong|Knock Off|p2a: Swanna\n|-damage|p2a: Swanna|198/278\n|-enditem|p2a: Swanna|Heavy-Duty Boots|[from] move: Knock Off|[of] p1a: Dewgong\n|\n|upkeep\n|turn|3\n|\n|t:|1781398908\n|switch|p1a: Minun|Minun, L95, F|268/268\n|move|p2a: Swanna|Hydro Pump|p1a: Minun\n|-crit|p1a: Minun\n|-damage|p1a: Minun|114/268\n|\n|upkeep\n|turn|4\n|\n|t:|1781398917\n|switch|p2a: Hippowdon|Hippowdon, L82, F|311/311\n|-weather|Sandstorm|[from] ability: Sand Stream|[of] p2a: Hippowdon\n|move|p1a: Minun|Thunderbolt|p2a: Hippowdon\n|-immune|p2a: Hippowdon\n|\n|-weather|Sandstorm|[upkeep]\n|-damage|p1a: Minun|98/268|[from] Sandstorm\n|upkeep\n|turn|5\n|\n|t:|1781398921\n|switch|p1a: Dewgong|Dewgong, L94, F, tera:Ground|186/322\n|move|p2a: Hippowdon|Earthquake|p1a: Dewgong\n|-damage|p1a: Dewgong|81/322\n|\n|-weather|Sandstorm|[upkeep]\n|upkeep\n|turn|6\n|\n|t:|1781398928\n|move|p1a: Dewgong|Hydro Pump|p2a: Hippowdon\n|-supereffective|p2a: Hippowdon\n|-damage|p2a: Hippowdon|47/311\n|move|p2a: Hippowdon|Earthquake|p1a: Dewgong\n|-damage|p1a: Dewgong|0 fnt\n|faint|p1a: Dewgong\n|\n|-weather|Sandstorm|[upkeep]\n|-heal|p2a: Hippowdon|66/311|[from] item: Leftovers\n|upkeep\n|\n|t:|1781398930\n|switch|p1a: Hypno|Hypno, L95, M|315/315\n|turn|7\n|\n|t:|1781398934\n|move|p1a: Hypno|Psychic Noise|p2a: Hippowdon\n|-damage|p2a: Hippowdon|0 fnt\n|faint|p2a: Hippowdon\n|\n|-weather|Sandstorm|[upkeep]\n|-damage|p1a: Hypno|296/315|[from] Sandstorm\n|-heal|p1a: Hypno|315/315|[from] item: Leftovers\n|upkeep\n|\n|t:|1781398954\n|switch|p2a: Lycanroc|Lycanroc-Midnight, L89, F|296/296\n|turn|8\n|\n|t:|1781398957\n|move|p2a: Lycanroc|Stealth Rock|p1a: Hypno\n|-sidestart|p1: randbatsluvr|move: Stealth Rock\n|move|p1a: Hypno|Focus Blast|p2a: Lycanroc\n|-supereffective|p2a: Lycanroc\n|-damage|p2a: Lycanroc|168/296\n|-unboost|p2a: Lycanroc|spd|1\n|\n|-weather|none\n|upkeep\n|turn|9\n|\n|t:|1781398962\n|move|p2a: Lycanroc|Sucker Punch|p1a: Hypno\n|-supereffective|p1a: Hypno\n|-damage|p1a: Hypno|149/315\n|-damage|p2a: Lycanroc|139/296|[from] item: Life Orb\n|move|p1a: Hypno|Focus Blast|p2a: Lycanroc\n|-supereffective|p2a: Lycanroc\n|-damage|p2a: Lycanroc|0 fnt\n|faint|p2a: Lycanroc\n|\n|-heal|p1a: Hypno|168/315|[from] item: Leftovers\n|upkeep\n|\n|t:|1781398966\n|switch|p2a: Greninja|Greninja, L80, M|246/246\n|turn|10\n|\n|t:|1781398968\n|move|p1a: Hypno|Protect|p1a: Hypno\n|-singleturn|p1a: Hypno|Protect\n|move|p2a: Greninja|Dark Pulse|p1a: Hypno\n|-start|p2a: Greninja|typechange|Dark|[from] ability: Protean\n|-activate|p1a: Hypno|move: Protect\n|\n|-heal|p1a: Hypno|187/315|[from] item: Leftovers\n|upkeep\n|turn|11\n|\n|t:|1781398972\n|move|p2a: Greninja|Dark Pulse|p1a: Hypno\n|-supereffective|p1a: Hypno\n|-damage|p1a: Hypno|39/315\n|-damage|p2a: Greninja|222/246|[from] item: Life Orb\n|move|p1a: Hypno|Focus Blast|p2a: Greninja\n|-supereffective|p2a: Greninja\n|-damage|p2a: Greninja|10/246\n|-unboost|p2a: Greninja|spd|1\n|\n|-heal|p1a: Hypno|58/315|[from] item: Leftovers\n|upkeep\n|turn|12\n|\n|t:|1781398975\n|switch|p1a: Tentacruel|Tentacruel, L84, M|272/272\n|-damage|p1a: Tentacruel|238/272|[from] Stealth Rock\n|move|p2a: Greninja|Dark Pulse|p1a: Tentacruel\n|-damage|p1a: Tentacruel|163/272\n|-damage|p2a: Greninja|0 fnt|[from] item: Life Orb\n|faint|p2a: Greninja\n|\n|-heal|p1a: Tentacruel|180/272|[from] item: Leftovers\n|upkeep\n|\n|t:|1781398987\n|switch|p2a: Swanna|Swanna, L89, F|198/278\n|turn|13\n|\n|t:|1781398991\n|move|p2a: Swanna|Brave Bird|p1a: Tentacruel\n|-damage|p1a: Tentacruel|6/272\n|-damage|p2a: Swanna|141/278|[from] Recoil\n|move|p1a: Tentacruel|Rapid Spin|p2a: Swanna\n|-damage|p2a: Swanna|106/278\n|-boost|p1a: Tentacruel|spe|1\n|-sideend|p1: randbatsluvr|Stealth Rock|[from] move: Rapid Spin|[of] p1a: Tentacruel\n|\n|-heal|p1a: Tentacruel|23/272|[from] item: Leftovers\n|upkeep\n|turn|14\n|\n|t:|1781398996\n|switch|p1a: Calyrex|Calyrex-Ice, L72|263/263\n|-ability|p1a: Calyrex|As One\n|-ability|p1a: Calyrex|Unnerve\n|move|p2a: Swanna|Brave Bird|p1a: Calyrex\n|-damage|p1a: Calyrex|164/263\n|-damage|p2a: Swanna|73/278|[from] Recoil\n|\n|upkeep\n|turn|15\n|\n|t:|1781399000\n|move|p2a: Swanna|Hydro Pump|p1a: Calyrex|[miss]\n|-miss|p2a: Swanna|p1a: Calyrex\n|move|p1a: Calyrex|Glacial Lance|p2a: Swanna\n|-damage|p2a: Swanna|0 fnt\n|faint|p2a: Swanna\n|-ability|p1a: Calyrex|Chilling Neigh|boost\n|-boost|p1a: Calyrex|atk|1\n|\n|upkeep\n|\n|t:|1781399004\n|switch|p2a: Camerupt|Camerupt, L91, M|275/275\n|turn|16\n|\n|t:|1781399009\n|move|p2a: Camerupt|Will-O-Wisp|p1a: Calyrex\n|-status|p1a: Calyrex|brn\n|move|p1a: Calyrex|Trick Room|p1a: Calyrex\n|-fieldstart|move: Trick Room|[of] p1a: Calyrex\n|\n|-damage|p1a: Calyrex|148/263 brn|[from] brn\n|upkeep\n|turn|17\n|\n|t:|1781399015\n|move|p1a: Calyrex|Glacial Lance|p2a: Camerupt\n|-damage|p2a: Camerupt|149/275\n|move|p2a: Camerupt|Earthquake|p1a: Calyrex\n|-damage|p1a: Calyrex|58/263 brn\n|\n|-heal|p2a: Camerupt|166/275|[from] item: Leftovers\n|-damage|p1a: Calyrex|42/263 brn|[from] brn\n|upkeep\n|turn|18\n|\n|t:|1781399020\n|move|p1a: Calyrex|High Horsepower|p2a: Camerupt\n|-supereffective|p2a: Camerupt\n|-damage|p2a: Camerupt|66/275\n|move|p2a: Camerupt|Earthquake|p1a: Calyrex\n|-damage|p1a: Calyrex|0 fnt\n|faint|p1a: Calyrex\n|\n|-heal|p2a: Camerupt|83/275|[from] item: Leftovers\n|upkeep\n|\n|t:|1781399026\n|switch|p1a: Tentacruel|Tentacruel, L84, M|23/272\n|turn|19\n|\n|t:|1781399030\n|move|p2a: Camerupt|Earthquake|p1a: Tentacruel\n|-supereffective|p1a: Tentacruel\n|-damage|p1a: Tentacruel|0 fnt\n|faint|p1a: Tentacruel\n|\n|-heal|p2a: Camerupt|100/275|[from] item: Leftovers\n|upkeep\n|\n|t:|1781399033\n|switch|p1a: Masquerain|Masquerain, L87, M|264/264\n|-ability|p1a: Masquerain|Intimidate|boost\n|-unboost|p2a: Camerupt|atk|1\n|turn|20\n|\n|t:|1781399038\n|move|p2a: Camerupt|Overheat|p1a: Masquerain\n|-supereffective|p1a: Masquerain\n|-damage|p1a: Masquerain|0 fnt\n|-unboost|p2a: Camerupt|spa|2\n|faint|p1a: Masquerain\n|\n|-heal|p2a: Camerupt|117/275|[from] item: Leftovers\n|-fieldend|move: Trick Room\n|upkeep\n|\n|t:|1781399039\n|switch|p1a: Hypno|Hypno, L95, M|58/315\n|turn|21\n|\n|t:|1781399045\n|move|p1a: Hypno|Psychic Noise|p2a: Camerupt\n|-damage|p2a: Camerupt|26/275\n|-start|p2a: Camerupt|move: Heal Block\n|move|p2a: Camerupt|Earthquake|p1a: Hypno\n|-damage|p1a: Hypno|0 fnt\n|faint|p1a: Hypno\n|\n|upkeep\n|\n|t:|1781399053\n|switch|p1a: Minun|Minun, L95, F|98/268\n|turn|22\n|\n|t:|1781399056\n|move|p1a: Minun|Alluring Voice|p2a: Camerupt\n|-resisted|p2a: Camerupt\n|-damage|p2a: Camerupt|0 fnt\n|faint|p2a: Camerupt\n|-damage|p1a: Minun|72/268|[from] item: Life Orb\n|\n|upkeep\n|\n|t:|1781399059\n|switch|p2a: Dusknoir|Dusknoir, L89, F|173/225\n|-item|p1a: Minun|Life Orb|[from] ability: Frisk|[of] p2a: Dusknoir\n|turn|23\n|\n|t:|1781399065\n|move|p1a: Minun|Thunderbolt|p2a: Dusknoir\n|-damage|p2a: Dusknoir|87/225\n|-damage|p1a: Minun|46/268|[from] item: Life Orb\n|move|p2a: Dusknoir|Earthquake|p1a: Minun\n|-supereffective|p1a: Minun\n|-damage|p1a: Minun|0 fnt\n|faint|p1a: Minun\n|\n|win|rotomrimense\n|raw|randbatsluvr's rating: 1488 &rarr; <strong>1462</strong><br />(-26 for losing)\n|raw|rotomrimense's rating: 1385 &rarr; <strong>1411</strong><br />(+26 for winning)\n|l|\u2606randbatsluvr\n|player|p1|\n", "uploadtime": 1781399073, "views": 5, "formatid": "gen9randombattle", "rating": 1411, "private": 0, "password": null}