{"id": "gen9randombattle-2631550721", "format": "[Gen 9] Random Battle", "players": ["Dianaaaaaaa", "Dative"], "log": "|j|\u2606Dianaaaaaaa\n|j|\u2606Dative\n|t:|1781400070\n|gametype|singles\n|player|p1|Dianaaaaaaa|psychic-gen4|1724\n|player|p2|Dative|266|1780\n|gen|9\n|tier|[Gen 9] Random Battle\n|rated|\n|rule|Species Clause: Limit one of each Pok\u00e9mon\n|rule|HP Percentage Mod: HP is shown in percentages\n|rule|Sleep Clause Mod: Limit one foe put to sleep\n|rule|Illusion Level Mod: Illusion disguises the Pok\u00e9mon's true level\n|\n|t:|1781400070\n|teamsize|p1|6\n|teamsize|p2|6\n|start\n|switch|p1a: Calyrex|Calyrex-Shadow, L64|235/235\n|switch|p2a: Camerupt|Camerupt, L91, M|275/275\n|-ability|p1a: Calyrex|As One\n|-ability|p1a: Calyrex|Unnerve\n|turn|1\n|inactive|Battle timer is ON: inactive players will automatically lose when time's up. (requested by Dianaaaaaaa)\n|c|\u2606Dianaaaaaaa|one sec pizza guy is here\n|inactive|Dianaaaaaaa has 120 seconds left.\n|inactive|Dianaaaaaaa has 90 seconds left.\n|c|\u2606Dative|Give him a tip yk\n|\n|t:|1781400160\n|switch|p1a: Lumineon|Lumineon, L93, M|279/279\n|move|p2a: Camerupt|Stealth Rock|p1a: Lumineon\n|-sidestart|p1: Dianaaaaaaa|move: Stealth Rock\n|\n|upkeep\n|turn|2\n|\n|t:|1781400167\n|switch|p2a: Hypno|Hypno, L95, M|315/315\n|move|p1a: Lumineon|Hydro Pump|p2a: Hypno\n|-damage|p2a: Hypno|212/315\n|-damage|p1a: Lumineon|252/279|[from] item: Life Orb\n|\n|-heal|p2a: Hypno|231/315|[from] item: Leftovers\n|upkeep\n|turn|3\n|c|\u2606Dianaaaaaaa|you already know\n|inactive|Dianaaaaaaa has 120 seconds left.\n|inactive|Dianaaaaaaa has 90 seconds left.\n|\n|t:|1781400233\n|move|p1a: Lumineon|Hydro Pump|p2a: Hypno\n|-damage|p2a: Hypno|130/315\n|-damage|p1a: Lumineon|225/279|[from] item: Life Orb\n|move|p2a: Hypno|Knock Off|p1a: Lumineon\n|-damage|p1a: Lumineon|158/279\n|-enditem|p1a: Lumineon|Life Orb|[from] move: Knock Off|[of] p2a: Hypno\n|\n|-heal|p2a: Hypno|149/315|[from] item: Leftovers\n|upkeep\n|turn|4\n|inactive|Dianaaaaaaa has 90 seconds left.\n|\n|t:|1781400260\n|switch|p2a: Cramorant|Cramorant, L86, M|261/261\n|move|p1a: Lumineon|Hydro Pump|p2a: Cramorant\n|-resisted|p2a: Cramorant\n|-damage|p2a: Cramorant|213/261\n|\n|upkeep\n|turn|5\n|\n|t:|1781400266\n|switch|p1a: Leafeon|Leafeon, L88, F|258/258\n|-damage|p1a: Leafeon|226/258|[from] Stealth Rock\n|move|p2a: Cramorant|Surf|p1a: Leafeon\n|-formechange|p2a: Cramorant|Cramorant-Gulping|\n|-resisted|p1a: Leafeon\n|-damage|p1a: Leafeon|173/258\n|\n|upkeep\n|turn|6\n|\n|t:|1781400275\n|move|p1a: Leafeon|Swords Dance|p1a: Leafeon\n|-boost|p1a: Leafeon|atk|2\n|move|p2a: Cramorant|Brave Bird|p1a: Leafeon\n|-supereffective|p1a: Leafeon\n|-damage|p1a: Leafeon|5/258\n|-damage|p2a: Cramorant|158/261|[from] Recoil\n|\n|upkeep\n|turn|7\n|\n|t:|1781400284\n|move|p1a: Leafeon|Leaf Blade|p2a: Cramorant\n|-damage|p2a: Cramorant|0 fnt\n|-damage|p1a: Leafeon|0 fnt|[from] ability: Gulp Missile|[of] p2a: Cramorant\n|-formechange|p2a: Cramorant|Cramorant|\n|faint|p2a: Cramorant\n|faint|p1a: Leafeon\n|\n|upkeep\n|inactive|Dianaaaaaaa has 90 seconds left.\n|\n|t:|1781400299\n|switch|p1a: Lilligant|Lilligant, L86, F|261/261\n|switch|p2a: Hypno|Hypno, L95, M|149/315\n|-damage|p1a: Lilligant|229/261|[from] Stealth Rock\n|turn|8\n|inactive|Dianaaaaaaa has 90 seconds left.\n|\n|t:|1781400307\n|move|p1a: Lilligant|Quiver Dance|p1a: Lilligant\n|-boost|p1a: Lilligant|spa|1\n|-boost|p1a: Lilligant|spd|1\n|-boost|p1a: Lilligant|spe|1\n|move|p2a: Hypno|Toxic|p1a: Lilligant\n|-status|p1a: Lilligant|tox\n|\n|-heal|p2a: Hypno|168/315|[from] item: Leftovers\n|-damage|p1a: Lilligant|213/261 tox|[from] psn\n|upkeep\n|turn|9\n|\n|t:|1781400312\n|move|p1a: Lilligant|Petal Dance|p2a: Hypno\n|-damage|p2a: Hypno|0 fnt\n|faint|p2a: Hypno\n|-damage|p1a: Lilligant|187/261 tox|[from] item: Life Orb\n|\n|-damage|p1a: Lilligant|155/261 tox|[from] psn\n|upkeep\n|\n|t:|1781400325\n|switch|p2a: Reuniclus|Reuniclus, L88, F|337/337\n|turn|10\n|\n|t:|1781400329\n|move|p1a: Lilligant|Petal Dance|p2a: Reuniclus|[from] lockedmove\n|-damage|p2a: Reuniclus|64/337\n|-damage|p1a: Lilligant|129/261 tox|[from] item: Life Orb\n|move|p2a: Reuniclus|Psyshock|p1a: Lilligant\n|-damage|p1a: Lilligant|0 fnt\n|faint|p1a: Lilligant\n|\n|upkeep\n|\n|t:|1781400337\n|switch|p1a: Arcanine|Arcanine-Hisui, L79, F|280/280\n|turn|11\n|inactive|Dianaaaaaaa has 120 seconds left.\n|\n|t:|1781400343\n|move|p1a: Arcanine|Head Smash|p2a: Reuniclus\n|-damage|p2a: Reuniclus|0 fnt\n|faint|p2a: Reuniclus\n|\n|upkeep\n|\n|t:|1781400349\n|switch|p2a: Camerupt|Camerupt, L91, M|275/275\n|turn|12\n|\n|t:|1781400359\n|-terastallize|p1a: Arcanine|Grass\n|move|p1a: Arcanine|Head Smash|p2a: Camerupt\n|-damage|p2a: Camerupt|91/275\n|move|p2a: Camerupt|Earthquake|p1a: Arcanine\n|-resisted|p1a: Arcanine\n|-damage|p1a: Arcanine|206/280\n|\n|-heal|p2a: Camerupt|108/275|[from] item: Leftovers\n|upkeep\n|turn|13\n|\n|t:|1781400363\n|move|p1a: Arcanine|Head Smash|p2a: Camerupt|[miss]\n|-miss|p1a: Arcanine|p2a: Camerupt\n|move|p2a: Camerupt|Overheat|p1a: Arcanine\n|-supereffective|p1a: Arcanine\n|-damage|p1a: Arcanine|0 fnt\n|-unboost|p2a: Camerupt|spa|2\n|faint|p1a: Arcanine\n|\n|-heal|p2a: Camerupt|125/275|[from] item: Leftovers\n|upkeep\n|\n|t:|1781400367\n|switch|p1a: Lumineon|Lumineon, L93, M|158/279\n|-damage|p1a: Lumineon|124/279|[from] Stealth Rock\n|turn|14\n|\n|t:|1781400374\n|move|p1a: Lumineon|Hydro Pump|p2a: Camerupt\n|-supereffective|p2a: Camerupt\n|-damage|p2a: Camerupt|0 fnt\n|faint|p2a: Camerupt\n|\n|upkeep\n|\n|t:|1781400385\n|switch|p2a: Enamorus|Enamorus, L79, F|247/247\n|turn|15\n|\n|t:|1781400391\n|move|p1a: Lumineon|Ice Beam|p2a: Enamorus\n|-supereffective|p2a: Enamorus\n|-damage|p2a: Enamorus|117/247\n|move|p2a: Enamorus|Moonblast|p1a: Lumineon\n|-damage|p1a: Lumineon|21/279\n|\n|-heal|p2a: Enamorus|132/247|[from] item: Leftovers\n|upkeep\n|turn|16\n|\n|t:|1781400402\n|switch|p2a: Golduck|Golduck, L90, M|290/290\n|-ability|p2a: Golduck|Cloud Nine\n|move|p1a: Lumineon|Ice Beam|p2a: Golduck\n|-resisted|p2a: Golduck\n|-damage|p2a: Golduck|259/290\n|\n|-heal|p2a: Golduck|277/290|[from] item: Leftovers\n|upkeep\n|turn|17\n|\n|t:|1781400411\n|move|p1a: Lumineon|Ice Beam|p2a: Golduck\n|-resisted|p2a: Golduck\n|-damage|p2a: Golduck|247/290\n|move|p2a: Golduck|Hydro Pump|p1a: Lumineon\n|-ability|p1a: Lumineon|Storm Drain|boost\n|-boost|p1a: Lumineon|spa|1\n|\n|-heal|p2a: Golduck|265/290|[from] item: Leftovers\n|upkeep\n|turn|18\n|\n|t:|1781400418\n|move|p1a: Lumineon|Encore|p2a: Golduck\n|-start|p2a: Golduck|Encore\n|move|p2a: Golduck|Hydro Pump|p1a: Lumineon\n|-ability|p1a: Lumineon|Storm Drain|boost\n|-boost|p1a: Lumineon|spa|1\n|\n|-heal|p2a: Golduck|283/290|[from] item: Leftovers\n|upkeep\n|turn|19\n|c|\u2606Dianaaaaaaa|nice\n|\n|t:|1781400425\n|switch|p2a: Enamorus|Enamorus, L79, F|132/247\n|move|p1a: Lumineon|Ice Beam|p2a: Enamorus\n|-supereffective|p2a: Enamorus\n|-damage|p2a: Enamorus|0 fnt\n|faint|p2a: Enamorus\n|\n|upkeep\n|c|\u2606Dianaaaaaaa|gg\n|\n|t:|1781400429\n|switch|p2a: Golduck|Golduck, L90, M|283/290\n|-ability|p2a: Golduck|Cloud Nine\n|turn|20\n|\n|t:|1781400433\n|move|p1a: Lumineon|Hydro Pump|p2a: Golduck|[miss]\n|-miss|p1a: Lumineon|p2a: Golduck\n|move|p2a: Golduck|Ice Beam|p1a: Lumineon\n|-resisted|p1a: Lumineon\n|-damage|p1a: Lumineon|0 fnt\n|faint|p1a: Lumineon\n|\n|-heal|p2a: Golduck|290/290|[from] item: Leftovers\n|upkeep\n|\n|t:|1781400443\n|switch|p1a: Mienshao|Mienshao, L83, F|244/244\n|-damage|p1a: Mienshao|229/244|[from] Stealth Rock\n|turn|21\n|\n|t:|1781400450\n|-terastallize|p2a: Golduck|Water\n|move|p1a: Mienshao|Knock Off|p2a: Golduck\n|-damage|p2a: Golduck|183/290\n|-enditem|p2a: Golduck|Leftovers|[from] move: Knock Off|[of] p1a: Mienshao\n|-damage|p1a: Mienshao|205/244|[from] item: Life Orb\n|move|p2a: Golduck|Hydro Pump|p1a: Mienshao\n|-damage|p1a: Mienshao|0 fnt\n|faint|p1a: Mienshao\n|\n|upkeep\n|\n|t:|1781400461\n|switch|p1a: Calyrex|Calyrex-Shadow, L64|235/235\n|-ability|p1a: Calyrex|As One\n|-ability|p1a: Calyrex|Unnerve\n|-damage|p1a: Calyrex|206/235|[from] Stealth Rock\n|turn|22\n|\n|t:|1781400466\n|move|p1a: Calyrex|Astral Barrage|p2a: Golduck\n|-damage|p2a: Golduck|14/290\n|move|p2a: Golduck|Hydro Pump|p1a: Calyrex|[miss]\n|-miss|p2a: Golduck|p1a: Calyrex\n|\n|upkeep\n|turn|23\n|\n|t:|1781400471\n|move|p1a: Calyrex|Astral Barrage|p2a: Golduck\n|-damage|p2a: Golduck|0 fnt\n|faint|p2a: Golduck\n|\n|win|Dianaaaaaaa\n|raw|Dianaaaaaaa's rating: 1724 &rarr; <strong>1747</strong><br />(+23 for winning)\n|raw|Dative's rating: 1780 &rarr; <strong>1757</strong><br />(-23 for losing)\n|l|\u2606Dative\n|player|p2|\n|c|\u2606Dianaaaaaaa|this pizza is good btw\n", "uploadtime": 1781400485, "views": 2, "formatid": "gen9randombattle", "rating": 1747, "private": 0, "password": null}