{"id": "gen9randombattle-2631379017", "format": "[Gen 9] Random Battle", "players": ["gamen", "Big amogus"], "log": "|j|\u2606gamen\n|j|\u2606Big amogus\n|t:|1781377670\n|gametype|singles\n|player|p1|gamen|1|1922\n|player|p2|Big amogus|unknown|1905\n|gen|9\n|tier|[Gen 9] Random Battle\n|rated|\n|rule|Species Clause: Limit one of each Pok\u00e9mon\n|rule|HP Percentage Mod: HP is shown in percentages\n|rule|Sleep Clause Mod: Limit one foe put to sleep\n|rule|Illusion Level Mod: Illusion disguises the Pok\u00e9mon's true level\n|\n|t:|1781377670\n|teamsize|p1|6\n|teamsize|p2|6\n|start\n|switch|p1a: Revavroom|Revavroom, L79, M|256/256\n|switch|p2a: Perrserker|Perrserker, L89, F|269/269\n|turn|1\n|inactive|Battle timer is ON: inactive players will automatically lose when time's up. (requested by gamen)\n|\n|t:|1781377694\n|switch|p1a: Talonflame|Talonflame, L83, M|265/265\n|move|p2a: Perrserker|Close Combat|p1a: Talonflame\n|-resisted|p1a: Talonflame\n|-damage|p1a: Talonflame|166/265\n|-unboost|p2a: Perrserker|def|1\n|-unboost|p2a: Perrserker|spd|1\n|-damage|p2a: Perrserker|243/269|[from] item: Life Orb\n|\n|upkeep\n|turn|2\n|\n|t:|1781377703\n|switch|p2a: Lanturn|Lanturn, L89, F|367/367\n|move|p1a: Talonflame|Swords Dance|p1a: Talonflame\n|-boost|p1a: Talonflame|atk|2\n|\n|upkeep\n|turn|3\n|\n|t:|1781377709\n|-terastallize|p1a: Talonflame|Ground\n|move|p1a: Talonflame|Tera Blast|p2a: Lanturn|[anim] Tera Blast Ground\n|-supereffective|p2a: Lanturn\n|-damage|p2a: Lanturn|0 fnt\n|faint|p2a: Lanturn\n|\n|upkeep\n|\n|t:|1781377715\n|switch|p2a: Hypno|Hypno, L95, M|315/315\n|turn|4\n|\n|t:|1781377722\n|move|p1a: Talonflame|Flare Blitz|p2a: Hypno\n|-damage|p2a: Hypno|86/315\n|-damage|p1a: Talonflame|90/265|[from] Recoil\n|move|p2a: Hypno|Toxic|p1a: Talonflame\n|-status|p1a: Talonflame|tox\n|\n|-heal|p2a: Hypno|105/315|[from] item: Leftovers\n|-damage|p1a: Talonflame|74/265 tox|[from] psn\n|upkeep\n|turn|5\n|\n|t:|1781377730\n|move|p2a: Hypno|Protect|p2a: Hypno\n|-singleturn|p2a: Hypno|Protect\n|move|p1a: Talonflame|Tera Blast|p2a: Hypno|[anim] Tera Blast Ground\n|-activate|p2a: Hypno|move: Protect\n|\n|-heal|p2a: Hypno|124/315|[from] item: Leftovers\n|-damage|p1a: Talonflame|42/265 tox|[from] psn\n|upkeep\n|turn|6\n|\n|t:|1781377736\n|move|p2a: Hypno|Protect||[still]\n|-fail|p2a: Hypno\n|move|p1a: Talonflame|Flare Blitz|p2a: Hypno\n|-crit|p2a: Hypno\n|-damage|p2a: Hypno|0 fnt\n|faint|p2a: Hypno\n|-damage|p1a: Talonflame|1/265 tox|[from] Recoil\n|\n|-damage|p1a: Talonflame|0 fnt|[from] psn\n|faint|p1a: Talonflame\n|upkeep\n|\n|t:|1781377750\n|switch|p1a: Medicham|Medicham, L86, M|243/243\n|switch|p2a: Skuntank|Skuntank, L84, M|310/310\n|turn|7\n|\n|t:|1781377758\n|move|p1a: Medicham|Trick|p2a: Skuntank\n|-activate|p1a: Medicham|move: Trick|[of] p2a: Skuntank\n|-item|p2a: Skuntank|Choice Scarf|[from] move: Trick\n|-item|p1a: Medicham|Life Orb|[from] move: Trick\n|move|p2a: Skuntank|Toxic Spikes|p1a: Medicham\n|-sidestart|p1: gamen|move: Toxic Spikes\n|\n|upkeep\n|turn|8\n|\n|t:|1781377767\n|switch|p2a: Mesprit|Mesprit, L85|275/275\n|move|p1a: Medicham|Close Combat|p2a: Mesprit\n|-resisted|p2a: Mesprit\n|-damage|p2a: Mesprit|163/275\n|-unboost|p1a: Medicham|def|1\n|-unboost|p1a: Medicham|spd|1\n|-damage|p1a: Medicham|219/243|[from] item: Life Orb\n|\n|upkeep\n|turn|9\n|\n|t:|1781377779\n|switch|p1a: Scizor|Scizor, L79, M|240/240\n|move|p2a: Mesprit|Psychic Noise|p1a: Scizor\n|-resisted|p1a: Scizor\n|-damage|p1a: Scizor|192/240\n|-start|p1a: Scizor|move: Heal Block\n|\n|upkeep\n|turn|10\n|\n|t:|1781377784\n|move|p2a: Mesprit|Knock Off|p1a: Scizor\n|-damage|p1a: Scizor|125/240\n|-enditem|p1a: Scizor|Choice Band|[from] move: Knock Off|[of] p2a: Mesprit\n|move|p1a: Scizor|U-turn|p2a: Mesprit\n|-supereffective|p2a: Mesprit\n|-crit|p2a: Mesprit\n|-damage|p2a: Mesprit|0 fnt\n|faint|p2a: Mesprit\n|\n|t:|1781377787\n|switch|p1a: Revavroom|Revavroom, L79, M|256/256|[from] U-turn\n|-sideend|p1: gamen|move: Toxic Spikes|[of] p1a: Revavroom\n|\n|upkeep\n|\n|t:|1781377793\n|switch|p2a: Skuntank|Skuntank, L84, M|310/310\n|turn|11\n|\n|t:|1781377797\n|move|p2a: Skuntank|Fire Blast|p1a: Revavroom\n|-supereffective|p1a: Revavroom\n|-damage|p1a: Revavroom|141/256\n|move|p1a: Revavroom|Shift Gear|p1a: Revavroom\n|-boost|p1a: Revavroom|spe|2\n|-boost|p1a: Revavroom|atk|1\n|\n|upkeep\n|turn|12\n|\n|t:|1781377807\n|move|p1a: Revavroom|High Horsepower|p2a: Skuntank\n|-supereffective|p2a: Skuntank\n|-damage|p2a: Skuntank|0 fnt\n|-damage|p1a: Revavroom|77/256|[from] ability: Aftermath|[of] p2a: Skuntank\n|faint|p2a: Skuntank\n|-damage|p1a: Revavroom|52/256|[from] item: Life Orb\n|\n|upkeep\n|\n|t:|1781377813\n|switch|p2a: Perrserker|Perrserker, L89, F|243/269\n|turn|13\n|\n|t:|1781377816\n|move|p1a: Revavroom|High Horsepower|p2a: Perrserker\n|-supereffective|p2a: Perrserker\n|-damage|p2a: Perrserker|17/269\n|-damage|p1a: Revavroom|27/256|[from] item: Life Orb\n|move|p2a: Perrserker|U-turn|p1a: Revavroom\n|-resisted|p1a: Revavroom\n|-damage|p1a: Revavroom|0 fnt\n|faint|p1a: Revavroom\n|-damage|p2a: Perrserker|0 fnt|[from] item: Life Orb\n|faint|p2a: Perrserker\n|\n|upkeep\n|\n|t:|1781377822\n|switch|p1a: Scizor|Scizor, L79, M|125/240\n|switch|p2a: Comfey|Comfey, L85, M|225/225\n|turn|14\n|\n|t:|1781377827\n|-terastallize|p2a: Comfey|Ground\n|move|p1a: Scizor|Bullet Punch|p2a: Comfey\n|-damage|p2a: Comfey|156/225\n|move|p2a: Comfey|Calm Mind|p2a: Comfey\n|-boost|p2a: Comfey|spa|1\n|-boost|p2a: Comfey|spd|1\n|\n|-heal|p2a: Comfey|170/225|[from] item: Leftovers\n|upkeep\n|turn|15\n|\n|t:|1781377836\n|move|p2a: Comfey|Calm Mind|p2a: Comfey\n|-boost|p2a: Comfey|spa|1\n|-boost|p2a: Comfey|spd|1\n|move|p1a: Scizor|Knock Off|p2a: Comfey\n|-damage|p2a: Comfey|92/225\n|-enditem|p2a: Comfey|Leftovers|[from] move: Knock Off|[of] p1a: Scizor\n|\n|upkeep\n|turn|16\n|\n|t:|1781377845\n|move|p2a: Comfey|Synthesis|p2a: Comfey\n|-heal|p2a: Comfey|204/225\n|move|p1a: Scizor|Bullet Punch|p2a: Comfey\n|-damage|p2a: Comfey|129/225\n|\n|upkeep\n|turn|17\n|\n|t:|1781377855\n|move|p2a: Comfey|Draining Kiss|p1a: Scizor\n|-resisted|p1a: Scizor\n|-crit|p1a: Scizor\n|-damage|p1a: Scizor|46/240\n|-heal|p2a: Comfey|188/225|[from] drain|[of] p1a: Scizor\n|move|p1a: Scizor|Close Combat|p2a: Comfey\n|-damage|p2a: Comfey|90/225\n|-unboost|p1a: Scizor|def|1\n|-unboost|p1a: Scizor|spd|1\n|\n|upkeep\n|turn|18\n|\n|t:|1781377861\n|move|p2a: Comfey|Synthesis|p2a: Comfey\n|-heal|p2a: Comfey|202/225\n|move|p1a: Scizor|Bullet Punch|p2a: Comfey\n|-damage|p2a: Comfey|129/225\n|\n|upkeep\n|turn|19\n|\n|t:|1781377866\n|move|p1a: Scizor|Bullet Punch|p2a: Comfey\n|-damage|p2a: Comfey|54/225\n|move|p2a: Comfey|Calm Mind|p2a: Comfey\n|-boost|p2a: Comfey|spa|1\n|-boost|p2a: Comfey|spd|1\n|\n|upkeep\n|turn|20\n|\n|t:|1781377872\n|move|p2a: Comfey|Synthesis|p2a: Comfey\n|-heal|p2a: Comfey|166/225\n|move|p1a: Scizor|U-turn|p2a: Comfey\n|-damage|p2a: Comfey|82/225\n|\n|t:|1781377882\n|switch|p1a: Raichu|Raichu-Alola, L87, F|246/246|[from] U-turn\n|\n|upkeep\n|turn|21\n|\n|t:|1781377890\n|move|p2a: Comfey|Draining Kiss|p1a: Raichu\n|-damage|p1a: Raichu|137/246\n|-heal|p2a: Comfey|164/225|[from] drain|[of] p1a: Raichu\n|move|p1a: Raichu|Psyshock|p2a: Comfey\n|-damage|p2a: Comfey|42/225\n|-damage|p1a: Raichu|113/246|[from] item: Life Orb\n|\n|upkeep\n|turn|22\n|\n|t:|1781377897\n|move|p2a: Comfey|Draining Kiss|p1a: Raichu\n|-damage|p1a: Raichu|0 fnt\n|-heal|p2a: Comfey|127/225|[from] drain|[of] p1a: Raichu\n|faint|p1a: Raichu\n|\n|upkeep\n|\n|t:|1781377905\n|switch|p1a: Brute Bonnet|Brute Bonnet, L80|309/309\n|turn|23\n|\n|t:|1781377910\n|move|p2a: Comfey|Draining Kiss|p1a: Brute Bonnet\n|-supereffective|p1a: Brute Bonnet\n|-damage|p1a: Brute Bonnet|63/309\n|-heal|p2a: Comfey|225/225|[from] drain|[of] p1a: Brute Bonnet\n|move|p1a: Brute Bonnet|Seed Bomb|p2a: Comfey\n|-supereffective|p2a: Comfey\n|-damage|p2a: Comfey|19/225\n|\n|-heal|p1a: Brute Bonnet|82/309|[from] item: Leftovers\n|upkeep\n|turn|24\n|\n|t:|1781377922\n|move|p2a: Comfey|Draining Kiss|p1a: Brute Bonnet\n|-supereffective|p1a: Brute Bonnet\n|-damage|p1a: Brute Bonnet|0 fnt\n|-heal|p2a: Comfey|81/225|[from] drain|[of] p1a: Brute Bonnet\n|faint|p1a: Brute Bonnet\n|-end|p1a: Brute Bonnet|Protosynthesis|[silent]\n|\n|upkeep\n|\n|t:|1781377925\n|switch|p1a: Scizor|Scizor, L79, M|46/240\n|turn|25\n|\n|t:|1781377929\n|move|p2a: Comfey|Draining Kiss|p1a: Scizor\n|-resisted|p1a: Scizor\n|-damage|p1a: Scizor|0 fnt\n|-heal|p2a: Comfey|116/225|[from] drain|[of] p1a: Scizor\n|faint|p1a: Scizor\n|\n|upkeep\n|\n|t:|1781377934\n|switch|p1a: Medicham|Medicham, L86, M|219/243\n|turn|26\n|\n|t:|1781377938\n|move|p2a: Comfey|Draining Kiss|p1a: Medicham\n|-supereffective|p1a: Medicham\n|-damage|p1a: Medicham|0 fnt\n|-heal|p2a: Comfey|225/225|[from] drain|[of] p1a: Medicham\n|faint|p1a: Medicham\n|\n|win|Big amogus\n", "uploadtime": 1781377673, "views": 6, "formatid": "gen9randombattle", "rating": null, "private": 0, "password": null}