{"id": "gen9randombattle-2631442946", "format": "[Gen 9] Random Battle", "players": ["sanos", "green8Bit"], "log": "|j|\u2606sanos\n|j|\u2606green8Bit\n|t:|1781385254\n|gametype|singles\n|player|p1|sanos|nate|1959\n|player|p2|green8Bit|266|2024\n|gen|9\n|tier|[Gen 9] Random Battle\n|rated|\n|rule|Species Clause: Limit one of each Pok\u00e9mon\n|rule|HP Percentage Mod: HP is shown in percentages\n|rule|Sleep Clause Mod: Limit one foe put to sleep\n|rule|Illusion Level Mod: Illusion disguises the Pok\u00e9mon's true level\n|\n|t:|1781385254\n|teamsize|p1|6\n|teamsize|p2|6\n|start\n|switch|p1a: Swalot|Swalot, L90, F|326/326\n|switch|p2a: Typhlosion|Typhlosion, L84, F|267/267\n|turn|1\n|\n|t:|1781385296\n|switch|p2a: Emboar|Emboar, L84, M|322/322\n|move|p1a: Swalot|Toxic|p2a: Emboar\n|-status|p2a: Emboar|tox\n|\n|-damage|p2a: Emboar|302/322 tox|[from] psn\n|upkeep\n|turn|2\n|\n|t:|1781385307\n|move|p1a: Swalot|Protect|p1a: Swalot\n|-singleturn|p1a: Swalot|Protect\n|move|p2a: Emboar|Knock Off|p1a: Swalot\n|-activate|p1a: Swalot|move: Protect\n|\n|-damage|p2a: Emboar|262/322 tox|[from] psn\n|upkeep\n|turn|3\n|\n|t:|1781385319\n|switch|p1a: Kricketune|Kricketune, L99, M|312/312\n|move|p2a: Emboar|Knock Off|p1a: Kricketune\n|-damage|p1a: Kricketune|202/312\n|-enditem|p1a: Kricketune|Heavy-Duty Boots|[from] move: Knock Off|[of] p2a: Emboar\n|\n|-damage|p2a: Emboar|202/322 tox|[from] psn\n|upkeep\n|turn|4\n|\n|t:|1781385330\n|move|p1a: Kricketune|Sticky Web|p2a: Emboar\n|-sidestart|p2: green8Bit|move: Sticky Web\n|move|p2a: Emboar|Flare Blitz|p1a: Kricketune\n|-supereffective|p1a: Kricketune\n|-damage|p1a: Kricketune|0 fnt\n|faint|p1a: Kricketune\n|-damage|p2a: Emboar|135/322 tox|[from] Recoil\n|\n|-damage|p2a: Emboar|55/322 tox|[from] psn\n|upkeep\n|\n|t:|1781385346\n|switch|p1a: Terapagos|Terapagos, L77, F|265/265\n|-activate|p1a: Terapagos|ability: Tera Shift\n|detailschange|p1a: Terapagos|Terapagos-Terastal, L77, F\n|-heal|p1a: Terapagos|273/273|[silent]\n|turn|5\n|\n|t:|1781385362\n|move|p1a: Terapagos|Tera Starstorm|p2a: Emboar\n|-damage|p2a: Emboar|0 fnt\n|faint|p2a: Emboar\n|\n|upkeep\n|\n|t:|1781385382\n|switch|p2a: Metagross|Metagross, L79|256/256\n|-activate|p2a: Metagross|move: Sticky Web\n|-fail|p2a: Metagross|unboost|[from] ability: Clear Body|[of] p2a: Metagross\n|turn|6\n|\n|t:|1781385396\n|move|p1a: Terapagos|Calm Mind|p1a: Terapagos\n|-boost|p1a: Terapagos|spa|1\n|-boost|p1a: Terapagos|spd|1\n|move|p2a: Metagross|Agility|p2a: Metagross\n|-boost|p2a: Metagross|spe|2\n|\n|upkeep\n|turn|7\n|\n|t:|1781385416\n|move|p2a: Metagross|Heavy Slam|p1a: Terapagos\n|-activate|p1a: Terapagos|ability: Tera Shell\n|-resisted|p1a: Terapagos\n|-damage|p1a: Terapagos|202/273\n|move|p1a: Terapagos|Tera Starstorm|p2a: Metagross\n|-resisted|p2a: Metagross\n|-damage|p2a: Metagross|165/256\n|\n|upkeep\n|turn|8\n|\n|t:|1781385443\n|move|p2a: Metagross|Heavy Slam|p1a: Terapagos\n|-damage|p1a: Terapagos|70/273\n|move|p1a: Terapagos|Tera Starstorm|p2a: Metagross\n|-resisted|p2a: Metagross\n|-damage|p2a: Metagross|76/256\n|\n|upkeep\n|turn|9\n|\n|t:|1781385453\n|move|p2a: Metagross|Heavy Slam|p1a: Terapagos\n|-damage|p1a: Terapagos|0 fnt\n|faint|p1a: Terapagos\n|\n|upkeep\n|\n|t:|1781385461\n|switch|p1a: Overqwil|Overqwil, L82, F|274/274\n|-ability|p1a: Overqwil|Intimidate|boost\n|-fail|p2a: Metagross|unboost|[from] ability: Clear Body|[of] p2a: Metagross\n|turn|10\n|\n|t:|1781385498\n|move|p2a: Metagross|Earthquake|p1a: Overqwil\n|-supereffective|p1a: Overqwil\n|-damage|p1a: Overqwil|116/274\n|move|p1a: Overqwil|Crunch|p2a: Metagross\n|-supereffective|p2a: Metagross\n|-damage|p2a: Metagross|0 fnt\n|faint|p2a: Metagross\n|-damage|p1a: Overqwil|89/274|[from] item: Life Orb\n|\n|upkeep\n|\n|t:|1781385516\n|switch|p2a: Typhlosion|Typhlosion, L84, F|267/267\n|-activate|p2a: Typhlosion|move: Sticky Web\n|-unboost|p2a: Typhlosion|spe|1\n|turn|11\n|\n|t:|1781385547\n|switch|p1a: Blissey|Blissey, L85, F|572/572\n|move|p2a: Typhlosion|Eruption|p1a: Blissey\n|-damage|p1a: Blissey|443/572\n|\n|-heal|p1a: Blissey|478/572|[from] item: Leftovers\n|upkeep\n|turn|12\n|\n|t:|1781385556\n|switch|p2a: Regigigas|Regigigas, L84|322/322\n|-activate|p2a: Regigigas|move: Sticky Web\n|-unboost|p2a: Regigigas|spe|1\n|-start|p2a: Regigigas|ability: Slow Start\n|move|p1a: Blissey|Stealth Rock|p2a: Regigigas\n|-sidestart|p2: green8Bit|move: Stealth Rock\n|\n|-heal|p1a: Blissey|513/572|[from] item: Leftovers\n|upkeep\n|turn|13\n|\n|t:|1781385579\n|switch|p1a: Swalot|Swalot, L90, F|326/326\n|move|p2a: Regigigas|Substitute|p2a: Regigigas\n|-start|p2a: Regigigas|Substitute\n|-damage|p2a: Regigigas|242/322\n|\n|-heal|p2a: Regigigas|262/322|[from] item: Leftovers\n|upkeep\n|turn|14\n|\n|t:|1781385587\n|move|p2a: Regigigas|Protect|p2a: Regigigas\n|-singleturn|p2a: Regigigas|Protect\n|move|p1a: Swalot|Sludge Bomb|p2a: Regigigas\n|-activate|p2a: Regigigas|move: Protect\n|\n|-heal|p2a: Regigigas|282/322|[from] item: Leftovers\n|upkeep\n|turn|15\n|\n|t:|1781385592\n|move|p1a: Swalot|Sludge Bomb|p2a: Regigigas\n|-activate|p2a: Regigigas|move: Substitute|[damage]\n|move|p2a: Regigigas|Knock Off|p1a: Swalot\n|-damage|p1a: Swalot|273/326\n|-enditem|p1a: Swalot|Leftovers|[from] move: Knock Off|[of] p2a: Regigigas\n|\n|-heal|p2a: Regigigas|302/322|[from] item: Leftovers\n|upkeep\n|turn|16\n|inactive|Battle timer is ON: inactive players will automatically lose when time's up. (requested by sanos)\n|\n|t:|1781385603\n|move|p2a: Regigigas|Protect|p2a: Regigigas\n|-singleturn|p2a: Regigigas|Protect\n|move|p1a: Swalot|Sludge Bomb|p2a: Regigigas\n|-activate|p2a: Regigigas|move: Protect\n|\n|-heal|p2a: Regigigas|322/322|[from] item: Leftovers\n|upkeep\n|turn|17\n|\n|t:|1781385611\n|move|p1a: Swalot|Protect|p1a: Swalot\n|-singleturn|p1a: Swalot|Protect\n|move|p2a: Regigigas|Substitute|p2a: Regigigas\n|-fail|p2a: Regigigas|move: Substitute\n|\n|-end|p2a: Regigigas|Slow Start\n|upkeep\n|turn|18\n|\n|t:|1781385620\n|move|p1a: Swalot|Sludge Bomb|p2a: Regigigas\n|-end|p2a: Regigigas|Substitute\n|move|p2a: Regigigas|Body Slam|p1a: Swalot\n|-damage|p1a: Swalot|146/326\n|\n|upkeep\n|turn|19\n|\n|t:|1781385626\n|move|p2a: Regigigas|Protect|p2a: Regigigas\n|-singleturn|p2a: Regigigas|Protect\n|move|p1a: Swalot|Sludge Bomb|p2a: Regigigas\n|-activate|p2a: Regigigas|move: Protect\n|\n|upkeep\n|turn|20\n|\n|t:|1781385632\n|move|p1a: Swalot|Sludge Bomb|p2a: Regigigas\n|-damage|p2a: Regigigas|249/322\n|move|p2a: Regigigas|Substitute|p2a: Regigigas\n|-start|p2a: Regigigas|Substitute\n|-damage|p2a: Regigigas|169/322\n|\n|-heal|p2a: Regigigas|189/322|[from] item: Leftovers\n|upkeep\n|turn|21\n|\n|t:|1781385644\n|move|p2a: Regigigas|Protect|p2a: Regigigas\n|-singleturn|p2a: Regigigas|Protect\n|move|p1a: Swalot|Sludge Bomb|p2a: Regigigas\n|-activate|p2a: Regigigas|move: Protect\n|\n|-heal|p2a: Regigigas|209/322|[from] item: Leftovers\n|upkeep\n|turn|22\n|\n|t:|1781385649\n|move|p1a: Swalot|Sludge Bomb|p2a: Regigigas\n|-activate|p2a: Regigigas|move: Substitute|[damage]\n|move|p2a: Regigigas|Body Slam|p1a: Swalot\n|-damage|p1a: Swalot|14/326\n|\n|-heal|p2a: Regigigas|229/322|[from] item: Leftovers\n|upkeep\n|turn|23\n|\n|t:|1781385658\n|move|p2a: Regigigas|Protect|p2a: Regigigas\n|-singleturn|p2a: Regigigas|Protect\n|move|p1a: Swalot|Sludge Bomb|p2a: Regigigas\n|-activate|p2a: Regigigas|move: Protect\n|\n|-heal|p2a: Regigigas|249/322|[from] item: Leftovers\n|upkeep\n|turn|24\n|\n|t:|1781385666\n|move|p1a: Swalot|Sludge Bomb|p2a: Regigigas\n|-end|p2a: Regigigas|Substitute\n|move|p2a: Regigigas|Substitute|p2a: Regigigas\n|-start|p2a: Regigigas|Substitute\n|-damage|p2a: Regigigas|169/322\n|\n|-heal|p2a: Regigigas|189/322|[from] item: Leftovers\n|upkeep\n|turn|25\n|\n|t:|1781385676\n|move|p1a: Swalot|Sludge Bomb|p2a: Regigigas\n|-activate|p2a: Regigigas|move: Substitute|[damage]\n|move|p2a: Regigigas|Body Slam|p1a: Swalot\n|-damage|p1a: Swalot|0 fnt\n|faint|p1a: Swalot\n|\n|-heal|p2a: Regigigas|209/322|[from] item: Leftovers\n|upkeep\n|\n|t:|1781385684\n|switch|p1a: Overqwil|Overqwil, L82, F|89/274\n|-ability|p1a: Overqwil|Intimidate|boost\n|-immune|p2a: Regigigas\n|turn|26\n|\n|t:|1781385695\n|move|p1a: Overqwil|Crunch|p2a: Regigigas\n|-end|p2a: Regigigas|Substitute\n|-damage|p1a: Overqwil|62/274|[from] item: Life Orb\n|move|p2a: Regigigas|Body Slam|p1a: Overqwil\n|-damage|p1a: Overqwil|0 fnt\n|faint|p1a: Overqwil\n|\n|-heal|p2a: Regigigas|229/322|[from] item: Leftovers\n|upkeep\n|\n|t:|1781385701\n|switch|p1a: Rampardos|Rampardos, L90, M|321/321\n|turn|27\n|\n|t:|1781385711\n|move|p2a: Regigigas|Protect|p2a: Regigigas\n|-singleturn|p2a: Regigigas|Protect\n|move|p1a: Rampardos|Rock Slide|p2a: Regigigas\n|-activate|p2a: Regigigas|move: Protect\n|\n|-heal|p2a: Regigigas|249/322|[from] item: Leftovers\n|upkeep\n|turn|28\n|\n|t:|1781385729\n|move|p1a: Rampardos|Rock Slide|p2a: Regigigas\n|-damage|p2a: Regigigas|29/322\n|move|p2a: Regigigas|Knock Off|p1a: Rampardos\n|-damage|p1a: Rampardos|194/321\n|-enditem|p1a: Rampardos|Life Orb|[from] move: Knock Off|[of] p2a: Regigigas\n|\n|-heal|p2a: Regigigas|49/322|[from] item: Leftovers\n|upkeep\n|turn|29\n|\n|t:|1781385744\n|move|p2a: Regigigas|Protect|p2a: Regigigas\n|-singleturn|p2a: Regigigas|Protect\n|move|p1a: Rampardos|Earthquake|p2a: Regigigas\n|-activate|p2a: Regigigas|move: Protect\n|\n|-heal|p2a: Regigigas|69/322|[from] item: Leftovers\n|upkeep\n|turn|30\n|\n|t:|1781385754\n|move|p1a: Rampardos|Earthquake|p2a: Regigigas\n|-damage|p2a: Regigigas|0 fnt\n|faint|p2a: Regigigas\n|-end|p2a: Regigigas|Slow Start|[silent]\n|\n|upkeep\n|inactive|green8Bit has 120 seconds left.\n|inactive|green8Bit has 90 seconds left.\n|\n|t:|1781385824\n|switch|p2a: Polteageist|Polteageist, L78|222/222\n|-activate|p2a: Polteageist|move: Sticky Web\n|-unboost|p2a: Polteageist|spe|1\n|-damage|p2a: Polteageist|195/222|[from] Stealth Rock\n|-enditem|p2a: Polteageist|White Herb\n|-clearnegativeboost|p2a: Polteageist|[silent]\n|turn|31\n|inactive|green8Bit has 60 seconds left.\n|\n|t:|1781385851\n|-terastallize|p1a: Rampardos|Fire\n|-terastallize|p2a: Polteageist|Fighting\n|move|p1a: Rampardos|Fire Punch|p2a: Polteageist\n|-damage|p2a: Polteageist|0 fnt\n|-start|p1a: Rampardos|Disable|Fire Punch|[from] ability: Cursed Body|[of] p2a: Polteageist\n|faint|p2a: Polteageist\n|\n|upkeep\n|inactive|green8Bit has 60 seconds left.\n|\n|t:|1781385885\n|switch|p2a: Dragapult|Dragapult, L77, M|262/262\n|turn|32\n|inactive|green8Bit has 30 seconds left.\n|\n|t:|1781385909\n|move|p2a: Dragapult|U-turn|p1a: Rampardos\n|-resisted|p1a: Rampardos\n|-damage|p1a: Rampardos|166/321\n|inactive|green8Bit has 30 seconds left this turn.\n|\n|t:|1781385912\n|switch|p2a: Typhlosion|Typhlosion, L84, F|267/267|[from] U-turn\n|-activate|p2a: Typhlosion|move: Sticky Web\n|-unboost|p2a: Typhlosion|spe|1\n|-damage|p2a: Typhlosion|201/267|[from] Stealth Rock\n|move|p1a: Rampardos|Rock Slide|p2a: Typhlosion\n|-supereffective|p2a: Typhlosion\n|-damage|p2a: Typhlosion|0 fnt\n|faint|p2a: Typhlosion\n|\n|upkeep\n|\n|t:|1781385916\n|switch|p2a: Dragapult|Dragapult, L77, M|262/262\n|turn|33\n|\n|t:|1781385929\n|switch|p1a: Blissey|Blissey, L85, F|513/572\n|move|p2a: Dragapult|Will-O-Wisp|p1a: Blissey\n|-status|p1a: Blissey|brn\n|\n|-heal|p1a: Blissey|548/572 brn|[from] item: Leftovers\n|-damage|p1a: Blissey|513/572 brn|[from] brn\n|upkeep\n|turn|34\n|\n|t:|1781385937\n|move|p2a: Dragapult|Dragon Darts|p1a: Blissey\n|-damage|p1a: Blissey|348/572 brn\n|-anim|p2a: Dragapult|Dragon Darts|p1a: Blissey\n|-damage|p1a: Blissey|179/572 brn\n|move|p1a: Blissey|Thunder Wave|p2a: Dragapult\n|-status|p2a: Dragapult|par\n|\n|-heal|p1a: Blissey|214/572 brn|[from] item: Leftovers\n|-damage|p1a: Blissey|179/572 brn|[from] brn\n|upkeep\n|turn|35\n|\n|t:|1781385944\n|move|p1a: Blissey|Seismic Toss|p2a: Dragapult\n|-immune|p2a: Dragapult\n|move|p2a: Dragapult|Dragon Darts|p1a: Blissey\n|-damage|p1a: Blissey|14/572 brn\n|-anim|p2a: Dragapult|Dragon Darts|p1a: Blissey\n|-damage|p1a: Blissey|0 fnt\n|faint|p1a: Blissey\n|\n|upkeep\n|\n|t:|1781385946\n|switch|p1a: Rampardos|Rampardos, L90, M, tera:Fire|166/321\n|turn|36\n|\n|t:|1781385953\n|move|p1a: Rampardos|Earthquake|p2a: Dragapult\n|-damage|p2a: Dragapult|99/262 par\n|move|p2a: Dragapult|Will-O-Wisp|p1a: Rampardos|[miss]\n|-miss|p2a: Dragapult|p1a: Rampardos\n|\n|upkeep\n|turn|37\n|\n|t:|1781385959\n|move|p1a: Rampardos|Earthquake|p2a: Dragapult\n|-damage|p2a: Dragapult|0 fnt\n|faint|p2a: Dragapult\n|\n|win|sanos\n", "uploadtime": 1781385256, "views": 10, "formatid": "gen9randombattle", "rating": null, "private": 0, "password": null}