{"id": "gen9randombattle-2631594339", "format": "[Gen 9] Random Battle", "players": ["szbsb", "Bigoleg"], "log": "|j|\u2606szbsb\n|j|\u2606Bigoleg\n|t:|1781406061\n|gametype|singles\n|player|p1|szbsb|101|2047\n|player|p2|Bigoleg|169|2083\n|gen|9\n|tier|[Gen 9] Random Battle\n|rated|\n|rule|Species Clause: Limit one of each Pok\u00e9mon\n|rule|HP Percentage Mod: HP is shown in percentages\n|rule|Sleep Clause Mod: Limit one foe put to sleep\n|rule|Illusion Level Mod: Illusion disguises the Pok\u00e9mon's true level\n|\n|t:|1781406061\n|teamsize|p1|6\n|teamsize|p2|6\n|start\n|switch|p1a: Sandy Shocks|Sandy Shocks, L80|267/267\n|switch|p2a: Granbull|Granbull, L88, M|302/302\n|-ability|p2a: Granbull|Intimidate|boost\n|-unboost|p1a: Sandy Shocks|atk|1\n|turn|1\n|inactive|Battle timer is ON: inactive players will automatically lose when time's up. (requested by Bigoleg)\n|\n|t:|1781406075\n|move|p1a: Sandy Shocks|Volt Switch|p2a: Granbull\n|-damage|p2a: Granbull|193/302\n|inactive|szbsb has 120 seconds left.\n|inactive|szbsb has 90 seconds left.\n|\n|t:|1781406141\n|-end|p1a: Sandy Shocks|Protosynthesis|[silent]\n|switch|p1a: Gardevoir|Gardevoir, L83, F|249/249|[from] Volt Switch\n|-ability|p1a: Gardevoir|Intimidate|Trace|[from] ability: Trace|[of] p2a: Granbull\n|-ability|p1a: Gardevoir|Intimidate|boost\n|-unboost|p2a: Granbull|atk|1\n|move|p2a: Granbull|Earthquake|p1a: Gardevoir\n|-damage|p1a: Gardevoir|166/249\n|\n|-heal|p2a: Granbull|211/302|[from] item: Leftovers\n|upkeep\n|turn|2\n|\n|t:|1781406155\n|move|p1a: Gardevoir|Moonblast|p2a: Granbull\n|-damage|p2a: Granbull|72/302\n|-unboost|p2a: Granbull|spa|1\n|move|p2a: Granbull|Thunder Wave|p1a: Gardevoir\n|-status|p1a: Gardevoir|par\n|\n|-heal|p2a: Granbull|90/302|[from] item: Leftovers\n|upkeep\n|turn|3\n|\n|t:|1781406173\n|switch|p2a: Chesnaught|Chesnaught, L84, M|285/285\n|move|p1a: Gardevoir|Moonblast|p2a: Chesnaught\n|-supereffective|p2a: Chesnaught\n|-damage|p2a: Chesnaught|9/285\n|-unboost|p2a: Chesnaught|spa|1\n|\n|-heal|p2a: Chesnaught|26/285|[from] item: Leftovers\n|upkeep\n|turn|4\n|\n|t:|1781406183\n|move|p2a: Chesnaught|Synthesis|p2a: Chesnaught\n|-heal|p2a: Chesnaught|168/285\n|cant|p1a: Gardevoir|par\n|\n|-heal|p2a: Chesnaught|185/285|[from] item: Leftovers\n|upkeep\n|turn|5\n|\n|t:|1781406193\n|-terastallize|p2a: Chesnaught|Steel\n|move|p2a: Chesnaught|Trailblaze|p1a: Gardevoir\n|-damage|p1a: Gardevoir|99/249 par\n|-boost|p2a: Chesnaught|spe|1\n|move|p1a: Gardevoir|Moonblast|p2a: Chesnaught\n|-resisted|p2a: Chesnaught\n|-damage|p2a: Chesnaught|115/285\n|\n|-heal|p2a: Chesnaught|132/285|[from] item: Leftovers\n|upkeep\n|turn|6\n|\n|t:|1781406206\n|switch|p1a: Sandy Shocks|Sandy Shocks, L80|267/267\n|move|p2a: Chesnaught|Synthesis|p2a: Chesnaught\n|-heal|p2a: Chesnaught|274/285\n|\n|-heal|p2a: Chesnaught|285/285|[from] item: Leftovers\n|upkeep\n|turn|7\n|\n|t:|1781406215\n|move|p2a: Chesnaught|Iron Defense|p2a: Chesnaught\n|-boost|p2a: Chesnaught|def|2\n|move|p1a: Sandy Shocks|Earth Power|p2a: Chesnaught\n|-supereffective|p2a: Chesnaught\n|-damage|p2a: Chesnaught|33/285\n|\n|-heal|p2a: Chesnaught|50/285|[from] item: Leftovers\n|upkeep\n|turn|8\n|\n|t:|1781406224\n|move|p2a: Chesnaught|Body Press|p1a: Sandy Shocks\n|-damage|p1a: Sandy Shocks|72/267\n|move|p1a: Sandy Shocks|Earth Power|p2a: Chesnaught\n|-supereffective|p2a: Chesnaught\n|-damage|p2a: Chesnaught|0 fnt\n|faint|p2a: Chesnaught\n|\n|upkeep\n|\n|t:|1781406228\n|switch|p2a: Luvdisc|Luvdisc, M|247/247\n|turn|9\n|\n|t:|1781406244\n|-end|p1a: Sandy Shocks|Protosynthesis|[silent]\n|switch|p1a: Meowscarada|Meowscarada, L78, F|247/247\n|move|p2a: Luvdisc|Surf|p1a: Meowscarada\n|-resisted|p1a: Meowscarada\n|-damage|p1a: Meowscarada|198/247\n|\n|upkeep\n|turn|10\n|\n|t:|1781406260\n|move|p2a: Luvdisc|Substitute|p2a: Luvdisc\n|-start|p2a: Luvdisc|Substitute\n|-damage|p2a: Luvdisc|186/247\n|move|p1a: Meowscarada|Toxic Spikes|p2a: Luvdisc\n|-start|p1a: Meowscarada|typechange|Poison|[from] ability: Protean\n|-sidestart|p2: Bigoleg|move: Toxic Spikes\n|\n|upkeep\n|turn|11\n|\n|t:|1781406268\n|move|p2a: Luvdisc|Whirlpool|p1a: Meowscarada\n|-damage|p1a: Meowscarada|159/247\n|-activate|p1a: Meowscarada|move: Whirlpool|[of] p2a: Luvdisc\n|move|p1a: Meowscarada|U-turn|p2a: Luvdisc\n|-activate|p2a: Luvdisc|move: Substitute|[damage]\n|\n|t:|1781406277\n|switch|p1a: Froslass|Froslass, L87, F|263/263|[from] U-turn\n|\n|upkeep\n|turn|12\n|\n|t:|1781406283\n|move|p2a: Luvdisc|Whirlpool|p1a: Froslass\n|-damage|p1a: Froslass|232/263\n|-activate|p1a: Froslass|move: Whirlpool|[of] p2a: Luvdisc\n|move|p1a: Froslass|Triple Axel|p2a: Luvdisc\n|-resisted|p2a: Luvdisc\n|-end|p2a: Luvdisc|Substitute\n|-resisted|p2a: Luvdisc\n|-damage|p2a: Luvdisc|164/247\n|-resisted|p2a: Luvdisc\n|-damage|p2a: Luvdisc|127/247\n|-hitcount|p2a: Luvdisc|3\n|\n|-damage|p1a: Froslass|200/263|[from] move: Whirlpool|[partiallytrapped]\n|upkeep\n|turn|13\n|\n|t:|1781406296\n|move|p2a: Luvdisc|Surf|p1a: Froslass\n|-damage|p1a: Froslass|109/263\n|-start|p2a: Luvdisc|Disable|Surf|[from] ability: Cursed Body|[of] p1a: Froslass\n|move|p1a: Froslass|Poltergeist|p2a: Luvdisc\n|-activate|p2a: Luvdisc|move: Poltergeist|Heavy-Duty Boots\n|-damage|p2a: Luvdisc|12/247\n|\n|-damage|p1a: Froslass|77/263|[from] move: Whirlpool|[partiallytrapped]\n|upkeep\n|turn|14\n|\n|t:|1781406307\n|switch|p2a: Granbull|Granbull, L88, M|90/302\n|-status|p2a: Granbull|psn\n|-ability|p2a: Granbull|Intimidate|boost\n|-unboost|p1a: Froslass|atk|1\n|move|p1a: Froslass|Poltergeist|p2a: Granbull\n|-activate|p2a: Granbull|move: Poltergeist|Leftovers\n|-damage|p2a: Granbull|15/302 psn\n|\n|-heal|p2a: Granbull|33/302 psn|[from] item: Leftovers\n|-damage|p2a: Granbull|0 fnt|[from] psn\n|faint|p2a: Granbull\n|-end|p1a: Froslass|Whirlpool|[partiallytrapped]|[silent]\n|upkeep\n|\n|t:|1781406319\n|switch|p2a: Mabosstiff|Mabosstiff, L86, M|278/278\n|-status|p2a: Mabosstiff|psn\n|turn|15\n|\n|t:|1781406325\n|move|p1a: Froslass|Poltergeist|p2a: Mabosstiff\n|-activate|p2a: Mabosstiff|move: Poltergeist|Choice Band\n|-resisted|p2a: Mabosstiff\n|-damage|p2a: Mabosstiff|243/278 psn\n|move|p2a: Mabosstiff|Crunch|p1a: Froslass\n|-supereffective|p1a: Froslass\n|-damage|p1a: Froslass|0 fnt\n|faint|p1a: Froslass\n|\n|-damage|p2a: Mabosstiff|209/278 psn|[from] psn\n|upkeep\n|\n|t:|1781406345\n|switch|p1a: Meowscarada|Meowscarada, L78, F|159/247\n|turn|16\n|\n|t:|1781406348\n|move|p1a: Meowscarada|U-turn|p2a: Mabosstiff\n|-start|p1a: Meowscarada|typechange|Bug|[from] ability: Protean\n|-supereffective|p2a: Mabosstiff\n|-damage|p2a: Mabosstiff|81/278 psn\n|\n|t:|1781406360\n|switch|p1a: Gardevoir|Gardevoir, L83, F|99/249 par|[from] U-turn\n|-ability|p1a: Gardevoir|Stakeout|Trace|[from] ability: Trace|[of] p2a: Mabosstiff\n|move|p2a: Mabosstiff|Crunch|p1a: Gardevoir\n|-damage|p1a: Gardevoir|0 fnt\n|faint|p1a: Gardevoir\n|\n|-damage|p2a: Mabosstiff|47/278 psn|[from] psn\n|upkeep\n|\n|t:|1781406380\n|switch|p1a: Meowscarada|Meowscarada, L78, F|159/247\n|turn|17\n|\n|t:|1781406391\n|move|p1a: Meowscarada|Flower Trick|p2a: Mabosstiff\n|-start|p1a: Meowscarada|typechange|Grass|[from] ability: Protean\n|-crit|p2a: Mabosstiff\n|-damage|p2a: Mabosstiff|0 fnt\n|faint|p2a: Mabosstiff\n|\n|upkeep\n|\n|t:|1781406403\n|switch|p2a: Luvdisc|Luvdisc, M|12/247\n|turn|18\n|\n|t:|1781406407\n|move|p2a: Luvdisc|Endeavor|p1a: Meowscarada\n|-damage|p1a: Meowscarada|12/247\n|move|p1a: Meowscarada|U-turn|p2a: Luvdisc\n|-damage|p2a: Luvdisc|0 fnt\n|faint|p2a: Luvdisc\n|\n|t:|1781406418\n|switch|p1a: Sandy Shocks|Sandy Shocks, L80|72/267|[from] U-turn\n|\n|upkeep\n|\n|t:|1781406429\n|switch|p2a: Iron Leaves|Iron Leaves, L80|275/275\n|-status|p2a: Iron Leaves|psn\n|turn|19\n|\n|t:|1781406435\n|move|p2a: Iron Leaves|Leaf Blade|p1a: Sandy Shocks\n|-supereffective|p1a: Sandy Shocks\n|-damage|p1a: Sandy Shocks|0 fnt\n|faint|p1a: Sandy Shocks\n|-end|p1a: Sandy Shocks|Protosynthesis|[silent]\n|\n|-damage|p2a: Iron Leaves|241/275 psn|[from] psn\n|upkeep\n|\n|t:|1781406443\n|switch|p1a: Meowscarada|Meowscarada, L78, F|12/247\n|turn|20\n|\n|t:|1781406447\n|move|p1a: Meowscarada|U-turn|p2a: Iron Leaves\n|-start|p1a: Meowscarada|typechange|Bug|[from] ability: Protean\n|-supereffective|p2a: Iron Leaves\n|-damage|p2a: Iron Leaves|0 fnt\n|faint|p2a: Iron Leaves\n|-end|p2a: Iron Leaves|Quark Drive|[silent]\n|\n|t:|1781406455\n|switch|p1a: Crawdaunt|Crawdaunt, L84, F|243/243|[from] U-turn\n|\n|upkeep\n|\n|t:|1781406471\n|switch|p2a: Latias|Latias, L79, F|256/256\n|turn|21\n|\n|t:|1781406478\n|move|p2a: Latias|Draco Meteor|p1a: Crawdaunt|[miss]\n|-miss|p2a: Latias|p1a: Crawdaunt\n|move|p1a: Crawdaunt|Knock Off|p2a: Latias\n|-supereffective|p2a: Latias\n|-damage|p2a: Latias|0 fnt\n|-enditem|p2a: Latias|Soul Dew|[from] move: Knock Off|[of] p1a: Crawdaunt\n|faint|p2a: Latias\n|-damage|p1a: Crawdaunt|219/243|[from] item: Life Orb\n|\n|win|szbsb\n", "uploadtime": 1781406063, "views": 3, "formatid": "gen9randombattle", "rating": null, "private": 0, "password": null}