{"id": "gen9randombattle-2632000226", "format": "[Gen 9] Random Battle", "players": ["TrumpYourPresident", "monrayhudson"], "log": "|j|\u2606TrumpYourPresident\n|j|\u2606monrayhudson\n|t:|1781464511\n|gametype|singles\n|player|p1|TrumpYourPresident|drayden|1960\n|player|p2|monrayhudson|blue|1954\n|gen|9\n|tier|[Gen 9] Random Battle\n|rated|\n|rule|Species Clause: Limit one of each Pok\u00e9mon\n|rule|HP Percentage Mod: HP is shown in percentages\n|rule|Sleep Clause Mod: Limit one foe put to sleep\n|rule|Illusion Level Mod: Illusion disguises the Pok\u00e9mon's true level\n|\n|t:|1781464511\n|teamsize|p1|6\n|teamsize|p2|6\n|start\n|switch|p1a: Gallade|Gallade, L80, M|240/240\n|switch|p2a: Basculin|Basculin, L86, M|261/261\n|turn|1\n|inactive|Battle timer is ON: inactive players will automatically lose when time's up. (requested by monrayhudson)\n|\n|t:|1781464539\n|move|p1a: Gallade|Leaf Blade|p2a: Basculin\n|-supereffective|p2a: Basculin\n|-damage|p2a: Basculin|0 fnt\n|faint|p2a: Basculin\n|\n|upkeep\n|\n|t:|1781464551\n|switch|p2a: Electrode|Electrode-Hisui, L87|246/246\n|turn|2\n|\n|t:|1781464557\n|switch|p1a: Meganium|Meganium, L90, F|290/290\n|move|p2a: Electrode|Thunderbolt|p1a: Meganium\n|-resisted|p1a: Meganium\n|-damage|p1a: Meganium|246/290\n|-damage|p2a: Electrode|222/246|[from] item: Life Orb\n|\n|-heal|p1a: Meganium|264/290|[from] item: Leftovers\n|upkeep\n|turn|3\n|\n|t:|1781464563\n|move|p2a: Electrode|Volt Switch|p1a: Meganium\n|-resisted|p1a: Meganium\n|-damage|p1a: Meganium|225/290\n|-damage|p2a: Electrode|198/246|[from] item: Life Orb\n|\n|t:|1781464566\n|switch|p2a: Glalie|Glalie, L96, F|309/309|[from] Volt Switch\n|move|p1a: Meganium|Swords Dance|p1a: Meganium\n|-boost|p1a: Meganium|atk|2\n|\n|-heal|p1a: Meganium|243/290|[from] item: Leftovers\n|upkeep\n|turn|4\n|\n|t:|1781464591\n|switch|p1a: Slowbro|Slowbro-Galar, L87, M|307/307\n|move|p2a: Glalie|Freeze-Dry|p1a: Slowbro\n|-damage|p1a: Slowbro|246/307\n|-status|p1a: Slowbro|frz\n|\n|upkeep\n|turn|5\n|\n|t:|1781464597\n|move|p2a: Glalie|Spikes|p1a: Slowbro\n|-sidestart|p1: TrumpYourPresident|Spikes\n|cant|p1a: Slowbro|frz\n|\n|upkeep\n|turn|6\n|\n|t:|1781464602\n|move|p2a: Glalie|Spikes|p1a: Slowbro\n|-sidestart|p1: TrumpYourPresident|Spikes\n|cant|p1a: Slowbro|frz\n|\n|upkeep\n|turn|7\n|\n|t:|1781464605\n|move|p2a: Glalie|Spikes|p1a: Slowbro\n|-sidestart|p1: TrumpYourPresident|Spikes\n|-curestatus|p1a: Slowbro|frz|[msg]\n|move|p1a: Slowbro|Shell Side Arm|p2a: Glalie|[anim] Shell Side Arm Special\n|-damage|p2a: Glalie|219/309\n|-hint|Special Shell Side Arm\n|-status|p2a: Glalie|psn\n|\n|-damage|p2a: Glalie|181/309 psn|[from] psn\n|upkeep\n|turn|8\n|\n|t:|1781464609\n|move|p2a: Glalie|Freeze-Dry|p1a: Slowbro\n|-damage|p1a: Slowbro|176/307\n|move|p1a: Slowbro|Shell Side Arm|p2a: Glalie|[anim] Shell Side Arm Special\n|-damage|p2a: Glalie|87/309 psn\n|-hint|Special Shell Side Arm\n|\n|-damage|p2a: Glalie|49/309 psn|[from] psn\n|upkeep\n|turn|9\n|\n|t:|1781464614\n|move|p2a: Glalie|Earthquake|p1a: Slowbro\n|-supereffective|p1a: Slowbro\n|-damage|p1a: Slowbro|18/307\n|move|p1a: Slowbro|Psychic|p2a: Glalie\n|-damage|p2a: Glalie|0 fnt\n|faint|p2a: Glalie\n|\n|upkeep\n|\n|t:|1781464619\n|switch|p2a: Empoleon|Empoleon, L84, M|278/278\n|turn|10\n|\n|t:|1781464627\n|move|p2a: Empoleon|Flip Turn|p1a: Slowbro\n|-damage|p1a: Slowbro|0 fnt\n|faint|p1a: Slowbro\n|\n|t:|1781464633\n|switch|p2a: Electrode|Electrode-Hisui, L87|198/246|[from] Flip Turn\n|\n|upkeep\n|\n|t:|1781464639\n|switch|p1a: Meganium|Meganium, L90, F|243/290\n|-damage|p1a: Meganium|171/290|[from] Spikes\n|turn|11\n|\n|t:|1781464654\n|move|p2a: Electrode|Taunt|p1a: Meganium\n|-start|p1a: Meganium|move: Taunt\n|move|p1a: Meganium|Knock Off|p2a: Electrode\n|-damage|p2a: Electrode|113/246\n|-enditem|p2a: Electrode|Life Orb|[from] move: Knock Off|[of] p1a: Meganium\n|\n|-heal|p1a: Meganium|189/290|[from] item: Leftovers\n|upkeep\n|turn|12\n|\n|t:|1781464661\n|move|p2a: Electrode|Volt Switch|p1a: Meganium\n|-resisted|p1a: Meganium\n|-damage|p1a: Meganium|159/290\n|\n|t:|1781464669\n|switch|p2a: Volcarona|Volcarona, L77, M|257/257|[from] Volt Switch\n|move|p1a: Meganium|Earthquake|p2a: Volcarona\n|-damage|p2a: Volcarona|166/257\n|\n|-heal|p1a: Meganium|177/290|[from] item: Leftovers\n|upkeep\n|turn|13\n|\n|t:|1781464700\n|move|p2a: Volcarona|Quiver Dance|p2a: Volcarona\n|-boost|p2a: Volcarona|spa|1\n|-boost|p2a: Volcarona|spd|1\n|-boost|p2a: Volcarona|spe|1\n|move|p1a: Meganium|Earthquake|p2a: Volcarona\n|-damage|p2a: Volcarona|63/257\n|\n|-heal|p1a: Meganium|195/290|[from] item: Leftovers\n|-end|p1a: Meganium|move: Taunt\n|upkeep\n|turn|14\n|\n|t:|1781464708\n|move|p2a: Volcarona|Fire Blast|p1a: Meganium\n|-supereffective|p1a: Meganium\n|-damage|p1a: Meganium|0 fnt\n|faint|p1a: Meganium\n|\n|upkeep\n|inactive|TrumpYourPresident has 120 seconds left.\n|\n|t:|1781464752\n|switch|p1a: Ceruledge|Ceruledge, L78, F|245/245\n|turn|15\n|\n|t:|1781464761\n|-terastallize|p2a: Volcarona|Water\n|move|p2a: Volcarona|Tera Blast|p1a: Ceruledge|[anim] Tera Blast Water\n|-supereffective|p1a: Ceruledge\n|-damage|p1a: Ceruledge|0 fnt\n|faint|p1a: Ceruledge\n|\n|upkeep\n|inactive|TrumpYourPresident has 90 seconds left.\n|\n|t:|1781464789\n|switch|p1a: Gallade|Gallade, L80, M|240/240\n|-damage|p1a: Gallade|180/240|[from] Spikes\n|turn|16\n|inactive|TrumpYourPresident has 90 seconds left.\n|\n|t:|1781464801\n|-terastallize|p1a: Gallade|Grass\n|move|p2a: Volcarona|Fire Blast|p1a: Gallade\n|-supereffective|p1a: Gallade\n|-damage|p1a: Gallade|0 fnt\n|faint|p1a: Gallade\n|\n|upkeep\n|-message|TrumpYourPresident forfeited.\n|\n|win|monrayhudson\n", "uploadtime": 1781464513, "views": 4, "formatid": "gen9randombattle", "rating": null, "private": 0, "password": null}