{"id": "gen9randombattle-2631468181", "format": "[Gen 9] Random Battle", "players": ["barrel_alt", "noellepy"], "log": "|j|\u2606barrel_alt\n|j|\u2606noellepy\n|t:|1781388450\n|gametype|singles\n|player|p1|barrel_alt|roxie|1167\n|player|p2|noellepy|cheryl|1222\n|gen|9\n|tier|[Gen 9] Random Battle\n|rated|\n|rule|Species Clause: Limit one of each Pok\u00e9mon\n|rule|HP Percentage Mod: HP is shown in percentages\n|rule|Sleep Clause Mod: Limit one foe put to sleep\n|rule|Illusion Level Mod: Illusion disguises the Pok\u00e9mon's true level\n|\n|t:|1781388450\n|teamsize|p1|6\n|teamsize|p2|6\n|start\n|switch|p1a: Hariyama|Hariyama, L87, F|392/392\n|switch|p2a: Coalossal|Coalossal, L89, M|341/341\n|turn|1\n|inactive|Battle timer is ON: inactive players will automatically lose when time's up. (requested by barrel_alt)\n|\n|t:|1781388460\n|move|p1a: Hariyama|Headlong Rush|p2a: Coalossal\n|-supereffective|p2a: Coalossal\n|-damage|p2a: Coalossal|13/341\n|-unboost|p1a: Hariyama|def|1\n|-unboost|p1a: Hariyama|spd|1\n|-status|p1a: Hariyama|brn|[from] ability: Flame Body|[of] p2a: Coalossal\n|move|p2a: Coalossal|Will-O-Wisp|p1a: Hariyama\n|-fail|p1a: Hariyama|brn\n|\n|-damage|p1a: Hariyama|368/392 brn|[from] brn\n|upkeep\n|turn|2\n|\n|t:|1781388473\n|move|p1a: Hariyama|Facade|p2a: Coalossal\n|-resisted|p2a: Coalossal\n|-damage|p2a: Coalossal|0 fnt\n|faint|p2a: Coalossal\n|\n|-damage|p1a: Hariyama|344/392 brn|[from] brn\n|upkeep\n|\n|t:|1781388493\n|switch|p2a: Sandaconda|Sandaconda, L84, F|258/258\n|turn|3\n|\n|t:|1781388509\n|move|p2a: Sandaconda|Stealth Rock|p1a: Hariyama\n|-sidestart|p1: barrel_alt|move: Stealth Rock\n|move|p1a: Hariyama|Close Combat|p2a: Sandaconda\n|-damage|p2a: Sandaconda|72/258\n|-unboost|p1a: Hariyama|def|1\n|-unboost|p1a: Hariyama|spd|1\n|\n|-heal|p2a: Sandaconda|88/258|[from] item: Leftovers\n|-damage|p1a: Hariyama|320/392 brn|[from] brn\n|upkeep\n|turn|4\n|\n|t:|1781388518\n|move|p2a: Sandaconda|Earthquake|p1a: Hariyama\n|-crit|p1a: Hariyama\n|-damage|p1a: Hariyama|0 fnt\n|faint|p1a: Hariyama\n|\n|-heal|p2a: Sandaconda|104/258|[from] item: Leftovers\n|upkeep\n|\n|t:|1781388530\n|switch|p1a: Regidrago|Regidrago, L77|435/435\n|-damage|p1a: Regidrago|381/435|[from] Stealth Rock\n|turn|5\n|\n|t:|1781388536\n|move|p1a: Regidrago|Dragon Dance|p1a: Regidrago\n|-boost|p1a: Regidrago|atk|1\n|-boost|p1a: Regidrago|spe|1\n|move|p2a: Sandaconda|Glare|p1a: Regidrago\n|-status|p1a: Regidrago|par\n|\n|-heal|p2a: Sandaconda|120/258|[from] item: Leftovers\n|upkeep\n|turn|6\n|\n|t:|1781388543\n|move|p2a: Sandaconda|Earthquake|p1a: Regidrago\n|-damage|p1a: Regidrago|212/435 par\n|cant|p1a: Regidrago|par\n|\n|-heal|p2a: Sandaconda|136/258|[from] item: Leftovers\n|upkeep\n|turn|7\n|\n|t:|1781388558\n|move|p2a: Sandaconda|Earthquake|p1a: Regidrago\n|-damage|p1a: Regidrago|41/435 par\n|cant|p1a: Regidrago|par\n|\n|-heal|p2a: Sandaconda|152/258|[from] item: Leftovers\n|upkeep\n|turn|8\n|\n|t:|1781388576\n|switch|p1a: Kricketune|Kricketune, L99, F|312/312\n|move|p2a: Sandaconda|Stone Edge|p1a: Kricketune\n|-supereffective|p1a: Kricketune\n|-damage|p1a: Kricketune|134/312\n|\n|-heal|p2a: Sandaconda|168/258|[from] item: Leftovers\n|upkeep\n|turn|9\n|\n|t:|1781388585\n|move|p1a: Kricketune|Pounce|p2a: Sandaconda\n|-damage|p2a: Sandaconda|98/258\n|-unboost|p2a: Sandaconda|spe|1\n|move|p2a: Sandaconda|Stone Edge|p1a: Kricketune\n|-supereffective|p1a: Kricketune\n|-damage|p1a: Kricketune|0 fnt\n|faint|p1a: Kricketune\n|\n|-heal|p2a: Sandaconda|114/258|[from] item: Leftovers\n|upkeep\n|\n|t:|1781388595\n|switch|p1a: Weavile|Weavile, L79, F|239/239\n|-damage|p1a: Weavile|180/239|[from] Stealth Rock\n|turn|10\n|\n|t:|1781388606\n|move|p1a: Weavile|Triple Axel|p2a: Sandaconda\n|-supereffective|p2a: Sandaconda\n|-damage|p2a: Sandaconda|64/258\n|-supereffective|p2a: Sandaconda\n|-damage|p2a: Sandaconda|0 fnt\n|faint|p2a: Sandaconda\n|-hitcount|p2: Sandaconda|2\n|\n|upkeep\n|\n|t:|1781388611\n|switch|p2a: Typhlosion|Typhlosion, L84, M|267/267\n|turn|11\n|\n|t:|1781388634\n|switch|p1a: Regidrago|Regidrago, L77|41/435 par\n|-damage|p1a: Regidrago|0 fnt|[from] Stealth Rock\n|faint|p1a: Regidrago\n|move|p2a: Typhlosion|Scorching Sands|p1: Regidrago|[notarget]\n|-fail|p2a: Typhlosion\n|\n|upkeep\n|\n|t:|1781388638\n|switch|p1a: Armarouge|Armarouge, L80, F|267/267\n|-damage|p1a: Armarouge|201/267|[from] Stealth Rock\n|turn|12\n|\n|t:|1781388644\n|move|p2a: Typhlosion|Scorching Sands|p1a: Armarouge\n|-supereffective|p1a: Armarouge\n|-damage|p1a: Armarouge|19/267\n|move|p1a: Armarouge|Meteor Beam||[still]\n|-prepare|p1a: Armarouge|Meteor Beam\n|-boost|p1a: Armarouge|spa|1\n|-enditem|p1a: Armarouge|Power Herb\n|-anim|p1a: Armarouge|Meteor Beam|p2a: Typhlosion\n|-supereffective|p2a: Typhlosion\n|-damage|p2a: Typhlosion|0 fnt\n|faint|p2a: Typhlosion\n|\n|upkeep\n|inactive|noellepy has 120 seconds left.\n|\n|t:|1781388683\n|switch|p2a: Grafaiai|Grafaiai, L86, M|249/249\n|turn|13\n|inactive|barrel_alt has 120 seconds left.\n|\n|t:|1781388716\n|move|p2a: Grafaiai|U-turn|p1a: Armarouge\n|-damage|p1a: Armarouge|0 fnt\n|faint|p1a: Armarouge\n|inactive|noellepy has 120 seconds left.\n|\n|t:|1781388739\n|switch|p2a: Dondozo|Dondozo, L78, M|362/362|[from] U-turn\n|\n|upkeep\n|inactive|barrel_alt has 120 seconds left.\n|\n|t:|1781388758\n|switch|p1a: Weavile|Weavile, L79, F|180/239\n|-damage|p1a: Weavile|121/239|[from] Stealth Rock\n|turn|14\n|inactive|noellepy has 120 seconds left.\n|\n|t:|1781388769\n|move|p1a: Weavile|Low Kick|p2a: Dondozo\n|-damage|p2a: Dondozo|253/362\n|move|p2a: Dondozo|Curse|p2a: Dondozo\n|-unboost|p2a: Dondozo|spe|1\n|-boost|p2a: Dondozo|atk|1\n|-boost|p2a: Dondozo|def|1\n|\n|-heal|p2a: Dondozo|275/362|[from] item: Leftovers\n|upkeep\n|turn|15\n|\n|t:|1781388774\n|move|p1a: Weavile|Low Kick|p2a: Dondozo\n|-damage|p2a: Dondozo|196/362\n|move|p2a: Dondozo|Curse|p2a: Dondozo\n|-unboost|p2a: Dondozo|spe|1\n|-boost|p2a: Dondozo|atk|1\n|-boost|p2a: Dondozo|def|1\n|\n|-heal|p2a: Dondozo|218/362|[from] item: Leftovers\n|upkeep\n|turn|16\n|\n|t:|1781388786\n|move|p1a: Weavile|Low Kick|p2a: Dondozo\n|-damage|p2a: Dondozo|155/362\n|move|p2a: Dondozo|Curse|p2a: Dondozo\n|-unboost|p2a: Dondozo|spe|1\n|-boost|p2a: Dondozo|atk|1\n|-boost|p2a: Dondozo|def|1\n|\n|-heal|p2a: Dondozo|177/362|[from] item: Leftovers\n|upkeep\n|turn|17\n|\n|t:|1781388792\n|move|p1a: Weavile|Low Kick|p2a: Dondozo\n|-damage|p2a: Dondozo|132/362\n|move|p2a: Dondozo|Rest|p2a: Dondozo\n|-status|p2a: Dondozo|slp|[from] move: Rest\n|-heal|p2a: Dondozo|362/362 slp|[silent]\n|\n|upkeep\n|turn|18\n|\n|t:|1781388799\n|switch|p1a: Uxie|Uxie, L83|260/260\n|-damage|p1a: Uxie|228/260|[from] Stealth Rock\n|cant|p2a: Dondozo|slp\n|move|p2a: Dondozo|Sleep Talk|p2a: Dondozo\n|move|p2a: Dondozo|Curse|p2a: Dondozo|[from] move: Sleep Talk\n|-unboost|p2a: Dondozo|spe|1\n|-boost|p2a: Dondozo|atk|1\n|-boost|p2a: Dondozo|def|1\n|\n|-heal|p1a: Uxie|244/260|[from] item: Leftovers\n|upkeep\n|turn|19\n|\n|t:|1781388808\n|move|p1a: Uxie|Psychic Noise|p2a: Dondozo\n|-damage|p2a: Dondozo|269/362 slp\n|-start|p2a: Dondozo|move: Heal Block\n|cant|p2a: Dondozo|slp\n|move|p2a: Dondozo|Sleep Talk|p2a: Dondozo\n|move|p2a: Dondozo|Wave Crash|p1a: Uxie|[from] move: Sleep Talk\n|-damage|p1a: Uxie|0 fnt\n|faint|p1a: Uxie\n|-damage|p2a: Dondozo|188/362 slp|[from] Recoil\n|\n|upkeep\n|\n|t:|1781388814\n|switch|p1a: Weavile|Weavile, L79, F|121/239\n|-damage|p1a: Weavile|62/239|[from] Stealth Rock\n|turn|20\n|\n|t:|1781388818\n|move|p1a: Weavile|Low Kick|p2a: Dondozo\n|-damage|p2a: Dondozo|148/362 slp\n|-curestatus|p2a: Dondozo|slp|[msg]\n|move|p2a: Dondozo|Wave Crash|p1a: Weavile\n|-damage|p1a: Weavile|0 fnt\n|faint|p1a: Weavile\n|-damage|p2a: Dondozo|128/362|[from] Recoil\n|\n|win|noellepy\n|raw|barrel_alt's rating: 1167 &rarr; <strong>1146</strong><br />(-21 for losing)\n|raw|noellepy's rating: 1222 &rarr; <strong>1243</strong><br />(+21 for winning)\n", "uploadtime": 1781388818, "views": 3, "formatid": "gen9randombattle", "rating": 1146, "private": 0, "password": null}