{"id": "gen9randombattle-2631494755", "format": "[Gen 9] Random Battle", "players": ["Fortre", "Undertaker67"], "log": "|j|\u2606Fortre\n|j|\u2606Undertaker67\n|t:|1781392208\n|gametype|singles\n|player|p1|Fortre|1|1956\n|player|p2|Undertaker67|n|2073\n|gen|9\n|tier|[Gen 9] Random Battle\n|rated|\n|rule|Species Clause: Limit one of each Pok\u00e9mon\n|rule|HP Percentage Mod: HP is shown in percentages\n|rule|Sleep Clause Mod: Limit one foe put to sleep\n|rule|Illusion Level Mod: Illusion disguises the Pok\u00e9mon's true level\n|\n|t:|1781392208\n|teamsize|p1|6\n|teamsize|p2|6\n|start\n|switch|p1a: Ogerpon|Ogerpon-Hearthflame, L74, F|239/239\n|switch|p2a: Alcremie|Alcremie-Salted-Cream, L90, F|263/263\n|-ability|p1a: Ogerpon|Mold Breaker\n|turn|1\n|inactive|Battle timer is ON: inactive players will automatically lose when time's up. (requested by Undertaker67)\n|\n|t:|1781392232\n|move|p1a: Ogerpon|Swords Dance|p1a: Ogerpon\n|-boost|p1a: Ogerpon|atk|2\n|move|p2a: Alcremie|Alluring Voice|p1a: Ogerpon\n|-resisted|p1a: Ogerpon\n|-damage|p1a: Ogerpon|183/239\n|-start|p1a: Ogerpon|confusion\n|\n|upkeep\n|turn|2\n|inactive|Undertaker67 has 120 seconds left.\n|\n|t:|1781392280\n|-activate|p1a: Ogerpon|confusion\n|move|p1a: Ogerpon|Ivy Cudgel|p2a: Alcremie|[anim] Ivy Cudgel Fire\n|-damage|p2a: Alcremie|34/263\n|move|p2a: Alcremie|Tera Blast|p1a: Ogerpon\n|-damage|p1a: Ogerpon|101/239\n|\n|-heal|p2a: Alcremie|50/263|[from] item: Leftovers\n|upkeep\n|turn|3\n|\n|t:|1781392292\n|-activate|p1a: Ogerpon|confusion\n|move|p1a: Ogerpon|Horn Leech|p2a: Alcremie\n|-damage|p2a: Alcremie|0 fnt\n|-heal|p1a: Ogerpon|126/239|[from] drain|[of] p2a: Alcremie\n|faint|p2a: Alcremie\n|\n|upkeep\n|\n|t:|1781392311\n|switch|p2a: Maushold|Maushold, L76|238/238\n|turn|4\n|\n|t:|1781392318\n|move|p2a: Maushold|Population Bomb|p1a: Ogerpon\n|-damage|p1a: Ogerpon|99/239\n|-damage|p1a: Ogerpon|69/239\n|-damage|p1a: Ogerpon|41/239\n|-damage|p1a: Ogerpon|13/239\n|-damage|p1a: Ogerpon|0 fnt\n|faint|p1a: Ogerpon\n|-hitcount|p1: Ogerpon|5\n|\n|upkeep\n|\n|t:|1781392326\n|switch|p1a: Rampardos|Rampardos, L90, F|321/321\n|turn|5\n|inactive|Undertaker67 has 90 seconds left.\n|\n|t:|1781392357\n|switch|p2a: Iron Crown|Iron Crown, L78|268/268\n|move|p1a: Rampardos|Rock Slide|p2a: Iron Crown|[miss]\n|-miss|p1a: Rampardos|p2a: Iron Crown\n|\n|upkeep\n|turn|6\n|\n|t:|1781392365\n|switch|p1a: Lumineon|Lumineon, L93, F|279/279\n|move|p2a: Iron Crown|Calm Mind|p2a: Iron Crown\n|-boost|p2a: Iron Crown|spa|1\n|-boost|p2a: Iron Crown|spd|1\n|\n|upkeep\n|turn|7\n|\n|t:|1781392375\n|move|p1a: Lumineon|Encore|p2a: Iron Crown\n|-start|p2a: Iron Crown|Encore\n|move|p2a: Iron Crown|Calm Mind|p2a: Iron Crown\n|-boost|p2a: Iron Crown|spa|1\n|-boost|p2a: Iron Crown|spd|1\n|\n|upkeep\n|turn|8\n|\n|t:|1781392384\n|move|p1a: Lumineon|Hydro Pump|p2a: Iron Crown\n|-damage|p2a: Iron Crown|202/268\n|-damage|p1a: Lumineon|252/279|[from] item: Life Orb\n|move|p2a: Iron Crown|Calm Mind|p2a: Iron Crown\n|-boost|p2a: Iron Crown|spa|1\n|-boost|p2a: Iron Crown|spd|1\n|\n|-heal|p2a: Iron Crown|218/268|[from] item: Leftovers\n|upkeep\n|turn|9\n|\n|t:|1781392390\n|move|p1a: Lumineon|Hydro Pump|p2a: Iron Crown\n|-damage|p2a: Iron Crown|162/268\n|-damage|p1a: Lumineon|225/279|[from] item: Life Orb\n|move|p2a: Iron Crown|Calm Mind|p2a: Iron Crown\n|-boost|p2a: Iron Crown|spa|1\n|-boost|p2a: Iron Crown|spd|1\n|\n|-heal|p2a: Iron Crown|178/268|[from] item: Leftovers\n|-end|p2a: Iron Crown|Encore\n|upkeep\n|turn|10\n|inactive|Undertaker67 has 120 seconds left.\n|\n|t:|1781392395\n|move|p1a: Lumineon|Encore|p2a: Iron Crown\n|-start|p2a: Iron Crown|Encore\n|move|p2a: Iron Crown|Calm Mind|p2a: Iron Crown\n|-boost|p2a: Iron Crown|spa|1\n|-boost|p2a: Iron Crown|spd|1\n|\n|-heal|p2a: Iron Crown|194/268|[from] item: Leftovers\n|upkeep\n|turn|11\n|\n|t:|1781392401\n|move|p1a: Lumineon|Hydro Pump|p2a: Iron Crown|[miss]\n|-miss|p1a: Lumineon|p2a: Iron Crown\n|move|p2a: Iron Crown|Calm Mind|p2a: Iron Crown\n|-boost|p2a: Iron Crown|spa|1\n|-boost|p2a: Iron Crown|spd|1\n|\n|-heal|p2a: Iron Crown|210/268|[from] item: Leftovers\n|upkeep\n|turn|12\n|\n|t:|1781392404\n|move|p1a: Lumineon|Hydro Pump|p2a: Iron Crown\n|-damage|p2a: Iron Crown|178/268\n|-damage|p1a: Lumineon|198/279|[from] item: Life Orb\n|move|p2a: Iron Crown|Calm Mind|p2a: Iron Crown\n|-boost|p2a: Iron Crown|spa|0\n|-boost|p2a: Iron Crown|spd|0\n|\n|-heal|p2a: Iron Crown|194/268|[from] item: Leftovers\n|-end|p2a: Iron Crown|Encore\n|upkeep\n|turn|13\n|\n|t:|1781392409\n|move|p1a: Lumineon|Encore|p2a: Iron Crown\n|-start|p2a: Iron Crown|Encore\n|move|p2a: Iron Crown|Calm Mind|p2a: Iron Crown\n|-boost|p2a: Iron Crown|spa|0\n|-boost|p2a: Iron Crown|spd|0\n|\n|-heal|p2a: Iron Crown|210/268|[from] item: Leftovers\n|upkeep\n|turn|14\n|\n|t:|1781392413\n|switch|p1a: Rampardos|Rampardos, L90, F|321/321\n|move|p2a: Iron Crown|Calm Mind|p2a: Iron Crown\n|-boost|p2a: Iron Crown|spa|0\n|-boost|p2a: Iron Crown|spd|0\n|\n|-heal|p2a: Iron Crown|226/268|[from] item: Leftovers\n|upkeep\n|turn|15\n|\n|t:|1781392435\n|-end|p2a: Iron Crown|Quark Drive|[silent]\n|switch|p2a: Decidueye|Decidueye-Hisui, L87, F|295/295\n|move|p1a: Rampardos|Fire Punch|p2a: Decidueye\n|-supereffective|p2a: Decidueye\n|-damage|p2a: Decidueye|0 fnt\n|faint|p2a: Decidueye\n|\n|upkeep\n|\n|t:|1781392444\n|switch|p2a: Iron Crown|Iron Crown, L78|226/268\n|turn|16\n|\n|t:|1781392449\n|switch|p1a: Greninja|Greninja, L80, M|246/246\n|move|p2a: Iron Crown|Tachyon Cutter|p1a: Greninja\n|-resisted|p1a: Greninja\n|-damage|p1a: Greninja|214/246\n|-resisted|p1a: Greninja\n|-damage|p1a: Greninja|181/246\n|-hitcount|p1a: Greninja|2\n|\n|-heal|p2a: Iron Crown|242/268|[from] item: Leftovers\n|upkeep\n|turn|17\n|\n|t:|1781392457\n|-end|p2a: Iron Crown|Quark Drive|[silent]\n|switch|p2a: Jolteon|Jolteon, L84, M|246/246\n|move|p1a: Greninja|U-turn|p2a: Jolteon\n|-start|p1a: Greninja|typechange|Bug|[from] ability: Protean\n|-damage|p2a: Jolteon|139/246\n|-damage|p1a: Greninja|157/246|[from] item: Life Orb\n|\n|t:|1781392468\n|switch|p1a: Rampardos|Rampardos, L90, F|321/321|[from] U-turn\n|\n|upkeep\n|turn|18\n|\n|t:|1781392484\n|move|p2a: Jolteon|Thunderbolt|p1a: Rampardos\n|-damage|p1a: Rampardos|130/321\n|-damage|p2a: Jolteon|115/246|[from] item: Life Orb\n|move|p1a: Rampardos|Earthquake|p2a: Jolteon\n|-supereffective|p2a: Jolteon\n|-damage|p2a: Jolteon|0 fnt\n|faint|p2a: Jolteon\n|-damage|p1a: Rampardos|98/321|[from] item: Life Orb\n|\n|upkeep\n|\n|t:|1781392493\n|switch|p2a: Iron Crown|Iron Crown, L78|242/268\n|turn|19\n|\n|t:|1781392498\n|switch|p1a: Lumineon|Lumineon, L93, F|198/279\n|move|p2a: Iron Crown|Psyshock|p1a: Lumineon\n|-damage|p1a: Lumineon|104/279\n|\n|-heal|p2a: Iron Crown|258/268|[from] item: Leftovers\n|upkeep\n|turn|20\n|\n|t:|1781392503\n|move|p1a: Lumineon|Hydro Pump|p2a: Iron Crown\n|-damage|p2a: Iron Crown|128/268\n|-damage|p1a: Lumineon|77/279|[from] item: Life Orb\n|move|p2a: Iron Crown|Psyshock|p1a: Lumineon\n|-damage|p1a: Lumineon|0 fnt\n|faint|p1a: Lumineon\n|\n|-heal|p2a: Iron Crown|144/268|[from] item: Leftovers\n|upkeep\n|\n|t:|1781392507\n|switch|p1a: Greninja|Greninja, L80, M|157/246\n|turn|21\n|\n|t:|1781392517\n|-terastallize|p2a: Iron Crown|Fighting\n|move|p1a: Greninja|Hydro Pump|p2a: Iron Crown\n|-start|p1a: Greninja|typechange|Water|[from] ability: Protean\n|-damage|p2a: Iron Crown|4/268\n|-damage|p1a: Greninja|133/246|[from] item: Life Orb\n|move|p2a: Iron Crown|Focus Blast|p1a: Greninja|[miss]\n|-miss|p2a: Iron Crown|p1a: Greninja\n|\n|-heal|p2a: Iron Crown|20/268|[from] item: Leftovers\n|upkeep\n|turn|22\n|\n|t:|1781392527\n|move|p1a: Greninja|U-turn|p2a: Iron Crown\n|-resisted|p2a: Iron Crown\n|-crit|p2a: Iron Crown\n|-damage|p2a: Iron Crown|0 fnt\n|faint|p2a: Iron Crown\n|-end|p2a: Iron Crown|Quark Drive|[silent]\n|-damage|p1a: Greninja|109/246|[from] item: Life Orb\n|\n|t:|1781392528\n|switch|p1a: Regigigas|Regigigas, L84|322/322|[from] U-turn\n|-start|p1a: Regigigas|ability: Slow Start\n|\n|upkeep\n|\n|t:|1781392536\n|switch|p2a: Rabsca|Rabsca, L91, F|284/284\n|turn|23\n|\n|t:|1781392556\n|move|p1a: Regigigas|Knock Off|p2a: Rabsca\n|-supereffective|p2a: Rabsca\n|-damage|p2a: Rabsca|180/284\n|-enditem|p2a: Rabsca|Heavy-Duty Boots|[from] move: Knock Off|[of] p1a: Regigigas\n|move|p2a: Rabsca|Trick Room|p2a: Rabsca\n|-fieldstart|move: Trick Room|[of] p2a: Rabsca\n|\n|upkeep\n|turn|24\n|\n|t:|1781392576\n|move|p2a: Rabsca|Revival Blessing|p2a: Rabsca\n|\n|t:|1781392582\n|-heal|p2: Jolteon|123/246|[from] move: Revival Blessing\n|move|p1a: Regigigas|Knock Off|p2a: Rabsca\n|-supereffective|p2a: Rabsca\n|-crit|p2a: Rabsca\n|-damage|p2a: Rabsca|84/284\n|\n|upkeep\n|turn|25\n|\n|t:|1781392591\n|move|p2a: Rabsca|Bug Buzz|p1a: Regigigas\n|-damage|p1a: Regigigas|222/322\n|move|p1a: Regigigas|Knock Off|p2a: Rabsca\n|-supereffective|p2a: Rabsca\n|-crit|p2a: Rabsca\n|-damage|p2a: Rabsca|0 fnt\n|faint|p2a: Rabsca\n|\n|-heal|p1a: Regigigas|242/322|[from] item: Leftovers\n|upkeep\n|\n|t:|1781392598\n|switch|p2a: Maushold|Maushold, L76|238/238\n|turn|26\n|\n|t:|1781392610\n|-terastallize|p1a: Regigigas|Ghost\n|move|p1a: Regigigas|Body Slam|p2a: Maushold\n|-damage|p2a: Maushold|148/238\n|move|p2a: Maushold|Encore|p1a: Regigigas\n|-start|p1a: Regigigas|Encore\n|\n|-heal|p1a: Regigigas|262/322|[from] item: Leftovers\n|upkeep\n|turn|27\n|\n|t:|1781392619\n|move|p1a: Regigigas|Body Slam|p2a: Maushold\n|-damage|p2a: Maushold|60/238\n|move|p2a: Maushold|Tidy Up|p2a: Maushold\n|-boost|p2a: Maushold|atk|1\n|-boost|p2a: Maushold|spe|1\n|\n|-heal|p1a: Regigigas|282/322|[from] item: Leftovers\n|-fieldend|move: Trick Room\n|-end|p1a: Regigigas|Slow Start\n|upkeep\n|turn|28\n|\n|t:|1781392624\n|move|p2a: Maushold|Bite|p1a: Regigigas\n|-supereffective|p1a: Regigigas\n|-damage|p1a: Regigigas|172/322\n|move|p1a: Regigigas|Body Slam|p2a: Maushold\n|-damage|p2a: Maushold|0 fnt\n|faint|p2a: Maushold\n|\n|-heal|p1a: Regigigas|192/322|[from] item: Leftovers\n|upkeep\n|\n|t:|1781392627\n|switch|p2a: Jolteon|Jolteon, L84, M|123/246\n|turn|29\n|\n|t:|1781392630\n|move|p2a: Jolteon|Thunderbolt|p1a: Regigigas\n|-damage|p1a: Regigigas|83/322\n|-damage|p2a: Jolteon|99/246|[from] item: Life Orb\n|move|p1a: Regigigas|Body Slam|p2a: Jolteon\n|-damage|p2a: Jolteon|0 fnt\n|faint|p2a: Jolteon\n|\n|win|Fortre\n", "uploadtime": 1781392210, "views": 3, "formatid": "gen9randombattle", "rating": null, "private": 0, "password": null}