{"id": "gen9randombattle-2631827632", "format": "[Gen 9] Random Battle", "players": ["MakotoV7", "zeropepsi"], "log": "|j|\u2606MakotoV7\n|j|\u2606zeropepsi\n|t:|1781445239\n|gametype|singles\n|player|p1|MakotoV7|steven|2087\n|player|p2|zeropepsi|hilbert|2054\n|gen|9\n|tier|[Gen 9] Random Battle\n|rated|\n|rule|Species Clause: Limit one of each Pok\u00e9mon\n|rule|HP Percentage Mod: HP is shown in percentages\n|rule|Sleep Clause Mod: Limit one foe put to sleep\n|rule|Illusion Level Mod: Illusion disguises the Pok\u00e9mon's true level\n|\n|t:|1781445239\n|teamsize|p1|6\n|teamsize|p2|6\n|start\n|switch|p1a: Magnezone|Magnezone, L85|258/258\n|switch|p2a: Amoonguss|Amoonguss, L82, M|321/321\n|turn|1\n|inactive|Battle timer is ON: inactive players will automatically lose when time's up. (requested by MakotoV7)\n|\n|t:|1781445249\n|move|p1a: Magnezone|Volt Switch|p2a: Amoonguss\n|-resisted|p2a: Amoonguss\n|-damage|p2a: Amoonguss|270/321\n|\n|t:|1781445253\n|switch|p1a: Vespiquen|Vespiquen, L99, F|299/299|[from] Volt Switch\n|-ability|p1a: Vespiquen|Pressure\n|move|p2a: Amoonguss|Spore|p1a: Vespiquen\n|-status|p1a: Vespiquen|slp|[from] move: Spore\n|\n|upkeep\n|turn|2\n|\n|t:|1781445260\n|switch|p1a: Pecharunt|Pecharunt, L77|262/262\n|switch|p2a: Armarouge|Armarouge, L80, F|267/267\n|\n|upkeep\n|turn|3\n|\n|t:|1781445265\n|switch|p2a: Overqwil|Overqwil, L82, F|274/274\n|-ability|p2a: Overqwil|Intimidate|boost\n|-unboost|p1a: Pecharunt|atk|1\n|move|p1a: Pecharunt|Shadow Ball|p2a: Overqwil\n|-resisted|p2a: Overqwil\n|-damage|p2a: Overqwil|230/274\n|\n|upkeep\n|turn|4\n|\n|t:|1781445268\n|move|p2a: Overqwil|Swords Dance|p2a: Overqwil\n|-boost|p2a: Overqwil|atk|2\n|move|p1a: Pecharunt|Parting Shot|p2a: Overqwil\n|-unboost|p2a: Overqwil|atk|1\n|-unboost|p2a: Overqwil|spa|1\n|\n|t:|1781445273\n|switch|p1a: Magnezone|Magnezone, L85|258/258|[from] Parting Shot\n|\n|upkeep\n|turn|5\n|\n|t:|1781445279\n|switch|p2a: Ursaluna|Ursaluna-Bloodmoon, L79, M|308/308\n|move|p1a: Magnezone|Thunderbolt|p2a: Ursaluna\n|-immune|p2a: Ursaluna\n|\n|upkeep\n|turn|6\n|\n|t:|1781445284\n|switch|p1a: Lurantis|Lurantis, L87, F|264/264\n|move|p2a: Ursaluna|Calm Mind|p2a: Ursaluna\n|-boost|p2a: Ursaluna|spa|1\n|-boost|p2a: Ursaluna|spd|1\n|\n|upkeep\n|turn|7\n|\n|t:|1781445290\n|switch|p2a: Amoonguss|Amoonguss, L82, M|321/321\n|move|p1a: Lurantis|Superpower|p2a: Amoonguss\n|-resisted|p2a: Amoonguss\n|-damage|p2a: Amoonguss|260/321\n|-boost|p1a: Lurantis|atk|1\n|-boost|p1a: Lurantis|def|1\n|-damage|p1a: Lurantis|220/264|[from] item: Rocky Helmet|[of] p2a: Amoonguss\n|\n|upkeep\n|turn|8\n|\n|t:|1781445298\n|switch|p1a: Pecharunt|Pecharunt, L77|262/262\n|move|p2a: Amoonguss|Sludge Bomb|p1a: Pecharunt\n|-resisted|p1a: Pecharunt\n|-damage|p1a: Pecharunt|241/262\n|\n|-heal|p1a: Pecharunt|257/262|[from] item: Leftovers\n|upkeep\n|turn|9\n|\n|t:|1781445305\n|switch|p2a: Overqwil|Overqwil, L82, F|230/274\n|-ability|p2a: Overqwil|Intimidate|boost\n|-unboost|p1a: Pecharunt|atk|1\n|move|p1a: Pecharunt|Parting Shot|p2a: Overqwil\n|-unboost|p2a: Overqwil|atk|1\n|-unboost|p2a: Overqwil|spa|1\n|\n|t:|1781445308\n|switch|p1a: Magnezone|Magnezone, L85|258/258|[from] Parting Shot\n|\n|upkeep\n|turn|10\n|\n|t:|1781445311\n|switch|p2a: Amoonguss|Amoonguss, L82, M|321/321\n|move|p1a: Magnezone|Flash Cannon|p2a: Amoonguss\n|-damage|p2a: Amoonguss|152/321\n|\n|upkeep\n|turn|11\n|\n|t:|1781445317\n|switch|p2a: Armarouge|Armarouge, L80, F|267/267\n|move|p1a: Magnezone|Flash Cannon|p2a: Armarouge\n|-resisted|p2a: Armarouge\n|-damage|p2a: Armarouge|186/267\n|\n|upkeep\n|turn|12\n|\n|t:|1781445323\n|switch|p1a: Walking Wake|Walking Wake, L79|286/286\n|move|p2a: Armarouge|Armor Cannon|p1a: Walking Wake\n|-resisted|p1a: Walking Wake\n|-damage|p1a: Walking Wake|230/286\n|-unboost|p2a: Armarouge|def|1\n|-unboost|p2a: Armarouge|spd|1\n|\n|upkeep\n|turn|13\n|\n|t:|1781445328\n|switch|p2a: Amoonguss|Amoonguss, L82, M|259/321\n|move|p1a: Walking Wake|Sunny Day|p1a: Walking Wake\n|-weather|SunnyDay\n|-activate|p1a: Walking Wake|ability: Protosynthesis\n|-start|p1a: Walking Wake|protosynthesisspa\n|\n|-weather|SunnyDay|[upkeep]\n|upkeep\n|turn|14\n|\n|t:|1781445331\n|move|p1a: Walking Wake|Flamethrower|p2a: Amoonguss\n|-supereffective|p2a: Amoonguss\n|-damage|p2a: Amoonguss|0 fnt\n|faint|p2a: Amoonguss\n|-damage|p1a: Walking Wake|202/286|[from] item: Life Orb\n|\n|-weather|SunnyDay|[upkeep]\n|upkeep\n|\n|t:|1781445342\n|switch|p2a: Hawlucha|Hawlucha, L80, F|256/256\n|turn|15\n|\n|t:|1781445350\n|move|p2a: Hawlucha|Close Combat|p1a: Walking Wake\n|-damage|p1a: Walking Wake|75/286\n|-unboost|p2a: Hawlucha|def|1\n|-unboost|p2a: Hawlucha|spd|1\n|-enditem|p2a: Hawlucha|White Herb\n|-clearnegativeboost|p2a: Hawlucha|[silent]\n|move|p1a: Walking Wake|Hydro Steam|p2a: Hawlucha\n|-damage|p2a: Hawlucha|0 fnt\n|faint|p2a: Hawlucha\n|-damage|p1a: Walking Wake|47/286|[from] item: Life Orb\n|\n|-weather|SunnyDay|[upkeep]\n|upkeep\n|\n|t:|1781445360\n|switch|p2a: Overqwil|Overqwil, L82, F|230/274\n|-ability|p2a: Overqwil|Intimidate|boost\n|-unboost|p1a: Walking Wake|atk|1\n|turn|16\n|\n|t:|1781445364\n|-terastallize|p2a: Overqwil|Water\n|move|p1a: Walking Wake|Hydro Steam|p2a: Overqwil\n|-resisted|p2a: Overqwil\n|-damage|p2a: Overqwil|94/274\n|-damage|p1a: Walking Wake|19/286|[from] item: Life Orb\n|move|p2a: Overqwil|Crunch|p1a: Walking Wake\n|-damage|p1a: Walking Wake|0 fnt\n|faint|p1a: Walking Wake\n|-end|p1a: Walking Wake|Protosynthesis|[silent]\n|-damage|p2a: Overqwil|67/274|[from] item: Life Orb\n|\n|-weather|SunnyDay|[upkeep]\n|upkeep\n|\n|t:|1781445382\n|switch|p1a: Magnezone|Magnezone, L85|258/258\n|turn|17\n|\n|t:|1781445384\n|move|p1a: Magnezone|Body Press|p2a: Overqwil\n|-damage|p2a: Overqwil|6/274\n|move|p2a: Overqwil|Crunch|p1a: Magnezone\n|-damage|p1a: Magnezone|157/258\n|-damage|p2a: Overqwil|0 fnt|[from] item: Life Orb\n|faint|p2a: Overqwil\n|\n|-weather|none\n|upkeep\n|\n|t:|1781445390\n|switch|p2a: Armarouge|Armarouge, L80, F|186/267\n|turn|18\n|\n|t:|1781445392\n|switch|p1a: Pecharunt|Pecharunt, L77|257/262\n|move|p2a: Armarouge|Armor Cannon|p1a: Pecharunt\n|-damage|p1a: Pecharunt|7/262\n|-unboost|p2a: Armarouge|def|1\n|-unboost|p2a: Armarouge|spd|1\n|\n|-heal|p1a: Pecharunt|23/262|[from] item: Leftovers\n|upkeep\n|turn|19\n|\n|t:|1781445399\n|switch|p2a: Ursaluna|Ursaluna-Bloodmoon, L79, M|308/308\n|move|p1a: Pecharunt|Malignant Chain|p2a: Ursaluna\n|-resisted|p2a: Ursaluna\n|-damage|p2a: Ursaluna|257/308\n|\n|-heal|p1a: Pecharunt|39/262|[from] item: Leftovers\n|-heal|p2a: Ursaluna|276/308|[from] item: Leftovers\n|upkeep\n|turn|20\n|\n|t:|1781445402\n|switch|p2a: Armarouge|Armarouge, L80, F|186/267\n|move|p1a: Pecharunt|Parting Shot|p2a: Armarouge\n|-unboost|p2a: Armarouge|atk|1\n|-unboost|p2a: Armarouge|spa|1\n|\n|t:|1781445406\n|switch|p1a: Magnezone|Magnezone, L85|157/258|[from] Parting Shot\n|\n|upkeep\n|turn|21\n|\n|t:|1781445410\n|switch|p2a: Ursaluna|Ursaluna-Bloodmoon, L79, M|276/308\n|move|p1a: Magnezone|Flash Cannon|p2a: Ursaluna\n|-damage|p2a: Ursaluna|74/308\n|\n|-heal|p2a: Ursaluna|93/308|[from] item: Leftovers\n|upkeep\n|turn|22\n|\n|t:|1781445413\n|move|p1a: Magnezone|Flash Cannon|p2a: Ursaluna\n|-damage|p2a: Ursaluna|0 fnt\n|faint|p2a: Ursaluna\n|\n|upkeep\n|\n|t:|1781445418\n|switch|p2a: Armarouge|Armarouge, L80, F|186/267\n|turn|23\n|\n|t:|1781445424\n|switch|p1a: Vespiquen|Vespiquen, L99, F|299/299 slp\n|-ability|p1a: Vespiquen|Pressure\n|move|p2a: Armarouge|Armor Cannon|p1a: Vespiquen\n|-supereffective|p1a: Vespiquen\n|-damage|p1a: Vespiquen|0 fnt\n|-unboost|p2a: Armarouge|def|1\n|-unboost|p2a: Armarouge|spd|1\n|faint|p1a: Vespiquen\n|\n|upkeep\n|\n|t:|1781445425\n|switch|p1a: Pecharunt|Pecharunt, L77|39/262\n|turn|24\n|\n|t:|1781445427\n|move|p1a: Pecharunt|Shadow Ball|p2a: Armarouge\n|-supereffective|p2a: Armarouge\n|-damage|p2a: Armarouge|0 fnt\n|faint|p2a: Armarouge\n|\n|-heal|p1a: Pecharunt|55/262|[from] item: Leftovers\n|upkeep\n|\n|t:|1781445429\n|switch|p2a: Iron Thorns|Iron Thorns, L83|302/302\n|-enditem|p2a: Iron Thorns|Booster Energy\n|-activate|p2a: Iron Thorns|ability: Quark Drive|[fromitem]\n|-start|p2a: Iron Thorns|quarkdriveatk\n|turn|25\n|\n|t:|1781445432\n|move|p1a: Pecharunt|Parting Shot|p2a: Iron Thorns\n|-unboost|p2a: Iron Thorns|atk|1\n|-unboost|p2a: Iron Thorns|spa|1\n|\n|t:|1781445436\n|switch|p1a: Magnezone|Magnezone, L85|157/258|[from] Parting Shot\n|move|p2a: Iron Thorns|Dragon Dance|p2a: Iron Thorns\n|-boost|p2a: Iron Thorns|atk|1\n|-boost|p2a: Iron Thorns|spe|1\n|\n|upkeep\n|turn|26\n|\n|t:|1781445442\n|move|p2a: Iron Thorns|Dragon Dance|p2a: Iron Thorns\n|-boost|p2a: Iron Thorns|atk|1\n|-boost|p2a: Iron Thorns|spe|1\n|move|p1a: Magnezone|Body Press|p2a: Iron Thorns\n|-supereffective|p2a: Iron Thorns\n|-crit|p2a: Iron Thorns\n|-damage|p2a: Iron Thorns|88/302\n|\n|upkeep\n|turn|27\n|\n|t:|1781445445\n|move|p2a: Iron Thorns|Stone Edge|p1a: Magnezone\n|-resisted|p1a: Magnezone\n|-damage|p1a: Magnezone|58/258\n|move|p1a: Magnezone|Body Press|p2a: Iron Thorns\n|-supereffective|p2a: Iron Thorns\n|-damage|p2a: Iron Thorns|0 fnt\n|faint|p2a: Iron Thorns\n|-end|p2a: Iron Thorns|Quark Drive|[silent]\n|\n|win|MakotoV7\n", "uploadtime": 1781445241, "views": 5, "formatid": "gen9randombattle", "rating": null, "private": 0, "password": null}