{"id": "gen9randombattle-2631651259", "format": "[Gen 9] Random Battle", "players": ["gangsta spongebob", "marper8"], "log": "|j|\u2606gangsta spongebob\n|j|\u2606marper8\n|t:|1781415105\n|gametype|singles\n|player|p1|gangsta spongebob|169|1974\n|player|p2|marper8|170|2093\n|gen|9\n|tier|[Gen 9] Random Battle\n|rated|\n|rule|Species Clause: Limit one of each Pok\u00e9mon\n|rule|HP Percentage Mod: HP is shown in percentages\n|rule|Sleep Clause Mod: Limit one foe put to sleep\n|rule|Illusion Level Mod: Illusion disguises the Pok\u00e9mon's true level\n|\n|t:|1781415105\n|teamsize|p1|6\n|teamsize|p2|6\n|start\n|switch|p1a: Vaporeon|Vaporeon, L86, M|364/364\n|switch|p2a: Ampharos|Ampharos, L88, M|302/302\n|turn|1\n|c|\u2606gangsta spongebob|gl hf\n|\n|t:|1781415112\n|switch|p1a: Lanturn|Lanturn, L89, M|367/367\n|move|p2a: Ampharos|Volt Switch|p1a: Lanturn\n|-immune|p1a: Lanturn|[from] ability: Volt Absorb\n|\n|upkeep\n|turn|2\n|inactive|Battle timer is ON: inactive players will automatically lose when time's up. (requested by marper8)\n|\n|t:|1781415117\n|switch|p2a: Venusaur|Venusaur, L84, M|272/272\n|move|p1a: Lanturn|Scald|p2a: Venusaur\n|-resisted|p2a: Venusaur\n|-damage|p2a: Venusaur|235/272\n|-status|p2a: Venusaur|brn\n|\n|-heal|p2a: Venusaur|252/272 brn|[from] item: Leftovers\n|-damage|p2a: Venusaur|235/272 brn|[from] brn\n|upkeep\n|turn|3\n|\n|t:|1781415122\n|switch|p1a: Flareon|Flareon, L90, M|263/263\n|move|p2a: Venusaur|Knock Off|p1a: Flareon\n|-damage|p1a: Flareon|227/263\n|-enditem|p1a: Flareon|Toxic Orb|[from] move: Knock Off|[of] p2a: Venusaur\n|\n|-heal|p2a: Venusaur|252/272 brn|[from] item: Leftovers\n|-damage|p2a: Venusaur|235/272 brn|[from] brn\n|upkeep\n|turn|4\n|\n|t:|1781415125\n|switch|p2a: Golduck|Golduck, L90, F|290/290\n|-ability|p2a: Golduck|Cloud Nine\n|move|p1a: Flareon|Flare Blitz|p2a: Golduck\n|-resisted|p2a: Golduck\n|-damage|p2a: Golduck|198/290\n|-damage|p1a: Flareon|197/263|[from] Recoil\n|\n|-heal|p2a: Golduck|216/290|[from] item: Leftovers\n|upkeep\n|turn|5\n|\n|t:|1781415135\n|switch|p2a: Venusaur|Venusaur, L84, M|235/272 brn\n|switch|p1a: Abomasnow|Abomasnow, L84, F|287/287\n|-weather|Snowscape|[from] ability: Snow Warning|[of] p1a: Abomasnow\n|\n|-weather|Snowscape|[upkeep]\n|-heal|p2a: Venusaur|252/272 brn|[from] item: Leftovers\n|-damage|p2a: Venusaur|235/272 brn|[from] brn\n|upkeep\n|turn|6\n|\n|t:|1781415139\n|switch|p1a: Flareon|Flareon, L90, M|197/263\n|move|p2a: Venusaur|Knock Off|p1a: Flareon\n|-damage|p1a: Flareon|170/263\n|\n|-weather|Snowscape|[upkeep]\n|-heal|p2a: Venusaur|252/272 brn|[from] item: Leftovers\n|-damage|p2a: Venusaur|235/272 brn|[from] brn\n|upkeep\n|turn|7\n|\n|t:|1781415142\n|move|p2a: Venusaur|Sludge Bomb|p1a: Flareon\n|-damage|p1a: Flareon|89/263\n|move|p1a: Flareon|Trailblaze|p2a: Venusaur\n|-resisted|p2a: Venusaur\n|-damage|p2a: Venusaur|221/272 brn\n|-boost|p1a: Flareon|spe|1\n|\n|-weather|Snowscape|[upkeep]\n|-heal|p2a: Venusaur|238/272 brn|[from] item: Leftovers\n|-damage|p2a: Venusaur|221/272 brn|[from] brn\n|upkeep\n|turn|8\n|\n|t:|1781415150\n|switch|p2a: Golduck|Golduck, L90, F|216/290\n|-ability|p2a: Golduck|Cloud Nine\n|move|p1a: Flareon|Flare Blitz|p2a: Golduck\n|-resisted|p2a: Golduck\n|-damage|p2a: Golduck|121/290\n|-damage|p1a: Flareon|58/263|[from] Recoil\n|\n|-weather|Snowscape|[upkeep]\n|-heal|p2a: Golduck|139/290|[from] item: Leftovers\n|upkeep\n|turn|9\n|\n|t:|1781415158\n|move|p1a: Flareon|Trailblaze|p2a: Golduck\n|-supereffective|p2a: Golduck\n|-damage|p2a: Golduck|25/290\n|-boost|p1a: Flareon|spe|1\n|move|p2a: Golduck|Hydro Pump|p1a: Flareon\n|-supereffective|p1a: Flareon\n|-damage|p1a: Flareon|0 fnt\n|faint|p1a: Flareon\n|\n|-weather|none\n|-heal|p2a: Golduck|43/290|[from] item: Leftovers\n|upkeep\n|\n|t:|1781415168\n|switch|p1a: Lanturn|Lanturn, L89, M|367/367\n|turn|10\n|\n|t:|1781415171\n|switch|p2a: Venusaur|Venusaur, L84, M|221/272 brn\n|move|p1a: Lanturn|Thunderbolt|p2a: Venusaur\n|-resisted|p2a: Venusaur\n|-damage|p2a: Venusaur|181/272 brn\n|\n|-heal|p2a: Venusaur|198/272 brn|[from] item: Leftovers\n|-damage|p2a: Venusaur|181/272 brn|[from] brn\n|upkeep\n|turn|11\n|\n|t:|1781415177\n|move|p2a: Venusaur|Knock Off|p1a: Lanturn\n|-damage|p1a: Lanturn|327/367\n|-enditem|p1a: Lanturn|Leftovers|[from] move: Knock Off|[of] p2a: Venusaur\n|move|p1a: Lanturn|Ice Beam|p2a: Venusaur\n|-supereffective|p2a: Venusaur\n|-damage|p2a: Venusaur|75/272 brn\n|\n|-heal|p2a: Venusaur|92/272 brn|[from] item: Leftovers\n|-damage|p2a: Venusaur|75/272 brn|[from] brn\n|upkeep\n|turn|12\n|\n|t:|1781415180\n|move|p2a: Venusaur|Synthesis|p2a: Venusaur\n|-heal|p2a: Venusaur|211/272 brn\n|move|p1a: Lanturn|Ice Beam|p2a: Venusaur\n|-supereffective|p2a: Venusaur\n|-damage|p2a: Venusaur|95/272 brn\n|\n|-heal|p2a: Venusaur|112/272 brn|[from] item: Leftovers\n|-damage|p2a: Venusaur|95/272 brn|[from] brn\n|upkeep\n|turn|13\n|\n|t:|1781415183\n|move|p2a: Venusaur|Synthesis|p2a: Venusaur\n|-heal|p2a: Venusaur|231/272 brn\n|move|p1a: Lanturn|Ice Beam|p2a: Venusaur\n|-supereffective|p2a: Venusaur\n|-damage|p2a: Venusaur|131/272 brn\n|\n|-heal|p2a: Venusaur|148/272 brn|[from] item: Leftovers\n|-damage|p2a: Venusaur|131/272 brn|[from] brn\n|upkeep\n|turn|14\n|\n|t:|1781415185\n|move|p2a: Venusaur|Synthesis|p2a: Venusaur\n|-heal|p2a: Venusaur|267/272 brn\n|move|p1a: Lanturn|Ice Beam|p2a: Venusaur\n|-supereffective|p2a: Venusaur\n|-damage|p2a: Venusaur|149/272 brn\n|\n|-heal|p2a: Venusaur|166/272 brn|[from] item: Leftovers\n|-damage|p2a: Venusaur|149/272 brn|[from] brn\n|upkeep\n|turn|15\n|\n|t:|1781415188\n|move|p2a: Venusaur|Synthesis|p2a: Venusaur\n|-heal|p2a: Venusaur|272/272 brn\n|move|p1a: Lanturn|Ice Beam|p2a: Venusaur\n|-supereffective|p2a: Venusaur\n|-damage|p2a: Venusaur|172/272 brn\n|\n|-heal|p2a: Venusaur|189/272 brn|[from] item: Leftovers\n|-damage|p2a: Venusaur|172/272 brn|[from] brn\n|upkeep\n|turn|16\n|\n|t:|1781415190\n|move|p2a: Venusaur|Energy Ball|p1a: Lanturn\n|-supereffective|p1a: Lanturn\n|-damage|p1a: Lanturn|111/367\n|move|p1a: Lanturn|Ice Beam|p2a: Venusaur\n|-supereffective|p2a: Venusaur\n|-damage|p2a: Venusaur|72/272 brn\n|\n|-heal|p2a: Venusaur|89/272 brn|[from] item: Leftovers\n|-damage|p2a: Venusaur|72/272 brn|[from] brn\n|upkeep\n|turn|17\n|\n|t:|1781415196\n|move|p2a: Venusaur|Energy Ball|p1a: Lanturn\n|-supereffective|p1a: Lanturn\n|-damage|p1a: Lanturn|0 fnt\n|faint|p1a: Lanturn\n|\n|-heal|p2a: Venusaur|89/272 brn|[from] item: Leftovers\n|-damage|p2a: Venusaur|72/272 brn|[from] brn\n|upkeep\n|\n|t:|1781415197\n|switch|p1a: Masquerain|Masquerain, L87, M|264/264\n|-ability|p1a: Masquerain|Intimidate|boost\n|-unboost|p2a: Venusaur|atk|1\n|turn|18\n|\n|t:|1781415200\n|switch|p2a: Ampharos|Ampharos, L88, M|302/302\n|move|p1a: Masquerain|Hurricane|p2a: Ampharos\n|-resisted|p2a: Ampharos\n|-damage|p2a: Ampharos|248/302\n|-start|p2a: Ampharos|confusion\n|\n|upkeep\n|turn|19\n|\n|t:|1781415205\n|switch|p1a: Abomasnow|Abomasnow, L84, F|287/287\n|-weather|Snowscape|[from] ability: Snow Warning|[of] p1a: Abomasnow\n|-activate|p2a: Ampharos|confusion\n|-damage|p2a: Ampharos|229/302|[from] confusion\n|\n|-weather|Snowscape|[upkeep]\n|upkeep\n|turn|20\n|\n|t:|1781415208\n|move|p1a: Abomasnow|Aurora Veil|p1a: Abomasnow\n|-sidestart|p1: gangsta spongebob|move: Aurora Veil\n|-activate|p2a: Ampharos|confusion\n|move|p2a: Ampharos|Volt Switch|p1a: Abomasnow\n|-resisted|p1a: Abomasnow\n|-damage|p1a: Abomasnow|252/287\n|\n|t:|1781415211\n|switch|p2a: Golduck|Golduck, L90, F|43/290|[from] Volt Switch\n|-ability|p2a: Golduck|Cloud Nine\n|\n|-weather|Snowscape|[upkeep]\n|-heal|p2a: Golduck|61/290|[from] item: Leftovers\n|upkeep\n|turn|21\n|\n|t:|1781415214\n|move|p2a: Golduck|Encore|p1a: Abomasnow\n|-start|p1a: Abomasnow|Encore\n|move|p1a: Abomasnow|Aurora Veil||[still]\n|-fail|p1a: Abomasnow\n|\n|-weather|Snowscape|[upkeep]\n|-heal|p2a: Golduck|79/290|[from] item: Leftovers\n|upkeep\n|turn|22\n|\n|t:|1781415219\n|switch|p2a: Ampharos|Ampharos, L88, M|229/302\n|switch|p1a: Masquerain|Masquerain, L87, M|264/264\n|-ability|p1a: Masquerain|Intimidate|boost\n|-unboost|p2a: Ampharos|atk|1\n|\n|-weather|Snowscape|[upkeep]\n|upkeep\n|turn|23\n|\n|t:|1781415221\n|move|p1a: Masquerain|Quiver Dance|p1a: Masquerain\n|-boost|p1a: Masquerain|spa|1\n|-boost|p1a: Masquerain|spd|1\n|-boost|p1a: Masquerain|spe|1\n|move|p2a: Ampharos|Thunderbolt|p1a: Masquerain\n|-supereffective|p1a: Masquerain\n|-damage|p1a: Masquerain|138/264\n|-status|p1a: Masquerain|par\n|\n|-weather|none\n|upkeep\n|turn|24\n|\n|t:|1781415226\n|move|p2a: Ampharos|Thunderbolt|p1a: Masquerain\n|-supereffective|p1a: Masquerain\n|-damage|p1a: Masquerain|15/264 par\n|move|p1a: Masquerain|Bug Buzz|p2a: Ampharos\n|-damage|p2a: Ampharos|85/302\n|\n|upkeep\n|turn|25\n|\n|t:|1781415230\n|move|p2a: Ampharos|Thunderbolt|p1a: Masquerain\n|-supereffective|p1a: Masquerain\n|-damage|p1a: Masquerain|0 fnt\n|faint|p1a: Masquerain\n|\n|upkeep\n|\n|t:|1781415231\n|switch|p1a: Vaporeon|Vaporeon, L86, M|364/364\n|turn|26\n|\n|t:|1781415234\n|move|p1a: Vaporeon|Scald|p2a: Ampharos\n|-damage|p2a: Ampharos|0 fnt\n|faint|p2a: Ampharos\n|\n|upkeep\n|\n|t:|1781415235\n|switch|p2a: Venusaur|Venusaur, L84, M|72/272 brn\n|turn|27\n|\n|t:|1781415239\n|switch|p1a: Medicham|Medicham, L86, F|243/243\n|move|p2a: Venusaur|Synthesis|p2a: Venusaur\n|-heal|p2a: Venusaur|208/272 brn\n|\n|-heal|p2a: Venusaur|225/272 brn|[from] item: Leftovers\n|-damage|p2a: Venusaur|208/272 brn|[from] brn\n|-sideend|p1: gangsta spongebob|move: Aurora Veil\n|upkeep\n|turn|28\n|\n|t:|1781415241\n|switch|p2a: Golduck|Golduck, L90, F|79/290\n|-ability|p2a: Golduck|Cloud Nine\n|move|p1a: Medicham|Zen Headbutt|p2a: Golduck\n|-damage|p2a: Golduck|0 fnt\n|faint|p2a: Golduck\n|\n|upkeep\n|\n|t:|1781415244\n|switch|p2a: Sinistcha|Sinistcha, L83|254/254\n|turn|29\n|\n|t:|1781415249\n|move|p1a: Medicham|Zen Headbutt|p2a: Sinistcha\n|-damage|p2a: Sinistcha|100/254\n|move|p2a: Sinistcha|Calm Mind|p2a: Sinistcha\n|-boost|p2a: Sinistcha|spa|1\n|-boost|p2a: Sinistcha|spd|1\n|\n|-heal|p2a: Sinistcha|115/254|[from] item: Leftovers\n|upkeep\n|turn|30\n|\n|t:|1781415252\n|-terastallize|p2a: Sinistcha|Steel\n|move|p1a: Medicham|Zen Headbutt|p2a: Sinistcha\n|-resisted|p2a: Sinistcha\n|-damage|p2a: Sinistcha|32/254\n|move|p2a: Sinistcha|Strength Sap|p1a: Medicham\n|-unboost|p1a: Medicham|atk|1\n|-heal|p2a: Sinistcha|184/254\n|\n|-heal|p2a: Sinistcha|199/254|[from] item: Leftovers\n|upkeep\n|turn|31\n|\n|t:|1781415255\n|switch|p1a: Vaporeon|Vaporeon, L86, M|364/364\n|move|p2a: Sinistcha|Shadow Ball|p1a: Vaporeon\n|-damage|p1a: Vaporeon|219/364\n|\n|-heal|p2a: Sinistcha|214/254|[from] item: Leftovers\n|-heal|p1a: Vaporeon|241/364|[from] item: Leftovers\n|upkeep\n|turn|32\n|\n|t:|1781415258\n|move|p2a: Sinistcha|Matcha Gotcha|p1a: Vaporeon\n|-supereffective|p1a: Vaporeon\n|-damage|p1a: Vaporeon|0 fnt\n|-heal|p2a: Sinistcha|254/254|[from] drain|[of] p1a: Vaporeon\n|faint|p1a: Vaporeon\n|\n|upkeep\n|\n|t:|1781415260\n|switch|p1a: Abomasnow|Abomasnow, L84, F|252/287\n|-weather|Snowscape|[from] ability: Snow Warning|[of] p1a: Abomasnow\n|turn|33\n|c|\u2606gangsta spongebob|gg\n|-message|gangsta spongebob forfeited.\n|\n|win|marper8\n", "uploadtime": 1781415107, "views": 7, "formatid": "gen9randombattle", "rating": null, "private": 0, "password": null}