{"id": "gen9randombattle-2631508641", "format": "[Gen 9] Random Battle", "players": ["ph00x", "hddhgdydhdhdd"], "log": "|j|\u2606ph00x\n|j|\u2606hddhgdydhdhdd\n|t:|1781394158\n|gametype|singles\n|player|p1|ph00x|unknown|1116\n|player|p2|hddhgdydhdhdd|265|1155\n|gen|9\n|tier|[Gen 9] Random Battle\n|rated|\n|rule|Species Clause: Limit one of each Pok\u00e9mon\n|rule|HP Percentage Mod: HP is shown in percentages\n|rule|Sleep Clause Mod: Limit one foe put to sleep\n|rule|Illusion Level Mod: Illusion disguises the Pok\u00e9mon's true level\n|\n|t:|1781394158\n|teamsize|p1|6\n|teamsize|p2|6\n|start\n|switch|p1a: Electivire|Electivire, L84, M|263/263\n|switch|p2a: Jirachi|Jirachi, L80|291/291\n|turn|1\n|inactive|Battle timer is ON: inactive players will automatically lose when time's up. (requested by ph00x)\n|\n|t:|1781394168\n|switch|p2a: Houndoom|Houndoom, L87, M|272/272\n|move|p1a: Electivire|Earthquake|p2a: Houndoom\n|-supereffective|p2a: Houndoom\n|-damage|p2a: Houndoom|0 fnt\n|faint|p2a: Houndoom\n|-damage|p1a: Electivire|237/263|[from] item: Life Orb\n|\n|upkeep\n|\n|t:|1781394172\n|switch|p2a: Forretress|Forretress, L84, M|263/263\n|turn|2\n|\n|t:|1781394177\n|move|p1a: Electivire|Flamethrower|p2a: Forretress\n|-supereffective|p2a: Forretress\n|-ability|p2a: Forretress|Sturdy\n|-damage|p2a: Forretress|1/263\n|-damage|p1a: Electivire|211/263|[from] item: Life Orb\n|move|p2a: Forretress|Body Press|p1a: Electivire\n|-damage|p1a: Electivire|125/263\n|\n|-heal|p2a: Forretress|17/263|[from] item: Leftovers\n|upkeep\n|turn|3\n|\n|t:|1781394185\n|move|p1a: Electivire|Flamethrower|p2a: Forretress\n|-supereffective|p2a: Forretress\n|-damage|p2a: Forretress|0 fnt\n|faint|p2a: Forretress\n|-damage|p1a: Electivire|99/263|[from] item: Life Orb\n|\n|upkeep\n|\n|t:|1781394194\n|switch|p2a: Ambipom|Ambipom, L84, F|263/263\n|turn|4\n|\n|t:|1781394200\n|move|p2a: Ambipom|Double-Edge|p1a: Electivire\n|-damage|p1a: Electivire|0 fnt\n|faint|p1a: Electivire\n|-damage|p2a: Ambipom|230/263|[from] Recoil\n|\n|upkeep\n|\n|t:|1781394204\n|switch|p1a: Sinistcha|Sinistcha-Masterpiece, L83|254/254\n|turn|5\n|\n|t:|1781394207\n|switch|p2a: Plusle|Plusle, L95, F|268/268\n|move|p1a: Sinistcha|Strength Sap|p2a: Plusle\n|-unboost|p2a: Plusle|atk|1\n|\n|upkeep\n|turn|6\n|\n|t:|1781394210\n|move|p2a: Plusle|Encore|p1a: Sinistcha\n|-start|p1a: Sinistcha|Encore\n|move|p1a: Sinistcha|Strength Sap|p2a: Plusle\n|-unboost|p2a: Plusle|atk|1\n|\n|upkeep\n|turn|7\n|\n|t:|1781394213\n|move|p2a: Plusle|Nasty Plot|p2a: Plusle\n|-boost|p2a: Plusle|spa|2\n|move|p1a: Sinistcha|Strength Sap|p2a: Plusle\n|-unboost|p2a: Plusle|atk|1\n|\n|upkeep\n|turn|8\n|\n|t:|1781394215\n|switch|p1a: Chandelure|Chandelure, L83, F|235/235\n|move|p2a: Plusle|Nasty Plot|p2a: Plusle\n|-boost|p2a: Plusle|spa|2\n|\n|upkeep\n|turn|9\n|\n|t:|1781394219\n|move|p1a: Chandelure|Trick|p2a: Plusle\n|-activate|p1a: Chandelure|move: Trick|[of] p2a: Plusle\n|-item|p2a: Plusle|Choice Scarf|[from] move: Trick\n|-item|p1a: Chandelure|Life Orb|[from] move: Trick\n|move|p2a: Plusle|Thunderbolt|p1a: Chandelure\n|-damage|p1a: Chandelure|0 fnt\n|faint|p1a: Chandelure\n|\n|upkeep\n|\n|t:|1781394226\n|switch|p1a: Pikachu|Pikachu, L93, F|216/216\n|turn|10\n|\n|t:|1781394230\n|switch|p2a: Ambipom|Ambipom, L84, F|230/263\n|move|p1a: Pikachu|Fake Out|p2a: Ambipom\n|-damage|p2a: Ambipom|172/263\n|\n|upkeep\n|turn|11\n|\n|t:|1781394236\n|-terastallize|p2a: Ambipom|Ice\n|move|p2a: Ambipom|Triple Axel|p1a: Pikachu\n|-damage|p1a: Pikachu|140/216\n|-damage|p1a: Pikachu|0 fnt\n|faint|p1a: Pikachu\n|-hitcount|p1: Pikachu|2\n|\n|upkeep\n|\n|t:|1781394242\n|switch|p1a: Persian|Persian-Alola, L86, F|252/252\n|turn|12\n|\n|t:|1781394245\n|switch|p2a: Plusle|Plusle, L95, F|268/268\n|move|p1a: Persian|Burning Jealousy|p2a: Plusle\n|-damage|p2a: Plusle|212/268\n|-damage|p1a: Persian|227/252|[from] item: Life Orb\n|\n|upkeep\n|turn|13\n|\n|t:|1781394252\n|move|p2a: Plusle|Thunderbolt|p1a: Persian\n|-damage|p1a: Persian|97/252\n|move|p1a: Persian|Nasty Plot|p1a: Persian\n|-boost|p1a: Persian|spa|2\n|\n|upkeep\n|turn|14\n|\n|t:|1781394259\n|-terastallize|p1a: Persian|Electric\n|move|p2a: Plusle|Thunderbolt|p1a: Persian\n|-resisted|p1a: Persian\n|-damage|p1a: Persian|24/252\n|move|p1a: Persian|Dark Pulse|p2a: Plusle\n|-damage|p2a: Plusle|20/268\n|-damage|p1a: Persian|0 fnt|[from] item: Life Orb\n|faint|p1a: Persian\n|\n|upkeep\n|\n|t:|1781394268\n|switch|p1a: Ribombee|Ribombee, L83, F|235/235\n|turn|15\n|\n|t:|1781394272\n|switch|p2a: Ambipom|Ambipom, L84, F, tera:Ice|172/263\n|move|p1a: Ribombee|Quiver Dance|p1a: Ribombee\n|-boost|p1a: Ribombee|spa|1\n|-boost|p1a: Ribombee|spd|1\n|-boost|p1a: Ribombee|spe|1\n|\n|upkeep\n|turn|16\n|\n|t:|1781394276\n|move|p1a: Ribombee|Bug Buzz|p2a: Ambipom\n|-damage|p2a: Ambipom|0 fnt\n|faint|p2a: Ambipom\n|\n|upkeep\n|\n|t:|1781394280\n|switch|p2a: Jirachi|Jirachi, L80|291/291\n|turn|17\n|\n|t:|1781394283\n|move|p1a: Ribombee|Bug Buzz|p2a: Jirachi\n|-damage|p2a: Jirachi|152/291\n|-unboost|p2a: Jirachi|spd|1\n|move|p2a: Jirachi|Iron Head|p1a: Ribombee\n|-supereffective|p1a: Ribombee\n|-crit|p1a: Ribombee\n|-damage|p1a: Ribombee|0 fnt\n|faint|p1a: Ribombee\n|\n|-heal|p2a: Jirachi|170/291|[from] item: Leftovers\n|upkeep\n|\n|t:|1781394286\n|switch|p1a: Sinistcha|Sinistcha-Masterpiece, L83|254/254\n|turn|18\n|\n|t:|1781394290\n|move|p2a: Jirachi|Iron Head|p1a: Sinistcha\n|-damage|p1a: Sinistcha|176/254\n|cant|p1a: Sinistcha|flinch\n|\n|-heal|p2a: Jirachi|188/291|[from] item: Leftovers\n|-heal|p1a: Sinistcha|191/254|[from] item: Leftovers\n|upkeep\n|turn|19\n|\n|t:|1781394294\n|move|p2a: Jirachi|Iron Head|p1a: Sinistcha\n|-damage|p1a: Sinistcha|113/254\n|move|p1a: Sinistcha|Shadow Ball|p2a: Jirachi\n|-supereffective|p2a: Jirachi\n|-damage|p2a: Jirachi|0 fnt\n|faint|p2a: Jirachi\n|\n|-heal|p1a: Sinistcha|128/254|[from] item: Leftovers\n|upkeep\n|\n|t:|1781394297\n|switch|p2a: Koraidon|Koraidon, L64|235/235\n|-weather|SunnyDay|[from] ability: Orichalcum Pulse|[of] p2a: Koraidon\n|-activate|p2a: Koraidon|Orichalcum Pulse|[source]\n|turn|20\n|\n|t:|1781394301\n|move|p2a: Koraidon|Flare Blitz|p1a: Sinistcha\n|-supereffective|p1a: Sinistcha\n|-damage|p1a: Sinistcha|6/254\n|-damage|p2a: Koraidon|195/235|[from] Recoil\n|move|p1a: Sinistcha|Strength Sap|p2a: Koraidon\n|-unboost|p2a: Koraidon|atk|1\n|-heal|p1a: Sinistcha|217/254\n|\n|-weather|SunnyDay|[upkeep]\n|-heal|p1a: Sinistcha|232/254|[from] item: Leftovers\n|upkeep\n|turn|21\n|\n|t:|1781394304\n|switch|p2a: Plusle|Plusle, L95, F|20/268\n|move|p1a: Sinistcha|Shadow Ball|p2a: Plusle\n|-damage|p2a: Plusle|0 fnt\n|faint|p2a: Plusle\n|\n|-weather|SunnyDay|[upkeep]\n|-heal|p1a: Sinistcha|247/254|[from] item: Leftovers\n|upkeep\n|\n|t:|1781394306\n|switch|p2a: Koraidon|Koraidon, L64|195/235\n|-activate|p2a: Koraidon|ability: Orichalcum Pulse\n|turn|22\n|\n|t:|1781394307\n|move|p2a: Koraidon|Swords Dance|p2a: Koraidon\n|-boost|p2a: Koraidon|atk|2\n|move|p1a: Sinistcha|Strength Sap|p2a: Koraidon\n|-unboost|p2a: Koraidon|atk|1\n|-heal|p1a: Sinistcha|254/254\n|\n|-weather|SunnyDay|[upkeep]\n|upkeep\n|turn|23\n|\n|t:|1781394310\n|move|p2a: Koraidon|Swords Dance|p2a: Koraidon\n|-boost|p2a: Koraidon|atk|2\n|move|p1a: Sinistcha|Strength Sap|p2a: Koraidon\n|-unboost|p2a: Koraidon|atk|1\n|\n|-weather|SunnyDay|[upkeep]\n|upkeep\n|turn|24\n|\n|t:|1781394317\n|move|p2a: Koraidon|Swords Dance|p2a: Koraidon\n|-boost|p2a: Koraidon|atk|2\n|move|p1a: Sinistcha|Strength Sap|p2a: Koraidon\n|-unboost|p2a: Koraidon|atk|1\n|\n|-weather|none\n|upkeep\n|turn|25\n|\n|t:|1781394319\n|move|p2a: Koraidon|Swords Dance|p2a: Koraidon\n|-boost|p2a: Koraidon|atk|2\n|move|p1a: Sinistcha|Strength Sap|p2a: Koraidon\n|-unboost|p2a: Koraidon|atk|1\n|\n|upkeep\n|turn|26\n|\n|t:|1781394321\n|move|p2a: Koraidon|Swords Dance|p2a: Koraidon\n|-boost|p2a: Koraidon|atk|2\n|move|p1a: Sinistcha|Strength Sap|p2a: Koraidon\n|-unboost|p2a: Koraidon|atk|1\n|\n|upkeep\n|turn|27\n|\n|t:|1781394324\n|move|p2a: Koraidon|Flare Blitz|p1a: Sinistcha\n|-supereffective|p1a: Sinistcha\n|-damage|p1a: Sinistcha|60/254\n|-damage|p2a: Koraidon|131/235|[from] Recoil\n|move|p1a: Sinistcha|Shadow Ball|p2a: Koraidon\n|-damage|p2a: Koraidon|2/235\n|\n|-heal|p1a: Sinistcha|75/254|[from] item: Leftovers\n|upkeep\n|turn|28\n|\n|t:|1781394327\n|move|p2a: Koraidon|Flare Blitz|p1a: Sinistcha\n|-supereffective|p1a: Sinistcha\n|-damage|p1a: Sinistcha|0 fnt\n|faint|p1a: Sinistcha\n|-damage|p2a: Koraidon|0 fnt|[from] Recoil\n|faint|p2a: Koraidon\n|\n|win|hddhgdydhdhdd\n|raw|ph00x's rating: 1116 &rarr; <strong>1094</strong><br />(-22 for losing)\n|raw|hddhgdydhdhdd's rating: 1155 &rarr; <strong>1177</strong><br />(+22 for winning)\n", "uploadtime": 1781394329, "views": 4, "formatid": "gen9randombattle", "rating": 1094, "private": 0, "password": null}