{"id": "gen9randombattle-2631747546", "format": "[Gen 9] Random Battle", "players": ["Hohenzollenrn", "drewlyng"], "log": "|j|\u2606Hohenzollenrn\n|j|\u2606drewlyng\n|t:|1781433118\n|gametype|singles\n|player|p1|Hohenzollenrn|101|1327\n|player|p2|drewlyng|101|1296\n|gen|9\n|tier|[Gen 9] Random Battle\n|rated|\n|rule|Species Clause: Limit one of each Pok\u00e9mon\n|rule|HP Percentage Mod: HP is shown in percentages\n|rule|Sleep Clause Mod: Limit one foe put to sleep\n|rule|Illusion Level Mod: Illusion disguises the Pok\u00e9mon's true level\n|\n|t:|1781433118\n|teamsize|p1|6\n|teamsize|p2|6\n|start\n|switch|p1a: Gholdengo|Gholdengo, L77|261/261\n|switch|p2a: Iron Treads|Iron Treads, L77|265/265\n|turn|1\n|\n|t:|1781433130\n|move|p1a: Gholdengo|Focus Blast|p2a: Iron Treads\n|-supereffective|p2a: Iron Treads\n|-damage|p2a: Iron Treads|17/265\n|-unboost|p2a: Iron Treads|spd|1\n|move|p2a: Iron Treads|Stealth Rock|p1a: Gholdengo\n|-sidestart|p1: Hohenzollenrn|move: Stealth Rock\n|\n|-heal|p2a: Iron Treads|33/265|[from] item: Leftovers\n|upkeep\n|turn|2\n|\n|t:|1781433144\n|-end|p2a: Iron Treads|Quark Drive|[silent]\n|switch|p2a: Polteageist|Polteageist-Antique, L78|222/222\n|move|p1a: Gholdengo|Focus Blast|p2a: Polteageist\n|-immune|p2a: Polteageist\n|\n|upkeep\n|turn|3\n|inactive|Battle timer is ON: inactive players will automatically lose when time's up. (requested by Hohenzollenrn)\n|\n|t:|1781433178\n|switch|p1a: Cinccino|Cinccino, L83, M|260/260\n|-damage|p1a: Cinccino|228/260|[from] Stealth Rock\n|switch|p2a: Persian|Persian-Alola, L86, M|252/252\n|\n|upkeep\n|turn|4\n|\n|t:|1781433185\n|move|p2a: Persian|Hypnosis|p1a: Cinccino\n|-status|p1a: Cinccino|slp|[from] move: Hypnosis\n|cant|p1a: Cinccino|slp\n|\n|upkeep\n|turn|5\n|\n|t:|1781433190\n|move|p2a: Persian|Nasty Plot|p2a: Persian\n|-boost|p2a: Persian|spa|2\n|-curestatus|p1a: Cinccino|slp|[msg]\n|move|p1a: Cinccino|Tidy Up|p1a: Cinccino\n|-sideend|p1: Hohenzollenrn|Stealth Rock\n|-activate|p1a: Cinccino|move: Tidy Up\n|-boost|p1a: Cinccino|atk|1\n|-boost|p1a: Cinccino|spe|1\n|\n|upkeep\n|turn|6\n|\n|t:|1781433220\n|move|p1a: Cinccino|Tail Slap|p2a: Persian|[miss]\n|-miss|p1a: Cinccino|p2a: Persian\n|move|p2a: Persian|Thunderbolt|p1a: Cinccino\n|-damage|p1a: Cinccino|72/260\n|\n|upkeep\n|turn|7\n|\n|t:|1781433229\n|move|p1a: Cinccino|Tail Slap|p2a: Persian\n|-damage|p2a: Persian|213/252\n|-damage|p2a: Persian|176/252\n|-damage|p2a: Persian|142/252\n|-damage|p2a: Persian|102/252\n|-damage|p2a: Persian|62/252\n|-hitcount|p2a: Persian|5\n|move|p2a: Persian|Dark Pulse|p1a: Cinccino\n|-damage|p1a: Cinccino|0 fnt\n|faint|p1a: Cinccino\n|\n|-heal|p2a: Persian|77/252|[from] item: Leftovers\n|upkeep\n|inactive|Hohenzollenrn has 120 seconds left.\n|\n|t:|1781433254\n|switch|p1a: Crawdaunt|Crawdaunt, L84, F|243/243\n|turn|8\n|\n|t:|1781433265\n|move|p1a: Crawdaunt|Aqua Jet|p2a: Persian\n|-damage|p2a: Persian|17/252\n|move|p2a: Persian|Hypnosis|p1a: Crawdaunt\n|-status|p1a: Crawdaunt|slp|[from] move: Hypnosis\n|\n|-heal|p2a: Persian|32/252|[from] item: Leftovers\n|upkeep\n|turn|9\n|\n|t:|1781433276\n|cant|p1a: Crawdaunt|slp\n|move|p2a: Persian|Thunderbolt|p1a: Crawdaunt\n|-supereffective|p1a: Crawdaunt\n|-damage|p1a: Crawdaunt|0 fnt\n|faint|p1a: Crawdaunt\n|\n|-heal|p2a: Persian|47/252|[from] item: Leftovers\n|upkeep\n|\n|t:|1781433287\n|switch|p1a: Gardevoir|Gardevoir, L83, F|249/249\n|-ability|p1a: Gardevoir|Fur Coat|Trace|[from] ability: Trace|[of] p2a: Persian\n|turn|10\n|\n|t:|1781433302\n|move|p1a: Gardevoir|Mystical Fire|p2a: Persian\n|-damage|p2a: Persian|0 fnt\n|faint|p2a: Persian\n|\n|upkeep\n|inactive|drewlyng has 120 seconds left.\n|\n|t:|1781433334\n|switch|p2a: Polteageist|Polteageist-Antique, L78|222/222\n|turn|11\n|\n|t:|1781433353\n|-terastallize|p1a: Gardevoir|Fire\n|move|p1a: Gardevoir|Mystical Fire|p2a: Polteageist\n|-damage|p2a: Polteageist|129/222\n|-unboost|p2a: Polteageist|spa|1\n|-enditem|p2a: Polteageist|White Herb\n|-clearnegativeboost|p2a: Polteageist|[silent]\n|move|p2a: Polteageist|Shell Smash|p2a: Polteageist\n|-unboost|p2a: Polteageist|def|1\n|-unboost|p2a: Polteageist|spd|1\n|-boost|p2a: Polteageist|atk|2\n|-boost|p2a: Polteageist|spa|2\n|-boost|p2a: Polteageist|spe|2\n|\n|upkeep\n|turn|12\n|inactive|drewlyng has 120 seconds left.\n|\n|t:|1781433373\n|move|p2a: Polteageist|Shadow Ball|p1a: Gardevoir\n|-damage|p1a: Gardevoir|99/249\n|-unboost|p1a: Gardevoir|spd|1\n|move|p1a: Gardevoir|Mystical Fire|p2a: Polteageist\n|-damage|p2a: Polteageist|8/222\n|-unboost|p2a: Polteageist|spa|1\n|-start|p1a: Gardevoir|Disable|Mystical Fire|[from] ability: Cursed Body|[of] p2a: Polteageist\n|\n|upkeep\n|turn|13\n|inactive|Hohenzollenrn has 120 seconds left.\n|inactive|drewlyng has 120 seconds left.\n|\n|t:|1781433390\n|switch|p1a: Hoopa|Hoopa-Unbound, L80|259/259\n|move|p2a: Polteageist|Shadow Ball|p1a: Hoopa\n|-damage|p1a: Hoopa|141/259\n|\n|upkeep\n|turn|14\n|inactive|Hohenzollenrn has 120 seconds left.\n|inactive|drewlyng has 120 seconds left.\n|\n|t:|1781433404\n|move|p2a: Polteageist|Strength Sap|p1a: Hoopa\n|-unboost|p1a: Hoopa|atk|1\n|-heal|p2a: Polteageist|222/222\n|move|p1a: Hoopa|Hyperspace Fury|p2a: Polteageist\n|-supereffective|p2a: Polteageist\n|-damage|p2a: Polteageist|0 fnt\n|-unboost|p1a: Hoopa|def|1\n|-start|p1a: Hoopa|Disable|Hyperspace Fury|[from] ability: Cursed Body|[of] p2a: Polteageist\n|faint|p2a: Polteageist\n|\n|upkeep\n|inactive|drewlyng has 120 seconds left.\n|\n|t:|1781433417\n|switch|p2a: Galvantula|Galvantula, L82, F|249/249\n|turn|15\n|inactive|drewlyng has 120 seconds left.\n|\n|t:|1781433426\n|switch|p1a: Gardevoir|Gardevoir, L83, F, tera:Fire|99/249\n|-ability|p1a: Gardevoir|Compound Eyes|Trace|[from] ability: Trace|[of] p2a: Galvantula\n|move|p2a: Galvantula|Sticky Web|p1a: Gardevoir\n|-sidestart|p1: Hohenzollenrn|move: Sticky Web\n|\n|upkeep\n|turn|16\n|inactive|drewlyng has 120 seconds left.\n|\n|t:|1781433437\n|-terastallize|p2a: Galvantula|Electric\n|move|p1a: Gardevoir|Mystical Fire|p2a: Galvantula\n|-damage|p2a: Galvantula|122/249\n|-unboost|p2a: Galvantula|spa|1\n|move|p2a: Galvantula|Thunder|p1a: Gardevoir\n|-damage|p1a: Gardevoir|17/249\n|\n|upkeep\n|turn|17\n|inactive|drewlyng has 120 seconds left.\n|\n|t:|1781433469\n|switch|p2a: Vaporeon|Vaporeon, L86, M|364/364\n|move|p1a: Gardevoir|Mystical Fire|p2a: Vaporeon\n|-resisted|p2a: Vaporeon\n|-damage|p2a: Vaporeon|319/364\n|-unboost|p2a: Vaporeon|spa|1\n|\n|-heal|p2a: Vaporeon|341/364|[from] item: Leftovers\n|upkeep\n|turn|18\n|\n|t:|1781433480\n|switch|p1a: Pikachu|Pikachu-World, L93, F|216/216\n|-activate|p1a: Pikachu|move: Sticky Web\n|-unboost|p1a: Pikachu|spe|1\n|move|p2a: Vaporeon|Wish|p2a: Vaporeon\n|\n|-heal|p2a: Vaporeon|363/364|[from] item: Leftovers\n|upkeep\n|turn|19\n|\n|t:|1781433494\n|switch|p2a: Iron Treads|Iron Treads, L77|33/265\n|move|p1a: Pikachu|Fake Out|p2a: Iron Treads\n|-resisted|p2a: Iron Treads\n|-damage|p2a: Iron Treads|14/265\n|\n|-heal|p2a: Iron Treads|196/265|[from] move: Wish|[wisher] Vaporeon\n|-heal|p2a: Iron Treads|212/265|[from] item: Leftovers\n|upkeep\n|turn|20\n|\n|t:|1781433504\n|move|p2a: Iron Treads|Stealth Rock|p1a: Pikachu\n|-sidestart|p1: Hohenzollenrn|move: Stealth Rock\n|move|p1a: Pikachu|Surf|p2a: Iron Treads\n|-supereffective|p2a: Iron Treads\n|-damage|p2a: Iron Treads|0 fnt\n|faint|p2a: Iron Treads\n|-end|p2a: Iron Treads|Quark Drive|[silent]\n|\n|upkeep\n|\n|t:|1781433523\n|switch|p2a: Vaporeon|Vaporeon, L86, M|363/364\n|turn|21\n|\n|t:|1781433528\n|move|p2a: Vaporeon|Wish|p2a: Vaporeon\n|move|p1a: Pikachu|Volt Tackle|p2a: Vaporeon\n|-supereffective|p2a: Vaporeon\n|-damage|p2a: Vaporeon|0 fnt\n|faint|p2a: Vaporeon\n|-damage|p1a: Pikachu|96/216|[from] Recoil\n|\n|upkeep\n|\n|t:|1781433534\n|switch|p2a: Galvantula|Galvantula, L82, F, tera:Electric|122/249\n|turn|22\n|\n|t:|1781433539\n|move|p2a: Galvantula|Bug Buzz|p1a: Pikachu\n|-damage|p1a: Pikachu|0 fnt\n|faint|p1a: Pikachu\n|\n|-heal|p2a: Galvantula|249/249|[from] move: Wish|[wisher] Vaporeon\n|upkeep\n|\n|t:|1781433555\n|switch|p1a: Gardevoir|Gardevoir, L83, F, tera:Fire|17/249\n|-activate|p1a: Gardevoir|move: Sticky Web\n|-unboost|p1a: Gardevoir|spe|1\n|-damage|p1a: Gardevoir|0 fnt|[from] Stealth Rock\n|faint|p1a: Gardevoir\n|\n|t:|1781433561\n|switch|p1a: Hoopa|Hoopa-Unbound, L80|141/259\n|-activate|p1a: Hoopa|move: Sticky Web\n|-unboost|p1a: Hoopa|spe|1\n|-damage|p1a: Hoopa|109/259|[from] Stealth Rock\n|turn|23\n|\n|t:|1781433571\n|move|p2a: Galvantula|Bug Buzz|p1a: Hoopa\n|-supereffective|p1a: Hoopa\n|-damage|p1a: Hoopa|0 fnt\n|faint|p1a: Hoopa\n|\n|upkeep\n|\n|t:|1781433576\n|switch|p1a: Gholdengo|Gholdengo, L77|261/261\n|-activate|p1a: Gholdengo|move: Sticky Web\n|-unboost|p1a: Gholdengo|spe|1\n|-damage|p1a: Gholdengo|245/261|[from] Stealth Rock\n|turn|24\n|\n|t:|1781433586\n|move|p2a: Galvantula|Thunder|p1a: Gholdengo\n|-damage|p1a: Gholdengo|87/261\n|move|p1a: Gholdengo|Shadow Ball|p2a: Galvantula\n|-damage|p2a: Galvantula|123/249\n|\n|upkeep\n|turn|25\n|-message|Hohenzollenrn forfeited.\n|\n|win|drewlyng\n|raw|Hohenzollenrn's rating: 1327 &rarr; <strong>1305</strong><br />(-22 for losing)\n|raw|drewlyng's rating: 1296 &rarr; <strong>1323</strong><br />(+27 for winning)\n|l|\u2606Hohenzollenrn\n|player|p1|\n", "uploadtime": 1781433603, "views": 18, "formatid": "gen9randombattle", "rating": 1305, "private": 0, "password": null}