{"id": "gen9randombattle-2631440114", "format": "[Gen 9] Random Battle", "players": ["DiamondIyes", "100taka"], "log": "|j|\u2606DiamondIyes\n|j|\u2606100taka\n|t:|1781384906\n|gametype|singles\n|player|p1|DiamondIyes|az|1953\n|player|p2|100taka|169|1912\n|gen|9\n|tier|[Gen 9] Random Battle\n|rated|\n|rule|Species Clause: Limit one of each Pok\u00e9mon\n|rule|HP Percentage Mod: HP is shown in percentages\n|rule|Sleep Clause Mod: Limit one foe put to sleep\n|rule|Illusion Level Mod: Illusion disguises the Pok\u00e9mon's true level\n|\n|t:|1781384906\n|teamsize|p1|6\n|teamsize|p2|6\n|start\n|switch|p1a: Slowking|Slowking, L88, M|310/310\n|switch|p2a: Dewgong|Dewgong, L94, M|322/322\n|turn|1\n|\n|t:|1781384914\n|move|p2a: Dewgong|Knock Off|p1a: Slowking\n|-supereffective|p1a: Slowking\n|-damage|p1a: Slowking|184/310\n|-enditem|p1a: Slowking|Heavy-Duty Boots|[from] move: Knock Off|[of] p2a: Dewgong\n|move|p1a: Slowking|Future Sight|p2a: Dewgong\n|-start|p1a: Slowking|move: Future Sight\n|\n|upkeep\n|turn|2\n|\n|t:|1781384922\n|move|p2a: Dewgong|Encore|p1a: Slowking\n|-start|p1a: Slowking|Encore\n|move|p1a: Slowking|Future Sight||[still]\n|-fail|p1a: Slowking\n|\n|upkeep\n|turn|3\n|\n|t:|1781384930\n|switch|p1a: Archaludon|Archaludon, L78, M|268/268\n|move|p2a: Dewgong|Knock Off|p1a: Archaludon\n|-damage|p1a: Archaludon|215/268\n|-ability|p1a: Archaludon|Stamina|boost\n|-boost|p1a: Archaludon|def|1\n|-enditem|p1a: Archaludon|Assault Vest|[from] move: Knock Off|[of] p2a: Dewgong\n|\n|-end|p2a: Dewgong|move: Future Sight\n|-damage|p2a: Dewgong|202/322\n|upkeep\n|turn|4\n|\n|t:|1781384942\n|switch|p2a: Talonflame|Talonflame, L83, M|265/265\n|move|p1a: Archaludon|Body Press|p2a: Talonflame\n|-resisted|p2a: Talonflame\n|-crit|p2a: Talonflame\n|-damage|p2a: Talonflame|181/265\n|\n|upkeep\n|turn|5\n|\n|t:|1781384950\n|move|p2a: Talonflame|Swords Dance|p2a: Talonflame\n|-boost|p2a: Talonflame|atk|2\n|move|p1a: Archaludon|Draco Meteor|p2a: Talonflame\n|-damage|p2a: Talonflame|18/265\n|-unboost|p1a: Archaludon|spa|2\n|\n|upkeep\n|turn|6\n|\n|t:|1781384957\n|move|p2a: Talonflame|Flare Blitz|p1a: Archaludon\n|-damage|p1a: Archaludon|95/268\n|-ability|p1a: Archaludon|Stamina|boost\n|-boost|p1a: Archaludon|def|1\n|-damage|p2a: Talonflame|0 fnt|[from] Recoil\n|faint|p2a: Talonflame\n|move|p1a: Archaludon|Body Press|p2: Talonflame|[notarget]\n|-fail|p1a: Archaludon\n|\n|upkeep\n|\n|t:|1781384969\n|switch|p2a: Sceptile|Sceptile, L87, F|264/264\n|turn|7\n|inactive|Battle timer is ON: inactive players will automatically lose when time's up. (requested by 100taka)\n|\n|t:|1781385006\n|move|p2a: Sceptile|Leech Seed|p1a: Archaludon\n|-start|p1a: Archaludon|move: Leech Seed\n|move|p1a: Archaludon|Body Press|p2a: Sceptile\n|-damage|p2a: Sceptile|111/264\n|\n|-heal|p2a: Sceptile|127/264|[from] item: Leftovers\n|-damage|p1a: Archaludon|62/268|[from] Leech Seed|[of] p2a: Sceptile\n|-heal|p2a: Sceptile|160/264|[silent]\n|upkeep\n|turn|8\n|\n|t:|1781385020\n|switch|p1a: Trevenant|Trevenant, L89, M|296/296\n|move|p2a: Sceptile|Focus Blast|p1a: Trevenant\n|-immune|p1a: Trevenant\n|\n|-heal|p2a: Sceptile|176/264|[from] item: Leftovers\n|upkeep\n|turn|9\n|\n|t:|1781385033\n|switch|p2a: Dewgong|Dewgong, L94, M|202/322\n|move|p1a: Trevenant|Poltergeist|p2a: Dewgong\n|-activate|p2a: Dewgong|move: Poltergeist|Heavy-Duty Boots\n|-damage|p2a: Dewgong|25/322\n|-damage|p1a: Trevenant|267/296|[from] item: Life Orb\n|\n|upkeep\n|turn|10\n|\n|t:|1781385052\n|switch|p1a: Slowking|Slowking, L88, M|287/310\n|move|p2a: Dewgong|Knock Off|p1a: Slowking\n|-supereffective|p1a: Slowking\n|-damage|p1a: Slowking|195/310\n|\n|upkeep\n|turn|11\n|\n|t:|1781385058\n|move|p2a: Dewgong|Knock Off|p1a: Slowking\n|-supereffective|p1a: Slowking\n|-damage|p1a: Slowking|101/310\n|move|p1a: Slowking|Scald|p2a: Dewgong\n|-resisted|p2a: Dewgong\n|-damage|p2a: Dewgong|0 fnt\n|faint|p2a: Dewgong\n|\n|upkeep\n|\n|t:|1781385060\n|switch|p2a: Pikachu|Pikachu-Hoenn, L93, F|216/216\n|turn|12\n|\n|t:|1781385067\n|switch|p1a: Donphan|Donphan, L84, F|288/288\n|move|p2a: Pikachu|Volt Switch|p1a: Donphan\n|-immune|p1a: Donphan\n|\n|upkeep\n|turn|13\n|\n|t:|1781385073\n|switch|p2a: Sceptile|Sceptile, L87, F|176/264\n|move|p1a: Donphan|Stealth Rock|p2a: Sceptile\n|-sidestart|p2: 100taka|move: Stealth Rock\n|\n|-heal|p2a: Sceptile|192/264|[from] item: Leftovers\n|upkeep\n|turn|14\n|\n|t:|1781385083\n|switch|p2a: Ribombee|Ribombee, L83, M|235/235\n|switch|p1a: Trevenant|Trevenant, L89, M|267/296\n|\n|upkeep\n|turn|15\n|\n|t:|1781385089\n|move|p2a: Ribombee|Sticky Web|p1a: Trevenant\n|-sidestart|p1: DiamondIyes|move: Sticky Web\n|move|p1a: Trevenant|Poltergeist|p2a: Ribombee|[miss]\n|-miss|p1a: Trevenant|p2a: Ribombee\n|\n|upkeep\n|turn|16\n|\n|t:|1781385095\n|move|p2a: Ribombee|Moonblast|p1a: Trevenant\n|-damage|p1a: Trevenant|173/296\n|-unboost|p1a: Trevenant|spa|1\n|move|p1a: Trevenant|Poltergeist|p2a: Ribombee\n|-activate|p2a: Ribombee|move: Poltergeist|Heavy-Duty Boots\n|-damage|p2a: Ribombee|5/235\n|-damage|p1a: Trevenant|144/296|[from] item: Life Orb\n|\n|upkeep\n|turn|17\n|\n|t:|1781385105\n|move|p2a: Ribombee|Moonblast|p1a: Trevenant\n|-damage|p1a: Trevenant|51/296\n|move|p1a: Trevenant|Drain Punch|p2a: Ribombee\n|-resisted|p2a: Ribombee\n|-damage|p2a: Ribombee|0 fnt\n|-heal|p1a: Trevenant|54/296|[from] drain|[of] p2a: Ribombee\n|faint|p2a: Ribombee\n|-damage|p1a: Trevenant|25/296|[from] item: Life Orb\n|\n|upkeep\n|\n|t:|1781385112\n|switch|p2a: Sceptile|Sceptile, L87, F|192/264\n|-damage|p2a: Sceptile|159/264|[from] Stealth Rock\n|turn|18\n|\n|t:|1781385133\n|move|p2a: Sceptile|Giga Drain|p1a: Trevenant\n|-resisted|p1a: Trevenant\n|-damage|p1a: Trevenant|0 fnt\n|-heal|p2a: Sceptile|172/264|[from] drain|[of] p1a: Trevenant\n|faint|p1a: Trevenant\n|\n|-heal|p2a: Sceptile|188/264|[from] item: Leftovers\n|upkeep\n|\n|t:|1781385137\n|switch|p1a: Passimian|Passimian, L83, M|302/302\n|-activate|p1a: Passimian|move: Sticky Web\n|-unboost|p1a: Passimian|spe|1\n|-ability|p1a: Passimian|Defiant|boost\n|-boost|p1a: Passimian|atk|2\n|turn|19\n|\n|t:|1781385142\n|move|p2a: Sceptile|Substitute|p2a: Sceptile\n|-start|p2a: Sceptile|Substitute\n|-damage|p2a: Sceptile|122/264\n|move|p1a: Passimian|Gunk Shot|p2a: Sceptile\n|-supereffective|p2a: Sceptile\n|-end|p2a: Sceptile|Substitute\n|\n|-heal|p2a: Sceptile|138/264|[from] item: Leftovers\n|upkeep\n|turn|20\n|\n|t:|1781385162\n|move|p2a: Sceptile|Substitute|p2a: Sceptile\n|-start|p2a: Sceptile|Substitute\n|-damage|p2a: Sceptile|72/264\n|move|p1a: Passimian|Drain Punch|p2a: Sceptile\n|-end|p2a: Sceptile|Substitute\n|\n|-heal|p2a: Sceptile|88/264|[from] item: Leftovers\n|upkeep\n|turn|21\n|\n|t:|1781385169\n|move|p2a: Sceptile|Substitute|p2a: Sceptile\n|-start|p2a: Sceptile|Substitute\n|-damage|p2a: Sceptile|22/264\n|move|p1a: Passimian|Drain Punch|p2a: Sceptile\n|-crit|p2a: Sceptile\n|-end|p2a: Sceptile|Substitute\n|\n|-heal|p2a: Sceptile|38/264|[from] item: Leftovers\n|upkeep\n|turn|22\n|\n|t:|1781385174\n|move|p2a: Sceptile|Giga Drain|p1a: Passimian\n|-damage|p1a: Passimian|113/302\n|-heal|p2a: Sceptile|133/264|[from] drain|[of] p1a: Passimian\n|move|p1a: Passimian|Drain Punch|p2a: Sceptile\n|-damage|p2a: Sceptile|0 fnt\n|-heal|p1a: Passimian|180/302|[from] drain|[of] p2a: Sceptile\n|faint|p2a: Sceptile\n|\n|-heal|p1a: Passimian|198/302|[from] item: Leftovers\n|upkeep\n|\n|t:|1781385179\n|switch|p2a: Carbink|Carbink, L90|236/236\n|-damage|p2a: Carbink|207/236|[from] Stealth Rock\n|turn|23\n|\n|t:|1781385185\n|move|p2a: Carbink|Iron Defense|p2a: Carbink\n|-boost|p2a: Carbink|def|2\n|move|p1a: Passimian|Drain Punch|p2a: Carbink\n|-damage|p2a: Carbink|147/236\n|-heal|p1a: Passimian|228/302|[from] drain|[of] p2a: Carbink\n|\n|-heal|p1a: Passimian|246/302|[from] item: Leftovers\n|upkeep\n|turn|24\n|\n|t:|1781385192\n|switch|p1a: Rotom|Rotom, L88|231/231\n|move|p2a: Carbink|Body Press|p1a: Rotom\n|-immune|p1a: Rotom\n|\n|upkeep\n|turn|25\n|\n|t:|1781385198\n|move|p1a: Rotom|Thunderbolt|p2a: Carbink\n|-damage|p2a: Carbink|72/236\n|-damage|p1a: Rotom|208/231|[from] item: Life Orb\n|move|p2a: Carbink|Moonblast|p1a: Rotom\n|-damage|p1a: Rotom|132/231\n|-unboost|p1a: Rotom|spa|1\n|\n|upkeep\n|turn|26\n|\n|t:|1781385204\n|move|p1a: Rotom|Thunderbolt|p2a: Carbink\n|-damage|p2a: Carbink|17/236\n|-damage|p1a: Rotom|109/231|[from] item: Life Orb\n|move|p2a: Carbink|Rest|p2a: Carbink\n|-status|p2a: Carbink|slp|[from] move: Rest\n|-heal|p2a: Carbink|236/236 slp|[silent]\n|-enditem|p2a: Carbink|Chesto Berry|[eat]\n|-curestatus|p2a: Carbink|slp|[msg]\n|\n|upkeep\n|turn|27\n|\n|t:|1781385208\n|switch|p2a: Pikachu|Pikachu-Hoenn, L93, F|216/216\n|-damage|p2a: Pikachu|189/216|[from] Stealth Rock\n|move|p1a: Rotom|Will-O-Wisp|p2a: Pikachu\n|-status|p2a: Pikachu|brn\n|\n|-damage|p2a: Pikachu|176/216 brn|[from] brn\n|upkeep\n|turn|28\n|\n|t:|1781385214\n|switch|p1a: Donphan|Donphan, L84, F|288/288\n|-activate|p1a: Donphan|move: Sticky Web\n|-unboost|p1a: Donphan|spe|1\n|move|p2a: Pikachu|Surf|p1a: Donphan\n|-supereffective|p1a: Donphan\n|-damage|p1a: Donphan|34/288\n|\n|-heal|p1a: Donphan|52/288|[from] item: Leftovers\n|-damage|p2a: Pikachu|163/216 brn|[from] brn\n|upkeep\n|turn|29\n|\n|t:|1781385218\n|move|p2a: Pikachu|Surf|p1a: Donphan\n|-supereffective|p1a: Donphan\n|-damage|p1a: Donphan|0 fnt\n|faint|p1a: Donphan\n|\n|-damage|p2a: Pikachu|150/216 brn|[from] brn\n|upkeep\n|\n|t:|1781385223\n|switch|p1a: Archaludon|Archaludon, L78, M|62/268\n|-activate|p1a: Archaludon|move: Sticky Web\n|-unboost|p1a: Archaludon|spe|1\n|turn|30\n|\n|t:|1781385238\n|-terastallize|p2a: Pikachu|Water\n|move|p2a: Pikachu|Surf|p1a: Archaludon\n|-resisted|p1a: Archaludon\n|-damage|p1a: Archaludon|0 fnt\n|faint|p1a: Archaludon\n|\n|-damage|p2a: Pikachu|137/216 brn|[from] brn\n|upkeep\n|\n|t:|1781385248\n|switch|p1a: Slowking|Slowking, L88, M|204/310\n|-activate|p1a: Slowking|move: Sticky Web\n|-unboost|p1a: Slowking|spe|1\n|turn|31\n|\n|t:|1781385254\n|-terastallize|p1a: Slowking|Dragon\n|move|p2a: Pikachu|Volt Switch|p1a: Slowking\n|-resisted|p1a: Slowking\n|-damage|p1a: Slowking|159/310\n|\n|t:|1781385257\n|switch|p2a: Carbink|Carbink, L90|236/236|[from] Volt Switch\n|-damage|p2a: Carbink|207/236|[from] Stealth Rock\n|move|p1a: Slowking|Future Sight|p2a: Carbink\n|-start|p1a: Slowking|move: Future Sight\n|\n|upkeep\n|turn|32\n|\n|t:|1781385261\n|move|p2a: Carbink|Moonblast|p1a: Slowking\n|-supereffective|p1a: Slowking\n|-damage|p1a: Slowking|51/310\n|move|p1a: Slowking|Scald|p2a: Carbink\n|-supereffective|p2a: Carbink\n|-damage|p2a: Carbink|85/236\n|\n|upkeep\n|turn|33\n|\n|t:|1781385269\n|switch|p1a: Rotom|Rotom, L88|109/231\n|move|p2a: Carbink|Moonblast|p1a: Rotom\n|-damage|p1a: Rotom|36/231\n|\n|-end|p2a: Carbink|move: Future Sight\n|-damage|p2a: Carbink|0 fnt\n|faint|p2a: Carbink\n|upkeep\n|\n|t:|1781385272\n|switch|p2a: Pikachu|Pikachu-Hoenn, L93, F, tera:Water|137/216 brn\n|-damage|p2a: Pikachu|110/216 brn|[from] Stealth Rock\n|turn|34\n|\n|t:|1781385277\n|move|p2a: Pikachu|Surf|p1a: Rotom\n|-damage|p1a: Rotom|0 fnt\n|faint|p1a: Rotom\n|\n|-damage|p2a: Pikachu|97/216 brn|[from] brn\n|upkeep\n|\n|t:|1781385279\n|switch|p1a: Passimian|Passimian, L83, M|246/302\n|-activate|p1a: Passimian|move: Sticky Web\n|-unboost|p1a: Passimian|spe|1\n|-ability|p1a: Passimian|Defiant|boost\n|-boost|p1a: Passimian|atk|2\n|turn|35\n|\n|t:|1781385282\n|move|p2a: Pikachu|Surf|p1a: Passimian\n|-damage|p1a: Passimian|47/302\n|move|p1a: Passimian|Drain Punch|p2a: Pikachu\n|-damage|p2a: Pikachu|0 fnt\n|-heal|p1a: Passimian|96/302|[from] drain|[of] p2a: Pikachu\n|faint|p2a: Pikachu\n|\n|win|DiamondIyes\n", "uploadtime": 1781384908, "views": 7, "formatid": "gen9randombattle", "rating": null, "private": 0, "password": null}