{"id": "gen9randombattle-2631761100", "format": "[Gen 9] Random Battle", "players": ["vBasket", "Flappell Roan"], "log": "|j|\u2606vBasket\n|j|\u2606Flappell Roan\n|t:|1781435425\n|gametype|singles\n|player|p1|vBasket|pokemaniac|1983\n|player|p2|Flappell Roan|skyla|2003\n|gen|9\n|tier|[Gen 9] Random Battle\n|rated|\n|rule|Species Clause: Limit one of each Pok\u00e9mon\n|rule|HP Percentage Mod: HP is shown in percentages\n|rule|Sleep Clause Mod: Limit one foe put to sleep\n|rule|Illusion Level Mod: Illusion disguises the Pok\u00e9mon's true level\n|\n|t:|1781435425\n|teamsize|p1|6\n|teamsize|p2|6\n|start\n|switch|p1a: Rayquaza|Rayquaza, L72|270/270\n|switch|p2a: Palkia|Palkia, L75|259/259\n|-ability|p2a: Palkia|Pressure\n|-ability|p1a: Rayquaza|Air Lock\n|turn|1\n|inactive|Battle timer is ON: inactive players will automatically lose when time's up. (requested by vBasket)\n|\n|t:|1781435439\n|switch|p1a: Copperajah|Copperajah, L86, M|350/350\n|move|p2a: Palkia|Draco Meteor|p1a: Copperajah\n|-resisted|p1a: Copperajah\n|-damage|p1a: Copperajah|230/350\n|-unboost|p2a: Palkia|spa|2\n|\n|upkeep\n|turn|2\n|\n|t:|1781435455\n|switch|p2a: Samurott|Samurott-Hisui, L77, M|265/265\n|move|p1a: Copperajah|Iron Head|p2a: Samurott\n|-resisted|p2a: Samurott\n|-damage|p2a: Samurott|158/265\n|\n|upkeep\n|turn|3\n|\n|t:|1781435463\n|move|p2a: Samurott|Ceaseless Edge|p1a: Copperajah\n|-damage|p1a: Copperajah|86/350\n|-sidestart|p1: vBasket|Spikes\n|-damage|p2a: Samurott|132/265|[from] item: Life Orb\n|move|p1a: Copperajah|Play Rough|p2a: Samurott\n|-supereffective|p2a: Samurott\n|-crit|p2a: Samurott\n|-damage|p2a: Samurott|0 fnt\n|faint|p2a: Samurott\n|\n|upkeep\n|\n|t:|1781435478\n|switch|p2a: Palkia|Palkia, L75|259/259\n|-ability|p2a: Palkia|Pressure\n|turn|4\n|\n|t:|1781435482\n|move|p2a: Palkia|Fire Blast|p1a: Copperajah\n|-supereffective|p1a: Copperajah\n|-damage|p1a: Copperajah|0 fnt\n|faint|p1a: Copperajah\n|\n|upkeep\n|\n|t:|1781435484\n|switch|p1a: Cyclizar|Cyclizar, L83, M|252/252\n|turn|5\n|\n|t:|1781435493\n|move|p1a: Cyclizar|Shed Tail|p1a: Cyclizar\n|-start|p1a: Cyclizar|Substitute|[from] move: Shed Tail\n|-damage|p1a: Cyclizar|126/252\n|\n|t:|1781435502\n|switch|p1a: Galvantula|Galvantula, L82, F|249/249|[from] Shed Tail\n|move|p2a: Palkia|Draco Meteor|p1a: Galvantula\n|-end|p1a: Galvantula|Substitute\n|-unboost|p2a: Palkia|spa|2\n|\n|upkeep\n|turn|6\n|\n|t:|1781435514\n|switch|p2a: Salazzle|Salazzle, L83, F|249/249\n|move|p1a: Galvantula|Sticky Web|p2a: Salazzle\n|-sidestart|p2: Flappell Roan|move: Sticky Web\n|\n|upkeep\n|turn|7\n|\n|t:|1781435521\n|move|p2a: Salazzle|Flamethrower|p1a: Galvantula\n|-supereffective|p1a: Galvantula\n|-damage|p1a: Galvantula|0 fnt\n|faint|p1a: Galvantula\n|\n|upkeep\n|\n|t:|1781435530\n|switch|p1a: Cyclizar|Cyclizar, L83, M|210/252\n|turn|8\n|\n|t:|1781435535\n|move|p1a: Cyclizar|Knock Off|p2a: Salazzle\n|-damage|p2a: Salazzle|153/249\n|-enditem|p2a: Salazzle|Leftovers|[from] move: Knock Off|[of] p1a: Cyclizar\n|move|p2a: Salazzle|Substitute|p2a: Salazzle\n|-start|p2a: Salazzle|Substitute\n|-damage|p2a: Salazzle|91/249\n|\n|upkeep\n|turn|9\n|\n|t:|1781435542\n|move|p1a: Cyclizar|Shed Tail|p1a: Cyclizar\n|-start|p1a: Cyclizar|Substitute|[from] move: Shed Tail\n|-damage|p1a: Cyclizar|84/252\n|\n|t:|1781435545\n|switch|p1a: Rayquaza|Rayquaza, L72|270/270|[from] Shed Tail\n|-ability|p1a: Rayquaza|Air Lock\n|move|p2a: Salazzle|Flamethrower|p1a: Rayquaza\n|-resisted|p1a: Rayquaza\n|-end|p1a: Rayquaza|Substitute\n|\n|upkeep\n|turn|10\n|\n|t:|1781435564\n|move|p2a: Salazzle|Toxic|p1a: Rayquaza\n|-status|p1a: Rayquaza|tox\n|move|p1a: Rayquaza|Earthquake|p2a: Salazzle\n|-supereffective|p2a: Salazzle\n|-end|p2a: Salazzle|Substitute\n|\n|-damage|p1a: Rayquaza|254/270 tox|[from] psn\n|upkeep\n|turn|11\n|\n|t:|1781435573\n|move|p2a: Salazzle|Substitute|p2a: Salazzle\n|-start|p2a: Salazzle|Substitute\n|-damage|p2a: Salazzle|29/249\n|move|p1a: Rayquaza|Dragon Dance|p1a: Rayquaza\n|-boost|p1a: Rayquaza|atk|1\n|-boost|p1a: Rayquaza|spe|1\n|\n|-damage|p1a: Rayquaza|222/270 tox|[from] psn\n|upkeep\n|turn|12\n|\n|t:|1781435582\n|move|p2a: Salazzle|Protect|p2a: Salazzle\n|-singleturn|p2a: Salazzle|Protect\n|move|p1a: Rayquaza|Earthquake|p2a: Salazzle\n|-activate|p2a: Salazzle|move: Protect\n|\n|-damage|p1a: Rayquaza|174/270 tox|[from] psn\n|upkeep\n|turn|13\n|\n|t:|1781435591\n|move|p1a: Rayquaza|Earthquake|p2a: Salazzle\n|-supereffective|p2a: Salazzle\n|-end|p2a: Salazzle|Substitute\n|move|p2a: Salazzle|Flamethrower|p1a: Rayquaza\n|-resisted|p1a: Rayquaza\n|-damage|p1a: Rayquaza|110/270 tox\n|\n|-damage|p1a: Rayquaza|46/270 tox|[from] psn\n|upkeep\n|turn|14\n|\n|t:|1781435600\n|switch|p1a: Cyclizar|Cyclizar, L83, M|168/252\n|move|p2a: Salazzle|Protect||[still]\n|-fail|p2a: Salazzle\n|\n|upkeep\n|turn|15\n|\n|t:|1781435607\n|move|p1a: Cyclizar|Knock Off|p2a: Salazzle\n|-damage|p2a: Salazzle|0 fnt\n|faint|p2a: Salazzle\n|\n|upkeep\n|\n|t:|1781435615\n|switch|p2a: Whimsicott|Whimsicott, L84, F|238/238\n|-activate|p2a: Whimsicott|move: Sticky Web\n|-unboost|p2a: Whimsicott|spe|1\n|turn|16\n|\n|t:|1781435621\n|switch|p1a: Rotom|Rotom, L88|231/231\n|move|p2a: Whimsicott|Moonblast|p1a: Rotom\n|-damage|p1a: Rotom|137/231\n|-unboost|p1a: Rotom|spa|1\n|\n|upkeep\n|turn|17\n|\n|t:|1781435632\n|switch|p2a: Raichu|Raichu, L88, F|249/249\n|-activate|p2a: Raichu|move: Sticky Web\n|-unboost|p2a: Raichu|spe|1\n|move|p1a: Rotom|Will-O-Wisp|p2a: Raichu\n|-status|p2a: Raichu|brn\n|\n|-damage|p2a: Raichu|234/249 brn|[from] brn\n|upkeep\n|turn|18\n|\n|t:|1781435644\n|move|p1a: Rotom|Nasty Plot|p1a: Rotom\n|-boost|p1a: Rotom|spa|2\n|move|p2a: Raichu|Thunderbolt|p1a: Rotom\n|-resisted|p1a: Rotom\n|-damage|p1a: Rotom|66/231\n|-damage|p2a: Raichu|210/249 brn|[from] item: Life Orb\n|\n|-damage|p2a: Raichu|195/249 brn|[from] brn\n|upkeep\n|turn|19\n|\n|t:|1781435654\n|move|p1a: Rotom|Shadow Ball|p2a: Raichu\n|-damage|p2a: Raichu|7/249 brn\n|-unboost|p2a: Raichu|spd|1\n|-damage|p1a: Rotom|43/231|[from] item: Life Orb\n|move|p2a: Raichu|Thunderbolt|p1a: Rotom\n|-resisted|p1a: Rotom\n|-damage|p1a: Rotom|0 fnt\n|faint|p1a: Rotom\n|-damage|p2a: Raichu|0 fnt|[from] item: Life Orb\n|faint|p2a: Raichu\n|\n|upkeep\n|\n|t:|1781435671\n|switch|p2a: Whimsicott|Whimsicott, L84, F|238/238\n|switch|p1a: Annihilape|Annihilape, L76, F|292/292\n|-activate|p2a: Whimsicott|move: Sticky Web\n|-unboost|p2a: Whimsicott|spe|1\n|-damage|p1a: Annihilape|256/292|[from] Spikes\n|turn|20\n|\n|t:|1781435680\n|-terastallize|p1a: Annihilape|Steel\n|move|p2a: Whimsicott|Stun Spore|p1a: Annihilape\n|-status|p1a: Annihilape|par\n|move|p1a: Annihilape|Taunt|p2a: Whimsicott\n|-start|p2a: Whimsicott|move: Taunt\n|\n|-heal|p1a: Annihilape|274/292 par|[from] item: Leftovers\n|upkeep\n|turn|21\n|\n|t:|1781435691\n|switch|p2a: Palkia|Palkia, L75|259/259\n|-activate|p2a: Palkia|move: Sticky Web\n|-unboost|p2a: Palkia|spe|1\n|-ability|p2a: Palkia|Pressure\n|move|p1a: Annihilape|Bulk Up|p1a: Annihilape\n|-boost|p1a: Annihilape|atk|1\n|-boost|p1a: Annihilape|def|1\n|\n|-heal|p1a: Annihilape|292/292 par|[from] item: Leftovers\n|upkeep\n|turn|22\n|\n|t:|1781435704\n|-terastallize|p2a: Palkia|Fire\n|move|p2a: Palkia|Fire Blast|p1a: Annihilape\n|-supereffective|p1a: Annihilape\n|-damage|p1a: Annihilape|0 fnt\n|faint|p1a: Annihilape\n|\n|upkeep\n|\n|t:|1781435709\n|switch|p1a: Rayquaza|Rayquaza, L72|46/270 tox\n|-ability|p1a: Rayquaza|Air Lock\n|turn|23\n|\n|t:|1781435718\n|move|p1a: Rayquaza|Dragon Ascent|p2a: Palkia\n|-damage|p2a: Palkia|121/259\n|-unboost|p1a: Rayquaza|def|1\n|-unboost|p1a: Rayquaza|spd|1\n|move|p2a: Palkia|Fire Blast|p1a: Rayquaza\n|-resisted|p1a: Rayquaza\n|-damage|p1a: Rayquaza|0 fnt\n|faint|p1a: Rayquaza\n|\n|upkeep\n|\n|t:|1781435721\n|switch|p1a: Cyclizar|Cyclizar, L83, M|252/252\n|turn|24\n|-message|vBasket forfeited.\n|\n|win|Flappell Roan\n", "uploadtime": 1781435427, "views": 6, "formatid": "gen9randombattle", "rating": null, "private": 0, "password": null}