{"id": "gen9randombattle-2631648336", "format": "[Gen 9] Random Battle", "players": ["manuehhhh", "Jenome"], "log": "|j|\u2606manuehhhh\n|j|\u2606Jenome\n|t:|1781414591\n|gametype|singles\n|player|p1|manuehhhh|169|1546\n|player|p2|Jenome|gentleman-gen4|1562\n|gen|9\n|tier|[Gen 9] Random Battle\n|rated|\n|rule|Species Clause: Limit one of each Pok\u00e9mon\n|rule|HP Percentage Mod: HP is shown in percentages\n|rule|Sleep Clause Mod: Limit one foe put to sleep\n|rule|Illusion Level Mod: Illusion disguises the Pok\u00e9mon's true level\n|\n|t:|1781414591\n|teamsize|p1|6\n|teamsize|p2|6\n|start\n|switch|p1a: Forretress|Forretress, L84, M|263/263\n|switch|p2a: Garchomp|Garchomp, L74, M|282/282\n|turn|1\n|\n|t:|1781414601\n|move|p2a: Garchomp|Swords Dance|p2a: Garchomp\n|-boost|p2a: Garchomp|atk|2\n|move|p1a: Forretress|Stealth Rock|p2a: Garchomp\n|-sidestart|p2: Jenome|move: Stealth Rock\n|\n|upkeep\n|turn|2\n|inactive|Battle timer is ON: inactive players will automatically lose when time's up. (requested by Jenome)\n|\n|t:|1781414609\n|switch|p1a: Iron Valiant|Iron Valiant, L78|244/244\n|move|p2a: Garchomp|Scale Shot|p1a: Iron Valiant\n|-immune|p1a: Iron Valiant\n|\n|upkeep\n|turn|3\n|\n|t:|1781414622\n|switch|p2a: Magearna|Magearna, L77|250/250\n|-damage|p2a: Magearna|235/250|[from] Stealth Rock\n|move|p1a: Iron Valiant|Moonblast|p2a: Magearna\n|-resisted|p2a: Magearna\n|-crit|p2a: Magearna\n|-damage|p2a: Magearna|149/250\n|-damage|p1a: Iron Valiant|220/244|[from] item: Life Orb\n|\n|-heal|p2a: Magearna|164/250|[from] item: Leftovers\n|upkeep\n|turn|4\n|\n|t:|1781414633\n|-end|p1a: Iron Valiant|Quark Drive|[silent]\n|switch|p1a: Forretress|Forretress, L84, M|263/263\n|move|p2a: Magearna|Flash Cannon|p1a: Forretress\n|-resisted|p1a: Forretress\n|-damage|p1a: Forretress|209/263\n|-unboost|p1a: Forretress|spd|1\n|\n|-heal|p2a: Magearna|179/250|[from] item: Leftovers\n|-heal|p1a: Forretress|225/263|[from] item: Leftovers\n|upkeep\n|turn|5\n|\n|t:|1781414637\n|move|p2a: Magearna|Spikes|p1a: Forretress\n|-sidestart|p1: manuehhhh|Spikes\n|move|p1a: Forretress|Spikes|p2a: Magearna\n|-sidestart|p2: Jenome|Spikes\n|\n|-heal|p2a: Magearna|194/250|[from] item: Leftovers\n|-heal|p1a: Forretress|241/263|[from] item: Leftovers\n|upkeep\n|turn|6\n|\n|t:|1781414643\n|move|p2a: Magearna|Spikes|p1a: Forretress\n|-sidestart|p1: manuehhhh|Spikes\n|move|p1a: Forretress|Spikes|p2a: Magearna\n|-sidestart|p2: Jenome|Spikes\n|\n|-heal|p2a: Magearna|209/250|[from] item: Leftovers\n|-heal|p1a: Forretress|257/263|[from] item: Leftovers\n|upkeep\n|turn|7\n|\n|t:|1781414649\n|move|p2a: Magearna|Spikes|p1a: Forretress\n|-sidestart|p1: manuehhhh|Spikes\n|move|p1a: Forretress|Spikes|p2a: Magearna\n|-sidestart|p2: Jenome|Spikes\n|\n|-heal|p2a: Magearna|224/250|[from] item: Leftovers\n|-heal|p1a: Forretress|263/263|[from] item: Leftovers\n|upkeep\n|turn|8\n|\n|t:|1781414659\n|move|p2a: Magearna|Aura Sphere|p1a: Forretress\n|-damage|p1a: Forretress|135/263\n|move|p1a: Forretress|Iron Head|p2a: Magearna\n|-damage|p2a: Magearna|146/250\n|\n|-heal|p2a: Magearna|161/250|[from] item: Leftovers\n|-heal|p1a: Forretress|151/263|[from] item: Leftovers\n|upkeep\n|turn|9\n|\n|t:|1781414664\n|move|p2a: Magearna|Aura Sphere|p1a: Forretress\n|-damage|p1a: Forretress|31/263\n|move|p1a: Forretress|Iron Head|p2a: Magearna\n|-damage|p2a: Magearna|89/250\n|\n|-heal|p2a: Magearna|104/250|[from] item: Leftovers\n|-heal|p1a: Forretress|47/263|[from] item: Leftovers\n|upkeep\n|turn|10\n|\n|t:|1781414667\n|move|p2a: Magearna|Aura Sphere|p1a: Forretress\n|-damage|p1a: Forretress|0 fnt\n|faint|p1a: Forretress\n|-ability|p2a: Magearna|Soul-Heart|boost\n|-boost|p2a: Magearna|spa|1\n|\n|-heal|p2a: Magearna|119/250|[from] item: Leftovers\n|upkeep\n|\n|t:|1781414677\n|switch|p1a: Cyclizar|Cyclizar, L83, F|252/252\n|turn|11\n|\n|t:|1781414692\n|move|p1a: Cyclizar|Rapid Spin|p2a: Magearna\n|-resisted|p2a: Magearna\n|-damage|p2a: Magearna|95/250\n|-boost|p1a: Cyclizar|spe|1\n|-sideend|p1: manuehhhh|Spikes|[from] move: Rapid Spin|[of] p1a: Cyclizar\n|move|p2a: Magearna|Aura Sphere|p1a: Cyclizar\n|-supereffective|p1a: Cyclizar\n|-damage|p1a: Cyclizar|40/252\n|\n|-heal|p2a: Magearna|110/250|[from] item: Leftovers\n|upkeep\n|turn|12\n|\n|t:|1781414697\n|move|p1a: Cyclizar|Knock Off|p2a: Magearna\n|-resisted|p2a: Magearna\n|-damage|p2a: Magearna|82/250\n|-enditem|p2a: Magearna|Leftovers|[from] move: Knock Off|[of] p1a: Cyclizar\n|move|p2a: Magearna|Aura Sphere|p1a: Cyclizar\n|-supereffective|p1a: Cyclizar\n|-damage|p1a: Cyclizar|0 fnt\n|faint|p1a: Cyclizar\n|-ability|p2a: Magearna|Soul-Heart|boost\n|-boost|p2a: Magearna|spa|1\n|\n|upkeep\n|\n|t:|1781414699\n|switch|p1a: Typhlosion|Typhlosion, L84, F|267/267\n|turn|13\n|\n|t:|1781414710\n|move|p1a: Typhlosion|Eruption|p2a: Magearna\n|-supereffective|p2a: Magearna\n|-damage|p2a: Magearna|0 fnt\n|faint|p2a: Magearna\n|\n|upkeep\n|\n|t:|1781414717\n|switch|p2a: Ursaring|Ursaring, L84, M|288/288\n|-damage|p2a: Ursaring|252/288|[from] Stealth Rock\n|-damage|p2a: Ursaring|180/288|[from] Spikes\n|turn|14\n|\n|t:|1781414723\n|switch|p1a: Vikavolt|Vikavolt, L83, F|263/263\n|move|p2a: Ursaring|Earthquake|p1a: Vikavolt\n|-immune|p1a: Vikavolt|[from] ability: Levitate\n|\n|upkeep\n|turn|15\n|\n|t:|1781414726\n|switch|p2a: Excadrill|Excadrill, L79, M|303/303\n|-damage|p2a: Excadrill|294/303|[from] Stealth Rock\n|-damage|p2a: Excadrill|219/303|[from] Spikes\n|-ability|p2a: Excadrill|Mold Breaker\n|move|p1a: Vikavolt|Sticky Web|p2a: Excadrill\n|-sidestart|p2: Jenome|move: Sticky Web\n|\n|-heal|p2a: Excadrill|237/303|[from] item: Leftovers\n|upkeep\n|turn|16\n|\n|t:|1781414734\n|move|p2a: Excadrill|Rapid Spin|p1a: Vikavolt\n|-damage|p1a: Vikavolt|225/263\n|-boost|p2a: Excadrill|spe|1\n|-sideend|p2: Jenome|Spikes|[from] move: Rapid Spin|[of] p2a: Excadrill\n|-sideend|p2: Jenome|Stealth Rock|[from] move: Rapid Spin|[of] p2a: Excadrill\n|-sideend|p2: Jenome|Sticky Web|[from] move: Rapid Spin|[of] p2a: Excadrill\n|move|p1a: Vikavolt|Energy Ball|p2a: Excadrill\n|-damage|p2a: Excadrill|123/303\n|\n|-heal|p2a: Excadrill|141/303|[from] item: Leftovers\n|upkeep\n|turn|17\n|\n|t:|1781414742\n|move|p2a: Excadrill|Earthquake|p1a: Vikavolt\n|-damage|p1a: Vikavolt|111/263\n|move|p1a: Vikavolt|Energy Ball|p2a: Excadrill\n|-damage|p2a: Excadrill|35/303\n|\n|-heal|p2a: Excadrill|53/303|[from] item: Leftovers\n|upkeep\n|turn|18\n|\n|t:|1781414745\n|move|p2a: Excadrill|Earthquake|p1a: Vikavolt\n|-damage|p1a: Vikavolt|0 fnt\n|faint|p1a: Vikavolt\n|\n|-heal|p2a: Excadrill|71/303|[from] item: Leftovers\n|upkeep\n|\n|t:|1781414749\n|switch|p1a: Vileplume|Vileplume, L85, F|266/266\n|turn|19\n|\n|t:|1781414755\n|switch|p2a: Ursaring|Ursaring, L84, M|180/288\n|move|p1a: Vileplume|Sleep Powder|p2a: Ursaring\n|-status|p2a: Ursaring|slp|[from] move: Sleep Powder\n|\n|upkeep\n|turn|20\n|\n|t:|1781414759\n|switch|p1a: Iron Valiant|Iron Valiant, L78|220/244\n|cant|p2a: Ursaring|slp\n|move|p2a: Ursaring|Sleep Talk|p2a: Ursaring\n|move|p2a: Ursaring|Earthquake|p1a: Iron Valiant|[from] move: Sleep Talk\n|-damage|p1a: Iron Valiant|67/244\n|\n|upkeep\n|turn|21\n|\n|t:|1781414769\n|move|p1a: Iron Valiant|Close Combat|p2a: Ursaring\n|-supereffective|p2a: Ursaring\n|-damage|p2a: Ursaring|0 fnt\n|-unboost|p1a: Iron Valiant|def|1\n|-unboost|p1a: Iron Valiant|spd|1\n|faint|p2a: Ursaring\n|-damage|p1a: Iron Valiant|43/244|[from] item: Life Orb\n|\n|upkeep\n|\n|t:|1781414772\n|switch|p2a: Leafeon|Leafeon, L88, F|258/258\n|turn|22\n|\n|t:|1781414784\n|-end|p1a: Iron Valiant|Quark Drive|[silent]\n|switch|p1a: Vileplume|Vileplume, L85, F|266/266\n|move|p2a: Leafeon|Knock Off|p1a: Vileplume\n|-damage|p1a: Vileplume|184/266\n|-enditem|p1a: Vileplume|Leftovers|[from] move: Knock Off|[of] p2a: Leafeon\n|\n|upkeep\n|turn|23\n|\n|t:|1781414794\n|move|p2a: Leafeon|Substitute|p2a: Leafeon\n|-start|p2a: Leafeon|Substitute\n|-damage|p2a: Leafeon|194/258\n|move|p1a: Vileplume|Sludge Bomb|p2a: Leafeon\n|-supereffective|p2a: Leafeon\n|-crit|p2a: Leafeon\n|-end|p2a: Leafeon|Substitute\n|\n|-heal|p2a: Leafeon|210/258|[from] item: Leftovers\n|upkeep\n|turn|24\n|\n|t:|1781414805\n|switch|p2a: Garchomp|Garchomp, L74, M|282/282\n|move|p1a: Vileplume|Sludge Bomb|p2a: Garchomp\n|-resisted|p2a: Garchomp\n|-damage|p2a: Garchomp|222/282\n|\n|upkeep\n|turn|25\n|\n|t:|1781414821\n|switch|p2a: Excadrill|Excadrill, L79, M|71/303\n|-ability|p2a: Excadrill|Mold Breaker\n|move|p1a: Vileplume|Sleep Powder|p2a: Excadrill|[miss]\n|-miss|p1a: Vileplume|p2a: Excadrill\n|\n|-heal|p2a: Excadrill|89/303|[from] item: Leftovers\n|upkeep\n|turn|26\n|\n|t:|1781414826\n|move|p2a: Excadrill|Earthquake|p1a: Vileplume\n|-damage|p1a: Vileplume|69/266\n|move|p1a: Vileplume|Giga Drain|p2a: Excadrill\n|-damage|p2a: Excadrill|0 fnt\n|-heal|p1a: Vileplume|114/266|[from] drain|[of] p2a: Excadrill\n|faint|p2a: Excadrill\n|\n|upkeep\n|\n|t:|1781414830\n|switch|p2a: Garchomp|Garchomp, L74, M|222/282\n|turn|27\n|\n|t:|1781414836\n|move|p2a: Garchomp|Earthquake|p1a: Vileplume\n|-damage|p1a: Vileplume|14/266\n|move|p1a: Vileplume|Strength Sap|p2a: Garchomp\n|-unboost|p2a: Garchomp|atk|1\n|-heal|p1a: Vileplume|249/266\n|\n|upkeep\n|turn|28\n|\n|t:|1781414845\n|move|p2a: Garchomp|Swords Dance|p2a: Garchomp\n|-boost|p2a: Garchomp|atk|2\n|move|p1a: Vileplume|Sleep Powder|p2a: Garchomp\n|-status|p2a: Garchomp|slp|[from] move: Sleep Powder\n|\n|upkeep\n|turn|29\n|\n|t:|1781414848\n|switch|p1a: Iron Valiant|Iron Valiant, L78|43/244\n|cant|p2a: Garchomp|slp\n|\n|upkeep\n|turn|30\n|\n|t:|1781414856\n|switch|p2a: Leafeon|Leafeon, L88, F|210/258\n|move|p1a: Iron Valiant|Moonblast|p2a: Leafeon\n|-damage|p2a: Leafeon|49/258\n|-damage|p1a: Iron Valiant|19/244|[from] item: Life Orb\n|\n|-heal|p2a: Leafeon|65/258|[from] item: Leftovers\n|upkeep\n|turn|31\n|\n|t:|1781414861\n|-end|p1a: Iron Valiant|Quark Drive|[silent]\n|switch|p1a: Vileplume|Vileplume, L85, F|249/266\n|move|p2a: Leafeon|Knock Off|p1a: Vileplume\n|-damage|p1a: Vileplume|195/266\n|\n|-heal|p2a: Leafeon|81/258|[from] item: Leftovers\n|upkeep\n|turn|32\n|\n|t:|1781414870\n|switch|p2a: Garchomp|Garchomp, L74, M|222/282 slp\n|move|p1a: Vileplume|Sludge Bomb|p2a: Garchomp\n|-resisted|p2a: Garchomp\n|-damage|p2a: Garchomp|164/282 slp\n|\n|upkeep\n|turn|33\n|\n|t:|1781414876\n|cant|p2a: Garchomp|slp\n|move|p1a: Vileplume|Giga Drain|p2a: Garchomp\n|-crit|p2a: Garchomp\n|-damage|p2a: Garchomp|0 fnt\n|-heal|p1a: Vileplume|266/266|[from] drain|[of] p2a: Garchomp\n|faint|p2a: Garchomp\n|\n|upkeep\n|\n|t:|1781414883\n|switch|p2a: Florges|Florges, L85, F|271/271\n|turn|34\n|\n|t:|1781414889\n|move|p2a: Florges|Calm Mind|p2a: Florges\n|-boost|p2a: Florges|spa|1\n|-boost|p2a: Florges|spd|1\n|move|p1a: Vileplume|Sludge Bomb|p2a: Florges\n|-supereffective|p2a: Florges\n|-damage|p2a: Florges|181/271\n|\n|-heal|p2a: Florges|197/271|[from] item: Leftovers\n|upkeep\n|turn|35\n|\n|t:|1781414894\n|move|p2a: Florges|Calm Mind|p2a: Florges\n|-boost|p2a: Florges|spa|1\n|-boost|p2a: Florges|spd|1\n|move|p1a: Vileplume|Sleep Powder|p2a: Florges|[miss]\n|-miss|p1a: Vileplume|p2a: Florges\n|\n|-heal|p2a: Florges|213/271|[from] item: Leftovers\n|upkeep\n|turn|36\n|\n|t:|1781414905\n|move|p2a: Florges|Tera Blast|p1a: Vileplume\n|-damage|p1a: Vileplume|145/266\n|move|p1a: Vileplume|Sleep Powder|p2a: Florges|[miss]\n|-miss|p1a: Vileplume|p2a: Florges\n|\n|-heal|p2a: Florges|229/271|[from] item: Leftovers\n|upkeep\n|turn|37\n|\n|t:|1781414913\n|move|p2a: Florges|Tera Blast|p1a: Vileplume\n|-damage|p1a: Vileplume|14/266\n|move|p1a: Vileplume|Sleep Powder|p2a: Florges|[miss]\n|-miss|p1a: Vileplume|p2a: Florges\n|\n|-heal|p2a: Florges|245/271|[from] item: Leftovers\n|upkeep\n|turn|38\n|\n|t:|1781414916\n|move|p2a: Florges|Tera Blast|p1a: Vileplume\n|-damage|p1a: Vileplume|0 fnt\n|faint|p1a: Vileplume\n|\n|-heal|p2a: Florges|261/271|[from] item: Leftovers\n|upkeep\n|\n|t:|1781414922\n|switch|p1a: Typhlosion|Typhlosion, L84, F|267/267\n|turn|39\n|\n|t:|1781414929\n|-terastallize|p1a: Typhlosion|Fire\n|-terastallize|p2a: Florges|Ground\n|move|p1a: Typhlosion|Eruption|p2a: Florges\n|-damage|p2a: Florges|141/271\n|move|p2a: Florges|Tera Blast|p1a: Typhlosion|[anim] Tera Blast Ground\n|-supereffective|p1a: Typhlosion\n|-damage|p1a: Typhlosion|0 fnt\n|faint|p1a: Typhlosion\n|\n|-heal|p2a: Florges|157/271|[from] item: Leftovers\n|upkeep\n|\n|t:|1781414935\n|switch|p1a: Iron Valiant|Iron Valiant, L78|19/244\n|turn|40\n|\n|t:|1781414939\n|move|p1a: Iron Valiant|Close Combat|p2a: Florges\n|-damage|p2a: Florges|0 fnt\n|-unboost|p1a: Iron Valiant|def|1\n|-unboost|p1a: Iron Valiant|spd|1\n|faint|p2a: Florges\n|-damage|p1a: Iron Valiant|0 fnt|[from] item: Life Orb\n|faint|p1a: Iron Valiant\n|-end|p1a: Iron Valiant|Quark Drive|[silent]\n|\n|win|Jenome\n|raw|manuehhhh's rating: 1546 &rarr; <strong>1527</strong><br />(-19 for losing)\n|raw|Jenome's rating: 1562 &rarr; <strong>1581</strong><br />(+19 for winning)\n", "uploadtime": 1781414941, "views": 7, "formatid": "gen9randombattle", "rating": 1527, "private": 0, "password": null}