{"id": "gen9randombattle-2631726388", "format": "[Gen 9] Random Battle", "players": ["paddyd121", "titofer"], "log": "|j|\u2606paddyd121\n|j|\u2606titofer\n|t:|1781429345\n|gametype|singles\n|player|p1|paddyd121|ethan|1912\n|player|p2|titofer|266|2018\n|gen|9\n|tier|[Gen 9] Random Battle\n|rated|\n|rule|Species Clause: Limit one of each Pok\u00e9mon\n|rule|HP Percentage Mod: HP is shown in percentages\n|rule|Sleep Clause Mod: Limit one foe put to sleep\n|rule|Illusion Level Mod: Illusion disguises the Pok\u00e9mon's true level\n|\n|t:|1781429345\n|teamsize|p1|6\n|teamsize|p2|6\n|start\n|switch|p1a: Scream Tail|Scream Tail, L84|330/330\n|switch|p2a: Pecharunt|Pecharunt, L77|262/262\n|turn|1\n|l|\u2606titofer\n|player|p2|\n|inactive|Battle timer is ON: inactive players will automatically lose when time's up. (requested by paddyd121)\n|j|\u2606titofer\n|inactive|titofer reconnected and has 140 seconds left.\n|player|p2|titofer|266|\n|\n|t:|1781429374\n|-end|p1a: Scream Tail|Protosynthesis|[silent]\n|switch|p1a: Magcargo|Magcargo, L95, F|268/268\n|move|p2a: Pecharunt|Malignant Chain|p1a: Magcargo\n|-resisted|p1a: Magcargo\n|-damage|p1a: Magcargo|230/268\n|\n|upkeep\n|turn|2\n|inactiveoff|Battle timer is now OFF.\n|\n|t:|1781429383\n|move|p2a: Pecharunt|Malignant Chain|p1a: Magcargo\n|-resisted|p1a: Magcargo\n|-damage|p1a: Magcargo|188/268\n|-status|p1a: Magcargo|tox\n|-start|p1a: Magcargo|confusion|[from] ability: Poison Puppeteer|[of] p2a: Pecharunt\n|-activate|p1a: Magcargo|confusion\n|move|p1a: Magcargo|Yawn|p2a: Pecharunt\n|-start|p2a: Pecharunt|move: Yawn|[of] p1a: Magcargo\n|\n|-damage|p1a: Magcargo|172/268 tox|[from] psn\n|upkeep\n|turn|3\n|\n|t:|1781429393\n|switch|p2a: Poliwrath|Poliwrath, L88, F|302/302\n|-activate|p1a: Magcargo|confusion\n|move|p1a: Magcargo|Yawn|p2a: Poliwrath\n|-start|p2a: Poliwrath|move: Yawn|[of] p1a: Magcargo\n|\n|-damage|p1a: Magcargo|140/268 tox|[from] psn\n|upkeep\n|turn|4\n|\n|t:|1781429405\n|switch|p2a: Pecharunt|Pecharunt, L77|262/262\n|switch|p1a: Zekrom|Zekrom, L71|259/259\n|-ability|p1a: Zekrom|Teravolt\n|\n|upkeep\n|turn|5\n|\n|t:|1781429412\n|switch|p1a: Magcargo|Magcargo, L95, F|140/268 tox\n|move|p2a: Pecharunt|Malignant Chain|p1a: Magcargo\n|-resisted|p1a: Magcargo\n|-damage|p1a: Magcargo|101/268 tox\n|\n|-damage|p1a: Magcargo|85/268 tox|[from] psn\n|upkeep\n|turn|6\n|\n|t:|1781429417\n|move|p2a: Pecharunt|Shadow Ball|p1a: Magcargo\n|-damage|p1a: Magcargo|19/268 tox\n|-unboost|p1a: Magcargo|spd|1\n|move|p1a: Magcargo|Recover|p1a: Magcargo\n|-heal|p1a: Magcargo|153/268 tox\n|\n|-damage|p1a: Magcargo|121/268 tox|[from] psn\n|upkeep\n|turn|7\n|\n|t:|1781429423\n|switch|p1a: Indeedee|Indeedee-F, L90, F|272/272\n|-fieldstart|move: Psychic Terrain|[from] ability: Psychic Surge|[of] p1a: Indeedee\n|move|p2a: Pecharunt|Shadow Ball|p1a: Indeedee\n|-immune|p1a: Indeedee\n|\n|upkeep\n|turn|8\n|\n|t:|1781429432\n|-terastallize|p2a: Pecharunt|Dark\n|move|p1a: Indeedee|Psychic|p2a: Pecharunt\n|-immune|p2a: Pecharunt\n|move|p2a: Pecharunt|Malignant Chain|p1a: Indeedee\n|-damage|p1a: Indeedee|205/272\n|\n|upkeep\n|turn|9\n|\n|t:|1781429440\n|switch|p1a: Magcargo|Magcargo, L95, F|121/268 tox\n|move|p2a: Pecharunt|Malignant Chain|p1a: Magcargo\n|-resisted|p1a: Magcargo\n|-damage|p1a: Magcargo|79/268 tox\n|\n|-damage|p1a: Magcargo|63/268 tox|[from] psn\n|upkeep\n|turn|10\n|\n|t:|1781429449\n|move|p2a: Pecharunt|Shadow Ball|p1a: Magcargo\n|-damage|p1a: Magcargo|2/268 tox\n|move|p1a: Magcargo|Yawn|p2a: Pecharunt\n|-start|p2a: Pecharunt|move: Yawn|[of] p1a: Magcargo\n|\n|-damage|p1a: Magcargo|0 fnt|[from] psn\n|faint|p1a: Magcargo\n|upkeep\n|\n|t:|1781429455\n|switch|p1a: Zekrom|Zekrom, L71|259/259\n|-ability|p1a: Zekrom|Teravolt\n|turn|11\n|\n|t:|1781429459\n|switch|p2a: Sylveon|Sylveon, L85, F|300/300\n|move|p1a: Zekrom|Substitute|p1a: Zekrom\n|-start|p1a: Zekrom|Substitute\n|-damage|p1a: Zekrom|195/259\n|\n|-heal|p1a: Zekrom|211/259|[from] item: Leftovers\n|-fieldend|move: Psychic Terrain\n|upkeep\n|turn|12\n|\n|t:|1781429465\n|-terastallize|p1a: Zekrom|Steel\n|move|p1a: Zekrom|Dragon Dance|p1a: Zekrom\n|-boost|p1a: Zekrom|atk|1\n|-boost|p1a: Zekrom|spe|1\n|move|p2a: Sylveon|Hyper Voice|p1a: Zekrom\n|-resisted|p1a: Zekrom\n|-damage|p1a: Zekrom|137/259\n|\n|-heal|p1a: Zekrom|153/259|[from] item: Leftovers\n|upkeep\n|turn|13\n|\n|t:|1781429468\n|move|p1a: Zekrom|Dragon Dance|p1a: Zekrom\n|-boost|p1a: Zekrom|atk|1\n|-boost|p1a: Zekrom|spe|1\n|move|p2a: Sylveon|Hyper Voice|p1a: Zekrom\n|-resisted|p1a: Zekrom\n|-damage|p1a: Zekrom|81/259\n|\n|-heal|p1a: Zekrom|97/259|[from] item: Leftovers\n|upkeep\n|turn|14\n|\n|t:|1781429481\n|switch|p2a: Poliwrath|Poliwrath, L88, F|302/302\n|move|p1a: Zekrom|Bolt Strike|p2a: Poliwrath\n|-supereffective|p2a: Poliwrath\n|-damage|p2a: Poliwrath|0 fnt\n|faint|p2a: Poliwrath\n|\n|-heal|p1a: Zekrom|113/259|[from] item: Leftovers\n|upkeep\n|\n|t:|1781429486\n|switch|p2a: Dudunsparce|Dudunsparce-Three-Segment, L83, F|343/343\n|turn|15\n|\n|t:|1781429498\n|move|p1a: Zekrom|Dragon Dance|p1a: Zekrom\n|-boost|p1a: Zekrom|atk|1\n|-boost|p1a: Zekrom|spe|1\n|move|p2a: Dudunsparce|Earthquake|p1a: Zekrom\n|-supereffective|p1a: Zekrom\n|-end|p1a: Zekrom|Substitute\n|\n|-heal|p1a: Zekrom|129/259|[from] item: Leftovers\n|upkeep\n|turn|16\n|\n|t:|1781429502\n|move|p1a: Zekrom|Bolt Strike|p2a: Dudunsparce\n|-damage|p2a: Dudunsparce|0 fnt\n|faint|p2a: Dudunsparce\n|\n|-heal|p1a: Zekrom|145/259|[from] item: Leftovers\n|upkeep\n|\n|t:|1781429505\n|switch|p2a: Arceus|Arceus-Steel, L70|284/284\n|turn|17\n|\n|t:|1781429509\n|move|p1a: Zekrom|Bolt Strike|p2a: Arceus\n|-damage|p2a: Arceus|0 fnt\n|faint|p2a: Arceus\n|\n|-heal|p1a: Zekrom|161/259|[from] item: Leftovers\n|upkeep\n|\n|t:|1781429512\n|switch|p2a: Chandelure|Chandelure, L83, F|235/235\n|turn|18\n|\n|t:|1781429516\n|move|p1a: Zekrom|Bolt Strike|p2a: Chandelure\n|-damage|p2a: Chandelure|0 fnt\n|faint|p2a: Chandelure\n|\n|-heal|p1a: Zekrom|177/259|[from] item: Leftovers\n|upkeep\n|-message|titofer forfeited.\n|\n|win|paddyd121\n", "uploadtime": 1781429347, "views": 5, "formatid": "gen9randombattle", "rating": null, "private": 0, "password": null}