{"id": "gen9randombattle-2631788551", "format": "[Gen 9] Random Battle", "players": ["Isitshine11", "jsjsiis"], "log": "|j|\u2606Isitshine11\n|j|\u2606jsjsiis\n|t:|1781439814\n|gametype|singles\n|player|p1|Isitshine11|medium|2060\n|player|p2|jsjsiis|1|2029\n|gen|9\n|tier|[Gen 9] Random Battle\n|rated|\n|rule|Species Clause: Limit one of each Pok\u00e9mon\n|rule|HP Percentage Mod: HP is shown in percentages\n|rule|Sleep Clause Mod: Limit one foe put to sleep\n|rule|Illusion Level Mod: Illusion disguises the Pok\u00e9mon's true level\n|\n|t:|1781439814\n|teamsize|p1|6\n|teamsize|p2|6\n|start\n|switch|p1a: Ting-Lu|Ting-Lu, L78|370/370\n|switch|p2a: Beartic|Beartic, L91, M|321/321\n|-ability|p1a: Ting-Lu|Vessel of Ruin\n|turn|1\n|inactive|Battle timer is ON: inactive players will automatically lose when time's up. (requested by Isitshine11)\n|\n|t:|1781439824\n|switch|p1a: Empoleon|Empoleon, L84, M|278/278\n|move|p2a: Beartic|Icicle Crash|p1a: Empoleon\n|-resisted|p1a: Empoleon\n|-damage|p1a: Empoleon|229/278\n|\n|-heal|p1a: Empoleon|246/278|[from] item: Leftovers\n|upkeep\n|turn|2\n|\n|t:|1781439834\n|switch|p1a: Zapdos|Zapdos, L78|268/268\n|switch|p2a: Ampharos|Ampharos, L88, M|302/302\n|\n|upkeep\n|turn|3\n|\n|t:|1781439843\n|switch|p1a: Ting-Lu|Ting-Lu, L78|370/370\n|-ability|p1a: Ting-Lu|Vessel of Ruin\n|move|p2a: Ampharos|Focus Blast|p1a: Ting-Lu\n|-supereffective|p1a: Ting-Lu\n|-damage|p1a: Ting-Lu|133/370\n|-damage|p2a: Ampharos|272/302|[from] item: Life Orb\n|\n|-heal|p1a: Ting-Lu|156/370|[from] item: Leftovers\n|upkeep\n|turn|4\n|\n|t:|1781439853\n|switch|p1a: Zapdos|Zapdos, L78|268/268\n|move|p2a: Ampharos|Focus Blast|p1a: Zapdos|[miss]\n|-miss|p2a: Ampharos|p1a: Zapdos\n|\n|upkeep\n|turn|5\n|\n|t:|1781439858\n|move|p1a: Zapdos|Heat Wave|p2a: Ampharos\n|-damage|p2a: Ampharos|198/302\n|move|p2a: Ampharos|Dazzling Gleam|p1a: Zapdos\n|-damage|p1a: Zapdos|172/268\n|-damage|p2a: Ampharos|168/302|[from] item: Life Orb\n|\n|upkeep\n|turn|6\n|\n|t:|1781439865\n|switch|p1a: Girafarig|Girafarig, L89, M|269/269\n|switch|p2a: Chandelure|Chandelure, L83, M|235/235\n|\n|upkeep\n|turn|7\n|\n|t:|1781439868\n|move|p2a: Chandelure|Trick|p1a: Girafarig\n|-activate|p2a: Chandelure|move: Trick|[of] p1a: Girafarig\n|-item|p1a: Girafarig|Choice Scarf|[from] move: Trick\n|-item|p2a: Chandelure|Eviolite|[from] move: Trick\n|move|p1a: Girafarig|Psyshock|p2a: Chandelure\n|-damage|p2a: Chandelure|153/235\n|\n|upkeep\n|turn|8\n|\n|t:|1781439874\n|switch|p2a: Zarude|Zarude-Dada, L77|288/288\n|move|p1a: Girafarig|Psyshock|p2a: Zarude\n|-immune|p2a: Zarude\n|\n|upkeep\n|turn|9\n|-message|Isitshine11 forfeited.\n|\n|win|jsjsiis\n", "uploadtime": 1781439816, "views": 3, "formatid": "gen9randombattle", "rating": null, "private": 0, "password": null}