{"id": "gen9randombattle-2631375091", "format": "[Gen 9] Random Battle", "players": ["DanyBoy8633", "bbmnbnbnb"], "log": "|j|\u2606DanyBoy8633\n|j|\u2606bbmnbnbnb\n|t:|1781377213\n|gametype|singles\n|player|p1|DanyBoy8633|170|1195\n|player|p2|bbmnbnbnb|170|1150\n|gen|9\n|tier|[Gen 9] Random Battle\n|rated|\n|rule|Species Clause: Limit one of each Pok\u00e9mon\n|rule|HP Percentage Mod: HP is shown in percentages\n|rule|Sleep Clause Mod: Limit one foe put to sleep\n|rule|Illusion Level Mod: Illusion disguises the Pok\u00e9mon's true level\n|\n|t:|1781377213\n|teamsize|p1|6\n|teamsize|p2|6\n|start\n|switch|p1a: Entei|Entei, L78|307/307\n|switch|p2a: Wigglytuff|Wigglytuff, L96, F|424/424\n|turn|1\n|inactive|Battle timer is ON: inactive players will automatically lose when time's up. (requested by bbmnbnbnb)\n|\n|t:|1781377234\n|move|p1a: Entei|Stomping Tantrum|p2a: Wigglytuff\n|-damage|p2a: Wigglytuff|322/424\n|move|p2a: Wigglytuff|Alluring Voice|p1a: Entei\n|-resisted|p1a: Entei\n|-damage|p1a: Entei|247/307\n|\n|-heal|p2a: Wigglytuff|348/424|[from] item: Leftovers\n|upkeep\n|turn|2\n|\n|t:|1781377247\n|move|p1a: Entei|Stomping Tantrum|p2a: Wigglytuff\n|-damage|p2a: Wigglytuff|240/424\n|move|p2a: Wigglytuff|Knock Off|p1a: Entei\n|-damage|p1a: Entei|163/307\n|-enditem|p1a: Entei|Choice Band|[from] move: Knock Off|[of] p2a: Wigglytuff\n|\n|-heal|p2a: Wigglytuff|266/424|[from] item: Leftovers\n|upkeep\n|turn|3\n|\n|t:|1781377265\n|move|p2a: Wigglytuff|Protect|p2a: Wigglytuff\n|-singleturn|p2a: Wigglytuff|Protect\n|move|p1a: Entei|Stomping Tantrum|p2a: Wigglytuff\n|-activate|p2a: Wigglytuff|move: Protect\n|\n|-heal|p2a: Wigglytuff|292/424|[from] item: Leftovers\n|upkeep\n|turn|4\n|\n|t:|1781377275\n|switch|p2a: Kilowattrel|Kilowattrel, L83, F|252/252\n|move|p1a: Entei|Stomping Tantrum|p2a: Kilowattrel\n|-immune|p2a: Kilowattrel\n|\n|upkeep\n|turn|5\n|\n|t:|1781377292\n|-terastallize|p1a: Entei|Normal\n|move|p1a: Entei|Extreme Speed|p2a: Kilowattrel\n|-damage|p2a: Kilowattrel|149/252\n|move|p2a: Kilowattrel|Hurricane|p1a: Entei|[miss]\n|-miss|p2a: Kilowattrel|p1a: Entei\n|\n|upkeep\n|turn|6\n|\n|t:|1781377315\n|switch|p2a: Scizor|Scizor, L79, F|240/240\n|move|p1a: Entei|Extreme Speed|p2a: Scizor\n|-resisted|p2a: Scizor\n|-damage|p2a: Scizor|197/240\n|\n|upkeep\n|turn|7\n|\n|t:|1781377327\n|-terastallize|p2a: Scizor|Steel\n|move|p2a: Scizor|Bullet Punch|p1a: Entei\n|-damage|p1a: Entei|7/307\n|move|p1a: Entei|Flare Blitz|p2a: Scizor\n|-supereffective|p2a: Scizor\n|-damage|p2a: Scizor|0 fnt\n|faint|p2a: Scizor\n|-damage|p1a: Entei|0 fnt|[from] Recoil\n|faint|p1a: Entei\n|\n|upkeep\n|inactive|bbmnbnbnb has 120 seconds left.\n|\n|t:|1781377350\n|switch|p1a: Sylveon|Sylveon, L85, F|300/300\n|switch|p2a: Kilowattrel|Kilowattrel, L83, F|149/252\n|turn|8\n|inactive|bbmnbnbnb has 120 seconds left.\n|\n|t:|1781377366\n|move|p2a: Kilowattrel|U-turn|p1a: Sylveon\n|-resisted|p1a: Sylveon\n|-damage|p1a: Sylveon|276/300\n|\n|t:|1781377375\n|switch|p2a: Sylveon|Sylveon, L85, F|300/300|[from] U-turn\n|move|p1a: Sylveon|Calm Mind|p1a: Sylveon\n|-boost|p1a: Sylveon|spa|1\n|-boost|p1a: Sylveon|spd|1\n|\n|-heal|p1a: Sylveon|294/300|[from] item: Leftovers\n|upkeep\n|turn|9\n|\n|t:|1781377386\n|move|p1a: Sylveon|Hyper Voice|p2a: Sylveon\n|-damage|p2a: Sylveon|146/300\n|move|p2a: Sylveon|Calm Mind|p2a: Sylveon\n|-boost|p2a: Sylveon|spa|1\n|-boost|p2a: Sylveon|spd|1\n|\n|-heal|p2a: Sylveon|164/300|[from] item: Leftovers\n|-heal|p1a: Sylveon|300/300|[from] item: Leftovers\n|upkeep\n|turn|10\n|\n|t:|1781377394\n|move|p2a: Sylveon|Protect|p2a: Sylveon\n|-singleturn|p2a: Sylveon|Protect\n|move|p1a: Sylveon|Hyper Voice|p2a: Sylveon\n|-activate|p2a: Sylveon|move: Protect\n|\n|-heal|p2a: Sylveon|182/300|[from] item: Leftovers\n|upkeep\n|turn|11\n|\n|t:|1781377402\n|move|p2a: Sylveon|Wish|p2a: Sylveon\n|move|p1a: Sylveon|Hyper Voice|p2a: Sylveon\n|-damage|p2a: Sylveon|83/300\n|\n|-heal|p2a: Sylveon|101/300|[from] item: Leftovers\n|upkeep\n|turn|12\n|\n|t:|1781377409\n|move|p2a: Sylveon|Protect|p2a: Sylveon\n|-singleturn|p2a: Sylveon|Protect\n|move|p1a: Sylveon|Hyper Voice|p2a: Sylveon\n|-activate|p2a: Sylveon|move: Protect\n|\n|-heal|p2a: Sylveon|251/300|[from] move: Wish|[wisher] Sylveon\n|-heal|p2a: Sylveon|269/300|[from] item: Leftovers\n|upkeep\n|turn|13\n|\n|t:|1781377419\n|move|p1a: Sylveon|Hyper Voice|p2a: Sylveon\n|-crit|p2a: Sylveon\n|-damage|p2a: Sylveon|49/300\n|move|p2a: Sylveon|Calm Mind|p2a: Sylveon\n|-boost|p2a: Sylveon|spa|1\n|-boost|p2a: Sylveon|spd|1\n|\n|-heal|p2a: Sylveon|67/300|[from] item: Leftovers\n|upkeep\n|turn|14\n|\n|t:|1781377430\n|move|p2a: Sylveon|Protect|p2a: Sylveon\n|-singleturn|p2a: Sylveon|Protect\n|move|p1a: Sylveon|Calm Mind|p1a: Sylveon\n|-boost|p1a: Sylveon|spa|1\n|-boost|p1a: Sylveon|spd|1\n|\n|-heal|p2a: Sylveon|85/300|[from] item: Leftovers\n|upkeep\n|turn|15\n|\n|t:|1781377438\n|move|p1a: Sylveon|Hyper Voice|p2a: Sylveon\n|-damage|p2a: Sylveon|0 fnt\n|faint|p2a: Sylveon\n|\n|upkeep\n|n|\u2606bbmnbnbnb|bbmnbnbnb\n|c|\u2606bbmnbnbnb|stupid fking btch crit\n|inactive|bbmnbnbnb has 120 seconds left.\n|\n|t:|1781377497\n|switch|p2a: Wigglytuff|Wigglytuff, L96, F|292/424\n|turn|16\n|\n|t:|1781377514\n|move|p2a: Wigglytuff|Protect|p2a: Wigglytuff\n|-singleturn|p2a: Wigglytuff|Protect\n|move|p1a: Sylveon|Hyper Voice|p2a: Wigglytuff\n|-activate|p2a: Wigglytuff|move: Protect\n|\n|-heal|p2a: Wigglytuff|318/424|[from] item: Leftovers\n|upkeep\n|turn|17\n|\n|t:|1781377521\n|move|p1a: Sylveon|Hyper Voice|p2a: Wigglytuff\n|-damage|p2a: Wigglytuff|0 fnt\n|faint|p2a: Wigglytuff\n|\n|upkeep\n|inactive|bbmnbnbnb has 90 seconds left.\n|\n|t:|1781377566\n|switch|p2a: Kilowattrel|Kilowattrel, L83, F|149/252\n|turn|18\n|\n|t:|1781377571\n|move|p2a: Kilowattrel|Thunderbolt|p1a: Sylveon\n|-damage|p1a: Sylveon|266/300\n|move|p1a: Sylveon|Hyper Voice|p2a: Kilowattrel\n|-damage|p2a: Kilowattrel|0 fnt\n|faint|p2a: Kilowattrel\n|\n|-heal|p1a: Sylveon|284/300|[from] item: Leftovers\n|upkeep\n|\n|t:|1781377584\n|switch|p2a: Terrakion|Terrakion, L79|273/273\n|turn|19\n|\n|t:|1781377590\n|move|p2a: Terrakion|Stone Edge|p1a: Sylveon\n|-crit|p1a: Sylveon\n|-damage|p1a: Sylveon|15/300\n|-damage|p2a: Terrakion|246/273|[from] item: Life Orb\n|move|p1a: Sylveon|Hyper Voice|p2a: Terrakion\n|-supereffective|p2a: Terrakion\n|-damage|p2a: Terrakion|0 fnt\n|faint|p2a: Terrakion\n|\n|-heal|p1a: Sylveon|33/300|[from] item: Leftovers\n|upkeep\n|inactive|bbmnbnbnb has 60 seconds left.\n|c|\u2606bbmnbnbnb|go buy a lotto ticket btch\n|-message|bbmnbnbnb forfeited.\n|\n|win|DanyBoy8633\n", "uploadtime": 1781377459, "views": 6, "formatid": "gen9randombattle", "rating": null, "private": 0, "password": null}