{"id": "gen9randombattle-2631512010", "format": "[Gen 9] Random Battle", "players": ["WumboMumboJumbo", "renz3554"], "log": "|j|\u2606WumboMumboJumbo\n|j|\u2606renz3554\n|t:|1781394626\n|gametype|singles\n|player|p1|WumboMumboJumbo|265|2136\n|player|p2|renz3554|169|2088\n|gen|9\n|tier|[Gen 9] Random Battle\n|rated|\n|rule|Species Clause: Limit one of each Pok\u00e9mon\n|rule|HP Percentage Mod: HP is shown in percentages\n|rule|Sleep Clause Mod: Limit one foe put to sleep\n|rule|Illusion Level Mod: Illusion disguises the Pok\u00e9mon's true level\n|\n|t:|1781394626\n|teamsize|p1|6\n|teamsize|p2|6\n|start\n|switch|p1a: Glaceon|Glaceon, L94, F|275/275\n|switch|p2a: Lugia|Lugia, L73|275/275\n|turn|1\n|inactive|Battle timer is ON: inactive players will automatically lose when time's up. (requested by WumboMumboJumbo)\n|\n|t:|1781394632\n|switch|p2a: Iron Crown|Iron Crown, L78|268/268\n|move|p1a: Glaceon|Freeze-Dry|p2a: Iron Crown\n|-resisted|p2a: Iron Crown\n|-damage|p2a: Iron Crown|211/268\n|\n|-heal|p2a: Iron Crown|227/268|[from] item: Leftovers\n|upkeep\n|turn|2\n|\n|t:|1781394639\n|move|p2a: Iron Crown|Tachyon Cutter|p1a: Glaceon\n|-supereffective|p1a: Glaceon\n|-damage|p1a: Glaceon|177/275\n|-supereffective|p1a: Glaceon\n|-damage|p1a: Glaceon|85/275\n|-hitcount|p1a: Glaceon|2\n|move|p1a: Glaceon|Mud Shot|p2a: Iron Crown\n|-supereffective|p2a: Iron Crown\n|-damage|p2a: Iron Crown|105/268\n|-unboost|p2a: Iron Crown|spe|1\n|\n|-heal|p2a: Iron Crown|121/268|[from] item: Leftovers\n|upkeep\n|turn|3\n|\n|t:|1781394660\n|move|p1a: Glaceon|Wish|p1a: Glaceon\n|move|p2a: Iron Crown|Tachyon Cutter|p1a: Glaceon\n|-supereffective|p1a: Glaceon\n|-damage|p1a: Glaceon|0 fnt\n|faint|p1a: Glaceon\n|-hitcount|p1: Glaceon|1\n|\n|-heal|p2a: Iron Crown|137/268|[from] item: Leftovers\n|upkeep\n|\n|t:|1781394673\n|switch|p1a: Zebstrika|Zebstrika, L87, M|272/272\n|turn|4\n|\n|t:|1781394690\n|move|p1a: Zebstrika|High Horsepower|p2a: Iron Crown\n|-supereffective|p2a: Iron Crown\n|-damage|p2a: Iron Crown|0 fnt\n|faint|p2a: Iron Crown\n|-end|p2a: Iron Crown|Quark Drive|[silent]\n|-damage|p1a: Zebstrika|245/272|[from] item: Life Orb\n|\n|-heal|p1a: Zebstrika|272/272|[from] move: Wish|[wisher] Glaceon\n|upkeep\n|\n|t:|1781394700\n|switch|p2a: Noivern|Noivern, L82, F|274/274\n|turn|5\n|\n|t:|1781394704\n|move|p1a: Zebstrika|Supercell Slam|p2a: Noivern\n|-damage|p2a: Noivern|105/274\n|-damage|p1a: Zebstrika|245/272|[from] item: Life Orb\n|move|p2a: Noivern|Boomburst|p1a: Zebstrika\n|-damage|p1a: Zebstrika|70/272\n|\n|upkeep\n|turn|6\n|\n|t:|1781394711\n|move|p1a: Zebstrika|Supercell Slam|p2a: Noivern\n|-damage|p2a: Noivern|0 fnt\n|faint|p2a: Noivern\n|-damage|p1a: Zebstrika|43/272|[from] item: Life Orb\n|\n|upkeep\n|\n|t:|1781394713\n|switch|p2a: Decidueye|Decidueye-Hisui, L87, F|295/295\n|turn|7\n|\n|t:|1781394716\n|move|p2a: Decidueye|Sucker Punch|p1a: Zebstrika\n|-damage|p1a: Zebstrika|0 fnt\n|faint|p1a: Zebstrika\n|\n|upkeep\n|\n|t:|1781394720\n|switch|p1a: Wyrdeer|Wyrdeer, L87, F|321/321\n|-ability|p1a: Wyrdeer|Intimidate|boost\n|-fail|p2a: Decidueye|unboost|Attack|[from] ability: Scrappy|[of] p2a: Decidueye\n|turn|8\n|\n|t:|1781394724\n|switch|p2a: Spiritomb|Spiritomb, L89, M|234/234\n|move|p1a: Wyrdeer|Thunder Wave|p2a: Spiritomb\n|-status|p2a: Spiritomb|par\n|\n|upkeep\n|turn|9\n|\n|t:|1781394732\n|switch|p1a: Okidogi|Okidogi, L77, M|262/262\n|move|p2a: Spiritomb|Toxic|p1a: Okidogi\n|-immune|p1a: Okidogi\n|\n|upkeep\n|turn|10\n|j| Rabiesdfsdf\n|\n|t:|1781394740\n|switch|p2a: Ampharos|Ampharos, L88, F|302/302\n|move|p1a: Okidogi|Bulk Up|p1a: Okidogi\n|-boost|p1a: Okidogi|atk|1\n|-boost|p1a: Okidogi|def|1\n|\n|upkeep\n|turn|11\n|\n|t:|1781394745\n|move|p1a: Okidogi|Knock Off|p2a: Ampharos\n|-damage|p2a: Ampharos|198/302\n|-enditem|p2a: Ampharos|Life Orb|[from] move: Knock Off|[of] p1a: Okidogi\n|move|p2a: Ampharos|Thunderbolt|p1a: Okidogi\n|-crit|p1a: Okidogi\n|-damage|p1a: Okidogi|52/262\n|\n|-heal|p1a: Okidogi|68/262|[from] item: Leftovers\n|upkeep\n|turn|12\n|\n|t:|1781394753\n|move|p1a: Okidogi|Gunk Shot|p2a: Ampharos|[miss]\n|-miss|p1a: Okidogi|p2a: Ampharos\n|move|p2a: Ampharos|Agility|p2a: Ampharos\n|-boost|p2a: Ampharos|spe|2\n|\n|-heal|p1a: Okidogi|84/262|[from] item: Leftovers\n|upkeep\n|turn|13\n|\n|t:|1781394755\n|move|p2a: Ampharos|Thunderbolt|p1a: Okidogi\n|-damage|p1a: Okidogi|0 fnt\n|faint|p1a: Okidogi\n|\n|upkeep\n|\n|t:|1781394758\n|switch|p1a: Mamoswine|Mamoswine, L81, F|311/311\n|turn|14\n|\n|t:|1781394760\n|move|p2a: Ampharos|Focus Blast|p1a: Mamoswine\n|-supereffective|p1a: Mamoswine\n|-damage|p1a: Mamoswine|5/311\n|move|p1a: Mamoswine|Earthquake|p2a: Ampharos\n|-supereffective|p2a: Ampharos\n|-damage|p2a: Ampharos|0 fnt\n|faint|p2a: Ampharos\n|\n|upkeep\n|\n|t:|1781394765\n|switch|p2a: Lugia|Lugia, L73|275/275\n|turn|15\n|\n|t:|1781394768\n|switch|p1a: Wyrdeer|Wyrdeer, L87, F|321/321\n|-ability|p1a: Wyrdeer|Intimidate|boost\n|-unboost|p2a: Lugia|atk|1\n|move|p2a: Lugia|Psychic Noise|p1a: Wyrdeer\n|-resisted|p1a: Wyrdeer\n|-damage|p1a: Wyrdeer|289/321\n|-start|p1a: Wyrdeer|move: Heal Block\n|\n|upkeep\n|turn|16\n|\n|t:|1781394771\n|switch|p2a: Spiritomb|Spiritomb, L89, M|234/234 par\n|move|p1a: Wyrdeer|Thunder Wave|p2a: Spiritomb\n|-fail|p2a: Spiritomb|par\n|\n|-end|p1a: Wyrdeer|move: Heal Block\n|upkeep\n|turn|17\n|\n|t:|1781394774\n|switch|p1a: Groudon|Groudon, L72|263/263\n|-weather|SunnyDay|[from] ability: Drought|[of] p1a: Groudon\n|cant|p2a: Spiritomb|par\n|\n|-weather|SunnyDay|[upkeep]\n|upkeep\n|turn|18\n|\n|t:|1781394780\n|move|p1a: Groudon|Heat Crash|p2a: Spiritomb\n|-damage|p2a: Spiritomb|128/234 par\n|cant|p2a: Spiritomb|par\n|\n|-weather|SunnyDay|[upkeep]\n|-heal|p2a: Spiritomb|142/234 par|[from] item: Leftovers\n|upkeep\n|turn|19\n|\n|t:|1781394785\n|-terastallize|p1a: Groudon|Fire\n|move|p1a: Groudon|Heat Crash|p2a: Spiritomb\n|-damage|p2a: Spiritomb|0 fnt\n|faint|p2a: Spiritomb\n|\n|-weather|SunnyDay|[upkeep]\n|upkeep\n|\n|t:|1781394789\n|switch|p2a: Lugia|Lugia, L73|275/275\n|turn|20\n|\n|t:|1781394795\n|move|p2a: Lugia|Calm Mind|p2a: Lugia\n|-boost|p2a: Lugia|spa|1\n|-boost|p2a: Lugia|spd|1\n|move|p1a: Groudon|Heat Crash|p2a: Lugia\n|-damage|p2a: Lugia|209/275\n|\n|-weather|SunnyDay|[upkeep]\n|upkeep\n|turn|21\n|\n|t:|1781394801\n|move|p2a: Lugia|Recover|p2a: Lugia\n|-heal|p2a: Lugia|275/275\n|move|p1a: Groudon|Heat Crash|p2a: Lugia\n|-damage|p2a: Lugia|201/275\n|\n|-weather|none\n|upkeep\n|turn|22\n|\n|t:|1781394808\n|switch|p1a: Mamoswine|Mamoswine, L81, F|5/311\n|move|p2a: Lugia|Aeroblast|p1a: Mamoswine\n|-damage|p1a: Mamoswine|0 fnt\n|faint|p1a: Mamoswine\n|\n|upkeep\n|\n|t:|1781394810\n|switch|p1a: Wyrdeer|Wyrdeer, L87, F|289/321\n|-ability|p1a: Wyrdeer|Intimidate|boost\n|-unboost|p2a: Lugia|atk|1\n|turn|23\n|\n|t:|1781394814\n|move|p2a: Lugia|Aeroblast|p1a: Wyrdeer\n|-damage|p1a: Wyrdeer|165/321\n|move|p1a: Wyrdeer|Thunder Wave|p2a: Lugia|[miss]\n|-miss|p1a: Wyrdeer|p2a: Lugia\n|\n|-heal|p1a: Wyrdeer|185/321|[from] item: Leftovers\n|upkeep\n|turn|24\n|\n|t:|1781394824\n|switch|p2a: Decidueye|Decidueye-Hisui, L87, F|295/295\n|move|p1a: Wyrdeer|Thunder Wave|p2a: Decidueye\n|-status|p2a: Decidueye|par\n|\n|-heal|p1a: Wyrdeer|205/321|[from] item: Leftovers\n|upkeep\n|turn|25\n|\n|t:|1781394828\n|-terastallize|p2a: Decidueye|Water\n|move|p1a: Wyrdeer|Psychic Noise|p2a: Decidueye\n|-damage|p2a: Decidueye|207/295 par\n|-start|p2a: Decidueye|move: Heal Block\n|move|p2a: Decidueye|Triple Arrows|p1a: Wyrdeer\n|-crit|p1a: Wyrdeer\n|-damage|p1a: Wyrdeer|6/321\n|-unboost|p1a: Wyrdeer|def|1\n|\n|-heal|p1a: Wyrdeer|26/321|[from] item: Leftovers\n|upkeep\n|turn|26\n|\n|t:|1781394836\n|move|p1a: Wyrdeer|Body Slam|p2a: Decidueye\n|-damage|p2a: Decidueye|108/295 par\n|move|p2a: Decidueye|Triple Arrows|p1a: Wyrdeer\n|-damage|p1a: Wyrdeer|0 fnt\n|faint|p1a: Wyrdeer\n|\n|-end|p2a: Decidueye|move: Heal Block\n|upkeep\n|\n|t:|1781394840\n|switch|p1a: Groudon|Groudon, L72, tera:Fire|263/263\n|-weather|SunnyDay|[from] ability: Drought|[of] p1a: Groudon\n|turn|27\n|\n|t:|1781394844\n|move|p1a: Groudon|Precipice Blades|p2a: Decidueye\n|-damage|p2a: Decidueye|0 fnt\n|faint|p2a: Decidueye\n|\n|-weather|SunnyDay|[upkeep]\n|upkeep\n|\n|t:|1781394846\n|switch|p2a: Lugia|Lugia, L73|201/275\n|turn|28\n|\n|t:|1781394850\n|move|p2a: Lugia|Recover|p2a: Lugia\n|-heal|p2a: Lugia|275/275\n|move|p1a: Groudon|Heat Crash|p2a: Lugia\n|-damage|p2a: Lugia|209/275\n|\n|-weather|SunnyDay|[upkeep]\n|upkeep\n|turn|29\n|\n|t:|1781394855\n|move|p2a: Lugia|Recover|p2a: Lugia\n|-heal|p2a: Lugia|275/275\n|move|p1a: Groudon|Heat Crash|p2a: Lugia\n|-damage|p2a: Lugia|202/275\n|\n|-weather|SunnyDay|[upkeep]\n|upkeep\n|turn|30\n|\n|t:|1781394859\n|move|p2a: Lugia|Recover|p2a: Lugia\n|-heal|p2a: Lugia|275/275\n|move|p1a: Groudon|Heat Crash|p2a: Lugia\n|-damage|p2a: Lugia|200/275\n|\n|-weather|SunnyDay|[upkeep]\n|upkeep\n|turn|31\n|\n|t:|1781394865\n|move|p2a: Lugia|Recover|p2a: Lugia\n|-heal|p2a: Lugia|275/275\n|move|p1a: Groudon|Heat Crash|p2a: Lugia\n|-damage|p2a: Lugia|205/275\n|\n|-weather|none\n|upkeep\n|turn|32\n|\n|t:|1781394873\n|move|p2a: Lugia|Recover|p2a: Lugia\n|-heal|p2a: Lugia|275/275\n|move|p1a: Groudon|Precipice Blades|p2a: Lugia\n|-immune|p2a: Lugia\n|\n|upkeep\n|turn|33\n|\n|t:|1781394883\n|move|p2a: Lugia|Calm Mind|p2a: Lugia\n|-boost|p2a: Lugia|spa|1\n|-boost|p2a: Lugia|spd|1\n|move|p1a: Groudon|Heat Crash|p2a: Lugia\n|-damage|p2a: Lugia|231/275\n|\n|upkeep\n|turn|34\n|\n|t:|1781394888\n|move|p2a: Lugia|Aeroblast|p1a: Groudon\n|-damage|p1a: Groudon|134/263\n|move|p1a: Groudon|Heat Crash|p2a: Lugia\n|-damage|p2a: Lugia|140/275\n|\n|-heal|p1a: Groudon|150/263|[from] item: Leftovers\n|upkeep\n|turn|35\n|\n|t:|1781394893\n|move|p2a: Lugia|Recover|p2a: Lugia\n|-heal|p2a: Lugia|275/275\n|move|p1a: Groudon|Heat Crash|p2a: Lugia\n|-damage|p2a: Lugia|230/275\n|\n|-heal|p1a: Groudon|166/263|[from] item: Leftovers\n|upkeep\n|turn|36\n|\n|t:|1781394898\n|move|p2a: Lugia|Psychic Noise|p1a: Groudon\n|-damage|p1a: Groudon|61/263\n|-start|p1a: Groudon|move: Heal Block\n|move|p1a: Groudon|Heat Crash|p2a: Lugia\n|-damage|p2a: Lugia|137/275\n|\n|upkeep\n|turn|37\n|l| Rabiesdfsdf\n|\n|t:|1781394905\n|move|p2a: Lugia|Psychic Noise|p1a: Groudon\n|-damage|p1a: Groudon|0 fnt\n|faint|p1a: Groudon\n|\n|win|renz3554\n", "uploadtime": 1781394628, "views": 3, "formatid": "gen9randombattle", "rating": null, "private": 0, "password": null}