{"id": "gen9randombattle-2631469250", "format": "[Gen 9] Random Battle", "players": ["boxhero147", "fortnitekid1212"], "log": "|j|\u2606boxhero147\n|j|\u2606fortnitekid1212\n|t:|1781388602\n|gametype|singles\n|player|p1|boxhero147|169|2086\n|player|p2|fortnitekid1212|169|2040\n|gen|9\n|tier|[Gen 9] Random Battle\n|rated|\n|rule|Species Clause: Limit one of each Pok\u00e9mon\n|rule|HP Percentage Mod: HP is shown in percentages\n|rule|Sleep Clause Mod: Limit one foe put to sleep\n|rule|Illusion Level Mod: Illusion disguises the Pok\u00e9mon's true level\n|\n|t:|1781388602\n|teamsize|p1|6\n|teamsize|p2|6\n|start\n|switch|p1a: Oricorio|Oricorio-Pa'u, L87, F|272/272\n|switch|p2a: Enamorus|Enamorus-Therian, L83, F|259/259\n|turn|1\n|inactive|Battle timer is ON: inactive players will automatically lose when time's up. (requested by fortnitekid1212)\n|\n|t:|1781388615\n|move|p1a: Oricorio|Quiver Dance|p1a: Oricorio\n|-boost|p1a: Oricorio|spa|1\n|-boost|p1a: Oricorio|spd|1\n|-boost|p1a: Oricorio|spe|1\n|move|p2a: Enamorus|Moonblast|p1a: Oricorio\n|-damage|p1a: Oricorio|181/272\n|\n|upkeep\n|turn|2\n|\n|t:|1781388623\n|move|p1a: Oricorio|Quiver Dance|p1a: Oricorio\n|-boost|p1a: Oricorio|spa|1\n|-boost|p1a: Oricorio|spd|1\n|-boost|p1a: Oricorio|spe|1\n|move|p2a: Enamorus|Moonblast|p1a: Oricorio\n|-damage|p1a: Oricorio|108/272\n|-unboost|p1a: Oricorio|spa|1\n|\n|upkeep\n|turn|3\n|\n|t:|1781388631\n|move|p1a: Oricorio|Revelation Dance|p2a: Enamorus\n|-damage|p2a: Enamorus|162/259\n|move|p2a: Enamorus|Moonblast|p1a: Oricorio\n|-damage|p1a: Oricorio|32/272\n|\n|upkeep\n|turn|4\n|\n|t:|1781388637\n|move|p1a: Oricorio|Roost|p1a: Oricorio\n|-heal|p1a: Oricorio|168/272\n|-singleturn|p1a: Oricorio|move: Roost\n|move|p2a: Enamorus|Moonblast|p1a: Oricorio\n|-damage|p1a: Oricorio|92/272\n|\n|upkeep\n|turn|5\n|\n|t:|1781388640\n|move|p1a: Oricorio|Roost|p1a: Oricorio\n|-heal|p1a: Oricorio|228/272\n|-singleturn|p1a: Oricorio|move: Roost\n|move|p2a: Enamorus|Moonblast|p1a: Oricorio\n|-damage|p1a: Oricorio|161/272\n|-unboost|p1a: Oricorio|spa|1\n|\n|upkeep\n|turn|6\n|\n|t:|1781388645\n|move|p1a: Oricorio|Hurricane|p2a: Enamorus|[miss]\n|-miss|p1a: Oricorio|p2a: Enamorus\n|move|p2a: Enamorus|Moonblast|p1a: Oricorio\n|-damage|p1a: Oricorio|94/272\n|\n|upkeep\n|turn|7\n|\n|t:|1781388649\n|move|p1a: Oricorio|Roost|p1a: Oricorio\n|-heal|p1a: Oricorio|230/272\n|-singleturn|p1a: Oricorio|move: Roost\n|move|p2a: Enamorus|Mystical Fire|p1a: Oricorio\n|-damage|p1a: Oricorio|190/272\n|-unboost|p1a: Oricorio|spa|1\n|\n|upkeep\n|turn|8\n|\n|t:|1781388653\n|move|p1a: Oricorio|Quiver Dance|p1a: Oricorio\n|-boost|p1a: Oricorio|spa|1\n|-boost|p1a: Oricorio|spd|1\n|-boost|p1a: Oricorio|spe|1\n|move|p2a: Enamorus|Mystical Fire|p1a: Oricorio\n|-damage|p1a: Oricorio|155/272\n|-unboost|p1a: Oricorio|spa|1\n|\n|upkeep\n|turn|9\n|\n|t:|1781388656\n|move|p1a: Oricorio|Quiver Dance|p1a: Oricorio\n|-boost|p1a: Oricorio|spa|1\n|-boost|p1a: Oricorio|spd|1\n|-boost|p1a: Oricorio|spe|1\n|move|p2a: Enamorus|Mystical Fire|p1a: Oricorio\n|-damage|p1a: Oricorio|129/272\n|-unboost|p1a: Oricorio|spa|1\n|\n|upkeep\n|turn|10\n|\n|t:|1781388658\n|move|p1a: Oricorio|Quiver Dance|p1a: Oricorio\n|-boost|p1a: Oricorio|spa|1\n|-boost|p1a: Oricorio|spd|1\n|-boost|p1a: Oricorio|spe|1\n|move|p2a: Enamorus|Mystical Fire|p1a: Oricorio\n|-damage|p1a: Oricorio|108/272\n|-unboost|p1a: Oricorio|spa|1\n|\n|upkeep\n|turn|11\n|\n|t:|1781388661\n|move|p1a: Oricorio|Quiver Dance|p1a: Oricorio\n|-boost|p1a: Oricorio|spa|1\n|-boost|p1a: Oricorio|spd|1\n|-boost|p1a: Oricorio|spe|1\n|move|p2a: Enamorus|Mystical Fire|p1a: Oricorio\n|-damage|p1a: Oricorio|88/272\n|-unboost|p1a: Oricorio|spa|1\n|\n|upkeep\n|turn|12\n|\n|t:|1781388678\n|move|p1a: Oricorio|Roost|p1a: Oricorio\n|-heal|p1a: Oricorio|224/272\n|-singleturn|p1a: Oricorio|move: Roost\n|move|p2a: Enamorus|Mystical Fire|p1a: Oricorio\n|-damage|p1a: Oricorio|204/272\n|-unboost|p1a: Oricorio|spa|1\n|\n|upkeep\n|turn|13\n|\n|t:|1781388682\n|move|p1a: Oricorio|Hurricane|p2a: Enamorus\n|-damage|p2a: Enamorus|120/259\n|-start|p2a: Enamorus|confusion\n|-activate|p2a: Enamorus|confusion\n|-damage|p2a: Enamorus|92/259|[from] confusion\n|\n|upkeep\n|turn|14\n|\n|t:|1781388688\n|move|p1a: Oricorio|Quiver Dance|p1a: Oricorio\n|-boost|p1a: Oricorio|spa|1\n|-boost|p1a: Oricorio|spd|0\n|-boost|p1a: Oricorio|spe|0\n|-activate|p2a: Enamorus|confusion\n|move|p2a: Enamorus|Mystical Fire|p1a: Oricorio\n|-damage|p1a: Oricorio|185/272\n|-unboost|p1a: Oricorio|spa|1\n|\n|upkeep\n|turn|15\n|\n|t:|1781388693\n|move|p1a: Oricorio|Hurricane|p2a: Enamorus\n|-damage|p2a: Enamorus|52/259\n|-end|p2a: Enamorus|confusion\n|move|p2a: Enamorus|Mystical Fire|p1a: Oricorio\n|-damage|p1a: Oricorio|166/272\n|-unboost|p1a: Oricorio|spa|1\n|\n|upkeep\n|turn|16\n|\n|t:|1781388698\n|move|p1a: Oricorio|Revelation Dance|p2a: Enamorus\n|-damage|p2a: Enamorus|25/259\n|move|p2a: Enamorus|Mystical Fire|p1a: Oricorio\n|-damage|p1a: Oricorio|147/272\n|-unboost|p1a: Oricorio|spa|1\n|\n|upkeep\n|turn|17\n|\n|t:|1781388701\n|move|p1a: Oricorio|Revelation Dance|p2a: Enamorus\n|-damage|p2a: Enamorus|3/259\n|move|p2a: Enamorus|Mystical Fire|p1a: Oricorio\n|-damage|p1a: Oricorio|129/272\n|-unboost|p1a: Oricorio|spa|1\n|\n|upkeep\n|turn|18\n|\n|t:|1781388706\n|move|p1a: Oricorio|Revelation Dance|p2a: Enamorus\n|-damage|p2a: Enamorus|0 fnt\n|faint|p2a: Enamorus\n|\n|upkeep\n|\n|t:|1781388708\n|switch|p2a: Hariyama|Hariyama, L87, F|392/392\n|turn|19\n|\n|t:|1781388711\n|move|p1a: Oricorio|Hurricane|p2a: Hariyama|[miss]\n|-miss|p1a: Oricorio|p2a: Hariyama\n|move|p2a: Hariyama|Knock Off|p1a: Oricorio\n|-supereffective|p1a: Oricorio\n|-damage|p1a: Oricorio|0 fnt\n|-enditem|p1a: Oricorio|Heavy-Duty Boots|[from] move: Knock Off|[of] p2a: Hariyama\n|faint|p1a: Oricorio\n|\n|upkeep\n|\n|t:|1781388716\n|switch|p1a: Ribombee|Ribombee, L83, M|235/235\n|turn|20\n|\n|t:|1781388718\n|move|p1a: Ribombee|Sticky Web|p2a: Hariyama\n|-sidestart|p2: fortnitekid1212|move: Sticky Web\n|move|p2a: Hariyama|Heavy Slam|p1a: Ribombee\n|-supereffective|p1a: Ribombee\n|-damage|p1a: Ribombee|0 fnt\n|faint|p1a: Ribombee\n|\n|upkeep\n|\n|t:|1781388723\n|switch|p1a: Exeggutor|Exeggutor, L89, F|312/312\n|turn|21\n|\n|t:|1781388727\n|move|p1a: Exeggutor|Psychic|p2a: Hariyama\n|-supereffective|p2a: Hariyama\n|-damage|p2a: Hariyama|158/392\n|move|p2a: Hariyama|Knock Off|p1a: Exeggutor\n|-supereffective|p1a: Exeggutor\n|-damage|p1a: Exeggutor|142/312\n|-enditem|p1a: Exeggutor|Sitrus Berry|[from] move: Knock Off|[of] p2a: Hariyama\n|\n|upkeep\n|turn|22\n|\n|t:|1781388732\n|switch|p2a: Corviknight|Corviknight, L80, M|288/288\n|move|p1a: Exeggutor|Psychic|p2a: Corviknight\n|-resisted|p2a: Corviknight\n|-damage|p2a: Corviknight|218/288\n|\n|-heal|p2a: Corviknight|236/288|[from] item: Leftovers\n|upkeep\n|turn|23\n|\n|t:|1781388735\n|move|p2a: Corviknight|Defog|p1a: Exeggutor\n|-unboost|p1a: Exeggutor|evasion|1\n|-sideend|p2: fortnitekid1212|Sticky Web|[from] move: Defog|[of] p2a: Corviknight\n|move|p1a: Exeggutor|Leech Seed|p2a: Corviknight\n|-start|p2a: Corviknight|move: Leech Seed\n|\n|-heal|p2a: Corviknight|254/288|[from] item: Leftovers\n|-damage|p2a: Corviknight|218/288|[from] Leech Seed|[of] p1a: Exeggutor\n|-heal|p1a: Exeggutor|178/312|[silent]\n|upkeep\n|turn|24\n|\n|t:|1781388739\n|move|p2a: Corviknight|U-turn|p1a: Exeggutor\n|-supereffective|p1a: Exeggutor\n|-damage|p1a: Exeggutor|22/312\n|\n|t:|1781388741\n|switch|p2a: Hariyama|Hariyama, L87, F|158/392|[from] U-turn\n|move|p1a: Exeggutor|Substitute|p1a: Exeggutor\n|-fail|p1a: Exeggutor|move: Substitute|[weak]\n|\n|upkeep\n|turn|25\n|\n|t:|1781388743\n|switch|p2a: Corviknight|Corviknight, L80, M|218/288\n|move|p1a: Exeggutor|Psychic|p2a: Corviknight\n|-resisted|p2a: Corviknight\n|-damage|p2a: Corviknight|148/288\n|\n|-heal|p2a: Corviknight|166/288|[from] item: Leftovers\n|upkeep\n|turn|26\n|\n|t:|1781388746\n|move|p2a: Corviknight|U-turn|p1a: Exeggutor\n|-supereffective|p1a: Exeggutor\n|-damage|p1a: Exeggutor|0 fnt\n|faint|p1a: Exeggutor\n|\n|t:|1781388749\n|switch|p2a: Hariyama|Hariyama, L87, F|158/392|[from] U-turn\n|\n|upkeep\n|\n|t:|1781388768\n|switch|p1a: Darkrai|Darkrai, L77|234/234\n|turn|27\n|\n|t:|1781388771\n|move|p1a: Darkrai|Hypnosis|p2a: Hariyama\n|-status|p2a: Hariyama|slp|[from] move: Hypnosis\n|cant|p2a: Hariyama|slp\n|\n|-damage|p2a: Hariyama|109/392 slp|[from] ability: Bad Dreams|[of] p1a: Darkrai\n|upkeep\n|turn|28\n|\n|t:|1781388776\n|move|p1a: Darkrai|Nasty Plot|p1a: Darkrai\n|-boost|p1a: Darkrai|spa|2\n|-curestatus|p2a: Hariyama|slp|[msg]\n|move|p2a: Hariyama|Close Combat|p1a: Darkrai\n|-supereffective|p1a: Darkrai\n|-damage|p1a: Darkrai|0 fnt\n|-unboost|p2a: Hariyama|def|1\n|-unboost|p2a: Hariyama|spd|1\n|faint|p1a: Darkrai\n|\n|upkeep\n|\n|t:|1781388782\n|switch|p1a: Raichu|Raichu, L88, M|249/249\n|turn|29\n|\n|t:|1781388797\n|move|p1a: Raichu|Thunderbolt|p2a: Hariyama\n|-crit|p2a: Hariyama\n|-damage|p2a: Hariyama|0 fnt\n|faint|p2a: Hariyama\n|\n|upkeep\n|\n|t:|1781388803\n|switch|p2a: Magnezone|Magnezone, L85|258/258\n|turn|30\n|\n|t:|1781388807\n|move|p1a: Raichu|Focus Blast|p2a: Magnezone\n|-supereffective|p2a: Magnezone\n|-damage|p2a: Magnezone|80/258\n|move|p2a: Magnezone|Body Press|p1a: Raichu\n|-crit|p1a: Raichu\n|-damage|p1a: Raichu|87/249\n|\n|upkeep\n|turn|31\n|\n|t:|1781388824\n|move|p1a: Raichu|Focus Blast|p2a: Magnezone\n|-supereffective|p2a: Magnezone\n|-damage|p2a: Magnezone|0 fnt\n|faint|p2a: Magnezone\n|\n|upkeep\n|\n|t:|1781388825\n|switch|p2a: Kyogre|Kyogre, L71|259/259\n|-weather|RainDance|[from] ability: Drizzle|[of] p2a: Kyogre\n|turn|32\n|\n|t:|1781388828\n|move|p2a: Kyogre|Water Spout|p1a: Raichu\n|-damage|p1a: Raichu|0 fnt\n|faint|p1a: Raichu\n|\n|-weather|RainDance|[upkeep]\n|upkeep\n|\n|t:|1781388831\n|switch|p1a: Rhydon|Rhydon, L85, M|317/317\n|turn|33\n|\n|t:|1781388837\n|-terastallize|p1a: Rhydon|Water\n|move|p2a: Kyogre|Water Spout|p1a: Rhydon\n|-resisted|p1a: Rhydon\n|-damage|p1a: Rhydon|195/317\n|move|p1a: Rhydon|Earthquake|p2a: Kyogre\n|-damage|p2a: Kyogre|100/259\n|\n|-weather|RainDance|[upkeep]\n|upkeep\n|turn|34\n|\n|t:|1781388841\n|switch|p2a: Corviknight|Corviknight, L80, M|166/288\n|move|p1a: Rhydon|Swords Dance|p1a: Rhydon\n|-boost|p1a: Rhydon|atk|2\n|\n|-weather|RainDance|[upkeep]\n|-heal|p2a: Corviknight|184/288|[from] item: Leftovers\n|upkeep\n|turn|35\n|\n|t:|1781388844\n|move|p2a: Corviknight|Brave Bird|p1a: Rhydon\n|-damage|p1a: Rhydon|138/317\n|-damage|p2a: Corviknight|165/288|[from] Recoil\n|move|p1a: Rhydon|Stone Edge|p2a: Corviknight\n|-damage|p2a: Corviknight|0 fnt\n|faint|p2a: Corviknight\n|\n|-weather|RainDance|[upkeep]\n|upkeep\n|\n|t:|1781388852\n|switch|p2a: Malamar|Malamar, L82, M|275/275\n|turn|36\n|\n|t:|1781388861\n|move|p2a: Malamar|Knock Off|p1a: Rhydon\n|-damage|p1a: Rhydon|92/317\n|-enditem|p1a: Rhydon|Eviolite|[from] move: Knock Off|[of] p2a: Malamar\n|move|p1a: Rhydon|Megahorn|p2a: Malamar|[miss]\n|-miss|p1a: Rhydon|p2a: Malamar\n|\n|-weather|none\n|upkeep\n|turn|37\n|\n|t:|1781388866\n|move|p2a: Malamar|Psycho Cut|p1a: Rhydon\n|-damage|p1a: Rhydon|43/317\n|move|p1a: Rhydon|Megahorn|p2a: Malamar\n|-supereffective|p2a: Malamar\n|-damage|p2a: Malamar|0 fnt\n|faint|p2a: Malamar\n|\n|upkeep\n|\n|t:|1781388869\n|switch|p2a: Kyogre|Kyogre, L71|100/259\n|-weather|RainDance|[from] ability: Drizzle|[of] p2a: Kyogre\n|turn|38\n|\n|t:|1781388875\n|-terastallize|p2a: Kyogre|Water\n|move|p2a: Kyogre|Origin Pulse|p1a: Rhydon|[miss]\n|-miss|p2a: Kyogre|p1a: Rhydon\n|move|p1a: Rhydon|Earthquake|p2a: Kyogre\n|-damage|p2a: Kyogre|0 fnt\n|faint|p2a: Kyogre\n|\n|win|boxhero147\n", "uploadtime": 1781388604, "views": 3, "formatid": "gen9randombattle", "rating": null, "private": 0, "password": null}