{"id": "gen9randombattle-2631572416", "format": "[Gen 9] Random Battle", "players": ["randomname1313", "nickolassbomfim"], "log": "|j|\u2606randomname1313\n|j|\u2606nickolassbomfim\n|t:|1781403042\n|gametype|singles\n|player|p1|randomname1313|1|1938\n|player|p2|nickolassbomfim|red-masters|1925\n|gen|9\n|tier|[Gen 9] Random Battle\n|rated|\n|rule|Species Clause: Limit one of each Pok\u00e9mon\n|rule|HP Percentage Mod: HP is shown in percentages\n|rule|Sleep Clause Mod: Limit one foe put to sleep\n|rule|Illusion Level Mod: Illusion disguises the Pok\u00e9mon's true level\n|\n|t:|1781403042\n|teamsize|p1|6\n|teamsize|p2|6\n|start\n|switch|p1a: Iron Boulder|Iron Boulder, L77|265/265\n|switch|p2a: Espathra|Espathra, L80, M|283/283\n|turn|1\n|inactive|Battle timer is ON: inactive players will automatically lose when time's up. (requested by nickolassbomfim)\n|\n|t:|1781403048\n|move|p1a: Iron Boulder|Swords Dance|p1a: Iron Boulder\n|-boost|p1a: Iron Boulder|atk|2\n|move|p2a: Espathra|U-turn|p1a: Iron Boulder\n|-supereffective|p1a: Iron Boulder\n|-damage|p1a: Iron Boulder|195/265\n|\n|t:|1781403055\n|switch|p2a: Pachirisu|Pachirisu, L96, M|271/271|[from] U-turn\n|\n|upkeep\n|turn|2\n|\n|t:|1781403060\n|move|p2a: Pachirisu|Encore|p1a: Iron Boulder\n|-start|p1a: Iron Boulder|Encore\n|move|p1a: Iron Boulder|Swords Dance|p1a: Iron Boulder\n|-boost|p1a: Iron Boulder|atk|2\n|\n|upkeep\n|turn|3\n|\n|t:|1781403065\n|-end|p1a: Iron Boulder|Quark Drive|[silent]\n|switch|p1a: Dugtrio|Dugtrio-Alola, L84, M|196/196\n|move|p2a: Pachirisu|Discharge|p1a: Dugtrio\n|-immune|p1a: Dugtrio\n|\n|upkeep\n|turn|4\n|\n|t:|1781403069\n|move|p2a: Pachirisu|U-turn|p1a: Dugtrio\n|-resisted|p1a: Dugtrio\n|-damage|p1a: Dugtrio|174/196\n|-ability|p1a: Dugtrio|Tangling Hair\n|-unboost|p2a: Pachirisu|spe|1\n|\n|t:|1781403072\n|switch|p2a: Trevenant|Trevenant, L89, M|296/296|[from] U-turn\n|move|p1a: Dugtrio|Swords Dance|p1a: Dugtrio\n|-boost|p1a: Dugtrio|atk|2\n|\n|upkeep\n|turn|5\n|\n|t:|1781403075\n|move|p1a: Dugtrio|Iron Head|p2a: Trevenant\n|-damage|p2a: Trevenant|76/296\n|-damage|p1a: Dugtrio|155/196|[from] item: Life Orb\n|move|p2a: Trevenant|Drain Punch|p1a: Dugtrio\n|-supereffective|p1a: Dugtrio\n|-damage|p1a: Dugtrio|0 fnt\n|-heal|p2a: Trevenant|154/296|[from] drain|[of] p1a: Dugtrio\n|-ability|p1a: Dugtrio|Tangling Hair\n|-unboost|p2a: Trevenant|spe|1\n|faint|p1a: Dugtrio\n|-damage|p2a: Trevenant|125/296|[from] item: Life Orb\n|\n|upkeep\n|\n|t:|1781403080\n|switch|p1a: Ariados|Ariados, L95, M|287/287\n|turn|6\n|\n|t:|1781403086\n|switch|p2a: Espathra|Espathra, L80, M|283/283\n|move|p1a: Ariados|Sticky Web|p2a: Espathra\n|-sidestart|p2: nickolassbomfim|move: Sticky Web\n|\n|upkeep\n|turn|7\n|\n|t:|1781403090\n|switch|p1a: Iron Boulder|Iron Boulder, L77|195/265\n|move|p2a: Espathra|Lumina Crash|p1a: Iron Boulder\n|-resisted|p1a: Iron Boulder\n|-damage|p1a: Iron Boulder|142/265\n|-unboost|p1a: Iron Boulder|spd|2\n|\n|-ability|p2a: Espathra|Speed Boost|boost\n|-boost|p2a: Espathra|spe|1\n|upkeep\n|turn|8\n|\n|t:|1781403095\n|move|p2a: Espathra|Lumina Crash|p1a: Iron Boulder\n|-resisted|p1a: Iron Boulder\n|-damage|p1a: Iron Boulder|23/265\n|-unboost|p1a: Iron Boulder|spd|2\n|move|p1a: Iron Boulder|Mighty Cleave|p2a: Espathra\n|-damage|p2a: Espathra|102/283\n|-damage|p1a: Iron Boulder|0 fnt|[from] item: Life Orb\n|faint|p1a: Iron Boulder\n|-end|p1a: Iron Boulder|Quark Drive|[silent]\n|\n|-ability|p2a: Espathra|Speed Boost|boost\n|-boost|p2a: Espathra|spe|1\n|upkeep\n|\n|t:|1781403100\n|switch|p1a: Barraskewda|Barraskewda, L81, M|231/231\n|turn|9\n|\n|t:|1781403107\n|move|p2a: Espathra|Lumina Crash|p1a: Barraskewda\n|-damage|p1a: Barraskewda|56/231\n|-unboost|p1a: Barraskewda|spd|2\n|move|p1a: Barraskewda|Waterfall|p2a: Espathra\n|-damage|p2a: Espathra|0 fnt\n|faint|p2a: Espathra\n|\n|upkeep\n|\n|t:|1781403117\n|switch|p2a: Toucannon|Toucannon, L88, M|284/284\n|turn|10\n|\n|t:|1781403123\n|switch|p1a: Volcanion|Volcanion, L79|255/255\n|-singleturn|p2a: Toucannon|move: Beak Blast\n|move|p2a: Toucannon|Beak Blast|p1a: Volcanion\n|-damage|p1a: Volcanion|137/255\n|\n|upkeep\n|turn|11\n|\n|t:|1781403129\n|move|p1a: Volcanion|Steam Eruption|p2a: Toucannon\n|-damage|p2a: Toucannon|134/284\n|-status|p2a: Toucannon|brn\n|move|p2a: Toucannon|Knock Off|p1a: Volcanion\n|-damage|p1a: Volcanion|100/255\n|-enditem|p1a: Volcanion|Choice Scarf|[from] move: Knock Off|[of] p2a: Toucannon\n|\n|-damage|p2a: Toucannon|117/284 brn|[from] brn\n|upkeep\n|turn|12\n|\n|t:|1781403137\n|move|p2a: Toucannon|Boomburst|p1a: Volcanion\n|-damage|p1a: Volcanion|0 fnt\n|faint|p1a: Volcanion\n|\n|-damage|p2a: Toucannon|100/284 brn|[from] brn\n|upkeep\n|\n|t:|1781403145\n|switch|p1a: Gurdurr|Gurdurr, L85, M|283/283\n|turn|13\n|\n|t:|1781403155\n|move|p2a: Toucannon|Knock Off|p1a: Gurdurr\n|-resisted|p1a: Gurdurr\n|-damage|p1a: Gurdurr|268/283\n|-enditem|p1a: Gurdurr|Eviolite|[from] move: Knock Off|[of] p2a: Toucannon\n|move|p1a: Gurdurr|Bulk Up|p1a: Gurdurr\n|-boost|p1a: Gurdurr|atk|1\n|-boost|p1a: Gurdurr|def|1\n|\n|-damage|p2a: Toucannon|83/284 brn|[from] brn\n|upkeep\n|turn|14\n|\n|t:|1781403160\n|move|p2a: Toucannon|Boomburst|p1a: Gurdurr\n|-damage|p1a: Gurdurr|82/283\n|move|p1a: Gurdurr|Drain Punch|p2a: Toucannon\n|-damage|p2a: Toucannon|0 fnt\n|-heal|p1a: Gurdurr|124/283|[from] drain|[of] p2a: Toucannon\n|faint|p2a: Toucannon\n|\n|upkeep\n|\n|t:|1781403166\n|switch|p2a: Pachirisu|Pachirisu, L96, M|271/271\n|turn|15\n|\n|t:|1781403172\n|-terastallize|p2a: Pachirisu|Flying\n|move|p1a: Gurdurr|Mach Punch|p2a: Pachirisu\n|-resisted|p2a: Pachirisu\n|-damage|p2a: Pachirisu|237/271\n|move|p2a: Pachirisu|Discharge|p1a: Gurdurr\n|-damage|p1a: Gurdurr|31/283\n|\n|upkeep\n|turn|16\n|\n|t:|1781403179\n|move|p1a: Gurdurr|Mach Punch|p2a: Pachirisu\n|-resisted|p2a: Pachirisu\n|-damage|p2a: Pachirisu|204/271\n|move|p2a: Pachirisu|Discharge|p1a: Gurdurr\n|-damage|p1a: Gurdurr|0 fnt\n|faint|p1a: Gurdurr\n|\n|upkeep\n|\n|t:|1781403188\n|switch|p1a: Barraskewda|Barraskewda, L81, M|56/231\n|turn|17\n|\n|t:|1781403192\n|move|p1a: Barraskewda|Waterfall|p2a: Pachirisu\n|-damage|p2a: Pachirisu|51/271\n|move|p2a: Pachirisu|Discharge|p1a: Barraskewda\n|-supereffective|p1a: Barraskewda\n|-damage|p1a: Barraskewda|0 fnt\n|faint|p1a: Barraskewda\n|\n|upkeep\n|\n|t:|1781403194\n|switch|p1a: Ariados|Ariados, L95, M|287/287\n|turn|18\n|\n|t:|1781403197\n|move|p2a: Pachirisu|Super Fang|p1a: Ariados\n|-damage|p1a: Ariados|144/287\n|move|p1a: Ariados|Poison Jab|p2a: Pachirisu\n|-crit|p2a: Pachirisu\n|-damage|p2a: Pachirisu|0 fnt\n|faint|p2a: Pachirisu\n|\n|upkeep\n|\n|t:|1781403200\n|switch|p2a: Cloyster|Cloyster, L80, F|211/211\n|-activate|p2a: Cloyster|move: Sticky Web\n|-unboost|p2a: Cloyster|spe|1\n|-enditem|p2a: Cloyster|White Herb\n|-clearnegativeboost|p2a: Cloyster|[silent]\n|turn|19\n|-message|randomname1313 forfeited.\n|\n|win|nickolassbomfim\n", "uploadtime": 1781403044, "views": 7, "formatid": "gen9randombattle", "rating": null, "private": 0, "password": null}