{"id": "gen9randombattle-2631529456", "format": "[Gen 9] Random Battle", "players": ["Versily", "nyonbeast"], "log": "|j|\u2606Versily\n|j|\u2606nyonbeast\n|t:|1781397127\n|gametype|singles\n|player|p1|Versily|palmer|1459\n|player|p2|nyonbeast|linebacker|1423\n|gen|9\n|tier|[Gen 9] Random Battle\n|rated|\n|rule|Species Clause: Limit one of each Pok\u00e9mon\n|rule|HP Percentage Mod: HP is shown in percentages\n|rule|Sleep Clause Mod: Limit one foe put to sleep\n|rule|Illusion Level Mod: Illusion disguises the Pok\u00e9mon's true level\n|\n|t:|1781397127\n|teamsize|p1|6\n|teamsize|p2|6\n|start\n|switch|p1a: Skarmory|Skarmory, L80, F|235/235\n|switch|p2a: Eelektross|Eelektross, L87, M|290/290\n|turn|1\n|\n|t:|1781397140\n|move|p1a: Skarmory|Stealth Rock|p2a: Eelektross\n|-sidestart|p2: nyonbeast|move: Stealth Rock\n|move|p2a: Eelektross|Coil|p2a: Eelektross\n|-boost|p2a: Eelektross|atk|1\n|-boost|p2a: Eelektross|def|1\n|-boost|p2a: Eelektross|accuracy|1\n|\n|upkeep\n|turn|2\n|\n|t:|1781397146\n|move|p2a: Eelektross|Supercell Slam|p1a: Skarmory\n|-supereffective|p1a: Skarmory\n|-ability|p1a: Skarmory|Sturdy\n|-damage|p1a: Skarmory|1/235\n|move|p1a: Skarmory|Whirlwind|p2a: Eelektross\n|drag|p2a: Calyrex|Calyrex, L93|337/337\n|-ability|p2a: Calyrex|Unnerve\n|-damage|p2a: Calyrex|295/337|[from] Stealth Rock\n|\n|-heal|p2a: Calyrex|316/337|[from] item: Leftovers\n|-heal|p1a: Skarmory|15/235|[from] item: Leftovers\n|upkeep\n|turn|3\n|\n|t:|1781397170\n|move|p2a: Calyrex|Body Press|p1a: Skarmory\n|-damage|p1a: Skarmory|0 fnt\n|faint|p1a: Skarmory\n|\n|-heal|p2a: Calyrex|337/337|[from] item: Leftovers\n|upkeep\n|\n|t:|1781397192\n|switch|p1a: Meowscarada|Meowscarada, L78, M|247/247\n|turn|4\n|inactive|Battle timer is ON: inactive players will automatically lose when time's up. (requested by nyonbeast)\n|\n|t:|1781397207\n|-terastallize|p2a: Calyrex|Fighting\n|move|p1a: Meowscarada|Knock Off|p2a: Calyrex\n|-start|p1a: Meowscarada|typechange|Dark|[from] ability: Protean\n|-resisted|p2a: Calyrex\n|-damage|p2a: Calyrex|275/337\n|-enditem|p2a: Calyrex|Leftovers|[from] move: Knock Off|[of] p1a: Meowscarada\n|-damage|p1a: Meowscarada|223/247|[from] item: Life Orb\n|move|p2a: Calyrex|Body Press|p1a: Meowscarada\n|-supereffective|p1a: Meowscarada\n|-damage|p1a: Meowscarada|0 fnt\n|faint|p1a: Meowscarada\n|\n|upkeep\n|\n|t:|1781397234\n|switch|p1a: Enamorus|Enamorus-Therian, L83, F|259/259\n|turn|5\n|\n|t:|1781397238\n|move|p2a: Calyrex|Leech Seed|p1a: Enamorus\n|-start|p1a: Enamorus|move: Leech Seed\n|move|p1a: Enamorus|Agility|p1a: Enamorus\n|-boost|p1a: Enamorus|spe|2\n|\n|-damage|p1a: Enamorus|227/259|[from] Leech Seed|[of] p2a: Calyrex\n|-heal|p2a: Calyrex|307/337|[silent]\n|upkeep\n|turn|6\n|\n|t:|1781397250\n|switch|p2a: Milotic|Milotic, L83, M|293/293\n|-damage|p2a: Milotic|257/293|[from] Stealth Rock\n|move|p1a: Enamorus|Moonblast|p2a: Milotic\n|-damage|p2a: Milotic|155/293\n|-unboost|p2a: Milotic|spa|1\n|-ability|p2a: Milotic|Competitive|boost\n|-boost|p2a: Milotic|spa|2\n|\n|-heal|p2a: Milotic|173/293|[from] item: Leftovers\n|-damage|p1a: Enamorus|195/259|[from] Leech Seed|[of] p2a: Milotic\n|-heal|p2a: Milotic|205/293|[silent]\n|upkeep\n|turn|7\n|\n|t:|1781397263\n|move|p1a: Enamorus|Moonblast|p2a: Milotic\n|-damage|p2a: Milotic|100/293\n|move|p2a: Milotic|Ice Beam|p1a: Enamorus\n|-supereffective|p1a: Enamorus\n|-damage|p1a: Enamorus|3/259\n|-enditem|p1a: Enamorus|Weakness Policy\n|-boost|p1a: Enamorus|atk|2|[from] item: Weakness Policy\n|-boost|p1a: Enamorus|spa|2|[from] item: Weakness Policy\n|\n|-heal|p2a: Milotic|118/293|[from] item: Leftovers\n|-damage|p1a: Enamorus|0 fnt|[from] Leech Seed|[of] p2a: Milotic\n|-heal|p2a: Milotic|121/293|[silent]\n|faint|p1a: Enamorus\n|upkeep\n|c|\u2606Versily|god you're such a lame ass\n|\n|t:|1781397282\n|switch|p1a: Electrode|Electrode, L92|260/260\n|turn|8\n|c|\u2606nyonbeast|for what\n|\n|t:|1781397308\n|switch|p2a: Flygon|Flygon, L82, F|265/265\n|-damage|p2a: Flygon|249/265|[from] Stealth Rock\n|move|p1a: Electrode|Thunderbolt|p2a: Flygon\n|-immune|p2a: Flygon\n|\n|upkeep\n|turn|9\n|\n|t:|1781397316\n|move|p1a: Electrode|Taunt|p2a: Flygon\n|-start|p2a: Flygon|move: Taunt\n|move|p2a: Flygon|Earthquake|p1a: Electrode\n|-supereffective|p1a: Electrode\n|-damage|p1a: Electrode|50/260\n|\n|-heal|p1a: Electrode|66/260|[from] item: Leftovers\n|upkeep\n|turn|10\n|\n|t:|1781397324\n|move|p1a: Electrode|Foul Play|p2a: Flygon\n|-damage|p2a: Flygon|168/265\n|move|p2a: Flygon|Earthquake|p1a: Electrode\n|-supereffective|p1a: Electrode\n|-damage|p1a: Electrode|0 fnt\n|faint|p1a: Electrode\n|\n|upkeep\n|c|\u2606Versily|shut up\n|\n|t:|1781397334\n|switch|p1a: Spiritomb|Spiritomb, L89, M|234/234\n|turn|11\n|c|\u2606nyonbeast|you play like a dumbass dont blame me\n|\n|t:|1781397354\n|switch|p2a: Dedenne|Dedenne, L88, M|261/261\n|-damage|p2a: Dedenne|229/261|[from] Stealth Rock\n|move|p1a: Spiritomb|Poltergeist|p2a: Dedenne\n|-activate|p2a: Dedenne|move: Poltergeist|Sitrus Berry\n|-damage|p2a: Dedenne|0 fnt\n|faint|p2a: Dedenne\n|\n|upkeep\n|n|!Versily|versily\n|\n|t:|1781397362\n|switch|p2a: Mimikyu|Mimikyu, L79, F|216/216\n|-damage|p2a: Mimikyu|189/216|[from] Stealth Rock\n|turn|12\n|\n|t:|1781397367\n|move|p2a: Mimikyu|Swords Dance|p2a: Mimikyu\n|-boost|p2a: Mimikyu|atk|2\n|move|p1a: Spiritomb|Poltergeist|p2a: Mimikyu\n|-activate|p2a: Mimikyu|move: Poltergeist|Life Orb\n|-activate|p2a: Mimikyu|ability: Disguise\n|-damage|p2a: Mimikyu|189/216\n|detailschange|p2a: Mimikyu|Mimikyu-Busted, L79, F\n|-damage|p2a: Mimikyu|162/216|[from] pokemon: Mimikyu-Busted\n|\n|upkeep\n|turn|13\n|\n|t:|1781397376\n|move|p2a: Mimikyu|Play Rough|p1a: Spiritomb\n|-supereffective|p1a: Spiritomb\n|-damage|p1a: Spiritomb|0 fnt\n|faint|p1a: Spiritomb\n|-damage|p2a: Mimikyu|141/216|[from] item: Life Orb\n|\n|upkeep\n|\n|t:|1781397379\n|switch|p1a: Orthworm|Orthworm, L88, F|266/266\n|turn|14\n|\n|t:|1781397386\n|move|p2a: Mimikyu|Shadow Claw|p1a: Orthworm\n|-damage|p1a: Orthworm|171/266\n|-damage|p2a: Mimikyu|120/216|[from] item: Life Orb\n|move|p1a: Orthworm|Heavy Slam|p2a: Mimikyu\n|-supereffective|p2a: Mimikyu\n|-damage|p2a: Mimikyu|0 fnt\n|faint|p2a: Mimikyu\n|\n|-heal|p1a: Orthworm|187/266|[from] item: Leftovers\n|upkeep\n|\n|t:|1781397396\n|switch|p2a: Eelektross|Eelektross, L87, M|290/290\n|-damage|p2a: Eelektross|254/290|[from] Stealth Rock\n|turn|15\n|\n|t:|1781397402\n|move|p1a: Orthworm|Body Press|p2a: Eelektross\n|-damage|p2a: Eelektross|168/290\n|move|p2a: Eelektross|Coil|p2a: Eelektross\n|-boost|p2a: Eelektross|atk|1\n|-boost|p2a: Eelektross|def|1\n|-boost|p2a: Eelektross|accuracy|1\n|\n|-heal|p1a: Orthworm|203/266|[from] item: Leftovers\n|-heal|p2a: Eelektross|186/290|[from] item: Leftovers\n|upkeep\n|turn|16\n|\n|t:|1781397411\n|move|p1a: Orthworm|Body Press|p2a: Eelektross\n|-damage|p2a: Eelektross|130/290\n|move|p2a: Eelektross|Drain Punch|p1a: Orthworm\n|-supereffective|p1a: Orthworm\n|-damage|p1a: Orthworm|71/266\n|-heal|p2a: Eelektross|196/290|[from] drain|[of] p1a: Orthworm\n|\n|-heal|p1a: Orthworm|87/266|[from] item: Leftovers\n|-heal|p2a: Eelektross|214/290|[from] item: Leftovers\n|upkeep\n|turn|17\n|\n|t:|1781397419\n|move|p1a: Orthworm|Body Press|p2a: Eelektross\n|-damage|p2a: Eelektross|159/290\n|move|p2a: Eelektross|Drain Punch|p1a: Orthworm\n|-supereffective|p1a: Orthworm\n|-damage|p1a: Orthworm|0 fnt\n|-heal|p2a: Eelektross|203/290|[from] drain|[of] p1a: Orthworm\n|faint|p1a: Orthworm\n|\n|win|nyonbeast\n", "uploadtime": 1781397357, "views": 2, "formatid": "gen9randombattle", "rating": null, "private": 0, "password": null}