{"id": "gen9randombattle-2631390708", "format": "[Gen 9] Random Battle", "players": ["Fluf1002", "good pork"], "log": "|j|\u2606Fluf1002\n|j|\u2606good pork\n|t:|1781379031\n|gametype|singles\n|player|p1|Fluf1002|169|2009\n|player|p2|good pork|266|1992\n|gen|9\n|tier|[Gen 9] Random Battle\n|rated|\n|rule|Species Clause: Limit one of each Pok\u00e9mon\n|rule|HP Percentage Mod: HP is shown in percentages\n|rule|Sleep Clause Mod: Limit one foe put to sleep\n|rule|Illusion Level Mod: Illusion disguises the Pok\u00e9mon's true level\n|\n|t:|1781379031\n|teamsize|p1|6\n|teamsize|p2|6\n|start\n|switch|p1a: Annihilape|Annihilape, L76, F|292/292\n|switch|p2a: Scovillain|Scovillain, L91, F|266/266\n|turn|1\n|inactive|Battle timer is ON: inactive players will automatically lose when time's up. (requested by Fluf1002)\n|\n|t:|1781379051\n|switch|p2a: Milotic|Milotic, L83, M|293/293\n|move|p1a: Annihilape|Gunk Shot|p2a: Milotic\n|-damage|p2a: Milotic|198/293\n|\n|-heal|p2a: Milotic|216/293|[from] item: Leftovers\n|upkeep\n|turn|2\n|\n|t:|1781379060\n|switch|p1a: Calyrex|Calyrex, L93|337/337\n|-ability|p1a: Calyrex|Unnerve\n|move|p2a: Milotic|Scald|p1a: Calyrex\n|-resisted|p1a: Calyrex\n|-damage|p1a: Calyrex|299/337\n|\n|-heal|p1a: Calyrex|320/337|[from] item: Leftovers\n|-heal|p2a: Milotic|234/293|[from] item: Leftovers\n|upkeep\n|turn|3\n|\n|t:|1781379067\n|switch|p2a: Cacturne|Cacturne, L92, M|278/278\n|move|p1a: Calyrex|Psychic|p2a: Cacturne\n|-immune|p2a: Cacturne\n|\n|-heal|p1a: Calyrex|337/337|[from] item: Leftovers\n|upkeep\n|turn|4\n|\n|t:|1781379075\n|switch|p1a: Annihilape|Annihilape, L76, F|292/292\n|move|p2a: Cacturne|Knock Off|p1a: Annihilape\n|-damage|p1a: Annihilape|93/292\n|-enditem|p1a: Annihilape|Leftovers|[from] move: Knock Off|[of] p2a: Cacturne\n|-damage|p2a: Cacturne|251/278|[from] item: Life Orb\n|\n|upkeep\n|turn|5\n|\n|t:|1781379080\n|move|p2a: Cacturne|Sucker Punch||[still]\n|-fail|p2a: Cacturne\n|move|p1a: Annihilape|Bulk Up|p1a: Annihilape\n|-boost|p1a: Annihilape|atk|1\n|-boost|p1a: Annihilape|def|1\n|\n|upkeep\n|turn|6\n|\n|t:|1781379085\n|move|p2a: Cacturne|Sucker Punch|p1a: Annihilape\n|-damage|p1a: Annihilape|0 fnt\n|faint|p1a: Annihilape\n|-damage|p2a: Cacturne|224/278|[from] item: Life Orb\n|\n|upkeep\n|\n|t:|1781379094\n|switch|p1a: Talonflame|Talonflame, L83, F|265/265\n|turn|7\n|\n|t:|1781379103\n|switch|p2a: Solgaleo|Solgaleo, L74|325/325\n|move|p1a: Talonflame|Brave Bird|p2a: Solgaleo\n|-resisted|p2a: Solgaleo\n|-damage|p2a: Solgaleo|274/325\n|-damage|p1a: Talonflame|248/265|[from] Recoil\n|\n|-heal|p2a: Solgaleo|294/325|[from] item: Leftovers\n|upkeep\n|turn|8\n|\n|t:|1781379106\n|switch|p2a: Milotic|Milotic, L83, M|234/293\n|move|p1a: Talonflame|Overheat|p2a: Milotic\n|-resisted|p2a: Milotic\n|-damage|p2a: Milotic|195/293\n|-unboost|p1a: Talonflame|spa|2\n|\n|-heal|p2a: Milotic|213/293|[from] item: Leftovers\n|upkeep\n|turn|9\n|\n|t:|1781379114\n|switch|p1a: Calyrex|Calyrex, L93|337/337\n|-ability|p1a: Calyrex|Unnerve\n|move|p2a: Milotic|Ice Beam|p1a: Calyrex\n|-supereffective|p1a: Calyrex\n|-damage|p1a: Calyrex|205/337\n|\n|-heal|p1a: Calyrex|226/337|[from] item: Leftovers\n|-heal|p2a: Milotic|231/293|[from] item: Leftovers\n|upkeep\n|turn|10\n|-message|Fluf1002 forfeited.\n|\n|win|good pork\n", "uploadtime": 1781379032, "views": 6, "formatid": "gen9randombattle", "rating": null, "private": 0, "password": null}