{"id": "gen9randombattle-2631799214", "format": "[Gen 9] Random Battle", "players": ["Ggstarmie", "Osranedupsko"], "log": "|j|\u2606Ggstarmie\n|j|\u2606Osranedupsko\n|t:|1781441381\n|gametype|singles\n|player|p1|Ggstarmie|1|2001\n|player|p2|Osranedupsko|janitor|2117\n|gen|9\n|tier|[Gen 9] Random Battle\n|rated|\n|rule|Species Clause: Limit one of each Pok\u00e9mon\n|rule|HP Percentage Mod: HP is shown in percentages\n|rule|Sleep Clause Mod: Limit one foe put to sleep\n|rule|Illusion Level Mod: Illusion disguises the Pok\u00e9mon's true level\n|\n|t:|1781441381\n|teamsize|p1|6\n|teamsize|p2|6\n|start\n|switch|p1a: Espeon|Espeon, L84, F|246/246\n|switch|p2a: Excadrill|Excadrill, L79, M|303/303\n|-ability|p2a: Excadrill|Mold Breaker\n|turn|1\n|inactive|Battle timer is ON: inactive players will automatically lose when time's up. (requested by Osranedupsko)\n|\n|t:|1781441394\n|switch|p1a: Salamence|Salamence, L77, F|273/273\n|-ability|p1a: Salamence|Intimidate|boost\n|-unboost|p2a: Excadrill|atk|1\n|switch|p2a: Vespiquen|Vespiquen, L99, F|299/299\n|-ability|p2a: Vespiquen|Pressure\n|\n|upkeep\n|turn|2\n|\n|t:|1781441408\n|move|p1a: Salamence|Dragon Dance|p1a: Salamence\n|-boost|p1a: Salamence|atk|1\n|-boost|p1a: Salamence|spe|1\n|move|p2a: Vespiquen|U-turn|p1a: Salamence\n|-resisted|p1a: Salamence\n|-damage|p1a: Salamence|226/273\n|\n|t:|1781441424\n|switch|p2a: Indeedee|Indeedee-F, L90, F|272/272|[from] U-turn\n|-fieldstart|move: Psychic Terrain|[from] ability: Psychic Surge|[of] p2a: Indeedee\n|\n|upkeep\n|turn|3\n|\n|t:|1781441438\n|switch|p1a: Mabosstiff|Mabosstiff, L86, F|278/278\n|move|p2a: Indeedee|Psychic|p1a: Mabosstiff\n|-immune|p1a: Mabosstiff\n|\n|upkeep\n|turn|4\n|\n|t:|1781441453\n|move|p2a: Indeedee|Dazzling Gleam|p1a: Mabosstiff\n|-supereffective|p1a: Mabosstiff\n|-damage|p1a: Mabosstiff|88/278\n|-damage|p2a: Indeedee|245/272|[from] item: Life Orb\n|move|p1a: Mabosstiff|Crunch|p2a: Indeedee\n|-supereffective|p2a: Indeedee\n|-damage|p2a: Indeedee|0 fnt\n|faint|p2a: Indeedee\n|\n|upkeep\n|\n|t:|1781441472\n|switch|p2a: Vespiquen|Vespiquen, L99, F|299/299\n|-ability|p2a: Vespiquen|Pressure\n|turn|5\n|\n|t:|1781441475\n|switch|p1a: Espeon|Espeon, L84, F|246/246\n|move|p2a: Vespiquen|U-turn|p1a: Espeon\n|-supereffective|p1a: Espeon\n|-damage|p1a: Espeon|34/246\n|\n|t:|1781441483\n|switch|p2a: Excadrill|Excadrill, L79, M|303/303|[from] U-turn\n|-ability|p2a: Excadrill|Mold Breaker\n|\n|upkeep\n|turn|6\n|\n|t:|1781441486\n|switch|p1a: Salamence|Salamence, L77, F|226/273\n|-ability|p1a: Salamence|Intimidate|boost\n|-unboost|p2a: Excadrill|atk|1\n|move|p2a: Excadrill|Rapid Spin|p1a: Salamence\n|-damage|p1a: Salamence|195/273\n|-boost|p2a: Excadrill|spe|1\n|\n|-fieldend|move: Psychic Terrain\n|upkeep\n|turn|7\n|\n|t:|1781441495\n|move|p2a: Excadrill|Swords Dance|p2a: Excadrill\n|-boost|p2a: Excadrill|atk|2\n|move|p1a: Salamence|Dragon Dance|p1a: Salamence\n|-boost|p1a: Salamence|atk|1\n|-boost|p1a: Salamence|spe|1\n|\n|upkeep\n|turn|8\n|\n|t:|1781441527\n|-terastallize|p2a: Excadrill|Ground\n|move|p1a: Salamence|Earthquake|p2a: Excadrill\n|-damage|p2a: Excadrill|156/303\n|move|p2a: Excadrill|Rapid Spin|p1a: Salamence\n|-damage|p1a: Salamence|128/273\n|-boost|p2a: Excadrill|spe|1\n|\n|-heal|p2a: Excadrill|174/303|[from] item: Leftovers\n|upkeep\n|turn|9\n|\n|t:|1781441536\n|move|p2a: Excadrill|Iron Head|p1a: Salamence\n|-damage|p1a: Salamence|0 fnt\n|faint|p1a: Salamence\n|\n|-heal|p2a: Excadrill|192/303|[from] item: Leftovers\n|upkeep\n|\n|t:|1781441542\n|switch|p1a: Toxapex|Toxapex, L82, F|216/216\n|turn|10\n|\n|t:|1781441554\n|switch|p2a: Vespiquen|Vespiquen, L99, F|299/299\n|-ability|p2a: Vespiquen|Pressure\n|-terastallize|p1a: Toxapex|Flying\n|move|p1a: Toxapex|Haze|p1a: Toxapex\n|-clearallboost\n|\n|upkeep\n|turn|11\n|\n|t:|1781441568\n|move|p2a: Vespiquen|U-turn|p1a: Toxapex\n|-resisted|p1a: Toxapex\n|-damage|p1a: Toxapex|189/216\n|-damage|p2a: Vespiquen|250/299|[from] item: Rocky Helmet|[of] p1a: Toxapex\n|\n|t:|1781441570\n|switch|p2a: Munkidori|Munkidori, L79, M|269/269|[from] U-turn\n|move|p1a: Toxapex|Toxic|p2a: Munkidori\n|-immune|p2a: Munkidori\n|\n|upkeep\n|turn|12\n|\n|t:|1781441577\n|move|p2a: Munkidori|Nasty Plot|p2a: Munkidori\n|-boost|p2a: Munkidori|spa|2\n|move|p1a: Toxapex|Liquidation|p2a: Munkidori\n|-damage|p2a: Munkidori|188/269\n|\n|upkeep\n|turn|13\n|\n|t:|1781441590\n|switch|p1a: Muk|Muk, L86, F|321/321\n|move|p2a: Munkidori|Sludge Wave|p1a: Muk\n|-resisted|p1a: Muk\n|-damage|p1a: Muk|227/321\n|-damage|p2a: Munkidori|162/269|[from] item: Life Orb\n|\n|upkeep\n|turn|14\n|\n|t:|1781441594\n|move|p1a: Muk|Shadow Sneak|p2a: Munkidori\n|-supereffective|p2a: Munkidori\n|-damage|p2a: Munkidori|80/269\n|move|p2a: Munkidori|Psyshock|p1a: Muk\n|-supereffective|p1a: Muk\n|-damage|p1a: Muk|0 fnt\n|faint|p1a: Muk\n|-damage|p2a: Munkidori|54/269|[from] item: Life Orb\n|\n|upkeep\n|\n|t:|1781441597\n|switch|p1a: Espeon|Espeon, L84, F|34/246\n|turn|15\n|\n|t:|1781441605\n|switch|p2a: Vespiquen|Vespiquen, L99, F|250/299\n|-ability|p2a: Vespiquen|Pressure\n|move|p1a: Espeon|Shadow Ball|p2a: Vespiquen\n|-crit|p2a: Vespiquen\n|-damage|p2a: Vespiquen|136/299\n|-damage|p1a: Espeon|10/246|[from] item: Life Orb\n|\n|upkeep\n|turn|16\n|\n|t:|1781441615\n|move|p1a: Espeon|Psyshock|p2a: Vespiquen\n|-damage|p2a: Vespiquen|31/299\n|-damage|p1a: Espeon|0 fnt|[from] item: Life Orb\n|faint|p1a: Espeon\n|move|p2a: Vespiquen|U-turn|p1: Espeon|[notarget]\n|-fail|p2a: Vespiquen\n|\n|upkeep\n|\n|t:|1781441620\n|switch|p1a: Delphox|Delphox, L84, F|263/263\n|turn|17\n|\n|t:|1781441625\n|move|p1a: Delphox|Nasty Plot|p1a: Delphox\n|-boost|p1a: Delphox|spa|2\n|move|p2a: Vespiquen|U-turn|p1a: Delphox\n|-damage|p1a: Delphox|166/263\n|\n|t:|1781441637\n|switch|p2a: Scovillain|Scovillain, L91, M|266/266|[from] U-turn\n|\n|upkeep\n|turn|18\n|\n|t:|1781441652\n|move|p1a: Delphox|Fire Blast|p2a: Scovillain\n|-damage|p2a: Scovillain|0 fnt\n|faint|p2a: Scovillain\n|\n|upkeep\n|inactive|Osranedupsko has 120 seconds left.\n|\n|t:|1781441673\n|switch|p2a: Venomoth|Venomoth, L84, F|255/255\n|turn|19\n|\n|t:|1781441677\n|move|p1a: Delphox|Psyshock|p2a: Venomoth\n|-supereffective|p2a: Venomoth\n|-damage|p2a: Venomoth|0 fnt\n|faint|p2a: Venomoth\n|\n|upkeep\n|\n|t:|1781441681\n|switch|p2a: Excadrill|Excadrill, L79, M, tera:Ground|192/303\n|-ability|p2a: Excadrill|Mold Breaker\n|turn|20\n|\n|t:|1781441686\n|move|p1a: Delphox|Grass Knot|p2a: Excadrill\n|-supereffective|p2a: Excadrill\n|-damage|p2a: Excadrill|0 fnt\n|faint|p2a: Excadrill\n|\n|upkeep\n|-message|Osranedupsko forfeited.\n|\n|win|Ggstarmie\n", "uploadtime": 1781441383, "views": 3, "formatid": "gen9randombattle", "rating": null, "private": 0, "password": null}