{"id": "gen9randombattle-2631795243", "format": "[Gen 9] Random Battle", "players": ["EK Mike in abyss", "Barniekiller42064"], "log": "|j|\u2606EK Mike in abyss\n|j|\u2606Barniekiller42064\n|t:|1781440806\n|gametype|singles\n|player|p1|EK Mike in abyss|iono|2094\n|player|p2|Barniekiller42064|crasherwake|2085\n|gen|9\n|tier|[Gen 9] Random Battle\n|rated|\n|rule|Species Clause: Limit one of each Pok\u00e9mon\n|rule|HP Percentage Mod: HP is shown in percentages\n|rule|Sleep Clause Mod: Limit one foe put to sleep\n|rule|Illusion Level Mod: Illusion disguises the Pok\u00e9mon's true level\n|\n|t:|1781440806\n|teamsize|p1|6\n|teamsize|p2|6\n|start\n|switch|p1a: Porygon-Z|Porygon-Z, L83|277/277\n|switch|p2a: Braviary|Braviary-Hisui, L85, M|326/326\n|turn|1\n|inactive|Battle timer is ON: inactive players will automatically lose when time's up. (requested by Barniekiller42064)\n|\n|t:|1781440821\n|move|p1a: Porygon-Z|Tera Blast|p2a: Braviary\n|-damage|p2a: Braviary|89/326\n|-damage|p1a: Porygon-Z|250/277|[from] item: Life Orb\n|move|p2a: Braviary|Psychic|p1a: Porygon-Z\n|-damage|p1a: Porygon-Z|51/277\n|\n|upkeep\n|turn|2\n|\n|t:|1781440848\n|move|p1a: Porygon-Z|Tera Blast|p2a: Braviary\n|-damage|p2a: Braviary|0 fnt\n|faint|p2a: Braviary\n|-damage|p1a: Porygon-Z|24/277|[from] item: Life Orb\n|\n|upkeep\n|\n|t:|1781440850\n|switch|p2a: Spidops|Spidops, L96, M|271/271\n|turn|3\n|inactive|EK Mike in abyss has 120 seconds left.\n|inactive|EK Mike in abyss has 90 seconds left.\n|\n|t:|1781440916\n|move|p1a: Porygon-Z|Tera Blast|p2a: Spidops\n|-damage|p2a: Spidops|115/271\n|-damage|p1a: Porygon-Z|0 fnt|[from] item: Life Orb\n|faint|p1a: Porygon-Z\n|move|p2a: Spidops|Sticky Web|p1: Porygon-Z\n|-sidestart|p1: EK Mike in abyss|move: Sticky Web\n|\n|upkeep\n|\n|t:|1781440923\n|switch|p1a: Milotic|Milotic, L83, M|293/293\n|-activate|p1a: Milotic|move: Sticky Web\n|-unboost|p1a: Milotic|spe|1\n|-ability|p1a: Milotic|Competitive|boost\n|-boost|p1a: Milotic|spa|2\n|turn|4\n|\n|t:|1781440932\n|move|p2a: Spidops|Toxic Spikes|p1a: Milotic\n|-sidestart|p1: EK Mike in abyss|move: Toxic Spikes\n|move|p1a: Milotic|Scald|p2a: Spidops\n|-damage|p2a: Spidops|0 fnt\n|faint|p2a: Spidops\n|\n|upkeep\n|\n|t:|1781440934\n|switch|p2a: Glaceon|Glaceon, L94, F|275/275\n|turn|5\n|\n|t:|1781440943\n|move|p2a: Glaceon|Freeze-Dry|p1a: Milotic\n|-supereffective|p1a: Milotic\n|-damage|p1a: Milotic|119/293\n|move|p1a: Milotic|Scald|p2a: Glaceon\n|-damage|p2a: Glaceon|122/275\n|\n|-heal|p1a: Milotic|137/293|[from] item: Leftovers\n|upkeep\n|turn|6\n|\n|t:|1781440950\n|switch|p1a: Regieleki|Regieleki, L79|256/256\n|-activate|p1a: Regieleki|move: Sticky Web\n|-unboost|p1a: Regieleki|spe|1\n|-status|p1a: Regieleki|psn\n|move|p2a: Glaceon|Freeze-Dry|p1a: Regieleki\n|-damage|p1a: Regieleki|82/256 psn\n|\n|-damage|p1a: Regieleki|50/256 psn|[from] psn\n|upkeep\n|turn|7\n|\n|t:|1781440965\n|move|p1a: Regieleki|Rapid Spin|p2a: Glaceon\n|-damage|p2a: Glaceon|99/275\n|-boost|p1a: Regieleki|spe|1\n|-sideend|p1: EK Mike in abyss|Toxic Spikes|[from] move: Rapid Spin|[of] p1a: Regieleki\n|-sideend|p1: EK Mike in abyss|Sticky Web|[from] move: Rapid Spin|[of] p1a: Regieleki\n|move|p2a: Glaceon|Wish|p2a: Glaceon\n|\n|-damage|p1a: Regieleki|18/256 psn|[from] psn\n|upkeep\n|turn|8\n|\n|t:|1781440977\n|switch|p1a: Calyrex|Calyrex-Shadow, L64|235/235\n|-ability|p1a: Calyrex|As One\n|-ability|p1a: Calyrex|Unnerve\n|move|p2a: Glaceon|Protect||[still]\n|-fail|p2a: Glaceon\n|\n|-heal|p2a: Glaceon|236/275|[from] move: Wish|[wisher] Glaceon\n|upkeep\n|turn|9\n|\n|t:|1781440983\n|move|p1a: Calyrex|Nasty Plot|p1a: Calyrex\n|-boost|p1a: Calyrex|spa|2\n|move|p2a: Glaceon|Freeze-Dry|p1a: Calyrex\n|-damage|p1a: Calyrex|106/235\n|\n|upkeep\n|turn|10\n|inactive|EK Mike in abyss has 120 seconds left.\n|\n|t:|1781440998\n|move|p1a: Calyrex|Astral Barrage|p2a: Glaceon\n|-damage|p2a: Glaceon|0 fnt\n|faint|p2a: Glaceon\n|-ability|p1a: Calyrex|Grim Neigh|boost\n|-boost|p1a: Calyrex|spa|1\n|-damage|p1a: Calyrex|83/235|[from] item: Life Orb\n|\n|upkeep\n|\n|t:|1781441026\n|switch|p2a: Alcremie|Alcremie-Caramel-Swirl, L90, F|263/263\n|turn|11\n|inactive|EK Mike in abyss has 120 seconds left.\n|\n|t:|1781441046\n|move|p1a: Calyrex|Astral Barrage|p2a: Alcremie\n|-damage|p2a: Alcremie|0 fnt\n|faint|p2a: Alcremie\n|-ability|p1a: Calyrex|Grim Neigh|boost\n|-boost|p1a: Calyrex|spa|1\n|-damage|p1a: Calyrex|60/235|[from] item: Life Orb\n|\n|upkeep\n|-message|Barniekiller42064 forfeited.\n|\n|win|EK Mike in abyss\n", "uploadtime": 1781440808, "views": 4, "formatid": "gen9randombattle", "rating": null, "private": 0, "password": null}