{"id": "gen9randombattle-2631978691", "format": "[Gen 9] Random Battle", "players": ["Unneeded", "MattGSG"], "log": "|j|\u2606Unneeded\n|j|\u2606MattGSG\n|t:|1781462139\n|gametype|singles\n|player|p1|Unneeded|lucas|1947\n|player|p2|MattGSG|2|1900\n|gen|9\n|tier|[Gen 9] Random Battle\n|rated|\n|rule|Species Clause: Limit one of each Pok\u00e9mon\n|rule|HP Percentage Mod: HP is shown in percentages\n|rule|Sleep Clause Mod: Limit one foe put to sleep\n|rule|Illusion Level Mod: Illusion disguises the Pok\u00e9mon's true level\n|\n|t:|1781462139\n|teamsize|p1|6\n|teamsize|p2|6\n|start\n|switch|p1a: Iron Thorns|Iron Thorns, L83|302/302\n|switch|p2a: Iron Thorns|Iron Thorns, L83|302/302\n|turn|1\n|inactive|Battle timer is ON: inactive players will automatically lose when time's up. (requested by Unneeded)\n|\n|t:|1781462155\n|move|p1a: Iron Thorns|Spikes|p2a: Iron Thorns\n|-sidestart|p2: MattGSG|Spikes\n|move|p2a: Iron Thorns|Volt Switch|p1a: Iron Thorns\n|-resisted|p1a: Iron Thorns\n|-damage|p1a: Iron Thorns|270/302\n|\n|t:|1781462159\n|-end|p2a: Iron Thorns|Quark Drive|[silent]\n|switch|p2a: Gastrodon|Gastrodon-East, L86, M|331/331|[from] Volt Switch\n|-damage|p2a: Gastrodon|290/331|[from] Spikes\n|\n|-heal|p2a: Gastrodon|310/331|[from] item: Leftovers\n|upkeep\n|turn|2\n|\n|t:|1781462173\n|-end|p1a: Iron Thorns|Quark Drive|[silent]\n|switch|p1a: Pelipper|Pelipper, L86, F|243/243\n|-weather|RainDance|[from] ability: Drizzle|[of] p1a: Pelipper\n|move|p2a: Gastrodon|Stealth Rock|p1a: Pelipper\n|-sidestart|p1: Unneeded|move: Stealth Rock\n|\n|-weather|RainDance|[upkeep]\n|-heal|p2a: Gastrodon|330/331|[from] item: Leftovers\n|upkeep\n|turn|3\n|\n|t:|1781462186\n|move|p1a: Pelipper|Hurricane|p2a: Gastrodon\n|-damage|p2a: Gastrodon|210/331\n|-start|p2a: Gastrodon|confusion\n|-activate|p2a: Gastrodon|confusion\n|-damage|p2a: Gastrodon|180/331|[from] confusion\n|\n|-weather|RainDance|[upkeep]\n|-heal|p2a: Gastrodon|200/331|[from] item: Leftovers\n|upkeep\n|turn|4\n|\n|t:|1781462192\n|move|p1a: Pelipper|Hurricane|p2a: Gastrodon\n|-damage|p2a: Gastrodon|67/331\n|-activate|p2a: Gastrodon|confusion\n|-damage|p2a: Gastrodon|34/331|[from] confusion\n|\n|-weather|RainDance|[upkeep]\n|-heal|p2a: Gastrodon|54/331|[from] item: Leftovers\n|upkeep\n|turn|5\n|\n|t:|1781462198\n|move|p1a: Pelipper|Hurricane|p2a: Gastrodon\n|-damage|p2a: Gastrodon|0 fnt\n|faint|p2a: Gastrodon\n|\n|-weather|RainDance|[upkeep]\n|upkeep\n|\n|t:|1781462202\n|switch|p2a: Iron Thorns|Iron Thorns, L83|302/302\n|-damage|p2a: Iron Thorns|265/302|[from] Spikes\n|turn|6\n|\n|t:|1781462210\n|switch|p1a: Whimsicott|Whimsicott, L84, F|238/238\n|move|p2a: Iron Thorns|Stone Edge|p1a: Whimsicott\n|-damage|p1a: Whimsicott|103/238\n|\n|-weather|none\n|upkeep\n|turn|7\n|\n|t:|1781462215\n|move|p1a: Whimsicott|Giga Drain|p2a: Iron Thorns\n|-supereffective|p2a: Iron Thorns\n|-damage|p2a: Iron Thorns|173/302\n|-heal|p1a: Whimsicott|149/238|[from] drain|[of] p2a: Iron Thorns\n|move|p2a: Iron Thorns|Ice Punch|p1a: Whimsicott\n|-supereffective|p1a: Whimsicott\n|-damage|p1a: Whimsicott|19/238\n|\n|upkeep\n|turn|8\n|\n|t:|1781462225\n|move|p1a: Whimsicott|U-turn|p2a: Iron Thorns\n|-damage|p2a: Iron Thorns|141/302\n|\n|t:|1781462247\n|switch|p1a: Cresselia|Cresselia, L80, F|323/323|[from] U-turn\n|-damage|p1a: Cresselia|283/323|[from] Stealth Rock\n|move|p2a: Iron Thorns|Ice Punch|p1a: Cresselia\n|-damage|p1a: Cresselia|222/323\n|\n|-heal|p1a: Cresselia|242/323|[from] item: Leftovers\n|upkeep\n|turn|9\n|\n|t:|1781462253\n|move|p1a: Cresselia|Calm Mind|p1a: Cresselia\n|-boost|p1a: Cresselia|spa|1\n|-boost|p1a: Cresselia|spd|1\n|move|p2a: Iron Thorns|Volt Switch|p1a: Cresselia\n|-damage|p1a: Cresselia|212/323\n|\n|t:|1781462256\n|-end|p2a: Iron Thorns|Quark Drive|[silent]\n|switch|p2a: Spidops|Spidops, L96, F|271/271|[from] Volt Switch\n|\n|-heal|p1a: Cresselia|232/323|[from] item: Leftovers\n|upkeep\n|turn|10\n|\n|t:|1781462265\n|move|p1a: Cresselia|Psyshock|p2a: Spidops\n|-damage|p2a: Spidops|181/271\n|move|p2a: Spidops|Sticky Web|p1a: Cresselia\n|-sidestart|p1: Unneeded|move: Sticky Web\n|\n|-heal|p1a: Cresselia|252/323|[from] item: Leftovers\n|upkeep\n|turn|11\n|\n|t:|1781462268\n|move|p1a: Cresselia|Psyshock|p2a: Spidops\n|-damage|p2a: Spidops|102/271\n|move|p2a: Spidops|Circle Throw|p1a: Cresselia\n|-resisted|p1a: Cresselia\n|-damage|p1a: Cresselia|232/323\n|drag|p1a: Pelipper|Pelipper, L86, F|243/243\n|-weather|RainDance|[from] ability: Drizzle|[of] p1a: Pelipper\n|\n|-weather|RainDance|[upkeep]\n|upkeep\n|turn|12\n|\n|t:|1781462275\n|move|p1a: Pelipper|Hurricane|p2a: Spidops\n|-supereffective|p2a: Spidops\n|-crit|p2a: Spidops\n|-damage|p2a: Spidops|0 fnt\n|faint|p2a: Spidops\n|\n|-weather|RainDance|[upkeep]\n|upkeep\n|\n|t:|1781462277\n|switch|p2a: Iron Thorns|Iron Thorns, L83|141/302\n|-damage|p2a: Iron Thorns|104/302|[from] Spikes\n|turn|13\n|\n|t:|1781462289\n|switch|p1a: Whimsicott|Whimsicott, L84, F|19/238\n|move|p2a: Iron Thorns|Stone Edge|p1a: Whimsicott\n|-damage|p1a: Whimsicott|0 fnt\n|faint|p1a: Whimsicott\n|\n|-weather|RainDance|[upkeep]\n|upkeep\n|\n|t:|1781462305\n|switch|p1a: Beartic|Beartic, L91, M|321/321\n|-damage|p1a: Beartic|241/321|[from] Stealth Rock\n|-activate|p1a: Beartic|move: Sticky Web\n|-unboost|p1a: Beartic|spe|1\n|turn|14\n|\n|t:|1781462313\n|move|p1a: Beartic|Close Combat|p2a: Iron Thorns\n|-supereffective|p2a: Iron Thorns\n|-damage|p2a: Iron Thorns|0 fnt\n|-unboost|p1a: Beartic|def|1\n|-unboost|p1a: Beartic|spd|1\n|faint|p2a: Iron Thorns\n|-end|p2a: Iron Thorns|Quark Drive|[silent]\n|\n|-weather|RainDance|[upkeep]\n|upkeep\n|\n|t:|1781462329\n|switch|p2a: Misdreavus|Misdreavus, L90, M|254/254\n|turn|15\n|\n|t:|1781462341\n|switch|p1a: Bombirdier|Bombirdier, L85, F|258/258\n|-damage|p1a: Bombirdier|194/258|[from] Stealth Rock\n|move|p2a: Misdreavus|Calm Mind|p2a: Misdreavus\n|-boost|p2a: Misdreavus|spa|1\n|-boost|p2a: Misdreavus|spd|1\n|\n|-weather|none\n|upkeep\n|turn|16\n|\n|t:|1781462347\n|-terastallize|p2a: Misdreavus|Fairy\n|move|p1a: Bombirdier|Knock Off|p2a: Misdreavus\n|-resisted|p2a: Misdreavus\n|-damage|p2a: Misdreavus|209/254\n|-enditem|p2a: Misdreavus|Eviolite|[from] move: Knock Off|[of] p1a: Bombirdier\n|move|p2a: Misdreavus|Draining Kiss|p1a: Bombirdier\n|-supereffective|p1a: Bombirdier\n|-damage|p1a: Bombirdier|0 fnt\n|-heal|p2a: Misdreavus|254/254|[from] drain|[of] p1a: Bombirdier\n|faint|p1a: Bombirdier\n|\n|upkeep\n|\n|t:|1781462358\n|switch|p1a: Iron Thorns|Iron Thorns, L83|270/302\n|turn|17\n|\n|t:|1781462364\n|move|p2a: Misdreavus|Will-O-Wisp|p1a: Iron Thorns\n|-status|p1a: Iron Thorns|brn\n|move|p1a: Iron Thorns|Wild Charge|p2a: Misdreavus\n|-damage|p2a: Misdreavus|178/254\n|-damage|p1a: Iron Thorns|251/302 brn|[from] Recoil\n|\n|-damage|p1a: Iron Thorns|233/302 brn|[from] brn\n|upkeep\n|turn|18\n|\n|t:|1781462370\n|move|p2a: Misdreavus|Calm Mind|p2a: Misdreavus\n|-boost|p2a: Misdreavus|spa|1\n|-boost|p2a: Misdreavus|spd|1\n|move|p1a: Iron Thorns|Volt Switch|p2a: Misdreavus\n|-damage|p2a: Misdreavus|151/254\n|\n|t:|1781462373\n|-end|p1a: Iron Thorns|Quark Drive|[silent]\n|switch|p1a: Cresselia|Cresselia, L80, F|232/323|[from] Volt Switch\n|-damage|p1a: Cresselia|192/323|[from] Stealth Rock\n|\n|-heal|p1a: Cresselia|212/323|[from] item: Leftovers\n|upkeep\n|turn|19\n|\n|t:|1781462378\n|-terastallize|p1a: Cresselia|Poison\n|move|p2a: Misdreavus|Shadow Ball|p1a: Cresselia\n|-damage|p1a: Cresselia|71/323\n|move|p1a: Cresselia|Calm Mind|p1a: Cresselia\n|-boost|p1a: Cresselia|spa|1\n|-boost|p1a: Cresselia|spd|1\n|\n|-heal|p1a: Cresselia|91/323|[from] item: Leftovers\n|upkeep\n|turn|20\n|\n|t:|1781462382\n|move|p2a: Misdreavus|Shadow Ball|p1a: Cresselia\n|-damage|p1a: Cresselia|0 fnt\n|faint|p1a: Cresselia\n|\n|upkeep\n|-message|Unneeded forfeited.\n|\n|win|MattGSG\n", "uploadtime": 1781462141, "views": 3, "formatid": "gen9randombattle", "rating": null, "private": 0, "password": null}