{"id": "gen9randombattle-2631744436", "format": "[Gen 9] Random Battle", "players": ["paddyd121", "Gin X Tonic"], "log": "|j|\u2606paddyd121\n|j|\u2606Gin X Tonic\n|t:|1781432574\n|gametype|singles\n|player|p1|paddyd121|ethan|1901\n|player|p2|Gin X Tonic|artist-gen4|1893\n|gen|9\n|tier|[Gen 9] Random Battle\n|rated|\n|rule|Species Clause: Limit one of each Pok\u00e9mon\n|rule|HP Percentage Mod: HP is shown in percentages\n|rule|Sleep Clause Mod: Limit one foe put to sleep\n|rule|Illusion Level Mod: Illusion disguises the Pok\u00e9mon's true level\n|\n|t:|1781432574\n|teamsize|p1|6\n|teamsize|p2|6\n|start\n|switch|p1a: Brute Bonnet|Brute Bonnet, L80|309/309\n|switch|p2a: Sandaconda|Sandaconda, L84, M|258/258\n|turn|1\n|inactive|Battle timer is ON: inactive players will automatically lose when time's up. (requested by Gin X Tonic)\n|\n|t:|1781432594\n|-end|p1a: Brute Bonnet|Protosynthesis|[silent]\n|switch|p1a: Glaceon|Glaceon, L94, M|275/275\n|move|p2a: Sandaconda|Glare|p1a: Glaceon\n|-status|p1a: Glaceon|par\n|\n|upkeep\n|turn|2\n|\n|t:|1781432602\n|switch|p2a: Crabominable|Crabominable, L90, F|321/321\n|move|p1a: Glaceon|Wish|p1a: Glaceon\n|\n|upkeep\n|turn|3\n|\n|t:|1781432611\n|switch|p1a: Torkoal|Torkoal, L88, F|266/266\n|-weather|SunnyDay|[from] ability: Drought|[of] p1a: Torkoal\n|move|p2a: Crabominable|Knock Off|p1a: Torkoal\n|-damage|p1a: Torkoal|168/266\n|-enditem|p1a: Torkoal|Heavy-Duty Boots|[from] move: Knock Off|[of] p2a: Crabominable\n|\n|-weather|SunnyDay|[upkeep]\n|-heal|p1a: Torkoal|266/266|[from] move: Wish|[wisher] Glaceon\n|upkeep\n|turn|4\n|\n|t:|1781432623\n|switch|p2a: Tatsugiri|Tatsugiri, L87, M|260/260\n|move|p1a: Torkoal|Stealth Rock|p2a: Tatsugiri\n|-sidestart|p2: Gin X Tonic|move: Stealth Rock\n|\n|-weather|SunnyDay|[upkeep]\n|upkeep\n|turn|5\n|\n|t:|1781432630\n|switch|p1a: Glaceon|Glaceon, L94, M|275/275 par\n|move|p2a: Tatsugiri|Rapid Spin|p1a: Glaceon\n|-damage|p1a: Glaceon|258/275 par\n|-boost|p2a: Tatsugiri|spe|1\n|-sideend|p2: Gin X Tonic|Stealth Rock|[from] move: Rapid Spin|[of] p2a: Tatsugiri\n|\n|-weather|SunnyDay|[upkeep]\n|upkeep\n|turn|6\n|\n|t:|1781432640\n|switch|p2a: Crabominable|Crabominable, L90, F|321/321\n|cant|p1a: Glaceon|par\n|\n|-weather|SunnyDay|[upkeep]\n|upkeep\n|turn|7\n|\n|t:|1781432644\n|switch|p1a: Torkoal|Torkoal, L88, F|266/266\n|move|p2a: Crabominable|Close Combat|p1a: Torkoal\n|-damage|p1a: Torkoal|74/266\n|-unboost|p2a: Crabominable|def|1\n|-unboost|p2a: Crabominable|spd|1\n|\n|-weather|none\n|upkeep\n|turn|8\n|-message|paddyd121 forfeited.\n|\n|win|Gin X Tonic\n|raw|paddyd121's rating: 1901 &rarr; <strong>1881</strong><br />(-20 for losing)\n|raw|Gin X Tonic's rating: 1893 &rarr; <strong>1913</strong><br />(+20 for winning)\n", "uploadtime": 1781432649, "views": 2, "formatid": "gen9randombattle", "rating": 1881, "private": 0, "password": null}