{"id": "gen9randombattle-2631515106", "format": "[Gen 9] Random Battle", "players": ["Ososoaoaoaoap", "edio333"], "log": "|j|\u2606Ososoaoaoaoap\n|j|\u2606edio333\n|t:|1781395084\n|gametype|singles\n|player|p1|Ososoaoaoaoap|acetrainersnowf|1000\n|player|p2|edio333|brycenman|1018\n|gen|9\n|tier|[Gen 9] Random Battle\n|rated|\n|rule|Species Clause: Limit one of each Pok\u00e9mon\n|rule|HP Percentage Mod: HP is shown in percentages\n|rule|Sleep Clause Mod: Limit one foe put to sleep\n|rule|Illusion Level Mod: Illusion disguises the Pok\u00e9mon's true level\n|\n|t:|1781395084\n|teamsize|p1|6\n|teamsize|p2|6\n|start\n|switch|p1a: Volcarona|Volcarona, L77, F|257/257\n|switch|p2a: Hydrapple|Hydrapple, L83, M|312/312\n|turn|1\n|inactive|Battle timer is ON: inactive players will automatically lose when time's up. (requested by edio333)\n|\n|t:|1781395105\n|-terastallize|p1a: Volcarona|Water\n|move|p1a: Volcarona|Tera Blast|p2a: Hydrapple|[anim] Tera Blast Water\n|-resisted|p2a: Hydrapple\n|-damage|p2a: Hydrapple|288/312\n|move|p2a: Hydrapple|Fickle Beam|p1a: Volcarona|[anim] Fickle Beam All Out\n|-activate|p2a: Hydrapple|move: Fickle Beam\n|-damage|p1a: Volcarona|0 fnt\n|faint|p1a: Volcarona\n|\n|upkeep\n|\n|t:|1781395110\n|switch|p1a: Coalossal|Coalossal, L89, M|341/341\n|turn|2\n|\n|t:|1781395122\n|switch|p2a: Breloom|Breloom, L83, M|235/235\n|move|p1a: Coalossal|Stone Edge|p2a: Breloom\n|-resisted|p2a: Breloom\n|-damage|p2a: Breloom|183/235\n|\n|upkeep\n|turn|3\n|\n|t:|1781395144\n|move|p2a: Breloom|Spore|p1a: Coalossal\n|-status|p1a: Coalossal|slp|[from] move: Spore\n|cant|p1a: Coalossal|slp\n|\n|upkeep\n|turn|4\n|inactive|Ososoaoaoaoap has 120 seconds left.\n|\n|t:|1781395174\n|move|p2a: Breloom|Swords Dance|p2a: Breloom\n|-boost|p2a: Breloom|atk|2\n|cant|p1a: Coalossal|slp\n|\n|upkeep\n|turn|5\n|inactive|Ososoaoaoaoap has 120 seconds left.\n|\n|t:|1781395179\n|move|p2a: Breloom|Swords Dance|p2a: Breloom\n|-boost|p2a: Breloom|atk|2\n|cant|p1a: Coalossal|slp\n|\n|upkeep\n|turn|6\n|inactive|Ososoaoaoaoap has 120 seconds left.\n|inactive|Ososoaoaoaoap has 90 seconds left.\n|\n|t:|1781395233\n|move|p2a: Breloom|Swords Dance|p2a: Breloom\n|-boost|p2a: Breloom|atk|2\n|-curestatus|p1a: Coalossal|slp|[msg]\n|move|p1a: Coalossal|Overheat|p2a: Breloom\n|-supereffective|p2a: Breloom\n|-damage|p2a: Breloom|0 fnt\n|-unboost|p1a: Coalossal|spa|2\n|faint|p2a: Breloom\n|\n|upkeep\n|\n|t:|1781395244\n|switch|p2a: Froslass|Froslass, L87, F|263/263\n|turn|7\n|inactive|Ososoaoaoaoap has 90 seconds left.\n|inactive|Ososoaoaoaoap has 60 seconds left.\n|l|\u2606edio333\n|inactive|edio333 disconnected and has a minute to reconnect!\n|player|p2|\n|j|\u2606edio333\n|inactive|edio333 reconnected.\n|player|p2|edio333|brycenman|\n|inactive|Ososoaoaoaoap has 30 seconds left.\n|inactive|Ososoaoaoaoap has 20 seconds left.\n|\n|t:|1781395321\n|move|p2a: Froslass|Destiny Bond|p2a: Froslass\n|-singlemove|p2a: Froslass|Destiny Bond\n|move|p1a: Coalossal|Overheat|p2a: Froslass\n|-supereffective|p2a: Froslass\n|-damage|p2a: Froslass|111/263\n|-unboost|p1a: Coalossal|spa|2\n|\n|upkeep\n|turn|8\n|inactive|Ososoaoaoaoap has 30 seconds left this turn.\n|inactive|Ososoaoaoaoap has 20 seconds left.\n|\n|t:|1781395349\n|move|p2a: Froslass|Triple Axel|p1a: Coalossal\n|-resisted|p1a: Coalossal\n|-damage|p1a: Coalossal|334/341\n|-resisted|p1a: Coalossal\n|-damage|p1a: Coalossal|320/341\n|-status|p2a: Froslass|brn|[from] ability: Flame Body|[of] p1a: Coalossal\n|-resisted|p1a: Coalossal\n|-damage|p1a: Coalossal|308/341\n|-hitcount|p1a: Coalossal|3\n|move|p1a: Coalossal|Stone Edge|p2a: Froslass|[miss]\n|-miss|p1a: Coalossal|p2a: Froslass\n|\n|-damage|p2a: Froslass|95/263 brn|[from] brn\n|upkeep\n|turn|9\n|inactive|Ososoaoaoaoap has 30 seconds left this turn.\n|inactive|Ososoaoaoaoap has 20 seconds left.\n|inactive|Ososoaoaoaoap has 15 seconds left.\n|inactive|Ososoaoaoaoap has 10 seconds left.\n|inactive|Ososoaoaoaoap has 5 seconds left.\n|\n|t:|1781395375\n|switch|p1a: Mightyena|Mightyena, L96, F|290/290\n|-ability|p1a: Mightyena|Intimidate|boost\n|-unboost|p2a: Froslass|atk|1\n|move|p2a: Froslass|Destiny Bond|p2a: Froslass\n|-singlemove|p2a: Froslass|Destiny Bond\n|\n|-damage|p2a: Froslass|79/263 brn|[from] brn\n|upkeep\n|turn|10\n|inactive|Ososoaoaoaoap has 15 seconds left this turn.\n|\n|t:|1781395382\n|move|p2a: Froslass|Triple Axel|p1a: Mightyena\n|-damage|p1a: Mightyena|283/290\n|-damage|p1a: Mightyena|270/290\n|-damage|p1a: Mightyena|249/290\n|-hitcount|p1a: Mightyena|3\n|move|p1a: Mightyena|Throat Chop|p2a: Froslass\n|-supereffective|p2a: Froslass\n|-damage|p2a: Froslass|0 fnt\n|faint|p2a: Froslass\n|\n|-heal|p1a: Mightyena|267/290|[from] item: Leftovers\n|upkeep\n|\n|t:|1781395391\n|switch|p2a: Bisharp|Bisharp, L79, F|232/232\n|turn|11\n|inactive|Ososoaoaoaoap has 30 seconds left this turn.\n|-message|Ososoaoaoaoap forfeited.\n|\n|win|edio333\n|raw|Ososoaoaoaoap's rating: 1000 &rarr; <strong>1000</strong><br />(+0 for losing)\n|raw|edio333's rating: 1018 &rarr; <strong>1053</strong><br />(+35 for winning)\n|l|\u2606edio333\n|player|p2|\n", "uploadtime": 1781395413, "views": 11, "formatid": "gen9randombattle", "rating": 1000, "private": 0, "password": null}