{"id": "gen9randombattle-2631459543", "format": "[Gen 9] Random Battle", "players": ["ZannaBianca99", "Ponclex"], "log": "|j|\u2606ZannaBianca99\n|j|\u2606Ponclex\n|t:|1781387312\n|gametype|singles\n|player|p1|ZannaBianca99|169|2137\n|player|p2|Ponclex|265|2076\n|gen|9\n|tier|[Gen 9] Random Battle\n|rated|\n|rule|Species Clause: Limit one of each Pok\u00e9mon\n|rule|HP Percentage Mod: HP is shown in percentages\n|rule|Sleep Clause Mod: Limit one foe put to sleep\n|rule|Illusion Level Mod: Illusion disguises the Pok\u00e9mon's true level\n|\n|t:|1781387312\n|teamsize|p1|6\n|teamsize|p2|6\n|start\n|switch|p1a: Toedscruel|Toedscruel, L87, M|281/281\n|switch|p2a: Dragonite|Dragonite, L74, F|257/257\n|turn|1\n|inactive|Battle timer is ON: inactive players will automatically lose when time's up. (requested by Ponclex)\n|\n|t:|1781387343\n|switch|p1a: Klefki|Klefki, L84, F|233/233\n|switch|p2a: Komala|Komala, L88, F|258/258\n|-ability|p2a: Komala|Comatose\n|\n|upkeep\n|turn|2\n|inactive|ZannaBianca99 has 120 seconds left.\n|\n|t:|1781387373\n|switch|p1a: Swanna|Swanna, L89, F|278/278\n|move|p2a: Komala|Knock Off|p1a: Swanna\n|-damage|p1a: Swanna|182/278\n|-enditem|p1a: Swanna|Heavy-Duty Boots|[from] move: Knock Off|[of] p2a: Komala\n|\n|upkeep\n|turn|3\n|\n|t:|1781387393\n|move|p1a: Swanna|Brave Bird|p2a: Komala\n|-damage|p2a: Komala|116/258\n|-damage|p1a: Swanna|135/278|[from] Recoil\n|move|p2a: Komala|Body Slam|p1a: Swanna\n|-damage|p1a: Swanna|3/278\n|\n|upkeep\n|turn|4\n|\n|t:|1781387406\n|switch|p2a: Dragonite|Dragonite, L74, F|257/257\n|move|p1a: Swanna|Roost|p1a: Swanna\n|-heal|p1a: Swanna|142/278\n|-singleturn|p1a: Swanna|move: Roost\n|\n|upkeep\n|turn|5\n|\n|t:|1781387416\n|move|p1a: Swanna|Flip Turn|p2a: Dragonite\n|-resisted|p2a: Dragonite\n|-damage|p2a: Dragonite|239/257\n|\n|t:|1781387419\n|switch|p1a: Klefki|Klefki, L84, F|233/233|[from] Flip Turn\n|move|p2a: Dragonite|Outrage|p1a: Klefki\n|-immune|p1a: Klefki\n|\n|upkeep\n|turn|6\n|\n|t:|1781387426\n|switch|p2a: Golem|Golem, L87, F|281/281\n|move|p1a: Klefki|Spikes|p2a: Golem\n|-sidestart|p2: Ponclex|Spikes\n|\n|upkeep\n|turn|7\n|\n|t:|1781387435\n|switch|p1a: Toedscruel|Toedscruel, L87, M|281/281\n|move|p2a: Golem|Stealth Rock|p1a: Toedscruel\n|-sidestart|p1: ZannaBianca99|move: Stealth Rock\n|\n|upkeep\n|turn|8\n|\n|t:|1781387446\n|switch|p2a: Flutter Mane|Flutter Mane, L74|203/203\n|-damage|p2a: Flutter Mane|178/203|[from] Spikes\n|move|p1a: Toedscruel|Rapid Spin|p2a: Flutter Mane\n|-immune|p2a: Flutter Mane\n|\n|upkeep\n|turn|9\n|\n|t:|1781387467\n|-end|p2a: Flutter Mane|Protosynthesis|[silent]\n|switch|p2a: Sunflora|Sunflora, F|312/312\n|-damage|p2a: Sunflora|273/312|[from] Spikes\n|move|p1a: Toedscruel|Spore|p2a: Sunflora\n|-immune|p2a: Sunflora\n|\n|upkeep\n|turn|10\n|\n|t:|1781387474\n|switch|p1a: Swanna|Swanna, L89, F|142/278\n|-damage|p1a: Swanna|73/278|[from] Stealth Rock\n|move|p2a: Sunflora|Leaf Storm|p1a: Swanna\n|-damage|p1a: Swanna|0 fnt\n|-unboost|p2a: Sunflora|spa|2\n|faint|p1a: Swanna\n|\n|upkeep\n|\n|t:|1781387481\n|switch|p1a: Klefki|Klefki, L84, F|233/233\n|-damage|p1a: Klefki|219/233|[from] Stealth Rock\n|turn|11\n|\n|t:|1781387485\n|switch|p2a: Golem|Golem, L87, F|281/281\n|-damage|p2a: Golem|246/281|[from] Spikes\n|move|p1a: Klefki|Spikes|p2a: Golem\n|-sidestart|p2: Ponclex|Spikes\n|\n|-heal|p1a: Klefki|233/233|[from] item: Leftovers\n|upkeep\n|turn|12\n|\n|t:|1781387492\n|switch|p1a: Toedscruel|Toedscruel, L87, M|281/281\n|-damage|p1a: Toedscruel|264/281|[from] Stealth Rock\n|move|p2a: Golem|Earthquake|p1a: Toedscruel\n|-resisted|p1a: Toedscruel\n|-damage|p1a: Toedscruel|181/281\n|\n|-heal|p1a: Toedscruel|198/281|[from] item: Leftovers\n|upkeep\n|turn|13\n|\n|t:|1781387499\n|switch|p2a: Dragonite|Dragonite, L74, F|239/257\n|move|p1a: Toedscruel|Rapid Spin|p2a: Dragonite\n|-damage|p2a: Dragonite|205/257\n|-boost|p1a: Toedscruel|spe|1\n|-sideend|p1: ZannaBianca99|Stealth Rock|[from] move: Rapid Spin|[of] p1a: Toedscruel\n|\n|-heal|p1a: Toedscruel|215/281|[from] item: Leftovers\n|upkeep\n|turn|14\n|\n|t:|1781387509\n|switch|p1a: Carbink|Carbink, L90|236/236\n|move|p2a: Dragonite|Dragon Dance|p2a: Dragonite\n|-boost|p2a: Dragonite|atk|1\n|-boost|p2a: Dragonite|spe|1\n|\n|upkeep\n|turn|15\n|\n|t:|1781387521\n|move|p2a: Dragonite|Iron Head|p1a: Carbink\n|-supereffective|p1a: Carbink\n|-damage|p1a: Carbink|32/236\n|cant|p1a: Carbink|flinch\n|\n|-heal|p1a: Carbink|46/236|[from] item: Leftovers\n|upkeep\n|turn|16\n|\n|t:|1781387526\n|move|p2a: Dragonite|Earthquake|p1a: Carbink\n|-supereffective|p1a: Carbink\n|-damage|p1a: Carbink|0 fnt\n|faint|p1a: Carbink\n|\n|upkeep\n|\n|t:|1781387530\n|switch|p1a: Klefki|Klefki, L84, F|233/233\n|turn|17\n|\n|t:|1781387541\n|-terastallize|p1a: Klefki|Flying\n|move|p1a: Klefki|Thunder Wave|p2a: Dragonite\n|-status|p2a: Dragonite|par\n|move|p2a: Dragonite|Earthquake|p1a: Klefki\n|-immune|p1a: Klefki\n|\n|upkeep\n|turn|18\n|\n|t:|1781387547\n|move|p1a: Klefki|Foul Play|p2a: Dragonite\n|-damage|p2a: Dragonite|83/257 par\n|move|p2a: Dragonite|Outrage|p1a: Klefki\n|-damage|p1a: Klefki|46/233\n|\n|-heal|p1a: Klefki|60/233|[from] item: Leftovers\n|upkeep\n|turn|19\n|\n|t:|1781387554\n|move|p1a: Klefki|Dazzling Gleam|p2a: Dragonite\n|-supereffective|p2a: Dragonite\n|-damage|p2a: Dragonite|0 fnt\n|faint|p2a: Dragonite\n|\n|-heal|p1a: Klefki|74/233|[from] item: Leftovers\n|upkeep\n|\n|t:|1781387561\n|switch|p2a: Golem|Golem, L87, F|246/281\n|-damage|p2a: Golem|200/281|[from] Spikes\n|turn|20\n|\n|t:|1781387567\n|move|p1a: Klefki|Spikes|p2a: Golem\n|-sidestart|p2: Ponclex|Spikes\n|move|p2a: Golem|Stone Edge|p1a: Klefki\n|-supereffective|p1a: Klefki\n|-damage|p1a: Klefki|0 fnt\n|faint|p1a: Klefki\n|\n|upkeep\n|\n|t:|1781387570\n|switch|p1a: Toedscruel|Toedscruel, L87, M|215/281\n|turn|21\n|\n|t:|1781387577\n|switch|p2a: Sunflora|Sunflora, F|273/312\n|-damage|p2a: Sunflora|195/312|[from] Spikes\n|move|p1a: Toedscruel|Giga Drain|p2a: Sunflora\n|-resisted|p2a: Sunflora\n|-damage|p2a: Sunflora|165/312\n|-heal|p1a: Toedscruel|230/281|[from] drain|[of] p2a: Sunflora\n|\n|-heal|p1a: Toedscruel|247/281|[from] item: Leftovers\n|upkeep\n|turn|22\n|\n|t:|1781387581\n|switch|p1a: Raichu|Raichu-Alola, L87, F|246/246\n|move|p2a: Sunflora|Leaf Storm|p1a: Raichu\n|-damage|p1a: Raichu|0 fnt\n|-unboost|p2a: Sunflora|spa|2\n|faint|p1a: Raichu\n|\n|upkeep\n|\n|t:|1781387583\n|switch|p1a: Toedscruel|Toedscruel, L87, M|247/281\n|turn|23\n|\n|t:|1781387586\n|move|p1a: Toedscruel|Giga Drain|p2a: Sunflora\n|-resisted|p2a: Sunflora\n|-damage|p2a: Sunflora|132/312\n|-heal|p1a: Toedscruel|264/281|[from] drain|[of] p2a: Sunflora\n|move|p2a: Sunflora|Leaf Storm|p1a: Toedscruel\n|-damage|p1a: Toedscruel|150/281\n|-unboost|p2a: Sunflora|spa|2\n|\n|-heal|p1a: Toedscruel|167/281|[from] item: Leftovers\n|upkeep\n|turn|24\n|\n|t:|1781387592\n|move|p1a: Toedscruel|Rapid Spin|p2a: Sunflora\n|-damage|p2a: Sunflora|96/312\n|-boost|p1a: Toedscruel|spe|1\n|move|p2a: Sunflora|Leaf Storm|p1a: Toedscruel\n|-damage|p1a: Toedscruel|91/281\n|-unboost|p2a: Sunflora|spa|2\n|\n|-heal|p1a: Toedscruel|108/281|[from] item: Leftovers\n|upkeep\n|turn|25\n|\n|t:|1781387598\n|move|p1a: Toedscruel|Rapid Spin|p2a: Sunflora\n|-damage|p2a: Sunflora|60/312\n|-boost|p1a: Toedscruel|spe|1\n|move|p2a: Sunflora|Leaf Storm|p1a: Toedscruel\n|-damage|p1a: Toedscruel|45/281\n|\n|-heal|p1a: Toedscruel|62/281|[from] item: Leftovers\n|upkeep\n|turn|26\n|\n|t:|1781387607\n|move|p1a: Toedscruel|Giga Drain|p2a: Sunflora\n|-resisted|p2a: Sunflora\n|-damage|p2a: Sunflora|27/312\n|-heal|p1a: Toedscruel|79/281|[from] drain|[of] p2a: Sunflora\n|move|p2a: Sunflora|Leaf Storm|p1a: Toedscruel\n|-damage|p1a: Toedscruel|21/281\n|\n|-heal|p1a: Toedscruel|38/281|[from] item: Leftovers\n|upkeep\n|turn|27\n|\n|t:|1781387613\n|move|p1a: Toedscruel|Giga Drain|p2a: Sunflora\n|-resisted|p2a: Sunflora\n|-damage|p2a: Sunflora|0 fnt\n|-heal|p1a: Toedscruel|52/281|[from] drain|[of] p2a: Sunflora\n|faint|p2a: Sunflora\n|\n|-heal|p1a: Toedscruel|69/281|[from] item: Leftovers\n|upkeep\n|\n|t:|1781387618\n|switch|p2a: Flutter Mane|Flutter Mane, L74|178/203\n|-damage|p2a: Flutter Mane|128/203|[from] Spikes\n|turn|28\n|\n|t:|1781387624\n|move|p1a: Toedscruel|Earth Power|p2a: Flutter Mane\n|-damage|p2a: Flutter Mane|55/203\n|move|p2a: Flutter Mane|Moonblast|p1a: Toedscruel\n|-damage|p1a: Toedscruel|0 fnt\n|faint|p1a: Toedscruel\n|-damage|p2a: Flutter Mane|35/203|[from] item: Life Orb\n|\n|upkeep\n|\n|t:|1781387627\n|switch|p1a: Inteleon|Inteleon, L81, M|246/246\n|turn|29\n|\n|t:|1781387633\n|move|p2a: Flutter Mane|Moonblast|p1a: Inteleon\n|-damage|p1a: Inteleon|61/246\n|-damage|p2a: Flutter Mane|15/203|[from] item: Life Orb\n|move|p1a: Inteleon|Scald|p2a: Flutter Mane\n|-damage|p2a: Flutter Mane|0 fnt\n|faint|p2a: Flutter Mane\n|-end|p2a: Flutter Mane|Protosynthesis|[silent]\n|\n|upkeep\n|\n|t:|1781387644\n|switch|p2a: Golem|Golem, L87, F|200/281\n|-damage|p2a: Golem|130/281|[from] Spikes\n|turn|30\n|\n|t:|1781387650\n|switch|p2a: Komala|Komala, L88, F|116/258\n|-damage|p2a: Komala|52/258|[from] Spikes\n|-ability|p2a: Komala|Comatose\n|move|p1a: Inteleon|Scald|p2a: Komala\n|-damage|p2a: Komala|0 fnt\n|faint|p2a: Komala\n|\n|upkeep\n|\n|t:|1781387652\n|switch|p2a: Golem|Golem, L87, F|130/281\n|-damage|p2a: Golem|60/281|[from] Spikes\n|turn|31\n|-enditem|p2a: Golem|Custap Berry|[eat]\n|-activate|p2a: Golem|item: Custap Berry|[consumed]\n|\n|t:|1781387655\n|move|p2a: Golem|Earthquake|p1a: Inteleon\n|-damage|p1a: Inteleon|0 fnt\n|faint|p1a: Inteleon\n|\n|win|Ponclex\n", "uploadtime": 1781387314, "views": 4, "formatid": "gen9randombattle", "rating": null, "private": 0, "password": null}