{"id": "gen9randombattle-2631896655", "format": "[Gen 9] Random Battle", "players": ["renz3554", "Z10101"], "log": "|j|\u2606renz3554\n|j|\u2606Z10101\n|t:|1781453189\n|gametype|singles\n|player|p1|renz3554|1|2119\n|player|p2|Z10101|170|2056\n|gen|9\n|tier|[Gen 9] Random Battle\n|rated|\n|rule|Species Clause: Limit one of each Pok\u00e9mon\n|rule|HP Percentage Mod: HP is shown in percentages\n|rule|Sleep Clause Mod: Limit one foe put to sleep\n|rule|Illusion Level Mod: Illusion disguises the Pok\u00e9mon's true level\n|\n|t:|1781453189\n|teamsize|p1|6\n|teamsize|p2|6\n|start\n|switch|p1a: Sinistcha|Sinistcha, L83|254/254\n|switch|p2a: Tauros|Tauros-Paldea-Aqua, L81, M|254/254\n|-ability|p2a: Tauros|Intimidate|boost\n|-unboost|p1a: Sinistcha|atk|1\n|turn|1\n|inactive|Battle timer is ON: inactive players will automatically lose when time's up. (requested by renz3554)\n|\n|t:|1781453198\n|switch|p2a: Corviknight|Corviknight, L80, F|288/288\n|-ability|p2a: Corviknight|Pressure\n|move|p1a: Sinistcha|Strength Sap|p2a: Corviknight\n|-unboost|p2a: Corviknight|atk|1\n|\n|upkeep\n|turn|2\n|\n|t:|1781453212\n|switch|p1a: Slowking|Slowking, L88, F|310/310\n|move|p2a: Corviknight|Brave Bird|p1a: Slowking\n|-damage|p1a: Slowking|235/310\n|-damage|p2a: Corviknight|263/288|[from] Recoil\n|\n|-heal|p2a: Corviknight|281/288|[from] item: Leftovers\n|upkeep\n|turn|3\n|\n|t:|1781453215\n|move|p2a: Corviknight|U-turn|p1a: Slowking\n|-supereffective|p1a: Slowking\n|-damage|p1a: Slowking|177/310\n|\n|t:|1781453225\n|switch|p2a: Articuno|Articuno, L86|295/295|[from] U-turn\n|-ability|p2a: Articuno|Pressure\n|move|p1a: Slowking|Scald|p2a: Articuno\n|-damage|p2a: Articuno|226/295\n|-status|p2a: Articuno|brn\n|\n|-damage|p2a: Articuno|208/295 brn|[from] brn\n|upkeep\n|turn|4\n|\n|t:|1781453232\n|move|p2a: Articuno|Freeze-Dry|p1a: Slowking\n|-supereffective|p1a: Slowking\n|-damage|p1a: Slowking|45/310\n|-prepare|p1a: Slowking|Chilly Reception|[premajor]\n|move|p1a: Slowking|Chilly Reception|p1a: Slowking\n|-weather|Snowscape\n|\n|t:|1781453236\n|switch|p1a: Tinkaton|Tinkaton, L82, F|274/274|[from] Chilly Reception\n|-ability|p1a: Tinkaton|Mold Breaker\n|\n|-weather|Snowscape|[upkeep]\n|-damage|p2a: Articuno|190/295 brn|[from] brn\n|upkeep\n|turn|5\n|\n|t:|1781453248\n|switch|p2a: Incineroar|Incineroar, L82, M|290/290\n|-ability|p2a: Incineroar|Intimidate|boost\n|-unboost|p1a: Tinkaton|atk|1\n|move|p1a: Tinkaton|Stealth Rock|p2a: Incineroar\n|-sidestart|p2: Z10101|move: Stealth Rock\n|\n|-weather|Snowscape|[upkeep]\n|upkeep\n|turn|6\n|\n|t:|1781453254\n|switch|p1a: Granbull|Granbull, L88, M|302/302\n|-ability|p1a: Granbull|Intimidate|boost\n|-unboost|p2a: Incineroar|atk|1\n|move|p2a: Incineroar|Will-O-Wisp|p1a: Granbull|[miss]\n|-miss|p2a: Incineroar|p1a: Granbull\n|\n|-weather|Snowscape|[upkeep]\n|upkeep\n|turn|7\n|\n|t:|1781453258\n|move|p2a: Incineroar|Will-O-Wisp|p1a: Granbull|[miss]\n|-miss|p2a: Incineroar|p1a: Granbull\n|move|p1a: Granbull|Earthquake|p2a: Incineroar\n|-supereffective|p2a: Incineroar\n|-damage|p2a: Incineroar|88/290\n|\n|-weather|Snowscape|[upkeep]\n|upkeep\n|turn|8\n|\n|t:|1781453260\n|move|p2a: Incineroar|Will-O-Wisp|p1a: Granbull\n|-status|p1a: Granbull|brn\n|move|p1a: Granbull|Earthquake|p2a: Incineroar\n|-supereffective|p2a: Incineroar\n|-damage|p2a: Incineroar|0 fnt\n|faint|p2a: Incineroar\n|\n|-weather|none\n|-damage|p1a: Granbull|284/302 brn|[from] brn\n|upkeep\n|\n|t:|1781453264\n|switch|p2a: Torkoal|Torkoal, L88, M|266/266\n|-weather|SunnyDay|[from] ability: Drought|[of] p2a: Torkoal\n|turn|9\n|\n|t:|1781453269\n|move|p1a: Granbull|Earthquake|p2a: Torkoal\n|-supereffective|p2a: Torkoal\n|-damage|p2a: Torkoal|201/266\n|move|p2a: Torkoal|Rapid Spin|p1a: Granbull\n|-damage|p1a: Granbull|244/302 brn\n|-boost|p2a: Torkoal|spe|1\n|-sideend|p2: Z10101|Stealth Rock|[from] move: Rapid Spin|[of] p2a: Torkoal\n|\n|-weather|SunnyDay|[upkeep]\n|-heal|p1a: Granbull|262/302 brn|[from] item: Leftovers\n|-damage|p1a: Granbull|244/302 brn|[from] brn\n|upkeep\n|turn|10\n|\n|t:|1781453273\n|move|p1a: Granbull|Thunder Wave|p2a: Torkoal\n|-status|p2a: Torkoal|par\n|move|p2a: Torkoal|Stealth Rock|p1a: Granbull\n|-sidestart|p1: renz3554|move: Stealth Rock\n|\n|-weather|SunnyDay|[upkeep]\n|-heal|p1a: Granbull|262/302 brn|[from] item: Leftovers\n|-damage|p1a: Granbull|244/302 brn|[from] brn\n|upkeep\n|turn|11\n|\n|t:|1781453277\n|move|p1a: Granbull|Encore|p2a: Torkoal\n|-start|p2a: Torkoal|Encore\n|move|p2a: Torkoal|Stealth Rock||[still]\n|-fail|p2a: Torkoal\n|\n|-weather|SunnyDay|[upkeep]\n|-heal|p1a: Granbull|262/302 brn|[from] item: Leftovers\n|-damage|p1a: Granbull|244/302 brn|[from] brn\n|upkeep\n|turn|12\n|\n|t:|1781453282\n|switch|p1a: Tinkaton|Tinkaton, L82, F|274/274\n|-damage|p1a: Tinkaton|257/274|[from] Stealth Rock\n|-ability|p1a: Tinkaton|Mold Breaker\n|switch|p2a: Corviknight|Corviknight, L80, F|281/288\n|-ability|p2a: Corviknight|Pressure\n|\n|-weather|SunnyDay|[upkeep]\n|-heal|p1a: Tinkaton|274/274|[from] item: Leftovers\n|-heal|p2a: Corviknight|288/288|[from] item: Leftovers\n|upkeep\n|turn|13\n|\n|t:|1781453285\n|move|p1a: Tinkaton|Stealth Rock|p2a: Corviknight\n|-sidestart|p2: Z10101|move: Stealth Rock\n|move|p2a: Corviknight|Body Press|p1a: Tinkaton\n|-damage|p1a: Tinkaton|216/274\n|\n|-weather|none\n|-heal|p1a: Tinkaton|233/274|[from] item: Leftovers\n|upkeep\n|turn|14\n|\n|t:|1781453290\n|move|p1a: Tinkaton|Encore|p2a: Corviknight\n|-start|p2a: Corviknight|Encore\n|move|p2a: Corviknight|Body Press|p1a: Tinkaton\n|-damage|p1a: Tinkaton|171/274\n|\n|-heal|p1a: Tinkaton|188/274|[from] item: Leftovers\n|upkeep\n|turn|15\n|\n|t:|1781453292\n|switch|p1a: Sinistcha|Sinistcha, L83|254/254\n|-damage|p1a: Sinistcha|223/254|[from] Stealth Rock\n|move|p2a: Corviknight|Body Press|p1a: Sinistcha\n|-immune|p1a: Sinistcha\n|\n|-heal|p1a: Sinistcha|238/254|[from] item: Leftovers\n|upkeep\n|turn|16\n|\n|t:|1781453298\n|switch|p2a: Torkoal|Torkoal, L88, M|201/266 par\n|-weather|SunnyDay|[from] ability: Drought|[of] p2a: Torkoal\n|move|p1a: Sinistcha|Calm Mind|p1a: Sinistcha\n|-boost|p1a: Sinistcha|spa|1\n|-boost|p1a: Sinistcha|spd|1\n|\n|-weather|SunnyDay|[upkeep]\n|-heal|p1a: Sinistcha|253/254|[from] item: Leftovers\n|upkeep\n|turn|17\n|\n|t:|1781453302\n|move|p1a: Sinistcha|Shadow Ball|p2a: Torkoal\n|-damage|p2a: Torkoal|29/266 par\n|move|p2a: Torkoal|Lava Plume|p1a: Sinistcha\n|-supereffective|p1a: Sinistcha\n|-damage|p1a: Sinistcha|157/254\n|-status|p1a: Sinistcha|brn\n|\n|-weather|SunnyDay|[upkeep]\n|-heal|p1a: Sinistcha|172/254 brn|[from] item: Leftovers\n|-damage|p1a: Sinistcha|165/254 brn|[from] brn\n|upkeep\n|turn|18\n|\n|t:|1781453309\n|move|p1a: Sinistcha|Shadow Ball|p2a: Torkoal\n|-damage|p2a: Torkoal|0 fnt\n|faint|p2a: Torkoal\n|\n|-weather|SunnyDay|[upkeep]\n|-heal|p1a: Sinistcha|180/254 brn|[from] item: Leftovers\n|-damage|p1a: Sinistcha|173/254 brn|[from] brn\n|upkeep\n|\n|t:|1781453316\n|switch|p2a: Corviknight|Corviknight, L80, F|288/288\n|-damage|p2a: Corviknight|252/288|[from] Stealth Rock\n|-ability|p2a: Corviknight|Pressure\n|turn|19\n|\n|t:|1781453324\n|switch|p1a: Granbull|Granbull, L88, M|244/302 brn\n|-damage|p1a: Granbull|207/302 brn|[from] Stealth Rock\n|-ability|p1a: Granbull|Intimidate|boost\n|-unboost|p2a: Corviknight|atk|1\n|move|p2a: Corviknight|Brave Bird|p1a: Granbull\n|-damage|p1a: Granbull|131/302 brn\n|-damage|p2a: Corviknight|227/288|[from] Recoil\n|\n|-weather|SunnyDay|[upkeep]\n|-heal|p2a: Corviknight|245/288|[from] item: Leftovers\n|-heal|p1a: Granbull|149/302 brn|[from] item: Leftovers\n|-damage|p1a: Granbull|131/302 brn|[from] brn\n|upkeep\n|turn|20\n|\n|t:|1781453330\n|move|p2a: Corviknight|U-turn|p1a: Granbull\n|-resisted|p1a: Granbull\n|-damage|p1a: Granbull|116/302 brn\n|\n|t:|1781453332\n|switch|p2a: Articuno|Articuno, L86|190/295 brn|[from] U-turn\n|-ability|p2a: Articuno|Pressure\n|move|p1a: Granbull|Play Rough|p2a: Articuno|[miss]\n|-miss|p1a: Granbull|p2a: Articuno\n|\n|-weather|none\n|-heal|p1a: Granbull|134/302 brn|[from] item: Leftovers\n|-damage|p2a: Articuno|172/295 brn|[from] brn\n|-damage|p1a: Granbull|116/302 brn|[from] brn\n|upkeep\n|turn|21\n|\n|t:|1781453339\n|switch|p1a: Slowking|Slowking, L88, F|148/310\n|move|p2a: Articuno|Freeze-Dry|p1a: Slowking\n|-supereffective|p1a: Slowking\n|-damage|p1a: Slowking|20/310\n|-status|p1a: Slowking|frz\n|\n|-damage|p2a: Articuno|154/295 brn|[from] brn\n|upkeep\n|turn|22\n|\n|t:|1781453343\n|move|p2a: Articuno|Roost|p2a: Articuno\n|-heal|p2a: Articuno|295/295 brn\n|-singleturn|p2a: Articuno|move: Roost\n|-curestatus|p1a: Slowking|frz|[msg]\n|move|p1a: Slowking|Psychic Noise|p2a: Articuno\n|-damage|p2a: Articuno|223/295 brn\n|-start|p2a: Articuno|move: Heal Block\n|\n|-damage|p2a: Articuno|205/295 brn|[from] brn\n|upkeep\n|turn|23\n|\n|t:|1781453347\n|switch|p1a: Granbull|Granbull, L88, M|116/302 brn\n|-damage|p1a: Granbull|79/302 brn|[from] Stealth Rock\n|-ability|p1a: Granbull|Intimidate|boost\n|-unboost|p2a: Articuno|atk|1\n|move|p2a: Articuno|Freeze-Dry|p1a: Granbull\n|-damage|p1a: Granbull|0 fnt\n|faint|p1a: Granbull\n|\n|-damage|p2a: Articuno|187/295 brn|[from] brn\n|-end|p2a: Articuno|move: Heal Block\n|upkeep\n|\n|t:|1781453348\n|switch|p1a: Slowking|Slowking, L88, F|123/310\n|turn|24\n|\n|t:|1781453351\n|switch|p1a: Tinkaton|Tinkaton, L82, F|188/274\n|-damage|p1a: Tinkaton|171/274|[from] Stealth Rock\n|-ability|p1a: Tinkaton|Mold Breaker\n|move|p2a: Articuno|Freeze-Dry|p1a: Tinkaton\n|-resisted|p1a: Tinkaton\n|-damage|p1a: Tinkaton|138/274\n|\n|-heal|p1a: Tinkaton|155/274|[from] item: Leftovers\n|-damage|p2a: Articuno|169/295 brn|[from] brn\n|upkeep\n|turn|25\n|\n|t:|1781453356\n|switch|p2a: Corviknight|Corviknight, L80, F|245/288\n|-damage|p2a: Corviknight|209/288|[from] Stealth Rock\n|-ability|p2a: Corviknight|Pressure\n|move|p1a: Tinkaton|Gigaton Hammer|p2a: Corviknight\n|-resisted|p2a: Corviknight\n|-damage|p2a: Corviknight|144/288\n|\n|-heal|p1a: Tinkaton|172/274|[from] item: Leftovers\n|-heal|p2a: Corviknight|162/288|[from] item: Leftovers\n|upkeep\n|turn|26\n|\n|t:|1781453364\n|switch|p1a: Slowking|Slowking, L88, F|226/310\n|move|p2a: Corviknight|Brave Bird|p1a: Slowking\n|-damage|p1a: Slowking|106/310\n|-damage|p2a: Corviknight|122/288|[from] Recoil\n|\n|-heal|p2a: Corviknight|140/288|[from] item: Leftovers\n|upkeep\n|turn|27\n|\n|t:|1781453370\n|move|p2a: Corviknight|Brave Bird|p1a: Slowking\n|-damage|p1a: Slowking|0 fnt\n|faint|p1a: Slowking\n|-damage|p2a: Corviknight|105/288|[from] Recoil\n|\n|-heal|p2a: Corviknight|123/288|[from] item: Leftovers\n|upkeep\n|\n|t:|1781453373\n|switch|p1a: Lapras|Lapras, L87, F|367/367\n|-damage|p1a: Lapras|276/367|[from] Stealth Rock\n|turn|28\n|\n|t:|1781453386\n|switch|p2a: Tauros|Tauros-Paldea-Aqua, L81, M|254/254\n|-damage|p2a: Tauros|239/254|[from] Stealth Rock\n|-ability|p2a: Tauros|Intimidate|boost\n|-unboost|p1a: Lapras|atk|1\n|move|p1a: Lapras|Dragon Dance|p1a: Lapras\n|-boost|p1a: Lapras|atk|1\n|-boost|p1a: Lapras|spe|1\n|\n|upkeep\n|turn|29\n|\n|t:|1781453392\n|move|p1a: Lapras|Earthquake|p2a: Tauros\n|-damage|p2a: Tauros|175/254\n|move|p2a: Tauros|Close Combat|p1a: Lapras\n|-supereffective|p1a: Lapras\n|-crit|p1a: Lapras\n|-damage|p1a: Lapras|0 fnt\n|-unboost|p2a: Tauros|def|1\n|-unboost|p2a: Tauros|spd|1\n|faint|p1a: Lapras\n|\n|upkeep\n|-message|renz3554 forfeited.\n|\n|win|Z10101\n", "uploadtime": 1781453191, "views": 4, "formatid": "gen9randombattle", "rating": null, "private": 0, "password": null}