{"id": "gen9randombattle-2631943420", "format": "[Gen 9] Random Battle", "players": ["plzlemmein", "marinusss"], "log": "|j|\u2606plzlemmein\n|j|\u2606marinusss\n|t:|1781458300\n|gametype|singles\n|player|p1|plzlemmein|nurse|1437\n|player|p2|marinusss|169|1485\n|gen|9\n|tier|[Gen 9] Random Battle\n|rated|\n|rule|Species Clause: Limit one of each Pok\u00e9mon\n|rule|HP Percentage Mod: HP is shown in percentages\n|rule|Sleep Clause Mod: Limit one foe put to sleep\n|rule|Illusion Level Mod: Illusion disguises the Pok\u00e9mon's true level\n|\n|t:|1781458300\n|teamsize|p1|6\n|teamsize|p2|6\n|start\n|switch|p1a: Blaziken|Blaziken, L76, M|247/247\n|switch|p2a: Altaria|Altaria, L89, M|278/278\n|turn|1\n|inactive|Battle timer is ON: inactive players will automatically lose when time's up. (requested by plzlemmein)\n|inactive|plzlemmein has 120 seconds left.\n|inactive|marinusss has 120 seconds left.\n|\n|t:|1781458336\n|switch|p1a: Dugtrio|Dugtrio-Alola, L84, M|196/196\n|move|p2a: Altaria|Brave Bird|p1a: Dugtrio\n|-resisted|p1a: Dugtrio\n|-damage|p1a: Dugtrio|123/196\n|-ability|p1a: Dugtrio|Tangling Hair\n|-unboost|p2a: Altaria|spe|1\n|-damage|p2a: Altaria|254/278|[from] Recoil\n|\n|upkeep\n|turn|2\n|\n|t:|1781458351\n|switch|p2a: Tauros|Tauros-Paldea-Aqua, L81, M|254/254\n|-ability|p2a: Tauros|Intimidate|boost\n|-unboost|p1a: Dugtrio|atk|1\n|move|p1a: Dugtrio|Swords Dance|p1a: Dugtrio\n|-boost|p1a: Dugtrio|atk|2\n|\n|upkeep\n|turn|3\n|\n|t:|1781458361\n|move|p1a: Dugtrio|Earthquake|p2a: Tauros\n|-damage|p2a: Tauros|51/254\n|-damage|p1a: Dugtrio|104/196|[from] item: Life Orb\n|move|p2a: Tauros|Close Combat|p1a: Dugtrio\n|-supereffective|p1a: Dugtrio\n|-damage|p1a: Dugtrio|0 fnt\n|-unboost|p2a: Tauros|def|1\n|-unboost|p2a: Tauros|spd|1\n|-ability|p1a: Dugtrio|Tangling Hair\n|-unboost|p2a: Tauros|spe|1\n|faint|p1a: Dugtrio\n|-damage|p2a: Tauros|26/254|[from] item: Life Orb\n|\n|upkeep\n|\n|t:|1781458370\n|switch|p1a: Seviper|Seviper, L93, M|287/287\n|turn|4\n|\n|t:|1781458379\n|switch|p2a: Coalossal|Coalossal, L89, M|341/341\n|move|p1a: Seviper|Swords Dance|p1a: Seviper\n|-boost|p1a: Seviper|atk|2\n|\n|upkeep\n|turn|5\n|\n|t:|1781458391\n|move|p1a: Seviper|Earthquake|p2a: Coalossal\n|-supereffective|p2a: Coalossal\n|-damage|p2a: Coalossal|0 fnt\n|faint|p2a: Coalossal\n|\n|upkeep\n|\n|t:|1781458395\n|switch|p2a: Tauros|Tauros-Paldea-Aqua, L81, M|26/254\n|-ability|p2a: Tauros|Intimidate|boost\n|-unboost|p1a: Seviper|atk|1\n|turn|6\n|\n|t:|1781458407\n|switch|p1a: Primarina|Primarina, L83, F|268/268\n|move|p2a: Tauros|Liquidation|p1a: Primarina\n|-resisted|p1a: Primarina\n|-damage|p1a: Primarina|198/268\n|-damage|p2a: Tauros|1/254|[from] item: Life Orb\n|\n|upkeep\n|turn|7\n|\n|t:|1781458411\n|switch|p2a: Toxapex|Toxapex, L82, F|216/216\n|move|p1a: Primarina|Moonblast|p2a: Toxapex\n|-resisted|p2a: Toxapex\n|-damage|p2a: Toxapex|156/216\n|-unboost|p2a: Toxapex|spa|1\n|\n|-heal|p2a: Toxapex|169/216|[from] item: Leftovers\n|upkeep\n|turn|8\n|\n|t:|1781458417\n|switch|p1a: Medicham|Medicham, L86, M|243/243\n|move|p2a: Toxapex|Toxic|p1a: Medicham\n|-status|p1a: Medicham|tox\n|\n|-heal|p2a: Toxapex|182/216|[from] item: Leftovers\n|-damage|p1a: Medicham|228/243 tox|[from] psn\n|upkeep\n|turn|9\n|\n|t:|1781458434\n|switch|p2a: Tauros|Tauros-Paldea-Aqua, L81, M|1/254\n|-ability|p2a: Tauros|Intimidate|boost\n|-unboost|p1a: Medicham|atk|1\n|move|p1a: Medicham|Trick|p2a: Tauros\n|-activate|p1a: Medicham|move: Trick|[of] p2a: Tauros\n|-item|p2a: Tauros|Choice Scarf|[from] move: Trick\n|-item|p1a: Medicham|Life Orb|[from] move: Trick\n|\n|-damage|p1a: Medicham|198/243 tox|[from] psn\n|upkeep\n|turn|10\n|\n|t:|1781458448\n|switch|p1a: Primarina|Primarina, L83, F|198/268\n|move|p2a: Tauros|Liquidation|p1a: Primarina\n|-resisted|p1a: Primarina\n|-damage|p1a: Primarina|146/268\n|\n|upkeep\n|turn|11\n|\n|t:|1781458452\n|switch|p2a: Toxapex|Toxapex, L82, F|216/216\n|move|p1a: Primarina|Psychic|p2a: Toxapex\n|-supereffective|p2a: Toxapex\n|-damage|p2a: Toxapex|54/216\n|\n|-heal|p2a: Toxapex|67/216|[from] item: Leftovers\n|upkeep\n|turn|12\n|\n|t:|1781458464\n|move|p1a: Primarina|Psychic|p2a: Toxapex\n|-supereffective|p2a: Toxapex\n|-damage|p2a: Toxapex|0 fnt\n|faint|p2a: Toxapex\n|\n|upkeep\n|\n|t:|1781458470\n|switch|p2a: Glalie|Glalie, L96, F|309/309\n|turn|13\n|\n|t:|1781458480\n|move|p2a: Glalie|Spikes|p1a: Primarina\n|-sidestart|p1: plzlemmein|Spikes\n|move|p1a: Primarina|Psychic|p2a: Glalie\n|-damage|p2a: Glalie|201/309\n|-unboost|p2a: Glalie|spd|1\n|\n|upkeep\n|turn|14\n|\n|t:|1781458484\n|move|p2a: Glalie|Freeze-Dry|p1a: Primarina\n|-supereffective|p1a: Primarina\n|-damage|p1a: Primarina|6/268\n|move|p1a: Primarina|Psychic|p2a: Glalie\n|-damage|p2a: Glalie|40/309\n|\n|upkeep\n|turn|15\n|\n|t:|1781458490\n|move|p2a: Glalie|Freeze-Dry|p1a: Primarina\n|-supereffective|p1a: Primarina\n|-damage|p1a: Primarina|0 fnt\n|faint|p1a: Primarina\n|\n|upkeep\n|\n|t:|1781458505\n|switch|p1a: Seviper|Seviper, L93, M|287/287\n|-damage|p1a: Seviper|252/287|[from] Spikes\n|turn|16\n|inactive|marinusss has 120 seconds left.\n|\n|t:|1781458562\n|move|p2a: Glalie|Spikes|p1a: Seviper\n|-sidestart|p1: plzlemmein|Spikes\n|move|p1a: Seviper|Trailblaze|p2a: Glalie\n|-damage|p2a: Glalie|0 fnt\n|-boost|p1a: Seviper|spe|1\n|faint|p2a: Glalie\n|\n|-heal|p1a: Seviper|269/287|[from] item: Leftovers\n|upkeep\n|\n|t:|1781458568\n|switch|p2a: Tauros|Tauros-Paldea-Aqua, L81, M|1/254\n|-ability|p2a: Tauros|Intimidate|boost\n|-unboost|p1a: Seviper|atk|1\n|turn|17\n|\n|t:|1781458589\n|-terastallize|p1a: Seviper|Grass\n|move|p2a: Tauros|Liquidation|p1a: Seviper\n|-resisted|p1a: Seviper\n|-damage|p1a: Seviper|214/287\n|move|p1a: Seviper|Swords Dance|p1a: Seviper\n|-boost|p1a: Seviper|atk|2\n|\n|-heal|p1a: Seviper|231/287|[from] item: Leftovers\n|upkeep\n|turn|18\n|\n|t:|1781458598\n|switch|p2a: Altaria|Altaria, L89, M|254/278\n|move|p1a: Seviper|Trailblaze|p2a: Altaria\n|-resisted|p2a: Altaria\n|-damage|p2a: Altaria|228/278\n|-boost|p1a: Seviper|spe|1\n|\n|-heal|p1a: Seviper|248/287|[from] item: Leftovers\n|upkeep\n|turn|19\n|\n|t:|1781458608\n|move|p1a: Seviper|Gunk Shot|p2a: Altaria\n|-damage|p2a: Altaria|0 fnt\n|faint|p2a: Altaria\n|\n|-heal|p1a: Seviper|265/287|[from] item: Leftovers\n|upkeep\n|\n|t:|1781458611\n|switch|p2a: Tauros|Tauros-Paldea-Aqua, L81, M|1/254\n|-ability|p2a: Tauros|Intimidate|boost\n|-unboost|p1a: Seviper|atk|1\n|turn|20\n|\n|t:|1781458614\n|move|p1a: Seviper|Trailblaze|p2a: Tauros\n|-supereffective|p2a: Tauros\n|-damage|p2a: Tauros|0 fnt\n|-boost|p1a: Seviper|spe|1\n|faint|p2a: Tauros\n|\n|-heal|p1a: Seviper|282/287|[from] item: Leftovers\n|upkeep\n|\n|t:|1781458616\n|switch|p2a: Regidrago|Regidrago, L77|435/435\n|turn|21\n|\n|t:|1781458622\n|move|p1a: Seviper|Gunk Shot|p2a: Regidrago\n|-damage|p2a: Regidrago|192/435\n|move|p2a: Regidrago|Dragon Dance|p2a: Regidrago\n|-boost|p2a: Regidrago|atk|1\n|-boost|p2a: Regidrago|spe|1\n|\n|-heal|p1a: Seviper|287/287|[from] item: Leftovers\n|upkeep\n|turn|22\n|\n|t:|1781458631\n|-terastallize|p2a: Regidrago|Dragon\n|move|p1a: Seviper|Gunk Shot|p2a: Regidrago\n|-damage|p2a: Regidrago|0 fnt\n|faint|p2a: Regidrago\n|\n|win|plzlemmein\n|raw|plzlemmein's rating: 1437 &rarr; <strong>1460</strong><br />(+23 for winning)\n|raw|marinusss's rating: 1485 &rarr; <strong>1462</strong><br />(-23 for losing)\n", "uploadtime": 1781458634, "views": 7, "formatid": "gen9randombattle", "rating": 1460, "private": 0, "password": null}