{"id": "gen9randombattle-2631632389", "format": "[Gen 9] Random Battle", "players": ["General Nova64", "masbahlilganteng"], "log": "|j|\u2606General Nova64\n|j|\u2606masbahlilganteng\n|t:|1781411912\n|gametype|singles\n|player|p1|General Nova64|169|2101\n|player|p2|masbahlilganteng|hoopster|2047\n|gen|9\n|tier|[Gen 9] Random Battle\n|rated|\n|rule|Species Clause: Limit one of each Pok\u00e9mon\n|rule|HP Percentage Mod: HP is shown in percentages\n|rule|Sleep Clause Mod: Limit one foe put to sleep\n|rule|Illusion Level Mod: Illusion disguises the Pok\u00e9mon's true level\n|\n|t:|1781411912\n|teamsize|p1|6\n|teamsize|p2|6\n|start\n|switch|p1a: Clodsire|Clodsire, L81, F|343/343\n|switch|p2a: Gastrodon|Gastrodon-East, L86, F|331/331\n|turn|1\n|inactive|Battle timer is ON: inactive players will automatically lose when time's up. (requested by masbahlilganteng)\n|\n|t:|1781411921\n|switch|p1a: Crabominable|Crabominable, L90, M|321/321\n|move|p2a: Gastrodon|Surf|p1a: Crabominable\n|-damage|p1a: Crabominable|212/321\n|\n|upkeep\n|turn|2\n|\n|t:|1781411929\n|move|p1a: Crabominable|Ice Hammer|p2a: Gastrodon\n|-damage|p2a: Gastrodon|0 fnt\n|-unboost|p1a: Crabominable|spe|1\n|faint|p2a: Gastrodon\n|\n|upkeep\n|\n|t:|1781411940\n|switch|p2a: Skarmory|Skarmory, L80, F|235/235\n|turn|3\n|\n|t:|1781411945\n|move|p2a: Skarmory|Spikes|p1a: Crabominable\n|-sidestart|p1: General Nova64|Spikes\n|move|p1a: Crabominable|Ice Hammer|p2a: Skarmory\n|-damage|p2a: Skarmory|13/235\n|-unboost|p1a: Crabominable|spe|1\n|-damage|p1a: Crabominable|159/321|[from] item: Rocky Helmet|[of] p2a: Skarmory\n|\n|upkeep\n|turn|4\n|\n|t:|1781411952\n|move|p2a: Skarmory|Roost|p2a: Skarmory\n|-heal|p2a: Skarmory|131/235\n|-singleturn|p2a: Skarmory|move: Roost\n|move|p1a: Crabominable|Ice Hammer|p2a: Skarmory\n|-resisted|p2a: Skarmory\n|-damage|p2a: Skarmory|24/235\n|-unboost|p1a: Crabominable|spe|1\n|-damage|p1a: Crabominable|106/321|[from] item: Rocky Helmet|[of] p2a: Skarmory\n|\n|upkeep\n|turn|5\n|\n|t:|1781411971\n|switch|p1a: Regirock|Regirock, L83|268/268\n|-damage|p1a: Regirock|235/268|[from] Spikes\n|move|p2a: Skarmory|Roost|p2a: Skarmory\n|-heal|p2a: Skarmory|142/235\n|-singleturn|p2a: Skarmory|move: Roost\n|\n|-heal|p1a: Regirock|251/268|[from] item: Leftovers\n|upkeep\n|turn|6\n|\n|t:|1781411976\n|move|p2a: Skarmory|Spikes|p1a: Regirock\n|-sidestart|p1: General Nova64|Spikes\n|move|p1a: Regirock|Thunder Wave|p2a: Skarmory\n|-status|p2a: Skarmory|par\n|\n|-heal|p1a: Regirock|267/268|[from] item: Leftovers\n|upkeep\n|turn|7\n|\n|t:|1781411982\n|move|p1a: Regirock|Stealth Rock|p2a: Skarmory\n|-sidestart|p2: masbahlilganteng|move: Stealth Rock\n|move|p2a: Skarmory|Spikes|p1a: Regirock\n|-sidestart|p1: General Nova64|Spikes\n|\n|-heal|p1a: Regirock|268/268|[from] item: Leftovers\n|upkeep\n|turn|8\n|\n|t:|1781411987\n|move|p1a: Regirock|Stone Edge|p2a: Skarmory\n|-damage|p2a: Skarmory|67/235 par\n|cant|p2a: Skarmory|par\n|\n|upkeep\n|turn|9\n|\n|t:|1781411994\n|switch|p2a: Palossand|Palossand, L89, F|296/296\n|-damage|p2a: Palossand|278/296|[from] Stealth Rock\n|move|p1a: Regirock|Stone Edge|p2a: Palossand\n|-resisted|p2a: Palossand\n|-damage|p2a: Palossand|233/296\n|\n|-heal|p2a: Palossand|251/296|[from] item: Leftovers\n|upkeep\n|turn|10\n|\n|t:|1781412002\n|switch|p1a: Dodrio|Dodrio, L85, M|241/241\n|move|p2a: Palossand|Stealth Rock|p1a: Dodrio\n|-sidestart|p1: General Nova64|move: Stealth Rock\n|\n|-heal|p2a: Palossand|269/296|[from] item: Leftovers\n|upkeep\n|turn|11\n|\n|t:|1781412008\n|switch|p2a: Skarmory|Skarmory, L80, F|67/235 par\n|-damage|p2a: Skarmory|38/235 par|[from] Stealth Rock\n|move|p1a: Dodrio|Swords Dance|p1a: Dodrio\n|-boost|p1a: Dodrio|atk|2\n|\n|upkeep\n|turn|12\n|\n|t:|1781412015\n|move|p1a: Dodrio|Brave Bird|p2a: Skarmory\n|-resisted|p2a: Skarmory\n|-damage|p2a: Skarmory|0 fnt\n|-damage|p1a: Dodrio|201/241|[from] item: Rocky Helmet|[of] p2a: Skarmory\n|faint|p2a: Skarmory\n|-damage|p1a: Dodrio|188/241|[from] Recoil\n|\n|upkeep\n|\n|t:|1781412021\n|switch|p2a: Veluza|Veluza, L85, F|292/292\n|-damage|p2a: Veluza|256/292|[from] Stealth Rock\n|turn|13\n|\n|t:|1781412026\n|move|p2a: Veluza|Psycho Cut|p1a: Dodrio\n|-damage|p1a: Dodrio|44/241\n|move|p1a: Dodrio|Brave Bird|p2a: Veluza\n|-damage|p2a: Veluza|0 fnt\n|faint|p2a: Veluza\n|-damage|p1a: Dodrio|0 fnt|[from] Recoil\n|faint|p1a: Dodrio\n|\n|upkeep\n|\n|t:|1781412044\n|switch|p1a: Crabominable|Crabominable, L90, M|106/321\n|switch|p2a: Meganium|Meganium, L90, M|290/290\n|-damage|p2a: Meganium|254/290|[from] Stealth Rock\n|-damage|p1a: Crabominable|26/321|[from] Spikes\n|-damage|p1a: Crabominable|0 fnt|[from] Stealth Rock\n|faint|p1a: Crabominable\n|\n|t:|1781412053\n|switch|p1a: Clodsire|Clodsire, L81, F|343/343\n|-damage|p1a: Clodsire|258/343|[from] Spikes\n|-damage|p1a: Clodsire|237/343|[from] Stealth Rock\n|turn|14\n|\n|t:|1781412059\n|move|p2a: Meganium|Swords Dance|p2a: Meganium\n|-boost|p2a: Meganium|atk|2\n|move|p1a: Clodsire|Curse|p1a: Clodsire\n|-unboost|p1a: Clodsire|spe|1\n|-boost|p1a: Clodsire|atk|1\n|-boost|p1a: Clodsire|def|1\n|\n|-heal|p2a: Meganium|272/290|[from] item: Leftovers\n|-heal|p1a: Clodsire|258/343|[from] item: Leftovers\n|upkeep\n|turn|15\n|\n|t:|1781412065\n|move|p2a: Meganium|Earthquake|p1a: Clodsire\n|-supereffective|p1a: Clodsire\n|-damage|p1a: Clodsire|124/343\n|move|p1a: Clodsire|Recover|p1a: Clodsire\n|-heal|p1a: Clodsire|296/343\n|\n|-heal|p2a: Meganium|290/290|[from] item: Leftovers\n|-heal|p1a: Clodsire|317/343|[from] item: Leftovers\n|upkeep\n|turn|16\n|\n|t:|1781412070\n|move|p2a: Meganium|Knock Off|p1a: Clodsire\n|-damage|p1a: Clodsire|253/343\n|-enditem|p1a: Clodsire|Leftovers|[from] move: Knock Off|[of] p2a: Meganium\n|move|p1a: Clodsire|Curse|p1a: Clodsire\n|-unboost|p1a: Clodsire|spe|1\n|-boost|p1a: Clodsire|atk|1\n|-boost|p1a: Clodsire|def|1\n|\n|upkeep\n|turn|17\n|\n|t:|1781412076\n|switch|p2a: Palossand|Palossand, L89, F|269/296\n|-damage|p2a: Palossand|251/296|[from] Stealth Rock\n|move|p1a: Clodsire|Curse|p1a: Clodsire\n|-unboost|p1a: Clodsire|spe|1\n|-boost|p1a: Clodsire|atk|1\n|-boost|p1a: Clodsire|def|1\n|\n|-heal|p2a: Palossand|269/296|[from] item: Leftovers\n|upkeep\n|turn|18\n|\n|t:|1781412085\n|-terastallize|p1a: Clodsire|Flying\n|move|p2a: Palossand|Earth Power|p1a: Clodsire\n|-immune|p1a: Clodsire\n|move|p1a: Clodsire|Earthquake|p2a: Palossand\n|-damage|p2a: Palossand|116/296\n|\n|-heal|p2a: Palossand|134/296|[from] item: Leftovers\n|upkeep\n|turn|19\n|\n|t:|1781412091\n|move|p2a: Palossand|Shadow Ball|p1a: Clodsire\n|-damage|p1a: Clodsire|166/343\n|move|p1a: Clodsire|Earthquake|p2a: Palossand\n|-damage|p2a: Palossand|0 fnt\n|faint|p2a: Palossand\n|\n|upkeep\n|\n|t:|1781412104\n|switch|p2a: Zacian|Zacian, L69|241/241\n|-damage|p2a: Zacian|211/241|[from] Stealth Rock\n|-ability|p2a: Zacian|Intrepid Sword|boost\n|-boost|p2a: Zacian|atk|1\n|turn|20\n|\n|t:|1781412110\n|-terastallize|p2a: Zacian|Fighting\n|move|p2a: Zacian|Play Rough|p1a: Clodsire\n|-damage|p1a: Clodsire|114/343\n|-damage|p2a: Zacian|187/241|[from] item: Life Orb\n|move|p1a: Clodsire|Recover|p1a: Clodsire\n|-heal|p1a: Clodsire|286/343\n|\n|upkeep\n|turn|21\n|-message|masbahlilganteng forfeited.\n|\n|win|General Nova64\n", "uploadtime": 1781411914, "views": 3, "formatid": "gen9randombattle", "rating": null, "private": 0, "password": null}