{"id": "gen9randombattle-2631618347", "format": "[Gen 9] Random Battle", "players": ["schleeby", "WhatEver2102"], "log": "|j|\u2606schleeby\n|j|\u2606WhatEver2102\n|t:|1781409694\n|gametype|singles\n|player|p1|schleeby|rosa|2029\n|player|p2|WhatEver2102|juan|2050\n|gen|9\n|tier|[Gen 9] Random Battle\n|rated|\n|rule|Species Clause: Limit one of each Pok\u00e9mon\n|rule|HP Percentage Mod: HP is shown in percentages\n|rule|Sleep Clause Mod: Limit one foe put to sleep\n|rule|Illusion Level Mod: Illusion disguises the Pok\u00e9mon's true level\n|\n|t:|1781409694\n|teamsize|p1|6\n|teamsize|p2|6\n|start\n|switch|p1a: Wugtrio|Wugtrio, L91, F|212/212\n|switch|p2a: Gouging Fire|Gouging Fire, L74|277/277\n|turn|1\n|inactive|Battle timer is ON: inactive players will automatically lose when time's up. (requested by schleeby)\n|inactive|WhatEver2102 has 120 seconds left.\n|\n|t:|1781409758\n|-end|p2a: Gouging Fire|Protosynthesis|[silent]\n|switch|p2a: Dunsparce|Dunsparce, L86, F|312/312\n|move|p1a: Wugtrio|Liquidation|p2a: Dunsparce\n|-damage|p2a: Dunsparce|198/312\n|-unboost|p2a: Dunsparce|def|1\n|\n|upkeep\n|turn|2\n|\n|t:|1781409763\n|move|p1a: Wugtrio|Liquidation|p2a: Dunsparce\n|-damage|p2a: Dunsparce|0 fnt\n|faint|p2a: Dunsparce\n|\n|upkeep\n|\n|t:|1781409768\n|switch|p2a: Eelektross|Eelektross, L87, F|290/290\n|turn|3\n|\n|t:|1781409773\n|switch|p1a: Pachirisu|Pachirisu, L96, F|271/271\n|move|p2a: Eelektross|Supercell Slam|p1a: Pachirisu\n|-immune|p1a: Pachirisu|[from] ability: Volt Absorb\n|-damage|p2a: Eelektross|145/290|[from] supercellslam\n|\n|-heal|p2a: Eelektross|163/290|[from] item: Leftovers\n|upkeep\n|turn|4\n|\n|t:|1781409782\n|move|p1a: Pachirisu|Encore|p2a: Eelektross\n|-start|p2a: Eelektross|Encore\n|move|p2a: Eelektross|Supercell Slam|p1a: Pachirisu\n|-immune|p1a: Pachirisu|[from] ability: Volt Absorb\n|-damage|p2a: Eelektross|18/290|[from] supercellslam\n|\n|-heal|p2a: Eelektross|36/290|[from] item: Leftovers\n|upkeep\n|turn|5\n|\n|t:|1781409788\n|switch|p2a: Quagsire|Quagsire, L84, F|297/297\n|move|p1a: Pachirisu|U-turn|p2a: Quagsire\n|-damage|p2a: Quagsire|259/297\n|\n|t:|1781409802\n|switch|p1a: Greninja|Greninja, L80, M|246/246|[from] U-turn\n|\n|-heal|p2a: Quagsire|277/297|[from] item: Leftovers\n|upkeep\n|turn|6\n|\n|t:|1781409811\n|move|p1a: Greninja|Grass Knot|p2a: Quagsire\n|-start|p1a: Greninja|typechange|Grass|[from] ability: Protean\n|-supereffective|p2a: Quagsire\n|-damage|p2a: Quagsire|0 fnt\n|faint|p2a: Quagsire\n|\n|upkeep\n|\n|t:|1781409817\n|switch|p2a: Gardevoir|Gardevoir, L83, M|249/249\n|-ability|p2a: Gardevoir|Protean|Trace|[from] ability: Trace|[of] p1a: Greninja\n|turn|7\n|\n|t:|1781409827\n|switch|p1a: Gothitelle|Gothitelle, L90, M|272/272\n|move|p2a: Gardevoir|Moonblast|p1a: Gothitelle\n|-start|p2a: Gardevoir|typechange|Fairy|[from] ability: Protean\n|-damage|p1a: Gothitelle|169/272\n|-unboost|p1a: Gothitelle|spa|1\n|\n|upkeep\n|turn|8\n|\n|t:|1781409833\n|move|p2a: Gardevoir|Moonblast|p1a: Gothitelle\n|-damage|p1a: Gothitelle|69/272\n|move|p1a: Gothitelle|Dark Pulse|p2a: Gardevoir\n|-resisted|p2a: Gardevoir\n|-damage|p2a: Gardevoir|231/249\n|\n|upkeep\n|turn|9\n|\n|t:|1781409836\n|move|p2a: Gardevoir|Moonblast|p1a: Gothitelle\n|-damage|p1a: Gothitelle|0 fnt\n|faint|p1a: Gothitelle\n|\n|upkeep\n|\n|t:|1781409839\n|switch|p1a: Wugtrio|Wugtrio, L91, F|212/212\n|turn|10\n|\n|t:|1781409842\n|move|p2a: Gardevoir|Moonblast|p1a: Wugtrio\n|-damage|p1a: Wugtrio|70/212\n|move|p1a: Wugtrio|Liquidation|p2a: Gardevoir\n|-damage|p2a: Gardevoir|18/249\n|\n|upkeep\n|turn|11\n|\n|t:|1781409848\n|switch|p1a: Pachirisu|Pachirisu, L96, F|271/271\n|move|p2a: Gardevoir|Moonblast|p1a: Pachirisu\n|-damage|p1a: Pachirisu|160/271\n|-unboost|p1a: Pachirisu|spa|1\n|\n|upkeep\n|turn|12\n|\n|t:|1781409853\n|move|p2a: Gardevoir|Moonblast|p1a: Pachirisu\n|-damage|p1a: Pachirisu|61/271\n|move|p1a: Pachirisu|Discharge|p2a: Gardevoir\n|-damage|p2a: Gardevoir|0 fnt\n|faint|p2a: Gardevoir\n|\n|upkeep\n|\n|t:|1781409860\n|switch|p2a: Eelektross|Eelektross, L87, F|36/290\n|turn|13\n|\n|t:|1781409865\n|move|p1a: Pachirisu|U-turn|p2a: Eelektross\n|-damage|p2a: Eelektross|0 fnt\n|faint|p2a: Eelektross\n|\n|t:|1781409870\n|switch|p1a: Wugtrio|Wugtrio, L91, F|70/212|[from] U-turn\n|\n|upkeep\n|\n|t:|1781409877\n|switch|p2a: Gouging Fire|Gouging Fire, L74|277/277\n|turn|14\n|\n|t:|1781409880\n|move|p1a: Wugtrio|Liquidation|p2a: Gouging Fire\n|-damage|p2a: Gouging Fire|139/277\n|move|p2a: Gouging Fire|Dragon Dance|p2a: Gouging Fire\n|-boost|p2a: Gouging Fire|atk|1\n|-boost|p2a: Gouging Fire|spe|1\n|\n|upkeep\n|turn|15\n|\n|t:|1781409892\n|move|p1a: Wugtrio|Liquidation|p2a: Gouging Fire\n|-damage|p2a: Gouging Fire|0 fnt\n|faint|p2a: Gouging Fire\n|-end|p2a: Gouging Fire|Protosynthesis|[silent]\n|\n|upkeep\n|-message|WhatEver2102 forfeited.\n|\n|win|schleeby\n", "uploadtime": 1781409697, "views": 5, "formatid": "gen9randombattle", "rating": null, "private": 0, "password": null}