{"id": "gen9randombattle-2631383038", "format": "[Gen 9] Random Battle", "players": ["goinforasmoke", "centrallimittheory"], "log": "|j|\u2606goinforasmoke\n|j|\u2606centrallimittheory\n|t:|1781378145\n|gametype|singles\n|player|p1|goinforasmoke|acetrainer-gen6xy|1971\n|player|p2|centrallimittheory|crasherwake|1978\n|gen|9\n|tier|[Gen 9] Random Battle\n|rated|\n|rule|Species Clause: Limit one of each Pok\u00e9mon\n|rule|HP Percentage Mod: HP is shown in percentages\n|rule|Sleep Clause Mod: Limit one foe put to sleep\n|rule|Illusion Level Mod: Illusion disguises the Pok\u00e9mon's true level\n|\n|t:|1781378145\n|teamsize|p1|6\n|teamsize|p2|6\n|start\n|switch|p1a: Orthworm|Orthworm, L88, F|266/266\n|switch|p2a: Iron Thorns|Iron Thorns, L83|302/302\n|turn|1\n|inactive|Battle timer is ON: inactive players will automatically lose when time's up. (requested by centrallimittheory)\n|\n|t:|1781378152\n|move|p2a: Iron Thorns|Volt Switch|p1a: Orthworm\n|-damage|p1a: Orthworm|193/266\n|\n|t:|1781378167\n|-end|p2a: Iron Thorns|Quark Drive|[silent]\n|switch|p2a: Ariados|Ariados, L95, F|287/287|[from] Volt Switch\n|move|p1a: Orthworm|Coil|p1a: Orthworm\n|-boost|p1a: Orthworm|atk|1\n|-boost|p1a: Orthworm|def|1\n|-boost|p1a: Orthworm|accuracy|1\n|\n|upkeep\n|turn|2\n|\n|t:|1781378183\n|move|p1a: Orthworm|Iron Tail|p2a: Ariados\n|-crit|p2a: Ariados\n|-damage|p2a: Ariados|40/287\n|move|p2a: Ariados|Sticky Web|p1a: Orthworm\n|-sidestart|p1: goinforasmoke|move: Sticky Web\n|\n|upkeep\n|turn|3\n|inactive|centrallimittheory has 120 seconds left.\n|inactive|goinforasmoke has 120 seconds left.\n|\n|t:|1781378232\n|move|p2a: Ariados|Sucker Punch|p1a: Orthworm\n|-damage|p1a: Orthworm|167/266\n|move|p1a: Orthworm|Iron Tail|p2a: Ariados\n|-damage|p2a: Ariados|0 fnt\n|faint|p2a: Ariados\n|\n|upkeep\n|inactive|centrallimittheory has 120 seconds left.\n|inactive|centrallimittheory has 90 seconds left.\n|inactive|centrallimittheory has 60 seconds left.\n|\n|t:|1781378298\n|switch|p2a: Registeel|Registeel, L81|262/262\n|turn|4\n|\n|t:|1781378317\n|-terastallize|p2a: Registeel|Fighting\n|move|p1a: Orthworm|Body Press|p2a: Registeel\n|-damage|p2a: Registeel|173/262\n|move|p2a: Registeel|Thunder Wave|p1a: Orthworm\n|-status|p1a: Orthworm|par\n|\n|-heal|p2a: Registeel|189/262|[from] item: Leftovers\n|upkeep\n|turn|5\n|\n|t:|1781378323\n|move|p2a: Registeel|Body Press|p1a: Orthworm\n|-supereffective|p1a: Orthworm\n|-damage|p1a: Orthworm|65/266 par\n|cant|p1a: Orthworm|par\n|\n|-heal|p2a: Registeel|205/262|[from] item: Leftovers\n|upkeep\n|turn|6\n|\n|t:|1781378327\n|move|p2a: Registeel|Body Press|p1a: Orthworm\n|-supereffective|p1a: Orthworm\n|-damage|p1a: Orthworm|0 fnt\n|faint|p1a: Orthworm\n|\n|-heal|p2a: Registeel|221/262|[from] item: Leftovers\n|upkeep\n|\n|t:|1781378330\n|switch|p1a: Whimsicott|Whimsicott, L84, M|238/238\n|-activate|p1a: Whimsicott|move: Sticky Web\n|-unboost|p1a: Whimsicott|spe|1\n|turn|7\n|inactive|centrallimittheory has 90 seconds left.\n|\n|t:|1781378354\n|switch|p2a: Amoonguss|Amoonguss, L82, F|321/321\n|move|p1a: Whimsicott|Substitute|p1a: Whimsicott\n|-start|p1a: Whimsicott|Substitute\n|-damage|p1a: Whimsicott|179/238\n|\n|-heal|p1a: Whimsicott|193/238|[from] item: Leftovers\n|upkeep\n|turn|8\n|\n|t:|1781378362\n|move|p1a: Whimsicott|Moonblast|p2a: Amoonguss\n|-resisted|p2a: Amoonguss\n|-damage|p2a: Amoonguss|276/321\n|move|p2a: Amoonguss|Sludge Bomb|p1a: Whimsicott\n|-supereffective|p1a: Whimsicott\n|-end|p1a: Whimsicott|Substitute\n|\n|-heal|p1a: Whimsicott|207/238|[from] item: Leftovers\n|upkeep\n|turn|9\n|\n|t:|1781378367\n|switch|p1a: Iron Moth|Iron Moth, L78|253/253\n|move|p2a: Amoonguss|Sludge Bomb|p1a: Iron Moth\n|-resisted|p1a: Iron Moth\n|-damage|p1a: Iron Moth|219/253\n|\n|upkeep\n|turn|10\n|\n|t:|1781378371\n|switch|p2a: Iron Thorns|Iron Thorns, L83|302/302\n|move|p1a: Iron Moth|Toxic Spikes|p2a: Iron Thorns\n|-sidestart|p2: centrallimittheory|move: Toxic Spikes\n|\n|upkeep\n|turn|11\n|\n|t:|1781378376\n|-terastallize|p1a: Iron Moth|Grass\n|move|p1a: Iron Moth|Energy Ball|p2a: Iron Thorns\n|-supereffective|p2a: Iron Thorns\n|-damage|p2a: Iron Thorns|146/302\n|move|p2a: Iron Thorns|Stone Edge|p1a: Iron Moth\n|-damage|p1a: Iron Moth|41/253\n|\n|upkeep\n|turn|12\n|inactive|centrallimittheory has 120 seconds left.\n|\n|t:|1781378404\n|move|p1a: Iron Moth|Fire Blast|p2a: Iron Thorns\n|-resisted|p2a: Iron Thorns\n|-damage|p2a: Iron Thorns|96/302\n|move|p2a: Iron Thorns|Volt Switch|p1a: Iron Moth\n|-resisted|p1a: Iron Moth\n|-damage|p1a: Iron Moth|14/253\n|-message|goinforasmoke forfeited.\n|\n|win|centrallimittheory\n", "uploadtime": 1781378147, "views": 7, "formatid": "gen9randombattle", "rating": null, "private": 0, "password": null}