{"id": "gen9randombattle-2631738144", "format": "[Gen 9] Random Battle", "players": ["Barniekiller42064", "paddyd121"], "log": "|j|\u2606Barniekiller42064\n|j|\u2606paddyd121\n|t:|1781431469\n|gametype|singles\n|player|p1|Barniekiller42064|crasherwake|1993\n|player|p2|paddyd121|ethan|1915\n|gen|9\n|tier|[Gen 9] Random Battle\n|rated|\n|rule|Species Clause: Limit one of each Pok\u00e9mon\n|rule|HP Percentage Mod: HP is shown in percentages\n|rule|Sleep Clause Mod: Limit one foe put to sleep\n|rule|Illusion Level Mod: Illusion disguises the Pok\u00e9mon's true level\n|\n|t:|1781431469\n|teamsize|p1|6\n|teamsize|p2|6\n|start\n|switch|p1a: Emboar|Emboar, L84, M|322/322\n|switch|p2a: Gurdurr|Gurdurr, L85, M|283/283\n|turn|1\n|inactive|Battle timer is ON: inactive players will automatically lose when time's up. (requested by Barniekiller42064)\n|\n|t:|1781431489\n|move|p1a: Emboar|Knock Off|p2a: Gurdurr\n|-resisted|p2a: Gurdurr\n|-damage|p2a: Gurdurr|255/283\n|-enditem|p2a: Gurdurr|Eviolite|[from] move: Knock Off|[of] p1a: Emboar\n|move|p2a: Gurdurr|Drain Punch|p1a: Emboar\n|-damage|p1a: Emboar|217/322\n|-heal|p2a: Gurdurr|283/283|[from] drain|[of] p1a: Emboar\n|\n|upkeep\n|turn|2\n|\n|t:|1781431497\n|move|p1a: Emboar|Flare Blitz|p2a: Gurdurr\n|-damage|p2a: Gurdurr|85/283\n|-damage|p1a: Emboar|152/322|[from] Recoil\n|move|p2a: Gurdurr|Drain Punch|p1a: Emboar\n|-damage|p1a: Emboar|41/322\n|-heal|p2a: Gurdurr|141/283|[from] drain|[of] p1a: Emboar\n|\n|upkeep\n|turn|3\n|\n|t:|1781431501\n|move|p2a: Gurdurr|Mach Punch|p1a: Emboar\n|-damage|p1a: Emboar|0 fnt\n|faint|p1a: Emboar\n|\n|upkeep\n|\n|t:|1781431508\n|switch|p1a: Lurantis|Lurantis, L87, M|264/264\n|turn|4\n|\n|t:|1781431519\n|switch|p2a: Mandibuzz|Mandibuzz, L85, F|326/326\n|move|p1a: Lurantis|Leaf Storm|p2a: Mandibuzz\n|-resisted|p2a: Mandibuzz\n|-damage|p2a: Mandibuzz|266/326\n|-boost|p1a: Lurantis|spa|2\n|\n|upkeep\n|turn|5\n|\n|t:|1781431532\n|switch|p1a: Toxtricity|Toxtricity, L82, M|257/257\n|move|p2a: Mandibuzz|Toxic|p1a: Toxtricity\n|-immune|p1a: Toxtricity\n|\n|upkeep\n|turn|6\n|\n|t:|1781431546\n|switch|p2a: Sinistcha|Sinistcha, L83|254/254\n|move|p1a: Toxtricity|Shift Gear|p1a: Toxtricity\n|-boost|p1a: Toxtricity|spe|2\n|-boost|p1a: Toxtricity|atk|1\n|\n|upkeep\n|turn|7\n|\n|t:|1781431551\n|move|p1a: Toxtricity|Gunk Shot|p2a: Sinistcha\n|-damage|p2a: Sinistcha|103/254\n|move|p2a: Sinistcha|Strength Sap|p1a: Toxtricity\n|-unboost|p1a: Toxtricity|atk|1\n|-heal|p2a: Sinistcha|254/254\n|\n|upkeep\n|turn|8\n|\n|t:|1781431558\n|switch|p1a: Pachirisu|Pachirisu, L96, F|271/271\n|move|p2a: Sinistcha|Calm Mind|p2a: Sinistcha\n|-boost|p2a: Sinistcha|spa|1\n|-boost|p2a: Sinistcha|spd|1\n|\n|upkeep\n|turn|9\n|\n|t:|1781431567\n|switch|p2a: Gurdurr|Gurdurr, L85, M|141/283\n|move|p1a: Pachirisu|Nuzzle|p2a: Gurdurr\n|-damage|p2a: Gurdurr|125/283\n|-status|p2a: Gurdurr|par\n|\n|upkeep\n|turn|10\n|\n|t:|1781431575\n|move|p1a: Pachirisu|U-turn|p2a: Gurdurr\n|-resisted|p2a: Gurdurr\n|-damage|p2a: Gurdurr|107/283 par\n|\n|t:|1781431576\n|switch|p1a: Toxtricity|Toxtricity, L82, M|257/257|[from] U-turn\n|move|p2a: Gurdurr|Knock Off|p1a: Toxtricity\n|-damage|p1a: Toxtricity|124/257\n|-enditem|p1a: Toxtricity|Throat Spray|[from] move: Knock Off|[of] p2a: Gurdurr\n|\n|upkeep\n|turn|11\n|\n|t:|1781431584\n|move|p1a: Toxtricity|Overdrive|p2a: Gurdurr\n|-damage|p2a: Gurdurr|0 fnt\n|faint|p2a: Gurdurr\n|\n|upkeep\n|\n|t:|1781431591\n|switch|p2a: Porygon-Z|Porygon-Z, L83|277/277\n|-ability|p2a: Porygon-Z|Download|boost\n|-boost|p2a: Porygon-Z|spa|1\n|turn|12\n|\n|t:|1781431597\n|switch|p1a: Pachirisu|Pachirisu, L96, F|271/271\n|move|p2a: Porygon-Z|Tri Attack|p1a: Pachirisu\n|-damage|p1a: Pachirisu|132/271\n|\n|upkeep\n|turn|13\n|\n|t:|1781431605\n|switch|p2a: Brute Bonnet|Brute Bonnet, L80|309/309\n|move|p1a: Pachirisu|Nuzzle|p2a: Brute Bonnet\n|-resisted|p2a: Brute Bonnet\n|-damage|p2a: Brute Bonnet|301/309\n|-status|p2a: Brute Bonnet|par\n|\n|-heal|p2a: Brute Bonnet|309/309 par|[from] item: Leftovers\n|upkeep\n|turn|14\n|\n|t:|1781431612\n|move|p1a: Pachirisu|U-turn|p2a: Brute Bonnet\n|-supereffective|p2a: Brute Bonnet\n|-damage|p2a: Brute Bonnet|149/309 par\n|\n|t:|1781431619\n|switch|p1a: Lurantis|Lurantis, L87, M|264/264|[from] U-turn\n|move|p2a: Brute Bonnet|Spore|p1a: Lurantis\n|-immune|p1a: Lurantis\n|\n|-heal|p2a: Brute Bonnet|168/309 par|[from] item: Leftovers\n|upkeep\n|turn|15\n|\n|t:|1781431622\n|-end|p2a: Brute Bonnet|Protosynthesis|[silent]\n|switch|p2a: Mandibuzz|Mandibuzz, L85, F|266/326\n|move|p1a: Lurantis|Superpower|p2a: Mandibuzz\n|-damage|p2a: Mandibuzz|187/326\n|-boost|p1a: Lurantis|atk|1\n|-boost|p1a: Lurantis|def|1\n|\n|upkeep\n|turn|16\n|\n|t:|1781431628\n|move|p2a: Mandibuzz|Toxic|p1a: Lurantis\n|-status|p1a: Lurantis|tox\n|move|p1a: Lurantis|Superpower|p2a: Mandibuzz\n|-damage|p2a: Mandibuzz|64/326\n|-boost|p1a: Lurantis|atk|1\n|-boost|p1a: Lurantis|def|1\n|\n|-damage|p1a: Lurantis|248/264 tox|[from] psn\n|upkeep\n|turn|17\n|\n|t:|1781431634\n|move|p2a: Mandibuzz|Roost|p2a: Mandibuzz\n|-heal|p2a: Mandibuzz|227/326\n|-singleturn|p2a: Mandibuzz|move: Roost\n|move|p1a: Lurantis|Knock Off|p2a: Mandibuzz\n|-resisted|p2a: Mandibuzz\n|-damage|p2a: Mandibuzz|161/326\n|-enditem|p2a: Mandibuzz|Heavy-Duty Boots|[from] move: Knock Off|[of] p1a: Lurantis\n|\n|-heal|p1a: Lurantis|264/264 tox|[from] item: Leftovers\n|-damage|p1a: Lurantis|232/264 tox|[from] psn\n|upkeep\n|turn|18\n|\n|t:|1781431644\n|move|p2a: Mandibuzz|Roost|p2a: Mandibuzz\n|-heal|p2a: Mandibuzz|324/326\n|-singleturn|p2a: Mandibuzz|move: Roost\n|move|p1a: Lurantis|Superpower|p2a: Mandibuzz\n|-supereffective|p2a: Mandibuzz\n|-damage|p2a: Mandibuzz|8/326\n|-boost|p1a: Lurantis|atk|1\n|-boost|p1a: Lurantis|def|1\n|\n|-heal|p1a: Lurantis|248/264 tox|[from] item: Leftovers\n|-damage|p1a: Lurantis|200/264 tox|[from] psn\n|upkeep\n|turn|19\n|\n|t:|1781431651\n|move|p2a: Mandibuzz|Foul Play|p1a: Lurantis\n|-damage|p1a: Lurantis|94/264 tox\n|move|p1a: Lurantis|Superpower|p2a: Mandibuzz\n|-damage|p2a: Mandibuzz|0 fnt\n|-boost|p1a: Lurantis|atk|1\n|-boost|p1a: Lurantis|def|1\n|faint|p2a: Mandibuzz\n|\n|-heal|p1a: Lurantis|110/264 tox|[from] item: Leftovers\n|-damage|p1a: Lurantis|46/264 tox|[from] psn\n|upkeep\n|\n|t:|1781431660\n|switch|p2a: Sinistcha|Sinistcha, L83|254/254\n|turn|20\n|\n|t:|1781431665\n|move|p2a: Sinistcha|Shadow Ball|p1a: Lurantis\n|-damage|p1a: Lurantis|0 fnt\n|faint|p1a: Lurantis\n|\n|upkeep\n|\n|t:|1781431672\n|switch|p1a: Crabominable|Crabominable, L90, F|321/321\n|turn|21\n|inactive|paddyd121 has 120 seconds left.\n|\n|t:|1781431703\n|-terastallize|p2a: Sinistcha|Steel\n|move|p2a: Sinistcha|Calm Mind|p2a: Sinistcha\n|-boost|p2a: Sinistcha|spa|1\n|-boost|p2a: Sinistcha|spd|1\n|move|p1a: Crabominable|Ice Hammer|p2a: Sinistcha\n|-resisted|p2a: Sinistcha\n|-damage|p2a: Sinistcha|140/254\n|-unboost|p1a: Crabominable|spe|1\n|\n|-heal|p2a: Sinistcha|155/254|[from] item: Leftovers\n|upkeep\n|turn|22\n|\n|t:|1781431710\n|switch|p1a: Pachirisu|Pachirisu, L96, F|132/271\n|move|p2a: Sinistcha|Matcha Gotcha|p1a: Pachirisu\n|-damage|p1a: Pachirisu|47/271\n|-heal|p2a: Sinistcha|198/254|[from] drain|[of] p1a: Pachirisu\n|-status|p1a: Pachirisu|brn\n|\n|-heal|p2a: Sinistcha|213/254|[from] item: Leftovers\n|-damage|p1a: Pachirisu|31/271 brn|[from] brn\n|upkeep\n|turn|23\n|\n|t:|1781431715\n|switch|p2a: Brute Bonnet|Brute Bonnet, L80|168/309 par\n|move|p1a: Pachirisu|Nuzzle|p2a: Brute Bonnet\n|-resisted|p2a: Brute Bonnet\n|-damage|p2a: Brute Bonnet|164/309 par\n|\n|-heal|p2a: Brute Bonnet|183/309 par|[from] item: Leftovers\n|-damage|p1a: Pachirisu|15/271 brn|[from] brn\n|upkeep\n|turn|24\n|\n|t:|1781431723\n|move|p2a: Brute Bonnet|Sucker Punch|p1a: Pachirisu\n|-damage|p1a: Pachirisu|0 fnt\n|faint|p1a: Pachirisu\n|\n|-heal|p2a: Brute Bonnet|202/309 par|[from] item: Leftovers\n|upkeep\n|\n|t:|1781431732\n|switch|p1a: Crabominable|Crabominable, L90, F|321/321\n|turn|25\n|\n|t:|1781431736\n|move|p1a: Crabominable|Drain Punch|p2a: Brute Bonnet\n|-supereffective|p2a: Brute Bonnet\n|-damage|p2a: Brute Bonnet|0 fnt\n|faint|p2a: Brute Bonnet\n|-end|p2a: Brute Bonnet|Protosynthesis|[silent]\n|\n|upkeep\n|\n|t:|1781431740\n|switch|p2a: Deoxys|Deoxys-Attack, L72|191/191\n|-ability|p2a: Deoxys|Pressure\n|turn|26\n|\n|t:|1781431745\n|switch|p1a: Toxtricity|Toxtricity, L82, M|124/257\n|move|p2a: Deoxys|Psycho Boost|p1a: Toxtricity\n|-supereffective|p1a: Toxtricity\n|-damage|p1a: Toxtricity|0 fnt\n|-unboost|p2a: Deoxys|spa|2\n|faint|p1a: Toxtricity\n|-damage|p2a: Deoxys|172/191|[from] item: Life Orb\n|\n|upkeep\n|\n|t:|1781431749\n|switch|p1a: Floatzel|Floatzel, L86, M|286/286\n|turn|27\n|\n|t:|1781431759\n|move|p2a: Deoxys|Superpower|p1a: Floatzel\n|-damage|p1a: Floatzel|118/286\n|-unboost|p2a: Deoxys|atk|1\n|-unboost|p2a: Deoxys|def|1\n|-damage|p2a: Deoxys|153/191|[from] item: Life Orb\n|move|p1a: Floatzel|Bulk Up|p1a: Floatzel\n|-boost|p1a: Floatzel|atk|1\n|-boost|p1a: Floatzel|def|1\n|\n|-heal|p1a: Floatzel|135/286|[from] item: Leftovers\n|upkeep\n|turn|28\n|\n|t:|1781431767\n|move|p2a: Deoxys|Psycho Boost|p1a: Floatzel\n|-damage|p1a: Floatzel|0 fnt\n|-unboost|p2a: Deoxys|spa|2\n|faint|p1a: Floatzel\n|-damage|p2a: Deoxys|134/191|[from] item: Life Orb\n|\n|upkeep\n|\n|t:|1781431770\n|switch|p1a: Crabominable|Crabominable, L90, F|321/321\n|turn|29\n|\n|t:|1781431775\n|move|p2a: Deoxys|Knock Off|p1a: Crabominable\n|-resisted|p1a: Crabominable\n|-damage|p1a: Crabominable|283/321\n|-enditem|p1a: Crabominable|Choice Band|[from] move: Knock Off|[of] p2a: Deoxys\n|-damage|p2a: Deoxys|115/191|[from] item: Life Orb\n|move|p1a: Crabominable|Drain Punch|p2a: Deoxys\n|-resisted|p2a: Deoxys\n|-damage|p2a: Deoxys|0 fnt\n|-heal|p1a: Crabominable|321/321|[from] drain|[of] p2a: Deoxys\n|faint|p2a: Deoxys\n|\n|upkeep\n|\n|t:|1781431784\n|switch|p2a: Porygon-Z|Porygon-Z, L83|277/277\n|-ability|p2a: Porygon-Z|Download|boost\n|-boost|p2a: Porygon-Z|spa|1\n|turn|30\n|\n|t:|1781431792\n|move|p2a: Porygon-Z|Tri Attack|p1a: Crabominable\n|-damage|p1a: Crabominable|39/321\n|move|p1a: Crabominable|Drain Punch|p2a: Porygon-Z\n|-supereffective|p2a: Porygon-Z\n|-damage|p2a: Porygon-Z|0 fnt\n|-heal|p1a: Crabominable|178/321|[from] drain|[of] p2a: Porygon-Z\n|faint|p2a: Porygon-Z\n|\n|upkeep\n|\n|t:|1781431796\n|switch|p2a: Sinistcha|Sinistcha, L83, tera:Steel|213/254\n|turn|31\n|\n|t:|1781431804\n|-terastallize|p1a: Crabominable|Fighting\n|move|p2a: Sinistcha|Strength Sap|p1a: Crabominable\n|-unboost|p1a: Crabominable|atk|1\n|-heal|p2a: Sinistcha|254/254\n|move|p1a: Crabominable|Drain Punch|p2a: Sinistcha\n|-supereffective|p2a: Sinistcha\n|-damage|p2a: Sinistcha|34/254\n|-heal|p1a: Crabominable|288/321|[from] drain|[of] p2a: Sinistcha\n|\n|-heal|p2a: Sinistcha|49/254|[from] item: Leftovers\n|upkeep\n|turn|32\n|\n|t:|1781431810\n|move|p2a: Sinistcha|Strength Sap|p1a: Crabominable\n|-unboost|p1a: Crabominable|atk|1\n|-heal|p2a: Sinistcha|241/254\n|move|p1a: Crabominable|Drain Punch|p2a: Sinistcha\n|-supereffective|p2a: Sinistcha\n|-damage|p2a: Sinistcha|89/254\n|-heal|p1a: Crabominable|321/321|[from] drain|[of] p2a: Sinistcha\n|\n|-heal|p2a: Sinistcha|104/254|[from] item: Leftovers\n|upkeep\n|turn|33\n|\n|t:|1781431816\n|move|p2a: Sinistcha|Strength Sap|p1a: Crabominable\n|-unboost|p1a: Crabominable|atk|1\n|-heal|p2a: Sinistcha|248/254\n|move|p1a: Crabominable|Drain Punch|p2a: Sinistcha\n|-supereffective|p2a: Sinistcha\n|-damage|p2a: Sinistcha|116/254\n|\n|-heal|p2a: Sinistcha|131/254|[from] item: Leftovers\n|upkeep\n|turn|34\n|\n|t:|1781431821\n|move|p2a: Sinistcha|Strength Sap|p1a: Crabominable\n|-unboost|p1a: Crabominable|atk|1\n|-heal|p2a: Sinistcha|246/254\n|move|p1a: Crabominable|Drain Punch|p2a: Sinistcha\n|-supereffective|p2a: Sinistcha\n|-damage|p2a: Sinistcha|130/254\n|\n|-heal|p2a: Sinistcha|145/254|[from] item: Leftovers\n|upkeep\n|turn|35\n|\n|t:|1781431831\n|move|p2a: Sinistcha|Strength Sap|p1a: Crabominable\n|-unboost|p1a: Crabominable|atk|1\n|-heal|p2a: Sinistcha|241/254\n|move|p1a: Crabominable|Drain Punch|p2a: Sinistcha\n|-supereffective|p2a: Sinistcha\n|-damage|p2a: Sinistcha|145/254\n|\n|-heal|p2a: Sinistcha|160/254|[from] item: Leftovers\n|upkeep\n|turn|36\n|\n|t:|1781431838\n|move|p2a: Sinistcha|Calm Mind|p2a: Sinistcha\n|-boost|p2a: Sinistcha|spa|1\n|-boost|p2a: Sinistcha|spd|1\n|move|p1a: Crabominable|Drain Punch|p2a: Sinistcha\n|-supereffective|p2a: Sinistcha\n|-damage|p2a: Sinistcha|56/254\n|\n|-heal|p2a: Sinistcha|71/254|[from] item: Leftovers\n|upkeep\n|turn|37\n|\n|t:|1781431843\n|move|p2a: Sinistcha|Strength Sap|p1a: Crabominable\n|-unboost|p1a: Crabominable|atk|1\n|-heal|p2a: Sinistcha|153/254\n|move|p1a: Crabominable|Drain Punch|p2a: Sinistcha\n|-supereffective|p2a: Sinistcha\n|-damage|p2a: Sinistcha|69/254\n|\n|-heal|p2a: Sinistcha|84/254|[from] item: Leftovers\n|upkeep\n|turn|38\n|\n|t:|1781431850\n|move|p2a: Sinistcha|Strength Sap||[still]\n|-fail|p2a: Sinistcha\n|move|p1a: Crabominable|Drain Punch|p2a: Sinistcha\n|-supereffective|p2a: Sinistcha\n|-damage|p2a: Sinistcha|4/254\n|\n|-heal|p2a: Sinistcha|19/254|[from] item: Leftovers\n|upkeep\n|turn|39\n|\n|t:|1781431859\n|move|p2a: Sinistcha|Matcha Gotcha|p1a: Crabominable\n|-damage|p1a: Crabominable|147/321\n|-heal|p2a: Sinistcha|106/254|[from] drain|[of] p1a: Crabominable\n|move|p1a: Crabominable|Drain Punch|p2a: Sinistcha\n|-supereffective|p2a: Sinistcha\n|-damage|p2a: Sinistcha|22/254\n|-heal|p1a: Crabominable|189/321|[from] drain|[of] p2a: Sinistcha\n|\n|-heal|p2a: Sinistcha|37/254|[from] item: Leftovers\n|upkeep\n|turn|40\n|\n|t:|1781431866\n|move|p2a: Sinistcha|Matcha Gotcha|p1a: Crabominable\n|-damage|p1a: Crabominable|33/321\n|-heal|p2a: Sinistcha|115/254|[from] drain|[of] p1a: Crabominable\n|move|p1a: Crabominable|Drain Punch|p2a: Sinistcha\n|-supereffective|p2a: Sinistcha\n|-damage|p2a: Sinistcha|31/254\n|-heal|p1a: Crabominable|75/321|[from] drain|[of] p2a: Sinistcha\n|\n|-heal|p2a: Sinistcha|46/254|[from] item: Leftovers\n|upkeep\n|turn|41\n|\n|t:|1781431871\n|move|p2a: Sinistcha|Shadow Ball|p1a: Crabominable\n|-damage|p1a: Crabominable|0 fnt\n|faint|p1a: Crabominable\n|\n|win|paddyd121\n", "uploadtime": 1781431471, "views": 3, "formatid": "gen9randombattle", "rating": null, "private": 0, "password": null}