{"id": "gen9randombattle-2631789920", "format": "[Gen 9] Random Battle", "players": ["bigred1812", "Korkie1"], "log": "|j|\u2606bigred1812\n|j|\u2606Korkie1\n|t:|1781440010\n|gametype|singles\n|player|p1|bigred1812|266|1902\n|player|p2|Korkie1|twins-gen4|1841\n|gen|9\n|tier|[Gen 9] Random Battle\n|rated|\n|rule|Species Clause: Limit one of each Pok\u00e9mon\n|rule|HP Percentage Mod: HP is shown in percentages\n|rule|Sleep Clause Mod: Limit one foe put to sleep\n|rule|Illusion Level Mod: Illusion disguises the Pok\u00e9mon's true level\n|\n|t:|1781440010\n|teamsize|p1|6\n|teamsize|p2|6\n|start\n|switch|p1a: Arcanine|Arcanine, L84, F|288/288\n|switch|p2a: Arcanine|Arcanine-Hisui, L79, F|279/279\n|-ability|p1a: Arcanine|Intimidate|boost\n|-unboost|p2a: Arcanine|atk|1\n|turn|1\n|inactive|Battle timer is ON: inactive players will automatically lose when time's up. (requested by Korkie1)\n|\n|t:|1781440022\n|move|p1a: Arcanine|Close Combat|p2a: Arcanine\n|-supereffective|p2a: Arcanine\n|-damage|p2a: Arcanine|83/279\n|-unboost|p1a: Arcanine|def|1\n|-unboost|p1a: Arcanine|spd|1\n|move|p2a: Arcanine|Head Smash|p1a: Arcanine\n|-supereffective|p1a: Arcanine\n|-damage|p1a: Arcanine|0 fnt\n|faint|p1a: Arcanine\n|\n|upkeep\n|\n|t:|1781440039\n|switch|p1a: Misdreavus|Misdreavus, L90, M|254/254\n|turn|2\n|\n|t:|1781440046\n|switch|p2a: Smeargle|Smeargle, L95, F|258/258\n|move|p1a: Misdreavus|Shadow Ball|p2a: Smeargle\n|-immune|p2a: Smeargle\n|\n|upkeep\n|turn|3\n|\n|t:|1781440050\n|move|p1a: Misdreavus|Will-O-Wisp|p2a: Smeargle|[miss]\n|-miss|p1a: Misdreavus|p2a: Smeargle\n|move|p2a: Smeargle|Spore|p1a: Misdreavus\n|-status|p1a: Misdreavus|slp|[from] move: Spore\n|\n|upkeep\n|turn|4\n|\n|t:|1781440056\n|switch|p1a: Spidops|Spidops, L96, M|271/271\n|move|p2a: Smeargle|Shell Smash|p2a: Smeargle\n|-unboost|p2a: Smeargle|def|1\n|-unboost|p2a: Smeargle|spd|1\n|-boost|p2a: Smeargle|atk|2\n|-boost|p2a: Smeargle|spa|2\n|-boost|p2a: Smeargle|spe|2\n|\n|upkeep\n|turn|5\n|\n|t:|1781440066\n|-terastallize|p1a: Spidops|Ghost\n|move|p2a: Smeargle|Population Bomb|p1a: Spidops\n|-immune|p1a: Spidops\n|move|p1a: Spidops|Circle Throw|p2a: Smeargle\n|-supereffective|p2a: Smeargle\n|-damage|p2a: Smeargle|18/258\n|drag|p2a: Arcanine|Arcanine-Hisui, L79, F|83/279\n|\n|upkeep\n|turn|6\n|\n|t:|1781440082\n|move|p2a: Arcanine|Head Smash|p1a: Spidops|[miss]\n|-miss|p2a: Arcanine|p1a: Spidops\n|move|p1a: Spidops|Sticky Web|p2a: Arcanine\n|-sidestart|p2: Korkie1|move: Sticky Web\n|\n|upkeep\n|turn|7\n|\n|t:|1781440087\n|move|p2a: Arcanine|Head Smash|p1a: Spidops\n|-damage|p1a: Spidops|85/271\n|move|p1a: Spidops|Circle Throw|p2a: Arcanine\n|-supereffective|p2a: Arcanine\n|-damage|p2a: Arcanine|0 fnt\n|faint|p2a: Arcanine\n|\n|upkeep\n|\n|t:|1781440095\n|switch|p2a: Squawkabilly|Squawkabilly-Blue, L85, M, shiny|278/278\n|turn|8\n|\n|t:|1781440101\n|switch|p1a: Magcargo|Magcargo, L95, F|268/268\n|move|p2a: Squawkabilly|Brave Bird|p1a: Magcargo\n|-resisted|p1a: Magcargo\n|-damage|p1a: Magcargo|220/268\n|-damage|p2a: Squawkabilly|262/278|[from] Recoil\n|\n|-status|p2a: Squawkabilly|brn|[from] item: Flame Orb\n|upkeep\n|turn|9\n|\n|t:|1781440112\n|move|p2a: Squawkabilly|U-turn|p1a: Magcargo\n|-resisted|p1a: Magcargo\n|-damage|p1a: Magcargo|192/268\n|\n|t:|1781440119\n|switch|p2a: Smeargle|Smeargle, L95, F|18/258|[from] U-turn\n|-activate|p2a: Smeargle|move: Sticky Web\n|-unboost|p2a: Smeargle|spe|1\n|move|p1a: Magcargo|Lava Plume|p2a: Smeargle\n|-damage|p2a: Smeargle|0 fnt\n|faint|p2a: Smeargle\n|\n|upkeep\n|\n|t:|1781440125\n|switch|p2a: Golduck|Golduck, L90, F|290/290\n|-activate|p2a: Golduck|move: Sticky Web\n|-unboost|p2a: Golduck|spe|1\n|-ability|p2a: Golduck|Cloud Nine\n|turn|10\n|\n|t:|1781440128\n|switch|p1a: Blissey|Blissey, L85, F|572/572\n|move|p2a: Golduck|Flip Turn|p1a: Blissey\n|-damage|p1a: Blissey|371/572\n|\n|t:|1781440133\n|switch|p2a: Squawkabilly|Squawkabilly-Blue, L85, M, shiny|262/278 brn|[from] Flip Turn\n|\n|-heal|p1a: Blissey|406/572|[from] item: Leftovers\n|-damage|p2a: Squawkabilly|245/278 brn|[from] brn\n|upkeep\n|turn|11\n|\n|t:|1781440138\n|switch|p1a: Magcargo|Magcargo, L95, F|192/268\n|move|p2a: Squawkabilly|Facade|p1a: Magcargo\n|-resisted|p1a: Magcargo\n|-damage|p1a: Magcargo|117/268\n|\n|-damage|p2a: Squawkabilly|228/278 brn|[from] brn\n|upkeep\n|turn|12\n|\n|t:|1781440149\n|move|p2a: Squawkabilly|Brave Bird|p1a: Magcargo\n|-resisted|p1a: Magcargo\n|-damage|p1a: Magcargo|46/268\n|-damage|p2a: Squawkabilly|205/278 brn|[from] Recoil\n|move|p1a: Magcargo|Power Gem|p2a: Squawkabilly\n|-supereffective|p2a: Squawkabilly\n|-damage|p2a: Squawkabilly|0 fnt\n|faint|p2a: Squawkabilly\n|\n|upkeep\n|\n|t:|1781440153\n|switch|p2a: Golduck|Golduck, L90, F|290/290\n|-activate|p2a: Golduck|move: Sticky Web\n|-unboost|p2a: Golduck|spe|1\n|-ability|p2a: Golduck|Cloud Nine\n|turn|13\n|\n|t:|1781440165\n|switch|p1a: Misdreavus|Misdreavus, L90, M|254/254 slp\n|move|p2a: Golduck|Flip Turn|p1a: Misdreavus\n|-damage|p1a: Misdreavus|202/254 slp\n|\n|t:|1781440172\n|switch|p2a: Spiritomb|Spiritomb, L89, M|234/234|[from] Flip Turn\n|-activate|p2a: Spiritomb|move: Sticky Web\n|-unboost|p2a: Spiritomb|spe|1\n|\n|upkeep\n|turn|14\n|\n|t:|1781440181\n|cant|p1a: Misdreavus|slp\n|move|p2a: Spiritomb|Poltergeist|p1a: Misdreavus\n|-activate|p1a: Misdreavus|move: Poltergeist|Eviolite\n|-supereffective|p1a: Misdreavus\n|-damage|p1a: Misdreavus|0 fnt\n|faint|p1a: Misdreavus\n|\n|upkeep\n|\n|t:|1781440193\n|switch|p1a: Magcargo|Magcargo, L95, F|46/268\n|turn|15\n|\n|t:|1781440208\n|move|p2a: Spiritomb|Sucker Punch||[still]\n|-fail|p2a: Spiritomb\n|move|p1a: Magcargo|Recover|p1a: Magcargo\n|-heal|p1a: Magcargo|180/268\n|\n|upkeep\n|turn|16\n|\n|t:|1781440220\n|switch|p2a: Golduck|Golduck, L90, F|290/290\n|-activate|p2a: Golduck|move: Sticky Web\n|-unboost|p2a: Golduck|spe|1\n|-ability|p2a: Golduck|Cloud Nine\n|move|p1a: Magcargo|Yawn|p2a: Golduck\n|-start|p2a: Golduck|move: Yawn|[of] p1a: Magcargo\n|\n|upkeep\n|turn|17\n|\n|t:|1781440225\n|switch|p1a: Spidops|Spidops, L96, M, tera:Ghost|85/271\n|move|p2a: Golduck|Flip Turn|p1a: Spidops\n|-damage|p1a: Spidops|30/271\n|\n|t:|1781440229\n|switch|p2a: Spiritomb|Spiritomb, L89, M|234/234|[from] Flip Turn\n|-activate|p2a: Spiritomb|move: Sticky Web\n|-unboost|p2a: Spiritomb|spe|1\n|\n|upkeep\n|turn|18\n|\n|t:|1781440236\n|move|p1a: Spidops|Spikes|p2a: Spiritomb\n|-sidestart|p2: Korkie1|Spikes\n|move|p2a: Spiritomb|Foul Play|p1a: Spidops\n|-supereffective|p1a: Spidops\n|-damage|p1a: Spidops|0 fnt\n|faint|p1a: Spidops\n|\n|upkeep\n|\n|t:|1781440262\n|switch|p1a: Magcargo|Magcargo, L95, F|180/268\n|turn|19\n|\n|t:|1781440281\n|switch|p2a: Golduck|Golduck, L90, F|290/290\n|-activate|p2a: Golduck|move: Sticky Web\n|-unboost|p2a: Golduck|spe|1\n|-damage|p2a: Golduck|254/290|[from] Spikes\n|-ability|p2a: Golduck|Cloud Nine\n|move|p1a: Magcargo|Lava Plume|p2a: Golduck\n|-resisted|p2a: Golduck\n|-damage|p2a: Golduck|203/290\n|\n|upkeep\n|turn|20\n|\n|t:|1781440288\n|switch|p1a: Ursaring|Ursaring, L84, F|288/288\n|move|p2a: Golduck|Flip Turn|p1a: Ursaring\n|-damage|p1a: Ursaring|237/288\n|\n|t:|1781440292\n|switch|p2a: Kyogre|Kyogre, L71|259/259|[from] Flip Turn\n|-activate|p2a: Kyogre|move: Sticky Web\n|-unboost|p2a: Kyogre|spe|1\n|-damage|p2a: Kyogre|227/259|[from] Spikes\n|-weather|RainDance|[from] ability: Drizzle|[of] p2a: Kyogre\n|\n|-weather|RainDance|[upkeep]\n|-heal|p2a: Kyogre|243/259|[from] item: Leftovers\n|upkeep\n|turn|21\n|\n|t:|1781440296\n|switch|p1a: Blissey|Blissey, L85, F|406/572\n|move|p2a: Kyogre|Origin Pulse|p1a: Blissey|[miss]\n|-miss|p2a: Kyogre|p1a: Blissey\n|\n|-weather|RainDance|[upkeep]\n|-heal|p1a: Blissey|441/572|[from] item: Leftovers\n|-heal|p2a: Kyogre|259/259|[from] item: Leftovers\n|upkeep\n|turn|22\n|\n|t:|1781440305\n|switch|p2a: Spiritomb|Spiritomb, L89, M|234/234\n|-activate|p2a: Spiritomb|move: Sticky Web\n|-unboost|p2a: Spiritomb|spe|1\n|-damage|p2a: Spiritomb|205/234|[from] Spikes\n|move|p1a: Blissey|Stealth Rock|p2a: Spiritomb\n|-sidestart|p2: Korkie1|move: Stealth Rock\n|\n|-weather|RainDance|[upkeep]\n|-heal|p1a: Blissey|476/572|[from] item: Leftovers\n|-heal|p2a: Spiritomb|219/234|[from] item: Leftovers\n|upkeep\n|turn|23\n|\n|t:|1781440312\n|switch|p1a: Magcargo|Magcargo, L95, F|180/268\n|move|p2a: Spiritomb|Foul Play|p1a: Magcargo\n|-damage|p1a: Magcargo|144/268\n|\n|-weather|RainDance|[upkeep]\n|-heal|p2a: Spiritomb|233/234|[from] item: Leftovers\n|upkeep\n|turn|24\n|\n|t:|1781440321\n|move|p1a: Magcargo|Recover|p1a: Magcargo\n|-heal|p1a: Magcargo|268/268\n|move|p2a: Spiritomb|Poltergeist|p1a: Magcargo\n|-activate|p1a: Magcargo|move: Poltergeist|Heavy-Duty Boots\n|-damage|p1a: Magcargo|174/268\n|\n|-weather|none\n|-heal|p2a: Spiritomb|234/234|[from] item: Leftovers\n|upkeep\n|turn|25\n|\n|t:|1781440330\n|switch|p2a: Golduck|Golduck, L90, F|203/290\n|-activate|p2a: Golduck|move: Sticky Web\n|-unboost|p2a: Golduck|spe|1\n|-damage|p2a: Golduck|167/290|[from] Spikes\n|-damage|p2a: Golduck|131/290|[from] Stealth Rock\n|-ability|p2a: Golduck|Cloud Nine\n|move|p1a: Magcargo|Lava Plume|p2a: Golduck\n|-resisted|p2a: Golduck\n|-damage|p2a: Golduck|80/290\n|\n|upkeep\n|turn|26\n|\n|t:|1781440342\n|switch|p1a: Blissey|Blissey, L85, F|476/572\n|move|p2a: Golduck|Hydro Pump|p1a: Blissey|[miss]\n|-miss|p2a: Golduck|p1a: Blissey\n|\n|-heal|p1a: Blissey|511/572|[from] item: Leftovers\n|upkeep\n|turn|27\n|\n|t:|1781440352\n|move|p1a: Blissey|Seismic Toss|p2a: Golduck\n|-damage|p2a: Golduck|0 fnt\n|faint|p2a: Golduck\n|\n|-heal|p1a: Blissey|546/572|[from] item: Leftovers\n|upkeep\n|\n|t:|1781440355\n|switch|p2a: Spiritomb|Spiritomb, L89, M|234/234\n|-activate|p2a: Spiritomb|move: Sticky Web\n|-unboost|p2a: Spiritomb|spe|1\n|-damage|p2a: Spiritomb|205/234|[from] Spikes\n|-damage|p2a: Spiritomb|176/234|[from] Stealth Rock\n|turn|28\n|\n|t:|1781440359\n|switch|p1a: Magcargo|Magcargo, L95, F|174/268\n|move|p2a: Spiritomb|Foul Play|p1a: Magcargo\n|-damage|p1a: Magcargo|138/268\n|\n|-heal|p2a: Spiritomb|190/234|[from] item: Leftovers\n|upkeep\n|turn|29\n|-message|Korkie1 forfeited.\n|\n|win|bigred1812\n|raw|bigred1812's rating: 1902 &rarr; <strong>1919</strong><br />(+17 for winning)\n|raw|Korkie1's rating: 1841 &rarr; <strong>1824</strong><br />(-17 for losing)\n", "uploadtime": 1781440363, "views": 2, "formatid": "gen9randombattle", "rating": 1824, "private": 0, "password": null}