{"id": "gen9randombattle-2631400378", "format": "[Gen 9] Random Battle", "players": ["Gon03", "opik8"], "log": "|j|\u2606Gon03\n|j|\u2606opik8\n|t:|1781380134\n|gametype|singles\n|player|p1|Gon03|102|1911\n|player|p2|opik8|colress|1992\n|gen|9\n|tier|[Gen 9] Random Battle\n|rated|\n|rule|Species Clause: Limit one of each Pok\u00e9mon\n|rule|HP Percentage Mod: HP is shown in percentages\n|rule|Sleep Clause Mod: Limit one foe put to sleep\n|rule|Illusion Level Mod: Illusion disguises the Pok\u00e9mon's true level\n|\n|t:|1781380134\n|teamsize|p1|6\n|teamsize|p2|6\n|start\n|switch|p1a: Granbull|Granbull, L88, F|302/302\n|switch|p2a: Gliscor|Gliscor, L76, M|239/239\n|-ability|p1a: Granbull|Intimidate|boost\n|-unboost|p2a: Gliscor|atk|1\n|turn|1\n|inactive|Battle timer is ON: inactive players will automatically lose when time's up. (requested by Gon03)\n|\n|t:|1781380146\n|switch|p1a: Beartic|Beartic, L91, M|321/321\n|move|p2a: Gliscor|Toxic|p1a: Beartic\n|-status|p1a: Beartic|tox\n|\n|-damage|p1a: Beartic|301/321 tox|[from] psn\n|-status|p2a: Gliscor|tox|[from] item: Toxic Orb\n|upkeep\n|turn|2\n|\n|t:|1781380156\n|switch|p2a: Scizor|Scizor, L79, F|240/240\n|move|p1a: Beartic|Swords Dance|p1a: Beartic\n|-boost|p1a: Beartic|atk|2\n|\n|-damage|p1a: Beartic|261/321 tox|[from] psn\n|upkeep\n|turn|3\n|\n|t:|1781380174\n|move|p2a: Scizor|Bullet Punch|p1a: Beartic\n|-supereffective|p1a: Beartic\n|-damage|p1a: Beartic|111/321 tox\n|move|p1a: Beartic|Earthquake|p2a: Scizor\n|-damage|p2a: Scizor|55/240\n|\n|-heal|p2a: Scizor|70/240|[from] item: Leftovers\n|-damage|p1a: Beartic|51/321 tox|[from] psn\n|upkeep\n|turn|4\n|\n|t:|1781380178\n|move|p2a: Scizor|Bullet Punch|p1a: Beartic\n|-supereffective|p1a: Beartic\n|-damage|p1a: Beartic|0 fnt\n|faint|p1a: Beartic\n|\n|-heal|p2a: Scizor|85/240|[from] item: Leftovers\n|upkeep\n|\n|t:|1781380184\n|switch|p1a: Basculegion|Basculegion-F, L83, F|335/335\n|turn|5\n|\n|t:|1781380192\n|move|p1a: Basculegion|Hydro Pump|p2a: Scizor\n|-damage|p2a: Scizor|0 fnt\n|faint|p2a: Scizor\n|\n|upkeep\n|\n|t:|1781380198\n|switch|p2a: Roaring Moon|Roaring Moon, L72|270/270\n|turn|6\n|\n|t:|1781380206\n|-end|p2a: Roaring Moon|Protosynthesis|[silent]\n|switch|p2a: Squawkabilly|Squawkabilly-Blue, L85, M|278/278\n|switch|p1a: Granbull|Granbull, L88, F|302/302\n|-ability|p1a: Granbull|Intimidate|boost\n|-unboost|p2a: Squawkabilly|atk|1\n|\n|-status|p2a: Squawkabilly|brn|[from] item: Flame Orb\n|upkeep\n|turn|7\n|\n|t:|1781380215\n|move|p2a: Squawkabilly|U-turn|p1a: Granbull\n|-resisted|p1a: Granbull\n|-damage|p1a: Granbull|275/302\n|\n|t:|1781380217\n|switch|p2a: Gliscor|Gliscor, L76, M|239/239 tox|[from] U-turn\n|move|p1a: Granbull|Play Rough|p2a: Gliscor\n|-damage|p2a: Gliscor|127/239 tox\n|\n|-heal|p1a: Granbull|293/302|[from] item: Leftovers\n|-heal|p2a: Gliscor|156/239 tox|[from] ability: Poison Heal\n|upkeep\n|turn|8\n|\n|t:|1781380227\n|switch|p1a: Basculegion|Basculegion-F, L83, F|335/335\n|move|p2a: Gliscor|Toxic|p1a: Basculegion\n|-status|p1a: Basculegion|tox\n|\n|-heal|p2a: Gliscor|185/239 tox|[from] ability: Poison Heal\n|-damage|p1a: Basculegion|315/335 tox|[from] psn\n|upkeep\n|turn|9\n|\n|t:|1781380232\n|move|p2a: Gliscor|Protect|p2a: Gliscor\n|-singleturn|p2a: Gliscor|Protect\n|move|p1a: Basculegion|Ice Beam|p2a: Gliscor\n|-activate|p2a: Gliscor|move: Protect\n|\n|-heal|p2a: Gliscor|214/239 tox|[from] ability: Poison Heal\n|-damage|p1a: Basculegion|275/335 tox|[from] psn\n|upkeep\n|turn|10\n|\n|t:|1781380245\n|switch|p2a: Roaring Moon|Roaring Moon, L72|270/270\n|move|p1a: Basculegion|Ice Beam|p2a: Roaring Moon\n|-supereffective|p2a: Roaring Moon\n|-damage|p2a: Roaring Moon|58/270\n|\n|-damage|p1a: Basculegion|215/335 tox|[from] psn\n|upkeep\n|turn|11\n|\n|t:|1781380250\n|switch|p1a: Granbull|Granbull, L88, F|293/302\n|-ability|p1a: Granbull|Intimidate|boost\n|-unboost|p2a: Roaring Moon|atk|1\n|move|p2a: Roaring Moon|Knock Off|p1a: Granbull\n|-resisted|p1a: Granbull\n|-damage|p1a: Granbull|255/302\n|-enditem|p1a: Granbull|Leftovers|[from] move: Knock Off|[of] p2a: Roaring Moon\n|\n|upkeep\n|turn|12\n|\n|t:|1781380272\n|move|p2a: Roaring Moon|Knock Off|p1a: Granbull\n|-resisted|p1a: Granbull\n|-damage|p1a: Granbull|230/302\n|move|p1a: Granbull|Play Rough|p2a: Roaring Moon\n|-supereffective|p2a: Roaring Moon\n|-damage|p2a: Roaring Moon|0 fnt\n|faint|p2a: Roaring Moon\n|-end|p2a: Roaring Moon|Protosynthesis|[silent]\n|\n|upkeep\n|\n|t:|1781380292\n|switch|p2a: Gliscor|Gliscor, L76, M|214/239 tox\n|turn|13\n|\n|t:|1781380297\n|switch|p1a: Basculegion|Basculegion-F, L83, F|215/335 tox\n|move|p2a: Gliscor|Earthquake|p1a: Basculegion\n|-damage|p1a: Basculegion|110/335 tox\n|\n|-heal|p2a: Gliscor|239/239 tox|[from] ability: Poison Heal\n|-damage|p1a: Basculegion|90/335 tox|[from] psn\n|upkeep\n|turn|14\n|\n|t:|1781380309\n|move|p2a: Gliscor|Protect|p2a: Gliscor\n|-singleturn|p2a: Gliscor|Protect\n|move|p1a: Basculegion|Ice Beam|p2a: Gliscor\n|-activate|p2a: Gliscor|move: Protect\n|\n|-damage|p1a: Basculegion|50/335 tox|[from] psn\n|upkeep\n|turn|15\n|\n|t:|1781380313\n|switch|p2a: Mewtwo|Mewtwo, L72|272/272\n|-ability|p2a: Mewtwo|Pressure\n|move|p1a: Basculegion|Ice Beam|p2a: Mewtwo\n|-damage|p2a: Mewtwo|164/272\n|\n|-damage|p1a: Basculegion|0 fnt|[from] psn\n|faint|p1a: Basculegion\n|upkeep\n|inactive|Gon03 has 120 seconds left.\n|\n|t:|1781380357\n|switch|p1a: Hoopa|Hoopa-Unbound, L80|259/259\n|turn|16\n|inactive|opik8 has 120 seconds left.\n|\n|t:|1781380389\n|move|p2a: Mewtwo|Aura Sphere|p1a: Hoopa\n|-damage|p1a: Hoopa|220/259\n|-damage|p2a: Mewtwo|137/272|[from] item: Life Orb\n|move|p1a: Hoopa|Hyperspace Fury|p2a: Mewtwo\n|-supereffective|p2a: Mewtwo\n|-damage|p2a: Mewtwo|0 fnt\n|-unboost|p1a: Hoopa|def|1\n|faint|p2a: Mewtwo\n|\n|upkeep\n|inactive|opik8 has 120 seconds left.\n|\n|t:|1781380395\n|switch|p2a: Squawkabilly|Squawkabilly-Blue, L85, M|278/278 brn\n|turn|17\n|\n|t:|1781380411\n|switch|p1a: Granbull|Granbull, L88, F|230/302\n|-ability|p1a: Granbull|Intimidate|boost\n|-unboost|p2a: Squawkabilly|atk|1\n|move|p2a: Squawkabilly|U-turn|p1a: Granbull\n|-resisted|p1a: Granbull\n|-damage|p1a: Granbull|202/302\n|\n|t:|1781380414\n|switch|p2a: Gliscor|Gliscor, L76, M|239/239 tox|[from] U-turn\n|\n|upkeep\n|turn|18\n|\n|t:|1781380417\n|move|p2a: Gliscor|Toxic|p1a: Granbull\n|-status|p1a: Granbull|tox\n|move|p1a: Granbull|Play Rough|p2a: Gliscor\n|-damage|p2a: Gliscor|137/239 tox\n|\n|-heal|p2a: Gliscor|166/239 tox|[from] ability: Poison Heal\n|-damage|p1a: Granbull|184/302 tox|[from] psn\n|upkeep\n|turn|19\n|\n|t:|1781380424\n|switch|p1a: Flapple|Flapple, L88, F|266/266\n|move|p2a: Gliscor|Protect||[still]\n|-fail|p2a: Gliscor\n|\n|-heal|p2a: Gliscor|195/239 tox|[from] ability: Poison Heal\n|upkeep\n|turn|20\n|\n|t:|1781380441\n|move|p2a: Gliscor|Toxic|p1a: Flapple\n|-status|p1a: Flapple|tox\n|move|p1a: Flapple|Dragon Dance|p1a: Flapple\n|-boost|p1a: Flapple|atk|1\n|-boost|p1a: Flapple|spe|1\n|\n|-damage|p1a: Flapple|250/266 tox|[from] psn\n|-heal|p2a: Gliscor|224/239 tox|[from] ability: Poison Heal\n|upkeep\n|turn|21\n|\n|t:|1781380453\n|move|p1a: Flapple|Dragon Dance|p1a: Flapple\n|-boost|p1a: Flapple|atk|1\n|-boost|p1a: Flapple|spe|1\n|move|p2a: Gliscor|Substitute|p2a: Gliscor\n|-start|p2a: Gliscor|Substitute\n|-damage|p2a: Gliscor|165/239 tox\n|\n|-damage|p1a: Flapple|218/266 tox|[from] psn\n|-heal|p2a: Gliscor|194/239 tox|[from] ability: Poison Heal\n|upkeep\n|turn|22\n|\n|t:|1781380456\n|move|p2a: Gliscor|Protect|p2a: Gliscor\n|-singleturn|p2a: Gliscor|Protect\n|move|p1a: Flapple|Grav Apple|p2a: Gliscor\n|-activate|p2a: Gliscor|move: Protect\n|\n|-damage|p1a: Flapple|170/266 tox|[from] psn\n|-heal|p2a: Gliscor|223/239 tox|[from] ability: Poison Heal\n|upkeep\n|turn|23\n|\n|t:|1781380460\n|switch|p1a: Granbull|Granbull, L88, F|184/302 tox\n|-ability|p1a: Granbull|Intimidate|boost\n|-immune|p2a: Gliscor\n|move|p2a: Gliscor|Earthquake|p1a: Granbull\n|-damage|p1a: Granbull|85/302 tox\n|\n|-heal|p2a: Gliscor|239/239 tox|[from] ability: Poison Heal\n|-damage|p1a: Granbull|67/302 tox|[from] psn\n|upkeep\n|turn|24\n|\n|t:|1781380462\n|move|p2a: Gliscor|Earthquake|p1a: Granbull\n|-damage|p1a: Granbull|0 fnt\n|faint|p1a: Granbull\n|\n|upkeep\n|\n|t:|1781380465\n|switch|p1a: Hoopa|Hoopa-Unbound, L80|220/259\n|turn|25\n|\n|t:|1781380469\n|-terastallize|p1a: Hoopa|Poison\n|move|p2a: Gliscor|Toxic|p1a: Hoopa\n|-immune|p1a: Hoopa\n|move|p1a: Hoopa|Hyperspace Fury|p2a: Gliscor\n|-damage|p2a: Gliscor|119/239 tox\n|-unboost|p1a: Hoopa|def|1\n|\n|-heal|p2a: Gliscor|148/239 tox|[from] ability: Poison Heal\n|upkeep\n|turn|26\n|\n|t:|1781380473\n|move|p2a: Gliscor|Earthquake|p1a: Hoopa\n|-supereffective|p1a: Hoopa\n|-damage|p1a: Hoopa|0 fnt\n|faint|p1a: Hoopa\n|\n|-heal|p2a: Gliscor|177/239 tox|[from] ability: Poison Heal\n|upkeep\n|-message|Gon03 forfeited.\n|\n|win|opik8\n", "uploadtime": 1781380135, "views": 7, "formatid": "gen9randombattle", "rating": null, "private": 0, "password": null}