{"id": "gen9randombattle-2631791371", "format": "[Gen 9] Random Battle", "players": ["huh blue", "fugupineapple"], "log": "|j|\u2606huh blue\n|j|\u2606fugupineapple\n|t:|1781440225\n|gametype|singles\n|player|p1|huh blue|steven|1930\n|player|p2|fugupineapple|169|2048\n|gen|9\n|tier|[Gen 9] Random Battle\n|rated|\n|rule|Species Clause: Limit one of each Pok\u00e9mon\n|rule|HP Percentage Mod: HP is shown in percentages\n|rule|Sleep Clause Mod: Limit one foe put to sleep\n|rule|Illusion Level Mod: Illusion disguises the Pok\u00e9mon's true level\n|\n|t:|1781440225\n|teamsize|p1|6\n|teamsize|p2|6\n|start\n|switch|p1a: Lumineon|Lumineon, L93, F|279/279\n|switch|p2a: Lokix|Lokix, L82, M|251/251\n|turn|1\n|inactive|Battle timer is ON: inactive players will automatically lose when time's up. (requested by huh blue)\n|inactive|fugupineapple has 120 seconds left.\n|\n|t:|1781440257\n|switch|p2a: Amoonguss|Amoonguss, L82, M|321/321\n|move|p1a: Lumineon|Alluring Voice|p2a: Amoonguss\n|-resisted|p2a: Amoonguss\n|-damage|p2a: Amoonguss|286/321\n|-damage|p1a: Lumineon|252/279|[from] item: Life Orb\n|\n|upkeep\n|turn|2\n|inactive|huh blue has 120 seconds left.\n|inactive|huh blue has 90 seconds left.\n|\n|t:|1781440319\n|switch|p1a: Masquerain|Masquerain, L87, F|264/264\n|-ability|p1a: Masquerain|Intimidate|boost\n|-unboost|p2a: Amoonguss|atk|1\n|move|p2a: Amoonguss|Giga Drain|p1a: Masquerain\n|-resisted|p1a: Masquerain\n|-damage|p1a: Masquerain|246/264\n|-heal|p2a: Amoonguss|295/321|[from] drain|[of] p1a: Masquerain\n|\n|upkeep\n|turn|3\n|inactive|fugupineapple has 120 seconds left.\n|\n|t:|1781440367\n|switch|p2a: Duraludon|Duraludon, L82, F|249/249\n|move|p1a: Masquerain|Sticky Web|p2a: Duraludon\n|-sidestart|p2: fugupineapple|move: Sticky Web\n|\n|upkeep\n|turn|4\n|\n|t:|1781440378\n|move|p1a: Masquerain|Stun Spore|p2a: Duraludon|[miss]\n|-miss|p1a: Masquerain|p2a: Duraludon\n|move|p2a: Duraludon|Stealth Rock|p1a: Masquerain\n|-sidestart|p1: huh blue|move: Stealth Rock\n|\n|upkeep\n|turn|5\n|inactive|fugupineapple has 120 seconds left.\n|\n|t:|1781440392\n|move|p1a: Masquerain|Stun Spore|p2a: Duraludon\n|-status|p2a: Duraludon|par\n|cant|p2a: Duraludon|par\n|\n|upkeep\n|turn|6\n|inactive|fugupineapple has 120 seconds left.\n|inactive|huh blue has 90 seconds left.\n|\n|t:|1781440426\n|switch|p1a: Regirock|Regirock, L83|268/268\n|-damage|p1a: Regirock|235/268|[from] Stealth Rock\n|cant|p2a: Duraludon|par\n|\n|upkeep\n|turn|7\n|inactive|fugupineapple has 120 seconds left.\n|\n|t:|1781440451\n|move|p1a: Regirock|Iron Defense|p1a: Regirock\n|-boost|p1a: Regirock|def|2\n|cant|p2a: Duraludon|par\n|\n|upkeep\n|turn|8\n|\n|t:|1781440462\n|move|p1a: Regirock|Body Press|p2a: Duraludon\n|-supereffective|p2a: Duraludon\n|-crit|p2a: Duraludon\n|-damage|p2a: Duraludon|0 fnt\n|faint|p2a: Duraludon\n|\n|upkeep\n|\n|t:|1781440467\n|switch|p2a: Amoonguss|Amoonguss, L82, M|321/321\n|-activate|p2a: Amoonguss|move: Sticky Web\n|-unboost|p2a: Amoonguss|spe|1\n|turn|9\n|inactive|fugupineapple has 120 seconds left.\n|inactive|huh blue has 90 seconds left.\n|\n|t:|1781440500\n|switch|p1a: Masquerain|Masquerain, L87, F|246/264\n|-ability|p1a: Masquerain|Intimidate|boost\n|-unboost|p2a: Amoonguss|atk|1\n|move|p2a: Amoonguss|Giga Drain|p1a: Masquerain\n|-resisted|p1a: Masquerain\n|-damage|p1a: Masquerain|228/264\n|\n|upkeep\n|turn|10\n|inactive|fugupineapple has 120 seconds left.\n|inactive|huh blue has 60 seconds left.\n|\n|t:|1781440547\n|switch|p2a: Reshiram|Reshiram, L76|277/277\n|-ability|p2a: Reshiram|Turboblaze\n|move|p1a: Masquerain|Hurricane|p2a: Reshiram\n|-damage|p2a: Reshiram|175/277\n|-start|p2a: Reshiram|confusion\n|\n|upkeep\n|turn|11\n|\n|t:|1781440564\n|switch|p1a: Moltres|Moltres-Galar, L79|271/271\n|-damage|p1a: Moltres|204/271|[from] Stealth Rock\n|-activate|p2a: Reshiram|confusion\n|move|p2a: Reshiram|Dragon Tail|p1a: Moltres\n|-damage|p1a: Moltres|140/271\n|drag|p1a: Lumineon|Lumineon, L93, F|252/279\n|-damage|p1a: Lumineon|218/279|[from] Stealth Rock\n|\n|upkeep\n|turn|12\n|\n|t:|1781440593\n|move|p1a: Lumineon|Hydro Pump|p2a: Reshiram\n|-damage|p2a: Reshiram|58/277\n|-damage|p1a: Lumineon|191/279|[from] item: Life Orb\n|-activate|p2a: Reshiram|confusion\n|-damage|p2a: Reshiram|31/277|[from] confusion\n|\n|upkeep\n|turn|13\n|\n|t:|1781440599\n|move|p1a: Lumineon|Alluring Voice|p2a: Reshiram\n|-damage|p2a: Reshiram|0 fnt\n|faint|p2a: Reshiram\n|-damage|p1a: Lumineon|164/279|[from] item: Life Orb\n|\n|upkeep\n|\n|t:|1781440610\n|switch|p2a: Amoonguss|Amoonguss, L82, M|321/321\n|-activate|p2a: Amoonguss|move: Sticky Web\n|-unboost|p2a: Amoonguss|spe|1\n|turn|14\n|\n|t:|1781440617\n|switch|p1a: Masquerain|Masquerain, L87, F|228/264\n|-ability|p1a: Masquerain|Intimidate|boost\n|-unboost|p2a: Amoonguss|atk|1\n|move|p2a: Amoonguss|Spore|p1a: Masquerain\n|-status|p1a: Masquerain|slp|[from] move: Spore\n|\n|upkeep\n|turn|15\n|\n|t:|1781440639\n|cant|p1a: Masquerain|slp\n|move|p2a: Amoonguss|Sludge Bomb|p1a: Masquerain\n|-damage|p1a: Masquerain|144/264 slp\n|\n|upkeep\n|turn|16\n|\n|t:|1781440651\n|cant|p1a: Masquerain|slp\n|move|p2a: Amoonguss|Sludge Bomb|p1a: Masquerain\n|-damage|p1a: Masquerain|57/264 slp\n|\n|upkeep\n|turn|17\n|inactive|huh blue has 90 seconds left.\n|\n|t:|1781440657\n|-curestatus|p1a: Masquerain|slp|[msg]\n|move|p1a: Masquerain|Hurricane|p2a: Amoonguss\n|-supereffective|p2a: Amoonguss\n|-damage|p2a: Amoonguss|51/321\n|move|p2a: Amoonguss|Sludge Bomb|p1a: Masquerain\n|-damage|p1a: Masquerain|0 fnt\n|faint|p1a: Masquerain\n|\n|upkeep\n|inactive|huh blue has 90 seconds left.\n|\n|t:|1781440666\n|switch|p1a: Moltres|Moltres-Galar, L79|140/271\n|-damage|p1a: Moltres|73/271|[from] Stealth Rock\n|turn|18\n|\n|t:|1781440677\n|move|p1a: Moltres|Rest|p1a: Moltres\n|-status|p1a: Moltres|slp|[from] move: Rest\n|-heal|p1a: Moltres|271/271 slp|[silent]\n|-enditem|p1a: Moltres|Chesto Berry|[eat]\n|-curestatus|p1a: Moltres|slp|[msg]\n|move|p2a: Amoonguss|Spore|p1a: Moltres\n|-status|p1a: Moltres|slp|[from] move: Spore\n|\n|upkeep\n|turn|19\n|\n|t:|1781440686\n|switch|p2a: Ribombee|Ribombee, L83, M|235/235\n|cant|p1a: Moltres|slp\n|\n|upkeep\n|turn|20\n|\n|t:|1781440698\n|switch|p1a: Regirock|Regirock, L83|235/268\n|-damage|p1a: Regirock|202/268|[from] Stealth Rock\n|move|p2a: Ribombee|Moonblast|p1a: Regirock\n|-damage|p1a: Regirock|117/268\n|\n|upkeep\n|turn|21\n|\n|t:|1781440703\n|move|p2a: Ribombee|U-turn|p1a: Regirock\n|-damage|p1a: Regirock|92/268\n|\n|t:|1781440705\n|switch|p2a: Amoonguss|Amoonguss, L82, M|158/321|[from] U-turn\n|-activate|p2a: Amoonguss|move: Sticky Web\n|-unboost|p2a: Amoonguss|spe|1\n|move|p1a: Regirock|Stone Edge|p2a: Amoonguss\n|-damage|p2a: Amoonguss|29/321\n|\n|upkeep\n|turn|22\n|inactive|huh blue has 120 seconds left.\n|\n|t:|1781440716\n|switch|p2a: Munkidori|Munkidori, L79, M|269/269\n|-activate|p2a: Munkidori|move: Sticky Web\n|-unboost|p2a: Munkidori|spe|1\n|move|p1a: Regirock|Body Press|p2a: Munkidori\n|-resisted|p2a: Munkidori\n|-damage|p2a: Munkidori|238/269\n|\n|upkeep\n|turn|23\n|inactive|huh blue has 120 seconds left.\n|\n|t:|1781440731\n|switch|p1a: Lumineon|Lumineon, L93, F|164/279\n|-damage|p1a: Lumineon|130/279|[from] Stealth Rock\n|move|p2a: Munkidori|Focus Blast|p1a: Lumineon|[miss]\n|-miss|p2a: Munkidori|p1a: Lumineon\n|\n|upkeep\n|turn|24\n|\n|t:|1781440739\n|move|p1a: Lumineon|Hydro Pump|p2a: Munkidori\n|-damage|p2a: Munkidori|86/269\n|-damage|p1a: Lumineon|103/279|[from] item: Life Orb\n|move|p2a: Munkidori|Focus Blast|p1a: Lumineon|[miss]\n|-miss|p2a: Munkidori|p1a: Lumineon\n|\n|upkeep\n|turn|25\n|\n|t:|1781440756\n|move|p1a: Lumineon|Hydro Pump|p2a: Munkidori\n|-damage|p2a: Munkidori|0 fnt\n|faint|p2a: Munkidori\n|-damage|p1a: Lumineon|76/279|[from] item: Life Orb\n|\n|upkeep\n|\n|t:|1781440760\n|switch|p2a: Ribombee|Ribombee, L83, M|235/235\n|turn|26\n|inactive|fugupineapple has 120 seconds left.\n|\n|t:|1781440799\n|move|p2a: Ribombee|Moonblast|p1a: Lumineon\n|-damage|p1a: Lumineon|0 fnt\n|faint|p1a: Lumineon\n|\n|upkeep\n|\n|t:|1781440805\n|switch|p1a: Grimmsnarl|Grimmsnarl, L83, M|293/293\n|-damage|p1a: Grimmsnarl|257/293|[from] Stealth Rock\n|turn|27\n|\n|t:|1781440813\n|switch|p2a: Amoonguss|Amoonguss, L82, M|136/321\n|-activate|p2a: Amoonguss|move: Sticky Web\n|-unboost|p2a: Amoonguss|spe|1\n|move|p1a: Grimmsnarl|Taunt|p2a: Amoonguss\n|-start|p2a: Amoonguss|move: Taunt\n|\n|-heal|p1a: Grimmsnarl|275/293|[from] item: Leftovers\n|upkeep\n|turn|28\n|\n|t:|1781440820\n|move|p1a: Grimmsnarl|Parting Shot|p2a: Amoonguss\n|-unboost|p2a: Amoonguss|atk|1\n|-unboost|p2a: Amoonguss|spa|1\n|\n|t:|1781440823\n|switch|p1a: Moltres|Moltres-Galar, L79|271/271 slp|[from] Parting Shot\n|-damage|p1a: Moltres|204/271 slp|[from] Stealth Rock\n|move|p2a: Amoonguss|Giga Drain|p1a: Moltres\n|-resisted|p1a: Moltres\n|-damage|p1a: Moltres|184/271 slp\n|-heal|p2a: Amoonguss|146/321|[from] drain|[of] p1a: Moltres\n|\n|upkeep\n|turn|29\n|\n|t:|1781440827\n|switch|p2a: Ribombee|Ribombee, L83, M|235/235\n|-curestatus|p1a: Moltres|slp|[msg]\n|move|p1a: Moltres|Nasty Plot|p1a: Moltres\n|-boost|p1a: Moltres|spa|2\n|\n|upkeep\n|turn|30\n|\n|t:|1781440837\n|move|p2a: Ribombee|Stun Spore|p1a: Moltres\n|-status|p1a: Moltres|par\n|move|p1a: Moltres|Hurricane|p2a: Ribombee|[miss]\n|-miss|p1a: Moltres|p2a: Ribombee\n|\n|upkeep\n|turn|31\n|\n|t:|1781440847\n|move|p2a: Ribombee|Moonblast|p1a: Moltres\n|-supereffective|p1a: Moltres\n|-damage|p1a: Moltres|26/271 par\n|-ability|p1a: Moltres|Berserk|boost\n|-boost|p1a: Moltres|spa|1\n|move|p1a: Moltres|Hurricane|p2a: Ribombee\n|-supereffective|p2a: Ribombee\n|-damage|p2a: Ribombee|0 fnt\n|faint|p2a: Ribombee\n|\n|upkeep\n|\n|t:|1781440857\n|switch|p2a: Lokix|Lokix, L82, M|251/251\n|-activate|p2a: Lokix|move: Sticky Web\n|-unboost|p2a: Lokix|spe|1\n|turn|32\n|\n|t:|1781440871\n|move|p2a: Lokix|First Impression|p1a: Moltres\n|-damage|p1a: Moltres|0 fnt\n|faint|p1a: Moltres\n|-damage|p2a: Lokix|226/251|[from] item: Life Orb\n|\n|upkeep\n|\n|t:|1781440880\n|switch|p1a: Grimmsnarl|Grimmsnarl, L83, M|275/293\n|-damage|p1a: Grimmsnarl|239/293|[from] Stealth Rock\n|turn|33\n|\n|t:|1781440885\n|switch|p2a: Amoonguss|Amoonguss, L82, M|253/321\n|-activate|p2a: Amoonguss|move: Sticky Web\n|-unboost|p2a: Amoonguss|spe|1\n|move|p1a: Grimmsnarl|Spirit Break|p2a: Amoonguss\n|-resisted|p2a: Amoonguss\n|-damage|p2a: Amoonguss|194/321\n|-unboost|p2a: Amoonguss|spa|1\n|-damage|p1a: Grimmsnarl|191/293|[from] item: Rocky Helmet|[of] p2a: Amoonguss\n|\n|-heal|p1a: Grimmsnarl|209/293|[from] item: Leftovers\n|upkeep\n|turn|34\n|\n|t:|1781440896\n|-terastallize|p1a: Grimmsnarl|Steel\n|move|p1a: Grimmsnarl|Taunt|p2a: Amoonguss\n|-start|p2a: Amoonguss|move: Taunt\n|move|p2a: Amoonguss|Giga Drain|p1a: Grimmsnarl\n|-resisted|p1a: Grimmsnarl\n|-damage|p1a: Grimmsnarl|185/293\n|-heal|p2a: Amoonguss|206/321|[from] drain|[of] p1a: Grimmsnarl\n|\n|-heal|p1a: Grimmsnarl|203/293|[from] item: Leftovers\n|upkeep\n|turn|35\n|\n|t:|1781440900\n|move|p1a: Grimmsnarl|Parting Shot|p2a: Amoonguss\n|-unboost|p2a: Amoonguss|atk|1\n|-unboost|p2a: Amoonguss|spa|1\n|\n|t:|1781440914\n|switch|p1a: Regirock|Regirock, L83|92/268|[from] Parting Shot\n|-damage|p1a: Regirock|59/268|[from] Stealth Rock\n|move|p2a: Amoonguss|Stomping Tantrum|p1a: Regirock\n|-supereffective|p1a: Regirock\n|-damage|p1a: Regirock|29/268\n|\n|upkeep\n|turn|36\n|\n|t:|1781440927\n|move|p1a: Regirock|Stone Edge|p2a: Amoonguss\n|-crit|p2a: Amoonguss\n|-damage|p2a: Amoonguss|7/321\n|move|p2a: Amoonguss|Giga Drain|p1a: Regirock\n|-supereffective|p1a: Regirock\n|-damage|p1a: Regirock|0 fnt\n|-heal|p2a: Amoonguss|22/321|[from] drain|[of] p1a: Regirock\n|faint|p1a: Regirock\n|\n|-end|p2a: Amoonguss|move: Taunt\n|upkeep\n|inactive|huh blue has 120 seconds left.\n|l|\u2606fugupineapple\n|inactive|fugupineapple disconnected and has a minute to reconnect!\n|player|p2|\n|\n|t:|1781440967\n|switch|p1a: Greedent|Greedent, L86, M|347/347\n|-damage|p1a: Greedent|304/347|[from] Stealth Rock\n|turn|37\n|j|\u2606fugupineapple\n|inactive|fugupineapple reconnected and has 135 seconds left.\n|player|p2|fugupineapple|169|\n|inactive|fugupineapple has 120 seconds left.\n|\n|t:|1781441003\n|switch|p2a: Lokix|Lokix, L82, M|226/251\n|-activate|p2a: Lokix|move: Sticky Web\n|-unboost|p2a: Lokix|spe|1\n|move|p1a: Greedent|Body Slam|p2a: Lokix\n|-damage|p2a: Lokix|118/251\n|-status|p2a: Lokix|par\n|\n|upkeep\n|turn|38\n|inactive|fugupineapple has 120 seconds left.\n|inactive|huh blue has 120 seconds left.\n|\n|t:|1781441015\n|move|p1a: Greedent|Swords Dance|p1a: Greedent\n|-boost|p1a: Greedent|atk|2\n|move|p2a: Lokix|Leech Life|p1a: Greedent\n|-damage|p1a: Greedent|207/347\n|-heal|p2a: Lokix|167/251 par|[from] drain|[of] p1a: Greedent\n|-damage|p2a: Lokix|142/251 par|[from] item: Life Orb\n|\n|upkeep\n|turn|39\n|inactive|fugupineapple has 120 seconds left.\n|\n|t:|1781441041\n|switch|p2a: Amoonguss|Amoonguss, L82, M|129/321\n|-activate|p2a: Amoonguss|move: Sticky Web\n|-unboost|p2a: Amoonguss|spe|1\n|move|p1a: Greedent|Body Slam|p2a: Amoonguss\n|-damage|p2a: Amoonguss|0 fnt\n|-damage|p1a: Greedent|150/347|[from] item: Rocky Helmet|[of] p2a: Amoonguss\n|-enditem|p1a: Greedent|Sitrus Berry|[eat]\n|-heal|p1a: Greedent|236/347|[from] item: Sitrus Berry\n|-heal|p1a: Greedent|347/347|[from] ability: Cheek Pouch\n|faint|p2a: Amoonguss\n|\n|upkeep\n|\n|t:|1781441043\n|switch|p2a: Lokix|Lokix, L82, M|142/251 par\n|-activate|p2a: Lokix|move: Sticky Web\n|-unboost|p2a: Lokix|spe|1\n|turn|40\n|-message|fugupineapple forfeited.\n|\n|win|huh blue\n", "uploadtime": 1781440227, "views": 6, "formatid": "gen9randombattle", "rating": null, "private": 0, "password": null}