{"id": "gen9randombattle-2631539176", "format": "[Gen 9] Random Battle", "players": ["Dfrrnspa97", "nocomment3"], "log": "|j|\u2606Dfrrnspa97\n|j|\u2606nocomment3\n|t:|1781398473\n|gametype|singles\n|player|p1|Dfrrnspa97|266|2251\n|player|p2|nocomment3|2|2237\n|gen|9\n|tier|[Gen 9] Random Battle\n|rated|\n|rule|Species Clause: Limit one of each Pok\u00e9mon\n|rule|HP Percentage Mod: HP is shown in percentages\n|rule|Sleep Clause Mod: Limit one foe put to sleep\n|rule|Illusion Level Mod: Illusion disguises the Pok\u00e9mon's true level\n|\n|t:|1781398473\n|teamsize|p1|6\n|teamsize|p2|6\n|start\n|switch|p1a: Plusle|Plusle, L95, F|268/268\n|switch|p2a: Decidueye|Decidueye-Hisui, L87, M|295/295\n|turn|1\n|\n|t:|1781398486\n|switch|p1a: Ribombee|Ribombee, L83, F|235/235\n|move|p2a: Decidueye|Triple Arrows|p1a: Ribombee\n|-resisted|p1a: Ribombee\n|-crit|p1a: Ribombee\n|-damage|p1a: Ribombee|177/235\n|\n|upkeep\n|turn|2\n|inactive|Battle timer is ON: inactive players will automatically lose when time's up. (requested by Dfrrnspa97)\n|\n|t:|1781398503\n|switch|p1a: Inteleon|Inteleon, L81, M|246/246\n|switch|p2a: Porygon-Z|Porygon-Z, L83|277/277\n|\n|upkeep\n|turn|3\n|\n|t:|1781398509\n|move|p1a: Inteleon|U-turn|p2a: Porygon-Z\n|-damage|p2a: Porygon-Z|223/277\n|\n|t:|1781398512\n|switch|p1a: Chandelure|Chandelure, L83, F|235/235|[from] U-turn\n|move|p2a: Porygon-Z|Tri Attack|p1a: Chandelure\n|-immune|p1a: Chandelure\n|\n|upkeep\n|turn|4\n|\n|t:|1781398518\n|switch|p2a: Toxapex|Toxapex, L82, M|216/216\n|move|p1a: Chandelure|Fire Blast|p2a: Toxapex\n|-resisted|p2a: Toxapex\n|-damage|p2a: Toxapex|165/216\n|\n|-heal|p2a: Toxapex|178/216|[from] item: Leftovers\n|upkeep\n|turn|5\n|\n|t:|1781398532\n|switch|p1a: Plusle|Plusle, L95, F|268/268\n|move|p2a: Toxapex|Toxic Spikes|p1a: Plusle\n|-sidestart|p1: Dfrrnspa97|move: Toxic Spikes\n|\n|-heal|p2a: Toxapex|191/216|[from] item: Leftovers\n|upkeep\n|turn|6\n|\n|t:|1781398542\n|switch|p1a: Tornadus|Tornadus, L82, M|263/263\n|switch|p2a: Carbink|Carbink, L90|236/236\n|\n|upkeep\n|turn|7\n|\n|t:|1781398553\n|move|p1a: Tornadus|U-turn|p2a: Carbink\n|-resisted|p2a: Carbink\n|-damage|p2a: Carbink|221/236\n|\n|t:|1781398554\n|switch|p1a: Inteleon|Inteleon, L81, M|246/246|[from] U-turn\n|-status|p1a: Inteleon|psn\n|move|p2a: Carbink|Iron Defense|p2a: Carbink\n|-boost|p2a: Carbink|def|2\n|\n|-damage|p1a: Inteleon|216/246 psn|[from] psn\n|upkeep\n|turn|8\n|\n|t:|1781398559\n|move|p1a: Inteleon|U-turn|p2a: Carbink\n|-resisted|p2a: Carbink\n|-damage|p2a: Carbink|215/236\n|\n|t:|1781398562\n|switch|p1a: Plusle|Plusle, L95, F|268/268|[from] U-turn\n|-status|p1a: Plusle|psn\n|move|p2a: Carbink|Body Press|p1a: Plusle\n|-damage|p1a: Plusle|0 fnt\n|faint|p1a: Plusle\n|\n|upkeep\n|\n|t:|1781398565\n|switch|p1a: Inteleon|Inteleon, L81, M|216/246 psn\n|turn|9\n|\n|t:|1781398572\n|switch|p2a: Toxapex|Toxapex, L82, M|216/216\n|move|p1a: Inteleon|U-turn|p2a: Toxapex\n|-resisted|p2a: Toxapex\n|-damage|p2a: Toxapex|203/216\n|\n|t:|1781398576\n|switch|p1a: Tornadus|Tornadus, L82, M|263/263|[from] U-turn\n|\n|-heal|p2a: Toxapex|216/216|[from] item: Leftovers\n|upkeep\n|turn|10\n|\n|t:|1781398583\n|switch|p2a: Carbink|Carbink, L90|215/236\n|move|p1a: Tornadus|Bleakwind Storm|p2a: Carbink\n|-resisted|p2a: Carbink\n|-damage|p2a: Carbink|158/236\n|\n|upkeep\n|turn|11\n|\n|t:|1781398589\n|-terastallize|p1a: Tornadus|Flying\n|move|p1a: Tornadus|Bleakwind Storm|p2a: Carbink\n|-resisted|p2a: Carbink\n|-damage|p2a: Carbink|80/236\n|move|p2a: Carbink|Iron Defense|p2a: Carbink\n|-boost|p2a: Carbink|def|2\n|\n|upkeep\n|turn|12\n|\n|t:|1781398596\n|move|p1a: Tornadus|Bleakwind Storm|p2a: Carbink\n|-resisted|p2a: Carbink\n|-damage|p2a: Carbink|11/236\n|move|p2a: Carbink|Rest|p2a: Carbink\n|-status|p2a: Carbink|slp|[from] move: Rest\n|-heal|p2a: Carbink|236/236 slp|[silent]\n|-enditem|p2a: Carbink|Chesto Berry|[eat]\n|-curestatus|p2a: Carbink|slp|[msg]\n|\n|upkeep\n|turn|13\n|inactive|Dfrrnspa97 has 120 seconds left.\n|\n|t:|1781398647\n|switch|p1a: Inteleon|Inteleon, L81, M|216/246 psn\n|move|p2a: Carbink|Body Press|p1a: Inteleon\n|-damage|p1a: Inteleon|0 fnt\n|faint|p1a: Inteleon\n|\n|upkeep\n|-message|Dfrrnspa97 forfeited.\n|\n|win|nocomment3\n", "uploadtime": 1781398475, "views": 5, "formatid": "gen9randombattle", "rating": null, "private": 0, "password": null}