{"id": "gen9randombattle-2631685937", "format": "[Gen 9] Random Battle", "players": ["sickeny", "bellenguer2"], "log": "|j|\u2606sickeny\n|j|\u2606bellenguer2\n|t:|1781421578\n|gametype|singles\n|player|p1|sickeny|170|1476\n|player|p2|bellenguer2|dawn|1490\n|gen|9\n|tier|[Gen 9] Random Battle\n|rated|\n|rule|Species Clause: Limit one of each Pok\u00e9mon\n|rule|HP Percentage Mod: HP is shown in percentages\n|rule|Sleep Clause Mod: Limit one foe put to sleep\n|rule|Illusion Level Mod: Illusion disguises the Pok\u00e9mon's true level\n|\n|t:|1781421578\n|teamsize|p1|6\n|teamsize|p2|6\n|start\n|switch|p1a: Staraptor|Staraptor, L79, M|263/263\n|switch|p2a: Brute Bonnet|Brute Bonnet, L80|309/309\n|turn|1\n|\n|t:|1781421589\n|-end|p2a: Brute Bonnet|Protosynthesis|[silent]\n|switch|p2a: Chandelure|Chandelure, L83, M|235/235\n|move|p1a: Staraptor|U-turn|p2a: Chandelure\n|-resisted|p2a: Chandelure\n|-damage|p2a: Chandelure|216/235\n|\n|t:|1781421594\n|switch|p1a: Incineroar|Incineroar, L82, M|290/290|[from] U-turn\n|-ability|p1a: Incineroar|Intimidate|boost\n|-unboost|p2a: Chandelure|atk|1\n|\n|upkeep\n|turn|2\n|inactive|Battle timer is ON: inactive players will automatically lose when time's up. (requested by bellenguer2)\n|\n|t:|1781421606\n|switch|p2a: Altaria|Altaria, L89, F|278/278\n|move|p1a: Incineroar|Knock Off|p2a: Altaria\n|-damage|p2a: Altaria|175/278\n|-enditem|p2a: Altaria|Heavy-Duty Boots|[from] move: Knock Off|[of] p1a: Incineroar\n|\n|upkeep\n|turn|3\n|\n|t:|1781421627\n|switch|p1a: Staraptor|Staraptor, L79, M|263/263\n|move|p2a: Altaria|Roost|p2a: Altaria\n|-heal|p2a: Altaria|278/278\n|-singleturn|p2a: Altaria|move: Roost\n|\n|upkeep\n|turn|4\n|\n|t:|1781421632\n|move|p1a: Staraptor|Brave Bird|p2a: Altaria\n|-damage|p2a: Altaria|62/278\n|-damage|p1a: Staraptor|192/263|[from] Recoil\n|move|p2a: Altaria|Brave Bird|p1a: Staraptor\n|-damage|p1a: Staraptor|51/263\n|-damage|p2a: Altaria|15/278|[from] Recoil\n|\n|upkeep\n|turn|5\n|\n|t:|1781421641\n|switch|p2a: Brute Bonnet|Brute Bonnet, L80|309/309\n|move|p1a: Staraptor|Brave Bird|p2a: Brute Bonnet\n|-supereffective|p2a: Brute Bonnet\n|-damage|p2a: Brute Bonnet|0 fnt\n|faint|p2a: Brute Bonnet\n|-end|p2a: Brute Bonnet|Protosynthesis|[silent]\n|-damage|p1a: Staraptor|0 fnt|[from] Recoil\n|faint|p1a: Staraptor\n|\n|upkeep\n|\n|t:|1781421648\n|switch|p1a: Incineroar|Incineroar, L82, M|290/290\n|switch|p2a: Raichu|Raichu, L88, M|249/249\n|-ability|p1a: Incineroar|Intimidate|boost\n|-unboost|p2a: Raichu|atk|1\n|turn|6\n|\n|t:|1781421668\n|move|p2a: Raichu|Thunderbolt|p1a: Incineroar\n|-damage|p1a: Incineroar|169/290\n|-damage|p2a: Raichu|225/249|[from] item: Life Orb\n|move|p1a: Incineroar|Flare Blitz|p2a: Raichu\n|-damage|p2a: Raichu|44/249\n|-status|p2a: Raichu|brn\n|-damage|p1a: Incineroar|109/290|[from] Recoil\n|\n|-damage|p2a: Raichu|29/249 brn|[from] brn\n|upkeep\n|turn|7\n|\n|t:|1781421675\n|switch|p1a: Sinistcha|Sinistcha-Masterpiece, L83|254/254\n|move|p2a: Raichu|Thunderbolt|p1a: Sinistcha\n|-resisted|p1a: Sinistcha\n|-damage|p1a: Sinistcha|185/254\n|-damage|p2a: Raichu|5/249 brn|[from] item: Life Orb\n|\n|-heal|p1a: Sinistcha|200/254|[from] item: Leftovers\n|-damage|p2a: Raichu|0 fnt|[from] brn\n|faint|p2a: Raichu\n|upkeep\n|\n|t:|1781421705\n|switch|p2a: Altaria|Altaria, L89, F|15/278\n|turn|8\n|\n|t:|1781421717\n|-terastallize|p1a: Sinistcha|Steel\n|move|p2a: Altaria|Roost|p2a: Altaria\n|-heal|p2a: Altaria|154/278\n|-singleturn|p2a: Altaria|move: Roost\n|move|p1a: Sinistcha|Strength Sap|p2a: Altaria\n|-unboost|p2a: Altaria|atk|1\n|-heal|p1a: Sinistcha|254/254\n|\n|upkeep\n|turn|9\n|\n|t:|1781421732\n|move|p2a: Altaria|Roost|p2a: Altaria\n|-heal|p2a: Altaria|278/278\n|-singleturn|p2a: Altaria|move: Roost\n|move|p1a: Sinistcha|Calm Mind|p1a: Sinistcha\n|-boost|p1a: Sinistcha|spa|1\n|-boost|p1a: Sinistcha|spd|1\n|\n|upkeep\n|turn|10\n|\n|t:|1781421738\n|switch|p2a: Palossand|Palossand, L89, M|296/296\n|move|p1a: Sinistcha|Calm Mind|p1a: Sinistcha\n|-boost|p1a: Sinistcha|spa|1\n|-boost|p1a: Sinistcha|spd|1\n|\n|upkeep\n|turn|11\n|\n|t:|1781421745\n|move|p1a: Sinistcha|Calm Mind|p1a: Sinistcha\n|-boost|p1a: Sinistcha|spa|1\n|-boost|p1a: Sinistcha|spd|1\n|move|p2a: Palossand|Earth Power|p1a: Sinistcha\n|-supereffective|p1a: Sinistcha\n|-damage|p1a: Sinistcha|152/254\n|\n|-heal|p1a: Sinistcha|167/254|[from] item: Leftovers\n|upkeep\n|turn|12\n|\n|t:|1781421753\n|move|p1a: Sinistcha|Calm Mind|p1a: Sinistcha\n|-boost|p1a: Sinistcha|spa|1\n|-boost|p1a: Sinistcha|spd|1\n|move|p2a: Palossand|Earth Power|p1a: Sinistcha\n|-supereffective|p1a: Sinistcha\n|-damage|p1a: Sinistcha|83/254\n|\n|-heal|p1a: Sinistcha|98/254|[from] item: Leftovers\n|upkeep\n|turn|13\n|\n|t:|1781421758\n|move|p1a: Sinistcha|Matcha Gotcha|p2a: Palossand\n|-supereffective|p2a: Palossand\n|-damage|p2a: Palossand|0 fnt\n|-heal|p1a: Sinistcha|246/254|[from] drain|[of] p2a: Palossand\n|faint|p2a: Palossand\n|\n|-heal|p1a: Sinistcha|254/254|[from] item: Leftovers\n|upkeep\n|\n|t:|1781421767\n|switch|p2a: Chandelure|Chandelure, L83, M|216/235\n|turn|14\n|\n|t:|1781421774\n|-terastallize|p2a: Chandelure|Grass\n|move|p2a: Chandelure|Trick|p1a: Sinistcha\n|-activate|p2a: Chandelure|move: Trick|[of] p1a: Sinistcha\n|-item|p1a: Sinistcha|Choice Scarf|[from] move: Trick\n|-item|p2a: Chandelure|Leftovers|[from] move: Trick\n|move|p1a: Sinistcha|Shadow Ball|p2a: Chandelure\n|-damage|p2a: Chandelure|0 fnt\n|faint|p2a: Chandelure\n|\n|upkeep\n|\n|t:|1781421778\n|switch|p2a: Chansey|Chansey, L85, F|564/564\n|turn|15\n|\n|t:|1781421785\n|switch|p1a: Incineroar|Incineroar, L82, M|109/290\n|-ability|p1a: Incineroar|Intimidate|boost\n|-unboost|p2a: Chansey|atk|1\n|move|p2a: Chansey|Seismic Toss|p1a: Incineroar\n|-damage|p1a: Incineroar|24/290\n|\n|upkeep\n|turn|16\n|-message|bellenguer2 forfeited.\n|\n|win|sickeny\n|raw|sickeny's rating: 1476 &rarr; <strong>1497</strong><br />(+21 for winning)\n|raw|bellenguer2's rating: 1490 &rarr; <strong>1469</strong><br />(-21 for losing)\n", "uploadtime": 1781421788, "views": 3, "formatid": "gen9randombattle", "rating": 1469, "private": 0, "password": null}