{"id": "gen9randombattle-2631847009", "format": "[Gen 9] Random Battle", "players": ["Benbougami", "ilCast3"], "log": "|j|\u2606Benbougami\n|j|\u2606ilCast3\n|t:|1781447609\n|gametype|singles\n|player|p1|Benbougami|roughneck|1475\n|player|p2|ilCast3|n|1441\n|gen|9\n|tier|[Gen 9] Random Battle\n|rated|\n|rule|Species Clause: Limit one of each Pok\u00e9mon\n|rule|HP Percentage Mod: HP is shown in percentages\n|rule|Sleep Clause Mod: Limit one foe put to sleep\n|rule|Illusion Level Mod: Illusion disguises the Pok\u00e9mon's true level\n|\n|t:|1781447609\n|teamsize|p1|6\n|teamsize|p2|6\n|start\n|switch|p1a: Gengar|Gengar, L81, F|230/230\n|switch|p2a: Arceus|Arceus-Ice, L72|291/291\n|turn|1\n|\n|t:|1781447653\n|switch|p2a: Hippowdon|Hippowdon, L82, M|311/311\n|-weather|Sandstorm|[from] ability: Sand Stream|[of] p2a: Hippowdon\n|move|p1a: Gengar|Nasty Plot|p1a: Gengar\n|-boost|p1a: Gengar|spa|2\n|\n|-weather|Sandstorm|[upkeep]\n|-damage|p1a: Gengar|216/230|[from] Sandstorm\n|upkeep\n|turn|2\n|\n|t:|1781447667\n|switch|p1a: Tornadus|Tornadus-Therian, L79, M|254/254\n|move|p2a: Hippowdon|Earthquake|p1a: Tornadus\n|-immune|p1a: Tornadus\n|\n|-weather|Sandstorm|[upkeep]\n|-damage|p1a: Tornadus|239/254|[from] Sandstorm\n|upkeep\n|turn|3\n|\n|t:|1781447676\n|move|p1a: Tornadus|Bleakwind Storm|p2a: Hippowdon\n|-damage|p2a: Hippowdon|118/311\n|move|p2a: Hippowdon|Stealth Rock|p1a: Tornadus\n|-sidestart|p1: Benbougami|move: Stealth Rock\n|\n|-weather|Sandstorm|[upkeep]\n|-damage|p1a: Tornadus|224/254|[from] Sandstorm\n|upkeep\n|turn|4\n|\n|t:|1781447686\n|move|p1a: Tornadus|Bleakwind Storm|p2a: Hippowdon\n|-damage|p2a: Hippowdon|0 fnt\n|faint|p2a: Hippowdon\n|\n|-weather|Sandstorm|[upkeep]\n|-damage|p1a: Tornadus|209/254|[from] Sandstorm\n|upkeep\n|\n|t:|1781447692\n|switch|p2a: Arceus|Arceus-Ice, L72|291/291\n|turn|5\n|\n|t:|1781447702\n|switch|p1a: Ninetales|Ninetales, L85, M|263/263\n|-weather|SunnyDay|[from] ability: Drought|[of] p1a: Ninetales\n|move|p2a: Arceus|Judgment|p1a: Ninetales\n|-resisted|p1a: Ninetales\n|-damage|p1a: Ninetales|211/263\n|\n|-weather|SunnyDay|[upkeep]\n|upkeep\n|turn|6\n|inactive|Battle timer is ON: inactive players will automatically lose when time's up. (requested by Benbougami)\n|\n|t:|1781447719\n|-terastallize|p2a: Arceus|Ground\n|move|p1a: Ninetales|Nasty Plot|p1a: Ninetales\n|-boost|p1a: Ninetales|spa|2\n|move|p2a: Arceus|Calm Mind|p2a: Arceus\n|-boost|p2a: Arceus|spa|1\n|-boost|p2a: Arceus|spd|1\n|\n|-weather|SunnyDay|[upkeep]\n|upkeep\n|turn|7\n|\n|t:|1781447730\n|-terastallize|p1a: Ninetales|Grass\n|move|p1a: Ninetales|Solar Beam||[still]\n|-prepare|p1a: Ninetales|Solar Beam\n|-anim|p1a: Ninetales|Solar Beam|p2a: Arceus\n|-supereffective|p2a: Arceus\n|-damage|p2a: Arceus|15/291\n|move|p2a: Arceus|Earth Power|p1a: Ninetales\n|-resisted|p1a: Ninetales\n|-damage|p1a: Ninetales|157/263\n|\n|-weather|SunnyDay|[upkeep]\n|upkeep\n|turn|8\n|\n|t:|1781447740\n|move|p1a: Ninetales|Solar Beam||[still]\n|-prepare|p1a: Ninetales|Solar Beam\n|-anim|p1a: Ninetales|Solar Beam|p2a: Arceus\n|-supereffective|p2a: Arceus\n|-damage|p2a: Arceus|0 fnt\n|faint|p2a: Arceus\n|\n|-weather|SunnyDay|[upkeep]\n|upkeep\n|\n|t:|1781447754\n|switch|p2a: Skeledirge|Skeledirge, L79, F|294/294\n|turn|9\n|\n|t:|1781447760\n|move|p1a: Ninetales|Scorching Sands|p2a: Skeledirge\n|-supereffective|p2a: Skeledirge\n|-damage|p2a: Skeledirge|194/294\n|move|p2a: Skeledirge|Torch Song|p1a: Ninetales\n|-supereffective|p1a: Ninetales\n|-damage|p1a: Ninetales|0 fnt\n|-boost|p2a: Skeledirge|spa|1\n|faint|p1a: Ninetales\n|\n|-weather|none\n|upkeep\n|\n|t:|1781447769\n|switch|p1a: Swampert|Swampert, L83, M|302/302\n|-damage|p1a: Swampert|284/302|[from] Stealth Rock\n|turn|10\n|\n|t:|1781447778\n|switch|p2a: Zarude|Zarude, L77|288/288\n|move|p1a: Swampert|Knock Off|p2a: Zarude\n|-resisted|p2a: Zarude\n|-damage|p2a: Zarude|253/288\n|-enditem|p2a: Zarude|Life Orb|[from] move: Knock Off|[of] p1a: Swampert\n|\n|-heal|p1a: Swampert|302/302|[from] item: Leftovers\n|upkeep\n|turn|11\n|inactive|Benbougami has 120 seconds left.\n|c|\u2606ilCast3|c'mon\n|\n|t:|1781447810\n|switch|p1a: Heatran|Heatran, L79, F|273/273\n|-damage|p1a: Heatran|239/273|[from] Stealth Rock\n|-item|p1a: Heatran|Air Balloon\n|move|p2a: Zarude|Knock Off|p1a: Heatran\n|-damage|p1a: Heatran|151/273\n|-enditem|p1a: Heatran|Air Balloon\n|\n|upkeep\n|turn|12\n|\n|t:|1781447822\n|move|p2a: Zarude|Close Combat|p1a: Heatran\n|-supereffective|p1a: Heatran\n|-damage|p1a: Heatran|0 fnt\n|-unboost|p2a: Zarude|def|1\n|-unboost|p2a: Zarude|spd|1\n|faint|p1a: Heatran\n|\n|upkeep\n|\n|t:|1781447828\n|switch|p1a: Tornadus|Tornadus-Therian, L79, M|254/254\n|-damage|p1a: Tornadus|191/254|[from] Stealth Rock\n|turn|13\n|\n|t:|1781447842\n|switch|p2a: Hoopa|Hoopa, L85|275/275\n|move|p1a: Tornadus|Bleakwind Storm|p2a: Hoopa\n|-damage|p2a: Hoopa|160/275\n|\n|upkeep\n|turn|14\n|inactive|ilCast3 has 120 seconds left.\n|inactive|Benbougami has 120 seconds left.\n|inactive|Benbougami has 90 seconds left.\n|inactive|Benbougami has 60 seconds left.\n|\n|t:|1781447943\n|move|p1a: Tornadus|Bleakwind Storm|p2a: Hoopa\n|-damage|p2a: Hoopa|43/275\n|move|p2a: Hoopa|Psyshock|p1a: Tornadus\n|-damage|p1a: Tornadus|0 fnt\n|faint|p1a: Tornadus\n|-damage|p2a: Hoopa|16/275|[from] item: Life Orb\n|\n|upkeep\n|inactive|Benbougami has 60 seconds left.\n|\n|t:|1781447959\n|switch|p1a: Swampert|Swampert, L83, M|302/302\n|-damage|p1a: Swampert|284/302|[from] Stealth Rock\n|turn|15\n|inactive|ilCast3 has 120 seconds left.\n|\n|t:|1781447979\n|move|p2a: Hoopa|Shadow Ball|p1a: Swampert\n|-damage|p1a: Swampert|119/302\n|-damage|p2a: Hoopa|0 fnt|[from] item: Life Orb\n|faint|p2a: Hoopa\n|move|p1a: Swampert|Ice Beam|p2: Hoopa|[notarget]\n|-fail|p1a: Swampert\n|\n|-heal|p1a: Swampert|137/302|[from] item: Leftovers\n|upkeep\n|inactive|ilCast3 has 120 seconds left.\n|\n|t:|1781447988\n|switch|p2a: Zarude|Zarude, L77|253/288\n|turn|16\n|\n|t:|1781447997\n|move|p2a: Zarude|Knock Off|p1a: Swampert\n|-damage|p1a: Swampert|28/302\n|-enditem|p1a: Swampert|Leftovers|[from] move: Knock Off|[of] p2a: Zarude\n|move|p1a: Swampert|Ice Beam|p2a: Zarude\n|-supereffective|p2a: Zarude\n|-damage|p2a: Zarude|131/288\n|-status|p2a: Zarude|frz\n|\n|upkeep\n|turn|17\n|inactive|Benbougami has 60 seconds left.\n|\n|t:|1781448007\n|-curestatus|p2a: Zarude|frz|[msg]\n|move|p2a: Zarude|Power Whip|p1a: Swampert|[miss]\n|-miss|p2a: Zarude|p1a: Swampert\n|move|p1a: Swampert|Ice Beam|p2a: Zarude\n|-supereffective|p2a: Zarude\n|-damage|p2a: Zarude|21/288\n|\n|upkeep\n|turn|18\n|\n|t:|1781448016\n|move|p2a: Zarude|Knock Off|p1a: Swampert\n|-damage|p1a: Swampert|0 fnt\n|faint|p1a: Swampert\n|\n|upkeep\n|\n|t:|1781448022\n|switch|p1a: Gengar|Gengar, L81, F|216/230\n|-damage|p1a: Gengar|188/230|[from] Stealth Rock\n|turn|19\n|\n|t:|1781448028\n|move|p1a: Gengar|Shadow Ball|p2a: Zarude\n|-resisted|p2a: Zarude\n|-damage|p2a: Zarude|0 fnt\n|faint|p2a: Zarude\n|-damage|p1a: Gengar|165/230|[from] item: Life Orb\n|\n|upkeep\n|\n|t:|1781448034\n|switch|p2a: Cloyster|Cloyster, L80, F|211/211\n|turn|20\n|\n|t:|1781448039\n|move|p1a: Gengar|Focus Blast|p2a: Cloyster\n|-supereffective|p2a: Cloyster\n|-damage|p2a: Cloyster|0 fnt\n|faint|p2a: Cloyster\n|-damage|p1a: Gengar|142/230|[from] item: Life Orb\n|\n|upkeep\n|-message|ilCast3 forfeited.\n|\n|win|Benbougami\n|raw|Benbougami's rating: 1475 &rarr; <strong>1493</strong><br />(+18 for winning)\n|raw|ilCast3's rating: 1441 &rarr; <strong>1423</strong><br />(-18 for losing)\n|l|\u2606ilCast3\n|player|p2|\n", "uploadtime": 1781448059, "views": 3, "formatid": "gen9randombattle", "rating": 1423, "private": 0, "password": null}