{"id": "gen9randombattle-2631974635", "format": "[Gen 9] Random Battle", "players": ["Fizzbamsen", "OverthereStair"], "log": "|j|\u2606Fizzbamsen\n|j|\u2606OverthereStair\n|t:|1781461698\n|gametype|singles\n|player|p1|Fizzbamsen|169|1990\n|player|p2|OverthereStair|hilda|2023\n|gen|9\n|tier|[Gen 9] Random Battle\n|rated|\n|rule|Species Clause: Limit one of each Pok\u00e9mon\n|rule|HP Percentage Mod: HP is shown in percentages\n|rule|Sleep Clause Mod: Limit one foe put to sleep\n|rule|Illusion Level Mod: Illusion disguises the Pok\u00e9mon's true level\n|\n|t:|1781461698\n|teamsize|p1|6\n|teamsize|p2|6\n|start\n|switch|p1a: Quagsire|Quagsire, L84, F|297/297\n|switch|p2a: Passimian|Passimian, L83, F|302/302\n|turn|1\n|inactive|Battle timer is ON: inactive players will automatically lose when time's up. (requested by OverthereStair)\n|inactive|Fizzbamsen has 120 seconds left.\n|inactive|Fizzbamsen has 90 seconds left.\n|\n|t:|1781461761\n|switch|p2a: Garchomp|Garchomp, L74, F|282/282\n|move|p1a: Quagsire|Toxic|p2a: Garchomp\n|-status|p2a: Garchomp|tox\n|\n|-damage|p2a: Garchomp|265/282 tox|[from] psn\n|upkeep\n|turn|2\n|\n|t:|1781461780\n|move|p2a: Garchomp|Stealth Rock|p1a: Quagsire\n|-sidestart|p1: Fizzbamsen|move: Stealth Rock\n|move|p1a: Quagsire|Spikes|p2a: Garchomp\n|-sidestart|p2: OverthereStair|Spikes\n|\n|-damage|p2a: Garchomp|231/282 tox|[from] psn\n|upkeep\n|turn|3\n|\n|t:|1781461787\n|move|p1a: Quagsire|Spikes|p2a: Garchomp\n|-sidestart|p2: OverthereStair|Spikes\n|move|p2a: Garchomp|Dragon Tail|p1a: Quagsire\n|-damage|p1a: Quagsire|237/297\n|drag|p1a: Basculegion|Basculegion-F, L83, F|335/335\n|-damage|p1a: Basculegion|294/335|[from] Stealth Rock\n|\n|-damage|p2a: Garchomp|180/282 tox|[from] psn\n|upkeep\n|turn|4\n|\n|t:|1781461795\n|move|p2a: Garchomp|Earthquake|p1a: Basculegion\n|-damage|p1a: Basculegion|159/335\n|move|p1a: Basculegion|Ice Beam|p2a: Garchomp\n|-supereffective|p2a: Garchomp\n|-damage|p2a: Garchomp|0 fnt\n|faint|p2a: Garchomp\n|\n|upkeep\n|\n|t:|1781461799\n|switch|p2a: Iron Treads|Iron Treads, L77|265/265\n|-damage|p2a: Iron Treads|221/265|[from] Spikes\n|turn|5\n|\n|t:|1781461805\n|move|p2a: Iron Treads|Earthquake|p1a: Basculegion\n|-damage|p1a: Basculegion|29/335\n|move|p1a: Basculegion|Ice Beam|p2a: Iron Treads\n|-damage|p2a: Iron Treads|132/265\n|\n|upkeep\n|turn|6\n|\n|t:|1781461812\n|switch|p1a: Hydrapple|Hydrapple, L83, M|312/312\n|-damage|p1a: Hydrapple|273/312|[from] Stealth Rock\n|move|p2a: Iron Treads|Earthquake|p1a: Hydrapple\n|-resisted|p1a: Hydrapple\n|-damage|p1a: Hydrapple|227/312\n|\n|upkeep\n|turn|7\n|\n|t:|1781461819\n|move|p2a: Iron Treads|Rapid Spin|p1a: Hydrapple\n|-damage|p1a: Hydrapple|196/312\n|-boost|p2a: Iron Treads|spe|1\n|-sideend|p2: OverthereStair|Spikes|[from] move: Rapid Spin|[of] p2a: Iron Treads\n|move|p1a: Hydrapple|Earth Power|p2a: Iron Treads\n|-supereffective|p2a: Iron Treads\n|-damage|p2a: Iron Treads|4/265\n|\n|upkeep\n|turn|8\n|\n|t:|1781461825\n|move|p2a: Iron Treads|Iron Head|p1a: Hydrapple\n|-damage|p1a: Hydrapple|123/312\n|cant|p1a: Hydrapple|flinch\n|\n|upkeep\n|turn|9\n|\n|t:|1781461832\n|move|p2a: Iron Treads|Iron Head|p1a: Hydrapple\n|-damage|p1a: Hydrapple|54/312\n|cant|p1a: Hydrapple|flinch\n|\n|upkeep\n|turn|10\n|\n|t:|1781461836\n|switch|p1a: Quagsire|Quagsire, L84, F|237/297\n|-damage|p1a: Quagsire|219/297|[from] Stealth Rock\n|move|p2a: Iron Treads|Iron Head|p1a: Quagsire\n|-resisted|p1a: Quagsire\n|-damage|p1a: Quagsire|177/297\n|\n|-heal|p1a: Quagsire|195/297|[from] item: Leftovers\n|upkeep\n|turn|11\n|\n|t:|1781461839\n|move|p2a: Iron Treads|Earthquake|p1a: Quagsire\n|-damage|p1a: Quagsire|84/297\n|move|p1a: Quagsire|Spikes|p2a: Iron Treads\n|-sidestart|p2: OverthereStair|Spikes\n|\n|-heal|p1a: Quagsire|102/297|[from] item: Leftovers\n|upkeep\n|turn|12\n|\n|t:|1781461841\n|move|p2a: Iron Treads|Earthquake|p1a: Quagsire\n|-damage|p1a: Quagsire|3/297\n|move|p1a: Quagsire|Recover|p1a: Quagsire\n|-heal|p1a: Quagsire|152/297\n|\n|-heal|p1a: Quagsire|170/297|[from] item: Leftovers\n|upkeep\n|turn|13\n|\n|t:|1781461844\n|move|p2a: Iron Treads|Earthquake|p1a: Quagsire\n|-damage|p1a: Quagsire|62/297\n|move|p1a: Quagsire|Recover|p1a: Quagsire\n|-heal|p1a: Quagsire|211/297\n|\n|-heal|p1a: Quagsire|229/297|[from] item: Leftovers\n|upkeep\n|turn|14\n|\n|t:|1781461847\n|move|p2a: Iron Treads|Rapid Spin|p1a: Quagsire\n|-damage|p1a: Quagsire|195/297\n|-boost|p2a: Iron Treads|spe|1\n|-sideend|p2: OverthereStair|Spikes|[from] move: Rapid Spin|[of] p2a: Iron Treads\n|move|p1a: Quagsire|Recover|p1a: Quagsire\n|-heal|p1a: Quagsire|297/297\n|\n|upkeep\n|turn|15\n|\n|t:|1781461851\n|move|p2a: Iron Treads|Earthquake|p1a: Quagsire\n|-damage|p1a: Quagsire|200/297\n|move|p1a: Quagsire|Earthquake|p2a: Iron Treads\n|-supereffective|p2a: Iron Treads\n|-damage|p2a: Iron Treads|0 fnt\n|faint|p2a: Iron Treads\n|-end|p2a: Iron Treads|Quark Drive|[silent]\n|\n|-heal|p1a: Quagsire|218/297|[from] item: Leftovers\n|upkeep\n|\n|t:|1781461853\n|switch|p2a: Plusle|Plusle, L95, F|268/268\n|turn|16\n|\n|t:|1781461857\n|-terastallize|p1a: Quagsire|Steel\n|move|p2a: Plusle|Nasty Plot|p2a: Plusle\n|-boost|p2a: Plusle|spa|2\n|move|p1a: Quagsire|Earthquake|p2a: Plusle\n|-supereffective|p2a: Plusle\n|-damage|p2a: Plusle|0 fnt\n|faint|p2a: Plusle\n|\n|-heal|p1a: Quagsire|236/297|[from] item: Leftovers\n|upkeep\n|\n|t:|1781461861\n|switch|p2a: Gallade|Gallade, L80, M|240/240\n|turn|17\n|\n|t:|1781461863\n|switch|p1a: Basculegion|Basculegion-F, L83, F|29/335\n|-damage|p1a: Basculegion|0 fnt|[from] Stealth Rock\n|faint|p1a: Basculegion\n|move|p2a: Gallade|Sacred Sword|p1: Basculegion|[notarget]\n|-fail|p2a: Gallade\n|\n|upkeep\n|\n|t:|1781461869\n|switch|p1a: Hitmonlee|Hitmonlee, L85, M|223/223\n|-damage|p1a: Hitmonlee|210/223|[from] Stealth Rock\n|turn|18\n|\n|t:|1781461875\n|move|p1a: Hitmonlee|Knock Off|p2a: Gallade\n|-damage|p2a: Gallade|66/240\n|-enditem|p2a: Gallade|Life Orb|[from] move: Knock Off|[of] p1a: Hitmonlee\n|move|p2a: Gallade|Psycho Cut|p1a: Hitmonlee\n|-supereffective|p1a: Hitmonlee\n|-damage|p1a: Hitmonlee|0 fnt\n|faint|p1a: Hitmonlee\n|\n|upkeep\n|\n|t:|1781461887\n|switch|p1a: Ting-Lu|Ting-Lu, L78|370/370\n|-damage|p1a: Ting-Lu|347/370|[from] Stealth Rock\n|-ability|p1a: Ting-Lu|Vessel of Ruin\n|turn|19\n|\n|t:|1781461890\n|move|p2a: Gallade|Sacred Sword|p1a: Ting-Lu\n|-supereffective|p1a: Ting-Lu\n|-damage|p1a: Ting-Lu|89/370\n|move|p1a: Ting-Lu|Earthquake|p2a: Gallade\n|-damage|p2a: Gallade|0 fnt\n|faint|p2a: Gallade\n|\n|upkeep\n|\n|t:|1781461893\n|switch|p2a: Passimian|Passimian, L83, F|302/302\n|turn|20\n|\n|t:|1781461900\n|move|p2a: Passimian|Bulk Up|p2a: Passimian\n|-boost|p2a: Passimian|atk|1\n|-boost|p2a: Passimian|def|1\n|move|p1a: Ting-Lu|Earthquake|p2a: Passimian\n|-crit|p2a: Passimian\n|-damage|p2a: Passimian|155/302\n|\n|-heal|p2a: Passimian|173/302|[from] item: Leftovers\n|upkeep\n|turn|21\n|\n|t:|1781461904\n|switch|p1a: Quagsire|Quagsire, L84, F, tera:Steel|236/297\n|-damage|p1a: Quagsire|218/297|[from] Stealth Rock\n|move|p2a: Passimian|Drain Punch|p1a: Quagsire\n|-supereffective|p1a: Quagsire\n|-damage|p1a: Quagsire|32/297\n|-heal|p2a: Passimian|266/302|[from] drain|[of] p1a: Quagsire\n|\n|-heal|p2a: Passimian|284/302|[from] item: Leftovers\n|-heal|p1a: Quagsire|50/297|[from] item: Leftovers\n|upkeep\n|turn|22\n|\n|t:|1781461907\n|move|p2a: Passimian|Drain Punch|p1a: Quagsire\n|-supereffective|p1a: Quagsire\n|-damage|p1a: Quagsire|0 fnt\n|-heal|p2a: Passimian|302/302|[from] drain|[of] p1a: Quagsire\n|faint|p1a: Quagsire\n|\n|upkeep\n|\n|t:|1781461910\n|switch|p1a: Hydrapple|Hydrapple, L83, M|158/312\n|-damage|p1a: Hydrapple|119/312|[from] Stealth Rock\n|turn|23\n|\n|t:|1781461916\n|switch|p1a: Ting-Lu|Ting-Lu, L78|89/370\n|-damage|p1a: Ting-Lu|66/370|[from] Stealth Rock\n|-ability|p1a: Ting-Lu|Vessel of Ruin\n|move|p2a: Passimian|Drain Punch|p1a: Ting-Lu\n|-supereffective|p1a: Ting-Lu\n|-damage|p1a: Ting-Lu|0 fnt\n|faint|p1a: Ting-Lu\n|\n|upkeep\n|\n|t:|1781461918\n|switch|p1a: Hydrapple|Hydrapple, L83, M|223/312\n|-damage|p1a: Hydrapple|184/312|[from] Stealth Rock\n|turn|24\n|\n|t:|1781461923\n|move|p2a: Passimian|Gunk Shot|p1a: Hydrapple\n|-supereffective|p1a: Hydrapple\n|-damage|p1a: Hydrapple|0 fnt\n|faint|p1a: Hydrapple\n|\n|upkeep\n|\n|t:|1781461927\n|switch|p1a: Goodra|Goodra-Hisui, L82, M|265/265\n|-damage|p1a: Goodra|249/265|[from] Stealth Rock\n|turn|25\n|\n|t:|1781461929\n|move|p2a: Passimian|Drain Punch|p1a: Goodra\n|-supereffective|p1a: Goodra\n|-damage|p1a: Goodra|0 fnt\n|faint|p1a: Goodra\n|\n|win|OverthereStair\n", "uploadtime": 1781461700, "views": 4, "formatid": "gen9randombattle", "rating": null, "private": 0, "password": null}