{"id": "gen9randombattle-2631666458", "format": "[Gen 9] Random Battle", "players": ["Jadasteel", "KoffeeArchive"], "log": "|j|\u2606Jadasteel\n|j|\u2606KoffeeArchive\n|t:|1781417857\n|gametype|singles\n|player|p1|Jadasteel|fantina|2084\n|player|p2|KoffeeArchive|clair|2073\n|gen|9\n|tier|[Gen 9] Random Battle\n|rated|\n|rule|Species Clause: Limit one of each Pok\u00e9mon\n|rule|HP Percentage Mod: HP is shown in percentages\n|rule|Sleep Clause Mod: Limit one foe put to sleep\n|rule|Illusion Level Mod: Illusion disguises the Pok\u00e9mon's true level\n|\n|t:|1781417857\n|teamsize|p1|6\n|teamsize|p2|6\n|start\n|switch|p1a: Sableye|Sableye, L88, M|231/231\n|switch|p2a: Luvdisc|Luvdisc, F|247/247\n|turn|1\n|inactive|Battle timer is ON: inactive players will automatically lose when time's up. (requested by KoffeeArchive)\n|\n|t:|1781417873\n|move|p2a: Luvdisc|Flip Turn|p1a: Sableye\n|-damage|p1a: Sableye|189/231\n|\n|t:|1781417882\n|switch|p2a: Empoleon|Empoleon, L84, M|278/278|[from] Flip Turn\n|move|p1a: Sableye|Knock Off|p2a: Empoleon\n|-damage|p2a: Empoleon|179/278\n|-enditem|p2a: Empoleon|Leftovers|[from] move: Knock Off|[of] p1a: Sableye\n|\n|-heal|p1a: Sableye|203/231|[from] item: Leftovers\n|upkeep\n|turn|2\n|\n|t:|1781417891\n|switch|p1a: Kilowattrel|Kilowattrel, L83, M|252/252\n|move|p2a: Empoleon|Stealth Rock|p1a: Kilowattrel\n|-sidestart|p1: Jadasteel|move: Stealth Rock\n|\n|upkeep\n|turn|3\n|\n|t:|1781417898\n|switch|p2a: Rotom|Rotom, L88|231/231\n|move|p1a: Kilowattrel|Discharge|p2a: Rotom\n|-resisted|p2a: Rotom\n|-damage|p2a: Rotom|184/231\n|\n|upkeep\n|turn|4\n|\n|t:|1781417907\n|move|p1a: Kilowattrel|Hurricane|p2a: Rotom\n|-resisted|p2a: Rotom\n|-damage|p2a: Rotom|115/231\n|move|p2a: Rotom|Will-O-Wisp|p1a: Kilowattrel\n|-status|p1a: Kilowattrel|brn\n|\n|-damage|p1a: Kilowattrel|237/252 brn|[from] brn\n|upkeep\n|turn|5\n|\n|t:|1781417919\n|move|p1a: Kilowattrel|Hurricane|p2a: Rotom|[miss]\n|-miss|p1a: Kilowattrel|p2a: Rotom\n|move|p2a: Rotom|Shadow Ball|p1a: Kilowattrel\n|-damage|p1a: Kilowattrel|81/252 brn\n|-damage|p2a: Rotom|92/231|[from] item: Life Orb\n|\n|-damage|p1a: Kilowattrel|66/252 brn|[from] brn\n|upkeep\n|turn|6\n|\n|t:|1781417923\n|move|p1a: Kilowattrel|Roost|p1a: Kilowattrel\n|-heal|p1a: Kilowattrel|192/252 brn\n|-singleturn|p1a: Kilowattrel|move: Roost\n|move|p2a: Rotom|Shadow Ball|p1a: Kilowattrel\n|-damage|p1a: Kilowattrel|44/252 brn\n|-damage|p2a: Rotom|69/231|[from] item: Life Orb\n|\n|-damage|p1a: Kilowattrel|29/252 brn|[from] brn\n|upkeep\n|turn|7\n|\n|t:|1781417929\n|move|p1a: Kilowattrel|Roost|p1a: Kilowattrel\n|-heal|p1a: Kilowattrel|155/252 brn\n|-singleturn|p1a: Kilowattrel|move: Roost\n|move|p2a: Rotom|Shadow Ball|p1a: Kilowattrel\n|-damage|p1a: Kilowattrel|9/252 brn\n|-damage|p2a: Rotom|46/231|[from] item: Life Orb\n|\n|-damage|p1a: Kilowattrel|0 fnt|[from] brn\n|faint|p1a: Kilowattrel\n|upkeep\n|\n|t:|1781417942\n|switch|p1a: Rillaboom|Rillaboom, L79, M|288/288\n|-damage|p1a: Rillaboom|252/288|[from] Stealth Rock\n|-fieldstart|move: Grassy Terrain|[from] ability: Grassy Surge|[of] p1a: Rillaboom\n|turn|8\n|\n|t:|1781417956\n|switch|p2a: Houndstone|Houndstone, L86, M|264/264\n|move|p1a: Rillaboom|Grassy Glide|p2a: Houndstone\n|-damage|p2a: Houndstone|215/264\n|-damage|p1a: Rillaboom|224/288|[from] item: Life Orb\n|\n|-heal|p1a: Rillaboom|242/288|[from] Grassy Terrain\n|-heal|p2a: Houndstone|231/264|[from] Grassy Terrain\n|upkeep\n|turn|9\n|\n|t:|1781417962\n|move|p1a: Rillaboom|Swords Dance|p1a: Rillaboom\n|-boost|p1a: Rillaboom|atk|2\n|move|p2a: Houndstone|Trick|p1a: Rillaboom\n|-activate|p2a: Houndstone|move: Trick|[of] p1a: Rillaboom\n|-item|p1a: Rillaboom|Choice Band|[from] move: Trick\n|-item|p2a: Houndstone|Life Orb|[from] move: Trick\n|\n|-heal|p1a: Rillaboom|260/288|[from] Grassy Terrain\n|-heal|p2a: Houndstone|247/264|[from] Grassy Terrain\n|upkeep\n|turn|10\n|\n|t:|1781417973\n|switch|p2a: Rotom|Rotom, L88|46/231\n|move|p1a: Rillaboom|Knock Off|p2a: Rotom\n|-supereffective|p2a: Rotom\n|-damage|p2a: Rotom|0 fnt\n|-enditem|p2a: Rotom|Life Orb|[from] move: Knock Off|[of] p1a: Rillaboom\n|faint|p2a: Rotom\n|\n|-heal|p1a: Rillaboom|278/288|[from] Grassy Terrain\n|upkeep\n|\n|t:|1781417983\n|switch|p2a: Luvdisc|Luvdisc, F|247/247\n|turn|11\n|\n|t:|1781417988\n|move|p2a: Luvdisc|Substitute|p2a: Luvdisc\n|-start|p2a: Luvdisc|Substitute\n|-damage|p2a: Luvdisc|186/247\n|move|p1a: Rillaboom|Knock Off|p2a: Luvdisc\n|-end|p2a: Luvdisc|Substitute\n|\n|-heal|p2a: Luvdisc|201/247|[from] Grassy Terrain\n|-heal|p1a: Rillaboom|288/288|[from] Grassy Terrain\n|upkeep\n|turn|12\n|\n|t:|1781417991\n|switch|p1a: Sableye|Sableye, L88, M|203/231\n|-damage|p1a: Sableye|175/231|[from] Stealth Rock\n|move|p2a: Luvdisc|Substitute|p2a: Luvdisc\n|-start|p2a: Luvdisc|Substitute\n|-damage|p2a: Luvdisc|140/247\n|\n|-heal|p2a: Luvdisc|155/247|[from] Grassy Terrain\n|-heal|p1a: Sableye|189/231|[from] Grassy Terrain\n|-heal|p1a: Sableye|203/231|[from] item: Leftovers\n|-fieldend|move: Grassy Terrain\n|upkeep\n|turn|13\n|\n|t:|1781417997\n|switch|p2a: Empoleon|Empoleon, L84, M|179/278\n|move|p1a: Sableye|Encore||[still]\n|-fail|p1a: Sableye\n|\n|-heal|p1a: Sableye|217/231|[from] item: Leftovers\n|upkeep\n|turn|14\n|\n|t:|1781418001\n|move|p1a: Sableye|Thunder Wave|p2a: Empoleon\n|-status|p2a: Empoleon|par\n|cant|p2a: Empoleon|par\n|\n|-heal|p1a: Sableye|231/231|[from] item: Leftovers\n|upkeep\n|turn|15\n|\n|t:|1781418006\n|switch|p1a: Rillaboom|Rillaboom, L79, M|288/288\n|-damage|p1a: Rillaboom|252/288|[from] Stealth Rock\n|-fieldstart|move: Grassy Terrain|[from] ability: Grassy Surge|[of] p1a: Rillaboom\n|move|p2a: Empoleon|Yawn|p1a: Rillaboom\n|-start|p1a: Rillaboom|move: Yawn|[of] p2a: Empoleon\n|\n|-heal|p1a: Rillaboom|270/288|[from] Grassy Terrain\n|-heal|p2a: Empoleon|196/278 par|[from] Grassy Terrain\n|upkeep\n|turn|16\n|\n|t:|1781418016\n|move|p1a: Rillaboom|Wood Hammer|p2a: Empoleon\n|-damage|p2a: Empoleon|0 fnt\n|faint|p2a: Empoleon\n|-damage|p1a: Rillaboom|205/288|[from] Recoil\n|\n|-heal|p1a: Rillaboom|223/288|[from] Grassy Terrain\n|-end|p1a: Rillaboom|move: Yawn|[silent]\n|-status|p1a: Rillaboom|slp\n|upkeep\n|\n|t:|1781418022\n|switch|p2a: Baxcalibur|Baxcalibur, L75, F|296/296\n|turn|17\n|\n|t:|1781418027\n|switch|p1a: Zamazenta|Zamazenta-Crowned, L68|238/238\n|-damage|p1a: Zamazenta|231/238|[from] Stealth Rock\n|-ability|p1a: Zamazenta|Dauntless Shield|boost\n|-boost|p1a: Zamazenta|def|1\n|move|p2a: Baxcalibur|Icicle Crash|p1a: Zamazenta|[miss]\n|-miss|p2a: Baxcalibur|p1a: Zamazenta\n|\n|-heal|p1a: Zamazenta|238/238|[from] Grassy Terrain\n|upkeep\n|turn|18\n|\n|t:|1781418035\n|-terastallize|p2a: Baxcalibur|Ground\n|move|p1a: Zamazenta|Heavy Slam|p2a: Baxcalibur\n|-damage|p2a: Baxcalibur|224/296\n|move|p2a: Baxcalibur|Dragon Dance|p2a: Baxcalibur\n|-boost|p2a: Baxcalibur|atk|1\n|-boost|p2a: Baxcalibur|spe|1\n|\n|-heal|p2a: Baxcalibur|242/296|[from] Grassy Terrain\n|upkeep\n|turn|19\n|\n|t:|1781418054\n|-terastallize|p1a: Zamazenta|Ghost\n|move|p2a: Baxcalibur|Earthquake|p1a: Zamazenta\n|-damage|p1a: Zamazenta|180/238\n|move|p1a: Zamazenta|Iron Defense|p1a: Zamazenta\n|-boost|p1a: Zamazenta|def|2\n|\n|-heal|p2a: Baxcalibur|260/296|[from] Grassy Terrain\n|-heal|p1a: Zamazenta|194/238|[from] Grassy Terrain\n|-fieldend|move: Grassy Terrain\n|upkeep\n|turn|20\n|\n|t:|1781418060\n|switch|p2a: Houndstone|Houndstone, L86, M|247/264\n|move|p1a: Zamazenta|Body Press|p2a: Houndstone\n|-immune|p2a: Houndstone\n|\n|upkeep\n|turn|21\n|\n|t:|1781418066\n|move|p1a: Zamazenta|Heavy Slam|p2a: Houndstone\n|-damage|p2a: Houndstone|199/264\n|move|p2a: Houndstone|Poltergeist|p1a: Zamazenta|[miss]\n|-miss|p2a: Houndstone|p1a: Zamazenta\n|\n|upkeep\n|turn|22\n|-message|KoffeeArchive forfeited.\n|\n|win|Jadasteel\n|raw|Jadasteel's rating: 2084 &rarr; <strong>2103</strong><br />(+19 for winning)\n|raw|KoffeeArchive's rating: 2073 &rarr; <strong>2054</strong><br />(-19 for losing)\n", "uploadtime": 1781418072, "views": 5, "formatid": "gen9randombattle", "rating": 2054, "private": 0, "password": null}