{"id": "gen9randombattle-2631928434", "format": "[Gen 9] Random Battle", "players": ["pokemongoldead", "Marino_elmarinador"], "log": "|j|\u2606pokemongoldead\n|j|\u2606Marino_elmarinador\n|t:|1781456625\n|gametype|singles\n|player|p1|pokemongoldead|ethan|\n|player|p2|Marino_elmarinador|depotagent|\n|gen|9\n|tier|[Gen 9] Random Battle\n|rule|Species Clause: Limit one of each Pok\u00e9mon\n|rule|HP Percentage Mod: HP is shown in percentages\n|rule|Sleep Clause Mod: Limit one foe put to sleep\n|rule|Illusion Level Mod: Illusion disguises the Pok\u00e9mon's true level\n|\n|t:|1781456625\n|teamsize|p1|6\n|teamsize|p2|6\n|start\n|switch|p1a: Diancie|Diancie, L82|216/216\n|switch|p2a: Skuntank|Skuntank, L84, M|310/310\n|turn|1\n|\n|t:|1781456645\n|move|p2a: Skuntank|Toxic Spikes|p1a: Diancie\n|-sidestart|p1: pokemongoldead|move: Toxic Spikes\n|move|p1a: Diancie|Earth Power|p2a: Skuntank\n|-supereffective|p2a: Skuntank\n|-damage|p2a: Skuntank|156/310\n|\n|upkeep\n|turn|2\n|\n|t:|1781456655\n|move|p2a: Skuntank|Gunk Shot|p1a: Diancie\n|-damage|p1a: Diancie|126/216\n|-status|p1a: Diancie|psn\n|move|p1a: Diancie|Earth Power|p2a: Skuntank\n|-supereffective|p2a: Skuntank\n|-damage|p2a: Skuntank|6/310\n|\n|-heal|p1a: Diancie|139/216 psn|[from] item: Leftovers\n|-damage|p1a: Diancie|112/216 psn|[from] psn\n|upkeep\n|turn|3\n|\n|t:|1781456669\n|move|p2a: Skuntank|Taunt|p1a: Diancie\n|-start|p1a: Diancie|move: Taunt\n|move|p1a: Diancie|Earth Power|p2a: Skuntank\n|-supereffective|p2a: Skuntank\n|-damage|p2a: Skuntank|0 fnt\n|faint|p2a: Skuntank\n|\n|-heal|p1a: Diancie|125/216 psn|[from] item: Leftovers\n|-damage|p1a: Diancie|98/216 psn|[from] psn\n|upkeep\n|\n|t:|1781456678\n|switch|p2a: Cresselia|Cresselia, L80, F|323/323\n|turn|4\n|\n|t:|1781456685\n|move|p2a: Cresselia|Psyshock|p1a: Diancie\n|-damage|p1a: Diancie|56/216 psn\n|move|p1a: Diancie|Diamond Storm|p2a: Cresselia\n|-damage|p2a: Cresselia|236/323\n|-boost|p1a: Diancie|def|2\n|\n|-heal|p2a: Cresselia|256/323|[from] item: Leftovers\n|-heal|p1a: Diancie|69/216 psn|[from] item: Leftovers\n|-damage|p1a: Diancie|42/216 psn|[from] psn\n|upkeep\n|turn|5\n|\n|t:|1781456699\n|move|p2a: Cresselia|Thunderbolt|p1a: Diancie\n|-damage|p1a: Diancie|6/216 psn\n|move|p1a: Diancie|Draining Kiss|p2a: Cresselia\n|-damage|p2a: Cresselia|211/323\n|-heal|p1a: Diancie|40/216 psn|[from] drain|[of] p2a: Cresselia\n|\n|-heal|p2a: Cresselia|231/323|[from] item: Leftovers\n|-heal|p1a: Diancie|53/216 psn|[from] item: Leftovers\n|-damage|p1a: Diancie|26/216 psn|[from] psn\n|-end|p1a: Diancie|move: Taunt\n|upkeep\n|turn|6\n|\n|t:|1781456709\n|move|p2a: Cresselia|Moonlight|p2a: Cresselia\n|-heal|p2a: Cresselia|323/323\n|move|p1a: Diancie|Draining Kiss|p2a: Cresselia\n|-damage|p2a: Cresselia|280/323\n|-heal|p1a: Diancie|58/216 psn|[from] drain|[of] p2a: Cresselia\n|\n|-heal|p2a: Cresselia|300/323|[from] item: Leftovers\n|-heal|p1a: Diancie|71/216 psn|[from] item: Leftovers\n|-damage|p1a: Diancie|44/216 psn|[from] psn\n|upkeep\n|turn|7\n|\n|t:|1781456724\n|move|p2a: Cresselia|Psyshock|p1a: Diancie\n|-damage|p1a: Diancie|22/216 psn\n|move|p1a: Diancie|Calm Mind|p1a: Diancie\n|-boost|p1a: Diancie|spa|1\n|-boost|p1a: Diancie|spd|1\n|\n|-heal|p2a: Cresselia|320/323|[from] item: Leftovers\n|-heal|p1a: Diancie|35/216 psn|[from] item: Leftovers\n|-damage|p1a: Diancie|8/216 psn|[from] psn\n|upkeep\n|turn|8\n|\n|t:|1781456736\n|move|p2a: Cresselia|Psyshock|p1a: Diancie\n|-damage|p1a: Diancie|0 fnt\n|faint|p1a: Diancie\n|\n|-heal|p2a: Cresselia|323/323|[from] item: Leftovers\n|upkeep\n|\n|t:|1781456747\n|switch|p1a: Bellossom|Bellossom, L84, F|263/263\n|-status|p1a: Bellossom|psn\n|turn|9\n|\n|t:|1781456753\n|move|p2a: Cresselia|Calm Mind|p2a: Cresselia\n|-boost|p2a: Cresselia|spa|1\n|-boost|p2a: Cresselia|spd|1\n|move|p1a: Bellossom|Quiver Dance|p1a: Bellossom\n|-boost|p1a: Bellossom|spa|1\n|-boost|p1a: Bellossom|spd|1\n|-boost|p1a: Bellossom|spe|1\n|\n|-damage|p1a: Bellossom|231/263 psn|[from] psn\n|upkeep\n|turn|10\n|\n|t:|1781456766\n|move|p1a: Bellossom|Quiver Dance|p1a: Bellossom\n|-boost|p1a: Bellossom|spa|1\n|-boost|p1a: Bellossom|spd|1\n|-boost|p1a: Bellossom|spe|1\n|move|p2a: Cresselia|Calm Mind|p2a: Cresselia\n|-boost|p2a: Cresselia|spa|1\n|-boost|p2a: Cresselia|spd|1\n|\n|-heal|p1a: Bellossom|247/263 psn|[from] item: Leftovers\n|-damage|p1a: Bellossom|215/263 psn|[from] psn\n|upkeep\n|turn|11\n|\n|t:|1781456779\n|move|p1a: Bellossom|Quiver Dance|p1a: Bellossom\n|-boost|p1a: Bellossom|spa|1\n|-boost|p1a: Bellossom|spd|1\n|-boost|p1a: Bellossom|spe|1\n|move|p2a: Cresselia|Psyshock|p1a: Bellossom\n|-damage|p1a: Bellossom|88/263 psn\n|\n|-heal|p1a: Bellossom|104/263 psn|[from] item: Leftovers\n|-damage|p1a: Bellossom|72/263 psn|[from] psn\n|upkeep\n|turn|12\n|\n|t:|1781456787\n|-terastallize|p1a: Bellossom|Fire\n|move|p1a: Bellossom|Strength Sap|p2a: Cresselia\n|-unboost|p2a: Cresselia|atk|1\n|-heal|p1a: Bellossom|189/263 psn\n|move|p2a: Cresselia|Psyshock|p1a: Bellossom\n|-damage|p1a: Bellossom|57/263 psn\n|\n|-heal|p1a: Bellossom|73/263 psn|[from] item: Leftovers\n|-damage|p1a: Bellossom|41/263 psn|[from] psn\n|upkeep\n|turn|13\n|\n|t:|1781456797\n|move|p1a: Bellossom|Giga Drain|p2a: Cresselia\n|-damage|p2a: Cresselia|244/323\n|-heal|p1a: Bellossom|81/263 psn|[from] drain|[of] p2a: Cresselia\n|move|p2a: Cresselia|Psyshock|p1a: Bellossom\n|-damage|p1a: Bellossom|0 fnt\n|faint|p1a: Bellossom\n|\n|-heal|p2a: Cresselia|264/323|[from] item: Leftovers\n|upkeep\n|\n|t:|1781456808\n|switch|p1a: Slowbro|Slowbro, L85, M|300/300\n|-status|p1a: Slowbro|psn\n|turn|14\n|\n|t:|1781456814\n|move|p2a: Cresselia|Calm Mind|p2a: Cresselia\n|-boost|p2a: Cresselia|spa|1\n|-boost|p2a: Cresselia|spd|1\n|move|p1a: Slowbro|Scald|p2a: Cresselia\n|-damage|p2a: Cresselia|231/323\n|\n|-heal|p2a: Cresselia|251/323|[from] item: Leftovers\n|-damage|p1a: Slowbro|263/300 psn|[from] psn\n|upkeep\n|turn|15\n|\n|t:|1781456822\n|move|p2a: Cresselia|Thunderbolt|p1a: Slowbro\n|-supereffective|p1a: Slowbro\n|-damage|p1a: Slowbro|3/300 psn\n|move|p1a: Slowbro|Scald|p2a: Cresselia\n|-damage|p2a: Cresselia|221/323\n|-status|p2a: Cresselia|brn\n|\n|-heal|p2a: Cresselia|241/323 brn|[from] item: Leftovers\n|-heal|p1a: Slowbro|21/300 psn|[from] item: Leftovers\n|-damage|p1a: Slowbro|0 fnt|[from] psn\n|faint|p1a: Slowbro\n|-damage|p2a: Cresselia|221/323 brn|[from] brn\n|upkeep\n|\n|t:|1781456825\n|switch|p1a: Minior|Minior-Yellow, L79|224/224\n|-formechange|p1a: Minior|Minior-Meteor||[from] ability: Shields Down\n|turn|16\n|\n|t:|1781456839\n|move|p2a: Cresselia|Moonlight|p2a: Cresselia\n|-heal|p2a: Cresselia|323/323 brn\n|move|p1a: Minior|Shell Smash|p1a: Minior\n|-unboost|p1a: Minior|def|1\n|-unboost|p1a: Minior|spd|1\n|-boost|p1a: Minior|atk|2\n|-boost|p1a: Minior|spa|2\n|-boost|p1a: Minior|spe|2\n|-enditem|p1a: Minior|White Herb\n|-clearnegativeboost|p1a: Minior|[silent]\n|\n|-damage|p2a: Cresselia|303/323 brn|[from] brn\n|upkeep\n|turn|17\n|\n|t:|1781456850\n|move|p1a: Minior|Acrobatics|p2a: Cresselia\n|-damage|p2a: Cresselia|173/323 brn\n|move|p2a: Cresselia|Psyshock|p1a: Minior\n|-damage|p1a: Minior|59/224\n|\n|-heal|p2a: Cresselia|193/323 brn|[from] item: Leftovers\n|-damage|p2a: Cresselia|173/323 brn|[from] brn\n|-formechange|p1a: Minior|Minior-Yellow||[from] ability: Shields Down\n|upkeep\n|turn|18\n|\n|t:|1781456859\n|move|p1a: Minior|Acrobatics|p2a: Cresselia\n|-damage|p2a: Cresselia|0 fnt\n|faint|p2a: Cresselia\n|\n|upkeep\n|\n|t:|1781456867\n|switch|p2a: Araquanid|Araquanid, L82, M|246/246\n|turn|19\n|\n|t:|1781456872\n|move|p1a: Minior|Acrobatics|p2a: Araquanid\n|-supereffective|p2a: Araquanid\n|-damage|p2a: Araquanid|0 fnt\n|faint|p2a: Araquanid\n|\n|upkeep\n|\n|t:|1781456878\n|switch|p2a: Mienshao|Mienshao, L83, M|244/244\n|turn|20\n|\n|t:|1781456883\n|switch|p2a: Flygon|Flygon, L82, F|265/265\n|move|p1a: Minior|Acrobatics|p2a: Flygon\n|-damage|p2a: Flygon|19/265\n|\n|upkeep\n|turn|21\n|\n|t:|1781456891\n|move|p1a: Minior|Acrobatics|p2a: Flygon\n|-damage|p2a: Flygon|0 fnt\n|faint|p2a: Flygon\n|\n|upkeep\n|\n|t:|1781456896\n|switch|p2a: Tauros|Tauros-Paldea-Aqua, L81, M|252/252\n|turn|22\n|\n|t:|1781456900\n|-terastallize|p2a: Tauros|Water\n|move|p1a: Minior|Acrobatics|p2a: Tauros\n|-damage|p2a: Tauros|50/252\n|-enditem|p2a: Tauros|Sitrus Berry|[eat]\n|-heal|p2a: Tauros|113/252|[from] item: Sitrus Berry\n|move|p2a: Tauros|Close Combat|p1a: Minior\n|-damage|p1a: Minior|0 fnt\n|-unboost|p2a: Tauros|def|1\n|-unboost|p2a: Tauros|spd|1\n|faint|p1a: Minior\n|\n|upkeep\n|\n|t:|1781456911\n|switch|p1a: Swanna|Swanna, L89, F|278/278\n|turn|23\n|\n|t:|1781456915\n|move|p1a: Swanna|Brave Bird|p2a: Tauros\n|-damage|p2a: Tauros|0 fnt\n|faint|p2a: Tauros\n|-damage|p1a: Swanna|241/278|[from] Recoil\n|\n|upkeep\n|\n|t:|1781456920\n|switch|p2a: Mienshao|Mienshao, L83, M|244/244\n|turn|24\n|\n|t:|1781456926\n|move|p1a: Swanna|Brave Bird|p2a: Mienshao\n|-supereffective|p2a: Mienshao\n|-damage|p2a: Mienshao|0 fnt\n|faint|p2a: Mienshao\n|-damage|p1a: Swanna|160/278|[from] Recoil\n|\n|win|pokemongoldead\n|l|\u2606Marino_elmarinador\n|player|p2|\n", "uploadtime": 1781456931, "views": 8, "formatid": "gen9randombattle", "rating": null, "private": 0, "password": null}