{"id": "gen9randombattle-2631725951", "format": "[Gen 9] Random Battle", "players": ["AlakazamHer", "scampy789"], "log": "|j|\u2606AlakazamHer\n|j|\u2606scampy789\n|t:|1781429264\n|gametype|singles\n|player|p1|AlakazamHer|170|2062\n|player|p2|scampy789|2|2120\n|gen|9\n|tier|[Gen 9] Random Battle\n|rated|\n|rule|Species Clause: Limit one of each Pok\u00e9mon\n|rule|HP Percentage Mod: HP is shown in percentages\n|rule|Sleep Clause Mod: Limit one foe put to sleep\n|rule|Illusion Level Mod: Illusion disguises the Pok\u00e9mon's true level\n|\n|t:|1781429264\n|teamsize|p1|6\n|teamsize|p2|6\n|start\n|switch|p1a: Tauros|Tauros, L82, M|257/257\n|switch|p2a: Shaymin|Shaymin, L82|298/298\n|turn|1\n|inactive|Battle timer is ON: inactive players will automatically lose when time's up. (requested by scampy789)\n|\n|t:|1781429285\n|move|p1a: Tauros|Body Slam|p2a: Shaymin\n|-damage|p2a: Shaymin|150/298\n|move|p2a: Shaymin|Leech Seed|p1a: Tauros\n|-start|p1a: Tauros|move: Leech Seed\n|\n|-heal|p2a: Shaymin|168/298|[from] item: Leftovers\n|-damage|p1a: Tauros|225/257|[from] Leech Seed|[of] p2a: Shaymin\n|-heal|p2a: Shaymin|200/298|[silent]\n|upkeep\n|turn|2\n|\n|t:|1781429302\n|switch|p1a: Sawsbuck|Sawsbuck-Autumn, L88, F|284/284\n|move|p2a: Shaymin|Seed Flare|p1a: Sawsbuck\n|-resisted|p1a: Sawsbuck\n|-damage|p1a: Sawsbuck|211/284\n|\n|-heal|p2a: Shaymin|218/298|[from] item: Leftovers\n|upkeep\n|turn|3\n|\n|t:|1781429318\n|move|p1a: Sawsbuck|Swords Dance|p1a: Sawsbuck\n|-boost|p1a: Sawsbuck|atk|2\n|move|p2a: Shaymin|Air Slash|p1a: Sawsbuck\n|-supereffective|p1a: Sawsbuck\n|-damage|p1a: Sawsbuck|97/284\n|\n|-heal|p2a: Shaymin|236/298|[from] item: Leftovers\n|upkeep\n|turn|4\n|inactive|scampy789 has 120 seconds left.\n|\n|t:|1781429350\n|switch|p2a: Slaking|Slaking, L84, F|389/389\n|move|p1a: Sawsbuck|Headbutt|p2a: Slaking\n|-damage|p2a: Slaking|201/389\n|-damage|p1a: Sawsbuck|69/284|[from] item: Life Orb\n|\n|upkeep\n|turn|5\n|inactive|scampy789 has 120 seconds left.\n|\n|t:|1781429368\n|move|p1a: Sawsbuck|Horn Leech|p2a: Slaking\n|-damage|p2a: Slaking|2/389\n|-heal|p1a: Sawsbuck|169/284|[from] drain|[of] p2a: Slaking\n|-damage|p1a: Sawsbuck|141/284|[from] item: Life Orb\n|move|p2a: Slaking|Double-Edge|p1a: Sawsbuck\n|-damage|p1a: Sawsbuck|0 fnt\n|faint|p1a: Sawsbuck\n|-damage|p2a: Slaking|0 fnt|[from] Recoil\n|faint|p2a: Slaking\n|\n|upkeep\n|\n|t:|1781429384\n|switch|p1a: Scizor|Scizor, L79, M|240/240\n|switch|p2a: Landorus|Landorus, L75, M|257/257\n|turn|6\n|\n|t:|1781429393\n|move|p2a: Landorus|Stealth Rock|p1a: Scizor\n|-sidestart|p1: AlakazamHer|move: Stealth Rock\n|move|p1a: Scizor|Swords Dance|p1a: Scizor\n|-boost|p1a: Scizor|atk|2\n|\n|upkeep\n|turn|7\n|\n|t:|1781429405\n|move|p2a: Landorus|Earth Power|p1a: Scizor\n|-damage|p1a: Scizor|68/240\n|move|p1a: Scizor|Swords Dance|p1a: Scizor\n|-boost|p1a: Scizor|atk|2\n|\n|upkeep\n|turn|8\n|\n|t:|1781429425\n|move|p1a: Scizor|Bullet Punch|p2a: Landorus\n|-damage|p2a: Landorus|0 fnt\n|faint|p2a: Landorus\n|-damage|p1a: Scizor|44/240|[from] item: Life Orb\n|\n|upkeep\n|\n|t:|1781429428\n|switch|p2a: Morpeko|Morpeko, L88, F|245/245\n|turn|9\n|\n|t:|1781429437\n|move|p1a: Scizor|Bullet Punch|p2a: Morpeko\n|-resisted|p2a: Morpeko\n|-damage|p2a: Morpeko|81/245\n|-damage|p1a: Scizor|20/240|[from] item: Life Orb\n|move|p2a: Morpeko|Aura Wheel|p1a: Scizor\n|-damage|p1a: Scizor|0 fnt\n|-boost|p2a: Morpeko|spe|1\n|faint|p1a: Scizor\n|\n|-heal|p2a: Morpeko|96/245|[from] item: Leftovers\n|-formechange|p2a: Morpeko|Morpeko-Hangry||[from] ability: Hunger Switch\n|upkeep\n|\n|t:|1781429446\n|switch|p1a: Hydreigon|Hydreigon, L79, F|275/275\n|-damage|p1a: Hydreigon|241/275|[from] Stealth Rock\n|turn|10\n|\n|t:|1781429456\n|move|p2a: Morpeko|Protect|p2a: Morpeko\n|-singleturn|p2a: Morpeko|Protect\n|move|p1a: Hydreigon|Nasty Plot|p1a: Hydreigon\n|-boost|p1a: Hydreigon|spa|2\n|\n|-heal|p2a: Morpeko|111/245|[from] item: Leftovers\n|-formechange|p2a: Morpeko|Morpeko||[from] ability: Hunger Switch\n|upkeep\n|turn|11\n|inactive|scampy789 has 120 seconds left.\n|\n|t:|1781429476\n|move|p2a: Morpeko|Aura Wheel|p1a: Hydreigon\n|-resisted|p1a: Hydreigon\n|-damage|p1a: Hydreigon|171/275\n|-boost|p2a: Morpeko|spe|1\n|move|p1a: Hydreigon|Fire Blast|p2a: Morpeko\n|-damage|p2a: Morpeko|0 fnt\n|faint|p2a: Morpeko\n|-damage|p1a: Hydreigon|144/275|[from] item: Life Orb\n|\n|upkeep\n|\n|t:|1781429492\n|switch|p2a: Koraidon|Koraidon, L64|235/235\n|-weather|SunnyDay|[from] ability: Orichalcum Pulse|[of] p2a: Koraidon\n|-activate|p2a: Koraidon|Orichalcum Pulse|[source]\n|turn|12\n|\n|t:|1781429506\n|move|p2a: Koraidon|Scale Shot|p1a: Hydreigon\n|-supereffective|p1a: Hydreigon\n|-damage|p1a: Hydreigon|84/275\n|-supereffective|p1a: Hydreigon\n|-damage|p1a: Hydreigon|24/275\n|-supereffective|p1a: Hydreigon\n|-damage|p1a: Hydreigon|0 fnt\n|faint|p1a: Hydreigon\n|-hitcount|p1: Hydreigon|3\n|-unboost|p2a: Koraidon|def|1\n|-boost|p2a: Koraidon|spe|1\n|\n|-weather|SunnyDay|[upkeep]\n|upkeep\n|inactive|AlakazamHer has 120 seconds left.\n|\n|t:|1781429550\n|switch|p1a: Hitmontop|Hitmontop, L88, M|231/231\n|-damage|p1a: Hitmontop|217/231|[from] Stealth Rock\n|turn|13\n|inactive|scampy789 has 120 seconds left.\n|\n|t:|1781429561\n|switch|p2a: Shaymin|Shaymin, L82|236/298\n|move|p1a: Hitmontop|Triple Axel|p2a: Shaymin\n|-supereffective|p2a: Shaymin\n|-damage|p2a: Shaymin|192/298\n|-supereffective|p2a: Shaymin\n|-damage|p2a: Shaymin|108/298\n|-supereffective|p2a: Shaymin\n|-damage|p2a: Shaymin|0 fnt\n|faint|p2a: Shaymin\n|-hitcount|p2: Shaymin|3\n|\n|-weather|SunnyDay|[upkeep]\n|-heal|p1a: Hitmontop|231/231|[from] item: Leftovers\n|upkeep\n|\n|t:|1781429567\n|switch|p2a: Raichu|Raichu-Alola, L87, F|246/246\n|turn|14\n|inactive|scampy789 has 120 seconds left.\n|inactive|AlakazamHer has 120 seconds left.\n|inactive|AlakazamHer has 90 seconds left.\n|inactive|AlakazamHer has 60 seconds left.\n|inactive|AlakazamHer has 30 seconds left.\n|inactive|AlakazamHer has 20 seconds left.\n|\n|t:|1781429678\n|move|p2a: Raichu|Psyshock|p1a: Hitmontop\n|-supereffective|p1a: Hitmontop\n|-damage|p1a: Hitmontop|26/231\n|-damage|p2a: Raichu|222/246|[from] item: Life Orb\n|move|p1a: Hitmontop|Triple Axel|p2a: Raichu\n|-damage|p2a: Raichu|188/246\n|-damage|p2a: Raichu|119/246\n|-damage|p2a: Raichu|17/246\n|-hitcount|p2a: Raichu|3\n|\n|-weather|SunnyDay|[upkeep]\n|-heal|p1a: Hitmontop|40/231|[from] item: Leftovers\n|upkeep\n|turn|15\n|inactive|AlakazamHer has 30 seconds left this turn.\n|inactive|scampy789 has 120 seconds left.\n|\n|t:|1781429695\n|move|p2a: Raichu|Thunderbolt|p1a: Hitmontop\n|-damage|p1a: Hitmontop|0 fnt\n|faint|p1a: Hitmontop\n|-damage|p2a: Raichu|0 fnt|[from] item: Life Orb\n|faint|p2a: Raichu\n|\n|-weather|SunnyDay|[upkeep]\n|upkeep\n|inactive|AlakazamHer has 30 seconds left this turn.\n|inactive|AlakazamHer has 20 seconds left.\n|inactive|AlakazamHer has 15 seconds left.\n|inactive|AlakazamHer has 10 seconds left.\n|inactive|AlakazamHer has 5 seconds left.\n|\n|t:|1781429723\n|switch|p2a: Koraidon|Koraidon, L64|235/235\n|switch|p1a: Bellossom|Bellossom, L84, M|263/263\n|-damage|p1a: Bellossom|231/263|[from] Stealth Rock\n|-activate|p2a: Koraidon|ability: Orichalcum Pulse\n|turn|16\n|inactive|AlakazamHer has 15 seconds left this turn.\n|inactive|AlakazamHer has 10 seconds left.\n|inactive|scampy789 has 120 seconds left.\n|\n|t:|1781429735\n|-terastallize|p1a: Bellossom|Poison\n|move|p1a: Bellossom|Strength Sap|p2a: Koraidon\n|-unboost|p2a: Koraidon|atk|1\n|-heal|p1a: Bellossom|263/263\n|move|p2a: Koraidon|Scale Shot|p1a: Bellossom\n|-damage|p1a: Bellossom|244/263\n|-damage|p1a: Bellossom|225/263\n|-damage|p1a: Bellossom|206/263\n|-damage|p1a: Bellossom|185/263\n|-hitcount|p1a: Bellossom|4\n|-unboost|p2a: Koraidon|def|1\n|-boost|p2a: Koraidon|spe|1\n|\n|-weather|none\n|-heal|p1a: Bellossom|201/263|[from] item: Leftovers\n|upkeep\n|turn|17\n|inactive|AlakazamHer has 20 seconds left this turn.\n|inactive|AlakazamHer has 15 seconds left.\n|\n|t:|1781429742\n|move|p2a: Koraidon|Swords Dance|p2a: Koraidon\n|-boost|p2a: Koraidon|atk|2\n|move|p1a: Bellossom|Strength Sap|p2a: Koraidon\n|-unboost|p2a: Koraidon|atk|1\n|-heal|p1a: Bellossom|263/263\n|\n|upkeep\n|turn|18\n|inactive|AlakazamHer has 25 seconds left this turn.\n|inactive|AlakazamHer has 20 seconds left.\n|\n|t:|1781429750\n|move|p2a: Koraidon|Swords Dance|p2a: Koraidon\n|-boost|p2a: Koraidon|atk|2\n|move|p1a: Bellossom|Sludge Bomb|p2a: Koraidon\n|-damage|p2a: Koraidon|136/235\n|\n|upkeep\n|turn|19\n|inactive|AlakazamHer has 30 seconds left this turn.\n|\n|t:|1781429765\n|move|p2a: Koraidon|Scale Shot|p1a: Bellossom\n|-damage|p1a: Bellossom|221/263\n|-damage|p1a: Bellossom|184/263\n|-damage|p1a: Bellossom|142/263\n|-damage|p1a: Bellossom|106/263\n|-hitcount|p1a: Bellossom|4\n|-unboost|p2a: Koraidon|def|1\n|-boost|p2a: Koraidon|spe|1\n|move|p1a: Bellossom|Strength Sap|p2a: Koraidon\n|-unboost|p2a: Koraidon|atk|1\n|-heal|p1a: Bellossom|263/263\n|\n|upkeep\n|turn|20\n|\n|t:|1781429783\n|move|p2a: Koraidon|Scale Shot|p1a: Bellossom\n|-damage|p1a: Bellossom|235/263\n|-damage|p1a: Bellossom|205/263\n|-crit|p1a: Bellossom\n|-damage|p1a: Bellossom|157/263\n|-crit|p1a: Bellossom\n|-damage|p1a: Bellossom|115/263\n|-damage|p1a: Bellossom|84/263\n|-hitcount|p1a: Bellossom|5\n|-unboost|p2a: Koraidon|def|1\n|-boost|p2a: Koraidon|spe|1\n|move|p1a: Bellossom|Sludge Bomb|p2a: Koraidon\n|-damage|p2a: Koraidon|30/235\n|\n|-heal|p1a: Bellossom|100/263|[from] item: Leftovers\n|upkeep\n|turn|21\n|inactive|scampy789 has 120 seconds left.\n|\n|t:|1781429799\n|move|p2a: Koraidon|Scale Shot|p1a: Bellossom\n|-damage|p1a: Bellossom|70/263\n|-damage|p1a: Bellossom|39/263\n|-damage|p1a: Bellossom|11/263\n|-damage|p1a: Bellossom|0 fnt\n|faint|p1a: Bellossom\n|-hitcount|p1: Bellossom|4\n|-unboost|p2a: Koraidon|def|1\n|-boost|p2a: Koraidon|spe|1\n|\n|upkeep\n|-message|AlakazamHer forfeited.\n|\n|win|scampy789\n", "uploadtime": 1781429266, "views": 4, "formatid": "gen9randombattle", "rating": null, "private": 0, "password": null}