{"id": "gen9randombattle-2631494197", "format": "[Gen 9] Random Battle", "players": ["PokeBooBowl", "Cruxiated"], "log": "|j|\u2606PokeBooBowl\n|j|\u2606Cruxiated\n|t:|1781392134\n|gametype|singles\n|player|p1|PokeBooBowl|idol|1303\n|player|p2|Cruxiated|101|1259\n|gen|9\n|tier|[Gen 9] Random Battle\n|rated|\n|rule|Species Clause: Limit one of each Pok\u00e9mon\n|rule|HP Percentage Mod: HP is shown in percentages\n|rule|Sleep Clause Mod: Limit one foe put to sleep\n|rule|Illusion Level Mod: Illusion disguises the Pok\u00e9mon's true level\n|\n|t:|1781392134\n|teamsize|p1|6\n|teamsize|p2|6\n|start\n|switch|p1a: Smeargle|Smeargle, L95, F|258/258\n|switch|p2a: Latias|Latias, L79, F|256/256\n|turn|1\n|inactive|Battle timer is ON: inactive players will automatically lose when time's up. (requested by PokeBooBowl)\n|\n|t:|1781392146\n|move|p2a: Latias|Draco Meteor|p1a: Smeargle\n|-damage|p1a: Smeargle|18/258\n|-unboost|p2a: Latias|spa|2\n|move|p1a: Smeargle|Shell Smash|p1a: Smeargle\n|-unboost|p1a: Smeargle|def|1\n|-unboost|p1a: Smeargle|spd|1\n|-boost|p1a: Smeargle|atk|2\n|-boost|p1a: Smeargle|spa|2\n|-boost|p1a: Smeargle|spe|2\n|\n|upkeep\n|turn|2\n|\n|t:|1781392158\n|move|p1a: Smeargle|Spore|p2a: Latias\n|-status|p2a: Latias|slp|[from] move: Spore\n|cant|p2a: Latias|slp\n|\n|upkeep\n|turn|3\n|\n|t:|1781392163\n|-terastallize|p2a: Latias|Steel\n|move|p1a: Smeargle|Shell Smash|p1a: Smeargle\n|-unboost|p1a: Smeargle|def|1\n|-unboost|p1a: Smeargle|spd|1\n|-boost|p1a: Smeargle|atk|2\n|-boost|p1a: Smeargle|spa|2\n|-boost|p1a: Smeargle|spe|2\n|cant|p2a: Latias|slp\n|\n|upkeep\n|turn|4\n|\n|t:|1781392180\n|move|p1a: Smeargle|Power Trip|p2a: Latias\n|-damage|p2a: Latias|0 fnt\n|faint|p2a: Latias\n|\n|upkeep\n|\n|t:|1781392202\n|switch|p2a: Grimmsnarl|Grimmsnarl, L83, M|293/293\n|turn|5\n|\n|t:|1781392210\n|move|p2a: Grimmsnarl|Reflect|p2a: Grimmsnarl\n|-sidestart|p2: Cruxiated|Reflect\n|move|p1a: Smeargle|Spore|p2a: Grimmsnarl\n|-status|p2a: Grimmsnarl|slp|[from] move: Spore\n|\n|upkeep\n|turn|6\n|\n|t:|1781392220\n|cant|p2a: Grimmsnarl|slp\n|move|p1a: Smeargle|Shell Smash|p1a: Smeargle\n|-unboost|p1a: Smeargle|def|1\n|-unboost|p1a: Smeargle|spd|1\n|-boost|p1a: Smeargle|atk|2\n|-boost|p1a: Smeargle|spa|2\n|-boost|p1a: Smeargle|spe|2\n|\n|upkeep\n|turn|7\n|\n|t:|1781392224\n|move|p1a: Smeargle|Population Bomb|p2a: Grimmsnarl\n|-damage|p2a: Grimmsnarl|254/293 slp\n|-damage|p2a: Grimmsnarl|215/293 slp\n|-damage|p2a: Grimmsnarl|176/293 slp\n|-damage|p2a: Grimmsnarl|136/293 slp\n|-damage|p2a: Grimmsnarl|94/293 slp\n|-hitcount|p2a: Grimmsnarl|5\n|-curestatus|p2a: Grimmsnarl|slp|[msg]\n|move|p2a: Grimmsnarl|Spirit Break|p1a: Smeargle\n|-damage|p1a: Smeargle|0 fnt\n|faint|p1a: Smeargle\n|\n|upkeep\n|\n|t:|1781392253\n|switch|p1a: Grimmsnarl|Grimmsnarl, L83, M|293/293\n|turn|8\n|\n|t:|1781392275\n|move|p1a: Grimmsnarl|Reflect|p1a: Grimmsnarl\n|-sidestart|p1: PokeBooBowl|Reflect\n|move|p2a: Grimmsnarl|Spirit Break|p1a: Grimmsnarl\n|-supereffective|p1a: Grimmsnarl\n|-damage|p1a: Grimmsnarl|172/293\n|-unboost|p1a: Grimmsnarl|spa|1\n|\n|upkeep\n|turn|9\n|\n|t:|1781392286\n|move|p2a: Grimmsnarl|Spirit Break|p1a: Grimmsnarl\n|-supereffective|p1a: Grimmsnarl\n|-damage|p1a: Grimmsnarl|55/293\n|-unboost|p1a: Grimmsnarl|spa|1\n|move|p1a: Grimmsnarl|Spirit Break|p2a: Grimmsnarl\n|-supereffective|p2a: Grimmsnarl\n|-damage|p2a: Grimmsnarl|0 fnt\n|faint|p2a: Grimmsnarl\n|\n|upkeep\n|\n|t:|1781392292\n|switch|p2a: Porygon2|Porygon2, L81|270/270\n|-ability|p2a: Porygon2|Download|boost\n|-boost|p2a: Porygon2|atk|1\n|turn|10\n|\n|t:|1781392301\n|move|p1a: Grimmsnarl|Light Screen|p1a: Grimmsnarl\n|-sidestart|p1: PokeBooBowl|move: Light Screen\n|move|p2a: Porygon2|Tera Blast|p1a: Grimmsnarl\n|-damage|p1a: Grimmsnarl|4/293\n|\n|upkeep\n|turn|11\n|\n|t:|1781392309\n|move|p1a: Grimmsnarl|Spirit Break|p2a: Porygon2\n|-damage|p2a: Porygon2|236/270\n|-unboost|p2a: Porygon2|spa|1\n|move|p2a: Porygon2|Tera Blast|p1a: Grimmsnarl\n|-damage|p1a: Grimmsnarl|0 fnt\n|faint|p1a: Grimmsnarl\n|\n|upkeep\n|\n|t:|1781392324\n|switch|p1a: Girafarig|Girafarig, L89, F|269/269\n|turn|12\n|\n|t:|1781392336\n|move|p1a: Girafarig|Nasty Plot|p1a: Girafarig\n|-boost|p1a: Girafarig|spa|2\n|move|p2a: Porygon2|Thunder Wave|p1a: Girafarig\n|-status|p1a: Girafarig|par\n|\n|-sideend|p2: Cruxiated|Reflect\n|upkeep\n|turn|13\n|\n|t:|1781392350\n|move|p2a: Porygon2|Tera Blast|p1a: Girafarig\n|-crit|p1a: Girafarig\n|-damage|p1a: Girafarig|176/269 par\n|cant|p1a: Girafarig|par\n|\n|upkeep\n|turn|14\n|\n|t:|1781392357\n|move|p2a: Porygon2|Tera Blast|p1a: Girafarig\n|-damage|p1a: Girafarig|154/269 par\n|cant|p1a: Girafarig|par\n|\n|upkeep\n|turn|15\n|\n|t:|1781392365\n|move|p2a: Porygon2|Tera Blast|p1a: Girafarig\n|-damage|p1a: Girafarig|130/269 par\n|move|p1a: Girafarig|Psychic|p2a: Porygon2\n|-damage|p2a: Porygon2|98/270\n|\n|-sideend|p1: PokeBooBowl|Reflect\n|upkeep\n|turn|16\n|\n|t:|1781392374\n|move|p2a: Porygon2|Tera Blast|p1a: Girafarig\n|-damage|p1a: Girafarig|108/269 par\n|move|p1a: Girafarig|Psychic|p2a: Porygon2\n|-damage|p2a: Porygon2|0 fnt\n|faint|p2a: Porygon2\n|\n|upkeep\n|\n|t:|1781392387\n|switch|p2a: Swampert|Swampert, L83, M|302/302\n|turn|17\n|\n|t:|1781392393\n|move|p2a: Swampert|Flip Turn|p1a: Girafarig\n|-damage|p1a: Girafarig|56/269 par\n|\n|t:|1781392396\n|switch|p2a: Tauros|Tauros, L82, M|257/257|[from] Flip Turn\n|move|p1a: Girafarig|Psychic|p2a: Tauros\n|-damage|p2a: Tauros|35/257\n|\n|-sideend|p1: PokeBooBowl|move: Light Screen\n|upkeep\n|turn|18\n|\n|t:|1781392402\n|move|p2a: Tauros|Close Combat|p1a: Girafarig\n|-damage|p1a: Girafarig|0 fnt\n|-unboost|p2a: Tauros|def|1\n|-unboost|p2a: Tauros|spd|1\n|faint|p1a: Girafarig\n|-damage|p2a: Tauros|10/257|[from] item: Life Orb\n|\n|upkeep\n|\n|t:|1781392405\n|switch|p1a: Arbok|Arbok, L87, M|246/246\n|-ability|p1a: Arbok|Intimidate|boost\n|-unboost|p2a: Tauros|atk|1\n|turn|19\n|\n|t:|1781392415\n|move|p1a: Arbok|Sucker Punch|p2a: Tauros\n|-damage|p2a: Tauros|0 fnt\n|faint|p2a: Tauros\n|-damage|p1a: Arbok|222/246|[from] item: Life Orb\n|\n|upkeep\n|\n|t:|1781392421\n|switch|p2a: Swampert|Swampert, L83, M|302/302\n|turn|20\n|\n|t:|1781392426\n|switch|p1a: Chimecho|Chimecho, L93, M|290/290\n|move|p2a: Swampert|Earthquake|p1a: Chimecho\n|-immune|p1a: Chimecho|[from] ability: Levitate\n|\n|upkeep\n|turn|21\n|\n|t:|1781392432\n|move|p1a: Chimecho|Psychic Noise|p2a: Swampert\n|-crit|p2a: Swampert\n|-damage|p2a: Swampert|160/302\n|-start|p2a: Swampert|move: Heal Block\n|move|p2a: Swampert|Knock Off|p1a: Chimecho\n|-supereffective|p1a: Chimecho\n|-damage|p1a: Chimecho|152/290\n|-enditem|p1a: Chimecho|Leftovers|[from] move: Knock Off|[of] p2a: Swampert\n|\n|upkeep\n|turn|22\n|\n|t:|1781392441\n|move|p1a: Chimecho|Recover|p1a: Chimecho\n|-heal|p1a: Chimecho|290/290\n|move|p2a: Swampert|Knock Off|p1a: Chimecho\n|-supereffective|p1a: Chimecho\n|-damage|p1a: Chimecho|200/290\n|\n|-end|p2a: Swampert|move: Heal Block\n|upkeep\n|turn|23\n|\n|t:|1781392447\n|move|p1a: Chimecho|Psychic Noise|p2a: Swampert\n|-damage|p2a: Swampert|55/302\n|-start|p2a: Swampert|move: Heal Block\n|move|p2a: Swampert|Roar|p1a: Chimecho\n|drag|p1a: Arbok|Arbok, L87, M|222/246\n|-ability|p1a: Arbok|Intimidate|boost\n|-unboost|p2a: Swampert|atk|1\n|\n|upkeep\n|turn|24\n|\n|t:|1781392458\n|move|p1a: Arbok|Knock Off|p2a: Swampert\n|-damage|p2a: Swampert|0 fnt\n|-enditem|p2a: Swampert|Leftovers|[from] move: Knock Off|[of] p1a: Arbok\n|faint|p2a: Swampert\n|-damage|p1a: Arbok|198/246|[from] item: Life Orb\n|\n|upkeep\n|\n|t:|1781392463\n|switch|p2a: Golduck|Golduck, L90, M|290/290\n|-ability|p2a: Golduck|Cloud Nine\n|turn|25\n|\n|t:|1781392470\n|move|p2a: Golduck|Hydro Pump|p1a: Arbok\n|-damage|p1a: Arbok|50/246\n|move|p1a: Arbok|Glare|p2a: Golduck\n|-status|p2a: Golduck|par\n|\n|upkeep\n|turn|26\n|\n|t:|1781392495\n|move|p1a: Arbok|Gunk Shot|p2a: Golduck\n|-damage|p2a: Golduck|122/290 par\n|-damage|p1a: Arbok|26/246|[from] item: Life Orb\n|move|p2a: Golduck|Hydro Pump|p1a: Arbok\n|-damage|p1a: Arbok|0 fnt\n|faint|p1a: Arbok\n|\n|-heal|p2a: Golduck|140/290 par|[from] item: Leftovers\n|upkeep\n|\n|t:|1781392506\n|switch|p1a: Garchomp|Garchomp, L74, M|282/282\n|turn|27\n|\n|t:|1781392514\n|move|p1a: Garchomp|Outrage|p2a: Golduck\n|-damage|p2a: Golduck|10/290 par\n|move|p2a: Golduck|Hydro Pump|p1a: Garchomp\n|-damage|p1a: Garchomp|134/282\n|\n|-heal|p2a: Golduck|28/290 par|[from] item: Leftovers\n|upkeep\n|turn|28\n|\n|t:|1781392523\n|move|p1a: Garchomp|Outrage|p2a: Golduck|[from] lockedmove\n|-damage|p2a: Golduck|0 fnt\n|faint|p2a: Golduck\n|-start|p1a: Garchomp|confusion|[fatigue]\n|\n|win|PokeBooBowl\n|raw|PokeBooBowl's rating: 1303 &rarr; <strong>1320</strong><br />(+17 for winning)\n|raw|Cruxiated's rating: 1259 &rarr; <strong>1237</strong><br />(-22 for losing)\n", "uploadtime": 1781392526, "views": 3, "formatid": "gen9randombattle", "rating": 1237, "private": 0, "password": null}