{"id": "gen9randombattle-2631575859", "format": "[Gen 9] Random Battle", "players": ["jaykingrising", "solodude21"], "log": "|j|\u2606jaykingrising\n|j|\u2606solodude21\n|t:|1781403503\n|gametype|singles\n|player|p1|jaykingrising|marlon|1586\n|player|p2|solodude21|proton|1597\n|gen|9\n|tier|[Gen 9] Random Battle\n|rated|\n|rule|Species Clause: Limit one of each Pok\u00e9mon\n|rule|HP Percentage Mod: HP is shown in percentages\n|rule|Sleep Clause Mod: Limit one foe put to sleep\n|rule|Illusion Level Mod: Illusion disguises the Pok\u00e9mon's true level\n|\n|t:|1781403503\n|teamsize|p1|6\n|teamsize|p2|6\n|start\n|switch|p1a: Serperior|Serperior, L79, M|248/248\n|switch|p2a: Meloetta|Meloetta, L82|298/298\n|turn|1\n|inactive|Battle timer is ON: inactive players will automatically lose when time's up. (requested by solodude21)\n|\n|t:|1781403533\n|switch|p2a: Infernape|Infernape, L82, M|259/259\n|move|p1a: Serperior|Leaf Storm|p2a: Infernape\n|-resisted|p2a: Infernape\n|-damage|p2a: Infernape|198/259\n|-boost|p1a: Serperior|spa|2\n|\n|upkeep\n|turn|2\n|\n|t:|1781403550\n|switch|p1a: Skeledirge|Skeledirge, L79, F|294/294\n|move|p2a: Infernape|Knock Off|p1a: Skeledirge\n|-supereffective|p1a: Skeledirge\n|-damage|p1a: Skeledirge|135/294\n|-enditem|p1a: Skeledirge|Heavy-Duty Boots|[from] move: Knock Off|[of] p2a: Infernape\n|-damage|p2a: Infernape|173/259|[from] item: Life Orb\n|\n|upkeep\n|turn|3\n|inactive|solodude21 has 120 seconds left.\n|\n|t:|1781403603\n|switch|p2a: Flapple|Flapple, L88, M|266/266\n|move|p1a: Skeledirge|Hex|p2a: Flapple\n|-damage|p2a: Flapple|185/266\n|\n|upkeep\n|turn|4\n|\n|t:|1781403615\n|move|p2a: Flapple|Grav Apple|p1a: Skeledirge\n|-resisted|p1a: Skeledirge\n|-damage|p1a: Skeledirge|57/294\n|-unboost|p1a: Skeledirge|def|1\n|move|p1a: Skeledirge|Slack Off|p1a: Skeledirge\n|-heal|p1a: Skeledirge|204/294\n|\n|upkeep\n|turn|5\n|\n|t:|1781403622\n|move|p2a: Flapple|Outrage|p1a: Skeledirge\n|-damage|p1a: Skeledirge|0 fnt\n|faint|p1a: Skeledirge\n|\n|upkeep\n|\n|t:|1781403632\n|switch|p1a: Sandslash|Sandslash-Alola, L88, M|275/275\n|turn|6\n|\n|t:|1781403636\n|move|p2a: Flapple|Outrage|p1a: Sandslash|[from] lockedmove\n|-resisted|p1a: Sandslash\n|-damage|p1a: Sandslash|191/275\n|move|p1a: Sandslash|Triple Axel|p2a: Flapple\n|-supereffective|p2a: Flapple\n|-damage|p2a: Flapple|45/266\n|-supereffective|p2a: Flapple\n|-damage|p2a: Flapple|0 fnt\n|faint|p2a: Flapple\n|-hitcount|p2: Flapple|2\n|-damage|p1a: Sandslash|164/275|[from] item: Life Orb\n|\n|upkeep\n|inactive|solodude21 has 120 seconds left.\n|\n|t:|1781403654\n|switch|p2a: Infernape|Infernape, L82, M|173/259\n|turn|7\n|\n|t:|1781403660\n|-terastallize|p1a: Sandslash|Ground\n|move|p2a: Infernape|Close Combat|p1a: Sandslash\n|-damage|p1a: Sandslash|46/275\n|-unboost|p2a: Infernape|def|1\n|-unboost|p2a: Infernape|spd|1\n|-damage|p2a: Infernape|148/259|[from] item: Life Orb\n|move|p1a: Sandslash|Earthquake|p2a: Infernape\n|-supereffective|p2a: Infernape\n|-damage|p2a: Infernape|0 fnt\n|faint|p2a: Infernape\n|-damage|p1a: Sandslash|19/275|[from] item: Life Orb\n|\n|upkeep\n|inactive|solodude21 has 120 seconds left.\n|\n|t:|1781403691\n|switch|p2a: Gurdurr|Gurdurr, L85, M|283/283\n|turn|8\n|\n|t:|1781403696\n|move|p1a: Sandslash|Ice Shard|p2a: Gurdurr\n|-damage|p2a: Gurdurr|240/283\n|-damage|p1a: Sandslash|0 fnt|[from] item: Life Orb\n|faint|p1a: Sandslash\n|move|p2a: Gurdurr|Mach Punch|p1: Sandslash|[notarget]\n|-fail|p2a: Gurdurr\n|\n|upkeep\n|\n|t:|1781403705\n|switch|p1a: Hydrapple|Hydrapple, L83, M|312/312\n|turn|9\n|\n|t:|1781403713\n|move|p1a: Hydrapple|Nasty Plot|p1a: Hydrapple\n|-boost|p1a: Hydrapple|spa|2\n|move|p2a: Gurdurr|Knock Off|p1a: Hydrapple\n|-crit|p1a: Hydrapple\n|-damage|p1a: Hydrapple|212/312\n|-enditem|p1a: Hydrapple|Leftovers|[from] move: Knock Off|[of] p2a: Gurdurr\n|\n|upkeep\n|turn|10\n|\n|t:|1781403721\n|move|p1a: Hydrapple|Fickle Beam|p2a: Gurdurr|[anim] Fickle Beam All Out\n|-activate|p1a: Hydrapple|move: Fickle Beam\n|-damage|p2a: Gurdurr|0 fnt\n|faint|p2a: Gurdurr\n|\n|upkeep\n|inactive|solodude21 has 120 seconds left.\n|\n|t:|1781403732\n|switch|p2a: Meloetta|Meloetta, L82|298/298\n|turn|11\n|\n|t:|1781403738\n|move|p2a: Meloetta|Calm Mind|p2a: Meloetta\n|-boost|p2a: Meloetta|spa|1\n|-boost|p2a: Meloetta|spd|1\n|move|p1a: Hydrapple|Fickle Beam|p2a: Meloetta|[anim] Fickle Beam All Out\n|-activate|p1a: Hydrapple|move: Fickle Beam\n|-damage|p2a: Meloetta|81/298\n|\n|-heal|p2a: Meloetta|99/298|[from] item: Leftovers\n|upkeep\n|turn|12\n|\n|t:|1781403748\n|-terastallize|p2a: Meloetta|Psychic\n|move|p2a: Meloetta|Psyshock|p1a: Hydrapple\n|-damage|p1a: Hydrapple|46/312\n|move|p1a: Hydrapple|Fickle Beam|p2a: Meloetta\n|-damage|p2a: Meloetta|0 fnt\n|faint|p2a: Meloetta\n|\n|upkeep\n|-message|solodude21 forfeited.\n|\n|win|jaykingrising\n|raw|jaykingrising's rating: 1586 &rarr; <strong>1607</strong><br />(+21 for winning)\n|raw|solodude21's rating: 1597 &rarr; <strong>1576</strong><br />(-21 for losing)\n|l|\u2606solodude21\n|player|p2|\n", "uploadtime": 1781403758, "views": 2, "formatid": "gen9randombattle", "rating": 1576, "private": 0, "password": null}