{"id": "gen9randombattle-2631407237", "format": "[Gen 9] Random Battle", "players": ["Harper69", "Boutiqswitch"], "log": "|j|\u2606Harper69\n|j|\u2606Boutiqswitch\n|t:|1781380929\n|gametype|singles\n|player|p1|Harper69|266|1288\n|player|p2|Boutiqswitch|roxie|1247\n|gen|9\n|tier|[Gen 9] Random Battle\n|rated|\n|rule|Species Clause: Limit one of each Pok\u00e9mon\n|rule|HP Percentage Mod: HP is shown in percentages\n|rule|Sleep Clause Mod: Limit one foe put to sleep\n|rule|Illusion Level Mod: Illusion disguises the Pok\u00e9mon's true level\n|\n|t:|1781380929\n|teamsize|p1|6\n|teamsize|p2|6\n|start\n|switch|p1a: Lucario|Lucario, L84, M|255/255\n|switch|p2a: Zangoose|Zangoose, L85, M|263/263\n|turn|1\n|\n|t:|1781380964\n|move|p2a: Zangoose|Close Combat|p1a: Lucario\n|-supereffective|p1a: Lucario\n|-damage|p1a: Lucario|3/255\n|-unboost|p2a: Zangoose|def|1\n|-unboost|p2a: Zangoose|spd|1\n|move|p1a: Lucario|Nasty Plot|p1a: Lucario\n|-boost|p1a: Lucario|spa|2\n|\n|-status|p2a: Zangoose|tox|[from] item: Toxic Orb\n|upkeep\n|turn|2\n|\n|t:|1781380979\n|move|p2a: Zangoose|Quick Attack|p1a: Lucario\n|-resisted|p1a: Lucario\n|-damage|p1a: Lucario|0 fnt\n|faint|p1a: Lucario\n|\n|-damage|p2a: Zangoose|247/263 tox|[from] psn\n|upkeep\n|inactive|Battle timer is ON: inactive players will automatically lose when time's up. (requested by Boutiqswitch)\n|\n|t:|1781380993\n|switch|p1a: Blissey|Blissey, L85, F|572/572\n|turn|3\n|\n|t:|1781381007\n|move|p2a: Zangoose|Facade|p1a: Blissey\n|-damage|p1a: Blissey|0 fnt\n|faint|p1a: Blissey\n|\n|-damage|p2a: Zangoose|215/263 tox|[from] psn\n|upkeep\n|\n|t:|1781381024\n|switch|p1a: Darkrai|Darkrai, L77|234/234\n|turn|4\n|\n|t:|1781381042\n|-terastallize|p1a: Darkrai|Poison\n|move|p1a: Darkrai|Nasty Plot|p1a: Darkrai\n|-boost|p1a: Darkrai|spa|2\n|move|p2a: Zangoose|Facade|p1a: Darkrai\n|-damage|p1a: Darkrai|0 fnt\n|faint|p1a: Darkrai\n|\n|-damage|p2a: Zangoose|167/263 tox|[from] psn\n|upkeep\n|inactive|Harper69 has 120 seconds left.\n|\n|t:|1781381056\n|switch|p1a: Articuno|Articuno, L86|295/295\n|-ability|p1a: Articuno|Pressure\n|turn|5\n|inactive|Harper69 has 120 seconds left.\n|\n|t:|1781381077\n|move|p2a: Zangoose|Facade|p1a: Articuno\n|-damage|p1a: Articuno|60/295\n|move|p1a: Articuno|Brave Bird|p2a: Zangoose\n|-damage|p2a: Zangoose|0 fnt\n|faint|p2a: Zangoose\n|-damage|p1a: Articuno|5/295|[from] Recoil\n|\n|upkeep\n|\n|t:|1781381086\n|switch|p2a: Magcargo|Magcargo, L95, F|268/268\n|turn|6\n|\n|t:|1781381095\n|move|p1a: Articuno|U-turn|p2a: Magcargo\n|-resisted|p2a: Magcargo\n|-damage|p2a: Magcargo|253/268\n|\n|t:|1781381100\n|switch|p1a: Torkoal|Torkoal, L88, M|266/266|[from] U-turn\n|-weather|SunnyDay|[from] ability: Drought|[of] p1a: Torkoal\n|move|p2a: Magcargo|Power Gem|p1a: Torkoal\n|-supereffective|p1a: Torkoal\n|-damage|p1a: Torkoal|50/266\n|\n|-weather|SunnyDay|[upkeep]\n|upkeep\n|turn|7\n|\n|t:|1781381112\n|move|p2a: Magcargo|Power Gem|p1a: Torkoal\n|-supereffective|p1a: Torkoal\n|-damage|p1a: Torkoal|0 fnt\n|faint|p1a: Torkoal\n|\n|-weather|SunnyDay|[upkeep]\n|upkeep\n|\n|t:|1781381119\n|switch|p1a: Victreebel|Victreebel, L90, M|290/290\n|turn|8\n|\n|t:|1781381128\n|move|p1a: Victreebel|Power Whip|p2a: Magcargo\n|-damage|p2a: Magcargo|117/268\n|-status|p1a: Victreebel|brn|[from] ability: Flame Body|[of] p2a: Magcargo\n|-damage|p1a: Victreebel|261/290 brn|[from] item: Life Orb\n|move|p2a: Magcargo|Lava Plume|p1a: Victreebel\n|-supereffective|p1a: Victreebel\n|-damage|p1a: Victreebel|0 fnt\n|faint|p1a: Victreebel\n|\n|-weather|SunnyDay|[upkeep]\n|upkeep\n|\n|t:|1781381140\n|switch|p1a: Articuno|Articuno, L86|5/295\n|-ability|p1a: Articuno|Pressure\n|turn|9\n|c|\u2606Boutiqswitch|Wow\n|\n|t:|1781381152\n|move|p1a: Articuno|Roost|p1a: Articuno\n|-heal|p1a: Articuno|153/295\n|-singleturn|p1a: Articuno|move: Roost\n|move|p2a: Magcargo|Power Gem|p1a: Articuno\n|-supereffective|p1a: Articuno\n|-damage|p1a: Articuno|0 fnt\n|faint|p1a: Articuno\n|\n|win|Boutiqswitch\n|raw|Harper69's rating: 1288 &rarr; <strong>1260</strong><br />(-28 for losing)\n|raw|Boutiqswitch's rating: 1247 &rarr; <strong>1275</strong><br />(+28 for winning)\n|l|\u2606Harper69\n|player|p1|\n", "uploadtime": 1781381168, "views": 16, "formatid": "gen9randombattle", "rating": 1260, "private": 0, "password": null}