{"id": "gen9randombattle-2631400113", "format": "[Gen 9] Random Battle", "players": ["Insectjoy", "thesunishao"], "log": "|j|\u2606Insectjoy\n|j|\u2606thesunishao\n|t:|1781380103\n|gametype|singles\n|player|p1|Insectjoy|170|2066\n|player|p2|thesunishao|psychic-gen4|2093\n|gen|9\n|tier|[Gen 9] Random Battle\n|rated|\n|rule|Species Clause: Limit one of each Pok\u00e9mon\n|rule|HP Percentage Mod: HP is shown in percentages\n|rule|Sleep Clause Mod: Limit one foe put to sleep\n|rule|Illusion Level Mod: Illusion disguises the Pok\u00e9mon's true level\n|\n|t:|1781380103\n|teamsize|p1|6\n|teamsize|p2|6\n|start\n|switch|p1a: Rampardos|Rampardos, L90, M|321/321\n|switch|p2a: Spectrier|Spectrier, L75|274/274\n|turn|1\n|c|\u2606Insectjoy|Glhf\n|c|\u2606thesunishao|hf\n|inactive|Battle timer is ON: inactive players will automatically lose when time's up. (requested by thesunishao)\n|\n|t:|1781380151\n|move|p2a: Spectrier|Will-O-Wisp|p1a: Rampardos\n|-status|p1a: Rampardos|brn\n|move|p1a: Rampardos|Rock Slide|p2a: Spectrier\n|-damage|p2a: Spectrier|100/274\n|\n|-damage|p1a: Rampardos|301/321 brn|[from] brn\n|upkeep\n|turn|2\n|\n|t:|1781380171\n|switch|p2a: Greedent|Greedent, L86, M|347/347\n|move|p1a: Rampardos|Rock Slide|p2a: Greedent\n|-damage|p2a: Greedent|231/347\n|\n|-damage|p1a: Rampardos|281/321 brn|[from] brn\n|upkeep\n|turn|3\n|\n|t:|1781380186\n|switch|p1a: Tsareena|Tsareena, L87, F|267/267\n|move|p2a: Greedent|Knock Off|p1a: Tsareena\n|-damage|p1a: Tsareena|199/267\n|-enditem|p1a: Tsareena|Life Orb|[from] move: Knock Off|[of] p2a: Greedent\n|\n|upkeep\n|turn|4\n|\n|t:|1781380200\n|move|p1a: Tsareena|Knock Off|p2a: Greedent\n|-damage|p2a: Greedent|158/347\n|-enditem|p2a: Greedent|Sitrus Berry|[from] move: Knock Off|[of] p1a: Tsareena\n|move|p2a: Greedent|Double-Edge|p1a: Tsareena\n|-damage|p1a: Tsareena|91/267\n|-damage|p2a: Greedent|122/347|[from] Recoil\n|\n|upkeep\n|turn|5\n|\n|t:|1781380215\n|switch|p2a: Lilligant|Lilligant, L86, F|261/261\n|move|p1a: Tsareena|Synthesis|p1a: Tsareena\n|-heal|p1a: Tsareena|224/267\n|\n|upkeep\n|turn|6\n|\n|t:|1781380229\n|move|p2a: Lilligant|Quiver Dance|p2a: Lilligant\n|-boost|p2a: Lilligant|spa|1\n|-boost|p2a: Lilligant|spd|1\n|-boost|p2a: Lilligant|spe|1\n|move|p1a: Tsareena|Triple Axel|p2a: Lilligant\n|-supereffective|p2a: Lilligant\n|-damage|p2a: Lilligant|219/261\n|-supereffective|p2a: Lilligant\n|-damage|p2a: Lilligant|139/261\n|-supereffective|p2a: Lilligant\n|-damage|p2a: Lilligant|19/261\n|-hitcount|p2a: Lilligant|3\n|\n|upkeep\n|turn|7\n|\n|t:|1781380250\n|move|p2a: Lilligant|Petal Dance|p1a: Tsareena\n|-resisted|p1a: Tsareena\n|-damage|p1a: Tsareena|104/267\n|-damage|p2a: Lilligant|0 fnt|[from] item: Life Orb\n|faint|p2a: Lilligant\n|move|p1a: Tsareena|Knock Off|p2: Lilligant|[notarget]\n|-fail|p1a: Tsareena\n|\n|upkeep\n|\n|t:|1781380264\n|switch|p2a: Spectrier|Spectrier, L75|100/274\n|turn|8\n|inactive|Insectjoy has 120 seconds left.\n|\n|t:|1781380287\n|switch|p1a: Umbreon|Umbreon, L84, F|297/297\n|move|p2a: Spectrier|Shadow Ball|p1a: Umbreon\n|-resisted|p1a: Umbreon\n|-damage|p1a: Umbreon|253/297\n|-damage|p2a: Spectrier|73/274|[from] item: Life Orb\n|\n|-heal|p1a: Umbreon|271/297|[from] item: Leftovers\n|upkeep\n|turn|9\n|inactive|Insectjoy has 120 seconds left.\n|\n|t:|1781380307\n|switch|p2a: Clawitzer|Clawitzer, L87, F|265/265\n|move|p1a: Umbreon|Foul Play|p2a: Clawitzer\n|-damage|p2a: Clawitzer|187/265\n|\n|-heal|p1a: Umbreon|289/297|[from] item: Leftovers\n|upkeep\n|turn|10\n|inactive|Insectjoy has 120 seconds left.\n|\n|t:|1781380322\n|move|p1a: Umbreon|Wish|p1a: Umbreon\n|move|p2a: Clawitzer|Water Pulse|p1a: Umbreon\n|-damage|p1a: Umbreon|207/297\n|\n|-heal|p1a: Umbreon|225/297|[from] item: Leftovers\n|upkeep\n|turn|11\n|\n|t:|1781380334\n|switch|p1a: Phione|Phione, L91|293/293\n|move|p2a: Clawitzer|U-turn|p1a: Phione\n|-damage|p1a: Phione|251/293\n|\n|t:|1781380339\n|switch|p2a: Oranguru|Oranguru, L92, M|315/315|[from] U-turn\n|\n|-heal|p1a: Phione|293/293|[from] move: Wish|[wisher] Umbreon\n|upkeep\n|turn|12\n|\n|t:|1781380347\n|move|p1a: Phione|Take Heart|p1a: Phione\n|-boost|p1a: Phione|spa|1\n|-boost|p1a: Phione|spd|1\n|move|p2a: Oranguru|Nasty Plot|p2a: Oranguru\n|-boost|p2a: Oranguru|spa|2\n|\n|upkeep\n|turn|13\n|\n|t:|1781380357\n|move|p1a: Phione|Scald|p2a: Oranguru\n|-damage|p2a: Oranguru|216/315\n|move|p2a: Oranguru|Psyshock|p1a: Phione\n|-damage|p1a: Phione|121/293\n|\n|-heal|p1a: Phione|139/293|[from] item: Leftovers\n|-heal|p2a: Oranguru|235/315|[from] item: Leftovers\n|upkeep\n|turn|14\n|\n|t:|1781380382\n|switch|p1a: Gholdengo|Gholdengo, L77|261/261\n|move|p2a: Oranguru|Thunderbolt|p1a: Gholdengo\n|-damage|p1a: Gholdengo|121/261\n|\n|-heal|p1a: Gholdengo|137/261|[from] item: Leftovers\n|-heal|p2a: Oranguru|254/315|[from] item: Leftovers\n|upkeep\n|turn|15\n|\n|t:|1781380393\n|move|p1a: Gholdengo|Thunder Wave|p2a: Oranguru\n|-status|p2a: Oranguru|par\n|cant|p2a: Oranguru|par\n|\n|-heal|p1a: Gholdengo|153/261|[from] item: Leftovers\n|-heal|p2a: Oranguru|273/315 par|[from] item: Leftovers\n|upkeep\n|turn|16\n|inactive|Insectjoy has 120 seconds left.\n|\n|t:|1781380434\n|switch|p1a: Umbreon|Umbreon, L84, F|225/297\n|move|p2a: Oranguru|Psyshock|p1a: Umbreon\n|-immune|p1a: Umbreon\n|\n|-heal|p1a: Umbreon|243/297|[from] item: Leftovers\n|-heal|p2a: Oranguru|292/315 par|[from] item: Leftovers\n|upkeep\n|turn|17\n|\n|t:|1781380443\n|move|p1a: Umbreon|Foul Play|p2a: Oranguru\n|-supereffective|p2a: Oranguru\n|-damage|p2a: Oranguru|184/315 par\n|move|p2a: Oranguru|Focus Blast|p1a: Umbreon\n|-supereffective|p1a: Umbreon\n|-damage|p1a: Umbreon|0 fnt\n|faint|p1a: Umbreon\n|\n|-heal|p2a: Oranguru|203/315 par|[from] item: Leftovers\n|upkeep\n|\n|t:|1781380454\n|switch|p1a: Tsareena|Tsareena, L87, F|104/267\n|turn|18\n|\n|t:|1781380463\n|move|p1a: Tsareena|Knock Off|p2a: Oranguru\n|-supereffective|p2a: Oranguru\n|-damage|p2a: Oranguru|35/315 par\n|-enditem|p2a: Oranguru|Leftovers|[from] move: Knock Off|[of] p1a: Tsareena\n|move|p2a: Oranguru|Psyshock|p1a: Tsareena\n|-damage|p1a: Tsareena|0 fnt\n|faint|p1a: Tsareena\n|\n|upkeep\n|\n|t:|1781380472\n|switch|p1a: Phione|Phione, L91|139/293\n|turn|19\n|\n|t:|1781380479\n|move|p1a: Phione|Scald|p2a: Oranguru\n|-damage|p2a: Oranguru|0 fnt\n|faint|p2a: Oranguru\n|\n|-heal|p1a: Phione|157/293|[from] item: Leftovers\n|upkeep\n|\n|t:|1781380481\n|switch|p2a: Clawitzer|Clawitzer, L87, F|187/265\n|turn|20\n|inactive|Insectjoy has 120 seconds left.\n|\n|t:|1781380493\n|move|p1a: Phione|Rest|p1a: Phione\n|-status|p1a: Phione|slp|[from] move: Rest\n|-heal|p1a: Phione|293/293 slp|[silent]\n|move|p2a: Clawitzer|Dark Pulse|p1a: Phione\n|-damage|p1a: Phione|180/293 slp\n|\n|-heal|p1a: Phione|198/293 slp|[from] item: Leftovers\n|upkeep\n|turn|21\n|inactive|Insectjoy has 120 seconds left.\n|\n|t:|1781380504\n|cant|p1a: Phione|slp\n|move|p1a: Phione|Sleep Talk|p1a: Phione\n|move|p1a: Phione|Rest||[from] move: Sleep Talk|[still]\n|-fail|p1a: Phione\n|move|p2a: Clawitzer|Dragon Pulse|p1a: Phione\n|-damage|p1a: Phione|92/293 slp\n|\n|-heal|p1a: Phione|110/293 slp|[from] item: Leftovers\n|upkeep\n|turn|22\n|inactive|Insectjoy has 120 seconds left.\n|\n|t:|1781380521\n|cant|p1a: Phione|slp\n|move|p1a: Phione|Sleep Talk|p1a: Phione\n|move|p1a: Phione|Scald|p2a: Clawitzer|[from] move: Sleep Talk\n|-resisted|p2a: Clawitzer\n|-damage|p2a: Clawitzer|158/265\n|move|p2a: Clawitzer|Dragon Pulse|p1a: Phione\n|-damage|p1a: Phione|0 fnt\n|faint|p1a: Phione\n|\n|upkeep\n|\n|t:|1781380546\n|switch|p1a: Gholdengo|Gholdengo, L77|153/261\n|turn|23\n|\n|t:|1781380553\n|move|p1a: Gholdengo|Shadow Ball|p2a: Clawitzer\n|-damage|p2a: Clawitzer|104/265\n|move|p2a: Clawitzer|Dark Pulse|p1a: Gholdengo\n|-supereffective|p1a: Gholdengo\n|-damage|p1a: Gholdengo|0 fnt\n|faint|p1a: Gholdengo\n|\n|upkeep\n|\n|t:|1781380561\n|switch|p1a: Rampardos|Rampardos, L90, M|281/321 brn\n|turn|24\n|\n|t:|1781380569\n|switch|p2a: Greedent|Greedent, L86, M|122/347\n|move|p1a: Rampardos|Rock Slide|p2a: Greedent\n|-damage|p2a: Greedent|14/347\n|\n|-damage|p1a: Rampardos|261/321 brn|[from] brn\n|upkeep\n|turn|25\n|\n|t:|1781380588\n|move|p1a: Rampardos|Rock Slide|p2a: Greedent\n|-damage|p2a: Greedent|0 fnt\n|faint|p2a: Greedent\n|\n|-damage|p1a: Rampardos|241/321 brn|[from] brn\n|upkeep\n|\n|t:|1781380618\n|switch|p2a: Spectrier|Spectrier, L75|73/274\n|turn|26\n|\n|t:|1781380629\n|-terastallize|p2a: Spectrier|Fighting\n|move|p2a: Spectrier|Tera Blast|p1a: Rampardos|[anim] Tera Blast Fighting\n|-supereffective|p1a: Rampardos\n|-damage|p1a: Rampardos|0 fnt\n|faint|p1a: Rampardos\n|-ability|p2a: Spectrier|Grim Neigh|boost\n|-boost|p2a: Spectrier|spa|1\n|-damage|p2a: Spectrier|46/274|[from] item: Life Orb\n|\n|upkeep\n|\n|t:|1781380639\n|switch|p1a: Spectrier|Spectrier, L75|274/274\n|turn|27\n|\n|t:|1781380648\n|-terastallize|p1a: Spectrier|Fighting\n|move|p1a: Spectrier|Shadow Ball|p2a: Spectrier\n|-damage|p2a: Spectrier|0 fnt\n|faint|p2a: Spectrier\n|-ability|p1a: Spectrier|Grim Neigh|boost\n|-boost|p1a: Spectrier|spa|1\n|-damage|p1a: Spectrier|247/274|[from] item: Life Orb\n|\n|upkeep\n|\n|t:|1781380660\n|switch|p2a: Dragonite|Dragonite, L74, F|257/257\n|turn|28\n|\n|t:|1781380667\n|move|p1a: Spectrier|Will-O-Wisp|p2a: Dragonite\n|-status|p2a: Dragonite|brn\n|move|p2a: Dragonite|Dragon Dance|p2a: Dragonite\n|-boost|p2a: Dragonite|atk|1\n|-boost|p2a: Dragonite|spe|1\n|\n|-damage|p2a: Dragonite|241/257 brn|[from] brn\n|upkeep\n|turn|29\n|\n|t:|1781380680\n|move|p2a: Dragonite|Outrage|p1a: Spectrier\n|-damage|p1a: Spectrier|119/274\n|move|p1a: Spectrier|Shadow Ball|p2a: Dragonite\n|-damage|p2a: Dragonite|62/257 brn\n|-damage|p1a: Spectrier|92/274|[from] item: Life Orb\n|\n|-damage|p2a: Dragonite|46/257 brn|[from] brn\n|upkeep\n|turn|30\n|c|\u2606thesunishao|gg\n|\n|t:|1781380692\n|move|p2a: Dragonite|Outrage|p1a: Spectrier|[from] lockedmove\n|-damage|p1a: Spectrier|0 fnt\n|faint|p1a: Spectrier\n|-start|p2a: Dragonite|confusion|[fatigue]\n|\n|win|thesunishao\n|raw|Insectjoy's rating: 2066 &rarr; <strong>2048</strong><br />(-18 for losing)\n|raw|thesunishao's rating: 2093 &rarr; <strong>2111</strong><br />(+18 for winning)\n", "uploadtime": 1781380104, "views": 6, "formatid": "gen9randombattle", "rating": 2048, "private": 0, "password": null}