{"id": "gen9randombattle-2631885179", "format": "[Gen 9] Random Battle", "players": ["antibeato", "arrdamoin"], "log": "|j|\u2606antibeato\n|j|\u2606arrdamoin\n|t:|1781451945\n|gametype|singles\n|player|p1|antibeato|266|2020\n|player|p2|arrdamoin|flint|2134\n|gen|9\n|tier|[Gen 9] Random Battle\n|rated|\n|rule|Species Clause: Limit one of each Pok\u00e9mon\n|rule|HP Percentage Mod: HP is shown in percentages\n|rule|Sleep Clause Mod: Limit one foe put to sleep\n|rule|Illusion Level Mod: Illusion disguises the Pok\u00e9mon's true level\n|\n|t:|1781451945\n|teamsize|p1|6\n|teamsize|p2|6\n|start\n|switch|p1a: Furret|Furret, L94, F|312/312\n|switch|p2a: Azumarill|Azumarill, L82, M|298/298\n|-item|p2a: Azumarill|Choice Band|[from] ability: Frisk|[of] p1a: Furret\n|turn|1\n|inactive|Battle timer is ON: inactive players will automatically lose when time's up. (requested by antibeato)\n|\n|t:|1781451955\n|move|p1a: Furret|U-turn|p2a: Azumarill\n|-resisted|p2a: Azumarill\n|-damage|p2a: Azumarill|254/298\n|\n|t:|1781451958\n|switch|p1a: Azumarill|Azumarill, L82, M|298/298|[from] U-turn\n|move|p2a: Azumarill|Play Rough|p1a: Azumarill\n|-damage|p1a: Azumarill|105/298\n|-enditem|p1a: Azumarill|Sitrus Berry|[eat]\n|-heal|p1a: Azumarill|179/298|[from] item: Sitrus Berry\n|\n|upkeep\n|turn|2\n|\n|t:|1781451966\n|move|p2a: Azumarill|Play Rough|p1a: Azumarill\n|-damage|p1a: Azumarill|0 fnt\n|faint|p1a: Azumarill\n|\n|upkeep\n|\n|t:|1781451979\n|switch|p1a: Ceruledge|Ceruledge, L78, M|245/245\n|turn|3\n|\n|t:|1781451985\n|switch|p2a: Palafin|Palafin, L77, F|281/281\n|move|p1a: Ceruledge|Swords Dance|p1a: Ceruledge\n|-boost|p1a: Ceruledge|atk|2\n|\n|upkeep\n|turn|4\n|\n|t:|1781451992\n|move|p2a: Palafin|Flip Turn|p1a: Ceruledge\n|-supereffective|p1a: Ceruledge\n|-damage|p1a: Ceruledge|87/245\n|-ability|p1a: Ceruledge|Weak Armor|boost\n|-unboost|p1a: Ceruledge|def|1\n|-boost|p1a: Ceruledge|spe|2\n|\n|t:|1781451996\n|detailschange|p2a: Palafin|Palafin-Hero, L77, F\n|switch|p2a: Dunsparce|Dunsparce, L86, F|312/312|[from] Flip Turn\n|move|p1a: Ceruledge|Poltergeist|p2a: Dunsparce\n|-immune|p2a: Dunsparce\n|\n|upkeep\n|turn|5\n|\n|t:|1781451999\n|move|p1a: Ceruledge|Bitter Blade|p2a: Dunsparce\n|-damage|p2a: Dunsparce|143/312\n|-heal|p1a: Ceruledge|172/245|[from] drain|[of] p2a: Dunsparce\n|move|p2a: Dunsparce|Earthquake|p1a: Ceruledge\n|-supereffective|p1a: Ceruledge\n|-damage|p1a: Ceruledge|0 fnt\n|faint|p1a: Ceruledge\n|\n|upkeep\n|\n|t:|1781452007\n|switch|p1a: Lucario|Lucario, L84, F|255/255\n|turn|6\n|\n|t:|1781452011\n|move|p1a: Lucario|Aura Sphere|p2a: Dunsparce\n|-supereffective|p2a: Dunsparce\n|-damage|p2a: Dunsparce|0 fnt\n|faint|p2a: Dunsparce\n|-damage|p1a: Lucario|230/255|[from] item: Life Orb\n|\n|upkeep\n|\n|t:|1781452021\n|switch|p2a: Palafin|Palafin-Hero, L77, F|281/281\n|-activate|p2a: Palafin|ability: Zero to Hero\n|turn|7\n|\n|t:|1781452031\n|move|p2a: Palafin|Wave Crash|p1a: Lucario\n|-damage|p1a: Lucario|0 fnt\n|faint|p1a: Lucario\n|-damage|p2a: Palafin|205/281|[from] Recoil\n|\n|upkeep\n|\n|t:|1781452034\n|switch|p1a: Rayquaza|Rayquaza, L72|270/270\n|-ability|p1a: Rayquaza|Air Lock\n|turn|8\n|\n|t:|1781452039\n|switch|p2a: Porygon2|Porygon2, L81|270/270\n|-ability|p2a: Porygon2|Download|boost\n|-boost|p2a: Porygon2|spa|1\n|move|p1a: Rayquaza|Dragon Dance|p1a: Rayquaza\n|-boost|p1a: Rayquaza|atk|1\n|-boost|p1a: Rayquaza|spe|1\n|\n|upkeep\n|turn|9\n|\n|t:|1781452050\n|-terastallize|p1a: Rayquaza|Flying\n|move|p1a: Rayquaza|Dragon Ascent|p2a: Porygon2\n|-damage|p2a: Porygon2|80/270\n|-unboost|p1a: Rayquaza|def|1\n|-unboost|p1a: Rayquaza|spd|1\n|move|p2a: Porygon2|Ice Beam|p1a: Rayquaza\n|-supereffective|p1a: Rayquaza\n|-damage|p1a: Rayquaza|0 fnt\n|faint|p1a: Rayquaza\n|\n|upkeep\n|-message|antibeato forfeited.\n|\n|win|arrdamoin\n", "uploadtime": 1781451947, "views": 4, "formatid": "gen9randombattle", "rating": null, "private": 0, "password": null}