{"id": "gen9randombattle-2631908628", "format": "[Gen 9] Random Battle", "players": ["megamon20xx", "xau2020"], "log": "|j|\u2606megamon20xx\n|j|\u2606xau2020\n|t:|1781454479\n|gametype|singles\n|player|p1|megamon20xx|plasmagrunt-gen5bw|1513\n|player|p2|xau2020|rood|1467\n|gen|9\n|tier|[Gen 9] Random Battle\n|rated|\n|rule|Species Clause: Limit one of each Pok\u00e9mon\n|rule|HP Percentage Mod: HP is shown in percentages\n|rule|Sleep Clause Mod: Limit one foe put to sleep\n|rule|Illusion Level Mod: Illusion disguises the Pok\u00e9mon's true level\n|\n|t:|1781454479\n|teamsize|p1|6\n|teamsize|p2|6\n|start\n|switch|p1a: Crawdaunt|Crawdaunt, L84, M|243/243\n|switch|p2a: Empoleon|Empoleon, L84, F|278/278\n|turn|1\n|inactive|Battle timer is ON: inactive players will automatically lose when time's up. (requested by xau2020)\n|inactive|xau2020 has 120 seconds left.\n|\n|t:|1781454513\n|move|p2a: Empoleon|Stealth Rock|p1a: Crawdaunt\n|-sidestart|p1: megamon20xx|move: Stealth Rock\n|move|p1a: Crawdaunt|Dragon Dance|p1a: Crawdaunt\n|-boost|p1a: Crawdaunt|atk|1\n|-boost|p1a: Crawdaunt|spe|1\n|\n|upkeep\n|turn|2\n|\n|t:|1781454537\n|move|p1a: Crawdaunt|Dragon Dance|p1a: Crawdaunt\n|-boost|p1a: Crawdaunt|atk|1\n|-boost|p1a: Crawdaunt|spe|1\n|move|p2a: Empoleon|Roar|p1a: Crawdaunt\n|drag|p1a: Magmortar|Magmortar, L88, F|275/275\n|\n|upkeep\n|turn|3\n|\n|t:|1781454546\n|move|p1a: Magmortar|Focus Blast|p2a: Empoleon\n|-supereffective|p2a: Empoleon\n|-damage|p2a: Empoleon|90/278\n|move|p2a: Empoleon|Surf|p1a: Magmortar\n|-supereffective|p1a: Magmortar\n|-damage|p1a: Magmortar|83/275\n|\n|-heal|p2a: Empoleon|107/278|[from] item: Leftovers\n|upkeep\n|turn|4\n|\n|t:|1781454555\n|switch|p2a: Skeledirge|Skeledirge, L79, F|294/294\n|move|p1a: Magmortar|Taunt|p2a: Skeledirge\n|-start|p2a: Skeledirge|move: Taunt\n|\n|upkeep\n|turn|5\n|\n|t:|1781454567\n|switch|p1a: Rhydon|Rhydon, L85, M|317/317\n|-damage|p1a: Rhydon|298/317|[from] Stealth Rock\n|move|p2a: Skeledirge|Torch Song|p1a: Rhydon\n|-resisted|p1a: Rhydon\n|-damage|p1a: Rhydon|255/317\n|-boost|p2a: Skeledirge|spa|1\n|\n|upkeep\n|turn|6\n|\n|t:|1781454592\n|-terastallize|p2a: Skeledirge|Water\n|move|p2a: Skeledirge|Flame Charge|p1a: Rhydon\n|-resisted|p1a: Rhydon\n|-damage|p1a: Rhydon|246/317\n|-boost|p2a: Skeledirge|spe|1\n|move|p1a: Rhydon|Stealth Rock|p2a: Skeledirge\n|-sidestart|p2: xau2020|move: Stealth Rock\n|\n|-end|p2a: Skeledirge|move: Taunt\n|upkeep\n|turn|7\n|\n|t:|1781454600\n|move|p2a: Skeledirge|Shadow Ball|p1a: Rhydon\n|-damage|p1a: Rhydon|123/317\n|move|p1a: Rhydon|Stone Edge|p2a: Skeledirge\n|-damage|p2a: Skeledirge|155/294\n|\n|upkeep\n|turn|8\n|\n|t:|1781454606\n|move|p2a: Skeledirge|Shadow Ball|p1a: Rhydon\n|-damage|p1a: Rhydon|0 fnt\n|faint|p1a: Rhydon\n|\n|upkeep\n|\n|t:|1781454613\n|switch|p1a: Jumpluff|Jumpluff, L87, F|271/271\n|-damage|p1a: Jumpluff|204/271|[from] Stealth Rock\n|turn|9\n|\n|t:|1781454624\n|move|p1a: Jumpluff|Encore|p2a: Skeledirge\n|-start|p2a: Skeledirge|Encore\n|move|p2a: Skeledirge|Shadow Ball|p1a: Jumpluff\n|-damage|p1a: Jumpluff|83/271\n|\n|upkeep\n|turn|10\n|\n|t:|1781454630\n|move|p1a: Jumpluff|Acrobatics|p2a: Skeledirge\n|-damage|p2a: Skeledirge|71/294\n|move|p2a: Skeledirge|Shadow Ball|p1a: Jumpluff\n|-damage|p1a: Jumpluff|0 fnt\n|faint|p1a: Jumpluff\n|\n|upkeep\n|\n|t:|1781454636\n|switch|p1a: Crawdaunt|Crawdaunt, L84, M|243/243\n|-damage|p1a: Crawdaunt|213/243|[from] Stealth Rock\n|turn|11\n|\n|t:|1781454640\n|move|p2a: Skeledirge|Shadow Ball|p1a: Crawdaunt\n|-resisted|p1a: Crawdaunt\n|-damage|p1a: Crawdaunt|134/243\n|move|p1a: Crawdaunt|Dragon Dance|p1a: Crawdaunt\n|-boost|p1a: Crawdaunt|atk|1\n|-boost|p1a: Crawdaunt|spe|1\n|\n|-end|p2a: Skeledirge|Encore\n|upkeep\n|turn|12\n|\n|t:|1781454656\n|move|p2a: Skeledirge|Shadow Ball|p1a: Crawdaunt\n|-resisted|p1a: Crawdaunt\n|-damage|p1a: Crawdaunt|52/243\n|move|p1a: Crawdaunt|Dragon Dance|p1a: Crawdaunt\n|-boost|p1a: Crawdaunt|atk|1\n|-boost|p1a: Crawdaunt|spe|1\n|\n|upkeep\n|turn|13\n|\n|t:|1781454667\n|move|p1a: Crawdaunt|Knock Off|p2a: Skeledirge\n|-damage|p2a: Skeledirge|0 fnt\n|-enditem|p2a: Skeledirge|Heavy-Duty Boots|[from] move: Knock Off|[of] p1a: Crawdaunt\n|faint|p2a: Skeledirge\n|-damage|p1a: Crawdaunt|28/243|[from] item: Life Orb\n|\n|upkeep\n|\n|t:|1781454670\n|switch|p2a: Azumarill|Azumarill, L82, F|298/298\n|-damage|p2a: Azumarill|261/298|[from] Stealth Rock\n|turn|14\n|\n|t:|1781454678\n|-terastallize|p1a: Crawdaunt|Water\n|move|p2a: Azumarill|Aqua Jet|p1a: Crawdaunt\n|-resisted|p1a: Crawdaunt\n|-damage|p1a: Crawdaunt|0 fnt\n|faint|p1a: Crawdaunt\n|\n|upkeep\n|\n|t:|1781454683\n|switch|p1a: Magmortar|Magmortar, L88, F|83/275\n|turn|15\n|\n|t:|1781454686\n|move|p2a: Azumarill|Aqua Jet|p1a: Magmortar\n|-supereffective|p1a: Magmortar\n|-damage|p1a: Magmortar|0 fnt\n|faint|p1a: Magmortar\n|\n|upkeep\n|\n|t:|1781454691\n|switch|p1a: Moltres|Moltres, L81|278/278\n|turn|16\n|\n|t:|1781454694\n|move|p2a: Azumarill|Aqua Jet|p1a: Moltres\n|-supereffective|p1a: Moltres\n|-damage|p1a: Moltres|116/278\n|move|p1a: Moltres|Roost|p1a: Moltres\n|-heal|p1a: Moltres|255/278\n|-singleturn|p1a: Moltres|move: Roost\n|\n|upkeep\n|turn|17\n|\n|t:|1781454701\n|switch|p2a: Regirock|Regirock, L83|268/268\n|-damage|p2a: Regirock|235/268|[from] Stealth Rock\n|move|p1a: Moltres|Roost|p1a: Moltres\n|-heal|p1a: Moltres|278/278\n|-singleturn|p1a: Moltres|move: Roost\n|\n|-heal|p2a: Regirock|251/268|[from] item: Leftovers\n|upkeep\n|turn|18\n|\n|t:|1781454705\n|move|p1a: Moltres|Scorching Sands|p2a: Regirock\n|-supereffective|p2a: Regirock\n|-damage|p2a: Regirock|149/268\n|move|p2a: Regirock|Thunder Wave|p1a: Moltres\n|-status|p1a: Moltres|par\n|\n|-heal|p2a: Regirock|165/268|[from] item: Leftovers\n|upkeep\n|turn|19\n|\n|t:|1781454711\n|move|p2a: Regirock|Stone Edge|p1a: Moltres\n|-supereffective|p1a: Moltres\n|-damage|p1a: Moltres|0 fnt\n|faint|p1a: Moltres\n|\n|-heal|p2a: Regirock|181/268|[from] item: Leftovers\n|upkeep\n|\n|t:|1781454713\n|switch|p1a: Heracross|Heracross, L80, F|259/259\n|-damage|p1a: Heracross|227/259|[from] Stealth Rock\n|turn|20\n|\n|t:|1781454719\n|move|p1a: Heracross|Trailblaze|p2a: Regirock\n|-supereffective|p2a: Regirock\n|-damage|p2a: Regirock|133/268\n|-boost|p1a: Heracross|spe|1\n|move|p2a: Regirock|Thunder Wave|p1a: Heracross\n|-status|p1a: Heracross|par\n|\n|-heal|p2a: Regirock|149/268|[from] item: Leftovers\n|upkeep\n|turn|21\n|\n|t:|1781454726\n|move|p1a: Heracross|Trailblaze|p2a: Regirock\n|-supereffective|p2a: Regirock\n|-damage|p2a: Regirock|85/268\n|-boost|p1a: Heracross|spe|1\n|move|p2a: Regirock|Stone Edge|p1a: Heracross\n|-damage|p1a: Heracross|91/259 par\n|\n|-heal|p2a: Regirock|101/268|[from] item: Leftovers\n|upkeep\n|turn|22\n|\n|t:|1781454735\n|cant|p1a: Heracross|par\n|move|p2a: Regirock|Stone Edge|p1a: Heracross\n|-crit|p1a: Heracross\n|-damage|p1a: Heracross|0 fnt\n|faint|p1a: Heracross\n|\n|win|xau2020\n", "uploadtime": 1781454482, "views": 6, "formatid": "gen9randombattle", "rating": null, "private": 0, "password": null}