{"id": "gen9randombattle-2631718422", "format": "[Gen 9] Random Battle", "players": ["ksartsnco", "gjhfkn"], "log": "|j|\u2606ksartsnco\n|j|\u2606gjhfkn\n|t:|1781427871\n|gametype|singles\n|player|p1|ksartsnco|veteranf|1029\n|player|p2|gjhfkn|1|1040\n|gen|9\n|tier|[Gen 9] Random Battle\n|rated|\n|rule|Species Clause: Limit one of each Pok\u00e9mon\n|rule|HP Percentage Mod: HP is shown in percentages\n|rule|Sleep Clause Mod: Limit one foe put to sleep\n|rule|Illusion Level Mod: Illusion disguises the Pok\u00e9mon's true level\n|\n|t:|1781427871\n|teamsize|p1|6\n|teamsize|p2|6\n|start\n|switch|p1a: Masquerain|Masquerain, L87, M|264/264\n|switch|p2a: Overqwil|Overqwil, L82, M|274/274\n|-ability|p1a: Masquerain|Intimidate|boost\n|-unboost|p2a: Overqwil|atk|1\n|-ability|p2a: Overqwil|Intimidate|boost\n|-unboost|p1a: Masquerain|atk|1\n|turn|1\n|\n|t:|1781427887\n|switch|p2a: Toxtricity|Toxtricity, L82, F|257/257\n|move|p1a: Masquerain|Sticky Web|p2a: Toxtricity\n|-sidestart|p2: gjhfkn|move: Sticky Web\n|\n|upkeep\n|turn|2\n|\n|t:|1781427908\n|switch|p1a: Lucario|Lucario, L84, F|255/255\n|move|p2a: Toxtricity|Shift Gear|p2a: Toxtricity\n|-boost|p2a: Toxtricity|spe|2\n|-boost|p2a: Toxtricity|atk|1\n|\n|upkeep\n|turn|3\n|\n|t:|1781427921\n|move|p1a: Lucario|Extreme Speed|p2a: Toxtricity\n|-damage|p2a: Toxtricity|152/257\n|-damage|p1a: Lucario|230/255|[from] item: Life Orb\n|move|p2a: Toxtricity|Overdrive|p1a: Lucario\n|-damage|p1a: Lucario|101/255\n|-enditem|p2a: Toxtricity|Throat Spray\n|-boost|p2a: Toxtricity|spa|1|[from] item: Throat Spray\n|\n|upkeep\n|turn|4\n|\n|t:|1781427939\n|switch|p1a: Calyrex|Calyrex-Shadow, L64|235/235\n|-ability|p1a: Calyrex|As One\n|-ability|p1a: Calyrex|Unnerve\n|move|p2a: Toxtricity|Overdrive|p1a: Calyrex\n|-damage|p1a: Calyrex|15/235\n|\n|upkeep\n|turn|5\n|inactive|Battle timer is ON: inactive players will automatically lose when time's up. (requested by gjhfkn)\n|\n|t:|1781427959\n|-terastallize|p2a: Toxtricity|Normal\n|move|p2a: Toxtricity|Overdrive|p1a: Calyrex\n|-damage|p1a: Calyrex|0 fnt\n|faint|p1a: Calyrex\n|\n|upkeep\n|\n|t:|1781427970\n|switch|p1a: Jolteon|Jolteon, L84, F|246/246\n|turn|6\n|\n|t:|1781427979\n|move|p2a: Toxtricity|Boomburst|p1a: Jolteon\n|-damage|p1a: Jolteon|0 fnt\n|faint|p1a: Jolteon\n|\n|upkeep\n|\n|t:|1781427985\n|switch|p1a: Indeedee|Indeedee, L84, M|238/238\n|-fieldstart|move: Psychic Terrain|[from] ability: Psychic Surge|[of] p1a: Indeedee\n|turn|7\n|\n|t:|1781427998\n|move|p2a: Toxtricity|Boomburst|p1a: Indeedee\n|-damage|p1a: Indeedee|0 fnt\n|faint|p1a: Indeedee\n|\n|upkeep\n|\n|t:|1781428003\n|switch|p1a: Empoleon|Empoleon, L84, F|278/278\n|turn|8\n|\n|t:|1781428013\n|move|p2a: Toxtricity|Overdrive|p1a: Empoleon\n|-supereffective|p1a: Empoleon\n|-crit|p1a: Empoleon\n|-damage|p1a: Empoleon|0 fnt\n|faint|p1a: Empoleon\n|\n|upkeep\n|\n|t:|1781428020\n|switch|p1a: Masquerain|Masquerain, L87, M|264/264\n|-ability|p1a: Masquerain|Intimidate|boost\n|-unboost|p2a: Toxtricity|atk|1\n|turn|9\n|\n|t:|1781428028\n|move|p2a: Toxtricity|Boomburst|p1a: Masquerain\n|-damage|p1a: Masquerain|0 fnt\n|faint|p1a: Masquerain\n|\n|upkeep\n|\n|t:|1781428032\n|switch|p1a: Lucario|Lucario, L84, F|101/255\n|turn|10\n|\n|t:|1781428039\n|move|p2a: Toxtricity|Overdrive|p1a: Lucario\n|-damage|p1a: Lucario|0 fnt\n|faint|p1a: Lucario\n|\n|win|gjhfkn\n|raw|ksartsnco's rating: 1029 &rarr; <strong>1015</strong><br />(-14 for losing)\n|raw|gjhfkn's rating: 1040 &rarr; <strong>1073</strong><br />(+33 for winning)\n|l|\u2606ksartsnco\n|player|p1|\n", "uploadtime": 1781428048, "views": 14, "formatid": "gen9randombattle", "rating": 1015, "private": 0, "password": null}