{"id": "gen9randombattle-2631907394", "format": "[Gen 9] Random Battle", "players": ["actuary97", "bed burglar"], "log": "|j|\u2606actuary97\n|j|\u2606bed burglar\n|t:|1781454353\n|gametype|singles\n|player|p1|actuary97|sabrina-frlg|2003\n|player|p2|bed burglar|2|2018\n|gen|9\n|tier|[Gen 9] Random Battle\n|rated|\n|rule|Species Clause: Limit one of each Pok\u00e9mon\n|rule|HP Percentage Mod: HP is shown in percentages\n|rule|Sleep Clause Mod: Limit one foe put to sleep\n|rule|Illusion Level Mod: Illusion disguises the Pok\u00e9mon's true level\n|\n|t:|1781454353\n|teamsize|p1|6\n|teamsize|p2|6\n|start\n|switch|p1a: Tentacruel|Tentacruel, L84, M|272/272\n|switch|p2a: Trevenant|Trevenant, L89, F|296/296\n|turn|1\n|inactive|Battle timer is ON: inactive players will automatically lose when time's up. (requested by actuary97)\n|\n|t:|1781454362\n|move|p1a: Tentacruel|Toxic|p2a: Trevenant\n|-status|p2a: Trevenant|tox\n|move|p2a: Trevenant|Poltergeist|p1a: Tentacruel|[miss]\n|-miss|p2a: Trevenant|p1a: Tentacruel\n|\n|-damage|p2a: Trevenant|278/296 tox|[from] psn\n|upkeep\n|turn|2\n|\n|t:|1781454368\n|switch|p1a: Indeedee|Indeedee-F, L90, F|272/272\n|-fieldstart|move: Psychic Terrain|[from] ability: Psychic Surge|[of] p1a: Indeedee\n|move|p2a: Trevenant|Poltergeist|p1a: Indeedee\n|-immune|p1a: Indeedee\n|\n|-damage|p2a: Trevenant|242/296 tox|[from] psn\n|upkeep\n|turn|3\n|\n|t:|1781454376\n|switch|p1a: Tentacruel|Tentacruel, L84, M|272/272\n|switch|p2a: Greninja|Greninja, L80, M|246/246\n|\n|upkeep\n|turn|4\n|\n|t:|1781454384\n|switch|p2a: Trevenant|Trevenant, L89, F|242/296 tox\n|move|p1a: Tentacruel|Sludge Bomb|p2a: Trevenant\n|-damage|p2a: Trevenant|152/296 tox\n|\n|-damage|p2a: Trevenant|134/296 tox|[from] psn\n|upkeep\n|-enditem|p2a: Trevenant|Sitrus Berry|[eat]\n|-heal|p2a: Trevenant|208/296 tox|[from] item: Sitrus Berry\n|turn|5\n|\n|t:|1781454401\n|move|p1a: Tentacruel|Sludge Bomb|p2a: Trevenant\n|-damage|p2a: Trevenant|132/296 tox\n|move|p2a: Trevenant|Poltergeist|p1a: Tentacruel\n|-activate|p1a: Tentacruel|move: Poltergeist|Leftovers\n|-crit|p1a: Tentacruel\n|-damage|p1a: Tentacruel|22/272\n|\n|-heal|p1a: Tentacruel|39/272|[from] item: Leftovers\n|-damage|p2a: Trevenant|96/296 tox|[from] psn\n|upkeep\n|turn|6\n|\n|t:|1781454410\n|move|p1a: Tentacruel|Sludge Bomb|p2a: Trevenant\n|-damage|p2a: Trevenant|11/296 tox\n|move|p2a: Trevenant|Drain Punch|p1a: Tentacruel\n|-resisted|p1a: Tentacruel\n|-damage|p1a: Tentacruel|0 fnt\n|-damage|p2a: Trevenant|0 fnt|[from] ability: Liquid Ooze|[of] p1a: Tentacruel\n|faint|p1a: Tentacruel\n|faint|p2a: Trevenant\n|\n|-fieldend|move: Psychic Terrain\n|upkeep\n|\n|t:|1781454419\n|switch|p1a: Pachirisu|Pachirisu, L96, F|271/271\n|switch|p2a: Deoxys|Deoxys-Speed, L82|216/216\n|-ability|p2a: Deoxys|Pressure\n|turn|7\n|\n|t:|1781454425\n|switch|p2a: Venusaur|Venusaur, L84, F|272/272\n|move|p1a: Pachirisu|U-turn|p2a: Venusaur\n|-damage|p2a: Venusaur|229/272\n|\n|t:|1781454430\n|switch|p1a: Indeedee|Indeedee-F, L90, F|272/272|[from] U-turn\n|-fieldstart|move: Psychic Terrain|[from] ability: Psychic Surge|[of] p1a: Indeedee\n|\n|-heal|p2a: Venusaur|246/272|[from] item: Leftovers\n|upkeep\n|turn|8\n|\n|t:|1781454433\n|switch|p2a: Greninja|Greninja, L80, M|246/246\n|move|p1a: Indeedee|Calm Mind|p1a: Indeedee\n|-boost|p1a: Indeedee|spa|1\n|-boost|p1a: Indeedee|spd|1\n|\n|upkeep\n|turn|9\n|\n|t:|1781454437\n|move|p2a: Greninja|Dark Pulse|p1a: Indeedee\n|-supereffective|p1a: Indeedee\n|-damage|p1a: Indeedee|160/272\n|-damage|p2a: Greninja|222/246|[from] item: Life Orb\n|cant|p1a: Indeedee|flinch\n|\n|upkeep\n|turn|10\n|\n|t:|1781454443\n|move|p2a: Greninja|Gunk Shot|p1a: Indeedee\n|-damage|p1a: Indeedee|40/272\n|-status|p1a: Indeedee|psn\n|-damage|p2a: Greninja|198/246|[from] item: Life Orb\n|move|p1a: Indeedee|Hyper Voice|p2a: Greninja\n|-damage|p2a: Greninja|0 fnt\n|faint|p2a: Greninja\n|-damage|p1a: Indeedee|13/272 psn|[from] item: Life Orb\n|\n|-damage|p1a: Indeedee|0 fnt|[from] psn\n|faint|p1a: Indeedee\n|upkeep\n|\n|t:|1781454462\n|switch|p2a: Venusaur|Venusaur, L84, F|246/272\n|switch|p1a: Mew|Mew, L82|298/298\n|turn|11\n|\n|t:|1781454468\n|move|p1a: Mew|Nasty Plot|p1a: Mew\n|-boost|p1a: Mew|spa|2\n|move|p2a: Venusaur|Leech Seed|p1a: Mew\n|-start|p1a: Mew|move: Leech Seed\n|\n|-heal|p2a: Venusaur|263/272|[from] item: Leftovers\n|-damage|p1a: Mew|261/298|[from] Leech Seed|[of] p2a: Venusaur\n|-heal|p2a: Venusaur|272/272|[silent]\n|-fieldend|move: Psychic Terrain\n|upkeep\n|turn|12\n|\n|t:|1781454473\n|switch|p2a: Deoxys|Deoxys-Speed, L82|216/216\n|-ability|p2a: Deoxys|Pressure\n|move|p1a: Mew|Psychic|p2a: Deoxys\n|-resisted|p2a: Deoxys\n|-damage|p2a: Deoxys|100/216\n|-damage|p1a: Mew|232/298|[from] item: Life Orb\n|\n|-heal|p2a: Deoxys|113/216|[from] item: Leftovers\n|-damage|p1a: Mew|195/298|[from] Leech Seed|[of] p2a: Deoxys\n|-heal|p2a: Deoxys|150/216|[silent]\n|upkeep\n|turn|13\n|\n|t:|1781454488\n|move|p2a: Deoxys|Stealth Rock|p1a: Mew\n|-sidestart|p1: actuary97|move: Stealth Rock\n|move|p1a: Mew|Fire Blast|p2a: Deoxys\n|-damage|p2a: Deoxys|0 fnt\n|faint|p2a: Deoxys\n|-damage|p1a: Mew|166/298|[from] item: Life Orb\n|\n|upkeep\n|\n|t:|1781454494\n|switch|p2a: Oinkologne|Oinkologne, L92, M|352/352\n|turn|14\n|\n|t:|1781454497\n|move|p1a: Mew|Aura Sphere|p2a: Oinkologne\n|-supereffective|p2a: Oinkologne\n|-damage|p2a: Oinkologne|58/352\n|-damage|p1a: Mew|137/298|[from] item: Life Orb\n|move|p2a: Oinkologne|Lash Out|p1a: Mew\n|-supereffective|p1a: Mew\n|-damage|p1a: Mew|15/298\n|\n|-heal|p2a: Oinkologne|80/352|[from] item: Leftovers\n|-damage|p1a: Mew|0 fnt|[from] Leech Seed|[of] p2a: Oinkologne\n|-heal|p2a: Oinkologne|95/352|[silent]\n|faint|p1a: Mew\n|upkeep\n|\n|t:|1781454506\n|switch|p1a: Basculin|Basculin, L86, F|261/261\n|-damage|p1a: Basculin|229/261|[from] Stealth Rock\n|turn|15\n|\n|t:|1781454509\n|switch|p2a: Venusaur|Venusaur, L84, F|272/272\n|move|p1a: Basculin|Flip Turn|p2a: Venusaur\n|-resisted|p2a: Venusaur\n|-damage|p2a: Venusaur|203/272\n|\n|t:|1781454514\n|switch|p1a: Arceus|Arceus-Flying, L69|279/279|[from] Flip Turn\n|-damage|p1a: Arceus|210/279|[from] Stealth Rock\n|\n|-heal|p2a: Venusaur|220/272|[from] item: Leftovers\n|upkeep\n|turn|16\n|\n|t:|1781454518\n|switch|p2a: Oinkologne|Oinkologne, L92, M|95/352\n|move|p1a: Arceus|Calm Mind|p1a: Arceus\n|-boost|p1a: Arceus|spa|1\n|-boost|p1a: Arceus|spd|1\n|\n|-heal|p2a: Oinkologne|117/352|[from] item: Leftovers\n|upkeep\n|turn|17\n|\n|t:|1781454521\n|move|p1a: Arceus|Judgment|p2a: Oinkologne\n|-damage|p2a: Oinkologne|0 fnt\n|faint|p2a: Oinkologne\n|\n|upkeep\n|\n|t:|1781454523\n|switch|p2a: Palafin|Palafin, L77, F|281/281\n|turn|18\n|\n|t:|1781454528\n|detailschange|p2a: Palafin|Palafin-Hero, L77, F\n|switch|p2a: Venusaur|Venusaur, L84, F|220/272\n|move|p1a: Arceus|Judgment|p2a: Venusaur\n|-supereffective|p2a: Venusaur\n|-damage|p2a: Venusaur|0 fnt\n|faint|p2a: Venusaur\n|\n|upkeep\n|\n|t:|1781454529\n|switch|p2a: Palafin|Palafin-Hero, L77, F|281/281\n|-activate|p2a: Palafin|ability: Zero to Hero\n|turn|19\n|\n|t:|1781454534\n|move|p1a: Arceus|Judgment|p2a: Palafin\n|-damage|p2a: Palafin|113/281\n|move|p2a: Palafin|Bulk Up|p2a: Palafin\n|-boost|p2a: Palafin|atk|1\n|-boost|p2a: Palafin|def|1\n|\n|-heal|p2a: Palafin|130/281|[from] item: Leftovers\n|upkeep\n|turn|20\n|\n|t:|1781454539\n|-terastallize|p2a: Palafin|Steel\n|move|p1a: Arceus|Judgment|p2a: Palafin\n|-resisted|p2a: Palafin\n|-damage|p2a: Palafin|46/281\n|move|p2a: Palafin|Ice Punch|p1a: Arceus\n|-supereffective|p1a: Arceus\n|-damage|p1a: Arceus|26/279\n|\n|-heal|p2a: Palafin|63/281|[from] item: Leftovers\n|upkeep\n|turn|21\n|\n|t:|1781454543\n|move|p2a: Palafin|Jet Punch|p1a: Arceus\n|-damage|p1a: Arceus|0 fnt\n|faint|p1a: Arceus\n|\n|-heal|p2a: Palafin|80/281|[from] item: Leftovers\n|upkeep\n|\n|t:|1781454547\n|switch|p1a: Basculin|Basculin, L86, F|229/261\n|-damage|p1a: Basculin|197/261|[from] Stealth Rock\n|turn|22\n|\n|t:|1781454550\n|move|p1a: Basculin|Wave Crash|p2a: Palafin\n|-damage|p2a: Palafin|0 fnt\n|faint|p2a: Palafin\n|-damage|p1a: Basculin|171/261|[from] Recoil\n|\n|win|actuary97\n|raw|actuary97's rating: 2003 &rarr; <strong>2024</strong><br />(+21 for winning)\n|raw|bed burglar's rating: 2018 &rarr; <strong>1997</strong><br />(-21 for losing)\n", "uploadtime": 1781454355, "views": 8, "formatid": "gen9randombattle", "rating": 1997, "private": 0, "password": null}