{"id": "gen9randombattle-2631555248", "format": "[Gen 9] Random Battle", "players": ["Undertaker67", "Arsenal0394"], "log": "|j|\u2606Undertaker67\n|j|\u203dArsenal0394\n|t:|1781400691\n|gametype|singles\n|player|p1|Undertaker67|n|1988\n|player|p2|Arsenal0394|2|2014\n|gen|9\n|tier|[Gen 9] Random Battle\n|rated|\n|rule|Species Clause: Limit one of each Pok\u00e9mon\n|rule|HP Percentage Mod: HP is shown in percentages\n|rule|Sleep Clause Mod: Limit one foe put to sleep\n|rule|Illusion Level Mod: Illusion disguises the Pok\u00e9mon's true level\n|\n|t:|1781400691\n|teamsize|p1|6\n|teamsize|p2|6\n|start\n|switch|p1a: Rhyperior|Rhyperior, L82, M|323/323\n|switch|p2a: Bellossom|Bellossom, L84, M|263/263\n|turn|1\n|inactive|Battle timer is ON: inactive players will automatically lose when time's up. (requested by Undertaker67)\n|\n|t:|1781400715\n|switch|p1a: Mandibuzz|Mandibuzz, L85, F|326/326\n|move|p2a: Bellossom|Giga Drain|p1a: Mandibuzz\n|-resisted|p1a: Mandibuzz\n|-damage|p1a: Mandibuzz|294/326\n|\n|upkeep\n|turn|2\n|\n|t:|1781400725\n|switch|p2a: Minior|Minior-Indigo, L79|224/224\n|-formechange|p2a: Minior|Minior-Meteor||[from] ability: Shields Down\n|move|p1a: Mandibuzz|Toxic|p2a: Minior\n|-immune|p2a: Minior|[from] ability: Shields Down\n|\n|upkeep\n|turn|3\n|inactive|Undertaker67 has 120 seconds left.\n|\n|t:|1781400757\n|switch|p2a: Pelipper|Pelipper, L86, F|243/243\n|-weather|RainDance|[from] ability: Drizzle|[of] p2a: Pelipper\n|move|p1a: Mandibuzz|Foul Play|p2a: Pelipper\n|-damage|p2a: Pelipper|180/243\n|\n|-weather|RainDance|[upkeep]\n|upkeep\n|turn|4\n|inactive|Undertaker67 has 120 seconds left.\n|inactive|Arsenal0394 has 120 seconds left.\n|\n|t:|1781400795\n|move|p1a: Mandibuzz|Toxic|p2a: Pelipper\n|-status|p2a: Pelipper|tox\n|move|p2a: Pelipper|Weather Ball|p1a: Mandibuzz\n|-damage|p1a: Mandibuzz|75/326\n|\n|-weather|RainDance|[upkeep]\n|-damage|p2a: Pelipper|165/243 tox|[from] psn\n|upkeep\n|turn|5\n|inactive|Undertaker67 has 120 seconds left.\n|\n|t:|1781400807\n|move|p1a: Mandibuzz|Roost|p1a: Mandibuzz\n|-heal|p1a: Mandibuzz|238/326\n|-singleturn|p1a: Mandibuzz|move: Roost\n|move|p2a: Pelipper|Weather Ball|p1a: Mandibuzz\n|-damage|p1a: Mandibuzz|10/326\n|\n|-weather|RainDance|[upkeep]\n|-damage|p2a: Pelipper|135/243 tox|[from] psn\n|upkeep\n|turn|6\n|inactive|Undertaker67 has 120 seconds left.\n|inactive|Arsenal0394 has 120 seconds left.\n|inactive|Undertaker67 has 90 seconds left.\n|inactive|Undertaker67 has 60 seconds left.\n|\n|t:|1781400891\n|move|p1a: Mandibuzz|Brave Bird|p2a: Pelipper\n|-crit|p2a: Pelipper\n|-damage|p2a: Pelipper|0 fnt\n|faint|p2a: Pelipper\n|-damage|p1a: Mandibuzz|0 fnt|[from] Recoil\n|faint|p1a: Mandibuzz\n|\n|-weather|RainDance|[upkeep]\n|upkeep\n|\n|t:|1781400905\n|switch|p1a: Palafin|Palafin, L77, M|281/281\n|switch|p2a: Indeedee|Indeedee, L84, M|238/238\n|-fieldstart|move: Psychic Terrain|[from] ability: Psychic Surge|[of] p2a: Indeedee\n|turn|7\n|\n|t:|1781400923\n|move|p2a: Indeedee|Expanding Force|p1a: Palafin\n|-damage|p1a: Palafin|0 fnt\n|faint|p1a: Palafin\n|-damage|p2a: Indeedee|215/238|[from] item: Life Orb\n|\n|-weather|none\n|upkeep\n|inactive|Undertaker67 has 30 seconds left.\n|\n|t:|1781400945\n|switch|p1a: Rhyperior|Rhyperior, L82, M|323/323\n|turn|8\n|inactive|Arsenal0394 has 120 seconds left.\n|\n|t:|1781400966\n|move|p2a: Indeedee|Expanding Force|p1a: Rhyperior\n|-damage|p1a: Rhyperior|105/323\n|-damage|p2a: Indeedee|192/238|[from] item: Life Orb\n|move|p1a: Rhyperior|Megahorn|p2a: Indeedee|[miss]\n|-miss|p1a: Rhyperior|p2a: Indeedee\n|\n|upkeep\n|turn|9\n|inactive|Undertaker67 has 30 seconds left.\n|inactive|Undertaker67 has 20 seconds left.\n|\n|t:|1781400994\n|move|p2a: Indeedee|Expanding Force|p1a: Rhyperior\n|-damage|p1a: Rhyperior|0 fnt\n|faint|p1a: Rhyperior\n|-damage|p2a: Indeedee|169/238|[from] item: Life Orb\n|\n|upkeep\n|inactive|Undertaker67 has 25 seconds left this turn.\n|\n|t:|1781400997\n|switch|p1a: Registeel|Registeel, L81|262/262\n|turn|10\n|\n|t:|1781401011\n|switch|p2a: Bellossom|Bellossom, L84, M|263/263\n|move|p1a: Registeel|Thunder Wave|p2a: Bellossom\n|-status|p2a: Bellossom|par\n|\n|upkeep\n|turn|11\n|\n|t:|1781401015\n|move|p1a: Registeel|Iron Defense|p1a: Registeel\n|-boost|p1a: Registeel|def|2\n|move|p2a: Bellossom|Quiver Dance|p2a: Bellossom\n|-boost|p2a: Bellossom|spa|1\n|-boost|p2a: Bellossom|spd|1\n|-boost|p2a: Bellossom|spe|1\n|\n|-fieldend|move: Psychic Terrain\n|upkeep\n|turn|12\n|\n|t:|1781401023\n|move|p1a: Registeel|Iron Defense|p1a: Registeel\n|-boost|p1a: Registeel|def|2\n|cant|p2a: Bellossom|par\n|\n|upkeep\n|turn|13\n|\n|t:|1781401030\n|-terastallize|p1a: Registeel|Fighting\n|move|p1a: Registeel|Body Press|p2a: Bellossom\n|-damage|p2a: Bellossom|0 fnt\n|faint|p2a: Bellossom\n|\n|upkeep\n|\n|t:|1781401035\n|switch|p2a: Indeedee|Indeedee, L84, M|169/238\n|-fieldstart|move: Psychic Terrain|[from] ability: Psychic Surge|[of] p2a: Indeedee\n|turn|14\n|\n|t:|1781401044\n|-terastallize|p2a: Indeedee|Psychic\n|move|p2a: Indeedee|Expanding Force|p1a: Registeel\n|-supereffective|p1a: Registeel\n|-damage|p1a: Registeel|0 fnt\n|faint|p1a: Registeel\n|-damage|p2a: Indeedee|146/238|[from] item: Life Orb\n|\n|upkeep\n|inactive|Undertaker67 has 60 seconds left.\n|\n|t:|1781401058\n|switch|p1a: Smeargle|Smeargle, L95, M|258/258\n|turn|15\n|\n|t:|1781401066\n|move|p2a: Indeedee|Expanding Force|p1a: Smeargle\n|-enditem|p1a: Smeargle|Focus Sash\n|-damage|p1a: Smeargle|1/258\n|-damage|p2a: Indeedee|123/238|[from] item: Life Orb\n|move|p1a: Smeargle|Spore|p2a: Indeedee\n|-status|p2a: Indeedee|slp|[from] move: Spore\n|\n|upkeep\n|turn|16\n|\n|t:|1781401075\n|switch|p2a: Orthworm|Orthworm, L88, M|266/266\n|switch|p1a: Vivillon|Vivillon-Polar, L83, F|268/268\n|\n|upkeep\n|turn|17\n|\n|t:|1781401082\n|move|p1a: Vivillon|Quiver Dance|p1a: Vivillon\n|-boost|p1a: Vivillon|spa|1\n|-boost|p1a: Vivillon|spd|1\n|-boost|p1a: Vivillon|spe|1\n|move|p2a: Orthworm|Coil|p2a: Orthworm\n|-boost|p2a: Orthworm|atk|1\n|-boost|p2a: Orthworm|def|1\n|-boost|p2a: Orthworm|accuracy|1\n|\n|upkeep\n|turn|18\n|\n|t:|1781401086\n|move|p1a: Vivillon|Hurricane|p2a: Orthworm\n|-resisted|p2a: Orthworm\n|-damage|p2a: Orthworm|149/266\n|move|p2a: Orthworm|Iron Tail|p1a: Vivillon\n|-damage|p1a: Vivillon|40/268\n|-unboost|p1a: Vivillon|def|1\n|\n|-fieldend|move: Psychic Terrain\n|upkeep\n|turn|19\n|\n|t:|1781401094\n|move|p1a: Vivillon|Hurricane|p2a: Orthworm\n|-resisted|p2a: Orthworm\n|-damage|p2a: Orthworm|38/266\n|move|p2a: Orthworm|Iron Tail|p1a: Vivillon\n|-damage|p1a: Vivillon|0 fnt\n|faint|p1a: Vivillon\n|\n|upkeep\n|\n|t:|1781401098\n|switch|p1a: Smeargle|Smeargle, L95, M|1/258\n|turn|20\n|\n|t:|1781401102\n|move|p1a: Smeargle|Ceaseless Edge|p2a: Orthworm\n|-damage|p2a: Orthworm|27/266\n|-sidestart|p2: Arsenal0394|Spikes\n|move|p2a: Orthworm|Iron Tail|p1a: Smeargle\n|-damage|p1a: Smeargle|0 fnt\n|faint|p1a: Smeargle\n|\n|win|Arsenal0394\n", "uploadtime": 1781400692, "views": 3, "formatid": "gen9randombattle", "rating": null, "private": 0, "password": null}