{"id": "gen9randombattle-2631653168", "format": "[Gen 9] Random Battle", "players": ["bluesun000", "wang_zj"], "log": "|j|\u2606bluesun000\n|j|\u2606wang_zj\n|t:|1781415442\n|gametype|singles\n|player|p1|bluesun000|palmer|1938\n|player|p2|wang_zj|169|1994\n|gen|9\n|tier|[Gen 9] Random Battle\n|rated|\n|rule|Species Clause: Limit one of each Pok\u00e9mon\n|rule|HP Percentage Mod: HP is shown in percentages\n|rule|Sleep Clause Mod: Limit one foe put to sleep\n|rule|Illusion Level Mod: Illusion disguises the Pok\u00e9mon's true level\n|\n|t:|1781415442\n|teamsize|p1|6\n|teamsize|p2|6\n|start\n|switch|p1a: Flapple|Flapple, L88, F|266/266\n|switch|p2a: Articuno|Articuno, L86|295/295\n|-ability|p2a: Articuno|Pressure\n|turn|1\n|inactive|Battle timer is ON: inactive players will automatically lose when time's up. (requested by bluesun000)\n|\n|t:|1781415468\n|switch|p1a: Granbull|Granbull, L88, M|302/302\n|-ability|p1a: Granbull|Intimidate|boost\n|-unboost|p2a: Articuno|atk|1\n|move|p2a: Articuno|Freeze-Dry|p1a: Granbull\n|-damage|p1a: Granbull|197/302\n|\n|-heal|p1a: Granbull|215/302|[from] item: Leftovers\n|upkeep\n|turn|2\n|\n|t:|1781415482\n|move|p2a: Articuno|U-turn|p1a: Granbull\n|-resisted|p1a: Granbull\n|-damage|p1a: Granbull|197/302\n|\n|t:|1781415488\n|switch|p2a: Whiscash|Whiscash, L88, F|337/337|[from] U-turn\n|move|p1a: Granbull|Thunder Wave|p2a: Whiscash\n|-immune|p2a: Whiscash\n|\n|-heal|p1a: Granbull|215/302|[from] item: Leftovers\n|upkeep\n|turn|3\n|\n|t:|1781415504\n|switch|p2a: Toxtricity|Toxtricity, L82, F|257/257\n|switch|p1a: Ditto|Ditto, L87|225/225\n|-transform|p1a: Ditto|p2a: Toxtricity|[from] ability: Imposter\n|\n|upkeep\n|turn|4\n|inactive|bluesun000 has 120 seconds left.\n|\n|t:|1781415540\n|switch|p1a: Granbull|Granbull, L88, M|215/302\n|-ability|p1a: Granbull|Intimidate|boost\n|-unboost|p2a: Toxtricity|atk|1\n|move|p2a: Toxtricity|Boomburst|p1a: Granbull\n|-damage|p1a: Granbull|38/302\n|-enditem|p2a: Toxtricity|Throat Spray\n|-boost|p2a: Toxtricity|spa|1|[from] item: Throat Spray\n|\n|-heal|p1a: Granbull|56/302|[from] item: Leftovers\n|upkeep\n|turn|5\n|inactive|bluesun000 has 120 seconds left.\n|\n|t:|1781415553\n|move|p2a: Toxtricity|Boomburst|p1a: Granbull\n|-damage|p1a: Granbull|0 fnt\n|faint|p1a: Granbull\n|\n|upkeep\n|\n|t:|1781415564\n|switch|p1a: Flapple|Flapple, L88, F|266/266\n|turn|6\n|\n|t:|1781415571\n|move|p1a: Flapple|Outrage|p2a: Toxtricity\n|-damage|p2a: Toxtricity|0 fnt\n|faint|p2a: Toxtricity\n|\n|upkeep\n|\n|t:|1781415579\n|switch|p2a: Articuno|Articuno, L86|295/295\n|-ability|p2a: Articuno|Pressure\n|turn|7\n|\n|t:|1781415586\n|move|p2a: Articuno|Freeze-Dry|p1a: Flapple\n|-supereffective|p1a: Flapple\n|-damage|p1a: Flapple|0 fnt\n|faint|p1a: Flapple\n|\n|upkeep\n|inactive|bluesun000 has 120 seconds left.\n|\n|t:|1781415604\n|switch|p1a: Rampardos|Rampardos, L90, M|321/321\n|turn|8\n|inactive|bluesun000 has 120 seconds left.\n|\n|t:|1781415614\n|switch|p2a: Whiscash|Whiscash, L88, F|337/337\n|move|p1a: Rampardos|Head Smash|p2a: Whiscash\n|-resisted|p2a: Whiscash\n|-damage|p2a: Whiscash|179/337\n|-damage|p1a: Rampardos|242/321|[from] Recoil\n|\n|upkeep\n|turn|9\n|\n|t:|1781415626\n|move|p1a: Rampardos|Head Smash|p2a: Whiscash\n|-resisted|p2a: Whiscash\n|-damage|p2a: Whiscash|24/337\n|-damage|p1a: Rampardos|164/321|[from] Recoil\n|move|p2a: Whiscash|Earthquake|p1a: Rampardos\n|-supereffective|p1a: Rampardos\n|-damage|p1a: Rampardos|0 fnt\n|faint|p1a: Rampardos\n|-damage|p2a: Whiscash|0 fnt|[from] item: Life Orb\n|faint|p2a: Whiscash\n|\n|upkeep\n|\n|t:|1781415641\n|switch|p1a: Heatran|Heatran, L79, M|273/273\n|switch|p2a: Articuno|Articuno, L86|295/295\n|-ability|p2a: Articuno|Pressure\n|-item|p1a: Heatran|Air Balloon\n|turn|10\n|\n|t:|1781415653\n|move|p2a: Articuno|U-turn|p1a: Heatran\n|-resisted|p1a: Heatran\n|-damage|p1a: Heatran|263/273\n|-enditem|p1a: Heatran|Air Balloon\n|\n|t:|1781415660\n|switch|p2a: Houndoom|Houndoom, L87, M|272/272|[from] U-turn\n|move|p1a: Heatran|Magma Storm|p2a: Houndoom\n|-start|p2a: Houndoom|ability: Flash Fire\n|\n|upkeep\n|turn|11\n|\n|t:|1781415671\n|move|p2a: Houndoom|Dark Pulse|p1a: Heatran\n|-damage|p1a: Heatran|164/273\n|move|p1a: Heatran|Earth Power|p2a: Houndoom\n|-supereffective|p2a: Houndoom\n|-damage|p2a: Houndoom|136/272\n|-unboost|p2a: Houndoom|spd|1\n|\n|upkeep\n|turn|12\n|\n|t:|1781415682\n|move|p2a: Houndoom|Dark Pulse|p1a: Heatran\n|-damage|p1a: Heatran|71/273\n|move|p1a: Heatran|Stealth Rock|p2a: Houndoom\n|-sidestart|p2: wang_zj|move: Stealth Rock\n|\n|upkeep\n|turn|13\n|\n|t:|1781415688\n|move|p2a: Houndoom|Dark Pulse|p1a: Heatran\n|-damage|p1a: Heatran|0 fnt\n|faint|p1a: Heatran\n|\n|upkeep\n|\n|t:|1781415692\n|switch|p1a: Ditto|Ditto, L87|225/225\n|-transform|p1a: Ditto|p2a: Houndoom|[from] ability: Imposter\n|turn|14\n|\n|t:|1781415707\n|move|p1a: Ditto|Sludge Bomb|p2a: Houndoom\n|-damage|p2a: Houndoom|28/272\n|move|p2a: Houndoom|Sludge Bomb|p1a: Ditto\n|-damage|p1a: Ditto|119/225\n|-status|p1a: Ditto|psn\n|\n|-damage|p1a: Ditto|91/225 psn|[from] psn\n|upkeep\n|turn|15\n|\n|t:|1781415718\n|move|p1a: Ditto|Sludge Bomb|p2a: Houndoom\n|-damage|p2a: Houndoom|0 fnt\n|faint|p2a: Houndoom\n|\n|-damage|p1a: Ditto|63/225 psn|[from] psn\n|upkeep\n|\n|t:|1781415726\n|switch|p2a: Articuno|Articuno, L86|295/295\n|-ability|p2a: Articuno|Pressure\n|turn|16\n|\n|t:|1781415733\n|move|p1a: Ditto|Sludge Bomb|p2a: Articuno\n|-damage|p2a: Articuno|242/295\n|move|p2a: Articuno|Freeze-Dry|p1a: Ditto\n|-resisted|p1a: Ditto\n|-damage|p1a: Ditto|8/225 psn\n|\n|-damage|p1a: Ditto|0 fnt|[from] psn\n|faint|p1a: Ditto\n|upkeep\n|\n|t:|1781415739\n|switch|p1a: Cresselia|Cresselia, L80, F|323/323\n|turn|17\n|\n|t:|1781415751\n|move|p2a: Articuno|U-turn|p1a: Cresselia\n|-supereffective|p1a: Cresselia\n|-damage|p1a: Cresselia|241/323\n|\n|t:|1781415758\n|switch|p2a: Victreebel|Victreebel, L90, F|290/290|[from] U-turn\n|-damage|p2a: Victreebel|254/290|[from] Stealth Rock\n|move|p1a: Cresselia|Calm Mind|p1a: Cresselia\n|-boost|p1a: Cresselia|spa|1\n|-boost|p1a: Cresselia|spd|1\n|\n|-heal|p1a: Cresselia|261/323|[from] item: Leftovers\n|upkeep\n|turn|18\n|\n|t:|1781415771\n|-terastallize|p2a: Victreebel|Steel\n|move|p1a: Cresselia|Psyshock|p2a: Victreebel\n|-resisted|p2a: Victreebel\n|-damage|p2a: Victreebel|203/290\n|move|p2a: Victreebel|Knock Off|p1a: Cresselia\n|-supereffective|p1a: Cresselia\n|-damage|p1a: Cresselia|61/323\n|-enditem|p1a: Cresselia|Leftovers|[from] move: Knock Off|[of] p2a: Victreebel\n|-damage|p2a: Victreebel|174/290|[from] item: Life Orb\n|\n|upkeep\n|turn|19\n|\n|t:|1781415783\n|-terastallize|p1a: Cresselia|Fairy\n|move|p1a: Cresselia|Moonlight|p1a: Cresselia\n|-heal|p1a: Cresselia|222/323\n|move|p2a: Victreebel|Sludge Wave|p1a: Cresselia\n|-supereffective|p1a: Cresselia\n|-damage|p1a: Cresselia|63/323\n|-damage|p2a: Victreebel|145/290|[from] item: Life Orb\n|\n|upkeep\n|turn|20\n|\n|t:|1781415793\n|move|p1a: Cresselia|Moonlight|p1a: Cresselia\n|-heal|p1a: Cresselia|224/323\n|move|p2a: Victreebel|Sludge Wave|p1a: Cresselia\n|-supereffective|p1a: Cresselia\n|-damage|p1a: Cresselia|65/323\n|-damage|p2a: Victreebel|116/290|[from] item: Life Orb\n|\n|upkeep\n|turn|21\n|\n|t:|1781415802\n|move|p1a: Cresselia|Moonlight|p1a: Cresselia\n|-heal|p1a: Cresselia|226/323\n|move|p2a: Victreebel|Sludge Wave|p1a: Cresselia\n|-supereffective|p1a: Cresselia\n|-damage|p1a: Cresselia|70/323\n|-damage|p2a: Victreebel|87/290|[from] item: Life Orb\n|\n|upkeep\n|turn|22\n|\n|t:|1781415811\n|move|p1a: Cresselia|Moonlight|p1a: Cresselia\n|-heal|p1a: Cresselia|231/323\n|move|p2a: Victreebel|Sludge Wave|p1a: Cresselia\n|-supereffective|p1a: Cresselia\n|-damage|p1a: Cresselia|49/323\n|-damage|p2a: Victreebel|58/290|[from] item: Life Orb\n|\n|upkeep\n|turn|23\n|\n|t:|1781415822\n|move|p1a: Cresselia|Moonlight|p1a: Cresselia\n|-heal|p1a: Cresselia|210/323\n|move|p2a: Victreebel|Sludge Wave|p1a: Cresselia\n|-supereffective|p1a: Cresselia\n|-damage|p1a: Cresselia|51/323\n|-damage|p2a: Victreebel|29/290|[from] item: Life Orb\n|\n|upkeep\n|turn|24\n|\n|t:|1781415830\n|move|p1a: Cresselia|Moonblast|p2a: Victreebel\n|-resisted|p2a: Victreebel\n|-damage|p2a: Victreebel|0 fnt\n|faint|p2a: Victreebel\n|\n|upkeep\n|\n|t:|1781415837\n|switch|p2a: Articuno|Articuno, L86|242/295\n|-ability|p2a: Articuno|Pressure\n|turn|25\n|\n|t:|1781415843\n|move|p2a: Articuno|Brave Bird|p1a: Cresselia\n|-damage|p1a: Cresselia|0 fnt\n|faint|p1a: Cresselia\n|-damage|p2a: Articuno|225/295|[from] Recoil\n|\n|win|wang_zj\n", "uploadtime": 1781415445, "views": 3, "formatid": "gen9randombattle", "rating": null, "private": 0, "password": null}