{"id": "gen9randombattle-2631392688", "format": "[Gen 9] Random Battle", "players": ["WhatEver2102", "aestheticsdavid"], "log": "|j|\u2606WhatEver2102\n|j|\u2606aestheticsdavid\n|t:|1781379258\n|gametype|singles\n|player|p1|WhatEver2102|juan|2012\n|player|p2|aestheticsdavid|n|1960\n|gen|9\n|tier|[Gen 9] Random Battle\n|rated|\n|rule|Species Clause: Limit one of each Pok\u00e9mon\n|rule|HP Percentage Mod: HP is shown in percentages\n|rule|Sleep Clause Mod: Limit one foe put to sleep\n|rule|Illusion Level Mod: Illusion disguises the Pok\u00e9mon's true level\n|\n|t:|1781379258\n|teamsize|p1|6\n|teamsize|p2|6\n|start\n|switch|p1a: Clefable|Clefable, L83, M|293/293\n|switch|p2a: Mightyena|Mightyena, L96, F|290/290\n|-ability|p2a: Mightyena|Intimidate|boost\n|-unboost|p1a: Clefable|atk|1\n|turn|1\n|inactive|Battle timer is ON: inactive players will automatically lose when time's up. (requested by aestheticsdavid)\n|\n|t:|1781379276\n|switch|p2a: Toxtricity|Toxtricity, L82, M|257/257\n|move|p1a: Clefable|Moonblast|p2a: Toxtricity\n|-resisted|p2a: Toxtricity\n|-damage|p2a: Toxtricity|186/257\n|\n|upkeep\n|turn|2\n|\n|t:|1781379294\n|switch|p1a: Eelektross|Eelektross, L87, M|290/290\n|move|p2a: Toxtricity|Overdrive|p1a: Eelektross\n|-resisted|p1a: Eelektross\n|-damage|p1a: Eelektross|227/290\n|\n|upkeep\n|turn|3\n|\n|t:|1781379303\n|switch|p2a: Conkeldurr|Conkeldurr, L80, F|299/299\n|move|p1a: Eelektross|U-turn|p2a: Conkeldurr\n|-resisted|p2a: Conkeldurr\n|-damage|p2a: Conkeldurr|268/299\n|\n|t:|1781379310\n|switch|p1a: Clefable|Clefable, L83, M|293/293|[from] U-turn\n|\n|-status|p2a: Conkeldurr|brn|[from] item: Flame Orb\n|upkeep\n|turn|4\n|\n|t:|1781379313\n|switch|p2a: Toxtricity|Toxtricity, L82, M|186/257\n|move|p1a: Clefable|Moonblast|p2a: Toxtricity\n|-resisted|p2a: Toxtricity\n|-damage|p2a: Toxtricity|112/257\n|-unboost|p2a: Toxtricity|spa|1\n|\n|upkeep\n|turn|5\n|\n|t:|1781379323\n|switch|p1a: Eelektross|Eelektross, L87, M|227/290\n|move|p2a: Toxtricity|Sludge Wave|p1a: Eelektross\n|-damage|p1a: Eelektross|148/290\n|\n|upkeep\n|turn|6\n|\n|t:|1781379329\n|move|p2a: Toxtricity|Sludge Wave|p1a: Eelektross\n|-damage|p1a: Eelektross|69/290\n|move|p1a: Eelektross|Dragon Tail|p2a: Toxtricity\n|-damage|p2a: Toxtricity|46/257\n|drag|p2a: Mightyena|Mightyena, L96, F|290/290\n|-ability|p2a: Mightyena|Intimidate|boost\n|-unboost|p1a: Eelektross|atk|1\n|\n|upkeep\n|turn|7\n|\n|t:|1781379339\n|switch|p1a: Clefable|Clefable, L83, M|293/293\n|move|p2a: Mightyena|Crunch|p1a: Clefable\n|-resisted|p1a: Clefable\n|-damage|p1a: Clefable|235/293\n|\n|upkeep\n|turn|8\n|\n|t:|1781379346\n|switch|p2a: Sylveon|Sylveon, L85, M|300/300\n|move|p1a: Clefable|Moonblast|p2a: Sylveon\n|-damage|p2a: Sylveon|206/300\n|-unboost|p2a: Sylveon|spa|1\n|\n|-heal|p2a: Sylveon|224/300|[from] item: Leftovers\n|upkeep\n|turn|9\n|\n|t:|1781379354\n|move|p2a: Sylveon|Wish|p2a: Sylveon\n|move|p1a: Clefable|Calm Mind|p1a: Clefable\n|-boost|p1a: Clefable|spa|1\n|-boost|p1a: Clefable|spd|1\n|\n|-heal|p2a: Sylveon|242/300|[from] item: Leftovers\n|upkeep\n|turn|10\n|\n|t:|1781379363\n|switch|p2a: Vivillon|Vivillon-Polar, L83, F|268/268\n|move|p1a: Clefable|Calm Mind|p1a: Clefable\n|-boost|p1a: Clefable|spa|1\n|-boost|p1a: Clefable|spd|1\n|\n|upkeep\n|turn|11\n|\n|t:|1781379369\n|move|p2a: Vivillon|Sleep Powder|p1a: Clefable\n|-status|p1a: Clefable|slp|[from] move: Sleep Powder\n|cant|p1a: Clefable|slp\n|\n|upkeep\n|turn|12\n|inactive|WhatEver2102 has 120 seconds left.\n|\n|t:|1781379415\n|switch|p2a: Conkeldurr|Conkeldurr, L80, F|268/299 brn\n|switch|p1a: Eelektross|Eelektross, L87, M|69/290\n|\n|-damage|p2a: Conkeldurr|250/299 brn|[from] brn\n|upkeep\n|turn|13\n|\n|t:|1781379424\n|move|p2a: Conkeldurr|Mach Punch|p1a: Eelektross\n|-damage|p1a: Eelektross|0 fnt\n|faint|p1a: Eelektross\n|\n|-damage|p2a: Conkeldurr|232/299 brn|[from] brn\n|upkeep\n|\n|t:|1781379434\n|switch|p1a: Gothitelle|Gothitelle, L90, M|272/272\n|turn|14\n|\n|t:|1781379440\n|move|p1a: Gothitelle|Psychic Noise|p2a: Conkeldurr\n|-supereffective|p2a: Conkeldurr\n|-damage|p2a: Conkeldurr|0 fnt\n|faint|p2a: Conkeldurr\n|\n|upkeep\n|\n|t:|1781379459\n|switch|p2a: Mightyena|Mightyena, L96, F|290/290\n|-ability|p2a: Mightyena|Intimidate|boost\n|-unboost|p1a: Gothitelle|atk|1\n|turn|15\n|inactive|WhatEver2102 has 120 seconds left.\n|\n|t:|1781379468\n|switch|p1a: Magearna|Magearna, L77|250/250\n|move|p2a: Mightyena|Poison Fang|p1a: Magearna\n|-immune|p1a: Magearna\n|\n|upkeep\n|turn|16\n|\n|t:|1781379478\n|switch|p2a: Decidueye|Decidueye-Hisui, L87, F|295/295\n|move|p1a: Magearna|Shift Gear|p1a: Magearna\n|-boost|p1a: Magearna|spe|2\n|-boost|p1a: Magearna|atk|1\n|\n|upkeep\n|turn|17\n|\n|t:|1781379489\n|move|p1a: Magearna|Shift Gear|p1a: Magearna\n|-boost|p1a: Magearna|spe|2\n|-boost|p1a: Magearna|atk|1\n|move|p2a: Decidueye|Triple Arrows|p1a: Magearna\n|-damage|p1a: Magearna|147/250\n|\n|upkeep\n|turn|18\n|\n|t:|1781379505\n|-terastallize|p2a: Decidueye|Steel\n|move|p1a: Magearna|Fleur Cannon|p2a: Decidueye\n|-resisted|p2a: Decidueye\n|-damage|p2a: Decidueye|232/295\n|-unboost|p1a: Magearna|spa|2\n|move|p2a: Decidueye|Triple Arrows|p1a: Magearna\n|-damage|p1a: Magearna|41/250\n|-unboost|p1a: Magearna|def|1\n|\n|-heal|p2a: Decidueye|250/295|[from] item: Leftovers\n|upkeep\n|turn|19\n|\n|t:|1781379518\n|-terastallize|p1a: Magearna|Ground\n|move|p1a: Magearna|Tera Blast|p2a: Decidueye|[anim] Tera Blast Ground\n|-supereffective|p2a: Decidueye\n|-damage|p2a: Decidueye|0 fnt\n|faint|p2a: Decidueye\n|-ability|p1a: Magearna|Soul-Heart|boost\n|-boost|p1a: Magearna|spa|1\n|\n|upkeep\n|\n|t:|1781379523\n|switch|p2a: Mightyena|Mightyena, L96, F|290/290\n|-ability|p2a: Mightyena|Intimidate|boost\n|-unboost|p1a: Magearna|atk|1\n|turn|20\n|\n|t:|1781379530\n|move|p1a: Magearna|Iron Head|p2a: Mightyena\n|-damage|p2a: Mightyena|175/290\n|cant|p2a: Mightyena|flinch\n|\n|-heal|p2a: Mightyena|193/290|[from] item: Leftovers\n|upkeep\n|turn|21\n|\n|t:|1781379536\n|move|p2a: Mightyena|Sucker Punch|p1a: Magearna\n|-damage|p1a: Magearna|0 fnt\n|faint|p1a: Magearna\n|\n|-heal|p2a: Mightyena|211/290|[from] item: Leftovers\n|upkeep\n|\n|t:|1781379541\n|switch|p1a: Plusle|Plusle, L95, M|268/268\n|turn|22\n|\n|t:|1781379548\n|move|p1a: Plusle|Thunderbolt|p2a: Mightyena\n|-damage|p2a: Mightyena|58/290\n|-damage|p1a: Plusle|242/268|[from] item: Life Orb\n|move|p2a: Mightyena|Crunch|p1a: Plusle\n|-damage|p1a: Plusle|79/268\n|\n|-heal|p2a: Mightyena|76/290|[from] item: Leftovers\n|upkeep\n|turn|23\n|\n|t:|1781379556\n|move|p2a: Mightyena|Sucker Punch|p1a: Plusle\n|-damage|p1a: Plusle|0 fnt\n|faint|p1a: Plusle\n|\n|-heal|p2a: Mightyena|94/290|[from] item: Leftovers\n|upkeep\n|\n|t:|1781379565\n|switch|p1a: Slowking|Slowking, L88, M|310/310\n|turn|24\n|\n|t:|1781379568\n|move|p2a: Mightyena|Crunch|p1a: Slowking\n|-supereffective|p1a: Slowking\n|-damage|p1a: Slowking|88/310\n|move|p1a: Slowking|Scald|p2a: Mightyena\n|-damage|p2a: Mightyena|0 fnt\n|faint|p2a: Mightyena\n|\n|upkeep\n|\n|t:|1781379582\n|switch|p2a: Toxtricity|Toxtricity, L82, M|46/257\n|turn|25\n|\n|t:|1781379588\n|move|p2a: Toxtricity|Volt Switch|p1a: Slowking\n|-supereffective|p1a: Slowking\n|-damage|p1a: Slowking|0 fnt\n|faint|p1a: Slowking\n|\n|t:|1781379593\n|switch|p2a: Vivillon|Vivillon-Polar, L83, F|268/268|[from] Volt Switch\n|\n|upkeep\n|\n|t:|1781379595\n|switch|p1a: Gothitelle|Gothitelle, L90, M|272/272\n|turn|26\n|\n|t:|1781379600\n|move|p2a: Vivillon|Quiver Dance|p2a: Vivillon\n|-boost|p2a: Vivillon|spa|1\n|-boost|p2a: Vivillon|spd|1\n|-boost|p2a: Vivillon|spe|1\n|move|p1a: Gothitelle|Calm Mind|p1a: Gothitelle\n|-boost|p1a: Gothitelle|spa|1\n|-boost|p1a: Gothitelle|spd|1\n|\n|upkeep\n|turn|27\n|\n|t:|1781379611\n|move|p2a: Vivillon|Bug Buzz|p1a: Gothitelle\n|-supereffective|p1a: Gothitelle\n|-damage|p1a: Gothitelle|134/272\n|move|p1a: Gothitelle|Calm Mind|p1a: Gothitelle\n|-boost|p1a: Gothitelle|spa|1\n|-boost|p1a: Gothitelle|spd|1\n|\n|-heal|p1a: Gothitelle|151/272|[from] item: Leftovers\n|upkeep\n|turn|28\n|\n|t:|1781379618\n|move|p2a: Vivillon|Bug Buzz|p1a: Gothitelle\n|-supereffective|p1a: Gothitelle\n|-crit|p1a: Gothitelle\n|-damage|p1a: Gothitelle|0 fnt\n|faint|p1a: Gothitelle\n|\n|upkeep\n|-message|WhatEver2102 forfeited.\n|\n|win|aestheticsdavid\n", "uploadtime": 1781379260, "views": 7, "formatid": "gen9randombattle", "rating": null, "private": 0, "password": null}