{"id": "gen9randombattle-2631622400", "format": "[Gen 9] Random Battle", "players": ["ajagd25", "Floraixen"], "log": "|j|\u2606ajagd25\n|j|\u2606Floraixen\n|t:|1781410323\n|gametype|singles\n|player|p1|ajagd25|2|1335\n|player|p2|Floraixen|irida|1346\n|gen|9\n|tier|[Gen 9] Random Battle\n|rated|\n|rule|Species Clause: Limit one of each Pok\u00e9mon\n|rule|HP Percentage Mod: HP is shown in percentages\n|rule|Sleep Clause Mod: Limit one foe put to sleep\n|rule|Illusion Level Mod: Illusion disguises the Pok\u00e9mon's true level\n|\n|t:|1781410323\n|teamsize|p1|6\n|teamsize|p2|6\n|start\n|switch|p1a: Hitmonchan|Hitmonchan, L87, M|229/229\n|switch|p2a: Luxray|Luxray, L88, F|284/284\n|-ability|p2a: Luxray|Intimidate|boost\n|-unboost|p1a: Hitmonchan|atk|1\n|turn|1\n|inactive|Battle timer is ON: inactive players will automatically lose when time's up. (requested by ajagd25)\n|\n|t:|1781410339\n|switch|p1a: Goodra|Goodra, L85, M|292/292\n|move|p2a: Luxray|Play Rough|p1a: Goodra\n|-supereffective|p1a: Goodra\n|-damage|p1a: Goodra|106/292\n|-unboost|p1a: Goodra|atk|1\n|\n|upkeep\n|turn|2\n|\n|t:|1781410371\n|switch|p1a: Frosmoth|Frosmoth, L82, M|249/249\n|switch|p2a: Uxie|Uxie, L83|260/260\n|\n|upkeep\n|turn|3\n|\n|t:|1781410379\n|move|p2a: Uxie|Yawn|p1a: Frosmoth\n|-start|p1a: Frosmoth|move: Yawn|[of] p2a: Uxie\n|move|p1a: Frosmoth|Quiver Dance|p1a: Frosmoth\n|-boost|p1a: Frosmoth|spa|1\n|-boost|p1a: Frosmoth|spd|1\n|-boost|p1a: Frosmoth|spe|1\n|\n|upkeep\n|turn|4\n|inactive|Floraixen has 120 seconds left.\n|inactive|Floraixen has 90 seconds left.\n|\n|t:|1781410431\n|switch|p1a: Houndoom|Houndoom, L87, M|272/272\n|-terastallize|p2a: Uxie|Steel\n|move|p2a: Uxie|Psychic Noise|p1a: Houndoom\n|-immune|p1a: Houndoom\n|\n|upkeep\n|turn|5\n|inactive|Floraixen has 90 seconds left.\n|\n|t:|1781410443\n|move|p1a: Houndoom|Fire Blast|p2a: Uxie|[miss]\n|-miss|p1a: Houndoom|p2a: Uxie\n|move|p2a: Uxie|Yawn|p1a: Houndoom\n|-start|p1a: Houndoom|move: Yawn|[of] p2a: Uxie\n|\n|upkeep\n|turn|6\n|inactive|Floraixen has 90 seconds left.\n|inactive|Floraixen has 60 seconds left.\n|\n|t:|1781410488\n|switch|p2a: Granbull|Granbull, L88, M|302/302\n|-ability|p2a: Granbull|Intimidate|boost\n|-unboost|p1a: Houndoom|atk|1\n|move|p1a: Houndoom|Fire Blast|p2a: Granbull\n|-damage|p2a: Granbull|143/302\n|\n|-heal|p2a: Granbull|161/302|[from] item: Leftovers\n|-end|p1a: Houndoom|move: Yawn|[silent]\n|-status|p1a: Houndoom|slp\n|upkeep\n|turn|7\n|inactive|Floraixen has 60 seconds left.\n|\n|t:|1781410505\n|switch|p1a: Frosmoth|Frosmoth, L82, M|249/249\n|move|p2a: Granbull|Play Rough|p1a: Frosmoth|[miss]\n|-miss|p2a: Granbull|p1a: Frosmoth\n|\n|-heal|p2a: Granbull|179/302|[from] item: Leftovers\n|upkeep\n|turn|8\n|\n|t:|1781410514\n|move|p1a: Frosmoth|Quiver Dance|p1a: Frosmoth\n|-boost|p1a: Frosmoth|spa|1\n|-boost|p1a: Frosmoth|spd|1\n|-boost|p1a: Frosmoth|spe|1\n|move|p2a: Granbull|Encore|p1a: Frosmoth\n|-start|p1a: Frosmoth|Encore\n|\n|-heal|p2a: Granbull|197/302|[from] item: Leftovers\n|upkeep\n|turn|9\n|inactive|Floraixen has 60 seconds left.\n|\n|t:|1781410536\n|move|p1a: Frosmoth|Quiver Dance|p1a: Frosmoth\n|-boost|p1a: Frosmoth|spa|1\n|-boost|p1a: Frosmoth|spd|1\n|-boost|p1a: Frosmoth|spe|1\n|move|p2a: Granbull|Play Rough|p1a: Frosmoth\n|-crit|p1a: Frosmoth\n|-damage|p1a: Frosmoth|0 fnt\n|faint|p1a: Frosmoth\n|\n|-heal|p2a: Granbull|215/302|[from] item: Leftovers\n|upkeep\n|inactive|ajagd25 has 120 seconds left.\n|\n|t:|1781410560\n|switch|p1a: Ribombee|Ribombee, L83, M|235/235\n|turn|10\n|\n|t:|1781410574\n|move|p1a: Ribombee|Bug Buzz|p2a: Granbull\n|-resisted|p2a: Granbull\n|-damage|p2a: Granbull|158/302\n|move|p2a: Granbull|Thunder Wave|p1a: Ribombee\n|-status|p1a: Ribombee|par\n|\n|-heal|p2a: Granbull|176/302|[from] item: Leftovers\n|upkeep\n|turn|11\n|\n|t:|1781410585\n|move|p2a: Granbull|Encore|p1a: Ribombee\n|-start|p1a: Ribombee|Encore\n|move|p1a: Ribombee|Bug Buzz|p2a: Granbull\n|-resisted|p2a: Granbull\n|-damage|p2a: Granbull|121/302\n|-unboost|p2a: Granbull|spd|1\n|\n|-heal|p2a: Granbull|139/302|[from] item: Leftovers\n|upkeep\n|turn|12\n|\n|t:|1781410596\n|move|p2a: Granbull|Play Rough|p1a: Ribombee\n|-damage|p1a: Ribombee|58/235 par\n|cant|p1a: Ribombee|par\n|\n|-heal|p2a: Granbull|157/302|[from] item: Leftovers\n|upkeep\n|turn|13\n|-message|ajagd25 forfeited.\n|\n|win|Floraixen\n|raw|ajagd25's rating: 1335 &rarr; <strong>1316</strong><br />(-19 for losing)\n|raw|Floraixen's rating: 1346 &rarr; <strong>1365</strong><br />(+19 for winning)\n|l|\u2606ajagd25\n|player|p1|\n", "uploadtime": 1781410604, "views": 4, "formatid": "gen9randombattle", "rating": 1316, "private": 0, "password": null}