{"id": "gen9randombattle-2631537330", "format": "[Gen 9] Random Battle", "players": ["mfcorrea11", "Budgers"], "log": "|j|\u2606mfcorrea11\n|j|\u2606Budgers\n|t:|1781398211\n|gametype|singles\n|player|p1|mfcorrea11|169|1931\n|player|p2|Budgers|169|1921\n|gen|9\n|tier|[Gen 9] Random Battle\n|rated|\n|rule|Species Clause: Limit one of each Pok\u00e9mon\n|rule|HP Percentage Mod: HP is shown in percentages\n|rule|Sleep Clause Mod: Limit one foe put to sleep\n|rule|Illusion Level Mod: Illusion disguises the Pok\u00e9mon's true level\n|\n|t:|1781398211\n|teamsize|p1|6\n|teamsize|p2|6\n|start\n|switch|p1a: Pikachu|Pikachu-Original, L93, F|216/216\n|switch|p2a: Scizor|Scizor, L79, M|240/240\n|turn|1\n|inactive|Battle timer is ON: inactive players will automatically lose when time's up. (requested by Budgers)\n|\n|t:|1781398228\n|switch|p1a: Amoonguss|Amoonguss, L82, F|321/321\n|move|p2a: Scizor|U-turn|p1a: Amoonguss\n|-damage|p1a: Amoonguss|170/321\n|-damage|p2a: Scizor|200/240|[from] item: Rocky Helmet|[of] p1a: Amoonguss\n|\n|t:|1781398233\n|switch|p2a: Skarmory|Skarmory, L80, M|235/235|[from] U-turn\n|\n|upkeep\n|turn|2\n|\n|t:|1781398243\n|switch|p1a: Thundurus|Thundurus-Therian, L80, M|258/258\n|move|p2a: Skarmory|Spikes|p1a: Thundurus\n|-sidestart|p1: mfcorrea11|Spikes\n|\n|upkeep\n|turn|3\n|\n|t:|1781398250\n|switch|p2a: Giratina|Giratina, L75|349/349\n|-ability|p2a: Giratina|Pressure\n|move|p1a: Thundurus|Nasty Plot|p1a: Thundurus\n|-boost|p1a: Thundurus|spa|2\n|\n|upkeep\n|turn|4\n|\n|t:|1781398269\n|move|p1a: Thundurus|Thunderbolt|p2a: Giratina\n|-resisted|p2a: Giratina\n|-damage|p2a: Giratina|238/349\n|move|p2a: Giratina|Shadow Ball|p1a: Thundurus\n|-damage|p1a: Thundurus|173/258\n|\n|-heal|p2a: Giratina|259/349|[from] item: Leftovers\n|upkeep\n|turn|5\n|\n|t:|1781398279\n|-terastallize|p1a: Thundurus|Flying\n|move|p1a: Thundurus|Tera Blast|p2a: Giratina|[anim] Tera Blast Flying\n|-damage|p2a: Giratina|0 fnt\n|faint|p2a: Giratina\n|\n|upkeep\n|\n|t:|1781398288\n|switch|p2a: Scizor|Scizor, L79, M|200/240\n|turn|6\n|\n|t:|1781398292\n|move|p2a: Scizor|Bullet Punch|p1a: Thundurus\n|-damage|p1a: Thundurus|34/258\n|move|p1a: Thundurus|Thunderbolt|p2a: Scizor\n|-damage|p2a: Scizor|0 fnt\n|faint|p2a: Scizor\n|\n|upkeep\n|\n|t:|1781398294\n|switch|p2a: Skarmory|Skarmory, L80, M|235/235\n|turn|7\n|\n|t:|1781398300\n|move|p1a: Thundurus|Thunderbolt|p2a: Skarmory\n|-supereffective|p2a: Skarmory\n|-ability|p2a: Skarmory|Sturdy\n|-damage|p2a: Skarmory|1/235\n|move|p2a: Skarmory|Brave Bird|p1a: Thundurus\n|-damage|p1a: Thundurus|0 fnt\n|faint|p1a: Thundurus\n|-damage|p2a: Skarmory|0 fnt|[from] Recoil\n|faint|p2a: Skarmory\n|\n|upkeep\n|\n|t:|1781398323\n|switch|p1a: Golduck|Golduck, L90, F|290/290\n|switch|p2a: Flapple|Flapple, L88, F|266/266\n|-damage|p1a: Golduck|254/290|[from] Spikes\n|-ability|p1a: Golduck|Cloud Nine\n|turn|8\n|\n|t:|1781398330\n|switch|p2a: Quaquaval|Quaquaval, L79, F|264/264\n|move|p1a: Golduck|Ice Beam|p2a: Quaquaval\n|-resisted|p2a: Quaquaval\n|-damage|p2a: Quaquaval|202/264\n|\n|upkeep\n|turn|9\n|\n|t:|1781398337\n|switch|p1a: Amoonguss|Amoonguss, L82, F|277/321\n|-damage|p1a: Amoonguss|237/321|[from] Spikes\n|move|p2a: Quaquaval|Triple Axel|p1a: Amoonguss\n|-supereffective|p1a: Amoonguss\n|-damage|p1a: Amoonguss|183/321\n|-damage|p2a: Quaquaval|158/264|[from] item: Rocky Helmet|[of] p1a: Amoonguss\n|-supereffective|p1a: Amoonguss\n|-damage|p1a: Amoonguss|75/321\n|-damage|p2a: Quaquaval|114/264|[from] item: Rocky Helmet|[of] p1a: Amoonguss\n|-supereffective|p1a: Amoonguss\n|-damage|p1a: Amoonguss|0 fnt\n|-damage|p2a: Quaquaval|70/264|[from] item: Rocky Helmet|[of] p1a: Amoonguss\n|faint|p1a: Amoonguss\n|-ability|p2a: Quaquaval|Moxie|boost\n|-boost|p2a: Quaquaval|atk|1\n|-hitcount|p1: Amoonguss|3\n|\n|upkeep\n|inactive|mfcorrea11 has 120 seconds left.\n|\n|t:|1781398377\n|switch|p1a: Pikachu|Pikachu-Original, L93, F|216/216\n|-damage|p1a: Pikachu|189/216|[from] Spikes\n|turn|10\n|\n|t:|1781398382\n|move|p1a: Pikachu|Play Rough|p2a: Quaquaval\n|-supereffective|p2a: Quaquaval\n|-damage|p2a: Quaquaval|0 fnt\n|faint|p2a: Quaquaval\n|\n|upkeep\n|\n|t:|1781398385\n|switch|p2a: Venomoth|Venomoth, L84, M|255/255\n|turn|11\n|\n|t:|1781398392\n|move|p1a: Pikachu|Volt Tackle|p2a: Venomoth\n|-damage|p2a: Venomoth|0 fnt\n|faint|p2a: Venomoth\n|-damage|p1a: Pikachu|105/216|[from] Recoil\n|\n|upkeep\n|\n|t:|1781398394\n|switch|p2a: Flapple|Flapple, L88, F|266/266\n|turn|12\n|\n|t:|1781398402\n|move|p1a: Pikachu|Play Rough|p2a: Flapple\n|-supereffective|p2a: Flapple\n|-damage|p2a: Flapple|40/266\n|move|p2a: Flapple|Grav Apple|p1a: Pikachu\n|-crit|p1a: Pikachu\n|-damage|p1a: Pikachu|0 fnt\n|faint|p1a: Pikachu\n|\n|upkeep\n|-message|Budgers forfeited.\n|\n|win|mfcorrea11\n", "uploadtime": 1781398213, "views": 3, "formatid": "gen9randombattle", "rating": null, "private": 0, "password": null}