{"id": "gen9randombattle-2631899003", "format": "[Gen 9] Random Battle", "players": ["Golden Autum", "junghoking"], "log": "|j|\u2606Golden Autum\n|j|\u2606junghoking\n|t:|1781453438\n|gametype|singles\n|player|p1|Golden Autum|karen|1909\n|player|p2|junghoking|nate|1964\n|gen|9\n|tier|[Gen 9] Random Battle\n|rated|\n|rule|Species Clause: Limit one of each Pok\u00e9mon\n|rule|HP Percentage Mod: HP is shown in percentages\n|rule|Sleep Clause Mod: Limit one foe put to sleep\n|rule|Illusion Level Mod: Illusion disguises the Pok\u00e9mon's true level\n|\n|t:|1781453438\n|teamsize|p1|6\n|teamsize|p2|6\n|start\n|switch|p1a: Registeel|Registeel, L81|262/262\n|switch|p2a: Samurott|Samurott-Hisui, L77, M|265/265\n|turn|1\n|inactive|Battle timer is ON: inactive players will automatically lose when time's up. (requested by junghoking)\n|\n|t:|1781453479\n|move|p2a: Samurott|Ceaseless Edge|p1a: Registeel\n|-damage|p1a: Registeel|169/262\n|-sidestart|p1: Golden Autum|Spikes\n|move|p1a: Registeel|Thunder Wave|p2a: Samurott\n|-status|p2a: Samurott|par\n|\n|-heal|p1a: Registeel|185/262|[from] item: Leftovers\n|upkeep\n|turn|2\n|\n|t:|1781453489\n|move|p1a: Registeel|Stealth Rock|p2a: Samurott\n|-sidestart|p2: junghoking|move: Stealth Rock\n|move|p2a: Samurott|Ceaseless Edge|p1a: Registeel\n|-damage|p1a: Registeel|88/262\n|-sidestart|p1: Golden Autum|Spikes\n|\n|-heal|p1a: Registeel|104/262|[from] item: Leftovers\n|upkeep\n|turn|3\n|\n|t:|1781453493\n|move|p1a: Registeel|Body Press|p2a: Samurott\n|-supereffective|p2a: Samurott\n|-damage|p2a: Samurott|105/265 par\n|move|p2a: Samurott|Ceaseless Edge|p1a: Registeel\n|-damage|p1a: Registeel|13/262\n|-sidestart|p1: Golden Autum|Spikes\n|\n|-heal|p1a: Registeel|29/262|[from] item: Leftovers\n|upkeep\n|turn|4\n|\n|t:|1781453503\n|move|p1a: Registeel|Body Press|p2a: Samurott\n|-supereffective|p2a: Samurott\n|-damage|p2a: Samurott|0 fnt\n|faint|p2a: Samurott\n|\n|-heal|p1a: Registeel|45/262|[from] item: Leftovers\n|upkeep\n|\n|t:|1781453529\n|switch|p2a: Reshiram|Reshiram, L76|277/277\n|-ability|p2a: Reshiram|Turboblaze\n|turn|5\n|inactive|Golden Autum has 120 seconds left.\n|l|\u2606junghoking\n|inactive|junghoking disconnected and has a minute to reconnect!\n|player|p2|\n|j|\u2606junghoking\n|inactive|junghoking reconnected.\n|player|p2|junghoking|nate|\n|\n|t:|1781453583\n|move|p2a: Reshiram|Earth Power|p1a: Registeel\n|-supereffective|p1a: Registeel\n|-crit|p1a: Registeel\n|-damage|p1a: Registeel|0 fnt\n|faint|p1a: Registeel\n|\n|upkeep\n|\n|t:|1781453596\n|switch|p1a: Haxorus|Haxorus, L77, M|244/244\n|-damage|p1a: Haxorus|183/244|[from] Spikes\n|-ability|p1a: Haxorus|Mold Breaker\n|turn|6\n|\n|t:|1781453602\n|move|p1a: Haxorus|Scale Shot|p2a: Reshiram|[miss]\n|-miss|p1a: Haxorus|p2a: Reshiram\n|move|p2a: Reshiram|Draco Meteor|p1a: Haxorus\n|-supereffective|p1a: Haxorus\n|-damage|p1a: Haxorus|0 fnt\n|-unboost|p2a: Reshiram|spa|2\n|faint|p1a: Haxorus\n|\n|upkeep\n|\n|t:|1781453611\n|switch|p1a: Plusle|Plusle, L95, F|268/268\n|-damage|p1a: Plusle|201/268|[from] Spikes\n|turn|7\n|\n|t:|1781453616\n|move|p1a: Plusle|Nasty Plot|p1a: Plusle\n|-boost|p1a: Plusle|spa|2\n|move|p2a: Reshiram|Earth Power|p1a: Plusle\n|-supereffective|p1a: Plusle\n|-damage|p1a: Plusle|121/268\n|\n|upkeep\n|turn|8\n|\n|t:|1781453623\n|move|p1a: Plusle|Alluring Voice|p2a: Reshiram\n|-damage|p2a: Reshiram|128/277\n|-damage|p1a: Plusle|95/268|[from] item: Life Orb\n|move|p2a: Reshiram|Blue Flare|p1a: Plusle|[miss]\n|-miss|p2a: Reshiram|p1a: Plusle\n|\n|upkeep\n|turn|9\n|\n|t:|1781453628\n|move|p1a: Plusle|Alluring Voice|p2a: Reshiram\n|-crit|p2a: Reshiram\n|-damage|p2a: Reshiram|0 fnt\n|faint|p2a: Reshiram\n|-damage|p1a: Plusle|69/268|[from] item: Life Orb\n|\n|upkeep\n|\n|t:|1781453636\n|switch|p2a: Uxie|Uxie, L83|260/260\n|-damage|p2a: Uxie|228/260|[from] Stealth Rock\n|turn|10\n|\n|t:|1781453641\n|move|p1a: Plusle|Thunderbolt|p2a: Uxie\n|-damage|p2a: Uxie|14/260\n|-damage|p1a: Plusle|43/268|[from] item: Life Orb\n|move|p2a: Uxie|Knock Off|p1a: Plusle\n|-damage|p1a: Plusle|0 fnt\n|-enditem|p1a: Plusle|Life Orb|[from] move: Knock Off|[of] p2a: Uxie\n|faint|p1a: Plusle\n|\n|-heal|p2a: Uxie|30/260|[from] item: Leftovers\n|upkeep\n|\n|t:|1781453646\n|switch|p1a: Leavanny|Leavanny, L86, M|269/269\n|turn|11\n|\n|t:|1781453654\n|move|p1a: Leavanny|Knock Off|p2a: Uxie\n|-supereffective|p2a: Uxie\n|-damage|p2a: Uxie|0 fnt\n|-enditem|p2a: Uxie|Leftovers|[from] move: Knock Off|[of] p1a: Leavanny\n|faint|p2a: Uxie\n|\n|upkeep\n|\n|t:|1781453657\n|switch|p2a: Iron Thorns|Iron Thorns, L83|302/302\n|-damage|p2a: Iron Thorns|265/302|[from] Stealth Rock\n|-item|p2a: Iron Thorns|Air Balloon\n|turn|12\n|\n|t:|1781453668\n|move|p1a: Leavanny|Leaf Blade|p2a: Iron Thorns\n|-supereffective|p2a: Iron Thorns\n|-damage|p2a: Iron Thorns|71/302\n|-enditem|p2a: Iron Thorns|Air Balloon\n|move|p2a: Iron Thorns|Stone Edge|p1a: Leavanny\n|-supereffective|p1a: Leavanny\n|-damage|p1a: Leavanny|0 fnt\n|faint|p1a: Leavanny\n|\n|upkeep\n|\n|t:|1781453677\n|switch|p1a: Klawf|Klawf, L90, M|272/272\n|-damage|p1a: Klawf|204/272|[from] Spikes\n|turn|13\n|\n|t:|1781453688\n|move|p1a: Klawf|High Horsepower|p2a: Iron Thorns\n|-supereffective|p2a: Iron Thorns\n|-damage|p2a: Iron Thorns|0 fnt\n|faint|p2a: Iron Thorns\n|-end|p2a: Iron Thorns|Quark Drive|[silent]\n|\n|upkeep\n|\n|t:|1781453690\n|switch|p2a: Garganacl|Garganacl, L80, M|291/291\n|-damage|p2a: Garganacl|255/291|[from] Stealth Rock\n|turn|14\n|\n|t:|1781453705\n|switch|p1a: Jumpluff|Jumpluff, L87, F|271/271\n|move|p2a: Garganacl|Salt Cure|p1a: Jumpluff\n|-supereffective|p1a: Jumpluff\n|-damage|p1a: Jumpluff|175/271\n|-start|p1a: Jumpluff|Salt Cure\n|\n|-heal|p2a: Garganacl|273/291|[from] item: Leftovers\n|-damage|p1a: Jumpluff|142/271|[from] Salt Cure\n|upkeep\n|turn|15\n|\n|t:|1781453711\n|move|p1a: Jumpluff|Strength Sap|p2a: Garganacl\n|-unboost|p2a: Garganacl|atk|1\n|-heal|p1a: Jumpluff|271/271\n|move|p2a: Garganacl|Salt Cure|p1a: Jumpluff\n|-supereffective|p1a: Jumpluff\n|-damage|p1a: Jumpluff|205/271\n|\n|-heal|p2a: Garganacl|291/291|[from] item: Leftovers\n|-damage|p1a: Jumpluff|172/271|[from] Salt Cure\n|upkeep\n|turn|16\n|\n|t:|1781453717\n|move|p1a: Jumpluff|U-turn|p2a: Garganacl\n|-damage|p2a: Garganacl|262/291\n|\n|t:|1781453719\n|switch|p1a: Klawf|Klawf, L90, M|272/272|[from] U-turn\n|-damage|p1a: Klawf|204/272|[from] Spikes\n|move|p2a: Garganacl|Salt Cure|p1a: Klawf\n|-damage|p1a: Klawf|183/272\n|-start|p1a: Klawf|Salt Cure\n|\n|-heal|p2a: Garganacl|280/291|[from] item: Leftovers\n|-damage|p1a: Klawf|149/272|[from] Salt Cure\n|upkeep\n|turn|17\n|\n|t:|1781453722\n|move|p1a: Klawf|Crabhammer|p2a: Garganacl\n|-supereffective|p2a: Garganacl\n|-damage|p2a: Garganacl|144/291\n|move|p2a: Garganacl|Salt Cure|p1a: Klawf\n|-damage|p1a: Klawf|130/272\n|\n|-heal|p2a: Garganacl|162/291|[from] item: Leftovers\n|-damage|p1a: Klawf|96/272|[from] Salt Cure\n|upkeep\n|turn|18\n|\n|t:|1781453729\n|move|p2a: Garganacl|Protect|p2a: Garganacl\n|-singleturn|p2a: Garganacl|Protect\n|move|p1a: Klawf|Crabhammer|p2a: Garganacl\n|-activate|p2a: Garganacl|move: Protect\n|\n|-heal|p2a: Garganacl|180/291|[from] item: Leftovers\n|-damage|p1a: Klawf|62/272|[from] Salt Cure\n|upkeep\n|turn|19\n|\n|t:|1781453731\n|move|p1a: Klawf|Crabhammer|p2a: Garganacl\n|-supereffective|p2a: Garganacl\n|-crit|p2a: Garganacl\n|-damage|p2a: Garganacl|0 fnt\n|faint|p2a: Garganacl\n|\n|-damage|p1a: Klawf|28/272|[from] Salt Cure\n|upkeep\n|\n|t:|1781453735\n|switch|p2a: Passimian|Passimian, L83, F|302/302\n|-damage|p2a: Passimian|284/302|[from] Stealth Rock\n|turn|20\n|\n|t:|1781453748\n|-terastallize|p1a: Klawf|Water\n|move|p1a: Klawf|Crabhammer|p2a: Passimian\n|-damage|p2a: Passimian|164/302\n|move|p2a: Passimian|Close Combat|p1a: Klawf\n|-damage|p1a: Klawf|0 fnt\n|-unboost|p2a: Passimian|def|1\n|-unboost|p2a: Passimian|spd|1\n|faint|p1a: Klawf\n|\n|upkeep\n|\n|t:|1781453753\n|switch|p1a: Jumpluff|Jumpluff, L87, F|172/271\n|turn|21\n|\n|t:|1781453757\n|-terastallize|p2a: Passimian|Fighting\n|move|p1a: Jumpluff|Acrobatics|p2a: Passimian\n|-supereffective|p2a: Passimian\n|-damage|p2a: Passimian|0 fnt\n|faint|p2a: Passimian\n|\n|win|Golden Autum\n", "uploadtime": 1781453439, "views": 3, "formatid": "gen9randombattle", "rating": null, "private": 0, "password": null}