{"id": "gen9randombattle-2631469870", "format": "[Gen 9] Random Battle", "players": ["Brbr fff HD", "frenoyoyoy"], "log": "|j|\u2606Brbr fff HD\n|j|\u2606frenoyoyoy\n|t:|1781388695\n|gametype|singles\n|player|p1|Brbr fff HD|265|1053\n|player|p2|frenoyoyoy|giovanni-gen1rb|1071\n|gen|9\n|tier|[Gen 9] Random Battle\n|rated|\n|rule|Species Clause: Limit one of each Pok\u00e9mon\n|rule|HP Percentage Mod: HP is shown in percentages\n|rule|Sleep Clause Mod: Limit one foe put to sleep\n|rule|Illusion Level Mod: Illusion disguises the Pok\u00e9mon's true level\n|\n|t:|1781388695\n|teamsize|p1|6\n|teamsize|p2|6\n|start\n|switch|p1a: Rhyperior|Rhyperior, L82, F|323/323\n|switch|p2a: Okidogi|Okidogi, L77, M|262/262\n|turn|1\n|\n|t:|1781388707\n|-terastallize|p1a: Rhyperior|Dragon\n|move|p2a: Okidogi|Drain Punch|p1a: Rhyperior\n|-damage|p1a: Rhyperior|262/323\n|-status|p1a: Rhyperior|tox|[from] ability: Toxic Chain|[of] p2a: Okidogi\n|move|p1a: Rhyperior|Earthquake|p2a: Okidogi\n|-supereffective|p2a: Okidogi\n|-damage|p2a: Okidogi|0 fnt\n|faint|p2a: Okidogi\n|\n|-damage|p1a: Rhyperior|242/323 tox|[from] psn\n|upkeep\n|c|\u2606frenoyoyoy|glhf\n|\n|t:|1781388733\n|switch|p2a: Terapagos|Terapagos, L77, M|265/265\n|-activate|p2a: Terapagos|ability: Tera Shift\n|detailschange|p2a: Terapagos|Terapagos-Terastal, L77, M\n|-heal|p2a: Terapagos|273/273|[silent]\n|turn|2\n|\n|t:|1781388741\n|-terastallize|p2a: Terapagos|Stellar\n|detailschange|p2a: Terapagos|Terapagos-Stellar, L77, M, tera:Stellar\n|-heal|p2a: Terapagos|373/373|[silent]\n|move|p2a: Terapagos|Tera Starstorm|p1a: Rhyperior\n|-supereffective|p1a: Rhyperior\n|-damage|p1a: Rhyperior|16/323 tox\n|move|p1a: Rhyperior|Earthquake|p2a: Terapagos\n|-damage|p2a: Terapagos|177/373\n|\n|-damage|p1a: Rhyperior|0 fnt|[from] psn\n|faint|p1a: Rhyperior\n|upkeep\n|\n|t:|1781388761\n|switch|p1a: Pachirisu|Pachirisu, L96, F|271/271\n|turn|3\n|\n|t:|1781388778\n|move|p1a: Pachirisu|Discharge|p2a: Terapagos\n|-damage|p2a: Terapagos|113/373\n|move|p2a: Terapagos|Tera Starstorm|p1a: Pachirisu\n|-damage|p1a: Pachirisu|177/271\n|\n|upkeep\n|turn|4\n|\n|t:|1781388787\n|move|p1a: Pachirisu|Super Fang|p2a: Terapagos|[miss]\n|-miss|p1a: Pachirisu|p2a: Terapagos\n|move|p2a: Terapagos|Dark Pulse|p1a: Pachirisu\n|-damage|p1a: Pachirisu|115/271\n|\n|upkeep\n|turn|5\n|\n|t:|1781388795\n|move|p1a: Pachirisu|Super Fang|p2a: Terapagos\n|-damage|p2a: Terapagos|57/373\n|move|p2a: Terapagos|Rapid Spin|p1a: Pachirisu\n|-damage|p1a: Pachirisu|37/271\n|-boost|p2a: Terapagos|spe|1\n|\n|upkeep\n|turn|6\n|\n|t:|1781388803\n|move|p2a: Terapagos|Rapid Spin|p1a: Pachirisu\n|-damage|p1a: Pachirisu|0 fnt\n|-boost|p2a: Terapagos|spe|1\n|faint|p1a: Pachirisu\n|\n|upkeep\n|\n|t:|1781388811\n|switch|p1a: Iron Jugulis|Iron Jugulis, L77|271/271\n|turn|7\n|\n|t:|1781388818\n|move|p2a: Terapagos|Tera Starstorm|p1a: Iron Jugulis\n|-damage|p1a: Iron Jugulis|144/271\n|move|p1a: Iron Jugulis|Meteor Beam||[still]\n|-prepare|p1a: Iron Jugulis|Meteor Beam\n|-boost|p1a: Iron Jugulis|spa|1\n|-enditem|p1a: Iron Jugulis|Power Herb\n|-anim|p1a: Iron Jugulis|Meteor Beam|p2a: Terapagos\n|-damage|p2a: Terapagos|0 fnt\n|faint|p2a: Terapagos\n|detailschange|p2: Terapagos|Terapagos, L77, M|[silent]\n|\n|upkeep\n|\n|t:|1781388843\n|switch|p2a: Terrakion|Terrakion, L79|273/273\n|turn|8\n|\n|t:|1781388853\n|move|p2a: Terrakion|Stone Edge|p1a: Iron Jugulis\n|-supereffective|p1a: Iron Jugulis\n|-damage|p1a: Iron Jugulis|0 fnt\n|faint|p1a: Iron Jugulis\n|-end|p1a: Iron Jugulis|Quark Drive|[silent]\n|\n|upkeep\n|\n|t:|1781388859\n|switch|p1a: Manaphy|Manaphy, L78|284/284\n|turn|9\n|\n|t:|1781388867\n|move|p2a: Terrakion|Stone Edge|p1a: Manaphy\n|-damage|p1a: Manaphy|106/284\n|move|p1a: Manaphy|Surf|p2a: Terrakion\n|-supereffective|p2a: Terrakion\n|-damage|p2a: Terrakion|85/273\n|\n|-heal|p1a: Manaphy|123/284|[from] item: Leftovers\n|upkeep\n|turn|10\n|\n|t:|1781388878\n|switch|p1a: Cryogonal|Cryogonal, L89|287/287\n|move|p2a: Terrakion|Stone Edge|p1a: Cryogonal\n|-supereffective|p1a: Cryogonal\n|-damage|p1a: Cryogonal|0 fnt\n|faint|p1a: Cryogonal\n|\n|upkeep\n|c|\u2606frenoyoyoy|????\n|\n|t:|1781388887\n|switch|p1a: Klawf|Klawf, L90, F, shiny|272/272\n|turn|11\n|c|\u2606frenoyoyoy|WHAT\n|\n|t:|1781388897\n|move|p2a: Terrakion|Stone Edge|p1a: Klawf\n|-damage|p1a: Klawf|148/272\n|move|p1a: Klawf|High Horsepower|p2a: Terrakion\n|-supereffective|p2a: Terrakion\n|-damage|p2a: Terrakion|0 fnt\n|faint|p2a: Terrakion\n|\n|upkeep\n|\n|t:|1781388909\n|switch|p2a: Serperior|Serperior, L79, F|248/248\n|turn|12\n|-message|Brbr fff HD forfeited.\n|\n|win|frenoyoyoy\n|raw|Brbr fff HD's rating: 1053 &rarr; <strong>1036</strong><br />(-17 for losing)\n|raw|frenoyoyoy's rating: 1071 &rarr; <strong>1099</strong><br />(+28 for winning)\n|l|\u2606Brbr fff HD\n|player|p1|\n", "uploadtime": 1781388923, "views": 4, "formatid": "gen9randombattle", "rating": 1036, "private": 0, "password": null}