{"id": "gen9randombattle-2631980347", "format": "[Gen 9] Random Battle", "players": ["ftaochaphet", "prajkundi"], "log": "|badge|p2|silver|gen9randombattle|30-9\n|uhtml|medal-msg|<div class=\"broadcast-blue\">Curious what those medals under the avatar are? PS now has Ladder Seasons! For more information, check out the <a href=\"https://www.smogon.com/forums/threads/3740067/\">thread on Smogon.</a></div>\n|j|\u2606ftaochaphet\n|j|\u2606prajkundi\n|t:|1781462322\n|gametype|singles\n|player|p1|ftaochaphet|265|2258\n|player|p2|prajkundi|red|2309\n|gen|9\n|tier|[Gen 9] Random Battle\n|rated|\n|rule|Species Clause: Limit one of each Pok\u00e9mon\n|rule|HP Percentage Mod: HP is shown in percentages\n|rule|Sleep Clause Mod: Limit one foe put to sleep\n|rule|Illusion Level Mod: Illusion disguises the Pok\u00e9mon's true level\n|\n|t:|1781462322\n|teamsize|p1|6\n|teamsize|p2|6\n|start\n|switch|p1a: Passimian|Passimian, L83, F|302/302\n|switch|p2a: Deoxys|Deoxys-Defense, L84|221/221\n|-ability|p2a: Deoxys|Pressure\n|turn|1\n|inactive|Battle timer is ON: inactive players will automatically lose when time's up. (requested by prajkundi)\n|j| milkyteaaaa\n|\n|t:|1781462346\n|switch|p2a: Ariados|Ariados, L95, F|287/287\n|switch|p1a: Calyrex|Calyrex, L93|337/337\n|-ability|p1a: Calyrex|Unnerve\n|\n|upkeep\n|turn|2\n|inactive|prajkundi has 120 seconds left.\n|\n|t:|1781462387\n|move|p1a: Calyrex|Psychic|p2a: Ariados\n|-supereffective|p2a: Ariados\n|-damage|p2a: Ariados|87/287\n|move|p2a: Ariados|Toxic Spikes|p1a: Calyrex\n|-sidestart|p1: ftaochaphet|move: Toxic Spikes\n|\n|upkeep\n|turn|3\n|\n|t:|1781462406\n|switch|p2a: Deoxys|Deoxys-Defense, L84|221/221\n|-ability|p2a: Deoxys|Pressure\n|move|p1a: Calyrex|Psychic|p2a: Deoxys\n|-resisted|p2a: Deoxys\n|-damage|p2a: Deoxys|191/221\n|-unboost|p2a: Deoxys|spd|1\n|\n|-heal|p2a: Deoxys|204/221|[from] item: Leftovers\n|upkeep\n|turn|4\n|inactive|ftaochaphet has 120 seconds left.\n|\n|t:|1781462442\n|move|p1a: Calyrex|Leech Seed|p2a: Deoxys\n|-start|p2a: Deoxys|move: Leech Seed\n|move|p2a: Deoxys|Cosmic Power|p2a: Deoxys\n|-boost|p2a: Deoxys|def|1\n|-boost|p2a: Deoxys|spd|1\n|\n|-heal|p2a: Deoxys|217/221|[from] item: Leftovers\n|-damage|p2a: Deoxys|190/221|[from] Leech Seed|[of] p1a: Calyrex\n|upkeep\n|turn|5\n|inactive|prajkundi has 120 seconds left.\n|\n|t:|1781462462\n|switch|p1a: Arbok|Arbok, L87, F|246/246\n|-sideend|p1: ftaochaphet|move: Toxic Spikes|[of] p1a: Arbok\n|-ability|p1a: Arbok|Intimidate|boost\n|-unboost|p2a: Deoxys|atk|1\n|switch|p2a: Magcargo|Magcargo, L95, M|268/268\n|\n|upkeep\n|turn|6\n|\n|t:|1781462476\n|move|p1a: Arbok|Earthquake|p2a: Magcargo\n|-supereffective|p2a: Magcargo\n|-crit|p2a: Magcargo\n|-damage|p2a: Magcargo|0 fnt\n|faint|p2a: Magcargo\n|\n|upkeep\n|\n|t:|1781462481\n|switch|p2a: Dugtrio|Dugtrio, L84, F|196/196\n|turn|7\n|\n|t:|1781462500\n|move|p1a: Arbok|Sucker Punch|p2a: Dugtrio\n|-damage|p2a: Dugtrio|122/196\n|move|p2a: Dugtrio|Earthquake|p1a: Arbok\n|-supereffective|p1a: Arbok\n|-damage|p1a: Arbok|0 fnt\n|faint|p1a: Arbok\n|\n|upkeep\n|\n|t:|1781462510\n|switch|p1a: Passimian|Passimian, L83, F|302/302\n|turn|8\n|\n|t:|1781462518\n|switch|p2a: Ariados|Ariados, L95, F|87/287\n|move|p1a: Passimian|Knock Off|p2a: Ariados\n|-damage|p2a: Ariados|0 fnt\n|-enditem|p2a: Ariados|Heavy-Duty Boots|[from] move: Knock Off|[of] p1a: Passimian\n|faint|p2a: Ariados\n|\n|upkeep\n|\n|t:|1781462520\n|switch|p2a: Wigglytuff|Wigglytuff, L96, M|424/424\n|turn|9\n|inactive|ftaochaphet has 120 seconds left.\n|\n|t:|1781462547\n|switch|p1a: Dedenne|Dedenne, L88, F|261/261\n|move|p2a: Wigglytuff|Thunder Wave|p1a: Dedenne\n|-immune|p1a: Dedenne\n|\n|upkeep\n|turn|10\n|\n|t:|1781462552\n|switch|p2a: Dugtrio|Dugtrio, L84, F|122/196\n|move|p1a: Dedenne|Super Fang|p2a: Dugtrio\n|-damage|p2a: Dugtrio|61/196\n|\n|upkeep\n|turn|11\n|\n|t:|1781462568\n|-terastallize|p1a: Dedenne|Flying\n|move|p2a: Dugtrio|Earthquake|p1a: Dedenne\n|-immune|p1a: Dedenne\n|move|p1a: Dedenne|Dazzling Gleam|p2a: Dugtrio\n|-damage|p2a: Dugtrio|0 fnt\n|faint|p2a: Dugtrio\n|\n|upkeep\n|\n|t:|1781462576\n|switch|p2a: Minun|Minun, L95, M|268/268\n|turn|12\n|\n|t:|1781462602\n|switch|p1a: Calyrex|Calyrex, L93|337/337\n|-ability|p1a: Calyrex|Unnerve\n|move|p2a: Minun|Nasty Plot|p2a: Minun\n|-boost|p2a: Minun|spa|2\n|\n|upkeep\n|turn|13\n|\n|t:|1781462610\n|-terastallize|p2a: Minun|Electric\n|move|p2a: Minun|Thunderbolt|p1a: Calyrex\n|-resisted|p1a: Calyrex\n|-damage|p1a: Calyrex|164/337\n|-damage|p2a: Minun|242/268|[from] item: Life Orb\n|move|p1a: Calyrex|Giga Drain|p2a: Minun\n|-damage|p2a: Minun|166/268\n|-heal|p1a: Calyrex|202/337|[from] drain|[of] p2a: Minun\n|\n|-heal|p1a: Calyrex|223/337|[from] item: Leftovers\n|upkeep\n|turn|14\n|\n|t:|1781462618\n|move|p2a: Minun|Thunderbolt|p1a: Calyrex\n|-resisted|p1a: Calyrex\n|-crit|p1a: Calyrex\n|-damage|p1a: Calyrex|0 fnt\n|faint|p1a: Calyrex\n|-damage|p2a: Minun|140/268|[from] item: Life Orb\n|\n|upkeep\n|\n|t:|1781462624\n|switch|p1a: Weavile|Weavile, L79, M|239/239\n|turn|15\n|\n|t:|1781462630\n|move|p1a: Weavile|Knock Off|p2a: Minun\n|-damage|p2a: Minun|0 fnt\n|-enditem|p2a: Minun|Life Orb|[from] move: Knock Off|[of] p1a: Weavile\n|faint|p2a: Minun\n|\n|upkeep\n|\n|t:|1781462633\n|switch|p2a: Wigglytuff|Wigglytuff, L96, M|424/424\n|turn|16\n|\n|t:|1781462637\n|switch|p1a: Dedenne|Dedenne, L88, F, tera:Flying|261/261\n|move|p2a: Wigglytuff|Thunder Wave|p1a: Dedenne\n|-status|p1a: Dedenne|par\n|\n|upkeep\n|turn|17\n|\n|t:|1781462643\n|move|p2a: Wigglytuff|Alluring Voice|p1a: Dedenne\n|-damage|p1a: Dedenne|144/261 par\n|move|p1a: Dedenne|Super Fang|p2a: Wigglytuff\n|-damage|p2a: Wigglytuff|212/424\n|\n|-heal|p2a: Wigglytuff|238/424|[from] item: Leftovers\n|upkeep\n|turn|18\n|\n|t:|1781462652\n|move|p2a: Wigglytuff|Wish|p2a: Wigglytuff\n|move|p1a: Dedenne|U-turn|p2a: Wigglytuff\n|-resisted|p2a: Wigglytuff\n|-damage|p2a: Wigglytuff|211/424\n|\n|t:|1781462655\n|switch|p1a: Passimian|Passimian, L83, F|302/302|[from] U-turn\n|\n|-heal|p2a: Wigglytuff|237/424|[from] item: Leftovers\n|upkeep\n|turn|19\n|\n|t:|1781462668\n|move|p2a: Wigglytuff|Protect|p2a: Wigglytuff\n|-singleturn|p2a: Wigglytuff|Protect\n|move|p1a: Passimian|Gunk Shot|p2a: Wigglytuff\n|-activate|p2a: Wigglytuff|move: Protect\n|\n|-heal|p2a: Wigglytuff|424/424|[from] move: Wish|[wisher] Wigglytuff\n|upkeep\n|turn|20\n|\n|t:|1781462674\n|move|p1a: Passimian|Gunk Shot|p2a: Wigglytuff|[miss]\n|-miss|p1a: Passimian|p2a: Wigglytuff\n|move|p2a: Wigglytuff|Thunder Wave|p1a: Passimian\n|-status|p1a: Passimian|par\n|\n|upkeep\n|turn|21\n|\n|t:|1781462699\n|switch|p2a: Deoxys|Deoxys-Defense, L84|190/221\n|-ability|p2a: Deoxys|Pressure\n|move|p1a: Passimian|Gunk Shot|p2a: Deoxys\n|-damage|p2a: Deoxys|97/221\n|\n|-heal|p2a: Deoxys|110/221|[from] item: Leftovers\n|upkeep\n|turn|22\n|\n|t:|1781462709\n|switch|p2a: Wigglytuff|Wigglytuff, L96, M|424/424\n|switch|p1a: Weavile|Weavile, L79, M|239/239\n|\n|upkeep\n|turn|23\n|\n|t:|1781462731\n|switch|p1a: Dedenne|Dedenne, L88, F, tera:Flying|144/261 par\n|move|p2a: Wigglytuff|Wish|p2a: Wigglytuff\n|\n|upkeep\n|turn|24\n|\n|t:|1781462736\n|move|p2a: Wigglytuff|Alluring Voice|p1a: Dedenne\n|-damage|p1a: Dedenne|21/261 par\n|-enditem|p1a: Dedenne|Sitrus Berry|[eat]\n|-heal|p1a: Dedenne|86/261 par|[from] item: Sitrus Berry\n|-heal|p1a: Dedenne|173/261 par|[from] ability: Cheek Pouch\n|cant|p1a: Dedenne|par\n|\n|upkeep\n|turn|25\n|\n|t:|1781462740\n|move|p2a: Wigglytuff|Alluring Voice|p1a: Dedenne\n|-damage|p1a: Dedenne|56/261 par\n|move|p1a: Dedenne|U-turn|p2a: Wigglytuff\n|-resisted|p2a: Wigglytuff\n|-damage|p2a: Wigglytuff|397/424\n|\n|t:|1781462744\n|switch|p1a: Passimian|Passimian, L83, F|302/302 par|[from] U-turn\n|\n|-heal|p2a: Wigglytuff|423/424|[from] item: Leftovers\n|upkeep\n|turn|26\n|\n|t:|1781462751\n|move|p2a: Wigglytuff|Alluring Voice|p1a: Passimian\n|-supereffective|p1a: Passimian\n|-damage|p1a: Passimian|20/302 par\n|move|p1a: Passimian|Gunk Shot|p2a: Wigglytuff\n|-supereffective|p2a: Wigglytuff\n|-damage|p2a: Wigglytuff|0 fnt\n|faint|p2a: Wigglytuff\n|\n|upkeep\n|\n|t:|1781462753\n|switch|p2a: Deoxys|Deoxys-Defense, L84|110/221\n|-ability|p2a: Deoxys|Pressure\n|turn|27\n|\n|t:|1781462781\n|switch|p1a: Weavile|Weavile, L79, M|239/239\n|move|p2a: Deoxys|Cosmic Power|p2a: Deoxys\n|-boost|p2a: Deoxys|def|1\n|-boost|p2a: Deoxys|spd|1\n|\n|-heal|p2a: Deoxys|123/221|[from] item: Leftovers\n|upkeep\n|turn|28\n|\n|t:|1781462788\n|move|p1a: Weavile|Knock Off|p2a: Deoxys\n|-supereffective|p2a: Deoxys\n|-damage|p2a: Deoxys|0 fnt\n|-enditem|p2a: Deoxys|Leftovers|[from] move: Knock Off|[of] p1a: Weavile\n|faint|p2a: Deoxys\n|\n|win|ftaochaphet\n|raw|ftaochaphet's rating: 2232 &rarr; <strong>2255</strong><br />(+23 for winning)\n|raw|prajkundi's rating: 2288 &rarr; <strong>2265</strong><br />(-23 for losing)\n", "uploadtime": 1781462323, "views": 3, "formatid": "gen9randombattle", "rating": 2255, "private": 0, "password": null}