{"id": "gen9randombattle-2631503166", "format": "[Gen 9] Random Battle", "players": ["TheSkiDY", "catlib"], "log": "|j|\u2606TheSkiDY\n|j|\u2606catlib\n|t:|1781393402\n|gametype|singles\n|player|p1|TheSkiDY|backersf|1937\n|player|p2|catlib|birdkeeper|1988\n|gen|9\n|tier|[Gen 9] Random Battle\n|rated|\n|rule|Species Clause: Limit one of each Pok\u00e9mon\n|rule|HP Percentage Mod: HP is shown in percentages\n|rule|Sleep Clause Mod: Limit one foe put to sleep\n|rule|Illusion Level Mod: Illusion disguises the Pok\u00e9mon's true level\n|\n|t:|1781393402\n|teamsize|p1|6\n|teamsize|p2|6\n|start\n|switch|p1a: Bruxish|Bruxish, L85, M|254/254\n|switch|p2a: Munkidori|Munkidori, L79, M|269/269\n|turn|1\n|inactive|Battle timer is ON: inactive players will automatically lose when time's up. (requested by catlib)\n|\n|t:|1781393413\n|move|p2a: Munkidori|Fake Out|p1a: Bruxish\n|-damage|p1a: Bruxish|227/254\n|cant|p1a: Bruxish|flinch\n|\n|upkeep\n|turn|2\n|\n|t:|1781393417\n|move|p2a: Munkidori|U-turn|p1a: Bruxish\n|-supereffective|p1a: Bruxish\n|-damage|p1a: Bruxish|141/254\n|\n|t:|1781393437\n|switch|p2a: Wo-Chien|Wo-Chien, L83|277/277|[from] U-turn\n|-ability|p2a: Wo-Chien|Tablets of Ruin\n|move|p1a: Bruxish|Crunch|p2a: Wo-Chien\n|-resisted|p2a: Wo-Chien\n|-damage|p2a: Wo-Chien|235/277\n|-damage|p1a: Bruxish|116/254|[from] item: Life Orb\n|\n|-heal|p2a: Wo-Chien|252/277|[from] item: Leftovers\n|upkeep\n|turn|3\n|\n|t:|1781393445\n|switch|p1a: Dragalge|Dragalge, L88, F|258/258\n|move|p2a: Wo-Chien|Knock Off|p1a: Dragalge\n|-crit|p1a: Dragalge\n|-damage|p1a: Dragalge|119/258\n|-enditem|p1a: Dragalge|Leftovers|[from] move: Knock Off|[of] p2a: Wo-Chien\n|\n|-heal|p2a: Wo-Chien|269/277|[from] item: Leftovers\n|upkeep\n|turn|4\n|inactive|catlib has 120 seconds left.\n|\n|t:|1781393478\n|switch|p2a: Munkidori|Munkidori, L79, M|269/269\n|move|p1a: Dragalge|Toxic Spikes|p2a: Munkidori\n|-sidestart|p2: catlib|move: Toxic Spikes\n|\n|upkeep\n|turn|5\n|\n|t:|1781393489\n|switch|p1a: Wyrdeer|Wyrdeer, L87, F|321/321\n|-ability|p1a: Wyrdeer|Intimidate|boost\n|-unboost|p2a: Munkidori|atk|1\n|move|p2a: Munkidori|Psychic Noise|p1a: Wyrdeer\n|-resisted|p1a: Wyrdeer\n|-crit|p1a: Wyrdeer\n|-damage|p1a: Wyrdeer|253/321\n|-start|p1a: Wyrdeer|move: Heal Block\n|\n|upkeep\n|turn|6\n|\n|t:|1781393496\n|move|p2a: Munkidori|U-turn|p1a: Wyrdeer\n|-supereffective|p1a: Wyrdeer\n|-damage|p1a: Wyrdeer|199/321\n|\n|t:|1781393508\n|switch|p2a: Bombirdier|Bombirdier, L85, M|258/258|[from] U-turn\n|move|p1a: Wyrdeer|Thunder Wave|p2a: Bombirdier\n|-status|p2a: Bombirdier|par\n|\n|-end|p1a: Wyrdeer|move: Heal Block\n|upkeep\n|turn|7\n|\n|t:|1781393526\n|switch|p1a: Luvdisc|Luvdisc, F|247/247\n|cant|p2a: Bombirdier|par\n|\n|upkeep\n|turn|8\n|\n|t:|1781393533\n|move|p1a: Luvdisc|Substitute|p1a: Luvdisc\n|-start|p1a: Luvdisc|Substitute\n|-damage|p1a: Luvdisc|186/247\n|move|p2a: Bombirdier|U-turn|p1a: Luvdisc\n|-end|p1a: Luvdisc|Substitute\n|\n|t:|1781393535\n|switch|p2a: Munkidori|Munkidori, L79, M|269/269|[from] U-turn\n|-sideend|p2: catlib|move: Toxic Spikes|[of] p2a: Munkidori\n|\n|upkeep\n|turn|9\n|\n|t:|1781393542\n|move|p2a: Munkidori|Fake Out|p1a: Luvdisc\n|-crit|p1a: Luvdisc\n|-damage|p1a: Luvdisc|152/247\n|cant|p1a: Luvdisc|flinch\n|\n|upkeep\n|turn|10\n|\n|t:|1781393548\n|move|p1a: Luvdisc|Whirlpool|p2a: Munkidori\n|-damage|p2a: Munkidori|250/269\n|-activate|p2a: Munkidori|move: Whirlpool|[of] p1a: Luvdisc\n|move|p2a: Munkidori|Psychic Noise|p1a: Luvdisc\n|-damage|p1a: Luvdisc|64/247\n|-start|p1a: Luvdisc|move: Heal Block\n|-status|p1a: Luvdisc|tox|[from] ability: Toxic Chain|[of] p2a: Munkidori\n|\n|-damage|p1a: Luvdisc|49/247 tox|[from] psn\n|-damage|p2a: Munkidori|217/269|[from] move: Whirlpool|[partiallytrapped]\n|upkeep\n|turn|11\n|\n|t:|1781393554\n|move|p1a: Luvdisc|Endeavor|p2a: Munkidori\n|-damage|p2a: Munkidori|49/269\n|move|p2a: Munkidori|U-turn|p1a: Luvdisc\n|-damage|p1a: Luvdisc|6/247 tox\n|\n|t:|1781393565\n|switch|p2a: Sylveon|Sylveon, L85, M|300/300|[from] U-turn\n|\n|-damage|p1a: Luvdisc|0 fnt|[from] psn\n|faint|p1a: Luvdisc\n|upkeep\n|\n|t:|1781393585\n|switch|p1a: Bruxish|Bruxish, L85, M|116/254\n|turn|12\n|\n|t:|1781393605\n|move|p1a: Bruxish|Wave Crash|p2a: Sylveon\n|-damage|p2a: Sylveon|80/300\n|-damage|p1a: Bruxish|43/254|[from] Recoil\n|-damage|p1a: Bruxish|18/254|[from] item: Life Orb\n|move|p2a: Sylveon|Wish|p2a: Sylveon\n|\n|-heal|p2a: Sylveon|98/300|[from] item: Leftovers\n|upkeep\n|turn|13\n|\n|t:|1781393612\n|move|p2a: Sylveon|Protect|p2a: Sylveon\n|-singleturn|p2a: Sylveon|Protect\n|move|p1a: Bruxish|Swords Dance|p1a: Bruxish\n|-boost|p1a: Bruxish|atk|2\n|\n|-heal|p2a: Sylveon|248/300|[from] move: Wish|[wisher] Sylveon\n|-heal|p2a: Sylveon|266/300|[from] item: Leftovers\n|upkeep\n|turn|14\n|\n|t:|1781393617\n|switch|p2a: Munkidori|Munkidori, L79, M|49/269\n|move|p1a: Bruxish|Psychic Fangs|p2a: Munkidori\n|-damage|p2a: Munkidori|0 fnt\n|faint|p2a: Munkidori\n|-damage|p1a: Bruxish|0 fnt|[from] item: Life Orb\n|faint|p1a: Bruxish\n|\n|upkeep\n|\n|t:|1781393628\n|switch|p2a: Bombirdier|Bombirdier, L85, M|258/258 par\n|switch|p1a: Wyrdeer|Wyrdeer, L87, F|199/321\n|-ability|p1a: Wyrdeer|Intimidate|boost\n|-unboost|p2a: Bombirdier|atk|1\n|turn|15\n|\n|t:|1781393633\n|move|p1a: Wyrdeer|Body Slam|p2a: Bombirdier\n|-damage|p2a: Bombirdier|155/258 par\n|move|p2a: Bombirdier|Knock Off|p1a: Wyrdeer\n|-supereffective|p1a: Wyrdeer\n|-damage|p1a: Wyrdeer|29/321\n|-enditem|p1a: Wyrdeer|Leftovers|[from] move: Knock Off|[of] p2a: Bombirdier\n|\n|upkeep\n|turn|16\n|\n|t:|1781393638\n|move|p1a: Wyrdeer|Body Slam|p2a: Bombirdier\n|-damage|p2a: Bombirdier|43/258 par\n|cant|p2a: Bombirdier|par\n|\n|upkeep\n|turn|17\n|\n|t:|1781393642\n|move|p1a: Wyrdeer|Body Slam|p2a: Bombirdier\n|-damage|p2a: Bombirdier|0 fnt\n|faint|p2a: Bombirdier\n|\n|upkeep\n|\n|t:|1781393648\n|switch|p2a: Wo-Chien|Wo-Chien, L83|269/277\n|-ability|p2a: Wo-Chien|Tablets of Ruin\n|turn|18\n|\n|t:|1781393652\n|move|p2a: Wo-Chien|Giga Drain|p1a: Wyrdeer\n|-damage|p1a: Wyrdeer|0 fnt\n|-heal|p2a: Wo-Chien|277/277|[from] drain|[of] p1a: Wyrdeer\n|faint|p1a: Wyrdeer\n|\n|upkeep\n|\n|t:|1781393663\n|switch|p1a: Dragalge|Dragalge, L88, F|119/258\n|turn|19\n|\n|t:|1781393673\n|switch|p2a: Gholdengo|Gholdengo, L77|261/261\n|move|p1a: Dragalge|Sludge Wave|p2a: Gholdengo\n|-immune|p2a: Gholdengo\n|\n|upkeep\n|turn|20\n|\n|t:|1781393684\n|switch|p1a: Arboliva|Arboliva, L91, F|288/288\n|move|p2a: Gholdengo|Nasty Plot|p2a: Gholdengo\n|-boost|p2a: Gholdengo|spa|2\n|\n|upkeep\n|turn|21\n|-message|TheSkiDY forfeited.\n|\n|win|catlib\n", "uploadtime": 1781393406, "views": 3, "formatid": "gen9randombattle", "rating": null, "private": 0, "password": null}