{"id": "gen9randombattle-2631866045", "format": "[Gen 9] Random Battle", "players": ["YouShallNotPas", "kevinnopants"], "log": "|j|\u2606YouShallNotPas\n|j|\u2606kevinnopants\n|t:|1781449803\n|gametype|singles\n|player|p1|YouShallNotPas|101|1975\n|player|p2|kevinnopants|2|1964\n|gen|9\n|tier|[Gen 9] Random Battle\n|rated|\n|rule|Species Clause: Limit one of each Pok\u00e9mon\n|rule|HP Percentage Mod: HP is shown in percentages\n|rule|Sleep Clause Mod: Limit one foe put to sleep\n|rule|Illusion Level Mod: Illusion disguises the Pok\u00e9mon's true level\n|\n|t:|1781449803\n|teamsize|p1|6\n|teamsize|p2|6\n|start\n|switch|p1a: Mew|Mew, L82|298/298\n|switch|p2a: Regieleki|Regieleki, L79|256/256\n|turn|1\n|\n|t:|1781449815\n|move|p2a: Regieleki|Thunderbolt|p1a: Mew\n|-damage|p1a: Mew|166/298\n|move|p1a: Mew|Stealth Rock|p2a: Regieleki\n|-sidestart|p2: kevinnopants|move: Stealth Rock\n|\n|-heal|p1a: Mew|184/298|[from] item: Leftovers\n|upkeep\n|turn|2\n|\n|t:|1781449827\n|move|p2a: Regieleki|Rapid Spin|p1a: Mew\n|-damage|p1a: Mew|152/298\n|-boost|p2a: Regieleki|spe|1\n|-sideend|p2: kevinnopants|Stealth Rock|[from] move: Rapid Spin|[of] p2a: Regieleki\n|move|p1a: Mew|U-turn|p2a: Regieleki\n|-damage|p2a: Regieleki|180/256\n|\n|t:|1781449870\n|switch|p1a: Flutter Mane|Flutter Mane, L74|203/203|[from] U-turn\n|\n|upkeep\n|turn|3\n|\n|t:|1781449882\n|move|p2a: Regieleki|Volt Switch|p1a: Flutter Mane\n|-damage|p1a: Flutter Mane|125/203\n|\n|t:|1781449890\n|switch|p2a: Lapras|Lapras, L87, F|368/368|[from] Volt Switch\n|move|p1a: Flutter Mane|Moonblast|p2a: Lapras\n|-damage|p2a: Lapras|233/368\n|\n|upkeep\n|turn|4\n|\n|t:|1781449901\n|-end|p1a: Flutter Mane|Protosynthesis|[silent]\n|switch|p1a: Girafarig|Girafarig, L89, F|269/269\n|move|p2a: Lapras|Sparkling Aria|p1a: Girafarig\n|-damage|p1a: Girafarig|200/269\n|\n|upkeep\n|turn|5\n|\n|t:|1781449909\n|switch|p2a: Sableye|Sableye, L88, F|231/231\n|move|p1a: Girafarig|Nasty Plot|p1a: Girafarig\n|-boost|p1a: Girafarig|spa|2\n|\n|upkeep\n|turn|6\n|\n|t:|1781449915\n|switch|p1a: Mew|Mew, L82|152/298\n|move|p2a: Sableye|Knock Off|p1a: Mew\n|-supereffective|p1a: Mew\n|-damage|p1a: Mew|0 fnt\n|-enditem|p1a: Mew|Leftovers|[from] move: Knock Off|[of] p2a: Sableye\n|faint|p1a: Mew\n|\n|upkeep\n|\n|t:|1781449923\n|switch|p1a: Incineroar|Incineroar, L82, F|290/290\n|-ability|p1a: Incineroar|Intimidate|boost\n|-unboost|p2a: Sableye|atk|1\n|turn|7\n|\n|t:|1781449929\n|switch|p2a: Garganacl|Garganacl, L80, M|291/291\n|move|p1a: Incineroar|Knock Off|p2a: Garganacl\n|-damage|p2a: Garganacl|204/291\n|-enditem|p2a: Garganacl|Leftovers|[from] move: Knock Off|[of] p1a: Incineroar\n|\n|upkeep\n|turn|8\n|\n|t:|1781449944\n|-terastallize|p1a: Incineroar|Fighting\n|move|p1a: Incineroar|Close Combat|p2a: Garganacl\n|-supereffective|p2a: Garganacl\n|-damage|p2a: Garganacl|0 fnt\n|-unboost|p1a: Incineroar|def|1\n|-unboost|p1a: Incineroar|spd|1\n|faint|p2a: Garganacl\n|\n|upkeep\n|\n|t:|1781449952\n|switch|p2a: Sableye|Sableye, L88, F|231/231\n|turn|9\n|\n|t:|1781449959\n|switch|p1a: Flutter Mane|Flutter Mane, L74|125/203\n|move|p2a: Sableye|Knock Off|p1a: Flutter Mane\n|-damage|p1a: Flutter Mane|0 fnt\n|-enditem|p1a: Flutter Mane|Choice Specs|[from] move: Knock Off|[of] p2a: Sableye\n|faint|p1a: Flutter Mane\n|-end|p1a: Flutter Mane|Protosynthesis|[silent]\n|\n|upkeep\n|\n|t:|1781449966\n|switch|p1a: Incineroar|Incineroar, L82, F, tera:Fighting|290/290\n|-ability|p1a: Incineroar|Intimidate|boost\n|-unboost|p2a: Sableye|atk|1\n|turn|10\n|\n|t:|1781449972\n|move|p2a: Sableye|Will-O-Wisp|p1a: Incineroar\n|-status|p1a: Incineroar|brn\n|move|p1a: Incineroar|Overheat|p2a: Sableye|[miss]\n|-miss|p1a: Incineroar|p2a: Sableye\n|\n|-damage|p1a: Incineroar|272/290 brn|[from] brn\n|upkeep\n|turn|11\n|\n|t:|1781449980\n|move|p2a: Sableye|Encore|p1a: Incineroar\n|-start|p1a: Incineroar|Encore\n|move|p1a: Incineroar|Overheat|p2a: Sableye\n|-damage|p2a: Sableye|86/231\n|-unboost|p1a: Incineroar|spa|2\n|\n|-heal|p2a: Sableye|100/231|[from] item: Leftovers\n|-damage|p1a: Incineroar|254/290 brn|[from] brn\n|upkeep\n|turn|12\n|\n|t:|1781449990\n|switch|p1a: Klawf|Klawf, L90, F|272/272\n|move|p2a: Sableye|Knock Off|p1a: Klawf\n|-damage|p1a: Klawf|223/272\n|-enditem|p1a: Klawf|Choice Scarf|[from] move: Knock Off|[of] p2a: Sableye\n|\n|-heal|p2a: Sableye|114/231|[from] item: Leftovers\n|upkeep\n|turn|13\n|\n|t:|1781449997\n|switch|p1a: Incineroar|Incineroar, L82, F, tera:Fighting|254/290 brn\n|-ability|p1a: Incineroar|Intimidate|boost\n|-unboost|p2a: Sableye|atk|1\n|move|p2a: Sableye|Will-O-Wisp|p1a: Incineroar\n|-fail|p1a: Incineroar|brn\n|\n|-heal|p2a: Sableye|128/231|[from] item: Leftovers\n|-damage|p1a: Incineroar|236/290 brn|[from] brn\n|upkeep\n|turn|14\n|\n|t:|1781450009\n|move|p2a: Sableye|Recover|p2a: Sableye\n|-heal|p2a: Sableye|231/231\n|move|p1a: Incineroar|U-turn|p2a: Sableye\n|-damage|p2a: Sableye|202/231\n|\n|t:|1781450015\n|switch|p1a: Iron Jugulis|Iron Jugulis, L77|271/271|[from] U-turn\n|\n|-heal|p2a: Sableye|216/231|[from] item: Leftovers\n|upkeep\n|turn|15\n|\n|t:|1781450022\n|move|p1a: Iron Jugulis|Hurricane|p2a: Sableye\n|-damage|p2a: Sableye|0 fnt\n|faint|p2a: Sableye\n|\n|upkeep\n|\n|t:|1781450028\n|switch|p2a: Regieleki|Regieleki, L79|180/256\n|turn|16\n|\n|t:|1781450034\n|-end|p1a: Iron Jugulis|Quark Drive|[silent]\n|switch|p1a: Girafarig|Girafarig, L89, F|200/269\n|move|p2a: Regieleki|Thunderbolt|p1a: Girafarig\n|-damage|p1a: Girafarig|95/269\n|\n|upkeep\n|turn|17\n|\n|t:|1781450042\n|-terastallize|p2a: Regieleki|Electric\n|move|p2a: Regieleki|Thunderbolt|p1a: Girafarig\n|-damage|p1a: Girafarig|0 fnt\n|faint|p1a: Girafarig\n|\n|upkeep\n|\n|t:|1781450050\n|switch|p1a: Incineroar|Incineroar, L82, F, tera:Fighting|236/290 brn\n|-ability|p1a: Incineroar|Intimidate|boost\n|-unboost|p2a: Regieleki|atk|1\n|turn|18\n|\n|t:|1781450054\n|move|p2a: Regieleki|Volt Switch|p1a: Incineroar\n|-damage|p1a: Incineroar|142/290 brn\n|\n|t:|1781450062\n|switch|p2a: Lapras|Lapras, L87, F|233/368|[from] Volt Switch\n|move|p1a: Incineroar|U-turn|p2a: Lapras\n|-damage|p2a: Lapras|203/368\n|\n|t:|1781450085\n|switch|p1a: Klawf|Klawf, L90, F|272/272|[from] U-turn\n|\n|upkeep\n|turn|19\n|\n|t:|1781450094\n|move|p1a: Klawf|Stone Edge|p2a: Lapras\n|-supereffective|p2a: Lapras\n|-crit|p2a: Lapras\n|-damage|p2a: Lapras|0 fnt\n|faint|p2a: Lapras\n|\n|upkeep\n|\n|t:|1781450100\n|switch|p2a: Zekrom|Zekrom, L71|259/259\n|-ability|p2a: Zekrom|Teravolt\n|turn|20\n|\n|t:|1781450116\n|move|p1a: Klawf|High Horsepower|p2a: Zekrom|[miss]\n|-miss|p1a: Klawf|p2a: Zekrom\n|move|p2a: Zekrom|Dragon Dance|p2a: Zekrom\n|-boost|p2a: Zekrom|atk|1\n|-boost|p2a: Zekrom|spe|1\n|\n|upkeep\n|turn|21\n|\n|t:|1781450123\n|move|p2a: Zekrom|Outrage|p1a: Klawf\n|-damage|p1a: Klawf|121/272\n|move|p1a: Klawf|High Horsepower|p2a: Zekrom\n|-supereffective|p2a: Zekrom\n|-damage|p2a: Zekrom|123/259\n|\n|-heal|p2a: Zekrom|139/259|[from] item: Leftovers\n|upkeep\n|turn|22\n|\n|t:|1781450132\n|switch|p1a: Incineroar|Incineroar, L82, F, tera:Fighting|142/290 brn\n|-ability|p1a: Incineroar|Intimidate|boost\n|-unboost|p2a: Zekrom|atk|1\n|move|p2a: Zekrom|Outrage|p1a: Incineroar|[from] lockedmove\n|-damage|p1a: Incineroar|10/290 brn\n|\n|-heal|p2a: Zekrom|155/259|[from] item: Leftovers\n|-damage|p1a: Incineroar|0 fnt|[from] brn\n|faint|p1a: Incineroar\n|upkeep\n|\n|t:|1781450150\n|switch|p1a: Klawf|Klawf, L90, F|211/272\n|turn|23\n|inactive|Battle timer is ON: inactive players will automatically lose when time's up. (requested by YouShallNotPas)\n|\n|t:|1781450215\n|move|p2a: Zekrom|Outrage|p1a: Klawf|[from] lockedmove\n|-damage|p1a: Klawf|114/272\n|-start|p2a: Zekrom|confusion|[fatigue]\n|move|p1a: Klawf|High Horsepower|p2a: Zekrom\n|-supereffective|p2a: Zekrom\n|-damage|p2a: Zekrom|1/259\n|\n|-heal|p2a: Zekrom|17/259|[from] item: Leftovers\n|upkeep\n|turn|24\n|\n|t:|1781450225\n|switch|p1a: Iron Jugulis|Iron Jugulis, L77|271/271\n|-activate|p2a: Zekrom|confusion\n|-damage|p2a: Zekrom|0 fnt|[from] confusion\n|faint|p2a: Zekrom\n|\n|upkeep\n|\n|t:|1781450228\n|switch|p2a: Regieleki|Regieleki, L79, tera:Electric|180/256\n|turn|25\n|\n|t:|1781450237\n|move|p2a: Regieleki|Thunderbolt|p1a: Iron Jugulis\n|-supereffective|p1a: Iron Jugulis\n|-crit|p1a: Iron Jugulis\n|-damage|p1a: Iron Jugulis|0 fnt\n|faint|p1a: Iron Jugulis\n|-end|p1a: Iron Jugulis|Quark Drive|[silent]\n|\n|upkeep\n|\n|t:|1781450242\n|switch|p1a: Klawf|Klawf, L90, F|204/272\n|turn|26\n|c|\u2606kevinnopants|gg\n|\n|t:|1781450246\n|move|p2a: Regieleki|Thunderbolt|p1a: Klawf\n|-damage|p1a: Klawf|0 fnt\n|faint|p1a: Klawf\n|\n|win|kevinnopants\n", "uploadtime": 1781449806, "views": 4, "formatid": "gen9randombattle", "rating": null, "private": 0, "password": null}