{"id": "gen9randombattle-2631817483", "format": "[Gen 9] Random Battle", "players": ["Saaskin", "joebidenfan1245"], "log": "|j|\u2606Saaskin\n|j|\u203djoebidenfan1245\n|t:|1781443931\n|gametype|singles\n|player|p1|Saaskin|265|1997\n|player|p2|joebidenfan1245|265|2027\n|gen|9\n|tier|[Gen 9] Random Battle\n|rated|\n|rule|Species Clause: Limit one of each Pok\u00e9mon\n|rule|HP Percentage Mod: HP is shown in percentages\n|rule|Sleep Clause Mod: Limit one foe put to sleep\n|rule|Illusion Level Mod: Illusion disguises the Pok\u00e9mon's true level\n|\n|t:|1781443931\n|teamsize|p1|6\n|teamsize|p2|6\n|start\n|switch|p1a: Farigiraf|Farigiraf, L90, F|362/362\n|switch|p2a: Clefable|Clefable, L83, F|293/293\n|turn|1\n|inactive|Battle timer is ON: inactive players will automatically lose when time's up. (requested by Saaskin)\n|\n|t:|1781443957\n|move|p1a: Farigiraf|Body Slam|p2a: Clefable\n|-crit|p2a: Clefable\n|-damage|p2a: Clefable|118/293\n|move|p2a: Clefable|Stealth Rock|p1a: Farigiraf\n|-sidestart|p1: Saaskin|move: Stealth Rock\n|\n|upkeep\n|turn|2\n|\n|t:|1781443976\n|switch|p2a: Glaceon|Glaceon, L94, M|275/275\n|move|p1a: Farigiraf|Psychic Noise|p2a: Glaceon\n|-damage|p2a: Glaceon|187/275\n|-start|p2a: Glaceon|move: Heal Block\n|\n|upkeep\n|turn|3\n|\n|t:|1781443981\n|move|p2a: Glaceon|Freeze-Dry|p1a: Farigiraf\n|-damage|p1a: Farigiraf|238/362\n|move|p1a: Farigiraf|Body Slam|p2a: Glaceon\n|-damage|p2a: Glaceon|112/275\n|\n|-heal|p1a: Farigiraf|260/362|[from] item: Leftovers\n|-end|p2a: Glaceon|move: Heal Block\n|upkeep\n|turn|4\n|\n|t:|1781443986\n|move|p2a: Glaceon|Wish|p2a: Glaceon\n|move|p1a: Farigiraf|Body Slam|p2a: Glaceon\n|-damage|p2a: Glaceon|40/275\n|\n|-heal|p1a: Farigiraf|282/362|[from] item: Leftovers\n|upkeep\n|turn|5\n|\n|t:|1781443990\n|move|p2a: Glaceon|Protect|p2a: Glaceon\n|-singleturn|p2a: Glaceon|Protect\n|move|p1a: Farigiraf|Wish|p1a: Farigiraf\n|\n|-heal|p2a: Glaceon|177/275|[from] move: Wish|[wisher] Glaceon\n|-heal|p1a: Farigiraf|304/362|[from] item: Leftovers\n|upkeep\n|turn|6\n|\n|t:|1781444003\n|move|p2a: Glaceon|Freeze-Dry|p1a: Farigiraf\n|-damage|p1a: Farigiraf|168/362\n|-status|p1a: Farigiraf|frz\n|cant|p1a: Farigiraf|frz\n|\n|-heal|p1a: Farigiraf|349/362 frz|[from] move: Wish|[wisher] Farigiraf\n|-heal|p1a: Farigiraf|362/362 frz|[from] item: Leftovers\n|upkeep\n|turn|7\n|\n|t:|1781444013\n|switch|p1a: Hoopa|Hoopa, L85|275/275\n|-damage|p1a: Hoopa|241/275|[from] Stealth Rock\n|move|p2a: Glaceon|Calm Mind|p2a: Glaceon\n|-boost|p2a: Glaceon|spa|1\n|-boost|p2a: Glaceon|spd|1\n|\n|upkeep\n|turn|8\n|\n|t:|1781444021\n|move|p1a: Hoopa|Trick|p2a: Glaceon\n|-activate|p1a: Hoopa|move: Trick|[of] p2a: Glaceon\n|-item|p2a: Glaceon|Choice Scarf|[from] move: Trick\n|-item|p1a: Hoopa|Heavy-Duty Boots|[from] move: Trick\n|move|p2a: Glaceon|Freeze-Dry|p1a: Hoopa\n|-damage|p1a: Hoopa|106/275\n|\n|upkeep\n|turn|9\n|\n|t:|1781444028\n|move|p2a: Glaceon|Freeze-Dry|p1a: Hoopa\n|-damage|p1a: Hoopa|0 fnt\n|faint|p1a: Hoopa\n|\n|upkeep\n|\n|t:|1781444033\n|switch|p1a: Dudunsparce|Dudunsparce-Three-Segment, L83, F|343/343\n|-damage|p1a: Dudunsparce|301/343|[from] Stealth Rock\n|turn|10\n|\n|t:|1781444036\n|move|p2a: Glaceon|Freeze-Dry|p1a: Dudunsparce\n|-damage|p1a: Dudunsparce|118/343\n|move|p1a: Dudunsparce|Calm Mind|p1a: Dudunsparce\n|-boost|p1a: Dudunsparce|spa|1\n|-boost|p1a: Dudunsparce|spd|1\n|\n|-heal|p1a: Dudunsparce|139/343|[from] item: Leftovers\n|upkeep\n|turn|11\n|\n|t:|1781444041\n|move|p2a: Glaceon|Freeze-Dry|p1a: Dudunsparce\n|-damage|p1a: Dudunsparce|0 fnt\n|faint|p1a: Dudunsparce\n|\n|upkeep\n|-message|Saaskin forfeited.\n|\n|win|joebidenfan1245\n", "uploadtime": 1781443934, "views": 3, "formatid": "gen9randombattle", "rating": null, "private": 0, "password": null}