{"id": "gen9randombattle-2631478877", "format": "[Gen 9] Random Battle", "players": ["soccrbeast888", "RainbowRoxy890"], "log": "|j|\u2606soccrbeast888\n|j|\u2606RainbowRoxy890\n|t:|1781390007\n|gametype|singles\n|player|p1|soccrbeast888|rancher|2089\n|player|p2|RainbowRoxy890|102|2062\n|gen|9\n|tier|[Gen 9] Random Battle\n|rated|\n|rule|Species Clause: Limit one of each Pok\u00e9mon\n|rule|HP Percentage Mod: HP is shown in percentages\n|rule|Sleep Clause Mod: Limit one foe put to sleep\n|rule|Illusion Level Mod: Illusion disguises the Pok\u00e9mon's true level\n|\n|t:|1781390007\n|teamsize|p1|6\n|teamsize|p2|6\n|start\n|switch|p1a: Baxcalibur|Baxcalibur, L75, M|296/296\n|switch|p2a: Lucario|Lucario, L84, M|255/255\n|turn|1\n|inactive|Battle timer is ON: inactive players will automatically lose when time's up. (requested by RainbowRoxy890)\n|inactive|soccrbeast888 has 120 seconds left.\n|\n|t:|1781390040\n|move|p2a: Lucario|Meteor Mash|p1a: Baxcalibur\n|-supereffective|p1a: Baxcalibur\n|-damage|p1a: Baxcalibur|0 fnt\n|faint|p1a: Baxcalibur\n|\n|upkeep\n|\n|t:|1781390052\n|switch|p1a: Emboar|Emboar, L84, M|322/322\n|turn|2\n|\n|t:|1781390064\n|switch|p2a: Appletun|Appletun, L92, M|352/352\n|move|p1a: Emboar|Trailblaze|p2a: Appletun\n|-resisted|p2a: Appletun\n|-damage|p2a: Appletun|342/352\n|-boost|p1a: Emboar|spe|1\n|\n|-heal|p2a: Appletun|352/352|[from] item: Leftovers\n|upkeep\n|turn|3\n|\n|t:|1781390079\n|switch|p1a: Scream Tail|Scream Tail, L84|330/330\n|move|p2a: Appletun|Dragon Tail|p1a: Scream Tail\n|-immune|p1a: Scream Tail\n|\n|upkeep\n|turn|4\n|inactive|RainbowRoxy890 has 120 seconds left.\n|\n|t:|1781390114\n|move|p1a: Scream Tail|Thunder Wave|p2a: Appletun\n|-status|p2a: Appletun|par\n|move|p2a: Appletun|Apple Acid|p1a: Scream Tail\n|-damage|p1a: Scream Tail|245/330\n|-unboost|p1a: Scream Tail|spd|1\n|\n|-heal|p1a: Scream Tail|265/330|[from] item: Leftovers\n|upkeep\n|turn|5\n|\n|t:|1781390127\n|move|p1a: Scream Tail|Dazzling Gleam|p2a: Appletun\n|-supereffective|p2a: Appletun\n|-damage|p2a: Appletun|220/352 par\n|move|p2a: Appletun|Apple Acid|p1a: Scream Tail\n|-damage|p1a: Scream Tail|144/330\n|-unboost|p1a: Scream Tail|spd|1\n|\n|-heal|p1a: Scream Tail|164/330|[from] item: Leftovers\n|-heal|p2a: Appletun|242/352 par|[from] item: Leftovers\n|upkeep\n|turn|6\n|\n|t:|1781390147\n|-end|p1a: Scream Tail|Protosynthesis|[silent]\n|switch|p1a: Deoxys|Deoxys-Speed, L82|216/216\n|-ability|p1a: Deoxys|Pressure\n|move|p2a: Appletun|Apple Acid|p1a: Deoxys\n|-damage|p1a: Deoxys|117/216\n|-unboost|p1a: Deoxys|spd|1\n|\n|-heal|p1a: Deoxys|130/216|[from] item: Leftovers\n|-heal|p2a: Appletun|264/352 par|[from] item: Leftovers\n|upkeep\n|turn|7\n|\n|t:|1781390155\n|move|p1a: Deoxys|Stealth Rock|p2a: Appletun\n|-sidestart|p2: RainbowRoxy890|move: Stealth Rock\n|move|p2a: Appletun|Apple Acid|p1a: Deoxys\n|-damage|p1a: Deoxys|0 fnt\n|faint|p1a: Deoxys\n|\n|-heal|p2a: Appletun|286/352 par|[from] item: Leftovers\n|upkeep\n|\n|t:|1781390171\n|switch|p1a: Primarina|Primarina, L83, F|268/268\n|turn|8\n|\n|t:|1781390180\n|move|p1a: Primarina|Calm Mind|p1a: Primarina\n|-boost|p1a: Primarina|spa|1\n|-boost|p1a: Primarina|spd|1\n|move|p2a: Appletun|Apple Acid|p1a: Primarina\n|-supereffective|p1a: Primarina\n|-damage|p1a: Primarina|148/268\n|-unboost|p1a: Primarina|spd|1\n|\n|-heal|p1a: Primarina|164/268|[from] item: Leftovers\n|-heal|p2a: Appletun|308/352 par|[from] item: Leftovers\n|upkeep\n|turn|9\n|\n|t:|1781390190\n|move|p1a: Primarina|Draining Kiss|p2a: Appletun\n|-supereffective|p2a: Appletun\n|-damage|p2a: Appletun|114/352 par\n|-heal|p1a: Primarina|268/268|[from] drain|[of] p2a: Appletun\n|move|p2a: Appletun|Apple Acid|p1a: Primarina\n|-supereffective|p1a: Primarina\n|-damage|p1a: Primarina|100/268\n|-unboost|p1a: Primarina|spd|1\n|\n|-heal|p1a: Primarina|116/268|[from] item: Leftovers\n|-heal|p2a: Appletun|136/352 par|[from] item: Leftovers\n|upkeep\n|turn|10\n|\n|t:|1781390202\n|move|p1a: Primarina|Draining Kiss|p2a: Appletun\n|-supereffective|p2a: Appletun\n|-damage|p2a: Appletun|0 fnt\n|-heal|p1a: Primarina|218/268|[from] drain|[of] p2a: Appletun\n|faint|p2a: Appletun\n|\n|-heal|p1a: Primarina|234/268|[from] item: Leftovers\n|upkeep\n|\n|t:|1781390205\n|switch|p2a: Brambleghast|Brambleghast, L88, M|240/240\n|turn|11\n|\n|t:|1781390219\n|move|p2a: Brambleghast|Rapid Spin|p1a: Primarina\n|-damage|p1a: Primarina|182/268\n|-boost|p2a: Brambleghast|spe|1\n|-sideend|p2: RainbowRoxy890|Stealth Rock|[from] move: Rapid Spin|[of] p2a: Brambleghast\n|move|p1a: Primarina|Draining Kiss|p2a: Brambleghast\n|-damage|p2a: Brambleghast|122/240\n|-heal|p1a: Primarina|268/268|[from] drain|[of] p2a: Brambleghast\n|\n|upkeep\n|turn|12\n|\n|t:|1781390240\n|switch|p1a: Emboar|Emboar, L84, M|322/322\n|move|p2a: Brambleghast|Power Whip|p1a: Emboar\n|-resisted|p1a: Emboar\n|-damage|p1a: Emboar|217/322\n|\n|-heal|p1a: Emboar|237/322|[from] item: Leftovers\n|upkeep\n|turn|13\n|\n|t:|1781390253\n|move|p2a: Brambleghast|Poltergeist|p1a: Emboar\n|-activate|p1a: Emboar|move: Poltergeist|Leftovers\n|-damage|p1a: Emboar|50/322\n|move|p1a: Emboar|Bulk Up|p1a: Emboar\n|-boost|p1a: Emboar|atk|1\n|-boost|p1a: Emboar|def|1\n|\n|-heal|p1a: Emboar|70/322|[from] item: Leftovers\n|upkeep\n|turn|14\n|\n|t:|1781390261\n|move|p2a: Brambleghast|Poltergeist|p1a: Emboar\n|-activate|p1a: Emboar|move: Poltergeist|Leftovers\n|-damage|p1a: Emboar|0 fnt\n|faint|p1a: Emboar\n|\n|upkeep\n|\n|t:|1781390268\n|switch|p1a: Scream Tail|Scream Tail, L84|164/330\n|turn|15\n|\n|t:|1781390271\n|move|p1a: Scream Tail|Protect|p1a: Scream Tail\n|-singleturn|p1a: Scream Tail|Protect\n|move|p2a: Brambleghast|Poltergeist|p1a: Scream Tail\n|-activate|p1a: Scream Tail|move: Protect\n|\n|-heal|p1a: Scream Tail|184/330|[from] item: Leftovers\n|upkeep\n|turn|16\n|\n|t:|1781390279\n|-terastallize|p1a: Scream Tail|Poison\n|move|p2a: Brambleghast|Poltergeist|p1a: Scream Tail\n|-activate|p1a: Scream Tail|move: Poltergeist|Leftovers\n|-damage|p1a: Scream Tail|42/330\n|move|p1a: Scream Tail|Thunder Wave|p2a: Brambleghast\n|-status|p2a: Brambleghast|par\n|\n|-heal|p1a: Scream Tail|62/330|[from] item: Leftovers\n|upkeep\n|turn|17\n|\n|t:|1781390289\n|move|p1a: Scream Tail|Wish|p1a: Scream Tail\n|move|p2a: Brambleghast|Poltergeist|p1a: Scream Tail\n|-activate|p1a: Scream Tail|move: Poltergeist|Leftovers\n|-crit|p1a: Scream Tail\n|-damage|p1a: Scream Tail|0 fnt\n|faint|p1a: Scream Tail\n|-end|p1a: Scream Tail|Protosynthesis|[silent]\n|\n|upkeep\n|\n|t:|1781390312\n|switch|p1a: Primarina|Primarina, L83, F|268/268\n|turn|18\n|\n|t:|1781390316\n|move|p2a: Brambleghast|Power Whip|p1a: Primarina\n|-supereffective|p1a: Primarina\n|-damage|p1a: Primarina|0 fnt\n|faint|p1a: Primarina\n|\n|upkeep\n|-message|soccrbeast888 forfeited.\n|\n|win|RainbowRoxy890\n", "uploadtime": 1781390009, "views": 4, "formatid": "gen9randombattle", "rating": null, "private": 0, "password": null}