{"id": "gen9randombattle-2631934174", "format": "[Gen 9] Random Battle", "players": ["mundigsters", "wajie"], "log": "|j|\u2606mundigsters\n|j|\u2606wajie\n|t:|1781457272\n|gametype|singles\n|player|p1|mundigsters|101|1940\n|player|p2|wajie|blaine-gen2|1932\n|gen|9\n|tier|[Gen 9] Random Battle\n|rated|\n|rule|Species Clause: Limit one of each Pok\u00e9mon\n|rule|HP Percentage Mod: HP is shown in percentages\n|rule|Sleep Clause Mod: Limit one foe put to sleep\n|rule|Illusion Level Mod: Illusion disguises the Pok\u00e9mon's true level\n|\n|t:|1781457272\n|teamsize|p1|6\n|teamsize|p2|6\n|start\n|switch|p1a: Dunsparce|Dunsparce, L86, F|312/312\n|switch|p2a: Volcanion|Volcanion, L79|255/255\n|turn|1\n|inactive|Battle timer is ON: inactive players will automatically lose when time's up. (requested by mundigsters)\n|\n|t:|1781457303\n|move|p2a: Volcanion|Steam Eruption|p1a: Dunsparce\n|-damage|p1a: Dunsparce|209/312\n|move|p1a: Dunsparce|Body Slam|p2a: Volcanion\n|-damage|p2a: Volcanion|191/255\n|\n|upkeep\n|turn|2\n|\n|t:|1781457310\n|move|p2a: Volcanion|Steam Eruption|p1a: Dunsparce\n|-damage|p1a: Dunsparce|104/312\n|move|p1a: Dunsparce|Body Slam|p2a: Volcanion\n|-damage|p2a: Volcanion|128/255\n|\n|upkeep\n|turn|3\n|\n|t:|1781457314\n|move|p2a: Volcanion|Steam Eruption|p1a: Dunsparce\n|-damage|p1a: Dunsparce|0 fnt\n|faint|p1a: Dunsparce\n|\n|upkeep\n|\n|t:|1781457318\n|switch|p1a: Toxtricity|Toxtricity, L82, M|257/257\n|turn|4\n|\n|t:|1781457331\n|switch|p2a: Hydreigon|Hydreigon, L79, M|275/275\n|move|p1a: Toxtricity|Boomburst|p2a: Hydreigon\n|-damage|p2a: Hydreigon|73/275\n|\n|upkeep\n|turn|5\n|\n|t:|1781457336\n|move|p2a: Hydreigon|Draco Meteor|p1a: Toxtricity\n|-damage|p1a: Toxtricity|4/257\n|-unboost|p2a: Hydreigon|spa|2\n|-damage|p2a: Hydreigon|46/275|[from] item: Life Orb\n|move|p1a: Toxtricity|Boomburst|p2a: Hydreigon\n|-damage|p2a: Hydreigon|0 fnt\n|faint|p2a: Hydreigon\n|\n|upkeep\n|\n|t:|1781457344\n|switch|p2a: Revavroom|Revavroom, L79, F|256/256\n|turn|6\n|\n|t:|1781457354\n|switch|p1a: Wugtrio|Wugtrio, L91, F|212/212\n|move|p2a: Revavroom|Shift Gear|p2a: Revavroom\n|-boost|p2a: Revavroom|spe|2\n|-boost|p2a: Revavroom|atk|1\n|\n|upkeep\n|turn|7\n|\n|t:|1781457359\n|move|p2a: Revavroom|Gunk Shot|p1a: Wugtrio|[miss]\n|-miss|p2a: Revavroom|p1a: Wugtrio\n|move|p1a: Wugtrio|Stomping Tantrum|p2a: Revavroom\n|-supereffective|p2a: Revavroom\n|-damage|p2a: Revavroom|0 fnt\n|faint|p2a: Revavroom\n|\n|upkeep\n|\n|t:|1781457366\n|switch|p2a: Tropius|Tropius, L91, M|328/328\n|turn|8\n|\n|t:|1781457372\n|switch|p1a: Toxtricity|Toxtricity, L82, M|4/257\n|move|p2a: Tropius|Dragon Dance|p2a: Tropius\n|-boost|p2a: Tropius|atk|1\n|-boost|p2a: Tropius|spe|1\n|\n|upkeep\n|turn|9\n|inactive|wajie has 120 seconds left.\n|\n|t:|1781457409\n|move|p2a: Tropius|Earthquake|p1a: Toxtricity\n|-supereffective|p1a: Toxtricity\n|-damage|p1a: Toxtricity|0 fnt\n|faint|p1a: Toxtricity\n|\n|upkeep\n|\n|t:|1781457413\n|switch|p1a: Glastrier|Glastrier, L86|311/311\n|turn|10\n|\n|t:|1781457418\n|switch|p2a: Volcanion|Volcanion, L79|128/255\n|move|p1a: Glastrier|Icicle Crash|p2a: Volcanion\n|-resisted|p2a: Volcanion\n|-crit|p2a: Volcanion\n|-damage|p2a: Volcanion|66/255\n|\n|upkeep\n|turn|11\n|\n|t:|1781457422\n|switch|p1a: Wugtrio|Wugtrio, L91, F|212/212\n|move|p2a: Volcanion|Flamethrower|p1a: Wugtrio\n|-resisted|p1a: Wugtrio\n|-damage|p1a: Wugtrio|153/212\n|\n|upkeep\n|turn|12\n|\n|t:|1781457426\n|switch|p2a: Tatsugiri|Tatsugiri, L87, F|260/260\n|move|p1a: Wugtrio|Throat Chop|p2a: Tatsugiri\n|-damage|p2a: Tatsugiri|123/260\n|-start|p2a: Tatsugiri|Throat Chop|[silent]\n|\n|upkeep\n|turn|13\n|\n|t:|1781457432\n|move|p1a: Wugtrio|Throat Chop|p2a: Tatsugiri\n|-damage|p2a: Tatsugiri|0 fnt\n|faint|p2a: Tatsugiri\n|\n|upkeep\n|\n|t:|1781457444\n|switch|p2a: Copperajah|Copperajah, L86, F|350/350\n|turn|14\n|\n|t:|1781457455\n|switch|p1a: Polteageist|Polteageist-Antique, L78|222/222\n|move|p2a: Copperajah|Heavy Slam|p1a: Polteageist\n|-crit|p1a: Polteageist\n|-damage|p1a: Polteageist|0 fnt\n|-start|p2a: Copperajah|Disable|Heavy Slam|[from] ability: Cursed Body|[of] p1a: Polteageist\n|faint|p1a: Polteageist\n|\n|upkeep\n|\n|t:|1781457464\n|switch|p1a: Falinks|Falinks, L84|246/246\n|turn|15\n|\n|t:|1781457467\n|switch|p2a: Tropius|Tropius, L91, M|328/328\n|move|p1a: Falinks|No Retreat|p1a: Falinks\n|-boost|p1a: Falinks|atk|1\n|-boost|p1a: Falinks|def|1\n|-boost|p1a: Falinks|spa|1\n|-boost|p1a: Falinks|spd|1\n|-boost|p1a: Falinks|spe|1\n|-start|p1a: Falinks|move: No Retreat\n|\n|upkeep\n|turn|16\n|\n|t:|1781457474\n|-terastallize|p1a: Falinks|Dark\n|move|p1a: Falinks|Knock Off|p2a: Tropius\n|-damage|p2a: Tropius|140/328\n|-enditem|p2a: Tropius|Sitrus Berry|[from] move: Knock Off|[of] p1a: Falinks\n|-damage|p1a: Falinks|222/246|[from] item: Life Orb\n|move|p2a: Tropius|Dragon Dance|p2a: Tropius\n|-boost|p2a: Tropius|atk|1\n|-boost|p2a: Tropius|spe|1\n|\n|upkeep\n|turn|17\n|\n|t:|1781457495\n|move|p1a: Falinks|Knock Off|p2a: Tropius\n|-damage|p2a: Tropius|0 fnt\n|faint|p2a: Tropius\n|-damage|p1a: Falinks|198/246|[from] item: Life Orb\n|\n|upkeep\n|\n|t:|1781457500\n|switch|p2a: Copperajah|Copperajah, L86, F|350/350\n|turn|18\n|\n|t:|1781457504\n|-terastallize|p2a: Copperajah|Fire\n|move|p1a: Falinks|Iron Head|p2a: Copperajah\n|-resisted|p2a: Copperajah\n|-damage|p2a: Copperajah|282/350\n|-damage|p1a: Falinks|174/246|[from] item: Life Orb\n|move|p2a: Copperajah|Superpower|p1a: Falinks\n|-supereffective|p1a: Falinks\n|-damage|p1a: Falinks|0 fnt\n|-unboost|p2a: Copperajah|atk|1\n|-unboost|p2a: Copperajah|def|1\n|faint|p1a: Falinks\n|\n|upkeep\n|\n|t:|1781457507\n|switch|p1a: Wugtrio|Wugtrio, L91, F|153/212\n|turn|19\n|\n|t:|1781457509\n|move|p1a: Wugtrio|Stomping Tantrum|p2a: Copperajah\n|-supereffective|p2a: Copperajah\n|-damage|p2a: Copperajah|0 fnt\n|faint|p2a: Copperajah\n|\n|upkeep\n|\n|t:|1781457512\n|switch|p2a: Volcanion|Volcanion, L79|66/255\n|turn|20\n|\n|t:|1781457514\n|move|p1a: Wugtrio|Stomping Tantrum|p2a: Volcanion\n|-supereffective|p2a: Volcanion\n|-damage|p2a: Volcanion|0 fnt\n|faint|p2a: Volcanion\n|\n|win|mundigsters\n", "uploadtime": 1781457274, "views": 3, "formatid": "gen9randombattle", "rating": null, "private": 0, "password": null}