{"id": "gen9randombattle-2631649099", "format": "[Gen 9] Random Battle", "players": ["monrayhudson", "BennettOfShowdown"], "log": "|j|\u2606monrayhudson\n|j|\u2606BennettOfShowdown\n|t:|1781414726\n|gametype|singles\n|player|p1|monrayhudson|blue|1992\n|player|p2|BennettOfShowdown|lucas-gen4pt|1929\n|gen|9\n|tier|[Gen 9] Random Battle\n|rated|\n|rule|Species Clause: Limit one of each Pok\u00e9mon\n|rule|HP Percentage Mod: HP is shown in percentages\n|rule|Sleep Clause Mod: Limit one foe put to sleep\n|rule|Illusion Level Mod: Illusion disguises the Pok\u00e9mon's true level\n|\n|t:|1781414726\n|teamsize|p1|6\n|teamsize|p2|6\n|start\n|switch|p1a: Victreebel|Victreebel, L90, M|290/290\n|switch|p2a: Volbeat|Volbeat, L90, M|263/263\n|turn|1\n|inactive|Battle timer is ON: inactive players will automatically lose when time's up. (requested by BennettOfShowdown)\n|\n|t:|1781414740\n|switch|p1a: Mamoswine|Mamoswine, L81, F|311/311\n|move|p2a: Volbeat|Thunder Wave|p1a: Mamoswine\n|-immune|p1a: Mamoswine\n|\n|upkeep\n|turn|2\n|\n|t:|1781414748\n|move|p2a: Volbeat|U-turn|p1a: Mamoswine\n|-damage|p1a: Mamoswine|229/311\n|\n|t:|1781414750\n|switch|p2a: Hitmontop|Hitmontop, L88, M|231/231|[from] U-turn\n|move|p1a: Mamoswine|Icicle Crash|p2a: Hitmontop\n|-damage|p2a: Hitmontop|95/231\n|\n|-heal|p2a: Hitmontop|109/231|[from] item: Leftovers\n|upkeep\n|turn|3\n|\n|t:|1781414756\n|move|p1a: Mamoswine|Icicle Crash|p2a: Hitmontop\n|-damage|p2a: Hitmontop|0 fnt\n|faint|p2a: Hitmontop\n|\n|upkeep\n|\n|t:|1781414760\n|switch|p2a: Veluza|Veluza, L85, F|292/292\n|turn|4\n|\n|t:|1781414767\n|switch|p1a: Vaporeon|Vaporeon, L86, M|364/364\n|move|p2a: Veluza|Fillet Away|p2a: Veluza\n|-boost|p2a: Veluza|atk|2\n|-boost|p2a: Veluza|spa|2\n|-boost|p2a: Veluza|spe|2\n|-damage|p2a: Veluza|146/292\n|-enditem|p2a: Veluza|Sitrus Berry|[eat]\n|-heal|p2a: Veluza|219/292|[from] item: Sitrus Berry\n|\n|upkeep\n|turn|5\n|\n|t:|1781414775\n|-terastallize|p2a: Veluza|Psychic\n|move|p2a: Veluza|Psycho Cut|p1a: Vaporeon\n|-crit|p1a: Vaporeon\n|-damage|p1a: Vaporeon|0 fnt\n|faint|p1a: Vaporeon\n|\n|upkeep\n|\n|t:|1781414789\n|switch|p1a: Conkeldurr|Conkeldurr, L80, M|299/299\n|turn|6\n|\n|t:|1781414793\n|-terastallize|p1a: Conkeldurr|Normal\n|move|p2a: Veluza|Psycho Cut|p1a: Conkeldurr\n|-damage|p1a: Conkeldurr|0 fnt\n|faint|p1a: Conkeldurr\n|\n|upkeep\n|-message|monrayhudson forfeited.\n|\n|win|BennettOfShowdown\n", "uploadtime": 1781414728, "views": 8, "formatid": "gen9randombattle", "rating": null, "private": 0, "password": null}