{"id": "gen9randombattle-2631991632", "format": "[Gen 9] Random Battle", "players": ["Sango North", "pagenfranskane"], "log": "|j|\u2606Sango North\n|j|\u2606pagenfranskane\n|t:|1781463564\n|gametype|singles\n|player|p1|Sango North|1|1938\n|player|p2|pagenfranskane|battlegirl|1970\n|gen|9\n|tier|[Gen 9] Random Battle\n|rated|\n|rule|Species Clause: Limit one of each Pok\u00e9mon\n|rule|HP Percentage Mod: HP is shown in percentages\n|rule|Sleep Clause Mod: Limit one foe put to sleep\n|rule|Illusion Level Mod: Illusion disguises the Pok\u00e9mon's true level\n|\n|t:|1781463564\n|teamsize|p1|6\n|teamsize|p2|6\n|start\n|switch|p1a: Wigglytuff|Wigglytuff, L96, M|424/424\n|switch|p2a: Iron Bundle|Iron Bundle, L78|215/215\n|turn|1\n|\n|t:|1781463573\n|move|p2a: Iron Bundle|Ice Beam|p1a: Wigglytuff\n|-damage|p1a: Wigglytuff|229/424\n|move|p1a: Wigglytuff|Wish|p1a: Wigglytuff\n|\n|-heal|p1a: Wigglytuff|255/424|[from] item: Leftovers\n|upkeep\n|turn|2\n|\n|t:|1781463577\n|-end|p2a: Iron Bundle|Quark Drive|[silent]\n|switch|p2a: Garganacl|Garganacl, L80, M|291/291\n|move|p1a: Wigglytuff|Alluring Voice|p2a: Garganacl\n|-damage|p2a: Garganacl|180/291\n|\n|-heal|p1a: Wigglytuff|424/424|[from] move: Wish|[wisher] Wigglytuff\n|-heal|p2a: Garganacl|198/291|[from] item: Leftovers\n|upkeep\n|turn|3\n|\n|t:|1781463582\n|move|p1a: Wigglytuff|Knock Off|p2a: Garganacl\n|-damage|p2a: Garganacl|142/291\n|-enditem|p2a: Garganacl|Leftovers|[from] move: Knock Off|[of] p1a: Wigglytuff\n|move|p2a: Garganacl|Salt Cure|p1a: Wigglytuff\n|-damage|p1a: Wigglytuff|372/424\n|-start|p1a: Wigglytuff|Salt Cure\n|\n|-heal|p1a: Wigglytuff|398/424|[from] item: Leftovers\n|-damage|p1a: Wigglytuff|345/424|[from] Salt Cure\n|upkeep\n|turn|4\n|inactive|Battle timer is ON: inactive players will automatically lose when time's up. (requested by pagenfranskane)\n|\n|t:|1781463589\n|switch|p1a: Metagross|Metagross, L79|256/256\n|move|p2a: Garganacl|Protect||[still]\n|-fail|p2a: Garganacl\n|\n|upkeep\n|turn|5\n|\n|t:|1781463609\n|move|p2a: Garganacl|Protect|p2a: Garganacl\n|-singleturn|p2a: Garganacl|Protect\n|move|p1a: Metagross|Earthquake|p2a: Garganacl\n|-activate|p2a: Garganacl|move: Protect\n|\n|upkeep\n|turn|6\n|\n|t:|1781463623\n|switch|p2a: Braviary|Braviary, L85, M|309/309\n|move|p1a: Metagross|Earthquake|p2a: Braviary\n|-immune|p2a: Braviary\n|\n|upkeep\n|turn|7\n|\n|t:|1781463646\n|switch|p1a: Wigglytuff|Wigglytuff, L96, M|345/424\n|move|p2a: Braviary|Bulk Up|p2a: Braviary\n|-boost|p2a: Braviary|atk|1\n|-boost|p2a: Braviary|def|1\n|\n|-heal|p1a: Wigglytuff|371/424|[from] item: Leftovers\n|upkeep\n|turn|8\n|\n|t:|1781463663\n|move|p2a: Braviary|Brave Bird|p1a: Wigglytuff\n|-damage|p1a: Wigglytuff|31/424\n|-damage|p2a: Braviary|197/309|[from] Recoil\n|move|p1a: Wigglytuff|Alluring Voice|p2a: Braviary\n|-damage|p2a: Braviary|83/309\n|\n|-heal|p1a: Wigglytuff|57/424|[from] item: Leftovers\n|upkeep\n|turn|9\n|\n|t:|1781463673\n|move|p2a: Braviary|Roost|p2a: Braviary\n|-heal|p2a: Braviary|238/309\n|-singleturn|p2a: Braviary|move: Roost\n|move|p1a: Wigglytuff|Wish|p1a: Wigglytuff\n|\n|-heal|p1a: Wigglytuff|83/424|[from] item: Leftovers\n|upkeep\n|turn|10\n|\n|t:|1781463679\n|move|p2a: Braviary|Bulk Up|p2a: Braviary\n|-boost|p2a: Braviary|atk|1\n|-boost|p2a: Braviary|def|1\n|move|p1a: Wigglytuff|Alluring Voice|p2a: Braviary\n|-damage|p2a: Braviary|129/309\n|-start|p2a: Braviary|confusion\n|\n|-heal|p1a: Wigglytuff|295/424|[from] move: Wish|[wisher] Wigglytuff\n|-heal|p1a: Wigglytuff|321/424|[from] item: Leftovers\n|upkeep\n|turn|11\n|\n|t:|1781463689\n|-activate|p2a: Braviary|confusion\n|move|p2a: Braviary|Roost|p2a: Braviary\n|-heal|p2a: Braviary|284/309\n|-singleturn|p2a: Braviary|move: Roost\n|move|p1a: Wigglytuff|Alluring Voice|p2a: Braviary\n|-damage|p2a: Braviary|166/309\n|\n|-heal|p1a: Wigglytuff|347/424|[from] item: Leftovers\n|upkeep\n|turn|12\n|\n|t:|1781463701\n|-activate|p2a: Braviary|confusion\n|move|p2a: Braviary|Roost|p2a: Braviary\n|-heal|p2a: Braviary|309/309\n|-singleturn|p2a: Braviary|move: Roost\n|move|p1a: Wigglytuff|Alluring Voice|p2a: Braviary\n|-damage|p2a: Braviary|197/309\n|\n|-heal|p1a: Wigglytuff|373/424|[from] item: Leftovers\n|upkeep\n|turn|13\n|\n|t:|1781463706\n|-activate|p2a: Braviary|confusion\n|move|p2a: Braviary|Brave Bird|p1a: Wigglytuff\n|-damage|p1a: Wigglytuff|0 fnt\n|faint|p1a: Wigglytuff\n|-damage|p2a: Braviary|74/309|[from] Recoil\n|\n|upkeep\n|\n|t:|1781463712\n|switch|p1a: Iron Valiant|Iron Valiant, L78|244/244\n|turn|14\n|\n|t:|1781463718\n|move|p1a: Iron Valiant|Moonblast|p2a: Braviary\n|-damage|p2a: Braviary|0 fnt\n|faint|p2a: Braviary\n|-damage|p1a: Iron Valiant|220/244|[from] item: Life Orb\n|\n|upkeep\n|\n|t:|1781463723\n|switch|p2a: Iron Bundle|Iron Bundle, L78|215/215\n|turn|15\n|\n|t:|1781463726\n|move|p2a: Iron Bundle|Flip Turn|p1a: Iron Valiant\n|-damage|p1a: Iron Valiant|166/244\n|\n|t:|1781463729\n|-end|p2a: Iron Bundle|Quark Drive|[silent]\n|switch|p2a: Garganacl|Garganacl, L80, M|142/291|[from] Flip Turn\n|move|p1a: Iron Valiant|Close Combat|p2a: Garganacl\n|-supereffective|p2a: Garganacl\n|-damage|p2a: Garganacl|0 fnt\n|-unboost|p1a: Iron Valiant|def|1\n|-unboost|p1a: Iron Valiant|spd|1\n|faint|p2a: Garganacl\n|-damage|p1a: Iron Valiant|142/244|[from] item: Life Orb\n|\n|upkeep\n|\n|t:|1781463730\n|switch|p2a: Iron Bundle|Iron Bundle, L78|215/215\n|turn|16\n|\n|t:|1781463741\n|move|p2a: Iron Bundle|Hydro Pump|p1a: Iron Valiant\n|-damage|p1a: Iron Valiant|0 fnt\n|faint|p1a: Iron Valiant\n|-end|p1a: Iron Valiant|Quark Drive|[silent]\n|\n|upkeep\n|\n|t:|1781463743\n|switch|p1a: Serperior|Serperior, L79, M|248/248\n|turn|17\n|\n|t:|1781463748\n|-end|p2a: Iron Bundle|Quark Drive|[silent]\n|switch|p2a: Salazzle|Salazzle, L83, F|249/249\n|move|p1a: Serperior|Substitute|p1a: Serperior\n|-start|p1a: Serperior|Substitute\n|-damage|p1a: Serperior|186/248\n|\n|-heal|p1a: Serperior|201/248|[from] item: Leftovers\n|upkeep\n|turn|18\n|\n|t:|1781463755\n|move|p2a: Salazzle|Flamethrower|p1a: Serperior\n|-supereffective|p1a: Serperior\n|-end|p1a: Serperior|Substitute\n|move|p1a: Serperior|Leaf Storm|p2a: Salazzle\n|-resisted|p2a: Salazzle\n|-damage|p2a: Salazzle|218/249\n|-boost|p1a: Serperior|spa|2\n|\n|-heal|p2a: Salazzle|233/249|[from] item: Leftovers\n|-heal|p1a: Serperior|216/248|[from] item: Leftovers\n|upkeep\n|turn|19\n|\n|t:|1781463767\n|-terastallize|p1a: Serperior|Rock\n|move|p2a: Salazzle|Toxic|p1a: Serperior\n|-status|p1a: Serperior|tox\n|move|p1a: Serperior|Tera Blast|p2a: Salazzle|[anim] Tera Blast Rock\n|-supereffective|p2a: Salazzle\n|-damage|p2a: Salazzle|0 fnt\n|faint|p2a: Salazzle\n|\n|-heal|p1a: Serperior|231/248 tox|[from] item: Leftovers\n|-damage|p1a: Serperior|216/248 tox|[from] psn\n|upkeep\n|\n|t:|1781463775\n|switch|p2a: Iron Bundle|Iron Bundle, L78|215/215\n|turn|20\n|\n|t:|1781463782\n|move|p2a: Iron Bundle|Flip Turn|p1a: Serperior\n|-supereffective|p1a: Serperior\n|-damage|p1a: Serperior|112/248 tox\n|\n|t:|1781463786\n|-end|p2a: Iron Bundle|Quark Drive|[silent]\n|switch|p2a: Houndstone|Houndstone, L86, F|264/264|[from] Flip Turn\n|move|p1a: Serperior|Tera Blast|p2a: Houndstone|[anim] Tera Blast Rock\n|-damage|p2a: Houndstone|194/264\n|\n|-heal|p1a: Serperior|127/248 tox|[from] item: Leftovers\n|-damage|p1a: Serperior|97/248 tox|[from] psn\n|upkeep\n|turn|21\n|\n|t:|1781463799\n|move|p1a: Serperior|Leaf Storm|p2a: Houndstone\n|-damage|p2a: Houndstone|70/264\n|-boost|p1a: Serperior|spa|2\n|move|p2a: Houndstone|Body Press|p1a: Serperior\n|-supereffective|p1a: Serperior\n|-damage|p1a: Serperior|0 fnt\n|faint|p1a: Serperior\n|\n|upkeep\n|\n|t:|1781463812\n|switch|p1a: Metagross|Metagross, L79|256/256\n|turn|22\n|\n|t:|1781463817\n|move|p2a: Houndstone|Body Press|p1a: Metagross\n|-damage|p1a: Metagross|209/256\n|move|p1a: Metagross|Agility|p1a: Metagross\n|-boost|p1a: Metagross|spe|2\n|\n|upkeep\n|turn|23\n|\n|t:|1781463831\n|move|p1a: Metagross|Earthquake|p2a: Houndstone\n|-damage|p2a: Houndstone|0 fnt\n|faint|p2a: Houndstone\n|\n|upkeep\n|\n|t:|1781463836\n|switch|p2a: Forretress|Forretress, L84, F|263/263\n|turn|24\n|\n|t:|1781463841\n|switch|p1a: Cinderace|Cinderace, L77, M|249/249\n|move|p2a: Forretress|Toxic Spikes|p1a: Cinderace\n|-sidestart|p1: Sango North|move: Toxic Spikes\n|\n|upkeep\n|turn|25\n|\n|t:|1781463847\n|switch|p2a: Iron Bundle|Iron Bundle, L78|215/215\n|move|p1a: Cinderace|Pyro Ball|p2a: Iron Bundle\n|-damage|p2a: Iron Bundle|53/215\n|\n|upkeep\n|turn|26\n|\n|t:|1781463866\n|switch|p1a: Metagross|Metagross, L79|209/256\n|move|p2a: Iron Bundle|Hydro Pump|p1a: Metagross\n|-damage|p1a: Metagross|10/256\n|\n|upkeep\n|turn|27\n|\n|t:|1781463872\n|move|p2a: Iron Bundle|Hydro Pump|p1a: Metagross\n|-damage|p1a: Metagross|0 fnt\n|faint|p1a: Metagross\n|\n|upkeep\n|\n|t:|1781463875\n|switch|p1a: Annihilape|Annihilape, L76, M|292/292\n|-status|p1a: Annihilape|psn\n|turn|28\n|\n|t:|1781463882\n|move|p2a: Iron Bundle|Hydro Pump|p1a: Annihilape|[miss]\n|-miss|p2a: Iron Bundle|p1a: Annihilape\n|move|p1a: Annihilape|Rest|p1a: Annihilape\n|-fail|p1a: Annihilape|heal\n|\n|-damage|p1a: Annihilape|256/292 psn|[from] psn\n|upkeep\n|turn|29\n|\n|t:|1781463893\n|move|p2a: Iron Bundle|Hydro Pump|p1a: Annihilape\n|-damage|p1a: Annihilape|63/292 psn\n|move|p1a: Annihilape|Rest|p1a: Annihilape\n|-status|p1a: Annihilape|slp|[from] move: Rest\n|-heal|p1a: Annihilape|292/292 slp|[silent]\n|-enditem|p1a: Annihilape|Chesto Berry|[eat]\n|-curestatus|p1a: Annihilape|slp|[msg]\n|\n|upkeep\n|turn|30\n|\n|t:|1781463902\n|move|p2a: Iron Bundle|Hydro Pump|p1a: Annihilape\n|-damage|p1a: Annihilape|96/292\n|move|p1a: Annihilape|Drain Punch|p2a: Iron Bundle\n|-supereffective|p2a: Iron Bundle\n|-damage|p2a: Iron Bundle|0 fnt\n|-heal|p1a: Annihilape|123/292|[from] drain|[of] p2a: Iron Bundle\n|faint|p2a: Iron Bundle\n|-end|p2a: Iron Bundle|Quark Drive|[silent]\n|\n|upkeep\n|\n|t:|1781463904\n|switch|p2a: Forretress|Forretress, L84, F|263/263\n|turn|31\n|\n|t:|1781463908\n|move|p1a: Annihilape|Bulk Up|p1a: Annihilape\n|-boost|p1a: Annihilape|atk|1\n|-boost|p1a: Annihilape|def|1\n|move|p2a: Forretress|Iron Head|p1a: Annihilape\n|-damage|p1a: Annihilape|57/292\n|\n|upkeep\n|turn|32\n|\n|t:|1781463913\n|move|p1a: Annihilape|Drain Punch|p2a: Forretress\n|-damage|p2a: Forretress|191/263\n|-heal|p1a: Annihilape|93/292|[from] drain|[of] p2a: Forretress\n|move|p2a: Forretress|Iron Head|p1a: Annihilape\n|-damage|p1a: Annihilape|27/292\n|\n|-heal|p2a: Forretress|207/263|[from] item: Leftovers\n|upkeep\n|turn|33\n|\n|t:|1781463919\n|move|p1a: Annihilape|Drain Punch|p2a: Forretress\n|-damage|p2a: Forretress|125/263\n|-heal|p1a: Annihilape|68/292|[from] drain|[of] p2a: Forretress\n|move|p2a: Forretress|Iron Head|p1a: Annihilape\n|-damage|p1a: Annihilape|5/292\n|\n|-heal|p2a: Forretress|141/263|[from] item: Leftovers\n|upkeep\n|turn|34\n|\n|t:|1781463925\n|move|p1a: Annihilape|Drain Punch|p2a: Forretress\n|-damage|p2a: Forretress|69/263\n|-heal|p1a: Annihilape|41/292|[from] drain|[of] p2a: Forretress\n|move|p2a: Forretress|Iron Head|p1a: Annihilape\n|-damage|p1a: Annihilape|0 fnt\n|faint|p1a: Annihilape\n|\n|-heal|p2a: Forretress|85/263|[from] item: Leftovers\n|upkeep\n|\n|t:|1781463930\n|switch|p1a: Cinderace|Cinderace, L77, M|249/249\n|-status|p1a: Cinderace|psn\n|turn|35\n|\n|t:|1781463936\n|-terastallize|p2a: Forretress|Water\n|move|p1a: Cinderace|Pyro Ball|p2a: Forretress\n|-resisted|p2a: Forretress\n|-damage|p2a: Forretress|25/263\n|move|p2a: Forretress|Rapid Spin|p1a: Cinderace\n|-damage|p1a: Cinderace|208/249 psn\n|-boost|p2a: Forretress|spe|1\n|\n|-heal|p2a: Forretress|41/263|[from] item: Leftovers\n|-damage|p1a: Cinderace|177/249 psn|[from] psn\n|upkeep\n|turn|36\n|\n|t:|1781463942\n|move|p1a: Cinderace|Pyro Ball|p2a: Forretress\n|-resisted|p2a: Forretress\n|-damage|p2a: Forretress|0 fnt\n|faint|p2a: Forretress\n|\n|win|Sango North\n", "uploadtime": 1781463566, "views": 3, "formatid": "gen9randombattle", "rating": null, "private": 0, "password": null}