{"id": "gen9randombattle-2631987767", "format": "[Gen 9] Random Battle", "players": ["00aa00aa", "SaberTB"], "log": "|j|\u260600aa00aa\n|j|\u2606SaberTB\n|t:|1781463130\n|gametype|singles\n|player|p1|00aa00aa|2|2003\n|player|p2|SaberTB|169|2055\n|gen|9\n|tier|[Gen 9] Random Battle\n|rated|\n|rule|Species Clause: Limit one of each Pok\u00e9mon\n|rule|HP Percentage Mod: HP is shown in percentages\n|rule|Sleep Clause Mod: Limit one foe put to sleep\n|rule|Illusion Level Mod: Illusion disguises the Pok\u00e9mon's true level\n|\n|t:|1781463130\n|teamsize|p1|6\n|teamsize|p2|6\n|start\n|switch|p1a: Porygon-Z|Porygon-Z, L83|277/277\n|switch|p2a: Vikavolt|Vikavolt, L83, F|263/263\n|-ability|p1a: Porygon-Z|Download|boost\n|-boost|p1a: Porygon-Z|spa|1\n|turn|1\n|\n|t:|1781463161\n|move|p1a: Porygon-Z|Tri Attack|p2a: Vikavolt\n|-damage|p2a: Vikavolt|82/263\n|move|p2a: Vikavolt|Sticky Web|p1a: Porygon-Z\n|-sidestart|p1: 00aa00aa|move: Sticky Web\n|\n|upkeep\n|turn|2\n|\n|t:|1781463166\n|switch|p2a: Mimikyu|Mimikyu, L79, M|216/216\n|move|p1a: Porygon-Z|Tri Attack|p2a: Mimikyu\n|-immune|p2a: Mimikyu\n|\n|upkeep\n|turn|3\n|\n|t:|1781463183\n|switch|p1a: Lurantis|Lurantis, L87, F|264/264\n|-activate|p1a: Lurantis|move: Sticky Web\n|-boost|p1a: Lurantis|spe|1\n|move|p2a: Mimikyu|Swords Dance|p2a: Mimikyu\n|-boost|p2a: Mimikyu|atk|2\n|\n|upkeep\n|turn|4\n|\n|t:|1781463203\n|move|p2a: Mimikyu|Play Rough|p1a: Lurantis\n|-damage|p1a: Lurantis|60/264\n|-damage|p2a: Mimikyu|195/216|[from] item: Life Orb\n|move|p1a: Lurantis|Knock Off|p2a: Mimikyu\n|-activate|p2a: Mimikyu|ability: Disguise\n|-damage|p2a: Mimikyu|195/216\n|-enditem|p2a: Mimikyu|Life Orb|[from] move: Knock Off|[of] p1a: Lurantis\n|detailschange|p2a: Mimikyu|Mimikyu-Busted, L79, M\n|-damage|p2a: Mimikyu|168/216|[from] pokemon: Mimikyu-Busted\n|\n|-heal|p1a: Lurantis|76/264|[from] item: Leftovers\n|upkeep\n|turn|5\n|\n|t:|1781463239\n|switch|p1a: Dunsparce|Dunsparce, L86, M|312/312\n|-activate|p1a: Dunsparce|move: Sticky Web\n|-unboost|p1a: Dunsparce|spe|1\n|-terastallize|p2a: Mimikyu|Ghost\n|move|p2a: Mimikyu|Shadow Sneak|p1a: Dunsparce\n|-immune|p1a: Dunsparce\n|\n|upkeep\n|turn|6\n|\n|t:|1781463251\n|move|p2a: Mimikyu|Play Rough|p1a: Dunsparce\n|-damage|p1a: Dunsparce|186/312\n|move|p1a: Dunsparce|Coil|p1a: Dunsparce\n|-boost|p1a: Dunsparce|atk|1\n|-boost|p1a: Dunsparce|def|1\n|-boost|p1a: Dunsparce|accuracy|1\n|\n|upkeep\n|turn|7\n|\n|t:|1781463262\n|move|p2a: Mimikyu|Play Rough|p1a: Dunsparce\n|-damage|p1a: Dunsparce|104/312\n|move|p1a: Dunsparce|Roost|p1a: Dunsparce\n|-heal|p1a: Dunsparce|260/312\n|-singleturn|p1a: Dunsparce|move: Roost\n|\n|upkeep\n|turn|8\n|\n|t:|1781463269\n|switch|p2a: Vikavolt|Vikavolt, L83, F|82/263\n|move|p1a: Dunsparce|Earthquake|p2a: Vikavolt\n|-immune|p2a: Vikavolt|[from] ability: Levitate\n|\n|upkeep\n|turn|9\n|\n|t:|1781463274\n|move|p2a: Vikavolt|Discharge|p1a: Dunsparce\n|-damage|p1a: Dunsparce|172/312\n|move|p1a: Dunsparce|Body Slam|p2a: Vikavolt\n|-damage|p2a: Vikavolt|0 fnt\n|faint|p2a: Vikavolt\n|\n|upkeep\n|\n|t:|1781463284\n|switch|p2a: Dedenne|Dedenne, L88, M|261/261\n|turn|10\n|\n|t:|1781463291\n|move|p2a: Dedenne|Dazzling Gleam|p1a: Dunsparce\n|-damage|p1a: Dunsparce|109/312\n|move|p1a: Dunsparce|Roost|p1a: Dunsparce\n|-heal|p1a: Dunsparce|265/312\n|-singleturn|p1a: Dunsparce|move: Roost\n|\n|upkeep\n|turn|11\n|\n|t:|1781463298\n|move|p2a: Dedenne|Thunderbolt|p1a: Dunsparce\n|-damage|p1a: Dunsparce|196/312\n|move|p1a: Dunsparce|Earthquake|p2a: Dedenne\n|-supereffective|p2a: Dedenne\n|-crit|p2a: Dedenne\n|-damage|p2a: Dedenne|0 fnt\n|faint|p2a: Dedenne\n|\n|upkeep\n|\n|t:|1781463311\n|switch|p2a: Gurdurr|Gurdurr, L85, M|283/283\n|turn|12\n|\n|t:|1781463328\n|switch|p1a: Pelipper|Pelipper, L86, M|243/243\n|-weather|RainDance|[from] ability: Drizzle|[of] p1a: Pelipper\n|move|p2a: Gurdurr|Knock Off|p1a: Pelipper\n|-damage|p1a: Pelipper|173/243\n|-enditem|p1a: Pelipper|Choice Specs|[from] move: Knock Off|[of] p2a: Gurdurr\n|\n|-weather|RainDance|[upkeep]\n|upkeep\n|turn|13\n|\n|t:|1781463357\n|switch|p2a: Flareon|Flareon, L90, M|263/263\n|move|p1a: Pelipper|Hurricane|p2a: Flareon\n|-damage|p2a: Flareon|164/263\n|-start|p2a: Flareon|confusion\n|\n|-weather|RainDance|[upkeep]\n|-status|p2a: Flareon|tox|[from] item: Toxic Orb\n|upkeep\n|turn|14\n|\n|t:|1781463366\n|-activate|p2a: Flareon|confusion\n|-damage|p2a: Flareon|115/263 tox|[from] confusion\n|move|p1a: Pelipper|Weather Ball|p2a: Flareon\n|-supereffective|p2a: Flareon\n|-damage|p2a: Flareon|0 fnt\n|faint|p2a: Flareon\n|\n|-weather|RainDance|[upkeep]\n|upkeep\n|\n|t:|1781463368\n|switch|p2a: Klawf|Klawf, L90, F|272/272\n|turn|15\n|\n|t:|1781463386\n|switch|p1a: Dunsparce|Dunsparce, L86, M|196/312\n|-activate|p1a: Dunsparce|move: Sticky Web\n|-unboost|p1a: Dunsparce|spe|1\n|move|p2a: Klawf|Stone Edge|p1a: Dunsparce\n|-damage|p1a: Dunsparce|74/312\n|-damage|p2a: Klawf|245/272|[from] item: Life Orb\n|\n|-weather|RainDance|[upkeep]\n|upkeep\n|turn|16\n|\n|t:|1781463406\n|move|p2a: Klawf|Stone Edge|p1a: Dunsparce\n|-damage|p1a: Dunsparce|0 fnt\n|faint|p1a: Dunsparce\n|-damage|p2a: Klawf|218/272|[from] item: Life Orb\n|\n|-weather|none\n|upkeep\n|\n|t:|1781463416\n|switch|p1a: Lurantis|Lurantis, L87, F|76/264\n|-activate|p1a: Lurantis|move: Sticky Web\n|-boost|p1a: Lurantis|spe|1\n|turn|17\n|\n|t:|1781463422\n|move|p1a: Lurantis|Synthesis|p1a: Lurantis\n|-heal|p1a: Lurantis|208/264\n|move|p2a: Klawf|Stone Edge|p1a: Lurantis|[miss]\n|-miss|p2a: Klawf|p1a: Lurantis\n|\n|-heal|p1a: Lurantis|224/264|[from] item: Leftovers\n|upkeep\n|turn|18\n|\n|t:|1781463429\n|switch|p2a: Gurdurr|Gurdurr, L85, M|283/283\n|move|p1a: Lurantis|Superpower|p2a: Gurdurr\n|-damage|p2a: Gurdurr|215/283\n|-boost|p1a: Lurantis|atk|1\n|-boost|p1a: Lurantis|def|1\n|\n|-heal|p1a: Lurantis|240/264|[from] item: Leftovers\n|upkeep\n|turn|19\n|-message|SaberTB forfeited.\n|\n|win|00aa00aa\n", "uploadtime": 1781463132, "views": 4, "formatid": "gen9randombattle", "rating": null, "private": 0, "password": null}