{"id": "gen9randombattle-2631734744", "format": "[Gen 9] Random Battle", "players": ["zeniteblast", "puimoru"], "log": "|j|\u2606zeniteblast\n|j|\u2606puimoru\n|t:|1781430847\n|gametype|singles\n|player|p1|zeniteblast|266|1531\n|player|p2|puimoru|roughneck|1488\n|gen|9\n|tier|[Gen 9] Random Battle\n|rated|\n|rule|Species Clause: Limit one of each Pok\u00e9mon\n|rule|HP Percentage Mod: HP is shown in percentages\n|rule|Sleep Clause Mod: Limit one foe put to sleep\n|rule|Illusion Level Mod: Illusion disguises the Pok\u00e9mon's true level\n|\n|t:|1781430847\n|teamsize|p1|6\n|teamsize|p2|6\n|start\n|switch|p1a: Ho-Oh|Ho-Oh, L71|268/268\n|switch|p2a: Lunala|Lunala, L70|308/308\n|turn|1\n|inactive|Battle timer is ON: inactive players will automatically lose when time's up. (requested by zeniteblast)\n|\n|t:|1781430881\n|move|p2a: Lunala|Moongeist Beam|p1a: Ho-Oh\n|-damage|p1a: Ho-Oh|193/268\n|move|p1a: Ho-Oh|Brave Bird|p2a: Lunala\n|-damage|p2a: Lunala|243/308\n|-damage|p1a: Ho-Oh|172/268|[from] Recoil\n|\n|-heal|p2a: Lunala|262/308|[from] item: Leftovers\n|upkeep\n|turn|2\n|\n|t:|1781430893\n|switch|p2a: Flareon|Flareon, L90, M|263/263\n|move|p1a: Ho-Oh|Recover|p1a: Ho-Oh\n|-heal|p1a: Ho-Oh|268/268\n|\n|-status|p2a: Flareon|tox|[from] item: Toxic Orb\n|upkeep\n|turn|3\n|\n|t:|1781430909\n|move|p1a: Ho-Oh|Earthquake|p2a: Flareon\n|-supereffective|p2a: Flareon\n|-damage|p2a: Flareon|107/263 tox\n|move|p2a: Flareon|Trailblaze|p1a: Ho-Oh\n|-resisted|p1a: Ho-Oh\n|-damage|p1a: Ho-Oh|244/268\n|-boost|p2a: Flareon|spe|1\n|\n|-damage|p2a: Flareon|91/263 tox|[from] psn\n|upkeep\n|turn|4\n|\n|t:|1781430918\n|move|p2a: Flareon|Facade|p1a: Ho-Oh\n|-damage|p1a: Ho-Oh|4/268\n|move|p1a: Ho-Oh|Earthquake|p2a: Flareon\n|-supereffective|p2a: Flareon\n|-damage|p2a: Flareon|0 fnt\n|faint|p2a: Flareon\n|\n|upkeep\n|\n|t:|1781430924\n|switch|p2a: Mismagius|Mismagius, L86, F|243/243\n|turn|5\n|\n|t:|1781430929\n|move|p2a: Mismagius|Shadow Ball|p1a: Ho-Oh\n|-damage|p1a: Ho-Oh|0 fnt\n|faint|p1a: Ho-Oh\n|\n|upkeep\n|\n|t:|1781430937\n|switch|p1a: Grafaiai|Grafaiai, L86, M|249/249\n|turn|6\n|\n|t:|1781430967\n|move|p1a: Grafaiai|Parting Shot|p2a: Mismagius\n|-unboost|p2a: Mismagius|atk|1\n|-unboost|p2a: Mismagius|spa|1\n|\n|t:|1781430974\n|switch|p1a: Terapagos|Terapagos, L77, F|265/265|[from] Parting Shot\n|-activate|p1a: Terapagos|ability: Tera Shift\n|detailschange|p1a: Terapagos|Terapagos-Terastal, L77, F\n|-heal|p1a: Terapagos|273/273|[silent]\n|move|p2a: Mismagius|Substitute|p2a: Mismagius\n|-start|p2a: Mismagius|Substitute\n|-damage|p2a: Mismagius|183/243\n|\n|-heal|p2a: Mismagius|198/243|[from] item: Leftovers\n|upkeep\n|turn|7\n|\n|t:|1781430987\n|move|p2a: Mismagius|Nasty Plot|p2a: Mismagius\n|-boost|p2a: Mismagius|spa|2\n|move|p1a: Terapagos|Dark Pulse|p2a: Mismagius\n|-supereffective|p2a: Mismagius\n|-end|p2a: Mismagius|Substitute\n|\n|-heal|p2a: Mismagius|213/243|[from] item: Leftovers\n|upkeep\n|turn|8\n|\n|t:|1781431001\n|-terastallize|p2a: Mismagius|Fighting\n|move|p2a: Mismagius|Tera Blast|p1a: Terapagos|[anim] Tera Blast Fighting\n|-activate|p1a: Terapagos|ability: Tera Shell\n|-resisted|p1a: Terapagos\n|-damage|p1a: Terapagos|203/273\n|move|p1a: Terapagos|Dark Pulse|p2a: Mismagius\n|-resisted|p2a: Mismagius\n|-damage|p2a: Mismagius|192/243\n|\n|-heal|p2a: Mismagius|207/243|[from] item: Leftovers\n|upkeep\n|turn|9\n|inactive|puimoru has 120 seconds left.\n|\n|t:|1781431026\n|move|p2a: Mismagius|Tera Blast|p1a: Terapagos|[anim] Tera Blast Fighting\n|-supereffective|p1a: Terapagos\n|-damage|p1a: Terapagos|0 fnt\n|faint|p1a: Terapagos\n|\n|-heal|p2a: Mismagius|222/243|[from] item: Leftovers\n|upkeep\n|\n|t:|1781431036\n|switch|p1a: Grafaiai|Grafaiai, L86, M|249/249\n|turn|10\n|\n|t:|1781431052\n|move|p1a: Grafaiai|Gunk Shot|p2a: Mismagius|[miss]\n|-miss|p1a: Grafaiai|p2a: Mismagius\n|move|p2a: Mismagius|Tera Blast|p1a: Grafaiai|[anim] Tera Blast Fighting\n|-damage|p1a: Grafaiai|89/249\n|\n|-heal|p2a: Mismagius|237/243|[from] item: Leftovers\n|upkeep\n|turn|11\n|\n|t:|1781431060\n|move|p1a: Grafaiai|Gunk Shot|p2a: Mismagius\n|-damage|p2a: Mismagius|72/243\n|-status|p2a: Mismagius|psn\n|move|p2a: Mismagius|Tera Blast|p1a: Grafaiai|[anim] Tera Blast Fighting\n|-damage|p1a: Grafaiai|0 fnt\n|faint|p1a: Grafaiai\n|\n|-heal|p2a: Mismagius|87/243 psn|[from] item: Leftovers\n|-damage|p2a: Mismagius|57/243 psn|[from] psn\n|upkeep\n|\n|t:|1781431072\n|switch|p1a: Tatsugiri|Tatsugiri, L87, F|260/260\n|turn|12\n|\n|t:|1781431079\n|move|p2a: Mismagius|Tera Blast|p1a: Tatsugiri|[anim] Tera Blast Fighting\n|-damage|p1a: Tatsugiri|119/260\n|move|p1a: Tatsugiri|Rapid Spin|p2a: Mismagius\n|-damage|p2a: Mismagius|27/243 psn\n|-boost|p1a: Tatsugiri|spe|1\n|\n|-heal|p2a: Mismagius|42/243 psn|[from] item: Leftovers\n|-damage|p2a: Mismagius|12/243 psn|[from] psn\n|upkeep\n|turn|13\n|\n|t:|1781431089\n|move|p1a: Tatsugiri|Rapid Spin|p2a: Mismagius\n|-damage|p2a: Mismagius|0 fnt\n|-boost|p1a: Tatsugiri|spe|1\n|faint|p2a: Mismagius\n|\n|upkeep\n|\n|t:|1781431097\n|switch|p2a: Smeargle|Smeargle, L95, F|258/258\n|turn|14\n|\n|t:|1781431110\n|switch|p1a: Tropius|Tropius, L91, F|328/328\n|move|p2a: Smeargle|Spore|p1a: Tropius\n|-immune|p1a: Tropius\n|\n|upkeep\n|turn|15\n|\n|t:|1781431117\n|move|p2a: Smeargle|Ceaseless Edge|p1a: Tropius\n|-damage|p1a: Tropius|304/328\n|-sidestart|p1: zeniteblast|Spikes\n|move|p1a: Tropius|Leech Seed|p2a: Smeargle\n|-start|p2a: Smeargle|move: Leech Seed\n|\n|-damage|p2a: Smeargle|226/258|[from] Leech Seed|[of] p1a: Tropius\n|-heal|p1a: Tropius|328/328|[silent]\n|upkeep\n|turn|16\n|\n|t:|1781431125\n|move|p2a: Smeargle|Sticky Web|p1a: Tropius\n|-sidestart|p1: zeniteblast|move: Sticky Web\n|move|p1a: Tropius|Substitute|p1a: Tropius\n|-start|p1a: Tropius|Substitute\n|-damage|p1a: Tropius|246/328\n|\n|-damage|p2a: Smeargle|194/258|[from] Leech Seed|[of] p1a: Tropius\n|-heal|p1a: Tropius|278/328|[silent]\n|upkeep\n|turn|17\n|\n|t:|1781431132\n|move|p1a: Tropius|Air Slash|p2a: Smeargle\n|-damage|p2a: Smeargle|95/258\n|move|p2a: Smeargle|Whirlwind|p1a: Tropius\n|drag|p1a: Empoleon|Empoleon, L84, M|278/278\n|-damage|p1a: Empoleon|244/278|[from] Spikes\n|-activate|p1a: Empoleon|move: Sticky Web\n|-unboost|p1a: Empoleon|spe|1\n|-ability|p1a: Empoleon|Competitive|boost\n|-boost|p1a: Empoleon|spa|2\n|\n|-heal|p1a: Empoleon|261/278|[from] item: Leftovers\n|-damage|p2a: Smeargle|63/258|[from] Leech Seed|[of] p1a: Empoleon\n|-heal|p1a: Empoleon|278/278|[silent]\n|upkeep\n|turn|18\n|\n|t:|1781431146\n|switch|p1a: Tropius|Tropius, L91, F|278/328\n|move|p2a: Smeargle|Spore|p1a: Tropius\n|-immune|p1a: Tropius\n|\n|-damage|p2a: Smeargle|31/258|[from] Leech Seed|[of] p1a: Tropius\n|-heal|p1a: Tropius|310/328|[silent]\n|upkeep\n|turn|19\n|\n|t:|1781431155\n|move|p1a: Tropius|Air Slash|p2a: Smeargle\n|-damage|p2a: Smeargle|0 fnt\n|faint|p2a: Smeargle\n|\n|upkeep\n|\n|t:|1781431160\n|switch|p2a: Glastrier|Glastrier, L86|312/312\n|turn|20\n|\n|t:|1781431179\n|-terastallize|p1a: Tropius|Steel\n|move|p1a: Tropius|Leech Seed|p2a: Glastrier\n|-start|p2a: Glastrier|move: Leech Seed\n|move|p2a: Glastrier|Icicle Crash|p1a: Tropius\n|-resisted|p1a: Tropius\n|-damage|p1a: Tropius|246/328\n|\n|-damage|p2a: Glastrier|273/312|[from] Leech Seed|[of] p1a: Tropius\n|-heal|p1a: Tropius|285/328|[silent]\n|upkeep\n|turn|21\n|l|\u2606zeniteblast\n|inactive|zeniteblast disconnected and has a minute to reconnect!\n|player|p1|\n|inactive|zeniteblast has 30 seconds to reconnect!\n|j|\u2606zeniteblast\n|inactive|zeniteblast reconnected and has 110 seconds left.\n|player|p1|zeniteblast|266|\n|\n|t:|1781431226\n|switch|p2a: Lunala|Lunala, L70|262/308\n|move|p1a: Tropius|Substitute|p1a: Tropius\n|-start|p1a: Tropius|Substitute\n|-damage|p1a: Tropius|203/328\n|\n|-heal|p2a: Lunala|281/308|[from] item: Leftovers\n|upkeep\n|turn|22\n|\n|t:|1781431233\n|move|p2a: Lunala|Moongeist Beam|p1a: Tropius\n|-end|p1a: Tropius|Substitute\n|move|p1a: Tropius|Leech Seed|p2a: Lunala|[miss]\n|-miss|p1a: Tropius|p2a: Lunala\n|\n|-heal|p2a: Lunala|300/308|[from] item: Leftovers\n|upkeep\n|turn|23\n|\n|t:|1781431243\n|move|p2a: Lunala|Focus Blast|p1a: Tropius\n|-supereffective|p1a: Tropius\n|-damage|p1a: Tropius|47/328\n|-enditem|p1a: Tropius|Sitrus Berry|[eat]\n|-heal|p1a: Tropius|129/328|[from] item: Sitrus Berry\n|move|p1a: Tropius|Leech Seed|p2a: Lunala|[miss]\n|-miss|p1a: Tropius|p2a: Lunala\n|\n|-heal|p2a: Lunala|308/308|[from] item: Leftovers\n|upkeep\n|turn|24\n|inactive|zeniteblast has 120 seconds left.\n|\n|t:|1781431259\n|move|p1a: Tropius|Protect|p1a: Tropius\n|-singleturn|p1a: Tropius|Protect\n|move|p2a: Lunala|Focus Blast|p1a: Tropius\n|-activate|p1a: Tropius|move: Protect\n|\n|-item|p1a: Tropius|Sitrus Berry|[from] ability: Harvest\n|upkeep\n|-enditem|p1a: Tropius|Sitrus Berry|[eat]\n|-heal|p1a: Tropius|211/328|[from] item: Sitrus Berry\n|turn|25\n|inactive|zeniteblast has 120 seconds left.\n|\n|t:|1781431268\n|move|p2a: Lunala|Focus Blast|p1a: Tropius\n|-supereffective|p1a: Tropius\n|-crit|p1a: Tropius\n|-damage|p1a: Tropius|7/328\n|move|p1a: Tropius|Leech Seed|p2a: Lunala\n|-start|p2a: Lunala|move: Leech Seed\n|\n|-damage|p2a: Lunala|270/308|[from] Leech Seed|[of] p1a: Tropius\n|-heal|p1a: Tropius|45/328|[silent]\n|-item|p1a: Tropius|Sitrus Berry|[from] ability: Harvest\n|upkeep\n|-enditem|p1a: Tropius|Sitrus Berry|[eat]\n|-heal|p1a: Tropius|127/328|[from] item: Sitrus Berry\n|turn|26\n|inactive|zeniteblast has 120 seconds left.\n|\n|t:|1781431284\n|move|p2a: Lunala|Calm Mind|p2a: Lunala\n|-boost|p2a: Lunala|spa|1\n|-boost|p2a: Lunala|spd|1\n|move|p1a: Tropius|Substitute|p1a: Tropius\n|-start|p1a: Tropius|Substitute\n|-damage|p1a: Tropius|45/328\n|\n|-heal|p2a: Lunala|289/308|[from] item: Leftovers\n|-damage|p2a: Lunala|251/308|[from] Leech Seed|[of] p1a: Tropius\n|-heal|p1a: Tropius|83/328|[silent]\n|upkeep\n|turn|27\n|inactive|zeniteblast has 120 seconds left.\n|\n|t:|1781431293\n|move|p2a: Lunala|Moongeist Beam|p1a: Tropius\n|-end|p1a: Tropius|Substitute\n|move|p1a: Tropius|Substitute|p1a: Tropius\n|-start|p1a: Tropius|Substitute\n|-damage|p1a: Tropius|1/328\n|\n|-heal|p2a: Lunala|270/308|[from] item: Leftovers\n|-damage|p2a: Lunala|232/308|[from] Leech Seed|[of] p1a: Tropius\n|-heal|p1a: Tropius|39/328|[silent]\n|upkeep\n|turn|28\n|\n|t:|1781431303\n|move|p1a: Tropius|Protect|p1a: Tropius\n|-singleturn|p1a: Tropius|Protect\n|move|p2a: Lunala|Moongeist Beam|p1a: Tropius\n|-activate|p1a: Tropius|move: Protect\n|\n|-heal|p2a: Lunala|251/308|[from] item: Leftovers\n|-damage|p2a: Lunala|213/308|[from] Leech Seed|[of] p1a: Tropius\n|-heal|p1a: Tropius|77/328|[silent]\n|upkeep\n|turn|29\n|\n|t:|1781431316\n|move|p2a: Lunala|Moongeist Beam|p1a: Tropius\n|-end|p1a: Tropius|Substitute\n|move|p1a: Tropius|Air Slash|p2a: Lunala\n|-damage|p2a: Lunala|165/308\n|\n|-heal|p2a: Lunala|184/308|[from] item: Leftovers\n|-damage|p2a: Lunala|146/308|[from] Leech Seed|[of] p1a: Tropius\n|-heal|p1a: Tropius|115/328|[silent]\n|-item|p1a: Tropius|Sitrus Berry|[from] ability: Harvest\n|upkeep\n|-enditem|p1a: Tropius|Sitrus Berry|[eat]\n|-heal|p1a: Tropius|197/328|[from] item: Sitrus Berry\n|turn|30\n|\n|t:|1781431329\n|move|p2a: Lunala|Focus Blast|p1a: Tropius|[miss]\n|-miss|p2a: Lunala|p1a: Tropius\n|move|p1a: Tropius|Substitute|p1a: Tropius\n|-start|p1a: Tropius|Substitute\n|-damage|p1a: Tropius|115/328\n|\n|-heal|p2a: Lunala|165/308|[from] item: Leftovers\n|-damage|p2a: Lunala|127/308|[from] Leech Seed|[of] p1a: Tropius\n|-heal|p1a: Tropius|153/328|[silent]\n|-item|p1a: Tropius|Sitrus Berry|[from] ability: Harvest\n|upkeep\n|-enditem|p1a: Tropius|Sitrus Berry|[eat]\n|-heal|p1a: Tropius|235/328|[from] item: Sitrus Berry\n|turn|31\n|\n|t:|1781431342\n|switch|p2a: Ursaring|Ursaring, L84, M|288/288\n|move|p1a: Tropius|Air Slash|p2a: Ursaring\n|-damage|p2a: Ursaring|231/288\n|\n|-item|p1a: Tropius|Sitrus Berry|[from] ability: Harvest\n|upkeep\n|turn|32\n|\n|t:|1781431350\n|move|p1a: Tropius|Leech Seed|p2a: Ursaring\n|-start|p2a: Ursaring|move: Leech Seed\n|move|p2a: Ursaring|Earthquake|p1a: Tropius\n|-supereffective|p1a: Tropius\n|-end|p1a: Tropius|Substitute\n|\n|-damage|p2a: Ursaring|195/288|[from] Leech Seed|[of] p1a: Tropius\n|-heal|p1a: Tropius|271/328|[silent]\n|upkeep\n|turn|33\n|\n|t:|1781431360\n|move|p1a: Tropius|Substitute|p1a: Tropius\n|-start|p1a: Tropius|Substitute\n|-damage|p1a: Tropius|189/328\n|move|p2a: Ursaring|Earthquake|p1a: Tropius\n|-supereffective|p1a: Tropius\n|-end|p1a: Tropius|Substitute\n|\n|-damage|p2a: Ursaring|159/288|[from] Leech Seed|[of] p1a: Tropius\n|-heal|p1a: Tropius|225/328|[silent]\n|upkeep\n|turn|34\n|\n|t:|1781431368\n|move|p1a: Tropius|Protect|p1a: Tropius\n|-singleturn|p1a: Tropius|Protect\n|move|p2a: Ursaring|Earthquake|p1a: Tropius\n|-activate|p1a: Tropius|move: Protect\n|\n|-damage|p2a: Ursaring|123/288|[from] Leech Seed|[of] p1a: Tropius\n|-heal|p1a: Tropius|261/328|[silent]\n|upkeep\n|turn|35\n|\n|t:|1781431375\n|move|p1a: Tropius|Substitute|p1a: Tropius\n|-start|p1a: Tropius|Substitute\n|-damage|p1a: Tropius|179/328\n|move|p2a: Ursaring|Earthquake|p1a: Tropius\n|-supereffective|p1a: Tropius\n|-end|p1a: Tropius|Substitute\n|\n|-damage|p2a: Ursaring|87/288|[from] Leech Seed|[of] p1a: Tropius\n|-heal|p1a: Tropius|215/328|[silent]\n|upkeep\n|turn|36\n|\n|t:|1781431383\n|move|p1a: Tropius|Protect|p1a: Tropius\n|-singleturn|p1a: Tropius|Protect\n|move|p2a: Ursaring|Rest|p2a: Ursaring\n|-status|p2a: Ursaring|slp|[from] move: Rest\n|-heal|p2a: Ursaring|288/288 slp|[silent]\n|\n|-damage|p2a: Ursaring|252/288 slp|[from] Leech Seed|[of] p1a: Tropius\n|-heal|p1a: Tropius|251/328|[silent]\n|upkeep\n|turn|37\n|\n|t:|1781431391\n|move|p1a: Tropius|Substitute|p1a: Tropius\n|-start|p1a: Tropius|Substitute\n|-damage|p1a: Tropius|169/328\n|cant|p2a: Ursaring|slp\n|move|p2a: Ursaring|Sleep Talk|p2a: Ursaring\n|move|p2a: Ursaring|Body Slam|p1a: Tropius|[from] move: Sleep Talk\n|-resisted|p1a: Tropius\n|-activate|p1a: Tropius|move: Substitute|[damage]\n|\n|-damage|p2a: Ursaring|216/288 slp|[from] Leech Seed|[of] p1a: Tropius\n|-heal|p1a: Tropius|205/328|[silent]\n|upkeep\n|turn|38\n|\n|t:|1781431401\n|move|p1a: Tropius|Air Slash|p2a: Ursaring\n|-damage|p2a: Ursaring|159/288 slp\n|cant|p2a: Ursaring|slp\n|cant|p2a: Ursaring|flinch\n|\n|-damage|p2a: Ursaring|123/288 slp|[from] Leech Seed|[of] p1a: Tropius\n|-heal|p1a: Tropius|241/328|[silent]\n|upkeep\n|turn|39\n|\n|t:|1781431411\n|move|p1a: Tropius|Air Slash|p2a: Ursaring\n|-damage|p2a: Ursaring|69/288 slp\n|-curestatus|p2a: Ursaring|slp|[msg]\n|move|p2a: Ursaring|Earthquake|p1a: Tropius\n|-supereffective|p1a: Tropius\n|-end|p1a: Tropius|Substitute\n|\n|-damage|p2a: Ursaring|33/288|[from] Leech Seed|[of] p1a: Tropius\n|-heal|p1a: Tropius|277/328|[silent]\n|upkeep\n|turn|40\n|\n|t:|1781431420\n|switch|p2a: Lunala|Lunala, L70|127/308\n|move|p1a: Tropius|Air Slash|p2a: Lunala\n|-damage|p2a: Lunala|49/308\n|\n|-heal|p2a: Lunala|68/308|[from] item: Leftovers\n|upkeep\n|turn|41\n|\n|t:|1781431427\n|move|p2a: Lunala|Focus Blast|p1a: Tropius\n|-supereffective|p1a: Tropius\n|-damage|p1a: Tropius|139/328\n|-enditem|p1a: Tropius|Sitrus Berry|[eat]\n|-heal|p1a: Tropius|221/328|[from] item: Sitrus Berry\n|move|p1a: Tropius|Air Slash|p2a: Lunala\n|-damage|p2a: Lunala|0 fnt\n|faint|p2a: Lunala\n|\n|-item|p1a: Tropius|Sitrus Berry|[from] ability: Harvest\n|upkeep\n|\n|t:|1781431433\n|switch|p2a: Glastrier|Glastrier, L86|273/312\n|turn|42\n|\n|t:|1781431441\n|move|p1a: Tropius|Leech Seed|p2a: Glastrier\n|-start|p2a: Glastrier|move: Leech Seed\n|move|p2a: Glastrier|High Horsepower|p1a: Tropius|[miss]\n|-miss|p2a: Glastrier|p1a: Tropius\n|\n|-damage|p2a: Glastrier|234/312|[from] Leech Seed|[of] p1a: Tropius\n|-heal|p1a: Tropius|260/328|[silent]\n|upkeep\n|turn|43\n|-message|puimoru forfeited.\n|\n|win|zeniteblast\n|raw|zeniteblast's rating: 1531 &rarr; <strong>1549</strong><br />(+18 for winning)\n|raw|puimoru's rating: 1488 &rarr; <strong>1470</strong><br />(-18 for losing)\n|l|\u2606puimoru\n|player|p2|\n", "uploadtime": 1781431450, "views": 3, "formatid": "gen9randombattle", "rating": 1470, "private": 0, "password": null}