{"id": "gen9randombattle-2631412248", "format": "[Gen 9] Random Battle", "players": ["Pymp", "danaliel"], "log": "|j|\u2606Pymp\n|j|\u2606danaliel\n|t:|1781381525\n|gametype|singles\n|player|p1|Pymp|2|1537\n|player|p2|danaliel|worker|1497\n|gen|9\n|tier|[Gen 9] Random Battle\n|rated|\n|rule|Species Clause: Limit one of each Pok\u00e9mon\n|rule|HP Percentage Mod: HP is shown in percentages\n|rule|Sleep Clause Mod: Limit one foe put to sleep\n|rule|Illusion Level Mod: Illusion disguises the Pok\u00e9mon's true level\n|\n|t:|1781381525\n|teamsize|p1|6\n|teamsize|p2|6\n|start\n|switch|p1a: Gliscor|Gliscor, L76, F|239/239\n|switch|p2a: Flareon|Flareon, L90, M|263/263\n|turn|1\n|inactive|Battle timer is ON: inactive players will automatically lose when time's up. (requested by Pymp)\n|\n|t:|1781381541\n|move|p1a: Gliscor|Earthquake|p2a: Flareon\n|-supereffective|p2a: Flareon\n|-damage|p2a: Flareon|47/263\n|move|p2a: Flareon|Will-O-Wisp|p1a: Gliscor\n|-status|p1a: Gliscor|brn\n|\n|-damage|p1a: Gliscor|225/239 brn|[from] brn\n|-status|p2a: Flareon|tox|[from] item: Toxic Orb\n|upkeep\n|turn|2\n|\n|t:|1781381552\n|switch|p2a: Milotic|Milotic, L83, F|293/293\n|move|p1a: Gliscor|Knock Off|p2a: Milotic\n|-damage|p2a: Milotic|265/293\n|-enditem|p2a: Milotic|Leftovers|[from] move: Knock Off|[of] p1a: Gliscor\n|\n|-damage|p1a: Gliscor|211/239 brn|[from] brn\n|upkeep\n|turn|3\n|\n|t:|1781381561\n|move|p1a: Gliscor|Toxic|p2a: Milotic\n|-status|p2a: Milotic|tox\n|move|p2a: Milotic|Scald|p1a: Gliscor\n|-supereffective|p1a: Gliscor\n|-crit|p1a: Gliscor\n|-damage|p1a: Gliscor|0 fnt\n|faint|p1a: Gliscor\n|\n|-damage|p2a: Milotic|247/293 tox|[from] psn\n|upkeep\n|\n|t:|1781381580\n|switch|p1a: Mismagius|Mismagius, L86, M|243/243\n|turn|4\n|\n|t:|1781381585\n|move|p1a: Mismagius|Substitute|p1a: Mismagius\n|-start|p1a: Mismagius|Substitute\n|-damage|p1a: Mismagius|183/243\n|move|p2a: Milotic|Dragon Tail|p1a: Mismagius\n|-activate|p1a: Mismagius|move: Substitute|[damage]\n|\n|-heal|p1a: Mismagius|198/243|[from] item: Leftovers\n|-damage|p2a: Milotic|211/293 tox|[from] psn\n|upkeep\n|turn|5\n|\n|t:|1781381593\n|move|p1a: Mismagius|Nasty Plot|p1a: Mismagius\n|-boost|p1a: Mismagius|spa|2\n|move|p2a: Milotic|Scald|p1a: Mismagius\n|-end|p1a: Mismagius|Substitute\n|\n|-heal|p1a: Mismagius|213/243|[from] item: Leftovers\n|-damage|p2a: Milotic|157/293 tox|[from] psn\n|upkeep\n|turn|6\n|\n|t:|1781381602\n|move|p1a: Mismagius|Substitute|p1a: Mismagius\n|-start|p1a: Mismagius|Substitute\n|-damage|p1a: Mismagius|153/243\n|move|p2a: Milotic|Scald|p1a: Mismagius\n|-end|p1a: Mismagius|Substitute\n|\n|-heal|p1a: Mismagius|168/243|[from] item: Leftovers\n|-damage|p2a: Milotic|85/293 tox|[from] psn\n|upkeep\n|turn|7\n|\n|t:|1781381610\n|move|p1a: Mismagius|Substitute|p1a: Mismagius\n|-start|p1a: Mismagius|Substitute\n|-damage|p1a: Mismagius|108/243\n|move|p2a: Milotic|Scald|p1a: Mismagius\n|-end|p1a: Mismagius|Substitute\n|\n|-heal|p1a: Mismagius|123/243|[from] item: Leftovers\n|-damage|p2a: Milotic|0 fnt|[from] psn\n|faint|p2a: Milotic\n|upkeep\n|\n|t:|1781381626\n|switch|p2a: Greedent|Greedent, L86, F|347/347\n|turn|8\n|\n|t:|1781381634\n|-terastallize|p1a: Mismagius|Fairy\n|move|p1a: Mismagius|Dazzling Gleam|p2a: Greedent\n|-damage|p2a: Greedent|148/347\n|-enditem|p2a: Greedent|Sitrus Berry|[eat]\n|-heal|p2a: Greedent|234/347|[from] item: Sitrus Berry\n|-heal|p2a: Greedent|347/347|[from] ability: Cheek Pouch\n|move|p2a: Greedent|Knock Off|p1a: Mismagius\n|-resisted|p1a: Mismagius\n|-damage|p1a: Mismagius|81/243\n|-enditem|p1a: Mismagius|Leftovers|[from] move: Knock Off|[of] p2a: Greedent\n|\n|upkeep\n|turn|9\n|\n|t:|1781381646\n|move|p1a: Mismagius|Dazzling Gleam|p2a: Greedent\n|-damage|p2a: Greedent|122/347\n|move|p2a: Greedent|Body Slam|p1a: Mismagius\n|-damage|p1a: Mismagius|0 fnt\n|faint|p1a: Mismagius\n|\n|upkeep\n|\n|t:|1781381670\n|switch|p1a: Uxie|Uxie, L83|260/260\n|turn|10\n|\n|t:|1781381678\n|move|p1a: Uxie|Stealth Rock|p2a: Greedent\n|-sidestart|p2: danaliel|move: Stealth Rock\n|move|p2a: Greedent|Knock Off|p1a: Uxie\n|-supereffective|p1a: Uxie\n|-damage|p1a: Uxie|162/260\n|-enditem|p1a: Uxie|Leftovers|[from] move: Knock Off|[of] p2a: Greedent\n|\n|upkeep\n|turn|11\n|\n|t:|1781381688\n|move|p1a: Uxie|Psychic Noise|p2a: Greedent\n|-damage|p2a: Greedent|47/347\n|-start|p2a: Greedent|move: Heal Block\n|move|p2a: Greedent|Body Slam|p1a: Uxie\n|-damage|p1a: Uxie|98/260\n|\n|upkeep\n|turn|12\n|\n|t:|1781381711\n|move|p1a: Uxie|Psychic Noise|p2a: Greedent\n|-damage|p2a: Greedent|0 fnt\n|faint|p2a: Greedent\n|\n|upkeep\n|\n|t:|1781381723\n|switch|p2a: Pecharunt|Pecharunt, L77|262/262\n|-damage|p2a: Pecharunt|230/262|[from] Stealth Rock\n|turn|13\n|\n|t:|1781381728\n|move|p1a: Uxie|Psychic Noise|p2a: Pecharunt\n|-supereffective|p2a: Pecharunt\n|-crit|p2a: Pecharunt\n|-damage|p2a: Pecharunt|30/262\n|-start|p2a: Pecharunt|move: Heal Block\n|move|p2a: Pecharunt|Nasty Plot|p2a: Pecharunt\n|-boost|p2a: Pecharunt|spa|2\n|\n|upkeep\n|turn|14\n|\n|t:|1781381739\n|-terastallize|p2a: Pecharunt|Dark\n|move|p1a: Uxie|Psychic Noise|p2a: Pecharunt\n|-immune|p2a: Pecharunt\n|move|p2a: Pecharunt|Shadow Ball|p1a: Uxie\n|-supereffective|p1a: Uxie\n|-damage|p1a: Uxie|0 fnt\n|faint|p1a: Uxie\n|\n|-end|p2a: Pecharunt|move: Heal Block\n|upkeep\n|\n|t:|1781381744\n|switch|p1a: Cryogonal|Cryogonal, L89|287/287\n|turn|15\n|\n|t:|1781381757\n|move|p1a: Cryogonal|Freeze-Dry|p2a: Pecharunt\n|-damage|p2a: Pecharunt|0 fnt\n|faint|p2a: Pecharunt\n|\n|upkeep\n|inactive|danaliel has 120 seconds left.\n|inactive|danaliel has 90 seconds left.\n|\n|t:|1781381816\n|switch|p2a: Flareon|Flareon, L90, M|47/263 tox\n|-damage|p2a: Flareon|0 fnt|[from] Stealth Rock\n|faint|p2a: Flareon\n|\n|t:|1781381821\n|switch|p2a: Muk|Muk, L86, F|321/321\n|-damage|p2a: Muk|281/321|[from] Stealth Rock\n|turn|16\n|\n|t:|1781381827\n|switch|p1a: Giratina|Giratina, L75|349/349\n|-ability|p1a: Giratina|Pressure\n|move|p2a: Muk|Drain Punch|p1a: Giratina\n|-immune|p1a: Giratina\n|\n|-heal|p2a: Muk|301/321|[from] item: Leftovers\n|upkeep\n|turn|17\n|\n|t:|1781381841\n|move|p1a: Giratina|Shadow Ball|p2a: Muk\n|-damage|p2a: Muk|237/321\n|-unboost|p2a: Muk|spd|1\n|move|p2a: Muk|Toxic Spikes|p1a: Giratina\n|-sidestart|p1: Pymp|move: Toxic Spikes\n|\n|-heal|p2a: Muk|257/321|[from] item: Leftovers\n|upkeep\n|turn|18\n|\n|t:|1781381849\n|switch|p2a: Clefable|Clefable, L83, M|293/293\n|-damage|p2a: Clefable|257/293|[from] Stealth Rock\n|move|p1a: Giratina|Shadow Ball|p2a: Clefable\n|-damage|p2a: Clefable|190/293\n|\n|-heal|p2a: Clefable|208/293|[from] item: Leftovers\n|upkeep\n|turn|19\n|\n|t:|1781381864\n|switch|p1a: Cryogonal|Cryogonal, L89|287/287\n|move|p2a: Clefable|Moonblast|p1a: Cryogonal\n|-damage|p1a: Cryogonal|226/287\n|-unboost|p1a: Cryogonal|spa|1\n|\n|-heal|p2a: Clefable|226/293|[from] item: Leftovers\n|upkeep\n|turn|20\n|\n|t:|1781381880\n|move|p1a: Cryogonal|Rapid Spin|p2a: Clefable\n|-damage|p2a: Clefable|196/293\n|-boost|p1a: Cryogonal|spe|1\n|-sideend|p1: Pymp|Toxic Spikes|[from] move: Rapid Spin|[of] p1a: Cryogonal\n|move|p2a: Clefable|Thunder Wave|p1a: Cryogonal\n|-status|p1a: Cryogonal|par\n|\n|-heal|p2a: Clefable|214/293|[from] item: Leftovers\n|upkeep\n|turn|21\n|\n|t:|1781381891\n|switch|p1a: Wigglytuff|Wigglytuff, L96, F|424/424\n|move|p2a: Clefable|Moonlight|p2a: Clefable\n|-heal|p2a: Clefable|293/293\n|\n|upkeep\n|turn|22\n|inactive|danaliel has 120 seconds left.\n|\n|t:|1781381903\n|move|p2a: Clefable|Thunder Wave|p1a: Wigglytuff\n|-status|p1a: Wigglytuff|par\n|move|p1a: Wigglytuff|Alluring Voice|p2a: Clefable\n|-damage|p2a: Clefable|196/293\n|\n|-heal|p2a: Clefable|214/293|[from] item: Leftovers\n|upkeep\n|turn|23\n|inactive|danaliel has 120 seconds left.\n|\n|t:|1781381911\n|switch|p2a: Muk|Muk, L86, F|257/321\n|-damage|p2a: Muk|217/321|[from] Stealth Rock\n|cant|p1a: Wigglytuff|par\n|\n|-heal|p2a: Muk|237/321|[from] item: Leftovers\n|upkeep\n|turn|24\n|\n|t:|1781381921\n|move|p2a: Muk|Poison Jab|p1a: Wigglytuff\n|-supereffective|p1a: Wigglytuff\n|-damage|p1a: Wigglytuff|154/424 par\n|move|p1a: Wigglytuff|Knock Off|p2a: Muk\n|-damage|p2a: Muk|158/321\n|-enditem|p2a: Muk|Leftovers|[from] move: Knock Off|[of] p1a: Wigglytuff\n|\n|-heal|p1a: Wigglytuff|180/424 par|[from] item: Leftovers\n|upkeep\n|turn|25\n|\n|t:|1781381933\n|move|p2a: Muk|Drain Punch|p1a: Wigglytuff\n|-damage|p1a: Wigglytuff|99/424 par\n|-heal|p2a: Muk|199/321|[from] drain|[of] p1a: Wigglytuff\n|move|p1a: Wigglytuff|Knock Off|p2a: Muk\n|-damage|p2a: Muk|147/321\n|\n|-heal|p1a: Wigglytuff|125/424 par|[from] item: Leftovers\n|upkeep\n|turn|26\n|\n|t:|1781381941\n|move|p2a: Muk|Drain Punch|p1a: Wigglytuff\n|-damage|p1a: Wigglytuff|49/424 par\n|-heal|p2a: Muk|185/321|[from] drain|[of] p1a: Wigglytuff\n|move|p1a: Wigglytuff|Wish|p1a: Wigglytuff\n|\n|-heal|p1a: Wigglytuff|75/424 par|[from] item: Leftovers\n|upkeep\n|turn|27\n|\n|t:|1781381949\n|move|p1a: Wigglytuff|Protect|p1a: Wigglytuff\n|-singleturn|p1a: Wigglytuff|Protect\n|move|p2a: Muk|Poison Jab|p1a: Wigglytuff\n|-activate|p1a: Wigglytuff|move: Protect\n|\n|-heal|p1a: Wigglytuff|287/424 par|[from] move: Wish|[wisher] Wigglytuff\n|-heal|p1a: Wigglytuff|313/424 par|[from] item: Leftovers\n|upkeep\n|turn|28\n|\n|t:|1781381959\n|switch|p1a: Giratina|Giratina, L75|349/349\n|-ability|p1a: Giratina|Pressure\n|move|p2a: Muk|Drain Punch|p1a: Giratina\n|-immune|p1a: Giratina\n|\n|upkeep\n|turn|29\n|\n|t:|1781381967\n|move|p1a: Giratina|Shadow Ball|p2a: Muk\n|-damage|p2a: Muk|118/321\n|move|p2a: Muk|Knock Off|p1a: Giratina\n|-supereffective|p1a: Giratina\n|-damage|p1a: Giratina|209/349\n|-enditem|p1a: Giratina|Leftovers|[from] move: Knock Off|[of] p2a: Muk\n|\n|upkeep\n|turn|30\n|\n|t:|1781381978\n|switch|p2a: Clefable|Clefable, L83, M|214/293\n|-damage|p2a: Clefable|178/293|[from] Stealth Rock\n|move|p1a: Giratina|Shadow Ball|p2a: Clefable\n|-damage|p2a: Clefable|111/293\n|\n|-heal|p2a: Clefable|129/293|[from] item: Leftovers\n|upkeep\n|turn|31\n|\n|t:|1781381988\n|move|p1a: Giratina|Shadow Ball|p2a: Clefable\n|-damage|p2a: Clefable|63/293\n|move|p2a: Clefable|Moonlight|p2a: Clefable\n|-heal|p2a: Clefable|209/293\n|\n|-heal|p2a: Clefable|227/293|[from] item: Leftovers\n|upkeep\n|turn|32\n|\n|t:|1781381996\n|move|p1a: Giratina|Shadow Ball|p2a: Clefable\n|-damage|p2a: Clefable|158/293\n|-unboost|p2a: Clefable|spd|1\n|move|p2a: Clefable|Moonblast|p1a: Giratina\n|-supereffective|p1a: Giratina\n|-damage|p1a: Giratina|45/349\n|-unboost|p1a: Giratina|spa|1\n|\n|-heal|p2a: Clefable|176/293|[from] item: Leftovers\n|upkeep\n|turn|33\n|\n|t:|1781382009\n|move|p1a: Giratina|Shadow Ball|p2a: Clefable\n|-damage|p2a: Clefable|62/293\n|move|p2a: Clefable|Thunder Wave|p1a: Giratina\n|-status|p1a: Giratina|par\n|\n|-heal|p2a: Clefable|80/293|[from] item: Leftovers\n|upkeep\n|turn|34\n|\n|t:|1781382017\n|move|p2a: Clefable|Moonlight|p2a: Clefable\n|-heal|p2a: Clefable|226/293\n|move|p1a: Giratina|Shadow Ball|p2a: Clefable\n|-damage|p2a: Clefable|127/293\n|\n|-heal|p2a: Clefable|145/293|[from] item: Leftovers\n|upkeep\n|turn|35\n|\n|t:|1781382025\n|move|p2a: Clefable|Moonlight|p2a: Clefable\n|-heal|p2a: Clefable|291/293\n|move|p1a: Giratina|Rest|p1a: Giratina\n|-status|p1a: Giratina|slp|[from] move: Rest\n|-heal|p1a: Giratina|349/349 slp|[silent]\n|\n|-heal|p2a: Clefable|293/293|[from] item: Leftovers\n|upkeep\n|turn|36\n|\n|t:|1781382036\n|switch|p1a: Cryogonal|Cryogonal, L89|226/287 par\n|move|p2a: Clefable|Stealth Rock|p1a: Cryogonal\n|-sidestart|p1: Pymp|move: Stealth Rock\n|\n|upkeep\n|turn|37\n|\n|t:|1781382043\n|move|p2a: Clefable|Moonblast|p1a: Cryogonal\n|-damage|p1a: Cryogonal|156/287 par\n|cant|p1a: Cryogonal|par\n|\n|upkeep\n|turn|38\n|\n|t:|1781382047\n|move|p2a: Clefable|Moonblast|p1a: Cryogonal\n|-damage|p1a: Cryogonal|89/287 par\n|move|p1a: Cryogonal|Rapid Spin|p2a: Clefable\n|-damage|p2a: Clefable|266/293\n|-boost|p1a: Cryogonal|spe|1\n|-sideend|p1: Pymp|Stealth Rock|[from] move: Rapid Spin|[of] p1a: Cryogonal\n|\n|-heal|p2a: Clefable|284/293|[from] item: Leftovers\n|upkeep\n|turn|39\n|\n|t:|1781382056\n|move|p1a: Cryogonal|Recover|p1a: Cryogonal\n|-heal|p1a: Cryogonal|233/287 par\n|move|p2a: Clefable|Moonblast|p1a: Cryogonal\n|-damage|p1a: Cryogonal|170/287 par\n|\n|-heal|p2a: Clefable|293/293|[from] item: Leftovers\n|upkeep\n|turn|40\n|\n|t:|1781382062\n|move|p1a: Cryogonal|Freeze-Dry|p2a: Clefable\n|-damage|p2a: Clefable|182/293\n|move|p2a: Clefable|Moonblast|p1a: Cryogonal\n|-damage|p1a: Cryogonal|106/287 par\n|\n|-heal|p2a: Clefable|200/293|[from] item: Leftovers\n|upkeep\n|turn|41\n|\n|t:|1781382069\n|cant|p1a: Cryogonal|par\n|move|p2a: Clefable|Moonblast|p1a: Cryogonal\n|-damage|p1a: Cryogonal|45/287 par\n|\n|-heal|p2a: Clefable|218/293|[from] item: Leftovers\n|upkeep\n|turn|42\n|\n|t:|1781382075\n|move|p1a: Cryogonal|Recover|p1a: Cryogonal\n|-heal|p1a: Cryogonal|189/287 par\n|move|p2a: Clefable|Moonblast|p1a: Cryogonal\n|-damage|p1a: Cryogonal|125/287 par\n|\n|-heal|p2a: Clefable|236/293|[from] item: Leftovers\n|upkeep\n|turn|43\n|\n|t:|1781382082\n|cant|p1a: Cryogonal|par\n|move|p2a: Clefable|Moonblast|p1a: Cryogonal\n|-damage|p1a: Cryogonal|64/287 par\n|-unboost|p1a: Cryogonal|spa|1\n|\n|-heal|p2a: Clefable|254/293|[from] item: Leftovers\n|upkeep\n|turn|44\n|\n|t:|1781382089\n|cant|p1a: Cryogonal|par\n|move|p2a: Clefable|Moonblast|p1a: Cryogonal\n|-damage|p1a: Cryogonal|0 fnt\n|faint|p1a: Cryogonal\n|\n|-heal|p2a: Clefable|272/293|[from] item: Leftovers\n|upkeep\n|\n|t:|1781382095\n|switch|p1a: Giratina|Giratina, L75|349/349 slp\n|-ability|p1a: Giratina|Pressure\n|turn|45\n|\n|t:|1781382101\n|cant|p1a: Giratina|slp\n|move|p1a: Giratina|Sleep Talk|p1a: Giratina\n|move|p1a: Giratina|Shadow Ball|p2a: Clefable|[from] move: Sleep Talk\n|-damage|p2a: Clefable|158/293\n|move|p2a: Clefable|Stealth Rock|p1a: Giratina\n|-sidestart|p1: Pymp|move: Stealth Rock\n|\n|-heal|p2a: Clefable|176/293|[from] item: Leftovers\n|upkeep\n|turn|46\n|\n|t:|1781382117\n|switch|p2a: Muk|Muk, L86, F|118/321\n|-damage|p2a: Muk|78/321|[from] Stealth Rock\n|cant|p1a: Giratina|slp\n|move|p1a: Giratina|Sleep Talk|p1a: Giratina\n|move|p1a: Giratina|Dragon Tail|p2a: Muk|[from] move: Sleep Talk\n|-damage|p2a: Muk|14/321\n|drag|p2a: Clefable|Clefable, L83, M|176/293\n|-damage|p2a: Clefable|140/293|[from] Stealth Rock\n|\n|-heal|p2a: Clefable|158/293|[from] item: Leftovers\n|upkeep\n|turn|47\n|\n|t:|1781382130\n|-curestatus|p1a: Giratina|slp|[msg]\n|move|p1a: Giratina|Shadow Ball|p2a: Clefable\n|-damage|p2a: Clefable|88/293\n|move|p2a: Clefable|Moonlight|p2a: Clefable\n|-heal|p2a: Clefable|234/293\n|\n|-heal|p2a: Clefable|252/293|[from] item: Leftovers\n|upkeep\n|turn|48\n|\n|t:|1781382140\n|move|p1a: Giratina|Shadow Ball|p2a: Clefable\n|-damage|p2a: Clefable|180/293\n|move|p2a: Clefable|Thunder Wave|p1a: Giratina\n|-status|p1a: Giratina|par\n|\n|-heal|p2a: Clefable|198/293|[from] item: Leftovers\n|upkeep\n|turn|49\n|\n|t:|1781382148\n|move|p2a: Clefable|Moonblast|p1a: Giratina\n|-supereffective|p1a: Giratina\n|-damage|p1a: Giratina|169/349 par\n|cant|p1a: Giratina|par\n|\n|-heal|p2a: Clefable|216/293|[from] item: Leftovers\n|upkeep\n|turn|50\n|\n|t:|1781382154\n|move|p2a: Clefable|Moonblast|p1a: Giratina\n|-supereffective|p1a: Giratina\n|-damage|p1a: Giratina|0 fnt\n|faint|p1a: Giratina\n|\n|-heal|p2a: Clefable|234/293|[from] item: Leftovers\n|upkeep\n|\n|t:|1781382156\n|switch|p1a: Wigglytuff|Wigglytuff, L96, F|313/424 par\n|-damage|p1a: Wigglytuff|260/424 par|[from] Stealth Rock\n|turn|51\n|\n|t:|1781382163\n|move|p2a: Clefable|Moonblast|p1a: Wigglytuff\n|-damage|p1a: Wigglytuff|137/424 par\n|-unboost|p1a: Wigglytuff|spa|1\n|-ability|p1a: Wigglytuff|Competitive|boost\n|-boost|p1a: Wigglytuff|spa|2\n|move|p1a: Wigglytuff|Wish|p1a: Wigglytuff\n|\n|-heal|p2a: Clefable|252/293|[from] item: Leftovers\n|-heal|p1a: Wigglytuff|163/424 par|[from] item: Leftovers\n|upkeep\n|turn|52\n|\n|t:|1781382176\n|switch|p2a: Muk|Muk, L86, F|14/321\n|-damage|p2a: Muk|0 fnt|[from] Stealth Rock\n|faint|p2a: Muk\n|move|p1a: Wigglytuff|Alluring Voice|p2: Muk|[notarget]\n|-fail|p1a: Wigglytuff\n|\n|-heal|p1a: Wigglytuff|375/424 par|[from] move: Wish|[wisher] Wigglytuff\n|-heal|p1a: Wigglytuff|401/424 par|[from] item: Leftovers\n|upkeep\n|\n|t:|1781382185\n|switch|p2a: Clefable|Clefable, L83, M|252/293\n|-damage|p2a: Clefable|216/293|[from] Stealth Rock\n|turn|53\n|\n|t:|1781382190\n|move|p2a: Clefable|Moonblast|p1a: Wigglytuff\n|-damage|p1a: Wigglytuff|283/424 par\n|move|p1a: Wigglytuff|Knock Off|p2a: Clefable\n|-resisted|p2a: Clefable\n|-damage|p2a: Clefable|177/293\n|-enditem|p2a: Clefable|Leftovers|[from] move: Knock Off|[of] p1a: Wigglytuff\n|\n|-heal|p1a: Wigglytuff|309/424 par|[from] item: Leftovers\n|upkeep\n|turn|54\n|\n|t:|1781382198\n|move|p2a: Clefable|Moonblast|p1a: Wigglytuff\n|-damage|p1a: Wigglytuff|185/424 par\n|-unboost|p1a: Wigglytuff|spa|1\n|-ability|p1a: Wigglytuff|Competitive|boost\n|-boost|p1a: Wigglytuff|spa|2\n|cant|p1a: Wigglytuff|par\n|\n|-heal|p1a: Wigglytuff|211/424 par|[from] item: Leftovers\n|upkeep\n|turn|55\n|\n|t:|1781382206\n|move|p2a: Clefable|Moonblast|p1a: Wigglytuff\n|-damage|p1a: Wigglytuff|81/424 par\n|-unboost|p1a: Wigglytuff|spa|1\n|-ability|p1a: Wigglytuff|Competitive|boost\n|-boost|p1a: Wigglytuff|spa|2\n|move|p1a: Wigglytuff|Wish|p1a: Wigglytuff\n|\n|-heal|p1a: Wigglytuff|107/424 par|[from] item: Leftovers\n|upkeep\n|turn|56\n|\n|t:|1781382216\n|move|p1a: Wigglytuff|Protect|p1a: Wigglytuff\n|-singleturn|p1a: Wigglytuff|Protect\n|move|p2a: Clefable|Moonblast|p1a: Wigglytuff\n|-activate|p1a: Wigglytuff|move: Protect\n|\n|-heal|p1a: Wigglytuff|319/424 par|[from] move: Wish|[wisher] Wigglytuff\n|-heal|p1a: Wigglytuff|345/424 par|[from] item: Leftovers\n|upkeep\n|turn|57\n|\n|t:|1781382224\n|move|p2a: Clefable|Moonblast|p1a: Wigglytuff\n|-damage|p1a: Wigglytuff|210/424 par\n|move|p1a: Wigglytuff|Wish|p1a: Wigglytuff\n|\n|-heal|p1a: Wigglytuff|236/424 par|[from] item: Leftovers\n|upkeep\n|turn|58\n|\n|t:|1781382231\n|move|p2a: Clefable|Moonlight|p2a: Clefable\n|-heal|p2a: Clefable|293/293\n|move|p1a: Wigglytuff|Alluring Voice|p2a: Clefable\n|-damage|p2a: Clefable|202/293\n|\n|-heal|p1a: Wigglytuff|424/424 par|[from] move: Wish|[wisher] Wigglytuff\n|upkeep\n|turn|59\n|\n|t:|1781382240\n|move|p2a: Clefable|Moonblast|p1a: Wigglytuff\n|-damage|p1a: Wigglytuff|297/424 par\n|move|p1a: Wigglytuff|Wish|p1a: Wigglytuff\n|\n|-heal|p1a: Wigglytuff|323/424 par|[from] item: Leftovers\n|upkeep\n|turn|60\n|\n|t:|1781382247\n|move|p2a: Clefable|Stealth Rock||[still]\n|-fail|p2a: Clefable\n|cant|p1a: Wigglytuff|par\n|\n|-heal|p1a: Wigglytuff|424/424 par|[from] move: Wish|[wisher] Wigglytuff\n|upkeep\n|turn|61\n|\n|t:|1781382254\n|move|p2a: Clefable|Moonblast|p1a: Wigglytuff\n|-damage|p1a: Wigglytuff|300/424 par\n|move|p1a: Wigglytuff|Alluring Voice|p2a: Clefable\n|-damage|p2a: Clefable|106/293\n|\n|-heal|p1a: Wigglytuff|326/424 par|[from] item: Leftovers\n|upkeep\n|turn|62\n|\n|t:|1781382261\n|move|p2a: Clefable|Moonlight|p2a: Clefable\n|-heal|p2a: Clefable|252/293\n|move|p1a: Wigglytuff|Alluring Voice|p2a: Clefable\n|-damage|p2a: Clefable|159/293\n|\n|-heal|p1a: Wigglytuff|352/424 par|[from] item: Leftovers\n|upkeep\n|turn|63\n|\n|t:|1781382272\n|move|p2a: Clefable|Moonblast|p1a: Wigglytuff\n|-damage|p1a: Wigglytuff|232/424 par\n|move|p1a: Wigglytuff|Knock Off|p2a: Clefable\n|-resisted|p2a: Clefable\n|-damage|p2a: Clefable|133/293\n|\n|-heal|p1a: Wigglytuff|258/424 par|[from] item: Leftovers\n|upkeep\n|turn|64\n|\n|t:|1781382279\n|move|p2a: Clefable|Moonlight|p2a: Clefable\n|-heal|p2a: Clefable|279/293\n|move|p1a: Wigglytuff|Wish|p1a: Wigglytuff\n|\n|-heal|p1a: Wigglytuff|284/424 par|[from] item: Leftovers\n|upkeep\n|turn|65\n|\n|t:|1781382286\n|move|p2a: Clefable|Stealth Rock||[still]\n|-fail|p2a: Clefable\n|move|p1a: Wigglytuff|Alluring Voice|p2a: Clefable\n|-damage|p2a: Clefable|176/293\n|\n|-heal|p1a: Wigglytuff|424/424 par|[from] move: Wish|[wisher] Wigglytuff\n|upkeep\n|turn|66\n|\n|t:|1781382294\n|move|p2a: Clefable|Stealth Rock||[still]\n|-fail|p2a: Clefable\n|move|p1a: Wigglytuff|Knock Off|p2a: Clefable\n|-resisted|p2a: Clefable\n|-crit|p2a: Clefable\n|-damage|p2a: Clefable|136/293\n|\n|upkeep\n|turn|67\n|\n|t:|1781382299\n|move|p2a: Clefable|Stealth Rock||[still]\n|-fail|p2a: Clefable\n|move|p1a: Wigglytuff|Knock Off|p2a: Clefable\n|-resisted|p2a: Clefable\n|-damage|p2a: Clefable|106/293\n|\n|upkeep\n|turn|68\n|\n|t:|1781382304\n|move|p2a: Clefable|Stealth Rock||[still]\n|-fail|p2a: Clefable\n|move|p1a: Wigglytuff|Knock Off|p2a: Clefable\n|-resisted|p2a: Clefable\n|-damage|p2a: Clefable|81/293\n|\n|upkeep\n|turn|69\n|\n|t:|1781382309\n|move|p2a: Clefable|Stealth Rock||[still]\n|-fail|p2a: Clefable\n|move|p1a: Wigglytuff|Knock Off|p2a: Clefable\n|-resisted|p2a: Clefable\n|-damage|p2a: Clefable|52/293\n|\n|upkeep\n|turn|70\n|\n|t:|1781382313\n|move|p2a: Clefable|Stealth Rock||[still]\n|-fail|p2a: Clefable\n|cant|p1a: Wigglytuff|par\n|\n|upkeep\n|turn|71\n|\n|t:|1781382318\n|move|p2a: Clefable|Stealth Rock||[still]\n|-fail|p2a: Clefable\n|move|p1a: Wigglytuff|Alluring Voice|p2a: Clefable\n|-damage|p2a: Clefable|0 fnt\n|faint|p2a: Clefable\n|\n|win|Pymp\n|raw|Pymp's rating: 1537 &rarr; <strong>1555</strong><br />(+18 for winning)\n|raw|danaliel's rating: 1497 &rarr; <strong>1479</strong><br />(-18 for losing)\n|l|\u2606danaliel\n|player|p2|\n|c|\u2606Pymp|Gg\n", "uploadtime": 1781382333, "views": 7, "formatid": "gen9randombattle", "rating": 1479, "private": 0, "password": null}