{"id": "gen9randombattle-2631431256", "format": "[Gen 9] Random Battle", "players": ["arbol4", "ayaxn"], "log": "|j|\u2606arbol4\n|j|\u2606ayaxn\n|t:|1781383819\n|gametype|singles\n|player|p1|arbol4|nate|1144\n|player|p2|ayaxn|101|1191\n|gen|9\n|tier|[Gen 9] Random Battle\n|rated|\n|rule|Species Clause: Limit one of each Pok\u00e9mon\n|rule|HP Percentage Mod: HP is shown in percentages\n|rule|Sleep Clause Mod: Limit one foe put to sleep\n|rule|Illusion Level Mod: Illusion disguises the Pok\u00e9mon's true level\n|\n|t:|1781383819\n|teamsize|p1|6\n|teamsize|p2|6\n|start\n|switch|p1a: Ting-Lu|Ting-Lu, L78|370/370\n|switch|p2a: Houndstone|Houndstone, L86, F|264/264\n|-ability|p1a: Ting-Lu|Vessel of Ruin\n|turn|1\n|inactive|Battle timer is ON: inactive players will automatically lose when time's up. (requested by ayaxn)\n|\n|t:|1781383832\n|move|p2a: Houndstone|Body Press|p1a: Ting-Lu\n|-supereffective|p1a: Ting-Lu\n|-damage|p1a: Ting-Lu|274/370\n|move|p1a: Ting-Lu|Spikes|p2a: Houndstone\n|-sidestart|p2: ayaxn|Spikes\n|\n|-heal|p1a: Ting-Lu|297/370|[from] item: Leftovers\n|upkeep\n|turn|2\n|\n|t:|1781383844\n|move|p2a: Houndstone|Body Press|p1a: Ting-Lu\n|-supereffective|p1a: Ting-Lu\n|-damage|p1a: Ting-Lu|189/370\n|move|p1a: Ting-Lu|Spikes|p2a: Houndstone\n|-sidestart|p2: ayaxn|Spikes\n|\n|-heal|p1a: Ting-Lu|212/370|[from] item: Leftovers\n|upkeep\n|turn|3\n|\n|t:|1781383852\n|move|p2a: Houndstone|Body Press|p1a: Ting-Lu\n|-supereffective|p1a: Ting-Lu\n|-damage|p1a: Ting-Lu|118/370\n|move|p1a: Ting-Lu|Spikes|p2a: Houndstone\n|-sidestart|p2: ayaxn|Spikes\n|\n|-heal|p1a: Ting-Lu|141/370|[from] item: Leftovers\n|upkeep\n|turn|4\n|\n|t:|1781383859\n|move|p2a: Houndstone|Body Press|p1a: Ting-Lu\n|-supereffective|p1a: Ting-Lu\n|-damage|p1a: Ting-Lu|49/370\n|move|p1a: Ting-Lu|Throat Chop|p2a: Houndstone\n|-supereffective|p2a: Houndstone\n|-damage|p2a: Houndstone|191/264\n|-start|p2a: Houndstone|Throat Chop|[silent]\n|\n|-heal|p2a: Houndstone|207/264|[from] item: Leftovers\n|-heal|p1a: Ting-Lu|72/370|[from] item: Leftovers\n|upkeep\n|turn|5\n|\n|t:|1781383873\n|move|p2a: Houndstone|Body Press|p1a: Ting-Lu\n|-supereffective|p1a: Ting-Lu\n|-damage|p1a: Ting-Lu|0 fnt\n|faint|p1a: Ting-Lu\n|\n|-heal|p2a: Houndstone|223/264|[from] item: Leftovers\n|-end|p2a: Houndstone|Throat Chop|[silent]\n|upkeep\n|inactive|arbol4 has 120 seconds left.\n|\n|t:|1781383916\n|switch|p1a: Metagross|Metagross, L79|256/256\n|turn|6\n|\n|t:|1781383923\n|move|p2a: Houndstone|Poltergeist|p1a: Metagross\n|-activate|p1a: Metagross|move: Poltergeist|Leftovers\n|-supereffective|p1a: Metagross\n|-damage|p1a: Metagross|64/256\n|move|p1a: Metagross|Stealth Rock|p2a: Houndstone\n|-sidestart|p2: ayaxn|move: Stealth Rock\n|\n|-heal|p2a: Houndstone|239/264|[from] item: Leftovers\n|-heal|p1a: Metagross|80/256|[from] item: Leftovers\n|upkeep\n|turn|7\n|inactive|arbol4 has 120 seconds left.\n|\n|t:|1781383931\n|move|p2a: Houndstone|Poltergeist|p1a: Metagross\n|-activate|p1a: Metagross|move: Poltergeist|Leftovers\n|-supereffective|p1a: Metagross\n|-damage|p1a: Metagross|0 fnt\n|faint|p1a: Metagross\n|\n|-heal|p2a: Houndstone|255/264|[from] item: Leftovers\n|upkeep\n|c|\u2606ayaxn|hell na\n|inactive|arbol4 has 120 seconds left.\n|\n|t:|1781383943\n|switch|p1a: Electrode|Electrode-Hisui, L87|246/246\n|turn|8\n|\n|t:|1781383949\n|move|p1a: Electrode|Thunder Wave|p2a: Houndstone\n|-status|p2a: Houndstone|par\n|cant|p2a: Houndstone|par\n|\n|-heal|p2a: Houndstone|264/264 par|[from] item: Leftovers\n|upkeep\n|turn|9\n|\n|t:|1781383959\n|move|p1a: Electrode|Thunderbolt|p2a: Houndstone\n|-damage|p2a: Houndstone|169/264 par\n|-damage|p1a: Electrode|222/246|[from] item: Life Orb\n|move|p2a: Houndstone|Poltergeist|p1a: Electrode\n|-activate|p1a: Electrode|move: Poltergeist|Life Orb\n|-damage|p1a: Electrode|69/246\n|\n|-heal|p2a: Houndstone|185/264 par|[from] item: Leftovers\n|upkeep\n|turn|10\n|\n|t:|1781383969\n|move|p1a: Electrode|Giga Drain|p2a: Houndstone\n|-damage|p2a: Houndstone|95/264 par\n|-heal|p1a: Electrode|114/246|[from] drain|[of] p2a: Houndstone\n|-damage|p1a: Electrode|90/246|[from] item: Life Orb\n|move|p2a: Houndstone|Poltergeist|p1a: Electrode\n|-activate|p1a: Electrode|move: Poltergeist|Life Orb\n|-damage|p1a: Electrode|0 fnt\n|faint|p1a: Electrode\n|\n|-heal|p2a: Houndstone|111/264 par|[from] item: Leftovers\n|upkeep\n|inactive|arbol4 has 120 seconds left.\n|\n|t:|1781383988\n|switch|p1a: Hydrapple|Hydrapple, L83, M|312/312\n|turn|11\n|inactive|arbol4 has 120 seconds left.\n|\n|t:|1781383998\n|move|p1a: Hydrapple|Fickle Beam|p2a: Houndstone|[anim] Fickle Beam All Out\n|-activate|p1a: Hydrapple|move: Fickle Beam\n|-damage|p2a: Houndstone|0 fnt\n|faint|p2a: Houndstone\n|\n|upkeep\n|\n|t:|1781384023\n|switch|p2a: Sandaconda|Sandaconda, L84, M|258/258\n|-damage|p2a: Sandaconda|194/258|[from] Spikes\n|-damage|p2a: Sandaconda|178/258|[from] Stealth Rock\n|turn|12\n|\n|t:|1781384036\n|-terastallize|p1a: Hydrapple|Dragon\n|move|p2a: Sandaconda|Glare|p1a: Hydrapple\n|-status|p1a: Hydrapple|par\n|move|p1a: Hydrapple|Fickle Beam|p2a: Sandaconda\n|-damage|p2a: Sandaconda|0 fnt\n|faint|p2a: Sandaconda\n|\n|upkeep\n|\n|t:|1781384043\n|switch|p2a: Espeon|Espeon, L84, M|246/246\n|-damage|p2a: Espeon|185/246|[from] Spikes\n|-damage|p2a: Espeon|155/246|[from] Stealth Rock\n|turn|13\n|\n|t:|1781384049\n|move|p2a: Espeon|Calm Mind|p2a: Espeon\n|-boost|p2a: Espeon|spa|1\n|-boost|p2a: Espeon|spd|1\n|cant|p1a: Hydrapple|par\n|\n|upkeep\n|turn|14\n|\n|t:|1781384056\n|move|p2a: Espeon|Alluring Voice|p1a: Hydrapple\n|-supereffective|p1a: Hydrapple\n|-damage|p1a: Hydrapple|13/312 par\n|-damage|p2a: Espeon|131/246|[from] item: Life Orb\n|move|p1a: Hydrapple|Fickle Beam|p2a: Espeon|[anim] Fickle Beam All Out\n|-activate|p1a: Hydrapple|move: Fickle Beam\n|-damage|p2a: Espeon|0 fnt\n|faint|p2a: Espeon\n|\n|upkeep\n|\n|t:|1781384064\n|switch|p2a: Golem|Golem-Alola, L93, F|300/300\n|-damage|p2a: Golem|225/300|[from] Spikes\n|-damage|p2a: Golem|188/300|[from] Stealth Rock\n|turn|15\n|\n|t:|1781384071\n|move|p2a: Golem|Rock Polish|p2a: Golem\n|-boost|p2a: Golem|spe|2\n|move|p1a: Hydrapple|Fickle Beam|p2a: Golem|[anim] Fickle Beam All Out\n|-activate|p1a: Hydrapple|move: Fickle Beam\n|-damage|p2a: Golem|0 fnt\n|faint|p2a: Golem\n|\n|upkeep\n|\n|t:|1781384077\n|switch|p2a: Urshifu|Urshifu, L74, F|270/270\n|-damage|p2a: Urshifu|203/270|[from] Spikes\n|-damage|p2a: Urshifu|187/270|[from] Stealth Rock\n|turn|16\n|\n|t:|1781384084\n|move|p2a: Urshifu|Swords Dance|p2a: Urshifu\n|-boost|p2a: Urshifu|atk|2\n|move|p1a: Hydrapple|Fickle Beam|p2a: Urshifu\n|-damage|p2a: Urshifu|0 fnt\n|faint|p2a: Urshifu\n|\n|upkeep\n|\n|t:|1781384087\n|switch|p2a: Goodra|Goodra-Hisui, L82, M|265/265\n|-damage|p2a: Goodra|199/265|[from] Spikes\n|-damage|p2a: Goodra|183/265|[from] Stealth Rock\n|turn|17\n|\n|t:|1781384094\n|move|p2a: Goodra|Knock Off|p1a: Hydrapple\n|-damage|p1a: Hydrapple|0 fnt\n|-enditem|p1a: Hydrapple|Choice Specs|[from] move: Knock Off|[of] p2a: Goodra\n|faint|p1a: Hydrapple\n|\n|upkeep\n|\n|t:|1781384105\n|switch|p1a: Klawf|Klawf, L90, F|272/272\n|turn|18\n|\n|t:|1781384114\n|move|p1a: Klawf|High Horsepower|p2a: Goodra\n|-supereffective|p2a: Goodra\n|-damage|p2a: Goodra|41/265\n|move|p2a: Goodra|Heavy Slam|p1a: Klawf\n|-supereffective|p1a: Klawf\n|-damage|p1a: Klawf|120/272\n|-ability|p1a: Klawf|Anger Shell|boost\n|-boost|p1a: Klawf|atk|1\n|-boost|p1a: Klawf|spa|1\n|-boost|p1a: Klawf|spe|1\n|-unboost|p1a: Klawf|def|1\n|-unboost|p1a: Klawf|spd|1\n|-enditem|p1a: Klawf|Sitrus Berry|[eat]\n|-heal|p1a: Klawf|188/272|[from] item: Sitrus Berry\n|\n|upkeep\n|turn|19\n|\n|t:|1781384127\n|move|p1a: Klawf|High Horsepower|p2a: Goodra\n|-supereffective|p2a: Goodra\n|-damage|p2a: Goodra|0 fnt\n|faint|p2a: Goodra\n|\n|win|arbol4\n|raw|arbol4's rating: 1144 &rarr; <strong>1172</strong><br />(+28 for winning)\n|raw|ayaxn's rating: 1191 &rarr; <strong>1163</strong><br />(-28 for losing)\n", "uploadtime": 1781384134, "views": 10, "formatid": "gen9randombattle", "rating": 1163, "private": 0, "password": null}