{"id": "gen9randombattle-2631915264", "format": "[Gen 9] Random Battle", "players": ["willisteur", "ran_pokemon"], "log": "|j|\u2606willisteur\n|j|\u2606ran_pokemon\n|t:|1781455187\n|gametype|singles\n|player|p1|willisteur|nessa|\n|player|p2|ran_pokemon|caitlin|\n|gen|9\n|tier|[Gen 9] Random Battle\n|rule|Species Clause: Limit one of each Pok\u00e9mon\n|rule|HP Percentage Mod: HP is shown in percentages\n|rule|Sleep Clause Mod: Limit one foe put to sleep\n|rule|Illusion Level Mod: Illusion disguises the Pok\u00e9mon's true level\n|\n|t:|1781455187\n|teamsize|p1|6\n|teamsize|p2|6\n|start\n|switch|p1a: Meowscarada|Meowscarada, L78, F|247/247\n|switch|p2a: Chien-Pao|Chien-Pao, L72|234/234\n|-ability|p2a: Chien-Pao|Sword of Ruin\n|turn|1\n|\n|t:|1781455222\n|move|p2a: Chien-Pao|Ice Shard|p1a: Meowscarada\n|-supereffective|p1a: Meowscarada\n|-damage|p1a: Meowscarada|61/247\n|move|p1a: Meowscarada|Toxic Spikes|p2a: Chien-Pao\n|-start|p1a: Meowscarada|typechange|Poison|[from] ability: Protean\n|-sidestart|p2: ran_pokemon|move: Toxic Spikes\n|\n|upkeep\n|turn|2\n|\n|t:|1781455247\n|move|p2a: Chien-Pao|Ice Shard|p1a: Meowscarada\n|-damage|p1a: Meowscarada|0 fnt\n|faint|p1a: Meowscarada\n|\n|upkeep\n|\n|t:|1781455277\n|switch|p1a: Luvdisc|Luvdisc, M|247/247\n|turn|3\n|inactive|Battle timer is ON: inactive players will automatically lose when time's up. (requested by willisteur)\n|\n|t:|1781455296\n|switch|p2a: Breloom|Breloom, L83, M|235/235\n|-status|p2a: Breloom|psn\n|move|p1a: Luvdisc|Substitute|p1a: Luvdisc\n|-start|p1a: Luvdisc|Substitute\n|-damage|p1a: Luvdisc|186/247\n|\n|-damage|p2a: Breloom|206/235 psn|[from] psn\n|upkeep\n|turn|4\n|\n|t:|1781455310\n|move|p1a: Luvdisc|Flip Turn|p2a: Breloom\n|-resisted|p2a: Breloom\n|-damage|p2a: Breloom|182/235 psn\n|\n|t:|1781455320\n|switch|p1a: Regidrago|Regidrago, L77|435/435|[from] Flip Turn\n|move|p2a: Breloom|Bullet Seed|p1a: Regidrago\n|-resisted|p1a: Regidrago\n|-damage|p1a: Regidrago|383/435\n|-resisted|p1a: Regidrago\n|-damage|p1a: Regidrago|336/435\n|-resisted|p1a: Regidrago\n|-damage|p1a: Regidrago|289/435\n|-resisted|p1a: Regidrago\n|-damage|p1a: Regidrago|236/435\n|-resisted|p1a: Regidrago\n|-damage|p1a: Regidrago|189/435\n|-hitcount|p1a: Regidrago|5\n|-damage|p2a: Breloom|159/235 psn|[from] item: Life Orb\n|\n|-damage|p2a: Breloom|130/235 psn|[from] psn\n|upkeep\n|turn|5\n|inactive|ran_pokemon has 270 seconds left.\n|\n|t:|1781455357\n|switch|p2a: Chien-Pao|Chien-Pao, L72|234/234\n|-status|p2a: Chien-Pao|psn\n|-ability|p2a: Chien-Pao|Sword of Ruin\n|move|p1a: Regidrago|Draco Meteor|p2a: Chien-Pao\n|-damage|p2a: Chien-Pao|0 fnt\n|-unboost|p1a: Regidrago|spa|2\n|faint|p2a: Chien-Pao\n|\n|upkeep\n|\n|t:|1781455376\n|switch|p2a: Phione|Phione, L91|293/293\n|-status|p2a: Phione|psn\n|turn|6\n|\n|t:|1781455388\n|-terastallize|p2a: Phione|Steel\n|move|p2a: Phione|Ice Beam|p1a: Regidrago\n|-supereffective|p1a: Regidrago\n|-damage|p1a: Regidrago|0 fnt\n|faint|p1a: Regidrago\n|\n|-damage|p2a: Phione|257/293 psn|[from] psn\n|upkeep\n|\n|t:|1781455407\n|switch|p1a: Appletun|Appletun, L92, F|352/352\n|turn|7\n|\n|t:|1781455421\n|move|p2a: Phione|Ice Beam|p1a: Appletun\n|-supereffective|p1a: Appletun\n|-damage|p1a: Appletun|216/352\n|move|p1a: Appletun|Apple Acid|p2a: Phione\n|-resisted|p2a: Phione\n|-damage|p2a: Phione|207/293 psn\n|-unboost|p2a: Phione|spd|1\n|\n|-heal|p2a: Phione|225/293 psn|[from] item: Leftovers\n|-heal|p1a: Appletun|238/352|[from] item: Leftovers\n|-damage|p2a: Phione|189/293 psn|[from] psn\n|upkeep\n|turn|8\n|inactive|ran_pokemon has 270 seconds left.\n|\n|t:|1781455441\n|-terastallize|p1a: Appletun|Steel\n|move|p2a: Phione|Ice Beam|p1a: Appletun\n|-resisted|p1a: Appletun\n|-damage|p1a: Appletun|221/352\n|move|p1a: Appletun|Apple Acid|p2a: Phione\n|-resisted|p2a: Phione\n|-damage|p2a: Phione|117/293 psn\n|-unboost|p2a: Phione|spd|1\n|\n|-heal|p2a: Phione|135/293 psn|[from] item: Leftovers\n|-heal|p1a: Appletun|243/352|[from] item: Leftovers\n|-damage|p2a: Phione|99/293 psn|[from] psn\n|upkeep\n|turn|9\n|\n|t:|1781455462\n|switch|p2a: Infernape|Infernape, L82, M|259/259\n|-status|p2a: Infernape|psn\n|move|p1a: Appletun|Apple Acid|p2a: Infernape\n|-resisted|p2a: Infernape\n|-crit|p2a: Infernape\n|-damage|p2a: Infernape|161/259 psn\n|-unboost|p2a: Infernape|spd|1\n|\n|-heal|p1a: Appletun|265/352|[from] item: Leftovers\n|-damage|p2a: Infernape|129/259 psn|[from] psn\n|upkeep\n|turn|10\n|\n|t:|1781455478\n|switch|p1a: Luvdisc|Luvdisc, M|186/247\n|move|p2a: Infernape|Overheat|p1a: Luvdisc\n|-resisted|p1a: Luvdisc\n|-damage|p1a: Luvdisc|98/247\n|-unboost|p2a: Infernape|spa|2\n|-damage|p2a: Infernape|104/259 psn|[from] item: Life Orb\n|\n|-damage|p2a: Infernape|72/259 psn|[from] psn\n|upkeep\n|turn|11\n|inactive|ran_pokemon has 240 seconds left.\n|inactiveoff|Battle timer is now OFF.\n|\n|t:|1781455525\n|move|p1a: Luvdisc|Surf|p2a: Infernape\n|-supereffective|p2a: Infernape\n|-damage|p2a: Infernape|0 fnt\n|faint|p2a: Infernape\n|\n|upkeep\n|\n|t:|1781455538\n|switch|p2a: Breloom|Breloom, L83, M|130/235 psn\n|turn|12\n|\n|t:|1781455560\n|switch|p1a: Appletun|Appletun, L92, F, tera:Steel|265/352\n|move|p2a: Breloom|Mach Punch|p1a: Appletun\n|-supereffective|p1a: Appletun\n|-damage|p1a: Appletun|52/352\n|-damage|p2a: Breloom|107/235 psn|[from] item: Life Orb\n|\n|-heal|p1a: Appletun|74/352|[from] item: Leftovers\n|-damage|p2a: Breloom|78/235 psn|[from] psn\n|upkeep\n|turn|13\n|\n|t:|1781455571\n|move|p2a: Breloom|Mach Punch|p1a: Appletun\n|-supereffective|p1a: Appletun\n|-damage|p1a: Appletun|0 fnt\n|faint|p1a: Appletun\n|-damage|p2a: Breloom|55/235 psn|[from] item: Life Orb\n|\n|-damage|p2a: Breloom|26/235 psn|[from] psn\n|upkeep\n|\n|t:|1781455584\n|switch|p1a: Mesprit|Mesprit, L85|275/275\n|turn|14\n|\n|t:|1781455614\n|switch|p2a: Skuntank|Skuntank, L84, F|310/310\n|-sideend|p2: ran_pokemon|move: Toxic Spikes|[of] p2a: Skuntank\n|move|p1a: Mesprit|U-turn|p2a: Skuntank\n|-damage|p2a: Skuntank|242/310\n|\n|t:|1781455623\n|switch|p1a: Furret|Furret, L94, F|312/312|[from] U-turn\n|-item|p2a: Skuntank|Life Orb|[from] ability: Frisk|[of] p1a: Furret\n|\n|upkeep\n|turn|15\n|\n|t:|1781455660\n|move|p1a: Furret|Trick|p2a: Skuntank\n|-activate|p1a: Furret|move: Trick|[of] p2a: Skuntank\n|-item|p2a: Skuntank|Choice Band|[from] move: Trick\n|-item|p1a: Furret|Life Orb|[from] move: Trick\n|move|p2a: Skuntank|Toxic Spikes|p1a: Furret\n|-sidestart|p1: willisteur|move: Toxic Spikes\n|\n|upkeep\n|turn|16\n|\n|t:|1781455694\n|switch|p2a: Copperajah|Copperajah, L86, F|350/350\n|move|p1a: Furret|Knock Off|p2a: Copperajah\n|-damage|p2a: Copperajah|246/350\n|-enditem|p2a: Copperajah|Choice Band|[from] move: Knock Off|[of] p1a: Furret\n|-damage|p1a: Furret|281/312|[from] item: Life Orb\n|\n|upkeep\n|turn|17\n|\n|t:|1781455705\n|move|p1a: Furret|U-turn|p2a: Copperajah\n|-resisted|p2a: Copperajah\n|-damage|p2a: Copperajah|211/350\n|-damage|p1a: Furret|250/312|[from] item: Life Orb\n|\n|t:|1781455708\n|switch|p1a: Luvdisc|Luvdisc, M|98/247|[from] U-turn\n|move|p2a: Copperajah|Superpower|p1a: Luvdisc\n|-damage|p1a: Luvdisc|0 fnt\n|-unboost|p2a: Copperajah|atk|1\n|-unboost|p2a: Copperajah|def|1\n|faint|p1a: Luvdisc\n|\n|upkeep\n|\n|t:|1781455716\n|switch|p1a: Mesprit|Mesprit, L85|275/275\n|turn|18\n|\n|t:|1781455725\n|switch|p2a: Skuntank|Skuntank, L84, F|242/310\n|move|p1a: Mesprit|Thunderbolt|p2a: Skuntank\n|-damage|p2a: Skuntank|112/310\n|\n|upkeep\n|turn|19\n|\n|t:|1781455734\n|move|p2a: Skuntank|Knock Off|p1a: Mesprit\n|-supereffective|p1a: Mesprit\n|-damage|p1a: Mesprit|15/275\n|-enditem|p1a: Mesprit|Choice Specs|[from] move: Knock Off|[of] p2a: Skuntank\n|move|p1a: Mesprit|Thunderbolt|p2a: Skuntank\n|-damage|p2a: Skuntank|15/310\n|\n|upkeep\n|turn|20\n|\n|t:|1781455741\n|move|p2a: Skuntank|Knock Off|p1a: Mesprit\n|-supereffective|p1a: Mesprit\n|-damage|p1a: Mesprit|0 fnt\n|faint|p1a: Mesprit\n|\n|upkeep\n|\n|t:|1781455745\n|switch|p1a: Furret|Furret, L94, F|250/312\n|-status|p1a: Furret|psn\n|-item|p2a: Skuntank|Choice Band|[from] ability: Frisk|[of] p1a: Furret\n|turn|21\n|c|\u2606willisteur|gg\n|c|\u2606ran_pokemon|gg\n|c|\u2606ran_pokemon|mais c'est pas encore fini !\n|\n|t:|1781455822\n|move|p1a: Furret|U-turn|p2a: Skuntank\n|-damage|p2a: Skuntank|0 fnt\n|-damage|p1a: Furret|172/312 psn|[from] ability: Aftermath|[of] p2a: Skuntank\n|faint|p2a: Skuntank\n|-damage|p1a: Furret|141/312 psn|[from] item: Life Orb\n|\n|-damage|p1a: Furret|102/312 psn|[from] psn\n|upkeep\n|\n|t:|1781455830\n|switch|p2a: Copperajah|Copperajah, L86, F|211/350\n|turn|22\n|\n|t:|1781455835\n|move|p1a: Furret|Double-Edge|p2a: Copperajah\n|-resisted|p2a: Copperajah\n|-damage|p2a: Copperajah|114/350\n|-damage|p1a: Furret|70/312 psn|[from] Recoil\n|-damage|p1a: Furret|39/312 psn|[from] item: Life Orb\n|move|p2a: Copperajah|Superpower|p1a: Furret\n|-supereffective|p1a: Furret\n|-damage|p1a: Furret|0 fnt\n|-unboost|p2a: Copperajah|atk|1\n|-unboost|p2a: Copperajah|def|1\n|faint|p1a: Furret\n|\n|win|ran_pokemon\n|c|\u2606ran_pokemon|gg\n|c|\u2606ran_pokemon|xD\n|c|\u2606willisteur|jte laisse mettre le replay\n|c|\u2606ran_pokemon|oki\n|c|\u2606willisteur|Ma team face a la tienne\n|c|\u2606willisteur|J'pouvas rien faire\n|l|\u2606willisteur\n|player|p1|\n|c|\u2606ran_pokemon|:\"3\n", "uploadtime": 1781455855, "views": 11, "formatid": "gen9randombattle", "rating": null, "private": 0, "password": null}