{"id": "gen9randombattle-2631575414", "format": "[Gen 9] Random Battle", "players": ["flaviodssts", "schleeby"], "log": "|j|\u2606flaviodssts\n|j|\u2606schleeby\n|t:|1781403448\n|gametype|singles\n|player|p1|flaviodssts|burglar|2047\n|player|p2|schleeby|rosa|2049\n|gen|9\n|tier|[Gen 9] Random Battle\n|rated|\n|rule|Species Clause: Limit one of each Pok\u00e9mon\n|rule|HP Percentage Mod: HP is shown in percentages\n|rule|Sleep Clause Mod: Limit one foe put to sleep\n|rule|Illusion Level Mod: Illusion disguises the Pok\u00e9mon's true level\n|\n|t:|1781403448\n|teamsize|p1|6\n|teamsize|p2|6\n|start\n|switch|p1a: Incineroar|Incineroar, L82, M|290/290\n|switch|p2a: Azelf|Azelf, L82|257/257\n|-ability|p1a: Incineroar|Intimidate|boost\n|-unboost|p2a: Azelf|atk|1\n|turn|1\n|inactive|Battle timer is ON: inactive players will automatically lose when time's up. (requested by flaviodssts)\n|\n|t:|1781403469\n|switch|p2a: Clefable|Clefable, L83, M|293/293\n|move|p1a: Incineroar|U-turn|p2a: Clefable\n|-resisted|p2a: Clefable\n|-damage|p2a: Clefable|262/293\n|\n|t:|1781403474\n|switch|p1a: Leavanny|Leavanny, L86, M|269/269|[from] U-turn\n|\n|-heal|p2a: Clefable|280/293|[from] item: Leftovers\n|upkeep\n|turn|2\n|\n|t:|1781403489\n|move|p1a: Leavanny|Sticky Web|p2a: Clefable\n|-sidestart|p2: schleeby|move: Sticky Web\n|move|p2a: Clefable|Thunder Wave|p1a: Leavanny\n|-status|p1a: Leavanny|par\n|\n|-heal|p2a: Clefable|293/293|[from] item: Leftovers\n|upkeep\n|turn|3\n|\n|t:|1781403493\n|switch|p1a: Sneasler|Sneasler, L74, F|240/240\n|move|p2a: Clefable|Moonblast|p1a: Sneasler\n|-crit|p1a: Sneasler\n|-damage|p1a: Sneasler|63/240\n|\n|upkeep\n|turn|4\n|\n|t:|1781403499\n|switch|p2a: Landorus|Landorus-Therian, L76, M|260/260\n|-ability|p2a: Landorus|Intimidate|boost\n|-unboost|p1a: Sneasler|atk|1\n|move|p1a: Sneasler|Dire Claw|p2a: Landorus\n|-resisted|p2a: Landorus\n|-damage|p2a: Landorus|214/260\n|-status|p2a: Landorus|slp\n|\n|-heal|p2a: Landorus|230/260 slp|[from] item: Leftovers\n|upkeep\n|turn|5\n|\n|t:|1781403506\n|switch|p1a: Leavanny|Leavanny, L86, M|269/269 par\n|cant|p2a: Landorus|slp\n|\n|-heal|p2a: Landorus|246/260 slp|[from] item: Leftovers\n|upkeep\n|turn|6\n|\n|t:|1781403510\n|cant|p2a: Landorus|slp\n|move|p1a: Leavanny|Triple Axel|p2a: Landorus\n|-supereffective|p2a: Landorus\n|-damage|p2a: Landorus|170/260 slp\n|-supereffective|p2a: Landorus\n|-damage|p2a: Landorus|46/260 slp\n|-supereffective|p2a: Landorus\n|-damage|p2a: Landorus|0 fnt\n|faint|p2a: Landorus\n|-hitcount|p2: Landorus|3\n|\n|upkeep\n|\n|t:|1781403517\n|switch|p2a: Pyroar|Pyroar, L88, F|295/295\n|-ability|p2a: Pyroar|Unnerve\n|turn|7\n|\n|t:|1781403522\n|switch|p1a: Incineroar|Incineroar, L82, M|290/290\n|-ability|p1a: Incineroar|Intimidate|boost\n|-unboost|p2a: Pyroar|atk|1\n|move|p2a: Pyroar|Hyper Voice|p1a: Incineroar\n|-damage|p1a: Incineroar|214/290\n|\n|upkeep\n|turn|8\n|\n|t:|1781403532\n|switch|p2a: Clefable|Clefable, L83, M|293/293\n|-activate|p2a: Clefable|move: Sticky Web\n|-unboost|p2a: Clefable|spe|1\n|move|p1a: Incineroar|Fake Out|p2a: Clefable\n|-damage|p2a: Clefable|260/293\n|\n|-heal|p2a: Clefable|278/293|[from] item: Leftovers\n|upkeep\n|turn|9\n|\n|t:|1781403537\n|move|p1a: Incineroar|U-turn|p2a: Clefable\n|-resisted|p2a: Clefable\n|-damage|p2a: Clefable|248/293\n|\n|t:|1781403542\n|switch|p1a: Clodsire|Clodsire, L81, F|343/343|[from] U-turn\n|move|p2a: Clefable|Moonblast|p1a: Clodsire\n|-resisted|p1a: Clodsire\n|-damage|p1a: Clodsire|298/343\n|\n|-heal|p2a: Clefable|266/293|[from] item: Leftovers\n|-heal|p1a: Clodsire|319/343|[from] item: Leftovers\n|upkeep\n|turn|10\n|\n|t:|1781403550\n|move|p2a: Clefable|Stealth Rock|p1a: Clodsire\n|-sidestart|p1: flaviodssts|move: Stealth Rock\n|move|p1a: Clodsire|Earthquake|p2a: Clefable\n|-damage|p2a: Clefable|176/293\n|\n|-heal|p2a: Clefable|194/293|[from] item: Leftovers\n|-heal|p1a: Clodsire|340/343|[from] item: Leftovers\n|upkeep\n|turn|11\n|\n|t:|1781403554\n|switch|p2a: Azelf|Azelf, L82|257/257\n|move|p1a: Clodsire|Stealth Rock|p2a: Azelf\n|-sidestart|p2: schleeby|move: Stealth Rock\n|\n|-heal|p1a: Clodsire|343/343|[from] item: Leftovers\n|upkeep\n|turn|12\n|\n|t:|1781403567\n|switch|p1a: Incineroar|Incineroar, L82, M|214/290\n|-damage|p1a: Incineroar|142/290|[from] Stealth Rock\n|-ability|p1a: Incineroar|Intimidate|boost\n|-unboost|p2a: Azelf|atk|1\n|move|p2a: Azelf|Dazzling Gleam|p1a: Incineroar\n|-damage|p1a: Incineroar|85/290\n|-damage|p2a: Azelf|232/257|[from] item: Life Orb\n|\n|upkeep\n|turn|13\n|\n|t:|1781403578\n|switch|p2a: Clefable|Clefable, L83, M|194/293\n|-activate|p2a: Clefable|move: Sticky Web\n|-unboost|p2a: Clefable|spe|1\n|-damage|p2a: Clefable|158/293|[from] Stealth Rock\n|move|p1a: Incineroar|Knock Off|p2a: Clefable\n|-resisted|p2a: Clefable\n|-damage|p2a: Clefable|98/293\n|-enditem|p2a: Clefable|Leftovers|[from] move: Knock Off|[of] p1a: Incineroar\n|\n|upkeep\n|turn|14\n|\n|t:|1781403581\n|move|p1a: Incineroar|Overheat|p2a: Clefable\n|-damage|p2a: Clefable|0 fnt\n|-unboost|p1a: Incineroar|spa|2\n|faint|p2a: Clefable\n|\n|upkeep\n|\n|t:|1781403594\n|switch|p2a: Lumineon|Lumineon, L93, F|279/279\n|-activate|p2a: Lumineon|move: Sticky Web\n|-unboost|p2a: Lumineon|spe|1\n|-damage|p2a: Lumineon|245/279|[from] Stealth Rock\n|turn|15\n|\n|t:|1781403598\n|move|p2a: Lumineon|Hydro Pump|p1a: Incineroar\n|-supereffective|p1a: Incineroar\n|-damage|p1a: Incineroar|0 fnt\n|faint|p1a: Incineroar\n|-damage|p2a: Lumineon|218/279|[from] item: Life Orb\n|\n|upkeep\n|\n|t:|1781403601\n|switch|p1a: Leavanny|Leavanny, L86, M|269/269 par\n|-damage|p1a: Leavanny|202/269 par|[from] Stealth Rock\n|turn|16\n|\n|t:|1781403606\n|move|p2a: Lumineon|Ice Beam|p1a: Leavanny\n|-supereffective|p1a: Leavanny\n|-damage|p1a: Leavanny|43/269 par\n|-damage|p2a: Lumineon|191/279|[from] item: Life Orb\n|move|p1a: Leavanny|Bullet Seed|p2a: Lumineon\n|-supereffective|p2a: Lumineon\n|-damage|p2a: Lumineon|131/279\n|-supereffective|p2a: Lumineon\n|-damage|p2a: Lumineon|71/279\n|-supereffective|p2a: Lumineon\n|-damage|p2a: Lumineon|17/279\n|-supereffective|p2a: Lumineon\n|-damage|p2a: Lumineon|0 fnt\n|faint|p2a: Lumineon\n|-hitcount|p2: Lumineon|4\n|\n|upkeep\n|\n|t:|1781403613\n|switch|p2a: Pyroar|Pyroar, L88, F|295/295\n|-ability|p2a: Pyroar|Unnerve\n|turn|17\n|\n|t:|1781403616\n|move|p2a: Pyroar|Hyper Voice|p1a: Leavanny\n|-damage|p1a: Leavanny|0 fnt\n|faint|p1a: Leavanny\n|\n|upkeep\n|\n|t:|1781403625\n|switch|p1a: Clodsire|Clodsire, L81, F|343/343\n|-damage|p1a: Clodsire|322/343|[from] Stealth Rock\n|turn|18\n|\n|t:|1781403630\n|move|p2a: Pyroar|Fire Blast|p1a: Clodsire\n|-damage|p1a: Clodsire|186/343\n|move|p1a: Clodsire|Gunk Shot|p2a: Pyroar\n|-damage|p2a: Pyroar|183/295\n|\n|-heal|p1a: Clodsire|207/343|[from] item: Leftovers\n|upkeep\n|turn|19\n|\n|t:|1781403637\n|switch|p2a: Azelf|Azelf, L82|232/257\n|-damage|p2a: Azelf|200/257|[from] Stealth Rock\n|move|p1a: Clodsire|Earthquake|p2a: Azelf\n|-immune|p2a: Azelf|[from] ability: Levitate\n|\n|-heal|p1a: Clodsire|228/343|[from] item: Leftovers\n|upkeep\n|turn|20\n|\n|t:|1781403640\n|switch|p1a: Wo-Chien|Wo-Chien, L83|277/277\n|-damage|p1a: Wo-Chien|243/277|[from] Stealth Rock\n|-ability|p1a: Wo-Chien|Tablets of Ruin\n|move|p2a: Azelf|Psychic|p1a: Wo-Chien\n|-immune|p1a: Wo-Chien\n|\n|-heal|p1a: Wo-Chien|260/277|[from] item: Leftovers\n|upkeep\n|turn|21\n|\n|t:|1781403650\n|switch|p2a: Pyroar|Pyroar, L88, F|183/295\n|-ability|p2a: Pyroar|Unnerve\n|move|p1a: Wo-Chien|Stun Spore|p2a: Pyroar\n|-status|p2a: Pyroar|par\n|\n|-heal|p1a: Wo-Chien|277/277|[from] item: Leftovers\n|upkeep\n|turn|22\n|\n|t:|1781403653\n|switch|p1a: Clodsire|Clodsire, L81, F|228/343\n|-damage|p1a: Clodsire|207/343|[from] Stealth Rock\n|move|p2a: Pyroar|Fire Blast|p1a: Clodsire|[miss]\n|-miss|p2a: Pyroar|p1a: Clodsire\n|\n|-heal|p1a: Clodsire|228/343|[from] item: Leftovers\n|upkeep\n|turn|23\n|\n|t:|1781403662\n|move|p2a: Pyroar|Hyper Voice|p1a: Clodsire\n|-damage|p1a: Clodsire|113/343\n|move|p1a: Clodsire|Gunk Shot|p2a: Pyroar\n|-damage|p2a: Pyroar|75/295 par\n|\n|-heal|p1a: Clodsire|134/343|[from] item: Leftovers\n|upkeep\n|turn|24\n|\n|t:|1781403668\n|move|p2a: Pyroar|Fire Blast|p1a: Clodsire\n|-damage|p1a: Clodsire|0 fnt\n|faint|p1a: Clodsire\n|\n|upkeep\n|\n|t:|1781403671\n|switch|p1a: Sneasler|Sneasler, L74, F|63/240\n|-damage|p1a: Sneasler|48/240|[from] Stealth Rock\n|turn|25\n|\n|t:|1781403679\n|move|p1a: Sneasler|Dire Claw|p2a: Pyroar\n|-damage|p2a: Pyroar|0 fnt\n|faint|p2a: Pyroar\n|\n|upkeep\n|\n|t:|1781403682\n|switch|p2a: Azelf|Azelf, L82|200/257\n|-damage|p2a: Azelf|168/257|[from] Stealth Rock\n|turn|26\n|\n|t:|1781403687\n|-terastallize|p1a: Sneasler|Dark\n|move|p2a: Azelf|Fire Blast|p1a: Sneasler\n|-damage|p1a: Sneasler|0 fnt\n|faint|p1a: Sneasler\n|-damage|p2a: Azelf|143/257|[from] item: Life Orb\n|\n|upkeep\n|\n|t:|1781403690\n|switch|p1a: Wo-Chien|Wo-Chien, L83|277/277\n|-damage|p1a: Wo-Chien|243/277|[from] Stealth Rock\n|-ability|p1a: Wo-Chien|Tablets of Ruin\n|turn|27\n|\n|t:|1781403699\n|move|p2a: Azelf|Fire Blast|p1a: Wo-Chien\n|-supereffective|p1a: Wo-Chien\n|-damage|p1a: Wo-Chien|74/277\n|-damage|p2a: Azelf|118/257|[from] item: Life Orb\n|move|p1a: Wo-Chien|Knock Off|p2a: Azelf\n|-supereffective|p2a: Azelf\n|-damage|p2a: Azelf|0 fnt\n|-enditem|p2a: Azelf|Life Orb|[from] move: Knock Off|[of] p1a: Wo-Chien\n|faint|p2a: Azelf\n|\n|-heal|p1a: Wo-Chien|91/277|[from] item: Leftovers\n|upkeep\n|\n|t:|1781403701\n|switch|p2a: Minior|Minior-Orange, L79|224/224\n|-damage|p2a: Minior|168/224|[from] Stealth Rock\n|-formechange|p2a: Minior|Minior-Meteor||[from] ability: Shields Down\n|turn|28\n|\n|t:|1781403708\n|move|p1a: Wo-Chien|Knock Off|p2a: Minior\n|-damage|p2a: Minior|75/224\n|-enditem|p2a: Minior|White Herb|[from] move: Knock Off|[of] p1a: Wo-Chien\n|move|p2a: Minior|Shell Smash|p2a: Minior\n|-unboost|p2a: Minior|def|1\n|-unboost|p2a: Minior|spd|1\n|-boost|p2a: Minior|atk|2\n|-boost|p2a: Minior|spa|2\n|-boost|p2a: Minior|spe|2\n|\n|-heal|p1a: Wo-Chien|108/277|[from] item: Leftovers\n|-formechange|p2a: Minior|Minior-Orange||[from] ability: Shields Down\n|upkeep\n|turn|29\n|\n|t:|1781403713\n|move|p2a: Minior|Acrobatics|p1a: Wo-Chien\n|-supereffective|p1a: Wo-Chien\n|-damage|p1a: Wo-Chien|0 fnt\n|faint|p1a: Wo-Chien\n|\n|upkeep\n|\n|t:|1781403716\n|switch|p1a: Cetitan|Cetitan, L82, M|412/412\n|-damage|p1a: Cetitan|309/412|[from] Stealth Rock\n|turn|30\n|\n|t:|1781403720\n|-terastallize|p2a: Minior|Steel\n|move|p1a: Cetitan|Ice Shard|p2a: Minior\n|-resisted|p2a: Minior\n|-damage|p2a: Minior|28/224\n|move|p2a: Minior|Power Gem|p1a: Cetitan\n|-supereffective|p1a: Cetitan\n|-damage|p1a: Cetitan|0 fnt\n|faint|p1a: Cetitan\n|\n|win|schleeby\n", "uploadtime": 1781403450, "views": 3, "formatid": "gen9randombattle", "rating": null, "private": 0, "password": null}