{"id": "gen9randombattle-2631835681", "format": "[Gen 9] Random Battle", "players": ["mota gorilla", "SHONE"], "log": "|j|\u2606mota gorilla\n|j|\u2606SHONE\n|t:|1781446223\n|gametype|singles\n|player|p1|mota gorilla|169|\n|player|p2|SHONE|#hplvikochiquakers|\n|gen|9\n|tier|[Gen 9] Random Battle\n|rule|Species Clause: Limit one of each Pok\u00e9mon\n|rule|HP Percentage Mod: HP is shown in percentages\n|rule|Sleep Clause Mod: Limit one foe put to sleep\n|rule|Illusion Level Mod: Illusion disguises the Pok\u00e9mon's true level\n|\n|t:|1781446223\n|teamsize|p1|6\n|teamsize|p2|6\n|start\n|switch|p1a: Dodrio|Dodrio, L85, F|241/241\n|switch|p2a: Plusle|Plusle, L95, M|268/268\n|turn|1\n|j| Prateekkp@!\n|\n|t:|1781446258\n|switch|p1a: Electivire|Electivire, L84, M|263/263\n|switch|p2a: Braviary|Braviary, L85, M|309/309\n|\n|upkeep\n|turn|2\n|c| Prateekkp|Bo3 pe challenge karte na..\n|c|\u2606SHONE|wow\n|c|\u2606SHONE|reverse\n|c|\u2606SHONE|ye motagorilla ki galti hai\n|l|\u2606SHONE\n|player|p2|\n|c|\u2606mota gorilla|Arre mene socha 3 khel lenge\n|j|\u2606SHONE\n|player|p2|SHONE|#hplvikochiquakers|\n|j| Kochu_shak\n|c|\u2606mota gorilla|:v\n|j| shitc\n|\n|t:|1781446324\n|switch|p2a: Dunsparce|Dunsparce, L86, M|312/312\n|move|p1a: Electivire|Knock Off|p2a: Dunsparce\n|-damage|p2a: Dunsparce|226/312\n|-enditem|p2a: Dunsparce|Eviolite|[from] move: Knock Off|[of] p1a: Electivire\n|-damage|p1a: Electivire|237/263|[from] item: Life Orb\n|\n|upkeep\n|turn|3\n|\n|t:|1781446343\n|switch|p1a: Dodrio|Dodrio, L85, F|241/241\n|move|p2a: Dunsparce|Earthquake|p1a: Dodrio\n|-immune|p1a: Dodrio\n|\n|upkeep\n|turn|4\n|\n|t:|1781446381\n|move|p1a: Dodrio|Double-Edge|p2a: Dunsparce\n|-damage|p2a: Dunsparce|60/312\n|-damage|p1a: Dodrio|186/241|[from] Recoil\n|move|p2a: Dunsparce|Roost|p2a: Dunsparce\n|-heal|p2a: Dunsparce|216/312\n|-singleturn|p2a: Dunsparce|move: Roost\n|\n|upkeep\n|turn|5\n|\n|t:|1781446396\n|switch|p2a: Flutter Mane|Flutter Mane, L74|203/203\n|move|p1a: Dodrio|Swords Dance|p1a: Dodrio\n|-boost|p1a: Dodrio|atk|2\n|\n|upkeep\n|turn|6\n|j| Faaagamer@!\n|c| shitc|Shone bhai kya mast roost karte ho\n|c|\u2606SHONE|thanks\n|\n|t:|1781446428\n|-end|p2a: Flutter Mane|Protosynthesis|[silent]\n|switch|p2a: Dunsparce|Dunsparce, L86, M|216/312\n|move|p1a: Dodrio|Brave Bird|p2a: Dunsparce\n|-damage|p2a: Dunsparce|0 fnt\n|faint|p2a: Dunsparce\n|-damage|p1a: Dodrio|115/241|[from] Recoil\n|\n|upkeep\n|\n|t:|1781446436\n|switch|p2a: Flutter Mane|Flutter Mane, L74|203/203\n|turn|7\n|\n|t:|1781446442\n|switch|p1a: Comfey|Comfey, L85, F|225/225\n|move|p2a: Flutter Mane|Moonblast|p1a: Comfey\n|-damage|p1a: Comfey|107/225\n|-damage|p2a: Flutter Mane|183/203|[from] item: Life Orb\n|\n|-heal|p1a: Comfey|121/225|[from] item: Leftovers\n|upkeep\n|turn|8\n|c| Kochu_shak|Mai toh shone ke roost ka fan hu\n|\n|t:|1781446457\n|move|p1a: Comfey|Giga Drain|p2a: Flutter Mane\n|-damage|p2a: Flutter Mane|145/203\n|-heal|p1a: Comfey|140/225|[from] drain|[of] p2a: Flutter Mane\n|move|p2a: Flutter Mane|Moonblast|p1a: Comfey\n|-damage|p1a: Comfey|33/225\n|-damage|p2a: Flutter Mane|125/203|[from] item: Life Orb\n|\n|-heal|p1a: Comfey|47/225|[from] item: Leftovers\n|upkeep\n|turn|9\n|\n|t:|1781446484\n|move|p1a: Comfey|Draining Kiss|p2a: Flutter Mane\n|-damage|p2a: Flutter Mane|85/203\n|-heal|p1a: Comfey|77/225|[from] drain|[of] p2a: Flutter Mane\n|move|p2a: Flutter Mane|Calm Mind|p2a: Flutter Mane\n|-boost|p2a: Flutter Mane|spa|1\n|-boost|p2a: Flutter Mane|spd|1\n|\n|-heal|p1a: Comfey|91/225|[from] item: Leftovers\n|upkeep\n|turn|10\n|\n|t:|1781446494\n|move|p2a: Flutter Mane|Moonblast|p1a: Comfey\n|-damage|p1a: Comfey|0 fnt\n|faint|p1a: Comfey\n|-damage|p2a: Flutter Mane|65/203|[from] item: Life Orb\n|\n|upkeep\n|\n|t:|1781446519\n|switch|p1a: Lilligant|Lilligant, L86, F|261/261\n|turn|11\n|\n|t:|1781446527\n|-terastallize|p2a: Flutter Mane|Fire\n|move|p2a: Flutter Mane|Mystical Fire|p1a: Lilligant\n|-supereffective|p1a: Lilligant\n|-damage|p1a: Lilligant|0 fnt\n|faint|p1a: Lilligant\n|-damage|p2a: Flutter Mane|45/203|[from] item: Life Orb\n|\n|upkeep\n|\n|t:|1781446537\n|switch|p1a: Electivire|Electivire, L84, M|237/263\n|turn|12\n|\n|t:|1781446548\n|move|p2a: Flutter Mane|Moonblast|p1a: Electivire\n|-damage|p1a: Electivire|15/263\n|-damage|p2a: Flutter Mane|25/203|[from] item: Life Orb\n|move|p1a: Electivire|Knock Off|p2a: Flutter Mane\n|-damage|p2a: Flutter Mane|0 fnt\n|-enditem|p2a: Flutter Mane|Life Orb|[from] move: Knock Off|[of] p1a: Electivire\n|faint|p2a: Flutter Mane\n|-end|p2a: Flutter Mane|Protosynthesis|[silent]\n|-damage|p1a: Electivire|0 fnt|[from] item: Life Orb\n|faint|p1a: Electivire\n|\n|upkeep\n|\n|t:|1781446579\n|switch|p2a: Braviary|Braviary, L85, M|309/309\n|switch|p1a: Mew|Mew, L82|298/298\n|turn|13\n|\n|t:|1781446596\n|move|p1a: Mew|Nasty Plot|p1a: Mew\n|-boost|p1a: Mew|spa|2\n|move|p2a: Braviary|Brave Bird|p1a: Mew\n|-damage|p1a: Mew|145/298\n|-damage|p2a: Braviary|259/309|[from] Recoil\n|\n|upkeep\n|turn|14\n|\n|t:|1781446610\n|move|p1a: Mew|Psychic|p2a: Braviary\n|-damage|p2a: Braviary|16/309\n|-damage|p1a: Mew|116/298|[from] item: Life Orb\n|move|p2a: Braviary|Brave Bird|p1a: Mew\n|-damage|p1a: Mew|0 fnt\n|faint|p1a: Mew\n|-damage|p2a: Braviary|0 fnt|[from] Recoil\n|faint|p2a: Braviary\n|\n|upkeep\n|\n|t:|1781446623\n|switch|p1a: Arceus|Arceus-Ghost, L69|280/280\n|switch|p2a: Plusle|Plusle, L95, M|268/268\n|turn|15\n|c|\u2606SHONE|o.o\n|\n|t:|1781446638\n|move|p2a: Plusle|Nasty Plot|p2a: Plusle\n|-boost|p2a: Plusle|spa|2\n|move|p1a: Arceus|Judgment|p2a: Plusle\n|-damage|p2a: Plusle|169/268\n|\n|upkeep\n|turn|16\n|\n|t:|1781446646\n|move|p2a: Plusle|Thunderbolt|p1a: Arceus\n|-damage|p1a: Arceus|17/280\n|-damage|p2a: Plusle|143/268|[from] item: Life Orb\n|move|p1a: Arceus|Focus Blast|p2a: Plusle\n|-damage|p2a: Plusle|72/268\n|\n|upkeep\n|turn|17\n|\n|t:|1781446655\n|move|p2a: Plusle|Thunderbolt|p1a: Arceus\n|-damage|p1a: Arceus|0 fnt\n|faint|p1a: Arceus\n|-damage|p2a: Plusle|46/268|[from] item: Life Orb\n|\n|upkeep\n|-message|mota gorilla forfeited.\n|\n|win|SHONE\n|l|\u2606mota gorilla\n|player|p1|\n|c|\u2606SHONE|gg\n|c| shitc|Ehh\n|c| shitc|Last mon chesnaught blissey bhi to ho sakte hai\n|c|\u2606SHONE|https://play.pokemonshowdown.com/battle-gen9randombattle-2631839392\n|c| Kochu_shak|Bo3 rands hai?\n|c|\u2606SHONE|yes\n|l| Prateekkp\n|l| shitc\n|l| Kochu_shak\n|l| Faaagamer\n", "uploadtime": 1781446892, "views": 4, "formatid": "gen9randombattle", "rating": null, "private": 0, "password": null}