{"id": "gen9randombattle-2631831406", "format": "[Gen 9] Random Battle", "players": ["yungjayfox", "zofrbgbor"], "log": "|j|\u203dyungjayfox\n|j|\u2606zofrbgbor\n|t:|1781445710\n|gametype|singles\n|player|p1|yungjayfox|blackbelt|1327\n|player|p2|zofrbgbor|169|1327\n|gen|9\n|tier|[Gen 9] Random Battle\n|rated|\n|rule|Species Clause: Limit one of each Pok\u00e9mon\n|rule|HP Percentage Mod: HP is shown in percentages\n|rule|Sleep Clause Mod: Limit one foe put to sleep\n|rule|Illusion Level Mod: Illusion disguises the Pok\u00e9mon's true level\n|\n|t:|1781445710\n|teamsize|p1|6\n|teamsize|p2|6\n|start\n|switch|p1a: Crawdaunt|Crawdaunt, L84, F|243/243\n|switch|p2a: Regieleki|Regieleki, L79|256/256\n|turn|1\n|inactive|Battle timer is ON: inactive players will automatically lose when time's up. (requested by yungjayfox)\n|\n|t:|1781445723\n|switch|p1a: Landorus|Landorus, L75, M|257/257\n|move|p2a: Regieleki|Volt Switch|p1a: Landorus\n|-immune|p1a: Landorus\n|\n|upkeep\n|turn|2\n|\n|t:|1781445740\n|switch|p2a: Tropius|Tropius, L91, F|328/328\n|move|p1a: Landorus|Sludge Wave|p2a: Tropius\n|-supereffective|p2a: Tropius\n|-damage|p2a: Tropius|143/328\n|-enditem|p2a: Tropius|Sitrus Berry|[eat]\n|-heal|p2a: Tropius|225/328|[from] item: Sitrus Berry\n|\n|upkeep\n|turn|3\n|\n|t:|1781445752\n|move|p1a: Landorus|Sludge Wave|p2a: Tropius\n|-supereffective|p2a: Tropius\n|-damage|p2a: Tropius|12/328\n|move|p2a: Tropius|Dragon Dance|p2a: Tropius\n|-boost|p2a: Tropius|atk|1\n|-boost|p2a: Tropius|spe|1\n|\n|-item|p2a: Tropius|Sitrus Berry|[from] ability: Harvest\n|upkeep\n|-enditem|p2a: Tropius|Sitrus Berry|[eat]\n|-heal|p2a: Tropius|94/328|[from] item: Sitrus Berry\n|turn|4\n|\n|t:|1781445764\n|move|p2a: Tropius|Leaf Blade|p1a: Landorus\n|-damage|p1a: Landorus|118/257\n|move|p1a: Landorus|Sludge Wave|p2a: Tropius\n|-supereffective|p2a: Tropius\n|-damage|p2a: Tropius|0 fnt\n|faint|p2a: Tropius\n|\n|upkeep\n|\n|t:|1781445778\n|switch|p2a: Honchkrow|Honchkrow, L86, M|312/312\n|turn|5\n|\n|t:|1781445800\n|move|p1a: Landorus|Rock Slide|p2a: Honchkrow\n|-supereffective|p2a: Honchkrow\n|-damage|p2a: Honchkrow|55/312\n|move|p2a: Honchkrow|Brave Bird|p1a: Landorus\n|-crit|p1a: Landorus\n|-damage|p1a: Landorus|0 fnt\n|faint|p1a: Landorus\n|-ability|p2a: Honchkrow|Moxie|boost\n|-boost|p2a: Honchkrow|atk|1\n|-damage|p2a: Honchkrow|16/312|[from] Recoil\n|\n|upkeep\n|\n|t:|1781445815\n|switch|p1a: Crawdaunt|Crawdaunt, L84, F|243/243\n|turn|6\n|\n|t:|1781445823\n|move|p1a: Crawdaunt|Aqua Jet|p2a: Honchkrow\n|-damage|p2a: Honchkrow|0 fnt\n|faint|p2a: Honchkrow\n|-damage|p1a: Crawdaunt|219/243|[from] item: Life Orb\n|\n|upkeep\n|\n|t:|1781445827\n|switch|p2a: Regieleki|Regieleki, L79|256/256\n|turn|7\n|\n|t:|1781445831\n|switch|p1a: Sandy Shocks|Sandy Shocks, L80|267/267\n|move|p2a: Regieleki|Thunderbolt|p1a: Sandy Shocks\n|-immune|p1a: Sandy Shocks\n|\n|upkeep\n|turn|8\n|c|\u2606zofrbgbor|please stop with the ground type\n|\n|t:|1781445846\n|switch|p2a: Scovillain|Scovillain, L91, M|266/266\n|move|p1a: Sandy Shocks|Stealth Rock|p2a: Scovillain\n|-sidestart|p2: zofrbgbor|move: Stealth Rock\n|\n|upkeep\n|turn|9\n|\n|t:|1781445853\n|-end|p1a: Sandy Shocks|Protosynthesis|[silent]\n|switch|p1a: Girafarig|Girafarig, L89, F|269/269\n|move|p2a: Scovillain|Leech Seed|p1a: Girafarig\n|-ability|p1a: Girafarig|Sap Sipper|boost\n|-boost|p1a: Girafarig|atk|1\n|\n|upkeep\n|turn|10\n|\n|t:|1781445865\n|move|p1a: Girafarig|Nasty Plot|p1a: Girafarig\n|-boost|p1a: Girafarig|spa|2\n|move|p2a: Scovillain|Flamethrower|p1a: Girafarig\n|-damage|p1a: Girafarig|167/269\n|\n|upkeep\n|turn|11\n|\n|t:|1781445874\n|move|p1a: Girafarig|Psychic|p2a: Scovillain\n|-damage|p2a: Scovillain|49/266\n|move|p2a: Scovillain|Flamethrower|p1a: Girafarig\n|-crit|p1a: Girafarig\n|-damage|p1a: Girafarig|13/269\n|\n|-heal|p2a: Scovillain|65/266|[from] item: Leftovers\n|upkeep\n|turn|12\n|\n|t:|1781445882\n|move|p1a: Girafarig|Psychic|p2a: Scovillain\n|-damage|p2a: Scovillain|0 fnt\n|faint|p2a: Scovillain\n|\n|upkeep\n|\n|t:|1781445886\n|switch|p2a: Regieleki|Regieleki, L79|256/256\n|-damage|p2a: Regieleki|224/256|[from] Stealth Rock\n|turn|13\n|\n|t:|1781445896\n|switch|p1a: Sandy Shocks|Sandy Shocks, L80|267/267\n|move|p2a: Regieleki|Rapid Spin|p1a: Sandy Shocks\n|-crit|p1a: Sandy Shocks\n|-damage|p1a: Sandy Shocks|221/267\n|-boost|p2a: Regieleki|spe|1\n|-sideend|p2: zofrbgbor|Stealth Rock|[from] move: Rapid Spin|[of] p2a: Regieleki\n|\n|-heal|p1a: Sandy Shocks|237/267|[from] item: Leftovers\n|upkeep\n|turn|14\n|\n|t:|1781445909\n|switch|p2a: Blastoise|Blastoise, L80, F|258/258\n|move|p1a: Sandy Shocks|Earth Power|p2a: Blastoise\n|-damage|p2a: Blastoise|164/258\n|\n|-heal|p1a: Sandy Shocks|253/267|[from] item: Leftovers\n|upkeep\n|turn|15\n|\n|t:|1781445916\n|-terastallize|p2a: Blastoise|Electric\n|move|p1a: Sandy Shocks|Thunderbolt|p2a: Blastoise\n|-resisted|p2a: Blastoise\n|-damage|p2a: Blastoise|119/258\n|move|p2a: Blastoise|Shell Smash|p2a: Blastoise\n|-unboost|p2a: Blastoise|def|1\n|-unboost|p2a: Blastoise|spd|1\n|-boost|p2a: Blastoise|atk|2\n|-boost|p2a: Blastoise|spa|2\n|-boost|p2a: Blastoise|spe|2\n|-enditem|p2a: Blastoise|White Herb\n|-clearnegativeboost|p2a: Blastoise|[silent]\n|\n|-heal|p1a: Sandy Shocks|267/267|[from] item: Leftovers\n|upkeep\n|turn|16\n|\n|t:|1781445931\n|move|p2a: Blastoise|Hydro Pump|p1a: Sandy Shocks|[miss]\n|-miss|p2a: Blastoise|p1a: Sandy Shocks\n|move|p1a: Sandy Shocks|Earth Power|p2a: Blastoise\n|-supereffective|p2a: Blastoise\n|-damage|p2a: Blastoise|0 fnt\n|faint|p2a: Blastoise\n|\n|upkeep\n|\n|t:|1781445936\n|switch|p2a: Heracross|Heracross, L80, F|259/259\n|turn|17\n|\n|t:|1781445942\n|move|p1a: Sandy Shocks|Thunderbolt|p2a: Heracross\n|-crit|p2a: Heracross\n|-damage|p2a: Heracross|99/259\n|move|p2a: Heracross|Trailblaze|p1a: Sandy Shocks\n|-supereffective|p1a: Sandy Shocks\n|-damage|p1a: Sandy Shocks|181/267\n|-boost|p2a: Heracross|spe|1\n|\n|-heal|p1a: Sandy Shocks|197/267|[from] item: Leftovers\n|-status|p2a: Heracross|brn|[from] item: Flame Orb\n|upkeep\n|turn|18\n|\n|t:|1781445956\n|move|p2a: Heracross|Facade|p1a: Sandy Shocks\n|-damage|p1a: Sandy Shocks|44/267\n|move|p1a: Sandy Shocks|Thunderbolt|p2a: Heracross\n|-damage|p2a: Heracross|0 fnt\n|faint|p2a: Heracross\n|\n|-heal|p1a: Sandy Shocks|60/267|[from] item: Leftovers\n|upkeep\n|\n|t:|1781445960\n|switch|p2a: Regieleki|Regieleki, L79|224/256\n|turn|19\n|\n|t:|1781445964\n|move|p2a: Regieleki|Explosion|p1a: Sandy Shocks\n|-damage|p1a: Sandy Shocks|0 fnt\n|faint|p2a: Regieleki\n|faint|p1a: Sandy Shocks\n|-end|p1a: Sandy Shocks|Protosynthesis|[silent]\n|\n|win|yungjayfox\n|raw|yungjayfox's rating: 1327 &rarr; <strong>1347</strong><br />(+20 for winning)\n|raw|zofrbgbor's rating: 1327 &rarr; <strong>1307</strong><br />(-20 for losing)\n|l|\u2606zofrbgbor\n|player|p2|\n", "uploadtime": 1781445970, "views": 2, "formatid": "gen9randombattle", "rating": 1307, "private": 0, "password": null}