{"id": "gen9randombattle-2631848255", "format": "[Gen 9] Random Battle", "players": ["FantasyWind", "kleneo"], "log": "|j|\u203dFantasyWind\n|j|\u2606kleneo\n|t:|1781447755\n|gametype|singles\n|player|p1|FantasyWind|rosa|1928\n|player|p2|kleneo|swimmerf-gen4dp|1920\n|gen|9\n|tier|[Gen 9] Random Battle\n|rated|\n|rule|Species Clause: Limit one of each Pok\u00e9mon\n|rule|HP Percentage Mod: HP is shown in percentages\n|rule|Sleep Clause Mod: Limit one foe put to sleep\n|rule|Illusion Level Mod: Illusion disguises the Pok\u00e9mon's true level\n|\n|t:|1781447755\n|teamsize|p1|6\n|teamsize|p2|6\n|start\n|switch|p1a: Zapdos|Zapdos, L78|268/268\n|switch|p2a: Thundurus|Thundurus, L80, M|258/258\n|turn|1\n|inactive|Battle timer is ON: inactive players will automatically lose when time's up. (requested by FantasyWind)\n|\n|t:|1781447771\n|move|p2a: Thundurus|Thunderbolt|p1a: Zapdos\n|-damage|p1a: Zapdos|154/268\n|move|p1a: Zapdos|Thunderbolt|p2a: Thundurus\n|-damage|p2a: Thundurus|152/258\n|\n|upkeep\n|turn|2\n|\n|t:|1781447783\n|switch|p2a: Jolteon|Jolteon, L84, M|246/246\n|move|p1a: Zapdos|Thunderbolt|p2a: Jolteon\n|-immune|p2a: Jolteon|[from] ability: Volt Absorb\n|\n|upkeep\n|turn|3\n|\n|t:|1781447788\n|move|p2a: Jolteon|Calm Mind|p2a: Jolteon\n|-boost|p2a: Jolteon|spa|1\n|-boost|p2a: Jolteon|spd|1\n|move|p1a: Zapdos|U-turn|p2a: Jolteon\n|-damage|p2a: Jolteon|192/246\n|\n|t:|1781447797\n|switch|p1a: Lurantis|Lurantis, L87, F|264/264|[from] U-turn\n|\n|upkeep\n|turn|4\n|\n|t:|1781447807\n|switch|p2a: Skeledirge|Skeledirge, L79, F|294/294\n|move|p1a: Lurantis|Superpower|p2a: Skeledirge\n|-immune|p2a: Skeledirge\n|\n|upkeep\n|turn|5\n|\n|t:|1781447819\n|switch|p1a: Luvdisc|Luvdisc, F|247/247\n|move|p2a: Skeledirge|Flame Charge|p1a: Luvdisc\n|-resisted|p1a: Luvdisc\n|-damage|p1a: Luvdisc|223/247\n|-boost|p2a: Skeledirge|spe|1\n|\n|upkeep\n|turn|6\n|\n|t:|1781447834\n|switch|p2a: Suicune|Suicune, L82|298/298\n|-ability|p2a: Suicune|Pressure\n|move|p1a: Luvdisc|Whirlpool|p2a: Suicune\n|-resisted|p2a: Suicune\n|-damage|p2a: Suicune|286/298\n|-activate|p2a: Suicune|move: Whirlpool|[of] p1a: Luvdisc\n|\n|-heal|p2a: Suicune|298/298|[from] item: Leftovers\n|-damage|p2a: Suicune|261/298|[from] move: Whirlpool|[partiallytrapped]\n|upkeep\n|turn|7\n|l|\u203dFantasyWind\n|inactive|FantasyWind disconnected and has a minute to reconnect!\n|player|p1|\n|j|\u203dFantasyWind\n|inactive|FantasyWind reconnected and has 135 seconds left.\n|player|p1|FantasyWind|rosa|\n|n|\u203dFantasyWind|fantasywind\n|\n|t:|1781447858\n|move|p1a: Luvdisc|Substitute|p1a: Luvdisc\n|-start|p1a: Luvdisc|Substitute\n|-damage|p1a: Luvdisc|162/247\n|move|p2a: Suicune|Calm Mind|p2a: Suicune\n|-boost|p2a: Suicune|spa|1\n|-boost|p2a: Suicune|spd|1\n|\n|-heal|p2a: Suicune|279/298|[from] item: Leftovers\n|-damage|p2a: Suicune|242/298|[from] move: Whirlpool|[partiallytrapped]\n|upkeep\n|turn|8\n|\n|t:|1781447864\n|move|p1a: Luvdisc|Endeavor|p2a: Suicune\n|-damage|p2a: Suicune|162/298\n|move|p2a: Suicune|Calm Mind|p2a: Suicune\n|-boost|p2a: Suicune|spa|1\n|-boost|p2a: Suicune|spd|1\n|\n|-heal|p2a: Suicune|180/298|[from] item: Leftovers\n|-damage|p2a: Suicune|143/298|[from] move: Whirlpool|[partiallytrapped]\n|upkeep\n|turn|9\n|\n|t:|1781447869\n|move|p1a: Luvdisc|Surf|p2a: Suicune\n|-resisted|p2a: Suicune\n|-damage|p2a: Suicune|127/298\n|move|p2a: Suicune|Calm Mind|p2a: Suicune\n|-boost|p2a: Suicune|spa|1\n|-boost|p2a: Suicune|spd|1\n|\n|-heal|p2a: Suicune|145/298|[from] item: Leftovers\n|-damage|p2a: Suicune|108/298|[from] move: Whirlpool|[partiallytrapped]\n|upkeep\n|turn|10\n|\n|t:|1781447879\n|move|p1a: Luvdisc|Surf|p2a: Suicune\n|-resisted|p2a: Suicune\n|-damage|p2a: Suicune|96/298\n|move|p2a: Suicune|Rest|p2a: Suicune\n|-status|p2a: Suicune|slp|[from] move: Rest\n|-heal|p2a: Suicune|298/298 slp|[silent]\n|\n|-end|p2a: Suicune|Whirlpool|[partiallytrapped]\n|upkeep\n|turn|11\n|\n|t:|1781447894\n|switch|p1a: Lurantis|Lurantis, L87, F|264/264\n|cant|p2a: Suicune|slp\n|move|p2a: Suicune|Sleep Talk|p2a: Suicune\n|move|p2a: Suicune|Calm Mind|p2a: Suicune|[from] move: Sleep Talk\n|-boost|p2a: Suicune|spa|1\n|-boost|p2a: Suicune|spd|1\n|\n|upkeep\n|turn|12\n|\n|t:|1781447899\n|cant|p2a: Suicune|slp\n|move|p2a: Suicune|Sleep Talk|p2a: Suicune\n|move|p2a: Suicune|Rest||[from] move: Sleep Talk|[still]\n|-fail|p2a: Suicune\n|move|p1a: Lurantis|Leaf Storm|p2a: Suicune\n|-supereffective|p2a: Suicune\n|-damage|p2a: Suicune|230/298 slp\n|-boost|p1a: Lurantis|spa|2\n|\n|-heal|p2a: Suicune|248/298 slp|[from] item: Leftovers\n|upkeep\n|turn|13\n|l|\u203dFantasyWind\n|inactive|FantasyWind disconnected and has a minute to reconnect!\n|player|p1|\n|\n|t:|1781447916\n|-curestatus|p2a: Suicune|slp|[msg]\n|move|p2a: Suicune|Scald|p1a: Lurantis\n|-resisted|p1a: Lurantis\n|-damage|p1a: Lurantis|164/264\n|-status|p1a: Lurantis|brn\n|move|p1a: Lurantis|Leaf Storm|p2a: Suicune\n|-supereffective|p2a: Suicune\n|-damage|p2a: Suicune|114/298\n|-boost|p1a: Lurantis|spa|2\n|\n|-heal|p2a: Suicune|132/298|[from] item: Leftovers\n|-heal|p1a: Lurantis|180/264 brn|[from] item: Leftovers\n|-damage|p1a: Lurantis|164/264 brn|[from] brn\n|upkeep\n|turn|14\n|j|\u203dFantasyWind\n|inactive|FantasyWind reconnected and has 145 seconds left.\n|player|p1|FantasyWind|rosa|\n|n|\u203dFantasyWind|fantasywind\n|\n|t:|1781447927\n|switch|p2a: Skeledirge|Skeledirge, L79, F|294/294\n|move|p1a: Lurantis|Leaf Storm|p2a: Skeledirge\n|-resisted|p2a: Skeledirge\n|-damage|p2a: Skeledirge|224/294\n|-boost|p1a: Lurantis|spa|2\n|\n|-heal|p1a: Lurantis|180/264 brn|[from] item: Leftovers\n|-damage|p1a: Lurantis|164/264 brn|[from] brn\n|upkeep\n|turn|15\n|\n|t:|1781447940\n|switch|p1a: Luvdisc|Luvdisc, F|162/247\n|move|p2a: Skeledirge|Torch Song|p1a: Luvdisc\n|-resisted|p1a: Luvdisc\n|-damage|p1a: Luvdisc|123/247\n|-boost|p2a: Skeledirge|spa|1\n|\n|upkeep\n|turn|16\n|\n|t:|1781447946\n|move|p1a: Luvdisc|Surf|p2a: Skeledirge\n|-supereffective|p2a: Skeledirge\n|-damage|p2a: Skeledirge|48/294\n|move|p2a: Skeledirge|Shadow Ball|p1a: Luvdisc\n|-crit|p1a: Luvdisc\n|-damage|p1a: Luvdisc|0 fnt\n|faint|p1a: Luvdisc\n|\n|upkeep\n|\n|t:|1781447953\n|switch|p1a: Zapdos|Zapdos, L78|154/268\n|turn|17\n|\n|t:|1781447961\n|switch|p2a: Vileplume|Vileplume, L85, F|266/266\n|move|p1a: Zapdos|Hurricane|p2a: Vileplume|[miss]\n|-miss|p1a: Zapdos|p2a: Vileplume\n|\n|upkeep\n|turn|18\n|\n|t:|1781447973\n|switch|p2a: Thundurus|Thundurus, L80, M|152/258\n|move|p1a: Zapdos|Hurricane|p2a: Thundurus|[miss]\n|-miss|p1a: Zapdos|p2a: Thundurus\n|\n|upkeep\n|turn|19\n|-message|FantasyWind forfeited.\n|\n|win|kleneo\n", "uploadtime": 1781447757, "views": 5, "formatid": "gen9randombattle", "rating": null, "private": 0, "password": null}