{"id": "gen9randombattle-2631910726", "format": "[Gen 9] Random Battle", "players": ["trevorstmcgoodbody", "Pokeoke"], "log": "|j|\u2606trevorstmcgoodbody\n|j|\u2606Pokeoke\n|t:|1781454706\n|gametype|singles\n|player|p1|trevorstmcgoodbody|265|2050\n|player|p2|Pokeoke|169|2009\n|gen|9\n|tier|[Gen 9] Random Battle\n|rated|\n|rule|Species Clause: Limit one of each Pok\u00e9mon\n|rule|HP Percentage Mod: HP is shown in percentages\n|rule|Sleep Clause Mod: Limit one foe put to sleep\n|rule|Illusion Level Mod: Illusion disguises the Pok\u00e9mon's true level\n|\n|t:|1781454706\n|teamsize|p1|6\n|teamsize|p2|6\n|start\n|switch|p1a: Landorus|Landorus-Therian, L76, M|260/260\n|switch|p2a: Okidogi|Okidogi, L77, M|262/262\n|-ability|p1a: Landorus|Intimidate|boost\n|-unboost|p2a: Okidogi|atk|1\n|turn|1\n|inactive|Battle timer is ON: inactive players will automatically lose when time's up. (requested by trevorstmcgoodbody)\n|\n|t:|1781454716\n|switch|p2a: Brambleghast|Brambleghast, L88, M|240/240\n|move|p1a: Landorus|Earthquake|p2a: Brambleghast\n|-resisted|p2a: Brambleghast\n|-damage|p2a: Brambleghast|177/240\n|\n|upkeep\n|turn|2\n|\n|t:|1781454723\n|move|p2a: Brambleghast|Poltergeist|p1a: Landorus\n|-activate|p1a: Landorus|move: Poltergeist|Leftovers\n|-damage|p1a: Landorus|104/260\n|move|p1a: Landorus|U-turn|p2a: Brambleghast\n|-damage|p2a: Brambleghast|113/240\n|\n|t:|1781454733\n|switch|p1a: Gogoat|Gogoat, L88, F|360/360|[from] U-turn\n|\n|upkeep\n|turn|3\n|\n|t:|1781454749\n|move|p2a: Brambleghast|Poltergeist|p1a: Gogoat\n|-activate|p1a: Gogoat|move: Poltergeist|Leftovers\n|-damage|p1a: Gogoat|164/360\n|move|p1a: Gogoat|Rock Slide|p2a: Brambleghast\n|-damage|p2a: Brambleghast|49/240\n|\n|-heal|p1a: Gogoat|186/360|[from] item: Leftovers\n|upkeep\n|turn|4\n|\n|t:|1781454760\n|switch|p2a: Okidogi|Okidogi, L77, M|262/262\n|move|p1a: Gogoat|Rock Slide|p2a: Okidogi\n|-resisted|p2a: Okidogi\n|-damage|p2a: Okidogi|238/262\n|\n|-heal|p1a: Gogoat|208/360|[from] item: Leftovers\n|-heal|p2a: Okidogi|254/262|[from] item: Leftovers\n|upkeep\n|turn|5\n|\n|t:|1781454768\n|switch|p1a: Landorus|Landorus-Therian, L76, M|104/260\n|-ability|p1a: Landorus|Intimidate|boost\n|-unboost|p2a: Okidogi|atk|1\n|move|p2a: Okidogi|Knock Off|p1a: Landorus\n|-damage|p1a: Landorus|49/260\n|-enditem|p1a: Landorus|Leftovers|[from] move: Knock Off|[of] p2a: Okidogi\n|\n|-heal|p2a: Okidogi|262/262|[from] item: Leftovers\n|upkeep\n|turn|6\n|\n|t:|1781454777\n|switch|p2a: Brambleghast|Brambleghast, L88, M|49/240\n|move|p1a: Landorus|Earthquake|p2a: Brambleghast\n|-resisted|p2a: Brambleghast\n|-damage|p2a: Brambleghast|0 fnt\n|faint|p2a: Brambleghast\n|\n|upkeep\n|\n|t:|1781454781\n|switch|p2a: Gogoat|Gogoat, L88, M|360/360\n|turn|7\n|\n|t:|1781454790\n|move|p1a: Landorus|Taunt|p2a: Gogoat\n|-start|p2a: Gogoat|move: Taunt\n|cant|p2a: Gogoat|move: Taunt|Milk Drink\n|\n|upkeep\n|turn|8\n|\n|t:|1781454801\n|switch|p2a: Okidogi|Okidogi, L77, M|262/262\n|move|p1a: Landorus|U-turn|p2a: Okidogi\n|-resisted|p2a: Okidogi\n|-damage|p2a: Okidogi|249/262\n|\n|t:|1781454809\n|switch|p1a: Electivire|Electivire, L84, F|263/263|[from] U-turn\n|\n|-heal|p2a: Okidogi|262/262|[from] item: Leftovers\n|upkeep\n|turn|9\n|\n|t:|1781454819\n|move|p1a: Electivire|Ice Punch|p2a: Okidogi\n|-damage|p2a: Okidogi|176/262\n|-status|p2a: Okidogi|frz\n|-curestatus|p2a: Okidogi|frz|[msg]\n|move|p2a: Okidogi|Drain Punch|p1a: Electivire\n|-damage|p1a: Electivire|154/263\n|-heal|p2a: Okidogi|231/262|[from] drain|[of] p1a: Electivire\n|\n|-heal|p2a: Okidogi|247/262|[from] item: Leftovers\n|upkeep\n|turn|10\n|\n|t:|1781454832\n|switch|p1a: Landorus|Landorus-Therian, L76, M|49/260\n|-ability|p1a: Landorus|Intimidate|boost\n|-unboost|p2a: Okidogi|atk|1\n|move|p2a: Okidogi|Drain Punch|p1a: Landorus\n|-resisted|p1a: Landorus\n|-damage|p1a: Landorus|17/260\n|-heal|p2a: Okidogi|262/262|[from] drain|[of] p1a: Landorus\n|\n|upkeep\n|turn|11\n|\n|t:|1781454840\n|switch|p2a: Garchomp|Garchomp, L74, F|282/282\n|move|p1a: Landorus|Earthquake|p2a: Garchomp\n|-damage|p2a: Garchomp|153/282\n|\n|upkeep\n|turn|12\n|\n|t:|1781454845\n|move|p2a: Garchomp|Spikes|p1a: Landorus\n|-sidestart|p1: trevorstmcgoodbody|Spikes\n|move|p1a: Landorus|Earthquake|p2a: Garchomp\n|-damage|p2a: Garchomp|35/282\n|\n|upkeep\n|turn|13\n|\n|t:|1781454851\n|move|p2a: Garchomp|Outrage|p1a: Landorus\n|-damage|p1a: Landorus|0 fnt\n|faint|p1a: Landorus\n|\n|upkeep\n|\n|t:|1781454854\n|switch|p1a: Klefki|Klefki, L84, F|233/233\n|-damage|p1a: Klefki|204/233|[from] Spikes\n|turn|14\n|\n|t:|1781454860\n|move|p2a: Garchomp|Outrage|p1a: Klefki|[from] lockedmove\n|-immune|p1a: Klefki\n|-start|p2a: Garchomp|confusion|[fatigue]\n|move|p1a: Klefki|Dazzling Gleam|p2a: Garchomp\n|-supereffective|p2a: Garchomp\n|-damage|p2a: Garchomp|0 fnt\n|faint|p2a: Garchomp\n|\n|-heal|p1a: Klefki|218/233|[from] item: Leftovers\n|upkeep\n|\n|t:|1781454864\n|switch|p2a: Perrserker|Perrserker, L89, M|269/269\n|turn|15\n|\n|t:|1781454875\n|switch|p1a: Gogoat|Gogoat, L88, F|208/360\n|-damage|p1a: Gogoat|163/360|[from] Spikes\n|move|p2a: Perrserker|Iron Head|p1a: Gogoat\n|-damage|p1a: Gogoat|0 fnt\n|faint|p1a: Gogoat\n|\n|upkeep\n|\n|t:|1781454882\n|switch|p1a: Samurott|Samurott, L88, M|310/310\n|-damage|p1a: Samurott|272/310|[from] Spikes\n|turn|16\n|\n|t:|1781454892\n|switch|p2a: Gogoat|Gogoat, L88, M|360/360\n|move|p1a: Samurott|Swords Dance|p1a: Samurott\n|-boost|p1a: Samurott|atk|2\n|\n|upkeep\n|turn|17\n|\n|t:|1781454894\n|move|p1a: Samurott|Megahorn|p2a: Gogoat\n|-supereffective|p2a: Gogoat\n|-damage|p2a: Gogoat|0 fnt\n|faint|p2a: Gogoat\n|-damage|p1a: Samurott|241/310|[from] item: Life Orb\n|\n|upkeep\n|\n|t:|1781454897\n|switch|p2a: Ampharos|Ampharos, L88, M|302/302\n|turn|18\n|\n|t:|1781454902\n|switch|p1a: Electivire|Electivire, L84, F|154/263\n|-damage|p1a: Electivire|122/263|[from] Spikes\n|move|p2a: Ampharos|Volt Switch|p1a: Electivire\n|-ability|p1a: Electivire|Motor Drive|boost\n|-boost|p1a: Electivire|spe|1\n|\n|upkeep\n|turn|19\n|l|\u2606Pokeoke\n|inactive|Pokeoke disconnected and has a minute to reconnect!\n|player|p2|\n|j|\u2606Pokeoke\n|inactive|Pokeoke reconnected and has 130 seconds left.\n|player|p2|Pokeoke|169|\n|\n|t:|1781454929\n|move|p1a: Electivire|Earthquake|p2a: Ampharos\n|-supereffective|p2a: Ampharos\n|-damage|p2a: Ampharos|54/302\n|move|p2a: Ampharos|Dazzling Gleam|p1a: Electivire\n|-damage|p1a: Electivire|54/263\n|\n|upkeep\n|turn|20\n|\n|t:|1781454932\n|move|p1a: Electivire|Earthquake|p2a: Ampharos\n|-supereffective|p2a: Ampharos\n|-damage|p2a: Ampharos|0 fnt\n|faint|p2a: Ampharos\n|\n|upkeep\n|\n|t:|1781454937\n|switch|p2a: Okidogi|Okidogi, L77, M|262/262\n|turn|21\n|\n|t:|1781454941\n|move|p1a: Electivire|Earthquake|p2a: Okidogi\n|-supereffective|p2a: Okidogi\n|-damage|p2a: Okidogi|18/262\n|move|p2a: Okidogi|Drain Punch|p1a: Electivire\n|-damage|p1a: Electivire|0 fnt\n|-heal|p2a: Okidogi|45/262|[from] drain|[of] p1a: Electivire\n|faint|p1a: Electivire\n|\n|-heal|p2a: Okidogi|61/262|[from] item: Leftovers\n|upkeep\n|\n|t:|1781454948\n|switch|p1a: Samurott|Samurott, L88, M|241/310\n|-damage|p1a: Samurott|203/310|[from] Spikes\n|turn|22\n|l|\u2606Pokeoke\n|inactive|Pokeoke disconnected and has a minute to reconnect!\n|player|p2|\n|inactive|Pokeoke has 30 seconds to reconnect!\n|inactive|Pokeoke has 20 seconds to reconnect!\n|inactive|Pokeoke has 15 seconds to reconnect!\n|inactive|Pokeoke has 10 seconds to reconnect!\n|inactive|Pokeoke has 5 seconds to reconnect!\n|-message|Pokeoke lost due to inactivity.\n|\n|win|trevorstmcgoodbody\n", "uploadtime": 1781454708, "views": 3, "formatid": "gen9randombattle", "rating": null, "private": 0, "password": null}